|join|Wooliest Mammoth
|join|Teapotsalty
|player|p1|Wooliest Mammoth|101
|player|p2|Teapotsalty|165
|gametype|singles
|gen|6
|tier|OU
|rated
|clearpoke
|poke|p1|Alakazam, M
|poke|p1|Tyranitar, M
|poke|p1|Excadrill, M
|poke|p1|Azumarill, F
|poke|p1|Mamoswine, F
|poke|p1|Gengar, F
|poke|p2|Gyarados, M
|poke|p2|Talonflame, F
|poke|p2|Latias, F
|poke|p2|Umbreon, F
|poke|p2|Ferrothorn, M
|poke|p2|Greninja, F
|rule|Swagger Clause: Swagger is banned
|rule|Baton Pass Clause: Limit one PokÃ©mon knowing Baton Pass
|rule|Sleep Clause Mod: Limit one foe put to sleep
|rule|Species Clause: Limit one of each PokÃ©mon
|rule|OHKO Clause: OHKO moves are banned
|rule|Moody Clause: Moody is banned
|rule|Evasion Moves Clause: Evasion moves are banned
|rule|Endless Battle Clause: Forcing endless battles is banned
|rule|HP Percentage Mod: HP is shown in percentages
|teampreview
|
|start
|switch|p1a: Mamoswine|Mamoswine, F|361\/361
|switch|p2a: Greninja|Greninja, F|286\/286
|turn|1
|
|switch|p2a: Ferrothorn|Ferrothorn, M|352\/352
|move|p1a: Mamoswine|Earthquake|p2a: Ferrothorn
|-crit|p2a: Ferrothorn
|-damage|p2a: Ferrothorn|189\/352
|
|turn|2
|
|move|p1a: Mamoswine|Stealth Rock|p2a: Ferrothorn
|-sidestart|p2: Teapotsalty|move: Stealth Rock
|move|p2a: Ferrothorn|Leech Seed|p1a: Mamoswine
|-start|p1a: Mamoswine|move: Leech Seed
|
|-damage|p1a: Mamoswine|316\/361|[from] Leech Seed|[of] p2a: Ferrothorn
|-heal|p2a: Ferrothorn|234\/352|[silent]
|turn|3
|
|move|p1a: Mamoswine|Earthquake|p2a: Ferrothorn
|-damage|p2a: Ferrothorn|119\/352
|move|p2a: Ferrothorn|Stealth Rock|p1a: Mamoswine
|-sidestart|p1: Wooliest Mammoth|move: Stealth Rock
|
|-damage|p1a: Mamoswine|271\/361|[from] Leech Seed|[of] p2a: Ferrothorn
|-heal|p2a: Ferrothorn|164\/352|[silent]
|turn|4
|
|move|p2a: Ferrothorn|Protect|p2a: Ferrothorn
|-singleturn|p2a: Ferrothorn|Protect
|move|p1a: Mamoswine|Earthquake|p2a: Ferrothorn
|-activate|p2a: Ferrothorn|Protect
|
|-damage|p1a: Mamoswine|226\/361|[from] Leech Seed|[of] p2a: Ferrothorn
|-heal|p2a: Ferrothorn|209\/352|[silent]
|turn|5
|
|move|p1a: Mamoswine|Earthquake|p2a: Ferrothorn
|-damage|p2a: Ferrothorn|97\/352
|move|p2a: Ferrothorn|Gyro Ball|p1a: Mamoswine
|-supereffective|p1a: Mamoswine
|-damage|p1a: Mamoswine|0 fnt
|faint|p1a: Mamoswine
|
|
|switch|p1a: Alakazam|Alakazam, M|259\/259
|turn|6
|
|switch|p2a: Umbreon|Umbreon, F|394\/394
|-damage|p2a: Umbreon|345\/394|[from] Stealth Rock
|detailschange|p1a: Alakazam|Alakazam-Mega, M
|message|Alakazam has Mega Evolved into Mega Alakazam!
|-ability|p1a: Alakazam|Synchronize|[from] ability: Trace|[of] p2a: Umbreon
|move|p1a: Alakazam|Substitute|p1a: Alakazam
|-start|p1a: Alakazam|Substitute
|-damage|p1a: Alakazam|195\/259
|
|-heal|p2a: Umbreon|369\/394|[from] item: Leftovers
|turn|7
|
|move|p1a: Alakazam|Focus Blast|p2a: Umbreon
|-supereffective|p2a: Umbreon
|-damage|p2a: Umbreon|147\/394
|move|p2a: Umbreon|Wish|p2a: Umbreon
|
|-heal|p2a: Umbreon|171\/394|[from] item: Leftovers
|turn|8
|
|switch|p2a: Latias|Latias, F|364\/364
|-damage|p2a: Latias|319\/364|[from] Stealth Rock
|move|p1a: Alakazam|Focus Blast|p2a: Latias|[miss]
|-miss|p1a: Alakazam|p2a: Latias
|
|-heal|p2a: Latias|364\/364|[from] move: Wish|[wisher] Umbreon
|turn|9
|
|move|p1a: Alakazam|Shadow Ball|p2a: Latias
|-supereffective|p2a: Latias
|-damage|p2a: Latias|166\/364
|move|p2a: Latias|Psyshock|p1a: Alakazam
|-resisted|p1a: Alakazam
|-end|p1a: Alakazam|Substitute
|
|-heal|p2a: Latias|188\/364|[from] item: Leftovers
|turn|10
|
|move|p1a: Alakazam|Shadow Ball|p2a: Latias
|-supereffective|p2a: Latias
|-damage|p2a: Latias|0 fnt
|faint|p2a: Latias
|
|
|switch|p2a: Scared Mouse|Talonflame, F|335\/335
|-damage|p2a: Scared Mouse|168\/335|[from] Stealth Rock
|turn|11
|
|switch|p1a: Tyranitar|Tyranitar, M|341\/341
|-damage|p1a: Tyranitar|299\/341|[from] Stealth Rock
|-weather|Sandstorm
|move|p2a: Scared Mouse|Roost|p2a: Scared Mouse
|-heal|p2a: Scared Mouse|335\/335
|
|-weather|Sandstorm|[upkeep]
|-damage|p2a: Scared Mouse|315\/335|[from] sandstorm
|turn|12
|
|move|p1a: Tyranitar|Stone Edge|p2a: Scared Mouse
|-supereffective|p2a: Scared Mouse
|-damage|p2a: Scared Mouse|0 fnt
|faint|p2a: Scared Mouse
|
|-weather|Sandstorm|[upkeep]
|
|switch|p2a: Greninja|Greninja, F|286\/286
|-damage|p2a: Greninja|251\/286|[from] Stealth Rock
|turn|13
|
|move|p2a: Greninja|Grass Knot|p1a: Tyranitar
|-start|p2a: Greninja|typechange|Grass|[from] Protean
|-supereffective|p1a: Tyranitar
|-damage|p1a: Tyranitar|0 fnt
|-damage|p2a: Greninja|223\/286|[from] item: Life Orb
|faint|p1a: Tyranitar
|
|-weather|Sandstorm|[upkeep]
|-damage|p2a: Greninja|206\/286|[from] sandstorm
|
|switch|p1a: Excadrill|Excadrill, M|361\/361
|-damage|p1a: Excadrill|350\/361|[from] Stealth Rock
|-item|p1a: Excadrill|Air Balloon
|turn|14
|
|switch|p2a: Ferrothorn|Ferrothorn, M|97\/352
|-damage|p2a: Ferrothorn|75\/352|[from] Stealth Rock
|move|p1a: Excadrill|Iron Head|p2a: Ferrothorn
|-resisted|p2a: Ferrothorn
|-damage|p2a: Ferrothorn|25\/352
|-damage|p1a: Excadrill|305\/361|[from] ability: Iron Barbs|[of] p2a: Ferrothorn
|-damage|p1a: Excadrill|245\/361|[from] item: Rocky Helmet|[of] p2a: Ferrothorn
|
|-weather|Sandstorm|[upkeep]
|turn|15
|
|switch|p2a: Gyarados|Gyarados, M|332\/332
|-damage|p2a: Gyarados|249\/332|[from] Stealth Rock
|move|p1a: Excadrill|Rapid Spin|p2a: Gyarados
|-damage|p2a: Gyarados|216\/332
|-sideend|p1: Wooliest Mammoth|Stealth Rock|[from] move: Rapid Spin|[of] p1a: Excadrill
|
|-weather|none
|-heal|p2a: Gyarados|236\/332|[from] item: Leftovers
|turn|16
|
|move|p1a: Excadrill|Iron Head|p2a: Gyarados
|-resisted|p2a: Gyarados
|-damage|p2a: Gyarados|132\/332
|move|p2a: Gyarados|Substitute|p2a: Gyarados
|-start|p2a: Gyarados|Substitute
|-damage|p2a: Gyarados|49\/332
|
|-heal|p2a: Gyarados|69\/332|[from] item: Leftovers
|turn|17
|
|move|p1a: Excadrill|Rock Slide|p2a: Gyarados
|-supereffective|p2a: Gyarados
|-end|p2a: Gyarados|Substitute
|move|p2a: Gyarados|Waterfall|p1a: Excadrill
|-supereffective|p1a: Excadrill
|-damage|p1a: Excadrill|0 fnt
|-enditem|p1a: Excadrill|Air Balloon
|faint|p1a: Excadrill
|-boost|p2a: Gyarados|atk|1|[from] ability: Moxie
|
|-heal|p2a: Gyarados|89\/332|[from] item: Leftovers
|
|switch|p1a: Alakazam|Alakazam-Mega, M|195\/259
|-ability|p1a: Alakazam|Moxie|[from] ability: Trace|[of] p2a: Gyarados
|turn|18
|
|switch|p2a: Umbreon|Umbreon, F|171\/394
|-damage|p2a: Umbreon|122\/394|[from] Stealth Rock
|move|p1a: Alakazam|Shadow Ball|p2a: Umbreon
|-resisted|p2a: Umbreon
|-damage|p2a: Umbreon|85\/394
|-unboost|p2a: Umbreon|spd|1
|
|-heal|p2a: Umbreon|109\/394|[from] item: Leftovers
|turn|19
|
|switch|p1a: Azumarill|Azumarill, F|345\/345
|move|p2a: Umbreon|Protect|p2a: Umbreon
|-fail|p2a: Umbreon
|
|-heal|p2a: Umbreon|133\/394|[from] item: Leftovers
|turn|20
|c|âTeapotsalty|that thing is scary 
|
|move|p1a: Azumarill|Knock Off|p2a: Umbreon
|-resisted|p2a: Umbreon
|-damage|p2a: Umbreon|66\/394
|-enditem|p2a: Umbreon|Leftovers|[from] move: Knock Off|[of] p1a: Azumarill
|move|p2a: Umbreon|Wish|p2a: Umbreon
|
|turn|21
|
|switch|p2a: Gyarados|Gyarados, M|89\/332
|-damage|p2a: Gyarados|6\/332|[from] Stealth Rock
|move|p1a: Azumarill|Waterfall|p2a: Gyarados
|-resisted|p2a: Gyarados
|-damage|p2a: Gyarados|0 fnt
|faint|p2a: Gyarados
|
|
|switch|p2a: Ferrothorn|Ferrothorn, M|25\/352
|-damage|p2a: Ferrothorn|3\/352|[from] Stealth Rock
|turn|22
|
|move|p1a: Azumarill|Knock Off|p2a: Ferrothorn
|-damage|p2a: Ferrothorn|0 fnt
|-damage|p1a: Azumarill|302\/345|[from] ability: Iron Barbs|[of] p2a: Ferrothorn
|-damage|p1a: Azumarill|245\/345|[from] item: Rocky Helmet|[of] p2a: Ferrothorn
|-enditem|p2a: Ferrothorn|Rocky Helmet|[from] move: Knock Off|[of] p1a: Azumarill
|faint|p2a: Ferrothorn
|
|
|switch|p2a: Greninja|Greninja, F|206\/286
|-damage|p2a: Greninja|171\/286|[from] Stealth Rock
|turn|23
|c|âTeapotsalty|gg
|
|move|p1a: Azumarill|Aqua Jet|p2a: Greninja
|-resisted|p2a: Greninja
|-damage|p2a: Greninja|112\/286
|move|p2a: Greninja|Grass Knot|p1a: Azumarill
|-start|p2a: Greninja|typechange|Grass|[from] Protean
|-crit|p1a: Azumarill
|-supereffective|p1a: Azumarill
|-damage|p1a: Azumarill|0 fnt
|-damage|p2a: Greninja|84\/286|[from] item: Life Orb
|faint|p1a: Azumarill
|
|
|switch|p1a: Alakazam|Alakazam-Mega, M|195\/259
|-ability|p1a: Alakazam|Protean|[from] ability: Trace|[of] p2a: Greninja
|turn|24
|
|move|p1a: Alakazam|Shadow Ball|p2a: Greninja
|-start|p1a: Alakazam|typechange|Ghost|[from] Protean
|-damage|p2a: Greninja|0 fnt
|faint|p2a: Greninja
|
|
|switch|p2a: Umbreon|Umbreon, F|66\/394
|-damage|p2a: Umbreon|17\/394|[from] Stealth Rock
|turn|25
|c|âWooliest Mammoth|my bad lol what's scary?
|c|âTeapotsalty|zam
|c|âTeapotsalty|its just too powerful
|c|âWooliest Mammoth|Yeah he is really good lol
|c|âWooliest Mammoth|gg
|
|move|p1a: Alakazam|Shadow Ball|p2a: Umbreon
|-resisted|p2a: Umbreon
|-damage|p2a: Umbreon|0 fnt
|faint|p2a: Umbreon
|
|win|Wooliest Mammoth
|raw|Ladder updating...
|raw|Wooliest Mammoth's rating: 1358 &rarr; <strong>1378<\/strong><br \/>(+20 for winning)
|raw|Teapotsalty's rating: 1361 &rarr; <strong>1341<\/strong><br \/>(-20 for losing)
|c|âTeapotsalty|its like bl thouygh
|leave|Teapotsalty
|player|p2