|join|Wooliest Mammoth
|join|ghostface_chillah
|player|p1|Wooliest Mammoth|101
|player|p2|ghostface_chillah|226
|gametype|singles
|gen|6
|tier|OU
|rated
|clearpoke
|poke|p1|Dragonite, F
|poke|p1|Gardevoir, F
|poke|p1|Gliscor, M
|poke|p1|Infernape, F
|poke|p1|Weavile, F
|poke|p1|Tentacruel, F
|poke|p2|Heracross, F, shiny
|poke|p2|Mew, shiny
|poke|p2|Chansey, F, shiny
|poke|p2|Thundurus, M, shiny
|poke|p2|Garchomp, M
|poke|p2|Clefable, F
|rule|Swagger Clause: Swagger is banned
|rule|Baton Pass Clause: Limit one PokÃ©mon knowing Baton Pass
|rule|Sleep Clause Mod: Limit one foe put to sleep
|rule|Species Clause: Limit one of each PokÃ©mon
|rule|OHKO Clause: OHKO moves are banned
|rule|Moody Clause: Moody is banned
|rule|Evasion Moves Clause: Evasion moves are banned
|rule|Endless Battle Clause: Forcing endless battles is banned
|rule|HP Percentage Mod: HP is shown in percentages
|teampreview
|
|start
|switch|p1a: Infernape|Infernape, F|293\/293
|switch|p2a: Gaburias|Garchomp, M|358\/358
|turn|1
|
|move|p1a: Infernape|Close Combat|p2a: Gaburias
|-damage|p2a: Gaburias|184\/358
|-damage|p1a: Infernape|257\/293|[from] ability: Rough Skin|[of] p2a: Gaburias
|-unboost|p1a: Infernape|def|1
|-unboost|p1a: Infernape|spd|1
|move|p2a: Gaburias|Stealth Rock|p1a: Infernape
|-sidestart|p1: Wooliest Mammoth|move: Stealth Rock
|
|turn|2
|
|switch|p1a: Gliscor|Gliscor, M|354\/354
|-damage|p1a: Gliscor|310\/354|[from] Stealth Rock
|switch|p2a: Clefable|Clefable, F|394\/394
|
|-status|p1a: Gliscor|tox|[from] item: Toxic Orb
|turn|3
|
|switch|p1a: Tentacruel|Tentacruel, F|357\/357
|-damage|p1a: Tentacruel|313\/357|[from] Stealth Rock
|switch|p2a: Heracross|Heracross, F, shiny|301\/301
|
|-heal|p1a: Tentacruel|335\/357|[from] item: Black Sludge
|turn|4
|
|switch|p1a: Gliscor|Gliscor, M|310\/354 tox
|-damage|p1a: Gliscor|266\/354 tox|[from] Stealth Rock
|detailschange|p2a: Heracross|Heracross-Mega, F, shiny
|message|Heracross has Mega Evolved into Mega Heracross!
|move|p2a: Heracross|Bullet Seed|p1a: Gliscor
|-damage|p1a: Gliscor|239\/354 tox
|-damage|p1a: Gliscor|214\/354 tox
|-damage|p1a: Gliscor|189\/354 tox
|-damage|p1a: Gliscor|165\/354 tox
|-damage|p1a: Gliscor|141\/354 tox
|-hitcount|p1a: Gliscor|5
|
|-heal|p1a: Gliscor|185\/354 tox|[from] ability: Poison Heal
|turn|5
|
|move|p2a: Heracross|Bullet Seed|p1a: Gliscor
|-damage|p1a: Gliscor|161\/354 tox
|-damage|p1a: Gliscor|138\/354 tox
|-damage|p1a: Gliscor|115\/354 tox
|-damage|p1a: Gliscor|93\/354 tox
|-damage|p1a: Gliscor|70\/354 tox
|-hitcount|p1a: Gliscor|5
|move|p1a: Gliscor|Toxic|p2a: Heracross
|-status|p2a: Heracross|tox
|
|-damage|p2a: Heracross|283\/301 tox|[from] psn
|-heal|p1a: Gliscor|114\/354 tox|[from] ability: Poison Heal
|turn|6
|
|move|p1a: Gliscor|Protect|p1a: Gliscor
|-singleturn|p1a: Gliscor|Protect
|move|p2a: Heracross|Bullet Seed|p1a: Gliscor
|-activate|p1a: Gliscor|Protect
|
|-damage|p2a: Heracross|247\/301 tox|[from] psn
|-heal|p1a: Gliscor|158\/354 tox|[from] ability: Poison Heal
|turn|7
|
|switch|p2a: Clefable|Clefable, F|394\/394
|switch|p1a: Dragonite|Dragonite, F|323\/323
|-damage|p1a: Dragonite|243\/323|[from] Stealth Rock
|
|turn|8
|
|switch|p1a: Tentacruel|Tentacruel, F|335\/357
|-damage|p1a: Tentacruel|291\/357|[from] Stealth Rock
|move|p2a: Clefable|Heal Bell|p2a: Clefable
|-cureteam|p2a: Clefable|[from] move: HealBell
|
|-heal|p1a: Tentacruel|313\/357|[from] item: Black Sludge
|turn|9
|
|switch|p2a: Lucky|Chansey, F, shiny|704\/704
|move|p1a: Tentacruel|Rapid Spin|p2a: Lucky
|-damage|p2a: Lucky|689\/704
|-sideend|p1: Wooliest Mammoth|Stealth Rock|[from] move: Rapid Spin|[of] p1a: Tentacruel
|
|-heal|p1a: Tentacruel|335\/357|[from] item: Black Sludge
|turn|10
|c|âghostface_chillah|that makes no sense
|
|switch|p1a: Infernape|Infernape, F|257\/293
|move|p2a: Lucky|Wish|p2a: Lucky
|
|turn|11
|
|switch|p2a: Gaburias|Garchomp, M|184\/358
|move|p1a: Infernape|Stealth Rock|p2a: Gaburias
|-sidestart|p2: ghostface_chillah|move: Stealth Rock
|
|-heal|p2a: Gaburias|358\/358|[from] move: Wish|[wisher] Lucky
|turn|12
|
|switch|p1a: Gliscor|Gliscor, M|158\/354 tox
|move|p2a: Gaburias|Earthquake|p1a: Gliscor
|-immune|p1a: Gliscor|[msg]
|
|-heal|p1a: Gliscor|202\/354 tox|[from] ability: Poison Heal
|turn|13
|
|move|p2a: Gaburias|Swords Dance|p2a: Gaburias
|-boost|p2a: Gaburias|atk|2
|move|p1a: Gliscor|Knock Off|p2a: Gaburias
|-damage|p2a: Gaburias|284\/358
|-damage|p1a: Gliscor|158\/354 tox|[from] ability: Rough Skin|[of] p2a: Gaburias
|-enditem|p2a: Gaburias|Lum Berry|[from] move: Knock Off|[of] p1a: Gliscor
|
|-heal|p1a: Gliscor|202\/354 tox|[from] ability: Poison Heal
|turn|14
|
|move|p2a: Gaburias|Dragon Claw|p1a: Gliscor
|-damage|p1a: Gliscor|24\/354 tox
|move|p1a: Gliscor|Toxic|p2a: Gaburias
|-status|p2a: Gaburias|tox
|
|-damage|p2a: Gaburias|262\/358 tox|[from] psn
|-heal|p1a: Gliscor|68\/354 tox|[from] ability: Poison Heal
|turn|15
|
|move|p1a: Gliscor|Protect|p1a: Gliscor
|-singleturn|p1a: Gliscor|Protect
|move|p2a: Gaburias|Dragon Claw|p1a: Gliscor
|-activate|p1a: Gliscor|Protect
|
|-damage|p2a: Gaburias|218\/358 tox|[from] psn
|-heal|p1a: Gliscor|112\/354 tox|[from] ability: Poison Heal
|turn|16
|
|switch|p1a: Gardevoir|Gardevoir, F|277\/277
|-ability|p1a: Gardevoir|Rough Skin|[from] ability: Trace|[of] p2a: Gaburias
|move|p2a: Gaburias|Dragon Claw|p1a: Gardevoir
|-immune|p1a: Gardevoir|[msg]
|
|-damage|p2a: Gaburias|152\/358 tox|[from] psn
|turn|17
|
|switch|p1a: Gliscor|Gliscor, M|112\/354 tox
|move|p2a: Gaburias|Earthquake|p1a: Gliscor
|-immune|p1a: Gliscor|[msg]
|
|-damage|p2a: Gaburias|64\/358 tox|[from] psn
|-heal|p1a: Gliscor|156\/354 tox|[from] ability: Poison Heal
|turn|18
|c|âghostface_chillah|cute
|
|switch|p2a: Mew|Mew, shiny|404\/404
|-damage|p2a: Mew|354\/404|[from] Stealth Rock
|move|p1a: Gliscor|Protect|p1a: Gliscor
|-fail|p1a: Gliscor
|
|-heal|p2a: Mew|379\/404|[from] item: Leftovers
|-heal|p1a: Gliscor|200\/354 tox|[from] ability: Poison Heal
|turn|19
|
|move|p1a: Gliscor|Protect|p1a: Gliscor
|-singleturn|p1a: Gliscor|Protect
|move|p2a: Mew|Defog|p1a: Gliscor
|-activate|p1a: Gliscor|Protect
|
|-heal|p2a: Mew|404\/404|[from] item: Leftovers
|-heal|p1a: Gliscor|244\/354 tox|[from] ability: Poison Heal
|turn|20
|
|move|p2a: Mew|Defog|p1a: Gliscor
|-unboost|p1a: Gliscor|evasion|1
|-sideend|p2: ghostface_chillah|Stealth Rock|[from] move: Defog|[of] p2a: Mew
|move|p1a: Gliscor|Knock Off|p2a: Mew
|-supereffective|p2a: Mew
|-damage|p2a: Mew|286\/404
|-enditem|p2a: Mew|Leftovers|[from] move: Knock Off|[of] p1a: Gliscor
|
|-heal|p1a: Gliscor|288\/354 tox|[from] ability: Poison Heal
|turn|21
|
|switch|p2a: Voltolos|Thundurus, M, shiny|299\/299
|move|p1a: Gliscor|Earthquake|p2a: Voltolos
|-immune|p2a: Voltolos|[msg]
|
|-heal|p1a: Gliscor|332\/354 tox|[from] ability: Poison Heal
|turn|22
|
|move|p1a: Gliscor|Protect|p1a: Gliscor
|-singleturn|p1a: Gliscor|Protect
|move|p2a: Voltolos|Thunderbolt|p1a: Gliscor
|-immune|p1a: Gliscor|[msg]
|
|-heal|p1a: Gliscor|354\/354 tox|[from] ability: Poison Heal
|turn|23
|
|switch|p1a: Gardevoir|Gardevoir, F|277\/277
|-ability|p1a: Gardevoir|Prankster|[from] ability: Trace|[of] p2a: Voltolos
|move|p2a: Voltolos|Hidden Power|p1a: Gardevoir
|-damage|p1a: Gardevoir|196\/277
|-damage|p2a: Voltolos|270\/299|[from] item: Life Orb
|
|turn|24
|
|switch|p2a: Clefable|Clefable, F|394\/394
|detailschange|p1a: Gardevoir|Gardevoir-Mega, F
|message|Gardevoir has Mega Evolved into Mega Gardevoir!
|move|p1a: Gardevoir|Hyper Voice|p2a: Clefable
|-damage|p2a: Clefable|117\/394
|
|-heal|p2a: Clefable|141\/394|[from] item: Leftovers
|turn|25
|
|move|p1a: Gardevoir|Hyper Voice|p2a: Clefable
|-damage|p2a: Clefable|0 fnt
|faint|p2a: Clefable
|
|
|switch|p2a: Gaburias|Garchomp, M|64\/358 tox
|turn|26
|
|switch|p1a: Gliscor|Gliscor, M|354\/354 tox
|move|p2a: Gaburias|Stealth Rock|p1a: Gliscor
|-sidestart|p1: Wooliest Mammoth|move: Stealth Rock
|
|-damage|p2a: Gaburias|42\/358 tox|[from] psn
|turn|27
|
|switch|p2a: Voltolos|Thundurus, M, shiny|270\/299
|move|p1a: Gliscor|Protect|p1a: Gliscor
|-fail|p1a: Gliscor
|
|turn|28
|
|switch|p1a: Tentacruel|Tentacruel, F|335\/357
|-damage|p1a: Tentacruel|291\/357|[from] Stealth Rock
|move|p2a: Voltolos|Hidden Power|p1a: Tentacruel
|-resisted|p1a: Tentacruel
|-damage|p1a: Tentacruel|266\/357
|-damage|p2a: Voltolos|241\/299|[from] item: Life Orb
|
|-heal|p1a: Tentacruel|288\/357|[from] item: Black Sludge
|turn|29
|
|move|p2a: Voltolos|Thunderbolt|p1a: Tentacruel
|-supereffective|p1a: Tentacruel
|-damage|p1a: Tentacruel|62\/357
|-damage|p2a: Voltolos|212\/299|[from] item: Life Orb
|move|p1a: Tentacruel|Sludge Bomb|p2a: Voltolos
|-damage|p2a: Voltolos|94\/299
|-status|p2a: Voltolos|psn
|
|-heal|p1a: Tentacruel|84\/357|[from] item: Black Sludge
|-damage|p2a: Voltolos|57\/299 psn|[from] psn
|turn|30
|
|move|p2a: Voltolos|Hidden Power|p1a: Tentacruel
|-resisted|p1a: Tentacruel
|-damage|p1a: Tentacruel|58\/357
|-damage|p2a: Voltolos|28\/299 psn|[from] item: Life Orb
|move|p1a: Tentacruel|Rapid Spin|p2a: Voltolos
|-damage|p2a: Voltolos|14\/299 psn
|-sideend|p1: Wooliest Mammoth|Stealth Rock|[from] move: Rapid Spin|[of] p1a: Tentacruel
|
|-heal|p1a: Tentacruel|80\/357|[from] item: Black Sludge
|-damage|p2a: Voltolos|0 fnt|[from] psn
|faint|p2a: Voltolos
|c|âghostface_chillah|asdlkjfhb;asdknm
|
|switch|p2a: Heracross|Heracross-Mega, F, shiny|247\/301
|turn|31
|
|move|p2a: Heracross|Bullet Seed|p1a: Tentacruel
|-damage|p1a: Tentacruel|27\/357
|-damage|p1a: Tentacruel|0 fnt
|-hitcount|p1a: Tentacruel|2
|faint|p1a: Tentacruel
|
|
|switch|p1a: Gardevoir|Gardevoir-Mega, F|196\/277
|turn|32
|
|switch|p2a: Lucky|Chansey, F, shiny|689\/704
|move|p1a: Gardevoir|Hyper Voice|p2a: Lucky
|-damage|p2a: Lucky|509\/704
|
|turn|33
|
|move|p1a: Gardevoir|Taunt|p2a: Lucky
|-start|p2a: Lucky|move: Taunt
|cant|p2a: Lucky|move: Taunt|Thunder Wave
|
|turn|34
|
|move|p1a: Gardevoir|Hyper Voice|p2a: Lucky
|-damage|p2a: Lucky|332\/704
|move|p2a: Lucky|Seismic Toss|p1a: Gardevoir
|-damage|p1a: Gardevoir|96\/277
|
|turn|35
|
|switch|p1a: Infernape|Infernape, F|257\/293
|move|p2a: Lucky|Seismic Toss|p1a: Infernape
|-damage|p1a: Infernape|157\/293
|
|-end|p2a: Lucky|move: Taunt
|turn|36
|
|switch|p2a: Mew|Mew, shiny|286\/404
|move|p1a: Infernape|Close Combat|p2a: Mew
|-crit|p2a: Mew
|-resisted|p2a: Mew
|-damage|p2a: Mew|178\/404
|-unboost|p1a: Infernape|def|1
|-unboost|p1a: Infernape|spd|1
|
|turn|37
|
|move|p1a: Infernape|Fire Blast|p2a: Mew
|-damage|p2a: Mew|42\/404
|move|p2a: Mew|Soft-Boiled|p2a: Mew
|-heal|p2a: Mew|244\/404
|
|turn|38
|
|move|p1a: Infernape|Stealth Rock|p2a: Mew
|-sidestart|p2: ghostface_chillah|move: Stealth Rock
|move|p2a: Mew|Knock Off|p1a: Infernape
|-resisted|p1a: Infernape
|-damage|p1a: Infernape|78\/293
|-enditem|p1a: Infernape|Focus Sash|[from] move: Knock Off|[of] p2a: Mew
|
|turn|39
|
|move|p1a: Infernape|Fire Blast|p2a: Mew
|-damage|p2a: Mew|94\/404
|move|p2a: Mew|Defog|p1a: Infernape
|-unboost|p1a: Infernape|evasion|1
|-sideend|p2: ghostface_chillah|Stealth Rock|[from] move: Defog|[of] p2a: Mew
|
|turn|40
|
|switch|p1a: Weavile|Weavile, F|281\/281
|-ability|p1a: Weavile|Pressure
|move|p2a: Mew|Soft-Boiled|p2a: Mew
|-heal|p2a: Mew|296\/404
|
|turn|41
|
|move|p1a: Weavile|Knock Off|p2a: Mew
|-supereffective|p2a: Mew
|-damage|p2a: Mew|67\/404
|-damage|p1a: Weavile|253\/281|[from] item: Life Orb
|move|p2a: Mew|Will-O-Wisp|p1a: Weavile
|-status|p1a: Weavile|brn
|
|-damage|p1a: Weavile|218\/281 brn|[from] brn
|turn|42
|
|switch|p2a: Lucky|Chansey, F, shiny|332\/704
|move|p1a: Weavile|Knock Off|p2a: Lucky
|-damage|p2a: Lucky|199\/704
|-enditem|p2a: Lucky|Eviolite|[from] move: Knock Off|[of] p1a: Weavile
|-damage|p1a: Weavile|190\/281 brn|[from] item: Life Orb
|
|-damage|p1a: Weavile|155\/281 brn|[from] brn
|turn|43
|
|move|p1a: Weavile|Ice Punch|p2a: Lucky
|-damage|p2a: Lucky|31\/704
|-damage|p1a: Weavile|127\/281 brn|[from] item: Life Orb
|move|p2a: Lucky|Soft-Boiled|p2a: Lucky
|-heal|p2a: Lucky|383\/704
|
|-damage|p1a: Weavile|92\/281 brn|[from] brn
|turn|44
|
|move|p1a: Weavile|Low Kick|p2a: Lucky
|-supereffective|p2a: Lucky
|-damage|p2a: Lucky|198\/704
|-damage|p1a: Weavile|64\/281 brn|[from] item: Life Orb
|move|p2a: Lucky|Wish|p2a: Lucky
|
|-damage|p1a: Weavile|29\/281 brn|[from] brn
|turn|45
|
|switch|p1a: Infernape|Infernape, F|78\/293
|switch|p2a: Gaburias|Garchomp, M|42\/358 tox
|
|-heal|p2a: Gaburias|358\/358 tox|[from] move: Wish|[wisher] Lucky
|-damage|p2a: Gaburias|336\/358 tox|[from] psn
|turn|46
|
|move|p1a: Infernape|Close Combat|p2a: Gaburias
|-damage|p2a: Gaburias|167\/358 tox
|-damage|p1a: Infernape|42\/293|[from] ability: Rough Skin|[of] p2a: Gaburias
|-unboost|p1a: Infernape|def|1
|-unboost|p1a: Infernape|spd|1
|move|p2a: Gaburias|Swords Dance|p2a: Gaburias
|-boost|p2a: Gaburias|atk|2
|
|-damage|p2a: Gaburias|123\/358 tox|[from] psn
|turn|47
|
|move|p1a: Infernape|Close Combat|p2a: Gaburias
|-crit|p2a: Gaburias
|-damage|p2a: Gaburias|0 fnt
|-damage|p1a: Infernape|6\/293|[from] ability: Rough Skin|[of] p2a: Gaburias
|-unboost|p1a: Infernape|def|1
|-unboost|p1a: Infernape|spd|1
|faint|p2a: Gaburias
|
|c|âghostface_chillah|fck
|
|switch|p2a: Mew|Mew, shiny|67\/404
|turn|48
|
|move|p1a: Infernape|Fire Blast|p2a: Mew|[miss]
|-miss|p1a: Infernape|p2a: Mew
|move|p2a: Mew|Soft-Boiled|p2a: Mew
|-heal|p2a: Mew|269\/404
|
|turn|49
|
|move|p1a: Infernape|Stealth Rock|p2a: Mew
|-sidestart|p2: ghostface_chillah|move: Stealth Rock
|move|p2a: Mew|Knock Off|p1a: Infernape
|-resisted|p1a: Infernape
|-damage|p1a: Infernape|0 fnt
|faint|p1a: Infernape
|
|
|switch|p1a: Gliscor|Gliscor, M|354\/354 tox
|turn|50
|
|move|p2a: Mew|Defog|p1a: Gliscor
|-unboost|p1a: Gliscor|evasion|1
|-sideend|p2: ghostface_chillah|Stealth Rock|[from] move: Defog|[of] p2a: Mew
|move|p1a: Gliscor|Earthquake|p2a: Mew
|-damage|p2a: Mew|172\/404
|
|turn|51
|
|switch|p2a: Heracross|Heracross-Mega, F, shiny|247\/301
|move|p1a: Gliscor|Toxic|p2a: Heracross
|-status|p2a: Heracross|tox
|
|-damage|p2a: Heracross|229\/301 tox|[from] psn
|turn|52
|
|switch|p1a: Weavile|Weavile, F|29\/281 brn
|-ability|p1a: Weavile|Pressure
|move|p2a: Heracross|Bullet Seed|p1a: Weavile
|-damage|p1a: Weavile|0 fnt
|-hitcount|p1a: Weavile|1
|faint|p1a: Weavile
|
|-damage|p2a: Heracross|193\/301 tox|[from] psn
|
|switch|p1a: Gardevoir|Gardevoir-Mega, F|96\/277
|turn|53
|
|switch|p2a: Mew|Mew, shiny|172\/404
|move|p1a: Gardevoir|Hyper Voice|p2a: Mew
|-damage|p2a: Mew|0 fnt
|faint|p2a: Mew
|
|
|switch|p2a: Lucky|Chansey, F, shiny|198\/704
|turn|54
|
|move|p1a: Gardevoir|Hyper Voice|p2a: Lucky
|-damage|p2a: Lucky|0 fnt
|faint|p2a: Lucky
|
|
|switch|p2a: Heracross|Heracross-Mega, F, shiny|193\/301 tox
|turn|55
|
|move|p1a: Gardevoir|Hyper Voice|p2a: Heracross
|-supereffective|p2a: Heracross
|-damage|p2a: Heracross|0 fnt
|faint|p2a: Heracross
|
|win|Wooliest Mammoth
|raw|Ladder updating...
|raw|Wooliest Mammoth's rating: 1647 &rarr; <strong>1659<\/strong><br \/>(+12 for winning)
|raw|ghostface_chillah's rating: 1508 &rarr; <strong>1495<\/strong><br \/>(-13 for losing)
|leave|ghostface_chillah
|player|p2