|join|Wooliest Mammoth
|join|ready2go202
|player|p1|Wooliest Mammoth|101
|player|p2|ready2go202|94
|gametype|singles
|gen|6
|tier|OU
|rated
|clearpoke
|poke|p1|Alakazam, F
|poke|p1|Tyranitar, M
|poke|p1|Excadrill, M
|poke|p1|Azumarill, M
|poke|p1|Mamoswine, M
|poke|p1|Gengar, F
|poke|p2|Medicham, M
|poke|p2|Rotom-Wash
|poke|p2|Breloom, M
|poke|p2|Chansey, F
|poke|p2|Excadrill, M
|poke|p2|Latias, F
|rule|Swagger Clause: Swagger is banned
|rule|Baton Pass Clause: Limit one PokÃ©mon knowing Baton Pass
|rule|Sleep Clause Mod: Limit one foe put to sleep
|rule|Species Clause: Limit one of each PokÃ©mon
|rule|OHKO Clause: OHKO moves are banned
|rule|Moody Clause: Moody is banned
|rule|Evasion Moves Clause: Evasion moves are banned
|rule|Endless Battle Clause: Forcing endless battles is banned
|rule|HP Percentage Mod: HP is shown in percentages
|teampreview
|
|start
|switch|p1a: Mamoswine|Mamoswine, M|361\/361
|switch|p2a: Rotom-Wash|Rotom-Wash|241\/241
|turn|1
|
|move|p2a: Rotom-Wash|Trick|p1a: Mamoswine
|-activate|p2a: Rotom-Wash|move: Trick|[of] p1a: Mamoswine
|-item|p1a: Mamoswine|Choice Scarf|[from] move: Trick
|-item|p2a: Rotom-Wash|Focus Sash|[from] move: Trick
|move|p1a: Mamoswine|Stealth Rock|p2a: Rotom-Wash
|-sidestart|p2: ready2go202|move: Stealth Rock
|
|turn|2
|c|âready2go202|gl hf
|c|âWooliest Mammoth|you too
|
|switch|p1a: Alakazam|Alakazam, F|259\/259
|move|p2a: Rotom-Wash|Hydro Pump|p1a: Alakazam
|-damage|p1a: Alakazam|70\/259
|
|turn|3
|
|detailschange|p1a: Alakazam|Alakazam-Mega, F
|message|Alakazam has Mega Evolved into Mega Alakazam!
|-ability|p1a: Alakazam|Levitate|[from] ability: Trace|[of] p2a: Rotom-Wash
|move|p1a: Alakazam|Psychic|p2a: Rotom-Wash
|-damage|p2a: Rotom-Wash|48\/241
|move|p2a: Rotom-Wash|Hydro Pump|p1a: Alakazam
|-damage|p1a: Alakazam|0 fnt
|faint|p1a: Alakazam
|
|
|switch|p1a: Tyranitar|Tyranitar, M|341\/341
|-weather|Sandstorm
|turn|4
|
|move|p1a: Tyranitar|Crunch|p2a: Rotom-Wash
|-damage|p2a: Rotom-Wash|0 fnt
|faint|p2a: Rotom-Wash
|
|-weather|Sandstorm|[upkeep]
|
|switch|p2a: Excadrill|Excadrill, M|362\/362
|-damage|p2a: Excadrill|351\/362|[from] Stealth Rock
|-ability|p2a: Excadrill|Mold Breaker
|turn|5
|
|switch|p1a: Mamoswine|Mamoswine, M|361\/361
|move|p2a: Excadrill|Iron Head|p1a: Mamoswine
|-supereffective|p1a: Mamoswine
|-damage|p1a: Mamoswine|13\/361
|
|-weather|Sandstorm|[upkeep]
|turn|6
|
|move|p2a: Excadrill|Iron Head|p1a: Mamoswine
|-supereffective|p1a: Mamoswine
|-damage|p1a: Mamoswine|0 fnt
|faint|p1a: Mamoswine
|
|-weather|Sandstorm|[upkeep]
|
|switch|p1a: Azumarill|Azumarill, M|345\/345
|turn|7
|
|move|p2a: Excadrill|Iron Head|p1a: Azumarill
|-damage|p1a: Azumarill|170\/345
|move|p1a: Azumarill|Waterfall|p2a: Excadrill
|-supereffective|p2a: Excadrill
|-damage|p2a: Excadrill|0 fnt
|faint|p2a: Excadrill
|
|-weather|Sandstorm|[upkeep]
|-damage|p1a: Azumarill|149\/345|[from] sandstorm
|
|switch|p2a: Latias|Latias, F|364\/364
|-damage|p2a: Latias|319\/364|[from] Stealth Rock
|turn|8
|
|move|p2a: Latias|Defog|p1a: Azumarill
|-unboost|p1a: Azumarill|evasion|1
|-sideend|p2: ready2go202|Stealth Rock|[from] move: Defog|[of] p2a: Latias
|move|p1a: Azumarill|Knock Off|p2a: Latias
|-supereffective|p2a: Latias
|-damage|p2a: Latias|17\/364
|-enditem|p2a: Latias|Leftovers|[from] move: Knock Off|[of] p1a: Azumarill
|
|-weather|none
|turn|9
|
|move|p1a: Azumarill|Aqua Jet|p2a: Latias
|-resisted|p2a: Latias
|-damage|p2a: Latias|0 fnt
|faint|p2a: Latias
|
|
|switch|p2a: Medicham|Medicham, M|261\/261
|turn|10
|
|detailschange|p2a: Medicham|Medicham-Mega, M
|message|Medicham has Mega Evolved into Mega Medicham!
|move|p2a: Medicham|Fake Out|p1a: Azumarill
|-damage|p1a: Azumarill|45\/345
|cant|p1a: Azumarill|flinch
|
|turn|11
|c|âready2go202|azumarill is awesome
|
|move|p2a: Medicham|Bullet Punch|p1a: Azumarill
|-damage|p1a: Azumarill|0 fnt
|faint|p1a: Azumarill
|
|
|switch|p1a: Tyranitar|Tyranitar, M|341\/341
|-weather|Sandstorm
|turn|12
|c|âready2go202|but so is mega medicham
|
|switch|p1a: Gengar|Gengar, F|262\/262
|move|p2a: Medicham|High Jump Kick|p1a: Gengar
|-immune|p1a: Gengar|[msg]
|-damage|p2a: Medicham|131\/261|[from] highjumpkick
|
|-weather|Sandstorm|[upkeep]
|-damage|p1a: Gengar|246\/262|[from] sandstorm
|-damage|p2a: Medicham|115\/261|[from] sandstorm
|-heal|p1a: Gengar|262\/262|[from] item: Black Sludge
|turn|13
|c|âready2go202|damnit
|c|âready2go202|nice
|
|move|p2a: Medicham|Bullet Punch|p1a: Gengar
|-crit|p1a: Gengar
|-damage|p1a: Gengar|53\/262
|move|p1a: Gengar|Substitute|p1a: Gengar
|-fail|p1a: Gengar|move: Substitute|[weak]
|
|-weather|Sandstorm|[upkeep]
|-damage|p1a: Gengar|37\/262|[from] sandstorm
|-damage|p2a: Medicham|99\/261|[from] sandstorm
|-heal|p1a: Gengar|53\/262|[from] item: Black Sludge
|turn|14
|c|âready2go202|sucker
|c|âWooliest Mammoth|fuck so greedy lol
|c|âready2go202|lol
|
|switch|p1a: Excadrill|Excadrill, M|361\/361
|-item|p1a: Excadrill|Air Balloon
|move|p2a: Medicham|Bullet Punch|p1a: Excadrill
|-resisted|p1a: Excadrill
|-damage|p1a: Excadrill|298\/361
|-enditem|p1a: Excadrill|Air Balloon
|
|-weather|Sandstorm|[upkeep]
|-damage|p2a: Medicham|83\/261|[from] sandstorm
|turn|15
|
|move|p1a: Excadrill|Iron Head|p2a: Medicham
|-damage|p2a: Medicham|0 fnt
|faint|p2a: Medicham
|
|-weather|Sandstorm|[upkeep]
|
|switch|p2a: Chansey|Chansey, F|704\/704
|turn|16
|
|move|p1a: Excadrill|Iron Head|p2a: Chansey
|-damage|p2a: Chansey|488\/704
|cant|p2a: Chansey|flinch
|
|-weather|none
|turn|17
|
|move|p1a: Excadrill|Iron Head|p2a: Chansey
|-damage|p2a: Chansey|265\/704
|cant|p2a: Chansey|flinch
|
|turn|18
|
|move|p1a: Excadrill|Iron Head|p2a: Chansey
|-crit|p2a: Chansey
|-damage|p2a: Chansey|0 fnt
|faint|p2a: Chansey
|
|c|âready2go202|ugh
|c|âready2go202|uckit
|c|âWooliest Mammoth|wow
|
|switch|p2a: Breloom|Breloom, M|323\/323
|turn|19
|
|move|p1a: Excadrill|Iron Head|p2a: Breloom
|-damage|p2a: Breloom|200\/323
|move|p2a: Breloom|Spore|p1a: Excadrill
|-status|p1a: Excadrill|slp
|
|-status|p2a: Breloom|tox|[from] item: Toxic Orb
|turn|20
|
|cant|p1a: Excadrill|slp
|move|p2a: Breloom|Substitute|p2a: Breloom
|-start|p2a: Breloom|Substitute
|-damage|p2a: Breloom|120\/323 tox
|
|-heal|p2a: Breloom|160\/323 tox|[from] ability: Poison Heal
|turn|21
|
|cant|p1a: Excadrill|slp
|move|p2a: Breloom|Leech Seed|p1a: Excadrill
|-start|p1a: Excadrill|move: Leech Seed
|
|-damage|p1a: Excadrill|253\/361 slp|[from] Leech Seed|[of] p2a: Breloom
|-heal|p2a: Breloom|205\/323 tox|[silent]
|-heal|p2a: Breloom|245\/323 tox|[from] ability: Poison Heal
|turn|22
|
|-singleturn|p2a: Breloom|move: Focus Punch
|switch|p1a: Tyranitar|Tyranitar, M|341\/341
|-weather|Sandstorm
|move|p2a: Breloom|Focus Punch|p1a: Tyranitar
|-supereffective|p1a: Tyranitar
|-damage|p1a: Tyranitar|0 fnt
|faint|p1a: Tyranitar
|
|-weather|Sandstorm|[upkeep]
|-damage|p2a: Breloom|225\/323 tox|[from] sandstorm
|-heal|p2a: Breloom|265\/323 tox|[from] ability: Poison Heal
|c|âready2go202|yes
|
|switch|p1a: Excadrill|Excadrill, M|253\/361 slp
|turn|23
|
|cant|p1a: Excadrill|slp
|move|p2a: Breloom|Leech Seed|p1a: Excadrill
|-start|p1a: Excadrill|move: Leech Seed
|
|-weather|Sandstorm|[upkeep]
|-damage|p2a: Breloom|245\/323 tox|[from] sandstorm
|-damage|p1a: Excadrill|208\/361 slp|[from] Leech Seed|[of] p2a: Breloom
|-heal|p2a: Breloom|290\/323 tox|[silent]
|-heal|p2a: Breloom|323\/323 tox|[from] ability: Poison Heal
|turn|24
|
|-singleturn|p2a: Breloom|move: Focus Punch
|-curestatus|p1a: Excadrill|slp
|move|p1a: Excadrill|Iron Head|p2a: Breloom
|-end|p2a: Breloom|Substitute
|move|p2a: Breloom|Focus Punch|p1a: Excadrill
|-supereffective|p1a: Excadrill
|-damage|p1a: Excadrill|0 fnt
|faint|p1a: Excadrill
|
|-weather|Sandstorm|[upkeep]
|-damage|p2a: Breloom|303\/323 tox|[from] sandstorm
|-heal|p2a: Breloom|323\/323 tox|[from] ability: Poison Heal
|c|âready2go202|lol
|
|switch|p1a: Gengar|Gengar, F|53\/262
|turn|25
|c|âready2go202|wow
|c|âready2go202|you win
|c|âWooliest Mammoth|almost a choke on my part :o
|
|move|p1a: Gengar|Dazzling Gleam|p2a: Breloom
|-supereffective|p2a: Breloom
|-damage|p2a: Breloom|33\/323 tox
|move|p2a: Breloom|Spore|p1a: Gengar
|-status|p1a: Gengar|slp
|
|-weather|Sandstorm|[upkeep]
|-damage|p1a: Gengar|37\/262 slp|[from] sandstorm
|-damage|p2a: Breloom|13\/323 tox|[from] sandstorm
|-heal|p1a: Gengar|53\/262 slp|[from] item: Black Sludge
|-heal|p2a: Breloom|53\/323 tox|[from] ability: Poison Heal
|turn|26
|c|âWooliest Mammoth|what
|c|âWooliest Mammoth|noooooo lol
|
|cant|p1a: Gengar|slp
|move|p2a: Breloom|Leech Seed|p1a: Gengar
|-start|p1a: Gengar|move: Leech Seed
|
|-weather|none
|-heal|p1a: Gengar|69\/262 slp|[from] item: Black Sludge
|-damage|p1a: Gengar|37\/262 slp|[from] Leech Seed|[of] p2a: Breloom
|-heal|p2a: Breloom|85\/323 tox|[silent]
|-heal|p2a: Breloom|125\/323 tox|[from] ability: Poison Heal
|turn|27
|c|âready2go202|lol
|c|âready2go202|hahaha
|c|âready2go202|yay
|c|âWooliest Mammoth|nooooo
|
|-curestatus|p1a: Gengar|slp
|move|p1a: Gengar|Shadow Ball|p2a: Breloom
|-damage|p2a: Breloom|0 fnt
|faint|p2a: Breloom
|
|win|Wooliest Mammoth
|raw|Ladder updating...
|raw|Wooliest Mammoth's rating: 1352 &rarr; <strong>1371<\/strong><br \/>(+19 for winning)
|raw|ready2go202's rating: 1332 &rarr; <strong>1313<\/strong><br \/>(-19 for losing)
|c|âready2go202|fuck!!!!!!!
|c|âWooliest Mammoth|yess
|c|âready2go202|gg
|c|âWooliest Mammoth|hahaha
|c|âWooliest Mammoth|gg
|c|âready2go202|so fucki close
|c|âready2go202|gg