|join|Wooliest Mammoth
|join|Shaddoll Master
|player|p1|Wooliest Mammoth|101
|player|p2|Shaddoll Master|124
|gametype|singles
|gen|6
|tier|OU
|rated
|clearpoke
|poke|p1|Dragonite, F
|poke|p1|Magnezone
|poke|p1|Gliscor, F
|poke|p1|Infernape, M
|poke|p1|Weavile, M
|poke|p1|Tentacruel, M
|poke|p2|Landorus, M
|poke|p2|Alakazam, F
|poke|p2|Bisharp, M
|poke|p2|Thundurus, M
|poke|p2|Heatran, M, shiny
|poke|p2|Keldeo
|rule|Swagger Clause: Swagger is banned
|rule|Baton Pass Clause: Limit one PokÃ©mon knowing Baton Pass
|rule|Sleep Clause Mod: Limit one foe put to sleep
|rule|Species Clause: Limit one of each PokÃ©mon
|rule|OHKO Clause: OHKO moves are banned
|rule|Moody Clause: Moody is banned
|rule|Evasion Moves Clause: Evasion moves are banned
|rule|Endless Battle Clause: Forcing endless battles is banned
|rule|HP Percentage Mod: HP is shown in percentages
|teampreview
|
|start
|switch|p1a: Gliscor|Gliscor, F|354\/354
|switch|p2a: Trololo|Thundurus, M|299\/299
|turn|1
|
|move|p2a: Trololo|Hidden Power|p1a: Gliscor
|-supereffective|p1a: Gliscor
|-damage|p1a: Gliscor|0 fnt
|-damage|p2a: Trololo|270\/299|[from] item: Life Orb
|faint|p1a: Gliscor
|
|
|switch|p1a: Magnezone|Magnezone|282\/282
|turn|2
|
|move|p1a: Magnezone|Flash Cannon|p2a: Trololo
|-resisted|p2a: Trololo
|-damage|p2a: Trololo|176\/299
|move|p2a: Trololo|Superpower|p1a: Magnezone
|-supereffective|p1a: Magnezone
|-damage|p1a: Magnezone|48\/282
|-unboost|p2a: Trololo|atk|1
|-unboost|p2a: Trololo|def|1
|-damage|p2a: Trololo|147\/299|[from] item: Life Orb
|
|turn|3
|
|switch|p2a: Wrecked Mate|Heatran, M, shiny|323\/323
|move|p1a: Magnezone|Flash Cannon|p2a: Wrecked Mate
|-resisted|p2a: Wrecked Mate
|-damage|p2a: Wrecked Mate|289\/323
|-unboost|p2a: Wrecked Mate|spd|1
|
|turn|4
|
|switch|p1a: Tentacruel|Tentacruel, M|357\/357
|move|p2a: Wrecked Mate|Earth Power|p1a: Tentacruel
|-supereffective|p1a: Tentacruel
|-damage|p1a: Tentacruel|207\/357
|
|-heal|p1a: Tentacruel|229\/357|[from] item: Black Sludge
|turn|5
|
|move|p2a: Wrecked Mate|Earth Power|p1a: Tentacruel
|-supereffective|p1a: Tentacruel
|-damage|p1a: Tentacruel|65\/357
|-unboost|p1a: Tentacruel|spd|1
|move|p1a: Tentacruel|Scald|p2a: Wrecked Mate
|-supereffective|p2a: Wrecked Mate
|-damage|p2a: Wrecked Mate|61\/323
|
|-heal|p1a: Tentacruel|87\/357|[from] item: Black Sludge
|turn|6
|
|switch|p1a: Dragonite|Dragonite, F|323\/323
|move|p2a: Wrecked Mate|Earth Power|p1a: Dragonite
|-immune|p1a: Dragonite|[msg]
|
|turn|7
|
|switch|p2a: <3|Keldeo|323\/323
|move|p1a: Dragonite|Outrage|p2a: <3
|-damage|p2a: <3|0 fnt
|faint|p2a: <3
|
|
|switch|p2a: GG|Alakazam, F|252\/252
|turn|8
|
|detailschange|p2a: GG|Alakazam-Mega, F
|message|Alakazam has Mega Evolved into Mega Alakazam!
|-ability|p2a: GG|Multiscale|[from] ability: Trace|[of] p1a: Dragonite
|move|p2a: GG|Psyshock|p1a: Dragonite
|-damage|p1a: Dragonite|227\/323
|move|p1a: Dragonite|Outrage|p2a: GG
|-crit|p2a: GG
|-damage|p2a: GG|0 fnt
|faint|p2a: GG
|
|-end|p1a: Dragonite|rampage
|-start|p1a: Dragonite|confusion
|
|switch|p2a: Wrecked Mate|Heatran, M, shiny|61\/323
|turn|9
|
|switch|p1a: Tentacruel|Tentacruel, M|87\/357
|move|p2a: Wrecked Mate|Stone Edge|p1a: Tentacruel
|-damage|p1a: Tentacruel|0 fnt
|faint|p1a: Tentacruel
|
|
|switch|p1a: Dragonite|Dragonite, F|227\/323
|turn|10
|
|move|p2a: Wrecked Mate|Stone Edge|p1a: Dragonite
|-crit|p1a: Dragonite
|-supereffective|p1a: Dragonite
|-damage|p1a: Dragonite|5\/323
|move|p1a: Dragonite|Outrage|p2a: Wrecked Mate
|-resisted|p2a: Wrecked Mate
|-damage|p2a: Wrecked Mate|0 fnt
|faint|p2a: Wrecked Mate
|
|
|switch|p2a: Swag|Bisharp, M|271\/271
|turn|11
|
|move|p2a: Swag|Sucker Punch|p1a: Dragonite
|-damage|p1a: Dragonite|0 fnt
|faint|p1a: Dragonite
|
|
|switch|p1a: Infernape|Infernape, M|293\/293
|turn|12
|
|switch|p2a: Lando|Landorus, M|319\/319
|move|p1a: Infernape|Close Combat|p2a: Lando
|-resisted|p2a: Lando
|-damage|p2a: Lando|188\/319
|-unboost|p1a: Infernape|def|1
|-unboost|p1a: Infernape|spd|1
|-damage|p1a: Infernape|264\/293|[from] item: Life Orb
|
|turn|13
|
|move|p1a: Infernape|Fire Blast|p2a: Lando
|-damage|p2a: Lando|0 fnt
|-damage|p1a: Infernape|235\/293|[from] item: Life Orb
|faint|p2a: Lando
|
|
|switch|p2a: Trololo|Thundurus, M|147\/299
|turn|14
|
|move|p1a: Infernape|Mach Punch|p2a: Trololo
|-resisted|p2a: Trololo
|-damage|p2a: Trololo|85\/299
|-damage|p1a: Infernape|206\/293|[from] item: Life Orb
|move|p2a: Trololo|Thunderbolt|p1a: Infernape
|-damage|p1a: Infernape|0 fnt
|-damage|p2a: Trololo|56\/299|[from] item: Life Orb
|faint|p1a: Infernape
|
|
|switch|p1a: Weavile|Weavile, M|281\/281
|-ability|p1a: Weavile|Pressure
|turn|15
|
|switch|p1a: Magnezone|Magnezone|48\/282
|switch|p2a: Swag|Bisharp, M|271\/271
|
|turn|16
|
|switch|p1a: Weavile|Weavile, M|281\/281
|-ability|p1a: Weavile|Pressure
|move|p2a: Swag|Sucker Punch|p1a: Weavile
|-fail|p1a: Weavile
|
|turn|17
|
|move|p1a: Weavile|Low Kick|p2a: Swag
|-supereffective|p2a: Swag
|-damage|p2a: Swag|0 fnt
|-damage|p1a: Weavile|253\/281|[from] item: Life Orb
|faint|p2a: Swag
|
|
|switch|p2a: Trololo|Thundurus, M|56\/299
|turn|18
|
|move|p1a: Weavile|Ice Shard|p2a: Trololo
|-supereffective|p2a: Trololo
|-damage|p2a: Trololo|0 fnt
|-damage|p1a: Weavile|225\/281|[from] item: Life Orb
|faint|p2a: Trololo
|
|win|Wooliest Mammoth
|raw|Ladder updating...
|raw|Wooliest Mammoth's rating: 1310 &rarr; <strong>1330<\/strong><br \/>(+20 for winning)
|raw|Shaddoll Master's rating: 1318 &rarr; <strong>1298<\/strong><br \/>(-20 for losing)
|c|âWooliest Mammoth|gg
|leave|Shaddoll Master
|player|p2