|join|Wooliest Mammoth
|join|LT7H RotomSock
|player|p1|Wooliest Mammoth|101
|player|p2|LT7H RotomSock|265
|gametype|singles
|gen|6
|tier|OU
|rated
|clearpoke
|poke|p1|Dragonite, M
|poke|p1|Gardevoir, F
|poke|p1|Gliscor, F
|poke|p1|Infernape, F
|poke|p1|Weavile, F
|poke|p1|Tentacruel, F
|poke|p2|Hippowdon, F
|poke|p2|Slowbro, M
|poke|p2|Zapdos
|poke|p2|Charizard, M
|poke|p2|Chansey, F
|poke|p2|Jirachi
|rule|Swagger Clause: Swagger is banned
|rule|Baton Pass Clause: Limit one PokÃ©mon knowing Baton Pass
|rule|Sleep Clause Mod: Limit one foe put to sleep
|rule|Species Clause: Limit one of each PokÃ©mon
|rule|OHKO Clause: OHKO moves are banned
|rule|Moody Clause: Moody is banned
|rule|Evasion Moves Clause: Evasion moves are banned
|rule|Endless Battle Clause: Forcing endless battles is banned
|rule|HP Percentage Mod: HP is shown in percentages
|teampreview
|
|start
|switch|p1a: Infernape|Infernape, F|293\/293
|switch|p2a: Hippowdon|Hippowdon, F|420\/420
|turn|1
|
|switch|p1a: Gliscor|Gliscor, F|354\/354
|move|p2a: Hippowdon|Toxic|p1a: Gliscor
|-status|p1a: Gliscor|tox
|
|turn|2
|
|switch|p2a: Jirachi|Jirachi|404\/404
|move|p1a: Gliscor|Toxic|p2a: Jirachi
|-fail|p2a: Jirachi
|
|turn|3
|
|switch|p2a: Zapdos|Zapdos|384\/384
|-ability|p2a: Zapdos|Pressure
|move|p1a: Gliscor|Knock Off|p2a: Zapdos
|-damage|p2a: Zapdos|326\/384
|-enditem|p2a: Zapdos|Leftovers|[from] move: Knock Off|[of] p1a: Gliscor
|
|turn|4
|
|move|p1a: Gliscor|Protect|p1a: Gliscor
|-singleturn|p1a: Gliscor|Protect
|move|p2a: Zapdos|Heat Wave|p1a: Gliscor
|-activate|p1a: Gliscor|Protect
|
|turn|5
|
|switch|p1a: Gardevoir|Gardevoir, F|277\/277
|-ability|p1a: Gardevoir|Pressure|[from] ability: Trace|[of] p2a: Zapdos
|-ability|p1a: Gardevoir|Pressure
|move|p2a: Zapdos|Heat Wave|p1a: Gardevoir
|-damage|p1a: Gardevoir|194\/277
|-status|p1a: Gardevoir|brn
|
|-damage|p1a: Gardevoir|160\/277 brn|[from] brn
|turn|6
|
|switch|p2a: Jirachi|Jirachi|404\/404
|detailschange|p1a: Gardevoir|Gardevoir-Mega, F
|message|Gardevoir has Mega Evolved into Mega Gardevoir!
|move|p1a: Gardevoir|Psyshock|p2a: Jirachi
|-resisted|p2a: Jirachi
|-damage|p2a: Jirachi|355\/404
|
|-heal|p2a: Jirachi|380\/404|[from] item: Leftovers
|-damage|p1a: Gardevoir|126\/277 brn|[from] brn
|turn|7
|
|switch|p1a: Gliscor|Gliscor, F|354\/354 tox
|move|p2a: Jirachi|Stealth Rock|p1a: Gliscor
|-sidestart|p1: Wooliest Mammoth|move: Stealth Rock
|
|-heal|p2a: Jirachi|404\/404|[from] item: Leftovers
|turn|8
|
|move|p2a: Jirachi|Protect|p2a: Jirachi
|-singleturn|p2a: Jirachi|Protect
|move|p1a: Gliscor|Toxic|p2a: Jirachi
|-activate|p2a: Jirachi|Protect
|
|turn|9
|
|switch|p2a: Slowbro|Slowbro, M|394\/394
|move|p1a: Gliscor|Toxic|p2a: Slowbro
|-status|p2a: Slowbro|tox
|
|-damage|p2a: Slowbro|370\/394 tox|[from] psn
|turn|10
|
|switch|p1a: Tentacruel|Tentacruel, F|357\/357
|-damage|p1a: Tentacruel|313\/357|[from] Stealth Rock
|move|p2a: Slowbro|Scald|p1a: Tentacruel
|-resisted|p1a: Tentacruel
|-damage|p1a: Tentacruel|283\/357
|
|-heal|p1a: Tentacruel|305\/357|[from] item: Black Sludge
|-heal|p2a: Slowbro|394\/394 tox|[from] item: Leftovers
|-damage|p2a: Slowbro|346\/394 tox|[from] psn
|turn|11
|
|move|p1a: Tentacruel|Rapid Spin|p2a: Slowbro
|-damage|p2a: Slowbro|337\/394 tox
|-sideend|p1: Wooliest Mammoth|Stealth Rock|[from] move: Rapid Spin|[of] p1a: Tentacruel
|move|p2a: Slowbro|Psyshock|p1a: Tentacruel
|-supereffective|p1a: Tentacruel
|-damage|p1a: Tentacruel|23\/357
|
|-heal|p1a: Tentacruel|45\/357|[from] item: Black Sludge
|-heal|p2a: Slowbro|361\/394 tox|[from] item: Leftovers
|-damage|p2a: Slowbro|289\/394 tox|[from] psn
|turn|12
|
|switch|p1a: Gardevoir|Gardevoir-Mega, F|126\/277 brn
|switch|p2a: Charizard|Charizard, M|359\/359
|
|-damage|p1a: Gardevoir|92\/277 brn|[from] brn
|turn|13
|
|switch|p2a: Jirachi|Jirachi|404\/404
|move|p1a: Gardevoir|Psyshock|p2a: Jirachi
|-resisted|p2a: Jirachi
|-damage|p2a: Jirachi|361\/404
|
|-heal|p2a: Jirachi|386\/404|[from] item: Leftovers
|-damage|p1a: Gardevoir|58\/277 brn|[from] brn
|turn|14
|
|move|p1a: Gardevoir|Taunt|p2a: Jirachi
|-start|p2a: Jirachi|move: Taunt
|cant|p2a: Jirachi|move: Taunt|Stealth Rock
|
|-heal|p2a: Jirachi|404\/404|[from] item: Leftovers
|-damage|p1a: Gardevoir|24\/277 brn|[from] brn
|turn|15
|
|move|p1a: Gardevoir|Hyper Voice|p2a: Jirachi
|-resisted|p2a: Jirachi
|-damage|p2a: Jirachi|308\/404
|move|p2a: Jirachi|Iron Head|p1a: Gardevoir
|-supereffective|p1a: Gardevoir
|-damage|p1a: Gardevoir|0 fnt
|faint|p1a: Gardevoir
|
|-heal|p2a: Jirachi|333\/404|[from] item: Leftovers
|
|switch|p1a: Gliscor|Gliscor, F|354\/354 tox
|turn|16
|
|switch|p2a: Slowbro|Slowbro, M|394\/394 tox
|move|p1a: Gliscor|Knock Off|p2a: Slowbro
|-supereffective|p2a: Slowbro
|-damage|p2a: Slowbro|304\/394 tox
|-enditem|p2a: Slowbro|Leftovers|[from] move: Knock Off|[of] p1a: Gliscor
|
|-damage|p2a: Slowbro|280\/394 tox|[from] psn
|turn|17
|
|move|p1a: Gliscor|Protect|p1a: Gliscor
|-singleturn|p1a: Gliscor|Protect
|move|p2a: Slowbro|Scald|p1a: Gliscor
|-activate|p1a: Gliscor|Protect
|
|-damage|p2a: Slowbro|232\/394 tox|[from] psn
|turn|18
|
|switch|p1a: Tentacruel|Tentacruel, F|45\/357
|move|p2a: Slowbro|Toxic|p1a: Tentacruel
|-fail|p1a: Tentacruel
|
|-heal|p1a: Tentacruel|67\/357|[from] item: Black Sludge
|-damage|p2a: Slowbro|160\/394 tox|[from] psn
|turn|19
|
|switch|p2a: Chansey|Chansey, F|641\/641
|move|p1a: Tentacruel|Scald|p2a: Chansey
|-damage|p2a: Chansey|602\/641
|-status|p2a: Chansey|brn
|
|-heal|p1a: Tentacruel|89\/357|[from] item: Black Sludge
|-damage|p2a: Chansey|522\/641 brn|[from] brn
|turn|20
|
|switch|p1a: Infernape|Infernape, F|293\/293
|move|p2a: Chansey|Heal Bell|p2a: Chansey
|-cureteam|p2a: Chansey|[from] move: HealBell
|
|turn|21
|
|switch|p1a: Gliscor|Gliscor, F|354\/354 tox
|switch|p2a: Hippowdon|Hippowdon, F|420\/420
|
|turn|22
|
|switch|p2a: Charizard|Charizard, M|359\/359
|move|p1a: Gliscor|Toxic|p2a: Charizard
|-status|p2a: Charizard|tox
|
|-damage|p2a: Charizard|337\/359 tox|[from] psn
|turn|23
|
|switch|p2a: Jirachi|Jirachi|333\/404
|move|p1a: Gliscor|Protect|p1a: Gliscor
|-fail|p1a: Gliscor
|
|-heal|p2a: Jirachi|358\/404|[from] item: Leftovers
|turn|24
|
|move|p2a: Jirachi|Protect|p2a: Jirachi
|-singleturn|p2a: Jirachi|Protect
|move|p1a: Gliscor|Knock Off|p2a: Jirachi
|-activate|p2a: Jirachi|Protect
|
|-heal|p2a: Jirachi|383\/404|[from] item: Leftovers
|turn|25
|
|move|p2a: Jirachi|Stealth Rock|p1a: Gliscor
|-sidestart|p1: Wooliest Mammoth|move: Stealth Rock
|move|p1a: Gliscor|Knock Off|p2a: Jirachi
|-supereffective|p2a: Jirachi
|-damage|p2a: Jirachi|227\/404
|-enditem|p2a: Jirachi|Leftovers|[from] move: Knock Off|[of] p1a: Gliscor
|
|turn|26
|
|switch|p2a: Charizard|Charizard, M|337\/359 tox
|move|p1a: Gliscor|Earthquake|p2a: Charizard
|-immune|p2a: Charizard|[msg]
|
|-damage|p2a: Charizard|315\/359 tox|[from] psn
|turn|27
|
|switch|p2a: Slowbro|Slowbro, M|291\/394
|move|p1a: Gliscor|Protect|p1a: Gliscor
|-fail|p1a: Gliscor
|
|turn|28
|
|switch|p1a: Tentacruel|Tentacruel, F|89\/357
|-damage|p1a: Tentacruel|45\/357|[from] Stealth Rock
|move|p2a: Slowbro|Scald|p1a: Tentacruel
|-resisted|p1a: Tentacruel
|-damage|p1a: Tentacruel|15\/357
|
|-heal|p1a: Tentacruel|37\/357|[from] item: Black Sludge
|turn|29
|
|switch|p2a: Jirachi|Jirachi|227\/404
|move|p1a: Tentacruel|Rapid Spin|p2a: Jirachi
|-resisted|p2a: Jirachi
|-damage|p2a: Jirachi|221\/404
|-sideend|p1: Wooliest Mammoth|Stealth Rock|[from] move: Rapid Spin|[of] p1a: Tentacruel
|
|-heal|p1a: Tentacruel|59\/357|[from] item: Black Sludge
|turn|30
|
|move|p2a: Jirachi|Stealth Rock|p1a: Tentacruel
|-sidestart|p1: Wooliest Mammoth|move: Stealth Rock
|move|p1a: Tentacruel|Scald|p2a: Jirachi
|-crit|p2a: Jirachi
|-damage|p2a: Jirachi|139\/404
|
|-heal|p1a: Tentacruel|81\/357|[from] item: Black Sludge
|turn|31
|
|switch|p1a: Gliscor|Gliscor, F|354\/354 tox
|-damage|p1a: Gliscor|310\/354 tox|[from] Stealth Rock
|move|p2a: Jirachi|Iron Head|p1a: Gliscor
|-damage|p1a: Gliscor|252\/354 tox
|
|-heal|p1a: Gliscor|296\/354 tox|[from] ability: Poison Heal
|turn|32
|
|switch|p2a: Charizard|Charizard, M|315\/359 tox
|move|p1a: Gliscor|Knock Off|p2a: Charizard
|-damage|p2a: Charizard|258\/359 tox
|
|-damage|p2a: Charizard|236\/359 tox|[from] psn
|-heal|p1a: Gliscor|340\/354 tox|[from] ability: Poison Heal
|turn|33
|
|move|p1a: Gliscor|Protect|p1a: Gliscor
|-singleturn|p1a: Gliscor|Protect
|move|p2a: Charizard|Dragon Claw|p1a: Gliscor
|-activate|p1a: Gliscor|Protect
|
|-damage|p2a: Charizard|192\/359 tox|[from] psn
|-heal|p1a: Gliscor|354\/354 tox|[from] ability: Poison Heal
|turn|34
|
|move|p2a: Charizard|Roost|p2a: Charizard
|-heal|p2a: Charizard|359\/359 tox
|move|p1a: Gliscor|Knock Off|p2a: Charizard
|-damage|p2a: Charizard|297\/359 tox
|
|-damage|p2a: Charizard|231\/359 tox|[from] psn
|turn|35
|
|switch|p2a: Zapdos|Zapdos|326\/384
|-ability|p2a: Zapdos|Pressure
|move|p1a: Gliscor|Knock Off|p2a: Zapdos
|-damage|p2a: Zapdos|280\/384
|
|turn|36
|
|move|p1a: Gliscor|Protect|p1a: Gliscor
|-singleturn|p1a: Gliscor|Protect
|move|p2a: Zapdos|Heat Wave|p1a: Gliscor
|-activate|p1a: Gliscor|Protect
|
|turn|37
|
|move|p2a: Zapdos|Heat Wave|p1a: Gliscor
|-miss|p2a: Zapdos|p1a: Gliscor
|move|p1a: Gliscor|Toxic|p2a: Zapdos|[miss]
|-miss|p1a: Gliscor|p2a: Zapdos
|
|turn|38
|
|move|p2a: Zapdos|Heat Wave|p1a: Gliscor
|-damage|p1a: Gliscor|238\/354 tox
|move|p1a: Gliscor|Toxic|p2a: Zapdos
|-status|p2a: Zapdos|tox
|
|-damage|p2a: Zapdos|256\/384 tox|[from] psn
|-heal|p1a: Gliscor|282\/354 tox|[from] ability: Poison Heal
|turn|39
|
|move|p2a: Zapdos|Roost|p2a: Zapdos
|-heal|p2a: Zapdos|384\/384 tox
|move|p1a: Gliscor|Knock Off|p2a: Zapdos
|-damage|p2a: Zapdos|344\/384 tox
|
|-damage|p2a: Zapdos|296\/384 tox|[from] psn
|-heal|p1a: Gliscor|326\/354 tox|[from] ability: Poison Heal
|turn|40
|
|switch|p2a: Chansey|Chansey, F|522\/641
|move|p1a: Gliscor|Protect|p1a: Gliscor
|-fail|p1a: Gliscor
|
|-heal|p1a: Gliscor|354\/354 tox|[from] ability: Poison Heal
|turn|41
|
|move|p1a: Gliscor|Knock Off|p2a: Chansey
|-damage|p2a: Chansey|423\/641
|-enditem|p2a: Chansey|Eviolite|[from] move: Knock Off|[of] p1a: Gliscor
|move|p2a: Chansey|Heal Bell|p2a: Chansey
|-cureteam|p2a: Chansey|[from] move: HealBell
|
|turn|42
|
|move|p1a: Gliscor|Earthquake|p2a: Chansey
|-damage|p2a: Chansey|210\/641
|move|p2a: Chansey|Soft-Boiled|p2a: Chansey
|-heal|p2a: Chansey|531\/641
|
|turn|43
|
|move|p1a: Gliscor|Toxic|p2a: Chansey
|-status|p2a: Chansey|tox
|move|p2a: Chansey|Soft-Boiled|p2a: Chansey
|-heal|p2a: Chansey|641\/641 tox
|
|-damage|p2a: Chansey|601\/641 tox|[from] psn
|turn|44
|
|switch|p1a: Tentacruel|Tentacruel, F|81\/357
|-damage|p1a: Tentacruel|37\/357|[from] Stealth Rock
|move|p2a: Chansey|Seismic Toss|p1a: Tentacruel
|-damage|p1a: Tentacruel|0 fnt
|faint|p1a: Tentacruel
|
|-damage|p2a: Chansey|521\/641 tox|[from] psn
|
|switch|p1a: Infernape|Infernape, F|293\/293
|-damage|p1a: Infernape|257\/293|[from] Stealth Rock
|turn|45
|
|switch|p2a: Hippowdon|Hippowdon, F|420\/420
|move|p1a: Infernape|Stealth Rock|p2a: Hippowdon
|-sidestart|p2: LT7H RotomSock|move: Stealth Rock
|
|turn|46
|
|switch|p1a: Gliscor|Gliscor, F|354\/354 tox
|-damage|p1a: Gliscor|310\/354 tox|[from] Stealth Rock
|move|p2a: Hippowdon|Whirlwind|p1a: Gliscor
|drag|p1a: Dragonite|Dragonite, M|323\/323
|-damage|p1a: Dragonite|243\/323|[from] Stealth Rock
|
|turn|47
|
|move|p1a: Dragonite|Outrage|p2a: Hippowdon
|-damage|p2a: Hippowdon|191\/420
|move|p2a: Hippowdon|Toxic|p1a: Dragonite|[miss]
|-miss|p2a: Hippowdon|p1a: Dragonite
|
|-heal|p2a: Hippowdon|217\/420|[from] item: Leftovers
|turn|48
|
|switch|p2a: Slowbro|Slowbro, M|394\/394
|-damage|p2a: Slowbro|345\/394|[from] Stealth Rock
|move|p1a: Dragonite|Outrage|p2a: Slowbro
|-damage|p2a: Slowbro|83\/394
|
|turn|49
|
|switch|p2a: Jirachi|Jirachi|139\/404
|-damage|p2a: Jirachi|114\/404|[from] Stealth Rock
|move|p1a: Dragonite|Outrage|p2a: Jirachi
|-resisted|p2a: Jirachi
|-damage|p2a: Jirachi|0 fnt
|faint|p2a: Jirachi
|
|-end|p1a: Dragonite|rampage
|-start|p1a: Dragonite|confusion
|
|switch|p2a: Charizard|Charizard, M|231\/359
|-damage|p2a: Charizard|52\/359|[from] Stealth Rock
|turn|50
|
|switch|p1a: Gliscor|Gliscor, F|310\/354 tox
|-damage|p1a: Gliscor|266\/354 tox|[from] Stealth Rock
|detailschange|p2a: Charizard|Charizard-Mega-X, M
|message|Charizard has Mega Evolved into Mega Charizard!
|move|p2a: Charizard|Dragon Claw|p1a: Gliscor
|-damage|p1a: Gliscor|172\/354 tox
|
|-heal|p1a: Gliscor|216\/354 tox|[from] ability: Poison Heal
|turn|51
|
|switch|p2a: Zapdos|Zapdos|296\/384
|-damage|p2a: Zapdos|200\/384|[from] Stealth Rock
|-ability|p2a: Zapdos|Pressure
|move|p1a: Gliscor|Toxic|p2a: Zapdos
|-status|p2a: Zapdos|tox
|
|-damage|p2a: Zapdos|176\/384 tox|[from] psn
|-heal|p1a: Gliscor|260\/354 tox|[from] ability: Poison Heal
|turn|52
|
|move|p1a: Gliscor|Protect|p1a: Gliscor
|-singleturn|p1a: Gliscor|Protect
|move|p2a: Zapdos|Roost|p2a: Zapdos
|-heal|p2a: Zapdos|368\/384 tox
|
|-damage|p2a: Zapdos|320\/384 tox|[from] psn
|-heal|p1a: Gliscor|304\/354 tox|[from] ability: Poison Heal
|turn|53
|
|move|p2a: Zapdos|Defog|p1a: Gliscor
|-unboost|p1a: Gliscor|evasion|1
|-sideend|p1: Wooliest Mammoth|Stealth Rock|[from] move: Defog|[of] p1a: Gliscor
|-sideend|p2: LT7H RotomSock|Stealth Rock|[from] move: Defog|[of] p2a: Zapdos
|move|p1a: Gliscor|Knock Off|p2a: Zapdos
|-damage|p2a: Zapdos|281\/384 tox
|
|-damage|p2a: Zapdos|209\/384 tox|[from] psn
|-heal|p1a: Gliscor|348\/354 tox|[from] ability: Poison Heal
|turn|54
|
|switch|p2a: Chansey|Chansey, F|521\/641
|move|p1a: Gliscor|Earthquake|p2a: Chansey
|-damage|p2a: Chansey|296\/641
|
|-heal|p1a: Gliscor|354\/354 tox|[from] ability: Poison Heal
|turn|55
|
|switch|p1a: Dragonite|Dragonite, M|243\/323
|move|p2a: Chansey|Soft-Boiled|p2a: Chansey
|-heal|p2a: Chansey|617\/641
|
|turn|56
|
|switch|p2a: Zapdos|Zapdos|209\/384 tox
|-ability|p2a: Zapdos|Pressure
|move|p1a: Dragonite|Extreme Speed|p2a: Zapdos
|-damage|p2a: Zapdos|66\/384 tox
|
|-damage|p2a: Zapdos|42\/384 tox|[from] psn
|turn|57
|
|switch|p2a: Slowbro|Slowbro, M|214\/394
|move|p1a: Dragonite|Extreme Speed|p2a: Slowbro
|-crit|p2a: Slowbro
|-damage|p2a: Slowbro|57\/394
|
|turn|58
|
|switch|p2a: Zapdos|Zapdos|42\/384 tox
|-ability|p2a: Zapdos|Pressure
|move|p1a: Dragonite|Extreme Speed|p2a: Zapdos
|-damage|p2a: Zapdos|0 fnt
|faint|p2a: Zapdos
|
|
|switch|p2a: Hippowdon|Hippowdon, F|217\/420
|turn|59
|
|switch|p1a: Infernape|Infernape, F|257\/293
|move|p2a: Hippowdon|Slack Off|p2a: Hippowdon
|-heal|p2a: Hippowdon|420\/420
|
|turn|60
|-message|LT7H RotomSock forfeited.
|
|win|Wooliest Mammoth
|raw|Ladder updating...
|leave|LT7H RotomSock
|player|p2
|raw|Wooliest Mammoth's rating: 1554 &rarr; <strong>1575<\/strong><br \/>(+21 for winning)
|raw|LT7H RotomSock's rating: 1569 &rarr; <strong>1548<\/strong><br \/>(-21 for losing)