|join|KOMANOVE
|join|Wooliest Mammoth
|player|p1|KOMANOVE|101
|player|p2|Wooliest Mammoth|101
|gametype|singles
|gen|6
|tier|OU
|rated
|clearpoke
|poke|p1|Politoed, M
|poke|p1|Kingdra, M
|poke|p1|Ferrothorn, F
|poke|p1|Latias, F
|poke|p1|Heracross, M
|poke|p1|Kabutops, F
|poke|p2|Dragonite, F
|poke|p2|Gardevoir, M
|poke|p2|Gliscor, M
|poke|p2|Infernape, M
|poke|p2|Weavile, M
|poke|p2|Tentacruel, M
|rule|Swagger Clause: Swagger is banned
|rule|Baton Pass Clause: Limit one PokÃ©mon knowing Baton Pass
|rule|Sleep Clause Mod: Limit one foe put to sleep
|rule|Species Clause: Limit one of each PokÃ©mon
|rule|OHKO Clause: OHKO moves are banned
|rule|Moody Clause: Moody is banned
|rule|Evasion Moves Clause: Evasion moves are banned
|rule|Endless Battle Clause: Forcing endless battles is banned
|rule|HP Percentage Mod: HP is shown in percentages
|teampreview
|
|start
|switch|p1a: Politoed|Politoed, M|384\/384
|switch|p2a: Tentacruel|Tentacruel, M|357\/357
|-weather|RainDance
|turn|1
|
|switch|p1a: Ferrothorn|Ferrothorn, F|352\/352
|move|p2a: Tentacruel|Scald|p1a: Ferrothorn
|-resisted|p1a: Ferrothorn
|-damage|p1a: Ferrothorn|298\/352
|-status|p1a: Ferrothorn|brn
|
|-weather|RainDance|[upkeep]
|-damage|p1a: Ferrothorn|254\/352 brn|[from] brn
|turn|2
|
|switch|p2a: Infernape|Infernape, M|293\/293
|move|p1a: Ferrothorn|Stealth Rock|p2a: Infernape
|-sidestart|p2: Wooliest Mammoth|move: Stealth Rock
|
|-weather|RainDance|[upkeep]
|-damage|p1a: Ferrothorn|210\/352 brn|[from] brn
|turn|3
|
|switch|p1a: Latias|Latias, F|302\/302
|move|p2a: Infernape|Close Combat|p1a: Latias
|-resisted|p1a: Latias
|-damage|p1a: Latias|215\/302
|-unboost|p2a: Infernape|def|1
|-unboost|p2a: Infernape|spd|1
|
|-weather|RainDance|[upkeep]
|-heal|p1a: Latias|233\/302|[from] item: Leftovers
|turn|4
|
|switch|p1a: Kabutops|Kabutops, F|262\/262
|move|p2a: Infernape|Stealth Rock|p1a: Kabutops
|-sidestart|p1: KOMANOVE|move: Stealth Rock
|
|-weather|RainDance|[upkeep]
|turn|5
|
|move|p1a: Kabutops|Aqua Jet|p2a: Infernape
|-supereffective|p2a: Infernape
|-enditem|p2a: Infernape|Focus Sash
|-damage|p2a: Infernape|1\/293
|-damage|p1a: Kabutops|236\/262|[from] item: Life Orb
|move|p2a: Infernape|Close Combat|p1a: Kabutops
|-crit|p1a: Kabutops
|-supereffective|p1a: Kabutops
|-damage|p1a: Kabutops|0 fnt
|-unboost|p2a: Infernape|def|1
|-unboost|p2a: Infernape|spd|1
|faint|p1a: Kabutops
|
|-weather|RainDance|[upkeep]
|
|switch|p1a: Kingdra|Kingdra, M|296\/296
|-damage|p1a: Kingdra|259\/296|[from] Stealth Rock
|turn|6
|
|move|p2a: Infernape|Mach Punch|p1a: Kingdra
|-damage|p1a: Kingdra|190\/296
|move|p1a: Kingdra|Hydro Pump|p2a: Infernape|[miss]
|-miss|p1a: Kingdra|p2a: Infernape
|
|-weather|RainDance|[upkeep]
|turn|7
|
|move|p2a: Infernape|Mach Punch|p1a: Kingdra
|-crit|p1a: Kingdra
|-damage|p1a: Kingdra|75\/296
|move|p1a: Kingdra|Hydro Pump|p2a: Infernape
|-supereffective|p2a: Infernape
|-damage|p2a: Infernape|0 fnt
|faint|p2a: Infernape
|
|-weather|RainDance|[upkeep]
|
|switch|p2a: Dragonite|Dragonite, F|323\/323
|-damage|p2a: Dragonite|243\/323|[from] Stealth Rock
|turn|8
|
|switch|p1a: Ferrothorn|Ferrothorn, F|210\/352 brn
|-damage|p1a: Ferrothorn|188\/352 brn|[from] Stealth Rock
|move|p2a: Dragonite|Extreme Speed|p1a: Ferrothorn
|-resisted|p1a: Ferrothorn
|-damage|p1a: Ferrothorn|143\/352 brn
|-damage|p2a: Dragonite|203\/323|[from] ability: Iron Barbs|[of] p1a: Ferrothorn
|-damage|p2a: Dragonite|150\/323|[from] item: Rocky Helmet|[of] p1a: Ferrothorn
|
|-weather|none
|-damage|p1a: Ferrothorn|99\/352 brn|[from] brn
|turn|9
|
|switch|p2a: Tentacruel|Tentacruel, M|357\/357
|-damage|p2a: Tentacruel|313\/357|[from] Stealth Rock
|move|p1a: Ferrothorn|Leech Seed|p2a: Tentacruel
|-start|p2a: Tentacruel|move: Leech Seed
|
|-heal|p2a: Tentacruel|335\/357|[from] item: Black Sludge
|-damage|p2a: Tentacruel|291\/357|[from] Leech Seed|[of] p1a: Ferrothorn
|-damage|p1a: Ferrothorn|55\/352 brn|[from] ability: Liquid Ooze|[of] p2a: Tentacruel
|-damage|p1a: Ferrothorn|11\/352 brn|[from] brn
|turn|10
|
|move|p2a: Tentacruel|Rapid Spin|p1a: Ferrothorn
|-resisted|p1a: Ferrothorn
|-damage|p1a: Ferrothorn|8\/352 brn
|-damage|p2a: Tentacruel|247\/357|[from] ability: Iron Barbs|[of] p1a: Ferrothorn
|-damage|p2a: Tentacruel|188\/357|[from] item: Rocky Helmet|[of] p1a: Ferrothorn
|-end|p2a: Tentacruel|Leech Seed|[from] move: Rapid Spin|[of] p2a: Tentacruel
|-sideend|p2: Wooliest Mammoth|Stealth Rock|[from] move: Rapid Spin|[of] p2a: Tentacruel
|move|p1a: Ferrothorn|Stealth Rock|p2a: Tentacruel
|-sidestart|p2: Wooliest Mammoth|move: Stealth Rock
|
|-heal|p2a: Tentacruel|210\/357|[from] item: Black Sludge
|-damage|p1a: Ferrothorn|0 fnt|[from] brn
|faint|p1a: Ferrothorn
|
|switch|p1a: Heracross|Heracross, M|301\/301
|-damage|p1a: Heracross|264\/301|[from] Stealth Rock
|turn|11
|
|detailschange|p1a: Heracross|Heracross-Mega, M
|message|Heracross has Mega Evolved into Mega Heracross!
|move|p1a: Heracross|Rock Blast|p2a: Tentacruel
|-damage|p2a: Tentacruel|146\/357
|-damage|p2a: Tentacruel|85\/357
|-damage|p2a: Tentacruel|20\/357
|-crit|p2a: Tentacruel
|-damage|p2a: Tentacruel|0 fnt
|-hitcount|p2a: Tentacruel|4
|faint|p2a: Tentacruel
|
|
|switch|p2a: Gliscor|Gliscor, M|354\/354
|-damage|p2a: Gliscor|310\/354|[from] Stealth Rock
|turn|12
|
|move|p1a: Heracross|Swords Dance|p1a: Heracross
|-boost|p1a: Heracross|atk|2
|move|p2a: Gliscor|Toxic|p1a: Heracross
|-status|p1a: Heracross|tox
|
|-damage|p1a: Heracross|246\/301 tox|[from] psn
|-status|p2a: Gliscor|tox|[from] item: Toxic Orb
|turn|13
|
|move|p1a: Heracross|Swords Dance|p1a: Heracross
|-boost|p1a: Heracross|atk|2
|move|p2a: Gliscor|Earthquake|p1a: Heracross
|-resisted|p1a: Heracross
|-damage|p1a: Heracross|198\/301 tox
|
|-damage|p1a: Heracross|162\/301 tox|[from] psn
|-heal|p2a: Gliscor|354\/354 tox|[from] ability: Poison Heal
|turn|14
|
|move|p2a: Gliscor|Protect|p2a: Gliscor
|-singleturn|p2a: Gliscor|Protect
|move|p1a: Heracross|Rock Blast|p2a: Gliscor
|-activate|p2a: Gliscor|Protect
|
|-damage|p1a: Heracross|108\/301 tox|[from] psn
|turn|15
|
|switch|p2a: Weavile|Weavile, M|281\/281
|-damage|p2a: Weavile|211\/281|[from] Stealth Rock
|-ability|p2a: Weavile|Pressure
|move|p1a: Heracross|Rock Blast|p2a: Weavile
|-supereffective|p2a: Weavile
|-damage|p2a: Weavile|0 fnt
|-hitcount|p2a: Weavile|1
|faint|p2a: Weavile
|
|-damage|p1a: Heracross|36\/301 tox|[from] psn
|
|switch|p2a: Gliscor|Gliscor, M|354\/354 tox
|-damage|p2a: Gliscor|310\/354 tox|[from] Stealth Rock
|turn|16
|
|switch|p1a: Politoed|Politoed, M|384\/384
|-damage|p1a: Politoed|336\/384|[from] Stealth Rock
|-weather|RainDance
|move|p2a: Gliscor|Protect|p2a: Gliscor
|-fail|p2a: Gliscor
|
|-weather|RainDance|[upkeep]
|-heal|p2a: Gliscor|354\/354 tox|[from] ability: Poison Heal
|turn|17
|
|move|p2a: Gliscor|Protect|p2a: Gliscor
|-singleturn|p2a: Gliscor|Protect
|move|p1a: Politoed|Scald|p2a: Gliscor
|-activate|p2a: Gliscor|Protect
|
|-weather|RainDance|[upkeep]
|turn|18
|
|move|p2a: Gliscor|Protect|p2a: Gliscor
|-fail|p2a: Gliscor
|move|p1a: Politoed|Scald|p2a: Gliscor
|-crit|p2a: Gliscor
|-supereffective|p2a: Gliscor
|-damage|p2a: Gliscor|0 fnt
|faint|p2a: Gliscor
|
|-weather|RainDance|[upkeep]
|
|switch|p2a: Gardevoir|Gardevoir, M|277\/277
|-damage|p2a: Gardevoir|243\/277|[from] Stealth Rock
|-ability|p2a: Gardevoir|Drizzle|[from] ability: Trace|[of] p1a: Politoed
|turn|19
|
|switch|p1a: Heracross|Heracross-Mega, M|36\/301 tox
|-damage|p1a: Heracross|0 fnt|[from] Stealth Rock
|faint|p1a: Heracross
|detailschange|p2a: Gardevoir|Gardevoir-Mega, M
|message|Gardevoir has Mega Evolved into Mega Gardevoir!
|move|p2a: Gardevoir|Hyper Voice|p1: Heracross|[notarget]
|-notarget
|
|-weather|RainDance|[upkeep]
|
|switch|p1a: Latias|Latias, F|233\/302
|-damage|p1a: Latias|196\/302|[from] Stealth Rock
|turn|20
|
|move|p1a: Latias|Healing Wish|p1a: Latias
|faint|p1a: Latias
|move|p2a: Gardevoir|Hyper Voice|p1: Latias|[notarget]
|-notarget
|
|-weather|RainDance|[upkeep]
|
|switch|p1a: Kingdra|Kingdra, M|75\/296
|-heal|p1a: Kingdra|296\/296|[from] move: Healing Wish
|-damage|p1a: Kingdra|259\/296|[from] Stealth Rock
|turn|21
|
|move|p1a: Kingdra|Hydro Pump|p2a: Gardevoir
|-damage|p2a: Gardevoir|0 fnt
|faint|p2a: Gardevoir
|
|-weather|RainDance|[upkeep]
|
|switch|p2a: Dragonite|Dragonite, F|150\/323
|-damage|p2a: Dragonite|70\/323|[from] Stealth Rock
|turn|22
|
|move|p2a: Dragonite|Extreme Speed|p1a: Kingdra
|-crit|p1a: Kingdra
|-damage|p1a: Kingdra|0 fnt
|faint|p1a: Kingdra
|
|-weather|RainDance|[upkeep]
|
|switch|p1a: Politoed|Politoed, M|336\/384
|-damage|p1a: Politoed|288\/384|[from] Stealth Rock
|turn|23
|c|âKOMANOVE|lol
|
|move|p2a: Dragonite|Extreme Speed|p1a: Politoed
|-damage|p1a: Politoed|153\/384
|move|p1a: Politoed|Scald|p2a: Dragonite
|-crit|p2a: Dragonite
|-resisted|p2a: Dragonite
|-damage|p2a: Dragonite|0 fnt
|faint|p2a: Dragonite
|
|win|KOMANOVE
|raw|Ladder updating...
|raw|KOMANOVE's rating: 1530 &rarr; <strong>1551<\/strong><br \/>(+21 for winning)
|raw|Wooliest Mammoth's rating: 1539 &rarr; <strong>1518<\/strong><br \/>(-21 for losing)
|c|âWooliest Mammoth|lol gg
|c|âKOMANOVE|gg