|join|Jabinkles
|join|Wooliest Mammoth
|player|p1|Jabinkles|245
|player|p2|Wooliest Mammoth|101
|gametype|singles
|gen|6
|tier|OU
|rated
|clearpoke
|poke|p1|Mandibuzz, F
|poke|p1|Diancie
|poke|p1|Weezing, F, shiny
|poke|p1|Slowbro, F
|poke|p1|Breloom, M
|poke|p1|Gardevoir, M
|poke|p2|Roserade, F
|poke|p2|Bisharp, M
|poke|p2|Slowbro, F
|poke|p2|Garchomp, F
|poke|p2|Talonflame, F
|poke|p2|Altaria, F
|rule|Swagger Clause: Swagger is banned
|rule|Baton Pass Clause: Limit one PokÃ©mon knowing Baton Pass
|rule|Sleep Clause Mod: Limit one foe put to sleep
|rule|Species Clause: Limit one of each PokÃ©mon
|rule|OHKO Clause: OHKO moves are banned
|rule|Moody Clause: Moody is banned
|rule|Evasion Moves Clause: Evasion moves are banned
|rule|Endless Battle Clause: Forcing endless battles is banned
|rule|HP Percentage Mod: HP is shown in percentages
|teampreview
|
|start
|switch|p1a: Gardevoir|Gardevoir, M|277\/277
|switch|p2a: Talonflame|Talonflame, F|297\/297
|-ability|p1a: Gardevoir|Gale Wings|[from] ability: Trace|[of] p2a: Talonflame
|turn|1
|
|switch|p1a: Mandibuzz|Mandibuzz, F|424\/424
|move|p2a: Talonflame|Brave Bird|p1a: Mandibuzz
|-damage|p1a: Mandibuzz|247\/424
|-damage|p2a: Talonflame|239\/297|[from] recoil|[of] p1a: Mandibuzz
|
|-heal|p1a: Mandibuzz|273\/424|[from] item: Leftovers
|turn|2
|
|switch|p2a: Bisharp|Bisharp, M|271\/271
|move|p1a: Mandibuzz|Foul Play|p2a: Bisharp
|-resisted|p2a: Bisharp
|-damage|p2a: Bisharp|173\/271
|
|-heal|p1a: Mandibuzz|299\/424|[from] item: Leftovers
|turn|3
|
|move|p2a: Bisharp|Knock Off|p1a: Mandibuzz
|-resisted|p1a: Mandibuzz
|-damage|p1a: Mandibuzz|226\/424
|-enditem|p1a: Mandibuzz|Leftovers|[from] move: Knock Off|[of] p2a: Bisharp
|move|p1a: Mandibuzz|Foul Play|p2a: Bisharp
|-crit|p2a: Bisharp
|-resisted|p2a: Bisharp
|-damage|p2a: Bisharp|29\/271
|
|turn|4
|
|switch|p2a: Altaria|Altaria, F|297\/297
|move|p1a: Mandibuzz|Roost|p1a: Mandibuzz
|-heal|p1a: Mandibuzz|424\/424
|
|turn|5
|
|switch|p1a: Weezing|Weezing, F, shiny|333\/333
|detailschange|p2a: Altaria|Altaria-Mega, F
|-mega|p2a: Altaria|Altaria|Altarianite
|move|p2a: Altaria|Hyper Voice|p1a: Weezing
|-resisted|p1a: Weezing
|-damage|p1a: Weezing|209\/333
|
|-heal|p1a: Weezing|229\/333|[from] item: Black Sludge
|turn|6
|
|switch|p2a: Roserade|Roserade, F|261\/261
|move|p1a: Weezing|Clear Smog|p2a: Roserade
|-damage|p2a: Roserade|207\/261
|-clearboost|p2a: Roserade
|
|-heal|p1a: Weezing|249\/333|[from] item: Black Sludge
|turn|7
|
|move|p2a: Roserade|Sleep Powder|p1a: Weezing
|-status|p1a: Weezing|slp
|cant|p1a: Weezing|slp
|
|-heal|p1a: Weezing|269\/333 slp|[from] item: Black Sludge
|turn|8
|
|move|p2a: Roserade|Spikes|p1a: Weezing
|-sidestart|p1: Jabinkles|Spikes
|cant|p1a: Weezing|slp
|
|-heal|p1a: Weezing|289\/333 slp|[from] item: Black Sludge
|turn|9
|
|move|p2a: Roserade|Spikes|p1a: Weezing
|-sidestart|p1: Jabinkles|Spikes
|cant|p1a: Weezing|slp
|
|-heal|p1a: Weezing|309\/333 slp|[from] item: Black Sludge
|turn|10
|
|move|p2a: Roserade|Spikes|p1a: Weezing
|-sidestart|p1: Jabinkles|Spikes
|-curestatus|p1a: Weezing|slp
|move|p1a: Weezing|Flamethrower|p2a: Roserade
|-supereffective|p2a: Roserade
|-damage|p2a: Roserade|77\/261
|
|-heal|p1a: Weezing|329\/333|[from] item: Black Sludge
|turn|11
|
|switch|p1a: Mandibuzz|Mandibuzz, F|424\/424
|move|p2a: Roserade|Sleep Powder|p1a: Mandibuzz
|-fail|p1a: Mandibuzz
|
|turn|12
|
|switch|p2a: Bisharp|Bisharp, M|29\/271
|move|p1a: Mandibuzz|Defog|p2a: Bisharp
|-unboost|p2a: Bisharp|evasion|1
|-boost|p2a: Bisharp|atk|2|[from] ability: Defiant
|-sideend|p1: Jabinkles|Spikes|[from] move: Defog|[of] p1a: Mandibuzz
|
|turn|13
|
|move|p2a: Bisharp|Iron Head|p1a: Mandibuzz
|-damage|p1a: Mandibuzz|211\/424
|move|p1a: Mandibuzz|Foul Play|p2a: Bisharp
|-resisted|p2a: Bisharp
|-damage|p2a: Bisharp|0 fnt
|faint|p2a: Bisharp
|
|
|switch|p2a: Garchomp|Garchomp, F|357\/357
|turn|14
|
|move|p2a: Garchomp|Stealth Rock|p1a: Mandibuzz
|-sidestart|p1: Jabinkles|move: Stealth Rock
|move|p1a: Mandibuzz|Roost|p1a: Mandibuzz
|-heal|p1a: Mandibuzz|423\/424
|
|turn|15
|
|switch|p2a: Altaria|Altaria-Mega, F|297\/297
|move|p1a: Mandibuzz|Defog|p2a: Altaria
|-unboost|p2a: Altaria|evasion|1
|-sideend|p1: Jabinkles|Stealth Rock|[from] move: Defog|[of] p1a: Mandibuzz
|
|turn|16
|
|switch|p1a: Diancie|Diancie|304\/304
|move|p2a: Altaria|Hyper Voice|p1a: Diancie
|-damage|p1a: Diancie|199\/304
|
|-heal|p1a: Diancie|218\/304|[from] item: Leftovers
|turn|17
|
|switch|p2a: Roserade|Roserade, F|77\/261
|move|p1a: Diancie|Stealth Rock|p2a: Roserade
|-sidestart|p2: Wooliest Mammoth|move: Stealth Rock
|
|-heal|p1a: Diancie|237\/304|[from] item: Leftovers
|turn|18
|
|switch|p1a: Mandibuzz|Mandibuzz, F|423\/424
|move|p2a: Roserade|Leaf Storm|p1a: Mandibuzz|[miss]
|-miss|p2a: Roserade|p1a: Mandibuzz
|
|turn|19
|
|move|p2a: Roserade|Sludge Bomb|p1a: Mandibuzz
|-damage|p1a: Mandibuzz|216\/424
|-damage|p2a: Roserade|51\/261|[from] item: Life Orb
|move|p1a: Mandibuzz|Foul Play|p2a: Roserade
|-damage|p2a: Roserade|0 fnt
|faint|p2a: Roserade
|
|
|switch|p2a: Altaria|Altaria-Mega, F|297\/297
|-damage|p2a: Altaria|260\/297|[from] Stealth Rock
|turn|20
|
|switch|p1a: Diancie|Diancie|237\/304
|move|p2a: Altaria|Hyper Voice|p1a: Diancie
|-damage|p1a: Diancie|132\/304
|
|-heal|p1a: Diancie|151\/304|[from] item: Leftovers
|turn|21
|
|move|p2a: Altaria|Earthquake|p1a: Diancie
|-supereffective|p1a: Diancie
|-damage|p1a: Diancie|51\/304
|move|p1a: Diancie|Moonblast|p2a: Altaria
|-supereffective|p2a: Altaria
|-damage|p2a: Altaria|44\/297
|-unboost|p2a: Altaria|spa|1
|
|-heal|p1a: Diancie|70\/304|[from] item: Leftovers
|turn|22
|
|switch|p1a: Weezing|Weezing, F, shiny|329\/333
|move|p2a: Altaria|Roost|p2a: Altaria
|-heal|p2a: Altaria|193\/297
|
|-heal|p1a: Weezing|333\/333|[from] item: Black Sludge
|turn|23
|
|move|p2a: Altaria|Roost|p2a: Altaria
|-heal|p2a: Altaria|297\/297
|move|p1a: Weezing|Will-O-Wisp|p2a: Altaria
|-status|p2a: Altaria|brn
|
|-damage|p2a: Altaria|260\/297 brn|[from] brn
|turn|24
|
|switch|p2a: Slowbro|Slowbro, F|394\/394
|-damage|p2a: Slowbro|345\/394|[from] Stealth Rock
|move|p1a: Weezing|Flamethrower|p2a: Slowbro
|-resisted|p2a: Slowbro
|-damage|p2a: Slowbro|309\/394
|
|-heal|p2a: Slowbro|333\/394|[from] item: Leftovers
|turn|25
|
|switch|p1a: Gardevoir|Gardevoir, M|277\/277
|-ability|p1a: Gardevoir|Regenerator|[from] ability: Trace|[of] p2a: Slowbro
|move|p2a: Slowbro|Scald|p1a: Gardevoir
|-damage|p1a: Gardevoir|189\/277
|-status|p1a: Gardevoir|brn
|
|-heal|p2a: Slowbro|357\/394|[from] item: Leftovers
|-damage|p1a: Gardevoir|155\/277 brn|[from] brn
|turn|26
|
|switch|p2a: Garchomp|Garchomp, F|357\/357
|-damage|p2a: Garchomp|335\/357|[from] Stealth Rock
|move|p1a: Gardevoir|Trick|p2a: Garchomp
|-activate|p1a: Gardevoir|move: Trick|[of] p2a: Garchomp
|-item|p2a: Garchomp|Choice Scarf|[from] move: Trick
|-item|p1a: Gardevoir|Focus Sash|[from] move: Trick
|
|-damage|p1a: Gardevoir|121\/277 brn|[from] brn
|turn|27
|
|switch|p1a: Mandibuzz|Mandibuzz, F|216\/424
|move|p2a: Garchomp|Stealth Rock|p1a: Mandibuzz
|-sidestart|p1: Jabinkles|move: Stealth Rock
|
|turn|28
|
|switch|p2a: Altaria|Altaria-Mega, F|260\/297 brn
|-damage|p2a: Altaria|223\/297 brn|[from] Stealth Rock
|move|p1a: Mandibuzz|Roost|p1a: Mandibuzz
|-heal|p1a: Mandibuzz|424\/424
|
|-damage|p2a: Altaria|186\/297 brn|[from] brn
|turn|29
|
|switch|p1a: Gardevoir|Gardevoir, M|213\/277 brn
|-damage|p1a: Gardevoir|179\/277 brn|[from] Stealth Rock
|-ability|p1a: Gardevoir|Pixilate|[from] ability: Trace|[of] p2a: Altaria
|move|p2a: Altaria|Hyper Voice|p1a: Gardevoir
|-damage|p1a: Gardevoir|5\/277 brn
|
|-damage|p1a: Gardevoir|0 fnt|[from] brn
|-damage|p2a: Altaria|149\/297 brn|[from] brn
|faint|p1a: Gardevoir
|
|switch|p1a: Slowbro|Slowbro, F|393\/393
|-damage|p1a: Slowbro|344\/393|[from] Stealth Rock
|turn|30
|
|move|p2a: Altaria|Roost|p2a: Altaria
|-heal|p2a: Altaria|297\/297 brn
|move|p1a: Slowbro|Calm Mind|p1a: Slowbro
|-boost|p1a: Slowbro|spa|1
|-boost|p1a: Slowbro|spd|1
|
|-damage|p2a: Altaria|260\/297 brn|[from] brn
|turn|31
|
|switch|p2a: Slowbro|Slowbro, F|394\/394
|-damage|p2a: Slowbro|345\/394|[from] Stealth Rock
|move|p1a: Slowbro|Calm Mind|p1a: Slowbro
|-boost|p1a: Slowbro|spa|1
|-boost|p1a: Slowbro|spd|1
|
|-heal|p2a: Slowbro|369\/394|[from] item: Leftovers
|turn|32
|
|detailschange|p1a: Slowbro|Slowbro-Mega, F
|-mega|p1a: Slowbro|Slowbro|Slowbronite
|move|p1a: Slowbro|Scald|p2a: Slowbro
|-resisted|p2a: Slowbro
|-damage|p2a: Slowbro|220\/394
|move|p2a: Slowbro|Toxic|p1a: Slowbro
|-status|p1a: Slowbro|tox
|
|-heal|p2a: Slowbro|244\/394|[from] item: Leftovers
|-damage|p1a: Slowbro|320\/393 tox|[from] psn
|turn|33
|
|move|p2a: Slowbro|Slack Off|p2a: Slowbro
|-heal|p2a: Slowbro|394\/394
|move|p1a: Slowbro|Scald|p2a: Slowbro
|-resisted|p2a: Slowbro
|-damage|p2a: Slowbro|250\/394
|-status|p2a: Slowbro|brn
|
|-heal|p2a: Slowbro|274\/394 brn|[from] item: Leftovers
|-damage|p2a: Slowbro|225\/394 brn|[from] brn
|-damage|p1a: Slowbro|272\/393 tox|[from] psn
|turn|34
|
|switch|p1a: Breloom|Breloom, M|261\/261
|-damage|p1a: Breloom|245\/261|[from] Stealth Rock
|move|p2a: Slowbro|Slack Off|p2a: Slowbro
|-heal|p2a: Slowbro|394\/394 brn
|
|-damage|p2a: Slowbro|345\/394 brn|[from] brn
|turn|35
|
|switch|p2a: Altaria|Altaria-Mega, F|260\/297 brn
|-damage|p2a: Altaria|223\/297 brn|[from] Stealth Rock
|move|p1a: Breloom|Bullet Seed|p2a: Altaria
|-resisted|p2a: Altaria
|-damage|p2a: Altaria|193\/297 brn
|-resisted|p2a: Altaria
|-damage|p2a: Altaria|162\/297 brn
|-resisted|p2a: Altaria
|-damage|p2a: Altaria|129\/297 brn
|-hitcount|p2a: Altaria|3
|
|-damage|p2a: Altaria|92\/297 brn|[from] brn
|turn|36
|
|move|p2a: Altaria|Roost|p2a: Altaria
|-heal|p2a: Altaria|241\/297 brn
|move|p1a: Breloom|Bullet Seed|p2a: Altaria
|-resisted|p2a: Altaria
|-damage|p2a: Altaria|213\/297 brn
|-resisted|p2a: Altaria
|-damage|p2a: Altaria|185\/297 brn
|-resisted|p2a: Altaria
|-damage|p2a: Altaria|154\/297 brn
|-resisted|p2a: Altaria
|-damage|p2a: Altaria|126\/297 brn
|-hitcount|p2a: Altaria|4
|
|-damage|p2a: Altaria|89\/297 brn|[from] brn
|turn|37
|
|move|p1a: Breloom|Mach Punch|p2a: Altaria
|-resisted|p2a: Altaria
|-damage|p2a: Altaria|40\/297 brn
|move|p2a: Altaria|Hyper Voice|p1a: Breloom
|-supereffective|p1a: Breloom
|-damage|p1a: Breloom|0 fnt
|faint|p1a: Breloom
|
|-damage|p2a: Altaria|3\/297 brn|[from] brn
|
|switch|p1a: Diancie|Diancie|70\/304
|-damage|p1a: Diancie|32\/304|[from] Stealth Rock
|turn|38
|
|move|p2a: Altaria|Roost|p2a: Altaria
|-heal|p2a: Altaria|152\/297 brn
|move|p1a: Diancie|Heal Bell|p1a: Diancie
|-cureteam|p1a: Diancie|[from] move: HealBell
|
|-heal|p1a: Diancie|51\/304|[from] item: Leftovers
|-damage|p2a: Altaria|115\/297 brn|[from] brn
|turn|39
|
|move|p2a: Altaria|Hyper Voice|p1a: Diancie
|-damage|p1a: Diancie|0 fnt
|faint|p1a: Diancie
|
|-damage|p2a: Altaria|78\/297 brn|[from] brn
|
|switch|p1a: Weezing|Weezing, F, shiny|333\/333
|-damage|p1a: Weezing|292\/333|[from] Stealth Rock
|turn|40
|
|move|p2a: Altaria|Roost|p2a: Altaria
|-heal|p2a: Altaria|227\/297 brn
|move|p1a: Weezing|Clear Smog|p2a: Altaria
|-crit|p2a: Altaria
|-supereffective|p2a: Altaria
|-damage|p2a: Altaria|69\/297 brn
|-clearboost|p2a: Altaria
|
|-heal|p1a: Weezing|312\/333|[from] item: Black Sludge
|-damage|p2a: Altaria|32\/297 brn|[from] brn
|turn|41
|
|move|p2a: Altaria|Roost|p2a: Altaria
|-heal|p2a: Altaria|181\/297 brn
|move|p1a: Weezing|Clear Smog|p2a: Altaria
|-supereffective|p2a: Altaria
|-damage|p2a: Altaria|85\/297 brn
|-clearboost|p2a: Altaria
|
|-heal|p1a: Weezing|332\/333|[from] item: Black Sludge
|-damage|p2a: Altaria|48\/297 brn|[from] brn
|turn|42
|
|move|p2a: Altaria|Roost|p2a: Altaria
|-heal|p2a: Altaria|197\/297 brn
|move|p1a: Weezing|Clear Smog|p2a: Altaria
|-supereffective|p2a: Altaria
|-damage|p2a: Altaria|89\/297 brn
|-clearboost|p2a: Altaria
|
|-heal|p1a: Weezing|333\/333|[from] item: Black Sludge
|-damage|p2a: Altaria|52\/297 brn|[from] brn
|turn|43
|
|move|p2a: Altaria|Hyper Voice|p1a: Weezing
|-resisted|p1a: Weezing
|-damage|p1a: Weezing|210\/333
|move|p1a: Weezing|Clear Smog|p2a: Altaria
|-supereffective|p2a: Altaria
|-damage|p2a: Altaria|0 fnt
|-clearboost|p2a: Altaria
|faint|p2a: Altaria
|
|-heal|p1a: Weezing|230\/333|[from] item: Black Sludge
|
|switch|p2a: Garchomp|Garchomp, F|335\/357
|-damage|p2a: Garchomp|313\/357|[from] Stealth Rock
|turn|44
|
|move|p2a: Garchomp|Dragon Claw|p1a: Weezing
|-damage|p1a: Weezing|137\/333
|move|p1a: Weezing|Will-O-Wisp|p2a: Garchomp|[miss]
|-miss|p1a: Weezing|p2a: Garchomp
|
|-heal|p1a: Weezing|157\/333|[from] item: Black Sludge
|turn|45
|
|move|p2a: Garchomp|Dragon Claw|p1a: Weezing
|-damage|p1a: Weezing|73\/333
|move|p1a: Weezing|Will-O-Wisp|p2a: Garchomp|[miss]
|-miss|p1a: Weezing|p2a: Garchomp
|
|-heal|p1a: Weezing|93\/333|[from] item: Black Sludge
|turn|46
|
|move|p2a: Garchomp|Dragon Claw|p1a: Weezing
|-damage|p1a: Weezing|0 fnt
|faint|p1a: Weezing
|
|
|switch|p1a: Mandibuzz|Mandibuzz, F|424\/424
|-damage|p1a: Mandibuzz|318\/424|[from] Stealth Rock
|turn|47
|
|move|p2a: Garchomp|Dragon Claw|p1a: Mandibuzz
|-crit|p1a: Mandibuzz
|-damage|p1a: Mandibuzz|179\/424
|move|p1a: Mandibuzz|Foul Play|p2a: Garchomp
|-damage|p2a: Garchomp|124\/357
|-damage|p1a: Mandibuzz|126\/424|[from] ability: Rough Skin|[of] p2a: Garchomp
|
|turn|48
|
|move|p2a: Garchomp|Dragon Claw|p1a: Mandibuzz
|-damage|p1a: Mandibuzz|26\/424
|move|p1a: Mandibuzz|Foul Play|p2a: Garchomp
|-damage|p2a: Garchomp|0 fnt
|-damage|p1a: Mandibuzz|0 fnt|[from] ability: Rough Skin|[of] p2a: Garchomp
|faint|p1a: Mandibuzz
|faint|p2a: Garchomp
|
|
|switch|p1a: Slowbro|Slowbro-Mega, F|272\/393
|switch|p2a: Slowbro|Slowbro, F|394\/394 brn
|-damage|p1a: Slowbro|223\/393|[from] Stealth Rock
|-damage|p2a: Slowbro|345\/394 brn|[from] Stealth Rock
|turn|49
|
|move|p2a: Slowbro|Toxic|p1a: Slowbro|[miss]
|-miss|p2a: Slowbro|p1a: Slowbro
|move|p1a: Slowbro|Calm Mind|p1a: Slowbro
|-boost|p1a: Slowbro|spa|1
|-boost|p1a: Slowbro|spd|1
|
|-heal|p2a: Slowbro|369\/394 brn|[from] item: Leftovers
|-damage|p2a: Slowbro|320\/394 brn|[from] brn
|turn|50
|
|move|p1a: Slowbro|Calm Mind|p1a: Slowbro
|-boost|p1a: Slowbro|spa|1
|-boost|p1a: Slowbro|spd|1
|move|p2a: Slowbro|Toxic|p1a: Slowbro
|-status|p1a: Slowbro|tox
|
|-heal|p2a: Slowbro|344\/394 brn|[from] item: Leftovers
|-damage|p2a: Slowbro|295\/394 brn|[from] brn
|-damage|p1a: Slowbro|199\/393 tox|[from] psn
|turn|51
|
|move|p2a: Slowbro|Scald|p1a: Slowbro
|-resisted|p1a: Slowbro
|-damage|p1a: Slowbro|170\/393 tox
|move|p1a: Slowbro|Calm Mind|p1a: Slowbro
|-boost|p1a: Slowbro|spa|1
|-boost|p1a: Slowbro|spd|1
|
|-heal|p2a: Slowbro|319\/394 brn|[from] item: Leftovers
|-damage|p2a: Slowbro|270\/394 brn|[from] brn
|-damage|p1a: Slowbro|122\/393 tox|[from] psn
|turn|52
|
|move|p2a: Slowbro|Slack Off|p2a: Slowbro
|-heal|p2a: Slowbro|394\/394 brn
|move|p1a: Slowbro|Slack Off|p1a: Slowbro
|-heal|p1a: Slowbro|319\/393 tox
|
|-damage|p2a: Slowbro|345\/394 brn|[from] brn
|-damage|p1a: Slowbro|247\/393 tox|[from] psn
|turn|53
|
|move|p2a: Slowbro|Scald|p1a: Slowbro
|-resisted|p1a: Slowbro
|-damage|p1a: Slowbro|223\/393 tox
|move|p1a: Slowbro|Scald|p2a: Slowbro
|-resisted|p2a: Slowbro
|-damage|p2a: Slowbro|171\/394 brn
|
|-heal|p2a: Slowbro|195\/394 brn|[from] item: Leftovers
|-damage|p1a: Slowbro|127\/393 tox|[from] psn
|-damage|p2a: Slowbro|146\/394 brn|[from] brn
|turn|54
|
|move|p1a: Slowbro|Scald|p2a: Slowbro
|-resisted|p2a: Slowbro
|-damage|p2a: Slowbro|0 fnt
|faint|p2a: Slowbro
|
|-damage|p1a: Slowbro|7\/393 tox|[from] psn
|
|switch|p2a: Talonflame|Talonflame, F|239\/297
|-damage|p2a: Talonflame|91\/297|[from] Stealth Rock
|turn|55
|-message|Jabinkles forfeited.
|leave|Jabinkles
|
|win|Wooliest Mammoth
|raw|Ladder updating...
|player|p1
|raw|Jabinkles's rating: 1404 &rarr; <strong>1380<\/strong><br \/>(-24 for losing)
|raw|Wooliest Mammoth's rating: 1336 &rarr; <strong>1360<\/strong><br \/>(+24 for winning)