|join|Dix pix
|join|ULT Meowie
|player|p1|Dix pix|165
|player|p2|ULT Meowie|160
|gametype|singles
|gen|6
|tier|UU
|rated
|rule|Sleep Clause Mod: Limit one foe put to sleep
|rule|Species Clause: Limit one of each PokÃ©mon
|rule|OHKO Clause: OHKO moves are banned
|rule|Moody Clause: Moody is banned
|rule|Evasion Moves Clause: Evasion moves are banned
|rule|Endless Battle Clause: Forcing endless battles is banned
|rule|HP Percentage Mod: HP is shown in percentages
|clearpoke
|poke|p1|Krookodile, F
|poke|p1|Azelf
|poke|p1|Suicune
|poke|p1|Forretress, F
|poke|p1|Raikou
|poke|p1|Medicham, M
|poke|p2|Medicham, M
|poke|p2|Krookodile, F
|poke|p2|Reuniclus, M
|poke|p2|Hydreigon, M
|poke|p2|Jirachi
|poke|p2|Suicune
|rule|Swagger Clause: Swagger is banned
|rule|Baton Pass Clause: Limit one PokÃ©mon knowing Baton Pass
|teampreview
|c|âULT Meowie|hi
|c|âDix pix|whats up
|
|start
|switch|p1a: Azelf|Azelf|291\/291
|switch|p2a: Medicham|Medicham, M|261\/261
|turn|1
|
|switch|p1a: Forretress|Forretress, F|354\/354
|detailschange|p2a: Medicham|Medicham-Mega, M
|-mega|p2a: Medicham|Medicham|Medichamite
|move|p2a: Medicham|Fake Out|p1a: Forretress
|-resisted|p1a: Forretress
|-damage|p1a: Forretress|331\/354
|
|-heal|p1a: Forretress|353\/354|[from] item: Leftovers
|turn|2
|
|move|p2a: Medicham|High Jump Kick|p1a: Forretress
|-damage|p1a: Forretress|124\/354
|move|p1a: Forretress|Stealth Rock|p2a: Medicham
|-sidestart|p2: ULT Meowie|move: Stealth Rock
|
|-heal|p1a: Forretress|146\/354|[from] item: Leftovers
|turn|3
|
|move|p2a: Medicham|High Jump Kick|p1a: Forretress
|-damage|p1a: Forretress|0 fnt
|faint|p1a: Forretress
|
|
|switch|p1a: Azelf|Azelf|291\/291
|turn|4
|
|switch|p2a: Jirachi|Jirachi|341\/341
|-damage|p2a: Jirachi|320\/341|[from] Stealth Rock
|move|p1a: Azelf|U-turn|p2a: Jirachi
|-damage|p2a: Jirachi|255\/341
|
|switch|p1a: Krookodile|Krookodile, F|331\/331
|-ability|p1a: Krookodile|Intimidate|[of] p2a: Jirachi
|-unboost|p2a: Jirachi|atk|1
|
|turn|5
|
|move|p2a: Jirachi|Iron Head|p1a: Krookodile
|-damage|p1a: Krookodile|235\/331
|cant|p1a: Krookodile|flinch
|
|turn|6
|
|switch|p1a: Suicune|Suicune|404\/404
|-ability|p1a: Suicune|Pressure
|move|p2a: Jirachi|Iron Head|p1a: Suicune
|-resisted|p1a: Suicune
|-damage|p1a: Suicune|375\/404
|
|-heal|p1a: Suicune|400\/404|[from] item: Leftovers
|turn|7
|
|switch|p2a: Reuniclus|Reuniclus, M|424\/424
|switch|p1a: Krookodile|Krookodile, F|235\/331
|-ability|p1a: Krookodile|Intimidate|[of] p2a: Reuniclus
|-unboost|p2a: Reuniclus|atk|1
|
|turn|8
|
|move|p1a: Krookodile|Knock Off|p2a: Reuniclus
|-supereffective|p2a: Reuniclus
|-damage|p2a: Reuniclus|0 fnt
|-enditem|p2a: Reuniclus|Leftovers|[from] move: Knock Off|[of] p1a: Krookodile
|faint|p2a: Reuniclus
|
|
|switch|p2a: Medicham|Medicham-Mega, M|261\/261
|-damage|p2a: Medicham|245\/261|[from] Stealth Rock
|turn|9
|
|switch|p1a: Medicham|Medicham, M|261\/261
|move|p2a: Medicham|High Jump Kick|p1a: Medicham
|-resisted|p1a: Medicham
|-damage|p1a: Medicham|36\/261
|
|turn|10
|
|detailschange|p1a: Medicham|Medicham-Mega, M
|-mega|p1a: Medicham|Medicham|Medichamite
|move|p1a: Medicham|Fake Out|p2a: Medicham
|-damage|p2a: Medicham|146\/261
|cant|p2a: Medicham|flinch
|
|turn|11
|
|switch|p1a: Azelf|Azelf|291\/291
|move|p2a: Medicham|Bullet Punch|p1a: Azelf
|-damage|p1a: Azelf|179\/291
|
|turn|12
|
|switch|p2a: Krookodile|Krookodile, F|331\/331
|-damage|p2a: Krookodile|311\/331|[from] Stealth Rock
|-ability|p2a: Krookodile|Intimidate|[of] p1a: Azelf
|-unboost|p1a: Azelf|atk|1
|move|p1a: Azelf|Dazzling Gleam|p2a: Krookodile
|-supereffective|p2a: Krookodile
|-damage|p2a: Krookodile|61\/331
|
|turn|13
|
|switch|p2a: Jirachi|Jirachi|255\/341
|-damage|p2a: Jirachi|234\/341|[from] Stealth Rock
|move|p1a: Azelf|Dazzling Gleam|p2a: Jirachi
|-resisted|p2a: Jirachi
|-damage|p2a: Jirachi|190\/341
|
|turn|14
|
|switch|p1a: Raikou|Raikou|321\/321
|-ability|p1a: Raikou|Pressure
|move|p2a: Jirachi|U-turn|p1a: Raikou
|-damage|p1a: Raikou|240\/321
|
|switch|p2a: Hydreigon|Hydreigon, M|325\/325
|-damage|p2a: Hydreigon|285\/325|[from] Stealth Rock
|
|turn|15
|
|move|p1a: Raikou|Thunderbolt|p2a: Hydreigon
|-resisted|p2a: Hydreigon
|-damage|p2a: Hydreigon|207\/325
|move|p2a: Hydreigon|Draco Meteor|p1a: Raikou
|-damage|p1a: Raikou|52\/321
|-unboost|p2a: Hydreigon|spa|2
|-damage|p2a: Hydreigon|175\/325|[from] item: Life Orb
|
|turn|16
|
|switch|p2a: Jirachi|Jirachi|190\/341
|-damage|p2a: Jirachi|169\/341|[from] Stealth Rock
|move|p1a: Raikou|Extrasensory|p2a: Jirachi
|-resisted|p2a: Jirachi
|-damage|p2a: Jirachi|147\/341
|
|turn|17
|
|switch|p1a: Suicune|Suicune|400\/404
|-ability|p1a: Suicune|Pressure
|move|p2a: Jirachi|U-turn|p1a: Suicune
|-damage|p1a: Suicune|351\/404
|
|switch|p2a: Hydreigon|Hydreigon, M|175\/325
|-damage|p2a: Hydreigon|135\/325|[from] Stealth Rock
|
|-heal|p1a: Suicune|376\/404|[from] item: Leftovers
|turn|18
|
|switch|p1a: Raikou|Raikou|52\/321
|-ability|p1a: Raikou|Pressure
|move|p2a: Hydreigon|Dark Pulse|p1a: Raikou
|-damage|p1a: Raikou|0 fnt
|-damage|p2a: Hydreigon|103\/325|[from] item: Life Orb
|faint|p1a: Raikou
|
|
|switch|p1a: Medicham|Medicham-Mega, M|36\/261
|turn|19
|
|move|p1a: Medicham|Drain Punch|p2a: Hydreigon
|-supereffective|p2a: Hydreigon
|-damage|p2a: Hydreigon|0 fnt
|-heal|p1a: Medicham|88\/261|[from] drain|[of] p2a: Hydreigon
|faint|p2a: Hydreigon
|
|
|switch|p2a: Medicham|Medicham-Mega, M|146\/261
|-damage|p2a: Medicham|130\/261|[from] Stealth Rock
|turn|20
|join|LiberalLucario
|
|switch|p1a: Krookodile|Krookodile, F|235\/331
|-ability|p1a: Krookodile|Intimidate|[of] p2a: Medicham
|-unboost|p2a: Medicham|atk|1
|move|p2a: Medicham|Fake Out|p1a: Krookodile
|-damage|p1a: Krookodile|169\/331
|
|turn|21
|
|move|p2a: Medicham|High Jump Kick|p1a: Krookodile
|-supereffective|p1a: Krookodile
|-damage|p1a: Krookodile|0 fnt
|faint|p1a: Krookodile
|
|
|switch|p1a: Azelf|Azelf|179\/291
|turn|22
|
|switch|p2a: Krookodile|Krookodile, F|61\/331
|-damage|p2a: Krookodile|41\/331|[from] Stealth Rock
|-ability|p2a: Krookodile|Intimidate|[of] p1a: Azelf
|-unboost|p1a: Azelf|atk|1
|move|p1a: Azelf|Flamethrower|p2a: Krookodile
|-damage|p2a: Krookodile|0 fnt
|faint|p2a: Krookodile
|
|
|switch|p2a: Suicune|Suicune|341\/341
|-damage|p2a: Suicune|299\/341|[from] Stealth Rock
|-ability|p2a: Suicune|Pressure
|turn|23
|
|switch|p1a: Suicune|Suicune|376\/404
|-ability|p1a: Suicune|Pressure
|move|p2a: Suicune|Scald|p1a: Suicune
|-resisted|p1a: Suicune
|-damage|p1a: Suicune|322\/404
|
|-heal|p2a: Suicune|320\/341|[from] item: Leftovers
|-heal|p1a: Suicune|347\/404|[from] item: Leftovers
|turn|24
|
|switch|p2a: Jirachi|Jirachi|147\/341
|-damage|p2a: Jirachi|126\/341|[from] Stealth Rock
|move|p1a: Suicune|Calm Mind|p1a: Suicune
|-boost|p1a: Suicune|spa|1
|-boost|p1a: Suicune|spd|1
|
|-heal|p1a: Suicune|372\/404|[from] item: Leftovers
|turn|25
|
|switch|p1a: Medicham|Medicham-Mega, M|88\/261
|move|p2a: Jirachi|Healing Wish|p2a: Jirachi
|faint|p2a: Jirachi
|
|
|switch|p2a: Medicham|Medicham-Mega, M|130\/261
|-heal|p2a: Medicham|261\/261|[from] move: Healing Wish
|-damage|p2a: Medicham|245\/261|[from] Stealth Rock
|turn|26
|
|move|p1a: Medicham|Fake Out|p2a: Medicham
|-damage|p2a: Medicham|156\/261
|cant|p2a: Medicham|flinch
|
|turn|27
|
|move|p2a: Medicham|Zen Headbutt|p1a: Medicham
|-damage|p1a: Medicham|0 fnt
|faint|p1a: Medicham
|
|
|switch|p1a: Azelf|Azelf|179\/291
|turn|28
|
|switch|p2a: Suicune|Suicune|320\/341
|-damage|p2a: Suicune|278\/341|[from] Stealth Rock
|-ability|p2a: Suicune|Pressure
|move|p1a: Azelf|Psychic|p2a: Suicune
|-damage|p2a: Suicune|136\/341
|
|-heal|p2a: Suicune|157\/341|[from] item: Leftovers
|turn|29
|
|move|p1a: Azelf|Psychic|p2a: Suicune
|-damage|p2a: Suicune|30\/341
|move|p2a: Suicune|Scald|p1a: Azelf
|-damage|p1a: Azelf|19\/291
|
|-heal|p2a: Suicune|51\/341|[from] item: Leftovers
|turn|30
|
|move|p1a: Azelf|Psychic|p2a: Suicune
|-damage|p2a: Suicune|0 fnt
|faint|p2a: Suicune
|
|
|switch|p2a: Medicham|Medicham-Mega, M|156\/261
|-damage|p2a: Medicham|140\/261|[from] Stealth Rock
|turn|31
|
|move|p2a: Medicham|Fake Out|p1a: Azelf
|-damage|p1a: Azelf|0 fnt
|faint|p1a: Azelf
|
|
|switch|p1a: Suicune|Suicune|372\/404
|-ability|p1a: Suicune|Pressure
|turn|32
|c|âULT Meowie|okay
|c|âULT Meowie|no burn
|c|âULT Meowie|please
|c|âDix pix|please burn
|c|âDix pix|or crit
|c|âULT Meowie|lmao
|c|âULT Meowie|no
|c|âULT Meowie|pls
|c|âDix pix|either one works
|c|âDix pix|el 30 %
|c|âDix pix|go please
|
|move|p2a: Medicham|High Jump Kick|p1a: Suicune
|-damage|p1a: Suicune|132\/404
|move|p1a: Suicune|Scald|p2a: Medicham
|-damage|p2a: Medicham|41\/261
|
|-heal|p1a: Suicune|157\/404|[from] item: Leftovers
|turn|33
|c|âDix pix|gdi
|c|âDix pix|ok
|c|âDix pix|miss
|c|âDix pix|here
|c|âULT Meowie|yeeee
|c|âULT Meowie|okay
|c|âULT Meowie|now
|c|âULT Meowie|just
|c|âULT Meowie|hit
|c|âULT Meowie|one
|c|âULT Meowie|time
|c|âULT Meowie|please
|c|âDix pix|please dont
|
|move|p2a: Medicham|High Jump Kick|p1a: Suicune
|-damage|p1a: Suicune|0 fnt
|faint|p1a: Suicune
|
|win|ULT Meowie
|raw|Ladder updating...
|c|âDix pix|fuck
|c|âULT Meowie|yayyyy
|c|âDix pix|gg
|c|âULT Meowie|gg man