|join|Julie3
|join|ULT Meowie
|player|p1|Julie3|170
|player|p2|ULT Meowie|160
|gametype|singles
|gen|6
|tier|UU
|rated
|rule|Sleep Clause Mod: Limit one foe put to sleep
|rule|Species Clause: Limit one of each PokÃ©mon
|rule|OHKO Clause: OHKO moves are banned
|rule|Moody Clause: Moody is banned
|rule|Evasion Moves Clause: Evasion moves are banned
|rule|Endless Battle Clause: Forcing endless battles is banned
|rule|HP Percentage Mod: HP is shown in percentages
|clearpoke
|poke|p1|Milotic, F
|poke|p1|Celebi
|poke|p1|Arcanine, F
|poke|p1|Pidgeot, F
|poke|p1|Cobalion
|poke|p1|Espeon, F
|poke|p2|Medicham, F
|poke|p2|Swampert, M
|poke|p2|Reuniclus, F
|poke|p2|Hydreigon, M
|poke|p2|Jirachi
|poke|p2|Whimsicott, M
|rule|Swagger Clause: Swagger is banned
|rule|Baton Pass Clause: Limit one PokÃ©mon knowing Baton Pass
|teampreview
|
|start
|switch|p1a: Arcanine|Arcanine, F|384\/384
|switch|p2a: Medicham|Medicham, F|261\/261
|-ability|p1a: Arcanine|Intimidate|[of] p2a: Medicham
|-unboost|p2a: Medicham|atk|1
|turn|1
|
|detailschange|p2a: Medicham|Medicham-Mega, F
|-mega|p2a: Medicham|Medicham|Medichamite
|move|p2a: Medicham|Fake Out|p1a: Arcanine
|-damage|p1a: Arcanine|332\/384
|cant|p1a: Arcanine|flinch
|
|-heal|p1a: Arcanine|356\/384|[from] item: Leftovers
|turn|2
|
|switch|p2a: Swampert|Swampert, M|404\/404
|move|p1a: Arcanine|Will-O-Wisp|p2a: Swampert
|-status|p2a: Swampert|brn
|
|-heal|p1a: Arcanine|380\/384|[from] item: Leftovers
|-damage|p2a: Swampert|354\/404 brn|[from] brn
|turn|3
|
|switch|p1a: Celebi|Celebi|341\/341
|move|p2a: Swampert|Stealth Rock|p1a: Celebi
|-sidestart|p1: Julie3|move: Stealth Rock
|
|-heal|p2a: Swampert|379\/404 brn|[from] item: Leftovers
|-damage|p2a: Swampert|329\/404 brn|[from] brn
|turn|4
|
|switch|p2a: Jirachi|Jirachi|341\/341
|move|p1a: Celebi|U-turn|p2a: Jirachi
|-damage|p2a: Jirachi|245\/341
|
|switch|p1a: Arcanine|Arcanine, F|380\/384
|-damage|p1a: Arcanine|284\/384|[from] Stealth Rock
|-ability|p1a: Arcanine|Intimidate|[of] p2a: Jirachi
|-unboost|p2a: Jirachi|atk|1
|
|-heal|p1a: Arcanine|308\/384|[from] item: Leftovers
|turn|5
|
|move|p2a: Jirachi|U-turn|p1a: Arcanine
|-resisted|p1a: Arcanine
|-damage|p1a: Arcanine|284\/384
|
|switch|p2a: Reuniclus|Reuniclus, F|424\/424
|move|p1a: Arcanine|Flare Blitz|p2a: Reuniclus
|-damage|p2a: Reuniclus|261\/424
|-damage|p1a: Arcanine|230\/384|[from] recoil|[of] p2a: Reuniclus
|
|-heal|p1a: Arcanine|254\/384|[from] item: Leftovers
|-heal|p2a: Reuniclus|287\/424|[from] item: Leftovers
|turn|6
|
|switch|p1a: Pidgeot|Pidgeot, F|307\/307
|-damage|p1a: Pidgeot|231\/307|[from] Stealth Rock
|move|p2a: Reuniclus|Recover|p2a: Reuniclus
|-heal|p2a: Reuniclus|424\/424
|
|turn|7
|join|ULT aims student
|c| ULT aims student|ahhh nice and yumm
|
|switch|p2a: Jirachi|Jirachi|245\/341
|detailschange|p1a: Pidgeot|Pidgeot-Mega, F
|-mega|p1a: Pidgeot|Pidgeot|Pidgeotite
|move|p1a: Pidgeot|Hurricane|p2a: Jirachi
|-resisted|p2a: Jirachi
|-damage|p2a: Jirachi|140\/341
|
|turn|8
|
|move|p2a: Jirachi|Iron Head|p1a: Pidgeot
|-damage|p1a: Pidgeot|99\/307
|cant|p1a: Pidgeot|flinch
|
|turn|9
|
|switch|p1a: Arcanine|Arcanine, F|254\/384
|-damage|p1a: Arcanine|158\/384|[from] Stealth Rock
|-ability|p1a: Arcanine|Intimidate|[of] p2a: Jirachi
|-unboost|p2a: Jirachi|atk|1
|move|p2a: Jirachi|Iron Head|p1a: Arcanine
|-resisted|p1a: Arcanine
|-damage|p1a: Arcanine|121\/384
|
|-heal|p1a: Arcanine|145\/384|[from] item: Leftovers
|turn|10
|join|xTraSmallDick
|
|switch|p2a: Swampert|Swampert, M|329\/404 brn
|move|p1a: Arcanine|Morning Sun|p1a: Arcanine
|-heal|p1a: Arcanine|337\/384
|
|-heal|p1a: Arcanine|361\/384|[from] item: Leftovers
|-heal|p2a: Swampert|354\/404 brn|[from] item: Leftovers
|-damage|p2a: Swampert|304\/404 brn|[from] brn
|turn|11
|
|move|p1a: Arcanine|Flare Blitz|p2a: Swampert
|-resisted|p2a: Swampert
|-damage|p2a: Swampert|235\/404 brn
|-damage|p1a: Arcanine|338\/384|[from] recoil|[of] p2a: Swampert
|move|p2a: Swampert|Scald|p1a: Arcanine
|-supereffective|p1a: Arcanine
|-damage|p1a: Arcanine|140\/384
|
|-heal|p1a: Arcanine|164\/384|[from] item: Leftovers
|-heal|p2a: Swampert|260\/404 brn|[from] item: Leftovers
|-damage|p2a: Swampert|210\/404 brn|[from] brn
|turn|12
|join|ULT Bob
|join|AlldaAlts
|c| ULT Bob|nickname your medicham
|c| ULT Bob|pure cancer
|
|switch|p2a: Reuniclus|Reuniclus, F|424\/424
|move|p1a: Arcanine|Morning Sun|p1a: Arcanine
|-heal|p1a: Arcanine|356\/384
|
|-heal|p1a: Arcanine|380\/384|[from] item: Leftovers
|turn|13
|
|switch|p1a: Celebi|Celebi|341\/341
|-damage|p1a: Celebi|299\/341|[from] Stealth Rock
|move|p2a: Reuniclus|Calm Mind|p2a: Reuniclus
|-boost|p2a: Reuniclus|spa|1
|-boost|p2a: Reuniclus|spd|1
|
|turn|14
|
|move|p1a: Celebi|U-turn|p2a: Reuniclus
|-supereffective|p2a: Reuniclus
|-damage|p2a: Reuniclus|254\/424
|
|switch|p1a: Espeon|Espeon, F|271\/271
|-damage|p1a: Espeon|238\/271|[from] Stealth Rock
|move|p2a: Reuniclus|Recover|p2a: Reuniclus
|-heal|p2a: Reuniclus|424\/424
|
|turn|15
|
|move|p1a: Espeon|Trick|p2a: Reuniclus
|-activate|p1a: Espeon|move: Trick|[of] p2a: Reuniclus
|-item|p2a: Reuniclus|Choice Scarf|[from] move: Trick
|-item|p1a: Espeon|Leftovers|[from] move: Trick
|move|p2a: Reuniclus|Calm Mind|p2a: Reuniclus
|-boost|p2a: Reuniclus|spa|1
|-boost|p2a: Reuniclus|spd|1
|
|-heal|p1a: Espeon|254\/271|[from] item: Leftovers
|turn|16
|c| ULT Bob|is that like banded celebi
|c| ULT Bob|rip
|c|âULT Meowie|lmao
|c| ULT Bob|rolf
|
|switch|p2a: Hydreigon|Hydreigon, M|325\/325
|move|p1a: Espeon|Dazzling Gleam|p2a: Hydreigon
|-crit|p2a: Hydreigon
|-supereffective|p2a: Hydreigon
|-damage|p2a: Hydreigon|0 fnt
|faint|p2a: Hydreigon
|
|-heal|p1a: Espeon|270\/271|[from] item: Leftovers
|c| ULT Bob|rip
|c|âULT Meowie|ebin
|-message|ULT Meowie forfeited.
|
|win|Julie3
|raw|Ladder updating...
|leave|ULT Meowie
|player|p2
|raw|Julie3's rating: 1480 &rarr; <strong>1495<\/strong><br \/>(+15 for winning)
|raw|ULT Meowie's rating: 1392 &rarr; <strong>1377<\/strong><br \/>(-15 for losing)
|leave|ULT Bob
|leave|AlldaAlts