|join|ULT Meowie
|join|Kilojoule
|player|p1|ULT Meowie|160
|player|p2|Kilojoule|117
|gametype|singles
|gen|6
|tier|UU
|rated
|rule|Sleep Clause Mod: Limit one foe put to sleep
|rule|Species Clause: Limit one of each PokÃ©mon
|rule|OHKO Clause: OHKO moves are banned
|rule|Moody Clause: Moody is banned
|rule|Evasion Moves Clause: Evasion moves are banned
|rule|Endless Battle Clause: Forcing endless battles is banned
|rule|HP Percentage Mod: HP is shown in percentages
|clearpoke
|poke|p1|Medicham, F
|poke|p1|Swampert, F
|poke|p1|Reuniclus, M
|poke|p1|Hydreigon, F
|poke|p1|Jirachi
|poke|p1|Whimsicott, F
|poke|p2|Crobat, M
|poke|p2|Absol, F
|poke|p2|Porygon-Z
|poke|p2|Roserade, F
|poke|p2|Suicune
|poke|p2|Chandelure, M
|rule|Swagger Clause: Swagger is banned
|rule|Baton Pass Clause: Limit one PokÃ©mon knowing Baton Pass
|teampreview
|
|start
|switch|p1a: Medicham|Medicham, F|261\/261
|switch|p2a: Chandelure|Chandelure, M|277\/277
|turn|1
|
|switch|p1a: Hydreigon|Hydreigon, F|325\/325
|switch|p2a: Suicune|Suicune|404\/404
|-ability|p2a: Suicune|Pressure
|
|turn|2
|
|move|p1a: Hydreigon|Draco Meteor|p2a: Suicune
|-damage|p2a: Suicune|158\/404
|-unboost|p1a: Hydreigon|spa|2
|-damage|p1a: Hydreigon|293\/325|[from] item: Life Orb
|move|p2a: Suicune|Substitute|p2a: Suicune
|-start|p2a: Suicune|Substitute
|-damage|p2a: Suicune|57\/404
|
|-heal|p2a: Suicune|82\/404|[from] item: Leftovers
|turn|3
|
|switch|p1a: Whimsicott|Whimsicott, F|261\/261
|move|p2a: Suicune|Ice Beam|p1a: Whimsicott
|-supereffective|p1a: Whimsicott
|-damage|p1a: Whimsicott|77\/261
|
|-heal|p1a: Whimsicott|93\/261|[from] item: Leftovers
|-heal|p2a: Suicune|107\/404|[from] item: Leftovers
|turn|4
|
|switch|p1a: Reuniclus|Reuniclus, M|424\/424
|move|p2a: Suicune|Ice Beam|p1a: Reuniclus
|-damage|p1a: Reuniclus|348\/424
|
|-heal|p2a: Suicune|132\/404|[from] item: Leftovers
|-heal|p1a: Reuniclus|374\/424|[from] item: Leftovers
|turn|5
|
|switch|p2a: Absol|Absol, F|271\/271
|move|p1a: Reuniclus|Calm Mind|p1a: Reuniclus
|-boost|p1a: Reuniclus|spa|1
|-boost|p1a: Reuniclus|spd|1
|
|-heal|p1a: Reuniclus|400\/424|[from] item: Leftovers
|turn|6
|
|switch|p1a: Swampert|Swampert, F|404\/404
|detailschange|p2a: Absol|Absol-Mega, F
|-mega|p2a: Absol|Absol|Absolite
|move|p2a: Absol|Knock Off|p1a: Swampert
|-damage|p1a: Swampert|259\/404
|-enditem|p1a: Swampert|Leftovers|[from] move: Knock Off|[of] p2a: Absol
|
|turn|7
|
|switch|p2a: Roserade|Roserade, F|261\/261
|switch|p1a: Medicham|Medicham, F|261\/261
|
|turn|8
|
|switch|p2a: Chandelure|Chandelure, M|277\/277
|detailschange|p1a: Medicham|Medicham-Mega, F
|-mega|p1a: Medicham|Medicham|Medichamite
|move|p1a: Medicham|Zen Headbutt|p2a: Chandelure
|-damage|p2a: Chandelure|10\/277
|
|turn|9
|
|move|p1a: Medicham|Bullet Punch|p2a: Chandelure
|-resisted|p2a: Chandelure
|-damage|p2a: Chandelure|0 fnt
|faint|p2a: Chandelure
|
|
|switch|p2a: Crobat|Crobat, M|353\/353
|turn|10
|
|switch|p1a: Jirachi|Jirachi|341\/341
|move|p2a: Crobat|Brave Bird|p1a: Jirachi
|-resisted|p1a: Jirachi
|-damage|p1a: Jirachi|267\/341
|-damage|p2a: Crobat|329\/353|[from] recoil|[of] p1a: Jirachi
|
|-heal|p2a: Crobat|351\/353|[from] item: Black Sludge
|turn|11
|
|switch|p2a: Suicune|Suicune|132\/404
|-ability|p2a: Suicune|Pressure
|move|p1a: Jirachi|U-turn|p2a: Suicune
|-damage|p2a: Suicune|82\/404
|
|switch|p1a: Whimsicott|Whimsicott, F|93\/261
|
|-heal|p1a: Whimsicott|109\/261|[from] item: Leftovers
|-heal|p2a: Suicune|107\/404|[from] item: Leftovers
|turn|12
|
|switch|p2a: Roserade|Roserade, F|261\/261
|move|p1a: Whimsicott|Giga Drain|p2a: Roserade
|-resisted|p2a: Roserade
|-damage|p2a: Roserade|239\/261
|-heal|p1a: Whimsicott|120\/261|[from] drain|[of] p2a: Roserade
|
|-heal|p1a: Whimsicott|136\/261|[from] item: Leftovers
|turn|13
|
|switch|p1a: Hydreigon|Hydreigon, F|293\/325
|move|p2a: Roserade|Spikes|p1a: Hydreigon
|-sidestart|p1: ULT Meowie|Spikes
|
|turn|14
|
|switch|p2a: Suicune|Suicune|107\/404
|-ability|p2a: Suicune|Pressure
|move|p1a: Hydreigon|Draco Meteor|p2a: Suicune
|-damage|p2a: Suicune|0 fnt
|-unboost|p1a: Hydreigon|spa|2
|-damage|p1a: Hydreigon|261\/325|[from] item: Life Orb
|faint|p2a: Suicune
|
|
|switch|p2a: Porygon-Z|Porygon-Z|336\/336
|turn|15
|
|move|p1a: Hydreigon|Draco Meteor|p2a: Porygon-Z|[miss]
|-miss|p1a: Hydreigon|p2a: Porygon-Z
|move|p2a: Porygon-Z|Agility|p2a: Porygon-Z
|-boost|p2a: Porygon-Z|spe|2
|
|turn|16
|
|move|p2a: Porygon-Z|Tri Attack|p1a: Hydreigon
|-damage|p1a: Hydreigon|0 fnt
|faint|p1a: Hydreigon
|
|
|switch|p1a: Whimsicott|Whimsicott, F|136\/261
|-damage|p1a: Whimsicott|104\/261|[from] Spikes
|turn|17
|
|switch|p2a: Roserade|Roserade, F|239\/261
|move|p1a: Whimsicott|Stun Spore|p2a: Roserade
|-fail|p2a: Roserade
|
|-heal|p1a: Whimsicott|120\/261|[from] item: Leftovers
|turn|18
|
|switch|p1a: Jirachi|Jirachi|267\/341
|-damage|p1a: Jirachi|225\/341|[from] Spikes
|move|p2a: Roserade|Hidden Power|p1a: Jirachi
|-supereffective|p1a: Jirachi
|-damage|p1a: Jirachi|0 fnt
|-damage|p2a: Roserade|213\/261|[from] item: Life Orb
|faint|p1a: Jirachi
|
|
|switch|p1a: Medicham|Medicham-Mega, F|261\/261
|-damage|p1a: Medicham|229\/261|[from] Spikes
|turn|19
|
|switch|p2a: Absol|Absol-Mega, F|271\/271
|move|p1a: Medicham|Zen Headbutt|p2a: Absol
|-immune|p2a: Absol|[msg]
|
|turn|20
|
|move|p2a: Absol|Play Rough|p1a: Medicham
|-supereffective|p1a: Medicham
|-damage|p1a: Medicham|0 fnt
|faint|p1a: Medicham
|
|c|âULT Meowie|gg
|-message|ULT Meowie forfeited.
|c|âKilojoule|gg
|
|win|Kilojoule
|raw|Ladder updating...
|leave|ULT Meowie
|raw|ULT Meowie's rating: 1349 &rarr; <strong>1326<\/strong><br \/>(-23 for losing)
|raw|Kilojoule's rating: 1300 &rarr; <strong>1323<\/strong><br \/>(+23 for winning)
|player|p1