|join|Rain in Pants
|join|Kim Il Saturn
|player|p1|Rain in Pants|155
|player|p2|Kim Il Saturn|292
|gametype|singles
|gen|6
|tier|UU
|rated
|rule|Sleep Clause Mod: Limit one foe put to sleep
|rule|Species Clause: Limit one of each PokÃ©mon
|rule|OHKO Clause: OHKO moves are banned
|rule|Moody Clause: Moody is banned
|rule|Evasion Moves Clause: Evasion moves are banned
|rule|Endless Battle Clause: Forcing endless battles is banned
|rule|HP Percentage Mod: HP is shown in percentages
|clearpoke
|poke|p1|Jirachi
|poke|p1|Vaporeon, F
|poke|p1|Froslass, F
|poke|p1|Crobat, M
|poke|p1|Darmanitan, F
|poke|p1|Starmie
|poke|p2|Azelf
|poke|p2|Raikou
|poke|p2|Entei, shiny
|poke|p2|Suicune
|poke|p2|Cobalion
|poke|p2|Tornadus, M
|rule|Swagger Clause: Swagger is banned
|rule|Baton Pass Clause: Limit one PokÃ©mon knowing Baton Pass
|teampreview
|
|start
|switch|p1a: Not Expected|Froslass, F|281\/281
|switch|p2a: Azelf|Azelf|291\/291
|turn|1
|join|Go Away Dragonite
|c|âRain in Pants|Hi :)
|
|move|p1a: Not Expected|Ice Beam|p2a: Azelf
|-crit|p2a: Azelf
|-damage|p2a: Azelf|65\/291
|move|p2a: Azelf|Stealth Rock|p1a: Not Expected
|-sidestart|p1: Rain in Pants|move: Stealth Rock
|
|turn|2
|c| Go Away Dragonite|hello
|
|move|p1a: Not Expected|Ice Beam|p2a: Azelf
|-damage|p2a: Azelf|0 fnt
|faint|p2a: Azelf
|
|c|âRain in Pants|meh ill never understand why people sack azelf :\/
|
|switch|p2a: Raikou|Raikou|321\/321
|-ability|p2a: Raikou|Pressure
|turn|3
|
|switch|p1a: Too Fast|Darmanitan, F|352\/352
|-damage|p1a: Too Fast|264\/352|[from] Stealth Rock
|move|p2a: Raikou|Calm Mind|p2a: Raikou
|-boost|p2a: Raikou|spa|1
|-boost|p2a: Raikou|spd|1
|
|turn|4
|
|move|p2a: Raikou|Thunderbolt|p1a: Too Fast
|-damage|p1a: Too Fast|0 fnt
|faint|p1a: Too Fast
|
|
|switch|p1a: Not Expected|Froslass, F|281\/281
|-damage|p1a: Not Expected|211\/281|[from] Stealth Rock
|turn|5
|c| Go Away Dragonite|it is very powerful mon with a lot of potential, empoleon is a much better rock setter anyway
|
|move|p1a: Not Expected|Destiny Bond|p1a: Not Expected
|-singlemove|p1a: Not Expected|Destiny Bond
|move|p2a: Raikou|Calm Mind|p2a: Raikou
|-boost|p2a: Raikou|spa|1
|-boost|p2a: Raikou|spd|1
|
|turn|6
|
|move|p1a: Not Expected|Destiny Bond|p1a: Not Expected
|-singlemove|p1a: Not Expected|Destiny Bond
|move|p2a: Raikou|Substitute|p2a: Raikou
|-start|p2a: Raikou|Substitute
|-damage|p2a: Raikou|241\/321
|
|-heal|p2a: Raikou|261\/321|[from] item: Leftovers
|turn|7
|
|move|p1a: Not Expected|Destiny Bond|p1a: Not Expected
|-singlemove|p1a: Not Expected|Destiny Bond
|move|p2a: Raikou|Calm Mind|p2a: Raikou
|-boost|p2a: Raikou|spa|1
|-boost|p2a: Raikou|spd|1
|
|-heal|p2a: Raikou|281\/321|[from] item: Leftovers
|turn|8
|c|âRain in Pants|hmm
|
|switch|p1a: No Switch-Ins|Crobat, M|311\/311
|-damage|p1a: No Switch-Ins|234\/311|[from] Stealth Rock
|move|p2a: Raikou|Calm Mind|p2a: Raikou
|-boost|p2a: Raikou|spa|1
|-boost|p2a: Raikou|spd|1
|
|-heal|p2a: Raikou|301\/321|[from] item: Leftovers
|turn|9
|
|move|p2a: Raikou|Thunderbolt|p1a: No Switch-Ins
|-supereffective|p1a: No Switch-Ins
|-damage|p1a: No Switch-Ins|0 fnt
|faint|p1a: No Switch-Ins
|
|-heal|p2a: Raikou|321\/321|[from] item: Leftovers
|c|âRain in Pants|i lost....i shudda tricked
|
|switch|p1a: All Skills|Jirachi|341\/341
|-damage|p1a: All Skills|320\/341|[from] Stealth Rock
|turn|10
|
|move|p1a: All Skills|U-turn|p2a: Raikou
|-end|p2a: Raikou|Substitute
|
|switch|p1a: Not Expected|Froslass, F|211\/281
|-damage|p1a: Not Expected|141\/281|[from] Stealth Rock
|move|p2a: Raikou|Thunderbolt|p1a: Not Expected
|-damage|p1a: Not Expected|0 fnt
|faint|p1a: Not Expected
|
|
|switch|p1a: All Skills|Jirachi|320\/341
|-damage|p1a: All Skills|299\/341|[from] Stealth Rock
|turn|11
|c|âRain in Pants|welp time to rely on flicnh hax
|
|move|p1a: All Skills|Zen Headbutt|p2a: Raikou
|-damage|p2a: Raikou|143\/321
|move|p2a: Raikou|Thunderbolt|p1a: All Skills
|-crit|p1a: All Skills
|-damage|p1a: All Skills|0 fnt
|faint|p1a: All Skills
|
|-heal|p2a: Raikou|163\/321|[from] item: Leftovers
|c| Go Away Dragonite|i wish nasty plot raikou was a thing
|-message|Rain in Pants forfeited.
|leave|Rain in Pants
|leave|Go Away Dragonite
|
|win|Kim Il Saturn
|raw|Ladder updating...
|player|p1
|raw|Rain in Pants's rating: 1423 &rarr; <strong>1396<\/strong><br \/>(-27 for losing)
|raw|Kim Il Saturn's rating: 1298 &rarr; <strong>1332<\/strong><br \/>(+34 for winning)
|leave|Kim Il Saturn
|join|Kim Il Saturn
|player|p2