|join|ParnStar
|join|Rain in Pants
|player|p1|ParnStar|119
|player|p2|Rain in Pants|155
|gametype|singles
|gen|6
|tier|UU
|rated
|rule|Sleep Clause Mod: Limit one foe put to sleep
|rule|Species Clause: Limit one of each PokÃ©mon
|rule|OHKO Clause: OHKO moves are banned
|rule|Moody Clause: Moody is banned
|rule|Evasion Moves Clause: Evasion moves are banned
|rule|Endless Battle Clause: Forcing endless battles is banned
|rule|HP Percentage Mod: HP is shown in percentages
|clearpoke
|poke|p1|Shaymin
|poke|p1|Darmanitan, M
|poke|p1|Donphan, M
|poke|p1|Galvantula, M
|poke|p1|Houndoom, F
|poke|p1|Porygon2
|poke|p2|Crobat, M
|poke|p2|Aggron, M
|poke|p2|Darmanitan, F
|poke|p2|Suicune
|poke|p2|Froslass, F
|poke|p2|Umbreon, F
|rule|Swagger Clause: Swagger is banned
|rule|Baton Pass Clause: Limit one PokÃ©mon knowing Baton Pass
|teampreview
|
|start
|switch|p1a: Gloots|Darmanitan, M|352\/352
|switch|p2a: Froslass|Froslass, F|281\/281
|turn|1
|
|move|p2a: Froslass|Destiny Bond|p2a: Froslass
|-singlemove|p2a: Froslass|Destiny Bond
|move|p1a: Gloots|Flare Blitz|p2a: Froslass
|-crit|p2a: Froslass
|-supereffective|p2a: Froslass
|-damage|p2a: Froslass|0 fnt
|-damage|p1a: Gloots|259\/352|[from] recoil|[of] p2a: Froslass
|faint|p2a: Froslass
|-activate|p2a: Froslass|Destiny Bond
|faint|p1a: Gloots
|
|
|switch|p2a: Crobat|Crobat, M|311\/311
|switch|p1a: Aiden-Aspen|Galvantula, M|281\/281
|turn|2
|
|move|p2a: Crobat|Brave Bird|p1a: Aiden-Aspen
|-enditem|p1a: Aiden-Aspen|Focus Sash
|-damage|p1a: Aiden-Aspen|1\/281
|-damage|p2a: Crobat|219\/311|[from] recoil|[of] p1a: Aiden-Aspen
|move|p1a: Aiden-Aspen|Thunder|p2a: Crobat|[miss]
|-miss|p1a: Aiden-Aspen|p2a: Crobat
|
|turn|3
|
|switch|p1a: Porygon2|Porygon2|374\/374
|-boost|p1a: Porygon2|atk|1|[from] ability: Download
|move|p2a: Crobat|Brave Bird|p1a: Porygon2
|-damage|p1a: Porygon2|172\/374
|-damage|p2a: Crobat|152\/311|[from] recoil|[of] p1a: Porygon2
|
|turn|4
|
|switch|p1a: RollOut|Donphan, M|321\/321
|move|p2a: Crobat|Brave Bird|p1a: RollOut
|-damage|p1a: RollOut|129\/321
|-damage|p2a: Crobat|89\/311|[from] recoil|[of] p1a: RollOut
|
|turn|5
|
|move|p1a: RollOut|Ice Shard|p2a: Crobat
|-supereffective|p2a: Crobat
|-damage|p2a: Crobat|0 fnt
|faint|p2a: Crobat
|
|
|switch|p2a: Darmanitan|Darmanitan, F|413\/413
|turn|6
|
|move|p2a: Darmanitan|U-turn|p1a: RollOut
|-damage|p1a: RollOut|29\/321
|
|switch|p2a: Suicune|Suicune|404\/404
|-ability|p2a: Suicune|Pressure
|move|p1a: RollOut|Earthquake|p2a: Suicune
|-damage|p2a: Suicune|292\/404
|
|-heal|p2a: Suicune|317\/404|[from] item: Leftovers
|turn|7
|
|move|p2a: Suicune|Calm Mind|p2a: Suicune
|-boost|p2a: Suicune|spa|1
|-boost|p2a: Suicune|spd|1
|move|p1a: RollOut|Knock Off|p2a: Suicune
|-damage|p2a: Suicune|238\/404
|-enditem|p2a: Suicune|Leftovers|[from] move: Knock Off|[of] p1a: RollOut
|
|turn|8
|
|switch|p1a: Porygon2|Porygon2|172\/374
|-boost|p1a: Porygon2|atk|1|[from] ability: Download
|move|p2a: Suicune|Calm Mind|p2a: Suicune
|-boost|p2a: Suicune|spa|1
|-boost|p2a: Suicune|spd|1
|
|turn|9
|
|move|p2a: Suicune|Calm Mind|p2a: Suicune
|-boost|p2a: Suicune|spa|1
|-boost|p2a: Suicune|spd|1
|move|p1a: Porygon2|Thunder Wave|p2a: Suicune
|-status|p2a: Suicune|par
|
|turn|10
|
|switch|p1a: La-Shay|Shaymin|341\/341
|move|p2a: Suicune|Rest|p2a: Suicune
|-status|p2a: Suicune|slp
|-heal|p2a: Suicune|404\/404 slp|[silent]
|-status|p2a: Suicune|slp|[from] move: Rest
|
|turn|11
|
|move|p1a: La-Shay|Seed Flare|p2a: Suicune
|-supereffective|p2a: Suicune
|-damage|p2a: Suicune|248\/404 slp
|-damage|p1a: La-Shay|307\/341|[from] item: Life Orb
|cant|p2a: Suicune|slp
|move|p2a: Suicune|Sleep Talk|p2a: Suicune
|move|p2a: Suicune|Rest|p2a: Suicune|[from]Sleep Talk
|-fail|p2a: Suicune
|
|turn|12
|
|move|p1a: La-Shay|Seed Flare|p2a: Suicune
|-supereffective|p2a: Suicune
|-damage|p2a: Suicune|69\/404 slp
|-unboost|p2a: Suicune|spd|2
|-damage|p1a: La-Shay|273\/341|[from] item: Life Orb
|cant|p2a: Suicune|slp
|move|p2a: Suicune|Sleep Talk|p2a: Suicune
|move|p2a: Suicune|Scald|p1a: La-Shay|[from]Sleep Talk
|-crit|p1a: La-Shay
|-resisted|p1a: La-Shay
|-damage|p1a: La-Shay|105\/341
|
|turn|13
|
|switch|p2a: Umbreon|Umbreon, F|394\/394
|move|p1a: La-Shay|Seed Flare|p2a: Umbreon
|-damage|p2a: Umbreon|260\/394
|-damage|p1a: La-Shay|71\/341|[from] item: Life Orb
|
|-heal|p2a: Umbreon|284\/394|[from] item: Leftovers
|turn|14
|
|switch|p1a: RollOut|Donphan, M|29\/321
|move|p2a: Umbreon|Toxic|p1a: RollOut
|-status|p1a: RollOut|tox
|
|-heal|p2a: Umbreon|308\/394|[from] item: Leftovers
|-damage|p1a: RollOut|9\/321 tox|[from] psn
|turn|15
|
|switch|p1a: Porygon2|Porygon2|172\/374
|-boost|p1a: Porygon2|atk|1|[from] ability: Download
|move|p2a: Umbreon|Wish|p2a: Umbreon
|
|-heal|p2a: Umbreon|332\/394|[from] item: Leftovers
|turn|16
|
|move|p2a: Umbreon|Toxic|p1a: Porygon2
|-status|p1a: Porygon2|tox
|move|p1a: Porygon2|Thunder Wave|p2a: Umbreon
|-status|p2a: Umbreon|par
|
|-heal|p2a: Umbreon|394\/394 par|[from] move: Wish|[wisher] Umbreon
|-damage|p1a: Porygon2|149\/374 tox|[from] psn
|turn|17
|
|move|p1a: Porygon2|Recover|p1a: Porygon2
|-heal|p1a: Porygon2|336\/374 tox
|move|p2a: Umbreon|Heal Bell|p2a: Umbreon
|-cureteam|p2a: Umbreon|[from] move: HealBell
|
|-damage|p1a: Porygon2|290\/374 tox|[from] psn
|turn|18
|
|move|p2a: Umbreon|Wish|p2a: Umbreon
|move|p1a: Porygon2|Thunder Wave|p2a: Umbreon
|-status|p2a: Umbreon|par
|
|-damage|p1a: Porygon2|221\/374 tox|[from] psn
|turn|19
|
|switch|p1a: Aiden-Aspen|Galvantula, M|1\/281
|cant|p2a: Umbreon|par
|
|turn|20
|
|switch|p2a: Aggron|Aggron, M|281\/281
|move|p1a: Aiden-Aspen|Sticky Web|p2a: Aggron
|-sidestart|p2: Rain in Pants|move: Sticky Web
|
|turn|21
|
|switch|p1a: Porygon2|Porygon2|221\/374 tox
|-boost|p1a: Porygon2|spa|1|[from] ability: Download
|move|p2a: Aggron|Head Smash|p1a: Porygon2|[miss]
|-miss|p2a: Aggron|p1a: Porygon2
|
|-damage|p1a: Porygon2|198\/374 tox|[from] psn
|turn|22
|
|move|p2a: Aggron|Head Smash|p1a: Porygon2
|-damage|p1a: Porygon2|29\/374 tox
|move|p1a: Porygon2|Thunder Wave|p2a: Aggron
|-status|p2a: Aggron|par
|
|-damage|p1a: Porygon2|0 fnt|[from] psn
|faint|p1a: Porygon2
|
|switch|p1a: RollOut|Donphan, M|9\/321 tox
|turn|23
|
|switch|p2a: Umbreon|Umbreon, F|394\/394 par
|-activate|p2a: Umbreon|move: Sticky Web
|-unboost|p2a: Umbreon|spe|1
|move|p1a: RollOut|Earthquake|p2a: Umbreon
|-damage|p2a: Umbreon|216\/394 par
|
|-heal|p2a: Umbreon|240\/394 par|[from] item: Leftovers
|-damage|p1a: RollOut|0 fnt|[from] psn
|faint|p1a: RollOut
|
|switch|p1a: Aiden-Aspen|Galvantula, M|1\/281
|turn|24
|
|switch|p2a: Suicune|Suicune|69\/404
|-activate|p2a: Suicune|move: Sticky Web
|-unboost|p2a: Suicune|spe|1
|-ability|p2a: Suicune|Pressure
|move|p1a: Aiden-Aspen|Thunder|p2a: Suicune
|-supereffective|p2a: Suicune
|-damage|p2a: Suicune|0 fnt
|faint|p2a: Suicune
|
|
|switch|p2a: Umbreon|Umbreon, F|240\/394 par
|-activate|p2a: Umbreon|move: Sticky Web
|-unboost|p2a: Umbreon|spe|1
|turn|25
|
|move|p1a: Aiden-Aspen|Bug Buzz|p2a: Umbreon
|-supereffective|p2a: Umbreon
|-damage|p2a: Umbreon|84\/394 par
|move|p2a: Umbreon|Toxic|p1a: Aiden-Aspen|[miss]
|-miss|p2a: Umbreon|p1a: Aiden-Aspen
|
|-heal|p2a: Umbreon|108\/394 par|[from] item: Leftovers
|turn|26
|
|move|p1a: Aiden-Aspen|Bug Buzz|p2a: Umbreon
|-supereffective|p2a: Umbreon
|-damage|p2a: Umbreon|0 fnt
|faint|p2a: Umbreon
|
|c|âParnStar|ahh
|
|switch|p2a: Darmanitan|Darmanitan, F|413\/413
|-activate|p2a: Darmanitan|move: Sticky Web
|-unboost|p2a: Darmanitan|spe|1
|turn|27
|
|move|p1a: Aiden-Aspen|Thunder|p2a: Darmanitan
|-damage|p2a: Darmanitan|179\/413
|move|p2a: Darmanitan|U-turn|p1a: Aiden-Aspen
|-damage|p1a: Aiden-Aspen|0 fnt
|faint|p1a: Aiden-Aspen
|
|switch|p2a: Aggron|Aggron, M|281\/281 par
|-activate|p2a: Aggron|move: Sticky Web
|-unboost|p2a: Aggron|spe|1
|
|
|switch|p1a: Houndoom|Houndoom, F|291\/291
|turn|28
|
|detailschange|p1a: Houndoom|Houndoom-Mega, F
|-mega|p1a: Houndoom|Houndoom|Houndoominite
|move|p1a: Houndoom|Fire Blast|p2a: Aggron
|-damage|p2a: Aggron|0 fnt
|faint|p2a: Aggron
|
|
|switch|p2a: Darmanitan|Darmanitan, F|179\/413
|-activate|p2a: Darmanitan|move: Sticky Web
|-unboost|p2a: Darmanitan|spe|1
|turn|29
|
|move|p1a: Houndoom|Dark Pulse|p2a: Darmanitan
|-damage|p2a: Darmanitan|0 fnt
|faint|p2a: Darmanitan
|
|win|ParnStar
|raw|Ladder updating...
|raw|ParnStar's rating: 1236 &rarr; <strong>1261<\/strong><br \/>(+25 for winning)
|raw|Rain in Pants's rating: 1246 &rarr; <strong>1220<\/strong><br \/>(-26 for losing)
|c|âParnStar|gg
|leave|Rain in Pants