|join|some weird shit
|join|Specs Cranidos
|player|p1|some weird shit|171
|player|p2|Specs Cranidos|54
|gametype|singles
|gen|6
|tier|UU
|rated
|rule|Sleep Clause Mod: Limit one foe put to sleep
|rule|Species Clause: Limit one of each PokÃ©mon
|rule|OHKO Clause: OHKO moves are banned
|rule|Moody Clause: Moody is banned
|rule|Evasion Moves Clause: Evasion moves are banned
|rule|Endless Battle Clause: Forcing endless battles is banned
|rule|HP Percentage Mod: HP is shown in percentages
|clearpoke
|poke|p1|Infernape, M
|poke|p1|Azelf
|poke|p1|Suicune
|poke|p1|Roserade, F
|poke|p1|Gallade, M
|poke|p1|Krookodile, F
|poke|p2|Zygarde
|poke|p2|Fletchinder, F
|poke|p2|Tentacruel, F
|poke|p2|Jirachi
|poke|p2|Hydreigon, F
|poke|p2|Hippowdon, M
|rule|Swagger Clause: Swagger is banned
|rule|Baton Pass Clause: Limit one PokÃ©mon knowing Baton Pass
|teampreview
|c|âSpecs Cranidos|glhf
|
|start
|switch|p1a: Azelf|Azelf|291\/291
|switch|p2a: Jirachi|Jirachi|341\/341
|turn|1
|
|move|p2a: Jirachi|U-turn|p1a: Azelf
|-supereffective|p1a: Azelf
|-damage|p1a: Azelf|113\/291
|
|switch|p2a: Tentacruel|Tentacruel, F|363\/363
|move|p1a: Azelf|Stealth Rock|p2a: Tentacruel
|-sidestart|p2: Specs Cranidos|move: Stealth Rock
|
|turn|2
|
|move|p1a: Azelf|Psyshock|p2a: Tentacruel
|-supereffective|p2a: Tentacruel
|-damage|p2a: Tentacruel|79\/363
|move|p2a: Tentacruel|Knock Off|p1a: Azelf
|-supereffective|p1a: Azelf
|-damage|p1a: Azelf|0 fnt
|-enditem|p1a: Azelf|Focus Sash|[from] move: Knock Off|[of] p2a: Tentacruel
|faint|p1a: Azelf
|
|-heal|p2a: Tentacruel|101\/363|[from] item: Black Sludge
|
|switch|p1a: Gallade|Gallade, M|277\/277
|turn|3
|
|switch|p2a: Hippowdon|Hippowdon, M|419\/419
|-damage|p2a: Hippowdon|393\/419|[from] Stealth Rock
|detailschange|p1a: Gallade|Gallade-Mega, M
|message|Gallade has Mega Evolved into Mega Gallade!
|move|p1a: Gallade|Close Combat|p2a: Hippowdon
|-damage|p2a: Hippowdon|221\/419
|-unboost|p1a: Gallade|def|1
|-unboost|p1a: Gallade|spd|1
|
|-heal|p2a: Hippowdon|247\/419|[from] item: Leftovers
|turn|4
|
|switch|p1a: Suicune|Suicune|399\/399
|-ability|p1a: Suicune|Pressure
|move|p2a: Hippowdon|Stealth Rock|p1a: Suicune
|-sidestart|p1: some weird shit|move: Stealth Rock
|
|-heal|p2a: Hippowdon|273\/419|[from] item: Leftovers
|turn|5
|
|switch|p1a: Krookodile|Krookodile, F|331\/331
|-damage|p1a: Krookodile|311\/331|[from] Stealth Rock
|-ability|p1a: Krookodile|Intimidate|[of] p2a: Hippowdon
|-unboost|p2a: Hippowdon|atk|1
|move|p2a: Hippowdon|Whirlwind|p1a: Krookodile
|drag|p1a: Suicune|Suicune|399\/399
|-damage|p1a: Suicune|350\/399|[from] Stealth Rock
|-ability|p1a: Suicune|Pressure
|
|-heal|p1a: Suicune|374\/399|[from] item: Leftovers
|-heal|p2a: Hippowdon|299\/419|[from] item: Leftovers
|turn|6
|
|switch|p2a: Tentacruel|Tentacruel, F|101\/363
|-damage|p2a: Tentacruel|56\/363|[from] Stealth Rock
|move|p1a: Suicune|Hydro Pump|p2a: Tentacruel
|-resisted|p2a: Tentacruel
|-damage|p2a: Tentacruel|0 fnt
|faint|p2a: Tentacruel
|
|-heal|p1a: Suicune|398\/399|[from] item: Leftovers
|
|switch|p2a: Zygarde|Zygarde|419\/419
|-damage|p2a: Zygarde|393\/419|[from] Stealth Rock
|-ability|p2a: Zygarde|Aura Break
|turn|7
|
|move|p2a: Zygarde|Substitute|p2a: Zygarde
|-start|p2a: Zygarde|Substitute
|-damage|p2a: Zygarde|289\/419
|move|p1a: Suicune|Ice Beam|p2a: Zygarde
|-supereffective|p2a: Zygarde
|-end|p2a: Zygarde|Substitute
|
|-heal|p2a: Zygarde|315\/419|[from] item: Leftovers
|-heal|p1a: Suicune|399\/399|[from] item: Leftovers
|turn|8
|
|switch|p2a: Jirachi|Jirachi|341\/341
|-damage|p2a: Jirachi|320\/341|[from] Stealth Rock
|move|p1a: Suicune|Tailwind|p1a: Suicune
|-sidestart|p1: some weird shit|move: Tailwind
|
|turn|9
|
|switch|p1a: Krookodile|Krookodile, F|311\/331
|-damage|p1a: Krookodile|291\/331|[from] Stealth Rock
|-ability|p1a: Krookodile|Intimidate|[of] p2a: Jirachi
|-unboost|p2a: Jirachi|atk|1
|move|p2a: Jirachi|Trick|p1a: Krookodile
|-activate|p2a: Jirachi|move: Trick|[of] p1a: Krookodile
|-item|p1a: Krookodile|Choice Scarf|[from] move: Trick
|-item|p2a: Jirachi|Dread Plate|[from] move: Trick
|
|turn|10
|
|switch|p2a: Hippowdon|Hippowdon, M|299\/419
|-damage|p2a: Hippowdon|273\/419|[from] Stealth Rock
|move|p1a: Krookodile|Knock Off|p2a: Hippowdon
|-damage|p2a: Hippowdon|176\/419
|-enditem|p2a: Hippowdon|Leftovers|[from] move: Knock Off|[of] p1a: Krookodile
|
|turn|11
|
|switch|p1a: Roserade|Roserade, F|261\/261
|-damage|p1a: Roserade|229\/261|[from] Stealth Rock
|move|p2a: Hippowdon|Whirlwind|p1a: Roserade
|drag|p1a: Infernape|Infernape, M|293\/293
|-damage|p1a: Infernape|257\/293|[from] Stealth Rock
|
|-sideend|p1: some weird shit|move: Tailwind
|turn|12
|
|move|p1a: Infernape|Close Combat|p2a: Hippowdon
|-damage|p2a: Hippowdon|20\/419
|-unboost|p1a: Infernape|def|1
|-unboost|p1a: Infernape|spd|1
|-damage|p1a: Infernape|228\/293|[from] item: Life Orb
|move|p2a: Hippowdon|Slack Off|p2a: Hippowdon
|-heal|p2a: Hippowdon|230\/419
|
|turn|13
|
|switch|p1a: Suicune|Suicune|399\/399
|-damage|p1a: Suicune|350\/399|[from] Stealth Rock
|-ability|p1a: Suicune|Pressure
|move|p2a: Hippowdon|Earthquake|p1a: Suicune
|-damage|p1a: Suicune|236\/399
|
|-heal|p1a: Suicune|260\/399|[from] item: Leftovers
|turn|14
|
|switch|p2a: Hydreigon|Hydreigon, F|325\/325
|-damage|p2a: Hydreigon|285\/325|[from] Stealth Rock
|move|p1a: Suicune|Hydro Pump|p2a: Hydreigon
|-resisted|p2a: Hydreigon
|-damage|p2a: Hydreigon|188\/325
|
|-heal|p1a: Suicune|284\/399|[from] item: Leftovers
|turn|15
|
|switch|p1a: Krookodile|Krookodile, F|291\/331
|-damage|p1a: Krookodile|271\/331|[from] Stealth Rock
|-ability|p1a: Krookodile|Intimidate|[of] p2a: Hydreigon
|-unboost|p2a: Hydreigon|atk|1
|move|p2a: Hydreigon|Dark Pulse|p1a: Krookodile
|-resisted|p1a: Krookodile
|-damage|p1a: Krookodile|144\/331
|-damage|p2a: Hydreigon|156\/325|[from] item: Life Orb
|
|turn|16
|
|move|p1a: Krookodile|Pursuit|p2a: Hydreigon|[from]Pursuit
|-resisted|p2a: Hydreigon
|-damage|p2a: Hydreigon|85\/325
|switch|p2a: Hippowdon|Hippowdon, M|230\/419
|-damage|p2a: Hippowdon|204\/419|[from] Stealth Rock
|
|turn|17
|
|switch|p1a: Suicune|Suicune|284\/399
|-damage|p1a: Suicune|235\/399|[from] Stealth Rock
|-ability|p1a: Suicune|Pressure
|move|p2a: Hippowdon|Whirlwind|p1a: Suicune
|drag|p1a: Infernape|Infernape, M|228\/293
|-damage|p1a: Infernape|192\/293|[from] Stealth Rock
|
|turn|18
|
|move|p1a: Infernape|Swords Dance|p1a: Infernape
|-boost|p1a: Infernape|atk|2
|move|p2a: Hippowdon|Slack Off|p2a: Hippowdon
|-heal|p2a: Hippowdon|414\/419
|
|turn|19
|
|move|p1a: Infernape|Close Combat|p2a: Hippowdon
|-damage|p2a: Hippowdon|105\/419
|-unboost|p1a: Infernape|def|1
|-unboost|p1a: Infernape|spd|1
|-damage|p1a: Infernape|163\/293|[from] item: Life Orb
|move|p2a: Hippowdon|Earthquake|p1a: Infernape
|-supereffective|p1a: Infernape
|-damage|p1a: Infernape|0 fnt
|faint|p1a: Infernape
|
|
|switch|p1a: Gallade|Gallade-Mega, M|277\/277
|-damage|p1a: Gallade|260\/277|[from] Stealth Rock
|turn|20
|
|move|p1a: Gallade|Zen Headbutt|p2a: Hippowdon
|-damage|p2a: Hippowdon|0 fnt
|faint|p2a: Hippowdon
|
|
|switch|p2a: Fletchinder|Fletchinder, F|327\/327
|-damage|p2a: Fletchinder|164\/327|[from] Stealth Rock
|turn|21
|
|switch|p1a: Krookodile|Krookodile, F|144\/331
|-damage|p1a: Krookodile|124\/331|[from] Stealth Rock
|-ability|p1a: Krookodile|Intimidate|[of] p2a: Fletchinder
|-unboost|p2a: Fletchinder|atk|1
|move|p2a: Fletchinder|Acrobatics|p1a: Krookodile
|-damage|p1a: Krookodile|7\/331
|
|turn|22
|
|move|p2a: Fletchinder|Acrobatics|p1a: Krookodile
|-damage|p1a: Krookodile|0 fnt
|faint|p1a: Krookodile
|
|
|switch|p1a: Suicune|Suicune|235\/399
|-damage|p1a: Suicune|186\/399|[from] Stealth Rock
|-ability|p1a: Suicune|Pressure
|turn|23
|
|switch|p2a: Jirachi|Jirachi|320\/341
|-damage|p2a: Jirachi|299\/341|[from] Stealth Rock
|move|p1a: Suicune|Hydro Pump|p2a: Jirachi
|-damage|p2a: Jirachi|122\/341
|
|-heal|p1a: Suicune|210\/399|[from] item: Leftovers
|turn|24
|
|switch|p1a: Roserade|Roserade, F|229\/261
|-damage|p1a: Roserade|197\/261|[from] Stealth Rock
|move|p2a: Jirachi|Trick|p1a: Roserade
|-activate|p2a: Jirachi|move: Trick|[of] p1a: Roserade
|-item|p1a: Roserade|Dread Plate|[from] move: Trick
|-item|p2a: Jirachi|Life Orb|[from] move: Trick
|
|turn|25
|
|move|p2a: Jirachi|Zen Headbutt|p1a: Roserade
|-supereffective|p1a: Roserade
|-damage|p1a: Roserade|0 fnt
|-damage|p2a: Jirachi|88\/341|[from] item: Life Orb
|faint|p1a: Roserade
|
|
|switch|p1a: Gallade|Gallade-Mega, M|260\/277
|-damage|p1a: Gallade|243\/277|[from] Stealth Rock
|turn|26
|
|switch|p2a: Hydreigon|Hydreigon, F|85\/325
|-damage|p2a: Hydreigon|45\/325|[from] Stealth Rock
|move|p1a: Gallade|Swords Dance|p1a: Gallade
|-boost|p1a: Gallade|atk|2
|
|turn|27
|
|move|p1a: Gallade|Close Combat|p2a: Hydreigon
|-supereffective|p2a: Hydreigon
|-damage|p2a: Hydreigon|0 fnt
|-unboost|p1a: Gallade|def|1
|-unboost|p1a: Gallade|spd|1
|faint|p2a: Hydreigon
|
|
|switch|p2a: Zygarde|Zygarde|315\/419
|-damage|p2a: Zygarde|289\/419|[from] Stealth Rock
|-ability|p2a: Zygarde|Aura Break
|turn|28
|
|move|p1a: Gallade|Close Combat|p2a: Zygarde
|-damage|p2a: Zygarde|0 fnt
|-unboost|p1a: Gallade|def|1
|-unboost|p1a: Gallade|spd|1
|faint|p2a: Zygarde
|
|
|switch|p2a: Fletchinder|Fletchinder, F|164\/327
|-damage|p2a: Fletchinder|1\/327|[from] Stealth Rock
|turn|29
|
|move|p1a: Gallade|Shadow Sneak|p2a: Fletchinder
|-damage|p2a: Fletchinder|0 fnt
|faint|p2a: Fletchinder
|
|c|âSpecs Cranidos|gg
|c|âsome weird shit|gg
|
|switch|p2a: Jirachi|Jirachi|88\/341
|-damage|p2a: Jirachi|67\/341|[from] Stealth Rock
|turn|30
|
|move|p1a: Gallade|Shadow Sneak|p2a: Jirachi
|-crit|p2a: Jirachi
|-supereffective|p2a: Jirachi
|-damage|p2a: Jirachi|0 fnt
|faint|p2a: Jirachi
|
|win|some weird shit
|raw|Ladder updating...
|join|DatLatias
|raw|some weird shit's rating: 1421 &rarr; <strong>1448<\/strong><br \/>(+27 for winning)
|raw|Specs Cranidos's rating: 1538 &rarr; <strong>1512<\/strong><br \/>(-26 for losing)