|join|Specs Cranidos
|join|Mirr
|player|p1|Specs Cranidos|54
|player|p2|Mirr|200
|gametype|singles
|gen|6
|tier|UU
|rated
|rule|Sleep Clause Mod: Limit one foe put to sleep
|rule|Species Clause: Limit one of each PokÃ©mon
|rule|OHKO Clause: OHKO moves are banned
|rule|Moody Clause: Moody is banned
|rule|Evasion Moves Clause: Evasion moves are banned
|rule|Endless Battle Clause: Forcing endless battles is banned
|rule|HP Percentage Mod: HP is shown in percentages
|clearpoke
|poke|p1|Hippowdon, M
|poke|p1|Fletchinder, F
|poke|p1|Tentacruel, F
|poke|p1|Zygarde
|poke|p1|Hydreigon, F
|poke|p1|Jirachi
|poke|p2|Shaymin
|poke|p2|Cloyster, F
|poke|p2|Forretress, F
|poke|p2|Entei, shiny
|poke|p2|Scrafty, M
|poke|p2|Nidoqueen, F
|rule|Swagger Clause: Swagger is banned
|rule|Baton Pass Clause: Limit one PokÃ©mon knowing Baton Pass
|teampreview
|c|âSpecs Cranidos|glhf
|c|âMirr|u2
|
|start
|switch|p1a: Tentacruel|Tentacruel, F|364\/364
|switch|p2a: Shaymin|Shaymin|341\/341
|turn|1
|
|move|p2a: Shaymin|Seed Flare|p1a: Tentacruel
|-damage|p1a: Tentacruel|211\/364
|move|p1a: Tentacruel|Knock Off|p2a: Shaymin
|-crit|p2a: Shaymin
|-damage|p2a: Shaymin|267\/341
|-enditem|p2a: Shaymin|Leftovers|[from] move: Knock Off|[of] p1a: Tentacruel
|
|-heal|p1a: Tentacruel|233\/364|[from] item: Black Sludge
|turn|2
|
|move|p2a: Shaymin|Leech Seed|p1a: Tentacruel
|-start|p1a: Tentacruel|move: Leech Seed
|move|p1a: Tentacruel|Toxic Spikes|p2a: Shaymin
|-sidestart|p2: Mirr|move: Toxic Spikes
|
|-heal|p1a: Tentacruel|255\/364|[from] item: Black Sludge
|-damage|p1a: Tentacruel|210\/364|[from] Leech Seed|[of] p2a: Shaymin
|-damage|p2a: Shaymin|222\/341|[from] ability: Liquid Ooze|[of] p1a: Tentacruel
|turn|3
|
|move|p2a: Shaymin|Seed Flare|p1a: Tentacruel
|-damage|p1a: Tentacruel|69\/364
|-unboost|p1a: Tentacruel|spd|2
|move|p1a: Tentacruel|Toxic Spikes|p2a: Shaymin
|-sidestart|p2: Mirr|move: Toxic Spikes
|
|-heal|p1a: Tentacruel|91\/364|[from] item: Black Sludge
|-damage|p1a: Tentacruel|46\/364|[from] Leech Seed|[of] p2a: Shaymin
|-damage|p2a: Shaymin|177\/341|[from] ability: Liquid Ooze|[of] p1a: Tentacruel
|turn|4
|
|move|p2a: Shaymin|Seed Flare|p1a: Tentacruel
|-damage|p1a: Tentacruel|0 fnt
|faint|p1a: Tentacruel
|
|
|switch|p1a: Fletchinder|Fletchinder, F|327\/327
|turn|5
|
|switch|p2a: Nidoqueen|Nidoqueen, F|353\/353
|-sideend|p2: Mirr|move: Toxic Spikes|[of] p2a: Nidoqueen
|move|p1a: Fletchinder|Swords Dance|p1a: Fletchinder
|-boost|p1a: Fletchinder|atk|2
|
|turn|6
|
|move|p1a: Fletchinder|Acrobatics|p2a: Nidoqueen
|-damage|p2a: Nidoqueen|40\/353
|move|p2a: Nidoqueen|Earth Power|p1a: Fletchinder
|-immune|p1a: Fletchinder|[msg]
|
|turn|7
|c|âMirr|this lag
|
|move|p1a: Fletchinder|Acrobatics|p2a: Nidoqueen
|-damage|p2a: Nidoqueen|0 fnt
|faint|p2a: Nidoqueen
|
|
|switch|p2a: Cloyster|Cloyster, F|241\/241
|turn|8
|
|move|p2a: Cloyster|Rock Blast|p1a: Fletchinder
|-supereffective|p1a: Fletchinder
|-damage|p1a: Fletchinder|167\/327
|-supereffective|p1a: Fletchinder
|-damage|p1a: Fletchinder|0 fnt
|-hitcount|p1a: Fletchinder|2
|faint|p1a: Fletchinder
|
|c|âSpecs Cranidos|cancel buttons..
|c|âMirr|yeah
|c|âSpecs Cranidos|whats the point of them
|
|switch|p1a: Hydreigon|Hydreigon, F|325\/325
|turn|9
|
|switch|p2a: Scrafty|Scrafty, M|334\/334
|move|p1a: Hydreigon|Draco Meteor|p2a: Scrafty|[miss]
|-miss|p1a: Hydreigon|p2a: Scrafty
|
|turn|10
|
|switch|p1a: Hippowdon|Hippowdon, M|419\/419
|-weather|Sandstorm
|move|p2a: Scrafty|Bulk Up|p2a: Scrafty
|-boost|p2a: Scrafty|atk|1
|-boost|p2a: Scrafty|def|1
|
|-weather|Sandstorm|[upkeep]
|-damage|p2a: Scrafty|314\/334|[from] sandstorm
|-heal|p2a: Scrafty|334\/334|[from] item: Leftovers
|turn|11
|
|move|p2a: Scrafty|Knock Off|p1a: Hippowdon
|-damage|p1a: Hippowdon|325\/419
|-enditem|p1a: Hippowdon|Leftovers|[from] move: Knock Off|[of] p2a: Scrafty
|move|p1a: Hippowdon|Stealth Rock|p2a: Scrafty
|-sidestart|p2: Mirr|move: Stealth Rock
|
|-weather|Sandstorm|[upkeep]
|-damage|p2a: Scrafty|314\/334|[from] sandstorm
|-heal|p2a: Scrafty|334\/334|[from] item: Leftovers
|turn|12
|
|move|p2a: Scrafty|Bulk Up|p2a: Scrafty
|-boost|p2a: Scrafty|atk|1
|-boost|p2a: Scrafty|def|1
|move|p1a: Hippowdon|Whirlwind|p2a: Scrafty
|drag|p2a: Cloyster|Cloyster, F|241\/241
|-damage|p2a: Cloyster|181\/241|[from] Stealth Rock
|
|-weather|Sandstorm|[upkeep]
|-damage|p2a: Cloyster|166\/241|[from] sandstorm
|turn|13
|
|switch|p1a: Jirachi|Jirachi|341\/341
|move|p2a: Cloyster|Icicle Spear|p1a: Jirachi
|-resisted|p1a: Jirachi
|-damage|p1a: Jirachi|322\/341
|-resisted|p1a: Jirachi
|-damage|p1a: Jirachi|305\/341
|-resisted|p1a: Jirachi
|-damage|p1a: Jirachi|288\/341
|-resisted|p1a: Jirachi
|-damage|p1a: Jirachi|271\/341
|-resisted|p1a: Jirachi
|-damage|p1a: Jirachi|254\/341
|-hitcount|p1a: Jirachi|5
|
|-weather|Sandstorm|[upkeep]
|-damage|p2a: Cloyster|151\/241|[from] sandstorm
|turn|14
|
|switch|p2a: Forretress|Forretress, F|353\/353
|-damage|p2a: Forretress|309\/353|[from] Stealth Rock
|move|p1a: Jirachi|Iron Head|p2a: Forretress
|-resisted|p2a: Forretress
|-damage|p2a: Forretress|271\/353
|
|-weather|none
|-heal|p2a: Forretress|293\/353|[from] item: Leftovers
|turn|15
|
|switch|p1a: Zygarde|Zygarde|415\/415
|-ability|p1a: Zygarde|Aura Break
|move|p2a: Forretress|Rapid Spin|p1a: Zygarde
|-damage|p1a: Zygarde|403\/415
|-sideend|p2: Mirr|Stealth Rock|[from] move: Rapid Spin|[of] p2a: Forretress
|
|-heal|p1a: Zygarde|415\/415|[from] item: Leftovers
|-heal|p2a: Forretress|315\/353|[from] item: Leftovers
|turn|16
|
|switch|p2a: Entei|Entei, shiny|371\/371
|-ability|p2a: Entei|Pressure
|move|p1a: Zygarde|Dragon Tail|p2a: Entei
|-damage|p2a: Entei|284\/371
|drag|p2a: Forretress|Forretress, F|315\/353
|
|-heal|p2a: Forretress|337\/353|[from] item: Leftovers
|turn|17
|
|switch|p2a: Scrafty|Scrafty, M|334\/334
|move|p1a: Zygarde|Substitute|p1a: Zygarde
|-start|p1a: Zygarde|Substitute
|-damage|p1a: Zygarde|312\/415
|
|-heal|p1a: Zygarde|337\/415|[from] item: Leftovers
|turn|18
|
|move|p1a: Zygarde|Coil|p1a: Zygarde
|-boost|p1a: Zygarde|atk|1
|-boost|p1a: Zygarde|def|1
|-boost|p1a: Zygarde|accuracy|1
|move|p2a: Scrafty|Bulk Up|p2a: Scrafty
|-boost|p2a: Scrafty|atk|1
|-boost|p2a: Scrafty|def|1
|
|-heal|p1a: Zygarde|362\/415|[from] item: Leftovers
|turn|19
|
|move|p2a: Scrafty|Bulk Up|p2a: Scrafty
|-boost|p2a: Scrafty|atk|1
|-boost|p2a: Scrafty|def|1
|move|p1a: Zygarde|Dragon Tail|p2a: Scrafty
|-damage|p2a: Scrafty|288\/334
|drag|p2a: Cloyster|Cloyster, F|151\/241
|
|-heal|p1a: Zygarde|387\/415|[from] item: Leftovers
|turn|20
|
|switch|p1a: Jirachi|Jirachi|254\/341
|move|p2a: Cloyster|Icicle Spear|p1a: Jirachi
|-resisted|p1a: Jirachi
|-damage|p1a: Jirachi|236\/341
|-resisted|p1a: Jirachi
|-damage|p1a: Jirachi|218\/341
|-resisted|p1a: Jirachi
|-damage|p1a: Jirachi|200\/341
|-resisted|p1a: Jirachi
|-damage|p1a: Jirachi|182\/341
|-resisted|p1a: Jirachi
|-damage|p1a: Jirachi|166\/341
|-hitcount|p1a: Jirachi|5
|
|turn|21
|
|switch|p2a: Entei|Entei, shiny|284\/371
|-ability|p2a: Entei|Pressure
|move|p1a: Jirachi|U-turn|p2a: Entei
|-resisted|p2a: Entei
|-damage|p2a: Entei|241\/371
|
|switch|p1a: Hydreigon|Hydreigon, F|325\/325
|
|turn|22
|
|switch|p2a: Scrafty|Scrafty, M|288\/334
|move|p1a: Hydreigon|Dark Pulse|p2a: Scrafty
|-resisted|p2a: Scrafty
|-damage|p2a: Scrafty|259\/334
|-damage|p1a: Hydreigon|293\/325|[from] item: Life Orb
|
|-heal|p2a: Scrafty|279\/334|[from] item: Leftovers
|turn|23
|
|move|p1a: Hydreigon|U-turn|p2a: Scrafty
|-damage|p2a: Scrafty|210\/334
|-damage|p1a: Hydreigon|261\/325|[from] item: Life Orb
|
|switch|p1a: Hippowdon|Hippowdon, M|325\/419
|-weather|Sandstorm
|move|p2a: Scrafty|Knock Off|p1a: Hippowdon
|-damage|p1a: Hippowdon|276\/419
|
|-weather|Sandstorm|[upkeep]
|-damage|p2a: Scrafty|190\/334|[from] sandstorm
|-heal|p2a: Scrafty|210\/334|[from] item: Leftovers
|turn|24
|
|switch|p2a: Shaymin|Shaymin|177\/341
|move|p1a: Hippowdon|Stealth Rock|p2a: Shaymin
|-sidestart|p2: Mirr|move: Stealth Rock
|
|-weather|Sandstorm|[upkeep]
|-damage|p2a: Shaymin|156\/341|[from] sandstorm
|turn|25
|
|switch|p1a: Hydreigon|Hydreigon, F|261\/325
|move|p2a: Shaymin|Leech Seed|p1a: Hydreigon
|-start|p1a: Hydreigon|move: Leech Seed
|
|-weather|Sandstorm|[upkeep]
|-damage|p2a: Shaymin|135\/341|[from] sandstorm
|-damage|p1a: Hydreigon|241\/325|[from] sandstorm
|-damage|p1a: Hydreigon|201\/325|[from] Leech Seed|[of] p2a: Shaymin
|-heal|p2a: Shaymin|175\/341|[silent]
|turn|26
|
|switch|p2a: Scrafty|Scrafty, M|210\/334
|-damage|p2a: Scrafty|190\/334|[from] Stealth Rock
|move|p1a: Hydreigon|Draco Meteor|p2a: Scrafty
|-damage|p2a: Scrafty|0 fnt
|-unboost|p1a: Hydreigon|spa|2
|-damage|p1a: Hydreigon|169\/325|[from] item: Life Orb
|faint|p2a: Scrafty
|
|-weather|Sandstorm|[upkeep]
|-damage|p1a: Hydreigon|149\/325|[from] sandstorm
|
|switch|p2a: Forretress|Forretress, F|337\/353
|-damage|p2a: Forretress|293\/353|[from] Stealth Rock
|turn|27
|
|switch|p1a: Zygarde|Zygarde|387\/415
|-ability|p1a: Zygarde|Aura Break
|move|p2a: Forretress|Rapid Spin|p1a: Zygarde
|-damage|p1a: Zygarde|376\/415
|-sideend|p2: Mirr|Stealth Rock|[from] move: Rapid Spin|[of] p2a: Forretress
|
|-weather|none
|-heal|p1a: Zygarde|401\/415|[from] item: Leftovers
|-heal|p2a: Forretress|315\/353|[from] item: Leftovers
|turn|28
|
|switch|p2a: Shaymin|Shaymin|175\/341
|move|p1a: Zygarde|Dragon Tail|p2a: Shaymin|[miss]
|-miss|p1a: Zygarde|p2a: Shaymin
|
|-heal|p1a: Zygarde|415\/415|[from] item: Leftovers
|turn|29
|
|switch|p1a: Hydreigon|Hydreigon, F|149\/325
|move|p2a: Shaymin|Leech Seed|p1a: Hydreigon
|-start|p1a: Hydreigon|move: Leech Seed
|
|-damage|p1a: Hydreigon|109\/325|[from] Leech Seed|[of] p2a: Shaymin
|-heal|p2a: Shaymin|215\/341|[silent]
|turn|30
|
|switch|p2a: Forretress|Forretress, F|315\/353
|move|p1a: Hydreigon|Flamethrower|p2a: Forretress
|-supereffective|p2a: Forretress
|-damage|p2a: Forretress|0 fnt
|-damage|p1a: Hydreigon|77\/325|[from] item: Life Orb
|faint|p2a: Forretress
|
|
|switch|p2a: Entei|Entei, shiny|241\/371
|-ability|p2a: Entei|Pressure
|turn|31
|
|switch|p1a: Hippowdon|Hippowdon, M|276\/419
|-weather|Sandstorm
|move|p2a: Entei|Sacred Fire|p1a: Hippowdon
|-damage|p1a: Hippowdon|102\/419
|-status|p1a: Hippowdon|brn
|
|-weather|Sandstorm|[upkeep]
|-damage|p2a: Entei|218\/371|[from] sandstorm
|-damage|p1a: Hippowdon|50\/419 brn|[from] brn
|turn|32
|
|move|p2a: Entei|Sacred Fire|p1a: Hippowdon
|-crit|p1a: Hippowdon
|-damage|p1a: Hippowdon|0 fnt
|faint|p1a: Hippowdon
|
|-weather|Sandstorm|[upkeep]
|-damage|p2a: Entei|195\/371|[from] sandstorm
|
|switch|p1a: Hydreigon|Hydreigon, F|77\/325
|turn|33
|
|switch|p2a: Shaymin|Shaymin|215\/341
|move|p1a: Hydreigon|Dark Pulse|p2a: Shaymin
|-damage|p2a: Shaymin|36\/341
|-damage|p1a: Hydreigon|45\/325|[from] item: Life Orb
|
|-weather|Sandstorm|[upkeep]
|-damage|p2a: Shaymin|15\/341|[from] sandstorm
|-damage|p1a: Hydreigon|25\/325|[from] sandstorm
|turn|34
|
|move|p2a: Shaymin|Seed Flare|p1a: Hydreigon
|-crit|p1a: Hydreigon
|-resisted|p1a: Hydreigon
|-damage|p1a: Hydreigon|0 fnt
|faint|p1a: Hydreigon
|
|-weather|Sandstorm|[upkeep]
|-damage|p2a: Shaymin|0 fnt|[from] sandstorm
|faint|p2a: Shaymin
|
|switch|p1a: Jirachi|Jirachi|166\/341
|switch|p2a: Entei|Entei, shiny|195\/371
|-ability|p2a: Entei|Pressure
|turn|35
|
|move|p1a: Jirachi|U-turn|p2a: Entei
|-resisted|p2a: Entei
|-damage|p2a: Entei|154\/371
|
|switch|p1a: Zygarde|Zygarde|415\/415
|-ability|p1a: Zygarde|Aura Break
|move|p2a: Entei|Sacred Fire|p1a: Zygarde
|-resisted|p1a: Zygarde
|-damage|p1a: Zygarde|307\/415
|
|-weather|none
|-heal|p1a: Zygarde|332\/415|[from] item: Leftovers
|turn|36
|
|move|p2a: Entei|Sacred Fire|p1a: Zygarde
|-crit|p1a: Zygarde
|-resisted|p1a: Zygarde
|-damage|p1a: Zygarde|161\/415
|move|p1a: Zygarde|Dragon Tail|p2a: Entei
|-damage|p2a: Entei|75\/371
|drag|p2a: Cloyster|Cloyster, F|151\/241
|
|-heal|p1a: Zygarde|186\/415|[from] item: Leftovers
|turn|37
|
|move|p2a: Cloyster|Icicle Spear|p1a: Zygarde
|-supereffective|p1a: Zygarde
|-damage|p1a: Zygarde|74\/415
|-supereffective|p1a: Zygarde
|-damage|p1a: Zygarde|0 fnt
|-hitcount|p1a: Zygarde|2
|faint|p1a: Zygarde
|
|
|switch|p1a: Jirachi|Jirachi|166\/341
|turn|38
|
|move|p1a: Jirachi|Zen Headbutt|p2a: Cloyster
|-damage|p2a: Cloyster|81\/241
|cant|p2a: Cloyster|flinch
|
|turn|39
|
|move|p1a: Jirachi|Zen Headbutt|p2a: Cloyster
|-damage|p2a: Cloyster|12\/241
|move|p2a: Cloyster|Explosion|p1a: Jirachi
|-resisted|p1a: Jirachi
|-damage|p1a: Jirachi|49\/341
|faint|p2a: Cloyster
|
|c|âSpecs Cranidos|wtf
|
|switch|p2a: Entei|Entei, shiny|75\/371
|-ability|p2a: Entei|Pressure
|turn|40
|
|move|p2a: Entei|Extreme Speed|p1a: Jirachi
|-resisted|p1a: Jirachi
|-damage|p1a: Jirachi|0 fnt
|faint|p1a: Jirachi
|
|win|Mirr
|raw|Ladder updating...
|c|âSpecs Cranidos|gg
|raw|Specs Cranidos's rating: 1546 &rarr; <strong>1514<\/strong><br \/>(-32 for losing)
|raw|Mirr's rating: 1316 &rarr; <strong>1348<\/strong><br \/>(+32 for winning)
|c|âMirr|gg
|leave|Specs Cranidos
|player|p1