|join|poonHunter (DD)
|join|Specs Cranidos
|player|p1|poonHunter (DD)|114
|player|p2|Specs Cranidos|54
|gametype|singles
|gen|6
|tier|UU
|rule|Sleep Clause Mod: Limit one foe put to sleep
|rule|Species Clause: Limit one of each PokÃ©mon
|rule|OHKO Clause: OHKO moves are banned
|rule|Moody Clause: Moody is banned
|rule|Evasion Moves Clause: Evasion moves are banned
|rule|Endless Battle Clause: Forcing endless battles is banned
|rule|HP Percentage Mod: HP is shown in percentages
|clearpoke
|poke|p1|Pidgeot, M
|poke|p1|Vaporeon, F
|poke|p1|Nidoking, M
|poke|p1|Jirachi
|poke|p1|Gligar, F
|poke|p1|Lucario, M
|poke|p2|Zygarde
|poke|p2|Fletchinder, F
|poke|p2|Tentacruel, M
|poke|p2|Jirachi
|poke|p2|Hydreigon, M
|poke|p2|Hippowdon, F
|rule|Swagger Clause: Swagger is banned
|rule|Baton Pass Clause: Limit one PokÃ©mon knowing Baton Pass
|teampreview
|c|âpoonHunter (DD)|glhf
|join|Starmie Sweep
|join|Mike Hunts
|c|âSpecs Cranidos|u2
|join|porrtal 2
|join|Munkin
|
|start
|switch|p1a: Gligar|Gligar, F|334\/334
|switch|p2a: Tentacruel|Tentacruel, M|363\/363
|turn|1
|
|move|p2a: Tentacruel|Knock Off|p1a: Gligar
|-damage|p1a: Gligar|308\/334
|-enditem|p1a: Gligar|Eviolite|[from] move: Knock Off|[of] p2a: Tentacruel
|move|p1a: Gligar|Earthquake|p2a: Tentacruel
|-supereffective|p2a: Tentacruel
|-damage|p2a: Tentacruel|175\/363
|
|-heal|p2a: Tentacruel|197\/363|[from] item: Black Sludge
|turn|2
|
|move|p2a: Tentacruel|Scald|p1a: Gligar
|-supereffective|p1a: Gligar
|-damage|p1a: Gligar|78\/334
|move|p1a: Gligar|Earthquake|p2a: Tentacruel
|-supereffective|p2a: Tentacruel
|-damage|p2a: Tentacruel|15\/363
|
|-heal|p2a: Tentacruel|37\/363|[from] item: Black Sludge
|turn|3
|join|Donphantastic
|
|move|p2a: Tentacruel|Scald|p1a: Gligar
|-supereffective|p1a: Gligar
|-damage|p1a: Gligar|0 fnt
|faint|p1a: Gligar
|
|-heal|p2a: Tentacruel|59\/363|[from] item: Black Sludge
|join|wonderrusty
|
|switch|p1a: Pidgeot|Pidgeot, M|307\/307
|turn|4
|
|detailschange|p1a: Pidgeot|Pidgeot-Mega, M
|message|Pidgeot has Mega Evolved into Mega Pidgeot!
|move|p1a: Pidgeot|Hurricane|p2a: Tentacruel
|-damage|p2a: Tentacruel|0 fnt
|faint|p2a: Tentacruel
|
|
|switch|p2a: Zygarde|Zygarde|419\/419
|-ability|p2a: Zygarde|Aura Break
|turn|5
|
|move|p1a: Pidgeot|Hurricane|p2a: Zygarde
|-damage|p2a: Zygarde|272\/419
|move|p2a: Zygarde|Dragon Tail|p1a: Pidgeot
|-damage|p1a: Pidgeot|225\/307
|drag|p1a: Jirachi|Jirachi|341\/341
|
|-heal|p2a: Zygarde|298\/419|[from] item: Leftovers
|turn|6
|join|Eren Swaeger
|
|move|p1a: Jirachi|Trick|p2a: Zygarde
|-activate|p1a: Jirachi|move: Trick|[of] p2a: Zygarde
|-item|p2a: Zygarde|Choice Scarf|[from] move: Trick
|-item|p1a: Jirachi|Leftovers|[from] move: Trick
|move|p2a: Zygarde|Earthquake|p1a: Jirachi
|-supereffective|p1a: Jirachi
|-damage|p1a: Jirachi|113\/341
|
|-heal|p1a: Jirachi|134\/341|[from] item: Leftovers
|turn|7
|
|switch|p1a: Pidgeot|Pidgeot-Mega, M|225\/307
|move|p2a: Zygarde|Earthquake|p1a: Pidgeot
|-immune|p1a: Pidgeot|[msg]
|
|turn|8
|
|switch|p2a: Jirachi|Jirachi|341\/341
|move|p1a: Pidgeot|Heat Wave|p2a: Jirachi
|-supereffective|p2a: Jirachi
|-damage|p2a: Jirachi|105\/341
|
|turn|9
|
|move|p2a: Jirachi|Iron Head|p1a: Pidgeot
|-damage|p1a: Pidgeot|77\/307
|cant|p1a: Pidgeot|flinch
|
|turn|10
|
|switch|p1a: Vaporeon|Vaporeon, F|464\/464
|move|p2a: Jirachi|Iron Head|p1a: Vaporeon
|-crit|p1a: Vaporeon
|-resisted|p1a: Vaporeon
|-damage|p1a: Vaporeon|372\/464
|
|-heal|p1a: Vaporeon|401\/464|[from] item: Leftovers
|turn|11
|
|switch|p2a: Hydreigon|Hydreigon, M|325\/325
|move|p1a: Vaporeon|Scald|p2a: Hydreigon
|-resisted|p2a: Hydreigon
|-damage|p2a: Hydreigon|268\/325
|-status|p2a: Hydreigon|brn
|
|-heal|p1a: Vaporeon|430\/464|[from] item: Leftovers
|-damage|p2a: Hydreigon|228\/325 brn|[from] brn
|turn|12
|
|move|p2a: Hydreigon|Dark Pulse|p1a: Vaporeon
|-damage|p1a: Vaporeon|231\/464
|-damage|p2a: Hydreigon|196\/325 brn|[from] item: Life Orb
|cant|p1a: Vaporeon|flinch
|
|-heal|p1a: Vaporeon|260\/464|[from] item: Leftovers
|-damage|p2a: Hydreigon|156\/325 brn|[from] brn
|turn|13
|
|move|p1a: Vaporeon|Protect|p1a: Vaporeon
|-singleturn|p1a: Vaporeon|Protect
|move|p2a: Hydreigon|Draco Meteor|p1a: Vaporeon
|-activate|p1a: Vaporeon|Protect
|
|-heal|p1a: Vaporeon|289\/464|[from] item: Leftovers
|-damage|p2a: Hydreigon|116\/325 brn|[from] brn
|turn|14
|
|move|p2a: Hydreigon|Draco Meteor|p1a: Vaporeon
|-damage|p1a: Vaporeon|8\/464
|-unboost|p2a: Hydreigon|spa|2
|-damage|p2a: Hydreigon|84\/325 brn|[from] item: Life Orb
|move|p1a: Vaporeon|Wish|p1a: Vaporeon
|
|-heal|p1a: Vaporeon|37\/464|[from] item: Leftovers
|-damage|p2a: Hydreigon|44\/325 brn|[from] brn
|turn|15
|join|New Album
|
|move|p1a: Vaporeon|Protect|p1a: Vaporeon
|-singleturn|p1a: Vaporeon|Protect
|move|p2a: Hydreigon|Dark Pulse|p1a: Vaporeon
|-activate|p1a: Vaporeon|Protect
|
|-heal|p1a: Vaporeon|269\/464|[from] move: Wish|[wisher] Vaporeon
|-heal|p1a: Vaporeon|298\/464|[from] item: Leftovers
|-damage|p2a: Hydreigon|4\/325 brn|[from] brn
|turn|16
|leave|New Album
|
|move|p2a: Hydreigon|Draco Meteor|p1a: Vaporeon
|-damage|p1a: Vaporeon|149\/464
|-unboost|p2a: Hydreigon|spa|2
|-damage|p2a: Hydreigon|0 fnt|[from] item: Life Orb
|faint|p2a: Hydreigon
|move|p1a: Vaporeon|Wish|p1a: Vaporeon
|
|-heal|p1a: Vaporeon|178\/464|[from] item: Leftovers
|
|switch|p2a: Zygarde|Zygarde|298\/419
|-ability|p2a: Zygarde|Aura Break
|turn|17
|join|sdasdsad
|
|move|p1a: Vaporeon|Protect|p1a: Vaporeon
|-singleturn|p1a: Vaporeon|Protect
|move|p2a: Zygarde|Substitute|p2a: Zygarde
|-start|p2a: Zygarde|Substitute
|-damage|p2a: Zygarde|194\/419
|
|-heal|p1a: Vaporeon|410\/464|[from] move: Wish|[wisher] Vaporeon
|-heal|p1a: Vaporeon|439\/464|[from] item: Leftovers
|turn|18
|join|BurstStream
|c|âpoonHunter (DD)|o ok
|c|âSpecs Cranidos|fuck me
|c|âpoonHunter (DD)|>.>
|c|âSpecs Cranidos|forgot
|c|âSpecs Cranidos|lmao
|
|switch|p2a: Jirachi|Jirachi|105\/341
|move|p1a: Vaporeon|Wish|p1a: Vaporeon
|
|-heal|p1a: Vaporeon|464\/464|[from] item: Leftovers
|turn|19
|join|Carne Gustos
|
|move|p2a: Jirachi|Trick|p1a: Vaporeon
|-activate|p2a: Jirachi|move: Trick|[of] p1a: Vaporeon
|-item|p1a: Vaporeon|Choice Scarf|[from] move: Trick
|-item|p2a: Jirachi|Leftovers|[from] move: Trick
|move|p1a: Vaporeon|Scald|p2a: Jirachi
|-damage|p2a: Jirachi|3\/341
|
|-heal|p2a: Jirachi|24\/341|[from] item: Leftovers
|turn|20
|
|move|p2a: Jirachi|Zen Headbutt|p1a: Vaporeon
|-damage|p1a: Vaporeon|343\/464
|cant|p1a: Vaporeon|flinch
|
|-heal|p2a: Jirachi|45\/341|[from] item: Leftovers
|turn|21
|
|move|p2a: Jirachi|Zen Headbutt|p1a: Vaporeon|[miss]
|-miss|p2a: Jirachi|p1a: Vaporeon
|move|p1a: Vaporeon|Scald|p2a: Jirachi
|-damage|p2a: Jirachi|0 fnt
|faint|p2a: Jirachi
|
|
|switch|p2a: Zygarde|Zygarde|194\/419
|-ability|p2a: Zygarde|Aura Break
|turn|22
|
|move|p2a: Zygarde|Earthquake|p1a: Vaporeon
|-damage|p1a: Vaporeon|219\/464
|move|p1a: Vaporeon|Scald|p2a: Zygarde
|-damage|p2a: Zygarde|112\/419
|
|turn|23
|
|move|p2a: Zygarde|Earthquake|p1a: Vaporeon
|-damage|p1a: Vaporeon|96\/464
|move|p1a: Vaporeon|Scald|p2a: Zygarde
|-damage|p2a: Zygarde|33\/419
|
|turn|24
|
|move|p2a: Zygarde|Earthquake|p1a: Vaporeon
|-damage|p1a: Vaporeon|0 fnt
|faint|p1a: Vaporeon
|
|leave|sdasdsad
|
|switch|p1a: Pidgeot|Pidgeot-Mega, M|77\/307
|turn|25
|
|move|p1a: Pidgeot|Hurricane|p2a: Zygarde
|-damage|p2a: Zygarde|0 fnt
|faint|p2a: Zygarde
|
|
|switch|p2a: Fletchinder|Fletchinder, F|327\/327
|turn|26
|
|move|p2a: Fletchinder|Acrobatics|p1a: Pidgeot
|-damage|p1a: Pidgeot|0 fnt
|faint|p1a: Pidgeot
|
|
|switch|p1a: Nidoking|Nidoking, M|304\/304
|turn|27
|
|switch|p2a: Hippowdon|Hippowdon, F|419\/419
|move|p1a: Nidoking|Thunderbolt|p2a: Hippowdon
|-immune|p2a: Hippowdon|[msg]
|
|turn|28
|
|move|p1a: Nidoking|Ice Beam|p2a: Hippowdon
|-crit|p2a: Hippowdon
|-supereffective|p2a: Hippowdon
|-damage|p2a: Hippowdon|0 fnt
|faint|p2a: Hippowdon
|
|
|switch|p2a: Fletchinder|Fletchinder, F|327\/327
|turn|29
|
|move|p2a: Fletchinder|Acrobatics|p1a: Nidoking
|-damage|p1a: Nidoking|106\/304
|move|p1a: Nidoking|Thunderbolt|p2a: Fletchinder
|-supereffective|p2a: Fletchinder
|-damage|p2a: Fletchinder|0 fnt
|faint|p2a: Fletchinder
|
|win|poonHunter (DD)
|c|âSpecs Cranidos|gg
|c|âpoonHunter (DD)|gg
|leave|poonHunter (DD)
|player|p1
|leave|Mike Hunts
|leave|Specs Cranidos
|player|p2
|leave|Starmie Sweep
|leave|Munkin