|join|BurstStream
|join|Specs Cranidos
|join|DoubleFist
|player|p1|BurstStream|99
|player|p2|Specs Cranidos|54
|gametype|singles
|gen|6
|tier|UU
|rule|Sleep Clause Mod: Limit one foe put to sleep
|rule|Species Clause: Limit one of each PokÃ©mon
|rule|OHKO Clause: OHKO moves are banned
|rule|Moody Clause: Moody is banned
|rule|Evasion Moves Clause: Evasion moves are banned
|rule|Endless Battle Clause: Forcing endless battles is banned
|rule|HP Percentage Mod: HP is shown in percentages
|clearpoke
|poke|p1|Honchkrow, M
|poke|p1|Kyurem
|poke|p1|Nidoqueen, F
|poke|p1|Blastoise, M
|poke|p1|Florges, F
|poke|p1|Jirachi
|poke|p2|Arcanine, F
|poke|p2|Shaymin
|poke|p2|Hydreigon, M
|poke|p2|Mienshao, M
|poke|p2|Swampert, F
|poke|p2|Metagross
|rule|Swagger Clause: Swagger is banned
|rule|Baton Pass Clause: Limit one PokÃ©mon knowing Baton Pass
|teampreview
|join|ANGER MANAGEMENT
|join|waivfor
|join|Munkin
|join|the fun in this
|join|Shrek Central
|join|youshallnothax
|c| waivfor|ew
|join|joltage
|join|Nervous System
|join|Duskt70
|join|kmoose
|join|Demxer
|join|zTerribadTastic
|join|daD s'daD?
|c| waivfor|these teams are disgusting
|leave|waivfor
|join|LisannaDragneel
|join|Dudeman130498
|
|start
|switch|p1a: Blastoise|Blastoise, M|353\/353
|switch|p2a: Swampert|Swampert, F|403\/403
|turn|1
|join|tyb's alt2
|
|detailschange|p1a: Blastoise|Blastoise-Mega, M
|message|Blastoise has Mega Evolved into Mega Blastoise!
|move|p1a: Blastoise|Dragon Pulse|p2a: Swampert
|-damage|p2a: Swampert|276\/403
|move|p2a: Swampert|Stealth Rock|p1a: Blastoise
|-sidestart|p1: BurstStream|move: Stealth Rock
|
|-heal|p2a: Swampert|301\/403|[from] item: Leftovers
|turn|2
|c| Shrek Central|the water type starter leads
|join|r0ady
|
|move|p1a: Blastoise|Dragon Pulse|p2a: Swampert
|-damage|p2a: Swampert|177\/403
|move|p2a: Swampert|Earthquake|p1a: Blastoise
|-damage|p1a: Blastoise|248\/353
|
|-heal|p2a: Swampert|202\/403|[from] item: Leftovers
|turn|3
|join|Insane Pigmask
|join|so dynamic
|
|move|p1a: Blastoise|Dark Pulse|p2a: Swampert
|-damage|p2a: Swampert|83\/403
|move|p2a: Swampert|Roar|p1a: Blastoise
|drag|p1a: Jirachi|Jirachi|342\/342
|-damage|p1a: Jirachi|321\/342|[from] Stealth Rock
|
|-heal|p2a: Swampert|108\/403|[from] item: Leftovers
|turn|4
|
|move|p1a: Jirachi|U-turn|p2a: Swampert
|-damage|p2a: Swampert|35\/403
|
|switch|p1a: Florges|Florges, F|360\/360
|-damage|p1a: Florges|315\/360|[from] Stealth Rock
|move|p2a: Swampert|Roar|p1a: Florges
|drag|p1a: Honchkrow|Honchkrow, M|341\/341
|-damage|p1a: Honchkrow|256\/341|[from] Stealth Rock
|
|-heal|p2a: Swampert|60\/403|[from] item: Leftovers
|turn|5
|join|thymetime
|join|Dingus Poop
|
|switch|p2a: Arcanine|Arcanine, F|383\/383
|-ability|p2a: Arcanine|Intimidate|[of] p1a: Honchkrow
|-unboost|p1a: Honchkrow|atk|1
|move|p1a: Honchkrow|Brave Bird|p2a: Arcanine
|-damage|p2a: Arcanine|204\/383
|-damage|p1a: Honchkrow|197\/341|[from] recoil|[of] p2a: Arcanine
|-damage|p1a: Honchkrow|163\/341|[from] item: Life Orb
|
|-heal|p2a: Arcanine|227\/383|[from] item: Leftovers
|turn|6
|c|âBurstStream|man
|c|âBurstStream|I had Clicked Pursuit
|c|âBurstStream|but whatever
|
|switch|p1a: Blastoise|Blastoise-Mega, M|248\/353
|-damage|p1a: Blastoise|204\/353|[from] Stealth Rock
|move|p2a: Arcanine|Will-O-Wisp|p1a: Blastoise
|-status|p1a: Blastoise|brn
|
|-heal|p2a: Arcanine|250\/383|[from] item: Leftovers
|-damage|p1a: Blastoise|160\/353 brn|[from] brn
|turn|7
|
|switch|p2a: Swampert|Swampert, F|60\/403
|move|p1a: Blastoise|Rapid Spin|p2a: Swampert
|-damage|p2a: Swampert|50\/403
|-sideend|p1: BurstStream|Stealth Rock|[from] move: Rapid Spin|[of] p1a: Blastoise
|
|-heal|p2a: Swampert|75\/403|[from] item: Leftovers
|-damage|p1a: Blastoise|116\/353 brn|[from] brn
|turn|8
|
|move|p1a: Blastoise|Dark Pulse|p2a: Swampert
|-damage|p2a: Swampert|0 fnt
|faint|p2a: Swampert
|
|-damage|p1a: Blastoise|72\/353 brn|[from] brn
|
|switch|p2a: Hydreigon|Hydreigon, M|325\/325
|turn|9
|
|move|p2a: Hydreigon|Dark Pulse|p1a: Blastoise
|-damage|p1a: Blastoise|0 fnt
|-damage|p2a: Hydreigon|293\/325|[from] item: Life Orb
|faint|p1a: Blastoise
|
|
|switch|p1a: Florges|Florges, F|315\/360
|turn|10
|
|switch|p2a: Metagross|Metagross|355\/355
|switch|p1a: Nidoqueen|Nidoqueen, F|353\/353
|
|turn|11
|join|waivfor
|
|move|p1a: Nidoqueen|Stealth Rock|p2a: Metagross
|-sidestart|p2: Specs Cranidos|move: Stealth Rock
|move|p2a: Metagross|Zen Headbutt|p1a: Nidoqueen
|-supereffective|p1a: Nidoqueen
|-damage|p1a: Nidoqueen|0 fnt
|faint|p1a: Nidoqueen
|
|c| Duskt70|reveal weakness policy
|leave|r0ady
|
|switch|p1a: Honchkrow|Honchkrow, M|163\/341
|turn|12
|
|move|p2a: Metagross|Bullet Punch|p1a: Honchkrow
|-damage|p1a: Honchkrow|19\/341
|move|p1a: Honchkrow|Pursuit|p2a: Metagross
|-supereffective|p2a: Metagross
|-damage|p2a: Metagross|191\/355
|-damage|p1a: Honchkrow|0 fnt|[from] item: Life Orb
|faint|p1a: Honchkrow
|
|c|âSpecs Cranidos|yeah
|
|switch|p1a: Kyurem|Kyurem|391\/391
|-ability|p1a: Kyurem|Pressure
|turn|13
|c| Nervous System|you effed up when you assumed he was going to make the right plays
|c|âBurstStream|nah I effed up
|c| the fun in this|he porbs thought band meta stuck on zen
|c|âBurstStream|when My Pursuit
|c|âBurstStream|didn't go off 
|c|âBurstStream|on Swampert
|c|âSpecs Cranidos|since he didnt go for pursuit earlier, i decided to be ballsy
|c| waivfor|^
|join|Bob the Bro
|
|move|p2a: Metagross|Bullet Punch|p1a: Kyurem
|-supereffective|p1a: Kyurem
|-damage|p1a: Kyurem|227\/391
|move|p1a: Kyurem|Earth Power|p2a: Metagross
|-supereffective|p2a: Metagross
|-damage|p2a: Metagross|0 fnt
|-damage|p1a: Kyurem|188\/391|[from] item: Life Orb
|faint|p2a: Metagross
|
|c| Nervous System|it looked like you tried to outspeed it with bp
|c| Nervous System|tbh
|join|Living Proof
|join|Frickett
|c| waivfor|bp was right play 
|c|âSpecs Cranidos|nah not that stupid
|c| waivfor|regardless
|
|switch|p2a: Hydreigon|Hydreigon, M|293\/325
|-damage|p2a: Hydreigon|253\/325|[from] Stealth Rock
|turn|14
|join|anti-test
|c| Nervous System|though bp didn't kill :s
|
|switch|p1a: Florges|Florges, F|315\/360
|move|p2a: Hydreigon|Dark Pulse|p1a: Florges
|-resisted|p1a: Florges
|-damage|p1a: Florges|257\/360
|-damage|p2a: Hydreigon|221\/325|[from] item: Life Orb
|
|-heal|p1a: Florges|279\/360|[from] item: Leftovers
|turn|15
|c| Nervous System|mb
|
|switch|p2a: Arcanine|Arcanine, F|250\/383
|-damage|p2a: Arcanine|155\/383|[from] Stealth Rock
|-ability|p2a: Arcanine|Intimidate|[of] p1a: Florges
|-unboost|p1a: Florges|atk|1
|move|p1a: Florges|Wish|p1a: Florges
|
|-heal|p2a: Arcanine|178\/383|[from] item: Leftovers
|-heal|p1a: Florges|301\/360|[from] item: Leftovers
|turn|16
|c| waivfor|it didn't
|c| Munkin|reveal iron tail
|c| waivfor|but LO damage
|c| Duskt70|reveal roar
|c| Nervous System|a lot easier to see the battle from an outsiders perspectve
|leave|anti-test
|c| Demxer|reveal band
|c| thymetime|reveal howl arc
|c| waivfor|tru
|c| zTerribadTastic|No its simple
|
|switch|p1a: Kyurem|Kyurem|188\/391
|-ability|p1a: Kyurem|Pressure
|move|p2a: Arcanine|Flare Blitz|p1a: Kyurem
|-damage|p1a: Kyurem|28\/391
|-damage|p2a: Arcanine|125\/383|[from] recoil|[of] p1a: Kyurem
|
|-heal|p1a: Kyurem|208\/391|[from] move: Wish|[wisher] Florges
|-heal|p2a: Arcanine|148\/383|[from] item: Leftovers
|turn|17
|join|AquaCat
|c| Shrek Central|reveal tackle
|c| zTerribadTastic|crane has shamin
|c| Munkin|survival
|c| zTerribadTastic|burst has no quad res
|
|switch|p2a: Hydreigon|Hydreigon, M|221\/325
|-damage|p2a: Hydreigon|181\/325|[from] Stealth Rock
|move|p1a: Kyurem|Outrage|p2a: Hydreigon
|-supereffective|p2a: Hydreigon
|-damage|p2a: Hydreigon|0 fnt
|-damage|p1a: Kyurem|169\/391|[from] item: Life Orb
|faint|p2a: Hydreigon
|
|c| zTerribadTastic|specs wins
|c| Demxer|bop
|c| Duskt70|oof
|
|switch|p2a: Mienshao|Mienshao, M|271\/271
|-damage|p2a: Mienshao|255\/271|[from] Stealth Rock
|turn|18
|
|move|p2a: Mienshao|Fake Out|p1a: Kyurem
|-damage|p1a: Kyurem|101\/391
|-damage|p2a: Mienshao|228\/271|[from] item: Life Orb
|cant|p1a: Kyurem|flinch
|
|turn|19
|
|move|p2a: Mienshao|Knock Off|p1a: Kyurem
|-damage|p1a: Kyurem|0 fnt
|-enditem|p1a: Kyurem|Life Orb|[from] move: Knock Off|[of] p2a: Mienshao
|-damage|p2a: Mienshao|201\/271|[from] item: Life Orb
|faint|p1a: Kyurem
|
|
|switch|p1a: Florges|Florges, F|301\/360
|turn|20
|c| waivfor|not gut play
|c| waivfor|:
|c| Shrek Central|gg
|c| waivfor||
|
|move|p2a: Mienshao|Poison Jab|p1a: Florges
|-crit|p1a: Florges
|-supereffective|p1a: Florges
|-damage|p1a: Florges|0 fnt
|-damage|p2a: Mienshao|174\/271|[from] item: Life Orb
|faint|p1a: Florges
|
|c| Dudeman130498|LOL
|
|switch|p1a: Jirachi|Jirachi|321\/342
|turn|21
|c| Demxer|skillful crit
|c| daD s'daD?|get rekt
|c| waivfor|dat meta
|
|move|p1a: Jirachi|Iron Head|p2a: Mienshao
|-crit|p2a: Mienshao
|-damage|p2a: Mienshao|0 fnt
|faint|p2a: Mienshao
|
|
|switch|p2a: Arcanine|Arcanine, F|148\/383
|-damage|p2a: Arcanine|53\/383|[from] Stealth Rock
|-ability|p2a: Arcanine|Intimidate|[of] p1a: Jirachi
|-unboost|p1a: Jirachi|atk|1
|turn|22
|c| Dudeman130498|easy
|c| Dudeman130498|EASY
|c| Dudeman130498|EASEY
|c| Dudeman130498|EASEY
|c| waivfor|hax 2 death now y\/y
|c| Shrek Central|the flinch is too real
|
|move|p1a: Jirachi|Iron Head|p2a: Arcanine
|-crit|p2a: Arcanine
|-resisted|p2a: Arcanine
|-damage|p2a: Arcanine|0 fnt
|faint|p2a: Arcanine
|
|c| zTerribadTastic|flinch to victory
|c| Dudeman130498|E
|c| waivfor|Y?Y
|c| Dudeman130498|A
|c| Dudeman130498|SY
|
|switch|p2a: Shaymin|Shaymin|393\/393
|-damage|p2a: Shaymin|344\/393|[from] Stealth Rock
|turn|23
|c| Shrek Central|he could pull this off
|c| waivfor|in
|c| Nervous System|it's AV shaymin
|c| Duskt70|nice double crit
|
|move|p1a: Jirachi|Iron Head|p2a: Shaymin
|-damage|p2a: Shaymin|265\/393
|cant|p2a: Shaymin|flinch
|
|turn|24
|c| Shrek Central|o
|
|move|p1a: Jirachi|Iron Head|p2a: Shaymin
|-damage|p2a: Shaymin|192\/393
|cant|p2a: Shaymin|flinch
|
|turn|25
|c| Demxer|there's one
|c| Dudeman130498|all
|c| Dudeman130498|the 
|c| Shrek Central|O
|c| zTerribadTastic|look at this min
|c| Dudeman130498|way
|c| Dudeman130498|ALL
|
|move|p1a: Jirachi|Iron Head|p2a: Shaymin
|-damage|p2a: Shaymin|105\/393
|cant|p2a: Shaymin|flinch
|
|turn|26
|c| Demxer|OOOOO
|c| Dudeman130498|THE
|c| Dudeman130498|WAY
|c| Shrek Central|OOoooOOOOO
|c| zTerribadTastic|eating it up
|c| DoubleFist|FLINCH!!!
|c| Demxer|YASSSSSS
|c| Dudeman130498|rest
|
|move|p1a: Jirachi|Iron Head|p2a: Shaymin
|-damage|p2a: Shaymin|32\/393
|cant|p2a: Shaymin|flinch
|
|turn|27
|c| Dudeman130498|rest
|c| Shrek Central|OOOOOOHHHHHH
|c| Dudeman130498|epic.
|
|move|p1a: Jirachi|Iron Head|p2a: Shaymin
|-damage|p2a: Shaymin|0 fnt
|faint|p2a: Shaymin
|
|win|BurstStream
|c| Demxer|YASSSSSSSSSSSSSSSSSSSSS
|leave|Dudeman130498
|c| Nervous System|5 flinches?
|c| Demxer|LOL
|c| Shrek Central|the flinch
|leave|Duskt70
|leave|Munkin
|leave|Bob the Bro
|leave|AquaCat
|c|âSpecs Cranidos|gg
|c| Shrek Central|is TOO REAL RN
|leave|the fun in this
|leave|Specs Cranidos
|player|p2
|c| DoubleFist|HOLY CRAP
|leave|Living Proof
|join|Duskt70
|leave|zTerribadTastic
|leave|BurstStream
|player|p1
|leave|Duskt70
|leave|thymetime
|leave|Shrek Central
|leave|DoubleFist
|leave|LisannaDragneel
|leave|daD s'daD?
|leave|Frickett
|join|Specs Cranidos
|leave|Insane Pigmask
|leave|kmoose
|join|Insane Pigmask
|leave|Specs Cranidos
|leave|youshallnothax
|join|thymetime
|leave|waivfor
|leave|Insane Pigmask
|leave|thymetime
|leave|Nervous System
|join|BurstStream
|leave|ANGER MANAGEMENT
|leave|joltage
|join|Specs Cranidos
|leave|Specs Cranidos
|join|Specs Cranidos
|leave|Specs Cranidos