|join|Specs Cranidos
|join|Red Cup
|player|p1|Specs Cranidos|54
|player|p2|Red Cup|163
|gametype|singles
|gen|6
|tier|UU
|rated
|rule|Sleep Clause Mod: Limit one foe put to sleep
|rule|Species Clause: Limit one of each PokÃ©mon
|rule|OHKO Clause: OHKO moves are banned
|rule|Moody Clause: Moody is banned
|rule|Evasion Moves Clause: Evasion moves are banned
|rule|Endless Battle Clause: Forcing endless battles is banned
|rule|HP Percentage Mod: HP is shown in percentages
|clearpoke
|poke|p1|Alakazam, M
|poke|p1|Empoleon, M
|poke|p1|Arcanine, M
|poke|p1|Donphan, F
|poke|p1|Yanmega, F
|poke|p1|Machamp, F
|poke|p2|Pidgeot, M
|poke|p2|Machamp, F
|poke|p2|Blastoise, F
|poke|p2|Mienshao, M
|poke|p2|Shaymin
|poke|p2|Goodra, F
|rule|Swagger Clause: Swagger is banned
|rule|Baton Pass Clause: Limit one PokÃ©mon knowing Baton Pass
|teampreview
|c|âSpecs Cranidos|glhf
|c|âRed Cup|gl
|
|start
|switch|p1a: Alakazam|Alakazam, M|252\/252
|switch|p2a: Shaymin|Shaymin|341\/341
|turn|1
|
|switch|p1a: Empoleon|Empoleon, M|372\/372
|move|p2a: Shaymin|Seed Flare|p1a: Empoleon
|-damage|p1a: Empoleon|219\/372
|-damage|p2a: Shaymin|307\/341|[from] item: Life Orb
|
|-heal|p1a: Empoleon|242\/372|[from] item: Leftovers
|turn|2
|
|move|p2a: Shaymin|Seed Flare|p1a: Empoleon
|-damage|p1a: Empoleon|82\/372
|-damage|p2a: Shaymin|273\/341|[from] item: Life Orb
|move|p1a: Empoleon|Stealth Rock|p2a: Shaymin
|-sidestart|p2: Red Cup|move: Stealth Rock
|
|-heal|p1a: Empoleon|105\/372|[from] item: Leftovers
|turn|3
|
|move|p2a: Shaymin|Earth Power|p1a: Empoleon
|-crit|p1a: Empoleon
|-supereffective|p1a: Empoleon
|-damage|p1a: Empoleon|0 fnt
|-damage|p2a: Shaymin|239\/341|[from] item: Life Orb
|faint|p1a: Empoleon
|
|
|switch|p1a: Alakazam|Alakazam, M|252\/252
|turn|4
|
|detailschange|p1a: Alakazam|Alakazam-Mega, M
|message|Alakazam has Mega Evolved into Mega Alakazam!
|-ability|p1a: Alakazam|Natural Cure|[from] ability: Trace|[of] p2a: Shaymin
|move|p1a: Alakazam|Psyshock|p2a: Shaymin
|-damage|p2a: Shaymin|40\/341
|move|p2a: Shaymin|Seed Flare|p1a: Alakazam
|-damage|p1a: Alakazam|26\/252
|-unboost|p1a: Alakazam|spd|2
|-damage|p2a: Shaymin|6\/341|[from] item: Life Orb
|
|turn|5
|
|move|p1a: Alakazam|Psyshock|p2a: Shaymin
|-damage|p2a: Shaymin|0 fnt
|faint|p2a: Shaymin
|
|
|switch|p2a: Mienshao|Mienshao, M|271\/271
|-damage|p2a: Mienshao|255\/271|[from] Stealth Rock
|turn|6
|
|switch|p1a: Arcanine|Arcanine, M|383\/383
|-ability|p1a: Arcanine|Intimidate|[of] p2a: Mienshao
|-unboost|p2a: Mienshao|atk|1
|move|p2a: Mienshao|U-turn|p1a: Arcanine
|-resisted|p1a: Arcanine
|-damage|p1a: Arcanine|360\/383
|
|switch|p2a: Machamp|Machamp, F|384\/384
|-damage|p2a: Machamp|360\/384|[from] Stealth Rock
|
|-heal|p1a: Arcanine|383\/383|[from] item: Leftovers
|turn|7
|
|switch|p1a: Donphan|Donphan, F|375\/375
|move|p2a: Machamp|Earthquake|p1a: Donphan
|-damage|p1a: Donphan|264\/375
|
|turn|8
|
|switch|p2a: Blastoise|Blastoise, F|362\/362
|-damage|p2a: Blastoise|317\/362|[from] Stealth Rock
|move|p1a: Donphan|Knock Off|p2a: Blastoise
|-damage|p2a: Blastoise|230\/362
|-enditem|p2a: Blastoise|Leftovers|[from] move: Knock Off|[of] p1a: Donphan
|
|turn|9
|
|switch|p1a: Alakazam|Alakazam-Mega, M|26\/252
|-ability|p1a: Alakazam|Torrent|[from] ability: Trace|[of] p2a: Blastoise
|move|p2a: Blastoise|Rapid Spin|p1a: Alakazam
|-damage|p1a: Alakazam|6\/252
|-sideend|p2: Red Cup|Stealth Rock|[from] move: Rapid Spin|[of] p2a: Blastoise
|
|turn|10
|
|move|p1a: Alakazam|Psyshock|p2a: Blastoise
|-damage|p2a: Blastoise|86\/362
|move|p2a: Blastoise|Rapid Spin|p1a: Alakazam
|-damage|p1a: Alakazam|0 fnt
|faint|p1a: Alakazam
|
|
|switch|p1a: Yanmega|Yanmega, F|313\/313
|turn|11
|
|switch|p2a: Goodra|Goodra, F|384\/384
|move|p1a: Yanmega|Bug Buzz|p2a: Goodra
|-damage|p2a: Goodra|273\/384
|
|turn|12
|
|switch|p1a: Machamp|Machamp, F|343\/343
|move|p2a: Goodra|Ice Beam|p1a: Machamp
|-damage|p1a: Machamp|219\/343
|
|turn|13
|
|switch|p2a: Blastoise|Blastoise, F|86\/362
|move|p1a: Machamp|Close Combat|p2a: Blastoise
|-damage|p2a: Blastoise|0 fnt
|-unboost|p1a: Machamp|def|1
|-unboost|p1a: Machamp|spd|1
|faint|p2a: Blastoise
|
|
|switch|p2a: Pidgeot|Pidgeot, M|307\/307
|turn|14
|
|switch|p1a: Yanmega|Yanmega, F|313\/313
|detailschange|p2a: Pidgeot|Pidgeot-Mega, M
|message|Pidgeot has Mega Evolved into Mega Pidgeot!
|move|p2a: Pidgeot|Hurricane|p1a: Yanmega
|-supereffective|p1a: Yanmega
|-damage|p1a: Yanmega|0 fnt
|faint|p1a: Yanmega
|
|
|switch|p1a: Donphan|Donphan, F|264\/375
|turn|15
|
|move|p2a: Pidgeot|Hurricane|p1a: Donphan
|-damage|p1a: Donphan|77\/375
|move|p1a: Donphan|Head Smash|p2a: Pidgeot
|-supereffective|p2a: Pidgeot
|-damage|p2a: Pidgeot|0 fnt
|-damage|p1a: Donphan|0 fnt|[from] recoil|[of] p2a: Pidgeot
|faint|p2a: Pidgeot
|faint|p1a: Donphan
|
|
|switch|p2a: Mienshao|Mienshao, M|271\/271
|switch|p1a: Machamp|Machamp, F|219\/343
|turn|16
|
|switch|p1a: Arcanine|Arcanine, M|383\/383
|-ability|p1a: Arcanine|Intimidate|[of] p2a: Mienshao
|-unboost|p2a: Mienshao|atk|1
|move|p2a: Mienshao|High Jump Kick|p1a: Arcanine|[miss]
|-miss|p2a: Mienshao|p1a: Arcanine
|-damage|p2a: Mienshao|136\/271|[from] highjumpkick
|
|turn|17
|
|switch|p2a: Goodra|Goodra, F|273\/384
|move|p1a: Arcanine|Flare Blitz|p2a: Goodra
|-crit|p2a: Goodra
|-resisted|p2a: Goodra
|-damage|p2a: Goodra|99\/384
|-damage|p1a: Arcanine|326\/383|[from] recoil|[of] p2a: Goodra
|
|-heal|p1a: Arcanine|349\/383|[from] item: Leftovers
|turn|18
|
|switch|p1a: Machamp|Machamp, F|219\/343
|move|p2a: Goodra|Draco Meteor|p1a: Machamp
|-damage|p1a: Machamp|0 fnt
|-unboost|p2a: Goodra|spa|2
|faint|p1a: Machamp
|
|
|switch|p1a: Arcanine|Arcanine, M|349\/383
|-ability|p1a: Arcanine|Intimidate|[of] p2a: Goodra
|-unboost|p2a: Goodra|atk|1
|turn|19
|
|move|p1a: Arcanine|Extreme Speed|p2a: Goodra
|-crit|p2a: Goodra
|-damage|p2a: Goodra|0 fnt
|faint|p2a: Goodra
|
|-heal|p1a: Arcanine|372\/383|[from] item: Leftovers
|
|switch|p2a: Mienshao|Mienshao, M|226\/271
|turn|20
|
|move|p2a: Mienshao|High Jump Kick|p1a: Arcanine
|-damage|p1a: Arcanine|182\/383
|move|p1a: Arcanine|Flare Blitz|p2a: Mienshao
|-damage|p2a: Mienshao|0 fnt
|-damage|p1a: Arcanine|107\/383|[from] recoil|[of] p2a: Mienshao
|faint|p2a: Mienshao
|
|-heal|p1a: Arcanine|130\/383|[from] item: Leftovers
|
|switch|p2a: Machamp|Machamp, F|360\/384
|turn|21
|
|move|p1a: Arcanine|Will-O-Wisp|p2a: Machamp
|-status|p2a: Machamp|brn
|move|p2a: Machamp|Earthquake|p1a: Arcanine
|-crit|p1a: Arcanine
|-supereffective|p1a: Arcanine
|-damage|p1a: Arcanine|0 fnt
|faint|p1a: Arcanine
|
|win|Red Cup
|raw|Ladder updating...
|c|âRed Cup|gg
|c|âSpecs Cranidos|gg
|c|âRed Cup|I'm guts
|raw|Specs Cranidos's rating: 1508 &rarr; <strong>1476<\/strong><br \/>(-32 for losing)
|raw|Red Cup's rating: 1287 &rarr; <strong>1326<\/strong><br \/>(+39 for winning)
|c|âSpecs Cranidos|had to hope
|c|âRed Cup|fair enough
|leave|Specs Cranidos
|player|p1