|join|Specs Cranidos
|join|SmashBrosBrawl
|player|p1|Specs Cranidos|54
|player|p2|SmashBrosBrawl|2
|gametype|singles
|gen|6
|tier|UU
|rule|Sleep Clause Mod: Limit one foe put to sleep
|rule|Species Clause: Limit one of each PokÃ©mon
|rule|OHKO Clause: OHKO moves are banned
|rule|Moody Clause: Moody is banned
|rule|Evasion Moves Clause: Evasion moves are banned
|rule|Endless Battle Clause: Forcing endless battles is banned
|rule|HP Percentage Mod: HP is shown in percentages
|clearpoke
|poke|p1|Alakazam, F
|poke|p1|Swampert, M
|poke|p1|Arcanine, F
|poke|p1|Donphan, M
|poke|p1|Yanmega, F
|poke|p1|Toxicroak, M
|poke|p2|Sharpedo, F
|poke|p2|Lucario, M
|poke|p2|Suicune
|poke|p2|Nidoqueen, F
|poke|p2|Infernape, M
|poke|p2|Shaymin
|rule|Swagger Clause: Swagger is banned
|rule|Baton Pass Clause: Limit one PokÃ©mon knowing Baton Pass
|teampreview
|join|baenail
|join|ANGER MANAGEMENT
|
|start
|switch|p1a: Yanmega|Yanmega, F|313\/313
|switch|p2a: Shaymin|Shaymin|341\/341
|turn|1
|join|Fren's testing
|
|switch|p2a: Suicune|Suicune|404\/404
|-ability|p2a: Suicune|Pressure
|move|p1a: Yanmega|Air Slash|p2a: Suicune
|-damage|p2a: Suicune|241\/404
|
|-heal|p2a: Suicune|266\/404|[from] item: Leftovers
|turn|2
|join|jpbvip
|
|switch|p1a: Swampert|Swampert, M|403\/403
|move|p2a: Suicune|Scald|p1a: Swampert
|-damage|p1a: Swampert|331\/403
|
|-heal|p2a: Suicune|291\/404|[from] item: Leftovers
|-heal|p1a: Swampert|356\/403|[from] item: Leftovers
|turn|3
|
|move|p2a: Suicune|Calm Mind|p2a: Suicune
|-boost|p2a: Suicune|spa|1
|-boost|p2a: Suicune|spd|1
|move|p1a: Swampert|Stealth Rock|p2a: Suicune
|-sidestart|p2: SmashBrosBrawl|move: Stealth Rock
|
|-heal|p2a: Suicune|316\/404|[from] item: Leftovers
|-heal|p1a: Swampert|381\/403|[from] item: Leftovers
|turn|4
|
|move|p2a: Suicune|Scald|p1a: Swampert
|-damage|p1a: Swampert|285\/403
|move|p1a: Swampert|Roar|p2a: Suicune
|drag|p2a: Shaymin|Shaymin|341\/341
|-damage|p2a: Shaymin|299\/341|[from] Stealth Rock
|
|-heal|p1a: Swampert|310\/403|[from] item: Leftovers
|turn|5
|c|âSmashBrosBrawl|wtf
|
|move|p2a: Shaymin|Dazzling Gleam|p1a: Swampert
|-crit|p1a: Swampert
|-damage|p1a: Swampert|188\/403
|-damage|p2a: Shaymin|265\/341|[from] item: Life Orb
|move|p1a: Swampert|Roar|p2a: Shaymin
|drag|p2a: Sharpedo|Sharpedo, F|281\/281
|-damage|p2a: Sharpedo|246\/281|[from] Stealth Rock
|
|-heal|p1a: Swampert|213\/403|[from] item: Leftovers
|turn|6
|
|switch|p2a: Shaymin|Shaymin|265\/341
|-damage|p2a: Shaymin|223\/341|[from] Stealth Rock
|move|p1a: Swampert|Earthquake|p2a: Shaymin
|-crit|p2a: Shaymin
|-resisted|p2a: Shaymin
|-damage|p2a: Shaymin|127\/341
|
|-heal|p1a: Swampert|238\/403|[from] item: Leftovers
|turn|7
|join|Magma Admin
|leave|jpbvip
|
|move|p2a: Shaymin|Seed Flare|p1a: Swampert
|-supereffective|p1a: Swampert
|-damage|p1a: Swampert|0 fnt
|-damage|p2a: Shaymin|93\/341|[from] item: Life Orb
|faint|p1a: Swampert
|
|
|switch|p1a: Alakazam|Alakazam, F|252\/252
|turn|8
|
|detailschange|p1a: Alakazam|Alakazam-Mega, F
|message|Alakazam has Mega Evolved into Mega Alakazam!
|-ability|p1a: Alakazam|Natural Cure|[from] ability: Trace|[of] p2a: Shaymin
|move|p1a: Alakazam|Psyshock|p2a: Shaymin
|-damage|p2a: Shaymin|0 fnt
|faint|p2a: Shaymin
|
|
|switch|p2a: Infernape|Infernape, M|293\/293
|-damage|p2a: Infernape|257\/293|[from] Stealth Rock
|turn|9
|
|switch|p1a: Arcanine|Arcanine, F|383\/383
|-ability|p1a: Arcanine|Intimidate|[of] p2a: Infernape
|-unboost|p2a: Infernape|atk|1
|move|p2a: Infernape|U-turn|p1a: Arcanine
|-resisted|p1a: Arcanine
|-damage|p1a: Arcanine|364\/383
|
|switch|p2a: Nidoqueen|Nidoqueen, F|331\/331
|-damage|p2a: Nidoqueen|311\/331|[from] Stealth Rock
|
|-heal|p1a: Arcanine|383\/383|[from] item: Leftovers
|turn|10
|
|switch|p1a: Yanmega|Yanmega, F|313\/313
|move|p2a: Nidoqueen|Stealth Rock|p1a: Yanmega
|-sidestart|p1: Specs Cranidos|move: Stealth Rock
|
|turn|11
|
|move|p1a: Yanmega|Bug Buzz|p2a: Nidoqueen
|-resisted|p2a: Nidoqueen
|-damage|p2a: Nidoqueen|41\/331
|move|p2a: Nidoqueen|Sludge Wave|p1a: Yanmega
|-damage|p1a: Yanmega|0 fnt
|faint|p1a: Yanmega
|
|
|switch|p1a: Alakazam|Alakazam-Mega, F|252\/252
|-damage|p1a: Alakazam|221\/252|[from] Stealth Rock
|-ability|p1a: Alakazam|Sheer Force|[from] ability: Trace|[of] p2a: Nidoqueen
|turn|12
|
|move|p1a: Alakazam|Shadow Ball|p2a: Nidoqueen
|-damage|p2a: Nidoqueen|0 fnt
|faint|p2a: Nidoqueen
|
|join|Sir Squiggles
|leave|Sir Squiggles
|
|switch|p2a: Infernape|Infernape, M|257\/293
|-damage|p2a: Infernape|221\/293|[from] Stealth Rock
|turn|13
|
|switch|p1a: Arcanine|Arcanine, F|383\/383
|-damage|p1a: Arcanine|288\/383|[from] Stealth Rock
|-ability|p1a: Arcanine|Intimidate|[of] p2a: Infernape
|-unboost|p2a: Infernape|atk|1
|move|p2a: Infernape|U-turn|p1a: Arcanine
|-resisted|p1a: Arcanine
|-damage|p1a: Arcanine|268\/383
|c| Fren's testing|Is that a scarfed U-turn?
|c| Magma Admin|yes
|c| Fren's testing|o
|c|âSmashBrosBrawl|im trying to think
|c|âSmashBrosBrawl|ok
|
|switch|p2a: Sharpedo|Sharpedo, F|246\/281
|-damage|p2a: Sharpedo|211\/281|[from] Stealth Rock
|
|-heal|p1a: Arcanine|291\/383|[from] item: Leftovers
|turn|14
|c| Fren's testing|Well
|
|switch|p1a: Toxicroak|Toxicroak, M|307\/307
|-damage|p1a: Toxicroak|288\/307|[from] Stealth Rock
|detailschange|p2a: Sharpedo|Sharpedo-Mega, F
|message|Sharpedo has Mega Evolved into Mega Sharpedo!
|move|p2a: Sharpedo|Crunch|p1a: Toxicroak
|-resisted|p1a: Toxicroak
|-damage|p1a: Toxicroak|117\/307
|
|turn|15
|c| Fren's testing|You should think quick so the timer doesn't run out
|c| Fren's testing|Like
|c| Fren's testing|I'm p sure you have 300 secs
|
|switch|p1a: Donphan|Donphan, M|375\/375
|-damage|p1a: Donphan|352\/375|[from] Stealth Rock
|move|p2a: Sharpedo|Crunch|p1a: Donphan
|-damage|p1a: Donphan|129\/375
|
|turn|16
|
|move|p2a: Sharpedo|Crunch|p1a: Donphan
|-damage|p1a: Donphan|0 fnt
|faint|p1a: Donphan
|
|
|switch|p1a: Alakazam|Alakazam-Mega, F|221\/252
|-damage|p1a: Alakazam|190\/252|[from] Stealth Rock
|-ability|p1a: Alakazam|Strong Jaw|[from] ability: Trace|[of] p2a: Sharpedo
|turn|17
|
|move|p2a: Sharpedo|Protect|p2a: Sharpedo
|-singleturn|p2a: Sharpedo|Protect
|move|p1a: Alakazam|Dazzling Gleam|p2a: Sharpedo
|-activate|p2a: Sharpedo|Protect
|
|turn|18
|
|switch|p2a: Lucario|Lucario, M|281\/281
|-damage|p2a: Lucario|273\/281|[from] Stealth Rock
|move|p1a: Alakazam|Dazzling Gleam|p2a: Lucario
|-crit|p2a: Lucario
|-damage|p2a: Lucario|27\/281
|
|turn|19
|
|switch|p1a: Arcanine|Arcanine, F|291\/383
|-damage|p1a: Arcanine|196\/383|[from] Stealth Rock
|-ability|p1a: Arcanine|Intimidate|[of] p2a: Lucario
|-unboost|p2a: Lucario|atk|1
|move|p2a: Lucario|Extreme Speed|p1a: Arcanine
|-damage|p1a: Arcanine|130\/383
|-damage|p2a: Lucario|0 fnt|[from] item: Life Orb
|faint|p2a: Lucario
|
|-heal|p1a: Arcanine|153\/383|[from] item: Leftovers
|
|switch|p2a: Sharpedo|Sharpedo-Mega, F|211\/281
|-damage|p2a: Sharpedo|176\/281|[from] Stealth Rock
|turn|20
|c|âSpecs Cranidos|crit actually sucks for me
|
|move|p2a: Sharpedo|Crunch|p1a: Arcanine
|-damage|p1a: Arcanine|0 fnt
|faint|p1a: Arcanine
|
|
|switch|p1a: Alakazam|Alakazam-Mega, F|190\/252
|-damage|p1a: Alakazam|159\/252|[from] Stealth Rock
|-ability|p1a: Alakazam|Strong Jaw|[from] ability: Trace|[of] p2a: Sharpedo
|turn|21
|c|âSmashBrosBrawl|o
|c|âSmashBrosBrawl|i just
|c|âSmashBrosBrawl|saw the crt
|c|âSmashBrosBrawl|fk
|
|move|p1a: Alakazam|Dazzling Gleam|p2a: Sharpedo
|-supereffective|p2a: Sharpedo
|-damage|p2a: Sharpedo|0 fnt
|faint|p2a: Sharpedo
|
|
|switch|p2a: Infernape|Infernape, M|221\/293
|-damage|p2a: Infernape|185\/293|[from] Stealth Rock
|turn|22
|
|move|p2a: Infernape|Flare Blitz|p1a: Alakazam
|-damage|p1a: Alakazam|0 fnt
|-damage|p2a: Infernape|133\/293|[from] recoil|[of] p1a: Alakazam
|faint|p1a: Alakazam
|
|
|switch|p1a: Toxicroak|Toxicroak, M|117\/307
|-damage|p1a: Toxicroak|98\/307|[from] Stealth Rock
|turn|23
|c|âSpecs Cranidos|gg
|
|move|p1a: Toxicroak|Sucker Punch|p2a: Infernape
|-resisted|p2a: Infernape
|-damage|p2a: Infernape|49\/293
|-damage|p1a: Toxicroak|68\/307|[from] item: Life Orb
|move|p2a: Infernape|Flare Blitz|p1a: Toxicroak
|-damage|p1a: Toxicroak|0 fnt
|-damage|p2a: Infernape|27\/293|[from] recoil|[of] p1a: Toxicroak
|faint|p1a: Toxicroak
|
|win|SmashBrosBrawl
|c|âSmashBrosBrawl|gg
|c| Fren's testing|yup
|leave|Magma Admin
|leave|SmashBrosBrawl
|player|p2
|leave|baenail
|c| Fren's testing|Scarfed confirmed