|join|Mr.DarkAlgae
|join|Specs Cranidos
|player|p1|Mr.DarkAlgae|102
|player|p2|Specs Cranidos|166
|gametype|singles
|gen|6
|tier|UU
|rated
|rule|Sleep Clause Mod: Limit one foe put to sleep
|rule|Species Clause: Limit one of each PokÃ©mon
|rule|OHKO Clause: OHKO moves are banned
|rule|Moody Clause: Moody is banned
|rule|Evasion Moves Clause: Evasion moves are banned
|rule|Endless Battle Clause: Forcing endless battles is banned
|rule|HP Percentage Mod: HP is shown in percentages
|clearpoke
|poke|p1|Dragalge, F
|poke|p1|Aromatisse, F
|poke|p1|Chesnaught, F
|poke|p1|Empoleon, M
|poke|p1|Noivern, F
|poke|p1|Spiritomb, M
|poke|p2|Hydreigon, F
|poke|p2|Mienshao, F
|poke|p2|Shaymin
|poke|p2|Arcanine, F
|poke|p2|Swampert, M
|poke|p2|Metagross
|rule|Swagger Clause: Swagger is banned
|rule|Baton Pass Clause: Limit one PokÃ©mon knowing Baton Pass
|teampreview
|
|start
|switch|p1a: Noivern|Noivern, F|315\/315
|switch|p2a: Swampert|Swampert, M|403\/403
|turn|1
|
|move|p1a: Noivern|Switcheroo|p2a: Swampert
|-activate|p1a: Noivern|move: Trick|[of] p2a: Swampert
|-item|p2a: Swampert|Choice Scarf|[from] Trick
|-item|p1a: Noivern|Leftovers|[from] Trick
|move|p2a: Swampert|Scald|p1a: Noivern
|-resisted|p1a: Noivern
|-damage|p1a: Noivern|269\/315
|
|-heal|p1a: Noivern|288\/315|[from] item: Leftovers
|turn|2
|
|move|p1a: Noivern|U-turn|p2a: Swampert
|-damage|p2a: Swampert|371\/403
|
|switch|p1a: Dragalge|Dragalge, F|334\/334
|move|p2a: Swampert|Scald|p1a: Dragalge
|-resisted|p1a: Dragalge
|-damage|p1a: Dragalge|299\/334
|
|-heal|p1a: Dragalge|319\/334|[from] item: Black Sludge
|turn|3
|
|switch|p2a: Metagross|Metagross|355\/355
|move|p1a: Dragalge|Toxic Spikes|p2a: Metagross
|-sidestart|p2: Specs Cranidos|move: Toxic Spikes
|
|-heal|p1a: Dragalge|334\/334|[from] item: Black Sludge
|turn|4
|
|switch|p1a: Chesnaught|Chesnaught, F|380\/380
|move|p2a: Metagross|Zen Headbutt|p1a: Chesnaught
|-crit|p1a: Chesnaught
|-supereffective|p1a: Chesnaught
|-damage|p1a: Chesnaught|78\/380
|
|-heal|p1a: Chesnaught|101\/380|[from] item: Leftovers
|turn|5
|
|move|p1a: Chesnaught|Spiky Shield|p1a: Chesnaught
|-singleturn|p1a: Chesnaught|move: Protect
|move|p2a: Metagross|Zen Headbutt|p1a: Chesnaught
|-activate|p1a: Chesnaught|move: Protect
|-damage|p2a: Metagross|311\/355|[from] Spiky Shield|[of] p1a: Chesnaught
|
|-heal|p1a: Chesnaught|124\/380|[from] item: Leftovers
|turn|6
|
|switch|p1a: Spiritomb|Spiritomb, M|304\/304
|move|p2a: Metagross|Zen Headbutt|p1a: Spiritomb
|-immune|p1a: Spiritomb|[msg]
|
|turn|7
|
|move|p1a: Spiritomb|Pursuit|p2a: Metagross|[from]Pursuit
|-supereffective|p2a: Metagross
|-damage|p2a: Metagross|5\/355
|switch|p2a: Shaymin|Shaymin|395\/395
|-status|p2a: Shaymin|psn
|
|-damage|p2a: Shaymin|346\/395 psn|[from] psn
|turn|8
|-message|Specs Cranidos forfeited.
|
|win|Mr.DarkAlgae
|raw|Ladder updating...
|leave|Specs Cranidos
|player|p2
|raw|Mr.DarkAlgae's rating: 1500 &rarr; <strong>1524<\/strong><br \/>(+24 for winning)
|raw|Specs Cranidos's rating: 1583 &rarr; <strong>1558<\/strong><br \/>(-25 for losing)