|join|Specs Cranidos
|join|AmoCran3
|player|p1|Specs Cranidos|54
|player|p2|AmoCran3|101
|gametype|singles
|gen|6
|tier|UU
|rated
|rule|Sleep Clause Mod: Limit one foe put to sleep
|rule|Species Clause: Limit one of each PokÃ©mon
|rule|OHKO Clause: OHKO moves are banned
|rule|Moody Clause: Moody is banned
|rule|Evasion Moves Clause: Evasion moves are banned
|rule|Endless Battle Clause: Forcing endless battles is banned
|rule|HP Percentage Mod: HP is shown in percentages
|clearpoke
|poke|p1|Chandelure, F
|poke|p1|Galvantula, M
|poke|p1|Shiftry, F
|poke|p1|Blastoise, M
|poke|p1|Toxicroak, M
|poke|p1|Darmanitan, M
|poke|p2|Galvantula, F
|poke|p2|Lilligant, F, shiny
|poke|p2|Malamar, M
|poke|p2|Milotic, F, shiny
|poke|p2|Porygon-Z, shiny
|poke|p2|Crobat, F, shiny
|rule|Swagger Clause: Swagger is banned
|rule|Baton Pass Clause: Limit one PokÃ©mon knowing Baton Pass
|teampreview
|
|start
|switch|p1a: Galvantula|Galvantula, M|281\/281
|switch|p2a: spiderman|Galvantula, F|281\/281
|turn|1
|
|move|p1a: Galvantula|Bug Buzz|p2a: spiderman
|-damage|p2a: spiderman|100\/281
|move|p2a: spiderman|Sticky Web|p1a: Galvantula
|-sidestart|p1: Specs Cranidos|move: Sticky Web
|
|turn|2
|
|switch|p2a: Pinkcute|Crobat, F, shiny|311\/311
|move|p1a: Galvantula|Bug Buzz|p2a: Pinkcute
|-resisted|p2a: Pinkcute
|-damage|p2a: Pinkcute|271\/311
|
|-heal|p2a: Pinkcute|290\/311|[from] item: Black Sludge
|turn|3
|
|move|p2a: Pinkcute|U-turn|p1a: Galvantula
|-damage|p1a: Galvantula|181\/281
|
|switch|p2a: spiderman|Galvantula, F|100\/281
|move|p1a: Galvantula|Thunder|p2a: spiderman
|-resisted|p2a: spiderman
|-damage|p2a: spiderman|0 fnt
|faint|p2a: spiderman
|
|
|switch|p2a: Pinkcute|Crobat, F, shiny|290\/311
|turn|4
|
|move|p2a: Pinkcute|Brave Bird|p1a: Galvantula
|-damage|p1a: Galvantula|0 fnt
|-damage|p2a: Pinkcute|230\/311|[from] recoil|[of] p1a: Galvantula
|faint|p1a: Galvantula
|
|-heal|p2a: Pinkcute|249\/311|[from] item: Black Sludge
|
|switch|p1a: Blastoise|Blastoise, M|332\/332
|-activate|p1a: Blastoise|move: Sticky Web
|-unboost|p1a: Blastoise|spe|1
|turn|5
|
|detailschange|p1a: Blastoise|Blastoise-Mega, M
|message|Blastoise has Mega Evolved into Mega Blastoise!
|move|p2a: Pinkcute|Hypnosis|p1a: Blastoise|[miss]
|-miss|p2a: Pinkcute|p1a: Blastoise
|move|p1a: Blastoise|Rapid Spin|p2a: Pinkcute
|-damage|p2a: Pinkcute|231\/311
|-sideend|p1: Specs Cranidos|Sticky Web|[from] move: Rapid Spin|[of] p1a: Blastoise
|
|-heal|p2a: Pinkcute|250\/311|[from] item: Black Sludge
|turn|6
|
|move|p2a: Pinkcute|Hypnosis|p1a: Blastoise
|-status|p1a: Blastoise|slp
|cant|p1a: Blastoise|slp
|
|-heal|p2a: Pinkcute|269\/311|[from] item: Black Sludge
|turn|7
|
|switch|p1a: Chandelure|Chandelure, F|281\/281
|move|p2a: Pinkcute|U-turn|p1a: Chandelure
|-resisted|p1a: Chandelure
|-damage|p1a: Chandelure|262\/281
|
|switch|p2a: Marvelous|Milotic, F, shiny|394\/394
|
|turn|8
|
|move|p1a: Chandelure|Calm Mind|p1a: Chandelure
|-boost|p1a: Chandelure|spa|1
|-boost|p1a: Chandelure|spd|1
|move|p2a: Marvelous|Scald|p1a: Chandelure
|-supereffective|p1a: Chandelure
|-damage|p1a: Chandelure|122\/281
|
|turn|9
|
|move|p1a: Chandelure|Energy Ball|p2a: Marvelous
|-supereffective|p2a: Marvelous
|-damage|p2a: Marvelous|0 fnt
|-damage|p1a: Chandelure|94\/281|[from] item: Life Orb
|faint|p2a: Marvelous
|
|
|switch|p2a: Pinkcute|Crobat, F, shiny|269\/311
|turn|10
|
|move|p2a: Pinkcute|Brave Bird|p1a: Chandelure
|-damage|p1a: Chandelure|0 fnt
|-damage|p2a: Pinkcute|238\/311|[from] recoil|[of] p1a: Chandelure
|faint|p1a: Chandelure
|
|-heal|p2a: Pinkcute|257\/311|[from] item: Black Sludge
|
|switch|p1a: Darmanitan|Darmanitan, M|377\/377
|turn|11
|
|move|p2a: Pinkcute|U-turn|p1a: Darmanitan
|-resisted|p1a: Darmanitan
|-damage|p1a: Darmanitan|326\/377
|
|switch|p2a: Porygon-Z|Porygon-Z, shiny|374\/374
|-boost|p2a: Porygon-Z|spa|1|[from] ability: Download
|move|p1a: Darmanitan|Flare Blitz|p2a: Porygon-Z
|-damage|p2a: Porygon-Z|0 fnt
|-damage|p1a: Darmanitan|203\/377|[from] recoil|[of] p2a: Porygon-Z
|faint|p2a: Porygon-Z
|
|
|switch|p2a: Pinkcute|Crobat, F, shiny|257\/311
|turn|12
|
|move|p2a: Pinkcute|Brave Bird|p1a: Darmanitan
|-damage|p1a: Darmanitan|0 fnt
|-damage|p2a: Pinkcute|190\/311|[from] recoil|[of] p1a: Darmanitan
|faint|p1a: Darmanitan
|
|-heal|p2a: Pinkcute|209\/311|[from] item: Black Sludge
|
|switch|p1a: Shiftry|Shiftry, F|339\/339
|turn|13
|
|move|p2a: Pinkcute|Brave Bird|p1a: Shiftry
|-supereffective|p1a: Shiftry
|-damage|p1a: Shiftry|0 fnt
|-damage|p2a: Pinkcute|97\/311|[from] recoil|[of] p1a: Shiftry
|faint|p1a: Shiftry
|
|-heal|p2a: Pinkcute|116\/311|[from] item: Black Sludge
|
|switch|p1a: Toxicroak|Toxicroak, M|349\/349
|turn|14
|
|move|p1a: Toxicroak|Sucker Punch|p2a: Pinkcute
|-damage|p2a: Pinkcute|0 fnt
|-damage|p1a: Toxicroak|315\/349|[from] item: Life Orb
|faint|p2a: Pinkcute
|
|
|switch|p2a: Malamar|Malamar, M|313\/313
|turn|15
|
|switch|p1a: Blastoise|Blastoise-Mega, M|332\/332 slp
|move|p2a: Malamar|Psycho Cut|p1a: Blastoise
|-damage|p1a: Blastoise|184\/332 slp
|
|turn|16
|
|switch|p2a: Oujo-sama|Lilligant, F, shiny|281\/281
|-curestatus|p1a: Blastoise|slp
|move|p1a: Blastoise|Aura Sphere|p2a: Oujo-sama
|-damage|p2a: Oujo-sama|65\/281
|
|turn|17
|
|switch|p1a: Toxicroak|Toxicroak, M|315\/349
|move|p2a: Oujo-sama|Giga Drain|p1a: Toxicroak
|-resisted|p1a: Toxicroak
|-damage|p1a: Toxicroak|205\/349
|-heal|p2a: Oujo-sama|120\/281|[from] drain|[of] p1a: Toxicroak
|-damage|p2a: Oujo-sama|92\/281|[from] item: Life Orb
|
|turn|18
|
|move|p2a: Oujo-sama|Quiver Dance|p2a: Oujo-sama
|-boost|p2a: Oujo-sama|spa|1
|-boost|p2a: Oujo-sama|spd|1
|-boost|p2a: Oujo-sama|spe|1
|move|p1a: Toxicroak|Swords Dance|p1a: Toxicroak
|-boost|p1a: Toxicroak|atk|2
|
|turn|19
|
|move|p1a: Toxicroak|Sucker Punch|p2a: Oujo-sama
|-fail|p2a: Oujo-sama
|move|p2a: Oujo-sama|Sleep Powder|p1a: Toxicroak
|-status|p1a: Toxicroak|slp
|
|turn|20
|
|cant|p1a: Toxicroak|slp
|move|p2a: Oujo-sama|Hidden Power|p1a: Toxicroak
|-supereffective|p1a: Toxicroak
|-damage|p1a: Toxicroak|0 fnt
|-damage|p2a: Oujo-sama|64\/281|[from] item: Life Orb
|faint|p1a: Toxicroak
|
|-message|Specs Cranidos forfeited.
|
|win|AmoCran3
|raw|Ladder updating...
|leave|Specs Cranidos
|player|p1
|raw|Specs Cranidos's rating: 1521 &rarr; <strong>1495<\/strong><br \/>(-26 for losing)
|raw|AmoCran3's rating: 1407 &rarr; <strong>1433<\/strong><br \/>(+26 for winning)