|join|Mr.DarkAlgae
|join|Specs Cranidos
|player|p1|Mr.DarkAlgae|102
|player|p2|Specs Cranidos|166
|gametype|singles
|gen|6
|tier|UU
|rated
|rule|Sleep Clause Mod: Limit one foe put to sleep
|rule|Species Clause: Limit one of each PokÃ©mon
|rule|OHKO Clause: OHKO moves are banned
|rule|Moody Clause: Moody is banned
|rule|Evasion Moves Clause: Evasion moves are banned
|rule|Endless Battle Clause: Forcing endless battles is banned
|rule|HP Percentage Mod: HP is shown in percentages
|clearpoke
|poke|p1|Dragalge, M
|poke|p1|Aromatisse, M
|poke|p1|Chesnaught, M
|poke|p1|Empoleon, M
|poke|p1|Noivern, F
|poke|p1|Spiritomb, M
|poke|p2|Hydreigon, M
|poke|p2|Mienshao, M
|poke|p2|Shaymin
|poke|p2|Arcanine, F
|poke|p2|Swampert, M
|poke|p2|Metagross
|rule|Swagger Clause: Swagger is banned
|rule|Baton Pass Clause: Limit one PokÃ©mon knowing Baton Pass
|teampreview
|c|âSpecs Cranidos|glhf
|
|start
|switch|p1a: Noivern|Noivern, F|315\/315
|switch|p2a: Swampert|Swampert, M|403\/403
|turn|1
|
|move|p1a: Noivern|Switcheroo|p2a: Swampert
|-activate|p1a: Noivern|move: Trick|[of] p2a: Swampert
|-item|p2a: Swampert|Choice Scarf|[from] Trick
|-item|p1a: Noivern|Leftovers|[from] Trick
|move|p2a: Swampert|Stealth Rock|p1a: Noivern
|-sidestart|p1: Mr.DarkAlgae|move: Stealth Rock
|
|turn|2
|
|move|p1a: Noivern|U-turn|p2a: Swampert
|-damage|p2a: Swampert|370\/403
|
|switch|p1a: Dragalge|Dragalge, M|334\/334
|-damage|p1a: Dragalge|293\/334|[from] Stealth Rock
|move|p2a: Swampert|Stealth Rock|p1a: Dragalge
|-fail|p1a: Dragalge
|
|-heal|p1a: Dragalge|313\/334|[from] item: Black Sludge
|turn|3
|
|switch|p2a: Metagross|Metagross|355\/355
|move|p1a: Dragalge|Toxic Spikes|p2a: Metagross
|-sidestart|p2: Specs Cranidos|move: Toxic Spikes
|
|-heal|p1a: Dragalge|333\/334|[from] item: Black Sludge
|turn|4
|
|switch|p1a: Chesnaught|Chesnaught, M|380\/380
|-damage|p1a: Chesnaught|357\/380|[from] Stealth Rock
|move|p2a: Metagross|Earthquake|p1a: Chesnaught
|-resisted|p1a: Chesnaught
|-damage|p1a: Chesnaught|312\/380
|
|-heal|p1a: Chesnaught|335\/380|[from] item: Leftovers
|turn|5
|
|move|p2a: Metagross|Zen Headbutt|p1a: Chesnaught
|-supereffective|p1a: Chesnaught
|-damage|p1a: Chesnaught|149\/380
|move|p1a: Chesnaught|Spikes|p2a: Metagross
|-sidestart|p2: Specs Cranidos|Spikes
|
|-heal|p1a: Chesnaught|172\/380|[from] item: Leftovers
|turn|6
|
|switch|p2a: Hydreigon|Hydreigon, M|325\/325
|move|p1a: Chesnaught|Spiky Shield|p1a: Chesnaught
|-fail|p1a: Chesnaught
|
|-heal|p1a: Chesnaught|195\/380|[from] item: Leftovers
|turn|7
|
|switch|p2a: Metagross|Metagross|355\/355
|-damage|p2a: Metagross|311\/355|[from] Spikes
|move|p1a: Chesnaught|Spiky Shield|p1a: Chesnaught
|-fail|p1a: Chesnaught
|
|-heal|p1a: Chesnaught|218\/380|[from] item: Leftovers
|turn|8
|
|move|p2a: Metagross|Earthquake|p1a: Chesnaught
|-resisted|p1a: Chesnaught
|-damage|p1a: Chesnaught|179\/380
|move|p1a: Chesnaught|Leech Seed|p2a: Metagross
|-start|p2a: Metagross|move: Leech Seed
|
|-heal|p1a: Chesnaught|202\/380|[from] item: Leftovers
|-damage|p2a: Metagross|267\/355|[from] Leech Seed|[of] p1a: Chesnaught
|-heal|p1a: Chesnaught|246\/380|[silent]
|turn|9
|-message|Specs Cranidos forfeited.
|
|win|Mr.DarkAlgae
|raw|Ladder updating...
|leave|Specs Cranidos
|player|p2
|raw|Mr.DarkAlgae's rating: 1465 &rarr; <strong>1490<\/strong><br \/>(+25 for winning)
|raw|Specs Cranidos's rating: 1561 &rarr; <strong>1536<\/strong><br \/>(-25 for losing)