|join|151forfun
|join|Specs Cranidos
|player|p1|151forfun|3
|player|p2|Specs Cranidos|54
|gametype|singles
|gen|6
|tier|UU
|rated
|rule|Sleep Clause Mod: Limit one foe put to sleep
|rule|Species Clause: Limit one of each PokÃ©mon
|rule|OHKO Clause: OHKO moves are banned
|rule|Moody Clause: Moody is banned
|rule|Evasion Moves Clause: Evasion moves are banned
|rule|Endless Battle Clause: Forcing endless battles is banned
|rule|HP Percentage Mod: HP is shown in percentages
|clearpoke
|poke|p1|Blastoise, M
|poke|p1|Nidoqueen, F
|poke|p1|Weezing, F
|poke|p1|Snorlax, M
|poke|p1|Arcanine, F
|poke|p1|Alakazam, F
|poke|p2|Pidgeot, M
|poke|p2|Doublade, M
|poke|p2|Swampert, M
|poke|p2|Mienshao, M
|poke|p2|Suicune
|poke|p2|Forretress, M
|rule|Swagger Clause: Swagger is banned
|rule|Baton Pass Clause: Limit one PokÃ©mon knowing Baton Pass
|teampreview
|c|âSpecs Cranidos|glhf
|c|â151forfun|yt
|
|start
|switch|p1a: Weezing|Weezing, F|334\/334
|switch|p2a: Swampert|Swampert, M|403\/403
|turn|1
|
|move|p1a: Weezing|Toxic Spikes|p2a: Swampert
|-sidestart|p2: Specs Cranidos|move: Toxic Spikes
|move|p2a: Swampert|Scald|p1a: Weezing
|-crit|p1a: Weezing
|-damage|p1a: Weezing|172\/334
|
|-heal|p1a: Weezing|192\/334|[from] item: Black Sludge
|turn|2
|
|switch|p1a: Blastoise|Blastoise, M|362\/362
|move|p2a: Swampert|Scald|p1a: Blastoise
|-resisted|p1a: Blastoise
|-damage|p1a: Blastoise|322\/362
|
|turn|3
|
|detailschange|p1a: Blastoise|Blastoise-Mega, M
|-mega|p1a: Blastoise|Blastoise|Blastoisinite
|move|p1a: Blastoise|Water Pulse|p2a: Swampert
|-damage|p2a: Swampert|261\/403
|move|p2a: Swampert|Earthquake|p1a: Blastoise
|-damage|p1a: Blastoise|219\/362
|
|-heal|p2a: Swampert|286\/403|[from] item: Leftovers
|turn|4
|
|switch|p1a: Weezing|Weezing, F|192\/334
|move|p2a: Swampert|Stealth Rock|p1a: Weezing
|-sidestart|p1: 151forfun|move: Stealth Rock
|
|-heal|p1a: Weezing|212\/334|[from] item: Black Sludge
|-heal|p2a: Swampert|311\/403|[from] item: Leftovers
|turn|5
|
|move|p1a: Weezing|Will-O-Wisp|p2a: Swampert
|-status|p2a: Swampert|brn
|move|p2a: Swampert|Scald|p1a: Weezing
|-damage|p1a: Weezing|92\/334
|
|-heal|p1a: Weezing|112\/334|[from] item: Black Sludge
|-heal|p2a: Swampert|336\/403 brn|[from] item: Leftovers
|-damage|p2a: Swampert|286\/403 brn|[from] brn
|turn|6
|
|move|p1a: Weezing|Pain Split|p2a: Swampert
|-sethp|p2a: Swampert|199\/403 brn|p1a: Weezing|199\/334|[from] move: Pain Split
|move|p2a: Swampert|Scald|p1a: Weezing
|-damage|p1a: Weezing|88\/334
|-status|p1a: Weezing|brn
|
|-heal|p1a: Weezing|108\/334 brn|[from] item: Black Sludge
|-heal|p2a: Swampert|224\/403 brn|[from] item: Leftovers
|-damage|p1a: Weezing|67\/334 brn|[from] brn
|-damage|p2a: Swampert|174\/403 brn|[from] brn
|turn|7
|
|switch|p1a: Blastoise|Blastoise-Mega, M|219\/362
|-damage|p1a: Blastoise|174\/362|[from] Stealth Rock
|move|p2a: Swampert|Scald|p1a: Blastoise
|-resisted|p1a: Blastoise
|-damage|p1a: Blastoise|137\/362
|
|-heal|p2a: Swampert|199\/403 brn|[from] item: Leftovers
|-damage|p2a: Swampert|149\/403 brn|[from] brn
|turn|8
|
|move|p1a: Blastoise|Rapid Spin|p2a: Swampert
|-damage|p2a: Swampert|133\/403 brn
|-sideend|p1: 151forfun|Stealth Rock|[from] move: Rapid Spin|[of] p1a: Blastoise
|move|p2a: Swampert|Stealth Rock|p1a: Blastoise
|-sidestart|p1: 151forfun|move: Stealth Rock
|
|-heal|p2a: Swampert|158\/403 brn|[from] item: Leftovers
|-damage|p2a: Swampert|108\/403 brn|[from] brn
|turn|9
|
|move|p1a: Blastoise|Rapid Spin|p2a: Swampert
|-damage|p2a: Swampert|91\/403 brn
|-sideend|p1: 151forfun|Stealth Rock|[from] move: Rapid Spin|[of] p1a: Blastoise
|move|p2a: Swampert|Stealth Rock|p1a: Blastoise
|-sidestart|p1: 151forfun|move: Stealth Rock
|
|-heal|p2a: Swampert|116\/403 brn|[from] item: Leftovers
|-damage|p2a: Swampert|66\/403 brn|[from] brn
|turn|10
|
|move|p1a: Blastoise|Rapid Spin|p2a: Swampert
|-damage|p2a: Swampert|51\/403 brn
|-sideend|p1: 151forfun|Stealth Rock|[from] move: Rapid Spin|[of] p1a: Blastoise
|move|p2a: Swampert|Stealth Rock|p1a: Blastoise
|-sidestart|p1: 151forfun|move: Stealth Rock
|
|-heal|p2a: Swampert|76\/403 brn|[from] item: Leftovers
|-damage|p2a: Swampert|26\/403 brn|[from] brn
|turn|11
|
|move|p1a: Blastoise|Rapid Spin|p2a: Swampert
|-damage|p2a: Swampert|11\/403 brn
|-sideend|p1: 151forfun|Stealth Rock|[from] move: Rapid Spin|[of] p1a: Blastoise
|move|p2a: Swampert|Stealth Rock|p1a: Blastoise
|-sidestart|p1: 151forfun|move: Stealth Rock
|
|-heal|p2a: Swampert|36\/403 brn|[from] item: Leftovers
|-damage|p2a: Swampert|0 fnt|[from] brn
|faint|p2a: Swampert
|
|switch|p2a: Pidgeot|Pidgeot, M|307\/307
|turn|12
|
|switch|p1a: Weezing|Weezing, F|67\/334 brn
|-damage|p1a: Weezing|26\/334 brn|[from] Stealth Rock
|detailschange|p2a: Pidgeot|Pidgeot-Mega, M
|-mega|p2a: Pidgeot|Pidgeot|Pidgeotite
|move|p2a: Pidgeot|U-turn|p1a: Weezing
|-resisted|p1a: Weezing
|-damage|p1a: Weezing|12\/334 brn
|
|switch|p2a: Forretress|Forretress, M|353\/353
|
|-heal|p1a: Weezing|32\/334 brn|[from] item: Black Sludge
|-damage|p1a: Weezing|0 fnt|[from] brn
|faint|p1a: Weezing
|
|switch|p1a: Blastoise|Blastoise-Mega, M|137\/362
|-damage|p1a: Blastoise|92\/362|[from] Stealth Rock
|turn|13
|
|move|p1a: Blastoise|Rapid Spin|p2a: Forretress
|-resisted|p2a: Forretress
|-damage|p2a: Forretress|348\/353
|-sideend|p1: 151forfun|Stealth Rock|[from] move: Rapid Spin|[of] p1a: Blastoise
|move|p2a: Forretress|Rapid Spin|p1a: Blastoise
|-damage|p1a: Blastoise|79\/362
|-sideend|p2: Specs Cranidos|Toxic Spikes|[from] move: Rapid Spin|[of] p2a: Forretress
|
|-heal|p2a: Forretress|353\/353|[from] item: Leftovers
|turn|14
|
|move|p1a: Blastoise|Dark Pulse|p2a: Forretress
|-crit|p2a: Forretress
|-damage|p2a: Forretress|103\/353
|move|p2a: Forretress|Spikes|p1a: Blastoise
|-sidestart|p1: 151forfun|Spikes
|
|-heal|p2a: Forretress|125\/353|[from] item: Leftovers
|turn|15
|
|move|p1a: Blastoise|Water Pulse|p2a: Forretress
|-damage|p2a: Forretress|0 fnt
|faint|p2a: Forretress
|
|
|switch|p2a: Mienshao|Mienshao, M|271\/271
|turn|16
|
|move|p2a: Mienshao|High Jump Kick|p1a: Blastoise
|-damage|p1a: Blastoise|0 fnt
|faint|p1a: Blastoise
|
|
|switch|p1a: Nidoqueen|Nidoqueen, F|346\/346
|-damage|p1a: Nidoqueen|303\/346|[from] Spikes
|turn|17
|
|switch|p2a: Pidgeot|Pidgeot-Mega, M|307\/307
|move|p1a: Nidoqueen|Stealth Rock|p2a: Pidgeot
|-sidestart|p2: Specs Cranidos|move: Stealth Rock
|
|turn|18
|
|move|p2a: Pidgeot|Hurricane|p1a: Nidoqueen
|-damage|p1a: Nidoqueen|62\/346
|move|p1a: Nidoqueen|Ice Punch|p2a: Pidgeot
|-supereffective|p2a: Pidgeot
|-damage|p2a: Pidgeot|0 fnt
|faint|p2a: Pidgeot
|
|
|switch|p2a: Mienshao|Mienshao, M|271\/271
|-damage|p2a: Mienshao|255\/271|[from] Stealth Rock
|turn|19
|
|move|p2a: Mienshao|Knock Off|p1a: Nidoqueen
|-damage|p1a: Nidoqueen|0 fnt
|-enditem|p1a: Nidoqueen|Life Orb|[from] move: Knock Off|[of] p2a: Mienshao
|faint|p1a: Nidoqueen
|
|
|switch|p1a: Snorlax|Snorlax, M|461\/461
|-damage|p1a: Snorlax|404\/461|[from] Spikes
|turn|20
|
|switch|p2a: Doublade|Doublade, M|311\/311
|-damage|p2a: Doublade|292\/311|[from] Stealth Rock
|move|p1a: Snorlax|Earthquake|p2a: Doublade
|-supereffective|p2a: Doublade
|-damage|p2a: Doublade|174\/311
|
|turn|21
|
|move|p2a: Doublade|Sacred Sword|p1a: Snorlax
|-supereffective|p1a: Snorlax
|-damage|p1a: Snorlax|202\/461
|move|p1a: Snorlax|Earthquake|p2a: Doublade
|-supereffective|p2a: Doublade
|-damage|p2a: Doublade|62\/311
|
|turn|22
|
|move|p2a: Doublade|Sacred Sword|p1a: Snorlax
|-supereffective|p1a: Snorlax
|-damage|p1a: Snorlax|0 fnt
|faint|p1a: Snorlax
|
|
|switch|p1a: Arcanine|Arcanine, F|383\/383
|-damage|p1a: Arcanine|336\/383|[from] Spikes
|-ability|p1a: Arcanine|Intimidate|[of] p2a: Doublade
|-unboost|p2a: Doublade|atk|1
|turn|23
|
|switch|p2a: Mienshao|Mienshao, M|255\/271
|-damage|p2a: Mienshao|239\/271|[from] Stealth Rock
|move|p1a: Arcanine|Flare Blitz|p2a: Mienshao
|-crit|p2a: Mienshao
|-damage|p2a: Mienshao|0 fnt
|-damage|p1a: Arcanine|257\/383|[from] recoil|[of] p2a: Mienshao
|faint|p2a: Mienshao
|
|
|switch|p2a: Suicune|Suicune|381\/381
|-damage|p2a: Suicune|334\/381|[from] Stealth Rock
|-ability|p2a: Suicune|Pressure
|turn|24
|
|switch|p1a: Alakazam|Alakazam, F|252\/252
|move|p2a: Suicune|Substitute|p2a: Suicune
|-start|p2a: Suicune|Substitute
|-damage|p2a: Suicune|239\/381
|
|-heal|p2a: Suicune|262\/381|[from] item: Leftovers
|turn|25
|
|move|p1a: Alakazam|Encore|p2a: Suicune
|-start|p2a: Suicune|Encore
|move|p2a: Suicune|Substitute|p2a: Suicune
|-fail|p2a: Suicune|move: Substitute
|
|-heal|p2a: Suicune|285\/381|[from] item: Leftovers
|turn|26
|
|move|p1a: Alakazam|Psyshock|p2a: Suicune
|-crit|p2a: Suicune
|-end|p2a: Suicune|Substitute
|move|p2a: Suicune|Substitute|p2a: Suicune
|-start|p2a: Suicune|Substitute
|-damage|p2a: Suicune|190\/381
|
|-heal|p2a: Suicune|213\/381|[from] item: Leftovers
|turn|27
|
|switch|p2a: Doublade|Doublade, M|62\/311
|-damage|p2a: Doublade|43\/311|[from] Stealth Rock
|move|p1a: Alakazam|Energy Ball|p2a: Doublade
|-resisted|p2a: Doublade
|-damage|p2a: Doublade|0 fnt
|faint|p2a: Doublade
|
|c|âSpecs Cranidos|gg
|c|â151forfun|gg
|
|switch|p2a: Suicune|Suicune|213\/381
|-damage|p2a: Suicune|166\/381|[from] Stealth Rock
|-ability|p2a: Suicune|Pressure
|turn|28
|
|move|p1a: Alakazam|Energy Ball|p2a: Suicune
|-supereffective|p2a: Suicune
|-damage|p2a: Suicune|0 fnt
|faint|p2a: Suicune
|
|win|151forfun
|raw|Ladder updating...
|raw|151forfun's rating: 1535 &rarr; <strong>1556<\/strong><br \/>(+21 for winning)
|raw|Specs Cranidos's rating: 1559 &rarr; <strong>1537<\/strong><br \/>(-22 for losing)
|c|â151forfun|wp