|join|Specs Cranidos
|join|quaglen
|player|p1|Specs Cranidos|54
|player|p2|quaglen|121
|gametype|singles
|gen|6
|tier|UU
|rated
|rule|Sleep Clause Mod: Limit one foe put to sleep
|rule|Species Clause: Limit one of each PokÃ©mon
|rule|OHKO Clause: OHKO moves are banned
|rule|Moody Clause: Moody is banned
|rule|Evasion Moves Clause: Evasion moves are banned
|rule|Endless Battle Clause: Forcing endless battles is banned
|rule|HP Percentage Mod: HP is shown in percentages
|clearpoke
|poke|p1|Pidgeot, F
|poke|p1|Doublade, F
|poke|p1|Swampert, M
|poke|p1|Mienshao, M
|poke|p1|Suicune
|poke|p1|Forretress, M
|poke|p2|Nidoking, M
|poke|p2|Honchkrow, M, shiny
|poke|p2|Registeel, shiny
|poke|p2|Tentacruel, M, shiny
|poke|p2|Noivern, F, shiny
|poke|p2|Sharpedo, M, shiny
|rule|Swagger Clause: Swagger is banned
|rule|Baton Pass Clause: Limit one PokÃ©mon knowing Baton Pass
|teampreview
|
|start
|switch|p1a: Swampert|Swampert, M|403\/403
|switch|p2a: Registeel|Registeel, shiny|363\/363
|turn|1
|
|move|p1a: Swampert|Earthquake|p2a: Registeel
|-supereffective|p2a: Registeel
|-damage|p2a: Registeel|183\/363
|move|p2a: Registeel|Stealth Rock|p1a: Swampert
|-sidestart|p1: Specs Cranidos|move: Stealth Rock
|
|-heal|p2a: Registeel|205\/363|[from] item: Leftovers
|turn|2
|
|move|p1a: Swampert|Scald|p2a: Registeel
|-damage|p2a: Registeel|156\/363
|-status|p2a: Registeel|brn
|move|p2a: Registeel|Seismic Toss|p1a: Swampert
|-damage|p1a: Swampert|303\/403
|
|-heal|p1a: Swampert|328\/403|[from] item: Leftovers
|-heal|p2a: Registeel|178\/363 brn|[from] item: Leftovers
|-damage|p2a: Registeel|133\/363 brn|[from] brn
|turn|3
|
|move|p1a: Swampert|Stealth Rock|p2a: Registeel
|-sidestart|p2: quaglen|move: Stealth Rock
|move|p2a: Registeel|Seismic Toss|p1a: Swampert
|-damage|p1a: Swampert|228\/403
|
|-heal|p1a: Swampert|253\/403|[from] item: Leftovers
|-heal|p2a: Registeel|155\/363 brn|[from] item: Leftovers
|-damage|p2a: Registeel|110\/363 brn|[from] brn
|turn|4
|
|move|p1a: Swampert|Earthquake|p2a: Registeel
|-supereffective|p2a: Registeel
|-damage|p2a: Registeel|0 fnt
|faint|p2a: Registeel
|
|-heal|p1a: Swampert|278\/403|[from] item: Leftovers
|
|switch|p2a: Noivern|Noivern, F, shiny|311\/311
|-damage|p2a: Noivern|234\/311|[from] Stealth Rock
|-item|p1a: Swampert|Leftovers|[from] ability: Frisk|[of] p2a: Noivern|[identify]
|turn|5
|
|move|p2a: Noivern|Hurricane|p1a: Swampert
|-damage|p1a: Swampert|106\/403
|-damage|p2a: Noivern|203\/311|[from] item: Life Orb
|move|p1a: Swampert|Scald|p2a: Noivern
|-resisted|p2a: Noivern
|-damage|p2a: Noivern|122\/311
|-status|p2a: Noivern|brn
|
|-heal|p1a: Swampert|131\/403|[from] item: Leftovers
|-damage|p2a: Noivern|84\/311 brn|[from] brn
|turn|6
|
|move|p2a: Noivern|Draco Meteor|p1a: Swampert
|-damage|p1a: Swampert|0 fnt
|-unboost|p2a: Noivern|spa|2
|-damage|p2a: Noivern|53\/311 brn|[from] item: Life Orb
|faint|p1a: Swampert
|
|-damage|p2a: Noivern|15\/311 brn|[from] brn
|
|switch|p1a: Forretress|Forretress, M|353\/353
|-damage|p1a: Forretress|309\/353|[from] Stealth Rock
|turn|7
|
|move|p2a: Noivern|Flamethrower|p1a: Forretress
|-supereffective|p1a: Forretress
|-damage|p1a: Forretress|106\/353
|-damage|p2a: Noivern|0 fnt|[from] item: Life Orb
|faint|p2a: Noivern
|move|p1a: Forretress|Rapid Spin|p2: Noivern|[notarget]
|-notarget
|
|-heal|p1a: Forretress|128\/353|[from] item: Leftovers
|
|switch|p2a: Sharpedo|Sharpedo, M, shiny|281\/281
|-damage|p2a: Sharpedo|246\/281|[from] Stealth Rock
|turn|8
|
|detailschange|p2a: Sharpedo|Sharpedo-Mega, M, shiny
|-mega|p2a: Sharpedo|Sharpedo|Sharpedonite
|move|p2a: Sharpedo|Waterfall|p1a: Forretress
|-damage|p1a: Forretress|13\/353
|cant|p1a: Forretress|flinch
|
|-heal|p1a: Forretress|35\/353|[from] item: Leftovers
|turn|9
|
|move|p2a: Sharpedo|Waterfall|p1a: Forretress
|-damage|p1a: Forretress|0 fnt
|faint|p1a: Forretress
|
|
|switch|p1a: Mienshao|Mienshao, M|271\/271
|-damage|p1a: Mienshao|255\/271|[from] Stealth Rock
|turn|10
|join|gobosox
|
|move|p2a: Sharpedo|Protect|p2a: Sharpedo
|-singleturn|p2a: Sharpedo|Protect
|move|p1a: Mienshao|U-turn|p2a: Sharpedo
|-activate|p2a: Sharpedo|Protect
|
|turn|11
|
|switch|p2a: Tentacruel|Tentacruel, M, shiny|361\/361
|-damage|p2a: Tentacruel|316\/361|[from] Stealth Rock
|move|p1a: Mienshao|U-turn|p2a: Tentacruel
|-resisted|p2a: Tentacruel
|-damage|p2a: Tentacruel|277\/361
|
|switch|p1a: Suicune|Suicune|374\/374
|-damage|p1a: Suicune|328\/374|[from] Stealth Rock
|-ability|p1a: Suicune|Pressure
|
|-heal|p2a: Tentacruel|299\/361|[from] item: Black Sludge
|-heal|p1a: Suicune|351\/374|[from] item: Leftovers
|turn|12
|
|move|p2a: Tentacruel|Rapid Spin|p1a: Suicune
|-damage|p1a: Suicune|341\/374
|-sideend|p2: quaglen|Stealth Rock|[from] move: Rapid Spin|[of] p2a: Tentacruel
|move|p1a: Suicune|Substitute|p1a: Suicune
|-start|p1a: Suicune|Substitute
|-damage|p1a: Suicune|248\/374
|
|-heal|p2a: Tentacruel|321\/361|[from] item: Black Sludge
|-heal|p1a: Suicune|271\/374|[from] item: Leftovers
|turn|13
|
|move|p2a: Tentacruel|Knock Off|p1a: Suicune
|-activate|p1a: Suicune|Substitute|[damage]
|move|p1a: Suicune|Calm Mind|p1a: Suicune
|-boost|p1a: Suicune|spa|1
|-boost|p1a: Suicune|spd|1
|
|-heal|p2a: Tentacruel|343\/361|[from] item: Black Sludge
|-heal|p1a: Suicune|294\/374|[from] item: Leftovers
|turn|14
|join|asxasx
|
|move|p2a: Tentacruel|Knock Off|p1a: Suicune
|-end|p1a: Suicune|Substitute
|move|p1a: Suicune|Calm Mind|p1a: Suicune
|-boost|p1a: Suicune|spa|1
|-boost|p1a: Suicune|spd|1
|
|-heal|p2a: Tentacruel|361\/361|[from] item: Black Sludge
|-heal|p1a: Suicune|317\/374|[from] item: Leftovers
|turn|15
|c|âSpecs Cranidos|oh shit that broke my sub
|
|move|p2a: Tentacruel|Knock Off|p1a: Suicune
|-damage|p1a: Suicune|268\/374
|-enditem|p1a: Suicune|Leftovers|[from] move: Knock Off|[of] p2a: Tentacruel
|move|p1a: Suicune|Substitute|p1a: Suicune
|-start|p1a: Suicune|Substitute
|-damage|p1a: Suicune|175\/374
|
|turn|16
|
|move|p2a: Tentacruel|Scald|p1a: Suicune
|-resisted|p1a: Suicune
|-activate|p1a: Suicune|Substitute|[damage]
|move|p1a: Suicune|Calm Mind|p1a: Suicune
|-boost|p1a: Suicune|spa|1
|-boost|p1a: Suicune|spd|1
|
|turn|17
|c|âquaglen|welp
|
|move|p2a: Tentacruel|Knock Off|p1a: Suicune
|-activate|p1a: Suicune|Substitute|[damage]
|move|p1a: Suicune|Scald|p2a: Tentacruel
|-resisted|p2a: Tentacruel
|-damage|p2a: Tentacruel|233\/361
|-status|p2a: Tentacruel|brn
|
|-heal|p2a: Tentacruel|255\/361 brn|[from] item: Black Sludge
|-damage|p2a: Tentacruel|210\/361 brn|[from] brn
|turn|18
|leave|gobosox
|
|move|p2a: Tentacruel|Knock Off|p1a: Suicune
|-activate|p1a: Suicune|Substitute|[damage]
|move|p1a: Suicune|Substitute|p1a: Suicune
|-fail|p1a: Suicune|move: Substitute
|
|-heal|p2a: Tentacruel|232\/361 brn|[from] item: Black Sludge
|-damage|p2a: Tentacruel|187\/361 brn|[from] brn
|turn|19
|
|move|p2a: Tentacruel|Knock Off|p1a: Suicune
|-activate|p1a: Suicune|Substitute|[damage]
|move|p1a: Suicune|Substitute|p1a: Suicune
|-fail|p1a: Suicune|move: Substitute
|
|-heal|p2a: Tentacruel|209\/361 brn|[from] item: Black Sludge
|-damage|p2a: Tentacruel|164\/361 brn|[from] brn
|turn|20
|c|âquaglen|lolololol
|
|move|p2a: Tentacruel|Knock Off|p1a: Suicune
|-end|p1a: Suicune|Substitute
|move|p1a: Suicune|Substitute|p1a: Suicune
|-start|p1a: Suicune|Substitute
|-damage|p1a: Suicune|82\/374
|
|-heal|p2a: Tentacruel|186\/361 brn|[from] item: Black Sludge
|-damage|p2a: Tentacruel|141\/361 brn|[from] brn
|turn|21
|
|move|p2a: Tentacruel|Knock Off|p1a: Suicune
|-crit|p1a: Suicune
|-activate|p1a: Suicune|Substitute|[damage]
|move|p1a: Suicune|Calm Mind|p1a: Suicune
|-boost|p1a: Suicune|spa|1
|-boost|p1a: Suicune|spd|1
|
|-heal|p2a: Tentacruel|163\/361 brn|[from] item: Black Sludge
|-damage|p2a: Tentacruel|118\/361 brn|[from] brn
|turn|22
|
|move|p2a: Tentacruel|Knock Off|p1a: Suicune
|-activate|p1a: Suicune|Substitute|[damage]
|move|p1a: Suicune|Scald|p2a: Tentacruel
|-resisted|p2a: Tentacruel
|-damage|p2a: Tentacruel|0 fnt
|faint|p2a: Tentacruel
|
|
|switch|p2a: Sharpedo|Sharpedo-Mega, M, shiny|246\/281
|turn|23
|
|move|p2a: Sharpedo|Protect|p2a: Sharpedo
|-singleturn|p2a: Sharpedo|Protect
|move|p1a: Suicune|Scald|p2a: Sharpedo
|-activate|p2a: Sharpedo|Protect
|
|turn|24
|
|move|p2a: Sharpedo|Destiny Bond|p2a: Sharpedo
|-singlemove|p2a: Sharpedo|Destiny Bond
|move|p1a: Suicune|Scald|p2a: Sharpedo
|-resisted|p2a: Sharpedo
|-damage|p2a: Sharpedo|7\/281
|
|turn|25
|c|âquaglen|....
|c|âquaglen|so close
|
|move|p2a: Sharpedo|Protect|p2a: Sharpedo
|-singleturn|p2a: Sharpedo|Protect
|move|p1a: Suicune|Scald|p2a: Sharpedo
|-activate|p2a: Sharpedo|Protect
|
|turn|26
|
|move|p2a: Sharpedo|Destiny Bond|p2a: Sharpedo
|-singlemove|p2a: Sharpedo|Destiny Bond
|move|p1a: Suicune|Calm Mind|p1a: Suicune
|-boost|p1a: Suicune|spa|1
|-boost|p1a: Suicune|spd|1
|
|turn|27
|
|move|p2a: Sharpedo|Destiny Bond|p2a: Sharpedo
|-singlemove|p2a: Sharpedo|Destiny Bond
|move|p1a: Suicune|Scald|p2a: Sharpedo
|-resisted|p2a: Sharpedo
|-damage|p2a: Sharpedo|0 fnt
|faint|p2a: Sharpedo
|-activate|p2a: Sharpedo|Destiny Bond
|faint|p1a: Suicune
|
|
|switch|p1a: Pidgeot|Pidgeot, F|307\/307
|switch|p2a: Honchkrow|Honchkrow, M, shiny|349\/349
|-damage|p1a: Pidgeot|231\/307|[from] Stealth Rock
|turn|28
|
|switch|p1a: Doublade|Doublade, F|311\/311
|-damage|p1a: Doublade|292\/311|[from] Stealth Rock
|move|p2a: Honchkrow|Sucker Punch|p1a: Doublade
|-fail|p1a: Doublade
|
|turn|29
|
|move|p2a: Honchkrow|Substitute|p2a: Honchkrow
|-start|p2a: Honchkrow|Substitute
|-damage|p2a: Honchkrow|262\/349
|move|p1a: Doublade|Iron Head|p2a: Honchkrow
|-end|p2a: Honchkrow|Substitute
|
|turn|30
|
|move|p2a: Honchkrow|Sucker Punch|p1a: Doublade
|-supereffective|p1a: Doublade
|-damage|p1a: Doublade|128\/311
|-damage|p2a: Honchkrow|228\/349|[from] item: Life Orb
|move|p1a: Doublade|Iron Head|p2a: Honchkrow
|-damage|p2a: Honchkrow|17\/349
|
|turn|31
|
|move|p2a: Honchkrow|Sucker Punch|p1a: Doublade
|-supereffective|p1a: Doublade
|-damage|p1a: Doublade|0 fnt
|-damage|p2a: Honchkrow|0 fnt|[from] item: Life Orb
|faint|p1a: Doublade
|faint|p2a: Honchkrow
|
|
|switch|p1a: Pidgeot|Pidgeot, F|231\/307
|switch|p2a: Nidoking|Nidoking, M|303\/303
|-damage|p1a: Pidgeot|155\/307|[from] Stealth Rock
|turn|32
|
|detailschange|p1a: Pidgeot|Pidgeot-Mega, F
|-mega|p1a: Pidgeot|Pidgeot|Pidgeotite
|move|p1a: Pidgeot|Hurricane|p2a: Nidoking
|-damage|p2a: Nidoking|65\/303
|move|p2a: Nidoking|Ice Beam|p1a: Pidgeot
|-supereffective|p1a: Pidgeot
|-damage|p1a: Pidgeot|0 fnt
|faint|p1a: Pidgeot
|
|c|âSpecs Cranidos|gg
|
|switch|p1a: Mienshao|Mienshao, M|255\/271
|-damage|p1a: Mienshao|239\/271|[from] Stealth Rock
|turn|33
|c|âquaglen|yea gg
|
|move|p1a: Mienshao|Knock Off|p2a: Nidoking
|-damage|p2a: Nidoking|0 fnt
|-enditem|p2a: Nidoking|Life Orb|[from] move: Knock Off|[of] p1a: Mienshao
|faint|p2a: Nidoking
|
|win|Specs Cranidos
|raw|Ladder updating...
|raw|Specs Cranidos's rating: 1566 &rarr; <strong>1572<\/strong><br \/>(+6 for winning)
|raw|quaglen's rating: 1278 &rarr; <strong>1270<\/strong><br \/>(-8 for losing)
|leave|Specs Cranidos
|player|p1
|leave|quaglen
|player|p2