|join|Specs Cranidos
|join|minepig
|player|p1|Specs Cranidos|54
|player|p2|minepig|293
|gametype|singles
|gen|6
|tier|UU
|rule|Sleep Clause Mod: Limit one foe put to sleep
|rule|Species Clause: Limit one of each PokÃ©mon
|rule|OHKO Clause: OHKO moves are banned
|rule|Moody Clause: Moody is banned
|rule|Evasion Moves Clause: Evasion moves are banned
|rule|Endless Battle Clause: Forcing endless battles is banned
|rule|HP Percentage Mod: HP is shown in percentages
|clearpoke
|poke|p1|Pidgeot, M
|poke|p1|Doublade, M
|poke|p1|Swampert, F
|poke|p1|Mienshao, M
|poke|p1|Suicune
|poke|p1|Forretress, M
|poke|p2|Swampert, F
|poke|p2|Alakazam, F, shiny
|poke|p2|Chandelure, M, shiny
|poke|p2|Tentacruel, M
|poke|p2|Infernape, F, shiny
|poke|p2|Hydreigon, M, shiny
|rule|Swagger Clause: Swagger is banned
|rule|Baton Pass Clause: Limit one PokÃ©mon knowing Baton Pass
|teampreview
|c|âminepig|nice team
|
|start
|switch|p1a: Swampert|Swampert, F|403\/403
|switch|p2a: Chandelure|Chandelure, M, shiny|323\/323
|turn|1
|c|âSpecs Cranidos|thanks
|join|SamuelCardona
|leave|SamuelCardona
|
|switch|p1a: Forretress|Forretress, M|353\/353
|move|p2a: Chandelure|Energy Ball|p1a: Forretress
|-resisted|p1a: Forretress
|-damage|p1a: Forretress|307\/353
|-unboost|p1a: Forretress|spd|1
|
|-heal|p1a: Forretress|329\/353|[from] item: Leftovers
|turn|2
|
|switch|p2a: Infernape|Infernape, F, shiny|293\/293
|switch|p1a: Swampert|Swampert, F|403\/403
|
|turn|3
|
|switch|p2a: Tentacruel|Tentacruel, M|363\/363
|move|p1a: Swampert|Stealth Rock|p2a: Tentacruel
|-sidestart|p2: minepig|move: Stealth Rock
|
|turn|4
|
|move|p2a: Tentacruel|Rapid Spin|p1a: Swampert
|-damage|p1a: Swampert|390\/403
|-sideend|p2: minepig|Stealth Rock|[from] move: Rapid Spin|[of] p2a: Tentacruel
|move|p1a: Swampert|Earthquake|p2a: Tentacruel
|-supereffective|p2a: Tentacruel
|-damage|p2a: Tentacruel|15\/363
|
|-heal|p2a: Tentacruel|37\/363|[from] item: Black Sludge
|-heal|p1a: Swampert|403\/403|[from] item: Leftovers
|turn|5
|c|âminepig|mega pidgeot
|
|move|p2a: Tentacruel|Toxic Spikes|p1a: Swampert
|-sidestart|p1: Specs Cranidos|move: Toxic Spikes
|move|p1a: Swampert|Earthquake|p2a: Tentacruel
|-supereffective|p2a: Tentacruel
|-damage|p2a: Tentacruel|0 fnt
|faint|p2a: Tentacruel
|
|
|switch|p2a: Chandelure|Chandelure, M, shiny|323\/323
|turn|6
|
|move|p2a: Chandelure|Flamethrower|p1a: Swampert
|-resisted|p1a: Swampert
|-damage|p1a: Swampert|287\/403
|move|p1a: Swampert|Stealth Rock|p2a: Chandelure
|-sidestart|p2: minepig|move: Stealth Rock
|
|-heal|p1a: Swampert|312\/403|[from] item: Leftovers
|turn|7
|
|switch|p2a: Alakazam|Alakazam, F, shiny|251\/251
|move|p1a: Swampert|Earthquake|p2a: Alakazam
|-damage|p2a: Alakazam|8\/251
|
|-heal|p1a: Swampert|337\/403|[from] item: Leftovers
|turn|8
|
|switch|p1a: Doublade|Doublade, M|311\/311
|move|p2a: Alakazam|Shadow Ball|p1a: Doublade
|-supereffective|p1a: Doublade
|-damage|p1a: Doublade|30\/311
|
|turn|9
|c|âminepig|this is a new team
|
|move|p1a: Doublade|Shadow Sneak|p2a: Alakazam
|-supereffective|p2a: Alakazam
|-damage|p2a: Alakazam|0 fnt
|faint|p2a: Alakazam
|
|
|switch|p2a: Infernape|Infernape, F, shiny|293\/293
|-damage|p2a: Infernape|257\/293|[from] Stealth Rock
|turn|10
|
|switch|p1a: Swampert|Swampert, F|337\/403
|-status|p1a: Swampert|psn
|move|p2a: Infernape|Fire Punch|p1a: Swampert
|-resisted|p1a: Swampert
|-damage|p1a: Swampert|260\/403 psn
|
|-heal|p1a: Swampert|285\/403 psn|[from] item: Leftovers
|-damage|p1a: Swampert|235\/403 psn|[from] psn
|turn|11
|
|switch|p2a: Swampert|Swampert, F|341\/341
|-damage|p2a: Swampert|320\/341|[from] Stealth Rock
|move|p1a: Swampert|Scald|p2a: Swampert
|-damage|p2a: Swampert|251\/341
|-status|p2a: Swampert|brn
|
|-heal|p1a: Swampert|260\/403 psn|[from] item: Leftovers
|-damage|p2a: Swampert|209\/341 brn|[from] brn
|-damage|p1a: Swampert|210\/403 psn|[from] psn
|turn|12
|
|detailschange|p2a: Swampert|Swampert-Mega, F
|-mega|p2a: Swampert|Swampert|Swampertite
|move|p1a: Swampert|Scald|p2a: Swampert
|-damage|p2a: Swampert|151\/341 brn
|move|p2a: Swampert|Mirror Coat|p1a: Swampert
|-damage|p1a: Swampert|94\/403 psn
|
|-heal|p1a: Swampert|119\/403 psn|[from] item: Leftovers
|-damage|p2a: Swampert|109\/341 brn|[from] brn
|-damage|p1a: Swampert|69\/403 psn|[from] psn
|turn|13
|
|move|p1a: Swampert|Earthquake|p2a: Swampert
|-damage|p2a: Swampert|6\/341 brn
|move|p2a: Swampert|Mirror Coat|p1a: Swampert
|-fail|p1a: Swampert
|
|-heal|p1a: Swampert|94\/403 psn|[from] item: Leftovers
|-damage|p2a: Swampert|0 fnt|[from] brn
|-damage|p1a: Swampert|44\/403 psn|[from] psn
|faint|p2a: Swampert
|c|âminepig|this set messes people up sometimes
|
|switch|p2a: Chandelure|Chandelure, M, shiny|323\/323
|-damage|p2a: Chandelure|243\/323|[from] Stealth Rock
|turn|14
|
|move|p2a: Chandelure|Energy Ball|p1a: Swampert
|-supereffective|p1a: Swampert
|-damage|p1a: Swampert|0 fnt
|faint|p1a: Swampert
|
|
|switch|p1a: Pidgeot|Pidgeot, M|307\/307
|turn|15
|
|detailschange|p1a: Pidgeot|Pidgeot-Mega, M
|-mega|p1a: Pidgeot|Pidgeot|Pidgeotite
|move|p1a: Pidgeot|Hurricane|p2a: Chandelure
|-damage|p2a: Chandelure|38\/323
|move|p2a: Chandelure|Energy Ball|p1a: Pidgeot
|-resisted|p1a: Pidgeot
|-damage|p1a: Pidgeot|179\/307
|-unboost|p1a: Pidgeot|spd|1
|
|turn|16
|
|move|p1a: Pidgeot|Hurricane|p2a: Chandelure
|-damage|p2a: Chandelure|0 fnt
|faint|p2a: Chandelure
|
|
|switch|p2a: Hydreigon|Hydreigon, M, shiny|325\/325
|-damage|p2a: Hydreigon|285\/325|[from] Stealth Rock
|turn|17
|
|move|p2a: Hydreigon|Surf|p1a: Pidgeot
|-damage|p1a: Pidgeot|0 fnt
|faint|p1a: Pidgeot
|
|
|switch|p1a: Mienshao|Mienshao, M|271\/271
|-status|p1a: Mienshao|psn
|turn|18
|
|move|p1a: Mienshao|High Jump Kick|p2a: Hydreigon
|-supereffective|p2a: Hydreigon
|-damage|p2a: Hydreigon|0 fnt
|faint|p2a: Hydreigon
|
|-damage|p1a: Mienshao|238\/271 psn|[from] psn
|
|switch|p2a: Infernape|Infernape, F, shiny|257\/293
|-damage|p2a: Infernape|221\/293|[from] Stealth Rock
|turn|19
|c|âminepig|gg
|c|âSpecs Cranidos|gg
|
|move|p1a: Mienshao|High Jump Kick|p2a: Infernape
|-damage|p2a: Infernape|0 fnt
|faint|p2a: Infernape
|
|win|Specs Cranidos