|join|MyLittleDick
|join|woshihutian
|player|p1|MyLittleDick|1
|player|p2|woshihutian|169
|gametype|singles
|gen|6
|tier|OU
|rated
|clearpoke
|poke|p1|Landorus-Therian, M
|poke|p1|Diancie
|poke|p1|Talonflame, M
|poke|p1|Keldeo-Resolute
|poke|p1|Ferrothorn, F
|poke|p1|Latios, M
|poke|p2|Keldeo
|poke|p2|Empoleon, F
|poke|p2|Charizard, F
|poke|p2|Tyranitar, M
|poke|p2|Kyurem-Black
|poke|p2|Landorus-Therian, M
|rule|Swagger Clause: Swagger is banned
|rule|Baton Pass Clause: Limit one PokÃ©mon knowing Baton Pass
|rule|Sleep Clause Mod: Limit one foe put to sleep
|rule|Species Clause: Limit one of each PokÃ©mon
|rule|OHKO Clause: OHKO moves are banned
|rule|Moody Clause: Moody is banned
|rule|Evasion Moves Clause: Evasion moves are banned
|rule|Endless Battle Clause: Forcing endless battles is banned
|rule|HP Percentage Mod: HP is shown in percentages
|teampreview
|
|start
|switch|p1a: Keldeo-Resolute|Keldeo-Resolute|323\/323
|switch|p2a: Keldeo|Keldeo|323\/323
|turn|1
|
|switch|p1a: Latios|Latios, M|301\/301
|move|p2a: Keldeo|Secret Sword|p1a: Latios
|-resisted|p1a: Latios
|-damage|p1a: Latios|177\/301
|
|turn|2
|
|switch|p1a: Keldeo-Resolute|Keldeo-Resolute|323\/323
|switch|p2a: Empoleon|Empoleon, F|372\/372
|
|turn|3
|
|switch|p2a: Landorus-Therian|Landorus-Therian, M|319\/319
|-ability|p2a: Landorus-Therian|Intimidate|[of] p1a: Keldeo-Resolute
|-unboost|p1a: Keldeo-Resolute|atk|1
|move|p1a: Keldeo-Resolute|Secret Sword|p2a: Landorus-Therian
|-resisted|p2a: Landorus-Therian
|-damage|p2a: Landorus-Therian|186\/319
|
|turn|4
|
|switch|p1a: Landorus-Therian|Landorus-Therian, M|319\/319
|-ability|p1a: Landorus-Therian|Intimidate|[of] p2a: Landorus-Therian
|-unboost|p2a: Landorus-Therian|atk|1
|move|p2a: Landorus-Therian|U-turn|p1a: Landorus-Therian
|-resisted|p1a: Landorus-Therian
|-damage|p1a: Landorus-Therian|289\/319
|
|switch|p2a: Keldeo|Keldeo|323\/323
|
|turn|5
|
|move|p1a: Landorus-Therian|U-turn|p2a: Keldeo
|-resisted|p2a: Keldeo
|-damage|p2a: Keldeo|274\/323
|
|switch|p1a: Latios|Latios, M|177\/301
|move|p2a: Keldeo|Hydro Pump|p1a: Latios
|-resisted|p1a: Latios
|-damage|p1a: Latios|48\/301
|
|turn|6
|
|switch|p1a: Keldeo-Resolute|Keldeo-Resolute|323\/323
|switch|p2a: Tyranitar|Tyranitar, M|341\/341
|-weather|Sandstorm
|
|-weather|Sandstorm|[upkeep]
|-damage|p1a: Keldeo-Resolute|303\/323|[from] sandstorm
|turn|7
|
|switch|p2a: Landorus-Therian|Landorus-Therian, M|186\/319
|-ability|p2a: Landorus-Therian|Intimidate|[of] p1a: Keldeo-Resolute
|-unboost|p1a: Keldeo-Resolute|atk|1
|move|p1a: Keldeo-Resolute|Secret Sword|p2a: Landorus-Therian
|-resisted|p2a: Landorus-Therian
|-damage|p2a: Landorus-Therian|60\/319
|
|-weather|Sandstorm|[upkeep]
|-damage|p1a: Keldeo-Resolute|283\/323|[from] sandstorm
|turn|8
|c|âMyLittleDick|u made the same play twice lol
|
|switch|p1a: Landorus-Therian|Landorus-Therian, M|289\/319
|-ability|p1a: Landorus-Therian|Intimidate|[of] p2a: Landorus-Therian
|-unboost|p2a: Landorus-Therian|atk|1
|move|p2a: Landorus-Therian|Explosion|p1a: Landorus-Therian
|-damage|p1a: Landorus-Therian|44\/319
|faint|p2a: Landorus-Therian
|
|-weather|Sandstorm|[upkeep]
|
|switch|p2a: Keldeo|Keldeo|274\/323
|turn|9
|
|switch|p1a: Latios|Latios, M|48\/301
|move|p2a: Keldeo|Scald|p1a: Latios
|-resisted|p1a: Latios
|-damage|p1a: Latios|0 fnt
|faint|p1a: Latios
|
|-weather|Sandstorm|[upkeep]
|-damage|p2a: Keldeo|254\/323|[from] sandstorm
|
|switch|p1a: Ferrothorn|Ferrothorn, F|352\/352
|turn|10
|
|switch|p2a: Empoleon|Empoleon, F|372\/372
|switch|p1a: Keldeo-Resolute|Keldeo-Resolute|283\/323
|
|-weather|none
|turn|11
|
|move|p1a: Keldeo-Resolute|Secret Sword|p2a: Empoleon
|-supereffective|p2a: Empoleon
|-damage|p2a: Empoleon|0 fnt
|faint|p2a: Empoleon
|
|c|âMyLittleDick|ima predcit zard
|c|âMyLittleDick|jk
|
|switch|p2a: Charizard|Charizard, F|297\/297
|turn|12
|
|detailschange|p2a: Charizard|Charizard-Mega-Y, F
|-mega|p2a: Charizard|Charizard|Charizardite Y
|-weather|SunnyDay
|move|p1a: Keldeo-Resolute|Secret Sword|p2a: Charizard
|-resisted|p2a: Charizard
|-damage|p2a: Charizard|154\/297
|move|p2a: Charizard|Solar Beam|p1a: Keldeo-Resolute|[still]
|-prepare|p2a: Charizard|Solar Beam|p1a: Keldeo-Resolute
|-anim|p2a: Charizard|Solar Beam|p1a: Keldeo-Resolute
|-supereffective|p1a: Keldeo-Resolute
|-damage|p1a: Keldeo-Resolute|0 fnt
|faint|p1a: Keldeo-Resolute
|
|-weather|SunnyDay|[upkeep]
|
|switch|p1a: Landorus-Therian|Landorus-Therian, M|44\/319
|-ability|p1a: Landorus-Therian|Intimidate|[of] p2a: Charizard
|-unboost|p2a: Charizard|atk|1
|turn|13
|
|move|p1a: Landorus-Therian|Explosion|p2a: Charizard
|-damage|p2a: Charizard|0 fnt
|faint|p1a: Landorus-Therian
|faint|p2a: Charizard
|
|-weather|SunnyDay|[upkeep]
|
|switch|p2a: Kyurem-Black|Kyurem-Black|391\/391
|switch|p1a: Diancie|Diancie|241\/241
|-ability|p2a: Kyurem-Black|Teravolt
|turn|14
|
|detailschange|p1a: Diancie|Diancie-Mega
|-mega|p1a: Diancie|Diancie|Diancite
|move|p1a: Diancie|Protect|p1a: Diancie
|-singleturn|p1a: Diancie|Protect
|move|p2a: Kyurem-Black|Earth Power|p1a: Diancie
|-activate|p1a: Diancie|Protect
|
|-weather|SunnyDay|[upkeep]
|turn|15
|
|move|p2a: Kyurem-Black|Earth Power|p1a: Diancie
|-supereffective|p1a: Diancie
|-damage|p1a: Diancie|89\/241
|move|p1a: Diancie|Diamond Storm|p2a: Kyurem-Black
|-supereffective|p2a: Kyurem-Black
|-damage|p2a: Kyurem-Black|43\/391
|
|-weather|SunnyDay|[upkeep]
|turn|16
|
|switch|p1a: Talonflame|Talonflame, M|297\/297
|move|p2a: Kyurem-Black|Earth Power|p1a: Talonflame
|-immune|p1a: Talonflame|[msg]
|
|-weather|none
|turn|17
|
|switch|p2a: Tyranitar|Tyranitar, M|341\/341
|-weather|Sandstorm
|switch|p1a: Ferrothorn|Ferrothorn, F|352\/352
|
|-weather|Sandstorm|[upkeep]
|turn|18
|
|move|p2a: Tyranitar|Superpower|p1a: Ferrothorn
|-supereffective|p1a: Ferrothorn
|-damage|p1a: Ferrothorn|20\/352
|-damage|p2a: Tyranitar|299\/341|[from] ability: Iron Barbs|[of] p1a: Ferrothorn
|-unboost|p2a: Tyranitar|atk|1
|-unboost|p2a: Tyranitar|def|1
|move|p1a: Ferrothorn|Stealth Rock|p2a: Tyranitar
|-sidestart|p2: woshihutian|move: Stealth Rock
|
|-weather|Sandstorm|[upkeep]
|-heal|p1a: Ferrothorn|42\/352|[from] item: Leftovers
|turn|19
|
|move|p2a: Tyranitar|Superpower|p1a: Ferrothorn
|-supereffective|p1a: Ferrothorn
|-damage|p1a: Ferrothorn|0 fnt
|-damage|p2a: Tyranitar|257\/341|[from] ability: Iron Barbs|[of] p1a: Ferrothorn
|-unboost|p2a: Tyranitar|atk|1
|-unboost|p2a: Tyranitar|def|1
|faint|p1a: Ferrothorn
|
|-weather|Sandstorm|[upkeep]
|
|switch|p1a: Diancie|Diancie-Mega|89\/241
|turn|20
|c|âMyLittleDick|i think thats game
|
|move|p1a: Diancie|Moonblast|p2a: Tyranitar
|-supereffective|p2a: Tyranitar
|-damage|p2a: Tyranitar|5\/341
|move|p2a: Tyranitar|Superpower|p1a: Diancie
|-damage|p1a: Diancie|0 fnt
|-unboost|p2a: Tyranitar|atk|1
|-unboost|p2a: Tyranitar|def|1
|faint|p1a: Diancie
|
|-weather|Sandstorm|[upkeep]
|
|switch|p1a: Talonflame|Talonflame, M|297\/297
|turn|21
|
|move|p1a: Talonflame|Brave Bird|p2a: Tyranitar
|-resisted|p2a: Tyranitar
|-damage|p2a: Tyranitar|0 fnt
|-damage|p1a: Talonflame|295\/297|[from] recoil|[of] p2a: Tyranitar
|faint|p2a: Tyranitar
|
|-weather|none
|
|switch|p2a: Keldeo|Keldeo|254\/323
|-damage|p2a: Keldeo|234\/323|[from] Stealth Rock
|turn|22
|c|âMyLittleDick|tyranitar is so bulky god damn
|
|move|p1a: Talonflame|Brave Bird|p2a: Keldeo
|-supereffective|p2a: Keldeo
|-damage|p2a: Keldeo|0 fnt
|-damage|p1a: Talonflame|218\/297|[from] recoil|[of] p2a: Keldeo
|faint|p2a: Keldeo
|
|
|switch|p2a: Kyurem-Black|Kyurem-Black|43\/391
|-damage|p2a: Kyurem-Black|0 fnt|[from] Stealth Rock
|faint|p2a: Kyurem-Black
|
|win|MyLittleDick
|raw|Ladder updating...
|raw|MyLittleDick's rating: 1584 &rarr; <strong>1598<\/strong><br \/>(+14 for winning)
|raw|woshihutian's rating: 1479 &rarr; <strong>1465<\/strong><br \/>(-14 for losing)
|leave|MyLittleDick
|player|p1