|join|juSmith
|join|LotsofSpaghetti713
|player|p1|juSmith|52
|player|p2|LotsofSpaghetti713|101
|gametype|singles
|gen|4
|tier|[Gen 4] OU
|rated
|rule|Sleep Clause Mod: Limit one foe put to sleep
|rule|Species Clause: Limit one of each PokÃ©mon
|rule|OHKO Clause: OHKO moves are banned
|rule|Moody Clause: Moody is banned
|rule|Evasion Moves Clause: Evasion moves are banned
|rule|Endless Battle Clause: Forcing endless battles is banned
|rule|HP Percentage Mod: HP is shown in percentages
|
|start
|switch|p1a: Machamp|Machamp, M|342\/342
|switch|p2a: Hippowdon|Hippowdon, M|420\/420
|-weather|Sandstorm|[from] ability: Sand Stream|[of] p2a: Hippowdon
|turn|1
|
|switch|p1a: Blissey|Blissey, F|714\/714
|switch|p2a: Gyarados|Gyarados, F|394\/394
|-ability|p2a: Gyarados|Intimidate|[of] p1a: Blissey
|-unboost|p1a: Blissey|atk|1
|
|-weather|Sandstorm|[upkeep]
|-damage|p2a: Gyarados|370\/394|[from] sandstorm
|-damage|p1a: Blissey|670\/714|[from] sandstorm
|-heal|p2a: Gyarados|394\/394|[from] item: Leftovers
|-heal|p1a: Blissey|714\/714|[from] item: Leftovers
|turn|2
|
|move|p2a: Gyarados|Waterfall|p1a: Blissey
|-damage|p1a: Blissey|512\/714
|move|p1a: Blissey|Thunder Wave|p2a: Gyarados
|-status|p2a: Gyarados|par
|
|-weather|Sandstorm|[upkeep]
|-damage|p1a: Blissey|468\/714|[from] sandstorm
|-damage|p2a: Gyarados|370\/394 par|[from] sandstorm
|-heal|p1a: Blissey|512\/714|[from] item: Leftovers
|-heal|p2a: Gyarados|394\/394 par|[from] item: Leftovers
|turn|3
|
|switch|p2a: Forretress|Forretress, F|354\/354
|move|p1a: Blissey|Stealth Rock|p2a: Forretress
|-sidestart|p2: LotsofSpaghetti713|move: Stealth Rock
|
|-weather|Sandstorm|[upkeep]
|-damage|p1a: Blissey|468\/714|[from] sandstorm
|-heal|p1a: Blissey|512\/714|[from] item: Leftovers
|turn|4
|
|move|p1a: Blissey|Thunder Wave|p2a: Forretress
|-status|p2a: Forretress|par
|move|p2a: Forretress|Spikes|p1a: Blissey
|-sidestart|p1: juSmith|Spikes
|
|-weather|Sandstorm|[upkeep]
|-damage|p1a: Blissey|468\/714|[from] sandstorm
|-heal|p1a: Blissey|512\/714|[from] item: Leftovers
|turn|5
|
|switch|p1a: Heatran|Heatran, M|386\/386
|-damage|p1a: Heatran|338\/386|[from] Spikes
|cant|p2a: Forretress|par
|
|-weather|Sandstorm|[upkeep]
|-heal|p1a: Heatran|362\/386|[from] item: Leftovers
|turn|6
|
|switch|p1a: Gengar|Gengar, M, shiny|261\/261
|switch|p2a: Cradily|Cradily, M|376\/376
|-damage|p2a: Cradily|329\/376|[from] Stealth Rock
|
|-weather|Sandstorm|[upkeep]
|-damage|p1a: Gengar|245\/261|[from] sandstorm
|-heal|p2a: Cradily|352\/376|[from] item: Leftovers
|turn|7
|
|move|p1a: Gengar|Icy Wind|p2a: Cradily
|-supereffective|p2a: Cradily
|-damage|p2a: Cradily|282\/376
|-unboost|p2a: Cradily|spe|1
|move|p2a: Cradily|Rock Slide|p1a: Gengar
|-damage|p1a: Gengar|128\/261
|
|-weather|Sandstorm|[upkeep]
|-damage|p1a: Gengar|112\/261|[from] sandstorm
|-heal|p2a: Cradily|305\/376|[from] item: Leftovers
|turn|8
|
|switch|p1a: Machamp|Machamp, M|342\/342
|-damage|p1a: Machamp|300\/342|[from] Spikes
|move|p2a: Cradily|Rock Slide|p1a: Machamp
|-resisted|p1a: Machamp
|-damage|p1a: Machamp|261\/342
|
|-weather|Sandstorm|[upkeep]
|-damage|p1a: Machamp|240\/342|[from] sandstorm
|-heal|p2a: Cradily|328\/376|[from] item: Leftovers
|turn|9
|
|switch|p2a: Gyarados|Gyarados, F|394\/394 par
|-damage|p2a: Gyarados|296\/394 par|[from] Stealth Rock
|-ability|p2a: Gyarados|Intimidate|[of] p1a: Machamp
|-unboost|p1a: Machamp|atk|1
|move|p1a: Machamp|Bullet Punch|p2a: Gyarados
|-resisted|p2a: Gyarados
|-damage|p2a: Gyarados|285\/394 par
|
|-weather|Sandstorm|[upkeep]
|-damage|p1a: Machamp|219\/342|[from] sandstorm
|-damage|p2a: Gyarados|261\/394 par|[from] sandstorm
|-heal|p2a: Gyarados|285\/394 par|[from] item: Leftovers
|turn|10
|
|switch|p1a: Leafeon|Leafeon, M, shiny|334\/334
|-damage|p1a: Leafeon|293\/334|[from] Spikes
|switch|p2a: Hippowdon|Hippowdon, M|420\/420
|-damage|p2a: Hippowdon|394\/420|[from] Stealth Rock
|
|-weather|Sandstorm|[upkeep]
|-damage|p1a: Leafeon|273\/334|[from] sandstorm
|-heal|p1a: Leafeon|293\/334|[from] item: Leftovers
|-heal|p2a: Hippowdon|420\/420|[from] item: Leftovers
|turn|11
|
|move|p1a: Leafeon|Wish|p1a: Leafeon
|move|p2a: Hippowdon|Stealth Rock|p1a: Leafeon
|-sidestart|p1: juSmith|move: Stealth Rock
|
|-weather|Sandstorm|[upkeep]
|-damage|p1a: Leafeon|273\/334|[from] sandstorm
|-heal|p1a: Leafeon|293\/334|[from] item: Leftovers
|turn|12
|
|switch|p1a: Gengar|Gengar, M, shiny|112\/261
|-damage|p1a: Gengar|80\/261|[from] Stealth Rock
|switch|p2a: Forretress|Forretress, F|354\/354 par
|-damage|p2a: Forretress|310\/354 par|[from] Stealth Rock
|
|-heal|p1a: Gengar|210\/261|[from] move: Wish|[wisher] Leafeon
|-weather|Sandstorm|[upkeep]
|-damage|p1a: Gengar|194\/261|[from] sandstorm
|turn|13
|
|switch|p1a: Heatran|Heatran, M|362\/386
|-damage|p1a: Heatran|314\/386|[from] Spikes
|-damage|p1a: Heatran|266\/386|[from] Stealth Rock
|switch|p2a: Cradily|Cradily, M|328\/376
|-damage|p2a: Cradily|281\/376|[from] Stealth Rock
|
|-weather|Sandstorm|[upkeep]
|-heal|p1a: Heatran|290\/386|[from] item: Leftovers
|-heal|p2a: Cradily|304\/376|[from] item: Leftovers
|turn|14
|
|move|p1a: Heatran|Toxic|p2a: Cradily|[miss]
|-miss|p1a: Heatran|p2a: Cradily
|move|p2a: Cradily|Earthquake|p1a: Heatran
|-supereffective|p1a: Heatran
|-damage|p1a: Heatran|34\/386
|
|-weather|Sandstorm|[upkeep]
|-heal|p1a: Heatran|58\/386|[from] item: Leftovers
|-heal|p2a: Cradily|327\/376|[from] item: Leftovers
|turn|15
|
|switch|p1a: Kingdra|Kingdra, M, shiny|291\/291
|-damage|p1a: Kingdra|255\/291|[from] Stealth Rock
|-damage|p1a: Kingdra|219\/291|[from] Spikes
|move|p2a: Cradily|Earthquake|p1a: Kingdra
|-damage|p1a: Kingdra|150\/291
|
|-weather|Sandstorm|[upkeep]
|-damage|p1a: Kingdra|132\/291|[from] sandstorm
|-heal|p1a: Kingdra|150\/291|[from] item: Leftovers
|-heal|p2a: Cradily|350\/376|[from] item: Leftovers
|turn|16
|
|move|p1a: Kingdra|Dragon Dance|p1a: Kingdra
|-boost|p1a: Kingdra|atk|1
|-boost|p1a: Kingdra|spe|1
|move|p2a: Cradily|Earthquake|p1a: Kingdra
|-damage|p1a: Kingdra|78\/291
|
|-weather|Sandstorm|[upkeep]
|-damage|p1a: Kingdra|60\/291|[from] sandstorm
|-heal|p1a: Kingdra|78\/291|[from] item: Leftovers
|-heal|p2a: Cradily|373\/376|[from] item: Leftovers
|turn|17
|
|move|p1a: Kingdra|Waterfall|p2a: Cradily
|-damage|p2a: Cradily|177\/376
|move|p2a: Cradily|Earthquake|p1a: Kingdra
|-damage|p1a: Kingdra|11\/291
|
|-weather|Sandstorm|[upkeep]
|-damage|p1a: Kingdra|0 fnt|[from] sandstorm
|-heal|p2a: Cradily|200\/376|[from] item: Leftovers
|faint|p1a: Kingdra
|
|switch|p1a: Machamp|Machamp, M|219\/342
|-damage|p1a: Machamp|198\/342|[from] Stealth Rock
|-damage|p1a: Machamp|156\/342|[from] Spikes
|turn|18
|
|switch|p2a: Hippowdon|Hippowdon, M|420\/420
|-damage|p2a: Hippowdon|394\/420|[from] Stealth Rock
|move|p1a: Machamp|Stone Edge|p2a: Hippowdon
|-resisted|p2a: Hippowdon
|-damage|p2a: Hippowdon|352\/420
|
|-weather|Sandstorm|[upkeep]
|-damage|p1a: Machamp|135\/342|[from] sandstorm
|-heal|p2a: Hippowdon|378\/420|[from] item: Leftovers
|turn|19
|
|move|p1a: Machamp|Dynamic Punch|p2a: Hippowdon
|-damage|p2a: Hippowdon|242\/420
|-start|p2a: Hippowdon|confusion
|-activate|p2a: Hippowdon|confusion
|move|p2a: Hippowdon|Earthquake|p1a: Machamp
|-damage|p1a: Machamp|0 fnt
|faint|p1a: Machamp
|
|-weather|Sandstorm|[upkeep]
|-heal|p2a: Hippowdon|268\/420|[from] item: Leftovers
|
|switch|p1a: Gengar|Gengar, M, shiny|194\/261
|-damage|p1a: Gengar|162\/261|[from] Stealth Rock
|turn|20
|
|move|p1a: Gengar|Focus Blast|p2a: Hippowdon
|-damage|p2a: Hippowdon|144\/420
|-activate|p2a: Hippowdon|confusion
|-damage|p2a: Hippowdon|113\/420|[from] confusion
|
|-weather|Sandstorm|[upkeep]
|-damage|p1a: Gengar|146\/261|[from] sandstorm
|-heal|p2a: Hippowdon|139\/420|[from] item: Leftovers
|turn|21
|
|move|p1a: Gengar|Icy Wind|p2a: Hippowdon
|-supereffective|p2a: Hippowdon
|-damage|p2a: Hippowdon|7\/420
|-unboost|p2a: Hippowdon|spe|1
|-activate|p2a: Hippowdon|confusion
|-damage|p2a: Hippowdon|0 fnt|[from] confusion
|faint|p2a: Hippowdon
|
|-weather|Sandstorm|[upkeep]
|-damage|p1a: Gengar|130\/261|[from] sandstorm
|
|switch|p2a: Cradily|Cradily, M|200\/376
|-damage|p2a: Cradily|153\/376|[from] Stealth Rock
|turn|22
|
|switch|p1a: Leafeon|Leafeon, M, shiny|293\/334
|-damage|p1a: Leafeon|252\/334|[from] Stealth Rock
|-damage|p1a: Leafeon|211\/334|[from] Spikes
|move|p2a: Cradily|Rest|p2a: Cradily
|-status|p2a: Cradily|slp
|-heal|p2a: Cradily|376\/376 slp|[silent]
|-status|p2a: Cradily|slp|[from] move: Rest
|
|-weather|Sandstorm|[upkeep]
|-damage|p1a: Leafeon|191\/334|[from] sandstorm
|-heal|p1a: Leafeon|211\/334|[from] item: Leftovers
|turn|23
|
|switch|p2a: Forretress|Forretress, F|310\/354 par
|-damage|p2a: Forretress|266\/354 par|[from] Stealth Rock
|move|p1a: Leafeon|Leaf Blade|p2a: Forretress
|-resisted|p2a: Forretress
|-damage|p2a: Forretress|244\/354 par
|
|-weather|Sandstorm|[upkeep]
|-damage|p1a: Leafeon|191\/334|[from] sandstorm
|-heal|p1a: Leafeon|211\/334|[from] item: Leftovers
|turn|24
|
|move|p1a: Leafeon|Wish|p1a: Leafeon
|cant|p2a: Forretress|par
|
|-weather|Sandstorm|[upkeep]
|-damage|p1a: Leafeon|191\/334|[from] sandstorm
|-heal|p1a: Leafeon|211\/334|[from] item: Leftovers
|turn|25
|
|switch|p1a: Gengar|Gengar, M, shiny|130\/261
|-damage|p1a: Gengar|98\/261|[from] Stealth Rock
|move|p2a: Forretress|Rapid Spin|p1a: Gengar
|-immune|p1a: Gengar|[msg]
|
|-heal|p1a: Gengar|228\/261|[from] move: Wish|[wisher] Leafeon
|-weather|Sandstorm|[upkeep]
|-damage|p1a: Gengar|212\/261|[from] sandstorm
|turn|26
|
|switch|p2a: Cradily|Cradily, M|376\/376 slp
|-damage|p2a: Cradily|329\/376 slp|[from] Stealth Rock
|move|p1a: Gengar|Focus Blast|p2a: Cradily
|-supereffective|p2a: Cradily
|-damage|p2a: Cradily|163\/376 slp
|
|-weather|Sandstorm|[upkeep]
|-damage|p1a: Gengar|196\/261|[from] sandstorm
|-heal|p2a: Cradily|186\/376 slp|[from] item: Leftovers
|turn|27
|
|move|p1a: Gengar|Icy Wind|p2a: Cradily
|-supereffective|p2a: Cradily
|-damage|p2a: Cradily|114\/376 slp
|-unboost|p2a: Cradily|spe|1
|cant|p2a: Cradily|slp
|
|-weather|Sandstorm|[upkeep]
|-damage|p1a: Gengar|180\/261|[from] sandstorm
|-heal|p2a: Cradily|137\/376 slp|[from] item: Leftovers
|turn|28
|
|move|p1a: Gengar|Focus Blast|p2a: Cradily|[miss]
|-miss|p1a: Gengar|p2a: Cradily
|cant|p2a: Cradily|slp
|
|-weather|Sandstorm|[upkeep]
|-damage|p1a: Gengar|164\/261|[from] sandstorm
|-heal|p2a: Cradily|160\/376 slp|[from] item: Leftovers
|turn|29
|
|move|p1a: Gengar|Focus Blast|p2a: Cradily
|-supereffective|p2a: Cradily
|-damage|p2a: Cradily|9\/376 slp
|-curestatus|p2a: Cradily|slp
|move|p2a: Cradily|Rock Slide|p1a: Gengar
|-miss|p2a: Cradily|p1a: Gengar
|
|-weather|Sandstorm|[upkeep]
|-damage|p1a: Gengar|148\/261|[from] sandstorm
|-heal|p2a: Cradily|32\/376|[from] item: Leftovers
|turn|30
|
|move|p1a: Gengar|Shadow Ball|p2a: Cradily
|-damage|p2a: Cradily|0 fnt
|faint|p2a: Cradily
|
|-weather|Sandstorm|[upkeep]
|-damage|p1a: Gengar|132\/261|[from] sandstorm
|
|switch|p2a: Rotom-Wash|Rotom-Wash|304\/304
|-damage|p2a: Rotom-Wash|266\/304|[from] Stealth Rock
|turn|31
|
|switch|p1a: Blissey|Blissey, F|512\/714
|-damage|p1a: Blissey|423\/714|[from] Stealth Rock
|-damage|p1a: Blissey|334\/714|[from] Spikes
|move|p2a: Rotom-Wash|Discharge|p1a: Blissey
|-damage|p1a: Blissey|256\/714
|
|-weather|Sandstorm|[upkeep]
|-damage|p2a: Rotom-Wash|247\/304|[from] sandstorm
|-damage|p1a: Blissey|212\/714|[from] sandstorm
|-heal|p1a: Blissey|256\/714|[from] item: Leftovers
|turn|32
|
|move|p2a: Rotom-Wash|Light Screen|p2a: Rotom-Wash
|-sidestart|p2: LotsofSpaghetti713|move: Light Screen
|move|p1a: Blissey|Soft-Boiled|p1a: Blissey
|-heal|p1a: Blissey|613\/714
|
|-weather|Sandstorm|[upkeep]
|-damage|p2a: Rotom-Wash|228\/304|[from] sandstorm
|-damage|p1a: Blissey|569\/714|[from] sandstorm
|-heal|p1a: Blissey|613\/714|[from] item: Leftovers
|turn|33
|
|switch|p2a: Forretress|Forretress, F|244\/354 par
|-damage|p2a: Forretress|200\/354 par|[from] Stealth Rock
|move|p1a: Blissey|Thunder Wave|p2a: Forretress
|-fail|p2a: Forretress|par
|
|-weather|Sandstorm|[upkeep]
|-damage|p1a: Blissey|569\/714|[from] sandstorm
|-heal|p1a: Blissey|613\/714|[from] item: Leftovers
|turn|34
|
|move|p1a: Blissey|Seismic Toss|p2a: Forretress
|-damage|p2a: Forretress|100\/354 par
|move|p2a: Forretress|Rapid Spin|p1a: Blissey
|-damage|p1a: Blissey|587\/714
|-sideend|p2: LotsofSpaghetti713|Stealth Rock|[from] move: Rapid Spin|[of] p2a: Forretress
|
|-weather|Sandstorm|[upkeep]
|-damage|p1a: Blissey|543\/714|[from] sandstorm
|-heal|p1a: Blissey|587\/714|[from] item: Leftovers
|turn|35
|
|move|p1a: Blissey|Stealth Rock|p2a: Forretress
|-sidestart|p2: LotsofSpaghetti713|move: Stealth Rock
|move|p2a: Forretress|Rest|p2a: Forretress
|-status|p2a: Forretress|slp
|-heal|p2a: Forretress|354\/354 slp|[silent]
|-status|p2a: Forretress|slp|[from] move: Rest
|
|-weather|Sandstorm|[upkeep]
|-damage|p1a: Blissey|543\/714|[from] sandstorm
|-heal|p1a: Blissey|587\/714|[from] item: Leftovers
|turn|36
|
|switch|p1a: Leafeon|Leafeon, M, shiny|211\/334
|-damage|p1a: Leafeon|170\/334|[from] Stealth Rock
|-damage|p1a: Leafeon|129\/334|[from] Spikes
|cant|p2a: Forretress|slp
|
|-weather|Sandstorm|[upkeep]
|-damage|p1a: Leafeon|109\/334|[from] sandstorm
|-heal|p1a: Leafeon|129\/334|[from] item: Leftovers
|turn|37
|
|move|p1a: Leafeon|Wish|p1a: Leafeon
|cant|p2a: Forretress|slp
|
|-weather|Sandstorm|[upkeep]
|-damage|p1a: Leafeon|109\/334|[from] sandstorm
|-heal|p1a: Leafeon|129\/334|[from] item: Leftovers
|turn|38
|
|move|p1a: Leafeon|Wish|p1a: Leafeon
|-fail|p1a: Leafeon
|-curestatus|p2a: Forretress|slp
|move|p2a: Forretress|Rapid Spin|p1a: Leafeon
|-damage|p1a: Leafeon|120\/334
|-sideend|p2: LotsofSpaghetti713|Stealth Rock|[from] move: Rapid Spin|[of] p2a: Forretress
|
|-heal|p1a: Leafeon|287\/334|[from] move: Wish|[wisher] Leafeon
|-weather|Sandstorm|[upkeep]
|-damage|p1a: Leafeon|267\/334|[from] sandstorm
|-heal|p1a: Leafeon|287\/334|[from] item: Leftovers
|turn|39
|
|move|p1a: Leafeon|Wish|p1a: Leafeon
|move|p2a: Forretress|Spikes|p1a: Leafeon
|-sidestart|p1: juSmith|Spikes
|
|-weather|Sandstorm|[upkeep]
|-damage|p1a: Leafeon|267\/334|[from] sandstorm
|-heal|p1a: Leafeon|287\/334|[from] item: Leftovers
|-sideend|p2: LotsofSpaghetti713|move: Light Screen
|turn|40
|
|switch|p1a: Gengar|Gengar, M, shiny|132\/261
|-damage|p1a: Gengar|100\/261|[from] Stealth Rock
|move|p2a: Forretress|Explosion|p1a: Gengar
|-immune|p1a: Gengar|[msg]
|faint|p2a: Forretress
|
|-heal|p1a: Gengar|230\/261|[from] move: Wish|[wisher] Leafeon
|-weather|Sandstorm|[upkeep]
|-damage|p1a: Gengar|214\/261|[from] sandstorm
|
|switch|p2a: Lucario|Lucario, M|282\/282
|turn|41
|
|move|p1a: Gengar|Focus Blast|p2a: Lucario
|-supereffective|p2a: Lucario
|-enditem|p2a: Lucario|Focus Sash
|-damage|p2a: Lucario|1\/282
|move|p2a: Lucario|Crunch|p1a: Gengar
|-crit|p1a: Gengar
|-supereffective|p1a: Gengar
|-damage|p1a: Gengar|0 fnt
|faint|p1a: Gengar
|
|-weather|Sandstorm|[upkeep]
|
|switch|p1a: Leafeon|Leafeon, M, shiny|287\/334
|-damage|p1a: Leafeon|246\/334|[from] Stealth Rock
|-damage|p1a: Leafeon|191\/334|[from] Spikes
|turn|42
|
|move|p2a: Lucario|Close Combat|p1a: Leafeon
|-damage|p1a: Leafeon|74\/334
|-unboost|p2a: Lucario|def|1
|-unboost|p2a: Lucario|spd|1
|move|p1a: Leafeon|Wish|p1a: Leafeon
|
|-weather|Sandstorm|[upkeep]
|-damage|p1a: Leafeon|54\/334|[from] sandstorm
|-heal|p1a: Leafeon|74\/334|[from] item: Leftovers
|turn|43
|
|move|p1a: Leafeon|Protect|p1a: Leafeon
|-singleturn|p1a: Leafeon|Protect
|move|p2a: Lucario|Swords Dance|p2a: Lucario
|-boost|p2a: Lucario|atk|2
|
|-heal|p1a: Leafeon|241\/334|[from] move: Wish|[wisher] Leafeon
|-weather|Sandstorm|[upkeep]
|-damage|p1a: Leafeon|221\/334|[from] sandstorm
|-heal|p1a: Leafeon|241\/334|[from] item: Leftovers
|turn|44
|
|move|p2a: Lucario|Close Combat|p1a: Leafeon
|-damage|p1a: Leafeon|4\/334
|-unboost|p2a: Lucario|def|1
|-unboost|p2a: Lucario|spd|1
|move|p1a: Leafeon|Wish|p1a: Leafeon
|
|-weather|Sandstorm|[upkeep]
|-damage|p1a: Leafeon|0 fnt|[from] sandstorm
|faint|p1a: Leafeon
|
|switch|p1a: Heatran|Heatran, M|58\/386
|-damage|p1a: Heatran|0 fnt|[from] Spikes
|faint|p1a: Heatran
|-message|juSmith forfeited.
|leave|juSmith
|
|win|LotsofSpaghetti713
|raw|Ladder updating...
|player|p1
|raw|juSmith's rating: 1052 &rarr; <strong>1040<\/strong><br \/>(-12 for losing)
|raw|LotsofSpaghetti713's rating: 1167 &rarr; <strong>1184<\/strong><br \/>(+17 for winning)