|join|destroia
|join|LotsofSpaghetti713
|player|p1|destroia|80
|player|p2|LotsofSpaghetti713|101
|gametype|singles
|gen|6
|tier|OU (suspect test)
|rated
|clearpoke
|poke|p1|Sylveon, F
|poke|p1|Goodra, M
|poke|p1|Arcanine, M
|poke|p1|Gallade, M
|poke|p1|Mandibuzz, F
|poke|p1|Slowbro, F
|poke|p2|Blissey, F
|poke|p2|Wobbuffet, M
|poke|p2|Magnezone
|poke|p2|Pinsir, F
|poke|p2|Rotom-Wash
|poke|p2|Scizor, M
|rule|Swagger Clause: Swagger is banned
|rule|Baton Pass Clause: Limit one PokÃ©mon knowing Baton Pass
|rule|Sleep Clause Mod: Limit one foe put to sleep
|rule|Species Clause: Limit one of each PokÃ©mon
|rule|OHKO Clause: OHKO moves are banned
|rule|Moody Clause: Moody is banned
|rule|Evasion Moves Clause: Evasion moves are banned
|rule|Endless Battle Clause: Forcing endless battles is banned
|rule|HP Percentage Mod: HP is shown in percentages
|teampreview
|
|start
|switch|p1a: Arcanine|Arcanine, M|384\/384
|switch|p2a: Rotom-Wash|Rotom-Wash|241\/241
|-ability|p1a: Arcanine|Intimidate|[of] p2a: Rotom-Wash
|-unboost|p2a: Rotom-Wash|atk|1
|turn|1
|
|switch|p1a: Goodra|Goodra, M|345\/345
|move|p2a: Rotom-Wash|Hydro Pump|p1a: Goodra
|-resisted|p1a: Goodra
|-damage|p1a: Goodra|313\/345
|
|turn|2
|
|switch|p2a: Blissey|Blissey, F|714\/714
|move|p1a: Goodra|Dragon Pulse|p2a: Blissey
|-damage|p2a: Blissey|614\/714
|
|-heal|p2a: Blissey|658\/714|[from] item: Leftovers
|turn|3
|
|switch|p1a: Mandibuzz|Mandibuzz, F|424\/424
|move|p2a: Blissey|Stealth Rock|p1a: Mandibuzz
|-sidestart|p1: destroia|move: Stealth Rock
|
|-heal|p2a: Blissey|702\/714|[from] item: Leftovers
|turn|4
|
|switch|p2a: Magnezone|Magnezone|313\/313
|-item|p2a: Magnezone|Air Balloon
|move|p1a: Mandibuzz|Knock Off|p2a: Magnezone
|-crit|p2a: Magnezone
|-damage|p2a: Magnezone|201\/313
|-enditem|p2a: Magnezone|Air Balloon
|
|turn|5
|
|switch|p1a: Goodra|Goodra, M|313\/345
|-damage|p1a: Goodra|270\/345|[from] Stealth Rock
|move|p2a: Magnezone|Thunderbolt|p1a: Goodra
|-resisted|p1a: Goodra
|-damage|p1a: Goodra|237\/345
|
|turn|6
|
|switch|p2a: Blissey|Blissey, F|702\/714
|move|p1a: Goodra|Flamethrower|p2a: Blissey
|-damage|p2a: Blissey|623\/714
|
|-heal|p2a: Blissey|667\/714|[from] item: Leftovers
|turn|7
|
|switch|p1a: Gallade|Gallade, M|277\/277
|-damage|p1a: Gallade|260\/277|[from] Stealth Rock
|move|p2a: Blissey|Seismic Toss|p1a: Gallade
|-damage|p1a: Gallade|160\/277
|
|-heal|p2a: Blissey|711\/714|[from] item: Leftovers
|turn|8
|
|detailschange|p1a: Gallade|Gallade-Mega, M
|-mega|p1a: Gallade|Gallade|Galladite
|move|p1a: Gallade|Close Combat|p2a: Blissey
|-supereffective|p2a: Blissey
|-damage|p2a: Blissey|0 fnt
|-unboost|p1a: Gallade|def|1
|-unboost|p1a: Gallade|spd|1
|faint|p2a: Blissey
|
|
|switch|p2a: Scizor|Scizor, M|343\/343
|turn|9
|
|switch|p1a: Arcanine|Arcanine, M|384\/384
|-damage|p1a: Arcanine|288\/384|[from] Stealth Rock
|-ability|p1a: Arcanine|Intimidate|[of] p2a: Scizor
|-unboost|p2a: Scizor|atk|1
|move|p2a: Scizor|Bullet Punch|p1a: Arcanine
|-crit|p1a: Arcanine
|-resisted|p1a: Arcanine
|-damage|p1a: Arcanine|149\/384
|
|-heal|p1a: Arcanine|173\/384|[from] item: Leftovers
|turn|10
|
|switch|p2a: Rotom-Wash|Rotom-Wash|241\/241
|move|p1a: Arcanine|Will-O-Wisp|p2a: Rotom-Wash
|-status|p2a: Rotom-Wash|brn
|
|-heal|p1a: Arcanine|197\/384|[from] item: Leftovers
|-damage|p2a: Rotom-Wash|211\/241 brn|[from] brn
|turn|11
|
|switch|p1a: Sylveon|Sylveon, F|361\/361
|-damage|p1a: Sylveon|316\/361|[from] Stealth Rock
|move|p2a: Rotom-Wash|Volt Switch|p1a: Sylveon
|-damage|p1a: Sylveon|234\/361
|
|switch|p2a: Magnezone|Magnezone|201\/313
|
|-heal|p1a: Sylveon|256\/361|[from] item: Leftovers
|turn|12
|
|move|p2a: Magnezone|Flash Cannon|p1a: Sylveon
|-supereffective|p1a: Sylveon
|-damage|p1a: Sylveon|46\/361
|move|p1a: Sylveon|Wish|p1a: Sylveon
|
|-heal|p1a: Sylveon|68\/361|[from] item: Leftovers
|turn|13
|
|switch|p1a: Arcanine|Arcanine, M|197\/384
|-damage|p1a: Arcanine|101\/384|[from] Stealth Rock
|-ability|p1a: Arcanine|Intimidate|[of] p2a: Magnezone
|-unboost|p2a: Magnezone|atk|1
|move|p2a: Magnezone|Flash Cannon|p1a: Arcanine
|-resisted|p1a: Arcanine
|-damage|p1a: Arcanine|8\/384
|
|-heal|p1a: Arcanine|188\/384|[from] move: Wish|[wisher] Sylveon
|-heal|p1a: Arcanine|212\/384|[from] item: Leftovers
|turn|14
|
|move|p1a: Arcanine|Will-O-Wisp|p2a: Magnezone
|-status|p2a: Magnezone|brn
|move|p2a: Magnezone|Thunderbolt|p1a: Arcanine
|-damage|p1a: Arcanine|16\/384
|
|-heal|p1a: Arcanine|40\/384|[from] item: Leftovers
|-damage|p2a: Magnezone|162\/313 brn|[from] brn
|turn|15
|
|switch|p2a: Rotom-Wash|Rotom-Wash|211\/241 brn
|move|p1a: Arcanine|Morning Sun|p1a: Arcanine
|-heal|p1a: Arcanine|232\/384
|
|-heal|p1a: Arcanine|256\/384|[from] item: Leftovers
|-damage|p2a: Rotom-Wash|181\/241 brn|[from] brn
|turn|16
|
|switch|p1a: Goodra|Goodra, M|237\/345
|-damage|p1a: Goodra|194\/345|[from] Stealth Rock
|move|p2a: Rotom-Wash|Hydro Pump|p1a: Goodra
|-resisted|p1a: Goodra
|-damage|p1a: Goodra|158\/345
|
|-damage|p2a: Rotom-Wash|151\/241 brn|[from] brn
|turn|17
|
|switch|p2a: Magnezone|Magnezone|162\/313 brn
|move|p1a: Goodra|Flamethrower|p2a: Magnezone
|-supereffective|p2a: Magnezone
|-damage|p2a: Magnezone|0 fnt
|faint|p2a: Magnezone
|
|
|switch|p2a: Scizor|Scizor, M|343\/343
|turn|18
|
|move|p2a: Scizor|Bullet Punch|p1a: Goodra
|-damage|p1a: Goodra|0 fnt
|-unboost|p2a: Scizor|spe|1
|faint|p1a: Goodra
|
|
|switch|p1a: Arcanine|Arcanine, M|256\/384
|-damage|p1a: Arcanine|160\/384|[from] Stealth Rock
|-ability|p1a: Arcanine|Intimidate|[of] p2a: Scizor
|-unboost|p2a: Scizor|atk|1
|turn|19
|
|switch|p2a: Rotom-Wash|Rotom-Wash|151\/241 brn
|move|p1a: Arcanine|Flare Blitz|p2a: Rotom-Wash
|-resisted|p2a: Rotom-Wash
|-damage|p2a: Rotom-Wash|63\/241 brn
|-damage|p1a: Arcanine|131\/384|[from] recoil|[of] p2a: Rotom-Wash
|
|-heal|p1a: Arcanine|155\/384|[from] item: Leftovers
|-damage|p2a: Rotom-Wash|33\/241 brn|[from] brn
|turn|20
|
|move|p1a: Arcanine|Extreme Speed|p2a: Rotom-Wash
|-damage|p2a: Rotom-Wash|0 fnt
|faint|p2a: Rotom-Wash
|
|-heal|p1a: Arcanine|179\/384|[from] item: Leftovers
|
|switch|p2a: Wobbuffet|Wobbuffet, M|534\/534
|turn|21
|
|move|p1a: Arcanine|Will-O-Wisp|p2a: Wobbuffet
|-status|p2a: Wobbuffet|brn
|move|p2a: Wobbuffet|Encore|p1a: Arcanine
|-start|p1a: Arcanine|Encore
|
|-heal|p1a: Arcanine|203\/384|[from] item: Leftovers
|-damage|p2a: Wobbuffet|468\/534 brn|[from] brn
|turn|22
|
|move|p1a: Arcanine|Will-O-Wisp|p2a: Wobbuffet
|-fail|p2a: Wobbuffet|brn
|move|p2a: Wobbuffet|Safeguard|p2a: Wobbuffet
|-sidestart|p2: LotsofSpaghetti713|Safeguard
|
|-heal|p1a: Arcanine|227\/384|[from] item: Leftovers
|-damage|p2a: Wobbuffet|402\/534 brn|[from] brn
|turn|23
|
|switch|p2a: Pinsir|Pinsir, F|272\/272
|move|p1a: Arcanine|Will-O-Wisp|p2a: Pinsir
|-fail|p2a: Pinsir
|
|-heal|p1a: Arcanine|251\/384|[from] item: Leftovers
|turn|24
|
|switch|p1a: Slowbro|Slowbro, F|393\/393
|-damage|p1a: Slowbro|344\/393|[from] Stealth Rock
|detailschange|p2a: Pinsir|Pinsir-Mega, F
|-mega|p2a: Pinsir|Pinsir|Pinsirite
|move|p2a: Pinsir|Swords Dance|p2a: Pinsir
|-boost|p2a: Pinsir|atk|2
|
|turn|25
|
|move|p2a: Pinsir|Return|p1a: Slowbro
|-damage|p1a: Slowbro|0 fnt
|-damage|p2a: Pinsir|227\/272|[from] item: Rocky Helmet|[of] p1a: Slowbro
|faint|p1a: Slowbro
|
|c|âLotsofSpaghetti713|gg
|
|switch|p1a: Arcanine|Arcanine, M|251\/384
|-damage|p1a: Arcanine|155\/384|[from] Stealth Rock
|-ability|p1a: Arcanine|Intimidate|[of] p2a: Pinsir
|-unboost|p2a: Pinsir|atk|1
|turn|26
|
|switch|p1a: Sylveon|Sylveon, F|68\/361
|-damage|p1a: Sylveon|23\/361|[from] Stealth Rock
|move|p2a: Pinsir|Quick Attack|p1a: Sylveon
|-crit|p1a: Sylveon
|-damage|p1a: Sylveon|0 fnt
|faint|p1a: Sylveon
|
|-sideend|p2: LotsofSpaghetti713|Safeguard
|
|switch|p1a: Mandibuzz|Mandibuzz, F|424\/424
|-damage|p1a: Mandibuzz|318\/424|[from] Stealth Rock
|turn|27
|
|move|p2a: Pinsir|Return|p1a: Mandibuzz
|-damage|p1a: Mandibuzz|3\/424
|move|p1a: Mandibuzz|Foul Play|p2a: Pinsir
|-damage|p2a: Pinsir|0 fnt
|faint|p2a: Pinsir
|
|-heal|p1a: Mandibuzz|29\/424|[from] item: Leftovers
|
|switch|p2a: Scizor|Scizor, M|343\/343
|turn|28
|
|move|p2a: Scizor|Bullet Punch|p1a: Mandibuzz
|-damage|p1a: Mandibuzz|0 fnt
|faint|p1a: Mandibuzz
|
|c|âLotsofSpaghetti713|wob is beast
|
|switch|p1a: Arcanine|Arcanine, M|155\/384
|-damage|p1a: Arcanine|59\/384|[from] Stealth Rock
|-ability|p1a: Arcanine|Intimidate|[of] p2a: Scizor
|-unboost|p2a: Scizor|atk|1
|turn|29
|
|switch|p2a: Wobbuffet|Wobbuffet, M|402\/534 brn
|move|p1a: Arcanine|Morning Sun|p1a: Arcanine
|-heal|p1a: Arcanine|251\/384
|
|-heal|p1a: Arcanine|275\/384|[from] item: Leftovers
|-damage|p2a: Wobbuffet|336\/534 brn|[from] brn
|turn|30
|
|move|p1a: Arcanine|Flare Blitz|p2a: Wobbuffet
|-damage|p2a: Wobbuffet|147\/534 brn
|-damage|p1a: Arcanine|213\/384|[from] recoil|[of] p2a: Wobbuffet
|-enditem|p2a: Wobbuffet|Sitrus Berry|[eat]
|-heal|p2a: Wobbuffet|280\/534 brn|[from] item: Sitrus Berry
|move|p2a: Wobbuffet|Counter|p1a: Arcanine
|-damage|p1a: Arcanine|0 fnt
|faint|p1a: Arcanine
|
|-damage|p2a: Wobbuffet|214\/534 brn|[from] brn
|
|switch|p1a: Gallade|Gallade-Mega, M|160\/277
|-damage|p1a: Gallade|143\/277|[from] Stealth Rock
|turn|31
|
|move|p1a: Gallade|Psycho Cut|p2a: Wobbuffet
|-resisted|p2a: Wobbuffet
|-damage|p2a: Wobbuffet|134\/534 brn
|move|p2a: Wobbuffet|Encore|p1a: Gallade
|-start|p1a: Gallade|Encore
|
|-damage|p2a: Wobbuffet|68\/534 brn|[from] brn
|turn|32
|
|move|p1a: Gallade|Psycho Cut|p2a: Wobbuffet
|-resisted|p2a: Wobbuffet
|-damage|p2a: Wobbuffet|0 fnt
|faint|p2a: Wobbuffet
|
|
|switch|p2a: Scizor|Scizor, M|343\/343
|turn|33
|
|move|p2a: Scizor|Bullet Punch|p1a: Gallade
|-crit|p1a: Gallade
|-damage|p1a: Gallade|0 fnt
|faint|p1a: Gallade
|
|win|LotsofSpaghetti713
|raw|Ladder updating...
|raw|destroia's rating: 1386 &rarr; <strong>1359<\/strong><br \/>(-27 for losing)
|raw|LotsofSpaghetti713's rating: 1269 &rarr; <strong>1302<\/strong><br \/>(+33 for winning)
|leave|destroia
|player|p1