|join|LotsofSpaghetti713
|join|Nododo
|player|p1|LotsofSpaghetti713|265
|player|p2|Nododo|255
|gametype|singles
|gen|6
|tier|OU (suspect test)
|rated
|clearpoke
|poke|p1|Hippowdon, M
|poke|p1|Excadrill, M
|poke|p1|Ninetales, M
|poke|p1|Venusaur, M
|poke|p1|Politoed, M
|poke|p1|Swampert, M
|poke|p2|Scolipede, M
|poke|p2|Latias, F
|poke|p2|Azumarill, F
|poke|p2|Victini
|poke|p2|Excadrill, F
|poke|p2|Venusaur, F
|rule|Swagger Clause: Swagger is banned
|rule|Baton Pass Clause: Limit one PokÃ©mon knowing Baton Pass
|rule|Sleep Clause Mod: Limit one foe put to sleep
|rule|Species Clause: Limit one of each PokÃ©mon
|rule|OHKO Clause: OHKO moves are banned
|rule|Moody Clause: Moody is banned
|rule|Evasion Moves Clause: Evasion moves are banned
|rule|Endless Battle Clause: Forcing endless battles is banned
|rule|HP Percentage Mod: HP is shown in percentages
|teampreview
|
|start
|switch|p1a: Hippowdon|Hippowdon, M|419\/419
|switch|p2a: Azumarill|Azumarill, F|402\/402
|-weather|Sandstorm
|turn|1
|
|switch|p1a: Politoed|Politoed, M|384\/384
|-weather|RainDance
|move|p2a: Azumarill|Belly Drum|p2a: Azumarill
|-damage|p2a: Azumarill|201\/402
|-setboost|p2a: Azumarill|atk|6|[from] move: Belly Drum
|-enditem|p2a: Azumarill|Sitrus Berry|[eat]
|-heal|p2a: Azumarill|301\/402|[from] item: Sitrus Berry
|
|-weather|RainDance|[upkeep]
|turn|2
|
|move|p1a: Politoed|Toxic|p2a: Azumarill
|-status|p2a: Azumarill|tox
|move|p2a: Azumarill|Play Rough|p1a: Politoed
|-damage|p1a: Politoed|0 fnt
|faint|p1a: Politoed
|
|-weather|RainDance|[upkeep]
|-damage|p2a: Azumarill|276\/402 tox|[from] psn
|
|switch|p1a: Ninetales|Ninetales, M|288\/288
|-weather|SunnyDay
|turn|3
|
|move|p1a: Ninetales|Fire Blast|p2a: Azumarill
|-resisted|p2a: Azumarill
|-damage|p2a: Azumarill|157\/402 tox
|move|p2a: Azumarill|Waterfall|p1a: Ninetales
|-supereffective|p1a: Ninetales
|-damage|p1a: Ninetales|0 fnt
|faint|p1a: Ninetales
|
|-weather|SunnyDay|[upkeep]
|-damage|p2a: Azumarill|107\/402 tox|[from] psn
|
|switch|p1a: Venusaur|Venusaur, M|319\/319
|turn|4
|
|move|p2a: Azumarill|Aqua Jet|p1a: Venusaur
|-resisted|p1a: Venusaur
|-damage|p1a: Venusaur|223\/319
|move|p1a: Venusaur|Giga Drain|p2a: Azumarill
|-supereffective|p2a: Azumarill
|-damage|p2a: Azumarill|0 fnt
|-heal|p1a: Venusaur|277\/319|[from] drain|[of] p2a: Azumarill
|-damage|p1a: Venusaur|246\/319|[from] item: Life Orb
|faint|p2a: Azumarill
|
|-weather|SunnyDay|[upkeep]
|
|switch|p2a: Victini|Victini|341\/341
|turn|5
|
|move|p1a: Venusaur|Sludge Bomb|p2a: Victini
|-damage|p2a: Victini|156\/341
|-damage|p1a: Venusaur|215\/319|[from] item: Life Orb
|move|p2a: Victini|Blue Flare|p1a: Venusaur
|-supereffective|p1a: Venusaur
|-damage|p1a: Venusaur|0 fnt
|faint|p1a: Venusaur
|
|-weather|SunnyDay|[upkeep]
|
|switch|p1a: Swampert|Swampert, M|367\/367
|turn|6
|
|detailschange|p1a: Swampert|Swampert-Mega, M
|-mega|p1a: Swampert|Swampert|Swampertite
|move|p2a: Victini|Blue Flare|p1a: Swampert
|-resisted|p1a: Swampert
|-damage|p1a: Swampert|232\/367
|move|p1a: Swampert|Earthquake|p2a: Victini
|-supereffective|p2a: Victini
|-damage|p2a: Victini|0 fnt
|faint|p2a: Victini
|
|-weather|SunnyDay|[upkeep]
|
|switch|p2a: Venusaur|Venusaur, F|301\/301
|turn|7
|
|switch|p1a: Hippowdon|Hippowdon, M|419\/419
|-weather|Sandstorm
|move|p2a: Venusaur|Giga Drain|p1a: Hippowdon
|-supereffective|p1a: Hippowdon
|-damage|p1a: Hippowdon|125\/419
|
|-weather|Sandstorm|[upkeep]
|-damage|p2a: Venusaur|283\/301|[from] sandstorm
|turn|8
|
|detailschange|p2a: Venusaur|Venusaur-Mega, F
|-mega|p2a: Venusaur|Venusaur|Venusaurite
|move|p2a: Venusaur|Giga Drain|p1a: Hippowdon
|-supereffective|p1a: Hippowdon
|-damage|p1a: Hippowdon|0 fnt
|-heal|p2a: Venusaur|301\/301|[from] drain|[of] p1a: Hippowdon
|faint|p1a: Hippowdon
|
|-weather|Sandstorm|[upkeep]
|-damage|p2a: Venusaur|283\/301|[from] sandstorm
|
|switch|p1a: Excadrill|Excadrill, M|374\/374
|turn|9
|
|move|p1a: Excadrill|Swords Dance|p1a: Excadrill
|-boost|p1a: Excadrill|atk|2
|move|p2a: Venusaur|Giga Drain|p1a: Excadrill
|-damage|p1a: Excadrill|187\/374
|-heal|p2a: Venusaur|301\/301|[from] drain|[of] p1a: Excadrill
|
|-weather|Sandstorm|[upkeep]
|-damage|p2a: Venusaur|283\/301|[from] sandstorm
|turn|10
|
|move|p1a: Excadrill|Earthquake|p2a: Venusaur
|-damage|p2a: Venusaur|0 fnt
|-damage|p1a: Excadrill|150\/374|[from] item: Life Orb
|faint|p2a: Venusaur
|
|-weather|Sandstorm|[upkeep]
|
|switch|p2a: Latias|Latias, F|363\/363
|turn|11
|
|move|p1a: Excadrill|Iron Head|p2a: Latias
|-damage|p2a: Latias|0 fnt
|-damage|p1a: Excadrill|113\/374|[from] item: Life Orb
|faint|p2a: Latias
|
|-weather|Sandstorm|[upkeep]
|
|switch|p2a: Scolipede|Scolipede, M|265\/265
|turn|12
|
|move|p1a: Excadrill|Earthquake|p2a: Scolipede
|-damage|p2a: Scolipede|0 fnt
|-damage|p1a: Excadrill|76\/374|[from] item: Life Orb
|faint|p2a: Scolipede
|
|-weather|Sandstorm|[upkeep]
|c|âLotsofSpaghetti713|gg
|
|switch|p2a: Excadrill|Excadrill, F|423\/423
|-ability|p2a: Excadrill|Mold Breaker
|turn|13
|c|âNododo|gg
|
|move|p1a: Excadrill|Earthquake|p2a: Excadrill
|-supereffective|p2a: Excadrill
|-damage|p2a: Excadrill|0 fnt
|-damage|p1a: Excadrill|39\/374|[from] item: Life Orb
|faint|p2a: Excadrill
|
|win|LotsofSpaghetti713
|raw|Ladder updating...
|raw|LotsofSpaghetti713's rating: 1252 &rarr; <strong>1270<\/strong><br \/>(+18 for winning)
|raw|Nododo's rating: 1148 &rarr; <strong>1130<\/strong><br \/>(-18 for losing)