|join|dais it mane
|join|trythroughwalls
|player|p1|dais it mane|102
|player|p2|trythroughwalls|169
|gametype|singles
|gen|6
|tier|OU
|rated
|clearpoke
|poke|p1|Metagross
|poke|p1|Landorus, M
|poke|p1|Bisharp, M
|poke|p1|Diggersby, F
|poke|p1|Keldeo
|poke|p1|Conkeldurr, M
|poke|p2|Starmie
|poke|p2|Skarmory, F
|poke|p2|Quagsire, F
|poke|p2|Amoonguss, M
|poke|p2|Sableye, M
|poke|p2|Chansey, F
|rule|Swagger Clause: Swagger is banned
|rule|Baton Pass Clause: Limit one PokÃ©mon knowing Baton Pass
|rule|Sleep Clause Mod: Limit one foe put to sleep
|rule|Species Clause: Limit one of each PokÃ©mon
|rule|OHKO Clause: OHKO moves are banned
|rule|Moody Clause: Moody is banned
|rule|Evasion Moves Clause: Evasion moves are banned
|rule|Endless Battle Clause: Forcing endless battles is banned
|rule|HP Percentage Mod: HP is shown in percentages
|teampreview
|
|start
|switch|p1a: Conkeldurr|Conkeldurr, M|414\/414
|switch|p2a: Sableye|Sableye, M|304\/304
|turn|1
|
|detailschange|p2a: Sableye|Sableye-Mega, M
|-mega|p2a: Sableye|Sableye|Sablenite
|move|p2a: Sableye|Toxic|p1a: Conkeldurr
|-status|p1a: Conkeldurr|tox
|move|p1a: Conkeldurr|Ice Punch|p2a: Sableye
|-damage|p2a: Sableye|200\/304
|
|-damage|p1a: Conkeldurr|389\/414 tox|[from] psn
|turn|2
|
|move|p1a: Conkeldurr|Ice Punch|p2a: Sableye
|-damage|p2a: Sableye|81\/304
|-status|p2a: Sableye|frz
|-curestatus|p2a: Sableye|frz
|move|p2a: Sableye|Recover|p2a: Sableye
|-heal|p2a: Sableye|233\/304
|
|-damage|p1a: Conkeldurr|339\/414 tox|[from] psn
|turn|3
|
|move|p1a: Conkeldurr|Ice Punch|p2a: Sableye
|-damage|p2a: Sableye|126\/304
|-status|p2a: Sableye|frz
|cant|p2a: Sableye|frz
|
|-damage|p1a: Conkeldurr|264\/414 tox|[from] psn
|turn|4
|
|switch|p1a: Diggersby|Diggersby, F|312\/312
|switch|p2a: Chansey|Chansey, F|703\/703
|
|turn|5
|
|move|p1a: Diggersby|Return|p2a: Chansey
|-damage|p2a: Chansey|214\/703
|move|p2a: Chansey|Stealth Rock|p1a: Diggersby
|-sidestart|p1: dais it mane|move: Stealth Rock
|
|turn|6
|
|switch|p1a: Keldeo|Keldeo|324\/324
|-damage|p1a: Keldeo|304\/324|[from] Stealth Rock
|switch|p2a: Skarmory|Skarmory, F|334\/334
|
|turn|7
|
|switch|p1a: Metagross|Metagross|302\/302
|-damage|p1a: Metagross|284\/302|[from] Stealth Rock
|switch|p2a: Amoonguss|Amoonguss, M|432\/432
|
|turn|8
|
|switch|p1a: Bisharp|Bisharp, M|272\/272
|-damage|p1a: Bisharp|255\/272|[from] Stealth Rock
|switch|p2a: Sableye|Sableye-Mega, M|126\/304 frz
|
|turn|9
|
|switch|p2a: Quagsire|Quagsire, F|394\/394
|move|p1a: Bisharp|Iron Head|p2a: Quagsire
|-resisted|p2a: Quagsire
|-damage|p2a: Quagsire|338\/394
|
|-heal|p2a: Quagsire|362\/394|[from] item: Leftovers
|turn|10
|
|switch|p2a: Starmie|Starmie|324\/324
|move|p1a: Bisharp|Stealth Rock|p2a: Starmie
|-sidestart|p2: trythroughwalls|move: Stealth Rock
|
|turn|11
|
|move|p2a: Starmie|Reflect Type|p1a: Bisharp
|-start|p2a: Starmie|typechange|[from] move: Reflect Type|[of] p1a: Bisharp
|move|p1a: Bisharp|Knock Off|p2a: Starmie
|-resisted|p2a: Starmie
|-damage|p2a: Starmie|225\/324
|-enditem|p2a: Starmie|Leftovers|[from] move: Knock Off|[of] p1a: Bisharp
|
|turn|12
|
|switch|p1a: Conkeldurr|Conkeldurr, M|264\/414 tox
|-damage|p1a: Conkeldurr|239\/414 tox|[from] Stealth Rock
|move|p2a: Starmie|Rapid Spin|p1a: Conkeldurr
|-damage|p1a: Conkeldurr|228\/414 tox
|-sideend|p2: trythroughwalls|Stealth Rock|[from] move: Rapid Spin|[of] p2a: Starmie
|
|-damage|p1a: Conkeldurr|203\/414 tox|[from] psn
|turn|13
|
|move|p2a: Starmie|Reflect Type|p1a: Conkeldurr
|-start|p2a: Starmie|typechange|[from] move: Reflect Type|[of] p1a: Conkeldurr
|move|p1a: Conkeldurr|Drain Punch|p2a: Starmie
|-damage|p2a: Starmie|0 fnt
|-heal|p1a: Conkeldurr|316\/414 tox|[from] drain|[of] p2a: Starmie
|faint|p2a: Starmie
|
|-damage|p1a: Conkeldurr|266\/414 tox|[from] psn
|-message|trythroughwalls forfeited.
|
|win|dais it mane
|raw|Ladder updating...
|leave|trythroughwalls
|player|p2
|raw|dais it mane's rating: 1639 &rarr; <strong>1657<\/strong><br \/>(+18 for winning)
|raw|trythroughwalls's rating: 1604 &rarr; <strong>1586<\/strong><br \/>(-18 for losing)