|join|Kolu
|join|dais it mane
|player|p1|Kolu|290
|player|p2|dais it mane|1
|gametype|singles
|gen|6
|tier|OU
|rated
|clearpoke
|poke|p1|Serperior, M
|poke|p1|Thundurus, M
|poke|p1|Landorus, M
|poke|p1|Zapdos
|poke|p1|Latios, M
|poke|p1|Altaria, M
|poke|p2|Keldeo
|poke|p2|Diancie
|poke|p2|Landorus-Therian, M
|poke|p2|Diggersby, M
|poke|p2|Bisharp, M
|poke|p2|Azumarill, F
|rule|Swagger Clause: Swagger is banned
|rule|Baton Pass Clause: Limit one PokÃ©mon knowing Baton Pass
|rule|Sleep Clause Mod: Limit one foe put to sleep
|rule|Species Clause: Limit one of each PokÃ©mon
|rule|OHKO Clause: OHKO moves are banned
|rule|Moody Clause: Moody is banned
|rule|Evasion Moves Clause: Evasion moves are banned
|rule|Endless Battle Clause: Forcing endless battles is banned
|rule|HP Percentage Mod: HP is shown in percentages
|teampreview
|
|start
|switch|p1a: Serperior|Serperior, M|291\/291
|switch|p2a: Bisharp|Bisharp, M|272\/272
|turn|1
|
|switch|p1a: Zapdos|Zapdos|384\/384
|-ability|p1a: Zapdos|Pressure
|move|p2a: Bisharp|Stealth Rock|p1a: Zapdos
|-sidestart|p1: Kolu|move: Stealth Rock
|
|turn|2
|
|move|p2a: Bisharp|Knock Off|p1a: Zapdos
|-damage|p1a: Zapdos|197\/384
|-enditem|p1a: Zapdos|Leftovers|[from] move: Knock Off|[of] p2a: Bisharp
|move|p1a: Zapdos|Heat Wave|p2a: Bisharp
|-supereffective|p2a: Bisharp
|-damage|p2a: Bisharp|42\/272
|-status|p2a: Bisharp|brn
|
|-damage|p2a: Bisharp|8\/272 brn|[from] brn
|turn|3
|
|switch|p2a: Diggersby|Diggersby, M|312\/312
|move|p1a: Zapdos|Defog|p2a: Diggersby
|-unboost|p2a: Diggersby|evasion|1
|-sideend|p1: Kolu|Stealth Rock|[from] move: Defog|[of] p1a: Zapdos
|
|turn|4
|
|move|p2a: Diggersby|Return|p1a: Zapdos
|-damage|p1a: Zapdos|0 fnt
|faint|p1a: Zapdos
|
|
|switch|p1a: Serperior|Serperior, M|291\/291
|turn|5
|
|switch|p2a: Bisharp|Bisharp, M|8\/272 brn
|move|p1a: Serperior|Leaf Storm|p2a: Bisharp
|-resisted|p2a: Bisharp
|-damage|p2a: Bisharp|0 fnt
|-boost|p1a: Serperior|spa|2
|-damage|p1a: Serperior|262\/291|[from] item: Life Orb
|faint|p2a: Bisharp
|
|
|switch|p2a: Landorus-Therian|Landorus-Therian, M|319\/319
|-ability|p2a: Landorus-Therian|Intimidate|[of] p1a: Serperior
|-boost|p1a: Serperior|atk|1
|turn|6
|
|move|p2a: Landorus-Therian|Explosion|p1a: Serperior
|-damage|p1a: Serperior|0 fnt
|faint|p2a: Landorus-Therian
|faint|p1a: Serperior
|
|
|switch|p1a: Landorus|Landorus, M|319\/319
|switch|p2a: Azumarill|Azumarill, F|342\/342
|turn|7
|
|move|p1a: Landorus|Earth Power|p2a: Azumarill
|-damage|p2a: Azumarill|22\/342
|-enditem|p2a: Azumarill|Sitrus Berry|[eat]
|-heal|p2a: Azumarill|107\/342|[from] item: Sitrus Berry
|move|p2a: Azumarill|Play Rough|p1a: Landorus
|-damage|p1a: Landorus|94\/319
|
|turn|8
|
|switch|p1a: Latios|Latios, M|301\/301
|move|p2a: Azumarill|Aqua Jet|p1a: Latios
|-resisted|p1a: Latios
|-damage|p1a: Latios|241\/301
|
|turn|9
|
|move|p1a: Latios|Psyshock|p2a: Azumarill
|-damage|p2a: Azumarill|0 fnt
|-damage|p1a: Latios|211\/301|[from] item: Life Orb
|faint|p2a: Azumarill
|
|
|switch|p2a: Diancie|Diancie|241\/241
|turn|10
|
|detailschange|p2a: Diancie|Diancie-Mega
|-mega|p2a: Diancie|Diancie|Diancite
|move|p2a: Diancie|Protect|p2a: Diancie
|-singleturn|p2a: Diancie|Protect
|move|p1a: Latios|Earthquake|p2a: Diancie
|-activate|p2a: Diancie|Protect
|
|turn|11
|
|move|p2a: Diancie|Moonblast|p1a: Latios
|-supereffective|p1a: Latios
|-damage|p1a: Latios|0 fnt
|faint|p1a: Latios
|
|
|switch|p1a: Thundurus|Thundurus, M|299\/299
|turn|12
|
|move|p1a: Thundurus|Hidden Power|p2a: Diancie
|-damage|p2a: Diancie|150\/241
|-damage|p1a: Thundurus|270\/299|[from] item: Life Orb
|move|p2a: Diancie|Diamond Storm|p1a: Thundurus
|-supereffective|p1a: Thundurus
|-damage|p1a: Thundurus|0 fnt
|faint|p1a: Thundurus
|
|
|switch|p1a: Altaria|Altaria, M|307\/307
|turn|13
|
|detailschange|p1a: Altaria|Altaria-Mega, M
|-mega|p1a: Altaria|Altaria|Altarianite
|move|p2a: Diancie|Moonblast|p1a: Altaria
|-supereffective|p1a: Altaria
|-damage|p1a: Altaria|0 fnt
|faint|p1a: Altaria
|
|
|switch|p1a: Landorus|Landorus, M|94\/319
|turn|14
|c|âdais it mane|princess coming through
|
|move|p2a: Diancie|Moonblast|p1a: Landorus
|-damage|p1a: Landorus|0 fnt
|faint|p1a: Landorus
|
|win|dais it mane
|raw|Ladder updating...
|raw|Kolu's rating: 1614 &rarr; <strong>1594<\/strong><br \/>(-20 for losing)
|raw|dais it mane's rating: 1623 &rarr; <strong>1643<\/strong><br \/>(+20 for winning)
|leave|Kolu
|player|p1