|join|Purifier
|join|dit dus
|player|p1|Purifier|134
|player|p2|dit dus|170
|gametype|singles
|gen|6
|tier|ORAS OU
|rated
|rule|Sleep Clause Mod: Limit one foe put to sleep
|rule|Species Clause: Limit one of each PokÃ©mon
|rule|OHKO Clause: OHKO moves are banned
|rule|Moody Clause: Moody is banned
|rule|Evasion Moves Clause: Evasion moves are banned
|rule|Endless Battle Clause: Forcing endless battles is banned
|rule|HP Percentage Mod: HP is shown in percentages
|clearpoke
|poke|p1|Metagross, shiny
|poke|p1|Mew
|poke|p1|Gengar, M, shiny
|poke|p1|Chansey, F
|poke|p1|Kyurem-Black, shiny
|poke|p1|Landorus-Therian, M
|poke|p2|Charizard, M
|poke|p2|Azumarill, F
|poke|p2|Ferrothorn, M
|poke|p2|Landorus-Therian, M
|poke|p2|Latios, M
|poke|p2|Magnezone
|rule|Swagger Clause: Swagger is banned
|rule|Baton Pass Clause: Limit one PokÃ©mon knowing Baton Pass
|teampreview
|
|start
|switch|p1a: Rawr|Landorus-Therian, M|320\/320
|switch|p2a: Charizard|Charizard, M|316\/316
|-ability|p1a: Rawr|Intimidate|[of] p2a: Charizard
|-unboost|p2a: Charizard|atk|1
|turn|1
|
|switch|p2a: Ferrothorn|Ferrothorn, M|352\/352
|move|p1a: Rawr|Earthquake|p2a: Ferrothorn
|-damage|p2a: Ferrothorn|237\/352
|
|-heal|p2a: Ferrothorn|259\/352|[from] item: Leftovers
|turn|2
|
|move|p1a: Rawr|Stealth Rock|p2a: Ferrothorn
|-sidestart|p2: dit dus|move: Stealth Rock
|move|p2a: Ferrothorn|Leech Seed|p1a: Rawr
|-start|p1a: Rawr|move: Leech Seed
|
|-heal|p2a: Ferrothorn|281\/352|[from] item: Leftovers
|-damage|p1a: Rawr|280\/320|[from] Leech Seed|[of] p2a: Ferrothorn
|-heal|p2a: Ferrothorn|321\/352|[silent]
|turn|3
|
|move|p1a: Rawr|Knock Off|p2a: Ferrothorn
|-damage|p2a: Ferrothorn|246\/352
|-damage|p1a: Rawr|240\/320|[from] ability: Iron Barbs|[of] p2a: Ferrothorn
|-enditem|p2a: Ferrothorn|Leftovers|[from] move: Knock Off|[of] p1a: Rawr
|move|p2a: Ferrothorn|Stealth Rock|p1a: Rawr
|-sidestart|p1: Purifier|move: Stealth Rock
|
|-heal|p1a: Rawr|260\/320|[from] item: Leftovers
|-damage|p1a: Rawr|220\/320|[from] Leech Seed|[of] p2a: Ferrothorn
|-heal|p2a: Ferrothorn|286\/352|[silent]
|turn|4
|
|move|p1a: Rawr|U-turn|p2a: Ferrothorn
|-damage|p2a: Ferrothorn|229\/352
|-damage|p1a: Rawr|180\/320|[from] ability: Iron Barbs|[of] p2a: Ferrothorn
|
|switch|p1a: Bruh|Mew|370\/370
|-damage|p1a: Bruh|324\/370|[from] Stealth Rock
|move|p2a: Ferrothorn|Power Whip|p1a: Bruh
|-damage|p1a: Bruh|219\/370
|
|-heal|p1a: Bruh|242\/370|[from] item: Leftovers
|turn|5
|
|switch|p2a: Charizard|Charizard, M|316\/316
|-damage|p2a: Charizard|158\/316|[from] Stealth Rock
|move|p1a: Bruh|Taunt|p2a: Charizard
|-start|p2a: Charizard|move: Taunt
|
|-heal|p1a: Bruh|265\/370|[from] item: Leftovers
|turn|6
|
|detailschange|p2a: Charizard|Charizard-Mega-X, M
|message|Charizard has Mega Evolved into Mega Charizard!
|move|p2a: Charizard|Dragon Claw|p1a: Bruh
|-damage|p1a: Bruh|99\/370
|move|p1a: Bruh|Knock Off|p2a: Charizard
|-damage|p2a: Charizard|109\/316
|
|-heal|p1a: Bruh|122\/370|[from] item: Leftovers
|turn|7
|
|switch|p1a: Rawr|Landorus-Therian, M|180\/320
|-damage|p1a: Rawr|140\/320|[from] Stealth Rock
|-ability|p1a: Rawr|Intimidate|[of] p2a: Charizard
|-unboost|p2a: Charizard|atk|1
|move|p2a: Charizard|Dragon Claw|p1a: Rawr
|-damage|p1a: Rawr|0 fnt
|faint|p1a: Rawr
|
|
|switch|p1a: wat do|Gengar, M, shiny|262\/262
|-damage|p1a: wat do|230\/262|[from] Stealth Rock
|turn|8
|
|switch|p2a: Ferrothorn|Ferrothorn, M|229\/352
|-damage|p2a: Ferrothorn|207\/352|[from] Stealth Rock
|move|p1a: wat do|Shadow Ball|p2a: Ferrothorn
|-damage|p2a: Ferrothorn|89\/352
|
|-heal|p1a: wat do|246\/262|[from] item: Leftovers
|turn|9
|
|move|p1a: wat do|Substitute|p1a: wat do
|-start|p1a: wat do|Substitute
|-damage|p1a: wat do|181\/262
|move|p2a: Ferrothorn|Power Whip|p1a: wat do|[miss]
|-miss|p2a: Ferrothorn|p1a: wat do
|
|-heal|p1a: wat do|197\/262|[from] item: Leftovers
|turn|10
|
|move|p1a: wat do|Shadow Ball|p2a: Ferrothorn
|-damage|p2a: Ferrothorn|0 fnt
|faint|p2a: Ferrothorn
|
|-heal|p1a: wat do|213\/262|[from] item: Leftovers
|
|switch|p2a: Magnezone|Magnezone|300\/300
|-damage|p2a: Magnezone|282\/300|[from] Stealth Rock
|turn|11
|
|move|p1a: wat do|Shadow Ball|p2a: Magnezone
|-damage|p2a: Magnezone|125\/300
|move|p2a: Magnezone|Volt Switch|p1a: wat do
|-end|p1a: wat do|Substitute
|
|switch|p2a: Landorus-Therian|Landorus-Therian, M|319\/319
|-damage|p2a: Landorus-Therian|280\/319|[from] Stealth Rock
|-ability|p2a: Landorus-Therian|Intimidate|[of] p1a: wat do
|-unboost|p1a: wat do|atk|1
|
|-heal|p1a: wat do|229\/262|[from] item: Leftovers
|turn|12
|
|switch|p1a: Bruh|Mew|122\/370
|-damage|p1a: Bruh|76\/370|[from] Stealth Rock
|move|p2a: Landorus-Therian|Knock Off|p1a: Bruh
|-supereffective|p1a: Bruh
|-damage|p1a: Bruh|0 fnt
|-enditem|p1a: Bruh|Leftovers|[from] move: Knock Off|[of] p2a: Landorus-Therian
|faint|p1a: Bruh
|
|
|switch|p1a: Ebolagross|Metagross, shiny|302\/302
|-damage|p1a: Ebolagross|284\/302|[from] Stealth Rock
|turn|13
|
|switch|p2a: Charizard|Charizard-Mega-X, M|109\/316
|-damage|p2a: Charizard|30\/316|[from] Stealth Rock
|detailschange|p1a: Ebolagross|Metagross-Mega, shiny
|message|Metagross has Mega Evolved into Mega Metagross!
|move|p1a: Ebolagross|Meteor Mash|p2a: Charizard
|-resisted|p2a: Charizard
|-damage|p2a: Charizard|0 fnt
|faint|p2a: Charizard
|
|
|switch|p2a: Magnezone|Magnezone|125\/300
|-damage|p2a: Magnezone|107\/300|[from] Stealth Rock
|turn|14
|
|move|p1a: Ebolagross|Earthquake|p2a: Magnezone
|-supereffective|p2a: Magnezone
|-damage|p2a: Magnezone|0 fnt
|faint|p2a: Magnezone
|
|
|switch|p2a: Landorus-Therian|Landorus-Therian, M|280\/319
|-damage|p2a: Landorus-Therian|241\/319|[from] Stealth Rock
|-ability|p2a: Landorus-Therian|Intimidate|[of] p1a: Ebolagross
|-unboost|p1a: Ebolagross|atk|1
|turn|15
|
|switch|p1a: Chansey|Chansey, F|704\/704
|-damage|p1a: Chansey|616\/704|[from] Stealth Rock
|move|p2a: Landorus-Therian|Knock Off|p1a: Chansey
|-damage|p1a: Chansey|449\/704
|-enditem|p1a: Chansey|Eviolite|[from] move: Knock Off|[of] p2a: Landorus-Therian
|
|turn|16
|
|switch|p2a: Azumarill|Azumarill, F|401\/401
|-damage|p2a: Azumarill|351\/401|[from] Stealth Rock
|move|p1a: Chansey|Wish|p1a: Chansey
|
|turn|17
|
|switch|p2a: Landorus-Therian|Landorus-Therian, M|241\/319
|-damage|p2a: Landorus-Therian|202\/319|[from] Stealth Rock
|-ability|p2a: Landorus-Therian|Intimidate|[of] p1a: Chansey
|-unboost|p1a: Chansey|atk|1
|move|p1a: Chansey|Thunder Wave|p2a: Landorus-Therian
|-immune|p2a: Landorus-Therian|[msg]
|
|-heal|p1a: Chansey|704\/704|[from] move: Wish|[wisher] Chansey
|turn|18
|
|move|p2a: Landorus-Therian|Earthquake|p1a: Chansey
|-damage|p1a: Chansey|250\/704
|move|p1a: Chansey|Seismic Toss|p2a: Landorus-Therian
|-damage|p2a: Landorus-Therian|102\/319
|
|turn|19
|
|switch|p2a: Latios|Latios, M|302\/302
|-damage|p2a: Latios|265\/302|[from] Stealth Rock
|move|p1a: Chansey|Seismic Toss|p2a: Latios
|-damage|p2a: Latios|165\/302
|
|turn|20
|
|move|p2a: Latios|Psyshock|p1a: Chansey
|-damage|p1a: Chansey|0 fnt
|-damage|p2a: Latios|135\/302|[from] item: Life Orb
|faint|p1a: Chansey
|
|
|switch|p1a: Ebolagross|Metagross-Mega, shiny|284\/302
|-damage|p1a: Ebolagross|266\/302|[from] Stealth Rock
|turn|21
|
|move|p2a: Latios|Earthquake|p1a: Ebolagross
|-supereffective|p1a: Ebolagross
|-damage|p1a: Ebolagross|136\/302
|-damage|p2a: Latios|105\/302|[from] item: Life Orb
|move|p1a: Ebolagross|Meteor Mash|p2a: Latios
|-damage|p2a: Latios|0 fnt
|faint|p2a: Latios
|
|
|switch|p2a: Azumarill|Azumarill, F|351\/401
|-damage|p2a: Azumarill|301\/401|[from] Stealth Rock
|turn|22
|
|move|p1a: Ebolagross|Meteor Mash|p2a: Azumarill
|-damage|p2a: Azumarill|45\/401
|move|p2a: Azumarill|Waterfall|p1a: Ebolagross
|-damage|p1a: Ebolagross|19\/302
|
|turn|23
|
|move|p1a: Ebolagross|Bullet Punch|p2a: Azumarill
|-damage|p2a: Azumarill|0 fnt
|faint|p2a: Azumarill
|
|
|switch|p2a: Landorus-Therian|Landorus-Therian, M|102\/319
|-damage|p2a: Landorus-Therian|63\/319|[from] Stealth Rock
|-ability|p2a: Landorus-Therian|Intimidate|[of] p1a: Ebolagross
|-unboost|p1a: Ebolagross|atk|1
|turn|24
|
|move|p1a: Ebolagross|Bullet Punch|p2a: Landorus-Therian
|-damage|p2a: Landorus-Therian|0 fnt
|faint|p2a: Landorus-Therian
|
|win|Purifier
|raw|Ladder updating...
|raw|Purifier's rating: 1169 &rarr; <strong>1199<\/strong><br \/>(+30 for winning)
|raw|dit dus's rating: 1244 &rarr; <strong>1213<\/strong><br \/>(-31 for losing)
|c|âdit dus|gg
|leave|dit dus
|player|p2
|c|âPurifier|gg