|join|dit dus
|join|franco kanonblaze
|player|p1|dit dus|265
|player|p2|franco kanonblaze|281
|gametype|singles
|gen|6
|tier|OU
|rated
|clearpoke
|poke|p1|Keldeo-Resolute
|poke|p1|Landorus-Therian, M
|poke|p1|Slowbro, F
|poke|p1|Ferrothorn, M
|poke|p1|Togekiss, M
|poke|p1|Latios, M
|poke|p2|Vaporeon, F
|poke|p2|Latios, M
|poke|p2|Venusaur, M
|poke|p2|Scizor, F
|poke|p2|Landorus, M
|poke|p2|Heatran, F
|rule|Swagger Clause: Swagger is banned
|rule|Baton Pass Clause: Limit one PokÃ©mon knowing Baton Pass
|rule|Sleep Clause Mod: Limit one foe put to sleep
|rule|Species Clause: Limit one of each PokÃ©mon
|rule|OHKO Clause: OHKO moves are banned
|rule|Moody Clause: Moody is banned
|rule|Evasion Moves Clause: Evasion moves are banned
|rule|Endless Battle Clause: Forcing endless battles is banned
|rule|HP Percentage Mod: HP is shown in percentages
|teampreview
|
|start
|switch|p1a: Latios|Latios, M|301\/301
|switch|p2a: Latios|Latios, M|302\/302
|turn|1
|
|switch|p1a: Ferrothorn|Ferrothorn, M|352\/352
|move|p2a: Latios|Draco Meteor|p1a: Ferrothorn
|-resisted|p1a: Ferrothorn
|-damage|p1a: Ferrothorn|273\/352
|-unboost|p2a: Latios|spa|2
|
|-heal|p1a: Ferrothorn|295\/352|[from] item: Leftovers
|turn|2
|
|switch|p2a: Landorus|Landorus, M|320\/320
|switch|p1a: Togekiss|Togekiss, M|312\/312
|
|turn|3
|
|move|p1a: Togekiss|Air Slash|p2a: Landorus
|-damage|p2a: Landorus|175\/320
|cant|p2a: Landorus|flinch
|
|turn|4
|
|switch|p1a: Landorus-Therian|Landorus-Therian, M|382\/382
|-ability|p1a: Landorus-Therian|Intimidate|[of] p2a: Landorus
|-unboost|p2a: Landorus|atk|1
|move|p2a: Landorus|Sludge Wave|p1a: Landorus-Therian
|-resisted|p1a: Landorus-Therian
|-damage|p1a: Landorus-Therian|279\/382
|
|-heal|p1a: Landorus-Therian|302\/382|[from] item: Leftovers
|turn|5
|
|move|p2a: Landorus|Hidden Power|p1a: Landorus-Therian
|-supereffective|p1a: Landorus-Therian
|-damage|p1a: Landorus-Therian|0 fnt
|-damage|p2a: Landorus|143\/320|[from] item: Life Orb
|faint|p1a: Landorus-Therian
|
|
|switch|p1a: Togekiss|Togekiss, M|312\/312
|turn|6
|
|switch|p2a: Vaporeon|Vaporeon, F|464\/464
|move|p1a: Togekiss|Air Slash|p2a: Vaporeon
|-damage|p2a: Vaporeon|341\/464
|
|-heal|p2a: Vaporeon|370\/464|[from] item: Leftovers
|turn|7
|
|switch|p1a: Keldeo-Resolute|Keldeo-Resolute|323\/323
|move|p2a: Vaporeon|Wish|p2a: Vaporeon
|
|-heal|p2a: Vaporeon|399\/464|[from] item: Leftovers
|turn|8
|
|switch|p2a: Venusaur|Venusaur, M|351\/351
|move|p1a: Keldeo-Resolute|Substitute|p1a: Keldeo-Resolute
|-start|p1a: Keldeo-Resolute|Substitute
|-damage|p1a: Keldeo-Resolute|243\/323
|
|-heal|p1a: Keldeo-Resolute|263\/323|[from] item: Leftovers
|turn|9
|
|detailschange|p2a: Venusaur|Venusaur-Mega, M
|message|Venusaur has Mega Evolved into Mega Venusaur!
|move|p1a: Keldeo-Resolute|Scald|p2a: Venusaur
|-resisted|p2a: Venusaur
|-damage|p2a: Venusaur|293\/351
|move|p2a: Venusaur|Giga Drain|p1a: Keldeo-Resolute
|-supereffective|p1a: Keldeo-Resolute
|-end|p1a: Keldeo-Resolute|Substitute
|-heal|p2a: Venusaur|333\/351|[from] drain|[of] p1a: Keldeo-Resolute
|
|-heal|p1a: Keldeo-Resolute|283\/323|[from] item: Leftovers
|turn|10
|
|switch|p1a: Ferrothorn|Ferrothorn, M|295\/352
|move|p2a: Venusaur|Sleep Powder|p1a: Ferrothorn
|-fail|p1a: Ferrothorn
|
|-heal|p1a: Ferrothorn|317\/352|[from] item: Leftovers
|turn|11
|
|switch|p1a: Togekiss|Togekiss, M|312\/312
|move|p2a: Venusaur|Hidden Power|p1a: Togekiss
|-damage|p1a: Togekiss|242\/312
|
|turn|12
|
|switch|p2a: Vaporeon|Vaporeon, F|399\/464
|move|p1a: Togekiss|Air Slash|p2a: Vaporeon
|-damage|p2a: Vaporeon|258\/464
|
|-heal|p2a: Vaporeon|287\/464|[from] item: Leftovers
|turn|13
|
|move|p1a: Togekiss|Air Slash|p2a: Vaporeon
|-damage|p2a: Vaporeon|146\/464
|move|p2a: Vaporeon|Toxic|p1a: Togekiss
|-status|p1a: Togekiss|tox
|
|-heal|p2a: Vaporeon|175\/464|[from] item: Leftovers
|-damage|p1a: Togekiss|223\/312 tox|[from] psn
|turn|14
|
|move|p1a: Togekiss|Air Slash|p2a: Vaporeon
|-damage|p2a: Vaporeon|43\/464
|cant|p2a: Vaporeon|flinch
|
|-heal|p2a: Vaporeon|72\/464|[from] item: Leftovers
|-damage|p1a: Togekiss|185\/312 tox|[from] psn
|turn|15
|
|move|p2a: Vaporeon|Protect|p2a: Vaporeon
|-singleturn|p2a: Vaporeon|Protect
|move|p1a: Togekiss|Air Slash|p2a: Vaporeon
|-activate|p2a: Vaporeon|Protect
|
|-heal|p2a: Vaporeon|101\/464|[from] item: Leftovers
|-damage|p1a: Togekiss|128\/312 tox|[from] psn
|turn|16
|
|move|p2a: Vaporeon|Protect|p2a: Vaporeon
|-singleturn|p2a: Vaporeon|Protect
|move|p1a: Togekiss|Air Slash|p2a: Vaporeon
|-activate|p2a: Vaporeon|Protect
|
|-heal|p2a: Vaporeon|130\/464|[from] item: Leftovers
|-damage|p1a: Togekiss|52\/312 tox|[from] psn
|turn|17
|
|move|p2a: Vaporeon|Protect|p2a: Vaporeon
|-fail|p2a: Vaporeon
|move|p1a: Togekiss|Air Slash|p2a: Vaporeon
|-damage|p2a: Vaporeon|6\/464
|
|-heal|p2a: Vaporeon|35\/464|[from] item: Leftovers
|-damage|p1a: Togekiss|0 fnt|[from] psn
|faint|p1a: Togekiss
|
|switch|p1a: Keldeo-Resolute|Keldeo-Resolute|283\/323
|turn|18
|
|move|p1a: Keldeo-Resolute|Substitute|p1a: Keldeo-Resolute
|-start|p1a: Keldeo-Resolute|Substitute
|-damage|p1a: Keldeo-Resolute|203\/323
|move|p2a: Vaporeon|Wish|p2a: Vaporeon
|
|-heal|p1a: Keldeo-Resolute|223\/323|[from] item: Leftovers
|-heal|p2a: Vaporeon|64\/464|[from] item: Leftovers
|turn|19
|
|switch|p2a: Venusaur|Venusaur-Mega, M|333\/351
|move|p1a: Keldeo-Resolute|Calm Mind|p1a: Keldeo-Resolute
|-boost|p1a: Keldeo-Resolute|spa|1
|-boost|p1a: Keldeo-Resolute|spd|1
|
|-heal|p2a: Venusaur|351\/351|[from] move: Wish|[wisher] Vaporeon
|-heal|p1a: Keldeo-Resolute|243\/323|[from] item: Leftovers
|turn|20
|
|move|p1a: Keldeo-Resolute|Calm Mind|p1a: Keldeo-Resolute
|-boost|p1a: Keldeo-Resolute|spa|1
|-boost|p1a: Keldeo-Resolute|spd|1
|move|p2a: Venusaur|Giga Drain|p1a: Keldeo-Resolute
|-supereffective|p1a: Keldeo-Resolute
|-end|p1a: Keldeo-Resolute|Substitute
|
|-heal|p1a: Keldeo-Resolute|263\/323|[from] item: Leftovers
|turn|21
|
|move|p1a: Keldeo-Resolute|Substitute|p1a: Keldeo-Resolute
|-start|p1a: Keldeo-Resolute|Substitute
|-damage|p1a: Keldeo-Resolute|183\/323
|move|p2a: Venusaur|Giga Drain|p1a: Keldeo-Resolute
|-supereffective|p1a: Keldeo-Resolute
|-end|p1a: Keldeo-Resolute|Substitute
|
|-heal|p1a: Keldeo-Resolute|203\/323|[from] item: Leftovers
|turn|22
|
|move|p1a: Keldeo-Resolute|Substitute|p1a: Keldeo-Resolute
|-start|p1a: Keldeo-Resolute|Substitute
|-damage|p1a: Keldeo-Resolute|123\/323
|move|p2a: Venusaur|Giga Drain|p1a: Keldeo-Resolute
|-supereffective|p1a: Keldeo-Resolute
|-end|p1a: Keldeo-Resolute|Substitute
|
|-heal|p1a: Keldeo-Resolute|143\/323|[from] item: Leftovers
|turn|23
|
|move|p1a: Keldeo-Resolute|Scald|p2a: Venusaur
|-resisted|p2a: Venusaur
|-damage|p2a: Venusaur|240\/351
|-status|p2a: Venusaur|brn
|move|p2a: Venusaur|Giga Drain|p1a: Keldeo-Resolute
|-crit|p1a: Keldeo-Resolute
|-supereffective|p1a: Keldeo-Resolute
|-damage|p1a: Keldeo-Resolute|0 fnt
|-heal|p2a: Venusaur|312\/351 brn|[from] drain|[of] p1a: Keldeo-Resolute
|faint|p1a: Keldeo-Resolute
|
|-damage|p2a: Venusaur|269\/351 brn|[from] brn
|
|switch|p1a: Latios|Latios, M|301\/301
|turn|24
|
|switch|p2a: Vaporeon|Vaporeon, F|64\/464
|move|p1a: Latios|Draco Meteor|p2a: Vaporeon
|-damage|p2a: Vaporeon|0 fnt
|-unboost|p1a: Latios|spa|2
|-damage|p1a: Latios|271\/301|[from] item: Life Orb
|faint|p2a: Vaporeon
|
|
|switch|p2a: Latios|Latios, M|302\/302
|turn|25
|
|switch|p1a: Slowbro|Slowbro, F|394\/394
|move|p2a: Latios|Trick|p1a: Slowbro
|-activate|p2a: Latios|move: Trick|[of] p1a: Slowbro
|-item|p1a: Slowbro|Choice Scarf|[from] move: Trick
|-item|p2a: Latios|Leftovers|[from] move: Trick
|
|turn|26
|
|switch|p2a: Scizor|Scizor, F|344\/344
|move|p1a: Slowbro|Scald|p2a: Scizor
|-damage|p2a: Scizor|235\/344
|
|turn|27
|
|move|p2a: Scizor|U-turn|p1a: Slowbro
|-supereffective|p1a: Slowbro
|-damage|p1a: Slowbro|194\/394
|
|switch|p2a: Latios|Latios, M|302\/302
|move|p1a: Slowbro|Scald|p2a: Latios
|-resisted|p2a: Latios
|-damage|p2a: Latios|260\/302
|
|-heal|p2a: Latios|278\/302|[from] item: Leftovers
|turn|28
|
|switch|p1a: Ferrothorn|Ferrothorn, M|317\/352
|move|p2a: Latios|Draco Meteor|p1a: Ferrothorn
|-resisted|p1a: Ferrothorn
|-damage|p1a: Ferrothorn|242\/352
|-unboost|p2a: Latios|spa|2
|
|-heal|p2a: Latios|296\/302|[from] item: Leftovers
|-heal|p1a: Ferrothorn|264\/352|[from] item: Leftovers
|turn|29
|
|switch|p2a: Heatran|Heatran, F|342\/342
|-item|p2a: Heatran|Air Balloon
|move|p1a: Ferrothorn|Thunder Wave|p2a: Heatran
|-status|p2a: Heatran|par
|
|-heal|p1a: Ferrothorn|286\/352|[from] item: Leftovers
|turn|30
|
|switch|p1a: Slowbro|Slowbro, F|325\/394
|move|p2a: Heatran|Stealth Rock|p1a: Slowbro
|-sidestart|p1: dit dus|move: Stealth Rock
|
|turn|31
|
|switch|p2a: Venusaur|Venusaur-Mega, M|269\/351 brn
|move|p1a: Slowbro|Scald|p2a: Venusaur
|-resisted|p2a: Venusaur
|-damage|p2a: Venusaur|232\/351 brn
|
|-damage|p2a: Venusaur|189\/351 brn|[from] brn
|turn|32
|
|switch|p1a: Latios|Latios, M|271\/301
|-damage|p1a: Latios|234\/301|[from] Stealth Rock
|move|p2a: Venusaur|Sludge Bomb|p1a: Latios
|-damage|p1a: Latios|68\/301
|
|-damage|p2a: Venusaur|146\/351 brn|[from] brn
|turn|33
|
|switch|p2a: Landorus|Landorus, M|143\/320
|move|p1a: Latios|Recover|p1a: Latios
|-heal|p1a: Latios|219\/301
|
|turn|34
|
|move|p1a: Latios|Draco Meteor|p2a: Landorus
|-damage|p2a: Landorus|0 fnt
|-unboost|p1a: Latios|spa|2
|-damage|p1a: Latios|189\/301|[from] item: Life Orb
|faint|p2a: Landorus
|
|
|switch|p2a: Scizor|Scizor, F|235\/344
|turn|35
|
|switch|p1a: Ferrothorn|Ferrothorn, M|286\/352
|-damage|p1a: Ferrothorn|264\/352|[from] Stealth Rock
|move|p2a: Scizor|Swords Dance|p2a: Scizor
|-boost|p2a: Scizor|atk|2
|
|-heal|p1a: Ferrothorn|286\/352|[from] item: Leftovers
|turn|36
|
|move|p2a: Scizor|Knock Off|p1a: Ferrothorn
|-damage|p1a: Ferrothorn|74\/352
|-damage|p2a: Scizor|192\/344|[from] ability: Iron Barbs|[of] p1a: Ferrothorn
|-enditem|p1a: Ferrothorn|Leftovers|[from] move: Knock Off|[of] p2a: Scizor
|move|p1a: Ferrothorn|Leech Seed|p2a: Scizor
|-start|p2a: Scizor|move: Leech Seed
|
|-damage|p2a: Scizor|149\/344|[from] Leech Seed|[of] p1a: Ferrothorn
|-heal|p1a: Ferrothorn|117\/352|[silent]
|turn|37
|
|move|p1a: Ferrothorn|Protect|p1a: Ferrothorn
|-singleturn|p1a: Ferrothorn|Protect
|move|p2a: Scizor|U-turn|p1a: Ferrothorn
|-activate|p1a: Ferrothorn|Protect
|
|-damage|p2a: Scizor|106\/344|[from] Leech Seed|[of] p1a: Ferrothorn
|-heal|p1a: Ferrothorn|160\/352|[silent]
|turn|38
|
|move|p1a: Ferrothorn|Protect|p1a: Ferrothorn
|-fail|p1a: Ferrothorn
|move|p2a: Scizor|U-turn|p1a: Ferrothorn
|-damage|p1a: Ferrothorn|0 fnt
|-damage|p2a: Scizor|63\/344|[from] ability: Iron Barbs|[of] p1a: Ferrothorn
|faint|p1a: Ferrothorn
|
|switch|p2a: Heatran|Heatran, F|342\/342 par
|-item|p2a: Heatran|Air Balloon
|
|
|switch|p1a: Slowbro|Slowbro, F|394\/394
|-damage|p1a: Slowbro|345\/394|[from] Stealth Rock
|turn|39
|
|move|p1a: Slowbro|Scald|p2a: Heatran
|-supereffective|p2a: Heatran
|-damage|p2a: Heatran|168\/342 par
|-enditem|p2a: Heatran|Air Balloon
|move|p2a: Heatran|Lava Plume|p1a: Slowbro
|-resisted|p1a: Slowbro
|-damage|p1a: Slowbro|252\/394
|
|turn|40
|
|move|p1a: Slowbro|Scald|p2a: Heatran
|-supereffective|p2a: Heatran
|-damage|p2a: Heatran|0 fnt
|faint|p2a: Heatran
|
|
|switch|p2a: Latios|Latios, M|296\/302
|turn|41
|
|move|p2a: Latios|Draco Meteor|p1a: Slowbro
|-damage|p1a: Slowbro|0 fnt
|-unboost|p2a: Latios|spa|2
|faint|p1a: Slowbro
|
|-heal|p2a: Latios|302\/302|[from] item: Leftovers
|
|switch|p1a: Latios|Latios, M|189\/301
|-damage|p1a: Latios|152\/301|[from] Stealth Rock
|turn|42
|
|switch|p2a: Venusaur|Venusaur-Mega, M|146\/351 brn
|move|p1a: Latios|Recover|p1a: Latios
|-heal|p1a: Latios|301\/301
|
|-damage|p2a: Venusaur|103\/351 brn|[from] brn
|turn|43
|
|move|p1a: Latios|Draco Meteor|p2a: Venusaur|[miss]
|-miss|p1a: Latios|p2a: Venusaur
|move|p2a: Venusaur|Sleep Powder|p1a: Latios
|-status|p1a: Latios|slp
|
|-damage|p2a: Venusaur|60\/351 brn|[from] brn
|turn|44
|
|cant|p1a: Latios|slp
|move|p2a: Venusaur|Sludge Bomb|p1a: Latios
|-damage|p1a: Latios|141\/301 slp
|
|-damage|p2a: Venusaur|17\/351 brn|[from] brn
|turn|45
|
|cant|p1a: Latios|slp
|move|p2a: Venusaur|Sludge Bomb|p1a: Latios
|-damage|p1a: Latios|0 fnt
|faint|p1a: Latios
|
|win|franco kanonblaze
|raw|Ladder updating...
|raw|dit dus's rating: 1583 &rarr; <strong>1565<\/strong><br \/>(-18 for losing)
|raw|franco kanonblaze's rating: 1611 &rarr; <strong>1630<\/strong><br \/>(+19 for winning)
|c|âfranco kanonblaze|gg
|c|âdit dus|gg
|leave|dit dus
|player|p1