|join|Dit dus
|join|zsting
|player|p1|Dit dus|266
|player|p2|zsting|143
|gametype|singles
|gen|6
|tier|OU
|rated
|clearpoke
|poke|p1|Tornadus-Therian, M
|poke|p1|Jirachi
|poke|p1|Rotom-Wash
|poke|p1|Garchomp, M
|poke|p1|Heracross, F
|poke|p1|Clefable, F
|poke|p2|Cottonee, M
|poke|p2|Azelf
|poke|p2|Gothitelle, F
|poke|p2|Smeargle, F
|poke|p2|Espeon, F
|poke|p2|Whimsicott, M
|rule|Swagger Clause: Swagger is banned
|rule|Baton Pass Clause: Limit one PokÃ©mon knowing Baton Pass
|rule|Sleep Clause Mod: Limit one foe put to sleep
|rule|Species Clause: Limit one of each PokÃ©mon
|rule|OHKO Clause: OHKO moves are banned
|rule|Moody Clause: Moody is banned
|rule|Evasion Moves Clause: Evasion moves are banned
|rule|Endless Battle Clause: Forcing endless battles is banned
|rule|HP Percentage Mod: HP is shown in percentages
|teampreview
|
|start
|switch|p1a: Garchomp|Garchomp, M|357\/357
|switch|p2a: Cottonee|Cottonee, M|284\/284
|turn|1
|
|move|p2a: Cottonee|Taunt|p1a: Garchomp
|-start|p1a: Garchomp|move: Taunt
|move|p1a: Garchomp|Fire Blast|p2a: Cottonee
|-supereffective|p2a: Cottonee
|-damage|p2a: Cottonee|20\/284
|
|turn|2
|
|move|p2a: Cottonee|Tailwind|p2a: Cottonee
|-sidestart|p2: zsting|move: Tailwind
|move|p1a: Garchomp|Earthquake|p2a: Cottonee
|-resisted|p2a: Cottonee
|-damage|p2a: Cottonee|0 fnt
|faint|p2a: Cottonee
|
|
|switch|p2a: Azelf|Azelf|354\/354
|turn|3
|
|switch|p1a: Jirachi|Jirachi|341\/341
|move|p2a: Azelf|Reflect|p2a: Azelf
|-sidestart|p2: zsting|Reflect
|
|turn|4
|
|move|p2a: Azelf|Taunt|p1a: Jirachi
|-start|p1a: Jirachi|move: Taunt
|move|p1a: Jirachi|Iron Head|p2a: Azelf
|-damage|p2a: Azelf|275\/354
|
|turn|5
|
|move|p2a: Azelf|Light Screen|p2a: Azelf
|-sidestart|p2: zsting|move: Light Screen
|move|p1a: Jirachi|Iron Head|p2a: Azelf
|-damage|p2a: Azelf|188\/354
|
|-sideend|p2: zsting|move: Tailwind
|turn|6
|
|move|p1a: Jirachi|Iron Head|p2a: Azelf
|-damage|p2a: Azelf|107\/354
|cant|p2a: Azelf|flinch
|
|-end|p1a: Jirachi|move: Taunt
|turn|7
|
|move|p1a: Jirachi|Iron Head|p2a: Azelf
|-damage|p2a: Azelf|30\/354
|cant|p2a: Azelf|flinch
|
|turn|8
|
|move|p1a: Jirachi|Iron Head|p2a: Azelf
|-damage|p2a: Azelf|0 fnt
|faint|p2a: Azelf
|
|
|switch|p2a: Whimsicott|Whimsicott, M|324\/324
|turn|9
|
|switch|p1a: Garchomp|Garchomp, M|357\/357
|move|p2a: Whimsicott|Memento|p1a: Garchomp
|-unboost|p1a: Garchomp|atk|2
|-unboost|p1a: Garchomp|spa|2
|faint|p2a: Whimsicott
|
|
|switch|p2a: Smeargle|Smeargle, F|314\/314
|turn|10
|
|move|p1a: Garchomp|Earthquake|p2a: Smeargle
|-damage|p2a: Smeargle|212\/314
|move|p2a: Smeargle|Geomancy|p2a: Smeargle|[still]
|-prepare|p2a: Smeargle|Geomancy|p2a: Smeargle
|-enditem|p2a: Smeargle|Power Herb
|-anim|p2a: Smeargle|Geomancy|p2a: Smeargle
|-boost|p2a: Smeargle|spa|2
|-boost|p2a: Smeargle|spd|2
|-boost|p2a: Smeargle|spe|2
|
|-sideend|p2: zsting|Reflect
|turn|11
|
|move|p2a: Smeargle|Spore|p1a: Garchomp
|-status|p1a: Garchomp|slp
|cant|p1a: Garchomp|slp
|
|turn|12
|join|Zakuro_Fujiwara
|
|switch|p1a: Jirachi|Jirachi|341\/341
|move|p2a: Smeargle|Cotton Guard|p2a: Smeargle
|-boost|p2a: Smeargle|def|3
|
|-sideend|p2: zsting|move: Light Screen
|turn|13
|
|move|p2a: Smeargle|Cotton Guard|p2a: Smeargle
|-boost|p2a: Smeargle|def|3
|move|p1a: Jirachi|Iron Head|p2a: Smeargle
|-damage|p2a: Smeargle|151\/314
|
|turn|14
|
|move|p2a: Smeargle|Baton Pass|p2a: Smeargle
|
|switch|p2a: Espeon|Espeon, F|272\/272
|move|p1a: Jirachi|Iron Head|p2a: Espeon
|-damage|p2a: Espeon|227\/272
|
|-heal|p2a: Espeon|244\/272|[from] item: Leftovers
|turn|15
|
|move|p2a: Espeon|Substitute|p2a: Espeon
|-start|p2a: Espeon|Substitute
|-damage|p2a: Espeon|176\/272
|move|p1a: Jirachi|Iron Head|p2a: Espeon
|-activate|p2a: Espeon|Substitute|[damage]
|
|-heal|p2a: Espeon|193\/272|[from] item: Leftovers
|turn|16
|c| Zakuro_Fujiwara|Espeon Ã© bullying .-.
|c|âzsting|saokpsakpokpoas
|
|move|p2a: Espeon|Stored Power|p1a: Jirachi
|-resisted|p1a: Jirachi
|-damage|p1a: Jirachi|108\/341
|move|p1a: Jirachi|Iron Head|p2a: Espeon
|-end|p2a: Espeon|Substitute
|
|-heal|p2a: Espeon|210\/272|[from] item: Leftovers
|turn|17
|
|move|p2a: Espeon|Substitute|p2a: Espeon
|-start|p2a: Espeon|Substitute
|-damage|p2a: Espeon|142\/272
|move|p1a: Jirachi|Iron Head|p2a: Espeon
|-activate|p2a: Espeon|Substitute|[damage]
|
|-heal|p2a: Espeon|159\/272|[from] item: Leftovers
|turn|18
|
|move|p2a: Espeon|Stored Power|p1a: Jirachi
|-resisted|p1a: Jirachi
|-damage|p1a: Jirachi|0 fnt
|faint|p1a: Jirachi
|
|-heal|p2a: Espeon|176\/272|[from] item: Leftovers
|
|switch|p1a: Clefable|Clefable, F|394\/394
|turn|19
|
|move|p2a: Espeon|Stored Power|p1a: Clefable
|-damage|p1a: Clefable|0 fnt
|faint|p1a: Clefable
|
|-heal|p2a: Espeon|193\/272|[from] item: Leftovers
|-message|Dit dus forfeited.
|
|win|zsting
|raw|Ladder updating...
|leave|Dit dus
|player|p1
|raw|Dit dus's rating: 1618 &rarr; <strong>1594<\/strong><br \/>(-24 for losing)
|raw|zsting's rating: 1546 &rarr; <strong>1570<\/strong><br \/>(+24 for winning)
|c|âzsting|saposapkoaksop
|c|âzsting|delicia de time
|c|âzsting|goxtoso
|c|âzsting|<3 cottone
|c| Zakuro_Fujiwara|Eu acho mt ruim pokÃ©mons de prÃ© evoluÃ§Ã£o .-.
|c| Zakuro_Fujiwara|por isso perguntei do cottone quela hÃ³ra .-.
|c|âzsting|mais a cottone Ã© munitinha =(
|c| Zakuro_Fujiwara|Ã© n :(
|c|âzsting|eu gosto dela =)
|c|âzsting|sauhashusahu
|c| Zakuro_Fujiwara|Q bom quer biscoito?