|join|Dit dus
|join|LHNAC
|player|p1|Dit dus|169
|player|p2|LHNAC|169
|gametype|singles
|gen|6
|tier|OU
|rated
|clearpoke
|poke|p1|Scizor, F
|poke|p1|Latias, F
|poke|p1|Heatran, F
|poke|p1|Gliscor, M
|poke|p1|Landorus, M
|poke|p1|Terrakion
|poke|p2|Jolteon, M
|poke|p2|Talonflame, M
|poke|p2|Slowbro, F
|poke|p2|Excadrill, F
|poke|p2|Scizor, F
|poke|p2|Cloyster, F
|rule|Swagger Clause: Swagger is banned
|rule|Baton Pass Clause: Limit one PokÃ©mon knowing Baton Pass
|rule|Sleep Clause Mod: Limit one foe put to sleep
|rule|Species Clause: Limit one of each PokÃ©mon
|rule|OHKO Clause: OHKO moves are banned
|rule|Moody Clause: Moody is banned
|rule|Evasion Moves Clause: Evasion moves are banned
|rule|Endless Battle Clause: Forcing endless battles is banned
|rule|HP Percentage Mod: HP is reported as percentages
|teampreview
|
|start
|switch|p1a: Heatran|Heatran, F|386\/386
|switch|p2a: Slowbro|Slowbro, F|381\/381
|turn|1
|
|move|p1a: Heatran|Stealth Rock|p2a: Slowbro
|-sidestart|p2: LHNAC|move: Stealth Rock
|move|p2a: Slowbro|Scald|p1a: Heatran
|-supereffective|p1a: Heatran
|-damage|p1a: Heatran|248\/386
|
|-heal|p1a: Heatran|272\/386|[from] item: Leftovers
|turn|2
|
|move|p1a: Heatran|Protect|p1a: Heatran
|-singleturn|p1a: Heatran|Protect
|move|p2a: Slowbro|Scald|p1a: Heatran
|-activate|p1a: Heatran|Protect
|
|-heal|p1a: Heatran|296\/386|[from] item: Leftovers
|turn|3
|
|move|p1a: Heatran|Lava Plume|p2a: Slowbro
|-resisted|p2a: Slowbro
|-damage|p2a: Slowbro|308\/381
|move|p2a: Slowbro|Scald|p1a: Heatran
|-supereffective|p1a: Heatran
|-damage|p1a: Heatran|152\/386
|
|-heal|p1a: Heatran|176\/386|[from] item: Leftovers
|-heal|p2a: Slowbro|331\/381|[from] item: Leftovers
|turn|4
|
|move|p1a: Heatran|Protect|p1a: Heatran
|-singleturn|p1a: Heatran|Protect
|move|p2a: Slowbro|Slack Off|p2a: Slowbro
|-heal|p2a: Slowbro|381\/381
|
|-heal|p1a: Heatran|200\/386|[from] item: Leftovers
|turn|5
|
|move|p1a: Heatran|Lava Plume|p2a: Slowbro
|-resisted|p2a: Slowbro
|-damage|p2a: Slowbro|309\/381
|move|p2a: Slowbro|Scald|p1a: Heatran
|-supereffective|p1a: Heatran
|-damage|p1a: Heatran|60\/386
|
|-heal|p1a: Heatran|84\/386|[from] item: Leftovers
|-heal|p2a: Slowbro|332\/381|[from] item: Leftovers
|turn|6
|
|move|p1a: Heatran|Protect|p1a: Heatran
|-singleturn|p1a: Heatran|Protect
|move|p2a: Slowbro|Scald|p1a: Heatran
|-activate|p1a: Heatran|Protect
|
|-heal|p1a: Heatran|108\/386|[from] item: Leftovers
|-heal|p2a: Slowbro|355\/381|[from] item: Leftovers
|turn|7
|
|switch|p1a: Latias|Latias, F|302\/302
|move|p2a: Slowbro|Scald|p1a: Latias
|-resisted|p1a: Latias
|-damage|p1a: Latias|263\/302
|
|-heal|p2a: Slowbro|378\/381|[from] item: Leftovers
|turn|8
|
|switch|p1a: Scizor|Scizor, F|344\/344
|move|p2a: Slowbro|Slack Off|p2a: Slowbro
|-heal|p2a: Slowbro|381\/381
|
|turn|9
|
|detailschange|p1a: Scizor|Scizor-Mega, F
|message|Scizor has Mega Evolved into Mega Scizor!
|move|p1a: Scizor|Knock Off|p2a: Slowbro
|-supereffective|p2a: Slowbro
|-damage|p2a: Slowbro|237\/381
|-enditem|p2a: Slowbro|Leftovers|[from] move: Knock Off|[of] p1a: Scizor
|move|p2a: Slowbro|Scald|p1a: Scizor
|-damage|p1a: Scizor|271\/344
|
|turn|10
|
|move|p1a: Scizor|Swords Dance|p1a: Scizor
|-boost|p1a: Scizor|atk|2
|move|p2a: Slowbro|Scald|p1a: Scizor
|-damage|p1a: Scizor|201\/344
|-status|p1a: Scizor|brn
|
|-damage|p1a: Scizor|158\/344 brn|[from] brn
|turn|11
|
|move|p1a: Scizor|Knock Off|p2a: Slowbro
|-supereffective|p2a: Slowbro
|-damage|p2a: Slowbro|147\/381
|move|p2a: Slowbro|Scald|p1a: Scizor
|-damage|p1a: Scizor|80\/344 brn
|
|-damage|p1a: Scizor|37\/344 brn|[from] brn
|turn|12
|
|move|p1a: Scizor|Roost|p1a: Scizor
|-heal|p1a: Scizor|209\/344 brn
|move|p2a: Slowbro|Slack Off|p2a: Slowbro
|-heal|p2a: Slowbro|338\/381
|
|-damage|p1a: Scizor|166\/344 brn|[from] brn
|turn|13
|
|move|p1a: Scizor|Roost|p1a: Scizor
|-heal|p1a: Scizor|338\/344 brn
|move|p2a: Slowbro|Scald|p1a: Scizor
|-damage|p1a: Scizor|269\/344 brn
|
|-damage|p1a: Scizor|226\/344 brn|[from] brn
|turn|14
|
|move|p1a: Scizor|Swords Dance|p1a: Scizor
|-boost|p1a: Scizor|atk|2
|move|p2a: Slowbro|Scald|p1a: Scizor
|-damage|p1a: Scizor|159\/344 brn
|
|-damage|p1a: Scizor|116\/344 brn|[from] brn
|turn|15
|
|move|p1a: Scizor|Roost|p1a: Scizor
|-heal|p1a: Scizor|288\/344 brn
|move|p2a: Slowbro|Scald|p1a: Scizor
|-damage|p1a: Scizor|216\/344 brn
|
|-damage|p1a: Scizor|173\/344 brn|[from] brn
|turn|16
|
|move|p1a: Scizor|Roost|p1a: Scizor
|-heal|p1a: Scizor|344\/344 brn
|move|p2a: Slowbro|Scald|p1a: Scizor
|-damage|p1a: Scizor|277\/344 brn
|
|-damage|p1a: Scizor|234\/344 brn|[from] brn
|turn|17
|
|move|p1a: Scizor|Swords Dance|p1a: Scizor
|-boost|p1a: Scizor|atk|2
|move|p2a: Slowbro|Slack Off|p2a: Slowbro
|-heal|p2a: Slowbro|381\/381
|
|-damage|p1a: Scizor|191\/344 brn|[from] brn
|turn|18
|
|move|p1a: Scizor|Roost|p1a: Scizor
|-heal|p1a: Scizor|344\/344 brn
|move|p2a: Slowbro|Scald|p1a: Scizor
|-damage|p1a: Scizor|272\/344 brn
|
|-damage|p1a: Scizor|229\/344 brn|[from] brn
|turn|19
|
|move|p1a: Scizor|Knock Off|p2a: Slowbro
|-supereffective|p2a: Slowbro
|-damage|p2a: Slowbro|201\/381
|move|p2a: Slowbro|Slack Off|p2a: Slowbro
|-heal|p2a: Slowbro|381\/381
|
|-damage|p1a: Scizor|186\/344 brn|[from] brn
|turn|20
|
|move|p1a: Scizor|Knock Off|p2a: Slowbro
|-supereffective|p2a: Slowbro
|-damage|p2a: Slowbro|183\/381
|move|p2a: Slowbro|Scald|p1a: Scizor
|-damage|p1a: Scizor|114\/344 brn
|
|-damage|p1a: Scizor|71\/344 brn|[from] brn
|turn|21
|
|move|p1a: Scizor|Roost|p1a: Scizor
|-heal|p1a: Scizor|243\/344 brn
|move|p2a: Slowbro|Scald|p1a: Scizor
|-damage|p1a: Scizor|168\/344 brn
|
|-damage|p1a: Scizor|125\/344 brn|[from] brn
|turn|22
|
|move|p1a: Scizor|Knock Off|p2a: Slowbro
|-supereffective|p2a: Slowbro
|-damage|p2a: Slowbro|1\/381
|move|p2a: Slowbro|Slack Off|p2a: Slowbro
|-heal|p2a: Slowbro|192\/381
|
|-damage|p1a: Scizor|82\/344 brn|[from] brn
|turn|23
|
|move|p1a: Scizor|Roost|p1a: Scizor
|-heal|p1a: Scizor|254\/344 brn
|move|p2a: Slowbro|Slack Off|p2a: Slowbro
|-heal|p2a: Slowbro|381\/381
|
|-damage|p1a: Scizor|211\/344 brn|[from] brn
|turn|24
|
|move|p1a: Scizor|Knock Off|p2a: Slowbro
|-supereffective|p2a: Slowbro
|-damage|p2a: Slowbro|181\/381
|move|p2a: Slowbro|Slack Off|p2a: Slowbro
|-heal|p2a: Slowbro|372\/381
|
|-damage|p1a: Scizor|168\/344 brn|[from] brn
|turn|25
|
|move|p1a: Scizor|Roost|p1a: Scizor
|-heal|p1a: Scizor|340\/344 brn
|move|p2a: Slowbro|Slack Off|p2a: Slowbro
|-heal|p2a: Slowbro|381\/381
|
|-damage|p1a: Scizor|297\/344 brn|[from] brn
|turn|26
|
|move|p1a: Scizor|Knock Off|p2a: Slowbro
|-supereffective|p2a: Slowbro
|-damage|p2a: Slowbro|203\/381
|move|p2a: Slowbro|Slack Off|p2a: Slowbro
|-heal|p2a: Slowbro|381\/381
|
|-damage|p1a: Scizor|254\/344 brn|[from] brn
|turn|27
|
|move|p1a: Scizor|Knock Off|p2a: Slowbro
|-supereffective|p2a: Slowbro
|-damage|p2a: Slowbro|193\/381
|move|p2a: Slowbro|Slack Off|p2a: Slowbro
|-heal|p2a: Slowbro|381\/381
|
|-damage|p1a: Scizor|211\/344 brn|[from] brn
|turn|28
|
|move|p1a: Scizor|Knock Off|p2a: Slowbro
|-supereffective|p2a: Slowbro
|-damage|p2a: Slowbro|195\/381
|move|p2a: Slowbro|Slack Off|p2a: Slowbro
|-heal|p2a: Slowbro|381\/381
|
|-damage|p1a: Scizor|168\/344 brn|[from] brn
|turn|29
|
|move|p1a: Scizor|Roost|p1a: Scizor
|-heal|p1a: Scizor|340\/344 brn
|move|p2a: Slowbro|Scald|p1a: Scizor
|-damage|p1a: Scizor|271\/344 brn
|
|-damage|p1a: Scizor|228\/344 brn|[from] brn
|turn|30
|
|move|p1a: Scizor|Knock Off|p2a: Slowbro
|-supereffective|p2a: Slowbro
|-damage|p2a: Slowbro|203\/381
|move|p2a: Slowbro|Slack Off|p2a: Slowbro
|-heal|p2a: Slowbro|381\/381
|
|-damage|p1a: Scizor|185\/344 brn|[from] brn
|turn|31
|
|move|p1a: Scizor|Roost|p1a: Scizor
|-heal|p1a: Scizor|344\/344 brn
|move|p2a: Slowbro|Scald|p1a: Scizor
|-damage|p1a: Scizor|272\/344 brn
|
|-damage|p1a: Scizor|229\/344 brn|[from] brn
|turn|32
|
|move|p1a: Scizor|Knock Off|p2a: Slowbro
|-supereffective|p2a: Slowbro
|-damage|p2a: Slowbro|191\/381
|move|p2a: Slowbro|Slack Off|p2a: Slowbro
|-heal|p2a: Slowbro|381\/381
|
|-damage|p1a: Scizor|186\/344 brn|[from] brn
|turn|33
|
|move|p1a: Scizor|Knock Off|p2a: Slowbro
|-supereffective|p2a: Slowbro
|-damage|p2a: Slowbro|189\/381
|move|p2a: Slowbro|Psyshock|p1a: Scizor
|-resisted|p1a: Scizor
|-damage|p1a: Scizor|149\/344 brn
|
|-damage|p1a: Scizor|106\/344 brn|[from] brn
|turn|34
|
|move|p1a: Scizor|Knock Off|p2a: Slowbro
|-supereffective|p2a: Slowbro
|-damage|p2a: Slowbro|0 fnt
|faint|p2a: Slowbro
|
|-damage|p1a: Scizor|63\/344 brn|[from] brn
|chat|Dit dus|lol epic fight
|
|switch|p2a: Excadrill|Excadrill, F|362\/362
|-damage|p2a: Excadrill|351\/362|[from] Stealth Rock
|-ability|p2a: Excadrill|Mold Breaker
|turn|35
|
|move|p1a: Scizor|Bullet Punch|p2a: Excadrill
|-resisted|p2a: Excadrill
|-damage|p2a: Excadrill|212\/362
|move|p2a: Excadrill|Rapid Spin|p1a: Scizor
|-resisted|p1a: Scizor
|-damage|p1a: Scizor|54\/344 brn
|-sideend|p2: LHNAC|Stealth Rock|[from] move: Rapid Spin|[of] p2a: Excadrill
|
|-damage|p1a: Scizor|11\/344 brn|[from] brn
|turn|36
|
|switch|p2a: Jolteon|Jolteon, M|272\/272
|move|p1a: Scizor|Bullet Punch|p2a: Jolteon
|-resisted|p2a: Jolteon
|-damage|p2a: Jolteon|110\/272
|
|-damage|p1a: Scizor|0 fnt|[from] brn
|faint|p1a: Scizor
|
|switch|p1a: Heatran|Heatran, F|108\/386
|turn|37
|
|move|p1a: Heatran|Protect|p1a: Heatran
|-singleturn|p1a: Heatran|Protect
|move|p2a: Jolteon|Thunderbolt|p1a: Heatran
|-activate|p1a: Heatran|Protect
|
|-heal|p1a: Heatran|132\/386|[from] item: Leftovers
|turn|38
|
|switch|p1a: Latias|Latias, F|263\/302
|move|p2a: Jolteon|Thunderbolt|p1a: Latias
|-resisted|p1a: Latias
|-damage|p1a: Latias|211\/302
|
|turn|39
|
|switch|p1a: Heatran|Heatran, F|132\/386
|move|p2a: Jolteon|Shadow Ball|p1a: Heatran
|-damage|p1a: Heatran|74\/386
|
|-heal|p1a: Heatran|98\/386|[from] item: Leftovers
|turn|40
|
|move|p1a: Heatran|Protect|p1a: Heatran
|-singleturn|p1a: Heatran|Protect
|move|p2a: Jolteon|Thunderbolt|p1a: Heatran
|-activate|p1a: Heatran|Protect
|
|-heal|p1a: Heatran|122\/386|[from] item: Leftovers
|turn|41
|
|move|p2a: Jolteon|Thunderbolt|p1a: Heatran
|-damage|p1a: Heatran|23\/386
|-status|p1a: Heatran|par
|move|p1a: Heatran|Stealth Rock|p2a: Jolteon
|-sidestart|p2: LHNAC|move: Stealth Rock
|
|-heal|p1a: Heatran|47\/386 par|[from] item: Leftovers
|turn|42
|
|cant|p1a: Heatran|par
|move|p2a: Jolteon|Volt Switch|p1a: Heatran
|-damage|p1a: Heatran|0 fnt
|faint|p1a: Heatran
|
|switch|p2a: Excadrill|Excadrill, F|212\/362
|-damage|p2a: Excadrill|201\/362|[from] Stealth Rock
|-ability|p2a: Excadrill|Mold Breaker
|
|
|switch|p1a: Terrakion|Terrakion|323\/323
|turn|43
|
|move|p1a: Terrakion|Close Combat|p2a: Excadrill
|-supereffective|p2a: Excadrill
|-damage|p2a: Excadrill|0 fnt
|-unboost|p1a: Terrakion|def|1
|-unboost|p1a: Terrakion|spd|1
|faint|p2a: Excadrill
|
|
|switch|p2a: Scizor|Scizor, F|306\/306
|-damage|p2a: Scizor|268\/306|[from] Stealth Rock
|turn|44
|
|detailschange|p2a: Scizor|Scizor-Mega, F
|message|Scizor has Mega Evolved into Mega Scizor!
|move|p1a: Terrakion|Close Combat|p2a: Scizor
|-damage|p2a: Scizor|118\/306
|-unboost|p1a: Terrakion|def|1
|-unboost|p1a: Terrakion|spd|1
|move|p2a: Scizor|Swords Dance|p2a: Scizor
|-boost|p2a: Scizor|atk|2
|
|turn|45
|
|switch|p1a: Gliscor|Gliscor, M|354\/354
|move|p2a: Scizor|Bullet Punch|p1a: Gliscor
|-damage|p1a: Gliscor|185\/354
|
|-status|p1a: Gliscor|tox|[from] item: Toxic Orb
|turn|46
|
|move|p1a: Gliscor|Taunt|p2a: Scizor
|-start|p2a: Scizor|move: Taunt
|cant|p2a: Scizor|move: Taunt|Swords Dance
|
|-heal|p1a: Gliscor|229\/354 tox|[from] ability: Poison Heal
|turn|47
|
|move|p1a: Gliscor|Protect|p1a: Gliscor
|-singleturn|p1a: Gliscor|Protect
|move|p2a: Scizor|Bullet Punch|p1a: Gliscor
|-activate|p1a: Gliscor|Protect
|
|-heal|p1a: Gliscor|273\/354 tox|[from] ability: Poison Heal
|turn|48
|
|move|p2a: Scizor|Bullet Punch|p1a: Gliscor
|-damage|p1a: Gliscor|114\/354 tox
|move|p1a: Gliscor|Earthquake|p2a: Scizor
|-damage|p2a: Scizor|37\/306
|
|-heal|p1a: Gliscor|158\/354 tox|[from] ability: Poison Heal
|-end|p2a: Scizor|move: Taunt
|turn|49
|
|switch|p2a: Jolteon|Jolteon, M|110\/272
|-damage|p2a: Jolteon|76\/272|[from] Stealth Rock
|move|p1a: Gliscor|Earthquake|p2a: Jolteon
|-supereffective|p2a: Jolteon
|-damage|p2a: Jolteon|0 fnt
|faint|p2a: Jolteon
|
|-heal|p1a: Gliscor|202\/354 tox|[from] ability: Poison Heal
|
|switch|p2a: Talonflame|Talonflame, M|298\/298
|-damage|p2a: Talonflame|149\/298|[from] Stealth Rock
|turn|50
|
|move|p2a: Talonflame|Substitute|p2a: Talonflame
|-start|p2a: Talonflame|Substitute
|-damage|p2a: Talonflame|75\/298
|move|p1a: Gliscor|Toxic|p2a: Talonflame
|
|-heal|p1a: Gliscor|246\/354 tox|[from] ability: Poison Heal
|turn|51
|
|move|p2a: Talonflame|Swords Dance|p2a: Talonflame
|-boost|p2a: Talonflame|atk|2
|move|p1a: Gliscor|Taunt|p2a: Talonflame
|-start|p2a: Talonflame|move: Taunt
|
|-heal|p1a: Gliscor|290\/354 tox|[from] ability: Poison Heal
|turn|52
|
|move|p1a: Gliscor|Protect|p1a: Gliscor
|-singleturn|p1a: Gliscor|Protect
|move|p2a: Talonflame|Acrobatics|p1a: Gliscor
|-activate|p1a: Gliscor|Protect
|
|-heal|p1a: Gliscor|334\/354 tox|[from] ability: Poison Heal
|turn|53
|
|switch|p1a: Latias|Latias, F|211\/302
|move|p2a: Talonflame|Acrobatics|p1a: Latias
|-damage|p1a: Latias|0 fnt
|faint|p1a: Latias
|
|
|switch|p1a: Landorus|Landorus, M|319\/319
|turn|54
|
|move|p2a: Talonflame|Acrobatics|p1a: Landorus
|-damage|p1a: Landorus|24\/319
|move|p1a: Landorus|Psychic|p2a: Talonflame
|-end|p2a: Talonflame|Substitute
|
|-end|p2a: Talonflame|move: Taunt
|turn|55
|
|move|p2a: Talonflame|Acrobatics|p1a: Landorus
|-damage|p1a: Landorus|0 fnt
|faint|p1a: Landorus
|
|
|switch|p1a: Terrakion|Terrakion|323\/323
|turn|56
|
|move|p2a: Talonflame|Acrobatics|p1a: Terrakion
|-damage|p1a: Terrakion|13\/323
|move|p1a: Terrakion|Close Combat|p2a: Talonflame
|-resisted|p2a: Talonflame
|-damage|p2a: Talonflame|0 fnt
|-unboost|p1a: Terrakion|def|1
|-unboost|p1a: Terrakion|spd|1
|faint|p2a: Talonflame
|
|
|switch|p2a: Cloyster|Cloyster, F|241\/241
|-damage|p2a: Cloyster|181\/241|[from] Stealth Rock
|turn|57
|
|move|p2a: Cloyster|Ice Shard|p1a: Terrakion
|-damage|p1a: Terrakion|0 fnt
|faint|p1a: Terrakion
|
|
|switch|p1a: Gliscor|Gliscor, M|334\/354 tox
|turn|58
|
|move|p1a: Gliscor|Toxic|p2a: Cloyster
|-status|p2a: Cloyster|tox
|move|p2a: Cloyster|Icicle Spear|p1a: Gliscor
|-crit|p1a: Gliscor
|-supereffective|p1a: Gliscor
|-damage|p1a: Gliscor|162\/354 tox
|-supereffective|p1a: Gliscor
|-damage|p1a: Gliscor|54\/354 tox
|-supereffective|p1a: Gliscor
|-damage|p1a: Gliscor|0 fnt
|-hitcount|p1a: Gliscor|3
|faint|p1a: Gliscor
|
|win|LHNAC
|raw|Ladder updating...
|raw|Dit dus's rating: 1614 &rarr; <strong>1594<\/strong><br \/>(-20 for losing)
|raw|LHNAC's rating: 1610 &rarr; <strong>1631<\/strong><br \/>(+21 for winning)
|chat|Dit dus|gg
|chat|LHNAC|gg
|leave|Dit dus
|player|p1