|join|DaFeebasArmy!
|join|Dit dus
|player|p1|DaFeebasArmy!|169
|player|p2|Dit dus|266
|gametype|singles
|gen|6
|tier|OU
|rated
|clearpoke
|poke|p1|Kyurem-Black
|poke|p1|Landorus-Therian, M
|poke|p1|Greninja, F
|poke|p1|Latios, M
|poke|p1|Heatran, M
|poke|p1|Venusaur, M
|poke|p2|Tornadus-Therian, M
|poke|p2|Jirachi
|poke|p2|Rotom-Wash
|poke|p2|Garchomp, M
|poke|p2|Heracross, M
|poke|p2|Clefable, F
|rule|Swagger Clause: Swagger is banned
|rule|Baton Pass Clause: Limit one PokÃ©mon knowing Baton Pass
|rule|Sleep Clause Mod: Limit one foe put to sleep
|rule|Species Clause: Limit one of each PokÃ©mon
|rule|OHKO Clause: OHKO moves are banned
|rule|Moody Clause: Moody is banned
|rule|Evasion Moves Clause: Evasion moves are banned
|rule|Endless Battle Clause: Forcing endless battles is banned
|rule|HP Percentage Mod: HP is shown in percentages
|teampreview
|
|start
|switch|p1a: Greninja|Greninja, F|285\/285
|switch|p2a: Rotom-Wash|Rotom-Wash|241\/241
|turn|1
|
|switch|p1a: Venusaur|Venusaur, M|361\/361
|move|p2a: Rotom-Wash|Volt Switch|p1a: Venusaur
|-resisted|p1a: Venusaur
|-damage|p1a: Venusaur|303\/361
|
|switch|p2a: Tornadus-Therian|Tornadus-Therian, M|299\/299
|
|turn|2
|
|switch|p1a: Heatran|Heatran, M|325\/325
|move|p2a: Tornadus-Therian|Knock Off|p1a: Heatran
|-damage|p1a: Heatran|235\/325
|-enditem|p1a: Heatran|Choice Scarf|[from] move: Knock Off|[of] p2a: Tornadus-Therian
|-damage|p2a: Tornadus-Therian|270\/299|[from] item: Life Orb
|
|turn|3
|
|switch|p1a: Landorus-Therian|Landorus-Therian, M|365\/365
|-ability|p1a: Landorus-Therian|Intimidate|[of] p2a: Tornadus-Therian
|-unboost|p2a: Tornadus-Therian|atk|1
|move|p2a: Tornadus-Therian|U-turn|p1a: Landorus-Therian
|-resisted|p1a: Landorus-Therian
|-damage|p1a: Landorus-Therian|347\/365
|-damage|p2a: Tornadus-Therian|241\/299|[from] item: Life Orb
|
|switch|p2a: Heracross|Heracross, M|311\/311
|
|-heal|p1a: Landorus-Therian|365\/365|[from] item: Leftovers
|turn|4
|
|detailschange|p2a: Heracross|Heracross-Mega, M
|message|Heracross has Mega Evolved into Mega Heracross!
|move|p2a: Heracross|Swords Dance|p2a: Heracross
|-boost|p2a: Heracross|atk|2
|move|p1a: Landorus-Therian|U-turn|p2a: Heracross
|-crit|p2a: Heracross
|-resisted|p2a: Heracross
|-damage|p2a: Heracross|264\/311
|
|switch|p1a: Latios|Latios, M|301\/301
|
|turn|5
|
|switch|p2a: Jirachi|Jirachi|341\/341
|move|p1a: Latios|Psyshock|p2a: Jirachi
|-resisted|p2a: Jirachi
|-damage|p2a: Jirachi|294\/341
|-damage|p1a: Latios|271\/301|[from] item: Life Orb
|
|turn|6
|
|switch|p1a: Heatran|Heatran, M|235\/325
|move|p2a: Jirachi|U-turn|p1a: Heatran
|-resisted|p1a: Heatran
|-damage|p1a: Heatran|217\/325
|
|switch|p2a: Garchomp|Garchomp, M|357\/357
|
|turn|7
|
|move|p2a: Garchomp|Stealth Rock|p1a: Heatran
|-sidestart|p1: DaFeebasArmy!|move: Stealth Rock
|move|p1a: Heatran|Flash Cannon|p2a: Garchomp
|-damage|p2a: Garchomp|170\/357
|
|turn|8
|
|switch|p1a: Landorus-Therian|Landorus-Therian, M|365\/365
|-damage|p1a: Landorus-Therian|320\/365|[from] Stealth Rock
|-ability|p1a: Landorus-Therian|Intimidate|[of] p2a: Garchomp
|-unboost|p2a: Garchomp|atk|1
|move|p2a: Garchomp|Outrage|p1a: Landorus-Therian
|-damage|p1a: Landorus-Therian|208\/365
|
|-heal|p1a: Landorus-Therian|230\/365|[from] item: Leftovers
|turn|9
|
|move|p2a: Garchomp|Outrage|p1a: Landorus-Therian
|-damage|p1a: Landorus-Therian|116\/365
|move|p1a: Landorus-Therian|Earthquake|p2a: Garchomp
|-damage|p2a: Garchomp|8\/357
|
|-end|p2a: Garchomp|rampage
|-start|p2a: Garchomp|confusion
|-heal|p1a: Landorus-Therian|138\/365|[from] item: Leftovers
|turn|10
|
|-activate|p2a: Garchomp|confusion
|-damage|p2a: Garchomp|0 fnt|[from] confusion
|faint|p2a: Garchomp
|move|p1a: Landorus-Therian|Stealth Rock|p2: Garchomp
|-sidestart|p2: Dit dus|move: Stealth Rock
|
|-heal|p1a: Landorus-Therian|160\/365|[from] item: Leftovers
|
|switch|p2a: Tornadus-Therian|Tornadus-Therian, M|299\/299
|-damage|p2a: Tornadus-Therian|225\/299|[from] Stealth Rock
|turn|11
|
|move|p2a: Tornadus-Therian|Hurricane|p1a: Landorus-Therian
|-damage|p1a: Landorus-Therian|0 fnt
|-damage|p2a: Tornadus-Therian|196\/299|[from] item: Life Orb
|faint|p1a: Landorus-Therian
|
|
|switch|p1a: Greninja|Greninja, F|285\/285
|-damage|p1a: Greninja|250\/285|[from] Stealth Rock
|turn|12
|
|switch|p2a: Rotom-Wash|Rotom-Wash|241\/241
|-damage|p2a: Rotom-Wash|211\/241|[from] Stealth Rock
|move|p1a: Greninja|Dark Pulse|p2a: Rotom-Wash
|-start|p1a: Greninja|typechange|Dark|[from] Protean
|-damage|p2a: Rotom-Wash|54\/241
|-damage|p1a: Greninja|222\/285|[from] item: Life Orb
|
|turn|13
|
|switch|p1a: Latios|Latios, M|271\/301
|-damage|p1a: Latios|234\/301|[from] Stealth Rock
|move|p2a: Rotom-Wash|Volt Switch|p1a: Latios
|-resisted|p1a: Latios
|-damage|p1a: Latios|186\/301
|
|switch|p2a: Tornadus-Therian|Tornadus-Therian, M|295\/299
|-damage|p2a: Tornadus-Therian|221\/299|[from] Stealth Rock
|
|turn|14
|
|switch|p1a: Kyurem-Black|Kyurem-Black|401\/401
|-damage|p1a: Kyurem-Black|301\/401|[from] Stealth Rock
|-ability|p1a: Kyurem-Black|Teravolt
|move|p2a: Tornadus-Therian|Knock Off|p1a: Kyurem-Black
|-damage|p1a: Kyurem-Black|191\/401
|-enditem|p1a: Kyurem-Black|Assault Vest|[from] move: Knock Off|[of] p2a: Tornadus-Therian
|-damage|p2a: Tornadus-Therian|192\/299|[from] item: Life Orb
|
|turn|15
|
|move|p2a: Tornadus-Therian|U-turn|p1a: Kyurem-Black
|-damage|p1a: Kyurem-Black|118\/401
|-damage|p2a: Tornadus-Therian|163\/299|[from] item: Life Orb
|
|switch|p2a: Clefable|Clefable, F|394\/394
|move|p1a: Kyurem-Black|Fusion Bolt|p2a: Clefable
|-damage|p2a: Clefable|265\/394
|
|turn|16
|
|move|p1a: Kyurem-Black|Ice Beam|p2a: Clefable
|-damage|p2a: Clefable|94\/394
|move|p2a: Clefable|Soft-Boiled|p2a: Clefable
|-heal|p2a: Clefable|291\/394
|
|turn|17
|
|move|p1a: Kyurem-Black|Ice Beam|p2a: Clefable
|-damage|p2a: Clefable|101\/394
|move|p2a: Clefable|Soft-Boiled|p2a: Clefable
|-heal|p2a: Clefable|298\/394
|
|turn|18
|
|move|p1a: Kyurem-Black|Ice Beam|p2a: Clefable
|-damage|p2a: Clefable|123\/394
|-status|p2a: Clefable|frz
|cant|p2a: Clefable|frz
|
|turn|19
|
|move|p1a: Kyurem-Black|Fusion Bolt|p2a: Clefable
|-damage|p2a: Clefable|0 fnt
|faint|p2a: Clefable
|
|
|switch|p2a: Jirachi|Jirachi|294\/341
|-damage|p2a: Jirachi|273\/341|[from] Stealth Rock
|turn|20
|
|move|p2a: Jirachi|Iron Head|p1a: Kyurem-Black
|-supereffective|p1a: Kyurem-Black
|-damage|p1a: Kyurem-Black|0 fnt
|faint|p1a: Kyurem-Black
|
|
|switch|p1a: Heatran|Heatran, M|217\/325
|-damage|p1a: Heatran|177\/325|[from] Stealth Rock
|turn|21
|
|move|p2a: Jirachi|Iron Head|p1a: Heatran
|-resisted|p1a: Heatran
|-damage|p1a: Heatran|151\/325
|cant|p1a: Heatran|flinch
|
|turn|22
|
|switch|p2a: Rotom-Wash|Rotom-Wash|54\/241
|-damage|p2a: Rotom-Wash|24\/241|[from] Stealth Rock
|move|p1a: Heatran|Overheat|p2a: Rotom-Wash
|-resisted|p2a: Rotom-Wash
|-damage|p2a: Rotom-Wash|0 fnt
|-unboost|p1a: Heatran|spa|2
|faint|p2a: Rotom-Wash
|
|
|switch|p2a: Heracross|Heracross-Mega, M|264\/311
|-damage|p2a: Heracross|226\/311|[from] Stealth Rock
|turn|23
|
|switch|p1a: Venusaur|Venusaur, M|303\/361
|-damage|p1a: Venusaur|258\/361|[from] Stealth Rock
|move|p2a: Heracross|Close Combat|p1a: Venusaur
|-resisted|p1a: Venusaur
|-damage|p1a: Venusaur|79\/361
|-unboost|p2a: Heracross|def|1
|-unboost|p2a: Heracross|spd|1
|
|turn|24
|
|detailschange|p1a: Venusaur|Venusaur-Mega, M
|message|Venusaur has Mega Evolved into Mega Venusaur!
|move|p2a: Heracross|Close Combat|p1a: Venusaur
|-resisted|p1a: Venusaur
|-damage|p1a: Venusaur|0 fnt
|-unboost|p2a: Heracross|def|1
|-unboost|p2a: Heracross|spd|1
|faint|p1a: Venusaur
|
|
|switch|p1a: Greninja|Greninja, F|222\/285
|-damage|p1a: Greninja|187\/285|[from] Stealth Rock
|turn|25
|
|move|p1a: Greninja|Hidden Power|p2a: Heracross
|-start|p1a: Greninja|typechange|Fire|[from] Protean
|-supereffective|p2a: Heracross
|-damage|p2a: Heracross|0 fnt
|-damage|p1a: Greninja|159\/285|[from] item: Life Orb
|faint|p2a: Heracross
|
|
|switch|p2a: Jirachi|Jirachi|273\/341
|-damage|p2a: Jirachi|252\/341|[from] Stealth Rock
|turn|26
|
|move|p2a: Jirachi|Iron Head|p1a: Greninja
|-resisted|p1a: Greninja
|-damage|p1a: Greninja|81\/285
|cant|p1a: Greninja|flinch
|
|turn|27
|
|switch|p1a: Latios|Latios, M|186\/301
|-damage|p1a: Latios|149\/301|[from] Stealth Rock
|move|p2a: Jirachi|Iron Head|p1a: Latios
|-damage|p1a: Latios|10\/301
|
|turn|28
|
|move|p2a: Jirachi|Iron Head|p1a: Latios
|-damage|p1a: Latios|0 fnt
|faint|p1a: Latios
|
|
|switch|p1a: Heatran|Heatran, M|151\/325
|-damage|p1a: Heatran|111\/325|[from] Stealth Rock
|turn|29
|
|move|p2a: Jirachi|Iron Head|p1a: Heatran
|-resisted|p1a: Heatran
|-damage|p1a: Heatran|82\/325
|cant|p1a: Heatran|flinch
|
|turn|30
|
|move|p2a: Jirachi|Iron Head|p1a: Heatran
|-resisted|p1a: Heatran
|-damage|p1a: Heatran|51\/325
|move|p1a: Heatran|Overheat|p2a: Jirachi
|-supereffective|p2a: Jirachi
|-damage|p2a: Jirachi|0 fnt
|-unboost|p1a: Heatran|spa|2
|faint|p2a: Jirachi
|
|
|switch|p2a: Tornadus-Therian|Tornadus-Therian, M|262\/299
|-damage|p2a: Tornadus-Therian|188\/299|[from] Stealth Rock
|turn|31
|
|move|p2a: Tornadus-Therian|Knock Off|p1a: Heatran
|-damage|p1a: Heatran|0 fnt
|-damage|p2a: Tornadus-Therian|159\/299|[from] item: Life Orb
|faint|p1a: Heatran
|
|
|switch|p1a: Greninja|Greninja, F|81\/285
|-damage|p1a: Greninja|46\/285|[from] Stealth Rock
|turn|32
|
|move|p1a: Greninja|Ice Beam|p2a: Tornadus-Therian
|-start|p1a: Greninja|typechange|Ice|[from] Protean
|-supereffective|p2a: Tornadus-Therian
|-damage|p2a: Tornadus-Therian|0 fnt
|-damage|p1a: Greninja|18\/285|[from] item: Life Orb
|faint|p2a: Tornadus-Therian
|
|win|DaFeebasArmy!
|raw|Ladder updating...
|c|âDit dus|gg
|raw|DaFeebasArmy!'s rating: 1778 &rarr; <strong>1800<\/strong><br \/>(+22 for winning)
|raw|Dit dus's rating: 1804 &rarr; <strong>1782<\/strong><br \/>(-22 for losing)
|c|âDaFeebasArmy!|gg
|leave|Dit dus
|player|p2