|join|Aka DH
|join|Dit dus
|player|p1|Aka DH|68
|player|p2|Dit dus|2
|gametype|singles
|gen|6
|tier|OU
|rated
|clearpoke
|poke|p1|Bisharp, M
|poke|p1|Venusaur, M
|poke|p1|Heatran, M
|poke|p1|Keldeo
|poke|p1|Chansey, F
|poke|p1|Skarmory, M
|poke|p2|Tornadus-Therian, M
|poke|p2|Jirachi
|poke|p2|Rotom-Wash
|poke|p2|Garchomp, F
|poke|p2|Heracross, F
|poke|p2|Clefable, M
|rule|Swagger Clause: Swagger is banned
|rule|Baton Pass Clause: Limit one PokÃ©mon knowing Baton Pass
|rule|Sleep Clause Mod: Limit one foe put to sleep
|rule|Species Clause: Limit one of each PokÃ©mon
|rule|OHKO Clause: OHKO moves are banned
|rule|Moody Clause: Moody is banned
|rule|Evasion Moves Clause: Evasion moves are banned
|rule|Endless Battle Clause: Forcing endless battles is banned
|rule|HP Percentage Mod: HP is shown in percentages
|teampreview
Aka DH made this room private.
|
|start
|switch|p1a: Heatran|Heatran, M|340\/340
|switch|p2a: Rotom-Wash|Rotom-Wash|241\/241
|-item|p1a: Heatran|Air Balloon
|turn|1
|
|move|p2a: Rotom-Wash|Volt Switch|p1a: Heatran
|-damage|p1a: Heatran|241\/340
|-enditem|p1a: Heatran|Air Balloon
|
|switch|p2a: Garchomp|Garchomp, F|357\/357
|move|p1a: Heatran|Stealth Rock|p2a: Garchomp
|-sidestart|p2: Dit dus|move: Stealth Rock
|
|turn|2
|
|switch|p1a: Skarmory|Skarmory, M|334\/334
|move|p2a: Garchomp|Stealth Rock|p1a: Skarmory
|-sidestart|p1: Aka DH|move: Stealth Rock
|
|turn|3
|
|move|p2a: Garchomp|Fire Blast|p1a: Skarmory
|-supereffective|p1a: Skarmory
|-damage|p1a: Skarmory|170\/334
|-status|p1a: Skarmory|brn
|move|p1a: Skarmory|Spikes|p2a: Garchomp
|-sidestart|p2: Dit dus|Spikes
|
|-damage|p1a: Skarmory|129\/334 brn|[from] brn
|turn|4
|
|move|p2a: Garchomp|Earthquake|p1a: Skarmory
|-immune|p1a: Skarmory|[msg]
|move|p1a: Skarmory|Spikes|p2a: Garchomp
|-sidestart|p2: Dit dus|Spikes
|
|-damage|p1a: Skarmory|88\/334 brn|[from] brn
|turn|5
|
|move|p2a: Garchomp|Fire Blast|p1a: Skarmory
|-supereffective|p1a: Skarmory
|-damage|p1a: Skarmory|0 fnt
|faint|p1a: Skarmory
|
|
|switch|p1a: Keldeo|Keldeo|323\/323
|-damage|p1a: Keldeo|303\/323|[from] Stealth Rock
|turn|6
|
|move|p1a: Keldeo|Scald|p2a: Garchomp
|-damage|p2a: Garchomp|191\/357
|-status|p2a: Garchomp|brn
|move|p2a: Garchomp|Earthquake|p1a: Keldeo
|-damage|p1a: Keldeo|206\/323
|
|-heal|p1a: Keldeo|226\/323|[from] item: Leftovers
|-damage|p2a: Garchomp|147\/357 brn|[from] brn
|turn|7
|
|move|p1a: Keldeo|Scald|p2a: Garchomp
|-damage|p2a: Garchomp|0 fnt
|faint|p2a: Garchomp
|
|-heal|p1a: Keldeo|246\/323|[from] item: Leftovers
|
|switch|p2a: Tornadus-Therian|Tornadus-Therian, M|299\/299
|-damage|p2a: Tornadus-Therian|225\/299|[from] Stealth Rock
|turn|8
|
|switch|p1a: Chansey|Chansey, F|684\/684
|-damage|p1a: Chansey|599\/684|[from] Stealth Rock
|move|p2a: Tornadus-Therian|U-turn|p1a: Chansey
|-damage|p1a: Chansey|499\/684
|-damage|p2a: Tornadus-Therian|196\/299|[from] item: Life Orb
|
|switch|p2a: Rotom-Wash|Rotom-Wash|241\/241
|-damage|p2a: Rotom-Wash|211\/241|[from] Stealth Rock
|
|turn|9
|
|move|p2a: Rotom-Wash|Volt Switch|p1a: Chansey
|-damage|p1a: Chansey|436\/684
|
|switch|p2a: Jirachi|Jirachi|341\/341
|-damage|p2a: Jirachi|285\/341|[from] Spikes
|-damage|p2a: Jirachi|264\/341|[from] Stealth Rock
|move|p1a: Chansey|Seismic Toss|p2a: Jirachi
|-damage|p2a: Jirachi|164\/341
|
|turn|10
|
|move|p2a: Jirachi|Iron Head|p1a: Chansey
|-damage|p1a: Chansey|283\/684
|move|p1a: Chansey|Thunder Wave|p2a: Jirachi
|-status|p2a: Jirachi|par
|
|turn|11
|
|move|p1a: Chansey|Soft-Boiled|p1a: Chansey
|-heal|p1a: Chansey|625\/684
|move|p2a: Jirachi|Iron Head|p1a: Chansey
|-damage|p1a: Chansey|481\/684
|
|turn|12
|
|move|p1a: Chansey|Seismic Toss|p2a: Jirachi
|-damage|p2a: Jirachi|64\/341 par
|cant|p2a: Jirachi|par
|
|turn|13
|
|move|p1a: Chansey|Soft-Boiled|p1a: Chansey
|-heal|p1a: Chansey|684\/684
|move|p2a: Jirachi|Iron Head|p1a: Chansey
|-damage|p1a: Chansey|525\/684
|
|turn|14
|
|move|p1a: Chansey|Soft-Boiled|p1a: Chansey
|-heal|p1a: Chansey|684\/684
|move|p2a: Jirachi|Iron Head|p1a: Chansey
|-damage|p1a: Chansey|518\/684
|
|turn|15
|
|move|p1a: Chansey|Seismic Toss|p2a: Jirachi
|-damage|p2a: Jirachi|0 fnt
|faint|p2a: Jirachi
|
|
|switch|p2a: Heracross|Heracross, F|301\/301
|-damage|p2a: Heracross|251\/301|[from] Spikes
|-damage|p2a: Heracross|214\/301|[from] Stealth Rock
|turn|16
|
|switch|p1a: Heatran|Heatran, M|241\/340
|-damage|p1a: Heatran|199\/340|[from] Stealth Rock
|detailschange|p2a: Heracross|Heracross-Mega, F
|message|Heracross has Mega Evolved into Mega Heracross!
|move|p2a: Heracross|Pin Missile|p1a: Heatran
|-resisted|p1a: Heatran
|-damage|p1a: Heatran|189\/340
|-resisted|p1a: Heatran
|-damage|p1a: Heatran|178\/340
|-crit|p1a: Heatran
|-resisted|p1a: Heatran
|-damage|p1a: Heatran|160\/340
|-resisted|p1a: Heatran
|-damage|p1a: Heatran|149\/340
|-resisted|p1a: Heatran
|-damage|p1a: Heatran|137\/340
|-hitcount|p1a: Heatran|5
|
|turn|17
|
|switch|p2a: Clefable|Clefable, M|394\/394
|move|p1a: Heatran|Fire Blast|p2a: Clefable
|-damage|p2a: Clefable|217\/394
|-status|p2a: Clefable|brn
|
|turn|18
|
|move|p1a: Heatran|Taunt|p2a: Clefable
|-start|p2a: Clefable|move: Taunt
|cant|p2a: Clefable|move: Taunt|Soft-Boiled
|
|turn|19
|
|move|p1a: Heatran|Fire Blast|p2a: Clefable
|-damage|p2a: Clefable|51\/394 brn
|move|p2a: Clefable|Moonblast|p1a: Heatran
|-resisted|p1a: Heatran
|-damage|p1a: Heatran|102\/340
|
|turn|20
|
|move|p1a: Heatran|Fire Blast|p2a: Clefable
|-damage|p2a: Clefable|0 fnt
|faint|p2a: Clefable
|
|
|switch|p2a: Tornadus-Therian|Tornadus-Therian, M|295\/299
|-damage|p2a: Tornadus-Therian|221\/299|[from] Stealth Rock
|turn|21
|
|move|p2a: Tornadus-Therian|Hurricane|p1a: Heatran
|-resisted|p1a: Heatran
|-damage|p1a: Heatran|0 fnt
|-damage|p2a: Tornadus-Therian|192\/299|[from] item: Life Orb
|faint|p1a: Heatran
|
|
|switch|p1a: Chansey|Chansey, F|518\/684
|-damage|p1a: Chansey|433\/684|[from] Stealth Rock
|turn|22
|
|switch|p2a: Rotom-Wash|Rotom-Wash|211\/241
|-damage|p2a: Rotom-Wash|181\/241|[from] Stealth Rock
|move|p1a: Chansey|Seismic Toss|p2a: Rotom-Wash
|-damage|p2a: Rotom-Wash|81\/241
|
|turn|23
|
|switch|p1a: Venusaur|Venusaur, M|364\/364
|-damage|p1a: Venusaur|319\/364|[from] Stealth Rock
|move|p2a: Rotom-Wash|Trick|p1a: Venusaur
|-fail|p1a: Venusaur
|
|turn|24
|
|detailschange|p1a: Venusaur|Venusaur-Mega, M
|message|Venusaur has Mega Evolved into Mega Venusaur!
|move|p2a: Rotom-Wash|Trick|p1a: Venusaur
|-fail|p1a: Venusaur
|move|p1a: Venusaur|Leech Seed|p2a: Rotom-Wash|[miss]
|-miss|p1a: Venusaur|p2a: Rotom-Wash
|
|turn|25
|
|move|p2a: Rotom-Wash|Trick|p1a: Venusaur
|-fail|p1a: Venusaur
|move|p1a: Venusaur|Leech Seed|p2a: Rotom-Wash
|-start|p2a: Rotom-Wash|move: Leech Seed
|
|-damage|p2a: Rotom-Wash|51\/241|[from] Leech Seed|[of] p1a: Venusaur
|-heal|p1a: Venusaur|349\/364|[silent]
|turn|26
|
|switch|p1a: Keldeo|Keldeo|246\/323
|-damage|p1a: Keldeo|226\/323|[from] Stealth Rock
|move|p2a: Rotom-Wash|Trick|p1a: Keldeo
|-activate|p2a: Rotom-Wash|move: Trick|[of] p1a: Keldeo
|-item|p1a: Keldeo|Choice Scarf|[from] move: Trick
|-item|p2a: Rotom-Wash|Leftovers|[from] move: Trick
|
|-heal|p2a: Rotom-Wash|66\/241|[from] item: Leftovers
|-damage|p2a: Rotom-Wash|36\/241|[from] Leech Seed|[of] p1a: Keldeo
|-heal|p1a: Keldeo|256\/323|[silent]
|turn|27
|-message|Dit dus forfeited.
|
|win|Aka DH
|raw|Ladder updating...
|raw|Aka DH's rating: 1851 &rarr; <strong>1866<\/strong><br \/>(+15 for winning)
|raw|Dit dus's rating: 1759 &rarr; <strong>1744<\/strong><br \/>(-15 for losing)
|leave|Dit dus
|player|p2