|join|maxpotterzerk
|join|Dit dus
|player|p1|maxpotterzerk|101
|player|p2|Dit dus|101
|gametype|singles
|gen|6
|tier|OU
|rated
|clearpoke
|poke|p1|Landorus-Therian, M
|poke|p1|Pinsir, M
|poke|p1|Keldeo
|poke|p1|Heatran, M
|poke|p1|Magnezone
|poke|p1|Latios, M
|poke|p2|Klefki, F
|poke|p2|Keldeo
|poke|p2|Ferrothorn, M
|poke|p2|Latios, M
|poke|p2|Crawdaunt, M
|poke|p2|Landorus-Therian, M
|rule|Swagger Clause: Swagger is banned
|rule|Baton Pass Clause: Limit one PokÃ©mon knowing Baton Pass
|rule|Sleep Clause Mod: Limit one foe put to sleep
|rule|Species Clause: Limit one of each PokÃ©mon
|rule|OHKO Clause: OHKO moves are banned
|rule|Moody Clause: Moody is banned
|rule|Evasion Moves Clause: Evasion moves are banned
|rule|Endless Battle Clause: Forcing endless battles is banned
|rule|HP Percentage Mod: HP is shown in percentages
|teampreview
|
|start
|switch|p1a: Magnezone|Magnezone|344\/344
|switch|p2a: Latios|Latios, M|302\/302
|turn|1
|
|move|p2a: Latios|Surf|p1a: Magnezone
|-damage|p1a: Magnezone|235\/344
|-damage|p2a: Latios|272\/302|[from] item: Life Orb
|move|p1a: Magnezone|Flash Cannon|p2a: Latios
|-crit|p2a: Latios
|-damage|p2a: Latios|59\/302
|
|turn|2
|
|move|p2a: Latios|Recover|p2a: Latios
|-heal|p2a: Latios|210\/302
|move|p1a: Magnezone|Volt Switch|p2a: Latios
|-resisted|p2a: Latios
|-damage|p2a: Latios|150\/302
|
|switch|p1a: Landorus-Therian|Landorus-Therian, M|319\/319
|-ability|p1a: Landorus-Therian|Intimidate|[of] p2a: Latios
|-unboost|p2a: Latios|atk|1
|
|turn|3
|
|switch|p2a: Ferrothorn|Ferrothorn, M|352\/352
|move|p1a: Landorus-Therian|U-turn|p2a: Ferrothorn
|-damage|p2a: Ferrothorn|291\/352
|-damage|p1a: Landorus-Therian|280\/319|[from] ability: Iron Barbs|[of] p2a: Ferrothorn
|
|switch|p1a: Magnezone|Magnezone|235\/344
|
|-heal|p2a: Ferrothorn|313\/352|[from] item: Leftovers
|turn|4
|
|move|p2a: Ferrothorn|Protect|p2a: Ferrothorn
|-singleturn|p2a: Ferrothorn|Protect
|move|p1a: Magnezone|Hidden Power|p2a: Ferrothorn
|-activate|p2a: Ferrothorn|Protect
|
|-heal|p2a: Ferrothorn|335\/352|[from] item: Leftovers
|turn|5
|
|move|p1a: Magnezone|Hidden Power|p2a: Ferrothorn
|-crit|p2a: Ferrothorn
|-supereffective|p2a: Ferrothorn
|-damage|p2a: Ferrothorn|0 fnt
|faint|p2a: Ferrothorn
|
|
|switch|p2a: Landorus-Therian|Landorus-Therian, M|320\/320
|-ability|p2a: Landorus-Therian|Intimidate|[of] p1a: Magnezone
|-unboost|p1a: Magnezone|atk|1
|turn|6
|
|move|p2a: Landorus-Therian|U-turn|p1a: Magnezone
|-resisted|p1a: Magnezone
|-damage|p1a: Magnezone|192\/344
|
|switch|p2a: Latios|Latios, M|150\/302
|move|p1a: Magnezone|Flash Cannon|p2a: Latios
|-damage|p2a: Latios|0 fnt
|faint|p2a: Latios
|
|
|switch|p2a: Klefki|Klefki, F|318\/318
|turn|7
|
|move|p2a: Klefki|Spikes|p1a: Magnezone
|-sidestart|p1: maxpotterzerk|Spikes
|move|p1a: Magnezone|Flash Cannon|p2a: Klefki
|-damage|p2a: Klefki|189\/318
|
|-heal|p2a: Klefki|208\/318|[from] item: Leftovers
|turn|8
|
|move|p2a: Klefki|Light Screen|p2a: Klefki
|-sidestart|p2: Dit dus|move: Light Screen
|move|p1a: Magnezone|Flash Cannon|p2a: Klefki
|-damage|p2a: Klefki|148\/318
|
|-heal|p2a: Klefki|167\/318|[from] item: Leftovers
|turn|9
|
|move|p2a: Klefki|Rain Dance|p2a: Klefki
|-weather|RainDance
|move|p1a: Magnezone|Flash Cannon|p2a: Klefki
|-damage|p2a: Klefki|100\/318
|
|-weather|RainDance|[upkeep]
|-heal|p2a: Klefki|119\/318|[from] item: Leftovers
|turn|10
|
|move|p2a: Klefki|Spikes|p1a: Magnezone
|-sidestart|p1: maxpotterzerk|Spikes
|move|p1a: Magnezone|Flash Cannon|p2a: Klefki
|-damage|p2a: Klefki|62\/318
|
|-weather|RainDance|[upkeep]
|-heal|p2a: Klefki|81\/318|[from] item: Leftovers
|turn|11
|
|move|p2a: Klefki|Spikes|p1a: Magnezone
|-sidestart|p1: maxpotterzerk|Spikes
|move|p1a: Magnezone|Flash Cannon|p2a: Klefki
|-damage|p2a: Klefki|21\/318
|
|-weather|RainDance|[upkeep]
|-heal|p2a: Klefki|40\/318|[from] item: Leftovers
|turn|12
|
|move|p2a: Klefki|Rain Dance|p2a: Klefki
|-fail|p2a: Klefki
|move|p1a: Magnezone|Flash Cannon|p2a: Klefki
|-damage|p2a: Klefki|0 fnt
|faint|p2a: Klefki
|
|-weather|RainDance|[upkeep]
|-sideend|p2: Dit dus|move: Light Screen
|
|switch|p2a: Keldeo|Keldeo|323\/323
|turn|13
|
|switch|p1a: Latios|Latios, M|302\/302
|move|p2a: Keldeo|Scald|p1a: Latios
|-resisted|p1a: Latios
|-damage|p1a: Latios|164\/302
|
|-weather|none
|turn|14
|
|switch|p2a: Crawdaunt|Crawdaunt, M|267\/267
|move|p1a: Latios|Draco Meteor|p2a: Crawdaunt
|-damage|p2a: Crawdaunt|0 fnt
|-unboost|p1a: Latios|spa|2
|-damage|p1a: Latios|134\/302|[from] item: Life Orb
|faint|p2a: Crawdaunt
|
|
|switch|p2a: Landorus-Therian|Landorus-Therian, M|320\/320
|-ability|p2a: Landorus-Therian|Intimidate|[of] p1a: Latios
|-unboost|p1a: Latios|atk|1
|turn|15
|
|switch|p1a: Keldeo|Keldeo|322\/322
|-damage|p1a: Keldeo|242\/322|[from] Spikes
|move|p2a: Landorus-Therian|U-turn|p1a: Keldeo
|-resisted|p1a: Keldeo
|-damage|p1a: Keldeo|196\/322
|
|switch|p2a: Keldeo|Keldeo|323\/323
|
|turn|16
|
|move|p1a: Keldeo|Secret Sword|p2a: Keldeo
|-damage|p2a: Keldeo|59\/323
|move|p2a: Keldeo|Hidden Power|p1a: Keldeo
|-supereffective|p1a: Keldeo
|-damage|p1a: Keldeo|0 fnt
|faint|p1a: Keldeo
|
|
|switch|p1a: Latios|Latios, M|134\/302
|turn|17
|
|switch|p2a: Landorus-Therian|Landorus-Therian, M|320\/320
|-ability|p2a: Landorus-Therian|Intimidate|[of] p1a: Latios
|-unboost|p1a: Latios|atk|1
|move|p1a: Latios|Ice Beam|p2a: Landorus-Therian
|-supereffective|p2a: Landorus-Therian
|-damage|p2a: Landorus-Therian|0 fnt
|-damage|p1a: Latios|104\/302|[from] item: Life Orb
|faint|p2a: Landorus-Therian
|
|c|âDit dus|gg
|-message|Dit dus forfeited.
|
|win|maxpotterzerk
|raw|Ladder updating...
|leave|Dit dus
|player|p2
|raw|maxpotterzerk's rating: 1630 &rarr; <strong>1652<\/strong><br \/>(+22 for winning)
|raw|Dit dus's rating: 1676 &rarr; <strong>1653<\/strong><br \/>(-23 for losing)