|join|Dit dus
|join|Unknown Identity
|player|p1|Dit dus|266
|player|p2|Unknown Identity|8
|gametype|singles
|gen|6
|tier|OU
|rated
|clearpoke
|poke|p1|Landorus-Therian, M
|poke|p1|Azumarill, F
|poke|p1|Mamoswine, F
|poke|p1|Aegislash, M
|poke|p1|Togekiss, F
|poke|p1|Rotom-Wash
|poke|p2|Landorus, M
|poke|p2|Mawile, M
|poke|p2|Garchomp, M
|poke|p2|Keldeo
|poke|p2|Aegislash, F
|poke|p2|Thundurus, M
|rule|Swagger Clause: Swagger is banned
|rule|Baton Pass Clause: Limit three PokÃ©mon knowing Baton Pass
|rule|Sleep Clause Mod: Limit one foe put to sleep
|rule|Species Clause: Limit one of each PokÃ©mon
|rule|OHKO Clause: OHKO moves are banned
|rule|Moody Clause: Moody is banned
|rule|Evasion Moves Clause: Evasion moves are banned
|rule|Endless Battle Clause: Forcing endless battles is banned
|rule|HP Percentage Mod: HP is reported as percentages
|teampreview
|
|start
|switch|p1a: Aegislash|Aegislash, M|324\/324
|switch|p2a: Garchomp|Garchomp, M|358\/358
|turn|1
|
|move|p2a: Garchomp|Stealth Rock|p1a: Aegislash
|-sidestart|p1: Dit dus|move: Stealth Rock
|-formechange|p1a: Aegislash|Aegislash-Blade
|move|p1a: Aegislash|Hidden Power|p2a: Garchomp
|-supereffective|p2a: Garchomp
|-enditem|p2a: Garchomp|Focus Sash
|-damage|p2a: Garchomp|1\/358
|-damage|p1a: Aegislash|292\/324|[from] item: Life Orb
|
|turn|2
|
|-formechange|p1a: Aegislash|Aegislash
|move|p1a: Aegislash|King's Shield|p1a: Aegislash
|-singleturn|p1a: Aegislash|Protect
|move|p2a: Garchomp|Earthquake|p1a: Aegislash
|-activate|p1a: Aegislash|Protect
|
|turn|3
|
|switch|p1a: Rotom-Wash|Rotom-Wash|241\/241
|-damage|p1a: Rotom-Wash|211\/241|[from] Stealth Rock
|move|p2a: Garchomp|Earthquake|p1a: Rotom-Wash
|-immune|p1a: Rotom-Wash|[msg]
|
|turn|4
|
|move|p1a: Rotom-Wash|Hydro Pump|p2a: Garchomp|[miss]
|-miss|p1a: Rotom-Wash|p2a: Garchomp
|move|p2a: Garchomp|Dragon Claw|p1a: Rotom-Wash
|-damage|p1a: Rotom-Wash|85\/241
|
|turn|5
|
|switch|p2a: Keldeo|Keldeo|322\/322
|move|p1a: Rotom-Wash|Hydro Pump|p2a: Keldeo
|-resisted|p2a: Keldeo
|-damage|p2a: Keldeo|235\/322
|
|turn|6
|
|switch|p1a: Azumarill|Azumarill, F|404\/404
|-damage|p1a: Azumarill|354\/404|[from] Stealth Rock
|move|p2a: Keldeo|Scald|p1a: Azumarill
|-resisted|p1a: Azumarill
|-damage|p1a: Azumarill|267\/404
|-status|p1a: Azumarill|brn
|
|-damage|p1a: Azumarill|217\/404 brn|[from] brn
|turn|7
|
|switch|p2a: Mawile|Mawile, M|242\/242
|-ability|p2a: Mawile|Intimidate|[of] p1a: Azumarill
|-unboost|p1a: Azumarill|atk|1
|move|p1a: Azumarill|Waterfall|p2a: Mawile
|-damage|p2a: Mawile|173\/242
|
|-damage|p1a: Azumarill|167\/404 brn|[from] brn
|turn|8
|
|detailschange|p2a: Mawile|Mawile-Mega, M
|message|Mawile has Mega Evolved into Mega Mawile!
|move|p2a: Mawile|Play Rough|p1a: Azumarill
|-damage|p1a: Azumarill|0 fnt
|faint|p1a: Azumarill
|
|
|switch|p1a: Mamoswine|Mamoswine, F|403\/403
|-damage|p1a: Mamoswine|353\/403|[from] Stealth Rock
|turn|9
|
|switch|p2a: Garchomp|Garchomp, M|1\/358
|move|p1a: Mamoswine|Stealth Rock|p2a: Garchomp
|-sidestart|p2: Unknown Identity|move: Stealth Rock
|
|turn|10
|
|move|p1a: Mamoswine|Ice Shard|p2a: Garchomp
|-supereffective|p2a: Garchomp
|-damage|p2a: Garchomp|0 fnt
|-damage|p1a: Mamoswine|313\/403|[from] item: Life Orb
|faint|p2a: Garchomp
|
|
|switch|p2a: Keldeo|Keldeo|235\/322
|-damage|p2a: Keldeo|215\/322|[from] Stealth Rock
|turn|11
|
|switch|p1a: Togekiss|Togekiss, F|374\/374
|-damage|p1a: Togekiss|281\/374|[from] Stealth Rock
|move|p2a: Keldeo|Scald|p1a: Togekiss
|-damage|p1a: Togekiss|107\/374
|-status|p1a: Togekiss|brn
|
|-heal|p1a: Togekiss|130\/374 brn|[from] item: Leftovers
|-damage|p1a: Togekiss|84\/374 brn|[from] brn
|turn|12
|
|move|p2a: Keldeo|Scald|p1a: Togekiss
|-damage|p1a: Togekiss|0 fnt
|faint|p1a: Togekiss
|
|
|switch|p1a: Aegislash|Aegislash, M|292\/324
|-damage|p1a: Aegislash|272\/324|[from] Stealth Rock
|turn|13
|
|move|p2a: Keldeo|Scald|p1a: Aegislash
|-damage|p1a: Aegislash|116\/324
|-status|p1a: Aegislash|brn
|-formechange|p1a: Aegislash|Aegislash-Blade
|move|p1a: Aegislash|Shadow Ball|p2a: Keldeo
|-damage|p2a: Keldeo|0 fnt
|-damage|p1a: Aegislash|84\/324 brn|[from] item: Life Orb
|faint|p2a: Keldeo
|
|-damage|p1a: Aegislash|44\/324 brn|[from] brn
|chat|Dit dus|keldeo on fire
|
|switch|p2a: Thundurus|Thundurus, M|299\/299
|-damage|p2a: Thundurus|225\/299|[from] Stealth Rock
|turn|14
|
|move|p2a: Thundurus|Hidden Power|p1a: Aegislash
|-resisted|p1a: Aegislash
|-damage|p1a: Aegislash|0 fnt
|-damage|p2a: Thundurus|196\/299|[from] item: Life Orb
|faint|p1a: Aegislash
|
|
|switch|p1a: Rotom-Wash|Rotom-Wash|85\/241
|-damage|p1a: Rotom-Wash|55\/241|[from] Stealth Rock
|turn|15
|
|move|p1a: Rotom-Wash|Hydro Pump|p2a: Thundurus|[miss]
|-miss|p1a: Rotom-Wash|p2a: Thundurus
|move|p2a: Thundurus|Superpower|p1a: Rotom-Wash
|-damage|p1a: Rotom-Wash|0 fnt
|-unboost|p2a: Thundurus|atk|1
|-unboost|p2a: Thundurus|def|1
|-damage|p2a: Thundurus|167\/299|[from] item: Life Orb
|faint|p1a: Rotom-Wash
|
|
|switch|p1a: Mamoswine|Mamoswine, F|313\/403
|-damage|p1a: Mamoswine|263\/403|[from] Stealth Rock
|turn|16
|
|switch|p2a: Landorus|Landorus, M|320\/320
|-damage|p2a: Landorus|280\/320|[from] Stealth Rock
|move|p1a: Mamoswine|Ice Shard|p2a: Landorus
|-supereffective|p2a: Landorus
|-damage|p2a: Landorus|0 fnt
|-damage|p1a: Mamoswine|223\/403|[from] item: Life Orb
|faint|p2a: Landorus
|
|
|switch|p2a: Aegislash|Aegislash, F|261\/261
|-damage|p2a: Aegislash|245\/261|[from] Stealth Rock
|-item|p2a: Aegislash|Air Balloon
|turn|17
|chat|Unknown Identity|i think this is over 
|
|-formechange|p2a: Aegislash|Aegislash-Blade
|move|p2a: Aegislash|Shadow Ball|p1a: Mamoswine
|-damage|p1a: Mamoswine|0 fnt
|faint|p1a: Mamoswine
|
|chat|Unknown Identity|balloon saves the day
|chat|Unknown Identity|o i outspeed
|
|switch|p1a: Landorus-Therian|Landorus-Therian, M|331\/331
|-damage|p1a: Landorus-Therian|290\/331|[from] Stealth Rock
|-ability|p1a: Landorus-Therian|Intimidate|[of] p2a: Aegislash
|-unboost|p2a: Aegislash|atk|1
|turn|18
|
|-formechange|p2a: Aegislash|Aegislash
|move|p2a: Aegislash|King's Shield|p2a: Aegislash
|-singleturn|p2a: Aegislash|Protect
|move|p1a: Landorus-Therian|Rock Polish|p1a: Landorus-Therian
|-boost|p1a: Landorus-Therian|spe|2
|
|turn|19
|
|move|p1a: Landorus-Therian|Knock Off|p2a: Aegislash
|-supereffective|p2a: Aegislash
|-damage|p2a: Aegislash|0 fnt
|-enditem|p2a: Aegislash|Air Balloon
|-enditem|p2a: Aegislash|Air Balloon|[from] move: Knock Off|[of] p1a: Landorus-Therian
|-damage|p1a: Landorus-Therian|257\/331|[from] item: Life Orb
|faint|p2a: Aegislash
|
|chat|Unknown Identity|who the fuck uses ths shit
|chat|Unknown Identity|youre so terribly bad
|
|switch|p2a: Thundurus|Thundurus, M|167\/299
|-damage|p2a: Thundurus|93\/299|[from] Stealth Rock
|turn|20
|
|switch|p2a: Mawile|Mawile-Mega, M|173\/242
|-damage|p2a: Mawile|158\/242|[from] Stealth Rock
|move|p1a: Landorus-Therian|Smack Down|p2a: Mawile
|-resisted|p2a: Mawile
|-damage|p2a: Mawile|123\/242
|-damage|p1a: Landorus-Therian|224\/331|[from] item: Life Orb
|
|turn|21
|
|switch|p2a: Thundurus|Thundurus, M|93\/299
|-damage|p2a: Thundurus|19\/299|[from] Stealth Rock
|move|p1a: Landorus-Therian|Earthquake|p2a: Thundurus
|-immune|p2a: Thundurus|[msg]
|
|turn|22
|
|move|p1a: Landorus-Therian|Smack Down|p2a: Thundurus
|-supereffective|p2a: Thundurus
|-damage|p2a: Thundurus|0 fnt
|-damage|p1a: Landorus-Therian|191\/331|[from] item: Life Orb
|faint|p2a: Thundurus
|
|
|switch|p2a: Mawile|Mawile-Mega, M|123\/242
|-damage|p2a: Mawile|108\/242|[from] Stealth Rock
|turn|23
|
|move|p2a: Mawile|Sucker Punch|p1a: Landorus-Therian
|-damage|p1a: Landorus-Therian|0 fnt
|faint|p1a: Landorus-Therian
|
|win|Unknown Identity
|raw|Ladder updating...
|raw|Dit dus's rating: 1684 &rarr; <strong>1664<\/strong><br \/>(-20 for losing)
|raw|Unknown Identity's rating: 1674 &rarr; <strong>1695<\/strong><br \/>(+21 for winning)
|chat|Unknown Identity|im too good