|join|Lana Del Phox
|join|dit dus
|player|p1|Lana Del Phox|112
|player|p2|dit dus|1
|gametype|singles
|gen|6
|tier|OU
|rated
|clearpoke
|poke|p1|Ampharos, M
|poke|p1|Excadrill, M
|poke|p1|Keldeo-Resolute
|poke|p1|Talonflame, F
|poke|p1|Rotom-Wash, shiny
|poke|p1|Togekiss, F
|poke|p2|Keldeo-Resolute
|poke|p2|Landorus-Therian, M
|poke|p2|Rotom-Wash
|poke|p2|Ferrothorn, F
|poke|p2|Victini
|poke|p2|Latios, M
|rule|Swagger Clause: Swagger is banned
|rule|Baton Pass Clause: Limit one PokÃ©mon knowing Baton Pass
|rule|Sleep Clause Mod: Limit one foe put to sleep
|rule|Species Clause: Limit one of each PokÃ©mon
|rule|OHKO Clause: OHKO moves are banned
|rule|Moody Clause: Moody is banned
|rule|Evasion Moves Clause: Evasion moves are banned
|rule|Endless Battle Clause: Forcing endless battles is banned
|rule|HP Percentage Mod: HP is shown in percentages
|teampreview
|
|start
|switch|p1a: WishyWashy|Rotom-Wash, shiny|304\/304
|switch|p2a: Rotom-Wash|Rotom-Wash|304\/304
|turn|1
|
|move|p2a: Rotom-Wash|Volt Switch|p1a: WishyWashy
|-crit|p1a: WishyWashy
|-damage|p1a: WishyWashy|219\/304
|
|switch|p2a: Victini|Victini|341\/341
|move|p1a: WishyWashy|Will-O-Wisp|p2a: Victini
|-fail|p2a: Victini
|
|-heal|p1a: WishyWashy|238\/304|[from] item: Leftovers
|turn|2
|
|move|p2a: Victini|U-turn|p1a: WishyWashy
|-damage|p1a: WishyWashy|177\/304
|
|switch|p2a: Latios|Latios, M|302\/302
|move|p1a: WishyWashy|Volt Switch|p2a: Latios
|-resisted|p2a: Latios
|-damage|p2a: Latios|260\/302
|
|switch|p1a: Grace|Togekiss, F|374\/374
|
|turn|3
|
|switch|p2a: Ferrothorn|Ferrothorn, F|352\/352
|move|p1a: Grace|Nasty Plot|p1a: Grace
|-boost|p1a: Grace|spa|2
|
|turn|4
|
|switch|p2a: Victini|Victini|341\/341
|move|p1a: Grace|Air Slash|p2a: Victini
|-damage|p2a: Victini|140\/341
|
|turn|5
|
|move|p2a: Victini|V-create|p1a: Grace
|-damage|p1a: Grace|115\/374
|-unboost|p2a: Victini|def|1
|-unboost|p2a: Victini|spd|1
|-unboost|p2a: Victini|spe|1
|move|p1a: Grace|Baton Pass|p1a: Grace
|
|switch|p1a: Amphabio|Ampharos, M|322\/322
|
|turn|6
|
|switch|p2a: Ferrothorn|Ferrothorn, F|352\/352
|detailschange|p1a: Amphabio|Ampharos-Mega, M
|message|Ampharos has Mega Evolved into Mega Ampharos!
|-ability|p1a: Amphabio|Mold Breaker
|move|p1a: Amphabio|Agility|p1a: Amphabio
|-boost|p1a: Amphabio|spe|2
|
|turn|7
|
|move|p1a: Amphabio|Focus Blast|p2a: Ferrothorn
|-supereffective|p2a: Ferrothorn
|-damage|p2a: Ferrothorn|0 fnt
|faint|p2a: Ferrothorn
|
|
|switch|p2a: Victini|Victini|140\/341
|turn|8
|
|move|p2a: Victini|U-turn|p1a: Amphabio
|-damage|p1a: Amphabio|254\/322
|
|switch|p2a: Rotom-Wash|Rotom-Wash|304\/304
|move|p1a: Amphabio|Dragon Pulse|p2a: Rotom-Wash
|-damage|p2a: Rotom-Wash|24\/304
|
|-heal|p2a: Rotom-Wash|43\/304|[from] item: Leftovers
|turn|9
|
|move|p1a: Amphabio|Dragon Pulse|p2a: Rotom-Wash
|-damage|p2a: Rotom-Wash|0 fnt
|faint|p2a: Rotom-Wash
|
|
|switch|p2a: Latios|Latios, M|260\/302
|turn|10
|
|move|p1a: Amphabio|Dragon Pulse|p2a: Latios
|-supereffective|p2a: Latios
|-damage|p2a: Latios|0 fnt
|faint|p2a: Latios
|
|-message|dit dus forfeited.
|
|win|Lana Del Phox
|raw|Ladder updating...
|leave|dit dus
|player|p2
|raw|Lana Del Phox's rating: 1574 &rarr; <strong>1595<\/strong><br \/>(+21 for winning)
|raw|dit dus's rating: 1583 &rarr; <strong>1562<\/strong><br \/>(-21 for losing)