|join|KTN Arknight
|join|Dit dus
|player|p1|KTN Arknight|40
|player|p2|Dit dus|169
|gametype|singles
|gen|6
|tier|OU
|rated
|clearpoke
|poke|p1|Gliscor, F
|poke|p1|Chansey, F
|poke|p1|Quagsire, M
|poke|p1|Heatran, M
|poke|p1|Skarmory, M
|poke|p1|Venusaur, M
|poke|p2|Skarmory, M
|poke|p2|Azumarill, F
|poke|p2|Mamoswine, M
|poke|p2|Aegislash, F
|poke|p2|Togekiss, F
|poke|p2|Rotom-Wash
|rule|Swagger Clause: Swagger is banned
|rule|Baton Pass Clause: Limit one PokÃ©mon knowing Baton Pass
|rule|Sleep Clause Mod: Limit one foe put to sleep
|rule|Species Clause: Limit one of each PokÃ©mon
|rule|OHKO Clause: OHKO moves are banned
|rule|Moody Clause: Moody is banned
|rule|Evasion Moves Clause: Evasion moves are banned
|rule|Endless Battle Clause: Forcing endless battles is banned
|rule|HP Percentage Mod: HP is reported as percentages
|teampreview
|
|start
|switch|p1a: Pyro|Heatran, M|386\/386
|switch|p2a: Azumarill|Azumarill, F|404\/404
|turn|1
|
|switch|p1a: Root|Venusaur, M|364\/364
|move|p2a: Azumarill|Waterfall|p1a: Root
|-crit|p1a: Root
|-resisted|p1a: Root
|-damage|p1a: Root|245\/364
|
|turn|2
|
|switch|p2a: Togekiss|Togekiss, F|374\/374
|detailschange|p1a: Root|Venusaur-Mega, M
|message|Venusaur has Mega Evolved into Mega Venusaur!
|move|p1a: Root|Giga Drain|p2a: Togekiss
|-resisted|p2a: Togekiss
|-damage|p2a: Togekiss|320\/374
|-heal|p1a: Root|272\/364|[from] drain|[of] p2a: Togekiss
|
|-heal|p2a: Togekiss|343\/374|[from] item: Leftovers
|turn|3
|
|switch|p1a: Pyro|Heatran, M|386\/386
|move|p2a: Togekiss|Thunder Wave|p1a: Pyro
|-status|p1a: Pyro|par
|
|-heal|p2a: Togekiss|366\/374|[from] item: Leftovers
|turn|4
|
|switch|p2a: Azumarill|Azumarill, F|404\/404
|move|p1a: Pyro|Stealth Rock|p2a: Azumarill
|-sidestart|p2: Dit dus|move: Stealth Rock
|
|turn|5
|
|switch|p2a: Skarmory|Skarmory, M|334\/334
|-damage|p2a: Skarmory|293\/334|[from] Stealth Rock
|switch|p1a: Root|Venusaur-Mega, M|272\/364
|
|-heal|p2a: Skarmory|313\/334|[from] item: Leftovers
|turn|6
|
|switch|p1a: Pyro|Heatran, M|386\/386 par
|move|p2a: Skarmory|Spikes|p1a: Pyro
|-sidestart|p1: KTN Arknight|Spikes
|
|-heal|p2a: Skarmory|333\/334|[from] item: Leftovers
|turn|7
|
|switch|p2a: Rotom-Wash|Rotom-Wash|241\/241
|-damage|p2a: Rotom-Wash|211\/241|[from] Stealth Rock
|move|p1a: Pyro|Lava Plume|p2a: Rotom-Wash
|-resisted|p2a: Rotom-Wash
|-damage|p2a: Rotom-Wash|160\/241
|
|turn|8
|
|move|p2a: Rotom-Wash|Trick|p1a: Pyro
|-activate|p2a: Rotom-Wash|move: Trick|[of] p1a: Pyro
|-item|p1a: Pyro|Choice Scarf|[from] move: Trick
|-item|p2a: Rotom-Wash|Leftovers|[from] move: Trick
|move|p1a: Pyro|Toxic|p2a: Rotom-Wash
|-status|p2a: Rotom-Wash|tox
|
|-heal|p2a: Rotom-Wash|175\/241 tox|[from] item: Leftovers
|-damage|p2a: Rotom-Wash|160\/241 tox|[from] psn
|turn|9
|
|switch|p1a: Root|Venusaur-Mega, M|272\/364
|-damage|p1a: Root|227\/364|[from] Spikes
|move|p2a: Rotom-Wash|Volt Switch|p1a: Root
|-resisted|p1a: Root
|-damage|p1a: Root|182\/364
|
|switch|p2a: Togekiss|Togekiss, F|366\/374
|-damage|p2a: Togekiss|273\/374|[from] Stealth Rock
|
|-heal|p2a: Togekiss|296\/374|[from] item: Leftovers
|turn|10
|
|switch|p1a: Chansey|Chansey, F|704\/704
|-damage|p1a: Chansey|616\/704|[from] Spikes
|move|p2a: Togekiss|Air Slash|p1a: Chansey
|-damage|p1a: Chansey|546\/704
|
|-heal|p2a: Togekiss|319\/374|[from] item: Leftovers
|turn|11
|
|switch|p2a: Mamoswine|Mamoswine, M|401\/401
|-damage|p2a: Mamoswine|351\/401|[from] Stealth Rock
|move|p1a: Chansey|Heal Bell|p1a: Chansey
|-cureteam|p1a: Chansey|[from] move: HealBell
|
|turn|12
|
|switch|p1a: Roc|Skarmory, M|334\/334
|move|p2a: Mamoswine|Stealth Rock|p1a: Roc
|-sidestart|p1: KTN Arknight|move: Stealth Rock
|
|turn|13
|
|move|p2a: Mamoswine|Icicle Crash|p1a: Roc|[miss]
|-miss|p2a: Mamoswine|p1a: Roc
|move|p1a: Roc|Defog|p2a: Mamoswine
|-unboost|p2a: Mamoswine|evasion|1
|-sideend|p2: Dit dus|Stealth Rock|[from] move: Defog|[of] p2a: Mamoswine
|-sideend|p1: KTN Arknight|Spikes|[from] move: Defog|[of] p1a: Roc
|-sideend|p1: KTN Arknight|Stealth Rock|[from] move: Defog|[of] p1a: Roc
|
|turn|14
|
|move|p2a: Mamoswine|Stealth Rock|p1a: Roc
|-sidestart|p1: KTN Arknight|move: Stealth Rock
|move|p1a: Roc|Spikes|p2a: Mamoswine
|-sidestart|p2: Dit dus|Spikes
|
|turn|15
|
|switch|p2a: Togekiss|Togekiss, F|319\/374
|move|p1a: Roc|Defog|p2a: Togekiss
|-unboost|p2a: Togekiss|evasion|1
|-sideend|p2: Dit dus|Spikes|[from] move: Defog|[of] p2a: Togekiss
|-sideend|p1: KTN Arknight|Stealth Rock|[from] move: Defog|[of] p1a: Roc
|
|-heal|p2a: Togekiss|342\/374|[from] item: Leftovers
|turn|16
|
|switch|p1a: Pyro|Heatran, M|386\/386
|move|p2a: Togekiss|Fire Blast|p1a: Pyro
|-start|p1a: Pyro|ability: Flash Fire
|
|-heal|p2a: Togekiss|365\/374|[from] item: Leftovers
|turn|17
|
|switch|p2a: Rotom-Wash|Rotom-Wash|160\/241 tox
|move|p1a: Pyro|Toxic|p2a: Rotom-Wash
|-fail|p2a: Rotom-Wash|tox
|
|-heal|p2a: Rotom-Wash|175\/241 tox|[from] item: Leftovers
|-damage|p2a: Rotom-Wash|160\/241 tox|[from] psn
|turn|18
|
|switch|p1a: Chansey|Chansey, F|546\/704
|move|p2a: Rotom-Wash|Will-O-Wisp|p1a: Chansey
|-status|p1a: Chansey|brn
|
|-heal|p2a: Rotom-Wash|175\/241 tox|[from] item: Leftovers
|-damage|p2a: Rotom-Wash|145\/241 tox|[from] psn
|-damage|p1a: Chansey|458\/704 brn|[from] brn
|turn|19
|
|move|p2a: Rotom-Wash|Trick|p1a: Chansey
|-activate|p2a: Rotom-Wash|move: Trick|[of] p1a: Chansey
|-item|p1a: Chansey|Leftovers|[from] move: Trick
|-item|p2a: Rotom-Wash|Eviolite|[from] move: Trick
|move|p1a: Chansey|Soft-Boiled|p1a: Chansey
|-heal|p1a: Chansey|704\/704 brn
|
|-damage|p2a: Rotom-Wash|100\/241 tox|[from] psn
|-damage|p1a: Chansey|616\/704 brn|[from] brn
|turn|20
|
|move|p2a: Rotom-Wash|Volt Switch|p1a: Chansey
|-damage|p1a: Chansey|513\/704 brn
|
|switch|p2a: Skarmory|Skarmory, M|333\/334
|move|p1a: Chansey|Seismic Toss|p2a: Skarmory
|-damage|p2a: Skarmory|233\/334
|
|-heal|p2a: Skarmory|253\/334|[from] item: Leftovers
|-heal|p1a: Chansey|557\/704 brn|[from] item: Leftovers
|-damage|p1a: Chansey|469\/704 brn|[from] brn
|turn|21
|
|switch|p1a: Root|Venusaur-Mega, M|182\/364
|move|p2a: Skarmory|Spikes|p1a: Root
|-sidestart|p1: KTN Arknight|Spikes
|
|-heal|p2a: Skarmory|273\/334|[from] item: Leftovers
|turn|22
|
|move|p1a: Root|Synthesis|p1a: Root
|-heal|p1a: Root|364\/364
|move|p2a: Skarmory|Brave Bird|p1a: Root
|-supereffective|p1a: Root
|-damage|p1a: Root|214\/364
|-damage|p2a: Skarmory|223\/334|[from] recoil|[of] p1a: Root
|
|-heal|p2a: Skarmory|243\/334|[from] item: Leftovers
|turn|23
|
|switch|p1a: Roc|Skarmory, M|334\/334
|move|p2a: Skarmory|Spikes|p1a: Roc
|-sidestart|p1: KTN Arknight|Spikes
|
|-heal|p2a: Skarmory|263\/334|[from] item: Leftovers
|turn|24
|
|switch|p2a: Togekiss|Togekiss, F|365\/374
|move|p1a: Roc|Defog|p2a: Togekiss
|-unboost|p2a: Togekiss|evasion|1
|-sideend|p1: KTN Arknight|Spikes|[from] move: Defog|[of] p1a: Roc
|
|-heal|p2a: Togekiss|374\/374|[from] item: Leftovers
|turn|25
|
|switch|p1a: Pyro|Heatran, M|386\/386
|move|p2a: Togekiss|Thunder Wave|p1a: Pyro
|-status|p1a: Pyro|par
|
|turn|26
|
|switch|p2a: Rotom-Wash|Rotom-Wash|100\/241 tox
|move|p1a: Pyro|Lava Plume|p2a: Rotom-Wash
|-resisted|p2a: Rotom-Wash
|-damage|p2a: Rotom-Wash|49\/241 tox
|
|-damage|p2a: Rotom-Wash|34\/241 tox|[from] psn
|turn|27
|
|move|p2a: Rotom-Wash|Hydro Pump|p1a: Pyro|[miss]
|-miss|p2a: Rotom-Wash|p1a: Pyro
|move|p1a: Pyro|Lava Plume|p2a: Rotom-Wash
|-crit|p2a: Rotom-Wash
|-resisted|p2a: Rotom-Wash
|-damage|p2a: Rotom-Wash|0 fnt
|faint|p2a: Rotom-Wash
|
|
|switch|p2a: Azumarill|Azumarill, F|404\/404
|turn|28
|
|switch|p2a: Togekiss|Togekiss, F|374\/374
|switch|p1a: Root|Venusaur-Mega, M|214\/364
|
|turn|29
|
|switch|p1a: Pyro|Heatran, M|386\/386 par
|move|p2a: Togekiss|Air Slash|p1a: Pyro
|-resisted|p1a: Pyro
|-damage|p1a: Pyro|348\/386 par
|
|turn|30
|
|switch|p2a: Azumarill|Azumarill, F|404\/404
|cant|p1a: Pyro|par
|
|turn|31
|
|switch|p1a: Root|Venusaur-Mega, M|214\/364
|move|p2a: Azumarill|Play Rough|p1a: Root
|-resisted|p1a: Root
|-damage|p1a: Root|152\/364
|
|turn|32
|
|switch|p2a: Togekiss|Togekiss, F|374\/374
|move|p1a: Root|Synthesis|p1a: Root
|-heal|p1a: Root|334\/364
|
|turn|33
|
|switch|p1a: Pyro|Heatran, M|348\/386 par
|move|p2a: Togekiss|Air Slash|p1a: Pyro|[miss]
|-miss|p2a: Togekiss|p1a: Pyro
|
|turn|34
|
|switch|p2a: Aegislash|Aegislash, F|324\/324
|move|p1a: Pyro|Lava Plume|p2a: Aegislash
|-crit|p2a: Aegislash
|-supereffective|p2a: Aegislash
|-damage|p2a: Aegislash|94\/324
|
|turn|35
|
|switch|p2a: Togekiss|Togekiss, F|374\/374
|cant|p1a: Pyro|par
|
|turn|36
|
|move|p2a: Togekiss|Air Slash|p1a: Pyro
|-resisted|p1a: Pyro
|-damage|p1a: Pyro|315\/386 par
|cant|p1a: Pyro|par
|
|turn|37
|
|move|p2a: Togekiss|Air Slash|p1a: Pyro
|-resisted|p1a: Pyro
|-damage|p1a: Pyro|282\/386 par
|cant|p1a: Pyro|flinch
|
|turn|38
|
|move|p2a: Togekiss|Air Slash|p1a: Pyro
|-resisted|p1a: Pyro
|-damage|p1a: Pyro|248\/386 par
|cant|p1a: Pyro|par
|
|turn|39
|
|move|p2a: Togekiss|Air Slash|p1a: Pyro
|-resisted|p1a: Pyro
|-damage|p1a: Pyro|215\/386 par
|cant|p1a: Pyro|flinch
|
|turn|40
|
|move|p2a: Togekiss|Air Slash|p1a: Pyro
|-resisted|p1a: Pyro
|-damage|p1a: Pyro|176\/386 par
|cant|p1a: Pyro|flinch
|
|turn|41
|
|switch|p1a: Chansey|Chansey, F|469\/704
|move|p2a: Togekiss|Air Slash|p1a: Chansey
|-damage|p1a: Chansey|367\/704
|
|-heal|p1a: Chansey|411\/704|[from] item: Leftovers
|turn|42
|
|switch|p2a: Mamoswine|Mamoswine, M|351\/401
|move|p1a: Chansey|Soft-Boiled|p1a: Chansey
|-heal|p1a: Chansey|704\/704
|
|turn|43
|
|switch|p1a: Root|Venusaur-Mega, M|334\/364
|move|p2a: Mamoswine|Icicle Crash|p1a: Root
|-supereffective|p1a: Root
|-damage|p1a: Root|194\/364
|-damage|p2a: Mamoswine|311\/401|[from] item: Life Orb
|
|turn|44
|
|move|p2a: Mamoswine|Icicle Crash|p1a: Root
|-supereffective|p1a: Root
|-damage|p1a: Root|51\/364
|-damage|p2a: Mamoswine|271\/401|[from] item: Life Orb
|move|p1a: Root|Giga Drain|p2a: Mamoswine
|-supereffective|p2a: Mamoswine
|-damage|p2a: Mamoswine|0 fnt
|-heal|p1a: Root|187\/364|[from] drain|[of] p2a: Mamoswine
|faint|p2a: Mamoswine
|
|
|switch|p2a: Skarmory|Skarmory, M|263\/334
|turn|45
|
|switch|p1a: Pyro|Heatran, M|176\/386 par
|move|p2a: Skarmory|Brave Bird|p1a: Pyro
|-resisted|p1a: Pyro
|-damage|p1a: Pyro|121\/386 par
|-damage|p2a: Skarmory|245\/334|[from] recoil|[of] p1a: Pyro
|
|-heal|p2a: Skarmory|265\/334|[from] item: Leftovers
|turn|46
|
|switch|p2a: Azumarill|Azumarill, F|404\/404
|move|p1a: Pyro|Toxic|p2a: Azumarill
|-status|p2a: Azumarill|tox
|
|-damage|p2a: Azumarill|379\/404 tox|[from] psn
|turn|47
|
|switch|p2a: Togekiss|Togekiss, F|374\/374
|switch|p1a: Roc|Skarmory, M|334\/334
|
|turn|48
|
|switch|p1a: Pyro|Heatran, M|121\/386 par
|move|p2a: Togekiss|Fire Blast|p1a: Pyro
|-start|p1a: Pyro|ability: Flash Fire
|
|turn|49
|
|move|p2a: Togekiss|Air Slash|p1a: Pyro
|-resisted|p1a: Pyro
|-damage|p1a: Pyro|85\/386 par
|cant|p1a: Pyro|par
|
|turn|50
|
|switch|p1a: Chansey|Chansey, F|704\/704
|move|p2a: Togekiss|Air Slash|p1a: Chansey
|-damage|p1a: Chansey|605\/704
|
|-heal|p1a: Chansey|649\/704|[from] item: Leftovers
|turn|51
|
|switch|p2a: Aegislash|Aegislash, F|94\/324
|move|p1a: Chansey|Heal Bell|p1a: Chansey
|-cureteam|p1a: Chansey|[from] move: HealBell
|
|-heal|p1a: Chansey|693\/704|[from] item: Leftovers
|turn|52
|
|switch|p1a: Seselis|Gliscor, F|354\/354
|-formechange|p2a: Aegislash|Aegislash-Blade
|move|p2a: Aegislash|Shadow Ball|p1a: Seselis
|-damage|p1a: Seselis|77\/354
|-unboost|p1a: Seselis|spd|1
|-damage|p2a: Aegislash|62\/324|[from] item: Life Orb
|
|-status|p1a: Seselis|tox|[from] item: Toxic Orb
|turn|53
|
|move|p2a: Aegislash|Shadow Sneak|p1a: Seselis
|-damage|p1a: Seselis|25\/354 tox
|-damage|p2a: Aegislash|30\/324|[from] item: Life Orb
|move|p1a: Seselis|Earthquake|p2a: Aegislash
|-supereffective|p2a: Aegislash
|-damage|p2a: Aegislash|0 fnt
|faint|p2a: Aegislash
|
|-heal|p1a: Seselis|69\/354 tox|[from] ability: Poison Heal
|
|switch|p2a: Azumarill|Azumarill, F|379\/404 tox
|turn|54
|
|switch|p1a: Root|Venusaur-Mega, M|187\/364
|move|p2a: Azumarill|Aqua Jet|p1a: Root
|-resisted|p1a: Root
|-damage|p1a: Root|160\/364
|
|-damage|p2a: Azumarill|354\/404 tox|[from] psn
|turn|55
|
|switch|p2a: Skarmory|Skarmory, M|265\/334
|move|p1a: Root|Synthesis|p1a: Root
|-heal|p1a: Root|342\/364
|
|-heal|p2a: Skarmory|285\/334|[from] item: Leftovers
|turn|56
|
|switch|p2a: Togekiss|Togekiss, F|374\/374
|move|p1a: Root|Leech Seed|p2a: Togekiss
|-start|p2a: Togekiss|move: Leech Seed
|
|-damage|p2a: Togekiss|328\/374|[from] Leech Seed|[of] p1a: Root
|-heal|p1a: Root|364\/364|[silent]
|turn|57
|
|switch|p2a: Azumarill|Azumarill, F|354\/404 tox
|switch|p1a: Pyro|Heatran, M|85\/386
|
|-damage|p2a: Azumarill|329\/404 tox|[from] psn
|turn|58
|
|switch|p1a: Root|Venusaur-Mega, M|364\/364
|switch|p2a: Togekiss|Togekiss, F|328\/374
|
|-heal|p2a: Togekiss|351\/374|[from] item: Leftovers
|turn|59
|
|switch|p1a: Chansey|Chansey, F|693\/704
|move|p2a: Togekiss|Air Slash|p1a: Chansey
|-damage|p1a: Chansey|596\/704
|
|-heal|p2a: Togekiss|374\/374|[from] item: Leftovers
|-heal|p1a: Chansey|640\/704|[from] item: Leftovers
|turn|60
|
|move|p2a: Togekiss|Thunder Wave|p1a: Chansey
|-status|p1a: Chansey|par
|cant|p1a: Chansey|par
|
|-heal|p1a: Chansey|684\/704 par|[from] item: Leftovers
|turn|61
|
|move|p2a: Togekiss|Air Slash|p1a: Chansey
|-damage|p1a: Chansey|576\/704 par
|move|p1a: Chansey|Seismic Toss|p2a: Togekiss
|-damage|p2a: Togekiss|274\/374
|
|-heal|p2a: Togekiss|297\/374|[from] item: Leftovers
|-heal|p1a: Chansey|620\/704 par|[from] item: Leftovers
|turn|62
|
|move|p2a: Togekiss|Air Slash|p1a: Chansey
|-damage|p1a: Chansey|529\/704 par
|cant|p1a: Chansey|flinch
|
|-heal|p2a: Togekiss|320\/374|[from] item: Leftovers
|-heal|p1a: Chansey|573\/704 par|[from] item: Leftovers
|turn|63
|
|switch|p2a: Skarmory|Skarmory, M|285\/334
|move|p1a: Chansey|Heal Bell|p1a: Chansey
|-cureteam|p1a: Chansey|[from] move: HealBell
|
|-heal|p2a: Skarmory|305\/334|[from] item: Leftovers
|-heal|p1a: Chansey|617\/704|[from] item: Leftovers
|turn|64
|
|switch|p1a: Root|Venusaur-Mega, M|364\/364
|move|p2a: Skarmory|Spikes|p1a: Root
|-sidestart|p1: KTN Arknight|Spikes
|
|-heal|p2a: Skarmory|325\/334|[from] item: Leftovers
|turn|65
|
|move|p1a: Root|Leech Seed|p2a: Skarmory|[miss]
|-miss|p1a: Root|p2a: Skarmory
|move|p2a: Skarmory|Whirlwind|p1a: Root
|drag|p1a: Chansey|Chansey, F|617\/704
|-damage|p1a: Chansey|529\/704|[from] Spikes
|
|-heal|p2a: Skarmory|334\/334|[from] item: Leftovers
|-heal|p1a: Chansey|573\/704|[from] item: Leftovers
|turn|66
|
|move|p1a: Chansey|Soft-Boiled|p1a: Chansey
|-heal|p1a: Chansey|704\/704
|move|p2a: Skarmory|Whirlwind|p1a: Chansey
|drag|p1a: Tyrone|Quagsire, M|394\/394
|-damage|p1a: Tyrone|345\/394|[from] Spikes
|
|-heal|p1a: Tyrone|369\/394|[from] item: Leftovers
|turn|67
|
|move|p2a: Skarmory|Spikes|p1a: Tyrone
|-sidestart|p1: KTN Arknight|Spikes
|move|p1a: Tyrone|Scald|p2a: Skarmory
|-damage|p2a: Skarmory|274\/334
|
|-heal|p2a: Skarmory|294\/334|[from] item: Leftovers
|-heal|p1a: Tyrone|393\/394|[from] item: Leftovers
|turn|68
|
|switch|p1a: Pyro|Heatran, M|85\/386
|-damage|p1a: Pyro|21\/386|[from] Spikes
|move|p2a: Skarmory|Whirlwind|p1a: Pyro
|drag|p1a: Chansey|Chansey, F|704\/704
|-damage|p1a: Chansey|587\/704|[from] Spikes
|
|-heal|p2a: Skarmory|314\/334|[from] item: Leftovers
|-heal|p1a: Chansey|631\/704|[from] item: Leftovers
|turn|69
|
|move|p2a: Skarmory|Spikes|p1a: Chansey
|-sidestart|p1: KTN Arknight|Spikes
|move|p1a: Chansey|Seismic Toss|p2a: Skarmory
|-damage|p2a: Skarmory|214\/334
|
|-heal|p2a: Skarmory|234\/334|[from] item: Leftovers
|-heal|p1a: Chansey|675\/704|[from] item: Leftovers
|turn|70
|
|move|p2a: Skarmory|Roost|p2a: Skarmory
|-heal|p2a: Skarmory|334\/334
|move|p1a: Chansey|Seismic Toss|p2a: Skarmory
|-damage|p2a: Skarmory|234\/334
|
|-heal|p2a: Skarmory|254\/334|[from] item: Leftovers
|-heal|p1a: Chansey|704\/704|[from] item: Leftovers
|turn|71
|
|move|p1a: Chansey|Seismic Toss|p2a: Skarmory
|-damage|p2a: Skarmory|154\/334
|move|p2a: Skarmory|Whirlwind|p1a: Chansey
|drag|p1a: Roc|Skarmory, M|334\/334
|
|-heal|p2a: Skarmory|174\/334|[from] item: Leftovers
|turn|72
|
|switch|p2a: Togekiss|Togekiss, F|320\/374
|move|p1a: Roc|Defog|p2a: Togekiss
|-unboost|p2a: Togekiss|evasion|1
|-sideend|p1: KTN Arknight|Spikes|[from] move: Defog|[of] p1a: Roc
|
|-heal|p2a: Togekiss|343\/374|[from] item: Leftovers
|turn|73
|
|switch|p1a: Pyro|Heatran, M|21\/386
|move|p2a: Togekiss|Air Slash|p1a: Pyro
|-resisted|p1a: Pyro
|-damage|p1a: Pyro|0 fnt
|faint|p1a: Pyro
|
|-heal|p2a: Togekiss|366\/374|[from] item: Leftovers
|
|switch|p1a: Tyrone|Quagsire, M|393\/394
|turn|74
|
|move|p2a: Togekiss|Air Slash|p1a: Tyrone
|-damage|p1a: Tyrone|258\/394
|move|p1a: Tyrone|Toxic|p2a: Togekiss
|-status|p2a: Togekiss|tox
|
|-heal|p2a: Togekiss|374\/374 tox|[from] item: Leftovers
|-heal|p1a: Tyrone|282\/394|[from] item: Leftovers
|-damage|p2a: Togekiss|351\/374 tox|[from] psn
|turn|75
|
|switch|p1a: Chansey|Chansey, F|704\/704
|move|p2a: Togekiss|Air Slash|p1a: Chansey
|-damage|p1a: Chansey|598\/704
|
|-heal|p2a: Togekiss|374\/374 tox|[from] item: Leftovers
|-heal|p1a: Chansey|642\/704|[from] item: Leftovers
|-damage|p2a: Togekiss|328\/374 tox|[from] psn
|turn|76
|
|switch|p2a: Azumarill|Azumarill, F|329\/404 tox
|move|p1a: Chansey|Seismic Toss|p2a: Azumarill
|-damage|p2a: Azumarill|229\/404 tox
|
|-heal|p1a: Chansey|686\/704|[from] item: Leftovers
|-damage|p2a: Azumarill|204\/404 tox|[from] psn
|turn|77
|
|switch|p1a: Root|Venusaur-Mega, M|364\/364
|move|p2a: Azumarill|Knock Off|p1a: Root
|-damage|p1a: Root|305\/364
|
|-damage|p2a: Azumarill|154\/404 tox|[from] psn
|turn|78
|
|switch|p2a: Skarmory|Skarmory, M|174\/334
|move|p1a: Root|Sludge Bomb|p2a: Skarmory
|-immune|p2a: Skarmory|[msg]
|
|-heal|p2a: Skarmory|194\/334|[from] item: Leftovers
|turn|79
|
|move|p1a: Root|Leech Seed|p2a: Skarmory
|-start|p2a: Skarmory|move: Leech Seed
|move|p2a: Skarmory|Spikes|p1a: Root
|-sidestart|p1: KTN Arknight|Spikes
|
|-heal|p2a: Skarmory|214\/334|[from] item: Leftovers
|-damage|p2a: Skarmory|173\/334|[from] Leech Seed|[of] p1a: Root
|-heal|p1a: Root|346\/364|[silent]
|turn|80
|
|switch|p1a: Roc|Skarmory, M|334\/334
|move|p2a: Skarmory|Roost|p2a: Skarmory
|-heal|p2a: Skarmory|334\/334
|
|-damage|p2a: Skarmory|293\/334|[from] Leech Seed|[of] p1a: Roc
|turn|81
|
|switch|p2a: Togekiss|Togekiss, F|328\/374 tox
|move|p1a: Roc|Defog|p2a: Togekiss
|-unboost|p2a: Togekiss|evasion|1
|-sideend|p1: KTN Arknight|Spikes|[from] move: Defog|[of] p1a: Roc
|
|-heal|p2a: Togekiss|351\/374 tox|[from] item: Leftovers
|-damage|p2a: Togekiss|328\/374 tox|[from] psn
|turn|82
|
|switch|p2a: Azumarill|Azumarill, F|154\/404 tox
|switch|p1a: Chansey|Chansey, F|686\/704
|
|-heal|p1a: Chansey|704\/704|[from] item: Leftovers
|-damage|p2a: Azumarill|129\/404 tox|[from] psn
|turn|83
|
|switch|p1a: Root|Venusaur-Mega, M|346\/364
|move|p2a: Azumarill|Waterfall|p1a: Root
|-resisted|p1a: Root
|-damage|p1a: Root|287\/364
|
|-damage|p2a: Azumarill|79\/404 tox|[from] psn
|turn|84
|
|switch|p2a: Skarmory|Skarmory, M|293\/334
|move|p1a: Root|Leech Seed|p2a: Skarmory
|-start|p2a: Skarmory|move: Leech Seed
|
|-heal|p2a: Skarmory|313\/334|[from] item: Leftovers
|-damage|p2a: Skarmory|272\/334|[from] Leech Seed|[of] p1a: Root
|-heal|p1a: Root|328\/364|[silent]
|turn|85
|
|switch|p1a: Tyrone|Quagsire, M|282\/394
|switch|p2a: Azumarill|Azumarill, F|79\/404 tox
|
|-heal|p1a: Tyrone|306\/394|[from] item: Leftovers
|-damage|p2a: Azumarill|54\/404 tox|[from] psn
|turn|86
|
|switch|p1a: Root|Venusaur-Mega, M|328\/364
|move|p2a: Azumarill|Knock Off|p1a: Root
|-damage|p1a: Root|266\/364
|
|-damage|p2a: Azumarill|4\/404 tox|[from] psn
|turn|87
|
|move|p1a: Root|Synthesis|p1a: Root
|-heal|p1a: Root|364\/364
|move|p2a: Azumarill|Knock Off|p1a: Root
|-damage|p1a: Root|300\/364
|
|-damage|p2a: Azumarill|0 fnt|[from] psn
|faint|p2a: Azumarill
|
|switch|p2a: Togekiss|Togekiss, F|328\/374 tox
|turn|88
|
|switch|p1a: Chansey|Chansey, F|704\/704
|move|p2a: Togekiss|Air Slash|p1a: Chansey
|-damage|p1a: Chansey|608\/704
|
|-heal|p2a: Togekiss|351\/374 tox|[from] item: Leftovers
|-heal|p1a: Chansey|652\/704|[from] item: Leftovers
|-damage|p2a: Togekiss|328\/374 tox|[from] psn
|turn|89
|
|switch|p2a: Skarmory|Skarmory, M|272\/334
|move|p1a: Chansey|Seismic Toss|p2a: Skarmory
|-damage|p2a: Skarmory|172\/334
|
|-heal|p2a: Skarmory|192\/334|[from] item: Leftovers
|-heal|p1a: Chansey|696\/704|[from] item: Leftovers
|turn|90
|
|move|p2a: Skarmory|Roost|p2a: Skarmory
|-heal|p2a: Skarmory|334\/334
|move|p1a: Chansey|Seismic Toss|p2a: Skarmory
|-damage|p2a: Skarmory|234\/334
|
|-heal|p2a: Skarmory|254\/334|[from] item: Leftovers
|-heal|p1a: Chansey|704\/704|[from] item: Leftovers
|turn|91
|
|switch|p1a: Tyrone|Quagsire, M|306\/394
|move|p2a: Skarmory|Spikes|p1a: Tyrone
|-sidestart|p1: KTN Arknight|Spikes
|
|-heal|p2a: Skarmory|274\/334|[from] item: Leftovers
|-heal|p1a: Tyrone|330\/394|[from] item: Leftovers
|turn|92
|
|move|p1a: Tyrone|Scald|p2a: Skarmory
|-damage|p2a: Skarmory|217\/334
|move|p2a: Skarmory|Whirlwind|p1a: Tyrone
|drag|p1a: Roc|Skarmory, M|334\/334
|
|-heal|p2a: Skarmory|237\/334|[from] item: Leftovers
|turn|93
|
|move|p1a: Roc|Brave Bird|p2a: Skarmory
|-resisted|p2a: Skarmory
|-damage|p2a: Skarmory|194\/334
|-damage|p1a: Roc|320\/334|[from] recoil|[of] p2a: Skarmory
|move|p2a: Skarmory|Spikes|p1a: Roc
|-sidestart|p1: KTN Arknight|Spikes
|
|-heal|p1a: Roc|334\/334|[from] item: Leftovers
|-heal|p2a: Skarmory|214\/334|[from] item: Leftovers
|turn|94
|
|move|p1a: Roc|Defog|p2a: Skarmory
|-unboost|p2a: Skarmory|evasion|1
|-sideend|p1: KTN Arknight|Spikes|[from] move: Defog|[of] p1a: Roc
|move|p2a: Skarmory|Roost|p2a: Skarmory
|-heal|p2a: Skarmory|334\/334
|
|turn|95
|
|switch|p1a: Tyrone|Quagsire, M|330\/394
|move|p2a: Skarmory|Spikes|p1a: Tyrone
|-sidestart|p1: KTN Arknight|Spikes
|
|-heal|p1a: Tyrone|354\/394|[from] item: Leftovers
|turn|96
|
|switch|p2a: Togekiss|Togekiss, F|328\/374 tox
|move|p1a: Tyrone|Scald|p2a: Togekiss
|-damage|p2a: Togekiss|265\/374 tox
|
|-heal|p2a: Togekiss|288\/374 tox|[from] item: Leftovers
|-heal|p1a: Tyrone|378\/394|[from] item: Leftovers
|-damage|p2a: Togekiss|265\/374 tox|[from] psn
|turn|97
|
|switch|p2a: Skarmory|Skarmory, M|334\/334
|switch|p1a: Chansey|Chansey, F|704\/704
|-damage|p1a: Chansey|616\/704|[from] Spikes
|
|-heal|p1a: Chansey|660\/704|[from] item: Leftovers
|turn|98
|
|switch|p1a: Seselis|Gliscor, F|69\/354
|move|p2a: Skarmory|Brave Bird|p1a: Seselis
|-damage|p1a: Seselis|0 fnt
|-damage|p2a: Skarmory|311\/334|[from] recoil|[of] p1a: Seselis
|faint|p1a: Seselis
|
|-heal|p2a: Skarmory|331\/334|[from] item: Leftovers
|
|switch|p1a: Tyrone|Quagsire, M|378\/394
|-damage|p1a: Tyrone|329\/394|[from] Spikes
|turn|99
|
|move|p2a: Skarmory|Brave Bird|p1a: Tyrone
|-damage|p1a: Tyrone|241\/394
|-damage|p2a: Skarmory|302\/334|[from] recoil|[of] p1a: Tyrone
|move|p1a: Tyrone|Scald|p2a: Skarmory
|-damage|p2a: Skarmory|241\/334
|
|-heal|p2a: Skarmory|261\/334|[from] item: Leftovers
|-heal|p1a: Tyrone|265\/394|[from] item: Leftovers
|turn|100
|
|switch|p2a: Togekiss|Togekiss, F|265\/374 tox
|move|p1a: Tyrone|Recover|p1a: Tyrone
|-heal|p1a: Tyrone|394\/394
|
|-heal|p2a: Togekiss|288\/374 tox|[from] item: Leftovers
|-damage|p2a: Togekiss|265\/374 tox|[from] psn
|turn|101
|
|switch|p1a: Chansey|Chansey, F|660\/704
|-damage|p1a: Chansey|572\/704|[from] Spikes
|move|p2a: Togekiss|Thunder Wave|p1a: Chansey
|-status|p1a: Chansey|par
|
|-heal|p2a: Togekiss|288\/374 tox|[from] item: Leftovers
|-heal|p1a: Chansey|616\/704 par|[from] item: Leftovers
|-damage|p2a: Togekiss|242\/374 tox|[from] psn
|turn|102
|chat|Dit dus|woohoo 100 turns
|
|move|p2a: Togekiss|Roost|p2a: Togekiss
|-heal|p2a: Togekiss|374\/374 tox
|move|p1a: Chansey|Seismic Toss|p2a: Togekiss
|-damage|p2a: Togekiss|274\/374 tox
|
|-heal|p2a: Togekiss|297\/374 tox|[from] item: Leftovers
|-heal|p1a: Chansey|660\/704 par|[from] item: Leftovers
|-damage|p2a: Togekiss|228\/374 tox|[from] psn
|turn|103
|
|switch|p2a: Skarmory|Skarmory, M|261\/334
|move|p1a: Chansey|Seismic Toss|p2a: Skarmory
|-damage|p2a: Skarmory|161\/334
|
|-heal|p2a: Skarmory|181\/334|[from] item: Leftovers
|-heal|p1a: Chansey|704\/704 par|[from] item: Leftovers
|turn|104
|
|switch|p1a: Roc|Skarmory, M|334\/334
|move|p2a: Skarmory|Roost|p2a: Skarmory
|-heal|p2a: Skarmory|334\/334
|
|turn|105
|
|move|p1a: Roc|Defog|p2a: Skarmory
|-unboost|p2a: Skarmory|evasion|1
|-sideend|p1: KTN Arknight|Spikes|[from] move: Defog|[of] p1a: Roc
|move|p2a: Skarmory|Spikes|p1a: Roc
|-sidestart|p1: KTN Arknight|Spikes
|
|turn|106
|
|switch|p1a: Tyrone|Quagsire, M|394\/394
|-damage|p1a: Tyrone|345\/394|[from] Spikes
|move|p2a: Skarmory|Whirlwind|p1a: Tyrone
|drag|p1a: Root|Venusaur-Mega, M|300\/364
|-damage|p1a: Root|255\/364|[from] Spikes
|
|turn|107
|
|move|p1a: Root|Leech Seed|p2a: Skarmory
|-start|p2a: Skarmory|move: Leech Seed
|move|p2a: Skarmory|Whirlwind|p1a: Root
|drag|p1a: Chansey|Chansey, F|704\/704
|-damage|p1a: Chansey|616\/704|[from] Spikes
|
|-heal|p1a: Chansey|660\/704|[from] item: Leftovers
|-damage|p2a: Skarmory|293\/334|[from] Leech Seed|[of] p1a: Chansey
|-heal|p1a: Chansey|701\/704|[silent]
|turn|108
|
|switch|p2a: Togekiss|Togekiss, F|228\/374 tox
|move|p1a: Chansey|Seismic Toss|p2a: Togekiss
|-damage|p2a: Togekiss|128\/374 tox
|
|-heal|p2a: Togekiss|151\/374 tox|[from] item: Leftovers
|-heal|p1a: Chansey|704\/704|[from] item: Leftovers
|-damage|p2a: Togekiss|128\/374 tox|[from] psn
|turn|109
|
|move|p2a: Togekiss|Roost|p2a: Togekiss
|-heal|p2a: Togekiss|315\/374 tox
|move|p1a: Chansey|Seismic Toss|p2a: Togekiss
|-damage|p2a: Togekiss|215\/374 tox
|
|-heal|p2a: Togekiss|238\/374 tox|[from] item: Leftovers
|-damage|p2a: Togekiss|192\/374 tox|[from] psn
|turn|110
|
|move|p2a: Togekiss|Roost|p2a: Togekiss
|-heal|p2a: Togekiss|374\/374 tox
|move|p1a: Chansey|Seismic Toss|p2a: Togekiss
|-damage|p2a: Togekiss|274\/374 tox
|
|-heal|p2a: Togekiss|297\/374 tox|[from] item: Leftovers
|-damage|p2a: Togekiss|228\/374 tox|[from] psn
|turn|111
|
|switch|p2a: Skarmory|Skarmory, M|293\/334
|move|p1a: Chansey|Seismic Toss|p2a: Skarmory
|-damage|p2a: Skarmory|193\/334
|
|-heal|p2a: Skarmory|213\/334|[from] item: Leftovers
|turn|112
|
|switch|p1a: Roc|Skarmory, M|334\/334
|move|p2a: Skarmory|Whirlwind|p1a: Roc
|drag|p1a: Tyrone|Quagsire, M|345\/394
|-damage|p1a: Tyrone|296\/394|[from] Spikes
|
|-heal|p2a: Skarmory|233\/334|[from] item: Leftovers
|-heal|p1a: Tyrone|320\/394|[from] item: Leftovers
|turn|113
|
|switch|p2a: Togekiss|Togekiss, F|228\/374 tox
|move|p1a: Tyrone|Scald|p2a: Togekiss
|-damage|p2a: Togekiss|173\/374 tox
|
|-heal|p2a: Togekiss|196\/374 tox|[from] item: Leftovers
|-heal|p1a: Tyrone|344\/394|[from] item: Leftovers
|-damage|p2a: Togekiss|173\/374 tox|[from] psn
|turn|114
|
|move|p2a: Togekiss|Roost|p2a: Togekiss
|-heal|p2a: Togekiss|360\/374 tox
|move|p1a: Tyrone|Earthquake|p2a: Togekiss
|-damage|p2a: Togekiss|287\/374 tox
|
|-heal|p2a: Togekiss|310\/374 tox|[from] item: Leftovers
|-heal|p1a: Tyrone|368\/394|[from] item: Leftovers
|-damage|p2a: Togekiss|264\/374 tox|[from] psn
|turn|115
|chat|Dit dus|the plays
|
|switch|p1a: Roc|Skarmory, M|334\/334
|move|p2a: Togekiss|Air Slash|p1a: Roc
|-resisted|p1a: Roc
|-damage|p1a: Roc|265\/334
|
|-heal|p2a: Togekiss|287\/374 tox|[from] item: Leftovers
|-heal|p1a: Roc|285\/334|[from] item: Leftovers
|-damage|p2a: Togekiss|218\/374 tox|[from] psn
|turn|116
|
|switch|p1a: Chansey|Chansey, F|704\/704
|-damage|p1a: Chansey|616\/704|[from] Spikes
|move|p2a: Togekiss|Fire Blast|p1a: Chansey
|-crit|p1a: Chansey
|-damage|p1a: Chansey|466\/704
|
|-heal|p2a: Togekiss|241\/374 tox|[from] item: Leftovers
|-heal|p1a: Chansey|510\/704|[from] item: Leftovers
|-damage|p2a: Togekiss|149\/374 tox|[from] psn
|turn|117
|
|switch|p2a: Skarmory|Skarmory, M|233\/334
|move|p1a: Chansey|Seismic Toss|p2a: Skarmory
|-damage|p2a: Skarmory|133\/334
|
|-heal|p2a: Skarmory|153\/334|[from] item: Leftovers
|-heal|p1a: Chansey|554\/704|[from] item: Leftovers
|turn|118
|
|move|p2a: Skarmory|Roost|p2a: Skarmory
|-heal|p2a: Skarmory|320\/334
|move|p1a: Chansey|Seismic Toss|p2a: Skarmory
|-damage|p2a: Skarmory|220\/334
|
|-heal|p2a: Skarmory|240\/334|[from] item: Leftovers
|-heal|p1a: Chansey|598\/704|[from] item: Leftovers
|turn|119
|chat|KTN Arknight|!roost
|c|âKTN Arknight|!data roost
|c|~|\/data-move Roost

|
|move|p2a: Skarmory|Brave Bird|p1a: Chansey
|-damage|p1a: Chansey|382\/704
|-damage|p2a: Skarmory|169\/334|[from] recoil|[of] p1a: Chansey
|move|p1a: Chansey|Seismic Toss|p2a: Skarmory
|-damage|p2a: Skarmory|69\/334
|
|-heal|p2a: Skarmory|89\/334|[from] item: Leftovers
|-heal|p1a: Chansey|426\/704|[from] item: Leftovers
|turn|120
|
|move|p2a: Skarmory|Roost|p2a: Skarmory
|-heal|p2a: Skarmory|256\/334
|move|p1a: Chansey|Soft-Boiled|p1a: Chansey
|-heal|p1a: Chansey|704\/704
|
|-heal|p2a: Skarmory|276\/334|[from] item: Leftovers
|turn|121
|
|switch|p2a: Togekiss|Togekiss, F|149\/374 tox
|switch|p1a: Tyrone|Quagsire, M|368\/394
|-damage|p1a: Tyrone|319\/394|[from] Spikes
|
|-heal|p2a: Togekiss|172\/374 tox|[from] item: Leftovers
|-heal|p1a: Tyrone|343\/394|[from] item: Leftovers
|-damage|p2a: Togekiss|149\/374 tox|[from] psn
|turn|122
|
|switch|p1a: Chansey|Chansey, F|704\/704
|-damage|p1a: Chansey|616\/704|[from] Spikes
|move|p2a: Togekiss|Roost|p2a: Togekiss
|-heal|p2a: Togekiss|336\/374 tox
|
|-heal|p2a: Togekiss|359\/374 tox|[from] item: Leftovers
|-heal|p1a: Chansey|660\/704|[from] item: Leftovers
|-damage|p2a: Togekiss|313\/374 tox|[from] psn
|turn|123
|
|switch|p2a: Skarmory|Skarmory, M|276\/334
|move|p1a: Chansey|Seismic Toss|p2a: Skarmory
|-damage|p2a: Skarmory|176\/334
|
|-heal|p2a: Skarmory|196\/334|[from] item: Leftovers
|-heal|p1a: Chansey|704\/704|[from] item: Leftovers
|turn|124
|
|move|p1a: Chansey|Seismic Toss|p2a: Skarmory
|-damage|p2a: Skarmory|96\/334
|move|p2a: Skarmory|Whirlwind|p1a: Chansey
|drag|p1a: Root|Venusaur-Mega, M|255\/364
|-damage|p1a: Root|210\/364|[from] Spikes
|
|-heal|p2a: Skarmory|116\/334|[from] item: Leftovers
|turn|125
|
|move|p1a: Root|Leech Seed|p2a: Skarmory
|-start|p2a: Skarmory|move: Leech Seed
|move|p2a: Skarmory|Roost|p2a: Skarmory
|-heal|p2a: Skarmory|283\/334
|
|-heal|p2a: Skarmory|303\/334|[from] item: Leftovers
|-damage|p2a: Skarmory|262\/334|[from] Leech Seed|[of] p1a: Root
|-heal|p1a: Root|251\/364|[silent]
|turn|126
|
|move|p1a: Root|Giga Drain|p2a: Skarmory
|-crit|p2a: Skarmory
|-resisted|p2a: Skarmory
|-damage|p2a: Skarmory|222\/334
|-heal|p1a: Root|271\/364|[from] drain|[of] p2a: Skarmory
|move|p2a: Skarmory|Brave Bird|p1a: Root
|-supereffective|p1a: Root
|-damage|p1a: Root|121\/364
|-damage|p2a: Skarmory|172\/334|[from] recoil|[of] p1a: Root
|
|-heal|p2a: Skarmory|192\/334|[from] item: Leftovers
|-damage|p2a: Skarmory|151\/334|[from] Leech Seed|[of] p1a: Root
|-heal|p1a: Root|162\/364|[silent]
|turn|127
|
|move|p1a: Root|Synthesis|p1a: Root
|-heal|p1a: Root|344\/364
|move|p2a: Skarmory|Roost|p2a: Skarmory
|-heal|p2a: Skarmory|318\/334
|
|-heal|p2a: Skarmory|334\/334|[from] item: Leftovers
|-damage|p2a: Skarmory|293\/334|[from] Leech Seed|[of] p1a: Root
|-heal|p1a: Root|364\/364|[silent]
|turn|128
|
|switch|p1a: Roc|Skarmory, M|285\/334
|move|p2a: Skarmory|Brave Bird|p1a: Roc
|-resisted|p1a: Roc
|-damage|p1a: Roc|253\/334
|-damage|p2a: Skarmory|282\/334|[from] recoil|[of] p1a: Roc
|
|-heal|p1a: Roc|273\/334|[from] item: Leftovers
|-heal|p2a: Skarmory|302\/334|[from] item: Leftovers
|-damage|p2a: Skarmory|261\/334|[from] Leech Seed|[of] p1a: Roc
|-heal|p1a: Roc|314\/334|[silent]
|turn|129
|
|switch|p2a: Togekiss|Togekiss, F|313\/374 tox
|move|p1a: Roc|Defog|p2a: Togekiss
|-unboost|p2a: Togekiss|evasion|1
|-sideend|p1: KTN Arknight|Spikes|[from] move: Defog|[of] p1a: Roc
|
|-heal|p2a: Togekiss|336\/374 tox|[from] item: Leftovers
|-heal|p1a: Roc|334\/334|[from] item: Leftovers
|-damage|p2a: Togekiss|313\/374 tox|[from] psn
|turn|130
|
|switch|p2a: Skarmory|Skarmory, M|261\/334
|switch|p1a: Chansey|Chansey, F|704\/704
|
|-heal|p2a: Skarmory|281\/334|[from] item: Leftovers
|turn|131
|
|switch|p1a: Roc|Skarmory, M|334\/334
|move|p2a: Skarmory|Spikes|p1a: Roc
|-sidestart|p1: KTN Arknight|Spikes
|
|-heal|p2a: Skarmory|301\/334|[from] item: Leftovers
|turn|132
|
|switch|p1a: Tyrone|Quagsire, M|343\/394
|-damage|p1a: Tyrone|294\/394|[from] Spikes
|move|p2a: Skarmory|Spikes|p1a: Tyrone
|-sidestart|p1: KTN Arknight|Spikes
|
|-heal|p2a: Skarmory|321\/334|[from] item: Leftovers
|-heal|p1a: Tyrone|318\/394|[from] item: Leftovers
|turn|133
|chat|Dit dus|hugely enjoying battle
|join|Alb_test
|
|switch|p2a: Togekiss|Togekiss, F|313\/374 tox
|switch|p1a: Roc|Skarmory, M|334\/334
|
|-heal|p2a: Togekiss|336\/374 tox|[from] item: Leftovers
|-damage|p2a: Togekiss|313\/374 tox|[from] psn
|turn|134
|
|switch|p1a: Chansey|Chansey, F|704\/704
|-damage|p1a: Chansey|587\/704|[from] Spikes
|move|p2a: Togekiss|Air Slash|p1a: Chansey
|-damage|p1a: Chansey|491\/704
|
|-heal|p2a: Togekiss|336\/374 tox|[from] item: Leftovers
|-heal|p1a: Chansey|535\/704|[from] item: Leftovers
|-damage|p2a: Togekiss|290\/374 tox|[from] psn
|turn|135
|
|move|p2a: Togekiss|Fire Blast|p1a: Chansey
|-damage|p1a: Chansey|433\/704
|move|p1a: Chansey|Seismic Toss|p2a: Togekiss
|-damage|p2a: Togekiss|190\/374 tox
|
|-heal|p2a: Togekiss|213\/374 tox|[from] item: Leftovers
|-heal|p1a: Chansey|477\/704|[from] item: Leftovers
|-damage|p2a: Togekiss|144\/374 tox|[from] psn
|turn|136
|
|switch|p2a: Skarmory|Skarmory, M|321\/334
|move|p1a: Chansey|Seismic Toss|p2a: Skarmory
|-damage|p2a: Skarmory|221\/334
|
|-heal|p2a: Skarmory|241\/334|[from] item: Leftovers
|-heal|p1a: Chansey|521\/704|[from] item: Leftovers
|turn|137
|
|move|p1a: Chansey|Seismic Toss|p2a: Skarmory
|-damage|p2a: Skarmory|141\/334
|move|p2a: Skarmory|Whirlwind|p1a: Chansey
|drag|p1a: Tyrone|Quagsire, M|318\/394
|-damage|p1a: Tyrone|253\/394|[from] Spikes
|
|-heal|p2a: Skarmory|161\/334|[from] item: Leftovers
|-heal|p1a: Tyrone|277\/394|[from] item: Leftovers
|turn|138
|
|move|p1a: Tyrone|Scald|p2a: Skarmory
|-damage|p2a: Skarmory|103\/334
|move|p2a: Skarmory|Whirlwind|p1a: Tyrone
|drag|p1a: Root|Venusaur-Mega, M|364\/364
|-damage|p1a: Root|304\/364|[from] Spikes
|
|-heal|p2a: Skarmory|123\/334|[from] item: Leftovers
|turn|139
|
|move|p1a: Root|Leech Seed|p2a: Skarmory
|-start|p2a: Skarmory|move: Leech Seed
|move|p2a: Skarmory|Roost|p2a: Skarmory
|-heal|p2a: Skarmory|290\/334
|
|-heal|p2a: Skarmory|310\/334|[from] item: Leftovers
|-damage|p2a: Skarmory|269\/334|[from] Leech Seed|[of] p1a: Root
|-heal|p1a: Root|345\/364|[silent]
|turn|140
|
|switch|p2a: Togekiss|Togekiss, F|144\/374 tox
|move|p1a: Root|Giga Drain|p2a: Togekiss
|-resisted|p2a: Togekiss
|-damage|p2a: Togekiss|90\/374 tox
|-heal|p1a: Root|364\/364|[from] drain|[of] p2a: Togekiss
|
|-heal|p2a: Togekiss|113\/374 tox|[from] item: Leftovers
|-damage|p2a: Togekiss|90\/374 tox|[from] psn
|turn|141
|
|move|p2a: Togekiss|Air Slash|p1a: Root
|-supereffective|p1a: Root
|-damage|p1a: Root|176\/364
|move|p1a: Root|Sludge Bomb|p2a: Togekiss
|-supereffective|p2a: Togekiss
|-damage|p2a: Togekiss|0 fnt
|faint|p2a: Togekiss
|
|
|switch|p2a: Skarmory|Skarmory, M|269\/334
|turn|142
|
|move|p1a: Root|Synthesis|p1a: Root
|-heal|p1a: Root|358\/364
|move|p2a: Skarmory|Brave Bird|p1a: Root
|-supereffective|p1a: Root
|-damage|p1a: Root|208\/364
|-damage|p2a: Skarmory|219\/334|[from] recoil|[of] p1a: Root
|
|-heal|p2a: Skarmory|239\/334|[from] item: Leftovers
|turn|143
|
|move|p1a: Root|Leech Seed|p2a: Skarmory
|-start|p2a: Skarmory|move: Leech Seed
|move|p2a: Skarmory|Brave Bird|p1a: Root
|-supereffective|p1a: Root
|-damage|p1a: Root|52\/364
|-damage|p2a: Skarmory|188\/334|[from] recoil|[of] p1a: Root
|
|-heal|p2a: Skarmory|208\/334|[from] item: Leftovers
|-damage|p2a: Skarmory|167\/334|[from] Leech Seed|[of] p1a: Root
|-heal|p1a: Root|93\/364|[silent]
|turn|144
|
|move|p1a: Root|Synthesis|p1a: Root
|-heal|p1a: Root|275\/364
|move|p2a: Skarmory|Roost|p2a: Skarmory
|-heal|p2a: Skarmory|334\/334
|
|-damage|p2a: Skarmory|293\/334|[from] Leech Seed|[of] p1a: Root
|-heal|p1a: Root|316\/364|[silent]
|turn|145
|
|switch|p1a: Roc|Skarmory, M|334\/334
|move|p2a: Skarmory|Whirlwind|p1a: Roc
|drag|p1a: Chansey|Chansey, F|521\/704
|-damage|p1a: Chansey|404\/704|[from] Spikes
|
|-heal|p2a: Skarmory|313\/334|[from] item: Leftovers
|-heal|p1a: Chansey|448\/704|[from] item: Leftovers
|-damage|p2a: Skarmory|272\/334|[from] Leech Seed|[of] p1a: Chansey
|-heal|p1a: Chansey|489\/704|[silent]
|turn|146
|
|move|p1a: Chansey|Seismic Toss|p2a: Skarmory
|-damage|p2a: Skarmory|172\/334
|move|p2a: Skarmory|Whirlwind|p1a: Chansey
|drag|p1a: Root|Venusaur-Mega, M|316\/364
|-damage|p1a: Root|256\/364|[from] Spikes
|
|-heal|p2a: Skarmory|192\/334|[from] item: Leftovers
|-damage|p2a: Skarmory|151\/334|[from] Leech Seed|[of] p1a: Root
|-heal|p1a: Root|297\/364|[silent]
|turn|147
|
|switch|p1a: Roc|Skarmory, M|334\/334
|move|p2a: Skarmory|Roost|p2a: Skarmory
|-heal|p2a: Skarmory|318\/334
|
|-heal|p2a: Skarmory|334\/334|[from] item: Leftovers
|-damage|p2a: Skarmory|293\/334|[from] Leech Seed|[of] p1a: Roc
|turn|148
|leave|Alb_test
|
|move|p1a: Roc|Defog|p2a: Skarmory
|-unboost|p2a: Skarmory|evasion|1
|-sideend|p1: KTN Arknight|Spikes|[from] move: Defog|[of] p1a: Roc
|move|p2a: Skarmory|Spikes|p1a: Roc
|-sidestart|p1: KTN Arknight|Spikes
|
|-heal|p2a: Skarmory|313\/334|[from] item: Leftovers
|-damage|p2a: Skarmory|272\/334|[from] Leech Seed|[of] p1a: Roc
|turn|149
|
|switch|p1a: Tyrone|Quagsire, M|277\/394
|-damage|p1a: Tyrone|228\/394|[from] Spikes
|move|p2a: Skarmory|Whirlwind|p1a: Tyrone
|drag|p1a: Chansey|Chansey, F|489\/704
|-damage|p1a: Chansey|401\/704|[from] Spikes
|
|-heal|p2a: Skarmory|292\/334|[from] item: Leftovers
|-heal|p1a: Chansey|445\/704|[from] item: Leftovers
|-damage|p2a: Skarmory|251\/334|[from] Leech Seed|[of] p1a: Chansey
|-heal|p1a: Chansey|486\/704|[silent]
|turn|150
|
|move|p2a: Skarmory|Brave Bird|p1a: Chansey
|-damage|p1a: Chansey|255\/704
|-damage|p2a: Skarmory|175\/334|[from] recoil|[of] p1a: Chansey
|move|p1a: Chansey|Seismic Toss|p2a: Skarmory
|-damage|p2a: Skarmory|75\/334
|
|-heal|p2a: Skarmory|95\/334|[from] item: Leftovers
|-heal|p1a: Chansey|299\/704|[from] item: Leftovers
|-damage|p2a: Skarmory|54\/334|[from] Leech Seed|[of] p1a: Chansey
|-heal|p1a: Chansey|340\/704|[silent]
|turn|151
|chat|Dit dus|haha 150 kaching
|
|move|p2a: Skarmory|Roost|p2a: Skarmory
|-heal|p2a: Skarmory|221\/334
|move|p1a: Chansey|Soft-Boiled|p1a: Chansey
|-heal|p1a: Chansey|692\/704
|
|-heal|p2a: Skarmory|241\/334|[from] item: Leftovers
|-heal|p1a: Chansey|704\/704|[from] item: Leftovers
|-damage|p2a: Skarmory|200\/334|[from] Leech Seed|[of] p1a: Chansey
|turn|152
|
|move|p2a: Skarmory|Brave Bird|p1a: Chansey
|-damage|p1a: Chansey|473\/704
|-damage|p2a: Skarmory|124\/334|[from] recoil|[of] p1a: Chansey
|move|p1a: Chansey|Seismic Toss|p2a: Skarmory
|-damage|p2a: Skarmory|24\/334
|
|-heal|p2a: Skarmory|44\/334|[from] item: Leftovers
|-heal|p1a: Chansey|517\/704|[from] item: Leftovers
|-damage|p2a: Skarmory|3\/334|[from] Leech Seed|[of] p1a: Chansey
|-heal|p1a: Chansey|558\/704|[silent]
|turn|153
|
|move|p2a: Skarmory|Roost|p2a: Skarmory
|-heal|p2a: Skarmory|170\/334
|move|p1a: Chansey|Seismic Toss|p2a: Skarmory
|-damage|p2a: Skarmory|70\/334
|
|-heal|p2a: Skarmory|90\/334|[from] item: Leftovers
|-heal|p1a: Chansey|602\/704|[from] item: Leftovers
|-damage|p2a: Skarmory|49\/334|[from] Leech Seed|[of] p1a: Chansey
|-heal|p1a: Chansey|643\/704|[silent]
|turn|154
|
|move|p2a: Skarmory|Roost|p2a: Skarmory
|-heal|p2a: Skarmory|216\/334
|move|p1a: Chansey|Seismic Toss|p2a: Skarmory
|-damage|p2a: Skarmory|116\/334
|
|-heal|p2a: Skarmory|136\/334|[from] item: Leftovers
|-heal|p1a: Chansey|687\/704|[from] item: Leftovers
|-damage|p2a: Skarmory|95\/334|[from] Leech Seed|[of] p1a: Chansey
|-heal|p1a: Chansey|704\/704|[silent]
|turn|155
|
|move|p2a: Skarmory|Roost|p2a: Skarmory
|-heal|p2a: Skarmory|262\/334
|move|p1a: Chansey|Seismic Toss|p2a: Skarmory
|-damage|p2a: Skarmory|162\/334
|
|-heal|p2a: Skarmory|182\/334|[from] item: Leftovers
|-damage|p2a: Skarmory|141\/334|[from] Leech Seed|[of] p1a: Chansey
|turn|156
|
|switch|p1a: Roc|Skarmory, M|334\/334
|move|p2a: Skarmory|Brave Bird|p1a: Roc
|-resisted|p1a: Roc
|-damage|p1a: Roc|300\/334
|-damage|p2a: Skarmory|130\/334|[from] recoil|[of] p1a: Roc
|
|-heal|p1a: Roc|320\/334|[from] item: Leftovers
|-heal|p2a: Skarmory|150\/334|[from] item: Leftovers
|-damage|p2a: Skarmory|109\/334|[from] Leech Seed|[of] p1a: Roc
|-heal|p1a: Roc|334\/334|[silent]
|turn|157
|
|move|p1a: Roc|Defog|p2a: Skarmory
|-unboost|p2a: Skarmory|evasion|1
|-sideend|p1: KTN Arknight|Spikes|[from] move: Defog|[of] p1a: Roc
|move|p2a: Skarmory|Whirlwind|p1a: Roc
|drag|p1a: Chansey|Chansey, F|704\/704
|
|-heal|p2a: Skarmory|129\/334|[from] item: Leftovers
|-damage|p2a: Skarmory|88\/334|[from] Leech Seed|[of] p1a: Chansey
|turn|158
|
|move|p2a: Skarmory|Brave Bird|p1a: Chansey
|-crit|p1a: Chansey
|-damage|p1a: Chansey|343\/704
|-damage|p2a: Skarmory|0 fnt|[from] recoil|[of] p1a: Chansey
|faint|p2a: Skarmory
|
|win|KTN Arknight
|raw|Ladder updating...
|raw|KTN Arknight's rating: 1711 &rarr; <strong>1734<\/strong><br \/>(+23 for winning)
|raw|Dit dus's rating: 1750 &rarr; <strong>1728<\/strong><br \/>(-22 for losing)
|chat|KTN Arknight|gg
|chat|KTN Arknight|this was kind of long
|chat|Dit dus|gg
|chat|Dit dus|jezus christ long
|chat|KTN Arknight|:P
|chat|Dit dus|hehr
|leave|Dit dus
|player|p2