|join|quiladinftw
|join|Dit dus
|player|p1|quiladinftw|265
|player|p2|Dit dus|1
|gametype|singles
|gen|6
|tier|OU
|rated
|clearpoke
|poke|p1|Empoleon, M
|poke|p1|Gardevoir, M
|poke|p1|Raikou, shiny
|poke|p1|Landorus-Therian, M
|poke|p1|Breloom, M
|poke|p1|Diggersby, F
|poke|p2|Altaria, F
|poke|p2|Jirachi
|poke|p2|Terrakion
|poke|p2|Landorus, M
|poke|p2|Thundurus, M
|poke|p2|Azumarill, F
|rule|Swagger Clause: Swagger is banned
|rule|Baton Pass Clause: Limit one PokÃ©mon knowing Baton Pass
|rule|Sleep Clause Mod: Limit one foe put to sleep
|rule|Species Clause: Limit one of each PokÃ©mon
|rule|OHKO Clause: OHKO moves are banned
|rule|Moody Clause: Moody is banned
|rule|Evasion Moves Clause: Evasion moves are banned
|rule|Endless Battle Clause: Forcing endless battles is banned
|rule|HP Percentage Mod: HP is shown in percentages
|teampreview
|
|start
|switch|p1a: One night stand|Landorus-Therian, M|382\/382
|switch|p2a: Jirachi|Jirachi|341\/341
|-ability|p1a: One night stand|Intimidate|[of] p2a: Jirachi
|-unboost|p2a: Jirachi|atk|1
|turn|1
|
|move|p2a: Jirachi|Iron Head|p1a: One night stand
|-crit|p1a: One night stand
|-damage|p1a: One night stand|249\/382
|move|p1a: One night stand|Stealth Rock|p2a: Jirachi
|-sidestart|p2: Dit dus|move: Stealth Rock
|
|-heal|p1a: One night stand|272\/382|[from] item: Leftovers
|turn|2
|
|switch|p2a: Altaria|Altaria, F|297\/297
|-damage|p2a: Altaria|223\/297|[from] Stealth Rock
|move|p1a: One night stand|U-turn|p2a: Altaria
|-resisted|p2a: Altaria
|-damage|p2a: Altaria|185\/297
|
|switch|p1a: Princess kenny|Gardevoir, M|277\/277
|-ability|p1a: Princess kenny|Natural Cure|[from] ability: Trace|[of] p2a: Altaria
|
|turn|3
|
|switch|p2a: Jirachi|Jirachi|341\/341
|-damage|p2a: Jirachi|320\/341|[from] Stealth Rock
|detailschange|p1a: Princess kenny|Gardevoir-Mega, M
|-mega|p1a: Princess kenny|Gardevoir|Gardevoirite
|move|p1a: Princess kenny|Hyper Voice|p2a: Jirachi
|-resisted|p2a: Jirachi
|-damage|p2a: Jirachi|195\/341
|
|turn|4
|
|switch|p1a: Empoleon Bonaparte|Empoleon, M|371\/371
|move|p2a: Jirachi|U-turn|p1a: Empoleon Bonaparte
|-resisted|p1a: Empoleon Bonaparte
|-damage|p1a: Empoleon Bonaparte|332\/371
|
|switch|p2a: Thundurus|Thundurus, M|299\/299
|-damage|p2a: Thundurus|225\/299|[from] Stealth Rock
|
|-heal|p1a: Empoleon Bonaparte|355\/371|[from] item: Leftovers
|turn|5
|
|move|p2a: Thundurus|Knock Off|p1a: Empoleon Bonaparte
|-damage|p1a: Empoleon Bonaparte|208\/371
|-enditem|p1a: Empoleon Bonaparte|Leftovers|[from] move: Knock Off|[of] p2a: Thundurus
|-damage|p2a: Thundurus|196\/299|[from] item: Life Orb
|move|p1a: Empoleon Bonaparte|Scald|p2a: Thundurus
|-damage|p2a: Thundurus|49\/299
|
|turn|6
|
|switch|p1a: One night stand|Landorus-Therian, M|272\/382
|-ability|p1a: One night stand|Intimidate|[of] p2a: Thundurus
|-unboost|p2a: Thundurus|atk|1
|-boost|p2a: Thundurus|atk|2|[from] ability: Defiant
|move|p2a: Thundurus|Superpower|p1a: One night stand
|-resisted|p1a: One night stand
|-damage|p1a: One night stand|165\/382
|-unboost|p2a: Thundurus|atk|1
|-unboost|p2a: Thundurus|def|1
|-damage|p2a: Thundurus|20\/299|[from] item: Life Orb
|
|-heal|p1a: One night stand|188\/382|[from] item: Leftovers
|turn|7
|
|switch|p1a: Empoleon Bonaparte|Empoleon, M|208\/371
|move|p2a: Thundurus|Hidden Power|p1a: Empoleon Bonaparte
|-resisted|p1a: Empoleon Bonaparte
|-damage|p1a: Empoleon Bonaparte|195\/371
|-damage|p2a: Thundurus|0 fnt|[from] item: Life Orb
|faint|p2a: Thundurus
|
|
|switch|p2a: Terrakion|Terrakion|323\/323
|-damage|p2a: Terrakion|303\/323|[from] Stealth Rock
|turn|8
|
|move|p2a: Terrakion|Stealth Rock|p1a: Empoleon Bonaparte
|-sidestart|p1: quiladinftw|move: Stealth Rock
|move|p1a: Empoleon Bonaparte|Scald|p2a: Terrakion
|-supereffective|p2a: Terrakion
|-damage|p2a: Terrakion|75\/323
|-status|p2a: Terrakion|brn
|
|-damage|p2a: Terrakion|35\/323 brn|[from] brn
|turn|9
|
|move|p2a: Terrakion|Taunt|p1a: Empoleon Bonaparte
|-start|p1a: Empoleon Bonaparte|move: Taunt
|cant|p1a: Empoleon Bonaparte|move: Taunt|Defog
|
|-damage|p2a: Terrakion|0 fnt|[from] brn
|faint|p2a: Terrakion
|
|switch|p2a: Jirachi|Jirachi|195\/341
|-damage|p2a: Jirachi|174\/341|[from] Stealth Rock
|turn|10
|
|move|p2a: Jirachi|Iron Head|p1a: Empoleon Bonaparte
|-resisted|p1a: Empoleon Bonaparte
|-damage|p1a: Empoleon Bonaparte|159\/371
|move|p1a: Empoleon Bonaparte|Scald|p2a: Jirachi
|-damage|p2a: Jirachi|72\/341
|
|turn|11
|
|move|p2a: Jirachi|Iron Head|p1a: Empoleon Bonaparte
|-resisted|p1a: Empoleon Bonaparte
|-damage|p1a: Empoleon Bonaparte|124\/371
|cant|p1a: Empoleon Bonaparte|flinch
|
|-end|p1a: Empoleon Bonaparte|move: Taunt
|turn|12
|
|move|p1a: Empoleon Bonaparte|Protect|p1a: Empoleon Bonaparte
|-singleturn|p1a: Empoleon Bonaparte|Protect
|move|p2a: Jirachi|Iron Head|p1a: Empoleon Bonaparte
|-activate|p1a: Empoleon Bonaparte|Protect
|
|turn|13
|
|move|p2a: Jirachi|Iron Head|p1a: Empoleon Bonaparte
|-resisted|p1a: Empoleon Bonaparte
|-damage|p1a: Empoleon Bonaparte|91\/371
|move|p1a: Empoleon Bonaparte|Defog|p2a: Jirachi
|-unboost|p2a: Jirachi|evasion|1
|-sideend|p2: Dit dus|Stealth Rock|[from] move: Defog|[of] p2a: Jirachi
|-sideend|p1: quiladinftw|Stealth Rock|[from] move: Defog|[of] p1a: Empoleon Bonaparte
|
|turn|14
|
|switch|p1a: One night stand|Landorus-Therian, M|188\/382
|-ability|p1a: One night stand|Intimidate|[of] p2a: Jirachi
|-unboost|p2a: Jirachi|atk|1
|move|p2a: Jirachi|Iron Head|p1a: One night stand
|-damage|p1a: One night stand|121\/382
|
|-heal|p1a: One night stand|144\/382|[from] item: Leftovers
|turn|15
|
|move|p2a: Jirachi|Iron Head|p1a: One night stand
|-damage|p1a: One night stand|77\/382
|move|p1a: One night stand|Stealth Rock|p2a: Jirachi
|-sidestart|p2: Dit dus|move: Stealth Rock
|
|-heal|p1a: One night stand|100\/382|[from] item: Leftovers
|turn|16
|
|switch|p1a: THIRD RAICH|Raikou, shiny|322\/322
|-ability|p1a: THIRD RAICH|Pressure
|move|p2a: Jirachi|Iron Head|p1a: THIRD RAICH
|-resisted|p1a: THIRD RAICH
|-damage|p1a: THIRD RAICH|267\/322
|
|turn|17
|
|move|p1a: THIRD RAICH|Volt Switch|p2a: Jirachi
|-damage|p2a: Jirachi|0 fnt
|faint|p2a: Jirachi
|join|SergeantSwampert
|
|switch|p1a: Princess kenny|Gardevoir-Mega, M|277\/277
|
|c| SergeantSwampert|was sup my homies
|
|switch|p2a: Azumarill|Azumarill, F|403\/403
|-damage|p2a: Azumarill|353\/403|[from] Stealth Rock
|turn|18
|c|âquiladinftw|o-o shofu
|
|switch|p1a: Al capone|Breloom, M|261\/261
|move|p2a: Azumarill|Aqua Jet|p1a: Al capone
|-resisted|p1a: Al capone
|-damage|p1a: Al capone|181\/261
|
|turn|19
|c|âquiladinftw|to win 6-0 in this situation is hard right now
|
|move|p2a: Azumarill|Aqua Jet|p1a: Al capone
|-resisted|p1a: Al capone
|-damage|p1a: Al capone|109\/261
|move|p1a: Al capone|Bullet Seed|p2a: Azumarill
|-supereffective|p2a: Azumarill
|-damage|p2a: Azumarill|197\/403
|-supereffective|p2a: Azumarill
|-damage|p2a: Azumarill|35\/403
|-supereffective|p2a: Azumarill
|-damage|p2a: Azumarill|0 fnt
|-hitcount|p2a: Azumarill|3
|faint|p2a: Azumarill
|
|
|switch|p2a: Altaria|Altaria, F|185\/297
|-damage|p2a: Altaria|111\/297|[from] Stealth Rock
|turn|20
|c|âDit dus|jezus i played this miserably
|c|âquiladinftw|tbh atm im making plays to reserve 6-0
|
|switch|p1a: Choke a bitch|Diggersby, F|311\/311
|detailschange|p2a: Altaria|Altaria-Mega, F
|-mega|p2a: Altaria|Altaria|Altarianite
|move|p2a: Altaria|Hyper Voice|p1a: Choke a bitch
|-damage|p1a: Choke a bitch|100\/311
|
|turn|21
|c|âquiladinftw|so if u play off that
|c|âDit dus|i mean from the starm
|c|âDit dus|t
|c|âquiladinftw|yh kinda
|c|âquiladinftw|if only i had ice punch on this one
|
|move|p1a: Choke a bitch|Return|p2a: Altaria
|-damage|p2a: Altaria|0 fnt
|faint|p2a: Altaria
|
|
|switch|p2a: Landorus|Landorus, M|319\/319
|-damage|p2a: Landorus|280\/319|[from] Stealth Rock
|turn|22
|
|switch|p1a: One night stand|Landorus-Therian, M|100\/382
|-ability|p1a: One night stand|Intimidate|[of] p2a: Landorus
|-unboost|p2a: Landorus|atk|1
|move|p2a: Landorus|Rock Polish|p2a: Landorus
|-boost|p2a: Landorus|spe|2
|
|-heal|p1a: One night stand|123\/382|[from] item: Leftovers
|turn|23
|c|âquiladinftw|im retarded
|c|âquiladinftw|forgive me
|
|move|p2a: Landorus|Psychic|p1a: One night stand
|-damage|p1a: One night stand|0 fnt
|faint|p1a: One night stand
|
|c| SergeantSwampert|ooooh
|
|switch|p1a: Princess kenny|Gardevoir-Mega, M|277\/277
|turn|24
|c|âquiladinftw|hopefully that is naive
|c|âquiladinftw|so i still win
|c| SergeantSwampert|no 6-0 for u son
|c|âDit dus|all the priority tho
|
|move|p2a: Landorus|Sludge Wave|p1a: Princess kenny
|-supereffective|p1a: Princess kenny
|-damage|p1a: Princess kenny|0 fnt
|faint|p1a: Princess kenny
|
|c|âquiladinftw|mach punch is only piriot
|c|âDit dus|wait
|c|âquiladinftw|wp
|c| SergeantSwampert|aw snap
|c| SergeantSwampert|gg
|c|âquiladinftw|ru rash?
|c|âquiladinftw|welp im calcing for rash
|c|âDit dus|modest it is
|c|âquiladinftw|damn still outspeed
|c|âquiladinftw|fml
|
|switch|p1a: THIRD RAICH|Raikou, shiny|267\/322
|-ability|p1a: THIRD RAICH|Pressure
|turn|25
|c|âquiladinftw|i love this this set aswell
|c| SergeantSwampert|3rd raich
|
|move|p2a: Landorus|Earth Power|p1a: THIRD RAICH
|-supereffective|p1a: THIRD RAICH
|-damage|p1a: THIRD RAICH|0 fnt
|faint|p1a: THIRD RAICH
|
|c|âquiladinftw|but i run rash knock off
|c|âquiladinftw|im scarfed rash cus aura sphere
|c|âDit dus|over what?
|c|âquiladinftw|over wave
|c|âquiladinftw|it came through for u here
|c|âquiladinftw|but for lati
|
|switch|p1a: Al capone|Breloom, M|109\/261
|turn|26
|c|âDit dus|ah i see
|c|âDit dus|i take on lati pretty well tho
|c|âquiladinftw|it koes them when they come in
|
|move|p1a: Al capone|Mach Punch|p2a: Landorus
|-resisted|p2a: Landorus
|-damage|p2a: Landorus|223\/319
|move|p2a: Landorus|Psychic|p1a: Al capone
|-supereffective|p1a: Al capone
|-damage|p1a: Al capone|0 fnt
|faint|p1a: Al capone
|
|c| SergeantSwampert|i honestly need to save this battle, awesome comeback
|c| SergeantSwampert|dit dus
|-message|quiladinftw forfeited.
|leave|quiladinftw
|c|âDit dus|gg
|c| SergeantSwampert|gg
|
|win|Dit dus
|raw|Ladder updating...
|player|p1
|c|âDit dus|if only for the chokes
|raw|quiladinftw's rating: 1662 &rarr; <strong>1639<\/strong><br \/>(-23 for losing)
|raw|Dit dus's rating: 1607 &rarr; <strong>1630<\/strong><br \/>(+23 for winning)