|join|Toply
|join|ololololoo
|player|p1|Toply|117
|player|p2|ololololoo|1
|gametype|singles
|gen|6
|tier|UU
|rated
|rule|Sleep Clause Mod: Limit one foe put to sleep
|rule|Species Clause: Limit one of each PokÃ©mon
|rule|OHKO Clause: OHKO moves are banned
|rule|Moody Clause: Moody is banned
|rule|Evasion Moves Clause: Evasion moves are banned
|rule|Endless Battle Clause: Forcing endless battles is banned
|rule|HP Percentage Mod: HP is shown in percentages
|clearpoke
|poke|p1|Haxorus, M
|poke|p1|Chandelure, M
|poke|p1|Diancie
|poke|p1|Eelektross, F
|poke|p1|Uxie
|poke|p1|Medicham, M
|poke|p2|Entei, shiny
|poke|p2|Shaymin
|poke|p2|Jirachi
|poke|p2|Rotom-Heat
|poke|p2|Umbreon, M
|poke|p2|Crobat, M
|rule|Swagger Clause: Swagger is banned
|rule|Baton Pass Clause: Limit one PokÃ©mon knowing Baton Pass
|teampreview
|
|start
|switch|p1a: Uxie|Uxie|354\/354
|switch|p2a: Gracilis|Shaymin|341\/341
|turn|1
|
|move|p2a: Gracilis|Seed Flare|p1a: Uxie
|-damage|p1a: Uxie|233\/354
|-unboost|p1a: Uxie|spd|2
|move|p1a: Uxie|Stealth Rock|p2a: Gracilis
|-sidestart|p2: ololololoo|move: Stealth Rock
|
|-heal|p1a: Uxie|255\/354|[from] item: Leftovers
|turn|2
|
|switch|p1a: Chandelure|Chandelure, M|324\/324
|move|p2a: Gracilis|Seed Flare|p1a: Chandelure
|-resisted|p1a: Chandelure
|-damage|p1a: Chandelure|228\/324
|-unboost|p1a: Chandelure|spd|2
|
|turn|3
|
|move|p2a: Gracilis|Seed Flare|p1a: Chandelure
|-resisted|p1a: Chandelure
|-damage|p1a: Chandelure|20\/324
|-unboost|p1a: Chandelure|spd|2
|move|p1a: Chandelure|Overheat|p2a: Gracilis
|-crit|p2a: Gracilis
|-supereffective|p2a: Gracilis
|-damage|p2a: Gracilis|0 fnt
|-unboost|p1a: Chandelure|spa|2
|faint|p2a: Gracilis
|
|
|switch|p2a: Black Stall|Umbreon, M|394\/394
|-damage|p2a: Black Stall|345\/394|[from] Stealth Rock
|turn|4
|
|switch|p1a: Medicham|Medicham, M|262\/262
|move|p2a: Black Stall|Toxic|p1a: Medicham
|-status|p1a: Medicham|tox
|
|-heal|p2a: Black Stall|369\/394|[from] item: Leftovers
|-damage|p1a: Medicham|246\/262 tox|[from] psn
|turn|5
|
|detailschange|p1a: Medicham|Medicham-Mega, M
|-mega|p1a: Medicham|Medicham|Medichamite
|move|p2a: Black Stall|Protect|p2a: Black Stall
|-singleturn|p2a: Black Stall|Protect
|move|p1a: Medicham|Substitute|p1a: Medicham
|-start|p1a: Medicham|Substitute
|-damage|p1a: Medicham|181\/262 tox
|
|-heal|p2a: Black Stall|393\/394|[from] item: Leftovers
|-damage|p1a: Medicham|149\/262 tox|[from] psn
|turn|6
|
|move|p2a: Black Stall|Protect|p2a: Black Stall
|-fail|p2a: Black Stall
|move|p1a: Medicham|Drain Punch|p2a: Black Stall
|-supereffective|p2a: Black Stall
|-damage|p2a: Black Stall|61\/394
|-heal|p1a: Medicham|262\/262 tox|[from] drain|[of] p2a: Black Stall
|
|-heal|p2a: Black Stall|85\/394|[from] item: Leftovers
|-damage|p1a: Medicham|214\/262 tox|[from] psn
|turn|7
|
|switch|p1a: Diancie|Diancie|303\/303
|move|p2a: Black Stall|Protect|p2a: Black Stall
|-fail|p2a: Black Stall
|
|-heal|p2a: Black Stall|109\/394|[from] item: Leftovers
|turn|8
|
|move|p2a: Black Stall|Toxic|p1a: Diancie|[miss]
|-miss|p2a: Black Stall|p1a: Diancie
|move|p1a: Diancie|Moonblast|p2a: Black Stall
|-supereffective|p2a: Black Stall
|-damage|p2a: Black Stall|0 fnt
|-damage|p1a: Diancie|273\/303|[from] item: Life Orb
|faint|p2a: Black Stall
|
|
|switch|p2a: Moonlight|Jirachi|404\/404
|-damage|p2a: Moonlight|379\/404|[from] Stealth Rock
|turn|9
|
|switch|p1a: Uxie|Uxie|255\/354
|move|p2a: Moonlight|Stealth Rock|p1a: Uxie
|-sidestart|p1: Toply|move: Stealth Rock
|
|-heal|p2a: Moonlight|404\/404|[from] item: Leftovers
|-heal|p1a: Uxie|277\/354|[from] item: Leftovers
|turn|10
|
|switch|p2a: Doge|Entei, shiny|371\/371
|-damage|p2a: Doge|279\/371|[from] Stealth Rock
|-ability|p2a: Doge|Pressure
|move|p1a: Uxie|Trick Room|p1a: Uxie
|-fieldstart|move: Trick Room|[of] p1a: Uxie
|
|-heal|p1a: Uxie|299\/354|[from] item: Leftovers
|turn|11
|
|switch|p1a: Chandelure|Chandelure, M|20\/324
|-damage|p1a: Chandelure|0 fnt|[from] Stealth Rock
|faint|p1a: Chandelure
|move|p2a: Doge|Sacred Fire|p1: Chandelure|[notarget]
|-notarget
|
|
|switch|p1a: Eelektross|Eelektross, F|312\/312
|-damage|p1a: Eelektross|273\/312|[from] Stealth Rock
|turn|12
|
|switch|p2a: Easy Bake|Rotom-Heat|304\/304
|-damage|p2a: Easy Bake|228\/304|[from] Stealth Rock
|move|p1a: Eelektross|Wild Charge|p2a: Easy Bake
|-resisted|p2a: Easy Bake
|-damage|p2a: Easy Bake|168\/304
|-damage|p1a: Eelektross|221\/312|[from] item: Rocky Helmet|[of] p2a: Easy Bake
|-damage|p1a: Eelektross|206\/312|[from] recoil|[of] p2a: Easy Bake
|-damage|p1a: Eelektross|175\/312|[from] item: Life Orb
|
|turn|13
|
|move|p1a: Eelektross|Superpower|p2a: Easy Bake
|-damage|p2a: Easy Bake|48\/304
|-damage|p1a: Eelektross|123\/312|[from] item: Rocky Helmet|[of] p2a: Easy Bake
|-unboost|p1a: Eelektross|atk|1
|-unboost|p1a: Eelektross|def|1
|-damage|p1a: Eelektross|92\/312|[from] item: Life Orb
|move|p2a: Easy Bake|Volt Switch|p1a: Eelektross
|-resisted|p1a: Eelektross
|-damage|p1a: Eelektross|45\/312
|
|switch|p2a: Doge|Entei, shiny|279\/371
|-damage|p2a: Doge|187\/371|[from] Stealth Rock
|-ability|p2a: Doge|Pressure
|
|turn|14
|
|move|p2a: Doge|Extreme Speed|p1a: Eelektross
|-damage|p1a: Eelektross|0 fnt
|-damage|p2a: Doge|150\/371|[from] item: Life Orb
|faint|p1a: Eelektross
|
|-fieldend|move: Trick Room
|
|switch|p1a: Medicham|Medicham-Mega, M|214\/262 tox
|-damage|p1a: Medicham|198\/262 tox|[from] Stealth Rock
|turn|15
|
|move|p2a: Doge|Extreme Speed|p1a: Medicham
|-damage|p1a: Medicham|54\/262 tox
|-damage|p2a: Doge|113\/371|[from] item: Life Orb
|move|p1a: Medicham|Drain Punch|p2a: Doge
|-damage|p2a: Doge|0 fnt
|-heal|p1a: Medicham|111\/262 tox|[from] drain|[of] p2a: Doge
|faint|p2a: Doge
|
|-damage|p1a: Medicham|95\/262 tox|[from] psn
|
|switch|p2a: Crobat|Crobat, M|374\/374
|-damage|p2a: Crobat|281\/374|[from] Stealth Rock
|turn|16
|
|switch|p1a: Diancie|Diancie|273\/303
|-damage|p1a: Diancie|236\/303|[from] Stealth Rock
|move|p2a: Crobat|Brave Bird|p1a: Diancie
|-resisted|p1a: Diancie
|-damage|p1a: Diancie|190\/303
|-damage|p2a: Crobat|266\/374|[from] recoil|[of] p1a: Diancie
|
|-heal|p2a: Crobat|289\/374|[from] item: Black Sludge
|turn|17
|
|switch|p2a: Moonlight|Jirachi|404\/404
|-damage|p2a: Moonlight|379\/404|[from] Stealth Rock
|move|p1a: Diancie|Diamond Storm|p2a: Moonlight
|-crit|p2a: Moonlight
|-resisted|p2a: Moonlight
|-damage|p2a: Moonlight|256\/404
|-boost|p1a: Diancie|def|1
|-damage|p1a: Diancie|160\/303|[from] item: Life Orb
|
|-heal|p2a: Moonlight|281\/404|[from] item: Leftovers
|turn|18
|
|switch|p1a: Uxie|Uxie|299\/354
|-damage|p1a: Uxie|255\/354|[from] Stealth Rock
|move|p2a: Moonlight|Wish|p2a: Moonlight
|
|-heal|p2a: Moonlight|306\/404|[from] item: Leftovers
|-heal|p1a: Uxie|277\/354|[from] item: Leftovers
|turn|19
|
|switch|p2a: Crobat|Crobat, M|289\/374
|-damage|p2a: Crobat|196\/374|[from] Stealth Rock
|move|p1a: Uxie|U-turn|p2a: Crobat
|-resisted|p2a: Crobat
|-damage|p2a: Crobat|182\/374
|
|switch|p1a: Diancie|Diancie|160\/303
|-damage|p1a: Diancie|123\/303|[from] Stealth Rock
|
|-heal|p2a: Crobat|374\/374|[from] move: Wish|[wisher] Moonlight
|turn|20
|
|switch|p2a: Easy Bake|Rotom-Heat|48\/304
|-damage|p2a: Easy Bake|0 fnt|[from] Stealth Rock
|faint|p2a: Easy Bake
|move|p1a: Diancie|Earth Power|p2: Easy Bake|[notarget]
|-notarget
|
|
|switch|p2a: Moonlight|Jirachi|306\/404
|-damage|p2a: Moonlight|281\/404|[from] Stealth Rock
|turn|21
|
|switch|p1a: Uxie|Uxie|277\/354
|-damage|p1a: Uxie|233\/354|[from] Stealth Rock
|move|p2a: Moonlight|Wish|p2a: Moonlight
|
|-heal|p2a: Moonlight|306\/404|[from] item: Leftovers
|-heal|p1a: Uxie|255\/354|[from] item: Leftovers
|turn|22
|
|move|p2a: Moonlight|Protect|p2a: Moonlight
|-singleturn|p2a: Moonlight|Protect
|move|p1a: Uxie|Trick Room|p1a: Uxie
|-fieldstart|move: Trick Room|[of] p1a: Uxie
|
|-heal|p2a: Moonlight|404\/404|[from] move: Wish|[wisher] Moonlight
|-heal|p1a: Uxie|277\/354|[from] item: Leftovers
|turn|23
|
|switch|p2a: Crobat|Crobat, M|374\/374
|-damage|p2a: Crobat|281\/374|[from] Stealth Rock
|move|p1a: Uxie|Memento|p2a: Crobat
|-unboost|p2a: Crobat|atk|2
|-unboost|p2a: Crobat|spa|2
|faint|p1a: Uxie
|
|-heal|p2a: Crobat|304\/374|[from] item: Black Sludge
|
|switch|p1a: Diancie|Diancie|123\/303
|-damage|p1a: Diancie|86\/303|[from] Stealth Rock
|turn|24
|
|switch|p2a: Moonlight|Jirachi|404\/404
|-damage|p2a: Moonlight|379\/404|[from] Stealth Rock
|move|p1a: Diancie|Diamond Storm|p2a: Moonlight
|-resisted|p2a: Moonlight
|-damage|p2a: Moonlight|301\/404
|-damage|p1a: Diancie|56\/303|[from] item: Life Orb
|
|-heal|p2a: Moonlight|326\/404|[from] item: Leftovers
|turn|25
|
|move|p1a: Diancie|Earth Power|p2a: Moonlight
|-crit|p2a: Moonlight
|-supereffective|p2a: Moonlight
|-damage|p2a: Moonlight|74\/404
|-damage|p1a: Diancie|26\/303|[from] item: Life Orb
|move|p2a: Moonlight|Wish|p2a: Moonlight
|
|-heal|p2a: Moonlight|99\/404|[from] item: Leftovers
|turn|26
|
|switch|p1a: Medicham|Medicham-Mega, M|95\/262 tox
|-damage|p1a: Medicham|79\/262 tox|[from] Stealth Rock
|move|p2a: Moonlight|Protect|p2a: Moonlight
|-fail|p2a: Moonlight
|
|-heal|p2a: Moonlight|301\/404|[from] move: Wish|[wisher] Moonlight
|-heal|p2a: Moonlight|326\/404|[from] item: Leftovers
|-damage|p1a: Medicham|63\/262 tox|[from] psn
|-fieldend|move: Trick Room
|turn|27
|
|move|p2a: Moonlight|Protect|p2a: Moonlight
|-singleturn|p2a: Moonlight|Protect
|move|p1a: Medicham|Drain Punch|p2a: Moonlight
|-activate|p2a: Moonlight|Protect
|
|-heal|p2a: Moonlight|351\/404|[from] item: Leftovers
|-damage|p1a: Medicham|31\/262 tox|[from] psn
|turn|28
|
|move|p1a: Medicham|Drain Punch|p2a: Moonlight
|-damage|p2a: Moonlight|135\/404
|-heal|p1a: Medicham|139\/262 tox|[from] drain|[of] p2a: Moonlight
|move|p2a: Moonlight|Wish|p2a: Moonlight
|
|-heal|p2a: Moonlight|160\/404|[from] item: Leftovers
|-damage|p1a: Medicham|91\/262 tox|[from] psn
|turn|29
|
|switch|p1a: Haxorus|Haxorus, M|294\/294
|-damage|p1a: Haxorus|258\/294|[from] Stealth Rock
|-ability|p1a: Haxorus|Mold Breaker
|move|p2a: Moonlight|Protect|p2a: Moonlight
|-fail|p2a: Moonlight
|
|-heal|p2a: Moonlight|362\/404|[from] move: Wish|[wisher] Moonlight
|-heal|p2a: Moonlight|387\/404|[from] item: Leftovers
|turn|30
|
|switch|p2a: Crobat|Crobat, M|304\/374
|-damage|p2a: Crobat|211\/374|[from] Stealth Rock
|move|p1a: Haxorus|Earthquake|p2a: Crobat
|-immune|p2a: Crobat|[msg]
|
|-heal|p2a: Crobat|234\/374|[from] item: Black Sludge
|turn|31
|
|switch|p1a: Diancie|Diancie|26\/303
|-damage|p1a: Diancie|0 fnt|[from] Stealth Rock
|faint|p1a: Diancie
|move|p2a: Crobat|Roost|p2a: Crobat
|-heal|p2a: Crobat|374\/374
|
|
|switch|p1a: Haxorus|Haxorus, M|258\/294
|-damage|p1a: Haxorus|222\/294|[from] Stealth Rock
|-ability|p1a: Haxorus|Mold Breaker
|turn|32
|
|move|p1a: Haxorus|Outrage|p2a: Crobat
|-damage|p2a: Crobat|79\/374
|move|p2a: Crobat|Brave Bird|p1a: Haxorus
|-crit|p1a: Haxorus
|-damage|p1a: Haxorus|2\/294
|-damage|p2a: Crobat|6\/374|[from] recoil|[of] p1a: Haxorus
|
|-heal|p2a: Crobat|29\/374|[from] item: Black Sludge
|turn|33
|
|switch|p2a: Moonlight|Jirachi|387\/404
|-damage|p2a: Moonlight|362\/404|[from] Stealth Rock
|move|p1a: Haxorus|Outrage|p2a: Moonlight
|-crit|p2a: Moonlight
|-resisted|p2a: Moonlight
|-damage|p2a: Moonlight|186\/404
|
|-end|p1a: Haxorus|rampage
|-start|p1a: Haxorus|confusion
|-heal|p2a: Moonlight|211\/404|[from] item: Leftovers
|turn|34
|
|move|p2a: Moonlight|Protect|p2a: Moonlight
|-singleturn|p2a: Moonlight|Protect
|-activate|p1a: Haxorus|confusion
|-damage|p1a: Haxorus|0 fnt|[from] confusion
|faint|p1a: Haxorus
|
|-heal|p2a: Moonlight|236\/404|[from] item: Leftovers
|
|switch|p1a: Medicham|Medicham-Mega, M|91\/262 tox
|-damage|p1a: Medicham|75\/262 tox|[from] Stealth Rock
|turn|35
|
|move|p1a: Medicham|Drain Punch|p2a: Moonlight
|-crit|p2a: Moonlight
|-damage|p2a: Moonlight|0 fnt
|-heal|p1a: Medicham|193\/262 tox|[from] drain|[of] p2a: Moonlight
|faint|p2a: Moonlight
|
|-damage|p1a: Medicham|177\/262 tox|[from] psn
|c|âToply|gg
|c|âToply|critcal everywhere
|
|switch|p2a: Crobat|Crobat, M|29\/374
|-damage|p2a: Crobat|0 fnt|[from] Stealth Rock
|faint|p2a: Crobat
|
|win|Toply
|raw|Ladder updating...
|raw|Toply's rating: 1274 &rarr; <strong>1291<\/strong><br \/>(+17 for winning)
|raw|ololololoo's rating: 1159 &rarr; <strong>1142<\/strong><br \/>(-17 for losing)
|leave|Toply
|player|p1