|join|nggtst
|join|Eckleburg
|player|p1|nggtst|168
|player|p2|Eckleburg|160
|gametype|singles
|gen|6
|tier|ORAS OU
|rated
|rule|Sleep Clause Mod: Limit one foe put to sleep
|rule|Species Clause: Limit one of each PokÃ©mon
|rule|OHKO Clause: OHKO moves are banned
|rule|Moody Clause: Moody is banned
|rule|Evasion Moves Clause: Evasion moves are banned
|rule|Endless Battle Clause: Forcing endless battles is banned
|rule|HP Percentage Mod: HP is shown in percentages
|clearpoke
|poke|p1|Greninja, M
|poke|p1|Salamence, M
|poke|p1|Magnezone
|poke|p1|Garchomp, M
|poke|p1|Mandibuzz, F
|poke|p1|Keldeo-Resolute
|poke|p2|Greninja, M, shiny
|poke|p2|Gengar, F
|poke|p2|Terrakion
|poke|p2|Lopunny, M
|poke|p2|Azumarill, F
|poke|p2|Ferrothorn, F
|rule|Swagger Clause: Swagger is banned
|rule|Baton Pass Clause: Limit one PokÃ©mon knowing Baton Pass
|teampreview
|
|start
|switch|p1a: Magnezone|Magnezone|344\/344
|switch|p2a: Terrakion|Terrakion|324\/324
|turn|1
|
|switch|p1a: Mandibuzz|Mandibuzz, F|424\/424
|move|p2a: Terrakion|Earthquake|p1a: Mandibuzz
|-immune|p1a: Mandibuzz|[msg]
|
|turn|2
|
|switch|p2a: Ferrothorn|Ferrothorn, F|352\/352
|switch|p1a: Magnezone|Magnezone|344\/344
|
|turn|3
|join|BCroak
|
|move|p1a: Magnezone|Hidden Power|p2a: Ferrothorn
|-supereffective|p2a: Ferrothorn
|-damage|p2a: Ferrothorn|60\/352
|move|p2a: Ferrothorn|Stealth Rock|p1a: Magnezone
|-sidestart|p1: nggtst|move: Stealth Rock
|
|-heal|p2a: Ferrothorn|82\/352|[from] item: Leftovers
|turn|4
|
|move|p1a: Magnezone|Hidden Power|p2a: Ferrothorn
|-supereffective|p2a: Ferrothorn
|-damage|p2a: Ferrothorn|0 fnt
|faint|p2a: Ferrothorn
|
|
|switch|p2a: Terrakion|Terrakion|324\/324
|turn|5
|
|switch|p1a: Garchomp|Garchomp, M|357\/357
|-damage|p1a: Garchomp|335\/357|[from] Stealth Rock
|move|p2a: Terrakion|Close Combat|p1a: Garchomp
|-damage|p1a: Garchomp|124\/357
|-damage|p2a: Terrakion|284\/324|[from] ability: Rough Skin|[of] p1a: Garchomp
|-unboost|p2a: Terrakion|def|1
|-unboost|p2a: Terrakion|spd|1
|
|turn|6
|
|move|p2a: Terrakion|Close Combat|p1a: Garchomp
|-damage|p1a: Garchomp|0 fnt
|-damage|p2a: Terrakion|244\/324|[from] ability: Rough Skin|[of] p1a: Garchomp
|-unboost|p2a: Terrakion|def|1
|-unboost|p2a: Terrakion|spd|1
|faint|p1a: Garchomp
|
|
|switch|p1a: Salamence|Salamence, M|331\/331
|-damage|p1a: Salamence|249\/331|[from] Stealth Rock
|-ability|p1a: Salamence|Intimidate|[of] p2a: Terrakion
|-unboost|p2a: Terrakion|atk|1
|turn|7
|
|switch|p2a: Azumarill|Azumarill, F|404\/404
|detailschange|p1a: Salamence|Salamence-Mega, M
|message|Salamence has Mega Evolved into Mega Salamence!
|move|p1a: Salamence|Dragon Dance|p1a: Salamence
|-boost|p1a: Salamence|atk|1
|-boost|p1a: Salamence|spe|1
|
|turn|8
|
|move|p1a: Salamence|Return|p2a: Azumarill
|-damage|p2a: Azumarill|0 fnt
|faint|p2a: Azumarill
|
|
|switch|p2a: Terrakion|Terrakion|244\/324
|turn|9
|c|âEckleburg|gg
|
|move|p1a: Salamence|Return|p2a: Terrakion
|-damage|p2a: Terrakion|0 fnt
|faint|p2a: Terrakion
|
|c|ânggtst|gg 
|
|switch|p2a: Lopunny|Lopunny, M|272\/272
|turn|10
|
|detailschange|p2a: Lopunny|Lopunny-Mega, M
|message|Lopunny has Mega Evolved into Mega Lopunny!
|move|p1a: Salamence|Roost|p1a: Salamence
|-heal|p1a: Salamence|331\/331
|move|p2a: Lopunny|Ice Punch|p1a: Salamence
|-supereffective|p1a: Salamence
|-damage|p1a: Salamence|193\/331
|
|turn|11
|
|move|p1a: Salamence|Return|p2a: Lopunny
|-supereffective|p2a: Lopunny
|-damage|p2a: Lopunny|0 fnt
|faint|p2a: Lopunny
|
|
|switch|p2a: Greninja|Greninja, M, shiny|286\/286
|turn|12
|
|move|p1a: Salamence|Return|p2a: Greninja
|-damage|p2a: Greninja|0 fnt
|faint|p2a: Greninja
|
|
|switch|p2a: Gengar|Gengar, F|261\/261
|turn|13
|
|move|p1a: Salamence|Return|p2a: Gengar
|-damage|p2a: Gengar|0 fnt
|faint|p2a: Gengar
|
|win|nggtst
|raw|Ladder updating...
|raw|nggtst's rating: 1180 &rarr; <strong>1215<\/strong><br \/>(+35 for winning)
|raw|Eckleburg's rating: 1330 &rarr; <strong>1302<\/strong><br \/>(-28 for losing)
|leave|Eckleburg
|player|p2