|join|Chocolove
|join|Eckleburg
|player|p1|Chocolove|3
|player|p2|Eckleburg|160
|gametype|singles
|gen|6
|tier|ORAS OU
|rated
|rule|Sleep Clause Mod: Limit one foe put to sleep
|rule|Species Clause: Limit one of each PokÃ©mon
|rule|OHKO Clause: OHKO moves are banned
|rule|Moody Clause: Moody is banned
|rule|Evasion Moves Clause: Evasion moves are banned
|rule|Endless Battle Clause: Forcing endless battles is banned
|rule|HP Percentage Mod: HP is shown in percentages
|clearpoke
|poke|p1|Raikou
|poke|p1|Heatran, M
|poke|p1|Greninja, F
|poke|p1|Landorus-Therian, M
|poke|p1|Crawdaunt, F
|poke|p1|Salamence, M
|poke|p2|Thundurus-Therian, M
|poke|p2|Kingdra, M
|poke|p2|Swampert, M
|poke|p2|Azumarill, F
|poke|p2|Politoed, F
|poke|p2|Ferrothorn, M
|rule|Swagger Clause: Swagger is banned
|rule|Baton Pass Clause: Limit one PokÃ©mon knowing Baton Pass
|teampreview
|
|start
|switch|p1a: Crab Battle|Crawdaunt, F|268\/268
|switch|p2a: Pluie|Politoed, F|384\/384
|-weather|RainDance
|turn|1
|
|switch|p2a: Epine|Ferrothorn, M|352\/352
|move|p1a: Crab Battle|Swords Dance|p1a: Crab Battle
|-boost|p1a: Crab Battle|atk|2
|
|-weather|RainDance|[upkeep]
|turn|2
|
|move|p1a: Crab Battle|Knock Off|p2a: Epine
|-damage|p2a: Epine|0 fnt
|-damage|p1a: Crab Battle|235\/268|[from] ability: Iron Barbs|[of] p2a: Epine
|-enditem|p2a: Epine|Leftovers|[from] move: Knock Off|[of] p1a: Crab Battle
|-damage|p1a: Crab Battle|209\/268|[from] item: Life Orb
|faint|p2a: Epine
|
|-weather|RainDance|[upkeep]
|
|switch|p2a: Maree|Kingdra, M|291\/291
|turn|3
|
|move|p2a: Maree|Draco Meteor|p1a: Crab Battle|[miss]
|-miss|p2a: Maree|p1a: Crab Battle
|move|p1a: Crab Battle|Knock Off|p2a: Maree
|-damage|p2a: Maree|0 fnt
|-enditem|p2a: Maree|Life Orb|[from] move: Knock Off|[of] p1a: Crab Battle
|-damage|p1a: Crab Battle|183\/268|[from] item: Life Orb
|faint|p2a: Maree
|
|-weather|RainDance|[upkeep]
|c|âEckleburg|wow
|
|switch|p2a: Balise|Azumarill, F|404\/404
|turn|4
|
|switch|p1a: Based Dog|Landorus-Therian, M|319\/319
|-ability|p1a: Based Dog|Intimidate|[of] p2a: Balise
|-unboost|p2a: Balise|atk|1
|move|p2a: Balise|Play Rough|p1a: Based Dog
|-damage|p1a: Based Dog|183\/319
|-unboost|p1a: Based Dog|atk|1
|
|-weather|RainDance|[upkeep]
|turn|5
|
|move|p1a: Based Dog|Explosion|p2a: Balise
|-damage|p2a: Balise|142\/404
|faint|p1a: Based Dog
|move|p2a: Balise|Waterfall|p1: Based Dog|[notarget]
|-notarget
|
|-weather|RainDance|[upkeep]
|
|switch|p1a: Unsung Hero|Greninja, F|285\/285
|turn|6
|
|switch|p2a: Cheneau|Swampert, M|354\/354
|move|p1a: Unsung Hero|Gunk Shot|p2a: Cheneau
|-start|p1a: Unsung Hero|typechange|Poison|[from] Protean
|-resisted|p2a: Cheneau
|-damage|p2a: Cheneau|259\/354
|-damage|p1a: Unsung Hero|257\/285|[from] item: Life Orb
|
|-weather|RainDance|[upkeep]
|turn|7
|
|detailschange|p2a: Cheneau|Swampert-Mega, M
|message|Swampert has Mega Evolved into Mega Swampert!
|move|p1a: Unsung Hero|Hydro Pump|p2a: Cheneau
|-start|p1a: Unsung Hero|typechange|Water|[from] Protean
|-damage|p2a: Cheneau|0 fnt
|-damage|p1a: Unsung Hero|229\/285|[from] item: Life Orb
|faint|p2a: Cheneau
|
|-weather|RainDance|[upkeep]
|-message|Eckleburg forfeited.
|
|win|Chocolove
|raw|Ladder updating...
|leave|Eckleburg
|player|p2
|raw|Chocolove's rating: 1473 &rarr; <strong>1490<\/strong><br \/>(+17 for winning)
|raw|Eckleburg's rating: 1424 &rarr; <strong>1407<\/strong><br \/>(-17 for losing)