|join|Eckleburg
|join|duntdropdatdenden
|player|p1|Eckleburg|160
|player|p2|duntdropdatdenden|266
|gametype|singles
|gen|6
|tier|ORAS OU
|rated
|rule|Sleep Clause Mod: Limit one foe put to sleep
|rule|Species Clause: Limit one of each PokÃ©mon
|rule|OHKO Clause: OHKO moves are banned
|rule|Moody Clause: Moody is banned
|rule|Evasion Moves Clause: Evasion moves are banned
|rule|Endless Battle Clause: Forcing endless battles is banned
|rule|HP Percentage Mod: HP is shown in percentages
|clearpoke
|poke|p1|Thundurus, M
|poke|p1|Terrakion
|poke|p1|Lopunny, M
|poke|p1|Azumarill, F
|poke|p1|Clefable, F
|poke|p1|Ferrothorn, F
|poke|p2|Landorus-Therian, M
|poke|p2|Salamence, M
|poke|p2|Quagsire, F
|poke|p2|Ferrothorn, F
|poke|p2|Keldeo-Resolute
|poke|p2|Tyranitar, F
|rule|Swagger Clause: Swagger is banned
|rule|Baton Pass Clause: Limit one PokÃ©mon knowing Baton Pass
|teampreview
|
|start
|switch|p1a: Terrakion|Terrakion|324\/324
|switch|p2a: Keldeo-Resolute|Keldeo-Resolute|323\/323
|turn|1
|
|switch|p1a: Azumarill|Azumarill, F|404\/404
|move|p2a: Keldeo-Resolute|Scald|p1a: Azumarill
|-resisted|p1a: Azumarill
|-damage|p1a: Azumarill|346\/404
|-status|p1a: Azumarill|brn
|
|-damage|p1a: Azumarill|296\/404 brn|[from] brn
|turn|2
|
|move|p2a: Keldeo-Resolute|Substitute|p2a: Keldeo-Resolute
|-start|p2a: Keldeo-Resolute|Substitute
|-damage|p2a: Keldeo-Resolute|243\/323
|move|p1a: Azumarill|Knock Off|p2a: Keldeo-Resolute
|-resisted|p2a: Keldeo-Resolute
|-activate|p2a: Keldeo-Resolute|Substitute|[damage]
|
|-heal|p2a: Keldeo-Resolute|263\/323|[from] item: Leftovers
|-damage|p1a: Azumarill|246\/404 brn|[from] brn
|turn|3
|
|move|p2a: Keldeo-Resolute|Secret Sword|p1a: Azumarill
|-resisted|p1a: Azumarill
|-damage|p1a: Azumarill|153\/404 brn
|move|p1a: Azumarill|Play Rough|p2a: Keldeo-Resolute
|-supereffective|p2a: Keldeo-Resolute
|-end|p2a: Keldeo-Resolute|Substitute
|
|-heal|p2a: Keldeo-Resolute|283\/323|[from] item: Leftovers
|-damage|p1a: Azumarill|103\/404 brn|[from] brn
|turn|4
|
|move|p2a: Keldeo-Resolute|Substitute|p2a: Keldeo-Resolute
|-start|p2a: Keldeo-Resolute|Substitute
|-damage|p2a: Keldeo-Resolute|203\/323
|move|p1a: Azumarill|Play Rough|p2a: Keldeo-Resolute
|-supereffective|p2a: Keldeo-Resolute
|-end|p2a: Keldeo-Resolute|Substitute
|
|-heal|p2a: Keldeo-Resolute|223\/323|[from] item: Leftovers
|-damage|p1a: Azumarill|53\/404 brn|[from] brn
|turn|5
|
|move|p2a: Keldeo-Resolute|Secret Sword|p1a: Azumarill
|-resisted|p1a: Azumarill
|-damage|p1a: Azumarill|0 fnt
|faint|p1a: Azumarill
|
|-heal|p2a: Keldeo-Resolute|243\/323|[from] item: Leftovers
|
|switch|p1a: Thundurus|Thundurus, M|299\/299
|turn|6
|
|switch|p2a: Quagsire|Quagsire, F|394\/394
|move|p1a: Thundurus|Hidden Power|p2a: Quagsire
|-damage|p2a: Quagsire|259\/394
|-damage|p1a: Thundurus|270\/299|[from] item: Life Orb
|
|-heal|p2a: Quagsire|283\/394|[from] item: Leftovers
|turn|7
|
|switch|p2a: Landorus-Therian|Landorus-Therian, M|382\/382
|-ability|p2a: Landorus-Therian|Intimidate|[of] p1a: Thundurus
|-unboost|p1a: Thundurus|atk|1
|move|p1a: Thundurus|Psychic|p2a: Landorus-Therian
|-damage|p2a: Landorus-Therian|209\/382
|-unboost|p2a: Landorus-Therian|spd|1
|-damage|p1a: Thundurus|241\/299|[from] item: Life Orb
|
|-heal|p2a: Landorus-Therian|232\/382|[from] item: Leftovers
|turn|8
|
|switch|p2a: Tyranitar|Tyranitar, F|404\/404
|-weather|Sandstorm
|move|p1a: Thundurus|Psychic|p2a: Tyranitar
|-immune|p2a: Tyranitar|[msg]
|
|-weather|Sandstorm|[upkeep]
|-damage|p1a: Thundurus|223\/299|[from] sandstorm
|turn|9
|
|move|p2a: Tyranitar|Pursuit|p1a: Thundurus|[from]Pursuit
|-damage|p1a: Thundurus|27\/299
|switch|p1a: Terrakion|Terrakion|324\/324
|
|-weather|Sandstorm|[upkeep]
|turn|10
|
|switch|p1a: Thundurus|Thundurus, M|27\/299
|switch|p2a: Landorus-Therian|Landorus-Therian, M|232\/382
|-ability|p2a: Landorus-Therian|Intimidate|[of] p1a: Thundurus
|-unboost|p1a: Thundurus|atk|1
|
|-weather|Sandstorm|[upkeep]
|-damage|p1a: Thundurus|9\/299|[from] sandstorm
|-heal|p2a: Landorus-Therian|255\/382|[from] item: Leftovers
|turn|11
|
|switch|p2a: Tyranitar|Tyranitar, F|404\/404
|move|p1a: Thundurus|Hidden Power|p2a: Tyranitar
|-crit|p2a: Tyranitar
|-damage|p2a: Tyranitar|338\/404
|-damage|p1a: Thundurus|0 fnt|[from] item: Life Orb
|faint|p1a: Thundurus
|
|-weather|Sandstorm|[upkeep]
|
|switch|p1a: Lopunny|Lopunny, M|272\/272
|turn|12
|
|switch|p2a: Landorus-Therian|Landorus-Therian, M|255\/382
|-ability|p2a: Landorus-Therian|Intimidate|[of] p1a: Lopunny
|-unboost|p1a: Lopunny|atk|1
|detailschange|p1a: Lopunny|Lopunny-Mega, M
|message|Lopunny has Mega Evolved into Mega Lopunny!
|move|p1a: Lopunny|Ice Punch|p2a: Landorus-Therian
|-supereffective|p2a: Landorus-Therian
|-damage|p2a: Landorus-Therian|0 fnt
|faint|p2a: Landorus-Therian
|
|-weather|none
|
|switch|p2a: Quagsire|Quagsire, F|283\/394
|turn|13
|
|move|p1a: Lopunny|Power-Up Punch|p2a: Quagsire
|-crit|p2a: Quagsire
|-damage|p2a: Quagsire|193\/394
|-boost|p1a: Lopunny|atk|1
|move|p2a: Quagsire|Recover|p2a: Quagsire
|-heal|p2a: Quagsire|390\/394
|
|-heal|p2a: Quagsire|394\/394|[from] item: Leftovers
|turn|14
|
|move|p1a: Lopunny|High Jump Kick|p2a: Quagsire|[miss]
|-miss|p1a: Lopunny|p2a: Quagsire
|-damage|p1a: Lopunny|136\/272|[from] highjumpkick
|move|p2a: Quagsire|Toxic|p1a: Lopunny
|-status|p1a: Lopunny|tox
|
|-damage|p1a: Lopunny|119\/272 tox|[from] psn
|turn|15
|
|move|p1a: Lopunny|High Jump Kick|p2a: Quagsire
|-damage|p2a: Quagsire|201\/394
|move|p2a: Quagsire|Earthquake|p1a: Lopunny
|-damage|p1a: Lopunny|11\/272 tox
|
|-heal|p2a: Quagsire|225\/394|[from] item: Leftovers
|-damage|p1a: Lopunny|0 fnt|[from] psn
|faint|p1a: Lopunny
|
|switch|p1a: Ferrothorn|Ferrothorn, F|352\/352
|turn|16
|
|switch|p2a: Tyranitar|Tyranitar, F|338\/404
|-weather|Sandstorm
|move|p1a: Ferrothorn|Thunder Wave|p2a: Tyranitar
|-status|p2a: Tyranitar|par
|
|-weather|Sandstorm|[upkeep]
|turn|17
|
|move|p1a: Ferrothorn|Stealth Rock|p2a: Tyranitar
|-sidestart|p2: duntdropdatdenden|move: Stealth Rock
|move|p2a: Tyranitar|Flamethrower|p1a: Ferrothorn
|-supereffective|p1a: Ferrothorn
|-damage|p1a: Ferrothorn|152\/352
|-status|p1a: Ferrothorn|brn
|
|-weather|Sandstorm|[upkeep]
|-heal|p1a: Ferrothorn|174\/352 brn|[from] item: Leftovers
|-damage|p1a: Ferrothorn|130\/352 brn|[from] brn
|turn|18
|
|move|p1a: Ferrothorn|Power Whip|p2a: Tyranitar
|-supereffective|p2a: Tyranitar
|-damage|p2a: Tyranitar|218\/404 par
|move|p2a: Tyranitar|Earthquake|p1a: Ferrothorn
|-damage|p1a: Ferrothorn|33\/352 brn
|
|-weather|Sandstorm|[upkeep]
|-heal|p1a: Ferrothorn|55\/352 brn|[from] item: Leftovers
|-damage|p1a: Ferrothorn|11\/352 brn|[from] brn
|turn|19
|
|move|p1a: Ferrothorn|Knock Off|p2a: Tyranitar
|-resisted|p2a: Tyranitar
|-damage|p2a: Tyranitar|199\/404 par
|-enditem|p2a: Tyranitar|Assault Vest|[from] move: Knock Off|[of] p1a: Ferrothorn
|move|p2a: Tyranitar|Earthquake|p1a: Ferrothorn
|-damage|p1a: Ferrothorn|0 fnt
|faint|p1a: Ferrothorn
|
|-weather|Sandstorm|[upkeep]
|
|switch|p1a: Clefable|Clefable, F|394\/394
|turn|20
|
|move|p1a: Clefable|Calm Mind|p1a: Clefable
|-boost|p1a: Clefable|spa|1
|-boost|p1a: Clefable|spd|1
|move|p2a: Tyranitar|Stone Edge|p1a: Clefable
|-damage|p1a: Clefable|229\/394
|
|-weather|none
|turn|21
|
|move|p1a: Clefable|Soft-Boiled|p1a: Clefable
|-heal|p1a: Clefable|394\/394
|move|p2a: Tyranitar|Stone Edge|p1a: Clefable
|-damage|p1a: Clefable|229\/394
|
|turn|22
|
|switch|p2a: Ferrothorn|Ferrothorn, F|352\/352
|-damage|p2a: Ferrothorn|330\/352|[from] Stealth Rock
|move|p1a: Clefable|Soft-Boiled|p1a: Clefable
|-heal|p1a: Clefable|394\/394
|
|turn|23
|
|move|p1a: Clefable|Calm Mind|p1a: Clefable
|-boost|p1a: Clefable|spa|1
|-boost|p1a: Clefable|spd|1
|move|p2a: Ferrothorn|Gyro Ball|p1a: Clefable
|-supereffective|p1a: Clefable
|-damage|p1a: Clefable|134\/394
|
|turn|24
|
|move|p1a: Clefable|Fire Blast|p2a: Ferrothorn
|-supereffective|p2a: Ferrothorn
|-damage|p2a: Ferrothorn|0 fnt
|faint|p2a: Ferrothorn
|
|
|switch|p2a: Salamence|Salamence, M|331\/331
|-damage|p2a: Salamence|249\/331|[from] Stealth Rock
|-ability|p2a: Salamence|Intimidate|[of] p1a: Clefable
|-unboost|p1a: Clefable|atk|1
|turn|25
|
|detailschange|p2a: Salamence|Salamence-Mega, M
|message|Salamence has Mega Evolved into Mega Salamence!
|move|p2a: Salamence|Return|p1a: Clefable
|-damage|p1a: Clefable|0 fnt
|faint|p1a: Clefable
|
|
|switch|p1a: Terrakion|Terrakion|324\/324
|turn|26
|
|move|p1a: Terrakion|Stone Edge|p2a: Salamence
|-crit|p2a: Salamence
|-supereffective|p2a: Salamence
|-damage|p2a: Salamence|0 fnt
|faint|p2a: Salamence
|
|
|switch|p2a: Keldeo-Resolute|Keldeo-Resolute|243\/323
|-damage|p2a: Keldeo-Resolute|223\/323|[from] Stealth Rock
|turn|27
|
|move|p1a: Terrakion|Stone Edge|p2a: Keldeo-Resolute
|-crit|p2a: Keldeo-Resolute
|-resisted|p2a: Keldeo-Resolute
|-damage|p2a: Keldeo-Resolute|87\/323
|move|p2a: Keldeo-Resolute|Secret Sword|p1a: Terrakion
|-supereffective|p1a: Terrakion
|-damage|p1a: Terrakion|0 fnt
|faint|p1a: Terrakion
|
|win|duntdropdatdenden
|raw|Ladder updating...
|leave|Eckleburg
|player|p1
|raw|Eckleburg's rating: 1252 &rarr; <strong>1234<\/strong><br \/>(-18 for losing)
|raw|duntdropdatdenden's rating: 1353 &rarr; <strong>1367<\/strong><br \/>(+14 for winning)