|join|knickerbocker
|join|Eckleburg
|player|p1|knickerbocker|68
|player|p2|Eckleburg|281
|gametype|singles
|gen|6
|tier|OU
|rated
|clearpoke
|poke|p1|Charizard, M
|poke|p1|Excadrill, F
|poke|p1|Azumarill, M
|poke|p1|Terrakion
|poke|p1|Thundurus, M
|poke|p1|Dragonite, M
|poke|p2|Landorus-Therian, M
|poke|p2|Pinsir, M
|poke|p2|Gyarados, M
|poke|p2|Heatran, M
|poke|p2|Mew
|poke|p2|Chansey, F
|rule|Swagger Clause: Swagger is banned
|rule|Baton Pass Clause: Limit one PokÃ©mon knowing Baton Pass
|rule|Sleep Clause Mod: Limit one foe put to sleep
|rule|Species Clause: Limit one of each PokÃ©mon
|rule|OHKO Clause: OHKO moves are banned
|rule|Moody Clause: Moody is banned
|rule|Evasion Moves Clause: Evasion moves are banned
|rule|Endless Battle Clause: Forcing endless battles is banned
|rule|HP Percentage Mod: HP is shown in percentages
|teampreview
|
|start
|switch|p1a: The Legacy|Charizard, M|335\/335
|switch|p2a: Landorus-Therian|Landorus-Therian, M|319\/319
|-ability|p2a: Landorus-Therian|Intimidate|[of] p1a: The Legacy
|-unboost|p1a: The Legacy|atk|1
|turn|1
|
|switch|p1a: Excadrill|Excadrill, F|361\/361
|-ability|p1a: Excadrill|Mold Breaker
|move|p2a: Landorus-Therian|Stone Edge|p1a: Excadrill
|-crit|p1a: Excadrill
|-resisted|p1a: Excadrill
|-damage|p1a: Excadrill|287\/361
|
|turn|2
|
|switch|p2a: Mew|Mew|404\/404
|switch|p1a: The Legacy|Charizard, M|335\/335
|
|turn|3
|
|switch|p1a: Ornstein|Azumarill, M|364\/364
|switch|p2a: Landorus-Therian|Landorus-Therian, M|319\/319
|-ability|p2a: Landorus-Therian|Intimidate|[of] p1a: Ornstein
|-unboost|p1a: Ornstein|atk|1
|
|turn|4
|
|switch|p2a: Mew|Mew|404\/404
|move|p1a: Ornstein|Belly Drum|p1a: Ornstein
|-damage|p1a: Ornstein|182\/364
|-setboost|p1a: Ornstein|atk|6|[from] move: Belly Drum
|-enditem|p1a: Ornstein|Sitrus Berry|[eat]
|-heal|p1a: Ornstein|273\/364|[from] item: Sitrus Berry
|
|turn|5
|
|move|p2a: Mew|Will-O-Wisp|p1a: Ornstein|[miss]
|-miss|p2a: Mew|p1a: Ornstein
|move|p1a: Ornstein|Waterfall|p2a: Mew
|-damage|p2a: Mew|0 fnt
|faint|p2a: Mew
|
|c|âEckleburg|Yeah
|c|âEckleburg|:[
|
|switch|p2a: Canine|Gyarados, M|331\/331
|-ability|p2a: Canine|Intimidate|[of] p1a: Ornstein
|-unboost|p1a: Ornstein|atk|1
|turn|6
|
|move|p2a: Canine|Earthquake|p1a: Ornstein
|-damage|p1a: Ornstein|62\/364
|-damage|p2a: Canine|298\/331|[from] item: Life Orb
|move|p1a: Ornstein|Play Rough|p2a: Canine
|-damage|p2a: Canine|0 fnt
|faint|p2a: Canine
|
|
|switch|p2a: Cerf|Pinsir, M|271\/271
|turn|7
|
|switch|p1a: Thundurus|Thundurus, M|299\/299
|detailschange|p2a: Cerf|Pinsir-Mega, M
|message|Pinsir has Mega Evolved into Mega Pinsir!
|move|p2a: Cerf|Quick Attack|p1a: Thundurus
|-resisted|p1a: Thundurus
|-damage|p1a: Thundurus|232\/299
|
|-heal|p1a: Thundurus|250\/299|[from] item: Leftovers
|turn|8
|
|switch|p2a: Oeuf|Chansey, F|641\/641
|move|p1a: Thundurus|Thunder Wave|p2a: Oeuf
|-status|p2a: Oeuf|par
|
|-heal|p1a: Thundurus|268\/299|[from] item: Leftovers
|turn|9
|
|switch|p1a: Excadrill|Excadrill, F|287\/361
|-ability|p1a: Excadrill|Mold Breaker
|switch|p2a: Landorus-Therian|Landorus-Therian, M|319\/319
|-ability|p2a: Landorus-Therian|Intimidate|[of] p1a: Excadrill
|-unboost|p1a: Excadrill|atk|1
|
|turn|10
|
|move|p2a: Landorus-Therian|Knock Off|p1a: Excadrill
|-damage|p1a: Excadrill|93\/361
|-enditem|p1a: Excadrill|Choice Scarf|[from] move: Knock Off|[of] p2a: Landorus-Therian
|move|p1a: Excadrill|Iron Head|p2a: Landorus-Therian
|-damage|p2a: Landorus-Therian|210\/319
|
|turn|11
|
|switch|p1a: The Legacy|Charizard, M|335\/335
|move|p2a: Landorus-Therian|Knock Off|p1a: The Legacy
|-damage|p1a: The Legacy|238\/335
|
|turn|12
|
|switch|p2a: Heatran|Heatran, M|324\/324
|move|p1a: The Legacy|Dragon Dance|p1a: The Legacy
|-boost|p1a: The Legacy|atk|1
|-boost|p1a: The Legacy|spe|1
|
|turn|13
|
|move|p1a: The Legacy|Dragon Dance|p1a: The Legacy
|-boost|p1a: The Legacy|atk|1
|-boost|p1a: The Legacy|spe|1
|move|p2a: Heatran|Earth Power|p1a: The Legacy
|-immune|p1a: The Legacy|[msg]
|
|turn|14
|
|switch|p2a: Landorus-Therian|Landorus-Therian, M|210\/319
|-ability|p2a: Landorus-Therian|Intimidate|[of] p1a: The Legacy
|-unboost|p1a: The Legacy|atk|1
|move|p1a: The Legacy|Dragon Dance|p1a: The Legacy
|-boost|p1a: The Legacy|atk|1
|-boost|p1a: The Legacy|spe|1
|
|turn|15
|
|detailschange|p1a: The Legacy|Charizard-Mega-X, M
|message|Charizard has Mega Evolved into Mega Charizard!
|move|p1a: The Legacy|Outrage|p2a: Landorus-Therian
|-damage|p2a: Landorus-Therian|0 fnt
|faint|p2a: Landorus-Therian
|
|
|switch|p2a: Heatran|Heatran, M|324\/324
|turn|16
|
|move|p1a: The Legacy|Outrage|p2a: Heatran
|-resisted|p2a: Heatran
|-damage|p2a: Heatran|8\/324
|move|p2a: Heatran|Earth Power|p1a: The Legacy
|-supereffective|p1a: The Legacy
|-damage|p1a: The Legacy|0 fnt
|faint|p1a: The Legacy
|
|
|switch|p1a: Terrakion|Terrakion|323\/323
|turn|17
|
|move|p2a: Heatran|Earth Power|p1a: Terrakion
|-supereffective|p1a: Terrakion
|-damage|p1a: Terrakion|45\/323
|move|p1a: Terrakion|Stealth Rock|p2a: Heatran
|-sidestart|p2: Eckleburg|move: Stealth Rock
|
|turn|18
|
|move|p2a: Heatran|Earth Power|p1a: Terrakion
|-supereffective|p1a: Terrakion
|-damage|p1a: Terrakion|0 fnt
|faint|p1a: Terrakion
|
|
|switch|p1a: Dragonite|Dragonite, M|323\/323
|turn|19
|
|switch|p2a: Oeuf|Chansey, F|641\/641
|-damage|p2a: Oeuf|561\/641|[from] Stealth Rock
|move|p1a: Dragonite|Dragon Dance|p1a: Dragonite
|-boost|p1a: Dragonite|atk|1
|-boost|p1a: Dragonite|spe|1
|
|turn|20
|
|move|p1a: Dragonite|Dragon Dance|p1a: Dragonite
|-boost|p1a: Dragonite|atk|1
|-boost|p1a: Dragonite|spe|1
|move|p2a: Oeuf|Thunder Wave|p1a: Dragonite
|-status|p1a: Dragonite|par
|-enditem|p1a: Dragonite|Lum Berry|[eat]
|-curestatus|p1a: Dragonite|par
|
|turn|21
|
|move|p1a: Dragonite|Outrage|p2a: Oeuf
|-damage|p2a: Oeuf|0 fnt
|faint|p2a: Oeuf
|
|
|switch|p2a: Cerf|Pinsir-Mega, M|271\/271
|-damage|p2a: Cerf|136\/271|[from] Stealth Rock
|turn|22
|c|âEckleburg|gg
|
|move|p1a: Dragonite|Outrage|p2a: Cerf
|-damage|p2a: Cerf|0 fnt
|faint|p2a: Cerf
|
|-end|p1a: Dragonite|rampage
|-start|p1a: Dragonite|confusion
|c|âknickerbocker|gg
|
|switch|p2a: Heatran|Heatran, M|8\/324
|-damage|p2a: Heatran|0 fnt|[from] Stealth Rock
|faint|p2a: Heatran
|
|win|knickerbocker
|raw|Ladder updating...
|raw|knickerbocker's rating: 1599 &rarr; <strong>1616<\/strong><br \/>(+17 for winning)
|raw|Eckleburg's rating: 1555 &rarr; <strong>1538<\/strong><br \/>(-17 for losing)
|leave|Eckleburg
|player|p2