|join|Eckleburg
|join|plumpy
|player|p1|Eckleburg|281
|player|p2|plumpy|179
|gametype|singles
|gen|6
|tier|OU
|rated
|clearpoke
|poke|p1|Galvantula, M
|poke|p1|Thundurus-Therian, M
|poke|p1|Kingdra, M
|poke|p1|Seismitoad, F
|poke|p1|Scizor, M
|poke|p1|Politoed, F
|poke|p2|Cloyster, F
|poke|p2|Excadrill, F
|poke|p2|Greninja, F
|poke|p2|Charizard, M
|poke|p2|Gengar, F
|poke|p2|Talonflame, F
|rule|Swagger Clause: Swagger is banned
|rule|Baton Pass Clause: Limit one PokÃ©mon knowing Baton Pass
|rule|Sleep Clause Mod: Limit one foe put to sleep
|rule|Species Clause: Limit one of each PokÃ©mon
|rule|OHKO Clause: OHKO moves are banned
|rule|Moody Clause: Moody is banned
|rule|Evasion Moves Clause: Evasion moves are banned
|rule|Endless Battle Clause: Forcing endless battles is banned
|rule|HP Percentage Mod: HP is shown in percentages
|teampreview
|
|start
|switch|p1a: Piege|Galvantula, M|282\/282
|switch|p2a: Excadrill|Excadrill, F|424\/424
|-ability|p2a: Excadrill|Mold Breaker
|-item|p2a: Excadrill|Air Balloon
|turn|1
|
|switch|p1a: Pluie|Politoed, F|384\/384
|-weather|RainDance
|move|p2a: Excadrill|Stealth Rock|p1a: Pluie
|-sidestart|p1: Eckleburg|move: Stealth Rock
|
|-weather|RainDance|[upkeep]
|turn|2
|
|switch|p2a: Greninja|Greninja, F|285\/285
|move|p1a: Pluie|Scald|p2a: Greninja
|-resisted|p2a: Greninja
|-damage|p2a: Greninja|204\/285
|
|-weather|RainDance|[upkeep]
|turn|3
|
|move|p2a: Greninja|U-turn|p1a: Pluie
|-start|p2a: Greninja|typechange|Bug|[from] Protean
|-damage|p1a: Pluie|271\/384
|-damage|p2a: Greninja|176\/285|[from] item: Life Orb
|
|switch|p2a: Gengar|Gengar, F|262\/262
|move|p1a: Pluie|Encore|p2a: Gengar
|-fail|p2a: Gengar
|
|-weather|RainDance|[upkeep]
|turn|4
|
|switch|p1a: Thundurus-Therian|Thundurus-Therian, M|300\/300
|-damage|p1a: Thundurus-Therian|225\/300|[from] Stealth Rock
|move|p2a: Gengar|Thunderbolt|p1a: Thundurus-Therian
|-heal|p1a: Thundurus-Therian|300\/300|[from] ability: Volt Absorb|[of] p2a: Gengar
|
|-weather|RainDance|[upkeep]
|turn|5
|
|move|p1a: Thundurus-Therian|Focus Blast|p2a: Gengar
|-immune|p2a: Gengar|[msg]
|move|p2a: Gengar|Shadow Ball|p1a: Thundurus-Therian
|-damage|p1a: Thundurus-Therian|126\/300
|
|-weather|RainDance|[upkeep]
|turn|6
|
|switch|p1a: Piege|Galvantula, M|282\/282
|-damage|p1a: Piege|212\/282|[from] Stealth Rock
|move|p2a: Gengar|Shadow Ball|p1a: Piege
|-damage|p1a: Piege|0 fnt
|faint|p1a: Piege
|
|-weather|RainDance|[upkeep]
|
|switch|p1a: Maree|Kingdra, M|291\/291
|-damage|p1a: Maree|255\/291|[from] Stealth Rock
|turn|7
|
|move|p1a: Maree|Surf|p2a: Gengar
|-damage|p2a: Gengar|0 fnt
|-damage|p1a: Maree|226\/291|[from] item: Life Orb
|faint|p2a: Gengar
|
|-weather|RainDance|[upkeep]
|
|switch|p2a: Charizard|Charizard, M|298\/298
|turn|8
|
|detailschange|p2a: Charizard|Charizard-Mega-Y, M
|message|Charizard has Mega Evolved into Mega Charizard!
|-weather|SunnyDay
|move|p1a: Maree|Draco Meteor|p2a: Charizard
|-damage|p2a: Charizard|80\/298
|-unboost|p1a: Maree|spa|2
|-damage|p1a: Maree|197\/291|[from] item: Life Orb
|move|p2a: Charizard|Outrage|p1a: Maree
|-supereffective|p1a: Maree
|-damage|p1a: Maree|9\/291
|
|-weather|SunnyDay|[upkeep]
|turn|9
|
|move|p2a: Charizard|Outrage|p1a: Maree
|-crit|p1a: Maree
|-supereffective|p1a: Maree
|-damage|p1a: Maree|0 fnt
|faint|p1a: Maree
|
|-end|p2a: Charizard|rampage
|-start|p2a: Charizard|confusion
|-weather|SunnyDay|[upkeep]
|
|switch|p1a: Pluie|Politoed, F|271\/384
|-damage|p1a: Pluie|223\/384|[from] Stealth Rock
|-weather|RainDance
|turn|10
|
|switch|p1a: Thundurus-Therian|Thundurus-Therian, M|126\/300
|-damage|p1a: Thundurus-Therian|51\/300|[from] Stealth Rock
|-activate|p2a: Charizard|confusion
|move|p2a: Charizard|Solar Beam|p1a: Thundurus-Therian|[still]
|-prepare|p2a: Charizard|Solar Beam|p1a: Thundurus-Therian
|
|-weather|RainDance|[upkeep]
|turn|11
|
|move|p1a: Thundurus-Therian|Focus Blast|p2a: Charizard
|-resisted|p2a: Charizard
|-damage|p2a: Charizard|0 fnt
|faint|p2a: Charizard
|
|-weather|RainDance|[upkeep]
|
|switch|p2a: Cloyster|Cloyster, F|242\/242
|turn|12
|
|move|p2a: Cloyster|Ice Shard|p1a: Thundurus-Therian
|-crit|p1a: Thundurus-Therian
|-supereffective|p1a: Thundurus-Therian
|-damage|p1a: Thundurus-Therian|0 fnt
|faint|p1a: Thundurus-Therian
|
|-weather|RainDance|[upkeep]
|
|switch|p1a: Boue|Seismitoad, F|401\/401
|-damage|p1a: Boue|376\/401|[from] Stealth Rock
|turn|13
|
|move|p1a: Boue|Drain Punch|p2a: Cloyster
|-supereffective|p2a: Cloyster
|-damage|p2a: Cloyster|102\/242
|-heal|p1a: Boue|401\/401|[from] drain|[of] p2a: Cloyster
|move|p2a: Cloyster|Rock Blast|p1a: Boue
|-resisted|p1a: Boue
|-damage|p1a: Boue|383\/401
|-resisted|p1a: Boue
|-damage|p1a: Boue|366\/401
|-resisted|p1a: Boue
|-damage|p1a: Boue|351\/401
|-resisted|p1a: Boue
|-damage|p1a: Boue|336\/401
|-resisted|p1a: Boue
|-damage|p1a: Boue|318\/401
|-hitcount|p1a: Boue|5
|
|-weather|RainDance|[upkeep]
|turn|14
|
|switch|p2a: Talonflame|Talonflame, F|360\/360
|move|p1a: Boue|Drain Punch|p2a: Talonflame
|-resisted|p2a: Talonflame
|-damage|p2a: Talonflame|288\/360
|-heal|p1a: Boue|354\/401|[from] drain|[of] p2a: Talonflame
|
|-weather|RainDance|[upkeep]
|-heal|p2a: Talonflame|310\/360|[from] item: Leftovers
|turn|15
|
|move|p2a: Talonflame|Brave Bird|p1a: Boue
|-damage|p1a: Boue|122\/401
|-damage|p2a: Talonflame|233\/360|[from] recoil|[of] p1a: Boue
|move|p1a: Boue|Drain Punch|p2a: Talonflame
|-resisted|p2a: Talonflame
|-damage|p2a: Talonflame|160\/360
|-heal|p1a: Boue|159\/401|[from] drain|[of] p2a: Talonflame
|
|-weather|RainDance|[upkeep]
|-heal|p2a: Talonflame|182\/360|[from] item: Leftovers
|turn|16
|
|move|p2a: Talonflame|Brave Bird|p1a: Boue
|-damage|p1a: Boue|0 fnt
|-damage|p2a: Talonflame|130\/360|[from] recoil|[of] p1a: Boue
|faint|p1a: Boue
|
|-weather|RainDance|[upkeep]
|-heal|p2a: Talonflame|152\/360|[from] item: Leftovers
|
|switch|p1a: Pluie|Politoed, F|223\/384
|-damage|p1a: Pluie|175\/384|[from] Stealth Rock
|turn|17
|
|move|p2a: Talonflame|Brave Bird|p1a: Pluie
|-damage|p1a: Pluie|13\/384
|-damage|p2a: Talonflame|99\/360|[from] recoil|[of] p1a: Pluie
|move|p1a: Pluie|Scald|p2a: Talonflame
|-supereffective|p2a: Talonflame
|-damage|p2a: Talonflame|0 fnt
|faint|p2a: Talonflame
|
|-weather|none
|
|switch|p2a: Cloyster|Cloyster, F|102\/242
|turn|18
|
|switch|p1a: Acier|Scizor, M|343\/343
|-damage|p1a: Acier|301\/343|[from] Stealth Rock
|move|p2a: Cloyster|Shell Smash|p2a: Cloyster
|-boost|p2a: Cloyster|atk|2
|-boost|p2a: Cloyster|spa|2
|-boost|p2a: Cloyster|spe|2
|-unboost|p2a: Cloyster|def|1
|-unboost|p2a: Cloyster|spd|1
|
|turn|19
|
|move|p1a: Acier|Bullet Punch|p2a: Cloyster
|-crit|p2a: Cloyster
|-damage|p2a: Cloyster|0 fnt
|faint|p2a: Cloyster
|
|
|switch|p2a: Greninja|Greninja, F|176\/285
|turn|20
|
|switch|p1a: Pluie|Politoed, F|13\/384
|-damage|p1a: Pluie|0 fnt|[from] Stealth Rock
|faint|p1a: Pluie
|move|p2a: Greninja|Extrasensory|p1: Pluie|[notarget]
|-notarget
|
|
|switch|p1a: Acier|Scizor, M|301\/343
|-damage|p1a: Acier|259\/343|[from] Stealth Rock
|turn|21
|
|move|p2a: Greninja|Extrasensory|p1a: Acier
|-start|p2a: Greninja|typechange|Psychic|[from] Protean
|-resisted|p1a: Acier
|-damage|p1a: Acier|165\/343
|-damage|p2a: Greninja|148\/285|[from] item: Life Orb
|move|p1a: Acier|Superpower|p2a: Greninja
|-resisted|p2a: Greninja
|-damage|p2a: Greninja|0 fnt
|-unboost|p1a: Acier|atk|1
|-unboost|p1a: Acier|def|1
|faint|p2a: Greninja
|
|
|switch|p2a: Excadrill|Excadrill, F|424\/424
|-ability|p2a: Excadrill|Mold Breaker
|-item|p2a: Excadrill|Air Balloon
|turn|22
|
|move|p2a: Excadrill|Earthquake|p1a: Acier
|-damage|p1a: Acier|0 fnt
|faint|p1a: Acier
|
|win|plumpy
|raw|Ladder updating...
|raw|Eckleburg's rating: 1238 &rarr; <strong>1214<\/strong><br \/>(-24 for losing)
|raw|plumpy's rating: 1250 &rarr; <strong>1275<\/strong><br \/>(+25 for winning)
|leave|plumpy
|player|p2