|join|Sujiro Kisaia
|join|Eckleburg
|player|p1|Sujiro Kisaia|265
|player|p2|Eckleburg|160
|gametype|singles
|gen|6
|tier|OU
|rated
|clearpoke
|poke|p1|Ferrothorn, M
|poke|p1|Azumarill, F, shiny
|poke|p1|Greninja, M, shiny
|poke|p1|Latias, F
|poke|p1|Clefable, M
|poke|p1|Venusaur, F
|poke|p2|Keldeo-Resolute
|poke|p2|Landorus-Therian, M
|poke|p2|Bisharp, F
|poke|p2|Gardevoir, M
|poke|p2|Magnezone
|poke|p2|Latias, F
|rule|Swagger Clause: Swagger is banned
|rule|Baton Pass Clause: Limit one PokÃ©mon knowing Baton Pass
|rule|Sleep Clause Mod: Limit one foe put to sleep
|rule|Species Clause: Limit one of each PokÃ©mon
|rule|OHKO Clause: OHKO moves are banned
|rule|Moody Clause: Moody is banned
|rule|Evasion Moves Clause: Evasion moves are banned
|rule|Endless Battle Clause: Forcing endless battles is banned
|rule|HP Percentage Mod: HP is shown in percentages
|teampreview
|
|start
|switch|p1a: Ninja Gaiden|Greninja, M, shiny|285\/285
|switch|p2a: Landorus-Therian|Landorus-Therian, M|382\/382
|-ability|p2a: Landorus-Therian|Intimidate|[of] p1a: Ninja Gaiden
|-unboost|p1a: Ninja Gaiden|atk|1
|turn|1
|
|switch|p2a: Keldeo-Resolute|Keldeo-Resolute|324\/324
|move|p1a: Ninja Gaiden|U-turn|p2a: Keldeo-Resolute
|-start|p1a: Ninja Gaiden|typechange|Bug|[from] Protean
|-resisted|p2a: Keldeo-Resolute
|-damage|p2a: Keldeo-Resolute|294\/324
|
|switch|p1a: Mega Burglar|Venusaur, F|364\/364
|
|turn|2
|
|switch|p2a: Latias|Latias, F|319\/319
|detailschange|p1a: Mega Burglar|Venusaur-Mega, F
|-mega|p1a: Mega Burglar|Venusaur|Venusaurite
|move|p1a: Mega Burglar|Sleep Powder|p2a: Latias|[miss]
|-miss|p1a: Mega Burglar|p2a: Latias
|
|turn|3
|
|switch|p1a: saFADA|Clefable, M|394\/394
|move|p2a: Latias|Draco Meteor|p1a: saFADA
|-immune|p1a: saFADA|[msg]
|
|turn|4
|
|switch|p2a: Magnezone|Magnezone|282\/282
|move|p1a: saFADA|Flamethrower|p2a: Magnezone
|-supereffective|p2a: Magnezone
|-damage|p2a: Magnezone|128\/282
|
|turn|5
|
|move|p2a: Magnezone|Volt Switch|p1a: saFADA
|-damage|p1a: saFADA|255\/394
|
|switch|p2a: Gardevoir|Gardevoir, M|278\/278
|-ability|p2a: Gardevoir|Unaware|[from] ability: Trace|[of] p1a: saFADA
|move|p1a: saFADA|Flamethrower|p2a: Gardevoir
|-damage|p2a: Gardevoir|214\/278
|
|-heal|p1a: saFADA|279\/394|[from] item: Leftovers
|turn|6
|
|detailschange|p2a: Gardevoir|Gardevoir-Mega, M
|-mega|p2a: Gardevoir|Gardevoir|Gardevoirite
|move|p2a: Gardevoir|Taunt|p1a: saFADA
|-start|p1a: saFADA|move: Taunt
|cant|p1a: saFADA|move: Taunt|Wish
|
|-heal|p1a: saFADA|303\/394|[from] item: Leftovers
|turn|7
|
|move|p2a: Gardevoir|Hyper Voice|p1a: saFADA
|-damage|p1a: saFADA|0 fnt
|faint|p1a: saFADA
|
|
|switch|p1a: Killeverybody|Azumarill, F, shiny|371\/371
|turn|8
|
|move|p2a: Gardevoir|Taunt|p1a: Killeverybody
|-start|p1a: Killeverybody|move: Taunt
|move|p1a: Killeverybody|Waterfall|p2a: Gardevoir
|-damage|p2a: Gardevoir|0 fnt
|faint|p2a: Gardevoir
|
|
|switch|p2a: Landorus-Therian|Landorus-Therian, M|382\/382
|-ability|p2a: Landorus-Therian|Intimidate|[of] p1a: Killeverybody
|-unboost|p1a: Killeverybody|atk|1
|turn|9
|
|switch|p1a: FerroGod|Ferrothorn, M|352\/352
|move|p2a: Landorus-Therian|U-turn|p1a: FerroGod
|-damage|p1a: FerroGod|300\/352
|-damage|p2a: Landorus-Therian|335\/382|[from] ability: Iron Barbs|[of] p1a: FerroGod
|
|switch|p2a: Keldeo-Resolute|Keldeo-Resolute|294\/324
|
|-heal|p1a: FerroGod|322\/352|[from] item: Leftovers
|turn|10
|
|move|p1a: FerroGod|Protect|p1a: FerroGod
|-singleturn|p1a: FerroGod|Protect
|move|p2a: Keldeo-Resolute|Scald|p1a: FerroGod
|-activate|p1a: FerroGod|Protect
|
|-heal|p1a: FerroGod|344\/352|[from] item: Leftovers
|turn|11
|
|switch|p2a: Magnezone|Magnezone|128\/282
|switch|p1a: Cover Me|Latias, F|319\/319
|
|turn|12
|
|move|p2a: Magnezone|Volt Switch|p1a: Cover Me
|-resisted|p1a: Cover Me
|-damage|p1a: Cover Me|269\/319
|
|switch|p2a: Bisharp|Bisharp, F|272\/272
|move|p1a: Cover Me|Draco Meteor|p2a: Bisharp
|-resisted|p2a: Bisharp
|-damage|p2a: Bisharp|131\/272
|-unboost|p1a: Cover Me|spa|2
|
|-heal|p1a: Cover Me|288\/319|[from] item: Leftovers
|turn|13
|
|move|p2a: Bisharp|Pursuit|p1a: Cover Me|[from]Pursuit
|-supereffective|p1a: Cover Me
|-damage|p1a: Cover Me|0 fnt
|-damage|p2a: Bisharp|104\/272|[from] item: Life Orb
|faint|p1a: Cover Me
|
|
|switch|p1a: Killeverybody|Azumarill, F, shiny|371\/371
|turn|14
|
|move|p2a: Bisharp|Sucker Punch|p1a: Killeverybody
|-resisted|p1a: Killeverybody
|-damage|p1a: Killeverybody|259\/371
|-damage|p2a: Bisharp|77\/272|[from] item: Life Orb
|move|p1a: Killeverybody|Play Rough|p2a: Bisharp
|-damage|p2a: Bisharp|0 fnt
|faint|p2a: Bisharp
|
|
|switch|p2a: Landorus-Therian|Landorus-Therian, M|335\/382
|-ability|p2a: Landorus-Therian|Intimidate|[of] p1a: Killeverybody
|-unboost|p1a: Killeverybody|atk|1
|turn|15
|
|switch|p1a: Mega Burglar|Venusaur-Mega, F|364\/364
|move|p2a: Landorus-Therian|Earthquake|p1a: Mega Burglar
|-damage|p1a: Mega Burglar|267\/364
|
|-heal|p2a: Landorus-Therian|358\/382|[from] item: Leftovers
|turn|16
|
|move|p2a: Landorus-Therian|U-turn|p1a: Mega Burglar
|-damage|p1a: Mega Burglar|222\/364
|
|switch|p2a: Keldeo-Resolute|Keldeo-Resolute|294\/324
|move|p1a: Mega Burglar|Sleep Powder|p2a: Keldeo-Resolute
|-status|p2a: Keldeo-Resolute|slp
|
|turn|17
|
|switch|p2a: Latias|Latias, F|319\/319
|move|p1a: Mega Burglar|Giga Drain|p2a: Latias
|-resisted|p2a: Latias
|-damage|p2a: Latias|277\/319
|-heal|p1a: Mega Burglar|243\/364|[from] drain|[of] p2a: Latias
|
|turn|18
|
|switch|p1a: Ninja Gaiden|Greninja, M, shiny|285\/285
|move|p2a: Latias|Thunder Wave|p1a: Ninja Gaiden
|-status|p1a: Ninja Gaiden|par
|
|turn|19
|
|move|p2a: Latias|Draco Meteor|p1a: Ninja Gaiden
|-damage|p1a: Ninja Gaiden|0 fnt
|-unboost|p2a: Latias|spa|2
|-damage|p2a: Latias|246\/319|[from] item: Life Orb
|faint|p1a: Ninja Gaiden
|
|
|switch|p1a: Killeverybody|Azumarill, F, shiny|259\/371
|turn|20
|
|switch|p2a: Landorus-Therian|Landorus-Therian, M|358\/382
|-ability|p2a: Landorus-Therian|Intimidate|[of] p1a: Killeverybody
|-unboost|p1a: Killeverybody|atk|1
|move|p1a: Killeverybody|Waterfall|p2a: Landorus-Therian
|-supereffective|p2a: Landorus-Therian
|-damage|p2a: Landorus-Therian|76\/382
|
|-heal|p2a: Landorus-Therian|99\/382|[from] item: Leftovers
|turn|21
|
|switch|p2a: Keldeo-Resolute|Keldeo-Resolute|294\/324 slp
|switch|p1a: FerroGod|Ferrothorn, M|344\/352
|
|-heal|p1a: FerroGod|352\/352|[from] item: Leftovers
|turn|22
|
|switch|p1a: Mega Burglar|Venusaur-Mega, F|243\/364
|cant|p2a: Keldeo-Resolute|slp
|
|turn|23
|
|-curestatus|p2a: Keldeo-Resolute|slp
|move|p2a: Keldeo-Resolute|Icy Wind|p1a: Mega Burglar
|-crit|p1a: Mega Burglar
|-supereffective|p1a: Mega Burglar
|-damage|p1a: Mega Burglar|151\/364
|-unboost|p1a: Mega Burglar|spe|1
|move|p1a: Mega Burglar|Sludge Bomb|p2a: Keldeo-Resolute
|-damage|p2a: Keldeo-Resolute|144\/324
|
|turn|24
|
|move|p2a: Keldeo-Resolute|Icy Wind|p1a: Mega Burglar
|-supereffective|p1a: Mega Burglar
|-damage|p1a: Mega Burglar|99\/364
|-unboost|p1a: Mega Burglar|spe|1
|move|p1a: Mega Burglar|Synthesis|p1a: Mega Burglar
|-heal|p1a: Mega Burglar|281\/364
|
|turn|25
|
|move|p2a: Keldeo-Resolute|Icy Wind|p1a: Mega Burglar
|-supereffective|p1a: Mega Burglar
|-damage|p1a: Mega Burglar|225\/364
|-unboost|p1a: Mega Burglar|spe|1
|move|p1a: Mega Burglar|Sludge Bomb|p2a: Keldeo-Resolute
|-damage|p2a: Keldeo-Resolute|6\/324
|
|turn|26
|
|switch|p2a: Latias|Latias, F|246\/319
|move|p1a: Mega Burglar|Synthesis|p1a: Mega Burglar
|-heal|p1a: Mega Burglar|364\/364
|
|turn|27
|
|switch|p1a: FerroGod|Ferrothorn, M|352\/352
|move|p2a: Latias|Thunder Wave|p1a: FerroGod
|-status|p1a: FerroGod|par
|
|turn|28
|
|switch|p2a: Keldeo-Resolute|Keldeo-Resolute|6\/324
|move|p1a: FerroGod|Leech Seed|p2a: Keldeo-Resolute
|-start|p2a: Keldeo-Resolute|move: Leech Seed
|
|-damage|p2a: Keldeo-Resolute|0 fnt|[from] Leech Seed|[of] p1a: FerroGod
|faint|p2a: Keldeo-Resolute
|
|switch|p2a: Magnezone|Magnezone|128\/282
|turn|29
|
|move|p2a: Magnezone|Hidden Power|p1a: FerroGod
|-supereffective|p1a: FerroGod
|-damage|p1a: FerroGod|120\/352 par
|cant|p1a: FerroGod|par
|
|-heal|p1a: FerroGod|142\/352 par|[from] item: Leftovers
|turn|30
|
|move|p2a: Magnezone|Hidden Power|p1a: FerroGod
|-supereffective|p1a: FerroGod
|-damage|p1a: FerroGod|0 fnt
|faint|p1a: FerroGod
|
|
|switch|p1a: Killeverybody|Azumarill, F, shiny|259\/371
|turn|31
|
|switch|p2a: Landorus-Therian|Landorus-Therian, M|99\/382
|-ability|p2a: Landorus-Therian|Intimidate|[of] p1a: Killeverybody
|-unboost|p1a: Killeverybody|atk|1
|move|p1a: Killeverybody|Aqua Jet|p2a: Landorus-Therian
|-supereffective|p2a: Landorus-Therian
|-damage|p2a: Landorus-Therian|0 fnt
|faint|p2a: Landorus-Therian
|
|
|switch|p2a: Latias|Latias, F|246\/319
|turn|32
|
|move|p1a: Killeverybody|Aqua Jet|p2a: Latias
|-resisted|p2a: Latias
|-damage|p2a: Latias|196\/319
|move|p2a: Latias|Thunder Wave|p1a: Killeverybody
|-status|p1a: Killeverybody|par
|
|turn|33
|-message|Sujiro Kisaia lost due to inactivity.
|
|switch|p1a: Mega Burglar|Venusaur-Mega, F|364\/364
|move|p2a: Latias|Roost|p2a: Latias
|-heal|p2a: Latias|319\/319
|
|turn|34
|
|win|Eckleburg
|raw|Ladder updating...
|raw|Sujiro Kisaia's rating: 1437 &rarr; <strong>1417<\/strong><br \/>(-20 for losing)
|raw|Eckleburg's rating: 1439 &rarr; <strong>1459<\/strong><br \/>(+20 for winning)
|c|âSujiro Kisaia|??
|c|âSujiro Kisaia|lol
|c|âEckleburg|lol