|join|Eckleburg
|join|dusk209er
|player|p1|Eckleburg|160
|player|p2|dusk209er|266
|gametype|singles
|gen|6
|tier|OU
|rated
|clearpoke
|poke|p1|Greninja, M
|poke|p1|Landorus-Therian, M
|poke|p1|Gardevoir, M
|poke|p1|Magnezone
|poke|p1|Bisharp, M
|poke|p1|Latias, F
|poke|p2|Golbat, M
|poke|p2|Talonflame, F
|poke|p2|Cresselia, F
|poke|p2|Espeon, M
|poke|p2|Beedrill, F
|poke|p2|Florges, F
|rule|Swagger Clause: Swagger is banned
|rule|Baton Pass Clause: Limit one PokÃ©mon knowing Baton Pass
|rule|Sleep Clause Mod: Limit one foe put to sleep
|rule|Species Clause: Limit one of each PokÃ©mon
|rule|OHKO Clause: OHKO moves are banned
|rule|Moody Clause: Moody is banned
|rule|Evasion Moves Clause: Evasion moves are banned
|rule|Endless Battle Clause: Forcing endless battles is banned
|rule|HP Percentage Mod: HP is shown in percentages
|teampreview
|
|start
|switch|p1a: Landorus-Therian|Landorus-Therian, M|382\/382
|switch|p2a: Beedrill|Beedrill, F|271\/271
|-ability|p1a: Landorus-Therian|Intimidate|[of] p2a: Beedrill
|-unboost|p2a: Beedrill|atk|1
|turn|1
|
|switch|p2a: Espeon|Espeon, M|271\/271
|move|p1a: Landorus-Therian|Earthquake|p2a: Espeon
|-damage|p2a: Espeon|45\/271
|
|turn|2
|
|move|p2a: Espeon|Reflect|p2a: Espeon
|-sidestart|p2: dusk209er|Reflect
|move|p1a: Landorus-Therian|U-turn|p2a: Espeon
|-supereffective|p2a: Espeon
|-damage|p2a: Espeon|0 fnt
|faint|p2a: Espeon
|
|switch|p1a: Greninja|Greninja, M|285\/285
|
|
|switch|p2a: Florges|Florges, F|360\/360
|turn|3
|
|switch|p1a: Bisharp|Bisharp, M|272\/272
|move|p2a: Florges|Wish|p2a: Florges
|
|turn|4
|
|move|p1a: Bisharp|Knock Off|p2a: Florges
|-resisted|p2a: Florges
|-damage|p2a: Florges|277\/360
|-enditem|p2a: Florges|Leftovers|[from] move: Knock Off|[of] p1a: Bisharp
|-damage|p1a: Bisharp|245\/272|[from] item: Life Orb
|move|p2a: Florges|Moonblast|p1a: Bisharp
|-damage|p1a: Bisharp|92\/272
|-unboost|p1a: Bisharp|spa|1
|-boost|p1a: Bisharp|atk|2|[from] ability: Defiant
|
|-heal|p2a: Florges|360\/360|[from] move: Wish|[wisher] Florges
|turn|5
|
|move|p1a: Bisharp|Iron Head|p2a: Florges
|-supereffective|p2a: Florges
|-damage|p2a: Florges|0 fnt
|-damage|p1a: Bisharp|65\/272|[from] item: Life Orb
|faint|p2a: Florges
|
|
|switch|p2a: Talonflame|Talonflame, F|359\/359
|turn|6
|
|move|p1a: Bisharp|Sucker Punch|p2a: Talonflame
|-fail|p2a: Talonflame
|move|p2a: Talonflame|Bulk Up|p2a: Talonflame
|-boost|p2a: Talonflame|atk|1
|-boost|p2a: Talonflame|def|1
|
|turn|7
|
|move|p2a: Talonflame|Will-O-Wisp|p1a: Bisharp
|-status|p1a: Bisharp|brn
|move|p1a: Bisharp|Knock Off|p2a: Talonflame
|-damage|p2a: Talonflame|259\/359
|-enditem|p2a: Talonflame|Leftovers|[from] move: Knock Off|[of] p1a: Bisharp
|-damage|p1a: Bisharp|38\/272 brn|[from] item: Life Orb
|
|-damage|p1a: Bisharp|4\/272 brn|[from] brn
|turn|8
|
|move|p1a: Bisharp|Sucker Punch|p2a: Talonflame
|-fail|p2a: Talonflame
|move|p2a: Talonflame|Bulk Up|p2a: Talonflame
|-boost|p2a: Talonflame|atk|1
|-boost|p2a: Talonflame|def|1
|
|-damage|p1a: Bisharp|0 fnt|[from] brn
|faint|p1a: Bisharp
|
|switch|p1a: Landorus-Therian|Landorus-Therian, M|382\/382
|-ability|p1a: Landorus-Therian|Intimidate|[of] p2a: Talonflame
|-unboost|p2a: Talonflame|atk|1
|turn|9
|
|move|p2a: Talonflame|Will-O-Wisp|p1a: Landorus-Therian
|-status|p1a: Landorus-Therian|brn
|move|p1a: Landorus-Therian|Stone Edge|p2a: Talonflame|[miss]
|-miss|p1a: Landorus-Therian|p2a: Talonflame
|
|-damage|p1a: Landorus-Therian|335\/382 brn|[from] brn
|-sideend|p2: dusk209er|Reflect
|turn|10
|
|move|p2a: Talonflame|Bulk Up|p2a: Talonflame
|-boost|p2a: Talonflame|atk|1
|-boost|p2a: Talonflame|def|1
|move|p1a: Landorus-Therian|Stealth Rock|p2a: Talonflame
|-sidestart|p2: dusk209er|move: Stealth Rock
|
|-heal|p1a: Landorus-Therian|358\/382 brn|[from] item: Leftovers
|-damage|p1a: Landorus-Therian|311\/382 brn|[from] brn
|turn|11
|
|move|p2a: Talonflame|Roost|p2a: Talonflame
|-heal|p2a: Talonflame|359\/359
|move|p1a: Landorus-Therian|U-turn|p2a: Talonflame
|-resisted|p2a: Talonflame
|-damage|p2a: Talonflame|349\/359
|
|switch|p1a: Latias|Latias, F|319\/319
|
|turn|12
|
|move|p2a: Talonflame|Brave Bird|p1a: Latias
|-damage|p1a: Latias|43\/319
|-damage|p2a: Talonflame|258\/359|[from] recoil|[of] p1a: Latias
|move|p1a: Latias|Thunder Wave|p2a: Talonflame
|-status|p2a: Talonflame|par
|
|turn|13
|
|switch|p1a: Landorus-Therian|Landorus-Therian, M|311\/382 brn
|-ability|p1a: Landorus-Therian|Intimidate|[of] p2a: Talonflame
|-unboost|p2a: Talonflame|atk|1
|cant|p2a: Talonflame|par
|
|-heal|p1a: Landorus-Therian|334\/382 brn|[from] item: Leftovers
|-damage|p1a: Landorus-Therian|287\/382 brn|[from] brn
|turn|14
|
|switch|p1a: Latias|Latias, F|43\/319
|move|p2a: Talonflame|Bulk Up|p2a: Talonflame
|-boost|p2a: Talonflame|atk|1
|-boost|p2a: Talonflame|def|1
|
|turn|15
|
|move|p2a: Talonflame|Roost|p2a: Talonflame
|-heal|p2a: Talonflame|359\/359 par
|move|p1a: Latias|Healing Wish|p1a: Latias
|faint|p1a: Latias
|
|
|switch|p1a: Landorus-Therian|Landorus-Therian, M|287\/382 brn
|-heal|p1a: Landorus-Therian|382\/382|[from] move: Healing Wish
|-ability|p1a: Landorus-Therian|Intimidate|[of] p2a: Talonflame
|-unboost|p2a: Talonflame|atk|1
|turn|16
|
|move|p1a: Landorus-Therian|Stone Edge|p2a: Talonflame
|-supereffective|p2a: Talonflame
|-damage|p2a: Talonflame|163\/359 par
|cant|p2a: Talonflame|par
|
|turn|17
|
|move|p2a: Talonflame|Roost|p2a: Talonflame
|-heal|p2a: Talonflame|343\/359 par
|move|p1a: Landorus-Therian|Stone Edge|p2a: Talonflame
|-supereffective|p2a: Talonflame
|-damage|p2a: Talonflame|247\/359 par
|
|turn|18
|
|move|p2a: Talonflame|Roost|p2a: Talonflame
|-heal|p2a: Talonflame|359\/359 par
|move|p1a: Landorus-Therian|Stone Edge|p2a: Talonflame|[miss]
|-miss|p1a: Landorus-Therian|p2a: Talonflame
|
|turn|19
|
|switch|p1a: Greninja|Greninja, M|285\/285
|move|p2a: Talonflame|Will-O-Wisp|p1a: Greninja
|-status|p1a: Greninja|brn
|
|-damage|p1a: Greninja|250\/285 brn|[from] brn
|turn|20
|
|move|p2a: Talonflame|Brave Bird|p1a: Greninja
|-damage|p1a: Greninja|0 fnt
|-damage|p2a: Talonflame|276\/359 par|[from] recoil|[of] p1a: Greninja
|faint|p1a: Greninja
|
|
|switch|p1a: Landorus-Therian|Landorus-Therian, M|382\/382
|-ability|p1a: Landorus-Therian|Intimidate|[of] p2a: Talonflame
|-unboost|p2a: Talonflame|atk|1
|turn|21
|
|move|p2a: Talonflame|Roost|p2a: Talonflame
|-heal|p2a: Talonflame|359\/359 par
|move|p1a: Landorus-Therian|U-turn|p2a: Talonflame
|-resisted|p2a: Talonflame
|-damage|p2a: Talonflame|343\/359 par
|
|switch|p1a: Magnezone|Magnezone|324\/324
|
|turn|22
|
|move|p1a: Magnezone|Thunderbolt|p2a: Talonflame
|-supereffective|p2a: Talonflame
|-damage|p2a: Talonflame|0 fnt
|faint|p2a: Talonflame
|
|
|switch|p2a: Golbat|Golbat, M|353\/353
|-damage|p2a: Golbat|265\/353|[from] Stealth Rock
|turn|23
|
|move|p2a: Golbat|Defog|p1a: Magnezone
|-unboost|p1a: Magnezone|evasion|1
|-sideend|p2: dusk209er|Stealth Rock|[from] move: Defog|[of] p2a: Golbat
|move|p1a: Magnezone|Thunderbolt|p2a: Golbat
|-supereffective|p2a: Golbat
|-damage|p2a: Golbat|0 fnt
|faint|p2a: Golbat
|
|
|switch|p2a: Cresselia|Cresselia, F|443\/443
|turn|24
|
|switch|p1a: Gardevoir|Gardevoir, M|278\/278
|-ability|p1a: Gardevoir|Levitate|[from] ability: Trace|[of] p2a: Cresselia
|move|p2a: Cresselia|Calm Mind|p2a: Cresselia
|-boost|p2a: Cresselia|spa|1
|-boost|p2a: Cresselia|spd|1
|
|turn|25
|
|detailschange|p1a: Gardevoir|Gardevoir-Mega, M
|-mega|p1a: Gardevoir|Gardevoir|Gardevoirite
|move|p1a: Gardevoir|Hyper Voice|p2a: Cresselia
|-damage|p2a: Cresselia|299\/443
|move|p2a: Cresselia|Calm Mind|p2a: Cresselia
|-boost|p2a: Cresselia|spa|1
|-boost|p2a: Cresselia|spd|1
|
|-heal|p2a: Cresselia|326\/443|[from] item: Leftovers
|turn|26
|
|move|p1a: Gardevoir|Will-O-Wisp|p2a: Cresselia
|-status|p2a: Cresselia|brn
|move|p2a: Cresselia|Moonlight|p2a: Cresselia
|-heal|p2a: Cresselia|443\/443 brn
|
|-damage|p2a: Cresselia|388\/443 brn|[from] brn
|turn|27
|
|move|p1a: Gardevoir|Psyshock|p2a: Cresselia
|-resisted|p2a: Cresselia
|-damage|p2a: Cresselia|313\/443 brn
|move|p2a: Cresselia|Calm Mind|p2a: Cresselia
|-boost|p2a: Cresselia|spa|1
|-boost|p2a: Cresselia|spd|1
|
|-heal|p2a: Cresselia|340\/443 brn|[from] item: Leftovers
|-damage|p2a: Cresselia|285\/443 brn|[from] brn
|turn|28
|
|switch|p1a: Landorus-Therian|Landorus-Therian, M|382\/382
|-ability|p1a: Landorus-Therian|Intimidate|[of] p2a: Cresselia
|-unboost|p2a: Cresselia|atk|1
|move|p2a: Cresselia|Moonlight|p2a: Cresselia
|-heal|p2a: Cresselia|443\/443 brn
|
|-damage|p2a: Cresselia|388\/443 brn|[from] brn
|turn|29
|
|move|p1a: Landorus-Therian|Stealth Rock|p2a: Cresselia
|-sidestart|p2: dusk209er|move: Stealth Rock
|move|p2a: Cresselia|Psyshock|p1a: Landorus-Therian
|-damage|p1a: Landorus-Therian|229\/382
|
|-heal|p1a: Landorus-Therian|252\/382|[from] item: Leftovers
|-heal|p2a: Cresselia|415\/443 brn|[from] item: Leftovers
|-damage|p2a: Cresselia|360\/443 brn|[from] brn
|turn|30
|
|move|p1a: Landorus-Therian|Stone Edge|p2a: Cresselia|[miss]
|-miss|p1a: Landorus-Therian|p2a: Cresselia
|move|p2a: Cresselia|Moonlight|p2a: Cresselia
|-heal|p2a: Cresselia|443\/443 brn
|
|-heal|p1a: Landorus-Therian|275\/382|[from] item: Leftovers
|-damage|p2a: Cresselia|388\/443 brn|[from] brn
|turn|31
|
|move|p1a: Landorus-Therian|U-turn|p2a: Cresselia
|-supereffective|p2a: Cresselia
|-damage|p2a: Cresselia|270\/443 brn
|
|switch|p1a: Magnezone|Magnezone|324\/324
|move|p2a: Cresselia|Calm Mind|p2a: Cresselia
|-boost|p2a: Cresselia|spa|1
|-boost|p2a: Cresselia|spd|1
|
|-heal|p2a: Cresselia|297\/443 brn|[from] item: Leftovers
|-damage|p2a: Cresselia|242\/443 brn|[from] brn
|turn|32
|
|move|p2a: Cresselia|Moonlight|p2a: Cresselia
|-heal|p2a: Cresselia|443\/443 brn
|move|p1a: Magnezone|Thunderbolt|p2a: Cresselia
|-damage|p2a: Cresselia|365\/443 brn
|
|-heal|p2a: Cresselia|392\/443 brn|[from] item: Leftovers
|-damage|p2a: Cresselia|337\/443 brn|[from] brn
|turn|33
|
|switch|p1a: Landorus-Therian|Landorus-Therian, M|275\/382
|-ability|p1a: Landorus-Therian|Intimidate|[of] p2a: Cresselia
|-unboost|p2a: Cresselia|atk|1
|move|p2a: Cresselia|Moonblast|p1a: Landorus-Therian
|-damage|p1a: Landorus-Therian|65\/382
|
|-heal|p1a: Landorus-Therian|88\/382|[from] item: Leftovers
|-heal|p2a: Cresselia|364\/443 brn|[from] item: Leftovers
|-damage|p2a: Cresselia|309\/443 brn|[from] brn
|turn|34
|
|move|p1a: Landorus-Therian|U-turn|p2a: Cresselia
|-supereffective|p2a: Cresselia
|-damage|p2a: Cresselia|199\/443 brn
|
|switch|p1a: Magnezone|Magnezone|324\/324
|move|p2a: Cresselia|Moonblast|p1a: Magnezone
|-resisted|p1a: Magnezone
|-damage|p1a: Magnezone|226\/324
|
|-heal|p2a: Cresselia|226\/443 brn|[from] item: Leftovers
|-damage|p2a: Cresselia|171\/443 brn|[from] brn
|turn|35
|
|move|p2a: Cresselia|Moonlight|p2a: Cresselia
|-heal|p2a: Cresselia|392\/443 brn
|move|p1a: Magnezone|Volt Switch|p2a: Cresselia
|-damage|p2a: Cresselia|338\/443 brn
|
|switch|p1a: Landorus-Therian|Landorus-Therian, M|88\/382
|-ability|p1a: Landorus-Therian|Intimidate|[of] p2a: Cresselia
|-unboost|p2a: Cresselia|atk|1
|
|-heal|p1a: Landorus-Therian|111\/382|[from] item: Leftovers
|-heal|p2a: Cresselia|365\/443 brn|[from] item: Leftovers
|-damage|p2a: Cresselia|310\/443 brn|[from] brn
|turn|36
|
|move|p1a: Landorus-Therian|U-turn|p2a: Cresselia
|-supereffective|p2a: Cresselia
|-damage|p2a: Cresselia|184\/443 brn
|
|switch|p1a: Magnezone|Magnezone|226\/324
|move|p2a: Cresselia|Moonblast|p1a: Magnezone
|-resisted|p1a: Magnezone
|-damage|p1a: Magnezone|132\/324
|
|-heal|p2a: Cresselia|211\/443 brn|[from] item: Leftovers
|-damage|p2a: Cresselia|156\/443 brn|[from] brn
|turn|37
|
|move|p2a: Cresselia|Moonlight|p2a: Cresselia
|-heal|p2a: Cresselia|377\/443 brn
|move|p1a: Magnezone|Flash Cannon|p2a: Cresselia
|-damage|p2a: Cresselia|313\/443 brn
|
|-heal|p2a: Cresselia|340\/443 brn|[from] item: Leftovers
|-damage|p2a: Cresselia|285\/443 brn|[from] brn
|turn|38
|
|move|p2a: Cresselia|Moonblast|p1a: Magnezone
|-resisted|p1a: Magnezone
|-damage|p1a: Magnezone|31\/324
|-unboost|p1a: Magnezone|spa|1
|move|p1a: Magnezone|Flash Cannon|p2a: Cresselia
|-damage|p2a: Cresselia|240\/443 brn
|
|-heal|p2a: Cresselia|267\/443 brn|[from] item: Leftovers
|-damage|p2a: Cresselia|212\/443 brn|[from] brn
|turn|39
|
|move|p2a: Cresselia|Moonlight|p2a: Cresselia
|-heal|p2a: Cresselia|433\/443 brn
|move|p1a: Magnezone|Flash Cannon|p2a: Cresselia
|-damage|p2a: Cresselia|391\/443 brn
|
|-heal|p2a: Cresselia|418\/443 brn|[from] item: Leftovers
|-damage|p2a: Cresselia|363\/443 brn|[from] brn
|turn|40
|
|move|p2a: Cresselia|Moonblast|p1a: Magnezone
|-crit|p1a: Magnezone
|-resisted|p1a: Magnezone
|-damage|p1a: Magnezone|0 fnt
|faint|p1a: Magnezone
|
|-heal|p2a: Cresselia|390\/443 brn|[from] item: Leftovers
|-damage|p2a: Cresselia|335\/443 brn|[from] brn
|
|switch|p1a: Landorus-Therian|Landorus-Therian, M|111\/382
|-ability|p1a: Landorus-Therian|Intimidate|[of] p2a: Cresselia
|-unboost|p2a: Cresselia|atk|1
|turn|41
|
|move|p1a: Landorus-Therian|U-turn|p2a: Cresselia
|-supereffective|p2a: Cresselia
|-damage|p2a: Cresselia|221\/443 brn
|
|switch|p1a: Gardevoir|Gardevoir-Mega, M|278\/278
|move|p2a: Cresselia|Moonblast|p1a: Gardevoir
|-crit|p1a: Gardevoir
|-damage|p1a: Gardevoir|83\/278
|
|-heal|p2a: Cresselia|248\/443 brn|[from] item: Leftovers
|-damage|p2a: Cresselia|193\/443 brn|[from] brn
|turn|42
|
|move|p1a: Gardevoir|Hyper Voice|p2a: Cresselia
|-damage|p2a: Cresselia|118\/443 brn
|move|p2a: Cresselia|Moonlight|p2a: Cresselia
|-heal|p2a: Cresselia|339\/443 brn
|
|-heal|p2a: Cresselia|366\/443 brn|[from] item: Leftovers
|-damage|p2a: Cresselia|311\/443 brn|[from] brn
|turn|43
|
|move|p1a: Gardevoir|Hyper Voice|p2a: Cresselia
|-damage|p2a: Cresselia|230\/443 brn
|move|p2a: Cresselia|Moonblast|p1a: Gardevoir
|-damage|p1a: Gardevoir|0 fnt
|faint|p1a: Gardevoir
|
|-heal|p2a: Cresselia|257\/443 brn|[from] item: Leftovers
|-damage|p2a: Cresselia|202\/443 brn|[from] brn
|
|switch|p1a: Landorus-Therian|Landorus-Therian, M|111\/382
|-ability|p1a: Landorus-Therian|Intimidate|[of] p2a: Cresselia
|-unboost|p2a: Cresselia|atk|1
|turn|44
|
|move|p1a: Landorus-Therian|U-turn|p2a: Cresselia
|-supereffective|p2a: Cresselia
|-damage|p2a: Cresselia|92\/443 brn
|move|p2a: Cresselia|Moonblast|p1a: Landorus-Therian
|-damage|p1a: Landorus-Therian|0 fnt
|faint|p1a: Landorus-Therian
|
|win|dusk209er
|raw|Ladder updating...
|raw|Eckleburg's rating: 1157 &rarr; <strong>1129<\/strong><br \/>(-28 for losing)
|raw|dusk209er's rating: 1118 &rarr; <strong>1146<\/strong><br \/>(+28 for winning)
|leave|Eckleburg
|player|p1