|join|Eckleburg
|join|SL) Bryant
|player|p1|Eckleburg|281
|player|p2|SL) Bryant|266
|gametype|singles
|gen|6
|tier|OU
|rated
|clearpoke
|poke|p1|Pinsir, M
|poke|p1|Gyarados, M
|poke|p1|Greninja, M
|poke|p1|Heatran, M
|poke|p1|Mew
|poke|p1|Chansey, F
|poke|p2|Chansey, F
|poke|p2|Landorus-Therian, M
|poke|p2|Medicham, F
|poke|p2|Latias, F, shiny
|poke|p2|Rotom-Wash
|poke|p2|Infernape, M
|rule|Swagger Clause: Swagger is banned
|rule|Baton Pass Clause: Limit one PokÃ©mon knowing Baton Pass
|rule|Sleep Clause Mod: Limit one foe put to sleep
|rule|Species Clause: Limit one of each PokÃ©mon
|rule|OHKO Clause: OHKO moves are banned
|rule|Moody Clause: Moody is banned
|rule|Evasion Moves Clause: Evasion moves are banned
|rule|Endless Battle Clause: Forcing endless battles is banned
|rule|HP Percentage Mod: HP is shown in percentages
|teampreview
|c|âSL) Bryant|gl
|
|start
|switch|p1a: Heatran|Heatran, M|324\/324
|switch|p2a: Guillee|Medicham, F|261\/261
|turn|1
|
|switch|p1a: Mew|Mew|404\/404
|detailschange|p2a: Guillee|Medicham-Mega, F
|message|Medicham has Mega Evolved into Mega Medicham!
|move|p2a: Guillee|High Jump Kick|p1a: Mew
|-resisted|p1a: Mew
|-damage|p1a: Mew|260\/404
|
|-heal|p1a: Mew|285\/404|[from] item: Leftovers
|turn|2
|
|switch|p2a: NicoTheReaper|Infernape, M|293\/293
|move|p1a: Mew|Knock Off|p2a: NicoTheReaper
|-resisted|p2a: NicoTheReaper
|-damage|p2a: NicoTheReaper|240\/293
|-enditem|p2a: NicoTheReaper|Life Orb|[from] move: Knock Off|[of] p1a: Mew
|
|-heal|p1a: Mew|310\/404|[from] item: Leftovers
|turn|3
|
|move|p2a: NicoTheReaper|U-turn|p1a: Mew
|-supereffective|p1a: Mew
|-damage|p1a: Mew|206\/404
|
|switch|p2a: Tony Trainer|Landorus-Therian, M|382\/382
|-ability|p2a: Tony Trainer|Intimidate|[of] p1a: Mew
|-unboost|p1a: Mew|atk|1
|move|p1a: Mew|Roost|p1a: Mew
|-heal|p1a: Mew|404\/404
|
|turn|4
|
|move|p1a: Mew|Will-O-Wisp|p2a: Tony Trainer
|-status|p2a: Tony Trainer|brn
|move|p2a: Tony Trainer|Knock Off|p1a: Mew
|-supereffective|p1a: Mew
|-damage|p1a: Mew|320\/404
|-enditem|p1a: Mew|Leftovers|[from] move: Knock Off|[of] p2a: Tony Trainer
|
|-damage|p2a: Tony Trainer|335\/382 brn|[from] brn
|turn|5
|
|move|p1a: Mew|Knock Off|p2a: Tony Trainer
|-damage|p2a: Tony Trainer|293\/382 brn
|-damage|p1a: Mew|253\/404|[from] item: Rocky Helmet|[of] p2a: Tony Trainer
|-enditem|p2a: Tony Trainer|Rocky Helmet|[from] move: Knock Off|[of] p1a: Mew
|move|p2a: Tony Trainer|Stealth Rock|p1a: Mew
|-sidestart|p1: Eckleburg|move: Stealth Rock
|
|-damage|p2a: Tony Trainer|246\/382 brn|[from] brn
|turn|6
|
|move|p1a: Mew|Roost|p1a: Mew
|-heal|p1a: Mew|404\/404
|move|p2a: Tony Trainer|U-turn|p1a: Mew
|-crit|p1a: Mew
|-supereffective|p1a: Mew
|-damage|p1a: Mew|318\/404
|
|switch|p2a: NicoTheReaper|Infernape, M|240\/293
|
|turn|7
|
|move|p2a: NicoTheReaper|Overheat|p1a: Mew
|-damage|p1a: Mew|168\/404
|-unboost|p2a: NicoTheReaper|spa|2
|move|p1a: Mew|Roost|p1a: Mew
|-heal|p1a: Mew|370\/404
|
|turn|8
|
|move|p2a: NicoTheReaper|U-turn|p1a: Mew
|-supereffective|p1a: Mew
|-damage|p1a: Mew|272\/404
|
|switch|p2a: Guillee|Medicham-Mega, F|261\/261
|move|p1a: Mew|Defog|p2a: Guillee
|-unboost|p2a: Guillee|evasion|1
|-sideend|p1: Eckleburg|Stealth Rock|[from] move: Defog|[of] p1a: Mew
|
|turn|9
|
|move|p2a: Guillee|Fake Out|p1a: Mew
|-damage|p1a: Mew|211\/404
|cant|p1a: Mew|flinch
|
|turn|10
|
|move|p2a: Guillee|High Jump Kick|p1a: Mew
|-resisted|p1a: Mew
|-damage|p1a: Mew|66\/404
|move|p1a: Mew|Roost|p1a: Mew
|-heal|p1a: Mew|268\/404
|
|turn|11
|
|switch|p2a: NicoTheReaper|Infernape, M|240\/293
|move|p1a: Mew|Roost|p1a: Mew
|-heal|p1a: Mew|404\/404
|
|turn|12
|
|switch|p1a: Heatran|Heatran, M|324\/324
|move|p2a: NicoTheReaper|Overheat|p1a: Heatran
|-start|p1a: Heatran|ability: Flash Fire
|
|turn|13
|
|move|p1a: Heatran|Fire Blast|p2a: NicoTheReaper
|-resisted|p2a: NicoTheReaper
|-damage|p2a: NicoTheReaper|17\/293
|move|p2a: NicoTheReaper|Close Combat|p1a: Heatran
|-supereffective|p1a: Heatran
|-damage|p1a: Heatran|0 fnt
|-unboost|p2a: NicoTheReaper|def|1
|-unboost|p2a: NicoTheReaper|spd|1
|faint|p1a: Heatran
|
|
|switch|p1a: Pinsir|Pinsir, M|272\/272
|turn|14
|
|switch|p2a: Neo|Rotom-Wash|304\/304
|move|p1a: Pinsir|Quick Attack|p2a: Neo
|-damage|p2a: Neo|273\/304
|
|-heal|p2a: Neo|292\/304|[from] item: Leftovers
|turn|15
|
|move|p1a: Pinsir|Swords Dance|p1a: Pinsir
|-boost|p1a: Pinsir|atk|2
|move|p2a: Neo|Volt Switch|p1a: Pinsir
|-damage|p1a: Pinsir|164\/272
|
|switch|p2a: Guillee|Medicham-Mega, F|261\/261
|
|turn|16
|
|detailschange|p1a: Pinsir|Pinsir-Mega, M
|message|Pinsir has Mega Evolved into Mega Pinsir!
|move|p2a: Guillee|Fake Out|p1a: Pinsir
|-damage|p1a: Pinsir|95\/272
|cant|p1a: Pinsir|flinch
|
|turn|17
|
|switch|p2a: Tony Trainer|Landorus-Therian, M|246\/382 brn
|-ability|p2a: Tony Trainer|Intimidate|[of] p1a: Pinsir
|-unboost|p1a: Pinsir|atk|1
|move|p1a: Pinsir|Quick Attack|p2a: Tony Trainer
|-damage|p2a: Tony Trainer|117\/382 brn
|
|-damage|p2a: Tony Trainer|70\/382 brn|[from] brn
|turn|18
|
|move|p1a: Pinsir|Quick Attack|p2a: Tony Trainer
|-damage|p2a: Tony Trainer|0 fnt
|faint|p2a: Tony Trainer
|
|
|switch|p2a: Neo|Rotom-Wash|292\/304
|turn|19
|
|move|p1a: Pinsir|Close Combat|p2a: Neo
|-damage|p2a: Neo|111\/304
|-unboost|p1a: Pinsir|def|1
|-unboost|p1a: Pinsir|spd|1
|move|p2a: Neo|Volt Switch|p1a: Pinsir
|-supereffective|p1a: Pinsir
|-damage|p1a: Pinsir|0 fnt
|faint|p1a: Pinsir
|
|switch|p2a: Guillee|Medicham-Mega, F|261\/261
|
|
|switch|p1a: Mew|Mew|404\/404
|turn|20
|
|move|p2a: Guillee|Fake Out|p1a: Mew
|-damage|p1a: Mew|347\/404
|cant|p1a: Mew|flinch
|
|turn|21
|
|move|p2a: Guillee|High Jump Kick|p1a: Mew
|-resisted|p1a: Mew
|-damage|p1a: Mew|211\/404
|move|p1a: Mew|Will-O-Wisp|p2a: Guillee
|-status|p2a: Guillee|brn
|
|-damage|p2a: Guillee|229\/261 brn|[from] brn
|turn|22
|
|switch|p2a: Rolo Tu Mama|Chansey, F|704\/704
|move|p1a: Mew|Roost|p1a: Mew
|-heal|p1a: Mew|404\/404
|
|turn|23
|
|move|p1a: Mew|Knock Off|p2a: Rolo Tu Mama
|-damage|p2a: Rolo Tu Mama|600\/704
|-enditem|p2a: Rolo Tu Mama|Eviolite|[from] move: Knock Off|[of] p1a: Mew
|move|p2a: Rolo Tu Mama|Heal Bell|p2a: Rolo Tu Mama
|-cureteam|p2a: Rolo Tu Mama|[from] move: HealBell
|
|turn|24
|
|move|p1a: Mew|Will-O-Wisp|p2a: Rolo Tu Mama
|-status|p2a: Rolo Tu Mama|brn
|move|p2a: Rolo Tu Mama|Wish|p2a: Rolo Tu Mama
|
|-damage|p2a: Rolo Tu Mama|512\/704 brn|[from] brn
|turn|25
|
|switch|p2a: Neo|Rotom-Wash|111\/304
|move|p1a: Mew|Will-O-Wisp|p2a: Neo
|-status|p2a: Neo|brn
|
|-heal|p2a: Neo|304\/304 brn|[from] move: Wish|[wisher] Rolo Tu Mama
|-damage|p2a: Neo|266\/304 brn|[from] brn
|turn|26
|
|move|p1a: Mew|Knock Off|p2a: Neo
|-damage|p2a: Neo|213\/304 brn
|-enditem|p2a: Neo|Leftovers|[from] move: Knock Off|[of] p1a: Mew
|move|p2a: Neo|Will-O-Wisp|p1a: Mew|[miss]
|-miss|p2a: Neo|p1a: Mew
|
|-damage|p2a: Neo|175\/304 brn|[from] brn
|turn|27
|
|move|p1a: Mew|Knock Off|p2a: Neo
|-crit|p2a: Neo
|-damage|p2a: Neo|121\/304 brn
|move|p2a: Neo|Volt Switch|p1a: Mew
|-damage|p1a: Mew|319\/404
|
|switch|p2a: Rolo Tu Mama|Chansey, F|512\/704
|
|turn|28
|
|switch|p1a: Canine|Gyarados, M|332\/332
|-ability|p1a: Canine|Intimidate|[of] p2a: Rolo Tu Mama
|-unboost|p2a: Rolo Tu Mama|atk|1
|move|p2a: Rolo Tu Mama|Heal Bell|p2a: Rolo Tu Mama
|-cureteam|p2a: Rolo Tu Mama|[from] move: HealBell
|
|turn|29
|
|move|p1a: Canine|Dragon Dance|p1a: Canine
|-boost|p1a: Canine|atk|1
|-boost|p1a: Canine|spe|1
|move|p2a: Rolo Tu Mama|Seismic Toss|p1a: Canine
|-damage|p1a: Canine|232\/332
|
|turn|30
|
|move|p1a: Canine|Stone Edge|p2a: Rolo Tu Mama
|-damage|p2a: Rolo Tu Mama|5\/704
|-damage|p1a: Canine|199\/332|[from] item: Life Orb
|move|p2a: Rolo Tu Mama|Seismic Toss|p1a: Canine
|-damage|p1a: Canine|99\/332
|
|turn|31
|
|move|p1a: Canine|Stone Edge|p2a: Rolo Tu Mama
|-damage|p2a: Rolo Tu Mama|0 fnt
|-damage|p1a: Canine|66\/332|[from] item: Life Orb
|faint|p2a: Rolo Tu Mama
|
|
|switch|p2a: Guillee|Medicham-Mega, F|229\/261
|turn|32
|
|switch|p1a: Mew|Mew|319\/404
|move|p2a: Guillee|Fake Out|p1a: Mew
|-damage|p1a: Mew|263\/404
|
|turn|33
|
|switch|p2a: NicoTheReaper|Infernape, M|17\/293
|move|p1a: Mew|Roost|p1a: Mew
|-heal|p1a: Mew|404\/404
|
|turn|34
|
|move|p2a: NicoTheReaper|Overheat|p1a: Mew
|-damage|p1a: Mew|233\/404
|-unboost|p2a: NicoTheReaper|spa|2
|move|p1a: Mew|Knock Off|p2a: NicoTheReaper
|-resisted|p2a: NicoTheReaper
|-damage|p2a: NicoTheReaper|0 fnt
|faint|p2a: NicoTheReaper
|
|
|switch|p2a: Daniela|Latias, F, shiny|302\/302
|turn|35
|
|switch|p1a: Intello|Chansey, F|641\/641
|move|p2a: Daniela|Draco Meteor|p1a: Intello|[miss]
|-miss|p2a: Daniela|p1a: Intello
|
|turn|36
|
|switch|p2a: Neo|Rotom-Wash|121\/304
|move|p1a: Intello|Thunder Wave|p2a: Neo
|-fail|p2a: Neo
|
|turn|37
|
|switch|p1a: Mew|Mew|233\/404
|move|p2a: Neo|Pain Split|p1a: Mew
|-sethp|p1a: Mew|177\/404|p2a: Neo|177\/304|[from] move: Pain Split
|
|turn|38
|
|move|p1a: Mew|Roost|p1a: Mew
|-heal|p1a: Mew|379\/404
|move|p2a: Neo|Will-O-Wisp|p1a: Mew
|-status|p1a: Mew|brn
|-status|p2a: Neo|brn
|
|-damage|p1a: Mew|329\/404 brn|[from] brn
|-damage|p2a: Neo|139\/304 brn|[from] brn
|turn|39
|
|move|p1a: Mew|Will-O-Wisp|p2a: Neo
|-fail|p2a: Neo|brn
|move|p2a: Neo|Volt Switch|p1a: Mew
|-damage|p1a: Mew|248\/404 brn
|
|switch|p2a: Guillee|Medicham-Mega, F|229\/261
|
|-damage|p1a: Mew|198\/404 brn|[from] brn
|turn|40
|
|move|p2a: Guillee|High Jump Kick|p1a: Mew
|-resisted|p1a: Mew
|-damage|p1a: Mew|68\/404 brn
|move|p1a: Mew|Roost|p1a: Mew
|-heal|p1a: Mew|270\/404 brn
|
|-damage|p1a: Mew|220\/404 brn|[from] brn
|turn|41
|
|switch|p2a: Neo|Rotom-Wash|139\/304 brn
|move|p1a: Mew|Roost|p1a: Mew
|-heal|p1a: Mew|404\/404 brn
|
|-damage|p1a: Mew|354\/404 brn|[from] brn
|-damage|p2a: Neo|101\/304 brn|[from] brn
|turn|42
|
|switch|p1a: Canine|Gyarados, M|66\/332
|-ability|p1a: Canine|Intimidate|[of] p2a: Neo
|-unboost|p2a: Neo|atk|1
|move|p2a: Neo|Pain Split|p1a: Canine
|-sethp|p1a: Canine|83\/332|p2a: Neo|83\/304 brn|[from] move: Pain Split
|
|-damage|p2a: Neo|45\/304 brn|[from] brn
|turn|43
|
|move|p1a: Canine|Stone Edge|p2a: Neo
|-damage|p2a: Neo|0 fnt
|-damage|p1a: Canine|50\/332|[from] item: Life Orb
|faint|p2a: Neo
|
|
|switch|p2a: Guillee|Medicham-Mega, F|229\/261
|turn|44
|
|move|p2a: Guillee|High Jump Kick|p1a: Canine
|-resisted|p1a: Canine
|-damage|p1a: Canine|0 fnt
|faint|p1a: Canine
|
|
|switch|p1a: Mew|Mew|354\/404 brn
|turn|45
|
|switch|p2a: Daniela|Latias, F, shiny|302\/302
|move|p1a: Mew|Will-O-Wisp|p2a: Daniela
|-status|p2a: Daniela|brn
|
|-damage|p2a: Daniela|265\/302 brn|[from] brn
|-damage|p1a: Mew|304\/404 brn|[from] brn
|turn|46
|
|switch|p2a: Guillee|Medicham-Mega, F|229\/261
|switch|p1a: Intello|Chansey, F|641\/641
|
|turn|47
|
|move|p2a: Guillee|High Jump Kick|p1a: Intello
|-supereffective|p1a: Intello
|-damage|p1a: Intello|0 fnt
|faint|p1a: Intello
|
|
|switch|p1a: Greninja|Greninja, M|286\/286
|turn|48
|
|move|p1a: Greninja|Ice Beam|p2a: Guillee
|-start|p1a: Greninja|typechange|Ice|[from] Protean
|-damage|p2a: Guillee|42\/261
|-damage|p1a: Greninja|258\/286|[from] item: Life Orb
|move|p2a: Guillee|High Jump Kick|p1a: Greninja
|-supereffective|p1a: Greninja
|-damage|p1a: Greninja|0 fnt
|faint|p1a: Greninja
|
|
|switch|p1a: Mew|Mew|304\/404 brn
|turn|49
|
|move|p2a: Guillee|High Jump Kick|p1a: Mew
|-resisted|p1a: Mew
|-damage|p1a: Mew|153\/404 brn
|move|p1a: Mew|Knock Off|p2a: Guillee
|-damage|p2a: Guillee|10\/261
|
|-damage|p1a: Mew|103\/404 brn|[from] brn
|turn|50
|
|move|p2a: Guillee|High Jump Kick|p1a: Mew
|-resisted|p1a: Mew
|-damage|p1a: Mew|0 fnt
|faint|p1a: Mew
|
|win|SL) Bryant
|raw|Ladder updating...
|raw|Eckleburg's rating: 1662 &rarr; <strong>1637<\/strong><br \/>(-25 for losing)
|raw|SL) Bryant's rating: 1574 &rarr; <strong>1599<\/strong><br \/>(+25 for winning)
|c|âSL) Bryant|gg :)
|c|âEckleburg|gg
|leave|Eckleburg
|player|p1