|join|Eckleburg
|join|YamiSpyro
|player|p1|Eckleburg|160
|player|p2|YamiSpyro|200
|gametype|singles
|gen|6
|tier|OU
|rated
|clearpoke
|poke|p1|Manaphy
|poke|p1|Toxicroak, F
|poke|p1|Swampert, M
|poke|p1|Politoed, F
|poke|p1|Celebi
|poke|p1|Klefki, M
|poke|p2|Lopunny, M
|poke|p2|Landorus-Therian, M
|poke|p2|Latias, F
|poke|p2|Greninja, M
|poke|p2|Ferrothorn, M
|poke|p2|Rotom-Wash
|rule|Swagger Clause: Swagger is banned
|rule|Baton Pass Clause: Limit one PokÃ©mon knowing Baton Pass
|rule|Sleep Clause Mod: Limit one foe put to sleep
|rule|Species Clause: Limit one of each PokÃ©mon
|rule|OHKO Clause: OHKO moves are banned
|rule|Moody Clause: Moody is banned
|rule|Evasion Moves Clause: Evasion moves are banned
|rule|Endless Battle Clause: Forcing endless battles is banned
|rule|HP Percentage Mod: HP is shown in percentages
|teampreview
|
|start
|switch|p1a: Klefki|Klefki, M|318\/318
|switch|p2a: Rotom-Wash|Rotom-Wash|304\/304
|turn|1
|
|move|p1a: Klefki|Light Screen|p1a: Klefki
|-sidestart|p1: Eckleburg|move: Light Screen
|move|p2a: Rotom-Wash|Will-O-Wisp|p1a: Klefki
|-status|p1a: Klefki|brn
|
|-damage|p1a: Klefki|279\/318 brn|[from] brn
|turn|2
|
|move|p1a: Klefki|Reflect|p1a: Klefki
|-sidestart|p1: Eckleburg|Reflect
|move|p2a: Rotom-Wash|Volt Switch|p1a: Klefki
|-damage|p1a: Klefki|227\/318 brn
|
|switch|p2a: Latias|Latias, F|320\/320
|
|-damage|p1a: Klefki|188\/318 brn|[from] brn
|turn|3
|
|switch|p1a: Pluie|Politoed, F|384\/384
|-weather|RainDance
|move|p2a: Latias|Defog|p1a: Pluie
|-unboost|p1a: Pluie|evasion|1
|-sideend|p1: Eckleburg|Reflect
|-sideend|p1: Eckleburg|Reflect|[from] move: Defog|[of] p1a: Pluie
|-sideend|p1: Eckleburg|move: Light Screen
|-sideend|p1: Eckleburg|Light Screen|[from] move: Defog|[of] p1a: Pluie
|
|-weather|RainDance|[upkeep]
|turn|4
|
|switch|p2a: Rotom-Wash|Rotom-Wash|304\/304
|switch|p1a: Celebi|Celebi|404\/404
|
|-weather|RainDance|[upkeep]
|turn|5
|
|move|p1a: Celebi|Stealth Rock|p2a: Rotom-Wash
|-sidestart|p2: YamiSpyro|move: Stealth Rock
|move|p2a: Rotom-Wash|Volt Switch|p1a: Celebi
|-resisted|p1a: Celebi
|-damage|p1a: Celebi|371\/404
|
|switch|p2a: Landorus-Therian|Landorus-Therian, M|320\/320
|-damage|p2a: Landorus-Therian|280\/320|[from] Stealth Rock
|-ability|p2a: Landorus-Therian|Intimidate|[of] p1a: Celebi
|-unboost|p1a: Celebi|atk|1
|
|-weather|RainDance|[upkeep]
|-heal|p1a: Celebi|396\/404|[from] item: Leftovers
|turn|6
|
|switch|p1a: Klefki|Klefki, M|188\/318 brn
|move|p2a: Landorus-Therian|Knock Off|p1a: Klefki
|-resisted|p1a: Klefki
|-damage|p1a: Klefki|138\/318 brn
|-enditem|p1a: Klefki|Light Clay|[from] move: Knock Off|[of] p2a: Landorus-Therian
|
|-weather|RainDance|[upkeep]
|-damage|p1a: Klefki|99\/318 brn|[from] brn
|turn|7
|
|switch|p2a: Latias|Latias, F|320\/320
|-damage|p2a: Latias|280\/320|[from] Stealth Rock
|move|p1a: Klefki|Reflect|p1a: Klefki
|-sidestart|p1: Eckleburg|Reflect
|
|-weather|RainDance|[upkeep]
|-damage|p1a: Klefki|60\/318 brn|[from] brn
|turn|8
|
|move|p1a: Klefki|Thunder Wave|p2a: Latias
|-status|p2a: Latias|par
|move|p2a: Latias|Defog|p1a: Klefki
|-unboost|p1a: Klefki|evasion|1
|-sideend|p1: Eckleburg|Reflect
|-sideend|p1: Eckleburg|Reflect|[from] move: Defog|[of] p1a: Klefki
|-sideend|p2: YamiSpyro|Stealth Rock|[from] move: Defog|[of] p2a: Latias
|
|-weather|RainDance|[upkeep]
|-damage|p1a: Klefki|21\/318 brn|[from] brn
|turn|9
|
|move|p1a: Klefki|Reflect|p1a: Klefki
|-sidestart|p1: Eckleburg|Reflect
|move|p2a: Latias|Defog|p1a: Klefki
|-unboost|p1a: Klefki|evasion|1
|-sideend|p1: Eckleburg|Reflect
|-sideend|p1: Eckleburg|Reflect|[from] move: Defog|[of] p1a: Klefki
|
|-weather|RainDance|[upkeep]
|-damage|p1a: Klefki|0 fnt|[from] brn
|faint|p1a: Klefki
|
|switch|p1a: Manaphy|Manaphy|404\/404
|turn|10
|
|move|p1a: Manaphy|Tail Glow|p1a: Manaphy
|-boost|p1a: Manaphy|spa|3
|cant|p2a: Latias|par
|
|-weather|none
|turn|11
|
|move|p1a: Manaphy|Ice Beam|p2a: Latias
|-supereffective|p2a: Latias
|-damage|p2a: Latias|0 fnt
|faint|p2a: Latias
|
|
|switch|p2a: Lopunny|Lopunny, M|271\/271
|turn|12
|
|detailschange|p2a: Lopunny|Lopunny-Mega, M
|-mega|p2a: Lopunny|Lopunny|Lopunnite
|move|p2a: Lopunny|Fake Out|p1a: Manaphy
|-damage|p1a: Manaphy|331\/404
|cant|p1a: Manaphy|flinch
|
|-heal|p1a: Manaphy|356\/404|[from] item: Leftovers
|turn|13
|
|move|p2a: Lopunny|High Jump Kick|p1a: Manaphy
|-damage|p1a: Manaphy|118\/404
|move|p1a: Manaphy|Scald|p2a: Lopunny
|-damage|p2a: Lopunny|0 fnt
|faint|p2a: Lopunny
|
|-heal|p1a: Manaphy|143\/404|[from] item: Leftovers
|
|switch|p2a: Greninja|Greninja, M|285\/285
|turn|14
|
|switch|p1a: Toxicroak|Toxicroak, F|308\/308
|move|p2a: Greninja|Dark Pulse|p1a: Toxicroak
|-start|p2a: Greninja|typechange|Dark|[from] Protean
|-resisted|p1a: Toxicroak
|-damage|p1a: Toxicroak|205\/308
|-damage|p2a: Greninja|257\/285|[from] item: Life Orb
|
|turn|15
|
|switch|p2a: Landorus-Therian|Landorus-Therian, M|280\/320
|-ability|p2a: Landorus-Therian|Intimidate|[of] p1a: Toxicroak
|-unboost|p1a: Toxicroak|atk|1
|move|p1a: Toxicroak|Swords Dance|p1a: Toxicroak
|-boost|p1a: Toxicroak|atk|2
|
|turn|16
|
|switch|p1a: Pluie|Politoed, F|384\/384
|-weather|RainDance
|move|p2a: Landorus-Therian|Earthquake|p1a: Pluie
|-damage|p1a: Pluie|186\/384
|
|-weather|RainDance|[upkeep]
|turn|17
|
|switch|p1a: Celebi|Celebi|396\/404
|move|p2a: Landorus-Therian|Earthquake|p1a: Celebi
|-resisted|p1a: Celebi
|-damage|p1a: Celebi|294\/404
|
|-weather|RainDance|[upkeep]
|-heal|p1a: Celebi|319\/404|[from] item: Leftovers
|turn|18
|
|switch|p2a: Ferrothorn|Ferrothorn, M|352\/352
|move|p1a: Celebi|Stealth Rock|p2a: Ferrothorn
|-sidestart|p2: YamiSpyro|move: Stealth Rock
|
|-weather|RainDance|[upkeep]
|-heal|p1a: Celebi|344\/404|[from] item: Leftovers
|turn|19
|
|move|p1a: Celebi|Healing Wish|p1a: Celebi
|faint|p1a: Celebi
|move|p2a: Ferrothorn|Stealth Rock|p1: Celebi
|-sidestart|p1: Eckleburg|move: Stealth Rock
|
|-weather|RainDance|[upkeep]
|
|switch|p1a: Manaphy|Manaphy|143\/404
|-heal|p1a: Manaphy|404\/404|[from] move: Healing Wish
|-damage|p1a: Manaphy|354\/404|[from] Stealth Rock
|turn|20
|
|move|p1a: Manaphy|Tail Glow|p1a: Manaphy
|-boost|p1a: Manaphy|spa|3
|move|p2a: Ferrothorn|Power Whip|p1a: Manaphy
|-supereffective|p1a: Manaphy
|-damage|p1a: Manaphy|106\/404
|
|-weather|RainDance|[upkeep]
|-heal|p1a: Manaphy|131\/404|[from] item: Leftovers
|turn|21
|
|move|p1a: Manaphy|Rest|p1a: Manaphy
|-status|p1a: Manaphy|slp
|-heal|p1a: Manaphy|404\/404 slp|[silent]
|-status|p1a: Manaphy|slp|[from] move: Rest
|move|p2a: Ferrothorn|Power Whip|p1a: Manaphy
|-supereffective|p1a: Manaphy
|-damage|p1a: Manaphy|150\/404 slp
|
|-weather|RainDance|[upkeep]
|-curestatus|p1a: Manaphy|slp
|-heal|p1a: Manaphy|175\/404|[from] item: Leftovers
|turn|22
|
|move|p1a: Manaphy|Rest|p1a: Manaphy
|-status|p1a: Manaphy|slp
|-heal|p1a: Manaphy|404\/404 slp|[silent]
|-status|p1a: Manaphy|slp|[from] move: Rest
|move|p2a: Ferrothorn|Power Whip|p1a: Manaphy
|-supereffective|p1a: Manaphy
|-damage|p1a: Manaphy|110\/404 slp
|
|-weather|RainDance|[upkeep]
|-curestatus|p1a: Manaphy|slp
|-heal|p1a: Manaphy|135\/404|[from] item: Leftovers
|turn|23
|
|move|p1a: Manaphy|Ice Beam|p2a: Ferrothorn
|-damage|p2a: Ferrothorn|122\/352
|move|p2a: Ferrothorn|Power Whip|p1a: Manaphy
|-supereffective|p1a: Manaphy
|-damage|p1a: Manaphy|0 fnt
|faint|p1a: Manaphy
|
|-weather|none
|-heal|p2a: Ferrothorn|144\/352|[from] item: Leftovers
|c|âEckleburg|when im using power whip
|c|âEckleburg|3 out of 4 misses
|c|âEckleburg|:(
|
|switch|p1a: Toxicroak|Toxicroak, F|205\/308
|-damage|p1a: Toxicroak|186\/308|[from] Stealth Rock
|turn|24
|
|switch|p2a: Landorus-Therian|Landorus-Therian, M|280\/320
|-damage|p2a: Landorus-Therian|240\/320|[from] Stealth Rock
|-ability|p2a: Landorus-Therian|Intimidate|[of] p1a: Toxicroak
|-unboost|p1a: Toxicroak|atk|1
|move|p1a: Toxicroak|Drain Punch|p2a: Landorus-Therian
|-resisted|p2a: Landorus-Therian
|-damage|p2a: Landorus-Therian|176\/320
|-heal|p1a: Toxicroak|218\/308|[from] drain|[of] p2a: Landorus-Therian
|-damage|p1a: Toxicroak|188\/308|[from] item: Life Orb
|
|turn|25
|
|switch|p1a: Pluie|Politoed, F|186\/384
|-damage|p1a: Pluie|138\/384|[from] Stealth Rock
|-weather|RainDance
|move|p2a: Landorus-Therian|Earthquake|p1a: Pluie
|-damage|p1a: Pluie|0 fnt
|faint|p1a: Pluie
|
|-weather|RainDance|[upkeep]
|
|switch|p1a: Cheneau|Swampert, M|367\/367
|-damage|p1a: Cheneau|345\/367|[from] Stealth Rock
|turn|26
|
|switch|p2a: Ferrothorn|Ferrothorn, M|144\/352
|-damage|p2a: Ferrothorn|122\/352|[from] Stealth Rock
|detailschange|p1a: Cheneau|Swampert-Mega, M
|-mega|p1a: Cheneau|Swampert|Swampertite
|move|p1a: Cheneau|Waterfall|p2a: Ferrothorn
|-resisted|p2a: Ferrothorn
|-damage|p2a: Ferrothorn|47\/352
|-damage|p1a: Cheneau|300\/367|[from] ability: Iron Barbs|[of] p2a: Ferrothorn
|
|-weather|RainDance|[upkeep]
|-heal|p2a: Ferrothorn|69\/352|[from] item: Leftovers
|turn|27
|
|move|p1a: Cheneau|Waterfall|p2a: Ferrothorn
|-resisted|p2a: Ferrothorn
|-damage|p2a: Ferrothorn|0 fnt
|-damage|p1a: Cheneau|255\/367|[from] ability: Iron Barbs|[of] p2a: Ferrothorn
|faint|p2a: Ferrothorn
|
|-weather|RainDance|[upkeep]
|
|switch|p2a: Rotom-Wash|Rotom-Wash|304\/304
|-damage|p2a: Rotom-Wash|266\/304|[from] Stealth Rock
|turn|28
|
|move|p1a: Cheneau|Superpower|p2a: Rotom-Wash
|-damage|p2a: Rotom-Wash|97\/304
|-unboost|p1a: Cheneau|atk|1
|-unboost|p1a: Cheneau|def|1
|move|p2a: Rotom-Wash|Will-O-Wisp|p1a: Cheneau
|-status|p1a: Cheneau|brn
|
|-weather|RainDance|[upkeep]
|-heal|p2a: Rotom-Wash|116\/304|[from] item: Leftovers
|-damage|p1a: Cheneau|210\/367 brn|[from] brn
|turn|29
|
|switch|p1a: Toxicroak|Toxicroak, F|188\/308
|-damage|p1a: Toxicroak|169\/308|[from] Stealth Rock
|move|p2a: Rotom-Wash|Hydro Pump|p1a: Toxicroak
|-heal|p1a: Toxicroak|246\/308|[from] ability: Dry Skin|[of] p2a: Rotom-Wash
|
|-weather|RainDance|[upkeep]
|-heal|p1a: Toxicroak|284\/308|[from] ability: Dry Skin
|-heal|p2a: Rotom-Wash|135\/304|[from] item: Leftovers
|turn|30
|
|move|p1a: Toxicroak|Gunk Shot|p2a: Rotom-Wash
|-damage|p2a: Rotom-Wash|0 fnt
|-damage|p1a: Toxicroak|254\/308|[from] item: Life Orb
|faint|p2a: Rotom-Wash
|
|-weather|RainDance|[upkeep]
|-heal|p1a: Toxicroak|292\/308|[from] ability: Dry Skin
|
|switch|p2a: Landorus-Therian|Landorus-Therian, M|176\/320
|-damage|p2a: Landorus-Therian|136\/320|[from] Stealth Rock
|-ability|p2a: Landorus-Therian|Intimidate|[of] p1a: Toxicroak
|-unboost|p1a: Toxicroak|atk|1
|turn|31
|
|switch|p1a: Cheneau|Swampert-Mega, M|210\/367 brn
|-damage|p1a: Cheneau|188\/367 brn|[from] Stealth Rock
|move|p2a: Landorus-Therian|Earthquake|p1a: Cheneau
|-damage|p1a: Cheneau|10\/367 brn
|
|-weather|RainDance|[upkeep]
|-damage|p1a: Cheneau|0 fnt|[from] brn
|faint|p1a: Cheneau
|
|switch|p1a: Toxicroak|Toxicroak, F|292\/308
|-damage|p1a: Toxicroak|273\/308|[from] Stealth Rock
|turn|32
|
|move|p2a: Landorus-Therian|Earthquake|p1a: Toxicroak
|-supereffective|p1a: Toxicroak
|-damage|p1a: Toxicroak|0 fnt
|faint|p1a: Toxicroak
|
|win|YamiSpyro
|raw|Ladder updating...
|c|âYamiSpyro|gg
|raw|Eckleburg's rating: 1557 &rarr; <strong>1531<\/strong><br \/>(-26 for losing)
|raw|YamiSpyro's rating: 1464 &rarr; <strong>1489<\/strong><br \/>(+25 for winning)