|join|Eckleburg
|join|michael 666
|player|p1|Eckleburg|160
|player|p2|michael 666|2
|gametype|singles
|gen|6
|tier|OU
|rated
|clearpoke
|poke|p1|Gengar, M
|poke|p1|Latios, M
|poke|p1|Lopunny, M
|poke|p1|Mienshao, F
|poke|p1|Azumarill, F
|poke|p1|Ferrothorn, M
|poke|p2|Gallade, M
|poke|p2|Heatran, F
|poke|p2|Rotom-Wash
|poke|p2|Skarmory, M
|poke|p2|Gyarados, F
|poke|p2|Landorus-Therian, M
|rule|Swagger Clause: Swagger is banned
|rule|Baton Pass Clause: Limit one PokÃ©mon knowing Baton Pass
|rule|Sleep Clause Mod: Limit one foe put to sleep
|rule|Species Clause: Limit one of each PokÃ©mon
|rule|OHKO Clause: OHKO moves are banned
|rule|Moody Clause: Moody is banned
|rule|Evasion Moves Clause: Evasion moves are banned
|rule|Endless Battle Clause: Forcing endless battles is banned
|rule|HP Percentage Mod: HP is shown in percentages
|teampreview
|
|start
|switch|p1a: Maitre|Mienshao, F|272\/272
|switch|p2a: Rotom-Wash|Rotom-Wash|304\/304
|turn|1
|
|move|p1a: Maitre|U-turn|p2a: Rotom-Wash
|-damage|p2a: Rotom-Wash|251\/304
|
|switch|p1a: Dard|Ferrothorn, M|352\/352
|move|p2a: Rotom-Wash|Will-O-Wisp|p1a: Dard
|-status|p1a: Dard|brn
|
|-heal|p2a: Rotom-Wash|270\/304|[from] item: Leftovers
|-damage|p1a: Dard|308\/352 brn|[from] brn
|turn|2
|
|move|p2a: Rotom-Wash|Volt Switch|p1a: Dard
|-resisted|p1a: Dard
|-damage|p1a: Dard|272\/352 brn
|
|switch|p2a: Heatran|Heatran, F|386\/386
|move|p1a: Dard|Stealth Rock|p2a: Heatran
|-sidestart|p2: michael 666|move: Stealth Rock
|
|-damage|p1a: Dard|228\/352 brn|[from] brn
|turn|3
|
|switch|p1a: Battant|Lopunny, M|272\/272
|move|p2a: Heatran|Stealth Rock|p1a: Battant
|-sidestart|p1: Eckleburg|move: Stealth Rock
|
|turn|4
|
|switch|p2a: Gyarados|Gyarados, F|332\/332
|-damage|p2a: Gyarados|249\/332|[from] Stealth Rock
|-ability|p2a: Gyarados|Intimidate|[of] p1a: Battant
|-unboost|p1a: Battant|atk|1
|detailschange|p1a: Battant|Lopunny-Mega, M
|-mega|p1a: Battant|Lopunny|Lopunnite
|move|p1a: Battant|Ice Punch|p2a: Gyarados
|-damage|p2a: Gyarados|172\/332
|
|-heal|p2a: Gyarados|192\/332|[from] item: Leftovers
|turn|5
|
|switch|p1a: Dard|Ferrothorn, M|228\/352 brn
|-damage|p1a: Dard|206\/352 brn|[from] Stealth Rock
|move|p2a: Gyarados|Substitute|p2a: Gyarados
|-start|p2a: Gyarados|Substitute
|-damage|p2a: Gyarados|109\/332
|
|-heal|p2a: Gyarados|129\/332|[from] item: Leftovers
|-damage|p1a: Dard|162\/352 brn|[from] brn
|turn|6
|
|switch|p1a: Doudou|Azumarill, F|404\/404
|-damage|p1a: Doudou|354\/404|[from] Stealth Rock
|move|p2a: Gyarados|Dragon Dance|p2a: Gyarados
|-boost|p2a: Gyarados|atk|1
|-boost|p2a: Gyarados|spe|1
|
|-heal|p2a: Gyarados|149\/332|[from] item: Leftovers
|turn|7
|
|move|p2a: Gyarados|Earthquake|p1a: Doudou
|-damage|p1a: Doudou|106\/404
|move|p1a: Doudou|Play Rough|p2a: Gyarados
|-end|p2a: Gyarados|Substitute
|
|-heal|p2a: Gyarados|169\/332|[from] item: Leftovers
|turn|8
|
|move|p2a: Gyarados|Earthquake|p1a: Doudou
|-damage|p1a: Doudou|0 fnt
|faint|p1a: Doudou
|
|-heal|p2a: Gyarados|189\/332|[from] item: Leftovers
|
|switch|p1a: Maitre|Mienshao, F|272\/272
|-damage|p1a: Maitre|255\/272|[from] Stealth Rock
|turn|9
|
|move|p1a: Maitre|Stone Edge|p2a: Gyarados
|-supereffective|p2a: Gyarados
|-damage|p2a: Gyarados|0 fnt
|faint|p2a: Gyarados
|
|
|switch|p2a: Gallade|Gallade, M|277\/277
|-damage|p2a: Gallade|260\/277|[from] Stealth Rock
|turn|10
|
|switch|p1a: Dard|Ferrothorn, M|162\/352 brn
|-damage|p1a: Dard|140\/352 brn|[from] Stealth Rock
|detailschange|p2a: Gallade|Gallade-Mega, M
|-mega|p2a: Gallade|Gallade|Galladite
|move|p2a: Gallade|Close Combat|p1a: Dard
|-supereffective|p1a: Dard
|-damage|p1a: Dard|0 fnt
|-damage|p2a: Gallade|226\/277|[from] ability: Iron Barbs|[of] p1a: Dard
|-unboost|p2a: Gallade|def|1
|-unboost|p2a: Gallade|spd|1
|faint|p1a: Dard
|
|
|switch|p1a: Battant|Lopunny-Mega, M|272\/272
|-damage|p1a: Battant|255\/272|[from] Stealth Rock
|turn|11
|
|switch|p2a: Landorus-Therian|Landorus-Therian, M|319\/319
|-damage|p2a: Landorus-Therian|280\/319|[from] Stealth Rock
|-ability|p2a: Landorus-Therian|Intimidate|[of] p1a: Battant
|-unboost|p1a: Battant|atk|1
|move|p1a: Battant|Return|p2a: Landorus-Therian
|-damage|p2a: Landorus-Therian|145\/319
|
|turn|12
|
|move|p2a: Landorus-Therian|Earthquake|p1a: Battant
|-damage|p1a: Battant|38\/272
|move|p1a: Battant|Return|p2a: Landorus-Therian
|-damage|p2a: Landorus-Therian|4\/319
|
|turn|13
|
|switch|p1a: Latios|Latios, M|302\/302
|-damage|p1a: Latios|265\/302|[from] Stealth Rock
|move|p2a: Landorus-Therian|Earthquake|p1a: Latios
|-immune|p1a: Latios|[msg]
|
|turn|14
|
|switch|p1a: Guignol|Gengar, M|262\/262
|-damage|p1a: Guignol|230\/262|[from] Stealth Rock
|move|p2a: Landorus-Therian|Earthquake|p1a: Guignol
|-immune|p1a: Guignol|[msg]
|
|turn|15
|
|move|p2a: Landorus-Therian|Earthquake|p1a: Guignol
|-immune|p1a: Guignol|[msg]
|move|p1a: Guignol|Shadow Ball|p2a: Landorus-Therian
|-damage|p2a: Landorus-Therian|0 fnt
|-damage|p1a: Guignol|204\/262|[from] item: Life Orb
|faint|p2a: Landorus-Therian
|
|
|switch|p2a: Gallade|Gallade-Mega, M|226\/277
|-damage|p2a: Gallade|209\/277|[from] Stealth Rock
|turn|16
|
|move|p2a: Gallade|Knock Off|p1a: Guignol
|-supereffective|p1a: Guignol
|-damage|p1a: Guignol|0 fnt
|-enditem|p1a: Guignol|Life Orb|[from] move: Knock Off|[of] p2a: Gallade
|faint|p1a: Guignol
|
|
|switch|p1a: Maitre|Mienshao, F|272\/272
|-damage|p1a: Maitre|255\/272|[from] Stealth Rock
|turn|17
|
|move|p1a: Maitre|U-turn|p2a: Gallade
|-damage|p2a: Gallade|117\/277
|
|switch|p1a: Battant|Lopunny-Mega, M|38\/272
|-damage|p1a: Battant|21\/272|[from] Stealth Rock
|move|p2a: Gallade|Close Combat|p1a: Battant
|-supereffective|p1a: Battant
|-damage|p1a: Battant|0 fnt
|-unboost|p2a: Gallade|def|1
|-unboost|p2a: Gallade|spd|1
|faint|p1a: Battant
|
|
|switch|p1a: Latios|Latios, M|265\/302
|-damage|p1a: Latios|228\/302|[from] Stealth Rock
|turn|18
|
|move|p2a: Gallade|Ice Punch|p1a: Latios
|-supereffective|p1a: Latios
|-damage|p1a: Latios|0 fnt
|faint|p1a: Latios
|
|
|switch|p1a: Maitre|Mienshao, F|272\/272
|-damage|p1a: Maitre|255\/272|[from] Stealth Rock
|turn|19
|
|move|p1a: Maitre|High Jump Kick|p2a: Gallade
|-resisted|p2a: Gallade
|-damage|p2a: Gallade|0 fnt
|faint|p2a: Gallade
|
|
|switch|p2a: Heatran|Heatran, F|386\/386
|-damage|p2a: Heatran|338\/386|[from] Stealth Rock
|turn|20
|
|move|p2a: Heatran|Protect|p2a: Heatran
|-singleturn|p2a: Heatran|Protect
|move|p1a: Maitre|High Jump Kick|p2a: Heatran
|-activate|p2a: Heatran|Protect
|-damage|p1a: Maitre|119\/272|[from] highjumpkick
|
|-heal|p2a: Heatran|362\/386|[from] item: Leftovers
|turn|21
|
|move|p2a: Heatran|Protect|p2a: Heatran
|-fail|p2a: Heatran
|move|p1a: Maitre|High Jump Kick|p2a: Heatran|[miss]
|-miss|p1a: Maitre|p2a: Heatran
|-damage|p1a: Maitre|0 fnt|[from] highjumpkick
|faint|p1a: Maitre
|
|win|michael 666
|raw|Ladder updating...
|c|âmichael 666|gg
|raw|Eckleburg's rating: 1504 &rarr; <strong>1481<\/strong><br \/>(-23 for losing)
|raw|michael 666's rating: 1443 &rarr; <strong>1466<\/strong><br \/>(+23 for winning)
|c|âEckleburg|gg
|leave|Eckleburg
|player|p1