|join|IHateFrogLegs
|join|Eckleburg
|player|p1|IHateFrogLegs|164
|player|p2|Eckleburg|160
|gametype|singles
|gen|6
|tier|OU (suspect test)
|rated
|clearpoke
|poke|p1|Gyarados, M
|poke|p1|Cresselia, F
|poke|p1|Bisharp, M
|poke|p1|Landorus-Therian, M
|poke|p1|Heracross, M
|poke|p1|Heatran, M
|poke|p2|Keldeo-Resolute
|poke|p2|Landorus-Therian, M
|poke|p2|Bisharp, F
|poke|p2|Gardevoir, F
|poke|p2|Magnezone
|poke|p2|Latias, F
|rule|Swagger Clause: Swagger is banned
|rule|Baton Pass Clause: Limit one PokÃ©mon knowing Baton Pass
|rule|Sleep Clause Mod: Limit one foe put to sleep
|rule|Species Clause: Limit one of each PokÃ©mon
|rule|OHKO Clause: OHKO moves are banned
|rule|Moody Clause: Moody is banned
|rule|Evasion Moves Clause: Evasion moves are banned
|rule|Endless Battle Clause: Forcing endless battles is banned
|rule|HP Percentage Mod: HP is shown in percentages
|teampreview
|
|start
|switch|p1a: TheAkwardOne|Heracross, M|307\/307
|switch|p2a: Landorus-Therian|Landorus-Therian, M|319\/319
|-ability|p2a: Landorus-Therian|Intimidate|[of] p1a: TheAkwardOne
|-unboost|p1a: TheAkwardOne|atk|1
|turn|1
|
|detailschange|p1a: TheAkwardOne|Heracross-Mega, M
|-mega|p1a: TheAkwardOne|Heracross|Heracronite
|move|p2a: Landorus-Therian|U-turn|p1a: TheAkwardOne
|-resisted|p1a: TheAkwardOne
|-damage|p1a: TheAkwardOne|270\/307
|
|switch|p2a: Aimant|Magnezone|282\/282
|move|p1a: TheAkwardOne|Bullet Seed|p2a: Aimant
|-resisted|p2a: Aimant
|-damage|p2a: Aimant|269\/282
|-crit|p2a: Aimant
|-resisted|p2a: Aimant
|-damage|p2a: Aimant|241\/282
|-resisted|p2a: Aimant
|-damage|p2a: Aimant|229\/282
|-resisted|p2a: Aimant
|-damage|p2a: Aimant|217\/282
|-resisted|p2a: Aimant
|-damage|p2a: Aimant|204\/282
|-hitcount|p2a: Aimant|5
|
|turn|2
|
|switch|p1a: TheStalker|Heatran, M|385\/385
|move|p2a: Aimant|Volt Switch|p1a: TheStalker
|-damage|p1a: TheStalker|301\/385
|
|switch|p2a: Keldeo-Resolute|Keldeo-Resolute|324\/324
|
|-heal|p1a: TheStalker|325\/385|[from] item: Leftovers
|turn|3
|
|switch|p1a: Harem Leader|Cresselia, F|444\/444
|move|p2a: Keldeo-Resolute|Hydro Pump|p1a: Harem Leader
|-damage|p1a: Harem Leader|275\/444
|-damage|p2a: Keldeo-Resolute|292\/324|[from] item: Life Orb
|
|-heal|p1a: Harem Leader|302\/444|[from] item: Leftovers
|turn|4
|
|move|p2a: Keldeo-Resolute|Hydro Pump|p1a: Harem Leader
|-damage|p1a: Harem Leader|133\/444
|-damage|p2a: Keldeo-Resolute|260\/324|[from] item: Life Orb
|move|p1a: Harem Leader|Moonlight|p1a: Harem Leader
|-heal|p1a: Harem Leader|355\/444
|
|-heal|p1a: Harem Leader|382\/444|[from] item: Leftovers
|turn|5
|
|switch|p2a: Coupe|Bisharp, F|272\/272
|move|p1a: Harem Leader|Moonlight|p1a: Harem Leader
|-heal|p1a: Harem Leader|444\/444
|
|turn|6
|
|move|p2a: Coupe|Pursuit|p1a: Harem Leader|[from]Pursuit
|-supereffective|p1a: Harem Leader
|-damage|p1a: Harem Leader|171\/444
|-damage|p2a: Coupe|245\/272|[from] item: Life Orb
|switch|p1a: TheStalker|Heatran, M|325\/385
|
|-heal|p1a: TheStalker|349\/385|[from] item: Leftovers
|turn|7
|
|switch|p2a: Latias|Latias, F|319\/319
|move|p1a: TheStalker|Stealth Rock|p2a: Latias
|-sidestart|p2: Eckleburg|move: Stealth Rock
|
|-heal|p1a: TheStalker|373\/385|[from] item: Leftovers
|turn|8
|
|switch|p1a: Prince Charming|Bisharp, M|271\/271
|move|p2a: Latias|Draco Meteor|p1a: Prince Charming
|-resisted|p1a: Prince Charming
|-damage|p1a: Prince Charming|107\/271
|-unboost|p2a: Latias|spa|2
|-damage|p2a: Latias|288\/319|[from] item: Life Orb
|
|turn|9
|
|move|p1a: Prince Charming|Sucker Punch|p2a: Latias
|-fail|p2a: Latias
|move|p2a: Latias|Healing Wish|p2a: Latias
|faint|p2a: Latias
|
|
|switch|p2a: Keldeo-Resolute|Keldeo-Resolute|260\/324
|-heal|p2a: Keldeo-Resolute|324\/324|[from] move: Healing Wish
|-damage|p2a: Keldeo-Resolute|304\/324|[from] Stealth Rock
|turn|10
|
|switch|p1a: TheAggressiveOne|Gyarados, M|353\/353
|-ability|p1a: TheAggressiveOne|Intimidate|[of] p2a: Keldeo-Resolute
|-unboost|p2a: Keldeo-Resolute|atk|1
|move|p2a: Keldeo-Resolute|Hydro Pump|p1a: TheAggressiveOne
|-resisted|p1a: TheAggressiveOne
|-damage|p1a: TheAggressiveOne|232\/353
|-damage|p2a: Keldeo-Resolute|272\/324|[from] item: Life Orb
|
|-heal|p1a: TheAggressiveOne|254\/353|[from] item: Leftovers
|turn|11
|
|move|p2a: Keldeo-Resolute|Hidden Power|p1a: TheAggressiveOne
|-supereffective|p1a: TheAggressiveOne
|-damage|p1a: TheAggressiveOne|0 fnt
|-damage|p2a: Keldeo-Resolute|240\/324|[from] item: Life Orb
|faint|p1a: TheAggressiveOne
|
|
|switch|p1a: TheFabulousOne|Landorus-Therian, M|330\/330
|-ability|p1a: TheFabulousOne|Intimidate|[of] p2a: Keldeo-Resolute
|-unboost|p2a: Keldeo-Resolute|atk|1
|turn|12
|
|switch|p2a: Landorus-Therian|Landorus-Therian, M|319\/319
|-damage|p2a: Landorus-Therian|280\/319|[from] Stealth Rock
|-ability|p2a: Landorus-Therian|Intimidate|[of] p1a: TheFabulousOne
|-unboost|p1a: TheFabulousOne|atk|1
|move|p1a: TheFabulousOne|Earthquake|p2a: Landorus-Therian
|-immune|p2a: Landorus-Therian|[msg]
|
|turn|13
|
|switch|p1a: Prince Charming|Bisharp, M|107\/271
|move|p2a: Landorus-Therian|U-turn|p1a: Prince Charming
|-damage|p1a: Prince Charming|14\/271
|
|switch|p2a: Keldeo-Resolute|Keldeo-Resolute|240\/324
|-damage|p2a: Keldeo-Resolute|220\/324|[from] Stealth Rock
|
|turn|14
|
|move|p1a: Prince Charming|Sucker Punch|p2a: Keldeo-Resolute
|-resisted|p2a: Keldeo-Resolute
|-damage|p2a: Keldeo-Resolute|121\/324
|-boost|p2a: Keldeo-Resolute|atk|1|[from] ability: Justified
|move|p2a: Keldeo-Resolute|Icy Wind|p1a: Prince Charming
|-resisted|p1a: Prince Charming
|-damage|p1a: Prince Charming|0 fnt
|-damage|p2a: Keldeo-Resolute|89\/324|[from] item: Life Orb
|faint|p1a: Prince Charming
|
|
|switch|p1a: TheFabulousOne|Landorus-Therian, M|330\/330
|-ability|p1a: TheFabulousOne|Intimidate|[of] p2a: Keldeo-Resolute
|-unboost|p2a: Keldeo-Resolute|atk|1
|turn|15
|
|switch|p2a: Landorus-Therian|Landorus-Therian, M|280\/319
|-damage|p2a: Landorus-Therian|241\/319|[from] Stealth Rock
|-ability|p2a: Landorus-Therian|Intimidate|[of] p1a: TheFabulousOne
|-unboost|p1a: TheFabulousOne|atk|1
|move|p1a: TheFabulousOne|U-turn|p2a: Landorus-Therian
|-resisted|p2a: Landorus-Therian
|-damage|p2a: Landorus-Therian|207\/319
|
|switch|p1a: TheAkwardOne|Heracross-Mega, M|270\/307
|
|turn|16
|
|move|p2a: Landorus-Therian|U-turn|p1a: TheAkwardOne
|-resisted|p1a: TheAkwardOne
|-damage|p1a: TheAkwardOne|233\/307
|
|switch|p2a: Keldeo-Resolute|Keldeo-Resolute|89\/324
|-damage|p2a: Keldeo-Resolute|69\/324|[from] Stealth Rock
|move|p1a: TheAkwardOne|Bullet Seed|p2a: Keldeo-Resolute
|-supereffective|p2a: Keldeo-Resolute
|-damage|p2a: Keldeo-Resolute|0 fnt
|-hitcount|p2a: Keldeo-Resolute|1
|faint|p2a: Keldeo-Resolute
|
|
|switch|p2a: Landorus-Therian|Landorus-Therian, M|207\/319
|-damage|p2a: Landorus-Therian|168\/319|[from] Stealth Rock
|-ability|p2a: Landorus-Therian|Intimidate|[of] p1a: TheAkwardOne
|-unboost|p1a: TheAkwardOne|atk|1
|turn|17
|
|move|p2a: Landorus-Therian|Stone Edge|p1a: TheAkwardOne
|-damage|p1a: TheAkwardOne|113\/307
|move|p1a: TheAkwardOne|Bullet Seed|p2a: Landorus-Therian
|-damage|p2a: Landorus-Therian|135\/319
|-damage|p2a: Landorus-Therian|105\/319
|-damage|p2a: Landorus-Therian|74\/319
|-damage|p2a: Landorus-Therian|45\/319
|-damage|p2a: Landorus-Therian|13\/319
|-hitcount|p2a: Landorus-Therian|5
|
|turn|18
|
|switch|p1a: TheFabulousOne|Landorus-Therian, M|330\/330
|-ability|p1a: TheFabulousOne|Intimidate|[of] p2a: Landorus-Therian
|-unboost|p2a: Landorus-Therian|atk|1
|move|p2a: Landorus-Therian|Stone Edge|p1a: TheFabulousOne|[miss]
|-miss|p2a: Landorus-Therian|p1a: TheFabulousOne
|
|turn|19
|
|move|p2a: Landorus-Therian|Stone Edge|p1a: TheFabulousOne
|-damage|p1a: TheFabulousOne|230\/330
|move|p1a: TheFabulousOne|Superpower|p2a: Landorus-Therian
|-resisted|p2a: Landorus-Therian
|-damage|p2a: Landorus-Therian|0 fnt
|-unboost|p1a: TheFabulousOne|atk|1
|-unboost|p1a: TheFabulousOne|def|1
|faint|p2a: Landorus-Therian
|
|
|switch|p2a: Gardevoir|Gardevoir, F|278\/278
|-damage|p2a: Gardevoir|244\/278|[from] Stealth Rock
|-ability|p2a: Gardevoir|Intimidate|[from] ability: Trace|[of] p1a: TheFabulousOne
|-ability|p2a: Gardevoir|Intimidate|[of] p1a: TheFabulousOne
|-unboost|p1a: TheFabulousOne|atk|1
|turn|20
|
|switch|p1a: Harem Leader|Cresselia, F|171\/444
|detailschange|p2a: Gardevoir|Gardevoir-Mega, F
|-mega|p2a: Gardevoir|Gardevoir|Gardevoirite
|move|p2a: Gardevoir|Focus Blast|p1a: Harem Leader
|-resisted|p1a: Harem Leader
|-damage|p1a: Harem Leader|105\/444
|
|-heal|p1a: Harem Leader|132\/444|[from] item: Leftovers
|turn|21
|
|move|p2a: Gardevoir|Hyper Voice|p1a: Harem Leader
|-damage|p1a: Harem Leader|0 fnt
|faint|p1a: Harem Leader
|
|
|switch|p1a: TheFabulousOne|Landorus-Therian, M|230\/330
|-ability|p1a: TheFabulousOne|Intimidate|[of] p2a: Gardevoir
|-unboost|p2a: Gardevoir|atk|1
|turn|22
|
|move|p1a: TheFabulousOne|Earthquake|p2a: Gardevoir
|-damage|p2a: Gardevoir|0 fnt
|faint|p2a: Gardevoir
|
|c|âIHateFrogLegs|gg
|c|âEckleburg|gg
|
|switch|p2a: Coupe|Bisharp, F|245\/272
|-damage|p2a: Coupe|228\/272|[from] Stealth Rock
|turn|23
|
|switch|p1a: TheStalker|Heatran, M|373\/385
|move|p2a: Coupe|Knock Off|p1a: TheStalker
|-damage|p1a: TheStalker|149\/385
|-enditem|p1a: TheStalker|Leftovers|[from] move: Knock Off|[of] p2a: Coupe
|-damage|p2a: Coupe|201\/272|[from] item: Life Orb
|
|turn|24
|
|move|p2a: Coupe|Sucker Punch|p1a: TheStalker
|-damage|p1a: TheStalker|0 fnt
|-damage|p2a: Coupe|174\/272|[from] item: Life Orb
|faint|p1a: TheStalker
|
|
|switch|p1a: TheFabulousOne|Landorus-Therian, M|230\/330
|-ability|p1a: TheFabulousOne|Intimidate|[of] p2a: Coupe
|-unboost|p2a: Coupe|atk|1
|-boost|p2a: Coupe|atk|2|[from] ability: Defiant
|turn|25
|
|move|p2a: Coupe|Sucker Punch|p1a: TheFabulousOne
|-damage|p1a: TheFabulousOne|0 fnt
|-damage|p2a: Coupe|147\/272|[from] item: Life Orb
|faint|p1a: TheFabulousOne
|
|
|switch|p1a: TheAkwardOne|Heracross-Mega, M|113\/307
|turn|26
|c|âIHateFrogLegs|I always forget about that
|
|move|p2a: Coupe|Sucker Punch|p1a: TheAkwardOne
|-resisted|p1a: TheAkwardOne
|-damage|p1a: TheAkwardOne|0 fnt
|-damage|p2a: Coupe|120\/272|[from] item: Life Orb
|faint|p1a: TheAkwardOne
|
|win|Eckleburg
|raw|Ladder updating...
|raw|IHateFrogLegs's rating: 1405 &rarr; <strong>1391<\/strong><br \/>(-14 for losing)
|raw|Eckleburg's rating: 1517 &rarr; <strong>1531<\/strong><br \/>(+14 for winning)
|c|âIHateFrogLegs|gg
|c|âEckleburg|gg
|leave|IHateFrogLegs
|player|p1