|join|dragon ascending
|join|Eckleburg
|player|p1|dragon ascending|101
|player|p2|Eckleburg|160
|gametype|singles
|gen|6
|tier|OU (suspect test)
|rated
|clearpoke
|poke|p1|Bisharp, M
|poke|p1|Sableye, M
|poke|p1|Skarmory, F
|poke|p1|Slowbro, M
|poke|p1|Chansey, F
|poke|p1|Amoonguss, M
|poke|p2|Keldeo-Resolute
|poke|p2|Landorus-Therian, M
|poke|p2|Bisharp, F
|poke|p2|Gardevoir, F
|poke|p2|Magnezone
|poke|p2|Latias, F
|rule|Swagger Clause: Swagger is banned
|rule|Baton Pass Clause: Limit one PokÃ©mon knowing Baton Pass
|rule|Sleep Clause Mod: Limit one foe put to sleep
|rule|Species Clause: Limit one of each PokÃ©mon
|rule|OHKO Clause: OHKO moves are banned
|rule|Moody Clause: Moody is banned
|rule|Evasion Moves Clause: Evasion moves are banned
|rule|Endless Battle Clause: Forcing endless battles is banned
|rule|HP Percentage Mod: HP is shown in percentages
|teampreview
|
|start
|switch|p1a: Sableye|Sableye, M|304\/304
|switch|p2a: Landorus-Therian|Landorus-Therian, M|319\/319
|-ability|p2a: Landorus-Therian|Intimidate|[of] p1a: Sableye
|-unboost|p1a: Sableye|atk|1
|turn|1
|
|detailschange|p1a: Sableye|Sableye-Mega, M
|-mega|p1a: Sableye|Sableye|Sablenite
|move|p1a: Sableye|Will-O-Wisp|p2a: Landorus-Therian
|-status|p2a: Landorus-Therian|brn
|move|p2a: Landorus-Therian|U-turn|p1a: Sableye
|-damage|p1a: Sableye|263\/304
|
|switch|p2a: Gardevoir|Gardevoir, F|278\/278
|-ability|p2a: Gardevoir|Magic Bounce|[from] ability: Trace|[of] p1a: Sableye
|
|turn|2
|
|switch|p1a: Chansey|Chansey, F|641\/641
|detailschange|p2a: Gardevoir|Gardevoir-Mega, F
|-mega|p2a: Gardevoir|Gardevoir|Gardevoirite
|move|p2a: Gardevoir|Taunt|p1a: Chansey
|-start|p1a: Chansey|move: Taunt
|
|turn|3
|
|move|p2a: Gardevoir|Psyshock|p1a: Chansey
|-damage|p1a: Chansey|392\/641
|move|p1a: Chansey|Seismic Toss|p2a: Gardevoir
|-damage|p2a: Gardevoir|178\/278
|
|turn|4
|
|switch|p2a: Coupe|Bisharp, F|272\/272
|move|p1a: Chansey|Seismic Toss|p2a: Coupe
|-damage|p2a: Coupe|172\/272
|
|turn|5
|
|move|p2a: Coupe|Pursuit|p1a: Chansey|[from]Pursuit
|-damage|p1a: Chansey|145\/641
|-damage|p2a: Coupe|145\/272|[from] item: Life Orb
|switch|p1a: Skarmory|Skarmory, F|334\/334
|
|turn|6
|
|move|p2a: Coupe|Knock Off|p1a: Skarmory
|-damage|p1a: Skarmory|190\/334
|-damage|p2a: Coupe|100\/272|[from] item: Rocky Helmet|[of] p1a: Skarmory
|-enditem|p1a: Skarmory|Rocky Helmet|[from] move: Knock Off|[of] p2a: Coupe
|-damage|p2a: Coupe|73\/272|[from] item: Life Orb
|move|p1a: Skarmory|Spikes|p2a: Coupe
|-sidestart|p2: Eckleburg|Spikes
|
|turn|7
|
|switch|p2a: Aimant|Magnezone|282\/282
|-damage|p2a: Aimant|247\/282|[from] Spikes
|move|p1a: Skarmory|Spikes|p2a: Aimant
|-sidestart|p2: Eckleburg|Spikes
|
|turn|8
|
|move|p2a: Aimant|Thunderbolt|p1a: Skarmory
|-supereffective|p1a: Skarmory
|-damage|p1a: Skarmory|0 fnt
|faint|p1a: Skarmory
|
|
|switch|p1a: Chansey|Chansey, F|145\/641
|turn|9
|
|switch|p2a: Keldeo-Resolute|Keldeo-Resolute|324\/324
|-damage|p2a: Keldeo-Resolute|270\/324|[from] Spikes
|move|p1a: Chansey|Soft-Boiled|p1a: Chansey
|-heal|p1a: Chansey|466\/641
|
|turn|10
|
|switch|p1a: Amoonguss|Amoonguss, M|432\/432
|move|p2a: Keldeo-Resolute|Hidden Power|p1a: Amoonguss
|-resisted|p1a: Amoonguss
|-damage|p1a: Amoonguss|392\/432
|-damage|p2a: Keldeo-Resolute|238\/324|[from] item: Life Orb
|
|-heal|p1a: Amoonguss|419\/432|[from] item: Black Sludge
|turn|11
|
|switch|p2a: Landorus-Therian|Landorus-Therian, M|319\/319 brn
|-ability|p2a: Landorus-Therian|Intimidate|[of] p1a: Amoonguss
|-unboost|p1a: Amoonguss|atk|1
|move|p1a: Amoonguss|Spore|p2a: Landorus-Therian
|-fail|p2a: Landorus-Therian
|
|-heal|p1a: Amoonguss|432\/432|[from] item: Black Sludge
|-damage|p2a: Landorus-Therian|280\/319 brn|[from] brn
|turn|12
|
|switch|p1a: Sableye|Sableye-Mega, M|263\/304
|move|p2a: Landorus-Therian|Knock Off|p1a: Sableye
|-damage|p1a: Sableye|227\/304
|
|-damage|p2a: Landorus-Therian|241\/319 brn|[from] brn
|turn|13
|
|move|p2a: Landorus-Therian|Knock Off|p1a: Sableye
|-damage|p1a: Sableye|193\/304
|move|p1a: Sableye|Will-O-Wisp|p2a: Landorus-Therian|[miss]
|-miss|p1a: Sableye|p2a: Landorus-Therian
|
|-damage|p2a: Landorus-Therian|202\/319 brn|[from] brn
|turn|14
|
|switch|p2a: Latias|Latias, F|319\/319
|move|p1a: Sableye|Will-O-Wisp|p2a: Latias
|-status|p2a: Latias|brn
|
|-damage|p2a: Latias|280\/319 brn|[from] brn
|turn|15
|
|switch|p1a: Bisharp|Bisharp, M|271\/271
|move|p2a: Latias|Draco Meteor|p1a: Bisharp
|-resisted|p1a: Bisharp
|-damage|p1a: Bisharp|115\/271
|-unboost|p2a: Latias|spa|2
|-damage|p2a: Latias|249\/319 brn|[from] item: Life Orb
|
|-heal|p1a: Bisharp|131\/271|[from] item: Leftovers
|-damage|p2a: Latias|210\/319 brn|[from] brn
|turn|16
|
|move|p2a: Latias|Healing Wish|p2a: Latias
|faint|p2a: Latias
|move|p1a: Bisharp|Knock Off|p2: Latias|[notarget]
|-notarget
|
|-heal|p1a: Bisharp|147\/271|[from] item: Leftovers
|
|switch|p2a: Gardevoir|Gardevoir-Mega, F|178\/278
|-heal|p2a: Gardevoir|278\/278|[from] move: Healing Wish
|-damage|p2a: Gardevoir|232\/278|[from] Spikes
|turn|17
|
|switch|p2a: Coupe|Bisharp, F|73\/272
|-damage|p2a: Coupe|28\/272|[from] Spikes
|move|p1a: Bisharp|Sucker Punch|p2a: Coupe
|-fail|p2a: Coupe
|
|-heal|p1a: Bisharp|163\/271|[from] item: Leftovers
|turn|18
|
|move|p1a: Bisharp|Sucker Punch|p2a: Coupe
|-resisted|p2a: Coupe
|-damage|p2a: Coupe|0 fnt
|faint|p2a: Coupe
|
|-heal|p1a: Bisharp|179\/271|[from] item: Leftovers
|
|switch|p2a: Aimant|Magnezone|247\/282
|-damage|p2a: Aimant|200\/282|[from] Spikes
|turn|19
|
|move|p1a: Bisharp|Sucker Punch|p2a: Aimant
|-damage|p2a: Aimant|67\/282
|move|p2a: Aimant|Thunderbolt|p1a: Bisharp
|-damage|p1a: Bisharp|0 fnt
|faint|p1a: Bisharp
|
|
|switch|p1a: Chansey|Chansey, F|466\/641
|turn|20
|
|switch|p2a: Landorus-Therian|Landorus-Therian, M|202\/319 brn
|-ability|p2a: Landorus-Therian|Intimidate|[of] p1a: Chansey
|-unboost|p1a: Chansey|atk|1
|move|p1a: Chansey|Soft-Boiled|p1a: Chansey
|-heal|p1a: Chansey|641\/641
|
|-damage|p2a: Landorus-Therian|163\/319 brn|[from] brn
|turn|21
|
|switch|p1a: Slowbro|Slowbro, M|394\/394
|move|p2a: Landorus-Therian|U-turn|p1a: Slowbro
|-supereffective|p1a: Slowbro
|-damage|p1a: Slowbro|328\/394
|-damage|p2a: Landorus-Therian|110\/319 brn|[from] item: Rocky Helmet|[of] p1a: Slowbro
|
|switch|p2a: Gardevoir|Gardevoir-Mega, F|232\/278
|-damage|p2a: Gardevoir|186\/278|[from] Spikes
|
|turn|22
|
|switch|p1a: Sableye|Sableye-Mega, M|193\/304
|move|p2a: Gardevoir|Taunt|p1a: Sableye
|move|p1a: Sableye|Taunt|p2a: Gardevoir|[from]Magic Bounce
|-start|p2a: Gardevoir|move: Taunt
|
|turn|23
|
|move|p2a: Gardevoir|Psyshock|p1a: Sableye
|-immune|p1a: Sableye|[msg]
|move|p1a: Sableye|Dark Pulse|p2a: Gardevoir
|-damage|p2a: Gardevoir|123\/278
|
|turn|24
|
|move|p2a: Gardevoir|Psyshock|p1a: Sableye
|-immune|p1a: Sableye|[msg]
|move|p1a: Sableye|Dark Pulse|p2a: Gardevoir
|-damage|p2a: Gardevoir|54\/278
|
|turn|25
|
|switch|p1a: Chansey|Chansey, F|641\/641
|move|p2a: Gardevoir|Hyper Voice|p1a: Chansey
|-damage|p1a: Chansey|494\/641
|
|-end|p2a: Gardevoir|move: Taunt
|turn|26
|
|switch|p2a: Landorus-Therian|Landorus-Therian, M|110\/319 brn
|-ability|p2a: Landorus-Therian|Intimidate|[of] p1a: Chansey
|-unboost|p1a: Chansey|atk|1
|move|p1a: Chansey|Seismic Toss|p2a: Landorus-Therian
|-damage|p2a: Landorus-Therian|10\/319 brn
|
|-damage|p2a: Landorus-Therian|0 fnt|[from] brn
|faint|p2a: Landorus-Therian
|
|switch|p2a: Keldeo-Resolute|Keldeo-Resolute|238\/324
|-damage|p2a: Keldeo-Resolute|184\/324|[from] Spikes
|turn|27
|
|switch|p1a: Amoonguss|Amoonguss, M|432\/432
|move|p2a: Keldeo-Resolute|Secret Sword|p1a: Amoonguss
|-resisted|p1a: Amoonguss
|-damage|p1a: Amoonguss|301\/432
|-damage|p2a: Keldeo-Resolute|152\/324|[from] item: Life Orb
|
|-heal|p1a: Amoonguss|328\/432|[from] item: Black Sludge
|turn|28
|
|move|p2a: Keldeo-Resolute|Icy Wind|p1a: Amoonguss
|-miss|p2a: Keldeo-Resolute|p1a: Amoonguss
|move|p1a: Amoonguss|Giga Drain|p2a: Keldeo-Resolute
|-supereffective|p2a: Keldeo-Resolute
|-damage|p2a: Keldeo-Resolute|0 fnt
|-heal|p1a: Amoonguss|404\/432|[from] drain|[of] p2a: Keldeo-Resolute
|faint|p2a: Keldeo-Resolute
|
|-heal|p1a: Amoonguss|431\/432|[from] item: Black Sludge
|
|switch|p2a: Gardevoir|Gardevoir-Mega, F|54\/278
|-damage|p2a: Gardevoir|8\/278|[from] Spikes
|turn|29
|
|switch|p1a: Sableye|Sableye-Mega, M|193\/304
|move|p2a: Gardevoir|Psyshock|p1a: Sableye
|-immune|p1a: Sableye|[msg]
|
|turn|30
|
|move|p2a: Gardevoir|Hyper Voice|p1a: Sableye
|-supereffective|p1a: Sableye
|-damage|p1a: Sableye|0 fnt
|faint|p1a: Sableye
|
|
|switch|p1a: Chansey|Chansey, F|494\/641
|turn|31
|
|move|p2a: Gardevoir|Psyshock|p1a: Chansey
|-damage|p1a: Chansey|229\/641
|move|p1a: Chansey|Seismic Toss|p2a: Gardevoir
|-damage|p2a: Gardevoir|0 fnt
|faint|p2a: Gardevoir
|
|
|switch|p2a: Aimant|Magnezone|67\/282
|-damage|p2a: Aimant|20\/282|[from] Spikes
|turn|32
|
|move|p2a: Aimant|Thunderbolt|p1a: Chansey
|-damage|p1a: Chansey|139\/641
|move|p1a: Chansey|Seismic Toss|p2a: Aimant
|-damage|p2a: Aimant|0 fnt
|faint|p2a: Aimant
|
|win|dragon ascending
|raw|Ladder updating...
|raw|dragon ascending's rating: 1412 &rarr; <strong>1431<\/strong><br \/>(+19 for winning)
|raw|Eckleburg's rating: 1402 &rarr; <strong>1382<\/strong><br \/>(-20 for losing)
|leave|Eckleburg