|join|Galvantula Tank
|join|Eckleburg
|player|p1|Galvantula Tank|290
|player|p2|Eckleburg|160
|gametype|singles
|gen|6
|tier|OU (suspect test)
|rated
|clearpoke
|poke|p1|Altaria, M, shiny
|poke|p1|Heatran, M, shiny
|poke|p1|Thundurus, M
|poke|p1|Ferrothorn, M
|poke|p1|Crawdaunt, M, shiny
|poke|p1|Mew, shiny
|poke|p2|Manaphy
|poke|p2|Kingdra, M
|poke|p2|Swampert, M
|poke|p2|Celebi
|poke|p2|Politoed, F
|poke|p2|Klefki, F
|rule|Swagger Clause: Swagger is banned
|rule|Baton Pass Clause: Limit one PokÃ©mon knowing Baton Pass
|rule|Sleep Clause Mod: Limit one foe put to sleep
|rule|Species Clause: Limit one of each PokÃ©mon
|rule|OHKO Clause: OHKO moves are banned
|rule|Moody Clause: Moody is banned
|rule|Evasion Moves Clause: Evasion moves are banned
|rule|Endless Battle Clause: Forcing endless battles is banned
|rule|HP Percentage Mod: HP is shown in percentages
|teampreview
|
|start
|switch|p1a: Snob|Thundurus, M|299\/299
|switch|p2a: Celebi|Celebi|404\/404
|turn|1
|
|move|p1a: Snob|Dark Pulse|p2a: Celebi
|-supereffective|p2a: Celebi
|-damage|p2a: Celebi|225\/404
|-damage|p1a: Snob|270\/299|[from] item: Life Orb
|cant|p2a: Celebi|flinch
|
|-heal|p2a: Celebi|250\/404|[from] item: Leftovers
|turn|2
|
|move|p1a: Snob|Dark Pulse|p2a: Celebi
|-supereffective|p2a: Celebi
|-damage|p2a: Celebi|68\/404
|-damage|p1a: Snob|241\/299|[from] item: Life Orb
|move|p2a: Celebi|Stealth Rock|p1a: Snob
|-sidestart|p1: Galvantula Tank|move: Stealth Rock
|
|-heal|p2a: Celebi|93\/404|[from] item: Leftovers
|turn|3
|
|switch|p2a: Pluie|Politoed, F|384\/384
|-weather|RainDance
|move|p1a: Snob|Dark Pulse|p2a: Pluie
|-damage|p2a: Pluie|287\/384
|-damage|p1a: Snob|212\/299|[from] item: Life Orb
|
|-weather|RainDance|[upkeep]
|turn|4
|
|switch|p2a: Klefki|Klefki, F|318\/318
|move|p1a: Snob|Volt Switch|p2a: Klefki
|-damage|p2a: Klefki|149\/318
|-damage|p1a: Snob|183\/299|[from] item: Life Orb
|
|switch|p1a: Everybody|Mew, shiny|404\/404
|-damage|p1a: Everybody|354\/404|[from] Stealth Rock
|
|-weather|RainDance|[upkeep]
|-heal|p1a: Everybody|379\/404|[from] item: Leftovers
|turn|5
|
|move|p2a: Klefki|Reflect|p2a: Klefki
|-sidestart|p2: Eckleburg|Reflect
|move|p1a: Everybody|Defog|p2a: Klefki
|-unboost|p2a: Klefki|evasion|1
|-sideend|p2: Eckleburg|Reflect
|-sideend|p2: Eckleburg|Reflect|[from] move: Defog|[of] p2a: Klefki
|-sideend|p1: Galvantula Tank|Stealth Rock|[from] move: Defog|[of] p1a: Everybody
|
|-weather|RainDance|[upkeep]
|-heal|p1a: Everybody|404\/404|[from] item: Leftovers
|turn|6
|
|move|p2a: Klefki|Reflect|p2a: Klefki
|-sidestart|p2: Eckleburg|Reflect
|move|p1a: Everybody|Psychic|p2a: Klefki
|-resisted|p2a: Klefki
|-damage|p2a: Klefki|93\/318
|
|-weather|RainDance|[upkeep]
|turn|7
|
|switch|p2a: Manaphy|Manaphy|404\/404
|move|p1a: Everybody|Psychic|p2a: Manaphy
|-damage|p2a: Manaphy|305\/404
|
|-weather|RainDance|[upkeep]
|-heal|p2a: Manaphy|330\/404|[from] item: Leftovers
|turn|8
|
|move|p2a: Manaphy|Tail Glow|p2a: Manaphy
|-boost|p2a: Manaphy|spa|3
|move|p1a: Everybody|Defog|p2a: Manaphy
|-unboost|p2a: Manaphy|evasion|1
|-sideend|p2: Eckleburg|Reflect
|-sideend|p2: Eckleburg|Reflect|[from] move: Defog|[of] p2a: Manaphy
|
|-weather|RainDance|[upkeep]
|-heal|p2a: Manaphy|355\/404|[from] item: Leftovers
|turn|9
|
|move|p2a: Manaphy|Scald|p1a: Everybody
|-damage|p1a: Everybody|0 fnt
|faint|p1a: Everybody
|
|-weather|RainDance|[upkeep]
|-heal|p2a: Manaphy|380\/404|[from] item: Leftovers
|
|switch|p1a: Snob|Thundurus, M|183\/299
|turn|10
|
|move|p1a: Snob|Volt Switch|p2a: Manaphy
|-supereffective|p2a: Manaphy
|-damage|p2a: Manaphy|45\/404
|-damage|p1a: Snob|154\/299|[from] item: Life Orb
|
|switch|p1a: Bulk Monster|Ferrothorn, M|352\/352
|move|p2a: Manaphy|Scald|p1a: Bulk Monster
|-resisted|p1a: Bulk Monster
|-damage|p1a: Bulk Monster|145\/352
|
|-weather|none
|-heal|p2a: Manaphy|70\/404|[from] item: Leftovers
|-heal|p1a: Bulk Monster|167\/352|[from] item: Leftovers
|turn|11
|
|move|p2a: Manaphy|Ice Beam|p1a: Bulk Monster
|-damage|p1a: Bulk Monster|0 fnt
|faint|p1a: Bulk Monster
|
|-heal|p2a: Manaphy|95\/404|[from] item: Leftovers
|
|switch|p1a: Snob|Thundurus, M|154\/299
|turn|12
|
|switch|p2a: Cheneau|Swampert, M|367\/367
|move|p1a: Snob|Dark Pulse|p2a: Cheneau
|-damage|p2a: Cheneau|238\/367
|-damage|p1a: Snob|125\/299|[from] item: Life Orb
|
|turn|13
|
|detailschange|p2a: Cheneau|Swampert-Mega, M
|-mega|p2a: Cheneau|Swampert|Swampertite
|move|p1a: Snob|Dark Pulse|p2a: Cheneau
|-damage|p2a: Cheneau|129\/367
|-damage|p1a: Snob|96\/299|[from] item: Life Orb
|cant|p2a: Cheneau|flinch
|
|turn|14
|
|move|p1a: Snob|Dark Pulse|p2a: Cheneau
|-damage|p2a: Cheneau|17\/367
|-damage|p1a: Snob|67\/299|[from] item: Life Orb
|cant|p2a: Cheneau|flinch
|
|turn|15
|c|âEckleburg|lel
|c|âGalvantula Tank|hax god
|
|switch|p2a: Pluie|Politoed, F|287\/384
|-weather|RainDance
|move|p1a: Snob|Dark Pulse|p2a: Pluie
|-damage|p2a: Pluie|191\/384
|-damage|p1a: Snob|38\/299|[from] item: Life Orb
|
|-weather|RainDance|[upkeep]
|turn|16
|
|move|p1a: Snob|Volt Switch|p2a: Pluie
|-supereffective|p2a: Pluie
|-damage|p2a: Pluie|0 fnt
|-damage|p1a: Snob|9\/299|[from] item: Life Orb
|faint|p2a: Pluie
|
|switch|p1a: Sgt. Lobster|Crawdaunt, M, shiny|267\/267
|
|-weather|RainDance|[upkeep]
|
|switch|p2a: Klefki|Klefki, F|93\/318
|turn|17
|c|âGalvantula Tank|!data klefki
|c|~|\/data-pokemon Klefki

|
|move|p1a: Sgt. Lobster|Aqua Jet|p2a: Klefki
|-damage|p2a: Klefki|0 fnt
|faint|p2a: Klefki
|
|-weather|RainDance|[upkeep]
|
|switch|p2a: Kingdra|Kingdra, M|291\/291
|turn|18
|
|move|p2a: Kingdra|Draco Meteor|p1a: Sgt. Lobster
|-enditem|p1a: Sgt. Lobster|Focus Sash
|-damage|p1a: Sgt. Lobster|1\/267
|-unboost|p2a: Kingdra|spa|2
|-damage|p2a: Kingdra|262\/291|[from] item: Life Orb
|move|p1a: Sgt. Lobster|Knock Off|p2a: Kingdra
|-damage|p2a: Kingdra|16\/291
|-enditem|p2a: Kingdra|Life Orb|[from] move: Knock Off|[of] p1a: Sgt. Lobster
|
|-weather|RainDance|[upkeep]
|turn|19
|
|move|p1a: Sgt. Lobster|Aqua Jet|p2a: Kingdra
|-resisted|p2a: Kingdra
|-damage|p2a: Kingdra|0 fnt
|faint|p2a: Kingdra
|
|-weather|RainDance|[upkeep]
|c|âGalvantula Tank|i think ur rain is being used against u
|
|switch|p2a: Celebi|Celebi|93\/404
|turn|20
|c|âEckleburg|kinda
|
|move|p1a: Sgt. Lobster|Aqua Jet|p2a: Celebi
|-resisted|p2a: Celebi
|-damage|p2a: Celebi|19\/404
|move|p2a: Celebi|Healing Wish|p2a: Celebi
|faint|p2a: Celebi
|
|-weather|RainDance|[upkeep]
|
|switch|p2a: Manaphy|Manaphy|95\/404
|-heal|p2a: Manaphy|404\/404|[from] move: Healing Wish
|turn|21
|
|move|p2a: Manaphy|Scald|p1a: Sgt. Lobster
|-resisted|p1a: Sgt. Lobster
|-damage|p1a: Sgt. Lobster|0 fnt
|faint|p1a: Sgt. Lobster
|
|-weather|RainDance|[upkeep]
|
|switch|p1a: Snob|Thundurus, M|9\/299
|turn|22
|
|move|p1a: Snob|Volt Switch|p2a: Manaphy
|-supereffective|p2a: Manaphy
|-damage|p2a: Manaphy|108\/404
|-damage|p1a: Snob|0 fnt|[from] item: Life Orb
|faint|p1a: Snob
|move|p2a: Manaphy|Tail Glow|p2a: Manaphy
|-boost|p2a: Manaphy|spa|3
|
|-weather|none
|-heal|p2a: Manaphy|133\/404|[from] item: Leftovers
|
|switch|p1a: Nimbus|Altaria, M, shiny|291\/291
|turn|23
|
|detailschange|p1a: Nimbus|Altaria-Mega, M, shiny
|-mega|p1a: Nimbus|Altaria|Altarianite
|move|p1a: Nimbus|Return|p2a: Manaphy
|-damage|p2a: Manaphy|0 fnt
|faint|p2a: Manaphy
|
|c|âGalvantula Tank|gg
|
|switch|p2a: Cheneau|Swampert-Mega, M|17\/367
|turn|24
|c|âEckleburg|gg
|
|move|p1a: Nimbus|Return|p2a: Cheneau
|-crit|p2a: Cheneau
|-damage|p2a: Cheneau|0 fnt
|faint|p2a: Cheneau
|
|win|Galvantula Tank
|raw|Ladder updating...
|raw|Galvantula Tank's rating: 1211 &rarr; <strong>1243<\/strong><br \/>(+32 for winning)
|raw|Eckleburg's rating: 1321 &rarr; <strong>1295<\/strong><br \/>(-26 for losing)
|leave|Eckleburg
|player|p2