|join|johnwwalton
|join|Eckleburg
|player|p1|johnwwalton|49
|player|p2|Eckleburg|160
|gametype|singles
|gen|6
|tier|OU (suspect test)
|rated
|clearpoke
|poke|p1|Zoroark, M
|poke|p1|Pidgeot, M
|poke|p1|Chansey, F
|poke|p1|Hippowdon, M
|poke|p1|Throh, M
|poke|p1|Ambipom, M
|poke|p2|Thundurus-Therian, M
|poke|p2|Kingdra, M
|poke|p2|Swampert, M
|poke|p2|Azumarill, F
|poke|p2|Politoed, F
|poke|p2|Ferrothorn, M
|rule|Swagger Clause: Swagger is banned
|rule|Baton Pass Clause: Limit one PokÃ©mon knowing Baton Pass
|rule|Sleep Clause Mod: Limit one foe put to sleep
|rule|Species Clause: Limit one of each PokÃ©mon
|rule|OHKO Clause: OHKO moves are banned
|rule|Moody Clause: Moody is banned
|rule|Evasion Moves Clause: Evasion moves are banned
|rule|Endless Battle Clause: Forcing endless battles is banned
|rule|HP Percentage Mod: HP is shown in percentages
|teampreview
|
|start
|switch|p1a: Ambipom|Ambipom, M|262\/262
|switch|p2a: Pluie|Politoed, F|384\/384
|-weather|RainDance
|turn|1
|
|move|p1a: Ambipom|Flamethrower|p2a: Pluie
|-resisted|p2a: Pluie
|-damage|p2a: Pluie|350\/384
|-status|p2a: Pluie|brn
|move|p2a: Pluie|Scald|p1a: Ambipom
|replace|p1a: Zoroark|Zoroark, M|262\/262
|-damage|p1a: Zoroark|63\/262
|-status|p1a: Zoroark|brn
|
|-weather|RainDance|[upkeep]
|-damage|p1a: Zoroark|31\/262 brn|[from] brn
|-damage|p2a: Pluie|302\/384 brn|[from] brn
|turn|2
|
|switch|p1a: Chansey|Chansey, F|704\/704
|move|p2a: Pluie|Scald|p1a: Chansey
|-damage|p1a: Chansey|644\/704
|
|-weather|RainDance|[upkeep]
|-damage|p2a: Pluie|254\/384 brn|[from] brn
|turn|3
|
|switch|p2a: Balise|Azumarill, F|404\/404
|move|p1a: Chansey|Protect|p1a: Chansey
|-fail|p1a: Chansey
|
|-weather|RainDance|[upkeep]
|turn|4
|
|switch|p1a: Throh|Throh, M|444\/444
|-ability|p1a: Throh|Mold Breaker
|move|p2a: Balise|Knock Off|p1a: Throh
|-resisted|p1a: Throh
|-damage|p1a: Throh|333\/444
|-enditem|p1a: Throh|Leftovers|[from] move: Knock Off|[of] p2a: Balise
|
|-weather|RainDance|[upkeep]
|turn|5
|
|switch|p2a: Thundurus-Therian|Thundurus-Therian, M|299\/299
|move|p1a: Throh|Knock Off|p2a: Thundurus-Therian
|-damage|p2a: Thundurus-Therian|146\/299
|-enditem|p2a: Thundurus-Therian|Choice Scarf|[from] move: Knock Off|[of] p1a: Throh
|
|-weather|RainDance|[upkeep]
|turn|6
|
|move|p2a: Thundurus-Therian|Psychic|p1a: Throh
|-supereffective|p1a: Throh
|-damage|p1a: Throh|43\/444
|move|p1a: Throh|Ice Punch|p2a: Thundurus-Therian
|-supereffective|p2a: Thundurus-Therian
|-damage|p2a: Thundurus-Therian|0 fnt
|faint|p2a: Thundurus-Therian
|
|-weather|RainDance|[upkeep]
|
|switch|p2a: Maree|Kingdra, M|291\/291
|turn|7
|
|move|p2a: Maree|Waterfall|p1a: Throh
|-damage|p1a: Throh|0 fnt
|-damage|p2a: Maree|262\/291|[from] item: Life Orb
|faint|p1a: Throh
|
|-weather|RainDance|[upkeep]
|
|switch|p1a: Ambipom|Ambipom, M|292\/292
|turn|8
|
|switch|p2a: Epine|Ferrothorn, M|352\/352
|move|p1a: Ambipom|Fake Out|p2a: Epine
|-resisted|p2a: Epine
|-damage|p2a: Epine|317\/352
|-damage|p1a: Ambipom|256\/292|[from] ability: Iron Barbs|[of] p2a: Epine
|-damage|p1a: Ambipom|227\/292|[from] item: Life Orb
|
|-weather|none
|-heal|p2a: Epine|339\/352|[from] item: Leftovers
|turn|9
|
|move|p1a: Ambipom|Double Hit|p2a: Epine
|-resisted|p2a: Epine
|-damage|p2a: Epine|310\/352
|-damage|p1a: Ambipom|191\/292|[from] ability: Iron Barbs|[of] p2a: Epine
|-resisted|p2a: Epine
|-damage|p2a: Epine|283\/352
|-damage|p1a: Ambipom|155\/292|[from] ability: Iron Barbs|[of] p2a: Epine
|-hitcount|p2a: Epine|2
|-damage|p1a: Ambipom|126\/292|[from] item: Life Orb
|move|p2a: Epine|Stealth Rock|p1a: Ambipom
|-sidestart|p1: johnwwalton|move: Stealth Rock
|
|-heal|p2a: Epine|305\/352|[from] item: Leftovers
|turn|10
|-message|johnwwalton forfeited.
|
|win|Eckleburg
|raw|Ladder updating...
|leave|johnwwalton
|player|p1
|raw|johnwwalton's rating: 1156 &rarr; <strong>1137<\/strong><br \/>(-19 for losing)
|raw|Eckleburg's rating: 1243 &rarr; <strong>1262<\/strong><br \/>(+19 for winning)