|join|CyMoahk
|join|peere
|player|p1|CyMoahk|262
|player|p2|peere|97
|gametype|singles
|gen|6
|tier|UU
|rated
|rule|Sleep Clause Mod: Limit one foe put to sleep
|rule|Species Clause: Limit one of each Pokemon
|rule|OHKO Clause: OHKO moves are banned
|rule|Moody Clause: Moody is banned
|rule|Evasion Moves Clause: Evasion moves are banned
|rule|Endless Battle Clause: Forcing endless battles is banned.
|rule|HP Percentage Mod: HP is reported as percentages
|clearpoke
|poke|p1|Arcanine, F
|poke|p1|Entei, shiny
|poke|p1|Houndoom, F
|poke|p1|Ninetales, M
|poke|p1|Rotom-Heat
|poke|p1|Torkoal, F
|poke|p2|Gligar, M
|poke|p2|Victini
|poke|p2|Ampharos, F
|poke|p2|Escavalier, F
|poke|p2|Roserade, F
|poke|p2|Starmie
|teampreview
|
|start
|switch|p1a: Rotom-Heat|Rotom-Heat|241\/241
|switch|p2a: Ampharos|Ampharos, F|383\/383
|turn|1
|
|detailschange|p2a: Ampharos|Ampharos-Mega, F
|message|Ampharos has Mega Evolved into Mega Ampharos!
|-ability|p2a: Ampharos|Mold Breaker
|move|p1a: Rotom-Heat|Volt Switch|p2a: Ampharos
|-resisted|p2a: Ampharos
|-damage|p2a: Ampharos|365\/383
|
|switch|p1a: Ninetales|Ninetales, M|288\/288
|move|p2a: Ampharos|Volt Switch|p1a: Ninetales
|-damage|p1a: Ninetales|195\/288
|
|switch|p2a: Starmie|Starmie|261\/261
|
|turn|2
|
|move|p2a: Starmie|Hydro Pump|p1a: Ninetales
|-supereffective|p1a: Ninetales
|-damage|p1a: Ninetales|0 fnt
|-damage|p2a: Starmie|235\/261|[from] item: Life Orb
|faint|p1a: Ninetales
|
|
|switch|p1a: Rotom-Heat|Rotom-Heat|241\/241
|turn|3
|
|switch|p2a: Gligar|Gligar, M|334\/334
|move|p1a: Rotom-Heat|Volt Switch|p2a: Gligar
|-immune|p2a: Gligar|[msg]
|
|turn|4
|
|switch|p1a: Torkoal|Torkoal, F|282\/282
|move|p2a: Gligar|Earthquake|p1a: Torkoal
|-supereffective|p1a: Torkoal
|-damage|p1a: Torkoal|138\/282
|
|-heal|p1a: Torkoal|155\/282|[from] item: Leftovers
|turn|5
|
|move|p2a: Gligar|Earthquake|p1a: Torkoal
|-crit|p1a: Torkoal
|-supereffective|p1a: Torkoal
|-damage|p1a: Torkoal|0 fnt
|faint|p1a: Torkoal
|
|
|switch|p1a: Entei|Entei, shiny|434\/434
|-ability|p1a: Entei|Pressure
|turn|6
|
|move|p1a: Entei|Stone Edge|p2a: Gligar
|-damage|p2a: Gligar|273\/334
|move|p2a: Gligar|Earthquake|p1a: Entei
|-supereffective|p1a: Entei
|-damage|p1a: Entei|192\/434
|
|turn|7
|
|move|p1a: Entei|Flare Blitz|p2a: Gligar
|-damage|p2a: Gligar|164\/334
|-damage|p1a: Entei|156\/434|[from] recoil|[of] p2a: Gligar
|move|p2a: Gligar|Earthquake|p1a: Entei
|-supereffective|p1a: Entei
|-damage|p1a: Entei|0 fnt
|faint|p1a: Entei
|
|
|switch|p1a: Houndoom|Houndoom, F|291\/291
|turn|8
|
|switch|p2a: Ampharos|Ampharos-Mega, F|365\/383
|-ability|p2a: Ampharos|Mold Breaker
|detailschange|p1a: Houndoom|Houndoom-Mega, F
|message|Houndoom has Mega Evolved into Mega Houndoom!
|move|p1a: Houndoom|Flamethrower|p2a: Ampharos
|-resisted|p2a: Ampharos
|-damage|p2a: Ampharos|301\/383
|
|turn|9
|
|move|p1a: Houndoom|Dark Pulse|p2a: Ampharos
|-damage|p2a: Ampharos|199\/383
|move|p2a: Ampharos|Dragon Pulse|p1a: Houndoom
|-damage|p1a: Houndoom|117\/291
|
|turn|10
|
|move|p1a: Houndoom|Dark Pulse|p2a: Ampharos
|-damage|p2a: Ampharos|81\/383
|move|p2a: Ampharos|Rest|p2a: Ampharos
|-status|p2a: Ampharos|slp
|-heal|p2a: Ampharos|383\/383 slp|[silent]
|-status|p2a: Ampharos|slp|[from] move: Rest
|
|turn|11
|
|move|p1a: Houndoom|Dark Pulse|p2a: Ampharos
|-damage|p2a: Ampharos|275\/383 slp
|cant|p2a: Ampharos|slp
|move|p2a: Ampharos|Sleep Talk|p2a: Ampharos
|move|p2a: Ampharos|Volt Switch|p1a: Houndoom|[from]Sleep Talk
|-damage|p1a: Houndoom|0 fnt
|faint|p1a: Houndoom
|
|switch|p2a: Roserade|Roserade, F|302\/302
|
|
|switch|p1a: Arcanine|Arcanine, F|384\/384
|-ability|p1a: Arcanine|Intimidate|[of] p2a: Roserade
|-unboost|p2a: Roserade|atk|1
|turn|12
|
|move|p2a: Roserade|Sludge Bomb|p1a: Arcanine
|-damage|p1a: Arcanine|77\/384
|move|p1a: Arcanine|Flare Blitz|p2a: Roserade
|-supereffective|p2a: Roserade
|-damage|p2a: Roserade|0 fnt
|-damage|p1a: Arcanine|0 fnt|[from] recoil|[of] p2a: Roserade
|faint|p2a: Roserade
|faint|p1a: Arcanine
|
|
|switch|p1a: Rotom-Heat|Rotom-Heat|241\/241
|switch|p2a: Starmie|Starmie|235\/261
|turn|13
|
|move|p1a: Rotom-Heat|Trick|p2a: Starmie
|-activate|p1a: Rotom-Heat|move: Trick|[of] p2a: Starmie
|-item|p2a: Starmie|Choice Scarf|[from] move: Trick
|-item|p1a: Rotom-Heat|Life Orb|[from] move: Trick
|move|p2a: Starmie|Psyshock|p1a: Rotom-Heat
|-damage|p1a: Rotom-Heat|103\/241
|
|turn|14
|
|move|p2a: Starmie|Psyshock|p1a: Rotom-Heat
|-damage|p1a: Rotom-Heat|0 fnt
|faint|p1a: Rotom-Heat
|
|win|peere
|raw|Ladder updating...
|raw|CyMoahk's rating: 1169 &rarr; <strong>1147<\/strong><br \/>(-22 for losing)
|raw|peere's rating: 1211 &rarr; <strong>1233<\/strong><br \/>(+22 for winning)