|join|peere
|join|HailHydreigon
|player|p1|peere|97
|player|p2|HailHydreigon|1
|gametype|singles
|gen|6
|tier|UU
|rated
|rule|Sleep Clause Mod: Limit one foe put to sleep
|rule|Species Clause: Limit one of each PokÃ©mon
|rule|OHKO Clause: OHKO moves are banned
|rule|Moody Clause: Moody is banned
|rule|Evasion Moves Clause: Evasion moves are banned
|rule|Endless Battle Clause: Forcing endless battles is banned
|rule|HP Percentage Mod: HP is shown in percentages
|clearpoke
|poke|p1|Roserade, F
|poke|p1|Diancie
|poke|p1|Gligar, F
|poke|p1|Empoleon, M
|poke|p1|Beedrill, F
|poke|p1|Bronzong
|poke|p2|Flygon, M
|poke|p2|Haxorus, F
|poke|p2|Magneton
|poke|p2|Nidoqueen, F
|poke|p2|Froslass, F
|poke|p2|Porygon2
|rule|Swagger Clause: Swagger is banned
|rule|Baton Pass Clause: Limit one PokÃ©mon knowing Baton Pass
|teampreview
|
|start
|switch|p1a: Beedrill|Beedrill, F|271\/271
|switch|p2a: Magneton|Magneton|273\/273
|-item|p2a: Magneton|Air Balloon
|turn|1
|
|detailschange|p1a: Beedrill|Beedrill-Mega, F
|-mega|p1a: Beedrill|Beedrill|Beedrillite
|move|p1a: Beedrill|U-turn|p2a: Magneton
|-resisted|p2a: Magneton
|-damage|p2a: Magneton|173\/273
|-enditem|p2a: Magneton|Air Balloon
|
|switch|p1a: Roserade|Roserade, F|289\/289
|move|p2a: Magneton|Volt Switch|p1a: Roserade
|-resisted|p1a: Roserade
|-damage|p1a: Roserade|229\/289
|
|switch|p2a: Froslass|Froslass, F|281\/281
|
|turn|2
|
|move|p2a: Froslass|Taunt|p1a: Roserade
|-start|p1a: Roserade|move: Taunt
|move|p1a: Roserade|Hidden Power|p2a: Froslass
|-supereffective|p2a: Froslass
|-enditem|p2a: Froslass|Focus Sash
|-damage|p2a: Froslass|1\/281
|-start|p1a: Roserade|Disable|Hidden Power
|
|turn|3
|
|switch|p1a: Beedrill|Beedrill-Mega, F|271\/271
|move|p2a: Froslass|Destiny Bond|p2a: Froslass
|-singlemove|p2a: Froslass|Destiny Bond
|
|turn|4
|
|move|p1a: Beedrill|Protect|p1a: Beedrill
|-singleturn|p1a: Beedrill|Protect
|move|p2a: Froslass|Taunt|p1a: Beedrill
|-activate|p1a: Beedrill|Protect
|
|turn|5
|
|move|p1a: Beedrill|Knock Off|p2a: Froslass
|-supereffective|p2a: Froslass
|-damage|p2a: Froslass|0 fnt
|faint|p2a: Froslass
|
|
|switch|p2a: Flygon|Flygon, M|301\/301
|turn|6
|
|move|p1a: Beedrill|Protect|p1a: Beedrill
|-singleturn|p1a: Beedrill|Protect
|move|p2a: Flygon|Dragon Claw|p1a: Beedrill
|-activate|p1a: Beedrill|Protect
|
|turn|7
|
|switch|p2a: Nidoqueen|Nidoqueen, F|365\/365
|switch|p1a: Gligar|Gligar, F|334\/334
|
|turn|8
|
|switch|p1a: Bronzong|Bronzong|338\/338
|move|p2a: Nidoqueen|Ice Beam|p1a: Bronzong
|-resisted|p1a: Bronzong
|-damage|p1a: Bronzong|281\/338
|
|turn|9
|
|move|p2a: Nidoqueen|Stealth Rock|p1a: Bronzong
|-sidestart|p1: peere|move: Stealth Rock
|move|p1a: Bronzong|Trick Room|p1a: Bronzong
|-fieldstart|move: Trick Room|[of] p1a: Bronzong
|
|turn|10
|
|switch|p2a: Porygon2|Porygon2|373\/373
|-ability|p2a: Porygon2|Levitate|[from] ability: Trace|[of] p1a: Bronzong
|move|p1a: Bronzong|Earthquake|p2a: Porygon2
|-immune|p2a: Porygon2|[msg]
|
|turn|11
|
|move|p1a: Bronzong|Gyro Ball|p2a: Porygon2
|-damage|p2a: Porygon2|226\/373
|move|p2a: Porygon2|Thunderbolt|p1a: Bronzong
|-damage|p1a: Bronzong|220\/338
|
|turn|12
|
|move|p1a: Bronzong|Gyro Ball|p2a: Porygon2
|-damage|p2a: Porygon2|90\/373
|move|p2a: Porygon2|Recover|p2a: Porygon2
|-heal|p2a: Porygon2|277\/373
|
|turn|13
|
|switch|p1a: Empoleon|Empoleon, M|320\/320
|-damage|p1a: Empoleon|300\/320|[from] Stealth Rock
|move|p2a: Porygon2|Thunder Wave|p1a: Empoleon
|-status|p1a: Empoleon|par
|
|-fieldend|move: Trick Room
|turn|14
|
|move|p2a: Porygon2|Thunderbolt|p1a: Empoleon
|-supereffective|p1a: Empoleon
|-damage|p1a: Empoleon|158\/320 par
|cant|p1a: Empoleon|par
|
|turn|15
|
|move|p2a: Porygon2|Thunderbolt|p1a: Empoleon
|-crit|p1a: Empoleon
|-supereffective|p1a: Empoleon
|-damage|p1a: Empoleon|0 fnt
|faint|p1a: Empoleon
|
|
|switch|p1a: Roserade|Roserade, F|229\/289
|-damage|p1a: Roserade|193\/289|[from] Stealth Rock
|turn|16
|
|switch|p2a: Magneton|Magneton|173\/273
|move|p1a: Roserade|Sludge Bomb|p2a: Magneton
|-immune|p2a: Magneton|[msg]
|
|turn|17
|
|switch|p1a: Gligar|Gligar, F|334\/334
|-damage|p1a: Gligar|293\/334|[from] Stealth Rock
|move|p2a: Magneton|Flash Cannon|p1a: Gligar
|-damage|p1a: Gligar|155\/334
|
|turn|18
|
|switch|p2a: Flygon|Flygon, M|301\/301
|move|p1a: Gligar|Roost|p1a: Gligar
|-heal|p1a: Gligar|322\/334
|
|turn|19
|
|move|p2a: Flygon|U-turn|p1a: Gligar
|-resisted|p1a: Gligar
|-damage|p1a: Gligar|303\/334
|
|switch|p2a: Nidoqueen|Nidoqueen, F|365\/365
|move|p1a: Gligar|U-turn|p2a: Nidoqueen
|-resisted|p2a: Nidoqueen
|-damage|p2a: Nidoqueen|340\/365
|
|switch|p1a: Roserade|Roserade, F|193\/289
|-damage|p1a: Roserade|157\/289|[from] Stealth Rock
|
|turn|20
|
|move|p1a: Roserade|Leaf Storm|p2a: Nidoqueen|[miss]
|-miss|p1a: Roserade|p2a: Nidoqueen
|move|p2a: Nidoqueen|Ice Beam|p1a: Roserade
|-supereffective|p1a: Roserade
|-damage|p1a: Roserade|0 fnt
|faint|p1a: Roserade
|
|
|switch|p1a: Bronzong|Bronzong|220\/338
|-damage|p1a: Bronzong|199\/338|[from] Stealth Rock
|turn|21
|
|switch|p2a: Porygon2|Porygon2|277\/373
|-ability|p2a: Porygon2|Levitate|[from] ability: Trace|[of] p1a: Bronzong
|switch|p1a: Beedrill|Beedrill-Mega, F|271\/271
|-damage|p1a: Beedrill|204\/271|[from] Stealth Rock
|
|turn|22
|
|move|p1a: Beedrill|Knock Off|p2a: Porygon2
|-damage|p2a: Porygon2|186\/373
|-enditem|p2a: Porygon2|Eviolite|[from] move: Knock Off|[of] p1a: Beedrill
|move|p2a: Porygon2|Thunder Wave|p1a: Beedrill
|-status|p1a: Beedrill|par
|
|turn|23
|
|move|p2a: Porygon2|Recover|p2a: Porygon2
|-heal|p2a: Porygon2|373\/373
|move|p1a: Beedrill|Poison Jab|p2a: Porygon2
|-damage|p2a: Porygon2|129\/373
|-status|p2a: Porygon2|psn
|
|-damage|p2a: Porygon2|83\/373 psn|[from] psn
|turn|24
|
|move|p2a: Porygon2|Ice Beam|p1a: Beedrill
|-damage|p1a: Beedrill|122\/271 par
|move|p1a: Beedrill|U-turn|p2a: Porygon2
|-damage|p2a: Porygon2|0 fnt
|faint|p2a: Porygon2
|
|switch|p1a: Gligar|Gligar, F|303\/334
|-damage|p1a: Gligar|262\/334|[from] Stealth Rock
|
|
|switch|p2a: Nidoqueen|Nidoqueen, F|340\/365
|turn|25
|
|switch|p1a: Bronzong|Bronzong|199\/338
|-damage|p1a: Bronzong|178\/338|[from] Stealth Rock
|move|p2a: Nidoqueen|Ice Beam|p1a: Bronzong
|-resisted|p1a: Bronzong
|-damage|p1a: Bronzong|120\/338
|
|turn|26
|
|move|p2a: Nidoqueen|Ice Beam|p1a: Bronzong
|-resisted|p1a: Bronzong
|-damage|p1a: Bronzong|60\/338
|move|p1a: Bronzong|Earthquake|p2a: Nidoqueen
|-supereffective|p2a: Nidoqueen
|-damage|p2a: Nidoqueen|94\/365
|
|turn|27
|
|switch|p2a: Flygon|Flygon, M|301\/301
|move|p1a: Bronzong|Trick Room|p1a: Bronzong
|-fieldstart|move: Trick Room|[of] p1a: Bronzong
|
|turn|28
|
|move|p1a: Bronzong|Explosion|p2a: Flygon
|-damage|p2a: Flygon|0 fnt
|faint|p1a: Bronzong
|faint|p2a: Flygon
|
|
|switch|p2a: Haxorus|Haxorus, F|293\/293
|switch|p1a: Diancie|Diancie|259\/259
|-damage|p1a: Diancie|227\/259|[from] Stealth Rock
|-ability|p2a: Haxorus|Mold Breaker
|turn|29
|
|switch|p2a: Magneton|Magneton|173\/273
|move|p1a: Diancie|Moonblast|p2a: Magneton
|-resisted|p2a: Magneton
|-damage|p2a: Magneton|53\/273
|
|turn|30
|
|move|p1a: Diancie|Moonblast|p2a: Magneton
|-crit|p2a: Magneton
|-resisted|p2a: Magneton
|-damage|p2a: Magneton|0 fnt
|faint|p2a: Magneton
|
|
|switch|p2a: Haxorus|Haxorus, F|293\/293
|-ability|p2a: Haxorus|Mold Breaker
|turn|31
|
|move|p1a: Diancie|Rock Polish|p1a: Diancie
|-boost|p1a: Diancie|spe|2
|move|p2a: Haxorus|Earthquake|p1a: Diancie
|-supereffective|p1a: Diancie
|-damage|p1a: Diancie|29\/259
|
|-fieldend|move: Trick Room
|turn|32
|
|move|p1a: Diancie|Moonblast|p2a: Haxorus
|-supereffective|p2a: Haxorus
|-damage|p2a: Haxorus|0 fnt
|faint|p2a: Haxorus
|
|
|switch|p2a: Nidoqueen|Nidoqueen, F|94\/365
|turn|33
|
|move|p1a: Diancie|Earth Power|p2a: Nidoqueen
|-supereffective|p2a: Nidoqueen
|-damage|p2a: Nidoqueen|0 fnt
|faint|p2a: Nidoqueen
|
|win|peere
|raw|Ladder updating...
|leave|HailHydreigon
|player|p2
|raw|peere's rating: 1456 &rarr; <strong>1475<\/strong><br \/>(+19 for winning)
|raw|HailHydreigon's rating: 1440 &rarr; <strong>1421<\/strong><br \/>(-19 for losing)
|c|âpeere|diancie sweeps the niggas