|J|AR Frontier Typho
|J|dix pix
|player|p1|AR Frontier Typho|arfrontiertypho.gif
|player|p2|dix pix|165
|gametype|singles
|gen|6
|tier|UU
|rule|Sleep Clause Mod: Limit one foe put to sleep
|rule|Species Clause: Limit one of each PokÃ©mon
|rule|OHKO Clause: OHKO moves are banned
|rule|Moody Clause: Moody is banned
|rule|Evasion Moves Clause: Evasion moves are banned
|rule|Endless Battle Clause: Forcing endless battles is banned
|rule|HP Percentage Mod: HP is shown in percentages
|clearpoke
|poke|p1|Chesnaught, F
|poke|p1|Empoleon, F
|poke|p1|Pidgeot, M
|poke|p1|Whimsicott, F
|poke|p1|Krookodile, M
|poke|p1|Raikou
|poke|p2|Krookodile, F
|poke|p2|Flygon, M
|poke|p2|Nidoqueen, F
|poke|p2|Lucario, M
|poke|p2|Ampharos, M
|poke|p2|Roserade, F
|rule|Swagger Clause: Swagger is banned
|rule|Baton Pass Clause: Limit one PokÃ©mon knowing Baton Pass
|teampreview
|c|âAR Frontier Typho|gl hf
|
|start
|switch|p1a: Krookodile|Krookodile, M|331\/331
|switch|p2a: Flygon|Flygon, M|301\/301
|-ability|p1a: Krookodile|Intimidate|[of] p2a: Flygon
|-unboost|p2a: Flygon|atk|1
|turn|1
|c|âdix pix|sorry was on main
|c|âAR Frontier Typho|its k fren
|c|âAR Frontier Typho|:]
|
|move|p2a: Flygon|U-turn|p1a: Krookodile
|-supereffective|p1a: Krookodile
|-damage|p1a: Krookodile|213\/331
|c|âAR Frontier Typho|daw
|
|switch|p2a: Ampharos|Ampharos, M|384\/384
|move|p1a: Krookodile|Knock Off|p2a: Ampharos
|-damage|p2a: Ampharos|258\/384
|
|turn|2
|c|âAR Frontier Typho|i was gonna pursuoit
|c|âAR Frontier Typho|*pursuoit
|c|âAR Frontier Typho|FUCK
|c|âAR Frontier Typho|PURSUIT
|c|âAR Frontier Typho|omg
|c|âdix pix|lol alwasy pursuit on flygon leads
|
|switch|p1a: Whimsicott|Whimsicott, F|261\/261
|detailschange|p2a: Ampharos|Ampharos-Mega, M
|-mega|p2a: Ampharos|Ampharos|Ampharosite
|-ability|p2a: Ampharos|Mold Breaker
|move|p2a: Ampharos|Rest|p2a: Ampharos
|-status|p2a: Ampharos|slp
|-heal|p2a: Ampharos|384\/384 slp|[silent]
|-status|p2a: Ampharos|slp|[from] move: Rest
|
|turn|3
|c|âAR Frontier Typho|yea
|c|âAR Frontier Typho|i was gonna earfquake and be real
|c|âAR Frontier Typho|but i was like nah i aint bout that life
|
|switch|p2a: Roserade|Roserade, F|309\/309
|move|p1a: Whimsicott|U-turn|p2a: Roserade
|-damage|p2a: Roserade|257\/309
|c|âAR Frontier Typho|ah the zygarde counter
|
|switch|p1a: Pidgeot|Pidgeot, M|307\/307
|
|-heal|p2a: Roserade|276\/309|[from] item: Black Sludge
|turn|4
|
|switch|p2a: Ampharos|Ampharos-Mega, M|384\/384 slp
|-ability|p2a: Ampharos|Mold Breaker
|detailschange|p1a: Pidgeot|Pidgeot-Mega, M
|-mega|p1a: Pidgeot|Pidgeot|Pidgeotite
|move|p1a: Pidgeot|U-turn|p2a: Ampharos
|-damage|p2a: Ampharos|353\/384 slp
|
|switch|p1a: Krookodile|Krookodile, M|213\/331
|-ability|p1a: Krookodile|Intimidate|[of] p2a: Ampharos
|-unboost|p2a: Ampharos|atk|1
|
|turn|5
|
|switch|p1a: Whimsicott|Whimsicott, F|261\/261
|cant|p2a: Ampharos|slp
|move|p2a: Ampharos|Sleep Talk|p2a: Ampharos
|move|p2a: Ampharos|Dragon Pulse|p1a: Whimsicott|[from]Sleep Talk
|-immune|p1a: Whimsicott|[msg]
|
|turn|6
|c|âAR Frontier Typho|omg
|c|âAR Frontier Typho|stop lol
|
|move|p1a: Whimsicott|Moonblast|p2a: Ampharos
|-supereffective|p2a: Ampharos
|-damage|p2a: Ampharos|143\/384 slp
|cant|p2a: Ampharos|slp
|move|p2a: Ampharos|Sleep Talk|p2a: Ampharos
|move|p2a: Ampharos|Rest|p2a: Ampharos|[from]Sleep Talk
|-fail|p2a: Ampharos
|
|turn|7
|c|âdix pix|whoops didnt mean to stay in there kek
|
|switch|p2a: Roserade|Roserade, F|276\/309
|move|p1a: Whimsicott|Moonblast|p2a: Roserade
|-resisted|p2a: Roserade
|-damage|p2a: Roserade|236\/309
|
|-heal|p2a: Roserade|255\/309|[from] item: Black Sludge
|turn|8
|c|âAR Frontier Typho|kek
|c|âAR Frontier Typho|nice!
|
|move|p1a: Whimsicott|U-turn|p2a: Roserade
|-damage|p2a: Roserade|207\/309
|
|switch|p1a: Empoleon|Empoleon, F|372\/372
|move|p2a: Roserade|Toxic Spikes|p1a: Empoleon
|-sidestart|p1: AR Frontier Typho|move: Toxic Spikes
|
|-heal|p2a: Roserade|226\/309|[from] item: Black Sludge
|turn|9
|c|âdix pix|wait fuck
|c|âdix pix|wrong move on this
|c|âAR Frontier Typho|inb4
|c|âdix pix|it shoudl ahve sleep powder
|c|âAR Frontier Typho|stun spore
|
|move|p2a: Roserade|Leech Seed|p1a: Empoleon
|-start|p1a: Empoleon|move: Leech Seed
|move|p1a: Empoleon|Stealth Rock|p2a: Roserade
|-sidestart|p2: dix pix|move: Stealth Rock
|
|-heal|p2a: Roserade|245\/309|[from] item: Black Sludge
|-damage|p1a: Empoleon|326\/372|[from] Leech Seed|[of] p2a: Roserade
|-heal|p2a: Roserade|291\/309|[silent]
|turn|10
|c|âAR Frontier Typho|kek
|c|âAR Frontier Typho|gj!
|
|switch|p1a: Pidgeot|Pidgeot-Mega, M|307\/307
|move|p2a: Roserade|Toxic Spikes|p1a: Pidgeot
|-sidestart|p1: AR Frontier Typho|move: Toxic Spikes
|
|-heal|p2a: Roserade|309\/309|[from] item: Black Sludge
|turn|11
|c|âAR Frontier Typho|wait so
|c|âAR Frontier Typho|u said pidgegarde is broken rite?
|c|âAR Frontier Typho|like how so
|c|âdix pix|i mean if oyu have ice walls
|c|âdix pix|you cant do much to pidgegarde
|c|âdix pix|unless toxic spikes :)
|
|switch|p2a: Nidoqueen|Nidoqueen, F|384\/384
|-damage|p2a: Nidoqueen|360\/384|[from] Stealth Rock
|move|p1a: Pidgeot|Hurricane|p2a: Nidoqueen
|-damage|p2a: Nidoqueen|141\/384
|
|-heal|p2a: Nidoqueen|165\/384|[from] item: Black Sludge
|turn|12
|c|âAR Frontier Typho|lol
|
|move|p1a: Pidgeot|Hurricane|p2a: Nidoqueen
|-damage|p2a: Nidoqueen|0 fnt
|faint|p2a: Nidoqueen
|
|c|âAR Frontier Typho|gawn...
|
|switch|p2a: Ampharos|Ampharos-Mega, M|143\/384 slp
|-damage|p2a: Ampharos|95\/384 slp|[from] Stealth Rock
|-ability|p2a: Ampharos|Mold Breaker
|turn|13
|
|move|p1a: Pidgeot|U-turn|p2a: Ampharos
|-damage|p2a: Ampharos|66\/384 slp
|
|switch|p1a: Whimsicott|Whimsicott, F|261\/261
|-status|p1a: Whimsicott|tox
|-curestatus|p2a: Ampharos|slp
|move|p2a: Ampharos|Rest|p2a: Ampharos
|-status|p2a: Ampharos|slp
|-heal|p2a: Ampharos|384\/384 slp|[silent]
|-status|p2a: Ampharos|slp|[from] move: Rest
|
|-damage|p1a: Whimsicott|245\/261 tox|[from] psn
|turn|14
|
|switch|p2a: Roserade|Roserade, F|309\/309
|-damage|p2a: Roserade|271\/309|[from] Stealth Rock
|move|p1a: Whimsicott|U-turn|p2a: Roserade
|-crit|p2a: Roserade
|-damage|p2a: Roserade|193\/309
|
|switch|p1a: Pidgeot|Pidgeot-Mega, M|307\/307
|
|-heal|p2a: Roserade|212\/309|[from] item: Black Sludge
|turn|15
|c|âAR Frontier Typho|so whaddaya think is this team alright
|
|switch|p2a: Krookodile|Krookodile, F|331\/331
|-damage|p2a: Krookodile|311\/331|[from] Stealth Rock
|-ability|p2a: Krookodile|Intimidate|[of] p1a: Pidgeot
|-unboost|p1a: Pidgeot|atk|1
|move|p1a: Pidgeot|Hurricane|p2a: Krookodile
|-crit|p2a: Krookodile
|-damage|p2a: Krookodile|0 fnt
|faint|p2a: Krookodile
|
|c|âAR Frontier Typho|holy dicks
|c|âdix pix|the turns though
|c|âdix pix|wait
|c|âdix pix|why did i not go to amphy
|c|âdix pix|gdi
|c|âAR Frontier Typho|idk lol
|
|switch|p2a: Ampharos|Ampharos-Mega, M|384\/384 slp
|-damage|p2a: Ampharos|336\/384 slp|[from] Stealth Rock
|-ability|p2a: Ampharos|Mold Breaker
|turn|16
|c|âAR Frontier Typho|did u like
|c|âAR Frontier Typho|predict a turn
|c|âAR Frontier Typho|?_?
|
|move|p1a: Pidgeot|U-turn|p2a: Ampharos
|-damage|p2a: Ampharos|317\/384 slp
|
|switch|p1a: Empoleon|Empoleon, F|326\/372
|cant|p2a: Ampharos|slp
|move|p2a: Ampharos|Sleep Talk|p2a: Ampharos
|move|p2a: Ampharos|Dragon Pulse|p1a: Empoleon|[from]Sleep Talk
|-crit|p1a: Empoleon
|-resisted|p1a: Empoleon
|-damage|p1a: Empoleon|247\/372
|
|-heal|p1a: Empoleon|270\/372|[from] item: Leftovers
|turn|17
|c|âAR Frontier Typho|wait so in ur opinion 
|
|move|p1a: Empoleon|Defog|p2a: Ampharos
|-unboost|p2a: Ampharos|evasion|1
|-sideend|p2: dix pix|Stealth Rock|[from] move: Defog|[of] p2a: Ampharos
|-sideend|p1: AR Frontier Typho|Toxic Spikes|[from] move: Defog|[of] p1a: Empoleon
|cant|p2a: Ampharos|slp
|move|p2a: Ampharos|Sleep Talk|p2a: Ampharos
|move|p2a: Ampharos|Rest|p2a: Ampharos|[from]Sleep Talk
|-fail|p2a: Ampharos
|
|-heal|p1a: Empoleon|293\/372|[from] item: Leftovers
|turn|18
|c|âAR Frontier Typho|shud i use lefties or rockyhelmet chesnaught
|c|âAR Frontier Typho|bc tbh i like rocky helmet more 
|c|âdix pix|i like the lefties
|c|âdix pix|with leech
|c|âdix pix|and spikey
|c|âAR Frontier Typho|just to wittle lucario and things like that
|c|âdix pix|its deadly
|c|âdix pix|imo
|c|âAR Frontier Typho|eh i guess
|
|move|p1a: Empoleon|Stealth Rock|p2a: Ampharos
|-sidestart|p2: dix pix|move: Stealth Rock
|-curestatus|p2a: Ampharos|slp
|move|p2a: Ampharos|Dragon Pulse|p1a: Empoleon
|-resisted|p1a: Empoleon
|-damage|p1a: Empoleon|241\/372
|
|-heal|p1a: Empoleon|264\/372|[from] item: Leftovers
|turn|19
|c|âAR Frontier Typho|:3
|
|switch|p1a: Whimsicott|Whimsicott, F|245\/261 tox
|move|p2a: Ampharos|Dragon Pulse|p1a: Whimsicott
|-immune|p1a: Whimsicott|[msg]
|
|-heal|p1a: Whimsicott|261\/261 tox|[from] item: Leftovers
|-damage|p1a: Whimsicott|245\/261 tox|[from] psn
|turn|20
|c|âdix pix|holy fuqs im tired ;~;
|
|switch|p2a: Roserade|Roserade, F|212\/309
|-damage|p2a: Roserade|174\/309|[from] Stealth Rock
|move|p1a: Whimsicott|Moonblast|p2a: Roserade
|-resisted|p2a: Roserade
|-damage|p2a: Roserade|136\/309
|
|-heal|p1a: Whimsicott|261\/261 tox|[from] item: Leftovers
|-heal|p2a: Roserade|155\/309|[from] item: Black Sludge
|-damage|p1a: Whimsicott|229\/261 tox|[from] psn
|turn|21
|c|âAR Frontier Typho|hueuhe
|c|âAR Frontier Typho|excuses ;3
|
|move|p1a: Whimsicott|U-turn|p2a: Roserade
|-damage|p2a: Roserade|105\/309
|c|âdix pix|;)
|
|switch|p1a: Pidgeot|Pidgeot-Mega, M|307\/307
|move|p2a: Roserade|Synthesis|p2a: Roserade
|-heal|p2a: Roserade|259\/309
|
|-heal|p2a: Roserade|278\/309|[from] item: Black Sludge
|turn|22
|c|âAR Frontier Typho|hueheueuehueehuehue bwoi
|c|âAR Frontier Typho|the volturn is real
|c|âAR Frontier Typho|i love volturn in uu lol 
|
|switch|p2a: Ampharos|Ampharos-Mega, M|317\/384
|-damage|p2a: Ampharos|269\/384|[from] Stealth Rock
|-ability|p2a: Ampharos|Mold Breaker
|move|p1a: Pidgeot|Hurricane|p2a: Ampharos
|-resisted|p2a: Ampharos
|-damage|p2a: Ampharos|181\/384
|-start|p2a: Ampharos|confusion
|
|turn|23
|c|âAR Frontier Typho|so much momentum :] 
|c|âdix pix|welp
|c|âAR Frontier Typho|welp
|c|âdix pix|time to trash this team
|c|âdix pix|kek
|c|âAR Frontier Typho|there it is
|c|âAR Frontier Typho|LOL
|c|âAR Frontier Typho|:I
|c|âAR Frontier Typho|well i mean
|c|âAR Frontier Typho|u have nothing for pidge once amphy is gone
|c|âAR Frontier Typho|also banded krook kinda shits on ur team
|c|âAR Frontier Typho|same with zygarde lol
|c|âdix pix|shhhhhh
|c|âAR Frontier Typho|:I
|c|âdix pix|i dont want your sass
|c|âdix pix|haha
|c|âAR Frontier Typho|:P
|
|move|p1a: Pidgeot|U-turn|p2a: Ampharos
|-damage|p2a: Ampharos|150\/384
|
|switch|p1a: Krookodile|Krookodile, M|213\/331
|-ability|p1a: Krookodile|Intimidate|[of] p2a: Ampharos
|-unboost|p2a: Ampharos|atk|1
|-activate|p2a: Ampharos|confusion
|move|p2a: Ampharos|Rest|p2a: Ampharos
|-status|p2a: Ampharos|slp
|-heal|p2a: Ampharos|384\/384 slp|[silent]
|-status|p2a: Ampharos|slp|[from] move: Rest
|
|turn|24
|
|move|p1a: Krookodile|Pursuit|p2a: Ampharos|[from]Pursuit
|-damage|p2a: Ampharos|248\/384 slp
|switch|p2a: Lucario|Lucario, M|281\/281
|-damage|p2a: Lucario|273\/281|[from] Stealth Rock
|
|turn|25
|
|switch|p1a: Chesnaught|Chesnaught, F|379\/379
|move|p2a: Lucario|Swords Dance|p2a: Lucario
|-boost|p2a: Lucario|atk|2
|
|turn|26
|
|move|p2a: Lucario|Close Combat|p1a: Chesnaught
|-damage|p1a: Chesnaught|58\/379
|-damage|p2a: Lucario|227\/281|[from] item: Rocky Helmet|[of] p1a: Chesnaught
|-unboost|p2a: Lucario|def|1
|-unboost|p2a: Lucario|spd|1
|-damage|p2a: Lucario|199\/281|[from] item: Life Orb
|move|p1a: Chesnaught|Drain Punch|p2a: Lucario
|-supereffective|p2a: Lucario
|-damage|p2a: Lucario|0 fnt
|-heal|p1a: Chesnaught|158\/379|[from] drain|[of] p2a: Lucario
|faint|p2a: Lucario
|
|c|âAR Frontier Typho|yummy
|c|âAR Frontier Typho|they call me chesnaught
|c|âdix pix|ah nice and yummy
|
|switch|p2a: Roserade|Roserade, F|278\/309
|-damage|p2a: Roserade|240\/309|[from] Stealth Rock
|turn|27
|c|âAR Frontier Typho|wait that was adament rite?
|
|switch|p1a: Pidgeot|Pidgeot-Mega, M|307\/307
|move|p2a: Roserade|Toxic Spikes|p1a: Pidgeot
|-sidestart|p1: AR Frontier Typho|move: Toxic Spikes
|
|-heal|p2a: Roserade|259\/309|[from] item: Black Sludge
|turn|28
|c|âAR Frontier Typho|welp rip azians team
|c|âAR Frontier Typho|:I
|
|switch|p2a: Ampharos|Ampharos-Mega, M|248\/384 slp
|-damage|p2a: Ampharos|200\/384 slp|[from] Stealth Rock
|-ability|p2a: Ampharos|Mold Breaker
|move|p1a: Pidgeot|Hurricane|p2a: Ampharos
|-resisted|p2a: Ampharos
|-damage|p2a: Ampharos|106\/384 slp
|
|turn|29
|c|âAR Frontier Typho|oml
|c|âAR Frontier Typho|that does
|c|âAR Frontier Typho|so much
|c|âAR Frontier Typho|lol
|
|move|p1a: Pidgeot|U-turn|p2a: Ampharos
|-damage|p2a: Ampharos|78\/384 slp
|c|âdix pix|if i put sleep powder on my rose
|c|âdix pix|this would be different
|c|âdix pix|:\/
|c|âAR Frontier Typho|i mean
|c|âAR Frontier Typho|do u have
|c|âAR Frontier Typho|sludge bomb
|
|switch|p1a: Whimsicott|Whimsicott, F|229\/261 tox
|cant|p2a: Ampharos|slp
|move|p2a: Ampharos|Sleep Talk|p2a: Ampharos
|move|p2a: Ampharos|Volt Switch|p1a: Whimsicott|[from]Sleep Talk
|-crit|p1a: Whimsicott
|-resisted|p1a: Whimsicott
|-damage|p1a: Whimsicott|100\/261 tox
|c|âAR Frontier Typho|oooo
|c|âAR Frontier Typho|the volt reveal
|c|âAR Frontier Typho|i c u now
|c|âAR Frontier Typho|tbh u still have a chance
|c|âAR Frontier Typho|with flygon lol
|
|switch|p2a: Flygon|Flygon, M|301\/301
|-damage|p2a: Flygon|283\/301|[from] Stealth Rock
|
|-heal|p1a: Whimsicott|116\/261 tox|[from] item: Leftovers
|-damage|p1a: Whimsicott|100\/261 tox|[from] psn
|turn|30
|
|move|p2a: Flygon|U-turn|p1a: Whimsicott
|-damage|p1a: Whimsicott|22\/261 tox
|c|âAR Frontier Typho|kektus
|
|switch|p2a: Ampharos|Ampharos-Mega, M|78\/384 slp
|-damage|p2a: Ampharos|30\/384 slp|[from] Stealth Rock
|-ability|p2a: Ampharos|Mold Breaker
|move|p1a: Whimsicott|Moonblast|p2a: Ampharos
|-supereffective|p2a: Ampharos
|-damage|p2a: Ampharos|0 fnt
|faint|p2a: Ampharos
|
|-heal|p1a: Whimsicott|38\/261 tox|[from] item: Leftovers
|-damage|p1a: Whimsicott|6\/261 tox|[from] psn
|c|âdix pix|;~;
|
|switch|p2a: Flygon|Flygon, M|283\/301
|-damage|p2a: Flygon|265\/301|[from] Stealth Rock
|turn|31
|
|move|p2a: Flygon|U-turn|p1a: Whimsicott
|-damage|p1a: Whimsicott|0 fnt
|faint|p1a: Whimsicott
|
|switch|p2a: Roserade|Roserade, F|259\/309
|-damage|p2a: Roserade|221\/309|[from] Stealth Rock
|
|-heal|p2a: Roserade|240\/309|[from] item: Black Sludge
|c|âAR Frontier Typho|i was gonna preserve the 6-0
|c|âAR Frontier Typho|but
|c|âAR Frontier Typho|i dont wanna be an ass
|c|âAR Frontier Typho|:I
|
|switch|p1a: Pidgeot|Pidgeot-Mega, M|307\/307
|turn|32
|
|move|p1a: Pidgeot|Hurricane|p2a: Roserade
|-supereffective|p2a: Roserade
|-damage|p2a: Roserade|0 fnt
|faint|p2a: Roserade
|
|
|switch|p2a: Flygon|Flygon, M|265\/301
|-damage|p2a: Flygon|247\/301|[from] Stealth Rock
|turn|33
|
|move|p2a: Flygon|Outrage|p1a: Pidgeot
|-damage|p1a: Pidgeot|91\/307
|move|p1a: Pidgeot|Hurricane|p2a: Flygon
|-damage|p2a: Flygon|9\/301
|-start|p2a: Flygon|confusion
|
|turn|34
|c|âAR Frontier Typho|holy
|c|âAR Frontier Typho|dommage
|
|switch|p1a: Empoleon|Empoleon, F|264\/372
|-activate|p2a: Flygon|confusion
|move|p2a: Flygon|Outrage|p1a: Empoleon
|-resisted|p1a: Empoleon
|-damage|p1a: Empoleon|166\/372
|
|-heal|p1a: Empoleon|189\/372|[from] item: Leftovers
|turn|35
|c|âAR Frontier Typho|O_O
|c|âdix pix|ah nice and confuse
|
|-end|p2a: Flygon|confusion
|move|p2a: Flygon|Outrage|p1a: Empoleon
|-resisted|p1a: Empoleon
|-damage|p1a: Empoleon|96\/372
|move|p1a: Empoleon|Scald|p2a: Flygon
|-damage|p2a: Flygon|0 fnt
|faint|p2a: Flygon
|
|win|AR Frontier Typho
|c|âAR Frontier Typho|gg fren