|join|dix pix
|join|Test-o-palooza
|player|p1|dix pix|165
|player|p2|Test-o-palooza|265
|gametype|singles
|gen|6
|tier|UU
|rated
|rule|Sleep Clause Mod: Limit one foe put to sleep
|rule|Species Clause: Limit one of each PokÃ©mon
|rule|OHKO Clause: OHKO moves are banned
|rule|Moody Clause: Moody is banned
|rule|Evasion Moves Clause: Evasion moves are banned
|rule|Endless Battle Clause: Forcing endless battles is banned
|rule|HP Percentage Mod: HP is shown in percentages
|clearpoke
|poke|p1|Krookodile, M
|poke|p1|Lucario, F
|poke|p1|Suicune
|poke|p1|Forretress, M
|poke|p1|Entei, shiny
|poke|p1|Ampharos, F
|poke|p2|Nidoqueen, F
|poke|p2|Suicune
|poke|p2|Togetic, F
|poke|p2|Blissey, F
|poke|p2|Jirachi
|poke|p2|Alomomola, F
|rule|Swagger Clause: Swagger is banned
|rule|Baton Pass Clause: Limit one PokÃ©mon knowing Baton Pass
|teampreview
|
|start
|switch|p1a: Krookodile|Krookodile, M|331\/331
|switch|p2a: Alomomola|Alomomola, F|529\/529
|-ability|p1a: Krookodile|Intimidate|[of] p2a: Alomomola
|-unboost|p2a: Alomomola|atk|1
|turn|1
|
|switch|p1a: Ampharos|Ampharos, F|380\/380
|move|p2a: Alomomola|Scald|p1a: Ampharos
|-damage|p1a: Ampharos|344\/380
|
|turn|2
|
|switch|p2a: Nidoqueen|Nidoqueen, F|383\/383
|detailschange|p1a: Ampharos|Ampharos-Mega, F
|-mega|p1a: Ampharos|Ampharos|Ampharosite
|-ability|p1a: Ampharos|Mold Breaker
|move|p1a: Ampharos|Dragon Pulse|p2a: Nidoqueen
|-damage|p2a: Nidoqueen|196\/383
|
|-heal|p2a: Nidoqueen|219\/383|[from] item: Black Sludge
|turn|3
|join|Arifeen
|
|switch|p2a: Blissey|Blissey, F|652\/652
|switch|p1a: Krookodile|Krookodile, M|331\/331
|-ability|p1a: Krookodile|Intimidate|[of] p2a: Blissey
|-unboost|p2a: Blissey|atk|1
|
|turn|4
|
|switch|p2a: Alomomola|Alomomola, F|529\/529
|move|p1a: Krookodile|Knock Off|p2a: Alomomola
|-damage|p2a: Alomomola|340\/529
|-enditem|p2a: Alomomola|Leftovers|[from] move: Knock Off|[of] p1a: Krookodile
|
|turn|5
|
|switch|p1a: Ampharos|Ampharos-Mega, F|344\/380
|-ability|p1a: Ampharos|Mold Breaker
|move|p2a: Alomomola|Wish|p2a: Alomomola
|
|turn|6
|
|switch|p2a: Nidoqueen|Nidoqueen, F|219\/383
|switch|p1a: Krookodile|Krookodile, M|331\/331
|-ability|p1a: Krookodile|Intimidate|[of] p2a: Nidoqueen
|-unboost|p2a: Nidoqueen|atk|1
|
|-heal|p2a: Nidoqueen|383\/383|[from] move: Wish|[wisher] Alomomola
|turn|7
|
|move|p1a: Krookodile|Pursuit|p2a: Nidoqueen|[from]Pursuit
|-damage|p2a: Nidoqueen|217\/383
|switch|p2a: Alomomola|Alomomola, F|516\/529
|
|turn|8
|
|switch|p1a: Ampharos|Ampharos-Mega, F|344\/380
|-ability|p1a: Ampharos|Mold Breaker
|move|p2a: Alomomola|Knock Off|p1a: Ampharos
|-damage|p1a: Ampharos|311\/380
|
|turn|9
|
|switch|p2a: Blissey|Blissey, F|652\/652
|move|p1a: Ampharos|Dragon Pulse|p2a: Blissey
|-damage|p2a: Blissey|549\/652
|
|-heal|p2a: Blissey|589\/652|[from] item: Leftovers
|turn|10
|
|move|p2a: Blissey|Stealth Rock|p1a: Ampharos
|-sidestart|p1: dix pix|move: Stealth Rock
|move|p1a: Ampharos|Volt Switch|p2a: Blissey
|-damage|p2a: Blissey|505\/652
|
|switch|p1a: Krookodile|Krookodile, M|331\/331
|-damage|p1a: Krookodile|311\/331|[from] Stealth Rock
|-ability|p1a: Krookodile|Intimidate|[of] p2a: Blissey
|-unboost|p2a: Blissey|atk|1
|
|-heal|p2a: Blissey|545\/652|[from] item: Leftovers
|turn|11
|
|move|p1a: Krookodile|Pursuit|p2a: Blissey
|-damage|p2a: Blissey|361\/652
|move|p2a: Blissey|Counter|p1a: Krookodile
|-damage|p1a: Krookodile|0 fnt
|faint|p1a: Krookodile
|
|-heal|p2a: Blissey|401\/652|[from] item: Leftovers
|
|switch|p1a: Forretress|Forretress, M|354\/354
|-damage|p1a: Forretress|310\/354|[from] Stealth Rock
|turn|12
|
|switch|p2a: Suicune|Suicune|404\/404
|-ability|p2a: Suicune|Pressure
|move|p1a: Forretress|Rapid Spin|p2a: Suicune
|-damage|p2a: Suicune|394\/404
|-sideend|p1: dix pix|Stealth Rock|[from] move: Rapid Spin|[of] p1a: Forretress
|
|-heal|p2a: Suicune|404\/404|[from] item: Leftovers
|-heal|p1a: Forretress|332\/354|[from] item: Leftovers
|turn|13
|
|move|p2a: Suicune|Substitute|p2a: Suicune
|-start|p2a: Suicune|Substitute
|-damage|p2a: Suicune|303\/404
|move|p1a: Forretress|Volt Switch|p2a: Suicune
|-supereffective|p2a: Suicune
|-activate|p2a: Suicune|Substitute|[damage]
|c| Arifeen|LOL
|
|switch|p1a: Ampharos|Ampharos-Mega, F|311\/380
|-ability|p1a: Ampharos|Mold Breaker
|
|-heal|p2a: Suicune|328\/404|[from] item: Leftovers
|turn|14
|
|move|p2a: Suicune|Calm Mind|p2a: Suicune
|-boost|p2a: Suicune|spa|1
|-boost|p2a: Suicune|spd|1
|move|p1a: Ampharos|Volt Switch|p2a: Suicune
|-supereffective|p2a: Suicune
|-end|p2a: Suicune|Substitute
|
|switch|p1a: Forretress|Forretress, M|332\/354
|
|-heal|p2a: Suicune|353\/404|[from] item: Leftovers
|-heal|p1a: Forretress|354\/354|[from] item: Leftovers
|turn|15
|
|move|p2a: Suicune|Substitute|p2a: Suicune
|-start|p2a: Suicune|Substitute
|-damage|p2a: Suicune|252\/404
|move|p1a: Forretress|Volt Switch|p2a: Suicune
|-supereffective|p2a: Suicune
|-activate|p2a: Suicune|Substitute|[damage]
|
|switch|p1a: Ampharos|Ampharos-Mega, F|311\/380
|-ability|p1a: Ampharos|Mold Breaker
|
|-heal|p2a: Suicune|277\/404|[from] item: Leftovers
|turn|16
|
|move|p2a: Suicune|Scald|p1a: Ampharos
|-resisted|p1a: Ampharos
|-damage|p1a: Ampharos|267\/380
|-status|p1a: Ampharos|brn
|move|p1a: Ampharos|Dragon Pulse|p2a: Suicune
|-end|p2a: Suicune|Substitute
|
|-heal|p2a: Suicune|302\/404|[from] item: Leftovers
|-damage|p1a: Ampharos|220\/380 brn|[from] brn
|turn|17
|
|switch|p2a: Nidoqueen|Nidoqueen, F|217\/383
|move|p1a: Ampharos|Volt Switch|p2a: Nidoqueen
|-immune|p2a: Nidoqueen|[msg]
|
|-heal|p2a: Nidoqueen|240\/383|[from] item: Black Sludge
|-damage|p1a: Ampharos|173\/380 brn|[from] brn
|turn|18
|
|switch|p1a: Suicune|Suicune|404\/404
|-ability|p1a: Suicune|Pressure
|move|p2a: Nidoqueen|Earth Power|p1a: Suicune
|-damage|p1a: Suicune|311\/404
|
|-heal|p1a: Suicune|336\/404|[from] item: Leftovers
|-heal|p2a: Nidoqueen|263\/383|[from] item: Black Sludge
|turn|19
|
|switch|p2a: Alomomola|Alomomola, F|529\/529
|move|p1a: Suicune|Calm Mind|p1a: Suicune
|-boost|p1a: Suicune|spa|1
|-boost|p1a: Suicune|spd|1
|
|-heal|p1a: Suicune|361\/404|[from] item: Leftovers
|turn|20
|
|move|p1a: Suicune|Calm Mind|p1a: Suicune
|-boost|p1a: Suicune|spa|1
|-boost|p1a: Suicune|spd|1
|move|p2a: Alomomola|Knock Off|p1a: Suicune
|-damage|p1a: Suicune|326\/404
|-enditem|p1a: Suicune|Leftovers|[from] move: Knock Off|[of] p2a: Alomomola
|
|turn|21
|
|move|p1a: Suicune|Scald|p2a: Alomomola
|-resisted|p2a: Alomomola
|-damage|p2a: Alomomola|385\/529
|move|p2a: Alomomola|Wish|p2a: Alomomola
|
|turn|22
|
|switch|p2a: Suicune|Suicune|302\/404
|-ability|p2a: Suicune|Pressure
|move|p1a: Suicune|Scald|p2a: Suicune
|-resisted|p2a: Suicune
|-damage|p2a: Suicune|226\/404
|
|-heal|p2a: Suicune|404\/404|[from] move: Wish|[wisher] Alomomola
|turn|23
|
|move|p2a: Suicune|Substitute|p2a: Suicune
|-start|p2a: Suicune|Substitute
|-damage|p2a: Suicune|303\/404
|move|p1a: Suicune|Calm Mind|p1a: Suicune
|-boost|p1a: Suicune|spa|1
|-boost|p1a: Suicune|spd|1
|
|-heal|p2a: Suicune|328\/404|[from] item: Leftovers
|turn|24
|
|move|p2a: Suicune|Calm Mind|p2a: Suicune
|-boost|p2a: Suicune|spa|1
|-boost|p2a: Suicune|spd|1
|move|p1a: Suicune|Scald|p2a: Suicune
|-resisted|p2a: Suicune
|-activate|p2a: Suicune|Substitute|[damage]
|
|-heal|p2a: Suicune|353\/404|[from] item: Leftovers
|turn|25
|
|move|p2a: Suicune|Calm Mind|p2a: Suicune
|-boost|p2a: Suicune|spa|1
|-boost|p2a: Suicune|spd|1
|move|p1a: Suicune|Calm Mind|p1a: Suicune
|-boost|p1a: Suicune|spa|1
|-boost|p1a: Suicune|spd|1
|
|-heal|p2a: Suicune|378\/404|[from] item: Leftovers
|turn|26
|
|move|p2a: Suicune|Calm Mind|p2a: Suicune
|-boost|p2a: Suicune|spa|1
|-boost|p2a: Suicune|spd|1
|move|p1a: Suicune|Calm Mind|p1a: Suicune
|-boost|p1a: Suicune|spa|1
|-boost|p1a: Suicune|spd|1
|
|-heal|p2a: Suicune|403\/404|[from] item: Leftovers
|turn|27
|
|move|p2a: Suicune|Calm Mind|p2a: Suicune
|-boost|p2a: Suicune|spa|1
|-boost|p2a: Suicune|spd|1
|move|p1a: Suicune|Calm Mind|p1a: Suicune
|-boost|p1a: Suicune|spa|1
|-boost|p1a: Suicune|spd|1
|
|-heal|p2a: Suicune|404\/404|[from] item: Leftovers
|turn|28
|
|move|p2a: Suicune|Calm Mind|p2a: Suicune
|-boost|p2a: Suicune|spa|1
|-boost|p2a: Suicune|spd|1
|move|p1a: Suicune|Scald|p2a: Suicune
|-resisted|p2a: Suicune
|-end|p2a: Suicune|Substitute
|
|turn|29
|
|move|p2a: Suicune|Substitute|p2a: Suicune
|-start|p2a: Suicune|Substitute
|-damage|p2a: Suicune|303\/404
|move|p1a: Suicune|Rest|p1a: Suicune
|-status|p1a: Suicune|slp
|-heal|p1a: Suicune|404\/404 slp|[silent]
|-status|p1a: Suicune|slp|[from] move: Rest
|
|-heal|p2a: Suicune|328\/404|[from] item: Leftovers
|turn|30
|
|cant|p1a: Suicune|slp
|move|p2a: Suicune|Roar|p1a: Suicune
|drag|p1a: Ampharos|Ampharos-Mega, F|173\/380 brn
|-ability|p1a: Ampharos|Mold Breaker
|
|-heal|p2a: Suicune|353\/404|[from] item: Leftovers
|-damage|p1a: Ampharos|126\/380 brn|[from] brn
|turn|31
|
|move|p2a: Suicune|Scald|p1a: Ampharos
|-resisted|p1a: Ampharos
|-damage|p1a: Ampharos|16\/380 brn
|move|p1a: Ampharos|Rest|p1a: Ampharos
|-status|p1a: Ampharos|slp
|-heal|p1a: Ampharos|380\/380 slp|[silent]
|-status|p1a: Ampharos|slp|[from] move: Rest
|
|-heal|p2a: Suicune|378\/404|[from] item: Leftovers
|turn|32
|
|move|p2a: Suicune|Calm Mind|p2a: Suicune
|-boost|p2a: Suicune|spa|1
|-boost|p2a: Suicune|spd|1
|cant|p1a: Ampharos|slp
|move|p1a: Ampharos|Sleep Talk|p1a: Ampharos
|move|p1a: Ampharos|Rest|p1a: Ampharos|[from]Sleep Talk
|-fail|p1a: Ampharos
|
|-heal|p2a: Suicune|403\/404|[from] item: Leftovers
|turn|33
|
|cant|p1a: Ampharos|slp
|move|p1a: Ampharos|Sleep Talk|p1a: Ampharos
|move|p1a: Ampharos|Volt Switch|p2a: Suicune|[from]Sleep Talk
|-supereffective|p2a: Suicune
|-activate|p2a: Suicune|Substitute|[damage]
|join|Pack
|
|switch|p1a: Suicune|Suicune|404\/404 slp
|-ability|p1a: Suicune|Pressure
|move|p2a: Suicune|Roar|p1a: Suicune
|drag|p1a: Entei|Entei, shiny|371\/371
|-ability|p1a: Entei|Pressure
|
|-heal|p2a: Suicune|404\/404|[from] item: Leftovers
|turn|34
|
|move|p1a: Entei|Extreme Speed|p2a: Suicune
|-end|p2a: Suicune|Substitute
|move|p2a: Suicune|Scald|p1a: Entei
|-crit|p1a: Entei
|-supereffective|p1a: Entei
|-damage|p1a: Entei|0 fnt
|faint|p1a: Entei
|
|
|switch|p1a: Forretress|Forretress, M|354\/354
|turn|35
|
|move|p2a: Suicune|Scald|p1a: Forretress
|-activate|p1a: Forretress|Sturdy
|-damage|p1a: Forretress|1\/354
|move|p1a: Forretress|Stealth Rock|p2a: Suicune
|-sidestart|p2: Test-o-palooza|move: Stealth Rock
|
|-heal|p1a: Forretress|23\/354|[from] item: Leftovers
|turn|36
|
|move|p2a: Suicune|Substitute|p2a: Suicune
|-start|p2a: Suicune|Substitute
|-damage|p2a: Suicune|303\/404
|move|p1a: Forretress|Volt Switch|p2a: Suicune
|-supereffective|p2a: Suicune
|-activate|p2a: Suicune|Substitute|[damage]
|
|switch|p1a: Lucario|Lucario, F|281\/281
|
|-heal|p2a: Suicune|328\/404|[from] item: Leftovers
|turn|37
|
|move|p1a: Lucario|Aura Sphere|p2a: Suicune
|-activate|p2a: Suicune|Substitute|[damage]
|-damage|p1a: Lucario|253\/281|[from] item: Life Orb
|move|p2a: Suicune|Scald|p1a: Lucario
|-damage|p1a: Lucario|0 fnt
|faint|p1a: Lucario
|
|-heal|p2a: Suicune|353\/404|[from] item: Leftovers
|
|switch|p1a: Forretress|Forretress, M|23\/354
|turn|38
|
|move|p2a: Suicune|Scald|p1a: Forretress
|-crit|p1a: Forretress
|-damage|p1a: Forretress|0 fnt
|faint|p1a: Forretress
|
|-heal|p2a: Suicune|378\/404|[from] item: Leftovers
|
|switch|p1a: Ampharos|Ampharos-Mega, F|380\/380 slp
|-ability|p1a: Ampharos|Mold Breaker
|turn|39
|
|move|p2a: Suicune|Scald|p1a: Ampharos
|-resisted|p1a: Ampharos
|-damage|p1a: Ampharos|269\/380 slp
|-curestatus|p1a: Ampharos|slp
|move|p1a: Ampharos|Volt Switch|p2a: Suicune
|-supereffective|p2a: Suicune
|-end|p2a: Suicune|Substitute
|
|switch|p1a: Suicune|Suicune|404\/404 slp
|-ability|p1a: Suicune|Pressure
|
|-heal|p2a: Suicune|403\/404|[from] item: Leftovers
|turn|40
|
|switch|p2a: Blissey|Blissey, F|401\/652
|-damage|p2a: Blissey|320\/652|[from] Stealth Rock
|cant|p1a: Suicune|slp
|
|-heal|p2a: Blissey|360\/652|[from] item: Leftovers
|turn|41
|
|-curestatus|p1a: Suicune|slp
|move|p1a: Suicune|Scald|p2a: Blissey
|-damage|p2a: Blissey|300\/652
|move|p2a: Blissey|Stealth Rock|p1a: Suicune
|-sidestart|p1: dix pix|move: Stealth Rock
|
|-heal|p2a: Blissey|340\/652|[from] item: Leftovers
|turn|42
|
|move|p1a: Suicune|Calm Mind|p1a: Suicune
|-boost|p1a: Suicune|spa|1
|-boost|p1a: Suicune|spd|1
|move|p2a: Blissey|Soft-Boiled|p2a: Blissey
|-heal|p2a: Blissey|652\/652
|
|turn|43
|
|switch|p2a: Suicune|Suicune|403\/404
|-damage|p2a: Suicune|353\/404|[from] Stealth Rock
|-ability|p2a: Suicune|Pressure
|move|p1a: Suicune|Calm Mind|p1a: Suicune
|-boost|p1a: Suicune|spa|1
|-boost|p1a: Suicune|spd|1
|
|-heal|p2a: Suicune|378\/404|[from] item: Leftovers
|turn|44
|leave|Pack
|
|move|p2a: Suicune|Substitute|p2a: Suicune
|-start|p2a: Suicune|Substitute
|-damage|p2a: Suicune|277\/404
|move|p1a: Suicune|Scald|p2a: Suicune
|-resisted|p2a: Suicune
|-activate|p2a: Suicune|Substitute|[damage]
|
|-heal|p2a: Suicune|302\/404|[from] item: Leftovers
|turn|45
|join|AR GL Irra
|
|move|p2a: Suicune|Calm Mind|p2a: Suicune
|-boost|p2a: Suicune|spa|1
|-boost|p2a: Suicune|spd|1
|move|p1a: Suicune|Calm Mind|p1a: Suicune
|-boost|p1a: Suicune|spa|1
|-boost|p1a: Suicune|spd|1
|
|-heal|p2a: Suicune|327\/404|[from] item: Leftovers
|turn|46
|
|switch|p1a: Ampharos|Ampharos-Mega, F|269\/380
|-damage|p1a: Ampharos|222\/380|[from] Stealth Rock
|-ability|p1a: Ampharos|Mold Breaker
|move|p2a: Suicune|Calm Mind|p2a: Suicune
|-boost|p2a: Suicune|spa|1
|-boost|p2a: Suicune|spd|1
|
|-heal|p2a: Suicune|352\/404|[from] item: Leftovers
|turn|47
|
|move|p1a: Ampharos|Dragon Pulse|p2a: Suicune
|-crit|p2a: Suicune
|-end|p2a: Suicune|Substitute
|move|p2a: Suicune|Roar|p1a: Ampharos
|drag|p1a: Suicune|Suicune|404\/404
|-damage|p1a: Suicune|354\/404|[from] Stealth Rock
|-ability|p1a: Suicune|Pressure
|
|-heal|p2a: Suicune|377\/404|[from] item: Leftovers
|turn|48
|
|switch|p1a: Ampharos|Ampharos-Mega, F|222\/380
|-damage|p1a: Ampharos|175\/380|[from] Stealth Rock
|-ability|p1a: Ampharos|Mold Breaker
|move|p2a: Suicune|Substitute|p2a: Suicune
|-start|p2a: Suicune|Substitute
|-damage|p2a: Suicune|276\/404
|
|-heal|p2a: Suicune|301\/404|[from] item: Leftovers
|turn|49
|
|move|p2a: Suicune|Calm Mind|p2a: Suicune
|-boost|p2a: Suicune|spa|1
|-boost|p2a: Suicune|spd|1
|move|p1a: Ampharos|Dragon Pulse|p2a: Suicune
|-activate|p2a: Suicune|Substitute|[damage]
|
|-heal|p2a: Suicune|326\/404|[from] item: Leftovers
|turn|50
|
|move|p1a: Ampharos|Dragon Pulse|p2a: Suicune
|-end|p2a: Suicune|Substitute
|move|p2a: Suicune|Roar|p1a: Ampharos
|drag|p1a: Suicune|Suicune|354\/404
|-damage|p1a: Suicune|304\/404|[from] Stealth Rock
|-ability|p1a: Suicune|Pressure
|
|-heal|p2a: Suicune|351\/404|[from] item: Leftovers
|turn|51
|
|move|p2a: Suicune|Substitute|p2a: Suicune
|-start|p2a: Suicune|Substitute
|-damage|p2a: Suicune|250\/404
|move|p1a: Suicune|Rest|p1a: Suicune
|-status|p1a: Suicune|slp
|-heal|p1a: Suicune|404\/404 slp|[silent]
|-status|p1a: Suicune|slp|[from] move: Rest
|
|-heal|p2a: Suicune|275\/404|[from] item: Leftovers
|turn|52
|
|move|p2a: Suicune|Scald|p1a: Suicune
|-resisted|p1a: Suicune
|-damage|p1a: Suicune|303\/404 slp
|cant|p1a: Suicune|slp
|
|-heal|p2a: Suicune|300\/404|[from] item: Leftovers
|turn|53
|
|move|p2a: Suicune|Calm Mind|p2a: Suicune
|-boost|p2a: Suicune|spa|1
|-boost|p2a: Suicune|spd|1
|cant|p1a: Suicune|slp
|
|-heal|p2a: Suicune|325\/404|[from] item: Leftovers
|turn|54
|
|move|p2a: Suicune|Calm Mind|p2a: Suicune
|-boost|p2a: Suicune|spa|1
|-boost|p2a: Suicune|spd|1
|-curestatus|p1a: Suicune|slp
|move|p1a: Suicune|Calm Mind|p1a: Suicune
|-boost|p1a: Suicune|spa|1
|-boost|p1a: Suicune|spd|1
|
|-heal|p2a: Suicune|350\/404|[from] item: Leftovers
|turn|55
|
|move|p2a: Suicune|Scald|p1a: Suicune
|-resisted|p1a: Suicune
|-damage|p1a: Suicune|211\/404
|move|p1a: Suicune|Calm Mind|p1a: Suicune
|-boost|p1a: Suicune|spa|1
|-boost|p1a: Suicune|spd|1
|
|-heal|p2a: Suicune|375\/404|[from] item: Leftovers
|turn|56
|
|move|p2a: Suicune|Calm Mind|p2a: Suicune
|-boost|p2a: Suicune|spa|1
|-boost|p2a: Suicune|spd|1
|move|p1a: Suicune|Rest|p1a: Suicune
|-status|p1a: Suicune|slp
|-heal|p1a: Suicune|404\/404 slp|[silent]
|-status|p1a: Suicune|slp|[from] move: Rest
|
|-heal|p2a: Suicune|400\/404|[from] item: Leftovers
|turn|57
|
|cant|p1a: Suicune|slp
|move|p2a: Suicune|Roar|p1a: Suicune
|drag|p1a: Ampharos|Ampharos-Mega, F|175\/380
|-damage|p1a: Ampharos|128\/380|[from] Stealth Rock
|-ability|p1a: Ampharos|Mold Breaker
|
|-heal|p2a: Suicune|404\/404|[from] item: Leftovers
|turn|58
|
|move|p2a: Suicune|Scald|p1a: Ampharos
|-crit|p1a: Ampharos
|-resisted|p1a: Ampharos
|-damage|p1a: Ampharos|0 fnt
|faint|p1a: Ampharos
|
|
|switch|p1a: Suicune|Suicune|404\/404 slp
|-damage|p1a: Suicune|354\/404 slp|[from] Stealth Rock
|-ability|p1a: Suicune|Pressure
|turn|59
|
|switch|p2a: Jirachi|Jirachi|404\/404
|-damage|p2a: Jirachi|379\/404|[from] Stealth Rock
|cant|p1a: Suicune|slp
|move|p1a: Suicune|Sleep Talk|p1a: Suicune
|move|p1a: Suicune|Calm Mind|p1a: Suicune|[from]Sleep Talk
|-boost|p1a: Suicune|spa|1
|-boost|p1a: Suicune|spd|1
|
|-heal|p2a: Jirachi|404\/404|[from] item: Leftovers
|turn|60
|
|move|p2a: Jirachi|Calm Mind|p2a: Jirachi
|-boost|p2a: Jirachi|spa|1
|-boost|p2a: Jirachi|spd|1
|-curestatus|p1a: Suicune|slp
|move|p1a: Suicune|Sleep Talk|p1a: Suicune
|-fail|p1a: Suicune
|
|turn|61
|
|move|p2a: Jirachi|Calm Mind|p2a: Jirachi
|-boost|p2a: Jirachi|spa|1
|-boost|p2a: Jirachi|spd|1
|move|p1a: Suicune|Calm Mind|p1a: Suicune
|-boost|p1a: Suicune|spa|1
|-boost|p1a: Suicune|spd|1
|
|turn|62
|c| AR GL Irra|azian
|c| AR GL Irra|get good
|
|move|p2a: Jirachi|Calm Mind|p2a: Jirachi
|-boost|p2a: Jirachi|spa|1
|-boost|p2a: Jirachi|spd|1
|move|p1a: Suicune|Scald|p2a: Jirachi
|-damage|p2a: Jirachi|335\/404
|
|-heal|p2a: Jirachi|360\/404|[from] item: Leftovers
|turn|63
|c|âTest-o-palooza|unless crits
|c|âTest-o-palooza|gg
|
|move|p2a: Jirachi|Psyshock|p1a: Suicune
|-damage|p1a: Suicune|183\/404
|move|p1a: Suicune|Scald|p2a: Jirachi
|-crit|p2a: Jirachi
|-damage|p2a: Jirachi|86\/404
|
|-heal|p2a: Jirachi|111\/404|[from] item: Leftovers
|turn|64
|c| AR GL Irra|lmao
|
|move|p2a: Jirachi|Psyshock|p1a: Suicune
|-damage|p1a: Suicune|11\/404
|move|p1a: Suicune|Rest|p1a: Suicune
|-status|p1a: Suicune|slp
|-heal|p1a: Suicune|404\/404 slp|[silent]
|-status|p1a: Suicune|slp|[from] move: Rest
|
|-heal|p2a: Jirachi|136\/404|[from] item: Leftovers
|turn|65
|
|move|p2a: Jirachi|Wish|p2a: Jirachi
|cant|p1a: Suicune|slp
|move|p1a: Suicune|Sleep Talk|p1a: Suicune
|move|p1a: Suicune|Rest|p1a: Suicune|[from]Sleep Talk
|-fail|p1a: Suicune
|
|-heal|p2a: Jirachi|161\/404|[from] item: Leftovers
|turn|66
|
|move|p2a: Jirachi|Psyshock|p1a: Suicune
|-damage|p1a: Suicune|242\/404 slp
|cant|p1a: Suicune|slp
|move|p1a: Suicune|Sleep Talk|p1a: Suicune
|move|p1a: Suicune|Rest|p1a: Suicune|[from]Sleep Talk
|-fail|p1a: Suicune
|
|-heal|p2a: Jirachi|363\/404|[from] move: Wish|[wisher] Jirachi
|-heal|p2a: Jirachi|388\/404|[from] item: Leftovers
|turn|67
|
|move|p2a: Jirachi|Psyshock|p1a: Suicune
|-damage|p1a: Suicune|67\/404 slp
|-curestatus|p1a: Suicune|slp
|move|p1a: Suicune|Scald|p2a: Jirachi
|-damage|p2a: Jirachi|322\/404
|-status|p2a: Jirachi|brn
|
|-heal|p2a: Jirachi|347\/404 brn|[from] item: Leftovers
|-damage|p2a: Jirachi|297\/404 brn|[from] brn
|turn|68
|c|âTest-o-palooza|gg c:
|
|move|p2a: Jirachi|Psyshock|p1a: Suicune
|-damage|p1a: Suicune|0 fnt
|faint|p1a: Suicune
|
|win|Test-o-palooza
|raw|Ladder updating...
|raw|dix pix's rating: 1535 &rarr; <strong>1512<\/strong><br \/>(-23 for losing)
|raw|Test-o-palooza's rating: 1497 &rarr; <strong>1519<\/strong><br \/>(+22 for winning)
|leave|dix pix
|player|p1