|join|pokemonisfun
|join|Dix pix
|player|p1|pokemonisfun|184
|player|p2|Dix pix|165
|gametype|singles
|gen|6
|tier|UU
|rated
|rule|Sleep Clause Mod: Limit one foe put to sleep
|rule|Species Clause: Limit one of each PokÃ©mon
|rule|OHKO Clause: OHKO moves are banned
|rule|Moody Clause: Moody is banned
|rule|Evasion Moves Clause: Evasion moves are banned
|rule|Endless Battle Clause: Forcing endless battles is banned
|rule|HP Percentage Mod: HP is shown in percentages
|clearpoke
|poke|p1|Zygarde
|poke|p1|Darmanitan, M
|poke|p1|Absol, M
|poke|p1|Nidoqueen, F, shiny
|poke|p1|Whimsicott, F
|poke|p1|Suicune
|poke|p2|Krookodile, M
|poke|p2|Lucario, M
|poke|p2|Suicune
|poke|p2|Forretress, M
|poke|p2|Entei, shiny
|poke|p2|Ampharos, F
|rule|Swagger Clause: Swagger is banned
|rule|Baton Pass Clause: Limit one PokÃ©mon knowing Baton Pass
|teampreview
|join|Youth Lagoon
|join|Vaporeon for Ubers
|c| Vaporeon for Ubers|woah
|c| Vaporeon for Ubers|nice shiny!
|
|start
|switch|p1a: Darmanitan|Darmanitan, M|351\/351
|switch|p2a: Krookodile|Krookodile, M|331\/331
|-ability|p2a: Krookodile|Intimidate|[of] p1a: Darmanitan
|-unboost|p1a: Darmanitan|atk|1
|turn|1
|
|move|p1a: Darmanitan|U-turn|p2a: Krookodile
|-supereffective|p2a: Krookodile
|-damage|p2a: Krookodile|199\/331
|
|move|p2a: Krookodile|Pursuit|p1a: Darmanitan|[from]Pursuit
|-damage|p1a: Darmanitan|51\/351
|switch|p1a: Whimsicott|Whimsicott, F|261\/261
|
|turn|2
|
|switch|p2a: Forretress|Forretress, M|354\/354
|move|p1a: Whimsicott|U-turn|p2a: Forretress
|-resisted|p2a: Forretress
|-damage|p2a: Forretress|340\/354
|-damage|p1a: Whimsicott|235\/261|[from] item: Life Orb
|
|switch|p1a: Absol|Absol, M|271\/271
|-ability|p1a: Absol|Pressure
|
|-heal|p2a: Forretress|354\/354|[from] item: Leftovers
|turn|3
|
|detailschange|p1a: Absol|Absol-Mega, M
|-mega|p1a: Absol|Absol|Absolite
|move|p1a: Absol|Knock Off|p2a: Forretress
|-damage|p2a: Forretress|251\/354
|-enditem|p2a: Forretress|Leftovers|[from] move: Knock Off|[of] p1a: Absol
|move|p2a: Forretress|Gyro Ball|p1a: Absol
|-damage|p1a: Absol|66\/271
|
|turn|4
|
|move|p1a: Absol|Fire Blast|p2a: Forretress
|-supereffective|p2a: Forretress
|-damage|p2a: Forretress|0 fnt
|faint|p2a: Forretress
|
|
|switch|p2a: Lucario|Lucario, M|281\/281
|turn|5
|
|move|p2a: Lucario|Vacuum Wave|p1a: Absol
|-supereffective|p1a: Absol
|-damage|p1a: Absol|0 fnt
|-damage|p2a: Lucario|253\/281|[from] item: Life Orb
|faint|p1a: Absol
|
|
|switch|p1a: Nidoqueen|Nidoqueen, F, shiny|321\/321
|turn|6
|
|move|p2a: Lucario|Flash Cannon|p1a: Nidoqueen
|-crit|p1a: Nidoqueen
|-damage|p1a: Nidoqueen|48\/321
|-damage|p2a: Lucario|225\/281|[from] item: Life Orb
|move|p1a: Nidoqueen|Earth Power|p2a: Lucario
|-supereffective|p2a: Lucario
|-damage|p2a: Lucario|0 fnt
|faint|p2a: Lucario
|
|
|switch|p2a: Krookodile|Krookodile, M|199\/331
|-ability|p2a: Krookodile|Intimidate|[of] p1a: Nidoqueen
|-unboost|p1a: Nidoqueen|atk|1
|turn|7
|
|move|p2a: Krookodile|Pursuit|p1a: Nidoqueen
|-damage|p1a: Nidoqueen|0 fnt
|faint|p1a: Nidoqueen
|
|join|TehTyler
|leave|TehTyler
|
|switch|p1a: snekky-snek|Zygarde|404\/404
|-ability|p1a: snekky-snek|Aura Break
|turn|8
|
|switch|p2a: Ampharos|Ampharos, F|380\/380
|move|p1a: snekky-snek|Substitute|p1a: snekky-snek
|-start|p1a: snekky-snek|Substitute
|-damage|p1a: snekky-snek|303\/404
|
|-heal|p1a: snekky-snek|328\/404|[from] item: Leftovers
|turn|9
|
|detailschange|p2a: Ampharos|Ampharos-Mega, F
|-mega|p2a: Ampharos|Ampharos|Ampharosite
|-ability|p2a: Ampharos|Mold Breaker
|move|p1a: snekky-snek|Coil|p1a: snekky-snek
|-boost|p1a: snekky-snek|atk|1
|-boost|p1a: snekky-snek|def|1
|-boost|p1a: snekky-snek|accuracy|1
|move|p2a: Ampharos|Dragon Pulse|p1a: snekky-snek
|-supereffective|p1a: snekky-snek
|-end|p1a: snekky-snek|Substitute
|
|-heal|p1a: snekky-snek|353\/404|[from] item: Leftovers
|turn|10
|
|move|p1a: snekky-snek|Earthquake|p2a: Ampharos
|-supereffective|p2a: Ampharos
|-damage|p2a: Ampharos|0 fnt
|faint|p2a: Ampharos
|
|-heal|p1a: snekky-snek|378\/404|[from] item: Leftovers
|
|switch|p2a: Entei|Entei, shiny|371\/371
|-ability|p2a: Entei|Pressure
|turn|11
|
|move|p2a: Entei|Sacred Fire|p1a: snekky-snek
|-resisted|p1a: snekky-snek
|-damage|p1a: snekky-snek|311\/404
|-status|p1a: snekky-snek|brn
|move|p1a: snekky-snek|Earthquake|p2a: Entei
|-supereffective|p2a: Entei
|-damage|p2a: Entei|137\/371
|
|-heal|p1a: snekky-snek|336\/404 brn|[from] item: Leftovers
|-damage|p1a: snekky-snek|286\/404 brn|[from] brn
|turn|12
|
|switch|p2a: Suicune|Suicune|404\/404
|-ability|p2a: Suicune|Pressure
|switch|p1a: Suicune|Suicune|404\/404
|-ability|p1a: Suicune|Pressure
|
|turn|13
|leave|Sam Brazer
|
|switch|p1a: Whimsicott|Whimsicott, F|235\/261
|move|p2a: Suicune|Calm Mind|p2a: Suicune
|-boost|p2a: Suicune|spa|1
|-boost|p2a: Suicune|spd|1
|
|turn|14
|
|switch|p2a: Entei|Entei, shiny|137\/371
|-ability|p2a: Entei|Pressure
|move|p1a: Whimsicott|Encore|p2a: Entei
|-fail|p2a: Entei
|
|turn|15
|
|switch|p1a: Suicune|Suicune|404\/404
|-ability|p1a: Suicune|Pressure
|move|p2a: Entei|Sacred Fire|p1a: Suicune
|-resisted|p1a: Suicune
|-damage|p1a: Suicune|317\/404
|
|-heal|p1a: Suicune|342\/404|[from] item: Leftovers
|turn|16
|
|switch|p2a: Suicune|Suicune|404\/404
|-ability|p2a: Suicune|Pressure
|move|p1a: Suicune|Scald|p2a: Suicune
|-resisted|p2a: Suicune
|-damage|p2a: Suicune|363\/404
|-status|p2a: Suicune|brn
|
|-heal|p2a: Suicune|388\/404 brn|[from] item: Leftovers
|-heal|p1a: Suicune|367\/404|[from] item: Leftovers
|-damage|p2a: Suicune|338\/404 brn|[from] brn
|turn|17
|
|switch|p1a: Whimsicott|Whimsicott, F|235\/261
|move|p2a: Suicune|Rest|p2a: Suicune
|-status|p2a: Suicune|slp
|-heal|p2a: Suicune|404\/404 slp|[silent]
|-status|p2a: Suicune|slp|[from] move: Rest
|
|turn|18
|
|move|p1a: Whimsicott|Giga Drain|p2a: Suicune
|-supereffective|p2a: Suicune
|-damage|p2a: Suicune|199\/404 slp
|-heal|p1a: Whimsicott|261\/261|[from] drain|[of] p2a: Suicune
|-damage|p1a: Whimsicott|235\/261|[from] item: Life Orb
|cant|p2a: Suicune|slp
|move|p2a: Suicune|Sleep Talk|p2a: Suicune
|move|p2a: Suicune|Rest|p2a: Suicune|[from]Sleep Talk
|-fail|p2a: Suicune
|
|-heal|p2a: Suicune|224\/404 slp|[from] item: Leftovers
|turn|19
|
|switch|p2a: Entei|Entei, shiny|137\/371
|-ability|p2a: Entei|Pressure
|move|p1a: Whimsicott|Giga Drain|p2a: Entei
|-resisted|p2a: Entei
|-damage|p2a: Entei|58\/371
|-heal|p1a: Whimsicott|261\/261|[from] drain|[of] p2a: Entei
|-damage|p1a: Whimsicott|235\/261|[from] item: Life Orb
|
|turn|20
|join|MunnAy
|leave|MunnAy
|
|move|p2a: Entei|Extreme Speed|p1a: Whimsicott
|-crit|p1a: Whimsicott
|-damage|p1a: Whimsicott|0 fnt
|faint|p1a: Whimsicott
|
|
|switch|p1a: Suicune|Suicune|367\/404
|-ability|p1a: Suicune|Pressure
|turn|21
|
|switch|p2a: Suicune|Suicune|224\/404 slp
|-ability|p2a: Suicune|Pressure
|move|p1a: Suicune|Calm Mind|p1a: Suicune
|-boost|p1a: Suicune|spa|1
|-boost|p1a: Suicune|spd|1
|
|-heal|p2a: Suicune|249\/404 slp|[from] item: Leftovers
|-heal|p1a: Suicune|392\/404|[from] item: Leftovers
|turn|22
|
|cant|p2a: Suicune|slp
|move|p2a: Suicune|Sleep Talk|p2a: Suicune
|move|p2a: Suicune|Calm Mind|p2a: Suicune|[from]Sleep Talk
|-boost|p2a: Suicune|spa|1
|-boost|p2a: Suicune|spd|1
|move|p1a: Suicune|Calm Mind|p1a: Suicune
|-boost|p1a: Suicune|spa|1
|-boost|p1a: Suicune|spd|1
|
|-heal|p2a: Suicune|274\/404 slp|[from] item: Leftovers
|-heal|p1a: Suicune|404\/404|[from] item: Leftovers
|turn|23
|
|-curestatus|p2a: Suicune|slp
|move|p2a: Suicune|Calm Mind|p2a: Suicune
|-boost|p2a: Suicune|spa|1
|-boost|p2a: Suicune|spd|1
|move|p1a: Suicune|Calm Mind|p1a: Suicune
|-boost|p1a: Suicune|spa|1
|-boost|p1a: Suicune|spd|1
|
|-heal|p2a: Suicune|299\/404|[from] item: Leftovers
|turn|24
|
|move|p2a: Suicune|Rest|p2a: Suicune
|-status|p2a: Suicune|slp
|-heal|p2a: Suicune|404\/404 slp|[silent]
|-status|p2a: Suicune|slp|[from] move: Rest
|move|p1a: Suicune|Calm Mind|p1a: Suicune
|-boost|p1a: Suicune|spa|1
|-boost|p1a: Suicune|spd|1
|
|turn|25
|
|move|p1a: Suicune|Calm Mind|p1a: Suicune
|-boost|p1a: Suicune|spa|1
|-boost|p1a: Suicune|spd|1
|cant|p2a: Suicune|slp
|
|turn|26
|
|cant|p2a: Suicune|slp
|move|p1a: Suicune|Extrasensory|p2a: Suicune
|-damage|p2a: Suicune|320\/404 slp
|
|-heal|p2a: Suicune|345\/404 slp|[from] item: Leftovers
|turn|27
|
|move|p1a: Suicune|Calm Mind|p1a: Suicune
|-boost|p1a: Suicune|spa|1
|-boost|p1a: Suicune|spd|1
|-curestatus|p2a: Suicune|slp
|move|p2a: Suicune|Rest|p2a: Suicune
|-status|p2a: Suicune|slp
|-heal|p2a: Suicune|404\/404 slp|[silent]
|-status|p2a: Suicune|slp|[from] move: Rest
|
|turn|28
|
|switch|p1a: Darmanitan|Darmanitan, M|51\/351
|cant|p2a: Suicune|slp
|
|turn|29
|
|switch|p1a: Suicune|Suicune|404\/404
|-ability|p1a: Suicune|Pressure
|cant|p2a: Suicune|slp
|
|turn|30
|
|move|p1a: Suicune|Calm Mind|p1a: Suicune
|-boost|p1a: Suicune|spa|1
|-boost|p1a: Suicune|spd|1
|-curestatus|p2a: Suicune|slp
|move|p2a: Suicune|Calm Mind|p2a: Suicune
|-boost|p2a: Suicune|spa|1
|-boost|p2a: Suicune|spd|1
|
|turn|31
|
|move|p2a: Suicune|Calm Mind|p2a: Suicune
|-boost|p2a: Suicune|spa|1
|-boost|p2a: Suicune|spd|1
|move|p1a: Suicune|Extrasensory|p2a: Suicune
|-damage|p2a: Suicune|380\/404
|
|-heal|p2a: Suicune|404\/404|[from] item: Leftovers
|turn|32
|
|move|p1a: Suicune|Calm Mind|p1a: Suicune
|-boost|p1a: Suicune|spa|1
|-boost|p1a: Suicune|spd|1
|move|p2a: Suicune|Calm Mind|p2a: Suicune
|-boost|p2a: Suicune|spa|1
|-boost|p2a: Suicune|spd|1
|
|turn|33
|
|move|p2a: Suicune|Calm Mind|p2a: Suicune
|-boost|p2a: Suicune|spa|1
|-boost|p2a: Suicune|spd|1
|move|p1a: Suicune|Calm Mind|p1a: Suicune
|-boost|p1a: Suicune|spa|1
|-boost|p1a: Suicune|spd|1
|
|turn|34
|
|move|p2a: Suicune|Calm Mind|p2a: Suicune
|-fail|p2a: Suicune
|move|p1a: Suicune|Calm Mind|p1a: Suicune
|-boost|p1a: Suicune|spa|1
|-boost|p1a: Suicune|spd|1
|
|turn|35
|
|move|p1a: Suicune|Calm Mind|p1a: Suicune
|-boost|p1a: Suicune|spa|1
|-boost|p1a: Suicune|spd|1
|move|p2a: Suicune|Calm Mind|p2a: Suicune
|-fail|p2a: Suicune
|
|turn|36
|
|move|p1a: Suicune|Calm Mind|p1a: Suicune
|-boost|p1a: Suicune|spa|1
|-boost|p1a: Suicune|spd|1
|move|p2a: Suicune|Calm Mind|p2a: Suicune
|-fail|p2a: Suicune
|
|turn|37
|
|move|p2a: Suicune|Scald|p1a: Suicune
|-resisted|p1a: Suicune
|-damage|p1a: Suicune|364\/404
|-status|p1a: Suicune|brn
|move|p1a: Suicune|Calm Mind|p1a: Suicune
|-fail|p1a: Suicune
|
|-heal|p1a: Suicune|389\/404 brn|[from] item: Leftovers
|-damage|p1a: Suicune|339\/404 brn|[from] brn
|turn|38
|join|getready4UU
|leave|getready4UU
|
|switch|p2a: Krookodile|Krookodile, M|199\/331
|-ability|p2a: Krookodile|Intimidate|[of] p1a: Suicune
|-unboost|p1a: Suicune|atk|1
|move|p1a: Suicune|Scald|p2a: Krookodile
|-supereffective|p2a: Krookodile
|-damage|p2a: Krookodile|0 fnt
|faint|p2a: Krookodile
|
|-heal|p1a: Suicune|364\/404 brn|[from] item: Leftovers
|-damage|p1a: Suicune|314\/404 brn|[from] brn
|
|switch|p2a: Suicune|Suicune|404\/404
|-ability|p2a: Suicune|Pressure
|turn|39
|
|move|p1a: Suicune|Extrasensory|p2a: Suicune
|-damage|p2a: Suicune|208\/404
|move|p2a: Suicune|Calm Mind|p2a: Suicune
|-boost|p2a: Suicune|spa|1
|-boost|p2a: Suicune|spd|1
|
|-heal|p1a: Suicune|339\/404 brn|[from] item: Leftovers
|-heal|p2a: Suicune|233\/404|[from] item: Leftovers
|-damage|p1a: Suicune|289\/404 brn|[from] brn
|turn|40
|
|move|p1a: Suicune|Extrasensory|p2a: Suicune
|-damage|p2a: Suicune|90\/404
|cant|p2a: Suicune|flinch
|
|-heal|p2a: Suicune|115\/404|[from] item: Leftovers
|-heal|p1a: Suicune|314\/404 brn|[from] item: Leftovers
|-damage|p1a: Suicune|264\/404 brn|[from] brn
|turn|41
|c|âDix pix|ah nice and flinch
|
|move|p2a: Suicune|Rest|p2a: Suicune
|-status|p2a: Suicune|slp
|-heal|p2a: Suicune|404\/404 slp|[silent]
|-status|p2a: Suicune|slp|[from] move: Rest
|move|p1a: Suicune|Extrasensory|p2a: Suicune
|-damage|p2a: Suicune|279\/404 slp
|
|-heal|p2a: Suicune|304\/404 slp|[from] item: Leftovers
|-heal|p1a: Suicune|289\/404 brn|[from] item: Leftovers
|-damage|p1a: Suicune|239\/404 brn|[from] brn
|turn|42
|
|move|p1a: Suicune|Extrasensory|p2a: Suicune
|-damage|p2a: Suicune|177\/404 slp
|cant|p2a: Suicune|slp
|move|p2a: Suicune|Sleep Talk|p2a: Suicune
|move|p2a: Suicune|Scald|p1a: Suicune|[from]Sleep Talk
|-resisted|p1a: Suicune
|-damage|p1a: Suicune|225\/404 brn
|
|-heal|p1a: Suicune|250\/404 brn|[from] item: Leftovers
|-heal|p2a: Suicune|202\/404 slp|[from] item: Leftovers
|-damage|p1a: Suicune|200\/404 brn|[from] brn
|turn|43
|
|cant|p2a: Suicune|slp
|move|p2a: Suicune|Sleep Talk|p2a: Suicune
|move|p2a: Suicune|Calm Mind|p2a: Suicune|[from]Sleep Talk
|-boost|p2a: Suicune|spa|1
|-boost|p2a: Suicune|spd|1
|move|p1a: Suicune|Extrasensory|p2a: Suicune
|-damage|p2a: Suicune|101\/404 slp
|
|-heal|p1a: Suicune|225\/404 brn|[from] item: Leftovers
|-heal|p2a: Suicune|126\/404 slp|[from] item: Leftovers
|-damage|p1a: Suicune|175\/404 brn|[from] brn
|turn|44
|
|-curestatus|p2a: Suicune|slp
|move|p2a: Suicune|Rest|p2a: Suicune
|-status|p2a: Suicune|slp
|-heal|p2a: Suicune|404\/404 slp|[silent]
|-status|p2a: Suicune|slp|[from] move: Rest
|move|p1a: Suicune|Extrasensory|p2a: Suicune
|-damage|p2a: Suicune|297\/404 slp
|
|-heal|p1a: Suicune|200\/404 brn|[from] item: Leftovers
|-heal|p2a: Suicune|322\/404 slp|[from] item: Leftovers
|-damage|p1a: Suicune|150\/404 brn|[from] brn
|turn|45
|
|cant|p2a: Suicune|slp
|move|p2a: Suicune|Sleep Talk|p2a: Suicune
|move|p2a: Suicune|Rest|p2a: Suicune|[from]Sleep Talk
|-fail|p2a: Suicune
|move|p1a: Suicune|Rest|p1a: Suicune
|-status|p1a: Suicune|slp
|-heal|p1a: Suicune|404\/404 slp|[silent]
|-status|p1a: Suicune|slp|[from] move: Rest
|
|-heal|p2a: Suicune|347\/404 slp|[from] item: Leftovers
|turn|46
|
|cant|p1a: Suicune|slp
|cant|p2a: Suicune|slp
|
|-heal|p2a: Suicune|372\/404 slp|[from] item: Leftovers
|turn|47
|
|cant|p1a: Suicune|slp
|-curestatus|p2a: Suicune|slp
|move|p2a: Suicune|Calm Mind|p2a: Suicune
|-boost|p2a: Suicune|spa|1
|-boost|p2a: Suicune|spd|1
|
|-heal|p2a: Suicune|397\/404|[from] item: Leftovers
|turn|48
|
|move|p2a: Suicune|Rest|p2a: Suicune
|-status|p2a: Suicune|slp
|-heal|p2a: Suicune|404\/404 slp|[silent]
|-status|p2a: Suicune|slp|[from] move: Rest
|-curestatus|p1a: Suicune|slp
|move|p1a: Suicune|Calm Mind|p1a: Suicune
|-fail|p1a: Suicune
|
|turn|49
|
|cant|p2a: Suicune|slp
|move|p1a: Suicune|Calm Mind|p1a: Suicune
|-fail|p1a: Suicune
|
|turn|50
|
|switch|p1a: Darmanitan|Darmanitan, M|51\/351
|cant|p2a: Suicune|slp
|
|turn|51
|
|switch|p1a: Suicune|Suicune|404\/404
|-ability|p1a: Suicune|Pressure
|-curestatus|p2a: Suicune|slp
|move|p2a: Suicune|Scald|p1a: Suicune
|-resisted|p1a: Suicune
|-damage|p1a: Suicune|314\/404
|-status|p1a: Suicune|brn
|
|-heal|p1a: Suicune|339\/404 brn|[from] item: Leftovers
|-damage|p1a: Suicune|289\/404 brn|[from] brn
|turn|52
|
|switch|p2a: Entei|Entei, shiny|58\/371
|-ability|p2a: Entei|Pressure
|move|p1a: Suicune|Calm Mind|p1a: Suicune
|-boost|p1a: Suicune|spa|1
|-boost|p1a: Suicune|spd|1
|
|-heal|p1a: Suicune|314\/404 brn|[from] item: Leftovers
|-damage|p1a: Suicune|264\/404 brn|[from] brn
|turn|53
|
|switch|p2a: Suicune|Suicune|404\/404
|-ability|p2a: Suicune|Pressure
|move|p1a: Suicune|Calm Mind|p1a: Suicune
|-boost|p1a: Suicune|spa|1
|-boost|p1a: Suicune|spd|1
|
|-heal|p1a: Suicune|289\/404 brn|[from] item: Leftovers
|-damage|p1a: Suicune|239\/404 brn|[from] brn
|turn|54
|
|move|p1a: Suicune|Calm Mind|p1a: Suicune
|-boost|p1a: Suicune|spa|1
|-boost|p1a: Suicune|spd|1
|move|p2a: Suicune|Calm Mind|p2a: Suicune
|-boost|p2a: Suicune|spa|1
|-boost|p2a: Suicune|spd|1
|
|-heal|p1a: Suicune|264\/404 brn|[from] item: Leftovers
|-damage|p1a: Suicune|214\/404 brn|[from] brn
|turn|55
|
|move|p1a: Suicune|Rest|p1a: Suicune
|-status|p1a: Suicune|slp
|-heal|p1a: Suicune|404\/404 slp|[silent]
|-status|p1a: Suicune|slp|[from] move: Rest
|move|p2a: Suicune|Calm Mind|p2a: Suicune
|-boost|p2a: Suicune|spa|1
|-boost|p2a: Suicune|spd|1
|
|turn|56
|
|switch|p2a: Entei|Entei, shiny|58\/371
|-ability|p2a: Entei|Pressure
|cant|p1a: Suicune|slp
|
|turn|57
|
|move|p2a: Entei|Stone Edge|p1a: Suicune|[miss]
|-miss|p2a: Entei|p1a: Suicune
|cant|p1a: Suicune|slp
|
|turn|58
|
|switch|p2a: Suicune|Suicune|404\/404
|-ability|p2a: Suicune|Pressure
|-curestatus|p1a: Suicune|slp
|move|p1a: Suicune|Calm Mind|p1a: Suicune
|-boost|p1a: Suicune|spa|1
|-boost|p1a: Suicune|spd|1
|
|turn|59
|
|switch|p2a: Entei|Entei, shiny|58\/371
|-ability|p2a: Entei|Pressure
|move|p1a: Suicune|Extrasensory|p2a: Entei
|-damage|p2a: Entei|0 fnt
|faint|p2a: Entei
|
|
|switch|p2a: Suicune|Suicune|404\/404
|-ability|p2a: Suicune|Pressure
|turn|60
|
|move|p2a: Suicune|Calm Mind|p2a: Suicune
|-boost|p2a: Suicune|spa|1
|-boost|p2a: Suicune|spd|1
|move|p1a: Suicune|Extrasensory|p2a: Suicune
|-damage|p2a: Suicune|306\/404
|
|-heal|p2a: Suicune|331\/404|[from] item: Leftovers
|turn|61
|
|switch|p1a: Darmanitan|Darmanitan, M|51\/351
|move|p2a: Suicune|Rest|p2a: Suicune
|-status|p2a: Suicune|slp
|-heal|p2a: Suicune|404\/404 slp|[silent]
|-status|p2a: Suicune|slp|[from] move: Rest
|
|turn|62
|
|switch|p1a: Suicune|Suicune|404\/404
|-ability|p1a: Suicune|Pressure
|cant|p2a: Suicune|slp
|
|turn|63
|
|switch|p1a: Darmanitan|Darmanitan, M|51\/351
|cant|p2a: Suicune|slp
|
|turn|64
|
|switch|p1a: Suicune|Suicune|404\/404
|-ability|p1a: Suicune|Pressure
|-curestatus|p2a: Suicune|slp
|move|p2a: Suicune|Calm Mind|p2a: Suicune
|-boost|p2a: Suicune|spa|1
|-boost|p2a: Suicune|spd|1
|
|turn|65
|
|move|p2a: Suicune|Calm Mind|p2a: Suicune
|-boost|p2a: Suicune|spa|1
|-boost|p2a: Suicune|spd|1
|move|p1a: Suicune|Calm Mind|p1a: Suicune
|-boost|p1a: Suicune|spa|1
|-boost|p1a: Suicune|spd|1
|
|turn|66
|
|move|p2a: Suicune|Calm Mind|p2a: Suicune
|-boost|p2a: Suicune|spa|1
|-boost|p2a: Suicune|spd|1
|move|p1a: Suicune|Calm Mind|p1a: Suicune
|-boost|p1a: Suicune|spa|1
|-boost|p1a: Suicune|spd|1
|
|turn|67
|
|move|p1a: Suicune|Scald|p2a: Suicune
|-resisted|p2a: Suicune
|-damage|p2a: Suicune|380\/404
|move|p2a: Suicune|Calm Mind|p2a: Suicune
|-boost|p2a: Suicune|spa|1
|-boost|p2a: Suicune|spd|1
|
|-heal|p2a: Suicune|404\/404|[from] item: Leftovers
|turn|68
|
|move|p1a: Suicune|Calm Mind|p1a: Suicune
|-boost|p1a: Suicune|spa|1
|-boost|p1a: Suicune|spd|1
|move|p2a: Suicune|Calm Mind|p2a: Suicune
|-boost|p2a: Suicune|spa|1
|-boost|p2a: Suicune|spd|1
|
|turn|69
|
|move|p2a: Suicune|Rest|p2a: Suicune
|-fail|p2a: Suicune
|move|p1a: Suicune|Calm Mind|p1a: Suicune
|-boost|p1a: Suicune|spa|1
|-boost|p1a: Suicune|spd|1
|
|turn|70
|
|move|p2a: Suicune|Sleep Talk|p2a: Suicune
|-fail|p2a: Suicune
|move|p1a: Suicune|Calm Mind|p1a: Suicune
|-boost|p1a: Suicune|spa|1
|-boost|p1a: Suicune|spd|1
|
|turn|71
|
|move|p1a: Suicune|Scald|p2a: Suicune
|-resisted|p2a: Suicune
|-damage|p2a: Suicune|372\/404
|move|p2a: Suicune|Calm Mind|p2a: Suicune
|-fail|p2a: Suicune
|
|-heal|p2a: Suicune|397\/404|[from] item: Leftovers
|turn|72
|
|move|p1a: Suicune|Scald|p2a: Suicune
|-resisted|p2a: Suicune
|-damage|p2a: Suicune|367\/404
|move|p2a: Suicune|Rest|p2a: Suicune
|-status|p2a: Suicune|slp
|-heal|p2a: Suicune|404\/404 slp|[silent]
|-status|p2a: Suicune|slp|[from] move: Rest
|
|turn|73
|
|move|p1a: Suicune|Extrasensory|p2a: Suicune
|-damage|p2a: Suicune|355\/404 slp
|cant|p2a: Suicune|slp
|move|p2a: Suicune|Sleep Talk|p2a: Suicune
|move|p2a: Suicune|Scald|p1a: Suicune|[from]Sleep Talk
|-resisted|p1a: Suicune
|-damage|p1a: Suicune|364\/404
|
|-heal|p2a: Suicune|380\/404 slp|[from] item: Leftovers
|-heal|p1a: Suicune|389\/404|[from] item: Leftovers
|turn|74
|
|move|p1a: Suicune|Rest|p1a: Suicune
|-status|p1a: Suicune|slp
|-heal|p1a: Suicune|404\/404 slp|[silent]
|-status|p1a: Suicune|slp|[from] move: Rest
|cant|p2a: Suicune|slp
|
|-heal|p2a: Suicune|404\/404 slp|[from] item: Leftovers
|turn|75
|
|-curestatus|p2a: Suicune|slp
|move|p2a: Suicune|Calm Mind|p2a: Suicune
|-fail|p2a: Suicune
|cant|p1a: Suicune|slp
|
|turn|76
|
|cant|p1a: Suicune|slp
|move|p2a: Suicune|Sleep Talk|p2a: Suicune
|-fail|p2a: Suicune
|
|turn|77
|
|move|p2a: Suicune|Rest|p2a: Suicune
|-fail|p2a: Suicune
|-curestatus|p1a: Suicune|slp
|move|p1a: Suicune|Extrasensory|p2a: Suicune
|-damage|p2a: Suicune|360\/404
|
|-heal|p2a: Suicune|385\/404|[from] item: Leftovers
|turn|78
|
|move|p1a: Suicune|Calm Mind|p1a: Suicune
|-boost|p1a: Suicune|spa|1
|-boost|p1a: Suicune|spd|1
|move|p2a: Suicune|Rest|p2a: Suicune
|-status|p2a: Suicune|slp
|-heal|p2a: Suicune|404\/404 slp|[silent]
|-status|p2a: Suicune|slp|[from] move: Rest
|
|turn|79
|
|switch|p1a: Darmanitan|Darmanitan, M|51\/351
|cant|p2a: Suicune|slp
|
|turn|80
|
|move|p1a: Darmanitan|U-turn|p2a: Suicune
|-damage|p2a: Suicune|345\/404 slp
|
|switch|p1a: Suicune|Suicune|404\/404
|-ability|p1a: Suicune|Pressure
|cant|p2a: Suicune|slp
|
|-heal|p2a: Suicune|370\/404 slp|[from] item: Leftovers
|turn|81
|
|move|p1a: Suicune|Calm Mind|p1a: Suicune
|-boost|p1a: Suicune|spa|1
|-boost|p1a: Suicune|spd|1
|-curestatus|p2a: Suicune|slp
|move|p2a: Suicune|Scald|p1a: Suicune
|-resisted|p1a: Suicune
|-damage|p1a: Suicune|293\/404
|-status|p1a: Suicune|brn
|
|-heal|p1a: Suicune|318\/404 brn|[from] item: Leftovers
|-heal|p2a: Suicune|395\/404|[from] item: Leftovers
|-damage|p1a: Suicune|268\/404 brn|[from] brn
|turn|82
|
|move|p2a: Suicune|Rest|p2a: Suicune
|-status|p2a: Suicune|slp
|-heal|p2a: Suicune|404\/404 slp|[silent]
|-status|p2a: Suicune|slp|[from] move: Rest
|move|p1a: Suicune|Rest|p1a: Suicune
|-status|p1a: Suicune|slp
|-heal|p1a: Suicune|404\/404 slp|[silent]
|-status|p1a: Suicune|slp|[from] move: Rest
|
|turn|83
|-message|Dix pix forfeited.
|
|win|pokemonisfun
|raw|Ladder updating...
|leave|Dix pix
|raw|pokemonisfun's rating: 1540 &rarr; <strong>1553<\/strong><br \/>(+13 for winning)
|raw|Dix pix's rating: 1427 &rarr; <strong>1414<\/strong><br \/>(-13 for losing)
|player|p2