|join|Dix pix
|join|JoltikTheCookie
|player|p1|Dix pix|165
|player|p2|JoltikTheCookie|93
|gametype|singles
|gen|6
|tier|UU
|rated
|rule|Sleep Clause Mod: Limit one foe put to sleep
|rule|Species Clause: Limit one of each PokÃ©mon
|rule|OHKO Clause: OHKO moves are banned
|rule|Moody Clause: Moody is banned
|rule|Evasion Moves Clause: Evasion moves are banned
|rule|Endless Battle Clause: Forcing endless battles is banned
|rule|HP Percentage Mod: HP is shown in percentages
|clearpoke
|poke|p1|Krookodile, F
|poke|p1|Lucario, F
|poke|p1|Suicune
|poke|p1|Forretress, F
|poke|p1|Entei, shiny
|poke|p1|Raikou
|poke|p2|Porygon-Z
|poke|p2|Crobat, M
|poke|p2|Tentacruel, F, shiny
|poke|p2|Mienshao, F
|poke|p2|Ampharos, F
|poke|p2|Jirachi
|rule|Swagger Clause: Swagger is banned
|rule|Baton Pass Clause: Limit one PokÃ©mon knowing Baton Pass
|teampreview
|c|âJoltikTheCookie|gl hf
|
|start
|switch|p1a: Krookodile|Krookodile, F|331\/331
|switch|p2a: Ampharos|Ampharos, F|384\/384
|-ability|p1a: Krookodile|Intimidate|[of] p2a: Ampharos
|-unboost|p2a: Ampharos|atk|1
|turn|1
|
|detailschange|p2a: Ampharos|Ampharos-Mega, F
|message|Ampharos has Mega Evolved into Mega Ampharos!
|-ability|p2a: Ampharos|Mold Breaker
|move|p1a: Krookodile|Pursuit|p2a: Ampharos
|-damage|p2a: Ampharos|284\/384
|move|p2a: Ampharos|Focus Blast|p1a: Krookodile|[miss]
|-miss|p2a: Ampharos|p1a: Krookodile
|
|turn|2
|
|switch|p1a: Raikou|Raikou|322\/322
|-ability|p1a: Raikou|Pressure
|move|p2a: Ampharos|Focus Blast|p1a: Raikou|[miss]
|-miss|p2a: Ampharos|p1a: Raikou
|
|turn|3
|
|move|p1a: Raikou|Extrasensory|p2a: Ampharos
|-crit|p2a: Ampharos
|-damage|p2a: Ampharos|169\/384
|move|p2a: Ampharos|Volt Switch|p1a: Raikou
|-resisted|p1a: Raikou
|-damage|p1a: Raikou|265\/322
|c|âJoltikTheCookie|ty based focus miss
|
|switch|p2a: Mienshao|Mienshao, F|271\/271
|
|turn|4
|
|switch|p1a: Forretress|Forretress, F|354\/354
|move|p2a: Mienshao|High Jump Kick|p1a: Forretress
|-damage|p1a: Forretress|192\/354
|
|-heal|p1a: Forretress|214\/354|[from] item: Leftovers
|turn|5
|
|switch|p2a: Tentacruel|Tentacruel, F, shiny|364\/364
|move|p1a: Forretress|Volt Switch|p2a: Tentacruel
|-supereffective|p2a: Tentacruel
|-damage|p2a: Tentacruel|304\/364
|
|switch|p1a: Krookodile|Krookodile, F|331\/331
|-ability|p1a: Krookodile|Intimidate|[of] p2a: Tentacruel
|-unboost|p2a: Tentacruel|atk|1
|
|-heal|p2a: Tentacruel|326\/364|[from] item: Black Sludge
|turn|6
|
|switch|p2a: Crobat|Crobat, M|311\/311
|move|p1a: Krookodile|Knock Off|p2a: Crobat
|-damage|p2a: Crobat|32\/311
|-enditem|p2a: Crobat|Life Orb|[from] move: Knock Off|[of] p1a: Krookodile
|
|turn|7
|
|move|p2a: Crobat|U-turn|p1a: Krookodile
|-supereffective|p1a: Krookodile
|-damage|p1a: Krookodile|181\/331
|
|switch|p2a: Tentacruel|Tentacruel, F, shiny|326\/364
|move|p1a: Krookodile|Knock Off|p2a: Tentacruel
|-damage|p2a: Tentacruel|94\/364
|-enditem|p2a: Tentacruel|Black Sludge|[from] move: Knock Off|[of] p1a: Krookodile
|
|turn|8
|
|move|p1a: Krookodile|Knock Off|p2a: Tentacruel
|-damage|p2a: Tentacruel|0 fnt
|faint|p2a: Tentacruel
|
|
|switch|p2a: Mienshao|Mienshao, F|271\/271
|turn|9
|
|switch|p1a: Suicune|Suicune|404\/404
|-ability|p1a: Suicune|Pressure
|move|p2a: Mienshao|U-turn|p1a: Suicune
|-damage|p1a: Suicune|342\/404
|
|switch|p2a: Porygon-Z|Porygon-Z|312\/312
|
|-heal|p1a: Suicune|367\/404|[from] item: Leftovers
|turn|10
|
|move|p2a: Porygon-Z|Tri Attack|p1a: Suicune
|-damage|p1a: Suicune|89\/404
|move|p1a: Suicune|Scald|p2a: Porygon-Z
|-damage|p2a: Porygon-Z|194\/312
|
|-heal|p1a: Suicune|114\/404|[from] item: Leftovers
|turn|11
|
|switch|p1a: Raikou|Raikou|265\/322
|-ability|p1a: Raikou|Pressure
|move|p2a: Porygon-Z|Tri Attack|p1a: Raikou
|-damage|p1a: Raikou|37\/322
|
|turn|12
|
|switch|p2a: Crobat|Crobat, M|32\/311
|move|p1a: Raikou|Thunderbolt|p2a: Crobat
|-supereffective|p2a: Crobat
|-damage|p2a: Crobat|0 fnt
|faint|p2a: Crobat
|
|
|switch|p2a: Mienshao|Mienshao, F|271\/271
|turn|13
|
|switch|p1a: Suicune|Suicune|114\/404
|-ability|p1a: Suicune|Pressure
|move|p2a: Mienshao|U-turn|p1a: Suicune
|-damage|p1a: Suicune|59\/404
|
|switch|p2a: Porygon-Z|Porygon-Z|194\/312
|
|-heal|p1a: Suicune|84\/404|[from] item: Leftovers
|turn|14
|
|move|p2a: Porygon-Z|Tri Attack|p1a: Suicune
|-damage|p1a: Suicune|0 fnt
|faint|p1a: Suicune
|
|
|switch|p1a: Krookodile|Krookodile, F|181\/331
|-ability|p1a: Krookodile|Intimidate|[of] p2a: Porygon-Z
|-unboost|p2a: Porygon-Z|atk|1
|turn|15
|
|move|p1a: Krookodile|Earthquake|p2a: Porygon-Z
|-damage|p2a: Porygon-Z|0 fnt
|faint|p2a: Porygon-Z
|
|
|switch|p2a: Mienshao|Mienshao, F|271\/271
|turn|16
|
|move|p2a: Mienshao|High Jump Kick|p1a: Krookodile
|-supereffective|p1a: Krookodile
|-damage|p1a: Krookodile|0 fnt
|faint|p1a: Krookodile
|
|
|switch|p1a: Forretress|Forretress, F|214\/354
|turn|17
|
|move|p2a: Mienshao|High Jump Kick|p1a: Forretress
|-damage|p1a: Forretress|45\/354
|move|p1a: Forretress|Gyro Ball|p2a: Mienshao
|-damage|p2a: Mienshao|37\/271
|
|-heal|p1a: Forretress|67\/354|[from] item: Leftovers
|turn|18
|
|move|p2a: Mienshao|High Jump Kick|p1a: Forretress
|-damage|p1a: Forretress|0 fnt
|faint|p1a: Forretress
|
|
|switch|p1a: Lucario|Lucario, F|281\/281
|turn|19
|
|move|p1a: Lucario|Vacuum Wave|p2a: Mienshao
|-crit|p2a: Mienshao
|-damage|p2a: Mienshao|0 fnt
|-damage|p1a: Lucario|253\/281|[from] item: Life Orb
|faint|p2a: Mienshao
|
|
|switch|p2a: Ampharos|Ampharos-Mega, F|169\/384
|-ability|p2a: Ampharos|Mold Breaker
|turn|20
|
|move|p1a: Lucario|Aura Sphere|p2a: Ampharos
|-damage|p2a: Ampharos|8\/384
|-damage|p1a: Lucario|225\/281|[from] item: Life Orb
|move|p2a: Ampharos|Volt Switch|p1a: Lucario
|-damage|p1a: Lucario|0 fnt
|faint|p1a: Lucario
|
|switch|p2a: Jirachi|Jirachi|341\/341
|
|
|switch|p1a: Raikou|Raikou|37\/322
|-ability|p1a: Raikou|Pressure
|turn|21
|
|move|p2a: Jirachi|Iron Head|p1a: Raikou
|-resisted|p1a: Raikou
|-damage|p1a: Raikou|0 fnt
|faint|p1a: Raikou
|
|
|switch|p1a: Entei|Entei, shiny|371\/371
|-ability|p1a: Entei|Pressure
|turn|22
|
|move|p2a: Jirachi|Iron Head|p1a: Entei
|-resisted|p1a: Entei
|-damage|p1a: Entei|307\/371
|cant|p1a: Entei|flinch
|
|turn|23
|
|move|p2a: Jirachi|Iron Head|p1a: Entei
|-resisted|p1a: Entei
|-damage|p1a: Entei|238\/371
|cant|p1a: Entei|flinch
|
|turn|24
|
|move|p2a: Jirachi|Iron Head|p1a: Entei
|-resisted|p1a: Entei
|-damage|p1a: Entei|172\/371
|cant|p1a: Entei|flinch
|
|turn|25
|
|move|p2a: Jirachi|Iron Head|p1a: Entei
|-resisted|p1a: Entei
|-damage|p1a: Entei|98\/371
|cant|p1a: Entei|flinch
|
|turn|26
|
|move|p2a: Jirachi|Iron Head|p1a: Entei
|-resisted|p1a: Entei
|-damage|p1a: Entei|32\/371
|cant|p1a: Entei|flinch
|
|turn|27
|
|move|p2a: Jirachi|Iron Head|p1a: Entei
|-crit|p1a: Entei
|-resisted|p1a: Entei
|-damage|p1a: Entei|0 fnt
|faint|p1a: Entei
|
|win|JoltikTheCookie
|raw|Ladder updating...
|c|âJoltikTheCookie|gg
|raw|Dix pix's rating: 1526 &rarr; <strong>1500<\/strong><br \/>(-26 for losing)
|raw|JoltikTheCookie's rating: 1415 &rarr; <strong>1442<\/strong><br \/>(+27 for winning)
|leave|Dix pix
|player|p1