|join|dix pix
|join|aqbf
|player|p1|dix pix|165
|player|p2|aqbf|4
|gametype|singles
|gen|6
|tier|UU
|rated
|rule|Sleep Clause Mod: Limit one foe put to sleep
|rule|Species Clause: Limit one of each PokÃ©mon
|rule|OHKO Clause: OHKO moves are banned
|rule|Moody Clause: Moody is banned
|rule|Evasion Moves Clause: Evasion moves are banned
|rule|Endless Battle Clause: Forcing endless battles is banned
|rule|HP Percentage Mod: HP is shown in percentages
|clearpoke
|poke|p1|Hydreigon, F
|poke|p1|Chesnaught, F
|poke|p1|Toxicroak, M
|poke|p1|Chandelure, F
|poke|p1|Krookodile, F
|poke|p1|Tentacruel, F
|poke|p2|Vivillon, F
|poke|p2|Toxicroak, F
|poke|p2|Chandelure, F
|poke|p2|Aerodactyl, M, shiny
|poke|p2|Krookodile, F
|poke|p2|Swampert, F
|rule|Swagger Clause: Swagger is banned
|rule|Baton Pass Clause: Limit one PokÃ©mon knowing Baton Pass
|teampreview
|join|Not Razi
|c|âaqbf|your team reminds me of mine
|c|âaqbf|:P
|
|start
|switch|p1a: Hydreigon|Hydreigon, F|325\/325
|switch|p2a: Kraid|Swampert, F|404\/404
|turn|1
|
|move|p1a: Hydreigon|Draco Meteor|p2a: Kraid
|-damage|p2a: Kraid|155\/404
|-unboost|p1a: Hydreigon|spa|2
|move|p2a: Kraid|Stealth Rock|p1a: Hydreigon
|-sidestart|p1: dix pix|move: Stealth Rock
|
|-heal|p2a: Kraid|180\/404|[from] item: Leftovers
|turn|2
|
|switch|p2a: Toxicroak|Toxicroak, F|334\/334
|move|p1a: Hydreigon|Draco Meteor|p2a: Toxicroak
|-damage|p2a: Toxicroak|160\/334
|-unboost|p1a: Hydreigon|spa|2
|
|turn|3
|
|switch|p1a: Chesnaught|Chesnaught, F|380\/380
|-damage|p1a: Chesnaught|357\/380|[from] Stealth Rock
|switch|p2a: Ridley|Aerodactyl, M, shiny|331\/331
|-ability|p2a: Ridley|Pressure
|
|-heal|p1a: Chesnaught|380\/380|[from] item: Leftovers
|turn|4
|
|detailschange|p2a: Ridley|Aerodactyl-Mega, M, shiny
|message|Aerodactyl has Mega Evolved into Mega Aerodactyl!
|move|p1a: Chesnaught|Spiky Shield|p1a: Chesnaught
|-singleturn|p1a: Chesnaught|move: Protect
|move|p2a: Ridley|Aerial Ace|p1a: Chesnaught
|-activate|p1a: Chesnaught|move: Protect
|-damage|p2a: Ridley|290\/331|[from] Spiky Shield|[of] p1a: Chesnaught
|
|turn|5
|
|switch|p1a: Chandelure|Chandelure, F|261\/261
|-damage|p1a: Chandelure|196\/261|[from] Stealth Rock
|move|p2a: Ridley|Aerial Ace|p1a: Chandelure
|-damage|p1a: Chandelure|40\/261
|
|-heal|p1a: Chandelure|56\/261|[from] item: Leftovers
|turn|6
|
|move|p2a: Ridley|Aerial Ace|p1a: Chandelure
|-damage|p1a: Chandelure|0 fnt
|faint|p1a: Chandelure
|
|c|âaqbf|sub cm?
|
|switch|p1a: Krookodile|Krookodile, F|331\/331
|-damage|p1a: Krookodile|311\/331|[from] Stealth Rock
|-ability|p1a: Krookodile|Intimidate|[of] p2a: Ridley
|-unboost|p2a: Ridley|atk|1
|turn|7
|
|move|p2a: Ridley|Aqua Tail|p1a: Krookodile
|-supereffective|p1a: Krookodile
|-damage|p1a: Krookodile|87\/331
|move|p1a: Krookodile|Knock Off|p2a: Ridley
|-damage|p2a: Ridley|97\/331
|
|turn|8
|
|move|p2a: Ridley|Aerial Ace|p1a: Krookodile
|-damage|p1a: Krookodile|0 fnt
|faint|p1a: Krookodile
|
|
|switch|p1a: Hydreigon|Hydreigon, F|325\/325
|-damage|p1a: Hydreigon|285\/325|[from] Stealth Rock
|turn|9
|
|switch|p2a: Kraid|Swampert, F|180\/404
|move|p1a: Hydreigon|Dark Pulse|p2a: Kraid
|-damage|p2a: Kraid|41\/404
|
|-heal|p2a: Kraid|66\/404|[from] item: Leftovers
|turn|10
|
|move|p1a: Hydreigon|Dark Pulse|p2a: Kraid
|-damage|p2a: Kraid|0 fnt
|faint|p2a: Kraid
|
|
|switch|p2a: Toxicroak|Toxicroak, F|160\/334
|turn|11
|
|switch|p1a: Tentacruel|Tentacruel, F|364\/364
|-damage|p1a: Tentacruel|319\/364|[from] Stealth Rock
|move|p2a: Toxicroak|Swords Dance|p2a: Toxicroak
|-boost|p2a: Toxicroak|atk|2
|
|-heal|p1a: Tentacruel|341\/364|[from] item: Black Sludge
|turn|12
|
|move|p2a: Toxicroak|Gunk Shot|p1a: Tentacruel
|-resisted|p1a: Tentacruel
|-damage|p1a: Tentacruel|0 fnt
|-damage|p2a: Toxicroak|127\/334|[from] item: Life Orb
|faint|p1a: Tentacruel
|
|
|switch|p1a: Hydreigon|Hydreigon, F|285\/325
|-damage|p1a: Hydreigon|245\/325|[from] Stealth Rock
|turn|13
|
|move|p2a: Toxicroak|Sucker Punch|p1a: Hydreigon
|-crit|p1a: Hydreigon
|-resisted|p1a: Hydreigon
|-damage|p1a: Hydreigon|49\/325
|-damage|p2a: Toxicroak|94\/334|[from] item: Life Orb
|move|p1a: Hydreigon|Dark Pulse|p2a: Toxicroak
|-resisted|p2a: Toxicroak
|-damage|p2a: Toxicroak|0 fnt
|faint|p2a: Toxicroak
|
|
|switch|p2a: Crocomire|Krookodile, F|332\/332
|turn|14
|
|switch|p2a: Ridley|Aerodactyl-Mega, M, shiny|97\/331
|move|p1a: Hydreigon|Dark Pulse|p2a: Ridley
|-damage|p2a: Ridley|0 fnt
|faint|p2a: Ridley
|
|
|switch|p2a: Vivillion|Vivillon, F|301\/301
|turn|15
|
|move|p1a: Hydreigon|Dark Pulse|p2a: Vivillion
|-damage|p2a: Vivillion|66\/301
|move|p2a: Vivillion|Bug Buzz|p1a: Hydreigon
|-supereffective|p1a: Hydreigon
|-damage|p1a: Hydreigon|0 fnt
|faint|p1a: Hydreigon
|
|
|switch|p1a: Toxicroak|Toxicroak, M|307\/307
|-damage|p1a: Toxicroak|288\/307|[from] Stealth Rock
|turn|16
|
|move|p1a: Toxicroak|Sucker Punch|p2a: Vivillion
|-fail|p2a: Vivillion
|move|p2a: Vivillion|Sleep Powder|p1a: Toxicroak
|-status|p1a: Toxicroak|slp
|
|turn|17
|
|cant|p1a: Toxicroak|slp
|move|p2a: Vivillion|Hurricane|p1a: Toxicroak
|-supereffective|p1a: Toxicroak
|-damage|p1a: Toxicroak|0 fnt
|faint|p1a: Toxicroak
|
|
|switch|p1a: Chesnaught|Chesnaught, F|380\/380
|-damage|p1a: Chesnaught|357\/380|[from] Stealth Rock
|turn|18
|
|move|p2a: Vivillion|Hurricane|p1a: Chesnaught
|-supereffective|p1a: Chesnaught
|-damage|p1a: Chesnaught|0 fnt
|faint|p1a: Chesnaught
|
|win|aqbf
|raw|Ladder updating...
|raw|dix pix's rating: 1607 &rarr; <strong>1579<\/strong><br \/>(-28 for losing)
|raw|aqbf's rating: 1451 &rarr; <strong>1479<\/strong><br \/>(+28 for winning)
|c|âaqbf|gg
|leave|dix pix
|player|p1