|join|Dix pix
|join|dostornutria
|player|p1|Dix pix|165
|player|p2|dostornutria|137
|gametype|singles
|gen|6
|tier|UU
|rated
|rule|Sleep Clause Mod: Limit one foe put to sleep
|rule|Species Clause: Limit one of each PokÃ©mon
|rule|OHKO Clause: OHKO moves are banned
|rule|Moody Clause: Moody is banned
|rule|Evasion Moves Clause: Evasion moves are banned
|rule|Endless Battle Clause: Forcing endless battles is banned
|rule|HP Percentage Mod: HP is shown in percentages
|clearpoke
|poke|p1|Krookodile, F
|poke|p1|Lucario, M
|poke|p1|Suicune
|poke|p1|Forretress, M
|poke|p1|Entei, shiny
|poke|p1|Raikou
|poke|p2|Hydreigon, M
|poke|p2|Infernape, M
|poke|p2|Donphan, M
|poke|p2|Lopunny, M
|poke|p2|Arcanine, F
|poke|p2|Scrafty, F
|rule|Swagger Clause: Swagger is banned
|rule|Baton Pass Clause: Limit one PokÃ©mon knowing Baton Pass
|teampreview
|
|start
|switch|p1a: Entei|Entei, shiny|371\/371
|switch|p2a: Lopunny|Lopunny, M|272\/272
|-ability|p1a: Entei|Pressure
|turn|1
|
|detailschange|p2a: Lopunny|Lopunny-Mega, M
|message|Lopunny has Mega Evolved into Mega Lopunny!
|move|p2a: Lopunny|High Jump Kick|p1a: Entei
|-damage|p1a: Entei|86\/371
|move|p1a: Entei|Sacred Fire|p2a: Lopunny
|-damage|p2a: Lopunny|0 fnt
|faint|p2a: Lopunny
|
|
|switch|p2a: Fairy lover|Scrafty, F|318\/318
|turn|2
|
|move|p1a: Entei|Sacred Fire|p2a: Fairy lover
|-damage|p2a: Fairy lover|87\/318
|move|p2a: Fairy lover|Dragon Dance|p2a: Fairy lover
|-boost|p2a: Fairy lover|atk|1
|-boost|p2a: Fairy lover|spe|1
|
|-heal|p2a: Fairy lover|106\/318|[from] item: Leftovers
|turn|3
|
|switch|p1a: Forretress|Forretress, M|354\/354
|move|p2a: Fairy lover|Drain Punch|p1a: Forretress
|-damage|p1a: Forretress|273\/354
|-heal|p2a: Fairy lover|147\/318|[from] drain|[of] p1a: Forretress
|
|-heal|p2a: Fairy lover|166\/318|[from] item: Leftovers
|-heal|p1a: Forretress|295\/354|[from] item: Leftovers
|turn|4
|
|move|p2a: Fairy lover|Knock Off|p1a: Forretress
|-damage|p1a: Forretress|193\/354
|-enditem|p1a: Forretress|Leftovers|[from] move: Knock Off|[of] p2a: Fairy lover
|move|p1a: Forretress|Stealth Rock|p2a: Fairy lover
|-sidestart|p2: dostornutria|move: Stealth Rock
|
|-heal|p2a: Fairy lover|185\/318|[from] item: Leftovers
|turn|5
|
|move|p2a: Fairy lover|Drain Punch|p1a: Forretress
|-damage|p1a: Forretress|112\/354
|-heal|p2a: Fairy lover|226\/318|[from] drain|[of] p1a: Forretress
|move|p1a: Forretress|Gyro Ball|p2a: Fairy lover
|-damage|p2a: Fairy lover|129\/318
|
|-heal|p2a: Fairy lover|148\/318|[from] item: Leftovers
|turn|6
|
|move|p2a: Fairy lover|Drain Punch|p1a: Forretress
|-damage|p1a: Forretress|18\/354
|-heal|p2a: Fairy lover|195\/318|[from] drain|[of] p1a: Forretress
|move|p1a: Forretress|Gyro Ball|p2a: Fairy lover
|-damage|p2a: Fairy lover|101\/318
|
|-heal|p2a: Fairy lover|120\/318|[from] item: Leftovers
|turn|7
|
|move|p2a: Fairy lover|Drain Punch|p1a: Forretress
|-damage|p1a: Forretress|0 fnt
|-heal|p2a: Fairy lover|129\/318|[from] drain|[of] p1a: Forretress
|faint|p1a: Forretress
|
|-heal|p2a: Fairy lover|148\/318|[from] item: Leftovers
|
|switch|p1a: Lucario|Lucario, M|281\/281
|turn|8
|
|move|p1a: Lucario|Vacuum Wave|p2a: Fairy lover
|-supereffective|p2a: Fairy lover
|-damage|p2a: Fairy lover|0 fnt
|-damage|p1a: Lucario|253\/281|[from] item: Life Orb
|faint|p2a: Fairy lover
|
|
|switch|p2a: jumbo nazi|Donphan, M|384\/384
|-damage|p2a: jumbo nazi|360\/384|[from] Stealth Rock
|turn|9
|
|move|p1a: Lucario|Aura Sphere|p2a: jumbo nazi
|-damage|p2a: jumbo nazi|94\/384
|-damage|p1a: Lucario|225\/281|[from] item: Life Orb
|move|p2a: jumbo nazi|Stealth Rock|p1a: Lucario
|-sidestart|p1: Dix pix|move: Stealth Rock
|
|-heal|p2a: jumbo nazi|118\/384|[from] item: Leftovers
|turn|10
|
|move|p1a: Lucario|Vacuum Wave|p2a: jumbo nazi
|-damage|p2a: jumbo nazi|0 fnt
|-damage|p1a: Lucario|197\/281|[from] item: Life Orb
|faint|p2a: jumbo nazi
|
|
|switch|p2a: Hydreigon|Hydreigon, M|328\/328
|-damage|p2a: Hydreigon|287\/328|[from] Stealth Rock
|turn|11
|
|switch|p1a: Entei|Entei, shiny|86\/371
|-damage|p1a: Entei|0 fnt|[from] Stealth Rock
|faint|p1a: Entei
|move|p2a: Hydreigon|Flamethrower|p1: Entei|[notarget]
|-notarget
|
|
|switch|p1a: Krookodile|Krookodile, F|331\/331
|-damage|p1a: Krookodile|311\/331|[from] Stealth Rock
|-ability|p1a: Krookodile|Intimidate|[of] p2a: Hydreigon
|-unboost|p2a: Hydreigon|atk|1
|turn|12
|
|move|p2a: Hydreigon|Dragon Pulse|p1a: Krookodile
|-damage|p1a: Krookodile|58\/331
|-damage|p2a: Hydreigon|255\/328|[from] item: Life Orb
|move|p1a: Krookodile|Pursuit|p2a: Hydreigon
|-resisted|p2a: Hydreigon
|-damage|p2a: Hydreigon|203\/328
|
|turn|13
|
|move|p2a: Hydreigon|Dragon Pulse|p1a: Krookodile
|-damage|p1a: Krookodile|0 fnt
|-damage|p2a: Hydreigon|171\/328|[from] item: Life Orb
|faint|p1a: Krookodile
|
|
|switch|p1a: Lucario|Lucario, M|197\/281
|-damage|p1a: Lucario|189\/281|[from] Stealth Rock
|turn|14
|
|move|p1a: Lucario|Vacuum Wave|p2a: Hydreigon
|-supereffective|p2a: Hydreigon
|-damage|p2a: Hydreigon|0 fnt
|-damage|p1a: Lucario|161\/281|[from] item: Life Orb
|faint|p2a: Hydreigon
|
|
|switch|p2a: goku|Infernape, M|294\/294
|-damage|p2a: goku|258\/294|[from] Stealth Rock
|turn|15
|
|move|p1a: Lucario|Vacuum Wave|p2a: goku
|-damage|p2a: goku|141\/294
|-damage|p1a: Lucario|133\/281|[from] item: Life Orb
|move|p2a: goku|Flare Blitz|p1a: Lucario
|-supereffective|p1a: Lucario
|-damage|p1a: Lucario|0 fnt
|-damage|p2a: goku|97\/294|[from] recoil|[of] p1a: Lucario
|-damage|p2a: goku|68\/294|[from] item: Life Orb
|faint|p1a: Lucario
|
|
|switch|p1a: Raikou|Raikou|322\/322
|-damage|p1a: Raikou|282\/322|[from] Stealth Rock
|-ability|p1a: Raikou|Pressure
|turn|16
|
|move|p1a: Raikou|Thunderbolt|p2a: goku
|-damage|p2a: goku|0 fnt
|faint|p2a: goku
|
|
|switch|p2a: Arcanine|Arcanine, F|353\/353
|-damage|p2a: Arcanine|265\/353|[from] Stealth Rock
|-ability|p2a: Arcanine|Intimidate|[of] p1a: Raikou
|-unboost|p1a: Raikou|atk|1
|turn|17
|
|move|p1a: Raikou|Thunderbolt|p2a: Arcanine
|-damage|p2a: Arcanine|105\/353
|move|p2a: Arcanine|Flare Blitz|p1a: Raikou
|-damage|p1a: Raikou|0 fnt
|-damage|p2a: Arcanine|12\/353|[from] recoil|[of] p1a: Raikou
|-damage|p2a: Arcanine|0 fnt|[from] item: Life Orb
|faint|p1a: Raikou
|faint|p2a: Arcanine
|
|win|Dix pix
|raw|Ladder updating...
|leave|Dix pix
|player|p1
|raw|Dix pix's rating: 1417 &rarr; <strong>1429<\/strong><br \/>(+12 for winning)
|raw|dostornutria's rating: 1271 &rarr; <strong>1256<\/strong><br \/>(-15 for losing)