|join|dudman
|join|Dix pix
|player|p1|dudman|171
|player|p2|Dix pix|165
|gametype|singles
|gen|6
|tier|UU
|rated
|rule|Sleep Clause Mod: Limit one foe put to sleep
|rule|Species Clause: Limit one of each PokÃ©mon
|rule|OHKO Clause: OHKO moves are banned
|rule|Moody Clause: Moody is banned
|rule|Evasion Moves Clause: Evasion moves are banned
|rule|Endless Battle Clause: Forcing endless battles is banned
|rule|HP Percentage Mod: HP is shown in percentages
|clearpoke
|poke|p1|Mienshao, F
|poke|p1|Krookodile, F
|poke|p1|Suicune
|poke|p1|Aggron, F
|poke|p1|Chandelure, F
|poke|p1|Whimsicott, F
|poke|p2|Hydreigon, M
|poke|p2|Chesnaught, M
|poke|p2|Toxicroak, M
|poke|p2|Metagross
|poke|p2|Krookodile, M
|poke|p2|Tentacruel, F
|rule|Swagger Clause: Swagger is banned
|rule|Baton Pass Clause: Limit one PokÃ©mon knowing Baton Pass
|teampreview
|
|start
|switch|p1a: Krookodile|Krookodile, F|331\/331
|switch|p2a: Metagross|Metagross|364\/364
|-ability|p1a: Krookodile|Intimidate|[of] p2a: Metagross
|-fail|p2a: Metagross|unboost|[from] ability: Clear Body|[of] p2a: Metagross
|turn|1
|
|switch|p2a: Chesnaught|Chesnaught, M|380\/380
|move|p1a: Krookodile|Knock Off|p2a: Chesnaught
|-resisted|p2a: Chesnaught
|-damage|p2a: Chesnaught|315\/380
|-enditem|p2a: Chesnaught|Leftovers|[from] move: Knock Off|[of] p1a: Krookodile
|
|turn|2
|
|move|p1a: Krookodile|Taunt|p2a: Chesnaught
|-start|p2a: Chesnaught|move: Taunt
|cant|p2a: Chesnaught|move: Taunt|Leech Seed
|
|turn|3
|
|switch|p1a: Chandelure|Chandelure, F|261\/261
|move|p2a: Chesnaught|Hammer Arm|p1a: Chandelure
|-immune|p1a: Chandelure|[msg]
|
|turn|4
|
|switch|p2a: Hydreigon|Hydreigon, M|325\/325
|move|p1a: Chandelure|Fire Blast|p2a: Hydreigon
|-resisted|p2a: Hydreigon
|-damage|p2a: Hydreigon|137\/325
|
|turn|5
|
|switch|p1a: Krookodile|Krookodile, F|331\/331
|-ability|p1a: Krookodile|Intimidate|[of] p2a: Hydreigon
|-unboost|p2a: Hydreigon|atk|1
|move|p2a: Hydreigon|U-turn|p1a: Krookodile
|-supereffective|p1a: Krookodile
|-damage|p1a: Krookodile|237\/331
|
|switch|p2a: Krookodile|Krookodile, M|331\/331
|-ability|p2a: Krookodile|Intimidate|[of] p1a: Krookodile
|-unboost|p1a: Krookodile|atk|1
|
|turn|6
|
|move|p2a: Krookodile|Earthquake|p1a: Krookodile
|-damage|p1a: Krookodile|0 fnt
|faint|p1a: Krookodile
|
|
|switch|p1a: Whimsicott|Whimsicott, F|261\/261
|turn|7
|
|switch|p2a: Metagross|Metagross|364\/364
|move|p1a: Whimsicott|U-turn|p2a: Metagross
|-damage|p2a: Metagross|335\/364
|
|switch|p1a: Chandelure|Chandelure, F|261\/261
|
|turn|8
|
|move|p1a: Chandelure|Fire Blast|p2a: Metagross
|-supereffective|p2a: Metagross
|-damage|p2a: Metagross|0 fnt
|faint|p2a: Metagross
|
|
|switch|p2a: Hydreigon|Hydreigon, M|137\/325
|turn|9
|
|switch|p1a: Whimsicott|Whimsicott, F|261\/261
|move|p2a: Hydreigon|Dark Pulse|p1a: Whimsicott
|-resisted|p1a: Whimsicott
|-damage|p1a: Whimsicott|171\/261
|
|-heal|p1a: Whimsicott|187\/261|[from] item: Leftovers
|turn|10
|
|move|p2a: Hydreigon|Dark Pulse|p1a: Whimsicott
|-resisted|p1a: Whimsicott
|-damage|p1a: Whimsicott|95\/261
|move|p1a: Whimsicott|U-turn|p2a: Hydreigon
|-supereffective|p2a: Hydreigon
|-damage|p2a: Hydreigon|45\/325
|
|switch|p1a: Mienshao|Mienshao, F|271\/271
|
|turn|11
|
|move|p1a: Mienshao|U-turn|p2a: Hydreigon
|-supereffective|p2a: Hydreigon
|-damage|p2a: Hydreigon|0 fnt
|faint|p2a: Hydreigon
|
|switch|p1a: Aggron|Aggron, F|344\/344
|
|
|switch|p2a: Chesnaught|Chesnaught, M|315\/380
|turn|12
|
|switch|p1a: Chandelure|Chandelure, F|261\/261
|move|p2a: Chesnaught|Spikes|p1a: Chandelure
|-sidestart|p1: dudman|Spikes
|
|turn|13
|
|move|p2a: Chesnaught|Spiky Shield|p2a: Chesnaught
|-singleturn|p2a: Chesnaught|move: Protect
|move|p1a: Chandelure|Fire Blast|p2a: Chesnaught
|-activate|p2a: Chesnaught|move: Protect
|
|turn|14
|
|switch|p2a: Tentacruel|Tentacruel, F|364\/364
|move|p1a: Chandelure|Fire Blast|p2a: Tentacruel
|-resisted|p2a: Tentacruel
|-damage|p2a: Tentacruel|259\/364
|
|-heal|p2a: Tentacruel|281\/364|[from] item: Black Sludge
|turn|15
|
|switch|p1a: Suicune|Suicune|367\/367
|-damage|p1a: Suicune|322\/367|[from] Spikes
|-ability|p1a: Suicune|Pressure
|move|p2a: Tentacruel|Acid Spray|p1a: Suicune
|-damage|p1a: Suicune|289\/367
|-unboost|p1a: Suicune|spd|2
|
|-heal|p1a: Suicune|311\/367|[from] item: Leftovers
|-heal|p2a: Tentacruel|303\/364|[from] item: Black Sludge
|turn|16
|
|move|p1a: Suicune|Scald|p2a: Tentacruel
|-resisted|p2a: Tentacruel
|-damage|p2a: Tentacruel|264\/364
|move|p2a: Tentacruel|Knock Off|p1a: Suicune
|-damage|p1a: Suicune|265\/367
|-enditem|p1a: Suicune|Leftovers|[from] move: Knock Off|[of] p2a: Tentacruel
|
|-heal|p2a: Tentacruel|286\/364|[from] item: Black Sludge
|turn|17
|
|switch|p1a: Aggron|Aggron, F|344\/344
|-damage|p1a: Aggron|301\/344|[from] Spikes
|move|p2a: Tentacruel|Acid Spray|p1a: Aggron
|-immune|p1a: Aggron|[msg]
|
|-heal|p2a: Tentacruel|308\/364|[from] item: Black Sludge
|turn|18
|
|detailschange|p1a: Aggron|Aggron-Mega, F
|message|Aggron has Mega Evolved into Mega Aggron!
|move|p2a: Tentacruel|Scald|p1a: Aggron
|-damage|p1a: Aggron|205\/344
|-status|p1a: Aggron|brn
|move|p1a: Aggron|Earthquake|p2a: Tentacruel
|-supereffective|p2a: Tentacruel
|-damage|p2a: Tentacruel|122\/364
|
|-heal|p2a: Tentacruel|144\/364|[from] item: Black Sludge
|-damage|p1a: Aggron|162\/344 brn|[from] brn
|turn|19
|
|switch|p2a: Chesnaught|Chesnaught, M|315\/380
|move|p1a: Aggron|Stealth Rock|p2a: Chesnaught
|-sidestart|p2: Dix pix|move: Stealth Rock
|
|-damage|p1a: Aggron|119\/344 brn|[from] brn
|turn|20
|
|move|p2a: Chesnaught|Spikes|p1a: Aggron
|-sidestart|p1: dudman|Spikes
|move|p1a: Aggron|Toxic|p2a: Chesnaught
|-status|p2a: Chesnaught|tox
|
|-damage|p2a: Chesnaught|292\/380 tox|[from] psn
|-damage|p1a: Aggron|76\/344 brn|[from] brn
|turn|21
|
|move|p2a: Chesnaught|Spikes|p1a: Aggron
|-sidestart|p1: dudman|Spikes
|move|p1a: Aggron|Heavy Slam|p2a: Chesnaught
|-damage|p2a: Chesnaught|228\/380 tox
|
|-damage|p2a: Chesnaught|182\/380 tox|[from] psn
|-damage|p1a: Aggron|33\/344 brn|[from] brn
|turn|22
|
|move|p2a: Chesnaught|Leech Seed|p1a: Aggron
|-start|p1a: Aggron|move: Leech Seed
|move|p1a: Aggron|Earthquake|p2a: Chesnaught
|-resisted|p2a: Chesnaught
|-damage|p2a: Chesnaught|161\/380 tox
|
|-damage|p1a: Aggron|0 fnt|[from] Leech Seed|[of] p2a: Chesnaught
|-heal|p2a: Chesnaught|194\/380 tox|[silent]
|-damage|p2a: Chesnaught|125\/380 tox|[from] psn
|faint|p1a: Aggron
|
|switch|p1a: Whimsicott|Whimsicott, F|95\/261
|-damage|p1a: Whimsicott|30\/261|[from] Spikes
|turn|23
|
|move|p1a: Whimsicott|Moonblast|p2a: Chesnaught
|-supereffective|p2a: Chesnaught
|-damage|p2a: Chesnaught|0 fnt
|faint|p2a: Chesnaught
|
|-heal|p1a: Whimsicott|46\/261|[from] item: Leftovers
|
|switch|p2a: Tentacruel|Tentacruel, F|144\/364
|-damage|p2a: Tentacruel|99\/364|[from] Stealth Rock
|turn|24
|
|move|p1a: Whimsicott|Giga Drain|p2a: Tentacruel
|-damage|p2a: Tentacruel|36\/364
|-damage|p1a: Whimsicott|14\/261|[from] ability: Liquid Ooze|[of] p2a: Tentacruel
|move|p2a: Tentacruel|Rapid Spin|p1a: Whimsicott
|-damage|p1a: Whimsicott|1\/261
|-sideend|p2: Dix pix|Stealth Rock|[from] move: Rapid Spin|[of] p2a: Tentacruel
|
|-heal|p1a: Whimsicott|17\/261|[from] item: Leftovers
|-heal|p2a: Tentacruel|58\/364|[from] item: Black Sludge
|turn|25
|
|move|p1a: Whimsicott|Encore|p2a: Tentacruel
|-start|p2a: Tentacruel|Encore
|move|p2a: Tentacruel|Rapid Spin|p1a: Whimsicott
|-damage|p1a: Whimsicott|4\/261
|
|-heal|p1a: Whimsicott|20\/261|[from] item: Leftovers
|-heal|p2a: Tentacruel|80\/364|[from] item: Black Sludge
|turn|26
|
|move|p1a: Whimsicott|Moonblast|p2a: Tentacruel
|-resisted|p2a: Tentacruel
|-damage|p2a: Tentacruel|38\/364
|move|p2a: Tentacruel|Rapid Spin|p1a: Whimsicott
|-damage|p1a: Whimsicott|8\/261
|
|-heal|p1a: Whimsicott|24\/261|[from] item: Leftovers
|-heal|p2a: Tentacruel|60\/364|[from] item: Black Sludge
|turn|27
|
|switch|p2a: Toxicroak|Toxicroak, M|307\/307
|move|p1a: Whimsicott|Moonblast|p2a: Toxicroak
|-crit|p2a: Toxicroak
|-damage|p2a: Toxicroak|45\/307
|
|-heal|p1a: Whimsicott|40\/261|[from] item: Leftovers
|turn|28
|
|move|p1a: Whimsicott|Encore|p2a: Toxicroak
|-fail|p2a: Toxicroak
|move|p2a: Toxicroak|Sucker Punch|p1a: Whimsicott
|-fail|p1a: Whimsicott
|
|-heal|p1a: Whimsicott|56\/261|[from] item: Leftovers
|turn|29
|
|move|p1a: Whimsicott|Encore|p2a: Toxicroak
|-start|p2a: Toxicroak|Encore
|move|p2a: Toxicroak|Sucker Punch|p1a: Whimsicott
|-fail|p1a: Whimsicott
|
|-heal|p1a: Whimsicott|72\/261|[from] item: Leftovers
|turn|30
|
|switch|p2a: Tentacruel|Tentacruel, F|60\/364
|move|p1a: Whimsicott|Moonblast|p2a: Tentacruel
|-resisted|p2a: Tentacruel
|-damage|p2a: Tentacruel|23\/364
|-unboost|p2a: Tentacruel|spa|1
|
|-heal|p1a: Whimsicott|88\/261|[from] item: Leftovers
|-heal|p2a: Tentacruel|45\/364|[from] item: Black Sludge
|turn|31
|
|move|p1a: Whimsicott|Giga Drain|p2a: Tentacruel
|-damage|p2a: Tentacruel|0 fnt
|-damage|p1a: Whimsicott|65\/261|[from] ability: Liquid Ooze|[of] p2a: Tentacruel
|faint|p2a: Tentacruel
|
|-heal|p1a: Whimsicott|81\/261|[from] item: Leftovers
|
|switch|p2a: Toxicroak|Toxicroak, M|45\/307
|turn|32
|
|move|p1a: Whimsicott|Moonblast|p2a: Toxicroak
|-damage|p2a: Toxicroak|0 fnt
|faint|p2a: Toxicroak
|
|-heal|p1a: Whimsicott|97\/261|[from] item: Leftovers
|
|switch|p2a: Krookodile|Krookodile, M|331\/331
|-ability|p2a: Krookodile|Intimidate|[of] p1a: Whimsicott
|-unboost|p1a: Whimsicott|atk|1
|turn|33
|
|move|p1a: Whimsicott|Giga Drain|p2a: Krookodile
|-supereffective|p2a: Krookodile
|-damage|p2a: Krookodile|77\/331
|-heal|p1a: Whimsicott|224\/261|[from] drain|[of] p2a: Krookodile
|move|p2a: Krookodile|Knock Off|p1a: Whimsicott
|-resisted|p1a: Whimsicott
|-damage|p1a: Whimsicott|80\/261
|-enditem|p1a: Whimsicott|Leftovers|[from] move: Knock Off|[of] p2a: Krookodile
|
|turn|34
|
|move|p1a: Whimsicott|Giga Drain|p2a: Krookodile
|-supereffective|p2a: Krookodile
|-damage|p2a: Krookodile|0 fnt
|-heal|p1a: Whimsicott|119\/261|[from] drain|[of] p2a: Krookodile
|faint|p2a: Krookodile
|
|win|dudman
|raw|Ladder updating...
|raw|dudman's rating: 1736 &rarr; <strong>1744<\/strong><br \/>(+8 for winning)
|raw|Dix pix's rating: 1482 &rarr; <strong>1475<\/strong><br \/>(-7 for losing)
|c|âdudman|gg