|join|Dix pix
|join|OG_Wanka
|player|p1|Dix pix|165
|player|p2|OG_Wanka|52
|gametype|singles
|gen|6
|tier|UU
|rule|Sleep Clause Mod: Limit one foe put to sleep
|rule|Species Clause: Limit one of each PokÃ©mon
|rule|OHKO Clause: OHKO moves are banned
|rule|Moody Clause: Moody is banned
|rule|Evasion Moves Clause: Evasion moves are banned
|rule|Endless Battle Clause: Forcing endless battles is banned
|rule|HP Percentage Mod: HP is shown in percentages
|clearpoke
|poke|p1|Hydreigon, F
|poke|p1|Jirachi
|poke|p1|Chandelure, F
|poke|p1|Forretress, M
|poke|p1|Ampharos, M
|poke|p1|Shaymin
|poke|p2|Absol, F, shiny
|poke|p2|Nidoqueen, F
|poke|p2|Shaymin, shiny
|poke|p2|Starmie, shiny
|poke|p2|Rotom-Heat
|poke|p2|Lucario, M
|rule|Swagger Clause: Swagger is banned
|rule|Baton Pass Clause: Limit one PokÃ©mon knowing Baton Pass
|teampreview
|join|Nappi Boi
|
|start
|switch|p1a: Jirachi|Jirachi|341\/341
|switch|p2a: me|Nidoqueen, F|335\/335
|turn|1
|
|move|p1a: Jirachi|U-turn|p2a: me
|-resisted|p2a: me
|-damage|p2a: me|296\/335
|
|switch|p1a: Hydreigon|Hydreigon, F|325\/325
|move|p2a: me|Earth Power|p1a: Hydreigon
|-immune|p1a: Hydreigon|[msg]
|
|turn|2
|
|move|p1a: Hydreigon|Draco Meteor|p2a: me
|-damage|p2a: me|0 fnt
|-unboost|p1a: Hydreigon|spa|2
|-damage|p1a: Hydreigon|293\/325|[from] item: Life Orb
|faint|p2a: me
|
|
|switch|p2a: noah|Rotom-Heat|304\/304
|turn|3
|c|âOG_Wanka|i didnt
|c|âOG_Wanka|fk
|c|âOG_Wanka|i did not mean to click rotom
|
|move|p1a: Hydreigon|U-turn|p2a: noah
|-resisted|p2a: noah
|-damage|p2a: noah|277\/304
|-damage|p1a: Hydreigon|261\/325|[from] item: Life Orb
|c|âOG_Wanka|eh whatever
|
|switch|p1a: Chandelure|Chandelure, F|261\/261
|move|p2a: noah|Volt Switch|p1a: Chandelure
|-damage|p1a: Chandelure|164\/261
|
|switch|p2a: dadsdad|Absol, F, shiny|271\/271
|
|turn|4
|
|detailschange|p2a: dadsdad|Absol-Mega, F, shiny
|message|Absol has Mega Evolved into Mega Absol!
|move|p1a: Chandelure|Flamethrower|p2a: dadsdad
|-damage|p2a: dadsdad|0 fnt
|faint|p2a: dadsdad
|
|c|âOG_Wanka|aww i pursuited
|c|âOG_Wanka|):
|
|switch|p2a: ninttega|Starmie, shiny|324\/324
|turn|5
|
|switch|p1a: Jirachi|Jirachi|341\/341
|switch|p2a: noah|Rotom-Heat|277\/304
|
|-heal|p2a: noah|296\/304|[from] item: Leftovers
|turn|6
|
|move|p1a: Jirachi|U-turn|p2a: noah
|-resisted|p2a: noah
|-damage|p2a: noah|272\/304
|join|felfnel
|
|switch|p1a: Ampharos|Ampharos, M|321\/321
|move|p2a: noah|Volt Switch|p1a: Ampharos
|-resisted|p1a: Ampharos
|-damage|p1a: Ampharos|273\/321
|
|switch|p2a: nick|Shaymin, shiny|341\/341
|
|turn|7
|
|detailschange|p1a: Ampharos|Ampharos-Mega, M
|message|Ampharos has Mega Evolved into Mega Ampharos!
|-ability|p1a: Ampharos|Mold Breaker
|move|p2a: nick|Dazzling Gleam|p1a: Ampharos
|-supereffective|p1a: Ampharos
|-damage|p1a: Ampharos|68\/321
|-damage|p2a: nick|307\/341|[from] item: Life Orb
|move|p1a: Ampharos|Volt Switch|p2a: nick
|-crit|p2a: nick
|-resisted|p2a: nick
|-damage|p2a: nick|203\/341
|
|switch|p1a: Forretress|Forretress, M|354\/354
|
|turn|8
|
|switch|p2a: nolan|Lucario, M|281\/281
|move|p1a: Forretress|Stealth Rock|p2a: nolan
|-sidestart|p2: OG_Wanka|move: Stealth Rock
|
|turn|9
|
|move|p2a: nolan|Swords Dance|p2a: nolan
|-boost|p2a: nolan|atk|2
|move|p1a: Forretress|Volt Switch|p2a: nolan
|-crit|p2a: nolan
|-damage|p2a: nolan|200\/281
|
|switch|p1a: Jirachi|Jirachi|341\/341
|
|turn|10
|
|move|p1a: Jirachi|Zen Headbutt|p2a: nolan
|-damage|p2a: nolan|37\/281
|move|p2a: nolan|Close Combat|p1a: Jirachi
|-damage|p1a: Jirachi|0 fnt
|-unboost|p2a: nolan|def|1
|-unboost|p2a: nolan|spd|1
|-damage|p2a: nolan|9\/281|[from] item: Life Orb
|faint|p1a: Jirachi
|
|
|switch|p1a: Forretress|Forretress, M|354\/354
|turn|11
|
|move|p2a: nolan|Close Combat|p1a: Forretress
|-damage|p1a: Forretress|49\/354
|-unboost|p2a: nolan|def|1
|-unboost|p2a: nolan|spd|1
|-damage|p2a: nolan|0 fnt|[from] item: Life Orb
|faint|p2a: nolan
|move|p1a: Forretress|Toxic Spikes|p2: nolan
|-sidestart|p2: OG_Wanka|move: Toxic Spikes
|
|-heal|p1a: Forretress|71\/354|[from] item: Leftovers
|
|switch|p2a: ninttega|Starmie, shiny|324\/324
|-damage|p2a: ninttega|284\/324|[from] Stealth Rock
|-status|p2a: ninttega|psn
|turn|12
|
|move|p2a: ninttega|Rapid Spin|p1a: Forretress
|-resisted|p1a: Forretress
|-damage|p1a: Forretress|68\/354
|-sideend|p2: OG_Wanka|Toxic Spikes|[from] move: Rapid Spin|[of] p2a: ninttega
|-sideend|p2: OG_Wanka|Stealth Rock|[from] move: Rapid Spin|[of] p2a: ninttega
|move|p1a: Forretress|Volt Switch|p2a: ninttega
|-supereffective|p2a: ninttega
|-damage|p2a: ninttega|194\/324 psn
|
|switch|p1a: Ampharos|Ampharos-Mega, M|68\/321
|-ability|p1a: Ampharos|Mold Breaker
|
|-heal|p2a: ninttega|214\/324 psn|[from] item: Leftovers
|-damage|p2a: ninttega|174\/324 psn|[from] psn
|turn|13
|
|move|p2a: ninttega|Ice Beam|p1a: Ampharos
|-supereffective|p1a: Ampharos
|-damage|p1a: Ampharos|0 fnt
|faint|p1a: Ampharos
|
|-heal|p2a: ninttega|194\/324 psn|[from] item: Leftovers
|-damage|p2a: ninttega|154\/324 psn|[from] psn
|
|switch|p1a: Shaymin|Shaymin|341\/341
|turn|14
|
|switch|p2a: nick|Shaymin, shiny|203\/341
|move|p1a: Shaymin|Seed Flare|p2a: nick|[miss]
|-miss|p1a: Shaymin|p2a: nick
|
|turn|15
|
|switch|p1a: Forretress|Forretress, M|68\/354
|move|p2a: nick|Synthesis|p2a: nick
|-heal|p2a: nick|341\/341
|
|-heal|p1a: Forretress|90\/354|[from] item: Leftovers
|turn|16
|
|move|p2a: nick|Earth Power|p1a: Forretress
|-damage|p1a: Forretress|0 fnt
|-damage|p2a: nick|307\/341|[from] item: Life Orb
|faint|p1a: Forretress
|
|
|switch|p1a: Chandelure|Chandelure, F|164\/261
|turn|17
|
|switch|p2a: noah|Rotom-Heat|272\/304
|move|p1a: Chandelure|Shadow Ball|p2a: noah
|-crit|p2a: noah
|-damage|p2a: noah|0 fnt
|faint|p2a: noah
|
|
|switch|p2a: nick|Shaymin, shiny|307\/341
|turn|18
|
|move|p2a: nick|Dazzling Gleam|p1a: Chandelure
|-crit|p1a: Chandelure
|-resisted|p1a: Chandelure
|-damage|p1a: Chandelure|81\/261
|-damage|p2a: nick|273\/341|[from] item: Life Orb
|move|p1a: Chandelure|Shadow Ball|p2a: nick
|-damage|p2a: nick|32\/341
|
|turn|19
|
|move|p2a: nick|Earth Power|p1a: Chandelure
|-supereffective|p1a: Chandelure
|-damage|p1a: Chandelure|0 fnt
|-damage|p2a: nick|0 fnt|[from] item: Life Orb
|faint|p1a: Chandelure
|faint|p2a: nick
|
|
|switch|p1a: Shaymin|Shaymin|341\/341
|switch|p2a: ninttega|Starmie, shiny|154\/324
|turn|20
|c|âOG_Wanka|gg
|join|Volbeatdown
|
|move|p1a: Shaymin|Seed Flare|p2a: ninttega
|-supereffective|p2a: ninttega
|-damage|p2a: ninttega|0 fnt
|-damage|p1a: Shaymin|307\/341|[from] item: Life Orb
|faint|p2a: ninttega
|
|win|Dix pix
|c|âDix pix|gg
|leave|Volbeatdown
|leave|OG_Wanka
|player|p2
|leave|Dix pix
|player|p1