|join|dix pix
|join|cp3mvp
|player|p1|dix pix|165
|player|p2|cp3mvp|75
|gametype|singles
|gen|6
|tier|UU
|rated
|rule|Sleep Clause Mod: Limit one foe put to sleep
|rule|Species Clause: Limit one of each PokÃ©mon
|rule|OHKO Clause: OHKO moves are banned
|rule|Moody Clause: Moody is banned
|rule|Evasion Moves Clause: Evasion moves are banned
|rule|Endless Battle Clause: Forcing endless battles is banned
|rule|HP Percentage Mod: HP is shown in percentages
|clearpoke
|poke|p1|Krookodile, F
|poke|p1|Lucario, F
|poke|p1|Suicune
|poke|p1|Forretress, F
|poke|p1|Entei, shiny
|poke|p1|Raikou
|poke|p2|Krookodile, M
|poke|p2|Swampert, F
|poke|p2|Mienshao, M
|poke|p2|Haxorus, M
|poke|p2|Chandelure, M
|poke|p2|Aerodactyl, F
|rule|Swagger Clause: Swagger is banned
|rule|Baton Pass Clause: Limit one PokÃ©mon knowing Baton Pass
|teampreview
|
|start
|switch|p1a: Krookodile|Krookodile, F|331\/331
|switch|p2a: Mienshao|Mienshao, M|271\/271
|-ability|p1a: Krookodile|Intimidate|[of] p2a: Mienshao
|-unboost|p2a: Mienshao|atk|1
|turn|1
|
|switch|p1a: Forretress|Forretress, F|354\/354
|move|p2a: Mienshao|U-turn|p1a: Forretress
|-resisted|p1a: Forretress
|-damage|p1a: Forretress|338\/354
|
|switch|p2a: Chandelure|Chandelure, M|261\/261
|
|-heal|p1a: Forretress|354\/354|[from] item: Leftovers
|turn|2
|
|move|p2a: Chandelure|Substitute|p2a: Chandelure
|-start|p2a: Chandelure|Substitute
|-damage|p2a: Chandelure|196\/261
|move|p1a: Forretress|Volt Switch|p2a: Chandelure
|-activate|p2a: Chandelure|Substitute|[damage]
|
|switch|p1a: Raikou|Raikou|322\/322
|-ability|p1a: Raikou|Pressure
|
|-heal|p2a: Chandelure|212\/261|[from] item: Leftovers
|turn|3
|
|switch|p2a: Swampert|Swampert, F|404\/404
|move|p1a: Raikou|Thunderbolt|p2a: Swampert
|-immune|p2a: Swampert|[msg]
|
|turn|4
|
|move|p1a: Raikou|Hidden Power|p2a: Swampert
|-supereffective|p2a: Swampert
|-damage|p2a: Swampert|128\/404
|move|p2a: Swampert|Stealth Rock|p1a: Raikou
|-sidestart|p1: dix pix|move: Stealth Rock
|
|-heal|p2a: Swampert|153\/404|[from] item: Leftovers
|turn|5
|
|switch|p2a: Aerodactyl|Aerodactyl, F|302\/302
|move|p1a: Raikou|Hidden Power|p2a: Aerodactyl
|-damage|p2a: Aerodactyl|221\/302
|
|turn|6
|
|switch|p1a: Forretress|Forretress, F|354\/354
|-damage|p1a: Forretress|310\/354|[from] Stealth Rock
|detailschange|p2a: Aerodactyl|Aerodactyl-Mega, F
|message|Aerodactyl has Mega Evolved into Mega Aerodactyl!
|move|p2a: Aerodactyl|Earthquake|p1a: Forretress
|-damage|p1a: Forretress|245\/354
|
|-heal|p1a: Forretress|267\/354|[from] item: Leftovers
|turn|7
|
|switch|p2a: Chandelure|Chandelure, M|212\/261
|move|p1a: Forretress|Stealth Rock|p2a: Chandelure
|-sidestart|p2: cp3mvp|move: Stealth Rock
|
|-heal|p2a: Chandelure|228\/261|[from] item: Leftovers
|-heal|p1a: Forretress|289\/354|[from] item: Leftovers
|turn|8
|
|switch|p1a: Raikou|Raikou|322\/322
|-damage|p1a: Raikou|282\/322|[from] Stealth Rock
|-ability|p1a: Raikou|Pressure
|move|p2a: Chandelure|Flamethrower|p1a: Raikou
|-damage|p1a: Raikou|158\/322
|
|-heal|p2a: Chandelure|244\/261|[from] item: Leftovers
|turn|9
|
|move|p1a: Raikou|Thunderbolt|p2a: Chandelure
|-damage|p2a: Chandelure|88\/261
|-status|p2a: Chandelure|par
|cant|p2a: Chandelure|par
|
|-heal|p2a: Chandelure|104\/261 par|[from] item: Leftovers
|turn|10
|c|âcp3mvp|lol ofc.
|
|move|p1a: Raikou|Thunderbolt|p2a: Chandelure
|-damage|p2a: Chandelure|0 fnt
|faint|p2a: Chandelure
|
|
|switch|p2a: Mienshao|Mienshao, M|271\/271
|-damage|p2a: Mienshao|255\/271|[from] Stealth Rock
|turn|11
|
|switch|p1a: Suicune|Suicune|404\/404
|-damage|p1a: Suicune|354\/404|[from] Stealth Rock
|-ability|p1a: Suicune|Pressure
|move|p2a: Mienshao|High Jump Kick|p1a: Suicune
|-damage|p1a: Suicune|174\/404
|
|-heal|p1a: Suicune|199\/404|[from] item: Leftovers
|turn|12
|
|move|p2a: Mienshao|High Jump Kick|p1a: Suicune
|-damage|p1a: Suicune|19\/404
|move|p1a: Suicune|Scald|p2a: Mienshao
|-damage|p2a: Mienshao|134\/271
|-status|p2a: Mienshao|brn
|
|-heal|p1a: Suicune|44\/404|[from] item: Leftovers
|-damage|p2a: Mienshao|101\/271 brn|[from] brn
|turn|13
|c|âcp3mvp|yup
|
|move|p2a: Mienshao|High Jump Kick|p1a: Suicune
|-damage|p1a: Suicune|0 fnt
|faint|p1a: Suicune
|
|-damage|p2a: Mienshao|68\/271 brn|[from] brn
|c|âcp3mvp|lucky win
|
|switch|p1a: Forretress|Forretress, F|289\/354
|-damage|p1a: Forretress|245\/354|[from] Stealth Rock
|turn|14
|
|switch|p2a: Swampert|Swampert, F|153\/404
|-damage|p2a: Swampert|128\/404|[from] Stealth Rock
|move|p1a: Forretress|Rapid Spin|p2a: Swampert
|-damage|p2a: Swampert|115\/404
|-sideend|p1: dix pix|Stealth Rock|[from] move: Rapid Spin|[of] p1a: Forretress
|
|-heal|p2a: Swampert|140\/404|[from] item: Leftovers
|-heal|p1a: Forretress|267\/354|[from] item: Leftovers
|turn|15
|
|switch|p1a: Krookodile|Krookodile, F|331\/331
|-ability|p1a: Krookodile|Intimidate|[of] p2a: Swampert
|-unboost|p2a: Swampert|atk|1
|move|p2a: Swampert|Stealth Rock|p1a: Krookodile
|-sidestart|p1: dix pix|move: Stealth Rock
|
|-heal|p2a: Swampert|165\/404|[from] item: Leftovers
|turn|16
|
|switch|p2a: Mienshao|Mienshao, M|68\/271 brn
|-damage|p2a: Mienshao|52\/271 brn|[from] Stealth Rock
|move|p1a: Krookodile|Knock Off|p2a: Mienshao
|-resisted|p2a: Mienshao
|-damage|p2a: Mienshao|0 fnt
|-enditem|p2a: Mienshao|Choice Scarf|[from] move: Knock Off|[of] p1a: Krookodile
|faint|p2a: Mienshao
|
|
|switch|p2a: Krookodile|Krookodile, M|331\/331
|-damage|p2a: Krookodile|311\/331|[from] Stealth Rock
|-ability|p2a: Krookodile|Intimidate|[of] p1a: Krookodile
|-unboost|p1a: Krookodile|atk|1
|turn|17
|
|move|p1a: Krookodile|Knock Off|p2a: Krookodile
|-resisted|p2a: Krookodile
|-damage|p2a: Krookodile|213\/331
|-enditem|p2a: Krookodile|Choice Band|[from] move: Knock Off|[of] p1a: Krookodile
|move|p2a: Krookodile|Earthquake|p1a: Krookodile
|-damage|p1a: Krookodile|118\/331
|
|turn|18
|
|move|p2a: Krookodile|Earthquake|p1a: Krookodile
|-damage|p1a: Krookodile|0 fnt
|faint|p1a: Krookodile
|
|
|switch|p1a: Raikou|Raikou|158\/322
|-damage|p1a: Raikou|118\/322|[from] Stealth Rock
|-ability|p1a: Raikou|Pressure
|turn|19
|
|switch|p2a: Haxorus|Haxorus, M|299\/299
|-damage|p2a: Haxorus|262\/299|[from] Stealth Rock
|-ability|p2a: Haxorus|Mold Breaker
|move|p1a: Raikou|Hidden Power|p2a: Haxorus
|-resisted|p2a: Haxorus
|-damage|p2a: Haxorus|220\/299
|
|turn|20
|
|move|p1a: Raikou|Volt Switch|p2a: Haxorus
|-resisted|p2a: Haxorus
|-damage|p2a: Haxorus|147\/299
|
|switch|p1a: Forretress|Forretress, F|267\/354
|-damage|p1a: Forretress|223\/354|[from] Stealth Rock
|move|p2a: Haxorus|Swords Dance|p2a: Haxorus
|-boost|p2a: Haxorus|atk|2
|
|-heal|p1a: Forretress|245\/354|[from] item: Leftovers
|turn|21
|
|move|p2a: Haxorus|Earthquake|p1a: Forretress
|-damage|p1a: Forretress|87\/354
|move|p1a: Forretress|Gyro Ball|p2a: Haxorus
|-damage|p2a: Haxorus|24\/299
|
|-heal|p1a: Forretress|109\/354|[from] item: Leftovers
|turn|22
|
|move|p2a: Haxorus|Earthquake|p1a: Forretress
|-damage|p1a: Forretress|0 fnt
|faint|p1a: Forretress
|
|
|switch|p1a: Raikou|Raikou|118\/322
|-damage|p1a: Raikou|78\/322|[from] Stealth Rock
|-ability|p1a: Raikou|Pressure
|turn|23
|
|move|p1a: Raikou|Thunderbolt|p2a: Haxorus
|-resisted|p2a: Haxorus
|-damage|p2a: Haxorus|0 fnt
|faint|p2a: Haxorus
|
|
|switch|p2a: Aerodactyl|Aerodactyl-Mega, F|221\/302
|-damage|p2a: Aerodactyl|146\/302|[from] Stealth Rock
|turn|24
|
|move|p2a: Aerodactyl|Earthquake|p1a: Raikou
|-supereffective|p1a: Raikou
|-damage|p1a: Raikou|0 fnt
|faint|p1a: Raikou
|
|
|switch|p1a: Entei|Entei, shiny|371\/371
|-damage|p1a: Entei|279\/371|[from] Stealth Rock
|-ability|p1a: Entei|Pressure
|turn|25
|
|move|p1a: Entei|Extreme Speed|p2a: Aerodactyl
|-resisted|p2a: Aerodactyl
|-damage|p2a: Aerodactyl|63\/302
|move|p2a: Aerodactyl|Stone Edge|p1a: Entei
|-supereffective|p1a: Entei
|-damage|p1a: Entei|0 fnt
|faint|p1a: Entei
|
|
|switch|p1a: Lucario|Lucario, F|281\/281
|-damage|p1a: Lucario|273\/281|[from] Stealth Rock
|turn|26
|c|âcp3mvp|with all that hax
|c|âcp3mvp|and still losing
|
|move|p1a: Lucario|Vacuum Wave|p2a: Aerodactyl
|-crit|p2a: Aerodactyl
|-damage|p2a: Aerodactyl|0 fnt
|-damage|p1a: Lucario|245\/281|[from] item: Life Orb
|faint|p2a: Aerodactyl
|
|c|âdix pix|me?
|c|âdix pix|are you kidding
|c|âcp3mvp|nvm
|c|âdix pix|i think i win
|c|âdix pix|lol
|c|âcp3mvp|you still won
|c|âcp3mvp|cos of lucky special lucario
|
|switch|p2a: Swampert|Swampert, F|165\/404
|-damage|p2a: Swampert|140\/404|[from] Stealth Rock
|turn|27
|join|bluri
|
|move|p1a: Lucario|Aura Sphere|p2a: Swampert
|-crit|p2a: Swampert
|-damage|p2a: Swampert|0 fnt
|-damage|p1a: Lucario|217\/281|[from] item: Life Orb
|faint|p2a: Swampert
|
|
|switch|p2a: Krookodile|Krookodile, M|213\/331
|-damage|p2a: Krookodile|193\/331|[from] Stealth Rock
|-ability|p2a: Krookodile|Intimidate|[of] p1a: Lucario
|-unboost|p1a: Lucario|atk|1
|turn|28
|c|âcp3mvp|lucky players need to go
|c|âcp3mvp|away
|c|âdix pix|i mean
|c|âdix pix|i am 9 on the ladder
|c|âdix pix|so its amore than luck
|c|âdix pix|and im also 4 on the ladder
|c|âdix pix|sooooo
|c|âcp3mvp|yup
|c|âcp3mvp|i guess ur that lucky.
|c| bluri|lol
|leave|bluri
|
|move|p1a: Lucario|Vacuum Wave|p2a: Krookodile
|-supereffective|p2a: Krookodile
|-damage|p2a: Krookodile|0 fnt
|-damage|p1a: Lucario|189\/281|[from] item: Life Orb
|faint|p2a: Krookodile
|
|win|dix pix
|raw|Ladder updating...
|raw|dix pix's rating: 1749 &rarr; <strong>1760<\/strong><br \/>(+11 for winning)
|raw|cp3mvp's rating: 1585 &rarr; <strong>1574<\/strong><br \/>(-11 for losing)
|c|âdix pix|>being this slatty
|c|âcp3mvp|gg
|c|âcp3mvp|idrc
|leave|cp3mvp
|player|p2