|join|IONLYLOSETODCs14
|join|Dix pix
|player|p1|IONLYLOSETODCs14|125
|player|p2|Dix pix|165
|gametype|singles
|gen|6
|tier|UU
|rated
|rule|Sleep Clause Mod: Limit one foe put to sleep
|rule|Species Clause: Limit one of each PokÃ©mon
|rule|OHKO Clause: OHKO moves are banned
|rule|Moody Clause: Moody is banned
|rule|Evasion Moves Clause: Evasion moves are banned
|rule|Endless Battle Clause: Forcing endless battles is banned
|rule|HP Percentage Mod: HP is shown in percentages
|clearpoke
|poke|p1|Swampert, F, shiny
|poke|p1|Alakazam, F, shiny
|poke|p1|Jirachi, shiny
|poke|p1|Machamp, F, shiny
|poke|p1|Crobat, F, shiny
|poke|p1|Shaymin, shiny
|poke|p2|Krookodile, F
|poke|p2|Lucario, M
|poke|p2|Suicune
|poke|p2|Forretress, F
|poke|p2|Entei, shiny
|poke|p2|Raikou
|rule|Swagger Clause: Swagger is banned
|rule|Baton Pass Clause: Limit one PokÃ©mon knowing Baton Pass
|teampreview
|
|start
|switch|p1a: Swampert|Swampert, F, shiny|403\/403
|switch|p2a: Entei|Entei, shiny|371\/371
|-ability|p2a: Entei|Pressure
|turn|1
|
|move|p2a: Entei|Sacred Fire|p1a: Swampert
|-resisted|p1a: Swampert
|-damage|p1a: Swampert|301\/403
|-status|p1a: Swampert|brn
|move|p1a: Swampert|Stealth Rock|p2a: Entei
|-sidestart|p2: Dix pix|move: Stealth Rock
|
|-heal|p1a: Swampert|326\/403 brn|[from] item: Leftovers
|-damage|p1a: Swampert|276\/403 brn|[from] brn
|turn|2
|c|âIONLYLOSETODCs14|TAHTS BS
|c|âIONLYLOSETODCs14|TURN 1 BURN
|c|âIONLYLOSETODCs14|HAX RELIANT SKILLESS PITIFUL PATHETIC SCRUB
|
|switch|p2a: Raikou|Raikou|322\/322
|-damage|p2a: Raikou|282\/322|[from] Stealth Rock
|-ability|p2a: Raikou|Pressure
|move|p1a: Swampert|Scald|p2a: Raikou
|-damage|p2a: Raikou|224\/322
|
|-heal|p1a: Swampert|301\/403 brn|[from] item: Leftovers
|-damage|p1a: Swampert|251\/403 brn|[from] brn
|turn|3
|c|âDix pix|its 50% you autistic negro
|c|âIONLYLOSETODCs14|APOLOGISE WITH DIGNITY NOW
|c|âIONLYLOSETODCs14|HAX RELIANT SKILLESS PITIFUL PATHETIC WORTHLESS FUCKING SCRUB
|c|âIONLYLOSETODCs14|CHECK MY PRO RECORD
|join|hand relief
|c|âIONLYLOSETODCs14|THATS NO NOOB YOU IDIOT
|c|âDix pix|im sure youre shit
|c|âIONLYLOSETODCs14|IM 34-4 WITH 2 DISCONNECTS
|join|Clefairy
|c|âIONLYLOSETODCs14|NASTY PITIFUL PATHETIC SHAMEFUL WORTHLESS SCRUB
|c|+Clefairy|wow ok
|c|âDix pix|le slatty face
|c|âIONLYLOSETODCs14|SAYS THE IDIOT WHOS TEAM GETS 6-0D BY SWAMPERT WITHOUT BS UNFAIR HAX
|c|âDix pix|lol
|
|switch|p1a: Shaymin|Shaymin, shiny|341\/341
|move|p2a: Raikou|Volt Switch|p1a: Shaymin
|-resisted|p1a: Shaymin
|-damage|p1a: Shaymin|289\/341
|c|âDix pix|>implying im not 4 on the ladder
|c|+Clefairy|why in the fuck are you running suicune entei and raikou
|c|âDix pix|fucing idiots
|c|+Clefairy|literally what
|c|âDix pix|lol clefairy
|c|âDix pix|i litearlly made a trip doge team
|c|âDix pix|and ive gotten consistantly top 5
|c|âDix pix|on three different alts
|
|switch|p2a: Forretress|Forretress, F|354\/354
|-damage|p2a: Forretress|310\/354|[from] Stealth Rock
|
|-heal|p2a: Forretress|332\/354|[from] item: Leftovers
|turn|4
|c|+Clefairy|huh
|
|switch|p1a: Jirachi|Jirachi, shiny|341\/341
|move|p2a: Forretress|Rapid Spin|p1a: Jirachi
|-resisted|p1a: Jirachi
|-damage|p1a: Jirachi|333\/341
|-sideend|p2: Dix pix|Stealth Rock|[from] move: Rapid Spin|[of] p2a: Forretress
|
|-heal|p2a: Forretress|354\/354|[from] item: Leftovers
|turn|5
|
|move|p1a: Jirachi|Trick|p2a: Forretress
|-activate|p1a: Jirachi|move: Trick|[of] p2a: Forretress
|-item|p2a: Forretress|Choice Scarf|[from] move: Trick
|-item|p1a: Jirachi|Leftovers|[from] move: Trick
|move|p2a: Forretress|Stealth Rock|p1a: Jirachi
|-sidestart|p1: IONLYLOSETODCs14|move: Stealth Rock
|
|-heal|p1a: Jirachi|341\/341|[from] item: Leftovers
|turn|6
|c|âIONLYLOSETODCs14|LOL NICE SCARF FORRETRESS
|c|âIONLYLOSETODCs14|AHAHHAHAHAHHAHA
|c|âIONLYLOSETODCs14|WHOS SHIT NOW
|c|âDix pix|youre literally retarded
|c|âIONLYLOSETODCs14|PITIFUL PATHETIC SHAMEFUL WORTHLESS WEAK IDIOTIC SCRUB
|c|âIONLYLOSETODCs14|AND YOU IDIOT THANKS FOR THE FREE MOMENTUM
|
|switch|p2a: Entei|Entei, shiny|371\/371
|-ability|p2a: Entei|Pressure
|move|p1a: Jirachi|U-turn|p2a: Entei
|-resisted|p2a: Entei
|-damage|p2a: Entei|331\/371
|
|switch|p1a: Swampert|Swampert, F, shiny|251\/403 brn
|-damage|p1a: Swampert|226\/403 brn|[from] Stealth Rock
|
|-heal|p1a: Swampert|251\/403 brn|[from] item: Leftovers
|-damage|p1a: Swampert|201\/403 brn|[from] brn
|turn|7
|
|switch|p2a: Forretress|Forretress, F|354\/354
|move|p1a: Swampert|Scald|p2a: Forretress
|-damage|p2a: Forretress|231\/354
|
|-heal|p1a: Swampert|226\/403 brn|[from] item: Leftovers
|-damage|p1a: Swampert|176\/403 brn|[from] brn
|turn|8
|c|âIONLYLOSETODCs14|NO FUCKING BURN HAX
|c|âIONLYLOSETODCs14|IN TWO SCALDS
|c|âIONLYLOSETODCs14|AND YOU GET IT IN ONE
|c|âIONLYLOSETODCs14|THATS JUST UNFAIR
|
|move|p1a: Swampert|Stealth Rock|p2a: Forretress
|-sidestart|p2: Dix pix|move: Stealth Rock
|move|p2a: Forretress|Volt Switch|p1a: Swampert
|-immune|p1a: Swampert|[msg]
|
|-heal|p1a: Swampert|201\/403 brn|[from] item: Leftovers
|-damage|p1a: Swampert|151\/403 brn|[from] brn
|turn|9
|c|âIONLYLOSETODCs14|LOL VOLT SWITCH ON A GROUND TYPE
|c|+Clefairy|damn
|c|âIONLYLOSETODCs14|GET GOOD
|c| hand relief|trash can him azian!
|c|+Clefairy|youre maximum mad
|c|âIONLYLOSETODCs14|YOU FUCKING PITIFUL PATHETIC SHAMEFUL WEAK WORTHLESS IMBECILE
|
|move|p1a: Swampert|Scald|p2a: Forretress
|-damage|p2a: Forretress|98\/354
|move|p2a: Forretress|Volt Switch|p1a: Swampert
|-immune|p1a: Swampert|[msg]
|
|-heal|p1a: Swampert|176\/403 brn|[from] item: Leftovers
|-damage|p1a: Swampert|126\/403 brn|[from] brn
|turn|10
|c|âDix pix|lol hand
|
|move|p1a: Swampert|Scald|p2a: Forretress
|-damage|p2a: Forretress|0 fnt
|faint|p2a: Forretress
|
|-heal|p1a: Swampert|151\/403 brn|[from] item: Leftovers
|-damage|p1a: Swampert|101\/403 brn|[from] brn
|
|switch|p2a: Lucario|Lucario, M|281\/281
|-damage|p2a: Lucario|273\/281|[from] Stealth Rock
|turn|11
|
|move|p2a: Lucario|Aura Sphere|p1a: Swampert
|-damage|p1a: Swampert|0 fnt
|-damage|p2a: Lucario|245\/281|[from] item: Life Orb
|faint|p1a: Swampert
|
|c| hand relief|shove his right the bottom of the dumpster then drop ur pants, take the biggest dump of ur life and seal the lid with super glue
|c| hand relief|him*
|c|+Clefairy|lewd
|c|âDix pix|nah he will probably win man
|c|âDix pix|his team beats mine tbqh
|c| hand relief|UR HAVE TO CAN HIM
|c|âDix pix|since this team struggles with alakazam and shaymin
|
|switch|p1a: Alakazam|Alakazam, F, shiny|251\/251
|turn|12
|c|âDix pix|kek he has both
|leave|hand relief
|
|detailschange|p1a: Alakazam|Alakazam-Mega, F, shiny
|message|Alakazam has Mega Evolved into Mega Alakazam!
|-ability|p1a: Alakazam|Steadfast|[from] ability: Trace|[of] p2a: Lucario
|move|p1a: Alakazam|Dazzling Gleam|p2a: Lucario
|-damage|p2a: Lucario|73\/281
|move|p2a: Lucario|Flash Cannon|p1a: Alakazam
|-damage|p1a: Alakazam|68\/251
|-damage|p2a: Lucario|45\/281|[from] item: Life Orb
|
|turn|13
|
|switch|p2a: Entei|Entei, shiny|331\/371
|-damage|p2a: Entei|239\/371|[from] Stealth Rock
|-ability|p2a: Entei|Pressure
|move|p1a: Alakazam|Psychic|p2a: Entei
|-damage|p2a: Entei|0 fnt
|faint|p2a: Entei
|
|
|switch|p2a: Raikou|Raikou|224\/322
|-damage|p2a: Raikou|184\/322|[from] Stealth Rock
|-ability|p2a: Raikou|Pressure
|turn|14
|c|âIONLYLOSETODCs14|WHICH IDIOT EVEN USES SPECIAL LUCARIO
|c|âIONLYLOSETODCs14|GET GOOD IMBECILE
|c|+Clefairy|why are you so angry
|c|âIONLYLOSETODCs14|SKILLESS PITIFUL PATHETIC SHAMEFUL WORTHLESS COWARDLY SCRUB
|c|âIONLYLOSETODCs14|WHOS THE NOOB NOW IDIOT
|c|âIONLYLOSETODCs14|GONE SILENT HAVE WE
|c|âIONLYLOSETODCs14|PAHAHAHHAHA
|c|âIONLYLOSETODCs14|NOW YOURE GETTING OUTSKILLED
|c|âIONLYLOSETODCs14|BY THE TRUE IMMORTAL ALMIGHTY PRO
|join|121teamtesitng
|
|move|p1a: Alakazam|Protect|p1a: Alakazam
|-singleturn|p1a: Alakazam|Protect
|move|p2a: Raikou|Thunderbolt|p1a: Alakazam
|-activate|p1a: Alakazam|Protect
|
|turn|15
|
|switch|p1a: Shaymin|Shaymin, shiny|289\/341
|-damage|p1a: Shaymin|247\/341|[from] Stealth Rock
|move|p2a: Raikou|Thunderbolt|p1a: Shaymin
|-resisted|p1a: Shaymin
|-damage|p1a: Shaymin|170\/341
|
|turn|16
|leave|121teamtesitng
|
|move|p2a: Raikou|Extrasensory|p1a: Shaymin
|-crit|p1a: Shaymin
|-damage|p1a: Shaymin|36\/341
|move|p1a: Shaymin|Seed Flare|p2a: Raikou
|-damage|p2a: Raikou|0 fnt
|faint|p2a: Raikou
|
|
|switch|p2a: Lucario|Lucario, M|45\/281
|-damage|p2a: Lucario|37\/281|[from] Stealth Rock
|turn|17
|
|switch|p1a: Crobat|Crobat, F, shiny|331\/331
|-damage|p1a: Crobat|249\/331|[from] Stealth Rock
|move|p2a: Lucario|Vacuum Wave|p1a: Crobat
|-resisted|p1a: Crobat
|-damage|p1a: Crobat|222\/331
|-damage|p2a: Lucario|9\/281|[from] item: Life Orb
|
|turn|18
|c|+Clefairy|you got kinda donked there
|
|switch|p2a: Suicune|Suicune|404\/404
|-damage|p2a: Suicune|354\/404|[from] Stealth Rock
|-ability|p2a: Suicune|Pressure
|move|p1a: Crobat|Defog|p2a: Suicune
|-unboost|p2a: Suicune|evasion|1
|-sideend|p2: Dix pix|Stealth Rock|[from] move: Defog|[of] p2a: Suicune
|-sideend|p1: IONLYLOSETODCs14|Stealth Rock|[from] move: Defog|[of] p1a: Crobat
|
|-heal|p2a: Suicune|379\/404|[from] item: Leftovers
|turn|19
|
|move|p1a: Crobat|U-turn|p2a: Suicune
|-damage|p2a: Suicune|338\/404
|
|switch|p1a: Jirachi|Jirachi, shiny|341\/341
|move|p2a: Suicune|Scald|p1a: Jirachi
|-damage|p1a: Jirachi|247\/341
|
|-heal|p1a: Jirachi|268\/341|[from] item: Leftovers
|-heal|p2a: Suicune|363\/404|[from] item: Leftovers
|turn|20
|
|move|p1a: Jirachi|Healing Wish|p1a: Jirachi
|faint|p1a: Jirachi
|move|p2a: Suicune|Calm Mind|p2a: Suicune
|-boost|p2a: Suicune|spa|1
|-boost|p2a: Suicune|spd|1
|
|-heal|p2a: Suicune|388\/404|[from] item: Leftovers
|
|switch|p1a: Shaymin|Shaymin, shiny|36\/341
|-heal|p1a: Shaymin|341\/341|[from] move: Healing Wish
|turn|21
|c|âDix pix|le healing wish face
|c|âIONLYLOSETODCs14|LOL WHOS SHIT NOW
|c|âIONLYLOSETODCs14|YOU FUCKING PITIFUL PATHETIC SHAMEFUL IMBECILE
|c|âIONLYLOSETODCs14|EATING YOUR PATHETIC FUTILE SHAMEFUL WORDS
|c|âIONLYLOSETODCs14|IF IM BAD YOURE INSULTING YOURSELF
|c|âDix pix|lol i love how mad this guy is
|c|âIONLYLOSETODCs14|YOU IDIOTIC PATHETIC FUCKING CUNT ASS MOTHERFUCKING BASTARD WHORE SLUT TITHEAD SCRUB
|
|move|p1a: Shaymin|Seed Flare|p2a: Suicune
|-supereffective|p2a: Suicune
|-damage|p2a: Suicune|80\/404
|move|p2a: Suicune|Scald|p1a: Shaymin
|-resisted|p1a: Shaymin
|-damage|p1a: Shaymin|282\/341
|
|-heal|p2a: Suicune|105\/404|[from] item: Leftovers
|turn|22
|
|move|p1a: Shaymin|Seed Flare|p2a: Suicune
|-supereffective|p2a: Suicune
|-damage|p2a: Suicune|0 fnt
|faint|p2a: Suicune
|
|
|switch|p2a: Lucario|Lucario, M|9\/281
|turn|23
|c|âIONLYLOSETODCs14|SHAYMIN> SUICUNE
|
|move|p2a: Lucario|Vacuum Wave|p1a: Shaymin
|-damage|p1a: Shaymin|200\/341
|-damage|p2a: Lucario|0 fnt|[from] item: Life Orb
|faint|p2a: Lucario
|move|p1a: Shaymin|Seed Flare|p2: Lucario|[notarget]
|-notarget
|
|
|switch|p2a: Krookodile|Krookodile, F|331\/331
|-ability|p2a: Krookodile|Intimidate|[of] p1a: Shaymin
|-unboost|p1a: Shaymin|atk|1
|turn|24
|
|move|p1a: Shaymin|Seed Flare|p2a: Krookodile
|-supereffective|p2a: Krookodile
|-damage|p2a: Krookodile|0 fnt
|faint|p2a: Krookodile
|
|win|IONLYLOSETODCs14
|raw|Ladder updating...
|join|johnvelong
|c|âIONLYLOSETODCs14|GET REKD NOOB
|leave|Clefairy
|raw|IONLYLOSETODCs14's rating: 1564 &rarr; <strong>1587<\/strong><br \/>(+23 for winning)
|raw|Dix pix's rating: 1617 &rarr; <strong>1594<\/strong><br \/>(-23 for losing)
|c|âIONLYLOSETODCs14|WHOS THE TERRIBLE PLAYER NOW
|c|âIONLYLOSETODCs14|PAHAHAHHAHAHAHA
|c|âIONLYLOSETODCs14|COMPLETELY OUTSKILLED
|c|âIONLYLOSETODCs14|BY THE SUPERIOR DIGNIFIED SKILFUL PRO PLAYER
|c|âIONLYLOSETODCs14|GET GUD IDIOT
|c|âIONLYLOSETODCs14|LEARN TO PLAY IMO
|leave|johnvelong
|c|âIONLYLOSETODCs14|FUCKING PITIFUL COWARDLY IDIOTIC SHAMEFUL FUCKING CUNT ASS COCK RAPIST WHORE meanie SHITWEED
|join|akkeshi
|c|âIONLYLOSETODCs14|IF IM BAD ACCORDING TO YOU THEN YOU MUST BE DREADFUL BECAUSE I COMPLETELY WRECKED YOUR USELESS PITIFUL TEAM
|join|DOGE EBINEST
|leave|IONLYLOSETODCs14
|player|p1
|leave|Dix pix
|player|p2
|join|Pvt. Potty
|join|Henry
|leave|Henry
|leave|akkeshi
|join|mouthbreathers
|leave|Pvt. Potty
|join|yuy
|join|akkeshi