|join|Vaporeon for Ubers
|join|Dix pix
|player|p1|Vaporeon for Ubers|#cpgtan
|player|p2|Dix pix|165
|gametype|singles
|gen|6
|tier|UU
|rated
|rule|Sleep Clause Mod: Limit one foe put to sleep
|rule|Species Clause: Limit one of each PokÃ©mon
|rule|OHKO Clause: OHKO moves are banned
|rule|Moody Clause: Moody is banned
|rule|Evasion Moves Clause: Evasion moves are banned
|rule|Endless Battle Clause: Forcing endless battles is banned
|rule|HP Percentage Mod: HP is shown in percentages
|clearpoke
|poke|p1|Lucario, F
|poke|p1|Mienshao, F
|poke|p1|Raikou
|poke|p1|Tentacruel, F
|poke|p1|Alakazam, M
|poke|p1|Celebi
|poke|p2|Krookodile, F
|poke|p2|Lucario, M
|poke|p2|Suicune
|poke|p2|Forretress, M
|poke|p2|Entei, shiny
|poke|p2|Ampharos, F
|rule|Swagger Clause: Swagger is banned
|rule|Baton Pass Clause: Limit one PokÃ©mon knowing Baton Pass
|teampreview
|c|âVaporeon for Ubers|>
|join|Youth Lagoon
|join|ROTTERDAM NATION
|join|AlldaAlts
|join|novicus
|
|start
|switch|p1a: Celebi|Celebi|404\/404
|switch|p2a: Suicune|Suicune|404\/404
|-ability|p2a: Suicune|Pressure
|turn|1
|
|switch|p2a: Krookodile|Krookodile, F|331\/331
|-ability|p2a: Krookodile|Intimidate|[of] p1a: Celebi
|-unboost|p1a: Celebi|atk|1
|move|p1a: Celebi|Stealth Rock|p2a: Krookodile
|-sidestart|p2: Dix pix|move: Stealth Rock
|
|turn|2
|
|switch|p1a: Mienshao|Mienshao, F|271\/271
|move|p2a: Krookodile|Knock Off|p1a: Mienshao
|-resisted|p1a: Mienshao
|-damage|p1a: Mienshao|75\/271
|-enditem|p1a: Mienshao|Choice Scarf|[from] move: Knock Off|[of] p2a: Krookodile
|
|turn|3
|join|Harumonia Natura
|
|move|p1a: Mienshao|High Jump Kick|p2a: Krookodile
|-supereffective|p2a: Krookodile
|-damage|p2a: Krookodile|0 fnt
|faint|p2a: Krookodile
|
|c|âDix pix|fuq
|c|âDix pix|wheres the uturn?
|c|âVaporeon for Ubers|that thing's a threat
|c|âDix pix|:\/
|
|switch|p2a: Forretress|Forretress, M|354\/354
|-damage|p2a: Forretress|310\/354|[from] Stealth Rock
|turn|4
|
|move|p1a: Mienshao|High Jump Kick|p2a: Forretress
|-damage|p2a: Forretress|147\/354
|move|p2a: Forretress|Rapid Spin|p1a: Mienshao
|-damage|p1a: Mienshao|52\/271
|-sideend|p2: Dix pix|Stealth Rock|[from] move: Rapid Spin|[of] p2a: Forretress
|
|-heal|p2a: Forretress|169\/354|[from] item: Leftovers
|turn|5
|c| Harumonia Natura|weak af to fighting
|
|move|p1a: Mienshao|Knock Off|p2a: Forretress
|-crit|p2a: Forretress
|-damage|p2a: Forretress|74\/354
|-enditem|p2a: Forretress|Leftovers|[from] move: Knock Off|[of] p1a: Mienshao
|move|p2a: Forretress|Gyro Ball|p1a: Mienshao
|-damage|p1a: Mienshao|0 fnt
|faint|p1a: Mienshao
|
|join|Reud
|
|switch|p1a: Alakazam|Alakazam, M|314\/314
|turn|6
|
|detailschange|p1a: Alakazam|Alakazam-Mega, M
|-mega|p1a: Alakazam|Alakazam|Alakazite
|-ability|p1a: Alakazam|Sturdy|[from] ability: Trace|[of] p2a: Forretress
|move|p1a: Alakazam|Barrier|p1a: Alakazam
|-boost|p1a: Alakazam|def|2
|move|p2a: Forretress|Stealth Rock|p1a: Alakazam
|-sidestart|p1: Vaporeon for Ubers|move: Stealth Rock
|
|turn|7
|c|âDix pix|wtf
|
|move|p1a: Alakazam|Barrier|p1a: Alakazam
|-boost|p1a: Alakazam|def|2
|move|p2a: Forretress|Gyro Ball|p1a: Alakazam
|-damage|p1a: Alakazam|247\/314
|
|turn|8
|
|move|p1a: Alakazam|Calm Mind|p1a: Alakazam
|-boost|p1a: Alakazam|spa|1
|-boost|p1a: Alakazam|spd|1
|move|p2a: Forretress|Volt Switch|p1a: Alakazam
|-damage|p1a: Alakazam|223\/314
|c| Reud|what an epic alakazam
|
|switch|p2a: Entei|Entei, shiny|371\/371
|-ability|p2a: Entei|Pressure
|
|turn|9
|c| Harumonia Natura|sorta balk spoons
|
|move|p1a: Alakazam|Psyshock|p2a: Entei
|-damage|p2a: Entei|115\/371
|move|p2a: Entei|Sacred Fire|p1a: Alakazam
|-damage|p1a: Alakazam|93\/314
|
|turn|10
|
|switch|p2a: Forretress|Forretress, M|74\/354
|move|p1a: Alakazam|Psyshock|p2a: Forretress
|-resisted|p2a: Forretress
|-damage|p2a: Forretress|10\/354
|
|turn|11
|
|move|p1a: Alakazam|Recover|p1a: Alakazam
|-heal|p1a: Alakazam|250\/314
|move|p2a: Forretress|Gyro Ball|p1a: Alakazam
|-damage|p1a: Alakazam|177\/314
|
|turn|12
|c| Reud|now recover!
|c| Reud|sturdy
|c|âDix pix|oh fuq
|
|move|p1a: Alakazam|Recover|p1a: Alakazam
|-heal|p1a: Alakazam|314\/314
|move|p2a: Forretress|Gyro Ball|p1a: Alakazam
|-crit|p1a: Alakazam
|-damage|p1a: Alakazam|31\/314
|
|turn|13
|c| Reud|hue
|
|move|p1a: Alakazam|Recover|p1a: Alakazam
|-heal|p1a: Alakazam|188\/314
|move|p2a: Forretress|Gyro Ball|p1a: Alakazam
|-damage|p1a: Alakazam|121\/314
|
|turn|14
|
|move|p1a: Alakazam|Recover|p1a: Alakazam
|-heal|p1a: Alakazam|278\/314
|move|p2a: Forretress|Gyro Ball|p1a: Alakazam
|-damage|p1a: Alakazam|203\/314
|
|turn|15
|
|move|p1a: Alakazam|Psyshock|p2a: Forretress
|-resisted|p2a: Forretress
|-damage|p2a: Forretress|0 fnt
|faint|p2a: Forretress
|
|
|switch|p2a: Entei|Entei, shiny|115\/371
|-ability|p2a: Entei|Pressure
|turn|16
|c|âDix pix|crit
|c|âDix pix|crit
|c|âDix pix|crit
|c|âDix pix|crit
|c|âDix pix|crit
|
|move|p2a: Entei|Extreme Speed|p1a: Alakazam
|-damage|p1a: Alakazam|138\/314
|move|p1a: Alakazam|Recover|p1a: Alakazam
|-heal|p1a: Alakazam|295\/314
|
|turn|17
|c| AlldaAlts|lmao
|c|âDix pix|:(
|
|move|p2a: Entei|Extreme Speed|p1a: Alakazam
|-damage|p1a: Alakazam|228\/314
|move|p1a: Alakazam|Psyshock|p2a: Entei
|-damage|p2a: Entei|0 fnt
|faint|p2a: Entei
|
|c| Harumonia Natura|ez pz win
|c| Reud|>not getting the sturdy
|c| Reud|but e speed crit from luke!
|
|switch|p2a: Ampharos|Ampharos, F|380\/380
|turn|18
|
|detailschange|p2a: Ampharos|Ampharos-Mega, F
|-mega|p2a: Ampharos|Ampharos|Ampharosite
|-ability|p2a: Ampharos|Mold Breaker
|move|p1a: Alakazam|Calm Mind|p1a: Alakazam
|-boost|p1a: Alakazam|spa|1
|-boost|p1a: Alakazam|spd|1
|move|p2a: Ampharos|Dragon Pulse|p1a: Alakazam
|-damage|p1a: Alakazam|147\/314
|
|turn|19
|join|MushMunkey
|
|move|p1a: Alakazam|Recover|p1a: Alakazam
|-heal|p1a: Alakazam|304\/314
|move|p2a: Ampharos|Dragon Pulse|p1a: Alakazam
|-damage|p1a: Alakazam|220\/314
|
|turn|20
|c| AlldaAlts|oml
|c| MushMunkey|holy fuck
|c| MushMunkey|um
|c| MushMunkey|how did u get these boosts
|c| MushMunkey|kek
|
|move|p1a: Alakazam|Psyshock|p2a: Ampharos
|-damage|p2a: Ampharos|92\/380
|move|p2a: Ampharos|Dragon Pulse|p1a: Alakazam
|-damage|p1a: Alakazam|142\/314
|
|turn|21
|c| MushMunkey|>barrier
|c| MushMunkey|>>>>>>>>>>>>>>>>>
|c| AlldaAlts|lol
|
|move|p1a: Alakazam|Recover|p1a: Alakazam
|-heal|p1a: Alakazam|299\/314
|move|p2a: Ampharos|Dragon Pulse|p1a: Alakazam
|-damage|p1a: Alakazam|223\/314
|
|turn|22
|leave|MushMunkey
|
|move|p1a: Alakazam|Psyshock|p2a: Ampharos
|-damage|p2a: Ampharos|0 fnt
|faint|p2a: Ampharos
|
|
|switch|p2a: Lucario|Lucario, M|281\/281
|turn|23
|
|move|p1a: Alakazam|Psyshock|p2a: Lucario
|-damage|p2a: Lucario|0 fnt
|faint|p2a: Lucario
|
|
|switch|p2a: Suicune|Suicune|404\/404
|-ability|p2a: Suicune|Pressure
|turn|24
|
|move|p1a: Alakazam|Psyshock|p2a: Suicune
|-damage|p2a: Suicune|187\/404
|move|p2a: Suicune|Scald|p1a: Alakazam
|-damage|p1a: Alakazam|177\/314
|
|-heal|p2a: Suicune|212\/404|[from] item: Leftovers
|turn|25
|
|move|p1a: Alakazam|Psyshock|p2a: Suicune
|-damage|p2a: Suicune|11\/404
|move|p2a: Suicune|Scald|p1a: Alakazam
|-damage|p1a: Alakazam|132\/314
|
|-heal|p2a: Suicune|36\/404|[from] item: Leftovers
|turn|26
|
|move|p1a: Alakazam|Psyshock|p2a: Suicune
|-damage|p2a: Suicune|0 fnt
|faint|p2a: Suicune
|
|win|Vaporeon for Ubers
|raw|Ladder updating...
|raw|Vaporeon for Ubers's rating: 1442 &rarr; <strong>1461<\/strong><br \/>(+19 for winning)
|raw|Dix pix's rating: 1432 &rarr; <strong>1412<\/strong><br \/>(-20 for losing)
|c|âVaporeon for Ubers|gg
|leave|novicus
|c|âDix pix|dude
|c| Youth Lagoon|nice alakazam set!
|c|âDix pix|nice alakazam set