|join|dix pix
|join|Sweep
|player|p1|dix pix|165
|player|p2|Sweep|101
|gametype|singles
|gen|6
|tier|UU
|rated
|rule|Sleep Clause Mod: Limit one foe put to sleep
|rule|Species Clause: Limit one of each PokÃ©mon
|rule|OHKO Clause: OHKO moves are banned
|rule|Moody Clause: Moody is banned
|rule|Evasion Moves Clause: Evasion moves are banned
|rule|Endless Battle Clause: Forcing endless battles is banned
|rule|HP Percentage Mod: HP is shown in percentages
|clearpoke
|poke|p1|Krookodile, F
|poke|p1|Lucario, F
|poke|p1|Suicune
|poke|p1|Forretress, F
|poke|p1|Entei, shiny
|poke|p1|Raikou
|poke|p2|Yanmega, M
|poke|p2|Krookodile, M
|poke|p2|Blastoise, M
|poke|p2|Azelf
|poke|p2|Metagross
|poke|p2|Entei, shiny
|rule|Swagger Clause: Swagger is banned
|rule|Baton Pass Clause: Limit one PokÃ©mon knowing Baton Pass
|teampreview
|
|start
|switch|p1a: Entei|Entei, shiny|371\/371
|switch|p2a: Azelf|Azelf|291\/291
|-ability|p1a: Entei|Pressure
|turn|1
|
|move|p2a: Azelf|Zen Headbutt|p1a: Entei
|-damage|p1a: Entei|206\/371
|move|p1a: Entei|Sacred Fire|p2a: Azelf
|-enditem|p2a: Azelf|Focus Sash
|-damage|p2a: Azelf|1\/291
|
|turn|2
|
|switch|p1a: Forretress|Forretress, F|354\/354
|move|p2a: Azelf|Stealth Rock|p1a: Forretress
|-sidestart|p1: dix pix|move: Stealth Rock
|
|turn|3
|
|move|p2a: Azelf|Explosion|p1a: Forretress
|-resisted|p1a: Forretress
|-damage|p1a: Forretress|275\/354
|faint|p2a: Azelf
|move|p1a: Forretress|Rapid Spin|p2: Azelf|[notarget]
|-notarget
|
|-heal|p1a: Forretress|297\/354|[from] item: Leftovers
|
|switch|p2a: Blastoise|Blastoise, M|331\/331
|turn|4
|
|switch|p1a: Raikou|Raikou|322\/322
|-damage|p1a: Raikou|282\/322|[from] Stealth Rock
|-ability|p1a: Raikou|Pressure
|detailschange|p2a: Blastoise|Blastoise-Mega, M
|message|Blastoise has Mega Evolved into Mega Blastoise!
|move|p2a: Blastoise|Hydro Pump|p1a: Raikou|[miss]
|-miss|p2a: Blastoise|p1a: Raikou
|
|turn|5
|
|move|p1a: Raikou|Hidden Power|p2a: Blastoise
|-supereffective|p2a: Blastoise
|-damage|p2a: Blastoise|221\/331
|move|p2a: Blastoise|Hydro Pump|p1a: Raikou
|-damage|p1a: Raikou|129\/322
|
|turn|6
|
|switch|p2a: Krookodile|Krookodile, M|331\/331
|-ability|p2a: Krookodile|Intimidate|[of] p1a: Raikou
|-unboost|p1a: Raikou|atk|1
|move|p1a: Raikou|Hidden Power|p2a: Krookodile
|-supereffective|p2a: Krookodile
|-damage|p2a: Krookodile|155\/331
|
|turn|7
|
|switch|p2a: Entei|Entei, shiny|371\/371
|-ability|p2a: Entei|Pressure
|move|p1a: Raikou|Hidden Power|p2a: Entei
|-resisted|p2a: Entei
|-damage|p2a: Entei|330\/371
|
|turn|8
|
|switch|p1a: Suicune|Suicune|404\/404
|-damage|p1a: Suicune|354\/404|[from] Stealth Rock
|-ability|p1a: Suicune|Pressure
|move|p2a: Entei|Sacred Fire|p1a: Suicune
|-resisted|p1a: Suicune
|-damage|p1a: Suicune|280\/404
|
|-heal|p1a: Suicune|305\/404|[from] item: Leftovers
|turn|9
|
|move|p2a: Entei|Sacred Fire|p1a: Suicune
|-resisted|p1a: Suicune
|-damage|p1a: Suicune|229\/404
|-status|p1a: Suicune|brn
|move|p1a: Suicune|Calm Mind|p1a: Suicune
|-boost|p1a: Suicune|spa|1
|-boost|p1a: Suicune|spd|1
|
|-heal|p1a: Suicune|254\/404 brn|[from] item: Leftovers
|-damage|p1a: Suicune|204\/404 brn|[from] brn
|turn|10
|
|switch|p2a: Metagross|Metagross|301\/301
|move|p1a: Suicune|Rest|p1a: Suicune
|-status|p1a: Suicune|slp
|-heal|p1a: Suicune|404\/404 slp|[silent]
|-status|p1a: Suicune|slp|[from] move: Rest
|
|turn|11
|
|move|p2a: Metagross|Earthquake|p1a: Suicune
|-damage|p1a: Suicune|320\/404 slp
|cant|p1a: Suicune|slp
|move|p1a: Suicune|Sleep Talk|p1a: Suicune
|move|p1a: Suicune|Scald|p2a: Metagross|[from]Sleep Talk
|-damage|p2a: Metagross|166\/301
|
|-heal|p1a: Suicune|345\/404 slp|[from] item: Leftovers
|turn|12
|
|switch|p2a: Krookodile|Krookodile, M|155\/331
|-ability|p2a: Krookodile|Intimidate|[of] p1a: Suicune
|-unboost|p1a: Suicune|atk|1
|cant|p1a: Suicune|slp
|move|p1a: Suicune|Sleep Talk|p1a: Suicune
|move|p1a: Suicune|Rest|p1a: Suicune|[from]Sleep Talk
|-fail|p1a: Suicune
|
|-heal|p1a: Suicune|370\/404 slp|[from] item: Leftovers
|turn|13
|
|move|p2a: Krookodile|Knock Off|p1a: Suicune
|-damage|p1a: Suicune|226\/404 slp
|-enditem|p1a: Suicune|Leftovers|[from] move: Knock Off|[of] p2a: Krookodile
|-curestatus|p1a: Suicune|slp
|move|p1a: Suicune|Calm Mind|p1a: Suicune
|-boost|p1a: Suicune|spa|1
|-boost|p1a: Suicune|spd|1
|
|turn|14
|
|move|p2a: Krookodile|Knock Off|p1a: Suicune
|-damage|p1a: Suicune|123\/404
|move|p1a: Suicune|Calm Mind|p1a: Suicune
|-boost|p1a: Suicune|spa|1
|-boost|p1a: Suicune|spd|1
|
|turn|15
|
|switch|p2a: Metagross|Metagross|166\/301
|move|p1a: Suicune|Rest|p1a: Suicune
|-status|p1a: Suicune|slp
|-heal|p1a: Suicune|404\/404 slp|[silent]
|-status|p1a: Suicune|slp|[from] move: Rest
|
|turn|16
|
|move|p2a: Metagross|Explosion|p1a: Suicune
|-damage|p1a: Suicune|177\/404 slp
|faint|p2a: Metagross
|cant|p1a: Suicune|slp
|move|p1a: Suicune|Sleep Talk|p1a: Suicune
|move|p1a: Suicune|Rest|p1a: Suicune|[from]Sleep Talk
|-fail|p1a: Suicune
|
|
|switch|p2a: Krookodile|Krookodile, M|155\/331
|-ability|p2a: Krookodile|Intimidate|[of] p1a: Suicune
|-unboost|p1a: Suicune|atk|1
|turn|17
|
|move|p2a: Krookodile|Earthquake|p1a: Suicune
|-damage|p1a: Suicune|23\/404 slp
|cant|p1a: Suicune|slp
|move|p1a: Suicune|Sleep Talk|p1a: Suicune
|move|p1a: Suicune|Rest|p1a: Suicune|[from]Sleep Talk
|-fail|p1a: Suicune
|
|turn|18
|join|notkingt9722
|
|move|p2a: Krookodile|Earthquake|p1a: Suicune
|-damage|p1a: Suicune|0 fnt
|faint|p1a: Suicune
|
|
|switch|p1a: Forretress|Forretress, F|297\/354
|-damage|p1a: Forretress|253\/354|[from] Stealth Rock
|turn|19
|
|move|p2a: Krookodile|Earthquake|p1a: Forretress
|-damage|p1a: Forretress|112\/354
|move|p1a: Forretress|Rapid Spin|p2a: Krookodile
|-damage|p2a: Krookodile|136\/331
|-sideend|p1: dix pix|Stealth Rock|[from] move: Rapid Spin|[of] p1a: Forretress
|
|-heal|p1a: Forretress|134\/354|[from] item: Leftovers
|turn|20
|
|move|p2a: Krookodile|Earthquake|p1a: Forretress
|-damage|p1a: Forretress|5\/354
|move|p1a: Forretress|Stealth Rock|p2a: Krookodile
|-sidestart|p2: Sweep|move: Stealth Rock
|
|-heal|p1a: Forretress|27\/354|[from] item: Leftovers
|turn|21
|
|move|p2a: Krookodile|Earthquake|p1a: Forretress
|-crit|p1a: Forretress
|-damage|p1a: Forretress|0 fnt
|faint|p1a: Forretress
|
|
|switch|p1a: Lucario|Lucario, F|281\/281
|turn|22
|
|move|p1a: Lucario|Vacuum Wave|p2a: Krookodile
|-supereffective|p2a: Krookodile
|-damage|p2a: Krookodile|0 fnt
|-damage|p1a: Lucario|253\/281|[from] item: Life Orb
|faint|p2a: Krookodile
|
|
|switch|p2a: Blastoise|Blastoise-Mega, M|221\/331
|-damage|p2a: Blastoise|180\/331|[from] Stealth Rock
|turn|23
|
|move|p1a: Lucario|Aura Sphere|p2a: Blastoise
|-damage|p2a: Blastoise|32\/331
|-damage|p1a: Lucario|225\/281|[from] item: Life Orb
|move|p2a: Blastoise|Rapid Spin|p1a: Lucario
|-resisted|p1a: Lucario
|-damage|p1a: Lucario|216\/281
|-sideend|p2: Sweep|Stealth Rock|[from] move: Rapid Spin|[of] p2a: Blastoise
|
|turn|24
|
|move|p1a: Lucario|Aura Sphere|p2a: Blastoise
|-damage|p2a: Blastoise|0 fnt
|-damage|p1a: Lucario|188\/281|[from] item: Life Orb
|faint|p2a: Blastoise
|
|
|switch|p2a: Entei|Entei, shiny|330\/371
|-ability|p2a: Entei|Pressure
|turn|25
|
|move|p1a: Lucario|Aura Sphere|p2a: Entei
|-damage|p2a: Entei|114\/371
|-damage|p1a: Lucario|160\/281|[from] item: Life Orb
|move|p2a: Entei|Sacred Fire|p1a: Lucario
|-supereffective|p1a: Lucario
|-damage|p1a: Lucario|0 fnt
|faint|p1a: Lucario
|
|
|switch|p1a: Entei|Entei, shiny|206\/371
|-ability|p1a: Entei|Pressure
|turn|26
|join|they call me fgt
|
|move|p2a: Entei|Extreme Speed|p1a: Entei
|-damage|p1a: Entei|96\/371
|move|p1a: Entei|Extreme Speed|p2a: Entei
|-damage|p2a: Entei|0 fnt
|faint|p2a: Entei
|
|
|switch|p2a: Yanmega|Yanmega, M|313\/313
|turn|27
|
|move|p2a: Yanmega|Protect|p2a: Yanmega
|-singleturn|p2a: Yanmega|Protect
|move|p1a: Entei|Extreme Speed|p2a: Yanmega
|-activate|p2a: Yanmega|Protect
|
|-boost|p2a: Yanmega|spe|1|[from] ability: Speed Boost
|turn|28
|join|Superpowerdude
|
|move|p1a: Entei|Extreme Speed|p2a: Yanmega
|-damage|p2a: Yanmega|158\/313
|move|p2a: Yanmega|Air Slash|p1a: Entei
|-damage|p1a: Entei|0 fnt
|-damage|p2a: Yanmega|127\/313|[from] item: Life Orb
|faint|p1a: Entei
|
|-boost|p2a: Yanmega|spe|1|[from] ability: Speed Boost
|
|switch|p1a: Raikou|Raikou|129\/322
|-ability|p1a: Raikou|Pressure
|turn|29
|join|Chillaxmytest
|
|move|p2a: Yanmega|Bug Buzz|p1a: Raikou
|-damage|p1a: Raikou|0 fnt
|-damage|p2a: Yanmega|96\/313|[from] item: Life Orb
|faint|p1a: Raikou
|
|-boost|p2a: Yanmega|spe|1|[from] ability: Speed Boost
|
|switch|p1a: Krookodile|Krookodile, F|331\/331
|-ability|p1a: Krookodile|Intimidate|[of] p2a: Yanmega
|-unboost|p2a: Yanmega|atk|1
|turn|30
|
|move|p2a: Yanmega|Bug Buzz|p1a: Krookodile
|-supereffective|p1a: Krookodile
|-damage|p1a: Krookodile|0 fnt
|-damage|p2a: Yanmega|65\/313|[from] item: Life Orb
|faint|p1a: Krookodile
|
|win|Sweep
|raw|Ladder updating...
|raw|dix pix's rating: 1713 &rarr; <strong>1693<\/strong><br \/>(-20 for losing)
|raw|Sweep's rating: 1703 &rarr; <strong>1724<\/strong><br \/>(+21 for winning)
|leave|Chillaxmytest
|leave|dix pix
|player|p1