|join|Dix pix
|join|Mr Steambun
|player|p1|Dix pix|165
|player|p2|Mr Steambun|99
|gametype|singles
|gen|6
|tier|UU
|rated
|rule|Sleep Clause Mod: Limit one foe put to sleep
|rule|Species Clause: Limit one of each PokÃ©mon
|rule|OHKO Clause: OHKO moves are banned
|rule|Moody Clause: Moody is banned
|rule|Evasion Moves Clause: Evasion moves are banned
|rule|Endless Battle Clause: Forcing endless battles is banned
|rule|HP Percentage Mod: HP is shown in percentages
|clearpoke
|poke|p1|Hydreigon, F
|poke|p1|Chesnaught, F
|poke|p1|Toxicroak, M
|poke|p1|Metagross
|poke|p1|Krookodile, M
|poke|p1|Tentacruel, F
|poke|p2|Goodra, M
|poke|p2|Aerodactyl, F
|poke|p2|Donphan, M
|poke|p2|Cloyster, F
|poke|p2|Shaymin
|poke|p2|Infernape, F
|rule|Swagger Clause: Swagger is banned
|rule|Baton Pass Clause: Limit one PokÃ©mon knowing Baton Pass
|teampreview
|
|start
|switch|p1a: Chesnaught|Chesnaught, F|380\/380
|switch|p2a: Infernape|Infernape, F|293\/293
|turn|1
|
|switch|p2a: Shaymin|Shaymin|342\/342
|move|p1a: Chesnaught|Leech Seed|p2a: Shaymin
|-immune|p2a: Shaymin|[msg]
|
|turn|2
|
|switch|p1a: Metagross|Metagross|364\/364
|move|p2a: Shaymin|Air Slash|p1a: Metagross
|-resisted|p1a: Metagross
|-damage|p1a: Metagross|330\/364
|-damage|p2a: Shaymin|308\/342|[from] item: Life Orb
|
|turn|3
|
|switch|p2a: Donphan|Donphan, M|366\/366
|switch|p1a: Hydreigon|Hydreigon, F|325\/325
|
|turn|4
|
|move|p1a: Hydreigon|U-turn|p2a: Donphan
|-damage|p2a: Donphan|321\/366
|
|switch|p1a: Krookodile|Krookodile, M|331\/331
|-ability|p1a: Krookodile|Intimidate|[of] p2a: Donphan
|-unboost|p2a: Donphan|atk|1
|move|p2a: Donphan|Stealth Rock|p1a: Krookodile
|-sidestart|p1: Dix pix|move: Stealth Rock
|
|-heal|p2a: Donphan|343\/366|[from] item: Leftovers
|turn|5
|join|herro fwiend
|
|switch|p2a: Shaymin|Shaymin|308\/342
|move|p1a: Krookodile|Knock Off|p2a: Shaymin
|-damage|p2a: Shaymin|50\/342
|-enditem|p2a: Shaymin|Life Orb|[from] move: Knock Off|[of] p1a: Krookodile
|
|turn|6
|
|switch|p1a: Metagross|Metagross|330\/364
|-damage|p1a: Metagross|308\/364|[from] Stealth Rock
|move|p2a: Shaymin|Seed Flare|p1a: Metagross
|-crit|p1a: Metagross
|-resisted|p1a: Metagross
|-damage|p1a: Metagross|203\/364
|
|turn|7
|
|move|p2a: Shaymin|Rest|p2a: Shaymin
|-status|p2a: Shaymin|slp
|-heal|p2a: Shaymin|342\/342 slp|[silent]
|-status|p2a: Shaymin|slp|[from] move: Rest
|move|p1a: Metagross|Meteor Mash|p2a: Shaymin|[miss]
|-miss|p1a: Metagross|p2a: Shaymin
|
|turn|8
|
|switch|p2a: Donphan|Donphan, M|343\/366
|move|p1a: Metagross|Meteor Mash|p2a: Donphan
|-damage|p2a: Donphan|178\/366
|
|-heal|p2a: Donphan|200\/366|[from] item: Leftovers
|turn|9
|
|switch|p1a: Krookodile|Krookodile, M|331\/331
|-damage|p1a: Krookodile|311\/331|[from] Stealth Rock
|-ability|p1a: Krookodile|Intimidate|[of] p2a: Donphan
|-unboost|p2a: Donphan|atk|1
|switch|p2a: Infernape|Infernape, F|293\/293
|
|turn|10
|
|switch|p1a: Chesnaught|Chesnaught, F|380\/380
|-damage|p1a: Chesnaught|357\/380|[from] Stealth Rock
|move|p2a: Infernape|Close Combat|p1a: Chesnaught
|-damage|p1a: Chesnaught|239\/380
|-unboost|p2a: Infernape|def|1
|-unboost|p2a: Infernape|spd|1
|
|-heal|p1a: Chesnaught|262\/380|[from] item: Leftovers
|turn|11
|
|switch|p2a: Shaymin|Shaymin|342\/342
|move|p1a: Chesnaught|Hammer Arm|p2a: Shaymin
|-damage|p2a: Shaymin|225\/342
|-unboost|p1a: Chesnaught|spe|1
|
|-heal|p1a: Chesnaught|285\/380|[from] item: Leftovers
|turn|12
|
|move|p1a: Chesnaught|Spiky Shield|p1a: Chesnaught
|-singleturn|p1a: Chesnaught|move: Protect
|move|p2a: Shaymin|Earth Power|p1a: Chesnaught
|-activate|p1a: Chesnaught|move: Protect
|
|-heal|p1a: Chesnaught|308\/380|[from] item: Leftovers
|turn|13
|
|switch|p1a: Tentacruel|Tentacruel, F|364\/364
|-damage|p1a: Tentacruel|319\/364|[from] Stealth Rock
|move|p2a: Shaymin|Air Slash|p1a: Tentacruel|[miss]
|-miss|p2a: Shaymin|p1a: Tentacruel
|
|-heal|p1a: Tentacruel|341\/364|[from] item: Black Sludge
|turn|14
|
|switch|p2a: Goodra|Goodra, M|328\/328
|move|p1a: Tentacruel|Rapid Spin|p2a: Goodra
|-damage|p2a: Goodra|318\/328
|-unboost|p1a: Tentacruel|spe|1
|-sideend|p1: Dix pix|Stealth Rock|[from] move: Rapid Spin|[of] p1a: Tentacruel
|
|-heal|p1a: Tentacruel|363\/364|[from] item: Black Sludge
|turn|15
|
|move|p2a: Goodra|Fire Blast|p1a: Tentacruel
|-resisted|p1a: Tentacruel
|-damage|p1a: Tentacruel|326\/364
|-status|p1a: Tentacruel|brn
|move|p1a: Tentacruel|Knock Off|p2a: Goodra
|-damage|p2a: Goodra|296\/328
|-unboost|p1a: Tentacruel|spe|1
|-enditem|p2a: Goodra|Assault Vest|[from] move: Knock Off|[of] p1a: Tentacruel
|
|-heal|p1a: Tentacruel|348\/364 brn|[from] item: Black Sludge
|-damage|p1a: Tentacruel|303\/364 brn|[from] brn
|turn|16
|
|switch|p1a: Krookodile|Krookodile, M|311\/331
|-ability|p1a: Krookodile|Intimidate|[of] p2a: Goodra
|-unboost|p2a: Goodra|atk|1
|move|p2a: Goodra|Thunderbolt|p1a: Krookodile
|-immune|p1a: Krookodile|[msg]
|
|turn|17
|
|move|p1a: Krookodile|Knock Off|p2a: Goodra
|-damage|p2a: Goodra|149\/328
|-unboost|p1a: Krookodile|spe|1
|move|p2a: Goodra|Ice Beam|p1a: Krookodile
|-supereffective|p1a: Krookodile
|-damage|p1a: Krookodile|69\/331
|
|turn|18
|
|switch|p1a: Tentacruel|Tentacruel, F|303\/364 brn
|move|p2a: Goodra|Ice Beam|p1a: Tentacruel
|-resisted|p1a: Tentacruel
|-damage|p1a: Tentacruel|272\/364 brn
|
|-heal|p1a: Tentacruel|294\/364 brn|[from] item: Black Sludge
|-damage|p1a: Tentacruel|249\/364 brn|[from] brn
|turn|19
|
|move|p1a: Tentacruel|Acid Spray|p2a: Goodra
|-damage|p2a: Goodra|119\/328
|-unboost|p2a: Goodra|spd|2
|move|p2a: Goodra|Thunderbolt|p1a: Tentacruel
|-supereffective|p1a: Tentacruel
|-damage|p1a: Tentacruel|133\/364 brn
|
|-heal|p1a: Tentacruel|155\/364 brn|[from] item: Black Sludge
|-damage|p1a: Tentacruel|110\/364 brn|[from] brn
|turn|20
|
|move|p1a: Tentacruel|Scald|p2a: Goodra
|-crit|p2a: Goodra
|-resisted|p2a: Goodra
|-damage|p2a: Goodra|33\/328
|move|p2a: Goodra|Thunderbolt|p1a: Tentacruel
|-supereffective|p1a: Tentacruel
|-damage|p1a: Tentacruel|0 fnt
|faint|p1a: Tentacruel
|
|
|switch|p1a: Krookodile|Krookodile, M|69\/331
|-ability|p1a: Krookodile|Intimidate|[of] p2a: Goodra
|-unboost|p2a: Goodra|atk|1
|turn|21
|
|move|p1a: Krookodile|Pursuit|p2a: Goodra
|-damage|p2a: Goodra|0 fnt
|-unboost|p1a: Krookodile|spe|1
|faint|p2a: Goodra
|
|
|switch|p2a: Shaymin|Shaymin|225\/342
|turn|22
|
|switch|p1a: Metagross|Metagross|203\/364
|move|p2a: Shaymin|Earth Power|p1a: Metagross
|-supereffective|p1a: Metagross
|-damage|p1a: Metagross|77\/364
|
|turn|23
|
|move|p1a: Metagross|Bullet Punch|p2a: Shaymin
|-damage|p2a: Shaymin|140\/342
|move|p2a: Shaymin|Earth Power|p1a: Metagross
|-supereffective|p1a: Metagross
|-damage|p1a: Metagross|0 fnt
|faint|p1a: Metagross
|
|
|switch|p1a: Hydreigon|Hydreigon, F|325\/325
|turn|24
|
|switch|p2a: Donphan|Donphan, M|200\/366
|move|p1a: Hydreigon|Draco Meteor|p2a: Donphan
|-damage|p2a: Donphan|0 fnt
|-unboost|p1a: Hydreigon|spa|2
|faint|p2a: Donphan
|
|
|switch|p2a: Cloyster|Cloyster, F|241\/241
|turn|25
|
|move|p1a: Hydreigon|Draco Meteor|p2a: Cloyster
|-damage|p2a: Cloyster|43\/241
|-unboost|p1a: Hydreigon|spa|2
|move|p2a: Cloyster|Shell Smash|p2a: Cloyster
|-boost|p2a: Cloyster|atk|2
|-boost|p2a: Cloyster|spa|2
|-boost|p2a: Cloyster|spe|2
|-unboost|p2a: Cloyster|def|1
|-unboost|p2a: Cloyster|spd|1
|
|turn|26
|
|switch|p1a: Krookodile|Krookodile, M|69\/331
|-ability|p1a: Krookodile|Intimidate|[of] p2a: Cloyster
|-unboost|p2a: Cloyster|atk|1
|move|p2a: Cloyster|Icicle Spear|p1a: Krookodile
|-supereffective|p1a: Krookodile
|-damage|p1a: Krookodile|0 fnt
|-hitcount|p1a: Krookodile|1
|faint|p1a: Krookodile
|
|
|switch|p1a: Toxicroak|Toxicroak, M|307\/307
|turn|27
|
|move|p2a: Cloyster|Ice Shard|p1a: Toxicroak
|-damage|p1a: Toxicroak|177\/307
|move|p1a: Toxicroak|Sucker Punch|p2a: Cloyster
|-fail|p2a: Cloyster
|
|turn|28
|
|move|p2a: Cloyster|Icicle Spear|p1a: Toxicroak
|-damage|p1a: Toxicroak|95\/307
|-damage|p1a: Toxicroak|13\/307
|-damage|p1a: Toxicroak|0 fnt
|-hitcount|p1a: Toxicroak|3
|faint|p1a: Toxicroak
|
|
|switch|p1a: Hydreigon|Hydreigon, F|325\/325
|turn|29
|
|move|p2a: Cloyster|Icicle Spear|p1a: Hydreigon
|-supereffective|p1a: Hydreigon
|-damage|p1a: Hydreigon|199\/325
|-supereffective|p1a: Hydreigon
|-damage|p1a: Hydreigon|79\/325
|-supereffective|p1a: Hydreigon
|-damage|p1a: Hydreigon|0 fnt
|-hitcount|p1a: Hydreigon|3
|faint|p1a: Hydreigon
|
|
|switch|p1a: Chesnaught|Chesnaught, F|308\/380
|turn|30
|c| herro fwiend|why not chesnaught spiky sheild
|
|move|p2a: Cloyster|Icicle Spear|p1a: Chesnaught
|-supereffective|p1a: Chesnaught
|-damage|p1a: Chesnaught|240\/380
|-supereffective|p1a: Chesnaught
|-damage|p1a: Chesnaught|172\/380
|-supereffective|p1a: Chesnaught
|-damage|p1a: Chesnaught|98\/380
|-supereffective|p1a: Chesnaught
|-damage|p1a: Chesnaught|30\/380
|-supereffective|p1a: Chesnaught
|-damage|p1a: Chesnaught|0 fnt
|-hitcount|p1a: Chesnaught|5
|faint|p1a: Chesnaught
|
|win|Mr Steambun
|raw|Ladder updating...
|raw|Dix pix's rating: 1509 &rarr; <strong>1482<\/strong><br \/>(-27 for losing)
|raw|Mr Steambun's rating: 1379 &rarr; <strong>1407<\/strong><br \/>(+28 for winning)
|leave|Dix pix
|player|p1