|join|dix pix
|join|mcdowell1041
|player|p1|dix pix|165
|player|p2|mcdowell1041|102
|gametype|singles
|gen|6
|tier|UU
|rated
|rule|Sleep Clause Mod: Limit one foe put to sleep
|rule|Species Clause: Limit one of each PokÃ©mon
|rule|OHKO Clause: OHKO moves are banned
|rule|Moody Clause: Moody is banned
|rule|Evasion Moves Clause: Evasion moves are banned
|rule|Endless Battle Clause: Forcing endless battles is banned
|rule|HP Percentage Mod: HP is shown in percentages
|clearpoke
|poke|p1|Krookodile, M
|poke|p1|Azelf
|poke|p1|Suicune
|poke|p1|Forretress, M
|poke|p1|Raikou
|poke|p1|Medicham, F
|poke|p2|Nidoqueen, F
|poke|p2|Chandelure, M
|poke|p2|Honchkrow, F
|poke|p2|Slurpuff, F
|poke|p2|Haxorus, M
|poke|p2|Medicham, M
|rule|Swagger Clause: Swagger is banned
|rule|Baton Pass Clause: Limit one PokÃ©mon knowing Baton Pass
|teampreview
|
|start
|switch|p1a: Medicham|Medicham, F|261\/261
|switch|p2a: Medicham|Medicham, M|261\/261
|turn|1
|
|switch|p1a: Forretress|Forretress, M|354\/354
|detailschange|p2a: Medicham|Medicham-Mega, M
|-mega|p2a: Medicham|Medicham|Medichamite
|move|p2a: Medicham|Fake Out|p1a: Forretress
|-resisted|p1a: Forretress
|-damage|p1a: Forretress|333\/354
|
|-heal|p1a: Forretress|354\/354|[from] item: Leftovers
|turn|2
|
|move|p2a: Medicham|High Jump Kick|p1a: Forretress
|-damage|p1a: Forretress|153\/354
|move|p1a: Forretress|Stealth Rock|p2a: Medicham
|-sidestart|p2: mcdowell1041|move: Stealth Rock
|
|-heal|p1a: Forretress|175\/354|[from] item: Leftovers
|turn|3
|
|move|p2a: Medicham|High Jump Kick|p1a: Forretress
|-damage|p1a: Forretress|0 fnt
|faint|p1a: Forretress
|
|
|switch|p1a: Medicham|Medicham, F|261\/261
|turn|4
|
|switch|p2a: Chandelure|Chandelure, M|261\/261
|-damage|p2a: Chandelure|196\/261|[from] Stealth Rock
|detailschange|p1a: Medicham|Medicham-Mega, F
|-mega|p1a: Medicham|Medicham|Medichamite
|move|p1a: Medicham|Fake Out|p2a: Chandelure
|-immune|p2a: Chandelure|[msg]
|
|turn|5
|
|switch|p1a: Krookodile|Krookodile, M|331\/331
|-ability|p1a: Krookodile|Intimidate|[of] p2a: Chandelure
|-unboost|p2a: Chandelure|atk|1
|move|p2a: Chandelure|Trick|p1a: Krookodile
|-activate|p2a: Chandelure|move: Trick|[of] p1a: Krookodile
|-item|p1a: Krookodile|Choice Scarf|[from] move: Trick
|-item|p2a: Chandelure|Choice Band|[from] move: Trick
|
|turn|6
|
|move|p1a: Krookodile|Pursuit|p2a: Chandelure
|-supereffective|p2a: Chandelure
|-damage|p2a: Chandelure|50\/261
|move|p2a: Chandelure|Fire Blast|p1a: Krookodile|[miss]
|-miss|p2a: Chandelure|p1a: Krookodile
|
|turn|7
|
|move|p1a: Krookodile|Pursuit|p2a: Chandelure
|-supereffective|p2a: Chandelure
|-damage|p2a: Chandelure|0 fnt
|faint|p2a: Chandelure
|
|
|switch|p2a: Slurpuff|Slurpuff, F|328\/328
|-damage|p2a: Slurpuff|287\/328|[from] Stealth Rock
|turn|8
|
|switch|p1a: Medicham|Medicham-Mega, F|261\/261
|move|p2a: Slurpuff|Belly Drum|p2a: Slurpuff
|-damage|p2a: Slurpuff|123\/328
|-setboost|p2a: Slurpuff|atk|6|[from] move: Belly Drum
|-enditem|p2a: Slurpuff|Sitrus Berry|[eat]
|-heal|p2a: Slurpuff|205\/328|[from] item: Sitrus Berry
|
|turn|9
|
|move|p1a: Medicham|Fake Out|p2a: Slurpuff
|-damage|p2a: Slurpuff|114\/328
|cant|p2a: Slurpuff|flinch
|
|turn|10
|
|switch|p1a: Krookodile|Krookodile, M|331\/331
|-ability|p1a: Krookodile|Intimidate|[of] p2a: Slurpuff
|-unboost|p2a: Slurpuff|atk|1
|move|p2a: Slurpuff|Drain Punch|p1a: Krookodile
|-crit|p1a: Krookodile
|-supereffective|p1a: Krookodile
|-damage|p1a: Krookodile|0 fnt
|-heal|p2a: Slurpuff|280\/328|[from] drain|[of] p1a: Krookodile
|faint|p1a: Krookodile
|
|
|switch|p1a: Azelf|Azelf|291\/291
|turn|11
|
|move|p1a: Azelf|Psychic|p2a: Slurpuff
|-damage|p2a: Slurpuff|85\/328
|move|p2a: Slurpuff|Frustration|p1a: Azelf
|-damage|p1a: Azelf|0 fnt
|faint|p1a: Azelf
|
|
|switch|p1a: Medicham|Medicham-Mega, F|261\/261
|turn|12
|
|move|p1a: Medicham|Fake Out|p2a: Slurpuff
|-damage|p2a: Slurpuff|0 fnt
|faint|p2a: Slurpuff
|
|
|switch|p2a: Medicham|Medicham-Mega, M|261\/261
|-damage|p2a: Medicham|245\/261|[from] Stealth Rock
|turn|13
|
|switch|p1a: Raikou|Raikou|321\/321
|-ability|p1a: Raikou|Pressure
|move|p2a: Medicham|Fake Out|p1a: Raikou
|-damage|p1a: Raikou|216\/321
|
|turn|14
|
|move|p1a: Raikou|Volt Switch|p2a: Medicham
|-damage|p2a: Medicham|103\/261
|
|switch|p1a: Medicham|Medicham-Mega, F|261\/261
|move|p2a: Medicham|Psycho Cut|p1a: Medicham
|-damage|p1a: Medicham|23\/261
|
|turn|15
|
|switch|p2a: Honchkrow|Honchkrow, F|343\/343
|-damage|p2a: Honchkrow|258\/343|[from] Stealth Rock
|move|p1a: Medicham|Fake Out|p2a: Honchkrow
|-crit|p2a: Honchkrow
|-damage|p2a: Honchkrow|70\/343
|
|turn|16
|
|move|p2a: Honchkrow|Pursuit|p1a: Medicham|[from]Pursuit
|-damage|p1a: Medicham|0 fnt
|-damage|p2a: Honchkrow|36\/343|[from] item: Life Orb
|faint|p1a: Medicham
|-boost|p2a: Honchkrow|atk|1|[from] ability: Moxie
|
|
|switch|p1a: Suicune|Suicune|404\/404
|-ability|p1a: Suicune|Pressure
|turn|17
|
|move|p2a: Honchkrow|Brave Bird|p1a: Suicune
|-damage|p1a: Suicune|147\/404
|-damage|p2a: Honchkrow|0 fnt|[from] recoil|[of] p1a: Suicune
|faint|p2a: Honchkrow
|move|p1a: Suicune|Scald|p2: Honchkrow|[notarget]
|-notarget
|
|-heal|p1a: Suicune|172\/404|[from] item: Leftovers
|
|switch|p2a: Haxorus|Haxorus, M|301\/301
|-damage|p2a: Haxorus|264\/301|[from] Stealth Rock
|-ability|p2a: Haxorus|Mold Breaker
|turn|18
|
|move|p2a: Haxorus|Dragon Dance|p2a: Haxorus
|-boost|p2a: Haxorus|atk|1
|-boost|p2a: Haxorus|spe|1
|move|p1a: Suicune|Rest|p1a: Suicune
|-status|p1a: Suicune|slp
|-heal|p1a: Suicune|404\/404 slp|[silent]
|-status|p1a: Suicune|slp|[from] move: Rest
|
|turn|19
|
|move|p2a: Haxorus|Outrage|p1a: Suicune
|-damage|p1a: Suicune|148\/404 slp
|cant|p1a: Suicune|slp
|move|p1a: Suicune|Sleep Talk|p1a: Suicune
|move|p1a: Suicune|Rest|p1a: Suicune|[from]Sleep Talk
|-fail|p1a: Suicune
|
|-heal|p1a: Suicune|173\/404 slp|[from] item: Leftovers
|turn|20
|
|move|p2a: Haxorus|Outrage|p1a: Suicune
|-damage|p1a: Suicune|0 fnt
|faint|p1a: Suicune
|
|-end|p2a: Haxorus|rampage
|-start|p2a: Haxorus|confusion
|
|switch|p1a: Raikou|Raikou|216\/321
|-enditem|p2a: Haxorus|Lum Berry|[eat]
|-end|p2a: Haxorus|confusion
|-ability|p1a: Raikou|Pressure
|turn|21
|
|move|p2a: Haxorus|Outrage|p1a: Raikou
|-damage|p1a: Raikou|0 fnt
|faint|p1a: Raikou
|
|win|mcdowell1041
|raw|Ladder updating...
|raw|dix pix's rating: 1639 &rarr; <strong>1609<\/strong><br \/>(-30 for losing)
|raw|mcdowell1041's rating: 1462 &rarr; <strong>1491<\/strong><br \/>(+29 for winning)
|leave|dix pix
|player|p1