|join|Dix pix
|join|DimSunIce2089
|player|p1|Dix pix|165
|player|p2|DimSunIce2089|265
|gametype|singles
|gen|6
|tier|UU
|rated
|rule|Sleep Clause Mod: Limit one foe put to sleep
|rule|Species Clause: Limit one of each PokÃ©mon
|rule|OHKO Clause: OHKO moves are banned
|rule|Moody Clause: Moody is banned
|rule|Evasion Moves Clause: Evasion moves are banned
|rule|Endless Battle Clause: Forcing endless battles is banned
|rule|HP Percentage Mod: HP is shown in percentages
|clearpoke
|poke|p1|Krookodile, M
|poke|p1|Azelf
|poke|p1|Suicune
|poke|p1|Forretress, M
|poke|p1|Raikou
|poke|p1|Medicham, F
|poke|p2|Scrafty, F
|poke|p2|Jellicent, F
|poke|p2|Amoonguss, F
|poke|p2|Meloetta
|poke|p2|Slowking, M
|poke|p2|Ambipom, M
|rule|Swagger Clause: Swagger is banned
|rule|Baton Pass Clause: Limit one PokÃ©mon knowing Baton Pass
|teampreview
|
|start
|switch|p1a: Forretress|Forretress, M|354\/354
|switch|p2a: Ambipom|Ambipom, M|291\/291
|turn|1
|
|move|p2a: Ambipom|Fake Out|p1a: Forretress
|-resisted|p1a: Forretress
|-damage|p1a: Forretress|330\/354
|cant|p1a: Forretress|flinch
|
|-heal|p1a: Forretress|352\/354|[from] item: Leftovers
|turn|2
|
|move|p2a: Ambipom|U-turn|p1a: Forretress
|-resisted|p1a: Forretress
|-damage|p1a: Forretress|332\/354
|
|switch|p2a: Scrafty|Scrafty, F|334\/334
|move|p1a: Forretress|Stealth Rock|p2a: Scrafty
|-sidestart|p2: DimSunIce2089|move: Stealth Rock
|
|-heal|p1a: Forretress|354\/354|[from] item: Leftovers
|turn|3
|
|move|p2a: Scrafty|Bulk Up|p2a: Scrafty
|-boost|p2a: Scrafty|atk|1
|-boost|p2a: Scrafty|def|1
|move|p1a: Forretress|Volt Switch|p2a: Scrafty
|-damage|p2a: Scrafty|300\/334
|
|switch|p1a: Medicham|Medicham, F|261\/261
|
|-heal|p2a: Scrafty|320\/334|[from] item: Leftovers
|turn|4
|
|detailschange|p1a: Medicham|Medicham-Mega, F
|-mega|p1a: Medicham|Medicham|Medichamite
|move|p1a: Medicham|Drain Punch|p2a: Scrafty
|-crit|p2a: Scrafty
|-supereffective|p2a: Scrafty
|-damage|p2a: Scrafty|0 fnt
|faint|p2a: Scrafty
|
|c|âDix pix|nicely clitical
|
|switch|p2a: Amoonguss|Amoonguss, F|432\/432
|-damage|p2a: Amoonguss|378\/432|[from] Stealth Rock
|turn|5
|c|âDimSunIce2089|makes my life hard
|
|move|p1a: Medicham|Psycho Cut|p2a: Amoonguss
|-supereffective|p2a: Amoonguss
|-damage|p2a: Amoonguss|0 fnt
|faint|p2a: Amoonguss
|
|c|âDix pix|lol it didnt matter dude
|c|âDix pix|gg
|
|switch|p2a: Ambipom|Ambipom, M|291\/291
|-damage|p2a: Ambipom|255\/291|[from] Stealth Rock
|turn|6
|c|âDix pix|krook cleans up from here
|
|switch|p1a: Forretress|Forretress, M|354\/354
|move|p2a: Ambipom|Fake Out|p1a: Forretress
|-resisted|p1a: Forretress
|-damage|p1a: Forretress|329\/354
|
|-heal|p1a: Forretress|351\/354|[from] item: Leftovers
|turn|7
|c|âDimSunIce2089|still want to keep testing its the point of this
|c|âDix pix|testing a team?
|
|switch|p2a: Jellicent|Jellicent, F|404\/404
|-damage|p2a: Jellicent|354\/404|[from] Stealth Rock
|move|p1a: Forretress|Volt Switch|p2a: Jellicent
|-supereffective|p2a: Jellicent
|-damage|p2a: Jellicent|276\/404
|c|âDix pix|yeah put chesnaught on your team
|c|âDimSunIce2089|yeah
|c|âDix pix|krook literally 6-0s you
|
|switch|p1a: Krookodile|Krookodile, M|331\/331
|-ability|p1a: Krookodile|Intimidate|[of] p2a: Jellicent
|-unboost|p2a: Jellicent|atk|1
|
|-heal|p2a: Jellicent|301\/404|[from] item: Leftovers
|turn|8
|c|âDix pix|and then put doublade on it too
|
|move|p1a: Krookodile|Knock Off|p2a: Jellicent
|-supereffective|p2a: Jellicent
|-damage|p2a: Jellicent|0 fnt
|-start|p1a: Krookodile|Disable|Knock Off
|-enditem|p2a: Jellicent|Leftovers|[from] move: Knock Off|[of] p1a: Krookodile
|faint|p2a: Jellicent
|
|c|âDix pix|for mega cham
|
|switch|p2a: Ambipom|Ambipom, M|255\/291
|-damage|p2a: Ambipom|219\/291|[from] Stealth Rock
|turn|9
|c|âDimSunIce2089|diffrent meta
|c|âDix pix|what?\
|c|âDimSunIce2089|i have limited type options
|c|âDix pix|what do you mean different meta
|
|switch|p1a: Forretress|Forretress, M|351\/354
|move|p2a: Ambipom|Fake Out|p1a: Forretress
|-resisted|p1a: Forretress
|-damage|p1a: Forretress|324\/354
|
|-heal|p1a: Forretress|346\/354|[from] item: Leftovers
|turn|10
|c|âDimSunIce2089|the team it is for a meta where im limited to what types im allowed to run
|c|âDix pix|what types are you allowed to run?
|
|switch|p2a: Meloetta|Meloetta|342\/342
|-damage|p2a: Meloetta|300\/342|[from] Stealth Rock
|move|p1a: Forretress|Volt Switch|p2a: Meloetta
|-damage|p2a: Meloetta|270\/342
|
|switch|p1a: Krookodile|Krookodile, M|331\/331
|-ability|p1a: Krookodile|Intimidate|[of] p2a: Meloetta
|-unboost|p2a: Meloetta|atk|1
|
|turn|11
|c|âDimSunIce2089|normal, dark, water, grass
|
|move|p1a: Krookodile|Knock Off|p2a: Meloetta
|-supereffective|p2a: Meloetta
|-damage|p2a: Meloetta|0 fnt
|-enditem|p2a: Meloetta|Choice Specs|[from] move: Knock Off|[of] p1a: Krookodile
|faint|p2a: Meloetta
|
|c|âDimSunIce2089|im not worried about krook cause the oppents dont get him
|
|switch|p2a: Slowking|Slowking, M|394\/394
|-damage|p2a: Slowking|345\/394|[from] Stealth Rock
|turn|12
|c|âDix pix|ah ok makes sense then
|c|âDix pix|actually anyone who is ground gets him
|c|âDimSunIce2089|you are right the crook cham combo did wreck me this game though
|
|move|p1a: Krookodile|Knock Off|p2a: Slowking
|-supereffective|p2a: Slowking
|-damage|p2a: Slowking|0 fnt
|-enditem|p2a: Slowking|Assault Vest|[from] move: Knock Off|[of] p1a: Krookodile
|faint|p2a: Slowking
|
|
|switch|p2a: Ambipom|Ambipom, M|219\/291
|-damage|p2a: Ambipom|183\/291|[from] Stealth Rock
|turn|13
|c|âDimSunIce2089|the fortress as well really hurts my lead
|c|âDix pix|yeah pretty much
|
|switch|p1a: Forretress|Forretress, M|346\/354
|move|p2a: Ambipom|Fake Out|p1a: Forretress
|-resisted|p1a: Forretress
|-damage|p1a: Forretress|321\/354
|
|-heal|p1a: Forretress|343\/354|[from] item: Leftovers
|turn|14
|
|move|p2a: Ambipom|Knock Off|p1a: Forretress
|-damage|p1a: Forretress|286\/354
|-enditem|p1a: Forretress|Leftovers|[from] move: Knock Off|[of] p2a: Ambipom
|move|p1a: Forretress|Gyro Ball|p2a: Ambipom
|-damage|p2a: Ambipom|0 fnt
|faint|p2a: Ambipom
|
|win|Dix pix
|raw|Ladder updating...
|raw|Dix pix's rating: 1636 &rarr; <strong>1642<\/strong><br \/>(+6 for winning)
|raw|DimSunIce2089's rating: 1352 &rarr; <strong>1345<\/strong><br \/>(-7 for losing)
|c|âDimSunIce2089|but hey ill keep playing and learning
|leave|Dix pix
|player|p1