|join|wrongright
|join|level 56
|player|p1|wrongright|170
|player|p2|level 56|275
|gametype|singles
|gen|6
|tier|OU
|rated
|clearpoke
|poke|p1|Keldeo-Resolute
|poke|p1|Celebi
|poke|p1|Charizard, M
|poke|p1|Manaphy
|poke|p1|Landorus-Therian, M
|poke|p1|Skarmory, F
|poke|p2|Tyranitar, M
|poke|p2|Landorus, M
|poke|p2|Gardevoir, M
|poke|p2|Latios, M
|poke|p2|Ferrothorn, M
|poke|p2|Metagross
|rule|Swagger Clause: Swagger is banned
|rule|Baton Pass Clause: Limit one PokÃ©mon knowing Baton Pass
|rule|Sleep Clause Mod: Limit one foe put to sleep
|rule|Species Clause: Limit one of each PokÃ©mon
|rule|OHKO Clause: OHKO moves are banned
|rule|Moody Clause: Moody is banned
|rule|Evasion Moves Clause: Evasion moves are banned
|rule|Endless Battle Clause: Forcing endless battles is banned
|rule|HP Percentage Mod: HP is shown in percentages
|teampreview
|
|start
|switch|p1a: Charizard|Charizard, M|323\/323
|switch|p2a: Tyranitar|Tyranitar, M|342\/342
|-weather|Sandstorm
|turn|1
|c|âwrongright|stupid shit
|c|âwrongright|keeps disconecting
|
|switch|p1a: Landorus-Therian|Landorus-Therian, M|382\/382
|-ability|p1a: Landorus-Therian|Intimidate|[of] p2a: Tyranitar
|-unboost|p2a: Tyranitar|atk|1
|move|p2a: Tyranitar|Stone Edge|p1a: Landorus-Therian
|-damage|p1a: Landorus-Therian|292\/382
|
|-weather|Sandstorm|[upkeep]
|-heal|p1a: Landorus-Therian|315\/382|[from] item: Leftovers
|turn|2
|
|switch|p2a: Ferrothorn|Ferrothorn, M|352\/352
|move|p1a: Landorus-Therian|Stealth Rock|p2a: Ferrothorn
|-sidestart|p2: level 56|move: Stealth Rock
|
|-weather|Sandstorm|[upkeep]
|-heal|p1a: Landorus-Therian|338\/382|[from] item: Leftovers
|turn|3
|
|switch|p1a: Charizard|Charizard, M|323\/323
|move|p2a: Ferrothorn|Leech Seed|p1a: Charizard
|-start|p1a: Charizard|move: Leech Seed
|
|-weather|Sandstorm|[upkeep]
|-damage|p1a: Charizard|303\/323|[from] sandstorm
|-damage|p1a: Charizard|263\/323|[from] Leech Seed|[of] p2a: Ferrothorn
|turn|4
|
|switch|p2a: Tyranitar|Tyranitar, M|342\/342
|-damage|p2a: Tyranitar|300\/342|[from] Stealth Rock
|detailschange|p1a: Charizard|Charizard-Mega-X, M
|message|Charizard has Mega Evolved into Mega Charizard!
|move|p1a: Charizard|Flare Blitz|p2a: Tyranitar
|-resisted|p2a: Tyranitar
|-damage|p2a: Tyranitar|160\/342
|-status|p2a: Tyranitar|brn
|-damage|p1a: Charizard|217\/323|[from] recoil|[of] p2a: Tyranitar
|
|-weather|Sandstorm|[upkeep]
|-damage|p1a: Charizard|197\/323|[from] sandstorm
|-damage|p1a: Charizard|157\/323|[from] Leech Seed|[of] p2a: Tyranitar
|-heal|p2a: Tyranitar|200\/342 brn|[silent]
|-damage|p2a: Tyranitar|158\/342 brn|[from] brn
|turn|5
|
|move|p2a: Tyranitar|Pursuit|p1a: Charizard|[from]Pursuit
|-damage|p1a: Charizard|91\/323
|switch|p1a: Manaphy|Manaphy|364\/364
|
|-weather|none
|-damage|p2a: Tyranitar|116\/342 brn|[from] brn
|turn|6
|
|switch|p2a: Latios|Latios, M|302\/302
|-damage|p2a: Latios|265\/302|[from] Stealth Rock
|move|p1a: Manaphy|Tail Glow|p1a: Manaphy
|-boost|p1a: Manaphy|spa|3
|
|turn|7
|
|switch|p1a: Celebi|Celebi|404\/404
|move|p2a: Latios|Draco Meteor|p1a: Celebi
|-damage|p1a: Celebi|170\/404
|-unboost|p2a: Latios|spa|2
|-damage|p2a: Latios|235\/302|[from] item: Life Orb
|
|-heal|p1a: Celebi|195\/404|[from] item: Leftovers
|turn|8
|
|switch|p2a: Ferrothorn|Ferrothorn, M|352\/352
|-damage|p2a: Ferrothorn|330\/352|[from] Stealth Rock
|move|p1a: Celebi|Substitute|p1a: Celebi
|-start|p1a: Celebi|Substitute
|-damage|p1a: Celebi|94\/404
|
|-heal|p1a: Celebi|119\/404|[from] item: Leftovers
|-heal|p2a: Ferrothorn|352\/352|[from] item: Leftovers
|turn|9
|
|move|p1a: Celebi|Recover|p1a: Celebi
|-heal|p1a: Celebi|321\/404
|move|p2a: Ferrothorn|Spikes|p1a: Celebi
|-sidestart|p1: wrongright|Spikes
|
|-heal|p1a: Celebi|346\/404|[from] item: Leftovers
|turn|10
|
|move|p1a: Celebi|Baton Pass|p1a: Celebi
|
|switch|p1a: Charizard|Charizard-Mega-X, M|91\/323
|-damage|p1a: Charizard|51\/323|[from] Spikes
|move|p2a: Ferrothorn|Gyro Ball|p1a: Charizard
|-resisted|p1a: Charizard
|-activate|p1a: Charizard|Substitute|[damage]
|
|turn|11
|
|switch|p2a: Tyranitar|Tyranitar, M|116\/342 brn
|-damage|p2a: Tyranitar|74\/342 brn|[from] Stealth Rock
|-weather|Sandstorm
|move|p1a: Charizard|Roost|p1a: Charizard
|-heal|p1a: Charizard|213\/323
|
|-weather|Sandstorm|[upkeep]
|-damage|p1a: Charizard|193\/323|[from] sandstorm
|-damage|p2a: Tyranitar|32\/342 brn|[from] brn
|turn|12
|
|move|p2a: Tyranitar|Stone Edge|p1a: Charizard
|-supereffective|p1a: Charizard
|-end|p1a: Charizard|Substitute
|move|p1a: Charizard|Flare Blitz|p2a: Tyranitar
|-resisted|p2a: Tyranitar
|-damage|p2a: Tyranitar|0 fnt
|-damage|p1a: Charizard|182\/323|[from] recoil|[of] p2a: Tyranitar
|faint|p2a: Tyranitar
|
|-weather|Sandstorm|[upkeep]
|-damage|p1a: Charizard|162\/323|[from] sandstorm
|
|switch|p2a: Gardevoir|Gardevoir, M|278\/278
|-damage|p2a: Gardevoir|244\/278|[from] Stealth Rock
|turn|13
|
|move|p2a: Gardevoir|Moonblast|p1a: Charizard
|-damage|p1a: Charizard|0 fnt
|faint|p1a: Charizard
|
|-weather|Sandstorm|[upkeep]
|-damage|p2a: Gardevoir|227\/278|[from] sandstorm
|
|switch|p1a: Manaphy|Manaphy|364\/364
|-damage|p1a: Manaphy|319\/364|[from] Spikes
|turn|14
|
|switch|p2a: Ferrothorn|Ferrothorn, M|352\/352
|-damage|p2a: Ferrothorn|330\/352|[from] Stealth Rock
|move|p1a: Manaphy|Scald|p2a: Ferrothorn
|-resisted|p2a: Ferrothorn
|-damage|p2a: Ferrothorn|268\/352
|
|-weather|Sandstorm|[upkeep]
|-damage|p1a: Manaphy|297\/364|[from] sandstorm
|-heal|p1a: Manaphy|319\/364|[from] item: Leftovers
|-heal|p2a: Ferrothorn|290\/352|[from] item: Leftovers
|turn|15
|
|move|p1a: Manaphy|Scald|p2a: Ferrothorn
|-resisted|p2a: Ferrothorn
|-damage|p2a: Ferrothorn|236\/352
|move|p2a: Ferrothorn|Leech Seed|p1a: Manaphy
|-start|p1a: Manaphy|move: Leech Seed
|
|-weather|none
|-heal|p1a: Manaphy|341\/364|[from] item: Leftovers
|-heal|p2a: Ferrothorn|258\/352|[from] item: Leftovers
|-damage|p1a: Manaphy|296\/364|[from] Leech Seed|[of] p2a: Ferrothorn
|-heal|p2a: Ferrothorn|303\/352|[silent]
|turn|16
|
|move|p1a: Manaphy|Scald|p2a: Ferrothorn
|-resisted|p2a: Ferrothorn
|-damage|p2a: Ferrothorn|245\/352
|move|p2a: Ferrothorn|Spikes|p1a: Manaphy
|-sidestart|p1: wrongright|Spikes
|
|-heal|p1a: Manaphy|318\/364|[from] item: Leftovers
|-heal|p2a: Ferrothorn|267\/352|[from] item: Leftovers
|-damage|p1a: Manaphy|273\/364|[from] Leech Seed|[of] p2a: Ferrothorn
|-heal|p2a: Ferrothorn|312\/352|[silent]
|turn|17
|
|move|p2a: Ferrothorn|Protect|p2a: Ferrothorn
|-singleturn|p2a: Ferrothorn|Protect
|move|p1a: Manaphy|Scald|p2a: Ferrothorn
|-activate|p2a: Ferrothorn|Protect
|
|-heal|p1a: Manaphy|295\/364|[from] item: Leftovers
|-heal|p2a: Ferrothorn|334\/352|[from] item: Leftovers
|-damage|p1a: Manaphy|250\/364|[from] Leech Seed|[of] p2a: Ferrothorn
|-heal|p2a: Ferrothorn|352\/352|[silent]
|turn|18
|
|switch|p2a: Latios|Latios, M|235\/302
|-damage|p2a: Latios|198\/302|[from] Stealth Rock
|move|p1a: Manaphy|Scald|p2a: Latios
|-resisted|p2a: Latios
|-damage|p2a: Latios|138\/302
|
|-heal|p1a: Manaphy|272\/364|[from] item: Leftovers
|-damage|p1a: Manaphy|227\/364|[from] Leech Seed|[of] p2a: Latios
|-heal|p2a: Latios|183\/302|[silent]
|turn|19
|
|switch|p1a: Skarmory|Skarmory, F|334\/334
|move|p2a: Latios|Hidden Power|p1a: Skarmory
|-supereffective|p1a: Skarmory
|-damage|p1a: Skarmory|103\/334
|-damage|p2a: Latios|153\/302|[from] item: Life Orb
|
|turn|20
|
|move|p2a: Latios|Hidden Power|p1a: Skarmory
|-supereffective|p1a: Skarmory
|-damage|p1a: Skarmory|0 fnt
|-damage|p2a: Latios|123\/302|[from] item: Life Orb
|faint|p1a: Skarmory
|
|
|switch|p1a: Celebi|Celebi|346\/404
|-damage|p1a: Celebi|279\/404|[from] Spikes
|turn|21
|
|move|p2a: Latios|Recover|p2a: Latios
|-heal|p2a: Latios|274\/302
|move|p1a: Celebi|Recover|p1a: Celebi
|-heal|p1a: Celebi|404\/404
|
|turn|22
|
|switch|p2a: Metagross|Metagross|302\/302
|-damage|p2a: Metagross|284\/302|[from] Stealth Rock
|move|p1a: Celebi|Substitute|p1a: Celebi
|-start|p1a: Celebi|Substitute
|-damage|p1a: Celebi|303\/404
|
|-heal|p1a: Celebi|328\/404|[from] item: Leftovers
|turn|23
|
|detailschange|p2a: Metagross|Metagross-Mega
|message|Metagross has Mega Evolved into Mega Metagross!
|move|p2a: Metagross|Meteor Mash|p1a: Celebi
|-end|p1a: Celebi|Substitute
|move|p1a: Celebi|Baton Pass|p1a: Celebi
|
|switch|p1a: Landorus-Therian|Landorus-Therian, M|338\/382
|-ability|p1a: Landorus-Therian|Intimidate|[of] p2a: Metagross
|-unboost|p2a: Metagross|atk|1
|
|-heal|p1a: Landorus-Therian|361\/382|[from] item: Leftovers
|turn|24
|
|switch|p2a: Landorus|Landorus, M|319\/319
|-damage|p2a: Landorus|280\/319|[from] Stealth Rock
|move|p1a: Landorus-Therian|U-turn|p2a: Landorus
|-resisted|p2a: Landorus
|-damage|p2a: Landorus|236\/319
|
|switch|p1a: Keldeo-Resolute|Keldeo-Resolute|323\/323
|-damage|p1a: Keldeo-Resolute|270\/323|[from] Spikes
|
|-heal|p1a: Keldeo-Resolute|290\/323|[from] item: Leftovers
|turn|25
|
|switch|p2a: Ferrothorn|Ferrothorn, M|352\/352
|-damage|p2a: Ferrothorn|330\/352|[from] Stealth Rock
|move|p1a: Keldeo-Resolute|Scald|p2a: Ferrothorn
|-crit|p2a: Ferrothorn
|-resisted|p2a: Ferrothorn
|-damage|p2a: Ferrothorn|237\/352
|-status|p2a: Ferrothorn|brn
|
|-heal|p1a: Keldeo-Resolute|310\/323|[from] item: Leftovers
|-heal|p2a: Ferrothorn|259\/352 brn|[from] item: Leftovers
|-damage|p2a: Ferrothorn|215\/352 brn|[from] brn
|turn|26
|
|switch|p2a: Latios|Latios, M|274\/302
|-damage|p2a: Latios|237\/302|[from] Stealth Rock
|move|p1a: Keldeo-Resolute|Substitute|p1a: Keldeo-Resolute
|-start|p1a: Keldeo-Resolute|Substitute
|-damage|p1a: Keldeo-Resolute|230\/323
|
|-heal|p1a: Keldeo-Resolute|250\/323|[from] item: Leftovers
|turn|27
|
|move|p2a: Latios|Psyshock|p1a: Keldeo-Resolute
|-supereffective|p1a: Keldeo-Resolute
|-end|p1a: Keldeo-Resolute|Substitute
|-damage|p2a: Latios|207\/302|[from] item: Life Orb
|move|p1a: Keldeo-Resolute|Scald|p2a: Latios
|-resisted|p2a: Latios
|-damage|p2a: Latios|140\/302
|
|-heal|p1a: Keldeo-Resolute|270\/323|[from] item: Leftovers
|turn|28
|
|switch|p1a: Landorus-Therian|Landorus-Therian, M|361\/382
|-ability|p1a: Landorus-Therian|Intimidate|[of] p2a: Latios
|-unboost|p2a: Latios|atk|1
|move|p2a: Latios|Recover|p2a: Latios
|-heal|p2a: Latios|291\/302
|
|-heal|p1a: Landorus-Therian|382\/382|[from] item: Leftovers
|turn|29
|
|switch|p2a: Ferrothorn|Ferrothorn, M|215\/352 brn
|-damage|p2a: Ferrothorn|193\/352 brn|[from] Stealth Rock
|switch|p1a: Manaphy|Manaphy|227\/364
|-damage|p1a: Manaphy|167\/364|[from] Spikes
|
|-heal|p1a: Manaphy|189\/364|[from] item: Leftovers
|-heal|p2a: Ferrothorn|215\/352 brn|[from] item: Leftovers
|-damage|p2a: Ferrothorn|171\/352 brn|[from] brn
|turn|30
|
|move|p1a: Manaphy|Tail Glow|p1a: Manaphy
|-boost|p1a: Manaphy|spa|3
|move|p2a: Ferrothorn|Leech Seed|p1a: Manaphy
|-start|p1a: Manaphy|move: Leech Seed
|
|-heal|p1a: Manaphy|211\/364|[from] item: Leftovers
|-heal|p2a: Ferrothorn|193\/352 brn|[from] item: Leftovers
|-damage|p1a: Manaphy|166\/364|[from] Leech Seed|[of] p2a: Ferrothorn
|-heal|p2a: Ferrothorn|238\/352 brn|[silent]
|-damage|p2a: Ferrothorn|194\/352 brn|[from] brn
|turn|31
|
|move|p1a: Manaphy|Scald|p2a: Ferrothorn
|-resisted|p2a: Ferrothorn
|-damage|p2a: Ferrothorn|58\/352 brn
|move|p2a: Ferrothorn|Spikes|p1a: Manaphy
|-sidestart|p1: wrongright|Spikes
|
|-heal|p1a: Manaphy|188\/364|[from] item: Leftovers
|-heal|p2a: Ferrothorn|80\/352 brn|[from] item: Leftovers
|-damage|p1a: Manaphy|143\/364|[from] Leech Seed|[of] p2a: Ferrothorn
|-heal|p2a: Ferrothorn|125\/352 brn|[silent]
|-damage|p2a: Ferrothorn|81\/352 brn|[from] brn
|turn|32
|
|move|p2a: Ferrothorn|Protect|p2a: Ferrothorn
|-singleturn|p2a: Ferrothorn|Protect
|move|p1a: Manaphy|Scald|p2a: Ferrothorn
|-activate|p2a: Ferrothorn|Protect
|
|-heal|p1a: Manaphy|165\/364|[from] item: Leftovers
|-heal|p2a: Ferrothorn|103\/352 brn|[from] item: Leftovers
|-damage|p1a: Manaphy|120\/364|[from] Leech Seed|[of] p2a: Ferrothorn
|-heal|p2a: Ferrothorn|148\/352 brn|[silent]
|-damage|p2a: Ferrothorn|104\/352 brn|[from] brn
|turn|33
|
|switch|p2a: Latios|Latios, M|291\/302
|-damage|p2a: Latios|254\/302|[from] Stealth Rock
|move|p1a: Manaphy|Scald|p2a: Latios
|-resisted|p2a: Latios
|-damage|p2a: Latios|115\/302
|
|-heal|p1a: Manaphy|142\/364|[from] item: Leftovers
|-damage|p1a: Manaphy|97\/364|[from] Leech Seed|[of] p2a: Latios
|-heal|p2a: Latios|160\/302|[silent]
|turn|34
|
|switch|p1a: Landorus-Therian|Landorus-Therian, M|382\/382
|-ability|p1a: Landorus-Therian|Intimidate|[of] p2a: Latios
|-unboost|p2a: Latios|atk|1
|move|p2a: Latios|Psyshock|p1a: Landorus-Therian
|-damage|p1a: Landorus-Therian|234\/382
|-damage|p2a: Latios|130\/302|[from] item: Life Orb
|
|-heal|p1a: Landorus-Therian|257\/382|[from] item: Leftovers
|turn|35
|
|switch|p1a: Manaphy|Manaphy|97\/364
|-damage|p1a: Manaphy|6\/364|[from] Spikes
|move|p2a: Latios|Draco Meteor|p1a: Manaphy
|-damage|p1a: Manaphy|0 fnt
|-unboost|p2a: Latios|spa|2
|-damage|p2a: Latios|100\/302|[from] item: Life Orb
|faint|p1a: Manaphy
|
|
|switch|p1a: Landorus-Therian|Landorus-Therian, M|257\/382
|-ability|p1a: Landorus-Therian|Intimidate|[of] p2a: Latios
|-unboost|p2a: Latios|atk|1
|turn|36
|
|switch|p2a: Ferrothorn|Ferrothorn, M|104\/352 brn
|-damage|p2a: Ferrothorn|82\/352 brn|[from] Stealth Rock
|move|p1a: Landorus-Therian|U-turn|p2a: Ferrothorn
|-damage|p2a: Ferrothorn|35\/352 brn
|-damage|p1a: Landorus-Therian|210\/382|[from] ability: Iron Barbs|[of] p2a: Ferrothorn
|
|switch|p1a: Keldeo-Resolute|Keldeo-Resolute|270\/323
|-damage|p1a: Keldeo-Resolute|190\/323|[from] Spikes
|
|-heal|p1a: Keldeo-Resolute|210\/323|[from] item: Leftovers
|-heal|p2a: Ferrothorn|57\/352 brn|[from] item: Leftovers
|-damage|p2a: Ferrothorn|13\/352 brn|[from] brn
|turn|37
|
|switch|p2a: Latios|Latios, M|100\/302
|-damage|p2a: Latios|63\/302|[from] Stealth Rock
|move|p1a: Keldeo-Resolute|Substitute|p1a: Keldeo-Resolute
|-start|p1a: Keldeo-Resolute|Substitute
|-damage|p1a: Keldeo-Resolute|130\/323
|
|-heal|p1a: Keldeo-Resolute|150\/323|[from] item: Leftovers
|turn|38
|
|move|p2a: Latios|Recover|p2a: Latios
|-heal|p2a: Latios|214\/302
|move|p1a: Keldeo-Resolute|Scald|p2a: Latios
|-crit|p2a: Latios
|-resisted|p2a: Latios
|-damage|p2a: Latios|108\/302
|
|-heal|p1a: Keldeo-Resolute|170\/323|[from] item: Leftovers
|turn|39
|
|move|p2a: Latios|Recover|p2a: Latios
|-heal|p2a: Latios|259\/302
|move|p1a: Keldeo-Resolute|Scald|p2a: Latios
|-resisted|p2a: Latios
|-damage|p2a: Latios|193\/302
|-status|p2a: Latios|brn
|
|-heal|p1a: Keldeo-Resolute|190\/323|[from] item: Leftovers
|-damage|p2a: Latios|156\/302 brn|[from] brn
|turn|40
|
|move|p2a: Latios|Psyshock|p1a: Keldeo-Resolute
|-crit|p1a: Keldeo-Resolute
|-supereffective|p1a: Keldeo-Resolute
|-end|p1a: Keldeo-Resolute|Substitute
|-damage|p2a: Latios|126\/302 brn|[from] item: Life Orb
|move|p1a: Keldeo-Resolute|Secret Sword|p2a: Latios
|-resisted|p2a: Latios
|-damage|p2a: Latios|29\/302 brn
|
|-heal|p1a: Keldeo-Resolute|210\/323|[from] item: Leftovers
|-damage|p2a: Latios|0 fnt|[from] brn
|faint|p2a: Latios
|
|switch|p2a: Gardevoir|Gardevoir, M|227\/278
|-damage|p2a: Gardevoir|193\/278|[from] Stealth Rock
|turn|41
|
|switch|p1a: Landorus-Therian|Landorus-Therian, M|210\/382
|-ability|p1a: Landorus-Therian|Intimidate|[of] p2a: Gardevoir
|-unboost|p2a: Gardevoir|atk|1
|move|p2a: Gardevoir|Moonblast|p1a: Landorus-Therian
|-damage|p1a: Landorus-Therian|15\/382
|
|-heal|p1a: Landorus-Therian|38\/382|[from] item: Leftovers
|turn|42
|
|move|p2a: Gardevoir|Moonblast|p1a: Landorus-Therian
|-damage|p1a: Landorus-Therian|0 fnt
|faint|p1a: Landorus-Therian
|
|
|switch|p1a: Celebi|Celebi|328\/404
|-damage|p1a: Celebi|227\/404|[from] Spikes
|turn|43
|
|switch|p2a: Landorus|Landorus, M|236\/319
|-damage|p2a: Landorus|197\/319|[from] Stealth Rock
|move|p1a: Celebi|Recover|p1a: Celebi
|-heal|p1a: Celebi|404\/404
|
|turn|44
|
|move|p2a: Landorus|Knock Off|p1a: Celebi
|-supereffective|p1a: Celebi
|-damage|p1a: Celebi|157\/404
|-enditem|p1a: Celebi|Leftovers|[from] move: Knock Off|[of] p2a: Landorus
|-damage|p2a: Landorus|166\/319|[from] item: Life Orb
|move|p1a: Celebi|Giga Drain|p2a: Landorus
|-damage|p2a: Landorus|57\/319
|-heal|p1a: Celebi|212\/404|[from] drain|[of] p2a: Landorus
|
|turn|45
|
|move|p2a: Landorus|Stealth Rock|p1a: Celebi
|-sidestart|p1: wrongright|move: Stealth Rock
|move|p1a: Celebi|Recover|p1a: Celebi
|-heal|p1a: Celebi|404\/404
|
|turn|46
|
|move|p2a: Landorus|Knock Off|p1a: Celebi
|-supereffective|p1a: Celebi
|-damage|p1a: Celebi|235\/404
|-damage|p2a: Landorus|26\/319|[from] item: Life Orb
|move|p1a: Celebi|Substitute|p1a: Celebi
|-start|p1a: Celebi|Substitute
|-damage|p1a: Celebi|134\/404
|
|turn|47
|
|move|p2a: Landorus|Knock Off|p1a: Celebi
|-supereffective|p1a: Celebi
|-end|p1a: Celebi|Substitute
|-damage|p2a: Landorus|0 fnt|[from] item: Life Orb
|faint|p2a: Landorus
|move|p1a: Celebi|Recover|p1a: Celebi
|-heal|p1a: Celebi|336\/404
|
|
|switch|p2a: Metagross|Metagross-Mega|284\/302
|-damage|p2a: Metagross|266\/302|[from] Stealth Rock
|turn|48
|
|move|p2a: Metagross|Meteor Mash|p1a: Celebi|[miss]
|-miss|p2a: Metagross|p1a: Celebi
|move|p1a: Celebi|Recover|p1a: Celebi
|-heal|p1a: Celebi|404\/404
|
|turn|49
|
|move|p2a: Metagross|Meteor Mash|p1a: Celebi
|-damage|p1a: Celebi|158\/404
|move|p1a: Celebi|Giga Drain|p2a: Metagross
|-resisted|p2a: Metagross
|-damage|p2a: Metagross|224\/302
|-heal|p1a: Celebi|179\/404|[from] drain|[of] p2a: Metagross
|
|turn|50
|
|move|p2a: Metagross|Meteor Mash|p1a: Celebi
|-damage|p1a: Celebi|0 fnt
|faint|p1a: Celebi
|
|-message|wrongright forfeited.
|
|win|level 56
|raw|Ladder updating...
|leave|wrongright
|player|p1
|raw|wrongright's rating: 1786 &rarr; <strong>1762<\/strong><br \/>(-24 for losing)
|raw|level 56's rating: 1720 &rarr; <strong>1744<\/strong><br \/>(+24 for winning)