|join|wrongright
|join|destinyhero96
|player|p1|wrongright|170
|player|p2|destinyhero96|2
|gametype|singles
|gen|6
|tier|OU
|rated
|clearpoke
|poke|p1|Ferrothorn, F
|poke|p1|Starmie
|poke|p1|Charizard, F
|poke|p1|Clefable, M
|poke|p1|Greninja, F
|poke|p1|Landorus-Therian, M
|poke|p2|Espeon, M
|poke|p2|Smeargle, M
|poke|p2|Uxie
|poke|p2|Whimsicott, F
|poke|p2|Sigilyph, F
|poke|p2|Clefable, M
|rule|Swagger Clause: Swagger is banned
|rule|Baton Pass Clause: Limit one PokÃ©mon knowing Baton Pass
|rule|Sleep Clause Mod: Limit one foe put to sleep
|rule|Species Clause: Limit one of each PokÃ©mon
|rule|OHKO Clause: OHKO moves are banned
|rule|Moody Clause: Moody is banned
|rule|Evasion Moves Clause: Evasion moves are banned
|rule|Endless Battle Clause: Forcing endless battles is banned
|rule|HP Percentage Mod: HP is shown in percentages
|teampreview
|c|âdestinyhero96|man i should stop playing
|c|âwrongright|kill yourself
|c|âdestinyhero96|i really have to get going
|c|âwrongright|kid
|c|âwrongright|dude tell me something
|c|âwrongright|how you fun with this
|c|âdestinyhero96|its extremely fun....
|c|âwrongright|is terrible
|c|âdestinyhero96|have u played it urself
|
|start
|switch|p1a: Greninja|Greninja, F|285\/285
|switch|p2a: Uxie|Uxie|292\/292
|turn|1
|c|âwrongright|1 time i play this garbage and i get aids for 3 days
|
|move|p1a: Greninja|Dark Pulse|p2a: Uxie
|-start|p1a: Greninja|typechange|Dark|[from] Protean
|-supereffective|p2a: Uxie
|-damage|p2a: Uxie|48\/292
|-damage|p1a: Greninja|257\/285|[from] item: Life Orb
|move|p2a: Uxie|Thunder Wave|p1a: Greninja
|-status|p1a: Greninja|par
|
|turn|2
|
|move|p2a: Uxie|Memento|p1a: Greninja
|-unboost|p1a: Greninja|atk|2
|-unboost|p1a: Greninja|spa|2
|faint|p2a: Uxie
|move|p1a: Greninja|Dark Pulse|p2: Uxie|[notarget]
|-notarget
|
|
|switch|p2a: Smeargle|Smeargle, M|314\/314
|turn|3
|
|move|p2a: Smeargle|Geomancy|p2a: Smeargle|[still]
|-prepare|p2a: Smeargle|Geomancy|p2a: Smeargle
|-enditem|p2a: Smeargle|Power Herb
|-anim|p2a: Smeargle|Geomancy|p2a: Smeargle
|-boost|p2a: Smeargle|spa|2
|-boost|p2a: Smeargle|spd|2
|-boost|p2a: Smeargle|spe|2
|cant|p1a: Greninja|par
|
|turn|4
|c|âwrongright|look my low kcick
|c|âwrongright|get lucky too
|c|âdestinyhero96|!data smeargle
|c|~|\/data-pokemon Smeargle

|c|âdestinyhero96|idk his weight
|c|âdestinyhero96|but im pretty sure smeargle isnt that heavy
|
|move|p2a: Smeargle|Cotton Guard|p2a: Smeargle
|-boost|p2a: Smeargle|def|3
|move|p1a: Greninja|Dark Pulse|p2a: Smeargle
|-damage|p2a: Smeargle|248\/314
|-damage|p1a: Greninja|229\/285 par|[from] item: Life Orb
|
|turn|5
|c|âdestinyhero96|ur attacking with a pokemon at -2 anyway
|
|move|p2a: Smeargle|Geomancy|p2a: Smeargle|[still]
|-prepare|p2a: Smeargle|Geomancy|p2a: Smeargle
|move|p1a: Greninja|Gunk Shot|p2a: Smeargle
|-start|p1a: Greninja|typechange|Poison|[from] Protean
|-damage|p2a: Smeargle|177\/314
|-damage|p1a: Greninja|201\/285 par|[from] item: Life Orb
|
|turn|6
|
|move|p2a: Smeargle|Geomancy|p2a: Smeargle
|-boost|p2a: Smeargle|spa|2
|-boost|p2a: Smeargle|spd|2
|-boost|p2a: Smeargle|spe|2
|cant|p1a: Greninja|par
|
|turn|7
|
|move|p2a: Smeargle|Baton Pass|p2a: Smeargle
|
|switch|p2a: Espeon|Espeon, M|328\/328
|cant|p1a: Greninja|par
|
|turn|8
|
|move|p2a: Espeon|Dazzling Gleam|p1a: Greninja
|-resisted|p1a: Greninja
|-damage|p1a: Greninja|14\/285 par
|move|p1a: Greninja|Dark Pulse|p2a: Espeon
|-start|p1a: Greninja|typechange|Dark|[from] Protean
|-supereffective|p2a: Espeon
|-damage|p2a: Espeon|271\/328
|-damage|p1a: Greninja|0 fnt|[from] item: Life Orb
|faint|p1a: Greninja
|
|-heal|p2a: Espeon|291\/328|[from] item: Leftovers
|c|âwrongright|well kid i hope you enjoy dat
|-message|wrongright forfeited.
|
|win|destinyhero96
|raw|Ladder updating...
|c|âdestinyhero96|gg bro
|leave|wrongright
|player|p1
|raw|wrongright's rating: 1751 &rarr; <strong>1730<\/strong><br \/>(-21 for losing)
|raw|destinyhero96's rating: 1735 &rarr; <strong>1756<\/strong><br \/>(+21 for winning)
|leave|destinyhero96
|player|p2