|join|Reverb
|join|wrongright
|player|p1|Reverb|#reverb
|player|p2|wrongright|170
|gametype|singles
|gen|6
|tier|OU
|rated
|clearpoke
|poke|p1|Empoleon, F
|poke|p1|Tyranitar, F
|poke|p1|Charizard, F
|poke|p1|Keldeo
|poke|p1|Kyurem-Black
|poke|p1|Landorus-Therian, M
|poke|p2|Latias, F
|poke|p2|Slowbro, F
|poke|p2|Charizard, M
|poke|p2|Ferrothorn, F
|poke|p2|Landorus-Therian, M
|poke|p2|Keldeo-Resolute
|rule|Swagger Clause: Swagger is banned
|rule|Baton Pass Clause: Limit one PokÃ©mon knowing Baton Pass
|rule|Sleep Clause Mod: Limit one foe put to sleep
|rule|Species Clause: Limit one of each PokÃ©mon
|rule|OHKO Clause: OHKO moves are banned
|rule|Moody Clause: Moody is banned
|rule|Evasion Moves Clause: Evasion moves are banned
|rule|Endless Battle Clause: Forcing endless battles is banned
|rule|HP Percentage Mod: HP is shown in percentages
|teampreview
|join|Alvadora
|join|jake5
|join|Yuttt.ttttt
|
|start
|switch|p1a: Keldeo|Keldeo|323\/323
|switch|p2a: Keldeo-Resolute|Keldeo-Resolute|323\/323
|turn|1
|
|switch|p2a: Latias|Latias, F|310\/310
|move|p1a: Keldeo|Secret Sword|p2a: Latias
|-resisted|p2a: Latias
|-damage|p2a: Latias|183\/310
|
|turn|2
|
|switch|p2a: Keldeo-Resolute|Keldeo-Resolute|323\/323
|switch|p1a: Empoleon|Empoleon, F|372\/372
|
|turn|3
|
|move|p2a: Keldeo-Resolute|Secret Sword|p1a: Empoleon
|-supereffective|p1a: Empoleon
|-damage|p1a: Empoleon|136\/372
|move|p1a: Empoleon|Stealth Rock|p2a: Keldeo-Resolute
|-sidestart|p2: wrongright|move: Stealth Rock
|
|-heal|p1a: Empoleon|159\/372|[from] item: Leftovers
|turn|4
|
|switch|p1a: Landorus-Therian|Landorus-Therian, M|327\/327
|-ability|p1a: Landorus-Therian|Intimidate|[of] p2a: Keldeo-Resolute
|-unboost|p2a: Keldeo-Resolute|atk|1
|move|p2a: Keldeo-Resolute|Secret Sword|p1a: Landorus-Therian
|-resisted|p1a: Landorus-Therian
|-damage|p1a: Landorus-Therian|243\/327
|
|turn|5
|
|switch|p2a: Landorus-Therian|Landorus-Therian, M|320\/320
|-damage|p2a: Landorus-Therian|280\/320|[from] Stealth Rock
|-ability|p2a: Landorus-Therian|Intimidate|[of] p1a: Landorus-Therian
|-unboost|p1a: Landorus-Therian|atk|1
|move|p1a: Landorus-Therian|U-turn|p2a: Landorus-Therian
|-resisted|p2a: Landorus-Therian
|-damage|p2a: Landorus-Therian|250\/320
|
|switch|p1a: Keldeo|Keldeo|323\/323
|
|turn|6
|leave|Yuttt.ttttt
|
|move|p2a: Landorus-Therian|U-turn|p1a: Keldeo
|-resisted|p1a: Keldeo
|-damage|p1a: Keldeo|277\/323
|
|switch|p2a: Latias|Latias, F|183\/310
|-damage|p2a: Latias|145\/310|[from] Stealth Rock
|move|p1a: Keldeo|Icy Wind|p2a: Latias
|-supereffective|p2a: Latias
|-damage|p2a: Latias|0 fnt
|faint|p2a: Latias
|
|
|switch|p2a: Keldeo-Resolute|Keldeo-Resolute|323\/323
|-damage|p2a: Keldeo-Resolute|303\/323|[from] Stealth Rock
|turn|7
|
|switch|p1a: Empoleon|Empoleon, F|159\/372
|move|p2a: Keldeo-Resolute|Substitute|p2a: Keldeo-Resolute
|-start|p2a: Keldeo-Resolute|Substitute
|-damage|p2a: Keldeo-Resolute|223\/323
|
|-heal|p2a: Keldeo-Resolute|243\/323|[from] item: Leftovers
|-heal|p1a: Empoleon|182\/372|[from] item: Leftovers
|turn|8
|c| jake5|nb nb
|c| jake5|yeah he was right sub cm keldeo reks you
|c|âwrongright|do i predict like a good player
|c|âReverb|who was right?
|c| jake5|whats to predict
|c| jake5|your behind a sub
|c|âReverb|who was right?
|c|âwrongright|secret sowrd do crap to lando
|c| jake5|the whole reason of gettingup a sub is not to predict
|c|âwrongright|so he break
|c| jake5|eh someone
|c|âReverb|who
|
|move|p2a: Keldeo-Resolute|Secret Sword|p1a: Empoleon
|-crit|p1a: Empoleon
|-supereffective|p1a: Empoleon
|-damage|p1a: Empoleon|0 fnt
|faint|p1a: Empoleon
|
|-heal|p2a: Keldeo-Resolute|263\/323|[from] item: Leftovers
|c| jake5|dont remember
|c|âReverb|tell me
|
|switch|p1a: Landorus-Therian|Landorus-Therian, M|243\/327
|-activate|p2a: Keldeo-Resolute|Substitute|ability: Intimidate|[of] p1a: Landorus-Therian
|turn|9
|c| jake5|yes but u-turn doesnt break the sub
|
|move|p1a: Landorus-Therian|Earthquake|p2a: Keldeo-Resolute
|-end|p2a: Keldeo-Resolute|Substitute
|move|p2a: Keldeo-Resolute|Scald|p1a: Landorus-Therian
|-supereffective|p1a: Landorus-Therian
|-damage|p1a: Landorus-Therian|0 fnt
|faint|p1a: Landorus-Therian
|
|-heal|p2a: Keldeo-Resolute|283\/323|[from] item: Leftovers
|c| jake5|iirc
|
|switch|p1a: Charizard|Charizard, F|297\/297
|turn|10
|c| jake5|so you have no reason to predict lol
|c|âwrongright|he eq lol
|c| jake5|he had to break your sub one way or the other
|c| jake5|like he had a choice
|c|âwrongright|yeah but i got 2 kills
|c| jake5|yes thats why i said sub cm keldeo reks him
|c| jake5|well i didnt say
|c|âwrongright|if he got direct to lando
|c|âReverb|who said it
|c|âwrongright|i got 1
|c| jake5|some guy whose neame i dont remember
|c|âReverb|can you pls go
|c| jake5|:[
|c|âwrongright|sorry
|c| jake5|k im not saying anything
|
|switch|p2a: Slowbro|Slowbro, F|394\/394
|-damage|p2a: Slowbro|345\/394|[from] Stealth Rock
|detailschange|p1a: Charizard|Charizard-Mega-Y, F
|message|Charizard has Mega Evolved into Mega Charizard!
|-weather|SunnyDay
|move|p1a: Charizard|Solar Beam|p2a: Slowbro|[still]
|-prepare|p1a: Charizard|Solar Beam|p2a: Slowbro
|-anim|p1a: Charizard|Solar Beam|p2a: Slowbro
|-supereffective|p2a: Slowbro
|-damage|p2a: Slowbro|0 fnt
|faint|p2a: Slowbro
|
|-weather|SunnyDay|[upkeep]
|
|switch|p2a: Landorus-Therian|Landorus-Therian, M|250\/320
|-damage|p2a: Landorus-Therian|210\/320|[from] Stealth Rock
|-ability|p2a: Landorus-Therian|Intimidate|[of] p1a: Charizard
|-unboost|p1a: Charizard|atk|1
|turn|11
|
|switch|p1a: Keldeo|Keldeo|277\/323
|move|p2a: Landorus-Therian|U-turn|p1a: Keldeo
|-resisted|p1a: Keldeo
|-damage|p1a: Keldeo|228\/323
|
|switch|p2a: Keldeo-Resolute|Keldeo-Resolute|283\/323
|-damage|p2a: Keldeo-Resolute|263\/323|[from] Stealth Rock
|
|-weather|SunnyDay|[upkeep]
|-heal|p2a: Keldeo-Resolute|283\/323|[from] item: Leftovers
|turn|12
|
|move|p1a: Keldeo|Secret Sword|p2a: Keldeo-Resolute
|-damage|p2a: Keldeo-Resolute|54\/323
|move|p2a: Keldeo-Resolute|Secret Sword|p1a: Keldeo
|-damage|p1a: Keldeo|53\/323
|
|-weather|SunnyDay|[upkeep]
|-heal|p2a: Keldeo-Resolute|74\/323|[from] item: Leftovers
|turn|13
|
|switch|p2a: Landorus-Therian|Landorus-Therian, M|210\/320
|-damage|p2a: Landorus-Therian|170\/320|[from] Stealth Rock
|-ability|p2a: Landorus-Therian|Intimidate|[of] p1a: Keldeo
|-unboost|p1a: Keldeo|atk|1
|move|p1a: Keldeo|Secret Sword|p2a: Landorus-Therian
|-resisted|p2a: Landorus-Therian
|-damage|p2a: Landorus-Therian|48\/320
|
|-weather|SunnyDay|[upkeep]
|turn|14
|
|move|p2a: Landorus-Therian|Stone Edge|p1a: Keldeo
|-resisted|p1a: Keldeo
|-damage|p1a: Keldeo|0 fnt
|faint|p1a: Keldeo
|
|-weather|none
|
|switch|p1a: Kyurem-Black|Kyurem-Black|391\/391
|-ability|p1a: Kyurem-Black|Teravolt
|turn|15
|
|switch|p2a: Ferrothorn|Ferrothorn, F|352\/352
|-damage|p2a: Ferrothorn|330\/352|[from] Stealth Rock
|move|p1a: Kyurem-Black|Ice Beam|p2a: Ferrothorn
|-damage|p2a: Ferrothorn|230\/352
|
|-heal|p2a: Ferrothorn|252\/352|[from] item: Leftovers
|turn|16
|
|switch|p1a: Charizard|Charizard-Mega-Y, F|297\/297
|-weather|SunnyDay
|move|p2a: Ferrothorn|Stealth Rock|p1a: Charizard
|-sidestart|p1: Reverb|move: Stealth Rock
|
|-weather|SunnyDay|[upkeep]
|-heal|p2a: Ferrothorn|274\/352|[from] item: Leftovers
|turn|17
|
|switch|p2a: Charizard|Charizard, M|323\/323
|-damage|p2a: Charizard|162\/323|[from] Stealth Rock
|move|p1a: Charizard|Flamethrower|p2a: Charizard
|-resisted|p2a: Charizard
|-damage|p2a: Charizard|0 fnt
|faint|p2a: Charizard
|
|-weather|SunnyDay|[upkeep]
|
|switch|p2a: Landorus-Therian|Landorus-Therian, M|48\/320
|-damage|p2a: Landorus-Therian|8\/320|[from] Stealth Rock
|-ability|p2a: Landorus-Therian|Intimidate|[of] p1a: Charizard
|-unboost|p1a: Charizard|atk|1
|turn|18
|
|switch|p1a: Tyranitar|Tyranitar, F|383\/383
|-damage|p1a: Tyranitar|336\/383|[from] Stealth Rock
|-weather|Sandstorm
|move|p2a: Landorus-Therian|Stone Edge|p1a: Tyranitar|[miss]
|-miss|p2a: Landorus-Therian|p1a: Tyranitar
|
|-weather|Sandstorm|[upkeep]
|turn|19
|
|move|p2a: Landorus-Therian|Stone Edge|p1a: Tyranitar
|-damage|p1a: Tyranitar|215\/383
|move|p1a: Tyranitar|Crunch|p2a: Landorus-Therian
|-damage|p2a: Landorus-Therian|0 fnt
|faint|p2a: Landorus-Therian
|
|-weather|Sandstorm|[upkeep]
|
|switch|p2a: Keldeo-Resolute|Keldeo-Resolute|74\/323
|-damage|p2a: Keldeo-Resolute|54\/323|[from] Stealth Rock
|turn|20
|
|move|p2a: Keldeo-Resolute|Secret Sword|p1a: Tyranitar
|-supereffective|p1a: Tyranitar
|-damage|p1a: Tyranitar|0 fnt
|faint|p1a: Tyranitar
|
|-weather|Sandstorm|[upkeep]
|-damage|p2a: Keldeo-Resolute|34\/323|[from] sandstorm
|-heal|p2a: Keldeo-Resolute|54\/323|[from] item: Leftovers
|
|switch|p1a: Charizard|Charizard-Mega-Y, F|297\/297
|-damage|p1a: Charizard|149\/297|[from] Stealth Rock
|-weather|SunnyDay
|turn|21
|c|âwrongright|wat
|join|mouse de frank
|c|âReverb|unless you crit, yo ucant kill me
|c|âwrongright|omg weak shit
|
|move|p2a: Keldeo-Resolute|Scald|p1a: Charizard
|-supereffective|p1a: Charizard
|-damage|p1a: Charizard|9\/297
|move|p1a: Charizard|Flamethrower|p2a: Keldeo-Resolute
|-resisted|p2a: Keldeo-Resolute
|-damage|p2a: Keldeo-Resolute|0 fnt
|faint|p2a: Keldeo-Resolute
|
|-weather|SunnyDay|[upkeep]
|c|âReverb|gg
|c|âwrongright|gg
|-message|wrongright forfeited.
|
|win|Reverb
|raw|Ladder updating...
|leave|wrongright
|player|p2
|raw|Reverb's rating: 1802 &rarr; <strong>1818<\/strong><br \/>(+16 for winning)
|raw|wrongright's rating: 1721 &rarr; <strong>1706<\/strong><br \/>(-15 for losing)