|join|Mr. Stevenson
|join|Aegislash45
|player|p1|Mr. Stevenson|35
|player|p2|Aegislash45|265
|gametype|singles
|gen|6
|tier|OU
|rated
|clearpoke
|poke|p1|Uxie
|poke|p1|Azumarill, M
|poke|p1|Manaphy
|poke|p1|Gardevoir, M
|poke|p1|Jirachi
|poke|p1|Goodra, M
|poke|p2|Garchomp, M
|poke|p2|Celebi
|poke|p2|Camerupt, F
|poke|p2|Azumarill, M
|poke|p2|Klefki, M
|poke|p2|Thundurus, M
|rule|Swagger Clause: Swagger is banned
|rule|Baton Pass Clause: Limit one PokÃ©mon knowing Baton Pass
|rule|Sleep Clause Mod: Limit one foe put to sleep
|rule|Species Clause: Limit one of each PokÃ©mon
|rule|OHKO Clause: OHKO moves are banned
|rule|Moody Clause: Moody is banned
|rule|Evasion Moves Clause: Evasion moves are banned
|rule|Endless Battle Clause: Forcing endless battles is banned
|rule|HP Percentage Mod: HP is shown in percentages
|teampreview
|
|start
|switch|p1a: Uxie|Uxie|354\/354
|switch|p2a: Klefki|Klefki, M|317\/317
|turn|1
|
|move|p1a: Uxie|Magic Coat|p1a: Uxie
|-singleturn|p1a: Uxie|move: Magic Coat
|move|p2a: Klefki|Spikes|p1a: Uxie
|move|p1a: Uxie|Spikes|p2a: Klefki|[from]Magic Coat
|-sidestart|p2: Aegislash45|Spikes
|
|turn|2
|
|move|p1a: Uxie|Magic Coat|p1a: Uxie
|-singleturn|p1a: Uxie|move: Magic Coat
|move|p2a: Klefki|Foul Play|p1a: Uxie
|-supereffective|p1a: Uxie
|-damage|p1a: Uxie|290\/354
|-enditem|p1a: Uxie|Red Card|[of] p2a: Klefki
|drag|p2a: Thundurus|Thundurus, M|299\/299
|
|turn|3
|
|move|p2a: Thundurus|Knock Off|p1a: Uxie
|-supereffective|p1a: Uxie
|-damage|p1a: Uxie|194\/354
|-damage|p2a: Thundurus|270\/299|[from] item: Life Orb
|move|p1a: Uxie|Stealth Rock|p2a: Thundurus
|-sidestart|p2: Aegislash45|move: Stealth Rock
|
|turn|4
|
|move|p2a: Thundurus|Thunderbolt|p1a: Uxie
|-damage|p1a: Uxie|52\/354
|-damage|p2a: Thundurus|241\/299|[from] item: Life Orb
|move|p1a: Uxie|Trick Room|p1a: Uxie
|-fieldstart|move: Trick Room|[of] p1a: Uxie
|
|turn|5
|
|switch|p2a: Klefki|Klefki, M|317\/317
|-damage|p2a: Klefki|298\/317|[from] Stealth Rock
|-damage|p2a: Klefki|259\/317|[from] Spikes
|move|p1a: Uxie|Memento|p2a: Klefki
|-unboost|p2a: Klefki|atk|2
|-unboost|p2a: Klefki|spa|2
|faint|p1a: Uxie
|
|
|switch|p1a: Azumarill|Azumarill, M|404\/404
|turn|6
|
|move|p1a: Azumarill|Belly Drum|p1a: Azumarill
|-damage|p1a: Azumarill|202\/404
|-setboost|p1a: Azumarill|atk|6|[from] move: Belly Drum
|-enditem|p1a: Azumarill|Sitrus Berry|[eat]
|-heal|p1a: Azumarill|303\/404|[from] item: Sitrus Berry
|move|p2a: Klefki|Foul Play|p1a: Azumarill
|-resisted|p1a: Azumarill
|-damage|p1a: Azumarill|140\/404
|
|turn|7
|c|âMr. Stevenson|forgot about foul play
|c|âMr. Stevenson|hmm
|c|âMr. Stevenson|that's surprisingly low damage
|
|move|p2a: Klefki|Thunder Wave|p1a: Azumarill
|-status|p1a: Azumarill|par
|cant|p1a: Azumarill|par
|
|turn|8
|
|move|p1a: Azumarill|Waterfall|p2a: Klefki
|-damage|p2a: Klefki|0 fnt
|faint|p2a: Klefki
|
|-fieldend|move: Trick Room
|
|switch|p2a: Celebi|Celebi|401\/401
|-damage|p2a: Celebi|351\/401|[from] Spikes
|-damage|p2a: Celebi|301\/401|[from] Stealth Rock
|turn|9
|
|switch|p1a: Goodra|Goodra, M|343\/343
|move|p2a: Celebi|Giga Drain|p1a: Goodra
|-boost|p1a: Goodra|atk|1|[from] ability: Sap Sipper
|
|-heal|p2a: Celebi|326\/401|[from] item: Leftovers
|turn|10
|
|switch|p2a: Azumarill|Azumarill, M|355\/355
|-damage|p2a: Azumarill|311\/355|[from] Spikes
|-damage|p2a: Azumarill|267\/355|[from] Stealth Rock
|move|p1a: Goodra|Fire Blast|p2a: Azumarill
|-resisted|p2a: Azumarill
|-damage|p2a: Azumarill|206\/355
|
|turn|11
|
|switch|p1a: Jirachi|Jirachi|404\/404
|move|p2a: Azumarill|Play Rough|p1a: Jirachi
|-crit|p1a: Jirachi
|-resisted|p1a: Jirachi
|-damage|p1a: Jirachi|260\/404
|-enditem|p1a: Jirachi|Red Card|[of] p2a: Azumarill
|drag|p2a: Thundurus|Thundurus, M|241\/299
|-damage|p2a: Thundurus|167\/299|[from] Stealth Rock
|
|turn|12
|
|move|p2a: Thundurus|Knock Off|p1a: Jirachi
|-crit|p1a: Jirachi
|-supereffective|p1a: Jirachi
|-damage|p1a: Jirachi|86\/404
|-damage|p2a: Thundurus|138\/299|[from] item: Life Orb
|move|p1a: Jirachi|Trick Room|p1a: Jirachi
|-fieldstart|move: Trick Room|[of] p1a: Jirachi
|
|turn|13
|
|move|p1a: Jirachi|Healing Wish|p1a: Jirachi
|faint|p1a: Jirachi
|move|p2a: Thundurus|Thunderbolt|p1: Jirachi|[notarget]
|-notarget
|
|
|switch|p1a: Manaphy|Manaphy|404\/404
|-heal|p1a: Manaphy|404\/404|[from] move: Healing Wish
|turn|14
|
|switch|p2a: Azumarill|Azumarill, M|206\/355
|-damage|p2a: Azumarill|162\/355|[from] Stealth Rock
|-damage|p2a: Azumarill|118\/355|[from] Spikes
|move|p1a: Manaphy|Tail Glow|p1a: Manaphy
|-boost|p1a: Manaphy|spa|3
|
|turn|15
|
|move|p1a: Manaphy|Energy Ball|p2a: Azumarill
|-supereffective|p2a: Azumarill
|-damage|p2a: Azumarill|0 fnt
|faint|p2a: Azumarill
|
|
|switch|p2a: Camerupt|Camerupt, F|343\/343
|-damage|p2a: Camerupt|301\/343|[from] Stealth Rock
|-damage|p2a: Camerupt|259\/343|[from] Spikes
|turn|16
|c|âMr. Stevenson|that's one fast azumarill
|
|detailschange|p2a: Camerupt|Camerupt-Mega, F
|message|Camerupt has Mega Evolved into Mega Camerupt!
|move|p2a: Camerupt|Earth Power|p1a: Manaphy
|-damage|p1a: Manaphy|163\/404
|move|p1a: Manaphy|Scald|p2a: Camerupt
|-supereffective|p2a: Camerupt
|-damage|p2a: Camerupt|0 fnt
|faint|p2a: Camerupt
|
|-fieldend|move: Trick Room
|
|switch|p2a: Thundurus|Thundurus, M|138\/299
|-damage|p2a: Thundurus|64\/299|[from] Stealth Rock
|turn|17
|
|move|p2a: Thundurus|Thunderbolt|p1a: Manaphy
|-supereffective|p1a: Manaphy
|-enditem|p1a: Manaphy|Wacan Berry|[eat]
|-damage|p1a: Manaphy|0 fnt
|-damage|p2a: Thundurus|35\/299|[from] item: Life Orb
|faint|p1a: Manaphy
|
|c|âMr. Stevenson|thought the wacan berry might prevent the OHKO
|c|âMr. Stevenson|oh well
|
|switch|p1a: Gardevoir|Gardevoir, M|340\/340
|-ability|p1a: Gardevoir|Defiant|[from] ability: Trace|[of] p2a: Thundurus
|turn|18
|
|detailschange|p1a: Gardevoir|Gardevoir-Mega, M
|message|Gardevoir has Mega Evolved into Mega Gardevoir!
|move|p2a: Thundurus|Thunderbolt|p1a: Gardevoir
|-damage|p1a: Gardevoir|200\/340
|-damage|p2a: Thundurus|6\/299|[from] item: Life Orb
|move|p1a: Gardevoir|Trick Room|p1a: Gardevoir
|-fieldstart|move: Trick Room|[of] p1a: Gardevoir
|
|turn|19
|
|move|p1a: Gardevoir|Hyper Voice|p2a: Thundurus
|-damage|p2a: Thundurus|0 fnt
|faint|p2a: Thundurus
|
|
|switch|p2a: Celebi|Celebi|326\/401
|-damage|p2a: Celebi|276\/401|[from] Stealth Rock
|-damage|p2a: Celebi|226\/401|[from] Spikes
|turn|20
|
|move|p1a: Gardevoir|Hyper Voice|p2a: Celebi
|-damage|p2a: Celebi|0 fnt
|faint|p2a: Celebi
|
|
|switch|p2a: Garchomp|Garchomp, M|365\/365
|-damage|p2a: Garchomp|343\/365|[from] Stealth Rock
|-damage|p2a: Garchomp|298\/365|[from] Spikes
|turn|21
|c|âMr. Stevenson|gg
|c|âAegislash45|gg
|
|move|p1a: Gardevoir|Hyper Voice|p2a: Garchomp
|-supereffective|p2a: Garchomp
|-damage|p2a: Garchomp|0 fnt
|faint|p2a: Garchomp
|
|win|Mr. Stevenson
|raw|Ladder updating...
|raw|Mr. Stevenson's rating: 1421 &rarr; <strong>1441<\/strong><br \/>(+20 for winning)
|raw|Aegislash45's rating: 1416 &rarr; <strong>1397<\/strong><br \/>(-19 for losing)
|leave|Aegislash45
|player|p2