|join|lil manaphy
|join|Aegislash45
|player|p1|lil manaphy|9
|player|p2|Aegislash45|169
|gametype|singles
|gen|6
|tier|OU
|rated
|clearpoke
|poke|p1|Gardevoir, F
|poke|p1|Keldeo
|poke|p1|Amoonguss, M
|poke|p1|Chansey, F
|poke|p1|Mandibuzz, F
|poke|p1|Landorus-Therian, M
|poke|p2|Tyranitar, M
|poke|p2|Azumarill, F
|poke|p2|Landorus, M
|poke|p2|Latias, F
|poke|p2|Ferrothorn, F
|poke|p2|Gyarados, M
|rule|Swagger Clause: Swagger is banned
|rule|Baton Pass Clause: Limit one PokÃ©mon knowing Baton Pass
|rule|Sleep Clause Mod: Limit one foe put to sleep
|rule|Species Clause: Limit one of each PokÃ©mon
|rule|OHKO Clause: OHKO moves are banned
|rule|Moody Clause: Moody is banned
|rule|Evasion Moves Clause: Evasion moves are banned
|rule|Endless Battle Clause: Forcing endless battles is banned
|rule|HP Percentage Mod: HP is shown in percentages
|teampreview
|
|start
|switch|p1a: Keldeo|Keldeo|323\/323
|switch|p2a: bubbles|Azumarill, F|384\/384
|turn|1
|
|move|p1a: Keldeo|Substitute|p1a: Keldeo
|-start|p1a: Keldeo|Substitute
|-damage|p1a: Keldeo|243\/323
|move|p2a: bubbles|Belly Drum|p2a: bubbles
|-damage|p2a: bubbles|192\/384
|-setboost|p2a: bubbles|atk|6|[from] move: Belly Drum
|-enditem|p2a: bubbles|Sitrus Berry|[eat]
|-heal|p2a: bubbles|288\/384|[from] item: Sitrus Berry
|
|-heal|p1a: Keldeo|263\/323|[from] item: Leftovers
|turn|2
|
|move|p2a: bubbles|Aqua Jet|p1a: Keldeo
|-resisted|p1a: Keldeo
|-end|p1a: Keldeo|Substitute
|move|p1a: Keldeo|Scald|p2a: bubbles
|-resisted|p2a: bubbles
|-damage|p2a: bubbles|210\/384
|
|-heal|p1a: Keldeo|283\/323|[from] item: Leftovers
|turn|3
|
|switch|p1a: Landorus-Therian|Landorus-Therian, M|382\/382
|-ability|p1a: Landorus-Therian|Intimidate|[of] p2a: bubbles
|-unboost|p2a: bubbles|atk|1
|move|p2a: bubbles|Play Rough|p1a: Landorus-Therian
|-damage|p1a: Landorus-Therian|0 fnt
|faint|p1a: Landorus-Therian
|
|
|switch|p1a: Amoonguss|Amoonguss, M|432\/432
|turn|4
|
|move|p2a: bubbles|Knock Off|p1a: Amoonguss
|-damage|p1a: Amoonguss|0 fnt
|-enditem|p1a: Amoonguss|Black Sludge|[from] move: Knock Off|[of] p2a: bubbles
|faint|p1a: Amoonguss
|
|
|switch|p1a: Mandibuzz|Mandibuzz, F|423\/423
|turn|5
|
|switch|p2a: hear me roar|Tyranitar, M|341\/341
|-weather|Sandstorm
|move|p1a: Mandibuzz|Foul Play|p2a: hear me roar
|-resisted|p2a: hear me roar
|-damage|p2a: hear me roar|263\/341
|
|-weather|Sandstorm|[upkeep]
|turn|6
|
|switch|p1a: Keldeo|Keldeo|283\/323
|move|p2a: hear me roar|Stone Edge|p1a: Keldeo
|-resisted|p1a: Keldeo
|-damage|p1a: Keldeo|175\/323
|
|-weather|Sandstorm|[upkeep]
|-damage|p1a: Keldeo|155\/323|[from] sandstorm
|-heal|p1a: Keldeo|175\/323|[from] item: Leftovers
|turn|7
|
|switch|p2a: love and grace|Latias, F|319\/319
|move|p1a: Keldeo|Scald|p2a: love and grace
|-resisted|p2a: love and grace
|-damage|p2a: love and grace|265\/319
|-status|p2a: love and grace|brn
|
|-weather|Sandstorm|[upkeep]
|-damage|p2a: love and grace|246\/319 brn|[from] sandstorm
|-damage|p1a: Keldeo|155\/323|[from] sandstorm
|-heal|p1a: Keldeo|175\/323|[from] item: Leftovers
|-damage|p2a: love and grace|207\/319 brn|[from] brn
|turn|8
|
|switch|p1a: Chansey|Chansey, F|703\/703
|move|p2a: love and grace|Healing Wish|p2a: love and grace
|faint|p2a: love and grace
|
|-weather|Sandstorm|[upkeep]
|-damage|p1a: Chansey|660\/703|[from] sandstorm
|
|switch|p2a: bubbles|Azumarill, F|210\/384
|-heal|p2a: bubbles|384\/384|[from] move: Healing Wish
|turn|9
|
|move|p2a: bubbles|Play Rough|p1a: Chansey
|-damage|p1a: Chansey|386\/703
|move|p1a: Chansey|Thunder Wave|p2a: bubbles
|-status|p2a: bubbles|par
|
|-weather|none
|turn|10
|
|move|p1a: Chansey|Soft-Boiled|p1a: Chansey
|-heal|p1a: Chansey|703\/703
|move|p2a: bubbles|Knock Off|p1a: Chansey
|-damage|p1a: Chansey|531\/703
|-enditem|p1a: Chansey|Eviolite|[from] move: Knock Off|[of] p2a: bubbles
|
|turn|11
|
|move|p1a: Chansey|Seismic Toss|p2a: bubbles
|-damage|p2a: bubbles|284\/384 par
|move|p2a: bubbles|Play Rough|p1a: Chansey
|-damage|p1a: Chansey|123\/703
|
|turn|12
|
|move|p2a: bubbles|Aqua Jet|p1a: Chansey
|-damage|p1a: Chansey|0 fnt
|faint|p1a: Chansey
|
|
|switch|p1a: Gardevoir|Gardevoir, F|277\/277
|-ability|p1a: Gardevoir|Huge Power|[from] ability: Trace|[of] p2a: bubbles
|turn|13
|
|switch|p2a: pins and needles|Ferrothorn, F|352\/352
|detailschange|p1a: Gardevoir|Gardevoir-Mega, F
|-mega|p1a: Gardevoir|Gardevoir|Gardevoirite
|move|p1a: Gardevoir|Hyper Voice|p2a: pins and needles
|-resisted|p2a: pins and needles
|-damage|p2a: pins and needles|258\/352
|
|-heal|p2a: pins and needles|280\/352|[from] item: Leftovers
|turn|14
|
|move|p1a: Gardevoir|Focus Blast|p2a: pins and needles
|-supereffective|p2a: pins and needles
|-damage|p2a: pins and needles|4\/352
|move|p2a: pins and needles|Gyro Ball|p1a: Gardevoir
|-supereffective|p1a: Gardevoir
|-damage|p1a: Gardevoir|0 fnt
|faint|p1a: Gardevoir
|
|-heal|p2a: pins and needles|26\/352|[from] item: Leftovers
|
|switch|p1a: Keldeo|Keldeo|175\/323
|turn|15
|
|move|p1a: Keldeo|Scald|p2a: pins and needles
|-resisted|p2a: pins and needles
|-damage|p2a: pins and needles|0 fnt
|faint|p2a: pins and needles
|
|-heal|p1a: Keldeo|195\/323|[from] item: Leftovers
|
|switch|p2a: bubbles|Azumarill, F|284\/384 par
|turn|16
|
|move|p1a: Keldeo|Substitute|p1a: Keldeo
|-start|p1a: Keldeo|Substitute
|-damage|p1a: Keldeo|115\/323
|cant|p2a: bubbles|par
|
|-heal|p1a: Keldeo|135\/323|[from] item: Leftovers
|turn|17
|
|move|p1a: Keldeo|Secret Sword|p2a: bubbles
|-resisted|p2a: bubbles
|-damage|p2a: bubbles|200\/384 par
|move|p2a: bubbles|Play Rough|p1a: Keldeo
|-supereffective|p1a: Keldeo
|-end|p1a: Keldeo|Substitute
|
|-heal|p1a: Keldeo|155\/323|[from] item: Leftovers
|turn|18
|
|move|p1a: Keldeo|Substitute|p1a: Keldeo
|-start|p1a: Keldeo|Substitute
|-damage|p1a: Keldeo|75\/323
|move|p2a: bubbles|Play Rough|p1a: Keldeo
|-supereffective|p1a: Keldeo
|-end|p1a: Keldeo|Substitute
|
|-heal|p1a: Keldeo|95\/323|[from] item: Leftovers
|turn|19
|
|move|p1a: Keldeo|Substitute|p1a: Keldeo
|-start|p1a: Keldeo|Substitute
|-damage|p1a: Keldeo|15\/323
|move|p2a: bubbles|Play Rough|p1a: Keldeo
|-supereffective|p1a: Keldeo
|-end|p1a: Keldeo|Substitute
|
|-heal|p1a: Keldeo|35\/323|[from] item: Leftovers
|turn|20
|
|move|p2a: bubbles|Aqua Jet|p1a: Keldeo
|-crit|p1a: Keldeo
|-resisted|p1a: Keldeo
|-damage|p1a: Keldeo|0 fnt
|faint|p1a: Keldeo
|
|-message|lil manaphy forfeited.
|leave|lil manaphy
|
|win|Aegislash45
|raw|Ladder updating...
|player|p1