|inactive|Battle timer is ON: inactive players will automatically lose when time's up.
|join|Aegislash45
|join|Bluwing
|player|p1|Aegislash45|169
|player|p2|Bluwing|99
|gametype|singles
|gen|6
|tier|NU
|rule|Sleep Clause Mod: Limit one foe put to sleep
|rule|Species Clause: Limit one of each PokÃ©mon
|rule|OHKO Clause: OHKO moves are banned
|rule|Moody Clause: Moody is banned
|rule|Evasion Moves Clause: Evasion moves are banned
|rule|Endless Battle Clause: Forcing endless battles is banned
|rule|HP Percentage Mod: HP is shown in percentages
|clearpoke
|poke|p1|Rhydon, M
|poke|p1|Ferroseed, M
|poke|p1|Uxie
|poke|p1|Typhlosion, F
|poke|p1|Dragalge, M
|poke|p1|Rotom
|poke|p2|Archeops, F
|poke|p2|Rotom
|poke|p2|Pawniard, F
|poke|p2|Vileplume, M
|poke|p2|Kangaskhan, F
|poke|p2|Seismitoad, F
|rule|Swagger Clause: Swagger is banned
|rule|Baton Pass Clause: Limit one PokÃ©mon knowing Baton Pass
|teampreview
|join|Hot N Cold
|join|idm jugo
|join|Orphic
|join|bluri
|join|Meruu
|leave|bluri
|
|start
|switch|p1a: Uxie|Uxie|354\/354
|switch|p2a: Rotom|Rotom|303\/303
|turn|1
|
|move|p2a: Rotom|Will-O-Wisp|p1a: Uxie|[miss]
|-miss|p2a: Rotom|p1a: Uxie
|move|p1a: Uxie|Stealth Rock|p2a: Rotom
|-sidestart|p2: Bluwing|move: Stealth Rock
|
|turn|2
|join|Mien Fist
|
|move|p2a: Rotom|Shadow Ball|p1a: Uxie
|-supereffective|p1a: Uxie
|-damage|p1a: Uxie|220\/354
|move|p1a: Uxie|U-turn|p2a: Rotom
|-resisted|p2a: Rotom
|-damage|p2a: Rotom|283\/303
|
|switch|p1a: Typhlosion|Typhlosion, F|297\/297
|
|-heal|p2a: Rotom|301\/303|[from] item: Leftovers
|turn|3
|
|move|p1a: Typhlosion|Eruption|p2a: Rotom
|-damage|p2a: Rotom|0 fnt
|faint|p2a: Rotom
|
|
|switch|p2a: Seismitoad|Seismitoad, F|414\/414
|-damage|p2a: Seismitoad|389\/414|[from] Stealth Rock
|turn|4
|join|McMeghan
|
|switch|p1a: Ferroseed|Ferroseed, M|292\/292
|move|p2a: Seismitoad|Toxic|p1a: Ferroseed
|-fail|p1a: Ferroseed
|
|-heal|p2a: Seismitoad|414\/414|[from] item: Leftovers
|turn|5
|
|switch|p2a: Pawniard|Pawniard, F|273\/273
|-damage|p2a: Pawniard|256\/273|[from] Stealth Rock
|move|p1a: Ferroseed|Spikes|p2a: Pawniard
|-sidestart|p2: Bluwing|Spikes
|
|turn|6
|
|switch|p1a: Typhlosion|Typhlosion, F|297\/297
|move|p2a: Pawniard|Swords Dance|p2a: Pawniard
|-boost|p2a: Pawniard|atk|2
|
|turn|7
|
|move|p2a: Pawniard|Sucker Punch|p1a: Typhlosion
|-damage|p1a: Typhlosion|3\/297
|move|p1a: Typhlosion|Fire Blast|p2a: Pawniard
|-supereffective|p2a: Pawniard
|-damage|p2a: Pawniard|0 fnt
|faint|p2a: Pawniard
|
|
|switch|p2a: Seismitoad|Seismitoad, F|414\/414
|-damage|p2a: Seismitoad|389\/414|[from] Stealth Rock
|-damage|p2a: Seismitoad|338\/414|[from] Spikes
|turn|8
|
|move|p1a: Typhlosion|Fire Blast|p2a: Seismitoad
|-resisted|p2a: Seismitoad
|-damage|p2a: Seismitoad|157\/414
|move|p2a: Seismitoad|Stealth Rock|p1a: Typhlosion
|-sidestart|p1: Aegislash45|move: Stealth Rock
|
|-heal|p2a: Seismitoad|182\/414|[from] item: Leftovers
|turn|9
|
|move|p1a: Typhlosion|Fire Blast|p2a: Seismitoad
|-resisted|p2a: Seismitoad
|-damage|p2a: Seismitoad|0 fnt
|faint|p2a: Seismitoad
|
|
|switch|p2a: Archeops|Archeops, F|299\/299
|-damage|p2a: Archeops|225\/299|[from] Stealth Rock
|turn|10
|
|move|p2a: Archeops|Earthquake|p1a: Typhlosion
|-supereffective|p1a: Typhlosion
|-damage|p1a: Typhlosion|0 fnt
|faint|p1a: Typhlosion
|
|
|switch|p1a: Rotom|Rotom|241\/241
|-damage|p1a: Rotom|211\/241|[from] Stealth Rock
|turn|11
|
|switch|p2a: Vileplume|Vileplume, M|353\/353
|-damage|p2a: Vileplume|309\/353|[from] Spikes
|-damage|p2a: Vileplume|265\/353|[from] Stealth Rock
|move|p1a: Rotom|Volt Switch|p2a: Vileplume
|-resisted|p2a: Vileplume
|-damage|p2a: Vileplume|206\/353
|
|switch|p1a: Uxie|Uxie|220\/354
|-damage|p1a: Uxie|176\/354|[from] Stealth Rock
|
|-heal|p1a: Uxie|198\/354|[from] item: Leftovers
|-heal|p2a: Vileplume|228\/353|[from] item: Black Sludge
|turn|12
|
|move|p1a: Uxie|Psychic|p2a: Vileplume
|-supereffective|p2a: Vileplume
|-damage|p2a: Vileplume|48\/353
|move|p2a: Vileplume|Sludge Bomb|p1a: Uxie
|-damage|p1a: Uxie|78\/354
|
|-heal|p1a: Uxie|100\/354|[from] item: Leftovers
|-heal|p2a: Vileplume|70\/353|[from] item: Black Sludge
|turn|13
|
|move|p1a: Uxie|Psychic|p2a: Vileplume
|-supereffective|p2a: Vileplume
|-damage|p2a: Vileplume|0 fnt
|faint|p2a: Vileplume
|
|-heal|p1a: Uxie|122\/354|[from] item: Leftovers
|
|switch|p2a: Kangaskhan|Kangaskhan, F|361\/361
|-damage|p2a: Kangaskhan|316\/361|[from] Spikes
|-damage|p2a: Kangaskhan|271\/361|[from] Stealth Rock
|turn|14
|join|Le Austin
|leave|Le Austin
|
|move|p2a: Kangaskhan|Sucker Punch|p1a: Uxie
|-crit|p1a: Uxie
|-supereffective|p1a: Uxie
|-damage|p1a: Uxie|0 fnt
|faint|p1a: Uxie
|
|join|IUM :) ;) ^_^
|
|switch|p1a: Ferroseed|Ferroseed, M|292\/292
|-damage|p1a: Ferroseed|274\/292|[from] Stealth Rock
|turn|15
|
|move|p2a: Kangaskhan|Drain Punch|p1a: Ferroseed
|-crit|p1a: Ferroseed
|-supereffective|p1a: Ferroseed
|-damage|p1a: Ferroseed|110\/292
|-heal|p2a: Kangaskhan|353\/361|[from] drain|[of] p1a: Ferroseed
|-damage|p2a: Kangaskhan|308\/361|[from] ability: Iron Barbs|[of] p1a: Ferroseed
|move|p1a: Ferroseed|Thunder Wave|p2a: Kangaskhan
|-status|p2a: Kangaskhan|par
|
|turn|16
|
|move|p2a: Kangaskhan|Drain Punch|p1a: Ferroseed
|-supereffective|p1a: Ferroseed
|-damage|p1a: Ferroseed|0 fnt
|-heal|p2a: Kangaskhan|361\/361 par|[from] drain|[of] p1a: Ferroseed
|-damage|p2a: Kangaskhan|316\/361 par|[from] ability: Iron Barbs|[of] p1a: Ferroseed
|faint|p1a: Ferroseed
|
|
|switch|p1a: Dragalge|Dragalge, M|315\/315
|-damage|p1a: Dragalge|276\/315|[from] Stealth Rock
|turn|17
|join|4trackboy
|
|move|p1a: Dragalge|Draco Meteor|p2a: Kangaskhan
|-damage|p2a: Kangaskhan|0 fnt
|-unboost|p1a: Dragalge|spa|2
|faint|p2a: Kangaskhan
|
|c|âBluwing|gg
|
|switch|p2a: Archeops|Archeops, F|225\/299
|-damage|p2a: Archeops|151\/299|[from] Stealth Rock
|turn|18
|leave|4trackboy
|c|âAegislash45|gg
|
|move|p2a: Archeops|Earthquake|p1a: Dragalge
|-supereffective|p1a: Dragalge
|-damage|p1a: Dragalge|0 fnt
|faint|p1a: Dragalge
|
|
|switch|p1a: Rotom|Rotom|211\/241
|-damage|p1a: Rotom|181\/241|[from] Stealth Rock
|turn|19
|
|move|p1a: Rotom|Thunderbolt|p2a: Archeops
|-supereffective|p2a: Archeops
|-damage|p2a: Archeops|0 fnt
|faint|p2a: Archeops
|
|win|Aegislash45
|leave|Aegislash45
|player|p1
|leave|Bluwing
|player|p2
|join|WECAMEASROMANS
|leave|Meruu
|leave|WECAMEASROMANS
|join|KratosMana
|join|ApplepieFTW
|leave|ApplepieFTW
|leave|KratosMana
|leave|Hot N Cold
|leave|Mien Fist
|leave|idm jugo
|join|pokeaim