|join|Gsebastian bot v
|join|gayyyborr
|player|p1|Gsebastian bot v|1
|player|p2|gayyyborr|73
|gametype|singles
|gen|6
|tier|OU
|clearpoke
|poke|p1|Sableye, M
|poke|p1|Excadrill, M
|poke|p1|Manaphy
|poke|p1|Gliscor, M
|poke|p1|Talonflame, M
|poke|p1|Clefable, F
|poke|p2|Gardevoir, F
|poke|p2|Bisharp, F
|poke|p2|Keldeo
|poke|p2|Landorus-Therian, M
|poke|p2|Gyarados, F
|poke|p2|Garchomp, F
|rule|Swagger Clause: Swagger is banned
|rule|Baton Pass Clause: Limit one PokÃ©mon knowing Baton Pass
|rule|Sleep Clause Mod: Limit one foe put to sleep
|rule|Species Clause: Limit one of each PokÃ©mon
|rule|OHKO Clause: OHKO moves are banned
|rule|Moody Clause: Moody is banned
|rule|Evasion Moves Clause: Evasion moves are banned
|rule|Endless Battle Clause: Forcing endless battles is banned
|rule|HP Percentage Mod: HP is shown in percentages
|teampreview
|join|ExcaliburNinja
|join|WaitTilYesterday
|leave|ExcaliburNinja
|leave|WaitTilYesterday
|join|BigPimpin12
|join|CSS)bleachzxzx
|c|âGsebastian bot v|vale verga
|c| CSS)bleachzxzx|eres un pendejo
|c|âGsebastian bot v|No se usar
|c| CSS)bleachzxzx|jajajajjaa
|c|âGsebastian bot v|esta mierda
|join|Reskk
|
|start
|switch|p1a: Sableye|Sableye, M|303\/303
|switch|p2a: Landorus-Therian|Landorus-Therian, M|367\/367
|-ability|p2a: Landorus-Therian|Intimidate|[of] p1a: Sableye
|-unboost|p1a: Sableye|atk|1
|turn|1
|c|âGsebastian bot v|Me van a violar
|c| Reskk|3==========================================================D ~ ~ ~
|
|switch|p2a: Gardevoir|Gardevoir, F|277\/277
|-ability|p2a: Gardevoir|Prankster|[from] ability: Trace|[of] p1a: Sableye
|detailschange|p1a: Sableye|Sableye-Mega, M
|-mega|p1a: Sableye|Sableye|Sablenite
|move|p1a: Sableye|Will-O-Wisp|p2a: Gardevoir
|-status|p2a: Gardevoir|brn
|
|-damage|p2a: Gardevoir|243\/277 brn|[from] brn
|turn|2
|
|switch|p1a: Excadrill|Excadrill, M|424\/424
|-ability|p1a: Excadrill|Mold Breaker
|detailschange|p2a: Gardevoir|Gardevoir-Mega, F
|-mega|p2a: Gardevoir|Gardevoir|Gardevoirite
|move|p2a: Gardevoir|Focus Blast|p1a: Excadrill
|-supereffective|p1a: Excadrill
|-damage|p1a: Excadrill|130\/424
|
|-heal|p1a: Excadrill|156\/424|[from] item: Leftovers
|-damage|p2a: Gardevoir|209\/277 brn|[from] brn
|turn|3
|c| CSS)bleachzxzx|pero predice
|c| CSS)bleachzxzx|manca
|c| CSS)bleachzxzx|asquerosa
|c| CSS)bleachzxzx|lol
|c|âGsebastian bot v|todos
|c| CSS)bleachzxzx|tienes
|c|âGsebastian bot v|se saben
|c|âGsebastian bot v|el set
|c| CSS)bleachzxzx|a un puto talon
|c| CSS)bleachzxzx|y metes a exca
|c| CSS)bleachzxzx|ok
|
|switch|p2a: Landorus-Therian|Landorus-Therian, M|367\/367
|-ability|p2a: Landorus-Therian|Intimidate|[of] p1a: Excadrill
|-unboost|p1a: Excadrill|atk|1
|switch|p1a: Talonflame|Talonflame, M|345\/345
|
|turn|4
|c|âGsebastian bot v|jejeje
|
|switch|p1a: Sableye|Sableye-Mega, M|303\/303
|move|p2a: Landorus-Therian|Stone Edge|p1a: Sableye
|-damage|p1a: Sableye|208\/303
|
|turn|5
|join|Johnny tots
|c|âGsebastian bot v|ojala
|c|âGsebastian bot v|gane
|c|âGsebastian bot v|por timer
|c| Reskk|PUTA MADRE
|c|âGsebastian bot v|jejeje
|c| CSS)bleachzxzx|k
|c| Reskk|JAJAJAJJA
|
|switch|p2a: Gardevoir|Gardevoir-Mega, F|209\/277 brn
|switch|p1a: Excadrill|Excadrill, M|156\/424
|-ability|p1a: Excadrill|Mold Breaker
|
|-heal|p1a: Excadrill|182\/424|[from] item: Leftovers
|-damage|p2a: Gardevoir|175\/277 brn|[from] brn
|turn|6
|c|âGsebastian bot v|outpleiadop
|
|switch|p2a: Landorus-Therian|Landorus-Therian, M|367\/367
|-ability|p2a: Landorus-Therian|Intimidate|[of] p1a: Excadrill
|-unboost|p1a: Excadrill|atk|1
|switch|p1a: Talonflame|Talonflame, M|345\/345
|
|turn|7
|
|move|p1a: Talonflame|Will-O-Wisp|p2a: Landorus-Therian
|-status|p2a: Landorus-Therian|brn
|move|p2a: Landorus-Therian|Stealth Rock|p1a: Talonflame
|-sidestart|p1: Gsebastian bot v|move: Stealth Rock
|
|-damage|p2a: Landorus-Therian|322\/367 brn|[from] brn
|turn|8
|
|switch|p1a: Gliscor|Gliscor, M|353\/353
|-damage|p1a: Gliscor|309\/353|[from] Stealth Rock
|move|p2a: Landorus-Therian|Stone Edge|p1a: Gliscor|[miss]
|-miss|p2a: Landorus-Therian|p1a: Gliscor
|
|-heal|p2a: Landorus-Therian|344\/367 brn|[from] item: Leftovers
|-damage|p2a: Landorus-Therian|299\/367 brn|[from] brn
|-status|p1a: Gliscor|tox|[from] item: Toxic Orb
|turn|9
|
|move|p2a: Landorus-Therian|U-turn|p1a: Gliscor
|-resisted|p1a: Gliscor
|-damage|p1a: Gliscor|297\/353 tox
|
|switch|p2a: Gardevoir|Gardevoir-Mega, F|175\/277 brn
|move|p1a: Gliscor|Stealth Rock|p2a: Gardevoir
|-sidestart|p2: gayyyborr|move: Stealth Rock
|
|-damage|p2a: Gardevoir|141\/277 brn|[from] brn
|-heal|p1a: Gliscor|341\/353 tox|[from] ability: Poison Heal
|turn|10
|
|move|p2a: Gardevoir|Hyper Voice|p1a: Gliscor
|-damage|p1a: Gliscor|34\/353 tox
|move|p1a: Gliscor|Earthquake|p2a: Gardevoir
|-damage|p2a: Gardevoir|0 fnt
|faint|p2a: Gardevoir
|
|-heal|p1a: Gliscor|78\/353 tox|[from] ability: Poison Heal
|
|switch|p2a: Gyarados|Gyarados, F|353\/353
|-damage|p2a: Gyarados|265\/353|[from] Stealth Rock
|-ability|p2a: Gyarados|Intimidate|[of] p1a: Gliscor
|-unboost|p1a: Gliscor|atk|1
|turn|11
|
|move|p2a: Gyarados|Substitute|p2a: Gyarados
|-start|p2a: Gyarados|Substitute
|-damage|p2a: Gyarados|177\/353
|move|p1a: Gliscor|Taunt|p2a: Gyarados
|-start|p2a: Gyarados|move: Taunt
|
|-heal|p2a: Gyarados|199\/353|[from] item: Leftovers
|-heal|p1a: Gliscor|122\/353 tox|[from] ability: Poison Heal
|turn|12
|
|switch|p1a: Clefable|Clefable, F|393\/393
|-damage|p1a: Clefable|344\/393|[from] Stealth Rock
|move|p2a: Gyarados|Waterfall|p1a: Clefable
|-damage|p1a: Clefable|188\/393
|
|-heal|p2a: Gyarados|221\/353|[from] item: Leftovers
|-heal|p1a: Clefable|212\/393|[from] item: Leftovers
|turn|13
|
|move|p2a: Gyarados|Waterfall|p1a: Clefable
|-damage|p1a: Clefable|73\/393
|move|p1a: Clefable|Moonlight|p1a: Clefable
|-heal|p1a: Clefable|269\/393
|
|-heal|p2a: Gyarados|243\/353|[from] item: Leftovers
|-heal|p1a: Clefable|293\/393|[from] item: Leftovers
|turn|14
|
|move|p2a: Gyarados|Waterfall|p1a: Clefable
|-damage|p1a: Clefable|140\/393
|cant|p1a: Clefable|flinch
|
|-heal|p2a: Gyarados|265\/353|[from] item: Leftovers
|-heal|p1a: Clefable|164\/393|[from] item: Leftovers
|-end|p2a: Gyarados|move: Taunt
|turn|15
|
|move|p2a: Gyarados|Waterfall|p1a: Clefable
|-damage|p1a: Clefable|20\/393
|move|p1a: Clefable|Moonlight|p1a: Clefable
|-heal|p1a: Clefable|216\/393
|
|-heal|p2a: Gyarados|287\/353|[from] item: Leftovers
|-heal|p1a: Clefable|240\/393|[from] item: Leftovers
|turn|16
|
|move|p2a: Gyarados|Waterfall|p1a: Clefable
|-damage|p1a: Clefable|98\/393
|move|p1a: Clefable|Moonlight|p1a: Clefable
|-heal|p1a: Clefable|294\/393
|
|-heal|p2a: Gyarados|309\/353|[from] item: Leftovers
|-heal|p1a: Clefable|318\/393|[from] item: Leftovers
|turn|17
|
|move|p2a: Gyarados|Waterfall|p1a: Clefable
|-damage|p1a: Clefable|161\/393
|move|p1a: Clefable|Moonblast|p2a: Gyarados
|-end|p2a: Gyarados|Substitute
|
|-heal|p2a: Gyarados|331\/353|[from] item: Leftovers
|-heal|p1a: Clefable|185\/393|[from] item: Leftovers
|turn|18
|
|move|p2a: Gyarados|Waterfall|p1a: Clefable
|-damage|p1a: Clefable|44\/393
|move|p1a: Clefable|Moonlight|p1a: Clefable
|-heal|p1a: Clefable|240\/393
|
|-heal|p2a: Gyarados|353\/353|[from] item: Leftovers
|-heal|p1a: Clefable|264\/393|[from] item: Leftovers
|turn|19
|
|move|p2a: Gyarados|Bounce|p1a: Clefable|[still]
|-prepare|p2a: Gyarados|Bounce|p1a: Clefable
|move|p1a: Clefable|Moonlight|p1a: Clefable
|-heal|p1a: Clefable|393\/393
|
|turn|20
|
|move|p2a: Gyarados|Bounce|p1a: Clefable
|-damage|p1a: Clefable|233\/393
|move|p1a: Clefable|Moonblast|p2a: Gyarados
|-damage|p2a: Gyarados|253\/353
|
|-heal|p2a: Gyarados|275\/353|[from] item: Leftovers
|-heal|p1a: Clefable|257\/393|[from] item: Leftovers
|turn|21
|join|TheChampNek
|
|move|p2a: Gyarados|Waterfall|p1a: Clefable
|-damage|p1a: Clefable|109\/393
|move|p1a: Clefable|Moonlight|p1a: Clefable
|-heal|p1a: Clefable|305\/393
|
|-heal|p2a: Gyarados|297\/353|[from] item: Leftovers
|-heal|p1a: Clefable|329\/393|[from] item: Leftovers
|turn|22
|
|move|p2a: Gyarados|Waterfall|p1a: Clefable
|-damage|p1a: Clefable|185\/393
|move|p1a: Clefable|Moonblast|p2a: Gyarados
|-damage|p2a: Gyarados|186\/353
|-unboost|p2a: Gyarados|spa|1
|
|-heal|p2a: Gyarados|208\/353|[from] item: Leftovers
|-heal|p1a: Clefable|209\/393|[from] item: Leftovers
|turn|23
|
|move|p2a: Gyarados|Waterfall|p1a: Clefable
|-crit|p1a: Clefable
|-damage|p1a: Clefable|0 fnt
|faint|p1a: Clefable
|
|-heal|p2a: Gyarados|230\/353|[from] item: Leftovers
|
|switch|p1a: Sableye|Sableye-Mega, M|208\/303
|-damage|p1a: Sableye|171\/303|[from] Stealth Rock
|turn|24
|
|move|p2a: Gyarados|Substitute|p2a: Gyarados
|-start|p2a: Gyarados|Substitute
|-damage|p2a: Gyarados|142\/353
|move|p1a: Sableye|Foul Play|p2a: Gyarados
|-end|p2a: Gyarados|Substitute
|
|-heal|p2a: Gyarados|164\/353|[from] item: Leftovers
|turn|25
|
|switch|p2a: Keldeo|Keldeo|323\/323
|-damage|p2a: Keldeo|303\/323|[from] Stealth Rock
|move|p1a: Sableye|Recover|p1a: Sableye
|-heal|p1a: Sableye|303\/303
|
|-heal|p2a: Keldeo|323\/323|[from] item: Leftovers
|turn|26
|
|move|p2a: Keldeo|Substitute|p2a: Keldeo
|-start|p2a: Keldeo|Substitute
|-damage|p2a: Keldeo|243\/323
|move|p1a: Sableye|Knock Off|p2a: Keldeo
|-crit|p2a: Keldeo
|-resisted|p2a: Keldeo
|-activate|p2a: Keldeo|Substitute|[damage]
|
|-heal|p2a: Keldeo|263\/323|[from] item: Leftovers
|turn|27
|
|move|p2a: Keldeo|Calm Mind|p2a: Keldeo
|-boost|p2a: Keldeo|spa|1
|-boost|p2a: Keldeo|spd|1
|move|p1a: Sableye|Knock Off|p2a: Keldeo
|-resisted|p2a: Keldeo
|-end|p2a: Keldeo|Substitute
|
|-heal|p2a: Keldeo|283\/323|[from] item: Leftovers
|turn|28
|join|Frickett
|
|move|p2a: Keldeo|Substitute|p2a: Keldeo
|-start|p2a: Keldeo|Substitute
|-damage|p2a: Keldeo|203\/323
|move|p1a: Sableye|Knock Off|p2a: Keldeo
|-resisted|p2a: Keldeo
|-activate|p2a: Keldeo|Substitute|[damage]
|
|-heal|p2a: Keldeo|223\/323|[from] item: Leftovers
|turn|29
|
|switch|p1a: Manaphy|Manaphy|401\/401
|-damage|p1a: Manaphy|351\/401|[from] Stealth Rock
|move|p2a: Keldeo|Calm Mind|p2a: Keldeo
|-boost|p2a: Keldeo|spa|1
|-boost|p2a: Keldeo|spd|1
|
|-heal|p2a: Keldeo|243\/323|[from] item: Leftovers
|-heal|p1a: Manaphy|376\/401|[from] item: Leftovers
|turn|30
|
|move|p2a: Keldeo|Secret Sword|p1a: Manaphy
|-damage|p1a: Manaphy|96\/401
|move|p1a: Manaphy|U-turn|p2a: Keldeo
|-resisted|p2a: Keldeo
|-end|p2a: Keldeo|Substitute
|
|switch|p1a: Talonflame|Talonflame, M|345\/345
|-damage|p1a: Talonflame|173\/345|[from] Stealth Rock
|
|-heal|p2a: Keldeo|263\/323|[from] item: Leftovers
|-heal|p1a: Talonflame|194\/345|[from] item: Leftovers
|turn|31
|
|switch|p2a: Landorus-Therian|Landorus-Therian, M|299\/367 brn
|-damage|p2a: Landorus-Therian|254\/367 brn|[from] Stealth Rock
|-ability|p2a: Landorus-Therian|Intimidate|[of] p1a: Talonflame
|-unboost|p1a: Talonflame|atk|1
|move|p1a: Talonflame|Brave Bird|p2a: Landorus-Therian
|-crit|p2a: Landorus-Therian
|-damage|p2a: Landorus-Therian|37\/367 brn
|-damage|p1a: Talonflame|122\/345|[from] recoil|[of] p2a: Landorus-Therian
|
|-heal|p1a: Talonflame|143\/345|[from] item: Leftovers
|-heal|p2a: Landorus-Therian|59\/367 brn|[from] item: Leftovers
|-damage|p2a: Landorus-Therian|14\/367 brn|[from] brn
|turn|32
|join|Rooo
|
|move|p1a: Talonflame|Brave Bird|p2a: Landorus-Therian
|-damage|p2a: Landorus-Therian|0 fnt
|-damage|p1a: Talonflame|138\/345|[from] recoil|[of] p2a: Landorus-Therian
|faint|p2a: Landorus-Therian
|
|-heal|p1a: Talonflame|159\/345|[from] item: Leftovers
|
|switch|p2a: Garchomp|Garchomp, F|358\/358
|-damage|p2a: Garchomp|336\/358|[from] Stealth Rock
|turn|33
|
|switch|p1a: Sableye|Sableye-Mega, M|303\/303
|-damage|p1a: Sableye|266\/303|[from] Stealth Rock
|move|p2a: Garchomp|Outrage|p1a: Sableye
|-damage|p1a: Sableye|80\/303
|
|turn|34
|leave|Rooo
|
|move|p2a: Garchomp|Outrage|p1a: Sableye
|-damage|p1a: Sableye|0 fnt
|faint|p1a: Sableye
|
|-end|p2a: Garchomp|rampage
|-start|p2a: Garchomp|confusion
|
|switch|p1a: Excadrill|Excadrill, M|182\/424
|-damage|p1a: Excadrill|169\/424|[from] Stealth Rock
|-ability|p1a: Excadrill|Mold Breaker
|turn|35
|
|switch|p2a: Keldeo|Keldeo|263\/323
|-damage|p2a: Keldeo|243\/323|[from] Stealth Rock
|move|p1a: Excadrill|Rapid Spin|p2a: Keldeo
|-damage|p2a: Keldeo|221\/323
|-sideend|p1: Gsebastian bot v|Stealth Rock|[from] move: Rapid Spin|[of] p1a: Excadrill
|
|-heal|p2a: Keldeo|241\/323|[from] item: Leftovers
|-heal|p1a: Excadrill|195\/424|[from] item: Leftovers
|turn|36
|
|move|p2a: Keldeo|Scald|p1a: Excadrill
|-supereffective|p1a: Excadrill
|-damage|p1a: Excadrill|0 fnt
|faint|p1a: Excadrill
|
|-heal|p2a: Keldeo|261\/323|[from] item: Leftovers
|
|switch|p1a: Talonflame|Talonflame, M|159\/345
|turn|37
|
|move|p2a: Keldeo|Scald|p1a: Talonflame
|-supereffective|p1a: Talonflame
|-damage|p1a: Talonflame|0 fnt
|faint|p1a: Talonflame
|
|-heal|p2a: Keldeo|281\/323|[from] item: Leftovers
|c|âgayyyborr|gg
|leave|CSS)bleachzxzx
|-message|Gsebastian bot v forfeited.
|
|win|gayyyborr
|leave|Gsebastian bot v
|player|p1
|leave|gayyyborr
|player|p2