|join|Gsebastian bot v
|join|Chocolove
|player|p1|Gsebastian bot v|267
|player|p2|Chocolove|29
|gametype|singles
|gen|6
|tier|OU (suspect test)
|rated
|clearpoke
|poke|p1|Infernape, M
|poke|p1|Metagross
|poke|p1|Keldeo
|poke|p1|Gengar, M
|poke|p1|Thundurus, M
|poke|p1|Tyranitar, M
|poke|p2|Metagross
|poke|p2|Crawdaunt, F
|poke|p2|Heatran, M
|poke|p2|Starmie
|poke|p2|Landorus-Therian, M
|poke|p2|Raikou
|rule|Swagger Clause: Swagger is banned
|rule|Baton Pass Clause: Limit one PokÃ©mon knowing Baton Pass
|rule|Sleep Clause Mod: Limit one foe put to sleep
|rule|Species Clause: Limit one of each PokÃ©mon
|rule|OHKO Clause: OHKO moves are banned
|rule|Moody Clause: Moody is banned
|rule|Evasion Moves Clause: Evasion moves are banned
|rule|Endless Battle Clause: Forcing endless battles is banned
|rule|HP Percentage Mod: HP is shown in percentages
|teampreview
|
|start
|switch|p1a: Infernape|Infernape, M|301\/301
|switch|p2a: Misty|Starmie|324\/324
|turn|1
|
|move|p2a: Misty|Scald|p1a: Infernape
|-supereffective|p1a: Infernape
|-damage|p1a: Infernape|65\/301
|move|p1a: Infernape|Stealth Rock|p2a: Misty
|-sidestart|p2: Chocolove|move: Stealth Rock
|
|turn|2
|
|move|p1a: Infernape|Vacuum Wave|p2a: Misty
|-resisted|p2a: Misty
|-damage|p2a: Misty|289\/324
|move|p2a: Misty|Rapid Spin|p1a: Infernape
|-damage|p1a: Infernape|48\/301
|-sideend|p2: Chocolove|Stealth Rock|[from] move: Rapid Spin|[of] p2a: Misty
|
|-heal|p2a: Misty|309\/324|[from] item: Leftovers
|turn|3
|
|switch|p1a: Thundurus|Thundurus, M|299\/299
|move|p2a: Misty|Scald|p1a: Thundurus
|-damage|p1a: Thundurus|179\/299
|-status|p1a: Thundurus|brn
|
|-heal|p2a: Misty|324\/324|[from] item: Leftovers
|-heal|p1a: Thundurus|197\/299 brn|[from] item: Leftovers
|-damage|p1a: Thundurus|160\/299 brn|[from] brn
|turn|4
|
|switch|p2a: Not so based|Raikou|321\/321
|-ability|p2a: Not so based|Pressure
|move|p1a: Thundurus|Thunderbolt|p2a: Not so based
|-resisted|p2a: Not so based
|-damage|p2a: Not so based|271\/321
|
|-heal|p1a: Thundurus|178\/299 brn|[from] item: Leftovers
|-damage|p1a: Thundurus|141\/299 brn|[from] brn
|turn|5
|
|move|p2a: Not so based|Volt Switch|p1a: Thundurus
|-damage|p1a: Thundurus|0 fnt
|faint|p1a: Thundurus
|
|switch|p2a: Misty|Starmie|324\/324
|
|
|switch|p1a: Tyranitar|Tyranitar, M|362\/362
|-weather|Sandstorm
|turn|6
|
|move|p2a: Misty|Reflect Type|p1a: Tyranitar
|-start|p2a: Misty|typechange|[from] move: Reflect Type|[of] p1a: Tyranitar
|move|p1a: Tyranitar|Pursuit|p2a: Misty
|-resisted|p2a: Misty
|-damage|p2a: Misty|252\/324
|
|-weather|Sandstorm|[upkeep]
|-heal|p2a: Misty|272\/324|[from] item: Leftovers
|turn|7
|
|switch|p1a: Infernape|Infernape, M|48\/301
|move|p2a: Misty|Scald|p1a: Infernape
|-supereffective|p1a: Infernape
|-damage|p1a: Infernape|0 fnt
|faint|p1a: Infernape
|
|-weather|Sandstorm|[upkeep]
|-heal|p2a: Misty|292\/324|[from] item: Leftovers
|
|switch|p1a: Tyranitar|Tyranitar, M|362\/362
|turn|8
|
|move|p2a: Misty|Scald|p1a: Tyranitar
|-supereffective|p1a: Tyranitar
|-damage|p1a: Tyranitar|272\/362
|-status|p1a: Tyranitar|brn
|move|p1a: Tyranitar|Stone Edge|p2a: Misty
|-damage|p2a: Misty|118\/324
|
|-weather|Sandstorm|[upkeep]
|-heal|p2a: Misty|138\/324|[from] item: Leftovers
|-damage|p1a: Tyranitar|227\/362 brn|[from] brn
|turn|9
|-message|Gsebastian bot v forfeited.
|leave|Gsebastian bot v
|
|win|Chocolove
|raw|Ladder updating...
|player|p1
|raw|Gsebastian bot v's rating: 1313 &rarr; <strong>1288<\/strong><br \/>(-25 for losing)
|raw|Chocolove's rating: 1230 &rarr; <strong>1261<\/strong><br \/>(+31 for winning)