|join|Zinke
|join|Ox the Box
|player|p1|Zinke|23
|player|p2|Ox the Box|201
|gametype|singles
|gen|6
|tier|OU
|rated
|clearpoke
|poke|p1|Kyurem-Black
|poke|p1|Landorus-Therian, M
|poke|p1|Heatran, F, shiny
|poke|p1|Latios, M
|poke|p1|Keldeo
|poke|p1|Medicham, M
|poke|p2|Crobat, M, shiny
|poke|p2|Articuno, shiny
|poke|p2|Azumarill, F, shiny
|poke|p2|Conkeldurr, F, shiny
|poke|p2|Forretress, M, shiny
|poke|p2|Sableye, F, shiny
|rule|Swagger Clause: Swagger is banned
|rule|Baton Pass Clause: Limit one PokÃ©mon knowing Baton Pass
|rule|Sleep Clause Mod: Limit one foe put to sleep
|rule|Species Clause: Limit one of each PokÃ©mon
|rule|OHKO Clause: OHKO moves are banned
|rule|Moody Clause: Moody is banned
|rule|Evasion Moves Clause: Evasion moves are banned
|rule|Endless Battle Clause: Forcing endless battles is banned
|rule|HP Percentage Mod: HP is shown in percentages
|teampreview
|join|WECAMEASROMANS
|join|StarkGod
|c|âOx the Box|glhf
|c|âZinke|thanks
|join|Braken ToTheStars
|join|gizmo
|
|start
|switch|p1a: Landorus-Therian|Landorus-Therian, M|321\/321
|switch|p2a: Forretress|Forretress, M, shiny|354\/354
|-ability|p1a: Landorus-Therian|Intimidate|[of] p2a: Forretress
|-unboost|p2a: Forretress|atk|1
|turn|1
|join|Justin 51
|join|Jefo
|c| gizmo|what..
|c| Jefo|:^)
|
|switch|p1a: Heatran|Heatran, F, shiny|386\/386
|move|p2a: Forretress|Stealth Rock|p1a: Heatran
|-sidestart|p1: Zinke|move: Stealth Rock
|
|turn|2
|join|luke317
|leave|WECAMEASROMANS
|c| StarkGod|why arent you on another alt?
|join|craing
|
|move|p1a: Heatran|Lava Plume|p2a: Forretress
|-crit|p2a: Forretress
|-supereffective|p2a: Forretress
|-activate|p2a: Forretress|Sturdy
|-damage|p2a: Forretress|1\/354
|move|p2a: Forretress|Toxic Spikes|p1a: Heatran
|-sidestart|p1: Zinke|move: Toxic Spikes
|
|-heal|p2a: Forretress|23\/354|[from] item: Leftovers
|turn|3
|leave|craing
|c|âOx the Box|idk
|join|NagariHO
|c| StarkGod|n_n
|c| NagariHO|based articuno
|join|Jukain
|
|move|p1a: Heatran|Lava Plume|p2a: Forretress
|-supereffective|p2a: Forretress
|-damage|p2a: Forretress|0 fnt
|faint|p2a: Forretress
|
|
|switch|p2a: Conkeldurr|Conkeldurr, F, shiny|414\/414
|turn|4
|c|âOx the Box|nice n cancel
|join|daftmau5
|join|I Iike Squirtles
|
|switch|p2a: Azumarill|Azumarill, F, shiny|364\/364
|move|p1a: Heatran|Stealth Rock|p2a: Azumarill
|-sidestart|p2: Ox the Box|move: Stealth Rock
|
|turn|5
|
|move|p2a: Azumarill|Belly Drum|p2a: Azumarill
|-damage|p2a: Azumarill|182\/364
|-setboost|p2a: Azumarill|atk|6|[from] move: Belly Drum
|-enditem|p2a: Azumarill|Sitrus Berry|[eat]
|-heal|p2a: Azumarill|273\/364|[from] item: Sitrus Berry
|move|p1a: Heatran|Roar|p2a: Azumarill
|drag|p2a: Crobat|Crobat, M, shiny|374\/374
|-damage|p2a: Crobat|281\/374|[from] Stealth Rock
|
|-heal|p2a: Crobat|304\/374|[from] item: Black Sludge
|turn|6
|c| daftmau5|rekt
|c|âOx the Box|zzz
|c|âOx the Box|im not even trying
|
|move|p2a: Crobat|U-turn|p1a: Heatran
|-resisted|p1a: Heatran
|-damage|p1a: Heatran|374\/386
|
|switch|p2a: Conkeldurr|Conkeldurr, F, shiny|414\/414
|-damage|p2a: Conkeldurr|389\/414|[from] Stealth Rock
|move|p1a: Heatran|Lava Plume|p2a: Conkeldurr
|-damage|p2a: Conkeldurr|275\/414
|
|-heal|p1a: Heatran|386\/386|[from] item: Leftovers
|-heal|p2a: Conkeldurr|300\/414|[from] item: Leftovers
|turn|7
|c| NagariHO|bye
|
|switch|p1a: Latios|Latios, M|302\/302
|-damage|p1a: Latios|265\/302|[from] Stealth Rock
|move|p2a: Conkeldurr|Bulk Up|p2a: Conkeldurr
|-boost|p2a: Conkeldurr|atk|1
|-boost|p2a: Conkeldurr|def|1
|
|-heal|p2a: Conkeldurr|325\/414|[from] item: Leftovers
|turn|8
|join|boltsandbombers
|
|move|p1a: Latios|Defog|p2a: Conkeldurr
|-unboost|p2a: Conkeldurr|evasion|1
|-sideend|p2: Ox the Box|Stealth Rock|[from] move: Defog|[of] p2a: Conkeldurr
|-sideend|p1: Zinke|Toxic Spikes|[from] move: Defog|[of] p1a: Latios
|-sideend|p1: Zinke|Stealth Rock|[from] move: Defog|[of] p1a: Latios
|move|p2a: Conkeldurr|Drain Punch|p1a: Latios
|-resisted|p1a: Latios
|-damage|p1a: Latios|163\/302
|-heal|p2a: Conkeldurr|376\/414|[from] drain|[of] p1a: Latios
|
|-heal|p2a: Conkeldurr|401\/414|[from] item: Leftovers
|turn|9
|join|I ABR I
|leave|I ABR I
|
|move|p1a: Latios|Psyshock|p2a: Conkeldurr
|-crit|p2a: Conkeldurr
|-supereffective|p2a: Conkeldurr
|-damage|p2a: Conkeldurr|0 fnt
|-damage|p1a: Latios|133\/302|[from] item: Life Orb
|faint|p2a: Conkeldurr
|
|c|âOx the Box|-
|c|âOx the Box|that was an easy snack wrap
|
|switch|p2a: Articuno|Articuno, shiny|384\/384
|-ability|p2a: Articuno|Pressure
|turn|10
|c|âOx the Box|zzz'
|c|âOx the Box|252 SpA Life Orb Latios Psyshock vs. +1 252 HP \/ 0 Def Conkeldurr: 242-283 (58.4 - 68.3%) -- guaranteed 2HKO
|
|move|p1a: Latios|Thunderbolt|p2a: Articuno
|-supereffective|p2a: Articuno
|-damage|p2a: Articuno|150\/384
|-damage|p1a: Latios|103\/302|[from] item: Life Orb
|move|p2a: Articuno|Freeze-Dry|p1a: Latios
|-supereffective|p1a: Latios
|-damage|p1a: Latios|0 fnt
|-damage|p2a: Articuno|112\/384|[from] item: Life Orb
|faint|p1a: Latios
|
|-message|Ox the Box forfeited.
|leave|Ox the Box
|
|win|Zinke
|raw|Ladder updating...
|player|p2
|leave|luke317
|raw|Zinke's rating: 1630 &rarr; <strong>1650<\/strong><br \/>(+20 for winning)
|raw|Ox the Box's rating: 1618 &rarr; <strong>1599<\/strong><br \/>(-19 for losing)