|join|lil manaphy
|join|zinke
|player|p1|lil manaphy|9
|player|p2|zinke|23
|gametype|singles
|gen|6
|tier|OU
|rated
|clearpoke
|poke|p1|Lopunny, M
|poke|p1|Rotom-Wash
|poke|p1|Gothitelle, M
|poke|p1|Celebi
|poke|p1|Heatran, F
|poke|p1|Mandibuzz, F
|poke|p2|Hawlucha, M
|poke|p2|Azumarill, F
|poke|p2|Landorus-Therian, M
|poke|p2|Heatran, M
|poke|p2|Heracross, F
|poke|p2|Zapdos
|rule|Swagger Clause: Swagger is banned
|rule|Baton Pass Clause: Limit one PokÃ©mon knowing Baton Pass
|rule|Sleep Clause Mod: Limit one foe put to sleep
|rule|Species Clause: Limit one of each PokÃ©mon
|rule|OHKO Clause: OHKO moves are banned
|rule|Moody Clause: Moody is banned
|rule|Evasion Moves Clause: Evasion moves are banned
|rule|Endless Battle Clause: Forcing endless battles is banned
|rule|HP Percentage Mod: HP is shown in percentages
|teampreview
|
|start
|switch|p1a: Lopunny|Lopunny, M|271\/271
|switch|p2a: Heatran|Heatran, M|374\/374
|turn|1
|join|Polarance
|
|switch|p2a: Zapdos|Zapdos|381\/381
|-ability|p2a: Zapdos|Pressure
|detailschange|p1a: Lopunny|Lopunny-Mega, M
|-mega|p1a: Lopunny|Lopunny|Lopunnite
|move|p1a: Lopunny|Fake Out|p2a: Zapdos
|-damage|p2a: Zapdos|324\/381
|-damage|p1a: Lopunny|226\/271|[from] item: Rocky Helmet|[of] p2a: Zapdos
|
|turn|2
|
|switch|p1a: Heatran|Heatran, F|384\/384
|move|p2a: Zapdos|Volt Switch|p1a: Heatran
|-damage|p1a: Heatran|291\/384
|
|switch|p2a: Landorus-Therian|Landorus-Therian, M|319\/319
|-ability|p2a: Landorus-Therian|Intimidate|[of] p1a: Heatran
|-unboost|p1a: Heatran|atk|1
|
|-heal|p1a: Heatran|315\/384|[from] item: Leftovers
|turn|3
|
|switch|p1a: Mandibuzz|Mandibuzz, F|423\/423
|move|p2a: Landorus-Therian|U-turn|p1a: Mandibuzz
|-damage|p1a: Mandibuzz|353\/423
|-damage|p2a: Landorus-Therian|266\/319|[from] item: Rocky Helmet|[of] p1a: Mandibuzz
|
|switch|p2a: Zapdos|Zapdos|324\/381
|-ability|p2a: Zapdos|Pressure
|
|turn|4
|
|switch|p1a: Celebi|Celebi|404\/404
|move|p2a: Zapdos|Volt Switch|p1a: Celebi
|-resisted|p1a: Celebi
|-damage|p1a: Celebi|365\/404
|
|switch|p2a: Landorus-Therian|Landorus-Therian, M|266\/319
|-ability|p2a: Landorus-Therian|Intimidate|[of] p1a: Celebi
|-unboost|p1a: Celebi|atk|1
|
|-heal|p1a: Celebi|390\/404|[from] item: Leftovers
|turn|5
|
|switch|p1a: Mandibuzz|Mandibuzz, F|353\/423
|move|p2a: Landorus-Therian|U-turn|p1a: Mandibuzz
|-damage|p1a: Mandibuzz|287\/423
|-damage|p2a: Landorus-Therian|213\/319|[from] item: Rocky Helmet|[of] p1a: Mandibuzz
|
|switch|p2a: Zapdos|Zapdos|324\/381
|-ability|p2a: Zapdos|Pressure
|
|turn|6
|
|switch|p1a: Celebi|Celebi|390\/404
|move|p2a: Zapdos|Volt Switch|p1a: Celebi
|-resisted|p1a: Celebi
|-damage|p1a: Celebi|355\/404
|
|switch|p2a: Heracross|Heracross, F|301\/301
|
|-heal|p1a: Celebi|380\/404|[from] item: Leftovers
|turn|7
|join|Zamrock tst
|
|switch|p1a: Heatran|Heatran, F|315\/384
|detailschange|p2a: Heracross|Heracross-Mega, F
|-mega|p2a: Heracross|Heracross|Heracronite
|move|p2a: Heracross|Pin Missile|p1a: Heatran
|-resisted|p1a: Heatran
|-damage|p1a: Heatran|299\/384
|-resisted|p1a: Heatran
|-damage|p1a: Heatran|285\/384
|-resisted|p1a: Heatran
|-damage|p1a: Heatran|271\/384
|-resisted|p1a: Heatran
|-damage|p1a: Heatran|255\/384
|-resisted|p1a: Heatran
|-damage|p1a: Heatran|241\/384
|-hitcount|p1a: Heatran|5
|
|-heal|p1a: Heatran|265\/384|[from] item: Leftovers
|turn|8
|
|move|p1a: Heatran|Stealth Rock|p2a: Heracross
|-sidestart|p2: zinke|move: Stealth Rock
|move|p2a: Heracross|Arm Thrust|p1a: Heatran
|-supereffective|p1a: Heatran
|-damage|p1a: Heatran|181\/384
|-supereffective|p1a: Heatran
|-damage|p1a: Heatran|97\/384
|-crit|p1a: Heatran
|-supereffective|p1a: Heatran
|-damage|p1a: Heatran|0 fnt
|-hitcount|p1a: Heatran|3
|faint|p1a: Heatran
|
|
|switch|p1a: Gothitelle|Gothitelle, M|301\/301
|turn|9
|
|move|p1a: Gothitelle|Psychic|p2a: Heracross
|-supereffective|p2a: Heracross
|-damage|p2a: Heracross|53\/301
|move|p2a: Heracross|Pin Missile|p1a: Gothitelle
|-supereffective|p1a: Gothitelle
|-damage|p1a: Gothitelle|173\/301
|-supereffective|p1a: Gothitelle
|-damage|p1a: Gothitelle|47\/301
|-supereffective|p1a: Gothitelle
|-damage|p1a: Gothitelle|0 fnt
|-hitcount|p1a: Gothitelle|3
|faint|p1a: Gothitelle
|
|
|switch|p1a: Lopunny|Lopunny-Mega, M|226\/271
|turn|10
|
|switch|p2a: Zapdos|Zapdos|324\/381
|-damage|p2a: Zapdos|229\/381|[from] Stealth Rock
|-ability|p2a: Zapdos|Pressure
|move|p1a: Lopunny|Return|p2a: Zapdos
|-damage|p2a: Zapdos|64\/381
|-damage|p1a: Lopunny|181\/271|[from] item: Rocky Helmet|[of] p2a: Zapdos
|
|turn|11
|
|move|p1a: Lopunny|Ice Punch|p2a: Zapdos
|-supereffective|p2a: Zapdos
|-damage|p2a: Zapdos|0 fnt
|-damage|p1a: Lopunny|136\/271|[from] item: Rocky Helmet|[of] p2a: Zapdos
|faint|p2a: Zapdos
|
|
|switch|p2a: Landorus-Therian|Landorus-Therian, M|213\/319
|-damage|p2a: Landorus-Therian|174\/319|[from] Stealth Rock
|-ability|p2a: Landorus-Therian|Intimidate|[of] p1a: Lopunny
|-unboost|p1a: Lopunny|atk|1
|turn|12
|
|switch|p1a: Mandibuzz|Mandibuzz, F|287\/423
|move|p2a: Landorus-Therian|U-turn|p1a: Mandibuzz
|-damage|p1a: Mandibuzz|221\/423
|-damage|p2a: Landorus-Therian|121\/319|[from] item: Rocky Helmet|[of] p1a: Mandibuzz
|
|switch|p2a: Heracross|Heracross-Mega, F|53\/301
|-damage|p2a: Heracross|16\/301|[from] Stealth Rock
|
|turn|13
|
|move|p2a: Heracross|Pin Missile|p1a: Mandibuzz
|-damage|p1a: Mandibuzz|178\/423
|-damage|p1a: Mandibuzz|130\/423
|-damage|p1a: Mandibuzz|82\/423
|-damage|p1a: Mandibuzz|37\/423
|-damage|p1a: Mandibuzz|0 fnt
|-hitcount|p1a: Mandibuzz|5
|faint|p1a: Mandibuzz
|
|
|switch|p1a: Lopunny|Lopunny-Mega, M|136\/271
|turn|14
|
|move|p1a: Lopunny|Drain Punch|p2a: Heracross
|-resisted|p2a: Heracross
|-damage|p2a: Heracross|0 fnt
|-heal|p1a: Lopunny|144\/271|[from] drain|[of] p2a: Heracross
|faint|p2a: Heracross
|
|
|switch|p2a: Azumarill|Azumarill, F|404\/404
|-damage|p2a: Azumarill|354\/404|[from] Stealth Rock
|turn|15
|join|i hate garbage
|
|switch|p1a: Rotom-Wash|Rotom-Wash|303\/303
|move|p2a: Azumarill|Play Rough|p1a: Rotom-Wash
|-damage|p1a: Rotom-Wash|83\/303
|
|-heal|p1a: Rotom-Wash|101\/303|[from] item: Leftovers
|turn|16
|
|switch|p2a: Heatran|Heatran, M|374\/374
|-damage|p2a: Heatran|328\/374|[from] Stealth Rock
|move|p1a: Rotom-Wash|Will-O-Wisp|p2a: Heatran
|-start|p2a: Heatran|ability: Flash Fire
|
|-heal|p1a: Rotom-Wash|119\/303|[from] item: Leftovers
|-heal|p2a: Heatran|351\/374|[from] item: Leftovers
|turn|17
|
|move|p1a: Rotom-Wash|Pain Split|p2a: Heatran
|-sethp|p2a: Heatran|235\/374|p1a: Rotom-Wash|235\/303|[from] move: Pain Split
|move|p2a: Heatran|Stealth Rock|p1a: Rotom-Wash
|-sidestart|p1: lil manaphy|move: Stealth Rock
|
|-heal|p1a: Rotom-Wash|253\/303|[from] item: Leftovers
|-heal|p2a: Heatran|258\/374|[from] item: Leftovers
|turn|18
|
|move|p1a: Rotom-Wash|Hydro Pump|p2a: Heatran
|-supereffective|p2a: Heatran
|-damage|p2a: Heatran|84\/374
|move|p2a: Heatran|Lava Plume|p1a: Rotom-Wash
|-crit|p1a: Rotom-Wash
|-resisted|p1a: Rotom-Wash
|-damage|p1a: Rotom-Wash|129\/303
|
|-heal|p1a: Rotom-Wash|147\/303|[from] item: Leftovers
|-heal|p2a: Heatran|107\/374|[from] item: Leftovers
|turn|19
|
|move|p1a: Rotom-Wash|Hydro Pump|p2a: Heatran
|-supereffective|p2a: Heatran
|-damage|p2a: Heatran|0 fnt
|faint|p2a: Heatran
|
|-heal|p1a: Rotom-Wash|165\/303|[from] item: Leftovers
|join|terry41
|
|switch|p2a: Hawlucha|Hawlucha, M|297\/297
|-damage|p2a: Hawlucha|260\/297|[from] Stealth Rock
|turn|20
|
|move|p2a: Hawlucha|High Jump Kick|p1a: Rotom-Wash
|-damage|p1a: Rotom-Wash|14\/303
|move|p1a: Rotom-Wash|Volt Switch|p2a: Hawlucha
|-supereffective|p2a: Hawlucha
|-damage|p2a: Hawlucha|30\/297
|
|switch|p1a: Lopunny|Lopunny-Mega, M|144\/271
|-damage|p1a: Lopunny|128\/271|[from] Stealth Rock
|
|turn|21
|
|move|p1a: Lopunny|Fake Out|p2a: Hawlucha
|-damage|p2a: Hawlucha|0 fnt
|faint|p2a: Hawlucha
|
|
|switch|p2a: Azumarill|Azumarill, F|354\/404
|-damage|p2a: Azumarill|304\/404|[from] Stealth Rock
|turn|22
|
|switch|p1a: Rotom-Wash|Rotom-Wash|14\/303
|-damage|p1a: Rotom-Wash|0 fnt|[from] Stealth Rock
|faint|p1a: Rotom-Wash
|move|p2a: Azumarill|Knock Off|p1: Rotom-Wash|[notarget]
|-notarget
|
|
|switch|p1a: Celebi|Celebi|380\/404
|-damage|p1a: Celebi|330\/404|[from] Stealth Rock
|turn|23
|
|move|p1a: Celebi|Giga Drain|p2a: Azumarill
|-supereffective|p2a: Azumarill
|-damage|p2a: Azumarill|106\/404
|-heal|p1a: Celebi|404\/404|[from] drain|[of] p2a: Azumarill
|move|p2a: Azumarill|Knock Off|p1a: Celebi
|-supereffective|p1a: Celebi
|-damage|p1a: Celebi|0 fnt
|-enditem|p1a: Celebi|Leftovers|[from] move: Knock Off|[of] p2a: Azumarill
|faint|p1a: Celebi
|
|
|switch|p1a: Lopunny|Lopunny-Mega, M|128\/271
|-damage|p1a: Lopunny|112\/271|[from] Stealth Rock
|turn|24
|
|switch|p2a: Landorus-Therian|Landorus-Therian, M|121\/319
|-damage|p2a: Landorus-Therian|82\/319|[from] Stealth Rock
|-ability|p2a: Landorus-Therian|Intimidate|[of] p1a: Lopunny
|-unboost|p1a: Lopunny|atk|1
|move|p1a: Lopunny|Fake Out|p2a: Landorus-Therian
|-damage|p2a: Landorus-Therian|31\/319
|
|turn|25
|c|âzinke|gg
|
|move|p2a: Landorus-Therian|Earthquake|p1a: Lopunny
|-damage|p1a: Lopunny|0 fnt
|faint|p1a: Lopunny
|
|win|zinke
|raw|Ladder updating...
|raw|lil manaphy's rating: 1804 &rarr; <strong>1773<\/strong><br \/>(-31 for losing)
|raw|zinke's rating: 1585 &rarr; <strong>1616<\/strong><br \/>(+31 for winning)
|join|Shussei
|leave|lil manaphy
|leave|i hate garbage
|player|p1