|join|SandBlackman
|join|Zinke
|player|p1|SandBlackman|266
|player|p2|Zinke|23
|gametype|singles
|gen|6
|tier|OU
|rated
|clearpoke
|poke|p1|Gothitelle, F, shiny
|poke|p1|Skarmory, M, shiny
|poke|p1|Quagsire, M, shiny
|poke|p1|Sableye, M, shiny
|poke|p1|Chansey, F, shiny
|poke|p1|Cresselia, F
|poke|p2|Hawlucha, M
|poke|p2|Azumarill, M
|poke|p2|Landorus-Therian, M
|poke|p2|Heatran, F
|poke|p2|Heracross, F
|poke|p2|Zapdos
|rule|Swagger Clause: Swagger is banned
|rule|Baton Pass Clause: Limit one PokÃ©mon knowing Baton Pass
|rule|Sleep Clause Mod: Limit one foe put to sleep
|rule|Species Clause: Limit one of each PokÃ©mon
|rule|OHKO Clause: OHKO moves are banned
|rule|Moody Clause: Moody is banned
|rule|Evasion Moves Clause: Evasion moves are banned
|rule|Endless Battle Clause: Forcing endless battles is banned
|rule|HP Percentage Mod: HP is shown in percentages
|teampreview
|
|start
|switch|p1a: Sableye|Sableye, M, shiny|303\/303
|switch|p2a: Heatran|Heatran, F|374\/374
|turn|1
|
|detailschange|p1a: Sableye|Sableye-Mega, M, shiny
|-mega|p1a: Sableye|Sableye|Sablenite
|move|p1a: Sableye|Calm Mind|p1a: Sableye
|-boost|p1a: Sableye|spa|1
|-boost|p1a: Sableye|spd|1
|move|p2a: Heatran|Lava Plume|p1a: Sableye
|-damage|p1a: Sableye|233\/303
|-status|p1a: Sableye|brn
|
|-damage|p1a: Sableye|196\/303 brn|[from] brn
|turn|2
|
|move|p1a: Sableye|Recover|p1a: Sableye
|-heal|p1a: Sableye|303\/303 brn
|move|p2a: Heatran|Roar|p1a: Sableye
|move|p1a: Sableye|Roar|p2a: Heatran|[from]Magic Bounce
|drag|p2a: Hawlucha|Hawlucha, M|297\/297
|
|-damage|p1a: Sableye|266\/303 brn|[from] brn
|turn|3
|
|switch|p2a: Heatran|Heatran, F|374\/374
|move|p1a: Sableye|Will-O-Wisp|p2a: Heatran
|-start|p2a: Heatran|ability: Flash Fire
|
|-damage|p1a: Sableye|229\/303 brn|[from] brn
|turn|4
|
|switch|p1a: Chansey|Chansey, F, shiny|703\/703
|move|p2a: Heatran|Earth Power|p1a: Chansey
|-damage|p1a: Chansey|646\/703
|
|turn|5
|
|switch|p2a: Azumarill|Azumarill, M|404\/404
|move|p1a: Chansey|Stealth Rock|p2a: Azumarill
|-sidestart|p2: Zinke|move: Stealth Rock
|
|turn|6
|
|switch|p1a: Quagsire|Quagsire, M, shiny|393\/393
|move|p2a: Azumarill|Knock Off|p1a: Quagsire
|-damage|p1a: Quagsire|224\/393
|-enditem|p1a: Quagsire|Leftovers|[from] move: Knock Off|[of] p2a: Azumarill
|
|turn|7
|
|switch|p2a: Zapdos|Zapdos|381\/381
|-damage|p2a: Zapdos|286\/381|[from] Stealth Rock
|-ability|p2a: Zapdos|Pressure
|move|p1a: Quagsire|Recover|p1a: Quagsire
|-heal|p1a: Quagsire|393\/393
|
|turn|8
|
|switch|p1a: Chansey|Chansey, F, shiny|646\/703
|move|p2a: Zapdos|Defog|p1a: Chansey
|-unboost|p1a: Chansey|evasion|1
|-sideend|p2: Zinke|Stealth Rock|[from] move: Defog|[of] p2a: Zapdos
|
|turn|9
|
|move|p2a: Zapdos|Volt Switch|p1a: Chansey
|-damage|p1a: Chansey|580\/703
|
|switch|p2a: Heatran|Heatran, F|374\/374
|move|p1a: Chansey|Stealth Rock|p2a: Heatran
|-sidestart|p2: Zinke|move: Stealth Rock
|
|turn|10
|
|move|p2a: Heatran|Lava Plume|p1a: Chansey
|-damage|p1a: Chansey|504\/703
|-status|p1a: Chansey|brn
|move|p1a: Chansey|Heal Bell|p1a: Chansey
|-cureteam|p1a: Chansey|[from] move: HealBell
|
|turn|11
|
|move|p2a: Heatran|Stealth Rock|p1a: Chansey
|-sidestart|p1: SandBlackman|move: Stealth Rock
|move|p1a: Chansey|Seismic Toss|p2a: Heatran
|-damage|p2a: Heatran|274\/374
|
|-heal|p2a: Heatran|297\/374|[from] item: Leftovers
|turn|12
|
|switch|p2a: Azumarill|Azumarill, M|404\/404
|-damage|p2a: Azumarill|354\/404|[from] Stealth Rock
|move|p1a: Chansey|Seismic Toss|p2a: Azumarill
|-damage|p2a: Azumarill|254\/404
|
|turn|13
|
|switch|p1a: Quagsire|Quagsire, M, shiny|393\/393
|-damage|p1a: Quagsire|369\/393|[from] Stealth Rock
|move|p2a: Azumarill|Play Rough|p1a: Quagsire
|-damage|p1a: Quagsire|119\/393
|
|turn|14
|
|switch|p2a: Heatran|Heatran, F|297\/374
|-damage|p2a: Heatran|251\/374|[from] Stealth Rock
|switch|p1a: Skarmory|Skarmory, M, shiny|334\/334
|-damage|p1a: Skarmory|293\/334|[from] Stealth Rock
|
|-heal|p2a: Heatran|274\/374|[from] item: Leftovers
|turn|15
|
|switch|p2a: Heracross|Heracross, F|301\/301
|-damage|p2a: Heracross|264\/301|[from] Stealth Rock
|switch|p1a: Chansey|Chansey, F, shiny|504\/703
|-damage|p1a: Chansey|417\/703|[from] Stealth Rock
|
|turn|16
|
|switch|p1a: Skarmory|Skarmory, M, shiny|293\/334
|-damage|p1a: Skarmory|252\/334|[from] Stealth Rock
|detailschange|p2a: Heracross|Heracross-Mega, F
|-mega|p2a: Heracross|Heracross|Heracronite
|move|p2a: Heracross|Arm Thrust|p1a: Skarmory
|-damage|p1a: Skarmory|228\/334
|-damage|p1a: Skarmory|203\/334
|-damage|p1a: Skarmory|182\/334
|-damage|p1a: Skarmory|158\/334
|-damage|p1a: Skarmory|136\/334
|-hitcount|p1a: Skarmory|5
|
|turn|17
|
|move|p2a: Heracross|Rock Blast|p1a: Skarmory
|-damage|p1a: Skarmory|110\/334
|-damage|p1a: Skarmory|83\/334
|-damage|p1a: Skarmory|60\/334
|-damage|p1a: Skarmory|34\/334
|-damage|p1a: Skarmory|10\/334
|-hitcount|p1a: Skarmory|5
|move|p1a: Skarmory|Roost|p1a: Skarmory
|-heal|p1a: Skarmory|177\/334
|
|turn|18
|
|switch|p2a: Heatran|Heatran, F|274\/374
|-damage|p2a: Heatran|228\/374|[from] Stealth Rock
|move|p1a: Skarmory|Roost|p1a: Skarmory
|-heal|p1a: Skarmory|334\/334
|
|-heal|p2a: Heatran|251\/374|[from] item: Leftovers
|turn|19
|
|switch|p1a: Chansey|Chansey, F, shiny|417\/703
|-damage|p1a: Chansey|330\/703|[from] Stealth Rock
|move|p2a: Heatran|Roar|p1a: Chansey
|drag|p1a: Cresselia|Cresselia, F|444\/444
|-damage|p1a: Cresselia|389\/444|[from] Stealth Rock
|
|-heal|p1a: Cresselia|416\/444|[from] item: Leftovers
|-heal|p2a: Heatran|274\/374|[from] item: Leftovers
|turn|20
|
|move|p1a: Cresselia|Skill Swap|p2a: Heatran
|-activate|p1a: Cresselia|move: Skill Swap|Flash Fire|Levitate|[of] p2a: Heatran
|move|p2a: Heatran|Roar|p1a: Cresselia
|drag|p1a: Gothitelle|Gothitelle, F, shiny|301\/301
|-damage|p1a: Gothitelle|264\/301|[from] Stealth Rock
|
|-heal|p2a: Heatran|297\/374|[from] item: Leftovers
|turn|21
|
|move|p1a: Gothitelle|Trick|p2a: Heatran
|-activate|p1a: Gothitelle|move: Trick|[of] p2a: Heatran
|-item|p2a: Heatran|Choice Scarf|[from] move: Trick
|-item|p1a: Gothitelle|Leftovers|[from] move: Trick
|move|p2a: Heatran|Lava Plume|p1a: Gothitelle
|-damage|p1a: Gothitelle|159\/301
|-status|p1a: Gothitelle|brn
|
|-heal|p1a: Gothitelle|177\/301 brn|[from] item: Leftovers
|-damage|p1a: Gothitelle|140\/301 brn|[from] brn
|turn|22
|
|move|p2a: Heatran|Lava Plume|p1a: Gothitelle
|-damage|p1a: Gothitelle|35\/301 brn
|move|p1a: Gothitelle|Rest|p1a: Gothitelle
|-status|p1a: Gothitelle|slp
|-heal|p1a: Gothitelle|301\/301 slp|[silent]
|-status|p1a: Gothitelle|slp|[from] move: Rest
|
|turn|23
|
|switch|p1a: Chansey|Chansey, F, shiny|330\/703
|-damage|p1a: Chansey|243\/703|[from] Stealth Rock
|move|p2a: Heatran|Lava Plume|p1a: Chansey
|-damage|p1a: Chansey|168\/703
|
|turn|24
|
|switch|p2a: Hawlucha|Hawlucha, M|297\/297
|-damage|p2a: Hawlucha|260\/297|[from] Stealth Rock
|move|p1a: Chansey|Soft-Boiled|p1a: Chansey
|-heal|p1a: Chansey|520\/703
|
|turn|25
|
|switch|p1a: Skarmory|Skarmory, M, shiny|334\/334
|-damage|p1a: Skarmory|293\/334|[from] Stealth Rock
|move|p2a: Hawlucha|Swords Dance|p2a: Hawlucha
|-boost|p2a: Hawlucha|atk|2
|
|turn|26
|
|move|p2a: Hawlucha|High Jump Kick|p1a: Skarmory
|-crit|p1a: Skarmory
|-damage|p1a: Skarmory|0 fnt
|faint|p1a: Skarmory
|
|c|âSandBlackman|dat luck
|
|switch|p1a: Cresselia|Cresselia, F|416\/444
|-damage|p1a: Cresselia|361\/444|[from] Stealth Rock
|turn|27
|
|move|p2a: Hawlucha|Sky Attack|p1a: Cresselia|[still]
|-prepare|p2a: Hawlucha|Sky Attack|p1a: Cresselia
|-enditem|p2a: Hawlucha|Power Herb
|-anim|p2a: Hawlucha|Sky Attack|p1a: Cresselia
|-damage|p1a: Cresselia|85\/444
|move|p1a: Cresselia|Psyshock|p2a: Hawlucha
|-supereffective|p2a: Hawlucha
|-damage|p2a: Hawlucha|86\/297
|
|-heal|p1a: Cresselia|112\/444|[from] item: Leftovers
|turn|28
|c|âZinke|yeah sorry bout that:\/
|c|âSandBlackman|nah np ^^
|
|move|p2a: Hawlucha|Acrobatics|p1a: Cresselia
|-damage|p1a: Cresselia|0 fnt
|faint|p1a: Cresselia
|
|c|âZinke|been kind haxing you all game with them burns
|c|âSandBlackman|bah i lose
|c|âSandBlackman|gg
|-message|SandBlackman forfeited.
|leave|SandBlackman
|
|win|Zinke
|raw|Ladder updating...
|player|p1
|raw|SandBlackman's rating: 1629 &rarr; <strong>1608<\/strong><br \/>(-21 for losing)
|raw|Zinke's rating: 1609 &rarr; <strong>1630<\/strong><br \/>(+21 for winning)