|join|Latias tho
|join|Imma
|player|p1|Latias tho|217
|player|p2|Imma|229
|gametype|singles
|gen|6
|tier|UU
|rated
|rule|Sleep Clause Mod: Limit one foe put to sleep
|rule|Species Clause: Limit one of each PokÃ©mon
|rule|OHKO Clause: OHKO moves are banned
|rule|Moody Clause: Moody is banned
|rule|Evasion Moves Clause: Evasion moves are banned
|rule|Endless Battle Clause: Forcing endless battles is banned
|rule|HP Percentage Mod: HP is shown in percentages
|clearpoke
|poke|p1|Aerodactyl, F
|poke|p1|Mienshao, F
|poke|p1|Nidoqueen, F
|poke|p1|Darmanitan, M
|poke|p1|Suicune
|poke|p1|Espeon, M
|poke|p2|Florges, F
|poke|p2|Arcanine, F
|poke|p2|Honchkrow, M
|poke|p2|Jirachi
|poke|p2|Blastoise, F
|poke|p2|Hippowdon, F
|rule|Swagger Clause: Swagger is banned
|rule|Baton Pass Clause: Limit one PokÃ©mon knowing Baton Pass
|teampreview
|c|âLatias tho|dder
|c|âImma|latiass
|c|âImma|glhf
|join|Eyan
|c|âLatias tho|u2
|join|Cyndequil
|
|start
|switch|p1a: Suicune|Suicune|404\/404
|switch|p2a: Jirachi|Jirachi|341\/341
|-ability|p1a: Suicune|Pressure
|turn|1
|join|Truth In Lies
|c|âLatias tho|:o lies
|
|switch|p1a: Aerodactyl|Aerodactyl, F|301\/301
|-ability|p1a: Aerodactyl|Pressure
|move|p2a: Jirachi|Zen Headbutt|p1a: Aerodactyl
|-damage|p1a: Aerodactyl|145\/301
|
|turn|2
|c| Cyndequil|bop
|c|âLatias tho|who
|
|switch|p1a: Suicune|Suicune|404\/404
|-ability|p1a: Suicune|Pressure
|move|p2a: Jirachi|Zen Headbutt|p1a: Suicune
|-damage|p1a: Suicune|319\/404
|
|-heal|p1a: Suicune|344\/404|[from] item: Leftovers
|turn|3
|c|âImma|!dt suicune
|c|~|\/data-pokemon Suicune
|raw|<font size="1"><font color=#585858>Dex#:<\/font> 245&nbsp;|&ThickSpace;<font color=#585858>Height:<\/font> 2 m&nbsp;|&ThickSpace;<font color=#585858>Weight:<\/font> 187 kg <em>(100 BP)<\/em>&nbsp;|&ThickSpace;<font color=#585858>Dex Colour:<\/font> Blue&nbsp;|&ThickSpace;<font color=#585858>Egg Group(s):<\/font> Undiscovered&nbsp;|&ThickSpace;<font color=#585858><font color=#585858>Does Not Evolve<\/font><\/font><\/font>
|
|switch|p2a: Blastoise|Blastoise, F|362\/362
|move|p1a: Suicune|Scald|p2a: Blastoise
|-resisted|p2a: Blastoise
|-damage|p2a: Blastoise|319\/362
|
|-heal|p1a: Suicune|369\/404|[from] item: Leftovers
|turn|4
|join|Bionic Puppy
|
|detailschange|p2a: Blastoise|Blastoise-Mega, F
|message|Blastoise has Mega Evolved into Mega Blastoise!
|move|p1a: Suicune|Calm Mind|p1a: Suicune
|-boost|p1a: Suicune|spa|1
|-boost|p1a: Suicune|spd|1
|move|p2a: Blastoise|Dark Pulse|p1a: Suicune
|-damage|p1a: Suicune|267\/404
|
|-heal|p1a: Suicune|292\/404|[from] item: Leftovers
|turn|5
|c| Cyndequil|latios
|c| Truth In Lies|Inb4 the haze toise
|c| Cyndequil|king uu does
|
|switch|p2a: Florges|Florges, F|332\/332
|move|p1a: Suicune|Calm Mind|p1a: Suicune
|-boost|p1a: Suicune|spa|1
|-boost|p1a: Suicune|spd|1
|
|-heal|p1a: Suicune|317\/404|[from] item: Leftovers
|turn|6
|c| Cyndequil|man
|c| Cyndequil|that was a lord set
|c|âLatias tho|ooh
|c|âLatias tho|is this the
|
|move|p1a: Suicune|Scald|p2a: Florges
|-damage|p2a: Florges|236\/332
|move|p2a: Florges|Calm Mind|p2a: Florges
|-boost|p2a: Florges|spa|1
|-boost|p2a: Florges|spd|1
|
|-heal|p1a: Suicune|342\/404|[from] item: Leftovers
|-heal|p2a: Florges|256\/332|[from] item: Leftovers
|turn|7
|c| Bionic Puppy|i run hazeon
|c|âLatias tho|holy fuck
|c|âLatias tho|what is this
|c| Truth In Lies|Oooooooooooooooooooooooooooo
|c|âLatias tho|supposed to be
|c| Cyndequil|nb
|
|switch|p1a: Darmanitan|Darmanitan, M|351\/351
|move|p2a: Florges|Moonblast|p1a: Darmanitan
|-resisted|p1a: Darmanitan
|-damage|p1a: Darmanitan|180\/351
|
|-heal|p2a: Florges|276\/332|[from] item: Leftovers
|turn|8
|c| Cyndequil|at all
|c| Truth In Lies|ooooooooooooooooooooooooo
|c| Truth In Lies|oooooooo
|c|âLatias tho|man
|
|switch|p2a: Arcanine|Arcanine, F|384\/384
|move|p1a: Darmanitan|Flare Blitz|p2a: Arcanine
|-start|p2a: Arcanine|ability: Flash Fire
|
|turn|9
|c| Bionic Puppy|rly now
|c|âLatias tho|power is here
|c| Bionic Puppy|\/me claps
|c|âLatias tho|yoooooooooo
|c| Truth In Lies|Ooooooooooooo
|
|switch|p1a: Suicune|Suicune|342\/404
|-ability|p1a: Suicune|Pressure
|move|p2a: Arcanine|Wild Charge|p1a: Suicune
|-supereffective|p1a: Suicune
|-damage|p1a: Suicune|198\/404
|-damage|p2a: Arcanine|348\/384|[from] recoil|[of] p1a: Suicune
|
|-heal|p2a: Arcanine|372\/384|[from] item: Leftovers
|-heal|p1a: Suicune|223\/404|[from] item: Leftovers
|turn|10
|c| Truth In Lies|ooooooooooooooooo
|c| Truth In Lies|oooooooooooooo
|c|âLatias tho|wtf
|c| Truth In Lies|ooooooooooooooo
|c| Bionic Puppy|da plays
|c| Truth In Lies|Oooooooooooooooo
|
|switch|p2a: Florges|Florges, F|276\/332
|move|p1a: Suicune|Scald|p2a: Florges
|-damage|p2a: Florges|227\/332
|
|-heal|p1a: Suicune|248\/404|[from] item: Leftovers
|-heal|p2a: Florges|247\/332|[from] item: Leftovers
|turn|11
|c| Truth In Lies|oooooooooooooooo
|c|âLatias tho|i dont even
|c|âImma|Does everyone here have a fetish with the letter "o"?
|c|âLatias tho|yes
|c| Bionic Puppy|nO
|c|âImma|hot
|c| Bionic Puppy|=)
|c| Bionic Puppy|the puns are real
|
|switch|p1a: Espeon|Espeon, M|272\/272
|move|p2a: Florges|Moonblast|p1a: Espeon
|-damage|p1a: Espeon|140\/272
|
|-heal|p2a: Florges|267\/332|[from] item: Leftovers
|turn|12
|
|switch|p2a: Honchkrow|Honchkrow, M|342\/342
|move|p1a: Espeon|Psyshock|p2a: Honchkrow
|-immune|p2a: Honchkrow|[msg]
|
|turn|13
|c|âLatias tho|.-.
|
|move|p1a: Espeon|Dazzling Gleam|p2a: Honchkrow
|-supereffective|p2a: Honchkrow
|-damage|p2a: Honchkrow|18\/342
|move|p2a: Honchkrow|Substitute|p2a: Honchkrow
|-fail|p2a: Honchkrow|move: Substitute|[weak]
|
|-heal|p2a: Honchkrow|39\/342|[from] item: Leftovers
|turn|14
|c| Bionic Puppy|lati is getting rekt
|c|âLatias tho|smh
|
|move|p2a: Honchkrow|Sucker Punch|p1a: Espeon
|-fail|p1a: Espeon
|move|p1a: Espeon|Baton Pass|p1a: Espeon
|
|switch|p1a: Mienshao|Mienshao, F|271\/271
|
|-heal|p2a: Honchkrow|60\/342|[from] item: Leftovers
|turn|15
|c|âLatias tho|who is getting rekt?
|
|switch|p2a: Hippowdon|Hippowdon, F|371\/371
|move|p1a: Mienshao|U-turn|p2a: Hippowdon
|-damage|p2a: Hippowdon|314\/371
|-damage|p1a: Mienshao|226\/271|[from] item: Rocky Helmet|[of] p2a: Hippowdon
|c| Bionic Puppy|you
|
|switch|p1a: Suicune|Suicune|248\/404
|-ability|p1a: Suicune|Pressure
|
|-heal|p1a: Suicune|273\/404|[from] item: Leftovers
|turn|16
|c|âLatias tho|ok
|c|âLatias tho|the florges
|c|âLatias tho|better get burnt
|
|switch|p2a: Florges|Florges, F|267\/332
|move|p1a: Suicune|Scald|p2a: Florges
|-damage|p2a: Florges|221\/332
|
|-heal|p1a: Suicune|298\/404|[from] item: Leftovers
|-heal|p2a: Florges|241\/332|[from] item: Leftovers
|turn|17
|c|âLatias tho|u pleb
|c| Bionic Puppy|lol
|
|switch|p1a: Darmanitan|Darmanitan, M|180\/351
|move|p2a: Florges|Moonblast|p1a: Darmanitan
|-resisted|p1a: Darmanitan
|-damage|p1a: Darmanitan|65\/351
|
|-heal|p2a: Florges|261\/332|[from] item: Leftovers
|turn|18
|
|switch|p2a: Hippowdon|Hippowdon, F|314\/371
|move|p1a: Darmanitan|U-turn|p2a: Hippowdon
|-damage|p2a: Hippowdon|235\/371
|-damage|p1a: Darmanitan|7\/351|[from] item: Rocky Helmet|[of] p2a: Hippowdon
|
|switch|p1a: Suicune|Suicune|298\/404
|-ability|p1a: Suicune|Pressure
|
|-heal|p1a: Suicune|323\/404|[from] item: Leftovers
|turn|19
|c|âLatias tho|ok
|
|switch|p2a: Florges|Florges, F|261\/332
|move|p1a: Suicune|Scald|p2a: Florges
|-damage|p2a: Florges|216\/332
|
|-heal|p1a: Suicune|348\/404|[from] item: Leftovers
|-heal|p2a: Florges|236\/332|[from] item: Leftovers
|turn|20
|c| Bionic Puppy|inb4 no burn
|c|âLatias tho|i better
|c|âLatias tho|yoooo
|c|âLatias tho|wtf
|c| Bionic Puppy|lol
|
|move|p1a: Suicune|Scald|p2a: Florges
|-damage|p2a: Florges|190\/332
|-status|p2a: Florges|brn
|move|p2a: Florges|Moonblast|p1a: Suicune
|-damage|p1a: Suicune|237\/404
|-unboost|p1a: Suicune|spa|1
|
|-heal|p1a: Suicune|262\/404|[from] item: Leftovers
|-heal|p2a: Florges|210\/332 brn|[from] item: Leftovers
|-damage|p2a: Florges|169\/332 brn|[from] brn
|turn|21
|c| Bionic Puppy|he has aromatherapy
|c|âLatias tho|he has CM
|c| Bionic Puppy|he will just heal it off
|c|âImma|^
|
|switch|p1a: Nidoqueen|Nidoqueen, F|384\/384
|move|p2a: Florges|Aromatherapy|p2a: Florges
|-cureteam|p2a: Florges|[from] move: Aromatherapy
|
|-heal|p2a: Florges|189\/332|[from] item: Leftovers
|turn|22
|
|switch|p2a: Jirachi|Jirachi|341\/341
|move|p1a: Nidoqueen|Stealth Rock|p2a: Jirachi
|-sidestart|p2: Imma|move: Stealth Rock
|
|turn|23
|c| Bionic Puppy|but the set i run is cm aromatherapy, wish and moonblast
|
|move|p2a: Jirachi|U-turn|p1a: Nidoqueen
|-resisted|p1a: Nidoqueen
|-damage|p1a: Nidoqueen|356\/384
|c|âLatias tho|its k
|
|switch|p2a: Honchkrow|Honchkrow, M|60\/342
|-damage|p2a: Honchkrow|0 fnt|[from] Stealth Rock
|faint|p2a: Honchkrow
|move|p1a: Nidoqueen|Earth Power|p2: Honchkrow|[notarget]
|-notarget
|
|
|switch|p2a: Jirachi|Jirachi|341\/341
|-damage|p2a: Jirachi|320\/341|[from] Stealth Rock
|turn|24
|c| Bionic Puppy|same as yours?
|c|âLatias tho|i got rocks up
|
|move|p2a: Jirachi|Zen Headbutt|p1a: Nidoqueen
|-supereffective|p1a: Nidoqueen
|-damage|p1a: Nidoqueen|176\/384
|cant|p1a: Nidoqueen|flinch
|
|turn|25
|c|âLatias tho|nooo
|c| Truth In Lies|It's good to scout for the fller move though
|c| Truth In Lies|.
|c| Truth In Lies|Lag smh
|
|switch|p1a: Darmanitan|Darmanitan, M|7\/351
|move|p2a: Jirachi|Zen Headbutt|p1a: Darmanitan
|-crit|p1a: Darmanitan
|-damage|p1a: Darmanitan|0 fnt
|faint|p1a: Darmanitan
|
|
|switch|p1a: Espeon|Espeon, M|140\/272
|turn|26
|
|move|p2a: Jirachi|Zen Headbutt|p1a: Espeon|[miss]
|-miss|p2a: Jirachi|p1a: Espeon
|move|p1a: Espeon|Baton Pass|p1a: Espeon
|c|âImma|mk
|
|switch|p1a: Suicune|Suicune|262\/404
|-ability|p1a: Suicune|Pressure
|
|-heal|p1a: Suicune|287\/404|[from] item: Leftovers
|turn|27
|c|âLatias tho|smh
|
|switch|p2a: Blastoise|Blastoise-Mega, F|319\/362
|-damage|p2a: Blastoise|274\/362|[from] Stealth Rock
|move|p1a: Suicune|Scald|p2a: Blastoise
|-resisted|p2a: Blastoise
|-damage|p2a: Blastoise|238\/362
|
|-heal|p1a: Suicune|312\/404|[from] item: Leftovers
|turn|28
|
|move|p1a: Suicune|Calm Mind|p1a: Suicune
|-boost|p1a: Suicune|spa|1
|-boost|p1a: Suicune|spd|1
|move|p2a: Blastoise|Rapid Spin|p1a: Suicune
|-crit|p1a: Suicune
|-damage|p1a: Suicune|296\/404
|-sideend|p2: Imma|Stealth Rock|[from] move: Rapid Spin|[of] p2a: Blastoise
|
|-heal|p1a: Suicune|321\/404|[from] item: Leftovers
|turn|29
|c|âLatias tho|hax
|c|âLatias tho|crit
|
|switch|p2a: Florges|Florges, F|189\/332
|move|p1a: Suicune|Scald|p2a: Florges
|-damage|p2a: Florges|116\/332
|-status|p2a: Florges|brn
|
|-heal|p1a: Suicune|346\/404|[from] item: Leftovers
|-heal|p2a: Florges|136\/332 brn|[from] item: Leftovers
|-damage|p2a: Florges|95\/332 brn|[from] brn
|turn|30
|c| Bionic Puppy|lol
|c|âLatias tho|yessssss
|c|âLatias tho|power
|c|âImma|mk
|
|move|p1a: Suicune|Scald|p2a: Florges
|-damage|p2a: Florges|20\/332 brn
|move|p2a: Florges|Wish|p2a: Florges
|
|-heal|p1a: Suicune|371\/404|[from] item: Leftovers
|-heal|p2a: Florges|40\/332 brn|[from] item: Leftovers
|-damage|p2a: Florges|0 fnt|[from] brn
|faint|p2a: Florges
|c|âLatias tho|inb4 i get flinched to death by rachi
|
|switch|p2a: Jirachi|Jirachi|320\/341
|turn|31
|
|move|p2a: Jirachi|Zen Headbutt|p1a: Suicune
|-damage|p1a: Suicune|289\/404
|cant|p1a: Suicune|flinch
|
|-heal|p2a: Jirachi|341\/341|[from] move: Wish|[wisher] Florges
|-heal|p1a: Suicune|314\/404|[from] item: Leftovers
|turn|32
|c|âLatias tho|ok
|c|âImma|wish 4 hax
|c| Bionic Puppy|\/me claps
|c|âImma|go
|
|move|p2a: Jirachi|Zen Headbutt|p1a: Suicune
|-damage|p1a: Suicune|230\/404
|move|p1a: Suicune|Scald|p2a: Jirachi
|-damage|p2a: Jirachi|203\/341
|
|-heal|p1a: Suicune|255\/404|[from] item: Leftovers
|turn|33
|
|move|p2a: Jirachi|Zen Headbutt|p1a: Suicune
|-damage|p1a: Suicune|180\/404
|move|p1a: Suicune|Scald|p2a: Jirachi
|-damage|p2a: Jirachi|71\/341
|-status|p2a: Jirachi|brn
|
|-heal|p1a: Suicune|205\/404|[from] item: Leftovers
|-damage|p2a: Jirachi|29\/341 brn|[from] brn
|turn|34
|c|âLatias tho|n_n
|c| Bionic Puppy|your wish was granted lol
|c|âImma|ok you won
|c|âImma|hax got me
|c|âImma|mk
|c|âLatias tho|>hax
|
|move|p2a: Jirachi|Zen Headbutt|p1a: Suicune
|-damage|p1a: Suicune|169\/404
|move|p1a: Suicune|Calm Mind|p1a: Suicune
|-boost|p1a: Suicune|spa|1
|-boost|p1a: Suicune|spd|1
|
|-heal|p1a: Suicune|194\/404|[from] item: Leftovers
|-damage|p2a: Jirachi|0 fnt|[from] brn
|faint|p2a: Jirachi
|c|âLatias tho|30%
|c|âLatias tho|yo
|c|âImma|?
|
|switch|p2a: Arcanine|Arcanine, F|372\/384
|turn|35
|
|move|p2a: Arcanine|Wild Charge|p1a: Suicune
|-supereffective|p1a: Suicune
|-damage|p1a: Suicune|56\/404
|-damage|p2a: Arcanine|337\/384|[from] recoil|[of] p1a: Suicune
|move|p1a: Suicune|Rest|p1a: Suicune
|-status|p1a: Suicune|slp
|-heal|p1a: Suicune|404\/404 slp|[silent]
|-status|p1a: Suicune|slp|[from] move: Rest
|
|-heal|p2a: Arcanine|361\/384|[from] item: Leftovers
|turn|36
|c| Bionic Puppy|fk you
|c|âImma|it has begun
|
|move|p2a: Arcanine|Wild Charge|p1a: Suicune
|-supereffective|p1a: Suicune
|-damage|p1a: Suicune|270\/404 slp
|-damage|p2a: Arcanine|327\/384|[from] recoil|[of] p1a: Suicune
|cant|p1a: Suicune|slp
|move|p1a: Suicune|Sleep Talk|p1a: Suicune
|move|p1a: Suicune|Rest|p1a: Suicune|[from]Sleep Talk
|-fail|p1a: Suicune
|
|-heal|p2a: Arcanine|351\/384|[from] item: Leftovers
|-heal|p1a: Suicune|295\/404 slp|[from] item: Leftovers
|turn|37
|c| Bionic Puppy|for using crocune
|c| Bionic Puppy|u bish
|c|âLatias tho|smh dont pleb puppy
|
|move|p2a: Arcanine|Wild Charge|p1a: Suicune
|-supereffective|p1a: Suicune
|-damage|p1a: Suicune|149\/404 slp
|-damage|p2a: Arcanine|314\/384|[from] recoil|[of] p1a: Suicune
|cant|p1a: Suicune|slp
|move|p1a: Suicune|Sleep Talk|p1a: Suicune
|move|p1a: Suicune|Rest|p1a: Suicune|[from]Sleep Talk
|-fail|p1a: Suicune
|
|-heal|p2a: Arcanine|338\/384|[from] item: Leftovers
|-heal|p1a: Suicune|174\/404 slp|[from] item: Leftovers
|turn|38
|c|âLatias tho|yooo
|
|move|p2a: Arcanine|Wild Charge|p1a: Suicune
|-supereffective|p1a: Suicune
|-damage|p1a: Suicune|40\/404 slp
|-damage|p2a: Arcanine|304\/384|[from] recoil|[of] p1a: Suicune
|-curestatus|p1a: Suicune|slp
|move|p1a: Suicune|Rest|p1a: Suicune
|-status|p1a: Suicune|slp
|-heal|p1a: Suicune|404\/404 slp|[silent]
|-status|p1a: Suicune|slp|[from] move: Rest
|
|-heal|p2a: Arcanine|328\/384|[from] item: Leftovers
|turn|39
|c|âLatias tho|can i
|c|âLatias tho|get scald or CM
|c|âLatias tho|any one is fine
|
|move|p2a: Arcanine|Wild Charge|p1a: Suicune
|-supereffective|p1a: Suicune
|-damage|p1a: Suicune|266\/404 slp
|-damage|p2a: Arcanine|293\/384|[from] recoil|[of] p1a: Suicune
|cant|p1a: Suicune|slp
|move|p1a: Suicune|Sleep Talk|p1a: Suicune
|move|p1a: Suicune|Rest|p1a: Suicune|[from]Sleep Talk
|-fail|p1a: Suicune
|
|-heal|p2a: Arcanine|317\/384|[from] item: Leftovers
|-heal|p1a: Suicune|291\/404 slp|[from] item: Leftovers
|turn|40
|c|âLatias tho|oml
|c| Bionic Puppy|lol
|
|move|p2a: Arcanine|Wild Charge|p1a: Suicune
|-supereffective|p1a: Suicune
|-damage|p1a: Suicune|147\/404 slp
|-damage|p2a: Arcanine|281\/384|[from] recoil|[of] p1a: Suicune
|cant|p1a: Suicune|slp
|move|p1a: Suicune|Sleep Talk|p1a: Suicune
|move|p1a: Suicune|Scald|p2a: Arcanine|[from]Sleep Talk
|-supereffective|p2a: Arcanine
|-damage|p2a: Arcanine|0 fnt
|faint|p2a: Arcanine
|
|-heal|p1a: Suicune|172\/404 slp|[from] item: Leftovers
|c|âLatias tho|yes
|c|âLatias tho|v good
|c| Bionic Puppy|33.3333333333333333333333333333%
|c|âImma|come on crit
|c|âImma|nvm
|
|switch|p2a: Hippowdon|Hippowdon, F|235\/371
|turn|41
|
|-curestatus|p1a: Suicune|slp
|move|p1a: Suicune|Scald|p2a: Hippowdon
|-supereffective|p2a: Hippowdon
|-damage|p2a: Hippowdon|0 fnt
|faint|p2a: Hippowdon
|
|-heal|p1a: Suicune|197\/404|[from] item: Leftovers
|
|switch|p2a: Blastoise|Blastoise-Mega, F|238\/362
|turn|42
|
|move|p1a: Suicune|Scald|p2a: Blastoise
|-resisted|p2a: Blastoise
|-damage|p2a: Blastoise|164\/362
|move|p2a: Blastoise|Dark Pulse|p1a: Suicune
|-damage|p1a: Suicune|121\/404
|
|-heal|p1a: Suicune|146\/404|[from] item: Leftovers
|turn|43
|-message|Imma forfeited.
|
|win|Latias tho
|raw|Ladder updating...