|join|Latias tho
|join|Cyndequil
|player|p1|Latias tho|217
|player|p2|Cyndequil|70
|gametype|singles
|gen|6
|tier|UU
|rule|Sleep Clause Mod: Limit one foe put to sleep
|rule|Species Clause: Limit one of each PokÃ©mon
|rule|OHKO Clause: OHKO moves are banned
|rule|Moody Clause: Moody is banned
|rule|Evasion Moves Clause: Evasion moves are banned
|rule|Endless Battle Clause: Forcing endless battles is banned
|rule|HP Percentage Mod: HP is shown in percentages
|clearpoke
|poke|p1|Jirachi
|poke|p1|Krookodile, M
|poke|p1|Alakazam, F
|poke|p1|Nidoqueen, F
|poke|p1|Hydreigon, M
|poke|p1|Ampharos, F
|poke|p2|Krookodile, M
|poke|p2|Togekiss, F
|poke|p2|Swampert, F
|poke|p2|Goodra, M
|poke|p2|Shaymin
|poke|p2|Entei, shiny
|rule|Swagger Clause: Swagger is banned
|rule|Baton Pass Clause: Limit one PokÃ©mon knowing Baton Pass
|teampreview
|c|âCyndequil|not bad
|c|âCyndequil|one thing shrekts your team
|join|EyanZ
|
|start
|switch|p1a: Alakazam|Alakazam, F|252\/252
|switch|p2a: Krookodile|Krookodile, M|331\/331
|turn|1
|c|âCyndequil|;-;
|c|âLatias tho|ooh
|c|âLatias tho|moxie
|c|âLatias tho|11\/10
|
|switch|p2a: Entei|Entei, shiny|371\/371
|-ability|p2a: Entei|Pressure
|move|p1a: Alakazam|Dazzling Gleam|p2a: Entei
|-resisted|p2a: Entei
|-damage|p2a: Entei|332\/371
|
|turn|2
|
|switch|p1a: Krookodile|Krookodile, M|331\/331
|-ability|p1a: Krookodile|Intimidate|[of] p2a: Entei
|-unboost|p2a: Entei|atk|1
|move|p2a: Entei|Sacred Fire|p1a: Krookodile
|-crit|p1a: Krookodile
|-damage|p1a: Krookodile|13\/331
|-status|p1a: Krookodile|brn
|
|-damage|p1a: Krookodile|0 fnt|[from] brn
|faint|p1a: Krookodile
|c|âCyndequil|burn
|c|âCyndequil|pls
|c|âCyndequil|not bad
|c| EyanZ|XD
|c|âLatias tho|!!
|c|âLatias tho|why not espeed
|c|âLatias tho|lel
|
|switch|p1a: Hydreigon|Hydreigon, M|325\/325
|turn|3
|c|âCyndequil|why would i 
|
|switch|p1a: Ampharos|Ampharos, F|374\/374
|move|p2a: Entei|Sacred Fire|p1a: Ampharos
|-damage|p1a: Ampharos|227\/374
|
|turn|4
|c|âLatias tho|wtf
|
|detailschange|p1a: Ampharos|Ampharos-Mega, F
|message|Ampharos has Mega Evolved into Mega Ampharos!
|-ability|p1a: Ampharos|Mold Breaker
|move|p2a: Entei|Sacred Fire|p1a: Ampharos
|-resisted|p1a: Ampharos
|-damage|p1a: Ampharos|173\/374
|-status|p1a: Ampharos|brn
|move|p1a: Ampharos|Volt Switch|p2a: Entei
|-crit|p2a: Entei
|-damage|p2a: Entei|142\/371
|c|âCyndequil|?
|c|âCyndequil|ew
|c|âCyndequil|crit
|
|switch|p1a: Alakazam|Alakazam, F|252\/252
|
|turn|5
|
|switch|p2a: Togekiss|Togekiss, F|311\/311
|move|p1a: Alakazam|Psyshock|p2a: Togekiss
|-damage|p2a: Togekiss|148\/311
|
|-heal|p2a: Togekiss|167\/311|[from] item: Leftovers
|turn|6
|c|âLatias tho|sigh
|c|âLatias tho|getting rekt
|
|move|p1a: Alakazam|Calm Mind|p1a: Alakazam
|-boost|p1a: Alakazam|spa|1
|-boost|p1a: Alakazam|spd|1
|move|p2a: Togekiss|Air Slash|p1a: Alakazam
|-damage|p1a: Alakazam|158\/252
|
|-heal|p2a: Togekiss|186\/311|[from] item: Leftovers
|turn|7
|c|âCyndequil|no pls
|c|âCyndequil|pls stahp
|c|âLatias tho|die
|
|move|p1a: Alakazam|Psyshock|p2a: Togekiss
|-damage|p2a: Togekiss|0 fnt
|faint|p2a: Togekiss
|
|
|switch|p2a: Krookodile|Krookodile, M|331\/331
|turn|8
|
|move|p2a: Krookodile|Knock Off|p1a: Alakazam
|-supereffective|p1a: Alakazam
|-damage|p1a: Alakazam|0 fnt
|-enditem|p1a: Alakazam|Focus Sash|[from] move: Knock Off|[of] p2a: Krookodile
|faint|p1a: Alakazam
|-boost|p2a: Krookodile|atk|1|[from] ability: Moxie
|
|c| EyanZ|You shouldn't be talking about crits Cyndequil, you did get the crit + burn :P
|
|switch|p1a: Hydreigon|Hydreigon, M|325\/325
|turn|9
|c|âCyndequil|shhh
|c|âLatias tho|now can
|c|âLatias tho|spam draco
|c|âCyndequil|fk
|c| EyanZ|without the crit, you would have probably done less than half to krook lol
|
|switch|p2a: Entei|Entei, shiny|142\/371
|-ability|p2a: Entei|Pressure
|move|p1a: Hydreigon|Draco Meteor|p2a: Entei
|-damage|p2a: Entei|0 fnt
|-unboost|p1a: Hydreigon|spa|2
|-damage|p1a: Hydreigon|293\/325|[from] item: Life Orb
|faint|p2a: Entei
|
|c|âLatias tho|ded
|c|âLatias tho|10\/10
|
|switch|p2a: Goodra|Goodra, M|383\/383
|turn|10
|
|switch|p1a: Jirachi|Jirachi|341\/341
|move|p2a: Goodra|Dragon Pulse|p1a: Jirachi
|-resisted|p1a: Jirachi
|-damage|p1a: Jirachi|261\/341
|
|turn|11
|c| EyanZ|flinch everything
|c|âCyndequil|scarfed goodra
|c|âLatias tho|y\/y
|c|âCyndequil|nb
|
|move|p1a: Jirachi|U-turn|p2a: Goodra
|-damage|p2a: Goodra|290\/383
|c| EyanZ|except the scarfed krook
|
|switch|p1a: Nidoqueen|Nidoqueen, F|349\/349
|move|p2a: Goodra|Fire Blast|p1a: Nidoqueen
|-damage|p1a: Nidoqueen|206\/349
|
|turn|12
|c|âCyndequil|nvm
|c|âLatias tho|lets see
|c| EyanZ|muddy water incoming ?
|c|âCyndequil|lmao the ice weakness
|
|move|p1a: Nidoqueen|Ice Beam|p2a: Goodra
|-supereffective|p2a: Goodra
|-damage|p2a: Goodra|160\/383
|move|p2a: Goodra|Muddy Water|p1a: Nidoqueen
|-miss|p2a: Goodra|p1a: Nidoqueen
|
|turn|13
|c|âCyndequil|y
|c|âCyndequil|um
|c|âCyndequil|fuck
|c| EyanZ|called it
|c|âLatias tho|HAHA
|c|âCyndequil|this
|c| EyanZ|and nice miss
|
|move|p1a: Nidoqueen|Ice Beam|p2a: Goodra
|-supereffective|p2a: Goodra
|-damage|p2a: Goodra|27\/383
|move|p2a: Goodra|Dragon Pulse|p1a: Nidoqueen
|-damage|p1a: Nidoqueen|34\/349
|
|turn|14
|c|âLatias tho|frz
|c| EyanZ|well trained goodra
|c|âLatias tho|Zzzz
|c| EyanZ|and well trainied nidoqueen
|
|move|p1a: Nidoqueen|Earth Power|p2a: Goodra
|-damage|p2a: Goodra|0 fnt
|faint|p2a: Goodra
|
|
|switch|p2a: Krookodile|Krookodile, M|331\/331
|turn|15
|
|move|p2a: Krookodile|Knock Off|p1a: Nidoqueen
|-damage|p1a: Nidoqueen|0 fnt
|-enditem|p1a: Nidoqueen|Life Orb|[from] move: Knock Off|[of] p2a: Krookodile
|faint|p1a: Nidoqueen
|-boost|p2a: Krookodile|atk|1|[from] ability: Moxie
|
|c|âLatias tho|nice
|c|âLatias tho|spam draco
|
|switch|p1a: Hydreigon|Hydreigon, M|293\/325
|turn|16
|c|âCyndequil|eh i need the toge for this 
|c|âLatias tho|Zzzz
|
|switch|p2a: Swampert|Swampert, F|401\/401
|move|p1a: Hydreigon|Draco Meteor|p2a: Swampert|[miss]
|-miss|p1a: Hydreigon|p2a: Swampert
|
|turn|17
|c|âCyndequil|not bad
|c|âLatias tho|!!!!!
|
|move|p1a: Hydreigon|Dark Pulse|p2a: Swampert
|-damage|p2a: Swampert|209\/401
|-damage|p1a: Hydreigon|261\/325|[from] item: Life Orb
|move|p2a: Swampert|Scald|p1a: Hydreigon
|-resisted|p1a: Hydreigon
|-damage|p1a: Hydreigon|212\/325
|
|-heal|p2a: Swampert|234\/401|[from] item: Leftovers
|turn|18
|
|move|p1a: Hydreigon|Draco Meteor|p2a: Swampert|[miss]
|-miss|p1a: Hydreigon|p2a: Swampert
|move|p2a: Swampert|Scald|p1a: Hydreigon
|-resisted|p1a: Hydreigon
|-damage|p1a: Hydreigon|170\/325
|
|-heal|p2a: Swampert|259\/401|[from] item: Leftovers
|turn|19
|c|âLatias tho|FUCK
|c|âCyndequil|not bad
|c| EyanZ|hahahaa
|c|âCyndequil|at all
|
|move|p1a: Hydreigon|Draco Meteor|p2a: Swampert
|-crit|p2a: Swampert
|-damage|p2a: Swampert|0 fnt
|-unboost|p1a: Hydreigon|spa|2
|-damage|p1a: Hydreigon|138\/325|[from] item: Life Orb
|faint|p2a: Swampert
|
|join|thelight288
|c|âCyndequil|ew
|c|âLatias tho|at this rate
|c|âCyndequil|crit
|c|âLatias tho|i will has
|c| EyanZ|totally mattered
|
|switch|p2a: Shaymin|Shaymin|341\/341
|turn|20
|c|âLatias tho|not enuff
|c|âLatias tho|dracos
|
|switch|p1a: Ampharos|Ampharos-Mega, F|173\/374 brn
|-ability|p1a: Ampharos|Mold Breaker
|move|p2a: Shaymin|Air Slash|p1a: Ampharos
|-resisted|p1a: Ampharos
|-damage|p1a: Ampharos|129\/374 brn
|-damage|p2a: Shaymin|307\/341|[from] item: Life Orb
|
|-damage|p1a: Ampharos|83\/374 brn|[from] brn
|turn|21
|c|âLatias tho|fuk
|c|âLatias tho|LO
|
|move|p2a: Shaymin|Earth Power|p1a: Ampharos
|-supereffective|p1a: Ampharos
|-damage|p1a: Ampharos|0 fnt
|-damage|p2a: Shaymin|273\/341|[from] item: Life Orb
|faint|p1a: Ampharos
|
|
|switch|p1a: Hydreigon|Hydreigon, M|138\/325
|turn|22
|c| EyanZ|didn't matter lel
|c|âLatias tho|draco
|c|âLatias tho|better not miss
|c|âCyndequil|miss
|c| EyanZ|MISS
|c|âCyndequil|miss
|c|âCyndequil|miss
|c|âCyndequil|miss
|
|move|p2a: Shaymin|Air Slash|p1a: Hydreigon
|-damage|p1a: Hydreigon|35\/325
|-damage|p2a: Shaymin|239\/341|[from] item: Life Orb
|move|p1a: Hydreigon|Draco Meteor|p2a: Shaymin
|-damage|p2a: Shaymin|0 fnt
|-unboost|p1a: Hydreigon|spa|2
|-damage|p1a: Hydreigon|3\/325|[from] item: Life Orb
|faint|p2a: Shaymin
|
|c|âLatias tho|no.
|c|âCyndequil|not bad that speed
|
|switch|p2a: Krookodile|Krookodile, M|331\/331
|turn|23
|c|âLatias tho|wait
|c|âCyndequil|ah clutch god
|c|âLatias tho|....
|c|âLatias tho|FUCK
|
|move|p2a: Krookodile|Knock Off|p1a: Hydreigon
|-resisted|p1a: Hydreigon
|-damage|p1a: Hydreigon|0 fnt
|-enditem|p1a: Hydreigon|Life Orb|[from] move: Knock Off|[of] p2a: Krookodile
|faint|p1a: Hydreigon
|-boost|p2a: Krookodile|atk|1|[from] ability: Moxie
|
|c| EyanZ|latias haxed to death lol
|
|switch|p1a: Jirachi|Jirachi|261\/341
|turn|24
|c|âCyndequil|what hax?
|
|move|p1a: Jirachi|Iron Head|p2a: Krookodile
|-crit|p2a: Krookodile
|-damage|p2a: Krookodile|117\/331
|cant|p2a: Krookodile|flinch
|
|turn|25
|c| EyanZ|krook
|c|âCyndequil|fuck
|c|âLatias tho|gud
|c| EyanZ|nice
|c| EyanZ|nice
|c|âCyndequil|my life
|
|move|p1a: Jirachi|Iron Head|p2a: Krookodile
|-damage|p2a: Krookodile|0 fnt
|faint|p2a: Krookodile
|
|win|Latias tho
|c|âCyndequil|bg
|c|âLatias tho|HAHAHAHAHA
|c| EyanZ|XDDDDDDD
|c|âLatias tho|HAHAHAHAH
|c| EyanZ|gg no re