|join|Latias tho
|join|Cyndequil
|player|p1|Latias tho|101
|player|p2|Cyndequil|100
|gametype|singles
|gen|6
|tier|UU
|rule|Sleep Clause Mod: Limit one foe put to sleep
|rule|Species Clause: Limit one of each PokÃ©mon
|rule|OHKO Clause: OHKO moves are banned
|rule|Moody Clause: Moody is banned
|rule|Evasion Moves Clause: Evasion moves are banned
|rule|Endless Battle Clause: Forcing endless battles is banned
|rule|HP Percentage Mod: HP is shown in percentages
|clearpoke
|poke|p1|Aggron, F
|poke|p1|Vaporeon, M
|poke|p1|Gligar, M
|poke|p1|Arcanine, F
|poke|p1|Blissey, F
|poke|p1|Starmie
|poke|p2|Misdreavus, F
|poke|p2|Machamp, M
|poke|p2|Noivern, M
|poke|p2|Crobat, M
|poke|p2|Forretress, F
|poke|p2|Vaporeon, F
|rule|Swagger Clause: Swagger is banned
|rule|Baton Pass Clause: Limit one PokÃ©mon knowing Baton Pass
|teampreview
|join|Zombie PizzaMan
|c|âCyndequil|good i have the right item on it
|c|âCyndequil|abomasite
|join|Chupps
|c|âLatias tho|n_n
|
|start
|switch|p1a: Starmie|Starmie|261\/261
|switch|p2a: Crobat|Crobat, M|373\/373
|turn|1
|c|âLatias tho|guess who doesnt care anymore
|c|âLatias tho|ah
|c|âLatias tho|straight out with
|c|âLatias tho|the threat
|
|switch|p2a: Forretress|Forretress, F|353\/353
|move|p1a: Starmie|Hydro Pump|p2a: Forretress
|-crit|p2a: Forretress
|-damage|p2a: Forretress|10\/353
|
|-heal|p2a: Forretress|32\/353|[from] item: Leftovers
|turn|2
|c|âLatias tho|smh
|c| Chupps|nice
|c|âLatias tho|plebs
|c|âCyndequil|d0d
|c|âCyndequil|wtf
|c|âCyndequil|garbage
|c| Zombie PizzaMan|rekt
|
|switch|p1a: Vaporeon|Vaporeon, M|451\/451
|switch|p2a: Vaporeon|Vaporeon, F|464\/464
|
|turn|3
|c| Chupps|it can live a psyshock
|
|move|p2a: Vaporeon|Wish|p2a: Vaporeon
|move|p1a: Vaporeon|Wish|p1a: Vaporeon
|
|turn|4
|
|switch|p2a: Machamp|Machamp, M|383\/383
|move|p1a: Vaporeon|Scald|p2a: Machamp
|-damage|p2a: Machamp|274\/383
|-status|p2a: Machamp|brn
|
|-heal|p2a: Machamp|383\/383 brn|[from] move: Wish|[wisher] Vaporeon
|-damage|p2a: Machamp|336\/383 brn|[from] brn
|turn|5
|
|switch|p1a: Starmie|Starmie|261\/261
|move|p2a: Machamp|Low Kick|p1a: Starmie
|-resisted|p1a: Starmie
|-damage|p1a: Starmie|129\/261
|
|-damage|p2a: Machamp|289\/383 brn|[from] brn
|turn|6
|c| Zombie PizzaMan|guts machamp pls
|join|420blaze4dayz
|c|âLatias tho|wut
|c|âCyndequil|ofc
|c|âLatias tho|dafuq
|c|âCyndequil|u know it
|c| Chupps|yaaaas
|
|switch|p2a: Vaporeon|Vaporeon, F|464\/464
|move|p1a: Starmie|Psyshock|p2a: Vaporeon
|-damage|p2a: Vaporeon|278\/464
|
|-heal|p2a: Vaporeon|307\/464|[from] item: Leftovers
|turn|7
|c|âCyndequil|;]
|c|âCyndequil|yum
|
|switch|p1a: Aggron|Aggron, F|344\/344
|move|p2a: Vaporeon|Wish|p2a: Vaporeon
|
|-heal|p2a: Vaporeon|336\/464|[from] item: Leftovers
|turn|8
|c| Chupps|are u scarf fuckin starmie
|c| 420blaze4dayz|why use vaporeon
|c|âLatias tho|catch this eq
|c| 420blaze4dayz|alomolma brah
|
|switch|p2a: Forretress|Forretress, F|32\/353
|detailschange|p1a: Aggron|Aggron-Mega, F
|-mega|p1a: Aggron|Aggron|Aggronite
|move|p1a: Aggron|Stealth Rock|p2a: Forretress
|-sidestart|p2: Cyndequil|move: Stealth Rock
|
|-heal|p2a: Forretress|264\/353|[from] move: Wish|[wisher] Vaporeon
|-heal|p2a: Forretress|286\/353|[from] item: Leftovers
|turn|9
|c|âCyndequil|because wish passing
|c|âLatias tho|smh
|c|âCyndequil|nice eq
|c|âCyndequil|bruh
|
|move|p2a: Forretress|Rapid Spin|p1a: Aggron
|-resisted|p1a: Aggron
|-damage|p1a: Aggron|341\/344
|-sideend|p2: Cyndequil|Stealth Rock|[from] move: Rapid Spin|[of] p2a: Forretress
|move|p1a: Aggron|Roar|p2a: Forretress
|drag|p2a: Noivern|Noivern, M|374\/374
|
|turn|10
|c| 420blaze4dayz|but alomolma get bigger wishes
|
|move|p2a: Noivern|Taunt|p1a: Aggron
|-start|p1a: Aggron|move: Taunt
|cant|p1a: Aggron|move: Taunt|Stealth Rock
|
|turn|11
|c| Chupps|taunt noivern
|c| Chupps|:^)
|c|âLatias tho|ooh
|
|switch|p2a: Forretress|Forretress, F|286\/353
|switch|p1a: Starmie|Starmie|129\/261
|
|-heal|p2a: Forretress|308\/353|[from] item: Leftovers
|turn|12
|c|âLatias tho|CT much
|
|switch|p2a: Vaporeon|Vaporeon, F|336\/464
|move|p1a: Starmie|Trick|p2a: Vaporeon
|-activate|p1a: Starmie|move: Trick|[of] p2a: Vaporeon
|-item|p2a: Vaporeon|Choice Specs|[from] move: Trick
|-item|p1a: Starmie|Leftovers|[from] move: Trick
|
|-heal|p1a: Starmie|145\/261|[from] item: Leftovers
|turn|13
|c|âCyndequil|n
|c|âLatias tho|aha
|c|âCyndequil|noo
|c|âLatias tho|pleb
|c|âCyndequil|plen
|c|âCyndequil|b
|c| Chupps|oh wow specs
|c| Chupps|i thought it was scarf
|c| Chupps|weak rofl
|c|âLatias tho|vap
|c|âLatias tho|can go
|c|âLatias tho|screw himself
|c|âCyndequil|at least
|c|âCyndequil|starmie
|
|move|p1a: Starmie|Psyshock|p2a: Vaporeon
|-damage|p2a: Vaporeon|198\/464
|move|p2a: Vaporeon|Wish|p2a: Vaporeon
|
|-heal|p1a: Starmie|161\/261|[from] item: Leftovers
|turn|14
|c|âCyndequil|cant do damage for shit
|c| Zombie PizzaMan|analytic tho
|c|âCyndequil|on the downside
|
|switch|p1a: Aggron|Aggron-Mega, F|341\/344
|move|p2a: Vaporeon|Wish|p2a: Vaporeon
|-fail|p2a: Vaporeon
|
|-heal|p2a: Vaporeon|430\/464|[from] move: Wish|[wisher] Vaporeon
|turn|15
|c|âLatias tho|its k
|c|âLatias tho|no one cares
|
|switch|p2a: Forretress|Forretress, F|308\/353
|move|p1a: Aggron|Stealth Rock|p2a: Forretress
|-sidestart|p2: Cyndequil|move: Stealth Rock
|
|-heal|p2a: Forretress|330\/353|[from] item: Leftovers
|turn|16
|c|âLatias tho|vap is tricked
|
|switch|p1a: Arcanine|Arcanine, F|383\/383
|-ability|p1a: Arcanine|Intimidate|[of] p2a: Forretress
|-unboost|p2a: Forretress|atk|1
|move|p2a: Forretress|Rapid Spin|p1a: Arcanine
|-damage|p1a: Arcanine|374\/383
|-sideend|p2: Cyndequil|Stealth Rock|[from] move: Rapid Spin|[of] p2a: Forretress
|
|-heal|p1a: Arcanine|383\/383|[from] item: Leftovers
|-heal|p2a: Forretress|352\/353|[from] item: Leftovers
|turn|17
|c|âLatias tho|all is well
|
|switch|p2a: Vaporeon|Vaporeon, F|430\/464
|move|p1a: Arcanine|Flare Blitz|p2a: Vaporeon
|-resisted|p2a: Vaporeon
|-damage|p2a: Vaporeon|344\/464
|-damage|p1a: Arcanine|355\/383|[from] recoil|[of] p2a: Vaporeon
|
|-heal|p1a: Arcanine|378\/383|[from] item: Leftovers
|turn|18
|
|switch|p2a: Machamp|Machamp, M|289\/383 brn
|move|p1a: Arcanine|Will-O-Wisp|p2a: Machamp|[miss]
|-miss|p1a: Arcanine|p2a: Machamp
|
|-heal|p1a: Arcanine|383\/383|[from] item: Leftovers
|-damage|p2a: Machamp|242\/383 brn|[from] brn
|turn|19
|c| Chupps|click scald
|c| Chupps|no fear
|
|move|p1a: Arcanine|Flare Blitz|p2a: Machamp
|-damage|p2a: Machamp|43\/383 brn
|-damage|p1a: Arcanine|317\/383|[from] recoil|[of] p2a: Machamp
|move|p2a: Machamp|Rest|p2a: Machamp
|-status|p2a: Machamp|slp
|-heal|p2a: Machamp|383\/383 slp|[silent]
|-status|p2a: Machamp|slp|[from] move: Rest
|
|-heal|p1a: Arcanine|340\/383|[from] item: Leftovers
|turn|20
|c| Chupps|k
|c|âCyndequil|dude
|c|âLatias tho|plebs
|c|âCyndequil|why is that
|c|âCyndequil|doing so much
|
|move|p1a: Arcanine|Flare Blitz|p2a: Machamp
|-crit|p2a: Machamp
|-damage|p2a: Machamp|109\/383 slp
|-damage|p1a: Arcanine|250\/383|[from] recoil|[of] p2a: Machamp
|cant|p2a: Machamp|slp
|move|p2a: Machamp|Sleep Talk|p2a: Machamp
|move|p2a: Machamp|Rest|p2a: Machamp|[from]Sleep Talk
|-fail|p2a: Machamp
|
|-heal|p1a: Arcanine|273\/383|[from] item: Leftovers
|turn|21
|c|âLatias tho|8 atk evs
|c|âCyndequil|ew
|c|âCyndequil|ew
|c|âCyndequil|ew
|c|âCyndequil|ew
|c|âLatias tho|lmao pleb
|c|âCyndequil|hax
|c|âCyndequil|garbaje
|c| 420blaze4dayz|haha
|
|switch|p2a: Noivern|Noivern, M|374\/374
|move|p1a: Arcanine|Flare Blitz|p2a: Noivern
|-resisted|p2a: Noivern
|-damage|p2a: Noivern|280\/374
|-damage|p1a: Arcanine|242\/383|[from] recoil|[of] p2a: Noivern
|
|-heal|p2a: Noivern|303\/374|[from] item: Leftovers
|-heal|p1a: Arcanine|265\/383|[from] item: Leftovers
|turn|22
|c|âLatias tho|i hear salt
|c| Zombie PizzaMan|ah shoulda burned the noivern
|
|switch|p1a: Aggron|Aggron-Mega, F|341\/344
|move|p2a: Noivern|Super Fang|p1a: Aggron
|-damage|p1a: Aggron|171\/344
|
|-heal|p2a: Noivern|326\/374|[from] item: Leftovers
|turn|23
|c|âLatias tho|oooh
|
|switch|p2a: Forretress|Forretress, F|352\/353
|move|p1a: Aggron|Stealth Rock|p2a: Forretress
|-sidestart|p2: Cyndequil|move: Stealth Rock
|
|-heal|p2a: Forretress|353\/353|[from] item: Leftovers
|turn|24
|c| 420blaze4dayz|nice set
|join|WatashiKawaiiYung
|
|switch|p1a: Arcanine|Arcanine, F|265\/383
|-ability|p1a: Arcanine|Intimidate|[of] p2a: Forretress
|-unboost|p2a: Forretress|atk|1
|move|p2a: Forretress|Rapid Spin|p1a: Arcanine
|-damage|p1a: Arcanine|256\/383
|-sideend|p2: Cyndequil|Stealth Rock|[from] move: Rapid Spin|[of] p2a: Forretress
|
|-heal|p1a: Arcanine|279\/383|[from] item: Leftovers
|turn|25
|
|switch|p2a: Machamp|Machamp, M|109\/383 slp
|move|p1a: Arcanine|Will-O-Wisp|p2a: Machamp
|-fail|p2a: Machamp
|
|-heal|p1a: Arcanine|302\/383|[from] item: Leftovers
|turn|26
|
|switch|p2a: Noivern|Noivern, M|326\/374
|move|p1a: Arcanine|Flare Blitz|p2a: Noivern
|-resisted|p2a: Noivern
|-damage|p2a: Noivern|232\/374
|-damage|p1a: Arcanine|271\/383|[from] recoil|[of] p2a: Noivern
|
|-heal|p2a: Noivern|255\/374|[from] item: Leftovers
|-heal|p1a: Arcanine|294\/383|[from] item: Leftovers
|turn|27
|c|âLatias tho|man
|
|move|p2a: Noivern|Toxic|p1a: Arcanine|[miss]
|-miss|p2a: Noivern|p1a: Arcanine
|move|p1a: Arcanine|Will-O-Wisp|p2a: Noivern
|-status|p2a: Noivern|brn
|
|-heal|p2a: Noivern|278\/374 brn|[from] item: Leftovers
|-heal|p1a: Arcanine|317\/383|[from] item: Leftovers
|-damage|p2a: Noivern|232\/374 brn|[from] brn
|turn|28
|c|âLatias tho|who actually
|c|âCyndequil|WOW
|c|âLatias tho|care?
|c|âCyndequil|FUCKINGHAX\
|c|âCyndequil|BS
|c|âLatias tho|pls
|c|âCyndequil|GARABEJ
|c|âCyndequil|PLEN
|c| Zombie PizzaMan|ima just leave this here
|c|âLatias tho|>plen
|c| Zombie PizzaMan|http:\/\/en.wikipedia.org\/wiki\/Sodium_chloride
|
|move|p2a: Noivern|Roost|p2a: Noivern
|-heal|p2a: Noivern|374\/374 brn
|move|p1a: Arcanine|Morning Sun|p1a: Arcanine
|-heal|p1a: Arcanine|383\/383
|
|-damage|p2a: Noivern|328\/374 brn|[from] brn
|turn|29
|c| 420blaze4dayz|arcanine putting in work
|
|move|p1a: Arcanine|Extreme Speed|p2a: Noivern
|-damage|p2a: Noivern|253\/374 brn
|move|p2a: Noivern|Toxic|p1a: Arcanine
|-status|p1a: Arcanine|tox
|
|-heal|p2a: Noivern|276\/374 brn|[from] item: Leftovers
|-damage|p2a: Noivern|230\/374 brn|[from] brn
|-damage|p1a: Arcanine|360\/383 tox|[from] psn
|turn|30
|c|âLatias tho|oooh
|
|switch|p2a: Vaporeon|Vaporeon, F|344\/464
|switch|p1a: Starmie|Starmie|161\/261
|
|-heal|p1a: Starmie|177\/261|[from] item: Leftovers
|turn|31
|c| 420blaze4dayz|is that defensive noivern
|
|move|p1a: Starmie|Psyshock|p2a: Vaporeon
|-damage|p2a: Vaporeon|205\/464
|move|p2a: Vaporeon|Heal Bell|p2a: Vaporeon
|-cureteam|p2a: Vaporeon|[from] move: HealBell
|
|-heal|p1a: Starmie|193\/261|[from] item: Leftovers
|turn|32
|c|âLatias tho|kek
|c|âLatias tho|nb
|c|âCyndequil|sigh
|c|âCyndequil|this CT
|c|âCyndequil|is so shit lol
|c|âLatias tho|pls cynde
|c|âLatias tho|learn to pokemon
|-message|Cyndequil forfeited.
|
|win|Latias tho