|join|Latias tho
|join|DMT
|player|p1|Latias tho|217
|player|p2|DMT|101
|gametype|singles
|gen|6
|tier|UU
|rated
|rule|Sleep Clause Mod: Limit one foe put to sleep
|rule|Species Clause: Limit one of each PokÃ©mon
|rule|OHKO Clause: OHKO moves are banned
|rule|Moody Clause: Moody is banned
|rule|Evasion Moves Clause: Evasion moves are banned
|rule|Endless Battle Clause: Forcing endless battles is banned
|rule|HP Percentage Mod: HP is shown in percentages
|clearpoke
|poke|p1|Aerodactyl, M
|poke|p1|Mienshao, M
|poke|p1|Nidoqueen, F
|poke|p1|Darmanitan, M
|poke|p1|Suicune
|poke|p1|Espeon, F
|poke|p2|Krookodile, F
|poke|p2|Tentacruel, M
|poke|p2|Magneton
|poke|p2|Hydreigon, F
|poke|p2|Crobat, F
|poke|p2|Blissey, F
|rule|Swagger Clause: Swagger is banned
|rule|Baton Pass Clause: Limit one PokÃ©mon knowing Baton Pass
|teampreview
|join|Cyndequil
|join|sniperaim
|leave|DMT
|player|p2
|c|âLatias tho|o.O
|leave|Cyndequil
|join|DMT
|c|âDMT|Sorry
|player|p2|DMT|101
|teampreview
|c|âDMT|Lag lol
|
|start
|switch|p1a: Mienshao|Mienshao, M|271\/271
|switch|p2a: Tentacruel|Tentacruel, M|364\/364
|turn|1
|
|move|p1a: Mienshao|U-turn|p2a: Tentacruel
|-resisted|p2a: Tentacruel
|-damage|p2a: Tentacruel|323\/364
|
|switch|p1a: Espeon|Espeon, F|272\/272
|move|p2a: Tentacruel|Acid Spray|p1a: Espeon
|-damage|p1a: Espeon|229\/272
|-unboost|p1a: Espeon|spd|2
|
|-heal|p2a: Tentacruel|345\/364|[from] item: Black Sludge
|turn|2
|
|switch|p2a: Magneton|Magneton|241\/241
|move|p1a: Espeon|Baton Pass|p1a: Espeon
|
|switch|p1a: Nidoqueen|Nidoqueen, F|384\/384
|
|turn|3
|
|move|p2a: Magneton|Flash Cannon|p1a: Nidoqueen
|-damage|p1a: Nidoqueen|23\/384
|move|p1a: Nidoqueen|Stealth Rock|p2a: Magneton
|-sidestart|p2: DMT|move: Stealth Rock
|
|turn|4
|c|âLatias tho|o.O
|
|switch|p1a: Suicune|Suicune|404\/404
|-ability|p1a: Suicune|Pressure
|move|p2a: Magneton|Flash Cannon|p1a: Suicune
|-resisted|p1a: Suicune
|-damage|p1a: Suicune|339\/404
|
|-heal|p1a: Suicune|364\/404|[from] item: Leftovers
|turn|5
|
|move|p2a: Magneton|Thunderbolt|p1a: Suicune
|-crit|p1a: Suicune
|-supereffective|p1a: Suicune
|-damage|p1a: Suicune|0 fnt
|faint|p1a: Suicune
|
|c|âLatias tho|o.O
|
|switch|p1a: Mienshao|Mienshao, M|271\/271
|turn|6
|c|âDMT|welp.
|
|switch|p2a: Crobat|Crobat, F|311\/311
|-damage|p2a: Crobat|234\/311|[from] Stealth Rock
|move|p1a: Mienshao|High Jump Kick|p2a: Crobat
|-resisted|p2a: Crobat
|-damage|p2a: Crobat|150\/311
|
|turn|7
|
|switch|p1a: Nidoqueen|Nidoqueen, F|23\/384
|move|p2a: Crobat|Defog|p1a: Nidoqueen
|-unboost|p1a: Nidoqueen|evasion|1
|-sideend|p2: DMT|Stealth Rock|[from] move: Defog|[of] p2a: Crobat
|
|turn|8
|
|move|p2a: Crobat|Acrobatics|p1a: Nidoqueen
|-crit|p1a: Nidoqueen
|-damage|p1a: Nidoqueen|0 fnt
|faint|p1a: Nidoqueen
|
|
|switch|p1a: Aerodactyl|Aerodactyl, M|301\/301
|-ability|p1a: Aerodactyl|Pressure
|turn|9
|
|detailschange|p1a: Aerodactyl|Aerodactyl-Mega, M
|message|Aerodactyl has Mega Evolved into Mega Aerodactyl!
|move|p1a: Aerodactyl|Pursuit|p2a: Crobat
|-damage|p2a: Crobat|65\/311
|move|p2a: Crobat|U-turn|p1a: Aerodactyl
|-resisted|p1a: Aerodactyl
|-damage|p1a: Aerodactyl|266\/301
|
|switch|p2a: Krookodile|Krookodile, F|331\/331
|
|turn|10
|
|switch|p1a: Espeon|Espeon, F|229\/272
|move|p2a: Krookodile|Stone Edge|p1a: Espeon
|-damage|p1a: Espeon|68\/272
|
|turn|11
|
|switch|p2a: Blissey|Blissey, F|714\/714
|move|p1a: Espeon|Dazzling Gleam|p2a: Blissey
|-damage|p2a: Blissey|641\/714
|
|turn|12
|
|move|p1a: Espeon|Baton Pass|p1a: Espeon
|
|switch|p1a: Darmanitan|Darmanitan, M|351\/351
|move|p2a: Blissey|Seismic Toss|p1a: Darmanitan
|-damage|p1a: Darmanitan|251\/351
|
|turn|13
|
|move|p1a: Darmanitan|Flare Blitz|p2a: Blissey
|-damage|p2a: Blissey|0 fnt
|-damage|p1a: Darmanitan|39\/351|[from] recoil|[of] p2a: Blissey
|faint|p2a: Blissey
|
|
|switch|p2a: Hydreigon|Hydreigon, F|325\/325
|turn|14
|c|âLatias tho|o.O
|
|switch|p1a: Espeon|Espeon, F|68\/272
|move|p2a: Hydreigon|Dragon Pulse|p1a: Espeon
|-damage|p1a: Espeon|0 fnt
|faint|p1a: Espeon
|
|
|switch|p1a: Mienshao|Mienshao, M|271\/271
|turn|15
|
|switch|p2a: Tentacruel|Tentacruel, M|345\/364
|move|p1a: Mienshao|U-turn|p2a: Tentacruel
|-resisted|p2a: Tentacruel
|-damage|p2a: Tentacruel|303\/364
|
|switch|p1a: Aerodactyl|Aerodactyl-Mega, M|266\/301
|
|-heal|p2a: Tentacruel|325\/364|[from] item: Black Sludge
|turn|16
|
|switch|p2a: Hydreigon|Hydreigon, F|325\/325
|move|p1a: Aerodactyl|Earthquake|p2a: Hydreigon
|-immune|p2a: Hydreigon|[msg]
|
|turn|17
|
|move|p2a: Hydreigon|Dragon Pulse|p1a: Aerodactyl
|-damage|p1a: Aerodactyl|106\/301
|move|p1a: Aerodactyl|Aerial Ace|p2a: Hydreigon
|-damage|p2a: Hydreigon|175\/325
|
|turn|18
|
|move|p2a: Hydreigon|Dragon Pulse|p1a: Aerodactyl
|-crit|p1a: Aerodactyl
|-damage|p1a: Aerodactyl|0 fnt
|faint|p1a: Aerodactyl
|
|
|switch|p1a: Mienshao|Mienshao, M|271\/271
|turn|19
|
|switch|p2a: Tentacruel|Tentacruel, M|325\/364
|move|p1a: Mienshao|U-turn|p2a: Tentacruel
|-resisted|p2a: Tentacruel
|-damage|p2a: Tentacruel|286\/364
|
|switch|p1a: Darmanitan|Darmanitan, M|39\/351
|
|-heal|p2a: Tentacruel|308\/364|[from] item: Black Sludge
|turn|20
|
|switch|p2a: Magneton|Magneton|241\/241
|move|p1a: Darmanitan|Flare Blitz|p2a: Magneton
|-supereffective|p2a: Magneton
|-damage|p2a: Magneton|0 fnt
|-damage|p1a: Darmanitan|0 fnt|[from] recoil|[of] p2a: Magneton
|faint|p2a: Magneton
|faint|p1a: Darmanitan
|
|
|switch|p1a: Mienshao|Mienshao, M|271\/271
|switch|p2a: Tentacruel|Tentacruel, M|308\/364
|turn|21
|
|move|p1a: Mienshao|High Jump Kick|p2a: Tentacruel
|-resisted|p2a: Tentacruel
|-damage|p2a: Tentacruel|176\/364
|move|p2a: Tentacruel|Scald|p1a: Mienshao
|-damage|p1a: Mienshao|162\/271
|
|-heal|p2a: Tentacruel|198\/364|[from] item: Black Sludge
|turn|22
|
|move|p1a: Mienshao|High Jump Kick|p2a: Tentacruel
|-resisted|p2a: Tentacruel
|-damage|p2a: Tentacruel|75\/364
|move|p2a: Tentacruel|Scald|p1a: Mienshao
|-damage|p1a: Mienshao|53\/271
|
|-heal|p2a: Tentacruel|97\/364|[from] item: Black Sludge
|turn|23
|c|âLatias tho|ok
|c|âLatias tho|dont burn
|
|move|p1a: Mienshao|High Jump Kick|p2a: Tentacruel
|-resisted|p2a: Tentacruel
|-damage|p2a: Tentacruel|0 fnt
|faint|p2a: Tentacruel
|
|c|âDMT|lel
|
|switch|p2a: Krookodile|Krookodile, F|331\/331
|turn|24
|join|roast toast
|
|move|p1a: Mienshao|High Jump Kick|p2a: Krookodile
|-crit|p2a: Krookodile
|-supereffective|p2a: Krookodile
|-damage|p2a: Krookodile|0 fnt
|faint|p2a: Krookodile
|
|join|YeLlOw...SkArMoRy
|
|switch|p2a: Crobat|Crobat, F|65\/311
|turn|25
|
|move|p1a: Mienshao|High Jump Kick|p2a: Crobat
|-resisted|p2a: Crobat
|-damage|p2a: Crobat|0 fnt
|faint|p2a: Crobat
|
|c|âDMT|welp
|c|âDMT|rip me
|
|switch|p2a: Hydreigon|Hydreigon, F|175\/325
|turn|26
|c|âLatias tho|gg
|c|âDMT|gg
|c|âLatias tho|:[
|
|move|p1a: Mienshao|High Jump Kick|p2a: Hydreigon
|-supereffective|p2a: Hydreigon
|-damage|p2a: Hydreigon|0 fnt
|faint|p2a: Hydreigon
|
|win|Latias tho
|raw|Ladder updating...
|c| YeLlOw...SkArMoRy|miss here
|leave|DMT
|player|p2
|raw|Latias tho's rating: 1488 &rarr; <strong>1511<\/strong><br \/>(+23 for winning)
|raw|DMT's rating: 1536 &rarr; <strong>1513<\/strong><br \/>(-23 for losing)
|leave|roast toast
|leave|sniperaim
|leave|YeLlOw...SkArMoRy