|join|Latias tho
|join|SpecsSwampert
|player|p1|Latias tho|217
|player|p2|SpecsSwampert|52
|gametype|singles
|gen|6
|tier|UU
|rated
|rule|Sleep Clause Mod: Limit one foe put to sleep
|rule|Species Clause: Limit one of each PokÃ©mon
|rule|OHKO Clause: OHKO moves are banned
|rule|Moody Clause: Moody is banned
|rule|Evasion Moves Clause: Evasion moves are banned
|rule|Endless Battle Clause: Forcing endless battles is banned
|rule|HP Percentage Mod: HP is shown in percentages
|clearpoke
|poke|p1|Ampharos, F
|poke|p1|Gligar, F
|poke|p1|Vaporeon, F
|poke|p1|Forretress, F
|poke|p1|Whimsicott, F
|poke|p1|Mienshao, F
|poke|p2|Mienshao, M
|poke|p2|Suicune
|poke|p2|Porygon2
|poke|p2|Jirachi
|poke|p2|Donphan, F
|poke|p2|Pidgeot, M
|rule|Swagger Clause: Swagger is banned
|rule|Baton Pass Clause: Limit one PokÃ©mon knowing Baton Pass
|teampreview
|
|start
|switch|p1a: Ampharos|Ampharos, F|369\/369
|switch|p2a: Jirachi|Jirachi|341\/341
|turn|1
|join|Cynde
|
|detailschange|p1a: Ampharos|Ampharos-Mega, F
|-mega|p1a: Ampharos|Ampharos|Ampharosite
|-ability|p1a: Ampharos|Mold Breaker
|move|p2a: Jirachi|U-turn|p1a: Ampharos
|-damage|p1a: Ampharos|307\/369
|
|switch|p2a: Porygon2|Porygon2|373\/373
|-ability|p2a: Porygon2|Mold Breaker|[from] ability: Trace|[of] p1a: Ampharos
|-ability|p2a: Porygon2|Mold Breaker
|move|p1a: Ampharos|Volt Switch|p2a: Porygon2
|-damage|p2a: Porygon2|286\/373
|
|switch|p1a: Mienshao|Mienshao, F|271\/271
|
|turn|2
|
|switch|p2a: Suicune|Suicune|404\/404
|-ability|p2a: Suicune|Pressure
|move|p1a: Mienshao|U-turn|p2a: Suicune
|-damage|p2a: Suicune|348\/404
|
|switch|p1a: Ampharos|Ampharos-Mega, F|307\/369
|-ability|p1a: Ampharos|Mold Breaker
|
|-heal|p2a: Suicune|373\/404|[from] item: Leftovers
|turn|3
|
|switch|p2a: Porygon2|Porygon2|286\/373
|-ability|p2a: Porygon2|Mold Breaker|[from] ability: Trace|[of] p1a: Ampharos
|-ability|p2a: Porygon2|Mold Breaker
|move|p1a: Ampharos|Dragon Pulse|p2a: Porygon2
|-damage|p2a: Porygon2|181\/373
|
|turn|4
|
|move|p2a: Porygon2|Recover|p2a: Porygon2
|-heal|p2a: Porygon2|368\/373
|move|p1a: Ampharos|Volt Switch|p2a: Porygon2
|-damage|p2a: Porygon2|281\/373
|
|switch|p1a: Mienshao|Mienshao, F|271\/271
|
|turn|5
|
|move|p1a: Mienshao|Knock Off|p2a: Porygon2
|-damage|p2a: Porygon2|196\/373
|-enditem|p2a: Porygon2|Eviolite|[from] move: Knock Off|[of] p1a: Mienshao
|move|p2a: Porygon2|Discharge|p1a: Mienshao
|-damage|p1a: Mienshao|165\/271
|
|turn|6
|
|switch|p1a: Gligar|Gligar, F|333\/333
|switch|p2a: Donphan|Donphan, F|384\/384
|
|turn|7
|
|move|p1a: Gligar|Stealth Rock|p2a: Donphan
|-sidestart|p2: SpecsSwampert|move: Stealth Rock
|move|p2a: Donphan|Stealth Rock|p1a: Gligar
|-sidestart|p1: Latias tho|move: Stealth Rock
|
|turn|8
|
|move|p1a: Gligar|U-turn|p2a: Donphan
|-damage|p2a: Donphan|357\/384
|
|switch|p1a: Forretress|Forretress, F|353\/353
|-damage|p1a: Forretress|309\/353|[from] Stealth Rock
|move|p2a: Donphan|Rapid Spin|p1a: Forretress
|-resisted|p1a: Forretress
|-damage|p1a: Forretress|302\/353
|-sideend|p2: SpecsSwampert|Stealth Rock|[from] move: Rapid Spin|[of] p2a: Donphan
|
|-heal|p2a: Donphan|381\/384|[from] item: Leftovers
|-heal|p1a: Forretress|324\/353|[from] item: Leftovers
|turn|9
|
|switch|p2a: Pidgeot|Pidgeot, M|307\/307
|move|p1a: Forretress|Toxic|p2a: Pidgeot
|-status|p2a: Pidgeot|tox
|
|-heal|p1a: Forretress|346\/353|[from] item: Leftovers
|-damage|p2a: Pidgeot|288\/307 tox|[from] psn
|turn|10
|
|switch|p1a: Ampharos|Ampharos-Mega, F|307\/369
|-damage|p1a: Ampharos|261\/369|[from] Stealth Rock
|-ability|p1a: Ampharos|Mold Breaker
|detailschange|p2a: Pidgeot|Pidgeot-Mega, M
|-mega|p2a: Pidgeot|Pidgeot|Pidgeotite
|move|p2a: Pidgeot|Hurricane|p1a: Ampharos
|-resisted|p1a: Ampharos
|-damage|p1a: Ampharos|174\/369
|
|-damage|p2a: Pidgeot|250\/307 tox|[from] psn
|turn|11
|
|move|p2a: Pidgeot|U-turn|p1a: Ampharos
|-damage|p1a: Ampharos|125\/369
|
|switch|p2a: Porygon2|Porygon2|196\/373
|-ability|p2a: Porygon2|Mold Breaker|[from] ability: Trace|[of] p1a: Ampharos
|-ability|p2a: Porygon2|Mold Breaker
|move|p1a: Ampharos|Dragon Pulse|p2a: Porygon2
|-damage|p2a: Porygon2|58\/373
|
|turn|12
|
|move|p2a: Porygon2|Ice Beam|p1a: Ampharos
|-supereffective|p1a: Ampharos
|-damage|p1a: Ampharos|0 fnt
|faint|p1a: Ampharos
|
|
|switch|p1a: Mienshao|Mienshao, F|165\/271
|-damage|p1a: Mienshao|149\/271|[from] Stealth Rock
|turn|13
|
|move|p1a: Mienshao|U-turn|p2a: Porygon2
|-damage|p2a: Porygon2|0 fnt
|faint|p2a: Porygon2
|
|switch|p1a: Vaporeon|Vaporeon, F|464\/464
|-damage|p1a: Vaporeon|406\/464|[from] Stealth Rock
|
|-heal|p1a: Vaporeon|435\/464|[from] item: Leftovers
|
|switch|p2a: Jirachi|Jirachi|341\/341
|turn|14
|
|move|p1a: Vaporeon|Protect|p1a: Vaporeon
|-singleturn|p1a: Vaporeon|Protect
|move|p2a: Jirachi|Trick|p1a: Vaporeon
|-activate|p1a: Vaporeon|Protect
|
|-heal|p1a: Vaporeon|464\/464|[from] item: Leftovers
|turn|15
|
|switch|p2a: Pidgeot|Pidgeot-Mega, M|250\/307 tox
|switch|p1a: Mienshao|Mienshao, F|149\/271
|-damage|p1a: Mienshao|133\/271|[from] Stealth Rock
|
|-damage|p2a: Pidgeot|231\/307 tox|[from] psn
|turn|16
|
|move|p1a: Mienshao|High Jump Kick|p2a: Pidgeot
|-damage|p2a: Pidgeot|0 fnt
|faint|p2a: Pidgeot
|
|c| Cyndequil|rip threat
|join|BoxedOccaBerrys
|c|âSpecsSwampert|how did I not see that coming
|c|âLatias tho|i should make
|c|âLatias tho|banded fake out mineshao
|
|switch|p2a: Suicune|Suicune|373\/404
|-ability|p2a: Suicune|Pressure
|turn|17
|c|âLatias tho|hits stupidly hard apparently
|c|âSpecsSwampert|cool
|c|âLatias tho|y\/n cynde?
|c| Cyndequil|lol
|
|switch|p1a: Vaporeon|Vaporeon, F|464\/464
|-damage|p1a: Vaporeon|406\/464|[from] Stealth Rock
|move|p2a: Suicune|Ice Beam|p1a: Vaporeon
|-crit|p1a: Vaporeon
|-resisted|p1a: Vaporeon
|-damage|p1a: Vaporeon|358\/464
|
|-heal|p2a: Suicune|398\/404|[from] item: Leftovers
|-heal|p1a: Vaporeon|387\/464|[from] item: Leftovers
|turn|18
|c| Cyndequil|more of an overprediction probably
|c|âLatias tho|ooh
|
|switch|p2a: Jirachi|Jirachi|341\/341
|move|p1a: Vaporeon|Baton Pass|p1a: Vaporeon
|
|switch|p1a: Gligar|Gligar, F|333\/333
|-damage|p1a: Gligar|292\/333|[from] Stealth Rock
|
|turn|19
|
|move|p2a: Jirachi|Trick|p1a: Gligar
|-activate|p2a: Jirachi|move: Trick|[of] p1a: Gligar
|-item|p1a: Gligar|Choice Scarf|[from] move: Trick
|-item|p2a: Jirachi|Eviolite|[from] move: Trick
|move|p1a: Gligar|U-turn|p2a: Jirachi
|-damage|p2a: Jirachi|296\/341
|
|switch|p1a: Vaporeon|Vaporeon, F|387\/464
|-damage|p1a: Vaporeon|329\/464|[from] Stealth Rock
|
|-heal|p1a: Vaporeon|358\/464|[from] item: Leftovers
|turn|20
|join|BoxedTestingBerrys
|
|move|p2a: Jirachi|Iron Head|p1a: Vaporeon
|-resisted|p1a: Vaporeon
|-damage|p1a: Vaporeon|292\/464
|cant|p1a: Vaporeon|flinch
|
|-heal|p1a: Vaporeon|321\/464|[from] item: Leftovers
|turn|21
|
|move|p2a: Jirachi|U-turn|p1a: Vaporeon
|-damage|p1a: Vaporeon|251\/464
|
|switch|p2a: Mienshao|Mienshao, M|271\/271
|move|p1a: Vaporeon|Wish|p1a: Vaporeon
|
|-heal|p1a: Vaporeon|280\/464|[from] item: Leftovers
|turn|22
|
|move|p2a: Mienshao|Knock Off|p1a: Vaporeon
|-damage|p1a: Vaporeon|134\/464
|-enditem|p1a: Vaporeon|Leftovers|[from] move: Knock Off|[of] p2a: Mienshao
|-damage|p2a: Mienshao|244\/271|[from] item: Life Orb
|move|p1a: Vaporeon|Scald|p2a: Mienshao
|-damage|p2a: Mienshao|87\/271
|
|-heal|p1a: Vaporeon|366\/464|[from] move: Wish|[wisher] Vaporeon
|turn|23
|c|âLatias tho|rip
|c|âSpecsSwampert|cry evrytim
|c| Cyndequil|rip gligar 2014
|c|âLatias tho|did too much
|
|move|p1a: Vaporeon|Protect|p1a: Vaporeon
|-singleturn|p1a: Vaporeon|Protect
|move|p2a: Mienshao|U-turn|p1a: Vaporeon
|-activate|p1a: Vaporeon|Protect
|
|turn|24
|c|âLatias tho|mm
|c|âLatias tho|double protect
|c|âLatias tho|predicting the hjk
|c| Cyndequil|.-.
|c|âLatias tho|n_____n
|
|move|p2a: Mienshao|U-turn|p1a: Vaporeon
|-damage|p1a: Vaporeon|261\/464
|-damage|p2a: Mienshao|60\/271|[from] item: Life Orb
|c|âLatias tho|o
|
|switch|p2a: Jirachi|Jirachi|296\/341
|move|p1a: Vaporeon|Scald|p2a: Jirachi
|-damage|p2a: Jirachi|190\/341
|-status|p2a: Jirachi|brn
|
|-damage|p2a: Jirachi|148\/341 brn|[from] brn
|turn|25
|c|âLatias tho|k
|c|âLatias tho|burn
|c|âLatias tho|yes
|c|âSpecsSwampert|ok then
|c|âLatias tho|tbh i just
|c|âLatias tho|needed u in range of hjk
|c|âLatias tho|but added bonus
|
|switch|p1a: Gligar|Gligar, F|292\/333
|-damage|p1a: Gligar|251\/333|[from] Stealth Rock
|move|p2a: Jirachi|U-turn|p1a: Gligar
|-resisted|p1a: Gligar
|-damage|p1a: Gligar|236\/333
|
|switch|p2a: Suicune|Suicune|398\/404
|-ability|p2a: Suicune|Pressure
|
|-heal|p2a: Suicune|404\/404|[from] item: Leftovers
|turn|26
|
|move|p1a: Gligar|U-turn|p2a: Suicune
|-damage|p2a: Suicune|376\/404
|
|switch|p1a: Vaporeon|Vaporeon, F|261\/464
|-damage|p1a: Vaporeon|203\/464|[from] Stealth Rock
|move|p2a: Suicune|Ice Beam|p1a: Vaporeon
|-resisted|p1a: Vaporeon
|-damage|p1a: Vaporeon|171\/464
|
|-heal|p2a: Suicune|401\/404|[from] item: Leftovers
|turn|27
|
|switch|p2a: Mienshao|Mienshao, M|150\/271
|move|p1a: Vaporeon|Baton Pass|p1a: Vaporeon
|c|âSpecsSwampert|is it ok if I forfeit now?
|
|switch|p1a: Forretress|Forretress, F|346\/353
|-damage|p1a: Forretress|302\/353|[from] Stealth Rock
|
|-heal|p1a: Forretress|324\/353|[from] item: Leftovers
|turn|28
|c|âLatias tho|yes
|c|âLatias tho|fine with me
|
|move|p2a: Mienshao|High Jump Kick|p1a: Forretress
|-damage|p1a: Forretress|106\/353
|-damage|p2a: Mienshao|123\/271|[from] item: Life Orb
|move|p1a: Forretress|Volt Switch|p2a: Mienshao
|-damage|p2a: Mienshao|65\/271
|
|switch|p1a: Whimsicott|Whimsicott, F|261\/261
|-damage|p1a: Whimsicott|229\/261|[from] Stealth Rock
|
|turn|29
|
|move|p1a: Whimsicott|Giga Drain|p2a: Mienshao
|-damage|p2a: Mienshao|0 fnt
|-heal|p1a: Whimsicott|261\/261|[from] drain|[of] p2a: Mienshao
|faint|p2a: Mienshao
|
|
|switch|p2a: Jirachi|Jirachi|148\/341 brn
|turn|30
|
|move|p1a: Whimsicott|U-turn|p2a: Jirachi
|-damage|p2a: Jirachi|111\/341 brn
|
|switch|p1a: Forretress|Forretress, F|106\/353
|-damage|p1a: Forretress|62\/353|[from] Stealth Rock
|move|p2a: Jirachi|Ice Punch|p1a: Forretress
|-resisted|p1a: Forretress
|-damage|p1a: Forretress|47\/353
|
|-heal|p1a: Forretress|69\/353|[from] item: Leftovers
|-damage|p2a: Jirachi|69\/341 brn|[from] brn
|turn|31
|
|move|p2a: Jirachi|Iron Head|p1a: Forretress
|-resisted|p1a: Forretress
|-damage|p1a: Forretress|48\/353
|move|p1a: Forretress|Rapid Spin|p2a: Jirachi
|-resisted|p2a: Jirachi
|-damage|p2a: Jirachi|62\/341 brn
|-sideend|p1: Latias tho|Stealth Rock|[from] move: Rapid Spin|[of] p1a: Forretress
|
|-heal|p1a: Forretress|70\/353|[from] item: Leftovers
|-damage|p2a: Jirachi|20\/341 brn|[from] brn
|turn|32
|
|move|p2a: Jirachi|Trick|p1a: Forretress
|-activate|p2a: Jirachi|move: Trick|[of] p1a: Forretress
|-item|p1a: Forretress|Eviolite|[from] move: Trick
|-item|p2a: Jirachi|Leftovers|[from] move: Trick
|move|p1a: Forretress|Rapid Spin|p2a: Jirachi
|-resisted|p2a: Jirachi
|-damage|p2a: Jirachi|13\/341 brn
|
|-heal|p2a: Jirachi|34\/341 brn|[from] item: Leftovers
|-damage|p2a: Jirachi|0 fnt|[from] brn
|faint|p2a: Jirachi
|
|switch|p2a: Donphan|Donphan, F|381\/384
|turn|33
|
|move|p2a: Donphan|Stone Edge|p1a: Forretress|[miss]
|-miss|p2a: Donphan|p1a: Forretress
|move|p1a: Forretress|Toxic|p2a: Donphan
|-status|p2a: Donphan|tox
|
|-heal|p2a: Donphan|384\/384 tox|[from] item: Leftovers
|-damage|p2a: Donphan|360\/384 tox|[from] psn
|turn|34
|
|move|p2a: Donphan|Stone Edge|p1a: Forretress
|-crit|p1a: Forretress
|-damage|p1a: Forretress|0 fnt
|faint|p1a: Forretress
|
|-heal|p2a: Donphan|384\/384 tox|[from] item: Leftovers
|-damage|p2a: Donphan|336\/384 tox|[from] psn
|
|switch|p1a: Vaporeon|Vaporeon, F|171\/464
|turn|35
|
|move|p1a: Vaporeon|Wish|p1a: Vaporeon
|move|p2a: Donphan|Earthquake|p1a: Vaporeon
|-damage|p1a: Vaporeon|33\/464
|
|-heal|p2a: Donphan|360\/384 tox|[from] item: Leftovers
|-damage|p2a: Donphan|288\/384 tox|[from] psn
|turn|36
|
|move|p1a: Vaporeon|Baton Pass|p1a: Vaporeon
|
|switch|p1a: Whimsicott|Whimsicott, F|261\/261
|move|p2a: Donphan|Stealth Rock|p1a: Whimsicott
|-sidestart|p1: Latias tho|move: Stealth Rock
|
|-heal|p2a: Donphan|312\/384 tox|[from] item: Leftovers
|-damage|p2a: Donphan|216\/384 tox|[from] psn
|turn|37
|
|move|p1a: Whimsicott|Giga Drain|p2a: Donphan
|-supereffective|p2a: Donphan
|-damage|p2a: Donphan|0 fnt
|faint|p2a: Donphan
|
|
|switch|p2a: Suicune|Suicune|401\/404
|-ability|p2a: Suicune|Pressure
|turn|38
|
|move|p1a: Whimsicott|Giga Drain|p2a: Suicune
|-supereffective|p2a: Suicune
|-damage|p2a: Suicune|191\/404
|move|p2a: Suicune|Ice Beam|p1a: Whimsicott
|-supereffective|p1a: Whimsicott
|-damage|p1a: Whimsicott|99\/261
|
|-heal|p2a: Suicune|216\/404|[from] item: Leftovers
|turn|39
|c|âLatias tho|ooh
|
|move|p1a: Whimsicott|Giga Drain|p2a: Suicune
|-supereffective|p2a: Suicune
|-damage|p2a: Suicune|16\/404
|-heal|p1a: Whimsicott|199\/261|[from] drain|[of] p2a: Suicune
|move|p2a: Suicune|Ice Beam|p1a: Whimsicott
|-supereffective|p1a: Whimsicott
|-damage|p1a: Whimsicott|23\/261
|-status|p1a: Whimsicott|frz
|
|-heal|p2a: Suicune|41\/404|[from] item: Leftovers
|turn|40
|c|âLatias tho|actually did half
|c|âSpecsSwampert|wooo
|c|âLatias tho|smh
|
|switch|p1a: Vaporeon|Vaporeon, F|33\/464
|-damage|p1a: Vaporeon|0 fnt|[from] Stealth Rock
|faint|p1a: Vaporeon
|move|p2a: Suicune|Rest|p2a: Suicune
|-status|p2a: Suicune|slp
|-heal|p2a: Suicune|404\/404 slp|[silent]
|-status|p2a: Suicune|slp|[from] move: Rest
|
|
|switch|p1a: Mienshao|Mienshao, F|133\/271
|-damage|p1a: Mienshao|117\/271|[from] Stealth Rock
|turn|41
|c|âLatias tho|fuck
|c| Cyndequil|that terribad hax
|c| Cyndequil|0\/10
|
|move|p1a: Mienshao|High Jump Kick|p2a: Suicune
|-damage|p2a: Suicune|224\/404 slp
|cant|p2a: Suicune|slp
|move|p2a: Suicune|Sleep Talk|p2a: Suicune
|move|p2a: Suicune|Ice Beam|p1a: Mienshao|[from]Sleep Talk
|-damage|p1a: Mienshao|24\/271
|
|-heal|p2a: Suicune|249\/404 slp|[from] item: Leftovers
|turn|42
|c|âLatias tho|am i gonna lose
|c| Cyndequil|yes
|c|âSpecsSwampert|that was insanely lucky
|c|âLatias tho|ok
|
|move|p1a: Mienshao|High Jump Kick|p2a: Suicune|[miss]
|-miss|p1a: Mienshao|p2a: Suicune
|-damage|p1a: Mienshao|0 fnt|[from] highjumpkick
|faint|p1a: Mienshao
|cant|p2a: Suicune|slp
|move|p2a: Suicune|Sleep Talk|p2a: Suicune
|move|p2a: Suicune|Rest|p2a: Suicune|[from]Sleep Talk
|-fail|p2a: Suicune
|
|-heal|p2a: Suicune|274\/404 slp|[from] item: Leftovers
|c|âLatias tho|i won't lose
|c|âLatias tho|NOOOOO
|c|âSpecsSwampert|uh oh
|c|âLatias tho|fuck
|c|âSpecsSwampert|sorry man
|c| Cyndequil|now you know my feels
|
|switch|p1a: Gligar|Gligar, F|236\/333
|-damage|p1a: Gligar|195\/333|[from] Stealth Rock
|turn|43
|c|âLatias tho|yoooo
|c|âLatias tho|what is this even
|
|move|p1a: Gligar|Earthquake|p2a: Suicune
|-damage|p2a: Suicune|208\/404 slp
|-curestatus|p2a: Suicune|slp
|move|p2a: Suicune|Ice Beam|p1a: Gligar
|-supereffective|p1a: Gligar
|-damage|p1a: Gligar|0 fnt
|faint|p1a: Gligar
|
|-heal|p2a: Suicune|233\/404|[from] item: Leftovers
|c|âSpecsSwampert|I'm so glad I didn't forfeit now
|
|switch|p1a: Whimsicott|Whimsicott, F|23\/261 frz
|-damage|p1a: Whimsicott|0 fnt|[from] Stealth Rock
|faint|p1a: Whimsicott
|
|win|SpecsSwampert
|raw|Ladder updating...
|c|âSpecsSwampert|gg
|raw|Latias tho's rating: 1478 &rarr; <strong>1447<\/strong><br \/>(-31 for losing)
|raw|SpecsSwampert's rating: 1266 &rarr; <strong>1304<\/strong><br \/>(+38 for winning)
|c|âLatias tho|bg imo
|c|âLatias tho|:[
|c|âSpecsSwampert|sorry
|c|âSpecsSwampert|for the freeze
|c|âLatias tho|i still could have won
|c|âLatias tho|if the hjk didn't miss
|c|âSpecsSwampert|yeah
|c|âLatias tho|cuz eq would have killed
|c|âSpecsSwampert|yeah, I was worried about if it would kill