|join|Vaahl
|join|Latias tho
|player|p1|Vaahl|102
|player|p2|Latias tho|217
|gametype|singles
|gen|6
|tier|UU
|rated
|rule|Sleep Clause Mod: Limit one foe put to sleep
|rule|Species Clause: Limit one of each PokÃ©mon
|rule|OHKO Clause: OHKO moves are banned
|rule|Moody Clause: Moody is banned
|rule|Evasion Moves Clause: Evasion moves are banned
|rule|Endless Battle Clause: Forcing endless battles is banned
|rule|HP Percentage Mod: HP is shown in percentages
|clearpoke
|poke|p1|Electrode
|poke|p1|Fearow, F
|poke|p1|Dusknoir, M
|poke|p1|Florges, F
|poke|p1|Slaking, M
|poke|p1|Mienshao, F
|poke|p2|Lopunny, M
|poke|p2|Celebi
|poke|p2|Aromatisse, M
|poke|p2|Jirachi
|poke|p2|Gligar, M
|poke|p2|Hydreigon, F
|rule|Swagger Clause: Swagger is banned
|rule|Baton Pass Clause: Limit one PokÃ©mon knowing Baton Pass
|teampreview
|
|start
|switch|p1a: Electrode|Electrode|261\/261
|switch|p2a: Lopunny|Lopunny, M|272\/272
|turn|1
|join|Its HOT in Topeka
|join|Truth In Lies
|
|switch|p1a: Explosive Fearow|Fearow, F|272\/272
|detailschange|p2a: Lopunny|Lopunny-Mega, M
|message|Lopunny has Mega Evolved into Mega Lopunny!
|move|p2a: Lopunny|Fake Out|p1a: Explosive Fearow
|-damage|p1a: Explosive Fearow|158\/272
|
|turn|2
|c| Its HOT in Topeka|latios
|c|âLatias tho|inb4 some scarf shit
|c| Its HOT in Topeka|ur using aromatisse
|
|move|p1a: Explosive Fearow|Pursuit|p2a: Lopunny|[from]Pursuit
|-resisted|p2a: Lopunny
|-damage|p2a: Lopunny|226\/272
|switch|p2a: Jirachi|Jirachi|341\/341
|
|turn|3
|c|âLatias tho|ok
|c|âLatias tho|ok
|c| Its HOT in Topeka|so ur automatically gonna win
|c| Truth In Lies|oooooooooooooooooooooooooooooooooooooooooooooooooooooooooooooooooooooooooooooooo
|c| Truth In Lies|ooooooooooooooooooooooooooooooooooooooooooooooooooooooooooooooooooooooooooooooooo
|c|âLatias tho|what a play
|
|move|p2a: Jirachi|Iron Head|p1a: Explosive Fearow
|-damage|p1a: Explosive Fearow|0 fnt
|faint|p1a: Explosive Fearow
|
|c|âLatias tho|man kreme
|c|âLatias tho|this man is too good
|c|âLatias tho|there goes my streak
|
|switch|p1a: Explosive Mienshao|Mienshao, F|271\/271
|turn|4
|join|Eyan
|join|David10000
|c|âLatias tho|man eyan look at turn 2
|c|âLatias tho|such a play
|c|âLatias tho|n_n
|
|switch|p2a: Aromatisse|Aromatisse, M|406\/406
|move|p1a: Explosive Mienshao|Poison Jab|p2a: Aromatisse
|-supereffective|p2a: Aromatisse
|-damage|p2a: Aromatisse|242\/406
|-damage|p1a: Explosive Mienshao|244\/271|[from] item: Life Orb
|
|-heal|p2a: Aromatisse|267\/406|[from] item: Leftovers
|turn|5
|leave|Truth In Lies
|c| Its HOT in Topeka|ooooo
|
|move|p1a: Explosive Mienshao|Poison Jab|p2a: Aromatisse
|-supereffective|p2a: Aromatisse
|-damage|p2a: Aromatisse|90\/406
|-damage|p1a: Explosive Mienshao|217\/271|[from] item: Life Orb
|move|p2a: Aromatisse|Wish|p2a: Aromatisse
|
|-heal|p2a: Aromatisse|115\/406|[from] item: Leftovers
|turn|6
|c| Its HOT in Topeka|not bad
|
|move|p2a: Aromatisse|Protect|p2a: Aromatisse
|-singleturn|p2a: Aromatisse|Protect
|move|p1a: Explosive Mienshao|Poison Jab|p2a: Aromatisse
|-activate|p2a: Aromatisse|Protect
|
|-heal|p2a: Aromatisse|318\/406|[from] move: Wish|[wisher] Aromatisse
|-heal|p2a: Aromatisse|343\/406|[from] item: Leftovers
|turn|7
|c|âLatias tho|m9
|join|Truth In Lies
|
|move|p1a: Explosive Mienshao|Poison Jab|p2a: Aromatisse
|-supereffective|p2a: Aromatisse
|-damage|p2a: Aromatisse|156\/406
|-status|p2a: Aromatisse|psn
|-damage|p1a: Explosive Mienshao|190\/271|[from] item: Life Orb
|move|p2a: Aromatisse|Moonblast|p1a: Explosive Mienshao
|-supereffective|p1a: Explosive Mienshao
|-damage|p1a: Explosive Mienshao|0 fnt
|faint|p1a: Explosive Mienshao
|
|-heal|p2a: Aromatisse|181\/406 psn|[from] item: Leftovers
|-damage|p2a: Aromatisse|131\/406 psn|[from] psn
|c|âLatias tho|nooo
|c| Its HOT in Topeka|stop makin predictable plays
|c| Truth In Lies|ooooooooooooooooooooooooooooooooooooooooooooooooooooooooooooooooooooooooooooooooo
|c| Truth In Lies|oooooooooooooooooooooooooooooooooooooooooooooooooooooooooooooooooooooooooooooooooo
|
|switch|p1a: Explosive Florges|Florges, F|360\/360
|turn|8
|c|âLatias tho|oooooooooooooooooooooooooooooooooooooooooooooooooooooooooooooooooooooooooooooooooo
|c|âLatias tho|oooooooooooooooooooooooooooooooooooooooooooooooooooooooooooooooooooooooooooooooooo
|c|âLatias tho|oooooooooooooooooooooooooooooooooooooooooooooooooooooooooooooooooooooooooooooooooo
|c|âLatias tho|oooooooooooooooooooooooooooooooooooooooooooooooooooooooooooooooooooooooooooooooooo
|c|âLatias tho|oooooooooooooooooooooooooooooooooooooooooooooooooooooooooooooooooooooooooooooooooo
|
|switch|p2a: Jirachi|Jirachi|341\/341
|move|p1a: Explosive Florges|Moonblast|p2a: Jirachi
|-resisted|p2a: Jirachi
|-damage|p2a: Jirachi|269\/341
|
|turn|9
|
|switch|p1a: Electrode|Electrode|261\/261
|move|p2a: Jirachi|U-turn|p1a: Electrode
|-damage|p1a: Electrode|165\/261
|
|switch|p2a: Lopunny|Lopunny-Mega, M|226\/272
|
|-heal|p1a: Electrode|181\/261|[from] item: Leftovers
|turn|10
|
|move|p2a: Lopunny|Return|p1a: Electrode
|-damage|p1a: Electrode|0 fnt
|-status|p2a: Lopunny|par
|faint|p1a: Electrode
|
|c|âLatias tho|FUCK
|
|switch|p1a: Explosive Dusknoir|Dusknoir, M|294\/294
|-item|p2a: Lopunny|Lopunnite|[from] ability: Frisk|[of] p1a: Explosive Dusknoir|[identify]
|turn|11
|
|switch|p2a: Hydreigon|Hydreigon, F|325\/325
|move|p1a: Explosive Dusknoir|Will-O-Wisp|p2a: Hydreigon
|-status|p2a: Hydreigon|brn
|
|-damage|p2a: Hydreigon|285\/325 brn|[from] brn
|turn|12
|c| Eyan|not even max speed electrode
|
|switch|p2a: Aromatisse|Aromatisse, M|131\/406 psn
|switch|p1a: Explosive Florges|Florges, F|360\/360
|
|-heal|p2a: Aromatisse|156\/406 psn|[from] item: Leftovers
|-damage|p2a: Aromatisse|106\/406 psn|[from] psn
|turn|13
|c|âLatias tho|Lopunny is paralyzed! It may be unable to move!
|c|âLatias tho|kill
|c|âLatias tho|wait fuck
|
|move|p1a: Explosive Florges|Moonblast|p2a: Aromatisse
|-damage|p2a: Aromatisse|0 fnt
|faint|p2a: Aromatisse
|
|c|âLatias tho|noooo
|c|âLatias tho|i fucked up
|
|switch|p2a: Jirachi|Jirachi|269\/341
|turn|14
|c| Eyan|nice
|c| Eyan|play
|
|move|p2a: Jirachi|Iron Head|p1a: Explosive Florges
|-supereffective|p1a: Explosive Florges
|-damage|p1a: Explosive Florges|58\/360
|cant|p1a: Explosive Florges|flinch
|
|-heal|p1a: Explosive Florges|80\/360|[from] item: Leftovers
|turn|15
|c|âLatias tho|inb4 i lose to this garbaje
|
|switch|p1a: Explosive Slaking|Slaking, M|442\/442
|move|p2a: Jirachi|Iron Head|p1a: Explosive Slaking
|-damage|p1a: Explosive Slaking|325\/442
|
|-heal|p1a: Explosive Slaking|352\/442|[from] item: Leftovers
|turn|16
|
|switch|p2a: Celebi|Celebi|341\/341
|move|p1a: Explosive Slaking|Brick Break|p2a: Celebi
|-resisted|p2a: Celebi
|-damage|p2a: Celebi|289\/341
|
|-heal|p2a: Celebi|310\/341|[from] item: Leftovers
|-heal|p1a: Explosive Slaking|379\/442|[from] item: Leftovers
|turn|17
|
|move|p2a: Celebi|Swords Dance|p2a: Celebi
|-boost|p2a: Celebi|atk|2
|cant|p1a: Explosive Slaking|ability: Truant|Fire Punch
|
|-heal|p1a: Explosive Slaking|406\/442|[from] item: Leftovers
|-heal|p2a: Celebi|331\/341|[from] item: Leftovers
|turn|18
|
|move|p1a: Explosive Slaking|Fire Punch|p2a: Celebi
|-supereffective|p2a: Celebi
|-damage|p2a: Celebi|121\/341
|move|p2a: Celebi|Zen Headbutt|p1a: Explosive Slaking
|-damage|p1a: Explosive Slaking|186\/442
|
|-heal|p1a: Explosive Slaking|213\/442|[from] item: Leftovers
|-heal|p2a: Celebi|142\/341|[from] item: Leftovers
|turn|19
|c| SxC Joker|weak
|c|âLatias tho|^
|
|switch|p1a: Explosive Dusknoir|Dusknoir, M|294\/294
|-item|p2a: Celebi|Leftovers|[from] ability: Frisk|[of] p1a: Explosive Dusknoir|[identify]
|move|p2a: Celebi|Zen Headbutt|p1a: Explosive Dusknoir
|-damage|p1a: Explosive Dusknoir|150\/294
|
|-heal|p2a: Celebi|163\/341|[from] item: Leftovers
|turn|20
|c|âLatias tho|ok
|c|âLatias tho|time to flinch
|c|âLatias tho|this man
|
|switch|p1a: Explosive Slaking|Slaking, M|213\/442
|move|p2a: Celebi|Zen Headbutt|p1a: Explosive Slaking
|-damage|p1a: Explosive Slaking|0 fnt
|faint|p1a: Explosive Slaking
|
|-heal|p2a: Celebi|184\/341|[from] item: Leftovers
|
|switch|p1a: Explosive Dusknoir|Dusknoir, M|150\/294
|-item|p2a: Celebi|Leftovers|[from] ability: Frisk|[of] p1a: Explosive Dusknoir|[identify]
|turn|21
|
|move|p2a: Celebi|Seed Bomb|p1a: Explosive Dusknoir
|-damage|p1a: Explosive Dusknoir|11\/294
|move|p1a: Explosive Dusknoir|Hex|p2a: Celebi
|-supereffective|p2a: Celebi
|-damage|p2a: Celebi|76\/341
|-heal|p1a: Explosive Dusknoir|24\/294|[from] item: Shell Bell|[of] p2a: Celebi
|
|-heal|p2a: Celebi|97\/341|[from] item: Leftovers
|turn|22
|join|brokenwings
|
|move|p2a: Celebi|Seed Bomb|p1a: Explosive Dusknoir
|-damage|p1a: Explosive Dusknoir|0 fnt
|faint|p1a: Explosive Dusknoir
|
|-heal|p2a: Celebi|118\/341|[from] item: Leftovers
|c|âLatias tho|man gotta save these plays
|
|switch|p1a: Explosive Florges|Florges, F|80\/360
|turn|23
|
|move|p2a: Celebi|Seed Bomb|p1a: Explosive Florges
|-damage|p1a: Explosive Florges|0 fnt
|faint|p1a: Explosive Florges
|
|win|Latias tho
|raw|Ladder updating...
|raw|Vaahl's rating: 1042 &rarr; <strong>1030<\/strong><br \/>(-12 for losing)
|raw|Latias tho's rating: 1138 &rarr; <strong>1157<\/strong><br \/>(+19 for winning)
|c| SxC Joker|You didn't get a 6-0, hence you're bad
|c|âLatias tho|sry man
|leave|brokenwings
|c|âLatias tho|not good enough
|leave|David10000
|leave|SxC Joker