|join|Pheonixmaster
|join|Latias tho
|player|p1|Pheonixmaster|167
|player|p2|Latias tho|2
|gametype|singles
|gen|6
|tier|UU
|rated
|rule|Sleep Clause Mod: Limit one foe put to sleep
|rule|Species Clause: Limit one of each PokÃ©mon
|rule|OHKO Clause: OHKO moves are banned
|rule|Moody Clause: Moody is banned
|rule|Evasion Moves Clause: Evasion moves are banned
|rule|Endless Battle Clause: Forcing endless battles is banned
|rule|HP Percentage Mod: HP is shown in percentages
|clearpoke
|poke|p1|Medicham, M
|poke|p1|Krookodile, M
|poke|p1|Raikou
|poke|p1|Crobat, F
|poke|p1|Celebi
|poke|p1|Hydreigon, M
|poke|p2|Feraligatr, F
|poke|p2|Azelf
|poke|p2|Crobat, F
|poke|p2|Krookodile, M
|poke|p2|Raikou
|poke|p2|Lucario, M
|rule|Swagger Clause: Swagger is banned
|rule|Baton Pass Clause: Limit one PokÃ©mon knowing Baton Pass
|teampreview
|
|start
|switch|p1a: Crobat|Crobat, F|373\/373
|switch|p2a: Azelf|Azelf|291\/291
|turn|1
|
|move|p1a: Crobat|Taunt|p2a: Azelf
|-start|p2a: Azelf|move: Taunt
|cant|p2a: Azelf|move: Taunt|Stealth Rock
|
|turn|2
|
|switch|p2a: Crobat|Crobat, F|337\/337
|move|p1a: Crobat|U-turn|p2a: Crobat
|-resisted|p2a: Crobat
|-damage|p2a: Crobat|321\/337
|
|switch|p1a: Hydreigon|Hydreigon, M|325\/325
|
|turn|3
|join|Beautiful Panda
|
|move|p1a: Hydreigon|Draco Meteor|p2a: Crobat
|-damage|p2a: Crobat|38\/337
|-unboost|p1a: Hydreigon|spa|2
|move|p2a: Crobat|Roost|p2a: Crobat
|-heal|p2a: Crobat|207\/337
|
|turn|4
|c|âLatias tho|rofl
|c|âLatias tho|weak
|
|switch|p1a: Crobat|Crobat, F|373\/373
|move|p2a: Crobat|U-turn|p1a: Crobat
|-resisted|p1a: Crobat
|-damage|p1a: Crobat|356\/373
|
|switch|p2a: Raikou|Raikou|321\/321
|-ability|p2a: Raikou|Pressure
|
|turn|5
|
|move|p1a: Crobat|U-turn|p2a: Raikou
|-damage|p2a: Raikou|251\/321
|
|switch|p1a: Krookodile|Krookodile, M|331\/331
|-ability|p1a: Krookodile|Intimidate|[of] p2a: Raikou
|-unboost|p2a: Raikou|atk|1
|move|p2a: Raikou|Volt Switch|p1a: Krookodile
|-immune|p1a: Krookodile|[msg]
|
|turn|6
|join|sossajes
|
|move|p2a: Raikou|Hidden Power|p1a: Krookodile
|-supereffective|p1a: Krookodile
|-damage|p1a: Krookodile|139\/331
|move|p1a: Krookodile|Pursuit|p2a: Raikou
|-damage|p2a: Raikou|127\/321
|
|turn|7
|c| sossajes|no mega steelix here~
|
|switch|p1a: Raikou|Raikou|321\/321
|-ability|p1a: Raikou|Pressure
|move|p2a: Raikou|Hidden Power|p1a: Raikou
|-damage|p1a: Raikou|261\/321
|
|turn|8
|c| sossajes|mega hydreigon + normal medicham yn
|
|switch|p2a: Krookodile|Krookodile, M|331\/331
|-ability|p2a: Krookodile|Intimidate|[of] p1a: Raikou
|-unboost|p1a: Raikou|atk|1
|move|p1a: Raikou|Hidden Power|p2a: Krookodile
|-supereffective|p2a: Krookodile
|-damage|p2a: Krookodile|73\/331
|
|turn|9
|join|Eyan
|c| sossajes|rip
|
|switch|p2a: Lucario|Lucario, M|281\/281
|move|p1a: Raikou|Hidden Power|p2a: Lucario
|-resisted|p2a: Lucario
|-damage|p2a: Lucario|211\/281
|
|turn|10
|
|switch|p1a: Crobat|Crobat, F|356\/373
|move|p2a: Lucario|Close Combat|p1a: Crobat
|-resisted|p1a: Crobat
|-damage|p1a: Crobat|285\/373
|-unboost|p2a: Lucario|def|1
|-unboost|p2a: Lucario|spd|1
|-damage|p2a: Lucario|183\/281|[from] item: Life Orb
|
|turn|11
|
|switch|p2a: Krookodile|Krookodile, M|73\/331
|-ability|p2a: Krookodile|Intimidate|[of] p1a: Crobat
|-unboost|p1a: Crobat|atk|1
|move|p1a: Crobat|Acrobatics|p2a: Krookodile
|-damage|p2a: Krookodile|0 fnt
|faint|p2a: Krookodile
|
|
|switch|p2a: Raikou|Raikou|127\/321
|-ability|p2a: Raikou|Pressure
|turn|12
|
|move|p1a: Crobat|U-turn|p2a: Raikou
|-damage|p2a: Raikou|86\/321
|
|switch|p1a: Raikou|Raikou|261\/321
|-ability|p1a: Raikou|Pressure
|move|p2a: Raikou|Volt Switch|p1a: Raikou
|-resisted|p1a: Raikou
|-damage|p1a: Raikou|205\/321
|
|switch|p2a: Azelf|Azelf|291\/291
|
|turn|13
|
|switch|p1a: Celebi|Celebi|404\/404
|move|p2a: Azelf|Psyshock|p1a: Celebi
|-resisted|p1a: Celebi
|-damage|p1a: Celebi|331\/404
|-damage|p2a: Azelf|262\/291|[from] item: Life Orb
|
|-heal|p1a: Celebi|356\/404|[from] item: Leftovers
|turn|14
|
|move|p2a: Azelf|Fire Blast|p1a: Celebi
|-supereffective|p1a: Celebi
|-damage|p1a: Celebi|44\/404
|-damage|p2a: Azelf|233\/291|[from] item: Life Orb
|move|p1a: Celebi|Stealth Rock|p2a: Azelf
|-sidestart|p2: Latias tho|move: Stealth Rock
|
|-heal|p1a: Celebi|69\/404|[from] item: Leftovers
|turn|15
|
|move|p2a: Azelf|Stealth Rock|p1a: Celebi
|-sidestart|p1: Pheonixmaster|move: Stealth Rock
|move|p1a: Celebi|Giga Drain|p2a: Azelf
|-damage|p2a: Azelf|104\/291
|-heal|p1a: Celebi|134\/404|[from] drain|[of] p2a: Azelf
|
|-heal|p1a: Celebi|159\/404|[from] item: Leftovers
|turn|16
|
|switch|p1a: Hydreigon|Hydreigon, M|325\/325
|-damage|p1a: Hydreigon|285\/325|[from] Stealth Rock
|move|p2a: Azelf|Fire Blast|p1a: Hydreigon
|-resisted|p1a: Hydreigon
|-damage|p1a: Hydreigon|194\/325
|-damage|p2a: Azelf|75\/291|[from] item: Life Orb
|
|turn|17
|
|move|p1a: Hydreigon|U-turn|p2a: Azelf
|-supereffective|p2a: Azelf
|-damage|p2a: Azelf|0 fnt
|faint|p2a: Azelf
|
|switch|p1a: Raikou|Raikou|205\/321
|-damage|p1a: Raikou|165\/321|[from] Stealth Rock
|-ability|p1a: Raikou|Pressure
|
|
|switch|p2a: Crobat|Crobat, F|207\/337
|-damage|p2a: Crobat|123\/337|[from] Stealth Rock
|turn|18
|
|move|p2a: Crobat|U-turn|p1a: Raikou
|-damage|p1a: Raikou|79\/321
|
|switch|p2a: Raikou|Raikou|86\/321
|-damage|p2a: Raikou|46\/321|[from] Stealth Rock
|-ability|p2a: Raikou|Pressure
|move|p1a: Raikou|Extrasensory|p2a: Raikou
|-damage|p2a: Raikou|0 fnt
|faint|p2a: Raikou
|
|
|switch|p2a: Feraligatr|Feraligatr, F|325\/325
|-damage|p2a: Feraligatr|285\/325|[from] Stealth Rock
|turn|19
|
|switch|p1a: Celebi|Celebi|159\/404
|-damage|p1a: Celebi|109\/404|[from] Stealth Rock
|move|p2a: Feraligatr|Swords Dance|p2a: Feraligatr
|-boost|p2a: Feraligatr|atk|2
|
|-heal|p1a: Celebi|134\/404|[from] item: Leftovers
|turn|20
|
|move|p1a: Celebi|Giga Drain|p2a: Feraligatr
|-supereffective|p2a: Feraligatr
|-damage|p2a: Feraligatr|87\/325
|-heal|p1a: Celebi|233\/404|[from] drain|[of] p2a: Feraligatr
|move|p2a: Feraligatr|Return|p1a: Celebi
|-damage|p1a: Celebi|58\/404
|
|-heal|p1a: Celebi|83\/404|[from] item: Leftovers
|turn|21
|c|âLatias tho|hmmm
|
|move|p2a: Feraligatr|Aqua Jet|p1a: Celebi
|-resisted|p1a: Celebi
|-damage|p1a: Celebi|0 fnt
|faint|p1a: Celebi
|
|
|switch|p1a: Krookodile|Krookodile, M|139\/331
|-damage|p1a: Krookodile|119\/331|[from] Stealth Rock
|-ability|p1a: Krookodile|Intimidate|[of] p2a: Feraligatr
|-unboost|p2a: Feraligatr|atk|1
|turn|22
|
|move|p2a: Feraligatr|Aqua Jet|p1a: Krookodile
|-supereffective|p1a: Krookodile
|-damage|p1a: Krookodile|0 fnt
|faint|p1a: Krookodile
|
|
|switch|p1a: Hydreigon|Hydreigon, M|194\/325
|-damage|p1a: Hydreigon|154\/325|[from] Stealth Rock
|turn|23
|
|move|p2a: Feraligatr|Aqua Jet|p1a: Hydreigon
|-resisted|p1a: Hydreigon
|-damage|p1a: Hydreigon|63\/325
|move|p1a: Hydreigon|U-turn|p2a: Feraligatr
|-damage|p2a: Feraligatr|36\/325
|c|âLatias tho|rofl
|
|switch|p1a: Raikou|Raikou|79\/321
|-damage|p1a: Raikou|39\/321|[from] Stealth Rock
|-ability|p1a: Raikou|Pressure
|
|turn|24
|
|move|p2a: Feraligatr|Aqua Jet|p1a: Raikou
|-damage|p1a: Raikou|0 fnt
|faint|p1a: Raikou
|
|
|switch|p1a: Medicham|Medicham, M|261\/261
|-damage|p1a: Medicham|245\/261|[from] Stealth Rock
|turn|25
|
|detailschange|p1a: Medicham|Medicham-Mega, M
|-mega|p1a: Medicham|Medicham|Medichamite
|move|p2a: Feraligatr|Aqua Jet|p1a: Medicham
|-damage|p1a: Medicham|52\/261
|move|p1a: Medicham|Ice Punch|p2a: Feraligatr
|-resisted|p2a: Feraligatr
|-damage|p2a: Feraligatr|0 fnt
|faint|p2a: Feraligatr
|
|
|switch|p2a: Lucario|Lucario, M|183\/281
|-damage|p2a: Lucario|175\/281|[from] Stealth Rock
|turn|26
|leave|Beautiful Panda
|
|move|p2a: Lucario|Extreme Speed|p1a: Medicham
|-damage|p1a: Medicham|0 fnt
|-damage|p2a: Lucario|147\/281|[from] item: Life Orb
|faint|p1a: Medicham
|
|
|switch|p1a: Crobat|Crobat, F|285\/373
|-damage|p1a: Crobat|192\/373|[from] Stealth Rock
|turn|27
|
|move|p2a: Lucario|Extreme Speed|p1a: Crobat
|-damage|p1a: Crobat|44\/373
|-damage|p2a: Lucario|119\/281|[from] item: Life Orb
|move|p1a: Crobat|Acrobatics|p2a: Lucario
|-damage|p2a: Lucario|0 fnt
|faint|p2a: Lucario
|
|
|switch|p2a: Crobat|Crobat, F|123\/337
|-damage|p2a: Crobat|39\/337|[from] Stealth Rock
|turn|28
|
|move|p2a: Crobat|Roost|p2a: Crobat
|-heal|p2a: Crobat|208\/337
|move|p1a: Crobat|Acrobatics|p2a: Crobat
|-damage|p2a: Crobat|66\/337
|
|turn|29
|
|move|p2a: Crobat|Roost|p2a: Crobat
|-heal|p2a: Crobat|235\/337
|move|p1a: Crobat|Taunt|p2a: Crobat
|-start|p2a: Crobat|move: Taunt
|
|turn|30
|
|move|p2a: Crobat|Brave Bird|p1a: Crobat
|-crit|p1a: Crobat
|-damage|p1a: Crobat|0 fnt
|-damage|p2a: Crobat|220\/337|[from] recoil|[of] p1a: Crobat
|faint|p1a: Crobat
|
|
|switch|p1a: Hydreigon|Hydreigon, M|63\/325
|-damage|p1a: Hydreigon|23\/325|[from] Stealth Rock
|turn|31
|
|move|p1a: Hydreigon|Draco Meteor|p2a: Crobat
|-damage|p2a: Crobat|0 fnt
|-unboost|p1a: Hydreigon|spa|2
|faint|p2a: Crobat
|
|win|Pheonixmaster
|raw|Ladder updating...
|raw|Pheonixmaster's rating: 1502 &rarr; <strong>1521<\/strong><br \/>(+19 for winning)
|raw|Latias tho's rating: 1486 &rarr; <strong>1467<\/strong><br \/>(-19 for losing)
|c|âPheonixmaster|gg wp
|c|âLatias tho|gg