|join|Latias tho
|join|SunnyORAS
|player|p1|Latias tho|217
|player|p2|SunnyORAS|290
|gametype|singles
|gen|6
|tier|UU
|rated
|rule|Sleep Clause Mod: Limit one foe put to sleep
|rule|Species Clause: Limit one of each PokÃ©mon
|rule|OHKO Clause: OHKO moves are banned
|rule|Moody Clause: Moody is banned
|rule|Evasion Moves Clause: Evasion moves are banned
|rule|Endless Battle Clause: Forcing endless battles is banned
|rule|HP Percentage Mod: HP is shown in percentages
|clearpoke
|poke|p1|Azelf
|poke|p1|Raikou
|poke|p1|Crobat, M
|poke|p1|Hydreigon, F
|poke|p1|Entei, shiny
|poke|p1|Blastoise, F
|poke|p2|Cresselia, F
|poke|p2|Aggron, M
|poke|p2|Vaporeon, F
|poke|p2|Crobat, M
|poke|p2|Florges, F
|poke|p2|Hydreigon, M
|rule|Swagger Clause: Swagger is banned
|rule|Baton Pass Clause: Limit one PokÃ©mon knowing Baton Pass
|teampreview
|c|âSunnyORAS|wowow
|c|âSunnyORAS|ok
|c|âLatias tho|imma lose
|c|âLatias tho|watch
|join|UU mmmm
|c| UU mmmm|See
|c| UU mmmm|this is why I didn't want to ladder
|join|Cyndequil
|c|âSunnyORAS|ok
|c|âSunnyORAS|hmmm
|c|âLatias tho|look at me lose
|c| UU mmmm|Sunny
|c|âLatias tho|:]
|c| UU mmmm|I'm counting on you
|
|start
|switch|p1a: Blastoise|Blastoise, F|342\/342
|switch|p2a: Crobat|Crobat, M|343\/343
|turn|1
|c|âLatias tho|cynde
|
|detailschange|p1a: Blastoise|Blastoise-Mega, F
|-mega|p1a: Blastoise|Blastoise|Blastoisinite
|move|p2a: Crobat|U-turn|p1a: Blastoise
|-damage|p1a: Blastoise|293\/342
|c| Cyndequil|what
|c|âLatias tho|whoops
|
|switch|p2a: Vaporeon|Vaporeon, F|464\/464
|move|p1a: Blastoise|Aura Sphere|p2a: Vaporeon
|-damage|p2a: Vaporeon|316\/464
|
|-heal|p2a: Vaporeon|345\/464|[from] item: Leftovers
|turn|2
|
|switch|p1a: Raikou|Raikou|321\/321
|-ability|p1a: Raikou|Pressure
|move|p2a: Vaporeon|Baton Pass|p2a: Vaporeon
|c| UU mmmm|weak
|c|âLatias tho|woah
|
|switch|p2a: Aggron|Aggron, M|344\/344
|
|turn|3
|
|detailschange|p2a: Aggron|Aggron-Mega, M
|-mega|p2a: Aggron|Aggron|Aggronite
|move|p1a: Raikou|Volt Switch|p2a: Aggron
|-damage|p2a: Aggron|230\/344
|c|âLatias tho|:\/
|c| Cyndequil|counter
|
|switch|p1a: Blastoise|Blastoise-Mega, F|293\/342
|move|p2a: Aggron|Stealth Rock|p1a: Blastoise
|-sidestart|p1: Latias tho|move: Stealth Rock
|
|turn|4
|
|move|p1a: Blastoise|Rapid Spin|p2a: Aggron
|-resisted|p2a: Aggron
|-damage|p2a: Aggron|227\/344
|-sideend|p1: Latias tho|Stealth Rock|[from] move: Rapid Spin|[of] p1a: Blastoise
|move|p2a: Aggron|Thunder Wave|p1a: Blastoise
|-status|p1a: Blastoise|par
|
|turn|5
|c|âLatias tho|damn
|c| Cyndequil|real
|c|âLatias tho|what a real man
|
|switch|p2a: Vaporeon|Vaporeon, F|345\/464
|switch|p1a: Raikou|Raikou|321\/321
|-ability|p1a: Raikou|Pressure
|
|-heal|p2a: Vaporeon|374\/464|[from] item: Leftovers
|turn|6
|c| Cyndequil|as fuck
|
|move|p2a: Vaporeon|Protect|p2a: Vaporeon
|-singleturn|p2a: Vaporeon|Protect
|move|p1a: Raikou|Volt Switch|p2a: Vaporeon
|-activate|p2a: Vaporeon|Protect
|
|-heal|p2a: Vaporeon|403\/464|[from] item: Leftovers
|turn|7
|
|switch|p2a: Florges|Florges, F|360\/360
|move|p1a: Raikou|Thunderbolt|p2a: Florges
|-damage|p2a: Florges|261\/360
|
|-heal|p2a: Florges|283\/360|[from] item: Leftovers
|turn|8
|c|âLatias tho|hmm
|c| Cyndequil|e belt is real
|c| UU mmmm|nice
|
|move|p1a: Raikou|Volt Switch|p2a: Florges
|-damage|p2a: Florges|213\/360
|c|âSunnyORAS|nice ebelt
|
|switch|p1a: Crobat|Crobat, M|325\/325
|move|p2a: Florges|Wish|p2a: Florges
|
|-heal|p2a: Florges|235\/360|[from] item: Leftovers
|turn|9
|c| UU mmmm|from that team it wasn't going to be choiced lol
|
|switch|p2a: Aggron|Aggron-Mega, M|227\/344
|move|p1a: Crobat|U-turn|p2a: Aggron
|-crit|p2a: Aggron
|-resisted|p2a: Aggron
|-damage|p2a: Aggron|206\/344
|c| UU mmmm|it would either be CM or ebelt\/LO
|
|switch|p1a: Blastoise|Blastoise-Mega, F|293\/342 par
|
|-heal|p2a: Aggron|344\/344|[from] move: Wish|[wisher] Florges
|turn|10
|c| Cyndequil|look eyan
|
|switch|p2a: Vaporeon|Vaporeon, F|403\/464
|move|p1a: Blastoise|Aura Sphere|p2a: Vaporeon
|-damage|p2a: Vaporeon|255\/464
|
|-heal|p2a: Vaporeon|284\/464|[from] item: Leftovers
|turn|11
|c| Cyndequil|not everyone can figure that out
|
|switch|p1a: Raikou|Raikou|321\/321
|-ability|p1a: Raikou|Pressure
|move|p2a: Vaporeon|Baton Pass|p2a: Vaporeon
|c|âLatias tho|fuck
|
|switch|p2a: Hydreigon|Hydreigon, M|325\/325
|
|turn|12
|c|âLatias tho|stall is
|c|âLatias tho|gey imo
|
|move|p1a: Raikou|Volt Switch|p2a: Hydreigon
|-resisted|p2a: Hydreigon
|-damage|p2a: Hydreigon|261\/325
|c| Cyndequil|ye stall with hydreigon
|c| Cyndequil|seems legit
|
|switch|p1a: Azelf|Azelf|291\/291
|move|p2a: Hydreigon|Draco Meteor|p1a: Azelf
|-enditem|p1a: Azelf|Focus Sash
|-damage|p1a: Azelf|1\/291
|-unboost|p2a: Hydreigon|spa|2
|-damage|p2a: Hydreigon|229\/325|[from] item: Life Orb
|
|turn|13
|c| Cyndequil|it has
|c|âLatias tho|semistall
|c|âLatias tho|is gey imo
|c| Cyndequil|fire blast :>
|
|switch|p2a: Vaporeon|Vaporeon, F|284\/464
|move|p1a: Azelf|Stealth Rock|p2a: Vaporeon
|-sidestart|p2: SunnyORAS|move: Stealth Rock
|
|-heal|p2a: Vaporeon|313\/464|[from] item: Leftovers
|turn|14
|c|âLatias tho|rofl pls
|
|move|p2a: Vaporeon|Protect|p2a: Vaporeon
|-singleturn|p2a: Vaporeon|Protect
|move|p1a: Azelf|Taunt|p2a: Vaporeon
|-activate|p2a: Vaporeon|Protect
|
|-heal|p2a: Vaporeon|342\/464|[from] item: Leftovers
|turn|15
|c| UU mmmm|when is he going to explode :O
|
|switch|p2a: Aggron|Aggron-Mega, M|344\/344
|-damage|p2a: Aggron|323\/344|[from] Stealth Rock
|move|p1a: Azelf|Fire Blast|p2a: Aggron
|-supereffective|p2a: Aggron
|-damage|p2a: Aggron|163\/344
|
|turn|16
|c| Cyndequil|stay in
|c| Cyndequil|pls
|c|âLatias tho|ah
|c| Cyndequil|plsssss
|c|âLatias tho|learn2
|c| Cyndequil|feeeeeeek
|
|switch|p2a: Vaporeon|Vaporeon, F|342\/464
|-damage|p2a: Vaporeon|284\/464|[from] Stealth Rock
|move|p1a: Azelf|Fire Blast|p2a: Vaporeon
|-resisted|p2a: Vaporeon
|-damage|p2a: Vaporeon|233\/464
|-status|p2a: Vaporeon|brn
|
|-heal|p2a: Vaporeon|262\/464 brn|[from] item: Leftovers
|-damage|p2a: Vaporeon|204\/464 brn|[from] brn
|turn|17
|c| Cyndequil|i just sed
|c|âLatias tho|nbnb
|c| Cyndequil|WOW
|c|âSunnyORAS|;-;
|c|âLatias tho|zelf
|c|âLatias tho|is too
|c|âSunnyORAS|skilled
|c| Cyndequil|haxn fgt
|c|âLatias tho|stronk
|
|move|p1a: Azelf|Explosion|p2a: Vaporeon
|-damage|p2a: Vaporeon|0 fnt
|faint|p1a: Azelf
|faint|p2a: Vaporeon
|
|c|âLatias tho|weak
|c|âSunnyORAS|fuck
|c|âLatias tho|call me
|c|âLatias tho|a go
|c|âLatias tho|d
|c|âLatias tho|:]
|c| UU mmmm|no
|
|switch|p1a: Entei|Entei, shiny|371\/371
|switch|p2a: Cresselia|Cresselia, F|444\/444
|-ability|p1a: Entei|Pressure
|-damage|p2a: Cresselia|389\/444|[from] Stealth Rock
|turn|18
|c| Cyndequil|no
|c| Cyndequil|haxn fgt dun deserve
|
|move|p1a: Entei|Sacred Fire|p2a: Cresselia
|-damage|p2a: Cresselia|202\/444
|-status|p2a: Cresselia|brn
|move|p2a: Cresselia|Psyshock|p1a: Entei
|-damage|p1a: Entei|278\/371
|
|-heal|p2a: Cresselia|229\/444 brn|[from] item: Leftovers
|-damage|p2a: Cresselia|174\/444 brn|[from] brn
|turn|19
|c| UU mmmm|Latias tho...scrub or god?
|c|âLatias tho|god
|c|âLatias tho|obv
|c| Cyndequil|skrub
|
|switch|p2a: Hydreigon|Hydreigon, M|229\/325
|-damage|p2a: Hydreigon|189\/325|[from] Stealth Rock
|move|p1a: Entei|Sacred Fire|p2a: Hydreigon
|-resisted|p2a: Hydreigon
|-damage|p2a: Hydreigon|43\/325
|
|turn|20
|c|âLatias tho|nice
|c|âLatias tho|:]
|c|âSunnyORAS|keep it up
|c|âLatias tho|no burn
|
|switch|p1a: Blastoise|Blastoise-Mega, F|293\/342 par
|move|p2a: Hydreigon|Roost|p2a: Hydreigon
|-heal|p2a: Hydreigon|206\/325
|
|turn|21
|
|switch|p2a: Florges|Florges, F|235\/360
|-damage|p2a: Florges|190\/360|[from] Stealth Rock
|move|p1a: Blastoise|Ice Beam|p2a: Florges
|-damage|p2a: Florges|120\/360
|
|-heal|p2a: Florges|142\/360|[from] item: Leftovers
|turn|22
|c|âLatias tho|ew
|c| Cyndequil|waiiiit
|
|switch|p1a: Entei|Entei, shiny|278\/371
|-ability|p1a: Entei|Pressure
|move|p2a: Florges|Wish|p2a: Florges
|
|-heal|p2a: Florges|164\/360|[from] item: Leftovers
|turn|23
|c|âLatias tho|where are
|c|âLatias tho|my hax
|c| Cyndequil|no dark pulse
|c|âSunnyORAS|scared lol
|
|move|p2a: Florges|Protect|p2a: Florges
|-singleturn|p2a: Florges|Protect
|move|p1a: Entei|Flare Blitz|p2a: Florges
|-activate|p2a: Florges|Protect
|
|-heal|p2a: Florges|344\/360|[from] move: Wish|[wisher] Florges
|-heal|p2a: Florges|360\/360|[from] item: Leftovers
|turn|24
|c|âSunnyORAS|entei check is ded
|c|âLatias tho|man
|c|âLatias tho|catch this
|c| Cyndequil|fb
|c| Cyndequil|not a real man
|c|âLatias tho|sacred doesnt kill
|c|âLatias tho|drei
|c|âLatias tho|:\/
|
|move|p1a: Entei|Flare Blitz|p2a: Florges
|-damage|p2a: Florges|50\/360
|-damage|p1a: Entei|176\/371|[from] recoil|[of] p2a: Florges
|move|p2a: Florges|Wish|p2a: Florges
|
|-heal|p2a: Florges|72\/360|[from] item: Leftovers
|turn|25
|c|âLatias tho|gone
|c| Cyndequil|ouch
|
|move|p2a: Florges|Protect|p2a: Florges
|-singleturn|p2a: Florges|Protect
|move|p1a: Entei|Flare Blitz|p2a: Florges
|-activate|p2a: Florges|Protect
|
|-heal|p2a: Florges|252\/360|[from] move: Wish|[wisher] Florges
|-heal|p2a: Florges|274\/360|[from] item: Leftovers
|turn|26
|c| Cyndequil|triple protect
|c| Cyndequil|here
|c|âLatias tho|sigh sunny
|c|âLatias tho|rippppppppp
|c|âLatias tho|:]
|c| Cyndequil|sack sth else
|c| Cyndequil|pls
|c| Cyndequil|dun g00d
|c|âLatias tho|and then what
|c|âSunnyORAS|no choice.....
|
|switch|p2a: Aggron|Aggron-Mega, M|163\/344
|-damage|p2a: Aggron|142\/344|[from] Stealth Rock
|move|p1a: Entei|Flare Blitz|p2a: Aggron
|-supereffective|p2a: Aggron
|-damage|p2a: Aggron|0 fnt
|-damage|p1a: Entei|129\/371|[from] recoil|[of] p2a: Aggron
|faint|p2a: Aggron
|
|c| Cyndequil|riiip magg0t
|
|switch|p2a: Crobat|Crobat, M|343\/343
|-damage|p2a: Crobat|258\/343|[from] Stealth Rock
|turn|27
|
|switch|p2a: Hydreigon|Hydreigon, M|206\/325
|-damage|p2a: Hydreigon|166\/325|[from] Stealth Rock
|switch|p1a: Raikou|Raikou|321\/321
|-ability|p1a: Raikou|Pressure
|
|turn|28
|c|âLatias tho|woah
|c|âLatias tho|!
|c|âLatias tho|play
|c|âLatias tho|!
|c| UU mmmm|lol
|c| Cyndequil|wat
|c| Cyndequil|hp oce d0
|
|move|p1a: Raikou|Hidden Power|p2a: Hydreigon
|-supereffective|p2a: Hydreigon
|-damage|p2a: Hydreigon|0 fnt
|faint|p2a: Hydreigon
|
|c| Cyndequil|smh
|c|âSunnyORAS|fffffffffff
|c| UU mmmm|>_>
|c| Cyndequil|what kind of
|c|âSunnyORAS|it actually
|c|âSunnyORAS|;-;
|c| Cyndequil|play was taht
|c|âLatias tho|call me a god
|
|switch|p2a: Florges|Florges, F|274\/360
|-damage|p2a: Florges|229\/360|[from] Stealth Rock
|turn|29
|c|âLatias tho|:]
|c| UU mmmm|where's the calc
|c|âLatias tho|ah
|c|âLatias tho|now
|c|âSunnyORAS|I thought Hydrei would live
|c|âLatias tho|go entei
|c|âLatias tho|spam
|
|move|p1a: Raikou|Volt Switch|p2a: Florges
|-damage|p2a: Florges|163\/360
|c|âLatias tho|im ebelt
|c|âLatias tho|:\/
|
|switch|p1a: Entei|Entei, shiny|129\/371
|-ability|p1a: Entei|Pressure
|move|p2a: Florges|Wish|p2a: Florges
|
|-heal|p2a: Florges|185\/360|[from] item: Leftovers
|turn|30
|c| UU mmmm|Are you naive?
|
|move|p2a: Florges|Protect|p2a: Florges
|-singleturn|p2a: Florges|Protect
|move|p1a: Entei|Sacred Fire|p2a: Florges
|-activate|p2a: Florges|Protect
|
|-heal|p2a: Florges|360\/360|[from] move: Wish|[wisher] Florges
|turn|31
|c|âLatias tho|catch this
|c|âLatias tho|imo
|c|âLatias tho|:]
|c|âSunnyORAS|yes
|c|âSunnyORAS|;-;
|
|move|p1a: Entei|Sacred Fire|p2a: Florges
|-damage|p2a: Florges|101\/360
|move|p2a: Florges|Wish|p2a: Florges
|
|-heal|p2a: Florges|123\/360|[from] item: Leftovers
|turn|32
|c|âLatias tho|where
|
|move|p2a: Florges|Protect|p2a: Florges
|-singleturn|p2a: Florges|Protect
|move|p1a: Entei|Sacred Fire|p2a: Florges
|-activate|p2a: Florges|Protect
|
|-heal|p2a: Florges|303\/360|[from] move: Wish|[wisher] Florges
|-heal|p2a: Florges|325\/360|[from] item: Leftovers
|turn|33
|c|âLatias tho|is
|c|âLatias tho|mein
|c|âLatias tho|burn
|c|âLatias tho|:\/
|
|move|p1a: Entei|Sacred Fire|p2a: Florges
|-damage|p2a: Florges|63\/360
|move|p2a: Florges|Wish|p2a: Florges
|
|-heal|p2a: Florges|85\/360|[from] item: Leftovers
|turn|34
|c|âLatias tho|fuck
|c| UU mmmm|no more PP lmao
|c|âLatias tho|this shit
|
|move|p2a: Florges|Protect|p2a: Florges
|-singleturn|p2a: Florges|Protect
|move|p1a: Entei|Sacred Fire|p2a: Florges
|-activate|p2a: Florges|Protect
|
|-heal|p2a: Florges|265\/360|[from] move: Wish|[wisher] Florges
|-heal|p2a: Florges|287\/360|[from] item: Leftovers
|turn|35
|c| UU mmmm|there we go
|c|âLatias tho|fuck
|c|âLatias tho|this shit
|c|âLatias tho|:\/
|
|move|p2a: Florges|Protect|p2a: Florges
|-singleturn|p2a: Florges|Protect
|move|p1a: Entei|Sacred Fire|p2a: Florges
|-activate|p2a: Florges|Protect
|
|-heal|p2a: Florges|309\/360|[from] item: Leftovers
|turn|36
|c|âLatias tho|no more pp
|c|âLatias tho|wow
|c|âLatias tho|u fucking
|c| UU mmmm|heh
|c|âLatias tho|piece of shit
|c| Cyndequil|gj sunny
|c|âLatias tho|smhsmh
|c| Cyndequil|good man
|c|âSunnyORAS|is he out of PP?
|c|âSunnyORAS|;-;
|c|âLatias tho|no
|c|âLatias tho|not out of pp
|c|âLatias tho|:]
|join|Kushalos
|c|âLatias tho|eyan HO good y\/y
|c|âLatias tho|:]
|c|âSunnyORAS|one PP left...
|c|âSunnyORAS|fuck me
|c|âLatias tho|< god
|
|switch|p1a: Crobat|Crobat, M|325\/325
|move|p2a: Florges|Wish|p2a: Florges
|
|-heal|p2a: Florges|331\/360|[from] item: Leftovers
|turn|37
|c| UU mmmm|he's used 8
|c|âSunnyORAS|wow
|c|âSunnyORAS|I can even count
|c|âSunnyORAS|;-;
|c| Cyndequil|l2 count
|
|move|p1a: Crobat|Brave Bird|p2a: Florges
|-damage|p2a: Florges|136\/360
|-damage|p1a: Crobat|261\/325|[from] recoil|[of] p2a: Florges
|move|p2a: Florges|Aromatherapy|p2a: Florges
|-cureteam|p2a: Florges|[from] move: Aromatherapy
|
|-heal|p2a: Florges|316\/360|[from] move: Wish|[wisher] Florges
|-heal|p2a: Florges|338\/360|[from] item: Leftovers
|turn|38
|c|+Kushalos|latias tho= datlatias?
|c| UU mmmm|nah
|c|âLatias tho|n
|
|move|p1a: Crobat|Taunt|p2a: Florges
|-start|p2a: Florges|move: Taunt
|cant|p2a: Florges|move: Taunt|Wish
|
|-heal|p2a: Florges|360\/360|[from] item: Leftovers
|turn|39
|c|âLatias tho|:[
|c| Cyndequil|gets 2200 in SATs
|c|+Kushalos|k
|c|âLatias tho|rofl
|c| UU mmmm|latias tho is a nub
|c| Cyndequil|cant count
|c|âLatias tho|pls
|c|âSunnyORAS|fff
|c|âLatias tho|do you see me
|c|âSunnyORAS|ok now what
|c|âLatias tho|rekting this man
|c|âLatias tho|stay in
|c|âSunnyORAS|do I use the legendary command
|c|âLatias tho|and m00nblast
|c|âSunnyORAS|that involves
|c|âSunnyORAS|typing
|c|âLatias tho|the x button
|c|âLatias tho|?
|c|âSunnyORAS|\/\/ f o freit
|join|Ahabb
|c|âLatias tho|gogo
|c| UU mmmm|no
|c|âLatias tho|we believe
|c| UU mmmm|timer stall him
|c|âSunnyORAS|how do I win from here?
|c|âSunnyORAS|;-;
|
|switch|p2a: Crobat|Crobat, M|258\/343
|-damage|p2a: Crobat|173\/343|[from] Stealth Rock
|move|p1a: Crobat|Brave Bird|p2a: Crobat
|-damage|p2a: Crobat|0 fnt
|-damage|p1a: Crobat|204\/325|[from] recoil|[of] p2a: Crobat
|faint|p2a: Crobat
|
|c| Cyndequil|u rly cant
|c|âSunnyORAS|owwi
|c|âLatias tho|nb
|
|switch|p2a: Cresselia|Cresselia, F|174\/444
|-damage|p2a: Cresselia|119\/444|[from] Stealth Rock
|turn|40
|c|âLatias tho|nice sack
|
|move|p1a: Crobat|Brave Bird|p2a: Cresselia
|-crit|p2a: Cresselia
|-damage|p2a: Cresselia|0 fnt
|-damage|p1a: Crobat|165\/325|[from] recoil|[of] p2a: Cresselia
|faint|p2a: Cresselia
|
|leave|UU mmmm
|c| Cyndequil|entei+raikou is fkn annoying
|c|âSunnyORAS|fff
|c|âSunnyORAS|gg
|c|âLatias tho|nah m9
|
|switch|p2a: Florges|Florges, F|360\/360
|-damage|p2a: Florges|315\/360|[from] Stealth Rock
|turn|41
|c|âLatias tho|didn't matter
|c|âLatias tho|gg m8
|c|âSunnyORAS|gg m8
|c|âSunnyORAS|;-;
|c|âLatias tho|u were more fun to play
|c|âLatias tho|than cynde
|c|âSunnyORAS|dat crobat
|c|âLatias tho|and allattack
|c| Cyndequil|why
|c|âSunnyORAS|]DEM ENTEI
|c|âSunnyORAS|FFF
|c| Cyndequil|discraminating
|c|âLatias tho|nah
|c|âLatias tho|its
|c| Cyndequil|against shelgon
|
|move|p1a: Crobat|Taunt|p2a: Florges
|-start|p2a: Florges|move: Taunt
|move|p2a: Florges|Moonblast|p1a: Crobat
|-resisted|p1a: Crobat
|-damage|p1a: Crobat|93\/325
|-unboost|p1a: Crobat|spa|1
|
|-heal|p2a: Florges|337\/360|[from] item: Leftovers
|turn|42
|c|âLatias tho|lord azelf
|c| Cyndequil|fucking pleb
|c|âSunnyORAS|dem legendary plays
|c|âSunnyORAS|with azelf
|c|âSunnyORAS|fucked me
|c|âLatias tho|tyty
|c|âSunnyORAS|;-;
|c|âLatias tho|:]
|
|move|p1a: Crobat|Roost|p1a: Crobat
|-heal|p1a: Crobat|256\/325
|move|p2a: Florges|Moonblast|p1a: Crobat
|-resisted|p1a: Crobat
|-damage|p1a: Crobat|181\/325
|-unboost|p1a: Crobat|spa|1
|
|-heal|p2a: Florges|359\/360|[from] item: Leftovers
|turn|43
|
|move|p1a: Crobat|Roost|p1a: Crobat
|-heal|p1a: Crobat|325\/325
|move|p2a: Florges|Moonblast|p1a: Crobat
|-resisted|p1a: Crobat
|-damage|p1a: Crobat|251\/325
|
|-heal|p2a: Florges|360\/360|[from] item: Leftovers
|-end|p2a: Florges|move: Taunt
|turn|44
|c|âLatias tho|inb4
|c|âLatias tho|i choke
|c|âLatias tho|:[
|
|move|p1a: Crobat|Taunt|p2a: Florges
|-start|p2a: Florges|move: Taunt
|move|p2a: Florges|Moonblast|p1a: Crobat
|-resisted|p1a: Crobat
|-damage|p1a: Crobat|184\/325
|
|turn|45
|
|move|p1a: Crobat|Brave Bird|p2a: Florges
|-damage|p2a: Florges|173\/360
|-damage|p1a: Crobat|122\/325|[from] recoil|[of] p2a: Florges
|move|p2a: Florges|Moonblast|p1a: Crobat
|-resisted|p1a: Crobat
|-damage|p1a: Crobat|51\/325
|
|-heal|p2a: Florges|195\/360|[from] item: Leftovers
|turn|46
|
|move|p1a: Crobat|Brave Bird|p2a: Florges
|-damage|p2a: Florges|0 fnt
|-damage|p1a: Crobat|0 fnt|[from] recoil|[of] p2a: Florges
|faint|p2a: Florges
|faint|p1a: Crobat
|
|win|Latias tho
|raw|Ladder updating...
|raw|Latias tho's rating: 1462 &rarr; <strong>1485<\/strong><br \/>(+23 for winning)
|raw|SunnyORAS's rating: 1528 &rarr; <strong>1504<\/strong><br \/>(-24 for losing)
|c|âLatias tho|gg
|c|âLatias tho|damn
|c|âLatias tho|sunny
|c|âSunnyORAS|awwww
|c|âLatias tho|high
|c|âSunnyORAS|fff
|c|âSunnyORAS|gg man
|c|âLatias tho|1504
|c|âSunnyORAS|ladder moor
|c|âLatias tho|y
|c|âLatias tho|get me again
|c|âLatias tho|:]
|leave|Ahabb
|leave|Cyndequil
|join|Ahabb