|join|Latias tho
|join|ChadWardenBitch
|player|p1|Latias tho|217
|player|p2|ChadWardenBitch|212
|gametype|singles
|gen|6
|tier|UU
|rated
|rule|Sleep Clause Mod: Limit one foe put to sleep
|rule|Species Clause: Limit one of each PokÃ©mon
|rule|OHKO Clause: OHKO moves are banned
|rule|Moody Clause: Moody is banned
|rule|Evasion Moves Clause: Evasion moves are banned
|rule|Endless Battle Clause: Forcing endless battles is banned
|rule|HP Percentage Mod: HP is shown in percentages
|clearpoke
|poke|p1|Feraligatr, M
|poke|p1|Krookodile, M
|poke|p1|Goodra, F
|poke|p1|Jirachi, shiny
|poke|p1|Crobat, F
|poke|p1|Mienshao, F
|poke|p2|Suicune
|poke|p2|Beedrill, F
|poke|p2|Crobat, F
|poke|p2|Hydreigon, M
|poke|p2|Raikou
|poke|p2|Krookodile, M
|rule|Swagger Clause: Swagger is banned
|rule|Baton Pass Clause: Limit one PokÃ©mon knowing Baton Pass
|teampreview
|
|start
|switch|p1a: Crobat|Crobat, F|323\/323
|switch|p2a: Beedrill|Beedrill, F|271\/271
|turn|1
|
|detailschange|p2a: Beedrill|Beedrill-Mega, F
|-mega|p2a: Beedrill|Beedrill|Beedrillite
|move|p2a: Beedrill|Protect|p2a: Beedrill
|-singleturn|p2a: Beedrill|Protect
|move|p1a: Crobat|Brave Bird|p2a: Beedrill
|-activate|p2a: Beedrill|Protect
|
|turn|2
|
|move|p2a: Beedrill|U-turn|p1a: Crobat
|-resisted|p1a: Crobat
|-damage|p1a: Crobat|270\/323
|
|switch|p2a: Raikou|Raikou|321\/321
|-ability|p2a: Raikou|Pressure
|move|p1a: Crobat|U-turn|p2a: Raikou
|-damage|p2a: Raikou|239\/321
|
|switch|p1a: Goodra|Goodra, F|321\/321
|
|turn|3
|join|SunnyORAS
|leave|SunnyORAS
|join|SunnyORAS
|
|move|p2a: Raikou|Volt Switch|p1a: Goodra
|-resisted|p1a: Goodra
|-damage|p1a: Goodra|259\/321
|
|switch|p2a: Suicune|Suicune|404\/404
|-ability|p2a: Suicune|Pressure
|move|p1a: Goodra|Outrage|p2a: Suicune
|-damage|p2a: Suicune|227\/404
|
|-heal|p2a: Suicune|252\/404|[from] item: Leftovers
|turn|4
|c|âLatias tho|time
|c|âLatias tho|to not get
|c|âLatias tho|burnt
|
|move|p1a: Goodra|Outrage|p2a: Suicune
|-damage|p2a: Suicune|68\/404
|move|p2a: Suicune|Scald|p1a: Goodra
|-resisted|p1a: Goodra
|-damage|p1a: Goodra|231\/321
|-status|p1a: Goodra|brn
|
|-end|p1a: Goodra|rampage
|-start|p1a: Goodra|confusion
|-heal|p2a: Suicune|93\/404|[from] item: Leftovers
|-damage|p1a: Goodra|191\/321 brn|[from] brn
|turn|5
|c|âLatias tho|fuck me
|c| SunnyORAS|gets burnt
|c| SunnyORAS|like a lord
|
|-activate|p1a: Goodra|confusion
|-damage|p1a: Goodra|149\/321 brn|[from] confusion
|move|p2a: Suicune|Rest|p2a: Suicune
|-status|p2a: Suicune|slp
|-heal|p2a: Suicune|404\/404 slp|[silent]
|-status|p2a: Suicune|slp|[from] move: Rest
|
|-damage|p1a: Goodra|109\/321 brn|[from] brn
|turn|6
|c|âLatias tho|and this happens
|
|switch|p1a: Jirachi|Jirachi, shiny|342\/342
|cant|p2a: Suicune|slp
|move|p2a: Suicune|Sleep Talk|p2a: Suicune
|move|p2a: Suicune|Rest|p2a: Suicune|[from]Sleep Talk
|-fail|p2a: Suicune
|
|turn|7
|
|switch|p2a: Hydreigon|Hydreigon, M|325\/325
|move|p1a: Jirachi|Substitute|p1a: Jirachi
|-start|p1a: Jirachi|Substitute
|-damage|p1a: Jirachi|257\/342
|
|-heal|p1a: Jirachi|278\/342|[from] item: Leftovers
|turn|8
|
|move|p2a: Hydreigon|Dark Pulse|p1a: Jirachi
|-supereffective|p1a: Jirachi
|-end|p1a: Jirachi|Substitute
|move|p1a: Jirachi|Moonblast|p2a: Hydreigon
|-supereffective|p2a: Hydreigon
|-damage|p2a: Hydreigon|0 fnt
|faint|p2a: Hydreigon
|
|-heal|p1a: Jirachi|299\/342|[from] item: Leftovers
|join|Meowiekins
|
|switch|p2a: Krookodile|Krookodile, M|332\/332
|turn|9
|
|move|p2a: Krookodile|Pursuit|p1a: Jirachi|[from]Pursuit
|-supereffective|p1a: Jirachi
|-damage|p1a: Jirachi|0 fnt
|faint|p1a: Jirachi
|-boost|p2a: Krookodile|atk|1|[from] ability: Moxie
|
|
|switch|p1a: Feraligatr|Feraligatr, M|311\/311
|turn|10
|
|move|p2a: Krookodile|Knock Off|p1a: Feraligatr
|-damage|p1a: Feraligatr|14\/311
|-enditem|p1a: Feraligatr|Life Orb|[from] move: Knock Off|[of] p2a: Krookodile
|move|p1a: Feraligatr|Waterfall|p2a: Krookodile
|-supereffective|p2a: Krookodile
|-damage|p2a: Krookodile|0 fnt
|faint|p2a: Krookodile
|
|c| SunnyORAS|switch
|c| SunnyORAS|:O
|c| SunnyORAS|max sp.atk?
|c|âLatias tho|what
|c|âLatias tho|the fuck
|c| SunnyORAS|.-.
|
|switch|p2a: Crobat|Crobat, F|374\/374
|turn|11
|
|move|p1a: Feraligatr|Aqua Jet|p2a: Crobat
|-damage|p2a: Crobat|259\/374
|move|p2a: Crobat|U-turn|p1a: Feraligatr
|-damage|p1a: Feraligatr|0 fnt
|faint|p1a: Feraligatr
|c| SunnyORAS|holy fuck
|
|switch|p2a: Beedrill|Beedrill-Mega, F|271\/271
|
|
|switch|p1a: Crobat|Crobat, F|270\/323
|turn|12
|
|move|p2a: Beedrill|U-turn|p1a: Crobat
|-resisted|p1a: Crobat
|-damage|p1a: Crobat|217\/323
|
|switch|p2a: Suicune|Suicune|404\/404 slp
|-ability|p2a: Suicune|Pressure
|move|p1a: Crobat|Brave Bird|p2a: Suicune
|-damage|p2a: Suicune|268\/404 slp
|-damage|p1a: Crobat|172\/323|[from] recoil|[of] p2a: Suicune
|
|-heal|p2a: Suicune|293\/404 slp|[from] item: Leftovers
|turn|13
|
|move|p1a: Crobat|U-turn|p2a: Suicune
|-damage|p2a: Suicune|246\/404 slp
|
|switch|p1a: Krookodile|Krookodile, M|331\/331
|-ability|p1a: Krookodile|Intimidate|[of] p2a: Suicune
|-unboost|p2a: Suicune|atk|1
|cant|p2a: Suicune|slp
|move|p2a: Suicune|Sleep Talk|p2a: Suicune
|move|p2a: Suicune|Rest|p2a: Suicune|[from]Sleep Talk
|-fail|p2a: Suicune
|
|-heal|p2a: Suicune|271\/404 slp|[from] item: Leftovers
|turn|14
|join|Eyan
|c|âLatias tho|:]
|
|move|p1a: Krookodile|Knock Off|p2a: Suicune
|-damage|p2a: Suicune|124\/404 slp
|-enditem|p2a: Suicune|Leftovers|[from] move: Knock Off|[of] p1a: Krookodile
|-curestatus|p2a: Suicune|slp
|move|p2a: Suicune|Scald|p1a: Krookodile
|-supereffective|p1a: Krookodile
|-damage|p1a: Krookodile|85\/331
|-status|p1a: Krookodile|brn
|
|-damage|p1a: Krookodile|44\/331 brn|[from] brn
|turn|15
|c| Eyan|interesting team...
|c|âLatias tho|fuck
|c| Eyan|so original
|c|âLatias tho|tyty
|
|move|p1a: Krookodile|Taunt|p2a: Suicune
|-start|p2a: Suicune|move: Taunt
|cant|p2a: Suicune|move: Taunt|Rest
|
|-damage|p1a: Krookodile|3\/331 brn|[from] brn
|turn|16
|c|âLatias tho|guess who i got it from
|
|switch|p2a: Crobat|Crobat, F|259\/374
|move|p1a: Krookodile|Stealth Rock|p2a: Crobat
|-sidestart|p2: ChadWardenBitch|move: Stealth Rock
|
|-heal|p2a: Crobat|282\/374|[from] item: Black Sludge
|-damage|p1a: Krookodile|0 fnt|[from] brn
|faint|p1a: Krookodile
|c| Eyan|do tell
|c| SunnyORAS|Eyan
|
|switch|p1a: Mienshao|Mienshao, F|271\/271
|turn|17
|c| SunnyORAS|y\/y
|
|move|p1a: Mienshao|Stone Edge|p2a: Crobat
|-supereffective|p2a: Crobat
|-damage|p2a: Crobat|0 fnt
|faint|p2a: Crobat
|
|c| SunnyORAS|kekeke
|
|switch|p2a: Raikou|Raikou|239\/321
|-damage|p2a: Raikou|199\/321|[from] Stealth Rock
|-ability|p2a: Raikou|Pressure
|turn|18
|c| SunnyORAS|get burn everytime
|c|âLatias tho|ok
|
|switch|p1a: Crobat|Crobat, F|172\/323
|move|p2a: Raikou|Thunderbolt|p1a: Crobat
|-supereffective|p1a: Crobat
|-damage|p1a: Crobat|0 fnt
|faint|p1a: Crobat
|
|
|switch|p1a: Mienshao|Mienshao, F|271\/271
|turn|19
|c| Eyan|time to not miss
|c|âLatias tho|y
|c|âLatias tho|eyan
|join|lapraz
|c| SunnyORAS|hit all three rh
|c| Meowiekins|shouldve used that opportunity to rest
|
|move|p1a: Mienshao|High Jump Kick|p2a: Raikou
|-damage|p2a: Raikou|0 fnt
|faint|p2a: Raikou
|
|c| Meowiekins|imo
|c| SunnyORAS|sweep plz
|c|âLatias tho|20% chance
|c| SunnyORAS|DON'T MISS
|c|âLatias tho|smh meowie
|
|switch|p2a: Beedrill|Beedrill-Mega, F|271\/271
|-damage|p2a: Beedrill|204\/271|[from] Stealth Rock
|turn|20
|c| SunnyORAS|NOPE
|
|switch|p1a: Goodra|Goodra, F|109\/321 brn
|move|p2a: Beedrill|U-turn|p1a: Goodra
|-damage|p1a: Goodra|0 fnt
|faint|p1a: Goodra
|c| SunnyORAS|HMMM sack?
|
|switch|p2a: Suicune|Suicune|124\/404
|-damage|p2a: Suicune|74\/404|[from] Stealth Rock
|-ability|p2a: Suicune|Pressure
|
|c| SunnyORAS|THEN SWEEP
|c|âLatias tho|ok
|join|milk of a cow
|
|switch|p1a: Mienshao|Mienshao, F|271\/271
|turn|21
|c| SunnyORAS|you have a 64% chance
|c| SunnyORAS|from here on in
|c| milk of a cow|miss
|c| milk of a cow|miss
|c| milk of a cow|miss
|c| SunnyORAS|HIT
|c| SunnyORAS|HIT
|
|move|p1a: Mienshao|High Jump Kick|p2a: Suicune
|-damage|p2a: Suicune|0 fnt
|faint|p2a: Suicune
|
|
|switch|p2a: Beedrill|Beedrill-Mega, F|204\/271
|-damage|p2a: Beedrill|137\/271|[from] Stealth Rock
|turn|22
|c| Meowiekins|252 Atk Mienshao Stone Edge vs. 252 HP \/ 252+ Def Suicune: 70-83 (17.3 - 20.5%)
|c| SunnyORAS|smh
|c|âLatias tho|man eyan
|c| Meowiekins|252 Atk Mienshao Stone Edge vs. 252 HP \/ 252+ Def Suicune: 70-83 (17.3 - 20.5%)
|c| Meowiekins|252 Atk Mienshao Stone Edge vs. 252 HP \/ 252+ Def Suicune: 70-83 (17.3 - 20.5%)
|c| Meowiekins|252 Atk Mienshao Stone Edge vs. 252 HP \/ 252+ Def Suicune: 70-83 (17.3 - 20.5%)
|
|move|p2a: Beedrill|Protect|p2a: Beedrill
|-singleturn|p2a: Beedrill|Protect
|move|p1a: Mienshao|High Jump Kick|p2a: Beedrill
|-activate|p2a: Beedrill|Protect
|-damage|p1a: Mienshao|136\/271|[from] highjumpkick
|
|turn|23
|c|âLatias tho|ok
|c| Meowiekins|favorable roll
|c| SunnyORAS|NICE IDIOT
|c|âLatias tho|its cool
|c| SunnyORAS|GET HIGH ROLL PLZ
|c|âLatias tho|this
|c| Eyan|you need a mid roll here
|
|move|p1a: Mienshao|High Jump Kick|p2a: Beedrill|[miss]
|-miss|p1a: Mienshao|p2a: Beedrill
|-damage|p1a: Mienshao|1\/271|[from] highjumpkick
|move|p2a: Beedrill|Poison Jab|p1a: Mienshao
|-damage|p1a: Mienshao|0 fnt
|faint|p1a: Mienshao
|
|win|ChadWardenBitch
|raw|Ladder updating...
|raw|Latias tho's rating: 1524 &rarr; <strong>1493<\/strong><br \/>(-31 for losing)
|raw|ChadWardenBitch's rating: 1313 &rarr; <strong>1344<\/strong><br \/>(+31 for winning)
|c| Eyan|nvm
|c| Meowiekins|RIP
|c| SunnyORAS|WOW
|c| SunnyORAS|wp
|c|âLatias tho|alright
|c| Eyan|rip
|c|âLatias tho|fuck this tier
|c| lapraz|plays
|c| SunnyORAS|wtf
|c|âLatias tho|im done
|leave|Latias tho
|player|p1
|leave|Eyan
|leave|lapraz
|leave|Meowiekins
|leave|milk of a cow
|leave|SunnyORAS