|join|Latias tho
|join|lapraz
|player|p1|Latias tho|217
|player|p2|lapraz|157
|gametype|singles
|gen|6
|tier|UU
|rated
|rule|Sleep Clause Mod: Limit one foe put to sleep
|rule|Species Clause: Limit one of each PokÃ©mon
|rule|OHKO Clause: OHKO moves are banned
|rule|Moody Clause: Moody is banned
|rule|Evasion Moves Clause: Evasion moves are banned
|rule|Endless Battle Clause: Forcing endless battles is banned
|rule|HP Percentage Mod: HP is shown in percentages
|clearpoke
|poke|p1|Azelf
|poke|p1|Raikou
|poke|p1|Crobat, M
|poke|p1|Hydreigon, F
|poke|p1|Entei, shiny
|poke|p1|Blastoise, M
|poke|p2|Florges, F
|poke|p2|Steelix, F
|poke|p2|Tentacruel, F
|poke|p2|Noivern, M
|poke|p2|Jellicent, F
|poke|p2|Chesnaught, F
|rule|Swagger Clause: Swagger is banned
|rule|Baton Pass Clause: Limit one PokÃ©mon knowing Baton Pass
|teampreview
|
|start
|switch|p1a: Azelf|Azelf|291\/291
|switch|p2a: Noivern|Noivern, M|374\/374
|turn|1
|join|RowDog
|
|move|p1a: Azelf|Stealth Rock|p2a: Noivern
|-sidestart|p2: lapraz|move: Stealth Rock
|move|p2a: Noivern|Dark Pulse|p1a: Azelf
|-supereffective|p1a: Azelf
|-damage|p1a: Azelf|115\/291
|
|turn|2
|
|switch|p1a: Hydreigon|Hydreigon, F|325\/325
|switch|p2a: Steelix|Steelix, F|354\/354
|-damage|p2a: Steelix|343\/354|[from] Stealth Rock
|
|turn|3
|
|detailschange|p2a: Steelix|Steelix-Mega, F
|-mega|p2a: Steelix|Steelix|Steelixite
|move|p1a: Hydreigon|U-turn|p2a: Steelix
|-resisted|p2a: Steelix
|-damage|p2a: Steelix|332\/354
|
|switch|p1a: Blastoise|Blastoise, M|342\/342
|move|p2a: Steelix|Stealth Rock|p1a: Blastoise
|-sidestart|p1: Latias tho|move: Stealth Rock
|
|turn|4
|
|switch|p2a: Jellicent|Jellicent, F|404\/404
|-damage|p2a: Jellicent|354\/404|[from] Stealth Rock
|detailschange|p1a: Blastoise|Blastoise-Mega, M
|-mega|p1a: Blastoise|Blastoise|Blastoisinite
|move|p1a: Blastoise|Ice Beam|p2a: Jellicent
|-resisted|p2a: Jellicent
|-damage|p2a: Jellicent|298\/404
|
|-heal|p2a: Jellicent|323\/404|[from] item: Leftovers
|turn|5
|
|switch|p1a: Hydreigon|Hydreigon, F|325\/325
|-damage|p1a: Hydreigon|285\/325|[from] Stealth Rock
|move|p2a: Jellicent|Will-O-Wisp|p1a: Hydreigon
|-status|p1a: Hydreigon|brn
|
|-heal|p2a: Jellicent|348\/404|[from] item: Leftovers
|-damage|p1a: Hydreigon|245\/325 brn|[from] brn
|turn|6
|
|switch|p2a: Florges|Florges, F|360\/360
|-damage|p2a: Florges|315\/360|[from] Stealth Rock
|move|p1a: Hydreigon|U-turn|p2a: Florges
|-resisted|p2a: Florges
|-damage|p2a: Florges|301\/360
|
|switch|p1a: Crobat|Crobat, M|321\/321
|-damage|p1a: Crobat|241\/321|[from] Stealth Rock
|
|-heal|p2a: Florges|323\/360|[from] item: Leftovers
|turn|7
|
|switch|p2a: Steelix|Steelix-Mega, F|332\/354
|-damage|p2a: Steelix|321\/354|[from] Stealth Rock
|move|p1a: Crobat|U-turn|p2a: Steelix
|-resisted|p2a: Steelix
|-damage|p2a: Steelix|305\/354
|
|switch|p1a: Azelf|Azelf|115\/291
|-damage|p1a: Azelf|79\/291|[from] Stealth Rock
|
|turn|8
|c|âLatias tho|fuck
|c|âLatias tho|misclicked
|c|âLatias tho|sigh
|
|switch|p2a: Tentacruel|Tentacruel, F|364\/364
|-damage|p2a: Tentacruel|319\/364|[from] Stealth Rock
|move|p1a: Azelf|Fire Blast|p2a: Tentacruel|[miss]
|-miss|p1a: Azelf|p2a: Tentacruel
|
|-heal|p2a: Tentacruel|341\/364|[from] item: Black Sludge
|turn|9
|
|move|p1a: Azelf|Explosion|p2a: Tentacruel
|-damage|p2a: Tentacruel|63\/364
|faint|p1a: Azelf
|move|p2a: Tentacruel|Scald|p1: Azelf|[notarget]
|-notarget
|
|-heal|p2a: Tentacruel|85\/364|[from] item: Black Sludge
|leave|RowDog
|
|switch|p1a: Raikou|Raikou|321\/321
|-damage|p1a: Raikou|281\/321|[from] Stealth Rock
|-ability|p1a: Raikou|Pressure
|turn|10
|
|switch|p2a: Steelix|Steelix-Mega, F|305\/354
|-damage|p2a: Steelix|294\/354|[from] Stealth Rock
|move|p1a: Raikou|Extrasensory|p2a: Steelix
|-resisted|p2a: Steelix
|-damage|p2a: Steelix|263\/354
|
|turn|11
|
|switch|p1a: Hydreigon|Hydreigon, F|245\/325 brn
|-damage|p1a: Hydreigon|205\/325 brn|[from] Stealth Rock
|move|p2a: Steelix|Roar|p1a: Hydreigon
|drag|p1a: Crobat|Crobat, M|241\/321
|-damage|p1a: Crobat|161\/321|[from] Stealth Rock
|
|turn|12
|
|move|p1a: Crobat|U-turn|p2a: Steelix
|-resisted|p2a: Steelix
|-damage|p2a: Steelix|247\/354
|
|switch|p1a: Blastoise|Blastoise-Mega, M|342\/342
|-damage|p1a: Blastoise|300\/342|[from] Stealth Rock
|move|p2a: Steelix|Roar|p1a: Blastoise
|drag|p1a: Hydreigon|Hydreigon, F|205\/325 brn
|-damage|p1a: Hydreigon|165\/325 brn|[from] Stealth Rock
|
|-damage|p1a: Hydreigon|125\/325 brn|[from] brn
|turn|13
|
|switch|p2a: Florges|Florges, F|323\/360
|-damage|p2a: Florges|278\/360|[from] Stealth Rock
|move|p1a: Hydreigon|U-turn|p2a: Florges
|-resisted|p2a: Florges
|-damage|p2a: Florges|265\/360
|
|switch|p1a: Entei|Entei, shiny|371\/371
|-damage|p1a: Entei|279\/371|[from] Stealth Rock
|-ability|p1a: Entei|Pressure
|
|-heal|p2a: Florges|287\/360|[from] item: Leftovers
|turn|14
|
|move|p2a: Florges|Protect|p2a: Florges
|-singleturn|p2a: Florges|Protect
|move|p1a: Entei|Sacred Fire|p2a: Florges
|-activate|p2a: Florges|Protect
|
|-heal|p2a: Florges|309\/360|[from] item: Leftovers
|turn|15
|
|switch|p2a: Jellicent|Jellicent, F|348\/404
|-damage|p2a: Jellicent|298\/404|[from] Stealth Rock
|move|p1a: Entei|Sacred Fire|p2a: Jellicent
|-resisted|p2a: Jellicent
|-damage|p2a: Jellicent|174\/404
|-status|p2a: Jellicent|brn
|
|-heal|p2a: Jellicent|199\/404 brn|[from] item: Leftovers
|-damage|p2a: Jellicent|149\/404 brn|[from] brn
|turn|16
|
|move|p1a: Entei|Sacred Fire|p2a: Jellicent
|-resisted|p2a: Jellicent
|-damage|p2a: Jellicent|14\/404 brn
|move|p2a: Jellicent|Recover|p2a: Jellicent
|-heal|p2a: Jellicent|216\/404 brn
|
|-heal|p2a: Jellicent|241\/404 brn|[from] item: Leftovers
|-damage|p2a: Jellicent|191\/404 brn|[from] brn
|turn|17
|
|switch|p1a: Raikou|Raikou|281\/321
|-damage|p1a: Raikou|241\/321|[from] Stealth Rock
|-ability|p1a: Raikou|Pressure
|move|p2a: Jellicent|Recover|p2a: Jellicent
|-heal|p2a: Jellicent|393\/404 brn
|
|-heal|p2a: Jellicent|404\/404 brn|[from] item: Leftovers
|-damage|p2a: Jellicent|354\/404 brn|[from] brn
|turn|18
|
|move|p1a: Raikou|Hidden Power|p2a: Jellicent
|-resisted|p2a: Jellicent
|-damage|p2a: Jellicent|325\/404 brn
|move|p2a: Jellicent|Will-O-Wisp|p1a: Raikou
|-status|p1a: Raikou|brn
|
|-heal|p2a: Jellicent|350\/404 brn|[from] item: Leftovers
|-damage|p1a: Raikou|201\/321 brn|[from] brn
|-damage|p2a: Jellicent|300\/404 brn|[from] brn
|turn|19
|
|move|p1a: Raikou|Hidden Power|p2a: Jellicent
|-resisted|p2a: Jellicent
|-damage|p2a: Jellicent|271\/404 brn
|move|p2a: Jellicent|Scald|p1a: Raikou
|-damage|p1a: Raikou|123\/321 brn
|
|-heal|p2a: Jellicent|296\/404 brn|[from] item: Leftovers
|-damage|p1a: Raikou|83\/321 brn|[from] brn
|-damage|p2a: Jellicent|246\/404 brn|[from] brn
|turn|20
|
|move|p1a: Raikou|Volt Switch|p2a: Jellicent
|-crit|p2a: Jellicent
|-supereffective|p2a: Jellicent
|-damage|p2a: Jellicent|0 fnt
|faint|p2a: Jellicent
|
|switch|p1a: Blastoise|Blastoise-Mega, M|300\/342
|-damage|p1a: Blastoise|258\/342|[from] Stealth Rock
|
|
|switch|p2a: Tentacruel|Tentacruel, F|85\/364
|-damage|p2a: Tentacruel|40\/364|[from] Stealth Rock
|turn|21
|
|move|p2a: Tentacruel|Rapid Spin|p1a: Blastoise
|-damage|p1a: Blastoise|247\/342
|-sideend|p2: lapraz|Stealth Rock|[from] move: Rapid Spin|[of] p2a: Tentacruel
|move|p1a: Blastoise|Scald|p2a: Tentacruel
|-resisted|p2a: Tentacruel
|-damage|p2a: Tentacruel|0 fnt
|faint|p2a: Tentacruel
|
|
|switch|p2a: Noivern|Noivern, M|374\/374
|turn|22
|
|switch|p2a: Florges|Florges, F|309\/360
|move|p1a: Blastoise|Rapid Spin|p2a: Florges
|-damage|p2a: Florges|293\/360
|-sideend|p1: Latias tho|Stealth Rock|[from] move: Rapid Spin|[of] p1a: Blastoise
|
|-heal|p2a: Florges|315\/360|[from] item: Leftovers
|turn|23
|
|switch|p1a: Crobat|Crobat, M|161\/321
|move|p2a: Florges|Wish|p2a: Florges
|
|-heal|p2a: Florges|337\/360|[from] item: Leftovers
|turn|24
|
|switch|p2a: Steelix|Steelix-Mega, F|247\/354
|move|p1a: Crobat|U-turn|p2a: Steelix
|-crit|p2a: Steelix
|-resisted|p2a: Steelix
|-damage|p2a: Steelix|224\/354
|
|switch|p1a: Blastoise|Blastoise-Mega, M|247\/342
|
|-heal|p2a: Steelix|354\/354|[from] move: Wish|[wisher] Florges
|turn|25
|
|switch|p2a: Chesnaught|Chesnaught, F|380\/380
|move|p1a: Blastoise|Scald|p2a: Chesnaught
|-resisted|p2a: Chesnaught
|-damage|p2a: Chesnaught|284\/380
|
|-heal|p2a: Chesnaught|307\/380|[from] item: Leftovers
|turn|26
|
|move|p2a: Chesnaught|Spiky Shield|p2a: Chesnaught
|-singleturn|p2a: Chesnaught|move: Protect
|move|p1a: Blastoise|Ice Beam|p2a: Chesnaught
|-activate|p2a: Chesnaught|move: Protect
|
|-heal|p2a: Chesnaught|330\/380|[from] item: Leftovers
|turn|27
|
|switch|p2a: Florges|Florges, F|337\/360
|move|p1a: Blastoise|Ice Beam|p2a: Florges
|-damage|p2a: Florges|257\/360
|
|-heal|p2a: Florges|279\/360|[from] item: Leftovers
|turn|28
|
|switch|p1a: Entei|Entei, shiny|279\/371
|-ability|p1a: Entei|Pressure
|move|p2a: Florges|Moonblast|p1a: Entei
|-resisted|p1a: Entei
|-damage|p1a: Entei|207\/371
|
|-heal|p2a: Florges|301\/360|[from] item: Leftovers
|turn|29
|
|move|p2a: Florges|Protect|p2a: Florges
|-singleturn|p2a: Florges|Protect
|move|p1a: Entei|Sacred Fire|p2a: Florges
|-activate|p2a: Florges|Protect
|
|-heal|p2a: Florges|323\/360|[from] item: Leftovers
|turn|30
|
|switch|p2a: Noivern|Noivern, M|374\/374
|move|p1a: Entei|Sacred Fire|p2a: Noivern
|-resisted|p2a: Noivern
|-damage|p2a: Noivern|218\/374
|
|-heal|p2a: Noivern|241\/374|[from] item: Leftovers
|turn|31
|
|switch|p1a: Raikou|Raikou|83\/321 brn
|-ability|p1a: Raikou|Pressure
|move|p2a: Noivern|Toxic|p1a: Raikou
|-fail|p1a: Raikou
|
|-heal|p2a: Noivern|264\/374|[from] item: Leftovers
|-damage|p1a: Raikou|43\/321 brn|[from] brn
|turn|32
|
|switch|p2a: Steelix|Steelix-Mega, F|354\/354
|move|p1a: Raikou|Volt Switch|p2a: Steelix
|-immune|p2a: Steelix|[msg]
|
|-damage|p1a: Raikou|3\/321 brn|[from] brn
|turn|33
|
|move|p1a: Raikou|Hidden Power|p2a: Steelix
|-damage|p2a: Steelix|303\/354
|move|p2a: Steelix|Stealth Rock|p1a: Raikou
|-sidestart|p1: Latias tho|move: Stealth Rock
|
|-damage|p1a: Raikou|0 fnt|[from] brn
|faint|p1a: Raikou
|
|switch|p1a: Entei|Entei, shiny|207\/371
|-damage|p1a: Entei|115\/371|[from] Stealth Rock
|-ability|p1a: Entei|Pressure
|turn|34
|
|switch|p2a: Noivern|Noivern, M|264\/374
|move|p1a: Entei|Sacred Fire|p2a: Noivern
|-resisted|p2a: Noivern
|-damage|p2a: Noivern|109\/374
|
|-heal|p2a: Noivern|132\/374|[from] item: Leftovers
|turn|35
|
|switch|p2a: Florges|Florges, F|323\/360
|move|p1a: Entei|Sacred Fire|p2a: Florges
|-damage|p2a: Florges|28\/360
|-status|p2a: Florges|brn
|
|-heal|p2a: Florges|50\/360 brn|[from] item: Leftovers
|-damage|p2a: Florges|5\/360 brn|[from] brn
|turn|36
|
|move|p2a: Florges|Protect|p2a: Florges
|-singleturn|p2a: Florges|Protect
|move|p1a: Entei|Sacred Fire|p2a: Florges
|-activate|p2a: Florges|Protect
|
|-heal|p2a: Florges|27\/360 brn|[from] item: Leftovers
|-damage|p2a: Florges|0 fnt|[from] brn
|faint|p2a: Florges
|
|switch|p2a: Steelix|Steelix-Mega, F|303\/354
|turn|37
|
|switch|p1a: Crobat|Crobat, M|161\/321
|-damage|p1a: Crobat|81\/321|[from] Stealth Rock
|move|p2a: Steelix|Rest|p2a: Steelix
|-status|p2a: Steelix|slp
|-heal|p2a: Steelix|354\/354 slp|[silent]
|-status|p2a: Steelix|slp|[from] move: Rest
|
|turn|38
|
|move|p1a: Crobat|Taunt|p2a: Steelix
|-start|p2a: Steelix|move: Taunt
|cant|p2a: Steelix|slp
|
|turn|39
|
|move|p1a: Crobat|U-turn|p2a: Steelix
|-crit|p2a: Steelix
|-resisted|p2a: Steelix
|-damage|p2a: Steelix|330\/354 slp
|
|switch|p1a: Blastoise|Blastoise-Mega, M|247\/342
|-damage|p1a: Blastoise|205\/342|[from] Stealth Rock
|cant|p2a: Steelix|slp
|
|turn|40
|
|switch|p2a: Noivern|Noivern, M|132\/374
|move|p1a: Blastoise|Rapid Spin|p2a: Noivern
|-damage|p2a: Noivern|115\/374
|-sideend|p1: Latias tho|Stealth Rock|[from] move: Rapid Spin|[of] p1a: Blastoise
|
|-heal|p2a: Noivern|138\/374|[from] item: Leftovers
|turn|41
|
|move|p2a: Noivern|Roost|p2a: Noivern
|-heal|p2a: Noivern|325\/374
|move|p1a: Blastoise|Ice Beam|p2a: Noivern
|-supereffective|p2a: Noivern
|-damage|p2a: Noivern|109\/374
|
|-heal|p2a: Noivern|132\/374|[from] item: Leftovers
|turn|42
|
|move|p2a: Noivern|Roost|p2a: Noivern
|-heal|p2a: Noivern|319\/374
|move|p1a: Blastoise|Ice Beam|p2a: Noivern
|-supereffective|p2a: Noivern
|-damage|p2a: Noivern|111\/374
|
|-heal|p2a: Noivern|134\/374|[from] item: Leftovers
|turn|43
|
|move|p2a: Noivern|Toxic|p1a: Blastoise
|-status|p1a: Blastoise|tox
|move|p1a: Blastoise|Ice Beam|p2a: Noivern
|-supereffective|p2a: Noivern
|-damage|p2a: Noivern|0 fnt
|faint|p2a: Noivern
|
|-damage|p1a: Blastoise|184\/342 tox|[from] psn
|
|switch|p2a: Chesnaught|Chesnaught, F|330\/380
|turn|44
|
|move|p2a: Chesnaught|Spiky Shield|p2a: Chesnaught
|-singleturn|p2a: Chesnaught|move: Protect
|move|p1a: Blastoise|Ice Beam|p2a: Chesnaught
|-activate|p2a: Chesnaught|move: Protect
|
|-heal|p2a: Chesnaught|353\/380|[from] item: Leftovers
|-damage|p1a: Blastoise|142\/342 tox|[from] psn
|turn|45
|
|switch|p2a: Steelix|Steelix-Mega, F|330\/354 slp
|move|p1a: Blastoise|Ice Beam|p2a: Steelix
|-damage|p2a: Steelix|240\/354 slp
|
|-damage|p1a: Blastoise|79\/342 tox|[from] psn
|turn|46
|
|move|p1a: Blastoise|Ice Beam|p2a: Steelix
|-damage|p2a: Steelix|144\/354 slp
|-curestatus|p2a: Steelix|slp
|move|p2a: Steelix|Earthquake|p1a: Blastoise
|-damage|p1a: Blastoise|0 fnt
|faint|p1a: Blastoise
|
|
|switch|p1a: Entei|Entei, shiny|115\/371
|-ability|p1a: Entei|Pressure
|turn|47
|
|switch|p2a: Chesnaught|Chesnaught, F|353\/380
|move|p1a: Entei|Flare Blitz|p2a: Chesnaught
|-supereffective|p2a: Chesnaught
|-damage|p2a: Chesnaught|0 fnt
|-damage|p1a: Entei|0 fnt|[from] recoil|[of] p2a: Chesnaught
|faint|p2a: Chesnaught
|faint|p1a: Entei
|
|
|switch|p1a: Hydreigon|Hydreigon, F|125\/325 brn
|switch|p2a: Steelix|Steelix-Mega, F|144\/354
|turn|48
|
|move|p1a: Hydreigon|Fire Blast|p2a: Steelix
|-supereffective|p2a: Steelix
|-damage|p2a: Steelix|0 fnt
|faint|p2a: Steelix
|
|win|Latias tho
|raw|Ladder updating...
|raw|Latias tho's rating: 1515 &rarr; <strong>1536<\/strong><br \/>(+21 for winning)
|raw|lapraz's rating: 1528 &rarr; <strong>1507<\/strong><br \/>(-21 for losing)
|c|âLatias tho|gg
|c|âlapraz|gg
|leave|lapraz
|player|p2