|join|Latias tho
|join|Arbrissseau
|player|p1|Latias tho|217
|player|p2|Arbrissseau|16
|gametype|singles
|gen|6
|tier|UU
|rated
|rule|Sleep Clause Mod: Limit one foe put to sleep
|rule|Species Clause: Limit one of each PokÃ©mon
|rule|OHKO Clause: OHKO moves are banned
|rule|Moody Clause: Moody is banned
|rule|Evasion Moves Clause: Evasion moves are banned
|rule|Endless Battle Clause: Forcing endless battles is banned
|rule|HP Percentage Mod: HP is shown in percentages
|clearpoke
|poke|p1|Sneasel, M
|poke|p1|Chatot, M
|poke|p1|Serperior, M
|poke|p1|Volbeat, M
|poke|p1|Illumise, F
|poke|p1|Ursaring, M
|poke|p2|Raikou
|poke|p2|Quagsire, F
|poke|p2|Vaporeon, F
|poke|p2|Absol, M
|poke|p2|Arcanine, M
|poke|p2|Forretress, M
|rule|Swagger Clause: Swagger is banned
|rule|Baton Pass Clause: Limit one PokÃ©mon knowing Baton Pass
|teampreview
|
|start
|switch|p1a: Hax|Sneasel, M|252\/252
|switch|p2a: Bro'|Forretress, M|354\/354
|turn|1
|
|move|p1a: Hax|Beat Up|p2a: Bro'
|-damage|p2a: Bro'|341\/354
|-damage|p2a: Bro'|331\/354
|-damage|p2a: Bro'|321\/354
|-damage|p2a: Bro'|308\/354
|-damage|p2a: Bro'|299\/354
|-damage|p2a: Bro'|283\/354
|-hitcount|p2a: Bro'|6
|move|p2a: Bro'|Stealth Rock|p1a: Hax
|-sidestart|p1: Latias tho|move: Stealth Rock
|
|-heal|p2a: Bro'|305\/354|[from] item: Leftovers
|turn|2
|join|Eyan
|
|move|p1a: Hax|Beat Up|p2a: Bro'
|-damage|p2a: Bro'|292\/354
|-damage|p2a: Bro'|282\/354
|-crit|p2a: Bro'
|-damage|p2a: Bro'|266\/354
|-damage|p2a: Bro'|254\/354
|-damage|p2a: Bro'|245\/354
|-damage|p2a: Bro'|230\/354
|-hitcount|p2a: Bro'|6
|cant|p2a: Bro'|flinch
|
|-heal|p2a: Bro'|252\/354|[from] item: Leftovers
|turn|3
|
|move|p1a: Hax|Beat Up|p2a: Bro'
|-damage|p2a: Bro'|237\/354
|-damage|p2a: Bro'|225\/354
|-damage|p2a: Bro'|215\/354
|-damage|p2a: Bro'|203\/354
|-damage|p2a: Bro'|196\/354
|-damage|p2a: Bro'|178\/354
|-hitcount|p2a: Bro'|6
|cant|p2a: Bro'|flinch
|
|-heal|p2a: Bro'|200\/354|[from] item: Leftovers
|turn|4
|c|âArbrissseau|this is mean
|c|âLatias tho|u can forfeit if u want
|
|move|p1a: Hax|Beat Up|p2a: Bro'
|-damage|p2a: Bro'|187\/354
|-damage|p2a: Bro'|178\/354
|-damage|p2a: Bro'|166\/354
|-damage|p2a: Bro'|154\/354
|-damage|p2a: Bro'|145\/354
|-damage|p2a: Bro'|130\/354
|-hitcount|p2a: Bro'|6
|cant|p2a: Bro'|flinch
|
|-heal|p2a: Bro'|152\/354|[from] item: Leftovers
|turn|5
|c|âArbrissseau|i won't forfeit for haxx xD
|
|move|p1a: Hax|Beat Up|p2a: Bro'
|-damage|p2a: Bro'|140\/354
|-damage|p2a: Bro'|131\/354
|-damage|p2a: Bro'|119\/354
|-damage|p2a: Bro'|109\/354
|-damage|p2a: Bro'|100\/354
|-damage|p2a: Bro'|84\/354
|-hitcount|p2a: Bro'|6
|move|p2a: Bro'|Toxic Spikes|p1a: Hax
|-sidestart|p1: Latias tho|move: Toxic Spikes
|
|-heal|p2a: Bro'|106\/354|[from] item: Leftovers
|turn|6
|
|move|p1a: Hax|Beat Up|p2a: Bro'
|-damage|p2a: Bro'|93\/354
|-damage|p2a: Bro'|83\/354
|-crit|p2a: Bro'
|-damage|p2a: Bro'|67\/354
|-damage|p2a: Bro'|55\/354
|-damage|p2a: Bro'|46\/354
|-damage|p2a: Bro'|30\/354
|-hitcount|p2a: Bro'|6
|cant|p2a: Bro'|flinch
|
|-heal|p2a: Bro'|52\/354|[from] item: Leftovers
|turn|7
|
|move|p1a: Hax|Knock Off|p2a: Bro'
|-damage|p2a: Bro'|0 fnt
|-enditem|p2a: Bro'|Leftovers|[from] move: Knock Off|[of] p1a: Hax
|faint|p2a: Bro'
|
|
|switch|p2a: Absol|Absol, M|271\/271
|turn|8
|
|detailschange|p2a: Absol|Absol-Mega, M
|-mega|p2a: Absol|Absol|Absolite
|move|p2a: Absol|Sucker Punch|p1a: Hax
|-resisted|p1a: Hax
|-damage|p1a: Hax|115\/252
|move|p1a: Hax|Beat Up|p2a: Absol
|-resisted|p2a: Absol
|-damage|p2a: Absol|257\/271
|-resisted|p2a: Absol
|-damage|p2a: Absol|244\/271
|-resisted|p2a: Absol
|-damage|p2a: Absol|230\/271
|-resisted|p2a: Absol
|-damage|p2a: Absol|218\/271
|-resisted|p2a: Absol
|-damage|p2a: Absol|208\/271
|-crit|p2a: Absol
|-resisted|p2a: Absol
|-damage|p2a: Absol|180\/271
|-hitcount|p2a: Absol|6
|
|turn|9
|join|Truth In Lies
|
|move|p2a: Absol|Sucker Punch|p1a: Hax
|-resisted|p1a: Hax
|-damage|p1a: Hax|0 fnt
|faint|p1a: Hax
|
|
|switch|p1a: Motherfucker|Illumise, F|334\/334
|-damage|p1a: Motherfucker|251\/334|[from] Stealth Rock
|-status|p1a: Motherfucker|psn
|turn|10
|
|switch|p1a: Teddeh|Ursaring, M|384\/384
|-status|p1a: Teddeh|psn
|-damage|p1a: Teddeh|336\/384 psn|[from] Stealth Rock
|move|p2a: Absol|Knock Off|p1a: Teddeh
|-damage|p1a: Teddeh|96\/384 psn
|-enditem|p1a: Teddeh|Assault Vest|[from] move: Knock Off|[of] p2a: Absol
|
|-damage|p1a: Teddeh|48\/384 psn|[from] psn
|turn|11
|
|move|p2a: Absol|Sucker Punch|p1a: Teddeh
|-damage|p1a: Teddeh|0 fnt
|faint|p1a: Teddeh
|
|
|switch|p1a: Again|Serperior, M|354\/354
|-damage|p1a: Again|310\/354|[from] Stealth Rock
|-status|p1a: Again|psn
|turn|12
|c|âArbrissseau|you can forfeit if you want ;)
|
|move|p2a: Absol|Knock Off|p1a: Again
|-damage|p1a: Again|100\/354 psn
|-enditem|p1a: Again|Leftovers|[from] move: Knock Off|[of] p2a: Absol
|move|p1a: Again|Leaf Storm|p2a: Absol
|-damage|p2a: Absol|0 fnt
|-boost|p1a: Again|spa|2
|faint|p2a: Absol
|
|-damage|p1a: Again|56\/354 psn|[from] psn
|
|switch|p2a: Raikou|Raikou|321\/321
|-ability|p2a: Raikou|Pressure
|turn|13
|
|move|p2a: Raikou|Thunderbolt|p1a: Again
|-resisted|p1a: Again
|-damage|p1a: Again|0 fnt
|faint|p1a: Again
|
|-message|Latias tho forfeited.
|
|win|Arbrissseau
|raw|Ladder updating...
|leave|Eyan