|join|oelfre
|join|Cholera90
|player|p1|oelfre|279
|player|p2|Cholera90|248
|gametype|singles
|gen|6
|tier|OU
|rated
|clearpoke
|poke|p1|Ferrothorn, M
|poke|p1|Heatran, M
|poke|p1|Latias, F
|poke|p1|Talonflame, M
|poke|p1|Magnezone
|poke|p1|Medicham, F
|poke|p2|Gardevoir, F
|poke|p2|Thundurus, M
|poke|p2|Talonflame, F
|poke|p2|Conkeldurr, M
|poke|p2|Jellicent, F
|poke|p2|Heatran, M
|rule|Swagger Clause: Swagger is banned
|rule|Baton Pass Clause: Limit one PokÃ©mon knowing Baton Pass
|rule|Sleep Clause Mod: Limit one foe put to sleep
|rule|Species Clause: Limit one of each PokÃ©mon
|rule|OHKO Clause: OHKO moves are banned
|rule|Moody Clause: Moody is banned
|rule|Evasion Moves Clause: Evasion moves are banned
|rule|Endless Battle Clause: Forcing endless battles is banned
|rule|HP Percentage Mod: HP is shown in percentages
|teampreview
|
|start
|switch|p1a: Medicham|Medicham, F|262\/262
|switch|p2a: Heatran|Heatran, M|323\/323
|-item|p2a: Heatran|Air Balloon
|turn|1
|
|switch|p2a: Jellicent|Jellicent, F|404\/404
|detailschange|p1a: Medicham|Medicham-Mega, F
|-mega|p1a: Medicham|Medicham|Medichamite
|move|p1a: Medicham|Fake Out|p2a: Jellicent
|-immune|p2a: Jellicent|[msg]
|
|turn|2
|
|switch|p1a: Magnezone|Magnezone|298\/298
|switch|p2a: Heatran|Heatran, M|323\/323
|-item|p2a: Heatran|Air Balloon
|
|turn|3
|
|switch|p1a: Latias|Latias, F|364\/364
|move|p2a: Heatran|Stealth Rock|p1a: Latias
|-sidestart|p1: oelfre|move: Stealth Rock
|
|turn|4
|
|move|p1a: Latias|Draco Meteor|p2a: Heatran
|-resisted|p2a: Heatran
|-damage|p2a: Heatran|247\/323
|-enditem|p2a: Heatran|Air Balloon
|-unboost|p1a: Latias|spa|2
|move|p2a: Heatran|Lava Plume|p1a: Latias
|-resisted|p1a: Latias
|-damage|p1a: Latias|312\/364
|-status|p1a: Latias|brn
|
|-heal|p1a: Latias|334\/364 brn|[from] item: Leftovers
|-damage|p1a: Latias|289\/364 brn|[from] brn
|turn|5
|
|move|p1a: Latias|Defog|p2a: Heatran
|-unboost|p2a: Heatran|evasion|1
|-sideend|p1: oelfre|Stealth Rock|[from] move: Defog|[of] p1a: Latias
|move|p2a: Heatran|Lava Plume|p1a: Latias
|-resisted|p1a: Latias
|-damage|p1a: Latias|232\/364 brn
|
|-heal|p1a: Latias|254\/364 brn|[from] item: Leftovers
|-damage|p1a: Latias|209\/364 brn|[from] brn
|turn|6
|
|switch|p1a: Medicham|Medicham-Mega, F|262\/262
|move|p2a: Heatran|Stealth Rock|p1a: Medicham
|-sidestart|p1: oelfre|move: Stealth Rock
|
|turn|7
|
|move|p1a: Medicham|Zen Headbutt|p2a: Heatran
|-resisted|p2a: Heatran
|-damage|p2a: Heatran|139\/323
|move|p2a: Heatran|Lava Plume|p1a: Medicham
|-damage|p1a: Medicham|93\/262
|-status|p1a: Medicham|brn
|
|-damage|p1a: Medicham|61\/262 brn|[from] brn
|turn|8
|
|switch|p2a: Jellicent|Jellicent, F|404\/404
|move|p1a: Medicham|Drain Punch|p2a: Jellicent
|-immune|p2a: Jellicent|[msg]
|
|-damage|p1a: Medicham|29\/262 brn|[from] brn
|turn|9
|-message|oelfre forfeited.
|
|win|Cholera90
|raw|Ladder updating...
|leave|oelfre
|player|p1
|raw|oelfre's rating: 1401 &rarr; <strong>1386<\/strong><br \/>(-15 for losing)
|raw|Cholera90's rating: 1492 &rarr; <strong>1507<\/strong><br \/>(+15 for winning)