|join|MoB Barley
|join|FunkyCrackudoCat
|player|p1|MoB Barley|161
|player|p2|FunkyCrackudoCat|210
|gametype|singles
|gen|6
|tier|OU
|clearpoke
|poke|p1|Mandibuzz, F, shiny
|poke|p1|Azumarill, M
|poke|p1|Breloom, M
|poke|p1|Latios, M
|poke|p1|Metagross, shiny
|poke|p1|Landorus, M
|poke|p2|Slowbro, M
|poke|p2|Gallade, M
|poke|p2|Heatran, M
|poke|p2|Latias, F
|poke|p2|Thundurus, M
|poke|p2|Landorus-Therian, M
|rule|Swagger Clause: Swagger is banned
|rule|Baton Pass Clause: Limit one PokÃ©mon knowing Baton Pass
|rule|Sleep Clause Mod: Limit one foe put to sleep
|rule|Species Clause: Limit one of each PokÃ©mon
|rule|OHKO Clause: OHKO moves are banned
|rule|Moody Clause: Moody is banned
|rule|Evasion Moves Clause: Evasion moves are banned
|rule|Endless Battle Clause: Forcing endless battles is banned
|rule|HP Percentage Mod: HP is shown in percentages
|teampreview
|join|6 agility
|join|SwaggBoii
|join|Albacore
|join|Doc.Potato
|join|I Iike Squirtles
|join|ANAL TISSUE
|join|Vrin
|join|Terra Olympus
|join|WaitTilYesterday
|join|fix the ladder
|join|Soul448
|join|Demandred
|join|Risky Chance
|join|gvybhujkn
|join|Smash Monkey
|join|nielssenberg
|c| Doc.Potato|My money s stillon mob
|join|craing
|join|only team testing
|leave|craing
|join|RedKingAlmighty
|join|Doc Sportello
|c| fix the ladder|mega gallade fucking rekts
|c| fix the ladder|this team
|c| Doc.Potato|ikr
|leave|only team testing
|
|start
|switch|p1a: Landorus|Landorus, M|319\/319
|switch|p2a: Landorus-Therian|Landorus-Therian, M|319\/319
|-ability|p2a: Landorus-Therian|Intimidate|[of] p1a: Landorus
|-unboost|p1a: Landorus|atk|1
|turn|1
|c| Doc.Potato|^^
|c| ANAL TISSUE|yupppppppppppppppppp
|c| Doc.Potato|m8
|
|move|p2a: Landorus-Therian|Knock Off|p1a: Landorus
|-damage|p1a: Landorus|186\/319
|-enditem|p1a: Landorus|Life Orb|[from] move: Knock Off|[of] p2a: Landorus-Therian
|move|p1a: Landorus|Stealth Rock|p2a: Landorus-Therian
|-sidestart|p2: FunkyCrackudoCat|move: Stealth Rock
|
|turn|2
|c| Soul448|madndibuzz one shots mega gallade
|
|switch|p2a: Slowbro|Slowbro, M|393\/393
|-damage|p2a: Slowbro|344\/393|[from] Stealth Rock
|move|p1a: Landorus|Hidden Power|p2a: Slowbro
|-resisted|p2a: Slowbro
|-damage|p2a: Slowbro|303\/393
|
|-heal|p2a: Slowbro|327\/393|[from] item: Leftovers
|turn|3
|c| Doc.Potato|bruh
|c| 6 agility|spoopy'd
|join|only team testing
|
|move|p1a: Landorus|Earth Power|p2a: Slowbro
|-damage|p2a: Slowbro|89\/393
|move|p2a: Slowbro|Thunder Wave|p1a: Landorus
|-immune|p1a: Landorus|[msg]
|
|-heal|p2a: Slowbro|113\/393|[from] item: Leftovers
|turn|4
|c| fix the ladder|obviously after mandibuzz is weakened
|c| 6 agility|mfw
|c| ANAL TISSUE|oo
|c|+Albacore|lol
|c| ANAL TISSUE|plays
|join|Chillingtilnoon
|
|switch|p1a: Metagross|Metagross, shiny|301\/301
|switch|p2a: Landorus-Therian|Landorus-Therian, M|319\/319
|-damage|p2a: Landorus-Therian|280\/319|[from] Stealth Rock
|-ability|p2a: Landorus-Therian|Intimidate|[of] p1a: Metagross
|-fail|p1a: Metagross|unboost|[from] ability: Clear Body|[of] p1a: Metagross
|
|turn|5
|c| Doc.Potato|#magikarp
|c| fix the ladder|u turn
|join|The Ess of Johan
|c| Soul448|eq
|
|switch|p1a: Mandibuzz|Mandibuzz, F, shiny|423\/423
|move|p2a: Landorus-Therian|Earthquake|p1a: Mandibuzz
|-immune|p1a: Mandibuzz|[msg]
|
|turn|6
|c| fix the ladder|mob isnt real enough
|c| fix the ladder|to stay in
|c| Doc.Potato|reveal ice punch
|
|switch|p2a: Slowbro|Slowbro, M|244\/393
|-damage|p2a: Slowbro|195\/393|[from] Stealth Rock
|move|p1a: Mandibuzz|Foul Play|p2a: Slowbro
|-supereffective|p2a: Slowbro
|-damage|p2a: Slowbro|93\/393
|
|-heal|p2a: Slowbro|117\/393|[from] item: Leftovers
|turn|7
|c| fix the ladder|told you
|c| ANAL TISSUE|obv av
|
|move|p1a: Mandibuzz|Taunt|p2a: Slowbro
|-start|p2a: Slowbro|move: Taunt
|cant|p2a: Slowbro|move: Taunt|Slack Off
|
|-heal|p2a: Slowbro|141\/393|[from] item: Leftovers
|turn|8
|
|move|p1a: Mandibuzz|Foul Play|p2a: Slowbro
|-supereffective|p2a: Slowbro
|-damage|p2a: Slowbro|25\/393
|move|p2a: Slowbro|Scald|p1a: Mandibuzz
|-damage|p1a: Mandibuzz|320\/423
|
|-heal|p2a: Slowbro|49\/393|[from] item: Leftovers
|turn|9
|c| Doc.Potato|plays
|c| fix the ladder|brah
|c| fix the ladder|switch
|
|switch|p2a: Heatran|Heatran, M|385\/385
|-damage|p2a: Heatran|337\/385|[from] Stealth Rock
|-item|p2a: Heatran|Air Balloon
|move|p1a: Mandibuzz|Foul Play|p2a: Heatran
|-damage|p2a: Heatran|255\/385
|-enditem|p2a: Heatran|Air Balloon
|
|turn|10
|c| 6 agility|no knock off BibleThump
|join|RayDalio
|c| Doc.Potato|pop
|
|move|p1a: Mandibuzz|Taunt|p2a: Heatran
|-start|p2a: Heatran|move: Taunt
|move|p2a: Heatran|Lava Plume|p1a: Mandibuzz
|-damage|p1a: Mandibuzz|167\/423
|
|turn|11
|join|I'm Virus (~'o')~
|
|switch|p1a: Azumarill|Azumarill, M|401\/401
|move|p2a: Heatran|Lava Plume|p1a: Azumarill
|-resisted|p1a: Azumarill
|-damage|p1a: Azumarill|335\/401
|
|turn|12
|c| ANAL TISSUE|no lefties on mandi???????
|c| Doc.Potato|burn
|c| Doc.Potato|dam
|c| fix the ladder|if rocks go's up when gallade sweeps
|
|move|p2a: Heatran|Flash Cannon|p1a: Azumarill
|-damage|p1a: Azumarill|205\/401
|move|p1a: Azumarill|Waterfall|p2a: Heatran
|-supereffective|p2a: Heatran
|-damage|p2a: Heatran|0 fnt
|faint|p2a: Heatran
|
|c| Doc.Potato|flash cannon?
|leave|only team testing
|join|only team testing
|
|switch|p2a: Thundurus|Thundurus, M|299\/299
|-damage|p2a: Thundurus|225\/299|[from] Stealth Rock
|turn|13
|c| Doc.Potato|T_T
|c| ANAL TISSUE|for fairies i assume
|join|Villager B
|
|switch|p2a: Latias|Latias, F|301\/301
|-damage|p2a: Latias|264\/301|[from] Stealth Rock
|switch|p1a: Latios|Latios, M|301\/301
|
|turn|14
|c| Doc.Potato|still not worth on heatran
|c| Vrin|he's using megallade
|join|Leyn
|c| Vrin|he needs something for fairies
|join|Alkov
|
|move|p1a: Latios|Draco Meteor|p2a: Latias
|-supereffective|p2a: Latias
|-damage|p2a: Latias|0 fnt
|-unboost|p1a: Latios|spa|2
|faint|p2a: Latias
|
|c| Doc.Potato|Speed tie right here
|
|switch|p2a: Gallade|Gallade, M|277\/277
|-damage|p2a: Gallade|260\/277|[from] Stealth Rock
|turn|15
|c| Soul448|enter gtallade
|c|âMoB Barley|im scarfed
|c|âMoB Barley|so
|c|+Albacore|healtran doesnt need flash cannon for fairies
|c| fix the ladder|wat
|c|+Albacore|unless scarf
|c| Vrin|scarf latias tho
|
|switch|p1a: Mandibuzz|Mandibuzz, F, shiny|167\/423
|detailschange|p2a: Gallade|Gallade-Mega, M
|-mega|p2a: Gallade|Gallade|Galladite
|move|p2a: Gallade|Swords Dance|p2a: Gallade
|-boost|p2a: Gallade|atk|2
|
|turn|16
|c| fix the ladder|real
|
|move|p2a: Gallade|Drain Punch|p1a: Mandibuzz
|-damage|p1a: Mandibuzz|0 fnt
|-heal|p2a: Gallade|277\/277|[from] drain|[of] p1a: Mandibuzz
|-damage|p2a: Gallade|231\/277|[from] item: Rocky Helmet|[of] p1a: Mandibuzz
|faint|p1a: Mandibuzz
|
|c| Doc.Potato|set upppppppppp
|c| fix the ladder|to real
|c| 6 agility|YOURE ALL DEAD
|c| WaitTilYesterday|reveal scarf foul play
|c| WaitTilYesterday|awww
|
|switch|p1a: Latios|Latios, M|301\/301
|turn|17
|c|+Albacore|drain punch?
|c| Doc.Potato|so very real
|
|move|p2a: Gallade|Shadow Sneak|p1a: Latios
|-supereffective|p1a: Latios
|-damage|p1a: Latios|57\/301
|move|p1a: Latios|Draco Meteor|p2a: Gallade
|-damage|p2a: Gallade|45\/277
|-unboost|p1a: Latios|spa|2
|
|turn|18
|c|+Albacore|really?
|c| Doc.Potato|lol
|c|+Albacore|LOL
|c| Vrin|weak af
|c| Soul448|oooh
|c| I'm Virus (~'o')~|b0p
|c| Doc.Potato|XD
|join|Marcoco
|
|move|p2a: Gallade|Shadow Sneak|p1a: Latios
|-supereffective|p1a: Latios
|-damage|p1a: Latios|0 fnt
|faint|p1a: Latios
|
|c| nielssenberg|nipple twist
|c| Vrin|that's why u dont run shadow sneak gallade kids
|
|switch|p1a: Azumarill|Azumarill, M|205\/401
|turn|19
|c| I'm Virus (~'o')~|b0p
|c| Doc.Potato|A jet
|c| fix the ladder|sneak
|leave|RedKingAlmighty
|c| WaitTilYesterday|should've drained first turn lati was in
|
|move|p2a: Gallade|Shadow Sneak|p1a: Azumarill
|-crit|p1a: Azumarill
|-damage|p1a: Azumarill|17\/401
|move|p1a: Azumarill|Aqua Jet|p2a: Gallade
|-damage|p2a: Gallade|0 fnt
|faint|p2a: Gallade
|
|c| 6 agility|(à¸ Í Â° ÍÙÍ Í¡Â°)à¸
|c| WaitTilYesterday|would've taken a shit ton
|c|âMoB Barley|weak af
|c| Vrin|CRIT
|c|âMoB Barley|wow
|c| Doc.Potato|yup
|c| fix the ladder|lol even with crit
|
|switch|p2a: Landorus-Therian|Landorus-Therian, M|280\/319
|-damage|p2a: Landorus-Therian|241\/319|[from] Stealth Rock
|-ability|p2a: Landorus-Therian|Intimidate|[of] p1a: Azumarill
|-unboost|p1a: Azumarill|atk|1
|turn|20
|c| Doc.Potato|Shadow sneak sucks balls
|c| Vrin|as i said
|c| Vrin|Vrin: that's why u dont run shadow sneak gallade kids
|c| WaitTilYesterday|that's a non-stab prio move
|
|move|p1a: Azumarill|Aqua Jet|p2a: Landorus-Therian
|-supereffective|p2a: Landorus-Therian
|-damage|p2a: Landorus-Therian|121\/319
|move|p2a: Landorus-Therian|U-turn|p1a: Azumarill
|-resisted|p1a: Azumarill
|-damage|p1a: Azumarill|0 fnt
|faint|p1a: Azumarill
|
|switch|p2a: Slowbro|Slowbro, M|180\/393
|-damage|p2a: Slowbro|131\/393|[from] Stealth Rock
|
|-heal|p2a: Slowbro|155\/393|[from] item: Leftovers
|c| nielssenberg|shadow sneak or not he was dead anyway
|c| fix the ladder|i mean it's a +2 165 atk
|join|Trafflaw
|join|testingforfriend
|c| fix the ladder|it should do more than that
|c| Doc.Potato|^
|c| Vrin|40 BP tho
|c| Soul448|not stab
|c| fix the ladder|still
|
|switch|p1a: Breloom|Breloom, M|261\/261
|turn|21
|
|switch|p2a: Landorus-Therian|Landorus-Therian, M|121\/319
|-damage|p2a: Landorus-Therian|82\/319|[from] Stealth Rock
|-ability|p2a: Landorus-Therian|Intimidate|[of] p1a: Breloom
|-unboost|p1a: Breloom|atk|1
|move|p1a: Breloom|Spore|p2a: Landorus-Therian
|-status|p2a: Landorus-Therian|slp
|
|turn|22
|c| Vrin|it's like a 92 spatk mon using hydro pump
|c| Doc.Potato|\/\/shadow
|
|switch|p2a: Slowbro|Slowbro, M|286\/393
|-damage|p2a: Slowbro|237\/393|[from] Stealth Rock
|move|p1a: Breloom|Swords Dance|p1a: Breloom
|-boost|p1a: Breloom|atk|2
|
|-heal|p2a: Slowbro|261\/393|[from] item: Leftovers
|turn|23
|join|Jefo
|c| Vrin|dont expect too much out of it
|leave|Chillingtilnoon
|
|move|p1a: Breloom|Bullet Seed|p2a: Slowbro
|-supereffective|p2a: Slowbro
|-damage|p2a: Slowbro|66\/393
|-supereffective|p2a: Slowbro
|-damage|p2a: Slowbro|0 fnt
|-hitcount|p2a: Slowbro|2
|-damage|p1a: Breloom|235\/261|[from] item: Life Orb
|faint|p2a: Slowbro
|
|c| ANAL TISSUE|laatias or latios
|join|TFL
|c| Marcoco|lo
|
|switch|p2a: Thundurus|Thundurus, M|225\/299
|-damage|p2a: Thundurus|151\/299|[from] Stealth Rock
|turn|24
|c| Vrin|not even switching
|
|switch|p2a: Landorus-Therian|Landorus-Therian, M|82\/319 slp
|-damage|p2a: Landorus-Therian|43\/319 slp|[from] Stealth Rock
|-ability|p2a: Landorus-Therian|Intimidate|[of] p1a: Breloom
|-unboost|p1a: Breloom|atk|1
|move|p1a: Breloom|Mach Punch|p2a: Landorus-Therian
|-resisted|p2a: Landorus-Therian
|-damage|p2a: Landorus-Therian|0 fnt
|-damage|p1a: Breloom|209\/261|[from] item: Life Orb
|faint|p2a: Landorus-Therian
|
|c| Vrin|uh
|
|switch|p2a: Thundurus|Thundurus, M|151\/299
|-damage|p2a: Thundurus|77\/299|[from] Stealth Rock
|turn|25
|c| Doc.Potato|and here is when u know
|c| Vrin|why r u switching out
|c| Doc.Potato|its gg
|c| Soul448|gg
|join|PragaSV
|
|move|p1a: Breloom|Mach Punch|p2a: Thundurus
|-resisted|p2a: Thundurus
|-damage|p2a: Thundurus|0 fnt
|-damage|p1a: Breloom|183\/261|[from] item: Life Orb
|faint|p2a: Thundurus
|
|win|MoB Barley
|c|âMoB Barley|gg
|c|âFunkyCrackudoCat|gg
|c| PragaSV|see?
|leave|MoB Barley
|player|p1
|leave|Risky Chance