|join|MoB Barley
|join|Dragongroudon9
|player|p1|MoB Barley|161
|player|p2|Dragongroudon9|290
|gametype|singles
|gen|6
|tier|OU
|clearpoke
|poke|p1|Diancie, shiny
|poke|p1|Hydreigon, M
|poke|p1|Magnezone, shiny
|poke|p1|Jirachi, shiny
|poke|p1|Landorus-Therian, M
|poke|p1|Azumarill, M, shiny
|poke|p2|Scizor, F
|poke|p2|Heatran, F
|poke|p2|Conkeldurr, M
|poke|p2|Zapdos
|poke|p2|Landorus-Therian, M
|poke|p2|Slowbro, F
|rule|Swagger Clause: Swagger is banned
|rule|Baton Pass Clause: Limit one PokÃ©mon knowing Baton Pass
|rule|Sleep Clause Mod: Limit one foe put to sleep
|rule|Species Clause: Limit one of each PokÃ©mon
|rule|OHKO Clause: OHKO moves are banned
|rule|Moody Clause: Moody is banned
|rule|Evasion Moves Clause: Evasion moves are banned
|rule|Endless Battle Clause: Forcing endless battles is banned
|rule|HP Percentage Mod: HP is shown in percentages
|teampreview
|join|Incognitus
|
|start
|switch|p1a: Angel|Diancie, shiny|241\/241
|switch|p2a: Baking Cake|Heatran, F|385\/385
|turn|1
|join|AM
|
|switch|p2a: Cloud Feet 3|Landorus-Therian, M|319\/319
|-ability|p2a: Cloud Feet 3|Intimidate|[of] p1a: Angel
|-fail|p1a: Angel|unboost|[from] ability: Clear Body|[of] p1a: Angel
|detailschange|p1a: Angel|Diancie-Mega, shiny
|-mega|p1a: Angel|Diancie|Diancite
|move|p1a: Angel|Protect|p1a: Angel
|-fail|p1a: Angel
|
|turn|2
|
|move|p1a: Angel|Protect|p1a: Angel
|-singleturn|p1a: Angel|Protect
|move|p2a: Cloud Feet 3|U-turn|p1a: Angel
|-activate|p1a: Angel|Protect
|
|turn|3
|join|powaa
|leave|powaa
|
|move|p2a: Cloud Feet 3|U-turn|p1a: Angel
|-resisted|p1a: Angel
|-damage|p1a: Angel|198\/241
|
|switch|p2a: Much Powa|Scizor, F|343\/343
|move|p1a: Angel|Moonblast|p2a: Much Powa
|-resisted|p2a: Much Powa
|-damage|p2a: Much Powa|238\/343
|
|turn|4
|join|Rapture's Finest
|
|switch|p1a: Starburst|Jirachi, shiny|404\/404
|switch|p2a: Cloud Feet 3|Landorus-Therian, M|319\/319
|-ability|p2a: Cloud Feet 3|Intimidate|[of] p1a: Starburst
|-unboost|p1a: Starburst|atk|1
|
|turn|5
|
|move|p2a: Cloud Feet 3|Earthquake|p1a: Starburst
|-supereffective|p1a: Starburst
|-damage|p1a: Starburst|42\/404
|move|p1a: Starburst|Stealth Rock|p2a: Cloud Feet 3
|-sidestart|p2: Dragongroudon9|move: Stealth Rock
|
|-heal|p1a: Starburst|67\/404|[from] item: Leftovers
|turn|6
|join|Lord Kuvira
|
|switch|p2a: Durp|Slowbro, F|394\/394
|-damage|p2a: Durp|345\/394|[from] Stealth Rock
|switch|p1a: Illuminati|Hydreigon, M|325\/325
|
|-heal|p2a: Durp|369\/394|[from] item: Leftovers
|turn|7
|
|switch|p2a: Baking Cake|Heatran, F|385\/385
|-damage|p2a: Baking Cake|337\/385|[from] Stealth Rock
|move|p1a: Illuminati|Draco Meteor|p2a: Baking Cake
|-resisted|p2a: Baking Cake
|-damage|p2a: Baking Cake|206\/385
|-unboost|p1a: Illuminati|spa|2
|-damage|p1a: Illuminati|293\/325|[from] item: Life Orb
|
|-heal|p2a: Baking Cake|230\/385|[from] item: Leftovers
|turn|8
|leave|AM
|
|move|p1a: Illuminati|Superpower|p2a: Baking Cake
|-supereffective|p2a: Baking Cake
|-damage|p2a: Baking Cake|0 fnt
|-unboost|p1a: Illuminati|atk|1
|-unboost|p1a: Illuminati|def|1
|-damage|p1a: Illuminati|261\/325|[from] item: Life Orb
|faint|p2a: Baking Cake
|
|
|switch|p2a: Cloud Feet 3|Landorus-Therian, M|319\/319
|-damage|p2a: Cloud Feet 3|280\/319|[from] Stealth Rock
|-ability|p2a: Cloud Feet 3|Intimidate|[of] p1a: Illuminati
|-unboost|p1a: Illuminati|atk|1
|turn|9
|
|switch|p1a: land doge|Landorus-Therian, M|319\/319
|-ability|p1a: land doge|Intimidate|[of] p2a: Cloud Feet 3
|-unboost|p2a: Cloud Feet 3|atk|1
|move|p2a: Cloud Feet 3|U-turn|p1a: land doge
|-resisted|p1a: land doge
|-damage|p1a: land doge|284\/319
|leave|Incognitus
|
|switch|p2a: Much Powa|Scizor, F|238\/343
|-damage|p2a: Much Powa|196\/343|[from] Stealth Rock
|
|turn|10
|
|switch|p2a: Mista T|Conkeldurr, M|351\/351
|-damage|p2a: Mista T|330\/351|[from] Stealth Rock
|move|p1a: land doge|U-turn|p2a: Mista T
|-resisted|p2a: Mista T
|-damage|p2a: Mista T|279\/351
|
|switch|p1a: Wabbit Season|Azumarill, M, shiny|360\/360
|
|turn|11
|
|switch|p2a: Durp|Slowbro, F|394\/394
|-damage|p2a: Durp|345\/394|[from] Stealth Rock
|move|p1a: Wabbit Season|Knock Off|p2a: Durp
|-supereffective|p2a: Durp
|-damage|p2a: Durp|141\/394
|-enditem|p2a: Durp|Leftovers|[from] move: Knock Off|[of] p1a: Wabbit Season
|
|turn|12
|
|move|p1a: Wabbit Season|Play Rough|p2a: Durp
|-damage|p2a: Durp|0 fnt
|faint|p2a: Durp
|
|c|âDragongroudon9|Darn
|c|âDragongroudon9|I read the calc wrong, I thought it said 33%
|
|switch|p2a: Much Powa|Scizor, F|196\/343
|-damage|p2a: Much Powa|154\/343|[from] Stealth Rock
|turn|13
|
|switch|p1a: Magneto|Magnezone, shiny|281\/281
|detailschange|p2a: Much Powa|Scizor-Mega, F
|-mega|p2a: Much Powa|Scizor|Scizorite
|move|p2a: Much Powa|Roost|p2a: Much Powa
|-heal|p2a: Much Powa|326\/343
|
|turn|14
|
|move|p1a: Magneto|Hidden Power|p2a: Much Powa
|-supereffective|p2a: Much Powa
|-damage|p2a: Much Powa|86\/343
|move|p2a: Much Powa|Knock Off|p1a: Magneto
|-damage|p1a: Magneto|186\/281
|-enditem|p1a: Magneto|Choice Scarf|[from] move: Knock Off|[of] p2a: Much Powa
|
|turn|15
|
|move|p1a: Magneto|Volt Switch|p2a: Much Powa
|-damage|p2a: Much Powa|0 fnt
|faint|p2a: Much Powa
|
|switch|p1a: Illuminati|Hydreigon, M|261\/325
|
|
|switch|p2a: Mista T|Conkeldurr, M|279\/351
|-damage|p2a: Mista T|258\/351|[from] Stealth Rock
|turn|16
|
|switch|p1a: Starburst|Jirachi, shiny|67\/404
|move|p2a: Mista T|Poison Jab|p1a: Starburst
|-immune|p1a: Starburst|[msg]
|
|-heal|p1a: Starburst|92\/404|[from] item: Leftovers
|turn|17
|
|switch|p2a: Sesame Street Reje|Zapdos|384\/384
|-damage|p2a: Sesame Street Reje|288\/384|[from] Stealth Rock
|-ability|p2a: Sesame Street Reje|Pressure
|move|p1a: Starburst|Wish|p1a: Starburst
|
|-heal|p1a: Starburst|117\/404|[from] item: Leftovers
|-heal|p2a: Sesame Street Reje|312\/384|[from] item: Leftovers
|turn|18
|
|switch|p1a: Angel|Diancie-Mega, shiny|198\/241
|move|p2a: Sesame Street Reje|Defog|p1a: Angel
|move|p1a: Angel|Defog|p2a: Sesame Street Reje|[from]Magic Bounce
|-unboost|p2a: Sesame Street Reje|evasion|1
|-sideend|p2: Dragongroudon9|Stealth Rock|[from] move: Defog|[of] p2a: Sesame Street Reje
|
|-heal|p1a: Angel|241\/241|[from] move: Wish|[wisher] Starburst
|-heal|p2a: Sesame Street Reje|336\/384|[from] item: Leftovers
|turn|19
|
|move|p1a: Angel|Diamond Storm|p2a: Sesame Street Reje
|-supereffective|p2a: Sesame Street Reje
|-damage|p2a: Sesame Street Reje|16\/384
|move|p2a: Sesame Street Reje|Thunderbolt|p1a: Angel
|-damage|p1a: Angel|105\/241
|
|-heal|p2a: Sesame Street Reje|40\/384|[from] item: Leftovers
|turn|20
|
|move|p1a: Angel|Moonblast|p2a: Sesame Street Reje
|-damage|p2a: Sesame Street Reje|0 fnt
|faint|p2a: Sesame Street Reje
|
|
|switch|p2a: Cloud Feet 3|Landorus-Therian, M|280\/319
|-ability|p2a: Cloud Feet 3|Intimidate|[of] p1a: Angel
|-unboost|p1a: Angel|atk|1
|turn|21
|
|switch|p1a: land doge|Landorus-Therian, M|284\/319
|-ability|p1a: land doge|Intimidate|[of] p2a: Cloud Feet 3
|-unboost|p2a: Cloud Feet 3|atk|1
|move|p2a: Cloud Feet 3|U-turn|p1a: land doge
|-resisted|p1a: land doge
|-damage|p1a: land doge|254\/319
|
|switch|p2a: Mista T|Conkeldurr, M|258\/351
|
|turn|22
|join|808 & Heartbreak
|
|move|p1a: land doge|Explosion|p2a: Mista T
|-damage|p2a: Mista T|0 fnt
|faint|p1a: land doge
|faint|p2a: Mista T
|
|
|switch|p2a: Cloud Feet 3|Landorus-Therian, M|280\/319
|switch|p1a: Illuminati|Hydreigon, M|261\/325
|-ability|p2a: Cloud Feet 3|Intimidate|[of] p1a: Illuminati
|-unboost|p1a: Illuminati|atk|1
|turn|23
|
|move|p2a: Cloud Feet 3|Stone Edge|p1a: Illuminati
|-damage|p1a: Illuminati|119\/325
|move|p1a: Illuminati|Draco Meteor|p2a: Cloud Feet 3
|-damage|p2a: Cloud Feet 3|0 fnt
|-unboost|p1a: Illuminati|spa|2
|-damage|p1a: Illuminati|87\/325|[from] item: Life Orb
|faint|p2a: Cloud Feet 3
|
|win|MoB Barley
|c|âMoB Barley|gg
|c|âDragongroudon9|gg
|leave|MoB Barley
|player|p1