|join|MoB Barley
|join|shermin vermin
|player|p1|MoB Barley|161
|player|p2|shermin vermin|102
|gametype|singles
|gen|6
|tier|OU
|rated
|clearpoke
|poke|p1|Lopunny, M, shiny
|poke|p1|Gengar, M, shiny
|poke|p1|Landorus-Therian, M
|poke|p1|Latios, M
|poke|p1|Bisharp, M
|poke|p1|Keldeo-Resolute
|poke|p2|Diancie
|poke|p2|Hippowdon, F
|poke|p2|Azumarill, F
|poke|p2|Excadrill, F, shiny
|poke|p2|Garchomp, F
|poke|p2|Talonflame, F
|rule|Swagger Clause: Swagger is banned
|rule|Baton Pass Clause: Limit one PokÃ©mon knowing Baton Pass
|rule|Sleep Clause Mod: Limit one foe put to sleep
|rule|Species Clause: Limit one of each PokÃ©mon
|rule|OHKO Clause: OHKO moves are banned
|rule|Moody Clause: Moody is banned
|rule|Evasion Moves Clause: Evasion moves are banned
|rule|Endless Battle Clause: Forcing endless battles is banned
|rule|HP Percentage Mod: HP is shown in percentages
|teampreview
|join|GUnnerAGDomination
|
|start
|switch|p1a: Gengar|Gengar, M, shiny|261\/261
|switch|p2a: Hippowdon|Hippowdon, F|379\/379
|-weather|Sandstorm
|turn|1
|c|âMoB Barley|i like your build
|c|âMoB Barley|gl
|
|switch|p2a: Garchomp|Garchomp, F|357\/357
|move|p1a: Gengar|Will-O-Wisp|p2a: Garchomp
|-status|p2a: Garchomp|brn
|
|-weather|Sandstorm|[upkeep]
|-damage|p1a: Gengar|245\/261|[from] sandstorm
|-damage|p2a: Garchomp|313\/357 brn|[from] brn
|turn|2
|c|âshermin vermin|thanks man
|c|âshermin vermin|I am not very good tho
|c|âshermin vermin|=\/
|
|move|p2a: Garchomp|Dragon Claw|p1a: Gengar
|-damage|p1a: Gengar|134\/261
|move|p1a: Gengar|Shadow Ball|p2a: Garchomp
|-damage|p2a: Garchomp|105\/357 brn
|-unboost|p2a: Garchomp|spd|1
|-damage|p1a: Gengar|108\/261|[from] item: Life Orb
|
|-weather|Sandstorm|[upkeep]
|-damage|p1a: Gengar|92\/261|[from] sandstorm
|-damage|p2a: Garchomp|61\/357 brn|[from] brn
|turn|3
|c|âshermin vermin|but tryin to get better
|
|switch|p1a: Landorus-Therian|Landorus-Therian, M|319\/319
|-ability|p1a: Landorus-Therian|Intimidate|[of] p2a: Garchomp
|-unboost|p2a: Garchomp|atk|1
|move|p2a: Garchomp|Dragon Claw|p1a: Landorus-Therian
|-damage|p1a: Landorus-Therian|270\/319
|
|-weather|Sandstorm|[upkeep]
|-damage|p2a: Garchomp|17\/357 brn|[from] brn
|turn|4
|
|switch|p2a: Azumarill|Azumarill, F|401\/401
|move|p1a: Landorus-Therian|Earthquake|p2a: Azumarill
|-damage|p2a: Azumarill|160\/401
|
|-weather|Sandstorm|[upkeep]
|-damage|p2a: Azumarill|135\/401|[from] sandstorm
|turn|5
|c|âMoB Barley|why u save garchomp
|c|âMoB Barley|not worth it silly
|c|âshermin vermin|fodder for later I guess
|c|âshermin vermin|=\/
|
|switch|p1a: Latios|Latios, M|301\/301
|move|p2a: Azumarill|Aqua Jet|p1a: Latios
|-resisted|p1a: Latios
|-damage|p1a: Latios|251\/301
|
|-weather|Sandstorm|[upkeep]
|-damage|p1a: Latios|233\/301|[from] sandstorm
|-damage|p2a: Azumarill|110\/401|[from] sandstorm
|turn|6
|c|âshermin vermin|I though u would go for rocks
|c|âMoB Barley|whenever you see a landorous
|join|Mega Magic Bounce
|c|âMoB Barley|without leftovers
|c|âMoB Barley|its more then likely scarf
|c|âshermin vermin|oh right
|c|âshermin vermin|=)
|
|switch|p2a: Garchomp|Garchomp, F|17\/357 brn
|move|p1a: Latios|Psyshock|p2a: Garchomp
|-damage|p2a: Garchomp|0 fnt
|-damage|p1a: Latios|203\/301|[from] item: Life Orb
|faint|p2a: Garchomp
|
|-weather|Sandstorm|[upkeep]
|-damage|p1a: Latios|185\/301|[from] sandstorm
|join|tsdti
|
|switch|p2a: Diancie|Diancie|257\/257
|turn|7
|leave|tsdti
|
|detailschange|p2a: Diancie|Diancie-Mega
|-mega|p2a: Diancie|Diancie|Diancite
|move|p1a: Latios|Psyshock|p2a: Diancie
|-crit|p2a: Diancie
|-damage|p2a: Diancie|11\/257
|-damage|p1a: Latios|155\/301|[from] item: Life Orb
|move|p2a: Diancie|Rock Polish|p2a: Diancie
|-boost|p2a: Diancie|spe|2
|
|-weather|Sandstorm|[upkeep]
|-damage|p1a: Latios|137\/301|[from] sandstorm
|turn|8
|
|move|p2a: Diancie|Moonblast|p1a: Latios
|-supereffective|p1a: Latios
|-damage|p1a: Latios|0 fnt
|faint|p1a: Latios
|
|-weather|none
|join|Demandred
|join|Like me 2
|
|switch|p1a: Lopunny|Lopunny, M, shiny|271\/271
|turn|9
|leave|Like me 2
|join|rika and hanyuu
|join|tsdti
|leave|tsdti
|join|Like me 2
|join|Specs Fake-Out
|join|ryzed
|join|boltsandbombers
|
|switch|p2a: Talonflame|Talonflame, F|319\/319
|detailschange|p1a: Lopunny|Lopunny-Mega, M, shiny
|-mega|p1a: Lopunny|Lopunny|Lopunnite
|move|p1a: Lopunny|Fake Out|p2a: Talonflame
|-damage|p2a: Talonflame|217\/319
|
|turn|10
|join|Khaliem
|join|elitethewish
|join|tsdti
|
|switch|p1a: Landorus-Therian|Landorus-Therian, M|270\/319
|-ability|p1a: Landorus-Therian|Intimidate|[of] p2a: Talonflame
|-unboost|p2a: Talonflame|atk|1
|move|p2a: Talonflame|Brave Bird|p1a: Landorus-Therian
|-crit|p1a: Landorus-Therian
|-damage|p1a: Landorus-Therian|0 fnt
|-damage|p2a: Talonflame|128\/319|[from] recoil|[of] p1a: Landorus-Therian
|faint|p1a: Landorus-Therian
|
|join|i hate garbage
|c|âshermin vermin|ouch =(
|c|âshermin vermin|sorry
|join|lolzuk
|
|switch|p1a: Bisharp|Bisharp, M|271\/271
|turn|11
|
|switch|p2a: Hippowdon|Hippowdon, F|379\/379
|-weather|Sandstorm
|move|p1a: Bisharp|Stealth Rock|p2a: Hippowdon
|-sidestart|p2: shermin vermin|move: Stealth Rock
|
|-weather|Sandstorm|[upkeep]
|turn|12
|
|switch|p1a: Gengar|Gengar, M, shiny|92\/261
|switch|p2a: Excadrill|Excadrill, F, shiny|383\/383
|-damage|p2a: Excadrill|372\/383|[from] Stealth Rock
|
|-weather|Sandstorm|[upkeep]
|-damage|p1a: Gengar|76\/261|[from] sandstorm
|turn|13
|
|move|p2a: Excadrill|Iron Head|p1a: Gengar
|-damage|p1a: Gengar|0 fnt
|-damage|p2a: Excadrill|334\/383|[from] item: Life Orb
|faint|p1a: Gengar
|
|-weather|Sandstorm|[upkeep]
|leave|rika and hanyuu
|
|switch|p1a: Keldeo-Resolute|Keldeo-Resolute|323\/323
|turn|14
|
|move|p2a: Excadrill|Rapid Spin|p1a: Keldeo-Resolute
|-damage|p1a: Keldeo-Resolute|287\/323
|-sideend|p2: shermin vermin|Stealth Rock|[from] move: Rapid Spin|[of] p2a: Excadrill
|-damage|p2a: Excadrill|296\/383|[from] item: Life Orb
|move|p1a: Keldeo-Resolute|Scald|p2a: Excadrill
|-supereffective|p2a: Excadrill
|-damage|p2a: Excadrill|0 fnt
|faint|p2a: Excadrill
|
|-weather|Sandstorm|[upkeep]
|-damage|p1a: Keldeo-Resolute|267\/323|[from] sandstorm
|-heal|p1a: Keldeo-Resolute|287\/323|[from] item: Leftovers
|c| Mega Magic Bounce|bruh, why...
|
|switch|p2a: Diancie|Diancie-Mega|11\/257
|turn|15
|c| Khaliem|he doesnt need exca to win
|c| Specs Fake-Out|^
|c|âshermin vermin|hmm I didnt invenst full speed =(
|c| Specs Fake-Out|...
|leave|tsdti
|c| Mega Magic Bounce|oh, i just did the calcs
|c| Mega Magic Bounce|252+ Atk Life Orb Excadrill Earthquake vs. 0 HP \/ 4 Def Keldeo: 261-308 (80.8 - 95.3%) -- guaranteed 2HKO
|
|switch|p1a: Bisharp|Bisharp, M|271\/271
|move|p2a: Diancie|Moonblast|p1a: Bisharp
|-enditem|p1a: Bisharp|Focus Sash
|-damage|p1a: Bisharp|1\/271
|
|-weather|Sandstorm|[upkeep]
|turn|16
|c| Mega Magic Bounce|so yeah, right play
|c| Specs Fake-Out|after sad
|c| Specs Fake-Out|sand
|c| Specs Fake-Out|i think keld might go down on a high roll
|c| Specs Fake-Out|but that would be dumb
|c| Khaliem|talon cleans up
|c| Mega Magic Bounce|^
|leave|Like me 2
|join|Like me 2
|leave|Like me 2
|
|move|p2a: Diancie|Moonblast|p1a: Bisharp
|-damage|p1a: Bisharp|0 fnt
|faint|p1a: Bisharp
|
|-weather|Sandstorm|[upkeep]
|
|switch|p1a: Lopunny|Lopunny-Mega, M, shiny|271\/271
|turn|17
|
|switch|p2a: Azumarill|Azumarill, F|110\/401
|move|p1a: Lopunny|High Jump Kick|p2a: Azumarill
|-resisted|p2a: Azumarill
|-damage|p2a: Azumarill|0 fnt
|faint|p2a: Azumarill
|
|-weather|Sandstorm|[upkeep]
|-damage|p1a: Lopunny|255\/271|[from] sandstorm
|
|switch|p2a: Hippowdon|Hippowdon, F|379\/379
|turn|18
|leave|boltsandbombers
|join|boltsandbombers
|leave|boltsandbombers
|join|bouffalant12345
|leave|bouffalant12345
|
|switch|p1a: Keldeo-Resolute|Keldeo-Resolute|287\/323
|move|p2a: Hippowdon|Earthquake|p1a: Keldeo-Resolute
|-damage|p1a: Keldeo-Resolute|140\/323
|
|-weather|none
|-heal|p1a: Keldeo-Resolute|160\/323|[from] item: Leftovers
|turn|19
|
|move|p1a: Keldeo-Resolute|Scald|p2a: Hippowdon
|-supereffective|p2a: Hippowdon
|-damage|p2a: Hippowdon|13\/379
|move|p2a: Hippowdon|Earthquake|p1a: Keldeo-Resolute
|-damage|p1a: Keldeo-Resolute|6\/323
|
|-heal|p1a: Keldeo-Resolute|26\/323|[from] item: Leftovers
|turn|20
|
|switch|p2a: Diancie|Diancie-Mega|11\/257
|move|p1a: Keldeo-Resolute|Scald|p2a: Diancie
|-supereffective|p2a: Diancie
|-damage|p2a: Diancie|0 fnt
|faint|p2a: Diancie
|
|-heal|p1a: Keldeo-Resolute|46\/323|[from] item: Leftovers
|
|switch|p2a: Hippowdon|Hippowdon, F|13\/379
|-weather|Sandstorm
|turn|21
|join|rhaethj
|
|move|p1a: Keldeo-Resolute|Scald|p2a: Hippowdon
|-supereffective|p2a: Hippowdon
|-damage|p2a: Hippowdon|0 fnt
|faint|p2a: Hippowdon
|
|-weather|Sandstorm|[upkeep]
|-damage|p1a: Keldeo-Resolute|26\/323|[from] sandstorm
|-heal|p1a: Keldeo-Resolute|46\/323|[from] item: Leftovers
|c| GUnnerAGDomination|choke
|
|switch|p2a: Talonflame|Talonflame, F|128\/319
|turn|22
|
|move|p2a: Talonflame|Brave Bird|p1a: Keldeo-Resolute
|-supereffective|p1a: Keldeo-Resolute
|-damage|p1a: Keldeo-Resolute|0 fnt
|-damage|p2a: Talonflame|113\/319|[from] recoil|[of] p1a: Keldeo-Resolute
|faint|p1a: Keldeo-Resolute
|
|-weather|Sandstorm|[upkeep]
|-damage|p2a: Talonflame|94\/319|[from] sandstorm
|join|exodia15
|c| Mega Magic Bounce|now you die to fake out
|
|switch|p1a: Lopunny|Lopunny-Mega, M, shiny|255\/271
|turn|23
|c|âshermin vermin|good game man I tried =)
|c| lolzuk|oh wow
|c|âMoB Barley|gg
|c| lolzuk|that's a bad choke
|c|âMoB Barley|i should've lost tbh
|
|move|p1a: Lopunny|Fake Out|p2a: Talonflame
|-damage|p2a: Talonflame|0 fnt
|faint|p2a: Talonflame
|
|win|MoB Barley
|raw|Ladder updating...
|c|âMoB Barley|idk how i didnt
|c| Mega Magic Bounce|because
|leave|MoB Barley
|raw|MoB Barley's rating: 1654 &rarr; <strong>1666<\/strong><br \/>(+12 for winning)
|raw|shermin vermin's rating: 1521 &rarr; <strong>1509<\/strong><br \/>(-12 for losing)
|c| lolzuk|save hippo for fake out fodder
|c| lolzuk|oh well
|player|p1
|c| Mega Magic Bounce|^
|leave|GUnnerAGDomination
|join|GUnnerAGDomination
|leave|GUnnerAGDomination
|leave|Mega Magic Bounce
|join|Mega Magic Bounce
|leave|Mega Magic Bounce
|leave|lolzuk
|join|lolzuk
|leave|lolzuk
|leave|shermin vermin
|player|p2
|leave|rhaethj
|leave|elitethewish
|join|elitethewish
|leave|elitethewish
|leave|exodia15
|leave|Demandred
|join|Demandred
|leave|Demandred
|leave|Specs Fake-Out
|leave|Khaliem
|join|Khaliem
|leave|Khaliem