|join|Handiman
|join|MoB Barley
|player|p1|Handiman|253
|player|p2|MoB Barley|161
|gametype|singles
|gen|6
|tier|OU
|rated
|clearpoke
|poke|p1|Landorus-Therian, M
|poke|p1|Rotom-Wash
|poke|p1|Talonflame, M
|poke|p1|Sableye, M
|poke|p1|Azumarill, M
|poke|p1|Serperior, F
|poke|p2|Diancie, shiny
|poke|p2|Hydreigon, M
|poke|p2|Magnezone, shiny
|poke|p2|Jirachi, shiny
|poke|p2|Landorus-Therian, M
|poke|p2|Azumarill, M, shiny
|rule|Swagger Clause: Swagger is banned
|rule|Baton Pass Clause: Limit one PokÃ©mon knowing Baton Pass
|rule|Sleep Clause Mod: Limit one foe put to sleep
|rule|Species Clause: Limit one of each PokÃ©mon
|rule|OHKO Clause: OHKO moves are banned
|rule|Moody Clause: Moody is banned
|rule|Evasion Moves Clause: Evasion moves are banned
|rule|Endless Battle Clause: Forcing endless battles is banned
|rule|HP Percentage Mod: HP is shown in percentages
|teampreview
|c|âMoB Barley|yo
|
|start
|switch|p1a: Sableye|Sableye, M|304\/304
|switch|p2a: Angel|Diancie, shiny|241\/241
|turn|1
|
|detailschange|p2a: Angel|Diancie-Mega, shiny
|-mega|p2a: Angel|Diancie|Diancite
|detailschange|p1a: Sableye|Sableye-Mega, M
|-mega|p1a: Sableye|Sableye|Sablenite
|move|p1a: Sableye|Protect|p1a: Sableye
|-singleturn|p1a: Sableye|Protect
|move|p2a: Angel|Moonblast|p1a: Sableye
|-activate|p1a: Sableye|Protect
|
|turn|2
|
|switch|p1a: Rotom-Wash|Rotom-Wash|304\/304
|move|p2a: Angel|Moonblast|p1a: Rotom-Wash
|-damage|p1a: Rotom-Wash|160\/304
|-unboost|p1a: Rotom-Wash|spa|1
|
|-heal|p1a: Rotom-Wash|179\/304|[from] item: Leftovers
|turn|3
|
|move|p2a: Angel|Diamond Storm|p1a: Rotom-Wash
|-damage|p1a: Rotom-Wash|1\/304
|-boost|p2a: Angel|def|1
|move|p1a: Rotom-Wash|Pain Split|p2a: Angel
|-sethp|p2a: Angel|121\/241|p1a: Rotom-Wash|121\/304|[from] move: Pain Split
|
|-heal|p1a: Rotom-Wash|140\/304|[from] item: Leftovers
|turn|4
|join|Khaliem
|
|move|p2a: Angel|Moonblast|p1a: Rotom-Wash
|-damage|p1a: Rotom-Wash|2\/304
|-unboost|p1a: Rotom-Wash|spa|1
|move|p1a: Rotom-Wash|Hydro Pump|p2a: Angel
|-supereffective|p2a: Angel
|-damage|p2a: Angel|0 fnt
|faint|p2a: Angel
|
|-heal|p1a: Rotom-Wash|21\/304|[from] item: Leftovers
|c|âMoB Barley|wow
|c|âMoB Barley|such bs
|
|switch|p2a: Illuminati|Hydreigon, M|325\/325
|turn|5
|
|move|p2a: Illuminati|Dark Pulse|p1a: Rotom-Wash
|-damage|p1a: Rotom-Wash|0 fnt
|-damage|p2a: Illuminati|293\/325|[from] item: Life Orb
|faint|p1a: Rotom-Wash
|
|
|switch|p1a: Azumarill|Azumarill, M|364\/364
|turn|6
|
|switch|p2a: Starburst|Jirachi, shiny|404\/404
|move|p1a: Azumarill|Play Rough|p2a: Starburst
|-resisted|p2a: Starburst
|-damage|p2a: Starburst|302\/404
|
|-heal|p2a: Starburst|327\/404|[from] item: Leftovers
|turn|7
|
|switch|p1a: Landorus-Therian|Landorus-Therian, M|382\/382
|-ability|p1a: Landorus-Therian|Intimidate|[of] p2a: Starburst
|-unboost|p2a: Starburst|atk|1
|move|p2a: Starburst|U-turn|p1a: Landorus-Therian
|-resisted|p1a: Landorus-Therian
|-damage|p1a: Landorus-Therian|368\/382
|
|switch|p2a: Illuminati|Hydreigon, M|293\/325
|
|-heal|p1a: Landorus-Therian|382\/382|[from] item: Leftovers
|turn|8
|
|move|p2a: Illuminati|Draco Meteor|p1a: Landorus-Therian
|-damage|p1a: Landorus-Therian|0 fnt
|-unboost|p2a: Illuminati|spa|2
|-damage|p2a: Illuminati|261\/325|[from] item: Life Orb
|faint|p1a: Landorus-Therian
|
|
|switch|p1a: Azumarill|Azumarill, M|364\/364
|turn|9
|join|I Iike Squirtles
|
|switch|p2a: Starburst|Jirachi, shiny|327\/404
|move|p1a: Azumarill|Belly Drum|p1a: Azumarill
|-damage|p1a: Azumarill|182\/364
|-setboost|p1a: Azumarill|atk|6|[from] move: Belly Drum
|-enditem|p1a: Azumarill|Sitrus Berry|[eat]
|-heal|p1a: Azumarill|273\/364|[from] item: Sitrus Berry
|
|-heal|p2a: Starburst|352\/404|[from] item: Leftovers
|turn|10
|
|move|p1a: Azumarill|Aqua Jet|p2a: Starburst
|-damage|p2a: Starburst|0 fnt
|faint|p2a: Starburst
|
|
|switch|p2a: Wabbit Season|Azumarill, M, shiny|360\/360
|turn|11
|
|move|p2a: Wabbit Season|Play Rough|p1a: Azumarill
|-damage|p1a: Azumarill|53\/364
|move|p1a: Azumarill|Play Rough|p2a: Wabbit Season
|-damage|p2a: Wabbit Season|0 fnt
|faint|p2a: Wabbit Season
|
|
|switch|p2a: Illuminati|Hydreigon, M|261\/325
|turn|12
|join|Chillingtilnoon
|
|move|p1a: Azumarill|Aqua Jet|p2a: Illuminati
|-resisted|p2a: Illuminati
|-damage|p2a: Illuminati|75\/325
|move|p2a: Illuminati|Dark Pulse|p1a: Azumarill
|-resisted|p1a: Azumarill
|-damage|p1a: Azumarill|0 fnt
|-damage|p2a: Illuminati|43\/325|[from] item: Life Orb
|faint|p1a: Azumarill
|
|
|switch|p1a: Serperior|Serperior, F|291\/291
|turn|13
|
|move|p1a: Serperior|Leaf Storm|p2a: Illuminati|[miss]
|-miss|p1a: Serperior|p2a: Illuminati
|move|p2a: Illuminati|Draco Meteor|p1a: Serperior
|-damage|p1a: Serperior|0 fnt
|-unboost|p2a: Illuminati|spa|2
|-damage|p2a: Illuminati|11\/325|[from] item: Life Orb
|faint|p1a: Serperior
|
|c| Chillingtilnoon|nb
|c|âHandiman|hahaha
|c|âHandiman|this nigga got saved
|c|âMoB Barley|I'm too fucked up rn'
|
|switch|p1a: Talonflame|Talonflame, M|360\/360
|turn|14
|c|âMoB Barley|odc
|c|âMoB Barley|\idc
|
|switch|p2a: land doge|Landorus-Therian, M|319\/319
|-ability|p2a: land doge|Intimidate|[of] p1a: Talonflame
|-unboost|p1a: Talonflame|atk|1
|move|p1a: Talonflame|Brave Bird|p2a: land doge
|-damage|p2a: land doge|189\/319
|-damage|p1a: Talonflame|317\/360|[from] recoil|[of] p2a: land doge
|
|-heal|p1a: Talonflame|339\/360|[from] item: Leftovers
|turn|15
|c|âMoB Barley|play me sober
|c|âMoB Barley|i'll mash you
|c|âHandiman|like you did to your wife
|c|âHandiman|i dont respect domestic violence bruh
|
|switch|p1a: Sableye|Sableye-Mega, M|304\/304
|move|p2a: land doge|U-turn|p1a: Sableye
|-damage|p1a: Sableye|251\/304
|c|âMoB Barley|I'm too young for a wife
|c|âMoB Barley|21 today my b day
|
|switch|p2a: Illuminati|Hydreigon, M|11\/325
|
|turn|16
|
|move|p2a: Illuminati|Draco Meteor|p1a: Sableye
|-damage|p1a: Sableye|0 fnt
|-unboost|p2a: Illuminati|spa|2
|-damage|p2a: Illuminati|0 fnt|[from] item: Life Orb
|faint|p1a: Sableye
|faint|p2a: Illuminati
|
|
|switch|p2a: land doge|Landorus-Therian, M|189\/319
|switch|p1a: Talonflame|Talonflame, M|339\/360
|-ability|p2a: land doge|Intimidate|[of] p1a: Talonflame
|-unboost|p1a: Talonflame|atk|1
|turn|17
|
|move|p2a: land doge|Explosion|p1a: Talonflame
|-damage|p1a: Talonflame|0 fnt
|faint|p2a: land doge
|faint|p1a: Talonflame
|
|win|MoB Barley
|raw|Ladder updating...
|raw|Handiman's rating: 1748 &rarr; <strong>1726<\/strong><br \/>(-22 for losing)
|raw|MoB Barley's rating: 1709 &rarr; <strong>1732<\/strong><br \/>(+23 for winning)
|leave|Handiman
|player|p1
|leave|MoB Barley
|player|p2