|join|MoB Barley
|join|BIG ARBOCK
|player|p1|MoB Barley|161
|player|p2|BIG ARBOCK|161
|gametype|singles
|gen|6
|tier|OU
|rated
|clearpoke
|poke|p1|Victini
|poke|p1|Keldeo-Resolute
|poke|p1|Bisharp, M, shiny
|poke|p1|Lopunny, F, shiny
|poke|p1|Azumarill, M
|poke|p1|Latios, M
|poke|p2|Diancie
|poke|p2|Celebi
|poke|p2|Magneton
|poke|p2|Keldeo-Resolute
|poke|p2|Alakazam, F
|poke|p2|Excadrill, M
|rule|Swagger Clause: Swagger is banned
|rule|Baton Pass Clause: Limit one PokÃ©mon knowing Baton Pass
|rule|Sleep Clause Mod: Limit one foe put to sleep
|rule|Species Clause: Limit one of each PokÃ©mon
|rule|OHKO Clause: OHKO moves are banned
|rule|Moody Clause: Moody is banned
|rule|Evasion Moves Clause: Evasion moves are banned
|rule|Endless Battle Clause: Forcing endless battles is banned
|rule|HP Percentage Mod: HP is shown in percentages
|teampreview
|
|start
|switch|p1a: Prioritize|Bisharp, M, shiny|271\/271
|switch|p2a: Diancie|Diancie|241\/241
|turn|1
|join|Cienight
|
|switch|p2a: Keldeo-Resolute|Keldeo-Resolute|322\/322
|move|p1a: Prioritize|Knock Off|p2a: Keldeo-Resolute
|-crit|p2a: Keldeo-Resolute
|-resisted|p2a: Keldeo-Resolute
|-damage|p2a: Keldeo-Resolute|164\/322
|-boost|p2a: Keldeo-Resolute|atk|1|[from] ability: Justified
|-enditem|p2a: Keldeo-Resolute|Leftovers|[from] move: Knock Off|[of] p1a: Prioritize
|
|turn|2
|
|switch|p2a: Celebi|Celebi|403\/403
|move|p1a: Prioritize|Stealth Rock|p2a: Celebi
|-sidestart|p2: BIG ARBOCK|move: Stealth Rock
|
|turn|3
|c|âBIG ARBOCK|o
|c|âMoB Barley|ya dun goofed
|c|âBIG ARBOCK|yup
|c|âBIG ARBOCK|lol
|
|move|p2a: Celebi|Giga Drain|p1a: Prioritize
|-resisted|p1a: Prioritize
|-damage|p1a: Prioritize|207\/271
|move|p1a: Prioritize|Knock Off|p2a: Celebi
|-crit|p2a: Celebi
|-supereffective|p2a: Celebi
|-damage|p2a: Celebi|0 fnt
|-enditem|p2a: Celebi|Leftovers|[from] move: Knock Off|[of] p1a: Prioritize
|faint|p2a: Celebi
|
|
|switch|p2a: Keldeo-Resolute|Keldeo-Resolute|164\/322
|-damage|p2a: Keldeo-Resolute|144\/322|[from] Stealth Rock
|turn|4
|
|switch|p1a: Pwny|Keldeo-Resolute|323\/323
|move|p2a: Keldeo-Resolute|Secret Sword|p1a: Pwny
|-damage|p1a: Pwny|143\/323
|
|turn|5
|
|move|p1a: Pwny|Secret Sword|p2a: Keldeo-Resolute
|-damage|p2a: Keldeo-Resolute|0 fnt
|faint|p2a: Keldeo-Resolute
|
|
|switch|p2a: Diancie|Diancie|241\/241
|-damage|p2a: Diancie|211\/241|[from] Stealth Rock
|turn|6
|
|switch|p1a: AC130|Latios, M|301\/301
|detailschange|p2a: Diancie|Diancie-Mega
|-mega|p2a: Diancie|Diancie|Diancite
|move|p2a: Diancie|Moonblast|p1a: AC130
|-supereffective|p1a: AC130
|-damage|p1a: AC130|0 fnt
|faint|p1a: AC130
|
|
|switch|p1a: Pwny|Keldeo-Resolute|143\/323
|turn|7
|
|switch|p2a: Excadrill|Excadrill, M|361\/361
|-damage|p2a: Excadrill|350\/361|[from] Stealth Rock
|-ability|p2a: Excadrill|Mold Breaker
|-item|p2a: Excadrill|Air Balloon
|move|p1a: Pwny|Scald|p2a: Excadrill
|-supereffective|p2a: Excadrill
|-damage|p2a: Excadrill|0 fnt
|-enditem|p2a: Excadrill|Air Balloon
|faint|p2a: Excadrill
|
|
|switch|p2a: Magneton|Magneton|241\/241
|-damage|p2a: Magneton|226\/241|[from] Stealth Rock
|turn|8
|
|move|p1a: Pwny|Scald|p2a: Magneton
|-damage|p2a: Magneton|22\/241
|move|p2a: Magneton|Volt Switch|p1a: Pwny
|-supereffective|p1a: Pwny
|-damage|p1a: Pwny|0 fnt
|faint|p1a: Pwny
|join|anchorage
|
|switch|p2a: Diancie|Diancie-Mega|211\/241
|-damage|p2a: Diancie|181\/241|[from] Stealth Rock
|
|
|switch|p1a: Playboy|Lopunny, F, shiny|271\/271
|turn|9
|
|switch|p2a: Magneton|Magneton|22\/241
|-damage|p2a: Magneton|7\/241|[from] Stealth Rock
|detailschange|p1a: Playboy|Lopunny-Mega, F, shiny
|-mega|p1a: Playboy|Lopunny|Lopunnite
|move|p1a: Playboy|Fake Out|p2a: Magneton
|-resisted|p2a: Magneton
|-damage|p2a: Magneton|0 fnt
|faint|p2a: Magneton
|
|join|Alldaalts
|join|ryzed
|
|switch|p2a: Alakazam|Alakazam, F|251\/251
|turn|10
|
|switch|p1a: Prioritize|Bisharp, M, shiny|207\/271
|move|p2a: Alakazam|Dazzling Gleam|p1a: Prioritize
|-damage|p1a: Prioritize|70\/271
|
|turn|11
|join|rika and hanyuu
|
|switch|p2a: Diancie|Diancie-Mega|181\/241
|-damage|p2a: Diancie|151\/241|[from] Stealth Rock
|move|p1a: Prioritize|Iron Head|p2a: Diancie
|-supereffective|p2a: Diancie
|-damage|p2a: Diancie|0 fnt
|faint|p2a: Diancie
|
|
|switch|p2a: Alakazam|Alakazam, F|251\/251
|turn|12
|
|move|p2a: Alakazam|Dazzling Gleam|p1a: Prioritize
|-damage|p1a: Prioritize|0 fnt
|faint|p1a: Prioritize
|
|
|switch|p1a: Playboy|Lopunny-Mega, F, shiny|271\/271
|turn|13
|c| rika and hanyuu|mob
|
|move|p1a: Playboy|Fake Out|p2a: Alakazam
|-damage|p2a: Alakazam|118\/251
|cant|p2a: Alakazam|flinch
|
|turn|14
|c| rika and hanyuu|what if that zam had energy ball?
|
|move|p1a: Playboy|Return|p2a: Alakazam
|-damage|p2a: Alakazam|0 fnt
|faint|p2a: Alakazam
|
|win|MoB Barley
|raw|Ladder updating...
|raw|MoB Barley's rating: 1677 &rarr; <strong>1684<\/strong><br \/>(+7 for winning)
|raw|BIG ARBOCK's rating: 1414 &rarr; <strong>1407<\/strong><br \/>(-7 for losing)
|c|âMoB Barley|lol
|leave|BIG ARBOCK
|c|âMoB Barley|smh
|join|albprova
|c| rika and hanyuu|XD
|player|p2
|leave|MoB Barley
|leave|Cienight
|player|p1
|leave|Alldaalts
|join|Alldaalts
|leave|Alldaalts
|leave|rika and hanyuu