|join|terra1396
|join|MoB Barley
|player|p1|terra1396|137
|player|p2|MoB Barley|161
|gametype|singles
|gen|6
|tier|OU
|rated
|clearpoke
|poke|p1|Landorus-Therian, M
|poke|p1|Metagross
|poke|p1|Slowbro, M
|poke|p1|Conkeldurr, M
|poke|p1|Heatran, M
|poke|p1|Umbreon, M
|poke|p2|Diancie, shiny
|poke|p2|Hydreigon, M
|poke|p2|Magnezone, shiny
|poke|p2|Jirachi, shiny
|poke|p2|Landorus-Therian, M
|poke|p2|Azumarill, M, shiny
|rule|Swagger Clause: Swagger is banned
|rule|Baton Pass Clause: Limit one PokÃ©mon knowing Baton Pass
|rule|Sleep Clause Mod: Limit one foe put to sleep
|rule|Species Clause: Limit one of each PokÃ©mon
|rule|OHKO Clause: OHKO moves are banned
|rule|Moody Clause: Moody is banned
|rule|Evasion Moves Clause: Evasion moves are banned
|rule|Endless Battle Clause: Forcing endless battles is banned
|rule|HP Percentage Mod: HP is shown in percentages
|teampreview
|
|start
|switch|p1a: Metagross|Metagross|302\/302
|switch|p2a: Angel|Diancie, shiny|241\/241
|turn|1
|
|switch|p1a: Heatran|Heatran, M|355\/355
|-item|p1a: Heatran|Air Balloon
|detailschange|p2a: Angel|Diancie-Mega, shiny
|-mega|p2a: Angel|Diancie|Diancite
|move|p2a: Angel|Protect|p2a: Angel
|-fail|p2a: Angel
|
|turn|2
|
|move|p2a: Angel|Protect|p2a: Angel
|-singleturn|p2a: Angel|Protect
|move|p1a: Heatran|Flash Cannon|p2a: Angel
|-activate|p2a: Angel|Protect
|
|turn|3
|
|switch|p2a: Magneto|Magnezone, shiny|281\/281
|move|p1a: Heatran|Flash Cannon|p2a: Magneto
|-resisted|p2a: Magneto
|-damage|p2a: Magneto|242\/281
|
|turn|4
|
|move|p2a: Magneto|Volt Switch|p1a: Heatran
|-damage|p1a: Heatran|241\/355
|-enditem|p1a: Heatran|Air Balloon
|join|Hiye
|
|switch|p2a: Angel|Diancie-Mega, shiny|241\/241
|move|p1a: Heatran|Lava Plume|p2a: Angel
|-resisted|p2a: Angel
|-damage|p2a: Angel|168\/241
|-status|p2a: Angel|brn
|
|-damage|p2a: Angel|138\/241 brn|[from] brn
|turn|5
|
|switch|p1a: Landorus-Therian|Landorus-Therian, M|351\/351
|-ability|p1a: Landorus-Therian|Intimidate|[of] p2a: Angel
|-unboost|p2a: Angel|atk|1
|move|p2a: Angel|Earth Power|p1a: Landorus-Therian
|-immune|p1a: Landorus-Therian|[msg]
|
|-damage|p2a: Angel|108\/241 brn|[from] brn
|turn|6
|
|switch|p2a: land doge|Landorus-Therian, M|319\/319
|-ability|p2a: land doge|Intimidate|[of] p1a: Landorus-Therian
|-unboost|p1a: Landorus-Therian|atk|1
|move|p1a: Landorus-Therian|Superpower|p2a: land doge
|-resisted|p2a: land doge
|-damage|p2a: land doge|258\/319
|-unboost|p1a: Landorus-Therian|atk|1
|-unboost|p1a: Landorus-Therian|def|1
|
|turn|7
|
|switch|p1a: Conkeldurr|Conkeldurr, M|351\/351
|move|p2a: land doge|U-turn|p1a: Conkeldurr
|-resisted|p1a: Conkeldurr
|-damage|p1a: Conkeldurr|310\/351
|join|Kai Neahnung
|
|switch|p2a: Wabbit Season|Azumarill, M, shiny|360\/360
|
|turn|8
|
|switch|p1a: Landorus-Therian|Landorus-Therian, M|351\/351
|-ability|p1a: Landorus-Therian|Intimidate|[of] p2a: Wabbit Season
|-unboost|p2a: Wabbit Season|atk|1
|move|p2a: Wabbit Season|Knock Off|p1a: Landorus-Therian
|-damage|p1a: Landorus-Therian|255\/351
|-enditem|p1a: Landorus-Therian|Choice Scarf|[from] move: Knock Off|[of] p2a: Wabbit Season
|
|turn|9
|
|switch|p1a: Metagross|Metagross|302\/302
|switch|p2a: land doge|Landorus-Therian, M|258\/319
|-ability|p2a: land doge|Intimidate|[of] p1a: Metagross
|-fail|p1a: Metagross|unboost|[from] ability: Clear Body|[of] p1a: Metagross
|
|turn|10
|
|detailschange|p1a: Metagross|Metagross-Mega
|-mega|p1a: Metagross|Metagross|Metagrossite
|move|p2a: land doge|U-turn|p1a: Metagross
|-damage|p1a: Metagross|236\/302
|
|switch|p2a: Magneto|Magnezone, shiny|242\/281
|move|p1a: Metagross|Zen Headbutt|p2a: Magneto
|-resisted|p2a: Magneto
|-damage|p2a: Magneto|146\/281
|
|turn|11
|
|move|p2a: Magneto|Volt Switch|p1a: Metagross
|-damage|p1a: Metagross|125\/302
|
|switch|p2a: Starburst|Jirachi, shiny|404\/404
|move|p1a: Metagross|Zen Headbutt|p2a: Starburst
|-resisted|p2a: Starburst
|-damage|p2a: Starburst|356\/404
|
|-heal|p2a: Starburst|381\/404|[from] item: Leftovers
|turn|12
|
|switch|p1a: Landorus-Therian|Landorus-Therian, M|255\/351
|-ability|p1a: Landorus-Therian|Intimidate|[of] p2a: Starburst
|-unboost|p2a: Starburst|atk|1
|move|p2a: Starburst|U-turn|p1a: Landorus-Therian
|-crit|p1a: Landorus-Therian
|-resisted|p1a: Landorus-Therian
|-damage|p1a: Landorus-Therian|207\/351
|
|switch|p2a: Wabbit Season|Azumarill, M, shiny|360\/360
|
|turn|13
|
|switch|p1a: Slowbro|Slowbro, M|331\/331
|move|p2a: Wabbit Season|Aqua Jet|p1a: Slowbro
|-resisted|p1a: Slowbro
|-damage|p1a: Slowbro|300\/331
|
|-heal|p1a: Slowbro|320\/331|[from] item: Leftovers
|turn|14
|join|Huula
|
|switch|p2a: Starburst|Jirachi, shiny|381\/404
|move|p1a: Slowbro|Scald|p2a: Starburst
|-damage|p2a: Starburst|296\/404
|
|-heal|p2a: Starburst|321\/404|[from] item: Leftovers
|-heal|p1a: Slowbro|331\/331|[from] item: Leftovers
|turn|15
|join|Khaliem
|
|move|p2a: Starburst|Stealth Rock|p1a: Slowbro
|-sidestart|p1: terra1396|move: Stealth Rock
|move|p1a: Slowbro|Flamethrower|p2a: Starburst
|-supereffective|p2a: Starburst
|-damage|p2a: Starburst|183\/404
|
|-heal|p2a: Starburst|208\/404|[from] item: Leftovers
|turn|16
|
|move|p2a: Starburst|Wish|p2a: Starburst
|move|p1a: Slowbro|Scald|p2a: Starburst
|-damage|p2a: Starburst|123\/404
|
|-heal|p2a: Starburst|148\/404|[from] item: Leftovers
|turn|17
|
|move|p2a: Starburst|U-turn|p1a: Slowbro
|-supereffective|p1a: Slowbro
|-damage|p1a: Slowbro|249\/331
|
|switch|p2a: Illuminati|Hydreigon, M|325\/325
|move|p1a: Slowbro|Flamethrower|p2a: Illuminati
|-resisted|p2a: Illuminati
|-damage|p2a: Illuminati|267\/325
|
|-heal|p2a: Illuminati|325\/325|[from] move: Wish|[wisher] Starburst
|-heal|p1a: Slowbro|269\/331|[from] item: Leftovers
|turn|18
|join|blarghlfarghl
|
|switch|p1a: Umbreon|Umbreon, M|394\/394
|-damage|p1a: Umbreon|345\/394|[from] Stealth Rock
|move|p2a: Illuminati|Draco Meteor|p1a: Umbreon
|-damage|p1a: Umbreon|133\/394
|-unboost|p2a: Illuminati|spa|2
|-damage|p2a: Illuminati|293\/325|[from] item: Life Orb
|
|-heal|p1a: Umbreon|157\/394|[from] item: Leftovers
|turn|19
|
|move|p2a: Illuminati|Superpower|p1a: Umbreon
|-supereffective|p1a: Umbreon
|-damage|p1a: Umbreon|0 fnt
|-unboost|p2a: Illuminati|atk|1
|-unboost|p2a: Illuminati|def|1
|-damage|p2a: Illuminati|261\/325|[from] item: Life Orb
|faint|p1a: Umbreon
|
|
|switch|p1a: Landorus-Therian|Landorus-Therian, M|207\/351
|-damage|p1a: Landorus-Therian|164\/351|[from] Stealth Rock
|-ability|p1a: Landorus-Therian|Intimidate|[of] p2a: Illuminati
|-unboost|p2a: Illuminati|atk|1
|turn|20
|
|move|p2a: Illuminati|Draco Meteor|p1a: Landorus-Therian
|-damage|p1a: Landorus-Therian|0 fnt
|-unboost|p2a: Illuminati|spa|2
|-damage|p2a: Illuminati|229\/325|[from] item: Life Orb
|faint|p1a: Landorus-Therian
|
|
|switch|p1a: Metagross|Metagross-Mega|125\/302
|-damage|p1a: Metagross|107\/302|[from] Stealth Rock
|turn|21
|
|switch|p2a: Starburst|Jirachi, shiny|148\/404
|move|p1a: Metagross|Meteor Mash|p2a: Starburst
|-resisted|p2a: Starburst
|-damage|p2a: Starburst|29\/404
|
|-heal|p2a: Starburst|54\/404|[from] item: Leftovers
|turn|22
|
|move|p1a: Metagross|Meteor Mash|p2a: Starburst
|-resisted|p2a: Starburst
|-damage|p2a: Starburst|0 fnt
|faint|p2a: Starburst
|
|
|switch|p2a: Magneto|Magnezone, shiny|146\/281
|turn|23
|
|move|p2a: Magneto|Volt Switch|p1a: Metagross
|-damage|p1a: Metagross|0 fnt
|faint|p1a: Metagross
|
|switch|p2a: Wabbit Season|Azumarill, M, shiny|360\/360
|
|
|switch|p1a: Slowbro|Slowbro, M|331\/331
|-damage|p1a: Slowbro|290\/331|[from] Stealth Rock
|turn|24
|
|move|p2a: Wabbit Season|Belly Drum|p2a: Wabbit Season
|-damage|p2a: Wabbit Season|180\/360
|-setboost|p2a: Wabbit Season|atk|6|[from] move: Belly Drum
|-enditem|p2a: Wabbit Season|Sitrus Berry|[eat]
|-heal|p2a: Wabbit Season|270\/360|[from] item: Sitrus Berry
|move|p1a: Slowbro|Ice Beam|p2a: Wabbit Season
|-resisted|p2a: Wabbit Season
|-damage|p2a: Wabbit Season|221\/360
|
|-heal|p1a: Slowbro|310\/331|[from] item: Leftovers
|turn|25
|
|move|p2a: Wabbit Season|Knock Off|p1a: Slowbro
|-supereffective|p1a: Slowbro
|-damage|p1a: Slowbro|0 fnt
|-enditem|p1a: Slowbro|Leftovers|[from] move: Knock Off|[of] p2a: Wabbit Season
|faint|p1a: Slowbro
|
|-message|terra1396 forfeited.
|leave|terra1396
|
|win|MoB Barley
|raw|Ladder updating...
|player|p1
|raw|terra1396's rating: 1714 &rarr; <strong>1697<\/strong><br \/>(-17 for losing)
|raw|MoB Barley's rating: 1771 &rarr; <strong>1788<\/strong><br \/>(+17 for winning)
|join|xTraSmallDick
|leave|MoB Barley
|player|p2
|leave|Kai Neahnung
|leave|Khaliem
|leave|xTraSmallDick