|join|MoB Barley
|join|Draganfly
|c|âDraganfly|lol wut
|player|p1|MoB Barley|161
|player|p2|Draganfly|154
|gametype|singles
|gen|6
|tier|OU
|rated
|clearpoke
|poke|p1|Diancie, shiny
|poke|p1|Hydreigon, M
|poke|p1|Magnezone, shiny
|poke|p1|Jirachi, shiny
|poke|p1|Landorus-Therian, M
|poke|p1|Azumarill, M, shiny
|poke|p2|Manectric, M
|poke|p2|Bisharp, M
|poke|p2|Articuno
|poke|p2|Mamoswine, M
|poke|p2|Azumarill, F
|poke|p2|Thundurus, M
|rule|Swagger Clause: Swagger is banned
|rule|Baton Pass Clause: Limit one PokÃ©mon knowing Baton Pass
|rule|Sleep Clause Mod: Limit one foe put to sleep
|rule|Species Clause: Limit one of each PokÃ©mon
|rule|OHKO Clause: OHKO moves are banned
|rule|Moody Clause: Moody is banned
|rule|Evasion Moves Clause: Evasion moves are banned
|rule|Endless Battle Clause: Forcing endless battles is banned
|rule|HP Percentage Mod: HP is shown in percentages
|teampreview
|c|âMoB Barley|gl
|c|âDraganfly|1. y do i have dis team
|c|âDraganfly|2. y do i play u?
|c|âDraganfly|gl anyway
|c|âMoB Barley|i like that your being a hipster with articuno
|c|âDraganfly|but y do i play u
|c|âMoB Barley|shame it has bad coverage, low offense, and x4 rock weak
|c|âDraganfly|i am not even on t500 anymore xD
|c|âMoB Barley|least it has hurricane
|c|âMoB Barley|idk dude, i just signed on
|c|âDraganfly|confusion hax
|c|âDraganfly|op
|c|âMoB Barley|im 1741 atm
|c|âDraganfly|im 1550 something
|
|start
|switch|p1a: Angel|Diancie, shiny|241\/241
|switch|p2a: Manectric|Manectric, M|281\/281
|turn|1
|
|detailschange|p2a: Manectric|Manectric-Mega, M
|-mega|p2a: Manectric|Manectric|Manectite
|-ability|p2a: Manectric|Intimidate|[of] p1a: Angel
|-fail|p1a: Angel|unboost|[from] ability: Clear Body|[of] p1a: Angel
|detailschange|p1a: Angel|Diancie-Mega, shiny
|-mega|p1a: Angel|Diancie|Diancite
|move|p1a: Angel|Protect|p1a: Angel
|-singleturn|p1a: Angel|Protect
|move|p2a: Manectric|Volt Switch|p1a: Angel
|-activate|p1a: Angel|Protect
|
|turn|2
|
|switch|p1a: land doge|Landorus-Therian, M|319\/319
|-ability|p1a: land doge|Intimidate|[of] p2a: Manectric
|-unboost|p2a: Manectric|atk|1
|move|p2a: Manectric|Volt Switch|p1a: land doge
|-immune|p1a: land doge|[msg]
|
|turn|3
|
|switch|p2a: Mamoswine|Mamoswine, M|361\/361
|move|p1a: land doge|U-turn|p2a: Mamoswine
|-damage|p2a: Mamoswine|247\/361
|
|switch|p1a: Angel|Diancie-Mega, shiny|241\/241
|
|turn|4
|join|xTraSmallDick
|
|switch|p2a: Azumarill|Azumarill, F|356\/356
|move|p1a: Angel|Moonblast|p2a: Azumarill
|-damage|p2a: Azumarill|107\/356
|-enditem|p2a: Azumarill|Sitrus Berry|[eat]
|-heal|p2a: Azumarill|196\/356|[from] item: Sitrus Berry
|
|turn|5
|join|Khaliem
|
|switch|p1a: Starburst|Jirachi, shiny|404\/404
|move|p2a: Azumarill|Aqua Jet|p1a: Starburst
|-damage|p1a: Starburst|317\/404
|
|-heal|p1a: Starburst|342\/404|[from] item: Leftovers
|turn|6
|
|move|p1a: Starburst|Stealth Rock|p2a: Azumarill
|-sidestart|p2: Draganfly|move: Stealth Rock
|move|p2a: Azumarill|Knock Off|p1a: Starburst
|-supereffective|p1a: Starburst
|-damage|p1a: Starburst|78\/404
|-enditem|p1a: Starburst|Leftovers|[from] move: Knock Off|[of] p2a: Azumarill
|
|turn|7
|
|switch|p2a: Manectric|Manectric-Mega, M|281\/281
|-damage|p2a: Manectric|246\/281|[from] Stealth Rock
|-ability|p2a: Manectric|Intimidate|[of] p1a: Starburst
|-unboost|p1a: Starburst|atk|1
|move|p1a: Starburst|Iron Head|p2a: Manectric
|-resisted|p2a: Manectric
|-damage|p2a: Manectric|207\/281
|
|turn|8
|
|move|p2a: Manectric|Overheat|p1a: Starburst
|-supereffective|p1a: Starburst
|-damage|p1a: Starburst|0 fnt
|-unboost|p2a: Manectric|spa|2
|faint|p1a: Starburst
|
|
|switch|p1a: Illuminati|Hydreigon, M|325\/325
|turn|9
|
|switch|p2a: Azumarill|Azumarill, F|196\/356
|-damage|p2a: Azumarill|152\/356|[from] Stealth Rock
|move|p1a: Illuminati|Dark Pulse|p2a: Azumarill
|-resisted|p2a: Azumarill
|-damage|p2a: Azumarill|35\/356
|-damage|p1a: Illuminati|293\/325|[from] item: Life Orb
|
|turn|10
|
|move|p1a: Illuminati|Dark Pulse|p2a: Azumarill
|-resisted|p2a: Azumarill
|-damage|p2a: Azumarill|0 fnt
|-damage|p1a: Illuminati|261\/325|[from] item: Life Orb
|faint|p2a: Azumarill
|
|
|switch|p2a: Thundurus|Thundurus, M|299\/299
|-damage|p2a: Thundurus|225\/299|[from] Stealth Rock
|turn|11
|join|Davfernape
|join|gay af
|join|LadderSoTall
|join|FathaFingLing
|
|switch|p1a: Wabbit Season|Azumarill, M, shiny|360\/360
|move|p2a: Thundurus|Thunder Wave|p1a: Wabbit Season
|-status|p1a: Wabbit Season|par
|
|turn|12
|c| Davfernape|happy birthday dood :]
|c|âMoB Barley|thanks
|c| Davfernape|:]
|leave|Davfernape
|c|âDraganfly|oh
|
|switch|p1a: Magneto|Magnezone, shiny|281\/281
|move|p2a: Thundurus|Thunderbolt|p1a: Magneto
|-resisted|p1a: Magneto
|-damage|p1a: Magneto|176\/281
|-damage|p2a: Thundurus|196\/299|[from] item: Life Orb
|
|turn|13
|c|âDraganfly|its you bday
|c|âDraganfly|happy bday^^
|join|blarghlfarghl
|
|switch|p2a: Mamoswine|Mamoswine, M|247\/361
|-damage|p2a: Mamoswine|202\/361|[from] Stealth Rock
|move|p1a: Magneto|Thunderbolt|p2a: Mamoswine
|-immune|p2a: Mamoswine|[msg]
|
|turn|14
|leave|gay af
|c|âDraganfly|pls
|-message|Draganfly lost due to inactivity.
|c|âDraganfly|omg
|c|âMoB Barley|?
|c|âDraganfly|dis lagg
|c|âMoB Barley|what happended
|
|win|MoB Barley
|raw|Ladder updating...
|c|âDraganfly|lagg
|raw|MoB Barley's rating: 1741 &rarr; <strong>1752<\/strong><br \/>(+11 for winning)
|raw|Draganfly's rating: 1571 &rarr; <strong>1560<\/strong><br \/>(-11 for losing)
|c|âDraganfly|i klicked like 1 minute ago
|c|âMoB Barley|so wierd
|c|âDraganfly|but i wouldnt let me
|c|âDraganfly|wait
|c|âMoB Barley|well sorry about that, u should've turned the timer off
|c|âDraganfly|dont go yet
|c|âMoB Barley|or asked me to
|join|l123
|c|âDraganfly|what was your last move?
|leave|blarghlfarghl
|leave|l123
|c|âDraganfly|u switched?
|leave|LadderSoTall