|join|rico4000
|join|lil manaphy
|player|p1|rico4000|22
|player|p2|lil manaphy|161
|gametype|singles
|gen|6
|tier|OU
|rated
|clearpoke
|poke|p1|Landorus, M
|poke|p1|Thundurus, M
|poke|p1|Talonflame, M
|poke|p1|Celebi
|poke|p1|Latias, F
|poke|p1|Scizor, F
|poke|p2|Victini
|poke|p2|Keldeo-Resolute
|poke|p2|Bisharp, M, shiny
|poke|p2|Lopunny, F, shiny
|poke|p2|Azumarill, M
|poke|p2|Latios, M
|rule|Swagger Clause: Swagger is banned
|rule|Baton Pass Clause: Limit one PokÃ©mon knowing Baton Pass
|rule|Sleep Clause Mod: Limit one foe put to sleep
|rule|Species Clause: Limit one of each PokÃ©mon
|rule|OHKO Clause: OHKO moves are banned
|rule|Moody Clause: Moody is banned
|rule|Evasion Moves Clause: Evasion moves are banned
|rule|Endless Battle Clause: Forcing endless battles is banned
|rule|HP Percentage Mod: HP is shown in percentages
|teampreview
|join|Fabio96
|join|Panda Problems
|join|all i do is ladder
|join|DerperiorX
|
|start
|switch|p1a: Talonflame|Talonflame, M|297\/297
|switch|p2a: Prioritize|Bisharp, M, shiny|271\/271
|turn|1
|leave|Panda Problems
|
|move|p1a: Talonflame|U-turn|p2a: Prioritize
|-damage|p2a: Prioritize|176\/271
|
|switch|p1a: Scizor|Scizor, F|343\/343
|move|p2a: Prioritize|Knock Off|p1a: Scizor
|-damage|p1a: Scizor|229\/343
|
|turn|2
|
|detailschange|p1a: Scizor|Scizor-Mega, F
|-mega|p1a: Scizor|Scizor|Scizorite
|move|p2a: Prioritize|Stealth Rock|p1a: Scizor
|-sidestart|p1: rico4000|move: Stealth Rock
|move|p1a: Scizor|Roost|p1a: Scizor
|-heal|p1a: Scizor|343\/343
|
|turn|3
|join|Invok3r
|
|switch|p2a: Destructo Disk|Victini|341\/341
|move|p1a: Scizor|Swords Dance|p1a: Scizor
|-boost|p1a: Scizor|atk|2
|
|turn|4
|
|switch|p1a: Latias|Latias, F|300\/300
|-damage|p1a: Latias|263\/300|[from] Stealth Rock
|move|p2a: Destructo Disk|V-create|p1a: Latias
|-resisted|p1a: Latias
|-damage|p1a: Latias|24\/300
|-unboost|p2a: Destructo Disk|def|1
|-unboost|p2a: Destructo Disk|spd|1
|-unboost|p2a: Destructo Disk|spe|1
|
|turn|5
|c| Invok3r|O.o
|c| DerperiorX|resist?
|c| all i do is ladder|de-stroyed
|
|move|p1a: Latias|Defog|p2a: Destructo Disk
|-unboost|p2a: Destructo Disk|evasion|1
|-sideend|p1: rico4000|Stealth Rock|[from] move: Defog|[of] p1a: Latias
|move|p2a: Destructo Disk|V-create|p1a: Latias
|-resisted|p1a: Latias
|-damage|p1a: Latias|0 fnt
|-unboost|p2a: Destructo Disk|def|1
|-unboost|p2a: Destructo Disk|spd|1
|-unboost|p2a: Destructo Disk|spe|1
|faint|p1a: Latias
|
|leave|Invok3r
|
|switch|p1a: Scizor|Scizor-Mega, F|343\/343
|turn|6
|leave|all i do is ladder
|
|switch|p2a: Prioritize|Bisharp, M, shiny|176\/271
|move|p1a: Scizor|U-turn|p2a: Prioritize
|-damage|p2a: Prioritize|53\/271
|
|switch|p1a: Talonflame|Talonflame, M|297\/297
|
|turn|7
|join|all i do is ladder
|
|move|p1a: Talonflame|Brave Bird|p2a: Prioritize
|-resisted|p2a: Prioritize
|-damage|p2a: Prioritize|0 fnt
|-damage|p1a: Talonflame|280\/297|[from] recoil|[of] p2a: Prioritize
|faint|p2a: Prioritize
|
|join|oml it's too ez
|leave|oml it's too ez
|
|switch|p2a: Destructo Disk|Victini|341\/341
|turn|8
|
|switch|p1a: Landorus|Landorus, M|319\/319
|move|p2a: Destructo Disk|V-create|p1a: Landorus
|-damage|p1a: Landorus|0 fnt
|-unboost|p2a: Destructo Disk|def|1
|-unboost|p2a: Destructo Disk|spd|1
|-unboost|p2a: Destructo Disk|spe|1
|faint|p1a: Landorus
|
|
|switch|p1a: Thundurus|Thundurus, M|298\/298
|turn|9
|
|switch|p2a: AC130|Latios, M|301\/301
|move|p1a: Thundurus|Knock Off|p2a: AC130
|-supereffective|p2a: AC130
|-damage|p2a: AC130|0 fnt
|-enditem|p2a: AC130|Life Orb|[from] move: Knock Off|[of] p1a: Thundurus
|-damage|p1a: Thundurus|269\/298|[from] item: Life Orb
|faint|p2a: AC130
|
|join|70 percent
|
|switch|p2a: Playboy|Lopunny, F, shiny|271\/271
|turn|10
|c| 70 percent|lil manaphy why that team
|c| 70 percent|copy1ng
|c| 70 percent|mob
|
|switch|p1a: Scizor|Scizor-Mega, F|343\/343
|detailschange|p2a: Playboy|Lopunny-Mega, F, shiny
|-mega|p2a: Playboy|Lopunny|Lopunnite
|move|p2a: Playboy|Fake Out|p1a: Scizor
|-resisted|p1a: Scizor
|-damage|p1a: Scizor|317\/343
|
|turn|11
|
|move|p2a: Playboy|High Jump Kick|p1a: Scizor
|-damage|p1a: Scizor|146\/343
|move|p1a: Scizor|U-turn|p2a: Playboy
|-resisted|p2a: Playboy
|-damage|p2a: Playboy|208\/271
|
|switch|p1a: Talonflame|Talonflame, M|280\/297
|
|turn|12
|c| all i do is ladder|what kind of celebi that is lil manaphy is what i want to know
|
|switch|p2a: Pwny|Keldeo-Resolute|323\/323
|move|p1a: Talonflame|Brave Bird|p2a: Pwny
|-crit|p2a: Pwny
|-supereffective|p2a: Pwny
|-damage|p2a: Pwny|0 fnt
|-damage|p1a: Talonflame|173\/297|[from] recoil|[of] p2a: Pwny
|faint|p2a: Pwny
|
|
|switch|p2a: Destructo Disk|Victini|341\/341
|turn|13
|leave|70 percent
|
|switch|p1a: Celebi|Celebi|403\/403
|move|p2a: Destructo Disk|V-create|p1a: Celebi
|-supereffective|p1a: Celebi
|-damage|p1a: Celebi|0 fnt
|-unboost|p2a: Destructo Disk|def|1
|-unboost|p2a: Destructo Disk|spd|1
|-unboost|p2a: Destructo Disk|spe|1
|faint|p1a: Celebi
|
|join|tst100
|
|switch|p1a: Talonflame|Talonflame, M|173\/297
|turn|14
|
|switch|p2a: Water Bomb|Azumarill, M|360\/360
|move|p1a: Talonflame|Brave Bird|p2a: Water Bomb
|-damage|p2a: Water Bomb|77\/360
|-damage|p1a: Talonflame|80\/297|[from] recoil|[of] p2a: Water Bomb
|-enditem|p2a: Water Bomb|Sitrus Berry|[eat]
|-heal|p2a: Water Bomb|167\/360|[from] item: Sitrus Berry
|
|turn|15
|
|move|p1a: Talonflame|Brave Bird|p2a: Water Bomb
|-damage|p2a: Water Bomb|0 fnt
|-damage|p1a: Talonflame|25\/297|[from] recoil|[of] p2a: Water Bomb
|faint|p2a: Water Bomb
|
|
|switch|p2a: Playboy|Lopunny-Mega, F, shiny|208\/271
|turn|16
|c|ârico4000|that max roll on sciz kinda sucked
|
|switch|p1a: Scizor|Scizor-Mega, F|146\/343
|move|p2a: Playboy|High Jump Kick|p1a: Scizor
|-damage|p1a: Scizor|0 fnt
|faint|p1a: Scizor
|
|c|ârico4000|i guess it doesnt matter
|
|switch|p1a: Thundurus|Thundurus, M|269\/298
|turn|17
|leave|tst100
|
|switch|p2a: Destructo Disk|Victini|341\/341
|move|p1a: Thundurus|Thunderbolt|p2a: Destructo Disk
|-damage|p2a: Destructo Disk|162\/341
|-status|p2a: Destructo Disk|par
|-damage|p1a: Thundurus|240\/298|[from] item: Life Orb
|
|turn|18
|c|âlil manaphy|really
|c|ârico4000|recoil is a win for me right
|c|âlil manaphy|why are u t bolting kid
|c|ârico4000|obv that didnt matter
|c|ârico4000|lol
|-message|lil manaphy forfeited.
|c|ârico4000|wtf?
|
|win|rico4000
|raw|Ladder updating...
|leave|lil manaphy
|raw|rico4000's rating: 1608 &rarr; <strong>1629<\/strong><br \/>(+21 for winning)
|raw|lil manaphy's rating: 1634 &rarr; <strong>1612<\/strong><br \/>(-22 for losing)
|leave|all i do is ladder
|player|p2
|c| DerperiorX|choookkkkeeee
|leave|DerperiorX
|join|Squirrelll
|player|p1|Guest 878990|22
|player|p1|Squirrelll|22
|leave|Squirrelll
|player|p1
|join|Squirrelll
|leave|Fabio96