|join|MoB Barley
|join|Aka DH
|player|p1|MoB Barley|161
|player|p2|Aka DH|1
|gametype|singles
|gen|6
|tier|OU
|rated
|clearpoke
|poke|p1|Metagross, shiny
|poke|p1|Latios, M
|poke|p1|Gengar, M, shiny
|poke|p1|Conkeldurr, M, shiny
|poke|p1|Garchomp, M
|poke|p1|Thundurus, M
|poke|p2|Bisharp, M
|poke|p2|Venusaur, F
|poke|p2|Heatran, M
|poke|p2|Keldeo
|poke|p2|Chansey, F
|poke|p2|Skarmory, F
|rule|Swagger Clause: Swagger is banned
|rule|Baton Pass Clause: Limit one PokÃ©mon knowing Baton Pass
|rule|Sleep Clause Mod: Limit one foe put to sleep
|rule|Species Clause: Limit one of each PokÃ©mon
|rule|OHKO Clause: OHKO moves are banned
|rule|Moody Clause: Moody is banned
|rule|Evasion Moves Clause: Evasion moves are banned
|rule|Endless Battle Clause: Forcing endless battles is banned
|rule|HP Percentage Mod: HP is shown in percentages
|teampreview
|join|Joonitor
|join|Prankster
|
|start
|switch|p1a: Conkeldurr|Conkeldurr, M, shiny|361\/361
|switch|p2a: Heatran|Heatran, M|340\/340
|-item|p2a: Heatran|Air Balloon
|turn|1
|c| Joonitor|nice catch m8
|join|jessmister
|
|switch|p2a: Venusaur|Venusaur, F|364\/364
|move|p1a: Conkeldurr|Drain Punch|p2a: Venusaur
|-crit|p2a: Venusaur
|-resisted|p2a: Venusaur
|-damage|p2a: Venusaur|270\/364
|
|turn|2
|join|WECAMEASROMANS
|join|Divine Rose
|join|TCBB
|join|Avarice87
|join|haunter
|
|switch|p1a: Gengar|Gengar, M, shiny|261\/261
|detailschange|p2a: Venusaur|Venusaur-Mega, F
|-mega|p2a: Venusaur|Venusaur|Venusaurite
|move|p2a: Venusaur|Leech Seed|p1a: Gengar
|-start|p1a: Gengar|move: Leech Seed
|
|-damage|p1a: Gengar|229\/261|[from] Leech Seed|[of] p2a: Venusaur
|-heal|p2a: Venusaur|302\/364|[silent]
|turn|3
|c| Joonitor|throw dat catch back in imo
|
|switch|p2a: Chansey|Chansey, F|684\/684
|move|p1a: Gengar|Will-O-Wisp|p2a: Chansey
|-status|p2a: Chansey|brn
|
|-damage|p1a: Gengar|197\/261|[from] Leech Seed|[of] p2a: Chansey
|-damage|p2a: Chansey|599\/684 brn|[from] brn
|turn|4
|
|switch|p1a: Conkeldurr|Conkeldurr, M, shiny|361\/361
|move|p2a: Chansey|Seismic Toss|p1a: Conkeldurr
|-damage|p1a: Conkeldurr|261\/361
|
|-damage|p2a: Chansey|514\/684 brn|[from] brn
|turn|5
|c| Avarice87|How many Mob Barley's does it take to screw in a lightbulb?
|
|switch|p2a: Venusaur|Venusaur-Mega, F|302\/364
|move|p1a: Conkeldurr|Drain Punch|p2a: Venusaur
|-resisted|p2a: Venusaur
|-damage|p2a: Venusaur|251\/364
|-heal|p1a: Conkeldurr|287\/361|[from] drain|[of] p2a: Venusaur
|
|turn|6
|
|switch|p1a: Gengar|Gengar, M, shiny|197\/261
|move|p2a: Venusaur|Synthesis|p2a: Venusaur
|-heal|p2a: Venusaur|364\/364
|
|turn|7
|c| Joonitor|How many Ava's does it take to be gay?
|c| Joonitor|jus one
|c|âMoB Barley|one
|join|gyarad0site
|c| Avarice87|Is that you Joo?
|c| Joonitor|lmao
|join|Mediocre Manifesto
|
|switch|p2a: Heatran|Heatran, M|340\/340
|-item|p2a: Heatran|Air Balloon
|move|p1a: Gengar|Shadow Ball|p2a: Heatran
|-damage|p2a: Heatran|157\/340
|-enditem|p2a: Heatran|Air Balloon
|-damage|p1a: Gengar|171\/261|[from] item: Life Orb
|
|turn|8
|c| Joonitor|naws
|c| Joonitor|i'm a joonitor
|join|CheerChill Returns
|c| Avarice87|So you're not Joo Seasons
|c| Joonitor|i clean shit up off floors
|c| Avarice87|Okay
|c| Avarice87|Howdy
|
|switch|p2a: Chansey|Chansey, F|514\/684
|move|p1a: Gengar|Shadow Ball|p2a: Chansey
|-immune|p2a: Chansey|[msg]
|
|turn|9
|c| Avarice87|I'm the badass that haunter kicked out
|
|switch|p1a: Conkeldurr|Conkeldurr, M, shiny|287\/361
|move|p2a: Chansey|Soft-Boiled|p2a: Chansey
|-heal|p2a: Chansey|684\/684
|
|turn|10
|join|Animefan8451
|
|switch|p2a: Venusaur|Venusaur-Mega, F|364\/364
|move|p1a: Conkeldurr|Knock Off|p2a: Venusaur
|-damage|p2a: Venusaur|310\/364
|
|turn|11
|join|Shirby41
|join|Chillingtilnoon
|
|switch|p1a: Gengar|Gengar, M, shiny|171\/261
|move|p2a: Venusaur|Leech Seed|p1a: Gengar
|-start|p1a: Gengar|move: Leech Seed
|
|-damage|p1a: Gengar|139\/261|[from] Leech Seed|[of] p2a: Venusaur
|-heal|p2a: Venusaur|342\/364|[silent]
|turn|12
|c| Prankster|lol
|c| Avarice87|Is that Prankster I see?
|
|switch|p1a: Garchomp|Garchomp, M|420\/420
|move|p2a: Venusaur|Giga Drain|p1a: Garchomp
|-damage|p1a: Garchomp|275\/420
|-heal|p2a: Venusaur|364\/364|[from] drain|[of] p1a: Garchomp
|
|turn|13
|c| Prankster|no
|
|move|p1a: Garchomp|Stealth Rock|p2a: Venusaur
|-sidestart|p2: Aka DH|move: Stealth Rock
|move|p2a: Venusaur|Giga Drain|p1a: Garchomp
|-damage|p1a: Garchomp|142\/420
|
|turn|14
|c| Avarice87|Is that you, Max?
|c| Prankster|no
|c| WECAMEASROMANS|thats mega garchomp right
|
|switch|p1a: Gengar|Gengar, M, shiny|139\/261
|move|p2a: Venusaur|Leech Seed|p1a: Gengar|[miss]
|-miss|p2a: Venusaur|p1a: Gengar
|
|turn|15
|c| Prankster|my name is wcar
|c| Avarice87|Prankster is Max
|c| Joonitor|https:\/\/www.youtube.com\/watch?v=Fl7i8wJcByk (music played when Ava walks in to da room, such a badass)
|join|jack41
|
|switch|p2a: Chansey|Chansey, F|684\/684
|-damage|p2a: Chansey|599\/684|[from] Stealth Rock
|move|p1a: Gengar|Pain Split|p2a: Chansey
|-sethp|p2a: Chansey|369\/684|p1a: Gengar|261\/261|[from] move: Pain Split
|
|turn|16
|
|switch|p1a: Conkeldurr|Conkeldurr, M, shiny|287\/361
|move|p2a: Chansey|Soft-Boiled|p2a: Chansey
|-heal|p2a: Chansey|684\/684
|
|turn|17
|
|switch|p2a: Venusaur|Venusaur-Mega, F|364\/364
|-damage|p2a: Venusaur|319\/364|[from] Stealth Rock
|move|p1a: Conkeldurr|Knock Off|p2a: Venusaur
|-damage|p2a: Venusaur|263\/364
|
|turn|18
|
|move|p2a: Venusaur|Leech Seed|p1a: Conkeldurr
|-start|p1a: Conkeldurr|move: Leech Seed
|move|p1a: Conkeldurr|Ice Punch|p2a: Venusaur
|-supereffective|p2a: Venusaur
|-damage|p2a: Venusaur|197\/364
|
|-damage|p1a: Conkeldurr|242\/361|[from] Leech Seed|[of] p2a: Venusaur
|-heal|p2a: Venusaur|242\/364|[silent]
|turn|19
|
|switch|p1a: Metagross|Metagross, shiny|301\/301
|move|p2a: Venusaur|Leech Seed|p1a: Metagross
|-start|p1a: Metagross|move: Leech Seed
|
|-damage|p1a: Metagross|264\/301|[from] Leech Seed|[of] p2a: Venusaur
|-heal|p2a: Venusaur|279\/364|[silent]
|turn|20
|join|Cienight
|c| Joonitor|Ava do you get the hots when you look in a mirror?
|
|switch|p1a: Gengar|Gengar, M, shiny|261\/261
|move|p2a: Venusaur|Giga Drain|p1a: Gengar
|-resisted|p1a: Gengar
|-damage|p1a: Gengar|192\/261
|-heal|p2a: Venusaur|314\/364|[from] drain|[of] p1a: Gengar
|
|turn|21
|
|switch|p2a: Chansey|Chansey, F|684\/684
|-damage|p2a: Chansey|599\/684|[from] Stealth Rock
|move|p1a: Gengar|Will-O-Wisp|p2a: Chansey|[miss]
|-miss|p1a: Gengar|p2a: Chansey
|
|turn|22
|
|switch|p1a: Garchomp|Garchomp, M|142\/420
|move|p2a: Chansey|Seismic Toss|p1a: Garchomp
|-damage|p1a: Garchomp|42\/420
|-damage|p2a: Chansey|514\/684|[from] ability: Rough Skin|[of] p1a: Garchomp
|-damage|p2a: Chansey|400\/684|[from] item: Rocky Helmet|[of] p1a: Garchomp
|
|turn|23
|join|Miley2010Cyrus
|
|move|p2a: Chansey|Soft-Boiled|p2a: Chansey
|-heal|p2a: Chansey|684\/684
|move|p1a: Garchomp|Dragon Tail|p2a: Chansey
|-damage|p2a: Chansey|569\/684
|drag|p2a: Heatran|Heatran, M|157\/340
|-damage|p2a: Heatran|115\/340|[from] Stealth Rock
|
|turn|24
|
|move|p2a: Heatran|Fire Blast|p1a: Garchomp
|-crit|p1a: Garchomp
|-resisted|p1a: Garchomp
|-damage|p1a: Garchomp|0 fnt
|faint|p1a: Garchomp
|
|leave|jack41
|
|switch|p1a: Thundurus|Thundurus, M|299\/299
|turn|25
|
|switch|p2a: Chansey|Chansey, F|569\/684
|-damage|p2a: Chansey|484\/684|[from] Stealth Rock
|move|p1a: Thundurus|Thunderbolt|p2a: Chansey
|-damage|p2a: Chansey|371\/684
|-damage|p1a: Thundurus|270\/299|[from] item: Life Orb
|
|turn|26
|
|switch|p2a: Venusaur|Venusaur-Mega, F|314\/364
|-damage|p2a: Venusaur|269\/364|[from] Stealth Rock
|move|p1a: Thundurus|Nasty Plot|p1a: Thundurus
|-boost|p1a: Thundurus|spa|2
|
|turn|27
|c| Avarice87|I do indeed
|c| Avarice87|I love my beard
|
|move|p1a: Thundurus|Thunderbolt|p2a: Venusaur
|-resisted|p2a: Venusaur
|-damage|p2a: Venusaur|87\/364
|-damage|p1a: Thundurus|241\/299|[from] item: Life Orb
|move|p2a: Venusaur|Leech Seed|p1a: Thundurus
|-start|p1a: Thundurus|move: Leech Seed
|
|-damage|p1a: Thundurus|204\/299|[from] Leech Seed|[of] p2a: Venusaur
|-heal|p2a: Venusaur|124\/364|[silent]
|turn|28
|c|âMoB Barley|ava BUM
|
|switch|p2a: Chansey|Chansey, F|371\/684
|-damage|p2a: Chansey|286\/684|[from] Stealth Rock
|move|p1a: Thundurus|Thunderbolt|p2a: Chansey
|-damage|p2a: Chansey|56\/684
|-damage|p1a: Thundurus|175\/299|[from] item: Life Orb
|
|-damage|p1a: Thundurus|138\/299|[from] Leech Seed|[of] p2a: Chansey
|-heal|p2a: Chansey|93\/684|[silent]
|turn|29
|c| WECAMEASROMANS|jesus christ thats strong
|c| WECAMEASROMANS|who even needs hp flying
|
|move|p1a: Thundurus|Thunderbolt|p2a: Chansey
|-damage|p2a: Chansey|0 fnt
|-damage|p1a: Thundurus|109\/299|[from] item: Life Orb
|faint|p2a: Chansey
|
|c| Prankster|avarice
|c| Prankster|did you find a job yet
|
|switch|p2a: Bisharp|Bisharp, M|334\/334
|-damage|p2a: Bisharp|314\/334|[from] Stealth Rock
|turn|30
|c| Avarice87|No
|
|switch|p1a: Conkeldurr|Conkeldurr, M, shiny|242\/361
|move|p2a: Bisharp|Sucker Punch|p1a: Conkeldurr
|-fail|p1a: Conkeldurr
|
|-heal|p2a: Bisharp|334\/334|[from] item: Leftovers
|turn|31
|c| Prankster|mob barley said he's tired of his tax dollars aiding you
|join|dgah
|
|switch|p2a: Heatran|Heatran, M|115\/340
|-damage|p2a: Heatran|73\/340|[from] Stealth Rock
|move|p1a: Conkeldurr|Drain Punch|p2a: Heatran
|-supereffective|p2a: Heatran
|-damage|p2a: Heatran|0 fnt
|-heal|p1a: Conkeldurr|279\/361|[from] drain|[of] p2a: Heatran
|faint|p2a: Heatran
|
|c| Avarice87|Lol
|join|Thimolimo
|leave|Thimolimo
|
|switch|p2a: Venusaur|Venusaur-Mega, F|124\/364
|-damage|p2a: Venusaur|79\/364|[from] Stealth Rock
|turn|32
|c| Prankster|can you blame him tho?
|c| Prankster|he's just tired of it
|c| Avarice87|I can
|
|switch|p1a: Gengar|Gengar, M, shiny|192\/261
|move|p2a: Venusaur|Synthesis|p2a: Venusaur
|-heal|p2a: Venusaur|261\/364
|
|turn|33
|c| Avarice87|We all pay taxes
|c|âMoB Barley|this gengars so anti stall
|
|move|p1a: Gengar|Will-O-Wisp|p2a: Venusaur
|-status|p2a: Venusaur|brn
|move|p2a: Venusaur|Leech Seed|p1a: Gengar
|-start|p1a: Gengar|move: Leech Seed
|
|-damage|p1a: Gengar|160\/261|[from] Leech Seed|[of] p2a: Venusaur
|-heal|p2a: Venusaur|293\/364 brn|[silent]
|-damage|p2a: Venusaur|248\/364 brn|[from] brn
|turn|34
|leave|TCBB
|c|âMoB Barley|don't even use taunt
|join|Nu Gundam
|
|move|p1a: Gengar|Sludge Wave|p2a: Venusaur
|-crit|p2a: Venusaur
|-damage|p2a: Venusaur|0 fnt
|-damage|p1a: Gengar|134\/261|[from] item: Life Orb
|faint|p2a: Venusaur
|
|c| Avarice87|I live with my parents so they're taking care of me, not your tax dollars.
|leave|Nu Gundam
|c| Avarice87|And I do work around the house
|
|switch|p2a: Bisharp|Bisharp, M|334\/334
|-damage|p2a: Bisharp|314\/334|[from] Stealth Rock
|turn|35
|c|âMoB Barley|their money = your money
|c|âMoB Barley|so you are
|
|move|p1a: Gengar|Will-O-Wisp|p2a: Bisharp
|-status|p2a: Bisharp|brn
|move|p2a: Bisharp|Knock Off|p1a: Gengar
|-supereffective|p1a: Gengar
|-damage|p1a: Gengar|0 fnt
|-enditem|p1a: Gengar|Life Orb|[from] move: Knock Off|[of] p2a: Bisharp
|faint|p1a: Gengar
|
|-heal|p2a: Bisharp|334\/334 brn|[from] item: Leftovers
|-damage|p2a: Bisharp|293\/334 brn|[from] brn
|c|âMoB Barley|u think this'll ohio latios
|c|âMoB Barley|ohko
|c| Avarice87|No
|
|switch|p1a: Conkeldurr|Conkeldurr, M, shiny|279\/361
|turn|36
|c|âMoB Barley|not you
|
|switch|p2a: Keldeo|Keldeo|323\/323
|-damage|p2a: Keldeo|303\/323|[from] Stealth Rock
|move|p1a: Conkeldurr|Knock Off|p2a: Keldeo
|-resisted|p2a: Keldeo
|-damage|p2a: Keldeo|233\/323
|-boost|p2a: Keldeo|atk|1|[from] ability: Justified
|-enditem|p2a: Keldeo|Leftovers|[from] move: Knock Off|[of] p1a: Conkeldurr
|
|turn|37
|
|move|p2a: Keldeo|Secret Sword|p1a: Conkeldurr
|-damage|p1a: Conkeldurr|113\/361
|move|p1a: Conkeldurr|Drain Punch|p2a: Keldeo
|-damage|p2a: Keldeo|52\/323
|-heal|p1a: Conkeldurr|204\/361|[from] drain|[of] p2a: Keldeo
|
|turn|38
|
|switch|p2a: Skarmory|Skarmory, F|334\/334
|-damage|p2a: Skarmory|293\/334|[from] Stealth Rock
|switch|p1a: Latios|Latios, M|301\/301
|
|turn|39
|
|move|p1a: Latios|Hidden Power|p2a: Skarmory
|-supereffective|p2a: Skarmory
|-damage|p2a: Skarmory|106\/334
|-damage|p1a: Latios|271\/301|[from] item: Life Orb
|move|p2a: Skarmory|Spikes|p1a: Latios
|-sidestart|p1: MoB Barley|Spikes
|
|turn|40
|
|switch|p2a: Bisharp|Bisharp, M|293\/334 brn
|-damage|p2a: Bisharp|273\/334 brn|[from] Stealth Rock
|move|p1a: Latios|Hidden Power|p2a: Bisharp
|-supereffective|p2a: Bisharp
|-damage|p2a: Bisharp|42\/334 brn
|-damage|p1a: Latios|241\/301|[from] item: Life Orb
|
|-heal|p2a: Bisharp|62\/334 brn|[from] item: Leftovers
|-damage|p2a: Bisharp|21\/334 brn|[from] brn
|turn|41
|
|switch|p1a: Conkeldurr|Conkeldurr, M, shiny|204\/361
|-damage|p1a: Conkeldurr|159\/361|[from] Spikes
|move|p2a: Bisharp|Sucker Punch|p1a: Conkeldurr
|-fail|p1a: Conkeldurr
|
|-heal|p2a: Bisharp|41\/334 brn|[from] item: Leftovers
|-damage|p2a: Bisharp|0 fnt|[from] brn
|faint|p2a: Bisharp
|-message|Aka DH forfeited.
|leave|Aka DH
|leave|Mediocre Manifesto
|
|win|MoB Barley
|raw|Ladder updating...
|player|p2
|raw|MoB Barley's rating: 1759 &rarr; <strong>1777<\/strong><br \/>(+18 for winning)
|raw|Aka DH's rating: 1728 &rarr; <strong>1709<\/strong><br \/>(-19 for losing)
|leave|WECAMEASROMANS
|leave|Animefan8451
|leave|Avarice87
|leave|Shirby41
|leave|Miley2010Cyrus
|leave|jessmister