|join|MoB Barley
|join|Florama
|join|Mega Magic Bounce
|join|XperimentTeams
|join|The Mimic
|join|Badplayer0815
|player|p1|MoB Barley|161
|player|p2|Florama|260
|gametype|singles
|gen|6
|tier|OU
|clearpoke
|poke|p1|Altaria, M, shiny
|poke|p1|Tentacruel, M
|poke|p1|Chesnaught, M, shiny
|poke|p1|Chansey, F
|poke|p1|Slowbro, M, shiny
|poke|p1|Heatran, M, shiny
|poke|p2|Cofagrigus, F
|poke|p2|Bellossom, F
|poke|p2|Gallade, M
|poke|p2|Ninetales, F
|poke|p2|Corsola, F
|poke|p2|Nidoqueen, F
|rule|Swagger Clause: Swagger is banned
|rule|Baton Pass Clause: Limit one PokÃ©mon knowing Baton Pass
|rule|Sleep Clause Mod: Limit one foe put to sleep
|rule|Species Clause: Limit one of each PokÃ©mon
|rule|OHKO Clause: OHKO moves are banned
|rule|Moody Clause: Moody is banned
|rule|Evasion Moves Clause: Evasion moves are banned
|rule|Endless Battle Clause: Forcing endless battles is banned
|rule|HP Percentage Mod: HP is shown in percentages
|teampreview
|join|JSB15
|join|RayMafia
|join|GUnnerAGDomination
|join|rika and hanyuu
|c|âMoB Barley|nice
|join|WeLikeIke
|join|I'm Bi...sharp
|join|l123
|join|RebornCelebi
|join|Kama Sutra
|join|boltsandbombers
|join|rhaethj
|join|Demandred
|
|start
|switch|p1a: Jelly|Tentacruel, M|364\/364
|switch|p2a: Cofagrigus|Cofagrigus, F|257\/257
|turn|1
|join|SwaggBoii
|c| Mega Magic Bounce|um, is this ru
|leave|RayMafia
|c| boltsandbombers|the corsola comin thru
|c| The Mimic|but its strong
|join|LMay
|
|move|p1a: Jelly|Knock Off|p2a: Cofagrigus
|-supereffective|p2a: Cofagrigus
|-damage|p2a: Cofagrigus|203\/257
|-endability|p1a: Jelly|liquidooze|[from] Mummy
|-ability|p1a: Jelly|Mummy|[from] Mummy
|-enditem|p2a: Cofagrigus|Leftovers|[from] move: Knock Off|[of] p1a: Jelly
|move|p2a: Cofagrigus|Calm Mind|p2a: Cofagrigus
|-boost|p2a: Cofagrigus|spa|1
|-boost|p2a: Cofagrigus|spd|1
|
|turn|2
|join|Like me 2
|c| The Mimic|its a nice lop counter
|c| Mega Magic Bounce|cofagrigus, the only mega-lop counter
|c| LMay|pls haze
|c| Mega Magic Bounce|acid spray
|c| LMay|slowbro clefable does counter
|c| boltsandbombers|"the only mega lop counter"
|
|move|p1a: Jelly|Toxic Spikes|p2a: Cofagrigus
|-sidestart|p2: Florama|move: Toxic Spikes
|move|p2a: Cofagrigus|Pain Split|p1a: Jelly
|-sethp|p1a: Jelly|283\/364|p2a: Cofagrigus|257\/257|[from] move: Pain Split
|
|-heal|p1a: Jelly|305\/364|[from] item: Black Sludge
|turn|3
|join|lolzuk
|c| boltsandbombers|hello wtf
|c| LMay|bulky mega alt too
|
|switch|p1a: "Magma"|Heatran, M, shiny|386\/386
|move|p2a: Cofagrigus|Will-O-Wisp|p1a: "Magma"
|-start|p1a: "Magma"|ability: Flash Fire
|
|turn|4
|c| The Mimic|and it even counters swampert-m and such things
|c| The Mimic|or azumarill
|c| Mega Magic Bounce|lop gets a solid 2hko with return on mega alt
|join|vpandalu
|
|move|p1a: "Magma"|Lava Plume|p2a: Cofagrigus
|-damage|p2a: Cofagrigus|163\/257
|-status|p2a: Cofagrigus|brn
|move|p2a: Cofagrigus|Calm Mind|p2a: Cofagrigus
|-boost|p2a: Cofagrigus|spa|1
|-boost|p2a: Cofagrigus|spd|1
|
|-damage|p2a: Cofagrigus|131\/257 brn|[from] brn
|turn|5
|c| Kama Sutra|it doesn't counter azu
|c| The Mimic|it does
|c| LMay|momie
|c| LMay|mummy*
|
|move|p1a: "Magma"|Stealth Rock|p2a: Cofagrigus
|-sidestart|p2: Florama|move: Stealth Rock
|move|p2a: Cofagrigus|Pain Split|p1a: "Magma"
|-sethp|p1a: "Magma"|258\/386|p2a: Cofagrigus|257\/257 brn|[from] move: Pain Split
|
|-heal|p1a: "Magma"|282\/386|[from] item: Leftovers
|-damage|p2a: Cofagrigus|225\/257 brn|[from] brn
|turn|6
|c| The Mimic|yeah
|c| LMay|he counters azu
|
|move|p1a: "Magma"|Lava Plume|p2a: Cofagrigus
|-damage|p2a: Cofagrigus|156\/257 brn
|move|p2a: Cofagrigus|Hex|p1a: "Magma"
|-damage|p1a: "Magma"|164\/386
|
|-heal|p1a: "Magma"|188\/386|[from] item: Leftovers
|-damage|p2a: Cofagrigus|124\/257 brn|[from] brn
|turn|7
|c| LMay|anyone with pixilate aerialate too
|c| LMay|everyone*
|c| Mega Magic Bounce|that's not very many mons
|
|move|p1a: "Magma"|Lava Plume|p2a: Cofagrigus
|-damage|p2a: Cofagrigus|49\/257 brn
|move|p2a: Cofagrigus|Pain Split|p1a: "Magma"
|-sethp|p1a: "Magma"|118\/386|p2a: Cofagrigus|118\/257 brn|[from] move: Pain Split
|
|-heal|p1a: "Magma"|142\/386|[from] item: Leftovers
|-damage|p2a: Cofagrigus|86\/257 brn|[from] brn
|turn|8
|c| Mega Magic Bounce|it's like, pinsir
|c| Mega Magic Bounce|sylveon
|
|move|p1a: "Magma"|Lava Plume|p2a: Cofagrigus
|-damage|p2a: Cofagrigus|14\/257 brn
|move|p2a: Cofagrigus|Hex|p1a: "Magma"
|-damage|p1a: "Magma"|40\/386
|
|-heal|p1a: "Magma"|64\/386|[from] item: Leftovers
|-damage|p2a: Cofagrigus|0 fnt|[from] brn
|faint|p2a: Cofagrigus
|c| Kama Sutra|it cant switch in
|join|Fabio96
|c| The Mimic|everyone relying on his ability and contact moves
|c| Kama Sutra|if its bd azu
|
|switch|p2a: Nidoqueen|Nidoqueen, F|380\/380
|-sideend|p2: Florama|move: Toxic Spikes|[of] p2a: Nidoqueen
|-damage|p2a: Nidoqueen|357\/380|[from] Stealth Rock
|turn|9
|c| Mega Magic Bounce|wait are we still on mega lop
|
|move|p1a: "Magma"|Taunt|p2a: Nidoqueen
|-start|p2a: Nidoqueen|move: Taunt
|move|p2a: Nidoqueen|Earth Power|p1a: "Magma"
|-supereffective|p1a: "Magma"
|-damage|p1a: "Magma"|0 fnt
|faint|p1a: "Magma"
|
|c| Mega Magic Bounce|just tryna make sure
|c| The Mimic|cofagrigus
|join|cosine180
|
|switch|p1a: Short Bus|Slowbro, M, shiny|394\/394
|turn|10
|leave|cosine180
|
|move|p2a: Nidoqueen|Sludge Wave|p1a: Short Bus
|-damage|p1a: Short Bus|116\/394
|move|p1a: Short Bus|Scald|p2a: Nidoqueen
|-supereffective|p2a: Nidoqueen
|-damage|p2a: Nidoqueen|139\/380
|
|-heal|p1a: Short Bus|140\/394|[from] item: Leftovers
|turn|11
|
|switch|p1a: The Blob|Chansey, F|680\/680
|move|p2a: Nidoqueen|Sludge Wave|p1a: The Blob
|-damage|p1a: The Blob|551\/680
|
|-end|p2a: Nidoqueen|move: Taunt
|turn|12
|c| Mega Magic Bounce|i don't get why you taunted nidoqueen mob
|
|move|p2a: Nidoqueen|Stealth Rock|p1a: The Blob
|-sidestart|p1: MoB Barley|move: Stealth Rock
|move|p1a: The Blob|Seismic Toss|p2a: Nidoqueen
|-damage|p2a: Nidoqueen|39\/380
|
|turn|13
|c|âMoB Barley|bc
|c| The Mimic|me neither
|c|âMoB Barley|rocks
|c| WeLikeIke|Rock tho
|
|move|p2a: Nidoqueen|Sludge Wave|p1a: The Blob
|-damage|p1a: The Blob|433\/680
|move|p1a: The Blob|Seismic Toss|p2a: Nidoqueen
|-damage|p2a: Nidoqueen|0 fnt
|faint|p2a: Nidoqueen
|
|c| Mega Magic Bounce|o
|c| Mega Magic Bounce|do they usually run rocks?
|c|âMoB Barley|a lot do
|
|switch|p2a: Gallade|Gallade, M|278\/278
|-damage|p2a: Gallade|261\/278|[from] Stealth Rock
|turn|14
|join|gizmo
|leave|Florama
|player|p2
|c| boltsandbombers|O
|c| Mega Magic Bounce|omg
|c|âMoB Barley|give him 20 seconds
|join|Florama
|player|p2|Florama|260
|c|âFlorama|sorry bug^^
|c| The Mimic|welcome back
|leave|Kama Sutra
|
|detailschange|p2a: Gallade|Gallade-Mega, M
|-mega|p2a: Gallade|Gallade|Galladite
|move|p2a: Gallade|Swords Dance|p2a: Gallade
|-boost|p2a: Gallade|atk|2
|move|p1a: The Blob|Toxic|p2a: Gallade
|-status|p2a: Gallade|tox
|
|-damage|p2a: Gallade|244\/278 tox|[from] psn
|turn|15
|join|Khaliem
|c| Mega Magic Bounce|bold play mob
|
|switch|p1a: Koopa King|Chesnaught, M, shiny|380\/380
|-damage|p1a: Koopa King|357\/380|[from] Stealth Rock
|move|p2a: Gallade|Drain Punch|p1a: Koopa King
|-damage|p1a: Koopa King|156\/380
|-heal|p2a: Gallade|278\/278 tox|[from] drain|[of] p1a: Koopa King
|
|-heal|p1a: Koopa King|179\/380|[from] item: Leftovers
|-damage|p2a: Gallade|244\/278 tox|[from] psn
|turn|16
|join|Kimmys
|
|move|p2a: Gallade|Swords Dance|p2a: Gallade
|-boost|p2a: Gallade|atk|2
|move|p1a: Koopa King|Leech Seed|p2a: Gallade
|-start|p2a: Gallade|move: Leech Seed
|
|-heal|p1a: Koopa King|202\/380|[from] item: Leftovers
|-damage|p2a: Gallade|210\/278 tox|[from] Leech Seed|[of] p1a: Koopa King
|-heal|p1a: Koopa King|236\/380|[silent]
|-damage|p2a: Gallade|159\/278 tox|[from] psn
|turn|17
|
|switch|p1a: Jelly|Tentacruel, M|305\/364
|-damage|p1a: Jelly|260\/364|[from] Stealth Rock
|move|p2a: Gallade|Swords Dance|p2a: Gallade
|-boost|p2a: Gallade|atk|2
|
|-heal|p1a: Jelly|282\/364|[from] item: Black Sludge
|-damage|p2a: Gallade|125\/278 tox|[from] Leech Seed|[of] p1a: Jelly
|-heal|p1a: Jelly|316\/364|[silent]
|-damage|p2a: Gallade|57\/278 tox|[from] psn
|turn|18
|join|ryzed
|c| boltsandbombers|do you not have zen headbutt
|c| Mega Magic Bounce|^
|
|move|p2a: Gallade|Drain Punch|p1a: Jelly
|-resisted|p1a: Jelly
|-damage|p1a: Jelly|0 fnt
|-damage|p2a: Gallade|0 fnt|[from] ability: Liquid Ooze|[of] p1a: Jelly
|faint|p2a: Gallade
|faint|p1a: Jelly
|
|c| Mega Magic Bounce|guess not
|c| boltsandbombers|oh wait that died
|c| Khaliem|lol
|
|switch|p1a: Cloud Nine|Altaria, M, shiny|353\/353
|switch|p2a: Bellossom|Bellossom, F|354\/354
|-damage|p1a: Cloud Nine|265\/353|[from] Stealth Rock
|-damage|p2a: Bellossom|310\/354|[from] Stealth Rock
|turn|19
|c| Mega Magic Bounce|that's the best use of liquid ooze i've ever seen
|c| Khaliem|come on dude
|leave|rhaethj
|c| ryzed|it rapes ferrothorn
|c| ryzed|leech seed ones
|
|move|p1a: Cloud Nine|Dragon Dance|p1a: Cloud Nine
|-boost|p1a: Cloud Nine|atk|1
|-boost|p1a: Cloud Nine|spe|1
|move|p2a: Bellossom|Stun Spore|p1a: Cloud Nine
|-status|p1a: Cloud Nine|par
|
|-heal|p2a: Bellossom|332\/354|[from] item: Leftovers
|turn|20
|c| Mega Magic Bounce|yeah, i got a ferro once with it
|
|detailschange|p1a: Cloud Nine|Altaria-Mega, M, shiny
|-mega|p1a: Cloud Nine|Altaria|Altarianite
|move|p2a: Bellossom|Teeter Dance|p1a: Cloud Nine
|-start|p1a: Cloud Nine|confusion
|-activate|p1a: Cloud Nine|confusion
|-damage|p1a: Cloud Nine|229\/353 par|[from] confusion
|
|-heal|p2a: Bellossom|354\/354|[from] item: Leftovers
|turn|21
|c| boltsandbombers|oml
|c| boltsandbombers|why
|c| WeLikeIke|That
|c| Mega Magic Bounce|wtf is that
|c| WeLikeIke|is evil
|
|move|p2a: Bellossom|Moonblast|p1a: Cloud Nine
|-supereffective|p1a: Cloud Nine
|-damage|p1a: Cloud Nine|91\/353 par
|-activate|p1a: Cloud Nine|confusion
|move|p1a: Cloud Nine|Heal Bell|p1a: Cloud Nine
|-cureteam|p1a: Cloud Nine|[from] move: HealBell
|
|turn|22
|c| Mega Magic Bounce|too bad it doesn't heal confusion
|
|-activate|p1a: Cloud Nine|confusion
|move|p1a: Cloud Nine|Return|p2a: Bellossom
|-damage|p2a: Bellossom|111\/354
|move|p2a: Bellossom|Moonblast|p1a: Cloud Nine
|-supereffective|p1a: Cloud Nine
|-damage|p1a: Cloud Nine|0 fnt
|faint|p1a: Cloud Nine
|
|-heal|p2a: Bellossom|133\/354|[from] item: Leftovers
|
|switch|p1a: The Blob|Chansey, F|433\/680
|-damage|p1a: The Blob|348\/680|[from] Stealth Rock
|turn|23
|c|âMoB Barley|this game is way too close lol
|c| Mega Magic Bounce|ikr
|
|move|p1a: The Blob|Soft-Boiled|p1a: The Blob
|-heal|p1a: The Blob|680\/680
|move|p2a: Bellossom|Giga Drain|p1a: The Blob
|-damage|p1a: The Blob|631\/680
|-heal|p2a: Bellossom|158\/354|[from] drain|[of] p1a: The Blob
|
|-heal|p2a: Bellossom|180\/354|[from] item: Leftovers
|turn|24
|c|âMoB Barley|i didnt even know he learned mooonblast
|join|exodia15
|join|Teremiare
|leave|Like me 2
|join|Like me 2
|leave|Like me 2
|c| Mega Magic Bounce|this is gonna be awhile
|c| XperimentTeams|It learns it from odish at lv 48
|
|move|p2a: Bellossom|Teeter Dance|p1a: The Blob
|-start|p1a: The Blob|confusion
|-activate|p1a: The Blob|confusion
|-damage|p1a: The Blob|623\/680|[from] confusion
|
|-heal|p2a: Bellossom|202\/354|[from] item: Leftovers
|turn|25
|c|âFlorama|Oddish can learn since ORAS ^^
|leave|Fabio96
|join|ShedinjaLO
|c| gizmo|did you really
|c| gizmo|call bellosom
|c|âMoB Barley|well ik vileplume learns it
|c| gizmo|a "he"
|c|âMoB Barley|so that makes sense
|
|-activate|p1a: The Blob|confusion
|move|p1a: The Blob|Toxic|p2a: Bellossom
|-status|p2a: Bellossom|tox
|move|p2a: Bellossom|Stun Spore|p1a: The Blob|[miss]
|-miss|p2a: Bellossom|p1a: The Blob
|
|-heal|p2a: Bellossom|224\/354 tox|[from] item: Leftovers
|-damage|p2a: Bellossom|202\/354 tox|[from] psn
|turn|26
|c| The Mimic|male belossom is real
|
|-end|p1a: The Blob|confusion
|move|p1a: The Blob|Seismic Toss|p2a: Bellossom
|-damage|p2a: Bellossom|102\/354 tox
|move|p2a: Bellossom|Stun Spore|p1a: The Blob
|-status|p1a: The Blob|par
|
|-heal|p2a: Bellossom|124\/354 tox|[from] item: Leftovers
|-damage|p2a: Bellossom|80\/354 tox|[from] psn
|turn|27
|c| Mega Magic Bounce|yep
|c| Mega Magic Bounce|like male gardevoirs
|c| Mega Magic Bounce|and female machamps
|
|switch|p1a: Koopa King|Chesnaught, M, shiny|236\/380
|-damage|p1a: Koopa King|213\/380|[from] Stealth Rock
|move|p2a: Bellossom|Teeter Dance|p1a: Koopa King
|-start|p1a: Koopa King|confusion
|
|-heal|p1a: Koopa King|236\/380|[from] item: Leftovers
|-heal|p2a: Bellossom|102\/354 tox|[from] item: Leftovers
|-damage|p2a: Bellossom|36\/354 tox|[from] psn
|turn|28
|c| exodia15|lol
|c| XperimentTeams|That sounds scary
|join|Specs Fake-Out
|
|switch|p1a: The Blob|Chansey, F|623\/680
|-damage|p1a: The Blob|538\/680|[from] Stealth Rock
|move|p2a: Bellossom|Moonblast|p1a: The Blob
|-damage|p1a: The Blob|500\/680
|
|-heal|p2a: Bellossom|58\/354 tox|[from] item: Leftovers
|-damage|p2a: Bellossom|0 fnt|[from] psn
|faint|p2a: Bellossom
|
|switch|p2a: Ninetales|Ninetales, F|288\/288
|-damage|p2a: Ninetales|216\/288|[from] Stealth Rock
|turn|29
|c| ryzed|corsola in ou
|c| ryzed|:O
|c| boltsandbombers|mlg
|
|move|p2a: Ninetales|Calm Mind|p2a: Ninetales
|-boost|p2a: Ninetales|spa|1
|-boost|p2a: Ninetales|spd|1
|move|p1a: The Blob|Toxic|p2a: Ninetales
|-status|p2a: Ninetales|tox
|
|-heal|p2a: Ninetales|234\/288 tox|[from] item: Leftovers
|-damage|p2a: Ninetales|216\/288 tox|[from] psn
|turn|30
|c|âFlorama|(yah i know i didn't use drought
|c| The Mimic|male gothidelle is nice 2
|join|lil manaphy
|c| Mega Magic Bounce|if only it got taunt
|
|move|p2a: Ninetales|Calm Mind|p2a: Ninetales
|-boost|p2a: Ninetales|spa|1
|-boost|p2a: Ninetales|spd|1
|move|p1a: The Blob|Seismic Toss|p2a: Ninetales
|-damage|p2a: Ninetales|116\/288 tox
|
|-heal|p2a: Ninetales|134\/288 tox|[from] item: Leftovers
|-damage|p2a: Ninetales|98\/288 tox|[from] psn
|turn|31
|
|move|p2a: Ninetales|Psyshock|p1a: The Blob
|-damage|p1a: The Blob|359\/680
|move|p1a: The Blob|Seismic Toss|p2a: Ninetales
|-damage|p2a: Ninetales|0 fnt
|faint|p2a: Ninetales
|
|leave|Kimmys
|leave|Badplayer0815
|
|switch|p2a: Corsola|Corsola, F|314\/314
|-damage|p2a: Corsola|275\/314|[from] Stealth Rock
|turn|32
|leave|SwaggBoii
|leave|rika and hanyuu
|join|rika and hanyuu
|leave|rika and hanyuu
|c| WeLikeIke|Time for corsola to clean up
|c| WeLikeIke|lol
|
|move|p2a: Corsola|Magic Coat|p2a: Corsola
|-singleturn|p2a: Corsola|move: Magic Coat
|move|p1a: The Blob|Toxic|p2a: Corsola
|move|p2a: Corsola|Toxic|p1a: The Blob|[from]Magic Coat
|-status|p1a: The Blob|tox
|
|-damage|p1a: The Blob|317\/680 tox|[from] psn
|turn|33
|c| ryzed|lol
|c| ryzed|wtf
|c| The Mimic|ok
|c| boltsandbombers|next level plays
|c| Mega Magic Bounce|oh, shit
|
|move|p2a: Corsola|Magic Coat|p2a: Corsola
|-singleturn|p2a: Corsola|move: Magic Coat
|move|p1a: The Blob|Soft-Boiled|p1a: The Blob
|-heal|p1a: The Blob|657\/680 tox
|
|-damage|p1a: The Blob|573\/680 tox|[from] psn
|turn|34
|c| Teremiare|The corsola sweep incomming
|c|âMoB Barley|!learn corsola, shell smash
|raw|<div class="infobox">Corsola <span class="message-learn-cannotlearn">can't<\/span> learn Shell Smash<\/div>
|
|switch|p1a: Koopa King|Chesnaught, M, shiny|236\/380
|-damage|p1a: Koopa King|213\/380|[from] Stealth Rock
|move|p2a: Corsola|Magic Coat|p2a: Corsola
|-singleturn|p2a: Corsola|move: Magic Coat
|
|-heal|p1a: Koopa King|236\/380|[from] item: Leftovers
|turn|35
|c| Mega Magic Bounce|wtf why
|c| ryzed|props for using that team
|c| ryzed|to get to this rank
|leave|JSB15
|
|move|p1a: Koopa King|Drain Punch|p2a: Corsola
|-supereffective|p2a: Corsola
|-damage|p2a: Corsola|105\/314
|-heal|p1a: Koopa King|321\/380|[from] drain|[of] p2a: Corsola
|move|p2a: Corsola|Scald|p1a: Koopa King
|-resisted|p1a: Koopa King
|-damage|p1a: Koopa King|282\/380
|
|-heal|p1a: Koopa King|305\/380|[from] item: Leftovers
|turn|36
|c| Mega Magic Bounce|gg m8s
|c|âMoB Barley|gg
|
|move|p1a: Koopa King|Drain Punch|p2a: Corsola
|-supereffective|p2a: Corsola
|-damage|p2a: Corsola|0 fnt
|-heal|p1a: Koopa King|358\/380|[from] drain|[of] p2a: Corsola
|faint|p2a: Corsola
|
|win|MoB Barley
|c| The Mimic|gg
|leave|GUnnerAGDomination
|join|GUnnerAGDomination
|leave|MoB Barley
|leave|GUnnerAGDomination
|leave|Florama
|leave|Mega Magic Bounce
|leave|Demandred
|join|Demandred
|leave|Demandred