|join|ArchPhantom
|join|MoB Barley
|join|Sike2303
|player|p1|ArchPhantom|222
|player|p2|MoB Barley|161
|gametype|singles
|gen|6
|tier|OU
|clearpoke
|poke|p1|Gyarados, F
|poke|p1|Dragalge, M
|poke|p1|Heatran, F
|poke|p1|Chesnaught, F
|poke|p1|Latias, F
|poke|p1|Landorus-Therian, M
|poke|p2|Lopunny, M, shiny
|poke|p2|Gengar, M
|poke|p2|Landorus-Therian, M
|poke|p2|Latios, M
|poke|p2|Bisharp, M
|poke|p2|Keldeo-Resolute
|rule|Swagger Clause: Swagger is banned
|rule|Baton Pass Clause: Limit one PokÃ©mon knowing Baton Pass
|rule|Sleep Clause Mod: Limit one foe put to sleep
|rule|Species Clause: Limit one of each PokÃ©mon
|rule|OHKO Clause: OHKO moves are banned
|rule|Moody Clause: Moody is banned
|rule|Evasion Moves Clause: Evasion moves are banned
|rule|Endless Battle Clause: Forcing endless battles is banned
|rule|HP Percentage Mod: HP is shown in percentages
|teampreview
|c|âArchPhantom|hf
|c|âMoB Barley|gl
|join|zapp.zapp
|join|Aelia07
|
|start
|switch|p1a: Chesnaught|Chesnaught, F|380\/380
|switch|p2a: Bisharp|Bisharp, M|271\/271
|turn|1
|join|Khaliem
|join|Manabind
|
|move|p2a: Bisharp|Stealth Rock|p1a: Chesnaught
|-sidestart|p1: ArchPhantom|move: Stealth Rock
|move|p1a: Chesnaught|Leech Seed|p2a: Bisharp
|-start|p2a: Bisharp|move: Leech Seed
|
|-damage|p2a: Bisharp|238\/271|[from] Leech Seed|[of] p1a: Chesnaught
|turn|2
|join|ninjatears4u
|
|switch|p2a: Gengar|Gengar, M|261\/261
|move|p1a: Chesnaught|Spikes|p2a: Gengar
|-sidestart|p2: MoB Barley|Spikes
|
|turn|3
|
|switch|p1a: Heatran|Heatran, F|323\/323
|-damage|p1a: Heatran|283\/323|[from] Stealth Rock
|move|p2a: Gengar|Shadow Ball|p1a: Heatran
|-damage|p1a: Heatran|80\/323
|-damage|p2a: Gengar|235\/261|[from] item: Life Orb
|
|turn|4
|
|switch|p2a: Latios|Latios, M|301\/301
|move|p1a: Heatran|Overheat|p2a: Latios
|-resisted|p2a: Latios
|-damage|p2a: Latios|190\/301
|-unboost|p1a: Heatran|spa|2
|
|turn|5
|
|switch|p1a: Dragalge|Dragalge, M|302\/302
|-damage|p1a: Dragalge|265\/302|[from] Stealth Rock
|move|p2a: Latios|Draco Meteor|p1a: Dragalge
|-supereffective|p1a: Dragalge
|-damage|p1a: Dragalge|0 fnt
|-unboost|p2a: Latios|spa|2
|-damage|p2a: Latios|160\/301|[from] item: Life Orb
|faint|p1a: Dragalge
|
|
|switch|p1a: Landorus-Therian|Landorus-Therian, M|379\/379
|-damage|p1a: Landorus-Therian|332\/379|[from] Stealth Rock
|-ability|p1a: Landorus-Therian|Intimidate|[of] p2a: Latios
|-unboost|p2a: Latios|atk|1
|turn|6
|
|switch|p2a: Landorus-Therian|Landorus-Therian, M|319\/319
|-ability|p2a: Landorus-Therian|Intimidate|[of] p1a: Landorus-Therian
|-unboost|p1a: Landorus-Therian|atk|1
|move|p1a: Landorus-Therian|Stealth Rock|p2a: Landorus-Therian
|-sidestart|p2: MoB Barley|move: Stealth Rock
|
|-heal|p1a: Landorus-Therian|355\/379|[from] item: Leftovers
|turn|7
|join|herroin
|leave|Manabind
|join|Fabio96
|
|move|p2a: Landorus-Therian|Explosion|p1a: Landorus-Therian
|-crit|p1a: Landorus-Therian
|-damage|p1a: Landorus-Therian|0 fnt
|faint|p2a: Landorus-Therian
|faint|p1a: Landorus-Therian
|
|join|squirrelll
|
|switch|p1a: Latias|Latias, F|319\/319
|switch|p2a: Gengar|Gengar, M|235\/261
|-damage|p1a: Latias|280\/319|[from] Stealth Rock
|-damage|p2a: Gengar|203\/261|[from] Stealth Rock
|turn|8
|
|move|p2a: Gengar|Shadow Ball|p1a: Latias
|-supereffective|p1a: Latias
|-damage|p1a: Latias|0 fnt
|-damage|p2a: Gengar|177\/261|[from] item: Life Orb
|faint|p1a: Latias
|
|
|switch|p1a: Heatran|Heatran, F|80\/323
|-damage|p1a: Heatran|40\/323|[from] Stealth Rock
|turn|9
|leave|ninjatears4u
|
|switch|p2a: Latios|Latios, M|160\/301
|-damage|p2a: Latios|123\/301|[from] Stealth Rock
|move|p1a: Heatran|Flash Cannon|p2a: Latios
|-damage|p2a: Latios|0 fnt
|faint|p2a: Latios
|
|
|switch|p2a: Keldeo-Resolute|Keldeo-Resolute|323\/323
|-damage|p2a: Keldeo-Resolute|283\/323|[from] Spikes
|-damage|p2a: Keldeo-Resolute|263\/323|[from] Stealth Rock
|turn|10
|
|switch|p1a: Chesnaught|Chesnaught, F|380\/380
|-damage|p1a: Chesnaught|357\/380|[from] Stealth Rock
|move|p2a: Keldeo-Resolute|Calm Mind|p2a: Keldeo-Resolute
|-boost|p2a: Keldeo-Resolute|spa|1
|-boost|p2a: Keldeo-Resolute|spd|1
|
|-heal|p2a: Keldeo-Resolute|283\/323|[from] item: Leftovers
|-heal|p1a: Chesnaught|380\/380|[from] item: Leftovers
|turn|11
|
|move|p2a: Keldeo-Resolute|Scald|p1a: Chesnaught
|-resisted|p1a: Chesnaught
|-damage|p1a: Chesnaught|234\/380
|-status|p1a: Chesnaught|brn
|move|p1a: Chesnaught|Roar|p2a: Keldeo-Resolute
|drag|p2a: Lopunny|Lopunny, M, shiny|271\/271
|-damage|p2a: Lopunny|238\/271|[from] Stealth Rock
|-damage|p2a: Lopunny|205\/271|[from] Spikes
|
|-heal|p1a: Chesnaught|257\/380 brn|[from] item: Leftovers
|-damage|p1a: Chesnaught|210\/380 brn|[from] brn
|turn|12
|
|detailschange|p2a: Lopunny|Lopunny-Mega, M, shiny
|-mega|p2a: Lopunny|Lopunny|Lopunnite
|move|p2a: Lopunny|Fake Out|p1a: Chesnaught
|-damage|p1a: Chesnaught|159\/380 brn
|cant|p1a: Chesnaught|flinch
|
|-heal|p1a: Chesnaught|182\/380 brn|[from] item: Leftovers
|-damage|p1a: Chesnaught|135\/380 brn|[from] brn
|turn|13
|join|Mediocre Manifesto
|
|move|p2a: Lopunny|Return|p1a: Chesnaught
|-damage|p1a: Chesnaught|26\/380 brn
|move|p1a: Chesnaught|Leech Seed|p2a: Lopunny
|-start|p2a: Lopunny|move: Leech Seed
|
|-heal|p1a: Chesnaught|49\/380 brn|[from] item: Leftovers
|-damage|p2a: Lopunny|172\/271|[from] Leech Seed|[of] p1a: Chesnaught
|-heal|p1a: Chesnaught|82\/380 brn|[silent]
|-damage|p1a: Chesnaught|35\/380 brn|[from] brn
|turn|14
|
|move|p2a: Lopunny|Return|p1a: Chesnaught
|-damage|p1a: Chesnaught|0 fnt
|faint|p1a: Chesnaught
|
|
|switch|p1a: Gyarados|Gyarados, F|333\/333
|-damage|p1a: Gyarados|250\/333|[from] Stealth Rock
|-ability|p1a: Gyarados|Intimidate|[of] p2a: Lopunny
|-unboost|p2a: Lopunny|atk|1
|turn|15
|
|switch|p2a: Gengar|Gengar, M|177\/261
|-damage|p2a: Gengar|145\/261|[from] Stealth Rock
|move|p1a: Gyarados|Dragon Dance|p1a: Gyarados
|-boost|p1a: Gyarados|atk|1
|-boost|p1a: Gyarados|spe|1
|
|turn|16
|
|move|p1a: Gyarados|Crunch|p2a: Gengar
|-supereffective|p2a: Gengar
|-damage|p2a: Gengar|0 fnt
|faint|p2a: Gengar
|
|
|switch|p2a: Lopunny|Lopunny-Mega, M, shiny|172\/271
|-damage|p2a: Lopunny|139\/271|[from] Spikes
|-damage|p2a: Lopunny|123\/271|[from] Stealth Rock
|turn|17
|
|move|p2a: Lopunny|Fake Out|p1a: Gyarados
|-damage|p1a: Gyarados|166\/333
|cant|p1a: Gyarados|flinch
|
|turn|18
|
|move|p1a: Gyarados|Waterfall|p2a: Lopunny
|-damage|p2a: Lopunny|0 fnt
|faint|p2a: Lopunny
|
|
|switch|p2a: Keldeo-Resolute|Keldeo-Resolute|283\/323
|-damage|p2a: Keldeo-Resolute|263\/323|[from] Stealth Rock
|-damage|p2a: Keldeo-Resolute|223\/323|[from] Spikes
|turn|19
|
|move|p1a: Gyarados|Waterfall|p2a: Keldeo-Resolute
|-resisted|p2a: Keldeo-Resolute
|-damage|p2a: Keldeo-Resolute|111\/323
|move|p2a: Keldeo-Resolute|Secret Sword|p1a: Gyarados
|-resisted|p1a: Gyarados
|-damage|p1a: Gyarados|82\/333
|
|-heal|p2a: Keldeo-Resolute|131\/323|[from] item: Leftovers
|turn|20
|c|âMoB Barley|shit i think i lost
|
|move|p1a: Gyarados|Waterfall|p2a: Keldeo-Resolute
|-resisted|p2a: Keldeo-Resolute
|-damage|p2a: Keldeo-Resolute|23\/323
|move|p2a: Keldeo-Resolute|Secret Sword|p1a: Gyarados
|-resisted|p1a: Gyarados
|-damage|p1a: Gyarados|0 fnt
|faint|p1a: Gyarados
|
|-heal|p2a: Keldeo-Resolute|43\/323|[from] item: Leftovers
|c|âMoB Barley|why didnt u mega
|
|switch|p1a: Heatran|Heatran, F|40\/323
|-damage|p1a: Heatran|0 fnt|[from] Stealth Rock
|faint|p1a: Heatran
|
|win|MoB Barley
|c|âArchPhantom|Gg
|c|âMoB Barley|gg
|leave|MoB Barley
|leave|ArchPhantom
|leave|Mediocre Manifesto
|player|p2
|c| Aelia07|no mega gyara Oo
|player|p1