|join|iplaytennislol
|join|qwazz
|player|p1|iplaytennislol|175
|player|p2|qwazz|102
|gametype|singles
|gen|6
|tier|OU
|clearpoke
|poke|p1|Excadrill, M
|poke|p1|Azelf
|poke|p1|Pinsir, M
|poke|p1|Thundurus, M
|poke|p1|Keldeo
|poke|p1|Kyurem-Black
|poke|p2|Gyarados, M
|poke|p2|Talonflame, M
|poke|p2|Latias, F
|poke|p2|Ferrothorn, M
|poke|p2|Landorus-Therian, M
|poke|p2|Rotom-Wash
|rule|Swagger Clause: Swagger is banned
|rule|Baton Pass Clause: Limit one PokÃ©mon knowing Baton Pass
|rule|Sleep Clause Mod: Limit one foe put to sleep
|rule|Species Clause: Limit one of each PokÃ©mon
|rule|OHKO Clause: OHKO moves are banned
|rule|Moody Clause: Moody is banned
|rule|Evasion Moves Clause: Evasion moves are banned
|rule|Endless Battle Clause: Forcing endless battles is banned
|rule|HP Percentage Mod: HP is shown in percentages
|teampreview
|join|Escavalier
|join|WayofTheHunter
|join|TheCanadianWifier
|join|boltsandbombers
|c| Escavalier|oh my god
|c| Escavalier|that is balls to the wall ho
|join|Doctor Octagon
|join|QueenOfLuvdiscs
|c|âiplaytennislol|ALL OUT BALLS OUT
|c| TheCanadianWifier|youd like that
|c|âiplaytennislol|ROCK OUT WITH YOUR COCK OUT
|c| TheCanadianWifier|u fagot
|
|start
|switch|p1a: Azelf|Azelf|291\/291
|switch|p2a: Landorus-Therian|Landorus-Therian, M|325\/325
|-ability|p2a: Landorus-Therian|Intimidate|[of] p1a: Azelf
|-unboost|p1a: Azelf|atk|1
|turn|1
|
|move|p2a: Landorus-Therian|U-turn|p1a: Azelf
|-supereffective|p1a: Azelf
|-enditem|p1a: Azelf|Focus Sash
|-damage|p1a: Azelf|1\/291
|join|pete the killer
|
|switch|p2a: Talonflame|Talonflame, M|319\/319
|move|p1a: Azelf|Stealth Rock|p2a: Talonflame
|-sidestart|p2: qwazz|move: Stealth Rock
|
|turn|2
|join|Omegasization
|
|move|p2a: Talonflame|Brave Bird|p1a: Azelf
|-damage|p1a: Azelf|0 fnt
|-damage|p2a: Talonflame|318\/319|[from] recoil|[of] p1a: Azelf
|faint|p1a: Azelf
|
|
|switch|p1a: Thundurus|Thundurus, M|299\/299
|turn|3
|
|switch|p2a: Landorus-Therian|Landorus-Therian, M|325\/325
|-damage|p2a: Landorus-Therian|285\/325|[from] Stealth Rock
|-ability|p2a: Landorus-Therian|Intimidate|[of] p1a: Thundurus
|-unboost|p1a: Thundurus|atk|1
|move|p1a: Thundurus|Knock Off|p2a: Landorus-Therian
|-damage|p2a: Landorus-Therian|184\/325
|-enditem|p2a: Landorus-Therian|Choice Scarf|[from] move: Knock Off|[of] p1a: Thundurus
|-damage|p1a: Thundurus|270\/299|[from] item: Life Orb
|
|turn|4
|c| Escavalier|no need to be real and hp ice
|join|Beevo13
|
|switch|p2a: Rotom-Wash|Rotom-Wash|304\/304
|-damage|p2a: Rotom-Wash|266\/304|[from] Stealth Rock
|move|p1a: Thundurus|Hidden Power|p2a: Rotom-Wash
|-resisted|p2a: Rotom-Wash
|-damage|p2a: Rotom-Wash|228\/304
|-damage|p1a: Thundurus|241\/299|[from] item: Life Orb
|
|-heal|p2a: Rotom-Wash|247\/304|[from] item: Leftovers
|turn|5
|
|switch|p1a: Kyurem-Black|Kyurem-Black|391\/391
|-ability|p1a: Kyurem-Black|Teravolt
|move|p2a: Rotom-Wash|Will-O-Wisp|p1a: Kyurem-Black
|-status|p1a: Kyurem-Black|brn
|
|-heal|p2a: Rotom-Wash|266\/304|[from] item: Leftovers
|-damage|p1a: Kyurem-Black|343\/391 brn|[from] brn
|turn|6
|
|switch|p2a: Ferrothorn|Ferrothorn, M|352\/352
|-damage|p2a: Ferrothorn|330\/352|[from] Stealth Rock
|move|p1a: Kyurem-Black|Earth Power|p2a: Ferrothorn
|-damage|p2a: Ferrothorn|240\/352
|-damage|p1a: Kyurem-Black|304\/391 brn|[from] item: Life Orb
|
|-heal|p2a: Ferrothorn|262\/352|[from] item: Leftovers
|-damage|p1a: Kyurem-Black|256\/391 brn|[from] brn
|turn|7
|
|switch|p1a: Keldeo|Keldeo|323\/323
|move|p2a: Ferrothorn|Leech Seed|p1a: Keldeo
|-start|p1a: Keldeo|move: Leech Seed
|
|-heal|p2a: Ferrothorn|284\/352|[from] item: Leftovers
|-damage|p1a: Keldeo|283\/323|[from] Leech Seed|[of] p2a: Ferrothorn
|-heal|p2a: Ferrothorn|324\/352|[silent]
|turn|8
|
|move|p2a: Ferrothorn|Protect|p2a: Ferrothorn
|-singleturn|p2a: Ferrothorn|Protect
|move|p1a: Keldeo|Secret Sword|p2a: Ferrothorn
|-activate|p2a: Ferrothorn|Protect
|
|-heal|p2a: Ferrothorn|346\/352|[from] item: Leftovers
|-damage|p1a: Keldeo|243\/323|[from] Leech Seed|[of] p2a: Ferrothorn
|-heal|p2a: Ferrothorn|352\/352|[silent]
|turn|9
|
|switch|p1a: Thundurus|Thundurus, M|241\/299
|switch|p2a: Latias|Latias, F|301\/301
|-damage|p2a: Latias|264\/301|[from] Stealth Rock
|
|turn|10
|join|Winter's Howl
|join|El-Soldier
|c| TheCanadianWifier|ev'd to live
|c| TheCanadianWifier|yn
|c| boltsandbombers|ev'd to kill with knock y\/n
|
|move|p1a: Thundurus|Knock Off|p2a: Latias
|-supereffective|p2a: Latias
|-damage|p2a: Latias|0 fnt
|-enditem|p2a: Latias|Life Orb|[from] move: Knock Off|[of] p1a: Thundurus
|-damage|p1a: Thundurus|212\/299|[from] item: Life Orb
|faint|p2a: Latias
|
|join|Pure Soul Child
|c| Escavalier|calc 72 hp
|join|nathaaan
|c| boltsandbombers|rip
|leave|nathaaan
|
|switch|p2a: Ferrothorn|Ferrothorn, M|352\/352
|-damage|p2a: Ferrothorn|330\/352|[from] Stealth Rock
|turn|11
|
|move|p1a: Thundurus|Knock Off|p2a: Ferrothorn
|-damage|p2a: Ferrothorn|242\/352
|-damage|p1a: Thundurus|175\/299|[from] ability: Iron Barbs|[of] p2a: Ferrothorn
|-enditem|p2a: Ferrothorn|Leftovers|[from] move: Knock Off|[of] p1a: Thundurus
|-damage|p1a: Thundurus|146\/299|[from] item: Life Orb
|move|p2a: Ferrothorn|Leech Seed|p1a: Thundurus
|-start|p1a: Thundurus|move: Leech Seed
|
|-damage|p1a: Thundurus|109\/299|[from] Leech Seed|[of] p2a: Ferrothorn
|-heal|p2a: Ferrothorn|279\/352|[silent]
|turn|12
|
|switch|p1a: Keldeo|Keldeo|243\/323
|move|p2a: Ferrothorn|Stealth Rock|p1a: Keldeo
|-sidestart|p1: iplaytennislol|move: Stealth Rock
|
|turn|13
|join|wizardo
|
|move|p2a: Ferrothorn|Protect|p2a: Ferrothorn
|-singleturn|p2a: Ferrothorn|Protect
|move|p1a: Keldeo|Secret Sword|p2a: Ferrothorn
|-activate|p2a: Ferrothorn|Protect
|
|turn|14
|
|switch|p2a: Landorus-Therian|Landorus-Therian, M|184\/325
|-damage|p2a: Landorus-Therian|144\/325|[from] Stealth Rock
|-ability|p2a: Landorus-Therian|Intimidate|[of] p1a: Keldeo
|-unboost|p1a: Keldeo|atk|1
|move|p1a: Keldeo|Secret Sword|p2a: Landorus-Therian
|-resisted|p2a: Landorus-Therian
|-damage|p2a: Landorus-Therian|11\/325
|
|turn|15
|c| boltsandbombers|knock off thundy + keldeo is a really cool core ngl
|
|move|p1a: Keldeo|Secret Sword|p2a: Landorus-Therian
|-resisted|p2a: Landorus-Therian
|-damage|p2a: Landorus-Therian|0 fnt
|faint|p2a: Landorus-Therian
|
|
|switch|p2a: Talonflame|Talonflame, M|318\/319
|-damage|p2a: Talonflame|159\/319|[from] Stealth Rock
|turn|16
|
|switch|p1a: Kyurem-Black|Kyurem-Black|256\/391 brn
|-damage|p1a: Kyurem-Black|159\/391 brn|[from] Stealth Rock
|-ability|p1a: Kyurem-Black|Teravolt
|move|p2a: Talonflame|Brave Bird|p1a: Kyurem-Black
|-damage|p1a: Kyurem-Black|0 fnt
|-damage|p2a: Talonflame|107\/319|[from] recoil|[of] p1a: Kyurem-Black
|faint|p1a: Kyurem-Black
|
|c| TheCanadianWifier|bniceeven hp ::^]
|
|switch|p1a: Excadrill|Excadrill, M|362\/362
|-damage|p1a: Excadrill|351\/362|[from] Stealth Rock
|-ability|p1a: Excadrill|Mold Breaker
|turn|17
|c| TheCanadianWifier|fuk
|
|move|p2a: Talonflame|Roost|p2a: Talonflame
|-heal|p2a: Talonflame|267\/319
|move|p1a: Excadrill|Rock Slide|p2a: Talonflame
|-supereffective|p2a: Talonflame
|-damage|p2a: Talonflame|31\/319
|
|turn|18
|c| TheCanadianWifier|my keyboard is makng me look  dunker than i am
|
|move|p2a: Talonflame|Brave Bird|p1a: Excadrill
|-resisted|p1a: Excadrill
|-damage|p1a: Excadrill|211\/362
|-damage|p2a: Talonflame|0 fnt|[from] recoil|[of] p1a: Excadrill
|faint|p2a: Talonflame
|move|p1a: Excadrill|Rock Slide|p2: Talonflame|[notarget]
|-notarget
|
|c| boltsandbombers|you those are some sick dunks
|
|switch|p2a: Rotom-Wash|Rotom-Wash|266\/304
|-damage|p2a: Rotom-Wash|228\/304|[from] Stealth Rock
|turn|19
|leave|El-Soldier
|c| TheCanadianWifier|LOL
|c| TheCanadianWifier|ty man
|
|switch|p1a: Keldeo|Keldeo|243\/323
|-damage|p1a: Keldeo|223\/323|[from] Stealth Rock
|move|p2a: Rotom-Wash|Hydro Pump|p1a: Keldeo
|-resisted|p1a: Keldeo
|-damage|p1a: Keldeo|154\/323
|
|-heal|p2a: Rotom-Wash|247\/304|[from] item: Leftovers
|turn|20
|c| Escavalier|go back to exca
|
|move|p1a: Keldeo|Secret Sword|p2a: Rotom-Wash
|-damage|p2a: Rotom-Wash|66\/304
|move|p2a: Rotom-Wash|Volt Switch|p1a: Keldeo
|-supereffective|p1a: Keldeo
|-damage|p1a: Keldeo|0 fnt
|faint|p1a: Keldeo
|c| Escavalier|you suck
|
|switch|p2a: Ferrothorn|Ferrothorn, M|279\/352
|-damage|p2a: Ferrothorn|257\/352|[from] Stealth Rock
|
|join|0 Sky Dragon
|
|switch|p1a: Pinsir|Pinsir, M|271\/271
|-damage|p1a: Pinsir|204\/271|[from] Stealth Rock
|turn|21
|c| Escavalier|NO
|c| Escavalier|weaken it first
|c| Escavalier|you sped
|c| TheCanadianWifier|%^^^^
|c|âiplaytennislol|its fine
|c|âiplaytennislol|im critting
|c| Omegasization|lol
|c| Winter's Howl|!!!!
|
|detailschange|p1a: Pinsir|Pinsir-Mega, M
|message|Pinsir has Mega Evolved into Mega Pinsir!
|move|p1a: Pinsir|Close Combat|p2a: Ferrothorn
|-crit|p2a: Ferrothorn
|-supereffective|p2a: Ferrothorn
|-damage|p2a: Ferrothorn|0 fnt
|-damage|p1a: Pinsir|171\/271|[from] ability: Iron Barbs|[of] p2a: Ferrothorn
|-unboost|p1a: Pinsir|def|1
|-unboost|p1a: Pinsir|spd|1
|faint|p2a: Ferrothorn
|
|c| Escavalier|LOL
|join|LoganUnderFire
|c|âiplaytennislol|ez
|c| Winter's Howl|he was right
|c| TheCanadianWifier|WTF
|c| boltsandbombers|[00:33] iplaytennislol: jk i hax my way to the top
|c| TheCanadianWifier|HOW
|c|âiplaytennislol|[[]]
|c| boltsandbombers|called it
|c| Omegasization|well he wasnt lying
|c| TheCanadianWifier|like this nigga just haxes his way
|c| TheCanadianWifier|to num 41
|c| TheCanadianWifier|1**
|c| boltsandbombers|[00:33] iplaytennislol: jk i hax my way to the top
|c| Omegasization|you gotta predict the hax
|c| Omegasization|be one with it
|leave|Doctor Octagon
|c| TheCanadianWifier|makes the game easier
|c| TheCanadianWifier|woulda been close
|
|switch|p2a: Gyarados|Gyarados, M|331\/331
|-damage|p2a: Gyarados|249\/331|[from] Stealth Rock
|-ability|p2a: Gyarados|Intimidate|[of] p1a: Pinsir
|-unboost|p1a: Pinsir|atk|1
|turn|22
|c| boltsandbombers|even -1 frustration will hurt a lot
|
|detailschange|p2a: Gyarados|Gyarados-Mega, M
|message|Gyarados has Mega Evolved into Mega Gyarados!
|-ability|p2a: Gyarados|Mold Breaker
|move|p1a: Pinsir|Frustration|p2a: Gyarados
|-crit|p2a: Gyarados
|-damage|p2a: Gyarados|0 fnt
|faint|p2a: Gyarados
|
|c| boltsandbombers|LOLL
|c| Winter's Howl|oml
|c|âiplaytennislol|well then
|
|switch|p2a: Rotom-Wash|Rotom-Wash|66\/304
|-damage|p2a: Rotom-Wash|28\/304|[from] Stealth Rock
|turn|23
|c| Escavalier|quality player
|c| boltsandbombers|clearly called it
|c|âiplaytennislol|i apologize for that
|leave|pete the killer
|c|âiplaytennislol|"gg"
|
|move|p1a: Pinsir|Frustration|p2a: Rotom-Wash
|-crit|p2a: Rotom-Wash
|-resisted|p2a: Rotom-Wash
|-damage|p2a: Rotom-Wash|0 fnt
|faint|p2a: Rotom-Wash
|
|win|iplaytennislol
|c| Escavalier|oml