|join|UBERPYRO
|join|Qwazz
|player|p1|UBERPYRO|151
|player|p2|Qwazz|265
|gametype|singles
|gen|6
|tier|OU
|clearpoke
|poke|p1|Sableye, F
|poke|p1|Chesnaught, F
|poke|p1|Heatran, M
|poke|p1|Tentacruel, F
|poke|p1|Bisharp, F
|poke|p1|Azumarill, F
|poke|p2|Honchkrow, F
|poke|p2|Ursaring, F
|poke|p2|Reuniclus, F
|poke|p2|Ferrothorn, M
|poke|p2|Slowbro, F
|poke|p2|Zapdos
|rule|Swagger Clause: Swagger is banned
|rule|Baton Pass Clause: Limit one PokÃ©mon knowing Baton Pass
|rule|Sleep Clause Mod: Limit one foe put to sleep
|rule|Species Clause: Limit one of each PokÃ©mon
|rule|OHKO Clause: OHKO moves are banned
|rule|Moody Clause: Moody is banned
|rule|Evasion Moves Clause: Evasion moves are banned
|rule|Endless Battle Clause: Forcing endless battles is banned
|rule|HP Percentage Mod: HP is shown in percentages
|teampreview
|join|Hiye
|
|start
|switch|p1a: Sableye|Sableye, F|303\/303
|switch|p2a: Reuniclus|Reuniclus, F|416\/416
|turn|1
|join|ght67
|
|detailschange|p1a: Sableye|Sableye-Mega, F
|-mega|p1a: Sableye|Sableye|Sablenite
|move|p1a: Sableye|Calm Mind|p1a: Sableye
|-boost|p1a: Sableye|spa|1
|-boost|p1a: Sableye|spd|1
|move|p2a: Reuniclus|Calm Mind|p2a: Reuniclus
|-boost|p2a: Reuniclus|spa|1
|-boost|p2a: Reuniclus|spd|1
|
|turn|2
|
|move|p2a: Reuniclus|Calm Mind|p2a: Reuniclus
|-boost|p2a: Reuniclus|spa|1
|-boost|p2a: Reuniclus|spd|1
|move|p1a: Sableye|Calm Mind|p1a: Sableye
|-boost|p1a: Sableye|spa|1
|-boost|p1a: Sableye|spd|1
|
|turn|3
|c| Hiye|go to bish
|c| Hiye|he wont focus here
|
|move|p2a: Reuniclus|Calm Mind|p2a: Reuniclus
|-boost|p2a: Reuniclus|spa|1
|-boost|p2a: Reuniclus|spd|1
|move|p1a: Sableye|Calm Mind|p1a: Sableye
|-boost|p1a: Sableye|spa|1
|-boost|p1a: Sableye|spd|1
|
|turn|4
|c|âUBERPYRO|how does he kill sableye?
|c| Hiye|shadow ball
|
|move|p2a: Reuniclus|Calm Mind|p2a: Reuniclus
|-boost|p2a: Reuniclus|spa|1
|-boost|p2a: Reuniclus|spd|1
|move|p1a: Sableye|Calm Mind|p1a: Sableye
|-boost|p1a: Sableye|spa|1
|-boost|p1a: Sableye|spd|1
|
|turn|5
|c|âUBERPYRO|that's neutral
|
|move|p2a: Reuniclus|Calm Mind|p2a: Reuniclus
|-boost|p2a: Reuniclus|spa|1
|-boost|p2a: Reuniclus|spd|1
|move|p1a: Sableye|Calm Mind|p1a: Sableye
|-boost|p1a: Sableye|spa|1
|-boost|p1a: Sableye|spd|1
|
|turn|6
|join|Caption
|c| Hiye|eh
|
|move|p2a: Reuniclus|Calm Mind|p2a: Reuniclus
|-boost|p2a: Reuniclus|spa|1
|-boost|p2a: Reuniclus|spd|1
|move|p1a: Sableye|Calm Mind|p1a: Sableye
|-boost|p1a: Sableye|spa|1
|-boost|p1a: Sableye|spd|1
|
|turn|7
|
|move|p2a: Reuniclus|Shadow Ball|p1a: Sableye
|-damage|p1a: Sableye|219\/303
|-unboost|p1a: Sableye|spd|1
|move|p1a: Sableye|Shadow Ball|p2a: Reuniclus
|-supereffective|p2a: Reuniclus
|-damage|p2a: Reuniclus|230\/416
|
|-heal|p2a: Reuniclus|256\/416|[from] item: Leftovers
|turn|8
|
|move|p2a: Reuniclus|Shadow Ball|p1a: Sableye
|-damage|p1a: Sableye|115\/303
|move|p1a: Sableye|Calm Mind|p1a: Sableye
|-boost|p1a: Sableye|spd|1
|
|-heal|p2a: Reuniclus|282\/416|[from] item: Leftovers
|turn|9
|
|move|p2a: Reuniclus|Shadow Ball|p1a: Sableye
|-damage|p1a: Sableye|23\/303
|-unboost|p1a: Sableye|spd|1
|move|p1a: Sableye|Recover|p1a: Sableye
|-heal|p1a: Sableye|175\/303
|
|-heal|p2a: Reuniclus|308\/416|[from] item: Leftovers
|turn|10
|c| Hiye|he gona crit imo
|c| Hiye|ah nice spdef drops
|c|âUBERPYRO|probably
|
|move|p2a: Reuniclus|Shadow Ball|p1a: Sableye
|-damage|p1a: Sableye|69\/303
|move|p1a: Sableye|Recover|p1a: Sableye
|-heal|p1a: Sableye|221\/303
|
|-heal|p2a: Reuniclus|334\/416|[from] item: Leftovers
|turn|11
|
|move|p2a: Reuniclus|Shadow Ball|p1a: Sableye
|-crit|p1a: Sableye
|-damage|p1a: Sableye|0 fnt
|faint|p1a: Sableye
|
|-heal|p2a: Reuniclus|360\/416|[from] item: Leftovers
|
|switch|p1a: Bisharp|Bisharp, F|289\/289
|turn|12
|
|switch|p2a: Zapdos|Zapdos|383\/383
|-ability|p2a: Zapdos|Pressure
|move|p1a: Bisharp|Knock Off|p2a: Zapdos
|-damage|p2a: Zapdos|206\/383
|-enditem|p2a: Zapdos|Leftovers|[from] move: Knock Off|[of] p1a: Bisharp
|
|turn|13
|
|switch|p1a: Heatran|Heatran, M|384\/384
|move|p2a: Zapdos|Thunderbolt|p1a: Heatran
|-damage|p1a: Heatran|291\/384
|
|-heal|p1a: Heatran|315\/384|[from] item: Leftovers
|turn|14
|
|move|p2a: Zapdos|Roost|p2a: Zapdos
|-heal|p2a: Zapdos|383\/383
|move|p1a: Heatran|Stealth Rock|p2a: Zapdos
|-sidestart|p2: Qwazz|move: Stealth Rock
|
|-heal|p1a: Heatran|339\/384|[from] item: Leftovers
|turn|15
|
|move|p2a: Zapdos|Defog|p1a: Heatran
|-unboost|p1a: Heatran|evasion|1
|-sideend|p2: Qwazz|Stealth Rock|[from] move: Defog|[of] p2a: Zapdos
|move|p1a: Heatran|Taunt|p2a: Zapdos
|-start|p2a: Zapdos|move: Taunt
|
|-heal|p1a: Heatran|363\/384|[from] item: Leftovers
|turn|16
|
|switch|p2a: Slowbro|Slowbro, F|393\/393
|move|p1a: Heatran|Stealth Rock|p2a: Slowbro
|-sidestart|p2: Qwazz|move: Stealth Rock
|
|-heal|p1a: Heatran|384\/384|[from] item: Leftovers
|turn|17
|
|move|p1a: Heatran|Will-O-Wisp|p2a: Slowbro
|-status|p2a: Slowbro|brn
|move|p2a: Slowbro|Scald|p1a: Heatran
|-supereffective|p1a: Heatran
|-damage|p1a: Heatran|246\/384
|
|-heal|p1a: Heatran|270\/384|[from] item: Leftovers
|-damage|p2a: Slowbro|344\/393 brn|[from] brn
|turn|18
|
|switch|p1a: Chesnaught|Chesnaught, F|379\/379
|move|p2a: Slowbro|Scald|p1a: Chesnaught
|-resisted|p1a: Chesnaught
|-damage|p1a: Chesnaught|323\/379
|
|-heal|p1a: Chesnaught|346\/379|[from] item: Leftovers
|-damage|p2a: Slowbro|295\/393 brn|[from] brn
|turn|19
|
|move|p1a: Chesnaught|Spikes|p2a: Slowbro
|-sidestart|p2: Qwazz|Spikes
|move|p2a: Slowbro|Scald|p1a: Chesnaught
|-resisted|p1a: Chesnaught
|-damage|p1a: Chesnaught|282\/379
|
|-heal|p1a: Chesnaught|305\/379|[from] item: Leftovers
|-damage|p2a: Slowbro|246\/393 brn|[from] brn
|turn|20
|
|move|p1a: Chesnaught|Leech Seed|p2a: Slowbro
|-start|p2a: Slowbro|move: Leech Seed
|move|p2a: Slowbro|Scald|p1a: Chesnaught
|-resisted|p1a: Chesnaught
|-damage|p1a: Chesnaught|246\/379
|
|-heal|p1a: Chesnaught|269\/379|[from] item: Leftovers
|-damage|p2a: Slowbro|197\/393 brn|[from] Leech Seed|[of] p1a: Chesnaught
|-heal|p1a: Chesnaught|318\/379|[silent]
|-damage|p2a: Slowbro|148\/393 brn|[from] brn
|turn|21
|c| Hiye|belly drum with azu and win thx
|c|âUBERPYRO|lol
|c|âUBERPYRO|scald though
|
|switch|p1a: Azumarill|Azumarill, F|400\/400
|switch|p2a: Honchkrow|Honchkrow, F|341\/341
|-damage|p2a: Honchkrow|256\/341|[from] Stealth Rock
|
|turn|22
|c|âUBERPYRO|!smogdex honchkrow
|raw|<div class="infobox"><a href="https:\/\/www.smogon.com\/dex\/xy\/pokemon\/honchkrow">XY  Honchkrow analysis<\/a>, brought to you by <a href="https:\/\/www.smogon.com">Smogon University<\/a><\/div>
|c| Hiye|brave bird does a f ton
|c|âUBERPYRO|yeah
|c| Hiye|I doubt he stays in
|c|âUBERPYRO|well
|c|âUBERPYRO|hmm
|c| Hiye|superpower
|
|switch|p1a: Heatran|Heatran, M|270\/384
|move|p2a: Honchkrow|Brave Bird|p1a: Heatran
|-resisted|p1a: Heatran
|-damage|p1a: Heatran|128\/384
|-damage|p2a: Honchkrow|209\/341|[from] recoil|[of] p1a: Heatran
|-damage|p2a: Honchkrow|175\/341|[from] item: Life Orb
|
|-heal|p1a: Heatran|152\/384|[from] item: Leftovers
|turn|23
|c| Hiye|these carry superpower 2
|
|switch|p1a: Bisharp|Bisharp, F|289\/289
|move|p2a: Honchkrow|Superpower|p1a: Bisharp
|-supereffective|p1a: Bisharp
|-damage|p1a: Bisharp|0 fnt
|-unboost|p2a: Honchkrow|atk|1
|-unboost|p2a: Honchkrow|def|1
|-damage|p2a: Honchkrow|141\/341|[from] item: Life Orb
|faint|p1a: Bisharp
|-boost|p2a: Honchkrow|atk|1|[from] ability: Moxie
|
|c| Hiye|...
|c|âUBERPYRO|oh
|c|âUBERPYRO|I thought you meant on azu
|c|âUBERPYRO|lol
|c| Hiye|eh both
|c| Hiye|honchlord is about to eat your team tho
|
|switch|p1a: Heatran|Heatran, M|152\/384
|turn|24
|c|âUBERPYRO|yeah
|c| Hiye|um
|
|switch|p1a: Chesnaught|Chesnaught, F|318\/379
|move|p2a: Honchkrow|Superpower|p1a: Chesnaught
|-damage|p1a: Chesnaught|191\/379
|-unboost|p2a: Honchkrow|atk|1
|-unboost|p2a: Honchkrow|def|1
|-damage|p2a: Honchkrow|107\/341|[from] item: Life Orb
|
|-heal|p1a: Chesnaught|214\/379|[from] item: Leftovers
|turn|25
|c| Hiye|they run heat wave I think :?
|c| Hiye|or roost
|
|move|p1a: Chesnaught|Spiky Shield|p1a: Chesnaught
|-singleturn|p1a: Chesnaught|move: Protect
|move|p2a: Honchkrow|Roost|p2a: Honchkrow
|-heal|p2a: Honchkrow|278\/341
|
|-heal|p1a: Chesnaught|237\/379|[from] item: Leftovers
|turn|26
|c|âUBERPYRO|k
|c| Hiye|fok
|
|move|p2a: Honchkrow|Brave Bird|p1a: Chesnaught
|-supereffective|p1a: Chesnaught
|-damage|p1a: Chesnaught|0 fnt
|-damage|p2a: Honchkrow|200\/341|[from] recoil|[of] p1a: Chesnaught
|-damage|p2a: Honchkrow|166\/341|[from] item: Life Orb
|faint|p1a: Chesnaught
|-boost|p2a: Honchkrow|atk|1|[from] ability: Moxie
|
|c| Hiye|aqua kills now
|
|switch|p1a: Azumarill|Azumarill, F|400\/400
|turn|27
|
|switch|p2a: Ferrothorn|Ferrothorn, M|352\/352
|-damage|p2a: Ferrothorn|308\/352|[from] Spikes
|-damage|p2a: Ferrothorn|286\/352|[from] Stealth Rock
|move|p1a: Azumarill|Belly Drum|p1a: Azumarill
|-damage|p1a: Azumarill|200\/400
|-setboost|p1a: Azumarill|atk|6|[from] move: Belly Drum
|-enditem|p1a: Azumarill|Sitrus Berry|[eat]
|-heal|p1a: Azumarill|300\/400|[from] item: Sitrus Berry
|
|-heal|p2a: Ferrothorn|308\/352|[from] item: Leftovers
|turn|28
|c| Hiye|uH OH
|c| Hiye|OML
|
|switch|p2a: Reuniclus|Reuniclus, F|360\/416
|move|p1a: Azumarill|Knock Off|p2a: Reuniclus
|-supereffective|p2a: Reuniclus
|-damage|p2a: Reuniclus|0 fnt
|-enditem|p2a: Reuniclus|Leftovers|[from] move: Knock Off|[of] p1a: Azumarill
|faint|p2a: Reuniclus
|
|c| Hiye|the sweep is here
|c| Hiye|I don't think aqua kills zapdos though
|
|switch|p2a: Ferrothorn|Ferrothorn, M|308\/352
|-damage|p2a: Ferrothorn|286\/352|[from] Stealth Rock
|-damage|p2a: Ferrothorn|242\/352|[from] Spikes
|turn|29
|c| Hiye|lol,,
|
|move|p2a: Ferrothorn|Protect|p2a: Ferrothorn
|-singleturn|p2a: Ferrothorn|Protect
|move|p1a: Azumarill|Knock Off|p2a: Ferrothorn
|-activate|p2a: Ferrothorn|Protect
|
|-heal|p2a: Ferrothorn|264\/352|[from] item: Leftovers
|turn|30
|c|âUBERPYRO|zap does get a nice 25% off from rocks
|c|âUBERPYRO|is it speciially or physically defensive?
|c| Hiye|+6 252+ Atk Huge Power Azumarill Aqua Jet vs. 252 HP \/ 168+ Def Zapdos: 276-325 (71.8 - 84.6%) -- guaranteed 2HKO after Leftovers recovery
|
|move|p1a: Azumarill|Knock Off|p2a: Ferrothorn
|-damage|p2a: Ferrothorn|0 fnt
|-damage|p1a: Azumarill|250\/400|[from] ability: Iron Barbs|[of] p2a: Ferrothorn
|-enditem|p2a: Ferrothorn|Leftovers|[from] move: Knock Off|[of] p1a: Azumarill
|faint|p2a: Ferrothorn
|
|c|âUBERPYRO|lel
|c| Hiye|hes prolly running max max tho
|c|âUBERPYRO|and
|
|switch|p2a: Zapdos|Zapdos|383\/383
|-damage|p2a: Zapdos|288\/383|[from] Stealth Rock
|-ability|p2a: Zapdos|Pressure
|turn|31
|c| Hiye|+6 252+ Atk Huge Power Azumarill Aqua Jet vs. 252 HP \/ 252+ Def Zapdos: 255-300 (66.4 - 78.1%) -- guaranteed 2HKO after Leftovers recovery roll
|c|âUBERPYRO|could I survive a tbolt
|c| Hiye|n
|
|move|p1a: Azumarill|Aqua Jet|p2a: Zapdos
|-damage|p2a: Zapdos|3\/383
|move|p2a: Zapdos|Thunderbolt|p1a: Azumarill
|-supereffective|p1a: Azumarill
|-damage|p1a: Azumarill|0 fnt
|faint|p1a: Azumarill
|
|c|âUBERPYRO|I'm 240hp
|c|âUBERPYRO|ooiooo
|c|âUBERPYRO|\noooooooooooo
|c| Hiye|fkn
|c| Hiye|welp u tried
|c|âUBERPYRO|that would have been amazing
|c|âUBERPYRO|GG
|
|switch|p1a: Heatran|Heatran, M|152\/384
|turn|32
|
|move|p2a: Zapdos|Thunderbolt|p1a: Heatran
|-damage|p1a: Heatran|65\/384
|move|p1a: Heatran|Lava Plume|p2a: Zapdos
|-damage|p2a: Zapdos|0 fnt
|faint|p2a: Zapdos
|
|-heal|p1a: Heatran|89\/384|[from] item: Leftovers
|c| Hiye|honchlord and ursalord are 3 good 5 the metagame imo
|join|trinitrotoluene
|
|switch|p2a: Honchkrow|Honchkrow, F|166\/341
|-damage|p2a: Honchkrow|81\/341|[from] Stealth Rock
|turn|33
|
|move|p2a: Honchkrow|Brave Bird|p1a: Heatran
|-resisted|p1a: Heatran
|-damage|p1a: Heatran|0 fnt
|-damage|p2a: Honchkrow|52\/341|[from] recoil|[of] p1a: Heatran
|-damage|p2a: Honchkrow|18\/341|[from] item: Life Orb
|faint|p1a: Heatran
|-boost|p2a: Honchkrow|atk|1|[from] ability: Moxie
|
|c|âUBERPYRO|rip
|
|switch|p1a: Tentacruel|Tentacruel, F|363\/363
|turn|34
|
|move|p2a: Honchkrow|Sucker Punch|p1a: Tentacruel
|-damage|p1a: Tentacruel|0 fnt
|-damage|p2a: Honchkrow|0 fnt|[from] item: Life Orb
|faint|p1a: Tentacruel
|faint|p2a: Honchkrow
|
|win|Qwazz
|leave|Caption
|c|âUBERPYRO|GG
|leave|Qwazz