|join|Qwazz
|join|Mix01
|player|p1|Qwazz|169
|player|p2|Mix01|25
|gametype|singles
|gen|6
|tier|OU
|rated
|clearpoke
|poke|p1|Beedrill, M
|poke|p1|Absol, M
|poke|p1|Azumarill, M
|poke|p1|Chandelure, M
|poke|p1|Hawlucha, F
|poke|p1|Torterra, F
|poke|p2|Scizor, M
|poke|p2|Garchomp, M
|poke|p2|Vaporeon, M
|poke|p2|Magnezone
|poke|p2|Jirachi
|poke|p2|Zapdos
|rule|Swagger Clause: Swagger is banned
|rule|Baton Pass Clause: Limit one PokÃ©mon knowing Baton Pass
|rule|Sleep Clause Mod: Limit one foe put to sleep
|rule|Species Clause: Limit one of each PokÃ©mon
|rule|OHKO Clause: OHKO moves are banned
|rule|Moody Clause: Moody is banned
|rule|Evasion Moves Clause: Evasion moves are banned
|rule|Endless Battle Clause: Forcing endless battles is banned
|rule|HP Percentage Mod: HP is shown in percentages
|teampreview
|join|Hiye
|join|oml it's too ez
|join|dankbois
|join|Davfernape
|join|QuagGod
|c|âMix01|i like your team of a bunch of underated mons
|join|killar45
|c|âMix01|but absol
|c|âMix01|and beedrill
|join|Time Stall
|c| oml it's too ez|he dosent see an azumarill
|join|Tynamo211
|
|start
|switch|p1a: Hawlucha|Hawlucha, F|360\/360
|switch|p2a: Garchomp|Garchomp, M|420\/420
|-ability|p1a: Hawlucha|Mold Breaker
|turn|1
|c| Time Stall|Lol
|c| QuagGod|where's the stall at
|c| QuagGod|lol
|c| killar45|i see only 1 ou mon the rest r BL and under
|c| oml it's too ez|hawlucha stall
|leave|Davfernape
|c| Time Stall|^'
|
|move|p1a: Hawlucha|Taunt|p2a: Garchomp
|-start|p2a: Garchomp|move: Taunt
|cant|p2a: Garchomp|move: Taunt|Stealth Rock
|
|turn|2
|c| oml it's too ez|plays
|c| Hiye|bop af
|c| oml it's too ez|sub
|c| QuagGod|hella plays
|join|FathaFingLing
|c| oml it's too ez|on the dclaw
|
|switch|p1a: Azumarill|Azumarill, M|404\/404
|move|p2a: Garchomp|Dragon Tail|p1a: Azumarill
|-immune|p1a: Azumarill|[msg]
|
|turn|3
|c| oml it's too ez|ur max def
|join|The Ess of Johan
|c| oml it's too ez|ofc
|c| Hiye|its time for the soaking
|
|move|p2a: Garchomp|Earthquake|p1a: Azumarill
|-damage|p1a: Azumarill|283\/404
|move|p1a: Azumarill|Toxic|p2a: Garchomp
|-status|p2a: Garchomp|tox
|
|-heal|p1a: Azumarill|308\/404|[from] item: Leftovers
|-damage|p2a: Garchomp|394\/420 tox|[from] psn
|-end|p2a: Garchomp|move: Taunt
|turn|4
|c| FathaFingLing|torterra lol :]
|c| The Ess of Johan|lol
|
|move|p2a: Garchomp|Stealth Rock|p1a: Azumarill
|-sidestart|p1: Qwazz|move: Stealth Rock
|move|p1a: Azumarill|Soak|p2a: Garchomp
|-start|p2a: Garchomp|typechange|Water
|
|-heal|p2a: Garchomp|420\/420 tox|[from] item: Leftovers
|-heal|p1a: Azumarill|333\/404|[from] item: Leftovers
|-damage|p2a: Garchomp|368\/420 tox|[from] psn
|turn|5
|c| FathaFingLing|hmm
|c| Hiye|bop
|c|âMix01|this azu
|c| The Ess of Johan|toxic azumarill, dont tell me you're sapsipper as well :o
|c|âMix01|looks interesting
|
|switch|p2a: Vaporeon|Vaporeon, M|464\/464
|switch|p1a: Torterra|Torterra, F|394\/394
|-damage|p1a: Torterra|370\/394|[from] Stealth Rock
|
|-heal|p1a: Torterra|394\/394|[from] item: Leftovers
|turn|6
|c| Hiye|!
|c| Time Stall|Fucking plays
|c| Time Stall|m8
|
|move|p2a: Vaporeon|Heal Bell|p2a: Vaporeon
|-cureteam|p2a: Vaporeon|[from] move: HealBell
|move|p1a: Torterra|Stealth Rock|p2a: Vaporeon
|-sidestart|p2: Mix01|move: Stealth Rock
|
|turn|7
|c| FathaFingLing|rekt
|
|switch|p2a: Garchomp|Garchomp, M|368\/420
|-damage|p2a: Garchomp|342\/420|[from] Stealth Rock
|move|p1a: Torterra|Leech Seed|p2a: Garchomp
|-start|p2a: Garchomp|move: Leech Seed
|
|-heal|p2a: Garchomp|368\/420|[from] item: Leftovers
|-damage|p2a: Garchomp|316\/420|[from] Leech Seed|[of] p1a: Torterra
|turn|8
|c| oml it's too ez|MEGA EVOLVE
|c| oml it's too ez|oh wait thats gen 7
|c|âMix01|mega torterra too op
|c|âMix01|banned from ubers
|c| oml it's too ez|naw thats rayquaza bud
|c| oml it's too ez|[
|c| oml it's too ez|[:
|
|move|p2a: Garchomp|Toxic|p1a: Torterra
|-status|p1a: Torterra|tox
|move|p1a: Torterra|Earthquake|p2a: Garchomp
|-damage|p2a: Garchomp|223\/420
|
|-heal|p2a: Garchomp|249\/420|[from] item: Leftovers
|-damage|p2a: Garchomp|197\/420|[from] Leech Seed|[of] p1a: Torterra
|-damage|p1a: Torterra|370\/394 tox|[from] psn
|turn|9
|c| oml it's too ez|:]
|leave|QuagGod
|
|switch|p2a: Zapdos|Zapdos|384\/384
|-damage|p2a: Zapdos|288\/384|[from] Stealth Rock
|-ability|p2a: Zapdos|Pressure
|move|p1a: Torterra|Earthquake|p2a: Zapdos
|-immune|p2a: Zapdos|[msg]
|
|-heal|p2a: Zapdos|312\/384|[from] item: Leftovers
|-heal|p1a: Torterra|394\/394 tox|[from] item: Leftovers
|-damage|p1a: Torterra|346\/394 tox|[from] psn
|turn|10
|
|switch|p1a: Absol|Absol, M|333\/333
|-damage|p1a: Absol|292\/333|[from] Stealth Rock
|-ability|p1a: Absol|Pressure
|move|p2a: Zapdos|Hidden Power|p1a: Absol
|-damage|p1a: Absol|232\/333
|
|-heal|p2a: Zapdos|336\/384|[from] item: Leftovers
|turn|11
|c| Hiye|YUM
|c| Hiye|Spdef absol the lord
|
|detailschange|p1a: Absol|Absol-Mega, M
|-mega|p1a: Absol|Absol|Absolite
|move|p2a: Zapdos|Thunderbolt|p1a: Absol
|-damage|p1a: Absol|108\/333
|move|p1a: Absol|Wish|p1a: Absol
|
|-heal|p2a: Zapdos|360\/384|[from] item: Leftovers
|turn|12
|
|move|p1a: Absol|Protect|p1a: Absol
|-singleturn|p1a: Absol|Protect
|move|p2a: Zapdos|Thunderbolt|p1a: Absol
|-activate|p1a: Absol|Protect
|
|-heal|p1a: Absol|274\/333|[from] move: Wish|[wisher] Absol
|-heal|p2a: Zapdos|384\/384|[from] item: Leftovers
|turn|13
|c| killar45|lol
|
|move|p1a: Absol|Will-O-Wisp|p2a: Zapdos
|-status|p2a: Zapdos|brn
|move|p2a: Zapdos|Thunderbolt|p1a: Absol
|-damage|p1a: Absol|145\/333
|
|-damage|p2a: Zapdos|336\/384 brn|[from] brn
|turn|14
|c| killar45|> wisp on a special attacker
|
|move|p1a: Absol|Wish|p1a: Absol
|move|p2a: Zapdos|Thunderbolt|p1a: Absol
|-damage|p1a: Absol|9\/333
|
|-heal|p2a: Zapdos|360\/384 brn|[from] item: Leftovers
|-damage|p2a: Zapdos|312\/384 brn|[from] brn
|turn|15
|c|âMix01|risid dmg anyway
|
|switch|p2a: Zonning|Magnezone|317\/317
|-damage|p2a: Zonning|298\/317|[from] Stealth Rock
|move|p1a: Absol|Protect|p1a: Absol
|-fail|p1a: Absol
|
|-heal|p1a: Absol|175\/333|[from] move: Wish|[wisher] Absol
|turn|16
|c| killar45|if max spd it out speeds
|
|switch|p1a: Torterra|Torterra, F|346\/394 tox
|-damage|p1a: Torterra|322\/394 tox|[from] Stealth Rock
|move|p2a: Zonning|Flash Cannon|p1a: Torterra
|-damage|p1a: Torterra|61\/394 tox
|-unboost|p1a: Torterra|spd|1
|
|-heal|p1a: Torterra|85\/394 tox|[from] item: Leftovers
|-damage|p1a: Torterra|61\/394 tox|[from] psn
|turn|17
|c| killar45|by 1 point
|c| Hiye|ah :)
|
|switch|p1a: Chandelure|Chandelure, M|323\/323
|-damage|p1a: Chandelure|243\/323|[from] Stealth Rock
|move|p2a: Zonning|Flash Cannon|p1a: Chandelure
|-crit|p1a: Chandelure
|-resisted|p1a: Chandelure
|-damage|p1a: Chandelure|69\/323
|
|-heal|p1a: Chandelure|89\/323|[from] item: Leftovers
|turn|18
|leave|oml it's too ez
|leave|dankbois
|
|switch|p2a: Vaporeon|Vaporeon, M|464\/464
|-damage|p2a: Vaporeon|406\/464|[from] Stealth Rock
|move|p1a: Chandelure|Pain Split|p2a: Vaporeon
|-sethp|p2a: Vaporeon|247\/464|p1a: Chandelure|247\/323|[from] move: Pain Split
|
|-heal|p1a: Chandelure|267\/323|[from] item: Leftovers
|-heal|p2a: Vaporeon|276\/464|[from] item: Leftovers
|turn|19
|c|âMix01|chande nice and stronk
|
|move|p1a: Chandelure|Calm Mind|p1a: Chandelure
|-boost|p1a: Chandelure|spa|1
|-boost|p1a: Chandelure|spd|1
|move|p2a: Vaporeon|Wish|p2a: Vaporeon
|
|-heal|p1a: Chandelure|287\/323|[from] item: Leftovers
|-heal|p2a: Vaporeon|305\/464|[from] item: Leftovers
|turn|20
|c| Hiye|lol
|
|move|p1a: Chandelure|Calm Mind|p1a: Chandelure
|-boost|p1a: Chandelure|spa|1
|-boost|p1a: Chandelure|spd|1
|move|p2a: Vaporeon|Scald|p1a: Chandelure
|-supereffective|p1a: Chandelure
|-damage|p1a: Chandelure|171\/323
|
|-heal|p2a: Vaporeon|464\/464|[from] move: Wish|[wisher] Vaporeon
|-heal|p1a: Chandelure|191\/323|[from] item: Leftovers
|turn|21
|c| FathaFingLing|damn i was behind
|c| killar45|aw no roar
|c|âMix01|sadly
|c|âMix01|just cleric
|
|move|p1a: Chandelure|Substitute|p1a: Chandelure
|-start|p1a: Chandelure|Substitute
|-damage|p1a: Chandelure|111\/323
|move|p2a: Vaporeon|Scald|p1a: Chandelure
|-supereffective|p1a: Chandelure
|-end|p1a: Chandelure|Substitute
|
|-heal|p1a: Chandelure|131\/323|[from] item: Leftovers
|turn|22
|
|switch|p2a: Garchomp|Garchomp, M|197\/420
|-damage|p2a: Garchomp|171\/420|[from] Stealth Rock
|move|p1a: Chandelure|Pain Split|p2a: Garchomp
|-sethp|p2a: Garchomp|151\/420|p1a: Chandelure|151\/323|[from] move: Pain Split
|
|-heal|p2a: Garchomp|177\/420|[from] item: Leftovers
|-heal|p1a: Chandelure|171\/323|[from] item: Leftovers
|turn|23
|c| FathaFingLing|regular beedrill...
|c| FathaFingLing|this guy
|
|switch|p1a: Beedrill|Beedrill, M|333\/333
|-damage|p1a: Beedrill|250\/333|[from] Stealth Rock
|move|p2a: Garchomp|Earthquake|p1a: Beedrill
|-damage|p1a: Beedrill|0 fnt
|faint|p1a: Beedrill
|
|-heal|p2a: Garchomp|203\/420|[from] item: Leftovers
|c| Hiye|NOOOO
|c|âMix01|:(
|c|âMix01|not the bee
|c|âMix01|i like beez
|
|switch|p1a: Azumarill|Azumarill, M|333\/404
|-damage|p1a: Azumarill|283\/404|[from] Stealth Rock
|turn|24
|
|switch|p2a: Vaporeon|Vaporeon, M|464\/464
|-damage|p2a: Vaporeon|406\/464|[from] Stealth Rock
|move|p1a: Azumarill|Toxic|p2a: Vaporeon
|-status|p2a: Vaporeon|tox
|
|-heal|p2a: Vaporeon|435\/464 tox|[from] item: Leftovers
|-heal|p1a: Azumarill|308\/404|[from] item: Leftovers
|-damage|p2a: Vaporeon|406\/464 tox|[from] psn
|turn|25
|c|âMix01|i dont know what this azu wants to do
|
|move|p2a: Vaporeon|Scald|p1a: Azumarill
|-resisted|p1a: Azumarill
|-damage|p1a: Azumarill|245\/404
|move|p1a: Azumarill|Substitute|p1a: Azumarill
|-start|p1a: Azumarill|Substitute
|-damage|p1a: Azumarill|144\/404
|
|-heal|p2a: Vaporeon|435\/464 tox|[from] item: Leftovers
|-heal|p1a: Azumarill|169\/404|[from] item: Leftovers
|-damage|p2a: Vaporeon|377\/464 tox|[from] psn
|turn|26
|c| Hiye|its over
|c|âMix01|is it
|
|move|p2a: Vaporeon|Heal Bell|p2a: Vaporeon
|-cureteam|p2a: Vaporeon|[from] move: HealBell
|move|p1a: Azumarill|Knock Off|p2a: Vaporeon
|-damage|p2a: Vaporeon|340\/464
|-enditem|p2a: Vaporeon|Leftovers|[from] move: Knock Off|[of] p1a: Azumarill
|
|-heal|p1a: Azumarill|194\/404|[from] item: Leftovers
|turn|27
|c|âMix01|so soak toxic
|c|âMix01|sub
|c|âMix01|and knock of
|c|âMix01|wtf
|c|âMix01|is this
|c| Hiye|...
|c| Hiye|only set
|
|switch|p2a: Zonning|Magnezone|298\/317
|-damage|p2a: Zonning|279\/317|[from] Stealth Rock
|move|p1a: Azumarill|Toxic|p2a: Zonning|[miss]
|-miss|p1a: Azumarill|p2a: Zonning
|
|-heal|p1a: Azumarill|219\/404|[from] item: Leftovers
|turn|28
|c| killar45|the new meta
|c| killar45|ur so behind
|c|âMix01|yeah
|c|âMix01|apparently
|c|âMix01|im not cool
|
|switch|p1a: Torterra|Torterra, F|61\/394 tox
|-damage|p1a: Torterra|37\/394 tox|[from] Stealth Rock
|move|p2a: Zonning|Volt Switch|p1a: Torterra
|-immune|p1a: Torterra|[msg]
|
|-heal|p1a: Torterra|61\/394 tox|[from] item: Leftovers
|-damage|p1a: Torterra|37\/394 tox|[from] psn
|turn|29
|c|âMix01|let me guess thick fat too
|c| Hiye|obv..
|
|switch|p2a: Zapdos|Zapdos|312\/384
|-damage|p2a: Zapdos|216\/384|[from] Stealth Rock
|-ability|p2a: Zapdos|Pressure
|move|p1a: Torterra|Synthesis|p1a: Torterra
|-heal|p1a: Torterra|234\/394 tox
|
|-heal|p2a: Zapdos|240\/384|[from] item: Leftovers
|-heal|p1a: Torterra|258\/394 tox|[from] item: Leftovers
|-damage|p1a: Torterra|210\/394 tox|[from] psn
|turn|30
|c|âMix01|Zap wins this
|
|switch|p1a: Hawlucha|Hawlucha, F|360\/360
|-damage|p1a: Hawlucha|315\/360|[from] Stealth Rock
|-ability|p1a: Hawlucha|Mold Breaker
|move|p2a: Zapdos|Hidden Power|p1a: Hawlucha
|-supereffective|p1a: Hawlucha
|-damage|p1a: Hawlucha|155\/360
|
|-heal|p1a: Hawlucha|177\/360|[from] item: Leftovers
|-heal|p2a: Zapdos|264\/384|[from] item: Leftovers
|turn|31
|
|move|p1a: Hawlucha|Torment|p2a: Zapdos
|-start|p2a: Zapdos|Torment
|move|p2a: Zapdos|Thunderbolt|p1a: Hawlucha
|-supereffective|p1a: Hawlucha
|-damage|p1a: Hawlucha|0 fnt
|faint|p1a: Hawlucha
|
|-heal|p2a: Zapdos|288\/384|[from] item: Leftovers
|c|âMix01|not bad
|
|switch|p1a: Absol|Absol-Mega, M|175\/333
|-damage|p1a: Absol|134\/333|[from] Stealth Rock
|turn|32
|
|move|p1a: Absol|Wish|p1a: Absol
|move|p2a: Zapdos|Hidden Power|p1a: Absol
|-damage|p1a: Absol|74\/333
|
|-heal|p2a: Zapdos|312\/384|[from] item: Leftovers
|turn|33
|
|move|p1a: Absol|Protect|p1a: Absol
|-singleturn|p1a: Absol|Protect
|move|p2a: Zapdos|Thunderbolt|p1a: Absol
|-activate|p1a: Absol|Protect
|
|-heal|p1a: Absol|240\/333|[from] move: Wish|[wisher] Absol
|-heal|p2a: Zapdos|336\/384|[from] item: Leftovers
|turn|34
|
|switch|p2a: Zonning|Magnezone|279\/317
|-damage|p2a: Zonning|260\/317|[from] Stealth Rock
|move|p1a: Absol|Wish|p1a: Absol
|
|turn|35
|
|move|p1a: Absol|Knock Off|p2a: Zonning
|-damage|p2a: Zonning|121\/317
|-enditem|p2a: Zonning|Choice Specs|[from] move: Knock Off|[of] p1a: Absol
|move|p2a: Zonning|Flash Cannon|p1a: Absol
|-damage|p1a: Absol|92\/333
|
|-heal|p1a: Absol|258\/333|[from] move: Wish|[wisher] Absol
|turn|36
|
|move|p1a: Absol|Wish|p1a: Absol
|move|p2a: Zonning|Thunderbolt|p1a: Absol
|-damage|p1a: Absol|96\/333
|
|turn|37
|
|move|p1a: Absol|Protect|p1a: Absol
|-singleturn|p1a: Absol|Protect
|move|p2a: Zonning|Hidden Power|p1a: Absol
|-activate|p1a: Absol|Protect
|
|-heal|p1a: Absol|262\/333|[from] move: Wish|[wisher] Absol
|turn|38
|
|move|p1a: Absol|Wish|p1a: Absol
|move|p2a: Zonning|Volt Switch|p1a: Absol
|-damage|p1a: Absol|121\/333
|
|switch|p2a: Scizor|Scizor, M|327\/327
|-damage|p2a: Scizor|287\/327|[from] Stealth Rock
|
|turn|39
|join|All Together Now
|
|detailschange|p2a: Scizor|Scizor-Mega, M
|-mega|p2a: Scizor|Scizor|Scizorite
|move|p2a: Scizor|Bullet Punch|p1a: Absol
|-damage|p1a: Absol|0 fnt
|faint|p1a: Absol
|
|join|KC Pyroars
|leave|All Together Now
|
|switch|p1a: Chandelure|Chandelure, M|171\/323
|-damage|p1a: Chandelure|91\/323|[from] Stealth Rock
|turn|40
|c|âMix01|willo wisp?
|
|switch|p2a: Zonning|Magnezone|121\/317
|-damage|p2a: Zonning|102\/317|[from] Stealth Rock
|move|p1a: Chandelure|Shadow Ball|p2a: Zonning
|-damage|p2a: Zonning|0 fnt
|faint|p2a: Zonning
|
|-heal|p1a: Chandelure|111\/323|[from] item: Leftovers
|
|switch|p2a: Jirachi|Jirachi|342\/342
|-damage|p2a: Jirachi|321\/342|[from] Stealth Rock
|turn|41
|
|move|p2a: Jirachi|Zen Headbutt|p1a: Chandelure|[miss]
|-miss|p2a: Jirachi|p1a: Chandelure
|move|p1a: Chandelure|Pain Split|p2a: Jirachi
|-sethp|p2a: Jirachi|216\/342|p1a: Chandelure|216\/323|[from] move: Pain Split
|
|-heal|p1a: Chandelure|236\/323|[from] item: Leftovers
|turn|42
|c|âMix01|dammit
|c|âMix01|he hasnt hit that once <_<
|c|âMix01|once
|c|âMix01|not even
|
|move|p2a: Jirachi|Zen Headbutt|p1a: Chandelure
|-damage|p1a: Chandelure|95\/323
|move|p1a: Chandelure|Shadow Ball|p2a: Jirachi
|-supereffective|p2a: Jirachi
|-damage|p2a: Jirachi|0 fnt
|faint|p2a: Jirachi
|
|-heal|p1a: Chandelure|115\/323|[from] item: Leftovers
|c|âMix01|there wo go
|c|âMix01|we go
|c|âMix01|but a little too late
|
|switch|p2a: Garchomp|Garchomp, M|203\/420
|-damage|p2a: Garchomp|177\/420|[from] Stealth Rock
|turn|43
|leave|The Ess of Johan
|
|switch|p1a: Torterra|Torterra, F|210\/394 tox
|-damage|p1a: Torterra|186\/394 tox|[from] Stealth Rock
|move|p2a: Garchomp|Earthquake|p1a: Torterra
|-resisted|p1a: Torterra
|-damage|p1a: Torterra|135\/394 tox
|
|-heal|p2a: Garchomp|203\/420|[from] item: Leftovers
|-heal|p1a: Torterra|159\/394 tox|[from] item: Leftovers
|-damage|p1a: Torterra|135\/394 tox|[from] psn
|turn|44
|
|switch|p2a: Zapdos|Zapdos|336\/384
|-damage|p2a: Zapdos|240\/384|[from] Stealth Rock
|-ability|p2a: Zapdos|Pressure
|move|p1a: Torterra|Leech Seed|p2a: Zapdos
|-start|p2a: Zapdos|move: Leech Seed
|
|-heal|p2a: Zapdos|264\/384|[from] item: Leftovers
|-heal|p1a: Torterra|159\/394 tox|[from] item: Leftovers
|-damage|p2a: Zapdos|216\/384|[from] Leech Seed|[of] p1a: Torterra
|-heal|p1a: Torterra|207\/394 tox|[silent]
|-damage|p1a: Torterra|159\/394 tox|[from] psn
|turn|45
|
|switch|p1a: Azumarill|Azumarill, M|219\/404
|-damage|p1a: Azumarill|169\/404|[from] Stealth Rock
|move|p2a: Zapdos|Thunderbolt|p1a: Azumarill
|-supereffective|p1a: Azumarill
|-damage|p1a: Azumarill|0 fnt
|faint|p1a: Azumarill
|
|-heal|p2a: Zapdos|240\/384|[from] item: Leftovers
|
|switch|p1a: Chandelure|Chandelure, M|115\/323
|-damage|p1a: Chandelure|35\/323|[from] Stealth Rock
|turn|46
|c|âMix01|pain split shadow ball sub and cm
|
|move|p2a: Zapdos|Thunderbolt|p1a: Chandelure
|-damage|p1a: Chandelure|0 fnt
|faint|p1a: Chandelure
|
|-heal|p2a: Zapdos|264\/384|[from] item: Leftovers
|c|âMix01|man scizor wins this a long time ago
|c|âMix01|gg toh
|c|âMix01|tho
|
|switch|p1a: Torterra|Torterra, F|159\/394 tox
|-damage|p1a: Torterra|135\/394 tox|[from] Stealth Rock
|turn|47
|c|âMix01|i like your team a lot
|
|move|p2a: Zapdos|Hidden Power|p1a: Torterra
|-supereffective|p1a: Torterra
|-damage|p1a: Torterra|0 fnt
|faint|p1a: Torterra
|
|win|Mix01
|raw|Ladder updating...
|raw|Qwazz's rating: 1586 &rarr; <strong>1564<\/strong><br \/>(-22 for losing)
|raw|Mix01's rating: 1555 &rarr; <strong>1577<\/strong><br \/>(+22 for winning)
|join|trillyntruly
|leave|Mix01