|join|Sweezy
|join|Qwazz
|player|p1|Sweezy|154
|player|p2|Qwazz|169
|gametype|singles
|gen|6
|tier|OU
|clearpoke
|poke|p1|Mew
|poke|p1|Azumarill, M
|poke|p1|Umbreon, M, shiny
|poke|p1|Lopunny, F
|poke|p1|Landorus-Therian, M
|poke|p1|Salamence, F
|poke|p2|Swampert, M
|poke|p2|Talonflame, M
|rule|Swagger Clause: Swagger is banned
|rule|Baton Pass Clause: Limit one PokÃ©mon knowing Baton Pass
|rule|Sleep Clause Mod: Limit one foe put to sleep
|rule|Species Clause: Limit one of each PokÃ©mon
|rule|OHKO Clause: OHKO moves are banned
|rule|Moody Clause: Moody is banned
|rule|Evasion Moves Clause: Evasion moves are banned
|rule|Endless Battle Clause: Forcing endless battles is banned
|rule|HP Percentage Mod: HP is shown in percentages
|teampreview
|join|jonj9292
|c|âSweezy|:\/
|c|âQwazz|lolll
|c|âQwazz|i got this
|leave|jonj9292
|
|start
|switch|p1a: Neko-chan|Mew|404\/404
|switch|p2a: Swampert|Swampert, M|403\/403
|turn|1
|join|Boxy Brown
|c| Boxy Brown|This must be the team.
|
|detailschange|p2a: Swampert|Swampert-Mega, M
|-mega|p2a: Swampert|Swampert|Swampertite
|move|p1a: Neko-chan|Will-O-Wisp|p2a: Swampert
|-status|p2a: Swampert|brn
|move|p2a: Swampert|Curse|p2a: Swampert
|-boost|p2a: Swampert|atk|1
|-boost|p2a: Swampert|def|1
|-unboost|p2a: Swampert|spe|1
|
|-damage|p2a: Swampert|353\/403 brn|[from] brn
|turn|2
|
|move|p1a: Neko-chan|Taunt|p2a: Swampert
|-start|p2a: Swampert|move: Taunt
|cant|p2a: Swampert|move: Taunt|Curse
|
|-damage|p2a: Swampert|303\/403 brn|[from] brn
|turn|3
|c|âQwazz|fk
|join|only team testing
|c|âQwazz|i lost
|leave|only team testing
|
|switch|p1a: Bunny Battle|Azumarill, M|404\/404
|switch|p2a: Talonflame|Talonflame, M|360\/360
|
|turn|4
|join|only team testing
|
|switch|p2a: Swampert|Swampert-Mega, M|303\/403 brn
|switch|p1a: Leol|Landorus-Therian, M|382\/382
|-ability|p1a: Leol|Intimidate|[of] p2a: Swampert
|-unboost|p2a: Swampert|atk|1
|
|-damage|p2a: Swampert|253\/403 brn|[from] brn
|turn|5
|c|âQwazz|lol
|c|âQwazz|i didnt get to finish
|leave|only team testing
|join|xXGlalieXx
|
|move|p1a: Leol|U-turn|p2a: Swampert
|-damage|p2a: Swampert|189\/403 brn
|
|switch|p1a: Bunny Battle|Azumarill, M|404\/404
|move|p2a: Swampert|Rest|p2a: Swampert
|-status|p2a: Swampert|slp
|-heal|p2a: Swampert|403\/403 slp|[silent]
|-status|p2a: Swampert|slp|[from] move: Rest
|
|turn|6
|c| xXGlalieXx|still waiting for mine sweezy :P
|
|switch|p1a: Neko-chan|Mew|404\/404
|cant|p2a: Swampert|slp
|move|p2a: Swampert|Sleep Talk|p2a: Swampert
|move|p2a: Swampert|Waterfall|p1a: Neko-chan|[from]Sleep Talk
|-damage|p1a: Neko-chan|308\/404
|
|-heal|p1a: Neko-chan|333\/404|[from] item: Leftovers
|turn|7
|c|âSweezy|sorry, we started late
|c|âQwazz|lol
|c|âSweezy|oh nvrm
|
|move|p1a: Neko-chan|Taunt|p2a: Swampert
|-start|p2a: Swampert|move: Taunt
|cant|p2a: Swampert|slp
|cant|p2a: Swampert|move: Taunt|Sleep Talk
|
|-heal|p1a: Neko-chan|358\/404|[from] item: Leftovers
|turn|8
|c|âSweezy|i thought you were waiting on me lol
|
|switch|p1a: Bunny Battle|Azumarill, M|404\/404
|-curestatus|p2a: Swampert|slp
|move|p2a: Swampert|Waterfall|p1a: Bunny Battle
|-resisted|p1a: Bunny Battle
|-damage|p1a: Bunny Battle|353\/404
|
|turn|9
|
|move|p2a: Swampert|Waterfall|p1a: Bunny Battle
|-resisted|p1a: Bunny Battle
|-damage|p1a: Bunny Battle|301\/404
|cant|p1a: Bunny Battle|flinch
|
|-end|p2a: Swampert|move: Taunt
|turn|10
|
|move|p2a: Swampert|Curse|p2a: Swampert
|-boost|p2a: Swampert|atk|1
|-boost|p2a: Swampert|def|1
|-unboost|p2a: Swampert|spe|1
|move|p1a: Bunny Battle|Play Rough|p2a: Swampert
|-damage|p2a: Swampert|228\/403
|
|turn|11
|
|switch|p1a: Neko-chan|Mew|358\/404
|move|p2a: Swampert|Curse|p2a: Swampert
|-boost|p2a: Swampert|atk|1
|-boost|p2a: Swampert|def|1
|-unboost|p2a: Swampert|spe|1
|
|-heal|p1a: Neko-chan|383\/404|[from] item: Leftovers
|turn|12
|
|move|p1a: Neko-chan|Will-O-Wisp|p2a: Swampert
|-status|p2a: Swampert|brn
|move|p2a: Swampert|Rest|p2a: Swampert
|-status|p2a: Swampert|slp
|-heal|p2a: Swampert|403\/403 slp|[silent]
|-status|p2a: Swampert|slp|[from] move: Rest
|
|-heal|p1a: Neko-chan|404\/404|[from] item: Leftovers
|turn|13
|
|move|p1a: Neko-chan|Taunt|p2a: Swampert
|-start|p2a: Swampert|move: Taunt
|cant|p2a: Swampert|slp
|cant|p2a: Swampert|move: Taunt|Sleep Talk
|
|turn|14
|c|âQwazz|ok i can do this
|c|âQwazz|maybe
|c| Boxy Brown|Oh lawd.
|
|switch|p1a: Bunny Battle|Azumarill, M|301\/404
|cant|p2a: Swampert|slp
|
|turn|15
|
|move|p1a: Bunny Battle|Play Rough|p2a: Swampert
|-damage|p2a: Swampert|265\/403 slp
|-curestatus|p2a: Swampert|slp
|move|p2a: Swampert|Waterfall|p1a: Bunny Battle
|-resisted|p1a: Bunny Battle
|-damage|p1a: Bunny Battle|187\/404
|
|-end|p2a: Swampert|move: Taunt
|turn|16
|
|move|p1a: Bunny Battle|Play Rough|p2a: Swampert
|-damage|p2a: Swampert|121\/403
|move|p2a: Swampert|Curse|p2a: Swampert
|-boost|p2a: Swampert|atk|1
|-boost|p2a: Swampert|def|1
|-unboost|p2a: Swampert|spe|1
|
|turn|17
|c|âQwazz|noooooooooo
|c|âQwazz|pls
|c|âQwazz|miss
|
|move|p1a: Bunny Battle|Play Rough|p2a: Swampert
|-damage|p2a: Swampert|10\/403
|move|p2a: Swampert|Rest|p2a: Swampert
|-status|p2a: Swampert|slp
|-heal|p2a: Swampert|403\/403 slp|[silent]
|-status|p2a: Swampert|slp|[from] move: Rest
|
|turn|18
|c|âQwazz|!!!!!!!!!!!!!!!!!!!
|
|move|p1a: Bunny Battle|Play Rough|p2a: Swampert
|-damage|p2a: Swampert|292\/403 slp
|cant|p2a: Swampert|slp
|move|p2a: Swampert|Sleep Talk|p2a: Swampert
|move|p2a: Swampert|Waterfall|p1a: Bunny Battle|[from]Sleep Talk
|-resisted|p1a: Bunny Battle
|-damage|p1a: Bunny Battle|18\/404
|
|turn|19
|
|move|p1a: Bunny Battle|Play Rough|p2a: Swampert|[miss]
|-miss|p1a: Bunny Battle|p2a: Swampert
|cant|p2a: Swampert|slp
|move|p2a: Swampert|Sleep Talk|p2a: Swampert
|move|p2a: Swampert|Waterfall|p1a: Bunny Battle|[from]Sleep Talk
|-crit|p1a: Bunny Battle
|-resisted|p1a: Bunny Battle
|-damage|p1a: Bunny Battle|0 fnt
|faint|p1a: Bunny Battle
|
|
|switch|p1a: Neko-chan|Mew|404\/404
|turn|20
|
|move|p1a: Neko-chan|Taunt|p2a: Swampert
|-start|p2a: Swampert|move: Taunt
|-curestatus|p2a: Swampert|slp
|move|p2a: Swampert|Waterfall|p1a: Neko-chan
|-damage|p1a: Neko-chan|139\/404
|
|-heal|p1a: Neko-chan|164\/404|[from] item: Leftovers
|turn|21
|c|âQwazz|ok miss
|c|âQwazz|pls
|
|move|p1a: Neko-chan|Will-O-Wisp|p2a: Swampert
|-status|p2a: Swampert|brn
|move|p2a: Swampert|Waterfall|p1a: Neko-chan
|-damage|p1a: Neko-chan|35\/404
|
|-heal|p1a: Neko-chan|60\/404|[from] item: Leftovers
|-damage|p2a: Swampert|242\/403 brn|[from] brn
|turn|22
|join|shocker4510
|c|âQwazz|fk
|c| xXGlalieXx|wtf sweezy
|
|switch|p2a: Talonflame|Talonflame, M|360\/360
|move|p1a: Neko-chan|Soft-Boiled|p1a: Neko-chan
|-heal|p1a: Neko-chan|262\/404
|
|-heal|p1a: Neko-chan|287\/404|[from] item: Leftovers
|turn|23
|c| xXGlalieXx|you haven't won yet -_-
|c|âSweezy|i was not prepared ._.
|c|âQwazz|2 mons is hard to beat
|
|switch|p1a: Leol|Landorus-Therian, M|382\/382
|-ability|p1a: Leol|Intimidate|[of] p2a: Talonflame
|-unboost|p2a: Talonflame|atk|1
|move|p2a: Talonflame|Bulk Up|p2a: Talonflame
|-boost|p2a: Talonflame|atk|1
|-boost|p2a: Talonflame|def|1
|
|turn|24
|
|move|p2a: Talonflame|Bulk Up|p2a: Talonflame
|-boost|p2a: Talonflame|atk|1
|-boost|p2a: Talonflame|def|1
|move|p1a: Leol|Knock Off|p2a: Talonflame
|-damage|p2a: Talonflame|288\/360
|-enditem|p2a: Talonflame|Leftovers|[from] move: Knock Off|[of] p1a: Leol
|
|turn|25
|c|âQwazz|pls dont
|c|âQwazz|have
|c|âQwazz|!!!
|c|âQwazz|YAAAA
|
|move|p2a: Talonflame|Bulk Up|p2a: Talonflame
|-boost|p2a: Talonflame|atk|1
|-boost|p2a: Talonflame|def|1
|move|p1a: Leol|U-turn|p2a: Talonflame
|-resisted|p2a: Talonflame
|-damage|p2a: Talonflame|277\/360
|
|switch|p1a: Moon Moon|Umbreon, M, shiny|394\/394
|
|turn|26
|
|move|p2a: Talonflame|Taunt|p1a: Moon Moon
|-start|p1a: Moon Moon|move: Taunt
|cant|p1a: Moon Moon|move: Taunt|Toxic
|
|turn|27
|c|âSweezy|im sad
|c|âQwazz|LOL
|c|âQwazz|I CAN WIN
|
|switch|p1a: Leol|Landorus-Therian, M|382\/382
|-ability|p1a: Leol|Intimidate|[of] p2a: Talonflame
|-unboost|p2a: Talonflame|atk|1
|move|p2a: Talonflame|Bulk Up|p2a: Talonflame
|-boost|p2a: Talonflame|atk|1
|-boost|p2a: Talonflame|def|1
|
|turn|28
|c|âSweezy|wtf is my team lol
|c| Boxy Brown|I left to get Fruity pebbles..
|c|âQwazz|rofl
|c| Boxy Brown|And you lost azumarill..
|
|move|p2a: Talonflame|Bulk Up|p2a: Talonflame
|-boost|p2a: Talonflame|atk|1
|-boost|p2a: Talonflame|def|1
|move|p1a: Leol|U-turn|p2a: Talonflame
|-resisted|p2a: Talonflame
|-damage|p2a: Talonflame|270\/360
|c|âQwazz|lmao
|c|âQwazz|im dying rn
|c|âSweezy|i literally have nothing but physical attackers XD
|c|âSweezy|this is sad
|c|âQwazz|RIP
|c| Boxy Brown|This is going on Youtube.
|
|switch|p1a: Moon Moon|Umbreon, M, shiny|394\/394
|
|turn|29
|c|âSweezy|oh no
|c|âSweezy|welp time to make a new account
|c| Boxy Brown|Call it, "Two man ass whoopin'."
|c|âSweezy|cant ever live this down
|
|move|p2a: Talonflame|Taunt|p1a: Moon Moon
|-start|p1a: Moon Moon|move: Taunt
|cant|p1a: Moon Moon|move: Taunt|Toxic
|
|turn|30
|
|switch|p1a: Leol|Landorus-Therian, M|382\/382
|-ability|p1a: Leol|Intimidate|[of] p2a: Talonflame
|-unboost|p2a: Talonflame|atk|1
|move|p2a: Talonflame|Bulk Up|p2a: Talonflame
|-boost|p2a: Talonflame|atk|1
|-boost|p2a: Talonflame|def|1
|
|turn|31
|
|move|p2a: Talonflame|Brave Bird|p1a: Leol
|-damage|p1a: Leol|150\/382
|-damage|p2a: Talonflame|193\/360|[from] recoil|[of] p1a: Leol
|move|p1a: Leol|U-turn|p2a: Talonflame
|-resisted|p2a: Talonflame
|-damage|p2a: Talonflame|187\/360
|c|âQwazz|ouch
|
|switch|p1a: Battle Bunny|Lopunny, F|271\/271
|
|turn|32
|
|detailschange|p1a: Battle Bunny|Lopunny-Mega, F
|-mega|p1a: Battle Bunny|Lopunny|Lopunnite
|move|p1a: Battle Bunny|Fake Out|p2a: Talonflame
|-damage|p2a: Talonflame|163\/360
|cant|p2a: Talonflame|flinch
|
|turn|33
|
|switch|p1a: Leol|Landorus-Therian, M|150\/382
|-ability|p1a: Leol|Intimidate|[of] p2a: Talonflame
|-unboost|p2a: Talonflame|atk|1
|move|p2a: Talonflame|Roost|p2a: Talonflame
|-heal|p2a: Talonflame|343\/360
|
|-heal|p1a: Leol|173\/382|[from] item: Leftovers
|turn|34
|leave|xXGlalieXx
|
|move|p2a: Talonflame|Brave Bird|p1a: Leol
|-damage|p1a: Leol|0 fnt
|-damage|p2a: Talonflame|286\/360|[from] recoil|[of] p1a: Leol
|faint|p1a: Leol
|
|
|switch|p1a: Battle Bunny|Lopunny-Mega, F|271\/271
|turn|35
|c| Boxy Brown|Sweezy, I am disappoint.
|c|âQwazz|its ogre now
|
|move|p1a: Battle Bunny|Fake Out|p2a: Talonflame
|-damage|p2a: Talonflame|262\/360
|cant|p2a: Talonflame|flinch
|
|turn|36
|c|âSweezy|so i am
|c| Boxy Brown|I guess we all learn something from this.
|c| Boxy Brown|Always have a special attacker.
|c|âQwazz|dont underestimate
|c|âSweezy|i remember why i havent touched this team in a month
|c|âQwazz|the power
|c|âQwazz|of 2 mons
|c|âSweezy|indeed
|c| Boxy Brown|I'm not gonna lie.
|
|switch|p1a: Moon Moon|Umbreon, M, shiny|394\/394
|move|p2a: Talonflame|Brave Bird|p1a: Moon Moon
|-damage|p1a: Moon Moon|180\/394
|-damage|p2a: Talonflame|191\/360|[from] recoil|[of] p1a: Moon Moon
|
|-heal|p1a: Moon Moon|204\/394|[from] item: Leftovers
|turn|37
|c| shocker4510|imagine if you had more
|c|âQwazz|lol
|c| Boxy Brown|I nearly got swept by a smeargle and power trick shuckle.
|c|âQwazz|nb
|
|move|p2a: Talonflame|Taunt|p1a: Moon Moon
|-start|p1a: Moon Moon|move: Taunt
|cant|p1a: Moon Moon|move: Taunt|Toxic
|
|-heal|p1a: Moon Moon|228\/394|[from] item: Leftovers
|turn|38
|c|âQwazz|i got swept bysd rock smash scizor the other day
|
|move|p2a: Talonflame|Roost|p2a: Talonflame
|-heal|p2a: Talonflame|360\/360
|move|p1a: Moon Moon|Struggle|p2a: Talonflame
|-damage|p2a: Talonflame|351\/360
|-damage|p1a: Moon Moon|130\/394
|
|-heal|p1a: Moon Moon|154\/394|[from] item: Leftovers
|turn|39
|c|âQwazz|by sd*
|
|move|p2a: Talonflame|Bulk Up|p2a: Talonflame
|-boost|p2a: Talonflame|atk|1
|move|p1a: Moon Moon|Struggle|p2a: Talonflame
|-damage|p2a: Talonflame|343\/360
|-damage|p1a: Moon Moon|56\/394
|
|-heal|p1a: Moon Moon|80\/394|[from] item: Leftovers
|-end|p1a: Moon Moon|move: Taunt
|turn|40
|c|âSweezy|stahp
|c| shocker4510|i was abut to say
|c| shocker4510|about*
|
|move|p2a: Talonflame|Taunt|p1a: Moon Moon
|-start|p1a: Moon Moon|move: Taunt
|cant|p1a: Moon Moon|move: Taunt|Toxic
|
|-heal|p1a: Moon Moon|104\/394|[from] item: Leftovers
|turn|41
|
|move|p2a: Talonflame|Bulk Up|p2a: Talonflame
|-boost|p2a: Talonflame|atk|1
|move|p1a: Moon Moon|Struggle|p2a: Talonflame
|-damage|p2a: Talonflame|334\/360
|-damage|p1a: Moon Moon|6\/394
|
|-heal|p1a: Moon Moon|30\/394|[from] item: Leftovers
|turn|42
|
|move|p2a: Talonflame|Bulk Up|p2a: Talonflame
|-boost|p2a: Talonflame|atk|1
|move|p1a: Moon Moon|Struggle|p2a: Talonflame
|-damage|p2a: Talonflame|325\/360
|-damage|p1a: Moon Moon|0 fnt
|faint|p1a: Moon Moon
|
|c|âQwazz|the struggle is real
|c|âSweezy|LOL
|
|switch|p1a: Battle Bunny|Lopunny-Mega, F|271\/271
|turn|43
|
|move|p1a: Battle Bunny|Fake Out|p2a: Talonflame
|-damage|p2a: Talonflame|301\/360
|cant|p2a: Talonflame|flinch
|
|turn|44
|
|switch|p1a: Shyvana|Salamence, F|331\/331
|move|p2a: Talonflame|Brave Bird|p1a: Shyvana
|-damage|p1a: Shyvana|0 fnt
|-damage|p2a: Talonflame|192\/360|[from] recoil|[of] p1a: Shyvana
|faint|p1a: Shyvana
|
|
|switch|p1a: Battle Bunny|Lopunny-Mega, F|271\/271
|turn|45
|
|move|p1a: Battle Bunny|Fake Out|p2a: Talonflame
|-damage|p2a: Talonflame|165\/360
|cant|p2a: Talonflame|flinch
|
|turn|46
|join|Jukain
|join|MuhFugginMoose
|
|switch|p1a: Neko-chan|Mew|287\/404
|move|p2a: Talonflame|Roost|p2a: Talonflame
|-heal|p2a: Talonflame|345\/360
|
|-heal|p1a: Neko-chan|312\/404|[from] item: Leftovers
|turn|47
|leave|Jukain
|join|Bluwing
|c| Boxy Brown|Every time I look away, a pokemon dies.
|leave|MuhFugginMoose
|
|move|p2a: Talonflame|Brave Bird|p1a: Neko-chan
|-damage|p1a: Neko-chan|0 fnt
|-damage|p2a: Talonflame|242\/360|[from] recoil|[of] p1a: Neko-chan
|faint|p1a: Neko-chan
|
|c|âSweezy|dont worry
|c|âSweezy|it'll all be over soon
|
|switch|p1a: Battle Bunny|Lopunny-Mega, F|271\/271
|turn|48
|c| Bluwing|how did u lose to this lol?
|c| shocker4510|did you miss that one?
|c|âQwazz|the power
|c|âQwazz|is here
|
|move|p1a: Battle Bunny|Fake Out|p2a: Talonflame
|-damage|p2a: Talonflame|217\/360
|cant|p2a: Talonflame|flinch
|
|turn|49
|c|âSweezy|cuz im trash
|c|âSweezy|im going to delete this team
|c|âSweezy|idk if i can use any of these mons again
|c|âSweezy|the shame
|c|âQwazz|rofl
|c|âSweezy|you can edit your teams after this right?
|c|âSweezy|i need you to win
|c|âSweezy|the whole tourny
|c| Bluwing|hes not tho
|c|âSweezy|become the legend
|c| shocker4510|https:\/\/www.youtube.com\/watch?v=9bgd8pClvLc
|c|âSweezy|tell stories of the time you beat a noob with only 2 pokemon
|c|âQwazz|im bad
|c|âQwazz|i cant
|c|âQwazz|win the tour
|c|âSweezy|you got the best core in the world right there XD
|join|RayDalio
|c| RayDalio|wtf is this
|join|jailbait jenny
|join|Jukain
|c|âSweezy|legendary
|c|âSweezy|that's waht it is
|c| Bluwing|just play
|c| Bluwing|for christ sake
|c|âQwazz|sry
|c|âQwazz|i went to finish the team
|
|move|p2a: Talonflame|Brave Bird|p1a: Battle Bunny
|-supereffective|p1a: Battle Bunny
|-damage|p1a: Battle Bunny|0 fnt
|-damage|p2a: Talonflame|128\/360|[from] recoil|[of] p1a: Battle Bunny
|faint|p1a: Battle Bunny
|
|win|Qwazz
|leave|Bluwing
|c|âSweezy|gg