|join|Noir bear
|join|Qwazz
|player|p1|Noir bear|238
|player|p2|Qwazz|102
|gametype|singles
|gen|6
|tier|OU
|rated
|clearpoke
|poke|p1|Tornadus-Therian, M
|poke|p1|Metagross
|poke|p1|Keldeo
|poke|p1|Landorus-Therian, M
|poke|p1|Rotom-Wash
|poke|p1|Clefable, F
|poke|p2|Keldeo
|poke|p2|Charizard, M
|poke|p2|Skarmory, M
|poke|p2|Tyranitar, M
|poke|p2|Celebi
|poke|p2|Meloetta
|rule|Swagger Clause: Swagger is banned
|rule|Baton Pass Clause: Limit one PokÃ©mon knowing Baton Pass
|rule|Sleep Clause Mod: Limit one foe put to sleep
|rule|Species Clause: Limit one of each PokÃ©mon
|rule|OHKO Clause: OHKO moves are banned
|rule|Moody Clause: Moody is banned
|rule|Evasion Moves Clause: Evasion moves are banned
|rule|Endless Battle Clause: Forcing endless battles is banned
|rule|HP Percentage Mod: HP is shown in percentages
|teampreview
|join|Lordray
|c| Lordray|ofc
|c| Lordray|gl to you both
|
|start
|switch|p1a: Korra|Keldeo|323\/323
|switch|p2a: Meloetta|Meloetta|403\/403
|turn|1
|
|switch|p1a: Ghazan|Metagross|301\/301
|move|p2a: Meloetta|Thunderbolt|p1a: Ghazan
|-damage|p1a: Ghazan|179\/301
|
|turn|2
|
|switch|p2a: Skarmory|Skarmory, M|333\/333
|detailschange|p1a: Ghazan|Metagross-Mega
|-mega|p1a: Ghazan|Metagross|Metagrossite
|move|p1a: Ghazan|Meteor Mash|p2a: Skarmory
|-crit|p2a: Skarmory
|-resisted|p2a: Skarmory
|-damage|p2a: Skarmory|237\/333
|-damage|p1a: Ghazan|129\/301|[from] item: Rocky Helmet|[of] p2a: Skarmory
|
|turn|3
|
|switch|p1a: Yakone|Rotom-Wash|304\/304
|switch|p2a: Meloetta|Meloetta|403\/403
|
|turn|4
|
|switch|p2a: Celebi|Celebi|395\/395
|move|p1a: Yakone|Volt Switch|p2a: Celebi
|-resisted|p2a: Celebi
|-damage|p2a: Celebi|359\/395
|
|switch|p1a: Zaheer|Tornadus-Therian, M|299\/299
|
|-heal|p2a: Celebi|383\/395|[from] item: Leftovers
|turn|5
|
|switch|p2a: Tyranitar|Tyranitar, M|403\/403
|-weather|Sandstorm
|move|p1a: Zaheer|Knock Off|p2a: Tyranitar
|-resisted|p2a: Tyranitar
|-damage|p2a: Tyranitar|359\/403
|-enditem|p2a: Tyranitar|Leftovers|[from] move: Knock Off|[of] p1a: Zaheer
|-damage|p1a: Zaheer|270\/299|[from] item: Life Orb
|
|-weather|Sandstorm|[upkeep]
|-damage|p1a: Zaheer|252\/299|[from] sandstorm
|turn|6
|
|move|p1a: Zaheer|Superpower|p2a: Tyranitar
|-supereffective|p2a: Tyranitar
|-damage|p2a: Tyranitar|0 fnt
|-unboost|p1a: Zaheer|atk|1
|-unboost|p1a: Zaheer|def|1
|-damage|p1a: Zaheer|223\/299|[from] item: Life Orb
|faint|p2a: Tyranitar
|
|-weather|Sandstorm|[upkeep]
|-damage|p1a: Zaheer|205\/299|[from] sandstorm
|
|switch|p2a: Keldeo|Keldeo|323\/323
|turn|7
|
|switch|p1a: Korra|Keldeo|323\/323
|move|p2a: Keldeo|Scald|p1a: Korra
|-resisted|p1a: Korra
|-damage|p1a: Korra|244\/323
|
|-weather|Sandstorm|[upkeep]
|-damage|p1a: Korra|224\/323|[from] sandstorm
|-damage|p2a: Keldeo|303\/323|[from] sandstorm
|-heal|p1a: Korra|244\/323|[from] item: Leftovers
|-heal|p2a: Keldeo|323\/323|[from] item: Leftovers
|turn|8
|
|move|p2a: Keldeo|Secret Sword|p1a: Korra
|-damage|p1a: Korra|82\/323
|move|p1a: Korra|Secret Sword|p2a: Keldeo
|-damage|p2a: Keldeo|164\/323
|
|-weather|Sandstorm|[upkeep]
|-damage|p1a: Korra|62\/323|[from] sandstorm
|-damage|p2a: Keldeo|144\/323|[from] sandstorm
|-heal|p1a: Korra|82\/323|[from] item: Leftovers
|-heal|p2a: Keldeo|164\/323|[from] item: Leftovers
|turn|9
|
|switch|p2a: Celebi|Celebi|383\/395
|move|p1a: Korra|Secret Sword|p2a: Celebi
|-resisted|p2a: Celebi
|-damage|p2a: Celebi|309\/395
|
|-weather|none
|-heal|p1a: Korra|102\/323|[from] item: Leftovers
|-heal|p2a: Celebi|333\/395|[from] item: Leftovers
|turn|10
|
|move|p1a: Korra|Substitute|p1a: Korra
|-start|p1a: Korra|Substitute
|-damage|p1a: Korra|22\/323
|move|p2a: Celebi|Substitute|p2a: Celebi
|-start|p2a: Celebi|Substitute
|-damage|p2a: Celebi|235\/395
|
|-heal|p1a: Korra|42\/323|[from] item: Leftovers
|-heal|p2a: Celebi|259\/395|[from] item: Leftovers
|turn|11
|
|move|p1a: Korra|Scald|p2a: Celebi
|-resisted|p2a: Celebi
|-activate|p2a: Celebi|Substitute|[damage]
|move|p2a: Celebi|Giga Drain|p1a: Korra
|-supereffective|p1a: Korra
|-end|p1a: Korra|Substitute
|-heal|p2a: Celebi|299\/395|[from] drain|[of] p1a: Korra
|
|-heal|p1a: Korra|62\/323|[from] item: Leftovers
|-heal|p2a: Celebi|323\/395|[from] item: Leftovers
|turn|12
|
|move|p1a: Korra|Scald|p2a: Celebi
|-resisted|p2a: Celebi
|-end|p2a: Celebi|Substitute
|move|p2a: Celebi|Substitute|p2a: Celebi
|-start|p2a: Celebi|Substitute
|-damage|p2a: Celebi|225\/395
|
|-heal|p1a: Korra|82\/323|[from] item: Leftovers
|-heal|p2a: Celebi|249\/395|[from] item: Leftovers
|turn|13
|
|switch|p1a: Zaheer|Tornadus-Therian, M|299\/299
|move|p2a: Celebi|Giga Drain|p1a: Zaheer
|-resisted|p1a: Zaheer
|-damage|p1a: Zaheer|247\/299
|-heal|p2a: Celebi|275\/395|[from] drain|[of] p1a: Zaheer
|
|-heal|p2a: Celebi|299\/395|[from] item: Leftovers
|turn|14
|
|move|p1a: Zaheer|Knock Off|p2a: Celebi
|-supereffective|p2a: Celebi
|-end|p2a: Celebi|Substitute
|-damage|p1a: Zaheer|218\/299|[from] item: Life Orb
|move|p2a: Celebi|Baton Pass|p2a: Celebi
|
|switch|p2a: Meloetta|Meloetta|403\/403
|
|turn|15
|
|move|p1a: Zaheer|Hurricane|p2a: Meloetta
|-damage|p2a: Meloetta|270\/403
|-start|p2a: Meloetta|confusion
|-damage|p1a: Zaheer|189\/299|[from] item: Life Orb
|-activate|p2a: Meloetta|confusion
|-damage|p2a: Meloetta|241\/403|[from] confusion
|
|turn|16
|
|move|p1a: Zaheer|Knock Off|p2a: Meloetta
|-supereffective|p2a: Meloetta
|-damage|p2a: Meloetta|2\/403
|-enditem|p2a: Meloetta|Assault Vest|[from] move: Knock Off|[of] p1a: Zaheer
|-damage|p1a: Zaheer|160\/299|[from] item: Life Orb
|-activate|p2a: Meloetta|confusion
|-damage|p2a: Meloetta|0 fnt|[from] confusion
|faint|p2a: Meloetta
|
|
|switch|p2a: Charizard|Charizard, M|333\/333
|turn|17
|
|move|p1a: Zaheer|Hurricane|p2a: Charizard|[miss]
|-miss|p1a: Zaheer|p2a: Charizard
|move|p2a: Charizard|Dragon Dance|p2a: Charizard
|-boost|p2a: Charizard|atk|1
|-boost|p2a: Charizard|spe|1
|
|turn|18
|
|switch|p1a: Bolin|Landorus-Therian, M|367\/367
|-ability|p1a: Bolin|Intimidate|[of] p2a: Charizard
|-unboost|p2a: Charizard|atk|1
|move|p2a: Charizard|Flare Blitz|p1a: Bolin
|-damage|p1a: Bolin|226\/367
|-damage|p2a: Charizard|286\/333|[from] recoil|[of] p1a: Bolin
|
|-heal|p1a: Bolin|248\/367|[from] item: Leftovers
|turn|19
|
|detailschange|p2a: Charizard|Charizard-Mega-X, M
|-mega|p2a: Charizard|Charizard|Charizardite X
|move|p2a: Charizard|Flare Blitz|p1a: Bolin
|-damage|p1a: Bolin|0 fnt
|-damage|p2a: Charizard|204\/333|[from] recoil|[of] p1a: Bolin
|faint|p1a: Bolin
|
|
|switch|p1a: Yakone|Rotom-Wash|304\/304
|turn|20
|
|move|p2a: Charizard|Roost|p2a: Charizard
|-heal|p2a: Charizard|333\/333
|move|p1a: Yakone|Hydro Pump|p2a: Charizard
|-crit|p2a: Charizard
|-damage|p2a: Charizard|99\/333
|
|turn|21
|
|move|p2a: Charizard|Roost|p2a: Charizard
|-heal|p2a: Charizard|266\/333
|move|p1a: Yakone|Hydro Pump|p2a: Charizard|[miss]
|-miss|p1a: Yakone|p2a: Charizard
|
|turn|22
|
|move|p2a: Charizard|Dragon Dance|p2a: Charizard
|-boost|p2a: Charizard|atk|1
|-boost|p2a: Charizard|spe|1
|move|p1a: Yakone|Hydro Pump|p2a: Charizard
|-damage|p2a: Charizard|116\/333
|
|turn|23
|
|move|p2a: Charizard|Roost|p2a: Charizard
|-heal|p2a: Charizard|283\/333
|move|p1a: Yakone|Hydro Pump|p2a: Charizard
|-damage|p2a: Charizard|123\/333
|
|turn|24
|
|switch|p1a: Asami|Clefable, F|394\/394
|move|p2a: Charizard|Roost|p2a: Charizard
|-heal|p2a: Charizard|290\/333
|
|turn|25
|
|move|p2a: Charizard|Flare Blitz|p1a: Asami
|-damage|p1a: Asami|0 fnt
|-damage|p2a: Charizard|160\/333|[from] recoil|[of] p1a: Asami
|faint|p1a: Asami
|
|
|switch|p1a: Ghazan|Metagross-Mega|129\/301
|turn|26
|
|move|p1a: Ghazan|Bullet Punch|p2a: Charizard
|-resisted|p2a: Charizard
|-damage|p2a: Charizard|117\/333
|move|p2a: Charizard|Flare Blitz|p1a: Ghazan
|-supereffective|p1a: Ghazan
|-damage|p1a: Ghazan|0 fnt
|-damage|p2a: Charizard|74\/333|[from] recoil|[of] p1a: Ghazan
|faint|p1a: Ghazan
|
|
|switch|p1a: Korra|Keldeo|82\/323
|turn|27
|
|move|p2a: Charizard|Dragon Claw|p1a: Korra
|-damage|p1a: Korra|0 fnt
|faint|p1a: Korra
|
|
|switch|p1a: Yakone|Rotom-Wash|304\/304
|turn|28
|
|move|p2a: Charizard|Roost|p2a: Charizard
|-heal|p2a: Charizard|241\/333
|move|p1a: Yakone|Hydro Pump|p2a: Charizard|[miss]
|-miss|p1a: Yakone|p2a: Charizard
|
|turn|29
|
|move|p2a: Charizard|Roost|p2a: Charizard
|-heal|p2a: Charizard|333\/333
|move|p1a: Yakone|Hydro Pump|p2a: Charizard
|-damage|p2a: Charizard|173\/333
|
|turn|30
|
|move|p2a: Charizard|Roost|p2a: Charizard
|-heal|p2a: Charizard|333\/333
|move|p1a: Yakone|Hydro Pump|p2a: Charizard
|-damage|p2a: Charizard|186\/333
|
|turn|31
|
|move|p2a: Charizard|Roost|p2a: Charizard
|-heal|p2a: Charizard|333\/333
|move|p1a: Yakone|Hydro Pump|p2a: Charizard
|-damage|p2a: Charizard|191\/333
|
|turn|32
|
|move|p2a: Charizard|Roost|p2a: Charizard
|-heal|p2a: Charizard|333\/333
|move|p1a: Yakone|Volt Switch|p2a: Charizard
|-resisted|p2a: Charizard
|-damage|p2a: Charizard|285\/333
|
|switch|p1a: Zaheer|Tornadus-Therian, M|259\/299
|
|turn|33
|
|move|p2a: Charizard|Dragon Claw|p1a: Zaheer
|-damage|p1a: Zaheer|0 fnt
|faint|p1a: Zaheer
|
|-message|Noir bear forfeited.
|
|win|Qwazz
|raw|Ladder updating...
|leave|Noir bear
|player|p1
|raw|Noir bear's rating: 1512 &rarr; <strong>1495<\/strong><br \/>(-17 for losing)
|raw|Qwazz's rating: 1560 &rarr; <strong>1577<\/strong><br \/>(+17 for winning)