|join|LordRay
|join|qwazz
|player|p1|LordRay|288
|player|p2|qwazz|169
|gametype|singles
|gen|6
|tier|OU
|clearpoke
|poke|p1|Lopunny, M
|poke|p1|Gengar, F
|poke|p1|Landorus-Therian, M
|poke|p1|Latias, F
|poke|p1|Bisharp, F
|poke|p1|Volcarona, M
|poke|p2|Gyarados, F
|poke|p2|Talonflame, M
|poke|p2|Latias, F
|poke|p2|Ferrothorn, F
|poke|p2|Landorus-Therian, M
|poke|p2|Rotom-Wash
|rule|Swagger Clause: Swagger is banned
|rule|Baton Pass Clause: Limit one PokÃ©mon knowing Baton Pass
|rule|Sleep Clause Mod: Limit one foe put to sleep
|rule|Species Clause: Limit one of each PokÃ©mon
|rule|OHKO Clause: OHKO moves are banned
|rule|Moody Clause: Moody is banned
|rule|Evasion Moves Clause: Evasion moves are banned
|rule|Endless Battle Clause: Forcing endless battles is banned
|rule|HP Percentage Mod: HP is shown in percentages
|teampreview
|
|start
|switch|p1a: Lopunny|Lopunny, M|271\/271
|switch|p2a: Ferrothorn|Ferrothorn, F|352\/352
|turn|1
|
|switch|p1a: Volcarona|Volcarona, M|329\/329
|move|p2a: Ferrothorn|Stealth Rock|p1a: Volcarona
|-sidestart|p1: LordRay|move: Stealth Rock
|
|turn|2
|
|switch|p2a: Talonflame|Talonflame, M|319\/319
|move|p1a: Volcarona|Fiery Dance|p2a: Talonflame
|-resisted|p2a: Talonflame
|-damage|p2a: Talonflame|194\/319
|-boost|p1a: Volcarona|spa|1
|-damage|p1a: Volcarona|297\/329|[from] item: Life Orb
|
|turn|3
|
|switch|p2a: Rotom-Wash|Rotom-Wash|304\/304
|switch|p1a: Landorus-Therian|Landorus-Therian, M|382\/382
|-damage|p1a: Landorus-Therian|335\/382|[from] Stealth Rock
|-ability|p1a: Landorus-Therian|Intimidate|[of] p2a: Rotom-Wash
|-unboost|p2a: Rotom-Wash|atk|1
|
|-heal|p1a: Landorus-Therian|358\/382|[from] item: Leftovers
|turn|4
|
|move|p1a: Landorus-Therian|U-turn|p2a: Rotom-Wash
|-damage|p2a: Rotom-Wash|241\/304
|
|switch|p1a: Latias|Latias, F|319\/319
|-damage|p1a: Latias|280\/319|[from] Stealth Rock
|move|p2a: Rotom-Wash|Hydro Pump|p1a: Latias
|-resisted|p1a: Latias
|-damage|p1a: Latias|228\/319
|
|-heal|p2a: Rotom-Wash|260\/304|[from] item: Leftovers
|turn|5
|
|move|p1a: Latias|Defog|p2a: Rotom-Wash
|-unboost|p2a: Rotom-Wash|evasion|1
|-sideend|p1: LordRay|Stealth Rock|[from] move: Defog|[of] p1a: Latias
|move|p2a: Rotom-Wash|Volt Switch|p1a: Latias
|-resisted|p1a: Latias
|-damage|p1a: Latias|195\/319
|
|switch|p2a: Landorus-Therian|Landorus-Therian, M|325\/325
|-ability|p2a: Landorus-Therian|Intimidate|[of] p1a: Latias
|-unboost|p1a: Latias|atk|1
|
|turn|6
|
|switch|p1a: Gengar|Gengar, F|259\/259
|move|p2a: Landorus-Therian|U-turn|p1a: Gengar
|-resisted|p1a: Gengar
|-damage|p1a: Gengar|225\/259
|
|switch|p2a: Talonflame|Talonflame, M|194\/319
|
|turn|7
|
|move|p2a: Talonflame|Brave Bird|p1a: Gengar
|-damage|p1a: Gengar|0 fnt
|-damage|p2a: Talonflame|120\/319|[from] recoil|[of] p1a: Gengar
|faint|p1a: Gengar
|
|
|switch|p1a: Lopunny|Lopunny, M|271\/271
|turn|8
|
|switch|p2a: Landorus-Therian|Landorus-Therian, M|325\/325
|-ability|p2a: Landorus-Therian|Intimidate|[of] p1a: Lopunny
|-unboost|p1a: Lopunny|atk|1
|detailschange|p1a: Lopunny|Lopunny-Mega, M
|-mega|p1a: Lopunny|Lopunny|Lopunnite
|move|p1a: Lopunny|High Jump Kick|p2a: Landorus-Therian
|-resisted|p2a: Landorus-Therian
|-damage|p2a: Landorus-Therian|245\/325
|
|turn|9
|
|switch|p1a: Landorus-Therian|Landorus-Therian, M|358\/382
|-ability|p1a: Landorus-Therian|Intimidate|[of] p2a: Landorus-Therian
|-unboost|p2a: Landorus-Therian|atk|1
|move|p2a: Landorus-Therian|U-turn|p1a: Landorus-Therian
|-resisted|p1a: Landorus-Therian
|-damage|p1a: Landorus-Therian|335\/382
|
|switch|p2a: Rotom-Wash|Rotom-Wash|260\/304
|
|-heal|p1a: Landorus-Therian|358\/382|[from] item: Leftovers
|-heal|p2a: Rotom-Wash|279\/304|[from] item: Leftovers
|turn|10
|
|move|p1a: Landorus-Therian|U-turn|p2a: Rotom-Wash
|-damage|p2a: Rotom-Wash|217\/304
|
|switch|p1a: Latias|Latias, F|195\/319
|move|p2a: Rotom-Wash|Hydro Pump|p1a: Latias
|-resisted|p1a: Latias
|-damage|p1a: Latias|137\/319
|
|-heal|p2a: Rotom-Wash|236\/304|[from] item: Leftovers
|turn|11
|
|switch|p1a: Volcarona|Volcarona, M|297\/329
|switch|p2a: Ferrothorn|Ferrothorn, F|352\/352
|
|turn|12
|
|switch|p2a: Latias|Latias, F|301\/301
|move|p1a: Volcarona|Fiery Dance|p2a: Latias
|-resisted|p2a: Latias
|-damage|p2a: Latias|223\/301
|-boost|p1a: Volcarona|spa|1
|-damage|p1a: Volcarona|265\/329|[from] item: Life Orb
|
|turn|13
|
|switch|p2a: Gyarados|Gyarados, F|331\/331
|-ability|p2a: Gyarados|Intimidate|[of] p1a: Volcarona
|-unboost|p1a: Volcarona|atk|1
|move|p1a: Volcarona|Fiery Dance|p2a: Gyarados
|-resisted|p2a: Gyarados
|-damage|p2a: Gyarados|198\/331
|-damage|p1a: Volcarona|233\/329|[from] item: Life Orb
|
|turn|14
|
|switch|p1a: Latias|Latias, F|137\/319
|move|p2a: Gyarados|Waterfall|p1a: Latias
|-resisted|p1a: Latias
|-damage|p1a: Latias|61\/319
|
|turn|15
|
|switch|p1a: Volcarona|Volcarona, M|233\/329
|switch|p2a: Ferrothorn|Ferrothorn, F|352\/352
|
|turn|16
|
|switch|p2a: Landorus-Therian|Landorus-Therian, M|245\/325
|-ability|p2a: Landorus-Therian|Intimidate|[of] p1a: Volcarona
|-unboost|p1a: Volcarona|atk|1
|move|p1a: Volcarona|Quiver Dance|p1a: Volcarona
|-boost|p1a: Volcarona|spa|1
|-boost|p1a: Volcarona|spd|1
|-boost|p1a: Volcarona|spe|1
|
|turn|17
|
|move|p1a: Volcarona|Fiery Dance|p2a: Landorus-Therian
|-damage|p2a: Landorus-Therian|0 fnt
|-damage|p1a: Volcarona|201\/329|[from] item: Life Orb
|faint|p2a: Landorus-Therian
|
|
|switch|p2a: Talonflame|Talonflame, M|120\/319
|turn|18
|
|switch|p1a: Landorus-Therian|Landorus-Therian, M|358\/382
|-ability|p1a: Landorus-Therian|Intimidate|[of] p2a: Talonflame
|-unboost|p2a: Talonflame|atk|1
|move|p2a: Talonflame|Roost|p2a: Talonflame
|-heal|p2a: Talonflame|280\/319
|
|-heal|p1a: Landorus-Therian|381\/382|[from] item: Leftovers
|turn|19
|
|switch|p2a: Ferrothorn|Ferrothorn, F|352\/352
|move|p1a: Landorus-Therian|Stealth Rock|p2a: Ferrothorn
|-sidestart|p2: qwazz|move: Stealth Rock
|
|-heal|p1a: Landorus-Therian|382\/382|[from] item: Leftovers
|turn|20
|
|move|p1a: Landorus-Therian|U-turn|p2a: Ferrothorn
|-damage|p2a: Ferrothorn|305\/352
|-damage|p1a: Landorus-Therian|335\/382|[from] ability: Iron Barbs|[of] p2a: Ferrothorn
|
|switch|p1a: Volcarona|Volcarona, M|201\/329
|move|p2a: Ferrothorn|Stealth Rock|p1a: Volcarona
|-sidestart|p1: LordRay|move: Stealth Rock
|
|-heal|p2a: Ferrothorn|327\/352|[from] item: Leftovers
|turn|21
|
|switch|p2a: Latias|Latias, F|223\/301
|-damage|p2a: Latias|186\/301|[from] Stealth Rock
|move|p1a: Volcarona|Quiver Dance|p1a: Volcarona
|-boost|p1a: Volcarona|spa|1
|-boost|p1a: Volcarona|spd|1
|-boost|p1a: Volcarona|spe|1
|
|turn|22
|
|move|p1a: Volcarona|Roost|p1a: Volcarona
|-heal|p1a: Volcarona|329\/329
|move|p2a: Latias|Draco Meteor|p1a: Volcarona
|-damage|p1a: Volcarona|169\/329
|-unboost|p2a: Latias|spa|2
|-damage|p2a: Latias|156\/301|[from] item: Life Orb
|
|turn|23
|
|switch|p2a: Gyarados|Gyarados, F|198\/331
|-damage|p2a: Gyarados|116\/331|[from] Stealth Rock
|-ability|p2a: Gyarados|Intimidate|[of] p1a: Volcarona
|-unboost|p1a: Volcarona|atk|1
|move|p1a: Volcarona|Fiery Dance|p2a: Gyarados
|-resisted|p2a: Gyarados
|-damage|p2a: Gyarados|0 fnt
|-damage|p1a: Volcarona|137\/329|[from] item: Life Orb
|faint|p2a: Gyarados
|
|
|switch|p2a: Talonflame|Talonflame, M|280\/319
|-damage|p2a: Talonflame|121\/319|[from] Stealth Rock
|turn|24
|
|move|p2a: Talonflame|Roost|p2a: Talonflame
|-heal|p2a: Talonflame|281\/319
|move|p1a: Volcarona|Fiery Dance|p2a: Talonflame
|-resisted|p2a: Talonflame
|-damage|p2a: Talonflame|104\/319
|-damage|p1a: Volcarona|105\/329|[from] item: Life Orb
|
|turn|25
|
|move|p2a: Talonflame|Roost|p2a: Talonflame
|-heal|p2a: Talonflame|264\/319
|move|p1a: Volcarona|Roost|p1a: Volcarona
|-heal|p1a: Volcarona|270\/329
|
|turn|26
|
|switch|p1a: Landorus-Therian|Landorus-Therian, M|335\/382
|-damage|p1a: Landorus-Therian|288\/382|[from] Stealth Rock
|-ability|p1a: Landorus-Therian|Intimidate|[of] p2a: Talonflame
|-unboost|p2a: Talonflame|atk|1
|move|p2a: Talonflame|Brave Bird|p1a: Landorus-Therian
|-damage|p1a: Landorus-Therian|182\/382
|-damage|p2a: Talonflame|229\/319|[from] recoil|[of] p1a: Landorus-Therian
|
|-heal|p1a: Landorus-Therian|205\/382|[from] item: Leftovers
|turn|27
|
|switch|p2a: Ferrothorn|Ferrothorn, F|327\/352
|-damage|p2a: Ferrothorn|305\/352|[from] Stealth Rock
|move|p1a: Landorus-Therian|U-turn|p2a: Ferrothorn
|-damage|p2a: Ferrothorn|258\/352
|-damage|p1a: Landorus-Therian|158\/382|[from] ability: Iron Barbs|[of] p2a: Ferrothorn
|
|switch|p1a: Volcarona|Volcarona, M|270\/329
|-damage|p1a: Volcarona|106\/329|[from] Stealth Rock
|
|-heal|p2a: Ferrothorn|280\/352|[from] item: Leftovers
|turn|28
|
|switch|p2a: Rotom-Wash|Rotom-Wash|236\/304
|-damage|p2a: Rotom-Wash|198\/304|[from] Stealth Rock
|move|p1a: Volcarona|Fiery Dance|p2a: Rotom-Wash
|-resisted|p2a: Rotom-Wash
|-damage|p2a: Rotom-Wash|107\/304
|-boost|p1a: Volcarona|spa|1
|-damage|p1a: Volcarona|74\/329|[from] item: Life Orb
|
|-heal|p2a: Rotom-Wash|126\/304|[from] item: Leftovers
|turn|29
|
|move|p1a: Volcarona|Fiery Dance|p2a: Rotom-Wash
|-resisted|p2a: Rotom-Wash
|-damage|p2a: Rotom-Wash|0 fnt
|-boost|p1a: Volcarona|spa|1
|-damage|p1a: Volcarona|42\/329|[from] item: Life Orb
|faint|p2a: Rotom-Wash
|
|
|switch|p2a: Talonflame|Talonflame, M|229\/319
|-damage|p2a: Talonflame|70\/319|[from] Stealth Rock
|turn|30
|
|move|p2a: Talonflame|Roost|p2a: Talonflame
|-heal|p2a: Talonflame|230\/319
|move|p1a: Volcarona|Fiery Dance|p2a: Talonflame
|-resisted|p2a: Talonflame
|-damage|p2a: Talonflame|0 fnt
|-boost|p1a: Volcarona|spa|1
|-damage|p1a: Volcarona|10\/329|[from] item: Life Orb
|faint|p2a: Talonflame
|
|
|switch|p2a: Latias|Latias, F|156\/301
|-damage|p2a: Latias|119\/301|[from] Stealth Rock
|turn|31
|
|move|p2a: Latias|Psychic|p1a: Volcarona
|-damage|p1a: Volcarona|0 fnt
|-damage|p2a: Latias|89\/301|[from] item: Life Orb
|faint|p1a: Volcarona
|
|
|switch|p1a: Latias|Latias, F|61\/319
|-damage|p1a: Latias|22\/319|[from] Stealth Rock
|turn|32
|
|move|p1a: Latias|Defog|p2a: Latias
|-unboost|p2a: Latias|evasion|1
|-sideend|p2: qwazz|Stealth Rock|[from] move: Defog|[of] p2a: Latias
|-sideend|p1: LordRay|Stealth Rock|[from] move: Defog|[of] p1a: Latias
|move|p2a: Latias|Healing Wish|p2a: Latias
|faint|p2a: Latias
|
|
|switch|p2a: Ferrothorn|Ferrothorn, F|280\/352
|-heal|p2a: Ferrothorn|352\/352|[from] move: Healing Wish
|turn|33
|
|switch|p1a: Lopunny|Lopunny-Mega, M|271\/271
|move|p2a: Ferrothorn|Stealth Rock|p1a: Lopunny
|-sidestart|p1: LordRay|move: Stealth Rock
|
|turn|34
|
|move|p2a: Ferrothorn|Protect|p2a: Ferrothorn
|-singleturn|p2a: Ferrothorn|Protect
|move|p1a: Lopunny|High Jump Kick|p2a: Ferrothorn
|-activate|p2a: Ferrothorn|Protect
|-damage|p1a: Lopunny|136\/271|[from] highjumpkick
|
|turn|35
|
|move|p1a: Lopunny|High Jump Kick|p2a: Ferrothorn
|-crit|p2a: Ferrothorn
|-supereffective|p2a: Ferrothorn
|-damage|p2a: Ferrothorn|0 fnt
|-damage|p1a: Lopunny|103\/271|[from] ability: Iron Barbs|[of] p2a: Ferrothorn
|faint|p2a: Ferrothorn
|
|win|LordRay