|join|qwazz
|join|LordRay
|player|p1|qwazz|169
|player|p2|LordRay|288
|gametype|singles
|gen|6
|tier|OU
|clearpoke
|poke|p1|Charizard, M
|poke|p1|Jirachi
|poke|p1|Tornadus-Therian, M
|poke|p1|Chesnaught, M
|poke|p1|Starmie
|poke|p1|Granbull, F
|poke|p2|Metagross
|poke|p2|Volcarona, F
|poke|p2|Garchomp, F
|poke|p2|Starmie
|poke|p2|Bisharp, F
|poke|p2|Talonflame, M
|rule|Swagger Clause: Swagger is banned
|rule|Baton Pass Clause: Limit one PokÃ©mon knowing Baton Pass
|rule|Sleep Clause Mod: Limit one foe put to sleep
|rule|Species Clause: Limit one of each PokÃ©mon
|rule|OHKO Clause: OHKO moves are banned
|rule|Moody Clause: Moody is banned
|rule|Evasion Moves Clause: Evasion moves are banned
|rule|Endless Battle Clause: Forcing endless battles is banned
|rule|HP Percentage Mod: HP is shown in percentages
|teampreview
|
|start
|switch|p1a: Charizard|Charizard, M|359\/359
|switch|p2a: Bisharp|Bisharp, F|271\/271
|turn|1
|
|switch|p2a: Garchomp|Garchomp, F|357\/357
|detailschange|p1a: Charizard|Charizard-Mega-X, M
|-mega|p1a: Charizard|Charizard|Charizardite X
|move|p1a: Charizard|Dragon Dance|p1a: Charizard
|-boost|p1a: Charizard|atk|1
|-boost|p1a: Charizard|spe|1
|
|turn|2
|
|move|p1a: Charizard|Will-O-Wisp|p2a: Garchomp
|-status|p2a: Garchomp|brn
|-enditem|p2a: Garchomp|Lum Berry|[eat]
|-curestatus|p2a: Garchomp|brn
|move|p2a: Garchomp|Earthquake|p1a: Charizard
|-supereffective|p1a: Charizard
|-damage|p1a: Charizard|99\/359
|
|turn|3
|
|switch|p2a: Bisharp|Bisharp, F|271\/271
|move|p1a: Charizard|Will-O-Wisp|p2a: Bisharp
|-status|p2a: Bisharp|brn
|
|-damage|p2a: Bisharp|238\/271 brn|[from] brn
|turn|4
|
|move|p1a: Charizard|Roost|p1a: Charizard
|-heal|p1a: Charizard|279\/359
|move|p2a: Bisharp|Swords Dance|p2a: Bisharp
|-boost|p2a: Bisharp|atk|2
|
|-damage|p2a: Bisharp|205\/271 brn|[from] brn
|turn|5
|
|move|p1a: Charizard|Dragon Claw|p2a: Bisharp
|-resisted|p2a: Bisharp
|-damage|p2a: Bisharp|91\/271 brn
|move|p2a: Bisharp|Knock Off|p1a: Charizard
|-damage|p1a: Charizard|189\/359
|
|-damage|p2a: Bisharp|58\/271 brn|[from] brn
|turn|6
|
|move|p1a: Charizard|Roost|p1a: Charizard
|-heal|p1a: Charizard|359\/359
|move|p2a: Bisharp|Knock Off|p1a: Charizard
|-damage|p1a: Charizard|271\/359
|
|-damage|p2a: Bisharp|25\/271 brn|[from] brn
|turn|7
|
|move|p1a: Charizard|Roost|p1a: Charizard
|-heal|p1a: Charizard|359\/359
|move|p2a: Bisharp|Knock Off|p1a: Charizard
|-damage|p1a: Charizard|275\/359
|
|-damage|p2a: Bisharp|0 fnt|[from] brn
|faint|p2a: Bisharp
|
|switch|p2a: Talonflame|Talonflame, M|297\/297
|turn|8
|
|move|p2a: Talonflame|Brave Bird|p1a: Charizard
|-damage|p1a: Charizard|146\/359
|-damage|p2a: Talonflame|254\/297|[from] recoil|[of] p1a: Charizard
|move|p1a: Charizard|Dragon Claw|p2a: Talonflame
|-damage|p2a: Talonflame|0 fnt
|faint|p2a: Talonflame
|
|
|switch|p2a: Garchomp|Garchomp, F|357\/357
|turn|9
|
|move|p1a: Charizard|Will-O-Wisp|p2a: Garchomp
|-status|p2a: Garchomp|brn
|move|p2a: Garchomp|Earthquake|p1a: Charizard
|-supereffective|p1a: Charizard
|-damage|p1a: Charizard|2\/359
|
|-damage|p2a: Garchomp|313\/357 brn|[from] brn
|turn|10
|
|move|p1a: Charizard|Roost|p1a: Charizard
|-heal|p1a: Charizard|182\/359
|move|p2a: Garchomp|Stealth Rock|p1a: Charizard
|-sidestart|p1: qwazz|move: Stealth Rock
|
|-damage|p2a: Garchomp|269\/357 brn|[from] brn
|turn|11
|
|move|p1a: Charizard|Roost|p1a: Charizard
|-heal|p1a: Charizard|359\/359
|move|p2a: Garchomp|Earthquake|p1a: Charizard
|-supereffective|p1a: Charizard
|-damage|p1a: Charizard|233\/359
|
|-damage|p2a: Garchomp|225\/357 brn|[from] brn
|turn|12
|
|move|p1a: Charizard|Dragon Dance|p1a: Charizard
|-boost|p1a: Charizard|atk|1
|-boost|p1a: Charizard|spe|1
|move|p2a: Garchomp|Earthquake|p1a: Charizard
|-supereffective|p1a: Charizard
|-damage|p1a: Charizard|95\/359
|
|-damage|p2a: Garchomp|181\/357 brn|[from] brn
|turn|13
|
|move|p1a: Charizard|Roost|p1a: Charizard
|-heal|p1a: Charizard|275\/359
|move|p2a: Garchomp|Earthquake|p1a: Charizard
|-supereffective|p1a: Charizard
|-damage|p1a: Charizard|125\/359
|
|-damage|p2a: Garchomp|137\/357 brn|[from] brn
|turn|14
|
|move|p1a: Charizard|Roost|p1a: Charizard
|-heal|p1a: Charizard|305\/359
|move|p2a: Garchomp|Earthquake|p1a: Charizard
|-supereffective|p1a: Charizard
|-damage|p1a: Charizard|173\/359
|
|-damage|p2a: Garchomp|93\/357 brn|[from] brn
|turn|15
|
|move|p1a: Charizard|Roost|p1a: Charizard
|-heal|p1a: Charizard|353\/359
|move|p2a: Garchomp|Earthquake|p1a: Charizard
|-supereffective|p1a: Charizard
|-damage|p1a: Charizard|225\/359
|
|-damage|p2a: Garchomp|49\/357 brn|[from] brn
|turn|16
|
|move|p1a: Charizard|Dragon Claw|p2a: Garchomp
|-supereffective|p2a: Garchomp
|-damage|p2a: Garchomp|0 fnt
|-damage|p1a: Charizard|181\/359|[from] ability: Rough Skin|[of] p2a: Garchomp
|faint|p2a: Garchomp
|
|
|switch|p2a: Metagross|Metagross|301\/301
|turn|17
|
|detailschange|p2a: Metagross|Metagross-Mega
|-mega|p2a: Metagross|Metagross|Metagrossite
|move|p1a: Charizard|Will-O-Wisp|p2a: Metagross
|-status|p2a: Metagross|brn
|move|p2a: Metagross|Earthquake|p1a: Charizard
|-crit|p1a: Charizard
|-supereffective|p1a: Charizard
|-damage|p1a: Charizard|37\/359
|
|-damage|p2a: Metagross|264\/301 brn|[from] brn
|turn|18
|
|move|p1a: Charizard|Roost|p1a: Charizard
|-heal|p1a: Charizard|217\/359
|move|p2a: Metagross|Earthquake|p1a: Charizard
|-supereffective|p1a: Charizard
|-damage|p1a: Charizard|121\/359
|
|-damage|p2a: Metagross|227\/301 brn|[from] brn
|turn|19
|
|move|p1a: Charizard|Roost|p1a: Charizard
|-heal|p1a: Charizard|301\/359
|move|p2a: Metagross|Earthquake|p1a: Charizard
|-supereffective|p1a: Charizard
|-damage|p1a: Charizard|209\/359
|
|-damage|p2a: Metagross|190\/301 brn|[from] brn
|turn|20
|
|move|p1a: Charizard|Dragon Dance|p1a: Charizard
|-boost|p1a: Charizard|atk|1
|-boost|p1a: Charizard|spe|1
|move|p2a: Metagross|Earthquake|p1a: Charizard
|-supereffective|p1a: Charizard
|-damage|p1a: Charizard|109\/359
|
|-damage|p2a: Metagross|153\/301 brn|[from] brn
|turn|21
|
|move|p1a: Charizard|Roost|p1a: Charizard
|-heal|p1a: Charizard|289\/359
|move|p2a: Metagross|Earthquake|p1a: Charizard
|-supereffective|p1a: Charizard
|-damage|p1a: Charizard|199\/359
|
|-damage|p2a: Metagross|116\/301 brn|[from] brn
|turn|22
|
|move|p1a: Charizard|Roost|p1a: Charizard
|-heal|p1a: Charizard|359\/359
|move|p2a: Metagross|Earthquake|p1a: Charizard
|-supereffective|p1a: Charizard
|-damage|p1a: Charizard|267\/359
|
|-damage|p2a: Metagross|79\/301 brn|[from] brn
|turn|23
|
|move|p1a: Charizard|Dragon Claw|p2a: Metagross
|-resisted|p2a: Metagross
|-damage|p2a: Metagross|0 fnt
|faint|p2a: Metagross
|
|
|switch|p2a: Volcarona|Volcarona, F|329\/329
|turn|24
|
|move|p1a: Charizard|Roost|p1a: Charizard
|-heal|p1a: Charizard|359\/359
|move|p2a: Volcarona|Bug Buzz|p1a: Charizard
|-resisted|p1a: Charizard
|-damage|p1a: Charizard|242\/359
|-damage|p2a: Volcarona|297\/329|[from] item: Life Orb
|
|turn|25
|
|move|p1a: Charizard|Roost|p1a: Charizard
|-heal|p1a: Charizard|359\/359
|move|p2a: Volcarona|Bug Buzz|p1a: Charizard
|-resisted|p1a: Charizard
|-damage|p1a: Charizard|234\/359
|-damage|p2a: Volcarona|265\/329|[from] item: Life Orb
|
|turn|26
|
|move|p1a: Charizard|Roost|p1a: Charizard
|-heal|p1a: Charizard|359\/359
|move|p2a: Volcarona|Quiver Dance|p2a: Volcarona
|-boost|p2a: Volcarona|spa|1
|-boost|p2a: Volcarona|spd|1
|-boost|p2a: Volcarona|spe|1
|
|turn|27
|
|move|p1a: Charizard|Dragon Claw|p2a: Volcarona
|-damage|p2a: Volcarona|0 fnt
|faint|p2a: Volcarona
|
|
|switch|p2a: Starmie|Starmie|261\/261
|turn|28
|
|move|p1a: Charizard|Dragon Claw|p2a: Starmie
|-damage|p2a: Starmie|0 fnt
|faint|p2a: Starmie
|
|win|qwazz