|join|Qwazz
|join|iEcho
|player|p1|Qwazz|169
|player|p2|iEcho|294
|gametype|singles
|gen|6
|tier|OU
|clearpoke
|poke|p1|Heracross, F
|poke|p1|Tyranitar, F
|poke|p1|Talonflame, M
|poke|p1|Excadrill, F
|poke|p1|Celebi
|poke|p1|Rotom-Wash
|poke|p2|Landorus-Therian, M
|poke|p2|Magnezone
|poke|p2|Talonflame, F
|poke|p2|Tyranitar, F
|poke|p2|Scizor, F
|poke|p2|Latias, F
|rule|Swagger Clause: Swagger is banned
|rule|Baton Pass Clause: Limit one PokÃ©mon knowing Baton Pass
|rule|Sleep Clause Mod: Limit one foe put to sleep
|rule|Species Clause: Limit one of each PokÃ©mon
|rule|OHKO Clause: OHKO moves are banned
|rule|Moody Clause: Moody is banned
|rule|Evasion Moves Clause: Evasion moves are banned
|rule|Endless Battle Clause: Forcing endless battles is banned
|rule|HP Percentage Mod: HP is shown in percentages
|teampreview
|c|âiEcho|slapped this shit together
|c|âiEcho|gl man
|
|start
|switch|p1a: Rotom-Wash|Rotom-Wash|303\/303
|switch|p2a: Tyranitar|Tyranitar, F|401\/401
|-weather|Sandstorm
|turn|1
|
|switch|p2a: Latias|Latias, F|321\/321
|move|p1a: Rotom-Wash|Will-O-Wisp|p2a: Latias
|-status|p2a: Latias|brn
|
|-weather|Sandstorm|[upkeep]
|-damage|p2a: Latias|301\/321 brn|[from] sandstorm
|-damage|p1a: Rotom-Wash|285\/303|[from] sandstorm
|-heal|p1a: Rotom-Wash|303\/303|[from] item: Leftovers
|-damage|p2a: Latias|261\/321 brn|[from] brn
|turn|2
|
|switch|p2a: Landorus-Therian|Landorus-Therian, M|381\/381
|-ability|p2a: Landorus-Therian|Intimidate|[of] p1a: Rotom-Wash
|-unboost|p1a: Rotom-Wash|atk|1
|move|p1a: Rotom-Wash|Will-O-Wisp|p2a: Landorus-Therian
|-status|p2a: Landorus-Therian|brn
|
|-weather|Sandstorm|[upkeep]
|-damage|p1a: Rotom-Wash|285\/303|[from] sandstorm
|-heal|p1a: Rotom-Wash|303\/303|[from] item: Leftovers
|-damage|p2a: Landorus-Therian|334\/381 brn|[from] brn
|turn|3
|c|âiEcho|..
|c|âiEcho|:[
|
|move|p2a: Landorus-Therian|Stealth Rock|p1a: Rotom-Wash
|-sidestart|p1: Qwazz|move: Stealth Rock
|move|p1a: Rotom-Wash|Volt Switch|p2a: Landorus-Therian
|-immune|p2a: Landorus-Therian|[msg]
|
|-weather|Sandstorm|[upkeep]
|-damage|p1a: Rotom-Wash|285\/303|[from] sandstorm
|-heal|p2a: Landorus-Therian|357\/381 brn|[from] item: Leftovers
|-heal|p1a: Rotom-Wash|303\/303|[from] item: Leftovers
|-damage|p2a: Landorus-Therian|310\/381 brn|[from] brn
|turn|4
|
|move|p2a: Landorus-Therian|U-turn|p1a: Rotom-Wash
|-damage|p1a: Rotom-Wash|276\/303
|
|switch|p2a: Latias|Latias, F|261\/321 brn
|move|p1a: Rotom-Wash|Volt Switch|p2a: Latias
|-resisted|p2a: Latias
|-damage|p2a: Latias|230\/321 brn
|
|switch|p1a: Excadrill|Excadrill, F|361\/361
|-damage|p1a: Excadrill|350\/361|[from] Stealth Rock
|-item|p1a: Excadrill|Air Balloon
|
|-weather|Sandstorm|[upkeep]
|-damage|p2a: Latias|210\/321 brn|[from] sandstorm
|-damage|p2a: Latias|170\/321 brn|[from] brn
|turn|5
|
|move|p1a: Excadrill|Rapid Spin|p2a: Latias
|-damage|p2a: Latias|139\/321 brn
|-sideend|p1: Qwazz|Stealth Rock|[from] move: Rapid Spin|[of] p1a: Excadrill
|move|p2a: Latias|Psyshock|p1a: Excadrill
|-resisted|p1a: Excadrill
|-damage|p1a: Excadrill|223\/361
|-enditem|p1a: Excadrill|Air Balloon
|-damage|p2a: Latias|107\/321 brn|[from] item: Life Orb
|
|-weather|none
|-damage|p2a: Latias|67\/321 brn|[from] brn
|turn|6
|
|switch|p1a: Tyranitar|Tyranitar, F|341\/341
|-weather|Sandstorm
|move|p2a: Latias|Draco Meteor|p1a: Tyranitar
|-damage|p1a: Tyranitar|142\/341
|-unboost|p2a: Latias|spa|2
|-damage|p2a: Latias|35\/321 brn|[from] item: Life Orb
|
|-weather|Sandstorm|[upkeep]
|-damage|p2a: Latias|15\/321 brn|[from] sandstorm
|-damage|p2a: Latias|0 fnt|[from] brn
|faint|p2a: Latias
|
|switch|p2a: Scizor|Scizor, F|343\/343
|turn|7
|
|switch|p1a: Talonflame|Talonflame, M|297\/297
|move|p2a: Scizor|Knock Off|p1a: Talonflame
|-damage|p1a: Talonflame|88\/297
|-enditem|p1a: Talonflame|Choice Band|[from] move: Knock Off|[of] p2a: Scizor
|-damage|p2a: Scizor|309\/343|[from] item: Life Orb
|
|-weather|Sandstorm|[upkeep]
|-damage|p1a: Talonflame|70\/297|[from] sandstorm
|turn|8
|
|switch|p1a: Rotom-Wash|Rotom-Wash|276\/303
|move|p2a: Scizor|Bullet Punch|p1a: Rotom-Wash
|-crit|p1a: Rotom-Wash
|-resisted|p1a: Rotom-Wash
|-damage|p1a: Rotom-Wash|247\/303
|-damage|p2a: Scizor|275\/343|[from] item: Life Orb
|
|-weather|Sandstorm|[upkeep]
|-damage|p1a: Rotom-Wash|229\/303|[from] sandstorm
|-heal|p1a: Rotom-Wash|247\/303|[from] item: Leftovers
|turn|9
|
|switch|p1a: Heracross|Heracross, F|311\/311
|switch|p2a: Landorus-Therian|Landorus-Therian, M|310\/381 brn
|-ability|p2a: Landorus-Therian|Intimidate|[of] p1a: Heracross
|-unboost|p1a: Heracross|atk|1
|
|-weather|Sandstorm|[upkeep]
|-damage|p1a: Heracross|292\/311|[from] sandstorm
|-heal|p2a: Landorus-Therian|333\/381 brn|[from] item: Leftovers
|-damage|p2a: Landorus-Therian|286\/381 brn|[from] brn
|turn|10
|
|detailschange|p1a: Heracross|Heracross-Mega, F
|-mega|p1a: Heracross|Heracross|Heracronite
|move|p1a: Heracross|Rock Blast|p2a: Landorus-Therian
|-damage|p2a: Landorus-Therian|264\/381 brn
|-damage|p2a: Landorus-Therian|240\/381 brn
|-damage|p2a: Landorus-Therian|216\/381 brn
|-damage|p2a: Landorus-Therian|193\/381 brn
|-damage|p2a: Landorus-Therian|169\/381 brn
|-hitcount|p2a: Landorus-Therian|5
|move|p2a: Landorus-Therian|Rock Tomb|p1a: Heracross
|-damage|p1a: Heracross|264\/311
|-unboost|p1a: Heracross|spe|1
|
|-weather|none
|-heal|p2a: Landorus-Therian|192\/381 brn|[from] item: Leftovers
|-damage|p2a: Landorus-Therian|145\/381 brn|[from] brn
|turn|11
|
|switch|p1a: Excadrill|Excadrill, F|223\/361
|move|p2a: Landorus-Therian|U-turn|p1a: Excadrill
|-resisted|p1a: Excadrill
|-damage|p1a: Excadrill|194\/361
|leave|iEcho
|player|p2
|join|Chillingtilnoon
|leave|Chillingtilnoon
|join|iEcho
|c|âiEcho|shit
|player|p2|iEcho|294
|c|âiEcho|couldnt find you
|c|âiEcho|wowowowow
|c|âiEcho|pressed x one too many times
|
|switch|p2a: Tyranitar|Tyranitar, F|401\/401
|-weather|Sandstorm
|
|-weather|Sandstorm|[upkeep]
|turn|12
|
|detailschange|p2a: Tyranitar|Tyranitar-Mega, F
|-mega|p2a: Tyranitar|Tyranitar|Tyranitarite
|move|p1a: Excadrill|Iron Head|p2a: Tyranitar
|-supereffective|p2a: Tyranitar
|-damage|p2a: Tyranitar|201\/401
|cant|p2a: Tyranitar|flinch
|
|-weather|Sandstorm|[upkeep]
|turn|13
|
|switch|p2a: Landorus-Therian|Landorus-Therian, M|145\/381 brn
|-ability|p2a: Landorus-Therian|Intimidate|[of] p1a: Excadrill
|-unboost|p1a: Excadrill|atk|1
|move|p1a: Excadrill|Earthquake|p2a: Landorus-Therian
|-immune|p2a: Landorus-Therian|[msg]
|
|-weather|Sandstorm|[upkeep]
|-heal|p2a: Landorus-Therian|168\/381 brn|[from] item: Leftovers
|-damage|p2a: Landorus-Therian|121\/381 brn|[from] brn
|turn|14
|
|switch|p2a: Tyranitar|Tyranitar-Mega, F|201\/401
|move|p1a: Excadrill|Iron Head|p2a: Tyranitar
|-supereffective|p2a: Tyranitar
|-damage|p2a: Tyranitar|87\/401
|
|-weather|Sandstorm|[upkeep]
|turn|15
|
|switch|p2a: Landorus-Therian|Landorus-Therian, M|121\/381 brn
|-ability|p2a: Landorus-Therian|Intimidate|[of] p1a: Excadrill
|-unboost|p1a: Excadrill|atk|1
|move|p1a: Excadrill|Iron Head|p2a: Landorus-Therian
|-damage|p2a: Landorus-Therian|58\/381 brn
|
|-weather|none
|-heal|p2a: Landorus-Therian|81\/381 brn|[from] item: Leftovers
|-damage|p2a: Landorus-Therian|34\/381 brn|[from] brn
|turn|16
|
|move|p1a: Excadrill|Iron Head|p2a: Landorus-Therian
|-damage|p2a: Landorus-Therian|0 fnt
|faint|p2a: Landorus-Therian
|
|
|switch|p2a: Talonflame|Talonflame, F|297\/297
|turn|17
|
|switch|p1a: Rotom-Wash|Rotom-Wash|247\/303
|move|p2a: Talonflame|U-turn|p1a: Rotom-Wash
|-damage|p1a: Rotom-Wash|202\/303
|
|switch|p2a: Magnezone|Magnezone|281\/281
|
|-heal|p1a: Rotom-Wash|220\/303|[from] item: Leftovers
|turn|18
|
|switch|p1a: Celebi|Celebi|403\/403
|move|p2a: Magnezone|Volt Switch|p1a: Celebi
|-resisted|p1a: Celebi
|-damage|p1a: Celebi|353\/403
|
|switch|p2a: Talonflame|Talonflame, F|297\/297
|
|-heal|p1a: Celebi|378\/403|[from] item: Leftovers
|turn|19
|
|move|p2a: Talonflame|Brave Bird|p1a: Celebi
|-supereffective|p1a: Celebi
|-damage|p1a: Celebi|0 fnt
|-damage|p2a: Talonflame|172\/297|[from] recoil|[of] p1a: Celebi
|faint|p1a: Celebi
|
|
|switch|p1a: Tyranitar|Tyranitar, F|142\/341
|-weather|Sandstorm
|turn|20
|
|move|p1a: Tyranitar|Pursuit|p2a: Talonflame|[from]Pursuit
|-damage|p2a: Talonflame|0 fnt
|faint|p2a: Talonflame
|
|-weather|Sandstorm|[upkeep]
|c|âiEcho|:[
|
|switch|p2a: Scizor|Scizor, F|275\/343
|turn|21
|
|move|p1a: Tyranitar|Pursuit|p2a: Scizor
|-damage|p2a: Scizor|206\/343
|move|p2a: Scizor|Swords Dance|p2a: Scizor
|-boost|p2a: Scizor|atk|2
|
|-weather|Sandstorm|[upkeep]
|turn|22
|
|move|p1a: Tyranitar|Pursuit|p2a: Scizor
|-damage|p2a: Scizor|137\/343
|move|p2a: Scizor|Knock Off|p1a: Tyranitar
|-resisted|p1a: Tyranitar
|-damage|p1a: Tyranitar|0 fnt
|-enditem|p1a: Tyranitar|Choice Scarf|[from] move: Knock Off|[of] p2a: Scizor
|-damage|p2a: Scizor|103\/343|[from] item: Life Orb
|faint|p1a: Tyranitar
|
|-weather|Sandstorm|[upkeep]
|
|switch|p1a: Talonflame|Talonflame, M|70\/297
|turn|23
|c|âiEcho|just realized
|c|âiEcho|i have swarm and not technician
|c|âiEcho|wooooop
|
|switch|p2a: Tyranitar|Tyranitar-Mega, F|87\/401
|move|p1a: Talonflame|Brave Bird|p2a: Tyranitar
|-resisted|p2a: Tyranitar
|-damage|p2a: Tyranitar|39\/401
|-damage|p1a: Talonflame|54\/297|[from] recoil|[of] p2a: Tyranitar
|
|-weather|Sandstorm|[upkeep]
|-damage|p1a: Talonflame|36\/297|[from] sandstorm
|turn|24
|
|move|p1a: Talonflame|Brave Bird|p2a: Tyranitar
|-resisted|p2a: Tyranitar
|-damage|p2a: Tyranitar|0 fnt
|-damage|p1a: Talonflame|23\/297|[from] recoil|[of] p2a: Tyranitar
|faint|p2a: Tyranitar
|
|-weather|none
|
|switch|p2a: Magnezone|Magnezone|281\/281
|turn|25
|
|switch|p1a: Excadrill|Excadrill, F|194\/361
|move|p2a: Magnezone|Volt Switch|p1a: Excadrill
|-immune|p1a: Excadrill|[msg]
|
|turn|26
|c|âiEcho|gg ;-;
|
|switch|p2a: Scizor|Scizor, F|103\/343
|move|p1a: Excadrill|Earthquake|p2a: Scizor
|-damage|p2a: Scizor|0 fnt
|faint|p2a: Scizor
|
|
|switch|p2a: Magnezone|Magnezone|281\/281
|turn|27
|
|move|p2a: Magnezone|Hidden Power|p1a: Excadrill
|-supereffective|p1a: Excadrill
|-damage|p1a: Excadrill|6\/361
|move|p1a: Excadrill|Earthquake|p2a: Magnezone
|-supereffective|p2a: Magnezone
|-damage|p2a: Magnezone|0 fnt
|faint|p2a: Magnezone
|
|win|Qwazz
|leave|iEcho
|player|p2