|join|qwazz
|join|shiny fedora
|player|p1|qwazz|1
|player|p2|shiny fedora|265
|gametype|singles
|gen|6
|tier|OU (suspect test)
|rated
|clearpoke
|poke|p1|Camerupt, M
|poke|p1|Staraptor, M
|poke|p1|Latias, F
|poke|p1|Rotom-Wash
|poke|p1|Terrakion
|poke|p1|Scizor, M
|poke|p2|Sceptile, M
|poke|p2|Heatran, F
|poke|p2|Gengar, M
|poke|p2|Conkeldurr, F
|poke|p2|Rotom-Wash
|poke|p2|Tyranitar, F
|rule|Swagger Clause: Swagger is banned
|rule|Baton Pass Clause: Limit one PokÃ©mon knowing Baton Pass
|rule|Sleep Clause Mod: Limit one foe put to sleep
|rule|Species Clause: Limit one of each PokÃ©mon
|rule|OHKO Clause: OHKO moves are banned
|rule|Moody Clause: Moody is banned
|rule|Evasion Moves Clause: Evasion moves are banned
|rule|Endless Battle Clause: Forcing endless battles is banned
|rule|HP Percentage Mod: HP is shown in percentages
|teampreview
|
|start
|switch|p1a: Terrakion|Terrakion|323\/323
|switch|p2a: Rotom-Wash|Rotom-Wash|303\/303
|turn|1
|
|move|p1a: Terrakion|Stone Edge|p2a: Rotom-Wash
|-damage|p2a: Rotom-Wash|186\/303
|move|p2a: Rotom-Wash|Will-O-Wisp|p1a: Terrakion
|-status|p1a: Terrakion|brn
|
|-damage|p1a: Terrakion|283\/323 brn|[from] brn
|turn|2
|
|switch|p1a: Latias|Latias, F|333\/333
|move|p2a: Rotom-Wash|Hydro Pump|p1a: Latias
|-resisted|p1a: Latias
|-damage|p1a: Latias|279\/333
|
|turn|3
|
|switch|p1a: Scizor|Scizor, M|341\/341
|switch|p2a: Heatran|Heatran, F|372\/372
|-item|p2a: Heatran|Air Balloon
|
|turn|4
|
|switch|p1a: Staraptor|Staraptor, M|311\/311
|move|p2a: Heatran|Toxic|p1a: Staraptor
|-status|p1a: Staraptor|tox
|
|-damage|p1a: Staraptor|292\/311 tox|[from] psn
|turn|5
|
|switch|p2a: Gengar|Gengar, M|261\/261
|move|p1a: Staraptor|Close Combat|p2a: Gengar
|-immune|p2a: Gengar|[msg]
|
|-damage|p1a: Staraptor|254\/311 tox|[from] psn
|turn|6
|
|switch|p1a: Scizor|Scizor, M|341\/341
|move|p2a: Gengar|Shadow Ball|p1a: Scizor
|-damage|p1a: Scizor|187\/341
|
|turn|7
|
|move|p1a: Scizor|Pursuit|p2a: Gengar|[from]Pursuit
|-supereffective|p2a: Gengar
|-damage|p2a: Gengar|0 fnt
|faint|p2a: Gengar
|
|
|switch|p2a: Heatran|Heatran, F|372\/372
|-item|p2a: Heatran|Air Balloon
|turn|8
|
|move|p2a: Heatran|Stealth Rock|p1a: Scizor
|-sidestart|p1: qwazz|move: Stealth Rock
|move|p1a: Scizor|U-turn|p2a: Heatran
|-resisted|p2a: Heatran
|-damage|p2a: Heatran|338\/372
|-enditem|p2a: Heatran|Air Balloon
|
|switch|p1a: Camerupt|Camerupt, M|343\/343
|-damage|p1a: Camerupt|301\/343|[from] Stealth Rock
|
|turn|9
|
|switch|p2a: Rotom-Wash|Rotom-Wash|186\/303
|detailschange|p1a: Camerupt|Camerupt-Mega, M
|-mega|p1a: Camerupt|Camerupt|Cameruptite
|move|p1a: Camerupt|Stealth Rock|p2a: Rotom-Wash
|-sidestart|p2: shiny fedora|move: Stealth Rock
|
|turn|10
|
|switch|p1a: Latias|Latias, F|279\/333
|-damage|p1a: Latias|238\/333|[from] Stealth Rock
|move|p2a: Rotom-Wash|Hydro Pump|p1a: Latias|[miss]
|-miss|p2a: Rotom-Wash|p1a: Latias
|
|turn|11
|
|switch|p1a: Rotom-Wash|Rotom-Wash|304\/304
|-damage|p1a: Rotom-Wash|266\/304|[from] Stealth Rock
|move|p2a: Rotom-Wash|Rest|p2a: Rotom-Wash
|-status|p2a: Rotom-Wash|slp
|-heal|p2a: Rotom-Wash|303\/303 slp|[silent]
|-status|p2a: Rotom-Wash|slp|[from] move: Rest
|-enditem|p2a: Rotom-Wash|Chesto Berry|[eat]
|-curestatus|p2a: Rotom-Wash|slp
|
|-heal|p1a: Rotom-Wash|285\/304|[from] item: Leftovers
|turn|12
|
|switch|p2a: Conkeldurr|Conkeldurr, F|351\/351
|-damage|p2a: Conkeldurr|330\/351|[from] Stealth Rock
|move|p1a: Rotom-Wash|Volt Switch|p2a: Conkeldurr
|-damage|p2a: Conkeldurr|269\/351
|
|switch|p1a: Staraptor|Staraptor, M|254\/311 tox
|-damage|p1a: Staraptor|177\/311 tox|[from] Stealth Rock
|
|-damage|p1a: Staraptor|158\/311 tox|[from] psn
|turn|13
|
|move|p2a: Conkeldurr|Mach Punch|p1a: Staraptor
|-damage|p1a: Staraptor|43\/311 tox
|move|p1a: Staraptor|Brave Bird|p2a: Conkeldurr
|-supereffective|p2a: Conkeldurr
|-damage|p2a: Conkeldurr|0 fnt
|-damage|p1a: Staraptor|0 fnt|[from] recoil|[of] p2a: Conkeldurr
|faint|p2a: Conkeldurr
|faint|p1a: Staraptor
|
|
|switch|p2a: Sceptile|Sceptile, M|281\/281
|switch|p1a: Camerupt|Camerupt-Mega, M|301\/343
|-damage|p2a: Sceptile|246\/281|[from] Stealth Rock
|-damage|p1a: Camerupt|259\/343|[from] Stealth Rock
|turn|14
|
|switch|p2a: Tyranitar|Tyranitar, F|341\/341
|-damage|p2a: Tyranitar|299\/341|[from] Stealth Rock
|-weather|Sandstorm
|move|p1a: Camerupt|Fire Blast|p2a: Tyranitar
|-resisted|p2a: Tyranitar
|-damage|p2a: Tyranitar|194\/341
|
|-weather|Sandstorm|[upkeep]
|turn|15
|
|switch|p1a: Rotom-Wash|Rotom-Wash|285\/304
|-damage|p1a: Rotom-Wash|247\/304|[from] Stealth Rock
|move|p2a: Tyranitar|Dragon Dance|p2a: Tyranitar
|-boost|p2a: Tyranitar|atk|1
|-boost|p2a: Tyranitar|spe|1
|
|-weather|Sandstorm|[upkeep]
|-damage|p1a: Rotom-Wash|228\/304|[from] sandstorm
|-heal|p1a: Rotom-Wash|247\/304|[from] item: Leftovers
|turn|16
|
|move|p2a: Tyranitar|Crunch|p1a: Rotom-Wash
|-damage|p1a: Rotom-Wash|75\/304
|-unboost|p1a: Rotom-Wash|def|1
|move|p1a: Rotom-Wash|Will-O-Wisp|p2a: Tyranitar
|-status|p2a: Tyranitar|brn
|
|-weather|Sandstorm|[upkeep]
|-damage|p1a: Rotom-Wash|56\/304|[from] sandstorm
|-heal|p1a: Rotom-Wash|75\/304|[from] item: Leftovers
|-damage|p2a: Tyranitar|152\/341 brn|[from] brn
|turn|17
|
|move|p2a: Tyranitar|Crunch|p1a: Rotom-Wash
|-damage|p1a: Rotom-Wash|0 fnt
|faint|p1a: Rotom-Wash
|
|-weather|Sandstorm|[upkeep]
|-damage|p2a: Tyranitar|110\/341 brn|[from] brn
|
|switch|p1a: Scizor|Scizor, M|187\/341
|-damage|p1a: Scizor|145\/341|[from] Stealth Rock
|turn|18
|
|move|p1a: Scizor|Bullet Punch|p2a: Tyranitar
|-supereffective|p2a: Tyranitar
|-damage|p2a: Tyranitar|0 fnt
|faint|p2a: Tyranitar
|
|-weather|none
|
|switch|p2a: Heatran|Heatran, F|338\/372
|-damage|p2a: Heatran|292\/372|[from] Stealth Rock
|turn|19
|
|switch|p1a: Camerupt|Camerupt-Mega, M|259\/343
|-damage|p1a: Camerupt|217\/343|[from] Stealth Rock
|move|p2a: Heatran|Lava Plume|p1a: Camerupt
|-resisted|p1a: Camerupt
|-damage|p1a: Camerupt|157\/343
|
|turn|20
|
|move|p2a: Heatran|Toxic|p1a: Camerupt
|-status|p1a: Camerupt|tox
|move|p1a: Camerupt|Fire Blast|p2a: Heatran
|-start|p2a: Heatran|ability: Flash Fire
|
|-damage|p1a: Camerupt|136\/343 tox|[from] psn
|turn|21
|
|switch|p2a: Rotom-Wash|Rotom-Wash|303\/303
|-damage|p2a: Rotom-Wash|266\/303|[from] Stealth Rock
|move|p1a: Camerupt|Earth Power|p2a: Rotom-Wash
|-immune|p2a: Rotom-Wash|[msg]
|
|-damage|p1a: Camerupt|94\/343 tox|[from] psn
|turn|22
|
|move|p2a: Rotom-Wash|Hydro Pump|p1a: Camerupt|[miss]
|-miss|p2a: Rotom-Wash|p1a: Camerupt
|move|p1a: Camerupt|Fire Blast|p2a: Rotom-Wash
|-crit|p2a: Rotom-Wash
|-resisted|p2a: Rotom-Wash
|-damage|p2a: Rotom-Wash|65\/303
|
|-damage|p1a: Camerupt|31\/343 tox|[from] psn
|turn|23
|
|move|p2a: Rotom-Wash|Hydro Pump|p1a: Camerupt
|-supereffective|p1a: Camerupt
|-damage|p1a: Camerupt|0 fnt
|faint|p1a: Camerupt
|
|
|switch|p1a: Latias|Latias, F|238\/333
|-damage|p1a: Latias|197\/333|[from] Stealth Rock
|turn|24
|
|move|p1a: Latias|Healing Wish|p1a: Latias
|faint|p1a: Latias
|move|p2a: Rotom-Wash|Will-O-Wisp|p1: Latias|[notarget]
|-notarget
|
|
|switch|p1a: Terrakion|Terrakion|283\/323 brn
|-heal|p1a: Terrakion|323\/323|[from] move: Healing Wish
|-damage|p1a: Terrakion|303\/323|[from] Stealth Rock
|turn|25
|
|move|p1a: Terrakion|Close Combat|p2a: Rotom-Wash
|-damage|p2a: Rotom-Wash|0 fnt
|-unboost|p1a: Terrakion|def|1
|-unboost|p1a: Terrakion|spd|1
|faint|p2a: Rotom-Wash
|
|
|switch|p2a: Sceptile|Sceptile, M|246\/281
|-damage|p2a: Sceptile|211\/281|[from] Stealth Rock
|turn|26
|
|switch|p1a: Scizor|Scizor, M|145\/341
|-damage|p1a: Scizor|103\/341|[from] Stealth Rock
|detailschange|p2a: Sceptile|Sceptile-Mega, M
|-mega|p2a: Sceptile|Sceptile|Sceptilite
|move|p2a: Sceptile|Giga Drain|p1a: Scizor
|-resisted|p1a: Scizor
|-damage|p1a: Scizor|76\/341
|-heal|p2a: Sceptile|225\/281|[from] drain|[of] p1a: Scizor
|
|turn|27
|
|move|p1a: Scizor|Bullet Punch|p2a: Sceptile
|-damage|p2a: Sceptile|75\/281
|move|p2a: Sceptile|Dragon Pulse|p1a: Scizor
|-resisted|p1a: Scizor
|-damage|p1a: Scizor|10\/341
|
|turn|28
|
|move|p1a: Scizor|Pursuit|p2a: Sceptile|[from]Pursuit
|-damage|p2a: Sceptile|0 fnt
|faint|p2a: Sceptile
|
|-message|shiny fedora forfeited.
|leave|shiny fedora
|
|win|qwazz
|raw|Ladder updating...
|player|p2
|raw|qwazz's rating: 1301 &rarr; <strong>1321<\/strong><br \/>(+20 for winning)
|raw|shiny fedora's rating: 1297 &rarr; <strong>1273<\/strong><br \/>(-24 for losing)