|join|njjj
|join|qwazz
|player|p1|njjj|148
|player|p2|qwazz|169
|gametype|singles
|gen|6
|tier|OU (suspect test)
|rated
|clearpoke
|poke|p1|Latios, M
|poke|p1|Landorus-Therian, M
|poke|p1|Heatran, F
|poke|p1|Manectric, F
|poke|p1|Gyarados, F
|poke|p1|Clefable, M
|poke|p2|Celebi
|poke|p2|Camerupt, M
|poke|p2|Azumarill, M
|poke|p2|Tyranitar, F
|poke|p2|Skarmory, M
|poke|p2|Kyurem-Black
|rule|Swagger Clause: Swagger is banned
|rule|Baton Pass Clause: Limit one PokÃ©mon knowing Baton Pass
|rule|Sleep Clause Mod: Limit one foe put to sleep
|rule|Species Clause: Limit one of each PokÃ©mon
|rule|OHKO Clause: OHKO moves are banned
|rule|Moody Clause: Moody is banned
|rule|Evasion Moves Clause: Evasion moves are banned
|rule|Endless Battle Clause: Forcing endless battles is banned
|rule|HP Percentage Mod: HP is shown in percentages
|teampreview
|
|start
|switch|p1a: Manectric|Manectric, F|282\/282
|switch|p2a: Camerupt|Camerupt, M|344\/344
|turn|1
|
|switch|p1a: Gyarados|Gyarados, F|353\/353
|detailschange|p2a: Camerupt|Camerupt-Mega, M
|-mega|p2a: Camerupt|Camerupt|Cameruptite
|move|p2a: Camerupt|Ancient Power|p1a: Gyarados
|-supereffective|p1a: Gyarados
|-damage|p1a: Gyarados|141\/353
|
|-heal|p1a: Gyarados|163\/353|[from] item: Leftovers
|turn|2
|
|switch|p1a: Manectric|Manectric, F|282\/282
|switch|p2a: Kyurem-Black|Kyurem-Black|391\/391
|-ability|p2a: Kyurem-Black|Teravolt
|
|turn|3
|
|switch|p2a: Camerupt|Camerupt-Mega, M|344\/344
|detailschange|p1a: Manectric|Manectric-Mega, F
|-mega|p1a: Manectric|Manectric|Manectite
|-ability|p1a: Manectric|Intimidate|[of] p2a: Camerupt
|-unboost|p2a: Camerupt|atk|1
|move|p1a: Manectric|Volt Switch|p2a: Camerupt
|-immune|p2a: Camerupt|[msg]
|
|turn|4
|
|switch|p1a: Gyarados|Gyarados, F|163\/353
|switch|p2a: Tyranitar|Tyranitar, F|391\/391
|-weather|Sandstorm
|
|-weather|Sandstorm|[upkeep]
|-damage|p1a: Gyarados|141\/353|[from] sandstorm
|-heal|p1a: Gyarados|163\/353|[from] item: Leftovers
|turn|5
|
|move|p1a: Gyarados|Waterfall|p2a: Tyranitar
|-supereffective|p2a: Tyranitar
|-damage|p2a: Tyranitar|137\/391
|cant|p2a: Tyranitar|flinch
|
|-weather|Sandstorm|[upkeep]
|-damage|p1a: Gyarados|141\/353|[from] sandstorm
|-heal|p1a: Gyarados|163\/353|[from] item: Leftovers
|turn|6
|
|switch|p1a: Landorus-Therian|Landorus-Therian, M|319\/319
|-ability|p1a: Landorus-Therian|Intimidate|[of] p2a: Tyranitar
|-unboost|p2a: Tyranitar|atk|1
|switch|p2a: Kyurem-Black|Kyurem-Black|391\/391
|-ability|p2a: Kyurem-Black|Teravolt
|
|-weather|Sandstorm|[upkeep]
|-damage|p2a: Kyurem-Black|367\/391|[from] sandstorm
|turn|7
|
|move|p2a: Kyurem-Black|Ice Beam|p1a: Landorus-Therian
|-supereffective|p1a: Landorus-Therian
|-damage|p1a: Landorus-Therian|0 fnt
|faint|p1a: Landorus-Therian
|
|-weather|Sandstorm|[upkeep]
|-damage|p2a: Kyurem-Black|343\/391|[from] sandstorm
|
|switch|p1a: Heatran|Heatran, F|385\/385
|turn|8
|
|switch|p2a: Camerupt|Camerupt-Mega, M|344\/344
|move|p1a: Heatran|Stealth Rock|p2a: Camerupt
|-sidestart|p2: qwazz|move: Stealth Rock
|
|-weather|none
|turn|9
|
|switch|p1a: Latios|Latios, M|301\/301
|move|p2a: Camerupt|Ancient Power|p1a: Latios
|-damage|p1a: Latios|196\/301
|
|turn|10
|
|switch|p1a: Manectric|Manectric-Mega, F|282\/282
|-ability|p1a: Manectric|Intimidate|[of] p2a: Camerupt
|-unboost|p2a: Camerupt|atk|1
|switch|p2a: Skarmory|Skarmory, M|334\/334
|-damage|p2a: Skarmory|293\/334|[from] Stealth Rock
|
|turn|11
|
|switch|p2a: Camerupt|Camerupt-Mega, M|344\/344
|-damage|p2a: Camerupt|301\/344|[from] Stealth Rock
|move|p1a: Manectric|Flamethrower|p2a: Camerupt
|-resisted|p2a: Camerupt
|-damage|p2a: Camerupt|244\/344
|
|turn|12
|
|switch|p1a: Gyarados|Gyarados, F|163\/353
|move|p2a: Camerupt|Ancient Power|p1a: Gyarados
|-supereffective|p1a: Gyarados
|-damage|p1a: Gyarados|0 fnt
|faint|p1a: Gyarados
|
|
|switch|p1a: Clefable|Clefable, M|394\/394
|turn|13
|
|move|p1a: Clefable|Fire Blast|p2a: Camerupt|[miss]
|-miss|p1a: Clefable|p2a: Camerupt
|move|p2a: Camerupt|Earth Power|p1a: Clefable
|-damage|p1a: Clefable|130\/394
|
|-heal|p1a: Clefable|154\/394|[from] item: Leftovers
|turn|14
|
|switch|p1a: Latios|Latios, M|196\/301
|move|p2a: Camerupt|Flamethrower|p1a: Latios
|-resisted|p1a: Latios
|-damage|p1a: Latios|76\/301
|
|turn|15
|
|switch|p2a: Azumarill|Azumarill, M|342\/342
|-damage|p2a: Azumarill|300\/342|[from] Stealth Rock
|move|p1a: Latios|Draco Meteor|p2a: Azumarill
|-immune|p2a: Azumarill|[msg]
|
|turn|16
|
|switch|p1a: Clefable|Clefable, M|154\/394
|move|p2a: Azumarill|Play Rough|p1a: Clefable
|-damage|p1a: Clefable|0 fnt
|faint|p1a: Clefable
|
|
|switch|p1a: Manectric|Manectric-Mega, F|282\/282
|-ability|p1a: Manectric|Intimidate|[of] p2a: Azumarill
|-unboost|p2a: Azumarill|atk|1
|turn|17
|
|move|p1a: Manectric|Hidden Power|p2a: Azumarill
|-resisted|p2a: Azumarill
|-damage|p2a: Azumarill|259\/342
|move|p2a: Azumarill|Belly Drum|p2a: Azumarill
|-damage|p2a: Azumarill|88\/342
|-setboost|p2a: Azumarill|atk|6|[from] move: Belly Drum
|-enditem|p2a: Azumarill|Sitrus Berry|[eat]
|-heal|p2a: Azumarill|173\/342|[from] item: Sitrus Berry
|
|turn|18
|-message|njjj forfeited.
|leave|njjj
|
|win|qwazz
|raw|Ladder updating...
|player|p1
|raw|njjj's rating: 1428 &rarr; <strong>1410<\/strong><br \/>(-18 for losing)
|raw|qwazz's rating: 1468 &rarr; <strong>1485<\/strong><br \/>(+17 for winning)