|join|qwazz
|join|The Melodious One
|player|p1|qwazz|102
|player|p2|The Melodious One|86
|gametype|singles
|gen|6
|tier|OU (suspect test)
|clearpoke
|poke|p1|Ferrothorn, M
|poke|p1|Latias, F
|poke|p1|Terrakion
|poke|p1|Talonflame, F
|poke|p1|Swampert, F
|poke|p1|Rotom-Wash
|poke|p2|Tornadus-Therian, M
|poke|p2|Metagross
|poke|p2|Keldeo
|poke|p2|Landorus-Therian, M
|poke|p2|Rotom-Wash
|poke|p2|Clefable, F
|rule|Swagger Clause: Swagger is banned
|rule|Baton Pass Clause: Limit one PokÃ©mon knowing Baton Pass
|rule|Sleep Clause Mod: Limit one foe put to sleep
|rule|Species Clause: Limit one of each PokÃ©mon
|rule|OHKO Clause: OHKO moves are banned
|rule|Moody Clause: Moody is banned
|rule|Evasion Moves Clause: Evasion moves are banned
|rule|Endless Battle Clause: Forcing endless battles is banned
|rule|HP Percentage Mod: HP is shown in percentages
|teampreview
|
|start
|switch|p1a: Well It's Burned|Rotom-Wash|304\/304
|switch|p2a: Landorus-Therian|Landorus-Therian, M|367\/367
|-ability|p2a: Landorus-Therian|Intimidate|[of] p1a: Well It's Burned
|-unboost|p1a: Well It's Burned|atk|1
|turn|1
|
|switch|p2a: What Boosts|Clefable, F|394\/394
|move|p1a: Well It's Burned|Volt Switch|p2a: What Boosts
|-damage|p2a: What Boosts|322\/394
|
|switch|p1a: To The Rain|Swampert, F|403\/403
|
|-heal|p2a: What Boosts|346\/394|[from] item: Leftovers
|turn|2
|
|switch|p1a: Kiss My Lips|Ferrothorn, M|352\/352
|move|p2a: What Boosts|Moonblast|p1a: Kiss My Lips
|-resisted|p1a: Kiss My Lips
|-damage|p1a: Kiss My Lips|308\/352
|
|-heal|p2a: What Boosts|370\/394|[from] item: Leftovers
|-heal|p1a: Kiss My Lips|330\/352|[from] item: Leftovers
|turn|3
|
|move|p2a: What Boosts|Calm Mind|p2a: What Boosts
|-boost|p2a: What Boosts|spa|1
|-boost|p2a: What Boosts|spd|1
|move|p1a: Kiss My Lips|Stealth Rock|p2a: What Boosts
|-sidestart|p2: The Melodious One|move: Stealth Rock
|
|-heal|p2a: What Boosts|394\/394|[from] item: Leftovers
|-heal|p1a: Kiss My Lips|352\/352|[from] item: Leftovers
|turn|4
|
|switch|p1a: Well It's Burned|Rotom-Wash|304\/304
|move|p2a: What Boosts|Calm Mind|p2a: What Boosts
|-boost|p2a: What Boosts|spa|1
|-boost|p2a: What Boosts|spd|1
|
|turn|5
|
|move|p1a: Well It's Burned|Will-O-Wisp|p2a: What Boosts
|-status|p2a: What Boosts|brn
|move|p2a: What Boosts|Moonblast|p1a: Well It's Burned
|-damage|p1a: Well It's Burned|102\/304
|
|-heal|p1a: Well It's Burned|121\/304|[from] item: Leftovers
|turn|6
|
|move|p1a: Well It's Burned|Volt Switch|p2a: What Boosts
|-damage|p2a: What Boosts|358\/394 brn
|
|switch|p1a: Set Fire|Talonflame, F|359\/359
|move|p2a: What Boosts|Moonblast|p1a: Set Fire
|-resisted|p1a: Set Fire
|-damage|p1a: Set Fire|269\/359
|-unboost|p1a: Set Fire|spa|1
|
|-heal|p1a: Set Fire|291\/359|[from] item: Leftovers
|-heal|p2a: What Boosts|382\/394 brn|[from] item: Leftovers
|turn|7
|
|move|p1a: Set Fire|Taunt|p2a: What Boosts
|-start|p2a: What Boosts|move: Taunt
|cant|p2a: What Boosts|move: Taunt|Thunder Wave
|
|-heal|p1a: Set Fire|313\/359|[from] item: Leftovers
|-heal|p2a: What Boosts|394\/394 brn|[from] item: Leftovers
|turn|8
|
|move|p1a: Set Fire|Bulk Up|p1a: Set Fire
|-boost|p1a: Set Fire|atk|1
|-boost|p1a: Set Fire|def|1
|move|p2a: What Boosts|Moonblast|p1a: Set Fire
|-resisted|p1a: Set Fire
|-damage|p1a: Set Fire|214\/359
|
|-heal|p1a: Set Fire|236\/359|[from] item: Leftovers
|turn|9
|
|switch|p2a: Landorus-Therian|Landorus-Therian, M|367\/367
|-damage|p2a: Landorus-Therian|322\/367|[from] Stealth Rock
|-ability|p2a: Landorus-Therian|Intimidate|[of] p1a: Set Fire
|-unboost|p1a: Set Fire|atk|1
|move|p1a: Set Fire|Brave Bird|p2a: Landorus-Therian
|-damage|p2a: Landorus-Therian|229\/367
|-damage|p1a: Set Fire|205\/359|[from] recoil|[of] p2a: Landorus-Therian
|
|-heal|p1a: Set Fire|227\/359|[from] item: Leftovers
|-heal|p2a: Landorus-Therian|251\/367|[from] item: Leftovers
|turn|10
|
|switch|p1a: To The Rain|Swampert, F|403\/403
|move|p2a: Landorus-Therian|Stealth Rock|p1a: To The Rain
|-sidestart|p1: qwazz|move: Stealth Rock
|
|-heal|p2a: Landorus-Therian|273\/367|[from] item: Leftovers
|turn|11
|
|detailschange|p1a: To The Rain|Swampert-Mega, F
|-mega|p1a: To The Rain|Swampert|Swampertite
|move|p2a: Landorus-Therian|U-turn|p1a: To The Rain
|-damage|p1a: To The Rain|328\/403
|join|Princess Aura
|
|switch|p2a: Insert Coins|Rotom-Wash|304\/304
|-damage|p2a: Insert Coins|266\/304|[from] Stealth Rock
|move|p1a: To The Rain|Curse|p1a: To The Rain
|-boost|p1a: To The Rain|atk|1
|-boost|p1a: To The Rain|def|1
|-unboost|p1a: To The Rain|spe|1
|
|-heal|p2a: Insert Coins|285\/304|[from] item: Leftovers
|turn|12
|
|move|p2a: Insert Coins|Will-O-Wisp|p1a: To The Rain
|-status|p1a: To The Rain|brn
|move|p1a: To The Rain|Curse|p1a: To The Rain
|-boost|p1a: To The Rain|atk|1
|-boost|p1a: To The Rain|def|1
|-unboost|p1a: To The Rain|spe|1
|
|-heal|p2a: Insert Coins|304\/304|[from] item: Leftovers
|-damage|p1a: To The Rain|278\/403 brn|[from] brn
|turn|13
|
|move|p2a: Insert Coins|Hydro Pump|p1a: To The Rain
|-damage|p1a: To The Rain|182\/403 brn
|move|p1a: To The Rain|Rest|p1a: To The Rain
|-status|p1a: To The Rain|slp
|-heal|p1a: To The Rain|403\/403 slp|[silent]
|-status|p1a: To The Rain|slp|[from] move: Rest
|
|turn|14
|
|switch|p2a: My Little Pony|Keldeo|323\/323
|-damage|p2a: My Little Pony|303\/323|[from] Stealth Rock
|cant|p1a: To The Rain|slp
|move|p1a: To The Rain|Sleep Talk|p1a: To The Rain
|move|p1a: To The Rain|Waterfall|p2a: My Little Pony|[from]Sleep Talk
|-resisted|p2a: My Little Pony
|-damage|p2a: My Little Pony|162\/323
|
|-heal|p2a: My Little Pony|182\/323|[from] item: Leftovers
|turn|15
|
|move|p2a: My Little Pony|Substitute|p2a: My Little Pony
|-start|p2a: My Little Pony|Substitute
|-damage|p2a: My Little Pony|102\/323
|cant|p1a: To The Rain|slp
|move|p1a: To The Rain|Sleep Talk|p1a: To The Rain
|move|p1a: To The Rain|Rest|p1a: To The Rain|[from]Sleep Talk
|-fail|p1a: To The Rain
|
|-heal|p2a: My Little Pony|122\/323|[from] item: Leftovers
|turn|16
|
|move|p2a: My Little Pony|Calm Mind|p2a: My Little Pony
|-boost|p2a: My Little Pony|spa|1
|-boost|p2a: My Little Pony|spd|1
|-curestatus|p1a: To The Rain|slp
|move|p1a: To The Rain|Waterfall|p2a: My Little Pony
|-resisted|p2a: My Little Pony
|-end|p2a: My Little Pony|Substitute
|
|-heal|p2a: My Little Pony|142\/323|[from] item: Leftovers
|turn|17
|
|move|p2a: My Little Pony|Secret Sword|p1a: To The Rain
|-crit|p1a: To The Rain
|-damage|p1a: To The Rain|100\/403
|move|p1a: To The Rain|Waterfall|p2a: My Little Pony
|-resisted|p2a: My Little Pony
|-damage|p2a: My Little Pony|6\/323
|
|-heal|p2a: My Little Pony|26\/323|[from] item: Leftovers
|turn|18
|
|switch|p1a: You Saved Me|Latias, F|345\/345
|-damage|p1a: You Saved Me|302\/345|[from] Stealth Rock
|move|p2a: My Little Pony|Secret Sword|p1a: You Saved Me
|-resisted|p1a: You Saved Me
|-damage|p1a: You Saved Me|180\/345
|
|-heal|p2a: My Little Pony|46\/323|[from] item: Leftovers
|turn|19
|
|move|p1a: You Saved Me|Psychic|p2a: My Little Pony
|-supereffective|p2a: My Little Pony
|-damage|p2a: My Little Pony|0 fnt
|-damage|p1a: You Saved Me|146\/345|[from] item: Life Orb
|faint|p2a: My Little Pony
|
|
|switch|p2a: Big Bird|Tornadus-Therian, M|299\/299
|-damage|p2a: Big Bird|225\/299|[from] Stealth Rock
|turn|20
|
|switch|p1a: Well It's Burned|Rotom-Wash|121\/304
|-damage|p1a: Well It's Burned|83\/304|[from] Stealth Rock
|move|p2a: Big Bird|Knock Off|p1a: Well It's Burned
|-damage|p1a: Well It's Burned|9\/304
|-enditem|p1a: Well It's Burned|Leftovers|[from] move: Knock Off|[of] p2a: Big Bird
|-damage|p2a: Big Bird|196\/299|[from] item: Life Orb
|
|turn|21
|
|move|p2a: Big Bird|Knock Off|p1a: Well It's Burned
|-damage|p1a: Well It's Burned|0 fnt
|-damage|p2a: Big Bird|167\/299|[from] item: Life Orb
|faint|p1a: Well It's Burned
|
|
|switch|p1a: It Was Dark|Terrakion|323\/323
|-damage|p1a: It Was Dark|303\/323|[from] Stealth Rock
|turn|22
|
|move|p1a: It Was Dark|Stone Edge|p2a: Big Bird|[miss]
|-miss|p1a: It Was Dark|p2a: Big Bird
|move|p2a: Big Bird|Superpower|p1a: It Was Dark
|-supereffective|p1a: It Was Dark
|-damage|p1a: It Was Dark|46\/323
|-unboost|p2a: Big Bird|atk|1
|-unboost|p2a: Big Bird|def|1
|-damage|p2a: Big Bird|138\/299|[from] item: Life Orb
|
|turn|23
|
|switch|p1a: You Saved Me|Latias, F|146\/345
|-damage|p1a: You Saved Me|103\/345|[from] Stealth Rock
|switch|p2a: Winning|Metagross|301\/301
|-damage|p2a: Winning|283\/301|[from] Stealth Rock
|
|turn|24
|
|detailschange|p2a: Winning|Metagross-Mega
|-mega|p2a: Winning|Metagross|Metagrossite
|move|p2a: Winning|Bullet Punch|p1a: You Saved Me
|-damage|p1a: You Saved Me|0 fnt
|faint|p1a: You Saved Me
|
|
|switch|p1a: Kiss My Lips|Ferrothorn, M|352\/352
|-damage|p1a: Kiss My Lips|330\/352|[from] Stealth Rock
|turn|25
|
|move|p2a: Winning|Hammer Arm|p1a: Kiss My Lips
|-supereffective|p1a: Kiss My Lips
|-damage|p1a: Kiss My Lips|94\/352
|-damage|p2a: Winning|246\/301|[from] ability: Iron Barbs|[of] p1a: Kiss My Lips
|-unboost|p2a: Winning|spe|1
|move|p1a: Kiss My Lips|Gyro Ball|p2a: Winning
|-resisted|p2a: Winning
|-damage|p2a: Winning|211\/301
|
|-heal|p1a: Kiss My Lips|116\/352|[from] item: Leftovers
|turn|26
|
|move|p1a: Kiss My Lips|Protect|p1a: Kiss My Lips
|-singleturn|p1a: Kiss My Lips|Protect
|move|p2a: Winning|Hammer Arm|p1a: Kiss My Lips
|-activate|p1a: Kiss My Lips|Protect
|
|-heal|p1a: Kiss My Lips|138\/352|[from] item: Leftovers
|turn|27
|
|move|p2a: Winning|Hammer Arm|p1a: Kiss My Lips
|-supereffective|p1a: Kiss My Lips
|-damage|p1a: Kiss My Lips|0 fnt
|-damage|p2a: Winning|174\/301|[from] ability: Iron Barbs|[of] p1a: Kiss My Lips
|-unboost|p2a: Winning|spe|1
|faint|p1a: Kiss My Lips
|
|
|switch|p1a: Set Fire|Talonflame, F|227\/359
|-damage|p1a: Set Fire|48\/359|[from] Stealth Rock
|turn|28
|
|move|p1a: Set Fire|Roost|p1a: Set Fire
|-heal|p1a: Set Fire|228\/359
|move|p2a: Winning|Bullet Punch|p1a: Set Fire
|-crit|p1a: Set Fire
|-resisted|p1a: Set Fire
|-damage|p1a: Set Fire|123\/359
|
|-heal|p1a: Set Fire|145\/359|[from] item: Leftovers
|turn|29
|
|switch|p2a: Insert Coins|Rotom-Wash|304\/304
|-damage|p2a: Insert Coins|266\/304|[from] Stealth Rock
|move|p1a: Set Fire|Bulk Up|p1a: Set Fire
|-boost|p1a: Set Fire|atk|1
|-boost|p1a: Set Fire|def|1
|
|-heal|p1a: Set Fire|167\/359|[from] item: Leftovers
|-heal|p2a: Insert Coins|285\/304|[from] item: Leftovers
|turn|30
|
|move|p1a: Set Fire|Roost|p1a: Set Fire
|-heal|p1a: Set Fire|347\/359
|move|p2a: Insert Coins|Hydro Pump|p1a: Set Fire|[miss]
|-miss|p2a: Insert Coins|p1a: Set Fire
|
|-heal|p1a: Set Fire|359\/359|[from] item: Leftovers
|-heal|p2a: Insert Coins|304\/304|[from] item: Leftovers
|turn|31
|
|move|p1a: Set Fire|Bulk Up|p1a: Set Fire
|-boost|p1a: Set Fire|atk|1
|-boost|p1a: Set Fire|def|1
|move|p2a: Insert Coins|Hydro Pump|p1a: Set Fire
|-supereffective|p1a: Set Fire
|-damage|p1a: Set Fire|105\/359
|
|-heal|p1a: Set Fire|127\/359|[from] item: Leftovers
|turn|32
|
|move|p1a: Set Fire|Roost|p1a: Set Fire
|-heal|p1a: Set Fire|307\/359
|move|p2a: Insert Coins|Hydro Pump|p1a: Set Fire
|-supereffective|p1a: Set Fire
|-damage|p1a: Set Fire|65\/359
|
|-heal|p1a: Set Fire|87\/359|[from] item: Leftovers
|turn|33
|
|move|p1a: Set Fire|Roost|p1a: Set Fire
|-heal|p1a: Set Fire|267\/359
|move|p2a: Insert Coins|Hydro Pump|p1a: Set Fire|[miss]
|-miss|p2a: Insert Coins|p1a: Set Fire
|
|-heal|p1a: Set Fire|289\/359|[from] item: Leftovers
|turn|34
|c|âThe Melodious One|You no longer get to say shit about my luck
|
|move|p1a: Set Fire|Bulk Up|p1a: Set Fire
|-boost|p1a: Set Fire|atk|1
|-boost|p1a: Set Fire|def|1
|move|p2a: Insert Coins|Hydro Pump|p1a: Set Fire
|-supereffective|p1a: Set Fire
|-damage|p1a: Set Fire|35\/359
|
|-heal|p1a: Set Fire|57\/359|[from] item: Leftovers
|turn|35
|
|move|p1a: Set Fire|Roost|p1a: Set Fire
|-heal|p1a: Set Fire|237\/359
|move|p2a: Insert Coins|Hydro Pump|p1a: Set Fire
|-supereffective|p1a: Set Fire
|-damage|p1a: Set Fire|0 fnt
|faint|p1a: Set Fire
|
|
|switch|p1a: To The Rain|Swampert-Mega, F|100\/403
|-damage|p1a: To The Rain|75\/403|[from] Stealth Rock
|turn|36
|
|move|p2a: Insert Coins|Hydro Pump|p1a: To The Rain
|-damage|p1a: To The Rain|0 fnt
|faint|p1a: To The Rain
|
|leave|qwazz
|player|p1
|leave|Princess Aura
|-message|Player 1 lost due to inactivity.
|
|win|The Melodious One