|join|qwazz
|join|BennyNTheJets27
|player|p1|qwazz|169
|player|p2|BennyNTheJets27|209
|gametype|singles
|gen|6
|tier|OU (suspect test)
|rated
|clearpoke
|poke|p1|Celebi
|poke|p1|Camerupt, F
|poke|p1|Azumarill, F
|poke|p1|Tyranitar, F
|poke|p1|Skarmory, M
|poke|p1|Kyurem-Black
|poke|p2|Slowbro, M
|poke|p2|Tyranitar, F
|poke|p2|Clefable, M
|poke|p2|Latios, M
|poke|p2|Landorus-Therian, M
|poke|p2|Ferrothorn, F
|rule|Swagger Clause: Swagger is banned
|rule|Baton Pass Clause: Limit one PokÃ©mon knowing Baton Pass
|rule|Sleep Clause Mod: Limit one foe put to sleep
|rule|Species Clause: Limit one of each PokÃ©mon
|rule|OHKO Clause: OHKO moves are banned
|rule|Moody Clause: Moody is banned
|rule|Evasion Moves Clause: Evasion moves are banned
|rule|Endless Battle Clause: Forcing endless battles is banned
|rule|HP Percentage Mod: HP is shown in percentages
|teampreview
|
|start
|switch|p1a: Celebi|Celebi|404\/404
|switch|p2a: Ferrothorn|Ferrothorn, F|352\/352
|turn|1
|
|move|p1a: Celebi|Substitute|p1a: Celebi
|-start|p1a: Celebi|Substitute
|-damage|p1a: Celebi|303\/404
|move|p2a: Ferrothorn|Stealth Rock|p1a: Celebi
|-sidestart|p1: qwazz|move: Stealth Rock
|
|-heal|p1a: Celebi|328\/404|[from] item: Leftovers
|turn|2
|
|move|p1a: Celebi|Baton Pass|p1a: Celebi
|
|switch|p1a: Camerupt|Camerupt, F|344\/344
|-damage|p1a: Camerupt|301\/344|[from] Stealth Rock
|move|p2a: Ferrothorn|Gyro Ball|p1a: Camerupt
|-resisted|p1a: Camerupt
|-activate|p1a: Camerupt|Substitute|[damage]
|
|turn|3
|
|switch|p2a: Tyranitar|Tyranitar, F|341\/341
|-weather|Sandstorm
|detailschange|p1a: Camerupt|Camerupt-Mega, F
|-mega|p1a: Camerupt|Camerupt|Cameruptite
|move|p1a: Camerupt|Fire Blast|p2a: Tyranitar
|-resisted|p2a: Tyranitar
|-damage|p2a: Tyranitar|242\/341
|
|-weather|Sandstorm|[upkeep]
|turn|4
|
|switch|p2a: Landorus-Therian|Landorus-Therian, M|319\/319
|-activate|p1a: Camerupt|Substitute|ability: Intimidate|[of] p2a: Landorus-Therian
|move|p1a: Camerupt|Earth Power|p2a: Landorus-Therian
|-immune|p2a: Landorus-Therian|[msg]
|
|-weather|Sandstorm|[upkeep]
|turn|5
|
|move|p2a: Landorus-Therian|Earthquake|p1a: Camerupt
|-supereffective|p1a: Camerupt
|-end|p1a: Camerupt|Substitute
|move|p1a: Camerupt|Earth Power|p2a: Landorus-Therian
|-immune|p2a: Landorus-Therian|[msg]
|
|-weather|Sandstorm|[upkeep]
|turn|6
|c|âBennyNTheJets27|sand storm spec def boost is nice
|
|switch|p1a: Skarmory|Skarmory, M|334\/334
|-damage|p1a: Skarmory|293\/334|[from] Stealth Rock
|move|p2a: Landorus-Therian|Earthquake|p1a: Skarmory
|-immune|p1a: Skarmory|[msg]
|
|-weather|Sandstorm|[upkeep]
|turn|7
|
|switch|p2a: Latios|Latios, M|301\/301
|move|p1a: Skarmory|Defog|p2a: Latios
|-unboost|p2a: Latios|evasion|1
|-sideend|p1: qwazz|Stealth Rock|[from] move: Defog|[of] p1a: Skarmory
|
|-weather|none
|turn|8
|c|âBennyNTheJets27|darn i was gonna defog
|
|switch|p1a: Tyranitar|Tyranitar, F|391\/391
|-weather|Sandstorm
|move|p2a: Latios|Thunderbolt|p1a: Tyranitar
|-damage|p1a: Tyranitar|291\/391
|-damage|p2a: Latios|271\/301|[from] item: Life Orb
|
|-weather|Sandstorm|[upkeep]
|-damage|p2a: Latios|253\/301|[from] sandstorm
|turn|9
|c|âBennyNTheJets27|jk
|
|move|p2a: Latios|Draco Meteor|p1a: Tyranitar
|-damage|p1a: Tyranitar|73\/391
|-unboost|p2a: Latios|spa|2
|-damage|p2a: Latios|223\/301|[from] item: Life Orb
|move|p1a: Tyranitar|Pursuit|p2a: Latios
|-crit|p2a: Latios
|-supereffective|p2a: Latios
|-damage|p2a: Latios|0 fnt
|faint|p2a: Latios
|
|-weather|Sandstorm|[upkeep]
|
|switch|p2a: Slowbro|Slowbro, M|393\/393
|turn|10
|
|switch|p1a: Celebi|Celebi|328\/404
|detailschange|p2a: Slowbro|Slowbro-Mega, M
|-mega|p2a: Slowbro|Slowbro|Slowbronite
|move|p2a: Slowbro|Calm Mind|p2a: Slowbro
|-boost|p2a: Slowbro|spa|1
|-boost|p2a: Slowbro|spd|1
|
|-weather|Sandstorm|[upkeep]
|-damage|p1a: Celebi|303\/404|[from] sandstorm
|-damage|p2a: Slowbro|369\/393|[from] sandstorm
|-heal|p1a: Celebi|328\/404|[from] item: Leftovers
|turn|11
|
|move|p1a: Celebi|Substitute|p1a: Celebi
|-start|p1a: Celebi|Substitute
|-damage|p1a: Celebi|227\/404
|move|p2a: Slowbro|Scald|p1a: Celebi
|-resisted|p1a: Celebi
|-activate|p1a: Celebi|Substitute|[damage]
|
|-weather|Sandstorm|[upkeep]
|-damage|p1a: Celebi|202\/404|[from] sandstorm
|-damage|p2a: Slowbro|345\/393|[from] sandstorm
|-heal|p1a: Celebi|227\/404|[from] item: Leftovers
|turn|12
|
|move|p1a: Celebi|Giga Drain|p2a: Slowbro
|-supereffective|p2a: Slowbro
|-damage|p2a: Slowbro|199\/393
|-heal|p1a: Celebi|300\/404|[from] drain|[of] p2a: Slowbro
|move|p2a: Slowbro|Scald|p1a: Celebi
|-resisted|p1a: Celebi
|-end|p1a: Celebi|Substitute
|
|-weather|none
|-heal|p1a: Celebi|325\/404|[from] item: Leftovers
|turn|13
|
|move|p1a: Celebi|Substitute|p1a: Celebi
|-start|p1a: Celebi|Substitute
|-damage|p1a: Celebi|224\/404
|move|p2a: Slowbro|Slack Off|p2a: Slowbro
|-heal|p2a: Slowbro|393\/393
|
|-heal|p1a: Celebi|249\/404|[from] item: Leftovers
|turn|14
|
|move|p1a: Celebi|Baton Pass|p1a: Celebi
|
|switch|p1a: Tyranitar|Tyranitar, F|73\/391
|-weather|Sandstorm
|move|p2a: Slowbro|Calm Mind|p2a: Slowbro
|-boost|p2a: Slowbro|spa|1
|-boost|p2a: Slowbro|spd|1
|
|-weather|Sandstorm|[upkeep]
|-damage|p2a: Slowbro|369\/393|[from] sandstorm
|turn|15
|
|switch|p2a: Landorus-Therian|Landorus-Therian, M|319\/319
|-activate|p1a: Tyranitar|Substitute|ability: Intimidate|[of] p2a: Landorus-Therian
|move|p1a: Tyranitar|Crunch|p2a: Landorus-Therian
|-damage|p2a: Landorus-Therian|42\/319
|
|-weather|Sandstorm|[upkeep]
|turn|16
|
|switch|p2a: Clefable|Clefable, M|394\/394
|switch|p1a: Kyurem-Black|Kyurem-Black|391\/391
|-ability|p1a: Kyurem-Black|Teravolt
|
|-weather|Sandstorm|[upkeep]
|-damage|p1a: Kyurem-Black|367\/391|[from] sandstorm
|-damage|p2a: Clefable|370\/394|[from] sandstorm
|-heal|p2a: Clefable|394\/394|[from] item: Leftovers
|turn|17
|
|move|p1a: Kyurem-Black|Iron Head|p2a: Clefable
|-supereffective|p2a: Clefable
|-damage|p2a: Clefable|176\/394
|move|p2a: Clefable|Moonblast|p1a: Kyurem-Black
|-supereffective|p1a: Kyurem-Black
|-damage|p1a: Kyurem-Black|97\/391
|-unboost|p1a: Kyurem-Black|spa|1
|
|-weather|Sandstorm|[upkeep]
|-damage|p1a: Kyurem-Black|73\/391|[from] sandstorm
|-damage|p2a: Clefable|152\/394|[from] sandstorm
|-heal|p2a: Clefable|176\/394|[from] item: Leftovers
|turn|18
|
|switch|p1a: Camerupt|Camerupt-Mega, F|301\/344
|switch|p2a: Ferrothorn|Ferrothorn, F|352\/352
|
|-weather|none
|turn|19
|
|switch|p2a: Tyranitar|Tyranitar, F|242\/341
|-weather|Sandstorm
|move|p1a: Camerupt|Earth Power|p2a: Tyranitar
|-supereffective|p2a: Tyranitar
|-damage|p2a: Tyranitar|0 fnt
|faint|p2a: Tyranitar
|
|-weather|Sandstorm|[upkeep]
|
|switch|p2a: Slowbro|Slowbro-Mega, M|369\/393
|turn|20
|
|move|p2a: Slowbro|Scald|p1a: Camerupt
|-supereffective|p1a: Camerupt
|-damage|p1a: Camerupt|0 fnt
|faint|p1a: Camerupt
|
|-weather|Sandstorm|[upkeep]
|-damage|p2a: Slowbro|345\/393|[from] sandstorm
|
|switch|p1a: Celebi|Celebi|249\/404
|turn|21
|
|switch|p2a: Ferrothorn|Ferrothorn, F|352\/352
|move|p1a: Celebi|Substitute|p1a: Celebi
|-start|p1a: Celebi|Substitute
|-damage|p1a: Celebi|148\/404
|
|-weather|Sandstorm|[upkeep]
|-damage|p1a: Celebi|123\/404|[from] sandstorm
|-heal|p1a: Celebi|148\/404|[from] item: Leftovers
|turn|22
|
|move|p1a: Celebi|Baton Pass|p1a: Celebi
|
|switch|p1a: Skarmory|Skarmory, M|293\/334
|move|p2a: Ferrothorn|Gyro Ball|p1a: Skarmory
|-resisted|p1a: Skarmory
|-activate|p1a: Skarmory|Substitute|[damage]
|
|-weather|Sandstorm|[upkeep]
|turn|23
|
|move|p1a: Skarmory|Stealth Rock|p2a: Ferrothorn
|-sidestart|p2: BennyNTheJets27|move: Stealth Rock
|move|p2a: Ferrothorn|Stealth Rock|p1a: Skarmory
|-sidestart|p1: qwazz|move: Stealth Rock
|
|-weather|none
|turn|24
|
|switch|p2a: Slowbro|Slowbro-Mega, M|345\/393
|-damage|p2a: Slowbro|296\/393|[from] Stealth Rock
|move|p1a: Skarmory|Defog|p2a: Slowbro
|-unboost|p2a: Slowbro|evasion|1
|-sideend|p2: BennyNTheJets27|Stealth Rock|[from] move: Defog|[of] p2a: Slowbro
|-sideend|p1: qwazz|Stealth Rock|[from] move: Defog|[of] p1a: Skarmory
|
|turn|25
|
|switch|p1a: Kyurem-Black|Kyurem-Black|73\/391
|-ability|p1a: Kyurem-Black|Teravolt
|move|p2a: Slowbro|Scald|p1a: Kyurem-Black
|-resisted|p1a: Kyurem-Black
|-damage|p1a: Kyurem-Black|0 fnt
|faint|p1a: Kyurem-Black
|
|
|switch|p1a: Tyranitar|Tyranitar, F|73\/391
|-weather|Sandstorm
|turn|26
|
|move|p1a: Tyranitar|Fire Punch|p2a: Slowbro
|-resisted|p2a: Slowbro
|-damage|p2a: Slowbro|259\/393
|-status|p2a: Slowbro|brn
|move|p2a: Slowbro|Scald|p1a: Tyranitar
|-supereffective|p1a: Tyranitar
|-damage|p1a: Tyranitar|0 fnt
|faint|p1a: Tyranitar
|
|-weather|Sandstorm|[upkeep]
|-damage|p2a: Slowbro|235\/393 brn|[from] sandstorm
|-damage|p2a: Slowbro|186\/393 brn|[from] brn
|
|switch|p1a: Azumarill|Azumarill, F|342\/342
|turn|27
|
|switch|p2a: Ferrothorn|Ferrothorn, F|352\/352
|move|p1a: Azumarill|Belly Drum|p1a: Azumarill
|-damage|p1a: Azumarill|171\/342
|-setboost|p1a: Azumarill|atk|6|[from] move: Belly Drum
|-enditem|p1a: Azumarill|Sitrus Berry|[eat]
|-heal|p1a: Azumarill|256\/342|[from] item: Sitrus Berry
|
|-weather|Sandstorm|[upkeep]
|-damage|p1a: Azumarill|235\/342|[from] sandstorm
|turn|28
|
|move|p1a: Azumarill|Superpower|p2a: Ferrothorn
|-supereffective|p2a: Ferrothorn
|-damage|p2a: Ferrothorn|0 fnt
|-damage|p1a: Azumarill|193\/342|[from] ability: Iron Barbs|[of] p2a: Ferrothorn
|-unboost|p1a: Azumarill|atk|1
|-unboost|p1a: Azumarill|def|1
|faint|p2a: Ferrothorn
|
|-weather|Sandstorm|[upkeep]
|-damage|p1a: Azumarill|172\/342|[from] sandstorm
|
|switch|p2a: Clefable|Clefable, M|176\/394
|turn|29
|
|move|p1a: Azumarill|Play Rough|p2a: Clefable
|-damage|p2a: Clefable|2\/394
|-unboost|p2a: Clefable|atk|1
|move|p2a: Clefable|Moonblast|p1a: Azumarill
|-damage|p1a: Azumarill|31\/342
|
|-weather|Sandstorm|[upkeep]
|-damage|p1a: Azumarill|10\/342|[from] sandstorm
|-damage|p2a: Clefable|0 fnt|[from] sandstorm
|faint|p2a: Clefable
|
|switch|p2a: Slowbro|Slowbro-Mega, M|186\/393 brn
|turn|30
|
|move|p1a: Azumarill|Play Rough|p2a: Slowbro
|-damage|p2a: Slowbro|0 fnt
|faint|p2a: Slowbro
|
|-weather|none
|
|switch|p2a: Landorus-Therian|Landorus-Therian, M|42\/319
|-ability|p2a: Landorus-Therian|Intimidate|[of] p1a: Azumarill
|-unboost|p1a: Azumarill|atk|1
|turn|31
|c|âBennyNTheJets27|damn the sand died at a bad time
|c|âBennyNTheJets27|oh well was gg
|c|âBennyNTheJets27|since you got slow bro
|c|âBennyNTheJets27|i wondered if you would be faster or not
|c|âBennyNTheJets27|must be running some speed
|c|âBennyNTheJets27|or no
|c|âBennyNTheJets27|you just dont ahve a minus speed nature
|c|âBennyNTheJets27|yeah
|
|move|p1a: Azumarill|Aqua Jet|p2a: Landorus-Therian
|-supereffective|p2a: Landorus-Therian
|-damage|p2a: Landorus-Therian|0 fnt
|faint|p2a: Landorus-Therian
|
|win|qwazz
|raw|Ladder updating...
|raw|qwazz's rating: 1465 &rarr; <strong>1478<\/strong><br \/>(+13 for winning)
|raw|BennyNTheJets27's rating: 1339 &rarr; <strong>1326<\/strong><br \/>(-13 for losing)