|join|The Last Hero
|join|Dio Povero
|player|p1|The Last Hero|54
|player|p2|Dio Povero|168
|gametype|singles
|gen|6
|tier|OU
|rated
|clearpoke
|poke|p1|Hippowdon, M
|poke|p1|Aerodactyl, M
|poke|p1|Magnezone
|poke|p1|Stoutland, M
|poke|p1|Tentacruel, M
|poke|p1|Whimsicott, M
|poke|p2|Sableye, M
|poke|p2|Skarmory, M
|poke|p2|Chesnaught, M
|poke|p2|Chansey, F
|poke|p2|Talonflame, F
|poke|p2|Alomomola, F
|rule|Swagger Clause: Swagger is banned
|rule|Baton Pass Clause: Limit one PokÃ©mon knowing Baton Pass
|rule|Sleep Clause Mod: Limit one foe put to sleep
|rule|Species Clause: Limit one of each PokÃ©mon
|rule|OHKO Clause: OHKO moves are banned
|rule|Moody Clause: Moody is banned
|rule|Evasion Moves Clause: Evasion moves are banned
|rule|Endless Battle Clause: Forcing endless battles is banned
|rule|HP Percentage Mod: HP is shown in percentages
|teampreview
|
|start
|switch|p1a: Magnetroll|Magnezone|281\/281
|switch|p2a: Sableye|Sableye, M|304\/304
|turn|1
|
|detailschange|p2a: Sableye|Sableye-Mega, M
|message|Sableye has Mega Evolved into Mega Sableye!
|move|p2a: Sableye|Will-O-Wisp|p1a: Magnetroll
|-status|p1a: Magnetroll|brn
|move|p1a: Magnetroll|Volt Switch|p2a: Sableye
|-crit|p2a: Sableye
|-damage|p2a: Sableye|138\/304
|
|switch|p1a: Whimsitroll|Whimsicott, M|323\/323
|
|turn|2
|
|switch|p2a: Talonflame|Talonflame, F|359\/359
|move|p1a: Whimsitroll|Leech Seed|p2a: Talonflame
|-start|p2a: Talonflame|move: Leech Seed
|
|-damage|p2a: Talonflame|315\/359|[from] Leech Seed|[of] p1a: Whimsitroll
|turn|3
|
|switch|p2a: Chesnaught|Chesnaught, M|380\/380
|switch|p1a: Magnetroll|Magnezone|281\/281 brn
|
|-damage|p1a: Magnetroll|246\/281 brn|[from] brn
|turn|4
|
|move|p1a: Magnetroll|Volt Switch|p2a: Chesnaught
|-resisted|p2a: Chesnaught
|-damage|p2a: Chesnaught|307\/380
|
|switch|p1a: Tenta|Tentacruel, M|363\/363
|move|p2a: Chesnaught|Spikes|p1a: Tenta
|-sidestart|p1: The Last Hero|Spikes
|
|-heal|p2a: Chesnaught|330\/380|[from] item: Leftovers
|turn|5
|
|switch|p2a: Sableye|Sableye-Mega, M|138\/304
|move|p1a: Tenta|Scald|p2a: Sableye
|-damage|p2a: Sableye|69\/304
|
|turn|6
|
|switch|p2a: Chansey|Chansey, F|642\/642
|move|p1a: Tenta|Scald|p2a: Chansey
|-damage|p2a: Chansey|600\/642
|
|turn|7
|
|move|p1a: Tenta|Rapid Spin|p2a: Chansey
|-crit|p2a: Chansey
|-damage|p2a: Chansey|576\/642
|-sideend|p1: The Last Hero|Spikes|[from] move: Rapid Spin|[of] p1a: Tenta
|move|p2a: Chansey|Toxic|p1a: Tenta
|-fail|p1a: Tenta
|
|turn|8
|
|switch|p1a: Hippo|Hippowdon, M|419\/419
|-weather|Sandstorm
|move|p2a: Chansey|Toxic|p1a: Hippo
|-status|p1a: Hippo|tox
|
|-weather|Sandstorm|[upkeep]
|-damage|p2a: Chansey|536\/642|[from] sandstorm
|-damage|p1a: Hippo|393\/419 tox|[from] psn
|turn|9
|
|switch|p2a: Talonflame|Talonflame, F|315\/359
|move|p1a: Hippo|Earthquake|p2a: Talonflame
|-immune|p2a: Talonflame|[msg]
|
|-weather|Sandstorm|[upkeep]
|-damage|p2a: Talonflame|293\/359|[from] sandstorm
|-heal|p2a: Talonflame|315\/359|[from] item: Leftovers
|-damage|p1a: Hippo|341\/419 tox|[from] psn
|turn|10
|
|move|p2a: Talonflame|Taunt|p1a: Hippo
|-start|p1a: Hippo|move: Taunt
|move|p1a: Hippo|Rock Slide|p2a: Talonflame
|-supereffective|p2a: Talonflame
|-damage|p2a: Talonflame|0 fnt
|faint|p2a: Talonflame
|
|-weather|Sandstorm|[upkeep]
|-damage|p1a: Hippo|263\/419 tox|[from] psn
|
|switch|p2a: Sableye|Sableye-Mega, M|69\/304
|turn|11
|
|move|p1a: Hippo|Earthquake|p2a: Sableye
|-damage|p2a: Sableye|0 fnt
|faint|p2a: Sableye
|
|-weather|Sandstorm|[upkeep]
|-damage|p1a: Hippo|159\/419 tox|[from] psn
|
|switch|p2a: Chesnaught|Chesnaught, M|330\/380
|turn|12
|
|switch|p1a: Tenta|Tentacruel, M|363\/363
|move|p2a: Chesnaught|Drain Punch|p1a: Tenta
|-crit|p1a: Tenta
|-resisted|p1a: Tenta
|-damage|p1a: Tenta|297\/363
|-damage|p2a: Chesnaught|297\/380|[from] ability: Liquid Ooze|[of] p1a: Tenta
|
|-weather|Sandstorm|[upkeep]
|-damage|p1a: Tenta|275\/363|[from] sandstorm
|-damage|p2a: Chesnaught|274\/380|[from] sandstorm
|-heal|p1a: Tenta|297\/363|[from] item: Black Sludge
|-heal|p2a: Chesnaught|297\/380|[from] item: Leftovers
|turn|13
|c|âDio Povero|missplayed a lot
|
|switch|p2a: Chansey|Chansey, F|536\/642
|move|p1a: Tenta|Scald|p2a: Chansey
|-damage|p2a: Chansey|496\/642
|
|-weather|Sandstorm|[upkeep]
|-damage|p1a: Tenta|275\/363|[from] sandstorm
|-damage|p2a: Chansey|456\/642|[from] sandstorm
|-heal|p1a: Tenta|297\/363|[from] item: Black Sludge
|turn|14
|
|move|p1a: Tenta|Scald|p2a: Chansey
|-damage|p2a: Chansey|413\/642
|move|p2a: Chansey|Seismic Toss|p1a: Tenta
|-damage|p1a: Tenta|197\/363
|
|-weather|Sandstorm|[upkeep]
|-damage|p1a: Tenta|175\/363|[from] sandstorm
|-damage|p2a: Chansey|373\/642|[from] sandstorm
|-heal|p1a: Tenta|197\/363|[from] item: Black Sludge
|turn|15
|
|switch|p1a: Whimsitroll|Whimsicott, M|323\/323
|move|p2a: Chansey|Seismic Toss|p1a: Whimsitroll
|-damage|p1a: Whimsitroll|223\/323
|
|-weather|none
|-heal|p1a: Whimsitroll|243\/323|[from] item: Leftovers
|turn|16
|
|switch|p2a: Chesnaught|Chesnaught, M|297\/380
|move|p1a: Whimsitroll|Encore|p2a: Chesnaught
|-fail|p2a: Chesnaught
|
|-heal|p1a: Whimsitroll|263\/323|[from] item: Leftovers
|-heal|p2a: Chesnaught|320\/380|[from] item: Leftovers
|turn|17
|
|move|p1a: Whimsitroll|Moonblast|p2a: Chesnaught
|-supereffective|p2a: Chesnaught
|-damage|p2a: Chesnaught|90\/380
|move|p2a: Chesnaught|Spikes|p1a: Whimsitroll
|-sidestart|p1: The Last Hero|Spikes
|
|-heal|p1a: Whimsitroll|283\/323|[from] item: Leftovers
|-heal|p2a: Chesnaught|113\/380|[from] item: Leftovers
|turn|18
|
|switch|p2a: Alomomola|Alomomola, F|500\/500
|move|p1a: Whimsitroll|Leech Seed|p2a: Alomomola
|-start|p2a: Alomomola|move: Leech Seed
|
|-heal|p1a: Whimsitroll|303\/323|[from] item: Leftovers
|-damage|p2a: Alomomola|438\/500|[from] Leech Seed|[of] p1a: Whimsitroll
|-heal|p1a: Whimsitroll|323\/323|[silent]
|turn|19
|
|switch|p1a: Tenta|Tentacruel, M|197\/363
|-damage|p1a: Tenta|152\/363|[from] Spikes
|move|p2a: Alomomola|Wish|p2a: Alomomola
|
|-heal|p1a: Tenta|174\/363|[from] item: Black Sludge
|-damage|p2a: Alomomola|376\/500|[from] Leech Seed|[of] p1a: Tenta
|-heal|p1a: Tenta|236\/363|[silent]
|turn|20
|
|switch|p2a: Chesnaught|Chesnaught, M|113\/380
|move|p1a: Tenta|Scald|p2a: Chesnaught
|-resisted|p2a: Chesnaught
|-damage|p2a: Chesnaught|65\/380
|
|-heal|p2a: Chesnaught|315\/380|[from] move: Wish|[wisher] Alomomola
|-heal|p1a: Tenta|258\/363|[from] item: Black Sludge
|-heal|p2a: Chesnaught|338\/380|[from] item: Leftovers
|turn|21
|
|switch|p2a: Chansey|Chansey, F|373\/642
|move|p1a: Tenta|Scald|p2a: Chansey
|-damage|p2a: Chansey|334\/642
|
|-heal|p1a: Tenta|280\/363|[from] item: Black Sludge
|turn|22
|
|move|p1a: Tenta|Rapid Spin|p2a: Chansey
|-damage|p2a: Chansey|320\/642
|-sideend|p1: The Last Hero|Spikes|[from] move: Rapid Spin|[of] p1a: Tenta
|move|p2a: Chansey|Seismic Toss|p1a: Tenta
|-damage|p1a: Tenta|180\/363
|
|-heal|p1a: Tenta|202\/363|[from] item: Black Sludge
|turn|23
|
|switch|p1a: Whimsitroll|Whimsicott, M|323\/323
|move|p2a: Chansey|Toxic|p1a: Whimsitroll
|-status|p1a: Whimsitroll|tox
|
|-damage|p1a: Whimsitroll|303\/323 tox|[from] psn
|turn|24
|
|switch|p1a: Magnetroll|Magnezone|246\/281 brn
|switch|p2a: Alomomola|Alomomola, F|500\/500
|
|-damage|p1a: Magnetroll|211\/281 brn|[from] brn
|turn|25
|
|move|p2a: Alomomola|Protect|p2a: Alomomola
|-singleturn|p2a: Alomomola|Protect
|move|p1a: Magnetroll|Volt Switch|p2a: Alomomola
|-activate|p2a: Alomomola|Protect
|
|-damage|p1a: Magnetroll|176\/281 brn|[from] brn
|turn|26
|
|move|p1a: Magnetroll|Volt Switch|p2a: Alomomola
|-supereffective|p2a: Alomomola
|-damage|p2a: Alomomola|240\/500
|
|switch|p1a: Hippo|Hippowdon, M|159\/419 tox
|-weather|Sandstorm
|move|p2a: Alomomola|Mirror Coat|p1a: Hippo
|-damage|p1a: Hippo|0 fnt
|faint|p1a: Hippo
|
|-weather|Sandstorm|[upkeep]
|-damage|p2a: Alomomola|209\/500|[from] sandstorm
|
|switch|p1a: Magnetroll|Magnezone|176\/281 brn
|turn|27
|
|move|p2a: Alomomola|Protect|p2a: Alomomola
|-singleturn|p2a: Alomomola|Protect
|move|p1a: Magnetroll|Volt Switch|p2a: Alomomola
|-activate|p2a: Alomomola|Protect
|
|-weather|Sandstorm|[upkeep]
|-damage|p2a: Alomomola|178\/500|[from] sandstorm
|-damage|p1a: Magnetroll|141\/281 brn|[from] brn
|turn|28
|
|switch|p2a: Chansey|Chansey, F|320\/642
|move|p1a: Magnetroll|Volt Switch|p2a: Chansey
|-damage|p2a: Chansey|256\/642
|
|switch|p1a: Rastreator|Stoutland, M|311\/311
|
|-weather|Sandstorm|[upkeep]
|-damage|p2a: Chansey|216\/642|[from] sandstorm
|turn|29
|
|switch|p2a: Chesnaught|Chesnaught, M|338\/380
|move|p1a: Rastreator|Return|p2a: Chesnaught
|-damage|p2a: Chesnaught|176\/380
|
|-weather|Sandstorm|[upkeep]
|-damage|p2a: Chesnaught|153\/380|[from] sandstorm
|-heal|p2a: Chesnaught|176\/380|[from] item: Leftovers
|turn|30
|
|switch|p1a: Tenta|Tentacruel, M|202\/363
|move|p2a: Chesnaught|Synthesis|p2a: Chesnaught
|-heal|p2a: Chesnaught|271\/380
|
|-weather|Sandstorm|[upkeep]
|-damage|p1a: Tenta|180\/363|[from] sandstorm
|-damage|p2a: Chesnaught|248\/380|[from] sandstorm
|-heal|p1a: Tenta|202\/363|[from] item: Black Sludge
|-heal|p2a: Chesnaught|271\/380|[from] item: Leftovers
|turn|31
|
|switch|p1a: Rastreator|Stoutland, M|311\/311
|switch|p2a: Chansey|Chansey, F|216\/642
|
|-weather|Sandstorm|[upkeep]
|-damage|p2a: Chansey|176\/642|[from] sandstorm
|turn|32
|
|switch|p2a: Skarmory|Skarmory, M|334\/334
|move|p1a: Rastreator|Return|p2a: Skarmory
|-crit|p2a: Skarmory
|-resisted|p2a: Skarmory
|-damage|p2a: Skarmory|211\/334
|
|-weather|Sandstorm|[upkeep]
|turn|33
|
|switch|p2a: Chansey|Chansey, F|176\/642
|move|p1a: Rastreator|Return|p2a: Chansey
|-damage|p2a: Chansey|0 fnt
|faint|p2a: Chansey
|
|-weather|none
|
|switch|p2a: Skarmory|Skarmory, M|211\/334
|turn|34
|
|switch|p1a: Magnetroll|Magnezone|141\/281 brn
|move|p2a: Skarmory|Roost|p2a: Skarmory
|-heal|p2a: Skarmory|334\/334
|
|-damage|p1a: Magnetroll|106\/281 brn|[from] brn
|turn|35
|
|switch|p2a: Chesnaught|Chesnaught, M|271\/380
|move|p1a: Magnetroll|Volt Switch|p2a: Chesnaught
|-resisted|p2a: Chesnaught
|-damage|p2a: Chesnaught|190\/380
|
|switch|p1a: Tenta|Tentacruel, M|202\/363
|
|-heal|p1a: Tenta|224\/363|[from] item: Black Sludge
|-heal|p2a: Chesnaught|213\/380|[from] item: Leftovers
|turn|36
|
|switch|p2a: Alomomola|Alomomola, F|344\/500
|move|p1a: Tenta|Scald|p2a: Alomomola
|-crit|p2a: Alomomola
|-resisted|p2a: Alomomola
|-damage|p2a: Alomomola|282\/500
|-status|p2a: Alomomola|brn
|
|-heal|p1a: Tenta|246\/363|[from] item: Black Sludge
|-damage|p2a: Alomomola|220\/500 brn|[from] brn
|turn|37
|
|switch|p1a: Rastreator|Stoutland, M|311\/311
|move|p2a: Alomomola|Wish|p2a: Alomomola
|
|-damage|p2a: Alomomola|158\/500 brn|[from] brn
|turn|38
|
|move|p2a: Alomomola|Protect|p2a: Alomomola
|-singleturn|p2a: Alomomola|Protect
|move|p1a: Rastreator|Return|p2a: Alomomola
|-activate|p2a: Alomomola|Protect
|
|-heal|p2a: Alomomola|408\/500 brn|[from] move: Wish|[wisher] Alomomola
|-damage|p2a: Alomomola|346\/500 brn|[from] brn
|turn|39
|
|switch|p1a: Aero|Aerodactyl, M|305\/305
|-ability|p1a: Aero|Pressure
|move|p2a: Alomomola|Wish|p2a: Alomomola
|
|-damage|p2a: Alomomola|284\/500 brn|[from] brn
|turn|40
|
|switch|p1a: Tenta|Tentacruel, M|246\/363
|move|p2a: Alomomola|Toxic|p1a: Tenta
|-fail|p1a: Tenta
|
|-heal|p2a: Alomomola|500\/500 brn|[from] move: Wish|[wisher] Alomomola
|-heal|p1a: Tenta|268\/363|[from] item: Black Sludge
|-damage|p2a: Alomomola|438\/500 brn|[from] brn
|turn|41
|
|switch|p1a: Whimsitroll|Whimsicott, M|303\/323 tox
|move|p2a: Alomomola|Mirror Coat|p1a: Whimsitroll
|-fail|p1a: Whimsitroll
|
|-heal|p1a: Whimsitroll|323\/323 tox|[from] item: Leftovers
|-damage|p1a: Whimsitroll|303\/323 tox|[from] psn
|-damage|p2a: Alomomola|376\/500 brn|[from] brn
|turn|42
|
|switch|p2a: Chesnaught|Chesnaught, M|213\/380
|move|p1a: Whimsitroll|Knock Off|p2a: Chesnaught
|-resisted|p2a: Chesnaught
|-damage|p2a: Chesnaught|199\/380
|-enditem|p2a: Chesnaught|Leftovers|[from] move: Knock Off|[of] p1a: Whimsitroll
|
|-heal|p1a: Whimsitroll|323\/323 tox|[from] item: Leftovers
|-damage|p1a: Whimsitroll|283\/323 tox|[from] psn
|turn|43
|
|switch|p2a: Skarmory|Skarmory, M|334\/334
|move|p1a: Whimsitroll|Knock Off|p2a: Skarmory
|-damage|p2a: Skarmory|308\/334
|-enditem|p2a: Skarmory|Shed Shell|[from] move: Knock Off|[of] p1a: Whimsitroll
|
|-heal|p1a: Whimsitroll|303\/323 tox|[from] item: Leftovers
|-damage|p1a: Whimsitroll|243\/323 tox|[from] psn
|turn|44
|c|âDio Povero|gg
|-message|Dio Povero forfeited.
|
|win|The Last Hero
|raw|Ladder updating...
|raw|The Last Hero's rating: 1733 &rarr; <strong>1748<\/strong><br \/>(+15 for winning)
|raw|Dio Povero's rating: 1646 &rarr; <strong>1630<\/strong><br \/>(-16 for losing)
|leave|Dio Povero
|player|p2