|join|vrille
|join|The Last Hero
|player|p1|vrille|268
|player|p2|The Last Hero|54
|gametype|singles
|gen|6
|tier|OU
|rated
|clearpoke
|poke|p1|Lopunny, M
|poke|p1|Diggersby, M
|poke|p1|Rotom-Wash
|poke|p1|Victini
|poke|p1|Gardevoir, F
|poke|p1|Ferrothorn, F
|poke|p2|Pidgeot, M
|poke|p2|Rhyperior, M
|poke|p2|Tentacruel, M
|poke|p2|Rotom-Mow
|poke|p2|Scizor, M
|poke|p2|Mienshao, M
|rule|Swagger Clause: Swagger is banned
|rule|Baton Pass Clause: Limit one PokÃ©mon knowing Baton Pass
|rule|Sleep Clause Mod: Limit one foe put to sleep
|rule|Species Clause: Limit one of each PokÃ©mon
|rule|OHKO Clause: OHKO moves are banned
|rule|Moody Clause: Moody is banned
|rule|Evasion Moves Clause: Evasion moves are banned
|rule|Endless Battle Clause: Forcing endless battles is banned
|rule|HP Percentage Mod: HP is shown in percentages
|teampreview
|
|start
|switch|p1a: Rotom-Wash|Rotom-Wash|291\/291
|switch|p2a: Mien00b|Mienshao, M|271\/271
|turn|1
|
|move|p2a: Mien00b|Fake Out|p1a: Rotom-Wash
|-crit|p1a: Rotom-Wash
|-damage|p1a: Rotom-Wash|226\/291
|-damage|p2a: Mien00b|244\/271|[from] item: Life Orb
|cant|p1a: Rotom-Wash|flinch
|
|-heal|p1a: Rotom-Wash|244\/291|[from] item: Leftovers
|turn|2
|
|move|p2a: Mien00b|U-turn|p1a: Rotom-Wash
|-damage|p1a: Rotom-Wash|178\/291
|-damage|p2a: Mien00b|217\/271|[from] item: Life Orb
|
|switch|p2a: Cortacabezas|Rotom-Mow|241\/241
|move|p1a: Rotom-Wash|Will-O-Wisp|p2a: Cortacabezas
|-status|p2a: Cortacabezas|brn
|
|-heal|p1a: Rotom-Wash|196\/291|[from] item: Leftovers
|-damage|p2a: Cortacabezas|211\/241 brn|[from] brn
|turn|3
|
|switch|p1a: Victini|Victini|403\/403
|move|p2a: Cortacabezas|Volt Switch|p1a: Victini
|-damage|p1a: Victini|300\/403
|
|switch|p2a: Hax BIRD|Pidgeot, M|307\/307
|
|-heal|p1a: Victini|325\/403|[from] item: Leftovers
|turn|4
|
|detailschange|p2a: Hax BIRD|Pidgeot-Mega, M
|-mega|p2a: Hax BIRD|Pidgeot|Pidgeotite
|move|p2a: Hax BIRD|U-turn|p1a: Victini
|-damage|p1a: Victini|295\/403
|
|switch|p2a: Rhyno|Rhyperior, M|371\/371
|move|p1a: Victini|Toxic|p2a: Rhyno
|-status|p2a: Rhyno|tox
|
|-heal|p1a: Victini|320\/403|[from] item: Leftovers
|-damage|p2a: Rhyno|348\/371 tox|[from] psn
|turn|5
|
|switch|p2a: Mien00b|Mienshao, M|271\/271
|move|p1a: Victini|Taunt|p2a: Mien00b
|-start|p2a: Mien00b|move: Taunt
|
|-heal|p1a: Victini|345\/403|[from] item: Leftovers
|turn|6
|
|move|p2a: Mien00b|Fake Out|p1a: Victini
|-damage|p1a: Victini|298\/403
|-damage|p2a: Mien00b|244\/271|[from] item: Life Orb
|cant|p1a: Victini|flinch
|
|-heal|p1a: Victini|323\/403|[from] item: Leftovers
|turn|7
|
|move|p2a: Mien00b|Knock Off|p1a: Victini
|-supereffective|p1a: Victini
|-damage|p1a: Victini|94\/403
|-enditem|p1a: Victini|Leftovers|[from] move: Knock Off|[of] p2a: Mien00b
|-damage|p2a: Mien00b|217\/271|[from] item: Life Orb
|move|p1a: Victini|U-turn|p2a: Mien00b
|-crit|p2a: Mien00b
|-resisted|p2a: Mien00b
|-damage|p2a: Mien00b|165\/271
|
|switch|p1a: Gardevoir|Gardevoir, F|277\/277
|-ability|p1a: Gardevoir|Regenerator|[from] ability: Trace|[of] p2a: Mien00b
|
|turn|8
|
|switch|p2a: Mr. Recortes|Scizor, M|343\/343
|move|p1a: Gardevoir|Focus Blast|p2a: Mr. Recortes
|-damage|p2a: Mr. Recortes|175\/343
|
|turn|9
|
|switch|p1a: Victini|Victini|94\/403
|move|p2a: Mr. Recortes|U-turn|p1a: Victini
|-damage|p1a: Victini|0 fnt
|faint|p1a: Victini
|
|switch|p2a: Mien00b|Mienshao, M|255\/271
|
|
|switch|p1a: Gardevoir|Gardevoir, F|277\/277
|-ability|p1a: Gardevoir|Regenerator|[from] ability: Trace|[of] p2a: Mien00b
|turn|10
|
|move|p2a: Mien00b|Fake Out|p1a: Gardevoir
|-damage|p1a: Gardevoir|187\/277
|-damage|p2a: Mien00b|228\/271|[from] item: Life Orb
|cant|p1a: Gardevoir|flinch
|
|turn|11
|
|switch|p2a: Rhyno|Rhyperior, M|348\/371 tox
|move|p1a: Gardevoir|Psyshock|p2a: Rhyno
|-damage|p2a: Rhyno|240\/371 tox
|
|-damage|p2a: Rhyno|217\/371 tox|[from] psn
|turn|12
|
|switch|p1a: Ferrothorn|Ferrothorn, F|351\/351
|move|p2a: Rhyno|Rock Blast|p1a: Ferrothorn
|-resisted|p1a: Ferrothorn
|-damage|p1a: Ferrothorn|334\/351
|-resisted|p1a: Ferrothorn
|-damage|p1a: Ferrothorn|317\/351
|-crit|p1a: Ferrothorn
|-resisted|p1a: Ferrothorn
|-damage|p1a: Ferrothorn|290\/351
|-hitcount|p1a: Ferrothorn|3
|
|-heal|p1a: Ferrothorn|311\/351|[from] item: Leftovers
|-damage|p2a: Rhyno|171\/371 tox|[from] psn
|turn|13
|
|switch|p2a: Tenta|Tentacruel, M|361\/361
|move|p1a: Ferrothorn|Stealth Rock|p2a: Tenta
|-sidestart|p2: The Last Hero|move: Stealth Rock
|
|-heal|p1a: Ferrothorn|332\/351|[from] item: Leftovers
|turn|14
|
|switch|p1a: Diggersby|Diggersby, M|327\/327
|move|p2a: Tenta|Scald|p1a: Diggersby
|-supereffective|p1a: Diggersby
|-damage|p1a: Diggersby|129\/327
|
|turn|15
|
|move|p2a: Tenta|Scald|p1a: Diggersby
|-supereffective|p1a: Diggersby
|-damage|p1a: Diggersby|0 fnt
|faint|p1a: Diggersby
|
|
|switch|p1a: Rotom-Wash|Rotom-Wash|196\/291
|turn|16
|
|move|p2a: Tenta|Rapid Spin|p1a: Rotom-Wash
|-crit|p1a: Rotom-Wash
|-damage|p1a: Rotom-Wash|185\/291
|-sideend|p2: The Last Hero|Stealth Rock|[from] move: Rapid Spin|[of] p2a: Tenta
|move|p1a: Rotom-Wash|Volt Switch|p2a: Tenta
|-supereffective|p2a: Tenta
|-damage|p2a: Tenta|215\/361
|
|switch|p1a: Lopunny|Lopunny, M|271\/271
|
|-heal|p2a: Tenta|237\/361|[from] item: Black Sludge
|turn|17
|
|detailschange|p1a: Lopunny|Lopunny-Mega, M
|-mega|p1a: Lopunny|Lopunny|Lopunnite
|move|p1a: Lopunny|Fake Out|p2a: Tenta
|-damage|p2a: Tenta|167\/361
|cant|p2a: Tenta|flinch
|
|-heal|p2a: Tenta|189\/361|[from] item: Black Sludge
|turn|18
|
|move|p1a: Lopunny|Return|p2a: Tenta
|-damage|p2a: Tenta|18\/361
|move|p2a: Tenta|Scald|p1a: Lopunny
|-damage|p1a: Lopunny|195\/271
|
|-heal|p2a: Tenta|40\/361|[from] item: Black Sludge
|turn|19
|
|move|p1a: Lopunny|Return|p2a: Tenta
|-damage|p2a: Tenta|0 fnt
|faint|p2a: Tenta
|
|
|switch|p2a: Cortacabezas|Rotom-Mow|211\/241 brn
|turn|20
|
|switch|p1a: Ferrothorn|Ferrothorn, F|332\/351
|move|p2a: Cortacabezas|Volt Switch|p1a: Ferrothorn
|-resisted|p1a: Ferrothorn
|-damage|p1a: Ferrothorn|292\/351
|
|switch|p2a: Hax BIRD|Pidgeot-Mega, M|307\/307
|
|-heal|p1a: Ferrothorn|313\/351|[from] item: Leftovers
|turn|21
|
|switch|p1a: Rotom-Wash|Rotom-Wash|185\/291
|move|p2a: Hax BIRD|Heat Wave|p1a: Rotom-Wash
|-crit|p1a: Rotom-Wash
|-resisted|p1a: Rotom-Wash
|-damage|p1a: Rotom-Wash|99\/291
|
|-heal|p1a: Rotom-Wash|117\/291|[from] item: Leftovers
|turn|22
|
|move|p2a: Hax BIRD|U-turn|p1a: Rotom-Wash
|-damage|p1a: Rotom-Wash|86\/291
|
|switch|p2a: Cortacabezas|Rotom-Mow|211\/241 brn
|move|p1a: Rotom-Wash|Pain Split|p2a: Cortacabezas
|-sethp|p2a: Cortacabezas|148\/241 brn|p1a: Rotom-Wash|148\/291|[from] move: Pain Split
|
|-heal|p1a: Rotom-Wash|166\/291|[from] item: Leftovers
|-damage|p2a: Cortacabezas|118\/241 brn|[from] brn
|turn|23
|
|switch|p1a: Ferrothorn|Ferrothorn, F|313\/351
|move|p2a: Cortacabezas|Volt Switch|p1a: Ferrothorn
|-resisted|p1a: Ferrothorn
|-damage|p1a: Ferrothorn|270\/351
|
|switch|p2a: Mien00b|Mienshao, M|271\/271
|
|-heal|p1a: Ferrothorn|291\/351|[from] item: Leftovers
|turn|24
|
|switch|p1a: Gardevoir|Gardevoir, F|277\/277
|-ability|p1a: Gardevoir|Regenerator|[from] ability: Trace|[of] p2a: Mien00b
|move|p2a: Mien00b|Knock Off|p1a: Gardevoir
|-damage|p1a: Gardevoir|86\/277
|-enditem|p1a: Gardevoir|Choice Scarf|[from] move: Knock Off|[of] p2a: Mien00b
|-damage|p2a: Mien00b|244\/271|[from] item: Life Orb
|
|turn|25
|
|move|p2a: Mien00b|U-turn|p1a: Gardevoir
|-damage|p1a: Gardevoir|0 fnt
|-damage|p2a: Mien00b|217\/271|[from] item: Life Orb
|faint|p1a: Gardevoir
|
|switch|p2a: Hax BIRD|Pidgeot-Mega, M|307\/307
|
|
|switch|p1a: Rotom-Wash|Rotom-Wash|166\/291
|turn|26
|
|move|p2a: Hax BIRD|Hyper Beam|p1a: Rotom-Wash
|-damage|p1a: Rotom-Wash|0 fnt
|faint|p1a: Rotom-Wash
|
|
|switch|p1a: Ferrothorn|Ferrothorn, F|291\/351
|turn|27
|
|cant|p2a: Hax BIRD|recharge
|move|p1a: Ferrothorn|Stealth Rock|p2a: Hax BIRD
|-sidestart|p2: The Last Hero|move: Stealth Rock
|
|-heal|p1a: Ferrothorn|312\/351|[from] item: Leftovers
|turn|28
|
|move|p2a: Hax BIRD|Hurricane|p1a: Ferrothorn
|-damage|p1a: Ferrothorn|170\/351
|move|p1a: Ferrothorn|Leech Seed|p2a: Hax BIRD
|-start|p2a: Hax BIRD|move: Leech Seed
|
|-heal|p1a: Ferrothorn|191\/351|[from] item: Leftovers
|-damage|p2a: Hax BIRD|269\/307|[from] Leech Seed|[of] p1a: Ferrothorn
|-heal|p1a: Ferrothorn|229\/351|[silent]
|turn|29
|
|move|p2a: Hax BIRD|Hurricane|p1a: Ferrothorn
|-damage|p1a: Ferrothorn|78\/351
|-start|p1a: Ferrothorn|confusion
|-activate|p1a: Ferrothorn|confusion
|-damage|p1a: Ferrothorn|59\/351|[from] confusion
|
|-heal|p1a: Ferrothorn|80\/351|[from] item: Leftovers
|-damage|p2a: Hax BIRD|231\/307|[from] Leech Seed|[of] p1a: Ferrothorn
|-heal|p1a: Ferrothorn|118\/351|[silent]
|turn|30
|
|move|p2a: Hax BIRD|Hurricane|p1a: Ferrothorn
|-crit|p1a: Ferrothorn
|-damage|p1a: Ferrothorn|0 fnt
|faint|p1a: Ferrothorn
|
|
|switch|p1a: Lopunny|Lopunny-Mega, M|195\/271
|turn|31
|
|move|p1a: Lopunny|Fake Out|p2a: Hax BIRD
|-damage|p2a: Hax BIRD|143\/307
|cant|p2a: Hax BIRD|flinch
|
|-damage|p2a: Hax BIRD|105\/307|[from] Leech Seed|[of] p1a: Lopunny
|-heal|p1a: Lopunny|233\/271|[silent]
|turn|32
|
|move|p1a: Lopunny|Return|p2a: Hax BIRD
|-damage|p2a: Hax BIRD|0 fnt
|faint|p2a: Hax BIRD
|
|
|switch|p2a: Cortacabezas|Rotom-Mow|118\/241 brn
|-damage|p2a: Cortacabezas|88\/241 brn|[from] Stealth Rock
|turn|33
|
|move|p2a: Cortacabezas|Thunderbolt|p1a: Lopunny
|-damage|p1a: Lopunny|86\/271
|move|p1a: Lopunny|Power-Up Punch|p2a: Cortacabezas
|-damage|p2a: Cortacabezas|13\/241 brn
|-boost|p1a: Lopunny|atk|1
|
|-damage|p2a: Cortacabezas|0 fnt|[from] brn
|faint|p2a: Cortacabezas
|
|switch|p2a: Mr. Recortes|Scizor, M|175\/343
|-damage|p2a: Mr. Recortes|133\/343|[from] Stealth Rock
|turn|34
|
|move|p2a: Mr. Recortes|Bullet Punch|p1a: Lopunny
|-crit|p1a: Lopunny
|-damage|p1a: Lopunny|0 fnt
|faint|p1a: Lopunny
|
|win|The Last Hero
|raw|Ladder updating...
|raw|vrille's rating: 1737 &rarr; <strong>1717<\/strong><br \/>(-20 for losing)
|raw|The Last Hero's rating: 1733 &rarr; <strong>1754<\/strong><br \/>(+21 for winning)
|leave|vrille
|player|p1