|join|The Last Hero
|join|Guilas Law
|player|p1|The Last Hero|54
|player|p2|Guilas Law|290
|gametype|singles
|gen|6
|tier|OU
|rated
|clearpoke
|poke|p1|Pidgeot, M
|poke|p1|Rhyperior, M
|poke|p1|Tentacruel, M
|poke|p1|Rotom-Mow
|poke|p1|Scizor, M
|poke|p1|Mienshao, M
|poke|p2|Altaria, M
|poke|p2|Magnezone
|poke|p2|Ferrothorn, M
|poke|p2|Hippowdon, M
|poke|p2|Latias, F
|poke|p2|Keldeo
|rule|Swagger Clause: Swagger is banned
|rule|Baton Pass Clause: Limit one PokÃ©mon knowing Baton Pass
|rule|Sleep Clause Mod: Limit one foe put to sleep
|rule|Species Clause: Limit one of each PokÃ©mon
|rule|OHKO Clause: OHKO moves are banned
|rule|Moody Clause: Moody is banned
|rule|Evasion Moves Clause: Evasion moves are banned
|rule|Endless Battle Clause: Forcing endless battles is banned
|rule|HP Percentage Mod: HP is shown in percentages
|teampreview
|
|start
|switch|p1a: Hax BIRD|Pidgeot, M|307\/307
|switch|p2a: Keldeo|Keldeo|323\/323
|turn|1
|
|switch|p2a: Magnezone|Magnezone|281\/281
|switch|p1a: Tenta|Tentacruel, M|361\/361
|
|turn|2
|
|switch|p1a: Rhyno|Rhyperior, M|371\/371
|move|p2a: Magnezone|Volt Switch|p1a: Rhyno
|-immune|p1a: Rhyno|[msg]
|
|turn|3
|
|switch|p2a: Hippowdon|Hippowdon, M|419\/419
|-weather|Sandstorm
|switch|p1a: Hax BIRD|Pidgeot, M|307\/307
|
|-weather|Sandstorm|[upkeep]
|-damage|p1a: Hax BIRD|288\/307|[from] sandstorm
|turn|4
|
|detailschange|p1a: Hax BIRD|Pidgeot-Mega, M
|-mega|p1a: Hax BIRD|Pidgeot|Pidgeotite
|move|p1a: Hax BIRD|Hurricane|p2a: Hippowdon
|-damage|p2a: Hippowdon|173\/419
|-start|p2a: Hippowdon|confusion
|-activate|p2a: Hippowdon|confusion
|move|p2a: Hippowdon|Stone Edge|p1a: Hax BIRD
|-supereffective|p1a: Hax BIRD
|-damage|p1a: Hax BIRD|78\/307
|
|-weather|Sandstorm|[upkeep]
|-damage|p1a: Hax BIRD|59\/307|[from] sandstorm
|-heal|p2a: Hippowdon|199\/419|[from] item: Leftovers
|turn|5
|
|switch|p2a: Magnezone|Magnezone|281\/281
|move|p1a: Hax BIRD|Hurricane|p2a: Magnezone
|-resisted|p2a: Magnezone
|-damage|p2a: Magnezone|226\/281
|
|-weather|Sandstorm|[upkeep]
|-damage|p1a: Hax BIRD|40\/307|[from] sandstorm
|turn|6
|
|move|p1a: Hax BIRD|Heat Wave|p2a: Magnezone
|-supereffective|p2a: Magnezone
|-damage|p2a: Magnezone|0 fnt
|faint|p2a: Magnezone
|
|-weather|Sandstorm|[upkeep]
|-damage|p1a: Hax BIRD|21\/307|[from] sandstorm
|
|switch|p2a: Altaria|Altaria, M|291\/291
|turn|7
|
|detailschange|p2a: Altaria|Altaria-Mega, M
|-mega|p2a: Altaria|Altaria|Altarianite
|move|p1a: Hax BIRD|Hurricane|p2a: Altaria
|-damage|p2a: Altaria|102\/291
|move|p2a: Altaria|Return|p1a: Hax BIRD
|-damage|p1a: Hax BIRD|0 fnt
|faint|p1a: Hax BIRD
|
|-weather|none
|
|switch|p1a: Mr. Recortes|Scizor, M|343\/343
|turn|8
|
|move|p2a: Altaria|Roost|p2a: Altaria
|-heal|p2a: Altaria|248\/291
|move|p1a: Mr. Recortes|U-turn|p2a: Altaria
|-resisted|p2a: Altaria
|-damage|p2a: Altaria|158\/291
|
|switch|p1a: Tenta|Tentacruel, M|361\/361
|
|turn|9
|
|switch|p2a: Latias|Latias, F|301\/301
|move|p1a: Tenta|Sludge Wave|p2a: Latias
|-damage|p2a: Latias|229\/301
|
|turn|10
|
|switch|p2a: Hippowdon|Hippowdon, M|199\/419
|-weather|Sandstorm
|switch|p1a: Mr. Recortes|Scizor, M|343\/343
|
|-weather|Sandstorm|[upkeep]
|-heal|p2a: Hippowdon|225\/419|[from] item: Leftovers
|turn|11
|
|move|p1a: Mr. Recortes|U-turn|p2a: Hippowdon
|-damage|p2a: Hippowdon|104\/419
|
|switch|p1a: Cortacabezas|Rotom-Mow|241\/241
|move|p2a: Hippowdon|Slack Off|p2a: Hippowdon
|-heal|p2a: Hippowdon|314\/419
|
|-weather|Sandstorm|[upkeep]
|-damage|p1a: Cortacabezas|226\/241|[from] sandstorm
|-heal|p2a: Hippowdon|340\/419|[from] item: Leftovers
|turn|12
|
|switch|p2a: Altaria|Altaria-Mega, M|158\/291
|move|p1a: Cortacabezas|Volt Switch|p2a: Altaria
|-resisted|p2a: Altaria
|-damage|p2a: Altaria|107\/291
|
|switch|p1a: Mr. Recortes|Scizor, M|343\/343
|
|-weather|Sandstorm|[upkeep]
|-damage|p2a: Altaria|89\/291|[from] sandstorm
|turn|13
|
|switch|p2a: Ferrothorn|Ferrothorn, M|351\/351
|move|p1a: Mr. Recortes|U-turn|p2a: Ferrothorn
|-damage|p2a: Ferrothorn|213\/351
|-damage|p1a: Mr. Recortes|301\/343|[from] ability: Iron Barbs|[of] p2a: Ferrothorn
|
|switch|p1a: Mien00b|Mienshao, M|271\/271
|
|-weather|Sandstorm|[upkeep]
|-damage|p1a: Mien00b|255\/271|[from] sandstorm
|-heal|p2a: Ferrothorn|234\/351|[from] item: Leftovers
|turn|14
|
|move|p2a: Ferrothorn|Protect|p2a: Ferrothorn
|-singleturn|p2a: Ferrothorn|Protect
|move|p1a: Mien00b|Knock Off|p2a: Ferrothorn
|-activate|p2a: Ferrothorn|Protect
|
|-weather|none
|-heal|p2a: Ferrothorn|255\/351|[from] item: Leftovers
|turn|15
|
|switch|p2a: Altaria|Altaria-Mega, M|89\/291
|move|p1a: Mien00b|High Jump Kick|p2a: Altaria
|-resisted|p2a: Altaria
|-damage|p2a: Altaria|0 fnt
|-damage|p1a: Mien00b|228\/271|[from] item: Life Orb
|faint|p2a: Altaria
|
|
|switch|p2a: Hippowdon|Hippowdon, M|340\/419
|-weather|Sandstorm
|turn|16
|
|move|p1a: Mien00b|Knock Off|p2a: Hippowdon
|-damage|p2a: Hippowdon|248\/419
|-enditem|p2a: Hippowdon|Leftovers|[from] move: Knock Off|[of] p1a: Mien00b
|-damage|p1a: Mien00b|201\/271|[from] item: Life Orb
|move|p2a: Hippowdon|Stealth Rock|p1a: Mien00b
|-sidestart|p1: The Last Hero|move: Stealth Rock
|
|-weather|Sandstorm|[upkeep]
|-damage|p1a: Mien00b|185\/271|[from] sandstorm
|turn|17
|
|move|p1a: Mien00b|U-turn|p2a: Hippowdon
|-damage|p2a: Hippowdon|182\/419
|-damage|p1a: Mien00b|158\/271|[from] item: Life Orb
|
|switch|p1a: Cortacabezas|Rotom-Mow|226\/241
|-damage|p1a: Cortacabezas|196\/241|[from] Stealth Rock
|move|p2a: Hippowdon|Slack Off|p2a: Hippowdon
|-heal|p2a: Hippowdon|392\/419
|
|-weather|Sandstorm|[upkeep]
|-damage|p1a: Cortacabezas|181\/241|[from] sandstorm
|turn|18
|
|switch|p2a: Latias|Latias, F|229\/301
|move|p1a: Cortacabezas|Volt Switch|p2a: Latias
|-resisted|p2a: Latias
|-damage|p2a: Latias|190\/301
|
|switch|p1a: Mr. Recortes|Scizor, M|301\/343
|-damage|p1a: Mr. Recortes|259\/343|[from] Stealth Rock
|
|-weather|Sandstorm|[upkeep]
|-damage|p2a: Latias|172\/301|[from] sandstorm
|turn|19
|
|move|p2a: Latias|Healing Wish|p2a: Latias
|faint|p2a: Latias
|move|p1a: Mr. Recortes|Pursuit|p2: Latias|[notarget]
|-notarget
|
|-weather|Sandstorm|[upkeep]
|
|switch|p2a: Keldeo|Keldeo|323\/323
|-heal|p2a: Keldeo|323\/323|[from] move: Healing Wish
|turn|20
|
|switch|p1a: Tenta|Tentacruel, M|361\/361
|-damage|p1a: Tenta|316\/361|[from] Stealth Rock
|move|p2a: Keldeo|Substitute|p2a: Keldeo
|-start|p2a: Keldeo|Substitute
|-damage|p2a: Keldeo|243\/323
|
|-weather|none
|-heal|p2a: Keldeo|263\/323|[from] item: Leftovers
|-heal|p1a: Tenta|338\/361|[from] item: Black Sludge
|turn|21
|
|move|p2a: Keldeo|Calm Mind|p2a: Keldeo
|-boost|p2a: Keldeo|spa|1
|-boost|p2a: Keldeo|spd|1
|move|p1a: Tenta|Sludge Wave|p2a: Keldeo
|-activate|p2a: Keldeo|Substitute|[damage]
|
|-heal|p2a: Keldeo|283\/323|[from] item: Leftovers
|-heal|p1a: Tenta|360\/361|[from] item: Black Sludge
|turn|22
|
|move|p2a: Keldeo|Calm Mind|p2a: Keldeo
|-boost|p2a: Keldeo|spa|1
|-boost|p2a: Keldeo|spd|1
|move|p1a: Tenta|Haze|p1a: Tenta
|-clearallboost
|
|-heal|p2a: Keldeo|303\/323|[from] item: Leftovers
|-heal|p1a: Tenta|361\/361|[from] item: Black Sludge
|turn|23
|c|âGuilas Law|xDD
|
|move|p2a: Keldeo|Scald|p1a: Tenta
|-resisted|p1a: Tenta
|-damage|p1a: Tenta|303\/361
|move|p1a: Tenta|Sludge Wave|p2a: Keldeo
|-end|p2a: Keldeo|Substitute
|
|-heal|p2a: Keldeo|323\/323|[from] item: Leftovers
|-heal|p1a: Tenta|325\/361|[from] item: Black Sludge
|turn|24
|
|switch|p1a: Cortacabezas|Rotom-Mow|181\/241
|-damage|p1a: Cortacabezas|151\/241|[from] Stealth Rock
|move|p2a: Keldeo|Substitute|p2a: Keldeo
|-start|p2a: Keldeo|Substitute
|-damage|p2a: Keldeo|243\/323
|
|-heal|p2a: Keldeo|263\/323|[from] item: Leftovers
|turn|25
|
|move|p1a: Cortacabezas|Volt Switch|p2a: Keldeo
|-supereffective|p2a: Keldeo
|-end|p2a: Keldeo|Substitute
|
|switch|p1a: Tenta|Tentacruel, M|325\/361
|-damage|p1a: Tenta|280\/361|[from] Stealth Rock
|move|p2a: Keldeo|Calm Mind|p2a: Keldeo
|-boost|p2a: Keldeo|spa|1
|-boost|p2a: Keldeo|spd|1
|
|-heal|p2a: Keldeo|283\/323|[from] item: Leftovers
|-heal|p1a: Tenta|302\/361|[from] item: Black Sludge
|turn|26
|
|move|p2a: Keldeo|Scald|p1a: Tenta
|-resisted|p1a: Tenta
|-damage|p1a: Tenta|205\/361
|move|p1a: Tenta|Haze|p1a: Tenta
|-clearallboost
|
|-heal|p2a: Keldeo|303\/323|[from] item: Leftovers
|-heal|p1a: Tenta|227\/361|[from] item: Black Sludge
|turn|27
|
|move|p2a: Keldeo|Substitute|p2a: Keldeo
|-start|p2a: Keldeo|Substitute
|-damage|p2a: Keldeo|223\/323
|move|p1a: Tenta|Sludge Wave|p2a: Keldeo
|-end|p2a: Keldeo|Substitute
|
|-heal|p2a: Keldeo|243\/323|[from] item: Leftovers
|-heal|p1a: Tenta|249\/361|[from] item: Black Sludge
|turn|28
|
|switch|p2a: Hippowdon|Hippowdon, M|392\/419
|-weather|Sandstorm
|move|p1a: Tenta|Sludge Wave|p2a: Hippowdon
|-resisted|p2a: Hippowdon
|-damage|p2a: Hippowdon|332\/419
|
|-weather|Sandstorm|[upkeep]
|-damage|p1a: Tenta|227\/361|[from] sandstorm
|-heal|p1a: Tenta|249\/361|[from] item: Black Sludge
|turn|29
|
|switch|p1a: Rhyno|Rhyperior, M|371\/371
|-damage|p1a: Rhyno|348\/371|[from] Stealth Rock
|move|p2a: Hippowdon|Earthquake|p1a: Rhyno
|-supereffective|p1a: Rhyno
|-damage|p1a: Rhyno|180\/371
|
|-weather|Sandstorm|[upkeep]
|turn|30
|
|switch|p2a: Ferrothorn|Ferrothorn, M|255\/351
|move|p1a: Rhyno|Ice Punch|p2a: Ferrothorn
|-damage|p2a: Ferrothorn|191\/351
|-damage|p1a: Rhyno|134\/371|[from] ability: Iron Barbs|[of] p2a: Ferrothorn
|
|-weather|Sandstorm|[upkeep]
|-heal|p2a: Ferrothorn|212\/351|[from] item: Leftovers
|turn|31
|
|move|p1a: Rhyno|Earthquake|p2a: Ferrothorn
|-damage|p2a: Ferrothorn|73\/351
|move|p2a: Ferrothorn|Leech Seed|p1a: Rhyno
|-start|p1a: Rhyno|move: Leech Seed
|
|-weather|Sandstorm|[upkeep]
|-heal|p2a: Ferrothorn|94\/351|[from] item: Leftovers
|-damage|p1a: Rhyno|88\/371|[from] Leech Seed|[of] p2a: Ferrothorn
|-heal|p2a: Ferrothorn|140\/351|[silent]
|turn|32
|
|switch|p2a: Hippowdon|Hippowdon, M|332\/419
|move|p1a: Rhyno|Earthquake|p2a: Hippowdon
|-damage|p2a: Hippowdon|206\/419
|
|-weather|none
|-damage|p1a: Rhyno|42\/371|[from] Leech Seed|[of] p2a: Hippowdon
|-heal|p2a: Hippowdon|252\/419|[silent]
|turn|33
|
|move|p2a: Hippowdon|Slack Off|p2a: Hippowdon
|-heal|p2a: Hippowdon|419\/419
|move|p1a: Rhyno|Ice Punch|p2a: Hippowdon
|-supereffective|p2a: Hippowdon
|-damage|p2a: Hippowdon|287\/419
|-status|p2a: Hippowdon|frz
|
|-damage|p1a: Rhyno|0 fnt|[from] Leech Seed|[of] p2a: Hippowdon
|-heal|p2a: Hippowdon|329\/419 frz|[silent]
|faint|p1a: Rhyno
|c|âGuilas Law|ofc
|
|switch|p1a: Mien00b|Mienshao, M|248\/271
|-damage|p1a: Mien00b|232\/271|[from] Stealth Rock
|turn|34
|
|switch|p2a: Ferrothorn|Ferrothorn, M|140\/351
|move|p1a: Mien00b|High Jump Kick|p2a: Ferrothorn|[miss]
|-miss|p1a: Mien00b|p2a: Ferrothorn
|-damage|p1a: Mien00b|97\/271|[from] highjumpkick
|
|-heal|p2a: Ferrothorn|161\/351|[from] item: Leftovers
|turn|35
|
|move|p1a: Mien00b|High Jump Kick|p2a: Ferrothorn
|-supereffective|p2a: Ferrothorn
|-damage|p2a: Ferrothorn|0 fnt
|-damage|p1a: Mien00b|64\/271|[from] ability: Iron Barbs|[of] p2a: Ferrothorn
|-damage|p1a: Mien00b|37\/271|[from] item: Life Orb
|faint|p2a: Ferrothorn
|
|
|switch|p2a: Hippowdon|Hippowdon, M|329\/419 frz
|-weather|Sandstorm
|turn|36
|
|move|p1a: Mien00b|High Jump Kick|p2a: Hippowdon
|-damage|p2a: Hippowdon|146\/419 frz
|-damage|p1a: Mien00b|10\/271|[from] item: Life Orb
|cant|p2a: Hippowdon|frz
|
|-weather|Sandstorm|[upkeep]
|-damage|p1a: Mien00b|0 fnt|[from] sandstorm
|faint|p1a: Mien00b
|
|switch|p1a: Tenta|Tentacruel, M|249\/361
|-damage|p1a: Tenta|204\/361|[from] Stealth Rock
|turn|37
|
|move|p1a: Tenta|Scald|p2a: Hippowdon
|-supereffective|p2a: Hippowdon
|-damage|p2a: Hippowdon|0 fnt
|faint|p2a: Hippowdon
|
|-weather|Sandstorm|[upkeep]
|-damage|p1a: Tenta|182\/361|[from] sandstorm
|-heal|p1a: Tenta|204\/361|[from] item: Black Sludge
|
|switch|p2a: Keldeo|Keldeo|243\/323
|turn|38
|
|move|p2a: Keldeo|Scald|p1a: Tenta
|-resisted|p1a: Tenta
|-damage|p1a: Tenta|141\/361
|-status|p1a: Tenta|brn
|move|p1a: Tenta|Sludge Wave|p2a: Keldeo
|-damage|p2a: Keldeo|146\/323
|
|-weather|Sandstorm|[upkeep]
|-damage|p2a: Keldeo|126\/323|[from] sandstorm
|-damage|p1a: Tenta|119\/361 brn|[from] sandstorm
|-heal|p2a: Keldeo|146\/323|[from] item: Leftovers
|-heal|p1a: Tenta|141\/361 brn|[from] item: Black Sludge
|-damage|p1a: Tenta|96\/361 brn|[from] brn
|turn|39
|
|move|p2a: Keldeo|Calm Mind|p2a: Keldeo
|-boost|p2a: Keldeo|spa|1
|-boost|p2a: Keldeo|spd|1
|move|p1a: Tenta|Sludge Wave|p2a: Keldeo
|-damage|p2a: Keldeo|79\/323
|
|-weather|Sandstorm|[upkeep]
|-damage|p2a: Keldeo|59\/323|[from] sandstorm
|-damage|p1a: Tenta|74\/361 brn|[from] sandstorm
|-heal|p2a: Keldeo|79\/323|[from] item: Leftovers
|-heal|p1a: Tenta|96\/361 brn|[from] item: Black Sludge
|-damage|p1a: Tenta|51\/361 brn|[from] brn
|turn|40
|
|move|p2a: Keldeo|Secret Sword|p1a: Tenta
|-resisted|p1a: Tenta
|-damage|p1a: Tenta|0 fnt
|faint|p1a: Tenta
|
|-weather|none
|-heal|p2a: Keldeo|99\/323|[from] item: Leftovers
|
|switch|p1a: Cortacabezas|Rotom-Mow|151\/241
|-damage|p1a: Cortacabezas|121\/241|[from] Stealth Rock
|turn|41
|
|move|p1a: Cortacabezas|Thunderbolt|p2a: Keldeo
|-supereffective|p2a: Keldeo
|-damage|p2a: Keldeo|0 fnt
|faint|p2a: Keldeo
|
|win|The Last Hero
|raw|Ladder updating...
|raw|The Last Hero's rating: 1777 &rarr; <strong>1784<\/strong><br \/>(+7 for winning)
|raw|Guilas Law's rating: 1507 &rarr; <strong>1500<\/strong><br \/>(-7 for losing)
|leave|Guilas Law
|player|p2