|join|The Last Hero
|join|mortsith
|player|p1|The Last Hero|54
|player|p2|mortsith|101
|gametype|singles
|gen|6
|tier|OU
|rated
|clearpoke
|poke|p1|Pidgeot, M
|poke|p1|Rhyperior, M
|poke|p1|Tentacruel, M
|poke|p1|Rotom-Mow
|poke|p1|Scizor, M
|poke|p1|Mienshao, M
|poke|p2|Volcarona, F
|poke|p2|Togekiss, M
|poke|p2|Ferrothorn, F
|poke|p2|Kyurem-Black
|poke|p2|Tentacruel, F
|poke|p2|Lopunny, M
|rule|Swagger Clause: Swagger is banned
|rule|Baton Pass Clause: Limit one PokÃ©mon knowing Baton Pass
|rule|Sleep Clause Mod: Limit one foe put to sleep
|rule|Species Clause: Limit one of each PokÃ©mon
|rule|OHKO Clause: OHKO moves are banned
|rule|Moody Clause: Moody is banned
|rule|Evasion Moves Clause: Evasion moves are banned
|rule|Endless Battle Clause: Forcing endless battles is banned
|rule|HP Percentage Mod: HP is shown in percentages
|teampreview
|
|start
|switch|p1a: Mien00b|Mienshao, M|271\/271
|switch|p2a: Lopunny|Lopunny, M|271\/271
|turn|1
|
|detailschange|p2a: Lopunny|Lopunny-Mega, M
|-mega|p2a: Lopunny|Lopunny|Lopunnite
|move|p1a: Mien00b|Fake Out|p2a: Lopunny
|-crit|p2a: Lopunny
|-damage|p2a: Lopunny|180\/271
|-damage|p1a: Mien00b|244\/271|[from] item: Life Orb
|cant|p2a: Lopunny|flinch
|
|turn|2
|
|switch|p1a: Tenta|Tentacruel, M|361\/361
|move|p2a: Lopunny|High Jump Kick|p1a: Tenta|[miss]
|-miss|p2a: Lopunny|p1a: Tenta
|-damage|p2a: Lopunny|45\/271|[from] highjumpkick
|
|turn|3
|
|switch|p1a: Mr. Recortes|Scizor, M|343\/343
|move|p2a: Lopunny|Return|p1a: Mr. Recortes
|-resisted|p1a: Mr. Recortes
|-damage|p1a: Mr. Recortes|242\/343
|
|turn|4
|
|switch|p2a: Ferrothorn|Ferrothorn, F|352\/352
|switch|p1a: Hax BIRD|Pidgeot, M|307\/307
|
|turn|5
|
|switch|p2a: Tentacruel|Tentacruel, F|364\/364
|detailschange|p1a: Hax BIRD|Pidgeot-Mega, M
|-mega|p1a: Hax BIRD|Pidgeot|Pidgeotite
|move|p1a: Hax BIRD|Hurricane|p2a: Tentacruel
|-damage|p2a: Tentacruel|283\/364
|
|turn|6
|
|move|p1a: Hax BIRD|U-turn|p2a: Tentacruel
|-resisted|p2a: Tentacruel
|-damage|p2a: Tentacruel|251\/364
|
|switch|p1a: Mien00b|Mienshao, M|271\/271
|move|p2a: Tentacruel|Knock Off|p1a: Mien00b
|-resisted|p1a: Mien00b
|-damage|p1a: Mien00b|228\/271
|-enditem|p1a: Mien00b|Life Orb|[from] move: Knock Off|[of] p2a: Tentacruel
|
|turn|7
|
|switch|p2a: Volcarona|Volcarona, F|311\/311
|move|p1a: Mien00b|Knock Off|p2a: Volcarona
|-damage|p2a: Volcarona|164\/311
|-enditem|p2a: Volcarona|Choice Specs|[from] move: Knock Off|[of] p1a: Mien00b
|
|turn|8
|
|switch|p1a: Tenta|Tentacruel, M|361\/361
|move|p2a: Volcarona|Fiery Dance|p1a: Tenta
|-resisted|p1a: Tenta
|-damage|p1a: Tenta|297\/361
|
|-heal|p1a: Tenta|319\/361|[from] item: Black Sludge
|turn|9
|
|switch|p2a: Kyurem-Black|Kyurem-Black|406\/406
|-ability|p2a: Kyurem-Black|Teravolt
|switch|p1a: Hax BIRD|Pidgeot-Mega, M|307\/307
|
|turn|10
|
|switch|p1a: Mr. Recortes|Scizor, M|242\/343
|move|p2a: Kyurem-Black|Ice Beam|p1a: Mr. Recortes
|-resisted|p1a: Mr. Recortes
|-damage|p1a: Mr. Recortes|144\/343
|
|turn|11
|
|move|p1a: Mr. Recortes|Pursuit|p2a: Kyurem-Black|[from]Pursuit
|-damage|p2a: Kyurem-Black|248\/406
|switch|p2a: Ferrothorn|Ferrothorn, F|352\/352
|
|turn|12
|
|switch|p1a: Tenta|Tentacruel, M|319\/361
|move|p2a: Ferrothorn|Leech Seed|p1a: Tenta
|-start|p1a: Tenta|move: Leech Seed
|
|-heal|p1a: Tenta|341\/361|[from] item: Black Sludge
|-damage|p1a: Tenta|296\/361|[from] Leech Seed|[of] p2a: Ferrothorn
|-damage|p2a: Ferrothorn|307\/352|[from] ability: Liquid Ooze|[of] p1a: Tenta
|turn|13
|
|move|p1a: Tenta|Scald|p2a: Ferrothorn
|-resisted|p2a: Ferrothorn
|-damage|p2a: Ferrothorn|271\/352
|move|p2a: Ferrothorn|Stealth Rock|p1a: Tenta
|-sidestart|p1: The Last Hero|move: Stealth Rock
|
|-heal|p1a: Tenta|318\/361|[from] item: Black Sludge
|-damage|p1a: Tenta|273\/361|[from] Leech Seed|[of] p2a: Ferrothorn
|-damage|p2a: Ferrothorn|226\/352|[from] ability: Liquid Ooze|[of] p1a: Tenta
|turn|14
|
|move|p1a: Tenta|Rapid Spin|p2a: Ferrothorn
|-resisted|p2a: Ferrothorn
|-damage|p2a: Ferrothorn|223\/352
|-damage|p1a: Tenta|228\/361|[from] ability: Iron Barbs|[of] p2a: Ferrothorn
|-damage|p1a: Tenta|168\/361|[from] item: Rocky Helmet|[of] p2a: Ferrothorn
|-end|p1a: Tenta|Leech Seed|[from] move: Rapid Spin|[of] p1a: Tenta
|-sideend|p1: The Last Hero|Stealth Rock|[from] move: Rapid Spin|[of] p1a: Tenta
|move|p2a: Ferrothorn|Gyro Ball|p1a: Tenta
|-resisted|p1a: Tenta
|-damage|p1a: Tenta|85\/361
|
|-heal|p1a: Tenta|107\/361|[from] item: Black Sludge
|turn|15
|
|move|p1a: Tenta|Scald|p2a: Ferrothorn
|-resisted|p2a: Ferrothorn
|-damage|p2a: Ferrothorn|191\/352
|move|p2a: Ferrothorn|Stealth Rock|p1a: Tenta
|-sidestart|p1: The Last Hero|move: Stealth Rock
|
|-heal|p1a: Tenta|129\/361|[from] item: Black Sludge
|turn|16
|
|move|p1a: Tenta|Scald|p2a: Ferrothorn
|-resisted|p2a: Ferrothorn
|-damage|p2a: Ferrothorn|158\/352
|move|p2a: Ferrothorn|Gyro Ball|p1a: Tenta
|-resisted|p1a: Tenta
|-damage|p1a: Tenta|47\/361
|
|-heal|p1a: Tenta|69\/361|[from] item: Black Sludge
|turn|17
|
|move|p1a: Tenta|Scald|p2a: Ferrothorn
|-resisted|p2a: Ferrothorn
|-damage|p2a: Ferrothorn|126\/352
|-status|p2a: Ferrothorn|brn
|move|p2a: Ferrothorn|Gyro Ball|p1a: Tenta
|-resisted|p1a: Tenta
|-damage|p1a: Tenta|33\/361
|
|-heal|p1a: Tenta|55\/361|[from] item: Black Sludge
|-damage|p2a: Ferrothorn|82\/352 brn|[from] brn
|turn|18
|
|move|p1a: Tenta|Scald|p2a: Ferrothorn
|-resisted|p2a: Ferrothorn
|-damage|p2a: Ferrothorn|46\/352 brn
|move|p2a: Ferrothorn|Leech Seed|p1a: Tenta
|-start|p1a: Tenta|move: Leech Seed
|
|-heal|p1a: Tenta|77\/361|[from] item: Black Sludge
|-damage|p1a: Tenta|32\/361|[from] Leech Seed|[of] p2a: Ferrothorn
|-damage|p2a: Ferrothorn|1\/352 brn|[from] ability: Liquid Ooze|[of] p1a: Tenta
|-damage|p2a: Ferrothorn|0 fnt|[from] brn
|faint|p2a: Ferrothorn
|
|switch|p2a: Volcarona|Volcarona, F|164\/311
|turn|19
|
|move|p2a: Volcarona|Fiery Dance|p1a: Tenta
|-resisted|p1a: Tenta
|-damage|p1a: Tenta|0 fnt
|faint|p1a: Tenta
|
|
|switch|p1a: Hax BIRD|Pidgeot-Mega, M|307\/307
|-damage|p1a: Hax BIRD|231\/307|[from] Stealth Rock
|turn|20
|
|switch|p2a: Tentacruel|Tentacruel, F|251\/364
|move|p1a: Hax BIRD|Hurricane|p2a: Tentacruel
|-damage|p2a: Tentacruel|172\/364
|
|turn|21
|
|move|p1a: Hax BIRD|Hurricane|p2a: Tentacruel
|-damage|p2a: Tentacruel|81\/364
|move|p2a: Tentacruel|Knock Off|p1a: Hax BIRD
|-damage|p1a: Hax BIRD|186\/307
|
|turn|22
|
|move|p1a: Hax BIRD|Hurricane|p2a: Tentacruel
|-damage|p2a: Tentacruel|0 fnt
|faint|p2a: Tentacruel
|
|
|switch|p2a: Kyurem-Black|Kyurem-Black|248\/406
|-ability|p2a: Kyurem-Black|Teravolt
|turn|23
|
|switch|p1a: Rhyno|Rhyperior, M|371\/371
|-damage|p1a: Rhyno|348\/371|[from] Stealth Rock
|move|p2a: Kyurem-Black|Ice Beam|p1a: Rhyno
|-supereffective|p1a: Rhyno
|-damage|p1a: Rhyno|76\/371
|
|turn|24
|
|switch|p1a: Mr. Recortes|Scizor, M|144\/343
|-damage|p1a: Mr. Recortes|102\/343|[from] Stealth Rock
|move|p2a: Kyurem-Black|Ice Beam|p1a: Mr. Recortes
|-resisted|p1a: Mr. Recortes
|-damage|p1a: Mr. Recortes|8\/343
|
|turn|25
|
|switch|p2a: Volcarona|Volcarona, F|164\/311
|move|p1a: Mr. Recortes|Bullet Punch|p2a: Volcarona
|-resisted|p2a: Volcarona
|-damage|p2a: Volcarona|33\/311
|
|turn|26
|
|move|p1a: Mr. Recortes|Bullet Punch|p2a: Volcarona
|-crit|p2a: Volcarona
|-resisted|p2a: Volcarona
|-damage|p2a: Volcarona|0 fnt
|faint|p2a: Volcarona
|
|
|switch|p2a: Lopunny|Lopunny-Mega, M|45\/271
|turn|27
|
|move|p2a: Lopunny|Fake Out|p1a: Mr. Recortes
|-resisted|p1a: Mr. Recortes
|-damage|p1a: Mr. Recortes|0 fnt
|faint|p1a: Mr. Recortes
|
|
|switch|p1a: Cortacabezas|Rotom-Mow|241\/241
|-damage|p1a: Cortacabezas|211\/241|[from] Stealth Rock
|turn|28
|
|switch|p2a: Togekiss|Togekiss, M|357\/357
|move|p1a: Cortacabezas|Volt Switch|p2a: Togekiss
|-supereffective|p2a: Togekiss
|-damage|p2a: Togekiss|183\/357
|
|switch|p1a: Hax BIRD|Pidgeot-Mega, M|186\/307
|-damage|p1a: Hax BIRD|110\/307|[from] Stealth Rock
|
|-heal|p2a: Togekiss|205\/357|[from] item: Leftovers
|turn|29
|
|move|p1a: Hax BIRD|Hyper Beam|p2a: Togekiss
|-damage|p2a: Togekiss|0 fnt
|faint|p2a: Togekiss
|
|c|âmortsith|xD
|
|switch|p2a: Kyurem-Black|Kyurem-Black|248\/406
|-ability|p2a: Kyurem-Black|Teravolt
|turn|30
|
|move|p2a: Kyurem-Black|Ice Beam|p1a: Hax BIRD
|-supereffective|p1a: Hax BIRD
|-damage|p1a: Hax BIRD|0 fnt
|faint|p1a: Hax BIRD
|
|
|switch|p1a: Mien00b|Mienshao, M|271\/271
|-damage|p1a: Mien00b|255\/271|[from] Stealth Rock
|turn|31
|
|move|p1a: Mien00b|Fake Out|p2a: Kyurem-Black
|-damage|p2a: Kyurem-Black|204\/406
|cant|p2a: Kyurem-Black|flinch
|
|turn|32
|
|move|p2a: Kyurem-Black|Ice Beam|p1a: Mien00b
|-damage|p1a: Mien00b|0 fnt
|faint|p1a: Mien00b
|
|c|âThe Last Hero|SHIT
|
|switch|p1a: Cortacabezas|Rotom-Mow|211\/241
|-damage|p1a: Cortacabezas|181\/241|[from] Stealth Rock
|turn|33
|
|move|p1a: Cortacabezas|Volt Switch|p2a: Kyurem-Black
|-resisted|p2a: Kyurem-Black
|-damage|p2a: Kyurem-Black|144\/406
|
|switch|p1a: Rhyno|Rhyperior, M|76\/371
|-damage|p1a: Rhyno|53\/371|[from] Stealth Rock
|move|p2a: Kyurem-Black|Ice Beam|p1a: Rhyno
|-supereffective|p1a: Rhyno
|-damage|p1a: Rhyno|0 fnt
|faint|p1a: Rhyno
|
|
|switch|p1a: Cortacabezas|Rotom-Mow|181\/241
|-damage|p1a: Cortacabezas|151\/241|[from] Stealth Rock
|turn|34
|
|move|p1a: Cortacabezas|Leaf Storm|p2a: Kyurem-Black
|-resisted|p2a: Kyurem-Black
|-damage|p2a: Kyurem-Black|16\/406
|-unboost|p1a: Cortacabezas|spa|2
|move|p2a: Kyurem-Black|Ice Beam|p1a: Cortacabezas
|-supereffective|p1a: Cortacabezas
|-damage|p1a: Cortacabezas|0 fnt
|faint|p1a: Cortacabezas
|
|win|mortsith
|raw|Ladder updating...
|raw|The Last Hero's rating: 1784 &rarr; <strong>1754<\/strong><br \/>(-30 for losing)
|raw|mortsith's rating: 1595 &rarr; <strong>1625<\/strong><br \/>(+30 for winning)
|c|âThe Last Hero|gg
|c|âmortsith|gg
|c|âThe Last Hero|it all depended on damage rools to mienshao
|c|âThe Last Hero|rolls*