|join|Apedingo
|join|The Last Hero
|player|p1|Apedingo|242
|player|p2|The Last Hero|54
|gametype|singles
|gen|6
|tier|OU
|rated
|clearpoke
|poke|p1|Landorus-Therian, M
|poke|p1|Metagross
|poke|p1|Azumarill, F
|poke|p1|Latios, M
|poke|p1|Tyranitar, M
|poke|p1|Magnezone
|poke|p2|Pidgeot, M
|poke|p2|Rhyperior, M
|poke|p2|Tentacruel, M
|poke|p2|Rotom-Mow
|poke|p2|Scizor, M
|poke|p2|Mienshao, M
|rule|Swagger Clause: Swagger is banned
|rule|Baton Pass Clause: Limit one PokÃ©mon knowing Baton Pass
|rule|Sleep Clause Mod: Limit one foe put to sleep
|rule|Species Clause: Limit one of each PokÃ©mon
|rule|OHKO Clause: OHKO moves are banned
|rule|Moody Clause: Moody is banned
|rule|Evasion Moves Clause: Evasion moves are banned
|rule|Endless Battle Clause: Forcing endless battles is banned
|rule|HP Percentage Mod: HP is shown in percentages
|teampreview
|
|start
|switch|p1a: Fluffy Paws|Landorus-Therian, M|382\/382
|switch|p2a: Mien00b|Mienshao, M|271\/271
|-ability|p1a: Fluffy Paws|Intimidate|[of] p2a: Mien00b
|-unboost|p2a: Mien00b|atk|1
|turn|1
|
|move|p2a: Mien00b|Fake Out|p1a: Fluffy Paws
|-damage|p1a: Fluffy Paws|350\/382
|-damage|p2a: Mien00b|244\/271|[from] item: Life Orb
|cant|p1a: Fluffy Paws|flinch
|
|-heal|p1a: Fluffy Paws|373\/382|[from] item: Leftovers
|turn|2
|
|move|p2a: Mien00b|Knock Off|p1a: Fluffy Paws
|-damage|p1a: Fluffy Paws|291\/382
|-enditem|p1a: Fluffy Paws|Leftovers|[from] move: Knock Off|[of] p2a: Mien00b
|-damage|p2a: Mien00b|217\/271|[from] item: Life Orb
|move|p1a: Fluffy Paws|Stealth Rock|p2a: Mien00b
|-sidestart|p2: The Last Hero|move: Stealth Rock
|
|turn|3
|
|move|p2a: Mien00b|Knock Off|p1a: Fluffy Paws
|-crit|p1a: Fluffy Paws
|-damage|p1a: Fluffy Paws|170\/382
|-damage|p2a: Mien00b|190\/271|[from] item: Life Orb
|move|p1a: Fluffy Paws|U-turn|p2a: Mien00b
|-resisted|p2a: Mien00b
|-damage|p2a: Mien00b|130\/271
|
|switch|p1a: Its a trap|Magnezone|281\/281
|
|turn|4
|
|switch|p2a: Rhyno|Rhyperior, M|371\/371
|-damage|p2a: Rhyno|348\/371|[from] Stealth Rock
|move|p1a: Its a trap|Flash Cannon|p2a: Rhyno
|-supereffective|p2a: Rhyno
|-damage|p2a: Rhyno|194\/371
|
|turn|5
|
|switch|p1a: Go Go Mike|Latios, M|301\/301
|move|p2a: Rhyno|Ice Punch|p1a: Go Go Mike
|-supereffective|p1a: Go Go Mike
|-damage|p1a: Go Go Mike|65\/301
|
|turn|6
|
|move|p1a: Go Go Mike|Draco Meteor|p2a: Rhyno
|-damage|p2a: Rhyno|0 fnt
|-unboost|p1a: Go Go Mike|spa|2
|faint|p2a: Rhyno
|
|
|switch|p2a: Tenta|Tentacruel, M|361\/361
|-damage|p2a: Tenta|316\/361|[from] Stealth Rock
|turn|7
|
|switch|p1a: Its a trap|Magnezone|281\/281
|move|p2a: Tenta|Rapid Spin|p1a: Its a trap
|-resisted|p1a: Its a trap
|-damage|p1a: Its a trap|277\/281
|-sideend|p2: The Last Hero|Stealth Rock|[from] move: Rapid Spin|[of] p2a: Tenta
|
|-heal|p2a: Tenta|338\/361|[from] item: Black Sludge
|turn|8
|
|switch|p2a: Cortacabezas|Rotom-Mow|241\/241
|move|p1a: Its a trap|Volt Switch|p2a: Cortacabezas
|-resisted|p2a: Cortacabezas
|-damage|p2a: Cortacabezas|212\/241
|
|switch|p1a: Go Go Mike|Latios, M|65\/301
|
|turn|9
|
|switch|p2a: Mr. Recortes|Scizor, M|343\/343
|move|p1a: Go Go Mike|Draco Meteor|p2a: Mr. Recortes|[miss]
|-miss|p1a: Go Go Mike|p2a: Mr. Recortes
|
|turn|10
|
|switch|p1a: Fluffy Paws|Landorus-Therian, M|170\/382
|-ability|p1a: Fluffy Paws|Intimidate|[of] p2a: Mr. Recortes
|-unboost|p2a: Mr. Recortes|atk|1
|move|p2a: Mr. Recortes|U-turn|p1a: Fluffy Paws
|-resisted|p1a: Fluffy Paws
|-damage|p1a: Fluffy Paws|116\/382
|
|switch|p2a: Hax BIRD|Pidgeot, M|307\/307
|
|turn|11
|
|switch|p1a: Mr. Fancypants|Tyranitar, M|403\/403
|-weather|Sandstorm
|detailschange|p2a: Hax BIRD|Pidgeot-Mega, M
|-mega|p2a: Hax BIRD|Pidgeot|Pidgeotite
|move|p2a: Hax BIRD|U-turn|p1a: Mr. Fancypants
|-supereffective|p1a: Mr. Fancypants
|-damage|p1a: Mr. Fancypants|321\/403
|
|switch|p2a: Mien00b|Mienshao, M|220\/271
|
|-weather|Sandstorm|[upkeep]
|-damage|p2a: Mien00b|204\/271|[from] sandstorm
|turn|12
|
|switch|p1a: Fluffy Paws|Landorus-Therian, M|116\/382
|-ability|p1a: Fluffy Paws|Intimidate|[of] p2a: Mien00b
|-unboost|p2a: Mien00b|atk|1
|move|p2a: Mien00b|High Jump Kick|p1a: Fluffy Paws
|-resisted|p1a: Fluffy Paws
|-damage|p1a: Fluffy Paws|35\/382
|-damage|p2a: Mien00b|177\/271|[from] item: Life Orb
|
|-weather|Sandstorm|[upkeep]
|-damage|p2a: Mien00b|161\/271|[from] sandstorm
|turn|13
|
|move|p2a: Mien00b|Knock Off|p1a: Fluffy Paws
|-damage|p1a: Fluffy Paws|0 fnt
|-damage|p2a: Mien00b|134\/271|[from] item: Life Orb
|faint|p1a: Fluffy Paws
|
|-weather|Sandstorm|[upkeep]
|-damage|p2a: Mien00b|118\/271|[from] sandstorm
|
|switch|p1a: Its a trap|Magnezone|277\/281
|turn|14
|
|switch|p2a: Cortacabezas|Rotom-Mow|212\/241
|move|p1a: Its a trap|Volt Switch|p2a: Cortacabezas
|-resisted|p2a: Cortacabezas
|-damage|p2a: Cortacabezas|184\/241
|
|switch|p1a: Go Go Mike|Latios, M|65\/301
|
|-weather|Sandstorm|[upkeep]
|-damage|p2a: Cortacabezas|169\/241|[from] sandstorm
|-damage|p1a: Go Go Mike|47\/301|[from] sandstorm
|turn|15
|
|switch|p2a: Tenta|Tentacruel, M|338\/361
|move|p1a: Go Go Mike|Draco Meteor|p2a: Tenta
|-damage|p2a: Tenta|56\/361
|-unboost|p1a: Go Go Mike|spa|2
|
|-weather|none
|-heal|p2a: Tenta|78\/361|[from] item: Black Sludge
|turn|16
|
|move|p1a: Go Go Mike|Draco Meteor|p2a: Tenta
|-damage|p2a: Tenta|0 fnt
|-unboost|p1a: Go Go Mike|spa|2
|faint|p2a: Tenta
|
|
|switch|p2a: Mr. Recortes|Scizor, M|343\/343
|turn|17
|
|switch|p1a: AWESOM-O 4000|Metagross|301\/301
|move|p2a: Mr. Recortes|U-turn|p1a: AWESOM-O 4000
|-damage|p1a: AWESOM-O 4000|130\/301
|
|switch|p2a: Mien00b|Mienshao, M|208\/271
|
|turn|18
|
|detailschange|p1a: AWESOM-O 4000|Metagross-Mega
|-mega|p1a: AWESOM-O 4000|Metagross|Metagrossite
|move|p2a: Mien00b|High Jump Kick|p1a: AWESOM-O 4000
|-damage|p1a: AWESOM-O 4000|0 fnt
|-damage|p2a: Mien00b|181\/271|[from] item: Life Orb
|faint|p1a: AWESOM-O 4000
|
|
|switch|p1a: Damn Cute Bunny|Azumarill, F|401\/401
|turn|19
|
|move|p2a: Mien00b|Knock Off|p1a: Damn Cute Bunny
|-resisted|p1a: Damn Cute Bunny
|-damage|p1a: Damn Cute Bunny|309\/401
|-enditem|p1a: Damn Cute Bunny|Assault Vest|[from] move: Knock Off|[of] p2a: Mien00b
|-damage|p2a: Mien00b|154\/271|[from] item: Life Orb
|move|p1a: Damn Cute Bunny|Play Rough|p2a: Mien00b
|-supereffective|p2a: Mien00b
|-damage|p2a: Mien00b|0 fnt
|faint|p2a: Mien00b
|
|
|switch|p2a: Cortacabezas|Rotom-Mow|169\/241
|turn|20
|
|switch|p1a: Its a trap|Magnezone|277\/281
|move|p2a: Cortacabezas|Leaf Storm|p1a: Its a trap
|-resisted|p1a: Its a trap
|-damage|p1a: Its a trap|177\/281
|-unboost|p2a: Cortacabezas|spa|2
|
|turn|21
|
|move|p2a: Cortacabezas|Leaf Storm|p1a: Its a trap
|-resisted|p1a: Its a trap
|-damage|p1a: Its a trap|120\/281
|-unboost|p2a: Cortacabezas|spa|2
|move|p1a: Its a trap|Hidden Power|p2a: Cortacabezas
|-supereffective|p2a: Cortacabezas
|-damage|p2a: Cortacabezas|39\/241
|
|turn|22
|
|switch|p2a: Hax BIRD|Pidgeot-Mega, M|307\/307
|move|p1a: Its a trap|Hidden Power|p2a: Hax BIRD
|-damage|p2a: Hax BIRD|222\/307
|
|turn|23
|
|switch|p1a: Mr. Fancypants|Tyranitar, M|321\/403
|-weather|Sandstorm
|move|p2a: Hax BIRD|Hurricane|p1a: Mr. Fancypants
|-crit|p1a: Mr. Fancypants
|-resisted|p1a: Mr. Fancypants
|-damage|p1a: Mr. Fancypants|273\/403
|
|-weather|Sandstorm|[upkeep]
|-damage|p2a: Hax BIRD|203\/307|[from] sandstorm
|turn|24
|
|move|p2a: Hax BIRD|U-turn|p1a: Mr. Fancypants
|-supereffective|p1a: Mr. Fancypants
|-damage|p1a: Mr. Fancypants|195\/403
|
|move|p1a: Mr. Fancypants|Pursuit|p2a: Hax BIRD|[from]Pursuit
|-damage|p2a: Hax BIRD|52\/307
|switch|p2a: Mr. Recortes|Scizor, M|343\/343
|
|-weather|Sandstorm|[upkeep]
|turn|25
|
|switch|p1a: Go Go Mike|Latios, M|47\/301
|move|p2a: Mr. Recortes|U-turn|p1a: Go Go Mike
|-supereffective|p1a: Go Go Mike
|-damage|p1a: Go Go Mike|0 fnt
|faint|p1a: Go Go Mike
|
|switch|p2a: Hax BIRD|Pidgeot-Mega, M|52\/307
|
|-weather|Sandstorm|[upkeep]
|-damage|p2a: Hax BIRD|33\/307|[from] sandstorm
|
|switch|p1a: Mr. Fancypants|Tyranitar, M|195\/403
|turn|26
|
|move|p2a: Hax BIRD|Hurricane|p1a: Mr. Fancypants
|-resisted|p1a: Mr. Fancypants
|-damage|p1a: Mr. Fancypants|159\/403
|move|p1a: Mr. Fancypants|Pursuit|p2a: Hax BIRD
|-damage|p2a: Hax BIRD|0 fnt
|faint|p2a: Hax BIRD
|
|-weather|Sandstorm|[upkeep]
|
|switch|p2a: Mr. Recortes|Scizor, M|343\/343
|turn|27
|
|move|p2a: Mr. Recortes|U-turn|p1a: Mr. Fancypants
|-supereffective|p1a: Mr. Fancypants
|-damage|p1a: Mr. Fancypants|0 fnt
|faint|p1a: Mr. Fancypants
|
|switch|p2a: Cortacabezas|Rotom-Mow|39\/241
|
|-weather|none
|
|switch|p1a: Its a trap|Magnezone|120\/281
|turn|28
|
|move|p2a: Cortacabezas|Leaf Storm|p1a: Its a trap
|-resisted|p1a: Its a trap
|-damage|p1a: Its a trap|14\/281
|-unboost|p2a: Cortacabezas|spa|2
|move|p1a: Its a trap|Hidden Power|p2a: Cortacabezas
|-supereffective|p2a: Cortacabezas
|-damage|p2a: Cortacabezas|0 fnt
|faint|p2a: Cortacabezas
|
|
|switch|p2a: Mr. Recortes|Scizor, M|343\/343
|turn|29
|
|move|p2a: Mr. Recortes|Bullet Punch|p1a: Its a trap
|-resisted|p1a: Its a trap
|-damage|p1a: Its a trap|0 fnt
|faint|p1a: Its a trap
|
|
|switch|p1a: Damn Cute Bunny|Azumarill, F|309\/401
|turn|30
|
|move|p2a: Mr. Recortes|Bullet Punch|p1a: Damn Cute Bunny
|-damage|p1a: Damn Cute Bunny|104\/401
|move|p1a: Damn Cute Bunny|Waterfall|p2a: Mr. Recortes
|-damage|p2a: Mr. Recortes|160\/343
|
|turn|31
|
|move|p2a: Mr. Recortes|Bullet Punch|p1a: Damn Cute Bunny
|-damage|p1a: Damn Cute Bunny|0 fnt
|faint|p1a: Damn Cute Bunny
|
|win|The Last Hero
|raw|Ladder updating...
|raw|Apedingo's rating: 1686 &rarr; <strong>1669<\/strong><br \/>(-17 for losing)
|raw|The Last Hero's rating: 1738 &rarr; <strong>1755<\/strong><br \/>(+17 for winning)