|join|The Last Hero
|join|HoloWolf~
|player|p1|The Last Hero|54
|player|p2|HoloWolf~|70
|gametype|singles
|gen|6
|tier|OU
|rated
|clearpoke
|poke|p1|Pidgeot, M
|poke|p1|Rhyperior, M
|poke|p1|Tentacruel, M
|poke|p1|Rotom-Mow
|poke|p1|Scizor, M
|poke|p1|Mienshao, M
|poke|p2|Infernape, F
|poke|p2|Scizor, M
|poke|p2|Landorus, M
|poke|p2|Tyranitar, M
|poke|p2|Azumarill, M
|poke|p2|Latios, M
|rule|Swagger Clause: Swagger is banned
|rule|Baton Pass Clause: Limit one PokÃ©mon knowing Baton Pass
|rule|Sleep Clause Mod: Limit one foe put to sleep
|rule|Species Clause: Limit one of each PokÃ©mon
|rule|OHKO Clause: OHKO moves are banned
|rule|Moody Clause: Moody is banned
|rule|Evasion Moves Clause: Evasion moves are banned
|rule|Endless Battle Clause: Forcing endless battles is banned
|rule|HP Percentage Mod: HP is shown in percentages
|teampreview
|
|start
|switch|p1a: Mien00b|Mienshao, M|271\/271
|switch|p2a: Landorus|Landorus, M|319\/319
|turn|1
|
|move|p1a: Mien00b|Fake Out|p2a: Landorus
|-crit|p2a: Landorus
|-damage|p2a: Landorus|227\/319
|-damage|p1a: Mien00b|244\/271|[from] item: Life Orb
|cant|p2a: Landorus|flinch
|
|turn|2
|
|move|p1a: Mien00b|U-turn|p2a: Landorus
|-resisted|p2a: Landorus
|-damage|p2a: Landorus|165\/319
|-damage|p1a: Mien00b|217\/271|[from] item: Life Orb
|
|switch|p1a: Mr. Recortes|Scizor, M|343\/343
|move|p2a: Landorus|Stealth Rock|p1a: Mr. Recortes
|-sidestart|p1: The Last Hero|move: Stealth Rock
|
|turn|3
|
|move|p1a: Mr. Recortes|Pursuit|p2a: Landorus|[from]Pursuit
|-crit|p2a: Landorus
|-damage|p2a: Landorus|0 fnt
|faint|p2a: Landorus
|
|
|switch|p2a: Infernape|Infernape, F|293\/293
|turn|4
|
|switch|p2a: Latios|Latios, M|301\/301
|switch|p1a: Tenta|Tentacruel, M|361\/361
|-damage|p1a: Tenta|316\/361|[from] Stealth Rock
|
|-heal|p1a: Tenta|338\/361|[from] item: Black Sludge
|turn|5
|
|switch|p1a: Mr. Recortes|Scizor, M|343\/343
|-damage|p1a: Mr. Recortes|301\/343|[from] Stealth Rock
|move|p2a: Latios|Calm Mind|p2a: Latios
|-boost|p2a: Latios|spa|1
|-boost|p2a: Latios|spd|1
|
|turn|6
|
|move|p1a: Mr. Recortes|Bullet Punch|p2a: Latios
|-damage|p2a: Latios|82\/301
|move|p2a: Latios|Draco Meteor|p1a: Mr. Recortes
|-resisted|p1a: Mr. Recortes
|-damage|p1a: Mr. Recortes|44\/343
|-unboost|p2a: Latios|spa|2
|-damage|p2a: Latios|52\/301|[from] item: Life Orb
|
|turn|7
|
|switch|p2a: Scizor|Scizor, M|282\/282
|switch|p1a: Tenta|Tentacruel, M|338\/361
|-damage|p1a: Tenta|293\/361|[from] Stealth Rock
|
|-heal|p1a: Tenta|315\/361|[from] item: Black Sludge
|turn|8
|
|switch|p2a: Latios|Latios, M|52\/301
|move|p1a: Tenta|Rapid Spin|p2a: Latios
|-damage|p2a: Latios|39\/301
|-sideend|p1: The Last Hero|Stealth Rock|[from] move: Rapid Spin|[of] p1a: Tenta
|
|-heal|p1a: Tenta|337\/361|[from] item: Black Sludge
|turn|9
|
|switch|p1a: Mien00b|Mienshao, M|271\/271
|move|p2a: Latios|Psyshock|p1a: Mien00b
|-supereffective|p1a: Mien00b
|-damage|p1a: Mien00b|0 fnt
|-damage|p2a: Latios|9\/301|[from] item: Life Orb
|faint|p1a: Mien00b
|
|
|switch|p1a: Cortacabezas|Rotom-Mow|241\/241
|turn|10
|
|switch|p2a: Scizor|Scizor, M|282\/282
|move|p1a: Cortacabezas|Volt Switch|p2a: Scizor
|-damage|p2a: Scizor|162\/282
|
|switch|p1a: Hax BIRD|Pidgeot, M|307\/307
|
|turn|11
|
|detailschange|p1a: Hax BIRD|Pidgeot-Mega, M
|-mega|p1a: Hax BIRD|Pidgeot|Pidgeotite
|detailschange|p2a: Scizor|Scizor-Mega, M
|-mega|p2a: Scizor|Scizor|Scizorite
|move|p2a: Scizor|Bullet Punch|p1a: Hax BIRD
|-damage|p1a: Hax BIRD|153\/307
|move|p1a: Hax BIRD|Hurricane|p2a: Scizor
|-damage|p2a: Scizor|0 fnt
|faint|p2a: Scizor
|
|
|switch|p2a: Tyranitar|Tyranitar, M|341\/341
|-weather|Sandstorm
|turn|12
|
|move|p1a: Hax BIRD|U-turn|p2a: Tyranitar
|-supereffective|p2a: Tyranitar
|-damage|p2a: Tyranitar|263\/341
|
|move|p2a: Tyranitar|Pursuit|p1a: Hax BIRD|[from]Pursuit
|-damage|p1a: Hax BIRD|0 fnt
|faint|p1a: Hax BIRD
|
|-weather|Sandstorm|[upkeep]
|
|switch|p1a: Rhyno|Rhyperior, M|371\/371
|turn|13
|
|switch|p2a: Azumarill|Azumarill, M|403\/403
|move|p1a: Rhyno|Earthquake|p2a: Azumarill
|-damage|p2a: Azumarill|153\/403
|
|-weather|Sandstorm|[upkeep]
|-damage|p2a: Azumarill|128\/403|[from] sandstorm
|turn|14
|
|switch|p1a: Mr. Recortes|Scizor, M|44\/343
|move|p2a: Azumarill|Knock Off|p1a: Mr. Recortes
|-damage|p1a: Mr. Recortes|0 fnt
|-enditem|p1a: Mr. Recortes|Choice Band|[from] move: Knock Off|[of] p2a: Azumarill
|faint|p1a: Mr. Recortes
|
|-weather|Sandstorm|[upkeep]
|-damage|p2a: Azumarill|103\/403|[from] sandstorm
|
|switch|p1a: Cortacabezas|Rotom-Mow|241\/241
|turn|15
|
|move|p2a: Azumarill|Aqua Jet|p1a: Cortacabezas
|-resisted|p1a: Cortacabezas
|-damage|p1a: Cortacabezas|199\/241
|move|p1a: Cortacabezas|Volt Switch|p2a: Azumarill
|-supereffective|p2a: Azumarill
|-damage|p2a: Azumarill|0 fnt
|faint|p2a: Azumarill
|
|switch|p1a: Rhyno|Rhyperior, M|371\/371
|
|-weather|Sandstorm|[upkeep]
|
|switch|p2a: Tyranitar|Tyranitar, M|263\/341
|turn|16
|
|move|p2a: Tyranitar|Ice Beam|p1a: Rhyno
|-supereffective|p1a: Rhyno
|-damage|p1a: Rhyno|317\/371
|move|p1a: Rhyno|Earthquake|p2a: Tyranitar
|-supereffective|p2a: Tyranitar
|-damage|p2a: Tyranitar|0 fnt
|faint|p2a: Tyranitar
|
|-weather|none
|
|switch|p2a: Infernape|Infernape, F|293\/293
|turn|17
|
|move|p2a: Infernape|Grass Knot|p1a: Rhyno
|-supereffective|p1a: Rhyno
|-damage|p1a: Rhyno|0 fnt
|-damage|p2a: Infernape|264\/293|[from] item: Life Orb
|faint|p1a: Rhyno
|
|
|switch|p1a: Cortacabezas|Rotom-Mow|199\/241
|turn|18
|
|move|p1a: Cortacabezas|Volt Switch|p2a: Infernape
|-damage|p2a: Infernape|125\/293
|
|switch|p1a: Tenta|Tentacruel, M|337\/361
|move|p2a: Infernape|Fire Blast|p1a: Tenta
|-resisted|p1a: Tenta
|-damage|p1a: Tenta|240\/361
|-damage|p2a: Infernape|96\/293|[from] item: Life Orb
|
|-heal|p1a: Tenta|262\/361|[from] item: Black Sludge
|turn|19
|
|move|p2a: Infernape|Fire Blast|p1a: Tenta
|-resisted|p1a: Tenta
|-damage|p1a: Tenta|118\/361
|-damage|p2a: Infernape|67\/293|[from] item: Life Orb
|move|p1a: Tenta|Scald|p2a: Infernape
|-supereffective|p2a: Infernape
|-damage|p2a: Infernape|0 fnt
|faint|p2a: Infernape
|
|-heal|p1a: Tenta|140\/361|[from] item: Black Sludge
|
|switch|p2a: Latios|Latios, M|9\/301
|turn|20
|
|move|p2a: Latios|Recover|p2a: Latios
|-heal|p2a: Latios|160\/301
|move|p1a: Tenta|Sludge Wave|p2a: Latios
|-damage|p2a: Latios|82\/301
|-status|p2a: Latios|psn
|
|-heal|p1a: Tenta|162\/361|[from] item: Black Sludge
|-damage|p2a: Latios|45\/301 psn|[from] psn
|turn|21
|
|move|p2a: Latios|Recover|p2a: Latios
|-heal|p2a: Latios|196\/301 psn
|move|p1a: Tenta|Sludge Wave|p2a: Latios
|-crit|p2a: Latios
|-damage|p2a: Latios|70\/301 psn
|
|-heal|p1a: Tenta|184\/361|[from] item: Black Sludge
|-damage|p2a: Latios|33\/301 psn|[from] psn
|turn|22
|
|switch|p1a: Cortacabezas|Rotom-Mow|199\/241
|move|p2a: Latios|Recover|p2a: Latios
|-heal|p2a: Latios|184\/301 psn
|
|-damage|p2a: Latios|147\/301 psn|[from] psn
|turn|23
|
|move|p1a: Cortacabezas|Thunderbolt|p2a: Latios
|-resisted|p2a: Latios
|-damage|p2a: Latios|83\/301 psn
|move|p2a: Latios|Psyshock|p1a: Cortacabezas
|-damage|p1a: Cortacabezas|26\/241
|-damage|p2a: Latios|53\/301 psn|[from] item: Life Orb
|
|-damage|p2a: Latios|16\/301 psn|[from] psn
|turn|24
|-message|HoloWolf~ forfeited.
|
|win|The Last Hero
|raw|Ladder updating...
|leave|HoloWolf~
|player|p2
|raw|The Last Hero's rating: 1725 &rarr; <strong>1739<\/strong><br \/>(+14 for winning)
|raw|HoloWolf~'s rating: 1610 &rarr; <strong>1596<\/strong><br \/>(-14 for losing)