|join|obliviatee
|join|The Last Hero
|player|p1|obliviatee|2
|player|p2|The Last Hero|54
|gametype|singles
|gen|6
|tier|OU
|rated
|clearpoke
|poke|p1|Lopunny, F
|poke|p1|Landorus, M
|poke|p1|Slowbro, F
|poke|p1|Heatran, M
|poke|p1|Latios, M
|poke|p1|Ferrothorn, M
|poke|p2|Lopunny, F
|poke|p2|Slowbro, M
|poke|p2|Bronzong, shiny
|poke|p2|Tyranitar, M
|poke|p2|Dragalge, M
|poke|p2|Excadrill, M
|rule|Swagger Clause: Swagger is banned
|rule|Baton Pass Clause: Limit one PokÃ©mon knowing Baton Pass
|rule|Sleep Clause Mod: Limit one foe put to sleep
|rule|Species Clause: Limit one of each PokÃ©mon
|rule|OHKO Clause: OHKO moves are banned
|rule|Moody Clause: Moody is banned
|rule|Evasion Moves Clause: Evasion moves are banned
|rule|Endless Battle Clause: Forcing endless battles is banned
|rule|HP Percentage Mod: HP is shown in percentages
|teampreview
|
|start
|switch|p1a: Lopunny|Lopunny, F|271\/271
|switch|p2a: Bunny|Lopunny, F|271\/271
|turn|1
|
|detailschange|p1a: Lopunny|Lopunny-Mega, F
|-mega|p1a: Lopunny|Lopunny|Lopunnite
|detailschange|p2a: Bunny|Lopunny-Mega, F
|-mega|p2a: Bunny|Lopunny|Lopunnite
|move|p1a: Lopunny|Fake Out|p2a: Bunny
|-crit|p2a: Bunny
|-damage|p2a: Bunny|162\/271
|cant|p2a: Bunny|flinch
|
|turn|2
|
|switch|p1a: Slowbro|Slowbro, F|394\/394
|switch|p2a: Slow Pr0|Slowbro, M|393\/393
|
|turn|3
|
|move|p1a: Slowbro|Thunder Wave|p2a: Slow Pr0
|-status|p2a: Slow Pr0|par
|cant|p2a: Slow Pr0|par
|
|turn|4
|
|switch|p1a: Latios|Latios, M|301\/301
|cant|p2a: Slow Pr0|par
|
|turn|5
|
|switch|p2a: Hell Bell|Bronzong, shiny|337\/337
|move|p1a: Latios|Trick|p2a: Hell Bell
|-activate|p1a: Latios|move: Trick|[of] p2a: Hell Bell
|-item|p2a: Hell Bell|Choice Scarf|[from] move: Trick
|-item|p1a: Latios|Leftovers|[from] move: Trick
|
|turn|6
|
|switch|p1a: Heatran|Heatran, M|385\/385
|move|p2a: Hell Bell|Stealth Rock|p1a: Heatran
|-sidestart|p1: obliviatee|move: Stealth Rock
|
|turn|7
|
|switch|p2a: Slow Pr0|Slowbro, M|393\/393 par
|move|p1a: Heatran|Stealth Rock|p2a: Slow Pr0
|-sidestart|p2: The Last Hero|move: Stealth Rock
|
|turn|8
|
|switch|p1a: Slowbro|Slowbro, F|394\/394
|-damage|p1a: Slowbro|345\/394|[from] Stealth Rock
|cant|p2a: Slow Pr0|par
|
|-heal|p1a: Slowbro|369\/394|[from] item: Leftovers
|turn|9
|
|move|p1a: Slowbro|Scald|p2a: Slow Pr0
|-resisted|p2a: Slow Pr0
|-damage|p2a: Slow Pr0|341\/393 par
|move|p2a: Slow Pr0|Trick Room|p2a: Slow Pr0
|-fieldstart|move: Trick Room|[of] p2a: Slow Pr0
|
|-heal|p2a: Slow Pr0|365\/393 par|[from] item: Leftovers
|-heal|p1a: Slowbro|393\/394|[from] item: Leftovers
|turn|10
|
|move|p2a: Slow Pr0|Scald|p1a: Slowbro
|-resisted|p1a: Slowbro
|-damage|p1a: Slowbro|333\/394
|move|p1a: Slowbro|Thunder Wave|p2a: Slow Pr0
|-fail|p2a: Slow Pr0|par
|
|-heal|p2a: Slow Pr0|389\/393 par|[from] item: Leftovers
|-heal|p1a: Slowbro|357\/394|[from] item: Leftovers
|turn|11
|
|move|p2a: Slow Pr0|Scald|p1a: Slowbro
|-resisted|p1a: Slowbro
|-damage|p1a: Slowbro|300\/394
|move|p1a: Slowbro|Scald|p2a: Slow Pr0
|-resisted|p2a: Slow Pr0
|-damage|p2a: Slow Pr0|333\/393 par
|
|-heal|p2a: Slow Pr0|357\/393 par|[from] item: Leftovers
|-heal|p1a: Slowbro|324\/394|[from] item: Leftovers
|turn|12
|
|switch|p1a: Latios|Latios, M|301\/301
|-damage|p1a: Latios|264\/301|[from] Stealth Rock
|move|p2a: Slow Pr0|Scald|p1a: Latios
|-resisted|p1a: Latios
|-damage|p1a: Latios|224\/301
|
|-heal|p2a: Slow Pr0|381\/393 par|[from] item: Leftovers
|-heal|p1a: Latios|242\/301|[from] item: Leftovers
|turn|13
|
|cant|p2a: Slow Pr0|par
|move|p1a: Latios|Thunderbolt|p2a: Slow Pr0
|-supereffective|p2a: Slow Pr0
|-damage|p2a: Slow Pr0|103\/393 par
|
|-heal|p2a: Slow Pr0|127\/393 par|[from] item: Leftovers
|-heal|p1a: Latios|260\/301|[from] item: Leftovers
|-fieldend|move: Trick Room
|turn|14
|
|switch|p2a: Tyrano|Tyranitar, M|403\/403
|-damage|p2a: Tyrano|353\/403|[from] Stealth Rock
|-weather|Sandstorm
|move|p1a: Latios|Thunderbolt|p2a: Tyrano
|-damage|p2a: Tyrano|276\/403
|-status|p2a: Tyrano|par
|
|-weather|Sandstorm|[upkeep]
|-damage|p1a: Latios|242\/301|[from] sandstorm
|-heal|p1a: Latios|260\/301|[from] item: Leftovers
|turn|15
|
|move|p1a: Latios|Draco Meteor|p2a: Tyrano
|-damage|p2a: Tyrano|119\/403 par
|-unboost|p1a: Latios|spa|2
|cant|p2a: Tyrano|par
|
|-weather|Sandstorm|[upkeep]
|-damage|p1a: Latios|242\/301|[from] sandstorm
|-heal|p1a: Latios|260\/301|[from] item: Leftovers
|turn|16
|
|move|p2a: Tyrano|Pursuit|p1a: Latios|[from]Pursuit
|-supereffective|p1a: Latios
|-damage|p1a: Latios|0 fnt
|faint|p1a: Latios
|
|-weather|Sandstorm|[upkeep]
|
|switch|p1a: Lopunny|Lopunny-Mega, F|271\/271
|-damage|p1a: Lopunny|255\/271|[from] Stealth Rock
|turn|17
|
|move|p1a: Lopunny|Fake Out|p2a: Tyrano
|-resisted|p2a: Tyrano
|-damage|p2a: Tyrano|82\/403 par
|cant|p2a: Tyrano|par
|
|-weather|Sandstorm|[upkeep]
|-damage|p1a: Lopunny|239\/271|[from] sandstorm
|turn|18
|
|move|p1a: Lopunny|Substitute|p1a: Lopunny
|-start|p1a: Lopunny|Substitute
|-damage|p1a: Lopunny|172\/271
|move|p2a: Tyrano|Pursuit|p1a: Lopunny
|-resisted|p1a: Lopunny
|-activate|p1a: Lopunny|Substitute|[damage]
|
|-weather|none
|turn|19
|
|move|p1a: Lopunny|Return|p2a: Tyrano
|-resisted|p2a: Tyrano
|-damage|p2a: Tyrano|0 fnt
|faint|p2a: Tyrano
|
|
|switch|p2a: Slow Pr0|Slowbro, M|258\/393 par
|-damage|p2a: Slow Pr0|209\/393 par|[from] Stealth Rock
|turn|20
|
|move|p1a: Lopunny|Return|p2a: Slow Pr0
|-damage|p2a: Slow Pr0|80\/393 par
|move|p2a: Slow Pr0|Trick Room|p2a: Slow Pr0
|-fieldstart|move: Trick Room|[of] p2a: Slow Pr0
|
|-heal|p2a: Slow Pr0|104\/393 par|[from] item: Leftovers
|turn|21
|
|switch|p2a: Sexcadrill|Excadrill, M|361\/361
|-damage|p2a: Sexcadrill|350\/361|[from] Stealth Rock
|-item|p2a: Sexcadrill|Air Balloon
|move|p1a: Lopunny|Return|p2a: Sexcadrill
|-resisted|p2a: Sexcadrill
|-damage|p2a: Sexcadrill|207\/361
|-enditem|p2a: Sexcadrill|Air Balloon
|
|turn|22
|
|move|p2a: Sexcadrill|Earthquake|p1a: Lopunny
|-end|p1a: Lopunny|Substitute
|move|p1a: Lopunny|High Jump Kick|p2a: Sexcadrill
|-supereffective|p2a: Sexcadrill
|-damage|p2a: Sexcadrill|0 fnt
|faint|p2a: Sexcadrill
|
|
|switch|p2a: Mr. Alga|Dragalge, M|333\/333
|-damage|p2a: Mr. Alga|292\/333|[from] Stealth Rock
|turn|23
|
|switch|p1a: Ferrothorn|Ferrothorn, M|352\/352
|-damage|p1a: Ferrothorn|330\/352|[from] Stealth Rock
|move|p2a: Mr. Alga|Focus Blast|p1a: Ferrothorn
|-crit|p1a: Ferrothorn
|-supereffective|p1a: Ferrothorn
|-damage|p1a: Ferrothorn|0 fnt
|faint|p1a: Ferrothorn
|
|
|switch|p1a: Slowbro|Slowbro, F|394\/394
|-damage|p1a: Slowbro|345\/394|[from] Stealth Rock
|turn|24
|
|switch|p2a: Slow Pr0|Slowbro, M|235\/393 par
|-damage|p2a: Slow Pr0|186\/393 par|[from] Stealth Rock
|move|p1a: Slowbro|Psyshock|p2a: Slow Pr0
|-resisted|p2a: Slow Pr0
|-damage|p2a: Slow Pr0|153\/393 par
|
|-heal|p2a: Slow Pr0|177\/393 par|[from] item: Leftovers
|-heal|p1a: Slowbro|369\/394|[from] item: Leftovers
|-fieldend|move: Trick Room
|turn|25
|
|switch|p1a: Landorus|Landorus, M|319\/319
|-damage|p1a: Landorus|280\/319|[from] Stealth Rock
|move|p2a: Slow Pr0|Trick Room|p2a: Slow Pr0
|-fieldstart|move: Trick Room|[of] p2a: Slow Pr0
|
|-heal|p2a: Slow Pr0|201\/393 par|[from] item: Leftovers
|turn|26
|
|switch|p2a: Hell Bell|Bronzong, shiny|337\/337
|-damage|p2a: Hell Bell|316\/337|[from] Stealth Rock
|move|p1a: Landorus|Focus Blast|p2a: Hell Bell
|-damage|p2a: Hell Bell|168\/337
|
|turn|27
|
|switch|p1a: Heatran|Heatran, M|385\/385
|-damage|p1a: Heatran|337\/385|[from] Stealth Rock
|move|p2a: Hell Bell|Gyro Ball|p1a: Heatran
|-resisted|p1a: Heatran
|-damage|p1a: Heatran|319\/385
|
|-heal|p1a: Heatran|343\/385|[from] item: Leftovers
|turn|28
|
|switch|p2a: Slow Pr0|Slowbro, M|332\/393 par
|-damage|p2a: Slow Pr0|283\/393 par|[from] Stealth Rock
|move|p1a: Heatran|Lava Plume|p2a: Slow Pr0
|-resisted|p2a: Slow Pr0
|-damage|p2a: Slow Pr0|207\/393 par
|
|-heal|p2a: Slow Pr0|231\/393 par|[from] item: Leftovers
|-heal|p1a: Heatran|367\/385|[from] item: Leftovers
|turn|29
|
|move|p2a: Slow Pr0|Scald|p1a: Heatran
|-supereffective|p1a: Heatran
|-damage|p1a: Heatran|205\/385
|move|p1a: Heatran|Taunt|p2a: Slow Pr0
|-start|p2a: Slow Pr0|move: Taunt
|
|-heal|p2a: Slow Pr0|255\/393 par|[from] item: Leftovers
|-heal|p1a: Heatran|229\/385|[from] item: Leftovers
|-fieldend|move: Trick Room
|turn|30
|
|switch|p1a: Landorus|Landorus, M|280\/319
|-damage|p1a: Landorus|241\/319|[from] Stealth Rock
|move|p2a: Slow Pr0|Scald|p1a: Landorus
|-supereffective|p1a: Landorus
|-damage|p1a: Landorus|1\/319
|-status|p1a: Landorus|brn
|
|-heal|p2a: Slow Pr0|279\/393 par|[from] item: Leftovers
|-damage|p1a: Landorus|0 fnt|[from] brn
|faint|p1a: Landorus
|-message|obliviatee forfeited.
|leave|obliviatee
|
|win|The Last Hero
|raw|Ladder updating...
|player|p1
|raw|obliviatee's rating: 1505 &rarr; <strong>1489<\/strong><br \/>(-16 for losing)
|raw|The Last Hero's rating: 1575 &rarr; <strong>1591<\/strong><br \/>(+16 for winning)