|join|LuisPablito
|join|The Last Hero
|player|p1|LuisPablito|170
|player|p2|The Last Hero|54
|gametype|singles
|gen|6
|tier|OU
|rated
|clearpoke
|poke|p1|Mew
|poke|p1|Heatran, F
|poke|p1|Landorus-Therian, M
|poke|p1|Latios, M
|poke|p1|Azumarill, M
|poke|p1|Thundurus, M
|poke|p2|Pidgeot, M
|poke|p2|Rhyperior, M
|poke|p2|Tentacruel, M
|poke|p2|Rotom-Mow
|poke|p2|Scizor, M
|poke|p2|Mienshao, M
|rule|Swagger Clause: Swagger is banned
|rule|Baton Pass Clause: Limit one PokÃ©mon knowing Baton Pass
|rule|Sleep Clause Mod: Limit one foe put to sleep
|rule|Species Clause: Limit one of each PokÃ©mon
|rule|OHKO Clause: OHKO moves are banned
|rule|Moody Clause: Moody is banned
|rule|Evasion Moves Clause: Evasion moves are banned
|rule|Endless Battle Clause: Forcing endless battles is banned
|rule|HP Percentage Mod: HP is shown in percentages
|teampreview
|
|start
|switch|p1a: Mew|Mew|404\/404
|switch|p2a: Mr. Recortes|Scizor, M|343\/343
|turn|1
|
|move|p1a: Mew|Will-O-Wisp|p2a: Mr. Recortes
|-status|p2a: Mr. Recortes|brn
|move|p2a: Mr. Recortes|U-turn|p1a: Mew
|-crit|p1a: Mew
|-supereffective|p1a: Mew
|-damage|p1a: Mew|168\/404
|
|switch|p2a: Mien00b|Mienshao, M|271\/271
|
|-heal|p1a: Mew|193\/404|[from] item: Leftovers
|turn|2
|
|move|p2a: Mien00b|Knock Off|p1a: Mew
|-supereffective|p1a: Mew
|-damage|p1a: Mew|0 fnt
|-enditem|p1a: Mew|Leftovers|[from] move: Knock Off|[of] p2a: Mien00b
|-damage|p2a: Mien00b|244\/271|[from] item: Life Orb
|faint|p1a: Mew
|
|
|switch|p1a: Latios|Latios, M|302\/302
|turn|3
|
|switch|p2a: Mr. Recortes|Scizor, M|343\/343 brn
|detailschange|p1a: Latios|Latios-Mega, M
|-mega|p1a: Latios|Latios|Latiosite
|move|p1a: Latios|Psyshock|p2a: Mr. Recortes
|-resisted|p2a: Mr. Recortes
|-damage|p2a: Mr. Recortes|264\/343 brn
|
|-damage|p2a: Mr. Recortes|222\/343 brn|[from] brn
|turn|4
|
|move|p1a: Latios|Hidden Power|p2a: Mr. Recortes
|-supereffective|p2a: Mr. Recortes
|-damage|p2a: Mr. Recortes|0 fnt
|faint|p2a: Mr. Recortes
|
|
|switch|p2a: Rhyno|Rhyperior, M|371\/371
|turn|5
|
|move|p1a: Latios|Draco Meteor|p2a: Rhyno
|-damage|p2a: Rhyno|164\/371
|-unboost|p1a: Latios|spa|2
|move|p2a: Rhyno|Megahorn|p1a: Latios
|-supereffective|p1a: Latios
|-damage|p1a: Latios|0 fnt
|faint|p1a: Latios
|
|
|switch|p1a: Azumarill|Azumarill, M|404\/404
|turn|6
|
|switch|p1a: Landorus-Therian|Landorus-Therian, M|320\/320
|-ability|p1a: Landorus-Therian|Intimidate|[of] p2a: Rhyno
|-unboost|p2a: Rhyno|atk|1
|switch|p2a: Tenta|Tentacruel, M|361\/361
|
|turn|7
|
|move|p1a: Landorus-Therian|U-turn|p2a: Tenta
|-resisted|p2a: Tenta
|-damage|p2a: Tenta|316\/361
|
|switch|p1a: Thundurus|Thundurus, M|300\/300
|move|p2a: Tenta|Scald|p1a: Thundurus
|-damage|p1a: Thundurus|210\/300
|-status|p1a: Thundurus|brn
|
|-heal|p2a: Tenta|338\/361|[from] item: Black Sludge
|-damage|p1a: Thundurus|173\/300 brn|[from] brn
|turn|8
|
|switch|p2a: Mien00b|Mienshao, M|271\/271
|move|p1a: Thundurus|Thunderbolt|p2a: Mien00b
|-damage|p2a: Mien00b|0 fnt
|-damage|p1a: Thundurus|143\/300 brn|[from] item: Life Orb
|faint|p2a: Mien00b
|
|-damage|p1a: Thundurus|106\/300 brn|[from] brn
|c|âThe Last Hero|ok, that wasnt a good idea...
|
|switch|p2a: Cortacabezas|Rotom-Mow|241\/241
|turn|9
|
|switch|p1a: Heatran|Heatran, F|386\/386
|move|p2a: Cortacabezas|Volt Switch|p1a: Heatran
|-damage|p1a: Heatran|311\/386
|c|âLuisPablito|lol
|
|switch|p2a: Rhyno|Rhyperior, M|164\/371
|
|-heal|p1a: Heatran|335\/386|[from] item: Leftovers
|turn|10
|
|move|p1a: Heatran|Flash Cannon|p2a: Rhyno
|-supereffective|p2a: Rhyno
|-damage|p2a: Rhyno|41\/371
|move|p2a: Rhyno|Ice Punch|p1a: Heatran
|-resisted|p1a: Heatran
|-damage|p1a: Heatran|310\/386
|
|-heal|p1a: Heatran|334\/386|[from] item: Leftovers
|turn|11
|
|move|p1a: Heatran|Flash Cannon|p2a: Rhyno
|-supereffective|p2a: Rhyno
|-damage|p2a: Rhyno|0 fnt
|faint|p2a: Rhyno
|
|-heal|p1a: Heatran|358\/386|[from] item: Leftovers
|c|âThe Last Hero|ok... i played this game horribly
|
|switch|p2a: Tenta|Tentacruel, M|338\/361
|turn|12
|
|move|p2a: Tenta|Scald|p1a: Heatran
|-supereffective|p1a: Heatran
|-damage|p1a: Heatran|256\/386
|move|p1a: Heatran|Stealth Rock|p2a: Tenta
|-sidestart|p2: The Last Hero|move: Stealth Rock
|
|-heal|p2a: Tenta|360\/361|[from] item: Black Sludge
|-heal|p1a: Heatran|280\/386|[from] item: Leftovers
|turn|13
|c|âLuisPablito|:[
|
|switch|p1a: Landorus-Therian|Landorus-Therian, M|320\/320
|-ability|p1a: Landorus-Therian|Intimidate|[of] p2a: Tenta
|-unboost|p2a: Tenta|atk|1
|move|p2a: Tenta|Scald|p1a: Landorus-Therian
|-supereffective|p1a: Landorus-Therian
|-damage|p1a: Landorus-Therian|122\/320
|
|-heal|p2a: Tenta|361\/361|[from] item: Black Sludge
|turn|14
|
|move|p1a: Landorus-Therian|Earthquake|p2a: Tenta
|-supereffective|p2a: Tenta
|-damage|p2a: Tenta|11\/361
|move|p2a: Tenta|Scald|p1a: Landorus-Therian
|-supereffective|p1a: Landorus-Therian
|-damage|p1a: Landorus-Therian|0 fnt
|faint|p1a: Landorus-Therian
|
|-heal|p2a: Tenta|33\/361|[from] item: Black Sludge
|
|switch|p1a: Azumarill|Azumarill, M|404\/404
|turn|15
|
|move|p1a: Azumarill|Aqua Jet|p2a: Tenta
|-resisted|p2a: Tenta
|-damage|p2a: Tenta|0 fnt
|faint|p2a: Tenta
|
|
|switch|p2a: Cortacabezas|Rotom-Mow|241\/241
|-damage|p2a: Cortacabezas|211\/241|[from] Stealth Rock
|turn|16
|
|move|p2a: Cortacabezas|Thunderbolt|p1a: Azumarill
|-supereffective|p1a: Azumarill
|-damage|p1a: Azumarill|168\/404
|move|p1a: Azumarill|Ice Punch|p2a: Cortacabezas
|-supereffective|p2a: Cortacabezas
|-damage|p2a: Cortacabezas|19\/241
|
|turn|17
|
|move|p1a: Azumarill|Aqua Jet|p2a: Cortacabezas
|-resisted|p2a: Cortacabezas
|-damage|p2a: Cortacabezas|0 fnt
|faint|p2a: Cortacabezas
|
|
|switch|p2a: BIRD|Pidgeot, M|307\/307
|-damage|p2a: BIRD|231\/307|[from] Stealth Rock
|turn|18
|
|switch|p1a: Heatran|Heatran, F|280\/386
|detailschange|p2a: BIRD|Pidgeot-Mega, M
|-mega|p2a: BIRD|Pidgeot|Pidgeotite
|move|p2a: BIRD|Hurricane|p1a: Heatran
|-resisted|p1a: Heatran
|-damage|p1a: Heatran|206\/386
|-start|p1a: Heatran|confusion
|
|-heal|p1a: Heatran|230\/386|[from] item: Leftovers
|turn|19
|c|âThe Last Hero|Hax Bird Strikes back!
|-message|LuisPablito forfeited.
|
|win|The Last Hero
|raw|Ladder updating...
|raw|LuisPablito's rating: 1605 &rarr; <strong>1590<\/strong><br \/>(-15 for losing)
|raw|The Last Hero's rating: 1683 &rarr; <strong>1699<\/strong><br \/>(+16 for winning)
|leave|LuisPablito
|player|p1