|join|Reverb
|join|The Last Hero
|player|p1|Reverb|#reverb
|player|p2|The Last Hero|54
|gametype|singles
|gen|6
|tier|OU
|rated
|clearpoke
|poke|p1|Charizard, M, shiny
|poke|p1|Venusaur, F, shiny
|poke|p1|Tyranitar, F
|poke|p1|Excadrill, F
|poke|p1|Ferrothorn, M
|poke|p1|Keldeo
|poke|p2|Pidgeot, M
|poke|p2|Rhyperior, M
|poke|p2|Tentacruel, M
|poke|p2|Rotom-Mow
|poke|p2|Scizor, M
|poke|p2|Mienshao, M
|rule|Swagger Clause: Swagger is banned
|rule|Baton Pass Clause: Limit one PokÃ©mon knowing Baton Pass
|rule|Sleep Clause Mod: Limit one foe put to sleep
|rule|Species Clause: Limit one of each PokÃ©mon
|rule|OHKO Clause: OHKO moves are banned
|rule|Moody Clause: Moody is banned
|rule|Evasion Moves Clause: Evasion moves are banned
|rule|Endless Battle Clause: Forcing endless battles is banned
|rule|HP Percentage Mod: HP is shown in percentages
|teampreview
|join|iplaytennislol
|c| iplaytennislol|is this UU or OU?
|c| iplaytennislol|rofl
|c|âThe Last Hero|scizor isn,t allowed in UU
|
|start
|switch|p1a: Keldeo|Keldeo|323\/323
|switch|p2a: BIRD|Pidgeot, M|307\/307
|turn|1
|
|switch|p1a: Tyranitar|Tyranitar, F|382\/382
|-weather|Sandstorm
|switch|p2a: Tenta|Tentacruel, M|361\/361
|
|-weather|Sandstorm|[upkeep]
|-damage|p2a: Tenta|339\/361|[from] sandstorm
|-heal|p2a: Tenta|361\/361|[from] item: Black Sludge
|turn|2
|
|switch|p2a: Mien00b|Mienshao, M|271\/271
|move|p1a: Tyranitar|Crunch|p2a: Mien00b
|-resisted|p2a: Mien00b
|-damage|p2a: Mien00b|94\/271
|
|-weather|Sandstorm|[upkeep]
|-damage|p2a: Mien00b|78\/271|[from] sandstorm
|turn|3
|
|switch|p1a: Ferrothorn|Ferrothorn, M|352\/352
|move|p2a: Mien00b|High Jump Kick|p1a: Ferrothorn
|-supereffective|p1a: Ferrothorn
|-damage|p1a: Ferrothorn|0 fnt
|-damage|p2a: Mien00b|45\/271|[from] ability: Iron Barbs|[of] p1a: Ferrothorn
|-damage|p2a: Mien00b|18\/271|[from] item: Life Orb
|faint|p1a: Ferrothorn
|
|-weather|Sandstorm|[upkeep]
|-damage|p2a: Mien00b|2\/271|[from] sandstorm
|
|switch|p1a: Excadrill|Excadrill, F|361\/361
|turn|4
|
|switch|p2a: Cortacabezas|Rotom-Mow|241\/241
|move|p1a: Excadrill|Earthquake|p2a: Cortacabezas
|-immune|p2a: Cortacabezas|[msg]
|
|-weather|Sandstorm|[upkeep]
|-damage|p2a: Cortacabezas|226\/241|[from] sandstorm
|turn|5
|
|switch|p1a: Venusaur|Venusaur, F, shiny|319\/319
|move|p2a: Cortacabezas|Trick|p1a: Venusaur
|-activate|p2a: Cortacabezas|move: Trick|[of] p1a: Venusaur
|-item|p1a: Venusaur|Choice Scarf|[from] move: Trick
|-item|p2a: Cortacabezas|Life Orb|[from] move: Trick
|
|-weather|none
|turn|6
|
|switch|p2a: Tenta|Tentacruel, M|361\/361
|move|p1a: Venusaur|Hidden Power|p2a: Tenta
|-resisted|p2a: Tenta
|-damage|p2a: Tenta|336\/361
|
|-heal|p2a: Tenta|358\/361|[from] item: Black Sludge
|turn|7
|
|switch|p1a: Tyranitar|Tyranitar, F|382\/382
|-weather|Sandstorm
|switch|p2a: Rhyno|Rhyperior, M|371\/371
|
|-weather|Sandstorm|[upkeep]
|turn|8
|
|switch|p1a: Charizard|Charizard, M, shiny|297\/297
|move|p2a: Rhyno|Rock Blast|p1a: Charizard|[miss]
|-miss|p2a: Rhyno|p1a: Charizard
|
|-weather|Sandstorm|[upkeep]
|-damage|p1a: Charizard|279\/297|[from] sandstorm
|turn|9
|
|switch|p2a: BIRD|Pidgeot, M|307\/307
|detailschange|p1a: Charizard|Charizard-Mega-Y, M, shiny
|-mega|p1a: Charizard|Charizard|Charizardite Y
|-weather|SunnyDay
|move|p1a: Charizard|Solar Beam|p2a: BIRD|[still]
|-prepare|p1a: Charizard|Solar Beam|p2a: BIRD
|-anim|p1a: Charizard|Solar Beam|p2a: BIRD
|-crit|p2a: BIRD
|-resisted|p2a: BIRD
|-damage|p2a: BIRD|137\/307
|
|-weather|SunnyDay|[upkeep]
|turn|10
|
|detailschange|p2a: BIRD|Pidgeot-Mega, M
|-mega|p2a: BIRD|Pidgeot|Pidgeotite
|move|p2a: BIRD|Hyper Beam|p1a: Charizard
|-crit|p1a: Charizard
|-damage|p1a: Charizard|0 fnt
|faint|p1a: Charizard
|
|-weather|SunnyDay|[upkeep]
|
|switch|p1a: Excadrill|Excadrill, F|361\/361
|turn|11
|
|cant|p2a: BIRD|recharge
|move|p1a: Excadrill|Iron Head|p2a: BIRD
|-damage|p2a: BIRD|0 fnt
|-damage|p1a: Excadrill|325\/361|[from] item: Life Orb
|faint|p2a: BIRD
|
|-weather|SunnyDay|[upkeep]
|
|switch|p2a: Mien00b|Mienshao, M|92\/271
|turn|12
|
|move|p2a: Mien00b|High Jump Kick|p1a: Excadrill
|-supereffective|p1a: Excadrill
|-damage|p1a: Excadrill|0 fnt
|-damage|p2a: Mien00b|65\/271|[from] item: Life Orb
|faint|p1a: Excadrill
|
|-weather|SunnyDay|[upkeep]
|
|switch|p1a: Keldeo|Keldeo|323\/323
|turn|13
|
|switch|p2a: Mr. Recortes|Scizor, M|343\/343
|move|p1a: Keldeo|Secret Sword|p2a: Mr. Recortes
|-damage|p2a: Mr. Recortes|184\/343
|
|-weather|none
|turn|14
|
|move|p1a: Keldeo|Secret Sword|p2a: Mr. Recortes
|-damage|p2a: Mr. Recortes|13\/343
|move|p2a: Mr. Recortes|Superpower|p1a: Keldeo
|-damage|p1a: Keldeo|52\/323
|-unboost|p2a: Mr. Recortes|atk|1
|-unboost|p2a: Mr. Recortes|def|1
|
|turn|15
|
|switch|p2a: Tenta|Tentacruel, M|358\/361
|move|p1a: Keldeo|Secret Sword|p2a: Tenta
|-resisted|p2a: Tenta
|-damage|p2a: Tenta|281\/361
|
|-heal|p2a: Tenta|303\/361|[from] item: Black Sludge
|turn|16
|
|switch|p1a: Venusaur|Venusaur, F, shiny|319\/319
|move|p2a: Tenta|Sludge Wave|p1a: Venusaur
|-damage|p1a: Venusaur|219\/319
|
|-heal|p2a: Tenta|325\/361|[from] item: Black Sludge
|turn|17
|
|move|p1a: Venusaur|Sludge Bomb|p2a: Tenta
|-resisted|p2a: Tenta
|-damage|p2a: Tenta|262\/361
|move|p2a: Tenta|Sludge Wave|p1a: Venusaur
|-damage|p1a: Venusaur|131\/319
|
|-heal|p2a: Tenta|284\/361|[from] item: Black Sludge
|turn|18
|join|stay-at-home dad69
|
|switch|p1a: Tyranitar|Tyranitar, F|382\/382
|-weather|Sandstorm
|move|p2a: Tenta|Scald|p1a: Tyranitar
|-supereffective|p1a: Tyranitar
|-damage|p1a: Tyranitar|280\/382
|
|-weather|Sandstorm|[upkeep]
|-damage|p2a: Tenta|262\/361|[from] sandstorm
|-heal|p2a: Tenta|284\/361|[from] item: Black Sludge
|turn|19
|
|move|p2a: Tenta|Scald|p1a: Tyranitar
|-supereffective|p1a: Tyranitar
|-damage|p1a: Tyranitar|172\/382
|-status|p1a: Tyranitar|brn
|move|p1a: Tyranitar|Pursuit|p2a: Tenta
|-damage|p2a: Tenta|230\/361
|
|-weather|Sandstorm|[upkeep]
|-damage|p2a: Tenta|208\/361|[from] sandstorm
|-heal|p2a: Tenta|230\/361|[from] item: Black Sludge
|-damage|p1a: Tyranitar|125\/382 brn|[from] brn
|turn|20
|
|move|p2a: Tenta|Scald|p1a: Tyranitar
|-supereffective|p1a: Tyranitar
|-damage|p1a: Tyranitar|15\/382 brn
|move|p1a: Tyranitar|Pursuit|p2a: Tenta
|-damage|p2a: Tenta|173\/361
|
|-weather|Sandstorm|[upkeep]
|-damage|p2a: Tenta|151\/361|[from] sandstorm
|-heal|p2a: Tenta|173\/361|[from] item: Black Sludge
|-damage|p1a: Tyranitar|0 fnt|[from] brn
|faint|p1a: Tyranitar
|-message|Reverb forfeited.
|
|win|The Last Hero
|raw|Ladder updating...
|leave|Reverb
|player|p1
|raw|Reverb's rating: 1700 &rarr; <strong>1677<\/strong><br \/>(-23 for losing)
|raw|The Last Hero's rating: 1661 &rarr; <strong>1683<\/strong><br \/>(+22 for winning)