|join|Wajdii
|join|The Last Hero
|player|p1|Wajdii|1
|player|p2|The Last Hero|54
|gametype|singles
|gen|6
|tier|OU (suspect test)
|rated
|clearpoke
|poke|p1|Rotom-Wash
|poke|p1|Venusaur, F
|poke|p1|Heatran, M, shiny
|poke|p1|Slurpuff, F, shiny
|poke|p1|Mandibuzz, F, shiny
|poke|p1|Dugtrio, M
|poke|p2|Sableye, M
|poke|p2|Clefable, F
|poke|p2|Tentacruel, M
|poke|p2|Chesnaught, M
|poke|p2|Rhyperior, M
|poke|p2|Moltres
|rule|Swagger Clause: Swagger is banned
|rule|Baton Pass Clause: Limit one PokÃ©mon knowing Baton Pass
|rule|Sleep Clause Mod: Limit one foe put to sleep
|rule|Species Clause: Limit one of each PokÃ©mon
|rule|OHKO Clause: OHKO moves are banned
|rule|Moody Clause: Moody is banned
|rule|Evasion Moves Clause: Evasion moves are banned
|rule|Endless Battle Clause: Forcing endless battles is banned
|rule|HP Percentage Mod: HP is shown in percentages
|teampreview
|
|start
|switch|p1a: Heatran|Heatran, M, shiny|385\/385
|switch|p2a: Sabletroll|Sableye, M|304\/304
|turn|1
|
|detailschange|p2a: Sabletroll|Sableye-Mega, M
|-mega|p2a: Sabletroll|Sableye|Sablenite
|move|p1a: Heatran|Lava Plume|p2a: Sabletroll
|-crit|p2a: Sabletroll
|-damage|p2a: Sabletroll|177\/304
|move|p2a: Sabletroll|Knock Off|p1a: Heatran
|-damage|p1a: Heatran|283\/385
|-enditem|p1a: Heatran|Leftovers|[from] move: Knock Off|[of] p2a: Sabletroll
|
|turn|2
|
|switch|p2a: Fenix Gitano|Moltres|383\/383
|-ability|p2a: Fenix Gitano|Pressure
|move|p1a: Heatran|Lava Plume|p2a: Fenix Gitano
|-resisted|p2a: Fenix Gitano
|-damage|p2a: Fenix Gitano|329\/383
|
|-heal|p2a: Fenix Gitano|352\/383|[from] item: Leftovers
|turn|3
|
|move|p2a: Fenix Gitano|Mud-Slap|p1a: Heatran
|-supereffective|p1a: Heatran
|-damage|p1a: Heatran|223\/385
|-unboost|p1a: Heatran|accuracy|1
|move|p1a: Heatran|Toxic|p2a: Fenix Gitano
|-status|p2a: Fenix Gitano|tox
|
|-heal|p2a: Fenix Gitano|375\/383 tox|[from] item: Leftovers
|-damage|p2a: Fenix Gitano|352\/383 tox|[from] psn
|turn|4
|
|switch|p2a: Sabletroll|Sableye-Mega, M|177\/304
|move|p1a: Heatran|Taunt|p2a: Sabletroll
|move|p2a: Sabletroll|Taunt|p1a: Heatran|[from]Magic Bounce
|-start|p1a: Heatran|move: Taunt
|
|turn|5
|
|move|p1a: Heatran|Lava Plume|p2a: Sabletroll
|-miss|p1a: Heatran|p2a: Sabletroll
|move|p2a: Sabletroll|Recover|p2a: Sabletroll
|-heal|p2a: Sabletroll|304\/304
|
|turn|6
|
|move|p1a: Heatran|Lava Plume|p2a: Sabletroll
|-miss|p1a: Heatran|p2a: Sabletroll
|move|p2a: Sabletroll|Foul Play|p1a: Heatran
|-crit|p1a: Heatran
|-damage|p1a: Heatran|84\/385
|
|turn|7
|
|move|p1a: Heatran|Lava Plume|p2a: Sabletroll
|-miss|p1a: Heatran|p2a: Sabletroll
|move|p2a: Sabletroll|Foul Play|p1a: Heatran
|-damage|p1a: Heatran|2\/385
|
|-end|p1a: Heatran|move: Taunt
|turn|8
|
|switch|p2a: Fenix Gitano|Moltres|352\/383 tox
|-ability|p2a: Fenix Gitano|Pressure
|move|p1a: Heatran|Lava Plume|p2a: Fenix Gitano
|-resisted|p2a: Fenix Gitano
|-damage|p2a: Fenix Gitano|300\/383 tox
|
|-heal|p2a: Fenix Gitano|323\/383 tox|[from] item: Leftovers
|-damage|p2a: Fenix Gitano|300\/383 tox|[from] psn
|turn|9
|
|switch|p2a: Sabletroll|Sableye-Mega, M|304\/304
|move|p1a: Heatran|Protect|p1a: Heatran
|-fail|p1a: Heatran
|
|turn|10
|
|move|p1a: Heatran|Lava Plume|p2a: Sabletroll
|-miss|p1a: Heatran|p2a: Sabletroll
|move|p2a: Sabletroll|Knock Off|p1a: Heatran
|-damage|p1a: Heatran|0 fnt
|faint|p1a: Heatran
|
|
|switch|p1a: Slurpuff|Slurpuff, F, shiny|306\/306
|turn|11
|
|move|p1a: Slurpuff|Substitute|p1a: Slurpuff
|-start|p1a: Slurpuff|Substitute
|-damage|p1a: Slurpuff|230\/306
|move|p2a: Sabletroll|Will-O-Wisp|p1a: Slurpuff
|
|turn|12
|
|move|p1a: Slurpuff|Belly Drum|p1a: Slurpuff
|-damage|p1a: Slurpuff|77\/306
|-setboost|p1a: Slurpuff|atk|6|[from] move: Belly Drum
|-enditem|p1a: Slurpuff|Sitrus Berry|[eat]
|-heal|p1a: Slurpuff|153\/306|[from] item: Sitrus Berry
|move|p2a: Sabletroll|Foul Play|p1a: Slurpuff
|-resisted|p1a: Slurpuff
|-end|p1a: Slurpuff|Substitute
|
|turn|13
|
|switch|p2a: Fabiole|Clefable, F|394\/394
|move|p1a: Slurpuff|Substitute|p1a: Slurpuff
|-start|p1a: Slurpuff|Substitute
|-damage|p1a: Slurpuff|77\/306
|
|turn|14
|
|move|p1a: Slurpuff|Play Rough|p2a: Fabiole
|-damage|p2a: Fabiole|277\/394
|move|p2a: Fabiole|Moonblast|p1a: Slurpuff
|-end|p1a: Slurpuff|Substitute
|
|-heal|p2a: Fabiole|301\/394|[from] item: Leftovers
|turn|15
|
|switch|p1a: Dugtrio|Dugtrio, M|212\/212
|move|p2a: Fabiole|Heal Bell|p2a: Fabiole
|-cureteam|p2a: Fabiole|[from] move: HealBell
|
|-heal|p2a: Fabiole|325\/394|[from] item: Leftovers
|turn|16
|
|move|p1a: Dugtrio|Stealth Rock|p2a: Fabiole
|-sidestart|p2: The Last Hero|move: Stealth Rock
|move|p2a: Fabiole|Moonblast|p1a: Dugtrio
|-damage|p1a: Dugtrio|70\/212
|-unboost|p1a: Dugtrio|spa|1
|
|-heal|p2a: Fabiole|349\/394|[from] item: Leftovers
|turn|17
|
|switch|p1a: Venusaur|Venusaur, F|364\/364
|move|p2a: Fabiole|Protect|p2a: Fabiole
|-fail|p2a: Fabiole
|
|-heal|p2a: Fabiole|373\/394|[from] item: Leftovers
|turn|18
|
|switch|p2a: Tenta|Tentacruel, M|363\/363
|-damage|p2a: Tenta|318\/363|[from] Stealth Rock
|detailschange|p1a: Venusaur|Venusaur-Mega, F
|-mega|p1a: Venusaur|Venusaur|Venusaurite
|move|p1a: Venusaur|Sludge Bomb|p2a: Tenta
|-resisted|p2a: Tenta
|-damage|p2a: Tenta|261\/363
|
|-heal|p2a: Tenta|283\/363|[from] item: Leftovers
|turn|19
|
|move|p2a: Tenta|Rapid Spin|p1a: Venusaur
|-crit|p1a: Venusaur
|-damage|p1a: Venusaur|353\/364
|-sideend|p2: The Last Hero|Stealth Rock|[from] move: Rapid Spin|[of] p2a: Tenta
|move|p1a: Venusaur|Sludge Bomb|p2a: Tenta
|-crit|p2a: Tenta
|-resisted|p2a: Tenta
|-damage|p2a: Tenta|202\/363
|
|-heal|p2a: Tenta|224\/363|[from] item: Leftovers
|turn|20
|
|switch|p2a: Chess|Chesnaught, M|379\/379
|switch|p1a: Slurpuff|Slurpuff, F, shiny|77\/306
|
|turn|21
|
|move|p2a: Chess|Spiky Shield|p2a: Chess
|-singleturn|p2a: Chess|move: Protect
|move|p1a: Slurpuff|Play Rough|p2a: Chess
|-activate|p2a: Chess|move: Protect
|-damage|p1a: Slurpuff|39\/306|[from] Spiky Shield|[of] p2a: Chess
|
|turn|22
|
|switch|p1a: Dugtrio|Dugtrio, M|70\/212
|switch|p2a: Fenix Gitano|Moltres|300\/383
|-ability|p2a: Fenix Gitano|Pressure
|
|-heal|p2a: Fenix Gitano|323\/383|[from] item: Leftovers
|turn|23
|
|switch|p2a: Sabletroll|Sableye-Mega, M|304\/304
|move|p1a: Dugtrio|Earthquake|p2a: Sabletroll
|-damage|p2a: Sabletroll|213\/304
|
|turn|24
|
|switch|p1a: Slurpuff|Slurpuff, F, shiny|39\/306
|move|p2a: Sabletroll|Will-O-Wisp|p1a: Slurpuff
|-status|p1a: Slurpuff|brn
|
|-damage|p1a: Slurpuff|1\/306 brn|[from] brn
|turn|25
|
|move|p1a: Slurpuff|Play Rough|p2a: Sabletroll
|-supereffective|p2a: Sabletroll
|-damage|p2a: Sabletroll|111\/304
|move|p2a: Sabletroll|Recover|p2a: Sabletroll
|-heal|p2a: Sabletroll|263\/304
|
|-damage|p1a: Slurpuff|0 fnt|[from] brn
|faint|p1a: Slurpuff
|
|switch|p1a: Venusaur|Venusaur-Mega, F|353\/364
|turn|26
|
|move|p1a: Venusaur|Sludge Bomb|p2a: Sabletroll
|-resisted|p2a: Sabletroll
|-damage|p2a: Sabletroll|224\/304
|-status|p2a: Sabletroll|psn
|move|p2a: Sabletroll|Will-O-Wisp|p1a: Venusaur|[miss]
|-miss|p2a: Sabletroll|p1a: Venusaur
|
|-damage|p2a: Sabletroll|186\/304 psn|[from] psn
|turn|27
|
|switch|p2a: Chess|Chesnaught, M|379\/379
|move|p1a: Venusaur|Giga Drain|p2a: Chess
|-resisted|p2a: Chess
|-damage|p2a: Chess|310\/379
|-heal|p1a: Venusaur|364\/364|[from] drain|[of] p2a: Chess
|
|-heal|p2a: Chess|333\/379|[from] item: Leftovers
|turn|28
|
|move|p1a: Venusaur|Giga Drain|p2a: Chess
|-resisted|p2a: Chess
|-damage|p2a: Chess|264\/379
|move|p2a: Chess|Spikes|p1a: Venusaur
|-sidestart|p1: Wajdii|Spikes
|
|-heal|p2a: Chess|287\/379|[from] item: Leftovers
|turn|29
|
|move|p1a: Venusaur|Giga Drain|p2a: Chess
|-resisted|p2a: Chess
|-damage|p2a: Chess|224\/379
|move|p2a: Chess|Spikes|p1a: Venusaur
|-sidestart|p1: Wajdii|Spikes
|
|-heal|p2a: Chess|247\/379|[from] item: Leftovers
|turn|30
|
|move|p1a: Venusaur|Giga Drain|p2a: Chess
|-resisted|p2a: Chess
|-damage|p2a: Chess|184\/379
|move|p2a: Chess|Spikes|p1a: Venusaur
|-sidestart|p1: Wajdii|Spikes
|
|-heal|p2a: Chess|207\/379|[from] item: Leftovers
|turn|31
|
|move|p2a: Chess|Spiky Shield|p2a: Chess
|-singleturn|p2a: Chess|move: Protect
|move|p1a: Venusaur|Sludge Bomb|p2a: Chess
|-activate|p2a: Chess|move: Protect
|
|-heal|p2a: Chess|230\/379|[from] item: Leftovers
|turn|32
|
|move|p1a: Venusaur|Giga Drain|p2a: Chess
|-resisted|p2a: Chess
|-damage|p2a: Chess|159\/379
|move|p2a: Chess|Drain Punch|p1a: Venusaur
|-crit|p1a: Venusaur
|-resisted|p1a: Venusaur
|-damage|p1a: Venusaur|314\/364
|-heal|p2a: Chess|184\/379|[from] drain|[of] p1a: Venusaur
|
|-heal|p2a: Chess|207\/379|[from] item: Leftovers
|turn|33
|
|move|p2a: Chess|Spiky Shield|p2a: Chess
|-singleturn|p2a: Chess|move: Protect
|move|p1a: Venusaur|Giga Drain|p2a: Chess
|-activate|p2a: Chess|move: Protect
|
|-heal|p2a: Chess|230\/379|[from] item: Leftovers
|turn|34
|
|switch|p2a: Fenix Gitano|Moltres|323\/383
|-ability|p2a: Fenix Gitano|Pressure
|move|p1a: Venusaur|Giga Drain|p2a: Fenix Gitano
|-resisted|p2a: Fenix Gitano
|-damage|p2a: Fenix Gitano|299\/383
|-heal|p1a: Venusaur|326\/364|[from] drain|[of] p2a: Fenix Gitano
|
|-heal|p2a: Fenix Gitano|322\/383|[from] item: Leftovers
|turn|35
|
|move|p2a: Fenix Gitano|Mud-Slap|p1a: Venusaur
|-damage|p1a: Venusaur|312\/364
|-unboost|p1a: Venusaur|accuracy|1
|move|p1a: Venusaur|Sludge Bomb|p2a: Fenix Gitano
|-damage|p2a: Fenix Gitano|216\/383
|
|-heal|p2a: Fenix Gitano|239\/383|[from] item: Leftovers
|turn|36
|
|switch|p1a: Mandibuzz|Mandibuzz, F, shiny|424\/424
|move|p2a: Fenix Gitano|Mud-Slap|p1a: Mandibuzz
|-immune|p1a: Mandibuzz|[msg]
|
|-heal|p2a: Fenix Gitano|262\/383|[from] item: Leftovers
|turn|37
|
|move|p2a: Fenix Gitano|Toxic|p1a: Mandibuzz
|-status|p1a: Mandibuzz|tox
|move|p1a: Mandibuzz|Defog|p2a: Fenix Gitano
|-unboost|p2a: Fenix Gitano|evasion|1
|-sideend|p1: Wajdii|Spikes|[from] move: Defog|[of] p1a: Mandibuzz
|
|-heal|p2a: Fenix Gitano|285\/383|[from] item: Leftovers
|-damage|p1a: Mandibuzz|398\/424 tox|[from] psn
|turn|38
|
|switch|p2a: Fabiole|Clefable, F|373\/394
|switch|p1a: Venusaur|Venusaur-Mega, F|312\/364
|
|-heal|p2a: Fabiole|394\/394|[from] item: Leftovers
|turn|39
|
|move|p2a: Fabiole|Protect|p2a: Fabiole
|-singleturn|p2a: Fabiole|Protect
|move|p1a: Venusaur|Sludge Bomb|p2a: Fabiole
|-activate|p2a: Fabiole|Protect
|
|turn|40
|
|switch|p2a: Chess|Chesnaught, M|230\/379
|move|p1a: Venusaur|Sludge Bomb|p2a: Chess
|-immune|p2a: Chess|[msg]|[from] Bulletproof
|
|-heal|p2a: Chess|253\/379|[from] item: Leftovers
|turn|41
|
|switch|p1a: Rotom-Wash|Rotom-Wash|304\/304
|move|p2a: Chess|Spiky Shield|p2a: Chess
|-fail|p2a: Chess
|
|-heal|p2a: Chess|276\/379|[from] item: Leftovers
|turn|42
|
|move|p2a: Chess|Spiky Shield|p2a: Chess
|-singleturn|p2a: Chess|move: Protect
|move|p1a: Rotom-Wash|Will-O-Wisp|p2a: Chess
|-activate|p2a: Chess|move: Protect
|
|-heal|p2a: Chess|299\/379|[from] item: Leftovers
|turn|43
|
|move|p1a: Rotom-Wash|Volt Switch|p2a: Chess
|-resisted|p2a: Chess
|-damage|p2a: Chess|242\/379
|
|switch|p1a: Venusaur|Venusaur-Mega, F|312\/364
|move|p2a: Chess|Leech Seed|p1a: Venusaur
|-immune|p1a: Venusaur|[msg]
|
|-heal|p2a: Chess|265\/379|[from] item: Leftovers
|turn|44
|
|move|p1a: Venusaur|Giga Drain|p2a: Chess
|-resisted|p2a: Chess
|-damage|p2a: Chess|197\/379
|-heal|p1a: Venusaur|346\/364|[from] drain|[of] p2a: Chess
|move|p2a: Chess|Spikes|p1a: Venusaur
|-sidestart|p1: Wajdii|Spikes
|
|-heal|p2a: Chess|220\/379|[from] item: Leftovers
|turn|45
|
|switch|p1a: Mandibuzz|Mandibuzz, F, shiny|398\/424 tox
|move|p2a: Chess|Spiky Shield|p2a: Chess
|-fail|p2a: Chess
|
|-heal|p1a: Mandibuzz|424\/424 tox|[from] item: Leftovers
|-heal|p2a: Chess|243\/379|[from] item: Leftovers
|-damage|p1a: Mandibuzz|398\/424 tox|[from] psn
|turn|46
|
|move|p2a: Chess|Spiky Shield|p2a: Chess
|-singleturn|p2a: Chess|move: Protect
|move|p1a: Mandibuzz|Knock Off|p2a: Chess
|-activate|p2a: Chess|move: Protect
|-damage|p1a: Mandibuzz|345\/424 tox|[from] Spiky Shield|[of] p2a: Chess
|
|-heal|p1a: Mandibuzz|371\/424 tox|[from] item: Leftovers
|-heal|p2a: Chess|266\/379|[from] item: Leftovers
|-damage|p1a: Mandibuzz|319\/424 tox|[from] psn
|turn|47
|
|move|p1a: Mandibuzz|Knock Off|p2a: Chess
|-resisted|p2a: Chess
|-damage|p2a: Chess|241\/379
|-enditem|p2a: Chess|Leftovers|[from] move: Knock Off|[of] p1a: Mandibuzz
|move|p2a: Chess|Leech Seed|p1a: Mandibuzz
|-start|p1a: Mandibuzz|move: Leech Seed
|
|-heal|p1a: Mandibuzz|345\/424 tox|[from] item: Leftovers
|-damage|p1a: Mandibuzz|292\/424 tox|[from] Leech Seed|[of] p2a: Chess
|-heal|p2a: Chess|294\/379|[silent]
|-damage|p1a: Mandibuzz|214\/424 tox|[from] psn
|turn|48
|
|switch|p1a: Rotom-Wash|Rotom-Wash|304\/304
|move|p2a: Chess|Drain Punch|p1a: Rotom-Wash
|-damage|p1a: Rotom-Wash|241\/304
|-heal|p2a: Chess|326\/379|[from] drain|[of] p1a: Rotom-Wash
|
|-heal|p1a: Rotom-Wash|260\/304|[from] item: Leftovers
|turn|49
|
|switch|p2a: Fenix Gitano|Moltres|285\/383
|-ability|p2a: Fenix Gitano|Pressure
|move|p1a: Rotom-Wash|Will-O-Wisp|p2a: Fenix Gitano
|-fail|p2a: Fenix Gitano
|
|-heal|p2a: Fenix Gitano|308\/383|[from] item: Leftovers
|-heal|p1a: Rotom-Wash|279\/304|[from] item: Leftovers
|turn|50
|
|move|p2a: Fenix Gitano|Toxic|p1a: Rotom-Wash
|-status|p1a: Rotom-Wash|tox
|move|p1a: Rotom-Wash|Volt Switch|p2a: Fenix Gitano
|-supereffective|p2a: Fenix Gitano
|-damage|p2a: Fenix Gitano|158\/383
|
|switch|p1a: Mandibuzz|Mandibuzz, F, shiny|214\/424 tox
|
|-heal|p2a: Fenix Gitano|181\/383|[from] item: Leftovers
|-heal|p1a: Mandibuzz|240\/424 tox|[from] item: Leftovers
|-damage|p1a: Mandibuzz|214\/424 tox|[from] psn
|turn|51
|
|move|p2a: Fenix Gitano|Flamethrower|p1a: Mandibuzz
|-damage|p1a: Mandibuzz|90\/424 tox
|move|p1a: Mandibuzz|Knock Off|p2a: Fenix Gitano
|-damage|p2a: Fenix Gitano|102\/383
|-enditem|p2a: Fenix Gitano|Leftovers|[from] move: Knock Off|[of] p1a: Mandibuzz
|
|-heal|p1a: Mandibuzz|116\/424 tox|[from] item: Leftovers
|-damage|p1a: Mandibuzz|64\/424 tox|[from] psn
|turn|52
|
|move|p2a: Fenix Gitano|Flamethrower|p1a: Mandibuzz
|-crit|p1a: Mandibuzz
|-damage|p1a: Mandibuzz|0 fnt
|faint|p1a: Mandibuzz
|
|
|switch|p1a: Venusaur|Venusaur-Mega, F|346\/364
|-damage|p1a: Venusaur|301\/364|[from] Spikes
|turn|53
|
|move|p2a: Fenix Gitano|Roost|p2a: Fenix Gitano
|-heal|p2a: Fenix Gitano|294\/383
|move|p1a: Venusaur|Sludge Bomb|p2a: Fenix Gitano
|-damage|p2a: Fenix Gitano|192\/383
|
|turn|54
|
|move|p2a: Fenix Gitano|Mud-Slap|p1a: Venusaur
|-damage|p1a: Venusaur|287\/364
|-unboost|p1a: Venusaur|accuracy|1
|move|p1a: Venusaur|Sludge Bomb|p2a: Fenix Gitano
|-crit|p2a: Fenix Gitano
|-damage|p2a: Fenix Gitano|24\/383
|
|turn|55
|
|move|p2a: Fenix Gitano|Roost|p2a: Fenix Gitano
|-heal|p2a: Fenix Gitano|216\/383
|move|p1a: Venusaur|Sludge Bomb|p2a: Fenix Gitano
|-damage|p2a: Fenix Gitano|96\/383
|
|turn|56
|
|move|p2a: Fenix Gitano|Roost|p2a: Fenix Gitano
|-heal|p2a: Fenix Gitano|288\/383
|move|p1a: Venusaur|Leech Seed|p2a: Fenix Gitano
|-start|p2a: Fenix Gitano|move: Leech Seed
|
|-damage|p2a: Fenix Gitano|241\/383|[from] Leech Seed|[of] p1a: Venusaur
|-heal|p1a: Venusaur|334\/364|[silent]
|turn|57
|
|switch|p2a: Chess|Chesnaught, M|326\/379
|move|p1a: Venusaur|Giga Drain|p2a: Chess
|-resisted|p2a: Chess
|-damage|p2a: Chess|264\/379
|-heal|p1a: Venusaur|364\/364|[from] drain|[of] p2a: Chess
|
|turn|58
|
|move|p1a: Venusaur|Giga Drain|p2a: Chess
|-resisted|p2a: Chess
|-damage|p2a: Chess|193\/379
|move|p2a: Chess|Leech Seed|p1a: Venusaur
|-immune|p1a: Venusaur|[msg]
|
|turn|59
|
|move|p1a: Venusaur|Giga Drain|p2a: Chess|[miss]
|-miss|p1a: Venusaur|p2a: Chess
|move|p2a: Chess|Leech Seed|p1a: Venusaur
|-immune|p1a: Venusaur|[msg]
|
|turn|60
|
|move|p2a: Chess|Spiky Shield|p2a: Chess
|-singleturn|p2a: Chess|move: Protect
|move|p1a: Venusaur|Giga Drain|p2a: Chess
|-activate|p2a: Chess|move: Protect
|
|turn|61
|
|move|p1a: Venusaur|Giga Drain|p2a: Chess
|-resisted|p2a: Chess
|-damage|p2a: Chess|128\/379
|move|p2a: Chess|Spikes|p1a: Venusaur
|-sidestart|p1: Wajdii|Spikes
|
|turn|62
|
|move|p1a: Venusaur|Giga Drain|p2a: Chess
|-resisted|p2a: Chess
|-damage|p2a: Chess|65\/379
|move|p2a: Chess|Leech Seed|p1a: Venusaur
|-immune|p1a: Venusaur|[msg]
|
|turn|63
|
|move|p1a: Venusaur|Giga Drain|p2a: Chess|[miss]
|-miss|p1a: Venusaur|p2a: Chess
|move|p2a: Chess|Leech Seed|p1a: Venusaur
|-immune|p1a: Venusaur|[msg]
|
|turn|64
|
|switch|p1a: Dugtrio|Dugtrio, M|70\/212
|-damage|p1a: Dugtrio|35\/212|[from] Spikes
|move|p2a: Chess|Spiky Shield|p2a: Chess
|-fail|p2a: Chess
|
|turn|65
|
|move|p1a: Dugtrio|Earthquake|p2a: Chess
|-resisted|p2a: Chess
|-damage|p2a: Chess|32\/379
|move|p2a: Chess|Drain Punch|p1a: Dugtrio
|-damage|p1a: Dugtrio|0 fnt
|-heal|p2a: Chess|50\/379|[from] drain|[of] p1a: Dugtrio
|faint|p1a: Dugtrio
|
|
|switch|p1a: Rotom-Wash|Rotom-Wash|279\/304 tox
|turn|66
|
|move|p2a: Chess|Spiky Shield|p2a: Chess
|-singleturn|p2a: Chess|move: Protect
|move|p1a: Rotom-Wash|Will-O-Wisp|p2a: Chess
|-activate|p2a: Chess|move: Protect
|
|-heal|p1a: Rotom-Wash|298\/304 tox|[from] item: Leftovers
|-damage|p1a: Rotom-Wash|279\/304 tox|[from] psn
|turn|67
|
|move|p1a: Rotom-Wash|Hydro Pump|p2a: Chess
|-crit|p2a: Chess
|-resisted|p2a: Chess
|-damage|p2a: Chess|0 fnt
|faint|p2a: Chess
|
|-heal|p1a: Rotom-Wash|298\/304 tox|[from] item: Leftovers
|-damage|p1a: Rotom-Wash|260\/304 tox|[from] psn
|
|switch|p2a: Fenix Gitano|Moltres|241\/383
|-ability|p2a: Fenix Gitano|Pressure
|turn|68
|
|move|p2a: Fenix Gitano|Roost|p2a: Fenix Gitano
|-heal|p2a: Fenix Gitano|383\/383
|move|p1a: Rotom-Wash|Hydro Pump|p2a: Fenix Gitano
|-supereffective|p2a: Fenix Gitano
|-damage|p2a: Fenix Gitano|135\/383
|
|-heal|p1a: Rotom-Wash|279\/304 tox|[from] item: Leftovers
|-damage|p1a: Rotom-Wash|222\/304 tox|[from] psn
|turn|69
|
|move|p2a: Fenix Gitano|Roost|p2a: Fenix Gitano
|-heal|p2a: Fenix Gitano|327\/383
|move|p1a: Rotom-Wash|Volt Switch|p2a: Fenix Gitano
|-damage|p2a: Fenix Gitano|252\/383
|
|switch|p1a: Venusaur|Venusaur-Mega, F|364\/364
|-damage|p1a: Venusaur|304\/364|[from] Spikes
|
|turn|70
|c|âWajdii|man
|c|âWajdii|you stalled me so hard
|
|move|p2a: Fenix Gitano|Mud-Slap|p1a: Venusaur
|-damage|p1a: Venusaur|289\/364
|-unboost|p1a: Venusaur|accuracy|1
|move|p1a: Venusaur|Leech Seed|p2a: Fenix Gitano|[miss]
|-miss|p1a: Venusaur|p2a: Fenix Gitano
|
|turn|71
|c|âThe Last Hero|that is the purpouse of this team
|
|move|p2a: Fenix Gitano|Mud-Slap|p1a: Venusaur
|-damage|p1a: Venusaur|276\/364
|-unboost|p1a: Venusaur|accuracy|1
|move|p1a: Venusaur|Leech Seed|p2a: Fenix Gitano
|-start|p2a: Fenix Gitano|move: Leech Seed
|
|-damage|p2a: Fenix Gitano|205\/383|[from] Leech Seed|[of] p1a: Venusaur
|-heal|p1a: Venusaur|323\/364|[silent]
|turn|72
|-message|Wajdii lost due to inactivity.
|
|win|The Last Hero
|raw|Ladder updating...
|raw|Wajdii's rating: 1427 &rarr; <strong>1407<\/strong><br \/>(-20 for losing)
|raw|The Last Hero's rating: 1431 &rarr; <strong>1451<\/strong><br \/>(+20 for winning)