|join|The Last Hero
|join|d4a1v20
|player|p1|The Last Hero|54
|player|p2|d4a1v20|92
|gametype|singles
|gen|6
|tier|OU (suspect test)
|rated
|clearpoke
|poke|p1|Sableye, M
|poke|p1|Clefable, F
|poke|p1|Tentacruel, M
|poke|p1|Chesnaught, M
|poke|p1|Rhyperior, M
|poke|p1|Moltres
|poke|p2|Infernape, M
|poke|p2|Roserade, F
|poke|p2|Gyarados, F
|poke|p2|Dragonite, M
|poke|p2|Gliscor, M
|poke|p2|Mamoswine, M
|rule|Swagger Clause: Swagger is banned
|rule|Baton Pass Clause: Limit one PokÃ©mon knowing Baton Pass
|rule|Sleep Clause Mod: Limit one foe put to sleep
|rule|Species Clause: Limit one of each PokÃ©mon
|rule|OHKO Clause: OHKO moves are banned
|rule|Moody Clause: Moody is banned
|rule|Evasion Moves Clause: Evasion moves are banned
|rule|Endless Battle Clause: Forcing endless battles is banned
|rule|HP Percentage Mod: HP is shown in percentages
|teampreview
|
|start
|switch|p1a: Sabletroll|Sableye, M|304\/304
|switch|p2a: Mamoswine|Mamoswine, M|423\/423
|turn|1
|
|detailschange|p1a: Sabletroll|Sableye-Mega, M
|-mega|p1a: Sabletroll|Sableye|Sablenite
|move|p1a: Sabletroll|Will-O-Wisp|p2a: Mamoswine
|-status|p2a: Mamoswine|brn
|move|p2a: Mamoswine|Earthquake|p1a: Sabletroll
|-damage|p1a: Sabletroll|220\/304
|
|-damage|p2a: Mamoswine|371\/423 brn|[from] brn
|turn|2
|
|switch|p2a: Gliscor|Gliscor, M|353\/353
|move|p1a: Sabletroll|Knock Off|p2a: Gliscor
|-damage|p2a: Gliscor|289\/353
|-enditem|p2a: Gliscor|Toxic Orb|[from] move: Knock Off|[of] p1a: Sabletroll
|
|turn|3
|
|move|p2a: Gliscor|Toxic|p1a: Sabletroll
|move|p1a: Sabletroll|Toxic|p2a: Gliscor|[from]Magic Bounce
|-status|p2a: Gliscor|tox
|move|p1a: Sabletroll|Will-O-Wisp|p2a: Gliscor|[miss]
|-miss|p1a: Sabletroll|p2a: Gliscor
|
|-heal|p2a: Gliscor|333\/353 tox|[from] ability: Poison Heal
|turn|4
|c|âThe Last Hero|very nice
|c|âThe Last Hero|respect
|
|move|p2a: Gliscor|Earthquake|p1a: Sabletroll
|-damage|p1a: Sabletroll|118\/304
|move|p1a: Sabletroll|Recover|p1a: Sabletroll
|-heal|p1a: Sabletroll|270\/304
|
|-heal|p2a: Gliscor|353\/353 tox|[from] ability: Poison Heal
|turn|5
|c|âd4a1v20|ahaahahahahhah
|c|âd4a1v20|improvisation
|
|move|p2a: Gliscor|Earthquake|p1a: Sabletroll
|-damage|p1a: Sabletroll|179\/304
|move|p1a: Sabletroll|Foul Play|p2a: Gliscor
|-damage|p2a: Gliscor|278\/353 tox
|
|-heal|p2a: Gliscor|322\/353 tox|[from] ability: Poison Heal
|turn|6
|
|move|p2a: Gliscor|Earthquake|p1a: Sabletroll
|-damage|p1a: Sabletroll|85\/304
|move|p1a: Sabletroll|Recover|p1a: Sabletroll
|-heal|p1a: Sabletroll|237\/304
|
|-heal|p2a: Gliscor|353\/353 tox|[from] ability: Poison Heal
|turn|7
|
|move|p2a: Gliscor|Earthquake|p1a: Sabletroll
|-damage|p1a: Sabletroll|137\/304
|move|p1a: Sabletroll|Recover|p1a: Sabletroll
|-heal|p1a: Sabletroll|289\/304
|
|turn|8
|
|move|p2a: Gliscor|Earthquake|p1a: Sabletroll
|-damage|p1a: Sabletroll|192\/304
|move|p1a: Sabletroll|Foul Play|p2a: Gliscor
|-damage|p2a: Gliscor|284\/353 tox
|
|-heal|p2a: Gliscor|328\/353 tox|[from] ability: Poison Heal
|turn|9
|
|move|p2a: Gliscor|Earthquake|p1a: Sabletroll
|-damage|p1a: Sabletroll|95\/304
|move|p1a: Sabletroll|Recover|p1a: Sabletroll
|-heal|p1a: Sabletroll|247\/304
|
|-heal|p2a: Gliscor|353\/353 tox|[from] ability: Poison Heal
|turn|10
|
|move|p2a: Gliscor|Protect|p2a: Gliscor
|-singleturn|p2a: Gliscor|Protect
|move|p1a: Sabletroll|Recover|p1a: Sabletroll
|-heal|p1a: Sabletroll|304\/304
|
|turn|11
|
|move|p2a: Gliscor|Roost|p2a: Gliscor
|-fail|p2a: Gliscor
|move|p1a: Sabletroll|Knock Off|p2a: Gliscor
|-damage|p2a: Gliscor|310\/353 tox
|
|-heal|p2a: Gliscor|353\/353 tox|[from] ability: Poison Heal
|turn|12
|
|move|p2a: Gliscor|Earthquake|p1a: Sabletroll
|-damage|p1a: Sabletroll|216\/304
|move|p1a: Sabletroll|Foul Play|p2a: Gliscor
|-damage|p2a: Gliscor|283\/353 tox
|
|-heal|p2a: Gliscor|327\/353 tox|[from] ability: Poison Heal
|turn|13
|
|move|p2a: Gliscor|Roost|p2a: Gliscor
|-heal|p2a: Gliscor|353\/353 tox
|move|p1a: Sabletroll|Foul Play|p2a: Gliscor
|-damage|p2a: Gliscor|283\/353 tox
|
|-heal|p2a: Gliscor|327\/353 tox|[from] ability: Poison Heal
|turn|14
|
|move|p2a: Gliscor|Roost|p2a: Gliscor
|-heal|p2a: Gliscor|353\/353 tox
|move|p1a: Sabletroll|Foul Play|p2a: Gliscor
|-damage|p2a: Gliscor|280\/353 tox
|
|-heal|p2a: Gliscor|324\/353 tox|[from] ability: Poison Heal
|turn|15
|
|switch|p2a: Infernape|Infernape, M|293\/293
|move|p1a: Sabletroll|Foul Play|p2a: Infernape
|-resisted|p2a: Infernape
|-damage|p2a: Infernape|191\/293
|
|turn|16
|
|switch|p1a: Tenta|Tentacruel, M|363\/363
|move|p2a: Infernape|Fire Punch|p1a: Tenta
|-resisted|p1a: Tenta
|-damage|p1a: Tenta|296\/363
|
|-heal|p1a: Tenta|318\/363|[from] item: Leftovers
|turn|17
|
|move|p2a: Infernape|Thunder Punch|p1a: Tenta
|-supereffective|p1a: Tenta
|-damage|p1a: Tenta|128\/363
|move|p1a: Tenta|Scald|p2a: Infernape
|-supereffective|p2a: Infernape
|-damage|p2a: Infernape|0 fnt
|faint|p2a: Infernape
|
|-heal|p1a: Tenta|150\/363|[from] item: Leftovers
|
|switch|p2a: Gyarados|Gyarados, F|331\/331
|-ability|p2a: Gyarados|Intimidate|[of] p1a: Tenta
|-unboost|p1a: Tenta|atk|1
|turn|18
|
|switch|p1a: Fabiole|Clefable, F|394\/394
|move|p2a: Gyarados|Dragon Dance|p2a: Gyarados
|-boost|p2a: Gyarados|atk|1
|-boost|p2a: Gyarados|spe|1
|
|turn|19
|
|move|p2a: Gyarados|Waterfall|p1a: Fabiole
|-damage|p1a: Fabiole|265\/394
|cant|p1a: Fabiole|flinch
|
|-heal|p1a: Fabiole|289\/394|[from] item: Leftovers
|turn|20
|
|move|p2a: Gyarados|Waterfall|p1a: Fabiole
|-damage|p1a: Fabiole|157\/394
|move|p1a: Fabiole|Wish|p1a: Fabiole
|
|-heal|p1a: Fabiole|181\/394|[from] item: Leftovers
|turn|21
|
|move|p2a: Gyarados|Dragon Dance|p2a: Gyarados
|-boost|p2a: Gyarados|atk|1
|-boost|p2a: Gyarados|spe|1
|move|p1a: Fabiole|Moonblast|p2a: Gyarados
|-damage|p2a: Gyarados|228\/331
|
|-heal|p1a: Fabiole|378\/394|[from] move: Wish|[wisher] Fabiole
|-heal|p1a: Fabiole|394\/394|[from] item: Leftovers
|turn|22
|
|move|p2a: Gyarados|Waterfall|p1a: Fabiole
|-damage|p1a: Fabiole|268\/394
|move|p1a: Fabiole|Moonblast|p2a: Gyarados
|-damage|p2a: Gyarados|123\/331
|
|-heal|p1a: Fabiole|292\/394|[from] item: Leftovers
|turn|23
|
|move|p2a: Gyarados|Waterfall|p1a: Fabiole
|-damage|p1a: Fabiole|166\/394
|move|p1a: Fabiole|Moonblast|p2a: Gyarados
|-damage|p2a: Gyarados|24\/331
|
|-heal|p1a: Fabiole|190\/394|[from] item: Leftovers
|turn|24
|
|switch|p1a: Chess|Chesnaught, M|379\/379
|detailschange|p2a: Gyarados|Gyarados-Mega, F
|-mega|p2a: Gyarados|Gyarados|Gyaradosite
|-ability|p2a: Gyarados|Mold Breaker
|move|p2a: Gyarados|Waterfall|p1a: Chess
|-resisted|p1a: Chess
|-damage|p1a: Chess|261\/379
|
|-heal|p1a: Chess|284\/379|[from] item: Leftovers
|turn|25
|
|move|p1a: Chess|Spiky Shield|p1a: Chess
|-singleturn|p1a: Chess|move: Protect
|move|p2a: Gyarados|Ice Fang|p1a: Chess
|-activate|p1a: Chess|move: Protect
|-damage|p2a: Gyarados|0 fnt|[from] Spiky Shield|[of] p1a: Chess
|faint|p2a: Gyarados
|
|-heal|p1a: Chess|307\/379|[from] item: Leftovers
|
|switch|p2a: Roserade|Roserade, F|324\/324
|turn|26
|
|move|p2a: Roserade|Sludge Bomb|p1a: Chess
|-immune|p1a: Chess|[msg]|[from] Bulletproof
|move|p1a: Chess|Spikes|p2a: Roserade
|-sidestart|p2: d4a1v20|Spikes
|
|-heal|p1a: Chess|330\/379|[from] item: Leftovers
|turn|27
|c|âd4a1v20|oo fuck i forgot
|
|switch|p2a: Dragonite|Dragonite, M|323\/323
|move|p1a: Chess|Leech Seed|p2a: Dragonite
|-start|p2a: Dragonite|move: Leech Seed
|
|-heal|p1a: Chess|353\/379|[from] item: Leftovers
|-damage|p2a: Dragonite|283\/323|[from] Leech Seed|[of] p1a: Chess
|-heal|p1a: Chess|379\/379|[silent]
|turn|28
|
|switch|p1a: Fabiole|Clefable, F|190\/394
|move|p2a: Dragonite|Dragon Dance|p2a: Dragonite
|-boost|p2a: Dragonite|atk|1
|-boost|p2a: Dragonite|spe|1
|
|-heal|p1a: Fabiole|214\/394|[from] item: Leftovers
|-damage|p2a: Dragonite|243\/323|[from] Leech Seed|[of] p1a: Fabiole
|-heal|p1a: Fabiole|254\/394|[silent]
|turn|29
|
|move|p2a: Dragonite|Fire Punch|p1a: Fabiole
|-damage|p1a: Fabiole|167\/394
|-status|p1a: Fabiole|brn
|move|p1a: Fabiole|Moonblast|p2a: Dragonite
|-supereffective|p2a: Dragonite
|-damage|p2a: Dragonite|45\/323
|-enditem|p2a: Dragonite|Weakness Policy
|-boost|p2a: Dragonite|atk|2|[from] item: Weakness Policy
|-boost|p2a: Dragonite|spa|2|[from] item: Weakness Policy
|-unboost|p2a: Dragonite|spa|1
|
|-heal|p1a: Fabiole|191\/394 brn|[from] item: Leftovers
|-damage|p2a: Dragonite|5\/323|[from] Leech Seed|[of] p1a: Fabiole
|-heal|p1a: Fabiole|231\/394 brn|[silent]
|-damage|p1a: Fabiole|182\/394 brn|[from] brn
|turn|30
|
|move|p2a: Dragonite|Extreme Speed|p1a: Fabiole
|-damage|p1a: Fabiole|94\/394 brn
|move|p1a: Fabiole|Heal Bell|p1a: Fabiole
|-cureteam|p1a: Fabiole|[from] move: HealBell
|
|-heal|p1a: Fabiole|118\/394|[from] item: Leftovers
|-damage|p2a: Dragonite|0 fnt|[from] Leech Seed|[of] p1a: Fabiole
|-heal|p1a: Fabiole|123\/394|[silent]
|faint|p2a: Dragonite
|
|switch|p2a: Gliscor|Gliscor, M|324\/353 tox
|turn|31
|
|move|p1a: Fabiole|Protect|p1a: Fabiole
|-singleturn|p1a: Fabiole|Protect
|move|p2a: Gliscor|Earthquake|p1a: Fabiole
|-activate|p1a: Fabiole|Protect
|
|-heal|p1a: Fabiole|147\/394|[from] item: Leftovers
|-heal|p2a: Gliscor|353\/353 tox|[from] ability: Poison Heal
|turn|32
|
|move|p2a: Gliscor|Earthquake|p1a: Fabiole
|-damage|p1a: Fabiole|42\/394
|move|p1a: Fabiole|Wish|p1a: Fabiole
|
|-heal|p1a: Fabiole|66\/394|[from] item: Leftovers
|turn|33
|
|switch|p1a: Sabletroll|Sableye-Mega, M|216\/304
|move|p2a: Gliscor|Earthquake|p1a: Sabletroll
|-damage|p1a: Sabletroll|114\/304
|
|-heal|p1a: Sabletroll|304\/304|[from] move: Wish|[wisher] Fabiole
|turn|34
|
|move|p2a: Gliscor|Earthquake|p1a: Sabletroll
|-damage|p1a: Sabletroll|213\/304
|move|p1a: Sabletroll|Knock Off|p2a: Gliscor
|-damage|p2a: Gliscor|310\/353 tox
|
|-heal|p2a: Gliscor|353\/353 tox|[from] ability: Poison Heal
|turn|35
|
|move|p2a: Gliscor|Earthquake|p1a: Sabletroll
|-damage|p1a: Sabletroll|122\/304
|move|p1a: Sabletroll|Recover|p1a: Sabletroll
|-heal|p1a: Sabletroll|274\/304
|
|turn|36
|
|switch|p2a: Mamoswine|Mamoswine, M|371\/423 brn
|-damage|p2a: Mamoswine|319\/423 brn|[from] Spikes
|move|p1a: Sabletroll|Knock Off|p2a: Mamoswine
|-damage|p2a: Mamoswine|195\/423 brn
|-enditem|p2a: Mamoswine|Focus Sash|[from] move: Knock Off|[of] p1a: Sabletroll
|
|-damage|p2a: Mamoswine|143\/423 brn|[from] brn
|turn|37
|
|move|p2a: Mamoswine|Earthquake|p1a: Sabletroll
|-damage|p1a: Sabletroll|187\/304
|move|p1a: Sabletroll|Recover|p1a: Sabletroll
|-heal|p1a: Sabletroll|304\/304
|
|-damage|p2a: Mamoswine|91\/423 brn|[from] brn
|turn|38
|
|move|p2a: Mamoswine|Earthquake|p1a: Sabletroll
|-damage|p1a: Sabletroll|216\/304
|move|p1a: Sabletroll|Knock Off|p2a: Mamoswine
|-damage|p2a: Mamoswine|15\/423 brn
|
|-damage|p2a: Mamoswine|0 fnt|[from] brn
|faint|p2a: Mamoswine
|
|switch|p2a: Roserade|Roserade, F|324\/324
|-damage|p2a: Roserade|284\/324|[from] Spikes
|turn|39
|
|switch|p1a: Fenix Gitano|Moltres|383\/383
|-ability|p1a: Fenix Gitano|Pressure
|move|p2a: Roserade|Giga Drain|p1a: Fenix Gitano
|-resisted|p1a: Fenix Gitano
|-damage|p1a: Fenix Gitano|361\/383
|-heal|p2a: Roserade|295\/324|[from] drain|[of] p1a: Fenix Gitano
|
|-heal|p2a: Roserade|315\/324|[from] item: Leftovers
|-heal|p1a: Fenix Gitano|383\/383|[from] item: Leftovers
|turn|40
|
|switch|p2a: Gliscor|Gliscor, M|353\/353 tox
|move|p1a: Fenix Gitano|Flamethrower|p2a: Gliscor
|-damage|p2a: Gliscor|179\/353 tox
|
|-heal|p2a: Gliscor|223\/353 tox|[from] ability: Poison Heal
|turn|41
|
|switch|p1a: Sabletroll|Sableye-Mega, M|216\/304
|move|p2a: Gliscor|Toxic|p1a: Sabletroll
|move|p1a: Sabletroll|Toxic|p2a: Gliscor|[from]Magic Bounce
|-fail|p2a: Gliscor|tox
|
|-heal|p2a: Gliscor|267\/353 tox|[from] ability: Poison Heal
|turn|42
|
|move|p2a: Gliscor|Roost|p2a: Gliscor
|-heal|p2a: Gliscor|353\/353 tox
|move|p1a: Sabletroll|Recover|p1a: Sabletroll
|-heal|p1a: Sabletroll|304\/304
|
|turn|43
|
|move|p2a: Gliscor|Earthquake|p1a: Sabletroll
|-crit|p1a: Sabletroll
|-damage|p1a: Sabletroll|166\/304
|move|p1a: Sabletroll|Knock Off|p2a: Gliscor
|-damage|p2a: Gliscor|313\/353 tox
|
|-heal|p2a: Gliscor|353\/353 tox|[from] ability: Poison Heal
|turn|44
|
|move|p2a: Gliscor|Earthquake|p1a: Sabletroll
|-damage|p1a: Sabletroll|78\/304
|move|p1a: Sabletroll|Recover|p1a: Sabletroll
|-heal|p1a: Sabletroll|230\/304
|
|turn|45
|
|move|p2a: Gliscor|Earthquake|p1a: Sabletroll
|-damage|p1a: Sabletroll|136\/304
|move|p1a: Sabletroll|Knock Off|p2a: Gliscor
|-damage|p2a: Gliscor|311\/353 tox
|
|-heal|p2a: Gliscor|353\/353 tox|[from] ability: Poison Heal
|turn|46
|
|move|p2a: Gliscor|Earthquake|p1a: Sabletroll
|-damage|p1a: Sabletroll|42\/304
|move|p1a: Sabletroll|Recover|p1a: Sabletroll
|-heal|p1a: Sabletroll|194\/304
|
|turn|47
|c|âd4a1v20|the end of the run XD i can't use earthquake anymore
|
|move|p2a: Gliscor|Toxic|p1a: Sabletroll
|move|p1a: Sabletroll|Toxic|p2a: Gliscor|[from]Magic Bounce
|-fail|p2a: Gliscor|tox
|move|p1a: Sabletroll|Recover|p1a: Sabletroll
|-heal|p1a: Sabletroll|304\/304
|
|turn|48
|c|âThe Last Hero|i know xD
|c|âd4a1v20|it is a problem if i forfeit? XD
|
|switch|p2a: Roserade|Roserade, F|315\/324
|-damage|p2a: Roserade|275\/324|[from] Spikes
|switch|p1a: Tenta|Tentacruel, M|150\/363
|
|-heal|p1a: Tenta|172\/363|[from] item: Leftovers
|-heal|p2a: Roserade|295\/324|[from] item: Leftovers
|turn|49
|c|âThe Last Hero|no, it isn,t
|c|âd4a1v20|good game :D
|c|âThe Last Hero|gg
|-message|d4a1v20 forfeited.
|
|win|The Last Hero
|raw|Ladder updating...
|leave|d4a1v20
|player|p2
|raw|The Last Hero's rating: 1322 &rarr; <strong>1337<\/strong><br \/>(+15 for winning)
|raw|d4a1v20's rating: 1241 &rarr; <strong>1222<\/strong><br \/>(-19 for losing)