|join|The Last Hero
|join|Greg Is Love
|player|p1|The Last Hero|54
|player|p2|Greg Is Love|92
|gametype|singles
|gen|6
|tier|OU (suspect test)
|rated
|clearpoke
|poke|p1|Sableye, M
|poke|p1|Clefable, F
|poke|p1|Tentacruel, M
|poke|p1|Chesnaught, M
|poke|p1|Rhyperior, M
|poke|p1|Moltres
|poke|p2|Tyranitar, M
|poke|p2|Altaria, F
|poke|p2|Excadrill, M
|poke|p2|Keldeo
|poke|p2|Ferrothorn, F
|poke|p2|Talonflame, F
|rule|Swagger Clause: Swagger is banned
|rule|Baton Pass Clause: Limit one PokÃ©mon knowing Baton Pass
|rule|Sleep Clause Mod: Limit one foe put to sleep
|rule|Species Clause: Limit one of each PokÃ©mon
|rule|OHKO Clause: OHKO moves are banned
|rule|Moody Clause: Moody is banned
|rule|Evasion Moves Clause: Evasion moves are banned
|rule|Endless Battle Clause: Forcing endless battles is banned
|rule|HP Percentage Mod: HP is shown in percentages
|teampreview
|
|start
|switch|p1a: Chess|Chesnaught, M|379\/379
|switch|p2a: Altaria|Altaria, F|297\/297
|-ability|p2a: Altaria|Cloud Nine
|turn|1
|
|switch|p1a: Fenix Gitano|Moltres|383\/383
|-ability|p1a: Fenix Gitano|Pressure
|detailschange|p2a: Altaria|Altaria-Mega, F
|-mega|p2a: Altaria|Altaria|Altarianite
|move|p2a: Altaria|Hyper Voice|p1a: Fenix Gitano
|-resisted|p1a: Fenix Gitano
|-damage|p1a: Fenix Gitano|308\/383
|
|-heal|p1a: Fenix Gitano|331\/383|[from] item: Leftovers
|turn|2
|
|switch|p2a: Talonflame|Talonflame, F|319\/319
|move|p1a: Fenix Gitano|Toxic|p2a: Talonflame|[miss]
|-miss|p1a: Fenix Gitano|p2a: Talonflame
|
|-heal|p1a: Fenix Gitano|354\/383|[from] item: Leftovers
|turn|3
|
|switch|p2a: Keldeo|Keldeo|323\/323
|move|p1a: Fenix Gitano|Toxic|p2a: Keldeo
|-status|p2a: Keldeo|tox
|
|-heal|p1a: Fenix Gitano|377\/383|[from] item: Leftovers
|-damage|p2a: Keldeo|303\/323 tox|[from] psn
|turn|4
|
|switch|p1a: Tenta|Tentacruel, M|363\/363
|move|p2a: Keldeo|Scald|p1a: Tenta
|-crit|p1a: Tenta
|-resisted|p1a: Tenta
|-damage|p1a: Tenta|224\/363
|
|-heal|p1a: Tenta|246\/363|[from] item: Leftovers
|-damage|p2a: Keldeo|263\/323 tox|[from] psn
|turn|5
|
|move|p2a: Keldeo|Scald|p1a: Tenta
|-resisted|p1a: Tenta
|-damage|p1a: Tenta|153\/363
|move|p1a: Tenta|Scald|p2a: Keldeo
|-resisted|p2a: Keldeo
|-damage|p2a: Keldeo|224\/323 tox
|
|-heal|p1a: Tenta|175\/363|[from] item: Leftovers
|-damage|p2a: Keldeo|164\/323 tox|[from] psn
|turn|6
|
|switch|p2a: Altaria|Altaria-Mega, F|297\/297
|move|p1a: Tenta|Sludge Bomb|p2a: Altaria
|-supereffective|p2a: Altaria
|-damage|p2a: Altaria|139\/297
|
|-heal|p1a: Tenta|197\/363|[from] item: Leftovers
|turn|7
|
|switch|p2a: Keldeo|Keldeo|164\/323 tox
|switch|p1a: Fenix Gitano|Moltres|377\/383
|-ability|p1a: Fenix Gitano|Pressure
|
|-heal|p1a: Fenix Gitano|383\/383|[from] item: Leftovers
|-damage|p2a: Keldeo|144\/323 tox|[from] psn
|turn|8
|
|switch|p1a: Tenta|Tentacruel, M|197\/363
|move|p2a: Keldeo|Hydro Pump|p1a: Tenta
|-resisted|p1a: Tenta
|-damage|p1a: Tenta|65\/363
|
|-heal|p1a: Tenta|87\/363|[from] item: Leftovers
|-damage|p2a: Keldeo|104\/323 tox|[from] psn
|turn|9
|
|switch|p1a: Chess|Chesnaught, M|379\/379
|move|p2a: Keldeo|Hydro Pump|p1a: Chess
|-resisted|p1a: Chess
|-damage|p1a: Chess|190\/379
|
|-heal|p1a: Chess|213\/379|[from] item: Leftovers
|-damage|p2a: Keldeo|44\/323 tox|[from] psn
|turn|10
|
|switch|p2a: Altaria|Altaria-Mega, F|139\/297
|move|p1a: Chess|Spiky Shield|p1a: Chess
|-fail|p1a: Chess
|
|-heal|p1a: Chess|236\/379|[from] item: Leftovers
|turn|11
|
|switch|p1a: Fenix Gitano|Moltres|383\/383
|-ability|p1a: Fenix Gitano|Pressure
|move|p2a: Altaria|Roost|p2a: Altaria
|-heal|p2a: Altaria|288\/297
|
|turn|12
|
|switch|p2a: Tyranitar|Tyranitar, M|365\/365
|-weather|Sandstorm
|move|p1a: Fenix Gitano|Mud-Slap|p2a: Tyranitar
|-crit|p2a: Tyranitar
|-supereffective|p2a: Tyranitar
|-damage|p2a: Tyranitar|325\/365
|-unboost|p2a: Tyranitar|accuracy|1
|
|-weather|Sandstorm|[upkeep]
|-damage|p1a: Fenix Gitano|360\/383|[from] sandstorm
|-heal|p1a: Fenix Gitano|383\/383|[from] item: Leftovers
|turn|13
|
|switch|p1a: Sabletroll|Sableye, M|304\/304
|move|p2a: Tyranitar|Stealth Rock|p1a: Sabletroll
|-sidestart|p1: The Last Hero|move: Stealth Rock
|
|-weather|Sandstorm|[upkeep]
|-damage|p1a: Sabletroll|285\/304|[from] sandstorm
|turn|14
|
|switch|p2a: Altaria|Altaria-Mega, F|288\/297
|detailschange|p1a: Sabletroll|Sableye-Mega, M
|-mega|p1a: Sabletroll|Sableye|Sablenite
|move|p1a: Sabletroll|Foul Play|p2a: Altaria
|-resisted|p2a: Altaria
|-damage|p2a: Altaria|236\/297
|
|-weather|Sandstorm|[upkeep]
|-damage|p2a: Altaria|218\/297|[from] sandstorm
|-damage|p1a: Sabletroll|266\/304|[from] sandstorm
|turn|15
|
|switch|p1a: Rhyno|Rhyperior, M|433\/433
|-damage|p1a: Rhyno|406\/433|[from] Stealth Rock
|move|p2a: Altaria|Hyper Voice|p1a: Rhyno
|-damage|p1a: Rhyno|288\/433
|
|-weather|Sandstorm|[upkeep]
|-damage|p2a: Altaria|200\/297|[from] sandstorm
|-heal|p1a: Rhyno|315\/433|[from] item: Leftovers
|turn|16
|
|switch|p2a: Ferrothorn|Ferrothorn, F|352\/352
|move|p1a: Rhyno|Stealth Rock|p2a: Ferrothorn
|-sidestart|p2: Greg Is Love|move: Stealth Rock
|
|-weather|Sandstorm|[upkeep]
|-heal|p1a: Rhyno|342\/433|[from] item: Leftovers
|turn|17
|
|switch|p1a: Sabletroll|Sableye-Mega, M|266\/304
|-damage|p1a: Sabletroll|228\/304|[from] Stealth Rock
|switch|p2a: Altaria|Altaria-Mega, F|200\/297
|-damage|p2a: Altaria|163\/297|[from] Stealth Rock
|
|-weather|Sandstorm|[upkeep]
|-damage|p2a: Altaria|145\/297|[from] sandstorm
|-damage|p1a: Sabletroll|209\/304|[from] sandstorm
|turn|18
|
|switch|p1a: Rhyno|Rhyperior, M|342\/433
|-damage|p1a: Rhyno|315\/433|[from] Stealth Rock
|move|p2a: Altaria|Hyper Voice|p1a: Rhyno
|-damage|p1a: Rhyno|189\/433
|
|-weather|Sandstorm|[upkeep]
|-damage|p2a: Altaria|127\/297|[from] sandstorm
|-heal|p1a: Rhyno|216\/433|[from] item: Leftovers
|turn|19
|
|switch|p2a: Ferrothorn|Ferrothorn, F|352\/352
|-damage|p2a: Ferrothorn|330\/352|[from] Stealth Rock
|move|p1a: Rhyno|Roar|p2a: Ferrothorn
|drag|p2a: Tyranitar|Tyranitar, M|325\/365
|-damage|p2a: Tyranitar|280\/365|[from] Stealth Rock
|
|-weather|none
|-heal|p1a: Rhyno|243\/433|[from] item: Leftovers
|turn|20
|
|move|p2a: Tyranitar|Superpower|p1a: Rhyno
|-supereffective|p1a: Rhyno
|-damage|p1a: Rhyno|71\/433
|-unboost|p2a: Tyranitar|atk|1
|-unboost|p2a: Tyranitar|def|1
|move|p1a: Rhyno|Earthquake|p2a: Tyranitar
|-supereffective|p2a: Tyranitar
|-damage|p2a: Tyranitar|0 fnt
|faint|p2a: Tyranitar
|
|-heal|p1a: Rhyno|98\/433|[from] item: Leftovers
|
|switch|p2a: Keldeo|Keldeo|44\/323 tox
|-damage|p2a: Keldeo|24\/323 tox|[from] Stealth Rock
|turn|21
|
|switch|p1a: Tenta|Tentacruel, M|87\/363
|-damage|p1a: Tenta|42\/363|[from] Stealth Rock
|move|p2a: Keldeo|Scald|p1a: Tenta
|-resisted|p1a: Tenta
|-damage|p1a: Tenta|0 fnt
|faint|p1a: Tenta
|
|-damage|p2a: Keldeo|4\/323 tox|[from] psn
|
|switch|p1a: Fabiole|Clefable, F|394\/394
|-damage|p1a: Fabiole|345\/394|[from] Stealth Rock
|turn|22
|
|switch|p2a: Excadrill|Excadrill, M|361\/361
|-damage|p2a: Excadrill|350\/361|[from] Stealth Rock
|move|p1a: Fabiole|Wish|p1a: Fabiole
|
|-heal|p1a: Fabiole|369\/394|[from] item: Leftovers
|turn|23
|
|switch|p1a: Chess|Chesnaught, M|236\/379
|-damage|p1a: Chess|213\/379|[from] Stealth Rock
|move|p2a: Excadrill|Earthquake|p1a: Chess
|-resisted|p1a: Chess
|-damage|p1a: Chess|126\/379
|-damage|p2a: Excadrill|314\/361|[from] item: Life Orb
|
|-heal|p1a: Chess|323\/379|[from] move: Wish|[wisher] Fabiole
|-heal|p1a: Chess|346\/379|[from] item: Leftovers
|turn|24
|
|move|p2a: Excadrill|Rapid Spin|p1a: Chess
|-damage|p1a: Chess|323\/379
|-sideend|p2: Greg Is Love|Stealth Rock|[from] move: Rapid Spin|[of] p2a: Excadrill
|-damage|p2a: Excadrill|278\/361|[from] item: Life Orb
|move|p1a: Chess|Spikes|p2a: Excadrill
|-sidestart|p2: Greg Is Love|Spikes
|
|-heal|p1a: Chess|346\/379|[from] item: Leftovers
|turn|25
|
|move|p2a: Excadrill|Rapid Spin|p1a: Chess
|-damage|p1a: Chess|324\/379
|-sideend|p2: Greg Is Love|Spikes|[from] move: Rapid Spin|[of] p2a: Excadrill
|-damage|p2a: Excadrill|242\/361|[from] item: Life Orb
|move|p1a: Chess|Leech Seed|p2a: Excadrill
|-start|p2a: Excadrill|move: Leech Seed
|
|-heal|p1a: Chess|347\/379|[from] item: Leftovers
|-damage|p2a: Excadrill|197\/361|[from] Leech Seed|[of] p1a: Chess
|-heal|p1a: Chess|379\/379|[silent]
|turn|26
|
|switch|p2a: Talonflame|Talonflame, F|319\/319
|move|p1a: Chess|Leech Seed|p2a: Talonflame
|-start|p2a: Talonflame|move: Leech Seed
|
|-damage|p2a: Talonflame|280\/319|[from] Leech Seed|[of] p1a: Chess
|turn|27
|
|move|p1a: Chess|Spiky Shield|p1a: Chess
|-singleturn|p1a: Chess|move: Protect
|move|p2a: Talonflame|Swords Dance|p2a: Talonflame
|-boost|p2a: Talonflame|atk|2
|
|-damage|p2a: Talonflame|241\/319|[from] Leech Seed|[of] p1a: Chess
|turn|28
|
|switch|p1a: Fabiole|Clefable, F|369\/394
|-damage|p1a: Fabiole|320\/394|[from] Stealth Rock
|move|p2a: Talonflame|Brave Bird|p1a: Fabiole
|-damage|p1a: Fabiole|151\/394
|-damage|p2a: Talonflame|185\/319|[from] recoil|[of] p1a: Fabiole
|
|-heal|p1a: Fabiole|175\/394|[from] item: Leftovers
|-damage|p2a: Talonflame|146\/319|[from] Leech Seed|[of] p1a: Fabiole
|-heal|p1a: Fabiole|214\/394|[silent]
|turn|29
|
|move|p2a: Talonflame|Roost|p2a: Talonflame
|-heal|p2a: Talonflame|306\/319
|move|p1a: Fabiole|Wish|p1a: Fabiole
|
|-heal|p1a: Fabiole|238\/394|[from] item: Leftovers
|-damage|p2a: Talonflame|267\/319|[from] Leech Seed|[of] p1a: Fabiole
|-heal|p1a: Fabiole|277\/394|[silent]
|turn|30
|
|move|p2a: Talonflame|Brave Bird|p1a: Fabiole
|-damage|p1a: Fabiole|121\/394
|-damage|p2a: Talonflame|216\/319|[from] recoil|[of] p1a: Fabiole
|move|p1a: Fabiole|Moonblast|p2a: Talonflame
|-resisted|p2a: Talonflame
|-damage|p2a: Talonflame|142\/319
|
|-heal|p1a: Fabiole|318\/394|[from] move: Wish|[wisher] Fabiole
|-heal|p1a: Fabiole|342\/394|[from] item: Leftovers
|-damage|p2a: Talonflame|103\/319|[from] Leech Seed|[of] p1a: Fabiole
|-heal|p1a: Fabiole|381\/394|[silent]
|turn|31
|
|move|p2a: Talonflame|Roost|p2a: Talonflame
|-heal|p2a: Talonflame|263\/319
|move|p1a: Fabiole|Wish|p1a: Fabiole
|
|-heal|p1a: Fabiole|394\/394|[from] item: Leftovers
|-damage|p2a: Talonflame|224\/319|[from] Leech Seed|[of] p1a: Fabiole
|turn|32
|
|move|p2a: Talonflame|Roost|p2a: Talonflame
|-heal|p2a: Talonflame|319\/319
|move|p1a: Fabiole|Moonblast|p2a: Talonflame
|-resisted|p2a: Talonflame
|-damage|p2a: Talonflame|246\/319
|
|-damage|p2a: Talonflame|207\/319|[from] Leech Seed|[of] p1a: Fabiole
|turn|33
|
|switch|p2a: Excadrill|Excadrill, M|197\/361
|move|p1a: Fabiole|Wish|p1a: Fabiole
|
|turn|34
|
|switch|p2a: Altaria|Altaria-Mega, F|127\/297
|switch|p1a: Chess|Chesnaught, M|379\/379
|-damage|p1a: Chess|356\/379|[from] Stealth Rock
|
|-heal|p1a: Chess|379\/379|[from] move: Wish|[wisher] Fabiole
|turn|35
|
|switch|p1a: Fenix Gitano|Moltres|383\/383
|-damage|p1a: Fenix Gitano|192\/383|[from] Stealth Rock
|-ability|p1a: Fenix Gitano|Pressure
|move|p2a: Altaria|Hyper Voice|p1a: Fenix Gitano
|-resisted|p1a: Fenix Gitano
|-damage|p1a: Fenix Gitano|108\/383
|
|-heal|p1a: Fenix Gitano|131\/383|[from] item: Leftovers
|turn|36
|
|switch|p2a: Talonflame|Talonflame, F|207\/319
|move|p1a: Fenix Gitano|Roost|p1a: Fenix Gitano
|-heal|p1a: Fenix Gitano|323\/383
|
|-heal|p1a: Fenix Gitano|346\/383|[from] item: Leftovers
|turn|37
|
|move|p2a: Talonflame|Brave Bird|p1a: Fenix Gitano
|-damage|p1a: Fenix Gitano|175\/383
|-damage|p2a: Talonflame|151\/319|[from] recoil|[of] p1a: Fenix Gitano
|move|p1a: Fenix Gitano|Toxic|p2a: Talonflame
|-status|p2a: Talonflame|tox
|
|-heal|p1a: Fenix Gitano|198\/383|[from] item: Leftovers
|-damage|p2a: Talonflame|132\/319 tox|[from] psn
|turn|38
|
|move|p2a: Talonflame|Brave Bird|p1a: Fenix Gitano
|-damage|p1a: Fenix Gitano|30\/383
|-damage|p2a: Talonflame|77\/319 tox|[from] recoil|[of] p1a: Fenix Gitano
|move|p1a: Fenix Gitano|Roost|p1a: Fenix Gitano
|-heal|p1a: Fenix Gitano|222\/383
|
|-heal|p1a: Fenix Gitano|245\/383|[from] item: Leftovers
|-damage|p2a: Talonflame|39\/319 tox|[from] psn
|turn|39
|
|move|p2a: Talonflame|Roost|p2a: Talonflame
|-heal|p2a: Talonflame|199\/319 tox
|move|p1a: Fenix Gitano|Roost|p1a: Fenix Gitano
|-heal|p1a: Fenix Gitano|383\/383
|
|-damage|p2a: Talonflame|142\/319 tox|[from] psn
|turn|40
|
|move|p2a: Talonflame|Roost|p2a: Talonflame
|-heal|p2a: Talonflame|302\/319 tox
|move|p1a: Fenix Gitano|Roost|p1a: Fenix Gitano
|-fail|p1a: Fenix Gitano
|
|-damage|p2a: Talonflame|226\/319 tox|[from] psn
|turn|41
|
|move|p2a: Talonflame|Swords Dance|p2a: Talonflame
|-boost|p2a: Talonflame|atk|2
|move|p1a: Fenix Gitano|Flamethrower|p2a: Talonflame
|-resisted|p2a: Talonflame
|-damage|p2a: Talonflame|137\/319 tox
|
|-damage|p2a: Talonflame|42\/319 tox|[from] psn
|turn|42
|
|switch|p2a: Excadrill|Excadrill, M|197\/361
|switch|p1a: Fabiole|Clefable, F|394\/394
|-damage|p1a: Fabiole|345\/394|[from] Stealth Rock
|
|-heal|p1a: Fabiole|369\/394|[from] item: Leftovers
|turn|43
|
|move|p1a: Fabiole|Protect|p1a: Fabiole
|-singleturn|p1a: Fabiole|Protect
|move|p2a: Excadrill|Iron Head|p1a: Fabiole
|-activate|p1a: Fabiole|Protect
|
|-heal|p1a: Fabiole|393\/394|[from] item: Leftovers
|turn|44
|
|switch|p2a: Altaria|Altaria-Mega, F|127\/297
|switch|p1a: Chess|Chesnaught, M|379\/379
|-damage|p1a: Chess|356\/379|[from] Stealth Rock
|
|-heal|p1a: Chess|379\/379|[from] item: Leftovers
|turn|45
|
|switch|p2a: Excadrill|Excadrill, M|197\/361
|move|p1a: Chess|Spiky Shield|p1a: Chess
|-fail|p1a: Chess
|
|turn|46
|
|switch|p2a: Ferrothorn|Ferrothorn, F|330\/352
|move|p1a: Chess|Leech Seed|p2a: Ferrothorn
|-immune|p2a: Ferrothorn|[msg]
|
|-heal|p2a: Ferrothorn|352\/352|[from] item: Leftovers
|turn|47
|
|move|p1a: Chess|Leech Seed|p2a: Ferrothorn
|-immune|p2a: Ferrothorn|[msg]
|move|p2a: Ferrothorn|Spikes|p1a: Chess
|-sidestart|p1: The Last Hero|Spikes
|
|turn|48
|
|switch|p2a: Altaria|Altaria-Mega, F|127\/297
|move|p1a: Chess|Leech Seed|p2a: Altaria
|-start|p2a: Altaria|move: Leech Seed
|
|-damage|p2a: Altaria|90\/297|[from] Leech Seed|[of] p1a: Chess
|turn|49
|
|switch|p1a: Fenix Gitano|Moltres|383\/383
|-damage|p1a: Fenix Gitano|192\/383|[from] Stealth Rock
|-ability|p1a: Fenix Gitano|Pressure
|move|p2a: Altaria|Roost|p2a: Altaria
|-heal|p2a: Altaria|239\/297
|
|-heal|p1a: Fenix Gitano|215\/383|[from] item: Leftovers
|-damage|p2a: Altaria|202\/297|[from] Leech Seed|[of] p1a: Fenix Gitano
|-heal|p1a: Fenix Gitano|252\/383|[silent]
|turn|50
|
|switch|p2a: Talonflame|Talonflame, F|42\/319 tox
|move|p1a: Fenix Gitano|Roost|p1a: Fenix Gitano
|-heal|p1a: Fenix Gitano|383\/383
|
|-damage|p2a: Talonflame|23\/319 tox|[from] psn
|turn|51
|
|move|p2a: Talonflame|Roost|p2a: Talonflame
|-heal|p2a: Talonflame|183\/319 tox
|move|p1a: Fenix Gitano|Mud-Slap|p2a: Talonflame
|-supereffective|p2a: Talonflame
|-damage|p2a: Talonflame|129\/319 tox
|-unboost|p2a: Talonflame|accuracy|1
|
|-damage|p2a: Talonflame|91\/319 tox|[from] psn
|turn|52
|
|move|p2a: Talonflame|Roost|p2a: Talonflame
|-heal|p2a: Talonflame|251\/319 tox
|move|p1a: Fenix Gitano|Mud-Slap|p2a: Talonflame
|-supereffective|p2a: Talonflame
|-damage|p2a: Talonflame|195\/319 tox
|-unboost|p2a: Talonflame|accuracy|1
|
|-damage|p2a: Talonflame|138\/319 tox|[from] psn
|turn|53
|
|switch|p2a: Ferrothorn|Ferrothorn, F|352\/352
|move|p1a: Fenix Gitano|Flamethrower|p2a: Ferrothorn
|-supereffective|p2a: Ferrothorn
|-damage|p2a: Ferrothorn|0 fnt
|faint|p2a: Ferrothorn
|
|c|âGreg Is Love|shit
|
|switch|p2a: Keldeo|Keldeo|4\/323 tox
|turn|54
|
|switch|p2a: Altaria|Altaria-Mega, F|202\/297
|switch|p1a: Rhyno|Rhyperior, M|98\/433
|-damage|p1a: Rhyno|71\/433|[from] Stealth Rock
|-damage|p1a: Rhyno|17\/433|[from] Spikes
|
|-heal|p1a: Rhyno|44\/433|[from] item: Leftovers
|turn|55
|
|move|p2a: Altaria|Hyper Voice|p1a: Rhyno
|-damage|p1a: Rhyno|0 fnt
|faint|p1a: Rhyno
|
|
|switch|p1a: Fenix Gitano|Moltres|383\/383
|-damage|p1a: Fenix Gitano|192\/383|[from] Stealth Rock
|-ability|p1a: Fenix Gitano|Pressure
|turn|56
|
|switch|p2a: Talonflame|Talonflame, F|138\/319 tox
|move|p1a: Fenix Gitano|Roost|p1a: Fenix Gitano
|-heal|p1a: Fenix Gitano|383\/383
|
|-damage|p2a: Talonflame|119\/319 tox|[from] psn
|turn|57
|
|move|p2a: Talonflame|Roost|p2a: Talonflame
|-heal|p2a: Talonflame|279\/319 tox
|move|p1a: Fenix Gitano|Mud-Slap|p2a: Talonflame
|-crit|p2a: Talonflame
|-supereffective|p2a: Talonflame
|-damage|p2a: Talonflame|199\/319 tox
|-unboost|p2a: Talonflame|accuracy|1
|
|-damage|p2a: Talonflame|161\/319 tox|[from] psn
|turn|58
|
|move|p2a: Talonflame|Swords Dance|p2a: Talonflame
|-boost|p2a: Talonflame|atk|2
|move|p1a: Fenix Gitano|Flamethrower|p2a: Talonflame
|-resisted|p2a: Talonflame
|-damage|p2a: Talonflame|70\/319 tox
|
|-damage|p2a: Talonflame|13\/319 tox|[from] psn
|turn|59
|
|move|p2a: Talonflame|Brave Bird|p1a: Fenix Gitano
|-damage|p1a: Fenix Gitano|44\/383
|-damage|p2a: Talonflame|0 fnt|[from] recoil|[of] p1a: Fenix Gitano
|faint|p2a: Talonflame
|move|p1a: Fenix Gitano|Roost|p1a: Fenix Gitano
|-heal|p1a: Fenix Gitano|236\/383
|
|-heal|p1a: Fenix Gitano|259\/383|[from] item: Leftovers
|
|switch|p2a: Keldeo|Keldeo|4\/323 tox
|turn|60
|
|move|p2a: Keldeo|Scald|p1a: Fenix Gitano
|-supereffective|p1a: Fenix Gitano
|-damage|p1a: Fenix Gitano|0 fnt
|faint|p1a: Fenix Gitano
|
|-damage|p2a: Keldeo|0 fnt|[from] psn
|faint|p2a: Keldeo
|
|switch|p2a: Altaria|Altaria-Mega, F|202\/297
|switch|p1a: Fabiole|Clefable, F|393\/394
|-damage|p1a: Fabiole|344\/394|[from] Spikes
|-damage|p1a: Fabiole|295\/394|[from] Stealth Rock
|turn|61
|
|move|p2a: Altaria|Hyper Voice|p1a: Fabiole
|-damage|p1a: Fabiole|88\/394
|move|p1a: Fabiole|Moonblast|p2a: Altaria
|-supereffective|p2a: Altaria
|-damage|p2a: Altaria|0 fnt
|faint|p2a: Altaria
|
|-heal|p1a: Fabiole|112\/394|[from] item: Leftovers
|c|âGreg Is Love|fuck
|c|âGreg Is Love|that
|c|âGreg Is Love|miss play
|
|switch|p2a: Excadrill|Excadrill, M|197\/361
|turn|62
|
|move|p2a: Excadrill|Iron Head|p1a: Fabiole
|-supereffective|p1a: Fabiole
|-damage|p1a: Fabiole|0 fnt
|-damage|p2a: Excadrill|161\/361|[from] item: Life Orb
|faint|p1a: Fabiole
|
|
|switch|p1a: Chess|Chesnaught, M|379\/379
|-damage|p1a: Chess|332\/379|[from] Spikes
|-damage|p1a: Chess|309\/379|[from] Stealth Rock
|turn|63
|c|âGreg Is Love|I thow the game
|c|âGreg Is Love|seriously
|
|move|p1a: Chess|Spiky Shield|p1a: Chess
|-singleturn|p1a: Chess|move: Protect
|move|p2a: Excadrill|Iron Head|p1a: Chess
|-activate|p1a: Chess|move: Protect
|-damage|p2a: Excadrill|116\/361|[from] Spiky Shield|[of] p1a: Chess
|
|-heal|p1a: Chess|332\/379|[from] item: Leftovers
|turn|64
|
|move|p2a: Excadrill|Iron Head|p1a: Chess
|-damage|p1a: Chess|207\/379
|-damage|p2a: Excadrill|80\/361|[from] item: Life Orb
|move|p1a: Chess|Drain Punch|p2a: Excadrill
|-supereffective|p2a: Excadrill
|-damage|p2a: Excadrill|0 fnt
|-heal|p1a: Chess|247\/379|[from] drain|[of] p2a: Excadrill
|faint|p2a: Excadrill
|
|win|The Last Hero
|raw|Ladder updating...
|raw|The Last Hero's rating: 1451 &rarr; <strong>1473<\/strong><br \/>(+22 for winning)
|raw|Greg Is Love's rating: 1490 &rarr; <strong>1468<\/strong><br \/>(-22 for losing)
|leave|Greg Is Love
|player|p2