|join|Sonic 21st
|join|The Last Hero
|player|p1|Sonic 21st|169
|player|p2|The Last Hero|54
|gametype|singles
|gen|6
|tier|OU (suspect test)
|rated
|clearpoke
|poke|p1|Charizard, M
|poke|p1|Landorus-Therian, M
|poke|p1|Zapdos
|poke|p1|Skarmory, F
|poke|p1|Keldeo-Resolute
|poke|p1|Chansey, F
|poke|p2|Sableye, M
|poke|p2|Clefable, F
|poke|p2|Tentacruel, M
|poke|p2|Chesnaught, M
|poke|p2|Rhyperior, M
|poke|p2|Moltres
|rule|Swagger Clause: Swagger is banned
|rule|Baton Pass Clause: Limit one PokÃ©mon knowing Baton Pass
|rule|Sleep Clause Mod: Limit one foe put to sleep
|rule|Species Clause: Limit one of each PokÃ©mon
|rule|OHKO Clause: OHKO moves are banned
|rule|Moody Clause: Moody is banned
|rule|Evasion Moves Clause: Evasion moves are banned
|rule|Endless Battle Clause: Forcing endless battles is banned
|rule|HP Percentage Mod: HP is shown in percentages
|teampreview
|
|start
|switch|p1a: Landorus-Therian|Landorus-Therian, M|319\/319
|switch|p2a: Sabletroll|Sableye, M|304\/304
|-ability|p1a: Landorus-Therian|Intimidate|[of] p2a: Sabletroll
|-unboost|p2a: Sabletroll|atk|1
|turn|1
|
|switch|p1a: Charizard|Charizard, M|297\/297
|detailschange|p2a: Sabletroll|Sableye-Mega, M
|-mega|p2a: Sabletroll|Sableye|Sablenite
|move|p2a: Sabletroll|Foul Play|p1a: Charizard
|-damage|p1a: Charizard|137\/297
|
|turn|2
|
|switch|p1a: Skarmory|Skarmory, F|334\/334
|switch|p2a: Fenix Gitano|Moltres|383\/383
|-ability|p2a: Fenix Gitano|Pressure
|
|turn|3
|
|switch|p1a: Chansey|Chansey, F|642\/642
|move|p2a: Fenix Gitano|Toxic|p1a: Chansey
|-status|p1a: Chansey|tox
|
|-damage|p1a: Chansey|602\/642 tox|[from] psn
|turn|4
|
|switch|p2a: Sabletroll|Sableye-Mega, M|304\/304
|move|p1a: Chansey|Seismic Toss|p2a: Sabletroll
|-immune|p2a: Sabletroll|[msg]
|
|-damage|p1a: Chansey|522\/642 tox|[from] psn
|turn|5
|
|switch|p1a: Keldeo-Resolute|Keldeo-Resolute|323\/323
|move|p2a: Sabletroll|Knock Off|p1a: Keldeo-Resolute
|-resisted|p1a: Keldeo-Resolute
|-damage|p1a: Keldeo-Resolute|273\/323
|-boost|p1a: Keldeo-Resolute|atk|1|[from] ability: Justified
|-enditem|p1a: Keldeo-Resolute|Life Orb|[from] move: Knock Off|[of] p2a: Sabletroll
|
|turn|6
|
|move|p1a: Keldeo-Resolute|Hydro Pump|p2a: Sabletroll
|-damage|p2a: Sabletroll|184\/304
|move|p2a: Sabletroll|Will-O-Wisp|p1a: Keldeo-Resolute
|-status|p1a: Keldeo-Resolute|brn
|
|-damage|p1a: Keldeo-Resolute|233\/323 brn|[from] brn
|turn|7
|
|move|p1a: Keldeo-Resolute|Hydro Pump|p2a: Sabletroll
|-damage|p2a: Sabletroll|49\/304
|move|p2a: Sabletroll|Recover|p2a: Sabletroll
|-heal|p2a: Sabletroll|201\/304
|
|-damage|p1a: Keldeo-Resolute|193\/323 brn|[from] brn
|turn|8
|
|move|p1a: Keldeo-Resolute|Hydro Pump|p2a: Sabletroll|[miss]
|-miss|p1a: Keldeo-Resolute|p2a: Sabletroll
|move|p2a: Sabletroll|Recover|p2a: Sabletroll
|-heal|p2a: Sabletroll|304\/304
|
|-damage|p1a: Keldeo-Resolute|153\/323 brn|[from] brn
|turn|9
|
|move|p1a: Keldeo-Resolute|Hydro Pump|p2a: Sabletroll|[miss]
|-miss|p1a: Keldeo-Resolute|p2a: Sabletroll
|move|p2a: Sabletroll|Recover|p2a: Sabletroll
|-fail|p2a: Sabletroll
|
|-damage|p1a: Keldeo-Resolute|113\/323 brn|[from] brn
|turn|10
|
|switch|p1a: Landorus-Therian|Landorus-Therian, M|319\/319
|-ability|p1a: Landorus-Therian|Intimidate|[of] p2a: Sabletroll
|-unboost|p2a: Sabletroll|atk|1
|move|p2a: Sabletroll|Recover|p2a: Sabletroll
|-fail|p2a: Sabletroll
|
|turn|11
|
|move|p1a: Landorus-Therian|U-turn|p2a: Sabletroll
|-damage|p2a: Sabletroll|224\/304
|
|switch|p1a: Zapdos|Zapdos|321\/321
|-ability|p1a: Zapdos|Pressure
|move|p2a: Sabletroll|Recover|p2a: Sabletroll
|-heal|p2a: Sabletroll|304\/304
|
|turn|12
|
|move|p1a: Zapdos|Thunderbolt|p2a: Sabletroll
|-damage|p2a: Sabletroll|195\/304
|move|p2a: Sabletroll|Foul Play|p1a: Zapdos
|-damage|p1a: Zapdos|210\/321
|
|-heal|p1a: Zapdos|230\/321|[from] item: Leftovers
|turn|13
|c|âSonic 21st|fricking stupid useless shitty gen 3 crap pokemon
|c|âSonic 21st|fuck you
|
|switch|p2a: Rhyno|Rhyperior, M|433\/433
|move|p1a: Zapdos|Thunderbolt|p2a: Rhyno
|-immune|p2a: Rhyno|[msg]
|
|-heal|p1a: Zapdos|250\/321|[from] item: Leftovers
|turn|14
|
|move|p1a: Zapdos|Defog|p2a: Rhyno
|-unboost|p2a: Rhyno|evasion|1
|move|p2a: Rhyno|Stealth Rock|p1a: Zapdos
|-sidestart|p1: Sonic 21st|move: Stealth Rock
|
|-heal|p1a: Zapdos|270\/321|[from] item: Leftovers
|turn|15
|
|move|p1a: Zapdos|Defog|p2a: Rhyno
|-unboost|p2a: Rhyno|evasion|1
|-sideend|p1: Sonic 21st|Stealth Rock|[from] move: Defog|[of] p1a: Zapdos
|move|p2a: Rhyno|Rock Blast|p1a: Zapdos
|-supereffective|p1a: Zapdos
|-damage|p1a: Zapdos|174\/321
|-supereffective|p1a: Zapdos
|-damage|p1a: Zapdos|88\/321
|-supereffective|p1a: Zapdos
|-damage|p1a: Zapdos|0 fnt
|-hitcount|p1a: Zapdos|3
|faint|p1a: Zapdos
|
|
|switch|p1a: Keldeo-Resolute|Keldeo-Resolute|113\/323 brn
|turn|16
|
|switch|p2a: Tenta|Tentacruel, M|363\/363
|move|p1a: Keldeo-Resolute|Hydro Pump|p2a: Tenta
|-resisted|p2a: Tenta
|-damage|p2a: Tenta|278\/363
|
|-heal|p2a: Tenta|300\/363|[from] item: Leftovers
|-damage|p1a: Keldeo-Resolute|73\/323 brn|[from] brn
|turn|17
|
|switch|p1a: Chansey|Chansey, F|522\/642
|move|p2a: Tenta|Sludge Bomb|p1a: Chansey
|-damage|p1a: Chansey|476\/642
|
|-heal|p2a: Tenta|322\/363|[from] item: Leftovers
|turn|18
|
|switch|p2a: Sabletroll|Sableye-Mega, M|195\/304
|move|p1a: Chansey|Heal Bell|p1a: Chansey
|-cureteam|p1a: Chansey|[from] move: HealBell
|
|turn|19
|
|switch|p1a: Landorus-Therian|Landorus-Therian, M|319\/319
|-ability|p1a: Landorus-Therian|Intimidate|[of] p2a: Sabletroll
|-unboost|p2a: Sabletroll|atk|1
|move|p2a: Sabletroll|Foul Play|p1a: Landorus-Therian
|-damage|p1a: Landorus-Therian|103\/319
|
|turn|20
|
|switch|p2a: Fenix Gitano|Moltres|383\/383
|-ability|p2a: Fenix Gitano|Pressure
|move|p1a: Landorus-Therian|Earthquake|p2a: Fenix Gitano
|-immune|p2a: Fenix Gitano|[msg]
|
|turn|21
|
|switch|p1a: Chansey|Chansey, F|476\/642
|move|p2a: Fenix Gitano|Toxic|p1a: Chansey
|-status|p1a: Chansey|tox
|
|-damage|p1a: Chansey|436\/642 tox|[from] psn
|turn|22
|
|move|p2a: Fenix Gitano|Flamethrower|p1a: Chansey
|-damage|p1a: Chansey|376\/642 tox
|move|p1a: Chansey|Wish|p1a: Chansey
|
|-damage|p1a: Chansey|296\/642 tox|[from] psn
|turn|23
|
|switch|p1a: Charizard|Charizard, M|137\/297
|move|p2a: Fenix Gitano|Flamethrower|p1a: Charizard
|-crit|p1a: Charizard
|-resisted|p1a: Charizard
|-damage|p1a: Charizard|23\/297
|
|-heal|p1a: Charizard|297\/297|[from] move: Wish|[wisher] Chansey
|turn|24
|
|detailschange|p1a: Charizard|Charizard-Mega-X, M
|-mega|p1a: Charizard|Charizard|Charizardite X
|move|p1a: Charizard|Dragon Dance|p1a: Charizard
|-boost|p1a: Charizard|atk|1
|-boost|p1a: Charizard|spe|1
|move|p2a: Fenix Gitano|Toxic|p1a: Charizard
|-status|p1a: Charizard|tox
|
|-damage|p1a: Charizard|279\/297 tox|[from] psn
|turn|25
|
|move|p1a: Charizard|Dragon Dance|p1a: Charizard
|-boost|p1a: Charizard|atk|1
|-boost|p1a: Charizard|spe|1
|move|p2a: Fenix Gitano|Mud-Slap|p1a: Charizard
|-crit|p1a: Charizard
|-supereffective|p1a: Charizard
|-damage|p1a: Charizard|217\/297 tox
|-unboost|p1a: Charizard|accuracy|1
|
|-damage|p1a: Charizard|181\/297 tox|[from] psn
|turn|26
|
|switch|p2a: Fabiole|Clefable, F|394\/394
|move|p1a: Charizard|Dragon Claw|p2a: Fabiole
|-immune|p2a: Fabiole|[msg]
|
|-damage|p1a: Charizard|127\/297 tox|[from] psn
|turn|27
|
|move|p1a: Charizard|Flare Blitz|p2a: Fabiole
|-damage|p2a: Fabiole|124\/394
|-damage|p1a: Charizard|38\/297 tox|[from] recoil|[of] p2a: Fabiole
|move|p2a: Fabiole|Moonblast|p1a: Charizard
|-damage|p1a: Charizard|0 fnt
|faint|p1a: Charizard
|
|-heal|p2a: Fabiole|148\/394|[from] item: Leftovers
|
|switch|p1a: Landorus-Therian|Landorus-Therian, M|103\/319
|-ability|p1a: Landorus-Therian|Intimidate|[of] p2a: Fabiole
|-unboost|p2a: Fabiole|atk|1
|turn|28
|
|move|p2a: Fabiole|Protect|p2a: Fabiole
|-singleturn|p2a: Fabiole|Protect
|move|p1a: Landorus-Therian|Earthquake|p2a: Fabiole
|-activate|p2a: Fabiole|Protect
|
|-heal|p2a: Fabiole|172\/394|[from] item: Leftovers
|turn|29
|
|move|p1a: Landorus-Therian|Earthquake|p2a: Fabiole
|-damage|p2a: Fabiole|0 fnt
|faint|p2a: Fabiole
|
|
|switch|p2a: Fenix Gitano|Moltres|383\/383
|-ability|p2a: Fenix Gitano|Pressure
|turn|30
|
|switch|p1a: Keldeo-Resolute|Keldeo-Resolute|73\/323
|move|p2a: Fenix Gitano|Toxic|p1a: Keldeo-Resolute
|-status|p1a: Keldeo-Resolute|tox
|
|-damage|p1a: Keldeo-Resolute|53\/323 tox|[from] psn
|turn|31
|
|switch|p2a: Tenta|Tentacruel, M|322\/363
|move|p1a: Keldeo-Resolute|Hydro Pump|p2a: Tenta|[miss]
|-miss|p1a: Keldeo-Resolute|p2a: Tenta
|
|-heal|p2a: Tenta|344\/363|[from] item: Leftovers
|-damage|p1a: Keldeo-Resolute|13\/323 tox|[from] psn
|turn|32
|
|switch|p1a: Chansey|Chansey, F|296\/642
|move|p2a: Tenta|Scald|p1a: Chansey
|-damage|p1a: Chansey|257\/642
|-status|p1a: Chansey|brn
|
|-heal|p2a: Tenta|363\/363|[from] item: Leftovers
|-damage|p1a: Chansey|177\/642 brn|[from] brn
|turn|33
|
|switch|p2a: Sabletroll|Sableye-Mega, M|195\/304
|move|p1a: Chansey|Heal Bell|p1a: Chansey
|-cureteam|p1a: Chansey|[from] move: HealBell
|
|turn|34
|
|move|p1a: Chansey|Wish|p1a: Chansey
|move|p2a: Sabletroll|Knock Off|p1a: Chansey
|-damage|p1a: Chansey|54\/642
|-enditem|p1a: Chansey|Eviolite|[from] move: Knock Off|[of] p2a: Sabletroll
|
|turn|35
|
|switch|p1a: Landorus-Therian|Landorus-Therian, M|103\/319
|-ability|p1a: Landorus-Therian|Intimidate|[of] p2a: Sabletroll
|-unboost|p2a: Sabletroll|atk|1
|move|p2a: Sabletroll|Foul Play|p1a: Landorus-Therian
|-damage|p1a: Landorus-Therian|0 fnt
|faint|p1a: Landorus-Therian
|
|
|switch|p1a: Keldeo-Resolute|Keldeo-Resolute|13\/323
|turn|36
|
|switch|p2a: Tenta|Tentacruel, M|363\/363
|move|p1a: Keldeo-Resolute|Hydro Pump|p2a: Tenta
|-resisted|p2a: Tenta
|-damage|p2a: Tenta|278\/363
|
|-heal|p2a: Tenta|300\/363|[from] item: Leftovers
|turn|37
|
|switch|p1a: Skarmory|Skarmory, F|334\/334
|move|p2a: Tenta|Scald|p1a: Skarmory
|-damage|p1a: Skarmory|231\/334
|
|-heal|p2a: Tenta|322\/363|[from] item: Leftovers
|-heal|p1a: Skarmory|251\/334|[from] item: Leftovers
|turn|38
|
|move|p2a: Tenta|Scald|p1a: Skarmory
|-damage|p1a: Skarmory|151\/334
|-status|p1a: Skarmory|brn
|move|p1a: Skarmory|Stealth Rock|p2a: Tenta
|-sidestart|p2: The Last Hero|move: Stealth Rock
|
|-heal|p2a: Tenta|344\/363|[from] item: Leftovers
|-heal|p1a: Skarmory|171\/334 brn|[from] item: Leftovers
|-damage|p1a: Skarmory|130\/334 brn|[from] brn
|turn|39
|
|move|p2a: Tenta|Rapid Spin|p1a: Skarmory
|-resisted|p1a: Skarmory
|-damage|p1a: Skarmory|127\/334 brn
|-sideend|p2: The Last Hero|Stealth Rock|[from] move: Rapid Spin|[of] p2a: Tenta
|move|p1a: Skarmory|Roost|p1a: Skarmory
|-heal|p1a: Skarmory|294\/334 brn
|
|-heal|p2a: Tenta|363\/363|[from] item: Leftovers
|-heal|p1a: Skarmory|314\/334 brn|[from] item: Leftovers
|-damage|p1a: Skarmory|273\/334 brn|[from] brn
|turn|40
|-message|Sonic 21st forfeited.
|
|win|The Last Hero
|raw|Ladder updating...
|raw|Sonic 21st's rating: 1281 &rarr; <strong>1258<\/strong><br \/>(-23 for losing)
|raw|The Last Hero's rating: 1303 &rarr; <strong>1322<\/strong><br \/>(+19 for winning)
|leave|Sonic 21st
|player|p1