|join|tudiqupo
|join|ULT Hogg
|player|p1|tudiqupo|117
|player|p2|ULT Hogg|125
|gametype|singles
|gen|6
|tier|UU
|rated
|rule|Sleep Clause Mod: Limit one foe put to sleep
|rule|Species Clause: Limit one of each PokÃ©mon
|rule|OHKO Clause: OHKO moves are banned
|rule|Moody Clause: Moody is banned
|rule|Evasion Moves Clause: Evasion moves are banned
|rule|Endless Battle Clause: Forcing endless battles is banned
|rule|HP Percentage Mod: HP is shown in percentages
|clearpoke
|poke|p1|Haxorus, M
|poke|p1|Chandelure, F
|poke|p1|Diancie
|poke|p1|Porygon2
|poke|p1|Slowking, F
|poke|p1|Machamp, M
|poke|p2|Medicham, F
|poke|p2|Doublade, F
|poke|p2|Shaymin
|poke|p2|Raikou
|poke|p2|Crobat, M
|poke|p2|Swampert, F
|rule|Swagger Clause: Swagger is banned
|rule|Baton Pass Clause: Limit one PokÃ©mon knowing Baton Pass
|teampreview
|
|start
|switch|p1a: Diancie|Diancie|303\/303
|switch|p2a: Doublade|Doublade, F|319\/319
|turn|1
|
|move|p1a: Diancie|Earth Power|p2a: Doublade
|-supereffective|p2a: Doublade
|-damage|p2a: Doublade|17\/319
|-damage|p1a: Diancie|273\/303|[from] item: Life Orb
|move|p2a: Doublade|Gyro Ball|p1a: Diancie
|-supereffective|p1a: Diancie
|-damage|p1a: Diancie|105\/303
|
|turn|2
|
|switch|p2a: Shaymin|Shaymin|341\/341
|move|p1a: Diancie|Moonblast|p2a: Shaymin
|-damage|p2a: Shaymin|134\/341
|-damage|p1a: Diancie|75\/303|[from] item: Life Orb
|
|turn|3
|
|switch|p1a: Porygon2|Porygon2|374\/374
|-boost|p1a: Porygon2|atk|1|[from] ability: Download
|move|p2a: Shaymin|Seed Flare|p1a: Porygon2
|-damage|p1a: Porygon2|187\/374
|
|turn|4
|
|move|p2a: Shaymin|Seed Flare|p1a: Porygon2|[miss]
|-miss|p2a: Shaymin|p1a: Porygon2
|move|p1a: Porygon2|Trick Room|p1a: Porygon2
|-fieldstart|move: Trick Room|[of] p1a: Porygon2
|
|turn|5
|
|switch|p2a: Swampert|Swampert, F|403\/403
|move|p1a: Porygon2|Ice Beam|p2a: Swampert
|-damage|p2a: Swampert|294\/403
|
|-heal|p2a: Swampert|319\/403|[from] item: Leftovers
|turn|6
|
|move|p1a: Porygon2|Hyper Beam|p2a: Swampert
|-damage|p2a: Swampert|54\/403
|move|p2a: Swampert|Stealth Rock|p1a: Porygon2
|-sidestart|p1: tudiqupo|move: Stealth Rock
|
|-heal|p2a: Swampert|79\/403|[from] item: Leftovers
|turn|7
|
|cant|p1a: Porygon2|recharge
|move|p2a: Swampert|Earthquake|p1a: Porygon2
|-damage|p1a: Porygon2|102\/374
|
|-heal|p2a: Swampert|104\/403|[from] item: Leftovers
|turn|8
|
|switch|p2a: Doublade|Doublade, F|17\/319
|move|p1a: Porygon2|Ice Beam|p2a: Doublade
|-resisted|p2a: Doublade
|-damage|p2a: Doublade|0 fnt
|faint|p2a: Doublade
|
|-fieldend|move: Trick Room
|
|switch|p2a: Medicham|Medicham, F|261\/261
|turn|9
|
|detailschange|p2a: Medicham|Medicham-Mega, F
|-mega|p2a: Medicham|Medicham|Medichamite
|move|p2a: Medicham|Zen Headbutt|p1a: Porygon2
|-damage|p1a: Porygon2|0 fnt
|faint|p1a: Porygon2
|
|
|switch|p1a: Slowking|Slowking, F|393\/393
|-damage|p1a: Slowking|344\/393|[from] Stealth Rock
|turn|10
|
|switch|p2a: Raikou|Raikou|321\/321
|-ability|p2a: Raikou|Pressure
|move|p1a: Slowking|Trick Room|p1a: Slowking
|-fieldstart|move: Trick Room|[of] p1a: Slowking
|
|turn|11
|
|move|p1a: Slowking|Psyshock|p2a: Raikou
|-damage|p2a: Raikou|110\/321
|-damage|p1a: Slowking|305\/393|[from] item: Life Orb
|move|p2a: Raikou|Volt Switch|p1a: Slowking
|-supereffective|p1a: Slowking
|-damage|p1a: Slowking|107\/393
|
|switch|p2a: Medicham|Medicham-Mega, F|261\/261
|
|turn|12
|
|move|p2a: Medicham|Fake Out|p1a: Slowking
|-damage|p1a: Slowking|15\/393
|cant|p1a: Slowking|flinch
|
|turn|13
|
|switch|p2a: Swampert|Swampert, F|104\/403
|move|p1a: Slowking|Surf|p2a: Swampert
|-damage|p2a: Swampert|0 fnt
|-damage|p1a: Slowking|0 fnt|[from] item: Life Orb
|faint|p2a: Swampert
|faint|p1a: Slowking
|
|
|switch|p1a: Chandelure|Chandelure, F|324\/324
|switch|p2a: Medicham|Medicham-Mega, F|261\/261
|-damage|p1a: Chandelure|243\/324|[from] Stealth Rock
|turn|14
|
|switch|p2a: Shaymin|Shaymin|134\/341
|move|p1a: Chandelure|Overheat|p2a: Shaymin
|-supereffective|p2a: Shaymin
|-damage|p2a: Shaymin|0 fnt
|-unboost|p1a: Chandelure|spa|2
|faint|p2a: Shaymin
|
|-fieldend|move: Trick Room
|
|switch|p2a: Medicham|Medicham-Mega, F|261\/261
|turn|15
|
|move|p2a: Medicham|Zen Headbutt|p1a: Chandelure
|-damage|p1a: Chandelure|0 fnt
|faint|p1a: Chandelure
|
|
|switch|p1a: Haxorus|Haxorus, M|294\/294
|-damage|p1a: Haxorus|258\/294|[from] Stealth Rock
|-ability|p1a: Haxorus|Mold Breaker
|turn|16
|
|move|p1a: Haxorus|Outrage|p2a: Medicham
|-damage|p2a: Medicham|0 fnt
|faint|p2a: Medicham
|
|c|âULT Hogg|...you're running scarf hax on a TR team
|c|âULT Hogg|of course
|c|âtudiqupo|ye !
|c|âtudiqupo|he is here for finish theg ame
|c|âtudiqupo|game*
|
|switch|p2a: Raikou|Raikou|110\/321
|-ability|p2a: Raikou|Pressure
|turn|17
|
|move|p2a: Raikou|Volt Switch|p1a: Haxorus
|-resisted|p1a: Haxorus
|-damage|p1a: Haxorus|177\/294
|
|switch|p2a: Crobat|Crobat, M|373\/373
|move|p1a: Haxorus|Outrage|p2a: Crobat
|-damage|p2a: Crobat|51\/373
|
|-heal|p2a: Crobat|74\/373|[from] item: Black Sludge
|turn|18
|c|âtudiqupo|why volt switch ?
|
|move|p1a: Haxorus|Outrage|p2a: Crobat
|-damage|p2a: Crobat|0 fnt
|faint|p2a: Crobat
|
|-end|p1a: Haxorus|rampage
|-start|p1a: Haxorus|confusion
|c|âULT Hogg|because HP Ice won't KO without a crit
|c|âtudiqupo|Crobat was your only chance to win
|
|switch|p2a: Raikou|Raikou|110\/321
|-ability|p2a: Raikou|Pressure
|turn|19
|
|move|p2a: Raikou|Extrasensory|p1a: Haxorus
|-damage|p1a: Haxorus|50\/294
|-activate|p1a: Haxorus|confusion
|move|p1a: Haxorus|Outrage|p2a: Raikou
|-damage|p2a: Raikou|0 fnt
|faint|p2a: Raikou
|
|win|tudiqupo
|raw|Ladder updating...
|c|âULT Hogg|gg
|raw|tudiqupo's rating: 1409 &rarr; <strong>1432<\/strong><br \/>(+23 for winning)
|raw|ULT Hogg's rating: 1461 &rarr; <strong>1438<\/strong><br \/>(-23 for losing)
|c|âtudiqupo|gg
|leave|ULT Hogg