|join|Ultra Possum
|join|ult trev
|player|p1|Ultra Possum|224
|player|p2|ult trev|270
|gametype|singles
|gen|6
|tier|UU
|rated
|rule|Sleep Clause Mod: Limit one foe put to sleep
|rule|Species Clause: Limit one of each PokÃ©mon
|rule|OHKO Clause: OHKO moves are banned
|rule|Moody Clause: Moody is banned
|rule|Evasion Moves Clause: Evasion moves are banned
|rule|Endless Battle Clause: Forcing endless battles is banned
|rule|HP Percentage Mod: HP is shown in percentages
|clearpoke
|poke|p1|Heracross, M
|poke|p1|Nidoqueen, F
|poke|p1|Aerodactyl, F
|poke|p1|Manaphy
|poke|p1|Jirachi
|poke|p1|Hydreigon, F
|poke|p2|Froslass, F
|poke|p2|Aerodactyl, F
|poke|p2|Hydreigon, F
|poke|p2|Lucario, F
|poke|p2|Manaphy
|poke|p2|Raikou
|rule|Swagger Clause: Swagger is banned
|rule|Baton Pass Clause: Limit one PokÃ©mon knowing Baton Pass
|teampreview
|
|start
|switch|p1a: Aerodactyl|Aerodactyl, F|321\/321
|switch|p2a: Froslass|Froslass, F|344\/344
|turn|1
|
|detailschange|p1a: Aerodactyl|Aerodactyl-Mega, F
|message|Aerodactyl has Mega Evolved into Mega Aerodactyl!
|move|p2a: Froslass|Icy Wind|p1a: Aerodactyl
|-supereffective|p1a: Aerodactyl
|-damage|p1a: Aerodactyl|195\/321
|-unboost|p1a: Aerodactyl|spe|1
|move|p1a: Aerodactyl|Crunch|p2a: Froslass
|-supereffective|p2a: Froslass
|-enditem|p2a: Froslass|Focus Sash
|-damage|p2a: Froslass|1\/344
|
|turn|2
|
|switch|p1a: Jirachi|Jirachi|341\/341
|move|p2a: Froslass|Spikes|p1a: Jirachi
|-sidestart|p1: Ultra Possum|Spikes
|
|turn|3
|
|move|p1a: Jirachi|U-turn|p2a: Froslass
|-resisted|p2a: Froslass
|-damage|p2a: Froslass|0 fnt
|-start|p1a: Jirachi|Disable|U-turn
|faint|p2a: Froslass
|
|switch|p1a: Aerodactyl|Aerodactyl-Mega, F|195\/321
|
|
|switch|p2a: Lucario|Lucario, F|281\/281
|turn|4
|
|switch|p1a: Heracross|Heracross, M|311\/311
|-damage|p1a: Heracross|273\/311|[from] Spikes
|move|p2a: Lucario|Bullet Punch|p1a: Heracross
|-damage|p1a: Heracross|166\/311
|-damage|p2a: Lucario|253\/281|[from] item: Life Orb
|
|-heal|p1a: Heracross|185\/311|[from] item: Leftovers
|turn|5
|
|switch|p2a: Aerodactyl|Aerodactyl, F|326\/326
|move|p1a: Heracross|Close Combat|p2a: Aerodactyl
|-damage|p2a: Aerodactyl|0 fnt
|-unboost|p1a: Heracross|def|1
|-unboost|p1a: Heracross|spd|1
|faint|p2a: Aerodactyl
|
|-heal|p1a: Heracross|204\/311|[from] item: Leftovers
|
|switch|p2a: Raikou|Raikou|322\/322
|-ability|p2a: Raikou|Pressure
|turn|6
|
|switch|p1a: Jirachi|Jirachi|341\/341
|-damage|p1a: Jirachi|299\/341|[from] Spikes
|move|p2a: Raikou|Extrasensory|p1a: Jirachi
|-resisted|p1a: Jirachi
|-damage|p1a: Jirachi|276\/341
|
|turn|7
|
|move|p1a: Jirachi|U-turn|p2a: Raikou
|-crit|p2a: Raikou
|-damage|p2a: Raikou|189\/322
|
|switch|p1a: Nidoqueen|Nidoqueen, F|366\/366
|-damage|p1a: Nidoqueen|321\/366|[from] Spikes
|move|p2a: Raikou|Thunderbolt|p1a: Nidoqueen
|-immune|p1a: Nidoqueen|[msg]
|
|turn|8
|
|move|p2a: Raikou|Extrasensory|p1a: Nidoqueen
|-supereffective|p1a: Nidoqueen
|-damage|p1a: Nidoqueen|117\/366
|cant|p1a: Nidoqueen|flinch
|
|turn|9
|
|move|p2a: Raikou|Extrasensory|p1a: Nidoqueen
|-supereffective|p1a: Nidoqueen
|-damage|p1a: Nidoqueen|0 fnt
|faint|p1a: Nidoqueen
|
|
|switch|p1a: Aerodactyl|Aerodactyl-Mega, F|195\/321
|turn|10
|
|move|p1a: Aerodactyl|Aqua Tail|p2a: Raikou
|-damage|p2a: Raikou|0 fnt
|faint|p2a: Raikou
|
|
|switch|p2a: Hydreigon|Hydreigon, F|325\/325
|turn|11
|
|switch|p1a: Heracross|Heracross, M|204\/311
|-damage|p1a: Heracross|166\/311|[from] Spikes
|move|p2a: Hydreigon|Draco Meteor|p1a: Heracross
|-damage|p1a: Heracross|0 fnt
|-unboost|p2a: Hydreigon|spa|2
|faint|p1a: Heracross
|
|
|switch|p1a: Manaphy|Manaphy|341\/341
|-damage|p1a: Manaphy|299\/341|[from] Spikes
|turn|12
|
|move|p2a: Hydreigon|Draco Meteor|p1a: Manaphy
|-damage|p1a: Manaphy|184\/341
|-unboost|p2a: Hydreigon|spa|2
|move|p1a: Manaphy|Tail Glow|p1a: Manaphy
|-boost|p1a: Manaphy|spa|3
|
|-heal|p1a: Manaphy|205\/341|[from] item: Leftovers
|turn|13
|
|switch|p2a: Manaphy|Manaphy|404\/404
|move|p1a: Manaphy|Ice Beam|p2a: Manaphy
|-crit|p2a: Manaphy
|-resisted|p2a: Manaphy
|-damage|p2a: Manaphy|242\/404
|
|-heal|p1a: Manaphy|226\/341|[from] item: Leftovers
|-heal|p2a: Manaphy|267\/404|[from] item: Leftovers
|turn|14
|
|move|p1a: Manaphy|Energy Ball|p2a: Manaphy
|-supereffective|p2a: Manaphy
|-damage|p2a: Manaphy|0 fnt
|faint|p2a: Manaphy
|
|-heal|p1a: Manaphy|247\/341|[from] item: Leftovers
|
|switch|p2a: Hydreigon|Hydreigon, F|325\/325
|turn|15
|
|switch|p1a: Aerodactyl|Aerodactyl-Mega, F|195\/321
|move|p2a: Hydreigon|Draco Meteor|p1a: Aerodactyl
|-damage|p1a: Aerodactyl|0 fnt
|-unboost|p2a: Hydreigon|spa|2
|faint|p1a: Aerodactyl
|
|
|switch|p1a: Jirachi|Jirachi|276\/341
|-damage|p1a: Jirachi|234\/341|[from] Spikes
|turn|16
|
|switch|p2a: Lucario|Lucario, F|253\/281
|move|p1a: Jirachi|U-turn|p2a: Lucario
|-resisted|p2a: Lucario
|-damage|p2a: Lucario|231\/281
|
|switch|p1a: Hydreigon|Hydreigon, F|325\/325
|
|turn|17
|
|switch|p2a: Hydreigon|Hydreigon, F|325\/325
|move|p1a: Hydreigon|Superpower|p2a: Hydreigon
|-supereffective|p2a: Hydreigon
|-damage|p2a: Hydreigon|44\/325
|-unboost|p1a: Hydreigon|atk|1
|-unboost|p1a: Hydreigon|def|1
|-damage|p1a: Hydreigon|293\/325|[from] item: Life Orb
|
|turn|18
|
|switch|p1a: Manaphy|Manaphy|247\/341
|-damage|p1a: Manaphy|205\/341|[from] Spikes
|move|p2a: Hydreigon|U-turn|p1a: Manaphy
|-damage|p1a: Manaphy|157\/341
|
|switch|p2a: Lucario|Lucario, F|231\/281
|
|-heal|p1a: Manaphy|178\/341|[from] item: Leftovers
|turn|19
|
|move|p1a: Manaphy|Surf|p2a: Lucario
|-damage|p2a: Lucario|54\/281
|move|p2a: Lucario|Swords Dance|p2a: Lucario
|-boost|p2a: Lucario|atk|2
|
|-heal|p1a: Manaphy|199\/341|[from] item: Leftovers
|turn|20
|
|move|p2a: Lucario|Extreme Speed|p1a: Manaphy
|-damage|p1a: Manaphy|0 fnt
|-damage|p2a: Lucario|26\/281|[from] item: Life Orb
|faint|p1a: Manaphy
|
|
|switch|p1a: Jirachi|Jirachi|234\/341
|-damage|p1a: Jirachi|192\/341|[from] Spikes
|turn|21
|
|switch|p1a: Hydreigon|Hydreigon, F|293\/325
|move|p2a: Lucario|Extreme Speed|p1a: Hydreigon
|-damage|p1a: Hydreigon|0 fnt
|-damage|p2a: Lucario|0 fnt|[from] item: Life Orb
|faint|p1a: Hydreigon
|faint|p2a: Lucario
|
|leave|ult trev
|player|p2
|-message|ulttrev lost due to inactivity.
|
|win|Ultra Possum
|raw|Ladder updating...
|raw|Ultra Possum's rating: 1692 &rarr; <strong>1701<\/strong><br \/>(+9 for winning)
|raw|ult trev's rating: 1469 &rarr; <strong>1460<\/strong><br \/>(-9 for losing)
|leave|Ultra Possum
|player|p1
|join|Ultra Possum