|join|SuperAsianSwog
|join|ult trev
|player|p1|SuperAsianSwog|162
|player|p2|ult trev|270
|gametype|singles
|gen|6
|tier|UU
|rated
|rule|Sleep Clause Mod: Limit one foe put to sleep
|rule|Species Clause: Limit one of each PokÃ©mon
|rule|OHKO Clause: OHKO moves are banned
|rule|Moody Clause: Moody is banned
|rule|Evasion Moves Clause: Evasion moves are banned
|rule|Endless Battle Clause: Forcing endless battles is banned
|rule|HP Percentage Mod: HP is shown in percentages
|clearpoke
|poke|p1|Porygon2
|poke|p1|Snorlax, F
|poke|p1|Cloyster, M
|poke|p1|Mew
|poke|p1|Blastoise, M
|poke|p1|Arcanine, F
|poke|p2|Froslass, F
|poke|p2|Aerodactyl, F
|poke|p2|Hydreigon, M
|poke|p2|Lucario, M
|poke|p2|Manaphy
|poke|p2|Raikou
|rule|Swagger Clause: Swagger is banned
|rule|Baton Pass Clause: Limit one PokÃ©mon knowing Baton Pass
|teampreview
|
|start
|switch|p1a: Cloyster|Cloyster, M|242\/242
|switch|p2a: Froslass|Froslass, F|344\/344
|turn|1
|
|move|p2a: Froslass|Spikes|p1a: Cloyster
|-sidestart|p1: SuperAsianSwog|Spikes
|move|p1a: Cloyster|Shell Smash|p1a: Cloyster
|-boost|p1a: Cloyster|atk|2
|-boost|p1a: Cloyster|spa|2
|-boost|p1a: Cloyster|spe|2
|-unboost|p1a: Cloyster|def|1
|-unboost|p1a: Cloyster|spd|1
|
|turn|2
|
|move|p1a: Cloyster|Shell Smash|p1a: Cloyster
|-boost|p1a: Cloyster|atk|2
|-boost|p1a: Cloyster|spa|2
|-boost|p1a: Cloyster|spe|2
|-unboost|p1a: Cloyster|def|1
|-unboost|p1a: Cloyster|spd|1
|move|p2a: Froslass|Destiny Bond|p2a: Froslass
|-singlemove|p2a: Froslass|Destiny Bond
|
|turn|3
|
|move|p1a: Cloyster|Shell Smash|p1a: Cloyster
|-boost|p1a: Cloyster|atk|2
|-boost|p1a: Cloyster|spa|2
|-boost|p1a: Cloyster|spe|2
|-unboost|p1a: Cloyster|def|1
|-unboost|p1a: Cloyster|spd|1
|move|p2a: Froslass|Icy Wind|p1a: Cloyster
|-crit|p1a: Cloyster
|-resisted|p1a: Cloyster
|-damage|p1a: Cloyster|153\/242
|-unboost|p1a: Cloyster|spe|1
|
|turn|4
|
|move|p1a: Cloyster|Ice Shard|p2a: Froslass
|-resisted|p2a: Froslass
|-damage|p2a: Froslass|167\/344
|-start|p1a: Cloyster|Disable|Ice Shard
|move|p2a: Froslass|Destiny Bond|p2a: Froslass
|-singlemove|p2a: Froslass|Destiny Bond
|
|turn|5
|
|move|p1a: Cloyster|Shell Smash|p1a: Cloyster
|-boost|p1a: Cloyster|spe|2
|-unboost|p1a: Cloyster|def|1
|-unboost|p1a: Cloyster|spd|1
|move|p2a: Froslass|Icy Wind|p1a: Cloyster
|-resisted|p1a: Cloyster
|-damage|p1a: Cloyster|83\/242
|-unboost|p1a: Cloyster|spe|1
|
|turn|6
|
|move|p1a: Cloyster|Icicle Spear|p2a: Froslass
|-resisted|p2a: Froslass
|-damage|p2a: Froslass|65\/344
|-resisted|p2a: Froslass
|-damage|p2a: Froslass|0 fnt
|-hitcount|p2a: Froslass|2
|faint|p2a: Froslass
|
|
|switch|p2a: Lucario|Lucario, M|281\/281
|turn|7
|
|move|p2a: Lucario|Extreme Speed|p1a: Cloyster
|-damage|p1a: Cloyster|0 fnt
|-damage|p2a: Lucario|253\/281|[from] item: Life Orb
|faint|p1a: Cloyster
|
|
|switch|p1a: Arcanine|Arcanine, F|371\/371
|-damage|p1a: Arcanine|325\/371|[from] Spikes
|-ability|p1a: Arcanine|Intimidate|[of] p2a: Lucario
|-unboost|p2a: Lucario|atk|1
|turn|8
|
|switch|p2a: Aerodactyl|Aerodactyl, F|326\/326
|move|p1a: Arcanine|Flare Blitz|p2a: Aerodactyl
|-resisted|p2a: Aerodactyl
|-damage|p2a: Aerodactyl|92\/326
|-damage|p1a: Arcanine|248\/371|[from] recoil|[of] p2a: Aerodactyl
|
|turn|9
|
|switch|p1a: Mew|Mew|342\/342
|-damage|p1a: Mew|300\/342|[from] Spikes
|detailschange|p2a: Aerodactyl|Aerodactyl-Mega, F
|message|Aerodactyl has Mega Evolved into Mega Aerodactyl!
|move|p2a: Aerodactyl|Stealth Rock|p1a: Mew
|-sidestart|p1: SuperAsianSwog|move: Stealth Rock
|
|-heal|p1a: Mew|321\/342|[from] item: Leftovers
|turn|10
|
|move|p2a: Aerodactyl|Aerial Ace|p1a: Mew
|-damage|p1a: Mew|200\/342
|move|p1a: Mew|Barrier|p1a: Mew
|-boost|p1a: Mew|def|2
|
|-heal|p1a: Mew|221\/342|[from] item: Leftovers
|turn|11
|
|switch|p2a: Manaphy|Manaphy|404\/404
|move|p1a: Mew|Barrier|p1a: Mew
|-boost|p1a: Mew|def|2
|
|-heal|p1a: Mew|242\/342|[from] item: Leftovers
|turn|12
|
|move|p2a: Manaphy|Substitute|p2a: Manaphy
|-start|p2a: Manaphy|Substitute
|-damage|p2a: Manaphy|303\/404
|move|p1a: Mew|Barrier|p1a: Mew
|-boost|p1a: Mew|def|2
|
|-heal|p2a: Manaphy|328\/404|[from] item: Leftovers
|-heal|p1a: Mew|263\/342|[from] item: Leftovers
|turn|13
|
|move|p2a: Manaphy|Tail Glow|p2a: Manaphy
|-boost|p2a: Manaphy|spa|3
|move|p1a: Mew|Amnesia|p1a: Mew
|-boost|p1a: Mew|spd|2
|
|-heal|p2a: Manaphy|353\/404|[from] item: Leftovers
|-heal|p1a: Mew|284\/342|[from] item: Leftovers
|turn|14
|
|move|p2a: Manaphy|Tail Glow|p2a: Manaphy
|-boost|p2a: Manaphy|spa|3
|move|p1a: Mew|Amnesia|p1a: Mew
|-boost|p1a: Mew|spd|2
|
|-heal|p2a: Manaphy|378\/404|[from] item: Leftovers
|-heal|p1a: Mew|305\/342|[from] item: Leftovers
|turn|15
|
|move|p2a: Manaphy|Scald|p1a: Mew
|-crit|p1a: Mew
|-damage|p1a: Mew|0 fnt
|faint|p1a: Mew
|
|-heal|p2a: Manaphy|403\/404|[from] item: Leftovers
|
|switch|p1a: Snorlax|Snorlax, F|521\/521
|-damage|p1a: Snorlax|456\/521|[from] Stealth Rock
|-damage|p1a: Snorlax|391\/521|[from] Spikes
|turn|16
|
|move|p2a: Manaphy|Scald|p1a: Snorlax
|-damage|p1a: Snorlax|0 fnt
|faint|p1a: Snorlax
|
|-heal|p2a: Manaphy|404\/404|[from] item: Leftovers
|
|switch|p1a: Arcanine|Arcanine, F|248\/371
|-damage|p1a: Arcanine|156\/371|[from] Stealth Rock
|-damage|p1a: Arcanine|110\/371|[from] Spikes
|-activate|p2a: Manaphy|Substitute|ability: Intimidate|[of] p1a: Arcanine
|turn|17
|
|move|p1a: Arcanine|Extreme Speed|p2a: Manaphy
|-end|p2a: Manaphy|Substitute
|move|p2a: Manaphy|Scald|p1a: Arcanine
|-supereffective|p1a: Arcanine
|-damage|p1a: Arcanine|0 fnt
|faint|p1a: Arcanine
|
|
|switch|p1a: Blastoise|Blastoise, M|305\/305
|-damage|p1a: Blastoise|267\/305|[from] Stealth Rock
|-damage|p1a: Blastoise|229\/305|[from] Spikes
|turn|18
|
|detailschange|p1a: Blastoise|Blastoise-Mega, M
|message|Blastoise has Mega Evolved into Mega Blastoise!
|move|p2a: Manaphy|Scald|p1a: Blastoise
|-resisted|p1a: Blastoise
|-damage|p1a: Blastoise|39\/305
|move|p1a: Blastoise|Dark Pulse|p2a: Manaphy
|-damage|p2a: Manaphy|251\/404
|
|-heal|p2a: Manaphy|276\/404|[from] item: Leftovers
|turn|19
|chat|SuperAsianSwog|gg
|
|move|p2a: Manaphy|Scald|p1a: Blastoise
|-resisted|p1a: Blastoise
|-damage|p1a: Blastoise|0 fnt
|faint|p1a: Blastoise
|
|-heal|p2a: Manaphy|301\/404|[from] item: Leftovers
|
|switch|p1a: Porygon2|Porygon2|371\/371
|-damage|p1a: Porygon2|325\/371|[from] Spikes
|-damage|p1a: Porygon2|279\/371|[from] Stealth Rock
|-ability|p1a: Porygon2|Hydration|[from] ability: Trace|[of] p2a: Manaphy
|turn|20
|
|move|p2a: Manaphy|Scald|p1a: Porygon2
|-damage|p1a: Porygon2|0 fnt
|faint|p1a: Porygon2
|
|win|ult trev
|raw|Ladder updating...
|raw|SuperAsianSwog's rating: 1285 &rarr; <strong>1266<\/strong><br \/>(-19 for losing)
|raw|ult trev's rating: 1378 &rarr; <strong>1393<\/strong><br \/>(+15 for winning)