|join|ult trev
|join|zoid's warhorse
|player|p1|ult trev|112
|player|p2|zoid's warhorse|188
|gametype|singles
|gen|6
|tier|UU
|rated
|rule|Sleep Clause Mod: Limit one foe put to sleep
|rule|Species Clause: Limit one of each PokÃ©mon
|rule|OHKO Clause: OHKO moves are banned
|rule|Moody Clause: Moody is banned
|rule|Evasion Moves Clause: Evasion moves are banned
|rule|Endless Battle Clause: Forcing endless battles is banned
|rule|HP Percentage Mod: HP is shown in percentages
|clearpoke
|poke|p1|Seismitoad, M
|poke|p1|Rotom-Heat
|poke|p1|Doublade, M
|poke|p1|Medicham, M
|poke|p1|Hydreigon, F
|poke|p1|Machamp, M
|poke|p2|Aerodactyl, M
|poke|p2|Azelf
|poke|p2|Dragalge, M
|poke|p2|Lucario, M
|poke|p2|Magneton
|poke|p2|Serperior, M
|rule|Swagger Clause: Swagger is banned
|rule|Baton Pass Clause: Limit one PokÃ©mon knowing Baton Pass
|teampreview
|
|start
|switch|p1a: gandy|Medicham, M|261\/261
|switch|p2a: Azelf|Azelf|291\/291
|turn|1
|
|detailschange|p1a: gandy|Medicham-Mega, M
|-mega|p1a: gandy|Medicham|Medichamite
|move|p1a: gandy|Fake Out|p2a: Azelf
|-damage|p2a: Azelf|182\/291
|cant|p2a: Azelf|flinch
|
|turn|2
|
|switch|p1a: chasity|Doublade, M|321\/321
|move|p2a: Azelf|Stealth Rock|p1a: chasity
|-sidestart|p1: ult trev|move: Stealth Rock
|
|turn|3
|
|switch|p1a: stoned toad|Seismitoad, M|414\/414
|-damage|p1a: stoned toad|389\/414|[from] Stealth Rock
|move|p2a: Azelf|Knock Off|p1a: stoned toad
|-damage|p1a: stoned toad|289\/414
|-enditem|p1a: stoned toad|Leftovers|[from] move: Knock Off|[of] p2a: Azelf
|
|turn|4
|
|move|p2a: Azelf|Taunt|p1a: stoned toad
|-start|p1a: stoned toad|move: Taunt
|cant|p1a: stoned toad|move: Taunt|Stealth Rock
|
|turn|5
|
|switch|p1a: chasity|Doublade, M|321\/321
|-damage|p1a: chasity|301\/321|[from] Stealth Rock
|move|p2a: Azelf|Knock Off|p1a: chasity
|-supereffective|p1a: chasity
|-damage|p1a: chasity|189\/321
|-enditem|p1a: chasity|Eviolite|[from] move: Knock Off|[of] p2a: Azelf
|
|turn|6
|
|move|p1a: chasity|Shadow Sneak|p2a: Azelf
|-supereffective|p2a: Azelf
|-damage|p2a: Azelf|0 fnt
|faint|p2a: Azelf
|
|c|âult trev|i forgot i cant get trapped lol
|c|âult trev|well that made some of my plays pretty pointless
|
|switch|p2a: Magneton|Magneton|303\/303
|turn|7
|
|switch|p1a: baked|Rotom-Heat|303\/303
|-damage|p1a: baked|228\/303|[from] Stealth Rock
|move|p2a: Magneton|Volt Switch|p1a: baked
|-resisted|p1a: baked
|-damage|p1a: baked|167\/303
|
|switch|p2a: Dragalge|Dragalge, M|310\/310
|
|-heal|p1a: baked|185\/303|[from] item: Leftovers
|turn|8
|
|move|p1a: baked|Volt Switch|p2a: Dragalge
|-resisted|p2a: Dragalge
|-damage|p2a: Dragalge|268\/310
|
|switch|p1a: big dick|Machamp, M|335\/335
|-damage|p1a: big dick|315\/335|[from] Stealth Rock
|move|p2a: Dragalge|Draco Meteor|p1a: big dick
|-damage|p1a: big dick|23\/335
|-unboost|p2a: Dragalge|spa|2
|
|turn|9
|
|switch|p2a: Serperior|Serperior, M|303\/303
|move|p1a: big dick|Knock Off|p2a: Serperior
|-damage|p2a: Serperior|180\/303
|-enditem|p2a: Serperior|Lum Berry|[from] move: Knock Off|[of] p1a: big dick
|
|turn|10
|
|switch|p1a: banded|Hydreigon, F|325\/325
|-damage|p1a: banded|285\/325|[from] Stealth Rock
|move|p2a: Serperior|Leaf Storm|p1a: banded
|-resisted|p1a: banded
|-damage|p1a: banded|211\/325
|-boost|p2a: Serperior|spa|2
|
|turn|11
|
|move|p1a: banded|Draco Meteor|p2a: Serperior
|-damage|p2a: Serperior|0 fnt
|-unboost|p1a: banded|spa|2
|faint|p2a: Serperior
|
|
|switch|p2a: Lucario|Lucario, M|279\/279
|turn|12
|
|switch|p1a: chasity|Doublade, M|189\/321
|-damage|p1a: chasity|169\/321|[from] Stealth Rock
|move|p2a: Lucario|Swords Dance|p2a: Lucario
|-boost|p2a: Lucario|atk|2
|
|turn|13
|
|move|p1a: chasity|Shadow Sneak|p2a: Lucario
|-damage|p2a: Lucario|177\/279
|move|p2a: Lucario|Earthquake|p1a: chasity
|-crit|p1a: chasity
|-supereffective|p1a: chasity
|-damage|p1a: chasity|0 fnt
|-damage|p2a: Lucario|150\/279|[from] item: Life Orb
|faint|p1a: chasity
|
|
|switch|p1a: gandy|Medicham-Mega, M|261\/261
|-damage|p1a: gandy|245\/261|[from] Stealth Rock
|turn|14
|
|move|p1a: gandy|Fake Out|p2a: Lucario
|-resisted|p2a: Lucario
|-damage|p2a: Lucario|95\/279
|move|p2a: Lucario|Extreme Speed|p1a: gandy
|-damage|p1a: gandy|8\/261
|-damage|p2a: Lucario|68\/279|[from] item: Life Orb
|
|turn|15
|
|move|p2a: Lucario|Extreme Speed|p1a: gandy
|-damage|p1a: gandy|0 fnt
|-damage|p2a: Lucario|41\/279|[from] item: Life Orb
|faint|p1a: gandy
|
|c|âzoid's warhorse|rekt
|c|âult trev|lol
|
|switch|p1a: stoned toad|Seismitoad, M|289\/414
|-damage|p1a: stoned toad|264\/414|[from] Stealth Rock
|turn|16
|c|âzoid's warhorse|I really like inner focus right now
|c|âult trev|ye
|c|âzoid's warhorse|to set up on stupid jirachi
|
|switch|p1a: big dick|Machamp, M|23\/335
|-damage|p1a: big dick|3\/335|[from] Stealth Rock
|move|p2a: Lucario|Close Combat|p1a: big dick
|-damage|p1a: big dick|0 fnt
|-unboost|p2a: Lucario|def|1
|-unboost|p2a: Lucario|spd|1
|-damage|p2a: Lucario|14\/279|[from] item: Life Orb
|faint|p1a: big dick
|
|
|switch|p1a: baked|Rotom-Heat|185\/303
|-damage|p1a: baked|110\/303|[from] Stealth Rock
|turn|17
|
|move|p2a: Lucario|Close Combat|p1a: baked
|-damage|p1a: baked|0 fnt
|-unboost|p2a: Lucario|def|1
|-unboost|p2a: Lucario|spd|1
|-damage|p2a: Lucario|0 fnt|[from] item: Life Orb
|faint|p1a: baked
|faint|p2a: Lucario
|
|
|switch|p2a: Magneton|Magneton|303\/303
|switch|p1a: stoned toad|Seismitoad, M|264\/414
|-damage|p1a: stoned toad|239\/414|[from] Stealth Rock
|turn|18
|
|switch|p1a: banded|Hydreigon, F|211\/325
|-damage|p1a: banded|171\/325|[from] Stealth Rock
|move|p2a: Magneton|Hidden Power|p1a: banded
|-resisted|p1a: banded
|-damage|p1a: banded|133\/325
|
|turn|19
|
|move|p1a: banded|Fire Blast|p2a: Magneton
|-supereffective|p2a: Magneton
|-damage|p2a: Magneton|61\/303
|move|p2a: Magneton|Flash Cannon|p1a: banded
|-damage|p1a: banded|0 fnt
|faint|p1a: banded
|
|-message|ult trev forfeited.
|leave|ult trev
|c|âzoid's warhorse|gg
|
|win|zoid's warhorse
|raw|Ladder updating...
|player|p1
|raw|ult trev's rating: 1614 &rarr; <strong>1587<\/strong><br \/>(-27 for losing)
|raw|zoid&apos;s warhorse's rating: 1488 &rarr; <strong>1515<\/strong><br \/>(+27 for winning)