|join|ult trev
|join|iplaytennislol
|player|p1|ult trev|112
|player|p2|iplaytennislol|175
|gametype|singles
|gen|6
|tier|UU
|rated
|rule|Sleep Clause Mod: Limit one foe put to sleep
|rule|Species Clause: Limit one of each PokÃ©mon
|rule|OHKO Clause: OHKO moves are banned
|rule|Moody Clause: Moody is banned
|rule|Evasion Moves Clause: Evasion moves are banned
|rule|Endless Battle Clause: Forcing endless battles is banned
|rule|HP Percentage Mod: HP is shown in percentages
|clearpoke
|poke|p1|Seismitoad, F
|poke|p1|Rotom-Heat
|poke|p1|Doublade, F
|poke|p1|Medicham, F
|poke|p1|Hydreigon, M
|poke|p1|Machamp, M
|poke|p2|Mienshao, M
|poke|p2|Aerodactyl, M
|poke|p2|Crobat, M
|poke|p2|Trevenant, F
|poke|p2|Infernape, M
|poke|p2|Suicune
|rule|Swagger Clause: Swagger is banned
|rule|Baton Pass Clause: Limit one PokÃ©mon knowing Baton Pass
|teampreview
|
|start
|switch|p1a: big dick|Machamp, M|335\/335
|switch|p2a: HEHE BWOI|Infernape, M|293\/293
|turn|1
|join|tipsy russian
|join|ForgeMaster
|join|Oshony
|
|move|p2a: HEHE BWOI|Stealth Rock|p1a: big dick
|-sidestart|p1: ult trev|move: Stealth Rock
|move|p1a: big dick|Close Combat|p2a: HEHE BWOI
|-enditem|p2a: HEHE BWOI|Focus Sash
|-damage|p2a: HEHE BWOI|1\/293
|-unboost|p1a: big dick|def|1
|-unboost|p1a: big dick|spd|1
|
|turn|2
|
|switch|p2a: PSN TYPE|Crobat, M|311\/311
|move|p1a: big dick|Bullet Punch|p2a: PSN TYPE
|-damage|p2a: PSN TYPE|243\/311
|
|turn|3
|join|SilverReapurr21
|c| Oshony|is this av champ?
|c|âult trev|no
|c| SilverReapurr21|It is
|c| SilverReapurr21|XD
|
|switch|p1a: stoned toad|Seismitoad, F|414\/414
|-damage|p1a: stoned toad|389\/414|[from] Stealth Rock
|move|p2a: PSN TYPE|U-turn|p1a: stoned toad
|-damage|p1a: stoned toad|302\/414
|c| Oshony|welp
|c| Oshony|gg
|
|switch|p2a: C A T H Y|Trevenant, F|311\/311
|
|-heal|p1a: stoned toad|327\/414|[from] item: Leftovers
|turn|4
|c| SilverReapurr21|C A T H Y
|
|move|p2a: C A T H Y|Horn Leech|p1a: stoned toad
|-supereffective|p1a: stoned toad
|-damage|p1a: stoned toad|0 fnt
|faint|p1a: stoned toad
|
|c| ForgeMaster|<3 C A T H Y
|c| Oshony|nice switch to hydreigon
|join|innovamania
|
|switch|p1a: big dick|Machamp, M|335\/335
|-damage|p1a: big dick|315\/335|[from] Stealth Rock
|turn|5
|c| tipsy russian|who needs starfs
|c| ForgeMaster|lol
|
|switch|p2a: GOTTEM|Aerodactyl, M|301\/301
|-ability|p2a: GOTTEM|Pressure
|move|p1a: big dick|Knock Off|p2a: GOTTEM
|-damage|p2a: GOTTEM|175\/301
|
|turn|6
|join|6 agility
|join|Pladimir Vutin
|join|tomi â¥ bello
|c| 6 agility|ï¼£ï¼¡ï¼´ï¼¨ï¼¹ï¼¢ï¼¯ï¼¹ï¼³
|join|marillii
|
|detailschange|p2a: GOTTEM|Aerodactyl-Mega, M
|-mega|p2a: GOTTEM|Aerodactyl|Aerodactylite
|move|p1a: big dick|Bullet Punch|p2a: GOTTEM
|-supereffective|p2a: GOTTEM
|-damage|p2a: GOTTEM|45\/301
|move|p2a: GOTTEM|Aerial Ace|p1a: big dick
|-supereffective|p1a: big dick
|-damage|p1a: big dick|0 fnt
|faint|p1a: big dick
|
|
|switch|p1a: chasity|Doublade, F|321\/321
|-damage|p1a: chasity|301\/321|[from] Stealth Rock
|turn|7
|
|switch|p2a: IRESEMBLEAHORSE|Suicune|373\/373
|-ability|p2a: IRESEMBLEAHORSE|Pressure
|move|p1a: chasity|Shadow Sneak|p2a: IRESEMBLEAHORSE
|-damage|p2a: IRESEMBLEAHORSE|306\/373
|
|-heal|p2a: IRESEMBLEAHORSE|329\/373|[from] item: Leftovers
|turn|8
|c| Oshony|wut
|join|truest trainer
|c| Oshony|is up with these nicknames
|c| 6 agility|yea its not that hard 2 spell chastity
|leave|truest trainer
|c| tipsy russian|probably a dmt nickname
|c|âiplaytennislol|^
|c|âiplaytennislol|it is
|c|âiplaytennislol|lol
|c| tipsy russian|figured
|c|âiplaytennislol|http:\/\/imustaccelerate.tumblr.com\/
|c| Oshony|love how
|c| Oshony|both his scald counters are ded
|
|switch|p1a: gandy|Medicham, F|261\/261
|-damage|p1a: gandy|245\/261|[from] Stealth Rock
|move|p2a: IRESEMBLEAHORSE|Calm Mind|p2a: IRESEMBLEAHORSE
|-boost|p2a: IRESEMBLEAHORSE|spa|1
|-boost|p2a: IRESEMBLEAHORSE|spd|1
|
|-heal|p2a: IRESEMBLEAHORSE|352\/373|[from] item: Leftovers
|turn|9
|c|âult trev|stfu stop acting a like money boy
|c| Oshony|wut
|
|switch|p2a: GOTTEM|Aerodactyl-Mega, M|45\/301
|detailschange|p1a: gandy|Medicham-Mega, F
|-mega|p1a: gandy|Medicham|Medichamite
|move|p1a: gandy|High Jump Kick|p2a: GOTTEM
|-damage|p2a: GOTTEM|0 fnt
|faint|p2a: GOTTEM
|
|c| marillii|a like money
|
|switch|p2a: PSN TYPE|Crobat, M|243\/311
|turn|10
|c| Oshony|damn tennis u didnt switch to the ghost
|c| marillii|^
|c| Oshony|not even rel
|c| ForgeMaster|lol
|c|âiplaytennislol|sorry
|c|âiplaytennislol|not real
|
|switch|p1a: baked|Rotom-Heat|303\/303
|-damage|p1a: baked|228\/303|[from] Stealth Rock
|move|p2a: PSN TYPE|Brave Bird|p1a: baked
|-resisted|p1a: baked
|-damage|p1a: baked|118\/303
|-damage|p2a: PSN TYPE|207\/311|[from] recoil|[of] p1a: baked
|
|-heal|p1a: baked|136\/303|[from] item: Leftovers
|turn|11
|join|Winter's Howl
|c|âiplaytennislol|im critting here
|
|move|p2a: PSN TYPE|Brave Bird|p1a: baked
|-resisted|p1a: baked
|-damage|p1a: baked|14\/303
|-damage|p2a: PSN TYPE|167\/311|[from] recoil|[of] p1a: baked
|move|p1a: baked|Volt Switch|p2a: PSN TYPE
|-supereffective|p2a: PSN TYPE
|-damage|p2a: PSN TYPE|0 fnt
|faint|p2a: PSN TYPE
|c|âiplaytennislol|or not
|c|âult trev|not a money boy
|c| ForgeMaster|lol nope
|c|âult trev|ez
|
|switch|p1a: gandy|Medicham-Mega, F|245\/261
|-damage|p1a: gandy|229\/261|[from] Stealth Rock
|
|c| Oshony|the roost wasnt there
|c| Oshony|rip medicham check
|c|âult trev|stfu non money boy
|
|switch|p2a: C A T H Y|Trevenant, F|311\/311
|turn|12
|c| ForgeMaster|<3 C A T H Y
|c| Oshony|plz im jewish, all i have is money
|
|switch|p1a: baked|Rotom-Heat|14\/303
|-damage|p1a: baked|0 fnt|[from] Stealth Rock
|faint|p1a: baked
|move|p2a: C A T H Y|Earthquake|p1: baked|[notarget]
|-notarget
|
|join|raseri
|c|âult trev|no
|
|switch|p1a: banded|Hydreigon, M|325\/325
|-damage|p1a: banded|285\/325|[from] Stealth Rock
|turn|13
|c|âiplaytennislol|confirmed not real
|c| ForgeMaster|tennis pls
|c|âult trev|im money boy stop
|join|Swagilyph
|join|Hariyana Grande
|
|move|p1a: banded|U-turn|p2a: C A T H Y
|-damage|p2a: C A T H Y|233\/311
|c|âiplaytennislol|ez
|c| Oshony|SO REAL
|c| ForgeMaster|OOOOO
|
|switch|p1a: chasity|Doublade, F|301\/321
|-damage|p1a: chasity|281\/321|[from] Stealth Rock
|move|p2a: C A T H Y|Substitute|p2a: C A T H Y
|-start|p2a: C A T H Y|Substitute
|-damage|p2a: C A T H Y|156\/311
|
|turn|14
|c| Oshony|u finna get bodied
|
|move|p1a: chasity|Shadow Sneak|p2a: C A T H Y
|-supereffective|p2a: C A T H Y
|-end|p2a: C A T H Y|Substitute
|move|p2a: C A T H Y|Phantom Force|p1a: chasity|[still]
|-prepare|p2a: C A T H Y|Phantom Force|p1a: chasity
|
|turn|15
|c|âiplaytennislol|FUCK
|c| Hariyana Grande|lol
|c| ForgeMaster|lol
|c| marillii|lmao]
|c|âiplaytennislol|IM SCARED
|
|switch|p1a: banded|Hydreigon, M|285\/325
|-damage|p1a: banded|245\/325|[from] Stealth Rock
|move|p2a: C A T H Y|Phantom Force|p1a: banded
|-resisted|p1a: banded
|-damage|p1a: banded|164\/325
|
|turn|16
|c| Oshony|the domae
|leave|Swagilyph
|c| Oshony|*domage
|
|move|p1a: banded|U-turn|p2a: C A T H Y
|-damage|p2a: C A T H Y|85\/311
|leave|tomi â¥ bello
|c|âiplaytennislol|EZ
|c| marillii|lel
|c| Hariyana Grande|ez]
|
|switch|p1a: chasity|Doublade, F|281\/321
|-damage|p1a: chasity|261\/321|[from] Stealth Rock
|move|p2a: C A T H Y|Substitute|p2a: C A T H Y
|-start|p2a: C A T H Y|Substitute
|-damage|p2a: C A T H Y|8\/311
|-enditem|p2a: C A T H Y|Starf Berry|[eat]
|-boost|p2a: C A T H Y|spe|2|[from] item: Starf Berry
|
|turn|17
|c| Oshony|oml stop tennis
|join|tomi â¥ bello
|c|âiplaytennislol|IDK WHY HE ISNT JUST KILLING ME
|
|move|p1a: chasity|Shadow Sneak|p2a: C A T H Y
|-supereffective|p2a: C A T H Y
|-end|p2a: C A T H Y|Substitute
|move|p2a: C A T H Y|Phantom Force|p1a: chasity|[still]
|-prepare|p2a: C A T H Y|Phantom Force|p1a: chasity
|
|turn|18
|c|âult trev|shh im money boy
|c| ForgeMaster|gotta go fast
|
|switch|p1a: banded|Hydreigon, M|164\/325
|-damage|p1a: banded|124\/325|[from] Stealth Rock
|move|p2a: C A T H Y|Phantom Force|p1a: banded
|-resisted|p1a: banded
|-damage|p1a: banded|43\/325
|
|turn|19
|c| Oshony|rip hydreigon
|c| 6 agility|he wants to see the cathy
|
|move|p1a: banded|U-turn|p2a: C A T H Y
|-damage|p2a: C A T H Y|0 fnt
|faint|p2a: C A T H Y
|c|âiplaytennislol|NO
|c| ForgeMaster|scarf
|c| Hariyana Grande|stil lfaster lol
|
|switch|p1a: gandy|Medicham-Mega, F|229\/261
|-damage|p1a: gandy|213\/261|[from] Stealth Rock
|
|c| ForgeMaster|get boppped
|
|switch|p2a: HIGH JUMP MISS|Mienshao, M|271\/271
|turn|20
|c| Oshony|reveal aerial ace
|
|move|p1a: gandy|Fake Out|p2a: HIGH JUMP MISS
|-damage|p2a: HIGH JUMP MISS|154\/271
|cant|p2a: HIGH JUMP MISS|flinch
|
|turn|21
|
|switch|p1a: banded|Hydreigon, M|43\/325
|-damage|p1a: banded|3\/325|[from] Stealth Rock
|move|p2a: HIGH JUMP MISS|Knock Off|p1a: banded
|-resisted|p1a: banded
|-damage|p1a: banded|0 fnt
|-enditem|p1a: banded|Choice Scarf|[from] move: Knock Off|[of] p2a: HIGH JUMP MISS
|faint|p1a: banded
|
|c| Hariyana Grande|oml
|c| Hariyana Grande|these nicks
|c| Hariyana Grande|are more cancerous then ur usual ones
|
|switch|p1a: gandy|Medicham-Mega, F|213\/261
|-damage|p1a: gandy|197\/261|[from] Stealth Rock
|turn|22
|
|switch|p2a: HEHE BWOI|Infernape, M|1\/293
|move|p1a: gandy|Fake Out|p2a: HEHE BWOI
|-damage|p2a: HEHE BWOI|0 fnt
|faint|p2a: HEHE BWOI
|
|
|switch|p2a: HIGH JUMP MISS|Mienshao, M|154\/271
|turn|23
|
|move|p1a: gandy|Bullet Punch|p2a: HIGH JUMP MISS
|-damage|p2a: HIGH JUMP MISS|33\/271
|move|p2a: HIGH JUMP MISS|Knock Off|p1a: gandy
|-damage|p1a: gandy|103\/261
|
|turn|24
|c| Oshony|mfw
|
|move|p1a: gandy|Bullet Punch|p2a: HIGH JUMP MISS
|-damage|p2a: HIGH JUMP MISS|0 fnt
|faint|p2a: HIGH JUMP MISS
|
|c| Oshony|fake out bullet punch
|c| marillii|lamao
|
|switch|p2a: IRESEMBLEAHORSE|Suicune|352\/373
|-ability|p2a: IRESEMBLEAHORSE|Pressure
|turn|25
|c| Hariyana Grande|its ogre
|c|âult trev|shh
|c| Oshony|nigga this aint hariyama
|c|âiplaytennislol|live a hit. then scald kill
|c|âiplaytennislol|then scald burn the doublade
|
|move|p1a: gandy|High Jump Kick|p2a: IRESEMBLEAHORSE|[miss]
|-miss|p1a: gandy|p2a: IRESEMBLEAHORSE
|-damage|p1a: gandy|0 fnt|[from] highjumpkick
|faint|p1a: gandy
|move|p2a: IRESEMBLEAHORSE|Scald|p1: gandy|[notarget]
|-notarget
|
|-heal|p2a: IRESEMBLEAHORSE|373\/373|[from] item: Leftovers
|c|âiplaytennislol|ez
|c| Hariyana Grande|nice
|c| marillii|omg hax
|c| Winter's Howl|ez pz
|
|switch|p1a: chasity|Doublade, F|261\/321
|-damage|p1a: chasity|241\/321|[from] Stealth Rock
|turn|26
|c| marillii|would won otherwise
|c| Oshony|its not even hax
|c| Hariyana Grande|wheres the cm
|c|âult trev|it does 57
|c| Hariyana Grande|amirite
|c| marillii|this scrub non money boy
|c|âiplaytennislol|BURN
|c|âult trev|it was hax lol
|c|âiplaytennislol|BURN
|c|âiplaytennislol|BURN
|c|âiplaytennislol|BURN
|c| ForgeMaster|or hax god tennis could just show up
|c|âiplaytennislol|BURN
|c| Oshony|its not hax
|c|âiplaytennislol|BURN
|c|âiplaytennislol|BURN
|c|âiplaytennislol|BURN
|c| Oshony|TENNIS SHUT UP
|
|move|p2a: IRESEMBLEAHORSE|Scald|p1a: chasity
|-damage|p1a: chasity|99\/321
|move|p1a: chasity|Swords Dance|p1a: chasity
|-boost|p1a: chasity|atk|2
|
|turn|27
|c| Hariyana Grande|he doesnt kill u
|c| Oshony|he cant hurt u
|c| Hariyana Grande|wat u worried about
|c| ForgeMaster|pls
|
|move|p1a: chasity|Shadow Sneak|p2a: IRESEMBLEAHORSE
|-damage|p2a: IRESEMBLEAHORSE|244\/373
|move|p2a: IRESEMBLEAHORSE|Scald|p1a: chasity
|-damage|p1a: chasity|0 fnt
|faint|p1a: chasity
|
|win|iplaytennislol
|raw|Ladder updating...
|c| Hariyana Grande|lol
|c| Oshony|ouch
|raw|ult trev's rating: 1318 &rarr; <strong>1303<\/strong><br \/>(-15 for losing)
|raw|iplaytennislol's rating: 1405 &rarr; <strong>1420<\/strong><br \/>(+15 for winning)
|c| Hariyana Grande|rekt
|c| ForgeMaster|who needs burn lol