|join|CrispyLinks
|join|GreatGyara
|player|p1|CrispyLinks|165
|player|p2|GreatGyara|241
|gametype|singles
|gen|6
|tier|OU
|rated
|clearpoke
|poke|p1|Volcarona, M
|poke|p1|Azumarill, M
|poke|p1|Diancie
|poke|p1|Landorus-Therian, M
|poke|p1|Latios, M
|poke|p1|Jirachi
|poke|p2|Altaria, F
|poke|p2|Rotom-Wash
|poke|p2|Jirachi
|poke|p2|Landorus-Therian, M
|poke|p2|Latios, M
|poke|p2|Keldeo
|rule|Swagger Clause: Swagger is banned
|rule|Baton Pass Clause: Limit one PokÃ©mon knowing Baton Pass
|rule|Sleep Clause Mod: Limit one foe put to sleep
|rule|Species Clause: Limit one of each PokÃ©mon
|rule|OHKO Clause: OHKO moves are banned
|rule|Moody Clause: Moody is banned
|rule|Evasion Moves Clause: Evasion moves are banned
|rule|Endless Battle Clause: Forcing endless battles is banned
|rule|HP Percentage Mod: HP is shown in percentages
|teampreview
|
|start
|switch|p1a: Diancie|Diancie|241\/241
|switch|p2a: Jirachi|Jirachi|404\/404
|turn|1
|
|detailschange|p1a: Diancie|Diancie-Mega
|-mega|p1a: Diancie|Diancie|Diancite
|move|p1a: Diancie|Protect|p1a: Diancie
|-singleturn|p1a: Diancie|Protect
|move|p2a: Jirachi|Iron Head|p1a: Diancie
|-activate|p1a: Diancie|Protect
|
|turn|2
|
|switch|p1a: Volcarona|Volcarona, M|373\/373
|move|p2a: Jirachi|Iron Head|p1a: Volcarona
|-resisted|p1a: Volcarona
|-damage|p1a: Volcarona|329\/373
|-status|p2a: Jirachi|brn
|
|-heal|p1a: Volcarona|352\/373|[from] item: Leftovers
|-damage|p2a: Jirachi|354\/404 brn|[from] brn
|turn|3
|
|switch|p1a: Diancie|Diancie-Mega|241\/241
|switch|p2a: Landorus-Therian|Landorus-Therian, M|319\/319
|-ability|p2a: Landorus-Therian|Intimidate|[of] p1a: Diancie
|-unboost|p1a: Diancie|atk|1
|
|turn|4
|
|move|p1a: Diancie|Protect|p1a: Diancie
|-singleturn|p1a: Diancie|Protect
|move|p2a: Landorus-Therian|U-turn|p1a: Diancie
|-activate|p1a: Diancie|Protect
|
|turn|5
|
|switch|p2a: Jirachi|Jirachi|354\/404 brn
|switch|p1a: Landorus-Therian|Landorus-Therian, M|366\/366
|-ability|p1a: Landorus-Therian|Intimidate|[of] p2a: Jirachi
|-unboost|p2a: Jirachi|atk|1
|
|-heal|p2a: Jirachi|379\/404 brn|[from] item: Leftovers
|-damage|p2a: Jirachi|329\/404 brn|[from] brn
|turn|6
|
|switch|p1a: Diancie|Diancie-Mega|241\/241
|move|p2a: Jirachi|Stealth Rock|p1a: Diancie
|move|p1a: Diancie|Stealth Rock|p2a: Jirachi|[from]Magic Bounce
|-sidestart|p2: GreatGyara|move: Stealth Rock
|
|-heal|p2a: Jirachi|354\/404 brn|[from] item: Leftovers
|-damage|p2a: Jirachi|304\/404 brn|[from] brn
|turn|7
|
|move|p1a: Diancie|Protect|p1a: Diancie
|-singleturn|p1a: Diancie|Protect
|move|p2a: Jirachi|Stealth Rock|p1a: Diancie
|move|p1a: Diancie|Stealth Rock|p2a: Jirachi|[from]Magic Bounce
|-fail|p2a: Jirachi
|
|-heal|p2a: Jirachi|329\/404 brn|[from] item: Leftovers
|-damage|p2a: Jirachi|279\/404 brn|[from] brn
|turn|8
|
|move|p1a: Diancie|Earth Power|p2a: Jirachi
|-supereffective|p2a: Jirachi
|-damage|p2a: Jirachi|87\/404 brn
|move|p2a: Jirachi|Iron Head|p1a: Diancie
|-supereffective|p1a: Diancie
|-damage|p1a: Diancie|121\/241
|
|-heal|p2a: Jirachi|112\/404 brn|[from] item: Leftovers
|-damage|p2a: Jirachi|62\/404 brn|[from] brn
|turn|9
|
|move|p1a: Diancie|Moonblast|p2a: Jirachi
|-resisted|p2a: Jirachi
|-damage|p2a: Jirachi|0 fnt
|faint|p2a: Jirachi
|
|
|switch|p2a: Landorus-Therian|Landorus-Therian, M|319\/319
|-damage|p2a: Landorus-Therian|280\/319|[from] Stealth Rock
|-ability|p2a: Landorus-Therian|Intimidate|[of] p1a: Diancie
|-unboost|p1a: Diancie|atk|1
|turn|10
|
|move|p1a: Diancie|Protect|p1a: Diancie
|-singleturn|p1a: Diancie|Protect
|move|p2a: Landorus-Therian|Earthquake|p1a: Diancie
|-activate|p1a: Diancie|Protect
|
|turn|11
|
|switch|p2a: Rotom-Wash|Rotom-Wash|303\/303
|-damage|p2a: Rotom-Wash|266\/303|[from] Stealth Rock
|switch|p1a: Landorus-Therian|Landorus-Therian, M|366\/366
|-ability|p1a: Landorus-Therian|Intimidate|[of] p2a: Rotom-Wash
|-unboost|p2a: Rotom-Wash|atk|1
|
|-heal|p2a: Rotom-Wash|284\/303|[from] item: Leftovers
|turn|12
|
|move|p1a: Landorus-Therian|U-turn|p2a: Rotom-Wash
|-damage|p2a: Rotom-Wash|229\/303
|
|switch|p1a: Diancie|Diancie-Mega|121\/241
|move|p2a: Rotom-Wash|Hydro Pump|p1a: Diancie
|-crit|p1a: Diancie
|-supereffective|p1a: Diancie
|-damage|p1a: Diancie|0 fnt
|faint|p1a: Diancie
|
|-heal|p2a: Rotom-Wash|247\/303|[from] item: Leftovers
|
|switch|p1a: Latios|Latios, M|301\/301
|turn|13
|
|move|p1a: Latios|Draco Meteor|p2a: Rotom-Wash
|-damage|p2a: Rotom-Wash|28\/303
|-unboost|p1a: Latios|spa|2
|move|p2a: Rotom-Wash|Pain Split|p1a: Latios
|-sethp|p1a: Latios|164\/301|p2a: Rotom-Wash|164\/303|[from] move: Pain Split
|
|-heal|p2a: Rotom-Wash|182\/303|[from] item: Leftovers
|turn|14
|
|switch|p1a: Volcarona|Volcarona, M|352\/373
|move|p2a: Rotom-Wash|Pain Split|p1a: Volcarona
|-sethp|p1a: Volcarona|267\/373|p2a: Rotom-Wash|267\/303|[from] move: Pain Split
|
|-heal|p1a: Volcarona|290\/373|[from] item: Leftovers
|-heal|p2a: Rotom-Wash|285\/303|[from] item: Leftovers
|turn|15
|
|switch|p1a: Latios|Latios, M|164\/301
|move|p2a: Rotom-Wash|Hydro Pump|p1a: Latios|[miss]
|-miss|p2a: Rotom-Wash|p1a: Latios
|
|-heal|p2a: Rotom-Wash|303\/303|[from] item: Leftovers
|turn|16
|
|move|p1a: Latios|Trick|p2a: Rotom-Wash
|-activate|p1a: Latios|move: Trick|[of] p2a: Rotom-Wash
|-item|p2a: Rotom-Wash|Choice Scarf|[from] move: Trick
|-item|p1a: Latios|Leftovers|[from] move: Trick
|move|p2a: Rotom-Wash|Pain Split|p1a: Latios
|-sethp|p1a: Latios|233\/301|p2a: Rotom-Wash|233\/303|[from] move: Pain Split
|
|-heal|p1a: Latios|251\/301|[from] item: Leftovers
|turn|17
|
|switch|p1a: Landorus-Therian|Landorus-Therian, M|366\/366
|-ability|p1a: Landorus-Therian|Intimidate|[of] p2a: Rotom-Wash
|-unboost|p2a: Rotom-Wash|atk|1
|switch|p2a: Landorus-Therian|Landorus-Therian, M|280\/319
|-damage|p2a: Landorus-Therian|241\/319|[from] Stealth Rock
|-ability|p2a: Landorus-Therian|Intimidate|[of] p1a: Landorus-Therian
|-unboost|p1a: Landorus-Therian|atk|1
|
|turn|18
|
|move|p2a: Landorus-Therian|Knock Off|p1a: Landorus-Therian
|-damage|p1a: Landorus-Therian|275\/366
|-enditem|p1a: Landorus-Therian|Leftovers|[from] move: Knock Off|[of] p2a: Landorus-Therian
|move|p1a: Landorus-Therian|U-turn|p2a: Landorus-Therian
|-resisted|p2a: Landorus-Therian
|-damage|p2a: Landorus-Therian|215\/319
|
|switch|p1a: Azumarill|Azumarill, M|404\/404
|
|turn|19
|
|switch|p2a: Rotom-Wash|Rotom-Wash|233\/303
|-damage|p2a: Rotom-Wash|196\/303|[from] Stealth Rock
|move|p1a: Azumarill|Play Rough|p2a: Rotom-Wash
|-damage|p2a: Rotom-Wash|60\/303
|
|turn|20
|
|switch|p1a: Volcarona|Volcarona, M|290\/373
|move|p2a: Rotom-Wash|Will-O-Wisp|p1a: Volcarona|[miss]
|-miss|p2a: Rotom-Wash|p1a: Volcarona
|
|-heal|p1a: Volcarona|313\/373|[from] item: Leftovers
|turn|21
|-message|GreatGyara forfeited.
|leave|GreatGyara
|
|win|CrispyLinks
|raw|Ladder updating...
|player|p2
|raw|CrispyLinks's rating: 1461 &rarr; <strong>1478<\/strong><br \/>(+17 for winning)
|raw|GreatGyara's rating: 1411 &rarr; <strong>1394<\/strong><br \/>(-17 for losing)