|join|Aragorn1398
|join|qqqqw
|player|p1|Aragorn1398|52
|player|p2|qqqqw|52
|gametype|singles
|gen|6
|tier|ORAS OU
|rated
|rule|Sleep Clause Mod: Limit one foe put to sleep
|rule|Species Clause: Limit one of each PokÃ©mon
|rule|OHKO Clause: OHKO moves are banned
|rule|Moody Clause: Moody is banned
|rule|Evasion Moves Clause: Evasion moves are banned
|rule|Endless Battle Clause: Forcing endless battles is banned
|rule|HP Percentage Mod: HP is shown in percentages
|clearpoke
|poke|p1|Metagross
|poke|p1|Breloom, F
|poke|p1|Greninja, F
|poke|p1|Latias, F
|poke|p1|Talonflame, F
|poke|p1|Excadrill, M
|poke|p2|Alakazam, M
|poke|p2|Breloom, M
|poke|p2|Milotic, M
|poke|p2|Dragonite, F
|poke|p2|Clefable, M
|poke|p2|Thundurus-Therian, M
|rule|Swagger Clause: Swagger is banned
|rule|Baton Pass Clause: Limit one PokÃ©mon knowing Baton Pass
|teampreview
|
|start
|switch|p1a: Excadrill|Excadrill, M|365\/365
|switch|p2a: Thundurus-Therian|Thundurus-Therian, M|300\/300
|-ability|p1a: Excadrill|Mold Breaker
|-item|p1a: Excadrill|Air Balloon
|turn|1
|
|switch|p2a: Milotic|Milotic, M|394\/394
|move|p1a: Excadrill|Stealth Rock|p2a: Milotic
|-sidestart|p2: qqqqw|move: Stealth Rock
|
|turn|2
|
|move|p1a: Excadrill|Earthquake|p2a: Milotic
|-damage|p2a: Milotic|228\/394
|move|p2a: Milotic|Scald|p1a: Excadrill
|-supereffective|p1a: Excadrill
|-damage|p1a: Excadrill|113\/365
|-enditem|p1a: Excadrill|Air Balloon
|
|-heal|p2a: Milotic|252\/394|[from] item: Leftovers
|turn|3
|
|switch|p1a: Breloom|Breloom, F|261\/261
|move|p2a: Milotic|Confuse Ray|p1a: Breloom
|-start|p1a: Breloom|confusion
|
|-heal|p2a: Milotic|276\/394|[from] item: Leftovers
|turn|4
|
|switch|p1a: Talonflame|Talonflame, F|319\/319
|move|p2a: Milotic|Ice Beam|p1a: Talonflame
|-damage|p1a: Talonflame|231\/319
|
|-heal|p2a: Milotic|300\/394|[from] item: Leftovers
|turn|5
|
|move|p1a: Talonflame|Brave Bird|p2a: Milotic
|-damage|p2a: Milotic|134\/394
|-damage|p1a: Talonflame|176\/319|[from] recoil|[of] p2a: Milotic
|move|p2a: Milotic|Scald|p1a: Talonflame
|-supereffective|p1a: Talonflame
|-damage|p1a: Talonflame|0 fnt
|faint|p1a: Talonflame
|
|-heal|p2a: Milotic|158\/394|[from] item: Leftovers
|
|switch|p1a: Breloom|Breloom, F|261\/261
|turn|6
|
|switch|p2a: Clefable|Clefable, M|394\/394
|-damage|p2a: Clefable|345\/394|[from] Stealth Rock
|move|p1a: Breloom|Bullet Seed|p2a: Clefable
|-damage|p2a: Clefable|275\/394
|-damage|p2a: Clefable|205\/394
|-damage|p2a: Clefable|138\/394
|-damage|p2a: Clefable|74\/394
|-damage|p2a: Clefable|14\/394
|-hitcount|p2a: Clefable|5
|
|turn|7
|
|move|p1a: Breloom|Mach Punch|p2a: Clefable
|-resisted|p2a: Clefable
|-damage|p2a: Clefable|0 fnt
|-damage|p1a: Breloom|218\/261|[from] item: Rocky Helmet|[of] p2a: Clefable
|faint|p2a: Clefable
|
|
|switch|p2a: Thundurus-Therian|Thundurus-Therian, M|300\/300
|-damage|p2a: Thundurus-Therian|225\/300|[from] Stealth Rock
|turn|8
|
|switch|p1a: Metagross|Metagross|301\/301
|move|p2a: Thundurus-Therian|Hidden Power|p1a: Metagross
|-resisted|p1a: Metagross
|-damage|p1a: Metagross|258\/301
|
|turn|9
|
|switch|p2a: Milotic|Milotic, M|158\/394
|-damage|p2a: Milotic|109\/394|[from] Stealth Rock
|detailschange|p1a: Metagross|Metagross-Mega
|message|Metagross has Mega Evolved into Mega Metagross!
|move|p1a: Metagross|Zen Headbutt|p2a: Milotic
|-damage|p2a: Milotic|0 fnt
|faint|p2a: Milotic
|
|
|switch|p2a: Dragonite|Dragonite, F|324\/324
|-damage|p2a: Dragonite|243\/324|[from] Stealth Rock
|turn|10
|
|move|p1a: Metagross|Meteor Mash|p2a: Dragonite
|-damage|p2a: Dragonite|0 fnt
|faint|p2a: Dragonite
|
|
|switch|p2a: Breloom|Breloom, M|262\/262
|-damage|p2a: Breloom|246\/262|[from] Stealth Rock
|turn|11
|
|move|p1a: Metagross|Zen Headbutt|p2a: Breloom
|-supereffective|p2a: Breloom
|-damage|p2a: Breloom|0 fnt
|faint|p2a: Breloom
|
|-message|qqqqw forfeited.
|
|win|Aragorn1398
|raw|Ladder updating...
|leave|qqqqw
|player|p2
|raw|Aragorn1398's rating: 1346 &rarr; <strong>1364<\/strong><br \/>(+18 for winning)
|raw|qqqqw's rating: 1307 &rarr; <strong>1289<\/strong><br \/>(-18 for losing)