|join|TheMetaNinja
|join|qqqqw
|player|p1|TheMetaNinja|274
|player|p2|qqqqw|52
|gametype|singles
|gen|6
|tier|ORAS OU
|rated
|rule|Sleep Clause Mod: Limit one foe put to sleep
|rule|Species Clause: Limit one of each PokÃ©mon
|rule|OHKO Clause: OHKO moves are banned
|rule|Moody Clause: Moody is banned
|rule|Evasion Moves Clause: Evasion moves are banned
|rule|Endless Battle Clause: Forcing endless battles is banned
|rule|HP Percentage Mod: HP is shown in percentages
|clearpoke
|poke|p1|Muk, F, shiny
|poke|p1|Greninja, F, shiny
|poke|p1|Landorus-Therian, M, shiny
|poke|p1|Sceptile, M, shiny
|poke|p1|Rotom-Heat
|poke|p1|Empoleon, F, shiny
|poke|p2|Alakazam, M
|poke|p2|Breloom, M
|poke|p2|Milotic, M
|poke|p2|Dragonite, M
|poke|p2|Clefable, F
|poke|p2|Thundurus-Therian, M
|rule|Swagger Clause: Swagger is banned
|rule|Baton Pass Clause: Limit one PokÃ©mon knowing Baton Pass
|teampreview
|c|âTheMetaNinja|gl hf
|
|start
|switch|p1a: Greninja|Greninja, F, shiny|285\/285
|switch|p2a: Thundurus-Therian|Thundurus-Therian, M|300\/300
|turn|1
|
|move|p2a: Thundurus-Therian|Thunderbolt|p1a: Greninja
|-supereffective|p1a: Greninja
|-damage|p1a: Greninja|0 fnt
|faint|p1a: Greninja
|
|
|switch|p1a: Sceptile|Sceptile, M, shiny|281\/281
|turn|2
|join|Shadowth117
|
|switch|p2a: Clefable|Clefable, F|394\/394
|detailschange|p1a: Sceptile|Sceptile-Mega, M, shiny
|message|Sceptile has Mega Evolved into Mega Sceptile!
|move|p1a: Sceptile|Dragon Pulse|p2a: Clefable
|-immune|p2a: Clefable|[msg]
|
|turn|3
|
|switch|p1a: Muk|Muk, F, shiny|413\/413
|move|p2a: Clefable|Thunder Wave|p1a: Muk
|-status|p1a: Muk|par
|
|turn|4
|
|switch|p2a: Thundurus-Therian|Thundurus-Therian, M|300\/300
|move|p1a: Muk|Ice Punch|p2a: Thundurus-Therian
|-supereffective|p2a: Thundurus-Therian
|-damage|p2a: Thundurus-Therian|62\/300
|-status|p2a: Thundurus-Therian|frz
|
|turn|5
|
|-curestatus|p2a: Thundurus-Therian|frz
|move|p2a: Thundurus-Therian|Volt Switch|p1a: Muk
|-damage|p1a: Muk|323\/413 par
|
|switch|p2a: Milotic|Milotic, M|394\/394
|move|p1a: Muk|Poison Jab|p2a: Milotic
|-damage|p2a: Milotic|274\/394
|-status|p2a: Milotic|psn
|
|-heal|p2a: Milotic|298\/394 psn|[from] item: Leftovers
|-damage|p2a: Milotic|249\/394 psn|[from] psn
|turn|6
|
|move|p2a: Milotic|Scald|p1a: Muk
|-damage|p1a: Muk|263\/413 par
|cant|p1a: Muk|par
|
|-heal|p2a: Milotic|273\/394 psn|[from] item: Leftovers
|-damage|p2a: Milotic|224\/394 psn|[from] psn
|turn|7
|
|move|p2a: Milotic|Ice Beam|p1a: Muk
|-damage|p1a: Muk|216\/413 par
|move|p1a: Muk|Poison Jab|p2a: Milotic
|-damage|p2a: Milotic|146\/394 psn
|
|-heal|p2a: Milotic|170\/394 psn|[from] item: Leftovers
|-damage|p2a: Milotic|121\/394 psn|[from] psn
|turn|8
|
|move|p2a: Milotic|Scald|p1a: Muk
|-damage|p1a: Muk|159\/413 par
|move|p1a: Muk|Poison Jab|p2a: Milotic
|-damage|p2a: Milotic|51\/394 psn
|
|-heal|p2a: Milotic|75\/394 psn|[from] item: Leftovers
|-damage|p2a: Milotic|26\/394 psn|[from] psn
|turn|9
|
|cant|p1a: Muk|par
|move|p2a: Milotic|Scald|p1a: Muk
|-damage|p1a: Muk|96\/413 par
|
|-heal|p2a: Milotic|50\/394 psn|[from] item: Leftovers
|-damage|p2a: Milotic|1\/394 psn|[from] psn
|turn|10
|
|move|p1a: Muk|Shadow Sneak|p2a: Milotic
|-damage|p2a: Milotic|0 fnt
|faint|p2a: Milotic
|
|
|switch|p2a: Alakazam|Alakazam, M|252\/252
|turn|11
|
|detailschange|p2a: Alakazam|Alakazam-Mega, M
|message|Alakazam has Mega Evolved into Mega Alakazam!
|-ability|p2a: Alakazam|Poison Touch|[from] ability: Trace|[of] p1a: Muk
|move|p1a: Muk|Shadow Sneak|p2a: Alakazam
|-supereffective|p2a: Alakazam
|-damage|p2a: Alakazam|128\/252
|move|p2a: Alakazam|Psyshock|p1a: Muk
|-supereffective|p1a: Muk
|-damage|p1a: Muk|0 fnt
|faint|p1a: Muk
|
|
|switch|p1a: Landorus-Therian|Landorus-Therian, M, shiny|319\/319
|-ability|p1a: Landorus-Therian|Intimidate|[of] p2a: Alakazam
|-unboost|p2a: Alakazam|atk|1
|turn|12
|
|switch|p2a: Clefable|Clefable, F|394\/394
|move|p1a: Landorus-Therian|U-turn|p2a: Clefable
|-crit|p2a: Clefable
|-resisted|p2a: Clefable
|-damage|p2a: Clefable|331\/394
|-damage|p1a: Landorus-Therian|266\/319|[from] item: Rocky Helmet|[of] p2a: Clefable
|
|switch|p1a: Sceptile|Sceptile-Mega, M, shiny|281\/281
|
|turn|13
|
|move|p1a: Sceptile|Earthquake|p2a: Clefable
|-damage|p2a: Clefable|256\/394
|move|p2a: Clefable|Moonblast|p1a: Sceptile
|-supereffective|p1a: Sceptile
|-damage|p1a: Sceptile|41\/281
|
|turn|14
|
|switch|p1a: Empoleon|Empoleon, F, shiny|371\/371
|move|p2a: Clefable|Wish|p2a: Clefable
|
|turn|15
|
|switch|p2a: Breloom|Breloom, M|262\/262
|move|p1a: Empoleon|Stealth Rock|p2a: Breloom
|-sidestart|p2: qqqqw|move: Stealth Rock
|
|turn|16
|
|switch|p1a: Landorus-Therian|Landorus-Therian, M, shiny|266\/319
|-ability|p1a: Landorus-Therian|Intimidate|[of] p2a: Breloom
|-unboost|p2a: Breloom|atk|1
|move|p2a: Breloom|Spore|p1a: Landorus-Therian
|-status|p1a: Landorus-Therian|slp
|
|turn|17
|
|switch|p1a: Rotom-Heat|Rotom-Heat|303\/303
|move|p2a: Breloom|Rock Tomb|p1a: Rotom-Heat
|-supereffective|p1a: Rotom-Heat
|-damage|p1a: Rotom-Heat|207\/303
|-unboost|p1a: Rotom-Heat|spe|1
|
|-heal|p1a: Rotom-Heat|225\/303|[from] item: Leftovers
|turn|18
|
|move|p2a: Breloom|Rock Tomb|p1a: Rotom-Heat
|-supereffective|p1a: Rotom-Heat
|-damage|p1a: Rotom-Heat|131\/303
|-unboost|p1a: Rotom-Heat|spe|1
|move|p1a: Rotom-Heat|Will-O-Wisp|p2a: Breloom
|-status|p2a: Breloom|brn
|
|-heal|p1a: Rotom-Heat|149\/303|[from] item: Leftovers
|-damage|p2a: Breloom|230\/262 brn|[from] brn
|turn|19
|
|switch|p1a: Landorus-Therian|Landorus-Therian, M, shiny|266\/319 slp
|-ability|p1a: Landorus-Therian|Intimidate|[of] p2a: Breloom
|-unboost|p2a: Breloom|atk|1
|move|p2a: Breloom|Rock Tomb|p1a: Landorus-Therian
|-damage|p1a: Landorus-Therian|238\/319 slp
|-unboost|p1a: Landorus-Therian|spe|1
|
|-damage|p2a: Breloom|198\/262 brn|[from] brn
|turn|20
|
|switch|p2a: Alakazam|Alakazam-Mega, M|128\/252
|-damage|p2a: Alakazam|97\/252|[from] Stealth Rock
|-ability|p2a: Alakazam|Intimidate|[from] ability: Trace|[of] p1a: Landorus-Therian
|-ability|p2a: Alakazam|Intimidate|[of] p1a: Landorus-Therian
|-unboost|p1a: Landorus-Therian|atk|1
|cant|p1a: Landorus-Therian|slp
|
|turn|21
|
|switch|p1a: Empoleon|Empoleon, F, shiny|371\/371
|move|p2a: Alakazam|Psychic|p1a: Empoleon
|-resisted|p1a: Empoleon
|-damage|p1a: Empoleon|298\/371
|
|-heal|p1a: Empoleon|321\/371|[from] item: Leftovers
|turn|22
|
|switch|p2a: Clefable|Clefable, F|256\/394
|-damage|p2a: Clefable|207\/394|[from] Stealth Rock
|move|p1a: Empoleon|Flash Cannon|p2a: Clefable
|-supereffective|p2a: Clefable
|-damage|p2a: Clefable|0 fnt
|faint|p2a: Clefable
|
|-heal|p1a: Empoleon|344\/371|[from] item: Leftovers
|
|switch|p2a: Thundurus-Therian|Thundurus-Therian, M|62\/300
|-damage|p2a: Thundurus-Therian|0 fnt|[from] Stealth Rock
|faint|p2a: Thundurus-Therian
|
|switch|p2a: Breloom|Breloom, M|198\/262 brn
|-damage|p2a: Breloom|182\/262 brn|[from] Stealth Rock
|turn|23
|
|switch|p1a: Landorus-Therian|Landorus-Therian, M, shiny|238\/319 slp
|-ability|p1a: Landorus-Therian|Intimidate|[of] p2a: Breloom
|-unboost|p2a: Breloom|atk|1
|move|p2a: Breloom|Bullet Seed|p1a: Landorus-Therian
|-damage|p1a: Landorus-Therian|213\/319 slp
|-damage|p1a: Landorus-Therian|188\/319 slp
|-damage|p1a: Landorus-Therian|164\/319 slp
|-hitcount|p1a: Landorus-Therian|3
|
|-damage|p2a: Breloom|150\/262 brn|[from] brn
|turn|24
|
|switch|p2a: Dragonite|Dragonite, M|324\/324
|-damage|p2a: Dragonite|243\/324|[from] Stealth Rock
|cant|p1a: Landorus-Therian|slp
|
|turn|25
|
|-curestatus|p1a: Landorus-Therian|slp
|move|p1a: Landorus-Therian|U-turn|p2a: Dragonite
|-resisted|p2a: Dragonite
|-damage|p2a: Dragonite|195\/324
|
|switch|p1a: Rotom-Heat|Rotom-Heat|149\/303
|move|p2a: Dragonite|Dragon Dance|p2a: Dragonite
|-boost|p2a: Dragonite|atk|1
|-boost|p2a: Dragonite|spe|1
|
|-heal|p1a: Rotom-Heat|167\/303|[from] item: Leftovers
|turn|26
|
|move|p2a: Dragonite|Fire Punch|p1a: Rotom-Heat
|-resisted|p1a: Rotom-Heat
|-damage|p1a: Rotom-Heat|118\/303
|move|p1a: Rotom-Heat|Will-O-Wisp|p2a: Dragonite
|-status|p2a: Dragonite|brn
|-enditem|p2a: Dragonite|Lum Berry|[eat]
|-curestatus|p2a: Dragonite|brn
|
|-heal|p1a: Rotom-Heat|136\/303|[from] item: Leftovers
|turn|27
|
|move|p2a: Dragonite|Fire Punch|p1a: Rotom-Heat
|-resisted|p1a: Rotom-Heat
|-damage|p1a: Rotom-Heat|88\/303
|move|p1a: Rotom-Heat|Will-O-Wisp|p2a: Dragonite
|-status|p2a: Dragonite|brn
|
|-heal|p1a: Rotom-Heat|106\/303|[from] item: Leftovers
|-damage|p2a: Dragonite|155\/324 brn|[from] brn
|turn|28
|c|âTheMetaNinja|?
|
|move|p2a: Dragonite|Dragon Dance|p2a: Dragonite
|-boost|p2a: Dragonite|atk|1
|-boost|p2a: Dragonite|spe|1
|move|p1a: Rotom-Heat|Volt Switch|p2a: Dragonite
|-damage|p2a: Dragonite|62\/324 brn
|
|switch|p1a: Landorus-Therian|Landorus-Therian, M, shiny|164\/319
|-ability|p1a: Landorus-Therian|Intimidate|[of] p2a: Dragonite
|-unboost|p2a: Dragonite|atk|1
|
|-damage|p2a: Dragonite|22\/324 brn|[from] brn
|turn|29
|
|switch|p1a: Rotom-Heat|Rotom-Heat|106\/303
|move|p2a: Dragonite|Ice Punch|p1a: Rotom-Heat
|-resisted|p1a: Rotom-Heat
|-damage|p1a: Rotom-Heat|83\/303
|
|-heal|p1a: Rotom-Heat|101\/303|[from] item: Leftovers
|-damage|p2a: Dragonite|0 fnt|[from] brn
|faint|p2a: Dragonite
|
|switch|p2a: Alakazam|Alakazam-Mega, M|97\/252
|-damage|p2a: Alakazam|66\/252|[from] Stealth Rock
|-ability|p2a: Alakazam|Levitate|[from] ability: Trace|[of] p1a: Rotom-Heat
|turn|30
|
|move|p2a: Alakazam|Energy Ball|p1a: Rotom-Heat
|-resisted|p1a: Rotom-Heat
|-damage|p1a: Rotom-Heat|34\/303
|move|p1a: Rotom-Heat|Overheat|p2a: Alakazam
|-damage|p2a: Alakazam|0 fnt
|-unboost|p1a: Rotom-Heat|spa|2
|faint|p2a: Alakazam
|
|-heal|p1a: Rotom-Heat|52\/303|[from] item: Leftovers
|
|switch|p2a: Breloom|Breloom, M|150\/262 brn
|-damage|p2a: Breloom|134\/262 brn|[from] Stealth Rock
|turn|31
|
|move|p2a: Breloom|Rock Tomb|p1a: Rotom-Heat|[miss]
|-miss|p2a: Breloom|p1a: Rotom-Heat
|move|p1a: Rotom-Heat|Overheat|p2a: Breloom
|-supereffective|p2a: Breloom
|-damage|p2a: Breloom|0 fnt
|-unboost|p1a: Rotom-Heat|spa|2
|faint|p2a: Breloom
|
|win|TheMetaNinja
|raw|Ladder updating...
|raw|TheMetaNinja's rating: 1135 &rarr; <strong>1161<\/strong><br \/>(+26 for winning)
|raw|qqqqw's rating: 1147 &rarr; <strong>1121<\/strong><br \/>(-26 for losing)
|c|âTheMetaNinja|gg
|leave|qqqqw
|player|p2