|join|qqqqw
|join|DracoMaster Pain
|player|p1|qqqqw|52
|player|p2|DracoMaster Pain|109
|gametype|singles
|gen|6
|tier|ORAS OU
|rated
|rule|Sleep Clause Mod: Limit one foe put to sleep
|rule|Species Clause: Limit one of each PokÃ©mon
|rule|OHKO Clause: OHKO moves are banned
|rule|Moody Clause: Moody is banned
|rule|Evasion Moves Clause: Evasion moves are banned
|rule|Endless Battle Clause: Forcing endless battles is banned
|rule|HP Percentage Mod: HP is shown in percentages
|clearpoke
|poke|p1|Abomasnow, F
|poke|p1|Rotom-Heat
|poke|p1|Skarmory, M
|poke|p1|Metagross
|poke|p1|Umbreon, M
|poke|p1|Mew
|poke|p2|Mew
|poke|p2|Ferrothorn, M
|poke|p2|Salamence, F
|poke|p2|Noivern, M
|poke|p2|Rotom-Wash
|poke|p2|Landorus-Therian, M
|rule|Swagger Clause: Swagger is banned
|rule|Baton Pass Clause: Limit one PokÃ©mon knowing Baton Pass
|teampreview
|
|start
|switch|p1a: Rotom-Heat|Rotom-Heat|304\/304
|switch|p2a: Rotom-Wash|Rotom-Wash|241\/241
|turn|1
|
|switch|p1a: Abomasnow|Abomasnow, F|384\/384
|-weather|Hail
|move|p2a: Rotom-Wash|Hydro Pump|p1a: Abomasnow
|-resisted|p1a: Abomasnow
|-damage|p1a: Abomasnow|284\/384
|
|-weather|Hail|[upkeep]
|-damage|p2a: Rotom-Wash|226\/241|[from] hail
|turn|2
|
|switch|p2a: Noivern|Noivern, M|311\/311
|detailschange|p1a: Abomasnow|Abomasnow-Mega, F
|message|Abomasnow has Mega Evolved into Mega Abomasnow!
|move|p1a: Abomasnow|Blizzard|p2a: Noivern
|-supereffective|p2a: Noivern
|-damage|p2a: Noivern|0 fnt
|faint|p2a: Noivern
|
|-weather|Hail|[upkeep]
|
|switch|p2a: Landorus-Therian|Landorus-Therian, M|319\/319
|-ability|p2a: Landorus-Therian|Intimidate|[of] p1a: Abomasnow
|-unboost|p1a: Abomasnow|atk|1
|turn|3
|
|switch|p1a: Skarmory|Skarmory, M|334\/334
|move|p2a: Landorus-Therian|Earthquake|p1a: Skarmory
|-immune|p1a: Skarmory|[msg]
|
|-weather|Hail|[upkeep]
|-damage|p2a: Landorus-Therian|300\/319|[from] hail
|-damage|p1a: Skarmory|314\/334|[from] hail
|turn|4
|
|switch|p2a: Mew|Mew|404\/404
|move|p1a: Skarmory|Stealth Rock|p2a: Mew
|-sidestart|p2: DracoMaster Pain|move: Stealth Rock
|
|-weather|Hail|[upkeep]
|-damage|p2a: Mew|379\/404|[from] hail
|-damage|p1a: Skarmory|294\/334|[from] hail
|-heal|p2a: Mew|404\/404|[from] item: Leftovers
|turn|5
|
|switch|p1a: Rotom-Heat|Rotom-Heat|304\/304
|move|p2a: Mew|Will-O-Wisp|p1a: Rotom-Heat
|-fail|p1a: Rotom-Heat
|
|-weather|none
|turn|6
|
|move|p2a: Mew|Defog|p1a: Rotom-Heat
|-unboost|p1a: Rotom-Heat|evasion|1
|-sideend|p2: DracoMaster Pain|Stealth Rock|[from] move: Defog|[of] p2a: Mew
|move|p1a: Rotom-Heat|Confuse Ray|p2a: Mew
|-start|p2a: Mew|confusion
|
|turn|7
|
|switch|p2a: Rotom-Wash|Rotom-Wash|226\/241
|move|p1a: Rotom-Heat|Will-O-Wisp|p2a: Rotom-Wash|[miss]
|-miss|p1a: Rotom-Heat|p2a: Rotom-Wash
|
|turn|8
|
|move|p2a: Rotom-Wash|Volt Switch|p1a: Rotom-Heat
|-resisted|p1a: Rotom-Heat
|-damage|p1a: Rotom-Heat|267\/304
|
|switch|p2a: Landorus-Therian|Landorus-Therian, M|300\/319
|-ability|p2a: Landorus-Therian|Intimidate|[of] p1a: Rotom-Heat
|-unboost|p1a: Rotom-Heat|atk|1
|move|p1a: Rotom-Heat|Will-O-Wisp|p2a: Landorus-Therian
|-status|p2a: Landorus-Therian|brn
|
|-heal|p1a: Rotom-Heat|286\/304|[from] item: Leftovers
|-damage|p2a: Landorus-Therian|261\/319 brn|[from] brn
|turn|9
|
|switch|p1a: Skarmory|Skarmory, M|294\/334
|move|p2a: Landorus-Therian|Knock Off|p1a: Skarmory
|-damage|p1a: Skarmory|255\/334
|-damage|p2a: Landorus-Therian|208\/319 brn|[from] item: Rocky Helmet|[of] p1a: Skarmory
|-enditem|p1a: Skarmory|Rocky Helmet|[from] move: Knock Off|[of] p2a: Landorus-Therian
|
|-damage|p2a: Landorus-Therian|169\/319 brn|[from] brn
|turn|10
|
|switch|p2a: Mew|Mew|404\/404
|move|p1a: Skarmory|Stealth Rock|p2a: Mew
|-sidestart|p2: DracoMaster Pain|move: Stealth Rock
|
|turn|11
|
|switch|p1a: Rotom-Heat|Rotom-Heat|286\/304
|move|p2a: Mew|Defog|p1a: Rotom-Heat
|-unboost|p1a: Rotom-Heat|evasion|1
|-sideend|p2: DracoMaster Pain|Stealth Rock|[from] move: Defog|[of] p2a: Mew
|
|-heal|p1a: Rotom-Heat|304\/304|[from] item: Leftovers
|turn|12
|
|move|p2a: Mew|Knock Off|p1a: Rotom-Heat
|-damage|p1a: Rotom-Heat|228\/304
|-enditem|p1a: Rotom-Heat|Leftovers|[from] move: Knock Off|[of] p2a: Mew
|move|p1a: Rotom-Heat|Confuse Ray|p2a: Mew
|-start|p2a: Mew|confusion
|
|turn|13
|
|switch|p2a: Rotom-Wash|Rotom-Wash|226\/241
|move|p1a: Rotom-Heat|Discharge|p2a: Rotom-Wash
|-damage|p2a: Rotom-Wash|132\/241
|
|turn|14
|
|switch|p1a: Abomasnow|Abomasnow-Mega, F|284\/384
|-weather|Hail
|move|p2a: Rotom-Wash|Hydro Pump|p1a: Abomasnow
|-resisted|p1a: Abomasnow
|-damage|p1a: Abomasnow|200\/384
|
|-weather|Hail|[upkeep]
|-damage|p2a: Rotom-Wash|117\/241|[from] hail
|turn|15
|
|switch|p2a: Ferrothorn|Ferrothorn, M|351\/351
|move|p1a: Abomasnow|Energy Ball|p2a: Ferrothorn
|-resisted|p2a: Ferrothorn
|-damage|p2a: Ferrothorn|311\/351
|
|-weather|Hail|[upkeep]
|-damage|p2a: Ferrothorn|290\/351|[from] hail
|turn|16
|
|move|p1a: Abomasnow|Blizzard|p2a: Ferrothorn
|-damage|p2a: Ferrothorn|89\/351
|move|p2a: Ferrothorn|Leech Seed|p1a: Abomasnow
|-immune|p1a: Abomasnow|[msg]
|
|-weather|Hail|[upkeep]
|-damage|p2a: Ferrothorn|68\/351|[from] hail
|turn|17
|
|move|p1a: Abomasnow|Blizzard|p2a: Ferrothorn
|-damage|p2a: Ferrothorn|0 fnt
|faint|p2a: Ferrothorn
|
|-weather|Hail|[upkeep]
|
|switch|p2a: Rotom-Wash|Rotom-Wash|117\/241
|turn|18
|
|move|p2a: Rotom-Wash|Hidden Power|p1a: Abomasnow
|-supereffective|p1a: Abomasnow
|-damage|p1a: Abomasnow|0 fnt
|faint|p1a: Abomasnow
|
|-weather|none
|
|switch|p1a: Mew|Mew|404\/404
|turn|19
|
|switch|p2a: Mew|Mew|404\/404
|move|p1a: Mew|Will-O-Wisp|p2a: Mew
|-status|p2a: Mew|brn
|-status|p1a: Mew|brn
|
|-damage|p2a: Mew|354\/404 brn|[from] brn
|-damage|p1a: Mew|354\/404 brn|[from] brn
|turn|20
|
|move|p2a: Mew|Knock Off|p1a: Mew
|-supereffective|p1a: Mew
|-damage|p1a: Mew|278\/404 brn
|-enditem|p1a: Mew|Leftovers|[from] move: Knock Off|[of] p2a: Mew
|move|p1a: Mew|Taunt|p2a: Mew
|-start|p2a: Mew|move: Taunt
|
|-heal|p2a: Mew|379\/404 brn|[from] item: Leftovers
|-damage|p2a: Mew|329\/404 brn|[from] brn
|-damage|p1a: Mew|228\/404 brn|[from] brn
|turn|21
|
|switch|p2a: Landorus-Therian|Landorus-Therian, M|169\/319 brn
|-ability|p2a: Landorus-Therian|Intimidate|[of] p1a: Mew
|-unboost|p1a: Mew|atk|1
|move|p1a: Mew|Roost|p1a: Mew
|-heal|p1a: Mew|404\/404 brn
|
|-damage|p2a: Landorus-Therian|130\/319 brn|[from] brn
|-damage|p1a: Mew|354\/404 brn|[from] brn
|turn|22
|
|move|p2a: Landorus-Therian|Explosion|p1a: Mew
|-damage|p1a: Mew|0 fnt
|faint|p2a: Landorus-Therian
|faint|p1a: Mew
|
|
|switch|p2a: Rotom-Wash|Rotom-Wash|117\/241
|switch|p1a: Rotom-Heat|Rotom-Heat|228\/304
|turn|23
|
|move|p2a: Rotom-Wash|Hydro Pump|p1a: Rotom-Heat|[miss]
|-miss|p2a: Rotom-Wash|p1a: Rotom-Heat
|move|p1a: Rotom-Heat|Confuse Ray|p2a: Rotom-Wash
|-start|p2a: Rotom-Wash|confusion
|
|turn|24
|
|switch|p2a: Mew|Mew|329\/404 brn
|move|p1a: Rotom-Heat|Discharge|p2a: Mew
|-damage|p2a: Mew|230\/404 brn
|
|-heal|p2a: Mew|255\/404 brn|[from] item: Leftovers
|-damage|p2a: Mew|205\/404 brn|[from] brn
|turn|25
|
|move|p2a: Mew|Soft-Boiled|p2a: Mew
|-heal|p2a: Mew|404\/404 brn
|move|p1a: Rotom-Heat|Discharge|p2a: Mew
|-damage|p2a: Mew|299\/404 brn
|
|-heal|p2a: Mew|324\/404 brn|[from] item: Leftovers
|-damage|p2a: Mew|274\/404 brn|[from] brn
|turn|26
|
|switch|p2a: Rotom-Wash|Rotom-Wash|117\/241
|move|p1a: Rotom-Heat|Discharge|p2a: Rotom-Wash
|-damage|p2a: Rotom-Wash|26\/241
|
|turn|27
|
|move|p2a: Rotom-Wash|Hydro Pump|p1a: Rotom-Heat
|-supereffective|p1a: Rotom-Heat
|-damage|p1a: Rotom-Heat|0 fnt
|faint|p1a: Rotom-Heat
|
|
|switch|p1a: Umbreon|Umbreon, M|394\/394
|turn|28
|
|switch|p2a: Mew|Mew|274\/404 brn
|move|p1a: Umbreon|Foul Play|p2a: Mew
|-supereffective|p2a: Mew
|-damage|p2a: Mew|76\/404 brn
|
|-heal|p2a: Mew|101\/404 brn|[from] item: Leftovers
|-damage|p2a: Mew|51\/404 brn|[from] brn
|turn|29
|
|move|p2a: Mew|Soft-Boiled|p2a: Mew
|-heal|p2a: Mew|253\/404 brn
|move|p1a: Umbreon|Foul Play|p2a: Mew
|-supereffective|p2a: Mew
|-damage|p2a: Mew|77\/404 brn
|
|-heal|p2a: Mew|102\/404 brn|[from] item: Leftovers
|-damage|p2a: Mew|52\/404 brn|[from] brn
|turn|30
|
|move|p2a: Mew|Soft-Boiled|p2a: Mew
|-heal|p2a: Mew|254\/404 brn
|move|p1a: Umbreon|Foul Play|p2a: Mew
|-crit|p2a: Mew
|-supereffective|p2a: Mew
|-damage|p2a: Mew|0 fnt
|faint|p2a: Mew
|
|
|switch|p2a: Rotom-Wash|Rotom-Wash|26\/241
|turn|31
|
|move|p1a: Umbreon|Protect|p1a: Umbreon
|-singleturn|p1a: Umbreon|Protect
|move|p2a: Rotom-Wash|Hydro Pump|p1a: Umbreon
|-activate|p1a: Umbreon|Protect
|
|turn|32
|
|switch|p1a: Metagross|Metagross|364\/364
|move|p2a: Rotom-Wash|Hydro Pump|p1a: Metagross
|-damage|p1a: Metagross|225\/364
|
|turn|33
|
|switch|p2a: Salamence|Salamence, F|331\/331
|-ability|p2a: Salamence|Intimidate|[of] p1a: Metagross
|-fail|p1a: Metagross|unboost|[from] ability: Clear Body|[of] p1a: Metagross
|move|p1a: Metagross|Meteor Mash|p2a: Salamence
|-damage|p2a: Salamence|79\/331
|
|turn|34
|
|detailschange|p2a: Salamence|Salamence-Mega, F
|message|Salamence has Mega Evolved into Mega Salamence!
|move|p1a: Metagross|Bullet Punch|p2a: Salamence
|-damage|p2a: Salamence|4\/331
|move|p2a: Salamence|Fire Blast|p1a: Metagross|[miss]
|-miss|p2a: Salamence|p1a: Metagross
|
|turn|35
|c|âqqqqw|huuhu
|c|âDracoMaster Pain|gg
|c|âqqqqw|gggg
|
|move|p1a: Metagross|Bullet Punch|p2a: Salamence
|-damage|p2a: Salamence|0 fnt
|faint|p2a: Salamence
|
|-message|DracoMaster Pain forfeited.
|
|win|qqqqw
|raw|Ladder updating...
|raw|qqqqw's rating: 1373 &rarr; <strong>1389<\/strong><br \/>(+16 for winning)
|raw|DracoMaster Pain's rating: 1287 &rarr; <strong>1269<\/strong><br \/>(-18 for losing)