|join|qqqqw
|join|poiket
|player|p1|qqqqw|52
|player|p2|poiket|11
|gametype|singles
|gen|6
|tier|ORAS OU
|rated
|rule|Sleep Clause Mod: Limit one foe put to sleep
|rule|Species Clause: Limit one of each PokÃ©mon
|rule|OHKO Clause: OHKO moves are banned
|rule|Moody Clause: Moody is banned
|rule|Evasion Moves Clause: Evasion moves are banned
|rule|Endless Battle Clause: Forcing endless battles is banned
|rule|HP Percentage Mod: HP is shown in percentages
|clearpoke
|poke|p1|Gallade, M
|poke|p1|Rotom-Heat
|poke|p1|Skarmory, M
|poke|p1|Regirock
|poke|p1|Umbreon, M
|poke|p1|Leafeon, M
|poke|p2|Weavile, M
|poke|p2|Terrakion
|poke|p2|Garchomp, M
|poke|p2|Azumarill, M
|poke|p2|Metagross
|poke|p2|Greninja, F
|rule|Swagger Clause: Swagger is banned
|rule|Baton Pass Clause: Limit one PokÃ©mon knowing Baton Pass
|teampreview
|
|start
|switch|p1a: Leafeon|Leafeon, M|272\/272
|switch|p2a: Greninja|Greninja, F|285\/285
|turn|1
|
|switch|p1a: Umbreon|Umbreon, M|394\/394
|move|p2a: Greninja|Ice Beam|p1a: Umbreon
|-start|p2a: Greninja|typechange|Ice|[from] Protean
|-damage|p1a: Umbreon|248\/394
|-damage|p2a: Greninja|257\/285|[from] item: Life Orb
|
|-heal|p1a: Umbreon|272\/394|[from] item: Leftovers
|turn|2
|
|switch|p2a: Terrakion|Terrakion|323\/323
|move|p1a: Umbreon|Wish|p1a: Umbreon
|
|-heal|p1a: Umbreon|296\/394|[from] item: Leftovers
|turn|3
|
|move|p1a: Umbreon|Protect|p1a: Umbreon
|-singleturn|p1a: Umbreon|Protect
|move|p2a: Terrakion|Close Combat|p1a: Umbreon
|-activate|p1a: Umbreon|Protect
|
|-heal|p1a: Umbreon|394\/394|[from] move: Wish|[wisher] Umbreon
|turn|4
|
|move|p2a: Terrakion|Close Combat|p1a: Umbreon
|-supereffective|p1a: Umbreon
|-damage|p1a: Umbreon|98\/394
|-unboost|p2a: Terrakion|def|1
|-unboost|p2a: Terrakion|spd|1
|move|p1a: Umbreon|Foul Play|p2a: Terrakion
|-resisted|p2a: Terrakion
|-damage|p2a: Terrakion|183\/323
|-boost|p2a: Terrakion|atk|1|[from] ability: Justified
|
|-heal|p1a: Umbreon|122\/394|[from] item: Leftovers
|turn|5
|
|move|p1a: Umbreon|Protect|p1a: Umbreon
|-singleturn|p1a: Umbreon|Protect
|move|p2a: Terrakion|Close Combat|p1a: Umbreon
|-activate|p1a: Umbreon|Protect
|
|-heal|p1a: Umbreon|146\/394|[from] item: Leftovers
|turn|6
|
|switch|p1a: Skarmory|Skarmory, M|334\/334
|move|p2a: Terrakion|Close Combat|p1a: Skarmory
|-damage|p1a: Skarmory|148\/334
|-damage|p2a: Terrakion|130\/323|[from] item: Rocky Helmet|[of] p1a: Skarmory
|-unboost|p2a: Terrakion|def|1
|-unboost|p2a: Terrakion|spd|1
|
|turn|7
|
|switch|p1a: Regirock|Regirock|364\/364
|move|p2a: Terrakion|Close Combat|p1a: Regirock
|-crit|p1a: Regirock
|-supereffective|p1a: Regirock
|-damage|p1a: Regirock|0 fnt
|-unboost|p2a: Terrakion|def|1
|-unboost|p2a: Terrakion|spd|1
|faint|p1a: Regirock
|
|
|switch|p1a: Leafeon|Leafeon, M|272\/272
|turn|8
|
|switch|p2a: Azumarill|Azumarill, M|404\/404
|move|p1a: Leafeon|Rock Smash|p2a: Azumarill
|-resisted|p2a: Azumarill
|-damage|p2a: Azumarill|376\/404
|
|turn|9
|
|move|p1a: Leafeon|Leaf Blade|p2a: Azumarill
|-boost|p2a: Azumarill|atk|1|[from] ability: Sap Sipper
|move|p2a: Azumarill|Knock Off|p1a: Leafeon
|-damage|p1a: Leafeon|192\/272
|-enditem|p1a: Leafeon|Assault Vest|[from] move: Knock Off|[of] p2a: Azumarill
|
|turn|10
|
|switch|p1a: Umbreon|Umbreon, M|146\/394
|move|p2a: Azumarill|Play Rough|p1a: Umbreon
|-supereffective|p1a: Umbreon
|-damage|p1a: Umbreon|0 fnt
|faint|p1a: Umbreon
|
|
|switch|p1a: Skarmory|Skarmory, M|148\/334
|turn|11
|
|move|p1a: Skarmory|Stealth Rock|p2a: Azumarill
|-sidestart|p2: poiket|move: Stealth Rock
|move|p2a: Azumarill|Knock Off|p1a: Skarmory
|-damage|p1a: Skarmory|86\/334
|-damage|p2a: Azumarill|309\/404|[from] item: Rocky Helmet|[of] p1a: Skarmory
|-enditem|p1a: Skarmory|Rocky Helmet|[from] move: Knock Off|[of] p2a: Azumarill
|
|turn|12
|
|move|p1a: Skarmory|Roost|p1a: Skarmory
|-heal|p1a: Skarmory|253\/334
|move|p2a: Azumarill|Belly Drum|p2a: Azumarill
|-damage|p2a: Azumarill|107\/404
|-setboost|p2a: Azumarill|atk|6|[from] move: Belly Drum
|-enditem|p2a: Azumarill|Sitrus Berry|[eat]
|-heal|p2a: Azumarill|208\/404|[from] item: Sitrus Berry
|
|turn|13
|
|move|p2a: Azumarill|Aqua Jet|p1a: Skarmory
|-damage|p1a: Skarmory|148\/334
|move|p1a: Skarmory|Brave Bird|p2a: Azumarill
|-damage|p2a: Azumarill|67\/404
|-damage|p1a: Skarmory|101\/334|[from] recoil|[of] p2a: Azumarill
|
|turn|14
|
|move|p2a: Azumarill|Aqua Jet|p1a: Skarmory
|-damage|p1a: Skarmory|8\/334
|move|p1a: Skarmory|Roost|p1a: Skarmory
|-heal|p1a: Skarmory|175\/334
|
|turn|15
|
|move|p2a: Azumarill|Aqua Jet|p1a: Skarmory
|-damage|p1a: Skarmory|76\/334
|move|p1a: Skarmory|Roost|p1a: Skarmory
|-heal|p1a: Skarmory|243\/334
|
|turn|16
|
|switch|p2a: Greninja|Greninja, F|257\/285
|-damage|p2a: Greninja|222\/285|[from] Stealth Rock
|move|p1a: Skarmory|Roost|p1a: Skarmory
|-heal|p1a: Skarmory|334\/334
|
|turn|17
|
|move|p2a: Greninja|Hidden Power|p1a: Skarmory
|-start|p2a: Greninja|typechange|Fire|[from] Protean
|-crit|p1a: Skarmory
|-supereffective|p1a: Skarmory
|-activate|p1a: Skarmory|Sturdy
|-damage|p1a: Skarmory|1\/334
|-damage|p2a: Greninja|194\/285|[from] item: Life Orb
|move|p1a: Skarmory|Brave Bird|p2a: Greninja
|-damage|p2a: Greninja|20\/285
|-damage|p1a: Skarmory|0 fnt|[from] recoil|[of] p2a: Greninja
|faint|p1a: Skarmory
|
|
|switch|p1a: Gallade|Gallade, M|315\/315
|turn|18
|
|detailschange|p1a: Gallade|Gallade-Mega, M
|message|Gallade has Mega Evolved into Mega Gallade!
|move|p1a: Gallade|Shadow Sneak|p2a: Greninja
|-damage|p2a: Greninja|0 fnt
|faint|p2a: Greninja
|
|
|switch|p2a: Metagross|Metagross|301\/301
|-damage|p2a: Metagross|283\/301|[from] Stealth Rock
|turn|19
|
|switch|p1a: Rotom-Heat|Rotom-Heat|304\/304
|detailschange|p2a: Metagross|Metagross-Mega
|message|Metagross has Mega Evolved into Mega Metagross!
|move|p2a: Metagross|Zen Headbutt|p1a: Rotom-Heat
|-damage|p1a: Rotom-Heat|118\/304
|
|-heal|p1a: Rotom-Heat|137\/304|[from] item: Leftovers
|turn|20
|
|move|p2a: Metagross|Zen Headbutt|p1a: Rotom-Heat
|-damage|p1a: Rotom-Heat|0 fnt
|faint|p1a: Rotom-Heat
|
|
|switch|p1a: Leafeon|Leafeon, M|192\/272
|turn|21
|
|move|p2a: Metagross|Meteor Mash|p1a: Leafeon
|-damage|p1a: Leafeon|26\/272
|move|p1a: Leafeon|X-Scissor|p2a: Metagross
|-damage|p2a: Metagross|220\/301
|
|turn|22
|
|move|p2a: Metagross|Bullet Punch|p1a: Leafeon
|-damage|p1a: Leafeon|0 fnt
|faint|p1a: Leafeon
|
|
|switch|p1a: Gallade|Gallade-Mega, M|315\/315
|turn|23
|
|move|p2a: Metagross|Meteor Mash|p1a: Gallade
|-damage|p1a: Gallade|140\/315
|move|p1a: Gallade|Bulk Up|p1a: Gallade
|-boost|p1a: Gallade|atk|1
|-boost|p1a: Gallade|def|1
|
|turn|24
|
|move|p2a: Metagross|Meteor Mash|p1a: Gallade|[miss]
|-miss|p2a: Metagross|p1a: Gallade
|move|p1a: Gallade|Drain Punch|p2a: Metagross
|-damage|p2a: Metagross|81\/301
|-heal|p1a: Gallade|210\/315|[from] drain|[of] p2a: Metagross
|
|turn|25
|
|move|p2a: Metagross|Bullet Punch|p1a: Gallade
|-damage|p1a: Gallade|159\/315
|move|p1a: Gallade|Shadow Sneak|p2a: Metagross
|-supereffective|p2a: Metagross
|-damage|p2a: Metagross|0 fnt
|faint|p2a: Metagross
|
|
|switch|p2a: Garchomp|Garchomp, M|358\/358
|-damage|p2a: Garchomp|336\/358|[from] Stealth Rock
|turn|26
|
|move|p2a: Garchomp|Earthquake|p1a: Gallade
|-damage|p1a: Gallade|63\/315
|move|p1a: Gallade|Drain Punch|p2a: Garchomp
|-damage|p2a: Garchomp|128\/358
|-heal|p1a: Gallade|167\/315|[from] drain|[of] p2a: Garchomp
|-damage|p1a: Gallade|128\/315|[from] ability: Rough Skin|[of] p2a: Garchomp
|-damage|p1a: Gallade|76\/315|[from] item: Rocky Helmet|[of] p2a: Garchomp
|
|turn|27
|
|move|p1a: Gallade|Shadow Sneak|p2a: Garchomp
|-damage|p2a: Garchomp|44\/358
|-damage|p1a: Gallade|37\/315|[from] ability: Rough Skin|[of] p2a: Garchomp
|-damage|p1a: Gallade|0 fnt|[from] item: Rocky Helmet|[of] p2a: Garchomp
|faint|p1a: Gallade
|
|win|poiket
|raw|Ladder updating...
|raw|qqqqw's rating: 1309 &rarr; <strong>1285<\/strong><br \/>(-24 for losing)
|raw|poiket's rating: 1231 &rarr; <strong>1262<\/strong><br \/>(+31 for winning)
|leave|qqqqw
|player|p1