|join|Volatin
|join|qqqqw
|player|p1|Volatin|1
|player|p2|qqqqw|52
|gametype|singles
|gen|6
|tier|ORAS OU
|rated
|rule|Sleep Clause Mod: Limit one foe put to sleep
|rule|Species Clause: Limit one of each PokÃ©mon
|rule|OHKO Clause: OHKO moves are banned
|rule|Moody Clause: Moody is banned
|rule|Evasion Moves Clause: Evasion moves are banned
|rule|Endless Battle Clause: Forcing endless battles is banned
|rule|HP Percentage Mod: HP is shown in percentages
|clearpoke
|poke|p1|Politoed, F
|poke|p1|Swampert, M
|poke|p1|Thundurus-Therian, M
|poke|p1|Slowbro, F
|poke|p1|Ferrothorn, F
|poke|p1|Toxicroak, F
|poke|p2|Abomasnow, M
|poke|p2|Cofagrigus, F
|poke|p2|Regice
|poke|p2|Marowak, M
|poke|p2|Cloyster, F
|poke|p2|Musharna, F
|rule|Swagger Clause: Swagger is banned
|rule|Baton Pass Clause: Limit one PokÃ©mon knowing Baton Pass
|teampreview
|
|start
|switch|p1a: Ferrothorn|Ferrothorn, F|352\/352
|switch|p2a: Musharna|Musharna, F|436\/436
|turn|1
|
|switch|p2a: Abomasnow|Abomasnow, M|384\/384
|-weather|Hail
|move|p1a: Ferrothorn|Knock Off|p2a: Abomasnow
|-damage|p2a: Abomasnow|321\/384
|
|-weather|Hail|[upkeep]
|-damage|p1a: Ferrothorn|330\/352|[from] hail
|-heal|p1a: Ferrothorn|352\/352|[from] item: Leftovers
|turn|2
|
|detailschange|p2a: Abomasnow|Abomasnow-Mega, M
|message|Abomasnow has Mega Evolved into Mega Abomasnow!
|move|p2a: Abomasnow|Blizzard|p1a: Ferrothorn
|-damage|p1a: Ferrothorn|175\/352
|move|p1a: Ferrothorn|Stealth Rock|p2a: Abomasnow
|-sidestart|p2: qqqqw|move: Stealth Rock
|
|-weather|Hail|[upkeep]
|-damage|p1a: Ferrothorn|153\/352|[from] hail
|-heal|p1a: Ferrothorn|175\/352|[from] item: Leftovers
|turn|3
|
|switch|p1a: Politoed|Politoed, F|384\/384
|-weather|RainDance
|move|p2a: Abomasnow|Blizzard|p1a: Politoed
|-resisted|p1a: Politoed
|-damage|p1a: Politoed|303\/384
|
|-weather|RainDance|[upkeep]
|turn|4
|
|switch|p1a: Toxicroak|Toxicroak, F|370\/370
|move|p2a: Abomasnow|Energy Ball|p1a: Toxicroak
|-resisted|p1a: Toxicroak
|-damage|p1a: Toxicroak|248\/370
|
|-weather|RainDance|[upkeep]
|-heal|p1a: Toxicroak|294\/370|[from] ability: Dry Skin
|-heal|p1a: Toxicroak|317\/370|[from] item: Black Sludge
|turn|5
|
|switch|p2a: Cofagrigus|Cofagrigus, F|320\/320
|-damage|p2a: Cofagrigus|280\/320|[from] Stealth Rock
|move|p1a: Toxicroak|Swords Dance|p1a: Toxicroak
|-boost|p1a: Toxicroak|atk|2
|
|-weather|RainDance|[upkeep]
|-heal|p1a: Toxicroak|363\/370|[from] ability: Dry Skin
|-heal|p1a: Toxicroak|370\/370|[from] item: Black Sludge
|turn|6
|
|move|p1a: Toxicroak|Knock Off|p2a: Cofagrigus
|-supereffective|p2a: Cofagrigus
|-enditem|p2a: Cofagrigus|Colbur Berry|[eat]
|-damage|p2a: Cofagrigus|154\/320
|-endability|p1a: Toxicroak|dryskin|[from] Mummy
|-ability|p1a: Toxicroak|Mummy|[from] Mummy
|move|p2a: Cofagrigus|Psychic|p1a: Toxicroak
|-supereffective|p1a: Toxicroak
|-damage|p1a: Toxicroak|0 fnt
|faint|p1a: Toxicroak
|
|-weather|RainDance|[upkeep]
|
|switch|p1a: Swampert|Swampert, M|342\/342
|turn|7
|
|detailschange|p1a: Swampert|Swampert-Mega, M
|message|Swampert has Mega Evolved into Mega Swampert!
|move|p1a: Swampert|Waterfall|p2a: Cofagrigus
|-damage|p2a: Cofagrigus|9\/320
|-endability|p1a: Swampert|swiftswim|[from] Mummy
|-ability|p1a: Swampert|Mummy|[from] Mummy
|move|p2a: Cofagrigus|Will-O-Wisp|p1a: Swampert
|-status|p1a: Swampert|brn
|
|-weather|RainDance|[upkeep]
|-damage|p1a: Swampert|300\/342 brn|[from] brn
|turn|8
|
|move|p1a: Swampert|Waterfall|p2a: Cofagrigus
|-damage|p2a: Cofagrigus|0 fnt
|faint|p2a: Cofagrigus
|
|-weather|RainDance|[upkeep]
|-damage|p1a: Swampert|258\/342 brn|[from] brn
|
|switch|p2a: Musharna|Musharna, F|436\/436
|-damage|p2a: Musharna|382\/436|[from] Stealth Rock
|turn|9
|
|move|p1a: Swampert|Waterfall|p2a: Musharna
|-damage|p2a: Musharna|285\/436
|move|p2a: Musharna|Curse|p2a: Musharna
|-boost|p2a: Musharna|atk|1
|-boost|p2a: Musharna|def|1
|-unboost|p2a: Musharna|spe|1
|
|-weather|RainDance|[upkeep]
|-damage|p1a: Swampert|216\/342 brn|[from] brn
|turn|10
|
|move|p1a: Swampert|Waterfall|p2a: Musharna
|-damage|p2a: Musharna|218\/436
|move|p2a: Musharna|Curse|p2a: Musharna
|-boost|p2a: Musharna|atk|1
|-boost|p2a: Musharna|def|1
|-unboost|p2a: Musharna|spe|1
|
|-weather|none
|-damage|p1a: Swampert|174\/342 brn|[from] brn
|turn|11
|
|switch|p1a: Politoed|Politoed, F|303\/384
|-weather|RainDance
|move|p2a: Musharna|Calm Mind|p2a: Musharna
|-boost|p2a: Musharna|spa|1
|-boost|p2a: Musharna|spd|1
|
|-weather|RainDance|[upkeep]
|turn|12
|
|move|p1a: Politoed|Encore|p2a: Musharna
|-start|p2a: Musharna|Encore
|move|p2a: Musharna|Calm Mind|p2a: Musharna
|-boost|p2a: Musharna|spa|1
|-boost|p2a: Musharna|spd|1
|
|-weather|RainDance|[upkeep]
|turn|13
|
|move|p1a: Politoed|Hydro Pump|p2a: Musharna
|-damage|p2a: Musharna|128\/436
|move|p2a: Musharna|Calm Mind|p2a: Musharna
|-boost|p2a: Musharna|spa|1
|-boost|p2a: Musharna|spd|1
|
|-weather|RainDance|[upkeep]
|turn|14
|
|move|p1a: Politoed|Hydro Pump|p2a: Musharna
|-damage|p2a: Musharna|56\/436
|move|p2a: Musharna|Calm Mind|p2a: Musharna
|-boost|p2a: Musharna|spa|1
|-boost|p2a: Musharna|spd|1
|
|-weather|RainDance|[upkeep]
|-end|p2a: Musharna|Encore
|turn|15
|
|move|p1a: Politoed|Encore|p2a: Musharna
|-start|p2a: Musharna|Encore
|move|p2a: Musharna|Calm Mind|p2a: Musharna
|-boost|p2a: Musharna|spa|1
|-boost|p2a: Musharna|spd|1
|
|-weather|RainDance|[upkeep]
|turn|16
|
|move|p1a: Politoed|Hydro Pump|p2a: Musharna
|-damage|p2a: Musharna|0 fnt
|faint|p2a: Musharna
|
|-weather|RainDance|[upkeep]
|
|switch|p2a: Abomasnow|Abomasnow-Mega, M|321\/384
|-damage|p2a: Abomasnow|225\/384|[from] Stealth Rock
|-weather|Hail
|turn|17
|
|move|p1a: Politoed|Hypnosis|p2a: Abomasnow|[miss]
|-miss|p1a: Politoed|p2a: Abomasnow
|move|p2a: Abomasnow|Blizzard|p1a: Politoed
|-resisted|p1a: Politoed
|-damage|p1a: Politoed|223\/384
|
|-weather|Hail|[upkeep]
|-damage|p1a: Politoed|199\/384|[from] hail
|turn|18
|
|move|p1a: Politoed|Hypnosis|p2a: Abomasnow
|-status|p2a: Abomasnow|slp
|cant|p2a: Abomasnow|slp
|
|-weather|Hail|[upkeep]
|-damage|p1a: Politoed|175\/384|[from] hail
|turn|19
|
|switch|p1a: Thundurus-Therian|Thundurus-Therian, M|299\/299
|switch|p2a: Cloyster|Cloyster, F|241\/241
|-damage|p2a: Cloyster|181\/241|[from] Stealth Rock
|
|-weather|Hail|[upkeep]
|-damage|p1a: Thundurus-Therian|281\/299|[from] hail
|turn|20
|
|move|p2a: Cloyster|Ice Shard|p1a: Thundurus-Therian
|-supereffective|p1a: Thundurus-Therian
|-damage|p1a: Thundurus-Therian|125\/299
|move|p1a: Thundurus-Therian|Thunder|p2a: Cloyster
|-supereffective|p2a: Cloyster
|-damage|p2a: Cloyster|0 fnt
|-damage|p1a: Thundurus-Therian|96\/299|[from] item: Life Orb
|faint|p2a: Cloyster
|
|-weather|Hail|[upkeep]
|-damage|p1a: Thundurus-Therian|78\/299|[from] hail
|
|switch|p2a: Regice|Regice|352\/352
|-damage|p2a: Regice|264\/352|[from] Stealth Rock
|turn|21
|
|switch|p1a: Politoed|Politoed, F|175\/384
|-weather|RainDance
|move|p2a: Regice|Ice Beam|p1a: Politoed
|-resisted|p1a: Politoed
|-damage|p1a: Politoed|133\/384
|
|-weather|RainDance|[upkeep]
|turn|22
|
|move|p1a: Politoed|Encore|p2a: Regice
|-start|p2a: Regice|Encore
|move|p2a: Regice|Ice Beam|p1a: Politoed
|-resisted|p1a: Politoed
|-damage|p1a: Politoed|87\/384
|
|-weather|RainDance|[upkeep]
|turn|23
|
|move|p1a: Politoed|Rest|p1a: Politoed
|-status|p1a: Politoed|slp
|-heal|p1a: Politoed|384\/384 slp|[silent]
|-status|p1a: Politoed|slp|[from] move: Rest
|move|p2a: Regice|Ice Beam|p1a: Politoed
|-resisted|p1a: Politoed
|-damage|p1a: Politoed|336\/384 slp
|
|-weather|RainDance|[upkeep]
|turn|24
|
|switch|p1a: Slowbro|Slowbro, F|394\/394
|switch|p2a: Abomasnow|Abomasnow-Mega, M|225\/384 slp
|-damage|p2a: Abomasnow|129\/384 slp|[from] Stealth Rock
|-weather|Hail
|
|-weather|Hail|[upkeep]
|-damage|p1a: Slowbro|370\/394|[from] hail
|turn|25
|
|move|p1a: Slowbro|Psychic|p2a: Abomasnow
|-damage|p2a: Abomasnow|23\/384 slp
|-curestatus|p2a: Abomasnow|slp
|move|p2a: Abomasnow|Energy Ball|p1a: Slowbro
|-supereffective|p1a: Slowbro
|-damage|p1a: Slowbro|64\/394
|
|-weather|Hail|[upkeep]
|-damage|p1a: Slowbro|40\/394|[from] hail
|turn|26
|
|move|p2a: Abomasnow|Ice Shard|p1a: Slowbro
|-resisted|p1a: Slowbro
|-damage|p1a: Slowbro|11\/394
|move|p1a: Slowbro|Psychic|p2a: Abomasnow
|-damage|p2a: Abomasnow|0 fnt
|faint|p2a: Abomasnow
|
|-weather|Hail|[upkeep]
|-damage|p1a: Slowbro|0 fnt|[from] hail
|faint|p1a: Slowbro
|
|switch|p1a: Politoed|Politoed, F|336\/384 slp
|switch|p2a: Regice|Regice|264\/352
|-damage|p2a: Regice|176\/352|[from] Stealth Rock
|-weather|RainDance
|turn|27
|
|cant|p1a: Politoed|slp
|move|p2a: Regice|Ice Beam|p1a: Politoed
|-resisted|p1a: Politoed
|-damage|p1a: Politoed|291\/384 slp
|
|-weather|RainDance|[upkeep]
|turn|28
|
|cant|p1a: Politoed|slp
|move|p2a: Regice|Ice Beam|p1a: Politoed
|-resisted|p1a: Politoed
|-damage|p1a: Politoed|243\/384 slp
|
|-weather|RainDance|[upkeep]
|turn|29
|
|-curestatus|p1a: Politoed|slp
|move|p1a: Politoed|Hypnosis|p2a: Regice
|-status|p2a: Regice|slp
|cant|p2a: Regice|slp
|
|-weather|RainDance|[upkeep]
|turn|30
|
|switch|p1a: Ferrothorn|Ferrothorn, F|175\/352
|-curestatus|p2a: Regice|slp
|move|p2a: Regice|Sleep Talk|p2a: Regice
|-fail|p2a: Regice
|
|-weather|RainDance|[upkeep]
|-heal|p1a: Ferrothorn|197\/352|[from] item: Leftovers
|turn|31
|
|move|p2a: Regice|Ice Beam|p1a: Ferrothorn
|-damage|p1a: Ferrothorn|83\/352
|move|p1a: Ferrothorn|Leech Seed|p2a: Regice
|-start|p2a: Regice|move: Leech Seed
|
|-weather|RainDance|[upkeep]
|-heal|p1a: Ferrothorn|105\/352|[from] item: Leftovers
|-damage|p2a: Regice|132\/352|[from] Leech Seed|[of] p1a: Ferrothorn
|-heal|p1a: Ferrothorn|149\/352|[silent]
|turn|32
|
|move|p2a: Regice|Rest|p2a: Regice
|-status|p2a: Regice|slp
|-heal|p2a: Regice|352\/352 slp|[silent]
|-status|p2a: Regice|slp|[from] move: Rest
|move|p1a: Ferrothorn|Gyro Ball|p2a: Regice
|-supereffective|p2a: Regice
|-damage|p2a: Regice|190\/352 slp
|
|-weather|RainDance|[upkeep]
|-heal|p1a: Ferrothorn|171\/352|[from] item: Leftovers
|-damage|p2a: Regice|146\/352 slp|[from] Leech Seed|[of] p1a: Ferrothorn
|-heal|p1a: Ferrothorn|215\/352|[silent]
|turn|33
|
|switch|p2a: Marowak|Marowak, M|324\/324
|-damage|p2a: Marowak|304\/324|[from] Stealth Rock
|move|p1a: Ferrothorn|Gyro Ball|p2a: Marowak
|-damage|p2a: Marowak|219\/324
|
|-weather|RainDance|[upkeep]
|-heal|p1a: Ferrothorn|237\/352|[from] item: Leftovers
|turn|34
|
|switch|p1a: Swampert|Swampert-Mega, M|174\/342 brn
|move|p2a: Marowak|Knock Off|p1a: Swampert
|-damage|p1a: Swampert|65\/342 brn
|
|-weather|none
|-damage|p1a: Swampert|23\/342 brn|[from] brn
|turn|35
|
|move|p1a: Swampert|Waterfall|p2a: Marowak
|-supereffective|p2a: Marowak
|-damage|p2a: Marowak|69\/324
|move|p2a: Marowak|Bonemerang|p1a: Swampert
|-damage|p1a: Swampert|0 fnt
|-hitcount|p1a: Swampert|1
|faint|p1a: Swampert
|
|
|switch|p1a: Politoed|Politoed, F|243\/384
|-weather|RainDance
|turn|36
|
|switch|p2a: Regice|Regice|146\/352 slp
|-damage|p2a: Regice|58\/352 slp|[from] Stealth Rock
|move|p1a: Politoed|Hydro Pump|p2a: Regice
|-damage|p2a: Regice|0 fnt
|faint|p2a: Regice
|
|-weather|RainDance|[upkeep]
|
|switch|p2a: Marowak|Marowak, M|69\/324
|-damage|p2a: Marowak|49\/324|[from] Stealth Rock
|turn|37
|
|move|p1a: Politoed|Hydro Pump|p2a: Marowak
|-supereffective|p2a: Marowak
|-damage|p2a: Marowak|0 fnt
|faint|p2a: Marowak
|
|win|Volatin
|raw|Ladder updating...
|raw|Volatin's rating: 1152 &rarr; <strong>1175<\/strong><br \/>(+23 for winning)
|raw|qqqqw's rating: 1126 &rarr; <strong>1102<\/strong><br \/>(-24 for losing)
|c|âVolatin|gg
|leave|qqqqw
|player|p2