|join|qqqqw
|join|Ausgezeichnet
|player|p1|qqqqw|52
|player|p2|Ausgezeichnet|110
|gametype|singles
|gen|6
|tier|ORAS OU
|rated
|rule|Sleep Clause Mod: Limit one foe put to sleep
|rule|Species Clause: Limit one of each PokÃ©mon
|rule|OHKO Clause: OHKO moves are banned
|rule|Moody Clause: Moody is banned
|rule|Evasion Moves Clause: Evasion moves are banned
|rule|Endless Battle Clause: Forcing endless battles is banned
|rule|HP Percentage Mod: HP is shown in percentages
|clearpoke
|poke|p1|Abomasnow, F
|poke|p1|Cofagrigus, F
|poke|p1|Umbreon, M
|poke|p1|Mienshao, F
|poke|p1|Magnezone
|poke|p1|Tentacruel, F
|poke|p2|Tyranitar, M
|poke|p2|Gastrodon, F
|poke|p2|Excadrill, F
|poke|p2|Gengar, M
|poke|p2|Skarmory, F
|poke|p2|Sableye, M
|rule|Swagger Clause: Swagger is banned
|rule|Baton Pass Clause: Limit one PokÃ©mon knowing Baton Pass
|teampreview
|
|start
|switch|p1a: Magnezone|Magnezone|331\/331
|switch|p2a: Sableye|Sableye, M|304\/304
|turn|1
|
|move|p2a: Sableye|Will-O-Wisp|p1a: Magnezone|[miss]
|-miss|p2a: Sableye|p1a: Magnezone
|move|p1a: Magnezone|Flash Cannon|p2a: Sableye
|-damage|p2a: Sableye|0 fnt
|faint|p2a: Sableye
|
|join|hinic
|
|switch|p2a: Excadrill|Excadrill, F|362\/362
|turn|2
|leave|hinic
|
|switch|p1a: Umbreon|Umbreon, M|394\/394
|move|p2a: Excadrill|Earthquake|p1a: Umbreon
|-damage|p1a: Umbreon|222\/394
|-damage|p2a: Excadrill|326\/362|[from] item: Life Orb
|
|-heal|p1a: Umbreon|246\/394|[from] item: Leftovers
|turn|3
|
|switch|p2a: Skarmory|Skarmory, F|334\/334
|move|p1a: Umbreon|Foul Play|p2a: Skarmory
|-damage|p2a: Skarmory|277\/334
|-damage|p1a: Umbreon|181\/394|[from] item: Rocky Helmet|[of] p2a: Skarmory
|
|-heal|p1a: Umbreon|205\/394|[from] item: Leftovers
|turn|4
|
|switch|p1a: Magnezone|Magnezone|331\/331
|move|p2a: Skarmory|Stealth Rock|p1a: Magnezone
|-sidestart|p1: qqqqw|move: Stealth Rock
|
|turn|5
|
|move|p1a: Magnezone|Volt Switch|p2a: Skarmory
|-supereffective|p2a: Skarmory
|-damage|p2a: Skarmory|0 fnt
|faint|p2a: Skarmory
|
|switch|p1a: Abomasnow|Abomasnow, F|384\/384
|-damage|p1a: Abomasnow|288\/384|[from] Stealth Rock
|-weather|Hail
|
|-weather|Hail|[upkeep]
|
|switch|p2a: Excadrill|Excadrill, F|326\/362
|turn|6
|
|switch|p1a: Cofagrigus|Cofagrigus, F|320\/320
|-damage|p1a: Cofagrigus|280\/320|[from] Stealth Rock
|move|p2a: Excadrill|Iron Head|p1a: Cofagrigus
|-damage|p1a: Cofagrigus|158\/320
|-endability|p2a: Excadrill|sandrush|[from] Mummy
|-ability|p2a: Excadrill|Mummy|[from] Mummy
|-damage|p2a: Excadrill|290\/362|[from] item: Life Orb
|
|-weather|Hail|[upkeep]
|-damage|p2a: Excadrill|268\/362|[from] hail
|-damage|p1a: Cofagrigus|138\/320|[from] hail
|turn|7
|
|move|p2a: Excadrill|Earthquake|p1a: Cofagrigus
|-damage|p1a: Cofagrigus|0 fnt
|-damage|p2a: Excadrill|232\/362|[from] item: Life Orb
|faint|p1a: Cofagrigus
|
|-weather|Hail|[upkeep]
|-damage|p2a: Excadrill|210\/362|[from] hail
|
|switch|p1a: Umbreon|Umbreon, M|205\/394
|-damage|p1a: Umbreon|156\/394|[from] Stealth Rock
|turn|8
|
|move|p1a: Umbreon|Protect|p1a: Umbreon
|-singleturn|p1a: Umbreon|Protect
|move|p2a: Excadrill|Earthquake|p1a: Umbreon
|-activate|p1a: Umbreon|Protect
|
|-weather|Hail|[upkeep]
|-damage|p2a: Excadrill|188\/362|[from] hail
|-damage|p1a: Umbreon|132\/394|[from] hail
|-heal|p1a: Umbreon|156\/394|[from] item: Leftovers
|turn|9
|
|switch|p1a: Abomasnow|Abomasnow, F|288\/384
|-damage|p1a: Abomasnow|192\/384|[from] Stealth Rock
|move|p2a: Excadrill|Earthquake|p1a: Abomasnow
|-crit|p1a: Abomasnow
|-resisted|p1a: Abomasnow
|-damage|p1a: Abomasnow|0 fnt
|-damage|p2a: Excadrill|152\/362|[from] item: Life Orb
|faint|p1a: Abomasnow
|
|-weather|none
|
|switch|p1a: Mienshao|Mienshao, F|271\/271
|-damage|p1a: Mienshao|255\/271|[from] Stealth Rock
|turn|10
|
|switch|p2a: Gengar|Gengar, M|282\/282
|move|p1a: Mienshao|U-turn|p2a: Gengar
|-resisted|p2a: Gengar
|-damage|p2a: Gengar|243\/282
|
|switch|p1a: Umbreon|Umbreon, M|156\/394
|-damage|p1a: Umbreon|107\/394|[from] Stealth Rock
|
|-heal|p1a: Umbreon|131\/394|[from] item: Leftovers
|turn|11
|
|move|p2a: Gengar|Focus Blast|p1a: Umbreon
|-supereffective|p1a: Umbreon
|-damage|p1a: Umbreon|0 fnt
|-damage|p2a: Gengar|215\/282|[from] item: Life Orb
|faint|p1a: Umbreon
|
|
|switch|p1a: Tentacruel|Tentacruel, F|364\/364
|-damage|p1a: Tentacruel|319\/364|[from] Stealth Rock
|turn|12
|
|switch|p2a: Tyranitar|Tyranitar, M|403\/403
|-weather|Sandstorm
|move|p1a: Tentacruel|Knock Off|p2a: Tyranitar
|-resisted|p2a: Tyranitar
|-damage|p2a: Tyranitar|387\/403
|-enditem|p2a: Tyranitar|Smooth Rock|[from] move: Knock Off|[of] p1a: Tentacruel
|
|-weather|Sandstorm|[upkeep]
|-damage|p1a: Tentacruel|297\/364|[from] sandstorm
|-heal|p1a: Tentacruel|319\/364|[from] item: Black Sludge
|turn|13
|
|move|p1a: Tentacruel|Confuse Ray|p2a: Tyranitar
|-start|p2a: Tyranitar|confusion
|-activate|p2a: Tyranitar|confusion
|move|p2a: Tyranitar|Crunch|p1a: Tentacruel
|-damage|p1a: Tentacruel|196\/364
|
|-weather|Sandstorm|[upkeep]
|-damage|p1a: Tentacruel|174\/364|[from] sandstorm
|-heal|p1a: Tentacruel|196\/364|[from] item: Black Sludge
|turn|14
|
|move|p1a: Tentacruel|Rapid Spin|p2a: Tyranitar
|-resisted|p2a: Tyranitar
|-damage|p2a: Tyranitar|383\/403
|-sideend|p1: qqqqw|Stealth Rock|[from] move: Rapid Spin|[of] p1a: Tentacruel
|-activate|p2a: Tyranitar|confusion
|move|p2a: Tyranitar|Crunch|p1a: Tentacruel
|-damage|p1a: Tentacruel|78\/364
|
|-weather|Sandstorm|[upkeep]
|-damage|p1a: Tentacruel|56\/364|[from] sandstorm
|-heal|p1a: Tentacruel|78\/364|[from] item: Black Sludge
|turn|15
|
|switch|p2a: Excadrill|Excadrill, F|152\/362
|move|p1a: Tentacruel|Scald|p2a: Excadrill
|-supereffective|p2a: Excadrill
|-damage|p2a: Excadrill|0 fnt
|faint|p2a: Excadrill
|
|-weather|Sandstorm|[upkeep]
|-damage|p1a: Tentacruel|56\/364|[from] sandstorm
|-heal|p1a: Tentacruel|78\/364|[from] item: Black Sludge
|
|switch|p2a: Gengar|Gengar, M|215\/282
|turn|16
|
|switch|p2a: Tyranitar|Tyranitar, M|383\/403
|move|p1a: Tentacruel|Knock Off|p2a: Tyranitar
|-resisted|p2a: Tyranitar
|-damage|p2a: Tyranitar|372\/403
|
|-weather|Sandstorm|[upkeep]
|-damage|p1a: Tentacruel|56\/364|[from] sandstorm
|-heal|p1a: Tentacruel|78\/364|[from] item: Black Sludge
|turn|17
|
|move|p2a: Tyranitar|Pursuit|p1a: Tentacruel|[from]Pursuit
|-damage|p1a: Tentacruel|0 fnt
|faint|p1a: Tentacruel
|
|-weather|Sandstorm|[upkeep]
|
|switch|p1a: Magnezone|Magnezone|331\/331
|turn|18
|
|switch|p2a: Gastrodon|Gastrodon, F|426\/426
|move|p1a: Magnezone|Flash Cannon|p2a: Gastrodon
|-resisted|p2a: Gastrodon
|-damage|p2a: Gastrodon|303\/426
|
|-weather|Sandstorm|[upkeep]
|-heal|p2a: Gastrodon|329\/426|[from] item: Leftovers
|turn|19
|
|switch|p1a: Mienshao|Mienshao, F|271\/271
|move|p2a: Gastrodon|Earthquake|p1a: Mienshao
|-damage|p1a: Mienshao|129\/271
|
|-weather|none
|-heal|p2a: Gastrodon|355\/426|[from] item: Leftovers
|turn|20
|
|move|p1a: Mienshao|High Jump Kick|p2a: Gastrodon
|-damage|p2a: Gastrodon|31\/426
|move|p2a: Gastrodon|Earthquake|p1a: Mienshao
|-damage|p1a: Mienshao|0 fnt
|faint|p1a: Mienshao
|
|-heal|p2a: Gastrodon|57\/426|[from] item: Leftovers
|
|switch|p1a: Magnezone|Magnezone|331\/331
|turn|21
|
|switch|p2a: Tyranitar|Tyranitar, M|372\/403
|-weather|Sandstorm
|move|p1a: Magnezone|Flash Cannon|p2a: Tyranitar
|-supereffective|p2a: Tyranitar
|-damage|p2a: Tyranitar|76\/403
|
|-weather|Sandstorm|[upkeep]
|turn|22
|
|move|p1a: Magnezone|Flash Cannon|p2a: Tyranitar
|-supereffective|p2a: Tyranitar
|-damage|p2a: Tyranitar|0 fnt
|faint|p2a: Tyranitar
|
|-weather|Sandstorm|[upkeep]
|
|switch|p2a: Gengar|Gengar, M|215\/282
|turn|23
|
|move|p2a: Gengar|Destiny Bond|p2a: Gengar
|-singlemove|p2a: Gengar|Destiny Bond
|move|p1a: Magnezone|Flash Cannon|p2a: Gengar
|-damage|p2a: Gengar|0 fnt
|faint|p2a: Gengar
|-activate|p2a: Gengar|Destiny Bond
|faint|p1a: Magnezone
|
|win|Ausgezeichnet
|raw|Ladder updating...
|raw|qqqqw's rating: 1450 &rarr; <strong>1426<\/strong><br \/>(-24 for losing)
|raw|Ausgezeichnet's rating: 1380 &rarr; <strong>1404<\/strong><br \/>(+24 for winning)
|leave|qqqqw
|player|p1