|join|Machattack
|join|qqqqw
|player|p1|Machattack|43
|player|p2|qqqqw|52
|gametype|singles
|gen|6
|tier|ORAS OU
|rated
|rule|Sleep Clause Mod: Limit one foe put to sleep
|rule|Species Clause: Limit one of each PokÃ©mon
|rule|OHKO Clause: OHKO moves are banned
|rule|Moody Clause: Moody is banned
|rule|Evasion Moves Clause: Evasion moves are banned
|rule|Endless Battle Clause: Forcing endless battles is banned
|rule|HP Percentage Mod: HP is shown in percentages
|clearpoke
|poke|p1|Gallade, M, shiny
|poke|p1|Ferrothorn, M
|poke|p1|Heatran, F
|poke|p1|Thundurus, M
|poke|p1|Azumarill, F
|poke|p1|Excadrill, F
|poke|p2|Abomasnow, M
|poke|p2|Rotom-Heat
|poke|p2|Mandibuzz, F
|poke|p2|Breloom, F
|poke|p2|Umbreon, F
|poke|p2|Mew
|rule|Swagger Clause: Swagger is banned
|rule|Baton Pass Clause: Limit one PokÃ©mon knowing Baton Pass
|teampreview
|
|start
|switch|p1a: Heatran|Heatran, F|386\/386
|switch|p2a: Abomasnow|Abomasnow, M|384\/384
|-weather|Hail
|turn|1
|
|switch|p2a: Rotom-Heat|Rotom-Heat|304\/304
|move|p1a: Heatran|Stealth Rock|p2a: Rotom-Heat
|-sidestart|p2: qqqqw|move: Stealth Rock
|
|-weather|Hail|[upkeep]
|-damage|p2a: Rotom-Heat|285\/304|[from] hail
|-damage|p1a: Heatran|362\/386|[from] hail
|-heal|p2a: Rotom-Heat|304\/304|[from] item: Leftovers
|-heal|p1a: Heatran|386\/386|[from] item: Leftovers
|turn|2
|
|move|p2a: Rotom-Heat|Confuse Ray|p1a: Heatran
|-start|p1a: Heatran|confusion
|-activate|p1a: Heatran|confusion
|-damage|p1a: Heatran|366\/386|[from] confusion
|
|-weather|Hail|[upkeep]
|-damage|p2a: Rotom-Heat|285\/304|[from] hail
|-damage|p1a: Heatran|342\/386|[from] hail
|-heal|p2a: Rotom-Heat|304\/304|[from] item: Leftovers
|-heal|p1a: Heatran|366\/386|[from] item: Leftovers
|turn|3
|
|move|p2a: Rotom-Heat|Discharge|p1a: Heatran
|-damage|p1a: Heatran|273\/386
|-status|p1a: Heatran|par
|-activate|p1a: Heatran|confusion
|-damage|p1a: Heatran|251\/386 par|[from] confusion
|
|-weather|Hail|[upkeep]
|-damage|p2a: Rotom-Heat|285\/304|[from] hail
|-damage|p1a: Heatran|227\/386 par|[from] hail
|-heal|p2a: Rotom-Heat|304\/304|[from] item: Leftovers
|-heal|p1a: Heatran|251\/386 par|[from] item: Leftovers
|turn|4
|
|switch|p1a: Thundurus|Thundurus, M|300\/300
|move|p2a: Rotom-Heat|Discharge|p1a: Thundurus
|-damage|p1a: Thundurus|189\/300
|
|-weather|Hail|[upkeep]
|-damage|p1a: Thundurus|171\/300|[from] hail
|-damage|p2a: Rotom-Heat|285\/304|[from] hail
|-heal|p1a: Thundurus|189\/300|[from] item: Leftovers
|-heal|p2a: Rotom-Heat|304\/304|[from] item: Leftovers
|turn|5
|
|move|p1a: Thundurus|Thunderbolt|p2a: Rotom-Heat
|-resisted|p2a: Rotom-Heat
|-damage|p2a: Rotom-Heat|247\/304
|move|p2a: Rotom-Heat|Confuse Ray|p1a: Thundurus
|-start|p1a: Thundurus|confusion
|
|-weather|none
|-heal|p1a: Thundurus|207\/300|[from] item: Leftovers
|-heal|p2a: Rotom-Heat|266\/304|[from] item: Leftovers
|turn|6
|
|switch|p1a: Heatran|Heatran, F|251\/386 par
|move|p2a: Rotom-Heat|Will-O-Wisp|p1a: Heatran
|-start|p1a: Heatran|ability: Flash Fire
|
|-heal|p2a: Rotom-Heat|285\/304|[from] item: Leftovers
|-heal|p1a: Heatran|275\/386 par|[from] item: Leftovers
|turn|7
|
|move|p2a: Rotom-Heat|Confuse Ray|p1a: Heatran
|-start|p1a: Heatran|confusion
|-activate|p1a: Heatran|confusion
|move|p1a: Heatran|Toxic|p2a: Rotom-Heat|[miss]
|-miss|p1a: Heatran|p2a: Rotom-Heat
|
|-heal|p2a: Rotom-Heat|304\/304|[from] item: Leftovers
|-heal|p1a: Heatran|299\/386 par|[from] item: Leftovers
|turn|8
|
|move|p2a: Rotom-Heat|Discharge|p1a: Heatran
|-damage|p1a: Heatran|217\/386 par
|-end|p1a: Heatran|confusion
|move|p1a: Heatran|Toxic|p2a: Rotom-Heat
|-status|p2a: Rotom-Heat|tox
|
|-heal|p1a: Heatran|241\/386 par|[from] item: Leftovers
|-damage|p2a: Rotom-Heat|285\/304 tox|[from] psn
|turn|9
|
|move|p1a: Heatran|Protect|p1a: Heatran
|-singleturn|p1a: Heatran|Protect
|move|p2a: Rotom-Heat|Confuse Ray|p1a: Heatran
|-activate|p1a: Heatran|Protect
|
|-heal|p2a: Rotom-Heat|304\/304 tox|[from] item: Leftovers
|-heal|p1a: Heatran|265\/386 par|[from] item: Leftovers
|-damage|p2a: Rotom-Heat|266\/304 tox|[from] psn
|turn|10
|
|move|p2a: Rotom-Heat|Confuse Ray|p1a: Heatran
|-start|p1a: Heatran|confusion
|-activate|p1a: Heatran|confusion
|-damage|p1a: Heatran|247\/386 par|[from] confusion
|
|-heal|p2a: Rotom-Heat|285\/304 tox|[from] item: Leftovers
|-heal|p1a: Heatran|271\/386 par|[from] item: Leftovers
|-damage|p2a: Rotom-Heat|228\/304 tox|[from] psn
|turn|11
|
|-activate|p1a: Heatran|confusion
|move|p1a: Heatran|Protect|p1a: Heatran
|-singleturn|p1a: Heatran|Protect
|move|p2a: Rotom-Heat|Discharge|p1a: Heatran
|-activate|p1a: Heatran|Protect
|
|-heal|p2a: Rotom-Heat|247\/304 tox|[from] item: Leftovers
|-heal|p1a: Heatran|295\/386 par|[from] item: Leftovers
|-damage|p2a: Rotom-Heat|171\/304 tox|[from] psn
|turn|12
|
|switch|p2a: Breloom|Breloom, F|262\/262
|-damage|p2a: Breloom|246\/262|[from] Stealth Rock
|switch|p1a: Excadrill|Excadrill, F|362\/362
|-ability|p1a: Excadrill|Mold Breaker
|
|turn|13
|
|switch|p1a: Ferrothorn|Ferrothorn, M|352\/352
|move|p2a: Breloom|Bullet Seed|p1a: Ferrothorn
|-resisted|p1a: Ferrothorn
|-damage|p1a: Ferrothorn|341\/352
|-resisted|p1a: Ferrothorn
|-damage|p1a: Ferrothorn|331\/352
|-resisted|p1a: Ferrothorn
|-damage|p1a: Ferrothorn|320\/352
|-resisted|p1a: Ferrothorn
|-damage|p1a: Ferrothorn|310\/352
|-resisted|p1a: Ferrothorn
|-damage|p1a: Ferrothorn|299\/352
|-hitcount|p1a: Ferrothorn|5
|
|-heal|p1a: Ferrothorn|321\/352|[from] item: Leftovers
|turn|14
|
|move|p2a: Breloom|Swords Dance|p2a: Breloom
|-boost|p2a: Breloom|atk|2
|move|p1a: Ferrothorn|Gyro Ball|p2a: Breloom
|-damage|p2a: Breloom|48\/262
|
|-heal|p1a: Ferrothorn|343\/352|[from] item: Leftovers
|turn|15
|
|move|p2a: Breloom|Mach Punch|p1a: Ferrothorn
|-supereffective|p1a: Ferrothorn
|-damage|p1a: Ferrothorn|85\/352
|-damage|p2a: Breloom|16\/262|[from] ability: Iron Barbs|[of] p1a: Ferrothorn
|move|p1a: Ferrothorn|Gyro Ball|p2a: Breloom
|-damage|p2a: Breloom|0 fnt
|faint|p2a: Breloom
|
|-heal|p1a: Ferrothorn|107\/352|[from] item: Leftovers
|
|switch|p2a: Abomasnow|Abomasnow, M|384\/384
|-damage|p2a: Abomasnow|288\/384|[from] Stealth Rock
|-weather|Hail
|turn|16
|
|detailschange|p2a: Abomasnow|Abomasnow-Mega, M
|message|Abomasnow has Mega Evolved into Mega Abomasnow!
|move|p1a: Ferrothorn|Protect|p1a: Ferrothorn
|-singleturn|p1a: Ferrothorn|Protect
|move|p2a: Abomasnow|Blizzard|p1a: Ferrothorn
|-activate|p1a: Ferrothorn|Protect
|
|-weather|Hail|[upkeep]
|-damage|p1a: Ferrothorn|85\/352|[from] hail
|-heal|p1a: Ferrothorn|107\/352|[from] item: Leftovers
|turn|17
|
|move|p2a: Abomasnow|Blizzard|p1a: Ferrothorn
|-damage|p1a: Ferrothorn|0 fnt
|faint|p1a: Ferrothorn
|
|-weather|Hail|[upkeep]
|
|switch|p1a: Gallade|Gallade, M, shiny|278\/278
|turn|18
|
|switch|p2a: Mandibuzz|Mandibuzz, F|424\/424
|-damage|p2a: Mandibuzz|318\/424|[from] Stealth Rock
|detailschange|p1a: Gallade|Gallade-Mega, M, shiny
|message|Gallade has Mega Evolved into Mega Gallade!
|move|p1a: Gallade|Drain Punch|p2a: Mandibuzz
|-damage|p2a: Mandibuzz|213\/424
|-damage|p1a: Gallade|232\/278|[from] item: Rocky Helmet|[of] p2a: Mandibuzz
|
|-weather|Hail|[upkeep]
|-damage|p1a: Gallade|215\/278|[from] hail
|turn|19
|
|switch|p1a: Heatran|Heatran, F|295\/386 par
|move|p2a: Mandibuzz|Foul Play|p1a: Heatran
|-damage|p1a: Heatran|228\/386 par
|
|-weather|Hail|[upkeep]
|-damage|p1a: Heatran|204\/386 par|[from] hail
|-heal|p1a: Heatran|228\/386 par|[from] item: Leftovers
|turn|20
|
|move|p2a: Mandibuzz|Roost|p2a: Mandibuzz
|-heal|p2a: Mandibuzz|424\/424
|cant|p1a: Heatran|par
|
|-weather|none
|-heal|p1a: Heatran|252\/386 par|[from] item: Leftovers
|turn|21
|
|move|p2a: Mandibuzz|Foul Play|p1a: Heatran
|-damage|p1a: Heatran|180\/386 par
|cant|p1a: Heatran|par
|
|-heal|p1a: Heatran|204\/386 par|[from] item: Leftovers
|turn|22
|
|move|p2a: Mandibuzz|Foul Play|p1a: Heatran
|-damage|p1a: Heatran|137\/386 par
|move|p1a: Heatran|Toxic|p2a: Mandibuzz|[miss]
|-miss|p1a: Heatran|p2a: Mandibuzz
|
|-heal|p1a: Heatran|161\/386 par|[from] item: Leftovers
|turn|23
|
|move|p2a: Mandibuzz|Foul Play|p1a: Heatran
|-damage|p1a: Heatran|94\/386 par
|move|p1a: Heatran|Toxic|p2a: Mandibuzz
|-status|p2a: Mandibuzz|tox
|
|-heal|p1a: Heatran|118\/386 par|[from] item: Leftovers
|-damage|p2a: Mandibuzz|398\/424 tox|[from] psn
|turn|24
|
|switch|p2a: Umbreon|Umbreon, F|394\/394
|-damage|p2a: Umbreon|345\/394|[from] Stealth Rock
|cant|p1a: Heatran|par
|
|-heal|p2a: Umbreon|369\/394|[from] item: Leftovers
|-heal|p1a: Heatran|142\/386 par|[from] item: Leftovers
|turn|25
|
|move|p2a: Umbreon|Heal Bell|p2a: Umbreon
|-cureteam|p2a: Umbreon|[from] move: HealBell
|cant|p1a: Heatran|par
|
|-heal|p2a: Umbreon|393\/394|[from] item: Leftovers
|-heal|p1a: Heatran|166\/386 par|[from] item: Leftovers
|turn|26
|c|âMachattack|data bullshit
|
|move|p2a: Umbreon|Foul Play|p1a: Heatran
|-damage|p1a: Heatran|96\/386 par
|move|p1a: Heatran|Lava Plume|p2a: Umbreon
|-damage|p2a: Umbreon|297\/394
|
|-heal|p2a: Umbreon|321\/394|[from] item: Leftovers
|-heal|p1a: Heatran|120\/386 par|[from] item: Leftovers
|turn|27
|
|move|p2a: Umbreon|Foul Play|p1a: Heatran
|-damage|p1a: Heatran|57\/386 par
|move|p1a: Heatran|Lava Plume|p2a: Umbreon
|-damage|p2a: Umbreon|231\/394
|
|-heal|p2a: Umbreon|255\/394|[from] item: Leftovers
|-heal|p1a: Heatran|81\/386 par|[from] item: Leftovers
|turn|28
|
|move|p2a: Umbreon|Wish|p2a: Umbreon
|move|p1a: Heatran|Lava Plume|p2a: Umbreon
|-damage|p2a: Umbreon|155\/394
|-status|p2a: Umbreon|brn
|
|-heal|p2a: Umbreon|179\/394 brn|[from] item: Leftovers
|-heal|p1a: Heatran|105\/386 par|[from] item: Leftovers
|-damage|p2a: Umbreon|130\/394 brn|[from] brn
|turn|29
|
|move|p2a: Umbreon|Heal Bell|p2a: Umbreon
|-cureteam|p2a: Umbreon|[from] move: HealBell
|move|p1a: Heatran|Lava Plume|p2a: Umbreon
|-damage|p2a: Umbreon|36\/394
|
|-heal|p2a: Umbreon|233\/394|[from] move: Wish|[wisher] Umbreon
|-heal|p2a: Umbreon|257\/394|[from] item: Leftovers
|-heal|p1a: Heatran|129\/386 par|[from] item: Leftovers
|turn|30
|
|move|p2a: Umbreon|Foul Play|p1a: Heatran
|-damage|p1a: Heatran|59\/386 par
|move|p1a: Heatran|Lava Plume|p2a: Umbreon
|-damage|p2a: Umbreon|164\/394
|
|-heal|p2a: Umbreon|188\/394|[from] item: Leftovers
|-heal|p1a: Heatran|83\/386 par|[from] item: Leftovers
|turn|31
|
|move|p2a: Umbreon|Wish|p2a: Umbreon
|move|p1a: Heatran|Lava Plume|p2a: Umbreon
|-damage|p2a: Umbreon|101\/394
|
|-heal|p2a: Umbreon|125\/394|[from] item: Leftovers
|-heal|p1a: Heatran|107\/386 par|[from] item: Leftovers
|turn|32
|
|move|p2a: Umbreon|Foul Play|p1a: Heatran
|-crit|p1a: Heatran
|-damage|p1a: Heatran|11\/386 par
|move|p1a: Heatran|Lava Plume|p2a: Umbreon
|-damage|p2a: Umbreon|22\/394
|
|-heal|p2a: Umbreon|219\/394|[from] move: Wish|[wisher] Umbreon
|-heal|p2a: Umbreon|243\/394|[from] item: Leftovers
|-heal|p1a: Heatran|35\/386 par|[from] item: Leftovers
|turn|33
|
|move|p1a: Heatran|Protect|p1a: Heatran
|-singleturn|p1a: Heatran|Protect
|move|p2a: Umbreon|Foul Play|p1a: Heatran
|-activate|p1a: Heatran|Protect
|
|-heal|p2a: Umbreon|267\/394|[from] item: Leftovers
|-heal|p1a: Heatran|59\/386 par|[from] item: Leftovers
|turn|34
|
|move|p2a: Umbreon|Foul Play|p1a: Heatran
|-damage|p1a: Heatran|0 fnt
|faint|p1a: Heatran
|
|-heal|p2a: Umbreon|291\/394|[from] item: Leftovers
|
|switch|p1a: Gallade|Gallade-Mega, M, shiny|215\/278
|turn|35
|
|switch|p2a: Mew|Mew|404\/404
|-damage|p2a: Mew|354\/404|[from] Stealth Rock
|move|p1a: Gallade|Drain Punch|p2a: Mew
|-resisted|p2a: Mew
|-damage|p2a: Mew|271\/404
|-heal|p1a: Gallade|257\/278|[from] drain|[of] p2a: Mew
|
|-heal|p2a: Mew|296\/404|[from] item: Leftovers
|turn|36
|
|move|p1a: Gallade|Knock Off|p2a: Mew
|-supereffective|p2a: Mew
|-damage|p2a: Mew|42\/404
|-enditem|p2a: Mew|Leftovers|[from] move: Knock Off|[of] p1a: Gallade
|move|p2a: Mew|Will-O-Wisp|p1a: Gallade
|-status|p1a: Gallade|brn
|
|-damage|p1a: Gallade|223\/278 brn|[from] brn
|turn|37
|
|switch|p2a: Mandibuzz|Mandibuzz, F|398\/424
|-damage|p2a: Mandibuzz|292\/424|[from] Stealth Rock
|move|p1a: Gallade|Bulk Up|p1a: Gallade
|-boost|p1a: Gallade|atk|1
|-boost|p1a: Gallade|def|1
|
|-damage|p1a: Gallade|189\/278 brn|[from] brn
|turn|38
|
|move|p1a: Gallade|Drain Punch|p2a: Mandibuzz
|-damage|p2a: Mandibuzz|208\/424
|-heal|p1a: Gallade|231\/278 brn|[from] drain|[of] p2a: Mandibuzz
|-damage|p1a: Gallade|185\/278 brn|[from] item: Rocky Helmet|[of] p2a: Mandibuzz
|move|p2a: Mandibuzz|Foul Play|p1a: Gallade
|-damage|p1a: Gallade|0 fnt
|faint|p1a: Gallade
|
|
|switch|p1a: Thundurus|Thundurus, M|207\/300
|turn|39
|
|switch|p2a: Abomasnow|Abomasnow-Mega, M|288\/384
|-damage|p2a: Abomasnow|192\/384|[from] Stealth Rock
|-weather|Hail
|move|p1a: Thundurus|Thunderbolt|p2a: Abomasnow
|-resisted|p2a: Abomasnow
|-damage|p2a: Abomasnow|122\/384
|
|-weather|Hail|[upkeep]
|-damage|p1a: Thundurus|189\/300|[from] hail
|-heal|p1a: Thundurus|207\/300|[from] item: Leftovers
|turn|40
|
|switch|p1a: Azumarill|Azumarill, F|404\/404
|move|p2a: Abomasnow|Ice Shard|p1a: Azumarill
|-resisted|p1a: Azumarill
|-damage|p1a: Azumarill|367\/404
|
|-weather|Hail|[upkeep]
|-damage|p1a: Azumarill|342\/404|[from] hail
|turn|41
|
|move|p1a: Azumarill|Belly Drum|p1a: Azumarill
|-damage|p1a: Azumarill|140\/404
|-setboost|p1a: Azumarill|atk|6|[from] move: Belly Drum
|-enditem|p1a: Azumarill|Sitrus Berry|[eat]
|-heal|p1a: Azumarill|241\/404|[from] item: Sitrus Berry
|move|p2a: Abomasnow|Energy Ball|p1a: Azumarill
|-immune|p1a: Azumarill|[msg]
|
|-weather|Hail|[upkeep]
|-damage|p1a: Azumarill|216\/404|[from] hail
|turn|42
|
|move|p1a: Azumarill|Play Rough|p2a: Abomasnow
|-damage|p2a: Abomasnow|0 fnt
|faint|p2a: Abomasnow
|
|-weather|Hail|[upkeep]
|-damage|p1a: Azumarill|191\/404|[from] hail
|
|switch|p2a: Umbreon|Umbreon, F|291\/394
|-damage|p2a: Umbreon|242\/394|[from] Stealth Rock
|turn|43
|
|move|p1a: Azumarill|Aqua Jet|p2a: Umbreon
|-damage|p2a: Umbreon|127\/394
|move|p2a: Umbreon|Foul Play|p1a: Azumarill
|-resisted|p1a: Azumarill
|-damage|p1a: Azumarill|0 fnt
|faint|p1a: Azumarill
|
|-weather|none
|-heal|p2a: Umbreon|151\/394|[from] item: Leftovers
|
|switch|p1a: Thundurus|Thundurus, M|207\/300
|turn|44
|
|move|p1a: Thundurus|Thunderbolt|p2a: Umbreon
|-damage|p2a: Umbreon|28\/394
|move|p2a: Umbreon|Foul Play|p1a: Thundurus
|-crit|p1a: Thundurus
|-damage|p1a: Thundurus|0 fnt
|faint|p1a: Thundurus
|
|-heal|p2a: Umbreon|52\/394|[from] item: Leftovers
|
|switch|p1a: Excadrill|Excadrill, F|362\/362
|-ability|p1a: Excadrill|Mold Breaker
|turn|45
|
|switch|p2a: Mew|Mew|42\/404
|-damage|p2a: Mew|0 fnt|[from] Stealth Rock
|faint|p2a: Mew
|move|p1a: Excadrill|Rock Slide|p2: Mew|[notarget]
|-notarget
|
|
|switch|p2a: Rotom-Heat|Rotom-Heat|171\/304
|-damage|p2a: Rotom-Heat|95\/304|[from] Stealth Rock
|turn|46
|
|move|p1a: Excadrill|Rock Slide|p2a: Rotom-Heat
|-supereffective|p2a: Rotom-Heat
|-damage|p2a: Rotom-Heat|0 fnt
|faint|p2a: Rotom-Heat
|
|
|switch|p2a: Mandibuzz|Mandibuzz, F|208\/424
|-damage|p2a: Mandibuzz|102\/424|[from] Stealth Rock
|turn|47
|
|move|p1a: Excadrill|Rock Slide|p2a: Mandibuzz
|-supereffective|p2a: Mandibuzz
|-damage|p2a: Mandibuzz|0 fnt
|faint|p2a: Mandibuzz
|
|
|switch|p2a: Umbreon|Umbreon, F|52\/394
|-damage|p2a: Umbreon|3\/394|[from] Stealth Rock
|turn|48
|
|move|p1a: Excadrill|Rock Slide|p2a: Umbreon
|-damage|p2a: Umbreon|0 fnt
|faint|p2a: Umbreon
|
|win|Machattack
|raw|Ladder updating...
|c|âMachattack|gg
|raw|Machattack's rating: 1330 &rarr; <strong>1351<\/strong><br \/>(+21 for winning)
|raw|qqqqw's rating: 1347 &rarr; <strong>1326<\/strong><br \/>(-21 for losing)