|join|OGMâno
|join|qqqqw
|player|p1|OGMâno|170
|player|p2|qqqqw|52
|gametype|singles
|gen|6
|tier|ORAS OU
|rated
|rule|Sleep Clause Mod: Limit one foe put to sleep
|rule|Species Clause: Limit one of each PokÃ©mon
|rule|OHKO Clause: OHKO moves are banned
|rule|Moody Clause: Moody is banned
|rule|Evasion Moves Clause: Evasion moves are banned
|rule|Endless Battle Clause: Forcing endless battles is banned
|rule|HP Percentage Mod: HP is shown in percentages
|clearpoke
|poke|p1|Sceptile, F
|poke|p1|Slowbro, M
|poke|p1|Heatran, F
|poke|p1|Landorus-Therian, M
|poke|p1|Greninja, M
|poke|p1|Conkeldurr, F
|poke|p2|Gallade, M
|poke|p2|Rotom-Heat
|poke|p2|Skarmory, M
|poke|p2|Regirock
|poke|p2|Umbreon, M
|poke|p2|Leafeon, F
|rule|Swagger Clause: Swagger is banned
|rule|Baton Pass Clause: Limit one PokÃ©mon knowing Baton Pass
|teampreview
|
|start
|switch|p1a: Heatran|Heatran, F|386\/386
|switch|p2a: Rotom-Heat|Rotom-Heat|304\/304
|turn|1
|
|switch|p2a: Regirock|Regirock|364\/364
|move|p1a: Heatran|Toxic|p2a: Regirock
|-status|p2a: Regirock|tox
|
|-damage|p2a: Regirock|342\/364 tox|[from] psn
|turn|2
|
|switch|p1a: Slowbro|Slowbro, M|394\/394
|move|p2a: Regirock|Stealth Rock|p1a: Slowbro
|-sidestart|p1: OGMâno|move: Stealth Rock
|
|-heal|p2a: Regirock|364\/364 tox|[from] item: Leftovers
|-damage|p2a: Regirock|320\/364 tox|[from] psn
|turn|3
|
|switch|p2a: Umbreon|Umbreon, M|394\/394
|move|p1a: Slowbro|Scald|p2a: Umbreon
|-crit|p2a: Umbreon
|-damage|p2a: Umbreon|286\/394
|
|-heal|p2a: Umbreon|310\/394|[from] item: Leftovers
|turn|4
|
|switch|p1a: Conkeldurr|Conkeldurr, F|357\/357
|-damage|p1a: Conkeldurr|335\/357|[from] Stealth Rock
|move|p2a: Umbreon|Wish|p2a: Umbreon
|
|-heal|p2a: Umbreon|334\/394|[from] item: Leftovers
|turn|5
|
|switch|p2a: Skarmory|Skarmory, M|334\/334
|move|p1a: Conkeldurr|Knock Off|p2a: Skarmory
|-damage|p2a: Skarmory|255\/334
|-damage|p1a: Conkeldurr|276\/357|[from] item: Rocky Helmet|[of] p2a: Skarmory
|-enditem|p2a: Skarmory|Rocky Helmet|[from] move: Knock Off|[of] p1a: Conkeldurr
|
|-heal|p2a: Skarmory|334\/334|[from] move: Wish|[wisher] Umbreon
|turn|6
|
|switch|p1a: Heatran|Heatran, F|386\/386
|-damage|p1a: Heatran|338\/386|[from] Stealth Rock
|move|p2a: Skarmory|Brave Bird|p1a: Heatran
|-resisted|p1a: Heatran
|-damage|p1a: Heatran|286\/386
|-damage|p2a: Skarmory|317\/334|[from] recoil|[of] p1a: Heatran
|
|-heal|p1a: Heatran|310\/386|[from] item: Leftovers
|turn|7
|
|switch|p2a: Regirock|Regirock|320\/364 tox
|move|p1a: Heatran|Stealth Rock|p2a: Regirock
|-sidestart|p2: qqqqw|move: Stealth Rock
|
|-heal|p1a: Heatran|334\/386|[from] item: Leftovers
|-heal|p2a: Regirock|342\/364 tox|[from] item: Leftovers
|-damage|p2a: Regirock|320\/364 tox|[from] psn
|turn|8
|
|switch|p1a: Landorus-Therian|Landorus-Therian, M|319\/319
|-damage|p1a: Landorus-Therian|280\/319|[from] Stealth Rock
|-ability|p1a: Landorus-Therian|Intimidate|[of] p2a: Regirock
|-fail|p2a: Regirock|unboost|[from] ability: Clear Body|[of] p2a: Regirock
|move|p2a: Regirock|Earthquake|p1a: Landorus-Therian
|-immune|p1a: Landorus-Therian|[msg]
|
|-heal|p2a: Regirock|342\/364 tox|[from] item: Leftovers
|-damage|p2a: Regirock|298\/364 tox|[from] psn
|turn|9
|
|switch|p2a: Skarmory|Skarmory, M|317\/334
|-damage|p2a: Skarmory|276\/334|[from] Stealth Rock
|move|p1a: Landorus-Therian|U-turn|p2a: Skarmory
|-resisted|p2a: Skarmory
|-damage|p2a: Skarmory|263\/334
|
|switch|p1a: Greninja|Greninja, M|285\/285
|-damage|p1a: Greninja|250\/285|[from] Stealth Rock
|
|turn|10
|
|switch|p2a: Umbreon|Umbreon, M|334\/394
|-damage|p2a: Umbreon|285\/394|[from] Stealth Rock
|move|p1a: Greninja|Ice Beam|p2a: Umbreon
|-start|p1a: Greninja|typechange|Ice|[from] Protean
|-damage|p2a: Umbreon|132\/394
|-damage|p1a: Greninja|222\/285|[from] item: Life Orb
|
|-heal|p2a: Umbreon|156\/394|[from] item: Leftovers
|turn|11
|
|switch|p1a: Heatran|Heatran, F|334\/386
|-damage|p1a: Heatran|286\/386|[from] Stealth Rock
|move|p2a: Umbreon|Protect|p2a: Umbreon
|-fail|p2a: Umbreon
|
|-heal|p1a: Heatran|310\/386|[from] item: Leftovers
|-heal|p2a: Umbreon|180\/394|[from] item: Leftovers
|turn|12
|
|move|p1a: Heatran|Toxic|p2a: Umbreon
|-status|p2a: Umbreon|tox
|move|p2a: Umbreon|Wish|p2a: Umbreon
|
|-heal|p1a: Heatran|334\/386|[from] item: Leftovers
|-heal|p2a: Umbreon|204\/394 tox|[from] item: Leftovers
|-damage|p2a: Umbreon|180\/394 tox|[from] psn
|turn|13
|
|move|p1a: Heatran|Lava Plume|p2a: Umbreon
|-damage|p2a: Umbreon|83\/394 tox
|move|p2a: Umbreon|Heal Bell|p2a: Umbreon
|-cureteam|p2a: Umbreon|[from] move: HealBell
|
|-heal|p2a: Umbreon|280\/394|[from] move: Wish|[wisher] Umbreon
|-heal|p1a: Heatran|358\/386|[from] item: Leftovers
|-heal|p2a: Umbreon|304\/394|[from] item: Leftovers
|turn|14
|
|move|p1a: Heatran|Lava Plume|p2a: Umbreon
|-damage|p2a: Umbreon|208\/394
|move|p2a: Umbreon|Foul Play|p1a: Heatran
|-damage|p1a: Heatran|277\/386
|
|-heal|p1a: Heatran|301\/386|[from] item: Leftovers
|-heal|p2a: Umbreon|232\/394|[from] item: Leftovers
|turn|15
|
|move|p2a: Umbreon|Protect|p2a: Umbreon
|-singleturn|p2a: Umbreon|Protect
|move|p1a: Heatran|Toxic|p2a: Umbreon
|-activate|p2a: Umbreon|Protect
|
|-heal|p1a: Heatran|325\/386|[from] item: Leftovers
|-heal|p2a: Umbreon|256\/394|[from] item: Leftovers
|turn|16
|
|move|p1a: Heatran|Toxic|p2a: Umbreon
|-status|p2a: Umbreon|tox
|move|p2a: Umbreon|Foul Play|p1a: Heatran
|-crit|p1a: Heatran
|-damage|p1a: Heatran|181\/386
|
|-heal|p1a: Heatran|205\/386|[from] item: Leftovers
|-heal|p2a: Umbreon|280\/394 tox|[from] item: Leftovers
|-damage|p2a: Umbreon|256\/394 tox|[from] psn
|turn|17
|
|switch|p1a: Conkeldurr|Conkeldurr, F|276\/357
|-damage|p1a: Conkeldurr|254\/357|[from] Stealth Rock
|move|p2a: Umbreon|Wish|p2a: Umbreon
|
|-heal|p2a: Umbreon|280\/394 tox|[from] item: Leftovers
|-damage|p2a: Umbreon|232\/394 tox|[from] psn
|turn|18
|
|switch|p2a: Skarmory|Skarmory, M|263\/334
|-damage|p2a: Skarmory|222\/334|[from] Stealth Rock
|switch|p1a: Heatran|Heatran, F|205\/386
|-damage|p1a: Heatran|157\/386|[from] Stealth Rock
|
|-heal|p2a: Skarmory|334\/334|[from] move: Wish|[wisher] Umbreon
|-heal|p1a: Heatran|181\/386|[from] item: Leftovers
|turn|19
|
|switch|p2a: Rotom-Heat|Rotom-Heat|304\/304
|-damage|p2a: Rotom-Heat|228\/304|[from] Stealth Rock
|move|p1a: Heatran|Lava Plume|p2a: Rotom-Heat
|-resisted|p2a: Rotom-Heat
|-damage|p2a: Rotom-Heat|185\/304
|
|-heal|p2a: Rotom-Heat|204\/304|[from] item: Leftovers
|-heal|p1a: Heatran|205\/386|[from] item: Leftovers
|turn|20
|
|move|p2a: Rotom-Heat|Confuse Ray|p1a: Heatran
|-start|p1a: Heatran|confusion
|-activate|p1a: Heatran|confusion
|-damage|p1a: Heatran|179\/386|[from] confusion
|
|-heal|p2a: Rotom-Heat|223\/304|[from] item: Leftovers
|-heal|p1a: Heatran|203\/386|[from] item: Leftovers
|turn|21
|
|move|p2a: Rotom-Heat|Discharge|p1a: Heatran
|-damage|p1a: Heatran|133\/386
|-end|p1a: Heatran|confusion
|move|p1a: Heatran|Toxic|p2a: Rotom-Heat
|-status|p2a: Rotom-Heat|tox
|
|-heal|p2a: Rotom-Heat|242\/304 tox|[from] item: Leftovers
|-heal|p1a: Heatran|157\/386|[from] item: Leftovers
|-damage|p2a: Rotom-Heat|223\/304 tox|[from] psn
|turn|22
|
|move|p2a: Rotom-Heat|Confuse Ray|p1a: Heatran
|-start|p1a: Heatran|confusion
|-activate|p1a: Heatran|confusion
|move|p1a: Heatran|Lava Plume|p2a: Rotom-Heat
|-resisted|p2a: Rotom-Heat
|-damage|p2a: Rotom-Heat|185\/304 tox
|
|-heal|p2a: Rotom-Heat|204\/304 tox|[from] item: Leftovers
|-heal|p1a: Heatran|181\/386|[from] item: Leftovers
|-damage|p2a: Rotom-Heat|166\/304 tox|[from] psn
|turn|23
|
|move|p2a: Rotom-Heat|Discharge|p1a: Heatran
|-damage|p1a: Heatran|117\/386
|-end|p1a: Heatran|confusion
|move|p1a: Heatran|Toxic|p2a: Rotom-Heat
|-fail|p2a: Rotom-Heat|tox
|
|-heal|p2a: Rotom-Heat|185\/304 tox|[from] item: Leftovers
|-heal|p1a: Heatran|141\/386|[from] item: Leftovers
|-damage|p2a: Rotom-Heat|128\/304 tox|[from] psn
|turn|24
|
|move|p2a: Rotom-Heat|Discharge|p1a: Heatran
|-damage|p1a: Heatran|71\/386
|-status|p1a: Heatran|par
|move|p1a: Heatran|Lava Plume|p2a: Rotom-Heat
|-resisted|p2a: Rotom-Heat
|-damage|p2a: Rotom-Heat|86\/304 tox
|
|-heal|p2a: Rotom-Heat|105\/304 tox|[from] item: Leftovers
|-heal|p1a: Heatran|95\/386 par|[from] item: Leftovers
|-damage|p2a: Rotom-Heat|29\/304 tox|[from] psn
|turn|25
|
|move|p2a: Rotom-Heat|Confuse Ray|p1a: Heatran
|-start|p1a: Heatran|confusion
|cant|p1a: Heatran|par
|
|-heal|p2a: Rotom-Heat|48\/304 tox|[from] item: Leftovers
|-heal|p1a: Heatran|119\/386 par|[from] item: Leftovers
|-damage|p2a: Rotom-Heat|0 fnt|[from] psn
|faint|p2a: Rotom-Heat
|
|switch|p2a: Skarmory|Skarmory, M|334\/334
|-damage|p2a: Skarmory|293\/334|[from] Stealth Rock
|turn|26
|
|move|p2a: Skarmory|Defog|p1a: Heatran
|-unboost|p1a: Heatran|evasion|1
|-sideend|p1: OGMâno|Stealth Rock|[from] move: Defog|[of] p1a: Heatran
|-sideend|p2: qqqqw|Stealth Rock|[from] move: Defog|[of] p2a: Skarmory
|-activate|p1a: Heatran|confusion
|-damage|p1a: Heatran|94\/386 par|[from] confusion
|
|-heal|p1a: Heatran|118\/386 par|[from] item: Leftovers
|turn|27
|
|move|p2a: Skarmory|Brave Bird|p1a: Heatran
|-resisted|p1a: Heatran
|-damage|p1a: Heatran|65\/386 par
|-damage|p2a: Skarmory|276\/334|[from] recoil|[of] p1a: Heatran
|-activate|p1a: Heatran|confusion
|move|p1a: Heatran|Stealth Rock|p2a: Skarmory
|-sidestart|p2: qqqqw|move: Stealth Rock
|
|-heal|p1a: Heatran|89\/386 par|[from] item: Leftovers
|turn|28
|
|move|p2a: Skarmory|Stealth Rock|p1a: Heatran
|-sidestart|p1: OGMâno|move: Stealth Rock
|-activate|p1a: Heatran|confusion
|-damage|p1a: Heatran|61\/386 par|[from] confusion
|
|-heal|p1a: Heatran|85\/386 par|[from] item: Leftovers
|turn|29
|
|move|p2a: Skarmory|Defog|p1a: Heatran
|-unboost|p1a: Heatran|evasion|1
|-sideend|p1: OGMâno|Stealth Rock|[from] move: Defog|[of] p1a: Heatran
|-sideend|p2: qqqqw|Stealth Rock|[from] move: Defog|[of] p2a: Skarmory
|cant|p1a: Heatran|par
|
|-heal|p1a: Heatran|109\/386 par|[from] item: Leftovers
|turn|30
|
|move|p2a: Skarmory|Brave Bird|p1a: Heatran
|-resisted|p1a: Heatran
|-damage|p1a: Heatran|58\/386 par
|-damage|p2a: Skarmory|259\/334|[from] recoil|[of] p1a: Heatran
|-activate|p1a: Heatran|confusion
|move|p1a: Heatran|Lava Plume|p2a: Skarmory
|-supereffective|p2a: Skarmory
|-damage|p2a: Skarmory|0 fnt
|faint|p2a: Skarmory
|
|-heal|p1a: Heatran|82\/386 par|[from] item: Leftovers
|
|switch|p2a: Gallade|Gallade, M|315\/315
|turn|31
|
|detailschange|p2a: Gallade|Gallade-Mega, M
|message|Gallade has Mega Evolved into Mega Gallade!
|move|p2a: Gallade|Bulk Up|p2a: Gallade
|-boost|p2a: Gallade|atk|1
|-boost|p2a: Gallade|def|1
|-end|p1a: Heatran|confusion
|move|p1a: Heatran|Toxic|p2a: Gallade|[miss]
|-miss|p1a: Heatran|p2a: Gallade
|
|-heal|p1a: Heatran|106\/386 par|[from] item: Leftovers
|turn|32
|c|âOGMâno|noo
|
|move|p2a: Gallade|Bulk Up|p2a: Gallade
|-boost|p2a: Gallade|atk|1
|-boost|p2a: Gallade|def|1
|cant|p1a: Heatran|par
|
|-heal|p1a: Heatran|130\/386 par|[from] item: Leftovers
|turn|33
|
|move|p2a: Gallade|Drain Punch|p1a: Heatran
|-supereffective|p1a: Heatran
|-damage|p1a: Heatran|0 fnt
|faint|p1a: Heatran
|
|
|switch|p1a: Landorus-Therian|Landorus-Therian, M|280\/319
|-ability|p1a: Landorus-Therian|Intimidate|[of] p2a: Gallade
|-unboost|p2a: Gallade|atk|1
|turn|34
|
|move|p1a: Landorus-Therian|U-turn|p2a: Gallade
|-damage|p2a: Gallade|282\/315
|
|switch|p1a: Slowbro|Slowbro, M|394\/394
|move|p2a: Gallade|Bulk Up|p2a: Gallade
|-boost|p2a: Gallade|atk|1
|-boost|p2a: Gallade|def|1
|
|turn|35
|
|move|p2a: Gallade|Shadow Sneak|p1a: Slowbro
|-supereffective|p1a: Slowbro
|-damage|p1a: Slowbro|262\/394
|move|p1a: Slowbro|Scald|p2a: Gallade
|-damage|p2a: Gallade|206\/315
|-status|p2a: Gallade|brn
|
|-heal|p1a: Slowbro|286\/394|[from] item: Leftovers
|-damage|p2a: Gallade|167\/315 brn|[from] brn
|turn|36
|
|switch|p2a: Umbreon|Umbreon, M|232\/394 tox
|move|p1a: Slowbro|Scald|p2a: Umbreon
|-damage|p2a: Umbreon|154\/394 tox
|
|-heal|p2a: Umbreon|178\/394 tox|[from] item: Leftovers
|-heal|p1a: Slowbro|310\/394|[from] item: Leftovers
|-damage|p2a: Umbreon|154\/394 tox|[from] psn
|turn|37
|
|switch|p1a: Sceptile|Sceptile, F|282\/282
|move|p2a: Umbreon|Wish|p2a: Umbreon
|
|-heal|p2a: Umbreon|178\/394 tox|[from] item: Leftovers
|-damage|p2a: Umbreon|130\/394 tox|[from] psn
|turn|38
|
|switch|p2a: Leafeon|Leafeon, F|272\/272
|detailschange|p1a: Sceptile|Sceptile-Mega, F
|message|Sceptile has Mega Evolved into Mega Sceptile!
|move|p1a: Sceptile|Substitute|p1a: Sceptile
|-start|p1a: Sceptile|Substitute
|-damage|p1a: Sceptile|212\/282
|
|turn|39
|
|move|p1a: Sceptile|Dragon Pulse|p2a: Leafeon
|-damage|p2a: Leafeon|116\/272
|move|p2a: Leafeon|X-Scissor|p1a: Sceptile
|-crit|p1a: Sceptile
|-supereffective|p1a: Sceptile
|-end|p1a: Sceptile|Substitute
|
|turn|40
|
|move|p2a: Leafeon|Quick Attack|p1a: Sceptile
|-damage|p1a: Sceptile|155\/282
|move|p1a: Sceptile|Dragon Pulse|p2a: Leafeon
|-damage|p2a: Leafeon|0 fnt
|faint|p2a: Leafeon
|
|
|switch|p2a: Regirock|Regirock|298\/364
|turn|41
|
|move|p1a: Sceptile|Giga Drain|p2a: Regirock
|-supereffective|p2a: Regirock
|-damage|p2a: Regirock|76\/364
|-heal|p1a: Sceptile|266\/282|[from] drain|[of] p2a: Regirock
|move|p2a: Regirock|Stealth Rock|p1a: Sceptile
|-sidestart|p1: OGMâno|move: Stealth Rock
|
|-heal|p2a: Regirock|98\/364|[from] item: Leftovers
|turn|42
|
|move|p1a: Sceptile|Giga Drain|p2a: Regirock
|-supereffective|p2a: Regirock
|-damage|p2a: Regirock|0 fnt
|-heal|p1a: Sceptile|282\/282|[from] drain|[of] p2a: Regirock
|faint|p2a: Regirock
|
|
|switch|p2a: Umbreon|Umbreon, M|130\/394 tox
|turn|43
|
|move|p1a: Sceptile|Dragon Pulse|p2a: Umbreon
|-damage|p2a: Umbreon|4\/394 tox
|move|p2a: Umbreon|Heal Bell|p2a: Umbreon
|-cureteam|p2a: Umbreon|[from] move: HealBell
|
|-heal|p2a: Umbreon|28\/394|[from] item: Leftovers
|turn|44
|
|move|p1a: Sceptile|Dragon Pulse|p2a: Umbreon
|-damage|p2a: Umbreon|0 fnt
|faint|p2a: Umbreon
|
|
|switch|p2a: Gallade|Gallade-Mega, M|167\/315
|turn|45
|
|move|p1a: Sceptile|Dragon Pulse|p2a: Gallade
|-damage|p2a: Gallade|32\/315
|move|p2a: Gallade|Poison Jab|p1a: Sceptile
|-supereffective|p1a: Sceptile
|-damage|p1a: Sceptile|14\/282
|-status|p1a: Sceptile|psn
|
|-damage|p1a: Sceptile|0 fnt|[from] psn
|faint|p1a: Sceptile
|
|switch|p1a: Slowbro|Slowbro, M|394\/394
|-damage|p1a: Slowbro|345\/394|[from] Stealth Rock
|turn|46
|
|move|p2a: Gallade|Shadow Sneak|p1a: Slowbro
|-supereffective|p1a: Slowbro
|-damage|p1a: Slowbro|273\/394
|move|p1a: Slowbro|Thunder Wave|p2a: Gallade
|-status|p2a: Gallade|par
|
|-heal|p1a: Slowbro|297\/394|[from] item: Leftovers
|turn|47
|c|âOGMâno|gg
|
|move|p1a: Slowbro|Scald|p2a: Gallade
|-damage|p2a: Gallade|0 fnt
|faint|p2a: Gallade
|
|win|OGMâno
|raw|Ladder updating...
|raw|Ladder (probably) updated, but score could not be retrieved (corruption).
|c|âqqqqw|yes
|leave|qqqqw
|player|p2