|join|qqqqw
|join|controlling
|player|p1|qqqqw|52
|player|p2|controlling|68
|gametype|singles
|gen|6
|tier|OU
|rated
|clearpoke
|poke|p1|Absol, F
|poke|p1|Azumarill, F
|poke|p1|Breloom, M
|poke|p1|Garchomp, F
|poke|p1|Gardevoir, F
|poke|p1|Scizor, F
|poke|p2|Bisharp, F
|poke|p2|Venusaur, F
|poke|p2|Heatran, M
|poke|p2|Keldeo
|poke|p2|Chansey, F
|poke|p2|Skarmory, M
|rule|Swagger Clause: Swagger is banned
|rule|Baton Pass Clause: Limit one PokÃ©mon knowing Baton Pass
|rule|Sleep Clause Mod: Limit one foe put to sleep
|rule|Species Clause: Limit one of each PokÃ©mon
|rule|OHKO Clause: OHKO moves are banned
|rule|Moody Clause: Moody is banned
|rule|Evasion Moves Clause: Evasion moves are banned
|rule|Endless Battle Clause: Forcing endless battles is banned
|rule|HP Percentage Mod: HP is shown in percentages
|teampreview
|
|start
|switch|p1a: Absol|Absol, F|271\/271
|switch|p2a: Heatran|Heatran, M|386\/386
|-item|p2a: Heatran|Air Balloon
|-ability|p1a: Absol|Pressure
|turn|1
|
|detailschange|p1a: Absol|Absol-Mega, F
|message|Absol has Mega Evolved into Mega Absol!
|move|p1a: Absol|Protect|p1a: Absol
|-singleturn|p1a: Absol|Protect
|move|p2a: Heatran|Fire Blast|p1a: Absol
|-activate|p1a: Absol|Protect
|
|turn|2
|
|switch|p1a: Azumarill|Azumarill, F|404\/404
|switch|p2a: Venusaur|Venusaur, F|364\/364
|
|turn|3
|
|switch|p1a: Scizor|Scizor, F|344\/344
|detailschange|p2a: Venusaur|Venusaur-Mega, F
|message|Venusaur has Mega Evolved into Mega Venusaur!
|move|p2a: Venusaur|Leech Seed|p1a: Scizor|[miss]
|-miss|p2a: Venusaur|p1a: Scizor
|
|turn|4
|join|CleanerThanRotom-W
|
|move|p2a: Venusaur|Hidden Power|p1a: Scizor
|-crit|p1a: Scizor
|-supereffective|p1a: Scizor
|-damage|p1a: Scizor|0 fnt
|faint|p1a: Scizor
|
|c|âcontrolling|cmon
|c|âcontrolling|ladder
|c| CleanerThanRotom-W|what a sick team controlling!
|
|switch|p1a: Gardevoir|Gardevoir, F|330\/330
|-ability|p1a: Gardevoir|Thick Fat|[from] ability: Trace|[of] p2a: Venusaur
|turn|5
|c|âcontrolling|thanks!
|
|switch|p2a: Chansey|Chansey, F|704\/704
|move|p1a: Gardevoir|Thunder Wave|p2a: Chansey
|-status|p2a: Chansey|par
|
|turn|6
|
|move|p1a: Gardevoir|Calm Mind|p1a: Gardevoir
|-boost|p1a: Gardevoir|spa|1
|-boost|p1a: Gardevoir|spd|1
|move|p2a: Chansey|Seismic Toss|p1a: Gardevoir
|-damage|p1a: Gardevoir|230\/330
|
|-heal|p1a: Gardevoir|250\/330|[from] item: Leftovers
|turn|7
|
|move|p1a: Gardevoir|Calm Mind|p1a: Gardevoir
|-boost|p1a: Gardevoir|spa|1
|-boost|p1a: Gardevoir|spd|1
|move|p2a: Chansey|Thunder Wave|p1a: Gardevoir
|-status|p1a: Gardevoir|par
|
|-heal|p1a: Gardevoir|270\/330 par|[from] item: Leftovers
|turn|8
|c|âcontrolling|5 people stole this team from me
|join|Esker
|c| CleanerThanRotom-W|ikr
|
|switch|p2a: Heatran|Heatran, M|386\/386
|-item|p2a: Heatran|Air Balloon
|cant|p1a: Gardevoir|par
|
|-heal|p1a: Gardevoir|290\/330 par|[from] item: Leftovers
|turn|9
|c| CleanerThanRotom-W|wish killer is one
|
|move|p2a: Heatran|Taunt|p1a: Gardevoir
|-start|p1a: Gardevoir|move: Taunt
|cant|p1a: Gardevoir|par
|
|-heal|p1a: Gardevoir|310\/330 par|[from] item: Leftovers
|turn|10
|c|âcontrolling|and Aka DH
|
|move|p2a: Heatran|Stealth Rock|p1a: Gardevoir
|-sidestart|p1: qqqqw|move: Stealth Rock
|move|p1a: Gardevoir|Psychic|p2a: Heatran
|-resisted|p2a: Heatran
|-damage|p2a: Heatran|266\/386
|-enditem|p2a: Heatran|Air Balloon
|
|-heal|p1a: Gardevoir|330\/330 par|[from] item: Leftovers
|turn|11
|c| CleanerThanRotom-W|and haterss gonna hate
|
|switch|p2a: Bisharp|Bisharp, F|324\/324
|cant|p1a: Gardevoir|par
|
|-end|p1a: Gardevoir|move: Taunt
|turn|12
|c|âcontrolling|watch cats
|
|move|p2a: Bisharp|Iron Head|p1a: Gardevoir
|-supereffective|p1a: Gardevoir
|-damage|p1a: Gardevoir|0 fnt
|faint|p1a: Gardevoir
|
|
|switch|p1a: Garchomp|Garchomp, F|420\/420
|-damage|p1a: Garchomp|394\/420|[from] Stealth Rock
|turn|13
|
|switch|p2a: Skarmory|Skarmory, M|334\/334
|move|p1a: Garchomp|Stealth Rock|p2a: Skarmory
|-sidestart|p2: controlling|move: Stealth Rock
|
|turn|14
|c| CleanerThanRotom-W|and bloody sunday
|
|move|p1a: Garchomp|Fire Blast|p2a: Skarmory
|-supereffective|p2a: Skarmory
|-damage|p2a: Skarmory|168\/334
|move|p2a: Skarmory|Spikes|p1a: Garchomp
|-sidestart|p1: qqqqw|Spikes
|
|turn|15
|
|move|p1a: Garchomp|Earthquake|p2a: Skarmory
|-immune|p2a: Skarmory|[msg]
|move|p2a: Skarmory|Roost|p2a: Skarmory
|-heal|p2a: Skarmory|334\/334
|
|turn|16
|c|âcontrolling|zenzo got bloody to talk in chat
|c| CleanerThanRotom-W|o
|
|switch|p2a: Keldeo|Keldeo|323\/323
|-damage|p2a: Keldeo|303\/323|[from] Stealth Rock
|move|p1a: Garchomp|Fire Blast|p2a: Keldeo
|-resisted|p2a: Keldeo
|-damage|p2a: Keldeo|260\/323
|
|-heal|p2a: Keldeo|280\/323|[from] item: Leftovers
|turn|17
|c| CleanerThanRotom-W|what a rare event!
|c|âcontrolling|the main chat
|
|switch|p1a: Azumarill|Azumarill, F|404\/404
|-damage|p1a: Azumarill|354\/404|[from] Stealth Rock
|-damage|p1a: Azumarill|304\/404|[from] Spikes
|move|p2a: Keldeo|Scald|p1a: Azumarill
|-resisted|p1a: Azumarill
|-damage|p1a: Azumarill|217\/404
|
|-heal|p2a: Keldeo|300\/323|[from] item: Leftovers
|turn|18
|c| CleanerThanRotom-W|o
|c| CleanerThanRotom-W|even more rare!
|
|switch|p2a: Venusaur|Venusaur-Mega, F|364\/364
|-damage|p2a: Venusaur|319\/364|[from] Stealth Rock
|move|p1a: Azumarill|Play Rough|p2a: Venusaur
|-resisted|p2a: Venusaur
|-damage|p2a: Venusaur|220\/364
|
|turn|19
|c| CleanerThanRotom-W|sick!
|
|switch|p1a: Absol|Absol-Mega, F|271\/271
|-damage|p1a: Absol|238\/271|[from] Spikes
|-damage|p1a: Absol|205\/271|[from] Stealth Rock
|move|p2a: Venusaur|Giga Drain|p1a: Absol
|-damage|p1a: Absol|49\/271
|-heal|p2a: Venusaur|298\/364|[from] drain|[of] p1a: Absol
|
|turn|20
|
|move|p1a: Absol|Flamethrower|p2a: Venusaur
|-supereffective|p2a: Venusaur
|-damage|p2a: Venusaur|218\/364
|move|p2a: Venusaur|Synthesis|p2a: Venusaur
|-heal|p2a: Venusaur|364\/364
|
|turn|21
|c| CleanerThanRotom-W|oh no! where are the venu counters!
|
|move|p1a: Absol|Flamethrower|p2a: Venusaur
|-supereffective|p2a: Venusaur
|-damage|p2a: Venusaur|286\/364
|move|p2a: Venusaur|Giga Drain|p1a: Absol
|-damage|p1a: Absol|0 fnt
|-heal|p2a: Venusaur|311\/364|[from] drain|[of] p1a: Absol
|faint|p1a: Absol
|
|
|switch|p1a: Garchomp|Garchomp, F|394\/420
|-damage|p1a: Garchomp|368\/420|[from] Stealth Rock
|-damage|p1a: Garchomp|316\/420|[from] Spikes
|turn|22
|c|âcontrolling|absol  you noob
|c|âcontrolling|the best venu switch in
|
|move|p1a: Garchomp|Earthquake|p2a: Venusaur
|-damage|p2a: Venusaur|233\/364
|move|p2a: Venusaur|Leech Seed|p1a: Garchomp
|-start|p1a: Garchomp|move: Leech Seed
|
|-damage|p1a: Garchomp|264\/420|[from] Leech Seed|[of] p2a: Venusaur
|-heal|p2a: Venusaur|285\/364|[silent]
|turn|23
|c| CleanerThanRotom-W|o
|c| CleanerThanRotom-W|ofc
|
|switch|p1a: Breloom|Breloom, M|262\/262
|-damage|p1a: Breloom|246\/262|[from] Stealth Rock
|-damage|p1a: Breloom|214\/262|[from] Spikes
|move|p2a: Venusaur|Giga Drain|p1a: Breloom
|-resisted|p1a: Breloom
|-damage|p1a: Breloom|136\/262
|-heal|p2a: Venusaur|324\/364|[from] drain|[of] p1a: Breloom
|
|turn|24
|
|switch|p1a: Azumarill|Azumarill, F|217\/404
|-damage|p1a: Azumarill|167\/404|[from] Spikes
|-damage|p1a: Azumarill|117\/404|[from] Stealth Rock
|move|p2a: Venusaur|Hidden Power|p1a: Azumarill
|-resisted|p1a: Azumarill
|-damage|p1a: Azumarill|85\/404
|
|turn|25
|-message|qqqqw forfeited.
|
|win|controlling
|raw|Ladder updating...
|leave|qqqqw
|player|p1