|join|qqqqw
|join|yelmaster
|player|p1|qqqqw|52
|player|p2|yelmaster|125
|gametype|singles
|gen|6
|tier|OU
|rated
|clearpoke
|poke|p1|Regice
|poke|p1|Hydreigon, M
|poke|p1|Mienshao, M
|poke|p1|Empoleon, M
|poke|p1|Gyarados, M
|poke|p1|Dragonite, M
|poke|p2|Entei, shiny
|poke|p2|Charizard, M
|poke|p2|Latios, M
|poke|p2|Exeggutor, M
|poke|p2|Azumarill, F
|poke|p2|Landorus-Therian, M
|rule|Swagger Clause: Swagger is banned
|rule|Baton Pass Clause: Limit one PokÃ©mon knowing Baton Pass
|rule|Sleep Clause Mod: Limit one foe put to sleep
|rule|Species Clause: Limit one of each PokÃ©mon
|rule|OHKO Clause: OHKO moves are banned
|rule|Moody Clause: Moody is banned
|rule|Evasion Moves Clause: Evasion moves are banned
|rule|Endless Battle Clause: Forcing endless battles is banned
|rule|HP Percentage Mod: HP is shown in percentages
|teampreview
|
|start
|switch|p1a: Dragonite|Dragonite, M|324\/324
|switch|p2a: Landorus-Therian|Landorus-Therian, M|382\/382
|-ability|p2a: Landorus-Therian|Intimidate|[of] p1a: Dragonite
|-unboost|p1a: Dragonite|atk|1
|turn|1
|
|move|p1a: Dragonite|Ice Beam|p2a: Landorus-Therian
|-supereffective|p2a: Landorus-Therian
|-damage|p2a: Landorus-Therian|0 fnt
|faint|p2a: Landorus-Therian
|
|
|switch|p2a: Azumarill|Azumarill, F|401\/401
|turn|2
|
|switch|p1a: Empoleon|Empoleon, M|372\/372
|move|p2a: Azumarill|Play Rough|p1a: Empoleon
|-resisted|p1a: Empoleon
|-damage|p1a: Empoleon|279\/372
|
|turn|3
|
|switch|p1a: Gyarados|Gyarados, M|362\/362
|-ability|p1a: Gyarados|Intimidate|[of] p2a: Azumarill
|-unboost|p2a: Azumarill|atk|1
|switch|p2a: Exeggutor|Exeggutor, M|331\/331
|
|turn|4
|
|switch|p1a: Hydreigon|Hydreigon, M|325\/325
|move|p2a: Exeggutor|Sunny Day|p2a: Exeggutor
|-weather|SunnyDay
|
|-weather|SunnyDay|[upkeep]
|turn|5
|
|switch|p2a: Entei|Entei, shiny|371\/371
|-ability|p2a: Entei|Pressure
|move|p1a: Hydreigon|Flamethrower|p2a: Entei
|-resisted|p2a: Entei
|-damage|p2a: Entei|264\/371
|
|-weather|SunnyDay|[upkeep]
|turn|6
|
|switch|p1a: Gyarados|Gyarados, M|362\/362
|-ability|p1a: Gyarados|Intimidate|[of] p2a: Entei
|-unboost|p2a: Entei|atk|1
|move|p2a: Entei|Sacred Fire|p1a: Gyarados
|-resisted|p1a: Gyarados
|-damage|p1a: Gyarados|209\/362
|-status|p1a: Gyarados|brn
|
|-weather|SunnyDay|[upkeep]
|-damage|p1a: Gyarados|164\/362 brn|[from] brn
|turn|7
|
|detailschange|p1a: Gyarados|Gyarados-Mega, M
|message|Gyarados has Mega Evolved into Mega Gyarados!
|-ability|p1a: Gyarados|Mold Breaker
|move|p2a: Entei|Sacred Fire|p1a: Gyarados
|-resisted|p1a: Gyarados
|-damage|p1a: Gyarados|32\/362 brn
|move|p1a: Gyarados|Earthquake|p2a: Entei
|-supereffective|p2a: Entei
|-damage|p2a: Entei|106\/371
|
|-weather|SunnyDay|[upkeep]
|-damage|p1a: Gyarados|0 fnt|[from] brn
|faint|p1a: Gyarados
|
|switch|p1a: Hydreigon|Hydreigon, M|325\/325
|turn|8
|
|switch|p2a: Azumarill|Azumarill, F|401\/401
|move|p1a: Hydreigon|Dark Pulse|p2a: Azumarill
|-resisted|p2a: Azumarill
|-damage|p2a: Azumarill|344\/401
|
|-weather|SunnyDay|[upkeep]
|turn|9
|
|switch|p1a: Empoleon|Empoleon, M|279\/372
|move|p2a: Azumarill|Knock Off|p1a: Empoleon
|-damage|p1a: Empoleon|142\/372
|-enditem|p1a: Empoleon|Choice Specs|[from] move: Knock Off|[of] p2a: Azumarill
|
|-weather|SunnyDay|[upkeep]
|turn|10
|
|switch|p1a: Regice|Regice|358\/358
|switch|p2a: Charizard|Charizard, M|297\/297
|
|-weather|SunnyDay|[upkeep]
|-damage|p2a: Charizard|260\/297|[from] ability: Solar Power
|turn|11
|
|switch|p1a: Hydreigon|Hydreigon, M|325\/325
|detailschange|p2a: Charizard|Charizard-Mega-Y, M
|message|Charizard has Mega Evolved into Mega Charizard!
|move|p2a: Charizard|Fire Blast|p1a: Hydreigon|[miss]
|-miss|p2a: Charizard|p1a: Hydreigon
|
|-weather|none
|turn|12
|
|move|p1a: Hydreigon|Dark Pulse|p2a: Charizard
|-damage|p2a: Charizard|134\/297
|move|p2a: Charizard|Dragon Pulse|p1a: Hydreigon
|-supereffective|p1a: Hydreigon
|-damage|p1a: Hydreigon|65\/325
|
|turn|13
|
|switch|p1a: Regice|Regice|358\/358
|move|p2a: Charizard|Dragon Pulse|p1a: Regice
|-damage|p1a: Regice|298\/358
|
|turn|14
|
|switch|p2a: Entei|Entei, shiny|106\/371
|-ability|p2a: Entei|Pressure
|move|p1a: Regice|Thunder Wave|p2a: Entei
|-status|p2a: Entei|par
|
|turn|15
|
|move|p1a: Regice|Ice Beam|p2a: Entei
|-resisted|p2a: Entei
|-damage|p2a: Entei|26\/371 par
|move|p2a: Entei|Sacred Fire|p1a: Regice
|-crit|p1a: Regice
|-supereffective|p1a: Regice
|-damage|p1a: Regice|0 fnt
|faint|p1a: Regice
|
|
|switch|p1a: Mienshao|Mienshao, M|271\/271
|turn|16
|
|move|p1a: Mienshao|U-turn|p2a: Entei
|-resisted|p2a: Entei
|-damage|p2a: Entei|0 fnt
|faint|p2a: Entei
|
|switch|p1a: Dragonite|Dragonite, M|324\/324
|
|
|switch|p2a: Azumarill|Azumarill, F|344\/401
|turn|17
|
|switch|p1a: Empoleon|Empoleon, M|142\/372
|move|p2a: Azumarill|Play Rough|p1a: Empoleon
|-resisted|p1a: Empoleon
|-damage|p1a: Empoleon|46\/372
|
|turn|18
|
|move|p1a: Empoleon|Scald|p2a: Azumarill
|-resisted|p2a: Azumarill
|-damage|p2a: Azumarill|272\/401
|-status|p2a: Azumarill|brn
|move|p2a: Azumarill|Play Rough|p1a: Empoleon
|-resisted|p1a: Empoleon
|-damage|p1a: Empoleon|1\/372
|
|-damage|p2a: Azumarill|222\/401 brn|[from] brn
|turn|19
|
|move|p1a: Empoleon|Aqua Jet|p2a: Azumarill
|-resisted|p2a: Azumarill
|-damage|p2a: Azumarill|191\/401 brn
|move|p2a: Azumarill|Aqua Jet|p1a: Empoleon
|-resisted|p1a: Empoleon
|-damage|p1a: Empoleon|0 fnt
|faint|p1a: Empoleon
|
|-damage|p2a: Azumarill|141\/401 brn|[from] brn
|
|switch|p1a: Mienshao|Mienshao, M|271\/271
|turn|20
|
|move|p1a: Mienshao|High Jump Kick|p2a: Azumarill
|-resisted|p2a: Azumarill
|-damage|p2a: Azumarill|0 fnt
|faint|p2a: Azumarill
|
|
|switch|p2a: Charizard|Charizard-Mega-Y, M|134\/297
|-weather|SunnyDay
|turn|21
|
|move|p1a: Mienshao|High Jump Kick|p2a: Charizard
|-resisted|p2a: Charizard
|-damage|p2a: Charizard|0 fnt
|faint|p2a: Charizard
|
|-weather|SunnyDay|[upkeep]
|
|switch|p2a: Exeggutor|Exeggutor, M|331\/331
|turn|22
|
|move|p2a: Exeggutor|Solar Beam|p1a: Mienshao|[still]
|-prepare|p2a: Exeggutor|Solar Beam|p1a: Mienshao
|-anim|p2a: Exeggutor|Solar Beam|p1a: Mienshao
|-damage|p1a: Mienshao|0 fnt
|faint|p1a: Mienshao
|
|-weather|SunnyDay|[upkeep]
|
|switch|p1a: Dragonite|Dragonite, M|324\/324
|turn|23
|
|move|p1a: Dragonite|Flamethrower|p2a: Exeggutor
|-supereffective|p2a: Exeggutor
|-damage|p2a: Exeggutor|0 fnt
|faint|p2a: Exeggutor
|
|-weather|SunnyDay|[upkeep]
|
|switch|p2a: Latios|Latios, M|302\/302
|turn|24
|
|move|p1a: Dragonite|Flamethrower|p2a: Latios
|-resisted|p2a: Latios
|-damage|p2a: Latios|241\/302
|-status|p2a: Latios|brn
|move|p2a: Latios|Psyshock|p1a: Dragonite
|-damage|p1a: Dragonite|226\/324
|-damage|p2a: Latios|211\/302 brn|[from] item: Life Orb
|
|-weather|SunnyDay|[upkeep]
|-damage|p2a: Latios|174\/302 brn|[from] brn
|turn|25
|
|move|p1a: Dragonite|Flamethrower|p2a: Latios
|-resisted|p2a: Latios
|-damage|p2a: Latios|113\/302 brn
|move|p2a: Latios|Psyshock|p1a: Dragonite
|-damage|p1a: Dragonite|22\/324
|-damage|p2a: Latios|83\/302 brn|[from] item: Life Orb
|
|-weather|none
|-damage|p2a: Latios|46\/302 brn|[from] brn
|turn|26
|
|switch|p1a: Hydreigon|Hydreigon, M|65\/325
|move|p2a: Latios|Psyshock|p1a: Hydreigon
|-immune|p1a: Hydreigon|[msg]
|
|-damage|p2a: Latios|9\/302 brn|[from] brn
|turn|27
|-message|yelmaster forfeited.
|
|win|qqqqw
|raw|Ladder updating...
|leave|yelmaster
|player|p2