|join|TTKT
|join|qqqqw
|player|p1|TTKT|249
|player|p2|qqqqw|52
|gametype|singles
|gen|6
|tier|OU
|rated
|clearpoke
|poke|p1|Greninja, M, shiny
|poke|p1|Latios, M
|poke|p1|Infernape, F
|poke|p1|Dragonite, M
|poke|p1|Azumarill, F, shiny
|poke|p1|Scizor, F
|poke|p2|Regice
|poke|p2|Clefable, M
|poke|p2|Mienshao, F
|poke|p2|Empoleon, F
|poke|p2|Gyarados, F
|poke|p2|Dragonite, F
|rule|Swagger Clause: Swagger is banned
|rule|Baton Pass Clause: Limit one PokÃ©mon knowing Baton Pass
|rule|Sleep Clause Mod: Limit one foe put to sleep
|rule|Species Clause: Limit one of each PokÃ©mon
|rule|OHKO Clause: OHKO moves are banned
|rule|Moody Clause: Moody is banned
|rule|Evasion Moves Clause: Evasion moves are banned
|rule|Endless Battle Clause: Forcing endless battles is banned
|rule|HP Percentage Mod: HP is shown in percentages
|teampreview
|
|start
|switch|p1a: Infernape|Infernape, F|293\/293
|switch|p2a: Dragonite|Dragonite, F|324\/324
|turn|1
|
|move|p2a: Dragonite|Draco Meteor|p1a: Infernape
|-damage|p1a: Infernape|17\/293
|-unboost|p2a: Dragonite|spa|2
|move|p1a: Infernape|Stealth Rock|p2a: Dragonite
|-sidestart|p2: qqqqw|move: Stealth Rock
|
|turn|2
|
|move|p2a: Dragonite|Draco Meteor|p1a: Infernape
|-damage|p1a: Infernape|0 fnt
|-unboost|p2a: Dragonite|spa|2
|faint|p1a: Infernape
|
|
|switch|p1a: Scizor|Scizor, F|331\/331
|turn|3
|
|switch|p2a: Empoleon|Empoleon, F|364\/364
|-damage|p2a: Empoleon|342\/364|[from] Stealth Rock
|detailschange|p1a: Scizor|Scizor-Mega, F
|message|Scizor has Mega Evolved into Mega Scizor!
|move|p1a: Scizor|Swords Dance|p1a: Scizor
|-boost|p1a: Scizor|atk|2
|
|turn|4
|
|move|p1a: Scizor|Superpower|p2a: Empoleon
|-supereffective|p2a: Empoleon
|-damage|p2a: Empoleon|0 fnt
|-unboost|p1a: Scizor|atk|1
|-unboost|p1a: Scizor|def|1
|faint|p2a: Empoleon
|
|
|switch|p2a: Dragonite|Dragonite, F|324\/324
|-damage|p2a: Dragonite|243\/324|[from] Stealth Rock
|turn|5
|
|switch|p1a: Azumarill|Azumarill, F, shiny|403\/403
|move|p2a: Dragonite|Flamethrower|p1a: Azumarill
|-resisted|p1a: Azumarill
|-damage|p1a: Azumarill|341\/403
|
|turn|6
|
|switch|p2a: Gyarados|Gyarados, F|362\/362
|-damage|p2a: Gyarados|272\/362|[from] Stealth Rock
|-ability|p2a: Gyarados|Intimidate|[of] p1a: Azumarill
|-unboost|p1a: Azumarill|atk|1
|move|p1a: Azumarill|Play Rough|p2a: Gyarados|[miss]
|-miss|p1a: Azumarill|p2a: Gyarados
|
|turn|7
|
|switch|p2a: Clefable|Clefable, M|394\/394
|-damage|p2a: Clefable|345\/394|[from] Stealth Rock
|move|p1a: Azumarill|Play Rough|p2a: Clefable
|-damage|p2a: Clefable|86\/394
|-damage|p1a: Azumarill|274\/403|[from] item: Rocky Helmet|[of] p2a: Clefable
|
|turn|8
|
|move|p2a: Clefable|Moonlight|p2a: Clefable
|-heal|p2a: Clefable|283\/394
|move|p1a: Azumarill|Play Rough|p2a: Clefable
|-damage|p2a: Clefable|12\/394
|-damage|p1a: Azumarill|207\/403|[from] item: Rocky Helmet|[of] p2a: Clefable
|
|turn|9
|
|move|p2a: Clefable|Moonlight|p2a: Clefable
|-heal|p2a: Clefable|209\/394
|move|p1a: Azumarill|Play Rough|p2a: Clefable
|-damage|p2a: Clefable|0 fnt
|-damage|p1a: Azumarill|140\/403|[from] item: Rocky Helmet|[of] p2a: Clefable
|faint|p2a: Clefable
|
|
|switch|p2a: Mienshao|Mienshao, F|271\/271
|-damage|p2a: Mienshao|255\/271|[from] Stealth Rock
|turn|10
|
|switch|p1a: Scizor|Scizor-Mega, F|331\/331
|move|p2a: Mienshao|High Jump Kick|p1a: Scizor
|-damage|p1a: Scizor|64\/331
|
|turn|11
|
|move|p1a: Scizor|Bullet Punch|p2a: Mienshao
|-damage|p2a: Mienshao|75\/271
|move|p2a: Mienshao|High Jump Kick|p1a: Scizor
|-damage|p1a: Scizor|0 fnt
|faint|p1a: Scizor
|
|
|switch|p1a: Greninja|Greninja, M, shiny|285\/285
|turn|12
|
|switch|p2a: Regice|Regice|359\/359
|-damage|p2a: Regice|270\/359|[from] Stealth Rock
|move|p1a: Greninja|Shadow Sneak|p2a: Regice
|-start|p1a: Greninja|typechange|Ghost|[from] Protean
|-damage|p2a: Regice|210\/359
|-damage|p1a: Greninja|257\/285|[from] item: Life Orb
|
|turn|13
|
|move|p1a: Greninja|Hydro Pump|p2a: Regice|[miss]
|-start|p1a: Greninja|typechange|Water|[from] Protean
|-miss|p1a: Greninja|p2a: Regice
|move|p2a: Regice|Thunder Wave|p1a: Greninja
|-status|p1a: Greninja|par
|
|turn|14
|
|move|p2a: Regice|Ice Beam|p1a: Greninja
|-resisted|p1a: Greninja
|-damage|p1a: Greninja|164\/285 par
|cant|p1a: Greninja|par
|
|turn|15
|
|move|p2a: Regice|Rest|p2a: Regice
|-status|p2a: Regice|slp
|-heal|p2a: Regice|359\/359 slp|[silent]
|-status|p2a: Regice|slp|[from] move: Rest
|move|p1a: Greninja|Hydro Pump|p2a: Regice
|-damage|p2a: Regice|242\/359 slp
|-damage|p1a: Greninja|136\/285 par|[from] item: Life Orb
|
|turn|16
|
|switch|p1a: Azumarill|Azumarill, F, shiny|140\/403
|cant|p2a: Regice|slp
|move|p2a: Regice|Sleep Talk|p2a: Regice
|move|p2a: Regice|Ice Beam|p1a: Azumarill|[from]Sleep Talk
|-resisted|p1a: Azumarill
|-damage|p1a: Azumarill|61\/403
|
|turn|17
|
|move|p1a: Azumarill|Superpower|p2a: Regice
|-crit|p2a: Regice
|-supereffective|p2a: Regice
|-damage|p2a: Regice|0 fnt
|-unboost|p1a: Azumarill|atk|1
|-unboost|p1a: Azumarill|def|1
|faint|p2a: Regice
|
|
|switch|p2a: Mienshao|Mienshao, F|165\/271
|-damage|p2a: Mienshao|149\/271|[from] Stealth Rock
|turn|18
|
|switch|p1a: Greninja|Greninja, M, shiny|136\/285 par
|move|p2a: Mienshao|U-turn|p1a: Greninja
|-supereffective|p1a: Greninja
|-damage|p1a: Greninja|0 fnt
|faint|p1a: Greninja
|
|switch|p2a: Dragonite|Dragonite, F|243\/324
|-damage|p2a: Dragonite|162\/324|[from] Stealth Rock
|
|
|switch|p1a: Azumarill|Azumarill, F, shiny|61\/403
|turn|19
|
|move|p1a: Azumarill|Aqua Jet|p2a: Dragonite
|-resisted|p2a: Dragonite
|-damage|p2a: Dragonite|99\/324
|move|p2a: Dragonite|Thunderbolt|p1a: Azumarill
|-supereffective|p1a: Azumarill
|-damage|p1a: Azumarill|0 fnt
|faint|p1a: Azumarill
|
|
|switch|p1a: Latios|Latios, M|301\/301
|turn|20
|
|switch|p2a: Mienshao|Mienshao, F|239\/271
|-damage|p2a: Mienshao|223\/271|[from] Stealth Rock
|move|p1a: Latios|Dragon Dance|p1a: Latios
|-boost|p1a: Latios|atk|1
|-boost|p1a: Latios|spe|1
|
|turn|21
|
|move|p1a: Latios|Psychic|p2a: Mienshao
|-supereffective|p2a: Mienshao
|-damage|p2a: Mienshao|0 fnt
|-damage|p1a: Latios|271\/301|[from] item: Life Orb
|faint|p2a: Mienshao
|
|
|switch|p2a: Gyarados|Gyarados, F|272\/362
|-damage|p2a: Gyarados|182\/362|[from] Stealth Rock
|-ability|p2a: Gyarados|Intimidate|[of] p1a: Latios
|-unboost|p1a: Latios|atk|1
|turn|22
|
|detailschange|p2a: Gyarados|Gyarados-Mega, F
|message|Gyarados has Mega Evolved into Mega Gyarados!
|-ability|p2a: Gyarados|Mold Breaker
|move|p1a: Latios|Outrage|p2a: Gyarados
|-crit|p2a: Gyarados
|-damage|p2a: Gyarados|0 fnt
|-damage|p1a: Latios|241\/301|[from] item: Life Orb
|faint|p2a: Gyarados
|
|
|switch|p2a: Dragonite|Dragonite, F|99\/324
|-damage|p2a: Dragonite|18\/324|[from] Stealth Rock
|turn|23
|
|move|p1a: Latios|Outrage|p2a: Dragonite
|-supereffective|p2a: Dragonite
|-damage|p2a: Dragonite|0 fnt
|-damage|p1a: Latios|211\/301|[from] item: Life Orb
|faint|p2a: Dragonite
|
|win|TTKT
|raw|Ladder updating...
|raw|TTKT's rating: 1611 &rarr; <strong>1628<\/strong><br \/>(+17 for winning)
|raw|qqqqw's rating: 1559 &rarr; <strong>1542<\/strong><br \/>(-17 for losing)
|leave|qqqqw
|player|p2