|join|TalkSickKillz
|join|qqqqw
|player|p1|TalkSickKillz|1
|player|p2|qqqqw|52
|gametype|singles
|gen|6
|tier|OU
|rated
|clearpoke
|poke|p1|Slowbro, F
|poke|p1|Breloom, F, shiny
|poke|p1|Latias, F, shiny
|poke|p1|Mamoswine, F
|poke|p1|Magnezone, shiny
|poke|p1|Garchomp, M, shiny
|poke|p2|Abomasnow, F
|poke|p2|Talonflame, F
|poke|p2|Cofagrigus, M
|poke|p2|Chansey, F
|poke|p2|Espeon, M
|poke|p2|Umbreon, M
|rule|Swagger Clause: Swagger is banned
|rule|Baton Pass Clause: Limit one PokÃ©mon knowing Baton Pass
|rule|Sleep Clause Mod: Limit one foe put to sleep
|rule|Species Clause: Limit one of each PokÃ©mon
|rule|OHKO Clause: OHKO moves are banned
|rule|Moody Clause: Moody is banned
|rule|Evasion Moves Clause: Evasion moves are banned
|rule|Endless Battle Clause: Forcing endless battles is banned
|rule|HP Percentage Mod: HP is shown in percentages
|teampreview
|
|start
|switch|p1a: 'loom|Breloom, F, shiny|262\/262
|switch|p2a: Abomasnow|Abomasnow, F|384\/384
|-weather|Hail
|turn|1
|
|switch|p2a: Cofagrigus|Cofagrigus, M|320\/320
|move|p1a: 'loom|Mach Punch|p2a: Cofagrigus
|-immune|p2a: Cofagrigus|[msg]
|
|-weather|Hail|[upkeep]
|-damage|p1a: 'loom|246\/262|[from] hail
|-damage|p2a: Cofagrigus|300\/320|[from] hail
|turn|2
|
|move|p1a: 'loom|Spore|p2a: Cofagrigus
|-status|p2a: Cofagrigus|slp
|cant|p2a: Cofagrigus|slp
|
|-weather|Hail|[upkeep]
|-damage|p1a: 'loom|230\/262|[from] hail
|-damage|p2a: Cofagrigus|280\/320 slp|[from] hail
|turn|3
|
|move|p1a: 'loom|Swords Dance|p1a: 'loom
|-boost|p1a: 'loom|atk|2
|-curestatus|p2a: Cofagrigus|slp
|move|p2a: Cofagrigus|Will-O-Wisp|p1a: 'loom
|-status|p1a: 'loom|brn
|
|-weather|Hail|[upkeep]
|-damage|p1a: 'loom|214\/262 brn|[from] hail
|-damage|p2a: Cofagrigus|260\/320|[from] hail
|-damage|p1a: 'loom|182\/262 brn|[from] brn
|turn|4
|
|move|p1a: 'loom|Bullet Seed|p2a: Cofagrigus
|-damage|p2a: Cofagrigus|221\/320
|-damage|p2a: Cofagrigus|184\/320
|-hitcount|p2a: Cofagrigus|2
|move|p2a: Cofagrigus|Knock Off|p1a: 'loom
|-resisted|p1a: 'loom
|-damage|p1a: 'loom|158\/262 brn
|-enditem|p1a: 'loom|Focus Sash|[from] move: Knock Off|[of] p2a: Cofagrigus
|
|-weather|Hail|[upkeep]
|-damage|p1a: 'loom|142\/262 brn|[from] hail
|-damage|p2a: Cofagrigus|164\/320|[from] hail
|-damage|p1a: 'loom|110\/262 brn|[from] brn
|turn|5
|
|move|p1a: 'loom|Swords Dance|p1a: 'loom
|-boost|p1a: 'loom|atk|2
|move|p2a: Cofagrigus|Knock Off|p1a: 'loom
|-resisted|p1a: 'loom
|-damage|p1a: 'loom|91\/262 brn
|
|-weather|none
|-damage|p1a: 'loom|59\/262 brn|[from] brn
|turn|6
|
|switch|p2a: Chansey|Chansey, F|704\/704
|move|p1a: 'loom|Spore|p2a: Chansey
|-status|p2a: Chansey|slp
|
|-damage|p1a: 'loom|27\/262 brn|[from] brn
|turn|7
|
|switch|p2a: Cofagrigus|Cofagrigus, M|164\/320
|move|p1a: 'loom|Bullet Seed|p2a: Cofagrigus
|-damage|p2a: Cofagrigus|109\/320
|-damage|p2a: Cofagrigus|51\/320
|-hitcount|p2a: Cofagrigus|2
|
|-damage|p1a: 'loom|0 fnt|[from] brn
|faint|p1a: 'loom
|
|switch|p1a: 'zone|Magnezone, shiny|282\/282
|turn|8
|
|switch|p2a: Chansey|Chansey, F|704\/704
|move|p1a: 'zone|Volt Switch|p2a: Chansey
|-damage|p2a: Chansey|628\/704
|
|switch|p1a: 'chomp|Garchomp, M, shiny|358\/358
|
|turn|9
|
|move|p1a: 'chomp|Earthquake|p2a: Chansey
|-damage|p2a: Chansey|403\/704
|move|p2a: Chansey|Seismic Toss|p1a: 'chomp
|-damage|p1a: 'chomp|258\/358
|-damage|p2a: Chansey|315\/704|[from] ability: Rough Skin|[of] p1a: 'chomp
|
|turn|10
|
|move|p1a: 'chomp|Swords Dance|p1a: 'chomp
|-boost|p1a: 'chomp|atk|2
|move|p2a: Chansey|Soft-Boiled|p2a: Chansey
|-heal|p2a: Chansey|667\/704
|
|turn|11
|
|switch|p2a: Abomasnow|Abomasnow, F|384\/384
|-weather|Hail
|move|p1a: 'chomp|Earthquake|p2a: Abomasnow
|-resisted|p2a: Abomasnow
|-damage|p2a: Abomasnow|150\/384
|
|-weather|Hail|[upkeep]
|-damage|p1a: 'chomp|236\/358|[from] hail
|turn|12
|
|switch|p1a: 'zone|Magnezone, shiny|282\/282
|detailschange|p2a: Abomasnow|Abomasnow-Mega, F
|message|Abomasnow has Mega Evolved into Mega Abomasnow!
|move|p2a: Abomasnow|Ice Shard|p1a: 'zone
|-resisted|p1a: 'zone
|-damage|p1a: 'zone|256\/282
|
|-weather|Hail|[upkeep]
|-damage|p1a: 'zone|239\/282|[from] hail
|turn|13
|
|switch|p2a: Chansey|Chansey, F|667\/704
|move|p1a: 'zone|Volt Switch|p2a: Chansey
|-damage|p2a: Chansey|583\/704
|
|switch|p1a: 'swine|Mamoswine, F|359\/359
|
|-weather|Hail|[upkeep]
|-damage|p2a: Chansey|539\/704|[from] hail
|turn|14
|
|switch|p2a: Espeon|Espeon, M|272\/272
|move|p1a: 'swine|Stealth Rock|p2a: Espeon
|move|p2a: Espeon|Stealth Rock|p1a: 'swine|[from]Magic Bounce
|-sidestart|p1: TalkSickKillz|move: Stealth Rock
|
|-weather|Hail|[upkeep]
|-damage|p2a: Espeon|255\/272|[from] hail
|turn|15
|
|move|p2a: Espeon|Grass Knot|p1a: 'swine
|-supereffective|p1a: 'swine
|-damage|p1a: 'swine|0 fnt
|faint|p1a: 'swine
|
|-weather|none
|-message|TalkSickKillz forfeited.
|
|win|qqqqw
|raw|Ladder updating...
|leave|TalkSickKillz
|player|p1
|raw|TalkSickKillz's rating: 1465 &rarr; <strong>1445<\/strong><br \/>(-20 for losing)
|raw|qqqqw's rating: 1457 &rarr; <strong>1478<\/strong><br \/>(+21 for winning)