|join|qqqqw
|join|bboyinterloper
|player|p1|qqqqw|52
|player|p2|bboyinterloper|101
|gametype|singles
|gen|6
|tier|OU
|rated
|clearpoke
|poke|p1|Absol, M
|poke|p1|Azumarill, F
|poke|p1|Breloom, M
|poke|p1|Garchomp, M
|poke|p1|Gardevoir, F
|poke|p1|Scizor, M
|poke|p2|Weavile, F
|poke|p2|Thundurus, M
|poke|p2|Breloom, M
|poke|p2|Excadrill, F
|poke|p2|Kyurem-Black
|poke|p2|Metagross
|rule|Swagger Clause: Swagger is banned
|rule|Baton Pass Clause: Limit one PokÃ©mon knowing Baton Pass
|rule|Sleep Clause Mod: Limit one foe put to sleep
|rule|Species Clause: Limit one of each PokÃ©mon
|rule|OHKO Clause: OHKO moves are banned
|rule|Moody Clause: Moody is banned
|rule|Evasion Moves Clause: Evasion moves are banned
|rule|Endless Battle Clause: Forcing endless battles is banned
|rule|HP Percentage Mod: HP is shown in percentages
|teampreview
|
|start
|switch|p1a: Absol|Absol, M|271\/271
|switch|p2a: Weavile|Weavile, F|250\/250
|-ability|p1a: Absol|Pressure
|turn|1
|
|detailschange|p1a: Absol|Absol-Mega, M
|message|Absol has Mega Evolved into Mega Absol!
|move|p1a: Absol|Protect|p1a: Absol
|-singleturn|p1a: Absol|Protect
|move|p2a: Weavile|Low Kick|p1a: Absol
|-activate|p1a: Absol|Protect
|
|turn|2
|
|switch|p1a: Garchomp|Garchomp, M|420\/420
|move|p2a: Weavile|Beat Up|p1a: Garchomp
|-damage|p1a: Garchomp|383\/420
|-damage|p1a: Garchomp|350\/420
|-damage|p1a: Garchomp|314\/420
|-damage|p1a: Garchomp|281\/420
|-damage|p1a: Garchomp|238\/420
|-damage|p1a: Garchomp|202\/420
|-hitcount|p1a: Garchomp|6
|
|turn|3
|
|switch|p1a: Scizor|Scizor, M|311\/311
|move|p2a: Weavile|Ice Shard|p1a: Scizor
|-resisted|p1a: Scizor
|-damage|p1a: Scizor|273\/311
|
|turn|4
|
|move|p1a: Scizor|Bullet Punch|p2a: Weavile
|-supereffective|p2a: Weavile
|-enditem|p2a: Weavile|Focus Sash
|-damage|p2a: Weavile|1\/250
|-item|p2a: Weavile|Choice Band|[from] ability: Pickpocket
|move|p2a: Weavile|Beat Up|p1a: Scizor
|-damage|p1a: Scizor|221\/311
|-damage|p1a: Scizor|176\/311
|-damage|p1a: Scizor|128\/311
|-crit|p1a: Scizor
|-damage|p1a: Scizor|46\/311
|-damage|p1a: Scizor|0 fnt
|-hitcount|p1a: Scizor|5
|faint|p1a: Scizor
|
|
|switch|p1a: Azumarill|Azumarill, F|404\/404
|turn|5
|
|switch|p2a: Kyurem-Black|Kyurem-Black|391\/391
|-ability|p2a: Kyurem-Black|Teravolt
|move|p1a: Azumarill|Aqua Jet|p2a: Kyurem-Black
|-resisted|p2a: Kyurem-Black
|-damage|p2a: Kyurem-Black|328\/391
|
|turn|6
|
|switch|p1a: Gardevoir|Gardevoir, F|330\/330
|-ability|p1a: Gardevoir|Teravolt|[from] ability: Trace|[of] p2a: Kyurem-Black
|-ability|p1a: Gardevoir|Teravolt
|move|p2a: Kyurem-Black|Fusion Bolt|p1a: Gardevoir
|-damage|p1a: Gardevoir|141\/330
|
|-heal|p1a: Gardevoir|161\/330|[from] item: Leftovers
|turn|7
|
|switch|p1a: Garchomp|Garchomp, M|202\/420
|move|p2a: Kyurem-Black|Fusion Bolt|p1a: Garchomp
|-immune|p1a: Garchomp|[msg]
|
|turn|8
|
|switch|p2a: Weavile|Weavile, F|1\/250
|move|p1a: Garchomp|Stealth Rock|p2a: Weavile
|-sidestart|p2: bboyinterloper|move: Stealth Rock
|
|turn|9
|
|switch|p1a: Azumarill|Azumarill, F|404\/404
|move|p2a: Weavile|Beat Up|p1a: Azumarill
|-resisted|p1a: Azumarill
|-damage|p1a: Azumarill|377\/404
|-resisted|p1a: Azumarill
|-damage|p1a: Azumarill|350\/404
|-resisted|p1a: Azumarill
|-damage|p1a: Azumarill|320\/404
|-crit|p1a: Azumarill
|-resisted|p1a: Azumarill
|-damage|p1a: Azumarill|278\/404
|-resisted|p1a: Azumarill
|-damage|p1a: Azumarill|244\/404
|-resisted|p1a: Azumarill
|-damage|p1a: Azumarill|214\/404
|-hitcount|p1a: Azumarill|6
|
|turn|10
|
|move|p1a: Azumarill|Aqua Jet|p2a: Weavile
|-damage|p2a: Weavile|0 fnt
|faint|p2a: Weavile
|
|
|switch|p2a: Metagross|Metagross|302\/302
|-damage|p2a: Metagross|284\/302|[from] Stealth Rock
|turn|11
|
|switch|p1a: Garchomp|Garchomp, M|202\/420
|detailschange|p2a: Metagross|Metagross-Mega
|message|Metagross has Mega Evolved into Mega Metagross!
|move|p2a: Metagross|Stealth Rock|p1a: Garchomp
|-sidestart|p1: qqqqw|move: Stealth Rock
|
|turn|12
|
|move|p2a: Metagross|Ice Punch|p1a: Garchomp
|-supereffective|p1a: Garchomp
|-damage|p1a: Garchomp|0 fnt
|-damage|p2a: Metagross|247\/302|[from] ability: Rough Skin|[of] p1a: Garchomp
|-damage|p2a: Metagross|197\/302|[from] item: Rocky Helmet|[of] p1a: Garchomp
|faint|p1a: Garchomp
|
|
|switch|p1a: Absol|Absol-Mega, M|271\/271
|-damage|p1a: Absol|238\/271|[from] Stealth Rock
|turn|13
|
|move|p2a: Metagross|Bullet Punch|p1a: Absol
|-damage|p1a: Absol|69\/271
|move|p1a: Absol|Flamethrower|p2a: Metagross
|-supereffective|p2a: Metagross
|-damage|p2a: Metagross|13\/302
|
|turn|14
|
|switch|p1a: Gardevoir|Gardevoir, F|161\/330
|-damage|p1a: Gardevoir|120\/330|[from] Stealth Rock
|-ability|p1a: Gardevoir|Tough Claws|[from] ability: Trace|[of] p2a: Metagross
|move|p2a: Metagross|Bullet Punch|p1a: Gardevoir
|-supereffective|p1a: Gardevoir
|-damage|p1a: Gardevoir|0 fnt
|faint|p1a: Gardevoir
|
|
|switch|p1a: Breloom|Breloom, M|262\/262
|-damage|p1a: Breloom|246\/262|[from] Stealth Rock
|turn|15
|
|move|p2a: Metagross|Bullet Punch|p1a: Breloom
|-damage|p1a: Breloom|128\/262
|move|p1a: Breloom|Mach Punch|p2a: Metagross
|-damage|p2a: Metagross|0 fnt
|faint|p2a: Metagross
|
|
|switch|p2a: Thundurus|Thundurus, M|300\/300
|-damage|p2a: Thundurus|225\/300|[from] Stealth Rock
|turn|16
|
|switch|p1a: Azumarill|Azumarill, F|214\/404
|-damage|p1a: Azumarill|164\/404|[from] Stealth Rock
|move|p2a: Thundurus|Hidden Power|p1a: Azumarill
|-resisted|p1a: Azumarill
|-damage|p1a: Azumarill|112\/404
|-damage|p2a: Thundurus|195\/300|[from] item: Life Orb
|
|turn|17
|
|move|p1a: Azumarill|Aqua Jet|p2a: Thundurus
|-damage|p2a: Thundurus|9\/300
|move|p2a: Thundurus|Thunderbolt|p1a: Azumarill
|-supereffective|p1a: Azumarill
|-damage|p1a: Azumarill|0 fnt
|-damage|p2a: Thundurus|0 fnt|[from] item: Life Orb
|faint|p1a: Azumarill
|faint|p2a: Thundurus
|
|
|switch|p2a: Breloom|Breloom, M|262\/262
|switch|p1a: Breloom|Breloom, M|128\/262
|-damage|p2a: Breloom|246\/262|[from] Stealth Rock
|-damage|p1a: Breloom|112\/262|[from] Stealth Rock
|turn|18
|
|move|p2a: Breloom|Drain Punch|p1a: Breloom
|-damage|p1a: Breloom|0 fnt
|-heal|p2a: Breloom|262\/262|[from] drain|[of] p1a: Breloom
|faint|p1a: Breloom
|
|c|âbboyinterloper|gg
|
|switch|p1a: Absol|Absol-Mega, M|69\/271
|-damage|p1a: Absol|36\/271|[from] Stealth Rock
|turn|19
|c|âqqqqw|lol
|c|âqqqqw|gg
|c|âbboyinterloper|won that speed tie
|
|move|p2a: Breloom|Mach Punch|p1a: Absol
|-supereffective|p1a: Absol
|-damage|p1a: Absol|0 fnt
|faint|p1a: Absol
|
|win|bboyinterloper
|raw|Ladder updating...
|raw|qqqqw's rating: 1677 &rarr; <strong>1652<\/strong><br \/>(-25 for losing)
|raw|bboyinterloper's rating: 1596 &rarr; <strong>1621<\/strong><br \/>(+25 for winning)
|c|âbboyinterloper|other wise you could have sweeped
|leave|qqqqw
|player|p1