|join|ClashofDemonesense
|join|qqqqw
|player|p1|ClashofDemonesense|290
|player|p2|qqqqw|52
|gametype|singles
|gen|6
|tier|OU
|rated
|clearpoke
|poke|p1|Clefable, F
|poke|p1|Mew
|poke|p1|Conkeldurr, F
|poke|p1|Glalie, M
|poke|p1|Keldeo
|poke|p1|Mandibuzz, F
|poke|p2|Torterra, M
|poke|p2|Alakazam, M
|poke|p2|Tyranitar, M
|poke|p2|Mew
|poke|p2|Suicune
|poke|p2|Ditto
|rule|Swagger Clause: Swagger is banned
|rule|Baton Pass Clause: Limit one PokÃ©mon knowing Baton Pass
|rule|Sleep Clause Mod: Limit one foe put to sleep
|rule|Species Clause: Limit one of each PokÃ©mon
|rule|OHKO Clause: OHKO moves are banned
|rule|Moody Clause: Moody is banned
|rule|Evasion Moves Clause: Evasion moves are banned
|rule|Endless Battle Clause: Forcing endless battles is banned
|rule|HP Percentage Mod: HP is shown in percentages
|teampreview
|
|start
|switch|p1a: Conkeldurr|Conkeldurr, F|351\/351
|switch|p2a: Tyranitar|Tyranitar, M|404\/404
|-weather|Sandstorm
|turn|1
|
|move|p2a: Tyranitar|Stealth Rock|p1a: Conkeldurr
|-sidestart|p1: ClashofDemonesense|move: Stealth Rock
|move|p1a: Conkeldurr|Knock Off|p2a: Tyranitar
|-resisted|p2a: Tyranitar
|-damage|p2a: Tyranitar|342\/404
|-enditem|p2a: Tyranitar|Smooth Rock|[from] move: Knock Off|[of] p1a: Conkeldurr
|
|-weather|Sandstorm|[upkeep]
|-damage|p1a: Conkeldurr|330\/351|[from] sandstorm
|turn|2
|
|switch|p2a: Suicune|Suicune|404\/404
|-ability|p2a: Suicune|Pressure
|move|p1a: Conkeldurr|Knock Off|p2a: Suicune
|-damage|p2a: Suicune|321\/404
|-enditem|p2a: Suicune|Leftovers|[from] move: Knock Off|[of] p1a: Conkeldurr
|
|-weather|Sandstorm|[upkeep]
|-damage|p2a: Suicune|296\/404|[from] sandstorm
|-damage|p1a: Conkeldurr|309\/351|[from] sandstorm
|turn|3
|
|move|p2a: Suicune|Calm Mind|p2a: Suicune
|-boost|p2a: Suicune|spa|1
|-boost|p2a: Suicune|spd|1
|move|p1a: Conkeldurr|Drain Punch|p2a: Suicune
|-damage|p2a: Suicune|193\/404
|-heal|p1a: Conkeldurr|351\/351|[from] drain|[of] p2a: Suicune
|
|-weather|Sandstorm|[upkeep]
|-damage|p2a: Suicune|168\/404|[from] sandstorm
|-damage|p1a: Conkeldurr|330\/351|[from] sandstorm
|turn|4
|
|switch|p1a: Clefable|Clefable, F|394\/394
|-damage|p1a: Clefable|345\/394|[from] Stealth Rock
|move|p2a: Suicune|Rest|p2a: Suicune
|-status|p2a: Suicune|slp
|-heal|p2a: Suicune|404\/404 slp|[silent]
|-status|p2a: Suicune|slp|[from] move: Rest
|
|-weather|Sandstorm|[upkeep]
|-damage|p2a: Suicune|379\/404 slp|[from] sandstorm
|-damage|p1a: Clefable|321\/394|[from] sandstorm
|-heal|p1a: Clefable|345\/394|[from] item: Leftovers
|turn|5
|
|cant|p2a: Suicune|slp
|move|p2a: Suicune|Sleep Talk|p2a: Suicune
|move|p2a: Suicune|Calm Mind|p2a: Suicune|[from]Sleep Talk
|-boost|p2a: Suicune|spa|1
|-boost|p2a: Suicune|spd|1
|move|p1a: Clefable|Calm Mind|p1a: Clefable
|-boost|p1a: Clefable|spa|1
|-boost|p1a: Clefable|spd|1
|
|-weather|Sandstorm|[upkeep]
|-damage|p2a: Suicune|354\/404 slp|[from] sandstorm
|-damage|p1a: Clefable|321\/394|[from] sandstorm
|-heal|p1a: Clefable|345\/394|[from] item: Leftovers
|turn|6
|
|cant|p2a: Suicune|slp
|move|p2a: Suicune|Sleep Talk|p2a: Suicune
|move|p2a: Suicune|Scald|p1a: Clefable|[from]Sleep Talk
|-damage|p1a: Clefable|282\/394
|move|p1a: Clefable|Moonblast|p2a: Suicune
|-damage|p2a: Suicune|215\/404 slp
|
|-weather|Sandstorm|[upkeep]
|-damage|p2a: Suicune|190\/404 slp|[from] sandstorm
|-damage|p1a: Clefable|258\/394|[from] sandstorm
|-heal|p1a: Clefable|282\/394|[from] item: Leftovers
|turn|7
|
|switch|p2a: Mew|Mew|404\/404
|move|p1a: Clefable|Calm Mind|p1a: Clefable
|-boost|p1a: Clefable|spa|1
|-boost|p1a: Clefable|spd|1
|
|-weather|Sandstorm|[upkeep]
|-damage|p2a: Mew|379\/404|[from] sandstorm
|-damage|p1a: Clefable|258\/394|[from] sandstorm
|-heal|p2a: Mew|404\/404|[from] item: Leftovers
|-heal|p1a: Clefable|282\/394|[from] item: Leftovers
|turn|8
|
|move|p2a: Mew|Knock Off|p1a: Clefable
|-resisted|p1a: Clefable
|-damage|p1a: Clefable|247\/394
|-enditem|p1a: Clefable|Leftovers|[from] move: Knock Off|[of] p2a: Mew
|move|p1a: Clefable|Moonblast|p2a: Mew
|-damage|p2a: Mew|253\/404
|
|-weather|none
|-heal|p2a: Mew|278\/404|[from] item: Leftovers
|turn|9
|
|move|p2a: Mew|Will-O-Wisp|p1a: Clefable
|-status|p1a: Clefable|brn
|move|p1a: Clefable|Moonlight|p1a: Clefable
|-heal|p1a: Clefable|394\/394 brn
|
|-heal|p2a: Mew|303\/404|[from] item: Leftovers
|-damage|p1a: Clefable|345\/394 brn|[from] brn
|turn|10
|
|switch|p1a: Mew|Mew|404\/404
|-damage|p1a: Mew|354\/404|[from] Stealth Rock
|move|p2a: Mew|Bulk Up|p2a: Mew
|-boost|p2a: Mew|atk|1
|-boost|p2a: Mew|def|1
|
|-heal|p1a: Mew|379\/404|[from] item: Leftovers
|-heal|p2a: Mew|328\/404|[from] item: Leftovers
|turn|11
|
|move|p1a: Mew|Will-O-Wisp|p2a: Mew
|-status|p2a: Mew|brn
|-status|p1a: Mew|brn
|move|p2a: Mew|Bulk Up|p2a: Mew
|-boost|p2a: Mew|atk|1
|-boost|p2a: Mew|def|1
|
|-heal|p1a: Mew|404\/404 brn|[from] item: Leftovers
|-heal|p2a: Mew|353\/404 brn|[from] item: Leftovers
|-damage|p1a: Mew|354\/404 brn|[from] brn
|-damage|p2a: Mew|303\/404 brn|[from] brn
|turn|12
|
|move|p1a: Mew|Knock Off|p2a: Mew
|-supereffective|p2a: Mew
|-damage|p2a: Mew|263\/404 brn
|-enditem|p2a: Mew|Leftovers|[from] move: Knock Off|[of] p1a: Mew
|move|p2a: Mew|Baton Pass|p2a: Mew
|
|switch|p2a: Torterra|Torterra, M|394\/394
|
|-heal|p1a: Mew|379\/404 brn|[from] item: Leftovers
|-damage|p1a: Mew|329\/404 brn|[from] brn
|turn|13
|
|move|p1a: Mew|Will-O-Wisp|p2a: Torterra
|-status|p2a: Torterra|brn
|move|p2a: Torterra|Wood Hammer|p1a: Mew
|-damage|p1a: Mew|20\/404 brn
|-damage|p2a: Torterra|292\/394 brn|[from] recoil|[of] p1a: Mew
|
|-heal|p1a: Mew|45\/404 brn|[from] item: Leftovers
|-damage|p1a: Mew|0 fnt|[from] brn
|-damage|p2a: Torterra|243\/394 brn|[from] brn
|faint|p1a: Mew
|
|switch|p1a: Glalie|Glalie, M|301\/301
|-damage|p1a: Glalie|226\/301|[from] Stealth Rock
|turn|14
|
|switch|p2a: Tyranitar|Tyranitar, M|342\/404
|-weather|Sandstorm
|detailschange|p1a: Glalie|Glalie-Mega, M
|message|Glalie has Mega Evolved into Mega Glalie!
|move|p1a: Glalie|Body Slam|p2a: Tyranitar
|-damage|p2a: Tyranitar|176\/404
|
|-weather|Sandstorm|[upkeep]
|-damage|p1a: Glalie|208\/301|[from] sandstorm
|turn|15
|
|move|p2a: Tyranitar|Protect|p2a: Tyranitar
|-singleturn|p2a: Tyranitar|Protect
|move|p1a: Glalie|Earthquake|p2a: Tyranitar
|-activate|p2a: Tyranitar|Protect
|
|-weather|Sandstorm|[upkeep]
|-damage|p1a: Glalie|190\/301|[from] sandstorm
|turn|16
|
|move|p1a: Glalie|Earthquake|p2a: Tyranitar
|-supereffective|p2a: Tyranitar
|-damage|p2a: Tyranitar|0 fnt
|faint|p2a: Tyranitar
|
|-weather|Sandstorm|[upkeep]
|-damage|p1a: Glalie|172\/301|[from] sandstorm
|
|switch|p2a: Suicune|Suicune|190\/404 slp
|-ability|p2a: Suicune|Pressure
|turn|17
|
|move|p1a: Glalie|Earthquake|p2a: Suicune
|-damage|p2a: Suicune|119\/404 slp
|-curestatus|p2a: Suicune|slp
|move|p2a: Suicune|Rest|p2a: Suicune
|-status|p2a: Suicune|slp
|-heal|p2a: Suicune|404\/404 slp|[silent]
|-status|p2a: Suicune|slp|[from] move: Rest
|
|-weather|Sandstorm|[upkeep]
|-damage|p1a: Glalie|154\/301|[from] sandstorm
|-damage|p2a: Suicune|379\/404 slp|[from] sandstorm
|turn|18
|
|switch|p1a: Mandibuzz|Mandibuzz, F|405\/405
|-damage|p1a: Mandibuzz|304\/405|[from] Stealth Rock
|cant|p2a: Suicune|slp
|move|p2a: Suicune|Sleep Talk|p2a: Suicune
|move|p2a: Suicune|Rest|p2a: Suicune|[from]Sleep Talk
|-fail|p2a: Suicune
|
|-weather|none
|-heal|p1a: Mandibuzz|329\/405|[from] item: Leftovers
|turn|19
|
|cant|p2a: Suicune|slp
|move|p1a: Mandibuzz|Whirlwind|p2a: Suicune
|drag|p2a: Mew|Mew|263\/404 brn
|
|-heal|p1a: Mandibuzz|354\/405|[from] item: Leftovers
|-damage|p2a: Mew|213\/404 brn|[from] brn
|turn|20
|
|move|p2a: Mew|Knock Off|p1a: Mandibuzz
|-crit|p1a: Mandibuzz
|-resisted|p1a: Mandibuzz
|-damage|p1a: Mandibuzz|335\/405
|-enditem|p1a: Mandibuzz|Leftovers|[from] move: Knock Off|[of] p2a: Mew
|move|p1a: Mandibuzz|Roost|p1a: Mandibuzz
|-heal|p1a: Mandibuzz|405\/405
|
|-damage|p2a: Mew|163\/404 brn|[from] brn
|turn|21
|
|move|p2a: Mew|Will-O-Wisp|p1a: Mandibuzz
|-status|p1a: Mandibuzz|brn
|move|p1a: Mandibuzz|Defog|p2a: Mew
|-unboost|p2a: Mew|evasion|1
|-sideend|p1: ClashofDemonesense|Stealth Rock|[from] move: Defog|[of] p1a: Mandibuzz
|
|-damage|p2a: Mew|113\/404 brn|[from] brn
|-damage|p1a: Mandibuzz|355\/405 brn|[from] brn
|turn|22
|
|switch|p2a: Suicune|Suicune|379\/404 slp
|-ability|p2a: Suicune|Pressure
|move|p1a: Mandibuzz|Knock Off|p2a: Suicune
|-damage|p2a: Suicune|360\/404 slp
|
|-damage|p1a: Mandibuzz|305\/405 brn|[from] brn
|turn|23
|
|switch|p1a: Keldeo|Keldeo|323\/323
|-curestatus|p2a: Suicune|slp
|move|p2a: Suicune|Sleep Talk|p2a: Suicune
|-fail|p2a: Suicune
|
|turn|24
|
|move|p1a: Keldeo|Secret Sword|p2a: Suicune
|-damage|p2a: Suicune|200\/404
|move|p2a: Suicune|Calm Mind|p2a: Suicune
|-boost|p2a: Suicune|spa|1
|-boost|p2a: Suicune|spd|1
|
|turn|25
|
|move|p1a: Keldeo|Secret Sword|p2a: Suicune
|-damage|p2a: Suicune|55\/404
|move|p2a: Suicune|Scald|p1a: Keldeo
|-resisted|p1a: Keldeo
|-damage|p1a: Keldeo|251\/323
|
|turn|26
|
|move|p1a: Keldeo|Secret Sword|p2a: Suicune
|-damage|p2a: Suicune|0 fnt
|faint|p2a: Suicune
|
|
|switch|p2a: Alakazam|Alakazam, M|252\/252
|turn|27
|
|switch|p1a: Mandibuzz|Mandibuzz, F|305\/405 brn
|detailschange|p2a: Alakazam|Alakazam-Mega, M
|message|Alakazam has Mega Evolved into Mega Alakazam!
|-ability|p2a: Alakazam|Overcoat|[from] ability: Trace|[of] p1a: Mandibuzz
|move|p2a: Alakazam|Dazzling Gleam|p1a: Mandibuzz
|-supereffective|p1a: Mandibuzz
|-damage|p1a: Mandibuzz|83\/405 brn
|
|-damage|p1a: Mandibuzz|33\/405 brn|[from] brn
|turn|28
|
|move|p2a: Alakazam|Dazzling Gleam|p1a: Mandibuzz
|-supereffective|p1a: Mandibuzz
|-damage|p1a: Mandibuzz|0 fnt
|faint|p1a: Mandibuzz
|
|
|switch|p1a: Conkeldurr|Conkeldurr, F|330\/351
|turn|29
|
|switch|p2a: Ditto|Ditto|299\/299
|-transform|p2a: Ditto|p1a: Conkeldurr
|move|p1a: Conkeldurr|Knock Off|p2a: Ditto
|-crit|p2a: Ditto
|-resisted|p2a: Ditto
|-damage|p2a: Ditto|200\/299
|-enditem|p2a: Ditto|Choice Scarf|[from] move: Knock Off|[of] p1a: Conkeldurr
|
|turn|30
|
|switch|p1a: Clefable|Clefable, F|345\/394 brn
|move|p2a: Ditto|Knock Off|p1a: Clefable
|-resisted|p1a: Clefable
|-damage|p1a: Clefable|304\/394 brn
|
|-damage|p1a: Clefable|255\/394 brn|[from] brn
|turn|31
|
|move|p1a: Clefable|Moonblast|p2a: Ditto
|-supereffective|p2a: Ditto
|-damage|p2a: Ditto|0 fnt
|faint|p2a: Ditto
|
|-damage|p1a: Clefable|206\/394 brn|[from] brn
|
|switch|p2a: Alakazam|Alakazam-Mega, M|252\/252
|-ability|p2a: Alakazam|Unaware|[from] ability: Trace|[of] p1a: Clefable
|turn|32
|
|move|p2a: Alakazam|Psyshock|p1a: Clefable
|-damage|p1a: Clefable|50\/394 brn
|move|p1a: Clefable|Moonblast|p2a: Alakazam
|-damage|p2a: Alakazam|149\/252
|
|-damage|p1a: Clefable|1\/394 brn|[from] brn
|turn|33
|
|move|p2a: Alakazam|Dazzling Gleam|p1a: Clefable
|-damage|p1a: Clefable|0 fnt
|faint|p1a: Clefable
|
|
|switch|p1a: Conkeldurr|Conkeldurr, F|330\/351
|turn|34
|
|switch|p2a: Mew|Mew|113\/404 brn
|move|p1a: Conkeldurr|Drain Punch|p2a: Mew
|-resisted|p2a: Mew
|-damage|p2a: Mew|40\/404 brn
|-heal|p1a: Conkeldurr|351\/351|[from] drain|[of] p2a: Mew
|
|-damage|p2a: Mew|0 fnt|[from] brn
|faint|p2a: Mew
|
|switch|p2a: Torterra|Torterra, M|243\/394 brn
|turn|35
|
|switch|p1a: Keldeo|Keldeo|251\/323
|move|p2a: Torterra|Wood Hammer|p1a: Keldeo
|-supereffective|p1a: Keldeo
|-damage|p1a: Keldeo|0 fnt
|-damage|p2a: Torterra|160\/394 brn|[from] recoil|[of] p1a: Keldeo
|faint|p1a: Keldeo
|
|-damage|p2a: Torterra|111\/394 brn|[from] brn
|
|switch|p1a: Glalie|Glalie-Mega, M|154\/301
|turn|36
|
|move|p1a: Glalie|Body Slam|p2a: Torterra
|-supereffective|p2a: Torterra
|-damage|p2a: Torterra|0 fnt
|faint|p2a: Torterra
|
|
|switch|p2a: Alakazam|Alakazam-Mega, M|149\/252
|-ability|p2a: Alakazam|Refrigerate|[from] ability: Trace|[of] p1a: Glalie
|turn|37
|
|move|p1a: Glalie|Ice Shard|p2a: Alakazam
|-damage|p2a: Alakazam|59\/252
|move|p2a: Alakazam|Psychic|p1a: Glalie
|-damage|p1a: Glalie|0 fnt
|faint|p1a: Glalie
|
|
|switch|p1a: Conkeldurr|Conkeldurr, F|351\/351
|turn|38
|
|move|p2a: Alakazam|Psyshock|p1a: Conkeldurr
|-supereffective|p1a: Conkeldurr
|-damage|p1a: Conkeldurr|1\/351
|move|p1a: Conkeldurr|Knock Off|p2a: Alakazam
|-supereffective|p2a: Alakazam
|-damage|p2a: Alakazam|0 fnt
|faint|p2a: Alakazam
|
|win|ClashofDemonesense
|raw|Ladder updating...
|c|âqqqqw|huhuhutrd
|c|âqqqqw|gg
|raw|ClashofDemonesense's rating: 1343 &rarr; <strong>1366<\/strong><br \/>(+23 for winning)
|raw|qqqqw's rating: 1399 &rarr; <strong>1376<\/strong><br \/>(-23 for losing)
|c|âClashofDemonesense|gg
|leave|qqqqw
|player|p2