|join|FNESON
|join|qqqqw
|player|p1|FNESON|225
|player|p2|qqqqw|52
|gametype|singles
|gen|6
|tier|OU
|rated
|clearpoke
|poke|p1|Azumarill, F
|poke|p1|Hydreigon, F
|poke|p1|Heatran, F
|poke|p1|Conkeldurr, F
|poke|p1|Latias, F
|poke|p1|Landorus-Therian, M
|poke|p2|Absol, M
|poke|p2|Azumarill, M
|poke|p2|Breloom, M
|poke|p2|Garchomp, M
|poke|p2|Gardevoir, M
|poke|p2|Scizor, F
|rule|Swagger Clause: Swagger is banned
|rule|Baton Pass Clause: Limit one PokÃ©mon knowing Baton Pass
|rule|Sleep Clause Mod: Limit one foe put to sleep
|rule|Species Clause: Limit one of each PokÃ©mon
|rule|OHKO Clause: OHKO moves are banned
|rule|Moody Clause: Moody is banned
|rule|Evasion Moves Clause: Evasion moves are banned
|rule|Endless Battle Clause: Forcing endless battles is banned
|rule|HP Percentage Mod: HP is shown in percentages
|teampreview
|
|start
|switch|p1a: Landorus-Therian|Landorus-Therian, M|319\/319
|switch|p2a: Absol|Absol, M|271\/271
|-ability|p1a: Landorus-Therian|Intimidate|[of] p2a: Absol
|-unboost|p2a: Absol|atk|1
|-ability|p2a: Absol|Pressure
|turn|1
|
|detailschange|p2a: Absol|Absol-Mega, M
|-mega|p2a: Absol|Absol|Absolite
|move|p2a: Absol|Protect|p2a: Absol
|-singleturn|p2a: Absol|Protect
|move|p1a: Landorus-Therian|U-turn|p2a: Absol
|-activate|p2a: Absol|Protect
|
|turn|2
|
|move|p1a: Landorus-Therian|U-turn|p2a: Absol
|-supereffective|p2a: Absol
|-damage|p2a: Absol|9\/271
|
|switch|p1a: Conkeldurr|Conkeldurr, F|351\/351
|move|p2a: Absol|Ice Beam|p1a: Conkeldurr
|-damage|p1a: Conkeldurr|277\/351
|
|turn|3
|
|switch|p2a: Garchomp|Garchomp, M|420\/420
|move|p1a: Conkeldurr|Poison Jab|p2a: Garchomp
|-resisted|p2a: Garchomp
|-damage|p2a: Garchomp|362\/420
|-damage|p1a: Conkeldurr|234\/351|[from] ability: Rough Skin|[of] p2a: Garchomp
|-damage|p1a: Conkeldurr|176\/351|[from] item: Rocky Helmet|[of] p2a: Garchomp
|
|turn|4
|
|switch|p2a: Azumarill|Azumarill, M|404\/404
|move|p1a: Conkeldurr|Ice Punch|p2a: Azumarill
|-resisted|p2a: Azumarill
|-damage|p2a: Azumarill|347\/404
|
|turn|5
|
|move|p2a: Azumarill|Play Rough|p1a: Conkeldurr
|-supereffective|p1a: Conkeldurr
|-damage|p1a: Conkeldurr|0 fnt
|faint|p1a: Conkeldurr
|
|
|switch|p1a: Azumarill|Azumarill, F|360\/360
|turn|6
|
|move|p1a: Azumarill|Play Rough|p2a: Azumarill
|-damage|p2a: Azumarill|101\/404
|move|p2a: Azumarill|Play Rough|p1a: Azumarill
|-damage|p1a: Azumarill|18\/360
|-unboost|p1a: Azumarill|atk|1
|-enditem|p1a: Azumarill|Sitrus Berry|[eat]
|-heal|p1a: Azumarill|108\/360|[from] item: Sitrus Berry
|
|turn|7
|
|switch|p2a: Scizor|Scizor, F|311\/311
|move|p1a: Azumarill|Play Rough|p2a: Scizor
|-resisted|p2a: Scizor
|-damage|p2a: Scizor|250\/311
|
|turn|8
|
|switch|p1a: Landorus-Therian|Landorus-Therian, M|319\/319
|-ability|p1a: Landorus-Therian|Intimidate|[of] p2a: Scizor
|-unboost|p2a: Scizor|atk|1
|move|p2a: Scizor|Knock Off|p1a: Landorus-Therian
|-damage|p1a: Landorus-Therian|184\/319
|-enditem|p1a: Landorus-Therian|Choice Scarf|[from] move: Knock Off|[of] p2a: Scizor
|
|turn|9
|
|switch|p2a: Azumarill|Azumarill, M|101\/404
|move|p1a: Landorus-Therian|Earthquake|p2a: Azumarill
|-damage|p2a: Azumarill|0 fnt
|faint|p2a: Azumarill
|
|
|switch|p2a: Absol|Absol-Mega, M|9\/271
|turn|10
|
|switch|p1a: Azumarill|Azumarill, F|108\/360
|move|p2a: Absol|Ice Beam|p1a: Azumarill
|-resisted|p1a: Azumarill
|-damage|p1a: Azumarill|48\/360
|
|turn|11
|
|switch|p2a: Garchomp|Garchomp, M|362\/420
|move|p1a: Azumarill|Aqua Jet|p2a: Garchomp
|-damage|p2a: Garchomp|269\/420
|-damage|p1a: Azumarill|3\/360|[from] ability: Rough Skin|[of] p2a: Garchomp
|-damage|p1a: Azumarill|0 fnt|[from] item: Rocky Helmet|[of] p2a: Garchomp
|faint|p1a: Azumarill
|
|
|switch|p1a: Latias|Latias, F|301\/301
|turn|12
|
|switch|p2a: Scizor|Scizor, F|250\/311
|move|p1a: Latias|Draco Meteor|p2a: Scizor
|-resisted|p2a: Scizor
|-damage|p2a: Scizor|78\/311
|-unboost|p1a: Latias|spa|2
|-damage|p1a: Latias|271\/301|[from] item: Life Orb
|
|turn|13
|
|move|p1a: Latias|Draco Meteor|p2a: Scizor
|-resisted|p2a: Scizor
|-damage|p2a: Scizor|4\/311
|-unboost|p1a: Latias|spa|2
|-damage|p1a: Latias|241\/301|[from] item: Life Orb
|move|p2a: Scizor|Knock Off|p1a: Latias
|-supereffective|p1a: Latias
|-damage|p1a: Latias|0 fnt
|-enditem|p1a: Latias|Life Orb|[from] move: Knock Off|[of] p2a: Scizor
|faint|p1a: Latias
|
|c|âFNESON|ayee
|
|switch|p1a: Heatran|Heatran, F|323\/323
|turn|14
|
|switch|p2a: Gardevoir|Gardevoir, M|330\/330
|-ability|p2a: Gardevoir|Flash Fire|[from] ability: Trace|[of] p1a: Heatran
|move|p1a: Heatran|Stealth Rock|p2a: Gardevoir
|-sidestart|p2: qqqqw|move: Stealth Rock
|
|turn|15
|
|move|p2a: Gardevoir|Calm Mind|p2a: Gardevoir
|-boost|p2a: Gardevoir|spa|1
|-boost|p2a: Gardevoir|spd|1
|move|p1a: Heatran|Toxic|p2a: Gardevoir
|-status|p2a: Gardevoir|tox
|
|-damage|p2a: Gardevoir|310\/330 tox|[from] psn
|turn|16
|
|move|p2a: Gardevoir|Thunder Wave|p1a: Heatran
|-status|p1a: Heatran|par
|move|p1a: Heatran|Taunt|p2a: Gardevoir
|-start|p2a: Gardevoir|move: Taunt
|
|-heal|p2a: Gardevoir|330\/330 tox|[from] item: Leftovers
|-damage|p2a: Gardevoir|290\/330 tox|[from] psn
|turn|17
|
|switch|p2a: Garchomp|Garchomp, M|269\/420
|-damage|p2a: Garchomp|243\/420|[from] Stealth Rock
|move|p1a: Heatran|Magma Storm|p2a: Garchomp
|-resisted|p2a: Garchomp
|-damage|p2a: Garchomp|150\/420
|-activate|p2a: Garchomp|move: Magma Storm|[of] p1a: Heatran
|
|-damage|p2a: Garchomp|98\/420|[from] move: Magma Storm|[partiallytrapped]
|turn|18
|
|switch|p1a: Landorus-Therian|Landorus-Therian, M|184\/319
|-ability|p1a: Landorus-Therian|Intimidate|[of] p2a: Garchomp
|-unboost|p2a: Garchomp|atk|1
|move|p2a: Garchomp|Earthquake|p1a: Landorus-Therian
|-immune|p1a: Landorus-Therian|[msg]
|
|-end|p2a: Garchomp|Magma Storm|[partiallytrapped]
|turn|19
|
|move|p2a: Garchomp|Stealth Rock|p1a: Landorus-Therian
|-sidestart|p1: FNESON|move: Stealth Rock
|move|p1a: Landorus-Therian|Earthquake|p2a: Garchomp
|-damage|p2a: Garchomp|0 fnt
|faint|p2a: Garchomp
|
|
|switch|p2a: Gardevoir|Gardevoir, M|290\/330 tox
|-damage|p2a: Gardevoir|249\/330 tox|[from] Stealth Rock
|-ability|p2a: Gardevoir|Intimidate|[from] ability: Trace|[of] p1a: Landorus-Therian
|-ability|p2a: Gardevoir|Intimidate|[of] p1a: Landorus-Therian
|-unboost|p1a: Landorus-Therian|atk|1
|turn|20
|
|switch|p1a: Heatran|Heatran, F|323\/323 par
|-damage|p1a: Heatran|283\/323 par|[from] Stealth Rock
|switch|p2a: Scizor|Scizor, F|4\/311
|-damage|p2a: Scizor|0 fnt|[from] Stealth Rock
|faint|p2a: Scizor
|
|-heal|p1a: Heatran|303\/323 par|[from] item: Leftovers
|
|switch|p2a: Breloom|Breloom, M|262\/262
|-damage|p2a: Breloom|246\/262|[from] Stealth Rock
|turn|21
|
|move|p2a: Breloom|Mach Punch|p1a: Heatran
|-supereffective|p1a: Heatran
|-damage|p1a: Heatran|85\/323 par
|move|p1a: Heatran|Magma Storm|p2a: Breloom
|-supereffective|p2a: Breloom
|-damage|p2a: Breloom|0 fnt
|faint|p2a: Breloom
|
|-heal|p1a: Heatran|105\/323 par|[from] item: Leftovers
|
|switch|p2a: Gardevoir|Gardevoir, M|249\/330 tox
|-damage|p2a: Gardevoir|208\/330 tox|[from] Stealth Rock
|-ability|p2a: Gardevoir|Flash Fire|[from] ability: Trace|[of] p1a: Heatran
|turn|22
|
|move|p2a: Gardevoir|Calm Mind|p2a: Gardevoir
|-boost|p2a: Gardevoir|spa|1
|-boost|p2a: Gardevoir|spd|1
|move|p1a: Heatran|Taunt|p2a: Gardevoir
|-start|p2a: Gardevoir|move: Taunt
|
|-heal|p2a: Gardevoir|228\/330 tox|[from] item: Leftovers
|-heal|p1a: Heatran|125\/323 par|[from] item: Leftovers
|-damage|p2a: Gardevoir|208\/330 tox|[from] psn
|turn|23
|
|move|p2a: Gardevoir|Moonblast|p1a: Heatran
|-resisted|p1a: Heatran
|-damage|p1a: Heatran|78\/323 par
|-unboost|p1a: Heatran|spa|1
|cant|p1a: Heatran|par
|
|-heal|p2a: Gardevoir|228\/330 tox|[from] item: Leftovers
|-heal|p1a: Heatran|98\/323 par|[from] item: Leftovers
|-damage|p2a: Gardevoir|188\/330 tox|[from] psn
|turn|24
|
|move|p2a: Gardevoir|Moonblast|p1a: Heatran
|-resisted|p1a: Heatran
|-damage|p1a: Heatran|50\/323 par
|-unboost|p1a: Heatran|spa|1
|move|p1a: Heatran|Toxic|p2a: Gardevoir
|-fail|p2a: Gardevoir|tox
|
|-heal|p2a: Gardevoir|208\/330 tox|[from] item: Leftovers
|-heal|p1a: Heatran|70\/323 par|[from] item: Leftovers
|-damage|p2a: Gardevoir|148\/330 tox|[from] psn
|turn|25
|
|move|p2a: Gardevoir|Moonblast|p1a: Heatran
|-resisted|p1a: Heatran
|-damage|p1a: Heatran|25\/323 par
|move|p1a: Heatran|Toxic|p2a: Gardevoir|[miss]
|-miss|p1a: Heatran|p2a: Gardevoir
|
|-heal|p2a: Gardevoir|168\/330 tox|[from] item: Leftovers
|-heal|p1a: Heatran|45\/323 par|[from] item: Leftovers
|-damage|p2a: Gardevoir|88\/330 tox|[from] psn
|-end|p2a: Gardevoir|move: Taunt
|turn|26
|
|move|p2a: Gardevoir|Moonblast|p1a: Heatran
|-resisted|p1a: Heatran
|-damage|p1a: Heatran|0 fnt
|faint|p1a: Heatran
|
|-heal|p2a: Gardevoir|108\/330 tox|[from] item: Leftovers
|-damage|p2a: Gardevoir|8\/330 tox|[from] psn
|
|switch|p1a: Hydreigon|Hydreigon, F|339\/339
|-damage|p1a: Hydreigon|297\/339|[from] Stealth Rock
|turn|27
|
|move|p1a: Hydreigon|Dark Pulse|p2a: Gardevoir
|-damage|p2a: Gardevoir|0 fnt
|-damage|p1a: Hydreigon|264\/339|[from] item: Life Orb
|faint|p2a: Gardevoir
|
|
|switch|p2a: Absol|Absol-Mega, M|9\/271
|-damage|p2a: Absol|0 fnt|[from] Stealth Rock
|faint|p2a: Absol
|
|win|FNESON
|raw|Ladder updating...
|raw|FNESON's rating: 1645 &rarr; <strong>1660<\/strong><br \/>(+15 for winning)
|raw|qqqqw's rating: 1543 &rarr; <strong>1529<\/strong><br \/>(-14 for losing)
|leave|FNESON