|join|gengon
|join|qqqqw
|player|p1|gengon|286
|player|p2|qqqqw|52
|gametype|singles
|gen|6
|tier|OU
|rated
|clearpoke
|poke|p1|Landorus-Therian, M
|poke|p1|Greninja, F
|poke|p1|Bisharp, F
|poke|p1|Venusaur, F
|poke|p1|Rotom-Wash
|poke|p1|Hawlucha, F
|poke|p2|Regice
|poke|p2|Hippowdon, F
|poke|p2|Mienshao, M
|poke|p2|Empoleon, M
|poke|p2|Gyarados, M
|poke|p2|Dragonite, F
|rule|Swagger Clause: Swagger is banned
|rule|Baton Pass Clause: Limit one PokÃ©mon knowing Baton Pass
|rule|Sleep Clause Mod: Limit one foe put to sleep
|rule|Species Clause: Limit one of each PokÃ©mon
|rule|OHKO Clause: OHKO moves are banned
|rule|Moody Clause: Moody is banned
|rule|Evasion Moves Clause: Evasion moves are banned
|rule|Endless Battle Clause: Forcing endless battles is banned
|rule|HP Percentage Mod: HP is shown in percentages
|teampreview
|c|âgengon|interesting team
|
|start
|switch|p1a: Venusaur|Venusaur, F|364\/364
|switch|p2a: Dragonite|Dragonite, F|324\/324
|turn|1
|
|switch|p2a: Regice|Regice|358\/358
|detailschange|p1a: Venusaur|Venusaur-Mega, F
|message|Venusaur has Mega Evolved into Mega Venusaur!
|move|p1a: Venusaur|Sludge Bomb|p2a: Regice
|-crit|p2a: Regice
|-damage|p2a: Regice|240\/358
|
|turn|2
|
|switch|p1a: Rotom-Wash|Rotom-Wash|304\/304
|move|p2a: Regice|Ice Beam|p1a: Rotom-Wash
|-resisted|p1a: Rotom-Wash
|-damage|p1a: Rotom-Wash|257\/304
|
|-heal|p1a: Rotom-Wash|276\/304|[from] item: Leftovers
|turn|3
|
|move|p1a: Rotom-Wash|Will-O-Wisp|p2a: Regice
|-status|p2a: Regice|brn
|move|p2a: Regice|Ice Beam|p1a: Rotom-Wash
|-resisted|p1a: Rotom-Wash
|-damage|p1a: Rotom-Wash|233\/304
|
|-heal|p1a: Rotom-Wash|252\/304|[from] item: Leftovers
|-damage|p2a: Regice|196\/358 brn|[from] brn
|turn|4
|
|move|p1a: Rotom-Wash|Volt Switch|p2a: Regice
|-damage|p2a: Regice|156\/358 brn
|
|switch|p1a: Bisharp|Bisharp, F|272\/272
|move|p2a: Regice|Ice Beam|p1a: Bisharp
|-crit|p1a: Bisharp
|-resisted|p1a: Bisharp
|-damage|p1a: Bisharp|146\/272
|
|-damage|p2a: Regice|112\/358 brn|[from] brn
|turn|5
|
|switch|p2a: Hippowdon|Hippowdon, F|420\/420
|move|p1a: Bisharp|Swords Dance|p1a: Bisharp
|-boost|p1a: Bisharp|atk|2
|
|turn|6
|
|move|p1a: Bisharp|Knock Off|p2a: Hippowdon
|-damage|p2a: Hippowdon|104\/420
|-damage|p1a: Bisharp|101\/272|[from] item: Rocky Helmet|[of] p2a: Hippowdon
|-enditem|p2a: Hippowdon|Rocky Helmet|[from] move: Knock Off|[of] p1a: Bisharp
|-damage|p1a: Bisharp|74\/272|[from] item: Life Orb
|move|p2a: Hippowdon|Stealth Rock|p1a: Bisharp
|-sidestart|p1: gengon|move: Stealth Rock
|
|turn|7
|
|move|p1a: Bisharp|Iron Head|p2a: Hippowdon
|-damage|p2a: Hippowdon|0 fnt
|-damage|p1a: Bisharp|47\/272|[from] item: Life Orb
|faint|p2a: Hippowdon
|
|
|switch|p2a: Gyarados|Gyarados, M|362\/362
|-ability|p2a: Gyarados|Intimidate|[of] p1a: Bisharp
|-unboost|p1a: Bisharp|atk|1
|-boost|p1a: Bisharp|atk|2|[from] ability: Defiant
|turn|8
|
|move|p2a: Gyarados|Substitute|p2a: Gyarados
|-start|p2a: Gyarados|Substitute
|-damage|p2a: Gyarados|272\/362
|move|p1a: Bisharp|Knock Off|p2a: Gyarados
|-end|p2a: Gyarados|Substitute
|-damage|p1a: Bisharp|20\/272|[from] item: Life Orb
|
|turn|9
|c|âgengon|i have not sucker punch
|c|âgengon|http:\/\/puu.sh\/c09qC\/7b492adac9.png
|
|move|p2a: Gyarados|Substitute|p2a: Gyarados
|-start|p2a: Gyarados|Substitute
|-damage|p2a: Gyarados|182\/362
|move|p1a: Bisharp|Knock Off|p2a: Gyarados
|-end|p2a: Gyarados|Substitute
|-damage|p1a: Bisharp|0 fnt|[from] item: Life Orb
|faint|p1a: Bisharp
|
|
|switch|p1a: Rotom-Wash|Rotom-Wash|252\/304
|-damage|p1a: Rotom-Wash|214\/304|[from] Stealth Rock
|turn|10
|
|switch|p2a: Regice|Regice|112\/358 brn
|move|p1a: Rotom-Wash|Volt Switch|p2a: Regice
|-damage|p2a: Regice|64\/358 brn
|
|switch|p1a: Venusaur|Venusaur-Mega, F|364\/364
|-damage|p1a: Venusaur|319\/364|[from] Stealth Rock
|
|-damage|p2a: Regice|20\/358 brn|[from] brn
|turn|11
|
|move|p1a: Venusaur|Giga Drain|p2a: Regice
|-damage|p2a: Regice|0 fnt
|-heal|p1a: Venusaur|329\/364|[from] drain|[of] p2a: Regice
|faint|p2a: Regice
|
|
|switch|p2a: Empoleon|Empoleon, M|372\/372
|turn|12
|
|move|p1a: Venusaur|Giga Drain|p2a: Empoleon
|-crit|p2a: Empoleon
|-damage|p2a: Empoleon|153\/372
|-heal|p1a: Venusaur|364\/364|[from] drain|[of] p2a: Empoleon
|move|p2a: Empoleon|Scald|p1a: Venusaur
|-resisted|p1a: Venusaur
|-damage|p1a: Venusaur|287\/364
|-status|p1a: Venusaur|brn
|
|-damage|p1a: Venusaur|242\/364 brn|[from] brn
|turn|13
|
|switch|p2a: Dragonite|Dragonite, F|324\/324
|move|p1a: Venusaur|Giga Drain|p2a: Dragonite
|-resisted|p2a: Dragonite
|-damage|p2a: Dragonite|308\/324
|-heal|p1a: Venusaur|250\/364 brn|[from] drain|[of] p2a: Dragonite
|
|-damage|p1a: Venusaur|205\/364 brn|[from] brn
|turn|14
|
|move|p2a: Dragonite|Dragon Pulse|p1a: Venusaur
|-damage|p1a: Venusaur|105\/364 brn
|move|p1a: Venusaur|Sludge Bomb|p2a: Dragonite
|-damage|p2a: Dragonite|146\/324
|
|-damage|p1a: Venusaur|60\/364 brn|[from] brn
|turn|15
|
|move|p2a: Dragonite|Dragon Pulse|p1a: Venusaur
|-damage|p1a: Venusaur|0 fnt
|faint|p1a: Venusaur
|
|
|switch|p1a: Rotom-Wash|Rotom-Wash|214\/304
|-damage|p1a: Rotom-Wash|176\/304|[from] Stealth Rock
|turn|16
|
|move|p2a: Dragonite|Dragon Pulse|p1a: Rotom-Wash
|-damage|p1a: Rotom-Wash|86\/304
|move|p1a: Rotom-Wash|Will-O-Wisp|p2a: Dragonite
|-status|p2a: Dragonite|brn
|
|-heal|p1a: Rotom-Wash|105\/304|[from] item: Leftovers
|-damage|p2a: Dragonite|106\/324 brn|[from] brn
|turn|17
|
|move|p2a: Dragonite|Dragon Pulse|p1a: Rotom-Wash
|-damage|p1a: Rotom-Wash|18\/304
|move|p1a: Rotom-Wash|Volt Switch|p2a: Dragonite
|-damage|p2a: Dragonite|15\/324 brn
|
|switch|p1a: Hawlucha|Hawlucha, F|300\/300
|-damage|p1a: Hawlucha|263\/300|[from] Stealth Rock
|
|-damage|p2a: Dragonite|0 fnt|[from] brn
|faint|p2a: Dragonite
|
|switch|p2a: Gyarados|Gyarados, M|182\/362
|-ability|p2a: Gyarados|Intimidate|[of] p1a: Hawlucha
|-unboost|p1a: Hawlucha|atk|1
|turn|18
|
|detailschange|p2a: Gyarados|Gyarados-Mega, M
|message|Gyarados has Mega Evolved into Mega Gyarados!
|-ability|p2a: Gyarados|Mold Breaker
|move|p1a: Hawlucha|Swords Dance|p1a: Hawlucha
|-boost|p1a: Hawlucha|atk|2
|move|p2a: Gyarados|Dragon Dance|p2a: Gyarados
|-boost|p2a: Gyarados|atk|1
|-boost|p2a: Gyarados|spe|1
|
|turn|19
|
|move|p2a: Gyarados|Waterfall|p1a: Hawlucha
|-damage|p1a: Hawlucha|0 fnt
|faint|p1a: Hawlucha
|
|
|switch|p1a: Landorus-Therian|Landorus-Therian, M|382\/382
|-damage|p1a: Landorus-Therian|335\/382|[from] Stealth Rock
|-ability|p1a: Landorus-Therian|Intimidate|[of] p2a: Gyarados
|-unboost|p2a: Gyarados|atk|1
|turn|20
|c|âgengon|rekt
|
|move|p2a: Gyarados|Waterfall|p1a: Landorus-Therian
|-supereffective|p1a: Landorus-Therian
|-damage|p1a: Landorus-Therian|57\/382
|cant|p1a: Landorus-Therian|flinch
|
|-heal|p1a: Landorus-Therian|80\/382|[from] item: Leftovers
|turn|21
|c|âgengon|gg
|-message|gengon forfeited.
|
|win|qqqqw
|raw|Ladder updating...
|raw|gengon's rating: 1691 &rarr; <strong>1664<\/strong><br \/>(-27 for losing)
|raw|qqqqw's rating: 1555 &rarr; <strong>1582<\/strong><br \/>(+27 for winning)
|leave|gengon
|player|p1