|join|Feral Mutant
|join|qqqqw
|player|p1|Feral Mutant|137
|player|p2|qqqqw|52
|gametype|singles
|gen|6
|tier|OU
|rated
|clearpoke
|poke|p1|Espeon, M
|poke|p1|Yanmega, M
|poke|p1|Smeargle, M
|poke|p1|Mamoswine, M
|poke|p1|Clefable, F
|poke|p1|Jellicent, M
|poke|p2|Regice
|poke|p2|Clefable, F
|poke|p2|Dragonite, M
|poke|p2|Gyarados, M
|poke|p2|Mienshao, F
|poke|p2|Tentacruel, F
|rule|Swagger Clause: Swagger is banned
|rule|Baton Pass Clause: Limit one PokÃ©mon knowing Baton Pass
|rule|Sleep Clause Mod: Limit one foe put to sleep
|rule|Species Clause: Limit one of each PokÃ©mon
|rule|OHKO Clause: OHKO moves are banned
|rule|Moody Clause: Moody is banned
|rule|Evasion Moves Clause: Evasion moves are banned
|rule|Endless Battle Clause: Forcing endless battles is banned
|rule|HP Percentage Mod: HP is shown in percentages
|teampreview
|
|start
|switch|p1a: Smeargle|Smeargle, M|251\/251
|switch|p2a: Mienshao|Mienshao, F|271\/271
|turn|1
|
|switch|p1a: Jellicent|Jellicent, M|378\/378
|move|p2a: Mienshao|U-turn|p1a: Jellicent
|-resisted|p1a: Jellicent
|-damage|p1a: Jellicent|332\/378
|
|switch|p2a: Tentacruel|Tentacruel, F|364\/364
|
|-heal|p1a: Jellicent|355\/378|[from] item: Leftovers
|turn|2
|
|switch|p1a: Espeon|Espeon, M|316\/316
|move|p2a: Tentacruel|Knock Off|p1a: Espeon
|-supereffective|p1a: Espeon
|-damage|p1a: Espeon|174\/316
|-enditem|p1a: Espeon|Leftovers|[from] move: Knock Off|[of] p2a: Tentacruel
|
|turn|3
|
|switch|p2a: Regice|Regice|364\/364
|move|p1a: Espeon|Psychic|p2a: Regice
|-damage|p2a: Regice|289\/364
|
|turn|4
|
|switch|p1a: Jellicent|Jellicent, M|355\/378
|move|p2a: Regice|Ice Beam|p1a: Jellicent
|-resisted|p1a: Jellicent
|-damage|p1a: Jellicent|296\/378
|
|-heal|p1a: Jellicent|319\/378|[from] item: Leftovers
|turn|5
|
|switch|p2a: Tentacruel|Tentacruel, F|364\/364
|move|p1a: Jellicent|Will-O-Wisp|p2a: Tentacruel|[miss]
|-miss|p1a: Jellicent|p2a: Tentacruel
|
|-heal|p1a: Jellicent|342\/378|[from] item: Leftovers
|turn|6
|
|move|p2a: Tentacruel|Knock Off|p1a: Jellicent
|-crit|p1a: Jellicent
|-supereffective|p1a: Jellicent
|-damage|p1a: Jellicent|168\/378
|-enditem|p1a: Jellicent|Leftovers|[from] move: Knock Off|[of] p2a: Tentacruel
|move|p1a: Jellicent|Will-O-Wisp|p2a: Tentacruel
|-status|p2a: Tentacruel|brn
|
|-damage|p2a: Tentacruel|319\/364 brn|[from] brn
|turn|7
|
|move|p2a: Tentacruel|Confuse Ray|p1a: Jellicent
|-start|p1a: Jellicent|confusion
|-activate|p1a: Jellicent|confusion
|-damage|p1a: Jellicent|149\/378|[from] confusion
|
|-heal|p2a: Tentacruel|341\/364 brn|[from] item: Black Sludge
|-damage|p2a: Tentacruel|296\/364 brn|[from] brn
|turn|8
|
|switch|p2a: Gyarados|Gyarados, M|355\/355
|-ability|p2a: Gyarados|Intimidate|[of] p1a: Jellicent
|-unboost|p1a: Jellicent|atk|1
|-activate|p1a: Jellicent|confusion
|-damage|p1a: Jellicent|135\/378|[from] confusion
|
|turn|9
|
|move|p2a: Gyarados|Substitute|p2a: Gyarados
|-start|p2a: Gyarados|Substitute
|-damage|p2a: Gyarados|267\/355
|-activate|p1a: Jellicent|confusion
|move|p1a: Jellicent|Will-O-Wisp|p2a: Gyarados
|
|turn|10
|
|move|p2a: Gyarados|Dragon Dance|p2a: Gyarados
|-boost|p2a: Gyarados|atk|1
|-boost|p2a: Gyarados|spe|1
|-activate|p1a: Jellicent|confusion
|move|p1a: Jellicent|Shadow Ball|p2a: Gyarados
|-end|p2a: Gyarados|Substitute
|
|turn|11
|
|detailschange|p2a: Gyarados|Gyarados-Mega, M
|message|Gyarados has Mega Evolved into Mega Gyarados!
|-ability|p2a: Gyarados|Mold Breaker
|move|p2a: Gyarados|Substitute|p2a: Gyarados
|-start|p2a: Gyarados|Substitute
|-damage|p2a: Gyarados|179\/355
|-end|p1a: Jellicent|confusion
|move|p1a: Jellicent|Shadow Ball|p2a: Gyarados
|-resisted|p2a: Gyarados
|-activate|p2a: Gyarados|Substitute|[damage]
|
|turn|12
|
|move|p2a: Gyarados|Dragon Dance|p2a: Gyarados
|-boost|p2a: Gyarados|atk|1
|-boost|p2a: Gyarados|spe|1
|move|p1a: Jellicent|Shadow Ball|p2a: Gyarados
|-resisted|p2a: Gyarados
|-activate|p2a: Gyarados|Substitute|[damage]
|
|turn|13
|
|move|p2a: Gyarados|Earthquake|p1a: Jellicent
|-damage|p1a: Jellicent|0 fnt
|faint|p1a: Jellicent
|
|
|switch|p1a: Yanmega|Yanmega, M|344\/344
|turn|14
|
|move|p2a: Gyarados|Waterfall|p1a: Yanmega
|-damage|p1a: Yanmega|0 fnt
|faint|p1a: Yanmega
|
|-message|Feral Mutant forfeited.
|
|win|qqqqw
|raw|Ladder updating...
|leave|Feral Mutant
|player|p1