|join|Sandnigg123
|join|qqqqw
|player|p1|Sandnigg123|265
|player|p2|qqqqw|52
|gametype|singles
|gen|6
|tier|OU
|rated
|clearpoke
|poke|p1|Greninja, F
|poke|p1|Dragonite, M
|poke|p1|Excadrill, M
|poke|p1|Bisharp, M
|poke|p1|Diggersby, M
|poke|p1|Lopunny, M
|poke|p2|Absol, F
|poke|p2|Azumarill, F
|poke|p2|Breloom, M
|poke|p2|Garchomp, F
|poke|p2|Gardevoir, M
|poke|p2|Scizor, M
|rule|Swagger Clause: Swagger is banned
|rule|Baton Pass Clause: Limit one PokÃ©mon knowing Baton Pass
|rule|Sleep Clause Mod: Limit one foe put to sleep
|rule|Species Clause: Limit one of each PokÃ©mon
|rule|OHKO Clause: OHKO moves are banned
|rule|Moody Clause: Moody is banned
|rule|Evasion Moves Clause: Evasion moves are banned
|rule|Endless Battle Clause: Forcing endless battles is banned
|rule|HP Percentage Mod: HP is shown in percentages
|teampreview
|
|start
|switch|p1a: Lopunny|Lopunny, M|272\/272
|switch|p2a: Absol|Absol, F|271\/271
|-ability|p2a: Absol|Pressure
|turn|1
|
|detailschange|p1a: Lopunny|Lopunny-Mega, M
|-mega|p1a: Lopunny|Lopunny|Lopunnite
|detailschange|p2a: Absol|Absol-Mega, F
|-mega|p2a: Absol|Absol|Absolite
|move|p2a: Absol|Protect|p2a: Absol
|-singleturn|p2a: Absol|Protect
|move|p1a: Lopunny|High Jump Kick|p2a: Absol
|-activate|p2a: Absol|Protect
|-damage|p1a: Lopunny|136\/272|[from] highjumpkick
|
|turn|2
|
|switch|p2a: Garchomp|Garchomp, F|420\/420
|move|p1a: Lopunny|Return|p2a: Garchomp
|-crit|p2a: Garchomp
|-damage|p2a: Garchomp|111\/420
|-damage|p1a: Lopunny|102\/272|[from] ability: Rough Skin|[of] p2a: Garchomp
|-damage|p1a: Lopunny|57\/272|[from] item: Rocky Helmet|[of] p2a: Garchomp
|
|turn|3
|
|switch|p2a: Azumarill|Azumarill, F|404\/404
|move|p1a: Lopunny|Return|p2a: Azumarill
|-damage|p2a: Azumarill|188\/404
|
|turn|4
|
|switch|p1a: Greninja|Greninja, F|285\/285
|move|p2a: Azumarill|Aqua Jet|p1a: Greninja
|-resisted|p1a: Greninja
|-damage|p1a: Greninja|196\/285
|
|turn|5
|
|switch|p2a: Gardevoir|Gardevoir, M|330\/330
|-ability|p2a: Gardevoir|Protean|[from] ability: Trace|[of] p1a: Greninja
|move|p1a: Greninja|Spikes|p2a: Gardevoir
|-start|p1a: Greninja|typechange|Ground|[from] Protean
|-sidestart|p2: qqqqw|Spikes
|
|turn|6
|
|switch|p1a: Excadrill|Excadrill, M|362\/362
|-ability|p1a: Excadrill|Mold Breaker
|move|p2a: Gardevoir|Moonblast|p1a: Excadrill
|-start|p2a: Gardevoir|typechange|Fairy|[from] Protean
|-resisted|p1a: Excadrill
|-damage|p1a: Excadrill|263\/362
|-unboost|p1a: Excadrill|spa|1
|
|turn|7
|
|switch|p2a: Garchomp|Garchomp, F|111\/420
|-damage|p2a: Garchomp|59\/420|[from] Spikes
|move|p1a: Excadrill|Stealth Rock|p2a: Garchomp
|-sidestart|p2: qqqqw|move: Stealth Rock
|
|turn|8
|
|move|p2a: Garchomp|Stealth Rock|p1a: Excadrill
|-sidestart|p1: Sandnigg123|move: Stealth Rock
|move|p1a: Excadrill|Earthquake|p2a: Garchomp
|-damage|p2a: Garchomp|0 fnt
|faint|p2a: Garchomp
|
|
|switch|p2a: Azumarill|Azumarill, F|188\/404
|-damage|p2a: Azumarill|138\/404|[from] Stealth Rock
|-damage|p2a: Azumarill|88\/404|[from] Spikes
|turn|9
|
|move|p2a: Azumarill|Aqua Jet|p1a: Excadrill
|-supereffective|p1a: Excadrill
|-damage|p1a: Excadrill|0 fnt
|faint|p1a: Excadrill
|
|
|switch|p1a: Greninja|Greninja, F|196\/285
|-damage|p1a: Greninja|161\/285|[from] Stealth Rock
|turn|10
|
|move|p2a: Azumarill|Aqua Jet|p1a: Greninja
|-resisted|p1a: Greninja
|-damage|p1a: Greninja|65\/285
|move|p1a: Greninja|Spikes|p2a: Azumarill
|-start|p1a: Greninja|typechange|Ground|[from] Protean
|-sidestart|p2: qqqqw|Spikes
|
|turn|11
|
|move|p2a: Azumarill|Aqua Jet|p1a: Greninja
|-supereffective|p1a: Greninja
|-damage|p1a: Greninja|0 fnt
|faint|p1a: Greninja
|
|
|switch|p1a: Diggersby|Diggersby, M|311\/311
|-damage|p1a: Diggersby|292\/311|[from] Stealth Rock
|turn|12
|
|switch|p2a: Scizor|Scizor, M|311\/311
|-damage|p2a: Scizor|273\/311|[from] Stealth Rock
|-damage|p2a: Scizor|222\/311|[from] Spikes
|move|p1a: Diggersby|Quick Attack|p2a: Scizor
|-resisted|p2a: Scizor
|-damage|p2a: Scizor|160\/311
|-damage|p1a: Diggersby|261\/311|[from] item: Life Orb
|
|turn|13
|
|move|p2a: Scizor|Bullet Punch|p1a: Diggersby
|-damage|p1a: Diggersby|45\/311
|move|p1a: Diggersby|Earthquake|p2a: Scizor
|-damage|p2a: Scizor|0 fnt
|-damage|p1a: Diggersby|14\/311|[from] item: Life Orb
|faint|p2a: Scizor
|
|
|switch|p2a: Azumarill|Azumarill, F|88\/404
|-damage|p2a: Azumarill|38\/404|[from] Stealth Rock
|-damage|p2a: Azumarill|0 fnt|[from] Spikes
|faint|p2a: Azumarill
|
|switch|p2a: Gardevoir|Gardevoir, M|330\/330
|-damage|p2a: Gardevoir|289\/330|[from] Stealth Rock
|-damage|p2a: Gardevoir|234\/330|[from] Spikes
|-ability|p2a: Gardevoir|Huge Power|[from] ability: Trace|[of] p1a: Diggersby
|turn|14
|
|switch|p1a: Bisharp|Bisharp, M|271\/271
|-damage|p1a: Bisharp|255\/271|[from] Stealth Rock
|move|p2a: Gardevoir|Moonblast|p1a: Bisharp
|-damage|p1a: Bisharp|81\/271
|
|-heal|p2a: Gardevoir|254\/330|[from] item: Leftovers
|turn|15
|
|move|p2a: Gardevoir|Moonblast|p1a: Bisharp
|-damage|p1a: Bisharp|0 fnt
|faint|p1a: Bisharp
|
|-heal|p2a: Gardevoir|274\/330|[from] item: Leftovers
|
|switch|p1a: Lopunny|Lopunny-Mega, M|57\/272
|-damage|p1a: Lopunny|40\/272|[from] Stealth Rock
|turn|16
|
|move|p1a: Lopunny|Fake Out|p2a: Gardevoir
|-damage|p2a: Gardevoir|183\/330
|cant|p2a: Gardevoir|flinch
|
|-heal|p2a: Gardevoir|203\/330|[from] item: Leftovers
|turn|17
|
|move|p1a: Lopunny|Return|p2a: Gardevoir
|-damage|p2a: Gardevoir|0 fnt
|faint|p2a: Gardevoir
|
|
|switch|p2a: Breloom|Breloom, M|262\/262
|-damage|p2a: Breloom|246\/262|[from] Stealth Rock
|-damage|p2a: Breloom|203\/262|[from] Spikes
|turn|18
|
|switch|p1a: Diggersby|Diggersby, M|14\/311
|-damage|p1a: Diggersby|0 fnt|[from] Stealth Rock
|faint|p1a: Diggersby
|move|p2a: Breloom|Bullet Seed|p1: Diggersby|[notarget]
|-notarget
|
|
|switch|p1a: Dragonite|Dragonite, M|323\/323
|-damage|p1a: Dragonite|243\/323|[from] Stealth Rock
|turn|19
|
|move|p1a: Dragonite|Extreme Speed|p2a: Breloom
|-damage|p2a: Breloom|20\/262
|move|p2a: Breloom|Spore|p1a: Dragonite
|-status|p1a: Dragonite|slp
|
|turn|20
|
|cant|p1a: Dragonite|slp
|move|p2a: Breloom|Bullet Seed|p1a: Dragonite
|-resisted|p1a: Dragonite
|-damage|p1a: Dragonite|226\/323 slp
|-crit|p1a: Dragonite
|-resisted|p1a: Dragonite
|-damage|p1a: Dragonite|199\/323 slp
|-hitcount|p1a: Dragonite|2
|
|turn|21
|
|cant|p1a: Dragonite|slp
|move|p2a: Breloom|Bullet Seed|p1a: Dragonite
|-resisted|p1a: Dragonite
|-damage|p1a: Dragonite|183\/323 slp
|-resisted|p1a: Dragonite
|-damage|p1a: Dragonite|166\/323 slp
|-resisted|p1a: Dragonite
|-damage|p1a: Dragonite|149\/323 slp
|-resisted|p1a: Dragonite
|-damage|p1a: Dragonite|131\/323 slp
|-hitcount|p1a: Dragonite|4
|
|turn|22
|
|cant|p1a: Dragonite|slp
|move|p2a: Breloom|Bullet Seed|p1a: Dragonite
|-resisted|p1a: Dragonite
|-damage|p1a: Dragonite|115\/323 slp
|-resisted|p1a: Dragonite
|-damage|p1a: Dragonite|98\/323 slp
|-resisted|p1a: Dragonite
|-damage|p1a: Dragonite|82\/323 slp
|-hitcount|p1a: Dragonite|3
|
|turn|23
|
|-curestatus|p1a: Dragonite|slp
|move|p1a: Dragonite|Extreme Speed|p2a: Breloom
|-damage|p2a: Breloom|0 fnt
|faint|p2a: Breloom
|
|
|switch|p2a: Absol|Absol-Mega, F|271\/271
|-damage|p2a: Absol|238\/271|[from] Stealth Rock
|-damage|p2a: Absol|193\/271|[from] Spikes
|turn|24
|
|move|p1a: Dragonite|Extreme Speed|p2a: Absol
|-damage|p2a: Absol|0 fnt
|faint|p2a: Absol
|
|win|Sandnigg123
|raw|Ladder updating...
|raw|Sandnigg123's rating: 1507 &rarr; <strong>1530<\/strong><br \/>(+23 for winning)
|raw|qqqqw's rating: 1565 &rarr; <strong>1542<\/strong><br \/>(-23 for losing)
|leave|qqqqw
|player|p2