|join|qqqqw
|join|GlazedDoughnut
|player|p1|qqqqw|52
|player|p2|GlazedDoughnut|157
|gametype|singles
|gen|6
|tier|OU (suspect test)
|rated
|clearpoke
|poke|p1|Absol, F
|poke|p1|Azumarill, F
|poke|p1|Breloom, M
|poke|p1|Garchomp, M
|poke|p1|Gardevoir, F
|poke|p1|Scizor, M
|poke|p2|Tyranitar, M, shiny
|poke|p2|Heracross, M, shiny
|poke|p2|Landorus, M, shiny
|poke|p2|Slowbro, M, shiny
|poke|p2|Ferrothorn, M, shiny
|poke|p2|Latias, F
|rule|Swagger Clause: Swagger is banned
|rule|Baton Pass Clause: Limit one PokÃ©mon knowing Baton Pass
|rule|Sleep Clause Mod: Limit one foe put to sleep
|rule|Species Clause: Limit one of each PokÃ©mon
|rule|OHKO Clause: OHKO moves are banned
|rule|Moody Clause: Moody is banned
|rule|Evasion Moves Clause: Evasion moves are banned
|rule|Endless Battle Clause: Forcing endless battles is banned
|rule|HP Percentage Mod: HP is shown in percentages
|teampreview
|
|start
|switch|p1a: Absol|Absol, F|271\/271
|switch|p2a: Tyranitar|Tyranitar, M, shiny|341\/341
|-ability|p1a: Absol|Pressure
|-weather|Sandstorm
|turn|1
|
|switch|p2a: Heracross|Heracross, M, shiny|309\/309
|detailschange|p1a: Absol|Absol-Mega, F
|-mega|p1a: Absol|Absol|Absolite
|move|p1a: Absol|Protect|p1a: Absol
|-fail|p1a: Absol
|
|-weather|Sandstorm|[upkeep]
|-damage|p1a: Absol|255\/271|[from] sandstorm
|-damage|p2a: Heracross|290\/309|[from] sandstorm
|turn|2
|
|switch|p2a: Ferrothorn|Ferrothorn, M, shiny|352\/352
|move|p1a: Absol|Protect|p1a: Absol
|-fail|p1a: Absol
|
|-weather|Sandstorm|[upkeep]
|-damage|p1a: Absol|239\/271|[from] sandstorm
|turn|3
|
|move|p1a: Absol|Flamethrower|p2a: Ferrothorn
|-supereffective|p2a: Ferrothorn
|-damage|p2a: Ferrothorn|60\/352
|-status|p2a: Ferrothorn|brn
|move|p2a: Ferrothorn|Power Whip|p1a: Absol
|-damage|p1a: Absol|136\/271
|
|-weather|Sandstorm|[upkeep]
|-damage|p1a: Absol|120\/271|[from] sandstorm
|-damage|p2a: Ferrothorn|16\/352 brn|[from] brn
|turn|4
|c|âGlazedDoughnut|figures
|join|hairy toenail
|c|âqqqqw|kkk
|
|move|p1a: Absol|Flamethrower|p2a: Ferrothorn
|-supereffective|p2a: Ferrothorn
|-damage|p2a: Ferrothorn|0 fnt
|faint|p2a: Ferrothorn
|
|-weather|Sandstorm|[upkeep]
|-damage|p1a: Absol|104\/271|[from] sandstorm
|join|Exeggutor
|
|switch|p2a: Landorus|Landorus, M, shiny|319\/319
|turn|5
|
|move|p1a: Absol|Ice Beam|p2a: Landorus
|-supereffective|p2a: Landorus
|-damage|p2a: Landorus|0 fnt
|faint|p2a: Landorus
|
|-weather|none
|leave|Exeggutor
|c| hairy toenail|lol
|c|âqqqqw|:{D
|c|âGlazedDoughnut|so stupid
|
|switch|p2a: Tyranitar|Tyranitar, M, shiny|341\/341
|-weather|Sandstorm
|turn|6
|c| hairy toenail|super power
|c| hairy toenail|please
|
|detailschange|p2a: Tyranitar|Tyranitar-Mega, M, shiny
|-mega|p2a: Tyranitar|Tyranitar|Tyranitarite
|move|p1a: Absol|Protect|p1a: Absol
|-singleturn|p1a: Absol|Protect
|move|p2a: Tyranitar|Dragon Dance|p2a: Tyranitar
|-boost|p2a: Tyranitar|atk|1
|-boost|p2a: Tyranitar|spe|1
|
|-weather|Sandstorm|[upkeep]
|-damage|p1a: Absol|88\/271|[from] sandstorm
|turn|7
|
|switch|p1a: Garchomp|Garchomp, M|420\/420
|move|p2a: Tyranitar|Stone Edge|p1a: Garchomp
|-resisted|p1a: Garchomp
|-damage|p1a: Garchomp|250\/420
|
|-weather|Sandstorm|[upkeep]
|turn|8
|
|switch|p2a: Latias|Latias, F|339\/339
|move|p1a: Garchomp|Stealth Rock|p2a: Latias
|-sidestart|p2: GlazedDoughnut|move: Stealth Rock
|
|-weather|Sandstorm|[upkeep]
|-damage|p2a: Latias|318\/339|[from] sandstorm
|turn|9
|c|âGlazedDoughnut|wow
|join|2014 forest hills
|c|âGlazedDoughnut|so retarded
|-message|GlazedDoughnut forfeited.
|c| hairy toenail|im crying
|c|âqqqqw|kkkl
|
|win|qqqqw
|raw|Ladder updating...
|c| 2014 forest hills|w-what happened
|raw|qqqqw's rating: 1253 &rarr; <strong>1274<\/strong><br \/>(+21 for winning)
|raw|GlazedDoughnut's rating: 1202 &rarr; <strong>1180<\/strong><br \/>(-22 for losing)
|c|âGlazedDoughnut|such terrible sets