|join|qqqqw
|join|Camilas
|player|p1|qqqqw|52
|player|p2|Camilas|238
|gametype|singles
|gen|6
|tier|OU (suspect test)
|rated
|clearpoke
|poke|p1|Venusaur, F
|poke|p1|Sylveon, F
|poke|p1|Heatran, F
|poke|p1|Garchomp, F
|poke|p1|Ninjask, M
|poke|p1|Medicham, F
|poke|p2|Diancie
|poke|p2|Talonflame, M, shiny
|poke|p2|Scizor, M
|poke|p2|Latias, F
|poke|p2|Chansey, F
|poke|p2|Zapdos
|rule|Swagger Clause: Swagger is banned
|rule|Baton Pass Clause: Limit one PokÃ©mon knowing Baton Pass
|rule|Sleep Clause Mod: Limit one foe put to sleep
|rule|Species Clause: Limit one of each PokÃ©mon
|rule|OHKO Clause: OHKO moves are banned
|rule|Moody Clause: Moody is banned
|rule|Evasion Moves Clause: Evasion moves are banned
|rule|Endless Battle Clause: Forcing endless battles is banned
|rule|HP Percentage Mod: HP is shown in percentages
|teampreview
|join|Chocolove
|
|start
|switch|p1a: Heatran|Heatran, F|385\/385
|switch|p2a: Scizor|Scizor, M|343\/343
|turn|1
|
|move|p1a: Heatran|Lava Plume|p2a: Scizor
|-supereffective|p2a: Scizor
|-damage|p2a: Scizor|0 fnt
|faint|p2a: Scizor
|
|
|switch|p2a: Diancie|Diancie|241\/241
|turn|2
|
|detailschange|p2a: Diancie|Diancie-Mega
|-mega|p2a: Diancie|Diancie|Diancite
|move|p2a: Diancie|Calm Mind|p2a: Diancie
|-boost|p2a: Diancie|spa|1
|-boost|p2a: Diancie|spd|1
|move|p1a: Heatran|Earth Power|p2a: Diancie
|-supereffective|p2a: Diancie
|-damage|p2a: Diancie|97\/241
|
|turn|3
|
|move|p2a: Diancie|Earth Power|p1a: Heatran
|-supereffective|p1a: Heatran
|-damage|p1a: Heatran|0 fnt
|faint|p1a: Heatran
|
|
|switch|p1a: Medicham|Medicham, F|261\/261
|turn|4
|
|switch|p2a: Talonflame|Talonflame, M, shiny|297\/297
|move|p1a: Medicham|Fake Out|p2a: Talonflame
|-damage|p2a: Talonflame|209\/297
|
|turn|5
|
|switch|p1a: Garchomp|Garchomp, F|420\/420
|move|p2a: Talonflame|Brave Bird|p1a: Garchomp
|-damage|p1a: Garchomp|216\/420
|-damage|p2a: Talonflame|172\/297|[from] ability: Rough Skin|[of] p1a: Garchomp
|-damage|p2a: Talonflame|123\/297|[from] item: Rocky Helmet|[of] p1a: Garchomp
|-damage|p2a: Talonflame|56\/297|[from] recoil|[of] p1a: Garchomp
|
|turn|6
|
|switch|p2a: Diancie|Diancie-Mega|97\/241
|move|p1a: Garchomp|Earthquake|p2a: Diancie
|-supereffective|p2a: Diancie
|-damage|p2a: Diancie|0 fnt
|faint|p2a: Diancie
|
|
|switch|p2a: Latias|Latias, F|364\/364
|turn|7
|
|switch|p1a: Sylveon|Sylveon, F|394\/394
|move|p2a: Latias|Psyshock|p1a: Sylveon
|-damage|p1a: Sylveon|246\/394
|
|-heal|p1a: Sylveon|270\/394|[from] item: Leftovers
|turn|8
|
|switch|p2a: Talonflame|Talonflame, M, shiny|56\/297
|move|p1a: Sylveon|Hyper Voice|p2a: Talonflame
|-resisted|p2a: Talonflame
|-damage|p2a: Talonflame|0 fnt
|faint|p2a: Talonflame
|
|-heal|p1a: Sylveon|294\/394|[from] item: Leftovers
|
|switch|p2a: Chansey|Chansey, F|703\/703
|turn|9
|
|switch|p1a: Ninjask|Ninjask, M|295\/295
|move|p2a: Chansey|Toxic|p1a: Ninjask
|-status|p1a: Ninjask|tox
|
|-damage|p1a: Ninjask|277\/295 tox|[from] psn
|turn|10
|
|switch|p2a: Zapdos|Zapdos|383\/383
|-ability|p2a: Zapdos|Pressure
|move|p1a: Ninjask|Swords Dance|p1a: Ninjask
|-boost|p1a: Ninjask|atk|2
|
|-damage|p1a: Ninjask|241\/295 tox|[from] psn
|-boost|p1a: Ninjask|spe|1|[from] ability: Speed Boost
|turn|11
|
|move|p1a: Ninjask|Protect|p1a: Ninjask
|-singleturn|p1a: Ninjask|Protect
|move|p2a: Zapdos|Heat Wave|p1a: Ninjask
|-activate|p1a: Ninjask|Protect
|
|-damage|p1a: Ninjask|187\/295 tox|[from] psn
|-boost|p1a: Ninjask|spe|1|[from] ability: Speed Boost
|turn|12
|
|move|p1a: Ninjask|Baton Pass|p1a: Ninjask
|
|switch|p1a: Garchomp|Garchomp, F|216\/420
|move|p2a: Zapdos|Heat Wave|p1a: Garchomp
|-resisted|p1a: Garchomp
|-damage|p1a: Garchomp|167\/420
|
|turn|13
|
|move|p2a: Zapdos|Roost|p2a: Zapdos
|-fail|p2a: Zapdos
|move|p1a: Garchomp|Roar|p2a: Zapdos
|drag|p2a: Chansey|Chansey, F|703\/703
|
|turn|14
|c|âqqqqw|gg
|
|move|p1a: Garchomp|Stealth Rock|p2a: Chansey
|-sidestart|p2: Camilas|move: Stealth Rock
|move|p2a: Chansey|Seismic Toss|p1a: Garchomp
|-damage|p1a: Garchomp|67\/420
|-damage|p2a: Chansey|616\/703|[from] ability: Rough Skin|[of] p1a: Garchomp
|-damage|p2a: Chansey|499\/703|[from] item: Rocky Helmet|[of] p1a: Garchomp
|
|turn|15
|-message|qqqqw forfeited.
|leave|qqqqw
|c| Chocolove|lol
|
|win|Camilas
|raw|Ladder updating...
|player|p1
|c|âCamilas|da fuck
|raw|qqqqw's rating: 1214 &rarr; <strong>1194<\/strong><br \/>(-20 for losing)
|raw|Camilas's rating: 1284 &rarr; <strong>1304<\/strong><br \/>(+20 for winning)
|c|âCamilas|what an idiot
|c|âCamilas|he bp to a chomp to fucking forfeit
|c| Chocolove|what a weird outcome
|c|âCamilas|waste
|leave|Camilas
|player|p2