|join|Scizeon
|join|SlurpuffIzFood
|player|p1|Scizeon|101
|player|p2|SlurpuffIzFood|172
|gametype|singles
|gen|6
|tier|ORAS OU
|rated
|rule|Sleep Clause Mod: Limit one foe put to sleep
|rule|Species Clause: Limit one of each PokÃ©mon
|rule|OHKO Clause: OHKO moves are banned
|rule|Moody Clause: Moody is banned
|rule|Evasion Moves Clause: Evasion moves are banned
|rule|Endless Battle Clause: Forcing endless battles is banned
|rule|HP Percentage Mod: HP is shown in percentages
|clearpoke
|poke|p1|Altaria, M
|poke|p1|Skarmory, F
|poke|p1|Tentacruel, F
|poke|p1|Rotom-Heat
|poke|p1|Ferrothorn, F
|poke|p1|Mew
|poke|p2|Swampert, M
|poke|p2|Politoed, M
|poke|p2|Ferrothorn, M
|poke|p2|Gothitelle, F
|poke|p2|Omastar, M
|poke|p2|Tornadus, M
|rule|Swagger Clause: Swagger is banned
|rule|Baton Pass Clause: Limit one PokÃ©mon knowing Baton Pass
|teampreview
|
|start
|switch|p1a: Mew|Mew|404\/404
|switch|p2a: Sorry ;.;|Gothitelle, F|281\/281
|turn|1
|
|switch|p2a: Mega-TeamPlayer|Swampert, M|366\/366
|move|p1a: Mew|Knock Off|p2a: Mega-TeamPlayer
|-damage|p2a: Mega-TeamPlayer|305\/366
|
|turn|2
|
|switch|p2a: Shitfrog|Politoed, M|383\/383
|-weather|RainDance
|move|p1a: Mew|Will-O-Wisp|p2a: Shitfrog
|-status|p2a: Shitfrog|brn
|
|-weather|RainDance|[upkeep]
|-damage|p2a: Shitfrog|336\/383 brn|[from] brn
|turn|3
|
|move|p1a: Mew|Knock Off|p2a: Shitfrog
|-damage|p2a: Shitfrog|241\/383 brn
|-enditem|p2a: Shitfrog|Damp Rock|[from] move: Knock Off|[of] p1a: Mew
|move|p2a: Shitfrog|Scald|p1a: Mew
|-damage|p1a: Mew|305\/404
|
|-weather|RainDance|[upkeep]
|-heal|p1a: Mew|330\/404|[from] item: Leftovers
|-damage|p2a: Shitfrog|194\/383 brn|[from] brn
|turn|4
|
|switch|p1a: Tentacruel|Tentacruel, F|364\/364
|move|p2a: Shitfrog|Toxic|p1a: Tentacruel
|-fail|p1a: Tentacruel
|
|-weather|RainDance|[upkeep]
|-damage|p2a: Shitfrog|147\/383 brn|[from] brn
|turn|5
|
|switch|p2a: Sorry ;.;|Gothitelle, F|281\/281
|move|p1a: Tentacruel|Scald|p2a: Sorry ;.;
|-damage|p2a: Sorry ;.;|181\/281
|-status|p2a: Sorry ;.;|brn
|
|-weather|RainDance|[upkeep]
|-damage|p2a: Sorry ;.;|146\/281 brn|[from] brn
|turn|6
|
|move|p1a: Tentacruel|Protect|p1a: Tentacruel
|-singleturn|p1a: Tentacruel|Protect
|move|p2a: Sorry ;.;|Psyshock|p1a: Tentacruel
|-activate|p1a: Tentacruel|Protect
|
|-weather|RainDance|[upkeep]
|-damage|p2a: Sorry ;.;|111\/281 brn|[from] brn
|turn|7
|
|move|p2a: Sorry ;.;|Psyshock|p1a: Tentacruel
|-supereffective|p1a: Tentacruel
|-damage|p1a: Tentacruel|58\/364
|move|p1a: Tentacruel|Scald|p2a: Sorry ;.;
|-damage|p2a: Sorry ;.;|0 fnt
|faint|p2a: Sorry ;.;
|
|-weather|RainDance|[upkeep]
|-heal|p1a: Tentacruel|80\/364|[from] item: Black Sludge
|
|switch|p2a: Mega-TeamPlayer|Swampert, M|305\/366
|turn|8
|
|switch|p1a: Skarmory|Skarmory, F|334\/334
|detailschange|p2a: Mega-TeamPlayer|Swampert-Mega, M
|message|Swampert has Mega Evolved into Mega Swampert!
|move|p2a: Mega-TeamPlayer|Waterfall|p1a: Skarmory
|-damage|p1a: Skarmory|195\/334
|
|-weather|RainDance|[upkeep]
|turn|9
|
|move|p2a: Mega-TeamPlayer|Power-Up Punch|p1a: Skarmory
|-damage|p1a: Skarmory|163\/334
|-boost|p2a: Mega-TeamPlayer|atk|1
|move|p1a: Skarmory|Roost|p1a: Skarmory
|-heal|p1a: Skarmory|330\/334
|
|-weather|none
|turn|10
|
|move|p2a: Mega-TeamPlayer|Waterfall|p1a: Skarmory
|-damage|p1a: Skarmory|180\/334
|cant|p1a: Skarmory|flinch
|
|turn|11
|
|move|p2a: Mega-TeamPlayer|Waterfall|p1a: Skarmory
|-damage|p1a: Skarmory|29\/334
|move|p1a: Skarmory|Whirlwind|p2a: Mega-TeamPlayer
|drag|p2a: Tornadus|Tornadus, M|299\/299
|
|turn|12
|
|move|p2a: Tornadus|Focus Blast|p1a: Skarmory
|-damage|p1a: Skarmory|0 fnt
|-damage|p2a: Tornadus|270\/299|[from] item: Life Orb
|faint|p1a: Skarmory
|
|
|switch|p1a: Rotom-Heat|Rotom-Heat|304\/304
|turn|13
|
|switch|p2a: Mega-TeamPlayer|Swampert-Mega, M|305\/366
|move|p1a: Rotom-Heat|Volt Switch|p2a: Mega-TeamPlayer
|-immune|p2a: Mega-TeamPlayer|[msg]
|
|turn|14
|
|switch|p2a: Shitfrog|Politoed, M|147\/383 brn
|-weather|RainDance
|move|p1a: Rotom-Heat|Will-O-Wisp|p2a: Shitfrog
|-fail|p2a: Shitfrog|brn
|
|-weather|RainDance|[upkeep]
|-damage|p2a: Shitfrog|100\/383 brn|[from] brn
|turn|15
|
|switch|p1a: Tentacruel|Tentacruel, F|80\/364
|switch|p2a: Mega-TeamPlayer|Swampert-Mega, M|305\/366
|
|-weather|RainDance|[upkeep]
|-heal|p1a: Tentacruel|102\/364|[from] item: Black Sludge
|turn|16
|
|move|p1a: Tentacruel|Protect|p1a: Tentacruel
|-singleturn|p1a: Tentacruel|Protect
|move|p2a: Mega-TeamPlayer|Earthquake|p1a: Tentacruel
|-activate|p1a: Tentacruel|Protect
|
|-weather|RainDance|[upkeep]
|-heal|p1a: Tentacruel|124\/364|[from] item: Black Sludge
|turn|17
|
|move|p2a: Mega-TeamPlayer|Waterfall|p1a: Tentacruel
|-resisted|p1a: Tentacruel
|-damage|p1a: Tentacruel|9\/364
|move|p1a: Tentacruel|Scald|p2a: Mega-TeamPlayer
|-damage|p2a: Mega-TeamPlayer|193\/366
|
|-weather|RainDance|[upkeep]
|-heal|p1a: Tentacruel|31\/364|[from] item: Black Sludge
|turn|18
|
|move|p1a: Tentacruel|Protect|p1a: Tentacruel
|-singleturn|p1a: Tentacruel|Protect
|move|p2a: Mega-TeamPlayer|Waterfall|p1a: Tentacruel
|-activate|p1a: Tentacruel|Protect
|
|-weather|none
|-heal|p1a: Tentacruel|53\/364|[from] item: Black Sludge
|turn|19
|
|move|p1a: Tentacruel|Scald|p2a: Mega-TeamPlayer
|-crit|p2a: Mega-TeamPlayer
|-damage|p2a: Mega-TeamPlayer|85\/366
|-status|p2a: Mega-TeamPlayer|brn
|move|p2a: Mega-TeamPlayer|Earthquake|p1a: Tentacruel
|-supereffective|p1a: Tentacruel
|-damage|p1a: Tentacruel|0 fnt
|faint|p1a: Tentacruel
|
|-damage|p2a: Mega-TeamPlayer|40\/366 brn|[from] brn
|
|switch|p1a: Ferrothorn|Ferrothorn, F|352\/352
|turn|20
|
|switch|p2a: Shitfrog|Politoed, M|100\/383 brn
|-weather|RainDance
|move|p1a: Ferrothorn|Stealth Rock|p2a: Shitfrog
|-sidestart|p2: SlurpuffIzFood|move: Stealth Rock
|
|-weather|RainDance|[upkeep]
|-damage|p2a: Shitfrog|53\/383 brn|[from] brn
|turn|21
|
|switch|p1a: Mew|Mew|330\/404
|move|p2a: Shitfrog|Encore|p1a: Mew
|-fail|p1a: Mew
|
|-weather|RainDance|[upkeep]
|-heal|p1a: Mew|355\/404|[from] item: Leftovers
|-damage|p2a: Shitfrog|6\/383 brn|[from] brn
|turn|22
|
|move|p1a: Mew|Knock Off|p2a: Shitfrog
|-damage|p2a: Shitfrog|0 fnt
|faint|p2a: Shitfrog
|
|-weather|RainDance|[upkeep]
|-heal|p1a: Mew|380\/404|[from] item: Leftovers
|
|switch|p2a: Tornadus|Tornadus, M|270\/299
|-damage|p2a: Tornadus|196\/299|[from] Stealth Rock
|turn|23
|
|switch|p1a: Rotom-Heat|Rotom-Heat|304\/304
|move|p2a: Tornadus|Hurricane|p1a: Rotom-Heat
|-resisted|p1a: Rotom-Heat
|-damage|p1a: Rotom-Heat|218\/304
|-damage|p2a: Tornadus|167\/299|[from] item: Life Orb
|
|-weather|RainDance|[upkeep]
|-heal|p1a: Rotom-Heat|237\/304|[from] item: Leftovers
|turn|24
|
|move|p2a: Tornadus|Focus Blast|p1a: Rotom-Heat
|-damage|p1a: Rotom-Heat|114\/304
|-damage|p2a: Tornadus|138\/299|[from] item: Life Orb
|move|p1a: Rotom-Heat|Volt Switch|p2a: Tornadus
|-supereffective|p2a: Tornadus
|-damage|p2a: Tornadus|0 fnt
|faint|p2a: Tornadus
|
|switch|p1a: Mew|Mew|380\/404
|
|-weather|none
|-heal|p1a: Mew|404\/404|[from] item: Leftovers
|
|switch|p2a: Master?|Omastar, M|292\/292
|-damage|p2a: Master?|256\/292|[from] Stealth Rock
|turn|25
|
|move|p1a: Mew|Will-O-Wisp|p2a: Master?
|-status|p2a: Master?|brn
|move|p2a: Master?|Shell Smash|p2a: Master?
|-boost|p2a: Master?|atk|2
|-boost|p2a: Master?|spa|2
|-boost|p2a: Master?|spe|2
|-unboost|p2a: Master?|def|1
|-unboost|p2a: Master?|spd|1
|
|-damage|p2a: Master?|220\/292 brn|[from] brn
|turn|26
|
|move|p2a: Master?|Hydro Pump|p1a: Mew
|-crit|p1a: Mew
|-damage|p1a: Mew|0 fnt
|-damage|p2a: Master?|191\/292 brn|[from] item: Life Orb
|faint|p1a: Mew
|
|-damage|p2a: Master?|155\/292 brn|[from] brn
|
|switch|p1a: Ferrothorn|Ferrothorn, F|352\/352
|turn|27
|
|move|p2a: Master?|Ice Beam|p1a: Ferrothorn
|-damage|p1a: Ferrothorn|182\/352
|-status|p1a: Ferrothorn|frz
|-damage|p2a: Master?|126\/292 brn|[from] item: Life Orb
|cant|p1a: Ferrothorn|frz
|
|-heal|p1a: Ferrothorn|204\/352 frz|[from] item: Leftovers
|-damage|p2a: Master?|90\/292 brn|[from] brn
|turn|28
|
|move|p2a: Master?|Hydro Pump|p1a: Ferrothorn
|-resisted|p1a: Ferrothorn
|-damage|p1a: Ferrothorn|57\/352 frz
|-damage|p2a: Master?|61\/292 brn|[from] item: Life Orb
|cant|p1a: Ferrothorn|frz
|
|-heal|p1a: Ferrothorn|79\/352 frz|[from] item: Leftovers
|-damage|p2a: Master?|25\/292 brn|[from] brn
|turn|29
|
|move|p2a: Master?|Ice Beam|p1a: Ferrothorn
|-damage|p1a: Ferrothorn|0 fnt
|-damage|p2a: Master?|0 fnt|[from] item: Life Orb
|faint|p1a: Ferrothorn
|faint|p2a: Master?
|
|
|switch|p1a: Altaria|Altaria, M|354\/354
|switch|p2a: Inb4 hpfire|Ferrothorn, M|352\/352
|-damage|p2a: Inb4 hpfire|330\/352|[from] Stealth Rock
|turn|30
|
|detailschange|p1a: Altaria|Altaria-Mega, M
|message|Altaria has Mega Evolved into Mega Altaria!
|move|p1a: Altaria|Hyper Voice|p2a: Inb4 hpfire
|-resisted|p2a: Inb4 hpfire
|-damage|p2a: Inb4 hpfire|270\/352
|move|p2a: Inb4 hpfire|Leech Seed|p1a: Altaria
|-start|p1a: Altaria|move: Leech Seed
|
|-heal|p2a: Inb4 hpfire|292\/352|[from] item: Leftovers
|-damage|p1a: Altaria|310\/354|[from] Leech Seed|[of] p2a: Inb4 hpfire
|-heal|p2a: Inb4 hpfire|336\/352|[silent]
|turn|31
|
|switch|p1a: Rotom-Heat|Rotom-Heat|114\/304
|move|p2a: Inb4 hpfire|Leech Seed|p1a: Rotom-Heat
|-start|p1a: Rotom-Heat|move: Leech Seed
|
|-heal|p1a: Rotom-Heat|133\/304|[from] item: Leftovers
|-heal|p2a: Inb4 hpfire|352\/352|[from] item: Leftovers
|-damage|p1a: Rotom-Heat|95\/304|[from] Leech Seed|[of] p2a: Inb4 hpfire
|turn|32
|
|move|p2a: Inb4 hpfire|Protect|p2a: Inb4 hpfire
|-singleturn|p2a: Inb4 hpfire|Protect
|move|p1a: Rotom-Heat|Pain Split|p2a: Inb4 hpfire
|-activate|p2a: Inb4 hpfire|Protect
|
|-heal|p1a: Rotom-Heat|114\/304|[from] item: Leftovers
|-damage|p1a: Rotom-Heat|76\/304|[from] Leech Seed|[of] p2a: Inb4 hpfire
|turn|33
|
|move|p1a: Rotom-Heat|Volt Switch|p2a: Inb4 hpfire
|-resisted|p2a: Inb4 hpfire
|-damage|p2a: Inb4 hpfire|316\/352
|
|switch|p1a: Altaria|Altaria-Mega, M|310\/354
|move|p2a: Inb4 hpfire|Gyro Ball|p1a: Altaria
|-supereffective|p1a: Altaria
|-damage|p1a: Altaria|140\/354
|
|-heal|p2a: Inb4 hpfire|338\/352|[from] item: Leftovers
|turn|34
|
|move|p1a: Altaria|Hyper Voice|p2a: Inb4 hpfire
|-resisted|p2a: Inb4 hpfire
|-damage|p2a: Inb4 hpfire|286\/352
|move|p2a: Inb4 hpfire|Stealth Rock|p1a: Altaria
|-sidestart|p1: Scizeon|move: Stealth Rock
|
|-heal|p2a: Inb4 hpfire|308\/352|[from] item: Leftovers
|turn|35
|
|move|p1a: Altaria|Hyper Voice|p2a: Inb4 hpfire
|-resisted|p2a: Inb4 hpfire
|-damage|p2a: Inb4 hpfire|256\/352
|move|p2a: Inb4 hpfire|Leech Seed|p1a: Altaria
|-start|p1a: Altaria|move: Leech Seed
|
|-heal|p2a: Inb4 hpfire|278\/352|[from] item: Leftovers
|-damage|p1a: Altaria|96\/354|[from] Leech Seed|[of] p2a: Inb4 hpfire
|-heal|p2a: Inb4 hpfire|322\/352|[silent]
|turn|36
|
|move|p1a: Altaria|Hyper Voice|p2a: Inb4 hpfire
|-resisted|p2a: Inb4 hpfire
|-damage|p2a: Inb4 hpfire|262\/352
|move|p2a: Inb4 hpfire|Gyro Ball|p1a: Altaria
|-crit|p1a: Altaria
|-supereffective|p1a: Altaria
|-damage|p1a: Altaria|0 fnt
|faint|p1a: Altaria
|
|-heal|p2a: Inb4 hpfire|284\/352|[from] item: Leftovers
|
|switch|p1a: Rotom-Heat|Rotom-Heat|76\/304
|-damage|p1a: Rotom-Heat|0 fnt|[from] Stealth Rock
|faint|p1a: Rotom-Heat
|
|win|SlurpuffIzFood
|raw|Ladder updating...
|raw|Scizeon's rating: 1412 &rarr; <strong>1385<\/strong><br \/>(-27 for losing)
|raw|SlurpuffIzFood's rating: 1290 &rarr; <strong>1323<\/strong><br \/>(+33 for winning)
|leave|Scizeon
|player|p1