|join|SlurpuffIzFood
|join|ArchPhantom
|player|p1|SlurpuffIzFood|172
|player|p2|ArchPhantom|274
|gametype|singles
|gen|6
|tier|ORAS OU
|rated
|rule|Sleep Clause Mod: Limit one foe put to sleep
|rule|Species Clause: Limit one of each PokÃ©mon
|rule|OHKO Clause: OHKO moves are banned
|rule|Moody Clause: Moody is banned
|rule|Evasion Moves Clause: Evasion moves are banned
|rule|Endless Battle Clause: Forcing endless battles is banned
|rule|HP Percentage Mod: HP is shown in percentages
|clearpoke
|poke|p1|Swampert, F
|poke|p1|Politoed, F
|poke|p1|Ferrothorn, F
|poke|p1|Gothitelle, M
|poke|p1|Omastar, M
|poke|p1|Tornadus, M
|poke|p2|Lopunny, M
|poke|p2|Landorus-Therian, M
|poke|p2|Gothitelle, F
|poke|p2|Klefki, M
|poke|p2|Greninja, M
|poke|p2|Latios, M
|rule|Swagger Clause: Swagger is banned
|rule|Baton Pass Clause: Limit one PokÃ©mon knowing Baton Pass
|teampreview
|
|start
|switch|p1a: Tornadus|Tornadus, M|299\/299
|switch|p2a: Lopunny|Lopunny, M|271\/271
|turn|1
|
|switch|p1a: Inb4 hpfire|Ferrothorn, F|352\/352
|detailschange|p2a: Lopunny|Lopunny-Mega, M
|message|Lopunny has Mega Evolved into Mega Lopunny!
|move|p2a: Lopunny|Fake Out|p1a: Inb4 hpfire
|-resisted|p1a: Inb4 hpfire
|-damage|p1a: Inb4 hpfire|326\/352
|-damage|p2a: Lopunny|238\/271|[from] ability: Iron Barbs|[of] p1a: Inb4 hpfire
|
|-heal|p1a: Inb4 hpfire|348\/352|[from] item: Leftovers
|turn|2
|
|move|p1a: Inb4 hpfire|Protect|p1a: Inb4 hpfire
|-singleturn|p1a: Inb4 hpfire|Protect
|move|p2a: Lopunny|Baton Pass|p2a: Lopunny
|
|switch|p2a: Gothitelle|Gothitelle, F|287\/287
|
|-heal|p1a: Inb4 hpfire|352\/352|[from] item: Leftovers
|turn|3
|
|move|p1a: Inb4 hpfire|Protect|p1a: Inb4 hpfire
|-fail|p1a: Inb4 hpfire
|move|p2a: Gothitelle|Hidden Power|p1a: Inb4 hpfire
|-supereffective|p1a: Inb4 hpfire
|-damage|p1a: Inb4 hpfire|44\/352
|
|-heal|p1a: Inb4 hpfire|66\/352|[from] item: Leftovers
|turn|4
|
|move|p2a: Gothitelle|Hidden Power|p1a: Inb4 hpfire
|-supereffective|p1a: Inb4 hpfire
|-damage|p1a: Inb4 hpfire|0 fnt
|faint|p1a: Inb4 hpfire
|
|
|switch|p1a: Master?|Omastar, M|292\/292
|turn|5
|
|switch|p2a: Latios|Latios, M|301\/301
|move|p1a: Master?|Hydro Pump|p2a: Latios
|-crit|p2a: Latios
|-resisted|p2a: Latios
|-damage|p2a: Latios|135\/301
|-damage|p1a: Master?|263\/292|[from] item: Life Orb
|
|turn|6
|
|switch|p1a: Shitfrog|Politoed, F|383\/383
|-weather|RainDance
|move|p2a: Latios|Psyshock|p1a: Shitfrog
|-damage|p1a: Shitfrog|159\/383
|-damage|p2a: Latios|105\/301|[from] item: Life Orb
|
|-weather|RainDance|[upkeep]
|turn|7
|
|switch|p1a: Sorry ;.;|Gothitelle, M|281\/281
|move|p2a: Latios|Psyshock|p1a: Sorry ;.;
|-resisted|p1a: Sorry ;.;
|-damage|p1a: Sorry ;.;|184\/281
|-damage|p2a: Latios|75\/301|[from] item: Life Orb
|
|-weather|RainDance|[upkeep]
|turn|8
|
|move|p2a: Latios|Draco Meteor|p1a: Sorry ;.;|[miss]
|-miss|p2a: Latios|p1a: Sorry ;.;
|move|p1a: Sorry ;.;|Thunderbolt|p2a: Latios
|-resisted|p2a: Latios
|-damage|p2a: Latios|5\/301
|
|-weather|RainDance|[upkeep]
|turn|9
|
|move|p2a: Latios|Draco Meteor|p1a: Sorry ;.;
|-damage|p1a: Sorry ;.;|0 fnt
|-unboost|p2a: Latios|spa|2
|-damage|p2a: Latios|0 fnt|[from] item: Life Orb
|faint|p1a: Sorry ;.;
|faint|p2a: Latios
|
|-weather|RainDance|[upkeep]
|
|switch|p1a: Master?|Omastar, M|263\/292
|switch|p2a: Klefki|Klefki, M|318\/318
|turn|10
|
|switch|p1a: Mega-TeamPlayer|Swampert, F|366\/366
|move|p2a: Klefki|Toxic|p1a: Mega-TeamPlayer
|-status|p1a: Mega-TeamPlayer|tox
|
|-weather|RainDance|[upkeep]
|-damage|p1a: Mega-TeamPlayer|344\/366 tox|[from] psn
|turn|11
|
|detailschange|p1a: Mega-TeamPlayer|Swampert-Mega, F
|message|Swampert has Mega Evolved into Mega Swampert!
|move|p2a: Klefki|Spikes|p1a: Mega-TeamPlayer
|-sidestart|p1: SlurpuffIzFood|Spikes
|move|p1a: Mega-TeamPlayer|Waterfall|p2a: Klefki
|-damage|p2a: Klefki|27\/318
|
|-weather|RainDance|[upkeep]
|-heal|p2a: Klefki|46\/318|[from] item: Leftovers
|-damage|p1a: Mega-TeamPlayer|300\/366 tox|[from] psn
|turn|12
|
|move|p2a: Klefki|Spikes|p1a: Mega-TeamPlayer
|-sidestart|p1: SlurpuffIzFood|Spikes
|move|p1a: Mega-TeamPlayer|Power-Up Punch|p2a: Klefki
|-damage|p2a: Klefki|0 fnt
|-boost|p1a: Mega-TeamPlayer|atk|1
|faint|p2a: Klefki
|
|-weather|RainDance|[upkeep]
|-damage|p1a: Mega-TeamPlayer|234\/366 tox|[from] psn
|
|switch|p2a: Landorus-Therian|Landorus-Therian, M|381\/381
|-ability|p2a: Landorus-Therian|Intimidate|[of] p1a: Mega-TeamPlayer
|-unboost|p1a: Mega-TeamPlayer|atk|1
|turn|13
|
|move|p1a: Mega-TeamPlayer|Waterfall|p2a: Landorus-Therian
|-supereffective|p2a: Landorus-Therian
|-damage|p2a: Landorus-Therian|7\/381
|move|p2a: Landorus-Therian|Stealth Rock|p1a: Mega-TeamPlayer
|-sidestart|p1: SlurpuffIzFood|move: Stealth Rock
|
|-weather|none
|-heal|p2a: Landorus-Therian|30\/381|[from] item: Leftovers
|-damage|p1a: Mega-TeamPlayer|146\/366 tox|[from] psn
|turn|14
|
|switch|p1a: Shitfrog|Politoed, F|159\/383
|-damage|p1a: Shitfrog|96\/383|[from] Spikes
|-damage|p1a: Shitfrog|49\/383|[from] Stealth Rock
|-weather|RainDance
|move|p2a: Landorus-Therian|U-turn|p1a: Shitfrog
|-damage|p1a: Shitfrog|0 fnt
|faint|p1a: Shitfrog
|
|switch|p2a: Lopunny|Lopunny-Mega, M|238\/271
|
|-weather|RainDance|[upkeep]
|
|switch|p1a: Master?|Omastar, M|263\/292
|-damage|p1a: Master?|215\/292|[from] Spikes
|-damage|p1a: Master?|179\/292|[from] Stealth Rock
|turn|15
|
|move|p2a: Lopunny|Fake Out|p1a: Master?
|-resisted|p1a: Master?
|-damage|p1a: Master?|146\/292
|cant|p1a: Master?|flinch
|
|-weather|RainDance|[upkeep]
|turn|16
|
|switch|p2a: Landorus-Therian|Landorus-Therian, M|30\/381
|-ability|p2a: Landorus-Therian|Intimidate|[of] p1a: Master?
|-unboost|p1a: Master?|atk|1
|move|p1a: Master?|Shell Smash|p1a: Master?
|-boost|p1a: Master?|atk|2
|-boost|p1a: Master?|spa|2
|-boost|p1a: Master?|spe|2
|-unboost|p1a: Master?|def|1
|-unboost|p1a: Master?|spd|1
|
|-weather|RainDance|[upkeep]
|-heal|p2a: Landorus-Therian|53\/381|[from] item: Leftovers
|turn|17
|
|switch|p2a: Greninja|Greninja, M|285\/285
|move|p1a: Master?|Ice Beam|p2a: Greninja
|-resisted|p2a: Greninja
|-damage|p2a: Greninja|102\/285
|-damage|p1a: Master?|117\/292|[from] item: Life Orb
|
|-weather|RainDance|[upkeep]
|turn|18
|
|switch|p2a: Landorus-Therian|Landorus-Therian, M|53\/381
|-ability|p2a: Landorus-Therian|Intimidate|[of] p1a: Master?
|-unboost|p1a: Master?|atk|1
|move|p1a: Master?|Hydro Pump|p2a: Landorus-Therian|[miss]
|-miss|p1a: Master?|p2a: Landorus-Therian
|
|-weather|RainDance|[upkeep]
|-heal|p2a: Landorus-Therian|76\/381|[from] item: Leftovers
|turn|19
|
|switch|p2a: Gothitelle|Gothitelle, F|287\/287
|move|p1a: Master?|Hydro Pump|p2a: Gothitelle
|-damage|p2a: Gothitelle|0 fnt
|-damage|p1a: Master?|88\/292|[from] item: Life Orb
|faint|p2a: Gothitelle
|
|-weather|RainDance|[upkeep]
|
|switch|p2a: Lopunny|Lopunny-Mega, M|238\/271
|turn|20
|
|move|p2a: Lopunny|Fake Out|p1a: Master?
|-resisted|p1a: Master?
|-damage|p1a: Master?|43\/292
|cant|p1a: Master?|flinch
|
|-weather|RainDance|[upkeep]
|turn|21
|
|switch|p2a: Landorus-Therian|Landorus-Therian, M|76\/381
|-ability|p2a: Landorus-Therian|Intimidate|[of] p1a: Master?
|-unboost|p1a: Master?|atk|1
|move|p1a: Master?|Hydro Pump|p2a: Landorus-Therian
|-supereffective|p2a: Landorus-Therian
|-damage|p2a: Landorus-Therian|0 fnt
|-damage|p1a: Master?|14\/292|[from] item: Life Orb
|faint|p2a: Landorus-Therian
|
|-weather|none
|
|switch|p2a: Lopunny|Lopunny-Mega, M|238\/271
|turn|22
|
|move|p2a: Lopunny|Fake Out|p1a: Master?
|-resisted|p1a: Master?
|-damage|p1a: Master?|0 fnt
|faint|p1a: Master?
|
|
|switch|p1a: Tornadus|Tornadus, M|299\/299
|-damage|p1a: Tornadus|225\/299|[from] Stealth Rock
|turn|23
|
|move|p1a: Tornadus|Rain Dance|p1a: Tornadus
|-weather|RainDance
|move|p2a: Lopunny|Frustration|p1a: Tornadus
|-damage|p1a: Tornadus|0 fnt
|faint|p1a: Tornadus
|
|-weather|RainDance|[upkeep]
|
|switch|p1a: Mega-TeamPlayer|Swampert-Mega, F|146\/366 tox
|-damage|p1a: Mega-TeamPlayer|124\/366 tox|[from] Stealth Rock
|-damage|p1a: Mega-TeamPlayer|63\/366 tox|[from] Spikes
|turn|24
|
|switch|p2a: Greninja|Greninja, M|102\/285
|move|p1a: Mega-TeamPlayer|Waterfall|p2a: Greninja
|-resisted|p2a: Greninja
|-damage|p2a: Greninja|0 fnt
|faint|p2a: Greninja
|
|-weather|RainDance|[upkeep]
|-damage|p1a: Mega-TeamPlayer|41\/366 tox|[from] psn
|
|switch|p2a: Lopunny|Lopunny-Mega, M|238\/271
|turn|25
|
|move|p2a: Lopunny|Fake Out|p1a: Mega-TeamPlayer
|-damage|p1a: Mega-TeamPlayer|0 fnt
|faint|p1a: Mega-TeamPlayer
|
|win|ArchPhantom
|raw|Ladder updating...
|raw|SlurpuffIzFood's rating: 1365 &rarr; <strong>1345<\/strong><br \/>(-20 for losing)
|raw|ArchPhantom's rating: 1355 &rarr; <strong>1376<\/strong><br \/>(+21 for winning)
|c|âArchPhantom|gg
|c|âSlurpuffIzFood|gg
|leave|SlurpuffIzFood
|player|p1