|join|SlurpuffIzFood
|join|Psyckid
|player|p1|SlurpuffIzFood|172
|player|p2|Psyckid|29
|gametype|singles
|gen|6
|tier|ORAS OU
|rated
|rule|Sleep Clause Mod: Limit one foe put to sleep
|rule|Species Clause: Limit one of each PokÃ©mon
|rule|OHKO Clause: OHKO moves are banned
|rule|Moody Clause: Moody is banned
|rule|Evasion Moves Clause: Evasion moves are banned
|rule|Endless Battle Clause: Forcing endless battles is banned
|rule|HP Percentage Mod: HP is shown in percentages
|clearpoke
|poke|p1|Swampert, M
|poke|p1|Politoed, M
|poke|p1|Ferrothorn, F
|poke|p1|Gothitelle, F
|poke|p1|Omastar, M
|poke|p1|Tornadus, M
|poke|p2|Rotom-Wash
|poke|p2|Scizor, M
|poke|p2|Sceptile, F
|poke|p2|Azumarill, M
|poke|p2|Magnezone
|poke|p2|Clefable, F
|rule|Swagger Clause: Swagger is banned
|rule|Baton Pass Clause: Limit one PokÃ©mon knowing Baton Pass
|teampreview
|
|start
|switch|p1a: Tornadus|Tornadus, M|299\/299
|switch|p2a: Magnezone|Magnezone|344\/344
|turn|1
|
|switch|p1a: Mega-TeamPlayer|Swampert, M|366\/366
|switch|p2a: Clefable|Clefable, F|394\/394
|
|turn|2
|
|detailschange|p1a: Mega-TeamPlayer|Swampert-Mega, M
|message|Swampert has Mega Evolved into Mega Swampert!
|move|p1a: Mega-TeamPlayer|Waterfall|p2a: Clefable
|-damage|p2a: Clefable|252\/394
|move|p2a: Clefable|Calm Mind|p2a: Clefable
|-boost|p2a: Clefable|spa|1
|-boost|p2a: Clefable|spd|1
|
|-heal|p2a: Clefable|276\/394|[from] item: Leftovers
|turn|3
|join|voidtoxin
|
|switch|p1a: Shitfrog|Politoed, M|383\/383
|-weather|RainDance
|move|p2a: Clefable|Soft-Boiled|p2a: Clefable
|-heal|p2a: Clefable|394\/394
|
|-weather|RainDance|[upkeep]
|turn|4
|
|move|p1a: Shitfrog|Encore|p2a: Clefable
|-start|p2a: Clefable|Encore
|move|p2a: Clefable|Soft-Boiled|p2a: Clefable
|-fail|p2a: Clefable
|
|-weather|RainDance|[upkeep]
|turn|5
|
|switch|p1a: Master?|Omastar, M|292\/292
|switch|p2a: Magnezone|Magnezone|344\/344
|
|-weather|RainDance|[upkeep]
|turn|6
|
|switch|p2a: Rotom-Wash|Rotom-Wash|304\/304
|move|p1a: Master?|Hydro Pump|p2a: Rotom-Wash
|-resisted|p2a: Rotom-Wash
|-damage|p2a: Rotom-Wash|134\/304
|-damage|p1a: Master?|263\/292|[from] item: Life Orb
|
|-weather|RainDance|[upkeep]
|-heal|p2a: Rotom-Wash|153\/304|[from] item: Leftovers
|turn|7
|leave|voidtoxin
|
|switch|p2a: Azumarill|Azumarill, M|404\/404
|move|p1a: Master?|Hydro Pump|p2a: Azumarill
|-resisted|p2a: Azumarill
|-damage|p2a: Azumarill|268\/404
|-damage|p1a: Master?|234\/292|[from] item: Life Orb
|
|-weather|RainDance|[upkeep]
|turn|8
|
|switch|p1a: Inb4 hpfire|Ferrothorn, F|352\/352
|move|p2a: Azumarill|Knock Off|p1a: Inb4 hpfire
|-damage|p1a: Inb4 hpfire|261\/352
|-damage|p2a: Azumarill|218\/404|[from] ability: Iron Barbs|[of] p1a: Inb4 hpfire
|-enditem|p1a: Inb4 hpfire|Leftovers|[from] move: Knock Off|[of] p2a: Azumarill
|
|-weather|RainDance|[upkeep]
|turn|9
|
|switch|p2a: Sceptile|Sceptile, F|282\/282
|move|p1a: Inb4 hpfire|Gyro Ball|p2a: Sceptile
|-damage|p2a: Sceptile|45\/282
|
|-weather|RainDance|[upkeep]
|turn|10
|
|detailschange|p2a: Sceptile|Sceptile-Mega, F
|message|Sceptile has Mega Evolved into Mega Sceptile!
|move|p2a: Sceptile|Hidden Power|p1a: Inb4 hpfire
|-supereffective|p1a: Inb4 hpfire
|-damage|p1a: Inb4 hpfire|141\/352
|move|p1a: Inb4 hpfire|Gyro Ball|p2a: Sceptile
|-damage|p2a: Sceptile|0 fnt
|faint|p2a: Sceptile
|
|-weather|none
|
|switch|p2a: Rotom-Wash|Rotom-Wash|153\/304
|turn|11
|
|move|p2a: Rotom-Wash|Will-O-Wisp|p1a: Inb4 hpfire
|-status|p1a: Inb4 hpfire|brn
|move|p1a: Inb4 hpfire|Leech Seed|p2a: Rotom-Wash
|-start|p2a: Rotom-Wash|move: Leech Seed
|
|-heal|p2a: Rotom-Wash|172\/304|[from] item: Leftovers
|-damage|p2a: Rotom-Wash|134\/304|[from] Leech Seed|[of] p1a: Inb4 hpfire
|-heal|p1a: Inb4 hpfire|179\/352 brn|[silent]
|-damage|p1a: Inb4 hpfire|135\/352 brn|[from] brn
|turn|12
|
|switch|p2a: Magnezone|Magnezone|344\/344
|move|p1a: Inb4 hpfire|Stealth Rock|p2a: Magnezone
|-sidestart|p2: Psyckid|move: Stealth Rock
|
|-damage|p1a: Inb4 hpfire|91\/352 brn|[from] brn
|turn|13
|
|move|p2a: Magnezone|Hidden Power|p1a: Inb4 hpfire
|-supereffective|p1a: Inb4 hpfire
|-damage|p1a: Inb4 hpfire|0 fnt
|faint|p1a: Inb4 hpfire
|
|
|switch|p1a: Master?|Omastar, M|234\/292
|turn|14
|
|switch|p2a: Rotom-Wash|Rotom-Wash|134\/304
|-damage|p2a: Rotom-Wash|96\/304|[from] Stealth Rock
|move|p1a: Master?|Shell Smash|p1a: Master?
|-boost|p1a: Master?|atk|2
|-boost|p1a: Master?|spa|2
|-boost|p1a: Master?|spe|2
|-unboost|p1a: Master?|def|1
|-unboost|p1a: Master?|spd|1
|
|-heal|p2a: Rotom-Wash|115\/304|[from] item: Leftovers
|turn|15
|
|move|p1a: Master?|Hidden Power|p2a: Rotom-Wash
|-supereffective|p2a: Rotom-Wash
|-damage|p2a: Rotom-Wash|0 fnt
|-damage|p1a: Master?|205\/292|[from] item: Life Orb
|faint|p2a: Rotom-Wash
|
|
|switch|p2a: Scizor|Scizor, M|344\/344
|-damage|p2a: Scizor|301\/344|[from] Stealth Rock
|turn|16
|
|switch|p1a: Shitfrog|Politoed, M|383\/383
|-weather|RainDance
|move|p2a: Scizor|Bullet Punch|p1a: Shitfrog
|-resisted|p1a: Shitfrog
|-damage|p1a: Shitfrog|293\/383
|-damage|p2a: Scizor|267\/344|[from] item: Life Orb
|
|-weather|RainDance|[upkeep]
|turn|17
|
|move|p1a: Shitfrog|Scald|p2a: Scizor
|-damage|p2a: Scizor|119\/344
|move|p2a: Scizor|Bug Bite|p1a: Shitfrog
|-damage|p1a: Shitfrog|1\/383
|-damage|p2a: Scizor|85\/344|[from] item: Life Orb
|
|-weather|RainDance|[upkeep]
|turn|18
|
|move|p2a: Scizor|Bullet Punch|p1a: Shitfrog
|-resisted|p1a: Shitfrog
|-damage|p1a: Shitfrog|0 fnt
|-damage|p2a: Scizor|51\/344|[from] item: Life Orb
|faint|p1a: Shitfrog
|
|-weather|RainDance|[upkeep]
|
|switch|p1a: Mega-TeamPlayer|Swampert-Mega, M|366\/366
|turn|19
|
|move|p2a: Scizor|Bullet Punch|p1a: Mega-TeamPlayer
|-resisted|p1a: Mega-TeamPlayer
|-damage|p1a: Mega-TeamPlayer|297\/366
|-damage|p2a: Scizor|17\/344|[from] item: Life Orb
|move|p1a: Mega-TeamPlayer|Power-Up Punch|p2a: Scizor
|-damage|p2a: Scizor|0 fnt
|-boost|p1a: Mega-TeamPlayer|atk|1
|faint|p2a: Scizor
|
|-weather|RainDance|[upkeep]
|
|switch|p2a: Clefable|Clefable, F|394\/394
|turn|20
|
|switch|p1a: Sorry ;.;|Gothitelle, F|281\/281
|move|p2a: Clefable|Moonblast|p1a: Sorry ;.;
|-damage|p1a: Sorry ;.;|182\/281
|
|-weather|RainDance|[upkeep]
|turn|21
|
|move|p1a: Sorry ;.;|Trick|p2a: Clefable
|-activate|p1a: Sorry ;.;|move: Trick|[of] p2a: Clefable
|-item|p2a: Clefable|Choice Specs|[from] move: Trick
|-item|p1a: Sorry ;.;|Leftovers|[from] move: Trick
|move|p2a: Clefable|Moonblast|p1a: Sorry ;.;
|-damage|p1a: Sorry ;.;|41\/281
|
|-weather|RainDance|[upkeep]
|-heal|p1a: Sorry ;.;|58\/281|[from] item: Leftovers
|turn|22
|
|move|p1a: Sorry ;.;|Thunderbolt|p2a: Clefable
|-damage|p2a: Clefable|291\/394
|move|p2a: Clefable|Moonblast|p1a: Sorry ;.;
|-damage|p1a: Sorry ;.;|0 fnt
|faint|p1a: Sorry ;.;
|
|-weather|RainDance|[upkeep]
|
|switch|p1a: Mega-TeamPlayer|Swampert-Mega, M|297\/366
|turn|23
|
|move|p1a: Mega-TeamPlayer|Waterfall|p2a: Clefable
|-damage|p2a: Clefable|80\/394
|move|p2a: Clefable|Moonblast|p1a: Mega-TeamPlayer
|-damage|p1a: Mega-TeamPlayer|150\/366
|
|-weather|none
|turn|24
|
|move|p1a: Mega-TeamPlayer|Earthquake|p2a: Clefable
|-damage|p2a: Clefable|0 fnt
|faint|p2a: Clefable
|
|
|switch|p2a: Azumarill|Azumarill, M|218\/404
|-damage|p2a: Azumarill|168\/404|[from] Stealth Rock
|turn|25
|
|move|p1a: Mega-TeamPlayer|Earthquake|p2a: Azumarill
|-damage|p2a: Azumarill|0 fnt
|faint|p2a: Azumarill
|
|
|switch|p2a: Magnezone|Magnezone|344\/344
|-damage|p2a: Magnezone|323\/344|[from] Stealth Rock
|turn|26
|
|move|p1a: Mega-TeamPlayer|Earthquake|p2a: Magnezone
|-supereffective|p2a: Magnezone
|-damage|p2a: Magnezone|0 fnt
|faint|p2a: Magnezone
|
|win|SlurpuffIzFood
|raw|Ladder updating...
|raw|SlurpuffIzFood's rating: 1333 &rarr; <strong>1347<\/strong><br \/>(+14 for winning)
|raw|Psyckid's rating: 1226 &rarr; <strong>1209<\/strong><br \/>(-17 for losing)
|leave|Psyckid
|player|p2
|c|âSlurpuffIzFood|gg