|join|Jarid
|join|SlurpuffIzFood
|player|p1|Jarid|248
|player|p2|SlurpuffIzFood|172
|gametype|singles
|gen|6
|tier|ORAS OU
|rated
|rule|Sleep Clause Mod: Limit one foe put to sleep
|rule|Species Clause: Limit one of each PokÃ©mon
|rule|OHKO Clause: OHKO moves are banned
|rule|Moody Clause: Moody is banned
|rule|Evasion Moves Clause: Evasion moves are banned
|rule|Endless Battle Clause: Forcing endless battles is banned
|rule|HP Percentage Mod: HP is shown in percentages
|clearpoke
|poke|p1|Glalie, F
|poke|p1|Diggersby, F
|poke|p1|Chesnaught, F
|poke|p1|Heatran, M
|poke|p1|Infernape, F
|poke|p1|Landorus-Therian, M
|poke|p2|Swampert, F
|poke|p2|Politoed, M
|poke|p2|Ferrothorn, F
|poke|p2|Gothitelle, M
|poke|p2|Omastar, F
|poke|p2|Tornadus, M
|rule|Swagger Clause: Swagger is banned
|rule|Baton Pass Clause: Limit one PokÃ©mon knowing Baton Pass
|teampreview
|
|start
|switch|p1a: Glalie|Glalie, F|301\/301
|switch|p2a: Tornadus|Tornadus, M|299\/299
|turn|1
|
|detailschange|p1a: Glalie|Glalie-Mega, F
|message|Glalie has Mega Evolved into Mega Glalie!
|move|p1a: Glalie|Ice Shard|p2a: Tornadus
|-supereffective|p2a: Tornadus
|-damage|p2a: Tornadus|111\/299
|move|p2a: Tornadus|Focus Blast|p1a: Glalie
|-supereffective|p1a: Glalie
|-damage|p1a: Glalie|0 fnt
|-damage|p2a: Tornadus|82\/299|[from] item: Life Orb
|faint|p1a: Glalie
|
|
|switch|p1a: Landorus-Therian|Landorus-Therian, M|320\/320
|-ability|p1a: Landorus-Therian|Intimidate|[of] p2a: Tornadus
|-unboost|p2a: Tornadus|atk|1
|turn|2
|
|switch|p2a: Inb4 hpfire|Ferrothorn, F|352\/352
|move|p1a: Landorus-Therian|Knock Off|p2a: Inb4 hpfire
|-damage|p2a: Inb4 hpfire|260\/352
|-damage|p1a: Landorus-Therian|280\/320|[from] ability: Iron Barbs|[of] p2a: Inb4 hpfire
|-enditem|p2a: Inb4 hpfire|Leftovers|[from] move: Knock Off|[of] p1a: Landorus-Therian
|
|turn|3
|
|switch|p1a: Chesnaught|Chesnaught, F|380\/380
|move|p2a: Inb4 hpfire|Stealth Rock|p1a: Chesnaught
|-sidestart|p1: Jarid|move: Stealth Rock
|
|turn|4
|
|switch|p2a: Sorry ;.;|Gothitelle, M|281\/281
|move|p1a: Chesnaught|Spikes|p2a: Sorry ;.;
|-sidestart|p2: SlurpuffIzFood|Spikes
|
|turn|5
|
|move|p1a: Chesnaught|Spiky Shield|p1a: Chesnaught
|-singleturn|p1a: Chesnaught|move: Protect
|move|p2a: Sorry ;.;|Psyshock|p1a: Chesnaught
|-activate|p1a: Chesnaught|move: Protect
|
|turn|6
|
|move|p2a: Sorry ;.;|Psyshock|p1a: Chesnaught
|-crit|p1a: Chesnaught
|-supereffective|p1a: Chesnaught
|-damage|p1a: Chesnaught|50\/380
|move|p1a: Chesnaught|Leech Seed|p2a: Sorry ;.;
|-start|p2a: Sorry ;.;|move: Leech Seed
|
|-heal|p1a: Chesnaught|73\/380|[from] item: Leftovers
|-damage|p2a: Sorry ;.;|246\/281|[from] Leech Seed|[of] p1a: Chesnaught
|-heal|p1a: Chesnaught|108\/380|[silent]
|turn|7
|
|move|p1a: Chesnaught|Spiky Shield|p1a: Chesnaught
|-singleturn|p1a: Chesnaught|move: Protect
|move|p2a: Sorry ;.;|Psyshock|p1a: Chesnaught
|-activate|p1a: Chesnaught|move: Protect
|
|-heal|p1a: Chesnaught|131\/380|[from] item: Leftovers
|-damage|p2a: Sorry ;.;|211\/281|[from] Leech Seed|[of] p1a: Chesnaught
|-heal|p1a: Chesnaught|166\/380|[silent]
|turn|8
|
|move|p1a: Chesnaught|Spiky Shield|p1a: Chesnaught
|-fail|p1a: Chesnaught
|move|p2a: Sorry ;.;|Psyshock|p1a: Chesnaught
|-supereffective|p1a: Chesnaught
|-damage|p1a: Chesnaught|0 fnt
|faint|p1a: Chesnaught
|
|
|switch|p1a: Diggersby|Diggersby, F|311\/311
|-damage|p1a: Diggersby|292\/311|[from] Stealth Rock
|turn|9
|
|move|p1a: Diggersby|Swords Dance|p1a: Diggersby
|-boost|p1a: Diggersby|atk|2
|move|p2a: Sorry ;.;|Psyshock|p1a: Diggersby
|-damage|p1a: Diggersby|72\/311
|
|-damage|p2a: Sorry ;.;|176\/281|[from] Leech Seed|[of] p1a: Diggersby
|-heal|p1a: Diggersby|107\/311|[silent]
|turn|10
|
|move|p1a: Diggersby|Earthquake|p2a: Sorry ;.;
|-damage|p2a: Sorry ;.;|0 fnt
|-damage|p1a: Diggersby|76\/311|[from] item: Life Orb
|faint|p2a: Sorry ;.;
|
|
|switch|p2a: Shitfrog|Politoed, M|383\/383
|-damage|p2a: Shitfrog|336\/383|[from] Spikes
|-weather|RainDance
|turn|11
|
|switch|p2a: Tornadus|Tornadus, M|82\/299
|move|p1a: Diggersby|Return|p2a: Tornadus
|-damage|p2a: Tornadus|0 fnt
|-damage|p1a: Diggersby|45\/311|[from] item: Life Orb
|faint|p2a: Tornadus
|
|-weather|RainDance|[upkeep]
|
|switch|p2a: Master?|Omastar, F|292\/292
|-damage|p2a: Master?|256\/292|[from] Spikes
|turn|12
|
|move|p1a: Diggersby|Quick Attack|p2a: Master?
|-resisted|p2a: Master?
|-damage|p2a: Master?|164\/292
|-damage|p1a: Diggersby|14\/311|[from] item: Life Orb
|move|p2a: Master?|Ice Beam|p1a: Diggersby
|-supereffective|p1a: Diggersby
|-damage|p1a: Diggersby|0 fnt
|-damage|p2a: Master?|135\/292|[from] item: Life Orb
|faint|p1a: Diggersby
|
|-weather|RainDance|[upkeep]
|
|switch|p1a: Heatran|Heatran, M|386\/386
|-damage|p1a: Heatran|338\/386|[from] Stealth Rock
|turn|13
|
|move|p1a: Heatran|Protect|p1a: Heatran
|-singleturn|p1a: Heatran|Protect
|move|p2a: Master?|Hydro Pump|p1a: Heatran
|-activate|p1a: Heatran|Protect
|
|-weather|RainDance|[upkeep]
|-heal|p1a: Heatran|362\/386|[from] item: Leftovers
|turn|14
|
|move|p2a: Master?|Hydro Pump|p1a: Heatran
|-supereffective|p1a: Heatran
|-damage|p1a: Heatran|0 fnt
|-damage|p2a: Master?|106\/292|[from] item: Life Orb
|faint|p1a: Heatran
|
|-weather|RainDance|[upkeep]
|
|switch|p1a: Landorus-Therian|Landorus-Therian, M|280\/320
|-damage|p1a: Landorus-Therian|240\/320|[from] Stealth Rock
|-ability|p1a: Landorus-Therian|Intimidate|[of] p2a: Master?
|-unboost|p2a: Master?|atk|1
|turn|15
|
|move|p2a: Master?|Hydro Pump|p1a: Landorus-Therian
|-supereffective|p1a: Landorus-Therian
|-damage|p1a: Landorus-Therian|0 fnt
|-damage|p2a: Master?|77\/292|[from] item: Life Orb
|faint|p1a: Landorus-Therian
|
|-weather|RainDance|[upkeep]
|
|switch|p1a: Infernape|Infernape, F|293\/293
|-damage|p1a: Infernape|257\/293|[from] Stealth Rock
|turn|16
|
|move|p2a: Master?|Hydro Pump|p1a: Infernape
|-supereffective|p1a: Infernape
|-damage|p1a: Infernape|0 fnt
|-damage|p2a: Master?|48\/292|[from] item: Life Orb
|faint|p1a: Infernape
|
|win|SlurpuffIzFood
|raw|Ladder updating...
|raw|Jarid's rating: 1449 &rarr; <strong>1423<\/strong><br \/>(-26 for losing)
|raw|SlurpuffIzFood's rating: 1347 &rarr; <strong>1373<\/strong><br \/>(+26 for winning)
|leave|Jarid
|player|p1