|join|treelover
|join|SlurpuffIzFood
|player|p1|treelover|265
|player|p2|SlurpuffIzFood|172
|gametype|singles
|gen|6
|tier|ORAS OU
|rated
|rule|Sleep Clause Mod: Limit one foe put to sleep
|rule|Species Clause: Limit one of each PokÃ©mon
|rule|OHKO Clause: OHKO moves are banned
|rule|Moody Clause: Moody is banned
|rule|Evasion Moves Clause: Evasion moves are banned
|rule|Endless Battle Clause: Forcing endless battles is banned
|rule|HP Percentage Mod: HP is shown in percentages
|clearpoke
|poke|p1|Swampert, M
|poke|p1|Politoed, F
|poke|p1|Ferrothorn, M
|poke|p1|Kingdra, M
|poke|p1|Kabutops, F
|poke|p1|Tornadus-Therian, M
|poke|p2|Keldeo
|poke|p2|Mew
|poke|p2|Altaria, F
|poke|p2|Rhyperior, F
|poke|p2|Excadrill, M
|poke|p2|Thundurus, M
|rule|Swagger Clause: Swagger is banned
|rule|Baton Pass Clause: Limit one PokÃ©mon knowing Baton Pass
|teampreview
|
|start
|switch|p1a: Politoed|Politoed, F|321\/321
|switch|p2a: Mew|Mew|404\/404
|-weather|RainDance
|turn|1
|
|move|p2a: Mew|Knock Off|p1a: Politoed
|-damage|p1a: Politoed|231\/321
|-enditem|p1a: Politoed|Damp Rock|[from] move: Knock Off|[of] p2a: Mew
|move|p1a: Politoed|Scald|p2a: Mew
|-damage|p2a: Mew|211\/404
|
|-weather|RainDance|[upkeep]
|-heal|p2a: Mew|236\/404|[from] item: Leftovers
|turn|2
|
|move|p2a: Mew|Will-O-Wisp|p1a: Politoed
|-status|p1a: Politoed|brn
|move|p1a: Politoed|Toxic|p2a: Mew|[miss]
|-miss|p1a: Politoed|p2a: Mew
|
|-weather|RainDance|[upkeep]
|-heal|p2a: Mew|261\/404|[from] item: Leftovers
|-damage|p1a: Politoed|191\/321 brn|[from] brn
|turn|3
|c|âtreelover|...
|
|switch|p1a: Tornadus-Therian|Tornadus-Therian, M|299\/299
|move|p2a: Mew|Taunt|p1a: Tornadus-Therian
|-start|p1a: Tornadus-Therian|move: Taunt
|
|-weather|RainDance|[upkeep]
|-heal|p2a: Mew|286\/404|[from] item: Leftovers
|turn|4
|
|switch|p2a: Altaria|Altaria, F|353\/353
|move|p1a: Tornadus-Therian|Hurricane|p2a: Altaria
|-damage|p2a: Altaria|154\/353
|-damage|p1a: Tornadus-Therian|270\/299|[from] item: Life Orb
|
|-weather|RainDance|[upkeep]
|turn|5
|
|detailschange|p2a: Altaria|Altaria-Mega, F
|message|Altaria has Mega Evolved into Mega Altaria!
|move|p1a: Tornadus-Therian|Hurricane|p2a: Altaria
|-damage|p2a: Altaria|0 fnt
|-damage|p1a: Tornadus-Therian|241\/299|[from] item: Life Orb
|faint|p2a: Altaria
|
|-weather|RainDance|[upkeep]
|
|switch|p2a: Thundurus|Thundurus, M|299\/299
|turn|6
|
|switch|p1a: Swampert|Swampert, M|341\/341
|move|p2a: Thundurus|Focus Blast|p1a: Swampert
|-damage|p1a: Swampert|143\/341
|-damage|p2a: Thundurus|270\/299|[from] item: Life Orb
|
|-weather|RainDance|[upkeep]
|turn|7
|
|detailschange|p1a: Swampert|Swampert-Mega, M
|message|Swampert has Mega Evolved into Mega Swampert!
|move|p2a: Thundurus|Focus Blast|p1a: Swampert
|-damage|p1a: Swampert|0 fnt
|-damage|p2a: Thundurus|241\/299|[from] item: Life Orb
|faint|p1a: Swampert
|
|-weather|RainDance|[upkeep]
|
|switch|p1a: Ferrothorn|Ferrothorn, M|352\/352
|turn|8
|
|move|p2a: Thundurus|Focus Blast|p1a: Ferrothorn|[miss]
|-miss|p2a: Thundurus|p1a: Ferrothorn
|move|p1a: Ferrothorn|Leech Seed|p2a: Thundurus
|-start|p2a: Thundurus|move: Leech Seed
|
|-weather|none
|-damage|p2a: Thundurus|204\/299|[from] Leech Seed|[of] p1a: Ferrothorn
|turn|9
|
|switch|p2a: Mew|Mew|286\/404
|move|p1a: Ferrothorn|Gyro Ball|p2a: Mew
|-damage|p2a: Mew|150\/404
|
|-heal|p2a: Mew|175\/404|[from] item: Leftovers
|turn|10
|
|switch|p1a: Tornadus-Therian|Tornadus-Therian, M|299\/299
|move|p2a: Mew|Taunt|p1a: Tornadus-Therian
|-start|p1a: Tornadus-Therian|move: Taunt
|
|-heal|p2a: Mew|200\/404|[from] item: Leftovers
|turn|11
|
|switch|p2a: Thundurus|Thundurus, M|204\/299
|move|p1a: Tornadus-Therian|U-turn|p2a: Thundurus
|-resisted|p2a: Thundurus
|-damage|p2a: Thundurus|164\/299
|-damage|p1a: Tornadus-Therian|270\/299|[from] item: Life Orb
|
|switch|p1a: Politoed|Politoed, F|191\/321 brn
|-weather|RainDance
|
|-weather|RainDance|[upkeep]
|-damage|p1a: Politoed|151\/321 brn|[from] brn
|turn|12
|
|switch|p1a: Ferrothorn|Ferrothorn, M|352\/352
|move|p2a: Thundurus|Thunderbolt|p1a: Ferrothorn
|-resisted|p1a: Ferrothorn
|-damage|p1a: Ferrothorn|281\/352
|-status|p1a: Ferrothorn|par
|-damage|p2a: Thundurus|135\/299|[from] item: Life Orb
|
|-weather|RainDance|[upkeep]
|-heal|p1a: Ferrothorn|303\/352 par|[from] item: Leftovers
|turn|13
|
|switch|p2a: Mew|Mew|200\/404
|move|p1a: Ferrothorn|Leech Seed|p2a: Mew
|-start|p2a: Mew|move: Leech Seed
|
|-weather|RainDance|[upkeep]
|-heal|p2a: Mew|225\/404|[from] item: Leftovers
|-heal|p1a: Ferrothorn|325\/352 par|[from] item: Leftovers
|-damage|p2a: Mew|175\/404|[from] Leech Seed|[of] p1a: Ferrothorn
|-heal|p1a: Ferrothorn|352\/352 par|[silent]
|turn|14
|
|switch|p1a: Tornadus-Therian|Tornadus-Therian, M|299\/299
|move|p2a: Mew|Taunt|p1a: Tornadus-Therian
|-start|p1a: Tornadus-Therian|move: Taunt
|
|-weather|RainDance|[upkeep]
|-heal|p2a: Mew|200\/404|[from] item: Leftovers
|-damage|p2a: Mew|150\/404|[from] Leech Seed|[of] p1a: Tornadus-Therian
|turn|15
|
|switch|p2a: Excadrill|Excadrill, M|361\/361
|-ability|p2a: Excadrill|Mold Breaker
|move|p1a: Tornadus-Therian|Hurricane|p2a: Excadrill
|-resisted|p2a: Excadrill
|-damage|p2a: Excadrill|208\/361
|-damage|p1a: Tornadus-Therian|270\/299|[from] item: Life Orb
|
|-weather|none
|turn|16
|
|switch|p1a: Ferrothorn|Ferrothorn, M|352\/352 par
|move|p2a: Excadrill|Rock Slide|p1a: Ferrothorn
|-resisted|p1a: Ferrothorn
|-damage|p1a: Ferrothorn|318\/352 par
|
|-heal|p1a: Ferrothorn|340\/352 par|[from] item: Leftovers
|turn|17
|
|switch|p2a: Mew|Mew|150\/404
|switch|p1a: Politoed|Politoed, F|151\/321 brn
|-weather|RainDance
|
|-weather|RainDance|[upkeep]
|-heal|p2a: Mew|175\/404|[from] item: Leftovers
|-damage|p1a: Politoed|111\/321 brn|[from] brn
|turn|18
|
|move|p2a: Mew|Soft-Boiled|p2a: Mew
|-heal|p2a: Mew|377\/404
|move|p1a: Politoed|Rest|p1a: Politoed
|-status|p1a: Politoed|slp
|-heal|p1a: Politoed|321\/321 slp|[silent]
|-status|p1a: Politoed|slp|[from] move: Rest
|
|-weather|RainDance|[upkeep]
|-heal|p2a: Mew|402\/404|[from] item: Leftovers
|turn|19
|
|move|p2a: Mew|Knock Off|p1a: Politoed
|-damage|p1a: Politoed|254\/321 slp
|cant|p1a: Politoed|slp
|
|-weather|RainDance|[upkeep]
|-heal|p2a: Mew|404\/404|[from] item: Leftovers
|turn|20
|
|move|p2a: Mew|Taunt|p1a: Politoed
|-start|p1a: Politoed|move: Taunt
|cant|p1a: Politoed|slp
|
|-weather|RainDance|[upkeep]
|turn|21
|
|move|p2a: Mew|Knock Off|p1a: Politoed
|-damage|p1a: Politoed|189\/321 slp
|-curestatus|p1a: Politoed|slp
|move|p1a: Politoed|Scald|p2a: Mew
|-damage|p2a: Mew|235\/404
|-status|p2a: Mew|brn
|-status|p1a: Politoed|brn
|
|-weather|none
|-heal|p2a: Mew|260\/404 brn|[from] item: Leftovers
|-damage|p2a: Mew|210\/404 brn|[from] brn
|-damage|p1a: Politoed|149\/321 brn|[from] brn
|turn|22
|
|switch|p1a: Tornadus-Therian|Tornadus-Therian, M|299\/299
|move|p2a: Mew|Knock Off|p1a: Tornadus-Therian
|-damage|p1a: Tornadus-Therian|255\/299
|-enditem|p1a: Tornadus-Therian|Life Orb|[from] move: Knock Off|[of] p2a: Mew
|
|-heal|p2a: Mew|235\/404 brn|[from] item: Leftovers
|-damage|p2a: Mew|185\/404 brn|[from] brn
|turn|23
|
|move|p1a: Tornadus-Therian|U-turn|p2a: Mew
|-supereffective|p2a: Mew
|-damage|p2a: Mew|109\/404 brn
|
|switch|p1a: Kabutops|Kabutops, F|261\/261
|move|p2a: Mew|Soft-Boiled|p2a: Mew
|-heal|p2a: Mew|311\/404 brn
|
|-heal|p2a: Mew|336\/404 brn|[from] item: Leftovers
|-damage|p2a: Mew|286\/404 brn|[from] brn
|turn|24
|
|move|p2a: Mew|Will-O-Wisp|p1a: Kabutops|[miss]
|-miss|p2a: Mew|p1a: Kabutops
|move|p1a: Kabutops|Knock Off|p2a: Mew
|-supereffective|p2a: Mew
|-damage|p2a: Mew|26\/404 brn
|-enditem|p2a: Mew|Leftovers|[from] move: Knock Off|[of] p1a: Kabutops
|-damage|p1a: Kabutops|235\/261|[from] item: Life Orb
|
|-damage|p2a: Mew|0 fnt|[from] brn
|faint|p2a: Mew
|
|switch|p2a: Thundurus|Thundurus, M|135\/299
|turn|25
|c|âtreelover|2ez
|
|switch|p1a: Ferrothorn|Ferrothorn, M|340\/352 par
|move|p2a: Thundurus|Focus Blast|p1a: Ferrothorn
|-crit|p1a: Ferrothorn
|-supereffective|p1a: Ferrothorn
|-damage|p1a: Ferrothorn|0 fnt
|-damage|p2a: Thundurus|106\/299|[from] item: Life Orb
|faint|p1a: Ferrothorn
|
|
|switch|p1a: Politoed|Politoed, F|149\/321 brn
|-weather|RainDance
|turn|26
|c|âSlurpuffIzFood|2ez
|c|âtreelover|haha
|c|âtreelover|its called a sack dickhead
|c|âSlurpuffIzFood|:]
|
|switch|p1a: Tornadus-Therian|Tornadus-Therian, M|299\/299
|move|p2a: Thundurus|Thunderbolt|p1a: Tornadus-Therian
|-supereffective|p1a: Tornadus-Therian
|-damage|p1a: Tornadus-Therian|0 fnt
|-damage|p2a: Thundurus|77\/299|[from] item: Life Orb
|faint|p1a: Tornadus-Therian
|
|-weather|RainDance|[upkeep]
|
|switch|p1a: Kingdra|Kingdra, M|291\/291
|turn|27
|
|move|p2a: Thundurus|Thunder Wave|p1a: Kingdra
|-status|p1a: Kingdra|par
|move|p1a: Kingdra|Dragon Pulse|p2a: Thundurus
|-damage|p2a: Thundurus|0 fnt
|-damage|p1a: Kingdra|262\/291 par|[from] item: Life Orb
|faint|p2a: Thundurus
|
|-weather|RainDance|[upkeep]
|
|switch|p2a: Rhyperior|Rhyperior, F|433\/433
|turn|28
|
|move|p1a: Kingdra|Scald|p2a: Rhyperior
|-supereffective|p2a: Rhyperior
|-damage|p2a: Rhyperior|0 fnt
|-damage|p1a: Kingdra|233\/291 par|[from] item: Life Orb
|faint|p2a: Rhyperior
|
|-weather|RainDance|[upkeep]
|
|switch|p2a: Excadrill|Excadrill, M|208\/361
|-ability|p2a: Excadrill|Mold Breaker
|turn|29
|
|move|p2a: Excadrill|Earthquake|p1a: Kingdra
|-damage|p1a: Kingdra|32\/291 par
|move|p1a: Kingdra|Scald|p2a: Excadrill
|-supereffective|p2a: Excadrill
|-damage|p2a: Excadrill|0 fnt
|-damage|p1a: Kingdra|3\/291 par|[from] item: Life Orb
|faint|p2a: Excadrill
|
|-weather|RainDance|[upkeep]
|
|switch|p2a: Keldeo|Keldeo|323\/323
|turn|30
|
|move|p2a: Keldeo|Secret Sword|p1a: Kingdra
|-damage|p1a: Kingdra|0 fnt
|faint|p1a: Kingdra
|
|-weather|none
|
|switch|p1a: Politoed|Politoed, F|149\/321 brn
|-weather|RainDance
|turn|31
|c|âtreelover|yuck
|c|âtreelover|looks like ive lost
|c|âtreelover|to a cunt
|c|âSlurpuffIzFood|wow
|
|move|p2a: Keldeo|Secret Sword|p1a: Politoed
|-crit|p1a: Politoed
|-damage|p1a: Politoed|0 fnt
|faint|p1a: Politoed
|
|-weather|RainDance|[upkeep]
|c|âSlurpuffIzFood|says the cunt
|
|switch|p1a: Kabutops|Kabutops, F|235\/261
|turn|32
|c|âtreelover|lol
|c|âSlurpuffIzFood|rood
|c|âtreelover|anyways
|c|âtreelover|lets hope we get the crit flinch
|c|âSlurpuffIzFood|:[
|c|âtreelover|and put this cunt in her place
|
|move|p1a: Kabutops|Waterfall|p2a: Keldeo
|-resisted|p2a: Keldeo
|-damage|p2a: Keldeo|179\/323
|-damage|p1a: Kabutops|209\/261|[from] item: Life Orb
|move|p2a: Keldeo|Scald|p1a: Kabutops
|-damage|p1a: Kabutops|0 fnt
|faint|p1a: Kabutops
|
|win|SlurpuffIzFood
|raw|Ladder updating...
|raw|treelover's rating: 1601 &rarr; <strong>1570<\/strong><br \/>(-31 for losing)
|raw|SlurpuffIzFood's rating: 1374 &rarr; <strong>1406<\/strong><br \/>(+32 for winning)
|c|âtreelover|fuck
|c|âtreelover|gg
|c|âSlurpuffIzFood|:]
|c|âSlurpuffIzFood|gg
|leave|treelover
|player|p1