|join|Grino
|join|SlurpuffIzFood
|player|p1|Grino|265
|player|p2|SlurpuffIzFood|172
|gametype|singles
|gen|6
|tier|OU
|rated
|clearpoke
|poke|p1|Altaria, M
|poke|p1|Hippowdon, F
|poke|p1|Latios, M
|poke|p1|Keldeo
|poke|p1|Magnezone
|poke|p1|Weavile, M
|poke|p2|Beedrill, M
|poke|p2|Greninja, F
|poke|p2|Scizor, M
|poke|p2|Latios, M
|poke|p2|Landorus-Therian, M
|poke|p2|Heatran, F
|rule|Swagger Clause: Swagger is banned
|rule|Baton Pass Clause: Limit one PokÃ©mon knowing Baton Pass
|rule|Sleep Clause Mod: Limit one foe put to sleep
|rule|Species Clause: Limit one of each PokÃ©mon
|rule|OHKO Clause: OHKO moves are banned
|rule|Moody Clause: Moody is banned
|rule|Evasion Moves Clause: Evasion moves are banned
|rule|Endless Battle Clause: Forcing endless battles is banned
|rule|HP Percentage Mod: HP is shown in percentages
|teampreview
|
|start
|switch|p1a: Keldeo|Keldeo|323\/323
|switch|p2a: Latios|Latios, M|301\/301
|turn|1
|
|switch|p1a: Altaria|Altaria, M|353\/353
|move|p2a: Latios|Dragon Pulse|p1a: Altaria
|-supereffective|p1a: Altaria
|-damage|p1a: Altaria|71\/353
|
|turn|2
|
|switch|p2a: Shit|Beedrill, M|271\/271
|switch|p1a: Weavile|Weavile, M|281\/281
|-ability|p1a: Weavile|Pressure
|
|turn|3
|
|detailschange|p2a: Shit|Beedrill-Mega, M
|message|Beedrill has Mega Evolved into Mega Beedrill!
|move|p2a: Shit|Protect|p2a: Shit
|-singleturn|p2a: Shit|Protect
|move|p1a: Weavile|Icicle Crash|p2a: Shit
|-activate|p2a: Shit|Protect
|
|turn|4
|
|switch|p2a: Scizor|Scizor, M|343\/343
|switch|p1a: Hippowdon|Hippowdon, F|420\/420
|-weather|Sandstorm
|
|-weather|Sandstorm|[upkeep]
|turn|5
|
|move|p2a: Scizor|U-turn|p1a: Hippowdon
|-crit|p1a: Hippowdon
|-damage|p1a: Hippowdon|320\/420
|
|switch|p2a: Greninja|Greninja, F|285\/285
|move|p1a: Hippowdon|Stealth Rock|p2a: Greninja
|-sidestart|p2: SlurpuffIzFood|move: Stealth Rock
|
|-weather|Sandstorm|[upkeep]
|-damage|p2a: Greninja|268\/285|[from] sandstorm
|-heal|p1a: Hippowdon|346\/420|[from] item: Leftovers
|turn|6
|
|switch|p1a: Magnezone|Magnezone|285\/285
|move|p2a: Greninja|Hydro Pump|p1a: Magnezone
|-start|p2a: Greninja|typechange|Water|[from] Protean
|-damage|p1a: Magnezone|35\/285
|-damage|p2a: Greninja|240\/285|[from] item: Life Orb
|
|-weather|Sandstorm|[upkeep]
|-damage|p2a: Greninja|223\/285|[from] sandstorm
|turn|7
|
|switch|p1a: Keldeo|Keldeo|323\/323
|move|p2a: Greninja|Dark Pulse|p1a: Keldeo
|-start|p2a: Greninja|typechange|Dark|[from] Protean
|-resisted|p1a: Keldeo
|-damage|p1a: Keldeo|240\/323
|-boost|p1a: Keldeo|atk|1|[from] ability: Justified
|-damage|p2a: Greninja|195\/285|[from] item: Life Orb
|
|-weather|Sandstorm|[upkeep]
|-damage|p1a: Keldeo|220\/323|[from] sandstorm
|-damage|p2a: Greninja|178\/285|[from] sandstorm
|turn|8
|
|switch|p2a: Latios|Latios, M|301\/301
|-damage|p2a: Latios|264\/301|[from] Stealth Rock
|move|p1a: Keldeo|Secret Sword|p2a: Latios
|-resisted|p2a: Latios
|-damage|p2a: Latios|171\/301
|
|-weather|none
|turn|9
|
|move|p2a: Latios|Dragon Pulse|p1a: Keldeo
|-damage|p1a: Keldeo|67\/323
|move|p1a: Keldeo|Secret Sword|p2a: Latios
|-resisted|p2a: Latios
|-damage|p2a: Latios|81\/301
|
|turn|10
|
|switch|p1a: Magnezone|Magnezone|35\/285
|move|p2a: Latios|Dragon Pulse|p1a: Magnezone
|-resisted|p1a: Magnezone
|-damage|p1a: Magnezone|0 fnt
|faint|p1a: Magnezone
|
|
|switch|p1a: Altaria|Altaria, M|71\/353
|turn|11
|
|switch|p2a: Shit|Beedrill-Mega, M|271\/271
|-damage|p2a: Shit|204\/271|[from] Stealth Rock
|detailschange|p1a: Altaria|Altaria-Mega, M
|message|Altaria has Mega Evolved into Mega Altaria!
|move|p1a: Altaria|Roost|p1a: Altaria
|-heal|p1a: Altaria|248\/353
|
|turn|12
|
|switch|p1a: Hippowdon|Hippowdon, F|346\/420
|-weather|Sandstorm
|move|p2a: Shit|Poison Jab|p1a: Hippowdon
|-resisted|p1a: Hippowdon
|-damage|p1a: Hippowdon|274\/420
|
|-weather|Sandstorm|[upkeep]
|-damage|p2a: Shit|188\/271|[from] sandstorm
|-heal|p1a: Hippowdon|300\/420|[from] item: Leftovers
|turn|13
|
|move|p2a: Shit|U-turn|p1a: Hippowdon
|-damage|p1a: Hippowdon|190\/420
|
|switch|p2a: Scizor|Scizor, M|343\/343
|-damage|p2a: Scizor|301\/343|[from] Stealth Rock
|move|p1a: Hippowdon|Toxic|p2a: Scizor|[miss]
|-miss|p1a: Hippowdon|p2a: Scizor
|
|-weather|Sandstorm|[upkeep]
|-heal|p2a: Scizor|322\/343|[from] item: Leftovers
|-heal|p1a: Hippowdon|216\/420|[from] item: Leftovers
|turn|14
|
|move|p2a: Scizor|Defog|p1a: Hippowdon
|-unboost|p1a: Hippowdon|evasion|1
|-sideend|p2: SlurpuffIzFood|Stealth Rock|[from] move: Defog|[of] p2a: Scizor
|move|p1a: Hippowdon|Slack Off|p1a: Hippowdon
|-heal|p1a: Hippowdon|420\/420
|
|-weather|Sandstorm|[upkeep]
|-heal|p2a: Scizor|343\/343|[from] item: Leftovers
|turn|15
|
|move|p2a: Scizor|Bullet Punch|p1a: Hippowdon
|-damage|p1a: Hippowdon|354\/420
|move|p1a: Hippowdon|Stealth Rock|p2a: Scizor
|-sidestart|p2: SlurpuffIzFood|move: Stealth Rock
|
|-weather|Sandstorm|[upkeep]
|-heal|p1a: Hippowdon|380\/420|[from] item: Leftovers
|turn|16
|
|move|p2a: Scizor|Defog|p1a: Hippowdon
|-unboost|p1a: Hippowdon|evasion|1
|-sideend|p2: SlurpuffIzFood|Stealth Rock|[from] move: Defog|[of] p2a: Scizor
|move|p1a: Hippowdon|Earthquake|p2a: Scizor
|-damage|p2a: Scizor|220\/343
|
|-weather|none
|-heal|p2a: Scizor|241\/343|[from] item: Leftovers
|-heal|p1a: Hippowdon|406\/420|[from] item: Leftovers
|turn|17
|
|move|p2a: Scizor|Bullet Punch|p1a: Hippowdon
|-damage|p1a: Hippowdon|346\/420
|move|p1a: Hippowdon|Stealth Rock|p2a: Scizor
|-sidestart|p2: SlurpuffIzFood|move: Stealth Rock
|
|-heal|p2a: Scizor|262\/343|[from] item: Leftovers
|-heal|p1a: Hippowdon|372\/420|[from] item: Leftovers
|turn|18
|
|move|p2a: Scizor|Defog|p1a: Hippowdon
|-unboost|p1a: Hippowdon|evasion|1
|-sideend|p2: SlurpuffIzFood|Stealth Rock|[from] move: Defog|[of] p2a: Scizor
|move|p1a: Hippowdon|Earthquake|p2a: Scizor
|-damage|p2a: Scizor|148\/343
|
|-heal|p2a: Scizor|169\/343|[from] item: Leftovers
|-heal|p1a: Hippowdon|398\/420|[from] item: Leftovers
|turn|19
|
|move|p2a: Scizor|Roost|p2a: Scizor
|-heal|p2a: Scizor|341\/343
|move|p1a: Hippowdon|Stealth Rock|p2a: Scizor
|-sidestart|p2: SlurpuffIzFood|move: Stealth Rock
|
|-heal|p2a: Scizor|343\/343|[from] item: Leftovers
|-heal|p1a: Hippowdon|420\/420|[from] item: Leftovers
|turn|20
|
|switch|p1a: Keldeo|Keldeo|67\/323
|move|p2a: Scizor|Defog|p1a: Keldeo
|-unboost|p1a: Keldeo|evasion|1
|-sideend|p2: SlurpuffIzFood|Stealth Rock|[from] move: Defog|[of] p2a: Scizor
|
|turn|21
|
|move|p1a: Keldeo|Hydro Pump|p2a: Scizor
|-damage|p2a: Scizor|160\/343
|move|p2a: Scizor|U-turn|p1a: Keldeo
|-resisted|p1a: Keldeo
|-damage|p1a: Keldeo|12\/323
|
|switch|p2a: Shit|Beedrill-Mega, M|188\/271
|
|turn|22
|
|move|p1a: Keldeo|Hydro Pump|p2a: Shit
|-damage|p2a: Shit|0 fnt
|faint|p2a: Shit
|
|
|switch|p2a: Greninja|Greninja, F|178\/285
|turn|23
|
|switch|p1a: Weavile|Weavile, M|281\/281
|-ability|p1a: Weavile|Pressure
|move|p2a: Greninja|Ice Beam|p1a: Weavile
|-start|p2a: Greninja|typechange|Ice|[from] Protean
|-resisted|p1a: Weavile
|-damage|p1a: Weavile|190\/281
|-damage|p2a: Greninja|150\/285|[from] item: Life Orb
|
|turn|24
|
|move|p1a: Weavile|Knock Off|p2a: Greninja
|-damage|p2a: Greninja|0 fnt
|-enditem|p2a: Greninja|Life Orb|[from] move: Knock Off|[of] p1a: Weavile
|-damage|p1a: Weavile|162\/281|[from] item: Life Orb
|faint|p2a: Greninja
|
|
|switch|p2a: Heatran|Heatran, F|385\/385
|turn|25
|
|switch|p1a: Altaria|Altaria-Mega, M|248\/353
|move|p2a: Heatran|Lava Plume|p1a: Altaria
|-resisted|p1a: Altaria
|-damage|p1a: Altaria|192\/353
|-status|p1a: Altaria|brn
|
|-damage|p1a: Altaria|148\/353 brn|[from] brn
|turn|26
|
|switch|p2a: Scizor|Scizor, M|160\/343
|move|p1a: Altaria|Heal Bell|p1a: Altaria
|-cureteam|p1a: Altaria|[from] move: HealBell
|
|-heal|p2a: Scizor|181\/343|[from] item: Leftovers
|turn|27
|
|switch|p1a: Hippowdon|Hippowdon, F|420\/420
|-weather|Sandstorm
|move|p2a: Scizor|Roost|p2a: Scizor
|-heal|p2a: Scizor|343\/343
|
|-weather|Sandstorm|[upkeep]
|turn|28
|
|move|p2a: Scizor|Bullet Punch|p1a: Hippowdon
|-damage|p1a: Hippowdon|360\/420
|move|p1a: Hippowdon|Stealth Rock|p2a: Scizor
|-sidestart|p2: SlurpuffIzFood|move: Stealth Rock
|
|-weather|Sandstorm|[upkeep]
|-heal|p1a: Hippowdon|386\/420|[from] item: Leftovers
|turn|29
|
|move|p2a: Scizor|Defog|p1a: Hippowdon
|-unboost|p1a: Hippowdon|evasion|1
|-sideend|p2: SlurpuffIzFood|Stealth Rock|[from] move: Defog|[of] p2a: Scizor
|move|p1a: Hippowdon|Stealth Rock|p2a: Scizor
|-sidestart|p2: SlurpuffIzFood|move: Stealth Rock
|
|-weather|Sandstorm|[upkeep]
|-heal|p1a: Hippowdon|412\/420|[from] item: Leftovers
|turn|30
|
|move|p2a: Scizor|Bullet Punch|p1a: Hippowdon
|-crit|p1a: Hippowdon
|-damage|p1a: Hippowdon|312\/420
|move|p1a: Hippowdon|Earthquake|p2a: Scizor
|-damage|p2a: Scizor|223\/343
|
|-weather|Sandstorm|[upkeep]
|-heal|p2a: Scizor|244\/343|[from] item: Leftovers
|-heal|p1a: Hippowdon|338\/420|[from] item: Leftovers
|turn|31
|
|move|p2a: Scizor|Defog|p1a: Hippowdon
|-unboost|p1a: Hippowdon|evasion|1
|-sideend|p2: SlurpuffIzFood|Stealth Rock|[from] move: Defog|[of] p2a: Scizor
|move|p1a: Hippowdon|Earthquake|p2a: Scizor
|-crit|p2a: Scizor
|-damage|p2a: Scizor|69\/343
|
|-weather|none
|-heal|p2a: Scizor|90\/343|[from] item: Leftovers
|-heal|p1a: Hippowdon|364\/420|[from] item: Leftovers
|turn|32
|
|move|p2a: Scizor|Roost|p2a: Scizor
|-heal|p2a: Scizor|262\/343
|move|p1a: Hippowdon|Stealth Rock|p2a: Scizor
|-sidestart|p2: SlurpuffIzFood|move: Stealth Rock
|
|-heal|p2a: Scizor|283\/343|[from] item: Leftovers
|-heal|p1a: Hippowdon|390\/420|[from] item: Leftovers
|turn|33
|
|move|p2a: Scizor|Bullet Punch|p1a: Hippowdon
|-damage|p1a: Hippowdon|330\/420
|move|p1a: Hippowdon|Earthquake|p2a: Scizor
|-damage|p2a: Scizor|160\/343
|
|-heal|p2a: Scizor|181\/343|[from] item: Leftovers
|-heal|p1a: Hippowdon|356\/420|[from] item: Leftovers
|turn|34
|
|move|p2a: Scizor|Roost|p2a: Scizor
|-heal|p2a: Scizor|343\/343
|move|p1a: Hippowdon|Earthquake|p2a: Scizor
|-damage|p2a: Scizor|231\/343
|
|-heal|p2a: Scizor|252\/343|[from] item: Leftovers
|-heal|p1a: Hippowdon|382\/420|[from] item: Leftovers
|turn|35
|
|move|p2a: Scizor|Defog|p1a: Hippowdon
|-unboost|p1a: Hippowdon|evasion|1
|-sideend|p2: SlurpuffIzFood|Stealth Rock|[from] move: Defog|[of] p2a: Scizor
|move|p1a: Hippowdon|Earthquake|p2a: Scizor
|-damage|p2a: Scizor|128\/343
|
|-heal|p2a: Scizor|149\/343|[from] item: Leftovers
|-heal|p1a: Hippowdon|408\/420|[from] item: Leftovers
|turn|36
|
|move|p2a: Scizor|Roost|p2a: Scizor
|-heal|p2a: Scizor|321\/343
|move|p1a: Hippowdon|Stealth Rock|p2a: Scizor
|-sidestart|p2: SlurpuffIzFood|move: Stealth Rock
|
|-heal|p2a: Scizor|342\/343|[from] item: Leftovers
|-heal|p1a: Hippowdon|420\/420|[from] item: Leftovers
|turn|37
|
|move|p2a: Scizor|Defog|p1a: Hippowdon
|-unboost|p1a: Hippowdon|evasion|1
|-sideend|p2: SlurpuffIzFood|Stealth Rock|[from] move: Defog|[of] p2a: Scizor
|move|p1a: Hippowdon|Earthquake|p2a: Scizor
|-damage|p2a: Scizor|224\/343
|
|-heal|p2a: Scizor|245\/343|[from] item: Leftovers
|turn|38
|
|switch|p2a: Landorus-Therian|Landorus-Therian, M|319\/319
|-ability|p2a: Landorus-Therian|Intimidate|[of] p1a: Hippowdon
|-unboost|p1a: Hippowdon|atk|1
|move|p1a: Hippowdon|Earthquake|p2a: Landorus-Therian
|-immune|p2a: Landorus-Therian|[msg]
|
|turn|39
|
|switch|p1a: Weavile|Weavile, M|162\/281
|-ability|p1a: Weavile|Pressure
|move|p2a: Landorus-Therian|Stealth Rock|p1a: Weavile
|-sidestart|p1: Grino|move: Stealth Rock
|
|turn|40
|
|switch|p2a: Heatran|Heatran, F|385\/385
|move|p1a: Weavile|Icicle Crash|p2a: Heatran
|-resisted|p2a: Heatran
|-damage|p2a: Heatran|347\/385
|-damage|p1a: Weavile|134\/281|[from] item: Life Orb
|
|-heal|p2a: Heatran|371\/385|[from] item: Leftovers
|turn|41
|
|switch|p1a: Latios|Latios, M|301\/301
|-damage|p1a: Latios|264\/301|[from] Stealth Rock
|switch|p2a: Landorus-Therian|Landorus-Therian, M|319\/319
|-ability|p2a: Landorus-Therian|Intimidate|[of] p1a: Latios
|-unboost|p1a: Latios|atk|1
|
|turn|42
|
|switch|p1a: Hippowdon|Hippowdon, F|420\/420
|-damage|p1a: Hippowdon|394\/420|[from] Stealth Rock
|-weather|Sandstorm
|move|p2a: Landorus-Therian|U-turn|p1a: Hippowdon
|-damage|p1a: Hippowdon|334\/420
|
|switch|p2a: Latios|Latios, M|81\/301
|
|-weather|Sandstorm|[upkeep]
|-damage|p2a: Latios|63\/301|[from] sandstorm
|-heal|p1a: Hippowdon|360\/420|[from] item: Leftovers
|turn|43
|
|move|p2a: Latios|Trick|p1a: Hippowdon
|-activate|p2a: Latios|move: Trick|[of] p1a: Hippowdon
|-item|p1a: Hippowdon|Choice Scarf|[from] move: Trick
|-item|p2a: Latios|Leftovers|[from] move: Trick
|move|p1a: Hippowdon|Slack Off|p1a: Hippowdon
|-heal|p1a: Hippowdon|420\/420
|
|-weather|Sandstorm|[upkeep]
|-damage|p2a: Latios|45\/301|[from] sandstorm
|-heal|p2a: Latios|63\/301|[from] item: Leftovers
|turn|44
|-message|Grino forfeited.
|
|win|SlurpuffIzFood
|raw|Ladder updating...
|leave|Grino
|player|p1
|raw|Grino's rating: 1431 &rarr; <strong>1408<\/strong><br \/>(-23 for losing)
|raw|SlurpuffIzFood's rating: 1376 &rarr; <strong>1399<\/strong><br \/>(+23 for winning)