|join|Mick-1998
|join|slurpuffizfood
|player|p1|Mick-1998|2
|player|p2|slurpuffizfood|172
|gametype|singles
|gen|6
|tier|OU
|rated
|clearpoke
|poke|p1|Smeargle, M
|poke|p1|Hydreigon, F
|poke|p1|Porygon-Z
|poke|p1|Lucario, F
|poke|p1|Tyranitar, M
|poke|p1|Alakazam, M
|poke|p2|Rotom-Wash
|poke|p2|Greninja, M
|poke|p2|Charizard, F
|poke|p2|Latias, F
|poke|p2|Landorus-Therian, M
|poke|p2|Ferrothorn, M
|rule|Swagger Clause: Swagger is banned
|rule|Baton Pass Clause: Limit one PokÃ©mon knowing Baton Pass
|rule|Sleep Clause Mod: Limit one foe put to sleep
|rule|Species Clause: Limit one of each PokÃ©mon
|rule|OHKO Clause: OHKO moves are banned
|rule|Moody Clause: Moody is banned
|rule|Evasion Moves Clause: Evasion moves are banned
|rule|Endless Battle Clause: Forcing endless battles is banned
|rule|HP Percentage Mod: HP is shown in percentages
|teampreview
|
|start
|switch|p1a: Tyranitar|Tyranitar, M|404\/404
|switch|p2a: Landorus-Therian|Landorus-Therian, M|319\/319
|-ability|p2a: Landorus-Therian|Intimidate|[of] p1a: Tyranitar
|-unboost|p1a: Tyranitar|atk|1
|-weather|Sandstorm
|turn|1
|
|switch|p1a: Hydreigon|Hydreigon, F|325\/325
|move|p2a: Landorus-Therian|U-turn|p1a: Hydreigon
|-supereffective|p1a: Hydreigon
|-damage|p1a: Hydreigon|129\/325
|
|switch|p2a: Latias|Latias, F|302\/302
|
|-weather|Sandstorm|[upkeep]
|-damage|p2a: Latias|284\/302|[from] sandstorm
|-damage|p1a: Hydreigon|109\/325|[from] sandstorm
|turn|2
|
|switch|p2a: Ferrothorn|Ferrothorn, M|351\/351
|move|p1a: Hydreigon|Dark Pulse|p2a: Ferrothorn
|-damage|p2a: Ferrothorn|217\/351
|-damage|p1a: Hydreigon|77\/325|[from] item: Life Orb
|
|-weather|Sandstorm|[upkeep]
|-damage|p1a: Hydreigon|57\/325|[from] sandstorm
|-heal|p2a: Ferrothorn|238\/351|[from] item: Leftovers
|turn|3
|
|switch|p2a: Latias|Latias, F|284\/302
|move|p1a: Hydreigon|Flamethrower|p2a: Latias
|-resisted|p2a: Latias
|-damage|p2a: Latias|226\/302
|-damage|p1a: Hydreigon|25\/325|[from] item: Life Orb
|
|-weather|Sandstorm|[upkeep]
|-damage|p2a: Latias|208\/302|[from] sandstorm
|-damage|p1a: Hydreigon|5\/325|[from] sandstorm
|turn|4
|
|move|p2a: Latias|Draco Meteor|p1a: Hydreigon
|-supereffective|p1a: Hydreigon
|-damage|p1a: Hydreigon|0 fnt
|-unboost|p2a: Latias|spa|2
|-damage|p2a: Latias|178\/302|[from] item: Life Orb
|faint|p1a: Hydreigon
|
|-weather|Sandstorm|[upkeep]
|-damage|p2a: Latias|160\/302|[from] sandstorm
|
|switch|p1a: Smeargle|Smeargle, M|314\/314
|turn|5
|
|switch|p2a: Ferrothorn|Ferrothorn, M|238\/351
|move|p1a: Smeargle|Geomancy|p1a: Smeargle|[still]
|-prepare|p1a: Smeargle|Geomancy|p1a: Smeargle
|-enditem|p1a: Smeargle|Power Herb
|-anim|p1a: Smeargle|Geomancy|p1a: Smeargle
|-boost|p1a: Smeargle|spa|2
|-boost|p1a: Smeargle|spd|2
|-boost|p1a: Smeargle|spe|2
|
|-weather|none
|-heal|p2a: Ferrothorn|259\/351|[from] item: Leftovers
|turn|6
|
|move|p1a: Smeargle|Baton Pass|p1a: Smeargle
|
|switch|p1a: Lucario|Lucario, F|281\/281
|move|p2a: Ferrothorn|Gyro Ball|p1a: Lucario
|-resisted|p1a: Lucario
|-damage|p1a: Lucario|169\/281
|
|-heal|p2a: Ferrothorn|280\/351|[from] item: Leftovers
|turn|7
|
|switch|p2a: Landorus-Therian|Landorus-Therian, M|319\/319
|-ability|p2a: Landorus-Therian|Intimidate|[of] p1a: Lucario
|-unboost|p1a: Lucario|atk|1
|move|p1a: Lucario|Aura Sphere|p2a: Landorus-Therian
|-resisted|p2a: Landorus-Therian
|-damage|p2a: Landorus-Therian|77\/319
|-damage|p1a: Lucario|141\/281|[from] item: Life Orb
|
|turn|8
|
|move|p1a: Lucario|Flash Cannon|p2a: Landorus-Therian
|-damage|p2a: Landorus-Therian|0 fnt
|-damage|p1a: Lucario|113\/281|[from] item: Life Orb
|faint|p2a: Landorus-Therian
|
|
|switch|p2a: Charizard|Charizard, F|297\/297
|turn|9
|
|move|p1a: Lucario|Psychic|p2a: Charizard
|-damage|p2a: Charizard|0 fnt
|-damage|p1a: Lucario|85\/281|[from] item: Life Orb
|faint|p2a: Charizard
|
|-message|slurpuffizfood forfeited.
|
|win|Mick-1998
|raw|Ladder updating...
|raw|Mick-1998's rating: 1181 &rarr; <strong>1206<\/strong><br \/>(+25 for winning)
|raw|slurpuffizfood's rating: 1191 &rarr; <strong>1165<\/strong><br \/>(-26 for losing)
|leave|slurpuffizfood
|player|p2
|c|âMick-1998|gaaaaaaaay