|join|cruise2datop
|join|SlurpuffIzFood
|player|p1|cruise2datop|1
|player|p2|SlurpuffIzFood|172
|gametype|singles
|gen|6
|tier|OU
|rated
|clearpoke
|poke|p1|Crawdaunt, F
|poke|p1|Talonflame, F
|poke|p1|Metagross
|poke|p1|Bisharp, F
|poke|p1|Latios, M
|poke|p1|Landorus, M
|poke|p2|Gyarados, M
|poke|p2|Mamoswine, F
|poke|p2|Gengar, F
|poke|p2|Bisharp, F
|poke|p2|Latias, F
|poke|p2|Talonflame, F
|rule|Swagger Clause: Swagger is banned
|rule|Baton Pass Clause: Limit one PokÃ©mon knowing Baton Pass
|rule|Sleep Clause Mod: Limit one foe put to sleep
|rule|Species Clause: Limit one of each PokÃ©mon
|rule|OHKO Clause: OHKO moves are banned
|rule|Moody Clause: Moody is banned
|rule|Evasion Moves Clause: Evasion moves are banned
|rule|Endless Battle Clause: Forcing endless battles is banned
|rule|HP Percentage Mod: HP is shown in percentages
|teampreview
|
|start
|switch|p1a: Talonflame|Talonflame, F|297\/297
|switch|p2a: Mamoswine|Mamoswine, F|361\/361
|turn|1
|
|move|p1a: Talonflame|U-turn|p2a: Mamoswine
|-damage|p2a: Mamoswine|235\/361
|
|switch|p1a: Metagross|Metagross|301\/301
|move|p2a: Mamoswine|Stealth Rock|p1a: Metagross
|-sidestart|p1: cruise2datop|move: Stealth Rock
|
|turn|2
|
|detailschange|p1a: Metagross|Metagross-Mega
|-mega|p1a: Metagross|Metagross|Metagrossite
|move|p1a: Metagross|Bullet Punch|p2a: Mamoswine
|-supereffective|p2a: Mamoswine
|-damage|p2a: Mamoswine|0 fnt
|faint|p2a: Mamoswine
|
|
|switch|p2a: Gengar|Gengar, F|261\/261
|turn|3
|
|move|p1a: Metagross|Meteor Mash|p2a: Gengar|[miss]
|-miss|p1a: Metagross|p2a: Gengar
|move|p2a: Gengar|Shadow Ball|p1a: Metagross
|-crit|p1a: Metagross
|-supereffective|p1a: Metagross
|-damage|p1a: Metagross|0 fnt
|faint|p1a: Metagross
|
|c|âcruise2datop|lol
|
|switch|p1a: Crawdaunt|Crawdaunt, F|329\/329
|-damage|p1a: Crawdaunt|288\/329|[from] Stealth Rock
|turn|4
|
|move|p1a: Crawdaunt|Aqua Jet|p2a: Gengar
|-damage|p2a: Gengar|43\/261
|move|p2a: Gengar|Counter|p1a: Crawdaunt
|-damage|p1a: Crawdaunt|0 fnt
|faint|p1a: Crawdaunt
|
|
|switch|p1a: Bisharp|Bisharp, F|271\/271
|-damage|p1a: Bisharp|255\/271|[from] Stealth Rock
|turn|5
|
|move|p2a: Gengar|Destiny Bond|p2a: Gengar
|-singlemove|p2a: Gengar|Destiny Bond
|move|p1a: Bisharp|Stealth Rock|p2a: Gengar
|-sidestart|p2: SlurpuffIzFood|move: Stealth Rock
|
|turn|6
|
|move|p2a: Gengar|Destiny Bond|p2a: Gengar
|-singlemove|p2a: Gengar|Destiny Bond
|move|p1a: Bisharp|Brick Break|p2a: Gengar
|-immune|p2a: Gengar|[msg]
|
|turn|7
|
|move|p1a: Bisharp|Sucker Punch|p2a: Gengar
|-supereffective|p2a: Gengar
|-damage|p2a: Gengar|0 fnt
|faint|p2a: Gengar
|-activate|p2a: Gengar|Destiny Bond
|faint|p1a: Bisharp
|
|
|switch|p2a: Latias|Latias, F|301\/301
|switch|p1a: Latios|Latios, M|301\/301
|-damage|p2a: Latias|264\/301|[from] Stealth Rock
|-damage|p1a: Latios|264\/301|[from] Stealth Rock
|turn|8
|
|move|p1a: Latios|Draco Meteor|p2a: Latias
|-supereffective|p2a: Latias
|-damage|p2a: Latias|0 fnt
|-unboost|p1a: Latios|spa|2
|-damage|p1a: Latios|234\/301|[from] item: Life Orb
|faint|p2a: Latias
|
|
|switch|p2a: Gyarados|Gyarados, M|333\/333
|-damage|p2a: Gyarados|250\/333|[from] Stealth Rock
|-ability|p2a: Gyarados|Intimidate|[of] p1a: Latios
|-unboost|p1a: Latios|atk|1
|turn|9
|
|detailschange|p2a: Gyarados|Gyarados-Mega, M
|-mega|p2a: Gyarados|Gyarados|Gyaradosite
|-ability|p2a: Gyarados|Mold Breaker
|move|p1a: Latios|Draco Meteor|p2a: Gyarados
|-damage|p2a: Gyarados|137\/333
|-unboost|p1a: Latios|spa|2
|-damage|p1a: Latios|204\/301|[from] item: Life Orb
|move|p2a: Gyarados|Dragon Dance|p2a: Gyarados
|-boost|p2a: Gyarados|atk|1
|-boost|p2a: Gyarados|spe|1
|
|turn|10
|
|move|p2a: Gyarados|Substitute|p2a: Gyarados
|-start|p2a: Gyarados|Substitute
|-damage|p2a: Gyarados|54\/333
|move|p1a: Latios|Defog|p2a: Gyarados
|-sideend|p2: SlurpuffIzFood|Stealth Rock|[from] move: Defog|[of] p2a: Gyarados
|-sideend|p1: cruise2datop|Stealth Rock|[from] move: Defog|[of] p1a: Latios
|
|turn|11
|
|move|p2a: Gyarados|Crunch|p1a: Latios
|-supereffective|p1a: Latios
|-damage|p1a: Latios|0 fnt
|faint|p1a: Latios
|
|-message|cruise2datop forfeited.
|
|win|SlurpuffIzFood
|raw|Ladder updating...
|leave|cruise2datop
|player|p1
|raw|cruise2datop's rating: 1475 &rarr; <strong>1457<\/strong><br \/>(-18 for losing)
|raw|SlurpuffIzFood's rating: 1508 &rarr; <strong>1527<\/strong><br \/>(+19 for winning)