|join|Abortions are fun
|join|slurpuffizfood
|player|p1|Abortions are fun|102
|player|p2|slurpuffizfood|172
|gametype|singles
|gen|6
|tier|OU (suspect test)
|rated
|clearpoke
|poke|p1|Dragonite, F, shiny
|poke|p1|Metagross, shiny
|poke|p1|Chansey, F, shiny
|poke|p1|Magnezone, shiny
|poke|p1|Landorus-Therian, M, shiny
|poke|p1|Latias, F, shiny
|poke|p2|Manectric, F
|poke|p2|Landorus-Therian, M
|poke|p2|Heracross, F
|poke|p2|Gardevoir, F
|poke|p2|Empoleon, M
|poke|p2|Dragonite, M
|rule|Swagger Clause: Swagger is banned
|rule|Baton Pass Clause: Limit one PokÃ©mon knowing Baton Pass
|rule|Sleep Clause Mod: Limit one foe put to sleep
|rule|Species Clause: Limit one of each PokÃ©mon
|rule|OHKO Clause: OHKO moves are banned
|rule|Moody Clause: Moody is banned
|rule|Evasion Moves Clause: Evasion moves are banned
|rule|Endless Battle Clause: Forcing endless battles is banned
|rule|HP Percentage Mod: HP is shown in percentages
|teampreview
|
|start
|switch|p1a: Fuck Skarm|Magnezone, shiny|281\/281
|switch|p2a: Landorus-Therian|Landorus-Therian, M|382\/382
|-ability|p2a: Landorus-Therian|Intimidate|[of] p1a: Fuck Skarm
|-unboost|p1a: Fuck Skarm|atk|1
|turn|1
|
|switch|p1a: Here 4 rocks|Landorus-Therian, M, shiny|329\/329
|-ability|p1a: Here 4 rocks|Intimidate|[of] p2a: Landorus-Therian
|-unboost|p2a: Landorus-Therian|atk|1
|move|p2a: Landorus-Therian|Stealth Rock|p1a: Here 4 rocks
|-sidestart|p1: Abortions are fun|move: Stealth Rock
|
|turn|2
|
|move|p1a: Here 4 rocks|Stealth Rock|p2a: Landorus-Therian
|-sidestart|p2: slurpuffizfood|move: Stealth Rock
|move|p2a: Landorus-Therian|U-turn|p1a: Here 4 rocks
|-resisted|p1a: Here 4 rocks
|-damage|p1a: Here 4 rocks|299\/329
|
|switch|p2a: Manectric|Manectric, F|281\/281
|-damage|p2a: Manectric|246\/281|[from] Stealth Rock
|
|-heal|p1a: Here 4 rocks|319\/329|[from] item: Leftovers
|turn|3
|
|switch|p1a: Fat Fuck|Chansey, F, shiny|704\/704
|-damage|p1a: Fat Fuck|616\/704|[from] Stealth Rock
|detailschange|p2a: Manectric|Manectric-Mega, F
|-mega|p2a: Manectric|Manectric|Manectite
|-ability|p2a: Manectric|Intimidate|[of] p1a: Fat Fuck
|-unboost|p1a: Fat Fuck|atk|1
|move|p2a: Manectric|Volt Switch|p1a: Fat Fuck
|-damage|p1a: Fat Fuck|538\/704
|
|switch|p2a: Heracross|Heracross, F|301\/301
|-damage|p2a: Heracross|264\/301|[from] Stealth Rock
|
|turn|4
|
|switch|p1a: Here 4 rocks|Landorus-Therian, M, shiny|319\/329
|-damage|p1a: Here 4 rocks|278\/329|[from] Stealth Rock
|-ability|p1a: Here 4 rocks|Intimidate|[of] p2a: Heracross
|-unboost|p2a: Heracross|atk|1
|move|p2a: Heracross|Knock Off|p1a: Here 4 rocks
|-damage|p1a: Here 4 rocks|155\/329
|-enditem|p1a: Here 4 rocks|Leftovers|[from] move: Knock Off|[of] p2a: Heracross
|
|turn|5
|
|move|p2a: Heracross|Knock Off|p1a: Here 4 rocks
|-damage|p1a: Here 4 rocks|78\/329
|move|p1a: Here 4 rocks|Earthquake|p2a: Heracross
|-resisted|p2a: Heracross
|-damage|p2a: Heracross|138\/301
|
|turn|6
|
|move|p2a: Heracross|Knock Off|p1a: Here 4 rocks
|-damage|p1a: Here 4 rocks|0 fnt
|faint|p1a: Here 4 rocks
|
|
|switch|p1a: Pussy Pounder|Metagross, shiny|301\/301
|-damage|p1a: Pussy Pounder|283\/301|[from] Stealth Rock
|turn|7
|
|detailschange|p1a: Pussy Pounder|Metagross-Mega, shiny
|-mega|p1a: Pussy Pounder|Metagross|Metagrossite
|move|p2a: Heracross|Knock Off|p1a: Pussy Pounder
|-supereffective|p1a: Pussy Pounder
|-damage|p1a: Pussy Pounder|155\/301
|move|p1a: Pussy Pounder|Meteor Mash|p2a: Heracross
|-damage|p2a: Heracross|0 fnt
|faint|p2a: Heracross
|
|
|switch|p2a: Manectric|Manectric-Mega, F|246\/281
|-damage|p2a: Manectric|211\/281|[from] Stealth Rock
|-ability|p2a: Manectric|Intimidate|[of] p1a: Pussy Pounder
|-unboost|p1a: Pussy Pounder|atk|1
|turn|8
|
|switch|p1a: Needed a defoger|Latias, F, shiny|301\/301
|-damage|p1a: Needed a defoger|264\/301|[from] Stealth Rock
|move|p2a: Manectric|Flamethrower|p1a: Needed a defoger
|-resisted|p1a: Needed a defoger
|-damage|p1a: Needed a defoger|216\/301
|
|turn|9
|
|move|p2a: Manectric|Volt Switch|p1a: Needed a defoger
|-resisted|p1a: Needed a defoger
|-damage|p1a: Needed a defoger|168\/301
|
|switch|p2a: Empoleon|Empoleon, M|372\/372
|-damage|p2a: Empoleon|349\/372|[from] Stealth Rock
|move|p1a: Needed a defoger|Draco Meteor|p2a: Empoleon
|-resisted|p2a: Empoleon
|-damage|p2a: Empoleon|254\/372
|-unboost|p1a: Needed a defoger|spa|2
|-damage|p1a: Needed a defoger|138\/301|[from] item: Life Orb
|
|-heal|p2a: Empoleon|277\/372|[from] item: Leftovers
|turn|10
|
|switch|p1a: Fuck Skarm|Magnezone, shiny|281\/281
|-damage|p1a: Fuck Skarm|264\/281|[from] Stealth Rock
|move|p2a: Empoleon|Scald|p1a: Fuck Skarm
|-damage|p1a: Fuck Skarm|144\/281
|
|-heal|p2a: Empoleon|300\/372|[from] item: Leftovers
|turn|11
|
|move|p1a: Fuck Skarm|Thunderbolt|p2a: Empoleon
|-supereffective|p2a: Empoleon
|-damage|p2a: Empoleon|78\/372
|move|p2a: Empoleon|Scald|p1a: Fuck Skarm
|-damage|p1a: Fuck Skarm|0 fnt
|faint|p1a: Fuck Skarm
|
|-heal|p2a: Empoleon|101\/372|[from] item: Leftovers
|c|âAbortions are fun|wtf rolls
|c|âslurpuffizfood|torrent
|c|âslurpuffizfood|lol
|c|âAbortions are fun|ah
|c|âAbortions are fun|haha
|c|âslurpuffizfood|ikr
|
|switch|p1a: Pussy Pounder|Metagross-Mega, shiny|155\/301
|-damage|p1a: Pussy Pounder|137\/301|[from] Stealth Rock
|turn|12
|
|move|p1a: Pussy Pounder|Earthquake|p2a: Empoleon
|-supereffective|p2a: Empoleon
|-damage|p2a: Empoleon|0 fnt
|faint|p2a: Empoleon
|
|
|switch|p2a: Manectric|Manectric-Mega, F|211\/281
|-damage|p2a: Manectric|176\/281|[from] Stealth Rock
|-ability|p2a: Manectric|Intimidate|[of] p1a: Pussy Pounder
|-unboost|p1a: Pussy Pounder|atk|1
|turn|13
|
|switch|p1a: Fat Fuck|Chansey, F, shiny|538\/704
|-damage|p1a: Fat Fuck|450\/704|[from] Stealth Rock
|move|p2a: Manectric|Flamethrower|p1a: Fat Fuck
|-damage|p1a: Fat Fuck|379\/704
|
|turn|14
|
|move|p2a: Manectric|Volt Switch|p1a: Fat Fuck
|-damage|p1a: Fat Fuck|301\/704
|
|switch|p2a: Dragonite|Dragonite, M|323\/323
|-damage|p2a: Dragonite|243\/323|[from] Stealth Rock
|move|p1a: Fat Fuck|Toxic|p2a: Dragonite
|-status|p2a: Dragonite|tox
|-enditem|p2a: Dragonite|Lum Berry|[eat]
|-curestatus|p2a: Dragonite|tox
|
|turn|15
|
|move|p2a: Dragonite|Outrage|p1a: Fat Fuck
|-crit|p1a: Fat Fuck
|-damage|p1a: Fat Fuck|0 fnt
|faint|p1a: Fat Fuck
|
|
|switch|p1a: Pussy Pounder|Metagross-Mega, shiny|137\/301
|-damage|p1a: Pussy Pounder|119\/301|[from] Stealth Rock
|turn|16
|
|move|p1a: Pussy Pounder|Ice Punch|p2a: Dragonite
|-crit|p2a: Dragonite
|-supereffective|p2a: Dragonite
|-damage|p2a: Dragonite|0 fnt
|faint|p2a: Dragonite
|
|
|switch|p2a: Manectric|Manectric-Mega, F|176\/281
|-damage|p2a: Manectric|141\/281|[from] Stealth Rock
|-ability|p2a: Manectric|Intimidate|[of] p1a: Pussy Pounder
|-unboost|p1a: Pussy Pounder|atk|1
|turn|17
|
|switch|p1a: Needed a defoger|Latias, F, shiny|138\/301
|-damage|p1a: Needed a defoger|101\/301|[from] Stealth Rock
|move|p2a: Manectric|Flamethrower|p1a: Needed a defoger
|-resisted|p1a: Needed a defoger
|-damage|p1a: Needed a defoger|58\/301
|
|turn|18
|
|move|p2a: Manectric|Hidden Power|p1a: Needed a defoger
|-supereffective|p1a: Needed a defoger
|-damage|p1a: Needed a defoger|0 fnt
|faint|p1a: Needed a defoger
|
|
|switch|p1a: Dank AF Nigga|Dragonite, F, shiny|323\/323
|-damage|p1a: Dank AF Nigga|243\/323|[from] Stealth Rock
|turn|19
|
|move|p2a: Manectric|Hidden Power|p1a: Dank AF Nigga
|-supereffective|p1a: Dank AF Nigga
|-damage|p1a: Dank AF Nigga|0 fnt
|faint|p1a: Dank AF Nigga
|
|c|âslurpuffizfood|gg
|c|âAbortions are fun|gg
|-message|Abortions are fun forfeited.
|
|win|slurpuffizfood
|raw|Ladder updating...
|leave|Abortions are fun
|player|p1
|raw|Abortions are fun's rating: 1176 &rarr; <strong>1153<\/strong><br \/>(-23 for losing)
|raw|slurpuffizfood's rating: 1206 &rarr; <strong>1229<\/strong><br \/>(+23 for winning)