|join|slurpuffizfood
|join|Ancient Legend
|player|p1|slurpuffizfood|172
|player|p2|Ancient Legend|54
|gametype|singles
|gen|6
|tier|OU (suspect test)
|rated
|clearpoke
|poke|p1|Manectric, M
|poke|p1|Landorus-Therian, M
|poke|p1|Heracross, M
|poke|p1|Gardevoir, F
|poke|p1|Empoleon, M
|poke|p1|Dragonite, F
|poke|p2|Charizard, M, shiny
|poke|p2|Umbreon, M
|poke|p2|Gengar, M
|poke|p2|Empoleon, M
|poke|p2|Rotom-Mow
|poke|p2|Landorus-Therian, M
|rule|Swagger Clause: Swagger is banned
|rule|Baton Pass Clause: Limit one PokÃ©mon knowing Baton Pass
|rule|Sleep Clause Mod: Limit one foe put to sleep
|rule|Species Clause: Limit one of each PokÃ©mon
|rule|OHKO Clause: OHKO moves are banned
|rule|Moody Clause: Moody is banned
|rule|Evasion Moves Clause: Evasion moves are banned
|rule|Endless Battle Clause: Forcing endless battles is banned
|rule|HP Percentage Mod: HP is shown in percentages
|teampreview
|join|napty
|
|start
|switch|p1a: Landorus-Therian|Landorus-Therian, M|382\/382
|switch|p2a: Landorus-Therian|Landorus-Therian, M|381\/381
|-ability|p1a: Landorus-Therian|Intimidate|[of] p2a: Landorus-Therian
|-unboost|p2a: Landorus-Therian|atk|1
|-ability|p2a: Landorus-Therian|Intimidate|[of] p1a: Landorus-Therian
|-unboost|p1a: Landorus-Therian|atk|1
|turn|1
|c| napty|lol
|c| napty|umbreon + empoleon
|
|move|p1a: Landorus-Therian|Stealth Rock|p2a: Landorus-Therian
|-sidestart|p2: Ancient Legend|move: Stealth Rock
|move|p2a: Landorus-Therian|Knock Off|p1a: Landorus-Therian
|-damage|p1a: Landorus-Therian|325\/382
|-damage|p2a: Landorus-Therian|318\/381|[from] item: Rocky Helmet|[of] p1a: Landorus-Therian
|-enditem|p1a: Landorus-Therian|Rocky Helmet|[from] move: Knock Off|[of] p2a: Landorus-Therian
|
|turn|2
|c|âAncient Legend|?
|c|âslurpuffizfood|this man hates gren
|
|move|p1a: Landorus-Therian|U-turn|p2a: Landorus-Therian
|-resisted|p2a: Landorus-Therian
|-damage|p2a: Landorus-Therian|291\/381
|c| napty|you really hate gren
|c| napty|ain't it?
|
|switch|p1a: Manectric|Manectric, M|281\/281
|move|p2a: Landorus-Therian|U-turn|p1a: Manectric
|-damage|p1a: Manectric|195\/281
|c|âAncient Legend|nah, initially i wasn,t going to include Empoleon
|c|âAncient Legend|but with ferro i was weak to so many things...
|
|switch|p2a: Carbonizador|Charizard, M, shiny|321\/321
|-damage|p2a: Carbonizador|161\/321|[from] Stealth Rock
|
|turn|3
|
|detailschange|p1a: Manectric|Manectric-Mega, M
|-mega|p1a: Manectric|Manectric|Manectite
|-ability|p1a: Manectric|Intimidate|[of] p2a: Carbonizador
|-unboost|p2a: Carbonizador|atk|1
|detailschange|p2a: Carbonizador|Charizard-Mega-X, M, shiny
|-mega|p2a: Carbonizador|Charizard|Charizardite X
|move|p1a: Manectric|Volt Switch|p2a: Carbonizador
|-resisted|p2a: Carbonizador
|-damage|p2a: Carbonizador|91\/321
|
|switch|p1a: Landorus-Therian|Landorus-Therian, M|325\/382
|-ability|p1a: Landorus-Therian|Intimidate|[of] p2a: Carbonizador
|-unboost|p2a: Carbonizador|atk|1
|move|p2a: Carbonizador|Roost|p2a: Carbonizador
|-heal|p2a: Carbonizador|252\/321
|
|turn|4
|
|move|p2a: Carbonizador|Dragon Claw|p1a: Landorus-Therian
|-damage|p1a: Landorus-Therian|247\/382
|move|p1a: Landorus-Therian|U-turn|p2a: Carbonizador
|-resisted|p2a: Carbonizador
|-damage|p2a: Carbonizador|216\/321
|
|switch|p1a: Gardevoir|Gardevoir, F|340\/340
|-ability|p1a: Gardevoir|Tough Claws|[from] ability: Trace|[of] p2a: Carbonizador
|
|turn|5
|
|switch|p2a: Imperator|Empoleon, M|371\/371
|-damage|p2a: Imperator|348\/371|[from] Stealth Rock
|move|p1a: Gardevoir|Wish|p1a: Gardevoir
|
|-heal|p2a: Imperator|371\/371|[from] item: Leftovers
|turn|6
|
|switch|p1a: Manectric|Manectric-Mega, M|195\/281
|-ability|p1a: Manectric|Intimidate|[of] p2a: Imperator
|-unboost|p2a: Imperator|atk|1
|move|p2a: Imperator|Scald|p1a: Manectric
|-damage|p1a: Manectric|80\/281
|
|-heal|p1a: Manectric|250\/281|[from] move: Wish|[wisher] Gardevoir
|turn|7
|
|move|p1a: Manectric|Volt Switch|p2a: Imperator
|-supereffective|p2a: Imperator
|-damage|p2a: Imperator|173\/371
|
|switch|p1a: Heracross|Heracross, M|301\/301
|move|p2a: Imperator|Defog|p1a: Heracross
|-unboost|p1a: Heracross|evasion|1
|-sideend|p2: Ancient Legend|Stealth Rock|[from] move: Defog|[of] p2a: Imperator
|
|-heal|p2a: Imperator|196\/371|[from] item: Leftovers
|turn|8
|
|switch|p2a: Landorus-Therian|Landorus-Therian, M|291\/381
|-ability|p2a: Landorus-Therian|Intimidate|[of] p1a: Heracross
|-unboost|p1a: Heracross|atk|1
|move|p1a: Heracross|Knock Off|p2a: Landorus-Therian
|-damage|p2a: Landorus-Therian|170\/381
|-enditem|p2a: Landorus-Therian|Assault Vest|[from] move: Knock Off|[of] p1a: Heracross
|
|turn|9
|c|âslurpuffizfood|av
|
|switch|p1a: Landorus-Therian|Landorus-Therian, M|247\/382
|-ability|p1a: Landorus-Therian|Intimidate|[of] p2a: Landorus-Therian
|-unboost|p2a: Landorus-Therian|atk|1
|move|p2a: Landorus-Therian|U-turn|p1a: Landorus-Therian
|-crit|p1a: Landorus-Therian
|-resisted|p1a: Landorus-Therian
|-damage|p1a: Landorus-Therian|193\/382
|c| napty|uncommon
|
|switch|p2a: Carbonizador|Charizard-Mega-X, M, shiny|216\/321
|
|turn|10
|
|move|p2a: Carbonizador|Flare Blitz|p1a: Landorus-Therian
|-damage|p1a: Landorus-Therian|0 fnt
|-damage|p2a: Carbonizador|152\/321|[from] recoil|[of] p1a: Landorus-Therian
|faint|p1a: Landorus-Therian
|
|
|switch|p1a: Gardevoir|Gardevoir, F|340\/340
|-ability|p1a: Gardevoir|Tough Claws|[from] ability: Trace|[of] p2a: Carbonizador
|turn|11
|
|move|p2a: Carbonizador|Flare Blitz|p1a: Gardevoir
|-damage|p1a: Gardevoir|0 fnt
|-damage|p2a: Carbonizador|40\/321|[from] recoil|[of] p1a: Gardevoir
|faint|p1a: Gardevoir
|
|c| napty|you slap a Heracross in ur team because you was afraid of bisharp right?
|
|switch|p1a: Dragonite|Dragonite, F|323\/323
|turn|12
|c| napty|those intimidate tho
|
|switch|p2a: Gengarin|Gengar, M|261\/261
|move|p1a: Dragonite|Dragon Dance|p1a: Dragonite
|-boost|p1a: Dragonite|atk|1
|-boost|p1a: Dragonite|spe|1
|
|turn|13
|c|âslurpuffizfood|shit what am i doing
|
|move|p1a: Dragonite|Outrage|p2a: Gengarin
|-damage|p2a: Gengarin|0 fnt
|faint|p2a: Gengarin
|
|
|switch|p2a: Cortacabezas|Rotom-Mow|241\/241
|turn|14
|c|âslurpuffizfood|i jsut sacked gard
|c|âslurpuffizfood|for no reason
|
|move|p2a: Cortacabezas|Volt Switch|p1a: Dragonite
|-damage|p1a: Dragonite|272\/323
|
|switch|p2a: Landorus-Therian|Landorus-Therian, M|170\/381
|-ability|p2a: Landorus-Therian|Intimidate|[of] p1a: Dragonite
|-unboost|p1a: Dragonite|atk|1
|move|p1a: Dragonite|Outrage|p2a: Landorus-Therian
|-damage|p2a: Landorus-Therian|0 fnt
|faint|p2a: Landorus-Therian
|
|c| napty|you didn't answer my question either
|c| napty|lol
|
|switch|p2a: Imperator|Empoleon, M|196\/371
|turn|15
|c|âslurpuffizfood|lol hera is random
|
|move|p1a: Dragonite|Outrage|p2a: Imperator
|-resisted|p2a: Imperator
|-damage|p2a: Imperator|67\/371
|move|p2a: Imperator|Stealth Rock|p1a: Dragonite
|-sidestart|p1: slurpuffizfood|move: Stealth Rock
|
|-end|p1a: Dragonite|rampage
|-start|p1a: Dragonite|confusion
|-heal|p2a: Imperator|90\/371|[from] item: Leftovers
|-enditem|p1a: Dragonite|Lum Berry|[eat]
|-end|p1a: Dragonite|confusion
|turn|16
|c|âslurpuffizfood|i felt like it
|c|âAncient Legend|right now, for my stupidness, Hera sweeps me hard
|
|switch|p2a: Dark Eeveeto|Umbreon, M|393\/393
|move|p1a: Dragonite|Earthquake|p2a: Dark Eeveeto
|-damage|p2a: Dark Eeveeto|304\/393
|
|-heal|p2a: Dark Eeveeto|328\/393|[from] item: Leftovers
|turn|17
|
|switch|p1a: Heracross|Heracross, M|301\/301
|-damage|p1a: Heracross|264\/301|[from] Stealth Rock
|move|p2a: Dark Eeveeto|Foul Play|p1a: Heracross
|-resisted|p1a: Heracross
|-damage|p1a: Heracross|159\/301
|
|-heal|p2a: Dark Eeveeto|352\/393|[from] item: Leftovers
|turn|18
|
|move|p2a: Dark Eeveeto|Protect|p2a: Dark Eeveeto
|-singleturn|p2a: Dark Eeveeto|Protect
|move|p1a: Heracross|Close Combat|p2a: Dark Eeveeto
|-activate|p2a: Dark Eeveeto|Protect
|
|-heal|p2a: Dark Eeveeto|376\/393|[from] item: Leftovers
|turn|19
|c| napty|umbreon is very passive
|
|switch|p2a: Imperator|Empoleon, M|90\/371
|move|p1a: Heracross|Close Combat|p2a: Imperator
|-supereffective|p2a: Imperator
|-damage|p2a: Imperator|0 fnt
|-unboost|p1a: Heracross|def|1
|-unboost|p1a: Heracross|spd|1
|faint|p2a: Imperator
|
|
|switch|p2a: Cortacabezas|Rotom-Mow|241\/241
|turn|20
|
|switch|p1a: Manectric|Manectric-Mega, M|250\/281
|-damage|p1a: Manectric|215\/281|[from] Stealth Rock
|-ability|p1a: Manectric|Intimidate|[of] p2a: Cortacabezas
|-unboost|p2a: Cortacabezas|atk|1
|move|p2a: Cortacabezas|Thunderbolt|p1a: Manectric
|-resisted|p1a: Manectric
|-damage|p1a: Manectric|137\/281
|
|turn|21
|
|switch|p2a: Dark Eeveeto|Umbreon, M|376\/393
|move|p1a: Manectric|Volt Switch|p2a: Dark Eeveeto
|-damage|p2a: Dark Eeveeto|273\/393
|
|switch|p1a: Heracross|Heracross, M|159\/301
|-damage|p1a: Heracross|122\/301|[from] Stealth Rock
|
|-heal|p2a: Dark Eeveeto|297\/393|[from] item: Leftovers
|turn|22
|
|move|p2a: Dark Eeveeto|Protect|p2a: Dark Eeveeto
|-singleturn|p2a: Dark Eeveeto|Protect
|move|p1a: Heracross|Megahorn|p2a: Dark Eeveeto
|-activate|p2a: Dark Eeveeto|Protect
|
|-heal|p2a: Dark Eeveeto|321\/393|[from] item: Leftovers
|turn|23
|
|switch|p2a: Carbonizador|Charizard-Mega-X, M, shiny|40\/321
|move|p1a: Heracross|Megahorn|p2a: Carbonizador|[miss]
|-miss|p1a: Heracross|p2a: Carbonizador
|
|turn|24
|c|âslurpuffizfood|W
|c|âslurpuffizfood|T
|
|move|p2a: Carbonizador|Dragon Claw|p1a: Heracross
|-damage|p1a: Heracross|0 fnt
|faint|p1a: Heracross
|
|c|âslurpuffizfood|F
|
|switch|p1a: Dragonite|Dragonite, F|272\/323
|-damage|p1a: Dragonite|192\/323|[from] Stealth Rock
|turn|25
|
|switch|p2a: Dark Eeveeto|Umbreon, M|321\/393
|move|p1a: Dragonite|Extreme Speed|p2a: Dark Eeveeto
|-damage|p2a: Dark Eeveeto|251\/393
|
|-heal|p2a: Dark Eeveeto|275\/393|[from] item: Leftovers
|turn|26
|
|switch|p1a: Empoleon|Empoleon, M|372\/372
|-damage|p1a: Empoleon|349\/372|[from] Stealth Rock
|move|p2a: Dark Eeveeto|Wish|p2a: Dark Eeveeto
|
|-heal|p2a: Dark Eeveeto|299\/393|[from] item: Leftovers
|-heal|p1a: Empoleon|372\/372|[from] item: Leftovers
|turn|27
|
|move|p2a: Dark Eeveeto|Foul Play|p1a: Empoleon
|-crit|p1a: Empoleon
|-damage|p1a: Empoleon|233\/372
|move|p1a: Empoleon|Scald|p2a: Dark Eeveeto
|-crit|p2a: Dark Eeveeto
|-damage|p2a: Dark Eeveeto|190\/393
|
|-heal|p2a: Dark Eeveeto|386\/393|[from] move: Wish|[wisher] Dark Eeveeto
|-heal|p2a: Dark Eeveeto|393\/393|[from] item: Leftovers
|-heal|p1a: Empoleon|256\/372|[from] item: Leftovers
|turn|28
|
|move|p2a: Dark Eeveeto|Wish|p2a: Dark Eeveeto
|move|p1a: Empoleon|Toxic|p2a: Dark Eeveeto
|-status|p2a: Dark Eeveeto|tox
|
|-heal|p1a: Empoleon|279\/372|[from] item: Leftovers
|-damage|p2a: Dark Eeveeto|369\/393 tox|[from] psn
|turn|29
|
|switch|p2a: Cortacabezas|Rotom-Mow|241\/241
|move|p1a: Empoleon|Scald|p2a: Cortacabezas
|-resisted|p2a: Cortacabezas
|-damage|p2a: Cortacabezas|192\/241
|
|-heal|p2a: Cortacabezas|241\/241|[from] move: Wish|[wisher] Dark Eeveeto
|-heal|p1a: Empoleon|302\/372|[from] item: Leftovers
|turn|30
|
|move|p2a: Cortacabezas|Thunderbolt|p1a: Empoleon
|-supereffective|p1a: Empoleon
|-damage|p1a: Empoleon|110\/372
|move|p1a: Empoleon|Ice Beam|p2a: Cortacabezas
|-supereffective|p2a: Cortacabezas
|-damage|p2a: Cortacabezas|91\/241
|
|-heal|p1a: Empoleon|133\/372|[from] item: Leftovers
|turn|31
|
|move|p2a: Cortacabezas|Thunderbolt|p1a: Empoleon
|-supereffective|p1a: Empoleon
|-damage|p1a: Empoleon|0 fnt
|faint|p1a: Empoleon
|
|
|switch|p1a: Dragonite|Dragonite, F|192\/323
|-damage|p1a: Dragonite|112\/323|[from] Stealth Rock
|turn|32
|
|switch|p2a: Carbonizador|Charizard-Mega-X, M, shiny|40\/321
|move|p1a: Dragonite|Dragon Dance|p1a: Dragonite
|-boost|p1a: Dragonite|atk|1
|-boost|p1a: Dragonite|spe|1
|
|turn|33
|
|move|p1a: Dragonite|Extreme Speed|p2a: Carbonizador
|-damage|p2a: Carbonizador|0 fnt
|faint|p2a: Carbonizador
|
|
|switch|p2a: Dark Eeveeto|Umbreon, M|369\/393 tox
|turn|34
|
|move|p1a: Dragonite|Outrage|p2a: Dark Eeveeto
|-damage|p2a: Dark Eeveeto|125\/393 tox
|move|p2a: Dark Eeveeto|Foul Play|p1a: Dragonite
|-damage|p1a: Dragonite|0 fnt
|faint|p1a: Dragonite
|
|-heal|p2a: Dark Eeveeto|149\/393 tox|[from] item: Leftovers
|-damage|p2a: Dark Eeveeto|125\/393 tox|[from] psn
|
|switch|p1a: Manectric|Manectric-Mega, M|137\/281
|-damage|p1a: Manectric|102\/281|[from] Stealth Rock
|-ability|p1a: Manectric|Intimidate|[of] p2a: Dark Eeveeto
|-unboost|p2a: Dark Eeveeto|atk|1
|turn|35
|
|move|p1a: Manectric|Thunderbolt|p2a: Dark Eeveeto
|-damage|p2a: Dark Eeveeto|4\/393 tox
|move|p2a: Dark Eeveeto|Foul Play|p1a: Manectric
|-damage|p1a: Manectric|6\/281
|
|-heal|p2a: Dark Eeveeto|28\/393 tox|[from] item: Leftovers
|-damage|p2a: Dark Eeveeto|0 fnt|[from] psn
|faint|p2a: Dark Eeveeto
|c|âAncient Legend|gg
|
|switch|p2a: Cortacabezas|Rotom-Mow|91\/241
|turn|36
|c|âslurpuffizfood|bg
|c|âslurpuffizfood|gg
|
|move|p2a: Cortacabezas|Thunderbolt|p1a: Manectric
|-resisted|p1a: Manectric
|-damage|p1a: Manectric|0 fnt
|faint|p1a: Manectric
|
|win|Ancient Legend
|raw|Ladder updating...
|raw|slurpuffizfood's rating: 1218 &rarr; <strong>1185<\/strong><br \/>(-33 for losing)
|raw|Ancient Legend's rating: 1115 &rarr; <strong>1147<\/strong><br \/>(+32 for winning)