|join|The name's Alexey
|join|Bic Wahn
|player|p1|The name's Alexey|238
|player|p2|Bic Wahn|145
|gametype|singles
|gen|6
|tier|OU (suspect test)
|rated
|clearpoke
|poke|p1|Landorus-Therian, M
|poke|p1|Sylveon, F
|poke|p1|Ferrothorn, M
|poke|p1|Latios, M
|poke|p1|Altaria, F
|poke|p1|Keldeo
|poke|p2|Clefable, M
|poke|p2|Landorus-Therian, M
|poke|p2|Gyarados, M
|poke|p2|Bisharp, M
|poke|p2|Keldeo
|poke|p2|Raikou
|rule|Swagger Clause: Swagger is banned
|rule|Baton Pass Clause: Limit one PokÃ©mon knowing Baton Pass
|rule|Sleep Clause Mod: Limit one foe put to sleep
|rule|Species Clause: Limit one of each PokÃ©mon
|rule|OHKO Clause: OHKO moves are banned
|rule|Moody Clause: Moody is banned
|rule|Evasion Moves Clause: Evasion moves are banned
|rule|Endless Battle Clause: Forcing endless battles is banned
|rule|HP Percentage Mod: HP is shown in percentages
|teampreview
|
|start
|switch|p1a: Sylveon|Sylveon, F|393\/393
|switch|p2a: Clefable|Clefable, M|393\/393
|turn|1
|
|move|p1a: Sylveon|Hyper Voice|p2a: Clefable
|-damage|p2a: Clefable|132\/393
|move|p2a: Clefable|Stealth Rock|p1a: Sylveon
|-sidestart|p1: The name's Alexey|move: Stealth Rock
|
|-heal|p2a: Clefable|156\/393|[from] item: Leftovers
|turn|2
|
|move|p1a: Sylveon|Hyper Voice|p2a: Clefable
|-damage|p2a: Clefable|0 fnt
|faint|p2a: Clefable
|
|
|switch|p2a: Bisharp|Bisharp, M|271\/271
|turn|3
|
|switch|p1a: Keldeo|Keldeo|323\/323
|-damage|p1a: Keldeo|303\/323|[from] Stealth Rock
|move|p2a: Bisharp|Knock Off|p1a: Keldeo
|-resisted|p1a: Keldeo
|-damage|p1a: Keldeo|178\/323
|-boost|p1a: Keldeo|atk|1|[from] ability: Justified
|-enditem|p1a: Keldeo|Leftovers|[from] move: Knock Off|[of] p2a: Bisharp
|-damage|p2a: Bisharp|244\/271|[from] item: Life Orb
|
|turn|4
|
|switch|p2a: Gyarados|Gyarados, M|345\/345
|-ability|p2a: Gyarados|Intimidate|[of] p1a: Keldeo
|-unboost|p1a: Keldeo|atk|1
|move|p1a: Keldeo|Scald|p2a: Gyarados
|-resisted|p2a: Gyarados
|-damage|p2a: Gyarados|270\/345
|
|turn|5
|
|move|p1a: Keldeo|Secret Sword|p2a: Gyarados
|-resisted|p2a: Gyarados
|-damage|p2a: Gyarados|173\/345
|move|p2a: Gyarados|Earthquake|p1a: Keldeo
|-damage|p1a: Keldeo|55\/323
|
|turn|6
|
|move|p1a: Keldeo|Scald|p2a: Gyarados
|-resisted|p2a: Gyarados
|-damage|p2a: Gyarados|107\/345
|move|p2a: Gyarados|Dragon Dance|p2a: Gyarados
|-boost|p2a: Gyarados|atk|1
|-boost|p2a: Gyarados|spe|1
|
|turn|7
|
|detailschange|p2a: Gyarados|Gyarados-Mega, M
|-mega|p2a: Gyarados|Gyarados|Gyaradosite
|-ability|p2a: Gyarados|Mold Breaker
|move|p2a: Gyarados|Earthquake|p1a: Keldeo
|-damage|p1a: Keldeo|0 fnt
|faint|p1a: Keldeo
|
|
|switch|p1a: Landorus-Therian|Landorus-Therian, M|319\/319
|-damage|p1a: Landorus-Therian|280\/319|[from] Stealth Rock
|-ability|p1a: Landorus-Therian|Intimidate|[of] p2a: Gyarados
|-unboost|p2a: Gyarados|atk|1
|turn|8
|
|switch|p2a: Landorus-Therian|Landorus-Therian, M|325\/325
|-ability|p2a: Landorus-Therian|Intimidate|[of] p1a: Landorus-Therian
|-unboost|p1a: Landorus-Therian|atk|1
|move|p1a: Landorus-Therian|U-turn|p2a: Landorus-Therian
|-resisted|p2a: Landorus-Therian
|-damage|p2a: Landorus-Therian|291\/325
|
|switch|p1a: Sylveon|Sylveon, F|393\/393
|-damage|p1a: Sylveon|344\/393|[from] Stealth Rock
|
|turn|9
|
|move|p2a: Landorus-Therian|U-turn|p1a: Sylveon
|-resisted|p1a: Sylveon
|-damage|p1a: Sylveon|281\/393
|
|switch|p2a: Gyarados|Gyarados-Mega, M|107\/345
|-ability|p2a: Gyarados|Mold Breaker
|move|p1a: Sylveon|Hyper Voice|p2a: Gyarados
|-supereffective|p2a: Gyarados
|-damage|p2a: Gyarados|0 fnt
|faint|p2a: Gyarados
|
|
|switch|p2a: Bisharp|Bisharp, M|244\/271
|turn|10
|
|move|p2a: Bisharp|Swords Dance|p2a: Bisharp
|-boost|p2a: Bisharp|atk|2
|move|p1a: Sylveon|Hyper Voice|p2a: Bisharp
|-damage|p2a: Bisharp|0 fnt
|faint|p2a: Bisharp
|
|
|switch|p2a: Keldeo|Keldeo|323\/323
|turn|11
|
|move|p2a: Keldeo|Hydro Pump|p1a: Sylveon
|-damage|p1a: Sylveon|61\/393
|move|p1a: Sylveon|Hyper Voice|p2a: Keldeo
|-supereffective|p2a: Keldeo
|-damage|p2a: Keldeo|0 fnt
|faint|p2a: Keldeo
|
|
|switch|p2a: Raikou|Raikou|321\/321
|-ability|p2a: Raikou|Pressure
|turn|12
|
|move|p2a: Raikou|Shadow Ball|p1a: Sylveon
|-damage|p1a: Sylveon|0 fnt
|faint|p1a: Sylveon
|
|
|switch|p1a: Altaria|Altaria, F|311\/311
|-damage|p1a: Altaria|234\/311|[from] Stealth Rock
|turn|13
|
|detailschange|p1a: Altaria|Altaria-Mega, F
|-mega|p1a: Altaria|Altaria|Altarianite
|move|p2a: Raikou|Hidden Power|p1a: Altaria
|-crit|p1a: Altaria
|-supereffective|p1a: Altaria
|-damage|p1a: Altaria|56\/311
|move|p1a: Altaria|Return|p2a: Raikou
|-damage|p2a: Raikou|75\/321
|
|turn|14
|
|move|p2a: Raikou|Hidden Power|p1a: Altaria
|-supereffective|p1a: Altaria
|-damage|p1a: Altaria|0 fnt
|faint|p1a: Altaria
|
|
|switch|p1a: Landorus-Therian|Landorus-Therian, M|280\/319
|-damage|p1a: Landorus-Therian|241\/319|[from] Stealth Rock
|-ability|p1a: Landorus-Therian|Intimidate|[of] p2a: Raikou
|-unboost|p2a: Raikou|atk|1
|turn|15
|
|move|p1a: Landorus-Therian|U-turn|p2a: Raikou
|-damage|p2a: Raikou|0 fnt
|faint|p2a: Raikou
|
|switch|p1a: Ferrothorn|Ferrothorn, M|351\/351
|-damage|p1a: Ferrothorn|330\/351|[from] Stealth Rock
|
|-heal|p1a: Ferrothorn|351\/351|[from] item: Leftovers
|-message|Bic Wahn forfeited.
|
|win|The name's Alexey
|raw|Ladder updating...
|leave|Bic Wahn
|player|p2
|raw|The name&apos;s Alexey's rating: 1412 &rarr; <strong>1431<\/strong><br \/>(+19 for winning)
|raw|Bic Wahn's rating: 1404 &rarr; <strong>1385<\/strong><br \/>(-19 for losing)