|join|Reverb
|join|Bic Wahn
|player|p1|Reverb|#reverbxmas
|player|p2|Bic Wahn|145
|gametype|singles
|gen|6
|tier|OU (suspect test)
|rated
|clearpoke
|poke|p1|Metagross
|poke|p1|Heatran, F
|poke|p1|Landorus-Therian, M
|poke|p1|Rotom-Wash
|poke|p1|Keldeo-Resolute
|poke|p1|Gengar, F
|poke|p2|Clefable, F
|poke|p2|Landorus-Therian, M
|poke|p2|Gyarados, M
|poke|p2|Bisharp, M
|poke|p2|Keldeo
|poke|p2|Raikou
|rule|Swagger Clause: Swagger is banned
|rule|Baton Pass Clause: Limit one PokÃ©mon knowing Baton Pass
|rule|Sleep Clause Mod: Limit one foe put to sleep
|rule|Species Clause: Limit one of each PokÃ©mon
|rule|OHKO Clause: OHKO moves are banned
|rule|Moody Clause: Moody is banned
|rule|Evasion Moves Clause: Evasion moves are banned
|rule|Endless Battle Clause: Forcing endless battles is banned
|rule|HP Percentage Mod: HP is shown in percentages
|teampreview
|join|Ailurophilia
|join|Alkov
|join|TickleMyPubes
|join|ohgeedubs
|join|Chillingtilnoon
|join|Tom Bus
|join|ZaMrOcK
|
|start
|switch|p1a: Landorus-Therian|Landorus-Therian, M|327\/327
|switch|p2a: Hayden|Raikou|321\/321
|-ability|p1a: Landorus-Therian|Intimidate|[of] p2a: Hayden
|-unboost|p2a: Hayden|atk|1
|-ability|p2a: Hayden|Pressure
|turn|1
|
|switch|p2a: Flut bus|Landorus-Therian, M|325\/325
|-ability|p2a: Flut bus|Intimidate|[of] p1a: Landorus-Therian
|-unboost|p1a: Landorus-Therian|atk|1
|move|p1a: Landorus-Therian|U-turn|p2a: Flut bus
|-resisted|p2a: Flut bus
|-damage|p2a: Flut bus|292\/325
|
|switch|p1a: Rotom-Wash|Rotom-Wash|303\/303
|
|turn|2
|
|move|p2a: Flut bus|U-turn|p1a: Rotom-Wash
|-damage|p1a: Rotom-Wash|239\/303
|join|Numera
|
|switch|p2a: Hayden|Raikou|321\/321
|-ability|p2a: Hayden|Pressure
|move|p1a: Rotom-Wash|Volt Switch|p2a: Hayden
|-resisted|p2a: Hayden
|-damage|p2a: Hayden|293\/321
|
|switch|p1a: Heatran|Heatran, F|385\/385
|
|turn|3
|
|move|p2a: Hayden|Volt Switch|p1a: Heatran
|-damage|p1a: Heatran|279\/385
|
|switch|p2a: canter bus|Keldeo|323\/323
|move|p1a: Heatran|Stealth Rock|p2a: canter bus
|-sidestart|p2: Bic Wahn|move: Stealth Rock
|
|-heal|p1a: Heatran|303\/385|[from] item: Leftovers
|turn|4
|
|switch|p1a: Rotom-Wash|Rotom-Wash|239\/303
|move|p2a: canter bus|Scald|p1a: Rotom-Wash
|-resisted|p1a: Rotom-Wash
|-damage|p1a: Rotom-Wash|146\/303
|
|-heal|p1a: Rotom-Wash|164\/303|[from] item: Leftovers
|turn|5
|
|switch|p2a: Hayden|Raikou|293\/321
|-damage|p2a: Hayden|253\/321|[from] Stealth Rock
|-ability|p2a: Hayden|Pressure
|move|p1a: Rotom-Wash|Volt Switch|p2a: Hayden
|-resisted|p2a: Hayden
|-damage|p2a: Hayden|225\/321
|
|switch|p1a: Landorus-Therian|Landorus-Therian, M|327\/327
|-ability|p1a: Landorus-Therian|Intimidate|[of] p2a: Hayden
|-unboost|p2a: Hayden|atk|1
|
|turn|6
|join|ollopa
|
|move|p1a: Landorus-Therian|U-turn|p2a: Hayden
|-damage|p2a: Hayden|115\/321
|c| TickleMyPubes|volt switc
|
|switch|p1a: Heatran|Heatran, F|303\/385
|move|p2a: Hayden|Volt Switch|p1a: Heatran
|-damage|p1a: Heatran|191\/385
|
|switch|p2a: canter bus|Keldeo|323\/323
|-damage|p2a: canter bus|303\/323|[from] Stealth Rock
|
|-heal|p1a: Heatran|215\/385|[from] item: Leftovers
|turn|7
|
|switch|p1a: Keldeo-Resolute|Keldeo-Resolute|323\/323
|move|p2a: canter bus|Scald|p1a: Keldeo-Resolute
|-resisted|p1a: Keldeo-Resolute
|-damage|p1a: Keldeo-Resolute|218\/323
|
|turn|8
|join|keldiety
|
|switch|p2a: fgt bus|Clefable, F|393\/393
|move|p1a: Keldeo-Resolute|Secret Sword|p2a: fgt bus
|-resisted|p2a: fgt bus
|-damage|p2a: fgt bus|267\/393
|
|-heal|p2a: fgt bus|291\/393|[from] item: Leftovers
|turn|9
|
|switch|p1a: Metagross|Metagross|301\/301
|move|p2a: fgt bus|Stealth Rock|p1a: Metagross
|-sidestart|p1: Reverb|move: Stealth Rock
|
|-heal|p2a: fgt bus|315\/393|[from] item: Leftovers
|turn|10
|c| Tom Bus|I find that name offensive
|c| ZaMrOcK|LOL
|c|âBic Wahn|fkn fgt
|c| ZaMrOcK|bop
|c| Numera|lmao
|c| TickleMyPubes|;(
|c| TickleMyPubes|dont hurt me
|c| ZaMrOcK|a bus full of fgts
|c| ZaMrOcK|off to the homo school
|c| TickleMyPubes|!
|c| keldiety|le
|c| keldiety|pencils
|leave|keldiety
|leave|Chillingtilnoon
|
|switch|p2a: Flut bus|Landorus-Therian, M|292\/325
|-damage|p2a: Flut bus|252\/325|[from] Stealth Rock
|-ability|p2a: Flut bus|Intimidate|[of] p1a: Metagross
|-fail|p1a: Metagross|unboost|[from] ability: Clear Body|[of] p1a: Metagross
|detailschange|p1a: Metagross|Metagross-Mega
|-mega|p1a: Metagross|Metagross|Metagrossite
|move|p1a: Metagross|Meteor Mash|p2a: Flut bus
|-damage|p2a: Flut bus|11\/325
|
|turn|11
|join|pool12234
|c| ZaMrOcK|?
|
|switch|p1a: Rotom-Wash|Rotom-Wash|164\/303
|-damage|p1a: Rotom-Wash|127\/303|[from] Stealth Rock
|move|p2a: Flut bus|Knock Off|p1a: Rotom-Wash
|-damage|p1a: Rotom-Wash|30\/303
|-enditem|p1a: Rotom-Wash|Leftovers|[from] move: Knock Off|[of] p2a: Flut bus
|
|turn|12
|c|âReverb|lag
|
|switch|p1a: Keldeo-Resolute|Keldeo-Resolute|218\/323
|-damage|p1a: Keldeo-Resolute|198\/323|[from] Stealth Rock
|move|p2a: Flut bus|Knock Off|p1a: Keldeo-Resolute
|-resisted|p1a: Keldeo-Resolute
|-damage|p1a: Keldeo-Resolute|133\/323
|-boost|p1a: Keldeo-Resolute|atk|1|[from] ability: Justified
|-enditem|p1a: Keldeo-Resolute|Choice Specs|[from] move: Knock Off|[of] p2a: Flut bus
|
|turn|13
|c| ZaMrOcK|nerd
|
|move|p2a: Flut bus|Knock Off|p1a: Keldeo-Resolute
|-resisted|p1a: Keldeo-Resolute
|-damage|p1a: Keldeo-Resolute|86\/323
|-boost|p1a: Keldeo-Resolute|atk|1|[from] ability: Justified
|move|p1a: Keldeo-Resolute|Secret Sword|p2a: Flut bus
|-resisted|p2a: Flut bus
|-damage|p2a: Flut bus|0 fnt
|faint|p2a: Flut bus
|
|join|UNZIPS KID
|
|switch|p2a: fgt bus|Clefable, F|315\/393
|turn|14
|
|switch|p1a: Rotom-Wash|Rotom-Wash|30\/303
|-damage|p1a: Rotom-Wash|0 fnt|[from] Stealth Rock
|faint|p1a: Rotom-Wash
|move|p2a: fgt bus|Thunder Wave|p1: Rotom-Wash|[notarget]
|-notarget
|
|-heal|p2a: fgt bus|339\/393|[from] item: Leftovers
|
|switch|p1a: Metagross|Metagross-Mega|301\/301
|-damage|p1a: Metagross|283\/301|[from] Stealth Rock
|turn|15
|
|move|p1a: Metagross|Meteor Mash|p2a: fgt bus
|-supereffective|p2a: fgt bus
|-damage|p2a: fgt bus|0 fnt
|-boost|p1a: Metagross|atk|1
|faint|p2a: fgt bus
|
|
|switch|p2a: Hayden|Raikou|115\/321
|-damage|p2a: Hayden|75\/321|[from] Stealth Rock
|-ability|p2a: Hayden|Pressure
|turn|16
|c| TickleMyPubes|hpice
|c| ZaMrOcK|BP this hoe
|c| Tom Bus|he doesn't have BP
|c| TickleMyPubes|hpice
|c| ZaMrOcK|your mod
|
|switch|p1a: Landorus-Therian|Landorus-Therian, M|327\/327
|-damage|p1a: Landorus-Therian|287\/327|[from] Stealth Rock
|-ability|p1a: Landorus-Therian|Intimidate|[of] p2a: Hayden
|-unboost|p2a: Hayden|atk|1
|move|p2a: Hayden|Shadow Ball|p1a: Landorus-Therian
|-damage|p1a: Landorus-Therian|191\/327
|
|turn|17
|c| ZaMrOcK|you can hack it in
|c| ZaMrOcK|to the fight
|join|ulcer
|c| ZaMrOcK|!
|c| Tom Bus|:]
|join|Kimio
|c| TickleMyPubes|told u
|c| TickleMyPubes|lol
|c|âBic Wahn|not real enough :[
|
|move|p1a: Landorus-Therian|U-turn|p2a: Hayden
|-damage|p2a: Hayden|0 fnt
|faint|p2a: Hayden
|
|switch|p1a: Keldeo-Resolute|Keldeo-Resolute|86\/323
|-damage|p1a: Keldeo-Resolute|66\/323|[from] Stealth Rock
|
|c| TickleMyPubes|stay at 70gxe then
|join|LUCHA DA WAKE
|c|âBic Wahn|right where i belong imo
|leave|LUCHA DA WAKE
|c| TickleMyPubes|true
|c| TickleMyPubes|cod is more competetive
|c| ZaMrOcK|don't u hate it when you've been sitting for a length of time
|c| ZaMrOcK|and you get shit-stains on ur boxers?
|c| ZaMrOcK|fuckin annoying ain't it?
|c| TickleMyPubes|yeah
|
|switch|p2a: glove in the butt|Bisharp, M|271\/271
|-damage|p2a: glove in the butt|255\/271|[from] Stealth Rock
|turn|18
|c|âReverb|literally never happened to me
|c| TickleMyPubes|but thats why i bought diapers
|c| TickleMyPubes|make it simple
|
|move|p2a: glove in the butt|Sucker Punch|p1a: Keldeo-Resolute
|-resisted|p1a: Keldeo-Resolute
|-damage|p1a: Keldeo-Resolute|0 fnt
|-damage|p2a: glove in the butt|228\/271|[from] item: Life Orb
|faint|p1a: Keldeo-Resolute
|
|c| TickleMyPubes|now i sit for like 12 hours
|join|Seriously Cereal
|
|switch|p1a: Heatran|Heatran, F|215\/385
|-damage|p1a: Heatran|167\/385|[from] Stealth Rock
|turn|19
|c| Numera|Zam all the time
|c| ZaMrOcK|Reverb confirmed has the cleanest ass on the server
|c| Kimio|lol
|c| Seriously Cereal|i don't get it
|
|move|p1a: Heatran|Lava Plume|p2a: glove in the butt
|-crit|p2a: glove in the butt
|-supereffective|p2a: glove in the butt
|-damage|p2a: glove in the butt|0 fnt
|faint|p2a: glove in the butt
|
|-heal|p1a: Heatran|191\/385|[from] item: Leftovers
|c| Seriously Cereal|why would anyone put thier gloves
|
|switch|p2a: canter bus|Keldeo|303\/323
|-damage|p2a: canter bus|283\/323|[from] Stealth Rock
|turn|20
|c| Seriously Cereal|in their butt
|c|âBic Wahn|its not going up his own butt
|
|move|p2a: canter bus|Scald|p1a: Heatran
|-supereffective|p1a: Heatran
|-damage|p1a: Heatran|0 fnt
|faint|p1a: Heatran
|
|c| ollopa|cavity search
|c| Seriously Cereal|O_o
|c| Seriously Cereal|ah
|
|switch|p1a: Metagross|Metagross-Mega|283\/301
|-damage|p1a: Metagross|265\/301|[from] Stealth Rock
|turn|21
|c| Numera|wanna go up a butt but don't wanna get covered in shit
|c| Seriously Cereal|lol
|c| Numera|what else
|
|move|p1a: Metagross|Zen Headbutt|p2a: canter bus
|-supereffective|p2a: canter bus
|-damage|p2a: canter bus|0 fnt
|faint|p2a: canter bus
|
|
|switch|p2a: rake up the bus|Gyarados, M|345\/345
|-damage|p2a: rake up the bus|259\/345|[from] Stealth Rock
|-ability|p2a: rake up the bus|Intimidate|[of] p1a: Metagross
|-unboost|p1a: Metagross|atk|1
|turn|22
|join|UpperLadderStall
|c| Tom Bus|This name is also offensive
|c| TickleMyPubes|lando cummin in
|c| ZaMrOcK|racks on racks
|leave|pool12234
|c| ZaMrOcK|on the bus
|join|Chillingtilnoon
|c| Numera|offensive names:
|c| Numera|Zamrock bus
|c| Numera|omg calling someone a Zamrock is so rude :\/
|
|switch|p1a: Landorus-Therian|Landorus-Therian, M|191\/327
|-damage|p1a: Landorus-Therian|151\/327|[from] Stealth Rock
|-ability|p1a: Landorus-Therian|Intimidate|[of] p2a: rake up the bus
|-unboost|p2a: rake up the bus|atk|1
|move|p2a: rake up the bus|Dragon Dance|p2a: rake up the bus
|-boost|p2a: rake up the bus|atk|1
|-boost|p2a: rake up the bus|spe|1
|
|turn|23
|c| ZaMrOcK|throw a couple ba dbitches in that bus
|
|detailschange|p2a: rake up the bus|Gyarados-Mega, M
|-mega|p2a: rake up the bus|Gyarados|Gyaradosite
|-ability|p2a: rake up the bus|Mold Breaker
|move|p1a: Landorus-Therian|Explosion|p2a: rake up the bus
|-damage|p2a: rake up the bus|0 fnt
|faint|p1a: Landorus-Therian
|faint|p2a: rake up the bus
|
|win|Reverb
|raw|Ladder updating...
|raw|Reverb's rating: 1507 &rarr; <strong>1524<\/strong><br \/>(+17 for winning)
|raw|Bic Wahn's rating: 1463 &rarr; <strong>1445<\/strong><br \/>(-18 for losing)
|c|âReverb|gg
|c| TickleMyPubes|lol
|c|âBic Wahn|gg