|join|Irosstein
|join|Moletea
|player|p1|Irosstein|234
|player|p2|Moletea|177
|gametype|singles
|gen|6
|tier|UU
|rated
|rule|Sleep Clause Mod: Limit one foe put to sleep
|rule|Species Clause: Limit one of each PokÃ©mon
|rule|OHKO Clause: OHKO moves are banned
|rule|Moody Clause: Moody is banned
|rule|Evasion Moves Clause: Evasion moves are banned
|rule|Endless Battle Clause: Forcing endless battles is banned
|rule|HP Percentage Mod: HP is shown in percentages
|clearpoke
|poke|p1|Suicune, shiny
|poke|p1|Sceptile, M
|poke|p1|Krookodile, M
|poke|p1|Blissey, F
|poke|p1|Darmanitan, F
|poke|p1|Crobat, M
|poke|p2|Beedrill, F, shiny
|poke|p2|Suicune
|poke|p2|Roserade, M
|poke|p2|Aerodactyl, F
|poke|p2|Rotom-Heat
|poke|p2|Donphan, M
|rule|Swagger Clause: Swagger is banned
|rule|Baton Pass Clause: Limit one PokÃ©mon knowing Baton Pass
|teampreview
|
|start
|switch|p1a: Resist|Darmanitan, F|351\/351
|switch|p2a: Beedrill|Beedrill, F, shiny|271\/271
|turn|1
|
|detailschange|p2a: Beedrill|Beedrill-Mega, F, shiny
|-mega|p2a: Beedrill|Beedrill|Beedrillite
|move|p2a: Beedrill|Protect|p2a: Beedrill
|-singleturn|p2a: Beedrill|Protect
|move|p1a: Resist|Flare Blitz|p2a: Beedrill
|-activate|p2a: Beedrill|Protect
|
|turn|2
|
|switch|p2a: Suicune|Suicune|404\/404
|-ability|p2a: Suicune|Pressure
|move|p1a: Resist|Flare Blitz|p2a: Suicune
|-resisted|p2a: Suicune
|-damage|p2a: Suicune|302\/404
|-damage|p1a: Resist|317\/351|[from] recoil|[of] p2a: Suicune
|
|-heal|p2a: Suicune|327\/404|[from] item: Leftovers
|turn|3
|
|switch|p1a: Plantastic|Sceptile, M|281\/281
|move|p2a: Suicune|Scald|p1a: Plantastic
|-resisted|p1a: Plantastic
|-damage|p1a: Plantastic|230\/281
|
|-heal|p2a: Suicune|352\/404|[from] item: Leftovers
|turn|4
|
|switch|p2a: Rotom-Heat|Rotom-Heat|242\/242
|detailschange|p1a: Plantastic|Sceptile-Mega, M
|-mega|p1a: Plantastic|Sceptile|Sceptilite
|move|p1a: Plantastic|Dragon Pulse|p2a: Rotom-Heat
|-damage|p2a: Rotom-Heat|89\/242
|
|turn|5
|
|switch|p1a: Resist|Darmanitan, F|317\/351
|move|p2a: Rotom-Heat|Overheat|p1a: Resist
|-resisted|p1a: Resist
|-damage|p1a: Resist|164\/351
|-unboost|p2a: Rotom-Heat|spa|2
|
|turn|6
|
|switch|p2a: Suicune|Suicune|352\/404
|-ability|p2a: Suicune|Pressure
|move|p1a: Resist|U-turn|p2a: Suicune
|-damage|p2a: Suicune|291\/404
|
|switch|p1a: Plantastic|Sceptile-Mega, M|230\/281
|
|-heal|p2a: Suicune|316\/404|[from] item: Leftovers
|turn|7
|
|move|p1a: Plantastic|Dragon Pulse|p2a: Suicune
|-crit|p2a: Suicune
|-damage|p2a: Suicune|93\/404
|move|p2a: Suicune|Calm Mind|p2a: Suicune
|-boost|p2a: Suicune|spa|1
|-boost|p2a: Suicune|spd|1
|
|-heal|p2a: Suicune|118\/404|[from] item: Leftovers
|turn|8
|
|switch|p2a: Rotom-Heat|Rotom-Heat|89\/242
|move|p1a: Plantastic|Giga Drain|p2a: Rotom-Heat
|-resisted|p2a: Rotom-Heat
|-damage|p2a: Rotom-Heat|19\/242
|-heal|p1a: Plantastic|265\/281|[from] drain|[of] p2a: Rotom-Heat
|
|turn|9
|
|switch|p1a: A.DaRapist|Blissey, F|672\/672
|move|p2a: Rotom-Heat|Overheat|p1a: A.DaRapist
|-damage|p1a: A.DaRapist|552\/672
|-unboost|p2a: Rotom-Heat|spa|2
|
|-heal|p1a: A.DaRapist|594\/672|[from] item: Leftovers
|turn|10
|
|switch|p2a: Donphan|Donphan, M|383\/383
|switch|p1a: PanzerFist|Krookodile, M|370\/370
|-ability|p1a: PanzerFist|Intimidate|[of] p2a: Donphan
|-unboost|p2a: Donphan|atk|1
|
|turn|11
|
|move|p1a: PanzerFist|Knock Off|p2a: Donphan
|-damage|p2a: Donphan|263\/383
|-enditem|p2a: Donphan|Assault Vest|[from] move: Knock Off|[of] p1a: PanzerFist
|move|p2a: Donphan|Knock Off|p1a: PanzerFist
|-resisted|p1a: PanzerFist
|-damage|p1a: PanzerFist|327\/370
|-enditem|p1a: PanzerFist|Leftovers|[from] move: Knock Off|[of] p2a: Donphan
|
|turn|12
|
|switch|p2a: Aerodactyl|Aerodactyl, F|301\/301
|-ability|p2a: Aerodactyl|Pressure
|move|p1a: PanzerFist|Stealth Rock|p2a: Aerodactyl
|-sidestart|p2: Moletea|move: Stealth Rock
|
|turn|13
|
|move|p2a: Aerodactyl|Stealth Rock|p1a: PanzerFist
|-sidestart|p1: Irosstein|move: Stealth Rock
|move|p1a: PanzerFist|Knock Off|p2a: Aerodactyl
|-damage|p2a: Aerodactyl|81\/301
|-enditem|p2a: Aerodactyl|Focus Sash|[from] move: Knock Off|[of] p1a: PanzerFist
|
|turn|14
|
|move|p2a: Aerodactyl|Earthquake|p1a: PanzerFist
|-damage|p1a: PanzerFist|221\/370
|move|p1a: PanzerFist|Knock Off|p2a: Aerodactyl
|-damage|p2a: Aerodactyl|0 fnt
|faint|p2a: Aerodactyl
|
|
|switch|p2a: Beedrill|Beedrill-Mega, F, shiny|271\/271
|-damage|p2a: Beedrill|204\/271|[from] Stealth Rock
|turn|15
|
|switch|p1a: AverageCro|Crobat, M|369\/369
|-damage|p1a: AverageCro|277\/369|[from] Stealth Rock
|move|p2a: Beedrill|U-turn|p1a: AverageCro
|-resisted|p1a: AverageCro
|-damage|p1a: AverageCro|222\/369
|
|switch|p2a: Donphan|Donphan, M|263\/383
|-damage|p2a: Donphan|240\/383|[from] Stealth Rock
|
|-heal|p1a: AverageCro|245\/369|[from] item: Black Sludge
|turn|16
|
|move|p1a: AverageCro|Toxic|p2a: Donphan
|-status|p2a: Donphan|tox
|move|p2a: Donphan|Rapid Spin|p1a: AverageCro
|-damage|p1a: AverageCro|217\/369
|-sideend|p2: Moletea|Stealth Rock|[from] move: Rapid Spin|[of] p2a: Donphan
|
|-heal|p1a: AverageCro|240\/369|[from] item: Black Sludge
|-damage|p2a: Donphan|217\/383 tox|[from] psn
|turn|17
|
|move|p1a: AverageCro|Defog|p2a: Donphan
|-unboost|p2a: Donphan|evasion|1
|-sideend|p1: Irosstein|Stealth Rock|[from] move: Defog|[of] p1a: AverageCro
|move|p2a: Donphan|Knock Off|p1a: AverageCro
|-damage|p1a: AverageCro|91\/369
|-enditem|p1a: AverageCro|Black Sludge|[from] move: Knock Off|[of] p2a: Donphan
|
|-damage|p2a: Donphan|171\/383 tox|[from] psn
|turn|18
|
|switch|p1a: PanzerFist|Krookodile, M|221\/370
|-ability|p1a: PanzerFist|Intimidate|[of] p2a: Donphan
|-unboost|p2a: Donphan|atk|1
|move|p2a: Donphan|Earthquake|p1a: PanzerFist
|-damage|p1a: PanzerFist|97\/370
|
|-damage|p2a: Donphan|102\/383 tox|[from] psn
|turn|19
|
|move|p2a: Donphan|Ice Shard|p1a: PanzerFist
|-supereffective|p1a: PanzerFist
|-damage|p1a: PanzerFist|25\/370
|move|p1a: PanzerFist|Stealth Rock|p2a: Donphan
|-sidestart|p2: Moletea|move: Stealth Rock
|
|-damage|p2a: Donphan|10\/383 tox|[from] psn
|turn|20
|
|move|p2a: Donphan|Ice Shard|p1a: PanzerFist
|-supereffective|p1a: PanzerFist
|-damage|p1a: PanzerFist|0 fnt
|faint|p1a: PanzerFist
|
|-damage|p2a: Donphan|0 fnt|[from] psn
|faint|p2a: Donphan
|
|switch|p1a: Resist|Darmanitan, F|164\/351
|switch|p2a: Rotom-Heat|Rotom-Heat|19\/242
|-damage|p2a: Rotom-Heat|0 fnt|[from] Stealth Rock
|faint|p2a: Rotom-Heat
|
|switch|p2a: Suicune|Suicune|118\/404
|-damage|p2a: Suicune|68\/404|[from] Stealth Rock
|-ability|p2a: Suicune|Pressure
|turn|21
|
|move|p1a: Resist|Earthquake|p2a: Suicune
|-damage|p2a: Suicune|0 fnt
|faint|p2a: Suicune
|
|-message|Moletea forfeited.
|
|win|Irosstein
|raw|Ladder updating...
|leave|Moletea
|player|p2
|raw|Irosstein's rating: 1363 &rarr; <strong>1380<\/strong><br \/>(+17 for winning)
|raw|Moletea's rating: 1316 &rarr; <strong>1299<\/strong><br \/>(-17 for losing)