|join|ShadowChinchi
|join|ULT cute
|player|p1|ShadowChinchi|144
|player|p2|ULT cute|56
|gametype|singles
|gen|6
|tier|UU
|rated
|rule|Sleep Clause Mod: Limit one foe put to sleep
|rule|Species Clause: Limit one of each PokÃ©mon
|rule|OHKO Clause: OHKO moves are banned
|rule|Moody Clause: Moody is banned
|rule|Evasion Moves Clause: Evasion moves are banned
|rule|Endless Battle Clause: Forcing endless battles is banned
|rule|HP Percentage Mod: HP is shown in percentages
|clearpoke
|poke|p1|Aerodactyl, F
|poke|p1|Cloyster, F
|poke|p1|Scrafty, M, shiny
|poke|p1|Noivern, M
|poke|p1|Cofagrigus, M
|poke|p1|Goodra, F
|poke|p2|Jirachi
|poke|p2|Hippowdon, M
|poke|p2|Blastoise, M
|poke|p2|Shaymin
|poke|p2|Hydreigon, F
|poke|p2|Florges, F
|rule|Swagger Clause: Swagger is banned
|rule|Baton Pass Clause: Limit one PokÃ©mon knowing Baton Pass
|teampreview
|
|start
|switch|p1a: Goodra|Goodra, F|371\/371
|switch|p2a: Blastoise|Blastoise, M|357\/357
|turn|1
|
|switch|p2a: Jirachi|Jirachi|404\/404
|move|p1a: Goodra|Sludge Bomb|p2a: Jirachi
|-immune|p2a: Jirachi|[msg]
|
|turn|2
|
|move|p2a: Jirachi|Toxic|p1a: Goodra|[miss]
|-miss|p2a: Jirachi|p1a: Goodra
|move|p1a: Goodra|Flamethrower|p2a: Jirachi
|-supereffective|p2a: Jirachi
|-damage|p2a: Jirachi|208\/404
|
|-heal|p2a: Jirachi|233\/404|[from] item: Leftovers
|turn|3
|c|âULT cute|avoiding muh toxic
|c|âULT cute|rude
|
|move|p2a: Jirachi|Iron Head|p1a: Goodra
|-damage|p1a: Goodra|262\/371
|-unboost|p2a: Jirachi|spe|1
|cant|p1a: Goodra|flinch
|
|-heal|p2a: Jirachi|258\/404|[from] item: Leftovers
|turn|4
|c|âShadowChinchi|just like you lucking out and guessing my move
|c|âULT cute|>luck
|c|âULT cute|lol
|
|switch|p2a: Hippowdon|Hippowdon, M|419\/419
|-weather|Sandstorm
|move|p1a: Goodra|Flamethrower|p2a: Hippowdon
|-damage|p2a: Hippowdon|274\/419
|
|-weather|Sandstorm|[upkeep]
|-damage|p1a: Goodra|239\/371|[from] sandstorm
|-heal|p2a: Hippowdon|300\/419|[from] item: Leftovers
|turn|5
|
|switch|p2a: Jirachi|Jirachi|258\/404
|move|p1a: Goodra|Ice Beam|p2a: Jirachi
|-resisted|p2a: Jirachi
|-damage|p2a: Jirachi|207\/404
|
|-weather|Sandstorm|[upkeep]
|-damage|p1a: Goodra|216\/371|[from] sandstorm
|-heal|p2a: Jirachi|232\/404|[from] item: Leftovers
|turn|6
|
|move|p2a: Jirachi|Iron Head|p1a: Goodra
|-damage|p1a: Goodra|92\/371
|-unboost|p2a: Jirachi|spe|1
|cant|p1a: Goodra|flinch
|
|-weather|Sandstorm|[upkeep]
|-damage|p1a: Goodra|69\/371|[from] sandstorm
|-heal|p2a: Jirachi|257\/404|[from] item: Leftovers
|turn|7
|
|switch|p2a: Blastoise|Blastoise, M|357\/357
|move|p1a: Goodra|Dragon Pulse|p2a: Blastoise
|-damage|p2a: Blastoise|224\/357
|
|-weather|Sandstorm|[upkeep]
|-damage|p2a: Blastoise|202\/357|[from] sandstorm
|-damage|p1a: Goodra|46\/371|[from] sandstorm
|turn|8
|
|detailschange|p2a: Blastoise|Blastoise-Mega, M
|-mega|p2a: Blastoise|Blastoise|Blastoisinite
|move|p2a: Blastoise|Dragon Pulse|p1a: Goodra
|-supereffective|p1a: Goodra
|-damage|p1a: Goodra|0 fnt
|faint|p1a: Goodra
|
|-weather|none
|
|switch|p1a: Cloyster|Cloyster, F|241\/241
|turn|9
|
|move|p1a: Cloyster|Shell Smash|p1a: Cloyster
|-boost|p1a: Cloyster|atk|2
|-boost|p1a: Cloyster|spa|2
|-boost|p1a: Cloyster|spe|2
|-unboost|p1a: Cloyster|def|1
|-unboost|p1a: Cloyster|spd|1
|move|p2a: Blastoise|Dark Pulse|p1a: Cloyster
|-enditem|p1a: Cloyster|Focus Sash
|-damage|p1a: Cloyster|1\/241
|
|turn|10
|
|switch|p2a: Hippowdon|Hippowdon, M|300\/419
|-weather|Sandstorm
|move|p1a: Cloyster|Rock Blast|p2a: Hippowdon|[miss]
|-miss|p1a: Cloyster|p2a: Hippowdon
|
|-weather|Sandstorm|[upkeep]
|-damage|p1a: Cloyster|0 fnt|[from] sandstorm
|-heal|p2a: Hippowdon|326\/419|[from] item: Leftovers
|faint|p1a: Cloyster
|
|switch|p1a: Aerodactyl|Aerodactyl, F|315\/315
|turn|11
|
|detailschange|p1a: Aerodactyl|Aerodactyl-Mega, F
|-mega|p1a: Aerodactyl|Aerodactyl|Aerodactylite
|move|p1a: Aerodactyl|Stealth Rock|p2a: Hippowdon
|-sidestart|p2: ULT cute|move: Stealth Rock
|move|p2a: Hippowdon|Stealth Rock|p1a: Aerodactyl
|-sidestart|p1: ShadowChinchi|move: Stealth Rock
|
|-weather|Sandstorm|[upkeep]
|-heal|p2a: Hippowdon|352\/419|[from] item: Leftovers
|turn|12
|
|move|p1a: Aerodactyl|Iron Head|p2a: Hippowdon
|-damage|p2a: Hippowdon|268\/419
|move|p2a: Hippowdon|Whirlwind|p1a: Aerodactyl
|drag|p1a: Scrafty|Scrafty, M, shiny|334\/334
|-damage|p1a: Scrafty|314\/334|[from] Stealth Rock
|
|-weather|Sandstorm|[upkeep]
|-damage|p1a: Scrafty|294\/334|[from] sandstorm
|-heal|p1a: Scrafty|314\/334|[from] item: Leftovers
|-heal|p2a: Hippowdon|294\/419|[from] item: Leftovers
|turn|13
|c|âULT cute|o.o
|
|move|p1a: Scrafty|Drain Punch|p2a: Hippowdon
|-crit|p2a: Hippowdon
|-damage|p2a: Hippowdon|212\/419
|-heal|p1a: Scrafty|334\/334|[from] drain|[of] p2a: Hippowdon
|move|p2a: Hippowdon|Whirlwind|p1a: Scrafty
|drag|p1a: Cofagrigus|Cofagrigus, M|307\/307
|-damage|p1a: Cofagrigus|269\/307|[from] Stealth Rock
|
|-weather|Sandstorm|[upkeep]
|-damage|p1a: Cofagrigus|250\/307|[from] sandstorm
|-heal|p2a: Hippowdon|238\/419|[from] item: Leftovers
|turn|14
|
|switch|p2a: Blastoise|Blastoise-Mega, M|202\/357
|-damage|p2a: Blastoise|158\/357|[from] Stealth Rock
|move|p1a: Cofagrigus|Will-O-Wisp|p2a: Blastoise
|-status|p2a: Blastoise|brn
|
|-weather|none
|-damage|p2a: Blastoise|114\/357 brn|[from] brn
|turn|15
|
|move|p2a: Blastoise|Dark Pulse|p1a: Cofagrigus
|-supereffective|p1a: Cofagrigus
|-damage|p1a: Cofagrigus|0 fnt
|faint|p1a: Cofagrigus
|
|-damage|p2a: Blastoise|70\/357 brn|[from] brn
|
|switch|p1a: Noivern|Noivern, M|311\/311
|-damage|p1a: Noivern|234\/311|[from] Stealth Rock
|turn|16
|
|move|p1a: Noivern|Hidden Power|p2a: Blastoise
|-supereffective|p2a: Blastoise
|-damage|p2a: Blastoise|0 fnt
|faint|p2a: Blastoise
|
|
|switch|p2a: Shaymin|Shaymin|341\/341
|-damage|p2a: Shaymin|299\/341|[from] Stealth Rock
|turn|17
|
|switch|p1a: Aerodactyl|Aerodactyl-Mega, F|315\/315
|-damage|p1a: Aerodactyl|237\/315|[from] Stealth Rock
|move|p2a: Shaymin|Dazzling Gleam|p1a: Aerodactyl
|-damage|p1a: Aerodactyl|147\/315
|
|-heal|p2a: Shaymin|320\/341|[from] item: Leftovers
|turn|18
|
|switch|p2a: Jirachi|Jirachi|257\/404
|-damage|p2a: Jirachi|232\/404|[from] Stealth Rock
|move|p1a: Aerodactyl|Roost|p1a: Aerodactyl
|-heal|p1a: Aerodactyl|305\/315
|
|-heal|p2a: Jirachi|257\/404|[from] item: Leftovers
|turn|19
|
|move|p1a: Aerodactyl|Iron Head|p2a: Jirachi
|-resisted|p2a: Jirachi
|-damage|p2a: Jirachi|189\/404
|move|p2a: Jirachi|Iron Head|p1a: Aerodactyl
|-supereffective|p1a: Aerodactyl
|-damage|p1a: Aerodactyl|95\/315
|
|-heal|p2a: Jirachi|214\/404|[from] item: Leftovers
|turn|20
|c|âShadowChinchi|its so wonderful that you use pokemon that cannot be used in official tournaments. Smogon isnt anything more than a fan made crap work
|
|move|p1a: Aerodactyl|Roost|p1a: Aerodactyl
|-heal|p1a: Aerodactyl|253\/315
|move|p2a: Jirachi|Iron Head|p1a: Aerodactyl
|-supereffective|p1a: Aerodactyl
|-damage|p1a: Aerodactyl|31\/315
|
|-heal|p2a: Jirachi|239\/404|[from] item: Leftovers
|turn|21
|
|move|p1a: Aerodactyl|Defog|p2a: Jirachi
|-unboost|p2a: Jirachi|evasion|1
|-sideend|p2: ULT cute|Stealth Rock|[from] move: Defog|[of] p2a: Jirachi
|-sideend|p1: ShadowChinchi|Stealth Rock|[from] move: Defog|[of] p1a: Aerodactyl
|move|p2a: Jirachi|Iron Head|p1a: Aerodactyl
|-supereffective|p1a: Aerodactyl
|-damage|p1a: Aerodactyl|0 fnt
|faint|p1a: Aerodactyl
|
|-heal|p2a: Jirachi|264\/404|[from] item: Leftovers
|c|âULT cute|rofl
|c|âULT cute|you don't have to play smogon UU
|c|âULT cute|but to play it
|c|âULT cute|then suck
|c|âULT cute|then bitch about the rules
|c|âULT cute|which are clearly laid out
|c|âULT cute|is retarded
|c|âULT cute|sorry you suck
|c|âShadowChinchi|jirachi is shit. How come nintendo doesnt have one.
|c|âULT cute|get gud
|
|switch|p1a: Scrafty|Scrafty, M, shiny|334\/334
|turn|22
|c|âShadowChinchi|battle my OU
|c|âULT cute|I don't play OU
|c|âULT cute|:]
|
|switch|p2a: Florges|Florges, F|360\/360
|move|p1a: Scrafty|Bulk Up|p1a: Scrafty
|-boost|p1a: Scrafty|atk|1
|-boost|p1a: Scrafty|def|1
|
|turn|23
|
|move|p2a: Florges|Moonblast|p1a: Scrafty
|-supereffective|p1a: Scrafty
|-damage|p1a: Scrafty|30\/334
|-unboost|p1a: Scrafty|spa|1
|move|p1a: Scrafty|Amnesia|p1a: Scrafty
|-boost|p1a: Scrafty|spd|2
|
|-heal|p1a: Scrafty|50\/334|[from] item: Leftovers
|turn|24
|c|âULT cute|rofl thats slow
|c|âULT cute|bad set tbh :[
|
|move|p1a: Scrafty|Protect|p1a: Scrafty
|-singleturn|p1a: Scrafty|Protect
|move|p2a: Florges|Moonblast|p1a: Scrafty
|-activate|p1a: Scrafty|Protect
|
|-heal|p1a: Scrafty|70\/334|[from] item: Leftovers
|turn|25
|
|move|p2a: Florges|Moonblast|p1a: Scrafty
|-crit|p1a: Scrafty
|-supereffective|p1a: Scrafty
|-damage|p1a: Scrafty|0 fnt
|faint|p1a: Scrafty
|
|c|âShadowChinchi|Normally only play walls now.
|
|switch|p1a: Noivern|Noivern, M|234\/311
|turn|26
|c|âULT cute|gg :]
|
|move|p1a: Noivern|Flamethrower|p2a: Florges
|-damage|p2a: Florges|266\/360
|move|p2a: Florges|Moonblast|p1a: Noivern
|-supereffective|p1a: Noivern
|-damage|p1a: Noivern|0 fnt
|faint|p1a: Noivern
|
|win|ULT cute
|raw|Ladder updating...
|raw|ShadowChinchi's rating: 1157 &rarr; <strong>1139<\/strong><br \/>(-18 for losing)
|raw|ULT cute's rating: 1258 &rarr; <strong>1276<\/strong><br \/>(+18 for winning)