|join|Hunter42000
|join|Patodragon.v30
|player|p1|Hunter42000|34
|player|p2|Patodragon.v30|102
|gametype|singles
|gen|6
|tier|ORAS OU
|rated
|rule|Sleep Clause Mod: Limit one foe put to sleep
|rule|Species Clause: Limit one of each PokÃ©mon
|rule|OHKO Clause: OHKO moves are banned
|rule|Moody Clause: Moody is banned
|rule|Evasion Moves Clause: Evasion moves are banned
|rule|Endless Battle Clause: Forcing endless battles is banned
|rule|HP Percentage Mod: HP is shown in percentages
|clearpoke
|poke|p1|Azumarill, F
|poke|p1|Landorus-Therian, M
|poke|p1|Raikou
|poke|p1|Mew
|poke|p1|Heracross, M
|poke|p1|Crawdaunt, M
|poke|p2|Salamence, F
|poke|p2|Magnezone
|poke|p2|Magneton, shiny
|poke|p2|Wobbuffet, F, shiny
|poke|p2|Gothitelle, F
|poke|p2|Dugtrio, M
|rule|Swagger Clause: Swagger is banned
|rule|Baton Pass Clause: Limit one PokÃ©mon knowing Baton Pass
|teampreview
|
|start
|switch|p1a: Heracross|Heracross, M|307\/307
|switch|p2a: NOT UBER|Wobbuffet, F, shiny|529\/529
|turn|1
|
|switch|p2a: UBER|Salamence, F|391\/391
|-ability|p2a: UBER|Intimidate|[of] p1a: Heracross
|-unboost|p1a: Heracross|atk|1
|detailschange|p1a: Heracross|Heracross-Mega, M
|message|Heracross has Mega Evolved into Mega Heracross!
|move|p1a: Heracross|Pin Missile|p2a: UBER
|-crit|p2a: UBER
|-resisted|p2a: UBER
|-damage|p2a: UBER|341\/391
|-resisted|p2a: UBER
|-damage|p2a: UBER|319\/391
|-resisted|p2a: UBER
|-damage|p2a: UBER|294\/391
|-resisted|p2a: UBER
|-damage|p2a: UBER|271\/391
|-resisted|p2a: UBER
|-damage|p2a: UBER|246\/391
|-hitcount|p2a: UBER|5
|
|turn|2
|
|switch|p1a: Raikou|Raikou|321\/321
|-ability|p1a: Raikou|Pressure
|detailschange|p2a: UBER|Salamence-Mega, F
|message|Salamence has Mega Evolved into Mega Salamence!
|move|p2a: UBER|Roost|p2a: UBER
|-heal|p2a: UBER|391\/391
|
|turn|3
|
|switch|p1a: Mew|Mew|404\/404
|switch|p2a: NOT UBER|Dugtrio, M|212\/212
|
|turn|4
|
|move|p2a: NOT UBER|Stealth Rock|p1a: Mew
|-sidestart|p1: Hunter42000|move: Stealth Rock
|move|p1a: Mew|Stealth Rock|p2a: NOT UBER
|-sidestart|p2: Patodragon.v30|move: Stealth Rock
|
|turn|5
|
|switch|p2a: FUCK STALL|Gothitelle, F|301\/301
|-damage|p2a: FUCK STALL|264\/301|[from] Stealth Rock
|move|p1a: Mew|Overheat|p2a: FUCK STALL
|-damage|p2a: FUCK STALL|180\/301
|-unboost|p1a: Mew|spa|2
|
|turn|6
|
|move|p2a: FUCK STALL|Trick|p1a: Mew
|-activate|p2a: FUCK STALL|move: Trick|[of] p1a: Mew
|-item|p1a: Mew|Choice Scarf|[from] move: Trick
|-item|p2a: FUCK STALL|Normal Gem|[from] move: Trick
|move|p1a: Mew|Explosion|p2a: FUCK STALL
|-damage|p2a: FUCK STALL|0 fnt
|faint|p1a: Mew
|faint|p2a: FUCK STALL
|
|c|âPatodragon.v30|undoubtedly cool
|
|switch|p2a: UBER|Salamence-Mega, F|391\/391
|-damage|p2a: UBER|294\/391|[from] Stealth Rock
|switch|p1a: Heracross|Heracross-Mega, M|307\/307
|-damage|p1a: Heracross|269\/307|[from] Stealth Rock
|turn|7
|
|switch|p1a: Landorus-Therian|Landorus-Therian, M|339\/339
|-damage|p1a: Landorus-Therian|297\/339|[from] Stealth Rock
|-ability|p1a: Landorus-Therian|Intimidate|[of] p2a: UBER
|-unboost|p2a: UBER|atk|1
|move|p2a: UBER|Frustration|p1a: Landorus-Therian
|-damage|p1a: Landorus-Therian|129\/339
|
|turn|8
|
|move|p1a: Landorus-Therian|Explosion|p2a: UBER
|-crit|p2a: UBER
|-damage|p2a: UBER|0 fnt
|faint|p1a: Landorus-Therian
|faint|p2a: UBER
|
|c|âPatodragon.v30|shit
|c|âPatodragon.v30|i remember you
|c|âPatodragon.v30|i got shafted by that before
|
|switch|p2a: NOT UBER|Magneton, shiny|242\/242
|-damage|p2a: NOT UBER|227\/242|[from] Stealth Rock
|switch|p1a: Heracross|Heracross-Mega, M|269\/307
|-damage|p1a: Heracross|231\/307|[from] Stealth Rock
|turn|9
|
|switch|p1a: Azumarill|Azumarill, F|383\/383
|-damage|p1a: Azumarill|336\/383|[from] Stealth Rock
|move|p2a: NOT UBER|Volt Switch|p1a: Azumarill
|-supereffective|p1a: Azumarill
|-damage|p1a: Azumarill|144\/383
|
|switch|p2a: NOT UBER|Wobbuffet, F, shiny|529\/529
|-damage|p2a: NOT UBER|463\/529|[from] Stealth Rock
|
|turn|10
|
|move|p1a: Azumarill|Play Rough|p2a: NOT UBER
|-damage|p2a: NOT UBER|273\/529
|move|p2a: NOT UBER|Counter|p1a: Azumarill
|-damage|p1a: Azumarill|0 fnt
|faint|p1a: Azumarill
|
|
|switch|p1a: Crawdaunt|Crawdaunt, M|273\/273
|-damage|p1a: Crawdaunt|239\/273|[from] Stealth Rock
|turn|11
|
|move|p1a: Crawdaunt|Knock Off|p2a: NOT UBER
|-supereffective|p2a: NOT UBER
|-damage|p2a: NOT UBER|0 fnt
|-enditem|p2a: NOT UBER|Sitrus Berry|[from] move: Knock Off|[of] p1a: Crawdaunt
|-damage|p1a: Crawdaunt|212\/273|[from] item: Life Orb
|faint|p2a: NOT UBER
|
|
|switch|p2a: NOT UBER|Magneton, shiny|227\/242
|-damage|p2a: NOT UBER|212\/242|[from] Stealth Rock
|turn|12
|
|move|p1a: Crawdaunt|Aqua Jet|p2a: NOT UBER
|-damage|p2a: NOT UBER|85\/242
|-damage|p1a: Crawdaunt|185\/273|[from] item: Life Orb
|move|p2a: NOT UBER|Volt Switch|p1a: Crawdaunt
|-supereffective|p1a: Crawdaunt
|-damage|p1a: Crawdaunt|0 fnt
|faint|p1a: Crawdaunt
|
|switch|p2a: NOT UBER|Magnezone|313\/313
|-damage|p2a: NOT UBER|294\/313|[from] Stealth Rock
|-item|p2a: NOT UBER|Air Balloon
|
|
|switch|p1a: Heracross|Heracross-Mega, M|231\/307
|-damage|p1a: Heracross|193\/307|[from] Stealth Rock
|turn|13
|
|move|p1a: Heracross|Close Combat|p2a: NOT UBER
|-supereffective|p2a: NOT UBER
|-damage|p2a: NOT UBER|0 fnt
|-enditem|p2a: NOT UBER|Air Balloon
|-unboost|p1a: Heracross|def|1
|-unboost|p1a: Heracross|spd|1
|faint|p2a: NOT UBER
|
|c|âPatodragon.v30|pants
|
|switch|p2a: NOT UBER|Magneton, shiny|85\/242
|-damage|p2a: NOT UBER|70\/242|[from] Stealth Rock
|turn|14
|
|switch|p1a: Raikou|Raikou|321\/321
|-damage|p1a: Raikou|281\/321|[from] Stealth Rock
|-ability|p1a: Raikou|Pressure
|move|p2a: NOT UBER|Volt Switch|p1a: Raikou
|-resisted|p1a: Raikou
|-damage|p1a: Raikou|224\/321
|
|switch|p2a: NOT UBER|Dugtrio, M|212\/212
|-damage|p2a: NOT UBER|199\/212|[from] Stealth Rock
|
|turn|15
|
|move|p2a: NOT UBER|Earthquake|p1a: Raikou
|-supereffective|p1a: Raikou
|-damage|p1a: Raikou|0 fnt
|faint|p1a: Raikou
|
|
|switch|p1a: Heracross|Heracross-Mega, M|193\/307
|-damage|p1a: Heracross|155\/307|[from] Stealth Rock
|turn|16
|
|move|p2a: NOT UBER|Earthquake|p1a: Heracross
|-resisted|p1a: Heracross
|-damage|p1a: Heracross|98\/307
|move|p1a: Heracross|Pin Missile|p2a: NOT UBER
|-damage|p2a: NOT UBER|93\/212
|-damage|p2a: NOT UBER|0 fnt
|-hitcount|p2a: NOT UBER|2
|faint|p2a: NOT UBER
|
|c|âPatodragon.v30|gg
|c|âPatodragon.v30|either way
|
|switch|p2a: NOT UBER|Magneton, shiny|70\/242
|-damage|p2a: NOT UBER|55\/242|[from] Stealth Rock
|turn|17
|c|âPatodragon.v30|lush team
|
|move|p2a: NOT UBER|Thunderbolt|p1a: Heracross
|-damage|p1a: Heracross|0 fnt
|faint|p1a: Heracross
|
|win|Patodragon.v30
|raw|Ladder updating...
|leave|Hunter42000
|player|p1
|raw|Hunter42000's rating: 1582 &rarr; <strong>1564<\/strong><br \/>(-18 for losing)
|raw|Patodragon.v30's rating: 1614 &rarr; <strong>1632<\/strong><br \/>(+18 for winning)