|join|Hunter42000
|join|gest 1
|player|p1|Hunter42000|34
|player|p2|gest 1|265
|gametype|singles
|gen|6
|tier|ORAS OU
|rated
|rule|Sleep Clause Mod: Limit one foe put to sleep
|rule|Species Clause: Limit one of each PokÃ©mon
|rule|OHKO Clause: OHKO moves are banned
|rule|Moody Clause: Moody is banned
|rule|Evasion Moves Clause: Evasion moves are banned
|rule|Endless Battle Clause: Forcing endless battles is banned
|rule|HP Percentage Mod: HP is shown in percentages
|clearpoke
|poke|p1|Azumarill, M
|poke|p1|Landorus-Therian, M
|poke|p1|Raikou
|poke|p1|Mew
|poke|p1|Heracross, F
|poke|p1|Crawdaunt, M
|poke|p2|Breloom, M
|poke|p2|Gothitelle, F
|poke|p2|Heatran, M
|poke|p2|Salamence, F
|poke|p2|Rotom-Wash
|poke|p2|Scizor, F
|rule|Swagger Clause: Swagger is banned
|rule|Baton Pass Clause: Limit one PokÃ©mon knowing Baton Pass
|teampreview
|
|start
|switch|p1a: Mew|Mew|404\/404
|switch|p2a: Rotom-Wash|Rotom-Wash|241\/241
|turn|1
|
|move|p2a: Rotom-Wash|Trick|p1a: Mew
|-activate|p2a: Rotom-Wash|move: Trick|[of] p1a: Mew
|-item|p1a: Mew|Choice Scarf|[from] move: Trick
|-item|p2a: Rotom-Wash|Normal Gem|[from] move: Trick
|move|p1a: Mew|Stealth Rock|p2a: Rotom-Wash
|-sidestart|p2: gest 1|move: Stealth Rock
|
|turn|2
|
|switch|p1a: Raikou|Raikou|321\/321
|-ability|p1a: Raikou|Pressure
|move|p2a: Rotom-Wash|Volt Switch|p1a: Raikou
|-resisted|p1a: Raikou
|-damage|p1a: Raikou|271\/321
|
|switch|p2a: Heatran|Heatran, M|386\/386
|-damage|p2a: Heatran|338\/386|[from] Stealth Rock
|
|-heal|p2a: Heatran|362\/386|[from] item: Leftovers
|turn|3
|
|move|p1a: Raikou|Volt Switch|p2a: Heatran
|-damage|p2a: Heatran|253\/386
|
|switch|p1a: Azumarill|Azumarill, M|383\/383
|move|p2a: Heatran|Stealth Rock|p1a: Azumarill
|-sidestart|p1: Hunter42000|move: Stealth Rock
|
|-heal|p2a: Heatran|277\/386|[from] item: Leftovers
|turn|4
|
|switch|p2a: Rotom-Wash|Rotom-Wash|241\/241
|-damage|p2a: Rotom-Wash|211\/241|[from] Stealth Rock
|move|p1a: Azumarill|Play Rough|p2a: Rotom-Wash
|-damage|p2a: Rotom-Wash|18\/241
|
|turn|5
|
|move|p1a: Azumarill|Aqua Jet|p2a: Rotom-Wash
|-resisted|p2a: Rotom-Wash
|-damage|p2a: Rotom-Wash|0 fnt
|faint|p2a: Rotom-Wash
|
|
|switch|p2a: Scizor|Scizor, F|344\/344
|-damage|p2a: Scizor|301\/344|[from] Stealth Rock
|turn|6
|
|move|p2a: Scizor|U-turn|p1a: Azumarill
|-resisted|p1a: Azumarill
|-damage|p1a: Azumarill|260\/383
|
|switch|p2a: Breloom|Breloom, M|323\/323
|-damage|p2a: Breloom|303\/323|[from] Stealth Rock
|move|p1a: Azumarill|Waterfall|p2a: Breloom
|-resisted|p2a: Breloom
|-damage|p2a: Breloom|234\/323
|
|-status|p2a: Breloom|tox|[from] item: Toxic Orb
|turn|7
|
|switch|p1a: Landorus-Therian|Landorus-Therian, M|339\/339
|-damage|p1a: Landorus-Therian|297\/339|[from] Stealth Rock
|-ability|p1a: Landorus-Therian|Intimidate|[of] p2a: Breloom
|-unboost|p2a: Breloom|atk|1
|move|p2a: Breloom|Spore|p1a: Landorus-Therian
|-status|p1a: Landorus-Therian|slp
|
|-heal|p2a: Breloom|274\/323 tox|[from] ability: Poison Heal
|turn|8
|
|switch|p2a: Salamence|Salamence, F|332\/332
|-damage|p2a: Salamence|249\/332|[from] Stealth Rock
|-ability|p2a: Salamence|Intimidate|[of] p1a: Landorus-Therian
|-unboost|p1a: Landorus-Therian|atk|1
|cant|p1a: Landorus-Therian|slp
|
|turn|9
|
|detailschange|p2a: Salamence|Salamence-Mega, F
|message|Salamence has Mega Evolved into Mega Salamence!
|-curestatus|p1a: Landorus-Therian|slp
|move|p1a: Landorus-Therian|Explosion|p2a: Salamence
|-damage|p2a: Salamence|85\/332
|faint|p1a: Landorus-Therian
|move|p2a: Salamence|Dragon Dance|p2a: Salamence
|-boost|p2a: Salamence|atk|1
|-boost|p2a: Salamence|spe|1
|
|
|switch|p1a: Mew|Mew|404\/404
|-damage|p1a: Mew|354\/404|[from] Stealth Rock
|turn|10
|
|move|p2a: Salamence|Substitute|p2a: Salamence
|-start|p2a: Salamence|Substitute
|-damage|p2a: Salamence|2\/332
|move|p1a: Mew|Explosion|p2a: Salamence
|-end|p2a: Salamence|Substitute
|faint|p1a: Mew
|
|c|âgest 1|=O
|
|switch|p1a: Azumarill|Azumarill, M|260\/383
|-damage|p1a: Azumarill|213\/383|[from] Stealth Rock
|turn|11
|
|move|p1a: Azumarill|Aqua Jet|p2a: Salamence
|-resisted|p2a: Salamence
|-damage|p2a: Salamence|0 fnt
|faint|p2a: Salamence
|
|
|switch|p2a: Breloom|Breloom, M|274\/323 tox
|-damage|p2a: Breloom|254\/323 tox|[from] Stealth Rock
|turn|12
|
|move|p2a: Breloom|Seed Bomb|p1a: Azumarill
|-supereffective|p1a: Azumarill
|-damage|p1a: Azumarill|0 fnt
|faint|p1a: Azumarill
|
|-heal|p2a: Breloom|294\/323 tox|[from] ability: Poison Heal
|
|switch|p1a: Heracross|Heracross, F|307\/307
|-damage|p1a: Heracross|269\/307|[from] Stealth Rock
|turn|13
|
|detailschange|p1a: Heracross|Heracross-Mega, F
|message|Heracross has Mega Evolved into Mega Heracross!
|move|p1a: Heracross|Pin Missile|p2a: Breloom
|-damage|p2a: Breloom|242\/323 tox
|-damage|p2a: Breloom|184\/323 tox
|-damage|p2a: Breloom|133\/323 tox
|-damage|p2a: Breloom|81\/323 tox
|-damage|p2a: Breloom|26\/323 tox
|-hitcount|p2a: Breloom|5
|move|p2a: Breloom|Spore|p1a: Heracross
|-status|p1a: Heracross|slp
|
|-heal|p2a: Breloom|66\/323 tox|[from] ability: Poison Heal
|turn|14
|
|switch|p2a: Gothitelle|Gothitelle, F|301\/301
|-damage|p2a: Gothitelle|264\/301|[from] Stealth Rock
|cant|p1a: Heracross|slp
|
|turn|15
|
|move|p2a: Gothitelle|Psyshock|p1a: Heracross
|-crit|p1a: Heracross
|-supereffective|p1a: Heracross
|-damage|p1a: Heracross|0 fnt
|faint|p1a: Heracross
|
|
|switch|p1a: Crawdaunt|Crawdaunt, M|273\/273
|-damage|p1a: Crawdaunt|239\/273|[from] Stealth Rock
|turn|16
|
|switch|p2a: Breloom|Breloom, M|66\/323 tox
|-damage|p2a: Breloom|46\/323 tox|[from] Stealth Rock
|move|p1a: Crawdaunt|Swords Dance|p1a: Crawdaunt
|-boost|p1a: Crawdaunt|atk|2
|
|-heal|p2a: Breloom|86\/323 tox|[from] ability: Poison Heal
|turn|17
|
|move|p1a: Crawdaunt|Aqua Jet|p2a: Breloom
|-resisted|p2a: Breloom
|-damage|p2a: Breloom|0 fnt
|-damage|p1a: Crawdaunt|212\/273|[from] item: Life Orb
|faint|p2a: Breloom
|
|
|switch|p2a: Scizor|Scizor, F|301\/344
|-damage|p2a: Scizor|258\/344|[from] Stealth Rock
|turn|18
|
|move|p1a: Crawdaunt|Aqua Jet|p2a: Scizor
|-damage|p2a: Scizor|14\/344
|-damage|p1a: Crawdaunt|185\/273|[from] item: Life Orb
|move|p2a: Scizor|Superpower|p1a: Crawdaunt
|-supereffective|p1a: Crawdaunt
|-damage|p1a: Crawdaunt|0 fnt
|-unboost|p2a: Scizor|atk|1
|-unboost|p2a: Scizor|def|1
|faint|p1a: Crawdaunt
|
|
|switch|p1a: Raikou|Raikou|271\/321
|-damage|p1a: Raikou|231\/321|[from] Stealth Rock
|-ability|p1a: Raikou|Pressure
|turn|19
|
|move|p1a: Raikou|Thunderbolt|p2a: Scizor
|-damage|p2a: Scizor|0 fnt
|faint|p2a: Scizor
|
|
|switch|p2a: Heatran|Heatran, M|277\/386
|-damage|p2a: Heatran|229\/386|[from] Stealth Rock
|turn|20
|
|move|p1a: Raikou|Thunderbolt|p2a: Heatran
|-damage|p2a: Heatran|88\/386
|move|p2a: Heatran|Earth Power|p1a: Raikou
|-supereffective|p1a: Raikou
|-damage|p1a: Raikou|43\/321
|
|-heal|p2a: Heatran|112\/386|[from] item: Leftovers
|turn|21
|c|âgest 1|gg
|-message|Hunter42000 forfeited.
|
|win|gest 1
|raw|Ladder updating...
|leave|Hunter42000
|player|p1
|raw|Hunter42000's rating: 1445 &rarr; <strong>1419<\/strong><br \/>(-26 for losing)
|raw|gest 1's rating: 1338 &rarr; <strong>1364<\/strong><br \/>(+26 for winning)