|join|Hunter42000
|join|A7berto
|player|p1|Hunter42000|34
|player|p2|A7berto|210
|gametype|singles
|gen|6
|tier|ORAS OU
|rated
|rule|Sleep Clause Mod: Limit one foe put to sleep
|rule|Species Clause: Limit one of each PokÃ©mon
|rule|OHKO Clause: OHKO moves are banned
|rule|Moody Clause: Moody is banned
|rule|Evasion Moves Clause: Evasion moves are banned
|rule|Endless Battle Clause: Forcing endless battles is banned
|rule|HP Percentage Mod: HP is shown in percentages
|clearpoke
|poke|p1|Weavile, F
|poke|p1|Latias, F
|poke|p1|Conkeldurr, F
|poke|p1|Heatran, F
|poke|p1|Landorus-Therian, M
|poke|p1|Greninja, M
|poke|p2|Azumarill, F
|poke|p2|Poliwrath, F
|poke|p2|Heracross, F
|poke|p2|Rhyperior, M
|poke|p2|Reuniclus, F
|poke|p2|Latias, F
|rule|Swagger Clause: Swagger is banned
|rule|Baton Pass Clause: Limit one PokÃ©mon knowing Baton Pass
|teampreview
|c|âA7berto|gl hf
|c|âHunter42000|u too :) 
|
|start
|switch|p1a: Landorus-Therian|Landorus-Therian, M|381\/381
|switch|p2a: Heracross|Heracross, F|308\/308
|-ability|p1a: Landorus-Therian|Intimidate|[of] p2a: Heracross
|-unboost|p2a: Heracross|atk|1
|turn|1
|
|detailschange|p2a: Heracross|Heracross-Mega, F
|message|Heracross has Mega Evolved into Mega Heracross!
|move|p2a: Heracross|Bullet Seed|p1a: Landorus-Therian
|-damage|p1a: Landorus-Therian|357\/381
|-damage|p1a: Landorus-Therian|334\/381
|-damage|p1a: Landorus-Therian|314\/381
|-damage|p1a: Landorus-Therian|293\/381
|-damage|p1a: Landorus-Therian|273\/381
|-hitcount|p1a: Landorus-Therian|5
|move|p1a: Landorus-Therian|Stealth Rock|p2a: Heracross
|-sidestart|p2: A7berto|move: Stealth Rock
|
|-heal|p1a: Landorus-Therian|296\/381|[from] item: Leftovers
|turn|2
|
|move|p2a: Heracross|Bullet Seed|p1a: Landorus-Therian
|-damage|p1a: Landorus-Therian|273\/381
|-damage|p1a: Landorus-Therian|253\/381
|-damage|p1a: Landorus-Therian|229\/381
|-damage|p1a: Landorus-Therian|208\/381
|-damage|p1a: Landorus-Therian|185\/381
|-hitcount|p1a: Landorus-Therian|5
|move|p1a: Landorus-Therian|U-turn|p2a: Heracross
|-resisted|p2a: Heracross
|-damage|p2a: Heracross|271\/308
|
|switch|p1a: Latias|Latias, F|331\/331
|
|turn|3
|
|switch|p2a: Rhyperior|Rhyperior, M|424\/424
|-damage|p2a: Rhyperior|398\/424|[from] Stealth Rock
|detailschange|p1a: Latias|Latias-Mega, F
|message|Latias has Mega Evolved into Mega Latias!
|move|p1a: Latias|Psyshock|p2a: Rhyperior
|-damage|p2a: Rhyperior|295\/424
|
|-heal|p2a: Rhyperior|321\/424|[from] item: Leftovers
|turn|4
|
|switch|p2a: Azumarill|Azumarill, F|401\/401
|-damage|p2a: Azumarill|351\/401|[from] Stealth Rock
|move|p1a: Latias|Draco Meteor|p2a: Azumarill
|-immune|p2a: Azumarill|[msg]
|
|turn|5
|
|switch|p1a: Landorus-Therian|Landorus-Therian, M|185\/381
|-ability|p1a: Landorus-Therian|Intimidate|[of] p2a: Azumarill
|-unboost|p2a: Azumarill|atk|1
|move|p2a: Azumarill|Play Rough|p1a: Landorus-Therian
|-damage|p1a: Landorus-Therian|83\/381
|
|-heal|p1a: Landorus-Therian|106\/381|[from] item: Leftovers
|turn|6
|
|move|p2a: Azumarill|Aqua Jet|p1a: Landorus-Therian
|-supereffective|p1a: Landorus-Therian
|-damage|p1a: Landorus-Therian|14\/381
|move|p1a: Landorus-Therian|Earthquake|p2a: Azumarill
|-damage|p2a: Azumarill|144\/401
|
|-heal|p1a: Landorus-Therian|37\/381|[from] item: Leftovers
|turn|7
|
|move|p2a: Azumarill|Aqua Jet|p1a: Landorus-Therian
|-supereffective|p1a: Landorus-Therian
|-damage|p1a: Landorus-Therian|0 fnt
|faint|p1a: Landorus-Therian
|
|
|switch|p1a: Latias|Latias-Mega, F|331\/331
|turn|8
|
|switch|p2a: Latias|Latias, F|302\/302
|-damage|p2a: Latias|265\/302|[from] Stealth Rock
|move|p1a: Latias|Psyshock|p2a: Latias
|-resisted|p2a: Latias
|-damage|p2a: Latias|178\/302
|
|turn|9
|
|move|p2a: Latias|Healing Wish|p2a: Latias
|faint|p2a: Latias
|move|p1a: Latias|Roost|p1a: Latias
|-fail|p1a: Latias
|
|
|switch|p2a: Azumarill|Azumarill, F|144\/401
|-heal|p2a: Azumarill|401\/401|[from] move: Healing Wish
|-damage|p2a: Azumarill|351\/401|[from] Stealth Rock
|turn|10
|
|switch|p1a: Heatran|Heatran, F|335\/335
|move|p2a: Azumarill|Knock Off|p1a: Heatran
|-damage|p1a: Heatran|204\/335
|-enditem|p1a: Heatran|Choice Specs|[from] move: Knock Off|[of] p2a: Azumarill
|
|turn|11
|
|switch|p2a: Reuniclus|Reuniclus, F|424\/424
|move|p1a: Heatran|Flash Cannon|p2a: Reuniclus
|-damage|p2a: Reuniclus|234\/424
|
|-heal|p2a: Reuniclus|260\/424|[from] item: Leftovers
|turn|12
|
|move|p1a: Heatran|Fire Blast|p2a: Reuniclus
|-damage|p2a: Reuniclus|0 fnt
|faint|p2a: Reuniclus
|
|
|switch|p2a: Wrongtoad|Poliwrath, F|384\/384
|-damage|p2a: Wrongtoad|360\/384|[from] Stealth Rock
|turn|13
|
|switch|p1a: Conkeldurr|Conkeldurr, F|361\/361
|move|p2a: Wrongtoad|Circle Throw|p1a: Conkeldurr
|-damage|p1a: Conkeldurr|294\/361
|drag|p1a: Weavile|Weavile, F|281\/281
|-ability|p1a: Weavile|Pressure
|
|-heal|p2a: Wrongtoad|384\/384|[from] item: Leftovers
|turn|14
|
|switch|p1a: Latias|Latias-Mega, F|331\/331
|move|p2a: Wrongtoad|Circle Throw|p1a: Latias
|-resisted|p1a: Latias
|-damage|p1a: Latias|304\/331
|drag|p1a: Greninja|Greninja, M|285\/285
|
|turn|15
|
|move|p1a: Greninja|Gunk Shot|p2a: Wrongtoad
|-start|p1a: Greninja|typechange|Poison|[from] Protean
|-damage|p2a: Wrongtoad|259\/384
|-damage|p1a: Greninja|257\/285|[from] item: Life Orb
|move|p2a: Wrongtoad|Scald|p1a: Greninja
|-damage|p1a: Greninja|154\/285
|-status|p1a: Greninja|brn
|
|-heal|p2a: Wrongtoad|283\/384|[from] item: Leftovers
|-damage|p1a: Greninja|119\/285 brn|[from] brn
|turn|16
|
|switch|p1a: Latias|Latias-Mega, F|304\/331
|move|p2a: Wrongtoad|Circle Throw|p1a: Latias
|-resisted|p1a: Latias
|-damage|p1a: Latias|277\/331
|drag|p1a: Heatran|Heatran, F|204\/335
|
|-heal|p2a: Wrongtoad|307\/384|[from] item: Leftovers
|turn|17
|
|switch|p1a: Conkeldurr|Conkeldurr, F|294\/361
|move|p2a: Wrongtoad|Circle Throw|p1a: Conkeldurr
|-damage|p1a: Conkeldurr|221\/361
|drag|p1a: Latias|Latias-Mega, F|277\/331
|
|-heal|p2a: Wrongtoad|331\/384|[from] item: Leftovers
|turn|18
|
|switch|p2a: Rhyperior|Rhyperior, M|321\/424
|-damage|p2a: Rhyperior|295\/424|[from] Stealth Rock
|move|p1a: Latias|Psyshock|p2a: Rhyperior
|-damage|p2a: Rhyperior|195\/424
|
|-heal|p2a: Rhyperior|221\/424|[from] item: Leftovers
|turn|19
|
|move|p1a: Latias|Psyshock|p2a: Rhyperior
|-damage|p2a: Rhyperior|113\/424
|move|p2a: Rhyperior|Ice Punch|p1a: Latias
|-supereffective|p1a: Latias
|-damage|p1a: Latias|117\/331
|-status|p1a: Latias|frz
|
|-heal|p2a: Rhyperior|139\/424|[from] item: Leftovers
|turn|20
|
|cant|p1a: Latias|frz
|move|p2a: Rhyperior|Stealth Rock|p1a: Latias
|-sidestart|p1: Hunter42000|move: Stealth Rock
|
|-heal|p2a: Rhyperior|165\/424|[from] item: Leftovers
|turn|21
|
|cant|p1a: Latias|frz
|move|p2a: Rhyperior|Ice Punch|p1a: Latias
|-supereffective|p1a: Latias
|-damage|p1a: Latias|0 fnt
|faint|p1a: Latias
|
|-heal|p2a: Rhyperior|191\/424|[from] item: Leftovers
|
|switch|p1a: Heatran|Heatran, F|204\/335
|-damage|p1a: Heatran|163\/335|[from] Stealth Rock
|turn|22
|
|move|p1a: Heatran|Flash Cannon|p2a: Rhyperior
|-supereffective|p2a: Rhyperior
|-damage|p2a: Rhyperior|0 fnt
|faint|p2a: Rhyperior
|
|
|switch|p2a: Wrongtoad|Poliwrath, F|331\/384
|-damage|p2a: Wrongtoad|307\/384|[from] Stealth Rock
|turn|23
|
|move|p1a: Heatran|Hidden Power|p2a: Wrongtoad
|-supereffective|p2a: Wrongtoad
|-damage|p2a: Wrongtoad|145\/384
|move|p2a: Wrongtoad|Circle Throw|p1a: Heatran
|-supereffective|p1a: Heatran
|-damage|p1a: Heatran|37\/335
|drag|p1a: Conkeldurr|Conkeldurr, F|221\/361
|-damage|p1a: Conkeldurr|199\/361|[from] Stealth Rock
|
|-heal|p2a: Wrongtoad|169\/384|[from] item: Leftovers
|turn|24
|
|move|p1a: Conkeldurr|Poison Jab|p2a: Wrongtoad
|-damage|p2a: Wrongtoad|80\/384
|-status|p2a: Wrongtoad|psn
|move|p2a: Wrongtoad|Circle Throw|p1a: Conkeldurr
|-damage|p1a: Conkeldurr|126\/361
|drag|p1a: Weavile|Weavile, F|281\/281
|-damage|p1a: Weavile|211\/281|[from] Stealth Rock
|-ability|p1a: Weavile|Pressure
|
|-heal|p2a: Wrongtoad|104\/384 psn|[from] item: Leftovers
|-damage|p2a: Wrongtoad|56\/384 psn|[from] psn
|turn|25
|
|move|p1a: Weavile|Knock Off|p2a: Wrongtoad
|-crit|p2a: Wrongtoad
|-resisted|p2a: Wrongtoad
|-damage|p2a: Wrongtoad|0 fnt
|-enditem|p2a: Wrongtoad|Leftovers|[from] move: Knock Off|[of] p1a: Weavile
|-damage|p1a: Weavile|183\/281|[from] item: Life Orb
|faint|p2a: Wrongtoad
|
|
|switch|p2a: Heracross|Heracross-Mega, F|271\/308
|-damage|p2a: Heracross|233\/308|[from] Stealth Rock
|turn|26
|
|move|p1a: Weavile|Knock Off|p2a: Heracross
|-resisted|p2a: Heracross
|-damage|p2a: Heracross|175\/308
|-damage|p1a: Weavile|155\/281|[from] item: Life Orb
|move|p2a: Heracross|Pin Missile|p1a: Weavile
|-supereffective|p1a: Weavile
|-damage|p1a: Weavile|0 fnt
|-hitcount|p1a: Weavile|1
|faint|p1a: Weavile
|
|
|switch|p1a: Greninja|Greninja, M|119\/285 brn
|-damage|p1a: Greninja|84\/285 brn|[from] Stealth Rock
|turn|27
|
|move|p1a: Greninja|Hidden Power|p2a: Heracross
|-start|p1a: Greninja|typechange|Fire|[from] Protean
|-supereffective|p2a: Heracross
|-damage|p2a: Heracross|0 fnt
|-damage|p1a: Greninja|56\/285 brn|[from] item: Life Orb
|faint|p2a: Heracross
|
|-damage|p1a: Greninja|21\/285 brn|[from] brn
|
|switch|p2a: Azumarill|Azumarill, F|351\/401
|-damage|p2a: Azumarill|301\/401|[from] Stealth Rock
|turn|28
|
|move|p2a: Azumarill|Aqua Jet|p1a: Greninja
|-crit|p1a: Greninja
|-supereffective|p1a: Greninja
|-damage|p1a: Greninja|0 fnt
|faint|p1a: Greninja
|
|
|switch|p1a: Conkeldurr|Conkeldurr, F|126\/361
|-damage|p1a: Conkeldurr|104\/361|[from] Stealth Rock
|turn|29
|
|move|p2a: Azumarill|Waterfall|p1a: Conkeldurr
|-damage|p1a: Conkeldurr|0 fnt
|faint|p1a: Conkeldurr
|
|-message|Hunter42000 forfeited.
|
|win|A7berto
|raw|Ladder updating...
|leave|Hunter42000
|player|p1
|raw|Hunter42000's rating: 1574 &rarr; <strong>1544<\/strong><br \/>(-30 for losing)
|raw|A7berto's rating: 1396 &rarr; <strong>1426<\/strong><br \/>(+30 for winning)