|join|ubershithax
|join|Hunter42000
|player|p1|ubershithax|92
|player|p2|Hunter42000|34
|gametype|singles
|gen|6
|tier|ORAS OU
|rated
|rule|Sleep Clause Mod: Limit one foe put to sleep
|rule|Species Clause: Limit one of each PokÃ©mon
|rule|OHKO Clause: OHKO moves are banned
|rule|Moody Clause: Moody is banned
|rule|Evasion Moves Clause: Evasion moves are banned
|rule|Endless Battle Clause: Forcing endless battles is banned
|rule|HP Percentage Mod: HP is shown in percentages
|clearpoke
|poke|p1|Hippowdon, M, shiny
|poke|p1|Excadrill, M
|poke|p1|Talonflame, M, shiny
|poke|p1|Rotom-Wash
|poke|p1|Latias, F, shiny
|poke|p1|Charizard, M, shiny
|poke|p2|Weavile, M
|poke|p2|Latias, F
|poke|p2|Conkeldurr, F
|poke|p2|Heatran, F
|poke|p2|Landorus-Therian, M
|poke|p2|Greninja, F
|rule|Swagger Clause: Swagger is banned
|rule|Baton Pass Clause: Limit one PokÃ©mon knowing Baton Pass
|teampreview
|
|start
|switch|p1a: Rotom-Wash|Rotom-Wash|303\/303
|switch|p2a: Conkeldurr|Conkeldurr, F|361\/361
|turn|1
|
|move|p1a: Rotom-Wash|Volt Switch|p2a: Conkeldurr
|-damage|p2a: Conkeldurr|301\/361
|
|switch|p1a: Hippowdon|Hippowdon, M, shiny|420\/420
|-weather|Sandstorm
|move|p2a: Conkeldurr|Ice Punch|p1a: Hippowdon
|-supereffective|p1a: Hippowdon
|-damage|p1a: Hippowdon|292\/420
|
|-weather|Sandstorm|[upkeep]
|-damage|p2a: Conkeldurr|279\/361|[from] sandstorm
|turn|2
|
|move|p1a: Hippowdon|Stealth Rock|p2a: Conkeldurr
|-sidestart|p2: Hunter42000|move: Stealth Rock
|move|p2a: Conkeldurr|Drain Punch|p1a: Hippowdon
|-damage|p1a: Hippowdon|187\/420
|-heal|p2a: Conkeldurr|332\/361|[from] drain|[of] p1a: Hippowdon
|
|-weather|Sandstorm|[upkeep]
|-damage|p2a: Conkeldurr|310\/361|[from] sandstorm
|turn|3
|
|move|p1a: Hippowdon|Slack Off|p1a: Hippowdon
|-heal|p1a: Hippowdon|397\/420
|move|p2a: Conkeldurr|Ice Punch|p1a: Hippowdon
|-supereffective|p1a: Hippowdon
|-damage|p1a: Hippowdon|271\/420
|
|-weather|Sandstorm|[upkeep]
|-damage|p2a: Conkeldurr|288\/361|[from] sandstorm
|turn|4
|
|switch|p1a: Talonflame|Talonflame, M, shiny|359\/359
|switch|p2a: Heatran|Heatran, F|377\/377
|-damage|p2a: Heatran|330\/377|[from] Stealth Rock
|-item|p2a: Heatran|Air Balloon
|
|-weather|Sandstorm|[upkeep]
|-damage|p1a: Talonflame|337\/359|[from] sandstorm
|-heal|p1a: Talonflame|359\/359|[from] item: Leftovers
|turn|5
|
|move|p1a: Talonflame|Taunt|p2a: Heatran
|-start|p2a: Heatran|move: Taunt
|cant|p2a: Heatran|move: Taunt|Stealth Rock
|
|-weather|Sandstorm|[upkeep]
|-damage|p1a: Talonflame|337\/359|[from] sandstorm
|-heal|p1a: Talonflame|359\/359|[from] item: Leftovers
|turn|6
|
|move|p1a: Talonflame|Will-O-Wisp|p2a: Heatran
|-start|p2a: Heatran|ability: Flash Fire
|move|p2a: Heatran|Flash Cannon|p1a: Talonflame
|-resisted|p1a: Talonflame
|-damage|p1a: Talonflame|290\/359
|
|-weather|Sandstorm|[upkeep]
|-damage|p1a: Talonflame|268\/359|[from] sandstorm
|-heal|p1a: Talonflame|290\/359|[from] item: Leftovers
|turn|7
|
|move|p1a: Talonflame|Brave Bird|p2a: Heatran
|-resisted|p2a: Heatran
|-damage|p2a: Heatran|270\/377
|-enditem|p2a: Heatran|Air Balloon
|-damage|p1a: Talonflame|270\/359|[from] recoil|[of] p2a: Heatran
|move|p2a: Heatran|Lava Plume|p1a: Talonflame
|-resisted|p1a: Talonflame
|-damage|p1a: Talonflame|163\/359
|
|-weather|Sandstorm|[upkeep]
|-damage|p1a: Talonflame|141\/359|[from] sandstorm
|-heal|p1a: Talonflame|163\/359|[from] item: Leftovers
|-end|p2a: Heatran|move: Taunt
|turn|8
|
|move|p1a: Talonflame|Taunt|p2a: Heatran
|-start|p2a: Heatran|move: Taunt
|cant|p2a: Heatran|move: Taunt|Stealth Rock
|
|-weather|none
|-heal|p1a: Talonflame|185\/359|[from] item: Leftovers
|turn|9
|
|move|p1a: Talonflame|Roost|p1a: Talonflame
|-heal|p1a: Talonflame|359\/359
|move|p2a: Heatran|Lava Plume|p1a: Talonflame
|-resisted|p1a: Talonflame
|-damage|p1a: Talonflame|247\/359
|
|-heal|p1a: Talonflame|269\/359|[from] item: Leftovers
|turn|10
|
|move|p1a: Talonflame|Brave Bird|p2a: Heatran
|-crit|p2a: Heatran
|-resisted|p2a: Heatran
|-damage|p2a: Heatran|186\/377
|-damage|p1a: Talonflame|241\/359|[from] recoil|[of] p2a: Heatran
|move|p2a: Heatran|Lava Plume|p1a: Talonflame
|-resisted|p1a: Talonflame
|-damage|p1a: Talonflame|129\/359
|
|-heal|p1a: Talonflame|151\/359|[from] item: Leftovers
|-end|p2a: Heatran|move: Taunt
|turn|11
|
|move|p1a: Talonflame|Taunt|p2a: Heatran
|-start|p2a: Heatran|move: Taunt
|move|p2a: Heatran|Lava Plume|p1a: Talonflame
|-resisted|p1a: Talonflame
|-damage|p1a: Talonflame|46\/359
|
|-heal|p1a: Talonflame|68\/359|[from] item: Leftovers
|turn|12
|
|move|p1a: Talonflame|Roost|p1a: Talonflame
|-heal|p1a: Talonflame|248\/359
|move|p2a: Heatran|Lava Plume|p1a: Talonflame
|-resisted|p1a: Talonflame
|-damage|p1a: Talonflame|145\/359
|
|-heal|p1a: Talonflame|167\/359|[from] item: Leftovers
|turn|13
|
|switch|p2a: Latias|Latias, F|331\/331
|-damage|p2a: Latias|290\/331|[from] Stealth Rock
|move|p1a: Talonflame|Roost|p1a: Talonflame
|-heal|p1a: Talonflame|347\/359
|
|-heal|p1a: Talonflame|359\/359|[from] item: Leftovers
|turn|14
|
|detailschange|p2a: Latias|Latias-Mega, F
|message|Latias has Mega Evolved into Mega Latias!
|move|p1a: Talonflame|Will-O-Wisp|p2a: Latias
|-status|p2a: Latias|brn
|move|p2a: Latias|Draco Meteor|p1a: Talonflame
|-damage|p1a: Talonflame|133\/359
|-unboost|p2a: Latias|spa|2
|
|-heal|p1a: Talonflame|155\/359|[from] item: Leftovers
|-damage|p2a: Latias|249\/331 brn|[from] brn
|turn|15
|
|move|p1a: Talonflame|Roost|p1a: Talonflame
|-heal|p1a: Talonflame|335\/359
|move|p2a: Latias|Draco Meteor|p1a: Talonflame
|-damage|p1a: Talonflame|202\/359
|-unboost|p2a: Latias|spa|2
|
|-heal|p1a: Talonflame|224\/359|[from] item: Leftovers
|-damage|p2a: Latias|208\/331 brn|[from] brn
|turn|16
|
|move|p1a: Talonflame|Taunt|p2a: Latias
|-start|p2a: Latias|move: Taunt
|cant|p2a: Latias|move: Taunt|Roost
|
|-heal|p1a: Talonflame|246\/359|[from] item: Leftovers
|-damage|p2a: Latias|167\/331 brn|[from] brn
|turn|17
|
|switch|p2a: Landorus-Therian|Landorus-Therian, M|338\/338
|-damage|p2a: Landorus-Therian|296\/338|[from] Stealth Rock
|-ability|p2a: Landorus-Therian|Intimidate|[of] p1a: Talonflame
|-unboost|p1a: Talonflame|atk|1
|move|p1a: Talonflame|Will-O-Wisp|p2a: Landorus-Therian
|-status|p2a: Landorus-Therian|brn
|
|-heal|p1a: Talonflame|268\/359|[from] item: Leftovers
|-damage|p2a: Landorus-Therian|254\/338 brn|[from] brn
|turn|18
|-message|Hunter42000 forfeited.
|
|win|ubershithax
|raw|Ladder updating...
|leave|Hunter42000
|player|p2
|raw|ubershithax's rating: 1546 &rarr; <strong>1565<\/strong><br \/>(+19 for winning)
|raw|Hunter42000's rating: 1544 &rarr; <strong>1524<\/strong><br \/>(-20 for losing)