|join|Hunter42000
|join|Aka DH
|player|p1|Hunter42000|34
|player|p2|Aka DH|288
|gametype|singles
|gen|6
|tier|ORAS OU
|rated
|rule|Sleep Clause Mod: Limit one foe put to sleep
|rule|Species Clause: Limit one of each PokÃ©mon
|rule|OHKO Clause: OHKO moves are banned
|rule|Moody Clause: Moody is banned
|rule|Evasion Moves Clause: Evasion moves are banned
|rule|Endless Battle Clause: Forcing endless battles is banned
|rule|HP Percentage Mod: HP is shown in percentages
|clearpoke
|poke|p1|Weavile, F
|poke|p1|Latias, F
|poke|p1|Conkeldurr, F
|poke|p1|Heatran, M
|poke|p1|Landorus-Therian, M
|poke|p1|Greninja, F
|poke|p2|Bisharp, F
|poke|p2|Venusaur, F
|poke|p2|Heatran, M
|poke|p2|Keldeo
|poke|p2|Chansey, F
|poke|p2|Skarmory, F
|rule|Swagger Clause: Swagger is banned
|rule|Baton Pass Clause: Limit one PokÃ©mon knowing Baton Pass
|teampreview
|
|start
|switch|p1a: Conkeldurr|Conkeldurr, F|361\/361
|switch|p2a: Heatran|Heatran, M|340\/340
|-item|p2a: Heatran|Air Balloon
|turn|1
|
|move|p2a: Heatran|Stealth Rock|p1a: Conkeldurr
|-sidestart|p1: Hunter42000|move: Stealth Rock
|move|p1a: Conkeldurr|Ice Punch|p2a: Heatran
|-resisted|p2a: Heatran
|-damage|p2a: Heatran|317\/340
|-enditem|p2a: Heatran|Air Balloon
|
|turn|2
|
|switch|p2a: Venusaur|Venusaur, F|364\/364
|move|p1a: Conkeldurr|Ice Punch|p2a: Venusaur
|-supereffective|p2a: Venusaur
|-damage|p2a: Venusaur|180\/364
|
|turn|3
|
|switch|p1a: Heatran|Heatran, M|323\/323
|-damage|p1a: Heatran|283\/323|[from] Stealth Rock
|detailschange|p2a: Venusaur|Venusaur-Mega, F
|message|Venusaur has Mega Evolved into Mega Venusaur!
|move|p2a: Venusaur|Synthesis|p2a: Venusaur
|-heal|p2a: Venusaur|362\/364
|
|turn|4
|join|CleanerThanRotom-W
|c| CleanerThanRotom-W|!ydoolb og
|c|âAka DH|welcome cheater
|
|move|p1a: Heatran|Earth Power|p2a: Venusaur
|-damage|p2a: Venusaur|269\/364
|move|p2a: Venusaur|Leech Seed|p1a: Heatran
|-start|p1a: Heatran|move: Leech Seed
|
|-damage|p1a: Heatran|243\/323|[from] Leech Seed|[of] p2a: Venusaur
|-heal|p2a: Venusaur|309\/364|[silent]
|turn|5
|c| CleanerThanRotom-W|why am i a cheater
|
|switch|p1a: Latias|Latias, F|331\/331
|-damage|p1a: Latias|290\/331|[from] Stealth Rock
|move|p2a: Venusaur|Leech Seed|p1a: Latias
|-start|p1a: Latias|move: Leech Seed
|
|-damage|p1a: Latias|249\/331|[from] Leech Seed|[of] p2a: Venusaur
|-heal|p2a: Venusaur|350\/364|[silent]
|turn|6
|c|âAka DH|cause you're a nerd
|c| CleanerThanRotom-W|garbage
|join|Cosine180
|
|switch|p1a: Heatran|Heatran, M|243\/323
|-damage|p1a: Heatran|203\/323|[from] Stealth Rock
|switch|p2a: Heatran|Heatran, M|317\/340
|
|turn|7
|c| Cosine180|lol
|c| CleanerThanRotom-W|CosineDH
|c| CleanerThanRotom-W|imo
|c| Cosine180|pathetic scouter
|
|switch|p1a: Conkeldurr|Conkeldurr, F|361\/361
|-damage|p1a: Conkeldurr|339\/361|[from] Stealth Rock
|switch|p2a: Keldeo|Keldeo|323\/323
|
|turn|8
|c|âAka DH|http:\/\/pokemonshowdown.com\/interstice?uri=http%3A%2F%2Fpokemonshowdownteams.com%2Fou-team-1%2F
|c| CleanerThanRotom-W|LOOOOOOOOOOOOOOOOL
|c| CleanerThanRotom-W|told u
|c| Cosine180|LOL i saw that
|c| CleanerThanRotom-W|not even the right evs
|c| CleanerThanRotom-W|haha
|c| Cosine180|arent the sets completely wrong lol
|
|switch|p2a: Venusaur|Venusaur-Mega, F|350\/364
|move|p1a: Conkeldurr|Drain Punch|p2a: Venusaur
|-resisted|p2a: Venusaur
|-damage|p2a: Venusaur|299\/364
|-heal|p1a: Conkeldurr|361\/361|[from] drain|[of] p2a: Venusaur
|
|turn|9
|c| Cosine180|it should be adamant venusaur
|
|switch|p1a: Latias|Latias, F|249\/331
|-damage|p1a: Latias|208\/331|[from] Stealth Rock
|move|p2a: Venusaur|Leech Seed|p1a: Latias
|-start|p1a: Latias|move: Leech Seed
|
|-damage|p1a: Latias|167\/331|[from] Leech Seed|[of] p2a: Venusaur
|-heal|p2a: Venusaur|340\/364|[silent]
|turn|10
|
|switch|p2a: Heatran|Heatran, M|317\/340
|detailschange|p1a: Latias|Latias-Mega, F
|message|Latias has Mega Evolved into Mega Latias!
|move|p1a: Latias|Roost|p1a: Latias
|-heal|p1a: Latias|331\/331
|
|-damage|p1a: Latias|290\/331|[from] Leech Seed|[of] p2a: Heatran
|-heal|p2a: Heatran|340\/340|[silent]
|turn|11
|
|move|p1a: Latias|Defog|p2a: Heatran
|-unboost|p2a: Heatran|evasion|1
|-sideend|p1: Hunter42000|Stealth Rock|[from] move: Defog|[of] p1a: Latias
|move|p2a: Heatran|Toxic|p1a: Latias
|-status|p1a: Latias|tox
|
|-damage|p1a: Latias|249\/331 tox|[from] Leech Seed|[of] p2a: Heatran
|-damage|p1a: Latias|229\/331 tox|[from] psn
|turn|12
|-message|Hunter42000 forfeited.
|
|win|Aka DH
|raw|Ladder updating...
|c| Cosine180|>defog mega latias
|raw|Hunter42000's rating: 1526 &rarr; <strong>1513<\/strong><br \/>(-13 for losing)
|raw|Aka DH's rating: 1658 &rarr; <strong>1670<\/strong><br \/>(+12 for winning)
|leave|Hunter42000
|player|p1