|join|Hunter42000
|join|CharYRoxs
|player|p1|Hunter42000|34
|player|p2|CharYRoxs|169
|gametype|singles
|gen|6
|tier|ORAS OU
|rated
|rule|Sleep Clause Mod: Limit one foe put to sleep
|rule|Species Clause: Limit one of each PokÃ©mon
|rule|OHKO Clause: OHKO moves are banned
|rule|Moody Clause: Moody is banned
|rule|Evasion Moves Clause: Evasion moves are banned
|rule|Endless Battle Clause: Forcing endless battles is banned
|rule|HP Percentage Mod: HP is shown in percentages
|clearpoke
|poke|p1|Salamence, M
|poke|p1|Greninja, M
|poke|p1|Ferrothorn, M
|poke|p1|Latias, F
|poke|p1|Magnezone
|poke|p1|Mamoswine, F
|poke|p2|Mamoswine, M
|poke|p2|Salamence, M
|poke|p2|Zapdos
|poke|p2|Heatran, F
|poke|p2|Azumarill, M
|poke|p2|Mew
|rule|Swagger Clause: Swagger is banned
|rule|Baton Pass Clause: Limit one PokÃ©mon knowing Baton Pass
|teampreview
|
|start
|switch|p1a: Ferrothorn|Ferrothorn, M|352\/352
|switch|p2a: Azumarill|Azumarill, M|401\/401
|turn|1
|
|switch|p2a: Mew|Mew|404\/404
|move|p1a: Ferrothorn|Leech Seed|p2a: Mew
|-start|p2a: Mew|move: Leech Seed
|
|-damage|p2a: Mew|354\/404|[from] Leech Seed|[of] p1a: Ferrothorn
|turn|2
|
|move|p1a: Ferrothorn|Protect|p1a: Ferrothorn
|-singleturn|p1a: Ferrothorn|Protect
|move|p2a: Mew|Taunt|p1a: Ferrothorn
|-activate|p1a: Ferrothorn|Protect
|
|-heal|p2a: Mew|379\/404|[from] item: Leftovers
|-damage|p2a: Mew|329\/404|[from] Leech Seed|[of] p1a: Ferrothorn
|turn|3
|
|switch|p1a: Greninja|Greninja, M|285\/285
|move|p2a: Mew|Will-O-Wisp|p1a: Greninja
|-status|p1a: Greninja|brn
|
|-heal|p2a: Mew|354\/404|[from] item: Leftovers
|-damage|p2a: Mew|304\/404|[from] Leech Seed|[of] p1a: Greninja
|-damage|p1a: Greninja|250\/285 brn|[from] brn
|turn|4
|
|switch|p1a: Ferrothorn|Ferrothorn, M|352\/352
|switch|p2a: Azumarill|Azumarill, M|401\/401
|
|turn|5
|
|move|p2a: Azumarill|Superpower|p1a: Ferrothorn
|-supereffective|p1a: Ferrothorn
|-damage|p1a: Ferrothorn|102\/352
|-damage|p2a: Azumarill|351\/401|[from] ability: Iron Barbs|[of] p1a: Ferrothorn
|-unboost|p2a: Azumarill|atk|1
|-unboost|p2a: Azumarill|def|1
|move|p1a: Ferrothorn|Leech Seed|p2a: Azumarill
|-start|p2a: Azumarill|move: Leech Seed
|
|-damage|p2a: Azumarill|301\/401|[from] Leech Seed|[of] p1a: Ferrothorn
|-heal|p1a: Ferrothorn|152\/352|[silent]
|turn|6
|
|switch|p2a: Mew|Mew|304\/404
|move|p1a: Ferrothorn|Spikes|p2a: Mew
|-sidestart|p2: CharYRoxs|Spikes
|
|-heal|p2a: Mew|329\/404|[from] item: Leftovers
|turn|7
|
|switch|p1a: Greninja|Greninja, M|250\/285 brn
|move|p2a: Mew|Taunt|p1a: Greninja
|-start|p1a: Greninja|move: Taunt
|
|-heal|p2a: Mew|354\/404|[from] item: Leftovers
|-damage|p1a: Greninja|215\/285 brn|[from] brn
|turn|8
|
|switch|p1a: Ferrothorn|Ferrothorn, M|152\/352
|switch|p2a: Zapdos|Zapdos|384\/384
|-ability|p2a: Zapdos|Pressure
|
|turn|9
|
|switch|p1a: Latias|Latias, F|301\/301
|move|p2a: Zapdos|Heat Wave|p1a: Latias
|-resisted|p1a: Latias
|-damage|p1a: Latias|261\/301
|-status|p1a: Latias|brn
|
|-damage|p1a: Latias|224\/301 brn|[from] brn
|turn|10
|
|switch|p1a: Salamence|Salamence, M|393\/393
|-ability|p1a: Salamence|Intimidate|[of] p2a: Zapdos
|-unboost|p2a: Zapdos|atk|1
|move|p2a: Zapdos|Defog|p1a: Salamence
|-unboost|p1a: Salamence|evasion|1
|-sideend|p2: CharYRoxs|Spikes|[from] move: Defog|[of] p2a: Zapdos
|
|turn|11
|
|detailschange|p1a: Salamence|Salamence-Mega, M
|message|Salamence has Mega Evolved into Mega Salamence!
|move|p1a: Salamence|Substitute|p1a: Salamence
|-start|p1a: Salamence|Substitute
|-damage|p1a: Salamence|295\/393
|move|p2a: Zapdos|Thunderbolt|p1a: Salamence
|-end|p1a: Salamence|Substitute
|
|turn|12
|
|move|p1a: Salamence|Dragon Dance|p1a: Salamence
|-boost|p1a: Salamence|atk|1
|-boost|p1a: Salamence|spe|1
|move|p2a: Zapdos|Thunderbolt|p1a: Salamence
|-damage|p1a: Salamence|165\/393
|-status|p1a: Salamence|par
|
|turn|13
|-message|Hunter42000 forfeited.
|
|win|CharYRoxs
|raw|Ladder updating...
|leave|Hunter42000
|player|p1
|raw|Hunter42000's rating: 1376 &rarr; <strong>1347<\/strong><br \/>(-29 for losing)
|raw|CharYRoxs's rating: 1209 &rarr; <strong>1245<\/strong><br \/>(+36 for winning)
|leave|CharYRoxs
|player|p2
|join|CharYRoxs