|join|Hunter42000
|join|Aka DH
|player|p1|Hunter42000|34
|player|p2|Aka DH|288
|gametype|singles
|gen|6
|tier|ORAS OU
|rated
|rule|Sleep Clause Mod: Limit one foe put to sleep
|rule|Species Clause: Limit one of each PokÃ©mon
|rule|OHKO Clause: OHKO moves are banned
|rule|Moody Clause: Moody is banned
|rule|Evasion Moves Clause: Evasion moves are banned
|rule|Endless Battle Clause: Forcing endless battles is banned
|rule|HP Percentage Mod: HP is shown in percentages
|clearpoke
|poke|p1|Pinsir, F
|poke|p1|Raikou
|poke|p1|Infernape, F
|poke|p1|Staraptor, M
|poke|p1|Crawdaunt, M
|poke|p1|Talonflame, F
|poke|p2|Bisharp, M
|poke|p2|Venusaur, M
|poke|p2|Heatran, M
|poke|p2|Keldeo
|poke|p2|Chansey, F
|poke|p2|Skarmory, M
|rule|Swagger Clause: Swagger is banned
|rule|Baton Pass Clause: Limit one PokÃ©mon knowing Baton Pass
|teampreview
|
|start
|switch|p1a: Leverage|Infernape, F|293\/293
|switch|p2a: Heatran|Heatran, M|340\/340
|-item|p2a: Heatran|Air Balloon
|turn|1
|
|move|p1a: Leverage|Taunt|p2a: Heatran
|-start|p2a: Heatran|move: Taunt
|cant|p2a: Heatran|move: Taunt|Stealth Rock
|
|turn|2
|
|switch|p2a: Venusaur|Venusaur, M|364\/364
|move|p1a: Leverage|Stealth Rock|p2a: Venusaur
|-sidestart|p2: Aka DH|move: Stealth Rock
|
|turn|3
|join|CleanerThanRotom-W
|
|detailschange|p2a: Venusaur|Venusaur-Mega, M
|message|Venusaur has Mega Evolved into Mega Venusaur!
|move|p1a: Leverage|Taunt|p2a: Venusaur
|-start|p2a: Venusaur|move: Taunt
|move|p2a: Venusaur|Giga Drain|p1a: Leverage
|-resisted|p1a: Leverage
|-damage|p1a: Leverage|213\/293
|
|turn|4
|
|move|p1a: Leverage|Overheat|p2a: Venusaur
|-supereffective|p2a: Venusaur
|-damage|p2a: Venusaur|218\/364
|-unboost|p1a: Leverage|spa|2
|move|p2a: Venusaur|Hidden Power|p1a: Leverage
|-resisted|p1a: Leverage
|-damage|p1a: Leverage|172\/293
|
|turn|5
|
|move|p1a: Leverage|Close Combat|p2a: Venusaur
|-resisted|p2a: Venusaur
|-damage|p2a: Venusaur|164\/364
|-unboost|p1a: Leverage|def|1
|-unboost|p1a: Leverage|spd|1
|move|p2a: Venusaur|Giga Drain|p1a: Leverage
|-resisted|p1a: Leverage
|-damage|p1a: Leverage|61\/293
|-heal|p2a: Venusaur|220\/364|[from] drain|[of] p1a: Leverage
|
|-end|p2a: Venusaur|move: Taunt
|turn|6
|
|move|p1a: Leverage|Taunt|p2a: Venusaur
|-start|p2a: Venusaur|move: Taunt
|move|p2a: Venusaur|Hidden Power|p1a: Leverage
|-resisted|p1a: Leverage
|-damage|p1a: Leverage|1\/293
|
|turn|7
|
|move|p1a: Leverage|Close Combat|p2a: Venusaur
|-resisted|p2a: Venusaur
|-damage|p2a: Venusaur|166\/364
|-unboost|p1a: Leverage|def|1
|-unboost|p1a: Leverage|spd|1
|move|p2a: Venusaur|Giga Drain|p1a: Leverage
|-crit|p1a: Leverage
|-resisted|p1a: Leverage
|-damage|p1a: Leverage|0 fnt
|-heal|p2a: Venusaur|167\/364|[from] drain|[of] p1a: Leverage
|faint|p1a: Leverage
|
|
|switch|p1a: Gamma Ray|Talonflame, F|297\/297
|turn|8
|
|switch|p1a: Pinchy|Crawdaunt, M|275\/275
|move|p2a: Venusaur|Giga Drain|p1a: Pinchy
|-supereffective|p1a: Pinchy
|-damage|p1a: Pinchy|0 fnt
|-heal|p2a: Venusaur|305\/364|[from] drain|[of] p1a: Pinchy
|faint|p1a: Pinchy
|
|-end|p2a: Venusaur|move: Taunt
|
|switch|p1a: Gamma Ray|Talonflame, F|297\/297
|turn|9
|
|move|p1a: Gamma Ray|Swords Dance|p1a: Gamma Ray
|-boost|p1a: Gamma Ray|atk|2
|move|p2a: Venusaur|Leech Seed|p1a: Gamma Ray
|-start|p1a: Gamma Ray|move: Leech Seed
|
|-damage|p1a: Gamma Ray|260\/297|[from] Leech Seed|[of] p2a: Venusaur
|-heal|p2a: Venusaur|342\/364|[silent]
|turn|10
|
|move|p1a: Gamma Ray|Swords Dance|p1a: Gamma Ray
|-boost|p1a: Gamma Ray|atk|2
|move|p2a: Venusaur|Giga Drain|p1a: Gamma Ray
|-resisted|p1a: Gamma Ray
|-damage|p1a: Gamma Ray|227\/297
|-heal|p2a: Venusaur|359\/364|[from] drain|[of] p1a: Gamma Ray
|
|-damage|p1a: Gamma Ray|190\/297|[from] Leech Seed|[of] p2a: Venusaur
|-heal|p2a: Venusaur|364\/364|[silent]
|turn|11
|
|switch|p2a: Chansey|Chansey, F|684\/684
|-damage|p2a: Chansey|599\/684|[from] Stealth Rock
|move|p1a: Gamma Ray|Brave Bird|p2a: Chansey
|-damage|p2a: Chansey|0 fnt
|-damage|p1a: Gamma Ray|0 fnt|[from] recoil|[of] p2a: Chansey
|faint|p2a: Chansey
|faint|p1a: Gamma Ray
|
|join|Reverb
|leave|Reverb
|c|âAka DH|welcome reverb
|c|âAka DH|bye reverb
|
|switch|p1a: Beetle Juice|Pinsir, F|271\/271
|switch|p2a: Heatran|Heatran, M|340\/340
|-damage|p2a: Heatran|298\/340|[from] Stealth Rock
|-item|p2a: Heatran|Air Balloon
|turn|12
|
|detailschange|p1a: Beetle Juice|Pinsir-Mega, F
|message|Pinsir has Mega Evolved into Mega Pinsir!
|move|p1a: Beetle Juice|Close Combat|p2a: Heatran
|-crit|p2a: Heatran
|-supereffective|p2a: Heatran
|-damage|p2a: Heatran|0 fnt
|-enditem|p2a: Heatran|Air Balloon
|-unboost|p1a: Beetle Juice|def|1
|-unboost|p1a: Beetle Juice|spd|1
|faint|p2a: Heatran
|
|
|switch|p2a: Keldeo|Keldeo|323\/323
|-damage|p2a: Keldeo|303\/323|[from] Stealth Rock
|turn|13
|
|switch|p1a: Def Leppard|Raikou|321\/321
|-ability|p1a: Def Leppard|Pressure
|move|p2a: Keldeo|Icy Wind|p1a: Def Leppard
|-damage|p1a: Def Leppard|277\/321
|-unboost|p1a: Def Leppard|spe|1
|
|-heal|p2a: Keldeo|323\/323|[from] item: Leftovers
|turn|14
|
|move|p2a: Keldeo|Secret Sword|p1a: Def Leppard
|-damage|p1a: Def Leppard|91\/321
|move|p1a: Def Leppard|Volt Switch|p2a: Keldeo
|-supereffective|p2a: Keldeo
|-damage|p2a: Keldeo|87\/323
|
|switch|p1a: Beetle Juice|Pinsir-Mega, F|271\/271
|
|-heal|p2a: Keldeo|107\/323|[from] item: Leftovers
|turn|15
|
|move|p1a: Beetle Juice|Quick Attack|p2a: Keldeo
|-supereffective|p2a: Keldeo
|-damage|p2a: Keldeo|0 fnt
|faint|p2a: Keldeo
|
|
|switch|p2a: Skarmory|Skarmory, M|334\/334
|-damage|p2a: Skarmory|293\/334|[from] Stealth Rock
|turn|16
|
|switch|p1a: Def Leppard|Raikou|91\/321
|-ability|p1a: Def Leppard|Pressure
|move|p2a: Skarmory|Spikes|p1a: Def Leppard
|-sidestart|p1: Hunter42000|Spikes
|
|turn|17
|
|switch|p2a: Venusaur|Venusaur-Mega, M|364\/364
|-damage|p2a: Venusaur|319\/364|[from] Stealth Rock
|move|p1a: Def Leppard|Volt Switch|p2a: Venusaur
|-crit|p2a: Venusaur
|-resisted|p2a: Venusaur
|-damage|p2a: Venusaur|247\/364
|
|switch|p1a: Carcass|Staraptor, M|323\/323
|
|turn|18
|
|move|p1a: Carcass|Final Gambit|p2a: Venusaur
|-damage|p2a: Venusaur|0 fnt
|faint|p1a: Carcass
|faint|p2a: Venusaur
|
|c|âHunter42000|gg
|
|switch|p1a: Def Leppard|Raikou|91\/321
|-damage|p1a: Def Leppard|51\/321|[from] Spikes
|switch|p2a: Bisharp|Bisharp, M|334\/334
|-damage|p2a: Bisharp|314\/334|[from] Stealth Rock
|-ability|p1a: Def Leppard|Pressure
|turn|19
|
|switch|p1a: Beetle Juice|Pinsir-Mega, F|271\/271
|move|p2a: Bisharp|Knock Off|p1a: Beetle Juice
|-damage|p1a: Beetle Juice|163\/271
|
|-heal|p2a: Bisharp|334\/334|[from] item: Leftovers
|turn|20
|
|switch|p2a: Skarmory|Skarmory, M|293\/334
|-damage|p2a: Skarmory|252\/334|[from] Stealth Rock
|move|p1a: Beetle Juice|Swords Dance|p1a: Beetle Juice
|-boost|p1a: Beetle Juice|atk|2
|
|turn|21
|
|move|p1a: Beetle Juice|Close Combat|p2a: Skarmory
|-crit|p2a: Skarmory
|-damage|p2a: Skarmory|0 fnt
|-damage|p1a: Beetle Juice|118\/271|[from] item: Rocky Helmet|[of] p2a: Skarmory
|-unboost|p1a: Beetle Juice|def|1
|-unboost|p1a: Beetle Juice|spd|1
|faint|p2a: Skarmory
|
|
|switch|p2a: Bisharp|Bisharp, M|334\/334
|-damage|p2a: Bisharp|314\/334|[from] Stealth Rock
|turn|22
|
|switch|p1a: Def Leppard|Raikou|51\/321
|-damage|p1a: Def Leppard|11\/321|[from] Spikes
|-ability|p1a: Def Leppard|Pressure
|move|p2a: Bisharp|Sucker Punch|p1a: Def Leppard
|-fail|p1a: Def Leppard
|
|-heal|p2a: Bisharp|334\/334|[from] item: Leftovers
|turn|23
|c|âAka DH|amazing crits
|
|move|p2a: Bisharp|Sucker Punch|p1a: Def Leppard
|-damage|p1a: Def Leppard|0 fnt
|faint|p1a: Def Leppard
|
|
|switch|p1a: Beetle Juice|Pinsir-Mega, F|118\/271
|turn|24
|
|move|p2a: Bisharp|Sucker Punch|p1a: Beetle Juice
|-fail|p1a: Beetle Juice
|move|p1a: Beetle Juice|Swords Dance|p1a: Beetle Juice
|-boost|p1a: Beetle Juice|atk|2
|
|turn|25
|
|move|p2a: Bisharp|Sucker Punch|p1a: Beetle Juice
|-fail|p1a: Beetle Juice
|move|p1a: Beetle Juice|Swords Dance|p1a: Beetle Juice
|-boost|p1a: Beetle Juice|atk|2
|
|turn|26
|
|move|p1a: Beetle Juice|Quick Attack|p2a: Bisharp
|-resisted|p2a: Bisharp
|-damage|p2a: Bisharp|185\/334
|move|p2a: Bisharp|Iron Head|p1a: Beetle Juice
|-damage|p1a: Beetle Juice|0 fnt
|faint|p1a: Beetle Juice
|
|win|Aka DH
|raw|Ladder updating...
|raw|Hunter42000's rating: 1535 &rarr; <strong>1521<\/strong><br \/>(-14 for losing)
|raw|Aka DH's rating: 1651 &rarr; <strong>1664<\/strong><br \/>(+13 for winning)