|join|Hunter42000
|join|LT4B mien
|player|p1|Hunter42000|34
|player|p2|LT4B mien|169
|gametype|singles
|gen|6
|tier|OU
|rated
|clearpoke
|poke|p1|Azumarill, F
|poke|p1|Landorus-Therian, M
|poke|p1|Raikou
|poke|p1|Mew
|poke|p1|Heracross, F
|poke|p1|Crawdaunt, F
|poke|p2|Chansey, F
|poke|p2|Cresselia, F
|poke|p2|Skarmory, F
|poke|p2|Clefable, F
|poke|p2|Quagsire, M
|poke|p2|Gliscor, F
|rule|Swagger Clause: Swagger is banned
|rule|Baton Pass Clause: Limit one PokÃ©mon knowing Baton Pass
|rule|Sleep Clause Mod: Limit one foe put to sleep
|rule|Species Clause: Limit one of each PokÃ©mon
|rule|OHKO Clause: OHKO moves are banned
|rule|Moody Clause: Moody is banned
|rule|Evasion Moves Clause: Evasion moves are banned
|rule|Endless Battle Clause: Forcing endless battles is banned
|rule|HP Percentage Mod: HP is shown in percentages
|teampreview
|
|start
|switch|p1a: Mew|Mew|404\/404
|switch|p2a: Gliscor|Gliscor, F|354\/354
|turn|1
|
|move|p2a: Gliscor|Protect|p2a: Gliscor
|-singleturn|p2a: Gliscor|Protect
|move|p1a: Mew|Knock Off|p2a: Gliscor
|-activate|p2a: Gliscor|Protect
|
|-status|p2a: Gliscor|tox|[from] item: Toxic Orb
|turn|2
|
|move|p1a: Mew|Stealth Rock|p2a: Gliscor
|-sidestart|p2: LT4B mien|move: Stealth Rock
|move|p2a: Gliscor|Fling|p1a: Mew
|-enditem|p2a: Gliscor|Toxic Orb|[from] move: Fling
|-supereffective|p1a: Mew
|-damage|p1a: Mew|356\/404
|-status|p1a: Mew|tox
|
|-damage|p1a: Mew|331\/404 tox|[from] psn
|turn|3
|
|move|p1a: Mew|Tailwind|p1a: Mew
|-sidestart|p1: Hunter42000|move: Tailwind
|move|p2a: Gliscor|Knock Off|p1a: Mew
|-supereffective|p1a: Mew
|-damage|p1a: Mew|179\/404 tox
|-enditem|p1a: Mew|Normal Gem|[from] move: Knock Off|[of] p2a: Gliscor
|
|-damage|p1a: Mew|129\/404 tox|[from] psn
|turn|4
|
|switch|p2a: Skarmory|Skarmory, F|334\/334
|-damage|p2a: Skarmory|293\/334|[from] Stealth Rock
|move|p1a: Mew|Explosion|p2a: Skarmory
|-resisted|p2a: Skarmory
|-damage|p2a: Skarmory|227\/334
|faint|p1a: Mew
|
|
|switch|p1a: Crawdaunt|Crawdaunt, F|273\/273
|turn|5
|
|move|p1a: Crawdaunt|Knock Off|p2a: Skarmory
|-damage|p2a: Skarmory|53\/334
|-enditem|p2a: Skarmory|Shed Shell|[from] move: Knock Off|[of] p1a: Crawdaunt
|-damage|p1a: Crawdaunt|246\/273|[from] item: Life Orb
|move|p2a: Skarmory|Brave Bird|p1a: Crawdaunt
|-damage|p1a: Crawdaunt|122\/273
|-damage|p2a: Skarmory|12\/334|[from] recoil|[of] p1a: Crawdaunt
|
|turn|6
|
|move|p1a: Crawdaunt|Aqua Jet|p2a: Skarmory
|-crit|p2a: Skarmory
|-damage|p2a: Skarmory|0 fnt
|-damage|p1a: Crawdaunt|95\/273|[from] item: Life Orb
|faint|p2a: Skarmory
|
|-sideend|p1: Hunter42000|move: Tailwind
|
|switch|p2a: Gliscor|Gliscor, F|354\/354 tox
|-damage|p2a: Gliscor|310\/354 tox|[from] Stealth Rock
|turn|7
|
|move|p1a: Crawdaunt|Aqua Jet|p2a: Gliscor
|-supereffective|p2a: Gliscor
|-damage|p2a: Gliscor|123\/354 tox
|-damage|p1a: Crawdaunt|68\/273|[from] item: Life Orb
|move|p2a: Gliscor|Acrobatics|p1a: Crawdaunt
|-damage|p1a: Crawdaunt|0 fnt
|faint|p1a: Crawdaunt
|
|-heal|p2a: Gliscor|167\/354 tox|[from] ability: Poison Heal
|
|switch|p1a: Heracross|Heracross, F|307\/307
|turn|8
|
|detailschange|p1a: Heracross|Heracross-Mega, F
|message|Heracross has Mega Evolved into Mega Heracross!
|move|p1a: Heracross|Swords Dance|p1a: Heracross
|-boost|p1a: Heracross|atk|2
|move|p2a: Gliscor|Acrobatics|p1a: Heracross
|-supereffective|p1a: Heracross
|-damage|p1a: Heracross|0 fnt
|faint|p1a: Heracross
|
|-heal|p2a: Gliscor|211\/354 tox|[from] ability: Poison Heal
|-message|Hunter42000 forfeited.
|
|win|LT4B mien
|raw|Ladder updating...
|leave|Hunter42000
|player|p1
|raw|Hunter42000's rating: 1814 &rarr; <strong>1789<\/strong><br \/>(-25 for losing)
|raw|LT4B mien's rating: 1726 &rarr; <strong>1751<\/strong><br \/>(+25 for winning)