|join|Hunter42000
|join|JDP
|player|p1|Hunter42000|34
|player|p2|JDP|49
|gametype|singles
|gen|6
|tier|OU
|rated
|clearpoke
|poke|p1|Gliscor, M
|poke|p1|Venusaur, F
|poke|p1|Slowbro, M
|poke|p1|Azumarill, M
|poke|p1|Chansey, F
|poke|p1|Heatran, F
|poke|p2|Azelf
|poke|p2|Bisharp, F
|poke|p2|Azumarill, M
|poke|p2|Talonflame, M
|poke|p2|Gardevoir, F
|poke|p2|Zygarde
|rule|Swagger Clause: Swagger is banned
|rule|Baton Pass Clause: Limit one PokÃ©mon knowing Baton Pass
|rule|Sleep Clause Mod: Limit one foe put to sleep
|rule|Species Clause: Limit one of each PokÃ©mon
|rule|OHKO Clause: OHKO moves are banned
|rule|Moody Clause: Moody is banned
|rule|Evasion Moves Clause: Evasion moves are banned
|rule|Endless Battle Clause: Forcing endless battles is banned
|rule|HP Percentage Mod: HP is shown in percentages
|teampreview
|
|start
|switch|p1a: Venusaur|Venusaur, F|364\/364
|switch|p2a: Scrublord|Azelf|291\/291
|turn|1
|
|detailschange|p1a: Venusaur|Venusaur-Mega, F
|message|Venusaur has Mega Evolved into Mega Venusaur!
|move|p2a: Scrublord|Taunt|p1a: Venusaur
|-start|p1a: Venusaur|move: Taunt
|move|p1a: Venusaur|Sludge Bomb|p2a: Scrublord
|-damage|p2a: Scrublord|71\/291
|
|turn|2
|
|move|p2a: Scrublord|Stealth Rock|p1a: Venusaur
|-sidestart|p1: Hunter42000|move: Stealth Rock
|move|p1a: Venusaur|Giga Drain|p2a: Scrublord
|-damage|p2a: Scrublord|0 fnt
|faint|p2a: Scrublord
|
|
|switch|p2a: 360 no-scope|Talonflame, M|319\/319
|turn|3
|
|switch|p1a: Slowbro|Slowbro, M|393\/393
|-damage|p1a: Slowbro|344\/393|[from] Stealth Rock
|move|p2a: 360 no-scope|U-turn|p1a: Slowbro
|-supereffective|p1a: Slowbro
|-damage|p1a: Slowbro|256\/393
|-damage|p2a: 360 no-scope|266\/319|[from] item: Rocky Helmet|[of] p1a: Slowbro
|
|switch|p2a: Batty Boy|Bisharp, F|272\/272
|
|turn|4
|
|switch|p1a: Venusaur|Venusaur-Mega, F|364\/364
|-damage|p1a: Venusaur|319\/364|[from] Stealth Rock
|move|p2a: Batty Boy|Swords Dance|p2a: Batty Boy
|-boost|p2a: Batty Boy|atk|2
|
|turn|5
|
|move|p2a: Batty Boy|Iron Head|p1a: Venusaur
|-damage|p1a: Venusaur|6\/364
|-damage|p2a: Batty Boy|245\/272|[from] item: Life Orb
|move|p1a: Venusaur|Hidden Power|p2a: Batty Boy
|-supereffective|p2a: Batty Boy
|-damage|p2a: Batty Boy|31\/272
|
|turn|6
|
|move|p2a: Batty Boy|Knock Off|p1a: Venusaur
|-damage|p1a: Venusaur|0 fnt
|-damage|p2a: Batty Boy|4\/272|[from] item: Life Orb
|faint|p1a: Venusaur
|
|
|switch|p1a: Azumarill|Azumarill, M|356\/356
|-damage|p1a: Azumarill|312\/356|[from] Stealth Rock
|turn|7
|
|move|p2a: Batty Boy|Sucker Punch|p1a: Azumarill
|-resisted|p1a: Azumarill
|-damage|p1a: Azumarill|70\/356
|-damage|p2a: Batty Boy|0 fnt|[from] item: Life Orb
|faint|p2a: Batty Boy
|-enditem|p1a: Azumarill|Sitrus Berry|[eat]
|-heal|p1a: Azumarill|159\/356|[from] item: Sitrus Berry
|move|p1a: Azumarill|Aqua Jet|p2: Batty Boy|[notarget]
|-notarget
|
|
|switch|p2a: Cheeky C*nt|Azumarill, M|364\/364
|turn|8
|
|switch|p1a: Slowbro|Slowbro, M|387\/393
|-damage|p1a: Slowbro|338\/393|[from] Stealth Rock
|move|p2a: Cheeky C*nt|Play Rough|p1a: Slowbro
|-damage|p1a: Slowbro|208\/393
|-damage|p2a: Cheeky C*nt|304\/364|[from] item: Rocky Helmet|[of] p1a: Slowbro
|-unboost|p1a: Slowbro|atk|1
|
|turn|9
|
|move|p2a: Cheeky C*nt|Belly Drum|p2a: Cheeky C*nt
|-damage|p2a: Cheeky C*nt|122\/364
|-setboost|p2a: Cheeky C*nt|atk|6|[from] move: Belly Drum
|-enditem|p2a: Cheeky C*nt|Sitrus Berry|[eat]
|-heal|p2a: Cheeky C*nt|213\/364|[from] item: Sitrus Berry
|move|p1a: Slowbro|Scald|p2a: Cheeky C*nt
|-resisted|p2a: Cheeky C*nt
|-damage|p2a: Cheeky C*nt|155\/364
|
|turn|10
|
|move|p2a: Cheeky C*nt|Play Rough|p1a: Slowbro
|-damage|p1a: Slowbro|0 fnt
|-damage|p2a: Cheeky C*nt|95\/364|[from] item: Rocky Helmet|[of] p1a: Slowbro
|faint|p1a: Slowbro
|
|
|switch|p1a: Azumarill|Azumarill, M|159\/356
|-damage|p1a: Azumarill|115\/356|[from] Stealth Rock
|turn|11
|-message|Hunter42000 forfeited.
|
|win|JDP
|raw|Ladder updating...
|leave|Hunter42000
|player|p1