|join|EPIC M
|join|Hunter42000
|player|p1|EPIC M|79
|player|p2|Hunter42000|34
|gametype|singles
|gen|6
|tier|OU
|clearpoke
|poke|p1|Chansey, F
|poke|p1|Venusaur, F
|poke|p1|Heatran, M
|poke|p1|Bisharp, M
|poke|p1|Keldeo-Resolute
|poke|p1|Skarmory, F
|poke|p2|Azumarill, M
|poke|p2|Landorus-Therian, M
|poke|p2|Raikou
|poke|p2|Mew
|poke|p2|Heracross, M
|poke|p2|Hydreigon, F
|rule|Swagger Clause: Swagger is banned
|rule|Baton Pass Clause: Limit one PokÃ©mon knowing Baton Pass
|rule|Sleep Clause Mod: Limit one foe put to sleep
|rule|Species Clause: Limit one of each PokÃ©mon
|rule|OHKO Clause: OHKO moves are banned
|rule|Moody Clause: Moody is banned
|rule|Evasion Moves Clause: Evasion moves are banned
|rule|Endless Battle Clause: Forcing endless battles is banned
|rule|HP Percentage Mod: HP is shown in percentages
|teampreview
|c|âEPIC M|gl hf
|c|âHunter42000|gl :p
|
|start
|switch|p1a: Skarmory|Skarmory, F|333\/333
|switch|p2a: Mew|Mew|404\/404
|turn|1
|
|switch|p1a: Heatran|Heatran, M|385\/385
|-item|p1a: Heatran|Air Balloon
|move|p2a: Mew|Stealth Rock|p1a: Heatran
|-sidestart|p1: EPIC M|move: Stealth Rock
|
|turn|2
|join|RedMaxx
|
|switch|p2a: Azumarill|Azumarill, M|382\/382
|move|p1a: Heatran|Stealth Rock|p2a: Azumarill
|-sidestart|p2: Hunter42000|move: Stealth Rock
|
|turn|3
|
|switch|p1a: Venusaur|Venusaur, F|363\/363
|-damage|p1a: Venusaur|318\/363|[from] Stealth Rock
|switch|p2a: Mew|Mew|404\/404
|-damage|p2a: Mew|354\/404|[from] Stealth Rock
|
|turn|4
|leave|RedMaxx
|
|switch|p1a: Heatran|Heatran, M|385\/385
|-damage|p1a: Heatran|337\/385|[from] Stealth Rock
|-item|p1a: Heatran|Air Balloon
|move|p2a: Mew|Tailwind|p2a: Mew
|-sidestart|p2: Hunter42000|move: Tailwind
|
|turn|5
|
|move|p2a: Mew|Explosion|p1a: Heatran
|-enditem|p2a: Mew|Normal Gem|[from] gem|[move] Explosion
|-resisted|p1a: Heatran
|-damage|p1a: Heatran|196\/385
|-enditem|p1a: Heatran|Air Balloon
|faint|p2a: Mew
|move|p1a: Heatran|Lava Plume|p2: Mew|[notarget]
|-notarget
|
|
|switch|p2a: Heracross|Heracross, M|307\/307
|-damage|p2a: Heracross|269\/307|[from] Stealth Rock
|turn|6
|
|detailschange|p2a: Heracross|Heracross-Mega, M
|-mega|p2a: Heracross|Heracross|Heracronite
|move|p2a: Heracross|Close Combat|p1a: Heatran
|-supereffective|p1a: Heatran
|-damage|p1a: Heatran|0 fnt
|-unboost|p2a: Heracross|def|1
|-unboost|p2a: Heracross|spd|1
|faint|p1a: Heatran
|
|
|switch|p1a: Skarmory|Skarmory, F|333\/333
|-damage|p1a: Skarmory|292\/333|[from] Stealth Rock
|turn|7
|
|switch|p2a: Raikou|Raikou|321\/321
|-damage|p2a: Raikou|281\/321|[from] Stealth Rock
|-ability|p2a: Raikou|Pressure
|move|p1a: Skarmory|Spikes|p2a: Raikou
|-sidestart|p2: Hunter42000|Spikes
|
|-sideend|p2: Hunter42000|move: Tailwind
|turn|8
|
|switch|p1a: Chansey|Chansey, F|703\/703
|-damage|p1a: Chansey|616\/703|[from] Stealth Rock
|move|p2a: Raikou|Volt Switch|p1a: Chansey
|-damage|p1a: Chansey|499\/703
|
|switch|p2a: Heracross|Heracross-Mega, M|269\/307
|-damage|p2a: Heracross|231\/307|[from] Stealth Rock
|-damage|p2a: Heracross|193\/307|[from] Spikes
|
|turn|9
|
|switch|p1a: Skarmory|Skarmory, F|292\/333
|-damage|p1a: Skarmory|251\/333|[from] Stealth Rock
|move|p2a: Heracross|Close Combat|p1a: Skarmory
|-damage|p1a: Skarmory|67\/333
|-damage|p2a: Heracross|142\/307|[from] item: Rocky Helmet|[of] p1a: Skarmory
|-unboost|p2a: Heracross|def|1
|-unboost|p2a: Heracross|spd|1
|
|turn|10
|
|move|p2a: Heracross|Rock Blast|p1a: Skarmory
|-damage|p1a: Skarmory|44\/333
|-damage|p1a: Skarmory|18\/333
|-damage|p1a: Skarmory|0 fnt
|-hitcount|p1a: Skarmory|3
|faint|p1a: Skarmory
|
|
|switch|p1a: Keldeo-Resolute|Keldeo-Resolute|323\/323
|-damage|p1a: Keldeo-Resolute|303\/323|[from] Stealth Rock
|turn|11
|
|switch|p2a: Azumarill|Azumarill, M|382\/382
|-damage|p2a: Azumarill|335\/382|[from] Stealth Rock
|-damage|p2a: Azumarill|288\/382|[from] Spikes
|move|p1a: Keldeo-Resolute|Icy Wind|p2a: Azumarill
|-resisted|p2a: Azumarill
|-damage|p2a: Azumarill|251\/382
|-unboost|p2a: Azumarill|spe|1
|
|-heal|p1a: Keldeo-Resolute|323\/323|[from] item: Leftovers
|turn|12
|
|switch|p1a: Venusaur|Venusaur, F|318\/363
|-damage|p1a: Venusaur|273\/363|[from] Stealth Rock
|switch|p2a: Hydreigon|Hydreigon, F|333\/333
|-damage|p2a: Hydreigon|292\/333|[from] Stealth Rock
|
|turn|13
|
|switch|p2a: Landorus-Therian|Landorus-Therian, M|339\/339
|-damage|p2a: Landorus-Therian|297\/339|[from] Stealth Rock
|-ability|p2a: Landorus-Therian|Intimidate|[of] p1a: Venusaur
|-unboost|p1a: Venusaur|atk|1
|switch|p1a: Chansey|Chansey, F|499\/703
|-damage|p1a: Chansey|412\/703|[from] Stealth Rock
|
|turn|14
|
|move|p2a: Landorus-Therian|Earthquake|p1a: Chansey
|-damage|p1a: Chansey|177\/703
|move|p1a: Chansey|Soft-Boiled|p1a: Chansey
|-heal|p1a: Chansey|529\/703
|
|turn|15
|
|move|p2a: Landorus-Therian|Earthquake|p1a: Chansey
|-damage|p1a: Chansey|291\/703
|move|p1a: Chansey|Seismic Toss|p2a: Landorus-Therian
|-damage|p2a: Landorus-Therian|197\/339
|
|turn|16
|
|switch|p2a: Heracross|Heracross-Mega, M|142\/307
|-damage|p2a: Heracross|104\/307|[from] Spikes
|-damage|p2a: Heracross|66\/307|[from] Stealth Rock
|move|p1a: Chansey|Soft-Boiled|p1a: Chansey
|-heal|p1a: Chansey|643\/703
|
|turn|17
|
|switch|p1a: Venusaur|Venusaur, F|273\/363
|-damage|p1a: Venusaur|228\/363|[from] Stealth Rock
|move|p2a: Heracross|Close Combat|p1a: Venusaur
|-resisted|p1a: Venusaur
|-damage|p1a: Venusaur|113\/363
|-unboost|p2a: Heracross|def|1
|-unboost|p2a: Heracross|spd|1
|
|turn|18
|join|Zokuru
|
|switch|p1a: Keldeo-Resolute|Keldeo-Resolute|323\/323
|-damage|p1a: Keldeo-Resolute|303\/323|[from] Stealth Rock
|move|p2a: Heracross|Pin Missile|p1a: Keldeo-Resolute
|-resisted|p1a: Keldeo-Resolute
|-damage|p1a: Keldeo-Resolute|266\/323
|-resisted|p1a: Keldeo-Resolute
|-damage|p1a: Keldeo-Resolute|230\/323
|-resisted|p1a: Keldeo-Resolute
|-damage|p1a: Keldeo-Resolute|192\/323
|-resisted|p1a: Keldeo-Resolute
|-damage|p1a: Keldeo-Resolute|158\/323
|-resisted|p1a: Keldeo-Resolute
|-damage|p1a: Keldeo-Resolute|122\/323
|-hitcount|p1a: Keldeo-Resolute|5
|
|-heal|p1a: Keldeo-Resolute|142\/323|[from] item: Leftovers
|turn|19
|join|Tom0410
|c| Tom0410|on prÃ©vient pas les koupains ?
|c| Tom0410|:o
|c|âHunter42000|:p
|join|Fox-Air4
|
|move|p1a: Keldeo-Resolute|Scald|p2a: Heracross
|-damage|p2a: Heracross|0 fnt
|faint|p2a: Heracross
|
|-heal|p1a: Keldeo-Resolute|162\/323|[from] item: Leftovers
|c| Fox-Air4|Zok qui se fail de chat xD
|
|switch|p2a: Raikou|Raikou|281\/321
|-damage|p2a: Raikou|241\/321|[from] Stealth Rock
|-damage|p2a: Raikou|201\/321|[from] Spikes
|-ability|p2a: Raikou|Pressure
|turn|20
|c| Zokuru|:p
|
|switch|p1a: Bisharp|Bisharp, M|291\/291
|-damage|p1a: Bisharp|273\/291|[from] Stealth Rock
|move|p2a: Raikou|Volt Switch|p1a: Bisharp
|-damage|p1a: Bisharp|53\/291
|
|switch|p2a: Hydreigon|Hydreigon, F|292\/333
|-damage|p2a: Hydreigon|251\/333|[from] Stealth Rock
|
|-heal|p1a: Bisharp|71\/291|[from] item: Leftovers
|turn|21
|
|switch|p1a: Chansey|Chansey, F|643\/703
|-damage|p1a: Chansey|556\/703|[from] Stealth Rock
|move|p2a: Hydreigon|Dragon Pulse|p1a: Chansey
|-damage|p1a: Chansey|431\/703
|-damage|p2a: Hydreigon|218\/333|[from] item: Life Orb
|
|turn|22
|c| Tom0410|ce no superpower
|c| Tom0410|rip
|
|switch|p2a: Landorus-Therian|Landorus-Therian, M|197\/339
|-damage|p2a: Landorus-Therian|155\/339|[from] Stealth Rock
|-ability|p2a: Landorus-Therian|Intimidate|[of] p1a: Chansey
|-unboost|p1a: Chansey|atk|1
|move|p1a: Chansey|Soft-Boiled|p1a: Chansey
|-heal|p1a: Chansey|703\/703
|
|turn|23
|c| Zokuru|Bon bah je crois que c'est la fin
|c| Tom0410|quel fin ?
|c| Zokuru|De Hunter
|c| Tom0410|hum
|c| Tom0410|non
|c|âEPIC M|c'est pas fini du tout pour hunter
|c| Zokuru|Mon avis qu'il passe plus
|c| Tom0410|lÃ  il knock off zok
|c|âEPIC M|c'est plutot moi qui suis dans le caca xD
|c| Tom0410|oui
|c| Tom0410|je pense plutot
|c| Tom0410|que Hunter
|c| Tom0410|va win
|c|âEPIC M|ouai si il knock off je suis mort
|c|âHunter42000|:'(
|c| Tom0410|bah oui il va knock off
|c| Tom0410|lol
|c| Zokuru|Ah merde
|c| Zokuru|J'ai pas vu la vie de Venu
|c| Zokuru|x)
|c|âHunter42000|les gars je vais vous rÃ©vÃ©ler quelque chose
|
|move|p2a: Landorus-Therian|Explosion|p1a: Chansey
|-damage|p1a: Chansey|271\/703
|faint|p2a: Landorus-Therian
|move|p1a: Chansey|Seismic Toss|p2: Landorus-Therian|[notarget]
|-notarget
|
|c| Zokuru|QUOI ?
|c| Zokuru|x)
|c|âHunter42000|j'ai pas knock off XD
|c|âEPIC M|kek
|c| Fox-Air4|x)
|c| Zokuru|Bon bah ... x)
|
|switch|p2a: Azumarill|Azumarill, M|251\/382
|-damage|p2a: Azumarill|204\/382|[from] Spikes
|-damage|p2a: Azumarill|157\/382|[from] Stealth Rock
|-enditem|p2a: Azumarill|Sitrus Berry|[eat]
|-heal|p2a: Azumarill|252\/382|[from] item: Sitrus Berry
|turn|24
|c| Tom0410|gg de pas play knock off
|c| Zokuru|Azu BD ? x)
|c| Tom0410|top player for ever
|c| Zokuru|forever * Tom
|c|âHunter42000|explosion est loin d'etre mauvais...
|c| Tom0410|nan
|c| Zokuru|Il est TRES mauvais
|c|âHunter42000|nan
|
|switch|p1a: Bisharp|Bisharp, M|71\/291
|-damage|p1a: Bisharp|53\/291|[from] Stealth Rock
|move|p2a: Azumarill|Superpower|p1a: Bisharp
|-supereffective|p1a: Bisharp
|-damage|p1a: Bisharp|0 fnt
|-unboost|p2a: Azumarill|atk|1
|-unboost|p2a: Azumarill|def|1
|faint|p1a: Bisharp
|
|c| Tom0410|rire Zok
|c|âHunter42000|tu ne connais meme pas ma team..
|c| Fox-Air4|Me semble que c'est jouÃ© en Uber
|c| Fox-Air4|6G
|
|switch|p1a: Venusaur|Venusaur, F|113\/363
|-damage|p1a: Venusaur|68\/363|[from] Stealth Rock
|turn|25
|c| Zokuru|Bah si je vois ta team
|
|switch|p2a: Hydreigon|Hydreigon, F|218\/333
|-damage|p2a: Hydreigon|177\/333|[from] Stealth Rock
|detailschange|p1a: Venusaur|Venusaur-Mega, F
|-mega|p1a: Venusaur|Venusaur|Venusaurite
|move|p1a: Venusaur|Synthesis|p1a: Venusaur
|-heal|p1a: Venusaur|249\/363
|
|turn|26
|c| Zokuru|Et c'est trÃ¨s mal build
|c| Tom0410|rire
|c|âHunter42000|tu sais comment est jouÃ© mon mew et tout?
|c| Zokuru|Oui
|c| Zokuru|Le mew c'est le defog
|c|âHunter42000|nan
|c| Tom0410|Ã§a c'est le zok qu'on aime
|c| Tom0410|<3
|c| Zokuru|C'est pas le defog ? x)
|c|âHunter42000|c'est un suicide tailwind stealth rock
|c| Zokuru|AH OUAIS HAUT NIVEAU LA ! :D
|
|switch|p1a: Keldeo-Resolute|Keldeo-Resolute|162\/323
|-damage|p1a: Keldeo-Resolute|142\/323|[from] Stealth Rock
|move|p2a: Hydreigon|Dark Pulse|p1a: Keldeo-Resolute
|-crit|p1a: Keldeo-Resolute
|-resisted|p1a: Keldeo-Resolute
|-damage|p1a: Keldeo-Resolute|0 fnt
|-damage|p2a: Hydreigon|144\/333|[from] item: Life Orb
|faint|p1a: Keldeo-Resolute
|
|c|âEPIC M|nan
|
|switch|p1a: Chansey|Chansey, F|271\/703
|-damage|p1a: Chansey|184\/703|[from] Stealth Rock
|turn|27
|
|move|p2a: Hydreigon|Dark Pulse|p1a: Chansey
|-damage|p1a: Chansey|46\/703
|-damage|p2a: Hydreigon|111\/333|[from] item: Life Orb
|move|p1a: Chansey|Soft-Boiled|p1a: Chansey
|-heal|p1a: Chansey|398\/703
|
|turn|28
|c|âHunter42000|flich
|c|âHunter42000|naaaan XD
|c| Fox-Air4|Vous pouvez pas genre arrÃªter de taunt histoire qu'on apprÃ©cie le match ?
|c|âEPIC M|omg
|
|move|p2a: Hydreigon|Dark Pulse|p1a: Chansey
|-damage|p1a: Chansey|262\/703
|-damage|p2a: Hydreigon|78\/333|[from] item: Life Orb
|move|p1a: Chansey|Soft-Boiled|p1a: Chansey
|-heal|p1a: Chansey|614\/703
|
|turn|29
|c| Tom0410|nan mais je t'adore Zok
|c| Zokuru|Why ? x)
|c| Tom0410|parce que
|c| Tom0410|<3
|c| Zokuru|<3
|c| Zokuru|Me trompe pas avec Dann hein :p
|
|move|p2a: Hydreigon|Tailwind|p2a: Hydreigon
|-sidestart|p2: Hunter42000|move: Tailwind
|move|p1a: Chansey|Seismic Toss|p2a: Hydreigon
|-damage|p2a: Hydreigon|0 fnt
|faint|p2a: Hydreigon
|
|c| Tom0410|lÃ  je suis pliÃ©
|c| Tom0410|xD
|
|switch|p2a: Azumarill|Azumarill, M|252\/382
|-damage|p2a: Azumarill|205\/382|[from] Stealth Rock
|-damage|p2a: Azumarill|158\/382|[from] Spikes
|turn|30
|
|switch|p1a: Venusaur|Venusaur-Mega, F|249\/363
|-damage|p1a: Venusaur|204\/363|[from] Stealth Rock
|move|p2a: Azumarill|Play Rough|p1a: Venusaur
|-resisted|p1a: Venusaur
|-damage|p1a: Venusaur|146\/363
|
|turn|31
|
|move|p2a: Azumarill|Play Rough|p1a: Venusaur
|-resisted|p1a: Venusaur
|-damage|p1a: Venusaur|82\/363
|move|p1a: Venusaur|Synthesis|p1a: Venusaur
|-heal|p1a: Venusaur|263\/363
|
|turn|32
|c| Zokuru|QUOI ?
|c| Zokuru|TAILWIND SUR HYDREGON ? x)
|c| Zokuru|Putain easy match lÃ  x)
|c| Tom0410|rire
|c|âHunter42000|gg meme si bon combat parasitÃ© par un fdp
|c| Zokuru|Joue Ã§a contre moi stp <3
|c|âHunter42000|vas te faire enculer
|c| Zokuru|:D
|c| Tom0410|rofl
|
|move|p2a: Azumarill|Play Rough|p1a: Venusaur
|-resisted|p1a: Venusaur
|-damage|p1a: Venusaur|207\/363
|move|p1a: Venusaur|Giga Drain|p2a: Azumarill
|-supereffective|p2a: Azumarill
|-damage|p2a: Azumarill|0 fnt
|-heal|p1a: Venusaur|286\/363|[from] drain|[of] p2a: Azumarill
|faint|p2a: Azumarill
|
|-sideend|p2: Hunter42000|move: Tailwind
|c| Tom0410|Pourquoi tu l'insultes ?
|c| Tom0410|Il t'a insultÃ© lui ?.
|c| Tom0410|alors tg
|c|âHunter42000|parce que c'est un petit con
|leave|Hunter42000
|player|p2
|c| Zokuru|RQ :D
|c|âEPIC M|bon
|leave|Tom0410
|c| Fox-Air4|Mdr
|leave|Zokuru
|c|âEPIC M|c'Ã©tait un trÃ¨s beau match en plus
|leave|Fox-Air4
|-message|Player 2 lost due to inactivity.
|
|win|EPIC M