|join|Hunter42000
|join|LT4A Jason
|player|p1|Hunter42000|34
|player|p2|LT4A Jason|281
|gametype|singles
|gen|6
|tier|OU
|rated
|clearpoke
|poke|p1|Pinsir, M
|poke|p1|Raikou
|poke|p1|Infernape, F
|poke|p1|Staraptor, F
|poke|p1|Crawdaunt, M
|poke|p1|Talonflame, M
|poke|p2|Conkeldurr, M
|poke|p2|Gyarados, M
|poke|p2|Ferrothorn, F
|poke|p2|Kyurem
|poke|p2|Manectric, M
|poke|p2|Tentacruel, F
|rule|Swagger Clause: Swagger is banned
|rule|Baton Pass Clause: Limit one PokÃ©mon knowing Baton Pass
|rule|Sleep Clause Mod: Limit one foe put to sleep
|rule|Species Clause: Limit one of each PokÃ©mon
|rule|OHKO Clause: OHKO moves are banned
|rule|Moody Clause: Moody is banned
|rule|Evasion Moves Clause: Evasion moves are banned
|rule|Endless Battle Clause: Forcing endless battles is banned
|rule|HP Percentage Mod: HP is shown in percentages
|teampreview
|
|start
|switch|p1a: Leverage|Infernape, F|293\/293
|switch|p2a: Manectric|Manectric, M|281\/281
|turn|1
|
|detailschange|p2a: Manectric|Manectric-Mega, M
|message|Manectric has Mega Evolved into Mega Manectric!
|-ability|p2a: Manectric|Intimidate|[of] p1a: Leverage
|-unboost|p1a: Leverage|atk|1
|move|p1a: Leverage|Stealth Rock|p2a: Manectric
|-sidestart|p2: LT4A Jason|move: Stealth Rock
|move|p2a: Manectric|Volt Switch|p1a: Leverage
|-damage|p1a: Leverage|91\/293
|
|switch|p2a: Tentacruel|Tentacruel, F|364\/364
|-damage|p2a: Tentacruel|319\/364|[from] Stealth Rock
|
|-heal|p2a: Tentacruel|341\/364|[from] item: Black Sludge
|turn|2
|
|move|p1a: Leverage|Close Combat|p2a: Tentacruel
|-resisted|p2a: Tentacruel
|-damage|p2a: Tentacruel|287\/364
|-unboost|p1a: Leverage|def|1
|-unboost|p1a: Leverage|spd|1
|move|p2a: Tentacruel|Rapid Spin|p1a: Leverage
|-damage|p1a: Leverage|69\/293
|-sideend|p2: LT4A Jason|Stealth Rock|[from] move: Rapid Spin|[of] p2a: Tentacruel
|
|-heal|p2a: Tentacruel|309\/364|[from] item: Black Sludge
|turn|3
|
|move|p1a: Leverage|Stealth Rock|p2a: Tentacruel
|-sidestart|p2: LT4A Jason|move: Stealth Rock
|move|p2a: Tentacruel|Wrap|p1a: Leverage
|-damage|p1a: Leverage|52\/293
|-activate|p1a: Leverage|move: Wrap|[of] p2a: Tentacruel
|
|-heal|p2a: Tentacruel|331\/364|[from] item: Black Sludge
|-damage|p1a: Leverage|16\/293|[from] move: Wrap|[partiallytrapped]
|turn|4
|
|move|p1a: Leverage|Overheat|p2a: Tentacruel
|-resisted|p2a: Tentacruel
|-damage|p2a: Tentacruel|223\/364
|-unboost|p1a: Leverage|spa|2
|move|p2a: Tentacruel|Rapid Spin|p1a: Leverage
|-damage|p1a: Leverage|0 fnt
|-sideend|p2: LT4A Jason|Stealth Rock|[from] move: Rapid Spin|[of] p2a: Tentacruel
|faint|p1a: Leverage
|
|-heal|p2a: Tentacruel|245\/364|[from] item: Black Sludge
|
|switch|p1a: Def Leppard|Raikou|321\/321
|-ability|p1a: Def Leppard|Pressure
|turn|5
|
|switch|p2a: Ferrothorn|Ferrothorn, F|352\/352
|move|p1a: Def Leppard|Volt Switch|p2a: Ferrothorn
|-resisted|p2a: Ferrothorn
|-damage|p2a: Ferrothorn|301\/352
|
|switch|p1a: Gamma Ray|Talonflame, M|297\/297
|
|-heal|p2a: Ferrothorn|323\/352|[from] item: Leftovers
|turn|6
|
|switch|p2a: Gyarados|Gyarados, M|394\/394
|-ability|p2a: Gyarados|Intimidate|[of] p1a: Gamma Ray
|-unboost|p1a: Gamma Ray|atk|1
|move|p1a: Gamma Ray|Flare Blitz|p2a: Gyarados
|-resisted|p2a: Gyarados
|-damage|p2a: Gyarados|346\/394
|-damage|p1a: Gamma Ray|281\/297|[from] recoil|[of] p2a: Gyarados
|
|-heal|p2a: Gyarados|370\/394|[from] item: Leftovers
|turn|7
|
|switch|p1a: Def Leppard|Raikou|321\/321
|-ability|p1a: Def Leppard|Pressure
|switch|p2a: Ferrothorn|Ferrothorn, F|323\/352
|
|-heal|p2a: Ferrothorn|345\/352|[from] item: Leftovers
|turn|8
|
|move|p1a: Def Leppard|Volt Switch|p2a: Ferrothorn
|-resisted|p2a: Ferrothorn
|-damage|p2a: Ferrothorn|294\/352
|
|switch|p1a: Gamma Ray|Talonflame, M|281\/297
|move|p2a: Ferrothorn|Stealth Rock|p1a: Gamma Ray
|-sidestart|p1: Hunter42000|move: Stealth Rock
|
|-heal|p2a: Ferrothorn|316\/352|[from] item: Leftovers
|turn|9
|
|switch|p2a: Gyarados|Gyarados, M|370\/394
|-ability|p2a: Gyarados|Intimidate|[of] p1a: Gamma Ray
|-unboost|p1a: Gamma Ray|atk|1
|move|p1a: Gamma Ray|Swords Dance|p1a: Gamma Ray
|-boost|p1a: Gamma Ray|atk|2
|
|-heal|p2a: Gyarados|394\/394|[from] item: Leftovers
|turn|10
|
|move|p1a: Gamma Ray|Brave Bird|p2a: Gyarados
|-damage|p2a: Gyarados|127\/394
|-damage|p1a: Gamma Ray|193\/297|[from] recoil|[of] p2a: Gyarados
|move|p2a: Gyarados|Dragon Tail|p1a: Gamma Ray
|-crit|p1a: Gamma Ray
|-damage|p1a: Gamma Ray|85\/297
|drag|p1a: Beetle Juice|Pinsir, M|271\/271
|-damage|p1a: Beetle Juice|204\/271|[from] Stealth Rock
|
|-heal|p2a: Gyarados|151\/394|[from] item: Leftovers
|turn|11
|
|detailschange|p1a: Beetle Juice|Pinsir-Mega, M
|message|Pinsir has Mega Evolved into Mega Pinsir!
|move|p1a: Beetle Juice|Return|p2a: Gyarados
|-damage|p2a: Gyarados|0 fnt
|faint|p2a: Gyarados
|
|
|switch|p2a: Manectric|Manectric-Mega, M|281\/281
|-ability|p2a: Manectric|Intimidate|[of] p1a: Beetle Juice
|-unboost|p1a: Beetle Juice|atk|1
|turn|12
|
|switch|p1a: Gamma Ray|Talonflame, M|85\/297
|-damage|p1a: Gamma Ray|0 fnt|[from] Stealth Rock
|faint|p1a: Gamma Ray
|move|p2a: Manectric|Thunderbolt|p1: Gamma Ray|[notarget]
|-notarget
|
|
|switch|p1a: Def Leppard|Raikou|321\/321
|-damage|p1a: Def Leppard|281\/321|[from] Stealth Rock
|-ability|p1a: Def Leppard|Pressure
|turn|13
|
|move|p2a: Manectric|Thunderbolt|p1a: Def Leppard
|-resisted|p1a: Def Leppard
|-damage|p1a: Def Leppard|230\/321
|move|p1a: Def Leppard|Volt Switch|p2a: Manectric
|-resisted|p2a: Manectric
|-damage|p2a: Manectric|209\/281
|
|switch|p1a: Carcass|Staraptor, F|323\/323
|-damage|p1a: Carcass|243\/323|[from] Stealth Rock
|
|turn|14
|
|move|p1a: Carcass|U-turn|p2a: Manectric
|-crit|p2a: Manectric
|-damage|p2a: Manectric|62\/281
|
|switch|p1a: Def Leppard|Raikou|230\/321
|-damage|p1a: Def Leppard|190\/321|[from] Stealth Rock
|-ability|p1a: Def Leppard|Pressure
|move|p2a: Manectric|Volt Switch|p1a: Def Leppard
|-resisted|p1a: Def Leppard
|-damage|p1a: Def Leppard|145\/321
|
|switch|p2a: Kyurem|Kyurem|454\/454
|-ability|p2a: Kyurem|Pressure
|
|turn|15
|
|move|p1a: Def Leppard|Discharge|p2a: Kyurem
|-resisted|p2a: Kyurem
|-damage|p2a: Kyurem|395\/454
|move|p2a: Kyurem|Substitute|p2a: Kyurem
|-start|p2a: Kyurem|Substitute
|-damage|p2a: Kyurem|282\/454
|
|-heal|p2a: Kyurem|310\/454|[from] item: Leftovers
|turn|16
|
|move|p1a: Def Leppard|Shadow Ball|p2a: Kyurem
|-activate|p2a: Kyurem|Substitute|[damage]
|move|p2a: Kyurem|Ice Beam|p1a: Def Leppard
|-damage|p1a: Def Leppard|57\/321
|
|-heal|p2a: Kyurem|338\/454|[from] item: Leftovers
|turn|17
|
|move|p1a: Def Leppard|Shadow Ball|p2a: Kyurem
|-end|p2a: Kyurem|Substitute
|move|p2a: Kyurem|Substitute|p2a: Kyurem
|-start|p2a: Kyurem|Substitute
|-damage|p2a: Kyurem|225\/454
|
|-heal|p2a: Kyurem|253\/454|[from] item: Leftovers
|turn|18
|
|move|p1a: Def Leppard|Shadow Ball|p2a: Kyurem
|-activate|p2a: Kyurem|Substitute|[damage]
|move|p2a: Kyurem|Roost|p2a: Kyurem
|-heal|p2a: Kyurem|454\/454
|
|turn|19
|
|move|p1a: Def Leppard|Shadow Ball|p2a: Kyurem
|-end|p2a: Kyurem|Substitute
|move|p2a: Kyurem|Substitute|p2a: Kyurem
|-start|p2a: Kyurem|Substitute
|-damage|p2a: Kyurem|341\/454
|
|-heal|p2a: Kyurem|369\/454|[from] item: Leftovers
|turn|20
|
|move|p1a: Def Leppard|Shadow Ball|p2a: Kyurem
|-activate|p2a: Kyurem|Substitute|[damage]
|move|p2a: Kyurem|Ice Beam|p1a: Def Leppard
|-crit|p1a: Def Leppard
|-damage|p1a: Def Leppard|0 fnt
|faint|p1a: Def Leppard
|
|-heal|p2a: Kyurem|397\/454|[from] item: Leftovers
|
|switch|p1a: Pinchy|Crawdaunt, M|275\/275
|-damage|p1a: Pinchy|241\/275|[from] Stealth Rock
|turn|21
|
|move|p2a: Kyurem|Earth Power|p1a: Pinchy
|-damage|p1a: Pinchy|100\/275
|move|p1a: Pinchy|Knock Off|p2a: Kyurem
|-end|p2a: Kyurem|Substitute
|-damage|p1a: Pinchy|73\/275|[from] item: Life Orb
|
|-heal|p2a: Kyurem|425\/454|[from] item: Leftovers
|turn|22
|
|move|p2a: Kyurem|Ice Beam|p1a: Pinchy
|-resisted|p1a: Pinchy
|-damage|p1a: Pinchy|0 fnt
|faint|p1a: Pinchy
|
|-heal|p2a: Kyurem|453\/454|[from] item: Leftovers
|
|switch|p1a: Beetle Juice|Pinsir-Mega, M|204\/271
|-damage|p1a: Beetle Juice|69\/271|[from] Stealth Rock
|turn|23
|c|âHunter42000|great team guy 
|c|âHunter42000|srsly
|c|âLT4A Jason|ty dude
|c|âLT4A Jason|im working 14 days here 
|
|move|p1a: Beetle Juice|Return|p2a: Kyurem
|-damage|p2a: Kyurem|176\/454
|move|p2a: Kyurem|Ice Beam|p1a: Beetle Juice
|-supereffective|p1a: Beetle Juice
|-damage|p1a: Beetle Juice|0 fnt
|faint|p1a: Beetle Juice
|
|-heal|p2a: Kyurem|204\/454|[from] item: Leftovers
|
|switch|p1a: Carcass|Staraptor, F|243\/323
|-damage|p1a: Carcass|163\/323|[from] Stealth Rock
|turn|24
|
|switch|p2a: Manectric|Manectric-Mega, M|62\/281
|-ability|p2a: Manectric|Intimidate|[of] p1a: Carcass
|-unboost|p1a: Carcass|atk|1
|move|p1a: Carcass|Brave Bird|p2a: Manectric
|-resisted|p2a: Manectric
|-damage|p2a: Manectric|0 fnt
|-damage|p1a: Carcass|143\/323|[from] recoil|[of] p2a: Manectric
|faint|p2a: Manectric
|
|
|switch|p2a: Tentacruel|Tentacruel, F|245\/364
|turn|25
|
|move|p1a: Carcass|Brave Bird|p2a: Tentacruel
|-damage|p2a: Tentacruel|92\/364
|-damage|p1a: Carcass|93\/323|[from] recoil|[of] p2a: Tentacruel
|move|p2a: Tentacruel|Scald|p1a: Carcass
|-damage|p1a: Carcass|0 fnt
|faint|p1a: Carcass
|
|win|LT4A Jason
|raw|Ladder updating...
|raw|Hunter42000's rating: 1867 &rarr; <strong>1838<\/strong><br \/>(-29 for losing)
|raw|LT4A Jason's rating: 1715 &rarr; <strong>1743<\/strong><br \/>(+28 for winning)
|c|âLT4A Jason|gg
|c|âHunter42000|gg
|leave|Hunter42000
|player|p1