|join|luc1993
|join|Hunter42000
|player|p1|luc1993|153
|player|p2|Hunter42000|34
|gametype|singles
|gen|6
|tier|OU
|rated
|clearpoke
|poke|p1|Landorus-Therian, M
|poke|p1|Heatran, M
|poke|p1|Venusaur, M
|poke|p1|Clefable, F
|poke|p1|Starmie
|poke|p1|Tyranitar, M
|poke|p2|Azumarill, M
|poke|p2|Landorus-Therian, M
|poke|p2|Raikou
|poke|p2|Mew
|poke|p2|Heracross, F
|poke|p2|Crawdaunt, M
|rule|Swagger Clause: Swagger is banned
|rule|Baton Pass Clause: Limit one PokÃ©mon knowing Baton Pass
|rule|Sleep Clause Mod: Limit one foe put to sleep
|rule|Species Clause: Limit one of each PokÃ©mon
|rule|OHKO Clause: OHKO moves are banned
|rule|Moody Clause: Moody is banned
|rule|Evasion Moves Clause: Evasion moves are banned
|rule|Endless Battle Clause: Forcing endless battles is banned
|rule|HP Percentage Mod: HP is shown in percentages
|teampreview
|
|start
|switch|p1a: Venusaur|Venusaur, M|359\/359
|switch|p2a: Mew|Mew|404\/404
|turn|1
|
|detailschange|p1a: Venusaur|Venusaur-Mega, M
|message|Venusaur has Mega Evolved into Mega Venusaur!
|move|p2a: Mew|Stealth Rock|p1a: Venusaur
|-sidestart|p1: luc1993|move: Stealth Rock
|move|p1a: Venusaur|Sludge Bomb|p2a: Mew
|-damage|p2a: Mew|248\/404
|-status|p2a: Mew|psn
|
|-damage|p2a: Mew|198\/404 psn|[from] psn
|turn|2
|
|move|p2a: Mew|Tailwind|p2a: Mew
|-sidestart|p2: Hunter42000|move: Tailwind
|move|p1a: Venusaur|Sludge Bomb|p2a: Mew
|-damage|p2a: Mew|30\/404 psn
|
|-damage|p2a: Mew|0 fnt|[from] psn
|faint|p2a: Mew
|
|switch|p2a: Heracross|Heracross, F|307\/307
|turn|3
|
|switch|p1a: Landorus-Therian|Landorus-Therian, M|319\/319
|-damage|p1a: Landorus-Therian|280\/319|[from] Stealth Rock
|-ability|p1a: Landorus-Therian|Intimidate|[of] p2a: Heracross
|-unboost|p2a: Heracross|atk|1
|detailschange|p2a: Heracross|Heracross-Mega, F
|message|Heracross has Mega Evolved into Mega Heracross!
|move|p2a: Heracross|Swords Dance|p2a: Heracross
|-boost|p2a: Heracross|atk|2
|
|turn|4
|
|move|p2a: Heracross|Rock Blast|p1a: Landorus-Therian
|-damage|p1a: Landorus-Therian|212\/319
|-damage|p1a: Landorus-Therian|146\/319
|-damage|p1a: Landorus-Therian|83\/319
|-damage|p1a: Landorus-Therian|11\/319
|-damage|p1a: Landorus-Therian|0 fnt
|-hitcount|p1a: Landorus-Therian|5
|faint|p1a: Landorus-Therian
|
|
|switch|p1a: Clefable|Clefable, F|394\/394
|turn|5
|
|move|p2a: Heracross|Rock Blast|p1a: Clefable|[miss]
|-miss|p2a: Heracross|p1a: Clefable
|move|p1a: Clefable|Moonblast|p2a: Heracross
|-supereffective|p2a: Heracross
|-damage|p2a: Heracross|119\/307
|-unboost|p2a: Heracross|spa|1
|
|-sideend|p2: Hunter42000|move: Tailwind
|turn|6
|
|move|p2a: Heracross|Rock Blast|p1a: Clefable
|-damage|p1a: Clefable|338\/394
|-damage|p1a: Clefable|285\/394
|-damage|p1a: Clefable|233\/394
|-damage|p1a: Clefable|177\/394
|-crit|p1a: Clefable
|-damage|p1a: Clefable|86\/394
|-hitcount|p1a: Clefable|5
|move|p1a: Clefable|Moonblast|p2a: Heracross
|-supereffective|p2a: Heracross
|-damage|p2a: Heracross|0 fnt
|faint|p2a: Heracross
|
|-heal|p1a: Clefable|110\/394|[from] item: Leftovers
|
|switch|p2a: Crawdaunt|Crawdaunt, M|273\/273
|turn|7
|
|move|p2a: Crawdaunt|Crabhammer|p1a: Clefable
|-damage|p1a: Clefable|0 fnt
|-damage|p2a: Crawdaunt|246\/273|[from] item: Life Orb
|faint|p1a: Clefable
|
|
|switch|p1a: Venusaur|Venusaur-Mega, M|359\/359
|-damage|p1a: Venusaur|315\/359|[from] Stealth Rock
|turn|8
|
|switch|p2a: Raikou|Raikou|321\/321
|-ability|p2a: Raikou|Pressure
|move|p1a: Venusaur|Giga Drain|p2a: Raikou
|-crit|p2a: Raikou
|-damage|p2a: Raikou|113\/321
|-heal|p1a: Venusaur|359\/359|[from] drain|[of] p2a: Raikou
|
|turn|9
|
|switch|p1a: Tyranitar|Tyranitar, M|403\/403
|-damage|p1a: Tyranitar|353\/403|[from] Stealth Rock
|-weather|Sandstorm
|move|p2a: Raikou|Shadow Ball|p1a: Tyranitar
|-resisted|p1a: Tyranitar
|-damage|p1a: Tyranitar|325\/403
|-unboost|p1a: Tyranitar|spd|1
|
|-weather|Sandstorm|[upkeep]
|-damage|p2a: Raikou|93\/321|[from] sandstorm
|turn|10
|
|move|p1a: Tyranitar|Pursuit|p2a: Raikou|[from]Pursuit
|-damage|p2a: Raikou|0 fnt
|faint|p2a: Raikou
|
|-weather|Sandstorm|[upkeep]
|
|switch|p2a: Landorus-Therian|Landorus-Therian, M|339\/339
|-ability|p2a: Landorus-Therian|Intimidate|[of] p1a: Tyranitar
|-unboost|p1a: Tyranitar|atk|1
|turn|11
|
|move|p2a: Landorus-Therian|Earthquake|p1a: Tyranitar
|-supereffective|p1a: Tyranitar
|-damage|p1a: Tyranitar|0 fnt
|faint|p1a: Tyranitar
|
|-weather|Sandstorm|[upkeep]
|
|switch|p1a: Starmie|Starmie|323\/323
|-damage|p1a: Starmie|283\/323|[from] Stealth Rock
|turn|12
|
|switch|p2a: Azumarill|Azumarill, M|383\/383
|move|p1a: Starmie|Scald|p2a: Azumarill
|-resisted|p2a: Azumarill
|-damage|p2a: Azumarill|326\/383
|
|-weather|Sandstorm|[upkeep]
|-damage|p1a: Starmie|263\/323|[from] sandstorm
|-damage|p2a: Azumarill|303\/383|[from] sandstorm
|-heal|p1a: Starmie|283\/323|[from] item: Leftovers
|turn|13
|
|switch|p1a: Venusaur|Venusaur-Mega, M|359\/359
|-damage|p1a: Venusaur|315\/359|[from] Stealth Rock
|move|p2a: Azumarill|Waterfall|p1a: Venusaur
|-crit|p1a: Venusaur
|-resisted|p1a: Venusaur
|-damage|p1a: Venusaur|139\/359
|
|-weather|none
|turn|14
|
|move|p1a: Venusaur|Synthesis|p1a: Venusaur
|-heal|p1a: Venusaur|318\/359
|move|p2a: Azumarill|Waterfall|p1a: Venusaur
|-resisted|p1a: Venusaur
|-damage|p1a: Venusaur|216\/359
|
|turn|15
|
|switch|p2a: Landorus-Therian|Landorus-Therian, M|339\/339
|-ability|p2a: Landorus-Therian|Intimidate|[of] p1a: Venusaur
|-unboost|p1a: Venusaur|atk|1
|move|p1a: Venusaur|Giga Drain|p2a: Landorus-Therian
|-damage|p2a: Landorus-Therian|173\/339
|-heal|p1a: Venusaur|299\/359|[from] drain|[of] p2a: Landorus-Therian
|
|turn|16
|
|switch|p1a: Heatran|Heatran, M|385\/385
|-damage|p1a: Heatran|337\/385|[from] Stealth Rock
|move|p2a: Landorus-Therian|U-turn|p1a: Heatran
|-resisted|p1a: Heatran
|-damage|p1a: Heatran|316\/385
|
|switch|p2a: Crawdaunt|Crawdaunt, M|246\/273
|
|-heal|p1a: Heatran|340\/385|[from] item: Leftovers
|turn|17
|
|move|p2a: Crawdaunt|Knock Off|p1a: Heatran
|-damage|p1a: Heatran|38\/385
|-enditem|p1a: Heatran|Leftovers|[from] move: Knock Off|[of] p2a: Crawdaunt
|-damage|p2a: Crawdaunt|219\/273|[from] item: Life Orb
|move|p1a: Heatran|Stealth Rock|p2a: Crawdaunt
|-sidestart|p2: Hunter42000|move: Stealth Rock
|
|turn|18
|
|move|p2a: Crawdaunt|Swords Dance|p2a: Crawdaunt
|-boost|p2a: Crawdaunt|atk|2
|move|p1a: Heatran|Will-O-Wisp|p2a: Crawdaunt
|-status|p2a: Crawdaunt|brn
|
|-damage|p2a: Crawdaunt|185\/273 brn|[from] brn
|turn|19
|
|move|p2a: Crawdaunt|Swords Dance|p2a: Crawdaunt
|-boost|p2a: Crawdaunt|atk|2
|move|p1a: Heatran|Roar|p2a: Crawdaunt
|drag|p2a: Landorus-Therian|Landorus-Therian, M|173\/339
|-damage|p2a: Landorus-Therian|131\/339|[from] Stealth Rock
|-ability|p2a: Landorus-Therian|Intimidate|[of] p1a: Heatran
|-unboost|p1a: Heatran|atk|1
|
|turn|20
|
|move|p2a: Landorus-Therian|Earthquake|p1a: Heatran
|-supereffective|p1a: Heatran
|-damage|p1a: Heatran|0 fnt
|faint|p1a: Heatran
|
|
|switch|p1a: Starmie|Starmie|283\/323
|-damage|p1a: Starmie|243\/323|[from] Stealth Rock
|turn|21
|
|switch|p2a: Crawdaunt|Crawdaunt, M|185\/273 brn
|-damage|p2a: Crawdaunt|151\/273 brn|[from] Stealth Rock
|move|p1a: Starmie|Scald|p2a: Crawdaunt
|-crit|p2a: Crawdaunt
|-resisted|p2a: Crawdaunt
|-damage|p2a: Crawdaunt|34\/273 brn
|
|-heal|p1a: Starmie|263\/323|[from] item: Leftovers
|-damage|p2a: Crawdaunt|0 fnt|[from] brn
|faint|p2a: Crawdaunt
|
|switch|p2a: Azumarill|Azumarill, M|303\/383
|-damage|p2a: Azumarill|256\/383|[from] Stealth Rock
|turn|22
|
|switch|p2a: Landorus-Therian|Landorus-Therian, M|131\/339
|-damage|p2a: Landorus-Therian|89\/339|[from] Stealth Rock
|-ability|p2a: Landorus-Therian|Intimidate|[of] p1a: Starmie
|-unboost|p1a: Starmie|atk|1
|move|p1a: Starmie|Rapid Spin|p2a: Landorus-Therian
|-damage|p2a: Landorus-Therian|80\/339
|-sideend|p1: luc1993|Stealth Rock|[from] move: Rapid Spin|[of] p1a: Starmie
|
|-heal|p1a: Starmie|283\/323|[from] item: Leftovers
|turn|23
|
|move|p2a: Landorus-Therian|U-turn|p1a: Starmie
|-supereffective|p1a: Starmie
|-damage|p1a: Starmie|95\/323
|
|switch|p2a: Azumarill|Azumarill, M|256\/383
|-damage|p2a: Azumarill|209\/383|[from] Stealth Rock
|move|p1a: Starmie|Scald|p2a: Azumarill
|-resisted|p2a: Azumarill
|-damage|p2a: Azumarill|149\/383
|-status|p2a: Azumarill|brn
|
|-heal|p1a: Starmie|115\/323|[from] item: Leftovers
|-damage|p2a: Azumarill|102\/383 brn|[from] brn
|turn|24
|
|move|p1a: Starmie|Scald|p2a: Azumarill
|-resisted|p2a: Azumarill
|-damage|p2a: Azumarill|45\/383 brn
|move|p2a: Azumarill|Facade|p1a: Starmie
|-damage|p1a: Starmie|0 fnt
|faint|p1a: Starmie
|
|-damage|p2a: Azumarill|0 fnt|[from] brn
|faint|p2a: Azumarill
|
|switch|p2a: Landorus-Therian|Landorus-Therian, M|80\/339
|-damage|p2a: Landorus-Therian|38\/339|[from] Stealth Rock
|switch|p1a: Venusaur|Venusaur-Mega, M|299\/359
|-ability|p2a: Landorus-Therian|Intimidate|[of] p1a: Venusaur
|-unboost|p1a: Venusaur|atk|1
|turn|25
|
|move|p2a: Landorus-Therian|Explosion|p1a: Venusaur
|-damage|p1a: Venusaur|14\/359
|faint|p2a: Landorus-Therian
|
|win|luc1993
|raw|Ladder updating...
|raw|luc1993's rating: 1825 &rarr; <strong>1844<\/strong><br \/>(+19 for winning)
|raw|Hunter42000's rating: 1797 &rarr; <strong>1779<\/strong><br \/>(-18 for losing)
|leave|Hunter42000
|player|p2