|join|wish killer
|join|Hunter42000
|player|p1|wish killer|68
|player|p2|Hunter42000|34
|gametype|singles
|gen|6
|tier|OU
|rated
|clearpoke
|poke|p1|Bisharp, F
|poke|p1|Venusaur, M
|poke|p1|Heatran, M
|poke|p1|Keldeo
|poke|p1|Chansey, F
|poke|p1|Skarmory, F
|poke|p2|Azumarill, M
|poke|p2|Landorus-Therian, M
|poke|p2|Raikou
|poke|p2|Mew
|poke|p2|Heracross, F
|poke|p2|Crawdaunt, M
|rule|Swagger Clause: Swagger is banned
|rule|Baton Pass Clause: Limit one PokÃ©mon knowing Baton Pass
|rule|Sleep Clause Mod: Limit one foe put to sleep
|rule|Species Clause: Limit one of each PokÃ©mon
|rule|OHKO Clause: OHKO moves are banned
|rule|Moody Clause: Moody is banned
|rule|Evasion Moves Clause: Evasion moves are banned
|rule|Endless Battle Clause: Forcing endless battles is banned
|rule|HP Percentage Mod: HP is shown in percentages
|teampreview
|
|start
|switch|p1a: MoB Harley|Heatran, M|340\/340
|switch|p2a: Mew|Mew|404\/404
|-item|p1a: MoB Harley|Air Balloon
|turn|1
|join|CleanerThanRotom-W
|
|move|p1a: MoB Harley|Stealth Rock|p2a: Mew
|-sidestart|p2: Hunter42000|move: Stealth Rock
|move|p2a: Mew|Knock Off|p1a: MoB Harley
|-damage|p1a: MoB Harley|271\/340
|-enditem|p1a: MoB Harley|Air Balloon
|
|turn|2
|join|i came from leddit
|
|move|p1a: MoB Harley|Toxic|p2a: Mew
|-status|p2a: Mew|tox
|move|p2a: Mew|Stealth Rock|p1a: MoB Harley
|-sidestart|p1: wish killer|move: Stealth Rock
|
|-damage|p2a: Mew|379\/404 tox|[from] psn
|turn|3
|
|switch|p2a: Azumarill|Azumarill, M|383\/383
|-damage|p2a: Azumarill|336\/383|[from] Stealth Rock
|move|p1a: MoB Harley|Fire Blast|p2a: Azumarill
|-resisted|p2a: Azumarill
|-damage|p2a: Azumarill|236\/383
|-status|p2a: Azumarill|brn
|
|-damage|p2a: Azumarill|189\/383 brn|[from] brn
|turn|4
|c| i came from leddit|rekt
|c| CleanerThanRotom-W|go bloody!
|c|âHunter42000|kkkkk
|
|move|p1a: MoB Harley|Fire Blast|p2a: Azumarill
|-resisted|p2a: Azumarill
|-damage|p2a: Azumarill|82\/383 brn
|move|p2a: Azumarill|Facade|p1a: MoB Harley
|-resisted|p1a: MoB Harley
|-damage|p1a: MoB Harley|156\/340
|
|-damage|p2a: Azumarill|35\/383 brn|[from] brn
|turn|5
|
|move|p1a: MoB Harley|Fire Blast|p2a: Azumarill
|-crit|p2a: Azumarill
|-resisted|p2a: Azumarill
|-damage|p2a: Azumarill|0 fnt
|faint|p2a: Azumarill
|
|
|switch|p2a: Crawdaunt|Crawdaunt, M|273\/273
|-damage|p2a: Crawdaunt|239\/273|[from] Stealth Rock
|turn|6
|
|move|p2a: Crawdaunt|Aqua Jet|p1a: MoB Harley
|-supereffective|p1a: MoB Harley
|-damage|p1a: MoB Harley|0 fnt
|-damage|p2a: Crawdaunt|212\/273|[from] item: Life Orb
|faint|p1a: MoB Harley
|
|
|switch|p1a: jake the ripper|Keldeo|323\/323
|-damage|p1a: jake the ripper|303\/323|[from] Stealth Rock
|turn|7
|c| i came from leddit|u got keldeo'ed
|
|switch|p2a: Landorus-Therian|Landorus-Therian, M|339\/339
|-damage|p2a: Landorus-Therian|297\/339|[from] Stealth Rock
|-ability|p2a: Landorus-Therian|Intimidate|[of] p1a: jake the ripper
|-unboost|p1a: jake the ripper|atk|1
|move|p1a: jake the ripper|Secret Sword|p2a: Landorus-Therian
|-resisted|p2a: Landorus-Therian
|-damage|p2a: Landorus-Therian|216\/339
|
|-heal|p1a: jake the ripper|323\/323|[from] item: Leftovers
|turn|8
|
|move|p2a: Landorus-Therian|U-turn|p1a: jake the ripper
|-resisted|p1a: jake the ripper
|-damage|p1a: jake the ripper|271\/323
|
|switch|p2a: Mew|Mew|379\/404 tox
|-damage|p2a: Mew|329\/404 tox|[from] Stealth Rock
|move|p1a: jake the ripper|Scald|p2a: Mew
|-damage|p2a: Mew|178\/404 tox
|
|-heal|p1a: jake the ripper|291\/323|[from] item: Leftovers
|-damage|p2a: Mew|153\/404 tox|[from] psn
|turn|9
|
|move|p1a: jake the ripper|Scald|p2a: Mew
|-damage|p2a: Mew|2\/404 tox
|move|p2a: Mew|Explosion|p1a: jake the ripper
|-enditem|p2a: Mew|Normal Gem|[from] gem|[move] Explosion
|-damage|p1a: jake the ripper|0 fnt
|faint|p2a: Mew
|faint|p1a: jake the ripper
|
|
|switch|p2a: Heracross|Heracross, F|307\/307
|-damage|p2a: Heracross|269\/307|[from] Stealth Rock
|switch|p1a: LT4B 1714|Venusaur, M|364\/364
|-damage|p1a: LT4B 1714|319\/364|[from] Stealth Rock
|turn|10
|
|switch|p1a: CleanerThanRotom-W|Skarmory, F|334\/334
|-damage|p1a: CleanerThanRotom-W|293\/334|[from] Stealth Rock
|detailschange|p2a: Heracross|Heracross-Mega, F
|message|Heracross has Mega Evolved into Mega Heracross!
|move|p2a: Heracross|Pin Missile|p1a: CleanerThanRotom-W
|-resisted|p1a: CleanerThanRotom-W
|-damage|p1a: CleanerThanRotom-W|283\/334
|-resisted|p1a: CleanerThanRotom-W
|-damage|p1a: CleanerThanRotom-W|273\/334
|-resisted|p1a: CleanerThanRotom-W
|-damage|p1a: CleanerThanRotom-W|263\/334
|-resisted|p1a: CleanerThanRotom-W
|-damage|p1a: CleanerThanRotom-W|252\/334
|-resisted|p1a: CleanerThanRotom-W
|-damage|p1a: CleanerThanRotom-W|242\/334
|-hitcount|p1a: CleanerThanRotom-W|5
|
|turn|11
|
|switch|p2a: Raikou|Raikou|321\/321
|-damage|p2a: Raikou|281\/321|[from] Stealth Rock
|-ability|p2a: Raikou|Pressure
|move|p1a: CleanerThanRotom-W|Spikes|p2a: Raikou
|-sidestart|p2: Hunter42000|Spikes
|
|turn|12
|
|switch|p1a: Appreciation|Chansey, F|684\/684
|-damage|p1a: Appreciation|599\/684|[from] Stealth Rock
|move|p2a: Raikou|Volt Switch|p1a: Appreciation
|-damage|p1a: Appreciation|488\/684
|
|switch|p2a: Crawdaunt|Crawdaunt, M|212\/273
|-damage|p2a: Crawdaunt|178\/273|[from] Spikes
|-damage|p2a: Crawdaunt|144\/273|[from] Stealth Rock
|
|turn|13
|
|move|p2a: Crawdaunt|Knock Off|p1a: Appreciation
|-damage|p1a: Appreciation|82\/684
|-enditem|p1a: Appreciation|Eviolite|[from] move: Knock Off|[of] p2a: Crawdaunt
|-damage|p2a: Crawdaunt|117\/273|[from] item: Life Orb
|move|p1a: Appreciation|Thunder Wave|p2a: Crawdaunt
|-status|p2a: Crawdaunt|par
|
|turn|14
|
|move|p2a: Crawdaunt|Aqua Jet|p1a: Appreciation
|-damage|p1a: Appreciation|0 fnt
|-damage|p2a: Crawdaunt|90\/273 par|[from] item: Life Orb
|faint|p1a: Appreciation
|
|
|switch|p1a: LT4B 1714|Venusaur, M|319\/364
|-damage|p1a: LT4B 1714|274\/364|[from] Stealth Rock
|turn|15
|
|detailschange|p1a: LT4B 1714|Venusaur-Mega, M
|message|Venusaur has Mega Evolved into Mega Venusaur!
|move|p1a: LT4B 1714|Giga Drain|p2a: Crawdaunt
|-supereffective|p2a: Crawdaunt
|-damage|p2a: Crawdaunt|0 fnt
|-heal|p1a: LT4B 1714|319\/364|[from] drain|[of] p2a: Crawdaunt
|faint|p2a: Crawdaunt
|
|
|switch|p2a: Heracross|Heracross-Mega, F|269\/307
|-damage|p2a: Heracross|231\/307|[from] Spikes
|-damage|p2a: Heracross|193\/307|[from] Stealth Rock
|turn|16
|
|move|p2a: Heracross|Pin Missile|p1a: LT4B 1714
|-damage|p1a: LT4B 1714|276\/364
|-damage|p1a: LT4B 1714|233\/364
|-damage|p1a: LT4B 1714|193\/364
|-damage|p1a: LT4B 1714|154\/364
|-crit|p1a: LT4B 1714
|-damage|p1a: LT4B 1714|94\/364
|-hitcount|p1a: LT4B 1714|5
|move|p1a: LT4B 1714|Hidden Power|p2a: Heracross
|-supereffective|p2a: Heracross
|-damage|p2a: Heracross|83\/307
|
|turn|17
|
|switch|p1a: CleanerThanRotom-W|Skarmory, F|242\/334
|-damage|p1a: CleanerThanRotom-W|201\/334|[from] Stealth Rock
|move|p2a: Heracross|Pin Missile|p1a: CleanerThanRotom-W|[miss]
|-miss|p2a: Heracross|p1a: CleanerThanRotom-W
|
|turn|18
|
|move|p2a: Heracross|Close Combat|p1a: CleanerThanRotom-W
|-damage|p1a: CleanerThanRotom-W|8\/334
|-damage|p2a: Heracross|32\/307|[from] item: Rocky Helmet|[of] p1a: CleanerThanRotom-W
|-unboost|p2a: Heracross|def|1
|-unboost|p2a: Heracross|spd|1
|move|p1a: CleanerThanRotom-W|Spikes|p2a: Heracross
|-sidestart|p2: Hunter42000|Spikes
|
|turn|19
|c| i came from leddit|rekt
|
|move|p2a: Heracross|Pin Missile|p1a: CleanerThanRotom-W
|-crit|p1a: CleanerThanRotom-W
|-resisted|p1a: CleanerThanRotom-W
|-damage|p1a: CleanerThanRotom-W|0 fnt
|-hitcount|p1a: CleanerThanRotom-W|1
|faint|p1a: CleanerThanRotom-W
|
|
|switch|p1a: I came from leddit|Bisharp, F|334\/334
|-damage|p1a: I came from leddit|314\/334|[from] Stealth Rock
|turn|20
|
|move|p1a: I came from leddit|Sucker Punch|p2a: Heracross
|-fail|p2a: Heracross
|move|p2a: Heracross|Swords Dance|p2a: Heracross
|-boost|p2a: Heracross|atk|2
|
|-heal|p1a: I came from leddit|334\/334|[from] item: Leftovers
|turn|21
|
|move|p1a: I came from leddit|Sucker Punch|p2a: Heracross
|-fail|p2a: Heracross
|move|p2a: Heracross|Swords Dance|p2a: Heracross
|-boost|p2a: Heracross|atk|2
|
|turn|22
|c| i came from leddit|>
|
|move|p1a: I came from leddit|Sucker Punch|p2a: Heracross
|-fail|p2a: Heracross
|move|p2a: Heracross|Swords Dance|p2a: Heracross
|-boost|p2a: Heracross|atk|2
|
|turn|23
|
|move|p1a: I came from leddit|Sucker Punch|p2a: Heracross
|-fail|p2a: Heracross
|move|p2a: Heracross|Swords Dance|p2a: Heracross
|-fail|p2a: Heracross
|
|turn|24
|
|move|p1a: I came from leddit|Sucker Punch|p2a: Heracross
|-fail|p2a: Heracross
|move|p2a: Heracross|Swords Dance|p2a: Heracross
|-fail|p2a: Heracross
|
|turn|25
|
|move|p1a: I came from leddit|Sucker Punch|p2a: Heracross
|-fail|p2a: Heracross
|move|p2a: Heracross|Swords Dance|p2a: Heracross
|-fail|p2a: Heracross
|
|turn|26
|
|move|p1a: I came from leddit|Sucker Punch|p2a: Heracross
|-resisted|p2a: Heracross
|-damage|p2a: Heracross|0 fnt
|faint|p2a: Heracross
|
|
|switch|p2a: Raikou|Raikou|281\/321
|-damage|p2a: Raikou|241\/321|[from] Stealth Rock
|-damage|p2a: Raikou|188\/321|[from] Spikes
|-ability|p2a: Raikou|Pressure
|turn|27
|
|move|p2a: Raikou|Thunderbolt|p1a: I came from leddit
|-damage|p1a: I came from leddit|57\/334
|-status|p1a: I came from leddit|par
|move|p1a: I came from leddit|Knock Off|p2a: Raikou
|-damage|p2a: Raikou|0 fnt
|-enditem|p2a: Raikou|Choice Specs|[from] move: Knock Off|[of] p1a: I came from leddit
|faint|p2a: Raikou
|
|-heal|p1a: I came from leddit|77\/334 par|[from] item: Leftovers
|
|switch|p2a: Landorus-Therian|Landorus-Therian, M|216\/339
|-damage|p2a: Landorus-Therian|174\/339|[from] Stealth Rock
|-ability|p2a: Landorus-Therian|Intimidate|[of] p1a: I came from leddit
|-unboost|p1a: I came from leddit|atk|1
|-boost|p1a: I came from leddit|atk|2|[from] ability: Defiant
|turn|28
|join|illestt
|
|move|p1a: I came from leddit|Sucker Punch|p2a: Landorus-Therian
|-damage|p2a: Landorus-Therian|0 fnt
|faint|p2a: Landorus-Therian
|
|win|wish killer
|raw|Ladder updating...
|c| i came from leddit|rekt
|leave|Hunter42000
|player|p2
|leave|i came from leddit
|raw|Ladder (probably) updated, but score could not be retrieved (timeout).
|raw|Ladder (probably) updated, but score could not be retrieved (Error: socket hang up).
|leave|CleanerThanRotom-W
|leave|illestt
|join|illestt
|leave|illestt