|join|Infernape01
|join|Hunter42000
|player|p1|Infernape01|80
|player|p2|Hunter42000|34
|gametype|singles
|gen|6
|tier|OU (suspect test)
|rated
|clearpoke
|poke|p1|Metagross
|poke|p1|Magnezone
|poke|p1|Landorus-Therian, M
|poke|p1|Starmie
|poke|p1|Garchomp, M
|poke|p1|Rotom-Wash
|poke|p2|Metagross
|poke|p2|Bisharp, M
|poke|p2|Garchomp, M
|poke|p2|Keldeo-Resolute
|poke|p2|Landorus-Therian, M
|poke|p2|Latios, M
|rule|Swagger Clause: Swagger is banned
|rule|Baton Pass Clause: Limit one PokÃ©mon knowing Baton Pass
|rule|Sleep Clause Mod: Limit one foe put to sleep
|rule|Species Clause: Limit one of each PokÃ©mon
|rule|OHKO Clause: OHKO moves are banned
|rule|Moody Clause: Moody is banned
|rule|Evasion Moves Clause: Evasion moves are banned
|rule|Endless Battle Clause: Forcing endless battles is banned
|rule|HP Percentage Mod: HP is shown in percentages
|teampreview
|
|start
|switch|p1a: Garchomp|Garchomp, M|358\/358
|switch|p2a: Garchomp|Garchomp, M|358\/358
|turn|1
|join|DragoniT
|c| DragoniT|ah un beau match
|
|move|p1a: Garchomp|Stealth Rock|p2a: Garchomp
|-sidestart|p2: Hunter42000|move: Stealth Rock
|move|p2a: Garchomp|Stealth Rock|p1a: Garchomp
|-sidestart|p1: Infernape01|move: Stealth Rock
|
|turn|2
|
|switch|p1a: Landorus-Therian|Landorus-Therian, M|320\/320
|-damage|p1a: Landorus-Therian|280\/320|[from] Stealth Rock
|-ability|p1a: Landorus-Therian|Intimidate|[of] p2a: Garchomp
|-unboost|p2a: Garchomp|atk|1
|move|p2a: Garchomp|Dragon Claw|p1a: Landorus-Therian
|-damage|p1a: Landorus-Therian|168\/320
|
|turn|3
|
|move|p1a: Landorus-Therian|U-turn|p2a: Garchomp
|-damage|p2a: Garchomp|259\/358
|-damage|p1a: Landorus-Therian|128\/320|[from] ability: Rough Skin|[of] p2a: Garchomp
|
|switch|p1a: Rotom-Wash|Rotom-Wash|303\/303
|-damage|p1a: Rotom-Wash|266\/303|[from] Stealth Rock
|move|p2a: Garchomp|Dragon Claw|p1a: Rotom-Wash
|-damage|p1a: Rotom-Wash|176\/303
|
|turn|4
|join|Fairy Peak
|
|move|p2a: Garchomp|Swords Dance|p2a: Garchomp
|-boost|p2a: Garchomp|atk|2
|move|p1a: Rotom-Wash|Will-O-Wisp|p2a: Garchomp
|-status|p2a: Garchomp|brn
|
|-damage|p2a: Garchomp|215\/358 brn|[from] brn
|turn|5
|
|move|p2a: Garchomp|Dragon Claw|p1a: Rotom-Wash
|-damage|p1a: Rotom-Wash|74\/303
|move|p1a: Rotom-Wash|Rest|p1a: Rotom-Wash
|-status|p1a: Rotom-Wash|slp
|-heal|p1a: Rotom-Wash|303\/303 slp|[silent]
|-status|p1a: Rotom-Wash|slp|[from] move: Rest
|-enditem|p1a: Rotom-Wash|Chesto Berry|[eat]
|-curestatus|p1a: Rotom-Wash|slp
|
|-damage|p2a: Garchomp|171\/358 brn|[from] brn
|turn|6
|
|move|p2a: Garchomp|Dragon Claw|p1a: Rotom-Wash
|-damage|p1a: Rotom-Wash|197\/303
|move|p1a: Rotom-Wash|Hydro Pump|p2a: Garchomp
|-damage|p2a: Garchomp|29\/358 brn
|
|-damage|p2a: Garchomp|0 fnt|[from] brn
|faint|p2a: Garchomp
|
|switch|p2a: Latios|Latios, M|301\/301
|-damage|p2a: Latios|264\/301|[from] Stealth Rock
|turn|7
|c| DragoniT|t'as remplacÃ© keldoe tom?
|c| DragoniT|*keldeo
|c|âInfernape01|J'avais Greninja avant
|
|switch|p1a: Metagross|Metagross|302\/302
|-damage|p1a: Metagross|284\/302|[from] Stealth Rock
|move|p2a: Latios|Hidden Power|p1a: Metagross
|-crit|p1a: Metagross
|-supereffective|p1a: Metagross
|-damage|p1a: Metagross|0 fnt
|faint|p1a: Metagross
|
|c|âInfernape01|ok
|c| DragoniT|wow
|c|âHunter42000|ouch le crit :\/
|
|switch|p1a: Landorus-Therian|Landorus-Therian, M|128\/320
|-damage|p1a: Landorus-Therian|88\/320|[from] Stealth Rock
|-ability|p1a: Landorus-Therian|Intimidate|[of] p2a: Latios
|-unboost|p2a: Latios|atk|1
|turn|8
|c|âInfernape01|de toute faÃ§on j'ai l'habitude
|c|âHunter42000|je suis SPEC par contre donc 2HKO
|c|âHunter42000|donc calmos
|c|âInfernape01|ouais je sais
|c|âInfernape01|mais mÃªme je le gardais en vie
|
|switch|p2a: Landorus-Therian|Landorus-Therian, M|324\/324
|-damage|p2a: Landorus-Therian|284\/324|[from] Stealth Rock
|-ability|p2a: Landorus-Therian|Intimidate|[of] p1a: Landorus-Therian
|-unboost|p1a: Landorus-Therian|atk|1
|move|p1a: Landorus-Therian|U-turn|p2a: Landorus-Therian
|-resisted|p2a: Landorus-Therian
|-damage|p2a: Landorus-Therian|247\/324
|c|âHunter42000|c'est sur que c'est pas cool pour autant \/:
|
|switch|p1a: Garchomp|Garchomp, M|358\/358
|-damage|p1a: Garchomp|336\/358|[from] Stealth Rock
|
|turn|9
|c| Fairy Peak|252 SpA Choice Specs Latios Hidden Power Fire vs. 0 HP \/ 4 SpD Mega Metagross: 180-214 (59.8 - 71%) -- guaranteed 2HKO
|
|move|p2a: Landorus-Therian|Earthquake|p1a: Garchomp
|-damage|p1a: Garchomp|131\/358
|move|p1a: Garchomp|Outrage|p2a: Landorus-Therian
|-damage|p2a: Landorus-Therian|0 fnt
|faint|p2a: Landorus-Therian
|
|
|switch|p2a: Metagross|Metagross|301\/301
|-damage|p2a: Metagross|283\/301|[from] Stealth Rock
|turn|10
|
|detailschange|p2a: Metagross|Metagross-Mega
|-mega|p2a: Metagross|Metagross|Metagrossite
|move|p1a: Garchomp|Outrage|p2a: Metagross
|-resisted|p2a: Metagross
|-damage|p2a: Metagross|214\/301
|move|p2a: Metagross|Hammer Arm|p1a: Garchomp
|-damage|p1a: Garchomp|0 fnt
|-damage|p2a: Metagross|177\/301|[from] ability: Rough Skin|[of] p1a: Garchomp
|-unboost|p2a: Metagross|spe|1
|faint|p1a: Garchomp
|
|c| Fairy Peak|Ok.
|c| Fairy Peak|Oo
|c|âHunter42000|je sais pas pourquoi j'ai fait ca :'
|c|âInfernape01|parce que t'es nul
|c| Fairy Peak|Rofl
|c|âHunter42000|pauvre con
|c| DragoniT|la taunt
|c| DragoniT|il me fait Ã§a aussi des fois
|
|switch|p1a: Starmie|Starmie|261\/261
|-damage|p1a: Starmie|229\/261|[from] Stealth Rock
|turn|11
|c| Fairy Peak|Les erreurs Ã§a arrive.
|c| Fairy Peak|^^'
|
|switch|p2a: Latios|Latios, M|264\/301
|-damage|p2a: Latios|227\/301|[from] Stealth Rock
|move|p1a: Starmie|Scald|p2a: Latios
|-crit|p2a: Latios
|-resisted|p2a: Latios
|-damage|p2a: Latios|122\/301
|-damage|p1a: Starmie|203\/261|[from] item: Life Orb
|
|turn|12
|c|âInfernape01|flemme de calc si zone est plus rapide
|c|âHunter42000|dÃ©jÃ  j'ai missclik car le combat aurait pu se terminer le tour d'avant..
|
|move|p1a: Starmie|Ice Beam|p2a: Latios
|-supereffective|p2a: Latios
|-damage|p2a: Latios|0 fnt
|-damage|p1a: Starmie|177\/261|[from] item: Life Orb
|faint|p2a: Latios
|
|c|âInfernape01|Oui
|c|âInfernape01|fallait pas laisser lando crever
|c| DragoniT|bisharp qui va tout dÃ©foncer
|
|switch|p2a: Bisharp|Bisharp, M|289\/289
|-damage|p2a: Bisharp|271\/289|[from] Stealth Rock
|turn|13
|c|âInfernape01|pour Ã§a que je dis que t'es nul
|c|âHunter42000|si ca te fais plaisir...
|
|switch|p1a: Rotom-Wash|Rotom-Wash|197\/303
|-damage|p1a: Rotom-Wash|160\/303|[from] Stealth Rock
|move|p2a: Bisharp|Sucker Punch|p1a: Rotom-Wash
|-fail|p1a: Rotom-Wash
|
|turn|14
|
|move|p2a: Bisharp|Knock Off|p1a: Rotom-Wash
|-damage|p1a: Rotom-Wash|3\/303
|-damage|p2a: Bisharp|243\/289|[from] item: Life Orb
|move|p1a: Rotom-Wash|Will-O-Wisp|p2a: Bisharp
|-status|p2a: Bisharp|brn
|
|-damage|p2a: Bisharp|207\/289 brn|[from] brn
|turn|15
|c|âHunter42000|lol
|c|âInfernape01|osef
|c| DragoniT|1pv
|
|move|p2a: Bisharp|Swords Dance|p2a: Bisharp
|-boost|p2a: Bisharp|atk|2
|move|p1a: Rotom-Wash|Volt Switch|p2a: Bisharp
|-damage|p2a: Bisharp|101\/289 brn
|c|âHunter42000|osef mais ferme ta gueule sale enculÃ©
|c|âHunter42000|!!
|c| DragoniT|le trappeur
|
|switch|p1a: Magnezone|Magnezone|324\/324
|-damage|p1a: Magnezone|304\/324|[from] Stealth Rock
|
|-damage|p2a: Bisharp|65\/289 brn|[from] brn
|turn|16
|c| DragoniT|ouah calme les gars
|c|âInfernape01|no rage pls
|
|switch|p1a: Rotom-Wash|Rotom-Wash|3\/303
|-damage|p1a: Rotom-Wash|0 fnt|[from] Stealth Rock
|faint|p1a: Rotom-Wash
|move|p2a: Bisharp|Sucker Punch|p1: Rotom-Wash|[notarget]
|-notarget
|
|-damage|p2a: Bisharp|29\/289 brn|[from] brn
|c|âHunter42000|ca commence Ã  me gaver les petits cons dans ton genre!!
|c| DragoniT|stop taunt tom
|join|Pinesseuh
|
|switch|p1a: Magnezone|Magnezone|304\/324
|-damage|p1a: Magnezone|284\/324|[from] Stealth Rock
|turn|17
|
|move|p2a: Bisharp|Sucker Punch|p1a: Magnezone
|-damage|p1a: Magnezone|115\/324
|-damage|p2a: Bisharp|1\/289 brn|[from] item: Life Orb
|move|p1a: Magnezone|Thunderbolt|p2a: Bisharp
|-damage|p2a: Bisharp|0 fnt
|faint|p2a: Bisharp
|
|
|switch|p2a: Metagross|Metagross-Mega|177\/301
|-damage|p2a: Metagross|159\/301|[from] Stealth Rock
|turn|18
|
|move|p2a: Metagross|Hammer Arm|p1a: Magnezone
|-supereffective|p1a: Magnezone
|-damage|p1a: Magnezone|0 fnt
|-unboost|p2a: Metagross|spe|1
|faint|p1a: Magnezone
|
|c|âInfernape01|Keldeo scarf je suppose
|c|âInfernape01|hum
|
|switch|p1a: Starmie|Starmie|177\/261
|-damage|p1a: Starmie|145\/261|[from] Stealth Rock
|turn|19
|c| DragoniT|scald tue?
|c|âHunter42000|nan mais ca burn
|c|âHunter42000|:p
|c|âInfernape01|si Ã§a tue7
|c|âInfernape01|lol
|c| DragoniT|pour Ã§a qu'il faut Hpomp sur starmie LO
|
|move|p1a: Starmie|Scald|p2a: Metagross
|-damage|p2a: Metagross|3\/301
|-status|p2a: Metagross|brn
|-damage|p1a: Starmie|119\/261|[from] item: Life Orb
|move|p2a: Metagross|Meteor Mash|p1a: Starmie
|-resisted|p1a: Starmie
|-damage|p1a: Starmie|54\/261
|
|-damage|p2a: Metagross|0 fnt|[from] brn
|faint|p2a: Metagross
|c|âInfernape01|lol
|c|âHunter42000|je t'avais dit
|c|âInfernape01|ce roll
|c|âInfernape01|tg
|
|switch|p2a: Keldeo-Resolute|Keldeo-Resolute|335\/335
|-damage|p2a: Keldeo-Resolute|315\/335|[from] Stealth Rock
|turn|20
|c|âInfernape01|si tu es scarf tu win
|
|move|p1a: Starmie|Psychic|p2a: Keldeo-Resolute
|-supereffective|p2a: Keldeo-Resolute
|-damage|p2a: Keldeo-Resolute|0 fnt
|-damage|p1a: Starmie|28\/261|[from] item: Life Orb
|faint|p2a: Keldeo-Resolute
|
|win|Infernape01
|raw|Ladder updating...
|c|âInfernape01|gg dans tous les cas
|raw|Infernape01's rating: 1453 &rarr; <strong>1474<\/strong><br \/>(+21 for winning)
|raw|Hunter42000's rating: 1486 &rarr; <strong>1464<\/strong><br \/>(-22 for losing)
|c|âInfernape01|bref je pense qu'on est mal partis
|c|âInfernape01|Tu es un bon joueur
|c|âInfernape01|donc gg
|c|âHunter42000|gg quand meme :)
|c|âInfernape01|a+
|c|âInfernape01|tu es sur jvc ?
|leave|Hunter42000
|player|p2
|c| DragoniT|ouais il est de jvc
|c|âInfernape01|ok bah je le connaissais pas
|c|âInfernape01|je savais pas qui y avait de bons joueurs
|c| DragoniT|il va venir tenter le defi aussi
|c|âInfernape01|Ã  part ceux que je connaissais
|c| DragoniT|c'est l'un des meilleur joueurs du fofo
|c|âInfernape01|bref il a bien jouÃ© il a juste fait l'erreur de laisser crever son lando
|leave|DragoniT