|join|ORAS ALT 2
|join|Robbenwithlasers
|player|p1|ORAS ALT 2|4
|player|p2|Robbenwithlasers|101
|gametype|singles
|gen|6
|tier|ORAS OU
|rated
|rule|Sleep Clause Mod: Limit one foe put to sleep
|rule|Species Clause: Limit one of each PokÃ©mon
|rule|OHKO Clause: OHKO moves are banned
|rule|Moody Clause: Moody is banned
|rule|Evasion Moves Clause: Evasion moves are banned
|rule|Endless Battle Clause: Forcing endless battles is banned
|rule|HP Percentage Mod: HP is shown in percentages
|clearpoke
|poke|p1|Bisharp, M
|poke|p1|Greninja, M
|poke|p1|Thundurus, M
|poke|p1|Salamence, F
|poke|p1|Azelf
|poke|p1|Diggersby, M
|poke|p2|Altaria, M
|poke|p2|Ferrothorn, M
|poke|p2|Terrakion
|poke|p2|Heatran, F
|poke|p2|Alomomola, M
|poke|p2|Landorus-Therian, M
|rule|Swagger Clause: Swagger is banned
|rule|Baton Pass Clause: Limit one PokÃ©mon knowing Baton Pass
|teampreview
|
|start
|switch|p1a: Azelf|Azelf|291\/291
|switch|p2a: Landorus-Therian|Landorus-Therian, M|320\/320
|-ability|p2a: Landorus-Therian|Intimidate|[of] p1a: Azelf
|-unboost|p1a: Azelf|atk|1
|turn|1
|
|move|p2a: Landorus-Therian|Knock Off|p1a: Azelf
|-supereffective|p1a: Azelf
|-enditem|p1a: Azelf|Focus Sash
|-damage|p1a: Azelf|1\/291
|move|p1a: Azelf|Stealth Rock|p2a: Landorus-Therian
|-sidestart|p2: Robbenwithlasers|move: Stealth Rock
|
|turn|2
|
|move|p2a: Landorus-Therian|Knock Off|p1a: Azelf
|-supereffective|p1a: Azelf
|-damage|p1a: Azelf|0 fnt
|faint|p1a: Azelf
|
|
|switch|p1a: Bisharp|Bisharp, M|271\/271
|turn|3
|
|switch|p2a: Ferrothorn|Ferrothorn, M|352\/352
|-damage|p2a: Ferrothorn|330\/352|[from] Stealth Rock
|move|p1a: Bisharp|Iron Head|p2a: Ferrothorn
|-resisted|p2a: Ferrothorn
|-damage|p2a: Ferrothorn|273\/352
|-damage|p1a: Bisharp|238\/271|[from] ability: Iron Barbs|[of] p2a: Ferrothorn
|-damage|p1a: Bisharp|211\/271|[from] item: Life Orb
|
|-heal|p2a: Ferrothorn|295\/352|[from] item: Leftovers
|turn|4
|
|move|p1a: Bisharp|Swords Dance|p1a: Bisharp
|-boost|p1a: Bisharp|atk|2
|move|p2a: Ferrothorn|Spikes|p1a: Bisharp
|-sidestart|p1: ORAS ALT 2|Spikes
|
|-heal|p2a: Ferrothorn|317\/352|[from] item: Leftovers
|turn|5
|
|move|p1a: Bisharp|Iron Head|p2a: Ferrothorn
|-resisted|p2a: Ferrothorn
|-damage|p2a: Ferrothorn|204\/352
|-damage|p1a: Bisharp|178\/271|[from] ability: Iron Barbs|[of] p2a: Ferrothorn
|-damage|p1a: Bisharp|151\/271|[from] item: Life Orb
|move|p2a: Ferrothorn|Leech Seed|p1a: Bisharp
|-start|p1a: Bisharp|move: Leech Seed
|
|-heal|p2a: Ferrothorn|226\/352|[from] item: Leftovers
|-damage|p1a: Bisharp|118\/271|[from] Leech Seed|[of] p2a: Ferrothorn
|-heal|p2a: Ferrothorn|259\/352|[silent]
|turn|6
|
|move|p2a: Ferrothorn|Protect|p2a: Ferrothorn
|-singleturn|p2a: Ferrothorn|Protect
|move|p1a: Bisharp|Knock Off|p2a: Ferrothorn
|-activate|p2a: Ferrothorn|Protect
|
|-heal|p2a: Ferrothorn|281\/352|[from] item: Leftovers
|-damage|p1a: Bisharp|85\/271|[from] Leech Seed|[of] p2a: Ferrothorn
|-heal|p2a: Ferrothorn|314\/352|[silent]
|turn|7
|
|move|p1a: Bisharp|Knock Off|p2a: Ferrothorn
|-damage|p2a: Ferrothorn|37\/352
|-damage|p1a: Bisharp|52\/271|[from] ability: Iron Barbs|[of] p2a: Ferrothorn
|-enditem|p2a: Ferrothorn|Leftovers|[from] move: Knock Off|[of] p1a: Bisharp
|-damage|p1a: Bisharp|25\/271|[from] item: Life Orb
|move|p2a: Ferrothorn|Power Whip|p1a: Bisharp
|-resisted|p1a: Bisharp
|-damage|p1a: Bisharp|0 fnt
|faint|p1a: Bisharp
|
|
|switch|p1a: Thundurus|Thundurus, M|299\/299
|turn|8
|
|move|p1a: Thundurus|Thunderbolt|p2a: Ferrothorn
|-resisted|p2a: Ferrothorn
|-damage|p2a: Ferrothorn|0 fnt
|-damage|p1a: Thundurus|270\/299|[from] item: Life Orb
|faint|p2a: Ferrothorn
|
|
|switch|p2a: Heatran|Heatran, F|386\/386
|-damage|p2a: Heatran|338\/386|[from] Stealth Rock
|turn|9
|
|move|p2a: Heatran|Protect|p2a: Heatran
|-singleturn|p2a: Heatran|Protect
|move|p1a: Thundurus|Focus Blast|p2a: Heatran
|-activate|p2a: Heatran|Protect
|
|-heal|p2a: Heatran|362\/386|[from] item: Leftovers
|turn|10
|
|move|p1a: Thundurus|Focus Blast|p2a: Heatran
|-supereffective|p2a: Heatran
|-damage|p2a: Heatran|118\/386
|-damage|p1a: Thundurus|241\/299|[from] item: Life Orb
|move|p2a: Heatran|Stealth Rock|p1a: Thundurus
|-sidestart|p1: ORAS ALT 2|move: Stealth Rock
|
|-heal|p2a: Heatran|142\/386|[from] item: Leftovers
|turn|11
|
|move|p2a: Heatran|Protect|p2a: Heatran
|-singleturn|p2a: Heatran|Protect
|move|p1a: Thundurus|Thunderbolt|p2a: Heatran
|-activate|p2a: Heatran|Protect
|
|-heal|p2a: Heatran|166\/386|[from] item: Leftovers
|turn|12
|
|move|p1a: Thundurus|Thunderbolt|p2a: Heatran
|-damage|p2a: Heatran|20\/386
|-damage|p1a: Thundurus|212\/299|[from] item: Life Orb
|move|p2a: Heatran|Lava Plume|p1a: Thundurus
|-damage|p1a: Thundurus|76\/299
|
|-heal|p2a: Heatran|44\/386|[from] item: Leftovers
|turn|13
|
|move|p2a: Heatran|Protect|p2a: Heatran
|-singleturn|p2a: Heatran|Protect
|move|p1a: Thundurus|Thunderbolt|p2a: Heatran
|-activate|p2a: Heatran|Protect
|
|-heal|p2a: Heatran|68\/386|[from] item: Leftovers
|turn|14
|
|move|p2a: Heatran|Protect|p2a: Heatran
|-fail|p2a: Heatran
|move|p1a: Thundurus|Thunderbolt|p2a: Heatran
|-crit|p2a: Heatran
|-damage|p2a: Heatran|0 fnt
|-damage|p1a: Thundurus|47\/299|[from] item: Life Orb
|faint|p2a: Heatran
|
|
|switch|p2a: Landorus-Therian|Landorus-Therian, M|320\/320
|-damage|p2a: Landorus-Therian|280\/320|[from] Stealth Rock
|-ability|p2a: Landorus-Therian|Intimidate|[of] p1a: Thundurus
|-unboost|p1a: Thundurus|atk|1
|turn|15
|
|move|p2a: Landorus-Therian|U-turn|p1a: Thundurus
|-resisted|p1a: Thundurus
|-damage|p1a: Thundurus|0 fnt
|faint|p1a: Thundurus
|
|switch|p2a: Terrakion|Terrakion|323\/323
|-damage|p2a: Terrakion|303\/323|[from] Stealth Rock
|
|
|switch|p1a: Greninja|Greninja, M|285\/285
|-damage|p1a: Greninja|250\/285|[from] Spikes
|-damage|p1a: Greninja|215\/285|[from] Stealth Rock
|turn|16
|
|switch|p2a: Altaria|Altaria, M|331\/331
|-damage|p2a: Altaria|249\/331|[from] Stealth Rock
|move|p1a: Greninja|Hydro Pump|p2a: Altaria
|-resisted|p2a: Altaria
|-damage|p2a: Altaria|150\/331
|-damage|p1a: Greninja|187\/285|[from] item: Life Orb
|
|turn|17
|
|detailschange|p2a: Altaria|Altaria-Mega, M
|message|Altaria has Mega Evolved into Mega Altaria!
|move|p1a: Greninja|Ice Beam|p2a: Altaria
|-supereffective|p2a: Altaria
|-damage|p2a: Altaria|0 fnt
|-damage|p1a: Greninja|159\/285|[from] item: Life Orb
|faint|p2a: Altaria
|
|
|switch|p2a: Landorus-Therian|Landorus-Therian, M|280\/320
|-damage|p2a: Landorus-Therian|240\/320|[from] Stealth Rock
|-ability|p2a: Landorus-Therian|Intimidate|[of] p1a: Greninja
|-unboost|p1a: Greninja|atk|1
|turn|18
|
|move|p2a: Landorus-Therian|U-turn|p1a: Greninja
|-supereffective|p1a: Greninja
|-damage|p1a: Greninja|0 fnt
|faint|p1a: Greninja
|
|switch|p2a: Terrakion|Terrakion|303\/323
|-damage|p2a: Terrakion|283\/323|[from] Stealth Rock
|
|
|switch|p1a: Diggersby|Diggersby, M|312\/312
|-damage|p1a: Diggersby|293\/312|[from] Stealth Rock
|-damage|p1a: Diggersby|254\/312|[from] Spikes
|turn|19
|
|move|p2a: Terrakion|Close Combat|p1a: Diggersby
|-supereffective|p1a: Diggersby
|-damage|p1a: Diggersby|0 fnt
|-unboost|p2a: Terrakion|def|1
|-unboost|p2a: Terrakion|spd|1
|faint|p1a: Diggersby
|
|
|switch|p1a: Salamence|Salamence, F|361\/361
|-damage|p1a: Salamence|271\/361|[from] Stealth Rock
|-ability|p1a: Salamence|Intimidate|[of] p2a: Terrakion
|-unboost|p2a: Terrakion|atk|1
|turn|20
|
|switch|p2a: Alomomola|Alomomola, M|534\/534
|-damage|p2a: Alomomola|468\/534|[from] Stealth Rock
|detailschange|p1a: Salamence|Salamence-Mega, F
|message|Salamence has Mega Evolved into Mega Salamence!
|move|p1a: Salamence|Substitute|p1a: Salamence
|-start|p1a: Salamence|Substitute
|-damage|p1a: Salamence|181\/361
|
|-heal|p2a: Alomomola|501\/534|[from] item: Leftovers
|turn|21
|
|move|p1a: Salamence|Dragon Dance|p1a: Salamence
|-boost|p1a: Salamence|atk|1
|-boost|p1a: Salamence|spe|1
|move|p2a: Alomomola|Ice Beam|p1a: Salamence
|-supereffective|p1a: Salamence
|-end|p1a: Salamence|Substitute
|
|-heal|p2a: Alomomola|534\/534|[from] item: Leftovers
|turn|22
|
|move|p1a: Salamence|Roost|p1a: Salamence
|-heal|p1a: Salamence|361\/361
|move|p2a: Alomomola|Ice Beam|p1a: Salamence
|-supereffective|p1a: Salamence
|-damage|p1a: Salamence|281\/361
|
|turn|23
|
|move|p1a: Salamence|Dragon Dance|p1a: Salamence
|-boost|p1a: Salamence|atk|1
|-boost|p1a: Salamence|spe|1
|move|p2a: Alomomola|Ice Beam|p1a: Salamence
|-supereffective|p1a: Salamence
|-damage|p1a: Salamence|125\/361
|
|turn|24
|
|move|p1a: Salamence|Roost|p1a: Salamence
|-heal|p1a: Salamence|306\/361
|move|p2a: Alomomola|Scald|p1a: Salamence
|-resisted|p1a: Salamence
|-damage|p1a: Salamence|279\/361
|
|turn|25
|
|move|p1a: Salamence|Substitute|p1a: Salamence
|-start|p1a: Salamence|Substitute
|-damage|p1a: Salamence|189\/361
|move|p2a: Alomomola|Scald|p1a: Salamence
|-resisted|p1a: Salamence
|-activate|p1a: Salamence|Substitute|[damage]
|
|turn|26
|
|move|p1a: Salamence|Frustration|p2a: Alomomola
|-damage|p2a: Alomomola|50\/534
|move|p2a: Alomomola|Ice Beam|p1a: Salamence
|-supereffective|p1a: Salamence
|-end|p1a: Salamence|Substitute
|
|-heal|p2a: Alomomola|83\/534|[from] item: Leftovers
|turn|27
|
|switch|p2a: Landorus-Therian|Landorus-Therian, M|240\/320
|-damage|p2a: Landorus-Therian|200\/320|[from] Stealth Rock
|-ability|p2a: Landorus-Therian|Intimidate|[of] p1a: Salamence
|-unboost|p1a: Salamence|atk|1
|move|p1a: Salamence|Frustration|p2a: Landorus-Therian
|-damage|p2a: Landorus-Therian|0 fnt
|faint|p2a: Landorus-Therian
|
|
|switch|p2a: Alomomola|Alomomola, M|261\/534
|-damage|p2a: Alomomola|195\/534|[from] Stealth Rock
|turn|28
|
|switch|p2a: Terrakion|Terrakion|283\/323
|-damage|p2a: Terrakion|263\/323|[from] Stealth Rock
|move|p1a: Salamence|Frustration|p2a: Terrakion
|-damage|p2a: Terrakion|0 fnt
|faint|p2a: Terrakion
|
|
|switch|p2a: Alomomola|Alomomola, M|373\/534
|-damage|p2a: Alomomola|307\/534|[from] Stealth Rock
|turn|29
|
|move|p2a: Alomomola|Protect|p2a: Alomomola
|-singleturn|p2a: Alomomola|Protect
|move|p1a: Salamence|Frustration|p2a: Alomomola
|-activate|p2a: Alomomola|Protect
|
|-heal|p2a: Alomomola|340\/534|[from] item: Leftovers
|turn|30
|
|move|p1a: Salamence|Frustration|p2a: Alomomola
|-damage|p2a: Alomomola|0 fnt
|faint|p2a: Alomomola
|
|win|ORAS ALT 2
|raw|Ladder updating...
|c|âORAS ALT 2|gg