|join|Robbenwithlasers
|join|Xelx
|player|p1|Robbenwithlasers|265
|player|p2|Xelx|1
|gametype|singles
|gen|6
|tier|OU
|rated
|clearpoke
|poke|p1|Mew
|poke|p1|Greninja, F
|poke|p1|Heatran, F
|poke|p1|Raikou
|poke|p1|Venusaur, F
|poke|p1|Landorus-Therian, M
|poke|p2|Scizor, M
|poke|p2|Terrakion
|poke|p2|Kabutops, F
|poke|p2|Kingdra, F
|poke|p2|Politoed, M
|poke|p2|Latias, F
|rule|Swagger Clause: Swagger is banned
|rule|Baton Pass Clause: Limit one PokÃ©mon knowing Baton Pass
|rule|Sleep Clause Mod: Limit one foe put to sleep
|rule|Species Clause: Limit one of each PokÃ©mon
|rule|OHKO Clause: OHKO moves are banned
|rule|Moody Clause: Moody is banned
|rule|Evasion Moves Clause: Evasion moves are banned
|rule|Endless Battle Clause: Forcing endless battles is banned
|rule|HP Percentage Mod: HP is shown in percentages
|teampreview
Xelx turned on modjoin.
|raw|<div class="broadcast-red"><b>Moderated chat was set to +!<\/b><br \/>Only users of rank + and higher can talk.<\/div>
Xelx made this room private.
|
|start
|switch|p1a: Landorus-Therian|Landorus-Therian, M|319\/319
|switch|p2a: Terrakion|Terrakion|323\/323
|-ability|p1a: Landorus-Therian|Intimidate|[of] p2a: Terrakion
|-unboost|p2a: Terrakion|atk|1
|turn|1
|
|move|p1a: Landorus-Therian|Earthquake|p2a: Terrakion
|-supereffective|p2a: Terrakion
|-enditem|p2a: Terrakion|Focus Sash
|-damage|p2a: Terrakion|1\/323
|move|p2a: Terrakion|Stealth Rock|p1a: Landorus-Therian
|-sidestart|p1: Robbenwithlasers|move: Stealth Rock
|
|turn|2
|
|move|p1a: Landorus-Therian|Earthquake|p2a: Terrakion
|-supereffective|p2a: Terrakion
|-damage|p2a: Terrakion|0 fnt
|faint|p2a: Terrakion
|
|
|switch|p2a: Latias|Latias, F|319\/319
|turn|3
|
|switch|p1a: Heatran|Heatran, F|385\/385
|-damage|p1a: Heatran|337\/385|[from] Stealth Rock
|switch|p2a: Politoed|Politoed, M|384\/384
|-weather|RainDance
|
|-weather|RainDance|[upkeep]
|-heal|p1a: Heatran|361\/385|[from] item: Leftovers
|turn|4
|
|move|p1a: Heatran|Stealth Rock|p2a: Politoed
|-sidestart|p2: Xelx|move: Stealth Rock
|move|p2a: Politoed|Hypnosis|p1a: Heatran|[miss]
|-miss|p2a: Politoed|p1a: Heatran
|
|-weather|RainDance|[upkeep]
|-heal|p1a: Heatran|385\/385|[from] item: Leftovers
|turn|5
|
|move|p1a: Heatran|Toxic|p2a: Politoed
|-status|p2a: Politoed|tox
|move|p2a: Politoed|Scald|p1a: Heatran
|-supereffective|p1a: Heatran
|-damage|p1a: Heatran|167\/385
|
|-weather|RainDance|[upkeep]
|-heal|p1a: Heatran|191\/385|[from] item: Leftovers
|-damage|p2a: Politoed|360\/384 tox|[from] psn
|turn|6
|
|switch|p2a: Kabutops|Kabutops, F|261\/261
|-damage|p2a: Kabutops|229\/261|[from] Stealth Rock
|move|p1a: Heatran|Taunt|p2a: Kabutops
|-start|p2a: Kabutops|move: Taunt
|
|-weather|RainDance|[upkeep]
|-heal|p1a: Heatran|215\/385|[from] item: Leftovers
|turn|7
|
|move|p2a: Kabutops|Waterfall|p1a: Heatran
|-supereffective|p1a: Heatran
|-damage|p1a: Heatran|0 fnt
|-damage|p2a: Kabutops|203\/261|[from] item: Life Orb
|faint|p1a: Heatran
|
|-weather|RainDance|[upkeep]
|
|switch|p1a: Venusaur|Venusaur, F|341\/341
|-damage|p1a: Venusaur|299\/341|[from] Stealth Rock
|turn|8
|
|detailschange|p1a: Venusaur|Venusaur-Mega, F
|message|Venusaur has Mega Evolved into Mega Venusaur!
|move|p2a: Kabutops|Waterfall|p1a: Venusaur
|-resisted|p1a: Venusaur
|-damage|p1a: Venusaur|190\/341
|-damage|p2a: Kabutops|177\/261|[from] item: Life Orb
|move|p1a: Venusaur|Giga Drain|p2a: Kabutops
|-supereffective|p2a: Kabutops
|-damage|p2a: Kabutops|0 fnt
|-heal|p1a: Venusaur|279\/341|[from] drain|[of] p2a: Kabutops
|faint|p2a: Kabutops
|
|-weather|RainDance|[upkeep]
|
|switch|p2a: Scizor|Scizor, M|344\/344
|-damage|p2a: Scizor|301\/344|[from] Stealth Rock
|turn|9
|
|detailschange|p2a: Scizor|Scizor-Mega, M
|message|Scizor has Mega Evolved into Mega Scizor!
|move|p1a: Venusaur|Hidden Power|p2a: Scizor
|-supereffective|p2a: Scizor
|-damage|p2a: Scizor|165\/344
|move|p2a: Scizor|Swords Dance|p2a: Scizor
|-boost|p2a: Scizor|atk|2
|
|-weather|RainDance|[upkeep]
|turn|10
|
|move|p1a: Venusaur|Hidden Power|p2a: Scizor
|-supereffective|p2a: Scizor
|-damage|p2a: Scizor|25\/344
|move|p2a: Scizor|Swords Dance|p2a: Scizor
|-boost|p2a: Scizor|atk|2
|
|-weather|none
|turn|11
|
|move|p2a: Scizor|Bullet Punch|p1a: Venusaur
|-damage|p1a: Venusaur|0 fnt
|faint|p1a: Venusaur
|
|
|switch|p1a: Mew|Mew|403\/403
|-damage|p1a: Mew|353\/403|[from] Stealth Rock
|turn|12
|
|move|p2a: Scizor|Bullet Punch|p1a: Mew
|-damage|p1a: Mew|0 fnt
|faint|p1a: Mew
|
|
|switch|p1a: Landorus-Therian|Landorus-Therian, M|319\/319
|-damage|p1a: Landorus-Therian|280\/319|[from] Stealth Rock
|-ability|p1a: Landorus-Therian|Intimidate|[of] p2a: Scizor
|-unboost|p2a: Scizor|atk|1
|turn|13
|
|move|p2a: Scizor|Bullet Punch|p1a: Landorus-Therian
|-damage|p1a: Landorus-Therian|0 fnt
|faint|p1a: Landorus-Therian
|
|
|switch|p1a: Raikou|Raikou|321\/321
|-damage|p1a: Raikou|281\/321|[from] Stealth Rock
|-ability|p1a: Raikou|Pressure
|turn|14
|
|move|p2a: Scizor|Bullet Punch|p1a: Raikou
|-resisted|p1a: Raikou
|-damage|p1a: Raikou|83\/321
|move|p1a: Raikou|Thunderbolt|p2a: Scizor
|-damage|p2a: Scizor|0 fnt
|faint|p2a: Scizor
|
|
|switch|p2a: Politoed|Politoed, M|360\/384 tox
|-damage|p2a: Politoed|312\/384 tox|[from] Stealth Rock
|-weather|RainDance
|turn|15
|
|move|p1a: Raikou|Thunderbolt|p2a: Politoed
|-supereffective|p2a: Politoed
|-damage|p2a: Politoed|84\/384 tox
|move|p2a: Politoed|Scald|p1a: Raikou
|-damage|p1a: Raikou|0 fnt
|faint|p1a: Raikou
|
|-weather|RainDance|[upkeep]
|-damage|p2a: Politoed|60\/384 tox|[from] psn
|
|switch|p1a: Greninja|Greninja, F|285\/285
|-damage|p1a: Greninja|250\/285|[from] Stealth Rock
|turn|16
|-message|Robbenwithlasers forfeited.
|
|win|Xelx
|raw|Ladder updating...
|leave|Robbenwithlasers
|player|p1
|raw|Robbenwithlasers's rating: 1683 &rarr; <strong>1659<\/strong><br \/>(-24 for losing)
|raw|Xelx's rating: 1600 &rarr; <strong>1624<\/strong><br \/>(+24 for winning)
|c|âXelx|GG