|join|Quicksilverr
|join|Robbenwithlasers
|player|p1|Quicksilverr|170
|player|p2|Robbenwithlasers|266
|gametype|singles
|gen|6
|tier|OU
|rated
|clearpoke
|poke|p1|Bisharp, M
|poke|p1|Breloom, M
|poke|p1|Charizard, M
|poke|p1|Garchomp, F
|poke|p1|Azumarill, F
|poke|p1|Latias, F
|poke|p2|Mew
|poke|p2|Greninja, M
|poke|p2|Heatran, F
|poke|p2|Raikou
|poke|p2|Venusaur, M
|poke|p2|Landorus-Therian, M
|rule|Swagger Clause: Swagger is banned
|rule|Baton Pass Clause: Limit one PokÃ©mon knowing Baton Pass
|rule|Sleep Clause Mod: Limit one foe put to sleep
|rule|Species Clause: Limit one of each PokÃ©mon
|rule|OHKO Clause: OHKO moves are banned
|rule|Moody Clause: Moody is banned
|rule|Evasion Moves Clause: Evasion moves are banned
|rule|Endless Battle Clause: Forcing endless battles is banned
|rule|HP Percentage Mod: HP is shown in percentages
|teampreview
|c|âQuicksilverr|s]
|
|start
|switch|p1a: Charizard|Charizard, M|307\/307
|switch|p2a: Venusaur|Venusaur, M|341\/341
|turn|1
|
|detailschange|p1a: Charizard|Charizard-Mega-X, M
|message|Charizard has Mega Evolved into Mega Charizard!
|detailschange|p2a: Venusaur|Venusaur-Mega, M
|message|Venusaur has Mega Evolved into Mega Venusaur!
|move|p1a: Charizard|Dragon Dance|p1a: Charizard
|-boost|p1a: Charizard|atk|1
|-boost|p1a: Charizard|spe|1
|move|p2a: Venusaur|Sludge Bomb|p1a: Charizard
|-damage|p1a: Charizard|112\/307
|
|turn|2
|
|move|p1a: Charizard|Roost|p1a: Charizard
|-heal|p1a: Charizard|266\/307
|move|p2a: Venusaur|Sludge Bomb|p1a: Charizard
|-crit|p1a: Charizard
|-damage|p1a: Charizard|0 fnt
|faint|p1a: Charizard
|
|
|switch|p1a: Latias|Latias, F|301\/301
|turn|3
|
|switch|p2a: Heatran|Heatran, F|385\/385
|move|p1a: Latias|Psyshock|p2a: Heatran
|-resisted|p2a: Heatran
|-damage|p2a: Heatran|323\/385
|-damage|p1a: Latias|271\/301|[from] item: Life Orb
|
|-heal|p2a: Heatran|347\/385|[from] item: Leftovers
|turn|4
|
|switch|p1a: Garchomp|Garchomp, F|357\/357
|move|p2a: Heatran|Stealth Rock|p1a: Garchomp
|-sidestart|p1: Quicksilverr|move: Stealth Rock
|
|-heal|p2a: Heatran|371\/385|[from] item: Leftovers
|turn|5
|
|switch|p2a: Mew|Mew|403\/403
|move|p1a: Garchomp|Swords Dance|p1a: Garchomp
|-boost|p1a: Garchomp|atk|2
|
|turn|6
|
|move|p1a: Garchomp|Outrage|p2a: Mew
|-damage|p2a: Mew|7\/403
|move|p2a: Mew|Will-O-Wisp|p1a: Garchomp
|-status|p1a: Garchomp|brn
|
|-heal|p2a: Mew|32\/403|[from] item: Leftovers
|-damage|p1a: Garchomp|313\/357 brn|[from] brn
|turn|7
|
|move|p1a: Garchomp|Outrage|p2a: Mew
|-damage|p2a: Mew|0 fnt
|faint|p2a: Mew
|
|-end|p1a: Garchomp|rampage
|-start|p1a: Garchomp|confusion
|-damage|p1a: Garchomp|269\/357 brn|[from] brn
|
|switch|p2a: Greninja|Greninja, M|285\/285
|turn|8
|
|move|p2a: Greninja|Ice Beam|p1a: Garchomp
|-start|p2a: Greninja|typechange|Ice|[from] Protean
|-supereffective|p1a: Garchomp
|-damage|p1a: Garchomp|0 fnt
|-damage|p2a: Greninja|257\/285|[from] item: Life Orb
|faint|p1a: Garchomp
|
|
|switch|p1a: Azumarill|Azumarill, F|342\/342
|-damage|p1a: Azumarill|300\/342|[from] Stealth Rock
|turn|9
|
|move|p2a: Greninja|Spikes|p1a: Azumarill
|-start|p2a: Greninja|typechange|Ground|[from] Protean
|-sidestart|p1: Quicksilverr|Spikes
|move|p1a: Azumarill|Play Rough|p2a: Greninja
|-damage|p2a: Greninja|0 fnt
|faint|p2a: Greninja
|
|
|switch|p2a: Venusaur|Venusaur-Mega, M|341\/341
|turn|10
|
|switch|p1a: Latias|Latias, F|271\/301
|-damage|p1a: Latias|234\/301|[from] Stealth Rock
|move|p2a: Venusaur|Sludge Bomb|p1a: Latias
|-damage|p1a: Latias|108\/301
|
|turn|11
|
|switch|p2a: Raikou|Raikou|321\/321
|-ability|p2a: Raikou|Pressure
|move|p1a: Latias|Defog|p2a: Raikou
|-unboost|p2a: Raikou|evasion|1
|-sideend|p1: Quicksilverr|Spikes|[from] move: Defog|[of] p1a: Latias
|-sideend|p1: Quicksilverr|Stealth Rock|[from] move: Defog|[of] p1a: Latias
|
|turn|12
|
|move|p2a: Raikou|Shadow Ball|p1a: Latias
|-supereffective|p1a: Latias
|-damage|p1a: Latias|0 fnt
|faint|p1a: Latias
|
|
|switch|p1a: Bisharp|Bisharp, M|271\/271
|turn|13
|
|move|p2a: Raikou|Volt Switch|p1a: Bisharp
|-damage|p1a: Bisharp|129\/271
|
|switch|p2a: Venusaur|Venusaur-Mega, M|341\/341
|move|p1a: Bisharp|Swords Dance|p1a: Bisharp
|-boost|p1a: Bisharp|atk|2
|
|turn|14
|
|move|p1a: Bisharp|Iron Head|p2a: Venusaur
|-damage|p2a: Venusaur|94\/341
|move|p2a: Venusaur|Hidden Power|p1a: Bisharp
|-supereffective|p1a: Bisharp
|-damage|p1a: Bisharp|0 fnt
|faint|p1a: Bisharp
|
|
|switch|p1a: Breloom|Breloom, M|261\/261
|turn|15
|
|switch|p2a: Landorus-Therian|Landorus-Therian, M|319\/319
|-ability|p2a: Landorus-Therian|Intimidate|[of] p1a: Breloom
|-unboost|p1a: Breloom|atk|1
|move|p1a: Breloom|Swords Dance|p1a: Breloom
|-boost|p1a: Breloom|atk|2
|
|turn|16
|
|move|p2a: Landorus-Therian|Earthquake|p1a: Breloom
|-resisted|p1a: Breloom
|-damage|p1a: Breloom|148\/261
|move|p1a: Breloom|Swords Dance|p1a: Breloom
|-boost|p1a: Breloom|atk|2
|
|turn|17
|
|move|p2a: Landorus-Therian|Earthquake|p1a: Breloom
|-resisted|p1a: Breloom
|-damage|p1a: Breloom|31\/261
|move|p1a: Breloom|Spore|p2a: Landorus-Therian
|-status|p2a: Landorus-Therian|slp
|
|turn|18
|
|cant|p2a: Landorus-Therian|slp
|move|p1a: Breloom|Swords Dance|p1a: Breloom
|-boost|p1a: Breloom|atk|2
|
|turn|19
|
|-curestatus|p2a: Landorus-Therian|slp
|move|p2a: Landorus-Therian|Earthquake|p1a: Breloom
|-resisted|p1a: Breloom
|-damage|p1a: Breloom|0 fnt
|faint|p1a: Breloom
|
|
|switch|p1a: Azumarill|Azumarill, F|300\/342
|turn|20
|
|move|p2a: Landorus-Therian|Earthquake|p1a: Azumarill
|-damage|p1a: Azumarill|87\/342
|-enditem|p1a: Azumarill|Sitrus Berry|[eat]
|-heal|p1a: Azumarill|172\/342|[from] item: Sitrus Berry
|move|p1a: Azumarill|Belly Drum|p1a: Azumarill
|-damage|p1a: Azumarill|1\/342
|-setboost|p1a: Azumarill|atk|6|[from] move: Belly Drum
|
|turn|21
|
|switch|p2a: Heatran|Heatran, F|371\/385
|move|p1a: Azumarill|Aqua Jet|p2a: Heatran
|-supereffective|p2a: Heatran
|-damage|p2a: Heatran|0 fnt
|faint|p2a: Heatran
|
|
|switch|p2a: Landorus-Therian|Landorus-Therian, M|319\/319
|-ability|p2a: Landorus-Therian|Intimidate|[of] p1a: Azumarill
|-unboost|p1a: Azumarill|atk|1
|turn|22
|
|switch|p2a: Raikou|Raikou|321\/321
|-ability|p2a: Raikou|Pressure
|move|p1a: Azumarill|Aqua Jet|p2a: Raikou
|-damage|p2a: Raikou|0 fnt
|faint|p2a: Raikou
|
|
|switch|p2a: Landorus-Therian|Landorus-Therian, M|319\/319
|-ability|p2a: Landorus-Therian|Intimidate|[of] p1a: Azumarill
|-unboost|p1a: Azumarill|atk|1
|turn|23
|
|move|p1a: Azumarill|Aqua Jet|p2a: Landorus-Therian
|-supereffective|p2a: Landorus-Therian
|-damage|p2a: Landorus-Therian|0 fnt
|faint|p2a: Landorus-Therian
|
|
|switch|p2a: Venusaur|Venusaur-Mega, M|94\/341
|turn|24
|
|move|p1a: Azumarill|Aqua Jet|p2a: Venusaur
|-resisted|p2a: Venusaur
|-damage|p2a: Venusaur|0 fnt
|faint|p2a: Venusaur
|
|win|Quicksilverr
|raw|Ladder updating...
|raw|Quicksilverr's rating: 1788 &rarr; <strong>1802<\/strong><br \/>(+14 for winning)
|raw|Robbenwithlasers's rating: 1676 &rarr; <strong>1662<\/strong><br \/>(-14 for losing)
|leave|Robbenwithlasers
|player|p2
|c|âQuicksilverr|1hp