|join|Robbenwithlasers
|join|dont know why
|player|p1|Robbenwithlasers|265
|player|p2|dont know why|1
|gametype|singles
|gen|6
|tier|OU
|rated
|clearpoke
|poke|p1|Azumarill, M
|poke|p1|Bisharp, M
|poke|p1|Venusaur, M
|poke|p1|Garchomp, F
|poke|p1|Terrakion
|poke|p1|Thundurus, M
|poke|p2|Azumarill, F
|poke|p2|Talonflame, M
|poke|p2|Landorus-Therian, M
|poke|p2|Ferrothorn, F
|poke|p2|Heracross, F
|poke|p2|Latias, F
|rule|Swagger Clause: Swagger is banned
|rule|Baton Pass Clause: Limit one PokÃ©mon knowing Baton Pass
|rule|Sleep Clause Mod: Limit one foe put to sleep
|rule|Species Clause: Limit one of each PokÃ©mon
|rule|OHKO Clause: OHKO moves are banned
|rule|Moody Clause: Moody is banned
|rule|Evasion Moves Clause: Evasion moves are banned
|rule|Endless Battle Clause: Forcing endless battles is banned
|rule|HP Percentage Mod: HP is shown in percentages
|teampreview
|
|start
|switch|p1a: Thundurus|Thundurus, M|300\/300
|switch|p2a: Heracross|Heracross, F|301\/301
|turn|1
|
|switch|p2a: Ferrothorn|Ferrothorn, F|351\/351
|move|p1a: Thundurus|Thunderbolt|p2a: Ferrothorn
|-resisted|p2a: Ferrothorn
|-damage|p2a: Ferrothorn|286\/351
|-damage|p1a: Thundurus|270\/300|[from] item: Life Orb
|
|-heal|p2a: Ferrothorn|307\/351|[from] item: Leftovers
|turn|2
|
|move|p1a: Thundurus|Focus Blast|p2a: Ferrothorn
|-supereffective|p2a: Ferrothorn
|-damage|p2a: Ferrothorn|76\/351
|-damage|p1a: Thundurus|240\/300|[from] item: Life Orb
|move|p2a: Ferrothorn|Gyro Ball|p1a: Thundurus
|-resisted|p1a: Thundurus
|-damage|p1a: Thundurus|132\/300
|
|-heal|p2a: Ferrothorn|97\/351|[from] item: Leftovers
|turn|3
|
|switch|p1a: Venusaur|Venusaur, M|361\/361
|move|p2a: Ferrothorn|Knock Off|p1a: Venusaur
|-damage|p1a: Venusaur|304\/361
|
|-heal|p2a: Ferrothorn|118\/351|[from] item: Leftovers
|turn|4
|
|detailschange|p1a: Venusaur|Venusaur-Mega, M
|message|Venusaur has Mega Evolved into Mega Venusaur!
|move|p2a: Ferrothorn|Protect|p2a: Ferrothorn
|-singleturn|p2a: Ferrothorn|Protect
|move|p1a: Venusaur|Hidden Power|p2a: Ferrothorn
|-activate|p2a: Ferrothorn|Protect
|
|-heal|p2a: Ferrothorn|139\/351|[from] item: Leftovers
|turn|5
|
|switch|p2a: Latias|Latias, F|319\/319
|move|p1a: Venusaur|Hidden Power|p2a: Latias
|-resisted|p2a: Latias
|-damage|p2a: Latias|289\/319
|
|turn|6
|
|switch|p2a: Azumarill|Azumarill, F|401\/401
|switch|p1a: Bisharp|Bisharp, M|272\/272
|
|turn|7
|
|switch|p1a: Venusaur|Venusaur-Mega, M|304\/361
|move|p2a: Azumarill|Play Rough|p1a: Venusaur
|-resisted|p1a: Venusaur
|-damage|p1a: Venusaur|226\/361
|
|turn|8
|
|switch|p2a: Landorus-Therian|Landorus-Therian, M|381\/381
|-ability|p2a: Landorus-Therian|Intimidate|[of] p1a: Venusaur
|-unboost|p1a: Venusaur|atk|1
|move|p1a: Venusaur|Sludge Bomb|p2a: Landorus-Therian
|-resisted|p2a: Landorus-Therian
|-damage|p2a: Landorus-Therian|281\/381
|
|-heal|p2a: Landorus-Therian|304\/381|[from] item: Leftovers
|turn|9
|
|move|p2a: Landorus-Therian|Stealth Rock|p1a: Venusaur
|-sidestart|p1: Robbenwithlasers|move: Stealth Rock
|move|p1a: Venusaur|Giga Drain|p2a: Landorus-Therian
|-damage|p2a: Landorus-Therian|148\/381
|-heal|p1a: Venusaur|304\/361|[from] drain|[of] p2a: Landorus-Therian
|
|-heal|p2a: Landorus-Therian|171\/381|[from] item: Leftovers
|turn|10
|
|move|p2a: Landorus-Therian|U-turn|p1a: Venusaur
|-damage|p1a: Venusaur|244\/361
|
|switch|p2a: Talonflame|Talonflame, M|327\/327
|move|p1a: Venusaur|Giga Drain|p2a: Talonflame
|-resisted|p2a: Talonflame
|-damage|p2a: Talonflame|283\/327
|-heal|p1a: Venusaur|266\/361|[from] drain|[of] p2a: Talonflame
|
|turn|11
|
|move|p2a: Talonflame|Brave Bird|p1a: Venusaur
|-supereffective|p1a: Venusaur
|-damage|p1a: Venusaur|0 fnt
|-damage|p2a: Talonflame|195\/327|[from] recoil|[of] p1a: Venusaur
|faint|p1a: Venusaur
|
|
|switch|p1a: Garchomp|Garchomp, F|357\/357
|-damage|p1a: Garchomp|335\/357|[from] Stealth Rock
|turn|12
|
|switch|p2a: Landorus-Therian|Landorus-Therian, M|171\/381
|-ability|p2a: Landorus-Therian|Intimidate|[of] p1a: Garchomp
|-unboost|p1a: Garchomp|atk|1
|move|p1a: Garchomp|Swords Dance|p1a: Garchomp
|-boost|p1a: Garchomp|atk|2
|
|-heal|p2a: Landorus-Therian|194\/381|[from] item: Leftovers
|turn|13
|
|switch|p2a: Ferrothorn|Ferrothorn, F|139\/351
|move|p1a: Garchomp|Outrage|p2a: Ferrothorn
|-resisted|p2a: Ferrothorn
|-damage|p2a: Ferrothorn|23\/351
|-damage|p1a: Garchomp|291\/357|[from] ability: Iron Barbs|[of] p2a: Ferrothorn
|
|-heal|p2a: Ferrothorn|44\/351|[from] item: Leftovers
|turn|14
|
|switch|p2a: Azumarill|Azumarill, F|401\/401
|move|p1a: Garchomp|Outrage|p2a: Azumarill
|-immune|p2a: Azumarill|[msg]
|
|-end|p1a: Garchomp|rampage
|-start|p1a: Garchomp|confusion
|turn|15
|
|-activate|p1a: Garchomp|confusion
|-damage|p1a: Garchomp|211\/357|[from] confusion
|move|p2a: Azumarill|Play Rough|p1a: Garchomp
|-crit|p1a: Garchomp
|-supereffective|p1a: Garchomp
|-damage|p1a: Garchomp|0 fnt
|-damage|p2a: Azumarill|351\/401|[from] ability: Rough Skin|[of] p1a: Garchomp
|faint|p1a: Garchomp
|
|
|switch|p1a: Terrakion|Terrakion|323\/323
|-damage|p1a: Terrakion|303\/323|[from] Stealth Rock
|turn|16
|
|switch|p2a: Landorus-Therian|Landorus-Therian, M|194\/381
|-ability|p2a: Landorus-Therian|Intimidate|[of] p1a: Terrakion
|-unboost|p1a: Terrakion|atk|1
|move|p1a: Terrakion|Stealth Rock|p2a: Landorus-Therian
|-sidestart|p2: dont know why|move: Stealth Rock
|
|-heal|p2a: Landorus-Therian|217\/381|[from] item: Leftovers
|turn|17
|
|move|p1a: Terrakion|Stone Edge|p2a: Landorus-Therian
|-damage|p2a: Landorus-Therian|118\/381
|move|p2a: Landorus-Therian|Earthquake|p1a: Terrakion
|-supereffective|p1a: Terrakion
|-damage|p1a: Terrakion|0 fnt
|faint|p1a: Terrakion
|
|-heal|p2a: Landorus-Therian|141\/381|[from] item: Leftovers
|
|switch|p1a: Bisharp|Bisharp, M|272\/272
|-damage|p1a: Bisharp|255\/272|[from] Stealth Rock
|turn|18
|
|move|p1a: Bisharp|Knock Off|p2a: Landorus-Therian
|-damage|p2a: Landorus-Therian|0 fnt
|-enditem|p2a: Landorus-Therian|Leftovers|[from] move: Knock Off|[of] p1a: Bisharp
|-damage|p1a: Bisharp|228\/272|[from] item: Life Orb
|faint|p2a: Landorus-Therian
|
|
|switch|p2a: Heracross|Heracross, F|301\/301
|-damage|p2a: Heracross|264\/301|[from] Stealth Rock
|turn|19
|
|switch|p1a: Thundurus|Thundurus, M|132\/300
|-damage|p1a: Thundurus|57\/300|[from] Stealth Rock
|detailschange|p2a: Heracross|Heracross-Mega, F
|message|Heracross has Mega Evolved into Mega Heracross!
|move|p2a: Heracross|Close Combat|p1a: Thundurus
|-resisted|p1a: Thundurus
|-damage|p1a: Thundurus|0 fnt
|-unboost|p2a: Heracross|def|1
|-unboost|p2a: Heracross|spd|1
|faint|p1a: Thundurus
|
|
|switch|p1a: Bisharp|Bisharp, M|228\/272
|-damage|p1a: Bisharp|211\/272|[from] Stealth Rock
|turn|20
|
|switch|p2a: Ferrothorn|Ferrothorn, F|44\/351
|-damage|p2a: Ferrothorn|23\/351|[from] Stealth Rock
|move|p1a: Bisharp|Iron Head|p2a: Ferrothorn
|-resisted|p2a: Ferrothorn
|-damage|p2a: Ferrothorn|0 fnt
|-damage|p1a: Bisharp|177\/272|[from] ability: Iron Barbs|[of] p2a: Ferrothorn
|-damage|p1a: Bisharp|150\/272|[from] item: Life Orb
|faint|p2a: Ferrothorn
|
|
|switch|p2a: Latias|Latias, F|289\/319
|-damage|p2a: Latias|250\/319|[from] Stealth Rock
|turn|21
|
|move|p1a: Bisharp|Sucker Punch|p2a: Latias
|-supereffective|p2a: Latias
|-damage|p2a: Latias|0 fnt
|-damage|p1a: Bisharp|123\/272|[from] item: Life Orb
|faint|p2a: Latias
|
|
|switch|p2a: Heracross|Heracross-Mega, F|264\/301
|-damage|p2a: Heracross|227\/301|[from] Stealth Rock
|turn|22
|
|move|p2a: Heracross|Close Combat|p1a: Bisharp
|-supereffective|p1a: Bisharp
|-damage|p1a: Bisharp|0 fnt
|-unboost|p2a: Heracross|def|1
|-unboost|p2a: Heracross|spd|1
|faint|p1a: Bisharp
|
|
|switch|p1a: Azumarill|Azumarill, M|341\/341
|-damage|p1a: Azumarill|299\/341|[from] Stealth Rock
|turn|23
|
|move|p2a: Heracross|Rock Blast|p1a: Azumarill
|-damage|p1a: Azumarill|255\/341
|-damage|p1a: Azumarill|211\/341
|-damage|p1a: Azumarill|164\/341
|-enditem|p1a: Azumarill|Sitrus Berry|[eat]
|-heal|p1a: Azumarill|249\/341|[from] item: Sitrus Berry
|-damage|p1a: Azumarill|199\/341
|-damage|p1a: Azumarill|149\/341
|-hitcount|p1a: Azumarill|5
|move|p1a: Azumarill|Play Rough|p2a: Heracross
|-supereffective|p2a: Heracross
|-damage|p2a: Heracross|0 fnt
|faint|p2a: Heracross
|
|
|switch|p2a: Azumarill|Azumarill, F|351\/401
|-damage|p2a: Azumarill|301\/401|[from] Stealth Rock
|turn|24
|
|move|p1a: Azumarill|Play Rough|p2a: Azumarill
|-damage|p2a: Azumarill|55\/401
|move|p2a: Azumarill|Play Rough|p1a: Azumarill
|-damage|p1a: Azumarill|0 fnt
|faint|p1a: Azumarill
|
|win|dont know why
|raw|Ladder updating...
|raw|Robbenwithlasers's rating: 1638 &rarr; <strong>1614<\/strong><br \/>(-24 for losing)
|raw|dont know why's rating: 1556 &rarr; <strong>1581<\/strong><br \/>(+25 for winning)
|leave|Robbenwithlasers
|player|p1