|join|Robbenwithlasers
|join|my sweep
|player|p1|Robbenwithlasers|170
|player|p2|my sweep|162
|gametype|singles
|gen|6
|tier|OU
|rated
|clearpoke
|poke|p1|Mew
|poke|p1|Greninja, F
|poke|p1|Heatran, F
|poke|p1|Raikou
|poke|p1|Venusaur, M
|poke|p1|Landorus-Therian, M
|poke|p2|Crawdaunt, M
|poke|p2|Garchomp, F
|poke|p2|Manectric, M
|poke|p2|Azumarill, M
|poke|p2|Gengar, F
|poke|p2|Landorus-Therian, M
|rule|Swagger Clause: Swagger is banned
|rule|Baton Pass Clause: Limit one PokÃ©mon knowing Baton Pass
|rule|Sleep Clause Mod: Limit one foe put to sleep
|rule|Species Clause: Limit one of each PokÃ©mon
|rule|OHKO Clause: OHKO moves are banned
|rule|Moody Clause: Moody is banned
|rule|Evasion Moves Clause: Evasion moves are banned
|rule|Endless Battle Clause: Forcing endless battles is banned
|rule|HP Percentage Mod: HP is shown in percentages
|teampreview
|c|âmy sweep|why u using Bloo's team
|join|Varsity Level
|
|start
|switch|p1a: Mew|Mew|403\/403
|switch|p2a: Garchomp|Garchomp, F|357\/357
|turn|1
|c| Varsity Level|Sup
|c|âRobbenwithlasers|why I quero
|c|âmy sweep|Bloo is god
|join|Thunder Sun
|join|KratosMana
|
|move|p2a: Garchomp|Swords Dance|p2a: Garchomp
|-boost|p2a: Garchomp|atk|2
|move|p1a: Mew|Will-O-Wisp|p2a: Garchomp
|-status|p2a: Garchomp|brn
|-enditem|p2a: Garchomp|Lum Berry|[eat]
|-curestatus|p2a: Garchomp|brn
|
|turn|2
|
|move|p2a: Garchomp|Dragon Claw|p1a: Mew
|-damage|p1a: Mew|120\/403
|move|p1a: Mew|Will-O-Wisp|p2a: Garchomp
|-status|p2a: Garchomp|brn
|
|-heal|p1a: Mew|145\/403|[from] item: Leftovers
|-damage|p2a: Garchomp|313\/357 brn|[from] brn
|turn|3
|join|Foster has aids
|
|switch|p1a: Landorus-Therian|Landorus-Therian, M|319\/319
|-ability|p1a: Landorus-Therian|Intimidate|[of] p2a: Garchomp
|-unboost|p2a: Garchomp|atk|1
|move|p2a: Garchomp|Dragon Claw|p1a: Landorus-Therian
|-damage|p1a: Landorus-Therian|208\/319
|
|-damage|p2a: Garchomp|269\/357 brn|[from] brn
|turn|4
|leave|Varsity Level
|
|move|p1a: Landorus-Therian|Earthquake|p2a: Garchomp
|-damage|p2a: Garchomp|68\/357 brn
|move|p2a: Garchomp|Stealth Rock|p1a: Landorus-Therian
|-sidestart|p1: Robbenwithlasers|move: Stealth Rock
|
|-damage|p2a: Garchomp|24\/357 brn|[from] brn
|turn|5
|
|move|p1a: Landorus-Therian|Earthquake|p2a: Garchomp
|-damage|p2a: Garchomp|0 fnt
|faint|p2a: Garchomp
|
|
|switch|p2a: Gengar|Gengar, F|261\/261
|turn|6
|
|switch|p1a: Greninja|Greninja, F|285\/285
|-damage|p1a: Greninja|250\/285|[from] Stealth Rock
|move|p2a: Gengar|Shadow Ball|p1a: Greninja
|-resisted|p1a: Greninja
|-damage|p1a: Greninja|119\/285
|-damage|p2a: Gengar|235\/261|[from] item: Life Orb
|
|turn|7
|
|switch|p2a: Azumarill|Azumarill, M|399\/399
|move|p1a: Greninja|Spikes|p2a: Azumarill
|-start|p1a: Greninja|typechange|Ground|[from] Protean
|-sidestart|p2: my sweep|Spikes
|
|turn|8
|
|switch|p1a: Venusaur|Venusaur, M|341\/341
|-damage|p1a: Venusaur|299\/341|[from] Stealth Rock
|move|p2a: Azumarill|Aqua Jet|p1a: Venusaur
|-crit|p1a: Venusaur
|-resisted|p1a: Venusaur
|-damage|p1a: Venusaur|221\/341
|
|turn|9
|
|switch|p2a: Landorus-Therian|Landorus-Therian, M|319\/319
|-ability|p2a: Landorus-Therian|Intimidate|[of] p1a: Venusaur
|-unboost|p1a: Venusaur|atk|1
|detailschange|p1a: Venusaur|Venusaur-Mega, M
|message|Venusaur has Mega Evolved into Mega Venusaur!
|move|p1a: Venusaur|Giga Drain|p2a: Landorus-Therian
|-damage|p2a: Landorus-Therian|148\/319
|-heal|p1a: Venusaur|307\/341|[from] drain|[of] p2a: Landorus-Therian
|
|turn|10
|
|move|p2a: Landorus-Therian|Earthquake|p1a: Venusaur
|-damage|p1a: Venusaur|156\/341
|move|p1a: Venusaur|Giga Drain|p2a: Landorus-Therian
|-damage|p2a: Landorus-Therian|0 fnt
|-heal|p1a: Venusaur|230\/341|[from] drain|[of] p2a: Landorus-Therian
|faint|p2a: Landorus-Therian
|
|
|switch|p2a: Gengar|Gengar, F|235\/261
|turn|11
|
|switch|p1a: Raikou|Raikou|321\/321
|-damage|p1a: Raikou|281\/321|[from] Stealth Rock
|-ability|p1a: Raikou|Pressure
|move|p2a: Gengar|Sludge Wave|p1a: Raikou
|-damage|p1a: Raikou|128\/321
|-damage|p2a: Gengar|209\/261|[from] item: Life Orb
|
|turn|12
|
|switch|p2a: Manectric|Manectric, M|281\/281
|-damage|p2a: Manectric|246\/281|[from] Spikes
|move|p1a: Raikou|Shadow Ball|p2a: Manectric
|-damage|p2a: Manectric|114\/281
|
|turn|13
|
|detailschange|p2a: Manectric|Manectric-Mega, M
|message|Manectric has Mega Evolved into Mega Manectric!
|-ability|p2a: Manectric|Intimidate|[of] p1a: Raikou
|-unboost|p1a: Raikou|atk|1
|move|p1a: Raikou|Shadow Ball|p2a: Manectric
|-damage|p2a: Manectric|4\/281
|move|p2a: Manectric|Thunderbolt|p1a: Raikou
|-resisted|p1a: Raikou
|-damage|p1a: Raikou|71\/321
|
|turn|14
|
|move|p2a: Manectric|Hidden Power|p1a: Raikou
|-crit|p1a: Raikou
|-damage|p1a: Raikou|0 fnt
|faint|p1a: Raikou
|
|
|switch|p1a: Heatran|Heatran, F|385\/385
|-damage|p1a: Heatran|337\/385|[from] Stealth Rock
|turn|15
|
|move|p2a: Manectric|Thunderbolt|p1a: Heatran
|-damage|p1a: Heatran|198\/385
|move|p1a: Heatran|Stealth Rock|p2a: Manectric
|-sidestart|p2: my sweep|move: Stealth Rock
|
|-heal|p1a: Heatran|222\/385|[from] item: Leftovers
|turn|16
|
|move|p2a: Manectric|Thunderbolt|p1a: Heatran
|-damage|p1a: Heatran|75\/385
|move|p1a: Heatran|Lava Plume|p2a: Manectric
|-damage|p2a: Manectric|0 fnt
|faint|p2a: Manectric
|
|-heal|p1a: Heatran|99\/385|[from] item: Leftovers
|
|switch|p2a: Crawdaunt|Crawdaunt, M|269\/269
|-damage|p2a: Crawdaunt|236\/269|[from] Spikes
|-damage|p2a: Crawdaunt|203\/269|[from] Stealth Rock
|turn|17
|
|move|p2a: Crawdaunt|Aqua Jet|p1a: Heatran
|-supereffective|p1a: Heatran
|-damage|p1a: Heatran|0 fnt
|-damage|p2a: Crawdaunt|177\/269|[from] item: Life Orb
|faint|p1a: Heatran
|
|
|switch|p1a: Venusaur|Venusaur-Mega, M|230\/341
|-damage|p1a: Venusaur|188\/341|[from] Stealth Rock
|turn|18
|
|move|p2a: Crawdaunt|Knock Off|p1a: Venusaur
|-damage|p1a: Venusaur|32\/341
|-damage|p2a: Crawdaunt|151\/269|[from] item: Life Orb
|move|p1a: Venusaur|Giga Drain|p2a: Crawdaunt
|-supereffective|p2a: Crawdaunt
|-damage|p2a: Crawdaunt|0 fnt
|-heal|p1a: Venusaur|108\/341|[from] drain|[of] p2a: Crawdaunt
|faint|p2a: Crawdaunt
|
|
|switch|p2a: Gengar|Gengar, F|209\/261
|-damage|p2a: Gengar|177\/261|[from] Stealth Rock
|turn|19
|
|switch|p1a: Mew|Mew|145\/403
|-damage|p1a: Mew|95\/403|[from] Stealth Rock
|move|p2a: Gengar|Sludge Wave|p1a: Mew
|-damage|p1a: Mew|0 fnt
|-damage|p2a: Gengar|151\/261|[from] item: Life Orb
|faint|p1a: Mew
|
|
|switch|p1a: Greninja|Greninja, F|119\/285
|-damage|p1a: Greninja|84\/285|[from] Stealth Rock
|turn|20
|
|switch|p2a: Azumarill|Azumarill, M|399\/399
|-damage|p2a: Azumarill|350\/399|[from] Stealth Rock
|-damage|p2a: Azumarill|301\/399|[from] Spikes
|move|p1a: Greninja|Dark Pulse|p2a: Azumarill
|-start|p1a: Greninja|typechange|Dark|[from] Protean
|-resisted|p2a: Azumarill
|-damage|p2a: Azumarill|235\/399
|-damage|p1a: Greninja|56\/285|[from] item: Life Orb
|
|turn|21
|
|move|p1a: Greninja|Hydro Pump|p2a: Azumarill
|-start|p1a: Greninja|typechange|Water|[from] Protean
|-resisted|p2a: Azumarill
|-damage|p2a: Azumarill|148\/399
|-damage|p1a: Greninja|28\/285|[from] item: Life Orb
|move|p2a: Azumarill|Play Rough|p1a: Greninja
|-damage|p1a: Greninja|0 fnt
|faint|p1a: Greninja
|
|
|switch|p1a: Venusaur|Venusaur-Mega, M|108\/341
|-damage|p1a: Venusaur|66\/341|[from] Stealth Rock
|turn|22
|
|switch|p2a: Gengar|Gengar, F|151\/261
|-damage|p2a: Gengar|119\/261|[from] Stealth Rock
|move|p1a: Venusaur|Sludge Bomb|p2a: Gengar
|-resisted|p2a: Gengar
|-damage|p2a: Gengar|64\/261
|
|turn|23
|leave|KratosMana
|
|move|p2a: Gengar|Shadow Ball|p1a: Venusaur
|-damage|p1a: Venusaur|0 fnt
|-damage|p2a: Gengar|38\/261|[from] item: Life Orb
|faint|p1a: Venusaur
|
|
|switch|p1a: Landorus-Therian|Landorus-Therian, M|208\/319
|-damage|p1a: Landorus-Therian|169\/319|[from] Stealth Rock
|-ability|p1a: Landorus-Therian|Intimidate|[of] p2a: Gengar
|-unboost|p2a: Gengar|atk|1
|turn|24
|
|move|p1a: Landorus-Therian|Stone Edge|p2a: Gengar
|-damage|p2a: Gengar|0 fnt
|faint|p2a: Gengar
|
|
|switch|p2a: Azumarill|Azumarill, M|148\/399
|-damage|p2a: Azumarill|99\/399|[from] Spikes
|-damage|p2a: Azumarill|50\/399|[from] Stealth Rock
|turn|25
|
|move|p2a: Azumarill|Aqua Jet|p1a: Landorus-Therian
|-supereffective|p1a: Landorus-Therian
|-damage|p1a: Landorus-Therian|0 fnt
|faint|p1a: Landorus-Therian
|
|win|my sweep
|raw|Ladder updating...
|raw|Robbenwithlasers's rating: 1708 &rarr; <strong>1686<\/strong><br \/>(-22 for losing)
|raw|my sweep's rating: 1669 &rarr; <strong>1692<\/strong><br \/>(+23 for winning)
|leave|Robbenwithlasers
|player|p1