|join|Robbenwithlasers
|join|Bucking Fitch
|player|p1|Robbenwithlasers|102
|player|p2|Bucking Fitch|167
|gametype|singles
|gen|6
|tier|OU
|rated
|clearpoke
|poke|p1|Bisharp, M
|poke|p1|Landorus-Therian, M
|poke|p1|Gardevoir, M
|poke|p1|Keldeo
|poke|p1|Mew
|poke|p1|Ferrothorn, F
|poke|p2|Greninja, F
|poke|p2|Skarmory, M
|poke|p2|Heracross, M
|poke|p2|Heatran, M
|poke|p2|Landorus-Therian, M
|poke|p2|Azumarill, M
|rule|Swagger Clause: Swagger is banned
|rule|Baton Pass Clause: Limit one PokÃ©mon knowing Baton Pass
|rule|Sleep Clause Mod: Limit one foe put to sleep
|rule|Species Clause: Limit one of each PokÃ©mon
|rule|OHKO Clause: OHKO moves are banned
|rule|Moody Clause: Moody is banned
|rule|Evasion Moves Clause: Evasion moves are banned
|rule|Endless Battle Clause: Forcing endless battles is banned
|rule|HP Percentage Mod: HP is shown in percentages
|teampreview
|c|âBucking Fitch|glhf
|
|start
|switch|p1a: Keldeo|Keldeo|322\/322
|switch|p2a: Azumarill|Azumarill, M|404\/404
|turn|1
|
|switch|p1a: Mew|Mew|404\/404
|move|p2a: Azumarill|Superpower|p1a: Mew
|-resisted|p1a: Mew
|-damage|p1a: Mew|278\/404
|-unboost|p2a: Azumarill|atk|1
|-unboost|p2a: Azumarill|def|1
|
|-heal|p1a: Mew|303\/404|[from] item: Leftovers
|turn|2
|
|switch|p1a: Keldeo|Keldeo|322\/322
|switch|p2a: Heatran|Heatran, M|386\/386
|
|turn|3
|
|move|p2a: Heatran|Protect|p2a: Heatran
|-singleturn|p2a: Heatran|Protect
|move|p1a: Keldeo|Scald|p2a: Heatran
|-activate|p2a: Heatran|Protect
|
|turn|4
|
|move|p1a: Keldeo|Scald|p2a: Heatran
|-supereffective|p2a: Heatran
|-damage|p2a: Heatran|74\/386
|move|p2a: Heatran|Toxic|p1a: Keldeo
|-status|p1a: Keldeo|tox
|
|-heal|p2a: Heatran|98\/386|[from] item: Leftovers
|-damage|p1a: Keldeo|302\/322 tox|[from] psn
|turn|5
|
|switch|p1a: Gardevoir|Gardevoir, M|277\/277
|-ability|p1a: Gardevoir|Flash Fire|[from] ability: Trace|[of] p2a: Heatran
|move|p2a: Heatran|Protect|p2a: Heatran
|-fail|p2a: Heatran
|
|-heal|p2a: Heatran|122\/386|[from] item: Leftovers
|turn|6
|
|detailschange|p1a: Gardevoir|Gardevoir-Mega, M
|message|Gardevoir has Mega Evolved into Mega Gardevoir!
|move|p1a: Gardevoir|Future Sight|p2a: Heatran
|-start|p1a: Gardevoir|move: Future Sight
|move|p2a: Heatran|Stealth Rock|p1a: Gardevoir
|-sidestart|p1: Robbenwithlasers|move: Stealth Rock
|
|-heal|p2a: Heatran|146\/386|[from] item: Leftovers
|turn|7
|
|move|p1a: Gardevoir|Focus Blast|p2a: Heatran|[miss]
|-miss|p1a: Gardevoir|p2a: Heatran
|move|p2a: Heatran|Toxic|p1a: Gardevoir
|-status|p1a: Gardevoir|tox
|
|-heal|p2a: Heatran|170\/386|[from] item: Leftovers
|-damage|p1a: Gardevoir|260\/277 tox|[from] psn
|turn|8
|
|move|p1a: Gardevoir|Focus Blast|p2a: Heatran|[miss]
|-miss|p1a: Gardevoir|p2a: Heatran
|move|p2a: Heatran|Toxic|p1a: Gardevoir
|-fail|p1a: Gardevoir|tox
|
|-message|Future Sight hit! (placeholder)
|-resisted|p2a: Heatran
|-damage|p2a: Heatran|76\/386
|-heal|p2a: Heatran|100\/386|[from] item: Leftovers
|-damage|p1a: Gardevoir|226\/277 tox|[from] psn
|turn|9
|
|move|p2a: Heatran|Protect|p2a: Heatran
|-singleturn|p2a: Heatran|Protect
|move|p1a: Gardevoir|Focus Blast|p2a: Heatran
|-activate|p2a: Heatran|Protect
|
|-heal|p2a: Heatran|124\/386|[from] item: Leftovers
|-damage|p1a: Gardevoir|175\/277 tox|[from] psn
|turn|10
|
|move|p2a: Heatran|Protect|p2a: Heatran
|-fail|p2a: Heatran
|move|p1a: Gardevoir|Focus Blast|p2a: Heatran
|-supereffective|p2a: Heatran
|-damage|p2a: Heatran|0 fnt
|faint|p2a: Heatran
|
|-damage|p1a: Gardevoir|107\/277 tox|[from] psn
|
|switch|p2a: Landorus-Therian|Landorus-Therian, M|319\/319
|-ability|p2a: Landorus-Therian|Intimidate|[of] p1a: Gardevoir
|-unboost|p1a: Gardevoir|atk|1
|turn|11
|
|switch|p1a: Landorus-Therian|Landorus-Therian, M|320\/320
|-damage|p1a: Landorus-Therian|280\/320|[from] Stealth Rock
|-ability|p1a: Landorus-Therian|Intimidate|[of] p2a: Landorus-Therian
|-unboost|p2a: Landorus-Therian|atk|1
|move|p2a: Landorus-Therian|U-turn|p1a: Landorus-Therian
|-resisted|p1a: Landorus-Therian
|-damage|p1a: Landorus-Therian|248\/320
|
|switch|p2a: Azumarill|Azumarill, M|404\/404
|
|turn|12
|
|switch|p1a: Ferrothorn|Ferrothorn, F|352\/352
|-damage|p1a: Ferrothorn|330\/352|[from] Stealth Rock
|move|p2a: Azumarill|Waterfall|p1a: Ferrothorn
|-resisted|p1a: Ferrothorn
|-damage|p1a: Ferrothorn|249\/352
|-damage|p2a: Azumarill|354\/404|[from] ability: Iron Barbs|[of] p1a: Ferrothorn
|
|-heal|p1a: Ferrothorn|271\/352|[from] item: Leftovers
|turn|13
|
|switch|p2a: Heracross|Heracross, M|311\/311
|move|p1a: Ferrothorn|Stealth Rock|p2a: Heracross
|-sidestart|p2: Bucking Fitch|move: Stealth Rock
|
|-heal|p1a: Ferrothorn|293\/352|[from] item: Leftovers
|turn|14
|
|switch|p1a: Gardevoir|Gardevoir-Mega, M|107\/277 tox
|-damage|p1a: Gardevoir|73\/277 tox|[from] Stealth Rock
|detailschange|p2a: Heracross|Heracross-Mega, M
|message|Heracross has Mega Evolved into Mega Heracross!
|move|p2a: Heracross|Close Combat|p1a: Gardevoir
|-resisted|p1a: Gardevoir
|-damage|p1a: Gardevoir|0 fnt
|-unboost|p2a: Heracross|def|1
|-unboost|p2a: Heracross|spd|1
|faint|p1a: Gardevoir
|
|
|switch|p1a: Keldeo|Keldeo|302\/322 tox
|-damage|p1a: Keldeo|282\/322 tox|[from] Stealth Rock
|turn|15
|
|switch|p2a: Skarmory|Skarmory, M|334\/334
|-damage|p2a: Skarmory|293\/334|[from] Stealth Rock
|move|p1a: Keldeo|Scald|p2a: Skarmory
|-damage|p2a: Skarmory|22\/334
|
|-heal|p2a: Skarmory|42\/334|[from] item: Leftovers
|-damage|p1a: Keldeo|262\/322 tox|[from] psn
|turn|16
|
|move|p1a: Keldeo|Scald|p2a: Skarmory
|-damage|p2a: Skarmory|0 fnt
|faint|p2a: Skarmory
|
|-damage|p1a: Keldeo|222\/322 tox|[from] psn
|
|switch|p2a: Landorus-Therian|Landorus-Therian, M|319\/319
|-damage|p2a: Landorus-Therian|280\/319|[from] Stealth Rock
|-ability|p2a: Landorus-Therian|Intimidate|[of] p1a: Keldeo
|-unboost|p1a: Keldeo|atk|1
|turn|17
|
|switch|p1a: Bisharp|Bisharp, M|271\/271
|-damage|p1a: Bisharp|255\/271|[from] Stealth Rock
|move|p2a: Landorus-Therian|Earthquake|p1a: Bisharp
|-supereffective|p1a: Bisharp
|-damage|p1a: Bisharp|0 fnt
|faint|p1a: Bisharp
|
|
|switch|p1a: Mew|Mew|303\/404
|-damage|p1a: Mew|253\/404|[from] Stealth Rock
|turn|18
|
|move|p2a: Landorus-Therian|Earthquake|p1a: Mew
|-damage|p1a: Mew|73\/404
|move|p1a: Mew|Roost|p1a: Mew
|-heal|p1a: Mew|275\/404
|
|-heal|p1a: Mew|300\/404|[from] item: Leftovers
|turn|19
|
|switch|p2a: Greninja|Greninja, F|285\/285
|-damage|p2a: Greninja|250\/285|[from] Stealth Rock
|move|p1a: Mew|Will-O-Wisp|p2a: Greninja
|-status|p2a: Greninja|brn
|
|-heal|p1a: Mew|325\/404|[from] item: Leftovers
|-damage|p2a: Greninja|215\/285 brn|[from] brn
|turn|20
|
|move|p2a: Greninja|Spikes|p1a: Mew
|-start|p2a: Greninja|typechange|Ground|[from] Protean
|-sidestart|p1: Robbenwithlasers|Spikes
|move|p1a: Mew|Roost|p1a: Mew
|-heal|p1a: Mew|404\/404
|
|-damage|p2a: Greninja|180\/285 brn|[from] brn
|turn|21
|
|move|p2a: Greninja|Hydro Pump|p1a: Mew
|-start|p2a: Greninja|typechange|Water|[from] Protean
|-damage|p1a: Mew|248\/404
|-damage|p2a: Greninja|152\/285 brn|[from] item: Life Orb
|move|p1a: Mew|Defog|p2a: Greninja
|-unboost|p2a: Greninja|evasion|1
|-sideend|p2: Bucking Fitch|Stealth Rock|[from] move: Defog|[of] p2a: Greninja
|-sideend|p1: Robbenwithlasers|Spikes|[from] move: Defog|[of] p1a: Mew
|-sideend|p1: Robbenwithlasers|Stealth Rock|[from] move: Defog|[of] p1a: Mew
|
|-heal|p1a: Mew|273\/404|[from] item: Leftovers
|-damage|p2a: Greninja|117\/285 brn|[from] brn
|turn|22
|
|move|p2a: Greninja|Spikes|p1a: Mew
|-start|p2a: Greninja|typechange|Ground|[from] Protean
|-sidestart|p1: Robbenwithlasers|Spikes
|move|p1a: Mew|Roost|p1a: Mew
|-heal|p1a: Mew|404\/404
|
|-damage|p2a: Greninja|82\/285 brn|[from] brn
|turn|23
|
|move|p2a: Greninja|Hydro Pump|p1a: Mew
|-start|p2a: Greninja|typechange|Water|[from] Protean
|-damage|p1a: Mew|244\/404
|-damage|p2a: Greninja|54\/285 brn|[from] item: Life Orb
|move|p1a: Mew|Defog|p2a: Greninja
|-unboost|p2a: Greninja|evasion|1
|-sideend|p1: Robbenwithlasers|Spikes|[from] move: Defog|[of] p1a: Mew
|
|-heal|p1a: Mew|269\/404|[from] item: Leftovers
|-damage|p2a: Greninja|19\/285 brn|[from] brn
|turn|24
|
|move|p2a: Greninja|Spikes|p1a: Mew
|-start|p2a: Greninja|typechange|Ground|[from] Protean
|-sidestart|p1: Robbenwithlasers|Spikes
|move|p1a: Mew|Defog|p2a: Greninja
|-unboost|p2a: Greninja|evasion|1
|-sideend|p1: Robbenwithlasers|Spikes|[from] move: Defog|[of] p1a: Mew
|
|-heal|p1a: Mew|294\/404|[from] item: Leftovers
|-damage|p2a: Greninja|0 fnt|[from] brn
|faint|p2a: Greninja
|
|switch|p2a: Heracross|Heracross-Mega, M|311\/311
|turn|25
|
|switch|p1a: Landorus-Therian|Landorus-Therian, M|248\/320
|-ability|p1a: Landorus-Therian|Intimidate|[of] p2a: Heracross
|-unboost|p2a: Heracross|atk|1
|move|p2a: Heracross|Pin Missile|p1a: Landorus-Therian
|-crit|p1a: Landorus-Therian
|-resisted|p1a: Landorus-Therian
|-damage|p1a: Landorus-Therian|194\/320
|-resisted|p1a: Landorus-Therian
|-damage|p1a: Landorus-Therian|170\/320
|-resisted|p1a: Landorus-Therian
|-damage|p1a: Landorus-Therian|146\/320
|-resisted|p1a: Landorus-Therian
|-damage|p1a: Landorus-Therian|122\/320
|-resisted|p1a: Landorus-Therian
|-damage|p1a: Landorus-Therian|98\/320
|-hitcount|p1a: Landorus-Therian|5
|
|turn|26
|
|switch|p2a: Landorus-Therian|Landorus-Therian, M|280\/319
|-ability|p2a: Landorus-Therian|Intimidate|[of] p1a: Landorus-Therian
|-unboost|p1a: Landorus-Therian|atk|1
|move|p1a: Landorus-Therian|Stone Edge|p2a: Landorus-Therian
|-damage|p2a: Landorus-Therian|192\/319
|
|turn|27
|
|move|p2a: Landorus-Therian|U-turn|p1a: Landorus-Therian
|-resisted|p1a: Landorus-Therian
|-damage|p1a: Landorus-Therian|47\/320
|
|switch|p2a: Azumarill|Azumarill, M|354\/404
|move|p1a: Landorus-Therian|Stone Edge|p2a: Azumarill
|-damage|p2a: Azumarill|247\/404
|
|turn|28
|
|move|p1a: Landorus-Therian|Stone Edge|p2a: Azumarill
|-crit|p2a: Azumarill
|-damage|p2a: Azumarill|16\/404
|move|p2a: Azumarill|Play Rough|p1a: Landorus-Therian
|-damage|p1a: Landorus-Therian|0 fnt
|faint|p1a: Landorus-Therian
|
|
|switch|p1a: Ferrothorn|Ferrothorn, F|293\/352
|turn|29
|
|switch|p2a: Heracross|Heracross-Mega, M|311\/311
|move|p1a: Ferrothorn|Stealth Rock|p2a: Heracross
|-sidestart|p2: Bucking Fitch|move: Stealth Rock
|
|-heal|p1a: Ferrothorn|315\/352|[from] item: Leftovers
|turn|30
|
|switch|p1a: Mew|Mew|294\/404
|move|p2a: Heracross|Close Combat|p1a: Mew
|-resisted|p1a: Mew
|-damage|p1a: Mew|146\/404
|-unboost|p2a: Heracross|def|1
|-unboost|p2a: Heracross|spd|1
|
|-heal|p1a: Mew|171\/404|[from] item: Leftovers
|turn|31
|
|move|p2a: Heracross|Pin Missile|p1a: Mew
|-crit|p1a: Mew
|-supereffective|p1a: Mew
|-damage|p1a: Mew|0 fnt
|-hitcount|p1a: Mew|1
|faint|p1a: Mew
|
|
|switch|p1a: Keldeo|Keldeo|222\/322 tox
|turn|32
|
|switch|p2a: Azumarill|Azumarill, M|16\/404
|-damage|p2a: Azumarill|0 fnt|[from] Stealth Rock
|faint|p2a: Azumarill
|move|p1a: Keldeo|Hidden Power|p2: Azumarill|[notarget]
|-notarget
|
|-damage|p1a: Keldeo|202\/322 tox|[from] psn
|
|switch|p2a: Landorus-Therian|Landorus-Therian, M|192\/319
|-damage|p2a: Landorus-Therian|153\/319|[from] Stealth Rock
|-ability|p2a: Landorus-Therian|Intimidate|[of] p1a: Keldeo
|-unboost|p1a: Keldeo|atk|1
|turn|33
|
|switch|p1a: Ferrothorn|Ferrothorn, F|315\/352
|move|p2a: Landorus-Therian|Earthquake|p1a: Ferrothorn
|-damage|p1a: Ferrothorn|194\/352
|
|-heal|p1a: Ferrothorn|216\/352|[from] item: Leftovers
|turn|34
|
|switch|p2a: Heracross|Heracross-Mega, M|311\/311
|-damage|p2a: Heracross|273\/311|[from] Stealth Rock
|move|p1a: Ferrothorn|Leech Seed|p2a: Heracross
|-start|p2a: Heracross|move: Leech Seed
|
|-heal|p1a: Ferrothorn|238\/352|[from] item: Leftovers
|-damage|p2a: Heracross|235\/311|[from] Leech Seed|[of] p1a: Ferrothorn
|-heal|p1a: Ferrothorn|276\/352|[silent]
|turn|35
|
|move|p1a: Ferrothorn|Protect|p1a: Ferrothorn
|-singleturn|p1a: Ferrothorn|Protect
|move|p2a: Heracross|Close Combat|p1a: Ferrothorn
|-activate|p1a: Ferrothorn|Protect
|
|-heal|p1a: Ferrothorn|298\/352|[from] item: Leftovers
|-damage|p2a: Heracross|197\/311|[from] Leech Seed|[of] p1a: Ferrothorn
|-heal|p1a: Ferrothorn|336\/352|[silent]
|turn|36
|
|move|p1a: Ferrothorn|Protect|p1a: Ferrothorn
|-fail|p1a: Ferrothorn
|move|p2a: Heracross|Close Combat|p1a: Ferrothorn
|-supereffective|p1a: Ferrothorn
|-damage|p1a: Ferrothorn|0 fnt
|-damage|p2a: Heracross|159\/311|[from] ability: Iron Barbs|[of] p1a: Ferrothorn
|-unboost|p2a: Heracross|def|1
|-unboost|p2a: Heracross|spd|1
|faint|p1a: Ferrothorn
|
|
|switch|p1a: Keldeo|Keldeo|202\/322 tox
|turn|37
|
|move|p1a: Keldeo|Scald|p2a: Heracross
|-damage|p2a: Heracross|0 fnt
|faint|p2a: Heracross
|
|-damage|p1a: Keldeo|182\/322 tox|[from] psn
|
|switch|p2a: Landorus-Therian|Landorus-Therian, M|153\/319
|-damage|p2a: Landorus-Therian|114\/319|[from] Stealth Rock
|-ability|p2a: Landorus-Therian|Intimidate|[of] p1a: Keldeo
|-unboost|p1a: Keldeo|atk|1
|turn|38
|
|move|p2a: Landorus-Therian|Earthquake|p1a: Keldeo
|-damage|p1a: Keldeo|0 fnt
|faint|p1a: Keldeo
|
|win|Bucking Fitch
|raw|Ladder updating...
|raw|Robbenwithlasers's rating: 1706 &rarr; <strong>1682<\/strong><br \/>(-24 for losing)
|raw|Bucking Fitch's rating: 1648 &rarr; <strong>1672<\/strong><br \/>(+24 for winning)
|c|âBucking Fitch|gg
|leave|Robbenwithlasers
|player|p1