|join|lil manaphy
|join|Robbenwithlasers
|player|p1|lil manaphy|96
|player|p2|Robbenwithlasers|292
|gametype|singles
|gen|6
|tier|OU
|rated
|clearpoke
|poke|p1|Medicham, F
|poke|p1|Gothitelle, M
|poke|p1|Rotom-Wash
|poke|p1|Landorus-Therian, M
|poke|p1|Heatran, F
|poke|p1|Sylveon, F
|poke|p2|Diancie
|poke|p2|Garchomp, F
|poke|p2|Latias, F
|poke|p2|Magnezone
|poke|p2|Gyarados, M
|poke|p2|Breloom, M
|rule|Swagger Clause: Swagger is banned
|rule|Baton Pass Clause: Limit one PokÃ©mon knowing Baton Pass
|rule|Sleep Clause Mod: Limit one foe put to sleep
|rule|Species Clause: Limit one of each PokÃ©mon
|rule|OHKO Clause: OHKO moves are banned
|rule|Moody Clause: Moody is banned
|rule|Evasion Moves Clause: Evasion moves are banned
|rule|Endless Battle Clause: Forcing endless battles is banned
|rule|HP Percentage Mod: HP is shown in percentages
|teampreview
|
|start
|switch|p1a: baptism|Gothitelle, M|301\/301
|switch|p2a: Garchomp|Garchomp, F|357\/357
|turn|1
|
|move|p1a: baptism|Trick|p2a: Garchomp
|-activate|p1a: baptism|move: Trick|[of] p2a: Garchomp
|-item|p2a: Garchomp|Choice Scarf|[from] move: Trick
|-item|p1a: baptism|Yache Berry|[from] move: Trick
|move|p2a: Garchomp|Earthquake|p1a: baptism
|-damage|p1a: baptism|82\/301
|
|turn|2
|
|switch|p1a: wrath of god|Landorus-Therian, M|382\/382
|-ability|p1a: wrath of god|Intimidate|[of] p2a: Garchomp
|-unboost|p2a: Garchomp|atk|1
|move|p2a: Garchomp|Earthquake|p1a: wrath of god
|-immune|p1a: wrath of god|[msg]
|
|turn|3
|
|switch|p2a: Gyarados|Gyarados, M|331\/331
|-ability|p2a: Gyarados|Intimidate|[of] p1a: wrath of god
|-unboost|p1a: wrath of god|atk|1
|move|p1a: wrath of god|U-turn|p2a: Gyarados
|-resisted|p2a: Gyarados
|-damage|p2a: Gyarados|300\/331
|
|switch|p1a: pale|Rotom-Wash|303\/303
|
|turn|4
|
|switch|p2a: Garchomp|Garchomp, F|357\/357
|move|p1a: pale|Will-O-Wisp|p2a: Garchomp
|-status|p2a: Garchomp|brn
|
|-damage|p2a: Garchomp|313\/357 brn|[from] brn
|turn|5
|
|switch|p1a: baptism|Gothitelle, M|82\/301
|move|p2a: Garchomp|Outrage|p1a: baptism
|-damage|p1a: baptism|0 fnt
|faint|p1a: baptism
|
|-damage|p2a: Garchomp|269\/357 brn|[from] brn
|
|switch|p1a: Sylveon|Sylveon, F|394\/394
|turn|6
|
|move|p2a: Garchomp|Outrage|p1a: Sylveon
|-immune|p1a: Sylveon|[msg]
|move|p1a: Sylveon|Hyper Voice|p2a: Garchomp
|-supereffective|p2a: Garchomp
|-damage|p2a: Garchomp|0 fnt
|faint|p2a: Garchomp
|
|
|switch|p2a: Diancie|Diancie|303\/303
|turn|7
|
|switch|p1a: wrath of god|Landorus-Therian, M|382\/382
|-ability|p1a: wrath of god|Intimidate|[of] p2a: Diancie
|-fail|p2a: Diancie|unboost|[from] ability: Clear Body|[of] p2a: Diancie
|move|p2a: Diancie|Stealth Rock|p1a: wrath of god
|-sidestart|p1: lil manaphy|move: Stealth Rock
|
|turn|8
|
|move|p1a: wrath of god|Stealth Rock|p2a: Diancie
|-sidestart|p2: Robbenwithlasers|move: Stealth Rock
|move|p2a: Diancie|Explosion|p1a: wrath of god
|-enditem|p2a: Diancie|Normal Gem|[from] gem|[move] Explosion
|-damage|p1a: wrath of god|106\/382
|faint|p2a: Diancie
|
|-heal|p1a: wrath of god|129\/382|[from] item: Leftovers
|
|switch|p2a: Gyarados|Gyarados, M|300\/331
|-damage|p2a: Gyarados|218\/331|[from] Stealth Rock
|-ability|p2a: Gyarados|Intimidate|[of] p1a: wrath of god
|-unboost|p1a: wrath of god|atk|1
|turn|9
|
|move|p2a: Gyarados|Dragon Dance|p2a: Gyarados
|-boost|p2a: Gyarados|atk|1
|-boost|p2a: Gyarados|spe|1
|move|p1a: wrath of god|U-turn|p2a: Gyarados
|-resisted|p2a: Gyarados
|-damage|p2a: Gyarados|186\/331
|
|switch|p1a: pale|Rotom-Wash|303\/303
|-damage|p1a: pale|266\/303|[from] Stealth Rock
|
|-heal|p1a: pale|284\/303|[from] item: Leftovers
|turn|10
|
|switch|p1a: wrath of god|Landorus-Therian, M|129\/382
|-damage|p1a: wrath of god|82\/382|[from] Stealth Rock
|-ability|p1a: wrath of god|Intimidate|[of] p2a: Gyarados
|-unboost|p2a: Gyarados|atk|1
|detailschange|p2a: Gyarados|Gyarados-Mega, M
|message|Gyarados has Mega Evolved into Mega Gyarados!
|-ability|p2a: Gyarados|Mold Breaker
|move|p2a: Gyarados|Earthquake|p1a: wrath of god
|-immune|p1a: wrath of god|[msg]
|
|-heal|p1a: wrath of god|105\/382|[from] item: Leftovers
|turn|11
|
|move|p2a: Gyarados|Waterfall|p1a: wrath of god
|-supereffective|p1a: wrath of god
|-damage|p1a: wrath of god|0 fnt
|faint|p1a: wrath of god
|
|
|switch|p1a: pale|Rotom-Wash|284\/303
|-damage|p1a: pale|247\/303|[from] Stealth Rock
|turn|12
|
|move|p2a: Gyarados|Earthquake|p1a: pale
|-supereffective|p1a: pale
|-damage|p1a: pale|19\/303
|move|p1a: pale|Will-O-Wisp|p2a: Gyarados
|-status|p2a: Gyarados|brn
|
|-heal|p1a: pale|37\/303|[from] item: Leftovers
|-damage|p2a: Gyarados|145\/331 brn|[from] brn
|turn|13
|
|move|p2a: Gyarados|Earthquake|p1a: pale
|-supereffective|p1a: pale
|-damage|p1a: pale|0 fnt
|faint|p1a: pale
|
|-damage|p2a: Gyarados|104\/331 brn|[from] brn
|
|switch|p1a: crimewave|Medicham, F|261\/261
|-damage|p1a: crimewave|245\/261|[from] Stealth Rock
|turn|14
|
|switch|p2a: Magnezone|Magnezone|281\/281
|-damage|p2a: Magnezone|264\/281|[from] Stealth Rock
|detailschange|p1a: crimewave|Medicham-Mega, F
|message|Medicham has Mega Evolved into Mega Medicham!
|move|p1a: crimewave|Drain Punch|p2a: Magnezone
|-supereffective|p2a: Magnezone
|-damage|p2a: Magnezone|0 fnt
|-heal|p1a: crimewave|261\/261|[from] drain|[of] p2a: Magnezone
|faint|p2a: Magnezone
|
|
|switch|p2a: Latias|Latias, F|301\/301
|-damage|p2a: Latias|264\/301|[from] Stealth Rock
|turn|15
|
|switch|p1a: sad eyes|Heatran, F|386\/386
|-damage|p1a: sad eyes|338\/386|[from] Stealth Rock
|move|p2a: Latias|Psyshock|p1a: sad eyes
|-resisted|p1a: sad eyes
|-damage|p1a: sad eyes|264\/386
|-damage|p2a: Latias|234\/301|[from] item: Life Orb
|
|-heal|p1a: sad eyes|288\/386|[from] item: Leftovers
|turn|16
|
|switch|p1a: Sylveon|Sylveon, F|394\/394
|-damage|p1a: Sylveon|345\/394|[from] Stealth Rock
|move|p2a: Latias|Defog|p1a: Sylveon
|-unboost|p1a: Sylveon|evasion|1
|-sideend|p1: lil manaphy|Stealth Rock|[from] move: Defog|[of] p1a: Sylveon
|-sideend|p2: Robbenwithlasers|Stealth Rock|[from] move: Defog|[of] p2a: Latias
|
|-heal|p1a: Sylveon|369\/394|[from] item: Leftovers
|turn|17
|
|move|p2a: Latias|Healing Wish|p2a: Latias
|faint|p2a: Latias
|move|p1a: Sylveon|Wish|p1a: Sylveon
|
|-heal|p1a: Sylveon|393\/394|[from] item: Leftovers
|
|switch|p2a: Gyarados|Gyarados-Mega, M|104\/331 brn
|-heal|p2a: Gyarados|331\/331|[from] move: Healing Wish
|-ability|p2a: Gyarados|Mold Breaker
|turn|18
|
|switch|p2a: Breloom|Breloom, M|261\/261
|move|p1a: Sylveon|Hyper Voice|p2a: Breloom
|-supereffective|p2a: Breloom
|-enditem|p2a: Breloom|Focus Sash
|-damage|p2a: Breloom|1\/261
|
|-heal|p1a: Sylveon|394\/394|[from] move: Wish|[wisher] Sylveon
|turn|19
|
|switch|p1a: sad eyes|Heatran, F|288\/386
|move|p2a: Breloom|Spore|p1a: sad eyes
|-status|p1a: sad eyes|slp
|
|-heal|p1a: sad eyes|312\/386 slp|[from] item: Leftovers
|turn|20
|
|switch|p1a: crimewave|Medicham-Mega, F|261\/261
|move|p2a: Breloom|Rock Tomb|p1a: crimewave
|-resisted|p1a: crimewave
|-damage|p1a: crimewave|196\/261
|-unboost|p1a: crimewave|spe|1
|
|turn|21
|
|switch|p1a: sad eyes|Heatran, F|312\/386 slp
|move|p2a: Breloom|Bullet Seed|p1a: sad eyes
|-resisted|p1a: sad eyes
|-damage|p1a: sad eyes|297\/386 slp
|-resisted|p1a: sad eyes
|-damage|p1a: sad eyes|282\/386 slp
|-resisted|p1a: sad eyes
|-damage|p1a: sad eyes|266\/386 slp
|-hitcount|p1a: sad eyes|3
|
|-heal|p1a: sad eyes|290\/386 slp|[from] item: Leftovers
|turn|22
|
|move|p2a: Breloom|Rock Tomb|p1a: sad eyes
|-damage|p1a: sad eyes|185\/386 slp
|-unboost|p1a: sad eyes|spe|1
|cant|p1a: sad eyes|slp
|
|-heal|p1a: sad eyes|209\/386 slp|[from] item: Leftovers
|turn|23
|
|switch|p2a: Gyarados|Gyarados-Mega, M|331\/331
|-ability|p2a: Gyarados|Mold Breaker
|switch|p1a: crimewave|Medicham-Mega, F|196\/261
|
|turn|24
|
|move|p1a: crimewave|Drain Punch|p2a: Gyarados
|-supereffective|p2a: Gyarados
|-damage|p2a: Gyarados|0 fnt
|-heal|p1a: crimewave|261\/261|[from] drain|[of] p2a: Gyarados
|faint|p2a: Gyarados
|
|-message|Robbenwithlasers forfeited.
|
|win|lil manaphy
|raw|Ladder updating...
|leave|Robbenwithlasers
|player|p2
|raw|lil manaphy's rating: 1918 &rarr; <strong>1932<\/strong><br \/>(+14 for winning)
|raw|Robbenwithlasers's rating: 1827 &rarr; <strong>1812<\/strong><br \/>(-15 for losing)