|join|Fildrong
|join|Robbenwithlasers
|player|p1|Fildrong|43
|player|p2|Robbenwithlasers|1
|gametype|singles
|gen|6
|tier|OU
|rated
|clearpoke
|poke|p1|Lopunny, F
|poke|p1|Hippowdon, F
|poke|p1|Milotic, M
|poke|p1|Gengar, F
|poke|p1|Chesnaught, F
|poke|p1|Landorus-Therian, M
|poke|p2|Talonflame, F
|poke|p2|Landorus-Therian, M
|poke|p2|Diancie
|poke|p2|Starmie
|poke|p2|Keldeo
|poke|p2|Ferrothorn, M
|rule|Swagger Clause: Swagger is banned
|rule|Baton Pass Clause: Limit one PokÃ©mon knowing Baton Pass
|rule|Sleep Clause Mod: Limit one foe put to sleep
|rule|Species Clause: Limit one of each PokÃ©mon
|rule|OHKO Clause: OHKO moves are banned
|rule|Moody Clause: Moody is banned
|rule|Evasion Moves Clause: Evasion moves are banned
|rule|Endless Battle Clause: Forcing endless battles is banned
|rule|HP Percentage Mod: HP is shown in percentages
|teampreview
|
|start
|switch|p1a: Full Of Sand|Hippowdon, F|420\/420
|switch|p2a: Diancie|Diancie|241\/241
|-weather|Sandstorm
|turn|1
|
|detailschange|p2a: Diancie|Diancie-Mega
|message|Diancie has Mega Evolved into Mega Diancie!
|move|p2a: Diancie|Moonblast|p1a: Full Of Sand
|-damage|p1a: Full Of Sand|257\/420
|move|p1a: Full Of Sand|Earthquake|p2a: Diancie
|-supereffective|p2a: Diancie
|-damage|p2a: Diancie|0 fnt
|faint|p2a: Diancie
|
|-weather|Sandstorm|[upkeep]
|-heal|p1a: Full Of Sand|283\/420|[from] item: Leftovers
|
|switch|p2a: Keldeo|Keldeo|323\/323
|turn|2
|
|switch|p1a: CoupCritique|Chesnaught, F|380\/380
|move|p2a: Keldeo|Substitute|p2a: Keldeo
|-start|p2a: Keldeo|Substitute
|-damage|p2a: Keldeo|243\/323
|
|-weather|Sandstorm|[upkeep]
|-damage|p2a: Keldeo|223\/323|[from] sandstorm
|-damage|p1a: CoupCritique|357\/380|[from] sandstorm
|-heal|p2a: Keldeo|243\/323|[from] item: Leftovers
|-heal|p1a: CoupCritique|380\/380|[from] item: Leftovers
|turn|3
|
|move|p2a: Keldeo|Scald|p1a: CoupCritique
|-resisted|p1a: CoupCritique
|-damage|p1a: CoupCritique|290\/380
|move|p1a: CoupCritique|Hammer Arm|p2a: Keldeo|[miss]
|-miss|p1a: CoupCritique|p2a: Keldeo
|
|-weather|Sandstorm|[upkeep]
|-damage|p2a: Keldeo|223\/323|[from] sandstorm
|-damage|p1a: CoupCritique|267\/380|[from] sandstorm
|-heal|p2a: Keldeo|243\/323|[from] item: Leftovers
|-heal|p1a: CoupCritique|290\/380|[from] item: Leftovers
|turn|4
|
|move|p2a: Keldeo|Scald|p1a: CoupCritique
|-resisted|p1a: CoupCritique
|-damage|p1a: CoupCritique|206\/380
|-status|p1a: CoupCritique|brn
|move|p1a: CoupCritique|Hammer Arm|p2a: Keldeo
|-activate|p2a: Keldeo|Substitute|[damage]
|-unboost|p1a: CoupCritique|spe|1
|
|-weather|Sandstorm|[upkeep]
|-damage|p2a: Keldeo|223\/323|[from] sandstorm
|-damage|p1a: CoupCritique|183\/380 brn|[from] sandstorm
|-heal|p2a: Keldeo|243\/323|[from] item: Leftovers
|-heal|p1a: CoupCritique|206\/380 brn|[from] item: Leftovers
|-damage|p1a: CoupCritique|159\/380 brn|[from] brn
|turn|5
|
|move|p2a: Keldeo|Calm Mind|p2a: Keldeo
|-boost|p2a: Keldeo|spa|1
|-boost|p2a: Keldeo|spd|1
|move|p1a: CoupCritique|Hammer Arm|p2a: Keldeo
|-end|p2a: Keldeo|Substitute
|-unboost|p1a: CoupCritique|spe|1
|
|-weather|none
|-heal|p2a: Keldeo|263\/323|[from] item: Leftovers
|-heal|p1a: CoupCritique|182\/380 brn|[from] item: Leftovers
|-damage|p1a: CoupCritique|135\/380 brn|[from] brn
|turn|6
|
|switch|p1a: Beverly|Lopunny, F|272\/272
|move|p2a: Keldeo|Substitute|p2a: Keldeo
|-start|p2a: Keldeo|Substitute
|-damage|p2a: Keldeo|183\/323
|
|-heal|p2a: Keldeo|203\/323|[from] item: Leftovers
|turn|7
|
|detailschange|p1a: Beverly|Lopunny-Mega, F
|message|Lopunny has Mega Evolved into Mega Lopunny!
|move|p2a: Keldeo|Secret Sword|p1a: Beverly
|-supereffective|p1a: Beverly
|-damage|p1a: Beverly|0 fnt
|faint|p1a: Beverly
|
|-heal|p2a: Keldeo|223\/323|[from] item: Leftovers
|c|âFildrong|gg luck
|
|switch|p1a: NoMagirve|Gengar, F|268\/268
|turn|8
|
|move|p1a: NoMagirve|Shadow Ball|p2a: Keldeo
|-crit|p2a: Keldeo
|-end|p2a: Keldeo|Substitute
|move|p2a: Keldeo|Scald|p1a: NoMagirve
|-damage|p1a: NoMagirve|31\/268
|
|-heal|p1a: NoMagirve|47\/268|[from] item: Black Sludge
|-heal|p2a: Keldeo|243\/323|[from] item: Leftovers
|turn|9
|
|move|p1a: NoMagirve|Will-O-Wisp|p2a: Keldeo
|-status|p2a: Keldeo|brn
|move|p2a: Keldeo|Scald|p1a: NoMagirve
|-damage|p1a: NoMagirve|0 fnt
|faint|p1a: NoMagirve
|
|-heal|p2a: Keldeo|263\/323 brn|[from] item: Leftovers
|-damage|p2a: Keldeo|223\/323 brn|[from] brn
|
|switch|p1a: Full Of Sand|Hippowdon, F|283\/420
|-weather|Sandstorm
|turn|10
|
|switch|p1a: Beautiful|Milotic, M|394\/394
|move|p2a: Keldeo|Scald|p1a: Beautiful
|-resisted|p1a: Beautiful
|-damage|p1a: Beautiful|327\/394
|
|-weather|Sandstorm|[upkeep]
|-damage|p2a: Keldeo|203\/323 brn|[from] sandstorm
|-damage|p1a: Beautiful|303\/394|[from] sandstorm
|-heal|p2a: Keldeo|223\/323 brn|[from] item: Leftovers
|-heal|p1a: Beautiful|327\/394|[from] item: Leftovers
|-damage|p2a: Keldeo|183\/323 brn|[from] brn
|turn|11
|
|move|p2a: Keldeo|Secret Sword|p1a: Beautiful
|-damage|p1a: Beautiful|90\/394
|move|p1a: Beautiful|Mirror Coat|p2a: Keldeo
|-damage|p2a: Keldeo|0 fnt
|faint|p2a: Keldeo
|
|-weather|Sandstorm|[upkeep]
|-damage|p1a: Beautiful|66\/394|[from] sandstorm
|-heal|p1a: Beautiful|90\/394|[from] item: Leftovers
|
|switch|p2a: Talonflame|Talonflame, F|298\/298
|turn|12
|
|switch|p1a: CoupCritique|Chesnaught, F|135\/380 brn
|move|p2a: Talonflame|Brave Bird|p1a: CoupCritique
|-supereffective|p1a: CoupCritique
|-damage|p1a: CoupCritique|0 fnt
|-damage|p2a: Talonflame|253\/298|[from] recoil|[of] p1a: CoupCritique
|faint|p1a: CoupCritique
|
|-weather|Sandstorm|[upkeep]
|-damage|p2a: Talonflame|235\/298|[from] sandstorm
|
|switch|p1a: LEGIT|Landorus-Therian, M|330\/330
|-ability|p1a: LEGIT|Intimidate|[of] p2a: Talonflame
|-unboost|p2a: Talonflame|atk|1
|turn|13
|
|switch|p2a: Ferrothorn|Ferrothorn, M|352\/352
|move|p1a: LEGIT|U-turn|p2a: Ferrothorn
|-damage|p2a: Ferrothorn|295\/352
|-damage|p1a: LEGIT|289\/330|[from] ability: Iron Barbs|[of] p2a: Ferrothorn
|
|switch|p1a: Full Of Sand|Hippowdon, F|283\/420
|
|-weather|Sandstorm|[upkeep]
|-heal|p1a: Full Of Sand|309\/420|[from] item: Leftovers
|-heal|p2a: Ferrothorn|317\/352|[from] item: Leftovers
|turn|14
|
|move|p1a: Full Of Sand|Stealth Rock|p2a: Ferrothorn
|-sidestart|p2: Robbenwithlasers|move: Stealth Rock
|move|p2a: Ferrothorn|Leech Seed|p1a: Full Of Sand
|-start|p1a: Full Of Sand|move: Leech Seed
|
|-weather|none
|-heal|p1a: Full Of Sand|335\/420|[from] item: Leftovers
|-heal|p2a: Ferrothorn|339\/352|[from] item: Leftovers
|-damage|p1a: Full Of Sand|283\/420|[from] Leech Seed|[of] p2a: Ferrothorn
|-heal|p2a: Ferrothorn|352\/352|[silent]
|turn|15
|
|switch|p1a: Beautiful|Milotic, M|90\/394
|move|p2a: Ferrothorn|Spikes|p1a: Beautiful
|-sidestart|p1: Fildrong|Spikes
|
|-heal|p1a: Beautiful|114\/394|[from] item: Leftovers
|turn|16
|
|move|p1a: Beautiful|Recover|p1a: Beautiful
|-heal|p1a: Beautiful|311\/394
|move|p2a: Ferrothorn|Leech Seed|p1a: Beautiful
|-start|p1a: Beautiful|move: Leech Seed
|
|-heal|p1a: Beautiful|335\/394|[from] item: Leftovers
|-damage|p1a: Beautiful|286\/394|[from] Leech Seed|[of] p2a: Ferrothorn
|turn|17
|
|move|p1a: Beautiful|Scald|p2a: Ferrothorn
|-resisted|p2a: Ferrothorn
|-damage|p2a: Ferrothorn|313\/352
|-status|p2a: Ferrothorn|brn
|move|p2a: Ferrothorn|Spikes|p1a: Beautiful
|-sidestart|p1: Fildrong|Spikes
|
|-heal|p1a: Beautiful|310\/394|[from] item: Leftovers
|-heal|p2a: Ferrothorn|335\/352 brn|[from] item: Leftovers
|-damage|p1a: Beautiful|261\/394|[from] Leech Seed|[of] p2a: Ferrothorn
|-heal|p2a: Ferrothorn|352\/352 brn|[silent]
|-damage|p2a: Ferrothorn|308\/352 brn|[from] brn
|turn|18
|
|move|p1a: Beautiful|Recover|p1a: Beautiful
|-heal|p1a: Beautiful|394\/394
|move|p2a: Ferrothorn|Spikes|p1a: Beautiful
|-sidestart|p1: Fildrong|Spikes
|
|-heal|p2a: Ferrothorn|330\/352 brn|[from] item: Leftovers
|-damage|p1a: Beautiful|345\/394|[from] Leech Seed|[of] p2a: Ferrothorn
|-heal|p2a: Ferrothorn|352\/352 brn|[silent]
|-damage|p2a: Ferrothorn|308\/352 brn|[from] brn
|turn|19
|
|switch|p1a: LEGIT|Landorus-Therian, M|289\/330
|-ability|p1a: LEGIT|Intimidate|[of] p2a: Ferrothorn
|-unboost|p2a: Ferrothorn|atk|1
|switch|p2a: Starmie|Starmie|323\/323
|-damage|p2a: Starmie|283\/323|[from] Stealth Rock
|
|-heal|p2a: Starmie|303\/323|[from] item: Leftovers
|turn|20
|
|switch|p2a: Ferrothorn|Ferrothorn, M|308\/352 brn
|-damage|p2a: Ferrothorn|286\/352 brn|[from] Stealth Rock
|move|p1a: LEGIT|Knock Off|p2a: Ferrothorn
|-damage|p2a: Ferrothorn|206\/352 brn
|-damage|p1a: LEGIT|248\/330|[from] ability: Iron Barbs|[of] p2a: Ferrothorn
|-enditem|p2a: Ferrothorn|Leftovers|[from] move: Knock Off|[of] p1a: LEGIT
|
|-damage|p2a: Ferrothorn|162\/352 brn|[from] brn
|turn|21
|
|switch|p1a: Beautiful|Milotic, M|345\/394
|-damage|p1a: Beautiful|247\/394|[from] Spikes
|move|p2a: Ferrothorn|Leech Seed|p1a: Beautiful
|-start|p1a: Beautiful|move: Leech Seed
|
|-heal|p1a: Beautiful|271\/394|[from] item: Leftovers
|-damage|p1a: Beautiful|222\/394|[from] Leech Seed|[of] p2a: Ferrothorn
|-heal|p2a: Ferrothorn|211\/352 brn|[silent]
|-damage|p2a: Ferrothorn|167\/352 brn|[from] brn
|turn|22
|
|move|p1a: Beautiful|Recover|p1a: Beautiful
|-heal|p1a: Beautiful|394\/394
|move|p2a: Ferrothorn|Leech Seed|p1a: Beautiful
|-fail|p1a: Beautiful
|
|-damage|p1a: Beautiful|345\/394|[from] Leech Seed|[of] p2a: Ferrothorn
|-heal|p2a: Ferrothorn|216\/352 brn|[silent]
|-damage|p2a: Ferrothorn|172\/352 brn|[from] brn
|turn|23
|
|switch|p2a: Starmie|Starmie|303\/323
|-damage|p2a: Starmie|263\/323|[from] Stealth Rock
|move|p1a: Beautiful|Scald|p2a: Starmie
|-resisted|p2a: Starmie
|-damage|p2a: Starmie|206\/323
|
|-heal|p2a: Starmie|226\/323|[from] item: Leftovers
|-heal|p1a: Beautiful|369\/394|[from] item: Leftovers
|-damage|p1a: Beautiful|320\/394|[from] Leech Seed|[of] p2a: Starmie
|-heal|p2a: Starmie|275\/323|[silent]
|turn|24
|
|move|p2a: Starmie|Rapid Spin|p1a: Beautiful
|-damage|p1a: Beautiful|308\/394
|-sideend|p2: Robbenwithlasers|Stealth Rock|[from] move: Rapid Spin|[of] p2a: Starmie
|move|p1a: Beautiful|Recover|p1a: Beautiful
|-heal|p1a: Beautiful|394\/394
|
|-heal|p2a: Starmie|295\/323|[from] item: Leftovers
|-damage|p1a: Beautiful|345\/394|[from] Leech Seed|[of] p2a: Starmie
|-heal|p2a: Starmie|323\/323|[silent]
|turn|25
|
|move|p2a: Starmie|Reflect Type|p1a: Beautiful
|-start|p2a: Starmie|typechange|[from] move: Reflect Type|[of] p1a: Beautiful
|move|p1a: Beautiful|Mirror Coat|p2a: Starmie
|-fail|p2a: Starmie
|
|-heal|p1a: Beautiful|369\/394|[from] item: Leftovers
|-damage|p1a: Beautiful|320\/394|[from] Leech Seed|[of] p2a: Starmie
|turn|26
|
|move|p2a: Starmie|Rapid Spin|p1a: Beautiful
|-damage|p1a: Beautiful|310\/394
|move|p1a: Beautiful|Scald|p2a: Starmie
|-crit|p2a: Starmie
|-resisted|p2a: Starmie
|-damage|p2a: Starmie|239\/323
|
|-heal|p2a: Starmie|259\/323|[from] item: Leftovers
|-heal|p1a: Beautiful|334\/394|[from] item: Leftovers
|-damage|p1a: Beautiful|285\/394|[from] Leech Seed|[of] p2a: Starmie
|-heal|p2a: Starmie|308\/323|[silent]
|turn|27
|
|move|p2a: Starmie|Rapid Spin|p1a: Beautiful
|-crit|p1a: Beautiful
|-damage|p1a: Beautiful|270\/394
|move|p1a: Beautiful|Toxic|p2a: Starmie
|-status|p2a: Starmie|tox
|
|-heal|p2a: Starmie|323\/323 tox|[from] item: Leftovers
|-heal|p1a: Beautiful|294\/394|[from] item: Leftovers
|-damage|p1a: Beautiful|245\/394|[from] Leech Seed|[of] p2a: Starmie
|-damage|p2a: Starmie|303\/323 tox|[from] psn
|turn|28
|
|move|p2a: Starmie|Rapid Spin|p1a: Beautiful
|-damage|p1a: Beautiful|235\/394
|move|p1a: Beautiful|Recover|p1a: Beautiful
|-heal|p1a: Beautiful|394\/394
|
|-heal|p2a: Starmie|323\/323 tox|[from] item: Leftovers
|-damage|p1a: Beautiful|345\/394|[from] Leech Seed|[of] p2a: Starmie
|-damage|p2a: Starmie|283\/323 tox|[from] psn
|turn|29
|
|switch|p2a: Ferrothorn|Ferrothorn, M|172\/352 brn
|move|p1a: Beautiful|Scald|p2a: Ferrothorn
|-resisted|p2a: Ferrothorn
|-damage|p2a: Ferrothorn|130\/352 brn
|
|-heal|p1a: Beautiful|369\/394|[from] item: Leftovers
|-damage|p1a: Beautiful|320\/394|[from] Leech Seed|[of] p2a: Ferrothorn
|-heal|p2a: Ferrothorn|179\/352 brn|[silent]
|-damage|p2a: Ferrothorn|135\/352 brn|[from] brn
|turn|30
|
|switch|p2a: Starmie|Starmie|283\/323
|move|p1a: Beautiful|Scald|p2a: Starmie
|-resisted|p2a: Starmie
|-damage|p2a: Starmie|232\/323
|
|-heal|p2a: Starmie|252\/323|[from] item: Leftovers
|-heal|p1a: Beautiful|344\/394|[from] item: Leftovers
|-damage|p1a: Beautiful|295\/394|[from] Leech Seed|[of] p2a: Starmie
|-heal|p2a: Starmie|301\/323|[silent]
|turn|31
|
|move|p2a: Starmie|Scald|p1a: Beautiful
|-resisted|p1a: Beautiful
|-damage|p1a: Beautiful|265\/394
|move|p1a: Beautiful|Toxic|p2a: Starmie
|-status|p2a: Starmie|tox
|
|-heal|p2a: Starmie|321\/323 tox|[from] item: Leftovers
|-heal|p1a: Beautiful|289\/394|[from] item: Leftovers
|-damage|p1a: Beautiful|240\/394|[from] Leech Seed|[of] p2a: Starmie
|-heal|p2a: Starmie|323\/323 tox|[silent]
|-damage|p2a: Starmie|303\/323 tox|[from] psn
|turn|32
|
|move|p2a: Starmie|Scald|p1a: Beautiful
|-resisted|p1a: Beautiful
|-damage|p1a: Beautiful|207\/394
|-status|p1a: Beautiful|brn
|move|p1a: Beautiful|Recover|p1a: Beautiful
|-heal|p1a: Beautiful|394\/394 brn
|
|-heal|p2a: Starmie|323\/323 tox|[from] item: Leftovers
|-damage|p1a: Beautiful|345\/394 brn|[from] Leech Seed|[of] p2a: Starmie
|-damage|p2a: Starmie|283\/323 tox|[from] psn
|-damage|p1a: Beautiful|296\/394 brn|[from] brn
|turn|33
|
|switch|p2a: Ferrothorn|Ferrothorn, M|135\/352 brn
|switch|p1a: Full Of Sand|Hippowdon, F|283\/420
|-damage|p1a: Full Of Sand|178\/420|[from] Spikes
|-weather|Sandstorm
|
|-weather|Sandstorm|[upkeep]
|-heal|p1a: Full Of Sand|204\/420|[from] item: Leftovers
|-damage|p2a: Ferrothorn|91\/352 brn|[from] brn
|turn|34
|
|switch|p2a: Starmie|Starmie|283\/323
|move|p1a: Full Of Sand|Stealth Rock|p2a: Starmie
|-sidestart|p2: Robbenwithlasers|move: Stealth Rock
|
|-weather|Sandstorm|[upkeep]
|-damage|p2a: Starmie|263\/323|[from] sandstorm
|-heal|p2a: Starmie|283\/323|[from] item: Leftovers
|-heal|p1a: Full Of Sand|230\/420|[from] item: Leftovers
|turn|35
|
|move|p2a: Starmie|Scald|p1a: Full Of Sand
|-supereffective|p1a: Full Of Sand
|-damage|p1a: Full Of Sand|72\/420
|move|p1a: Full Of Sand|Earthquake|p2a: Starmie
|-damage|p2a: Starmie|136\/323
|
|-weather|Sandstorm|[upkeep]
|-damage|p2a: Starmie|116\/323|[from] sandstorm
|-heal|p2a: Starmie|136\/323|[from] item: Leftovers
|-heal|p1a: Full Of Sand|98\/420|[from] item: Leftovers
|turn|36
|
|move|p2a: Starmie|Scald|p1a: Full Of Sand
|-supereffective|p1a: Full Of Sand
|-damage|p1a: Full Of Sand|0 fnt
|faint|p1a: Full Of Sand
|
|-weather|Sandstorm|[upkeep]
|-damage|p2a: Starmie|116\/323|[from] sandstorm
|-heal|p2a: Starmie|136\/323|[from] item: Leftovers
|
|switch|p1a: LEGIT|Landorus-Therian, M|248\/330
|-ability|p1a: LEGIT|Intimidate|[of] p2a: Starmie
|-unboost|p2a: Starmie|atk|1
|turn|37
|
|switch|p2a: Ferrothorn|Ferrothorn, M|91\/352 brn
|-damage|p2a: Ferrothorn|69\/352 brn|[from] Stealth Rock
|move|p1a: LEGIT|U-turn|p2a: Ferrothorn
|-damage|p2a: Ferrothorn|8\/352 brn
|-damage|p1a: LEGIT|207\/330|[from] ability: Iron Barbs|[of] p2a: Ferrothorn
|
|switch|p1a: Beautiful|Milotic, M|296\/394 brn
|-damage|p1a: Beautiful|198\/394 brn|[from] Spikes
|
|-weather|none
|-heal|p1a: Beautiful|222\/394 brn|[from] item: Leftovers
|-damage|p1a: Beautiful|173\/394 brn|[from] brn
|-damage|p2a: Ferrothorn|0 fnt|[from] brn
|faint|p2a: Ferrothorn
|
|switch|p2a: Starmie|Starmie|136\/323
|-damage|p2a: Starmie|96\/323|[from] Stealth Rock
|turn|38
|
|move|p2a: Starmie|Rapid Spin|p1a: Beautiful
|-damage|p1a: Beautiful|165\/394 brn
|-sideend|p2: Robbenwithlasers|Stealth Rock|[from] move: Rapid Spin|[of] p2a: Starmie
|move|p1a: Beautiful|Recover|p1a: Beautiful
|-heal|p1a: Beautiful|362\/394 brn
|
|-heal|p2a: Starmie|116\/323|[from] item: Leftovers
|-heal|p1a: Beautiful|386\/394 brn|[from] item: Leftovers
|-damage|p1a: Beautiful|337\/394 brn|[from] brn
|turn|39
|
|switch|p2a: Talonflame|Talonflame, F|235\/298
|move|p1a: Beautiful|Toxic|p2a: Talonflame
|-status|p2a: Talonflame|tox
|
|-heal|p1a: Beautiful|361\/394 brn|[from] item: Leftovers
|-damage|p2a: Talonflame|217\/298 tox|[from] psn
|-damage|p1a: Beautiful|312\/394 brn|[from] brn
|turn|40
|
|move|p2a: Talonflame|Brave Bird|p1a: Beautiful
|-damage|p1a: Beautiful|143\/394 brn
|-damage|p2a: Talonflame|161\/298 tox|[from] recoil|[of] p1a: Beautiful
|move|p1a: Beautiful|Recover|p1a: Beautiful
|-heal|p1a: Beautiful|340\/394 brn
|
|-heal|p1a: Beautiful|364\/394 brn|[from] item: Leftovers
|-damage|p2a: Talonflame|125\/298 tox|[from] psn
|-damage|p1a: Beautiful|315\/394 brn|[from] brn
|turn|41
|
|switch|p2a: Starmie|Starmie|116\/323
|move|p1a: Beautiful|Recover|p1a: Beautiful
|-heal|p1a: Beautiful|394\/394 brn
|
|-heal|p2a: Starmie|136\/323|[from] item: Leftovers
|-damage|p1a: Beautiful|345\/394 brn|[from] brn
|turn|42
|
|move|p2a: Starmie|Recover|p2a: Starmie
|-heal|p2a: Starmie|298\/323
|move|p1a: Beautiful|Scald|p2a: Starmie
|-resisted|p2a: Starmie
|-damage|p2a: Starmie|244\/323
|
|-heal|p2a: Starmie|264\/323|[from] item: Leftovers
|-heal|p1a: Beautiful|369\/394 brn|[from] item: Leftovers
|-damage|p1a: Beautiful|320\/394 brn|[from] brn
|turn|43
|
|move|p2a: Starmie|Rapid Spin|p1a: Beautiful
|-damage|p1a: Beautiful|312\/394 brn
|move|p1a: Beautiful|Toxic|p2a: Starmie
|-status|p2a: Starmie|tox
|
|-heal|p2a: Starmie|284\/323 tox|[from] item: Leftovers
|-heal|p1a: Beautiful|336\/394 brn|[from] item: Leftovers
|-damage|p2a: Starmie|264\/323 tox|[from] psn
|-damage|p1a: Beautiful|287\/394 brn|[from] brn
|turn|44
|
|move|p2a: Starmie|Scald|p1a: Beautiful
|-resisted|p1a: Beautiful
|-damage|p1a: Beautiful|254\/394 brn
|move|p1a: Beautiful|Scald|p2a: Starmie
|-resisted|p2a: Starmie
|-damage|p2a: Starmie|206\/323 tox
|
|-heal|p2a: Starmie|226\/323 tox|[from] item: Leftovers
|-heal|p1a: Beautiful|278\/394 brn|[from] item: Leftovers
|-damage|p2a: Starmie|186\/323 tox|[from] psn
|-damage|p1a: Beautiful|229\/394 brn|[from] brn
|turn|45
|
|switch|p2a: Talonflame|Talonflame, F|125\/298 tox
|move|p1a: Beautiful|Scald|p2a: Talonflame
|-supereffective|p2a: Talonflame
|-damage|p2a: Talonflame|0 fnt
|faint|p2a: Talonflame
|
|-heal|p1a: Beautiful|253\/394 brn|[from] item: Leftovers
|-damage|p1a: Beautiful|204\/394 brn|[from] brn
|
|switch|p2a: Landorus-Therian|Landorus-Therian, M|320\/320
|-ability|p2a: Landorus-Therian|Intimidate|[of] p1a: Beautiful
|-unboost|p1a: Beautiful|atk|1
|turn|46
|
|move|p2a: Landorus-Therian|Earthquake|p1a: Beautiful
|-damage|p1a: Beautiful|54\/394 brn
|move|p1a: Beautiful|Recover|p1a: Beautiful
|-heal|p1a: Beautiful|251\/394 brn
|
|-heal|p1a: Beautiful|275\/394 brn|[from] item: Leftovers
|-damage|p1a: Beautiful|226\/394 brn|[from] brn
|turn|47
|
|move|p2a: Landorus-Therian|Earthquake|p1a: Beautiful
|-damage|p1a: Beautiful|81\/394 brn
|move|p1a: Beautiful|Scald|p2a: Landorus-Therian
|-supereffective|p2a: Landorus-Therian
|-damage|p2a: Landorus-Therian|92\/320
|-status|p2a: Landorus-Therian|brn
|
|-heal|p1a: Beautiful|105\/394 brn|[from] item: Leftovers
|-damage|p2a: Landorus-Therian|52\/320 brn|[from] brn
|-damage|p1a: Beautiful|56\/394 brn|[from] brn
|turn|48
|
|move|p2a: Landorus-Therian|Earthquake|p1a: Beautiful
|-damage|p1a: Beautiful|0 fnt
|faint|p1a: Beautiful
|
|-damage|p2a: Landorus-Therian|12\/320 brn|[from] brn
|
|switch|p1a: LEGIT|Landorus-Therian, M|207\/330
|-ability|p1a: LEGIT|Intimidate|[of] p2a: Landorus-Therian
|-unboost|p2a: Landorus-Therian|atk|1
|turn|49
|
|move|p2a: Landorus-Therian|Earthquake|p1a: LEGIT
|-immune|p1a: LEGIT|[msg]
|move|p1a: LEGIT|Knock Off|p2a: Landorus-Therian
|-crit|p2a: Landorus-Therian
|-damage|p2a: Landorus-Therian|0 fnt
|-enditem|p2a: Landorus-Therian|Choice Scarf|[from] move: Knock Off|[of] p1a: LEGIT
|faint|p2a: Landorus-Therian
|
|-message|Robbenwithlasers forfeited.
|
|win|Fildrong
|raw|Ladder updating...
|leave|Robbenwithlasers
|player|p2