|join|10HKO
|join|Robbenwithlasers
|player|p1|10HKO|37
|player|p2|Robbenwithlasers|169
|gametype|singles
|gen|6
|tier|OU
|rated
|clearpoke
|poke|p1|Gyarados, M
|poke|p1|Raikou
|poke|p1|Landorus-Therian, M
|poke|p1|Jirachi
|poke|p1|Latios, M
|poke|p1|Victini
|poke|p2|Azumarill, F
|poke|p2|Bisharp, M
|poke|p2|Venusaur, F
|poke|p2|Garchomp, M
|poke|p2|Terrakion
|poke|p2|Thundurus, M
|rule|Swagger Clause: Swagger is banned
|rule|Baton Pass Clause: Limit one PokÃ©mon knowing Baton Pass
|rule|Sleep Clause Mod: Limit one foe put to sleep
|rule|Species Clause: Limit one of each PokÃ©mon
|rule|OHKO Clause: OHKO moves are banned
|rule|Moody Clause: Moody is banned
|rule|Evasion Moves Clause: Evasion moves are banned
|rule|Endless Battle Clause: Forcing endless battles is banned
|rule|HP Percentage Mod: HP is shown in percentages
|teampreview
|
|start
|switch|p1a: Jirachi|Jirachi|404\/404
|switch|p2a: Terrakion|Terrakion|323\/323
|turn|1
|
|move|p2a: Terrakion|Stealth Rock|p1a: Jirachi
|-sidestart|p1: 10HKO|move: Stealth Rock
|move|p1a: Jirachi|Iron Head|p2a: Terrakion
|-supereffective|p2a: Terrakion
|-damage|p2a: Terrakion|131\/323
|
|turn|2
|
|switch|p2a: Thundurus|Thundurus, M|300\/300
|move|p1a: Jirachi|Stealth Rock|p2a: Thundurus
|-sidestart|p2: Robbenwithlasers|move: Stealth Rock
|
|turn|3
|
|switch|p1a: Raikou|Raikou|321\/321
|-damage|p1a: Raikou|281\/321|[from] Stealth Rock
|-ability|p1a: Raikou|Pressure
|move|p2a: Thundurus|Focus Blast|p1a: Raikou
|-damage|p1a: Raikou|155\/321
|-damage|p2a: Thundurus|270\/300|[from] item: Life Orb
|
|turn|4
|
|switch|p2a: Garchomp|Garchomp, M|357\/357
|-damage|p2a: Garchomp|335\/357|[from] Stealth Rock
|move|p1a: Raikou|Volt Switch|p2a: Garchomp
|-immune|p2a: Garchomp|[msg]
|
|turn|5
|
|switch|p1a: Landorus-Therian|Landorus-Therian, M|319\/319
|-damage|p1a: Landorus-Therian|280\/319|[from] Stealth Rock
|-ability|p1a: Landorus-Therian|Intimidate|[of] p2a: Garchomp
|-unboost|p2a: Garchomp|atk|1
|move|p2a: Garchomp|Earthquake|p1a: Landorus-Therian
|-immune|p1a: Landorus-Therian|[msg]
|
|turn|6
|
|move|p1a: Landorus-Therian|U-turn|p2a: Garchomp
|-damage|p2a: Garchomp|236\/357
|-damage|p1a: Landorus-Therian|241\/319|[from] ability: Rough Skin|[of] p2a: Garchomp
|
|switch|p1a: Latios|Latios, M|301\/301
|-damage|p1a: Latios|264\/301|[from] Stealth Rock
|move|p2a: Garchomp|Swords Dance|p2a: Garchomp
|-boost|p2a: Garchomp|atk|2
|
|turn|7
|
|move|p1a: Latios|Psyshock|p2a: Garchomp
|-damage|p2a: Garchomp|49\/357
|-damage|p1a: Latios|234\/301|[from] item: Life Orb
|move|p2a: Garchomp|Outrage|p1a: Latios
|-supereffective|p1a: Latios
|-damage|p1a: Latios|0 fnt
|faint|p1a: Latios
|
|
|switch|p1a: Raikou|Raikou|155\/321
|-damage|p1a: Raikou|115\/321|[from] Stealth Rock
|-ability|p1a: Raikou|Pressure
|turn|8
|
|move|p1a: Raikou|Hidden Power|p2a: Garchomp
|-supereffective|p2a: Garchomp
|-enditem|p2a: Garchomp|Yache Berry|[eat]
|-damage|p2a: Garchomp|0 fnt
|faint|p2a: Garchomp
|
|
|switch|p2a: Venusaur|Venusaur, F|361\/361
|-damage|p2a: Venusaur|316\/361|[from] Stealth Rock
|turn|9
|
|switch|p1a: Jirachi|Jirachi|404\/404
|-damage|p1a: Jirachi|379\/404|[from] Stealth Rock
|detailschange|p2a: Venusaur|Venusaur-Mega, F
|message|Venusaur has Mega Evolved into Mega Venusaur!
|move|p2a: Venusaur|Hidden Power|p1a: Jirachi
|-supereffective|p1a: Jirachi
|-damage|p1a: Jirachi|257\/404
|
|-heal|p1a: Jirachi|282\/404|[from] item: Leftovers
|turn|10
|
|switch|p2a: Thundurus|Thundurus, M|270\/300
|-damage|p2a: Thundurus|195\/300|[from] Stealth Rock
|move|p1a: Jirachi|Iron Head|p2a: Thundurus
|-crit|p2a: Thundurus
|-resisted|p2a: Thundurus
|-damage|p2a: Thundurus|107\/300
|
|-heal|p1a: Jirachi|307\/404|[from] item: Leftovers
|turn|11
|
|switch|p1a: Raikou|Raikou|115\/321
|-damage|p1a: Raikou|75\/321|[from] Stealth Rock
|-ability|p1a: Raikou|Pressure
|move|p2a: Thundurus|Thunderbolt|p1a: Raikou
|-resisted|p1a: Raikou
|-damage|p1a: Raikou|4\/321
|-damage|p2a: Thundurus|77\/300|[from] item: Life Orb
|
|turn|12
|
|switch|p2a: Venusaur|Venusaur-Mega, F|316\/361
|-damage|p2a: Venusaur|271\/361|[from] Stealth Rock
|move|p1a: Raikou|Thunderbolt|p2a: Venusaur
|-resisted|p2a: Venusaur
|-damage|p2a: Venusaur|208\/361
|
|turn|13
|
|move|p1a: Raikou|Shadow Ball|p2a: Venusaur
|-damage|p2a: Venusaur|135\/361
|move|p2a: Venusaur|Synthesis|p2a: Venusaur
|-heal|p2a: Venusaur|315\/361
|
|turn|14
|
|move|p1a: Raikou|Shadow Ball|p2a: Venusaur
|-damage|p2a: Venusaur|242\/361
|move|p2a: Venusaur|Giga Drain|p1a: Raikou
|-damage|p1a: Raikou|0 fnt
|-heal|p2a: Venusaur|244\/361|[from] drain|[of] p1a: Raikou
|faint|p1a: Raikou
|
|
|switch|p1a: Jirachi|Jirachi|307\/404
|-damage|p1a: Jirachi|282\/404|[from] Stealth Rock
|turn|15
|
|switch|p2a: Terrakion|Terrakion|131\/323
|-damage|p2a: Terrakion|111\/323|[from] Stealth Rock
|move|p1a: Jirachi|Body Slam|p2a: Terrakion
|-resisted|p2a: Terrakion
|-damage|p2a: Terrakion|73\/323
|-status|p2a: Terrakion|par
|
|-heal|p1a: Jirachi|307\/404|[from] item: Leftovers
|turn|16
|
|move|p1a: Jirachi|Iron Head|p2a: Terrakion
|-supereffective|p2a: Terrakion
|-damage|p2a: Terrakion|0 fnt
|faint|p2a: Terrakion
|
|-heal|p1a: Jirachi|332\/404|[from] item: Leftovers
|
|switch|p2a: Bisharp|Bisharp, M|272\/272
|-damage|p2a: Bisharp|255\/272|[from] Stealth Rock
|turn|17
|
|move|p1a: Jirachi|Body Slam|p2a: Bisharp
|-resisted|p2a: Bisharp
|-damage|p2a: Bisharp|223\/272
|move|p2a: Bisharp|Knock Off|p1a: Jirachi
|-supereffective|p1a: Jirachi
|-damage|p1a: Jirachi|0 fnt
|-enditem|p1a: Jirachi|Leftovers|[from] move: Knock Off|[of] p2a: Bisharp
|-damage|p2a: Bisharp|196\/272|[from] item: Life Orb
|faint|p1a: Jirachi
|
|
|switch|p1a: Victini|Victini|351\/351
|-damage|p1a: Victini|264\/351|[from] Stealth Rock
|turn|18
|
|switch|p2a: Thundurus|Thundurus, M|77\/300
|-damage|p2a: Thundurus|2\/300|[from] Stealth Rock
|move|p1a: Victini|Substitute|p1a: Victini
|-start|p1a: Victini|Substitute
|-damage|p1a: Victini|177\/351
|
|-heal|p1a: Victini|198\/351|[from] item: Leftovers
|turn|19
|
|move|p2a: Thundurus|Thunderbolt|p1a: Victini
|-end|p1a: Victini|Substitute
|-damage|p2a: Thundurus|0 fnt|[from] item: Life Orb
|faint|p2a: Thundurus
|move|p1a: Victini|Substitute|p1a: Victini
|-start|p1a: Victini|Substitute
|-damage|p1a: Victini|111\/351
|
|-heal|p1a: Victini|132\/351|[from] item: Leftovers
|
|switch|p2a: Azumarill|Azumarill, F|341\/341
|-damage|p2a: Azumarill|299\/341|[from] Stealth Rock
|turn|20
|
|move|p2a: Azumarill|Aqua Jet|p1a: Victini
|-supereffective|p1a: Victini
|-end|p1a: Victini|Substitute
|move|p1a: Victini|Bolt Strike|p2a: Azumarill
|-supereffective|p2a: Azumarill
|-damage|p2a: Azumarill|0 fnt
|faint|p2a: Azumarill
|
|-heal|p1a: Victini|153\/351|[from] item: Leftovers
|
|switch|p2a: Venusaur|Venusaur-Mega, F|244\/361
|-damage|p2a: Venusaur|199\/361|[from] Stealth Rock
|turn|21
|
|move|p1a: Victini|V-create|p2a: Venusaur
|-supereffective|p2a: Venusaur
|-damage|p2a: Venusaur|0 fnt
|-unboost|p1a: Victini|def|1
|-unboost|p1a: Victini|spd|1
|-unboost|p1a: Victini|spe|1
|faint|p2a: Venusaur
|
|-heal|p1a: Victini|174\/351|[from] item: Leftovers
|
|switch|p2a: Bisharp|Bisharp, M|196\/272
|-damage|p2a: Bisharp|179\/272|[from] Stealth Rock
|turn|22
|
|move|p2a: Bisharp|Pursuit|p1a: Victini
|-supereffective|p1a: Victini
|-damage|p1a: Victini|0 fnt
|-damage|p2a: Bisharp|152\/272|[from] item: Life Orb
|faint|p1a: Victini
|
|
|switch|p1a: Gyarados|Gyarados, M|337\/337
|-damage|p1a: Gyarados|253\/337|[from] Stealth Rock
|-ability|p1a: Gyarados|Intimidate|[of] p2a: Bisharp
|-unboost|p2a: Bisharp|atk|1
|-boost|p2a: Bisharp|atk|2|[from] ability: Defiant
|turn|23
|
|detailschange|p1a: Gyarados|Gyarados-Mega, M
|message|Gyarados has Mega Evolved into Mega Gyarados!
|-ability|p1a: Gyarados|Mold Breaker
|move|p2a: Bisharp|Iron Head|p1a: Gyarados
|-resisted|p1a: Gyarados
|-damage|p1a: Gyarados|137\/337
|-damage|p2a: Bisharp|125\/272|[from] item: Life Orb
|move|p1a: Gyarados|Earthquake|p2a: Bisharp
|-supereffective|p2a: Bisharp
|-damage|p2a: Bisharp|0 fnt
|faint|p2a: Bisharp
|
|win|10HKO
|raw|Ladder updating...
|raw|10HKO's rating: 1588 &rarr; <strong>1613<\/strong><br \/>(+25 for winning)
|raw|Robbenwithlasers's rating: 1682 &rarr; <strong>1657<\/strong><br \/>(-25 for losing)
|c|â10HKO|gg
|leave|Robbenwithlasers
|player|p2