|join|Robbenwithlasers
|join|dark frontier
|player|p1|Robbenwithlasers|266
|player|p2|dark frontier|69
|gametype|singles
|gen|6
|tier|OU
|rated
|clearpoke
|poke|p1|Gardevoir, F
|poke|p1|Keldeo
|poke|p1|Bisharp, M
|poke|p1|Heatran, F
|poke|p1|Serperior, M
|poke|p1|Gliscor, F
|poke|p2|Azumarill, F
|poke|p2|Manectric, M
|poke|p2|Landorus-Therian, M
|poke|p2|Latias, F
|poke|p2|Gengar, F
|poke|p2|Cobalion
|rule|Swagger Clause: Swagger is banned
|rule|Baton Pass Clause: Limit one PokÃ©mon knowing Baton Pass
|rule|Sleep Clause Mod: Limit one foe put to sleep
|rule|Species Clause: Limit one of each PokÃ©mon
|rule|OHKO Clause: OHKO moves are banned
|rule|Moody Clause: Moody is banned
|rule|Evasion Moves Clause: Evasion moves are banned
|rule|Endless Battle Clause: Forcing endless battles is banned
|rule|HP Percentage Mod: HP is shown in percentages
|teampreview
|
|start
|switch|p1a: Gliscor|Gliscor, F|353\/353
|switch|p2a: Manectric|Manectric, M|281\/281
|turn|1
|
|switch|p1a: Heatran|Heatran, F|385\/385
|detailschange|p2a: Manectric|Manectric-Mega, M
|-mega|p2a: Manectric|Manectric|Manectite
|-ability|p2a: Manectric|Intimidate|[of] p1a: Heatran
|-unboost|p1a: Heatran|atk|1
|move|p2a: Manectric|Hidden Power|p1a: Heatran
|-resisted|p1a: Heatran
|-damage|p1a: Heatran|372\/385
|
|-heal|p1a: Heatran|385\/385|[from] item: Leftovers
|turn|2
|
|move|p2a: Manectric|Volt Switch|p1a: Heatran
|-damage|p1a: Heatran|303\/385
|
|switch|p2a: Landorus-Therian|Landorus-Therian, M|319\/319
|-ability|p2a: Landorus-Therian|Intimidate|[of] p1a: Heatran
|-unboost|p1a: Heatran|atk|1
|move|p1a: Heatran|Stealth Rock|p2a: Landorus-Therian
|-sidestart|p2: dark frontier|move: Stealth Rock
|
|-heal|p1a: Heatran|327\/385|[from] item: Leftovers
|turn|3
|
|move|p1a: Heatran|Protect|p1a: Heatran
|-singleturn|p1a: Heatran|Protect
|move|p2a: Landorus-Therian|Knock Off|p1a: Heatran
|-activate|p1a: Heatran|Protect
|
|-heal|p1a: Heatran|351\/385|[from] item: Leftovers
|turn|4
|
|move|p2a: Landorus-Therian|Earthquake|p1a: Heatran
|-crit|p1a: Heatran
|-supereffective|p1a: Heatran
|-damage|p1a: Heatran|0 fnt
|-damage|p2a: Landorus-Therian|288\/319|[from] item: Life Orb
|faint|p1a: Heatran
|
|
|switch|p1a: Serperior|Serperior, M|291\/291
|turn|5
|
|move|p1a: Serperior|Leaf Storm|p2a: Landorus-Therian
|-damage|p2a: Landorus-Therian|90\/319
|-boost|p1a: Serperior|spa|2
|move|p2a: Landorus-Therian|Knock Off|p1a: Serperior
|-damage|p1a: Serperior|103\/291
|-enditem|p1a: Serperior|Leftovers|[from] move: Knock Off|[of] p2a: Landorus-Therian
|-damage|p2a: Landorus-Therian|59\/319|[from] item: Life Orb
|
|turn|6
|
|move|p1a: Serperior|Hidden Power|p2a: Landorus-Therian
|-damage|p2a: Landorus-Therian|0 fnt
|faint|p2a: Landorus-Therian
|
|
|switch|p2a: Manectric|Manectric-Mega, M|281\/281
|-damage|p2a: Manectric|246\/281|[from] Stealth Rock
|-ability|p2a: Manectric|Intimidate|[of] p1a: Serperior
|-boost|p1a: Serperior|atk|1
|turn|7
|
|switch|p1a: Gliscor|Gliscor, F|353\/353
|move|p2a: Manectric|Overheat|p1a: Gliscor
|-damage|p1a: Gliscor|142\/353
|-unboost|p2a: Manectric|spa|2
|
|-status|p1a: Gliscor|tox|[from] item: Toxic Orb
|turn|8
|
|switch|p1a: Bisharp|Bisharp, M|271\/271
|move|p2a: Manectric|Hidden Power|p1a: Bisharp
|-resisted|p1a: Bisharp
|-damage|p1a: Bisharp|246\/271
|
|turn|9
|
|move|p1a: Bisharp|Sucker Punch|p2a: Manectric
|-damage|p2a: Manectric|30\/281
|move|p2a: Manectric|Overheat|p1a: Bisharp
|-supereffective|p1a: Bisharp
|-damage|p1a: Bisharp|14\/271
|-unboost|p2a: Manectric|spa|2
|
|turn|10
|
|move|p1a: Bisharp|Sucker Punch|p2a: Manectric
|-crit|p2a: Manectric
|-damage|p2a: Manectric|0 fnt
|faint|p2a: Manectric
|
|
|switch|p2a: Cobalion|Cobalion|323\/323
|-damage|p2a: Cobalion|313\/323|[from] Stealth Rock
|turn|11
|
|move|p2a: Cobalion|Iron Head|p1a: Bisharp
|-resisted|p1a: Bisharp
|-damage|p1a: Bisharp|0 fnt
|faint|p1a: Bisharp
|
|-heal|p2a: Cobalion|323\/323|[from] item: Leftovers
|
|switch|p1a: Gliscor|Gliscor, F|142\/353 tox
|turn|12
|
|move|p2a: Cobalion|Iron Head|p1a: Gliscor
|-damage|p1a: Gliscor|66\/353 tox
|move|p1a: Gliscor|Earthquake|p2a: Cobalion
|-supereffective|p2a: Cobalion
|-damage|p2a: Cobalion|149\/323
|
|-heal|p2a: Cobalion|169\/323|[from] item: Leftovers
|-heal|p1a: Gliscor|110\/353 tox|[from] ability: Poison Heal
|turn|13
|
|switch|p2a: Latias|Latias, F|301\/301
|-damage|p2a: Latias|264\/301|[from] Stealth Rock
|move|p1a: Gliscor|Roost|p1a: Gliscor
|-heal|p1a: Gliscor|287\/353 tox
|
|-heal|p2a: Latias|282\/301|[from] item: Leftovers
|-heal|p1a: Gliscor|331\/353 tox|[from] ability: Poison Heal
|turn|14
|
|move|p2a: Latias|Surf|p1a: Gliscor
|-supereffective|p1a: Gliscor
|-damage|p1a: Gliscor|105\/353 tox
|move|p1a: Gliscor|Knock Off|p2a: Latias
|-supereffective|p2a: Latias
|-damage|p2a: Latias|110\/301
|-enditem|p2a: Latias|Leftovers|[from] move: Knock Off|[of] p1a: Gliscor
|
|-heal|p1a: Gliscor|149\/353 tox|[from] ability: Poison Heal
|turn|15
|
|switch|p1a: Serperior|Serperior, M|103\/291
|move|p2a: Latias|Defog|p1a: Serperior
|-boost|p1a: Serperior|evasion|1
|-sideend|p2: dark frontier|Stealth Rock|[from] move: Defog|[of] p2a: Latias
|
|turn|16
|
|switch|p2a: Cobalion|Cobalion|169\/323
|move|p1a: Serperior|Synthesis|p1a: Serperior
|-heal|p1a: Serperior|248\/291
|
|-heal|p2a: Cobalion|189\/323|[from] item: Leftovers
|turn|17
|
|switch|p2a: Latias|Latias, F|110\/301
|move|p1a: Serperior|Leaf Storm|p2a: Latias|[miss]
|-miss|p1a: Serperior|p2a: Latias
|
|turn|18
|
|move|p1a: Serperior|Leaf Storm|p2a: Latias|[miss]
|-miss|p1a: Serperior|p2a: Latias
|move|p2a: Latias|Draco Meteor|p1a: Serperior
|-damage|p1a: Serperior|44\/291
|-unboost|p2a: Latias|spa|2
|
|turn|19
|
|switch|p2a: Cobalion|Cobalion|189\/323
|move|p1a: Serperior|Synthesis|p1a: Serperior
|-heal|p1a: Serperior|189\/291
|
|-heal|p2a: Cobalion|209\/323|[from] item: Leftovers
|turn|20
|
|move|p1a: Serperior|Leaf Storm|p2a: Cobalion
|-resisted|p2a: Cobalion
|-damage|p2a: Cobalion|96\/323
|-boost|p1a: Serperior|spa|2
|move|p2a: Cobalion|Thunder Wave|p1a: Serperior|[miss]
|-miss|p2a: Cobalion|p1a: Serperior
|
|-heal|p2a: Cobalion|116\/323|[from] item: Leftovers
|turn|21
|
|move|p1a: Serperior|Hidden Power|p2a: Cobalion
|-supereffective|p2a: Cobalion
|-damage|p2a: Cobalion|0 fnt
|faint|p2a: Cobalion
|
|
|switch|p2a: Gengar|Gengar, F|261\/261
|turn|22
|
|move|p1a: Serperior|Leaf Storm|p2a: Gengar
|-resisted|p2a: Gengar
|-damage|p2a: Gengar|74\/261
|-boost|p1a: Serperior|spa|2
|move|p2a: Gengar|Sludge Wave|p1a: Serperior
|-miss|p2a: Gengar|p1a: Serperior
|
|turn|23
|c|âdark frontier|...
|
|move|p1a: Serperior|Hidden Power|p2a: Gengar
|-damage|p2a: Gengar|0 fnt
|faint|p2a: Gengar
|
|
|switch|p2a: Latias|Latias, F|110\/301
|turn|24
|
|move|p1a: Serperior|Leaf Storm|p2a: Latias
|-resisted|p2a: Latias
|-damage|p2a: Latias|0 fnt
|-boost|p1a: Serperior|spa|2
|faint|p2a: Latias
|
|c|âdark frontier|truly rediculous
|-message|dark frontier forfeited.
|leave|dark frontier
|
|win|Robbenwithlasers
|raw|Ladder updating...
|player|p2
|raw|Robbenwithlasers's rating: 1539 &rarr; <strong>1554<\/strong><br \/>(+15 for winning)
|raw|dark frontier's rating: 1454 &rarr; <strong>1439<\/strong><br \/>(-15 for losing)