|join|Robbenwithlasers
|join|BlogBoy
|player|p1|Robbenwithlasers|102
|player|p2|BlogBoy|32
|gametype|singles
|gen|6
|tier|OU
|rated
|clearpoke
|poke|p1|Tyranitar, M
|poke|p1|Excadrill, M
|poke|p1|Sableye, F
|poke|p1|Talonflame, F
|poke|p1|Chesnaught, M
|poke|p1|Manaphy
|poke|p2|Mew
|poke|p2|Garchomp, F
|poke|p2|Scizor, M
|poke|p2|Rotom-Wash
|poke|p2|Sylveon, M
|poke|p2|Talonflame, F
|rule|Swagger Clause: Swagger is banned
|rule|Baton Pass Clause: Limit one PokÃ©mon knowing Baton Pass
|rule|Sleep Clause Mod: Limit one foe put to sleep
|rule|Species Clause: Limit one of each PokÃ©mon
|rule|OHKO Clause: OHKO moves are banned
|rule|Moody Clause: Moody is banned
|rule|Evasion Moves Clause: Evasion moves are banned
|rule|Endless Battle Clause: Forcing endless battles is banned
|rule|HP Percentage Mod: HP is shown in percentages
|teampreview
|
|start
|switch|p1a: Sableye|Sableye, F|303\/303
|switch|p2a: Mew|Mew|404\/404
|turn|1
|
|switch|p2a: Rotom-Wash|Rotom-Wash|303\/303
|detailschange|p1a: Sableye|Sableye-Mega, F
|-mega|p1a: Sableye|Sableye|Sablenite
|move|p1a: Sableye|Knock Off|p2a: Rotom-Wash
|-damage|p2a: Rotom-Wash|216\/303
|-enditem|p2a: Rotom-Wash|Choice Specs|[from] move: Knock Off|[of] p1a: Sableye
|
|turn|2
|
|move|p2a: Rotom-Wash|Volt Switch|p1a: Sableye
|-damage|p1a: Sableye|222\/303
|
|switch|p2a: Sylveon|Sylveon, M|390\/390
|move|p1a: Sableye|Will-O-Wisp|p2a: Sylveon
|-status|p2a: Sylveon|brn
|
|-damage|p2a: Sylveon|342\/390 brn|[from] brn
|turn|3
|
|switch|p1a: Talonflame|Talonflame, F|359\/359
|move|p2a: Sylveon|Hyper Voice|p1a: Talonflame
|-resisted|p1a: Talonflame
|-damage|p1a: Talonflame|278\/359
|
|-heal|p1a: Talonflame|300\/359|[from] item: Leftovers
|-heal|p2a: Sylveon|366\/390 brn|[from] item: Leftovers
|-damage|p2a: Sylveon|318\/390 brn|[from] brn
|turn|4
|
|switch|p2a: Rotom-Wash|Rotom-Wash|216\/303
|move|p1a: Talonflame|Bulk Up|p1a: Talonflame
|-boost|p1a: Talonflame|atk|1
|-boost|p1a: Talonflame|def|1
|
|-heal|p1a: Talonflame|322\/359|[from] item: Leftovers
|turn|5
|
|switch|p1a: Tyranitar|Tyranitar, M|341\/341
|-weather|Sandstorm
|move|p2a: Rotom-Wash|Hydro Pump|p1a: Tyranitar
|-crit|p1a: Tyranitar
|-supereffective|p1a: Tyranitar
|-damage|p1a: Tyranitar|0 fnt
|faint|p1a: Tyranitar
|
|-weather|Sandstorm|[upkeep]
|-damage|p2a: Rotom-Wash|198\/303|[from] sandstorm
|
|switch|p1a: Sableye|Sableye-Mega, F|222\/303
|turn|6
|
|move|p2a: Rotom-Wash|Volt Switch|p1a: Sableye
|-crit|p1a: Sableye
|-damage|p1a: Sableye|107\/303
|
|switch|p2a: Talonflame|Talonflame, F|327\/327
|move|p1a: Sableye|Recover|p1a: Sableye
|-heal|p1a: Sableye|259\/303
|
|-weather|Sandstorm|[upkeep]
|-damage|p2a: Talonflame|307\/327|[from] sandstorm
|-damage|p1a: Sableye|241\/303|[from] sandstorm
|turn|7
|
|move|p2a: Talonflame|Swords Dance|p2a: Talonflame
|-boost|p2a: Talonflame|atk|2
|move|p1a: Sableye|Foul Play|p2a: Talonflame
|-damage|p2a: Talonflame|0 fnt
|faint|p2a: Talonflame
|
|-weather|Sandstorm|[upkeep]
|-damage|p1a: Sableye|223\/303|[from] sandstorm
|
|switch|p2a: Mew|Mew|404\/404
|turn|8
|
|move|p2a: Mew|Will-O-Wisp|p1a: Sableye
|move|p1a: Sableye|Will-O-Wisp|p2a: Mew|[from]Magic Bounce
|-status|p2a: Mew|brn
|-status|p1a: Sableye|brn
|move|p1a: Sableye|Knock Off|p2a: Mew
|-supereffective|p2a: Mew
|-damage|p2a: Mew|324\/404 brn
|-enditem|p2a: Mew|Leftovers|[from] move: Knock Off|[of] p1a: Sableye
|
|-weather|Sandstorm|[upkeep]
|-damage|p2a: Mew|299\/404 brn|[from] sandstorm
|-damage|p1a: Sableye|205\/303 brn|[from] sandstorm
|-damage|p2a: Mew|249\/404 brn|[from] brn
|-damage|p1a: Sableye|168\/303 brn|[from] brn
|turn|9
|
|switch|p2a: Sylveon|Sylveon, M|318\/390 brn
|move|p1a: Sableye|Recover|p1a: Sableye
|-heal|p1a: Sableye|303\/303 brn
|
|-weather|Sandstorm|[upkeep]
|-damage|p2a: Sylveon|294\/390 brn|[from] sandstorm
|-damage|p1a: Sableye|285\/303 brn|[from] sandstorm
|-heal|p2a: Sylveon|318\/390 brn|[from] item: Leftovers
|-damage|p2a: Sylveon|270\/390 brn|[from] brn
|-damage|p1a: Sableye|248\/303 brn|[from] brn
|turn|10
|
|switch|p2a: Rotom-Wash|Rotom-Wash|198\/303
|switch|p1a: Manaphy|Manaphy|341\/341
|
|-weather|Sandstorm|[upkeep]
|-damage|p1a: Manaphy|320\/341|[from] sandstorm
|-damage|p2a: Rotom-Wash|180\/303|[from] sandstorm
|-heal|p1a: Manaphy|341\/341|[from] item: Leftovers
|turn|11
|
|move|p1a: Manaphy|Heal Bell|p1a: Manaphy
|-cureteam|p1a: Manaphy|[from] move: HealBell
|move|p2a: Rotom-Wash|Volt Switch|p1a: Manaphy
|-supereffective|p1a: Manaphy
|-damage|p1a: Manaphy|123\/341
|
|switch|p2a: Sylveon|Sylveon, M|270\/390 brn
|
|-weather|Sandstorm|[upkeep]
|-damage|p1a: Manaphy|102\/341|[from] sandstorm
|-damage|p2a: Sylveon|246\/390 brn|[from] sandstorm
|-heal|p1a: Manaphy|123\/341|[from] item: Leftovers
|-heal|p2a: Sylveon|270\/390 brn|[from] item: Leftovers
|-damage|p2a: Sylveon|222\/390 brn|[from] brn
|turn|12
|
|switch|p1a: Talonflame|Talonflame, F|322\/359
|move|p2a: Sylveon|Heal Bell|p2a: Sylveon
|-cureteam|p2a: Sylveon|[from] move: HealBell
|
|-weather|none
|-heal|p1a: Talonflame|344\/359|[from] item: Leftovers
|-heal|p2a: Sylveon|246\/390|[from] item: Leftovers
|turn|13
|
|move|p2a: Sylveon|Protect|p2a: Sylveon
|-singleturn|p2a: Sylveon|Protect
|move|p1a: Talonflame|Will-O-Wisp|p2a: Sylveon
|-activate|p2a: Sylveon|Protect
|
|-heal|p1a: Talonflame|359\/359|[from] item: Leftovers
|-heal|p2a: Sylveon|270\/390|[from] item: Leftovers
|turn|14
|
|switch|p2a: Rotom-Wash|Rotom-Wash|180\/303
|move|p1a: Talonflame|Will-O-Wisp|p2a: Rotom-Wash
|-status|p2a: Rotom-Wash|brn
|
|-damage|p2a: Rotom-Wash|143\/303 brn|[from] brn
|turn|15
|
|switch|p1a: Sableye|Sableye-Mega, F|248\/303
|move|p2a: Rotom-Wash|Hydro Pump|p1a: Sableye
|-damage|p1a: Sableye|134\/303
|
|-damage|p2a: Rotom-Wash|106\/303 brn|[from] brn
|turn|16
|
|move|p2a: Rotom-Wash|Volt Switch|p1a: Sableye
|-damage|p1a: Sableye|49\/303
|
|switch|p2a: Sylveon|Sylveon, M|270\/390
|move|p1a: Sableye|Recover|p1a: Sableye
|-heal|p1a: Sableye|201\/303
|
|-heal|p2a: Sylveon|294\/390|[from] item: Leftovers
|turn|17
|
|switch|p1a: Talonflame|Talonflame, F|359\/359
|move|p2a: Sylveon|Wish|p2a: Sylveon
|
|-heal|p2a: Sylveon|318\/390|[from] item: Leftovers
|turn|18
|
|switch|p2a: Rotom-Wash|Rotom-Wash|106\/303 brn
|move|p1a: Talonflame|Bulk Up|p1a: Talonflame
|-boost|p1a: Talonflame|atk|1
|-boost|p1a: Talonflame|def|1
|
|-heal|p2a: Rotom-Wash|301\/303 brn|[from] move: Wish|[wisher] Sylveon
|-damage|p2a: Rotom-Wash|264\/303 brn|[from] brn
|turn|19
|
|switch|p1a: Manaphy|Manaphy|123\/341
|move|p2a: Rotom-Wash|Volt Switch|p1a: Manaphy
|-supereffective|p1a: Manaphy
|-damage|p1a: Manaphy|0 fnt
|faint|p1a: Manaphy
|
|switch|p2a: Mew|Mew|249\/404
|
|
|switch|p1a: Talonflame|Talonflame, F|359\/359
|turn|20
|
|move|p1a: Talonflame|Bulk Up|p1a: Talonflame
|-boost|p1a: Talonflame|atk|1
|-boost|p1a: Talonflame|def|1
|move|p2a: Mew|Taunt|p1a: Talonflame
|-start|p1a: Talonflame|move: Taunt
|
|turn|21
|
|switch|p2a: Rotom-Wash|Rotom-Wash|264\/303 brn
|move|p1a: Talonflame|Brave Bird|p2a: Rotom-Wash
|-resisted|p2a: Rotom-Wash
|-damage|p2a: Rotom-Wash|175\/303 brn
|-damage|p1a: Talonflame|330\/359|[from] recoil|[of] p2a: Rotom-Wash
|
|-heal|p1a: Talonflame|352\/359|[from] item: Leftovers
|-damage|p2a: Rotom-Wash|138\/303 brn|[from] brn
|turn|22
|
|switch|p1a: Excadrill|Excadrill, M|361\/361
|-item|p1a: Excadrill|Air Balloon
|move|p2a: Rotom-Wash|Hydro Pump|p1a: Excadrill
|-supereffective|p1a: Excadrill
|-damage|p1a: Excadrill|0 fnt
|-enditem|p1a: Excadrill|Air Balloon
|faint|p1a: Excadrill
|
|-damage|p2a: Rotom-Wash|101\/303 brn|[from] brn
|
|switch|p1a: Sableye|Sableye-Mega, F|201\/303
|turn|23
|
|move|p2a: Rotom-Wash|Volt Switch|p1a: Sableye
|-damage|p1a: Sableye|120\/303
|
|switch|p2a: Sylveon|Sylveon, M|318\/390
|move|p1a: Sableye|Recover|p1a: Sableye
|-heal|p1a: Sableye|272\/303
|
|-heal|p2a: Sylveon|342\/390|[from] item: Leftovers
|turn|24
|
|switch|p2a: Rotom-Wash|Rotom-Wash|101\/303 brn
|switch|p1a: Talonflame|Talonflame, F|352\/359
|
|-heal|p1a: Talonflame|359\/359|[from] item: Leftovers
|-damage|p2a: Rotom-Wash|64\/303 brn|[from] brn
|turn|25
|
|move|p1a: Talonflame|Brave Bird|p2a: Rotom-Wash
|-resisted|p2a: Rotom-Wash
|-damage|p2a: Rotom-Wash|5\/303 brn
|-damage|p1a: Talonflame|340\/359|[from] recoil|[of] p2a: Rotom-Wash
|move|p2a: Rotom-Wash|Volt Switch|p1a: Talonflame
|-supereffective|p1a: Talonflame
|-damage|p1a: Talonflame|140\/359
|
|switch|p2a: Garchomp|Garchomp, F|357\/357
|
|-heal|p1a: Talonflame|162\/359|[from] item: Leftovers
|turn|26
|
|switch|p1a: Chesnaught|Chesnaught, M|380\/380
|move|p2a: Garchomp|Earthquake|p1a: Chesnaught
|-resisted|p1a: Chesnaught
|-damage|p1a: Chesnaught|326\/380
|
|-heal|p1a: Chesnaught|349\/380|[from] item: Leftovers
|turn|27
|
|switch|p1a: Sableye|Sableye-Mega, F|272\/303
|move|p2a: Garchomp|Stealth Rock|p1a: Sableye
|move|p1a: Sableye|Stealth Rock|p2a: Garchomp|[from]Magic Bounce
|-sidestart|p2: BlogBoy|move: Stealth Rock
|
|turn|28
|
|switch|p2a: Rotom-Wash|Rotom-Wash|5\/303 brn
|-damage|p2a: Rotom-Wash|0 fnt|[from] Stealth Rock
|faint|p2a: Rotom-Wash
|move|p1a: Sableye|Knock Off|p2: Rotom-Wash|[notarget]
|-notarget
|
|
|switch|p2a: Sylveon|Sylveon, M|342\/390
|-damage|p2a: Sylveon|294\/390|[from] Stealth Rock
|turn|29
|
|switch|p1a: Talonflame|Talonflame, F|162\/359
|move|p2a: Sylveon|Hyper Voice|p1a: Talonflame
|-resisted|p1a: Talonflame
|-damage|p1a: Talonflame|90\/359
|
|-heal|p1a: Talonflame|112\/359|[from] item: Leftovers
|-heal|p2a: Sylveon|318\/390|[from] item: Leftovers
|turn|30
|
|switch|p2a: Garchomp|Garchomp, F|357\/357
|-damage|p2a: Garchomp|335\/357|[from] Stealth Rock
|move|p1a: Talonflame|Roost|p1a: Talonflame
|-heal|p1a: Talonflame|292\/359
|
|-heal|p1a: Talonflame|314\/359|[from] item: Leftovers
|turn|31
|
|move|p2a: Garchomp|Dragon Claw|p1a: Talonflame
|-crit|p1a: Talonflame
|-damage|p1a: Talonflame|53\/359
|move|p1a: Talonflame|Will-O-Wisp|p2a: Garchomp
|-status|p2a: Garchomp|brn
|
|-heal|p1a: Talonflame|75\/359|[from] item: Leftovers
|-damage|p2a: Garchomp|291\/357 brn|[from] brn
|turn|32
|
|switch|p1a: Sableye|Sableye-Mega, F|272\/303
|move|p2a: Garchomp|Stealth Rock|p1a: Sableye
|move|p1a: Sableye|Stealth Rock|p2a: Garchomp|[from]Magic Bounce
|-fail|p2a: Garchomp
|
|-damage|p2a: Garchomp|247\/357 brn|[from] brn
|turn|33
|
|switch|p2a: Scizor|Scizor, M|344\/344
|-damage|p2a: Scizor|301\/344|[from] Stealth Rock
|move|p1a: Sableye|Knock Off|p2a: Scizor
|-damage|p2a: Scizor|256\/344
|
|turn|34
|
|detailschange|p2a: Scizor|Scizor-Mega, M
|-mega|p2a: Scizor|Scizor|Scizorite
|move|p2a: Scizor|Defog|p1a: Sableye
|move|p1a: Sableye|Defog|p2a: Scizor|[from]Magic Bounce
|-unboost|p2a: Scizor|evasion|1
|-sideend|p2: BlogBoy|Stealth Rock|[from] move: Defog|[of] p2a: Scizor
|move|p1a: Sableye|Will-O-Wisp|p2a: Scizor
|-status|p2a: Scizor|brn
|
|-damage|p2a: Scizor|213\/344 brn|[from] brn
|turn|35
|
|switch|p1a: Talonflame|Talonflame, F|75\/359
|move|p2a: Scizor|Roost|p2a: Scizor
|-heal|p2a: Scizor|344\/344 brn
|
|-heal|p1a: Talonflame|97\/359|[from] item: Leftovers
|-damage|p2a: Scizor|301\/344 brn|[from] brn
|turn|36
|
|move|p1a: Talonflame|Roost|p1a: Talonflame
|-heal|p1a: Talonflame|277\/359
|move|p2a: Scizor|U-turn|p1a: Talonflame
|-resisted|p1a: Talonflame
|-damage|p1a: Talonflame|235\/359
|-message|BlogBoy forfeited.
|
|switch|p2a: Mew|Mew|249\/404
|
|-heal|p1a: Talonflame|257\/359|[from] item: Leftovers
|turn|37
|
|win|Robbenwithlasers
|raw|Ladder updating...