|join|dsbfbfn fs
|join|Robbenwithlasers
|player|p1|dsbfbfn fs|1
|player|p2|Robbenwithlasers|292
|gametype|singles
|gen|6
|tier|OU (suspect test)
|rated
|clearpoke
|poke|p1|Garchomp, M
|poke|p1|Greninja, F
|poke|p1|Keldeo
|poke|p1|Latias, F
|poke|p1|Gardevoir, F
|poke|p1|Thundurus, M
|poke|p2|Heracross, M
|poke|p2|Excadrill, M
|poke|p2|Azumarill, M
|poke|p2|Talonflame, M
|poke|p2|Tyranitar, M
|poke|p2|Latios, M
|rule|Swagger Clause: Swagger is banned
|rule|Baton Pass Clause: Limit one PokÃ©mon knowing Baton Pass
|rule|Sleep Clause Mod: Limit one foe put to sleep
|rule|Species Clause: Limit one of each PokÃ©mon
|rule|OHKO Clause: OHKO moves are banned
|rule|Moody Clause: Moody is banned
|rule|Evasion Moves Clause: Evasion moves are banned
|rule|Endless Battle Clause: Forcing endless battles is banned
|rule|HP Percentage Mod: HP is shown in percentages
|teampreview
|
|start
|switch|p1a: Gardevoir|Gardevoir, F|277\/277
|switch|p2a: Azumarill|Azumarill, M|401\/401
|-ability|p1a: Gardevoir|Huge Power|[from] ability: Trace|[of] p2a: Azumarill
|turn|1
|
|detailschange|p1a: Gardevoir|Gardevoir-Mega, F
|message|Gardevoir has Mega Evolved into Mega Gardevoir!
|move|p1a: Gardevoir|Will-O-Wisp|p2a: Azumarill
|-status|p2a: Azumarill|brn
|move|p2a: Azumarill|Waterfall|p1a: Gardevoir
|-crit|p1a: Gardevoir
|-damage|p1a: Gardevoir|96\/277
|
|-damage|p2a: Azumarill|351\/401 brn|[from] brn
|turn|2
|
|switch|p1a: Thundurus|Thundurus, M|299\/299
|move|p2a: Azumarill|Waterfall|p1a: Thundurus
|-crit|p1a: Thundurus
|-damage|p1a: Thundurus|134\/299
|
|-damage|p2a: Azumarill|301\/401 brn|[from] brn
|turn|3
|
|switch|p1a: Garchomp|Garchomp, M|357\/357
|move|p2a: Azumarill|Aqua Jet|p1a: Garchomp
|-damage|p1a: Garchomp|314\/357
|-damage|p2a: Azumarill|251\/401 brn|[from] ability: Rough Skin|[of] p1a: Garchomp
|
|-damage|p2a: Azumarill|201\/401 brn|[from] brn
|turn|4
|
|move|p1a: Garchomp|Earthquake|p2a: Azumarill
|-damage|p2a: Azumarill|0 fnt
|faint|p2a: Azumarill
|
|
|switch|p2a: Latios|Latios, M|301\/301
|turn|5
|
|switch|p1a: Thundurus|Thundurus, M|134\/299
|move|p2a: Latios|Psyshock|p1a: Thundurus
|-damage|p1a: Thundurus|0 fnt
|faint|p1a: Thundurus
|
|
|switch|p1a: Gardevoir|Gardevoir-Mega, F|96\/277
|turn|6
|
|move|p2a: Latios|Psyshock|p1a: Gardevoir
|-resisted|p1a: Gardevoir
|-damage|p1a: Gardevoir|0 fnt
|faint|p1a: Gardevoir
|
|
|switch|p1a: Latias|Latias, F|319\/319
|turn|7
|
|switch|p2a: Tyranitar|Tyranitar, M|380\/380
|-weather|Sandstorm
|switch|p1a: Greninja|Greninja, F|285\/285
|
|-weather|Sandstorm|[upkeep]
|-damage|p1a: Greninja|268\/285|[from] sandstorm
|turn|8
|
|move|p1a: Greninja|U-turn|p2a: Tyranitar
|-start|p1a: Greninja|typechange|Bug|[from] Protean
|-supereffective|p2a: Tyranitar
|-damage|p2a: Tyranitar|146\/380
|-damage|p1a: Greninja|240\/285|[from] item: Life Orb
|
|switch|p1a: Garchomp|Garchomp, M|314\/357
|move|p2a: Tyranitar|Earthquake|p1a: Garchomp
|-damage|p1a: Garchomp|194\/357
|
|-weather|Sandstorm|[upkeep]
|turn|9
|
|switch|p2a: Excadrill|Excadrill, M|361\/361
|-item|p2a: Excadrill|Air Balloon
|move|p1a: Garchomp|Stealth Rock|p2a: Excadrill
|-sidestart|p2: Robbenwithlasers|move: Stealth Rock
|
|-weather|Sandstorm|[upkeep]
|turn|10
|
|move|p2a: Excadrill|Earthquake|p1a: Garchomp
|-damage|p1a: Garchomp|0 fnt
|faint|p1a: Garchomp
|
|-weather|Sandstorm|[upkeep]
|
|switch|p1a: Keldeo|Keldeo|323\/323
|turn|11
|
|move|p2a: Excadrill|Rapid Spin|p1a: Keldeo
|-damage|p1a: Keldeo|292\/323
|-sideend|p2: Robbenwithlasers|Stealth Rock|[from] move: Rapid Spin|[of] p2a: Excadrill
|move|p1a: Keldeo|Scald|p2a: Excadrill
|-supereffective|p2a: Excadrill
|-damage|p2a: Excadrill|0 fnt
|-enditem|p2a: Excadrill|Air Balloon
|faint|p2a: Excadrill
|
|-weather|Sandstorm|[upkeep]
|-damage|p1a: Keldeo|272\/323|[from] sandstorm
|
|switch|p2a: Talonflame|Talonflame, M|297\/297
|turn|12
|
|move|p2a: Talonflame|Brave Bird|p1a: Keldeo
|-supereffective|p1a: Keldeo
|-damage|p1a: Keldeo|0 fnt
|-damage|p2a: Talonflame|207\/297|[from] recoil|[of] p1a: Keldeo
|faint|p1a: Keldeo
|
|-weather|Sandstorm|[upkeep]
|-damage|p2a: Talonflame|189\/297|[from] sandstorm
|
|switch|p1a: Latias|Latias, F|319\/319
|turn|13
|
|switch|p2a: Tyranitar|Tyranitar, M|146\/380
|move|p1a: Latias|Draco Meteor|p2a: Tyranitar
|-damage|p2a: Tyranitar|0 fnt
|-unboost|p1a: Latias|spa|2
|-damage|p1a: Latias|288\/319|[from] item: Life Orb
|faint|p2a: Tyranitar
|
|-weather|Sandstorm|[upkeep]
|-damage|p1a: Latias|269\/319|[from] sandstorm
|
|switch|p2a: Heracross|Heracross, M|301\/301
|turn|14
|
|detailschange|p2a: Heracross|Heracross-Mega, M
|message|Heracross has Mega Evolved into Mega Heracross!
|move|p1a: Latias|Draco Meteor|p2a: Heracross
|-damage|p2a: Heracross|187\/301
|-unboost|p1a: Latias|spa|2
|-damage|p1a: Latias|238\/319|[from] item: Life Orb
|move|p2a: Heracross|Pin Missile|p1a: Latias
|-supereffective|p1a: Latias
|-damage|p1a: Latias|88\/319
|-supereffective|p1a: Latias
|-damage|p1a: Latias|0 fnt
|-hitcount|p1a: Latias|2
|faint|p1a: Latias
|
|-weather|none
|
|switch|p1a: Greninja|Greninja, F|240\/285
|turn|15
|
|switch|p2a: Latios|Latios, M|301\/301
|move|p1a: Greninja|Extrasensory|p2a: Latios
|-start|p1a: Greninja|typechange|Psychic|[from] Protean
|-resisted|p2a: Latios
|-damage|p2a: Latios|226\/301
|-damage|p1a: Greninja|212\/285|[from] item: Life Orb
|
|turn|16
|
|move|p1a: Greninja|Ice Beam|p2a: Latios
|-start|p1a: Greninja|typechange|Ice|[from] Protean
|-supereffective|p2a: Latios
|-damage|p2a: Latios|0 fnt
|-damage|p1a: Greninja|184\/285|[from] item: Life Orb
|faint|p2a: Latios
|
|
|switch|p2a: Talonflame|Talonflame, M|189\/297
|turn|17
|
|move|p2a: Talonflame|Brave Bird|p1a: Greninja
|-damage|p1a: Greninja|0 fnt
|-damage|p2a: Talonflame|128\/297|[from] recoil|[of] p1a: Greninja
|faint|p1a: Greninja
|
|win|Robbenwithlasers
|raw|Ladder updating...
|raw|dsbfbfn fs's rating: 1061 &rarr; <strong>1038<\/strong><br \/>(-23 for losing)
|raw|Robbenwithlasers's rating: 1000 &rarr; <strong>1047<\/strong><br \/>(+47 for winning)
|leave|Robbenwithlasers
|player|p2