|join|RotomSock
|join|On Knees For Jesus
|player|p1|RotomSock|170
|player|p2|On Knees For Jesus|160
|gametype|singles
|gen|6
|tier|OU
|clearpoke
|poke|p1|Manectric, F
|poke|p1|Landorus-Therian, M
|poke|p1|Starmie
|poke|p1|Terrakion
|poke|p1|Mew
|poke|p1|Scizor, F
|poke|p2|Thundurus, M
|poke|p2|Latias, F
|poke|p2|Keldeo-Resolute
|poke|p2|Garchomp, F, shiny
|poke|p2|Scizor, F
|poke|p2|Azumarill, F, shiny
|rule|Swagger Clause: Swagger is banned
|rule|Baton Pass Clause: Limit one PokÃ©mon knowing Baton Pass
|rule|Sleep Clause Mod: Limit one foe put to sleep
|rule|Species Clause: Limit one of each PokÃ©mon
|rule|OHKO Clause: OHKO moves are banned
|rule|Moody Clause: Moody is banned
|rule|Evasion Moves Clause: Evasion moves are banned
|rule|Endless Battle Clause: Forcing endless battles is banned
|rule|HP Percentage Mod: HP is shown in percentages
|teampreview
|c|âOn Knees For Jesus|grr mew
|
|start
|switch|p1a: Terrakion|Terrakion|323\/323
|switch|p2a: mr. steal yo gurl|Keldeo-Resolute|323\/323
|turn|1
|c|âRotomSock|mew is the greatest fetus there is
|c|âOn Knees For Jesus|do i have to wear abrocombie to get a gril?
|c|âRotomSock|lol
|c|âRotomSock|no
|c|âOn Knees For Jesus|mew is th emsot annoying fetus
|c|âOn Knees For Jesus|rly on yahoo answers it said grils like them lol
|
|move|p2a: mr. steal yo gurl|Scald|p1a: Terrakion
|-supereffective|p1a: Terrakion
|-enditem|p1a: Terrakion|Focus Sash
|-damage|p1a: Terrakion|1\/323
|-status|p1a: Terrakion|brn
|move|p1a: Terrakion|Stealth Rock|p2a: mr. steal yo gurl
|-sidestart|p2: On Knees For Jesus|move: Stealth Rock
|
|-damage|p1a: Terrakion|0 fnt|[from] brn
|faint|p1a: Terrakion
|
|switch|p1a: Manectric|Manectric, F|281\/281
|turn|2
|
|detailschange|p1a: Manectric|Manectric-Mega, F
|message|Manectric has Mega Evolved into Mega Manectric!
|-ability|p1a: Manectric|Intimidate|[of] p2a: mr. steal yo gurl
|-unboost|p2a: mr. steal yo gurl|atk|1
|move|p2a: mr. steal yo gurl|Scald|p1a: Manectric
|-damage|p1a: Manectric|44\/281
|move|p1a: Manectric|Volt Switch|p2a: mr. steal yo gurl
|-supereffective|p2a: mr. steal yo gurl
|-damage|p2a: mr. steal yo gurl|59\/323
|c|âRotomSock|oh wow, I can't believe I did that
|c|âOn Knees For Jesus|:]
|c|âRotomSock|yikes
|c|âOn Knees For Jesus|what clothes shud i wear
|c|âRotomSock|might have just lost
|c|âOn Knees For Jesus|nah
|c|âRotomSock|your clothes
|
|switch|p1a: Starmie|Starmie|261\/261
|
|turn|3
|c|âOn Knees For Jesus|u have the invincible mew
|
|switch|p2a: Meh|Scizor, F|285\/285
|-damage|p2a: Meh|250\/285|[from] Stealth Rock
|move|p1a: Starmie|Grass Knot|p2a: Meh
|-resisted|p2a: Meh
|-damage|p2a: Meh|215\/285
|-damage|p1a: Starmie|235\/261|[from] item: Life Orb
|
|turn|4
|
|switch|p1a: Landorus-Therian|Landorus-Therian, M|320\/320
|-ability|p1a: Landorus-Therian|Intimidate|[of] p2a: Meh
|-unboost|p2a: Meh|atk|1
|detailschange|p2a: Meh|Scizor-Mega, F
|message|Scizor has Mega Evolved into Mega Scizor!
|move|p2a: Meh|Bug Bite|p1a: Landorus-Therian
|-resisted|p1a: Landorus-Therian
|-damage|p1a: Landorus-Therian|247\/320
|
|turn|5
|
|switch|p2a: IM worse :\/|Garchomp, F, shiny|357\/357
|-damage|p2a: IM worse :\/|335\/357|[from] Stealth Rock
|move|p1a: Landorus-Therian|U-turn|p2a: IM worse :\/
|-crit|p2a: IM worse :\/
|-damage|p2a: IM worse :\/|191\/357
|-damage|p1a: Landorus-Therian|207\/320|[from] ability: Rough Skin|[of] p2a: IM worse :\/
|
|switch|p1a: Manectric|Manectric-Mega, F|44\/281
|-ability|p1a: Manectric|Intimidate|[of] p2a: IM worse :\/
|-unboost|p2a: IM worse :\/|atk|1
|
|turn|6
|c|âOn Knees For Jesus|wont let me stop the timer
|
|switch|p1a: Mew|Mew|403\/403
|move|p2a: IM worse :\/|Earthquake|p1a: Mew
|-damage|p1a: Mew|280\/403
|
|-heal|p1a: Mew|305\/403|[from] item: Leftovers
|turn|7
|
|move|p2a: IM worse :\/|Earthquake|p1a: Mew
|-damage|p1a: Mew|194\/403
|move|p1a: Mew|Will-O-Wisp|p2a: IM worse :\/
|-status|p2a: IM worse :\/|brn
|
|-heal|p1a: Mew|219\/403|[from] item: Leftovers
|-damage|p2a: IM worse :\/|147\/357 brn|[from] brn
|turn|8
|
|move|p2a: IM worse :\/|Earthquake|p1a: Mew
|-crit|p1a: Mew
|-damage|p1a: Mew|84\/403
|move|p1a: Mew|Soft-Boiled|p1a: Mew
|-heal|p1a: Mew|286\/403
|
|-heal|p1a: Mew|311\/403|[from] item: Leftovers
|-damage|p2a: IM worse :\/|103\/357 brn|[from] brn
|turn|9
|
|switch|p2a: splapp-me-do c:|Latias, F|319\/319
|-damage|p2a: splapp-me-do c:|280\/319|[from] Stealth Rock
|move|p1a: Mew|Soft-Boiled|p1a: Mew
|-heal|p1a: Mew|403\/403
|
|turn|10
|
|move|p2a: splapp-me-do c:|Defog|p1a: Mew
|-unboost|p1a: Mew|evasion|1
|-sideend|p2: On Knees For Jesus|Stealth Rock|[from] move: Defog|[of] p2a: splapp-me-do c:
|move|p1a: Mew|Knock Off|p2a: splapp-me-do c:
|-supereffective|p2a: splapp-me-do c:
|-damage|p2a: splapp-me-do c:|120\/319
|-enditem|p2a: splapp-me-do c:|Life Orb|[from] move: Knock Off|[of] p1a: Mew
|
|turn|11
|
|move|p2a: splapp-me-do c:|Draco Meteor|p1a: Mew
|-damage|p1a: Mew|232\/403
|-unboost|p2a: splapp-me-do c:|spa|2
|move|p1a: Mew|Will-O-Wisp|p2a: splapp-me-do c:
|-status|p2a: splapp-me-do c:|brn
|
|-heal|p1a: Mew|257\/403|[from] item: Leftovers
|-damage|p2a: splapp-me-do c:|81\/319 brn|[from] brn
|turn|12
|
|switch|p2a: IM worse :\/|Garchomp, F, shiny|103\/357 brn
|switch|p1a: Starmie|Starmie|235\/261
|
|-damage|p2a: IM worse :\/|59\/357 brn|[from] brn
|turn|13
|
|switch|p1a: Mew|Mew|257\/403
|move|p2a: IM worse :\/|Stealth Rock|p1a: Mew
|-sidestart|p1: RotomSock|move: Stealth Rock
|
|-heal|p1a: Mew|282\/403|[from] item: Leftovers
|-damage|p2a: IM worse :\/|15\/357 brn|[from] brn
|turn|14
|c|âOn Knees For Jesus|??????
|c|âOn Knees For Jesus|why did u switch
|c|âOn Knees For Jesus|lol
|c|âRotomSock|I really thought you were scarf and didn't want to take unnecessary damage
|c|âOn Knees For Jesus|ahhh
|
|move|p2a: IM worse :\/|Fire Blast|p1a: Mew
|-damage|p1a: Mew|223\/403
|move|p1a: Mew|Soft-Boiled|p1a: Mew
|-heal|p1a: Mew|403\/403
|
|-damage|p2a: IM worse :\/|0 fnt|[from] brn
|faint|p2a: IM worse :\/
|
|switch|p2a: splapp-me-do c:|Latias, F|81\/319 brn
|turn|15
|
|move|p2a: splapp-me-do c:|Healing Wish|p2a: splapp-me-do c:
|faint|p2a: splapp-me-do c:
|move|p1a: Mew|Taunt|p2: splapp-me-do c:|[notarget]
|-notarget
|
|
|switch|p2a: mr. steal yo gurl|Keldeo-Resolute|59\/323
|-heal|p2a: mr. steal yo gurl|323\/323|[from] move: Healing Wish
|turn|16
|
|switch|p1a: Scizor|Scizor, F|281\/281
|-damage|p1a: Scizor|246\/281|[from] Stealth Rock
|move|p2a: mr. steal yo gurl|Hydro Pump|p1a: Scizor
|-damage|p1a: Scizor|0 fnt
|faint|p1a: Scizor
|
|
|switch|p1a: Manectric|Manectric-Mega, F|44\/281
|-damage|p1a: Manectric|9\/281|[from] Stealth Rock
|-ability|p1a: Manectric|Intimidate|[of] p2a: mr. steal yo gurl
|-unboost|p2a: mr. steal yo gurl|atk|1
|turn|17
|c|âOn Knees For Jesus|nb
|c|âRotomSock|imagine if this had another 80% ;_;
|c|âOn Knees For Jesus|ik i wa sliek hwy manectric lol
|c|âOn Knees For Jesus|did u think i wud switch?
|c|âRotomSock|I just forgot about speed before mega thing
|c|âRotomSock|it was a big derp
|c|âOn Knees For Jesus|ahhh
|c|âOn Knees For Jesus|hmmm
|c|âRotomSock|imo, go into thundy here, sack then go back into keldeo, sack then never aqua jet or bp
|c|âOn Knees For Jesus|hmm
|c|âOn Knees For Jesus|i was thinking that
|c|âOn Knees For Jesus|tbh 
|
|switch|p2a: i suck|Thundurus, M|299\/299
|move|p1a: Manectric|Thunderbolt|p2a: i suck
|-damage|p2a: i suck|65\/299
|
|turn|18
|c|âOn Knees For Jesus|ima take ur advice
|c|âRotomSock|!learn starmie, healing wish
|raw|<div class="infobox">Starmie <span class="message-learn-cannotlearn">can't<\/span> learn Healing Wish<\/div>
|c|âOn Knees For Jesus|never aqua jet or bp? lol
|
|move|p1a: Manectric|Thunderbolt|p2a: i suck
|-damage|p2a: i suck|0 fnt
|faint|p2a: i suck
|
|c|âRotomSock|are you not AV azu?
|c|âOn Knees For Jesus|u said never aqua jet or bp lol
|
|switch|p2a: Meh|Scizor-Mega, F|215\/285
|turn|19
|
|move|p2a: Meh|Bullet Punch|p1a: Manectric
|-resisted|p1a: Manectric
|-damage|p1a: Manectric|0 fnt
|faint|p1a: Manectric
|
|
|switch|p1a: Mew|Mew|403\/403
|-damage|p1a: Mew|353\/403|[from] Stealth Rock
|turn|20
|
|move|p1a: Mew|Will-O-Wisp|p2a: Meh
|-status|p2a: Meh|brn
|move|p2a: Meh|Bug Bite|p1a: Mew
|-supereffective|p1a: Mew
|-damage|p1a: Mew|147\/403
|
|-heal|p1a: Mew|172\/403|[from] item: Leftovers
|-damage|p2a: Meh|180\/285 brn|[from] brn
|turn|21
|c|âOn Knees For Jesus|thats a fast ass mew
|c|âRotomSock|it's just the standard stallbreaker set
|
|move|p1a: Mew|Taunt|p2a: Meh
|-start|p2a: Meh|move: Taunt
|cant|p2a: Meh|move: Taunt|Swords Dance
|
|-heal|p1a: Mew|197\/403|[from] item: Leftovers
|-damage|p2a: Meh|145\/285 brn|[from] brn
|turn|22
|c|âOn Knees For Jesus|16 speed?
|c|âRotomSock|nb
|c|âRotomSock|152
|
|move|p1a: Mew|Soft-Boiled|p1a: Mew
|-heal|p1a: Mew|399\/403
|move|p2a: Meh|Bug Bite|p1a: Mew
|-supereffective|p1a: Mew
|-damage|p1a: Mew|183\/403
|
|-heal|p1a: Mew|208\/403|[from] item: Leftovers
|-damage|p2a: Meh|110\/285 brn|[from] brn
|turn|23
|
|switch|p1a: Landorus-Therian|Landorus-Therian, M|207\/320
|-damage|p1a: Landorus-Therian|167\/320|[from] Stealth Rock
|-ability|p1a: Landorus-Therian|Intimidate|[of] p2a: Meh
|-unboost|p2a: Meh|atk|1
|move|p2a: Meh|Bug Bite|p1a: Landorus-Therian
|-resisted|p1a: Landorus-Therian
|-damage|p1a: Landorus-Therian|128\/320
|
|-damage|p2a: Meh|75\/285 brn|[from] brn
|-end|p2a: Meh|move: Taunt
|turn|24
|
|move|p2a: Meh|Bullet Punch|p1a: Landorus-Therian
|-damage|p1a: Landorus-Therian|79\/320
|move|p1a: Landorus-Therian|Earthquake|p2a: Meh
|-damage|p2a: Meh|0 fnt
|faint|p2a: Meh
|
|
|switch|p2a: HOO-RAH|Azumarill, F, shiny|401\/401
|turn|25
|
|move|p1a: Landorus-Therian|Earthquake|p2a: HOO-RAH
|-damage|p2a: HOO-RAH|178\/401
|move|p2a: HOO-RAH|Knock Off|p1a: Landorus-Therian
|-damage|p1a: Landorus-Therian|0 fnt
|-enditem|p1a: Landorus-Therian|Choice Scarf|[from] move: Knock Off|[of] p2a: HOO-RAH
|faint|p1a: Landorus-Therian
|
|
|switch|p1a: Mew|Mew|208\/403
|-damage|p1a: Mew|158\/403|[from] Stealth Rock
|turn|26
|
|switch|p2a: mr. steal yo gurl|Keldeo-Resolute|323\/323
|move|p1a: Mew|Knock Off|p2a: mr. steal yo gurl
|-resisted|p2a: mr. steal yo gurl
|-damage|p2a: mr. steal yo gurl|281\/323
|-boost|p2a: mr. steal yo gurl|atk|1|[from] ability: Justified
|-enditem|p2a: mr. steal yo gurl|Choice Specs|[from] move: Knock Off|[of] p1a: Mew
|
|-heal|p1a: Mew|183\/403|[from] item: Leftovers
|turn|27
|c|âOn Knees For Jesus|volt turn is so annoying
|
|switch|p1a: Starmie|Starmie|235\/261
|-damage|p1a: Starmie|203\/261|[from] Stealth Rock
|move|p2a: mr. steal yo gurl|Hydro Pump|p1a: Starmie
|-resisted|p1a: Starmie
|-damage|p1a: Starmie|92\/261
|
|turn|28
|
|move|p1a: Starmie|Grass Knot|p2a: mr. steal yo gurl
|-supereffective|p2a: mr. steal yo gurl
|-damage|p2a: mr. steal yo gurl|109\/323
|-damage|p1a: Starmie|66\/261|[from] item: Life Orb
|move|p2a: mr. steal yo gurl|Hydro Pump|p1a: Starmie
|-resisted|p1a: Starmie
|-damage|p1a: Starmie|0 fnt
|faint|p1a: Starmie
|
|c|âOn Knees For Jesus|???
|c|âRotomSock|that bitch light af
|c|âOn Knees For Jesus|whyd dint u spsyshock
|c|âOn Knees For Jesus|lol
|c|âOn Knees For Jesus|if i hti hydro miss i win
|c|âRotomSock|!dt keldeo
|c|~|\/data-pokemon Keldeo
|raw|<font size="1"><font color=#585858>Dex#:<\/font> 647&nbsp;|&ThickSpace;<font color=#585858>Height:<\/font> 1.4 m&nbsp;|&ThickSpace;<font color=#585858>Weight:<\/font> 48.5 kg <em>(60 BP)<\/em>&nbsp;|&ThickSpace;<font color=#585858>Dex Colour:<\/font> Yellow&nbsp;|&ThickSpace;<font color=#585858>Egg Group(s):<\/font> Undiscovered&nbsp;|&ThickSpace;<font color=#585858><font color=#585858>Does Not Evolve<\/font><\/font><\/font>
|
|switch|p1a: Mew|Mew|183\/403
|-damage|p1a: Mew|133\/403|[from] Stealth Rock
|turn|29
|c|âOn Knees For Jesus|u still win bro
|c|âOn Knees For Jesus|dw
|c|âOn Knees For Jesus|hydro miss
|c|âOn Knees For Jesus|is on ur side
|
|move|p2a: mr. steal yo gurl|Hydro Pump|p1a: Mew
|-damage|p1a: Mew|0 fnt
|faint|p1a: Mew
|
|win|On Knees For Jesus
|c|âOn Knees For Jesus|:o
|c|âOn Knees For Jesus|gg
|c|âRotomSock|that 2nd turn, biggest derp ever :[
|c|âRotomSock|megaman puts in so mch work against your team
|c|âOn Knees For Jesus|yeah that mad eu lose
|c|âRotomSock|gg though
|c|âOn Knees For Jesus|also me totlaly bluffing the scarf helped