|join|RotomSock
|join|JustB1az3
|player|p1|RotomSock|37
|player|p2|JustB1az3|278
|gametype|singles
|gen|6
|tier|OU
|clearpoke
|poke|p1|Pinsir, M
|poke|p1|Magnezone
|poke|p1|Garchomp, M
|poke|p1|Landorus-Therian, M
|poke|p1|Starmie
|poke|p1|Raikou
|poke|p2|Venusaur, M
|poke|p2|Rhyperior, F
|poke|p2|Rotom-Wash
|poke|p2|Latios, M
|poke|p2|Landorus, M
|poke|p2|Conkeldurr, F
|rule|Swagger Clause: Swagger is banned
|rule|Baton Pass Clause: Limit one PokÃ©mon knowing Baton Pass
|rule|Sleep Clause Mod: Limit one foe put to sleep
|rule|Species Clause: Limit one of each PokÃ©mon
|rule|OHKO Clause: OHKO moves are banned
|rule|Moody Clause: Moody is banned
|rule|Evasion Moves Clause: Evasion moves are banned
|rule|Endless Battle Clause: Forcing endless battles is banned
|rule|HP Percentage Mod: HP is shown in percentages
|teampreview
|c|âJustB1az3|alright gl
|
|start
|switch|p1a: Landorus-Therian|Landorus-Therian, M|382\/382
|switch|p2a: Rhyperior|Rhyperior, F|424\/424
|-ability|p1a: Landorus-Therian|Intimidate|[of] p2a: Rhyperior
|-unboost|p2a: Rhyperior|atk|1
|turn|1
|
|move|p1a: Landorus-Therian|U-turn|p2a: Rhyperior
|-damage|p2a: Rhyperior|373\/424
|
|switch|p1a: Starmie|Starmie|323\/323
|move|p2a: Rhyperior|Stealth Rock|p1a: Starmie
|-sidestart|p1: RotomSock|move: Stealth Rock
|
|-heal|p2a: Rhyperior|399\/424|[from] item: Leftovers
|turn|2
|
|switch|p2a: Rotom-Wash|Rotom-Wash|304\/304
|move|p1a: Starmie|Rapid Spin|p2a: Rotom-Wash
|-damage|p2a: Rotom-Wash|291\/304
|-sideend|p1: RotomSock|Stealth Rock|[from] move: Rapid Spin|[of] p1a: Starmie
|
|-heal|p2a: Rotom-Wash|304\/304|[from] item: Leftovers
|turn|3
|c|âRotomSock|this team needs a lati
|c|âRotomSock|or maybe conk
|c|âRotomSock|eh
|c|âJustB1az3|lol I'm glad you dont have gard
|
|switch|p1a: Raikou|Raikou|322\/322
|-ability|p1a: Raikou|Pressure
|move|p2a: Rotom-Wash|Volt Switch|p1a: Raikou
|-resisted|p1a: Raikou
|-damage|p1a: Raikou|293\/322
|
|switch|p2a: Conkeldurr|Conkeldurr, F|351\/351
|
|turn|4
|
|switch|p2a: Rhyperior|Rhyperior, F|399\/424
|move|p1a: Raikou|Volt Switch|p2a: Rhyperior
|-immune|p2a: Rhyperior|[msg]
|
|-heal|p2a: Rhyperior|424\/424|[from] item: Leftovers
|turn|5
|
|switch|p1a: Starmie|Starmie|323\/323
|move|p2a: Rhyperior|Earthquake|p1a: Starmie
|-damage|p1a: Starmie|118\/323
|
|-heal|p1a: Starmie|138\/323|[from] item: Leftovers
|turn|6
|
|switch|p2a: Rotom-Wash|Rotom-Wash|304\/304
|move|p1a: Starmie|Scald|p2a: Rotom-Wash
|-resisted|p2a: Rotom-Wash
|-damage|p2a: Rotom-Wash|273\/304
|-status|p2a: Rotom-Wash|brn
|
|-heal|p1a: Starmie|158\/323|[from] item: Leftovers
|-heal|p2a: Rotom-Wash|292\/304 brn|[from] item: Leftovers
|-damage|p2a: Rotom-Wash|254\/304 brn|[from] brn
|turn|7
|c|âJustB1az3|:[
|c|âRotomSock|:D
|
|switch|p1a: Garchomp|Garchomp, M|358\/358
|move|p2a: Rotom-Wash|Volt Switch|p1a: Garchomp
|-immune|p1a: Garchomp|[msg]
|
|-heal|p2a: Rotom-Wash|273\/304 brn|[from] item: Leftovers
|-damage|p2a: Rotom-Wash|235\/304 brn|[from] brn
|turn|8
|
|switch|p1a: Magnezone|Magnezone|282\/282
|switch|p2a: Rhyperior|Rhyperior, F|424\/424
|
|turn|9
|c|âJustB1az3|yasss
|
|move|p1a: Magnezone|Flash Cannon|p2a: Rhyperior
|-supereffective|p2a: Rhyperior
|-damage|p2a: Rhyperior|0 fnt
|faint|p2a: Rhyperior
|
|c|âRotomSock|.-.
|c|âRotomSock|yas?
|c|âJustB1az3|nvm lol
|c|âRotomSock|I think that matchup was in my favor :P
|c|âJustB1az3|I was hoping you wouldn't predicting rotom 
|c|âJustB1az3|:(
|c|âJustB1az3|were*
|c|âRotomSock|ah
|
|switch|p2a: Rotom-Wash|Rotom-Wash|235\/304 brn
|turn|10
|c|âRotomSock|I do have a rotom problem
|
|switch|p1a: Raikou|Raikou|293\/322
|-ability|p1a: Raikou|Pressure
|move|p2a: Rotom-Wash|Will-O-Wisp|p1a: Raikou
|-status|p1a: Raikou|brn
|
|-heal|p2a: Rotom-Wash|254\/304 brn|[from] item: Leftovers
|-damage|p1a: Raikou|253\/322 brn|[from] brn
|-damage|p2a: Rotom-Wash|216\/304 brn|[from] brn
|turn|11
|
|move|p1a: Raikou|Volt Switch|p2a: Rotom-Wash
|-damage|p2a: Rotom-Wash|140\/304 brn
|c|âJustB1az3|dammmit
|
|switch|p1a: Magnezone|Magnezone|282\/282
|move|p2a: Rotom-Wash|Volt Switch|p1a: Magnezone
|-resisted|p1a: Magnezone
|-damage|p1a: Magnezone|236\/282
|join|HxH KilluaSenpai
|c|âJustB1az3|nvm nice play
|
|switch|p2a: Conkeldurr|Conkeldurr, F|351\/351
|
|turn|12
|c|âRotomSock|I need to get rocks up
|
|move|p1a: Magnezone|Thunderbolt|p2a: Conkeldurr
|-damage|p2a: Conkeldurr|168\/351
|move|p2a: Conkeldurr|Knock Off|p1a: Magnezone
|-damage|p1a: Magnezone|123\/282
|-enditem|p1a: Magnezone|Choice Specs|[from] move: Knock Off|[of] p2a: Conkeldurr
|
|turn|13
|c|âJustB1az3|nah you're fine without em :]
|c|âRotomSock|that did so much
|
|move|p1a: Magnezone|Volt Switch|p2a: Conkeldurr
|-damage|p2a: Conkeldurr|84\/351
|
|switch|p1a: Landorus-Therian|Landorus-Therian, M|382\/382
|-ability|p1a: Landorus-Therian|Intimidate|[of] p2a: Conkeldurr
|-unboost|p2a: Conkeldurr|atk|1
|move|p2a: Conkeldurr|Drain Punch|p1a: Landorus-Therian
|-resisted|p1a: Landorus-Therian
|-damage|p1a: Landorus-Therian|337\/382
|-heal|p2a: Conkeldurr|107\/351|[from] drain|[of] p1a: Landorus-Therian
|
|-heal|p1a: Landorus-Therian|360\/382|[from] item: Leftovers
|turn|14
|
|switch|p2a: Latios|Latios, M|302\/302
|move|p1a: Landorus-Therian|Stealth Rock|p2a: Latios
|-sidestart|p2: JustB1az3|move: Stealth Rock
|
|-heal|p1a: Landorus-Therian|382\/382|[from] item: Leftovers
|turn|15
|
|move|p2a: Latios|Draco Meteor|p1a: Landorus-Therian
|-damage|p1a: Landorus-Therian|100\/382
|-unboost|p2a: Latios|spa|2
|move|p1a: Landorus-Therian|U-turn|p2a: Latios
|-supereffective|p2a: Latios
|-damage|p2a: Latios|108\/302
|c|âJustB1az3|hmmm unfortunate 
|c|âJustB1az3|how'd you get so good fren,practice?
|
|switch|p1a: Pinsir|Pinsir, M|271\/271
|
|turn|16
|c|âRotomSock|I guess .-.
|
|detailschange|p1a: Pinsir|Pinsir-Mega, M
|message|Pinsir has Mega Evolved into Mega Pinsir!
|move|p2a: Latios|Draco Meteor|p1a: Pinsir
|-damage|p1a: Pinsir|145\/271
|-unboost|p2a: Latios|spa|2
|move|p1a: Pinsir|Swords Dance|p1a: Pinsir
|-boost|p1a: Pinsir|atk|2
|
|turn|17
|c|âRotomSock|yay for no crit
|c|âJustB1az3|yup thats game lol
|
|move|p1a: Pinsir|Quick Attack|p2a: Latios
|-crit|p2a: Latios
|-damage|p2a: Latios|0 fnt
|faint|p2a: Latios
|
|c|âRotomSock|jiji
|
|switch|p2a: Landorus|Landorus, M|319\/319
|-damage|p2a: Landorus|280\/319|[from] Stealth Rock
|turn|18
|c|âRotomSock|reveal scarf
|c|âJustB1az3|yeah...you should switch...
|
|move|p1a: Pinsir|Frustration|p2a: Landorus
|-damage|p2a: Landorus|0 fnt
|faint|p2a: Landorus
|
|c|âRotomSock|how about no :P
|
|switch|p2a: Conkeldurr|Conkeldurr, F|107\/351
|-damage|p2a: Conkeldurr|86\/351|[from] Stealth Rock
|turn|19
|c|âJustB1az3|:[ worth a shot lol
|
|move|p2a: Conkeldurr|Mach Punch|p1a: Pinsir
|-resisted|p1a: Pinsir
|-damage|p1a: Pinsir|129\/271
|move|p1a: Pinsir|Frustration|p2a: Conkeldurr
|-supereffective|p2a: Conkeldurr
|-damage|p2a: Conkeldurr|0 fnt
|faint|p2a: Conkeldurr
|
|
|switch|p2a: Rotom-Wash|Rotom-Wash|140\/304 brn
|-damage|p2a: Rotom-Wash|102\/304 brn|[from] Stealth Rock
|turn|20
|
|move|p1a: Pinsir|Frustration|p2a: Rotom-Wash
|-resisted|p2a: Rotom-Wash
|-damage|p2a: Rotom-Wash|0 fnt
|faint|p2a: Rotom-Wash
|
|
|switch|p2a: Venusaur|Venusaur, M|364\/364
|-damage|p2a: Venusaur|319\/364|[from] Stealth Rock
|turn|21
|c|âJustB1az3|gg kinda
|
|move|p1a: Pinsir|Frustration|p2a: Venusaur
|-supereffective|p2a: Venusaur
|-damage|p2a: Venusaur|0 fnt
|faint|p2a: Venusaur
|
|win|RotomSock
|leave|JustB1az3
|player|p2
|leave|HxH KilluaSenpai
|join|purple color
|leave|purple color