|join|roy bringus
|join|RotomSock
|player|p1|roy bringus|266
|player|p2|RotomSock|37
|gametype|singles
|gen|6
|tier|OU
|rated
|clearpoke
|poke|p1|Tyranitar, F
|poke|p1|Garchomp, M
|poke|p1|Bisharp, M
|poke|p1|Landorus, M
|poke|p1|Azumarill, M
|poke|p1|Thundurus, M
|poke|p2|Magnezone
|poke|p2|Pinsir, F
|poke|p2|Garchomp, F
|poke|p2|Landorus-Therian, M
|poke|p2|Latias, F
|poke|p2|Raikou
|rule|Swagger Clause: Swagger is banned
|rule|Baton Pass Clause: Limit one PokÃ©mon knowing Baton Pass
|rule|Sleep Clause Mod: Limit one foe put to sleep
|rule|Species Clause: Limit one of each PokÃ©mon
|rule|OHKO Clause: OHKO moves are banned
|rule|Moody Clause: Moody is banned
|rule|Evasion Moves Clause: Evasion moves are banned
|rule|Endless Battle Clause: Forcing endless battles is banned
|rule|HP Percentage Mod: HP is shown in percentages
|teampreview
|c|âRotomSock|I cancelled this a several minutes ago....
|
|start
|switch|p1a: Marvin's Room|Bisharp, M|272\/272
|switch|p2a: Magnezone|Magnezone|282\/282
|turn|1
|
|move|p1a: Marvin's Room|Knock Off|p2a: Magnezone
|-damage|p2a: Magnezone|79\/282
|-enditem|p2a: Magnezone|Choice Specs|[from] move: Knock Off|[of] p1a: Marvin's Room
|-damage|p1a: Marvin's Room|245\/272|[from] item: Life Orb
|move|p2a: Magnezone|Thunderbolt|p1a: Marvin's Room
|-damage|p1a: Marvin's Room|25\/272
|
|turn|2
|c|âRotomSock|showdown is so horribly laggy..
|
|move|p1a: Marvin's Room|Stealth Rock|p2a: Magnezone
|-sidestart|p2: RotomSock|move: Stealth Rock
|move|p2a: Magnezone|Flash Cannon|p1a: Marvin's Room
|-resisted|p1a: Marvin's Room
|-damage|p1a: Marvin's Room|0 fnt
|faint|p1a: Marvin's Room
|
|c|âroy bringus|ik
|
|switch|p1a: 0 to 100|Tyranitar, F|342\/342
|-weather|Sandstorm
|turn|3
|
|detailschange|p1a: 0 to 100|Tyranitar-Mega, F
|message|Tyranitar has Mega Evolved into Mega Tyranitar!
|move|p1a: 0 to 100|Crunch|p2a: Magnezone
|-damage|p2a: Magnezone|0 fnt
|faint|p2a: Magnezone
|
|-weather|Sandstorm|[upkeep]
|
|switch|p2a: Landorus-Therian|Landorus-Therian, M|382\/382
|-damage|p2a: Landorus-Therian|335\/382|[from] Stealth Rock
|-ability|p2a: Landorus-Therian|Intimidate|[of] p1a: 0 to 100
|-unboost|p1a: 0 to 100|atk|1
|turn|4
|
|switch|p1a: The Language|Landorus, M|320\/320
|move|p2a: Landorus-Therian|Stealth Rock|p1a: The Language
|-sidestart|p1: roy bringus|move: Stealth Rock
|
|-weather|Sandstorm|[upkeep]
|-heal|p2a: Landorus-Therian|358\/382|[from] item: Leftovers
|turn|5
|
|switch|p2a: Raikou|Raikou|322\/322
|-damage|p2a: Raikou|282\/322|[from] Stealth Rock
|-ability|p2a: Raikou|Pressure
|move|p1a: The Language|Hidden Power|p2a: Raikou
|-damage|p2a: Raikou|225\/322
|-damage|p1a: The Language|288\/320|[from] item: Life Orb
|
|-weather|Sandstorm|[upkeep]
|-damage|p2a: Raikou|205\/322|[from] sandstorm
|turn|6
|
|switch|p1a: Over My Dead Body|Azumarill, M|379\/379
|-damage|p1a: Over My Dead Body|332\/379|[from] Stealth Rock
|move|p2a: Raikou|Volt Switch|p1a: Over My Dead Body
|-supereffective|p1a: Over My Dead Body
|-damage|p1a: Over My Dead Body|176\/379
|
|switch|p2a: Pinsir|Pinsir, F|271\/271
|-damage|p2a: Pinsir|204\/271|[from] Stealth Rock
|
|-weather|Sandstorm|[upkeep]
|-damage|p2a: Pinsir|188\/271|[from] sandstorm
|-damage|p1a: Over My Dead Body|153\/379|[from] sandstorm
|turn|7
|
|detailschange|p2a: Pinsir|Pinsir-Mega, F
|message|Pinsir has Mega Evolved into Mega Pinsir!
|move|p1a: Over My Dead Body|Aqua Jet|p2a: Pinsir
|-damage|p2a: Pinsir|116\/271
|move|p2a: Pinsir|Frustration|p1a: Over My Dead Body
|-damage|p1a: Over My Dead Body|0 fnt
|faint|p1a: Over My Dead Body
|
|-weather|none
|
|switch|p1a: The Motion|Thundurus, M|299\/299
|-damage|p1a: The Motion|225\/299|[from] Stealth Rock
|turn|8
|
|switch|p2a: Latias|Latias, F|299\/299
|-damage|p2a: Latias|262\/299|[from] Stealth Rock
|move|p1a: The Motion|Hidden Power|p2a: Latias
|-supereffective|p2a: Latias
|-damage|p2a: Latias|114\/299
|-damage|p1a: The Motion|196\/299|[from] item: Life Orb
|
|turn|9
|
|switch|p2a: Pinsir|Pinsir-Mega, F|116\/271
|-damage|p2a: Pinsir|0 fnt|[from] Stealth Rock
|faint|p2a: Pinsir
|move|p1a: The Motion|Focus Blast|p2: Pinsir|[notarget]
|-notarget
|
|
|switch|p2a: Raikou|Raikou|205\/322
|-damage|p2a: Raikou|165\/322|[from] Stealth Rock
|-ability|p2a: Raikou|Pressure
|turn|10
|
|move|p2a: Raikou|Hidden Power|p1a: The Motion
|-supereffective|p1a: The Motion
|-damage|p1a: The Motion|38\/299
|move|p1a: The Motion|Focus Blast|p2a: Raikou
|-crit|p2a: Raikou
|-damage|p2a: Raikou|0 fnt
|-damage|p1a: The Motion|9\/299|[from] item: Life Orb
|faint|p2a: Raikou
|
|
|switch|p2a: Garchomp|Garchomp, F|357\/357
|-damage|p2a: Garchomp|335\/357|[from] Stealth Rock
|turn|11
|
|move|p2a: Garchomp|Outrage|p1a: The Motion
|-damage|p1a: The Motion|0 fnt
|faint|p1a: The Motion
|
|
|switch|p1a: 0 to 100|Tyranitar-Mega, F|342\/342
|-damage|p1a: 0 to 100|300\/342|[from] Stealth Rock
|-weather|Sandstorm
|turn|12
|
|move|p2a: Garchomp|Outrage|p1a: 0 to 100
|-damage|p1a: 0 to 100|161\/342
|move|p1a: 0 to 100|Crunch|p2a: Garchomp
|-damage|p2a: Garchomp|148\/357
|-damage|p1a: 0 to 100|119\/342|[from] ability: Rough Skin|[of] p2a: Garchomp
|
|-weather|Sandstorm|[upkeep]
|turn|13
|
|move|p2a: Garchomp|Outrage|p1a: 0 to 100
|-damage|p1a: 0 to 100|0 fnt
|faint|p1a: 0 to 100
|
|-end|p2a: Garchomp|rampage
|-start|p2a: Garchomp|confusion
|-weather|Sandstorm|[upkeep]
|
|switch|p1a: Worst Behavior|Garchomp, M|357\/357
|-damage|p1a: Worst Behavior|335\/357|[from] Stealth Rock
|turn|14
|
|switch|p2a: Landorus-Therian|Landorus-Therian, M|358\/382
|-damage|p2a: Landorus-Therian|311\/382|[from] Stealth Rock
|-ability|p2a: Landorus-Therian|Intimidate|[of] p1a: Worst Behavior
|-unboost|p1a: Worst Behavior|atk|1
|move|p1a: Worst Behavior|Dragon Claw|p2a: Landorus-Therian
|-damage|p2a: Landorus-Therian|233\/382
|
|-weather|Sandstorm|[upkeep]
|-heal|p2a: Landorus-Therian|256\/382|[from] item: Leftovers
|turn|15
|
|move|p1a: Worst Behavior|Dragon Claw|p2a: Landorus-Therian
|-damage|p2a: Landorus-Therian|172\/382
|move|p2a: Landorus-Therian|U-turn|p1a: Worst Behavior
|-damage|p1a: Worst Behavior|262\/357
|-damage|p2a: Landorus-Therian|125\/382|[from] ability: Rough Skin|[of] p1a: Worst Behavior
|
|switch|p2a: Latias|Latias, F|114\/299
|-damage|p2a: Latias|77\/299|[from] Stealth Rock
|
|-weather|Sandstorm|[upkeep]
|-damage|p2a: Latias|59\/299|[from] sandstorm
|turn|16
|
|move|p1a: Worst Behavior|Dragon Claw|p2a: Latias
|-supereffective|p2a: Latias
|-damage|p2a: Latias|0 fnt
|faint|p2a: Latias
|
|-weather|none
|
|switch|p2a: Landorus-Therian|Landorus-Therian, M|125\/382
|-damage|p2a: Landorus-Therian|78\/382|[from] Stealth Rock
|-ability|p2a: Landorus-Therian|Intimidate|[of] p1a: Worst Behavior
|-unboost|p1a: Worst Behavior|atk|1
|turn|17
|
|switch|p1a: The Language|Landorus, M|288\/320
|-damage|p1a: The Language|248\/320|[from] Stealth Rock
|move|p2a: Landorus-Therian|Earthquake|p1a: The Language
|-immune|p1a: The Language|[msg]
|
|-heal|p2a: Landorus-Therian|101\/382|[from] item: Leftovers
|turn|18
|
|move|p1a: The Language|Focus Blast|p2a: Landorus-Therian
|-resisted|p2a: Landorus-Therian
|-damage|p2a: Landorus-Therian|0 fnt
|faint|p2a: Landorus-Therian
|
|c|âRotomSock|gg
|
|switch|p2a: Garchomp|Garchomp, F|148\/357
|-damage|p2a: Garchomp|126\/357|[from] Stealth Rock
|turn|19
|
|move|p2a: Garchomp|Outrage|p1a: The Language
|-damage|p1a: The Language|11\/320
|move|p1a: The Language|Earth Power|p2a: Garchomp
|-damage|p2a: Garchomp|0 fnt
|faint|p2a: Garchomp
|
|win|roy bringus
|raw|Ladder updating...
|c|âroy bringus|gg
|leave|RotomSock
|player|p2
|raw|roy bringus's rating: 1701 &rarr; <strong>1719<\/strong><br \/>(+18 for winning)
|raw|RotomSock's rating: 1662 &rarr; <strong>1645<\/strong><br \/>(-17 for losing)