|join|RotomHeatisBetter
|join|Fortune
|player|p1|RotomHeatisBetter|263
|player|p2|Fortune|166
|gametype|singles
|gen|6
|tier|OU
|clearpoke
|poke|p1|Gardevoir, F
|poke|p1|Latias, F, shiny
|poke|p1|Heatran, M
|poke|p1|Dragonite, F
|poke|p1|Scizor, F
|poke|p1|Slowbro, F
|poke|p2|Crawdaunt, M
|poke|p2|Jirachi
|poke|p2|Mamoswine, M
|poke|p2|Venusaur, M
|poke|p2|Heatran, M
|poke|p2|Zapdos
|rule|Swagger Clause: Swagger is banned
|rule|Baton Pass Clause: Limit one PokÃ©mon knowing Baton Pass
|rule|Sleep Clause Mod: Limit one foe put to sleep
|rule|Species Clause: Limit one of each PokÃ©mon
|rule|OHKO Clause: OHKO moves are banned
|rule|Moody Clause: Moody is banned
|rule|Evasion Moves Clause: Evasion moves are banned
|rule|Endless Battle Clause: Forcing endless battles is banned
|rule|HP Percentage Mod: HP is shown in percentages
|teampreview
|join|808 & Heartbreak
|join|TestLum
|join|gottacatchthemall
|chat|Fortune|oh thank god you're not actually using rotom heat
|chat|Fortune|glhf
|join|ForAllThatIsSacred
|join|Mentalist Swag
|join|how u pokemans?
|join|Jared.O
|leave|808 & Heartbreak
|leave|Mentalist Swag
|
|start
|switch|p1a: Scizor|Scizor, F|316\/316
|switch|p2a: Jirachi|Jirachi|341\/341
|turn|1
|
|move|p2a: Jirachi|U-turn|p1a: Scizor
|-resisted|p1a: Scizor
|-damage|p1a: Scizor|280\/316
|
|switch|p2a: Zapdos|Zapdos|383\/383
|-ability|p2a: Zapdos|Pressure
|move|p1a: Scizor|U-turn|p2a: Zapdos
|-crit|p2a: Zapdos
|-resisted|p2a: Zapdos
|-damage|p2a: Zapdos|262\/383
|
|switch|p1a: Heatran|Heatran, M|385\/385
|
|-heal|p2a: Zapdos|285\/383|[from] item: Leftovers
|turn|2
|
|switch|p2a: Heatran|Heatran, M|323\/323
|-item|p2a: Heatran|Air Balloon
|move|p1a: Heatran|Stealth Rock|p2a: Heatran
|-sidestart|p2: Fortune|move: Stealth Rock
|
|turn|3
|
|switch|p1a: Slowbro|Slowbro, F|394\/394
|move|p2a: Heatran|Stealth Rock|p1a: Slowbro
|-sidestart|p1: RotomHeatisBetter|move: Stealth Rock
|
|turn|4
|
|switch|p2a: Venusaur|Venusaur, M|363\/363
|-damage|p2a: Venusaur|318\/363|[from] Stealth Rock
|move|p1a: Slowbro|Scald|p2a: Venusaur
|-resisted|p2a: Venusaur
|-damage|p2a: Venusaur|273\/363
|
|turn|5
|
|switch|p2a: Crawdaunt|Crawdaunt, M|329\/329
|-damage|p2a: Crawdaunt|288\/329|[from] Stealth Rock
|switch|p1a: Heatran|Heatran, M|385\/385
|-damage|p1a: Heatran|337\/385|[from] Stealth Rock
|
|-heal|p1a: Heatran|361\/385|[from] item: Leftovers
|turn|6
|join|crazydave67
|
|switch|p1a: Slowbro|Slowbro, F|394\/394
|-damage|p1a: Slowbro|345\/394|[from] Stealth Rock
|move|p2a: Crawdaunt|Knock Off|p1a: Slowbro
|-supereffective|p1a: Slowbro
|-damage|p1a: Slowbro|25\/394
|-enditem|p1a: Slowbro|Leftovers|[from] move: Knock Off|[of] p2a: Crawdaunt
|
|turn|7
|
|move|p2a: Crawdaunt|Knock Off|p1a: Slowbro
|-supereffective|p1a: Slowbro
|-damage|p1a: Slowbro|0 fnt
|faint|p1a: Slowbro
|
|
|switch|p1a: Gardevoir|Gardevoir, F|277\/277
|-damage|p1a: Gardevoir|243\/277|[from] Stealth Rock
|-ability|p1a: Gardevoir|Adaptability|[from] ability: Trace|[of] p2a: Crawdaunt
|turn|8
|
|switch|p2a: Jirachi|Jirachi|341\/341
|-damage|p2a: Jirachi|320\/341|[from] Stealth Rock
|detailschange|p1a: Gardevoir|Gardevoir-Mega, F
|message|Gardevoir has Mega Evolved into Mega Gardevoir!
|move|p1a: Gardevoir|Hyper Voice|p2a: Jirachi
|-resisted|p2a: Jirachi
|-damage|p2a: Jirachi|185\/341
|
|turn|9
|
|switch|p1a: Scizor|Scizor, F|280\/316
|-damage|p1a: Scizor|241\/316|[from] Stealth Rock
|move|p2a: Jirachi|U-turn|p1a: Scizor
|-resisted|p1a: Scizor
|-damage|p1a: Scizor|208\/316
|join|Wigglytoots
|
|switch|p2a: Zapdos|Zapdos|285\/383
|-damage|p2a: Zapdos|190\/383|[from] Stealth Rock
|-ability|p2a: Zapdos|Pressure
|
|-heal|p2a: Zapdos|213\/383|[from] item: Leftovers
|turn|10
|
|move|p2a: Zapdos|Defog|p1a: Scizor
|-unboost|p1a: Scizor|evasion|1
|-sideend|p1: RotomHeatisBetter|Stealth Rock|[from] move: Defog|[of] p1a: Scizor
|-sideend|p2: Fortune|Stealth Rock|[from] move: Defog|[of] p2a: Zapdos
|move|p1a: Scizor|U-turn|p2a: Zapdos
|-resisted|p2a: Zapdos
|-damage|p2a: Zapdos|135\/383
|join|greenhawks66
|
|switch|p1a: Gardevoir|Gardevoir-Mega, F|243\/277
|
|-heal|p2a: Zapdos|158\/383|[from] item: Leftovers
|turn|11
|join|1 Nite Stand
|
|switch|p2a: Jirachi|Jirachi|185\/341
|move|p1a: Gardevoir|Hyper Voice|p2a: Jirachi
|-resisted|p2a: Jirachi
|-damage|p2a: Jirachi|54\/341
|
|turn|12
|
|switch|p1a: Scizor|Scizor, F|208\/316
|move|p2a: Jirachi|Iron Head|p1a: Scizor
|-resisted|p1a: Scizor
|-damage|p1a: Scizor|147\/316
|
|turn|13
|leave|how u pokemans?
|
|switch|p2a: Zapdos|Zapdos|158\/383
|-ability|p2a: Zapdos|Pressure
|move|p1a: Scizor|U-turn|p2a: Zapdos
|-resisted|p2a: Zapdos
|-damage|p2a: Zapdos|71\/383
|
|switch|p1a: Gardevoir|Gardevoir-Mega, F|243\/277
|
|-heal|p2a: Zapdos|94\/383|[from] item: Leftovers
|turn|14
|
|move|p1a: Gardevoir|Hyper Voice|p2a: Zapdos
|-damage|p2a: Zapdos|0 fnt
|faint|p2a: Zapdos
|
|
|switch|p2a: Jirachi|Jirachi|54\/341
|turn|15
|leave|Jared.O
|
|switch|p1a: Heatran|Heatran, M|361\/385
|move|p2a: Jirachi|U-turn|p1a: Heatran
|-resisted|p1a: Heatran
|-damage|p1a: Heatran|344\/385
|join|goldnsilver101
|
|switch|p2a: Mamoswine|Mamoswine, M|361\/361
|
|-heal|p1a: Heatran|368\/385|[from] item: Leftovers
|turn|16
|
|move|p2a: Mamoswine|Earthquake|p1a: Heatran
|-supereffective|p1a: Heatran
|-damage|p1a: Heatran|0 fnt
|faint|p1a: Heatran
|
|
|switch|p1a: Dragonite|Dragonite, F|324\/324
|turn|17
|
|move|p1a: Dragonite|Extreme Speed|p2a: Mamoswine
|-damage|p2a: Mamoswine|232\/361
|move|p2a: Mamoswine|Icicle Spear|p1a: Dragonite
|-supereffective|p1a: Dragonite
|-damage|p1a: Dragonite|234\/324
|-supereffective|p1a: Dragonite
|-damage|p1a: Dragonite|26\/324
|-supereffective|p1a: Dragonite
|-damage|p1a: Dragonite|0 fnt
|-hitcount|p1a: Dragonite|3
|faint|p1a: Dragonite
|
|
|switch|p1a: Gardevoir|Gardevoir-Mega, F|243\/277
|turn|18
|
|switch|p2a: Heatran|Heatran, M|323\/323
|-item|p2a: Heatran|Air Balloon
|move|p1a: Gardevoir|Hyper Voice|p2a: Heatran
|-resisted|p2a: Heatran
|-damage|p2a: Heatran|264\/323
|-enditem|p2a: Heatran|Air Balloon
|
|turn|19
|chat|goldnsilver101|....
|
|move|p1a: Gardevoir|Focus Blast|p2a: Heatran|[miss]
|-miss|p1a: Gardevoir|p2a: Heatran
|move|p2a: Heatran|Fire Blast|p1a: Gardevoir
|-damage|p1a: Gardevoir|87\/277
|
|turn|20
|chat|RotomHeatisBetter|nooooooooooooooooooooooooooooooo
|
|move|p1a: Gardevoir|Focus Blast|p2a: Heatran|[miss]
|-miss|p1a: Gardevoir|p2a: Heatran
|move|p2a: Heatran|Fire Blast|p1a: Gardevoir|[miss]
|-miss|p2a: Heatran|p1a: Gardevoir
|
|turn|21
|chat|Fortune|lol
|
|move|p1a: Gardevoir|Focus Blast|p2a: Heatran
|-supereffective|p2a: Heatran
|-damage|p2a: Heatran|0 fnt
|faint|p2a: Heatran
|
|chat|RotomHeatisBetter|1\/3, nb for focus miss
|
|switch|p2a: Jirachi|Jirachi|54\/341
|turn|22
|leave|goldnsilver101
|join|Djames529
|chat|Fortune|cant really expect more without being disappointed
|
|switch|p1a: Scizor|Scizor, F|147\/316
|move|p2a: Jirachi|Iron Head|p1a: Scizor
|-resisted|p1a: Scizor
|-damage|p1a: Scizor|93\/316
|
|turn|23
|leave|Wigglytoots
|leave|Djames529
|
|switch|p2a: Venusaur|Venusaur, M|273\/363
|move|p1a: Scizor|Bullet Punch|p2a: Venusaur
|-damage|p2a: Venusaur|80\/363
|
|turn|24
|
|detailschange|p2a: Venusaur|Venusaur-Mega, M
|message|Venusaur has Mega Evolved into Mega Venusaur!
|move|p1a: Scizor|Bullet Punch|p2a: Venusaur
|-damage|p2a: Venusaur|0 fnt
|faint|p2a: Venusaur
|
|
|switch|p2a: Crawdaunt|Crawdaunt, M|288\/329
|turn|25
|join|RobBobDibog
|
|switch|p1a: Gardevoir|Gardevoir-Mega, F|87\/277
|move|p2a: Crawdaunt|Knock Off|p1a: Gardevoir
|-damage|p1a: Gardevoir|0 fnt
|faint|p1a: Gardevoir
|
|
|switch|p1a: Latias|Latias, F, shiny|302\/302
|turn|26
|
|move|p1a: Latias|Thunderbolt|p2a: Crawdaunt
|-supereffective|p2a: Crawdaunt
|-damage|p2a: Crawdaunt|0 fnt
|-damage|p1a: Latias|272\/302|[from] item: Life Orb
|faint|p2a: Crawdaunt
|
|
|switch|p2a: Jirachi|Jirachi|54\/341
|turn|27
|
|move|p2a: Jirachi|U-turn|p1a: Latias
|-supereffective|p1a: Latias
|-damage|p1a: Latias|114\/302
|
|switch|p2a: Mamoswine|Mamoswine, M|232\/361
|move|p1a: Latias|Thunderbolt|p2a: Mamoswine
|-immune|p2a: Mamoswine|[msg]
|
|turn|28
|
|move|p2a: Mamoswine|Ice Shard|p1a: Latias
|-supereffective|p1a: Latias
|-damage|p1a: Latias|0 fnt
|faint|p1a: Latias
|
|
|switch|p1a: Scizor|Scizor, F|93\/316
|turn|29
|
|move|p2a: Mamoswine|Ice Shard|p1a: Scizor
|-resisted|p1a: Scizor
|-damage|p1a: Scizor|58\/316
|move|p1a: Scizor|Bullet Punch|p2a: Mamoswine
|-supereffective|p2a: Mamoswine
|-damage|p2a: Mamoswine|0 fnt
|faint|p2a: Mamoswine
|
|
|switch|p2a: Jirachi|Jirachi|54\/341
|turn|30
|
|move|p1a: Scizor|Bullet Punch|p2a: Jirachi
|-resisted|p2a: Jirachi
|-damage|p2a: Jirachi|0 fnt
|faint|p2a: Jirachi
|
|win|RotomHeatisBetter
|chat|Fortune|gg
|chat|RotomHeatisBetter|gg
|chat|RotomHeatisBetter|saw this rmt earlier today o.o
|leave|ForAllThatIsSacred
|leave|RobBobDibog
|leave|TestLum
|leave|RotomHeatisBetter
|player|p1
|leave|1 Nite Stand
|leave|Fortune
|player|p2
|leave|crazydave67