|join|h1ghpuzzle
|join|RotomSock
|player|p1|h1ghpuzzle|101
|player|p2|RotomSock|37
|gametype|singles
|gen|6
|tier|OU
|rated
|clearpoke
|poke|p1|Gliscor, M
|poke|p1|Chansey, F
|poke|p1|Slowbro, F
|poke|p1|Quagsire, M
|poke|p1|Tyranitar, F
|poke|p1|Amoonguss, F
|poke|p2|Magnezone
|poke|p2|Pinsir, M
|poke|p2|Garchomp, M
|poke|p2|Landorus-Therian, M
|poke|p2|Raikou
|poke|p2|Starmie
|rule|Swagger Clause: Swagger is banned
|rule|Baton Pass Clause: Limit one PokÃ©mon knowing Baton Pass
|rule|Sleep Clause Mod: Limit one foe put to sleep
|rule|Species Clause: Limit one of each PokÃ©mon
|rule|OHKO Clause: OHKO moves are banned
|rule|Moody Clause: Moody is banned
|rule|Evasion Moves Clause: Evasion moves are banned
|rule|Endless Battle Clause: Forcing endless battles is banned
|rule|HP Percentage Mod: HP is shown in percentages
|teampreview
|
|start
|switch|p1a: Gliscor|Gliscor, M|352\/352
|switch|p2a: Landorus-Therian|Landorus-Therian, M|382\/382
|-ability|p2a: Landorus-Therian|Intimidate|[of] p1a: Gliscor
|-unboost|p1a: Gliscor|atk|1
|turn|1
|
|move|p1a: Gliscor|Protect|p1a: Gliscor
|-singleturn|p1a: Gliscor|Protect
|move|p2a: Landorus-Therian|Stealth Rock|p1a: Gliscor
|-sidestart|p1: h1ghpuzzle|move: Stealth Rock
|
|-status|p1a: Gliscor|tox|[from] item: Toxic Orb
|turn|2
|
|move|p1a: Gliscor|Substitute|p1a: Gliscor
|-start|p1a: Gliscor|Substitute
|-damage|p1a: Gliscor|264\/352 tox
|move|p2a: Landorus-Therian|U-turn|p1a: Gliscor
|-resisted|p1a: Gliscor
|-activate|p1a: Gliscor|Substitute|[damage]
|
|switch|p2a: Starmie|Starmie|324\/324
|
|-heal|p1a: Gliscor|308\/352 tox|[from] ability: Poison Heal
|turn|3
|
|move|p2a: Starmie|Scald|p1a: Gliscor
|-supereffective|p1a: Gliscor
|-end|p1a: Gliscor|Substitute
|move|p1a: Gliscor|Earthquake|p2a: Starmie
|-damage|p2a: Starmie|245\/324
|
|-heal|p2a: Starmie|265\/324|[from] item: Leftovers
|-heal|p1a: Gliscor|352\/352 tox|[from] ability: Poison Heal
|turn|4
|
|switch|p1a: Chansey|Chansey, F|704\/704
|-damage|p1a: Chansey|616\/704|[from] Stealth Rock
|move|p2a: Starmie|Scald|p1a: Chansey
|-damage|p1a: Chansey|561\/704
|
|-heal|p2a: Starmie|285\/324|[from] item: Leftovers
|turn|5
|
|switch|p2a: Magnezone|Magnezone|282\/282
|move|p1a: Chansey|Stealth Rock|p2a: Magnezone
|-sidestart|p2: RotomSock|move: Stealth Rock
|
|turn|6
|
|move|p2a: Magnezone|Volt Switch|p1a: Chansey
|-damage|p1a: Chansey|446\/704
|
|switch|p2a: Starmie|Starmie|285\/324
|-damage|p2a: Starmie|245\/324|[from] Stealth Rock
|move|p1a: Chansey|Seismic Toss|p2a: Starmie
|-damage|p2a: Starmie|145\/324
|
|-heal|p2a: Starmie|165\/324|[from] item: Leftovers
|turn|7
|
|switch|p1a: Tyranitar|Tyranitar, F|342\/342
|-damage|p1a: Tyranitar|300\/342|[from] Stealth Rock
|-weather|Sandstorm
|move|p2a: Starmie|Rapid Spin|p1a: Tyranitar
|-resisted|p1a: Tyranitar
|-damage|p1a: Tyranitar|295\/342
|-sideend|p2: RotomSock|Stealth Rock|[from] move: Rapid Spin|[of] p2a: Starmie
|
|-weather|Sandstorm|[upkeep]
|-damage|p2a: Starmie|145\/324|[from] sandstorm
|-heal|p2a: Starmie|165\/324|[from] item: Leftovers
|turn|8
|
|move|p1a: Tyranitar|Crunch|p2a: Starmie
|-supereffective|p2a: Starmie
|-damage|p2a: Starmie|0 fnt
|faint|p2a: Starmie
|
|-weather|Sandstorm|[upkeep]
|
|switch|p2a: Magnezone|Magnezone|282\/282
|turn|9
|
|switch|p1a: Quagsire|Quagsire, M|394\/394
|-damage|p1a: Quagsire|370\/394|[from] Stealth Rock
|move|p2a: Magnezone|Volt Switch|p1a: Quagsire
|-immune|p1a: Quagsire|[msg]
|
|-weather|Sandstorm|[upkeep]
|-heal|p1a: Quagsire|394\/394|[from] item: Leftovers
|turn|10
|
|switch|p2a: Raikou|Raikou|322\/322
|-ability|p2a: Raikou|Pressure
|move|p1a: Quagsire|Toxic|p2a: Raikou
|-status|p2a: Raikou|tox
|
|-weather|Sandstorm|[upkeep]
|-damage|p2a: Raikou|302\/322 tox|[from] sandstorm
|-damage|p2a: Raikou|282\/322 tox|[from] psn
|turn|11
|
|switch|p1a: Amoonguss|Amoonguss, F|430\/430
|-damage|p1a: Amoonguss|377\/430|[from] Stealth Rock
|move|p2a: Raikou|Volt Switch|p1a: Amoonguss
|-resisted|p1a: Amoonguss
|-damage|p1a: Amoonguss|308\/430
|
|switch|p2a: Pinsir|Pinsir, M|271\/271
|
|-weather|none
|-heal|p1a: Amoonguss|334\/430|[from] item: Black Sludge
|turn|12
|
|switch|p1a: Slowbro|Slowbro, F|390\/390
|-damage|p1a: Slowbro|342\/390|[from] Stealth Rock
|detailschange|p2a: Pinsir|Pinsir-Mega, M
|message|Pinsir has Mega Evolved into Mega Pinsir!
|move|p2a: Pinsir|Swords Dance|p2a: Pinsir
|-boost|p2a: Pinsir|atk|2
|
|-heal|p1a: Slowbro|366\/390|[from] item: Leftovers
|turn|13
|
|move|p2a: Pinsir|Frustration|p1a: Slowbro
|-damage|p1a: Slowbro|0 fnt
|faint|p1a: Slowbro
|
|
|switch|p1a: Tyranitar|Tyranitar, F|295\/342
|-damage|p1a: Tyranitar|253\/342|[from] Stealth Rock
|-weather|Sandstorm
|turn|14
|
|switch|p2a: Landorus-Therian|Landorus-Therian, M|382\/382
|-ability|p2a: Landorus-Therian|Intimidate|[of] p1a: Tyranitar
|-unboost|p1a: Tyranitar|atk|1
|move|p1a: Tyranitar|Stone Edge|p2a: Landorus-Therian
|-damage|p2a: Landorus-Therian|286\/382
|
|-weather|Sandstorm|[upkeep]
|-heal|p2a: Landorus-Therian|309\/382|[from] item: Leftovers
|turn|15
|
|switch|p1a: Gliscor|Gliscor, M|352\/352 tox
|-damage|p1a: Gliscor|308\/352 tox|[from] Stealth Rock
|move|p2a: Landorus-Therian|U-turn|p1a: Gliscor
|-resisted|p1a: Gliscor
|-damage|p1a: Gliscor|283\/352 tox
|
|switch|p2a: Pinsir|Pinsir-Mega, M|271\/271
|
|-weather|Sandstorm|[upkeep]
|-damage|p2a: Pinsir|255\/271|[from] sandstorm
|-heal|p1a: Gliscor|327\/352 tox|[from] ability: Poison Heal
|turn|16
|
|move|p2a: Pinsir|Frustration|p1a: Gliscor
|-damage|p1a: Gliscor|149\/352 tox
|move|p1a: Gliscor|Toxic|p2a: Pinsir
|-status|p2a: Pinsir|tox
|
|-weather|Sandstorm|[upkeep]
|-damage|p2a: Pinsir|239\/271 tox|[from] sandstorm
|-damage|p2a: Pinsir|223\/271 tox|[from] psn
|-heal|p1a: Gliscor|193\/352 tox|[from] ability: Poison Heal
|turn|17
|
|move|p2a: Pinsir|Frustration|p1a: Gliscor
|-damage|p1a: Gliscor|19\/352 tox
|move|p1a: Gliscor|Substitute|p1a: Gliscor
|-fail|p1a: Gliscor|move: Substitute|[weak]
|
|-weather|Sandstorm|[upkeep]
|-damage|p2a: Pinsir|207\/271 tox|[from] sandstorm
|-damage|p2a: Pinsir|175\/271 tox|[from] psn
|-heal|p1a: Gliscor|63\/352 tox|[from] ability: Poison Heal
|turn|18
|
|switch|p1a: Tyranitar|Tyranitar, F|253\/342
|-damage|p1a: Tyranitar|211\/342|[from] Stealth Rock
|move|p2a: Pinsir|Frustration|p1a: Tyranitar
|-crit|p1a: Tyranitar
|-resisted|p1a: Tyranitar
|-damage|p1a: Tyranitar|16\/342
|
|-weather|none
|-damage|p2a: Pinsir|127\/271 tox|[from] psn
|turn|19
|
|move|p1a: Tyranitar|Pursuit|p2a: Pinsir|[from]Pursuit
|-damage|p2a: Pinsir|7\/271 tox
|switch|p2a: Magnezone|Magnezone|282\/282
|
|turn|20
|
|move|p1a: Tyranitar|Pursuit|p2a: Magnezone
|-damage|p2a: Magnezone|210\/282
|move|p2a: Magnezone|Flash Cannon|p1a: Tyranitar
|-supereffective|p1a: Tyranitar
|-damage|p1a: Tyranitar|0 fnt
|faint|p1a: Tyranitar
|
|
|switch|p1a: Chansey|Chansey, F|446\/704
|-damage|p1a: Chansey|358\/704|[from] Stealth Rock
|turn|21
|
|switch|p2a: Garchomp|Garchomp, M|357\/357
|move|p1a: Chansey|Stealth Rock|p2a: Garchomp
|-sidestart|p2: RotomSock|move: Stealth Rock
|
|turn|22
|
|switch|p1a: Amoonguss|Amoonguss, F|430\/430
|-damage|p1a: Amoonguss|377\/430|[from] Stealth Rock
|move|p2a: Garchomp|Dragon Claw|p1a: Amoonguss
|-damage|p1a: Amoonguss|254\/430
|
|-heal|p1a: Amoonguss|280\/430|[from] item: Black Sludge
|turn|23
|
|switch|p2a: Raikou|Raikou|282\/322 tox
|-damage|p2a: Raikou|242\/322 tox|[from] Stealth Rock
|-ability|p2a: Raikou|Pressure
|move|p1a: Amoonguss|Spore|p2a: Raikou
|-fail|p2a: Raikou
|
|-heal|p1a: Amoonguss|306\/430|[from] item: Black Sludge
|-damage|p2a: Raikou|222\/322 tox|[from] psn
|turn|24
|
|switch|p1a: Gliscor|Gliscor, M|63\/352 tox
|-damage|p1a: Gliscor|19\/352 tox|[from] Stealth Rock
|move|p2a: Raikou|Volt Switch|p1a: Gliscor
|-immune|p1a: Gliscor|[msg]
|
|-damage|p2a: Raikou|182\/322 tox|[from] psn
|-heal|p1a: Gliscor|63\/352 tox|[from] ability: Poison Heal
|turn|25
|
|move|p2a: Raikou|Shadow Ball|p1a: Gliscor
|-damage|p1a: Gliscor|0 fnt
|faint|p1a: Gliscor
|
|-damage|p2a: Raikou|122\/322 tox|[from] psn
|
|switch|p1a: Chansey|Chansey, F|358\/704
|-damage|p1a: Chansey|270\/704|[from] Stealth Rock
|turn|26
|
|move|p2a: Raikou|Volt Switch|p1a: Chansey
|-damage|p1a: Chansey|195\/704
|
|switch|p2a: Garchomp|Garchomp, M|357\/357
|-damage|p2a: Garchomp|335\/357|[from] Stealth Rock
|move|p1a: Chansey|Soft-Boiled|p1a: Chansey
|-heal|p1a: Chansey|547\/704
|
|turn|27
|
|switch|p1a: Amoonguss|Amoonguss, F|430\/430
|-damage|p1a: Amoonguss|377\/430|[from] Stealth Rock
|move|p2a: Garchomp|Dragon Claw|p1a: Amoonguss
|-damage|p1a: Amoonguss|242\/430
|
|-heal|p1a: Amoonguss|268\/430|[from] item: Black Sludge
|turn|28
|
|switch|p2a: Landorus-Therian|Landorus-Therian, M|309\/382
|-damage|p2a: Landorus-Therian|262\/382|[from] Stealth Rock
|-ability|p2a: Landorus-Therian|Intimidate|[of] p1a: Amoonguss
|-unboost|p1a: Amoonguss|atk|1
|move|p1a: Amoonguss|Giga Drain|p2a: Landorus-Therian
|-damage|p2a: Landorus-Therian|165\/382
|-heal|p1a: Amoonguss|317\/430|[from] drain|[of] p2a: Landorus-Therian
|
|-heal|p2a: Landorus-Therian|188\/382|[from] item: Leftovers
|-heal|p1a: Amoonguss|343\/430|[from] item: Black Sludge
|turn|29
|
|move|p2a: Landorus-Therian|Earthquake|p1a: Amoonguss
|-damage|p1a: Amoonguss|187\/430
|move|p1a: Amoonguss|Spore|p2a: Landorus-Therian
|-status|p2a: Landorus-Therian|slp
|
|-heal|p2a: Landorus-Therian|211\/382 slp|[from] item: Leftovers
|-heal|p1a: Amoonguss|213\/430|[from] item: Black Sludge
|turn|30
|
|switch|p2a: Magnezone|Magnezone|210\/282
|-damage|p2a: Magnezone|193\/282|[from] Stealth Rock
|move|p1a: Amoonguss|Giga Drain|p2a: Magnezone
|-resisted|p2a: Magnezone
|-damage|p2a: Magnezone|153\/282
|-heal|p1a: Amoonguss|233\/430|[from] drain|[of] p2a: Magnezone
|
|-heal|p1a: Amoonguss|259\/430|[from] item: Black Sludge
|turn|31
|
|switch|p2a: Garchomp|Garchomp, M|335\/357
|-damage|p2a: Garchomp|313\/357|[from] Stealth Rock
|switch|p1a: Quagsire|Quagsire, M|394\/394
|-damage|p1a: Quagsire|370\/394|[from] Stealth Rock
|
|-heal|p1a: Quagsire|394\/394|[from] item: Leftovers
|turn|32
|
|switch|p2a: Raikou|Raikou|122\/322 tox
|-damage|p2a: Raikou|82\/322 tox|[from] Stealth Rock
|-ability|p2a: Raikou|Pressure
|move|p1a: Quagsire|Scald|p2a: Raikou
|-damage|p2a: Raikou|40\/322 tox
|
|-damage|p2a: Raikou|20\/322 tox|[from] psn
|turn|33
|
|switch|p1a: Chansey|Chansey, F|547\/704
|-damage|p1a: Chansey|459\/704|[from] Stealth Rock
|move|p2a: Raikou|Shadow Ball|p1a: Chansey
|-immune|p1a: Chansey|[msg]
|
|-damage|p2a: Raikou|0 fnt|[from] psn
|faint|p2a: Raikou
|
|switch|p2a: Garchomp|Garchomp, M|313\/357
|-damage|p2a: Garchomp|291\/357|[from] Stealth Rock
|turn|34
|
|move|p2a: Garchomp|Outrage|p1a: Chansey
|-damage|p1a: Chansey|180\/704
|move|p1a: Chansey|Soft-Boiled|p1a: Chansey
|-heal|p1a: Chansey|532\/704
|
|turn|35
|
|move|p2a: Garchomp|Outrage|p1a: Chansey
|-damage|p1a: Chansey|256\/704
|move|p1a: Chansey|Soft-Boiled|p1a: Chansey
|-heal|p1a: Chansey|608\/704
|
|turn|36
|c|âRotomSock|gg
|-message|RotomSock forfeited.
|
|win|h1ghpuzzle
|raw|Ladder updating...
|raw|h1ghpuzzle's rating: 1943 &rarr; <strong>1953<\/strong><br \/>(+10 for winning)
|raw|RotomSock's rating: 1739 &rarr; <strong>1729<\/strong><br \/>(-10 for losing)
|c|âh1ghpuzzle|gg