|join|maxpotterzerk
|join|RotomSock
|player|p1|maxpotterzerk|169
|player|p2|RotomSock|37
|gametype|singles
|gen|6
|tier|OU
|rated
|clearpoke
|poke|p1|Metagross, shiny
|poke|p1|Tyranitar, M, shiny
|poke|p1|Greninja, F, shiny
|poke|p1|Magnezone
|poke|p1|Azumarill, F
|poke|p1|Breloom, F, shiny
|poke|p2|Beedrill, M
|poke|p2|Magnezone
|poke|p2|Keldeo
|poke|p2|Diggersby, F
|poke|p2|Landorus-Therian, M
|poke|p2|Latios, M
|rule|Swagger Clause: Swagger is banned
|rule|Baton Pass Clause: Limit one PokÃ©mon knowing Baton Pass
|rule|Sleep Clause Mod: Limit one foe put to sleep
|rule|Species Clause: Limit one of each PokÃ©mon
|rule|OHKO Clause: OHKO moves are banned
|rule|Moody Clause: Moody is banned
|rule|Evasion Moves Clause: Evasion moves are banned
|rule|Endless Battle Clause: Forcing endless battles is banned
|rule|HP Percentage Mod: HP is shown in percentages
|teampreview
|
|start
|switch|p1a: Breloom|Breloom, F, shiny|261\/261
|switch|p2a: Latios|Latios, M|301\/301
|turn|1
|
|move|p2a: Latios|Draco Meteor|p1a: Breloom
|-enditem|p1a: Breloom|Focus Sash
|-damage|p1a: Breloom|1\/261
|-unboost|p2a: Latios|spa|2
|move|p1a: Breloom|Spore|p2a: Latios
|-status|p2a: Latios|slp
|
|turn|2
|
|switch|p2a: Magnezone|Magnezone|282\/282
|move|p1a: Breloom|Bullet Seed|p2a: Magnezone
|-resisted|p2a: Magnezone
|-damage|p2a: Magnezone|253\/282
|-resisted|p2a: Magnezone
|-damage|p2a: Magnezone|223\/282
|-hitcount|p2a: Magnezone|2
|
|turn|3
|
|switch|p2a: Landorus-Therian|Landorus-Therian, M|319\/319
|-ability|p2a: Landorus-Therian|Intimidate|[of] p1a: Breloom
|-unboost|p1a: Breloom|atk|1
|move|p1a: Breloom|Mach Punch|p2a: Landorus-Therian
|-resisted|p2a: Landorus-Therian
|-damage|p2a: Landorus-Therian|282\/319
|
|turn|4
|
|switch|p1a: Azumarill|Azumarill, F|403\/403
|move|p2a: Landorus-Therian|Stealth Rock|p1a: Azumarill
|-sidestart|p1: maxpotterzerk|move: Stealth Rock
|
|turn|5
|
|move|p2a: Landorus-Therian|Earthquake|p1a: Azumarill
|-damage|p1a: Azumarill|102\/403
|move|p1a: Azumarill|Superpower|p2a: Landorus-Therian
|-resisted|p2a: Landorus-Therian
|-damage|p2a: Landorus-Therian|146\/319
|-unboost|p1a: Azumarill|atk|1
|-unboost|p1a: Azumarill|def|1
|
|turn|6
|
|switch|p1a: Breloom|Breloom, F, shiny|1\/261
|-damage|p1a: Breloom|0 fnt|[from] Stealth Rock
|faint|p1a: Breloom
|move|p2a: Landorus-Therian|Knock Off|p1: Breloom|[notarget]
|-notarget
|
|
|switch|p1a: Metagross|Metagross, shiny|302\/302
|-damage|p1a: Metagross|284\/302|[from] Stealth Rock
|turn|7
|
|switch|p1a: Azumarill|Azumarill, F|102\/403
|-damage|p1a: Azumarill|52\/403|[from] Stealth Rock
|move|p2a: Landorus-Therian|Earthquake|p1a: Azumarill
|-damage|p1a: Azumarill|0 fnt
|faint|p1a: Azumarill
|
|
|switch|p1a: Metagross|Metagross, shiny|284\/302
|-damage|p1a: Metagross|266\/302|[from] Stealth Rock
|turn|8
|
|detailschange|p1a: Metagross|Metagross-Mega, shiny
|-mega|p1a: Metagross|Metagross|Metagrossite
|move|p2a: Landorus-Therian|Earthquake|p1a: Metagross
|-supereffective|p1a: Metagross
|-damage|p1a: Metagross|0 fnt
|faint|p1a: Metagross
|
|
|switch|p1a: Greninja|Greninja, F, shiny|285\/285
|-damage|p1a: Greninja|250\/285|[from] Stealth Rock
|turn|9
|-message|maxpotterzerk forfeited.
|leave|maxpotterzerk
|
|win|RotomSock
|raw|Ladder updating...
|player|p1
|raw|maxpotterzerk's rating: 1503 &rarr; <strong>1486<\/strong><br \/>(-17 for losing)
|raw|RotomSock's rating: 1553 &rarr; <strong>1571<\/strong><br \/>(+18 for winning)