|join|Wruce Bayne
|join|RotomSock
|player|p1|Wruce Bayne|161
|player|p2|RotomSock|37
|gametype|singles
|gen|6
|tier|OU
|rated
|clearpoke
|poke|p1|Conkeldurr, M, shiny
|poke|p1|Crawdaunt, M
|poke|p1|Manectric, M, shiny
|poke|p1|Tornadus-Therian, M, shiny
|poke|p1|Heatran, M, shiny
|poke|p1|Excadrill, M, shiny
|poke|p2|Beedrill, M, shiny
|poke|p2|Magnezone
|poke|p2|Keldeo
|poke|p2|Diggersby, F
|poke|p2|Landorus-Therian, M
|poke|p2|Latios, M
|rule|Swagger Clause: Swagger is banned
|rule|Baton Pass Clause: Limit one PokÃ©mon knowing Baton Pass
|rule|Sleep Clause Mod: Limit one foe put to sleep
|rule|Species Clause: Limit one of each PokÃ©mon
|rule|OHKO Clause: OHKO moves are banned
|rule|Moody Clause: Moody is banned
|rule|Evasion Moves Clause: Evasion moves are banned
|rule|Endless Battle Clause: Forcing endless battles is banned
|rule|HP Percentage Mod: HP is shown in percentages
|teampreview
|
|start
|switch|p1a: Manectric|Manectric, M, shiny|281\/281
|switch|p2a: Beedrill|Beedrill, M, shiny|271\/271
|turn|1
|
|detailschange|p1a: Manectric|Manectric-Mega, M, shiny
|-mega|p1a: Manectric|Manectric|Manectite
|-ability|p1a: Manectric|Intimidate|[of] p2a: Beedrill
|-unboost|p2a: Beedrill|atk|1
|detailschange|p2a: Beedrill|Beedrill-Mega, M, shiny
|-mega|p2a: Beedrill|Beedrill|Beedrillite
|move|p2a: Beedrill|Protect|p2a: Beedrill
|-singleturn|p2a: Beedrill|Protect
|move|p1a: Manectric|Flamethrower|p2a: Beedrill
|-activate|p2a: Beedrill|Protect
|
|turn|2
|
|move|p2a: Beedrill|U-turn|p1a: Manectric
|-damage|p1a: Manectric|133\/281
|
|switch|p2a: Latios|Latios, M|301\/301
|move|p1a: Manectric|Hidden Power|p2a: Latios
|-supereffective|p2a: Latios
|-damage|p2a: Latios|177\/301
|
|turn|3
|
|switch|p1a: Heatran|Heatran, M, shiny|323\/323
|move|p2a: Latios|Psyshock|p1a: Heatran
|-resisted|p1a: Heatran
|-damage|p1a: Heatran|260\/323
|
|turn|4
|
|switch|p2a: Diggersby|Diggersby, F|311\/311
|move|p1a: Heatran|Stealth Rock|p2a: Diggersby
|-sidestart|p2: RotomSock|move: Stealth Rock
|
|turn|5
|
|move|p2a: Diggersby|Swords Dance|p2a: Diggersby
|-boost|p2a: Diggersby|atk|2
|move|p1a: Heatran|Solar Beam|p2a: Diggersby|[still]
|-prepare|p1a: Heatran|Solar Beam|p2a: Diggersby
|-enditem|p1a: Heatran|Power Herb
|-anim|p1a: Heatran|Solar Beam|p2a: Diggersby
|-supereffective|p2a: Diggersby
|-enditem|p2a: Diggersby|Focus Sash
|-damage|p2a: Diggersby|1\/311
|
|turn|6
|
|switch|p1a: Tornadus-Therian|Tornadus-Therian, M, shiny|299\/299
|move|p2a: Diggersby|Frustration|p1a: Tornadus-Therian
|-damage|p1a: Tornadus-Therian|0 fnt
|faint|p1a: Tornadus-Therian
|
|
|switch|p1a: Crawdaunt|Crawdaunt, M|267\/267
|turn|7
|
|move|p2a: Diggersby|Quick Attack|p1a: Crawdaunt
|-damage|p1a: Crawdaunt|60\/267
|move|p1a: Crawdaunt|Aqua Jet|p2a: Diggersby
|-supereffective|p2a: Diggersby
|-damage|p2a: Diggersby|0 fnt
|-damage|p1a: Crawdaunt|34\/267|[from] item: Life Orb
|faint|p2a: Diggersby
|
|
|switch|p2a: Keldeo|Keldeo|323\/323
|-damage|p2a: Keldeo|303\/323|[from] Stealth Rock
|turn|8
|
|move|p2a: Keldeo|Substitute|p2a: Keldeo
|-start|p2a: Keldeo|Substitute
|-damage|p2a: Keldeo|223\/323
|move|p1a: Crawdaunt|Knock Off|p2a: Keldeo
|-resisted|p2a: Keldeo
|-end|p2a: Keldeo|Substitute
|-damage|p1a: Crawdaunt|8\/267|[from] item: Life Orb
|
|-heal|p2a: Keldeo|243\/323|[from] item: Leftovers
|turn|9
|
|move|p1a: Crawdaunt|Aqua Jet|p2a: Keldeo
|-resisted|p2a: Keldeo
|-damage|p2a: Keldeo|181\/323
|-damage|p1a: Crawdaunt|0 fnt|[from] item: Life Orb
|faint|p1a: Crawdaunt
|move|p2a: Keldeo|Secret Sword|p1: Crawdaunt|[notarget]
|-notarget
|
|-heal|p2a: Keldeo|201\/323|[from] item: Leftovers
|
|switch|p1a: Conkeldurr|Conkeldurr, M, shiny|361\/361
|turn|10
|
|move|p2a: Keldeo|Secret Sword|p1a: Conkeldurr
|-damage|p1a: Conkeldurr|195\/361
|move|p1a: Conkeldurr|Drain Punch|p2a: Keldeo
|-damage|p2a: Keldeo|24\/323
|-heal|p1a: Conkeldurr|284\/361|[from] drain|[of] p2a: Keldeo
|
|-heal|p2a: Keldeo|44\/323|[from] item: Leftovers
|turn|11
|join|Bobbie Schmurda
|
|move|p1a: Conkeldurr|Mach Punch|p2a: Keldeo
|-damage|p2a: Keldeo|0 fnt
|faint|p2a: Keldeo
|
|
|switch|p2a: Landorus-Therian|Landorus-Therian, M|319\/319
|-damage|p2a: Landorus-Therian|280\/319|[from] Stealth Rock
|-ability|p2a: Landorus-Therian|Intimidate|[of] p1a: Conkeldurr
|-unboost|p1a: Conkeldurr|atk|1
|turn|12
|
|switch|p1a: Excadrill|Excadrill, M, shiny|361\/361
|-ability|p1a: Excadrill|Mold Breaker
|-item|p1a: Excadrill|Air Balloon
|move|p2a: Landorus-Therian|U-turn|p1a: Excadrill
|-resisted|p1a: Excadrill
|-damage|p1a: Excadrill|283\/361
|-enditem|p1a: Excadrill|Air Balloon
|
|switch|p2a: Beedrill|Beedrill-Mega, M, shiny|271\/271
|-damage|p2a: Beedrill|204\/271|[from] Stealth Rock
|
|turn|13
|
|move|p2a: Beedrill|Drill Run|p1a: Excadrill
|-crit|p1a: Excadrill
|-supereffective|p1a: Excadrill
|-damage|p1a: Excadrill|0 fnt
|faint|p1a: Excadrill
|
|
|switch|p1a: Conkeldurr|Conkeldurr, M, shiny|284\/361
|turn|14
|
|move|p2a: Beedrill|U-turn|p1a: Conkeldurr
|-resisted|p1a: Conkeldurr
|-damage|p1a: Conkeldurr|193\/361
|
|switch|p2a: Latios|Latios, M|177\/301
|-damage|p2a: Latios|140\/301|[from] Stealth Rock
|move|p1a: Conkeldurr|Ice Punch|p2a: Latios
|-supereffective|p2a: Latios
|-damage|p2a: Latios|0 fnt
|faint|p2a: Latios
|
|
|switch|p2a: Landorus-Therian|Landorus-Therian, M|280\/319
|-damage|p2a: Landorus-Therian|241\/319|[from] Stealth Rock
|-ability|p2a: Landorus-Therian|Intimidate|[of] p1a: Conkeldurr
|-unboost|p1a: Conkeldurr|atk|1
|turn|15
|
|switch|p1a: Heatran|Heatran, M, shiny|260\/323
|move|p2a: Landorus-Therian|Earthquake|p1a: Heatran
|-supereffective|p1a: Heatran
|-damage|p1a: Heatran|0 fnt
|faint|p1a: Heatran
|
|
|switch|p1a: Manectric|Manectric-Mega, M, shiny|133\/281
|-ability|p1a: Manectric|Intimidate|[of] p2a: Landorus-Therian
|-unboost|p2a: Landorus-Therian|atk|1
|turn|16
|
|switch|p2a: Magnezone|Magnezone|282\/282
|-damage|p2a: Magnezone|265\/282|[from] Stealth Rock
|move|p1a: Manectric|Hidden Power|p2a: Magnezone
|-resisted|p2a: Magnezone
|-damage|p2a: Magnezone|224\/282
|
|turn|17
|
|move|p1a: Manectric|Flamethrower|p2a: Magnezone
|-crit|p2a: Magnezone
|-supereffective|p2a: Magnezone
|-damage|p2a: Magnezone|0 fnt
|faint|p2a: Magnezone
|
|
|switch|p2a: Beedrill|Beedrill-Mega, M, shiny|204\/271
|-damage|p2a: Beedrill|137\/271|[from] Stealth Rock
|turn|18
|
|move|p2a: Beedrill|Poison Jab|p1a: Manectric
|-damage|p1a: Manectric|0 fnt
|faint|p1a: Manectric
|
|
|switch|p1a: Conkeldurr|Conkeldurr, M, shiny|193\/361
|turn|19
|
|move|p2a: Beedrill|Poison Jab|p1a: Conkeldurr
|-crit|p1a: Conkeldurr
|-damage|p1a: Conkeldurr|0 fnt
|faint|p1a: Conkeldurr
|
|win|RotomSock
|raw|Ladder updating...
|raw|Wruce Bayne's rating: 1721 &rarr; <strong>1695<\/strong><br \/>(-26 for losing)
|raw|RotomSock's rating: 1608 &rarr; <strong>1635<\/strong><br \/>(+27 for winning)
|c|âRotomSock|gg
|leave|Wruce Bayne
|player|p1
|leave|Bobbie Schmurda