|join|Nub Central
|join|Mupleking
|player|p1|Nub Central|161
|player|p2|Mupleking|52
|gametype|singles
|gen|6
|tier|ORAS OU
|rule|Sleep Clause Mod: Limit one foe put to sleep
|rule|Species Clause: Limit one of each PokÃ©mon
|rule|OHKO Clause: OHKO moves are banned
|rule|Moody Clause: Moody is banned
|rule|Evasion Moves Clause: Evasion moves are banned
|rule|Endless Battle Clause: Forcing endless battles is banned
|rule|HP Percentage Mod: HP is shown in percentages
|clearpoke
|poke|p1|Diggersby, M, shiny
|poke|p1|Keldeo-Resolute, shiny
|poke|p1|Bisharp, M, shiny
|poke|p1|Latias, F, shiny
|poke|p1|Talonflame, M, shiny
|poke|p1|Clefable, F, shiny
|poke|p2|Absol, F
|poke|p2|Gengar, F
|poke|p2|Starmie
|poke|p2|Garchomp, M
|poke|p2|Sylveon, F
|poke|p2|Scizor, M
|rule|Swagger Clause: Swagger is banned
|rule|Baton Pass Clause: Limit one PokÃ©mon knowing Baton Pass
|teampreview
|join|jeremy st
|join|aricthered
|join|elliot27
|join|mylifemyworld17
|c|âMupleking|Gl
|c|âNub Central|gl
|leave|mylifemyworld17
|
|start
|switch|p1a: Claff on Ya|Clefable, F, shiny|394\/394
|switch|p2a: Scissaille|Scizor, M|344\/344
|turn|1
|
|move|p2a: Scissaille|U-turn|p1a: Claff on Ya
|-resisted|p1a: Claff on Ya
|-damage|p1a: Claff on Ya|311\/394
|
|switch|p2a: MyGoodStar|Starmie|288\/288
|move|p1a: Claff on Ya|Stealth Rock|p2a: MyGoodStar
|-sidestart|p2: Mupleking|move: Stealth Rock
|
|-heal|p1a: Claff on Ya|335\/394|[from] item: Leftovers
|turn|2
|
|move|p2a: MyGoodStar|Toxic|p1a: Claff on Ya
|-status|p1a: Claff on Ya|tox
|move|p1a: Claff on Ya|Thunder Wave|p2a: MyGoodStar
|-status|p2a: MyGoodStar|par
|
|-heal|p1a: Claff on Ya|359\/394 tox|[from] item: Leftovers
|-damage|p1a: Claff on Ya|335\/394 tox|[from] psn
|turn|3
|
|move|p1a: Claff on Ya|Moonblast|p2a: MyGoodStar
|-damage|p2a: MyGoodStar|189\/288 par
|-unboost|p2a: MyGoodStar|spa|1
|move|p2a: MyGoodStar|Rapid Spin|p1a: Claff on Ya
|-damage|p1a: Claff on Ya|325\/394 tox
|-sideend|p2: Mupleking|Stealth Rock|[from] move: Rapid Spin|[of] p2a: MyGoodStar
|
|-heal|p1a: Claff on Ya|349\/394 tox|[from] item: Leftovers
|-heal|p2a: MyGoodStar|207\/288 par|[from] item: Leftovers
|-damage|p1a: Claff on Ya|301\/394 tox|[from] psn
|turn|4
|leave|elliot27
|
|switch|p2a: Scissaille|Scizor, M|344\/344
|move|p1a: Claff on Ya|Stealth Rock|p2a: Scissaille
|-sidestart|p2: Mupleking|move: Stealth Rock
|
|-heal|p1a: Claff on Ya|325\/394 tox|[from] item: Leftovers
|-damage|p1a: Claff on Ya|253\/394 tox|[from] psn
|turn|5
|
|switch|p1a: Prioritize|Talonflame, M, shiny|319\/319
|move|p2a: Scissaille|U-turn|p1a: Prioritize
|-resisted|p1a: Prioritize
|-damage|p1a: Prioritize|256\/319
|
|switch|p2a: MyGoodStar|Starmie|207\/288
|-damage|p2a: MyGoodStar|171\/288|[from] Stealth Rock
|
|-heal|p2a: MyGoodStar|189\/288|[from] item: Leftovers
|turn|6
|
|move|p1a: Prioritize|Brave Bird|p2a: MyGoodStar
|-damage|p2a: MyGoodStar|2\/288
|-damage|p1a: Prioritize|194\/319|[from] recoil|[of] p2a: MyGoodStar
|move|p2a: MyGoodStar|Rapid Spin|p1a: Prioritize
|-damage|p1a: Prioritize|178\/319
|-sideend|p2: Mupleking|Stealth Rock|[from] move: Rapid Spin|[of] p2a: MyGoodStar
|
|-heal|p2a: MyGoodStar|20\/288|[from] item: Leftovers
|turn|7
|
|move|p1a: Prioritize|Brave Bird|p2a: MyGoodStar
|-damage|p2a: MyGoodStar|0 fnt
|-damage|p1a: Prioritize|171\/319|[from] recoil|[of] p2a: MyGoodStar
|faint|p2a: MyGoodStar
|
|
|switch|p2a: Brute|Garchomp, M|357\/357
|turn|8
|
|switch|p1a: Claff on Ya|Clefable, F, shiny|253\/394 tox
|move|p2a: Brute|Poison Jab|p1a: Claff on Ya
|-supereffective|p1a: Claff on Ya
|-damage|p1a: Claff on Ya|0 fnt
|faint|p1a: Claff on Ya
|
|join|Will4Play
|
|switch|p1a: Mega Jet|Latias, F, shiny|301\/301
|turn|9
|
|switch|p2a: Scissaille|Scizor, M|344\/344
|detailschange|p1a: Mega Jet|Latias-Mega, F, shiny
|message|Latias has Mega Evolved into Mega Latias!
|move|p1a: Mega Jet|Draco Meteor|p2a: Scissaille
|-resisted|p2a: Scissaille
|-damage|p2a: Scissaille|191\/344
|-unboost|p1a: Mega Jet|spa|2
|
|turn|10
|leave|aricthered
|
|move|p2a: Scissaille|Pursuit|p1a: Mega Jet|[from]Pursuit
|-supereffective|p1a: Mega Jet
|-damage|p1a: Mega Jet|51\/301
|switch|p1a: Prioritize|Talonflame, M, shiny|171\/319
|
|turn|11
|
|move|p1a: Prioritize|Roost|p1a: Prioritize
|-heal|p1a: Prioritize|319\/319
|move|p2a: Scissaille|Pursuit|p1a: Prioritize
|-damage|p1a: Prioritize|163\/319
|
|turn|12
|
|switch|p2a: SpiritOfTheWoods|Sylveon, F|375\/375
|move|p1a: Prioritize|Swords Dance|p1a: Prioritize
|-boost|p1a: Prioritize|atk|2
|
|turn|13
|
|move|p1a: Prioritize|Roost|p1a: Prioritize
|-heal|p1a: Prioritize|319\/319
|move|p2a: SpiritOfTheWoods|Hyper Voice|p1a: Prioritize
|-resisted|p1a: Prioritize
|-damage|p1a: Prioritize|213\/319
|
|turn|14
|
|move|p1a: Prioritize|Swords Dance|p1a: Prioritize
|-boost|p1a: Prioritize|atk|2
|move|p2a: SpiritOfTheWoods|Wish|p2a: SpiritOfTheWoods
|
|turn|15
|
|move|p1a: Prioritize|Roost|p1a: Prioritize
|-heal|p1a: Prioritize|319\/319
|move|p2a: SpiritOfTheWoods|Hyper Voice|p1a: Prioritize
|-resisted|p1a: Prioritize
|-damage|p1a: Prioritize|205\/319
|
|turn|16
|
|move|p1a: Prioritize|Brave Bird|p2a: SpiritOfTheWoods
|-damage|p2a: SpiritOfTheWoods|0 fnt
|-damage|p1a: Prioritize|81\/319|[from] recoil|[of] p2a: SpiritOfTheWoods
|faint|p2a: SpiritOfTheWoods
|
|
|switch|p2a: Brute|Garchomp, M|357\/357
|turn|17
|c|âMupleking|Gg
|
|move|p1a: Prioritize|Brave Bird|p2a: Brute
|-damage|p2a: Brute|0 fnt
|-damage|p1a: Prioritize|42\/319|[from] ability: Rough Skin|[of] p2a: Brute
|-damage|p1a: Prioritize|0 fnt|[from] recoil|[of] p2a: Brute
|faint|p2a: Brute
|faint|p1a: Prioritize
|
|c|âNub Central|gg
|c|âMupleking|No
|c|âNub Central|y
|
|switch|p2a: L'assasin|Gengar, F|261\/261
|switch|p1a: Pegasus|Keldeo-Resolute, shiny|323\/323
|turn|18
|
|move|p2a: L'assasin|Substitute|p2a: L'assasin
|-start|p2a: L'assasin|Substitute
|-damage|p2a: L'assasin|196\/261
|move|p1a: Pegasus|Scald|p2a: L'assasin
|-end|p2a: L'assasin|Substitute
|
|-heal|p2a: L'assasin|212\/261|[from] item: Leftovers
|turn|19
|
|move|p2a: L'assasin|Disable|p1a: Pegasus
|-start|p1a: Pegasus|Disable|Scald
|cant|p1a: Pegasus|Disable|Scald
|
|-heal|p2a: L'assasin|228\/261|[from] item: Leftovers
|turn|20
|
|move|p2a: L'assasin|Shadow Ball|p1a: Pegasus
|-damage|p1a: Pegasus|191\/323
|move|p1a: Pegasus|Calm Mind|p1a: Pegasus
|-boost|p1a: Pegasus|spa|1
|-boost|p1a: Pegasus|spd|1
|
|-heal|p2a: L'assasin|244\/261|[from] item: Leftovers
|-heal|p1a: Pegasus|211\/323|[from] item: Leftovers
|turn|21
|
|move|p2a: L'assasin|Shadow Ball|p1a: Pegasus
|-damage|p1a: Pegasus|124\/323
|move|p1a: Pegasus|Calm Mind|p1a: Pegasus
|-boost|p1a: Pegasus|spa|1
|-boost|p1a: Pegasus|spd|1
|
|-heal|p2a: L'assasin|260\/261|[from] item: Leftovers
|-heal|p1a: Pegasus|144\/323|[from] item: Leftovers
|turn|22
|
|move|p2a: L'assasin|Shadow Ball|p1a: Pegasus
|-damage|p1a: Pegasus|71\/323
|move|p1a: Pegasus|Calm Mind|p1a: Pegasus
|-boost|p1a: Pegasus|spa|1
|-boost|p1a: Pegasus|spd|1
|
|-heal|p2a: L'assasin|261\/261|[from] item: Leftovers
|-heal|p1a: Pegasus|91\/323|[from] item: Leftovers
|-end|p1a: Pegasus|Disable
|turn|23
|
|move|p2a: L'assasin|Substitute|p2a: L'assasin
|-start|p2a: L'assasin|Substitute
|-damage|p2a: L'assasin|196\/261
|move|p1a: Pegasus|Calm Mind|p1a: Pegasus
|-boost|p1a: Pegasus|spa|1
|-boost|p1a: Pegasus|spd|1
|
|-heal|p2a: L'assasin|212\/261|[from] item: Leftovers
|-heal|p1a: Pegasus|111\/323|[from] item: Leftovers
|turn|24
|
|move|p2a: L'assasin|Will-O-Wisp|p1a: Pegasus
|-status|p1a: Pegasus|brn
|move|p1a: Pegasus|Scald|p2a: L'assasin
|-end|p2a: L'assasin|Substitute
|
|-heal|p2a: L'assasin|228\/261|[from] item: Leftovers
|-heal|p1a: Pegasus|131\/323 brn|[from] item: Leftovers
|-damage|p1a: Pegasus|91\/323 brn|[from] brn
|turn|25
|
|switch|p1a: Bloo Rangah|Bisharp, M, shiny|271\/271
|move|p2a: L'assasin|Shadow Ball|p1a: Bloo Rangah
|-resisted|p1a: Bloo Rangah
|-damage|p1a: Bloo Rangah|181\/271
|
|-heal|p2a: L'assasin|244\/261|[from] item: Leftovers
|turn|26
|
|move|p2a: L'assasin|Will-O-Wisp|p1a: Bloo Rangah
|-status|p1a: Bloo Rangah|brn
|move|p1a: Bloo Rangah|Knock Off|p2a: L'assasin
|-supereffective|p2a: L'assasin
|-damage|p2a: L'assasin|0 fnt
|-enditem|p2a: L'assasin|Leftovers|[from] move: Knock Off|[of] p1a: Bloo Rangah
|-damage|p1a: Bloo Rangah|154\/271 brn|[from] item: Life Orb
|faint|p2a: L'assasin
|
|-damage|p1a: Bloo Rangah|121\/271 brn|[from] brn
|
|switch|p2a: Gytrash|Absol, F|271\/271
|turn|27
|
|switch|p1a: Mega Jet|Latias-Mega, F, shiny|51\/301
|detailschange|p2a: Gytrash|Absol-Mega, F
|message|Absol has Mega Evolved into Mega Absol!
|move|p2a: Gytrash|Flamethrower|p1a: Mega Jet
|-crit|p1a: Mega Jet
|-resisted|p1a: Mega Jet
|-damage|p1a: Mega Jet|5\/301
|
|turn|28
|
|move|p2a: Gytrash|Knock Off|p1a: Mega Jet
|-supereffective|p1a: Mega Jet
|-damage|p1a: Mega Jet|0 fnt
|faint|p1a: Mega Jet
|
|leave|jeremy st
|
|switch|p1a: Bugs|Diggersby, M, shiny|311\/311
|turn|29
|
|move|p2a: Gytrash|Superpower|p1a: Bugs
|-supereffective|p1a: Bugs
|-enditem|p1a: Bugs|Focus Sash
|-damage|p1a: Bugs|1\/311
|-unboost|p2a: Gytrash|atk|1
|-unboost|p2a: Gytrash|def|1
|move|p1a: Bugs|Swords Dance|p1a: Bugs
|-boost|p1a: Bugs|atk|2
|
|turn|30
|c|âNub Central|no way u dont even sucker?
|c|âNub Central|wtf bro
|
|move|p2a: Gytrash|Knock Off|p1a: Bugs
|-damage|p1a: Bugs|0 fnt
|faint|p1a: Bugs
|
|c|âNub Central|omllll
|
|switch|p1a: Bloo Rangah|Bisharp, M, shiny|121\/271 brn
|turn|31
|c|âNub Central|worst plays im sorry
|c|âMupleking|Gg
|-message|Nub Central forfeited.
|
|win|Mupleking
|leave|Nub Central
|player|p1