|join|NuB Central
|join|Logoff Stratos
|player|p1|NuB Central|161
|player|p2|Logoff Stratos|95
|gametype|singles
|gen|6
|tier|ORAS OU
|rated
|rule|Sleep Clause Mod: Limit one foe put to sleep
|rule|Species Clause: Limit one of each PokÃ©mon
|rule|OHKO Clause: OHKO moves are banned
|rule|Moody Clause: Moody is banned
|rule|Evasion Moves Clause: Evasion moves are banned
|rule|Endless Battle Clause: Forcing endless battles is banned
|rule|HP Percentage Mod: HP is shown in percentages
|clearpoke
|poke|p1|Diggersby, M, shiny
|poke|p1|Keldeo-Resolute, shiny
|poke|p1|Bisharp, M, shiny
|poke|p1|Latios, M, shiny
|poke|p1|Talonflame, M, shiny
|poke|p1|Clefable, F, shiny
|poke|p2|Glalie, M
|poke|p2|Bisharp, M
|poke|p2|Gyarados, M
|poke|p2|Gothitelle, F
|poke|p2|Conkeldurr, M
|poke|p2|Chansey, F
|rule|Swagger Clause: Swagger is banned
|rule|Baton Pass Clause: Limit one PokÃ©mon knowing Baton Pass
|teampreview
|
|start
|switch|p1a: Latios|Latios, M, shiny|301\/301
|switch|p2a: Tsubasa Nishikiori|Chansey, F|704\/704
|turn|1
|
|switch|p1a: Bloo Rangah|Bisharp, M, shiny|271\/271
|move|p2a: Tsubasa Nishikiori|Stealth Rock|p1a: Bloo Rangah
|-sidestart|p1: NuB Central|move: Stealth Rock
|
|turn|2
|
|switch|p2a: Viscount Pygman|Conkeldurr, M|414\/414
|move|p1a: Bloo Rangah|Knock Off|p2a: Viscount Pygman
|-resisted|p2a: Viscount Pygman
|-damage|p2a: Viscount Pygman|297\/414
|-enditem|p2a: Viscount Pygman|Assault Vest|[from] move: Knock Off|[of] p1a: Bloo Rangah
|-damage|p1a: Bloo Rangah|244\/271|[from] item: Life Orb
|
|turn|3
|
|switch|p1a: Claff on Ya|Clefable, F, shiny|394\/394
|-damage|p1a: Claff on Ya|345\/394|[from] Stealth Rock
|move|p2a: Viscount Pygman|Poison Jab|p1a: Claff on Ya
|-supereffective|p1a: Claff on Ya
|-damage|p1a: Claff on Ya|143\/394
|
|-heal|p1a: Claff on Ya|167\/394|[from] item: Leftovers
|turn|4
|
|switch|p2a: Mazinger Z|Bisharp, M|271\/271
|move|p1a: Claff on Ya|Stealth Rock|p2a: Mazinger Z
|-sidestart|p2: Logoff Stratos|move: Stealth Rock
|
|-heal|p1a: Claff on Ya|191\/394|[from] item: Leftovers
|turn|5
|
|switch|p1a: Pegasus|Keldeo-Resolute, shiny|323\/323
|-damage|p1a: Pegasus|303\/323|[from] Stealth Rock
|move|p2a: Mazinger Z|Iron Head|p1a: Pegasus
|-resisted|p1a: Pegasus
|-damage|p1a: Pegasus|225\/323
|
|-heal|p1a: Pegasus|245\/323|[from] item: Leftovers
|turn|6
|
|switch|p2a: Tsubasa Nishikiori|Chansey, F|704\/704
|-damage|p2a: Tsubasa Nishikiori|616\/704|[from] Stealth Rock
|move|p1a: Pegasus|Calm Mind|p1a: Pegasus
|-boost|p1a: Pegasus|spa|1
|-boost|p1a: Pegasus|spd|1
|
|-heal|p1a: Pegasus|265\/323|[from] item: Leftovers
|turn|7
|
|move|p1a: Pegasus|Substitute|p1a: Pegasus
|-start|p1a: Pegasus|Substitute
|-damage|p1a: Pegasus|185\/323
|move|p2a: Tsubasa Nishikiori|Thunder Wave|p1a: Pegasus
|
|-heal|p1a: Pegasus|205\/323|[from] item: Leftovers
|turn|8
|
|move|p1a: Pegasus|Secret Sword|p2a: Tsubasa Nishikiori
|-supereffective|p2a: Tsubasa Nishikiori
|-damage|p2a: Tsubasa Nishikiori|62\/704
|move|p2a: Tsubasa Nishikiori|Seismic Toss|p1a: Pegasus
|-end|p1a: Pegasus|Substitute
|
|-heal|p1a: Pegasus|225\/323|[from] item: Leftovers
|turn|9
|
|move|p1a: Pegasus|Scald|p2a: Tsubasa Nishikiori
|-damage|p2a: Tsubasa Nishikiori|0 fnt
|faint|p2a: Tsubasa Nishikiori
|
|-heal|p1a: Pegasus|245\/323|[from] item: Leftovers
|
|switch|p2a: Baron Ashura|Gothitelle, F|282\/282
|-damage|p2a: Baron Ashura|247\/282|[from] Stealth Rock
|turn|10
|
|move|p1a: Pegasus|Scald|p2a: Baron Ashura
|-damage|p2a: Baron Ashura|52\/282
|move|p2a: Baron Ashura|Thunderbolt|p1a: Pegasus
|-supereffective|p1a: Pegasus
|-damage|p1a: Pegasus|73\/323
|
|-heal|p1a: Pegasus|93\/323|[from] item: Leftovers
|turn|11
|
|move|p1a: Pegasus|Secret Sword|p2a: Baron Ashura
|-resisted|p2a: Baron Ashura
|-damage|p2a: Baron Ashura|0 fnt
|faint|p2a: Baron Ashura
|
|-heal|p1a: Pegasus|113\/323|[from] item: Leftovers
|
|switch|p2a: Viscount Pygman|Conkeldurr, M|297\/414
|-damage|p2a: Viscount Pygman|272\/414|[from] Stealth Rock
|turn|12
|
|move|p2a: Viscount Pygman|Mach Punch|p1a: Pegasus
|-damage|p1a: Pegasus|20\/323
|move|p1a: Pegasus|Secret Sword|p2a: Viscount Pygman
|-damage|p2a: Viscount Pygman|34\/414
|
|-heal|p1a: Pegasus|40\/323|[from] item: Leftovers
|turn|13
|
|switch|p1a: Claff on Ya|Clefable, F, shiny|191\/394
|-damage|p1a: Claff on Ya|142\/394|[from] Stealth Rock
|move|p2a: Viscount Pygman|Mach Punch|p1a: Claff on Ya
|-resisted|p1a: Claff on Ya
|-damage|p1a: Claff on Ya|103\/394
|
|-heal|p1a: Claff on Ya|127\/394|[from] item: Leftovers
|turn|14
|
|move|p1a: Claff on Ya|Moonlight|p1a: Claff on Ya
|-heal|p1a: Claff on Ya|324\/394
|move|p2a: Viscount Pygman|Poison Jab|p1a: Claff on Ya
|-supereffective|p1a: Claff on Ya
|-damage|p1a: Claff on Ya|134\/394
|
|-heal|p1a: Claff on Ya|158\/394|[from] item: Leftovers
|turn|15
|
|move|p1a: Claff on Ya|Moonblast|p2a: Viscount Pygman
|-supereffective|p2a: Viscount Pygman
|-damage|p2a: Viscount Pygman|0 fnt
|faint|p2a: Viscount Pygman
|
|-heal|p1a: Claff on Ya|182\/394|[from] item: Leftovers
|
|switch|p2a: Mazinger Z|Bisharp, M|271\/271
|-damage|p2a: Mazinger Z|255\/271|[from] Stealth Rock
|turn|16
|
|move|p2a: Mazinger Z|Iron Head|p1a: Claff on Ya
|-supereffective|p1a: Claff on Ya
|-damage|p1a: Claff on Ya|0 fnt
|faint|p1a: Claff on Ya
|
|
|switch|p1a: Latios|Latios, M, shiny|301\/301
|-damage|p1a: Latios|264\/301|[from] Stealth Rock
|turn|17
|
|detailschange|p1a: Latios|Latios-Mega, M, shiny
|message|Latios has Mega Evolved into Mega Latios!
|move|p2a: Mazinger Z|Sucker Punch|p1a: Latios
|-fail|p1a: Latios
|move|p1a: Latios|Defog|p2a: Mazinger Z
|-unboost|p2a: Mazinger Z|evasion|1
|-boost|p2a: Mazinger Z|atk|2|[from] ability: Defiant
|-sideend|p2: Logoff Stratos|Stealth Rock|[from] move: Defog|[of] p2a: Mazinger Z
|-sideend|p1: NuB Central|Stealth Rock|[from] move: Defog|[of] p1a: Latios
|
|turn|18
|
|move|p2a: Mazinger Z|Sucker Punch|p1a: Latios
|-supereffective|p1a: Latios
|-damage|p1a: Latios|0 fnt
|faint|p1a: Latios
|
|
|switch|p1a: Bugs|Diggersby, M, shiny|311\/311
|turn|19
|
|move|p2a: Mazinger Z|Sucker Punch|p1a: Bugs
|-fail|p1a: Bugs
|move|p1a: Bugs|Swords Dance|p1a: Bugs
|-boost|p1a: Bugs|atk|2
|
|turn|20
|
|move|p1a: Bugs|Earthquake|p2a: Mazinger Z
|-supereffective|p2a: Mazinger Z
|-damage|p2a: Mazinger Z|0 fnt
|faint|p2a: Mazinger Z
|
|
|switch|p2a: Dr. Hell|Gyarados, M|332\/332
|-ability|p2a: Dr. Hell|Intimidate|[of] p1a: Bugs
|-unboost|p1a: Bugs|atk|1
|turn|21
|
|move|p2a: Dr. Hell|Waterfall|p1a: Bugs
|-supereffective|p1a: Bugs
|-enditem|p1a: Bugs|Focus Sash
|-damage|p1a: Bugs|1\/311
|-damage|p2a: Dr. Hell|299\/332|[from] item: Life Orb
|move|p1a: Bugs|Return|p2a: Dr. Hell
|-damage|p2a: Dr. Hell|0 fnt
|faint|p2a: Dr. Hell
|
|
|switch|p2a: Count Brocken|Glalie, M|301\/301
|turn|22
|
|detailschange|p2a: Count Brocken|Glalie-Mega, M
|message|Glalie has Mega Evolved into Mega Glalie!
|move|p1a: Bugs|Quick Attack|p2a: Count Brocken
|-crit|p2a: Count Brocken
|-damage|p2a: Count Brocken|66\/301
|move|p2a: Count Brocken|Return|p1a: Bugs
|-supereffective|p1a: Bugs
|-damage|p1a: Bugs|0 fnt
|faint|p1a: Bugs
|
|
|switch|p1a: Pegasus|Keldeo-Resolute, shiny|40\/323
|turn|23
|
|move|p1a: Pegasus|Secret Sword|p2a: Count Brocken
|-supereffective|p2a: Count Brocken
|-damage|p2a: Count Brocken|0 fnt
|faint|p2a: Count Brocken
|
|win|NuB Central
|raw|Ladder updating...
|raw|NuB Central's rating: 1443 &rarr; <strong>1453<\/strong><br \/>(+10 for winning)
|raw|Logoff Stratos's rating: 1260 &rarr; <strong>1247<\/strong><br \/>(-13 for losing)
|c|âLogoff Stratos|gg
|c|âNuB Central|gggg
|leave|NuB Central
|player|p1