|join|Aka DH
|join|NuB Central
|player|p1|Aka DH|68
|player|p2|NuB Central|161
|gametype|singles
|gen|6
|tier|ORAS OU
|rated
|rule|Sleep Clause Mod: Limit one foe put to sleep
|rule|Species Clause: Limit one of each PokÃ©mon
|rule|OHKO Clause: OHKO moves are banned
|rule|Moody Clause: Moody is banned
|rule|Evasion Moves Clause: Evasion moves are banned
|rule|Endless Battle Clause: Forcing endless battles is banned
|rule|HP Percentage Mod: HP is shown in percentages
|clearpoke
|poke|p1|Bisharp, M
|poke|p1|Venusaur, F
|poke|p1|Heatran, F
|poke|p1|Keldeo
|poke|p1|Chansey, F
|poke|p1|Skarmory, M
|poke|p2|Metagross, shiny
|poke|p2|Conkeldurr, M, shiny
|poke|p2|Landorus, M, shiny
|poke|p2|Azumarill, M, shiny
|poke|p2|Hydreigon, M
|poke|p2|Gengar, M, shiny
|rule|Swagger Clause: Swagger is banned
|rule|Baton Pass Clause: Limit one PokÃ©mon knowing Baton Pass
|teampreview
|
|start
|switch|p1a: Keldeo|Keldeo|323\/323
|switch|p2a: Nimbus|Landorus, M, shiny|319\/319
|turn|1
|
|switch|p1a: Heatran|Heatran, F|340\/340
|-item|p1a: Heatran|Air Balloon
|switch|p2a: Brute Sh0t|Conkeldurr, M, shiny|361\/361
|
|turn|2
|
|move|p1a: Heatran|Stealth Rock|p2a: Brute Sh0t
|-sidestart|p2: NuB Central|move: Stealth Rock
|move|p2a: Brute Sh0t|Drain Punch|p1a: Heatran
|-supereffective|p1a: Heatran
|-damage|p1a: Heatran|76\/340
|-enditem|p1a: Heatran|Air Balloon
|
|turn|3
|
|move|p1a: Heatran|Toxic|p2a: Brute Sh0t
|-status|p2a: Brute Sh0t|tox
|move|p2a: Brute Sh0t|Knock Off|p1a: Heatran
|-damage|p1a: Heatran|0 fnt
|faint|p1a: Heatran
|
|-damage|p2a: Brute Sh0t|339\/361 tox|[from] psn
|
|switch|p1a: Venusaur|Venusaur, F|364\/364
|turn|4
|
|switch|p2a: Nimbus|Landorus, M, shiny|319\/319
|-damage|p2a: Nimbus|280\/319|[from] Stealth Rock
|detailschange|p1a: Venusaur|Venusaur-Mega, F
|message|Venusaur has Mega Evolved into Mega Venusaur!
|move|p1a: Venusaur|Giga Drain|p2a: Nimbus
|-damage|p2a: Nimbus|144\/319
|
|turn|5
|
|switch|p1a: Chansey|Chansey, F|684\/684
|move|p2a: Nimbus|Stealth Rock|p1a: Chansey
|-sidestart|p1: Aka DH|move: Stealth Rock
|
|turn|6
|
|move|p2a: Nimbus|Knock Off|p1a: Chansey
|-damage|p1a: Chansey|523\/684
|-enditem|p1a: Chansey|Eviolite|[from] move: Knock Off|[of] p2a: Nimbus
|-damage|p2a: Nimbus|113\/319|[from] item: Life Orb
|move|p1a: Chansey|Seismic Toss|p2a: Nimbus
|-damage|p2a: Nimbus|13\/319
|
|turn|7
|
|move|p2a: Nimbus|Focus Blast|p1a: Chansey|[miss]
|-miss|p2a: Nimbus|p1a: Chansey
|move|p1a: Chansey|Seismic Toss|p2a: Nimbus
|-damage|p2a: Nimbus|0 fnt
|faint|p2a: Nimbus
|
|join|Zenzoh
|c|âAka DH|welcome zenzoh
|
|switch|p2a: Venom|Gengar, M, shiny|261\/261
|-damage|p2a: Venom|229\/261|[from] Stealth Rock
|turn|8
|c| Zenzoh|hi
|
|move|p2a: Venom|Will-O-Wisp|p1a: Chansey
|-status|p1a: Chansey|brn
|move|p1a: Chansey|Thunder Wave|p2a: Venom
|-status|p2a: Venom|par
|
|-damage|p1a: Chansey|438\/684 brn|[from] brn
|turn|9
|
|move|p1a: Chansey|Soft-Boiled|p1a: Chansey
|-heal|p1a: Chansey|684\/684 brn
|move|p2a: Venom|Focus Blast|p1a: Chansey
|-supereffective|p1a: Chansey
|-damage|p1a: Chansey|356\/684 brn
|-damage|p2a: Venom|203\/261 par|[from] item: Life Orb
|
|-damage|p1a: Chansey|271\/684 brn|[from] brn
|turn|10
|
|switch|p2a: Brute Sh0t|Conkeldurr, M, shiny|339\/361 tox
|-damage|p2a: Brute Sh0t|317\/361 tox|[from] Stealth Rock
|move|p1a: Chansey|Soft-Boiled|p1a: Chansey
|-heal|p1a: Chansey|613\/684 brn
|
|-damage|p1a: Chansey|528\/684 brn|[from] brn
|-damage|p2a: Brute Sh0t|295\/361 tox|[from] psn
|turn|11
|
|switch|p1a: Venusaur|Venusaur-Mega, F|364\/364
|-damage|p1a: Venusaur|319\/364|[from] Stealth Rock
|move|p2a: Brute Sh0t|Drain Punch|p1a: Venusaur
|-resisted|p1a: Venusaur
|-damage|p1a: Venusaur|253\/364
|-heal|p2a: Brute Sh0t|328\/361 tox|[from] drain|[of] p1a: Venusaur
|
|-damage|p2a: Brute Sh0t|284\/361 tox|[from] psn
|turn|12
|
|switch|p2a: Venom|Gengar, M, shiny|203\/261 par
|-damage|p2a: Venom|171\/261 par|[from] Stealth Rock
|move|p1a: Venusaur|Giga Drain|p2a: Venom
|-resisted|p2a: Venom
|-damage|p2a: Venom|108\/261 par
|-heal|p1a: Venusaur|285\/364|[from] drain|[of] p2a: Venom
|
|turn|13
|
|switch|p1a: Chansey|Chansey, F|528\/684
|-damage|p1a: Chansey|443\/684|[from] Stealth Rock
|switch|p2a: CPU|Metagross, shiny|301\/301
|-damage|p2a: CPU|283\/301|[from] Stealth Rock
|
|turn|14
|
|switch|p1a: Skarmory|Skarmory, M|334\/334
|-damage|p1a: Skarmory|293\/334|[from] Stealth Rock
|detailschange|p2a: CPU|Metagross-Mega, shiny
|message|Metagross has Mega Evolved into Mega Metagross!
|move|p2a: CPU|Hammer Arm|p1a: Skarmory
|-damage|p1a: Skarmory|176\/334
|-damage|p2a: CPU|233\/301|[from] item: Rocky Helmet|[of] p1a: Skarmory
|-unboost|p2a: CPU|spe|1
|
|turn|15
|c| Zenzoh|lol
|c| Zenzoh|shitty c0mp lost his match
|
|switch|p2a: Brute Sh0t|Conkeldurr, M, shiny|284\/361 tox
|-damage|p2a: Brute Sh0t|262\/361 tox|[from] Stealth Rock
|move|p1a: Skarmory|Roost|p1a: Skarmory
|-heal|p1a: Skarmory|334\/334
|
|-damage|p2a: Brute Sh0t|240\/361 tox|[from] psn
|turn|16
|
|switch|p1a: Venusaur|Venusaur-Mega, F|285\/364
|-damage|p1a: Venusaur|240\/364|[from] Stealth Rock
|move|p2a: Brute Sh0t|Knock Off|p1a: Venusaur
|-crit|p1a: Venusaur
|-damage|p1a: Venusaur|124\/364
|
|-damage|p2a: Brute Sh0t|196\/361 tox|[from] psn
|turn|17
|
|switch|p2a: CPU|Metagross-Mega, shiny|233\/301
|-damage|p2a: CPU|215\/301|[from] Stealth Rock
|move|p1a: Venusaur|Synthesis|p1a: Venusaur
|-heal|p1a: Venusaur|306\/364
|
|turn|18
|c|âAka DH|why so quiet MoB?
|
|switch|p1a: Skarmory|Skarmory, M|334\/334
|-damage|p1a: Skarmory|293\/334|[from] Stealth Rock
|move|p2a: CPU|Zen Headbutt|p1a: Skarmory
|-resisted|p1a: Skarmory
|-damage|p1a: Skarmory|230\/334
|-damage|p2a: CPU|165\/301|[from] item: Rocky Helmet|[of] p1a: Skarmory
|
|turn|19
|c|âNuB Central|what is there to say
|
|switch|p2a: Venom|Gengar, M, shiny|108\/261 par
|-damage|p2a: Venom|76\/261 par|[from] Stealth Rock
|move|p1a: Skarmory|Spikes|p2a: Venom
|-sidestart|p2: NuB Central|Spikes
|
|turn|20
|join|jake5
|
|move|p1a: Skarmory|Brave Bird|p2a: Venom
|-damage|p2a: Venom|0 fnt
|-damage|p1a: Skarmory|205\/334|[from] recoil|[of] p2a: Venom
|faint|p2a: Venom
|
|c| jake5|sub bob
|
|switch|p2a: Iluminatti|Hydreigon, M|325\/325
|-damage|p2a: Iluminatti|285\/325|[from] Stealth Rock
|turn|21
|c| jake5|i thought ur supposed to beat bloody
|
|switch|p1a: Keldeo|Keldeo|323\/323
|-damage|p1a: Keldeo|303\/323|[from] Stealth Rock
|move|p2a: Iluminatti|Fire Blast|p1a: Keldeo|[miss]
|-miss|p2a: Iluminatti|p1a: Keldeo
|
|-heal|p1a: Keldeo|323\/323|[from] item: Leftovers
|turn|22
|c|âNuB Central|let me test my team in peace
|c|âAka DH|peace and love
|c| jake5|k ma boi
|join|aka dh = bad
|
|switch|p2a: Gold Rush|Azumarill, M, shiny|360\/360
|-damage|p2a: Gold Rush|315\/360|[from] Stealth Rock
|-damage|p2a: Gold Rush|270\/360|[from] Spikes
|move|p1a: Keldeo|Secret Sword|p2a: Gold Rush
|-resisted|p2a: Gold Rush
|-damage|p2a: Gold Rush|180\/360
|-enditem|p2a: Gold Rush|Sitrus Berry|[eat]
|-heal|p2a: Gold Rush|270\/360|[from] item: Sitrus Berry
|
|turn|23
|
|switch|p1a: Venusaur|Venusaur-Mega, F|306\/364
|-damage|p1a: Venusaur|261\/364|[from] Stealth Rock
|switch|p2a: CPU|Metagross-Mega, shiny|165\/301
|-damage|p2a: CPU|147\/301|[from] Stealth Rock
|-damage|p2a: CPU|110\/301|[from] Spikes
|
|turn|24
|
|switch|p1a: Skarmory|Skarmory, M|205\/334
|-damage|p1a: Skarmory|164\/334|[from] Stealth Rock
|move|p2a: CPU|Zen Headbutt|p1a: Skarmory
|-resisted|p1a: Skarmory
|-damage|p1a: Skarmory|93\/334
|-damage|p2a: CPU|60\/301|[from] item: Rocky Helmet|[of] p1a: Skarmory
|
|turn|25
|
|move|p2a: CPU|Hammer Arm|p1a: Skarmory
|-damage|p1a: Skarmory|0 fnt
|-damage|p2a: CPU|10\/301|[from] item: Rocky Helmet|[of] p1a: Skarmory
|-unboost|p2a: CPU|spe|1
|faint|p1a: Skarmory
|
|
|switch|p1a: Keldeo|Keldeo|323\/323
|-damage|p1a: Keldeo|303\/323|[from] Stealth Rock
|turn|26
|
|move|p1a: Keldeo|Scald|p2a: CPU
|-damage|p2a: CPU|0 fnt
|faint|p2a: CPU
|
|-heal|p1a: Keldeo|323\/323|[from] item: Leftovers
|join|uCan'tSeeMe
|
|switch|p2a: Brute Sh0t|Conkeldurr, M, shiny|196\/361 tox
|-damage|p2a: Brute Sh0t|151\/361 tox|[from] Spikes
|-damage|p2a: Brute Sh0t|129\/361 tox|[from] Stealth Rock
|turn|27
|
|switch|p1a: Venusaur|Venusaur-Mega, F|261\/364
|-damage|p1a: Venusaur|216\/364|[from] Stealth Rock
|move|p2a: Brute Sh0t|Mach Punch|p1a: Venusaur
|-resisted|p1a: Venusaur
|-damage|p1a: Venusaur|178\/364
|
|-damage|p2a: Brute Sh0t|107\/361 tox|[from] psn
|turn|28
|
|move|p1a: Venusaur|Synthesis|p1a: Venusaur
|-heal|p1a: Venusaur|360\/364
|move|p2a: Brute Sh0t|Drain Punch|p1a: Venusaur
|-resisted|p1a: Venusaur
|-damage|p1a: Venusaur|291\/364
|-heal|p2a: Brute Sh0t|142\/361 tox|[from] drain|[of] p1a: Venusaur
|
|-damage|p2a: Brute Sh0t|98\/361 tox|[from] psn
|turn|29
|
|move|p1a: Venusaur|Giga Drain|p2a: Brute Sh0t
|-damage|p2a: Brute Sh0t|19\/361 tox
|-heal|p1a: Venusaur|331\/364|[from] drain|[of] p2a: Brute Sh0t
|move|p2a: Brute Sh0t|Drain Punch|p1a: Venusaur
|-resisted|p1a: Venusaur
|-damage|p1a: Venusaur|262\/364
|-heal|p2a: Brute Sh0t|54\/361 tox|[from] drain|[of] p1a: Venusaur
|
|-damage|p2a: Brute Sh0t|0 fnt|[from] psn
|faint|p2a: Brute Sh0t
|join|nidvikie
|
|switch|p2a: Iluminatti|Hydreigon, M|285\/325
|-damage|p2a: Iluminatti|245\/325|[from] Stealth Rock
|turn|30
|
|switch|p1a: Chansey|Chansey, F|443\/684
|-damage|p1a: Chansey|358\/684|[from] Stealth Rock
|move|p2a: Iluminatti|Dark Pulse|p1a: Chansey
|-damage|p1a: Chansey|240\/684
|
|turn|31
|
|move|p2a: Iluminatti|Dark Pulse|p1a: Chansey
|-damage|p1a: Chansey|125\/684
|move|p1a: Chansey|Soft-Boiled|p1a: Chansey
|-heal|p1a: Chansey|467\/684
|
|turn|32
|
|move|p2a: Iluminatti|Dark Pulse|p1a: Chansey
|-damage|p1a: Chansey|350\/684
|move|p1a: Chansey|Thunder Wave|p2a: Iluminatti
|-status|p2a: Iluminatti|par
|
|turn|33
|
|switch|p2a: Gold Rush|Azumarill, M, shiny|270\/360
|-damage|p2a: Gold Rush|225\/360|[from] Stealth Rock
|-damage|p2a: Gold Rush|180\/360|[from] Spikes
|move|p1a: Chansey|Seismic Toss|p2a: Gold Rush
|-damage|p2a: Gold Rush|80\/360
|
|turn|34
|join|Sky Lynx
|leave|aka dh = bad
|
|switch|p1a: Venusaur|Venusaur-Mega, F|262\/364
|-damage|p1a: Venusaur|217\/364|[from] Stealth Rock
|move|p2a: Gold Rush|Play Rough|p1a: Venusaur
|-resisted|p1a: Venusaur
|-damage|p1a: Venusaur|152\/364
|
|turn|35
|join|bluri
|c| jake5|lololol aka dh=bad loloollool
|-message|NuB Central forfeited.
|leave|NuB Central
|
|win|Aka DH
|raw|Ladder updating...
|player|p2
|raw|Aka DH's rating: 1412 &rarr; <strong>1430<\/strong><br \/>(+18 for winning)
|raw|NuB Central's rating: 1365 &rarr; <strong>1348<\/strong><br \/>(-17 for losing)
|leave|Zenzoh
|c| jake5|lol i thought bob is supposed to rek you
|leave|nidvikie