|join|Nub Central
|join|kingct95
|player|p1|Nub Central|161
|player|p2|kingct95|161
|gametype|singles
|gen|6
|tier|ORAS OU
|rated
|rule|Sleep Clause Mod: Limit one foe put to sleep
|rule|Species Clause: Limit one of each PokÃ©mon
|rule|OHKO Clause: OHKO moves are banned
|rule|Moody Clause: Moody is banned
|rule|Evasion Moves Clause: Evasion moves are banned
|rule|Endless Battle Clause: Forcing endless battles is banned
|rule|HP Percentage Mod: HP is shown in percentages
|clearpoke
|poke|p1|Diggersby, M, shiny
|poke|p1|Keldeo-Resolute, shiny
|poke|p1|Bisharp, M, shiny
|poke|p1|Latios, M, shiny
|poke|p1|Talonflame, M, shiny
|poke|p1|Clefable, F, shiny
|poke|p2|Sceptile, M
|poke|p2|Rotom-Wash
|poke|p2|Excadrill, M
|poke|p2|Landorus-Therian, M
|poke|p2|Azumarill, F
|poke|p2|Ferrothorn, F
|rule|Swagger Clause: Swagger is banned
|rule|Baton Pass Clause: Limit one PokÃ©mon knowing Baton Pass
|teampreview
|
|start
|switch|p1a: Latios|Latios, M, shiny|301\/301
|switch|p2a: Landorus-Therian|Landorus-Therian, M|320\/320
|-ability|p2a: Landorus-Therian|Intimidate|[of] p1a: Latios
|-unboost|p1a: Latios|atk|1
|turn|1
|join|countblanc
|
|switch|p1a: Claff on Ya|Clefable, F, shiny|394\/394
|move|p2a: Landorus-Therian|Stealth Rock|p1a: Claff on Ya
|-sidestart|p1: Nub Central|move: Stealth Rock
|
|turn|2
|
|switch|p2a: Ferrothorn|Ferrothorn, F|352\/352
|move|p1a: Claff on Ya|Stealth Rock|p2a: Ferrothorn
|-sidestart|p2: kingct95|move: Stealth Rock
|
|turn|3
|
|switch|p1a: Pegasus|Keldeo-Resolute, shiny|323\/323
|-damage|p1a: Pegasus|303\/323|[from] Stealth Rock
|move|p2a: Ferrothorn|Gyro Ball|p1a: Pegasus
|-resisted|p1a: Pegasus
|-damage|p1a: Pegasus|206\/323
|
|-heal|p1a: Pegasus|226\/323|[from] item: Leftovers
|turn|4
|
|move|p2a: Ferrothorn|Protect|p2a: Ferrothorn
|-singleturn|p2a: Ferrothorn|Protect
|move|p1a: Pegasus|Secret Sword|p2a: Ferrothorn
|-activate|p2a: Ferrothorn|Protect
|
|-heal|p1a: Pegasus|246\/323|[from] item: Leftovers
|turn|5
|
|switch|p2a: Rotom-Wash|Rotom-Wash|304\/304
|-damage|p2a: Rotom-Wash|266\/304|[from] Stealth Rock
|move|p1a: Pegasus|Secret Sword|p2a: Rotom-Wash
|-damage|p2a: Rotom-Wash|118\/304
|
|-heal|p1a: Pegasus|266\/323|[from] item: Leftovers
|turn|6
|
|switch|p1a: Bugs|Diggersby, M, shiny|311\/311
|-damage|p1a: Bugs|292\/311|[from] Stealth Rock
|move|p2a: Rotom-Wash|Volt Switch|p1a: Bugs
|-immune|p1a: Bugs|[msg]
|
|turn|7
|
|switch|p2a: Ferrothorn|Ferrothorn, F|352\/352
|-damage|p2a: Ferrothorn|330\/352|[from] Stealth Rock
|move|p1a: Bugs|Swords Dance|p1a: Bugs
|-boost|p1a: Bugs|atk|2
|
|turn|8
|
|move|p1a: Bugs|Earthquake|p2a: Ferrothorn
|-damage|p2a: Ferrothorn|36\/352
|move|p2a: Ferrothorn|Leech Seed|p1a: Bugs
|-start|p1a: Bugs|move: Leech Seed
|
|-damage|p1a: Bugs|254\/311|[from] Leech Seed|[of] p2a: Ferrothorn
|-heal|p2a: Ferrothorn|74\/352|[silent]
|turn|9
|
|move|p2a: Ferrothorn|Protect|p2a: Ferrothorn
|-singleturn|p2a: Ferrothorn|Protect
|move|p1a: Bugs|Return|p2a: Ferrothorn
|-activate|p2a: Ferrothorn|Protect
|
|-damage|p1a: Bugs|216\/311|[from] Leech Seed|[of] p2a: Ferrothorn
|-heal|p2a: Ferrothorn|112\/352|[silent]
|turn|10
|
|move|p1a: Bugs|Earthquake|p2a: Ferrothorn
|-damage|p2a: Ferrothorn|0 fnt
|faint|p2a: Ferrothorn
|
|
|switch|p2a: Azumarill|Azumarill, F|404\/404
|-damage|p2a: Azumarill|354\/404|[from] Stealth Rock
|turn|11
|
|move|p1a: Bugs|Quick Attack|p2a: Azumarill
|-damage|p2a: Azumarill|132\/404
|move|p2a: Azumarill|Aqua Jet|p1a: Bugs
|-supereffective|p1a: Bugs
|-damage|p1a: Bugs|0 fnt
|faint|p1a: Bugs
|
|
|switch|p1a: Bloo Rangah|Bisharp, M, shiny|271\/271
|-damage|p1a: Bloo Rangah|255\/271|[from] Stealth Rock
|turn|12
|
|switch|p2a: Excadrill|Excadrill, M|361\/361
|-damage|p2a: Excadrill|350\/361|[from] Stealth Rock
|-ability|p2a: Excadrill|Mold Breaker
|move|p1a: Bloo Rangah|Swords Dance|p1a: Bloo Rangah
|-boost|p1a: Bloo Rangah|atk|2
|
|-heal|p2a: Excadrill|361\/361|[from] item: Leftovers
|turn|13
|
|move|p1a: Bloo Rangah|Sucker Punch|p2a: Excadrill
|-damage|p2a: Excadrill|0 fnt
|-damage|p1a: Bloo Rangah|228\/271|[from] item: Life Orb
|faint|p2a: Excadrill
|
|
|switch|p2a: Sceptile|Sceptile, M|282\/282
|-damage|p2a: Sceptile|247\/282|[from] Stealth Rock
|turn|14
|
|detailschange|p2a: Sceptile|Sceptile-Mega, M
|message|Sceptile has Mega Evolved into Mega Sceptile!
|move|p2a: Sceptile|Focus Blast|p1a: Bloo Rangah
|-supereffective|p1a: Bloo Rangah
|-damage|p1a: Bloo Rangah|0 fnt
|faint|p1a: Bloo Rangah
|
|
|switch|p1a: Latios|Latios, M, shiny|301\/301
|-damage|p1a: Latios|264\/301|[from] Stealth Rock
|turn|15
|
|detailschange|p1a: Latios|Latios-Mega, M, shiny
|message|Latios has Mega Evolved into Mega Latios!
|move|p2a: Sceptile|Dragon Pulse|p1a: Latios
|-supereffective|p1a: Latios
|-damage|p1a: Latios|0 fnt
|faint|p1a: Latios
|
|
|switch|p1a: Claff on Ya|Clefable, F, shiny|394\/394
|-damage|p1a: Claff on Ya|345\/394|[from] Stealth Rock
|turn|16
|c|âkingct95|.-.
|
|switch|p2a: Landorus-Therian|Landorus-Therian, M|320\/320
|-damage|p2a: Landorus-Therian|280\/320|[from] Stealth Rock
|-ability|p2a: Landorus-Therian|Intimidate|[of] p1a: Claff on Ya
|-unboost|p1a: Claff on Ya|atk|1
|move|p1a: Claff on Ya|Moonblast|p2a: Landorus-Therian
|-damage|p2a: Landorus-Therian|139\/320
|-unboost|p2a: Landorus-Therian|spa|1
|
|-heal|p1a: Claff on Ya|369\/394|[from] item: Leftovers
|turn|17
|
|move|p2a: Landorus-Therian|Earthquake|p1a: Claff on Ya
|-damage|p1a: Claff on Ya|191\/394
|move|p1a: Claff on Ya|Moonblast|p2a: Landorus-Therian
|-crit|p2a: Landorus-Therian
|-damage|p2a: Landorus-Therian|0 fnt
|faint|p2a: Landorus-Therian
|
|-heal|p1a: Claff on Ya|215\/394|[from] item: Leftovers
|
|switch|p2a: Azumarill|Azumarill, F|132\/404
|-damage|p2a: Azumarill|82\/404|[from] Stealth Rock
|turn|18
|
|move|p1a: Claff on Ya|Moonlight|p1a: Claff on Ya
|-heal|p1a: Claff on Ya|394\/394
|move|p2a: Azumarill|Play Rough|p1a: Claff on Ya
|-damage|p1a: Claff on Ya|120\/394
|
|-heal|p1a: Claff on Ya|144\/394|[from] item: Leftovers
|turn|19
|
|move|p1a: Claff on Ya|Moonblast|p2a: Azumarill
|-damage|p2a: Azumarill|0 fnt
|faint|p2a: Azumarill
|
|-heal|p1a: Claff on Ya|168\/394|[from] item: Leftovers
|
|switch|p2a: Sceptile|Sceptile-Mega, M|247\/282
|-damage|p2a: Sceptile|212\/282|[from] Stealth Rock
|turn|20
|
|move|p2a: Sceptile|Leaf Storm|p1a: Claff on Ya
|-damage|p1a: Claff on Ya|0 fnt
|-unboost|p2a: Sceptile|spa|2
|faint|p1a: Claff on Ya
|
|
|switch|p1a: Pegasus|Keldeo-Resolute, shiny|266\/323
|-damage|p1a: Pegasus|246\/323|[from] Stealth Rock
|turn|21
|
|move|p2a: Sceptile|Leaf Storm|p1a: Pegasus
|-supereffective|p1a: Pegasus
|-damage|p1a: Pegasus|0 fnt
|-unboost|p2a: Sceptile|spa|2
|faint|p1a: Pegasus
|
|
|switch|p1a: Prioritize|Talonflame, M, shiny|319\/319
|-damage|p1a: Prioritize|160\/319|[from] Stealth Rock
|turn|22
|
|move|p1a: Prioritize|Roost|p1a: Prioritize
|-heal|p1a: Prioritize|319\/319
|move|p2a: Sceptile|Dragon Pulse|p1a: Prioritize
|-damage|p1a: Prioritize|244\/319
|
|turn|23
|
|move|p2a: Sceptile|Dragon Pulse|p1a: Prioritize
|-crit|p1a: Prioritize
|-damage|p1a: Prioritize|0 fnt
|faint|p1a: Prioritize
|
|win|kingct95
|raw|Ladder updating...
|raw|Nub Central's rating: 1387 &rarr; <strong>1365<\/strong><br \/>(-22 for losing)
|raw|kingct95's rating: 1360 &rarr; <strong>1381<\/strong><br \/>(+21 for winning)
|c|âNub Central|wow
|c|âkingct95|:3
|c|âkingct95|lol
|c|âNub Central|fuck off noob
|leave|Nub Central
|player|p1
|leave|countblanc
|c|âkingct95|lol
|leave|kingct95
|player|p2
|join|kingct95