|join|No Magne Zone
|join|NuB Central
|player|p1|No Magne Zone|148
|player|p2|NuB Central|161
|gametype|singles
|gen|6
|tier|ORAS OU
|rated
|rule|Sleep Clause Mod: Limit one foe put to sleep
|rule|Species Clause: Limit one of each PokÃ©mon
|rule|OHKO Clause: OHKO moves are banned
|rule|Moody Clause: Moody is banned
|rule|Evasion Moves Clause: Evasion moves are banned
|rule|Endless Battle Clause: Forcing endless battles is banned
|rule|HP Percentage Mod: HP is shown in percentages
|clearpoke
|poke|p1|Altaria, F
|poke|p1|Magnezone
|poke|p1|Dugtrio, F
|poke|p1|Rotom-Wash
|poke|p1|Conkeldurr, F
|poke|p1|Latios, M
|poke|p2|Skarmory, F
|poke|p2|Chansey, F
|poke|p2|Sableye, F, shiny
|poke|p2|Gliscor, M, shiny
|poke|p2|Clefable, F
|poke|p2|Talonflame, M, shiny
|rule|Swagger Clause: Swagger is banned
|rule|Baton Pass Clause: Limit one PokÃ©mon knowing Baton Pass
|teampreview
|
|start
|switch|p1a: Not-a-factor|Rotom-Wash|304\/304
|switch|p2a: Gliscor|Gliscor, M, shiny|354\/354
|turn|1
|
|move|p2a: Gliscor|Knock Off|p1a: Not-a-factor
|-damage|p1a: Not-a-factor|250\/304
|-enditem|p1a: Not-a-factor|Leftovers|[from] move: Knock Off|[of] p2a: Gliscor
|move|p1a: Not-a-factor|Hydro Pump|p2a: Gliscor|[miss]
|-miss|p1a: Not-a-factor|p2a: Gliscor
|
|-status|p2a: Gliscor|tox|[from] item: Toxic Orb
|turn|2
|
|move|p2a: Gliscor|Knock Off|p1a: Not-a-factor
|-damage|p1a: Not-a-factor|214\/304
|move|p1a: Not-a-factor|Hydro Pump|p2a: Gliscor
|-crit|p2a: Gliscor
|-supereffective|p2a: Gliscor
|-damage|p2a: Gliscor|0 fnt
|faint|p2a: Gliscor
|
|c|âNuB Central|gay
|
|switch|p2a: Chansey|Chansey, F|651\/651
|turn|3
|
|move|p1a: Not-a-factor|Volt Switch|p2a: Chansey
|-damage|p2a: Chansey|603\/651
|
|switch|p1a: Counters|Dugtrio, F|201\/201
|move|p2a: Chansey|Stealth Rock|p1a: Counters
|-sidestart|p1: No Magne Zone|move: Stealth Rock
|
|turn|4
|
|move|p1a: Counters|Stealth Rock|p2a: Chansey
|-sidestart|p2: NuB Central|move: Stealth Rock
|move|p2a: Chansey|Seismic Toss|p1a: Counters
|-damage|p1a: Counters|101\/201
|
|turn|5
|
|move|p1a: Counters|Earthquake|p2a: Chansey
|-damage|p2a: Chansey|401\/651
|move|p2a: Chansey|Toxic|p1a: Counters|[miss]
|-miss|p2a: Chansey|p1a: Counters
|
|turn|6
|
|move|p1a: Counters|Earthquake|p2a: Chansey
|-damage|p2a: Chansey|206\/651
|move|p2a: Chansey|Soft-Boiled|p2a: Chansey
|-heal|p2a: Chansey|532\/651
|
|turn|7
|
|move|p1a: Counters|Earthquake|p2a: Chansey
|-damage|p2a: Chansey|337\/651
|move|p2a: Chansey|Toxic|p1a: Counters
|-status|p1a: Counters|tox
|
|-damage|p1a: Counters|89\/201 tox|[from] psn
|turn|8
|
|move|p1a: Counters|Earthquake|p2a: Chansey
|-damage|p2a: Chansey|162\/651
|move|p2a: Chansey|Soft-Boiled|p2a: Chansey
|-heal|p2a: Chansey|488\/651
|
|-damage|p1a: Counters|65\/201 tox|[from] psn
|turn|9
|
|move|p1a: Counters|Earthquake|p2a: Chansey
|-crit|p2a: Chansey
|-damage|p2a: Chansey|226\/651
|move|p2a: Chansey|Seismic Toss|p1a: Counters
|-damage|p1a: Counters|0 fnt
|faint|p1a: Counters
|
|
|switch|p1a: GOTTHERIGHTITEM|Altaria, F|291\/291
|-damage|p1a: GOTTHERIGHTITEM|219\/291|[from] Stealth Rock
|turn|10
|
|switch|p2a: Skarmory|Skarmory, F|334\/334
|-damage|p2a: Skarmory|293\/334|[from] Stealth Rock
|detailschange|p1a: GOTTHERIGHTITEM|Altaria-Mega, F
|message|Altaria has Mega Evolved into Mega Altaria!
|move|p1a: GOTTHERIGHTITEM|Frustration|p2a: Skarmory
|-resisted|p2a: Skarmory
|-damage|p2a: Skarmory|224\/334
|
|turn|11
|
|switch|p1a: Trapping|Magnezone|282\/282
|-damage|p1a: Trapping|265\/282|[from] Stealth Rock
|move|p2a: Skarmory|Spikes|p1a: Trapping
|-sidestart|p1: No Magne Zone|Spikes
|
|turn|12
|
|switch|p2a: Chansey|Chansey, F|226\/651
|-damage|p2a: Chansey|145\/651|[from] Stealth Rock
|move|p1a: Trapping|Volt Switch|p2a: Chansey
|-damage|p2a: Chansey|85\/651
|
|switch|p1a: GOTTHERIGHTITEM|Altaria-Mega, F|219\/291
|-damage|p1a: GOTTHERIGHTITEM|183\/291|[from] Stealth Rock
|-damage|p1a: GOTTHERIGHTITEM|147\/291|[from] Spikes
|
|turn|13
|
|move|p1a: GOTTHERIGHTITEM|Frustration|p2a: Chansey
|-damage|p2a: Chansey|0 fnt
|faint|p2a: Chansey
|
|
|switch|p2a: Talonflame|Talonflame, M, shiny|359\/359
|-damage|p2a: Talonflame|180\/359|[from] Stealth Rock
|turn|14
|
|switch|p1a: Not-a-factor|Rotom-Wash|214\/304
|-damage|p1a: Not-a-factor|176\/304|[from] Stealth Rock
|move|p2a: Talonflame|Will-O-Wisp|p1a: Not-a-factor
|-status|p1a: Not-a-factor|brn
|
|-heal|p2a: Talonflame|202\/359|[from] item: Leftovers
|-damage|p1a: Not-a-factor|138\/304 brn|[from] brn
|turn|15
|
|move|p2a: Talonflame|Roost|p2a: Talonflame
|-heal|p2a: Talonflame|359\/359
|move|p1a: Not-a-factor|Pain Split|p2a: Talonflame
|-sethp|p2a: Talonflame|248\/359|p1a: Not-a-factor|248\/304 brn|[from] move: Pain Split
|
|-heal|p2a: Talonflame|270\/359|[from] item: Leftovers
|-damage|p1a: Not-a-factor|210\/304 brn|[from] brn
|turn|16
|
|move|p2a: Talonflame|Roost|p2a: Talonflame
|-heal|p2a: Talonflame|359\/359
|move|p1a: Not-a-factor|Hydro Pump|p2a: Talonflame|[miss]
|-miss|p1a: Not-a-factor|p2a: Talonflame
|
|-damage|p1a: Not-a-factor|172\/304 brn|[from] brn
|turn|17
|
|switch|p2a: Skarmory|Skarmory, F|224\/334
|-damage|p2a: Skarmory|183\/334|[from] Stealth Rock
|move|p1a: Not-a-factor|Pain Split|p2a: Skarmory
|-sethp|p2a: Skarmory|177\/334|p1a: Not-a-factor|177\/304 brn|[from] move: Pain Split
|
|-damage|p1a: Not-a-factor|139\/304 brn|[from] brn
|turn|18
|
|move|p1a: Not-a-factor|Volt Switch|p2a: Skarmory
|-supereffective|p2a: Skarmory
|-damage|p2a: Skarmory|0 fnt
|faint|p2a: Skarmory
|
|switch|p1a: Horny for Lati-ass|Latios, M|302\/302
|-damage|p1a: Horny for Lati-ass|265\/302|[from] Stealth Rock
|
|
|switch|p2a: Sableye|Sableye, F, shiny|303\/303
|-damage|p2a: Sableye|266\/303|[from] Stealth Rock
|turn|19
|
|detailschange|p2a: Sableye|Sableye-Mega, F, shiny
|message|Sableye has Mega Evolved into Mega Sableye!
|move|p2a: Sableye|Calm Mind|p2a: Sableye
|-boost|p2a: Sableye|spa|1
|-boost|p2a: Sableye|spd|1
|move|p1a: Horny for Lati-ass|Defog|p2a: Sableye
|move|p2a: Sableye|Defog|p1a: Horny for Lati-ass|[from]Magic Bounce
|-unboost|p1a: Horny for Lati-ass|evasion|1
|-sideend|p1: No Magne Zone|Spikes|[from] move: Defog|[of] p1a: Horny for Lati-ass
|-sideend|p1: No Magne Zone|Stealth Rock|[from] move: Defog|[of] p1a: Horny for Lati-ass
|-sideend|p2: NuB Central|Stealth Rock|[from] move: Defog|[of] p2a: Sableye
|
|turn|20
|
|switch|p1a: Ass Vest|Conkeldurr, F|352\/352
|move|p2a: Sableye|Will-O-Wisp|p1a: Ass Vest|[miss]
|-miss|p2a: Sableye|p1a: Ass Vest
|
|turn|21
|
|move|p1a: Ass Vest|Ice Punch|p2a: Sableye
|-damage|p2a: Sableye|207\/303
|move|p2a: Sableye|Calm Mind|p2a: Sableye
|-boost|p2a: Sableye|spa|1
|-boost|p2a: Sableye|spd|1
|
|turn|22
|
|move|p1a: Ass Vest|Ice Punch|p2a: Sableye
|-damage|p2a: Sableye|144\/303
|move|p2a: Sableye|Recover|p2a: Sableye
|-heal|p2a: Sableye|296\/303
|
|turn|23
|
|move|p1a: Ass Vest|Ice Punch|p2a: Sableye
|-damage|p2a: Sableye|229\/303
|move|p2a: Sableye|Shadow Ball|p1a: Ass Vest
|-damage|p1a: Ass Vest|232\/352
|
|turn|24
|
|move|p1a: Ass Vest|Ice Punch|p2a: Sableye
|-damage|p2a: Sableye|160\/303
|move|p2a: Sableye|Calm Mind|p2a: Sableye
|-boost|p2a: Sableye|spa|1
|-boost|p2a: Sableye|spd|1
|
|turn|25
|
|move|p1a: Ass Vest|Ice Punch|p2a: Sableye
|-damage|p2a: Sableye|92\/303
|move|p2a: Sableye|Recover|p2a: Sableye
|-heal|p2a: Sableye|244\/303
|
|turn|26
|
|move|p1a: Ass Vest|Ice Punch|p2a: Sableye
|-damage|p2a: Sableye|177\/303
|move|p2a: Sableye|Calm Mind|p2a: Sableye
|-boost|p2a: Sableye|spa|1
|-boost|p2a: Sableye|spd|1
|
|turn|27
|
|move|p1a: Ass Vest|Ice Punch|p2a: Sableye
|-damage|p2a: Sableye|110\/303
|move|p2a: Sableye|Recover|p2a: Sableye
|-heal|p2a: Sableye|262\/303
|
|turn|28
|
|move|p1a: Ass Vest|Ice Punch|p2a: Sableye
|-damage|p2a: Sableye|200\/303
|-status|p2a: Sableye|frz
|cant|p2a: Sableye|frz
|
|turn|29
|
|move|p1a: Ass Vest|Ice Punch|p2a: Sableye
|-damage|p2a: Sableye|141\/303 frz
|cant|p2a: Sableye|frz
|
|turn|30
|
|move|p1a: Ass Vest|Ice Punch|p2a: Sableye
|-damage|p2a: Sableye|80\/303 frz
|cant|p2a: Sableye|frz
|
|turn|31
|
|move|p1a: Ass Vest|Ice Punch|p2a: Sableye
|-damage|p2a: Sableye|15\/303 frz
|-curestatus|p2a: Sableye|frz
|move|p2a: Sableye|Recover|p2a: Sableye
|-heal|p2a: Sableye|167\/303
|
|turn|32
|
|move|p1a: Ass Vest|Ice Punch|p2a: Sableye
|-damage|p2a: Sableye|97\/303
|move|p2a: Sableye|Recover|p2a: Sableye
|-heal|p2a: Sableye|249\/303
|
|turn|33
|
|move|p1a: Ass Vest|Ice Punch|p2a: Sableye
|-damage|p2a: Sableye|188\/303
|move|p2a: Sableye|Calm Mind|p2a: Sableye
|-boost|p2a: Sableye|spa|1
|-boost|p2a: Sableye|spd|1
|
|turn|34
|
|move|p1a: Ass Vest|Ice Punch|p2a: Sableye
|-damage|p2a: Sableye|121\/303
|-status|p2a: Sableye|frz
|cant|p2a: Sableye|frz
|
|turn|35
|c|âNuB Central|nigga fuck you
|
|move|p1a: Ass Vest|Ice Punch|p2a: Sableye
|-damage|p2a: Sableye|55\/303 frz
|cant|p2a: Sableye|frz
|
|turn|36
|c|âNo Magne Zone|Dude
|join|Cienight
|c|âNo Magne Zone|It doesn't make much of a difference
|c|âNuB Central|ofc it does
|c|âNo Magne Zone|How?
|c|âNo Magne Zone|You think you sweep me?
|c|âNo Magne Zone|Lol
|c|âNo Magne Zone|Tell you what
|c|âNo Magne Zone|Keep clicking cm till you thaw
|c|âNo Magne Zone|Let me bring conk back in when you thaw
|c|âNuB Central|calm down
|c|âNuB Central|wth
|c|âNo Magne Zone|Just click cm
|
|switch|p1a: Trapping|Magnezone|265\/282
|cant|p2a: Sableye|frz
|
|turn|37
|
|switch|p1a: Ass Vest|Conkeldurr, F|232\/352
|cant|p2a: Sableye|frz
|
|turn|38
|
|switch|p1a: Horny for Lati-ass|Latios, M|265\/302
|cant|p2a: Sableye|frz
|
|turn|39
|
|switch|p1a: Ass Vest|Conkeldurr, F|232\/352
|-curestatus|p2a: Sableye|frz
|move|p2a: Sableye|Recover|p2a: Sableye
|-heal|p2a: Sableye|207\/303
|
|turn|40
|
|move|p1a: Ass Vest|Knock Off|p2a: Sableye
|-damage|p2a: Sableye|151\/303
|move|p2a: Sableye|Recover|p2a: Sableye
|-heal|p2a: Sableye|303\/303
|
|turn|41
|c|âNuB Central|see if max def\/hp can tank return
|
|move|p1a: Ass Vest|Knock Off|p2a: Sableye
|-damage|p2a: Sableye|250\/303
|move|p2a: Sableye|Calm Mind|p2a: Sableye
|-boost|p2a: Sableye|spa|1
|-boost|p2a: Sableye|spd|1
|
|turn|42
|c|âNo Magne Zone|From max
|
|move|p1a: Ass Vest|Knock Off|p2a: Sableye
|-crit|p2a: Sableye
|-damage|p2a: Sableye|167\/303
|move|p2a: Sableye|Recover|p2a: Sableye
|-heal|p2a: Sableye|303\/303
|
|turn|43
|
|move|p1a: Ass Vest|Ice Punch|p2a: Sableye
|-damage|p2a: Sableye|239\/303
|move|p2a: Sableye|Shadow Ball|p1a: Ass Vest
|-damage|p1a: Ass Vest|15\/352
|-unboost|p1a: Ass Vest|spd|1
|
|turn|44
|c|âNuB Central|not at 80
|
|move|p1a: Ass Vest|Knock Off|p2a: Sableye
|-damage|p2a: Sableye|185\/303
|move|p2a: Sableye|Recover|p2a: Sableye
|-heal|p2a: Sableye|303\/303
|
|turn|45
|c|âNo Magne Zone|Exactly
|c|âNuB Central|i was just saying fuck you for ur freeze
|c|âNuB Central|and i wasnt very serious
|c|âNo Magne Zone|I see
|
|move|p1a: Ass Vest|Ice Punch|p2a: Sableye
|-damage|p2a: Sableye|238\/303
|move|p2a: Sableye|Shadow Ball|p1a: Ass Vest
|-damage|p1a: Ass Vest|0 fnt
|faint|p1a: Ass Vest
|
|
|switch|p1a: GOTTHERIGHTITEM|Altaria-Mega, F|147\/291
|turn|46
|
|switch|p2a: Talonflame|Talonflame, M, shiny|359\/359
|move|p1a: GOTTHERIGHTITEM|Frustration|p2a: Talonflame
|-resisted|p2a: Talonflame
|-damage|p2a: Talonflame|203\/359
|
|-heal|p2a: Talonflame|225\/359|[from] item: Leftovers
|turn|47
|
|switch|p1a: Trapping|Magnezone|265\/282
|move|p2a: Talonflame|Will-O-Wisp|p1a: Trapping
|-status|p1a: Trapping|brn
|
|-heal|p2a: Talonflame|247\/359|[from] item: Leftovers
|-damage|p1a: Trapping|230\/282 brn|[from] brn
|turn|48
|
|move|p2a: Talonflame|Roost|p2a: Talonflame
|-heal|p2a: Talonflame|359\/359
|move|p1a: Trapping|Volt Switch|p2a: Talonflame
|-damage|p2a: Talonflame|254\/359
|
|switch|p1a: Not-a-factor|Rotom-Wash|139\/304 brn
|
|-heal|p2a: Talonflame|276\/359|[from] item: Leftovers
|-damage|p1a: Not-a-factor|101\/304 brn|[from] brn
|turn|49
|
|move|p2a: Talonflame|Roost|p2a: Talonflame
|-heal|p2a: Talonflame|359\/359
|move|p1a: Not-a-factor|Pain Split|p2a: Talonflame
|-sethp|p2a: Talonflame|230\/359|p1a: Not-a-factor|230\/304 brn|[from] move: Pain Split
|
|-heal|p2a: Talonflame|252\/359|[from] item: Leftovers
|-damage|p1a: Not-a-factor|192\/304 brn|[from] brn
|turn|50
|
|switch|p2a: Clefable|Clefable, F|394\/394
|move|p1a: Not-a-factor|Hydro Pump|p2a: Clefable
|-crit|p2a: Clefable
|-damage|p2a: Clefable|195\/394
|
|-heal|p2a: Clefable|219\/394|[from] item: Leftovers
|-damage|p1a: Not-a-factor|154\/304 brn|[from] brn
|turn|51
|
|move|p1a: Not-a-factor|Volt Switch|p2a: Clefable
|-damage|p2a: Clefable|138\/394
|
|switch|p1a: Horny for Lati-ass|Latios, M|265\/302
|move|p2a: Clefable|Wish|p2a: Clefable
|
|-heal|p2a: Clefable|162\/394|[from] item: Leftovers
|turn|52
|
|move|p2a: Clefable|Protect|p2a: Clefable
|-singleturn|p2a: Clefable|Protect
|move|p1a: Horny for Lati-ass|Trick|p2a: Clefable
|-activate|p2a: Clefable|Protect
|
|-heal|p2a: Clefable|359\/394|[from] move: Wish|[wisher] Clefable
|-heal|p2a: Clefable|383\/394|[from] item: Leftovers
|turn|53
|c|âNuB Central|perhaps u should go to altaria, and predict sable
|c|âNo Magne Zone|Perhaps
|
|move|p1a: Horny for Lati-ass|Trick|p2a: Clefable
|-activate|p1a: Horny for Lati-ass|move: Trick|[of] p2a: Clefable
|-item|p2a: Clefable|Choice Scarf|[from] move: Trick
|-item|p1a: Horny for Lati-ass|Leftovers|[from] move: Trick
|move|p2a: Clefable|Moonblast|p1a: Horny for Lati-ass
|-supereffective|p1a: Horny for Lati-ass
|-damage|p1a: Horny for Lati-ass|49\/302
|-unboost|p1a: Horny for Lati-ass|spa|1
|
|-heal|p1a: Horny for Lati-ass|67\/302|[from] item: Leftovers
|turn|54
|c|âNo Magne Zone|Perhaps you should moonblast predicting altaria
|c|âNuB Central|it ok
|c|âNuB Central|he isnt needed
|
|move|p1a: Horny for Lati-ass|Psyshock|p2a: Clefable
|-damage|p2a: Clefable|227\/394
|move|p2a: Clefable|Moonblast|p1a: Horny for Lati-ass
|-supereffective|p1a: Horny for Lati-ass
|-damage|p1a: Horny for Lati-ass|0 fnt
|faint|p1a: Horny for Lati-ass
|
|c|âNo Magne Zone|Ik
|c|âNo Magne Zone|That's why I stayed
|
|switch|p1a: Trapping|Magnezone|230\/282 brn
|turn|55
|
|move|p1a: Trapping|Thunderbolt|p2a: Clefable
|-damage|p2a: Clefable|91\/394
|move|p2a: Clefable|Moonblast|p1a: Trapping
|-resisted|p1a: Trapping
|-damage|p1a: Trapping|176\/282 brn
|-unboost|p1a: Trapping|spa|1
|
|-damage|p1a: Trapping|141\/282 brn|[from] brn
|turn|56
|
|move|p1a: Trapping|Thunderbolt|p2a: Clefable
|-crit|p2a: Clefable
|-damage|p2a: Clefable|0 fnt
|faint|p2a: Clefable
|
|-damage|p1a: Trapping|106\/282 brn|[from] brn
|
|switch|p2a: Sableye|Sableye-Mega, F, shiny|238\/303
|turn|57
|
|move|p1a: Trapping|Thunderbolt|p2a: Sableye
|-damage|p2a: Sableye|147\/303
|move|p2a: Sableye|Shadow Ball|p1a: Trapping
|-damage|p1a: Trapping|16\/282 brn
|
|-damage|p1a: Trapping|0 fnt|[from] brn
|faint|p1a: Trapping
|
|switch|p1a: GOTTHERIGHTITEM|Altaria-Mega, F|147\/291
|turn|58
|
|switch|p2a: Talonflame|Talonflame, M, shiny|252\/359
|move|p1a: GOTTHERIGHTITEM|Roost|p1a: GOTTHERIGHTITEM
|-heal|p1a: GOTTHERIGHTITEM|291\/291
|
|-heal|p2a: Talonflame|274\/359|[from] item: Leftovers
|turn|59
|
|switch|p1a: Not-a-factor|Rotom-Wash|154\/304 brn
|move|p2a: Talonflame|Taunt|p1a: Not-a-factor
|-start|p1a: Not-a-factor|move: Taunt
|
|-heal|p2a: Talonflame|296\/359|[from] item: Leftovers
|-damage|p1a: Not-a-factor|116\/304 brn|[from] brn
|turn|60
|
|move|p2a: Talonflame|Roost|p2a: Talonflame
|-heal|p2a: Talonflame|359\/359
|move|p1a: Not-a-factor|Hydro Pump|p2a: Talonflame|[miss]
|-miss|p1a: Not-a-factor|p2a: Talonflame
|
|-damage|p1a: Not-a-factor|78\/304 brn|[from] brn
|turn|61
|
|switch|p2a: Sableye|Sableye-Mega, F, shiny|147\/303
|move|p1a: Not-a-factor|Volt Switch|p2a: Sableye
|-damage|p2a: Sableye|54\/303
|leave|Cienight
|
|switch|p1a: GOTTHERIGHTITEM|Altaria-Mega, F|291\/291
|
|turn|62
|
|switch|p2a: Talonflame|Talonflame, M, shiny|359\/359
|move|p1a: GOTTHERIGHTITEM|Substitute|p1a: GOTTHERIGHTITEM
|-start|p1a: GOTTHERIGHTITEM|Substitute
|-damage|p1a: GOTTHERIGHTITEM|219\/291
|
|turn|63
|
|move|p2a: Talonflame|Brave Bird|p1a: GOTTHERIGHTITEM
|-end|p1a: GOTTHERIGHTITEM|Substitute
|-damage|p2a: Talonflame|335\/359|[from] recoil|[of] p1a: GOTTHERIGHTITEM
|move|p1a: GOTTHERIGHTITEM|Dragon Dance|p1a: GOTTHERIGHTITEM
|-boost|p1a: GOTTHERIGHTITEM|atk|1
|-boost|p1a: GOTTHERIGHTITEM|spe|1
|
|-heal|p2a: Talonflame|357\/359|[from] item: Leftovers
|turn|64
|
|move|p2a: Talonflame|Brave Bird|p1a: GOTTHERIGHTITEM
|-damage|p1a: GOTTHERIGHTITEM|123\/291
|-damage|p2a: Talonflame|325\/359|[from] recoil|[of] p1a: GOTTHERIGHTITEM
|move|p1a: GOTTHERIGHTITEM|Frustration|p2a: Talonflame
|-resisted|p2a: Talonflame
|-damage|p2a: Talonflame|90\/359
|
|-heal|p2a: Talonflame|112\/359|[from] item: Leftovers
|turn|65
|c|âNuB Central|not bad
|c|âNo Magne Zone|gg
|
|move|p2a: Talonflame|Brave Bird|p1a: GOTTHERIGHTITEM
|-damage|p1a: GOTTHERIGHTITEM|29\/291
|-damage|p2a: Talonflame|81\/359|[from] recoil|[of] p1a: GOTTHERIGHTITEM
|move|p1a: GOTTHERIGHTITEM|Frustration|p2a: Talonflame
|-resisted|p2a: Talonflame
|-damage|p2a: Talonflame|0 fnt
|faint|p2a: Talonflame
|
|c|âNuB Central|must crit
|
|switch|p2a: Sableye|Sableye-Mega, F, shiny|54\/303
|turn|66
|c|âNuB Central|gg
|
|move|p1a: GOTTHERIGHTITEM|Frustration|p2a: Sableye
|-supereffective|p2a: Sableye
|-damage|p2a: Sableye|0 fnt
|faint|p2a: Sableye
|
|win|No Magne Zone
|raw|Ladder updating...
|leave|NuB Central
|player|p2