|join|NuB Central
|join|zippleclopper22
|player|p1|NuB Central|161
|player|p2|zippleclopper22|1
|gametype|singles
|gen|6
|tier|OU
|rated
|clearpoke
|poke|p1|Gengar, M, shiny
|poke|p1|Keldeo-Resolute
|poke|p1|Tyranitar, M
|poke|p1|Manectric, M, shiny
|poke|p1|Latias, F
|poke|p1|Landorus-Therian, M
|poke|p2|Ferrothorn, F
|poke|p2|Tentacruel, M
|poke|p2|Medicham, F
|poke|p2|Thundurus, M
|poke|p2|Latios, M
|poke|p2|Tyranitar, M
|rule|Swagger Clause: Swagger is banned
|rule|Baton Pass Clause: Limit one PokÃ©mon knowing Baton Pass
|rule|Sleep Clause Mod: Limit one foe put to sleep
|rule|Species Clause: Limit one of each PokÃ©mon
|rule|OHKO Clause: OHKO moves are banned
|rule|Moody Clause: Moody is banned
|rule|Evasion Moves Clause: Evasion moves are banned
|rule|Endless Battle Clause: Forcing endless battles is banned
|rule|HP Percentage Mod: HP is shown in percentages
|teampreview
|
|start
|switch|p1a: Gengar|Gengar, M, shiny|261\/261
|switch|p2a: Medicham|Medicham, F|261\/261
|turn|1
|
|switch|p1a: Landorus-Therian|Landorus-Therian, M|319\/319
|-ability|p1a: Landorus-Therian|Intimidate|[of] p2a: Medicham
|-unboost|p2a: Medicham|atk|1
|switch|p2a: Tyranitar|Tyranitar, M|342\/342
|-weather|Sandstorm
|
|-weather|Sandstorm|[upkeep]
|turn|2
|
|move|p1a: Landorus-Therian|U-turn|p2a: Tyranitar
|-supereffective|p2a: Tyranitar
|-damage|p2a: Tyranitar|168\/342
|
|switch|p1a: Tyranitar|Tyranitar, M|341\/341
|move|p2a: Tyranitar|Ice Beam|p1a: Tyranitar
|-damage|p1a: Tyranitar|243\/341
|
|-weather|Sandstorm|[upkeep]
|turn|3
|
|switch|p2a: Ferrothorn|Ferrothorn, F|352\/352
|move|p1a: Tyranitar|Superpower|p2a: Ferrothorn
|-supereffective|p2a: Ferrothorn
|-damage|p2a: Ferrothorn|158\/352
|-damage|p1a: Tyranitar|201\/341|[from] ability: Iron Barbs|[of] p2a: Ferrothorn
|-unboost|p1a: Tyranitar|atk|1
|-unboost|p1a: Tyranitar|def|1
|
|-weather|Sandstorm|[upkeep]
|-heal|p2a: Ferrothorn|180\/352|[from] item: Leftovers
|turn|4
|
|switch|p1a: Manectric|Manectric, M, shiny|281\/281
|move|p2a: Ferrothorn|Leech Seed|p1a: Manectric
|-start|p1a: Manectric|move: Leech Seed
|
|-weather|Sandstorm|[upkeep]
|-damage|p1a: Manectric|264\/281|[from] sandstorm
|-heal|p2a: Ferrothorn|202\/352|[from] item: Leftovers
|-damage|p1a: Manectric|229\/281|[from] Leech Seed|[of] p2a: Ferrothorn
|-heal|p2a: Ferrothorn|237\/352|[silent]
|turn|5
|
|switch|p1a: Keldeo-Resolute|Keldeo-Resolute|323\/323
|switch|p2a: Tentacruel|Tentacruel, M|364\/364
|
|-weather|none
|turn|6
|
|move|p1a: Keldeo-Resolute|Substitute|p1a: Keldeo-Resolute
|-start|p1a: Keldeo-Resolute|Substitute
|-damage|p1a: Keldeo-Resolute|243\/323
|move|p2a: Tentacruel|Toxic Spikes|p1a: Keldeo-Resolute
|-sidestart|p1: NuB Central|move: Toxic Spikes
|
|-heal|p1a: Keldeo-Resolute|263\/323|[from] item: Leftovers
|turn|7
|
|move|p1a: Keldeo-Resolute|Calm Mind|p1a: Keldeo-Resolute
|-boost|p1a: Keldeo-Resolute|spa|1
|-boost|p1a: Keldeo-Resolute|spd|1
|move|p2a: Tentacruel|Sludge Bomb|p1a: Keldeo-Resolute
|-activate|p1a: Keldeo-Resolute|Substitute|[damage]
|
|-heal|p1a: Keldeo-Resolute|283\/323|[from] item: Leftovers
|turn|8
|
|switch|p2a: Latios|Latios, M|302\/302
|move|p1a: Keldeo-Resolute|Scald|p2a: Latios
|-resisted|p2a: Latios
|-damage|p2a: Latios|203\/302
|
|-heal|p1a: Keldeo-Resolute|303\/323|[from] item: Leftovers
|turn|9
|
|switch|p2a: Tentacruel|Tentacruel, M|364\/364
|move|p1a: Keldeo-Resolute|Substitute|p1a: Keldeo-Resolute
|-fail|p1a: Keldeo-Resolute|move: Substitute
|
|-heal|p1a: Keldeo-Resolute|323\/323|[from] item: Leftovers
|turn|10
|
|move|p1a: Keldeo-Resolute|Scald|p2a: Tentacruel
|-resisted|p2a: Tentacruel
|-damage|p2a: Tentacruel|274\/364
|move|p2a: Tentacruel|Sludge Bomb|p1a: Keldeo-Resolute
|-end|p1a: Keldeo-Resolute|Substitute
|
|-heal|p2a: Tentacruel|296\/364|[from] item: Black Sludge
|turn|11
|
|switch|p2a: Latios|Latios, M|203\/302
|move|p1a: Keldeo-Resolute|Substitute|p1a: Keldeo-Resolute
|-start|p1a: Keldeo-Resolute|Substitute
|-damage|p1a: Keldeo-Resolute|243\/323
|
|-heal|p1a: Keldeo-Resolute|263\/323|[from] item: Leftovers
|turn|12
|
|move|p2a: Latios|Psyshock|p1a: Keldeo-Resolute
|-supereffective|p1a: Keldeo-Resolute
|-end|p1a: Keldeo-Resolute|Substitute
|move|p1a: Keldeo-Resolute|Substitute|p1a: Keldeo-Resolute
|-start|p1a: Keldeo-Resolute|Substitute
|-damage|p1a: Keldeo-Resolute|183\/323
|
|-heal|p1a: Keldeo-Resolute|203\/323|[from] item: Leftovers
|turn|13
|
|move|p2a: Latios|Psyshock|p1a: Keldeo-Resolute
|-crit|p1a: Keldeo-Resolute
|-supereffective|p1a: Keldeo-Resolute
|-end|p1a: Keldeo-Resolute|Substitute
|move|p1a: Keldeo-Resolute|Secret Sword|p2a: Latios
|-resisted|p2a: Latios
|-damage|p2a: Latios|56\/302
|
|-heal|p1a: Keldeo-Resolute|223\/323|[from] item: Leftovers
|turn|14
|
|switch|p1a: Latias|Latias, F|301\/301
|move|p2a: Latios|Psyshock|p1a: Latias
|-resisted|p1a: Latias
|-damage|p1a: Latias|220\/301
|
|turn|15
|
|switch|p2a: Thundurus|Thundurus, M|300\/300
|move|p1a: Latias|Defog|p2a: Thundurus
|-unboost|p2a: Thundurus|evasion|1
|-boost|p2a: Thundurus|atk|2|[from] ability: Defiant
|-sideend|p1: NuB Central|Toxic Spikes|[from] move: Defog|[of] p1a: Latias
|
|turn|16
|
|switch|p1a: Landorus-Therian|Landorus-Therian, M|319\/319
|-ability|p1a: Landorus-Therian|Intimidate|[of] p2a: Thundurus
|-unboost|p2a: Thundurus|atk|1
|-boost|p2a: Thundurus|atk|2|[from] ability: Defiant
|move|p2a: Thundurus|Knock Off|p1a: Landorus-Therian
|-damage|p1a: Landorus-Therian|0 fnt
|-enditem|p1a: Landorus-Therian|Leftovers|[from] move: Knock Off|[of] p2a: Thundurus
|-damage|p2a: Thundurus|270\/300|[from] item: Life Orb
|faint|p1a: Landorus-Therian
|
|
|switch|p1a: Tyranitar|Tyranitar, M|201\/341
|-weather|Sandstorm
|turn|17
|
|switch|p2a: Ferrothorn|Ferrothorn, F|237\/352
|move|p1a: Tyranitar|Crunch|p2a: Ferrothorn
|-damage|p2a: Ferrothorn|138\/352
|-damage|p1a: Tyranitar|159\/341|[from] ability: Iron Barbs|[of] p2a: Ferrothorn
|
|-weather|Sandstorm|[upkeep]
|-heal|p2a: Ferrothorn|160\/352|[from] item: Leftovers
|turn|18
|
|switch|p1a: Manectric|Manectric, M, shiny|229\/281
|move|p2a: Ferrothorn|Leech Seed|p1a: Manectric
|-start|p1a: Manectric|move: Leech Seed
|
|-weather|Sandstorm|[upkeep]
|-damage|p1a: Manectric|212\/281|[from] sandstorm
|-heal|p2a: Ferrothorn|182\/352|[from] item: Leftovers
|-damage|p1a: Manectric|177\/281|[from] Leech Seed|[of] p2a: Ferrothorn
|-heal|p2a: Ferrothorn|217\/352|[silent]
|turn|19
|
|switch|p2a: Tyranitar|Tyranitar, M|168\/342
|detailschange|p1a: Manectric|Manectric-Mega, M, shiny
|message|Manectric has Mega Evolved into Mega Manectric!
|-ability|p1a: Manectric|Intimidate|[of] p2a: Tyranitar
|-unboost|p2a: Tyranitar|atk|1
|move|p1a: Manectric|Volt Switch|p2a: Tyranitar
|-damage|p2a: Tyranitar|89\/342
|
|switch|p1a: Keldeo-Resolute|Keldeo-Resolute|223\/323
|
|-weather|Sandstorm|[upkeep]
|-damage|p1a: Keldeo-Resolute|203\/323|[from] sandstorm
|-heal|p1a: Keldeo-Resolute|223\/323|[from] item: Leftovers
|turn|20
|
|move|p1a: Keldeo-Resolute|Secret Sword|p2a: Tyranitar
|-supereffective|p2a: Tyranitar
|-damage|p2a: Tyranitar|0 fnt
|faint|p2a: Tyranitar
|
|-weather|Sandstorm|[upkeep]
|-damage|p1a: Keldeo-Resolute|203\/323|[from] sandstorm
|-heal|p1a: Keldeo-Resolute|223\/323|[from] item: Leftovers
|
|switch|p2a: Medicham|Medicham, F|261\/261
|turn|21
|
|switch|p1a: Gengar|Gengar, M, shiny|261\/261
|detailschange|p2a: Medicham|Medicham-Mega, F
|message|Medicham has Mega Evolved into Mega Medicham!
|move|p2a: Medicham|Zen Headbutt|p1a: Gengar
|-supereffective|p1a: Gengar
|-damage|p1a: Gengar|0 fnt
|faint|p1a: Gengar
|
|-weather|none
|
|switch|p1a: Manectric|Manectric-Mega, M, shiny|177\/281
|-ability|p1a: Manectric|Intimidate|[of] p2a: Medicham
|-unboost|p2a: Medicham|atk|1
|turn|22
|
|move|p1a: Manectric|Volt Switch|p2a: Medicham
|-damage|p2a: Medicham|122\/261
|
|switch|p1a: Latias|Latias, F|220\/301
|move|p2a: Medicham|High Jump Kick|p1a: Latias
|-resisted|p1a: Latias
|-damage|p1a: Latias|73\/301
|
|turn|23
|
|switch|p1a: Tyranitar|Tyranitar, M|159\/341
|-weather|Sandstorm
|move|p2a: Medicham|Bullet Punch|p1a: Tyranitar
|-supereffective|p1a: Tyranitar
|-damage|p1a: Tyranitar|65\/341
|
|-weather|Sandstorm|[upkeep]
|-damage|p2a: Medicham|106\/261|[from] sandstorm
|turn|24
|
|switch|p1a: Manectric|Manectric-Mega, M, shiny|177\/281
|-ability|p1a: Manectric|Intimidate|[of] p2a: Medicham
|-unboost|p2a: Medicham|atk|1
|move|p2a: Medicham|Bullet Punch|p1a: Manectric
|-resisted|p1a: Manectric
|-damage|p1a: Manectric|152\/281
|
|-weather|Sandstorm|[upkeep]
|-damage|p1a: Manectric|135\/281|[from] sandstorm
|-damage|p2a: Medicham|90\/261|[from] sandstorm
|turn|25
|
|switch|p2a: Ferrothorn|Ferrothorn, F|217\/352
|move|p1a: Manectric|Volt Switch|p2a: Ferrothorn
|-resisted|p2a: Ferrothorn
|-damage|p2a: Ferrothorn|166\/352
|
|switch|p1a: Keldeo-Resolute|Keldeo-Resolute|223\/323
|
|-weather|Sandstorm|[upkeep]
|-damage|p1a: Keldeo-Resolute|203\/323|[from] sandstorm
|-heal|p1a: Keldeo-Resolute|223\/323|[from] item: Leftovers
|-heal|p2a: Ferrothorn|188\/352|[from] item: Leftovers
|turn|26
|
|move|p1a: Keldeo-Resolute|Secret Sword|p2a: Ferrothorn
|-supereffective|p2a: Ferrothorn
|-damage|p2a: Ferrothorn|0 fnt
|faint|p2a: Ferrothorn
|
|-weather|Sandstorm|[upkeep]
|-damage|p1a: Keldeo-Resolute|203\/323|[from] sandstorm
|-heal|p1a: Keldeo-Resolute|223\/323|[from] item: Leftovers
|
|switch|p2a: Thundurus|Thundurus, M|270\/300
|turn|27
|
|move|p2a: Thundurus|Thunder Punch|p1a: Keldeo-Resolute
|-supereffective|p1a: Keldeo-Resolute
|-damage|p1a: Keldeo-Resolute|0 fnt
|-damage|p2a: Thundurus|240\/300|[from] item: Life Orb
|faint|p1a: Keldeo-Resolute
|
|-weather|none
|
|switch|p1a: Manectric|Manectric-Mega, M, shiny|135\/281
|-ability|p1a: Manectric|Intimidate|[of] p2a: Thundurus
|-unboost|p2a: Thundurus|atk|1
|-boost|p2a: Thundurus|atk|2|[from] ability: Defiant
|turn|28
|
|move|p1a: Manectric|Thunderbolt|p2a: Thundurus
|-damage|p2a: Thundurus|42\/300
|move|p2a: Thundurus|Superpower|p1a: Manectric
|-damage|p1a: Manectric|0 fnt
|-unboost|p2a: Thundurus|atk|1
|-unboost|p2a: Thundurus|def|1
|-damage|p2a: Thundurus|12\/300|[from] item: Life Orb
|faint|p1a: Manectric
|
|
|switch|p1a: Tyranitar|Tyranitar, M|65\/341
|-weather|Sandstorm
|turn|29
|
|move|p1a: Tyranitar|Crunch|p2a: Thundurus
|-damage|p2a: Thundurus|0 fnt
|faint|p2a: Thundurus
|
|-weather|Sandstorm|[upkeep]
|
|switch|p2a: Medicham|Medicham-Mega, F|90\/261
|turn|30
|
|move|p2a: Medicham|Bullet Punch|p1a: Tyranitar
|-supereffective|p1a: Tyranitar
|-damage|p1a: Tyranitar|0 fnt
|faint|p1a: Tyranitar
|
|-weather|Sandstorm|[upkeep]
|-damage|p2a: Medicham|74\/261|[from] sandstorm
|-message|NuB Central forfeited.
|
|win|zippleclopper22
|raw|Ladder updating...
|leave|NuB Central
|player|p1
|raw|NuB Central's rating: 1712 &rarr; <strong>1683<\/strong><br \/>(-29 for losing)
|raw|zippleclopper22's rating: 1545 &rarr; <strong>1574<\/strong><br \/>(+29 for winning)