|join|NuB Central
|join|Dayanne
|player|p1|NuB Central|161
|player|p2|Dayanne|37
|gametype|singles
|gen|6
|tier|OU
|rated
|clearpoke
|poke|p1|Diggersby, M, shiny
|poke|p1|Magnezone, shiny
|poke|p1|Gardevoir, F
|poke|p1|Terrakion, shiny
|poke|p1|Azumarill, M
|poke|p1|Mandibuzz, F, shiny
|poke|p2|Skarmory, F
|poke|p2|Chansey, F
|poke|p2|Heatran, F
|poke|p2|Clefable, F
|poke|p2|Gliscor, M
|poke|p2|Slowbro, F
|rule|Swagger Clause: Swagger is banned
|rule|Baton Pass Clause: Limit one PokÃ©mon knowing Baton Pass
|rule|Sleep Clause Mod: Limit one foe put to sleep
|rule|Species Clause: Limit one of each PokÃ©mon
|rule|OHKO Clause: OHKO moves are banned
|rule|Moody Clause: Moody is banned
|rule|Evasion Moves Clause: Evasion moves are banned
|rule|Endless Battle Clause: Forcing endless battles is banned
|rule|HP Percentage Mod: HP is shown in percentages
|teampreview
|c|âNuB Central|not down for stall ;_;
|c|âNuB Central|gl
|c|âDayanne|gl
|
|start
|switch|p1a: Red Bull|Terrakion, shiny|323\/323
|switch|p2a: Slowbro|Slowbro, F|394\/394
|turn|1
|
|move|p1a: Red Bull|Stealth Rock|p2a: Slowbro
|-sidestart|p2: Dayanne|move: Stealth Rock
|move|p2a: Slowbro|Scald|p1a: Red Bull
|-supereffective|p1a: Red Bull
|-damage|p1a: Red Bull|117\/323
|
|turn|2
|
|switch|p1a: Magneto|Magnezone, shiny|281\/281
|move|p2a: Slowbro|Scald|p1a: Magneto
|-damage|p1a: Magneto|187\/281
|-status|p1a: Magneto|brn
|
|-damage|p1a: Magneto|152\/281 brn|[from] brn
|turn|3
|
|switch|p1a: Cosmo Queen|Gardevoir, F|277\/277
|-ability|p1a: Cosmo Queen|Regenerator|[from] ability: Trace|[of] p2a: Slowbro
|switch|p2a: Gliscor|Gliscor, M|352\/352
|-damage|p2a: Gliscor|308\/352|[from] Stealth Rock
|
|-status|p2a: Gliscor|tox|[from] item: Toxic Orb
|turn|4
|
|detailschange|p1a: Cosmo Queen|Gardevoir-Mega, F
|message|Gardevoir has Mega Evolved into Mega Gardevoir!
|move|p1a: Cosmo Queen|Hyper Voice|p2a: Gliscor
|-damage|p2a: Gliscor|62\/352 tox
|move|p2a: Gliscor|Earthquake|p1a: Cosmo Queen
|-damage|p1a: Cosmo Queen|103\/277
|
|-heal|p2a: Gliscor|106\/352 tox|[from] ability: Poison Heal
|turn|5
|
|switch|p2a: Heatran|Heatran, F|386\/386
|-damage|p2a: Heatran|338\/386|[from] Stealth Rock
|move|p1a: Cosmo Queen|Psyshock|p2a: Heatran
|-resisted|p2a: Heatran
|-damage|p2a: Heatran|250\/386
|
|-heal|p2a: Heatran|274\/386|[from] item: Leftovers
|turn|6
|
|move|p1a: Cosmo Queen|Focus Blast|p2a: Heatran
|-supereffective|p2a: Heatran
|-damage|p2a: Heatran|24\/386
|move|p2a: Heatran|Stealth Rock|p1a: Cosmo Queen
|-sidestart|p1: NuB Central|move: Stealth Rock
|
|-heal|p2a: Heatran|48\/386|[from] item: Leftovers
|turn|7
|
|switch|p2a: Chansey|Chansey, F|704\/704
|-damage|p2a: Chansey|616\/704|[from] Stealth Rock
|move|p1a: Cosmo Queen|Psyshock|p2a: Chansey
|-damage|p2a: Chansey|387\/704
|
|turn|8
|
|switch|p1a: Red Bull|Terrakion, shiny|117\/323
|-damage|p1a: Red Bull|97\/323|[from] Stealth Rock
|move|p2a: Chansey|Soft-Boiled|p2a: Chansey
|-heal|p2a: Chansey|704\/704
|
|turn|9
|
|switch|p2a: Slowbro|Slowbro, F|394\/394
|-damage|p2a: Slowbro|345\/394|[from] Stealth Rock
|move|p1a: Red Bull|Swords Dance|p1a: Red Bull
|-boost|p1a: Red Bull|atk|2
|
|-heal|p2a: Slowbro|369\/394|[from] item: Leftovers
|turn|10
|
|move|p1a: Red Bull|Stone Edge|p2a: Slowbro
|-damage|p2a: Slowbro|110\/394
|move|p2a: Slowbro|Scald|p1a: Red Bull
|-supereffective|p1a: Red Bull
|-damage|p1a: Red Bull|0 fnt
|faint|p1a: Red Bull
|
|-heal|p2a: Slowbro|134\/394|[from] item: Leftovers
|
|switch|p1a: Bugs|Diggersby, M, shiny|311\/311
|-damage|p1a: Bugs|292\/311|[from] Stealth Rock
|turn|11
|
|switch|p2a: Skarmory|Skarmory, F|334\/334
|-damage|p2a: Skarmory|293\/334|[from] Stealth Rock
|move|p1a: Bugs|U-turn|p2a: Skarmory
|-resisted|p2a: Skarmory
|-damage|p2a: Skarmory|271\/334
|
|switch|p1a: Magneto|Magnezone, shiny|152\/281 brn
|-damage|p1a: Magneto|135\/281 brn|[from] Stealth Rock
|
|-damage|p1a: Magneto|100\/281 brn|[from] brn
|turn|12
|
|switch|p1a: Bugs|Diggersby, M, shiny|292\/311
|-damage|p1a: Bugs|273\/311|[from] Stealth Rock
|switch|p2a: Gliscor|Gliscor, M|106\/352 tox
|-damage|p2a: Gliscor|62\/352 tox|[from] Stealth Rock
|
|-heal|p2a: Gliscor|106\/352 tox|[from] ability: Poison Heal
|turn|13
|c|âNuB Central|hah u were shed shell!
|c|âNuB Central|i knew it!
|
|switch|p2a: Skarmory|Skarmory, F|271\/334
|-damage|p2a: Skarmory|230\/334|[from] Stealth Rock
|move|p1a: Bugs|Return|p2a: Skarmory
|-resisted|p2a: Skarmory
|-damage|p2a: Skarmory|124\/334
|
|turn|14
|
|switch|p1a: Water Bomb|Azumarill, M|401\/401
|-damage|p1a: Water Bomb|351\/401|[from] Stealth Rock
|move|p2a: Skarmory|Roost|p2a: Skarmory
|-heal|p2a: Skarmory|291\/334
|
|turn|15
|
|switch|p2a: Slowbro|Slowbro, F|265\/394
|-damage|p2a: Slowbro|216\/394|[from] Stealth Rock
|move|p1a: Water Bomb|Knock Off|p2a: Slowbro
|-supereffective|p2a: Slowbro
|-damage|p2a: Slowbro|24\/394
|-enditem|p2a: Slowbro|Leftovers|[from] move: Knock Off|[of] p1a: Water Bomb
|
|turn|16
|
|switch|p2a: Clefable|Clefable, F|394\/394
|-damage|p2a: Clefable|345\/394|[from] Stealth Rock
|move|p1a: Water Bomb|Knock Off|p2a: Clefable
|-resisted|p2a: Clefable
|-damage|p2a: Clefable|281\/394
|-enditem|p2a: Clefable|Leftovers|[from] move: Knock Off|[of] p1a: Water Bomb
|
|turn|17
|
|move|p2a: Clefable|Wish|p2a: Clefable
|move|p1a: Water Bomb|Play Rough|p2a: Clefable
|-damage|p2a: Clefable|113\/394
|
|turn|18
|
|move|p2a: Clefable|Protect|p2a: Clefable
|-singleturn|p2a: Clefable|Protect
|move|p1a: Water Bomb|Knock Off|p2a: Clefable
|-activate|p2a: Clefable|Protect
|
|-heal|p2a: Clefable|310\/394|[from] move: Wish|[wisher] Clefable
|turn|19
|
|move|p2a: Clefable|Wish|p2a: Clefable
|move|p1a: Water Bomb|Play Rough|p2a: Clefable
|-damage|p2a: Clefable|136\/394
|
|turn|20
|
|switch|p1a: Bugs|Diggersby, M, shiny|273\/311
|-damage|p1a: Bugs|254\/311|[from] Stealth Rock
|move|p2a: Clefable|Protect|p2a: Clefable
|-fail|p2a: Clefable
|
|-heal|p2a: Clefable|333\/394|[from] move: Wish|[wisher] Clefable
|turn|21
|
|switch|p2a: Skarmory|Skarmory, F|291\/334
|-damage|p2a: Skarmory|250\/334|[from] Stealth Rock
|move|p1a: Bugs|Return|p2a: Skarmory
|-resisted|p2a: Skarmory
|-damage|p2a: Skarmory|155\/334
|
|turn|22
|
|switch|p1a: Water Bomb|Azumarill, M|351\/401
|-damage|p1a: Water Bomb|301\/401|[from] Stealth Rock
|move|p2a: Skarmory|Roost|p2a: Skarmory
|-heal|p2a: Skarmory|322\/334
|
|turn|23
|
|switch|p2a: Clefable|Clefable, F|333\/394
|-damage|p2a: Clefable|284\/394|[from] Stealth Rock
|move|p1a: Water Bomb|Play Rough|p2a: Clefable
|-crit|p2a: Clefable
|-damage|p2a: Clefable|37\/394
|
|turn|24
|
|move|p2a: Clefable|Protect|p2a: Clefable
|-singleturn|p2a: Clefable|Protect
|move|p1a: Water Bomb|Play Rough|p2a: Clefable
|-activate|p2a: Clefable|Protect
|
|turn|25
|
|move|p2a: Clefable|Wish|p2a: Clefable
|move|p1a: Water Bomb|Play Rough|p2a: Clefable
|-damage|p2a: Clefable|0 fnt
|faint|p2a: Clefable
|
|
|switch|p2a: Slowbro|Slowbro, F|155\/394
|-damage|p2a: Slowbro|106\/394|[from] Stealth Rock
|turn|26
|
|switch|p2a: Heatran|Heatran, F|48\/386
|-damage|p2a: Heatran|0 fnt|[from] Stealth Rock
|faint|p2a: Heatran
|move|p1a: Water Bomb|Knock Off|p2: Heatran|[notarget]
|-notarget
|
|
|switch|p2a: Slowbro|Slowbro, F|237\/394
|-damage|p2a: Slowbro|188\/394|[from] Stealth Rock
|turn|27
|
|switch|p1a: Cosmo Queen|Gardevoir-Mega, F|103\/277
|-damage|p1a: Cosmo Queen|69\/277|[from] Stealth Rock
|move|p2a: Slowbro|Slack Off|p2a: Slowbro
|-heal|p2a: Slowbro|385\/394
|
|turn|28
|
|move|p1a: Cosmo Queen|Psyshock|p2a: Slowbro
|-resisted|p2a: Slowbro
|-damage|p2a: Slowbro|332\/394
|move|p2a: Slowbro|Scald|p1a: Cosmo Queen
|-crit|p1a: Cosmo Queen
|-damage|p1a: Cosmo Queen|0 fnt
|faint|p1a: Cosmo Queen
|
|
|switch|p1a: Magneto|Magnezone, shiny|100\/281 brn
|-damage|p1a: Magneto|83\/281 brn|[from] Stealth Rock
|turn|29
|
|switch|p2a: Gliscor|Gliscor, M|106\/352 tox
|-damage|p2a: Gliscor|62\/352 tox|[from] Stealth Rock
|move|p1a: Magneto|Flash Cannon|p2a: Gliscor
|-damage|p2a: Gliscor|0 fnt
|faint|p2a: Gliscor
|
|-damage|p1a: Magneto|48\/281 brn|[from] brn
|
|switch|p2a: Slowbro|Slowbro, F|394\/394
|-damage|p2a: Slowbro|345\/394|[from] Stealth Rock
|turn|30
|
|switch|p1a: Vulture Aid|Mandibuzz, F, shiny|423\/423
|-damage|p1a: Vulture Aid|318\/423|[from] Stealth Rock
|move|p2a: Slowbro|Thunder Wave|p1a: Vulture Aid
|-status|p1a: Vulture Aid|par
|
|turn|31
|
|move|p2a: Slowbro|Scald|p1a: Vulture Aid
|-damage|p1a: Vulture Aid|215\/423 par
|cant|p1a: Vulture Aid|par
|
|turn|32
|
|move|p2a: Slowbro|Scald|p1a: Vulture Aid
|-damage|p1a: Vulture Aid|112\/423 par
|move|p1a: Vulture Aid|Roost|p1a: Vulture Aid
|-heal|p1a: Vulture Aid|324\/423 par
|
|turn|33
|
|move|p2a: Slowbro|Scald|p1a: Vulture Aid
|-damage|p1a: Vulture Aid|233\/423 par
|move|p1a: Vulture Aid|Taunt|p2a: Slowbro
|-start|p2a: Slowbro|move: Taunt
|
|turn|34
|
|move|p2a: Slowbro|Scald|p1a: Vulture Aid
|-damage|p1a: Vulture Aid|137\/423 par
|move|p1a: Vulture Aid|Roost|p1a: Vulture Aid
|-heal|p1a: Vulture Aid|349\/423 par
|
|turn|35
|
|move|p2a: Slowbro|Scald|p1a: Vulture Aid
|-damage|p1a: Vulture Aid|246\/423 par
|cant|p1a: Vulture Aid|par
|
|turn|36
|
|move|p2a: Slowbro|Scald|p1a: Vulture Aid
|-damage|p1a: Vulture Aid|143\/423 par
|move|p1a: Vulture Aid|Foul Play|p2a: Slowbro
|-supereffective|p2a: Slowbro
|-damage|p2a: Slowbro|259\/394
|
|-end|p2a: Slowbro|move: Taunt
|turn|37
|
|move|p2a: Slowbro|Scald|p1a: Vulture Aid
|-damage|p1a: Vulture Aid|50\/423 par
|cant|p1a: Vulture Aid|par
|
|turn|38
|
|move|p2a: Slowbro|Scald|p1a: Vulture Aid
|-damage|p1a: Vulture Aid|0 fnt
|faint|p1a: Vulture Aid
|
|
|switch|p1a: Magneto|Magnezone, shiny|48\/281 brn
|-damage|p1a: Magneto|31\/281 brn|[from] Stealth Rock
|turn|39
|
|switch|p2a: Chansey|Chansey, F|704\/704
|-damage|p2a: Chansey|616\/704|[from] Stealth Rock
|move|p1a: Magneto|Volt Switch|p2a: Chansey
|-damage|p2a: Chansey|540\/704
|
|switch|p1a: Bugs|Diggersby, M, shiny|254\/311
|-damage|p1a: Bugs|235\/311|[from] Stealth Rock
|
|turn|40
|
|switch|p2a: Skarmory|Skarmory, F|322\/334
|-damage|p2a: Skarmory|281\/334|[from] Stealth Rock
|move|p1a: Bugs|U-turn|p2a: Skarmory
|-resisted|p2a: Skarmory
|-damage|p2a: Skarmory|259\/334
|
|switch|p1a: Water Bomb|Azumarill, M|301\/401
|-damage|p1a: Water Bomb|251\/401|[from] Stealth Rock
|
|turn|41
|
|switch|p2a: Slowbro|Slowbro, F|390\/394
|-damage|p2a: Slowbro|341\/394|[from] Stealth Rock
|switch|p1a: Bugs|Diggersby, M, shiny|235\/311
|-damage|p1a: Bugs|216\/311|[from] Stealth Rock
|
|turn|42
|
|move|p1a: Bugs|U-turn|p2a: Slowbro
|-supereffective|p2a: Slowbro
|-damage|p2a: Slowbro|139\/394
|
|switch|p1a: Water Bomb|Azumarill, M|251\/401
|-damage|p1a: Water Bomb|201\/401|[from] Stealth Rock
|move|p2a: Slowbro|Scald|p1a: Water Bomb
|-resisted|p1a: Water Bomb
|-damage|p1a: Water Bomb|166\/401
|
|turn|43
|
|switch|p2a: Chansey|Chansey, F|540\/704
|-damage|p2a: Chansey|452\/704|[from] Stealth Rock
|move|p1a: Water Bomb|Play Rough|p2a: Chansey
|-damage|p2a: Chansey|200\/704
|
|turn|44
|
|move|p2a: Chansey|Soft-Boiled|p2a: Chansey
|-heal|p2a: Chansey|552\/704
|move|p1a: Water Bomb|Knock Off|p2a: Chansey
|-damage|p2a: Chansey|372\/704
|-enditem|p2a: Chansey|Eviolite|[from] move: Knock Off|[of] p1a: Water Bomb
|
|turn|45
|
|move|p1a: Water Bomb|Waterfall|p2a: Chansey
|-damage|p2a: Chansey|50\/704
|move|p2a: Chansey|Seismic Toss|p1a: Water Bomb
|-damage|p1a: Water Bomb|66\/401
|
|turn|46
|
|move|p1a: Water Bomb|Aqua Jet|p2a: Chansey
|-damage|p2a: Chansey|0 fnt
|faint|p2a: Chansey
|
|
|switch|p2a: Slowbro|Slowbro, F|270\/394
|-damage|p2a: Slowbro|221\/394|[from] Stealth Rock
|turn|47
|join|fingerscrossed
|c|âNuB Central|this game was insanely close
|c|âNuB Central|i think i did pretty well..
|c|âNuB Central|gg
|c|âDayanne|gg
|
|move|p1a: Water Bomb|Knock Off|p2a: Slowbro
|-supereffective|p2a: Slowbro
|-damage|p2a: Slowbro|89\/394
|move|p2a: Slowbro|Slack Off|p2a: Slowbro
|-heal|p2a: Slowbro|286\/394
|
|turn|48
|
|move|p1a: Water Bomb|Knock Off|p2a: Slowbro
|-supereffective|p2a: Slowbro
|-damage|p2a: Slowbro|158\/394
|move|p2a: Slowbro|Thunder Wave|p1a: Water Bomb
|-status|p1a: Water Bomb|par
|
|turn|49
|
|move|p2a: Slowbro|Slack Off|p2a: Slowbro
|-heal|p2a: Slowbro|355\/394
|cant|p1a: Water Bomb|par
|
|turn|50
|
|move|p2a: Slowbro|Scald|p1a: Water Bomb
|-crit|p1a: Water Bomb
|-resisted|p1a: Water Bomb
|-damage|p1a: Water Bomb|9\/401 par
|cant|p1a: Water Bomb|par
|
|turn|51
|
|cant|p1a: Water Bomb|par
|move|p2a: Slowbro|Scald|p1a: Water Bomb
|-resisted|p1a: Water Bomb
|-damage|p1a: Water Bomb|0 fnt
|faint|p1a: Water Bomb
|
|
|switch|p1a: Magneto|Magnezone, shiny|31\/281 brn
|-damage|p1a: Magneto|14\/281 brn|[from] Stealth Rock
|turn|52
|
|move|p1a: Magneto|Thunderbolt|p2a: Slowbro
|-supereffective|p2a: Slowbro
|-damage|p2a: Slowbro|0 fnt
|faint|p2a: Slowbro
|
|-damage|p1a: Magneto|0 fnt|[from] brn
|faint|p1a: Magneto
|
|switch|p1a: Bugs|Diggersby, M, shiny|216\/311
|-damage|p1a: Bugs|197\/311|[from] Stealth Rock
|switch|p2a: Skarmory|Skarmory, F|259\/334
|-damage|p2a: Skarmory|218\/334|[from] Stealth Rock
|turn|53
|
|move|p1a: Bugs|Return|p2a: Skarmory
|-resisted|p2a: Skarmory
|-damage|p2a: Skarmory|113\/334
|move|p2a: Skarmory|Roost|p2a: Skarmory
|-heal|p2a: Skarmory|280\/334
|
|turn|54
|
|move|p1a: Bugs|Return|p2a: Skarmory
|-resisted|p2a: Skarmory
|-damage|p2a: Skarmory|180\/334
|move|p2a: Skarmory|Roost|p2a: Skarmory
|-heal|p2a: Skarmory|334\/334
|
|turn|55
|
|move|p1a: Bugs|Return|p2a: Skarmory
|-resisted|p2a: Skarmory
|-damage|p2a: Skarmory|232\/334
|move|p2a: Skarmory|Counter|p1a: Bugs
|-damage|p1a: Bugs|0 fnt
|faint|p1a: Bugs
|
|win|Dayanne
|raw|Ladder updating...
|raw|NuB Central's rating: 1846 &rarr; <strong>1826<\/strong><br \/>(-20 for losing)
|raw|Dayanne's rating: 1851 &rarr; <strong>1871<\/strong><br \/>(+20 for winning)
|leave|NuB Central
|player|p1