|join|FUCK YOU KATIE
|join|Nub Central
|player|p1|FUCK YOU KATIE|102
|player|p2|Nub Central|161
|gametype|singles
|gen|6
|tier|OU
|clearpoke
|poke|p1|Mamoswine, F
|poke|p1|Alakazam, M
|poke|p1|Azumarill, M
|poke|p1|Thundurus, M
|poke|p1|Latios, M
|poke|p1|Dragonite, F
|poke|p2|Tyranitar, M, shiny
|poke|p2|Aegislash, M, shiny
|poke|p2|Azumarill, M
|poke|p2|Chesnaught, M, shiny
|poke|p2|Latios, M
|poke|p2|Heatran, F, shiny
|rule|Sleep Clause Mod: Limit one foe put to sleep
|rule|Species Clause: Limit one of each Pokemon
|rule|OHKO Clause: OHKO moves are banned
|rule|Moody Clause: Moody is banned
|rule|Evasion Moves Clause: Evasion moves are banned
|rule|Endless Battle Clause: Forcing endless battles is banned.
|rule|HP Percentage Mod: HP is reported as percentages
|teampreview
|chat|FUCK YOU KATIE|hold on lemme link
|join|PKLaurel
|join|Finchinator
|
|start
|switch|p1a: Mamoswine|Mamoswine, F|361\/361
|switch|p2a: Giga Bowser|Chesnaught, M, shiny|380\/380
|turn|1
|join|Finchinator
|
|move|p1a: Mamoswine|Icicle Spear|p2a: Giga Bowser
|-supereffective|p2a: Giga Bowser
|-damage|p2a: Giga Bowser|310\/380
|-supereffective|p2a: Giga Bowser
|-damage|p2a: Giga Bowser|240\/380
|-supereffective|p2a: Giga Bowser
|-damage|p2a: Giga Bowser|170\/380
|-hitcount|p2a: Giga Bowser|3
|-damage|p1a: Mamoswine|325\/361|[from] item: Life Orb
|move|p2a: Giga Bowser|Hammer Arm|p1a: Mamoswine
|-supereffective|p1a: Mamoswine
|-damage|p1a: Mamoswine|43\/361
|-unboost|p2a: Giga Bowser|spe|1
|
|-heal|p2a: Giga Bowser|193\/380|[from] item: Leftovers
|turn|2
|
|move|p2a: Giga Bowser|Spiky Shield|p2a: Giga Bowser
|-singleturn|p2a: Giga Bowser|move: Protect
|move|p1a: Mamoswine|Icicle Spear|p2a: Giga Bowser
|-activate|p2a: Giga Bowser|move: Protect
|
|-heal|p2a: Giga Bowser|216\/380|[from] item: Leftovers
|turn|3
|
|move|p1a: Mamoswine|Stealth Rock|p2a: Giga Bowser
|-sidestart|p2: Nub Central|move: Stealth Rock
|move|p2a: Giga Bowser|Leech Seed|p1a: Mamoswine
|-start|p1a: Mamoswine|move: Leech Seed
|
|-heal|p2a: Giga Bowser|239\/380|[from] item: Leftovers
|-damage|p1a: Mamoswine|0 fnt|[from] Leech Seed|[of] p2a: Giga Bowser
|-heal|p2a: Giga Bowser|282\/380|[silent]
|faint|p1a: Mamoswine
|
|switch|p1a: Alakazam|Alakazam, M|252\/252
|turn|4
|
|switch|p2a: Lava Golem|Heatran, F, shiny|386\/386
|-damage|p2a: Lava Golem|338\/386|[from] Stealth Rock
|detailschange|p1a: Alakazam|Alakazam-Mega, M
|message|Alakazam has Mega Evolved into Mega Alakazam!
|-ability|p1a: Alakazam|Flash Fire|[from] ability: Trace|[of] p2a: Lava Golem
|move|p1a: Alakazam|Hidden Power|p2a: Lava Golem
|-start|p2a: Lava Golem|ability: Flash Fire
|
|-heal|p2a: Lava Golem|362\/386|[from] item: Leftovers
|turn|5
|
|move|p1a: Alakazam|Taunt|p2a: Lava Golem
|-start|p2a: Lava Golem|move: Taunt
|cant|p2a: Lava Golem|move: Taunt|Stealth Rock
|
|-heal|p2a: Lava Golem|386\/386|[from] item: Leftovers
|turn|6
|
|switch|p2a: Giga Bowser|Chesnaught, M, shiny|282\/380
|-damage|p2a: Giga Bowser|259\/380|[from] Stealth Rock
|move|p1a: Alakazam|Hidden Power|p2a: Giga Bowser
|-supereffective|p2a: Giga Bowser
|-damage|p2a: Giga Bowser|9\/380
|
|-heal|p2a: Giga Bowser|32\/380|[from] item: Leftovers
|turn|7
|
|move|p2a: Giga Bowser|Spiky Shield|p2a: Giga Bowser
|-singleturn|p2a: Giga Bowser|move: Protect
|move|p1a: Alakazam|Hidden Power|p2a: Giga Bowser
|-activate|p2a: Giga Bowser|move: Protect
|
|-heal|p2a: Giga Bowser|55\/380|[from] item: Leftovers
|turn|8
|
|move|p1a: Alakazam|Psychic|p2a: Giga Bowser
|-supereffective|p2a: Giga Bowser
|-damage|p2a: Giga Bowser|0 fnt
|faint|p2a: Giga Bowser
|
|
|switch|p2a: Red Steel|Aegislash, M, shiny|324\/324
|-damage|p2a: Red Steel|304\/324|[from] Stealth Rock
|turn|9
|
|switch|p1a: Azumarill|Azumarill, M|341\/341
|-formechange|p2a: Red Steel|Aegislash-Blade
|move|p2a: Red Steel|Shadow Ball|p1a: Azumarill
|-damage|p1a: Azumarill|134\/341
|-enditem|p1a: Azumarill|Sitrus Berry|[eat]
|-heal|p1a: Azumarill|219\/341|[from] item: Sitrus Berry
|
|-heal|p2a: Red Steel|324\/324|[from] item: Leftovers
|turn|10
|
|move|p1a: Azumarill|Aqua Jet|p2a: Red Steel
|-damage|p2a: Red Steel|182\/324
|move|p2a: Red Steel|Shadow Ball|p1a: Azumarill
|-damage|p1a: Azumarill|21\/341
|-unboost|p1a: Azumarill|spd|1
|
|-heal|p2a: Red Steel|202\/324|[from] item: Leftovers
|turn|11
|
|switch|p1a: Dragonite|Dragonite, F|323\/323
|-formechange|p2a: Red Steel|Aegislash
|move|p2a: Red Steel|King's Shield|p2a: Red Steel
|-fail|p2a: Red Steel
|
|-heal|p2a: Red Steel|222\/324|[from] item: Leftovers
|turn|12
|
|switch|p2a: Behemoth|Tyranitar, M, shiny|342\/342
|-damage|p2a: Behemoth|300\/342|[from] Stealth Rock
|-weather|Sandstorm
|move|p1a: Dragonite|Earthquake|p2a: Behemoth
|-supereffective|p2a: Behemoth
|-damage|p2a: Behemoth|0 fnt
|faint|p2a: Behemoth
|
|-weather|Sandstorm|[upkeep]
|-damage|p1a: Dragonite|303\/323|[from] sandstorm
|
|switch|p2a: Jet Blue|Latios, M|301\/301
|-damage|p2a: Jet Blue|264\/301|[from] Stealth Rock
|turn|13
|
|switch|p1a: Thundurus|Thundurus, M|299\/299
|move|p2a: Jet Blue|Defog|p1a: Thundurus
|-unboost|p1a: Thundurus|evasion|1
|-sideend|p2: Nub Central|Stealth Rock|[from] move: Defog|[of] p2a: Jet Blue
|
|-weather|Sandstorm|[upkeep]
|-damage|p1a: Thundurus|281\/299|[from] sandstorm
|-damage|p2a: Jet Blue|246\/301|[from] sandstorm
|turn|14
|
|switch|p1a: Azumarill|Azumarill, M|21\/341
|move|p2a: Jet Blue|Draco Meteor|p1a: Azumarill
|-immune|p1a: Azumarill|[msg]
|
|-weather|Sandstorm|[upkeep]
|-damage|p2a: Jet Blue|228\/301|[from] sandstorm
|-damage|p1a: Azumarill|0 fnt|[from] sandstorm
|faint|p1a: Azumarill
|
|switch|p1a: Thundurus|Thundurus, M|281\/299
|turn|15
|
|move|p1a: Thundurus|Hidden Power|p2a: Jet Blue
|-supereffective|p2a: Jet Blue
|-damage|p2a: Jet Blue|77\/301
|move|p2a: Jet Blue|Draco Meteor|p1a: Thundurus
|-damage|p1a: Thundurus|0 fnt
|-unboost|p2a: Jet Blue|spa|2
|-damage|p2a: Jet Blue|47\/301|[from] item: Life Orb
|faint|p1a: Thundurus
|
|-weather|Sandstorm|[upkeep]
|-damage|p2a: Jet Blue|29\/301|[from] sandstorm
|
|switch|p1a: Alakazam|Alakazam-Mega, M|252\/252
|-ability|p1a: Alakazam|Levitate|[from] ability: Trace|[of] p2a: Jet Blue
|turn|16
|
|move|p1a: Alakazam|Psychic|p2a: Jet Blue
|-resisted|p2a: Jet Blue
|-damage|p2a: Jet Blue|0 fnt
|faint|p2a: Jet Blue
|
|-weather|none
|
|switch|p2a: Red Steel|Aegislash, M, shiny|222\/324
|turn|17
|
|move|p1a: Alakazam|Hidden Power|p2a: Red Steel
|-supereffective|p2a: Red Steel
|-damage|p2a: Red Steel|82\/324
|-formechange|p2a: Red Steel|Aegislash-Blade
|move|p2a: Red Steel|Shadow Ball|p1a: Alakazam
|-supereffective|p1a: Alakazam
|-damage|p1a: Alakazam|0 fnt
|faint|p1a: Alakazam
|
|-heal|p2a: Red Steel|102\/324|[from] item: Leftovers
|
|switch|p1a: Dragonite|Dragonite, F|303\/323
|turn|18
|
|-formechange|p2a: Red Steel|Aegislash
|move|p2a: Red Steel|King's Shield|p2a: Red Steel
|-singleturn|p2a: Red Steel|Protect
|move|p1a: Dragonite|Earthquake|p2a: Red Steel
|-activate|p2a: Red Steel|Protect
|
|-heal|p2a: Red Steel|122\/324|[from] item: Leftovers
|turn|19
|
|switch|p2a: Lava Golem|Heatran, F, shiny|386\/386
|move|p1a: Dragonite|Earthquake|p2a: Lava Golem
|-supereffective|p2a: Lava Golem
|-damage|p2a: Lava Golem|0 fnt
|faint|p2a: Lava Golem
|
|
|switch|p2a: Blooregard|Azumarill, M|381\/381
|turn|20
|
|move|p1a: Dragonite|Earthquake|p2a: Blooregard
|-damage|p2a: Blooregard|150\/381
|move|p2a: Blooregard|Play Rough|p1a: Dragonite
|-supereffective|p1a: Dragonite
|-damage|p1a: Dragonite|0 fnt
|faint|p1a: Dragonite
|
|
|switch|p1a: Latios|Latios, M|301\/301
|turn|21
|
|move|p1a: Latios|Psyshock|p2a: Blooregard
|-damage|p2a: Blooregard|0 fnt
|-damage|p1a: Latios|271\/301|[from] item: Life Orb
|faint|p2a: Blooregard
|
|
|switch|p2a: Red Steel|Aegislash, M, shiny|122\/324
|turn|22
|
|move|p2a: Red Steel|King's Shield|p2a: Red Steel
|-singleturn|p2a: Red Steel|Protect
|move|p1a: Latios|Earthquake|p2a: Red Steel
|-activate|p2a: Red Steel|Protect
|
|-heal|p2a: Red Steel|142\/324|[from] item: Leftovers
|turn|23
|chat|FUCK YOU KATIE|do i ko this thing
|
|move|p1a: Latios|Earthquake|p2a: Red Steel
|-supereffective|p2a: Red Steel
|-damage|p2a: Red Steel|15\/324
|-damage|p1a: Latios|241\/301|[from] item: Life Orb
|-formechange|p2a: Red Steel|Aegislash-Blade
|move|p2a: Red Steel|Shadow Ball|p1a: Latios
|-supereffective|p1a: Latios
|-damage|p1a: Latios|0 fnt
|faint|p1a: Latios
|
|win|Nub Central
|chat|FUCK YOU KATIE|NOOOO
|chat|Finchinator|nop
|chat|FUCK YOU KATIE|gg
|leave|FUCK YOU KATIE
|player|p1
|leave|Finchinator
|leave|Nub Central
|player|p2