|join|lil manaphy
|join|NuB Central
|player|p1|lil manaphy|98
|player|p2|NuB Central|161
|gametype|singles
|gen|6
|tier|OU
|rated
|clearpoke
|poke|p1|Lopunny, F
|poke|p1|Rotom-Wash
|poke|p1|Gothitelle, M
|poke|p1|Mandibuzz, F
|poke|p1|Heatran, M
|poke|p1|Celebi
|poke|p2|Azumarill, M
|poke|p2|Landorus, M
|poke|p2|Scizor, M
|poke|p2|Latios, M
|poke|p2|Lucario, M, shiny
|poke|p2|Venusaur, M, shiny
|rule|Swagger Clause: Swagger is banned
|rule|Baton Pass Clause: Limit one PokÃ©mon knowing Baton Pass
|rule|Sleep Clause Mod: Limit one foe put to sleep
|rule|Species Clause: Limit one of each PokÃ©mon
|rule|OHKO Clause: OHKO moves are banned
|rule|Moody Clause: Moody is banned
|rule|Evasion Moves Clause: Evasion moves are banned
|rule|Endless Battle Clause: Forcing endless battles is banned
|rule|HP Percentage Mod: HP is shown in percentages
|teampreview
|c|âlil manaphy|give me this win pls
|c|âlil manaphy|i have a family to feed
|
|start
|switch|p1a: Lopunny|Lopunny, F|271\/271
|switch|p2a: Scizor|Scizor, M|281\/281
|turn|1
|c|âNuB Central|tell me why I'm cooler then everyone in bog and maybe i will
|
|switch|p2a: Venusaur|Venusaur, M, shiny|360\/360
|detailschange|p1a: Lopunny|Lopunny-Mega, F
|message|Lopunny has Mega Evolved into Mega Lopunny!
|move|p1a: Lopunny|Fake Out|p2a: Venusaur
|-damage|p2a: Venusaur|269\/360
|
|turn|2
|c|âNuB Central|bof*
|
|switch|p1a: Heatran|Heatran, M|386\/386
|detailschange|p2a: Venusaur|Venusaur-Mega, M, shiny
|message|Venusaur has Mega Evolved into Mega Venusaur!
|move|p2a: Venusaur|Giga Drain|p1a: Heatran
|-resisted|p1a: Heatran
|-damage|p1a: Heatran|362\/386
|-heal|p2a: Venusaur|281\/360|[from] drain|[of] p1a: Heatran
|
|-heal|p1a: Heatran|386\/386|[from] item: Leftovers
|turn|3
|join|Robert Edward Lee
|join|JohnxYiu
|
|switch|p2a: Landorus|Landorus, M|319\/319
|move|p1a: Heatran|Lava Plume|p2a: Landorus
|-damage|p2a: Landorus|172\/319
|-status|p2a: Landorus|brn
|
|-damage|p2a: Landorus|133\/319 brn|[from] brn
|turn|4
|c| JohnxYiu|lol
|
|switch|p2a: Azumarill|Azumarill, M|381\/381
|switch|p1a: Mandibuzz|Mandibuzz, F|424\/424
|
|turn|5
|
|switch|p1a: Rotom-Wash|Rotom-Wash|303\/303
|move|p2a: Azumarill|Superpower|p1a: Rotom-Wash
|-damage|p1a: Rotom-Wash|106\/303
|-unboost|p2a: Azumarill|atk|1
|-unboost|p2a: Azumarill|def|1
|
|-heal|p1a: Rotom-Wash|124\/303|[from] item: Leftovers
|turn|6
|
|switch|p2a: Landorus|Landorus, M|133\/319 brn
|move|p1a: Rotom-Wash|Hydro Pump|p2a: Landorus
|-supereffective|p2a: Landorus
|-damage|p2a: Landorus|0 fnt
|faint|p2a: Landorus
|
|-heal|p1a: Rotom-Wash|142\/303|[from] item: Leftovers
|
|switch|p2a: Lucario|Lucario, M, shiny|281\/281
|turn|7
|
|switch|p1a: Mandibuzz|Mandibuzz, F|424\/424
|move|p2a: Lucario|Swords Dance|p2a: Lucario
|-boost|p2a: Lucario|atk|2
|
|turn|8
|
|move|p2a: Lucario|Close Combat|p1a: Mandibuzz
|-damage|p1a: Mandibuzz|11\/424
|-unboost|p2a: Lucario|def|1
|-unboost|p2a: Lucario|spd|1
|-damage|p2a: Lucario|253\/281|[from] item: Life Orb
|move|p1a: Mandibuzz|Foul Play|p2a: Lucario
|-resisted|p2a: Lucario
|-damage|p2a: Lucario|0 fnt
|faint|p2a: Lucario
|
|-heal|p1a: Mandibuzz|37\/424|[from] item: Leftovers
|join|Jefo
|c|âNuB Central|roll
|c|âlil manaphy|oh my god
|join|Prankster
|
|switch|p2a: Scizor|Scizor, M|281\/281
|turn|9
|
|move|p2a: Scizor|U-turn|p1a: Mandibuzz
|-crit|p1a: Mandibuzz
|-damage|p1a: Mandibuzz|0 fnt
|faint|p1a: Mandibuzz
|c|âlil manaphy|oh
|c|âlil manaphy|thats.... fast
|
|switch|p2a: Azumarill|Azumarill, M|381\/381
|
|
|switch|p1a: Rotom-Wash|Rotom-Wash|142\/303
|turn|10
|
|switch|p2a: Latios|Latios, M|301\/301
|move|p1a: Rotom-Wash|Volt Switch|p2a: Latios
|-resisted|p2a: Latios
|-damage|p2a: Latios|260\/301
|
|switch|p1a: Lopunny|Lopunny-Mega, F|271\/271
|
|turn|11
|
|switch|p2a: Scizor|Scizor, M|281\/281
|move|p1a: Lopunny|Fake Out|p2a: Scizor
|-resisted|p2a: Scizor
|-damage|p2a: Scizor|243\/281
|
|turn|12
|
|move|p1a: Lopunny|High Jump Kick|p2a: Scizor
|-damage|p2a: Scizor|0 fnt
|faint|p2a: Scizor
|
|
|switch|p2a: Azumarill|Azumarill, M|381\/381
|turn|13
|c|âlil manaphy|ok that must be like, max speed
|c|âNuB Central|it is
|c|âNuB Central|outspeeding rotom w
|
|move|p1a: Lopunny|Return|p2a: Azumarill
|-damage|p2a: Azumarill|161\/381
|move|p2a: Azumarill|Play Rough|p1a: Lopunny
|-supereffective|p1a: Lopunny
|-damage|p1a: Lopunny|0 fnt
|faint|p1a: Lopunny
|
|c|âNuB Central|is beautfiul
|
|switch|p1a: Heatran|Heatran, M|386\/386
|turn|14
|join|Yuttt.ttttt
|
|switch|p2a: Latios|Latios, M|260\/301
|move|p1a: Heatran|Toxic|p2a: Latios
|-status|p2a: Latios|tox
|
|-damage|p2a: Latios|242\/301 tox|[from] psn
|turn|15
|
|switch|p2a: Venusaur|Venusaur-Mega, M, shiny|281\/360
|move|p1a: Heatran|Protect|p1a: Heatran
|-fail|p1a: Heatran
|
|turn|16
|
|switch|p2a: Azumarill|Azumarill, M|161\/381
|move|p1a: Heatran|Lava Plume|p2a: Azumarill
|-resisted|p2a: Azumarill
|-damage|p2a: Azumarill|89\/381
|
|turn|17
|
|move|p1a: Heatran|Protect|p1a: Heatran
|-singleturn|p1a: Heatran|Protect
|move|p2a: Azumarill|Waterfall|p1a: Heatran
|-activate|p1a: Heatran|Protect
|
|turn|18
|-message|NuB Central forfeited.
|
|win|lil manaphy
|raw|Ladder updating...
|raw|lil manaphy's rating: 1822 &rarr; <strong>1836<\/strong><br \/>(+14 for winning)
|raw|NuB Central's rating: 1720 &rarr; <strong>1706<\/strong><br \/>(-14 for losing)
|leave|NuB Central
|player|p2
|leave|Robert Edward Lee