|join|NuB Central
|join|LT7X RNGStudd
|player|p1|NuB Central|161
|player|p2|LT7X RNGStudd|169
|gametype|singles
|gen|6
|tier|OU
|rated
|clearpoke
|poke|p1|Heracross, M
|poke|p1|Heatran, F, shiny
|poke|p1|Azumarill, M
|poke|p1|Landorus, M, shiny
|poke|p1|Mew
|poke|p1|Tyranitar, M
|poke|p2|Tyranitar, M
|poke|p2|Excadrill, M
|poke|p2|Landorus, M
|poke|p2|Latios, M
|poke|p2|Rotom-Wash
|poke|p2|Scizor, F
|rule|Swagger Clause: Swagger is banned
|rule|Baton Pass Clause: Limit one PokÃ©mon knowing Baton Pass
|rule|Sleep Clause Mod: Limit one foe put to sleep
|rule|Species Clause: Limit one of each PokÃ©mon
|rule|OHKO Clause: OHKO moves are banned
|rule|Moody Clause: Moody is banned
|rule|Evasion Moves Clause: Evasion moves are banned
|rule|Endless Battle Clause: Forcing endless battles is banned
|rule|HP Percentage Mod: HP is shown in percentages
|teampreview
|
|start
|switch|p1a: Sgt Pepper|Heracross, M|311\/311
|switch|p2a: Tyranitar|Tyranitar, M|403\/403
|-weather|Sandstorm
|turn|1
|
|switch|p2a: Scizor|Scizor, F|343\/343
|detailschange|p1a: Sgt Pepper|Heracross-Mega, M
|message|Heracross has Mega Evolved into Mega Heracross!
|move|p1a: Sgt Pepper|Pin Missile|p2a: Scizor
|-resisted|p2a: Scizor
|-damage|p2a: Scizor|314\/343
|-resisted|p2a: Scizor
|-damage|p2a: Scizor|286\/343
|-resisted|p2a: Scizor
|-damage|p2a: Scizor|257\/343
|-resisted|p2a: Scizor
|-damage|p2a: Scizor|227\/343
|-resisted|p2a: Scizor
|-damage|p2a: Scizor|197\/343
|-hitcount|p2a: Scizor|5
|
|-weather|Sandstorm|[upkeep]
|-damage|p1a: Sgt Pepper|292\/311|[from] sandstorm
|turn|2
|
|detailschange|p2a: Scizor|Scizor-Mega, F
|message|Scizor has Mega Evolved into Mega Scizor!
|move|p1a: Sgt Pepper|Close Combat|p2a: Scizor
|-damage|p2a: Scizor|0 fnt
|-unboost|p1a: Sgt Pepper|def|1
|-unboost|p1a: Sgt Pepper|spd|1
|faint|p2a: Scizor
|
|-weather|Sandstorm|[upkeep]
|-damage|p1a: Sgt Pepper|273\/311|[from] sandstorm
|c|âLT7X RNGStudd|that's a frist
|c|âLT7X RNGStudd|frist*
|c|âLT7X RNGStudd|first**
|c|âNuB Central|three times a charm
|c|âLT7X RNGStudd|^
|
|switch|p2a: Landorus|Landorus, M|320\/320
|turn|3
|
|switch|p1a: Lava Golem|Heatran, F, shiny|323\/323
|move|p2a: Landorus|Earth Power|p1a: Lava Golem
|-supereffective|p1a: Lava Golem
|-damage|p1a: Lava Golem|0 fnt
|faint|p1a: Lava Golem
|
|-weather|Sandstorm|[upkeep]
|
|switch|p1a: Water Bomb|Azumarill, M|401\/401
|turn|4
|
|switch|p2a: Rotom-Wash|Rotom-Wash|304\/304
|move|p1a: Water Bomb|Play Rough|p2a: Rotom-Wash
|-damage|p2a: Rotom-Wash|165\/304
|
|-weather|Sandstorm|[upkeep]
|-damage|p2a: Rotom-Wash|146\/304|[from] sandstorm
|-damage|p1a: Water Bomb|376\/401|[from] sandstorm
|-heal|p2a: Rotom-Wash|165\/304|[from] item: Leftovers
|turn|5
|
|switch|p1a: Genetics|Mew|404\/404
|move|p2a: Rotom-Wash|Pain Split|p1a: Genetics
|-sethp|p1a: Genetics|284\/404|p2a: Rotom-Wash|284\/304|[from] move: Pain Split
|
|-weather|Sandstorm|[upkeep]
|-damage|p1a: Genetics|259\/404|[from] sandstorm
|-damage|p2a: Rotom-Wash|265\/304|[from] sandstorm
|-heal|p1a: Genetics|284\/404|[from] item: Leftovers
|-heal|p2a: Rotom-Wash|284\/304|[from] item: Leftovers
|turn|6
|
|switch|p2a: Tyranitar|Tyranitar, M|403\/403
|move|p1a: Genetics|Knock Off|p2a: Tyranitar
|-resisted|p2a: Tyranitar
|-damage|p2a: Tyranitar|375\/403
|-enditem|p2a: Tyranitar|Smooth Rock|[from] move: Knock Off|[of] p1a: Genetics
|
|-weather|Sandstorm|[upkeep]
|-damage|p1a: Genetics|259\/404|[from] sandstorm
|-heal|p1a: Genetics|284\/404|[from] item: Leftovers
|turn|7
|
|move|p1a: Genetics|Will-O-Wisp|p2a: Tyranitar
|-status|p2a: Tyranitar|brn
|move|p2a: Tyranitar|Thunder Wave|p1a: Genetics
|-status|p1a: Genetics|par
|
|-weather|Sandstorm|[upkeep]
|-damage|p1a: Genetics|259\/404 par|[from] sandstorm
|-heal|p1a: Genetics|284\/404 par|[from] item: Leftovers
|-damage|p2a: Tyranitar|325\/403 brn|[from] brn
|turn|8
|
|switch|p1a: Sgt Pepper|Heracross-Mega, M|273\/311
|move|p2a: Tyranitar|Stealth Rock|p1a: Sgt Pepper
|-sidestart|p1: NuB Central|move: Stealth Rock
|
|-weather|none
|-damage|p2a: Tyranitar|275\/403 brn|[from] brn
|turn|9
|
|switch|p2a: Latios|Latios, M|301\/301
|move|p1a: Sgt Pepper|Close Combat|p2a: Latios
|-resisted|p2a: Latios
|-damage|p2a: Latios|119\/301
|-unboost|p1a: Sgt Pepper|def|1
|-unboost|p1a: Sgt Pepper|spd|1
|
|turn|10
|
|switch|p1a: Dinomite|Tyranitar, M|341\/341
|-damage|p1a: Dinomite|299\/341|[from] Stealth Rock
|-weather|Sandstorm
|move|p2a: Latios|Draco Meteor|p1a: Dinomite
|-damage|p1a: Dinomite|99\/341
|-unboost|p2a: Latios|spa|2
|-damage|p2a: Latios|89\/301|[from] item: Life Orb
|
|-weather|Sandstorm|[upkeep]
|-damage|p2a: Latios|71\/301|[from] sandstorm
|turn|11
|
|move|p1a: Dinomite|Pursuit|p2a: Latios
|-supereffective|p2a: Latios
|-damage|p2a: Latios|0 fnt
|faint|p2a: Latios
|
|-weather|Sandstorm|[upkeep]
|
|switch|p2a: Excadrill|Excadrill, M|361\/361
|turn|12
|
|move|p2a: Excadrill|Substitute|p2a: Excadrill
|-start|p2a: Excadrill|Substitute
|-damage|p2a: Excadrill|271\/361
|move|p1a: Dinomite|Pursuit|p2a: Excadrill
|-end|p2a: Excadrill|Substitute
|
|-weather|Sandstorm|[upkeep]
|turn|13
|
|move|p2a: Excadrill|Iron Head|p1a: Dinomite
|-supereffective|p1a: Dinomite
|-damage|p1a: Dinomite|0 fnt
|-damage|p2a: Excadrill|235\/361|[from] item: Life Orb
|faint|p1a: Dinomite
|
|-weather|Sandstorm|[upkeep]
|
|switch|p1a: Water Bomb|Azumarill, M|376\/401
|-damage|p1a: Water Bomb|326\/401|[from] Stealth Rock
|turn|14
|
|switch|p2a: Rotom-Wash|Rotom-Wash|284\/304
|move|p1a: Water Bomb|Play Rough|p2a: Rotom-Wash
|-damage|p2a: Rotom-Wash|139\/304
|
|-weather|none
|-heal|p2a: Rotom-Wash|158\/304|[from] item: Leftovers
|turn|15
|
|switch|p1a: Genetics|Mew|284\/404 par
|-damage|p1a: Genetics|234\/404 par|[from] Stealth Rock
|move|p2a: Rotom-Wash|Volt Switch|p1a: Genetics
|-damage|p1a: Genetics|155\/404 par
|
|switch|p2a: Tyranitar|Tyranitar, M|275\/403 brn
|-weather|Sandstorm
|
|-weather|Sandstorm|[upkeep]
|-damage|p1a: Genetics|130\/404 par|[from] sandstorm
|-heal|p1a: Genetics|155\/404 par|[from] item: Leftovers
|-damage|p2a: Tyranitar|225\/403 brn|[from] brn
|turn|16
|
|move|p2a: Tyranitar|Dark Pulse|p1a: Genetics
|-supereffective|p1a: Genetics
|-damage|p1a: Genetics|0 fnt
|faint|p1a: Genetics
|
|-weather|Sandstorm|[upkeep]
|-damage|p2a: Tyranitar|175\/403 brn|[from] brn
|c|âNuB Central|lollolololol
|c|âLT7X RNGStudd|;)
|
|switch|p1a: Nimbus|Landorus, M, shiny|319\/319
|-damage|p1a: Nimbus|280\/319|[from] Stealth Rock
|turn|17
|
|switch|p2a: Landorus|Landorus, M|320\/320
|move|p1a: Nimbus|Earth Power|p2a: Landorus
|-immune|p2a: Landorus|[msg]
|
|-weather|Sandstorm|[upkeep]
|turn|18
|
|move|p2a: Landorus|Psychic|p1a: Nimbus
|-damage|p1a: Nimbus|72\/319
|move|p1a: Nimbus|Psychic|p2a: Landorus
|-damage|p2a: Landorus|111\/320
|
|-weather|Sandstorm|[upkeep]
|turn|19
|
|move|p2a: Landorus|Psychic|p1a: Nimbus
|-damage|p1a: Nimbus|0 fnt
|faint|p1a: Nimbus
|
|-weather|none
|
|switch|p1a: Water Bomb|Azumarill, M|326\/401
|-damage|p1a: Water Bomb|276\/401|[from] Stealth Rock
|turn|20
|
|switch|p2a: Tyranitar|Tyranitar, M|175\/403 brn
|-weather|Sandstorm
|move|p1a: Water Bomb|Aqua Jet|p2a: Tyranitar
|-crit|p2a: Tyranitar
|-supereffective|p2a: Tyranitar
|-damage|p2a: Tyranitar|0 fnt
|faint|p2a: Tyranitar
|
|-weather|Sandstorm|[upkeep]
|-damage|p1a: Water Bomb|251\/401|[from] sandstorm
|
|switch|p2a: Rotom-Wash|Rotom-Wash|158\/304
|turn|21
|
|switch|p1a: Sgt Pepper|Heracross-Mega, M|273\/311
|-damage|p1a: Sgt Pepper|235\/311|[from] Stealth Rock
|move|p2a: Rotom-Wash|Volt Switch|p1a: Sgt Pepper
|-damage|p1a: Sgt Pepper|157\/311
|
|switch|p2a: Landorus|Landorus, M|111\/320
|
|-weather|Sandstorm|[upkeep]
|-damage|p1a: Sgt Pepper|138\/311|[from] sandstorm
|turn|22
|
|switch|p1a: Water Bomb|Azumarill, M|251\/401
|-damage|p1a: Water Bomb|201\/401|[from] Stealth Rock
|move|p2a: Landorus|Psychic|p1a: Water Bomb
|-damage|p1a: Water Bomb|59\/401
|
|-weather|Sandstorm|[upkeep]
|-damage|p1a: Water Bomb|34\/401|[from] sandstorm
|turn|23
|
|switch|p2a: Rotom-Wash|Rotom-Wash|158\/304
|move|p1a: Water Bomb|Aqua Jet|p2a: Rotom-Wash
|-resisted|p2a: Rotom-Wash
|-damage|p2a: Rotom-Wash|126\/304
|
|-weather|Sandstorm|[upkeep]
|-damage|p2a: Rotom-Wash|107\/304|[from] sandstorm
|-damage|p1a: Water Bomb|9\/401|[from] sandstorm
|-heal|p2a: Rotom-Wash|126\/304|[from] item: Leftovers
|turn|24
|c|âNuB Central|why would u risk that
|c|âNuB Central|u wouldve lost
|c|âLT7X RNGStudd|doesnt matter
|c|âNuB Central|if i play roughed
|c|âLT7X RNGStudd|nah
|c|âLT7X RNGStudd|sandstorm
|c|âLT7X RNGStudd|kills you
|c|âLT7X RNGStudd|i sac excadrill
|c|âNuB Central|sand ends this turn
|
|move|p2a: Rotom-Wash|Volt Switch|p1a: Water Bomb
|-supereffective|p1a: Water Bomb
|-damage|p1a: Water Bomb|0 fnt
|faint|p1a: Water Bomb
|c|âNuB Central|i aqua jet spam
|
|switch|p2a: Landorus|Landorus, M|111\/320
|
|-weather|none
|c|âNuB Central|prob should think things through
|c|âNuB Central|js
|c|âLT7X RNGStudd|lol im dumb
|
|switch|p1a: Sgt Pepper|Heracross-Mega, M|138\/311
|-damage|p1a: Sgt Pepper|100\/311|[from] Stealth Rock
|turn|25
|c|âLT7X RNGStudd|thanks
|c|âLT7X RNGStudd|forgot smooth rock came off
|
|move|p2a: Landorus|Psychic|p1a: Sgt Pepper
|-supereffective|p1a: Sgt Pepper
|-damage|p1a: Sgt Pepper|0 fnt
|faint|p1a: Sgt Pepper
|
|win|LT7X RNGStudd
|raw|Ladder updating...
|raw|NuB Central's rating: 1800 &rarr; <strong>1778<\/strong><br \/>(-22 for losing)
|raw|LT7X RNGStudd's rating: 1758 &rarr; <strong>1781<\/strong><br \/>(+23 for winning)
|c|âNuB Central|gg
|c|âLT7X RNGStudd|gg
|leave|NuB Central
|player|p1