|join|NuB Central
|join|u got topor'ed
|player|p1|NuB Central|161
|player|p2|u got topor'ed|167
|gametype|singles
|gen|6
|tier|OU
|rated
|clearpoke
|poke|p1|Garchomp, M
|poke|p1|Rotom-Wash
|poke|p1|Tyranitar, M, shiny
|poke|p1|Clefable, F, shiny
|poke|p1|Excadrill, M, shiny
|poke|p1|Greninja, M, shiny
|poke|p2|Bisharp, M
|poke|p2|Venusaur, F
|poke|p2|Heatran, F
|poke|p2|Keldeo
|poke|p2|Chansey, F
|poke|p2|Skarmory, F
|rule|Swagger Clause: Swagger is banned
|rule|Baton Pass Clause: Limit one PokÃ©mon knowing Baton Pass
|rule|Sleep Clause Mod: Limit one foe put to sleep
|rule|Species Clause: Limit one of each PokÃ©mon
|rule|OHKO Clause: OHKO moves are banned
|rule|Moody Clause: Moody is banned
|rule|Evasion Moves Clause: Evasion moves are banned
|rule|Endless Battle Clause: Forcing endless battles is banned
|rule|HP Percentage Mod: HP is shown in percentages
|teampreview
|
|start
|switch|p1a: Bounty|Rotom-Wash|303\/303
|switch|p2a: Heatran|Heatran, F|340\/340
|-item|p2a: Heatran|Air Balloon
|turn|1
|
|move|p2a: Heatran|Toxic|p1a: Bounty
|-status|p1a: Bounty|tox
|move|p1a: Bounty|Hydro Pump|p2a: Heatran
|-supereffective|p2a: Heatran
|-damage|p2a: Heatran|104\/340
|-enditem|p2a: Heatran|Air Balloon
|
|-damage|p1a: Bounty|285\/303 tox|[from] psn
|turn|2
|
|switch|p2a: Chansey|Chansey, F|684\/684
|move|p1a: Bounty|Hydro Pump|p2a: Chansey
|-damage|p2a: Chansey|597\/684
|
|-heal|p1a: Bounty|303\/303 tox|[from] item: Leftovers
|-damage|p1a: Bounty|267\/303 tox|[from] psn
|turn|3
|
|move|p1a: Bounty|Volt Switch|p2a: Chansey
|-damage|p2a: Chansey|546\/684
|
|switch|p1a: Fairy Land|Clefable, F, shiny|391\/391
|move|p2a: Chansey|Seismic Toss|p1a: Fairy Land
|-damage|p1a: Fairy Land|291\/391
|
|-heal|p1a: Fairy Land|315\/391|[from] item: Leftovers
|turn|4
|
|switch|p1a: Bounty|Rotom-Wash|267\/303 tox
|switch|p2a: Heatran|Heatran, F|104\/340
|
|-heal|p1a: Bounty|285\/303 tox|[from] item: Leftovers
|-damage|p1a: Bounty|267\/303 tox|[from] psn
|turn|5
|
|move|p2a: Heatran|Stealth Rock|p1a: Bounty
|-sidestart|p1: NuB Central|move: Stealth Rock
|move|p1a: Bounty|Hydro Pump|p2a: Heatran
|-supereffective|p2a: Heatran
|-damage|p2a: Heatran|0 fnt
|faint|p2a: Heatran
|
|-heal|p1a: Bounty|285\/303 tox|[from] item: Leftovers
|-damage|p1a: Bounty|249\/303 tox|[from] psn
|
|switch|p2a: Venusaur|Venusaur, F|364\/364
|turn|6
|
|detailschange|p2a: Venusaur|Venusaur-Mega, F
|message|Venusaur has Mega Evolved into Mega Venusaur!
|move|p1a: Bounty|Volt Switch|p2a: Venusaur
|-resisted|p2a: Venusaur
|-damage|p2a: Venusaur|326\/364
|
|switch|p1a: Rept4r|Tyranitar, M, shiny|404\/404
|-damage|p1a: Rept4r|354\/404|[from] Stealth Rock
|-weather|Sandstorm
|move|p2a: Venusaur|Giga Drain|p1a: Rept4r
|-supereffective|p1a: Rept4r
|-damage|p1a: Rept4r|250\/404
|-heal|p2a: Venusaur|364\/364|[from] drain|[of] p1a: Rept4r
|
|-weather|Sandstorm|[upkeep]
|-damage|p2a: Venusaur|342\/364|[from] sandstorm
|turn|7
|
|switch|p2a: Keldeo|Keldeo|323\/323
|move|p1a: Rept4r|Stealth Rock|p2a: Keldeo
|-sidestart|p2: u got topor'ed|move: Stealth Rock
|
|-weather|Sandstorm|[upkeep]
|-damage|p2a: Keldeo|303\/323|[from] sandstorm
|-heal|p2a: Keldeo|323\/323|[from] item: Leftovers
|turn|8
|
|switch|p1a: Fairy Land|Clefable, F, shiny|315\/391
|move|p2a: Keldeo|Scald|p1a: Fairy Land
|-damage|p1a: Fairy Land|164\/391
|
|-weather|Sandstorm|[upkeep]
|-damage|p2a: Keldeo|303\/323|[from] sandstorm
|-heal|p2a: Keldeo|323\/323|[from] item: Leftovers
|-heal|p1a: Fairy Land|188\/391|[from] item: Leftovers
|turn|9
|
|switch|p2a: Bisharp|Bisharp, M|334\/334
|-damage|p2a: Bisharp|314\/334|[from] Stealth Rock
|move|p1a: Fairy Land|Soft-Boiled|p1a: Fairy Land
|-heal|p1a: Fairy Land|384\/391
|
|-weather|Sandstorm|[upkeep]
|-heal|p2a: Bisharp|334\/334|[from] item: Leftovers
|-heal|p1a: Fairy Land|391\/391|[from] item: Leftovers
|turn|10
|
|switch|p1a: Bounty|Rotom-Wash|249\/303 tox
|-damage|p1a: Bounty|212\/303 tox|[from] Stealth Rock
|move|p2a: Bisharp|Knock Off|p1a: Bounty
|-damage|p1a: Bounty|79\/303 tox
|-enditem|p1a: Bounty|Leftovers|[from] move: Knock Off|[of] p2a: Bisharp
|
|-weather|Sandstorm|[upkeep]
|-damage|p1a: Bounty|61\/303 tox|[from] sandstorm
|-damage|p1a: Bounty|43\/303 tox|[from] psn
|turn|11
|
|move|p1a: Bounty|Will-O-Wisp|p2a: Bisharp
|-status|p2a: Bisharp|brn
|move|p2a: Bisharp|Swords Dance|p2a: Bisharp
|-boost|p2a: Bisharp|atk|2
|
|-weather|Sandstorm|[upkeep]
|-damage|p1a: Bounty|25\/303 tox|[from] sandstorm
|-damage|p1a: Bounty|0 fnt|[from] psn
|-damage|p2a: Bisharp|293\/334 brn|[from] brn
|faint|p1a: Bounty
|
|switch|p1a: Gargantuar|Garchomp, M|358\/358
|-damage|p1a: Gargantuar|336\/358|[from] Stealth Rock
|turn|12
|
|detailschange|p1a: Gargantuar|Garchomp-Mega, M
|message|Garchomp has Mega Evolved into Mega Garchomp!
|move|p1a: Gargantuar|Swords Dance|p1a: Gargantuar
|-boost|p1a: Gargantuar|atk|2
|move|p2a: Bisharp|Iron Head|p1a: Gargantuar
|-damage|p1a: Gargantuar|212\/358
|
|-weather|Sandstorm|[upkeep]
|-heal|p2a: Bisharp|313\/334 brn|[from] item: Leftovers
|-damage|p2a: Bisharp|272\/334 brn|[from] brn
|turn|13
|c|âNuB Central|wow
|c|âNuB Central|u greedy pleb
|
|switch|p2a: Skarmory|Skarmory, F|334\/334
|-damage|p2a: Skarmory|293\/334|[from] Stealth Rock
|move|p1a: Gargantuar|Earthquake|p2a: Skarmory
|-immune|p2a: Skarmory|[msg]
|
|-weather|none
|turn|14
|
|move|p1a: Gargantuar|Stone Edge|p2a: Skarmory
|-damage|p2a: Skarmory|109\/334
|move|p2a: Skarmory|Brave Bird|p1a: Gargantuar
|-damage|p1a: Gargantuar|107\/358
|-damage|p2a: Skarmory|74\/334|[from] recoil|[of] p1a: Gargantuar
|
|turn|15
|
|move|p1a: Gargantuar|Stone Edge|p2a: Skarmory
|-damage|p2a: Skarmory|0 fnt
|faint|p2a: Skarmory
|
|
|switch|p2a: Keldeo|Keldeo|323\/323
|-damage|p2a: Keldeo|303\/323|[from] Stealth Rock
|turn|16
|
|switch|p1a: Fairy Land|Clefable, F, shiny|391\/391
|move|p2a: Keldeo|Scald|p1a: Fairy Land
|-damage|p1a: Fairy Land|247\/391
|
|-heal|p2a: Keldeo|323\/323|[from] item: Leftovers
|-heal|p1a: Fairy Land|271\/391|[from] item: Leftovers
|turn|17
|
|move|p2a: Keldeo|Scald|p1a: Fairy Land
|-damage|p1a: Fairy Land|111\/391
|move|p1a: Fairy Land|Moonblast|p2a: Keldeo
|-supereffective|p2a: Keldeo
|-damage|p2a: Keldeo|107\/323
|-unboost|p2a: Keldeo|spa|1
|
|-heal|p2a: Keldeo|127\/323|[from] item: Leftovers
|-heal|p1a: Fairy Land|135\/391|[from] item: Leftovers
|turn|18
|
|switch|p2a: Chansey|Chansey, F|546\/684
|-damage|p2a: Chansey|461\/684|[from] Stealth Rock
|move|p1a: Fairy Land|Soft-Boiled|p1a: Fairy Land
|-heal|p1a: Fairy Land|331\/391
|
|-heal|p1a: Fairy Land|355\/391|[from] item: Leftovers
|turn|19
|
|switch|p1a: Gargantuar|Garchomp-Mega, M|107\/358
|-damage|p1a: Gargantuar|85\/358|[from] Stealth Rock
|move|p2a: Chansey|Aromatherapy|p2a: Chansey
|-cureteam|p2a: Chansey|[from] move: Aromatherapy
|
|turn|20
|
|move|p1a: Gargantuar|Earthquake|p2a: Chansey
|-damage|p2a: Chansey|158\/684
|move|p2a: Chansey|Seismic Toss|p1a: Gargantuar
|-damage|p1a: Gargantuar|0 fnt
|faint|p1a: Gargantuar
|
|
|switch|p1a: Dig Dug|Excadrill, M, shiny|361\/361
|-damage|p1a: Dig Dug|350\/361|[from] Stealth Rock
|turn|21
|
|move|p1a: Dig Dug|Earthquake|p2a: Chansey
|-damage|p2a: Chansey|0 fnt
|-damage|p1a: Dig Dug|314\/361|[from] item: Life Orb
|faint|p2a: Chansey
|
|
|switch|p2a: Keldeo|Keldeo|127\/323
|-damage|p2a: Keldeo|107\/323|[from] Stealth Rock
|turn|22
|
|switch|p1a: Fairy Land|Clefable, F, shiny|355\/391
|move|p2a: Keldeo|Secret Sword|p1a: Fairy Land
|-resisted|p1a: Fairy Land
|-damage|p1a: Fairy Land|288\/391
|
|-heal|p2a: Keldeo|127\/323|[from] item: Leftovers
|-heal|p1a: Fairy Land|312\/391|[from] item: Leftovers
|turn|23
|
|switch|p1a: Rept4r|Tyranitar, M, shiny|250\/404
|-damage|p1a: Rept4r|200\/404|[from] Stealth Rock
|-weather|Sandstorm
|move|p2a: Keldeo|Scald|p1a: Rept4r
|-supereffective|p1a: Rept4r
|-damage|p1a: Rept4r|68\/404
|-status|p1a: Rept4r|brn
|
|-weather|Sandstorm|[upkeep]
|-damage|p2a: Keldeo|107\/323|[from] sandstorm
|-heal|p2a: Keldeo|127\/323|[from] item: Leftovers
|-damage|p1a: Rept4r|18\/404 brn|[from] brn
|turn|24
|c|âNuB Central|greedy nub
|c|âNuB Central|i love beating you, over and over
|
|switch|p2a: Venusaur|Venusaur-Mega, F|342\/364
|-damage|p2a: Venusaur|297\/364|[from] Stealth Rock
|move|p1a: Rept4r|Fire Blast|p2a: Venusaur|[miss]
|-miss|p1a: Rept4r|p2a: Venusaur
|
|-weather|Sandstorm|[upkeep]
|-damage|p2a: Venusaur|275\/364|[from] sandstorm
|-damage|p1a: Rept4r|0 fnt|[from] brn
|faint|p1a: Rept4r
|
|switch|p1a: Dart Frogger|Greninja, M, shiny|286\/286
|-damage|p1a: Dart Frogger|251\/286|[from] Stealth Rock
|turn|25
|c|âu got topor'ed|you haven't played me
|
|move|p1a: Dart Frogger|Hydro Pump|p2a: Venusaur
|-start|p1a: Dart Frogger|typechange|Water|[from] Protean
|-resisted|p2a: Venusaur
|-damage|p2a: Venusaur|178\/364
|-damage|p1a: Dart Frogger|223\/286|[from] item: Life Orb
|move|p2a: Venusaur|Giga Drain|p1a: Dart Frogger
|-supereffective|p1a: Dart Frogger
|-damage|p1a: Dart Frogger|0 fnt
|-heal|p2a: Venusaur|290\/364|[from] drain|[of] p1a: Dart Frogger
|faint|p1a: Dart Frogger
|
|-weather|Sandstorm|[upkeep]
|-damage|p2a: Venusaur|268\/364|[from] sandstorm
|c|âNuB Central|god ur bad
|
|switch|p1a: Dig Dug|Excadrill, M, shiny|314\/361
|-damage|p1a: Dig Dug|303\/361|[from] Stealth Rock
|turn|26
|
|move|p1a: Dig Dug|Earthquake|p2a: Venusaur
|-damage|p2a: Venusaur|111\/364
|-damage|p1a: Dig Dug|267\/361|[from] item: Life Orb
|move|p2a: Venusaur|Giga Drain|p1a: Dig Dug
|-damage|p1a: Dig Dug|126\/361
|-heal|p2a: Venusaur|182\/364|[from] drain|[of] p1a: Dig Dug
|
|-weather|Sandstorm|[upkeep]
|-damage|p2a: Venusaur|160\/364|[from] sandstorm
|turn|27
|c|âNuB Central|give up on this game dude
|c|âNuB Central|pls
|c|âu got topor'ed|you sound like mob barley
|c|âu got topor'ed|epic noob
|
|move|p1a: Dig Dug|Earthquake|p2a: Venusaur
|-damage|p2a: Venusaur|0 fnt
|-damage|p1a: Dig Dug|90\/361|[from] item: Life Orb
|faint|p2a: Venusaur
|
|-weather|Sandstorm|[upkeep]
|c|âNuB Central|i beat u every time we play
|
|switch|p2a: Bisharp|Bisharp, M|272\/334
|-damage|p2a: Bisharp|252\/334|[from] Stealth Rock
|turn|28
|c|âNuB Central|ur so bad
|
|move|p2a: Bisharp|Sucker Punch|p1a: Dig Dug
|-damage|p1a: Dig Dug|0 fnt
|faint|p1a: Dig Dug
|
|-weather|Sandstorm|[upkeep]
|-heal|p2a: Bisharp|272\/334|[from] item: Leftovers
|c|âNuB Central|u run a bisharp with no speed..
|c|âNuB Central|ur terrible
|
|switch|p1a: Fairy Land|Clefable, F, shiny|312\/391
|turn|29
|-message|NuB Central forfeited.
|
|win|u got topor'ed
|raw|Ladder updating...
|leave|NuB Central
|player|p1
|raw|NuB Central's rating: 1760 &rarr; <strong>1744<\/strong><br \/>(-16 for losing)
|raw|u got topor&apos;ed's rating: 1832 &rarr; <strong>1848<\/strong><br \/>(+16 for winning)
|c|âu got topor'ed|owned loser