|join|lil manaphy
|join|Nub Central
|player|p1|lil manaphy|272
|player|p2|Nub Central|161
|gametype|singles
|gen|6
|tier|OU
|rated
|clearpoke
|poke|p1|Gardevoir, F, shiny
|poke|p1|Mandibuzz, F
|poke|p1|Heatran, M
|poke|p1|Landorus-Therian, M
|poke|p1|Keldeo
|poke|p1|Clefable, F
|poke|p2|Diggersby, M
|poke|p2|Thundurus, M
|poke|p2|Blastoise, M
|poke|p2|Togekiss, F, shiny
|poke|p2|Ferrothorn, M
|poke|p2|Conkeldurr, M, shiny
|rule|Sleep Clause Mod: Limit one foe put to sleep
|rule|Species Clause: Limit one of each Pokemon
|rule|OHKO Clause: OHKO moves are banned
|rule|Moody Clause: Moody is banned
|rule|Evasion Moves Clause: Evasion moves are banned
|rule|Endless Battle Clause: Forcing endless battles is banned.
|rule|HP Percentage Mod: HP is reported as percentages
|teampreview
|
|start
|switch|p1a: Misty day|Gardevoir, F, shiny|277\/277
|switch|p2a: ConkelDerp|Conkeldurr, M, shiny|361\/361
|-ability|p1a: Misty day|Guts|[from] ability: Trace|[of] p2a: ConkelDerp
|turn|1
|
|switch|p2a: Fairy Wings|Togekiss, F, shiny|371\/371
|-formechange|p1a: Misty day|Gardevoir-Mega
|message|Gardevoir has Mega Evolved into Mega Gardevoir!
|move|p1a: Misty day|Focus Blast|p2a: Fairy Wings
|-resisted|p2a: Fairy Wings
|-damage|p2a: Fairy Wings|344\/371
|-unboost|p2a: Fairy Wings|spd|1
|
|-heal|p2a: Fairy Wings|367\/371|[from] item: Leftovers
|turn|2
|
|move|p1a: Misty day|Taunt|p2a: Fairy Wings
|-start|p2a: Fairy Wings|move: Taunt
|cant|p2a: Fairy Wings|move: Taunt|Thunder Wave
|
|-heal|p2a: Fairy Wings|371\/371|[from] item: Leftovers
|turn|3
|chat|Nub Central|nb
|
|switch|p2a: Iron Veggies|Ferrothorn, M|352\/352
|move|p1a: Misty day|Hyper Voice|p2a: Iron Veggies
|-resisted|p2a: Iron Veggies
|-damage|p2a: Iron Veggies|240\/352
|
|turn|4
|
|move|p1a: Misty day|Focus Blast|p2a: Iron Veggies
|-supereffective|p2a: Iron Veggies
|-damage|p2a: Iron Veggies|0 fnt
|faint|p2a: Iron Veggies
|
|
|switch|p2a: Genie|Thundurus, M|299\/299
|turn|5
|
|move|p2a: Genie|Fly|p1a: Misty day|[still]
|-prepare|p2a: Genie|Fly|p1a: Misty day
|move|p1a: Misty day|Hyper Voice|p2a: Genie
|-miss|p1a: Misty day|p2a: Genie
|
|turn|6
|
|switch|p1a: Heatran|Heatran, M|386\/386
|move|p2a: Genie|Fly|p1a: Heatran
|-resisted|p1a: Heatran
|-damage|p1a: Heatran|309\/386
|-damage|p2a: Genie|270\/299|[from] item: Life Orb
|
|-heal|p1a: Heatran|333\/386|[from] item: Leftovers
|turn|7
|
|move|p2a: Genie|Knock Off|p1a: Heatran
|-damage|p1a: Heatran|217\/386
|-enditem|p1a: Heatran|Leftovers|[from] move: Knock Off|[of] p2a: Genie
|-damage|p2a: Genie|241\/299|[from] item: Life Orb
|move|p1a: Heatran|Lava Plume|p2a: Genie
|-crit|p2a: Genie
|-damage|p2a: Genie|10\/299
|
|turn|8
|
|switch|p2a: Turtle Club|Blastoise, M|345\/345
|move|p1a: Heatran|Lava Plume|p2a: Turtle Club
|-resisted|p2a: Turtle Club
|-damage|p2a: Turtle Club|290\/345
|
|turn|9
|join|The King in Yellow
|
|-formechange|p2a: Turtle Club|Blastoise-Mega
|message|Blastoise has Mega Evolved into Mega Blastoise!
|move|p2a: Turtle Club|Scald|p1a: Heatran
|-supereffective|p1a: Heatran
|-damage|p1a: Heatran|1\/386
|move|p1a: Heatran|Toxic|p2a: Turtle Club
|-status|p2a: Turtle Club|tox
|
|-damage|p2a: Turtle Club|269\/345 tox|[from] psn
|turn|10
|
|move|p1a: Heatran|Protect|p1a: Heatran
|-singleturn|p1a: Heatran|Protect
|move|p2a: Turtle Club|Scald|p1a: Heatran
|-activate|p1a: Heatran|Protect
|
|-damage|p2a: Turtle Club|227\/345 tox|[from] psn
|turn|11
|
|move|p1a: Heatran|Protect|p1a: Heatran
|-fail|p1a: Heatran
|move|p2a: Turtle Club|Scald|p1a: Heatran
|-crit|p1a: Heatran
|-supereffective|p1a: Heatran
|-damage|p1a: Heatran|0 fnt
|faint|p1a: Heatran
|
|-damage|p2a: Turtle Club|164\/345 tox|[from] psn
|
|switch|p1a: Misty day|Gardevoir, F, shiny|277\/277
|-formechange|p1a: Misty day|Gardevoir-Mega
|turn|12
|
|switch|p2a: Fairy Wings|Togekiss, F, shiny|371\/371
|move|p1a: Misty day|Hyper Voice|p2a: Fairy Wings
|-damage|p2a: Fairy Wings|212\/371
|
|-heal|p2a: Fairy Wings|235\/371|[from] item: Leftovers
|turn|13
|
|switch|p1a: Landorus-Therian|Landorus-Therian, M|382\/382
|-ability|p1a: Landorus-Therian|Intimidate|[of] p2a: Fairy Wings
|-unboost|p2a: Fairy Wings|atk|1
|move|p2a: Fairy Wings|Air Slash|p1a: Landorus-Therian
|-damage|p1a: Landorus-Therian|261\/382
|
|-heal|p1a: Landorus-Therian|284\/382|[from] item: Leftovers
|-heal|p2a: Fairy Wings|258\/371|[from] item: Leftovers
|turn|14
|
|switch|p2a: Genie|Thundurus, M|10\/299
|move|p1a: Landorus-Therian|Stealth Rock|p2a: Genie
|-sidestart|p2: Nub Central|move: Stealth Rock
|
|-heal|p1a: Landorus-Therian|307\/382|[from] item: Leftovers
|turn|15
|
|move|p2a: Genie|Hidden Power|p1a: Landorus-Therian
|-supereffective|p1a: Landorus-Therian
|-damage|p1a: Landorus-Therian|0 fnt
|-damage|p2a: Genie|0 fnt|[from] item: Life Orb
|faint|p1a: Landorus-Therian
|faint|p2a: Genie
|
|chat|lil manaphy|if you
|chat|lil manaphy|NO
|chat|lil manaphy|oh well
|chat|lil manaphy|but... awww
|
|switch|p1a: Misty day|Gardevoir, F, shiny|277\/277
|-formechange|p1a: Misty day|Gardevoir-Mega
|switch|p2a: Run Rabbit|Diggersby, M|311\/311
|-damage|p2a: Run Rabbit|292\/311|[from] Stealth Rock
|turn|16
|
|switch|p1a: Laveau|Mandibuzz, F|424\/424
|move|p2a: Run Rabbit|Return|p1a: Laveau
|-damage|p1a: Laveau|162\/424
|
|-heal|p1a: Laveau|188\/424|[from] item: Leftovers
|turn|17
|
|move|p2a: Run Rabbit|Return|p1a: Laveau
|-damage|p1a: Laveau|0 fnt
|faint|p1a: Laveau
|
|
|switch|p1a: Keldeo|Keldeo|323\/323
|turn|18
|
|switch|p2a: ConkelDerp|Conkeldurr, M, shiny|361\/361
|-damage|p2a: ConkelDerp|339\/361|[from] Stealth Rock
|move|p1a: Keldeo|Scald|p2a: ConkelDerp
|-damage|p2a: ConkelDerp|240\/361
|
|turn|19
|
|switch|p1a: chubs|Clefable, F|394\/394
|switch|p2a: Fairy Wings|Togekiss, F, shiny|258\/371
|-damage|p2a: Fairy Wings|166\/371|[from] Stealth Rock
|
|-heal|p2a: Fairy Wings|189\/371|[from] item: Leftovers
|turn|20
|
|move|p2a: Fairy Wings|Thunder Wave|p1a: chubs
|-status|p1a: chubs|par
|cant|p1a: chubs|par
|
|-heal|p2a: Fairy Wings|212\/371|[from] item: Leftovers
|turn|21
|
|switch|p1a: Misty day|Gardevoir, F, shiny|277\/277
|-formechange|p1a: Misty day|Gardevoir-Mega
|move|p2a: Fairy Wings|Roost|p2a: Fairy Wings
|-heal|p2a: Fairy Wings|371\/371
|
|turn|22
|
|move|p1a: Misty day|Psyshock|p2a: Fairy Wings
|-damage|p2a: Fairy Wings|190\/371
|move|p2a: Fairy Wings|Air Slash|p1a: Misty day
|-damage|p1a: Misty day|202\/277
|
|-heal|p2a: Fairy Wings|213\/371|[from] item: Leftovers
|turn|23
|
|move|p1a: Misty day|Taunt|p2a: Fairy Wings
|-start|p2a: Fairy Wings|move: Taunt
|move|p2a: Fairy Wings|Air Slash|p1a: Misty day
|-damage|p1a: Misty day|115\/277
|
|-heal|p2a: Fairy Wings|236\/371|[from] item: Leftovers
|turn|24
|
|switch|p2a: Turtle Club|Blastoise, M|164\/345 tox
|-formechange|p2a: Turtle Club|Blastoise-Mega
|-damage|p2a: Turtle Club|121\/345 tox|[from] Stealth Rock
|move|p1a: Misty day|Psyshock|p2a: Turtle Club
|-damage|p2a: Turtle Club|0 fnt
|faint|p2a: Turtle Club
|
|
|switch|p2a: Run Rabbit|Diggersby, M|292\/311
|-damage|p2a: Run Rabbit|273\/311|[from] Stealth Rock
|turn|25
|
|move|p2a: Run Rabbit|Quick Attack|p1a: Misty day
|-damage|p1a: Misty day|0 fnt
|faint|p1a: Misty day
|
|
|switch|p1a: Keldeo|Keldeo|323\/323
|turn|26
|
|switch|p2a: ConkelDerp|Conkeldurr, M, shiny|240\/361
|-damage|p2a: ConkelDerp|218\/361|[from] Stealth Rock
|move|p1a: Keldeo|Scald|p2a: ConkelDerp
|-damage|p2a: ConkelDerp|121\/361
|
|turn|27
|
|move|p1a: Keldeo|Secret Sword|p2a: ConkelDerp
|-damage|p2a: ConkelDerp|0 fnt
|faint|p2a: ConkelDerp
|
|
|switch|p2a: Fairy Wings|Togekiss, F, shiny|236\/371
|-damage|p2a: Fairy Wings|144\/371|[from] Stealth Rock
|turn|28
|
|move|p1a: Keldeo|Substitute|p1a: Keldeo
|-start|p1a: Keldeo|Substitute
|-damage|p1a: Keldeo|243\/323
|move|p2a: Fairy Wings|Thunder Wave|p1a: Keldeo
|
|-heal|p1a: Keldeo|263\/323|[from] item: Leftovers
|-heal|p2a: Fairy Wings|167\/371|[from] item: Leftovers
|turn|29
|
|move|p1a: Keldeo|Scald|p2a: Fairy Wings
|-crit|p2a: Fairy Wings
|-damage|p2a: Fairy Wings|31\/371
|-status|p2a: Fairy Wings|brn
|move|p2a: Fairy Wings|Roost|p2a: Fairy Wings
|-heal|p2a: Fairy Wings|217\/371 brn
|
|-heal|p1a: Keldeo|283\/323|[from] item: Leftovers
|-heal|p2a: Fairy Wings|240\/371 brn|[from] item: Leftovers
|-damage|p2a: Fairy Wings|194\/371 brn|[from] brn
|turn|30
|chat|Nub Central|nubbb
|
|move|p1a: Keldeo|Calm Mind|p1a: Keldeo
|-boost|p1a: Keldeo|spa|1
|-boost|p1a: Keldeo|spd|1
|move|p2a: Fairy Wings|Roost|p2a: Fairy Wings
|-heal|p2a: Fairy Wings|371\/371 brn
|
|-heal|p1a: Keldeo|303\/323|[from] item: Leftovers
|-damage|p2a: Fairy Wings|325\/371 brn|[from] brn
|turn|31
|chat|Nub Central|such nub
|chat|lil manaphy|sorry
|chat|lil manaphy|for the burn
|
|move|p1a: Keldeo|Scald|p2a: Fairy Wings
|-damage|p2a: Fairy Wings|193\/371 brn
|move|p2a: Fairy Wings|Air Slash|p1a: Keldeo
|-supereffective|p1a: Keldeo
|-end|p1a: Keldeo|Substitute
|
|-heal|p1a: Keldeo|323\/323|[from] item: Leftovers
|-heal|p2a: Fairy Wings|216\/371 brn|[from] item: Leftovers
|-damage|p2a: Fairy Wings|170\/371 brn|[from] brn
|turn|32
|
|move|p1a: Keldeo|Substitute|p1a: Keldeo
|-start|p1a: Keldeo|Substitute
|-damage|p1a: Keldeo|243\/323
|move|p2a: Fairy Wings|Air Slash|p1a: Keldeo
|-supereffective|p1a: Keldeo
|-end|p1a: Keldeo|Substitute
|
|-heal|p1a: Keldeo|263\/323|[from] item: Leftovers
|-heal|p2a: Fairy Wings|193\/371 brn|[from] item: Leftovers
|-damage|p2a: Fairy Wings|147\/371 brn|[from] brn
|turn|33
|
|move|p1a: Keldeo|Substitute|p1a: Keldeo
|-start|p1a: Keldeo|Substitute
|-damage|p1a: Keldeo|183\/323
|move|p2a: Fairy Wings|Air Slash|p1a: Keldeo
|-supereffective|p1a: Keldeo
|-end|p1a: Keldeo|Substitute
|
|-heal|p1a: Keldeo|203\/323|[from] item: Leftovers
|-heal|p2a: Fairy Wings|170\/371 brn|[from] item: Leftovers
|-damage|p2a: Fairy Wings|124\/371 brn|[from] brn
|turn|34
|
|move|p1a: Keldeo|Scald|p2a: Fairy Wings
|-damage|p2a: Fairy Wings|0 fnt
|faint|p2a: Fairy Wings
|
|-heal|p1a: Keldeo|223\/323|[from] item: Leftovers
|
|switch|p2a: Run Rabbit|Diggersby, M|273\/311
|-damage|p2a: Run Rabbit|254\/311|[from] Stealth Rock
|turn|35
|
|move|p2a: Run Rabbit|Quick Attack|p1a: Keldeo
|-damage|p1a: Keldeo|69\/323
|move|p1a: Keldeo|Secret Sword|p2a: Run Rabbit
|-supereffective|p2a: Run Rabbit
|-damage|p2a: Run Rabbit|0 fnt
|faint|p2a: Run Rabbit
|
|win|lil manaphy
|raw|Ladder updating...
|raw|lil manaphy's rating: 1922 &rarr; <strong>1931<\/strong><br \/>(+9 for winning)
|raw|Nub Central's rating: 1701 &rarr; <strong>1692<\/strong><br \/>(-9 for losing)