|join|NuB Central
|join|Hogback_fosh_men
|player|p1|NuB Central|161
|player|p2|Hogback_fosh_men|2
|gametype|singles
|gen|6
|tier|OU
|rated
|clearpoke
|poke|p1|Victini, shiny
|poke|p1|Gyarados, M
|poke|p1|Mew
|poke|p1|Landorus-Therian, M
|poke|p1|Latios, M
|poke|p1|Clefable, F, shiny
|poke|p2|Charizard, F
|poke|p2|Gengar, F, shiny
|poke|p2|Conkeldurr, F, shiny
|poke|p2|Ferrothorn, M
|poke|p2|Rotom-Wash
|poke|p2|Landorus-Therian, M
|rule|Swagger Clause: Swagger is banned
|rule|Baton Pass Clause: Limit one PokÃ©mon knowing Baton Pass
|rule|Sleep Clause Mod: Limit one foe put to sleep
|rule|Species Clause: Limit one of each PokÃ©mon
|rule|OHKO Clause: OHKO moves are banned
|rule|Moody Clause: Moody is banned
|rule|Evasion Moves Clause: Evasion moves are banned
|rule|Endless Battle Clause: Forcing endless battles is banned
|rule|HP Percentage Mod: HP is shown in percentages
|teampreview
|
|start
|switch|p1a: Pink Floyd|Clefable, F, shiny|391\/391
|switch|p2a: Rotom-Wash|Rotom-Wash|242\/242
|turn|1
|
|move|p2a: Rotom-Wash|Volt Switch|p1a: Pink Floyd
|-damage|p1a: Pink Floyd|265\/391
|
|switch|p2a: Nightmare|Gengar, F, shiny|262\/262
|move|p1a: Pink Floyd|Stealth Rock|p2a: Nightmare
|-sidestart|p2: Hogback_fosh_men|move: Stealth Rock
|
|turn|2
|
|move|p2a: Nightmare|Sludge Bomb|p1a: Pink Floyd
|-supereffective|p1a: Pink Floyd
|-damage|p1a: Pink Floyd|0 fnt
|faint|p1a: Pink Floyd
|
|
|switch|p1a: Cloud Runner|Landorus-Therian, M|319\/319
|-ability|p1a: Cloud Runner|Intimidate|[of] p2a: Nightmare
|-unboost|p2a: Nightmare|atk|1
|turn|3
|
|switch|p2a: Ferrothorn|Ferrothorn, M|352\/352
|-damage|p2a: Ferrothorn|330\/352|[from] Stealth Rock
|move|p1a: Cloud Runner|Knock Off|p2a: Ferrothorn
|-damage|p2a: Ferrothorn|239\/352
|-damage|p1a: Cloud Runner|280\/319|[from] ability: Iron Barbs|[of] p2a: Ferrothorn
|-damage|p1a: Cloud Runner|227\/319|[from] item: Rocky Helmet|[of] p2a: Ferrothorn
|-enditem|p2a: Ferrothorn|Rocky Helmet|[from] move: Knock Off|[of] p1a: Cloud Runner
|
|turn|4
|
|switch|p1a: V for Vicious|Victini, shiny|345\/345
|move|p2a: Ferrothorn|Stealth Rock|p1a: V for Vicious
|-sidestart|p1: NuB Central|move: Stealth Rock
|
|turn|5
|
|switch|p2a: Rotom-Wash|Rotom-Wash|242\/242
|-damage|p2a: Rotom-Wash|212\/242|[from] Stealth Rock
|move|p1a: V for Vicious|V-create|p2a: Rotom-Wash
|-resisted|p2a: Rotom-Wash
|-damage|p2a: Rotom-Wash|62\/242
|-unboost|p1a: V for Vicious|def|1
|-unboost|p1a: V for Vicious|spd|1
|-unboost|p1a: V for Vicious|spe|1
|
|turn|6
|
|switch|p1a: Meta Troll|Mew|404\/404
|-damage|p1a: Meta Troll|354\/404|[from] Stealth Rock
|move|p2a: Rotom-Wash|Volt Switch|p1a: Meta Troll
|-damage|p1a: Meta Troll|261\/404
|
|switch|p2a: Nightmare|Gengar, F, shiny|262\/262
|-damage|p2a: Nightmare|230\/262|[from] Stealth Rock
|
|-heal|p1a: Meta Troll|286\/404|[from] item: Leftovers
|turn|7
|
|move|p2a: Nightmare|Shadow Ball|p1a: Meta Troll
|-crit|p1a: Meta Troll
|-supereffective|p1a: Meta Troll
|-damage|p1a: Meta Troll|0 fnt
|faint|p1a: Meta Troll
|
|c|âNuB Central|mattered
|
|switch|p1a: Sinister Serpent|Gyarados, M|353\/353
|-damage|p1a: Sinister Serpent|265\/353|[from] Stealth Rock
|-ability|p1a: Sinister Serpent|Intimidate|[of] p2a: Nightmare
|-unboost|p2a: Nightmare|atk|1
|turn|8
|
|detailschange|p1a: Sinister Serpent|Gyarados-Mega, M
|message|Gyarados has Mega Evolved into Mega Gyarados!
|-ability|p1a: Sinister Serpent|Mold Breaker
|move|p2a: Nightmare|Shadow Ball|p1a: Sinister Serpent
|-resisted|p1a: Sinister Serpent
|-damage|p1a: Sinister Serpent|179\/353
|move|p1a: Sinister Serpent|Dragon Dance|p1a: Sinister Serpent
|-boost|p1a: Sinister Serpent|atk|1
|-boost|p1a: Sinister Serpent|spe|1
|
|turn|9
|c|âHogback_fosh_men|doubt it wouldve survive
|
|switch|p2a: Ferrothorn|Ferrothorn, M|239\/352
|-damage|p2a: Ferrothorn|217\/352|[from] Stealth Rock
|move|p1a: Sinister Serpent|Earthquake|p2a: Ferrothorn
|-damage|p2a: Ferrothorn|62\/352
|
|turn|10
|c|âNuB Central|ur specs
|c|âHogback_fosh_men|yep
|c|âNuB Central|did not figure
|
|move|p1a: Sinister Serpent|Earthquake|p2a: Ferrothorn
|-damage|p2a: Ferrothorn|0 fnt
|faint|p2a: Ferrothorn
|
|
|switch|p2a: Rotom-Wash|Rotom-Wash|62\/242
|-damage|p2a: Rotom-Wash|32\/242|[from] Stealth Rock
|turn|11
|
|move|p2a: Rotom-Wash|Volt Switch|p1a: Sinister Serpent
|-supereffective|p1a: Sinister Serpent
|-damage|p1a: Sinister Serpent|0 fnt
|faint|p1a: Sinister Serpent
|
|switch|p2a: Nightmare|Gengar, F, shiny|230\/262
|-damage|p2a: Nightmare|198\/262|[from] Stealth Rock
|
|c|âHogback_fosh_men|hm
|
|switch|p1a: Cloud Runner|Landorus-Therian, M|227\/319
|-damage|p1a: Cloud Runner|188\/319|[from] Stealth Rock
|-ability|p1a: Cloud Runner|Intimidate|[of] p2a: Nightmare
|-unboost|p2a: Nightmare|atk|1
|turn|12
|c|âHogback_fosh_men|i wonder if it wouldve survived non specd
|
|switch|p2a: Rotom-Wash|Rotom-Wash|32\/242
|-damage|p2a: Rotom-Wash|2\/242|[from] Stealth Rock
|move|p1a: Cloud Runner|Knock Off|p2a: Rotom-Wash
|-damage|p2a: Rotom-Wash|0 fnt
|-enditem|p2a: Rotom-Wash|Choice Scarf|[from] move: Knock Off|[of] p1a: Cloud Runner
|faint|p2a: Rotom-Wash
|
|
|switch|p2a: UncleRucus|Conkeldurr, F, shiny|401\/401
|-damage|p2a: UncleRucus|376\/401|[from] Stealth Rock
|turn|13
|
|move|p1a: Cloud Runner|Knock Off|p2a: UncleRucus
|-resisted|p2a: UncleRucus
|-damage|p2a: UncleRucus|307\/401
|-enditem|p2a: UncleRucus|Assault Vest|[from] move: Knock Off|[of] p1a: Cloud Runner
|move|p2a: UncleRucus|Ice Punch|p1a: Cloud Runner
|-supereffective|p1a: Cloud Runner
|-damage|p1a: Cloud Runner|0 fnt
|faint|p1a: Cloud Runner
|
|
|switch|p1a: Jet Blue|Latios, M|302\/302
|-damage|p1a: Jet Blue|265\/302|[from] Stealth Rock
|turn|14
|
|move|p1a: Jet Blue|Psyshock|p2a: UncleRucus
|-supereffective|p2a: UncleRucus
|-damage|p2a: UncleRucus|0 fnt
|-damage|p1a: Jet Blue|235\/302|[from] item: Life Orb
|faint|p2a: UncleRucus
|
|
|switch|p2a: MuscleKat|Landorus-Therian, M|320\/320
|-damage|p2a: MuscleKat|280\/320|[from] Stealth Rock
|-ability|p2a: MuscleKat|Intimidate|[of] p1a: Jet Blue
|-unboost|p1a: Jet Blue|atk|1
|turn|15
|
|move|p1a: Jet Blue|Draco Meteor|p2a: MuscleKat
|-crit|p2a: MuscleKat
|-damage|p2a: MuscleKat|0 fnt
|-unboost|p1a: Jet Blue|spa|2
|-damage|p1a: Jet Blue|205\/302|[from] item: Life Orb
|faint|p2a: MuscleKat
|
|
|switch|p2a: Nightmare|Gengar, F, shiny|198\/262
|-damage|p2a: Nightmare|166\/262|[from] Stealth Rock
|turn|16
|
|move|p2a: Nightmare|Shadow Ball|p1a: Jet Blue
|-supereffective|p1a: Jet Blue
|-damage|p1a: Jet Blue|0 fnt
|faint|p1a: Jet Blue
|
|c|âNuB Central|pfft wow
|
|switch|p1a: V for Vicious|Victini, shiny|345\/345
|-damage|p1a: V for Vicious|259\/345|[from] Stealth Rock
|turn|17
|
|move|p2a: Nightmare|Shadow Ball|p1a: V for Vicious
|-supereffective|p1a: V for Vicious
|-damage|p1a: V for Vicious|0 fnt
|faint|p1a: V for Vicious
|
|win|Hogback_fosh_men
|raw|Ladder updating...
|raw|NuB Central's rating: 1856 &rarr; <strong>1836<\/strong><br \/>(-20 for losing)
|raw|Hogback_fosh_men's rating: 1847 &rarr; <strong>1868<\/strong><br \/>(+21 for winning)
|c|âHogback_fosh_men|lol
|c|âHogback_fosh_men|gg
|c|âNuB Central|nah