|join|lt2x gr8astard
|join|Nub Central
|player|p1|lt2x gr8astard|101
|player|p2|Nub Central|161
|gametype|singles
|gen|6
|tier|OU
|rated
|clearpoke
|poke|p1|Crawdaunt, F
|poke|p1|Mamoswine, M
|poke|p1|Landorus-Therian, M
|poke|p1|Azumarill, M
|poke|p1|Gengar, M
|poke|p1|Manectric, F
|poke|p2|Hydreigon, M
|poke|p2|Amoonguss, M, shiny
|poke|p2|Heatran, M, shiny
|poke|p2|Azumarill, M
|poke|p2|Talonflame, M, shiny
|poke|p2|Blastoise, M
|rule|Swagger Clause: Swagger is banned
|rule|Baton Pass Clause: Limit one PokÃ©mon knowing Baton Pass
|rule|Sleep Clause Mod: Limit one foe put to sleep
|rule|Species Clause: Limit one of each PokÃ©mon
|rule|OHKO Clause: OHKO moves are banned
|rule|Moody Clause: Moody is banned
|rule|Evasion Moves Clause: Evasion moves are banned
|rule|Endless Battle Clause: Forcing endless battles is banned
|rule|HP Percentage Mod: HP is shown in percentages
|teampreview
|
|start
|switch|p1a: Mamoswine|Mamoswine, M|361\/361
|switch|p2a: Talonflame|Talonflame, M, shiny|297\/297
|turn|1
|
|move|p2a: Talonflame|U-turn|p1a: Mamoswine
|-damage|p1a: Mamoswine|242\/361
|
|switch|p2a: Shell Shock|Blastoise, M|335\/335
|move|p1a: Mamoswine|Stealth Rock|p2a: Shell Shock
|-sidestart|p2: Nub Central|move: Stealth Rock
|
|turn|2
|
|detailschange|p2a: Shell Shock|Blastoise-Mega, M
|message|Blastoise has Mega Evolved into Mega Blastoise!
|move|p1a: Mamoswine|Earthquake|p2a: Shell Shock
|-damage|p2a: Shell Shock|173\/335
|move|p2a: Shell Shock|Scald|p1a: Mamoswine
|-supereffective|p1a: Mamoswine
|-damage|p1a: Mamoswine|0 fnt
|faint|p1a: Mamoswine
|
|
|switch|p1a: Manectric|Manectric, F|281\/281
|turn|3
|
|switch|p2a: Hydreigon|Hydreigon, M|325\/325
|-damage|p2a: Hydreigon|285\/325|[from] Stealth Rock
|detailschange|p1a: Manectric|Manectric-Mega, F
|message|Manectric has Mega Evolved into Mega Manectric!
|-ability|p1a: Manectric|Intimidate|[of] p2a: Hydreigon
|-unboost|p2a: Hydreigon|atk|1
|move|p1a: Manectric|Volt Switch|p2a: Hydreigon
|-resisted|p2a: Hydreigon
|-damage|p2a: Hydreigon|222\/325
|
|switch|p1a: Landorus-Therian|Landorus-Therian, M|319\/319
|-ability|p1a: Landorus-Therian|Intimidate|[of] p2a: Hydreigon
|-unboost|p2a: Hydreigon|atk|1
|
|turn|4
|
|switch|p2a: Heatran|Heatran, M, shiny|386\/386
|-damage|p2a: Heatran|338\/386|[from] Stealth Rock
|move|p1a: Landorus-Therian|U-turn|p2a: Heatran
|-resisted|p2a: Heatran
|-damage|p2a: Heatran|315\/386
|
|switch|p1a: Crawdaunt|Crawdaunt, F|269\/269
|
|-heal|p2a: Heatran|339\/386|[from] item: Leftovers
|turn|5
|
|switch|p2a: Shell Shock|Blastoise-Mega, M|173\/335
|-damage|p2a: Shell Shock|132\/335|[from] Stealth Rock
|move|p1a: Crawdaunt|Crabhammer|p2a: Shell Shock
|-crit|p2a: Shell Shock
|-resisted|p2a: Shell Shock
|-damage|p2a: Shell Shock|0 fnt
|-damage|p1a: Crawdaunt|243\/269|[from] item: Life Orb
|faint|p2a: Shell Shock
|
|
|switch|p2a: Amoonguss|Amoonguss, M, shiny|432\/432
|-damage|p2a: Amoonguss|378\/432|[from] Stealth Rock
|turn|6
|
|move|p1a: Crawdaunt|Knock Off|p2a: Amoonguss
|-damage|p2a: Amoonguss|115\/432
|-enditem|p2a: Amoonguss|Black Sludge|[from] move: Knock Off|[of] p1a: Crawdaunt
|-damage|p1a: Crawdaunt|217\/269|[from] item: Life Orb
|move|p2a: Amoonguss|Spore|p1a: Crawdaunt
|-status|p1a: Crawdaunt|slp
|
|turn|7
|
|switch|p1a: Manectric|Manectric-Mega, F|281\/281
|-ability|p1a: Manectric|Intimidate|[of] p2a: Amoonguss
|-unboost|p2a: Amoonguss|atk|1
|move|p2a: Amoonguss|Foul Play|p1a: Manectric
|-damage|p1a: Manectric|213\/281
|
|turn|8
|
|move|p1a: Manectric|Volt Switch|p2a: Amoonguss
|-resisted|p2a: Amoonguss
|-damage|p2a: Amoonguss|43\/432
|
|switch|p1a: Gengar|Gengar, M|262\/262
|move|p2a: Amoonguss|Giga Drain|p1a: Gengar
|-crit|p1a: Gengar
|-resisted|p1a: Gengar
|-damage|p1a: Gengar|190\/262
|-heal|p2a: Amoonguss|79\/432|[from] drain|[of] p1a: Gengar
|
|turn|9
|
|switch|p2a: Heatran|Heatran, M, shiny|339\/386
|-damage|p2a: Heatran|291\/386|[from] Stealth Rock
|move|p1a: Gengar|Shadow Ball|p2a: Heatran
|-damage|p2a: Heatran|149\/386
|-damage|p1a: Gengar|164\/262|[from] item: Life Orb
|
|-heal|p2a: Heatran|173\/386|[from] item: Leftovers
|turn|10
|
|move|p1a: Gengar|Focus Blast|p2a: Heatran
|-supereffective|p2a: Heatran
|-damage|p2a: Heatran|0 fnt
|-damage|p1a: Gengar|138\/262|[from] item: Life Orb
|faint|p2a: Heatran
|
|
|switch|p2a: Azumarill|Azumarill, M|360\/360
|-damage|p2a: Azumarill|315\/360|[from] Stealth Rock
|turn|11
|
|move|p2a: Azumarill|Aqua Jet|p1a: Gengar
|-damage|p1a: Gengar|3\/262
|move|p1a: Gengar|Sludge Wave|p2a: Azumarill
|-supereffective|p2a: Azumarill
|-damage|p2a: Azumarill|0 fnt
|-damage|p1a: Gengar|0 fnt|[from] item: Life Orb
|faint|p2a: Azumarill
|faint|p1a: Gengar
|
|
|switch|p1a: Manectric|Manectric-Mega, F|213\/281
|switch|p2a: Amoonguss|Amoonguss, M, shiny|223\/432
|-damage|p2a: Amoonguss|169\/432|[from] Stealth Rock
|-ability|p1a: Manectric|Intimidate|[of] p2a: Amoonguss
|-unboost|p2a: Amoonguss|atk|1
|turn|12
|
|move|p1a: Manectric|Overheat|p2a: Amoonguss
|-supereffective|p2a: Amoonguss
|-damage|p2a: Amoonguss|0 fnt
|-unboost|p1a: Manectric|spa|2
|faint|p2a: Amoonguss
|
|-message|Nub Central forfeited.
|
|win|lt2x gr8astard
|raw|Ladder updating...
|raw|lt2x gr8astard's rating: 1886 &rarr; <strong>1903<\/strong><br \/>(+17 for winning)
|raw|Nub Central's rating: 1831 &rarr; <strong>1814<\/strong><br \/>(-17 for losing)
|leave|Nub Central
|player|p2
|leave|lt2x gr8astard
|player|p1
|join|lt2x gr8astard