|join|Reaper of Hearts
|join|NuB Central
|player|p1|Reaper of Hearts|65
|player|p2|NuB Central|161
|gametype|singles
|gen|6
|tier|OU
|rated
|clearpoke
|poke|p1|Bisharp, M
|poke|p1|Venusaur, M
|poke|p1|Heatran, F
|poke|p1|Keldeo
|poke|p1|Chansey, F
|poke|p1|Skarmory, M
|poke|p2|Diggersby, M, shiny
|poke|p2|Magnezone, shiny
|poke|p2|Gardevoir, F
|poke|p2|Terrakion, shiny
|poke|p2|Azumarill, M
|poke|p2|Mandibuzz, F, shiny
|rule|Swagger Clause: Swagger is banned
|rule|Baton Pass Clause: Limit one PokÃ©mon knowing Baton Pass
|rule|Sleep Clause Mod: Limit one foe put to sleep
|rule|Species Clause: Limit one of each PokÃ©mon
|rule|OHKO Clause: OHKO moves are banned
|rule|Moody Clause: Moody is banned
|rule|Evasion Moves Clause: Evasion moves are banned
|rule|Endless Battle Clause: Forcing endless battles is banned
|rule|HP Percentage Mod: HP is shown in percentages
|teampreview
|
|start
|switch|p1a: Venusaur|Venusaur, M|364\/364
|switch|p2a: Red Bull|Terrakion, shiny|323\/323
|turn|1
|
|detailschange|p1a: Venusaur|Venusaur-Mega, M
|message|Venusaur has Mega Evolved into Mega Venusaur!
|move|p2a: Red Bull|Stealth Rock|p1a: Venusaur
|-sidestart|p1: Reaper of Hearts|move: Stealth Rock
|move|p1a: Venusaur|Giga Drain|p2a: Red Bull
|-supereffective|p2a: Red Bull
|-damage|p2a: Red Bull|105\/323
|
|turn|2
|
|switch|p2a: Magneto|Magnezone, shiny|281\/281
|move|p1a: Venusaur|Giga Drain|p2a: Magneto
|-resisted|p2a: Magneto
|-damage|p2a: Magneto|226\/281
|
|turn|3
|
|move|p2a: Magneto|Volt Switch|p1a: Venusaur
|-resisted|p1a: Venusaur
|-damage|p1a: Venusaur|309\/364
|
|switch|p2a: Cosmo Queen|Gardevoir, F|277\/277
|-ability|p2a: Cosmo Queen|Thick Fat|[from] ability: Trace|[of] p1a: Venusaur
|move|p1a: Venusaur|Giga Drain|p2a: Cosmo Queen
|-damage|p2a: Cosmo Queen|180\/277
|-heal|p1a: Venusaur|358\/364|[from] drain|[of] p2a: Cosmo Queen
|
|turn|4
|
|detailschange|p2a: Cosmo Queen|Gardevoir-Mega, F
|message|Gardevoir has Mega Evolved into Mega Gardevoir!
|move|p2a: Cosmo Queen|Psyshock|p1a: Venusaur
|-supereffective|p1a: Venusaur
|-damage|p1a: Venusaur|148\/364
|move|p1a: Venusaur|Giga Drain|p2a: Cosmo Queen
|-crit|p2a: Cosmo Queen
|-damage|p2a: Cosmo Queen|57\/277
|-heal|p1a: Venusaur|210\/364|[from] drain|[of] p2a: Cosmo Queen
|
|turn|5
|
|switch|p1a: Chansey|Chansey, F|684\/684
|-damage|p1a: Chansey|599\/684|[from] Stealth Rock
|move|p2a: Cosmo Queen|Psyshock|p1a: Chansey
|-crit|p1a: Chansey
|-damage|p1a: Chansey|245\/684
|
|turn|6
|
|move|p2a: Cosmo Queen|Psyshock|p1a: Chansey
|-damage|p1a: Chansey|34\/684
|move|p1a: Chansey|Seismic Toss|p2a: Cosmo Queen
|-damage|p2a: Cosmo Queen|0 fnt
|faint|p2a: Cosmo Queen
|
|
|switch|p2a: Magneto|Magnezone, shiny|226\/281
|turn|7
|
|move|p2a: Magneto|Volt Switch|p1a: Chansey
|-damage|p1a: Chansey|0 fnt
|faint|p1a: Chansey
|
|switch|p2a: Bugs|Diggersby, M, shiny|311\/311
|
|
|switch|p1a: Heatran|Heatran, F|340\/340
|-damage|p1a: Heatran|298\/340|[from] Stealth Rock
|-item|p1a: Heatran|Air Balloon
|turn|8
|
|switch|p2a: Red Bull|Terrakion, shiny|105\/323
|move|p1a: Heatran|Fire Blast|p2a: Red Bull
|-resisted|p2a: Red Bull
|-damage|p2a: Red Bull|15\/323
|
|turn|9
|
|switch|p1a: Skarmory|Skarmory, M|334\/334
|-damage|p1a: Skarmory|293\/334|[from] Stealth Rock
|move|p2a: Red Bull|Close Combat|p1a: Skarmory
|-damage|p1a: Skarmory|151\/334
|-damage|p2a: Red Bull|0 fnt|[from] item: Rocky Helmet|[of] p1a: Skarmory
|faint|p2a: Red Bull
|
|
|switch|p2a: Magneto|Magnezone, shiny|226\/281
|turn|10
|
|move|p2a: Magneto|Volt Switch|p1a: Skarmory
|-supereffective|p1a: Skarmory
|-damage|p1a: Skarmory|0 fnt
|faint|p1a: Skarmory
|
|switch|p2a: Bugs|Diggersby, M, shiny|311\/311
|
|
|switch|p1a: Keldeo|Keldeo|323\/323
|-damage|p1a: Keldeo|303\/323|[from] Stealth Rock
|turn|11
|
|switch|p2a: Water Bomb|Azumarill, M|401\/401
|move|p1a: Keldeo|Scald|p2a: Water Bomb
|-resisted|p2a: Water Bomb
|-damage|p2a: Water Bomb|347\/401
|
|-heal|p1a: Keldeo|323\/323|[from] item: Leftovers
|turn|12
|
|switch|p2a: Bugs|Diggersby, M, shiny|311\/311
|move|p1a: Keldeo|Scald|p2a: Bugs
|-supereffective|p2a: Bugs
|-damage|p2a: Bugs|0 fnt
|faint|p2a: Bugs
|
|c|âNuB Central|omfg
|c|âNuB Central|u greedy moron
|c|âNuB Central|why the fuck are u so bad, u have a venusaur dipshit
|c|âNuB Central|this is why, everyone thinks ur garbage
|-message|NuB Central forfeited.
|
|win|Reaper of Hearts
|raw|Ladder updating...
|leave|NuB Central
|player|p2
|raw|Reaper of Hearts's rating: 1820 &rarr; <strong>1839<\/strong><br \/>(+19 for winning)
|raw|NuB Central's rating: 1804 &rarr; <strong>1784<\/strong><br \/>(-20 for losing)