|join|ubershithax
|join|NuB Central
|player|p1|ubershithax|92
|player|p2|NuB Central|161
|gametype|singles
|gen|6
|tier|OU
|rated
|clearpoke
|poke|p1|Hippowdon, M, shiny
|poke|p1|Excadrill, M
|poke|p1|Talonflame, M, shiny
|poke|p1|Rotom-Wash
|poke|p1|Latias, F, shiny
|poke|p1|Charizard, M, shiny
|poke|p2|Terrakion, shiny
|poke|p2|Scizor, M
|poke|p2|Manectric, M, shiny
|poke|p2|Landorus-Therian, M, shiny
|poke|p2|Latias, F, shiny
|poke|p2|Bisharp, M, shiny
|rule|Swagger Clause: Swagger is banned
|rule|Baton Pass Clause: Limit one PokÃ©mon knowing Baton Pass
|rule|Sleep Clause Mod: Limit one foe put to sleep
|rule|Species Clause: Limit one of each PokÃ©mon
|rule|OHKO Clause: OHKO moves are banned
|rule|Moody Clause: Moody is banned
|rule|Evasion Moves Clause: Evasion moves are banned
|rule|Endless Battle Clause: Forcing endless battles is banned
|rule|HP Percentage Mod: HP is shown in percentages
|teampreview
|
|start
|switch|p1a: Rotom-Wash|Rotom-Wash|303\/303
|switch|p2a: Scizor|Scizor, M|281\/281
|turn|1
|
|move|p2a: Scizor|U-turn|p1a: Rotom-Wash
|-damage|p1a: Rotom-Wash|162\/303
|
|switch|p2a: Latias|Latias, F, shiny|301\/301
|move|p1a: Rotom-Wash|Will-O-Wisp|p2a: Latias
|-status|p2a: Latias|brn
|
|-heal|p1a: Rotom-Wash|180\/303|[from] item: Leftovers
|-damage|p2a: Latias|264\/301 brn|[from] brn
|turn|2
|
|switch|p1a: Talonflame|Talonflame, M, shiny|359\/359
|move|p2a: Latias|Draco Meteor|p1a: Talonflame
|-damage|p1a: Talonflame|124\/359
|-unboost|p2a: Latias|spa|2
|-damage|p2a: Latias|234\/301 brn|[from] item: Life Orb
|
|-heal|p1a: Talonflame|146\/359|[from] item: Leftovers
|-damage|p2a: Latias|197\/301 brn|[from] brn
|turn|3
|
|switch|p2a: Terrakion|Terrakion, shiny|323\/323
|move|p1a: Talonflame|Will-O-Wisp|p2a: Terrakion
|-status|p2a: Terrakion|brn
|
|-heal|p1a: Talonflame|168\/359|[from] item: Leftovers
|-damage|p2a: Terrakion|283\/323 brn|[from] brn
|turn|4
|
|switch|p1a: Hippowdon|Hippowdon, M, shiny|420\/420
|-weather|Sandstorm
|move|p2a: Terrakion|Stealth Rock|p1a: Hippowdon
|-sidestart|p1: ubershithax|move: Stealth Rock
|
|-weather|Sandstorm|[upkeep]
|-damage|p2a: Terrakion|243\/323 brn|[from] brn
|turn|5
|
|switch|p2a: Scizor|Scizor, M|281\/281
|move|p1a: Hippowdon|Earthquake|p2a: Scizor
|-damage|p2a: Scizor|140\/281
|
|-weather|Sandstorm|[upkeep]
|turn|6
|
|move|p2a: Scizor|U-turn|p1a: Hippowdon
|-damage|p1a: Hippowdon|278\/420
|
|switch|p2a: Landorus-Therian|Landorus-Therian, M, shiny|319\/319
|-ability|p2a: Landorus-Therian|Intimidate|[of] p1a: Hippowdon
|-unboost|p1a: Hippowdon|atk|1
|move|p1a: Hippowdon|Stealth Rock|p2a: Landorus-Therian
|-sidestart|p2: NuB Central|move: Stealth Rock
|
|-weather|Sandstorm|[upkeep]
|turn|7
|
|move|p2a: Landorus-Therian|U-turn|p1a: Hippowdon
|-damage|p1a: Hippowdon|221\/420
|
|switch|p2a: Scizor|Scizor, M|140\/281
|-damage|p2a: Scizor|105\/281|[from] Stealth Rock
|move|p1a: Hippowdon|Slack Off|p1a: Hippowdon
|-heal|p1a: Hippowdon|420\/420
|
|-weather|Sandstorm|[upkeep]
|turn|8
|
|move|p2a: Scizor|U-turn|p1a: Hippowdon
|-damage|p1a: Hippowdon|282\/420
|
|switch|p2a: Latias|Latias, F, shiny|197\/301 brn
|-damage|p2a: Latias|160\/301 brn|[from] Stealth Rock
|move|p1a: Hippowdon|Toxic|p2a: Latias
|-fail|p2a: Latias
|
|-weather|Sandstorm|[upkeep]
|-damage|p2a: Latias|142\/301 brn|[from] sandstorm
|-damage|p2a: Latias|105\/301 brn|[from] brn
|turn|9
|
|switch|p1a: Excadrill|Excadrill, M|361\/361
|-damage|p1a: Excadrill|350\/361|[from] Stealth Rock
|move|p2a: Latias|Draco Meteor|p1a: Excadrill
|-resisted|p1a: Excadrill
|-damage|p1a: Excadrill|162\/361
|-unboost|p2a: Latias|spa|2
|-damage|p2a: Latias|75\/301 brn|[from] item: Life Orb
|
|-weather|Sandstorm|[upkeep]
|-damage|p2a: Latias|57\/301 brn|[from] sandstorm
|-damage|p2a: Latias|20\/301 brn|[from] brn
|turn|10
|
|switch|p2a: Landorus-Therian|Landorus-Therian, M, shiny|319\/319
|-damage|p2a: Landorus-Therian|280\/319|[from] Stealth Rock
|-ability|p2a: Landorus-Therian|Intimidate|[of] p1a: Excadrill
|-unboost|p1a: Excadrill|atk|1
|move|p1a: Excadrill|Rapid Spin|p2a: Landorus-Therian
|-damage|p2a: Landorus-Therian|254\/319
|-sideend|p1: ubershithax|Stealth Rock|[from] move: Rapid Spin|[of] p1a: Excadrill
|-damage|p1a: Excadrill|126\/361|[from] item: Life Orb
|
|-weather|Sandstorm|[upkeep]
|turn|11
|
|switch|p1a: Charizard|Charizard, M, shiny|321\/321
|move|p2a: Landorus-Therian|U-turn|p1a: Charizard
|-resisted|p1a: Charizard
|-damage|p1a: Charizard|295\/321
|
|switch|p2a: Manectric|Manectric, M, shiny|281\/281
|-damage|p2a: Manectric|246\/281|[from] Stealth Rock
|
|-weather|none
|turn|12
|
|detailschange|p2a: Manectric|Manectric-Mega, M, shiny
|message|Manectric has Mega Evolved into Mega Manectric!
|-ability|p2a: Manectric|Intimidate|[of] p1a: Charizard
|-unboost|p1a: Charizard|atk|1
|detailschange|p1a: Charizard|Charizard-Mega-X, M, shiny
|message|Charizard has Mega Evolved into Mega Charizard!
|move|p2a: Manectric|Volt Switch|p1a: Charizard
|-resisted|p1a: Charizard
|-damage|p1a: Charizard|219\/321
|
|switch|p2a: Latias|Latias, F, shiny|20\/301 brn
|-damage|p2a: Latias|0 fnt|[from] Stealth Rock
|faint|p2a: Latias
|move|p1a: Charizard|Dragon Dance|p1a: Charizard
|-boost|p1a: Charizard|atk|1
|-boost|p1a: Charizard|spe|1
|
|
|switch|p2a: Landorus-Therian|Landorus-Therian, M, shiny|254\/319
|-damage|p2a: Landorus-Therian|215\/319|[from] Stealth Rock
|-ability|p2a: Landorus-Therian|Intimidate|[of] p1a: Charizard
|-unboost|p1a: Charizard|atk|1
|turn|13
|
|move|p1a: Charizard|Flare Blitz|p2a: Landorus-Therian
|-damage|p2a: Landorus-Therian|29\/319
|-damage|p1a: Charizard|158\/321|[from] recoil|[of] p2a: Landorus-Therian
|move|p2a: Landorus-Therian|U-turn|p1a: Charizard
|-resisted|p1a: Charizard
|-damage|p1a: Charizard|118\/321
|
|switch|p2a: Bisharp|Bisharp, M, shiny|271\/271
|-damage|p2a: Bisharp|255\/271|[from] Stealth Rock
|
|turn|14
|
|move|p2a: Bisharp|Sucker Punch|p1a: Charizard
|-fail|p1a: Charizard
|move|p1a: Charizard|Roost|p1a: Charizard
|-heal|p1a: Charizard|279\/321
|
|turn|15
|
|switch|p2a: Manectric|Manectric-Mega, M, shiny|246\/281
|-damage|p2a: Manectric|211\/281|[from] Stealth Rock
|-ability|p2a: Manectric|Intimidate|[of] p1a: Charizard
|-unboost|p1a: Charizard|atk|1
|move|p1a: Charizard|Flare Blitz|p2a: Manectric
|-damage|p2a: Manectric|28\/281
|-status|p2a: Manectric|brn
|-damage|p1a: Charizard|219\/321|[from] recoil|[of] p2a: Manectric
|
|-damage|p2a: Manectric|0 fnt|[from] brn
|faint|p2a: Manectric
|c|âNuB Central|shitty noobs
|c|âNuB Central|i swear
|c|âubershithax|how?
|
|switch|p2a: Terrakion|Terrakion, shiny|243\/323 brn
|-damage|p2a: Terrakion|223\/323 brn|[from] Stealth Rock
|turn|16
|c|âNuB Central|u try sweeping at -1
|c|âubershithax|don't see many bad plays on my end
|c|âNuB Central|ur bad
|c|âubershithax|lol w\/e you say dude
|
|switch|p1a: Latias|Latias, F, shiny|319\/319
|move|p2a: Terrakion|Stone Edge|p1a: Latias
|-damage|p1a: Latias|217\/319
|
|-damage|p2a: Terrakion|183\/323 brn|[from] brn
|turn|17
|
|move|p1a: Latias|Draco Meteor|p2a: Terrakion
|-crit|p2a: Terrakion
|-damage|p2a: Terrakion|0 fnt
|-unboost|p1a: Latias|spa|2
|-damage|p1a: Latias|186\/319|[from] item: Life Orb
|faint|p2a: Terrakion
|
|
|switch|p2a: Bisharp|Bisharp, M, shiny|255\/271
|-damage|p2a: Bisharp|239\/271|[from] Stealth Rock
|turn|18
|
|move|p1a: Latias|Healing Wish|p1a: Latias
|faint|p1a: Latias
|move|p2a: Bisharp|Swords Dance|p2a: Bisharp
|-boost|p2a: Bisharp|atk|2
|
|
|switch|p1a: Hippowdon|Hippowdon, M, shiny|282\/420
|-heal|p1a: Hippowdon|420\/420|[from] move: Healing Wish
|-weather|Sandstorm
|turn|19
|
|move|p2a: Bisharp|Knock Off|p1a: Hippowdon
|-crit|p1a: Hippowdon
|-damage|p1a: Hippowdon|0 fnt
|-enditem|p1a: Hippowdon|Smooth Rock|[from] move: Knock Off|[of] p2a: Bisharp
|-damage|p2a: Bisharp|212\/271|[from] item: Life Orb
|faint|p1a: Hippowdon
|
|-weather|Sandstorm|[upkeep]
|
|switch|p1a: Talonflame|Talonflame, M, shiny|168\/359
|turn|20
|
|move|p1a: Talonflame|Will-O-Wisp|p2a: Bisharp
|-status|p2a: Bisharp|brn
|move|p2a: Bisharp|Swords Dance|p2a: Bisharp
|-boost|p2a: Bisharp|atk|2
|
|-weather|Sandstorm|[upkeep]
|-damage|p1a: Talonflame|146\/359|[from] sandstorm
|-heal|p1a: Talonflame|168\/359|[from] item: Leftovers
|-damage|p2a: Bisharp|179\/271 brn|[from] brn
|turn|21
|
|move|p1a: Talonflame|Brave Bird|p2a: Bisharp
|-resisted|p2a: Bisharp
|-damage|p2a: Bisharp|125\/271 brn
|-damage|p1a: Talonflame|150\/359|[from] recoil|[of] p2a: Bisharp
|move|p2a: Bisharp|Knock Off|p1a: Talonflame
|-damage|p1a: Talonflame|0 fnt
|-enditem|p1a: Talonflame|Leftovers|[from] move: Knock Off|[of] p2a: Bisharp
|-damage|p2a: Bisharp|98\/271 brn|[from] item: Life Orb
|faint|p1a: Talonflame
|
|-weather|Sandstorm|[upkeep]
|-damage|p2a: Bisharp|65\/271 brn|[from] brn
|
|switch|p1a: Excadrill|Excadrill, M|126\/361
|turn|22
|
|move|p1a: Excadrill|Earthquake|p2a: Bisharp
|-supereffective|p2a: Bisharp
|-damage|p2a: Bisharp|0 fnt
|-damage|p1a: Excadrill|90\/361|[from] item: Life Orb
|faint|p2a: Bisharp
|
|-weather|Sandstorm|[upkeep]
|
|switch|p2a: Scizor|Scizor, M|105\/281
|-damage|p2a: Scizor|70\/281|[from] Stealth Rock
|turn|23
|
|move|p2a: Scizor|Bullet Punch|p1a: Excadrill
|-resisted|p1a: Excadrill
|-damage|p1a: Excadrill|0 fnt
|faint|p1a: Excadrill
|
|-weather|Sandstorm|[upkeep]
|-message|NuB Central forfeited.
|
|win|ubershithax
|raw|Ladder updating...
|leave|NuB Central
|player|p2
|raw|Ladder (probably) updated, but score could not be retrieved (timeout).
|raw|Ladder (probably) updated, but score could not be retrieved (Error: socket hang up).