|join|Passa
|join|Nub Central
|player|p1|Passa|134
|player|p2|Nub Central|161
|gametype|singles
|gen|6
|tier|OU
|rated
|clearpoke
|poke|p1|Landorus, M
|poke|p1|Keldeo
|poke|p1|Mawile, F
|poke|p1|Excadrill, F
|poke|p1|Talonflame, F
|poke|p1|Chansey, F
|poke|p2|Gengar, M, shiny
|poke|p2|Bisharp, M, shiny
|poke|p2|Alakazam, M, shiny
|poke|p2|Azumarill, M
|poke|p2|Skarmory, M
|poke|p2|Conkeldurr, M, shiny
|rule|Swagger Clause: Swagger is banned
|rule|Baton Pass Clause: Limit one PokÃ©mon knowing Baton Pass
|rule|Sleep Clause Mod: Limit one foe put to sleep
|rule|Species Clause: Limit one of each PokÃ©mon
|rule|OHKO Clause: OHKO moves are banned
|rule|Moody Clause: Moody is banned
|rule|Evasion Moves Clause: Evasion moves are banned
|rule|Endless Battle Clause: Forcing endless battles is banned
|rule|HP Percentage Mod: HP is reported as percentages
|teampreview
|
|start
|switch|p1a: MLP|Keldeo|323\/323
|switch|p2a: Spook Show|Gengar, M, shiny|268\/268
|turn|1
|
|switch|p2a: Blooregard|Azumarill, M|345\/345
|switch|p1a: 666|Chansey, F|703\/703
|
|turn|2
|
|switch|p1a: Munchies|Mawile, F|303\/303
|-ability|p1a: Munchies|Intimidate|[of] p2a: Blooregard
|-unboost|p2a: Blooregard|atk|1
|switch|p2a: Spook Show|Gengar, M, shiny|268\/268
|
|turn|3
|
|switch|p1a: 666|Chansey, F|703\/703
|move|p2a: Spook Show|Will-O-Wisp|p1a: 666
|-status|p1a: 666|brn
|
|-damage|p1a: 666|616\/703 brn|[from] brn
|turn|4
|
|move|p2a: Spook Show|Taunt|p1a: 666
|-start|p1a: 666|move: Taunt
|cant|p1a: 666|move: Taunt|Stealth Rock
|
|-damage|p1a: 666|529\/703 brn|[from] brn
|turn|5
|
|switch|p1a: Nimbus|Landorus, M|319\/319
|move|p2a: Spook Show|Substitute|p2a: Spook Show
|-start|p2a: Spook Show|Substitute
|-damage|p2a: Spook Show|201\/268
|
|-heal|p2a: Spook Show|217\/268|[from] item: Black Sludge
|turn|6
|
|move|p2a: Spook Show|Shadow Ball|p1a: Nimbus
|-damage|p1a: Nimbus|130\/319
|move|p1a: Nimbus|Knock Off|p2a: Spook Show
|-supereffective|p2a: Spook Show
|-end|p2a: Spook Show|Substitute
|-damage|p1a: Nimbus|99\/319|[from] item: Life Orb
|
|-heal|p2a: Spook Show|233\/268|[from] item: Black Sludge
|turn|7
|
|move|p2a: Spook Show|Shadow Ball|p1a: Nimbus
|-damage|p1a: Nimbus|0 fnt
|faint|p1a: Nimbus
|
|-heal|p2a: Spook Show|249\/268|[from] item: Black Sludge
|
|switch|p1a: Gurren Laggan|Excadrill, F|361\/361
|-ability|p1a: Gurren Laggan|Mold Breaker
|turn|8
|
|switch|p2a: Iron Wings|Skarmory, M|334\/334
|move|p1a: Gurren Laggan|Earthquake|p2a: Iron Wings
|-immune|p2a: Iron Wings|[msg]
|
|turn|9
|
|switch|p1a: Munchies|Mawile, F|303\/303
|-ability|p1a: Munchies|Intimidate|[of] p2a: Iron Wings
|-unboost|p2a: Iron Wings|atk|1
|move|p2a: Iron Wings|Stealth Rock|p1a: Munchies
|-sidestart|p1: Passa|move: Stealth Rock
|
|turn|10
|
|-singleturn|p1a: Munchies|move: Focus Punch
|detailschange|p1a: Munchies|Mawile-Mega, F
|message|Mawile has Mega Evolved into Mega Mawile!
|move|p1a: Munchies|Focus Punch|p2a: Iron Wings
|-damage|p2a: Iron Wings|136\/334
|-damage|p1a: Munchies|253\/303|[from] item: Rocky Helmet|[of] p2a: Iron Wings
|move|p2a: Iron Wings|Whirlwind|p1a: Munchies
|drag|p1a: 420 Blaze It|Talonflame, F|305\/305
|-damage|p1a: 420 Blaze It|153\/305|[from] Stealth Rock
|
|turn|11
|
|move|p1a: 420 Blaze It|Flare Blitz|p2a: Iron Wings
|-supereffective|p2a: Iron Wings
|-damage|p2a: Iron Wings|0 fnt
|-damage|p1a: 420 Blaze It|103\/305|[from] item: Rocky Helmet|[of] p2a: Iron Wings
|-damage|p1a: 420 Blaze It|58\/305|[from] recoil|[of] p2a: Iron Wings
|faint|p2a: Iron Wings
|
|
|switch|p2a: Blooregard|Azumarill, M|345\/345
|turn|12
|
|switch|p1a: 666|Chansey, F|529\/703
|-damage|p1a: 666|442\/703|[from] Stealth Rock
|move|p2a: Blooregard|Aqua Jet|p1a: 666
|-damage|p1a: 666|330\/703
|
|turn|13
|
|move|p1a: 666|Soft-Boiled|p1a: 666
|-heal|p1a: 666|682\/703
|move|p2a: Blooregard|Knock Off|p1a: 666
|-damage|p1a: 666|503\/703
|-enditem|p1a: 666|Eviolite|[from] move: Knock Off|[of] p2a: Blooregard
|
|turn|14
|
|move|p1a: 666|Toxic|p2a: Blooregard
|-status|p2a: Blooregard|tox
|move|p2a: Blooregard|Play Rough|p1a: 666
|-damage|p1a: 666|121\/703
|
|-damage|p2a: Blooregard|324\/345 tox|[from] psn
|turn|15
|
|move|p1a: 666|Soft-Boiled|p1a: 666
|-heal|p1a: 666|473\/703
|move|p2a: Blooregard|Play Rough|p1a: 666
|-damage|p1a: 666|103\/703
|
|-damage|p2a: Blooregard|282\/345 tox|[from] psn
|turn|16
|
|switch|p2a: Spook Show|Gengar, M, shiny|249\/268
|move|p1a: 666|Stealth Rock|p2a: Spook Show
|-sidestart|p2: Nub Central|move: Stealth Rock
|
|-heal|p2a: Spook Show|265\/268|[from] item: Black Sludge
|turn|17
|
|move|p2a: Spook Show|Substitute|p2a: Spook Show
|-start|p2a: Spook Show|Substitute
|-damage|p2a: Spook Show|198\/268
|move|p1a: 666|Soft-Boiled|p1a: 666
|-heal|p1a: 666|455\/703
|
|-heal|p2a: Spook Show|214\/268|[from] item: Black Sludge
|turn|18
|
|switch|p1a: MLP|Keldeo|323\/323
|-damage|p1a: MLP|303\/323|[from] Stealth Rock
|move|p2a: Spook Show|Taunt|p1a: MLP
|-start|p1a: MLP|move: Taunt
|
|-heal|p2a: Spook Show|230\/268|[from] item: Black Sludge
|turn|19
|
|move|p2a: Spook Show|Will-O-Wisp|p1a: MLP
|-status|p1a: MLP|brn
|move|p1a: MLP|Scald|p2a: Spook Show
|-end|p2a: Spook Show|Substitute
|
|-heal|p2a: Spook Show|246\/268|[from] item: Black Sludge
|-damage|p1a: MLP|263\/323 brn|[from] brn
|turn|20
|
|move|p2a: Spook Show|Substitute|p2a: Spook Show
|-start|p2a: Spook Show|Substitute
|-damage|p2a: Spook Show|179\/268
|move|p1a: MLP|Scald|p2a: Spook Show
|-end|p2a: Spook Show|Substitute
|
|-heal|p2a: Spook Show|195\/268|[from] item: Black Sludge
|-damage|p1a: MLP|223\/323 brn|[from] brn
|turn|21
|
|switch|p2a: Blooregard|Azumarill, M|282\/345 tox
|-damage|p2a: Blooregard|239\/345 tox|[from] Stealth Rock
|move|p1a: MLP|Scald|p2a: Blooregard
|-resisted|p2a: Blooregard
|-damage|p2a: Blooregard|179\/345 tox
|
|-damage|p1a: MLP|183\/323 brn|[from] brn
|-damage|p2a: Blooregard|158\/345 tox|[from] psn
|-end|p1a: MLP|move: Taunt
|turn|22
|
|move|p1a: MLP|Scald|p2a: Blooregard
|-resisted|p2a: Blooregard
|-damage|p2a: Blooregard|93\/345 tox
|move|p2a: Blooregard|Waterfall|p1a: MLP
|-resisted|p1a: MLP
|-damage|p1a: MLP|95\/323 brn
|
|-damage|p1a: MLP|55\/323 brn|[from] brn
|-damage|p2a: Blooregard|51\/345 tox|[from] psn
|turn|23
|
|move|p2a: Blooregard|Aqua Jet|p1a: MLP
|-resisted|p1a: MLP
|-damage|p1a: MLP|7\/323 brn
|move|p1a: MLP|Scald|p2a: Blooregard
|-resisted|p2a: Blooregard
|-damage|p2a: Blooregard|0 fnt
|faint|p2a: Blooregard
|
|-damage|p1a: MLP|0 fnt|[from] brn
|faint|p1a: MLP
|
|switch|p1a: Gurren Laggan|Excadrill, F|361\/361
|-damage|p1a: Gurren Laggan|350\/361|[from] Stealth Rock
|switch|p2a: Brute Shot|Conkeldurr, M, shiny|361\/361
|-damage|p2a: Brute Shot|339\/361|[from] Stealth Rock
|-ability|p1a: Gurren Laggan|Mold Breaker
|turn|24
|
|switch|p1a: Munchies|Mawile-Mega, F|253\/303
|-damage|p1a: Munchies|235\/303|[from] Stealth Rock
|move|p2a: Brute Shot|Drain Punch|p1a: Munchies
|-damage|p1a: Munchies|108\/303
|-heal|p2a: Brute Shot|361\/361|[from] drain|[of] p1a: Munchies
|
|turn|25
|
|move|p2a: Brute Shot|Mach Punch|p1a: Munchies
|-damage|p1a: Munchies|36\/303
|move|p1a: Munchies|Play Rough|p2a: Brute Shot
|-supereffective|p2a: Brute Shot
|-damage|p2a: Brute Shot|0 fnt
|faint|p2a: Brute Shot
|
|
|switch|p2a: Spook Show|Gengar, M, shiny|195\/268
|-damage|p2a: Spook Show|162\/268|[from] Stealth Rock
|turn|26
|
|move|p2a: Spook Show|Shadow Ball|p1a: Munchies
|-damage|p1a: Munchies|0 fnt
|faint|p1a: Munchies
|
|-heal|p2a: Spook Show|178\/268|[from] item: Black Sludge
|
|switch|p1a: Gurren Laggan|Excadrill, F|350\/361
|-damage|p1a: Gurren Laggan|339\/361|[from] Stealth Rock
|-ability|p1a: Gurren Laggan|Mold Breaker
|turn|27
|
|move|p1a: Gurren Laggan|Earthquake|p2a: Spook Show
|-supereffective|p2a: Spook Show
|-damage|p2a: Spook Show|0 fnt
|faint|p2a: Spook Show
|
|
|switch|p2a: Scoops|Alakazam, M, shiny|252\/252
|turn|28
|
|switch|p1a: 666|Chansey, F|455\/703
|-damage|p1a: 666|368\/703|[from] Stealth Rock
|detailschange|p2a: Scoops|Alakazam-Mega, M, shiny
|message|Alakazam has Mega Evolved into Mega Alakazam!
|-ability|p2a: Scoops|Natural Cure|[from] ability: Trace|[of] p1a: 666
|move|p2a: Scoops|Focus Blast|p1a: 666
|-supereffective|p1a: 666
|-damage|p1a: 666|0 fnt
|faint|p1a: 666
|
|
|switch|p1a: Gurren Laggan|Excadrill, F|339\/361
|-damage|p1a: Gurren Laggan|328\/361|[from] Stealth Rock
|-ability|p1a: Gurren Laggan|Mold Breaker
|turn|29
|
|move|p1a: Gurren Laggan|Earthquake|p2a: Scoops
|-damage|p2a: Scoops|0 fnt
|faint|p2a: Scoops
|
|
|switch|p2a: Checkmate|Bisharp, M, shiny|271\/271
|-damage|p2a: Checkmate|255\/271|[from] Stealth Rock
|turn|30
|
|move|p2a: Checkmate|Sucker Punch|p1a: Gurren Laggan
|-damage|p1a: Gurren Laggan|24\/361
|-damage|p2a: Checkmate|228\/271|[from] item: Life Orb
|move|p1a: Gurren Laggan|Earthquake|p2a: Checkmate
|-supereffective|p2a: Checkmate
|-damage|p2a: Checkmate|0 fnt
|faint|p2a: Checkmate
|
|win|Passa
|raw|Ladder updating...
|raw|Passa's rating: 1478 &rarr; <strong>1500<\/strong><br \/>(+22 for winning)
|raw|Nub Central's rating: 1456 &rarr; <strong>1437<\/strong><br \/>(-19 for losing)
|chat|Passa|gg
|leave|Nub Central
|player|p2