|join|Updated Kanto
|join|NuB Central
|player|p1|Updated Kanto|#cpgtan
|player|p2|NuB Central|161
|gametype|singles
|gen|6
|tier|OU
|rated
|clearpoke
|poke|p1|Heatran, M
|poke|p1|Rotom-Wash
|poke|p1|Amoonguss, M
|poke|p1|Latias, F
|poke|p1|Lopunny, F
|poke|p1|Diggersby, F
|poke|p2|Garchomp, M
|poke|p2|Slowbro, M, shiny
|poke|p2|Amoonguss, M, shiny
|poke|p2|Empoleon, F
|poke|p2|Chansey, F
|poke|p2|Clefable, F, shiny
|rule|Swagger Clause: Swagger is banned
|rule|Baton Pass Clause: Limit one PokÃ©mon knowing Baton Pass
|rule|Sleep Clause Mod: Limit one foe put to sleep
|rule|Species Clause: Limit one of each PokÃ©mon
|rule|OHKO Clause: OHKO moves are banned
|rule|Moody Clause: Moody is banned
|rule|Evasion Moves Clause: Evasion moves are banned
|rule|Endless Battle Clause: Forcing endless battles is banned
|rule|HP Percentage Mod: HP is shown in percentages
|teampreview
|c|âUpdated Kanto|gl_hf
|
|start
|switch|p1a: bird counter W|Rotom-Wash|304\/304
|switch|p2a: Garchomp|Garchomp, M|420\/420
|turn|1
|
|switch|p2a: Empoleon|Empoleon, F|372\/372
|move|p1a: bird counter W|Will-O-Wisp|p2a: Empoleon
|-status|p2a: Empoleon|brn
|
|-damage|p2a: Empoleon|326\/372 brn|[from] brn
|turn|2
|
|move|p1a: bird counter W|Volt Switch|p2a: Empoleon
|-supereffective|p2a: Empoleon
|-damage|p2a: Empoleon|206\/372 brn
|
|switch|p1a: keldeo counter|Latias, F|320\/320
|move|p2a: Empoleon|Stealth Rock|p1a: keldeo counter
|-sidestart|p1: Updated Kanto|move: Stealth Rock
|
|-heal|p2a: Empoleon|229\/372 brn|[from] item: Leftovers
|-damage|p2a: Empoleon|183\/372 brn|[from] brn
|turn|3
|
|switch|p2a: Amoonguss|Amoonguss, M, shiny|432\/432
|move|p1a: keldeo counter|Defog|p2a: Amoonguss
|-unboost|p2a: Amoonguss|evasion|1
|-sideend|p1: Updated Kanto|Stealth Rock|[from] move: Defog|[of] p1a: keldeo counter
|
|turn|4
|
|switch|p1a: azu counter G|Amoonguss, M|432\/432
|switch|p2a: Garchomp|Garchomp, M|420\/420
|
|turn|5
|
|detailschange|p2a: Garchomp|Garchomp-Mega, M
|message|Garchomp has Mega Evolved into Mega Garchomp!
|move|p1a: azu counter G|Spore|p2a: Garchomp
|-status|p2a: Garchomp|slp
|cant|p2a: Garchomp|slp
|
|turn|6
|
|switch|p1a: lati counter F|Heatran, M|386\/386
|cant|p2a: Garchomp|slp
|move|p2a: Garchomp|Sleep Talk|p2a: Garchomp
|move|p2a: Garchomp|Dragon Tail|p1a: lati counter F|[from]Sleep Talk
|-resisted|p1a: lati counter F
|-damage|p1a: lati counter F|334\/386
|drag|p1a: Wall breaker 1: G|Lopunny, F|272\/272
|
|turn|7
|
|detailschange|p1a: Wall breaker 1: G|Lopunny-Mega, F
|message|Lopunny has Mega Evolved into Mega Lopunny!
|move|p1a: Wall breaker 1: G|High Jump Kick|p2a: Garchomp
|-damage|p2a: Garchomp|252\/420 slp
|cant|p2a: Garchomp|slp
|
|turn|8
|
|switch|p1a: azu counter G|Amoonguss, M|432\/432
|-curestatus|p2a: Garchomp|slp
|move|p2a: Garchomp|Rest|p2a: Garchomp
|-status|p2a: Garchomp|slp
|-heal|p2a: Garchomp|420\/420 slp|[silent]
|-status|p2a: Garchomp|slp|[from] move: Rest
|
|turn|9
|
|cant|p2a: Garchomp|slp
|move|p2a: Garchomp|Sleep Talk|p2a: Garchomp
|move|p2a: Garchomp|Dragon Tail|p1a: azu counter G|[from]Sleep Talk
|-damage|p1a: azu counter G|323\/432
|drag|p1a: Wall breaker 2: g|Diggersby, F|311\/311
|
|turn|10
|
|move|p1a: Wall breaker 2: g|Frustration|p2a: Garchomp
|-damage|p2a: Garchomp|233\/420 slp
|-damage|p1a: Wall breaker 2: g|280\/311|[from] item: Life Orb
|cant|p2a: Garchomp|slp
|move|p2a: Garchomp|Sleep Talk|p2a: Garchomp
|move|p2a: Garchomp|Rest|p2a: Garchomp|[from]Sleep Talk
|-fail|p2a: Garchomp
|
|turn|11
|
|switch|p2a: Slowbro|Slowbro, M, shiny|394\/394
|move|p1a: Wall breaker 2: g|Swords Dance|p1a: Wall breaker 2: g
|-boost|p1a: Wall breaker 2: g|atk|2
|
|turn|12
|
|move|p1a: Wall breaker 2: g|Frustration|p2a: Slowbro
|-damage|p2a: Slowbro|0 fnt
|-damage|p1a: Wall breaker 2: g|249\/311|[from] item: Life Orb
|faint|p2a: Slowbro
|
|
|switch|p2a: Clefable|Clefable, F, shiny|394\/394
|turn|13
|
|move|p1a: Wall breaker 2: g|Frustration|p2a: Clefable
|-damage|p2a: Clefable|121\/394
|-damage|p1a: Wall breaker 2: g|218\/311|[from] item: Life Orb
|move|p2a: Clefable|Wish|p2a: Clefable
|
|-heal|p2a: Clefable|145\/394|[from] item: Leftovers
|turn|14
|
|switch|p1a: lati counter F|Heatran, M|334\/386
|move|p2a: Clefable|Protect|p2a: Clefable
|-fail|p2a: Clefable
|
|-heal|p2a: Clefable|342\/394|[from] move: Wish|[wisher] Clefable
|-heal|p1a: lati counter F|358\/386|[from] item: Leftovers
|-heal|p2a: Clefable|366\/394|[from] item: Leftovers
|turn|15
|
|switch|p1a: keldeo counter|Latias, F|320\/320
|move|p2a: Clefable|Heal Bell|p2a: Clefable
|-cureteam|p2a: Clefable|[from] move: HealBell
|
|-heal|p2a: Clefable|390\/394|[from] item: Leftovers
|turn|16
|
|switch|p1a: azu counter G|Amoonguss, M|432\/432
|move|p2a: Clefable|Moonblast|p1a: azu counter G
|-resisted|p1a: azu counter G
|-damage|p1a: azu counter G|366\/432
|-unboost|p1a: azu counter G|spa|1
|
|-heal|p2a: Clefable|394\/394|[from] item: Leftovers
|-heal|p1a: azu counter G|393\/432|[from] item: Black Sludge
|turn|17
|
|move|p2a: Clefable|Wish|p2a: Clefable
|move|p1a: azu counter G|Spore|p2a: Clefable
|-status|p2a: Clefable|slp
|
|-heal|p1a: azu counter G|420\/432|[from] item: Black Sludge
|turn|18
|
|switch|p2a: Garchomp|Garchomp-Mega, M|233\/420
|switch|p1a: keldeo counter|Latias, F|320\/320
|
|-heal|p2a: Garchomp|420\/420|[from] move: Wish|[wisher] Clefable
|turn|19
|
|switch|p1a: Wall breaker 2: g|Diggersby, F|218\/311
|switch|p2a: Clefable|Clefable, F, shiny|394\/394 slp
|
|turn|20
|
|switch|p2a: Garchomp|Garchomp-Mega, M|420\/420
|move|p1a: Wall breaker 2: g|Frustration|p2a: Garchomp
|-damage|p2a: Garchomp|213\/420
|-damage|p1a: Wall breaker 2: g|187\/311|[from] item: Life Orb
|
|turn|21
|
|move|p1a: Wall breaker 2: g|Frustration|p2a: Garchomp
|-damage|p2a: Garchomp|0 fnt
|-damage|p1a: Wall breaker 2: g|156\/311|[from] item: Life Orb
|faint|p2a: Garchomp
|
|c|âNuB Central|cool rolls
|
|switch|p2a: Amoonguss|Amoonguss, M, shiny|432\/432
|turn|22
|
|switch|p1a: azu counter G|Amoonguss, M|432\/432
|move|p2a: Amoonguss|Giga Drain|p1a: azu counter G
|-resisted|p1a: azu counter G
|-damage|p1a: azu counter G|407\/432
|
|-heal|p1a: azu counter G|432\/432|[from] item: Black Sludge
|turn|23
|-message|NuB Central forfeited.
|
|win|Updated Kanto
|raw|Ladder updating...
|leave|NuB Central
|player|p2
|join|Afflicting Agony
|c| Afflicting Agony|AYY LMAO
|c| Afflicting Agony|kanto = god
|c| Afflicting Agony|ur epic
|join|chumped
|raw|Ladder (probably) updated, but score could not be retrieved (timeout).
|raw|Ladder (probably) updated, but score could not be retrieved (Error: socket hang up).
|leave|chumped
|join|HENRY
|leave|HENRY
|join|kektus
|leave|Updated Kanto
|player|p1
|join|Updated Kanto
|leave|Updated Kanto
|join|Updated Kanto
|leave|Updated Kanto
|join|WhyIsPuLadderSoBad
|leave|WhyIsPuLadderSoBad
|leave|kektus
|join|Updated Kanto