|join|dssdd
|join|Nub Central
|player|p1|dssdd|170
|player|p2|Nub Central|291
|gametype|singles
|gen|6
|tier|OU
|rated
|clearpoke
|poke|p1|Talonflame, M
|poke|p1|Rotom-Wash
|poke|p1|Mamoswine, F
|poke|p1|Heatran, F
|poke|p1|Latios, M
|poke|p1|Charizard, F
|poke|p2|Garchomp, M, shiny
|poke|p2|Sylveon, F
|poke|p2|Tyranitar, M
|poke|p2|Skarmory, F
|poke|p2|Heatran, M
|poke|p2|Conkeldurr, M, shiny
|rule|Sleep Clause Mod: Limit one foe put to sleep
|rule|Species Clause: Limit one of each Pokemon
|rule|OHKO Clause: OHKO moves are banned
|rule|Moody Clause: Moody is banned
|rule|Evasion Moves Clause: Evasion moves are banned
|rule|Endless Battle Clause: Forcing endless battles is banned.
|rule|HP Percentage Mod: HP is reported as percentages
|teampreview
|
|start
|switch|p1a: Charizard|Charizard, F|359\/359
|switch|p2a: Magma|Heatran, M|324\/324
|turn|1
|
|switch|p2a: Pink|Sylveon, F|394\/394
|-formechange|p1a: Charizard|Charizard-Mega-X
|message|Charizard has Mega Evolved into Mega Charizard!
|move|p1a: Charizard|Earthquake|p2a: Pink
|-damage|p2a: Pink|267\/394
|
|-heal|p2a: Pink|291\/394|[from] item: Leftovers
|turn|2
|
|switch|p2a: T Taar|Tyranitar, M|404\/404
|-weather|Sandstorm
|move|p1a: Charizard|Will-O-Wisp|p2a: T Taar
|-status|p2a: T Taar|brn
|
|-weather|Sandstorm|[upkeep]
|-damage|p1a: Charizard|337\/359|[from] sandstorm
|-damage|p2a: T Taar|354\/404 brn|[from] brn
|turn|3
|
|switch|p2a: Brutus|Conkeldurr, M, shiny|371\/371
|move|p1a: Charizard|Earthquake|p2a: Brutus
|-damage|p2a: Brutus|270\/371
|
|-weather|Sandstorm|[upkeep]
|-damage|p1a: Charizard|315\/359|[from] sandstorm
|-damage|p2a: Brutus|247\/371|[from] sandstorm
|turn|4
|
|move|p1a: Charizard|Flare Blitz|p2a: Brutus
|-damage|p2a: Brutus|21\/371
|-damage|p1a: Charizard|240\/359|[from] recoil|[of] p2a: Brutus
|move|p2a: Brutus|Drain Punch|p1a: Charizard
|-damage|p1a: Charizard|125\/359
|-heal|p2a: Brutus|79\/371|[from] drain|[of] p1a: Charizard
|
|-weather|Sandstorm|[upkeep]
|-damage|p1a: Charizard|103\/359|[from] sandstorm
|-damage|p2a: Brutus|56\/371|[from] sandstorm
|turn|5
|
|move|p1a: Charizard|Roost|p1a: Charizard
|-heal|p1a: Charizard|283\/359
|move|p2a: Brutus|Drain Punch|p1a: Charizard
|-damage|p1a: Charizard|169\/359
|-heal|p2a: Brutus|113\/371|[from] drain|[of] p1a: Charizard
|
|-weather|Sandstorm|[upkeep]
|-damage|p1a: Charizard|147\/359|[from] sandstorm
|-damage|p2a: Brutus|90\/371|[from] sandstorm
|turn|6
|join|hanzir zobbi
|
|move|p1a: Charizard|Earthquake|p2a: Brutus
|-damage|p2a: Brutus|0 fnt
|faint|p2a: Brutus
|
|-weather|Sandstorm|[upkeep]
|-damage|p1a: Charizard|125\/359|[from] sandstorm
|
|switch|p2a: Land Shark|Garchomp, M, shiny|358\/358
|turn|7
|
|switch|p1a: Rotom-Wash|Rotom-Wash|304\/304
|move|p2a: Land Shark|Stone Edge|p1a: Rotom-Wash
|-damage|p1a: Rotom-Wash|221\/304
|
|-weather|Sandstorm|[upkeep]
|-damage|p1a: Rotom-Wash|202\/304|[from] sandstorm
|turn|8
|
|switch|p2a: Pink|Sylveon, F|291\/394
|move|p1a: Rotom-Wash|Will-O-Wisp|p2a: Pink|[miss]
|-miss|p1a: Rotom-Wash|p2a: Pink
|
|-weather|Sandstorm|[upkeep]
|-damage|p1a: Rotom-Wash|183\/304|[from] sandstorm
|-damage|p2a: Pink|267\/394|[from] sandstorm
|-heal|p2a: Pink|291\/394|[from] item: Leftovers
|turn|9
|
|switch|p1a: Heatran|Heatran, F|386\/386
|move|p2a: Pink|Hyper Voice|p1a: Heatran
|-resisted|p1a: Heatran
|-damage|p1a: Heatran|360\/386
|
|-weather|none
|-heal|p1a: Heatran|384\/386|[from] item: Leftovers
|-heal|p2a: Pink|315\/394|[from] item: Leftovers
|turn|10
|
|move|p1a: Heatran|Stealth Rock|p2a: Pink
|-sidestart|p2: Nub Central|move: Stealth Rock
|move|p2a: Pink|Heal Bell|p2a: Pink
|-cureteam|p2a: Pink|[from] move: HealBell
|
|-heal|p1a: Heatran|386\/386|[from] item: Leftovers
|-heal|p2a: Pink|339\/394|[from] item: Leftovers
|turn|11
|
|switch|p1a: Mamoswine|Mamoswine, F|361\/361
|switch|p2a: Magma|Heatran, M|324\/324
|-damage|p2a: Magma|284\/324|[from] Stealth Rock
|
|turn|12
|
|switch|p2a: Iron Wings|Skarmory, F|334\/334
|-damage|p2a: Iron Wings|293\/334|[from] Stealth Rock
|switch|p1a: Rotom-Wash|Rotom-Wash|183\/304
|
|turn|13
|
|move|p1a: Rotom-Wash|Will-O-Wisp|p2a: Iron Wings
|-status|p2a: Iron Wings|brn
|move|p2a: Iron Wings|Stealth Rock|p1a: Rotom-Wash
|-sidestart|p1: dssdd|move: Stealth Rock
|
|-damage|p2a: Iron Wings|252\/334 brn|[from] brn
|turn|14
|
|switch|p2a: Pink|Sylveon, F|339\/394
|-damage|p2a: Pink|290\/394|[from] Stealth Rock
|move|p1a: Rotom-Wash|Will-O-Wisp|p2a: Pink
|-status|p2a: Pink|brn
|
|-heal|p2a: Pink|314\/394 brn|[from] item: Leftovers
|-damage|p2a: Pink|265\/394 brn|[from] brn
|turn|15
|
|move|p1a: Rotom-Wash|Rest|p1a: Rotom-Wash
|-status|p1a: Rotom-Wash|slp
|-heal|p1a: Rotom-Wash|304\/304 slp|[silent]
|-status|p1a: Rotom-Wash|slp|[from] move: Rest
|-enditem|p1a: Rotom-Wash|Chesto Berry|[eat]
|-curestatus|p1a: Rotom-Wash|slp
|move|p2a: Pink|Heal Bell|p2a: Pink
|-cureteam|p2a: Pink|[from] move: HealBell
|
|-heal|p2a: Pink|289\/394|[from] item: Leftovers
|turn|16
|
|move|p1a: Rotom-Wash|Volt Switch|p2a: Pink
|-damage|p2a: Pink|237\/394
|
|switch|p1a: Heatran|Heatran, F|386\/386
|-damage|p1a: Heatran|338\/386|[from] Stealth Rock
|move|p2a: Pink|Wish|p2a: Pink
|
|-heal|p1a: Heatran|362\/386|[from] item: Leftovers
|-heal|p2a: Pink|261\/394|[from] item: Leftovers
|turn|17
|
|move|p2a: Pink|Protect|p2a: Pink
|-singleturn|p2a: Pink|Protect
|move|p1a: Heatran|Lava Plume|p2a: Pink
|-activate|p2a: Pink|Protect
|
|-heal|p2a: Pink|394\/394|[from] move: Wish|[wisher] Pink
|-heal|p1a: Heatran|386\/386|[from] item: Leftovers
|turn|18
|
|move|p1a: Heatran|Lava Plume|p2a: Pink
|-damage|p2a: Pink|322\/394
|move|p2a: Pink|Wish|p2a: Pink
|
|-heal|p2a: Pink|346\/394|[from] item: Leftovers
|turn|19
|
|switch|p2a: Magma|Heatran, M|284\/324
|-damage|p2a: Magma|244\/324|[from] Stealth Rock
|move|p1a: Heatran|Earth Power|p2a: Magma
|-supereffective|p2a: Magma
|-damage|p2a: Magma|0 fnt
|faint|p2a: Magma
|
|
|switch|p2a: Land Shark|Garchomp, M, shiny|358\/358
|-damage|p2a: Land Shark|336\/358|[from] Stealth Rock
|turn|20
|
|move|p2a: Land Shark|Swords Dance|p2a: Land Shark
|-boost|p2a: Land Shark|atk|2
|move|p1a: Heatran|Toxic|p2a: Land Shark
|-status|p2a: Land Shark|tox
|
|-damage|p2a: Land Shark|314\/358 tox|[from] psn
|turn|21
|chat|Nub Central|wow
|chat|Nub Central|fucking wow
|
|switch|p1a: Rotom-Wash|Rotom-Wash|304\/304
|-damage|p1a: Rotom-Wash|266\/304|[from] Stealth Rock
|move|p2a: Land Shark|Earthquake|p1a: Rotom-Wash
|-immune|p1a: Rotom-Wash|[msg]
|
|-damage|p2a: Land Shark|270\/358 tox|[from] psn
|turn|22
|
|move|p2a: Land Shark|Outrage|p1a: Rotom-Wash
|-damage|p1a: Rotom-Wash|0 fnt
|faint|p1a: Rotom-Wash
|
|-damage|p2a: Land Shark|204\/358 tox|[from] psn
|
|switch|p1a: Heatran|Heatran, F|386\/386
|-damage|p1a: Heatran|338\/386|[from] Stealth Rock
|turn|23
|
|-formechange|p2a: Land Shark|Garchomp-Mega
|message|Garchomp has Mega Evolved into Mega Garchomp!
|move|p2a: Land Shark|Outrage|p1a: Heatran
|-resisted|p1a: Heatran
|-damage|p1a: Heatran|82\/386
|move|p1a: Heatran|Lava Plume|p2a: Land Shark
|-resisted|p2a: Land Shark
|-damage|p2a: Land Shark|147\/358 tox
|
|-heal|p1a: Heatran|106\/386|[from] item: Leftovers
|-damage|p2a: Land Shark|59\/358 tox|[from] psn
|turn|24
|
|move|p2a: Land Shark|Outrage|p1a: Heatran
|-resisted|p1a: Heatran
|-damage|p1a: Heatran|0 fnt
|faint|p1a: Heatran
|
|-end|p2a: Land Shark|rampage
|-start|p2a: Land Shark|confusion
|-damage|p2a: Land Shark|0 fnt|[from] psn
|faint|p2a: Land Shark
|
|switch|p1a: Latios|Latios, M|302\/302
|-damage|p1a: Latios|265\/302|[from] Stealth Rock
|switch|p2a: Pink|Sylveon, F|346\/394
|-damage|p2a: Pink|297\/394|[from] Stealth Rock
|turn|25
|chat|dssdd|missplay
|chat|dssdd|:(
|
|move|p1a: Latios|Defog|p2a: Pink
|-unboost|p2a: Pink|evasion|1
|-sideend|p2: Nub Central|Stealth Rock|[from] move: Defog|[of] p2a: Pink
|-sideend|p1: dssdd|Stealth Rock|[from] move: Defog|[of] p1a: Latios
|move|p2a: Pink|Hyper Voice|p1a: Latios
|-supereffective|p1a: Latios
|-damage|p1a: Latios|0 fnt
|faint|p1a: Latios
|
|-heal|p2a: Pink|321\/394|[from] item: Leftovers
|
|switch|p1a: Mamoswine|Mamoswine, F|361\/361
|turn|26
|
|switch|p1a: Charizard|Charizard, F|125\/359
|-formechange|p1a: Charizard|Charizard-Mega-X
|switch|p2a: Iron Wings|Skarmory, F|252\/334
|
|turn|27
|
|move|p1a: Charizard|Roost|p1a: Charizard
|-heal|p1a: Charizard|305\/359
|move|p2a: Iron Wings|Stealth Rock|p1a: Charizard
|-sidestart|p1: dssdd|move: Stealth Rock
|
|turn|28
|
|move|p1a: Charizard|Will-O-Wisp|p2a: Iron Wings
|-status|p2a: Iron Wings|brn
|move|p2a: Iron Wings|Roost|p2a: Iron Wings
|-heal|p2a: Iron Wings|334\/334 brn
|
|-damage|p2a: Iron Wings|293\/334 brn|[from] brn
|turn|29
|
|switch|p2a: T Taar|Tyranitar, M|354\/404
|-weather|Sandstorm
|move|p1a: Charizard|Flare Blitz|p2a: T Taar
|-resisted|p2a: T Taar
|-damage|p2a: T Taar|240\/404
|-damage|p1a: Charizard|267\/359|[from] recoil|[of] p2a: T Taar
|
|-weather|Sandstorm|[upkeep]
|-damage|p1a: Charizard|245\/359|[from] sandstorm
|turn|30
|
|move|p1a: Charizard|Will-O-Wisp|p2a: T Taar
|-status|p2a: T Taar|brn
|move|p2a: T Taar|Rock Slide|p1a: Charizard
|-supereffective|p1a: Charizard
|-damage|p1a: Charizard|167\/359
|
|-weather|Sandstorm|[upkeep]
|-damage|p1a: Charizard|145\/359|[from] sandstorm
|-damage|p2a: T Taar|190\/404 brn|[from] brn
|turn|31
|
|switch|p2a: Pink|Sylveon, F|321\/394
|move|p1a: Charizard|Roost|p1a: Charizard
|-heal|p1a: Charizard|325\/359
|
|-weather|Sandstorm|[upkeep]
|-damage|p1a: Charizard|303\/359|[from] sandstorm
|-damage|p2a: Pink|297\/394|[from] sandstorm
|-heal|p2a: Pink|321\/394|[from] item: Leftovers
|turn|32
|
|move|p2a: Pink|Protect|p2a: Pink
|-singleturn|p2a: Pink|Protect
|move|p1a: Charizard|Flare Blitz|p2a: Pink
|-activate|p2a: Pink|Protect
|
|-weather|Sandstorm|[upkeep]
|-damage|p1a: Charizard|281\/359|[from] sandstorm
|-damage|p2a: Pink|297\/394|[from] sandstorm
|-heal|p2a: Pink|321\/394|[from] item: Leftovers
|turn|33
|
|move|p1a: Charizard|Flare Blitz|p2a: Pink
|-damage|p2a: Pink|0 fnt
|-damage|p1a: Charizard|175\/359|[from] recoil|[of] p2a: Pink
|faint|p2a: Pink
|
|-weather|Sandstorm|[upkeep]
|-damage|p1a: Charizard|153\/359|[from] sandstorm
|chat|dssdd|gg
|chat|Nub Central|dont say it before its over
|chat|Nub Central|what do u think ur good
|
|switch|p2a: Iron Wings|Skarmory, F|293\/334 brn
|turn|34
|
|move|p1a: Charizard|Roost|p1a: Charizard
|-heal|p1a: Charizard|333\/359
|move|p2a: Iron Wings|Brave Bird|p1a: Charizard
|-damage|p1a: Charizard|288\/359
|-damage|p2a: Iron Wings|278\/334 brn|[from] recoil|[of] p1a: Charizard
|
|-weather|Sandstorm|[upkeep]
|-damage|p1a: Charizard|266\/359|[from] sandstorm
|-damage|p2a: Iron Wings|237\/334 brn|[from] brn
|turn|35
|chat|dssdd|yea
|chat|Nub Central|lmao
|chat|dssdd|guess i am good
|chat|Nub Central|where are u on the ladder
|chat|dssdd|1600
|chat|dssdd|i was already at 1800
|chat|Nub Central|ooooh
|chat|Nub Central|1800
|chat|dssdd|1815
|
|move|p1a: Charizard|Flare Blitz|p2a: Iron Wings
|-supereffective|p2a: Iron Wings
|-damage|p2a: Iron Wings|0 fnt
|-damage|p1a: Charizard|188\/359|[from] recoil|[of] p2a: Iron Wings
|-damage|p1a: Charizard|129\/359|[from] item: Rocky Helmet|[of] p2a: Iron Wings
|faint|p2a: Iron Wings
|
|-weather|Sandstorm|[upkeep]
|-damage|p1a: Charizard|107\/359|[from] sandstorm
|chat|dssdd|was my record
|chat|Nub Central|whoa ur reeallllly good
|
|switch|p2a: T Taar|Tyranitar, M|190\/404 brn
|turn|36
|chat|dssdd|i just started
|-message|Nub Central forfeited.
|
|win|dssdd
|raw|Ladder updating...
|leave|Nub Central
|player|p2
|raw|dssdd's rating: 1597 &rarr; <strong>1621<\/strong><br \/>(+24 for winning)
|raw|Nub Central's rating: 1665 &rarr; <strong>1641<\/strong><br \/>(-24 for losing)
|chat|dssdd|i play for 2 weeks now