|join|Nub Central
|join|vieille truie
|player|p1|Nub Central|291
|player|p2|vieille truie|162
|gametype|singles
|gen|6
|tier|OU
|rated
|clearpoke
|poke|p1|Garchomp, M, shiny
|poke|p1|Chansey, F
|poke|p1|Conkeldurr, M, shiny
|poke|p1|Hippowdon, M
|poke|p1|Rotom-Wash
|poke|p1|Togekiss, M
|poke|p2|Rotom-Wash
|poke|p2|Venusaur, M
|poke|p2|Heatran, M
|poke|p2|Scizor, M
|poke|p2|Latios, M
|poke|p2|Dragonite, M
|rule|Sleep Clause Mod: Limit one foe put to sleep
|rule|Species Clause: Limit one of each Pokemon
|rule|OHKO Clause: OHKO moves are banned
|rule|Moody Clause: Moody is banned
|rule|Evasion Moves Clause: Evasion moves are banned
|rule|Endless Battle Clause: Forcing endless battles is banned.
|rule|HP Percentage Mod: HP is reported as percentages
|teampreview
|
|start
|switch|p1a: Tide|Rotom-Wash|241\/241
|switch|p2a: Scizor|Scizor, M|344\/344
|turn|1
|
|switch|p2a: Heatran|Heatran, M|386\/386
|move|p1a: Tide|Volt Switch|p2a: Heatran
|-damage|p2a: Heatran|314\/386
|
|switch|p1a: Land Shark|Garchomp, M, shiny|358\/358
|
|-heal|p2a: Heatran|338\/386|[from] item: Leftovers
|turn|2
|
|switch|p2a: Rotom-Wash|Rotom-Wash|304\/304
|-formechange|p1a: Land Shark|Garchomp-Mega
|message|Garchomp has Mega Evolved into Mega Garchomp!
|move|p1a: Land Shark|Earthquake|p2a: Rotom-Wash
|-immune|p2a: Rotom-Wash|[msg]
|
|turn|3
|
|switch|p1a: Brutus|Conkeldurr, M, shiny|371\/371
|move|p2a: Rotom-Wash|Will-O-Wisp|p1a: Brutus
|-status|p1a: Brutus|brn
|
|-damage|p1a: Brutus|325\/371 brn|[from] brn
|turn|4
|
|move|p2a: Rotom-Wash|Volt Switch|p1a: Brutus
|-damage|p1a: Brutus|255\/371 brn
|
|switch|p2a: Venusaur|Venusaur, M|364\/364
|move|p1a: Brutus|Ice Punch|p2a: Venusaur
|-supereffective|p2a: Venusaur
|-damage|p2a: Venusaur|0 fnt
|faint|p2a: Venusaur
|
|-damage|p1a: Brutus|209\/371 brn|[from] brn
|chat|vieille truie|why do ppl always make these dumb ass predictions
|chat|Nub Central|dumb predictions
|chat|Nub Central|ur an idiot
|chat|vieille truie|this one was
|chat|vieille truie|yes
|chat|Nub Central|u didnt even mega evolve
|chat|Nub Central|who else wanted the knock off
|chat|vieille truie|its on the switch, dumb ass
|chat|vieille truie|i cant mega evolve
|chat|Nub Central|obviouly venusaur
|chat|Nub Central|ur bad shut up
|chat|Nub Central|dont make stupid plays and then cry
|chat|vieille truie|yeah no youre right. risking the ice punch on rotom wash is a good play
|
|switch|p2a: Latios|Latios, M|302\/302
|turn|5
|chat|Nub Central|why would you stay in
|chat|Nub Central|on an av conkeldurr
|chat|Nub Central|with rotom
|chat|vieille truie|hydro pump
|chat|Nub Central|why would u do that
|chat|vieille truie|does 35+
|chat|vieille truie|plus burn
|chat|Nub Central|i'd smashu apart with drain
|chat|Nub Central|i have guts bsted
|chat|Nub Central|??
|chat|vieille truie|defensive
|chat|Nub Central|i'd win man
|chat|Nub Central|holy shit its common sense ur gonna volt out
|chat|Nub Central|look at ur team
|chat|Nub Central|what else would have u done
|
|switch|p1a: Pink|Chansey, F|704\/704
|move|p2a: Latios|Psyshock|p1a: Pink
|-damage|p1a: Pink|356\/704
|
|turn|6
|
|move|p2a: Latios|Psyshock|p1a: Pink
|-damage|p1a: Pink|0 fnt
|faint|p1a: Pink
|
|chat|Nub Central|ur lucky chanseys ev's were messed up
|chat|Nub Central|thats a free F
|chat|Nub Central|free B
|
|switch|p1a: Hungry Hippo|Hippowdon, M|420\/420
|-weather|Sandstorm
|turn|7
|
|move|p2a: Latios|Surf|p1a: Hungry Hippo
|-supereffective|p1a: Hungry Hippo
|-damage|p1a: Hungry Hippo|58\/420
|move|p1a: Hungry Hippo|Stealth Rock|p2a: Latios
|-sidestart|p2: vieille truie|move: Stealth Rock
|
|-weather|Sandstorm|[upkeep]
|-damage|p2a: Latios|284\/302|[from] sandstorm
|turn|8
|
|move|p2a: Latios|Defog|p1a: Hungry Hippo
|-unboost|p1a: Hungry Hippo|evasion|1
|-sideend|p2: vieille truie|Stealth Rock|[from] move: Defog|[of] p2a: Latios
|move|p1a: Hungry Hippo|Slack Off|p1a: Hungry Hippo
|-heal|p1a: Hungry Hippo|268\/420
|
|-weather|Sandstorm|[upkeep]
|-damage|p2a: Latios|266\/302|[from] sandstorm
|turn|9
|
|switch|p1a: Tide|Rotom-Wash|241\/241
|move|p2a: Latios|Surf|p1a: Tide
|-resisted|p1a: Tide
|-damage|p1a: Tide|188\/241
|
|-weather|Sandstorm|[upkeep]
|-damage|p1a: Tide|173\/241|[from] sandstorm
|-damage|p2a: Latios|248\/302|[from] sandstorm
|turn|10
|
|move|p1a: Tide|Volt Switch|p2a: Latios
|-resisted|p2a: Latios
|-damage|p2a: Latios|196\/302
|
|switch|p1a: U<S<A|Togekiss, M|371\/371
|move|p2a: Latios|Dragon Pulse|p1a: U<S<A
|-immune|p1a: U<S<A|[msg]
|
|-weather|Sandstorm|[upkeep]
|-damage|p2a: Latios|178\/302|[from] sandstorm
|-damage|p1a: U<S<A|348\/371|[from] sandstorm
|turn|11
|
|switch|p2a: Rotom-Wash|Rotom-Wash|304\/304
|switch|p1a: Hungry Hippo|Hippowdon, M|268\/420
|
|-weather|Sandstorm|[upkeep]
|-damage|p2a: Rotom-Wash|285\/304|[from] sandstorm
|-heal|p2a: Rotom-Wash|304\/304|[from] item: Leftovers
|turn|12
|
|switch|p1a: Tide|Rotom-Wash|173\/241
|move|p2a: Rotom-Wash|Hydro Pump|p1a: Tide
|-resisted|p1a: Tide
|-damage|p1a: Tide|113\/241
|
|-weather|Sandstorm|[upkeep]
|-damage|p1a: Tide|98\/241|[from] sandstorm
|-damage|p2a: Rotom-Wash|285\/304|[from] sandstorm
|-heal|p2a: Rotom-Wash|304\/304|[from] item: Leftovers
|turn|13
|
|move|p1a: Tide|Trick|p2a: Rotom-Wash
|-activate|p1a: Tide|move: Trick|[of] p2a: Rotom-Wash
|-item|p2a: Rotom-Wash|Choice Scarf|[from] move: Trick
|-item|p1a: Tide|Leftovers|[from] move: Trick
|move|p2a: Rotom-Wash|Volt Switch|p1a: Tide
|-damage|p1a: Tide|20\/241
|
|switch|p2a: Latios|Latios, M|178\/302
|
|-weather|Sandstorm|[upkeep]
|-damage|p2a: Latios|160\/302|[from] sandstorm
|-damage|p1a: Tide|5\/241|[from] sandstorm
|-heal|p1a: Tide|20\/241|[from] item: Leftovers
|turn|14
|
|move|p2a: Latios|Surf|p1a: Tide
|-resisted|p1a: Tide
|-damage|p1a: Tide|0 fnt
|faint|p1a: Tide
|
|-weather|none
|
|switch|p1a: U<S<A|Togekiss, M|348\/371
|turn|15
|
|switch|p2a: Rotom-Wash|Rotom-Wash|304\/304
|move|p1a: U<S<A|Dazzling Gleam|p2a: Rotom-Wash
|-damage|p2a: Rotom-Wash|125\/304
|-damage|p1a: U<S<A|311\/371|[from] item: Life Orb
|
|turn|16
|
|move|p2a: Rotom-Wash|Hydro Pump|p1a: U<S<A|[miss]
|-miss|p2a: Rotom-Wash|p1a: U<S<A
|move|p1a: U<S<A|Dazzling Gleam|p2a: Rotom-Wash
|-damage|p2a: Rotom-Wash|0 fnt
|-damage|p1a: U<S<A|274\/371|[from] item: Life Orb
|faint|p2a: Rotom-Wash
|
|
|switch|p2a: Scizor|Scizor, M|344\/344
|turn|17
|
|switch|p1a: Hungry Hippo|Hippowdon, M|268\/420
|-weather|Sandstorm
|move|p2a: Scizor|Bullet Punch|p1a: Hungry Hippo
|-damage|p1a: Hungry Hippo|166\/420
|
|-weather|Sandstorm|[upkeep]
|turn|18
|
|switch|p2a: Latios|Latios, M|160\/302
|move|p1a: Hungry Hippo|Slack Off|p1a: Hungry Hippo
|-heal|p1a: Hungry Hippo|376\/420
|
|-weather|Sandstorm|[upkeep]
|-damage|p2a: Latios|142\/302|[from] sandstorm
|turn|19
|
|switch|p1a: Brutus|Conkeldurr, M, shiny|209\/371 brn
|move|p2a: Latios|Surf|p1a: Brutus
|-crit|p1a: Brutus
|-damage|p1a: Brutus|85\/371 brn
|
|-weather|Sandstorm|[upkeep]
|-damage|p2a: Latios|124\/302|[from] sandstorm
|-damage|p1a: Brutus|62\/371 brn|[from] sandstorm
|-damage|p1a: Brutus|16\/371 brn|[from] brn
|turn|20
|
|move|p1a: Brutus|Mach Punch|p2a: Latios
|-resisted|p2a: Latios
|-damage|p2a: Latios|45\/302
|move|p2a: Latios|Psyshock|p1a: Brutus
|-supereffective|p1a: Brutus
|-damage|p1a: Brutus|0 fnt
|faint|p1a: Brutus
|
|-weather|Sandstorm|[upkeep]
|-damage|p2a: Latios|27\/302|[from] sandstorm
|
|switch|p1a: Hungry Hippo|Hippowdon, M|376\/420
|turn|21
|
|move|p2a: Latios|Surf|p1a: Hungry Hippo
|-supereffective|p1a: Hungry Hippo
|-damage|p1a: Hungry Hippo|26\/420
|move|p1a: Hungry Hippo|Stealth Rock|p2a: Latios
|-sidestart|p2: vieille truie|move: Stealth Rock
|
|-weather|Sandstorm|[upkeep]
|-damage|p2a: Latios|9\/302|[from] sandstorm
|turn|22
|join|hanzir zobbi
|
|move|p2a: Latios|Psyshock|p1a: Hungry Hippo
|-damage|p1a: Hungry Hippo|0 fnt
|faint|p1a: Hungry Hippo
|
|-weather|Sandstorm|[upkeep]
|-damage|p2a: Latios|0 fnt|[from] sandstorm
|faint|p2a: Latios
|
|switch|p1a: Land Shark|Garchomp, M, shiny|358\/358
|-formechange|p1a: Land Shark|Garchomp-Mega
|switch|p2a: Scizor|Scizor, M|344\/344
|-damage|p2a: Scizor|301\/344|[from] Stealth Rock
|turn|23
|
|move|p1a: Land Shark|Earthquake|p2a: Scizor
|-damage|p2a: Scizor|16\/344
|move|p2a: Scizor|U-turn|p1a: Land Shark
|-damage|p1a: Land Shark|208\/358
|
|switch|p2a: Dragonite|Dragonite, M|324\/324
|-damage|p2a: Dragonite|243\/324|[from] Stealth Rock
|
|-weather|Sandstorm|[upkeep]
|-damage|p2a: Dragonite|223\/324|[from] sandstorm
|turn|24
|
|switch|p2a: Heatran|Heatran, M|338\/386
|-damage|p2a: Heatran|290\/386|[from] Stealth Rock
|move|p1a: Land Shark|Stone Edge|p2a: Heatran
|-damage|p2a: Heatran|117\/386
|
|-weather|none
|-heal|p2a: Heatran|141\/386|[from] item: Leftovers
|turn|25
|
|move|p1a: Land Shark|Earthquake|p2a: Heatran
|-supereffective|p2a: Heatran
|-damage|p2a: Heatran|0 fnt
|faint|p2a: Heatran
|
|
|switch|p2a: Dragonite|Dragonite, M|223\/324
|-damage|p2a: Dragonite|142\/324|[from] Stealth Rock
|turn|26
|
|move|p1a: Land Shark|Outrage|p2a: Dragonite
|-supereffective|p2a: Dragonite
|-damage|p2a: Dragonite|0 fnt
|faint|p2a: Dragonite
|
|-message|vieille truie forfeited.
|
|win|Nub Central
|raw|Ladder updating...
|raw|Nub Central's rating: 1661 &rarr; <strong>1683<\/strong><br \/>(+22 for winning)
|raw|vieille truie's rating: 1706 &rarr; <strong>1683<\/strong><br \/>(-23 for losing)
|leave|vieille truie
|player|p2
|leave|Nub Central
|player|p1
|leave|hanzir zobbi
|join|hanzir zobbi