|join|Monster 87
|join|rafifa4ever
|player|p1|Monster 87|101
|player|p2|rafifa4ever|192
|gametype|singles
|gen|6
|tier|OU
|rated
|clearpoke
|poke|p1|Garchomp, F
|poke|p1|Tyranitar, M
|poke|p1|Amoonguss, M
|poke|p1|Jirachi
|poke|p1|Keldeo
|poke|p1|Landorus-Therian, M
|poke|p2|Heatran, M
|poke|p2|Venusaur, M
|poke|p2|Azumarill, F
|poke|p2|Talonflame, M
|poke|p2|Landorus, M
|poke|p2|Latias, F
|rule|Swagger Clause: Swagger is banned
|rule|Baton Pass Clause: Limit one PokÃ©mon knowing Baton Pass
|rule|Sleep Clause Mod: Limit one foe put to sleep
|rule|Species Clause: Limit one of each PokÃ©mon
|rule|OHKO Clause: OHKO moves are banned
|rule|Moody Clause: Moody is banned
|rule|Evasion Moves Clause: Evasion moves are banned
|rule|Endless Battle Clause: Forcing endless battles is banned
|rule|HP Percentage Mod: HP is shown in percentages
|teampreview
|join|TachyonLord
|
|start
|switch|p1a: WCAS|Landorus-Therian, M|328\/328
|switch|p2a: Latias|Latias, F|319\/319
|-ability|p1a: WCAS|Intimidate|[of] p2a: Latias
|-unboost|p2a: Latias|atk|1
|turn|1
|c| TachyonLord|do you believe in love rafifa4ever?
|c|ârafifa4ever|lol
|
|switch|p2a: Venusaur|Venusaur, M|338\/338
|move|p1a: WCAS|U-turn|p2a: Venusaur
|-damage|p2a: Venusaur|242\/338
|c| TachyonLord|is that a no?
|c|ârafifa4ever|maybe
|
|switch|p1a: Jirachi Jirachi|Jirachi|404\/404
|
|turn|2
|c|ârafifa4ever|u stalking me?
|c| TachyonLord|no
|
|switch|p2a: Heatran|Heatran, M|386\/386
|move|p1a: Jirachi Jirachi|Stealth Rock|p2a: Heatran
|-sidestart|p2: rafifa4ever|move: Stealth Rock
|
|turn|3
|c| TachyonLord|I'm stalking monster 87
|c| TachyonLord|but I got bored of him
|
|switch|p1a: PlaneKiller|Tyranitar, M|341\/341
|-weather|Sandstorm
|move|p2a: Heatran|Stealth Rock|p1a: PlaneKiller
|-sidestart|p1: Monster 87|move: Stealth Rock
|
|-weather|Sandstorm|[upkeep]
|turn|4
|
|switch|p2a: Azumarill|Azumarill, F|402\/402
|-damage|p2a: Azumarill|352\/402|[from] Stealth Rock
|move|p1a: PlaneKiller|Stone Edge|p2a: Azumarill
|-damage|p2a: Azumarill|144\/402
|
|-weather|Sandstorm|[upkeep]
|-damage|p2a: Azumarill|119\/402|[from] sandstorm
|turn|5
|c| antoniotwo|don't trust him
|
|switch|p1a: Shrooms|Amoonguss, M|431\/431
|-damage|p1a: Shrooms|378\/431|[from] Stealth Rock
|move|p2a: Azumarill|Aqua Jet|p1a: Shrooms
|-resisted|p1a: Shrooms
|-damage|p1a: Shrooms|336\/431
|
|-weather|Sandstorm|[upkeep]
|-damage|p2a: Azumarill|94\/402|[from] sandstorm
|-damage|p1a: Shrooms|310\/431|[from] sandstorm
|-heal|p1a: Shrooms|336\/431|[from] item: Black Sludge
|turn|6
|c| antoniotwo|tachyonlord is a serial killer
|join|tachyonlord
|
|switch|p2a: Venusaur|Venusaur, M|242\/338
|-damage|p2a: Venusaur|200\/338|[from] Stealth Rock
|switch|p1a: G.B.T.F.B|Garchomp, F|357\/357
|-damage|p1a: G.B.T.F.B|335\/357|[from] Stealth Rock
|
|-weather|Sandstorm|[upkeep]
|-damage|p2a: Venusaur|179\/338|[from] sandstorm
|turn|7
|c| tachyonlord|hello?
|c| tachyonlord|wtf?
|c|ârafifa4ever|im a serial rapist though
|
|detailschange|p1a: G.B.T.F.B|Garchomp-Mega, F
|-mega|p1a: G.B.T.F.B|Garchomp|Garchompite
|detailschange|p2a: Venusaur|Venusaur-Mega, M
|-mega|p2a: Venusaur|Venusaur|Venusaurite
|move|p1a: G.B.T.F.B|Earthquake|p2a: Venusaur
|-damage|p2a: Venusaur|0 fnt
|faint|p2a: Venusaur
|
|-weather|none
|join|AlphaAtlas
|
|switch|p2a: Latias|Latias, F|319\/319
|-damage|p2a: Latias|280\/319|[from] Stealth Rock
|turn|8
|c| AlphaAtlas|same :)
|c| AlphaAtlas|I love  when they are under 10
|
|switch|p2a: Landorus|Landorus, M|319\/319
|-damage|p2a: Landorus|280\/319|[from] Stealth Rock
|move|p1a: G.B.T.F.B|Draco Meteor|p2a: Landorus
|-crit|p2a: Landorus
|-damage|p2a: Landorus|0 fnt
|-unboost|p1a: G.B.T.F.B|spa|2
|faint|p2a: Landorus
|
|c| AlphaAtlas|if she is 10 I'm 10
|c|ârafifa4ever|well
|c|âMonster 87|Ah, caught the double :]]
|c|ârafifa4ever|gg
|-message|rafifa4ever forfeited.
|
|win|Monster 87
|raw|Ladder updating...
|c| AlphaAtlas|if she is 6 I'm 6
|raw|Monster 87's rating: 1506 &rarr; <strong>1525<\/strong><br \/>(+19 for winning)
|raw|rafifa4ever's rating: 1501 &rarr; <strong>1481<\/strong><br \/>(-20 for losing)
|leave|rafifa4ever
|player|p2
|c| AlphaAtlas|gone