|join|purplebanditos
|join|Pomplemoose
|player|p1|purplebanditos|192
|player|p2|Pomplemoose|102
|gametype|singles
|gen|6
|tier|UU
|rated
|rule|Sleep Clause Mod: Limit one foe put to sleep
|rule|Species Clause: Limit one of each PokÃ©mon
|rule|OHKO Clause: OHKO moves are banned
|rule|Moody Clause: Moody is banned
|rule|Evasion Moves Clause: Evasion moves are banned
|rule|Endless Battle Clause: Forcing endless battles is banned
|rule|HP Percentage Mod: HP is shown in percentages
|clearpoke
|poke|p1|Diancie
|poke|p1|Vaporeon, F
|poke|p1|Zygarde
|poke|p1|Chesnaught, F
|poke|p1|Darmanitan, M
|poke|p1|Nidoqueen, F
|poke|p2|Entei, shiny
|poke|p2|Slowking, M
|poke|p2|Beedrill, M
|poke|p2|Donphan, M
|poke|p2|Hydreigon, F
|poke|p2|Jirachi, shiny
|rule|Swagger Clause: Swagger is banned
|rule|Baton Pass Clause: Limit one PokÃ©mon knowing Baton Pass
|teampreview
|
|start
|switch|p1a: Darmanitan|Darmanitan, M|351\/351
|switch|p2a: Donphan|Donphan, M|384\/384
|turn|1
|
|move|p1a: Darmanitan|U-turn|p2a: Donphan
|-damage|p2a: Donphan|317\/384
|
|switch|p1a: Chesnaught|Chesnaught, F|379\/379
|move|p2a: Donphan|Stealth Rock|p1a: Chesnaught
|-sidestart|p1: purplebanditos|move: Stealth Rock
|
|-heal|p2a: Donphan|341\/384|[from] item: Leftovers
|turn|2
|
|switch|p2a: Slowking|Slowking, M|394\/394
|move|p1a: Chesnaught|Leech Seed|p2a: Slowking
|-start|p2a: Slowking|move: Leech Seed
|
|-damage|p2a: Slowking|345\/394|[from] Leech Seed|[of] p1a: Chesnaught
|turn|3
|
|switch|p2a: Beedrill|Beedrill, M|271\/271
|move|p1a: Chesnaught|Spiky Shield|p1a: Chesnaught
|-fail|p1a: Chesnaught
|
|turn|4
|
|switch|p1a: Zygarde|Zygarde|405\/405
|-damage|p1a: Zygarde|380\/405|[from] Stealth Rock
|-ability|p1a: Zygarde|Aura Break
|detailschange|p2a: Beedrill|Beedrill-Mega, M
|message|Beedrill has Mega Evolved into Mega Beedrill!
|move|p2a: Beedrill|Swords Dance|p2a: Beedrill
|-boost|p2a: Beedrill|atk|2
|
|-heal|p1a: Zygarde|405\/405|[from] item: Leftovers
|turn|5
|
|move|p2a: Beedrill|U-turn|p1a: Zygarde
|-damage|p1a: Zygarde|81\/405
|
|switch|p2a: Slowking|Slowking, M|394\/394
|move|p1a: Zygarde|Dragon Tail|p2a: Slowking
|-damage|p2a: Slowking|312\/394
|drag|p2a: Jirachi|Jirachi, shiny|341\/341
|
|-heal|p1a: Zygarde|106\/405|[from] item: Leftovers
|turn|6
|
|move|p2a: Jirachi|Moonblast|p1a: Zygarde
|-supereffective|p1a: Zygarde
|-damage|p1a: Zygarde|0 fnt
|faint|p1a: Zygarde
|
|
|switch|p1a: Nidoqueen|Nidoqueen, F|353\/353
|-damage|p1a: Nidoqueen|331\/353|[from] Stealth Rock
|turn|7
|
|move|p2a: Jirachi|Psyshock|p1a: Nidoqueen
|-supereffective|p1a: Nidoqueen
|-damage|p1a: Nidoqueen|71\/353
|move|p1a: Nidoqueen|Sludge Wave|p2a: Jirachi
|-immune|p2a: Jirachi|[msg]
|
|turn|8
|
|move|p2a: Jirachi|Calm Mind|p2a: Jirachi
|-boost|p2a: Jirachi|spa|1
|-boost|p2a: Jirachi|spd|1
|move|p1a: Nidoqueen|Earth Power|p2a: Jirachi
|-supereffective|p2a: Jirachi
|-damage|p2a: Jirachi|58\/341
|
|-heal|p2a: Jirachi|79\/341|[from] item: Leftovers
|turn|9
|
|move|p2a: Jirachi|Psyshock|p1a: Nidoqueen
|-supereffective|p1a: Nidoqueen
|-damage|p1a: Nidoqueen|0 fnt
|faint|p1a: Nidoqueen
|
|-heal|p2a: Jirachi|100\/341|[from] item: Leftovers
|
|switch|p1a: Darmanitan|Darmanitan, M|351\/351
|-damage|p1a: Darmanitan|264\/351|[from] Stealth Rock
|turn|10
|
|switch|p2a: Slowking|Slowking, M|394\/394
|move|p1a: Darmanitan|Flare Blitz|p2a: Slowking
|-resisted|p2a: Slowking
|-damage|p2a: Slowking|197\/394
|-damage|p1a: Darmanitan|199\/351|[from] recoil|[of] p2a: Slowking
|
|turn|11
|
|switch|p2a: Jirachi|Jirachi, shiny|100\/341
|move|p1a: Darmanitan|Flare Blitz|p2a: Jirachi
|-supereffective|p2a: Jirachi
|-damage|p2a: Jirachi|0 fnt
|-damage|p1a: Darmanitan|166\/351|[from] recoil|[of] p2a: Jirachi
|faint|p2a: Jirachi
|
|
|switch|p2a: Hydreigon|Hydreigon, F|325\/325
|turn|12
|
|move|p1a: Darmanitan|Flare Blitz|p2a: Hydreigon
|-resisted|p2a: Hydreigon
|-damage|p2a: Hydreigon|164\/325
|-damage|p1a: Darmanitan|113\/351|[from] recoil|[of] p2a: Hydreigon
|move|p2a: Hydreigon|Dark Pulse|p1a: Darmanitan
|-damage|p1a: Darmanitan|0 fnt
|-damage|p2a: Hydreigon|132\/325|[from] item: Life Orb
|faint|p1a: Darmanitan
|
|
|switch|p1a: Diancie|Diancie|257\/257
|-damage|p1a: Diancie|225\/257|[from] Stealth Rock
|turn|13
|
|detailschange|p1a: Diancie|Diancie-Mega
|message|Diancie has Mega Evolved into Mega Diancie!
|move|p2a: Hydreigon|Iron Tail|p1a: Diancie
|-supereffective|p1a: Diancie
|-damage|p1a: Diancie|0 fnt
|-damage|p2a: Hydreigon|100\/325|[from] item: Life Orb
|faint|p1a: Diancie
|
|
|switch|p1a: Vaporeon|Vaporeon, F|463\/463
|-damage|p1a: Vaporeon|406\/463|[from] Stealth Rock
|turn|14
|
|move|p2a: Hydreigon|Draco Meteor|p1a: Vaporeon
|-damage|p1a: Vaporeon|114\/463
|-unboost|p2a: Hydreigon|spa|2
|-damage|p2a: Hydreigon|68\/325|[from] item: Life Orb
|move|p1a: Vaporeon|Wish|p1a: Vaporeon
|
|-heal|p1a: Vaporeon|142\/463|[from] item: Leftovers
|turn|15
|
|switch|p2a: Slowking|Slowking, M|328\/394
|move|p1a: Vaporeon|Protect|p1a: Vaporeon
|-fail|p1a: Vaporeon
|
|-heal|p1a: Vaporeon|373\/463|[from] move: Wish|[wisher] Vaporeon
|-heal|p1a: Vaporeon|401\/463|[from] item: Leftovers
|turn|16
|
|move|p1a: Vaporeon|Scald|p2a: Slowking
|-resisted|p2a: Slowking
|-damage|p2a: Slowking|297\/394
|move|p2a: Slowking|Scald|p1a: Vaporeon
|-heal|p1a: Vaporeon|463\/463|[from] ability: Water Absorb|[of] p2a: Slowking
|
|turn|17
|
|move|p1a: Vaporeon|Scald|p2a: Slowking
|-resisted|p2a: Slowking
|-damage|p2a: Slowking|263\/394
|move|p2a: Slowking|Psyshock|p1a: Vaporeon
|-damage|p1a: Vaporeon|345\/463
|
|-heal|p1a: Vaporeon|373\/463|[from] item: Leftovers
|turn|18
|
|move|p1a: Vaporeon|Scald|p2a: Slowking
|-resisted|p2a: Slowking
|-damage|p2a: Slowking|231\/394
|move|p2a: Slowking|Psyshock|p1a: Vaporeon
|-damage|p1a: Vaporeon|240\/463
|
|-heal|p1a: Vaporeon|268\/463|[from] item: Leftovers
|turn|19
|
|move|p1a: Vaporeon|Wish|p1a: Vaporeon
|move|p2a: Slowking|Psyshock|p1a: Vaporeon
|-damage|p1a: Vaporeon|142\/463
|
|-heal|p1a: Vaporeon|170\/463|[from] item: Leftovers
|turn|20
|
|move|p1a: Vaporeon|Protect|p1a: Vaporeon
|-singleturn|p1a: Vaporeon|Protect
|move|p2a: Slowking|Psyshock|p1a: Vaporeon
|-activate|p1a: Vaporeon|Protect
|
|-heal|p1a: Vaporeon|401\/463|[from] move: Wish|[wisher] Vaporeon
|-heal|p1a: Vaporeon|429\/463|[from] item: Leftovers
|turn|21
|
|move|p1a: Vaporeon|Scald|p2a: Slowking
|-resisted|p2a: Slowking
|-damage|p2a: Slowking|200\/394
|move|p2a: Slowking|Psyshock|p1a: Vaporeon
|-damage|p1a: Vaporeon|305\/463
|
|-heal|p1a: Vaporeon|333\/463|[from] item: Leftovers
|turn|22
|
|switch|p2a: Hydreigon|Hydreigon, F|68\/325
|move|p1a: Vaporeon|Wish|p1a: Vaporeon
|
|-heal|p1a: Vaporeon|361\/463|[from] item: Leftovers
|turn|23
|
|move|p2a: Hydreigon|Draco Meteor|p1a: Vaporeon
|-damage|p1a: Vaporeon|75\/463
|-unboost|p2a: Hydreigon|spa|2
|-damage|p2a: Hydreigon|36\/325|[from] item: Life Orb
|move|p1a: Vaporeon|Scald|p2a: Hydreigon
|-resisted|p2a: Hydreigon
|-damage|p2a: Hydreigon|0 fnt
|faint|p2a: Hydreigon
|
|-heal|p1a: Vaporeon|306\/463|[from] move: Wish|[wisher] Vaporeon
|-heal|p1a: Vaporeon|334\/463|[from] item: Leftovers
|
|switch|p2a: Beedrill|Beedrill-Mega, M|271\/271
|turn|24
|
|move|p2a: Beedrill|Swords Dance|p2a: Beedrill
|-boost|p2a: Beedrill|atk|2
|move|p1a: Vaporeon|Scald|p2a: Beedrill
|-damage|p2a: Beedrill|142\/271
|-status|p2a: Beedrill|brn
|
|-heal|p1a: Vaporeon|362\/463|[from] item: Leftovers
|-damage|p2a: Beedrill|109\/271 brn|[from] brn
|turn|25
|
|move|p2a: Beedrill|Knock Off|p1a: Vaporeon
|-damage|p1a: Vaporeon|215\/463
|-enditem|p1a: Vaporeon|Leftovers|[from] move: Knock Off|[of] p2a: Beedrill
|move|p1a: Vaporeon|Wish|p1a: Vaporeon
|
|-damage|p2a: Beedrill|76\/271 brn|[from] brn
|turn|26
|
|switch|p2a: Entei|Entei, shiny|372\/372
|-ability|p2a: Entei|Pressure
|move|p1a: Vaporeon|Scald|p2a: Entei
|-supereffective|p2a: Entei
|-damage|p2a: Entei|94\/372
|
|-heal|p1a: Vaporeon|446\/463|[from] move: Wish|[wisher] Vaporeon
|turn|27
|
|move|p2a: Entei|Sacred Fire|p1a: Vaporeon
|-resisted|p1a: Vaporeon
|-damage|p1a: Vaporeon|337\/463
|-status|p1a: Vaporeon|brn
|-damage|p2a: Entei|57\/372|[from] item: Life Orb
|move|p1a: Vaporeon|Scald|p2a: Entei
|-supereffective|p2a: Entei
|-damage|p2a: Entei|0 fnt
|faint|p2a: Entei
|
|-damage|p1a: Vaporeon|280\/463 brn|[from] brn
|
|switch|p2a: Beedrill|Beedrill-Mega, M|76\/271 brn
|turn|28
|c|âpurplebanditos|vaporeon sweep
|
|move|p2a: Beedrill|Poison Jab|p1a: Vaporeon
|-damage|p1a: Vaporeon|166\/463 brn
|move|p1a: Vaporeon|Heal Bell|p1a: Vaporeon
|-cureteam|p1a: Vaporeon|[from] move: HealBell
|
|-damage|p2a: Beedrill|43\/271 brn|[from] brn
|turn|29
|
|move|p2a: Beedrill|Poison Jab|p1a: Vaporeon
|-damage|p1a: Vaporeon|52\/463
|move|p1a: Vaporeon|Wish|p1a: Vaporeon
|
|-damage|p2a: Beedrill|10\/271 brn|[from] brn
|turn|30
|
|switch|p2a: Slowking|Slowking, M|331\/394
|move|p1a: Vaporeon|Protect|p1a: Vaporeon
|-fail|p1a: Vaporeon
|
|-heal|p1a: Vaporeon|283\/463|[from] move: Wish|[wisher] Vaporeon
|turn|31
|
|move|p1a: Vaporeon|Wish|p1a: Vaporeon
|move|p2a: Slowking|Psyshock|p1a: Vaporeon
|-damage|p1a: Vaporeon|165\/463
|
|turn|32
|
|move|p1a: Vaporeon|Protect|p1a: Vaporeon
|-singleturn|p1a: Vaporeon|Protect
|move|p2a: Slowking|Psyshock|p1a: Vaporeon
|-activate|p1a: Vaporeon|Protect
|
|-heal|p1a: Vaporeon|396\/463|[from] move: Wish|[wisher] Vaporeon
|turn|33
|
|move|p1a: Vaporeon|Scald|p2a: Slowking
|-crit|p2a: Slowking
|-resisted|p2a: Slowking
|-damage|p2a: Slowking|283\/394
|move|p2a: Slowking|Psyshock|p1a: Vaporeon
|-damage|p1a: Vaporeon|266\/463
|
|turn|34
|
|move|p1a: Vaporeon|Scald|p2a: Slowking
|-resisted|p2a: Slowking
|-damage|p2a: Slowking|250\/394
|-status|p2a: Slowking|brn
|move|p2a: Slowking|Fire Blast|p1a: Vaporeon
|-resisted|p1a: Vaporeon
|-damage|p1a: Vaporeon|200\/463
|
|-damage|p2a: Slowking|201\/394 brn|[from] brn
|turn|35
|
|switch|p2a: Donphan|Donphan, M|341\/384
|move|p1a: Vaporeon|Wish|p1a: Vaporeon
|
|-heal|p2a: Donphan|365\/384|[from] item: Leftovers
|turn|36
|
|move|p1a: Vaporeon|Protect|p1a: Vaporeon
|-singleturn|p1a: Vaporeon|Protect
|move|p2a: Donphan|Earthquake|p1a: Vaporeon
|-activate|p1a: Vaporeon|Protect
|
|-heal|p1a: Vaporeon|431\/463|[from] move: Wish|[wisher] Vaporeon
|-heal|p2a: Donphan|384\/384|[from] item: Leftovers
|turn|37
|
|move|p1a: Vaporeon|Scald|p2a: Donphan
|-supereffective|p2a: Donphan
|-damage|p2a: Donphan|58\/384
|-status|p2a: Donphan|brn
|move|p2a: Donphan|Earthquake|p1a: Vaporeon
|-damage|p1a: Vaporeon|361\/463
|
|-heal|p2a: Donphan|82\/384 brn|[from] item: Leftovers
|-damage|p2a: Donphan|34\/384 brn|[from] brn
|turn|38
|
|move|p1a: Vaporeon|Scald|p2a: Donphan
|-supereffective|p2a: Donphan
|-damage|p2a: Donphan|0 fnt
|faint|p2a: Donphan
|
|
|switch|p2a: Slowking|Slowking, M|332\/394 brn
|turn|39
|
|move|p1a: Vaporeon|Scald|p2a: Slowking
|-resisted|p2a: Slowking
|-damage|p2a: Slowking|299\/394 brn
|move|p2a: Slowking|Psyshock|p1a: Vaporeon
|-damage|p1a: Vaporeon|235\/463
|
|-damage|p2a: Slowking|250\/394 brn|[from] brn
|turn|40
|
|move|p1a: Vaporeon|Wish|p1a: Vaporeon
|move|p2a: Slowking|Psyshock|p1a: Vaporeon
|-damage|p1a: Vaporeon|100\/463
|
|-damage|p2a: Slowking|201\/394 brn|[from] brn
|turn|41
|
|move|p1a: Vaporeon|Protect|p1a: Vaporeon
|-singleturn|p1a: Vaporeon|Protect
|move|p2a: Slowking|Psyshock|p1a: Vaporeon
|-activate|p1a: Vaporeon|Protect
|
|-heal|p1a: Vaporeon|331\/463|[from] move: Wish|[wisher] Vaporeon
|-damage|p2a: Slowking|152\/394 brn|[from] brn
|turn|42
|-message|Pomplemoose forfeited.
|
|win|purplebanditos
|raw|Ladder updating...
|leave|Pomplemoose
|player|p2
|raw|purplebanditos's rating: 1370 &rarr; <strong>1383<\/strong><br \/>(+13 for winning)
|raw|Pomplemoose's rating: 1256 &rarr; <strong>1239<\/strong><br \/>(-17 for losing)