|join|Ryan House
|join|purplebanditos
|player|p1|Ryan House|110
|player|p2|purplebanditos|192
|gametype|singles
|gen|6
|tier|UU
|rated
|rule|Sleep Clause Mod: Limit one foe put to sleep
|rule|Species Clause: Limit one of each PokÃ©mon
|rule|OHKO Clause: OHKO moves are banned
|rule|Moody Clause: Moody is banned
|rule|Evasion Moves Clause: Evasion moves are banned
|rule|Endless Battle Clause: Forcing endless battles is banned
|rule|HP Percentage Mod: HP is shown in percentages
|clearpoke
|poke|p1|Vaporeon, M
|poke|p1|Infernape, M, shiny
|poke|p1|Crobat, F
|poke|p1|Aggron, M
|poke|p1|Alakazam, F
|poke|p1|Trevenant, F
|poke|p2|Toxicroak, F
|poke|p2|Absol, F
|poke|p2|Nidoqueen, F
|poke|p2|Florges, F
|poke|p2|Hydreigon, F
|poke|p2|Forretress, F
|rule|Swagger Clause: Swagger is banned
|rule|Baton Pass Clause: Limit one PokÃ©mon knowing Baton Pass
|teampreview
|
|start
|switch|p1a: Aggron|Aggron, M|344\/344
|switch|p2a: Nidoqueen|Nidoqueen, F|353\/353
|turn|1
|
|detailschange|p1a: Aggron|Aggron-Mega, M
|message|Aggron has Mega Evolved into Mega Aggron!
|move|p2a: Nidoqueen|Stealth Rock|p1a: Aggron
|-sidestart|p1: Ryan House|move: Stealth Rock
|move|p1a: Aggron|Earthquake|p2a: Nidoqueen
|-crit|p2a: Nidoqueen
|-supereffective|p2a: Nidoqueen
|-damage|p2a: Nidoqueen|0 fnt
|faint|p2a: Nidoqueen
|
|c|âpurplebanditos|what is your set
|c|âpurplebanditos|ev
|c|âpurplebanditos|pretty sure that mattered
|c|âpurplebanditos|nidoqueen is bulky
|c|âRyan House|maybe
|c|âRyan House|but hteres nothing i can do about it
|c|âRyan House|im sorry
|c|âpurplebanditos|252+ Atk Mega Aggron Earthquake vs. 128 HP \/ 0 Def Nidoqueen: 284-336 (80.4 - 95.1%) -- guaranteed 2HKO
|c|âpurplebanditos|its ok fren
|
|switch|p2a: Hydreigon|Hydreigon, F|325\/325
|turn|2
|
|move|p2a: Hydreigon|Dark Pulse|p1a: Aggron
|-damage|p1a: Aggron|170\/344
|move|p1a: Aggron|Thunder Wave|p2a: Hydreigon
|-status|p2a: Hydreigon|par
|
|turn|3
|c|âpurplebanditos|may i flinch you to death
|
|switch|p1a: Vaporeon|Vaporeon, M|464\/464
|-damage|p1a: Vaporeon|406\/464|[from] Stealth Rock
|cant|p2a: Hydreigon|par
|
|-heal|p1a: Vaporeon|435\/464|[from] item: Leftovers
|turn|4
|
|switch|p2a: Florges|Florges, F|359\/359
|move|p1a: Vaporeon|Wish|p1a: Vaporeon
|
|-heal|p1a: Vaporeon|464\/464|[from] item: Leftovers
|turn|5
|
|switch|p1a: Aggron|Aggron-Mega, M|170\/344
|-damage|p1a: Aggron|149\/344|[from] Stealth Rock
|move|p2a: Florges|Aromatherapy|p2a: Florges
|-cureteam|p2a: Florges|[from] move: Aromatherapy
|
|-heal|p1a: Aggron|344\/344|[from] move: Wish|[wisher] Vaporeon
|turn|6
|
|switch|p2a: Forretress|Forretress, F|353\/353
|move|p1a: Aggron|Thunder Wave|p2a: Forretress
|-status|p2a: Forretress|par
|
|turn|7
|
|switch|p1a: Crobat|Crobat, F|374\/374
|-damage|p1a: Crobat|281\/374|[from] Stealth Rock
|move|p2a: Forretress|Volt Switch|p1a: Crobat
|-supereffective|p1a: Crobat
|-damage|p1a: Crobat|189\/374
|
|switch|p2a: Hydreigon|Hydreigon, F|325\/325
|
|-heal|p1a: Crobat|212\/374|[from] item: Leftovers
|turn|8
|
|switch|p1a: Aggron|Aggron-Mega, M|344\/344
|-damage|p1a: Aggron|323\/344|[from] Stealth Rock
|move|p2a: Hydreigon|Draco Meteor|p1a: Aggron
|-resisted|p1a: Aggron
|-damage|p1a: Aggron|185\/344
|-unboost|p2a: Hydreigon|spa|2
|
|turn|9
|
|switch|p2a: Forretress|Forretress, F|353\/353 par
|switch|p1a: Crobat|Crobat, F|212\/374
|-damage|p1a: Crobat|119\/374|[from] Stealth Rock
|
|-heal|p1a: Crobat|142\/374|[from] item: Leftovers
|turn|10
|
|move|p1a: Crobat|Defog|p2a: Forretress
|-unboost|p2a: Forretress|evasion|1
|-sideend|p1: Ryan House|Stealth Rock|[from] move: Defog|[of] p1a: Crobat
|move|p2a: Forretress|Volt Switch|p1a: Crobat
|-supereffective|p1a: Crobat
|-damage|p1a: Crobat|46\/374
|
|switch|p2a: Hydreigon|Hydreigon, F|325\/325
|
|-heal|p1a: Crobat|69\/374|[from] item: Leftovers
|turn|11
|
|switch|p1a: Vaporeon|Vaporeon, M|464\/464
|move|p2a: Hydreigon|Dark Pulse|p1a: Vaporeon
|-damage|p1a: Vaporeon|326\/464
|
|-heal|p1a: Vaporeon|355\/464|[from] item: Leftovers
|turn|12
|
|move|p2a: Hydreigon|Dark Pulse|p1a: Vaporeon
|-damage|p1a: Vaporeon|219\/464
|move|p1a: Vaporeon|Scald|p2a: Hydreigon
|-resisted|p2a: Hydreigon
|-damage|p2a: Hydreigon|266\/325
|
|-heal|p1a: Vaporeon|248\/464|[from] item: Leftovers
|turn|13
|
|move|p2a: Hydreigon|Dark Pulse|p1a: Vaporeon
|-damage|p1a: Vaporeon|107\/464
|move|p1a: Vaporeon|Wish|p1a: Vaporeon
|
|-heal|p1a: Vaporeon|136\/464|[from] item: Leftovers
|turn|14
|
|move|p1a: Vaporeon|Protect|p1a: Vaporeon
|-singleturn|p1a: Vaporeon|Protect
|move|p2a: Hydreigon|Dark Pulse|p1a: Vaporeon
|-activate|p1a: Vaporeon|Protect
|
|-heal|p1a: Vaporeon|368\/464|[from] move: Wish|[wisher] Vaporeon
|-heal|p1a: Vaporeon|397\/464|[from] item: Leftovers
|turn|15
|
|switch|p2a: Toxicroak|Toxicroak, F|307\/307
|move|p1a: Vaporeon|Wish|p1a: Vaporeon
|
|-heal|p1a: Vaporeon|426\/464|[from] item: Leftovers
|turn|16
|
|switch|p1a: Infernape|Infernape, M, shiny|293\/293
|move|p2a: Toxicroak|Gunk Shot|p1a: Infernape
|-damage|p1a: Infernape|4\/293
|
|-heal|p1a: Infernape|236\/293|[from] move: Wish|[wisher] Vaporeon
|turn|17
|
|switch|p2a: Florges|Florges, F|359\/359
|move|p1a: Infernape|Flare Blitz|p2a: Florges
|-damage|p2a: Florges|91\/359
|-damage|p1a: Infernape|148\/293|[from] recoil|[of] p2a: Florges
|
|-heal|p2a: Florges|113\/359|[from] item: Leftovers
|turn|18
|
|move|p2a: Florges|Protect|p2a: Florges
|-singleturn|p2a: Florges|Protect
|move|p1a: Infernape|Flare Blitz|p2a: Florges
|-activate|p2a: Florges|Protect
|
|-heal|p2a: Florges|135\/359|[from] item: Leftovers
|turn|19
|
|switch|p2a: Forretress|Forretress, F|353\/353 par
|move|p1a: Infernape|Flare Blitz|p2a: Forretress
|-supereffective|p2a: Forretress
|-activate|p2a: Forretress|Sturdy
|-damage|p2a: Forretress|1\/353 par
|-damage|p1a: Infernape|32\/293|[from] recoil|[of] p2a: Forretress
|
|-heal|p2a: Forretress|23\/353 par|[from] item: Leftovers
|turn|20
|
|move|p1a: Infernape|Flare Blitz|p2a: Forretress
|-supereffective|p2a: Forretress
|-damage|p2a: Forretress|0 fnt
|-damage|p1a: Infernape|24\/293|[from] recoil|[of] p2a: Forretress
|faint|p2a: Forretress
|
|
|switch|p2a: Hydreigon|Hydreigon, F|266\/325
|turn|21
|
|switch|p1a: Vaporeon|Vaporeon, M|426\/464
|move|p2a: Hydreigon|Dark Pulse|p1a: Vaporeon
|-damage|p1a: Vaporeon|294\/464
|
|-heal|p1a: Vaporeon|323\/464|[from] item: Leftovers
|turn|22
|
|move|p2a: Hydreigon|Dark Pulse|p1a: Vaporeon
|-damage|p1a: Vaporeon|184\/464
|move|p1a: Vaporeon|Wish|p1a: Vaporeon
|
|-heal|p1a: Vaporeon|213\/464|[from] item: Leftovers
|turn|23
|
|move|p2a: Hydreigon|Dark Pulse|p1a: Vaporeon
|-damage|p1a: Vaporeon|84\/464
|move|p1a: Vaporeon|Scald|p2a: Hydreigon
|-resisted|p2a: Hydreigon
|-damage|p2a: Hydreigon|207\/325
|
|-heal|p1a: Vaporeon|316\/464|[from] move: Wish|[wisher] Vaporeon
|-heal|p1a: Vaporeon|345\/464|[from] item: Leftovers
|turn|24
|
|switch|p2a: Toxicroak|Toxicroak, F|307\/307
|move|p1a: Vaporeon|Wish|p1a: Vaporeon
|
|-heal|p1a: Vaporeon|374\/464|[from] item: Leftovers
|turn|25
|
|switch|p1a: Aggron|Aggron-Mega, M|185\/344
|move|p2a: Toxicroak|Gunk Shot|p1a: Aggron
|-immune|p1a: Aggron|[msg]
|
|-heal|p1a: Aggron|344\/344|[from] move: Wish|[wisher] Vaporeon
|turn|26
|c|âpurplebanditos|aah that crit
|c|âpurplebanditos|aggron is a check
|
|switch|p2a: Hydreigon|Hydreigon, F|207\/325
|move|p1a: Aggron|Stealth Rock|p2a: Hydreigon
|-sidestart|p2: purplebanditos|move: Stealth Rock
|
|turn|27
|
|move|p2a: Hydreigon|Dark Pulse|p1a: Aggron
|-damage|p1a: Aggron|181\/344
|move|p1a: Aggron|Heavy Slam|p2a: Hydreigon
|-damage|p2a: Hydreigon|77\/325
|
|turn|28
|
|move|p2a: Hydreigon|Dark Pulse|p1a: Aggron
|-damage|p1a: Aggron|31\/344
|move|p1a: Aggron|Heavy Slam|p2a: Hydreigon
|-damage|p2a: Hydreigon|0 fnt
|faint|p2a: Hydreigon
|
|
|switch|p2a: Toxicroak|Toxicroak, F|307\/307
|-damage|p2a: Toxicroak|288\/307|[from] Stealth Rock
|turn|29
|
|move|p2a: Toxicroak|Drain Punch|p1a: Aggron
|-supereffective|p1a: Aggron
|-damage|p1a: Aggron|0 fnt
|-heal|p2a: Toxicroak|304\/307|[from] drain|[of] p1a: Aggron
|faint|p1a: Aggron
|
|-heal|p2a: Toxicroak|307\/307|[from] item: Black Sludge
|c|âpurplebanditos|crobat is check to everyone
|c|âpurplebanditos|gg
|-message|purplebanditos forfeited.
|
|win|Ryan House
|raw|Ladder updating...
|leave|purplebanditos
|player|p2
|raw|Ryan House's rating: 1389 &rarr; <strong>1413<\/strong><br \/>(+24 for winning)
|raw|purplebanditos's rating: 1459 &rarr; <strong>1435<\/strong><br \/>(-24 for losing)
|c|âRyan House|gg