|join|Sweep
|join|purplebanditos
|player|p1|Sweep|1
|player|p2|purplebanditos|192
|gametype|singles
|gen|6
|tier|UU
|rated
|rule|Sleep Clause Mod: Limit one foe put to sleep
|rule|Species Clause: Limit one of each PokÃ©mon
|rule|OHKO Clause: OHKO moves are banned
|rule|Moody Clause: Moody is banned
|rule|Evasion Moves Clause: Evasion moves are banned
|rule|Endless Battle Clause: Forcing endless battles is banned
|rule|HP Percentage Mod: HP is shown in percentages
|clearpoke
|poke|p1|Yanmega, F
|poke|p1|Krookodile, F
|poke|p1|Blastoise, M
|poke|p1|Azelf
|poke|p1|Machamp, M
|poke|p1|Entei, shiny
|poke|p2|Beedrill, M
|poke|p2|Magneton
|poke|p2|Swampert, F
|poke|p2|Florges, F
|poke|p2|Crobat, F
|poke|p2|Rotom-Heat
|rule|Swagger Clause: Swagger is banned
|rule|Baton Pass Clause: Limit one PokÃ©mon knowing Baton Pass
|teampreview
|
|start
|switch|p1a: Azelf|Azelf|291\/291
|switch|p2a: Rotom-Heat|Rotom-Heat|303\/303
|turn|1
|
|move|p1a: Azelf|Stealth Rock|p2a: Rotom-Heat
|-sidestart|p2: purplebanditos|move: Stealth Rock
|move|p2a: Rotom-Heat|Volt Switch|p1a: Azelf
|-damage|p1a: Azelf|180\/291
|
|switch|p2a: Crobat|Crobat, F|373\/373
|-damage|p2a: Crobat|280\/373|[from] Stealth Rock
|
|-heal|p2a: Crobat|303\/373|[from] item: Black Sludge
|turn|2
|
|move|p2a: Crobat|Brave Bird|p1a: Azelf
|-damage|p1a: Azelf|0 fnt
|-damage|p2a: Crobat|244\/373|[from] recoil|[of] p1a: Azelf
|faint|p1a: Azelf
|
|-heal|p2a: Crobat|267\/373|[from] item: Black Sludge
|
|switch|p1a: Entei|Entei, shiny|371\/371
|-ability|p1a: Entei|Pressure
|turn|3
|
|move|p2a: Crobat|Defog|p1a: Entei
|-unboost|p1a: Entei|evasion|1
|-sideend|p2: purplebanditos|Stealth Rock|[from] move: Defog|[of] p2a: Crobat
|move|p1a: Entei|Sacred Fire|p2a: Crobat
|-damage|p2a: Crobat|30\/373
|-status|p2a: Crobat|brn
|
|-heal|p2a: Crobat|53\/373 brn|[from] item: Black Sludge
|-damage|p2a: Crobat|7\/373 brn|[from] brn
|turn|4
|
|move|p1a: Entei|Extreme Speed|p2a: Crobat
|-crit|p2a: Crobat
|-damage|p2a: Crobat|0 fnt
|faint|p2a: Crobat
|
|
|switch|p2a: Swampert|Swampert, F|403\/403
|turn|5
|
|switch|p1a: Machamp|Machamp, M|363\/363
|move|p2a: Swampert|Stealth Rock|p1a: Machamp
|-sidestart|p1: Sweep|move: Stealth Rock
|
|turn|6
|
|move|p1a: Machamp|Dynamic Punch|p2a: Swampert
|-damage|p2a: Swampert|253\/403
|-start|p2a: Swampert|confusion
|-activate|p2a: Swampert|confusion
|move|p2a: Swampert|Scald|p1a: Machamp
|-damage|p1a: Machamp|294\/363
|
|-heal|p2a: Swampert|278\/403|[from] item: Leftovers
|turn|7
|
|move|p1a: Machamp|Knock Off|p2a: Swampert
|-damage|p2a: Swampert|181\/403
|-enditem|p2a: Swampert|Leftovers|[from] move: Knock Off|[of] p1a: Machamp
|-activate|p2a: Swampert|confusion
|move|p2a: Swampert|Scald|p1a: Machamp
|-damage|p1a: Machamp|228\/363
|
|turn|8
|
|switch|p2a: Florges|Florges, F|359\/359
|move|p1a: Machamp|Dynamic Punch|p2a: Florges
|-resisted|p2a: Florges
|-damage|p2a: Florges|255\/359
|-start|p2a: Florges|confusion
|
|-heal|p2a: Florges|277\/359|[from] item: Leftovers
|turn|9
|
|switch|p2a: Beedrill|Beedrill, M|271\/271
|move|p1a: Machamp|Knock Off|p2a: Beedrill
|-damage|p2a: Beedrill|106\/271
|
|turn|10
|
|detailschange|p2a: Beedrill|Beedrill-Mega, M
|message|Beedrill has Mega Evolved into Mega Beedrill!
|move|p2a: Beedrill|Protect|p2a: Beedrill
|-singleturn|p2a: Beedrill|Protect
|move|p1a: Machamp|Dynamic Punch|p2a: Beedrill
|-activate|p2a: Beedrill|Protect
|
|turn|11
|
|move|p2a: Beedrill|Poison Jab|p1a: Machamp
|-damage|p1a: Machamp|0 fnt
|faint|p1a: Machamp
|
|
|switch|p1a: Entei|Entei, shiny|371\/371
|-damage|p1a: Entei|279\/371|[from] Stealth Rock
|-ability|p1a: Entei|Pressure
|turn|12
|
|switch|p2a: Swampert|Swampert, F|181\/403
|move|p1a: Entei|Sacred Fire|p2a: Swampert
|-resisted|p2a: Swampert
|-damage|p2a: Swampert|100\/403
|-status|p2a: Swampert|brn
|
|-damage|p2a: Swampert|50\/403 brn|[from] brn
|turn|13
|
|move|p1a: Entei|Extreme Speed|p2a: Swampert
|-damage|p2a: Swampert|0 fnt
|faint|p2a: Swampert
|
|
|switch|p2a: Rotom-Heat|Rotom-Heat|303\/303
|turn|14
|
|move|p1a: Entei|Stone Edge|p2a: Rotom-Heat
|-crit|p2a: Rotom-Heat
|-supereffective|p2a: Rotom-Heat
|-damage|p2a: Rotom-Heat|61\/303
|move|p2a: Rotom-Heat|Volt Switch|p1a: Entei
|-damage|p1a: Entei|161\/371
|
|switch|p2a: Beedrill|Beedrill-Mega, M|106\/271
|
|turn|15
|c|âpurplebanditos|piece of shit
|
|move|p1a: Entei|Extreme Speed|p2a: Beedrill
|-damage|p2a: Beedrill|0 fnt
|faint|p2a: Beedrill
|
|c|âpurplebanditos|not gg
|-message|purplebanditos forfeited.
|
|win|Sweep
|raw|Ladder updating...
|leave|purplebanditos
|player|p2
|raw|Sweep's rating: 1519 &rarr; <strong>1531<\/strong><br \/>(+12 for winning)
|raw|purplebanditos's rating: 1384 &rarr; <strong>1371<\/strong><br \/>(-13 for losing)
|c|âSweep|lol mad @ ladder match