|join|King victini
|join|purplebanditos
|player|p1|King victini|238
|player|p2|purplebanditos|192
|gametype|singles
|gen|6
|tier|UU
|rated
|rule|Sleep Clause Mod: Limit one foe put to sleep
|rule|Species Clause: Limit one of each PokÃ©mon
|rule|OHKO Clause: OHKO moves are banned
|rule|Moody Clause: Moody is banned
|rule|Evasion Moves Clause: Evasion moves are banned
|rule|Endless Battle Clause: Forcing endless battles is banned
|rule|HP Percentage Mod: HP is shown in percentages
|clearpoke
|poke|p1|Zoroark, M
|poke|p1|Blastoise, F
|poke|p1|Cryogonal
|poke|p1|Darmanitan, F
|poke|p1|Nidoking, M
|poke|p1|Froslass, F
|poke|p2|Shaymin
|poke|p2|Darmanitan, M
|poke|p2|Starmie
|poke|p2|Abomasnow, F
|poke|p2|Dugtrio, M
|poke|p2|Florges, F
|rule|Swagger Clause: Swagger is banned
|rule|Baton Pass Clause: Limit one PokÃ©mon knowing Baton Pass
|teampreview
|
|start
|switch|p1a: Froslass|Froslass, F|290\/290
|switch|p2a: Darmanitan|Darmanitan, M|351\/351
|turn|1
|
|move|p2a: Darmanitan|U-turn|p1a: Froslass
|-resisted|p1a: Froslass
|-damage|p1a: Froslass|220\/290
|-start|p2a: Darmanitan|Disable|U-turn
|
|switch|p2a: Abomasnow|Abomasnow, F|383\/383
|move|p1a: Froslass|Spikes|p2a: Abomasnow
|-sidestart|p2: purplebanditos|Spikes
|
|turn|2
|
|detailschange|p2a: Abomasnow|Abomasnow-Mega, F
|message|Abomasnow has Mega Evolved into Mega Abomasnow!
|-weather|Hail
|move|p1a: Froslass|Spikes|p2a: Abomasnow
|-sidestart|p2: purplebanditos|Spikes
|move|p2a: Abomasnow|Swords Dance|p2a: Abomasnow
|-boost|p2a: Abomasnow|atk|2
|
|-weather|Hail|[upkeep]
|turn|3
|
|move|p1a: Froslass|Destiny Bond|p1a: Froslass
|-singlemove|p1a: Froslass|Destiny Bond
|move|p2a: Abomasnow|Earthquake|p1a: Froslass
|-damage|p1a: Froslass|0 fnt
|faint|p1a: Froslass
|-activate|p1a: Froslass|Destiny Bond
|faint|p2a: Abomasnow
|
|-weather|Hail|[upkeep]
|
|switch|p2a: Starmie|Starmie|267\/267
|-damage|p2a: Starmie|223\/267|[from] Spikes
|switch|p1a: Nidoking|Nidoking, M|261\/261
|turn|4
|
|move|p1a: Nidoking|Sucker Punch|p2a: Starmie
|-supereffective|p2a: Starmie
|-damage|p2a: Starmie|0 fnt
|-damage|p1a: Nidoking|235\/261|[from] item: Life Orb
|faint|p2a: Starmie
|
|-weather|Hail|[upkeep]
|-damage|p1a: Nidoking|219\/261|[from] hail
|
|switch|p2a: Florges|Florges, F|359\/359
|-damage|p2a: Florges|300\/359|[from] Spikes
|turn|5
|
|switch|p1a: Cryogonal|Cryogonal|282\/282
|move|p2a: Florges|Moonblast|p1a: Cryogonal
|-damage|p1a: Cryogonal|180\/282
|-unboost|p1a: Cryogonal|spa|1
|
|-weather|Hail|[upkeep]
|-damage|p2a: Florges|278\/359|[from] hail
|-heal|p2a: Florges|300\/359|[from] item: Leftovers
|turn|6
|
|move|p1a: Cryogonal|Freeze-Dry|p2a: Florges
|-damage|p2a: Florges|228\/359
|move|p2a: Florges|Moonblast|p1a: Cryogonal
|-damage|p1a: Cryogonal|90\/282
|
|-weather|none
|-heal|p2a: Florges|250\/359|[from] item: Leftovers
|turn|7
|
|switch|p1a: Nidoking|Nidoking, M|303\/303
|move|p2a: Florges|Wish|p2a: Florges
|
|-heal|p2a: Florges|272\/359|[from] item: Leftovers
|turn|8
|
|switch|p2a: Dugtrio|Dugtrio, M|211\/211
|-damage|p2a: Dugtrio|176\/211|[from] Spikes
|move|p1a: Nidoking|Ice Beam|p2a: Dugtrio
|-supereffective|p2a: Dugtrio
|-damage|p2a: Dugtrio|0 fnt
|faint|p2a: Dugtrio
|
|-message|purplebanditos forfeited.
|
|win|King victini
|raw|Ladder updating...
|leave|purplebanditos
|player|p2
|raw|King victini's rating: 1294 &rarr; <strong>1326<\/strong><br \/>(+32 for winning)
|raw|purplebanditos's rating: 1399 &rarr; <strong>1373<\/strong><br \/>(-26 for losing)