|join|9Nackers
|join|purplebanditos
|player|p1|9Nackers|169
|player|p2|purplebanditos|221
|gametype|singles
|gen|6
|tier|UU
|rated
|rule|Sleep Clause Mod: Limit one foe put to sleep
|rule|Species Clause: Limit one of each PokÃ©mon
|rule|OHKO Clause: OHKO moves are banned
|rule|Moody Clause: Moody is banned
|rule|Evasion Moves Clause: Evasion moves are banned
|rule|Endless Battle Clause: Forcing endless battles is banned
|rule|HP Percentage Mod: HP is reported as percentages
|clearpoke
|poke|p1|Blastoise, M
|poke|p1|Hippowdon, F, shiny
|poke|p1|Infernape, M
|poke|p1|Honchkrow, F
|poke|p1|Mew
|poke|p1|Trevenant, M, shiny
|poke|p2|Ampharos, M, shiny
|poke|p2|Infernape, M
|poke|p2|Trevenant, M, shiny
|poke|p2|Hippowdon, F
|poke|p2|Starmie, shiny
|poke|p2|Honchkrow, M, shiny
|rule|Swagger Clause: Swagger is banned
|rule|Baton Pass Clause: Limit three PokÃ©mon knowing Baton Pass
|teampreview
|
|start
|switch|p1a: Sandy Cheeks|Hippowdon, F, shiny|420\/420
|switch|p2a: Head & Shoulders|Ampharos, M, shiny|383\/383
|-weather|Sandstorm
|turn|1
|
|switch|p2a: Weird|Trevenant, M, shiny|373\/373
|move|p1a: Sandy Cheeks|Stealth Rock|p2a: Weird
|-sidestart|p2: purplebanditos|move: Stealth Rock
|
|-weather|Sandstorm|[upkeep]
|-damage|p2a: Weird|350\/373|[from] sandstorm
|turn|2
|
|move|p2a: Weird|Will-O-Wisp|p1a: Sandy Cheeks|[miss]
|-miss|p2a: Weird|p1a: Sandy Cheeks
|move|p1a: Sandy Cheeks|Whirlwind|p2a: Weird
|drag|p2a: Hippowdon't|Hippowdon, F|419\/419
|-damage|p2a: Hippowdon't|393\/419|[from] Stealth Rock
|
|-weather|Sandstorm|[upkeep]
|-heal|p2a: Hippowdon't|419\/419|[from] item: Leftovers
|turn|3
|
|switch|p1a: Boo Berry|Trevenant, M, shiny|374\/374
|move|p2a: Hippowdon't|Stealth Rock|p1a: Boo Berry
|-sidestart|p1: 9Nackers|move: Stealth Rock
|
|-weather|Sandstorm|[upkeep]
|-damage|p1a: Boo Berry|351\/374|[from] sandstorm
|turn|4
|
|switch|p2a: Head & Shoulders|Ampharos, M, shiny|383\/383
|-damage|p2a: Head & Shoulders|336\/383|[from] Stealth Rock
|move|p1a: Boo Berry|Substitute|p1a: Boo Berry
|-start|p1a: Boo Berry|Substitute
|-damage|p1a: Boo Berry|258\/374
|
|-weather|Sandstorm|[upkeep]
|-damage|p1a: Boo Berry|235\/374|[from] sandstorm
|-damage|p2a: Head & Shoulders|313\/383|[from] sandstorm
|turn|5
|
|detailschange|p2a: Head & Shoulders|Ampharos-Mega, M, shiny
|message|Ampharos has Mega Evolved into Mega Ampharos!
|-ability|p2a: Head & Shoulders|Mold Breaker
|move|p2a: Head & Shoulders|Dragon Pulse|p1a: Boo Berry
|-end|p1a: Boo Berry|Substitute
|move|p1a: Boo Berry|Leech Seed|p2a: Head & Shoulders
|-start|p2a: Head & Shoulders|move: Leech Seed
|
|-weather|none
|-damage|p2a: Head & Shoulders|266\/383|[from] Leech Seed|[of] p1a: Boo Berry
|-heal|p1a: Boo Berry|282\/374|[silent]
|turn|6
|
|move|p1a: Boo Berry|Substitute|p1a: Boo Berry
|-start|p1a: Boo Berry|Substitute
|-damage|p1a: Boo Berry|189\/374
|move|p2a: Head & Shoulders|Dragon Pulse|p1a: Boo Berry
|-end|p1a: Boo Berry|Substitute
|
|-damage|p2a: Head & Shoulders|219\/383|[from] Leech Seed|[of] p1a: Boo Berry
|-heal|p1a: Boo Berry|236\/374|[silent]
|turn|7
|
|move|p1a: Boo Berry|Substitute|p1a: Boo Berry
|-start|p1a: Boo Berry|Substitute
|-damage|p1a: Boo Berry|143\/374
|-enditem|p1a: Boo Berry|Sitrus Berry|[eat]
|-heal|p1a: Boo Berry|236\/374|[from] item: Sitrus Berry
|move|p2a: Head & Shoulders|Dragon Pulse|p1a: Boo Berry
|-end|p1a: Boo Berry|Substitute
|
|-damage|p2a: Head & Shoulders|172\/383|[from] Leech Seed|[of] p1a: Boo Berry
|-heal|p1a: Boo Berry|283\/374|[silent]
|-item|p1a: Boo Berry|Sitrus Berry|[from] ability: Harvest
|turn|8
|
|move|p1a: Boo Berry|Substitute|p1a: Boo Berry
|-start|p1a: Boo Berry|Substitute
|-damage|p1a: Boo Berry|190\/374
|move|p2a: Head & Shoulders|Dragon Pulse|p1a: Boo Berry
|-end|p1a: Boo Berry|Substitute
|
|-damage|p2a: Head & Shoulders|125\/383|[from] Leech Seed|[of] p1a: Boo Berry
|-heal|p1a: Boo Berry|237\/374|[silent]
|turn|9
|
|move|p1a: Boo Berry|Substitute|p1a: Boo Berry
|-start|p1a: Boo Berry|Substitute
|-damage|p1a: Boo Berry|144\/374
|-enditem|p1a: Boo Berry|Sitrus Berry|[eat]
|-heal|p1a: Boo Berry|237\/374|[from] item: Sitrus Berry
|move|p2a: Head & Shoulders|Dragon Pulse|p1a: Boo Berry
|-end|p1a: Boo Berry|Substitute
|
|-damage|p2a: Head & Shoulders|78\/383|[from] Leech Seed|[of] p1a: Boo Berry
|-heal|p1a: Boo Berry|284\/374|[silent]
|turn|10
|
|move|p1a: Boo Berry|Substitute|p1a: Boo Berry
|-start|p1a: Boo Berry|Substitute
|-damage|p1a: Boo Berry|191\/374
|move|p2a: Head & Shoulders|Dragon Pulse|p1a: Boo Berry
|-end|p1a: Boo Berry|Substitute
|
|-damage|p2a: Head & Shoulders|31\/383|[from] Leech Seed|[of] p1a: Boo Berry
|-heal|p1a: Boo Berry|238\/374|[silent]
|turn|11
|
|move|p1a: Boo Berry|Substitute|p1a: Boo Berry
|-start|p1a: Boo Berry|Substitute
|-damage|p1a: Boo Berry|145\/374
|move|p2a: Head & Shoulders|Dragon Pulse|p1a: Boo Berry
|-end|p1a: Boo Berry|Substitute
|
|-damage|p2a: Head & Shoulders|0 fnt|[from] Leech Seed|[of] p1a: Boo Berry
|-heal|p1a: Boo Berry|176\/374|[silent]
|-item|p1a: Boo Berry|Sitrus Berry|[from] ability: Harvest
|faint|p2a: Head & Shoulders
|
|switch|p2a: Cyrus|Honchkrow, M, shiny|341\/341
|-damage|p2a: Cyrus|256\/341|[from] Stealth Rock
|-enditem|p1a: Boo Berry|Sitrus Berry|[eat]
|-heal|p1a: Boo Berry|269\/374|[from] item: Sitrus Berry
|turn|12
|
|move|p2a: Cyrus|Pursuit|p1a: Boo Berry
|-supereffective|p1a: Boo Berry
|-damage|p1a: Boo Berry|40\/374
|-damage|p2a: Cyrus|222\/341|[from] item: Life Orb
|move|p1a: Boo Berry|Will-O-Wisp|p2a: Cyrus
|-status|p2a: Cyrus|brn
|
|-damage|p2a: Cyrus|180\/341 brn|[from] brn
|-item|p1a: Boo Berry|Sitrus Berry|[from] ability: Harvest
|-enditem|p1a: Boo Berry|Sitrus Berry|[eat]
|-heal|p1a: Boo Berry|133\/374|[from] item: Sitrus Berry
|turn|13
|-message|purplebanditos forfeited.
|
|win|9Nackers
|raw|Ladder updating...
|leave|purplebanditos
|player|p2
|raw|9Nackers's rating: 1396 &rarr; <strong>1414<\/strong><br \/>(+18 for winning)
|raw|purplebanditos's rating: 1355 &rarr; <strong>1338<\/strong><br \/>(-17 for losing)