|join|purplebanditos
|join|edrik
|player|p1|purplebanditos|192
|player|p2|edrik|1
|gametype|singles
|gen|6
|tier|UU
|rated
|rule|Sleep Clause Mod: Limit one foe put to sleep
|rule|Species Clause: Limit one of each PokÃ©mon
|rule|OHKO Clause: OHKO moves are banned
|rule|Moody Clause: Moody is banned
|rule|Evasion Moves Clause: Evasion moves are banned
|rule|Endless Battle Clause: Forcing endless battles is banned
|rule|HP Percentage Mod: HP is shown in percentages
|clearpoke
|poke|p1|Beedrill, M
|poke|p1|Magneton
|poke|p1|Swampert, F
|poke|p1|Florges, F
|poke|p1|Crobat, M
|poke|p1|Rotom-Heat
|poke|p2|Cresselia, F
|poke|p2|Arcanine, F
|poke|p2|Machamp, F
|poke|p2|Pidgeot, F
|poke|p2|Umbreon, M
|poke|p2|Donphan, M
|rule|Swagger Clause: Swagger is banned
|rule|Baton Pass Clause: Limit one PokÃ©mon knowing Baton Pass
|teampreview
|
|start
|switch|p1a: Swampert|Swampert, F|401\/401
|switch|p2a: Donphan|Donphan, M|364\/364
|turn|1
|
|move|p2a: Donphan|Stealth Rock|p1a: Swampert
|-sidestart|p1: purplebanditos|move: Stealth Rock
|move|p1a: Swampert|Stealth Rock|p2a: Donphan
|-sidestart|p2: edrik|move: Stealth Rock
|
|turn|2
|
|switch|p2a: Pidgeot|Pidgeot, F|308\/308
|-damage|p2a: Pidgeot|231\/308|[from] Stealth Rock
|move|p1a: Swampert|Waterfall|p2a: Pidgeot
|-damage|p2a: Pidgeot|98\/308
|
|turn|3
|
|detailschange|p2a: Pidgeot|Pidgeot-Mega, F
|message|Pidgeot has Mega Evolved into Mega Pidgeot!
|move|p2a: Pidgeot|Roost|p2a: Pidgeot
|-heal|p2a: Pidgeot|252\/308
|move|p1a: Swampert|Waterfall|p2a: Pidgeot
|-damage|p2a: Pidgeot|125\/308
|
|turn|4
|
|move|p2a: Pidgeot|Roost|p2a: Pidgeot
|-heal|p2a: Pidgeot|279\/308
|move|p1a: Swampert|Earthquake|p2a: Pidgeot
|-damage|p2a: Pidgeot|125\/308
|
|turn|5
|
|move|p2a: Pidgeot|Roost|p2a: Pidgeot
|-heal|p2a: Pidgeot|279\/308
|move|p1a: Swampert|Waterfall|p2a: Pidgeot
|-damage|p2a: Pidgeot|143\/308
|
|turn|6
|
|move|p2a: Pidgeot|Hurricane|p1a: Swampert
|-crit|p1a: Swampert
|-damage|p1a: Swampert|95\/401
|move|p1a: Swampert|Earthquake|p2a: Pidgeot
|-immune|p2a: Pidgeot|[msg]
|
|-heal|p1a: Swampert|120\/401|[from] item: Leftovers
|turn|7
|
|switch|p1a: Florges|Florges, F|359\/359
|-damage|p1a: Florges|315\/359|[from] Stealth Rock
|move|p2a: Pidgeot|Hurricane|p1a: Florges
|-damage|p1a: Florges|189\/359
|-start|p1a: Florges|confusion
|
|-heal|p1a: Florges|211\/359|[from] item: Leftovers
|turn|8
|
|move|p2a: Pidgeot|Roost|p2a: Pidgeot
|-heal|p2a: Pidgeot|297\/308
|-activate|p1a: Florges|confusion
|move|p1a: Florges|Aromatherapy|p1a: Florges
|-cureteam|p1a: Florges|[from] move: Aromatherapy
|
|-heal|p1a: Florges|233\/359|[from] item: Leftovers
|turn|9
|c|âedrik|uhmm
|
|-activate|p1a: Florges|confusion
|-damage|p1a: Florges|215\/359|[from] confusion
|move|p2a: Pidgeot|Hurricane|p1a: Florges
|-damage|p1a: Florges|98\/359
|
|-heal|p1a: Florges|120\/359|[from] item: Leftovers
|turn|10
|c|âpurplebanditos|!dt aromatherapy
|c|~|\/data-move Aromatherapy
|raw|<font size="1"><font color=#585858>Priority:<\/font> 0&nbsp;|&ThickSpace;<font color=#585858>Target:<\/font> Unknown<\/font>
|c|âpurplebanditos|can heal confuse?
|c|âedrik|!dt florges
|c|~|\/data-pokemon Florges
|raw|<font size="1"><font color=#585858>Dex#:<\/font> 671&nbsp;|&ThickSpace;<font color=#585858>Height:<\/font> 1.1 m&nbsp;|&ThickSpace;<font color=#585858>Weight:<\/font> 10 kg <em>(40 BP)<\/em>&nbsp;|&ThickSpace;<font color=#585858>Dex Colour:<\/font> White&nbsp;|&ThickSpace;<font color=#585858>Egg Group(s):<\/font> Fairy&nbsp;|&ThickSpace;<font color=#585858><font color=#585858>Does Not Evolve<\/font><\/font><\/font>
|c|âedrik|nope
|
|-activate|p1a: Florges|confusion
|move|p1a: Florges|Protect|p1a: Florges
|-singleturn|p1a: Florges|Protect
|move|p2a: Pidgeot|Hurricane|p1a: Florges
|-activate|p1a: Florges|Protect
|
|-heal|p1a: Florges|142\/359|[from] item: Leftovers
|turn|11
|
|move|p2a: Pidgeot|Hurricane|p1a: Florges
|-damage|p1a: Florges|15\/359
|-activate|p1a: Florges|confusion
|move|p1a: Florges|Wish|p1a: Florges
|
|-heal|p1a: Florges|37\/359|[from] item: Leftovers
|turn|12
|c|âedrik|what does flower veil do
|
|-end|p1a: Florges|confusion
|move|p1a: Florges|Protect|p1a: Florges
|-singleturn|p1a: Florges|Protect
|move|p2a: Pidgeot|Defog|p1a: Florges
|-activate|p1a: Florges|Protect
|
|-heal|p1a: Florges|216\/359|[from] move: Wish|[wisher] Florges
|-heal|p1a: Florges|238\/359|[from] item: Leftovers
|turn|13
|c|âedrik|!data flower veil
|c|~|\/data-ability Flower Veil

|c|âpurplebanditos|for doubles
|
|move|p2a: Pidgeot|Hurricane|p1a: Florges
|-damage|p1a: Florges|108\/359
|-start|p1a: Florges|confusion
|-activate|p1a: Florges|confusion
|-damage|p1a: Florges|89\/359|[from] confusion
|
|-heal|p1a: Florges|111\/359|[from] item: Leftovers
|turn|14
|c|âpurplebanditos|holy crap
|
|-activate|p1a: Florges|confusion
|move|p1a: Florges|Protect|p1a: Florges
|-singleturn|p1a: Florges|Protect
|move|p2a: Pidgeot|Hurricane|p1a: Florges
|-activate|p1a: Florges|Protect
|
|-heal|p1a: Florges|133\/359|[from] item: Leftovers
|turn|15
|c|âedrik|data florges
|c|âedrik|!data florges
|c|~|\/data-pokemon Florges

|c|âedrik|!data symbiosis
|c|~|\/data-ability Symbiosis

|
|move|p2a: Pidgeot|Hurricane|p1a: Florges
|-damage|p1a: Florges|12\/359
|-activate|p1a: Florges|confusion
|move|p1a: Florges|Wish|p1a: Florges
|
|-heal|p1a: Florges|34\/359|[from] item: Leftovers
|turn|16
|
|-end|p1a: Florges|confusion
|move|p1a: Florges|Protect|p1a: Florges
|-singleturn|p1a: Florges|Protect
|move|p2a: Pidgeot|Hurricane|p1a: Florges
|-activate|p1a: Florges|Protect
|
|-heal|p1a: Florges|213\/359|[from] move: Wish|[wisher] Florges
|-heal|p1a: Florges|235\/359|[from] item: Leftovers
|turn|17
|
|move|p2a: Pidgeot|Hurricane|p1a: Florges
|-damage|p1a: Florges|108\/359
|move|p1a: Florges|Wish|p1a: Florges
|
|-heal|p1a: Florges|130\/359|[from] item: Leftovers
|turn|18
|
|move|p1a: Florges|Protect|p1a: Florges
|-singleturn|p1a: Florges|Protect
|move|p2a: Pidgeot|Hurricane|p1a: Florges
|-activate|p1a: Florges|Protect
|
|-heal|p1a: Florges|309\/359|[from] move: Wish|[wisher] Florges
|-heal|p1a: Florges|331\/359|[from] item: Leftovers
|turn|19
|
|move|p2a: Pidgeot|Hurricane|p1a: Florges
|-damage|p1a: Florges|199\/359
|move|p1a: Florges|Moonblast|p2a: Pidgeot
|-crit|p2a: Pidgeot
|-damage|p2a: Pidgeot|57\/308
|
|-heal|p1a: Florges|221\/359|[from] item: Leftovers
|turn|20
|
|move|p2a: Pidgeot|Roost|p2a: Pidgeot
|-heal|p2a: Pidgeot|211\/308
|move|p1a: Florges|Moonblast|p2a: Pidgeot
|-damage|p2a: Pidgeot|55\/308
|
|-heal|p1a: Florges|243\/359|[from] item: Leftovers
|turn|21
|
|move|p2a: Pidgeot|Roost|p2a: Pidgeot
|-heal|p2a: Pidgeot|209\/308
|move|p1a: Florges|Moonblast|p2a: Pidgeot
|-damage|p2a: Pidgeot|68\/308
|-unboost|p2a: Pidgeot|spa|1
|
|-heal|p1a: Florges|265\/359|[from] item: Leftovers
|turn|22
|
|switch|p2a: Arcanine|Arcanine, F|383\/383
|-damage|p2a: Arcanine|288\/383|[from] Stealth Rock
|-ability|p2a: Arcanine|Intimidate|[of] p1a: Florges
|-unboost|p1a: Florges|atk|1
|move|p1a: Florges|Moonblast|p2a: Arcanine
|-resisted|p2a: Arcanine
|-damage|p2a: Arcanine|220\/383
|-unboost|p2a: Arcanine|spa|1
|
|-heal|p1a: Florges|287\/359|[from] item: Leftovers
|turn|23
|
|move|p1a: Florges|Protect|p1a: Florges
|-singleturn|p1a: Florges|Protect
|move|p2a: Arcanine|Morning Sun|p2a: Arcanine
|-heal|p2a: Arcanine|383\/383
|
|-heal|p1a: Florges|309\/359|[from] item: Leftovers
|turn|24
|
|switch|p1a: Rotom-Heat|Rotom-Heat|303\/303
|-damage|p1a: Rotom-Heat|228\/303|[from] Stealth Rock
|move|p2a: Arcanine|Will-O-Wisp|p1a: Rotom-Heat|[miss]
|-miss|p2a: Arcanine|p1a: Rotom-Heat
|
|-heal|p1a: Rotom-Heat|246\/303|[from] item: Leftovers
|turn|25
|
|move|p2a: Arcanine|Morning Sun|p2a: Arcanine
|move|p1a: Rotom-Heat|Will-O-Wisp|p2a: Arcanine
|-fail|p2a: Arcanine
|
|-heal|p1a: Rotom-Heat|264\/303|[from] item: Leftovers
|turn|26
|
|move|p1a: Rotom-Heat|Will-O-Wisp|p2a: Arcanine
|-fail|p2a: Arcanine
|move|p2a: Arcanine|Roar|p1a: Rotom-Heat
|drag|p1a: Florges|Florges, F|309\/359
|-damage|p1a: Florges|265\/359|[from] Stealth Rock
|
|-heal|p1a: Florges|287\/359|[from] item: Leftovers
|turn|27
|
|move|p2a: Arcanine|Will-O-Wisp|p1a: Florges
|-status|p1a: Florges|brn
|move|p1a: Florges|Wish|p1a: Florges
|
|-heal|p1a: Florges|309\/359 brn|[from] item: Leftovers
|-damage|p1a: Florges|265\/359 brn|[from] brn
|turn|28
|
|switch|p1a: Crobat|Crobat, M|373\/373
|-damage|p1a: Crobat|280\/373|[from] Stealth Rock
|move|p2a: Arcanine|Roar|p1a: Crobat
|drag|p1a: Rotom-Heat|Rotom-Heat|264\/303
|-damage|p1a: Rotom-Heat|189\/303|[from] Stealth Rock
|
|-heal|p1a: Rotom-Heat|303\/303|[from] move: Wish|[wisher] Florges
|turn|29
|
|move|p1a: Rotom-Heat|Volt Switch|p2a: Arcanine
|-damage|p2a: Arcanine|281\/383
|
|switch|p1a: Florges|Florges, F|265\/359 brn
|-damage|p1a: Florges|221\/359 brn|[from] Stealth Rock
|move|p2a: Arcanine|Roar|p1a: Florges
|drag|p1a: Crobat|Crobat, M|280\/373
|-damage|p1a: Crobat|187\/373|[from] Stealth Rock
|
|-heal|p1a: Crobat|210\/373|[from] item: Black Sludge
|turn|30
|c|âedrik|beedril rocks pls
|c|âpurplebanditos|noo
|
|move|p1a: Crobat|Defog|p2a: Arcanine
|-unboost|p2a: Arcanine|evasion|1
|-sideend|p2: edrik|Stealth Rock|[from] move: Defog|[of] p2a: Arcanine
|-sideend|p1: purplebanditos|Stealth Rock|[from] move: Defog|[of] p1a: Crobat
|move|p2a: Arcanine|Will-O-Wisp|p1a: Crobat|[miss]
|-miss|p2a: Arcanine|p1a: Crobat
|
|-heal|p1a: Crobat|233\/373|[from] item: Black Sludge
|turn|31
|c|âedrik|OMG
|
|switch|p2a: Donphan|Donphan, M|364\/364
|move|p1a: Crobat|Toxic|p2a: Donphan
|-status|p2a: Donphan|tox
|
|-heal|p1a: Crobat|256\/373|[from] item: Black Sludge
|-damage|p2a: Donphan|342\/364 tox|[from] psn
|turn|32
|c|âpurplebanditos|confused 3 times
|c|âpurplebanditos|i think that is fari
|c|âpurplebanditos|fair
|
|move|p1a: Crobat|Defog|p2a: Donphan
|-unboost|p2a: Donphan|evasion|1
|move|p2a: Donphan|Stealth Rock|p1a: Crobat
|-sidestart|p1: purplebanditos|move: Stealth Rock
|
|-heal|p1a: Crobat|279\/373|[from] item: Black Sludge
|-heal|p2a: Donphan|364\/364 tox|[from] item: Leftovers
|-damage|p2a: Donphan|320\/364 tox|[from] psn
|turn|33
|c|âedrik|30%
|
|switch|p2a: Arcanine|Arcanine, F|281\/383
|-ability|p2a: Arcanine|Intimidate|[of] p1a: Crobat
|-unboost|p1a: Crobat|atk|1
|move|p1a: Crobat|Defog|p2a: Arcanine
|-unboost|p2a: Arcanine|evasion|1
|-sideend|p1: purplebanditos|Stealth Rock|[from] move: Defog|[of] p1a: Crobat
|
|-heal|p1a: Crobat|302\/373|[from] item: Black Sludge
|turn|34
|
|move|p1a: Crobat|Toxic|p2a: Arcanine
|-status|p2a: Arcanine|tox
|move|p2a: Arcanine|Will-O-Wisp|p1a: Crobat|[miss]
|-miss|p2a: Arcanine|p1a: Crobat
|
|-heal|p1a: Crobat|325\/373|[from] item: Black Sludge
|-damage|p2a: Arcanine|258\/383 tox|[from] psn
|turn|35
|c|âpurplebanditos|sorry
|c|âedrik|this is 15%
|c|âpurplebanditos|:{
|c|âpurplebanditos|:[
|c|âedrik|:!@#$%^&*()_+
|
|switch|p1a: Florges|Florges, F|221\/359 brn
|switch|p2a: Umbreon|Umbreon, M|394\/394
|
|-heal|p1a: Florges|243\/359 brn|[from] item: Leftovers
|-damage|p1a: Florges|199\/359 brn|[from] brn
|turn|36
|c|âedrik|i'll do the same
|
|move|p1a: Florges|Aromatherapy|p1a: Florges
|-cureteam|p1a: Florges|[from] move: Aromatherapy
|move|p2a: Umbreon|Heal Bell|p2a: Umbreon
|-cureteam|p2a: Umbreon|[from] move: HealBell
|
|-heal|p1a: Florges|221\/359|[from] item: Leftovers
|turn|37
|
|move|p1a: Florges|Wish|p1a: Florges
|move|p2a: Umbreon|Wish|p2a: Umbreon
|
|-heal|p1a: Florges|243\/359|[from] item: Leftovers
|turn|38
|
|switch|p2a: Arcanine|Arcanine, F|258\/383
|-ability|p2a: Arcanine|Intimidate|[of] p1a: Florges
|-unboost|p1a: Florges|atk|1
|move|p1a: Florges|Moonblast|p2a: Arcanine
|-resisted|p2a: Arcanine
|-damage|p2a: Arcanine|180\/383
|-unboost|p2a: Arcanine|spa|1
|
|-heal|p2a: Arcanine|377\/383|[from] move: Wish|[wisher] Umbreon
|-heal|p1a: Florges|359\/359|[from] move: Wish|[wisher] Florges
|turn|39
|
|switch|p1a: Swampert|Swampert, F|120\/401
|move|p2a: Arcanine|Will-O-Wisp|p1a: Swampert
|-status|p1a: Swampert|brn
|
|-heal|p1a: Swampert|145\/401 brn|[from] item: Leftovers
|-damage|p1a: Swampert|95\/401 brn|[from] brn
|turn|40
|
|switch|p2a: Pidgeot|Pidgeot-Mega, F|68\/308
|move|p1a: Swampert|Stealth Rock|p2a: Pidgeot
|-sidestart|p2: edrik|move: Stealth Rock
|
|-heal|p1a: Swampert|120\/401 brn|[from] item: Leftovers
|-damage|p1a: Swampert|70\/401 brn|[from] brn
|turn|41
|
|move|p2a: Pidgeot|Hurricane|p1a: Swampert
|-damage|p1a: Swampert|0 fnt
|faint|p1a: Swampert
|
|c|âedrik|come bee
|
|switch|p1a: Beedrill|Beedrill, M|271\/271
|turn|42
|c|âedrik|yea
|
|switch|p2a: Arcanine|Arcanine, F|377\/383
|-damage|p2a: Arcanine|282\/383|[from] Stealth Rock
|-ability|p2a: Arcanine|Intimidate|[of] p1a: Beedrill
|-unboost|p1a: Beedrill|atk|1
|detailschange|p1a: Beedrill|Beedrill-Mega, M
|message|Beedrill has Mega Evolved into Mega Beedrill!
|move|p1a: Beedrill|Protect|p1a: Beedrill
|-fail|p1a: Beedrill
|
|turn|43
|
|switch|p1a: Rotom-Heat|Rotom-Heat|303\/303
|move|p2a: Arcanine|Will-O-Wisp|p1a: Rotom-Heat
|-fail|p1a: Rotom-Heat
|
|turn|44
|c|âpurplebanditos|e speed would kll
|c|âedrik|max atk e speed would
|
|move|p2a: Arcanine|Morning Sun|p2a: Arcanine
|-heal|p2a: Arcanine|383\/383
|move|p1a: Rotom-Heat|Will-O-Wisp|p2a: Arcanine
|-fail|p2a: Arcanine
|
|turn|45
|
|move|p1a: Rotom-Heat|Volt Switch|p2a: Arcanine
|-damage|p2a: Arcanine|281\/383
|
|switch|p1a: Crobat|Crobat, M|325\/373
|move|p2a: Arcanine|Roar|p1a: Crobat
|drag|p1a: Rotom-Heat|Rotom-Heat|303\/303
|
|turn|46
|
|switch|p2a: Donphan|Donphan, M|320\/364
|-damage|p2a: Donphan|298\/364|[from] Stealth Rock
|move|p1a: Rotom-Heat|Volt Switch|p2a: Donphan
|-immune|p2a: Donphan|[msg]
|
|-heal|p2a: Donphan|320\/364|[from] item: Leftovers
|turn|47
|
|move|p1a: Rotom-Heat|Overheat|p2a: Donphan
|-damage|p2a: Donphan|70\/364
|-unboost|p1a: Rotom-Heat|spa|2
|move|p2a: Donphan|Stealth Rock|p1a: Rotom-Heat
|-sidestart|p1: purplebanditos|move: Stealth Rock
|
|-heal|p2a: Donphan|92\/364|[from] item: Leftovers
|turn|48
|
|move|p1a: Rotom-Heat|Will-O-Wisp|p2a: Donphan|[miss]
|-miss|p1a: Rotom-Heat|p2a: Donphan
|move|p2a: Donphan|Rapid Spin|p1a: Rotom-Heat
|-damage|p1a: Rotom-Heat|286\/303
|-sideend|p2: edrik|Stealth Rock|[from] move: Rapid Spin|[of] p2a: Donphan
|
|-heal|p1a: Rotom-Heat|303\/303|[from] item: Leftovers
|-heal|p2a: Donphan|114\/364|[from] item: Leftovers
|turn|49
|
|switch|p2a: Machamp|Machamp, F|384\/384
|move|p1a: Rotom-Heat|Will-O-Wisp|p2a: Machamp
|-status|p2a: Machamp|brn
|
|-damage|p2a: Machamp|336\/384 brn|[from] brn
|turn|50
|
|switch|p2a: Donphan|Donphan, M|114\/364
|move|p1a: Rotom-Heat|Volt Switch|p2a: Donphan
|-immune|p2a: Donphan|[msg]
|
|-heal|p2a: Donphan|136\/364|[from] item: Leftovers
|turn|51
|
|switch|p2a: Arcanine|Arcanine, F|281\/383
|-ability|p2a: Arcanine|Intimidate|[of] p1a: Rotom-Heat
|-unboost|p1a: Rotom-Heat|atk|1
|move|p1a: Rotom-Heat|Will-O-Wisp|p2a: Arcanine
|-fail|p2a: Arcanine
|
|turn|52
|
|move|p1a: Rotom-Heat|Volt Switch|p2a: Arcanine
|-damage|p2a: Arcanine|229\/383
|c|âedrik|phz
|
|switch|p1a: Crobat|Crobat, M|325\/373
|-damage|p1a: Crobat|232\/373|[from] Stealth Rock
|move|p2a: Arcanine|Roar|p1a: Crobat
|drag|p1a: Beedrill|Beedrill-Mega, M|271\/271
|-damage|p1a: Beedrill|204\/271|[from] Stealth Rock
|
|turn|53
|
|move|p1a: Beedrill|U-turn|p2a: Arcanine
|-resisted|p2a: Arcanine
|-damage|p2a: Arcanine|145\/383
|-damage|p1a: Beedrill|159\/271|[from] item: Rocky Helmet|[of] p2a: Arcanine
|
|switch|p1a: Rotom-Heat|Rotom-Heat|303\/303
|-damage|p1a: Rotom-Heat|228\/303|[from] Stealth Rock
|move|p2a: Arcanine|Morning Sun|p2a: Arcanine
|-heal|p2a: Arcanine|336\/383
|
|-heal|p1a: Rotom-Heat|246\/303|[from] item: Leftovers
|turn|54
|
|move|p1a: Rotom-Heat|Volt Switch|p2a: Arcanine
|-crit|p2a: Arcanine
|-damage|p2a: Arcanine|189\/383
|
|switch|p1a: Crobat|Crobat, M|232\/373
|-damage|p1a: Crobat|139\/373|[from] Stealth Rock
|move|p2a: Arcanine|Roar|p1a: Crobat
|drag|p1a: Rotom-Heat|Rotom-Heat|246\/303
|-damage|p1a: Rotom-Heat|171\/303|[from] Stealth Rock
|
|-heal|p1a: Rotom-Heat|189\/303|[from] item: Leftovers
|turn|55
|
|move|p2a: Arcanine|Morning Sun|p2a: Arcanine
|-heal|p2a: Arcanine|380\/383
|move|p1a: Rotom-Heat|Volt Switch|p2a: Arcanine
|-damage|p2a: Arcanine|271\/383
|
|switch|p1a: Crobat|Crobat, M|139\/373
|-damage|p1a: Crobat|46\/373|[from] Stealth Rock
|
|-heal|p1a: Crobat|69\/373|[from] item: Black Sludge
|turn|56
|
|move|p1a: Crobat|Defog|p2a: Arcanine
|-unboost|p2a: Arcanine|evasion|1
|-sideend|p1: purplebanditos|Stealth Rock|[from] move: Defog|[of] p1a: Crobat
|move|p2a: Arcanine|Flamethrower|p1a: Crobat
|-damage|p1a: Crobat|0 fnt
|faint|p1a: Crobat
|
|
|switch|p1a: Rotom-Heat|Rotom-Heat|189\/303
|turn|57
|
|move|p2a: Arcanine|Morning Sun|p2a: Arcanine
|-heal|p2a: Arcanine|383\/383
|move|p1a: Rotom-Heat|Pain Split|p2a: Arcanine
|-sethp|p2a: Arcanine|286\/383|p1a: Rotom-Heat|286\/303|[from] move: Pain Split
|
|-heal|p1a: Rotom-Heat|303\/303|[from] item: Leftovers
|turn|58
|
|switch|p2a: Donphan|Donphan, M|136\/364
|move|p1a: Rotom-Heat|Volt Switch|p2a: Donphan
|-immune|p2a: Donphan|[msg]
|
|-heal|p2a: Donphan|158\/364|[from] item: Leftovers
|turn|59
|
|switch|p2a: Cresselia|Cresselia, F|443\/443
|move|p1a: Rotom-Heat|Overheat|p2a: Cresselia
|-damage|p2a: Cresselia|305\/443
|-unboost|p1a: Rotom-Heat|spa|2
|
|-heal|p2a: Cresselia|332\/443|[from] item: Leftovers
|turn|60
|
|move|p1a: Rotom-Heat|Will-O-Wisp|p2a: Cresselia
|-status|p2a: Cresselia|brn
|move|p2a: Cresselia|Substitute|p2a: Cresselia
|-start|p2a: Cresselia|Substitute
|-damage|p2a: Cresselia|222\/443 brn
|
|-heal|p2a: Cresselia|249\/443 brn|[from] item: Leftovers
|-damage|p2a: Cresselia|194\/443 brn|[from] brn
|turn|61
|
|move|p1a: Rotom-Heat|Volt Switch|p2a: Cresselia
|-activate|p2a: Cresselia|Substitute|[damage]
|
|switch|p1a: Magneton|Magneton|272\/272
|move|p2a: Cresselia|Moonlight|p2a: Cresselia
|-heal|p2a: Cresselia|415\/443 brn
|
|-heal|p2a: Cresselia|442\/443 brn|[from] item: Leftovers
|-damage|p2a: Cresselia|387\/443 brn|[from] brn
|turn|62
|
|move|p1a: Magneton|Flash Cannon|p2a: Cresselia
|-end|p2a: Cresselia|Substitute
|move|p2a: Cresselia|Psyshock|p1a: Magneton
|-resisted|p1a: Magneton
|-damage|p1a: Magneton|246\/272
|
|-heal|p2a: Cresselia|414\/443 brn|[from] item: Leftovers
|-damage|p2a: Cresselia|359\/443 brn|[from] brn
|turn|63
|
|switch|p2a: Umbreon|Umbreon, M|394\/394
|move|p1a: Magneton|Thunderbolt|p2a: Umbreon
|-damage|p2a: Umbreon|301\/394
|
|-heal|p2a: Umbreon|325\/394|[from] item: Leftovers
|turn|64
|
|switch|p1a: Beedrill|Beedrill-Mega, M|159\/271
|move|p2a: Umbreon|Heal Bell|p2a: Umbreon
|-cureteam|p2a: Umbreon|[from] move: HealBell
|
|-heal|p2a: Umbreon|349\/394|[from] item: Leftovers
|turn|65
|
|move|p2a: Umbreon|Protect|p2a: Umbreon
|-singleturn|p2a: Umbreon|Protect
|move|p1a: Beedrill|U-turn|p2a: Umbreon
|-activate|p2a: Umbreon|Protect
|
|-heal|p2a: Umbreon|373\/394|[from] item: Leftovers
|turn|66
|
|switch|p2a: Arcanine|Arcanine, F|286\/383
|-ability|p2a: Arcanine|Intimidate|[of] p1a: Beedrill
|-unboost|p1a: Beedrill|atk|1
|move|p1a: Beedrill|Poison Jab|p2a: Arcanine
|-damage|p2a: Arcanine|156\/383
|-damage|p1a: Beedrill|114\/271|[from] item: Rocky Helmet|[of] p2a: Arcanine
|
|turn|67
|
|switch|p1a: Rotom-Heat|Rotom-Heat|303\/303
|move|p2a: Arcanine|Morning Sun|p2a: Arcanine
|-heal|p2a: Arcanine|347\/383
|
|turn|68
|
|switch|p2a: Umbreon|Umbreon, M|373\/394
|move|p1a: Rotom-Heat|Volt Switch|p2a: Umbreon
|-damage|p2a: Umbreon|321\/394
|
|switch|p1a: Beedrill|Beedrill-Mega, M|114\/271
|
|-heal|p2a: Umbreon|345\/394|[from] item: Leftovers
|turn|69
|
|switch|p2a: Arcanine|Arcanine, F|347\/383
|-ability|p2a: Arcanine|Intimidate|[of] p1a: Beedrill
|-unboost|p1a: Beedrill|atk|1
|move|p1a: Beedrill|U-turn|p2a: Arcanine
|-resisted|p2a: Arcanine
|-damage|p2a: Arcanine|293\/383
|-damage|p1a: Beedrill|69\/271|[from] item: Rocky Helmet|[of] p2a: Arcanine
|
|switch|p1a: Florges|Florges, F|359\/359
|
|turn|70
|
|move|p2a: Arcanine|Will-O-Wisp|p1a: Florges|[miss]
|-miss|p2a: Arcanine|p1a: Florges
|move|p1a: Florges|Moonblast|p2a: Arcanine
|-resisted|p2a: Arcanine
|-damage|p2a: Arcanine|222\/383
|
|turn|71
|
|switch|p1a: Rotom-Heat|Rotom-Heat|303\/303
|move|p2a: Arcanine|Will-O-Wisp|p1a: Rotom-Heat
|-fail|p1a: Rotom-Heat
|
|turn|72
|
|switch|p2a: Donphan|Donphan, M|158\/364
|move|p1a: Rotom-Heat|Volt Switch|p2a: Donphan
|-immune|p2a: Donphan|[msg]
|
|-heal|p2a: Donphan|180\/364|[from] item: Leftovers
|turn|73
|
|switch|p2a: Machamp|Machamp, F|336\/384
|move|p1a: Rotom-Heat|Overheat|p2a: Machamp
|-damage|p2a: Machamp|212\/384
|-unboost|p1a: Rotom-Heat|spa|2
|
|turn|74
|c|âpurplebanditos|one morning sun left?
|
|move|p1a: Rotom-Heat|Will-O-Wisp|p2a: Machamp
|-status|p2a: Machamp|brn
|move|p2a: Machamp|Stone Edge|p1a: Rotom-Heat
|-supereffective|p1a: Rotom-Heat
|-damage|p1a: Rotom-Heat|215\/303
|
|-heal|p1a: Rotom-Heat|233\/303|[from] item: Leftovers
|-damage|p2a: Machamp|164\/384 brn|[from] brn
|turn|75
|
|switch|p1a: Florges|Florges, F|359\/359
|switch|p2a: Umbreon|Umbreon, M|345\/394
|
|-heal|p2a: Umbreon|369\/394|[from] item: Leftovers
|turn|76
|
|move|p1a: Florges|Wish|p1a: Florges
|move|p2a: Umbreon|Heal Bell|p2a: Umbreon
|-cureteam|p2a: Umbreon|[from] move: HealBell
|
|-heal|p2a: Umbreon|393\/394|[from] item: Leftovers
|turn|77
|
|switch|p1a: Rotom-Heat|Rotom-Heat|233\/303
|move|p2a: Umbreon|Foul Play|p1a: Rotom-Heat
|-damage|p1a: Rotom-Heat|193\/303
|
|-heal|p1a: Rotom-Heat|303\/303|[from] move: Wish|[wisher] Florges
|-heal|p2a: Umbreon|394\/394|[from] item: Leftovers
|turn|78
|
|move|p1a: Rotom-Heat|Will-O-Wisp|p2a: Umbreon|[miss]
|-miss|p1a: Rotom-Heat|p2a: Umbreon
|move|p2a: Umbreon|Wish|p2a: Umbreon
|
|turn|79
|
|switch|p2a: Donphan|Donphan, M|180\/364
|move|p1a: Rotom-Heat|Overheat|p2a: Donphan
|-damage|p2a: Donphan|0 fnt
|-unboost|p1a: Rotom-Heat|spa|2
|faint|p2a: Donphan
|
|c|âpurplebanditos|woohoo
|
|switch|p2a: Cresselia|Cresselia, F|359\/443
|turn|80
|
|move|p1a: Rotom-Heat|Will-O-Wisp|p2a: Cresselia
|-status|p2a: Cresselia|brn
|move|p2a: Cresselia|Substitute|p2a: Cresselia
|-start|p2a: Cresselia|Substitute
|-damage|p2a: Cresselia|249\/443 brn
|
|-heal|p2a: Cresselia|276\/443 brn|[from] item: Leftovers
|-damage|p2a: Cresselia|221\/443 brn|[from] brn
|turn|81
|
|move|p1a: Rotom-Heat|Volt Switch|p2a: Cresselia
|-activate|p2a: Cresselia|Substitute|[damage]
|
|switch|p1a: Magneton|Magneton|246\/272
|move|p2a: Cresselia|Calm Mind|p2a: Cresselia
|-boost|p2a: Cresselia|spa|1
|-boost|p2a: Cresselia|spd|1
|
|-heal|p2a: Cresselia|248\/443 brn|[from] item: Leftovers
|-damage|p2a: Cresselia|193\/443 brn|[from] brn
|turn|82
|
|move|p1a: Magneton|Thunderbolt|p2a: Cresselia
|-end|p2a: Cresselia|Substitute
|move|p2a: Cresselia|Moonlight|p2a: Cresselia
|-heal|p2a: Cresselia|414\/443 brn
|
|-heal|p2a: Cresselia|441\/443 brn|[from] item: Leftovers
|-damage|p2a: Cresselia|386\/443 brn|[from] brn
|turn|83
|
|switch|p2a: Umbreon|Umbreon, M|394\/394
|move|p1a: Magneton|Thunderbolt|p2a: Umbreon
|-damage|p2a: Umbreon|298\/394
|
|-heal|p2a: Umbreon|322\/394|[from] item: Leftovers
|turn|84
|
|switch|p1a: Florges|Florges, F|359\/359
|move|p2a: Umbreon|Heal Bell|p2a: Umbreon
|-cureteam|p2a: Umbreon|[from] move: HealBell
|
|-heal|p2a: Umbreon|346\/394|[from] item: Leftovers
|turn|85
|
|switch|p2a: Cresselia|Cresselia, F|386\/443
|move|p1a: Florges|Moonblast|p2a: Cresselia
|-damage|p2a: Cresselia|289\/443
|
|-heal|p2a: Cresselia|316\/443|[from] item: Leftovers
|turn|86
|
|switch|p1a: Beedrill|Beedrill-Mega, M|69\/271
|move|p2a: Cresselia|Substitute|p2a: Cresselia
|-start|p2a: Cresselia|Substitute
|-damage|p2a: Cresselia|206\/443
|
|-heal|p2a: Cresselia|233\/443|[from] item: Leftovers
|turn|87
|
|move|p1a: Beedrill|U-turn|p2a: Cresselia
|-supereffective|p2a: Cresselia
|-end|p2a: Cresselia|Substitute
|
|switch|p1a: Rotom-Heat|Rotom-Heat|303\/303
|move|p2a: Cresselia|Calm Mind|p2a: Cresselia
|-boost|p2a: Cresselia|spa|1
|-boost|p2a: Cresselia|spd|1
|
|-heal|p2a: Cresselia|260\/443|[from] item: Leftovers
|turn|88
|
|switch|p2a: Arcanine|Arcanine, F|222\/383
|-ability|p2a: Arcanine|Intimidate|[of] p1a: Rotom-Heat
|-unboost|p1a: Rotom-Heat|atk|1
|move|p1a: Rotom-Heat|Will-O-Wisp|p2a: Arcanine|[miss]
|-miss|p1a: Rotom-Heat|p2a: Arcanine
|
|turn|89
|
|move|p2a: Arcanine|Will-O-Wisp|p1a: Rotom-Heat
|-fail|p1a: Rotom-Heat
|move|p1a: Rotom-Heat|Volt Switch|p2a: Arcanine
|-damage|p2a: Arcanine|113\/383
|
|switch|p1a: Magneton|Magneton|246\/272
|
|turn|90
|
|switch|p2a: Umbreon|Umbreon, M|346\/394
|move|p1a: Magneton|Thunderbolt|p2a: Umbreon
|-damage|p2a: Umbreon|247\/394
|
|-heal|p2a: Umbreon|271\/394|[from] item: Leftovers
|turn|91
|
|switch|p1a: Rotom-Heat|Rotom-Heat|303\/303
|move|p2a: Umbreon|Foul Play|p1a: Rotom-Heat
|-damage|p1a: Rotom-Heat|261\/303
|
|-heal|p1a: Rotom-Heat|279\/303|[from] item: Leftovers
|-heal|p2a: Umbreon|295\/394|[from] item: Leftovers
|turn|92
|
|move|p1a: Rotom-Heat|Volt Switch|p2a: Umbreon
|-damage|p2a: Umbreon|246\/394
|
|switch|p1a: Beedrill|Beedrill-Mega, M|69\/271
|move|p2a: Umbreon|Heal Bell|p2a: Umbreon
|-cureteam|p2a: Umbreon|[from] move: HealBell
|
|-heal|p2a: Umbreon|270\/394|[from] item: Leftovers
|turn|93
|
|move|p2a: Umbreon|Protect|p2a: Umbreon
|-singleturn|p2a: Umbreon|Protect
|move|p1a: Beedrill|U-turn|p2a: Umbreon
|-activate|p2a: Umbreon|Protect
|
|-heal|p2a: Umbreon|294\/394|[from] item: Leftovers
|turn|94
|
|move|p1a: Beedrill|U-turn|p2a: Umbreon
|-supereffective|p2a: Umbreon
|-damage|p2a: Umbreon|0 fnt
|faint|p2a: Umbreon
|
|switch|p1a: Rotom-Heat|Rotom-Heat|279\/303
|
|-heal|p1a: Rotom-Heat|297\/303|[from] item: Leftovers
|
|switch|p2a: Pidgeot|Pidgeot-Mega, F|68\/308
|turn|95
|
|move|p2a: Pidgeot|Roost|p2a: Pidgeot
|-heal|p2a: Pidgeot|222\/308
|move|p1a: Rotom-Heat|Will-O-Wisp|p2a: Pidgeot
|-status|p2a: Pidgeot|brn
|
|-heal|p1a: Rotom-Heat|303\/303|[from] item: Leftovers
|-damage|p2a: Pidgeot|184\/308 brn|[from] brn
|turn|96
|
|move|p2a: Pidgeot|Roost|p2a: Pidgeot
|-heal|p2a: Pidgeot|308\/308 brn
|move|p1a: Rotom-Heat|Volt Switch|p2a: Pidgeot
|-damage|p2a: Pidgeot|212\/308 brn
|
|switch|p1a: Beedrill|Beedrill-Mega, M|69\/271
|
|-damage|p2a: Pidgeot|174\/308 brn|[from] brn
|turn|97
|
|switch|p2a: Arcanine|Arcanine, F|113\/383
|-ability|p2a: Arcanine|Intimidate|[of] p1a: Beedrill
|-unboost|p1a: Beedrill|atk|1
|move|p1a: Beedrill|Poison Jab|p2a: Arcanine
|-damage|p2a: Arcanine|0 fnt
|-damage|p1a: Beedrill|24\/271|[from] item: Rocky Helmet|[of] p2a: Arcanine
|faint|p2a: Arcanine
|
|
|switch|p2a: Machamp|Machamp, F|164\/384
|turn|98
|
|switch|p1a: Rotom-Heat|Rotom-Heat|303\/303
|move|p2a: Machamp|Bullet Punch|p1a: Rotom-Heat
|-resisted|p1a: Rotom-Heat
|-damage|p1a: Rotom-Heat|295\/303
|
|-heal|p1a: Rotom-Heat|303\/303|[from] item: Leftovers
|turn|99
|
|switch|p2a: Pidgeot|Pidgeot-Mega, F|174\/308 brn
|move|p1a: Rotom-Heat|Will-O-Wisp|p2a: Pidgeot
|-fail|p2a: Pidgeot|brn
|
|-damage|p2a: Pidgeot|136\/308 brn|[from] brn
|turn|100
|
|switch|p2a: Machamp|Machamp, F|164\/384
|move|p1a: Rotom-Heat|Volt Switch|p2a: Machamp
|-damage|p2a: Machamp|101\/384
|
|switch|p1a: Florges|Florges, F|359\/359
|
|turn|101
|
|move|p1a: Florges|Moonblast|p2a: Machamp
|-supereffective|p2a: Machamp
|-damage|p2a: Machamp|0 fnt
|faint|p2a: Machamp
|
|-message|edrik forfeited.
|
|win|purplebanditos
|raw|Ladder updating...
|leave|edrik
|player|p2
|raw|purplebanditos's rating: 1335 &rarr; <strong>1356<\/strong><br \/>(+21 for winning)
|raw|edrik's rating: 1357 &rarr; <strong>1336<\/strong><br \/>(-21 for losing)
|leave|purplebanditos
|player|p1
|join|purplebanditos