|join|Kai The Great
|join|purplebanditos
|player|p1|Kai The Great|161
|player|p2|purplebanditos|192
|gametype|singles
|gen|6
|tier|UU
|rated
|rule|Sleep Clause Mod: Limit one foe put to sleep
|rule|Species Clause: Limit one of each PokÃ©mon
|rule|OHKO Clause: OHKO moves are banned
|rule|Moody Clause: Moody is banned
|rule|Evasion Moves Clause: Evasion moves are banned
|rule|Endless Battle Clause: Forcing endless battles is banned
|rule|HP Percentage Mod: HP is shown in percentages
|clearpoke
|poke|p1|Jirachi
|poke|p1|Darmanitan, M
|poke|p1|Nidoking, M
|poke|p1|Sceptile, M
|poke|p1|Absol, F
|poke|p1|Umbreon, F
|poke|p2|Shaymin
|poke|p2|Darmanitan, M
|poke|p2|Starmie
|poke|p2|Abomasnow, F
|poke|p2|Dugtrio, M
|poke|p2|Florges, F
|rule|Swagger Clause: Swagger is banned
|rule|Baton Pass Clause: Limit one PokÃ©mon knowing Baton Pass
|teampreview
|
|start
|switch|p1a: Darmanitan|Darmanitan, M|351\/351
|switch|p2a: Darmanitan|Darmanitan, M|351\/351
|turn|1
|
|switch|p2a: Florges|Florges, F|359\/359
|move|p1a: Darmanitan|Rock Slide|p2a: Florges
|-damage|p2a: Florges|231\/359
|
|-heal|p2a: Florges|253\/359|[from] item: Leftovers
|turn|2
|
|switch|p1a: Jirachi|Jirachi|341\/341
|switch|p2a: Dugtrio|Dugtrio, M|211\/211
|
|turn|3
|
|move|p2a: Dugtrio|Earthquake|p1a: Jirachi
|-supereffective|p1a: Jirachi
|-damage|p1a: Jirachi|77\/341
|move|p1a: Jirachi|U-turn|p2a: Dugtrio
|-damage|p2a: Dugtrio|89\/211
|
|switch|p1a: Absol|Absol, F|271\/271
|
|turn|4
|
|switch|p2a: Florges|Florges, F|253\/359
|detailschange|p1a: Absol|Absol-Mega, F
|message|Absol has Mega Evolved into Mega Absol!
|move|p1a: Absol|Sucker Punch|p2a: Florges
|-fail|p2a: Florges
|
|-heal|p2a: Florges|275\/359|[from] item: Leftovers
|turn|5
|
|switch|p1a: Darmanitan|Darmanitan, M|351\/351
|switch|p2a: Dugtrio|Dugtrio, M|89\/211
|
|turn|6
|
|move|p1a: Darmanitan|Zen Headbutt|p2a: Dugtrio
|-damage|p2a: Dugtrio|0 fnt
|faint|p2a: Dugtrio
|
|
|switch|p2a: Starmie|Starmie|267\/267
|turn|7
|
|switch|p1a: Umbreon|Umbreon, F|394\/394
|move|p2a: Starmie|Hydro Pump|p1a: Umbreon
|-damage|p1a: Umbreon|258\/394
|
|-heal|p1a: Umbreon|282\/394|[from] item: Leftovers
|turn|8
|
|switch|p2a: Florges|Florges, F|275\/359
|move|p1a: Umbreon|Foul Play|p2a: Florges
|-resisted|p2a: Florges
|-damage|p2a: Florges|247\/359
|
|-heal|p2a: Florges|269\/359|[from] item: Leftovers
|-heal|p1a: Umbreon|306\/394|[from] item: Leftovers
|turn|9
|
|switch|p2a: Darmanitan|Darmanitan, M|351\/351
|switch|p1a: Nidoking|Nidoking, M|303\/303
|
|turn|10
|
|move|p2a: Darmanitan|Flare Blitz|p1a: Nidoking
|-damage|p1a: Nidoking|0 fnt
|-damage|p2a: Darmanitan|251\/351|[from] recoil|[of] p1a: Nidoking
|faint|p1a: Nidoking
|
|
|switch|p1a: Darmanitan|Darmanitan, M|351\/351
|turn|11
|
|switch|p2a: Florges|Florges, F|269\/359
|move|p1a: Darmanitan|U-turn|p2a: Florges
|-resisted|p2a: Florges
|-damage|p2a: Florges|221\/359
|
|switch|p1a: Jirachi|Jirachi|77\/341
|
|-heal|p2a: Florges|243\/359|[from] item: Leftovers
|turn|12
|
|move|p2a: Florges|Protect|p2a: Florges
|-singleturn|p2a: Florges|Protect
|move|p1a: Jirachi|Iron Head|p2a: Florges
|-activate|p2a: Florges|Protect
|
|-heal|p2a: Florges|265\/359|[from] item: Leftovers
|turn|13
|
|switch|p2a: Starmie|Starmie|267\/267
|move|p1a: Jirachi|Body Slam|p2a: Starmie
|-damage|p2a: Starmie|164\/267
|-status|p2a: Starmie|par
|
|-heal|p2a: Starmie|180\/267 par|[from] item: Leftovers
|turn|14
|c|âpurplebanditos|good good
|
|move|p1a: Jirachi|U-turn|p2a: Starmie
|-supereffective|p2a: Starmie
|-damage|p2a: Starmie|20\/267 par
|
|switch|p1a: Sceptile|Sceptile, M|281\/281
|move|p2a: Starmie|Hydro Pump|p1a: Sceptile|[miss]
|-miss|p2a: Starmie|p1a: Sceptile
|
|-heal|p2a: Starmie|36\/267 par|[from] item: Leftovers
|turn|15
|c|âpurplebanditos|Very good
|c|âpurplebanditos|thx m8
|
|move|p1a: Sceptile|Giga Drain|p2a: Starmie
|-supereffective|p2a: Starmie
|-damage|p2a: Starmie|0 fnt
|faint|p2a: Starmie
|
|c|âKai The Great|lol wut
|
|switch|p2a: Darmanitan|Darmanitan, M|251\/351
|turn|16
|c|âpurplebanditos|the sarcasm
|
|switch|p1a: Darmanitan|Darmanitan, M|351\/351
|move|p2a: Darmanitan|U-turn|p1a: Darmanitan
|-resisted|p1a: Darmanitan
|-damage|p1a: Darmanitan|278\/351
|c|âKai The Great|ikr
|
|switch|p2a: Shaymin|Shaymin|341\/341
|
|turn|17
|c|âKai The Great|umadbru
|
|move|p1a: Darmanitan|Flare Blitz|p2a: Shaymin
|-supereffective|p2a: Shaymin
|-damage|p2a: Shaymin|0 fnt
|-damage|p1a: Darmanitan|165\/351|[from] recoil|[of] p2a: Shaymin
|faint|p2a: Shaymin
|
|c|âpurplebanditos|ok
|c|âpurplebanditos|gus
|c|âpurplebanditos|gud
|
|switch|p2a: Darmanitan|Darmanitan, M|251\/351
|turn|18
|c|âKai The Great|its a joke chill ^^
|c|âpurplebanditos|im gud
|
|switch|p1a: Sceptile|Sceptile, M|281\/281
|move|p2a: Darmanitan|Rock Slide|p1a: Sceptile
|-damage|p1a: Sceptile|78\/281
|
|turn|19
|
|switch|p1a: Darmanitan|Darmanitan, M|165\/351
|move|p2a: Darmanitan|Rock Slide|p1a: Darmanitan
|-crit|p1a: Darmanitan
|-supereffective|p1a: Darmanitan
|-damage|p1a: Darmanitan|0 fnt
|faint|p1a: Darmanitan
|
|
|switch|p1a: Umbreon|Umbreon, F|306\/394
|turn|20
|
|move|p2a: Darmanitan|Rock Slide|p1a: Umbreon
|-damage|p1a: Umbreon|188\/394
|move|p1a: Umbreon|Foul Play|p2a: Darmanitan
|-damage|p2a: Darmanitan|0 fnt
|faint|p2a: Darmanitan
|
|-heal|p1a: Umbreon|212\/394|[from] item: Leftovers
|
|switch|p2a: Abomasnow|Abomasnow, F|383\/383
|turn|21
|
|detailschange|p2a: Abomasnow|Abomasnow-Mega, F
|message|Abomasnow has Mega Evolved into Mega Abomasnow!
|-weather|Hail
|move|p1a: Umbreon|Foul Play|p2a: Abomasnow
|-damage|p2a: Abomasnow|193\/383
|move|p2a: Abomasnow|Earthquake|p1a: Umbreon
|-damage|p1a: Umbreon|100\/394
|
|-weather|Hail|[upkeep]
|-damage|p1a: Umbreon|76\/394|[from] hail
|-heal|p1a: Umbreon|100\/394|[from] item: Leftovers
|turn|22
|
|switch|p1a: Sceptile|Sceptile, M|78\/281
|move|p2a: Abomasnow|Earthquake|p1a: Sceptile
|-resisted|p1a: Sceptile
|-damage|p1a: Sceptile|0 fnt
|faint|p1a: Sceptile
|
|-weather|Hail|[upkeep]
|
|switch|p1a: Absol|Absol-Mega, F|271\/271
|turn|23
|
|move|p2a: Abomasnow|Ice Shard|p1a: Absol
|-damage|p1a: Absol|159\/271
|move|p1a: Absol|Superpower|p2a: Abomasnow
|-supereffective|p2a: Abomasnow
|-damage|p2a: Abomasnow|0 fnt
|-unboost|p1a: Absol|atk|1
|-unboost|p1a: Absol|def|1
|faint|p2a: Abomasnow
|
|-weather|Hail|[upkeep]
|-damage|p1a: Absol|143\/271|[from] hail
|
|switch|p2a: Florges|Florges, F|265\/359
|turn|24
|
|switch|p1a: Jirachi|Jirachi|77\/341
|move|p2a: Florges|Moonblast|p1a: Jirachi
|-resisted|p1a: Jirachi
|-damage|p1a: Jirachi|37\/341
|
|-weather|Hail|[upkeep]
|-damage|p1a: Jirachi|16\/341|[from] hail
|-damage|p2a: Florges|243\/359|[from] hail
|-heal|p2a: Florges|265\/359|[from] item: Leftovers
|turn|25
|
|move|p2a: Florges|Protect|p2a: Florges
|-singleturn|p2a: Florges|Protect
|move|p1a: Jirachi|Iron Head|p2a: Florges
|-activate|p2a: Florges|Protect
|
|-weather|none
|-heal|p2a: Florges|287\/359|[from] item: Leftovers
|turn|26
|c|âpurplebanditos|hail hydra
|c|âKai The Great|lol!
|c|âpurplebanditos|fok
|
|move|p1a: Jirachi|Iron Head|p2a: Florges
|-supereffective|p2a: Florges
|-damage|p2a: Florges|63\/359
|cant|p2a: Florges|flinch
|
|-heal|p2a: Florges|85\/359|[from] item: Leftovers
|turn|27
|c|âKai The Great|so lucky
|c|âpurplebanditos|haxy game
|c|âpurplebanditos|miss the iron head
|
|move|p1a: Jirachi|Iron Head|p2a: Florges
|-supereffective|p2a: Florges
|-damage|p2a: Florges|0 fnt
|faint|p2a: Florges
|
|win|Kai The Great
|raw|Ladder updating...
|raw|Kai The Great's rating: 1339 &rarr; <strong>1364<\/strong><br \/>(+25 for winning)
|raw|purplebanditos's rating: 1438 &rarr; <strong>1413<\/strong><br \/>(-25 for losing)
|c|âKai The Great|serene grace ftw
|c|âKai The Great|gg
|c|âpurplebanditos|gg
|c|âpurplebanditos|dont care
|c|âpurplebanditos|serene grace
|c|âKai The Great|lol