|inactive|Battle timer is ON: inactive players will automatically lose when time's up.
|J|Cr0w
|J|once in a while
|player|p1|Cr0w|264
|player|p2|once in a while|170
|gametype|singles
|gen|6
|tier|OU
|clearpoke
|poke|p1|Sceptile, F, shiny
|poke|p1|Bisharp, M
|poke|p1|Rotom-Wash
|poke|p1|Talonflame, M
|poke|p1|Tentacruel, M, shiny
|poke|p1|Mamoswine, M
|poke|p2|Lopunny, M
|poke|p2|Landorus, M
|poke|p2|Slowbro, M
|poke|p2|Heatran, F
|poke|p2|Latios, M
|poke|p2|Ferrothorn, F
|rule|Swagger Clause: Swagger is banned
|rule|Baton Pass Clause: Limit one PokÃ©mon knowing Baton Pass
|rule|Sleep Clause Mod: Limit one foe put to sleep
|rule|Species Clause: Limit one of each PokÃ©mon
|rule|OHKO Clause: OHKO moves are banned
|rule|Moody Clause: Moody is banned
|rule|Evasion Moves Clause: Evasion moves are banned
|rule|Endless Battle Clause: Forcing endless battles is banned
|rule|HP Percentage Mod: HP is shown in percentages
|teampreview
|c|âonce in a while|lets play g1 maybe I wont be able to play other games until later
|c|âonce in a while|hf
|c|âCr0w|ok, thx u2
|
|start
|switch|p1a: Rotom-Wash|Rotom-Wash|301\/301
|switch|p2a: Lopunny|Lopunny, M|271\/271
|turn|1
|
|detailschange|p2a: Lopunny|Lopunny-Mega, M
|-mega|p2a: Lopunny|Lopunny|Lopunnite
|move|p2a: Lopunny|Fake Out|p1a: Rotom-Wash
|-crit|p1a: Rotom-Wash
|-damage|p1a: Rotom-Wash|226\/301
|cant|p1a: Rotom-Wash|flinch
|
|-heal|p1a: Rotom-Wash|244\/301|[from] item: Leftovers
|turn|2
|
|move|p2a: Lopunny|Substitute|p2a: Lopunny
|-start|p2a: Lopunny|Substitute
|-damage|p2a: Lopunny|204\/271
|move|p1a: Rotom-Wash|Will-O-Wisp|p2a: Lopunny
|
|-heal|p1a: Rotom-Wash|262\/301|[from] item: Leftovers
|turn|3
|J|Praj.pran
|
|move|p2a: Lopunny|Return|p1a: Rotom-Wash
|-damage|p1a: Rotom-Wash|132\/301
|move|p1a: Rotom-Wash|Volt Switch|p2a: Lopunny
|-end|p2a: Lopunny|Substitute
|J|Hack
|
|switch|p1a: Talonflame|Talonflame, M|297\/297
|
|turn|4
|
|switch|p2a: Slowbro|Slowbro, M|394\/394
|move|p1a: Talonflame|U-turn|p2a: Slowbro
|-supereffective|p2a: Slowbro
|-damage|p2a: Slowbro|250\/394
|
|switch|p1a: Bisharp|Bisharp, M|277\/277
|
|-heal|p2a: Slowbro|274\/394|[from] item: Leftovers
|turn|5
|c|+Praj.pran|ost?
|J|Steeljackal
|c|âonce in a while|ya
|L|Hack
|c|+Praj.pran|gl both of u
|
|switch|p2a: Lopunny|Lopunny-Mega, M|204\/271
|move|p1a: Bisharp|Knock Off|p2a: Lopunny
|-resisted|p2a: Lopunny
|-damage|p2a: Lopunny|126\/271
|-damage|p1a: Bisharp|250\/277|[from] item: Life Orb
|
|turn|6
|c|âonce in a while|thanks man
|c|âCr0w|thxs 
|
|move|p2a: Lopunny|High Jump Kick|p1a: Bisharp
|-supereffective|p1a: Bisharp
|-damage|p1a: Bisharp|0 fnt
|faint|p1a: Bisharp
|
|c|+Steeljackal|whose alts are these
|c|âonce in a while|I am geeMick
|c|âonce in a while|he isn't an alt
|c|+steeljackal|oh
|c|âCr0w|are we suppose to be in alt
|c|âonce in a while|not at all
|c|+steeljackal|no
|
|switch|p1a: Talonflame|Talonflame, M|297\/297
|turn|7
|
|switch|p2a: Heatran|Heatran, F|385\/385
|move|p1a: Talonflame|Brave Bird|p2a: Heatran
|-resisted|p2a: Heatran
|-damage|p2a: Heatran|256\/385
|-damage|p1a: Talonflame|254\/297|[from] recoil|[of] p2a: Heatran
|
|-heal|p2a: Heatran|280\/385|[from] item: Leftovers
|turn|8
|J|innovamania
|
|switch|p1a: Tentacruel|Tentacruel, M, shiny|363\/363
|move|p2a: Heatran|Stealth Rock|p1a: Tentacruel
|-sidestart|p1: Cr0w|move: Stealth Rock
|
|-heal|p2a: Heatran|304\/385|[from] item: Leftovers
|turn|9
|
|switch|p2a: Landorus|Landorus, M|319\/319
|move|p1a: Tentacruel|Rapid Spin|p2a: Landorus
|-damage|p2a: Landorus|306\/319
|-sideend|p1: Cr0w|Stealth Rock|[from] move: Rapid Spin|[of] p1a: Tentacruel
|
|turn|10
|c|+steeljackal|isn't that pdc's team o_o
|c|âonce in a while|it's a team from my tutor, bluwing
|c|+Praj.pran|shh
|
|switch|p1a: Rotom-Wash|Rotom-Wash|132\/301
|move|p2a: Landorus|Earth Power|p1a: Rotom-Wash
|-immune|p1a: Rotom-Wash|[msg]
|
|-heal|p1a: Rotom-Wash|150\/301|[from] item: Leftovers
|turn|11
|
|move|p2a: Landorus|Focus Blast|p1a: Rotom-Wash|[miss]
|-miss|p2a: Landorus|p1a: Rotom-Wash
|move|p1a: Rotom-Wash|Pain Split|p2a: Landorus
|-sethp|p2a: Landorus|228\/319|p1a: Rotom-Wash|228\/301|[from] move: Pain Split
|
|-heal|p1a: Rotom-Wash|246\/301|[from] item: Leftovers
|turn|12
|c|âonce in a while|amazing
|
|switch|p2a: Latios|Latios, M|301\/301
|move|p1a: Rotom-Wash|Hydro Pump|p2a: Latios
|-resisted|p2a: Latios
|-damage|p2a: Latios|237\/301
|
|-heal|p1a: Rotom-Wash|264\/301|[from] item: Leftovers
|turn|13
|c|+Praj.pran|bluwing tute
|c|âonce in a while|not officially
|
|move|p2a: Latios|Draco Meteor|p1a: Rotom-Wash|[miss]
|-miss|p2a: Latios|p1a: Rotom-Wash
|move|p1a: Rotom-Wash|Volt Switch|p2a: Latios
|-resisted|p2a: Latios
|-damage|p2a: Latios|201\/301
|c|âonce in a while|lol
|
|switch|p1a: Sceptile|Sceptile, F, shiny|281\/281
|
|turn|14
|
|detailschange|p1a: Sceptile|Sceptile-Mega, F, shiny
|-mega|p1a: Sceptile|Sceptile|Sceptilite
|move|p2a: Latios|Draco Meteor|p1a: Sceptile
|-supereffective|p1a: Sceptile
|-damage|p1a: Sceptile|0 fnt
|-unboost|p2a: Latios|spa|2
|faint|p1a: Sceptile
|
|
|switch|p1a: Mamoswine|Mamoswine, M|361\/361
|turn|15
|
|switch|p2a: Slowbro|Slowbro, M|394\/394
|move|p1a: Mamoswine|Ice Shard|p2a: Slowbro
|-resisted|p2a: Slowbro
|-damage|p2a: Slowbro|368\/394
|
|-heal|p2a: Slowbro|392\/394|[from] item: Leftovers
|turn|16
|c|âCr0w|should of guess it was scarfed
|
|switch|p1a: Rotom-Wash|Rotom-Wash|264\/301
|move|p2a: Slowbro|Scald|p1a: Rotom-Wash
|-resisted|p1a: Rotom-Wash
|-damage|p1a: Rotom-Wash|218\/301
|
|-heal|p1a: Rotom-Wash|236\/301|[from] item: Leftovers
|-heal|p2a: Slowbro|394\/394|[from] item: Leftovers
|turn|17
|J|Bluwing
|
|switch|p2a: Landorus|Landorus, M|228\/319
|move|p1a: Rotom-Wash|Volt Switch|p2a: Landorus
|-immune|p2a: Landorus|[msg]
|
|-heal|p1a: Rotom-Wash|254\/301|[from] item: Leftovers
|turn|18
|
|move|p2a: Landorus|Focus Blast|p1a: Rotom-Wash|[miss]
|-miss|p2a: Landorus|p1a: Rotom-Wash
|move|p1a: Rotom-Wash|Hydro Pump|p2a: Landorus
|-supereffective|p2a: Landorus
|-damage|p2a: Landorus|0 fnt
|faint|p2a: Landorus
|
|-heal|p1a: Rotom-Wash|272\/301|[from] item: Leftovers
|c|âonce in a while|interesting.
|
|switch|p2a: Latios|Latios, M|201\/301
|turn|19
|
|move|p2a: Latios|Draco Meteor|p1a: Rotom-Wash
|-damage|p1a: Rotom-Wash|64\/301
|-unboost|p2a: Latios|spa|2
|move|p1a: Rotom-Wash|Pain Split|p2a: Latios
|-sethp|p2a: Latios|132\/301|p1a: Rotom-Wash|132\/301|[from] move: Pain Split
|
|-heal|p1a: Rotom-Wash|150\/301|[from] item: Leftovers
|turn|20
|
|switch|p2a: Ferrothorn|Ferrothorn, F|352\/352
|move|p1a: Rotom-Wash|Volt Switch|p2a: Ferrothorn
|-resisted|p2a: Ferrothorn
|-damage|p2a: Ferrothorn|319\/352
|
|switch|p1a: Tentacruel|Tentacruel, M, shiny|363\/363
|
|-heal|p2a: Ferrothorn|341\/352|[from] item: Leftovers
|turn|21
|
|move|p1a: Tentacruel|Toxic Spikes|p2a: Ferrothorn
|-sidestart|p2: once in a while|move: Toxic Spikes
|move|p2a: Ferrothorn|Spikes|p1a: Tentacruel
|-sidestart|p1: Cr0w|Spikes
|
|-heal|p2a: Ferrothorn|352\/352|[from] item: Leftovers
|turn|22
|
|switch|p2a: Latios|Latios, M|132\/301
|move|p1a: Tentacruel|Toxic Spikes|p2a: Latios
|-sidestart|p2: once in a while|move: Toxic Spikes
|
|turn|23
|
|move|p2a: Latios|Psyshock|p1a: Tentacruel
|-supereffective|p1a: Tentacruel
|-damage|p1a: Tentacruel|0 fnt
|faint|p1a: Tentacruel
|
|
|switch|p1a: Talonflame|Talonflame, M|254\/297
|turn|24
|
|switch|p2a: Heatran|Heatran, F|304\/385
|move|p1a: Talonflame|U-turn|p2a: Heatran
|-resisted|p2a: Heatran
|-damage|p2a: Heatran|281\/385
|
|switch|p1a: Mamoswine|Mamoswine, M|361\/361
|-damage|p1a: Mamoswine|316\/361|[from] Spikes
|
|-heal|p2a: Heatran|305\/385|[from] item: Leftovers
|turn|25
|
|switch|p2a: Ferrothorn|Ferrothorn, F|352\/352
|move|p1a: Mamoswine|Stealth Rock|p2a: Ferrothorn
|-sidestart|p2: once in a while|move: Stealth Rock
|
|turn|26
|
|switch|p1a: Talonflame|Talonflame, M|254\/297
|move|p2a: Ferrothorn|Leech Seed|p1a: Talonflame
|-start|p1a: Talonflame|move: Leech Seed
|
|-damage|p1a: Talonflame|217\/297|[from] Leech Seed|[of] p2a: Ferrothorn
|turn|27
|
|switch|p2a: Heatran|Heatran, F|305\/385
|-damage|p2a: Heatran|257\/385|[from] Stealth Rock
|move|p1a: Talonflame|Flare Blitz|p2a: Heatran
|-start|p2a: Heatran|ability: Flash Fire
|
|-heal|p2a: Heatran|281\/385|[from] item: Leftovers
|-damage|p1a: Talonflame|180\/297|[from] Leech Seed|[of] p2a: Heatran
|-heal|p2a: Heatran|318\/385|[silent]
|turn|28
|J|Thunder631
|
|switch|p1a: Rotom-Wash|Rotom-Wash|150\/301
|move|p2a: Heatran|Stealth Rock|p1a: Rotom-Wash
|-sidestart|p1: Cr0w|move: Stealth Rock
|
|-heal|p2a: Heatran|342\/385|[from] item: Leftovers
|-heal|p1a: Rotom-Wash|168\/301|[from] item: Leftovers
|turn|29
|
|move|p2a: Heatran|Toxic|p1a: Rotom-Wash
|-status|p1a: Rotom-Wash|tox
|move|p1a: Rotom-Wash|Hydro Pump|p2a: Heatran
|-supereffective|p2a: Heatran
|-damage|p2a: Heatran|66\/385
|
|-heal|p2a: Heatran|90\/385|[from] item: Leftovers
|-heal|p1a: Rotom-Wash|186\/301 tox|[from] item: Leftovers
|-damage|p1a: Rotom-Wash|168\/301 tox|[from] psn
|turn|30
|
|move|p2a: Heatran|Lava Plume|p1a: Rotom-Wash
|-resisted|p1a: Rotom-Wash
|-damage|p1a: Rotom-Wash|83\/301 tox
|move|p1a: Rotom-Wash|Volt Switch|p2a: Heatran
|-damage|p2a: Heatran|9\/385
|
|switch|p1a: Mamoswine|Mamoswine, M|316\/361
|-damage|p1a: Mamoswine|271\/361|[from] Stealth Rock
|-damage|p1a: Mamoswine|226\/361|[from] Spikes
|
|-heal|p2a: Heatran|33\/385|[from] item: Leftovers
|turn|31
|
|move|p2a: Heatran|Lava Plume|p1a: Mamoswine
|-crit|p1a: Mamoswine
|-supereffective|p1a: Mamoswine
|-damage|p1a: Mamoswine|0 fnt
|faint|p1a: Mamoswine
|
|-heal|p2a: Heatran|57\/385|[from] item: Leftovers
|
|switch|p1a: Rotom-Wash|Rotom-Wash|83\/301 tox
|-damage|p1a: Rotom-Wash|46\/301 tox|[from] Stealth Rock
|turn|32
|
|move|p2a: Heatran|Lava Plume|p1a: Rotom-Wash
|-resisted|p1a: Rotom-Wash
|-damage|p1a: Rotom-Wash|0 fnt
|faint|p1a: Rotom-Wash
|
|-heal|p2a: Heatran|81\/385|[from] item: Leftovers
|c|âCr0w|gg
|
|switch|p1a: Talonflame|Talonflame, M|180\/297
|-damage|p1a: Talonflame|32\/297|[from] Stealth Rock
|turn|33
|
|move|p1a: Talonflame|Brave Bird|p2a: Heatran
|-resisted|p2a: Heatran
|-damage|p2a: Heatran|0 fnt
|-damage|p1a: Talonflame|5\/297|[from] recoil|[of] p2a: Heatran
|faint|p2a: Heatran
|
|
|switch|p2a: Slowbro|Slowbro, M|394\/394
|-status|p2a: Slowbro|tox
|-damage|p2a: Slowbro|345\/394 tox|[from] Stealth Rock
|turn|34
|
|move|p1a: Talonflame|Brave Bird|p2a: Slowbro
|-damage|p2a: Slowbro|170\/394 tox
|-damage|p1a: Talonflame|0 fnt|[from] recoil|[of] p2a: Slowbro
|faint|p1a: Talonflame
|
|win|once in a while
|c|âonce in a while|gg
|L|Praj.pran
|L|once in a while
|player|p2
|L|Bluwing
|L|steelphoenix
|J|Maeckes
|L|Thunder631
|L|innovamania
|L|Maeckes
|J|SuperSmoke
|J|Maeckes
|L|Maeckes
|L|Cr0w
|player|p1
|J|destiny device
|J|ATJ
|L|destiny device
|J|FreeRoamer
|L|FreeRoamer
|J|HONOR
|L|SuperSmoke
|L|HONOR
|J|HONOR
|L|HONOR
|J|Thunder631
|L|Thunder631
|J|Obliviatee
|L|Obliviatee
|J|once in a while