|join|Frk64
|join|Zenza
|player|p1|Frk64|101
|player|p2|Zenza|167
|gametype|singles
|gen|6
|tier|OU
|rated
|clearpoke
|poke|p1|Slowbro, F
|poke|p1|Azumarill, F
|poke|p1|Raikou
|poke|p1|Heatran, M
|poke|p1|Latias, F
|poke|p1|Garchomp, F
|poke|p2|Serperior, M
|poke|p2|Gyarados, F
|poke|p2|Talonflame, F
|poke|p2|Bisharp, M
|poke|p2|Aerodactyl, M
|poke|p2|Latias, F
|rule|Swagger Clause: Swagger is banned
|rule|Baton Pass Clause: Limit one PokÃ©mon knowing Baton Pass
|rule|Sleep Clause Mod: Limit one foe put to sleep
|rule|Species Clause: Limit one of each PokÃ©mon
|rule|OHKO Clause: OHKO moves are banned
|rule|Moody Clause: Moody is banned
|rule|Evasion Moves Clause: Evasion moves are banned
|rule|Endless Battle Clause: Forcing endless battles is banned
|rule|HP Percentage Mod: HP is shown in percentages
|teampreview
|
|start
|switch|p1a: Slowbro|Slowbro, F|393\/393
|switch|p2a: Aerodactyl|Aerodactyl, M|301\/301
|-ability|p2a: Aerodactyl|Pressure
|turn|1
|
|move|p2a: Aerodactyl|Stealth Rock|p1a: Slowbro
|-sidestart|p1: Frk64|move: Stealth Rock
|move|p1a: Slowbro|Scald|p2a: Aerodactyl
|-supereffective|p2a: Aerodactyl
|-damage|p2a: Aerodactyl|65\/301
|
|turn|2
|
|move|p2a: Aerodactyl|Taunt|p1a: Slowbro
|-start|p1a: Slowbro|move: Taunt
|move|p1a: Slowbro|Psychic|p2a: Aerodactyl
|-damage|p2a: Aerodactyl|0 fnt
|faint|p2a: Aerodactyl
|
|
|switch|p2a: Serperior|Serperior, M|291\/291
|turn|3
|
|switch|p1a: Heatran|Heatran, M|353\/353
|-damage|p1a: Heatran|309\/353|[from] Stealth Rock
|move|p2a: Serperior|Hidden Power|p1a: Heatran
|-supereffective|p1a: Heatran
|-damage|p1a: Heatran|117\/353
|
|-heal|p1a: Heatran|139\/353|[from] item: Leftovers
|turn|4
|
|switch|p2a: Gyarados|Gyarados, F|331\/331
|-ability|p2a: Gyarados|Intimidate|[of] p1a: Heatran
|-unboost|p1a: Heatran|atk|1
|move|p1a: Heatran|Lava Plume|p2a: Gyarados
|-resisted|p2a: Gyarados
|-damage|p2a: Gyarados|251\/331
|-status|p2a: Gyarados|brn
|
|-heal|p1a: Heatran|161\/353|[from] item: Leftovers
|-damage|p2a: Gyarados|210\/331 brn|[from] brn
|turn|5
|
|switch|p1a: Azumarill|Azumarill, F|399\/399
|-damage|p1a: Azumarill|350\/399|[from] Stealth Rock
|move|p2a: Gyarados|Earthquake|p1a: Azumarill
|-damage|p1a: Azumarill|278\/399
|
|-damage|p2a: Gyarados|169\/331 brn|[from] brn
|turn|6
|
|switch|p2a: Talonflame|Talonflame, F|320\/320
|move|p1a: Azumarill|Knock Off|p2a: Talonflame
|-damage|p2a: Talonflame|128\/320
|-enditem|p2a: Talonflame|Leftovers|[from] move: Knock Off|[of] p1a: Azumarill
|
|turn|7
|
|switch|p1a: Heatran|Heatran, M|161\/353
|-damage|p1a: Heatran|117\/353|[from] Stealth Rock
|move|p2a: Talonflame|Brave Bird|p1a: Heatran
|-resisted|p1a: Heatran
|-damage|p1a: Heatran|39\/353
|-damage|p2a: Talonflame|102\/320|[from] recoil|[of] p1a: Heatran
|
|-heal|p1a: Heatran|61\/353|[from] item: Leftovers
|turn|8
|
|move|p2a: Talonflame|Brave Bird|p1a: Heatran
|-resisted|p1a: Heatran
|-damage|p1a: Heatran|0 fnt
|-damage|p2a: Talonflame|82\/320|[from] recoil|[of] p1a: Heatran
|faint|p1a: Heatran
|
|
|switch|p1a: Raikou|Raikou|321\/321
|-damage|p1a: Raikou|281\/321|[from] Stealth Rock
|-ability|p1a: Raikou|Pressure
|turn|9
|
|move|p2a: Talonflame|Brave Bird|p1a: Raikou
|-resisted|p1a: Raikou
|-damage|p1a: Raikou|166\/321
|-damage|p2a: Talonflame|44\/320|[from] recoil|[of] p1a: Raikou
|move|p1a: Raikou|Volt Switch|p2a: Talonflame
|-supereffective|p2a: Talonflame
|-damage|p2a: Talonflame|0 fnt
|faint|p2a: Talonflame
|
|switch|p1a: Garchomp|Garchomp, F|357\/357
|-damage|p1a: Garchomp|335\/357|[from] Stealth Rock
|
|
|switch|p2a: Serperior|Serperior, M|291\/291
|turn|10
|
|move|p2a: Serperior|Leaf Storm|p1a: Garchomp|[miss]
|-miss|p2a: Serperior|p1a: Garchomp
|move|p1a: Garchomp|Outrage|p2a: Serperior
|-damage|p2a: Serperior|68\/291
|
|turn|11
|c|âFrk64|leaf storm aie
|
|switch|p2a: Gyarados|Gyarados, F|169\/331 brn
|-ability|p2a: Gyarados|Intimidate|[of] p1a: Garchomp
|-unboost|p1a: Garchomp|atk|1
|move|p1a: Garchomp|Outrage|p2a: Gyarados
|-damage|p2a: Gyarados|0 fnt
|faint|p2a: Gyarados
|
|-end|p1a: Garchomp|rampage
|-start|p1a: Garchomp|confusion
|
|switch|p2a: Latias|Latias, F|301\/301
|turn|12
|
|switch|p1a: Azumarill|Azumarill, F|278\/399
|-damage|p1a: Azumarill|229\/399|[from] Stealth Rock
|move|p2a: Latias|Healing Wish|p2a: Latias
|faint|p2a: Latias
|
|
|switch|p2a: Serperior|Serperior, M|68\/291
|-heal|p2a: Serperior|291\/291|[from] move: Healing Wish
|turn|13
|
|switch|p1a: Latias|Latias, F|319\/319
|-damage|p1a: Latias|280\/319|[from] Stealth Rock
|move|p2a: Serperior|Leaf Storm|p1a: Latias
|-resisted|p1a: Latias
|-damage|p1a: Latias|212\/319
|-boost|p2a: Serperior|spa|2
|
|turn|14
|
|switch|p2a: Bisharp|Bisharp, M|272\/272
|move|p1a: Latias|Draco Meteor|p2a: Bisharp
|-resisted|p2a: Bisharp
|-damage|p2a: Bisharp|108\/272
|-unboost|p1a: Latias|spa|2
|-damage|p1a: Latias|181\/319|[from] item: Life Orb
|
|turn|15
|
|move|p1a: Latias|Healing Wish|p1a: Latias
|faint|p1a: Latias
|move|p2a: Bisharp|Swords Dance|p2a: Bisharp
|-boost|p2a: Bisharp|atk|2
|
|
|switch|p1a: Raikou|Raikou|166\/321
|-heal|p1a: Raikou|321\/321|[from] move: Healing Wish
|-damage|p1a: Raikou|281\/321|[from] Stealth Rock
|-ability|p1a: Raikou|Pressure
|turn|16
|
|move|p2a: Bisharp|Sucker Punch|p1a: Raikou
|-damage|p1a: Raikou|0 fnt
|faint|p1a: Raikou
|
|
|switch|p1a: Azumarill|Azumarill, F|229\/399
|-damage|p1a: Azumarill|180\/399|[from] Stealth Rock
|turn|17
|
|move|p1a: Azumarill|Aqua Jet|p2a: Bisharp
|-damage|p2a: Bisharp|23\/272
|move|p2a: Bisharp|Iron Head|p1a: Azumarill
|-damage|p1a: Azumarill|0 fnt
|faint|p1a: Azumarill
|
|
|switch|p1a: Garchomp|Garchomp, F|335\/357
|-damage|p1a: Garchomp|313\/357|[from] Stealth Rock
|turn|18
|
|move|p2a: Bisharp|Sucker Punch|p1a: Garchomp
|-damage|p1a: Garchomp|0 fnt
|-damage|p2a: Bisharp|0 fnt|[from] ability: Rough Skin|[of] p1a: Garchomp
|faint|p2a: Bisharp
|faint|p1a: Garchomp
|
|
|switch|p2a: Serperior|Serperior, M|291\/291
|switch|p1a: Slowbro|Slowbro, F|393\/393
|-damage|p1a: Slowbro|344\/393|[from] Stealth Rock
|turn|19
|
|detailschange|p1a: Slowbro|Slowbro-Mega, F
|-mega|p1a: Slowbro|Slowbro|Slowbronite
|move|p2a: Serperior|Leaf Storm|p1a: Slowbro
|-supereffective|p1a: Slowbro
|-damage|p1a: Slowbro|0 fnt
|-boost|p2a: Serperior|spa|2
|faint|p1a: Slowbro
|
|win|Zenza
|raw|Ladder updating...
|raw|Frk64's rating: 1272 &rarr; <strong>1244<\/strong><br \/>(-28 for losing)
|raw|Zenza's rating: 1235 &rarr; <strong>1263<\/strong><br \/>(+28 for winning)