|join|Zenza
|join|Kuraineko2
|player|p1|Zenza|167
|player|p2|Kuraineko2|260
|gametype|singles
|gen|6
|tier|OU
|rated
|clearpoke
|poke|p1|Lopunny, F
|poke|p1|Landorus-Therian, M
|poke|p1|Celebi
|poke|p1|Heatran, M
|poke|p1|Gengar, M
|poke|p1|Keldeo
|poke|p2|Landorus, M
|poke|p2|Manectric, F
|poke|p2|Conkeldurr, M
|poke|p2|Skarmory, F
|poke|p2|Latias, F
|poke|p2|Keldeo
|rule|Swagger Clause: Swagger is banned
|rule|Baton Pass Clause: Limit one PokÃ©mon knowing Baton Pass
|rule|Sleep Clause Mod: Limit one foe put to sleep
|rule|Species Clause: Limit one of each PokÃ©mon
|rule|OHKO Clause: OHKO moves are banned
|rule|Moody Clause: Moody is banned
|rule|Evasion Moves Clause: Evasion moves are banned
|rule|Endless Battle Clause: Forcing endless battles is banned
|rule|HP Percentage Mod: HP is shown in percentages
|teampreview
|
|start
|switch|p1a: Landorus-Therian|Landorus-Therian, M|325\/325
|switch|p2a: Manectric|Manectric, F|281\/281
|-ability|p1a: Landorus-Therian|Intimidate|[of] p2a: Manectric
|-unboost|p2a: Manectric|atk|1
|turn|1
|join|tomibello
|
|switch|p2a: Landorus|Landorus, M|319\/319
|move|p1a: Landorus-Therian|U-turn|p2a: Landorus
|-resisted|p2a: Landorus
|-damage|p2a: Landorus|269\/319
|
|switch|p1a: Keldeo|Keldeo|323\/323
|
|turn|2
|
|switch|p2a: Conkeldurr|Conkeldurr, M|413\/413
|move|p1a: Keldeo|Scald|p2a: Conkeldurr
|-damage|p2a: Conkeldurr|230\/413
|
|turn|3
|
|move|p1a: Keldeo|Scald|p2a: Conkeldurr
|-damage|p2a: Conkeldurr|22\/413
|move|p2a: Conkeldurr|Poison Jab|p1a: Keldeo
|-damage|p1a: Keldeo|199\/323
|
|turn|4
|
|switch|p2a: Latias|Latias, F|301\/301
|move|p1a: Keldeo|Scald|p2a: Latias
|-resisted|p2a: Latias
|-damage|p2a: Latias|218\/301
|
|-heal|p2a: Latias|236\/301|[from] item: Leftovers
|turn|5
|
|switch|p1a: Heatran|Heatran, M|382\/382
|move|p2a: Latias|Thunderbolt|p1a: Heatran
|-damage|p1a: Heatran|316\/382
|
|-heal|p2a: Latias|254\/301|[from] item: Leftovers
|-heal|p1a: Heatran|339\/382|[from] item: Leftovers
|turn|6
|join|boltsandbombers
|c|âZenza|bolts
|c| boltsandbombers|yo
|
|switch|p2a: Keldeo|Keldeo|324\/324
|move|p1a: Heatran|Stealth Rock|p2a: Keldeo
|-sidestart|p2: Kuraineko2|move: Stealth Rock
|
|-heal|p1a: Heatran|362\/382|[from] item: Leftovers
|turn|7
|c|âZenza|could you pass me a nice squad to ladder with
|c| boltsandbombers|nice team, looks pretty good
|c| boltsandbombers|sure
|c|âZenza|thanks
|c|âZenza|yeah this is aight
|
|switch|p1a: Celebi|Celebi|403\/403
|move|p2a: Keldeo|Icy Wind|p1a: Celebi
|-supereffective|p1a: Celebi
|-damage|p1a: Celebi|307\/403
|-unboost|p1a: Celebi|spe|1
|
|-heal|p1a: Celebi|332\/403|[from] item: Leftovers
|turn|8
|
|switch|p2a: Conkeldurr|Conkeldurr, M|22\/413
|-damage|p2a: Conkeldurr|0 fnt|[from] Stealth Rock
|faint|p2a: Conkeldurr
|move|p1a: Celebi|Baton Pass|p1a: Celebi
|
|switch|p1a: Landorus-Therian|Landorus-Therian, M|325\/325
|
|
|switch|p2a: Manectric|Manectric, F|281\/281
|-damage|p2a: Manectric|246\/281|[from] Stealth Rock
|turn|9
|
|switch|p1a: Heatran|Heatran, M|362\/382
|detailschange|p2a: Manectric|Manectric-Mega, F
|-mega|p2a: Manectric|Manectric|Manectite
|-ability|p2a: Manectric|Intimidate|[of] p1a: Heatran
|-unboost|p1a: Heatran|atk|1
|move|p2a: Manectric|Hidden Power|p1a: Heatran
|-resisted|p1a: Heatran
|-damage|p1a: Heatran|348\/382
|
|-heal|p1a: Heatran|371\/382|[from] item: Leftovers
|turn|10
|
|move|p2a: Manectric|Volt Switch|p1a: Heatran
|-damage|p1a: Heatran|289\/382
|
|switch|p2a: Landorus|Landorus, M|269\/319
|-damage|p2a: Landorus|230\/319|[from] Stealth Rock
|move|p1a: Heatran|Toxic|p2a: Landorus
|-status|p2a: Landorus|tox
|
|-heal|p1a: Heatran|312\/382|[from] item: Leftovers
|-damage|p2a: Landorus|211\/319 tox|[from] psn
|turn|11
|
|switch|p1a: Landorus-Therian|Landorus-Therian, M|325\/325
|-ability|p1a: Landorus-Therian|Intimidate|[of] p2a: Landorus
|-unboost|p2a: Landorus|atk|1
|move|p2a: Landorus|Psychic|p1a: Landorus-Therian
|-crit|p1a: Landorus-Therian
|-damage|p1a: Landorus-Therian|0 fnt
|faint|p1a: Landorus-Therian
|
|-damage|p2a: Landorus|173\/319 tox|[from] psn
|
|switch|p1a: Lopunny|Lopunny, F|271\/271
|turn|12
|c| boltsandbombers|ouch
|c| boltsandbombers|celebi was prob the better switch imo
|
|switch|p2a: Skarmory|Skarmory, F|333\/333
|-damage|p2a: Skarmory|292\/333|[from] Stealth Rock
|detailschange|p1a: Lopunny|Lopunny-Mega, F
|-mega|p1a: Lopunny|Lopunny|Lopunnite
|move|p1a: Lopunny|Frustration|p2a: Skarmory
|-resisted|p2a: Skarmory
|-damage|p2a: Skarmory|239\/333
|
|turn|13
|
|switch|p1a: Heatran|Heatran, M|312\/382
|move|p2a: Skarmory|Stealth Rock|p1a: Heatran
|-sidestart|p1: Zenza|move: Stealth Rock
|
|-heal|p1a: Heatran|335\/382|[from] item: Leftovers
|turn|14
|c| tomibello|EQ skarm
|c| tomibello|y\/n
|c|âZenza|y
|
|switch|p2a: Keldeo|Keldeo|324\/324
|-damage|p2a: Keldeo|304\/324|[from] Stealth Rock
|move|p1a: Heatran|Lava Plume|p2a: Keldeo
|-crit|p2a: Keldeo
|-resisted|p2a: Keldeo
|-damage|p2a: Keldeo|215\/324
|
|-heal|p1a: Heatran|358\/382|[from] item: Leftovers
|turn|15
|c| boltsandbombers|lol
|
|switch|p1a: Celebi|Celebi|332\/403
|-damage|p1a: Celebi|282\/403|[from] Stealth Rock
|move|p2a: Keldeo|Icy Wind|p1a: Celebi
|-supereffective|p1a: Celebi
|-damage|p1a: Celebi|178\/403
|-unboost|p1a: Celebi|spe|1
|
|-heal|p1a: Celebi|203\/403|[from] item: Leftovers
|turn|16
|c|âZenza|dommage
|c| tomibello|i still dont get wh ykeldeo doesnt get icebeam
|c| tomibello|troolfreak
|
|switch|p2a: Manectric|Manectric-Mega, F|246\/281
|-damage|p2a: Manectric|211\/281|[from] Stealth Rock
|-ability|p2a: Manectric|Intimidate|[of] p1a: Celebi
|-unboost|p1a: Celebi|atk|1
|move|p1a: Celebi|Recover|p1a: Celebi
|-heal|p1a: Celebi|403\/403
|
|turn|17
|
|switch|p1a: Heatran|Heatran, M|358\/382
|-damage|p1a: Heatran|311\/382|[from] Stealth Rock
|move|p2a: Manectric|Hidden Power|p1a: Heatran
|-resisted|p1a: Heatran
|-damage|p1a: Heatran|299\/382
|
|-heal|p1a: Heatran|322\/382|[from] item: Leftovers
|turn|18
|c| boltsandbombers|bring back hp bug keldeo y\/n
|
|move|p2a: Manectric|Volt Switch|p1a: Heatran
|-damage|p1a: Heatran|228\/382
|c| tomibello|aim
|
|switch|p2a: Latias|Latias, F|254\/301
|-damage|p2a: Latias|217\/301|[from] Stealth Rock
|move|p1a: Heatran|Lava Plume|p2a: Latias
|-resisted|p2a: Latias
|-damage|p2a: Latias|167\/301
|
|-heal|p2a: Latias|185\/301|[from] item: Leftovers
|-heal|p1a: Heatran|251\/382|[from] item: Leftovers
|turn|19
|c| tomibello|used tht
|c| tomibello|b4
|c|âZenza|!learn latias, earthquake
|raw|<div class="infobox">Latias <span class="message-learn-canlearn">can<\/span> learn Earthquake<\/ul><\/div>
|c|âZenza|incoming
|
|move|p2a: Latias|Defog|p1a: Heatran
|-unboost|p1a: Heatran|evasion|1
|-sideend|p1: Zenza|Stealth Rock|[from] move: Defog|[of] p1a: Heatran
|-sideend|p2: Kuraineko2|Stealth Rock|[from] move: Defog|[of] p2a: Latias
|move|p1a: Heatran|Toxic|p2a: Latias
|-status|p2a: Latias|tox
|
|-heal|p2a: Latias|203\/301 tox|[from] item: Leftovers
|-heal|p1a: Heatran|274\/382|[from] item: Leftovers
|-damage|p2a: Latias|185\/301 tox|[from] psn
|turn|20
|c| tomibello|i mean he has keldeo\/lando\/conk
|c| tomibello|to deal w\/ tran
|
|move|p2a: Latias|Thunderbolt|p1a: Heatran
|-damage|p1a: Heatran|205\/382
|move|p1a: Heatran|Toxic|p2a: Latias
|-fail|p2a: Latias|tox
|
|-heal|p2a: Latias|203\/301 tox|[from] item: Leftovers
|-heal|p1a: Heatran|228\/382|[from] item: Leftovers
|-damage|p2a: Latias|167\/301 tox|[from] psn
|turn|21
|c| tomibello|bo reason for DEQ\
|c| boltsandbombers|latios run eq occasionally, latias doesnt (and shouldnt)
|
|switch|p2a: Landorus|Landorus, M|173\/319 tox
|move|p1a: Heatran|Stealth Rock|p2a: Landorus
|-sidestart|p2: Kuraineko2|move: Stealth Rock
|
|-heal|p1a: Heatran|251\/382|[from] item: Leftovers
|-damage|p2a: Landorus|154\/319 tox|[from] psn
|turn|22
|c|âZenza|ye i know haha
|
|switch|p1a: Celebi|Celebi|403\/403
|move|p2a: Landorus|Psychic|p1a: Celebi
|-resisted|p1a: Celebi
|-damage|p1a: Celebi|335\/403
|
|-heal|p1a: Celebi|360\/403|[from] item: Leftovers
|-damage|p2a: Landorus|116\/319 tox|[from] psn
|turn|23
|
|switch|p1a: Heatran|Heatran, M|251\/382
|move|p2a: Landorus|Sludge Wave|p1a: Heatran
|-immune|p1a: Heatran|[msg]
|
|-heal|p1a: Heatran|274\/382|[from] item: Leftovers
|-damage|p2a: Landorus|59\/319 tox|[from] psn
|turn|24
|
|switch|p2a: Latias|Latias, F|167\/301 tox
|-damage|p2a: Latias|130\/301 tox|[from] Stealth Rock
|switch|p1a: Gengar|Gengar, M|261\/261
|
|-heal|p2a: Latias|148\/301 tox|[from] item: Leftovers
|-damage|p2a: Latias|130\/301 tox|[from] psn
|turn|25
|
|switch|p1a: Heatran|Heatran, M|274\/382
|move|p2a: Latias|Psyshock|p1a: Heatran
|-resisted|p1a: Heatran
|-damage|p1a: Heatran|218\/382
|
|-heal|p2a: Latias|148\/301 tox|[from] item: Leftovers
|-heal|p1a: Heatran|241\/382|[from] item: Leftovers
|-damage|p2a: Latias|112\/301 tox|[from] psn
|turn|26
|
|move|p2a: Latias|Healing Wish|p2a: Latias
|faint|p2a: Latias
|move|p1a: Heatran|Lava Plume|p2: Latias|[notarget]
|-notarget
|
|-heal|p1a: Heatran|264\/382|[from] item: Leftovers
|
|switch|p2a: Landorus|Landorus, M|59\/319 tox
|-heal|p2a: Landorus|319\/319|[from] move: Healing Wish
|-damage|p2a: Landorus|280\/319|[from] Stealth Rock
|turn|27
|
|move|p2a: Landorus|Earth Power|p1a: Heatran
|-crit|p1a: Heatran
|-supereffective|p1a: Heatran
|-damage|p1a: Heatran|0 fnt
|faint|p1a: Heatran
|
|
|switch|p1a: Keldeo|Keldeo|199\/323
|turn|28
|
|switch|p2a: Keldeo|Keldeo|215\/324
|-damage|p2a: Keldeo|195\/324|[from] Stealth Rock
|move|p1a: Keldeo|Secret Sword|p2a: Keldeo
|-damage|p2a: Keldeo|0 fnt
|faint|p2a: Keldeo
|
|
|switch|p2a: Landorus|Landorus, M|280\/319
|-damage|p2a: Landorus|241\/319|[from] Stealth Rock
|turn|29
|
|switch|p1a: Celebi|Celebi|360\/403
|move|p2a: Landorus|Sludge Wave|p1a: Celebi
|-supereffective|p1a: Celebi
|-damage|p1a: Celebi|66\/403
|
|-heal|p1a: Celebi|91\/403|[from] item: Leftovers
|turn|30
|c| boltsandbombers|lando-I is so damn good vs balance jeez
|c|âZenza|.cri
|
|switch|p2a: Manectric|Manectric-Mega, F|211\/281
|-damage|p2a: Manectric|176\/281|[from] Stealth Rock
|-ability|p2a: Manectric|Intimidate|[of] p1a: Celebi
|-unboost|p1a: Celebi|atk|1
|move|p1a: Celebi|Giga Drain|p2a: Manectric
|-damage|p2a: Manectric|71\/281
|-heal|p1a: Celebi|144\/403|[from] drain|[of] p2a: Manectric
|
|-heal|p1a: Celebi|169\/403|[from] item: Leftovers
|turn|31
|
|move|p2a: Manectric|Flamethrower|p1a: Celebi
|-supereffective|p1a: Celebi
|-damage|p1a: Celebi|0 fnt
|faint|p1a: Celebi
|
|
|switch|p1a: Lopunny|Lopunny-Mega, F|271\/271
|turn|32
|c| boltsandbombers|ur winning this tie imo
|
|switch|p2a: Skarmory|Skarmory, F|239\/333
|-damage|p2a: Skarmory|198\/333|[from] Stealth Rock
|move|p1a: Lopunny|High Jump Kick|p2a: Skarmory
|-damage|p2a: Skarmory|65\/333
|
|turn|33
|
|move|p1a: Lopunny|High Jump Kick|p2a: Skarmory
|-damage|p2a: Skarmory|0 fnt
|faint|p2a: Skarmory
|
|
|switch|p2a: Manectric|Manectric-Mega, F|71\/281
|-damage|p2a: Manectric|36\/281|[from] Stealth Rock
|-ability|p2a: Manectric|Intimidate|[of] p1a: Lopunny
|-unboost|p1a: Lopunny|atk|1
|turn|34
|
|move|p2a: Manectric|Thunderbolt|p1a: Lopunny
|-damage|p1a: Lopunny|106\/271
|-status|p1a: Lopunny|par
|cant|p1a: Lopunny|par
|
|turn|35
|c|âZenza|sigh
|c| tomibello|i cri evry teim
|
|switch|p1a: Keldeo|Keldeo|199\/323
|move|p2a: Manectric|Thunderbolt|p1a: Keldeo
|-supereffective|p1a: Keldeo
|-damage|p1a: Keldeo|0 fnt
|faint|p1a: Keldeo
|
|
|switch|p1a: Gengar|Gengar, M|261\/261
|turn|36
|
|move|p2a: Manectric|Volt Switch|p1a: Gengar
|-damage|p1a: Gengar|98\/261
|
|switch|p2a: Landorus|Landorus, M|241\/319
|-damage|p2a: Landorus|202\/319|[from] Stealth Rock
|move|p1a: Gengar|Shadow Ball|p2a: Landorus
|-damage|p2a: Landorus|0 fnt
|-damage|p1a: Gengar|72\/261|[from] item: Life Orb
|faint|p2a: Landorus
|
|
|switch|p2a: Manectric|Manectric-Mega, F|36\/281
|-damage|p2a: Manectric|1\/281|[from] Stealth Rock
|-ability|p2a: Manectric|Intimidate|[of] p1a: Gengar
|-unboost|p1a: Gengar|atk|1
|turn|37
|
|move|p2a: Manectric|Thunderbolt|p1a: Gengar
|-damage|p1a: Gengar|0 fnt
|faint|p1a: Gengar
|
|
|switch|p1a: Lopunny|Lopunny-Mega, F|106\/271 par
|turn|38
|c| tomibello|protect
|c| tomibello|!!!!
|c|âZenza|!pick para, no para, no para, no para
|raw|<div class="infobox"><em>We randomly picked:<\/em> no para<\/div>
|
|cant|p1a: Lopunny|par
|move|p2a: Manectric|Thunderbolt|p1a: Lopunny
|-damage|p1a: Lopunny|0 fnt
|faint|p1a: Lopunny
|
|win|Kuraineko2
|raw|Ladder updating...
|raw|Zenza's rating: 1582 &rarr; <strong>1554<\/strong><br \/>(-28 for losing)
|raw|Kuraineko2's rating: 1437 &rarr; <strong>1465<\/strong><br \/>(+28 for winning)
|c|âZenza|so tired of this game