|join|DRACO66
|join|Zenza
|player|p1|DRACO66|101
|player|p2|Zenza|167
|gametype|singles
|gen|6
|tier|OU
|rated
|clearpoke
|poke|p1|Diggersby, M
|poke|p1|Glalie, F
|poke|p1|Talonflame, F
|poke|p1|Latios, M
|poke|p1|Keldeo
|poke|p1|Jirachi
|poke|p2|Slowbro, M
|poke|p2|Tyranitar, M
|poke|p2|Heatran, F
|poke|p2|Latios, M
|poke|p2|Ferrothorn, M
|poke|p2|Landorus-Therian, M
|rule|Swagger Clause: Swagger is banned
|rule|Baton Pass Clause: Limit one PokÃ©mon knowing Baton Pass
|rule|Sleep Clause Mod: Limit one foe put to sleep
|rule|Species Clause: Limit one of each PokÃ©mon
|rule|OHKO Clause: OHKO moves are banned
|rule|Moody Clause: Moody is banned
|rule|Evasion Moves Clause: Evasion moves are banned
|rule|Endless Battle Clause: Forcing endless battles is banned
|rule|HP Percentage Mod: HP is shown in percentages
|teampreview
|
|start
|switch|p1a: Liam Payne|Latios, M|301\/301
|switch|p2a: Tyranitar|Tyranitar, M|341\/341
|-weather|Sandstorm
|turn|1
|
|move|p2a: Tyranitar|Pursuit|p1a: Liam Payne
|-supereffective|p1a: Liam Payne
|-damage|p1a: Liam Payne|115\/301
|move|p1a: Liam Payne|Thunder Wave|p2a: Tyranitar
|-status|p2a: Tyranitar|par
|
|-weather|Sandstorm|[upkeep]
|-damage|p1a: Liam Payne|97\/301|[from] sandstorm
|turn|2
|
|move|p1a: Liam Payne|Dragon Pulse|p2a: Tyranitar
|-damage|p2a: Tyranitar|208\/341 par
|-damage|p1a: Liam Payne|67\/301|[from] item: Life Orb
|move|p2a: Tyranitar|Pursuit|p1a: Liam Payne
|-supereffective|p1a: Liam Payne
|-damage|p1a: Liam Payne|0 fnt
|faint|p1a: Liam Payne
|
|-weather|Sandstorm|[upkeep]
|
|switch|p1a: Niall Horan|Diggersby, M|311\/311
|turn|3
|
|switch|p2a: Landorus-Therian|Landorus-Therian, M|337\/337
|-ability|p2a: Landorus-Therian|Intimidate|[of] p1a: Niall Horan
|-unboost|p1a: Niall Horan|atk|1
|move|p1a: Niall Horan|Swords Dance|p1a: Niall Horan
|-boost|p1a: Niall Horan|atk|2
|
|-weather|Sandstorm|[upkeep]
|turn|4
|
|switch|p2a: Tyranitar|Tyranitar, M|208\/341 par
|move|p1a: Niall Horan|Frustration|p2a: Tyranitar
|-resisted|p2a: Tyranitar
|-damage|p2a: Tyranitar|0 fnt
|-damage|p1a: Niall Horan|280\/311|[from] item: Life Orb
|faint|p2a: Tyranitar
|
|-weather|Sandstorm|[upkeep]
|
|switch|p2a: Landorus-Therian|Landorus-Therian, M|337\/337
|-ability|p2a: Landorus-Therian|Intimidate|[of] p1a: Niall Horan
|-unboost|p1a: Niall Horan|atk|1
|turn|5
|
|move|p2a: Landorus-Therian|Earthquake|p1a: Niall Horan
|-damage|p1a: Niall Horan|0 fnt
|faint|p1a: Niall Horan
|
|-weather|none
|
|switch|p1a: Keldeo|Keldeo|323\/323
|turn|6
|
|switch|p2a: Slowbro|Slowbro, M|394\/394
|move|p1a: Keldeo|Icy Wind|p2a: Slowbro
|-resisted|p2a: Slowbro
|-damage|p2a: Slowbro|359\/394
|-unboost|p2a: Slowbro|spe|1
|
|turn|7
|
|detailschange|p2a: Slowbro|Slowbro-Mega, M
|-mega|p2a: Slowbro|Slowbro|Slowbronite
|move|p1a: Keldeo|Scald|p2a: Slowbro
|-resisted|p2a: Slowbro
|-damage|p2a: Slowbro|291\/394
|move|p2a: Slowbro|Calm Mind|p2a: Slowbro
|-boost|p2a: Slowbro|spa|1
|-boost|p2a: Slowbro|spd|1
|
|turn|8
|
|switch|p1a: Jirachi|Jirachi|341\/341
|move|p2a: Slowbro|Calm Mind|p2a: Slowbro
|-boost|p2a: Slowbro|spa|1
|-boost|p2a: Slowbro|spd|1
|
|turn|9
|
|move|p1a: Jirachi|Body Slam|p2a: Slowbro
|-damage|p2a: Slowbro|250\/394
|move|p2a: Slowbro|Slack Off|p2a: Slowbro
|-heal|p2a: Slowbro|394\/394
|
|turn|10
|
|move|p1a: Jirachi|Body Slam|p2a: Slowbro
|-damage|p2a: Slowbro|351\/394
|-status|p2a: Slowbro|par
|move|p2a: Slowbro|Scald|p1a: Jirachi
|-crit|p1a: Jirachi
|-enditem|p1a: Jirachi|Focus Sash
|-damage|p1a: Jirachi|1\/341
|
|turn|11
|
|move|p1a: Jirachi|Stealth Rock|p2a: Slowbro
|-sidestart|p2: Zenza|move: Stealth Rock
|cant|p2a: Slowbro|par
|
|turn|12
|
|move|p1a: Jirachi|Iron Head|p2a: Slowbro
|-resisted|p2a: Slowbro
|-damage|p2a: Slowbro|319\/394 par
|cant|p2a: Slowbro|flinch
|
|turn|13
|
|move|p1a: Jirachi|Iron Head|p2a: Slowbro
|-resisted|p2a: Slowbro
|-damage|p2a: Slowbro|289\/394 par
|cant|p2a: Slowbro|flinch
|
|turn|14
|
|switch|p2a: Ferrothorn|Ferrothorn, M|352\/352
|-damage|p2a: Ferrothorn|330\/352|[from] Stealth Rock
|move|p1a: Jirachi|Iron Head|p2a: Ferrothorn
|-resisted|p2a: Ferrothorn
|-damage|p2a: Ferrothorn|291\/352
|-damage|p1a: Jirachi|0 fnt|[from] ability: Iron Barbs|[of] p2a: Ferrothorn
|faint|p1a: Jirachi
|
|-heal|p2a: Ferrothorn|313\/352|[from] item: Leftovers
|
|switch|p1a: One Direction|Talonflame, F|360\/360
|turn|15
|
|move|p1a: One Direction|Swords Dance|p1a: One Direction
|-boost|p1a: One Direction|atk|2
|move|p2a: Ferrothorn|Leech Seed|p1a: One Direction|[miss]
|-miss|p2a: Ferrothorn|p1a: One Direction
|
|-heal|p2a: Ferrothorn|335\/352|[from] item: Leftovers
|turn|16
|join|westernICE
|
|switch|p2a: Heatran|Heatran, F|385\/385
|-damage|p2a: Heatran|337\/385|[from] Stealth Rock
|move|p1a: One Direction|Swords Dance|p1a: One Direction
|-boost|p1a: One Direction|atk|2
|
|-heal|p2a: Heatran|361\/385|[from] item: Leftovers
|turn|17
|leave|westernICE
|
|move|p1a: One Direction|Acrobatics|p2a: Heatran
|-resisted|p2a: Heatran
|-damage|p2a: Heatran|135\/385
|move|p2a: Heatran|Roar|p1a: One Direction
|drag|p1a: Glalie|Glalie, F|301\/301
|
|-heal|p2a: Heatran|159\/385|[from] item: Leftovers
|turn|18
|
|detailschange|p1a: Glalie|Glalie-Mega, F
|-mega|p1a: Glalie|Glalie|Glalitite
|move|p2a: Heatran|Stealth Rock|p1a: Glalie
|-sidestart|p1: DRACO66|move: Stealth Rock
|move|p1a: Glalie|Earthquake|p2a: Heatran
|-supereffective|p2a: Heatran
|-damage|p2a: Heatran|0 fnt
|faint|p2a: Heatran
|
|
|switch|p2a: Slowbro|Slowbro-Mega, M|289\/394 par
|-damage|p2a: Slowbro|240\/394 par|[from] Stealth Rock
|turn|19
|
|move|p1a: Glalie|Explosion|p2a: Slowbro
|-resisted|p2a: Slowbro
|-damage|p2a: Slowbro|98\/394 par
|faint|p1a: Glalie
|move|p2a: Slowbro|Scald|p1: Glalie|[notarget]
|-notarget
|
|
|switch|p1a: One Direction|Talonflame, F|360\/360
|-damage|p1a: One Direction|180\/360|[from] Stealth Rock
|turn|20
|
|move|p1a: One Direction|Roost|p1a: One Direction
|-heal|p1a: One Direction|360\/360
|cant|p2a: Slowbro|par
|
|turn|21
|
|move|p1a: One Direction|Swords Dance|p1a: One Direction
|-boost|p1a: One Direction|atk|2
|move|p2a: Slowbro|Scald|p1a: One Direction
|-supereffective|p1a: One Direction
|-damage|p1a: One Direction|30\/360
|
|turn|22
|
|move|p1a: One Direction|Roost|p1a: One Direction
|-heal|p1a: One Direction|210\/360
|move|p2a: Slowbro|Scald|p1a: One Direction
|-supereffective|p1a: One Direction
|-damage|p1a: One Direction|0 fnt
|faint|p1a: One Direction
|
|
|switch|p1a: Keldeo|Keldeo|323\/323
|-damage|p1a: Keldeo|303\/323|[from] Stealth Rock
|turn|23
|
|move|p1a: Keldeo|Hidden Power|p2a: Slowbro
|-damage|p2a: Slowbro|34\/394 par
|move|p2a: Slowbro|Psyshock|p1a: Keldeo
|-supereffective|p1a: Keldeo
|-damage|p1a: Keldeo|67\/323
|
|turn|24
|-message|DRACO66 forfeited.
|leave|DRACO66
|
|win|Zenza
|raw|Ladder updating...
|player|p1
|raw|DRACO66's rating: 1725 &rarr; <strong>1702<\/strong><br \/>(-23 for losing)
|raw|Zenza's rating: 1677 &rarr; <strong>1700<\/strong><br \/>(+23 for winning)