|join|Zenza
|join|Cholera90
|player|p1|Zenza|167
|player|p2|Cholera90|25
|gametype|singles
|gen|6
|tier|OU
|rated
|clearpoke
|poke|p1|Heracross, M
|poke|p1|Landorus, M
|poke|p1|Ferrothorn, F
|poke|p1|Rotom-Wash
|poke|p1|Metagross
|poke|p1|Latias, F
|poke|p2|Gardevoir, F
|poke|p2|Thundurus, M
|poke|p2|Talonflame, F
|poke|p2|Conkeldurr, M
|poke|p2|Metagross
|poke|p2|Heatran, M
|rule|Swagger Clause: Swagger is banned
|rule|Baton Pass Clause: Limit one PokÃ©mon knowing Baton Pass
|rule|Sleep Clause Mod: Limit one foe put to sleep
|rule|Species Clause: Limit one of each PokÃ©mon
|rule|OHKO Clause: OHKO moves are banned
|rule|Moody Clause: Moody is banned
|rule|Evasion Moves Clause: Evasion moves are banned
|rule|Endless Battle Clause: Forcing endless battles is banned
|rule|HP Percentage Mod: HP is shown in percentages
|teampreview
|join|kathrynwen
|
|start
|switch|p1a: Metagross|Metagross|301\/301
|switch|p2a: Heatran|Heatran, M|323\/323
|-item|p2a: Heatran|Air Balloon
|turn|1
|
|switch|p1a: Landorus|Landorus, M|319\/319
|move|p2a: Heatran|Lava Plume|p1a: Landorus
|-crit|p1a: Landorus
|-damage|p1a: Landorus|46\/319
|
|turn|2
|
|move|p1a: Landorus|Focus Blast|p2a: Heatran|[miss]
|-miss|p1a: Landorus|p2a: Heatran
|move|p2a: Heatran|Stealth Rock|p1a: Landorus
|-sidestart|p1: Zenza|move: Stealth Rock
|
|turn|3
|
|move|p1a: Landorus|Sludge Wave|p2a: Heatran
|-immune|p2a: Heatran|[msg]
|move|p2a: Heatran|Lava Plume|p1a: Landorus
|-damage|p1a: Landorus|0 fnt
|faint|p1a: Landorus
|
|
|switch|p1a: Heracross|Heracross, M|301\/301
|-damage|p1a: Heracross|264\/301|[from] Stealth Rock
|turn|4
|
|switch|p2a: Gardevoir|Gardevoir, F|277\/277
|-ability|p2a: Gardevoir|Guts|[from] ability: Trace|[of] p1a: Heracross
|move|p1a: Heracross|Close Combat|p2a: Gardevoir
|-resisted|p2a: Gardevoir
|-damage|p2a: Gardevoir|170\/277
|-unboost|p1a: Heracross|def|1
|-unboost|p1a: Heracross|spd|1
|
|turn|5
|
|switch|p1a: Ferrothorn|Ferrothorn, F|352\/352
|-damage|p1a: Ferrothorn|330\/352|[from] Stealth Rock
|detailschange|p2a: Gardevoir|Gardevoir-Mega, F
|-mega|p2a: Gardevoir|Gardevoir|Gardevoirite
|move|p2a: Gardevoir|Hyper Voice|p1a: Ferrothorn
|-resisted|p1a: Ferrothorn
|-damage|p1a: Ferrothorn|231\/352
|
|-heal|p1a: Ferrothorn|253\/352|[from] item: Leftovers
|turn|6
|
|move|p2a: Gardevoir|Focus Blast|p1a: Ferrothorn
|-crit|p1a: Ferrothorn
|-supereffective|p1a: Ferrothorn
|-damage|p1a: Ferrothorn|0 fnt
|faint|p1a: Ferrothorn
|
|
|switch|p1a: Metagross|Metagross|301\/301
|-damage|p1a: Metagross|283\/301|[from] Stealth Rock
|turn|7
|
|switch|p2a: Metagross|Metagross|364\/364
|detailschange|p1a: Metagross|Metagross-Mega
|-mega|p1a: Metagross|Metagross|Metagrossite
|move|p1a: Metagross|Meteor Mash|p2a: Metagross
|-resisted|p2a: Metagross
|-damage|p2a: Metagross|271\/364
|
|turn|8
|
|move|p1a: Metagross|Hammer Arm|p2a: Metagross
|-damage|p2a: Metagross|143\/364
|-unboost|p1a: Metagross|spe|1
|move|p2a: Metagross|Explosion|p1a: Metagross
|-resisted|p1a: Metagross
|-damage|p1a: Metagross|126\/301
|faint|p2a: Metagross
|
|
|switch|p2a: Thundurus|Thundurus, M|299\/299
|turn|9
|
|switch|p1a: Latias|Latias, F|319\/319
|-damage|p1a: Latias|280\/319|[from] Stealth Rock
|move|p2a: Thundurus|Thunderbolt|p1a: Latias
|-resisted|p1a: Latias
|-damage|p1a: Latias|205\/319
|-status|p1a: Latias|par
|-damage|p2a: Thundurus|270\/299|[from] item: Life Orb
|
|turn|10
|
|switch|p2a: Gardevoir|Gardevoir-Mega, F|170\/277
|move|p1a: Latias|Healing Wish|p1a: Latias
|faint|p1a: Latias
|
|
|switch|p1a: Metagross|Metagross-Mega|126\/301
|-heal|p1a: Metagross|301\/301|[from] move: Healing Wish
|-damage|p1a: Metagross|283\/301|[from] Stealth Rock
|turn|11
|
|switch|p2a: Conkeldurr|Conkeldurr, M|413\/413
|move|p1a: Metagross|Meteor Mash|p2a: Conkeldurr
|-damage|p2a: Conkeldurr|191\/413
|-boost|p1a: Metagross|atk|1
|
|turn|12
|
|move|p2a: Conkeldurr|Mach Punch|p1a: Metagross
|-damage|p1a: Metagross|228\/301
|move|p1a: Metagross|Meteor Mash|p2a: Conkeldurr
|-damage|p2a: Conkeldurr|0 fnt
|faint|p2a: Conkeldurr
|
|
|switch|p2a: Thundurus|Thundurus, M|270\/299
|turn|13
|
|move|p2a: Thundurus|Thunder Wave|p1a: Metagross
|-status|p1a: Metagross|par
|cant|p1a: Metagross|par
|
|turn|14
|
|switch|p2a: Heatran|Heatran, M|323\/323
|-item|p2a: Heatran|Air Balloon
|move|p1a: Metagross|Hammer Arm|p2a: Heatran
|-supereffective|p2a: Heatran
|-damage|p2a: Heatran|0 fnt
|-enditem|p2a: Heatran|Air Balloon
|-unboost|p1a: Metagross|spe|1
|faint|p2a: Heatran
|
|
|switch|p2a: Talonflame|Talonflame, F|297\/297
|turn|15
|
|switch|p2a: Gardevoir|Gardevoir-Mega, F|170\/277
|switch|p1a: Rotom-Wash|Rotom-Wash|303\/303
|-damage|p1a: Rotom-Wash|266\/303|[from] Stealth Rock
|
|-heal|p1a: Rotom-Wash|284\/303|[from] item: Leftovers
|turn|16
|
|switch|p1a: Heracross|Heracross, M|264\/301
|-damage|p1a: Heracross|227\/301|[from] Stealth Rock
|move|p2a: Gardevoir|Hyper Voice|p1a: Heracross
|-supereffective|p1a: Heracross
|-damage|p1a: Heracross|0 fnt
|faint|p1a: Heracross
|
|
|switch|p1a: Metagross|Metagross-Mega|228\/301 par
|-damage|p1a: Metagross|210\/301 par|[from] Stealth Rock
|turn|17
|
|cant|p1a: Metagross|par
|switch|p2a: Talonflame|Talonflame, F|297\/297
|
|turn|18
|
|switch|p1a: Rotom-Wash|Rotom-Wash|284\/303
|-damage|p1a: Rotom-Wash|247\/303|[from] Stealth Rock
|move|p2a: Talonflame|Flare Blitz|p1a: Rotom-Wash
|-resisted|p1a: Rotom-Wash
|-damage|p1a: Rotom-Wash|177\/303
|-damage|p2a: Talonflame|274\/297|[from] recoil|[of] p1a: Rotom-Wash
|-damage|p2a: Talonflame|245\/297|[from] item: Life Orb
|
|-heal|p1a: Rotom-Wash|195\/303|[from] item: Leftovers
|turn|19
|
|move|p2a: Talonflame|Roost|p2a: Talonflame
|-heal|p2a: Talonflame|297\/297
|move|p1a: Rotom-Wash|Volt Switch|p2a: Talonflame
|-crit|p2a: Talonflame
|-damage|p2a: Talonflame|129\/297
|
|switch|p1a: Metagross|Metagross-Mega|210\/301 par
|-damage|p1a: Metagross|192\/301 par|[from] Stealth Rock
|
|turn|20
|
|switch|p1a: Rotom-Wash|Rotom-Wash|195\/303
|-damage|p1a: Rotom-Wash|158\/303|[from] Stealth Rock
|move|p2a: Talonflame|Flare Blitz|p1a: Rotom-Wash
|-resisted|p1a: Rotom-Wash
|-damage|p1a: Rotom-Wash|92\/303
|-damage|p2a: Talonflame|107\/297|[from] recoil|[of] p1a: Rotom-Wash
|-damage|p2a: Talonflame|78\/297|[from] item: Life Orb
|
|-heal|p1a: Rotom-Wash|110\/303|[from] item: Leftovers
|turn|21
|join|AtrueGenius
|
|move|p2a: Talonflame|Roost|p2a: Talonflame
|-heal|p2a: Talonflame|227\/297
|move|p1a: Rotom-Wash|Volt Switch|p2a: Talonflame
|-damage|p2a: Talonflame|121\/297
|leave|AtrueGenius
|
|switch|p1a: Metagross|Metagross-Mega|192\/301 par
|-damage|p1a: Metagross|174\/301 par|[from] Stealth Rock
|
|turn|22
|-message|Zenza forfeited.
|leave|Zenza
|
|win|Cholera90
|raw|Ladder updating...
|player|p1
|raw|Zenza's rating: 1625 &rarr; <strong>1603<\/strong><br \/>(-22 for losing)
|raw|Cholera90's rating: 1589 &rarr; <strong>1611<\/strong><br \/>(+22 for winning)
|leave|kathrynwen