|join|Random2ndAccount
|join|Zenza
|player|p1|Random2ndAccount|153
|player|p2|Zenza|167
|gametype|singles
|gen|6
|tier|OU
|rated
|clearpoke
|poke|p1|Gyarados, M, shiny
|poke|p1|Ferrothorn, M
|poke|p1|Talonflame, M
|poke|p1|Excadrill, M
|poke|p1|Raikou, shiny
|poke|p1|Clefable, F, shiny
|poke|p2|Infernape, M
|poke|p2|Gardevoir, F, shiny
|poke|p2|Latios, M
|poke|p2|Rotom-Wash
|poke|p2|Landorus-Therian, M
|poke|p2|Ferrothorn, M
|rule|Swagger Clause: Swagger is banned
|rule|Baton Pass Clause: Limit one PokÃ©mon knowing Baton Pass
|rule|Sleep Clause Mod: Limit one foe put to sleep
|rule|Species Clause: Limit one of each PokÃ©mon
|rule|OHKO Clause: OHKO moves are banned
|rule|Moody Clause: Moody is banned
|rule|Evasion Moves Clause: Evasion moves are banned
|rule|Endless Battle Clause: Forcing endless battles is banned
|rule|HP Percentage Mod: HP is shown in percentages
|teampreview
|c|âRandom2ndAccount|good luck
|
|start
|switch|p1a: Hug Me|Ferrothorn, M|352\/352
|switch|p2a: Landorus-Therian|Landorus-Therian, M|354\/354
|-ability|p2a: Landorus-Therian|Intimidate|[of] p1a: Hug Me
|-unboost|p1a: Hug Me|atk|1
|turn|1
|
|move|p2a: Landorus-Therian|U-turn|p1a: Hug Me
|-damage|p1a: Hug Me|284\/352
|-damage|p2a: Landorus-Therian|310\/354|[from] ability: Iron Barbs|[of] p1a: Hug Me
|
|switch|p2a: Infernape|Infernape, M|293\/293
|move|p1a: Hug Me|Knock Off|p2a: Infernape
|-resisted|p2a: Infernape
|-damage|p2a: Infernape|261\/293
|-enditem|p2a: Infernape|Life Orb|[from] move: Knock Off|[of] p1a: Hug Me
|
|turn|2
|
|switch|p1a: Sabortooth|Raikou, shiny|321\/321
|-ability|p1a: Sabortooth|Pressure
|move|p2a: Infernape|Fire Blast|p1a: Sabortooth
|-damage|p1a: Sabortooth|224\/321
|
|turn|3
|
|switch|p2a: Ferrothorn|Ferrothorn, M|340\/340
|move|p1a: Sabortooth|Hidden Power|p2a: Ferrothorn
|-damage|p2a: Ferrothorn|295\/340
|
|-heal|p2a: Ferrothorn|316\/340|[from] item: Leftovers
|turn|4
|
|move|p1a: Sabortooth|Volt Switch|p2a: Ferrothorn
|-resisted|p2a: Ferrothorn
|-damage|p2a: Ferrothorn|274\/340
|
|switch|p1a: TalonLAME|Talonflame, M|359\/359
|move|p2a: Ferrothorn|Stealth Rock|p1a: TalonLAME
|-sidestart|p1: Random2ndAccount|move: Stealth Rock
|
|-heal|p2a: Ferrothorn|295\/340|[from] item: Leftovers
|turn|5
|
|switch|p1a: Dig Dug|Excadrill, M|361\/361
|-damage|p1a: Dig Dug|350\/361|[from] Stealth Rock
|-ability|p1a: Dig Dug|Mold Breaker
|switch|p2a: Rotom-Wash|Rotom-Wash|303\/303
|
|turn|6
|
|switch|p2a: Landorus-Therian|Landorus-Therian, M|310\/354
|-ability|p2a: Landorus-Therian|Intimidate|[of] p1a: Dig Dug
|-unboost|p1a: Dig Dug|atk|1
|move|p1a: Dig Dug|Rapid Spin|p2a: Landorus-Therian
|-damage|p2a: Landorus-Therian|289\/354
|-sideend|p1: Random2ndAccount|Stealth Rock|[from] move: Rapid Spin|[of] p1a: Dig Dug
|
|turn|7
|
|switch|p1a: Shenron|Gyarados, M, shiny|353\/353
|-ability|p1a: Shenron|Intimidate|[of] p2a: Landorus-Therian
|-unboost|p2a: Landorus-Therian|atk|1
|move|p2a: Landorus-Therian|U-turn|p1a: Shenron
|-resisted|p1a: Shenron
|-damage|p1a: Shenron|317\/353
|
|switch|p2a: Gardevoir|Gardevoir, F, shiny|277\/277
|-ability|p2a: Gardevoir|Intimidate|[from] ability: Trace|[of] p1a: Shenron
|-ability|p2a: Gardevoir|Intimidate|[of] p1a: Shenron
|-unboost|p1a: Shenron|atk|1
|
|turn|8
|
|switch|p1a: TalonLAME|Talonflame, M|359\/359
|detailschange|p2a: Gardevoir|Gardevoir-Mega, F, shiny
|-mega|p2a: Gardevoir|Gardevoir|Gardevoirite
|move|p2a: Gardevoir|Focus Blast|p1a: TalonLAME
|-resisted|p1a: TalonLAME
|-damage|p1a: TalonLAME|241\/359
|-unboost|p1a: TalonLAME|spd|1
|
|turn|9
|
|switch|p2a: Rotom-Wash|Rotom-Wash|303\/303
|move|p1a: TalonLAME|Brave Bird|p2a: Rotom-Wash
|-resisted|p2a: Rotom-Wash
|-damage|p2a: Rotom-Wash|221\/303
|-damage|p1a: TalonLAME|214\/359|[from] recoil|[of] p2a: Rotom-Wash
|-damage|p1a: TalonLAME|179\/359|[from] item: Life Orb
|
|-heal|p2a: Rotom-Wash|239\/303|[from] item: Leftovers
|turn|10
|
|switch|p1a: Hug Me|Ferrothorn, M|284\/352
|move|p2a: Rotom-Wash|Volt Switch|p1a: Hug Me
|-resisted|p1a: Hug Me
|-damage|p1a: Hug Me|251\/352
|
|switch|p2a: Infernape|Infernape, M|261\/293
|
|turn|11
|
|switch|p1a: Sabortooth|Raikou, shiny|224\/321
|-ability|p1a: Sabortooth|Pressure
|move|p2a: Infernape|Stone Edge|p1a: Sabortooth
|-damage|p1a: Sabortooth|103\/321
|
|turn|12
|
|switch|p2a: Ferrothorn|Ferrothorn, M|295\/340
|move|p1a: Sabortooth|Volt Switch|p2a: Ferrothorn
|-resisted|p2a: Ferrothorn
|-damage|p2a: Ferrothorn|256\/340
|
|switch|p1a: Shenron|Gyarados, M, shiny|317\/353
|-ability|p1a: Shenron|Intimidate|[of] p2a: Ferrothorn
|-unboost|p2a: Ferrothorn|atk|1
|
|-heal|p2a: Ferrothorn|277\/340|[from] item: Leftovers
|turn|13
|
|detailschange|p1a: Shenron|Gyarados-Mega, M, shiny
|-mega|p1a: Shenron|Gyarados|Gyaradosite
|-ability|p1a: Shenron|Mold Breaker
|move|p1a: Shenron|Dragon Dance|p1a: Shenron
|-boost|p1a: Shenron|atk|1
|-boost|p1a: Shenron|spe|1
|move|p2a: Ferrothorn|Power Whip|p1a: Shenron
|-crit|p1a: Shenron
|-supereffective|p1a: Shenron
|-damage|p1a: Shenron|0 fnt
|faint|p1a: Shenron
|
|-heal|p2a: Ferrothorn|298\/340|[from] item: Leftovers
|
|switch|p1a: TalonLAME|Talonflame, M|179\/359
|turn|14
|
|switch|p2a: Rotom-Wash|Rotom-Wash|239\/303
|move|p1a: TalonLAME|Will-O-Wisp|p2a: Rotom-Wash
|-status|p2a: Rotom-Wash|brn
|
|-heal|p2a: Rotom-Wash|257\/303 brn|[from] item: Leftovers
|-damage|p2a: Rotom-Wash|220\/303 brn|[from] brn
|turn|15
|
|switch|p1a: Pink Bitch|Clefable, F, shiny|394\/394
|move|p2a: Rotom-Wash|Hydro Pump|p1a: Pink Bitch
|-crit|p1a: Pink Bitch
|-damage|p1a: Pink Bitch|190\/394
|
|-heal|p2a: Rotom-Wash|238\/303 brn|[from] item: Leftovers
|-heal|p1a: Pink Bitch|214\/394|[from] item: Leftovers
|-damage|p2a: Rotom-Wash|201\/303 brn|[from] brn
|turn|16
|
|move|p2a: Rotom-Wash|Volt Switch|p1a: Pink Bitch
|-damage|p1a: Pink Bitch|132\/394
|
|switch|p2a: Gardevoir|Gardevoir-Mega, F, shiny|277\/277
|move|p1a: Pink Bitch|Soft-Boiled|p1a: Pink Bitch
|-heal|p1a: Pink Bitch|329\/394
|
|-heal|p1a: Pink Bitch|353\/394|[from] item: Leftovers
|turn|17
|
|move|p2a: Gardevoir|Hyper Voice|p1a: Pink Bitch
|-damage|p1a: Pink Bitch|109\/394
|move|p1a: Pink Bitch|Moonblast|p2a: Gardevoir
|-damage|p2a: Gardevoir|196\/277
|
|-heal|p1a: Pink Bitch|133\/394|[from] item: Leftovers
|turn|18
|
|switch|p1a: Hug Me|Ferrothorn, M|251\/352
|move|p2a: Gardevoir|Hyper Voice|p1a: Hug Me
|-resisted|p1a: Hug Me
|-damage|p1a: Hug Me|167\/352
|
|turn|19
|
|move|p2a: Gardevoir|Focus Blast|p1a: Hug Me
|-supereffective|p1a: Hug Me
|-damage|p1a: Hug Me|0 fnt
|faint|p1a: Hug Me
|
|
|switch|p1a: TalonLAME|Talonflame, M|179\/359
|turn|20
|
|switch|p2a: Rotom-Wash|Rotom-Wash|201\/303 brn
|move|p1a: TalonLAME|Brave Bird|p2a: Rotom-Wash
|-resisted|p2a: Rotom-Wash
|-damage|p2a: Rotom-Wash|123\/303 brn
|-damage|p1a: TalonLAME|153\/359|[from] recoil|[of] p2a: Rotom-Wash
|-damage|p1a: TalonLAME|118\/359|[from] item: Life Orb
|
|-heal|p2a: Rotom-Wash|141\/303 brn|[from] item: Leftovers
|-damage|p2a: Rotom-Wash|104\/303 brn|[from] brn
|turn|21
|
|move|p1a: TalonLAME|Roost|p1a: TalonLAME
|-heal|p1a: TalonLAME|298\/359
|move|p2a: Rotom-Wash|Hydro Pump|p1a: TalonLAME
|-supereffective|p1a: TalonLAME
|-damage|p1a: TalonLAME|0 fnt
|faint|p1a: TalonLAME
|
|-heal|p2a: Rotom-Wash|122\/303 brn|[from] item: Leftovers
|-damage|p2a: Rotom-Wash|85\/303 brn|[from] brn
|-message|Random2ndAccount forfeited.
|leave|Random2ndAccount
|
|win|Zenza
|raw|Ladder updating...
|player|p1
|raw|Random2ndAccount's rating: 1521 &rarr; <strong>1503<\/strong><br \/>(-18 for losing)
|raw|Zenza's rating: 1554 &rarr; <strong>1573<\/strong><br \/>(+19 for winning)