|join|Division By 0
|join|Kama Sutra
|player|p1|Division By 0|102
|player|p2|Kama Sutra|222
|gametype|singles
|gen|5
|tier|[Gen 5] OU
|rule|Evasion Abilities Clause: Evasion abilities are banned
|clearpoke
|poke|p1|Terrakion
|poke|p1|Latios, M
|poke|p1|Dragonite, M
|poke|p1|Volcarona, F
|poke|p1|Starmie
|poke|p1|Mamoswine, M
|poke|p2|Garchomp, M, shiny
|poke|p2|Scizor, F, shiny
|poke|p2|Breloom, M, shiny
|poke|p2|Latias, F, shiny
|poke|p2|Gyarados, F, shiny
|poke|p2|Heatran, M, shiny
|rule|Sleep Clause Mod: Limit one foe put to sleep
|rule|Species Clause: Limit one of each PokÃ©mon
|rule|OHKO Clause: OHKO moves are banned
|rule|Moody Clause: Moody is banned
|rule|Evasion Moves Clause: Evasion moves are banned
|rule|Endless Battle Clause: Forcing endless battles is banned
|rule|HP Percentage Mod: HP is shown in percentages
|teampreview
|join|jazzbell
|join|Prankster
|c|âKama Sutra|gl hf
|c|âDivision By 0|u2
|join|indiansummer
|
|start
|switch|p1a: Mamoswine|Mamoswine, M|362\/362
|switch|p2a: Johan Liebert|Scizor, F, shiny|343\/343
|turn|1
|c| indiansummer|lol gen fives
|join|oih98uh
|
|switch|p1a: Volcarona|Volcarona, F|348\/348
|move|p2a: Johan Liebert|U-turn|p1a: Volcarona
|-resisted|p1a: Volcarona
|-damage|p1a: Volcarona|255\/348
|join|Tsukinoakari
|join|Landorus
|
|switch|p2a: Wolfgang Grimmer|Garchomp, M, shiny|357\/357
|
|turn|2
|
|switch|p1a: Starmie|Starmie|323\/323
|move|p2a: Wolfgang Grimmer|Stealth Rock|p1a: Starmie
|-sidestart|p1: Division By 0|move: Stealth Rock
|
|turn|3
|
|switch|p2a: Johan Liebert|Scizor, F, shiny|343\/343
|move|p1a: Starmie|Scald|p2a: Johan Liebert
|-damage|p2a: Johan Liebert|225\/343
|
|turn|4
|join|Dart Frogger
|
|switch|p1a: Terrakion|Terrakion|324\/324
|-damage|p1a: Terrakion|304\/324|[from] Stealth Rock
|move|p2a: Johan Liebert|U-turn|p1a: Terrakion
|-resisted|p1a: Terrakion
|-damage|p1a: Terrakion|229\/324
|
|switch|p2a: Kenzo Tenma|Breloom, M, shiny|289\/289
|
|-heal|p1a: Terrakion|249\/324|[from] item: Leftovers
|turn|5
|
|move|p1a: Terrakion|X-Scissor|p2a: Kenzo Tenma
|-damage|p2a: Kenzo Tenma|178\/289
|move|p2a: Kenzo Tenma|Spore|p1a: Terrakion
|-status|p1a: Terrakion|slp
|
|-heal|p1a: Terrakion|269\/324 slp|[from] item: Leftovers
|turn|6
|
|switch|p1a: Latios|Latios, M|302\/302
|-damage|p1a: Latios|265\/302|[from] Stealth Rock
|move|p2a: Kenzo Tenma|Bullet Seed|p1a: Latios
|-resisted|p1a: Latios
|-damage|p1a: Latios|223\/302
|-resisted|p1a: Latios
|-damage|p1a: Latios|181\/302
|-resisted|p1a: Latios
|-damage|p1a: Latios|136\/302
|-resisted|p1a: Latios
|-damage|p1a: Latios|94\/302
|-resisted|p1a: Latios
|-damage|p1a: Latios|52\/302
|-hitcount|p1a: Latios|5
|
|turn|7
|join|beppityboopbopTEST
|c|âDivision By 0|great
|c|âKama Sutra|not bad
|
|move|p2a: Kenzo Tenma|Mach Punch|p1a: Latios
|-enditem|p2a: Kenzo Tenma|Fighting Gem|[from] gem|[move] Mach Punch
|-resisted|p1a: Latios
|-damage|p1a: Latios|0 fnt
|faint|p1a: Latios
|
|
|switch|p1a: Starmie|Starmie|323\/323
|-damage|p1a: Starmie|283\/323|[from] Stealth Rock
|turn|8
|join|1800Rekt
|c|âKama Sutra|have to waste my gem tho
|
|move|p1a: Starmie|Rapid Spin|p2a: Kenzo Tenma
|-damage|p2a: Kenzo Tenma|163\/289
|-sideend|p1: Division By 0|Stealth Rock|[from] move: Rapid Spin|[of] p1a: Starmie
|move|p2a: Kenzo Tenma|Bullet Seed|p1a: Starmie
|-supereffective|p1a: Starmie
|-damage|p1a: Starmie|125\/323
|-supereffective|p1a: Starmie
|-damage|p1a: Starmie|0 fnt
|-hitcount|p1a: Starmie|2
|faint|p1a: Starmie
|
|
|switch|p1a: Volcarona|Volcarona, F|255\/348
|turn|9
|
|switch|p2a: Obluda|Gyarados, F, shiny|353\/353
|-ability|p2a: Obluda|Intimidate|[of] p1a: Volcarona
|-unboost|p1a: Volcarona|atk|1
|move|p1a: Volcarona|Quiver Dance|p1a: Volcarona
|-boost|p1a: Volcarona|spa|1
|-boost|p1a: Volcarona|spd|1
|-boost|p1a: Volcarona|spe|1
|
|turn|10
|c| indiansummer|hp elec??
|join|Murkrow Jupiter
|c|âDivision By 0|sure
|
|switch|p1a: Terrakion|Terrakion|269\/324 slp
|move|p2a: Obluda|Waterfall|p1a: Terrakion
|-supereffective|p1a: Terrakion
|-damage|p1a: Terrakion|0 fnt
|faint|p1a: Terrakion
|
|
|switch|p1a: Dragonite|Dragonite, M|324\/324
|turn|11
|
|switch|p1a: Mamoswine|Mamoswine, M|362\/362
|move|p2a: Obluda|Dragon Dance|p2a: Obluda
|-boost|p2a: Obluda|atk|1
|-boost|p2a: Obluda|spe|1
|
|turn|12
|
|move|p2a: Obluda|Waterfall|p1a: Mamoswine
|-supereffective|p1a: Mamoswine
|-enditem|p1a: Mamoswine|Focus Sash
|-damage|p1a: Mamoswine|1\/362
|move|p1a: Mamoswine|Endeavor|p2a: Obluda
|-damage|p2a: Obluda|1\/353
|
|-heal|p2a: Obluda|23\/353|[from] item: Leftovers
|turn|13
|c| indiansummer|eq
|c|âDivision By 0|bulldoze
|
|switch|p2a: Johan Liebert|Scizor, F, shiny|225\/343
|move|p1a: Mamoswine|Ice Shard|p2a: Johan Liebert
|-resisted|p2a: Johan Liebert
|-damage|p2a: Johan Liebert|187\/343
|
|turn|14
|c| indiansummer|he wants to preserve the 6-0
|c| indiansummer|wooooooooow
|c| indiansummer|thats why u listen to indiansummer
|
|move|p1a: Mamoswine|Earthquake|p2a: Johan Liebert
|-damage|p2a: Johan Liebert|0 fnt
|faint|p2a: Johan Liebert
|
|c|âDivision By 0|nope
|c| indiansummer|lame
|
|switch|p2a: Nina Fortner|Latias, F, shiny|349\/349
|turn|15
|
|move|p1a: Mamoswine|Ice Shard|p2a: Nina Fortner
|-supereffective|p2a: Nina Fortner
|-damage|p2a: Nina Fortner|163\/349
|move|p2a: Nina Fortner|Psyshock|p1a: Mamoswine
|-damage|p1a: Mamoswine|0 fnt
|-damage|p2a: Nina Fortner|129\/349|[from] item: Life Orb
|faint|p1a: Mamoswine
|
|
|switch|p1a: Dragonite|Dragonite, M|324\/324
|turn|16
|join|Bloodz
|
|move|p2a: Nina Fortner|Draco Meteor|p1a: Dragonite
|-supereffective|p1a: Dragonite
|-damage|p1a: Dragonite|98\/324
|-unboost|p2a: Nina Fortner|spa|2
|-damage|p2a: Nina Fortner|95\/349|[from] item: Life Orb
|move|p1a: Dragonite|Dragon Dance|p1a: Dragonite
|-boost|p1a: Dragonite|atk|1
|-boost|p1a: Dragonite|spe|1
|
|turn|17
|leave|indiansummer
|
|move|p1a: Dragonite|Outrage|p2a: Nina Fortner
|-supereffective|p2a: Nina Fortner
|-damage|p2a: Nina Fortner|0 fnt
|faint|p2a: Nina Fortner
|
|join|jacksoras
|
|switch|p2a: Heinrich Lunge|Heatran, M, shiny|345\/345
|turn|18
|leave|jacksoras
|
|move|p2a: Heinrich Lunge|Dragon Pulse|p1a: Dragonite
|-supereffective|p1a: Dragonite
|-damage|p1a: Dragonite|0 fnt
|faint|p1a: Dragonite
|
|
|switch|p1a: Volcarona|Volcarona, F|255\/348
|turn|19
|c| beppityboopbopTEST|d-pulse tho
|c| Tsukinoakari|^
|c|âDivision By 0|scarf tho
|
|switch|p2a: Obluda|Gyarados, F, shiny|23\/353
|-ability|p2a: Obluda|Intimidate|[of] p1a: Volcarona
|-unboost|p1a: Volcarona|atk|1
|move|p1a: Volcarona|Quiver Dance|p1a: Volcarona
|-boost|p1a: Volcarona|spa|1
|-boost|p1a: Volcarona|spd|1
|-boost|p1a: Volcarona|spe|1
|
|-heal|p2a: Obluda|45\/353|[from] item: Leftovers
|turn|20
|c| Tsukinoakari|who runs d-pulse o_O
|
|move|p1a: Volcarona|Giga Drain|p2a: Obluda
|-damage|p2a: Obluda|0 fnt
|-heal|p1a: Volcarona|278\/348|[from] drain|[of] p2a: Obluda
|faint|p2a: Obluda
|
|
|switch|p2a: Wolfgang Grimmer|Garchomp, M, shiny|357\/357
|turn|21
|
|move|p1a: Volcarona|Giga Drain|p2a: Wolfgang Grimmer
|-damage|p2a: Wolfgang Grimmer|202\/357
|-heal|p1a: Volcarona|348\/348|[from] drain|[of] p2a: Wolfgang Grimmer
|move|p2a: Wolfgang Grimmer|Outrage|p1a: Volcarona
|-crit|p1a: Volcarona
|-damage|p1a: Volcarona|0 fnt
|faint|p1a: Volcarona
|
|win|Kama Sutra
|leave|Division By 0
|player|p1
|leave|Prankster
|leave|Murkrow Jupiter
|leave|beppityboopbopTEST
|leave|Tsukinoakari
|leave|Landorus
|leave|Dart Frogger
|leave|oih98uh
|leave|Bloodz
|leave|Kama Sutra
|player|p2
|leave|1800Rekt