|join|Kama Sutra
|join|MadMunky20k
|player|p1|Kama Sutra|155
|player|p2|MadMunky20k|282
|gametype|singles
|gen|6
|tier|ORAS OU
|rated
|rule|Sleep Clause Mod: Limit one foe put to sleep
|rule|Species Clause: Limit one of each PokÃ©mon
|rule|OHKO Clause: OHKO moves are banned
|rule|Moody Clause: Moody is banned
|rule|Evasion Moves Clause: Evasion moves are banned
|rule|Endless Battle Clause: Forcing endless battles is banned
|rule|HP Percentage Mod: HP is shown in percentages
|clearpoke
|poke|p1|Sableye, F
|poke|p1|Tentacruel, F
|poke|p1|Jirachi
|poke|p1|Gliscor, F
|poke|p1|Heatran, M
|poke|p1|Mew
|poke|p2|Landorus-Therian, M
|poke|p2|Scizor, F
|poke|p2|Greninja, M, shiny
|poke|p2|Rotom-Wash
|poke|p2|Infernape, M
|poke|p2|Latias, F
|rule|Swagger Clause: Swagger is banned
|rule|Baton Pass Clause: Limit one PokÃ©mon knowing Baton Pass
|teampreview
|
|start
|switch|p1a: Sableye|Sableye, F|304\/304
|switch|p2a: Greninja|Greninja, M, shiny|285\/285
|turn|1
|
|switch|p1a: Tentacruel|Tentacruel, F|364\/364
|move|p2a: Greninja|U-turn|p1a: Tentacruel
|-start|p2a: Greninja|typechange|Bug|[from] Protean
|-resisted|p1a: Tentacruel
|-damage|p1a: Tentacruel|309\/364
|
|switch|p2a: Rotom-Wash|Rotom-Wash|304\/304
|
|-heal|p1a: Tentacruel|331\/364|[from] item: Black Sludge
|turn|2
|
|switch|p1a: Mew|Mew|404\/404
|move|p2a: Rotom-Wash|Will-O-Wisp|p1a: Mew|[miss]
|-miss|p2a: Rotom-Wash|p1a: Mew
|
|turn|3
|
|move|p1a: Mew|Taunt|p2a: Rotom-Wash
|-start|p2a: Rotom-Wash|move: Taunt
|move|p2a: Rotom-Wash|Volt Switch|p1a: Mew
|-damage|p1a: Mew|340\/404
|
|switch|p2a: Greninja|Greninja, M, shiny|285\/285
|
|-heal|p1a: Mew|365\/404|[from] item: Leftovers
|turn|4
|
|switch|p1a: Tentacruel|Tentacruel, F|331\/364
|move|p2a: Greninja|Hydro Pump|p1a: Tentacruel
|-start|p2a: Greninja|typechange|Water|[from] Protean
|-resisted|p1a: Tentacruel
|-damage|p1a: Tentacruel|276\/364
|
|-heal|p1a: Tentacruel|298\/364|[from] item: Black Sludge
|turn|5
|
|switch|p2a: Rotom-Wash|Rotom-Wash|304\/304
|move|p1a: Tentacruel|Scald|p2a: Rotom-Wash
|-crit|p2a: Rotom-Wash
|-resisted|p2a: Rotom-Wash
|-damage|p2a: Rotom-Wash|266\/304
|-status|p2a: Rotom-Wash|brn
|
|-heal|p1a: Tentacruel|320\/364|[from] item: Black Sludge
|-heal|p2a: Rotom-Wash|285\/304 brn|[from] item: Leftovers
|-damage|p2a: Rotom-Wash|247\/304 brn|[from] brn
|turn|6
|
|move|p1a: Tentacruel|Knock Off|p2a: Rotom-Wash
|-damage|p2a: Rotom-Wash|201\/304 brn
|-enditem|p2a: Rotom-Wash|Leftovers|[from] move: Knock Off|[of] p1a: Tentacruel
|move|p2a: Rotom-Wash|Hydro Pump|p1a: Tentacruel
|-resisted|p1a: Tentacruel
|-damage|p1a: Tentacruel|277\/364
|
|-heal|p1a: Tentacruel|299\/364|[from] item: Black Sludge
|-damage|p2a: Rotom-Wash|163\/304 brn|[from] brn
|turn|7
|
|switch|p1a: Heatran|Heatran, M|385\/385
|move|p2a: Rotom-Wash|Volt Switch|p1a: Heatran
|-damage|p1a: Heatran|319\/385
|
|switch|p2a: Infernape|Infernape, M|293\/293
|
|-heal|p1a: Heatran|343\/385|[from] item: Leftovers
|turn|8
|
|switch|p1a: Tentacruel|Tentacruel, F|299\/364
|move|p2a: Infernape|Close Combat|p1a: Tentacruel
|-resisted|p1a: Tentacruel
|-damage|p1a: Tentacruel|143\/364
|-unboost|p2a: Infernape|def|1
|-unboost|p2a: Infernape|spd|1
|-damage|p2a: Infernape|264\/293|[from] item: Life Orb
|
|-heal|p1a: Tentacruel|165\/364|[from] item: Black Sludge
|turn|9
|
|switch|p1a: Gliscor|Gliscor, F|353\/353
|move|p2a: Infernape|Thunder Punch|p1a: Gliscor
|-immune|p1a: Gliscor|[msg]
|
|-status|p1a: Gliscor|tox|[from] item: Toxic Orb
|turn|10
|
|move|p2a: Infernape|U-turn|p1a: Gliscor
|-resisted|p1a: Gliscor
|-damage|p1a: Gliscor|321\/353 tox
|-damage|p2a: Infernape|235\/293|[from] item: Life Orb
|
|switch|p2a: Rotom-Wash|Rotom-Wash|163\/304 brn
|move|p1a: Gliscor|Substitute|p1a: Gliscor
|-start|p1a: Gliscor|Substitute
|-damage|p1a: Gliscor|233\/353 tox
|
|-heal|p1a: Gliscor|277\/353 tox|[from] ability: Poison Heal
|-damage|p2a: Rotom-Wash|125\/304 brn|[from] brn
|turn|11
|
|move|p1a: Gliscor|Protect|p1a: Gliscor
|-singleturn|p1a: Gliscor|Protect
|move|p2a: Rotom-Wash|Hydro Pump|p1a: Gliscor
|-activate|p1a: Gliscor|Protect
|
|-heal|p1a: Gliscor|321\/353 tox|[from] ability: Poison Heal
|-damage|p2a: Rotom-Wash|87\/304 brn|[from] brn
|turn|12
|
|switch|p1a: Tentacruel|Tentacruel, F|165\/364
|move|p2a: Rotom-Wash|Hydro Pump|p1a: Tentacruel
|-resisted|p1a: Tentacruel
|-damage|p1a: Tentacruel|123\/364
|
|-heal|p1a: Tentacruel|145\/364|[from] item: Black Sludge
|-damage|p2a: Rotom-Wash|49\/304 brn|[from] brn
|turn|13
|
|move|p1a: Tentacruel|Acid Spray|p2a: Rotom-Wash
|-damage|p2a: Rotom-Wash|21\/304 brn
|-unboost|p2a: Rotom-Wash|spd|2
|move|p2a: Rotom-Wash|Volt Switch|p1a: Tentacruel
|-supereffective|p1a: Tentacruel
|-damage|p1a: Tentacruel|25\/364
|
|switch|p2a: Landorus-Therian|Landorus-Therian, M|381\/381
|-ability|p2a: Landorus-Therian|Intimidate|[of] p1a: Tentacruel
|-unboost|p1a: Tentacruel|atk|1
|
|-heal|p1a: Tentacruel|47\/364|[from] item: Black Sludge
|turn|14
|leave|Kama Sutra
|player|p1
|join|Kama Sutra
|player|p1|Kama Sutra|155
|
|switch|p1a: Gliscor|Gliscor, F|321\/353 tox
|move|p2a: Landorus-Therian|U-turn|p1a: Gliscor
|-resisted|p1a: Gliscor
|-damage|p1a: Gliscor|294\/353 tox
|
|switch|p2a: Greninja|Greninja, M, shiny|285\/285
|
|-heal|p1a: Gliscor|338\/353 tox|[from] ability: Poison Heal
|turn|15
|
|switch|p1a: Jirachi|Jirachi|404\/404
|move|p2a: Greninja|Hydro Pump|p1a: Jirachi
|-start|p2a: Greninja|typechange|Water|[from] Protean
|-damage|p1a: Jirachi|268\/404
|
|-heal|p1a: Jirachi|293\/404|[from] item: Leftovers
|turn|16
|
|switch|p2a: Landorus-Therian|Landorus-Therian, M|381\/381
|-ability|p2a: Landorus-Therian|Intimidate|[of] p1a: Jirachi
|-unboost|p1a: Jirachi|atk|1
|move|p1a: Jirachi|Body Slam|p2a: Landorus-Therian
|-damage|p2a: Landorus-Therian|346\/381
|-status|p2a: Landorus-Therian|par
|
|-heal|p1a: Jirachi|318\/404|[from] item: Leftovers
|-heal|p2a: Landorus-Therian|369\/381 par|[from] item: Leftovers
|turn|17
|
|move|p1a: Jirachi|U-turn|p2a: Landorus-Therian
|-resisted|p2a: Landorus-Therian
|-damage|p2a: Landorus-Therian|354\/381 par
|
|switch|p1a: Sableye|Sableye, F|304\/304
|move|p2a: Landorus-Therian|Stealth Rock|p1a: Sableye
|-sidestart|p1: Kama Sutra|move: Stealth Rock
|
|-heal|p2a: Landorus-Therian|377\/381 par|[from] item: Leftovers
|turn|18
|
|detailschange|p1a: Sableye|Sableye-Mega, F
|message|Sableye has Mega Evolved into Mega Sableye!
|move|p1a: Sableye|Knock Off|p2a: Landorus-Therian
|-crit|p2a: Landorus-Therian
|-damage|p2a: Landorus-Therian|254\/381 par
|-enditem|p2a: Landorus-Therian|Leftovers|[from] move: Knock Off|[of] p1a: Sableye
|move|p2a: Landorus-Therian|U-turn|p1a: Sableye
|-damage|p1a: Sableye|260\/304
|
|switch|p2a: Rotom-Wash|Rotom-Wash|21\/304 brn
|
|-damage|p2a: Rotom-Wash|0 fnt|[from] brn
|faint|p2a: Rotom-Wash
|
|switch|p2a: Latias|Latias, F|301\/301
|turn|19
|
|detailschange|p2a: Latias|Latias-Mega, F
|message|Latias has Mega Evolved into Mega Latias!
|move|p2a: Latias|Draco Meteor|p1a: Sableye
|-damage|p1a: Sableye|62\/304
|-unboost|p2a: Latias|spa|2
|move|p1a: Sableye|Recover|p1a: Sableye
|-heal|p1a: Sableye|214\/304
|
|turn|20
|
|switch|p2a: Landorus-Therian|Landorus-Therian, M|254\/381 par
|-ability|p2a: Landorus-Therian|Intimidate|[of] p1a: Sableye
|-unboost|p1a: Sableye|atk|1
|move|p1a: Sableye|Knock Off|p2a: Landorus-Therian
|-damage|p2a: Landorus-Therian|218\/381 par
|
|turn|21
|
|move|p1a: Sableye|Recover|p1a: Sableye
|-heal|p1a: Sableye|304\/304
|move|p2a: Landorus-Therian|U-turn|p1a: Sableye
|-damage|p1a: Sableye|258\/304
|
|switch|p2a: Scizor|Scizor, F|343\/343
|
|turn|22
|
|move|p2a: Scizor|U-turn|p1a: Sableye
|-damage|p1a: Sableye|123\/304
|
|switch|p2a: Latias|Latias-Mega, F|301\/301
|move|p1a: Sableye|Will-O-Wisp|p2a: Latias
|-status|p2a: Latias|brn
|
|-damage|p2a: Latias|264\/301 brn|[from] brn
|turn|23
|
|switch|p2a: Infernape|Infernape, M|235\/293
|switch|p1a: Tentacruel|Tentacruel, F|47\/364
|-damage|p1a: Tentacruel|2\/364|[from] Stealth Rock
|
|-heal|p1a: Tentacruel|24\/364|[from] item: Black Sludge
|turn|24
|
|move|p2a: Infernape|U-turn|p1a: Tentacruel
|-resisted|p1a: Tentacruel
|-damage|p1a: Tentacruel|0 fnt
|-damage|p2a: Infernape|206\/293|[from] item: Life Orb
|faint|p1a: Tentacruel
|
|switch|p2a: Greninja|Greninja, M, shiny|285\/285
|
|
|switch|p1a: Mew|Mew|365\/404
|-damage|p1a: Mew|315\/404|[from] Stealth Rock
|turn|25
|
|move|p2a: Greninja|U-turn|p1a: Mew
|-start|p2a: Greninja|typechange|Bug|[from] Protean
|-supereffective|p1a: Mew
|-damage|p1a: Mew|147\/404
|
|switch|p2a: Landorus-Therian|Landorus-Therian, M|218\/381 par
|-ability|p2a: Landorus-Therian|Intimidate|[of] p1a: Mew
|-unboost|p1a: Mew|atk|1
|move|p1a: Mew|Will-O-Wisp|p2a: Landorus-Therian
|-fail|p2a: Landorus-Therian
|
|-heal|p1a: Mew|172\/404|[from] item: Leftovers
|turn|26
|
|move|p1a: Mew|Soft-Boiled|p1a: Mew
|-heal|p1a: Mew|374\/404
|move|p2a: Landorus-Therian|U-turn|p1a: Mew
|-supereffective|p1a: Mew
|-damage|p1a: Mew|222\/404
|
|switch|p2a: Greninja|Greninja, M, shiny|285\/285
|
|-heal|p1a: Mew|247\/404|[from] item: Leftovers
|turn|27
|
|move|p2a: Greninja|U-turn|p1a: Mew
|-start|p2a: Greninja|typechange|Bug|[from] Protean
|-supereffective|p1a: Mew
|-damage|p1a: Mew|79\/404
|
|switch|p2a: Landorus-Therian|Landorus-Therian, M|218\/381 par
|-ability|p2a: Landorus-Therian|Intimidate|[of] p1a: Mew
|-unboost|p1a: Mew|atk|1
|move|p1a: Mew|Soft-Boiled|p1a: Mew
|-heal|p1a: Mew|281\/404
|
|-heal|p1a: Mew|306\/404|[from] item: Leftovers
|turn|28
|
|move|p1a: Mew|Soft-Boiled|p1a: Mew
|-heal|p1a: Mew|404\/404
|move|p2a: Landorus-Therian|U-turn|p1a: Mew
|-supereffective|p1a: Mew
|-damage|p1a: Mew|246\/404
|
|switch|p2a: Latias|Latias-Mega, F|264\/301 brn
|
|-heal|p1a: Mew|271\/404|[from] item: Leftovers
|-damage|p2a: Latias|227\/301 brn|[from] brn
|turn|29
|
|switch|p1a: Jirachi|Jirachi|318\/404
|-damage|p1a: Jirachi|293\/404|[from] Stealth Rock
|move|p2a: Latias|Hidden Power|p1a: Jirachi
|-supereffective|p1a: Jirachi
|-damage|p1a: Jirachi|177\/404
|
|-heal|p1a: Jirachi|202\/404|[from] item: Leftovers
|-damage|p2a: Latias|190\/301 brn|[from] brn
|turn|30
|
|switch|p2a: Landorus-Therian|Landorus-Therian, M|218\/381 par
|-ability|p2a: Landorus-Therian|Intimidate|[of] p1a: Jirachi
|-unboost|p1a: Jirachi|atk|1
|move|p1a: Jirachi|Wish|p1a: Jirachi
|
|-heal|p1a: Jirachi|227\/404|[from] item: Leftovers
|turn|31
|
|move|p1a: Jirachi|U-turn|p2a: Landorus-Therian
|-resisted|p2a: Landorus-Therian
|-damage|p2a: Landorus-Therian|203\/381 par
|
|switch|p1a: Sableye|Sableye-Mega, F|123\/304
|-damage|p1a: Sableye|85\/304|[from] Stealth Rock
|move|p2a: Landorus-Therian|U-turn|p1a: Sableye
|-damage|p1a: Sableye|35\/304
|
|switch|p2a: Infernape|Infernape, M|206\/293
|
|-heal|p1a: Sableye|237\/304|[from] move: Wish|[wisher] Jirachi
|turn|32
|
|move|p2a: Infernape|U-turn|p1a: Sableye
|-damage|p1a: Sableye|182\/304
|-damage|p2a: Infernape|177\/293|[from] item: Life Orb
|
|switch|p2a: Latias|Latias-Mega, F|190\/301 brn
|move|p1a: Sableye|Recover|p1a: Sableye
|-heal|p1a: Sableye|304\/304
|
|-damage|p2a: Latias|153\/301 brn|[from] brn
|turn|33
|
|switch|p1a: Heatran|Heatran, M|343\/385
|-damage|p1a: Heatran|295\/385|[from] Stealth Rock
|move|p2a: Latias|Roost|p2a: Latias
|-heal|p2a: Latias|301\/301 brn
|
|-heal|p1a: Heatran|319\/385|[from] item: Leftovers
|-damage|p2a: Latias|264\/301 brn|[from] brn
|turn|34
|
|switch|p2a: Landorus-Therian|Landorus-Therian, M|203\/381 par
|-ability|p2a: Landorus-Therian|Intimidate|[of] p1a: Heatran
|-unboost|p1a: Heatran|atk|1
|move|p1a: Heatran|Stealth Rock|p2a: Landorus-Therian
|-sidestart|p2: MadMunky20k|move: Stealth Rock
|
|-heal|p1a: Heatran|343\/385|[from] item: Leftovers
|turn|35
|
|switch|p1a: Gliscor|Gliscor, F|338\/353 tox
|-damage|p1a: Gliscor|294\/353 tox|[from] Stealth Rock
|move|p2a: Landorus-Therian|U-turn|p1a: Gliscor
|-resisted|p1a: Gliscor
|-damage|p1a: Gliscor|269\/353 tox
|
|switch|p2a: Greninja|Greninja, M, shiny|285\/285
|-damage|p2a: Greninja|250\/285|[from] Stealth Rock
|
|-heal|p1a: Gliscor|313\/353 tox|[from] ability: Poison Heal
|turn|36
|
|move|p1a: Gliscor|Protect|p1a: Gliscor
|-singleturn|p1a: Gliscor|Protect
|move|p2a: Greninja|Hydro Pump|p1a: Gliscor
|-start|p2a: Greninja|typechange|Water|[from] Protean
|-activate|p1a: Gliscor|Protect
|
|-heal|p1a: Gliscor|353\/353 tox|[from] ability: Poison Heal
|turn|37
|
|move|p2a: Greninja|Hydro Pump|p1a: Gliscor
|-supereffective|p1a: Gliscor
|-damage|p1a: Gliscor|0 fnt
|faint|p1a: Gliscor
|
|
|switch|p1a: Jirachi|Jirachi|227\/404
|-damage|p1a: Jirachi|202\/404|[from] Stealth Rock
|turn|38
|
|switch|p2a: Latias|Latias-Mega, F|264\/301 brn
|-damage|p2a: Latias|227\/301 brn|[from] Stealth Rock
|move|p1a: Jirachi|Body Slam|p2a: Latias
|-damage|p2a: Latias|173\/301 brn
|
|-heal|p1a: Jirachi|227\/404|[from] item: Leftovers
|-damage|p2a: Latias|136\/301 brn|[from] brn
|turn|39
|
|move|p2a: Latias|Defog|p1a: Jirachi
|-unboost|p1a: Jirachi|evasion|1
|-sideend|p1: Kama Sutra|Stealth Rock|[from] move: Defog|[of] p1a: Jirachi
|-sideend|p2: MadMunky20k|Stealth Rock|[from] move: Defog|[of] p2a: Latias
|move|p1a: Jirachi|Wish|p1a: Jirachi
|
|-heal|p1a: Jirachi|252\/404|[from] item: Leftovers
|-damage|p2a: Latias|99\/301 brn|[from] brn
|turn|40
|
|move|p2a: Latias|Roost|p2a: Latias
|-heal|p2a: Latias|250\/301 brn
|move|p1a: Jirachi|Iron Head|p2a: Latias
|-crit|p2a: Latias
|-damage|p2a: Latias|135\/301 brn
|
|-heal|p1a: Jirachi|404\/404|[from] move: Wish|[wisher] Jirachi
|-damage|p2a: Latias|98\/301 brn|[from] brn
|turn|41
|
|move|p2a: Latias|Roost|p2a: Latias
|-heal|p2a: Latias|249\/301 brn
|move|p1a: Jirachi|U-turn|p2a: Latias
|-supereffective|p2a: Latias
|-damage|p2a: Latias|161\/301 brn
|
|switch|p1a: Sableye|Sableye-Mega, F|304\/304
|
|-damage|p2a: Latias|124\/301 brn|[from] brn
|turn|42
|
|move|p2a: Latias|Draco Meteor|p1a: Sableye
|-damage|p1a: Sableye|81\/304
|-unboost|p2a: Latias|spa|2
|move|p1a: Sableye|Foul Play|p2a: Latias
|-supereffective|p2a: Latias
|-damage|p2a: Latias|0 fnt
|faint|p2a: Latias
|
|
|switch|p2a: Infernape|Infernape, M|177\/293
|turn|43
|
|switch|p1a: Heatran|Heatran, M|343\/385
|move|p2a: Infernape|Overheat|p1a: Heatran
|-start|p1a: Heatran|ability: Flash Fire
|
|-heal|p1a: Heatran|367\/385|[from] item: Leftovers
|turn|44
|
|switch|p1a: Sableye|Sableye-Mega, F|81\/304
|move|p2a: Infernape|Close Combat|p1a: Sableye
|-immune|p1a: Sableye|[msg]
|
|turn|45
|
|switch|p1a: Heatran|Heatran, M|367\/385
|move|p2a: Infernape|U-turn|p1a: Heatran
|-resisted|p1a: Heatran
|-damage|p1a: Heatran|346\/385
|-damage|p2a: Infernape|148\/293|[from] item: Life Orb
|
|switch|p2a: Greninja|Greninja, M, shiny|250\/285
|
|-heal|p1a: Heatran|370\/385|[from] item: Leftovers
|turn|46
|
|move|p1a: Heatran|Protect|p1a: Heatran
|-singleturn|p1a: Heatran|Protect
|move|p2a: Greninja|Hydro Pump|p1a: Heatran
|-start|p2a: Greninja|typechange|Water|[from] Protean
|-activate|p1a: Heatran|Protect
|
|-heal|p1a: Heatran|385\/385|[from] item: Leftovers
|turn|47
|
|switch|p1a: Jirachi|Jirachi|404\/404
|move|p2a: Greninja|Hydro Pump|p1a: Jirachi
|-damage|p1a: Jirachi|262\/404
|
|-heal|p1a: Jirachi|287\/404|[from] item: Leftovers
|turn|48
|
|switch|p2a: Landorus-Therian|Landorus-Therian, M|203\/381 par
|-ability|p2a: Landorus-Therian|Intimidate|[of] p1a: Jirachi
|-unboost|p1a: Jirachi|atk|1
|move|p1a: Jirachi|Body Slam|p2a: Landorus-Therian
|-damage|p2a: Landorus-Therian|164\/381 par
|
|-heal|p1a: Jirachi|312\/404|[from] item: Leftovers
|turn|49
|
|move|p1a: Jirachi|Iron Head|p2a: Landorus-Therian
|-damage|p2a: Landorus-Therian|112\/381 par
|cant|p2a: Landorus-Therian|flinch
|
|-heal|p1a: Jirachi|337\/404|[from] item: Leftovers
|turn|50
|
|move|p1a: Jirachi|U-turn|p2a: Landorus-Therian
|-resisted|p2a: Landorus-Therian
|-damage|p2a: Landorus-Therian|96\/381 par
|
|switch|p1a: Sableye|Sableye-Mega, F|81\/304
|move|p2a: Landorus-Therian|Earthquake|p1a: Sableye
|-damage|p1a: Sableye|0 fnt
|faint|p1a: Sableye
|
|
|switch|p1a: Heatran|Heatran, M|385\/385
|turn|51
|
|move|p1a: Heatran|Lava Plume|p2a: Landorus-Therian
|-damage|p2a: Landorus-Therian|0 fnt
|faint|p2a: Landorus-Therian
|
|
|switch|p2a: Infernape|Infernape, M|148\/293
|turn|52
|
|switch|p1a: Mew|Mew|271\/404
|move|p2a: Infernape|Close Combat|p1a: Mew
|-resisted|p1a: Mew
|-damage|p1a: Mew|153\/404
|-unboost|p2a: Infernape|def|1
|-unboost|p2a: Infernape|spd|1
|-damage|p2a: Infernape|119\/293|[from] item: Life Orb
|
|-heal|p1a: Mew|178\/404|[from] item: Leftovers
|turn|53
|
|move|p2a: Infernape|U-turn|p1a: Mew
|-supereffective|p1a: Mew
|-damage|p1a: Mew|0 fnt
|-damage|p2a: Infernape|90\/293|[from] item: Life Orb
|faint|p1a: Mew
|
|switch|p2a: Greninja|Greninja, M, shiny|250\/285
|
|
|switch|p1a: Jirachi|Jirachi|337\/404
|turn|54
|
|move|p2a: Greninja|Hydro Pump|p1a: Jirachi
|-start|p2a: Greninja|typechange|Water|[from] Protean
|-damage|p1a: Jirachi|199\/404
|move|p1a: Jirachi|Body Slam|p2a: Greninja
|-damage|p2a: Greninja|163\/285
|
|-heal|p1a: Jirachi|224\/404|[from] item: Leftovers
|turn|55
|
|move|p2a: Greninja|Hydro Pump|p1a: Jirachi
|-damage|p1a: Jirachi|92\/404
|move|p1a: Jirachi|Body Slam|p2a: Greninja
|-damage|p2a: Greninja|73\/285
|
|-heal|p1a: Jirachi|117\/404|[from] item: Leftovers
|turn|56
|
|-activate|p2a: Greninja|move: Struggle
|move|p2a: Greninja|Struggle|p1a: Jirachi
|-damage|p1a: Jirachi|82\/404
|-damage|p2a: Greninja|2\/285
|move|p1a: Jirachi|Body Slam|p2a: Greninja
|-damage|p2a: Greninja|0 fnt
|faint|p2a: Greninja
|
|-heal|p1a: Jirachi|107\/404|[from] item: Leftovers
|
|switch|p2a: Infernape|Infernape, M|90\/293
|turn|57
|c|âMadMunky20k|ggwp
|
|move|p2a: Infernape|Close Combat|p1a: Jirachi
|-damage|p1a: Jirachi|0 fnt
|-unboost|p2a: Infernape|def|1
|-unboost|p2a: Infernape|spd|1
|-damage|p2a: Infernape|61\/293|[from] item: Life Orb
|faint|p1a: Jirachi
|
|
|switch|p1a: Heatran|Heatran, M|385\/385
|turn|58
|
|move|p2a: Infernape|Close Combat|p1a: Heatran
|-supereffective|p1a: Heatran
|-damage|p1a: Heatran|0 fnt
|-unboost|p2a: Infernape|def|1
|-unboost|p2a: Infernape|spd|1
|-damage|p2a: Infernape|32\/293|[from] item: Life Orb
|faint|p1a: Heatran
|
|win|MadMunky20k
|raw|Ladder updating...
|raw|Kama Sutra's rating: 1362 &rarr; <strong>1340<\/strong><br \/>(-22 for losing)
|raw|MadMunky20k's rating: 1322 &rarr; <strong>1344<\/strong><br \/>(+22 for winning)
|c|âKama Sutra|gg
|leave|Kama Sutra
|player|p1