|join|Kama Sutra
|join|Aka DH
|player|p1|Kama Sutra|266
|player|p2|Aka DH|266
|gametype|singles
|gen|6
|tier|ORAS OU
|rule|Sleep Clause Mod: Limit one foe put to sleep
|rule|Species Clause: Limit one of each PokÃ©mon
|rule|OHKO Clause: OHKO moves are banned
|rule|Moody Clause: Moody is banned
|rule|Evasion Moves Clause: Evasion moves are banned
|rule|Endless Battle Clause: Forcing endless battles is banned
|rule|HP Percentage Mod: HP is shown in percentages
|clearpoke
|poke|p1|Garchomp, M
|poke|p1|Diggersby, M
|poke|p1|Azumarill, M
|poke|p1|Latias, F
|poke|p1|Magnezone
|poke|p1|Pinsir, M
|poke|p2|Bisharp, F
|poke|p2|Venusaur, M
|poke|p2|Heatran, M
|poke|p2|Keldeo
|poke|p2|Chansey, F
|poke|p2|Skarmory, F
|rule|Swagger Clause: Swagger is banned
|rule|Baton Pass Clause: Limit one PokÃ©mon knowing Baton Pass
|teampreview
|join|i came from leddit
|join|redevil360
|join|iclixo
|join|ericzamo
|join|finalninja243
|leave|redevil360
|join|llicn
|join|Zenzoh
|c| Zenzoh|go bloody!
|join|scribelnaut
|
|start
|switch|p1a: Magnezone|Magnezone|282\/282
|switch|p2a: Appreciation|Heatran, M|340\/340
|-item|p2a: Appreciation|Air Balloon
|turn|1
|c| i came from leddit|go bloody!
|join|deathbored
|
|move|p1a: Magnezone|Volt Switch|p2a: Appreciation
|-damage|p2a: Appreciation|213\/340
|-enditem|p2a: Appreciation|Air Balloon
|join|MasterRyuga
|join|Invation
|
|switch|p1a: Garchomp|Garchomp, M|358\/358
|move|p2a: Appreciation|Stealth Rock|p1a: Garchomp
|-sidestart|p1: Kama Sutra|move: Stealth Rock
|
|turn|2
|leave|scribelnaut
|join|35w4ers
|
|switch|p2a: Zenzoh|Skarmory, F|334\/334
|move|p1a: Garchomp|Stealth Rock|p2a: Zenzoh
|-sidestart|p2: Aka DH|move: Stealth Rock
|
|turn|3
|join|CleanerThanRotom-W
|c| MasterRyuga|wheres mob at? 
|c| MasterRyuga|his boy is playing 
|c| CleanerThanRotom-W|go bloody!
|
|switch|p1a: Magnezone|Magnezone|282\/282
|-damage|p1a: Magnezone|265\/282|[from] Stealth Rock
|move|p2a: Zenzoh|Whirlwind|p1a: Magnezone
|drag|p1a: Azumarill|Azumarill, M|344\/344
|-damage|p1a: Azumarill|301\/344|[from] Stealth Rock
|
|turn|4
|join|Specs Fake-Out
|join|blabsters
|
|switch|p2a: Ucan'tSeeMe|Venusaur, M|364\/364
|-damage|p2a: Ucan'tSeeMe|319\/364|[from] Stealth Rock
|switch|p1a: Latias|Latias, F|302\/302
|-damage|p1a: Latias|265\/302|[from] Stealth Rock
|
|turn|5
|join|Cosine180
|
|switch|p1a: Garchomp|Garchomp, M|358\/358
|-damage|p1a: Garchomp|336\/358|[from] Stealth Rock
|switch|p2a: I came from leddit|Bisharp, F|334\/334
|-damage|p2a: I came from leddit|314\/334|[from] Stealth Rock
|
|-heal|p2a: I came from leddit|334\/334|[from] item: Leftovers
|turn|6
|
|switch|p1a: Magnezone|Magnezone|265\/282
|-damage|p1a: Magnezone|248\/282|[from] Stealth Rock
|switch|p2a: CleanerThanRotom-W|Chansey, F|684\/684
|-damage|p2a: CleanerThanRotom-W|599\/684|[from] Stealth Rock
|
|turn|7
|
|move|p1a: Magnezone|Volt Switch|p2a: CleanerThanRotom-W
|-damage|p2a: CleanerThanRotom-W|523\/684
|join|Zentennen
|
|switch|p1a: Garchomp|Garchomp, M|336\/358
|-damage|p1a: Garchomp|314\/358|[from] Stealth Rock
|move|p2a: CleanerThanRotom-W|Seismic Toss|p1a: Garchomp
|-damage|p1a: Garchomp|214\/358
|-damage|p2a: CleanerThanRotom-W|438\/684|[from] ability: Rough Skin|[of] p1a: Garchomp
|
|turn|8
|
|move|p1a: Garchomp|Swords Dance|p1a: Garchomp
|-boost|p1a: Garchomp|atk|2
|move|p2a: CleanerThanRotom-W|Soft-Boiled|p2a: CleanerThanRotom-W
|-heal|p2a: CleanerThanRotom-W|684\/684
|
|turn|9
|
|move|p1a: Garchomp|Earthquake|p2a: CleanerThanRotom-W
|-damage|p2a: CleanerThanRotom-W|246\/684
|move|p2a: CleanerThanRotom-W|Soft-Boiled|p2a: CleanerThanRotom-W
|-heal|p2a: CleanerThanRotom-W|588\/684
|
|turn|10
|
|switch|p1a: Magnezone|Magnezone|248\/282
|-damage|p1a: Magnezone|231\/282|[from] Stealth Rock
|switch|p2a: Zenzoh|Skarmory, F|334\/334
|-damage|p2a: Zenzoh|293\/334|[from] Stealth Rock
|
|turn|11
|join|Mr FlintStone
|join|awrgstrhrjy
|join|Aristhus
|
|move|p1a: Magnezone|Volt Switch|p2a: Zenzoh
|-supereffective|p2a: Zenzoh
|-damage|p2a: Zenzoh|27\/334
|join|808 & Heartbreak
|
|switch|p1a: Latias|Latias, F|265\/302
|-damage|p1a: Latias|228\/302|[from] Stealth Rock
|move|p2a: Zenzoh|Whirlwind|p1a: Latias
|drag|p1a: Pinsir|Pinsir, M|271\/271
|-damage|p1a: Pinsir|204\/271|[from] Stealth Rock
|
|turn|12
|c| MasterRyuga|what does the dh mean aka?
|
|detailschange|p1a: Pinsir|Pinsir-Mega, M
|message|Pinsir has Mega Evolved into Mega Pinsir!
|move|p1a: Pinsir|Return|p2a: Zenzoh
|-resisted|p2a: Zenzoh
|-damage|p2a: Zenzoh|0 fnt
|-damage|p1a: Pinsir|159\/271|[from] item: Rocky Helmet|[of] p2a: Zenzoh
|faint|p2a: Zenzoh
|
|c| CleanerThanRotom-W|thats the secret of winning
|c| Zentennen|is that specially defensive skarm?
|join|churos1.5
|c| CleanerThanRotom-W|oly the bloody winsquad knows
|
|switch|p2a: SwiftSwimSweeper|Keldeo|323\/323
|-damage|p2a: SwiftSwimSweeper|303\/323|[from] Stealth Rock
|turn|13
|c| CleanerThanRotom-W|*only
|c| i came from leddit|ur mums spdef
|join|Andoma
|
|switch|p1a: Magnezone|Magnezone|231\/282
|-damage|p1a: Magnezone|214\/282|[from] Stealth Rock
|move|p2a: SwiftSwimSweeper|Icy Wind|p1a: Magnezone
|-resisted|p1a: Magnezone
|-damage|p1a: Magnezone|176\/282
|-unboost|p1a: Magnezone|spe|1
|
|-heal|p2a: SwiftSwimSweeper|323\/323|[from] item: Leftovers
|turn|14
|c| Zentennen|OOOOOOOOOOOOOOOOOOOOOOOOOOOH
|c| Zentennen|THE BURNS
|
|move|p2a: SwiftSwimSweeper|Secret Sword|p1a: Magnezone
|-supereffective|p1a: Magnezone
|-damage|p1a: Magnezone|0 fnt
|faint|p1a: Magnezone
|
|c| MasterRyuga|i see so whats the win squad?
|leave|finalninja243
|join|Polarance
|join|the Jaiho
|
|switch|p1a: Latias|Latias, F|228\/302
|-damage|p1a: Latias|191\/302|[from] Stealth Rock
|turn|15
|
|switch|p2a: I came from leddit|Bisharp, F|334\/334
|-damage|p2a: I came from leddit|314\/334|[from] Stealth Rock
|move|p1a: Latias|Draco Meteor|p2a: I came from leddit
|-resisted|p2a: I came from leddit
|-damage|p2a: I came from leddit|150\/334
|-unboost|p1a: Latias|spa|2
|-damage|p1a: Latias|161\/302|[from] item: Life Orb
|
|-heal|p2a: I came from leddit|170\/334|[from] item: Leftovers
|turn|16
|c| awrgstrhrjy|banded magikarp
|c| i came from leddit|wow im bulky..
|c| MasterRyuga|thats too strong 
|c| CleanerThanRotom-W|leddit is fat
|c| CleanerThanRotom-W|kek
|
|move|p1a: Latias|Healing Wish|p1a: Latias
|faint|p1a: Latias
|move|p2a: I came from leddit|Knock Off|p1: Latias|[notarget]
|-notarget
|
|-heal|p2a: I came from leddit|190\/334|[from] item: Leftovers
|
|switch|p1a: Garchomp|Garchomp, M|214\/358
|-heal|p1a: Garchomp|358\/358|[from] move: Healing Wish
|-damage|p1a: Garchomp|336\/358|[from] Stealth Rock
|turn|17
|join|Zagmzp
|c| Mr FlintStone|someone tell me 
|c| Mr FlintStone|where trice has been
|c| Mr FlintStone|:[
|c| i came from leddit|trice is rip
|c| CleanerThanRotom-W|rip trice
|
|move|p2a: I came from leddit|Sucker Punch|p1a: Garchomp
|-damage|p1a: Garchomp|171\/358
|-damage|p2a: I came from leddit|149\/334|[from] ability: Rough Skin|[of] p1a: Garchomp
|move|p1a: Garchomp|Earthquake|p2a: I came from leddit
|-supereffective|p2a: I came from leddit
|-damage|p2a: I came from leddit|0 fnt
|faint|p2a: I came from leddit
|
|c| i came from leddit|his cpu is kill
|
|switch|p2a: SwiftSwimSweeper|Keldeo|323\/323
|-damage|p2a: SwiftSwimSweeper|303\/323|[from] Stealth Rock
|turn|18
|c| Mr FlintStone|nuuuuuuuuuu
|c| Mr FlintStone|:[
|
|switch|p1a: Azumarill|Azumarill, M|301\/344
|-damage|p1a: Azumarill|258\/344|[from] Stealth Rock
|move|p2a: SwiftSwimSweeper|Icy Wind|p1a: Azumarill
|-resisted|p1a: Azumarill
|-damage|p1a: Azumarill|237\/344
|-unboost|p1a: Azumarill|spe|1
|
|-heal|p2a: SwiftSwimSweeper|323\/323|[from] item: Leftovers
|turn|19
|
|move|p2a: SwiftSwimSweeper|Secret Sword|p1a: Azumarill
|-resisted|p1a: Azumarill
|-damage|p1a: Azumarill|139\/344
|move|p1a: Azumarill|Play Rough|p2a: SwiftSwimSweeper
|-supereffective|p2a: SwiftSwimSweeper
|-damage|p2a: SwiftSwimSweeper|0 fnt
|faint|p2a: SwiftSwimSweeper
|
|c| i came from leddit|>hits
|c| CleanerThanRotom-W|lol bloody
|join|BIG SCHLONG MCDONG
|
|switch|p2a: Ucan'tSeeMe|Venusaur, M|319\/364
|-damage|p2a: Ucan'tSeeMe|274\/364|[from] Stealth Rock
|turn|20
|
|detailschange|p2a: Ucan'tSeeMe|Venusaur-Mega, M
|message|Venusaur has Mega Evolved into Mega Venusaur!
|move|p2a: Ucan'tSeeMe|Giga Drain|p1a: Azumarill
|-supereffective|p1a: Azumarill
|-damage|p1a: Azumarill|11\/344
|-heal|p2a: Ucan'tSeeMe|338\/364|[from] drain|[of] p1a: Azumarill
|move|p1a: Azumarill|Play Rough|p2a: Ucan'tSeeMe
|-resisted|p2a: Ucan'tSeeMe
|-damage|p2a: Ucan'tSeeMe|273\/364
|
|turn|21
|c| CleanerThanRotom-W|>lives
|
|move|p2a: Ucan'tSeeMe|Synthesis|p2a: Ucan'tSeeMe
|-heal|p2a: Ucan'tSeeMe|364\/364
|move|p1a: Azumarill|Play Rough|p2a: Ucan'tSeeMe
|-resisted|p2a: Ucan'tSeeMe
|-damage|p2a: Ucan'tSeeMe|298\/364
|
|turn|22
|c| 808 & Heartbreak|no bounce?
|c| i came from leddit|>bounce
|c| i came from leddit|nice meme
|
|move|p2a: Ucan'tSeeMe|Synthesis|p2a: Ucan'tSeeMe
|-heal|p2a: Ucan'tSeeMe|364\/364
|move|p1a: Azumarill|Knock Off|p2a: Ucan'tSeeMe
|-damage|p2a: Ucan'tSeeMe|304\/364
|
|turn|23
|c| Zentennen|well
|join|WECAMEASHOMOS
|
|move|p2a: Ucan'tSeeMe|Giga Drain|p1a: Azumarill
|-supereffective|p1a: Azumarill
|-damage|p1a: Azumarill|0 fnt
|-heal|p2a: Ucan'tSeeMe|310\/364|[from] drain|[of] p1a: Azumarill
|faint|p1a: Azumarill
|
|
|switch|p1a: Pinsir|Pinsir-Mega, M|159\/271
|-damage|p1a: Pinsir|24\/271|[from] Stealth Rock
|turn|24
|
|switch|p2a: Appreciation|Heatran, M|213\/340
|-damage|p2a: Appreciation|171\/340|[from] Stealth Rock
|move|p1a: Pinsir|Return|p2a: Appreciation
|-resisted|p2a: Appreciation
|-damage|p2a: Appreciation|67\/340
|
|turn|25
|c| Zentennen|ouch
|c| i came from leddit|>ouch
|
|move|p1a: Pinsir|Return|p2a: Appreciation
|-resisted|p2a: Appreciation
|-damage|p2a: Appreciation|0 fnt
|faint|p2a: Appreciation
|
|
|switch|p2a: CleanerThanRotom-W|Chansey, F|588\/684
|-damage|p2a: CleanerThanRotom-W|503\/684|[from] Stealth Rock
|turn|26
|c| Zentennen|>>ouch
|
|move|p1a: Pinsir|Return|p2a: CleanerThanRotom-W
|-damage|p2a: CleanerThanRotom-W|133\/684
|move|p2a: CleanerThanRotom-W|Seismic Toss|p1a: Pinsir
|-damage|p1a: Pinsir|0 fnt
|faint|p1a: Pinsir
|
|
|switch|p1a: Garchomp|Garchomp, M|171\/358
|-damage|p1a: Garchomp|149\/358|[from] Stealth Rock
|turn|27
|c| Specs Fake-Out|gg?
|
|move|p1a: Garchomp|Earthquake|p2a: CleanerThanRotom-W
|-damage|p2a: CleanerThanRotom-W|0 fnt
|faint|p2a: CleanerThanRotom-W
|
|c| churos1.5|diggerby sword dance
|c| Specs Fake-Out|gg
|
|switch|p2a: Ucan'tSeeMe|Venusaur-Mega, M|310\/364
|-damage|p2a: Ucan'tSeeMe|265\/364|[from] Stealth Rock
|turn|28
|c| i came from leddit|>gg
|c| i came from leddit|bg
|c| Zentennen|>>gg
|
|move|p1a: Garchomp|Earthquake|p2a: Ucan'tSeeMe
|-damage|p2a: Ucan'tSeeMe|151\/364
|move|p2a: Ucan'tSeeMe|Leech Seed|p1a: Garchomp
|-start|p1a: Garchomp|move: Leech Seed
|
|-damage|p1a: Garchomp|105\/358|[from] Leech Seed|[of] p2a: Ucan'tSeeMe
|-heal|p2a: Ucan'tSeeMe|195\/364|[silent]
|turn|29
|
|move|p1a: Garchomp|Swords Dance|p1a: Garchomp
|-boost|p1a: Garchomp|atk|2
|move|p2a: Ucan'tSeeMe|Synthesis|p2a: Ucan'tSeeMe
|-heal|p2a: Ucan'tSeeMe|364\/364
|
|-damage|p1a: Garchomp|61\/358|[from] Leech Seed|[of] p2a: Ucan'tSeeMe
|turn|30
|join|mylittlefairy
|leave|mylittlefairy
|
|move|p1a: Garchomp|Swords Dance|p1a: Garchomp
|-boost|p1a: Garchomp|atk|2
|move|p2a: Ucan'tSeeMe|Synthesis|p2a: Ucan'tSeeMe
|
|-damage|p1a: Garchomp|17\/358|[from] Leech Seed|[of] p2a: Ucan'tSeeMe
|turn|31
|
|move|p1a: Garchomp|Outrage|p2a: Ucan'tSeeMe
|-damage|p2a: Ucan'tSeeMe|0 fnt
|faint|p2a: Ucan'tSeeMe
|
|win|Kama Sutra
|c| WECAMEASHOMOS|get good
|leave|i came from leddit
|c| Zentennen|LOL
|leave|Aka DH
|player|p2
|leave|Kama Sutra
|player|p1
|leave|Invation
|c| churos1.5|aka dh left
|leave|Zentennen
|leave|churos1.5
|leave|ericzamo
|leave|awrgstrhrjy
|leave|Aristhus
|leave|CleanerThanRotom-W
|leave|deathbored
|leave|Mr FlintStone
|c| WECAMEASHOMOS|nice team 
|leave|Specs Fake-Out
|c| MasterRyuga|hero we go denver here we go (clap hands)
|leave|Polarance
|join|nickg1811
|leave|MasterRyuga
|leave|nickg1811
|leave|the Jaiho
|leave|808 & Heartbreak
|leave|Zenzoh
|leave|llicn
|leave|BIG SCHLONG MCDONG