|join|Kama Sutra
|join|Not A Gym Ldr
|player|p1|Kama Sutra|155
|player|p2|Not A Gym Ldr|286
|gametype|singles
|gen|6
|tier|ORAS OU
|rule|Sleep Clause Mod: Limit one foe put to sleep
|rule|Species Clause: Limit one of each PokÃ©mon
|rule|OHKO Clause: OHKO moves are banned
|rule|Moody Clause: Moody is banned
|rule|Evasion Moves Clause: Evasion moves are banned
|rule|Endless Battle Clause: Forcing endless battles is banned
|rule|HP Percentage Mod: HP is shown in percentages
|clearpoke
|poke|p1|Sableye, M
|poke|p1|Tentacruel, M
|poke|p1|Jirachi
|poke|p1|Gliscor, M
|poke|p1|Heatran, M
|poke|p1|Mew
|poke|p2|Shuckle, M
|poke|p2|Mamoswine, M
|poke|p2|Bisharp, F
|poke|p2|Crawdaunt, M
|poke|p2|Landorus-Therian, M
|poke|p2|Gardevoir, F
|rule|Swagger Clause: Swagger is banned
|rule|Baton Pass Clause: Limit one PokÃ©mon knowing Baton Pass
|teampreview
|
|start
|switch|p1a: Mew|Mew|404\/404
|switch|p2a: Gardevoir|Gardevoir, F|277\/277
|-ability|p2a: Gardevoir|Synchronize|[from] ability: Trace|[of] p1a: Mew
|turn|1
|join|ShinyRukii
|join|Gizmo $_$
|join|metmaver
|
|switch|p1a: Jirachi|Jirachi|404\/404
|switch|p2a: Shuckle|Shuckle, M|244\/244
|
|turn|2
|join|bunnytokki
|
|move|p1a: Jirachi|Iron Head|p2a: Shuckle
|-supereffective|p2a: Shuckle
|-damage|p2a: Shuckle|154\/244
|move|p2a: Shuckle|Sticky Web|p1a: Jirachi
|-sidestart|p1: Kama Sutra|move: Sticky Web
|
|turn|3
|
|switch|p2a: Bisharp|Bisharp, F|272\/272
|move|p1a: Jirachi|U-turn|p2a: Bisharp
|-damage|p2a: Bisharp|215\/272
|
|switch|p1a: Sableye|Sableye, M|304\/304
|-activate|p1a: Sableye|move: Sticky Web
|-unboost|p1a: Sableye|spe|1
|
|turn|4
|
|switch|p2a: Shuckle|Shuckle, M|154\/244
|detailschange|p1a: Sableye|Sableye-Mega, M
|message|Sableye has Mega Evolved into Mega Sableye!
|move|p1a: Sableye|Will-O-Wisp|p2a: Shuckle|[miss]
|-miss|p1a: Sableye|p2a: Shuckle
|
|turn|5
|
|switch|p1a: Tentacruel|Tentacruel, M|364\/364
|-activate|p1a: Tentacruel|move: Sticky Web
|-unboost|p1a: Tentacruel|spe|1
|switch|p2a: Gardevoir|Gardevoir, F|277\/277
|-ability|p2a: Gardevoir|Liquid Ooze|[from] ability: Trace|[of] p1a: Tentacruel
|
|turn|6
|join|ForWeLiveToTest
|
|switch|p1a: Jirachi|Jirachi|404\/404
|-activate|p1a: Jirachi|move: Sticky Web
|-unboost|p1a: Jirachi|spe|1
|detailschange|p2a: Gardevoir|Gardevoir-Mega, F
|message|Gardevoir has Mega Evolved into Mega Gardevoir!
|move|p2a: Gardevoir|Psyshock|p1a: Jirachi
|-resisted|p1a: Jirachi
|-damage|p1a: Jirachi|359\/404
|
|-heal|p1a: Jirachi|384\/404|[from] item: Leftovers
|turn|7
|
|switch|p2a: Landorus-Therian|Landorus-Therian, M|325\/325
|-ability|p2a: Landorus-Therian|Intimidate|[of] p1a: Jirachi
|-unboost|p1a: Jirachi|atk|1
|move|p1a: Jirachi|U-turn|p2a: Landorus-Therian
|-crit|p2a: Landorus-Therian
|-resisted|p2a: Landorus-Therian
|-damage|p2a: Landorus-Therian|278\/325
|
|switch|p1a: Sableye|Sableye-Mega, M|304\/304
|-activate|p1a: Sableye|move: Sticky Web
|-unboost|p1a: Sableye|spe|1
|
|turn|8
|
|move|p2a: Landorus-Therian|U-turn|p1a: Sableye
|-crit|p1a: Sableye
|-damage|p1a: Sableye|223\/304
|
|switch|p2a: Gardevoir|Gardevoir-Mega, F|277\/277
|move|p1a: Sableye|Will-O-Wisp|p2a: Gardevoir
|-status|p2a: Gardevoir|brn
|
|-damage|p2a: Gardevoir|243\/277 brn|[from] brn
|turn|9
|
|switch|p2a: Mamoswine|Mamoswine, M|361\/361
|switch|p1a: Jirachi|Jirachi|384\/404
|-activate|p1a: Jirachi|move: Sticky Web
|-unboost|p1a: Jirachi|spe|1
|
|-heal|p1a: Jirachi|404\/404|[from] item: Leftovers
|turn|10
|
|switch|p1a: Gliscor|Gliscor, M|353\/353
|move|p2a: Mamoswine|Earthquake|p1a: Gliscor
|-immune|p1a: Gliscor|[msg]
|
|-status|p1a: Gliscor|tox|[from] item: Toxic Orb
|turn|11
|
|move|p1a: Gliscor|Toxic|p2a: Mamoswine
|-status|p2a: Mamoswine|tox
|move|p2a: Mamoswine|Icicle Spear|p1a: Gliscor
|-supereffective|p1a: Gliscor
|-damage|p1a: Gliscor|176\/353 tox
|-supereffective|p1a: Gliscor
|-damage|p1a: Gliscor|0 fnt
|-hitcount|p1a: Gliscor|2
|-damage|p2a: Mamoswine|325\/361 tox|[from] item: Life Orb
|faint|p1a: Gliscor
|
|-damage|p2a: Mamoswine|303\/361 tox|[from] psn
|leave|metmaver
|
|switch|p1a: Sableye|Sableye-Mega, M|223\/304
|-activate|p1a: Sableye|move: Sticky Web
|-unboost|p1a: Sableye|spe|1
|turn|12
|
|switch|p2a: Gardevoir|Gardevoir-Mega, F|243\/277 brn
|move|p1a: Sableye|Recover|p1a: Sableye
|-heal|p1a: Sableye|304\/304
|
|-damage|p2a: Gardevoir|209\/277 brn|[from] brn
|turn|13
|
|switch|p1a: Mew|Mew|404\/404
|-activate|p1a: Mew|move: Sticky Web
|-unboost|p1a: Mew|spe|1
|move|p2a: Gardevoir|Hyper Voice|p1a: Mew
|-damage|p1a: Mew|205\/404
|
|-heal|p1a: Mew|230\/404|[from] item: Leftovers
|-damage|p2a: Gardevoir|175\/277 brn|[from] brn
|turn|14
|
|switch|p2a: Bisharp|Bisharp, F|215\/272
|move|p1a: Mew|Soft-Boiled|p1a: Mew
|-heal|p1a: Mew|404\/404
|
|turn|15
|
|switch|p1a: Sableye|Sableye-Mega, M|304\/304
|-activate|p1a: Sableye|move: Sticky Web
|-unboost|p1a: Sableye|spe|1
|move|p2a: Bisharp|Knock Off|p1a: Sableye
|-damage|p1a: Sableye|213\/304
|-damage|p2a: Bisharp|188\/272|[from] item: Life Orb
|
|turn|16
|leave|ShinyRukii
|
|switch|p2a: Gardevoir|Gardevoir-Mega, F|175\/277 brn
|move|p1a: Sableye|Knock Off|p2a: Gardevoir
|-damage|p2a: Gardevoir|88\/277 brn
|
|-damage|p2a: Gardevoir|54\/277 brn|[from] brn
|turn|17
|
|switch|p2a: Mamoswine|Mamoswine, M|303\/361 tox
|switch|p1a: Heatran|Heatran, M|385\/385
|-activate|p1a: Heatran|move: Sticky Web
|-unboost|p1a: Heatran|spe|1
|
|-damage|p2a: Mamoswine|281\/361 tox|[from] psn
|turn|18
|
|move|p1a: Heatran|Protect|p1a: Heatran
|-singleturn|p1a: Heatran|Protect
|move|p2a: Mamoswine|Earthquake|p1a: Heatran
|-activate|p1a: Heatran|Protect
|
|-damage|p2a: Mamoswine|237\/361 tox|[from] psn
|turn|19
|
|switch|p1a: Tentacruel|Tentacruel, M|364\/364
|-activate|p1a: Tentacruel|move: Sticky Web
|-unboost|p1a: Tentacruel|spe|1
|move|p2a: Mamoswine|Earthquake|p1a: Tentacruel
|-crit|p1a: Tentacruel
|-supereffective|p1a: Tentacruel
|-damage|p1a: Tentacruel|0 fnt
|-damage|p2a: Mamoswine|201\/361 tox|[from] item: Life Orb
|faint|p1a: Tentacruel
|
|-damage|p2a: Mamoswine|135\/361 tox|[from] psn
|
|switch|p1a: Sableye|Sableye-Mega, M|213\/304
|-activate|p1a: Sableye|move: Sticky Web
|-unboost|p1a: Sableye|spe|1
|turn|20
|
|switch|p2a: Gardevoir|Gardevoir-Mega, F|54\/277 brn
|move|p1a: Sableye|Recover|p1a: Sableye
|-heal|p1a: Sableye|304\/304
|
|-damage|p2a: Gardevoir|20\/277 brn|[from] brn
|turn|21
|
|move|p2a: Gardevoir|Hyper Voice|p1a: Sableye
|-supereffective|p1a: Sableye
|-damage|p1a: Sableye|0 fnt
|faint|p1a: Sableye
|
|-damage|p2a: Gardevoir|0 fnt|[from] brn
|faint|p2a: Gardevoir
|c|âKama Sutra|shit
|c|âKama Sutra|gg
|c|âNot A Gym Ldr|gg
|leave|Kama Sutra
|player|p1
|join|Kama Sutra
|player|p1|Kama Sutra|155
|-message|Kama Sutra forfeited.
|
|win|Not A Gym Ldr
|leave|Gizmo $_$
|leave|Not A Gym Ldr
|player|p2
|leave|Kama Sutra
|player|p1
|join|Not A Gym Ldr
|leave|ForWeLiveToTest
|leave|Not A Gym Ldr
|join|Not A Gym Ldr