|join|Hjwang
|join|Kama Sutra
|player|p1|Hjwang|46
|player|p2|Kama Sutra|222
|gametype|singles
|gen|6
|tier|OU
|rated
|clearpoke
|poke|p1|Lopunny, F
|poke|p1|Greninja, F
|poke|p1|Rotom-Wash
|poke|p1|Landorus-Therian, M
|poke|p1|Ferrothorn, F
|poke|p1|Latias, F
|poke|p2|Keldeo-Resolute
|poke|p2|Bisharp, M
|poke|p2|Gengar, M
|poke|p2|Gallade, M
|poke|p2|Garchomp, M
|poke|p2|Greninja, F
|rule|Swagger Clause: Swagger is banned
|rule|Baton Pass Clause: Limit one PokÃ©mon knowing Baton Pass
|rule|Sleep Clause Mod: Limit one foe put to sleep
|rule|Species Clause: Limit one of each PokÃ©mon
|rule|OHKO Clause: OHKO moves are banned
|rule|Moody Clause: Moody is banned
|rule|Evasion Moves Clause: Evasion moves are banned
|rule|Endless Battle Clause: Forcing endless battles is banned
|rule|HP Percentage Mod: HP is shown in percentages
|teampreview
|
|start
|switch|p1a: Lopunny|Lopunny, F|271\/271
|switch|p2a: CTC's whorse|Keldeo-Resolute|324\/324
|turn|1
|
|detailschange|p1a: Lopunny|Lopunny-Mega, F
|message|Lopunny has Mega Evolved into Mega Lopunny!
|move|p1a: Lopunny|Fake Out|p2a: CTC's whorse
|-damage|p2a: CTC's whorse|245\/324
|cant|p2a: CTC's whorse|flinch
|
|turn|2
|
|switch|p1a: Rotom-Wash|Rotom-Wash|304\/304
|move|p2a: CTC's whorse|Secret Sword|p1a: Rotom-Wash
|-damage|p1a: Rotom-Wash|204\/304
|
|-heal|p1a: Rotom-Wash|223\/304|[from] item: Leftovers
|turn|3
|
|switch|p2a: sash chomp tf|Garchomp, M|358\/358
|move|p1a: Rotom-Wash|Will-O-Wisp|p2a: sash chomp tf
|-status|p2a: sash chomp tf|brn
|-enditem|p2a: sash chomp tf|Lum Berry|[eat]
|-curestatus|p2a: sash chomp tf|brn
|
|-heal|p1a: Rotom-Wash|242\/304|[from] item: Leftovers
|turn|4
|
|move|p2a: sash chomp tf|Swords Dance|p2a: sash chomp tf
|-boost|p2a: sash chomp tf|atk|2
|move|p1a: Rotom-Wash|Will-O-Wisp|p2a: sash chomp tf
|-status|p2a: sash chomp tf|brn
|
|-heal|p1a: Rotom-Wash|261\/304|[from] item: Leftovers
|-damage|p2a: sash chomp tf|314\/358 brn|[from] brn
|turn|5
|
|switch|p1a: Ferrothorn|Ferrothorn, F|352\/352
|move|p2a: sash chomp tf|Swords Dance|p2a: sash chomp tf
|-boost|p2a: sash chomp tf|atk|2
|
|-damage|p2a: sash chomp tf|270\/358 brn|[from] brn
|turn|6
|
|move|p2a: sash chomp tf|Swords Dance|p2a: sash chomp tf
|-boost|p2a: sash chomp tf|atk|2
|move|p1a: Ferrothorn|Stealth Rock|p2a: sash chomp tf
|-sidestart|p2: Kama Sutra|move: Stealth Rock
|
|-damage|p2a: sash chomp tf|226\/358 brn|[from] brn
|turn|7
|
|switch|p1a: Latias|Latias, F|319\/319
|move|p2a: sash chomp tf|Outrage|p1a: Latias
|-supereffective|p1a: Latias
|-damage|p1a: Latias|0 fnt
|faint|p1a: Latias
|
|-damage|p2a: sash chomp tf|182\/358 brn|[from] brn
|
|switch|p1a: Greninja|Greninja, F|285\/285
|turn|8
|
|move|p1a: Greninja|Ice Beam|p2a: sash chomp tf
|-start|p1a: Greninja|typechange|Ice|[from] Protean
|-supereffective|p2a: sash chomp tf
|-damage|p2a: sash chomp tf|0 fnt
|-damage|p1a: Greninja|257\/285|[from] item: Life Orb
|faint|p2a: sash chomp tf
|
|
|switch|p2a: CTC's whorse|Keldeo-Resolute|245\/324
|-damage|p2a: CTC's whorse|225\/324|[from] Stealth Rock
|turn|9
|
|switch|p2a: nigga|Gengar, M|261\/261
|-damage|p2a: nigga|229\/261|[from] Stealth Rock
|switch|p1a: Rotom-Wash|Rotom-Wash|261\/304
|
|-heal|p1a: Rotom-Wash|280\/304|[from] item: Leftovers
|turn|10
|
|switch|p1a: Ferrothorn|Ferrothorn, F|352\/352
|move|p2a: nigga|Shadow Ball|p1a: Ferrothorn
|-damage|p1a: Ferrothorn|216\/352
|-damage|p2a: nigga|203\/261|[from] item: Life Orb
|
|-heal|p1a: Ferrothorn|238\/352|[from] item: Leftovers
|turn|11
|
|move|p2a: nigga|Focus Blast|p1a: Ferrothorn
|-supereffective|p1a: Ferrothorn
|-damage|p1a: Ferrothorn|0 fnt
|-damage|p2a: nigga|177\/261|[from] item: Life Orb
|faint|p1a: Ferrothorn
|
|
|switch|p1a: Lopunny|Lopunny-Mega, F|271\/271
|turn|12
|
|move|p1a: Lopunny|Return|p2a: nigga
|-damage|p2a: nigga|0 fnt
|faint|p2a: nigga
|
|
|switch|p2a: CTC's whorse|Keldeo-Resolute|225\/324
|-damage|p2a: CTC's whorse|205\/324|[from] Stealth Rock
|turn|13
|
|switch|p2a: Based Lord CTC|Gallade, M|278\/278
|-damage|p2a: Based Lord CTC|261\/278|[from] Stealth Rock
|switch|p1a: Landorus-Therian|Landorus-Therian, M|319\/319
|-ability|p1a: Landorus-Therian|Intimidate|[of] p2a: Based Lord CTC
|-unboost|p2a: Based Lord CTC|atk|1
|
|turn|14
|
|detailschange|p2a: Based Lord CTC|Gallade-Mega, M
|message|Gallade has Mega Evolved into Mega Gallade!
|move|p1a: Landorus-Therian|U-turn|p2a: Based Lord CTC
|-damage|p2a: Based Lord CTC|163\/278
|
|switch|p1a: Lopunny|Lopunny-Mega, F|271\/271
|move|p2a: Based Lord CTC|Knock Off|p1a: Lopunny
|-resisted|p1a: Lopunny
|-damage|p1a: Lopunny|241\/271
|
|turn|15
|
|switch|p2a: sum innovation|Bisharp, M|271\/271
|-damage|p2a: sum innovation|255\/271|[from] Stealth Rock
|move|p1a: Lopunny|Return|p2a: sum innovation
|-resisted|p2a: sum innovation
|-damage|p2a: sum innovation|161\/271
|
|turn|16
|
|move|p2a: sum innovation|Sucker Punch|p1a: Lopunny
|-resisted|p1a: Lopunny
|-damage|p1a: Lopunny|132\/271
|-damage|p2a: sum innovation|134\/271|[from] item: Life Orb
|move|p1a: Lopunny|High Jump Kick|p2a: sum innovation
|-supereffective|p2a: sum innovation
|-damage|p2a: sum innovation|0 fnt
|faint|p2a: sum innovation
|
|
|switch|p2a: CTC's whorse|Keldeo-Resolute|205\/324
|-damage|p2a: CTC's whorse|185\/324|[from] Stealth Rock
|turn|17
|
|switch|p1a: Rotom-Wash|Rotom-Wash|280\/304
|move|p2a: CTC's whorse|Scald|p1a: Rotom-Wash
|-resisted|p1a: Rotom-Wash
|-damage|p1a: Rotom-Wash|210\/304
|
|-heal|p1a: Rotom-Wash|229\/304|[from] item: Leftovers
|turn|18
|
|switch|p2a: fuckin gren|Greninja, F|285\/285
|-damage|p2a: fuckin gren|250\/285|[from] Stealth Rock
|move|p1a: Rotom-Wash|Volt Switch|p2a: fuckin gren
|-crit|p2a: fuckin gren
|-supereffective|p2a: fuckin gren
|-damage|p2a: fuckin gren|0 fnt
|faint|p2a: fuckin gren
|
|switch|p1a: Lopunny|Lopunny-Mega, F|132\/271
|
|
|switch|p2a: CTC's whorse|Keldeo-Resolute|185\/324
|-damage|p2a: CTC's whorse|165\/324|[from] Stealth Rock
|turn|19
|
|move|p1a: Lopunny|Fake Out|p2a: CTC's whorse
|-damage|p2a: CTC's whorse|84\/324
|cant|p2a: CTC's whorse|flinch
|
|turn|20
|
|switch|p1a: Greninja|Greninja, F|257\/285
|move|p2a: CTC's whorse|Hydro Pump|p1a: Greninja
|-resisted|p1a: Greninja
|-damage|p1a: Greninja|125\/285
|
|turn|21
|
|move|p2a: CTC's whorse|Hydro Pump|p1a: Greninja
|-resisted|p1a: Greninja
|-damage|p1a: Greninja|0 fnt
|faint|p1a: Greninja
|
|
|switch|p1a: Rotom-Wash|Rotom-Wash|229\/304
|turn|22
|
|move|p2a: CTC's whorse|Hydro Pump|p1a: Rotom-Wash|[miss]
|-miss|p2a: CTC's whorse|p1a: Rotom-Wash
|move|p1a: Rotom-Wash|Volt Switch|p2a: CTC's whorse
|-supereffective|p2a: CTC's whorse
|-damage|p2a: CTC's whorse|0 fnt
|faint|p2a: CTC's whorse
|-message|Kama Sutra forfeited.
|
|win|Hjwang
|raw|Ladder updating...
|leave|Kama Sutra
|player|p2
|raw|Hjwang's rating: 1595 &rarr; <strong>1612<\/strong><br \/>(+17 for winning)
|raw|Kama Sutra's rating: 1547 &rarr; <strong>1530<\/strong><br \/>(-17 for losing)