|join|Kama Sutra
|join|Pheonixmaster
|player|p1|Kama Sutra|141
|player|p2|Pheonixmaster|248
|gametype|singles
|gen|6
|tier|OU
|rated
|clearpoke
|poke|p1|Pinsir, F
|poke|p1|Magnezone
|poke|p1|Staraptor, M
|poke|p1|Talonflame, F
|poke|p1|Tyranitar, F
|poke|p1|Excadrill, F
|poke|p2|Alakazam, M
|poke|p2|Heatran, M, shiny
|poke|p2|Scolipede, M, shiny
|poke|p2|Keldeo
|poke|p2|Bisharp, M
|poke|p2|Thundurus, M
|rule|Swagger Clause: Swagger is banned
|rule|Baton Pass Clause: Limit one PokÃ©mon knowing Baton Pass
|rule|Sleep Clause Mod: Limit one foe put to sleep
|rule|Species Clause: Limit one of each PokÃ©mon
|rule|OHKO Clause: OHKO moves are banned
|rule|Moody Clause: Moody is banned
|rule|Evasion Moves Clause: Evasion moves are banned
|rule|Endless Battle Clause: Forcing endless battles is banned
|rule|HP Percentage Mod: HP is shown in percentages
|teampreview
|chat|Pheonixmaster|gl
|chat|Kama Sutra|you too
|
|start
|switch|p1a: Talonflame|Talonflame, F|298\/298
|switch|p2a: Racer|Scolipede, M, shiny|261\/261
|turn|1
|
|move|p1a: Talonflame|Brave Bird|p2a: Racer
|-supereffective|p2a: Racer
|-enditem|p2a: Racer|Focus Sash
|-damage|p2a: Racer|1\/261
|-damage|p1a: Talonflame|212\/298|[from] recoil|[of] p2a: Racer
|move|p2a: Racer|Spikes|p1a: Talonflame
|-sidestart|p1: Kama Sutra|Spikes
|
|-boost|p2a: Racer|spe|1|[from] ability: Speed Boost
|turn|2
|
|switch|p2a: Atlas Flame|Heatran, M, shiny|386\/386
|switch|p1a: Tyranitar|Tyranitar, F|404\/404
|-damage|p1a: Tyranitar|354\/404|[from] Spikes
|-weather|Sandstorm
|
|-weather|Sandstorm|[upkeep]
|turn|3
|
|move|p2a: Atlas Flame|Stealth Rock|p1a: Tyranitar
|-sidestart|p1: Kama Sutra|move: Stealth Rock
|move|p1a: Tyranitar|Stealth Rock|p2a: Atlas Flame
|-sidestart|p2: Pheonixmaster|move: Stealth Rock
|
|-weather|Sandstorm|[upkeep]
|turn|4
|
|switch|p2a: Racer|Scolipede, M, shiny|1\/261
|-damage|p2a: Racer|0 fnt|[from] Stealth Rock
|faint|p2a: Racer
|move|p1a: Tyranitar|Stone Edge|p2: Racer|[notarget]
|-notarget
|
|-weather|Sandstorm|[upkeep]
|
|switch|p2a: Juvia|Keldeo|323\/323
|-damage|p2a: Juvia|303\/323|[from] Stealth Rock
|turn|5
|
|move|p2a: Juvia|Scald|p1a: Tyranitar
|-supereffective|p1a: Tyranitar
|-damage|p1a: Tyranitar|52\/404
|move|p1a: Tyranitar|Thunder Wave|p2a: Juvia
|-status|p2a: Juvia|par
|
|-weather|Sandstorm|[upkeep]
|-damage|p2a: Juvia|283\/323 par|[from] sandstorm
|turn|6
|chat|Pheonixmaster|Brazilian t-tar
|
|move|p1a: Tyranitar|Stone Edge|p2a: Juvia
|-resisted|p2a: Juvia
|-damage|p2a: Juvia|198\/323 par
|cant|p2a: Juvia|par
|
|-weather|Sandstorm|[upkeep]
|-damage|p2a: Juvia|178\/323 par|[from] sandstorm
|turn|7
|
|move|p1a: Tyranitar|Stone Edge|p2a: Juvia
|-resisted|p2a: Juvia
|-damage|p2a: Juvia|94\/323 par
|cant|p2a: Juvia|par
|
|-weather|Sandstorm|[upkeep]
|-damage|p2a: Juvia|74\/323 par|[from] sandstorm
|turn|8
|chat|Kama Sutra|god damn
|chat|Pheonixmaster|haha no worries happens to me all the time
|
|move|p1a: Tyranitar|Stone Edge|p2a: Juvia
|-resisted|p2a: Juvia
|-damage|p2a: Juvia|0 fnt
|faint|p2a: Juvia
|
|-weather|Sandstorm|[upkeep]
|
|switch|p2a: Makarov|Alakazam, M|252\/252
|turn|9
|chat|Kama Sutra|yeah but I kind of wanted to sac lmao
|chat|Kama Sutra|Now I have no sand
|
|detailschange|p2a: Makarov|Alakazam-Mega, M
|message|Alakazam has Mega Evolved into Mega Alakazam!
|-ability|p2a: Makarov|Sand Stream|[from] ability: Trace|[of] p1a: Tyranitar
|move|p2a: Makarov|Shadow Ball|p1a: Tyranitar
|-resisted|p1a: Tyranitar
|-damage|p1a: Tyranitar|9\/404
|-unboost|p1a: Tyranitar|spd|1
|move|p1a: Tyranitar|Stone Edge|p2a: Makarov
|-damage|p2a: Makarov|47\/252
|
|-weather|none
|turn|10
|
|move|p2a: Makarov|Shadow Ball|p1a: Tyranitar
|-crit|p1a: Tyranitar
|-resisted|p1a: Tyranitar
|-damage|p1a: Tyranitar|0 fnt
|faint|p1a: Tyranitar
|
|
|switch|p1a: Talonflame|Talonflame, F|212\/298
|-damage|p1a: Talonflame|63\/298|[from] Stealth Rock
|turn|11
|
|move|p1a: Talonflame|Tailwind|p1a: Talonflame
|-sidestart|p1: Kama Sutra|move: Tailwind
|move|p2a: Makarov|Psyshock|p1a: Talonflame
|-damage|p1a: Talonflame|0 fnt
|faint|p1a: Talonflame
|
|
|switch|p1a: Excadrill|Excadrill, F|362\/362
|-damage|p1a: Excadrill|351\/362|[from] Stealth Rock
|-damage|p1a: Excadrill|306\/362|[from] Spikes
|turn|12
|
|move|p1a: Excadrill|Iron Head|p2a: Makarov
|-damage|p2a: Makarov|0 fnt
|-damage|p1a: Excadrill|270\/362|[from] item: Life Orb
|faint|p2a: Makarov
|
|chat|Pheonixmaster|hello
|chat|Pheonixmaster|how 
|chat|Kama Sutra|tailwind
|chat|Pheonixmaster|i'm trippin
|
|switch|p2a: Gajeel|Bisharp, M|271\/271
|-damage|p2a: Gajeel|255\/271|[from] Stealth Rock
|turn|13
|
|move|p2a: Gajeel|Sucker Punch|p1a: Excadrill
|-damage|p1a: Excadrill|0 fnt
|faint|p1a: Excadrill
|
|
|switch|p1a: Magnezone|Magnezone|282\/282
|-damage|p1a: Magnezone|265\/282|[from] Stealth Rock
|-damage|p1a: Magnezone|230\/282|[from] Spikes
|turn|14
|
|move|p1a: Magnezone|Thunderbolt|p2a: Gajeel
|-damage|p2a: Gajeel|36\/271
|move|p2a: Gajeel|Knock Off|p1a: Magnezone
|-damage|p1a: Magnezone|16\/282
|-enditem|p1a: Magnezone|Choice Scarf|[from] move: Knock Off|[of] p2a: Gajeel
|
|-sideend|p1: Kama Sutra|move: Tailwind
|turn|15
|
|switch|p1a: Pinsir|Pinsir, F|272\/272
|-damage|p1a: Pinsir|204\/272|[from] Stealth Rock
|-damage|p1a: Pinsir|170\/272|[from] Spikes
|move|p2a: Gajeel|Sucker Punch|p1a: Pinsir
|-fail|p1a: Pinsir
|
|turn|16
|
|detailschange|p1a: Pinsir|Pinsir-Mega, F
|message|Pinsir has Mega Evolved into Mega Pinsir!
|move|p1a: Pinsir|Quick Attack|p2a: Gajeel
|-resisted|p2a: Gajeel
|-damage|p2a: Gajeel|0 fnt
|faint|p2a: Gajeel
|
|
|switch|p2a: Laxus|Thundurus, M|299\/299
|-damage|p2a: Laxus|225\/299|[from] Stealth Rock
|turn|17
|
|switch|p1a: Magnezone|Magnezone|16\/282
|-damage|p1a: Magnezone|0 fnt|[from] Spikes
|faint|p1a: Magnezone
|move|p2a: Laxus|Thunderbolt|p1: Magnezone|[notarget]
|-notarget
|
|-heal|p2a: Laxus|243\/299|[from] item: Leftovers
|
|switch|p1a: Staraptor|Staraptor, M|312\/312
|-damage|p1a: Staraptor|234\/312|[from] Stealth Rock
|turn|18
|
|switch|p2a: Atlas Flame|Heatran, M, shiny|386\/386
|-damage|p2a: Atlas Flame|338\/386|[from] Stealth Rock
|move|p1a: Staraptor|Double-Edge|p2a: Atlas Flame
|-resisted|p2a: Atlas Flame
|-damage|p2a: Atlas Flame|216\/386
|-damage|p1a: Staraptor|194\/312|[from] recoil|[of] p2a: Atlas Flame
|
|-heal|p2a: Atlas Flame|240\/386|[from] item: Leftovers
|turn|19
|
|switch|p1a: Pinsir|Pinsir-Mega, F|170\/272
|-damage|p1a: Pinsir|34\/272|[from] Stealth Rock
|move|p2a: Atlas Flame|Lava Plume|p1a: Pinsir
|-supereffective|p1a: Pinsir
|-damage|p1a: Pinsir|0 fnt
|faint|p1a: Pinsir
|
|-heal|p2a: Atlas Flame|264\/386|[from] item: Leftovers
|
|switch|p1a: Staraptor|Staraptor, M|194\/312
|-damage|p1a: Staraptor|116\/312|[from] Stealth Rock
|turn|20
|
|move|p2a: Atlas Flame|Protect|p2a: Atlas Flame
|-singleturn|p2a: Atlas Flame|Protect
|move|p1a: Staraptor|Close Combat|p2a: Atlas Flame
|-activate|p2a: Atlas Flame|Protect
|
|-heal|p2a: Atlas Flame|288\/386|[from] item: Leftovers
|turn|21
|
|move|p1a: Staraptor|Close Combat|p2a: Atlas Flame
|-crit|p2a: Atlas Flame
|-supereffective|p2a: Atlas Flame
|-damage|p2a: Atlas Flame|0 fnt
|-unboost|p1a: Staraptor|def|1
|-unboost|p1a: Staraptor|spd|1
|faint|p2a: Atlas Flame
|
|chat|Kama Sutra|gg
|chat|Kama Sutra|nice team
|chat|Kama Sutra|Mega Zam is awesome
|chat|Pheonixmaster|thanks m8 
|
|switch|p2a: Laxus|Thundurus, M|243\/299
|-damage|p2a: Laxus|169\/299|[from] Stealth Rock
|turn|22
|
|move|p1a: Staraptor|Close Combat|p2a: Laxus
|-resisted|p2a: Laxus
|-damage|p2a: Laxus|83\/299
|-unboost|p1a: Staraptor|def|1
|-unboost|p1a: Staraptor|spd|1
|move|p2a: Laxus|Thunderbolt|p1a: Staraptor
|-supereffective|p1a: Staraptor
|-damage|p1a: Staraptor|0 fnt
|faint|p1a: Staraptor
|
|win|Pheonixmaster
|raw|Ladder updating...
|raw|Kama Sutra's rating: 1821 &rarr; <strong>1797<\/strong><br \/>(-24 for losing)
|raw|Pheonixmaster's rating: 1761 &rarr; <strong>1784<\/strong><br \/>(+23 for winning)
|chat|Pheonixmaster|gg