|join|Hogback_fosh_men
|join|Kama Sutra
|player|p1|Hogback_fosh_men|266
|player|p2|Kama Sutra|155
|gametype|singles
|gen|6
|tier|OU
|rated
|clearpoke
|poke|p1|Manectric, F, shiny
|poke|p1|Ferrothorn, F
|poke|p1|Conkeldurr, F, shiny
|poke|p1|Heatran, M
|poke|p1|Gengar, F, shiny
|poke|p1|Greninja, M, shiny
|poke|p2|Garchomp, F
|poke|p2|Greninja, F
|poke|p2|Scizor, F
|poke|p2|Bisharp, F
|poke|p2|Latios, M
|poke|p2|Landorus-Therian, M
|rule|Swagger Clause: Swagger is banned
|rule|Baton Pass Clause: Limit one PokÃ©mon knowing Baton Pass
|rule|Sleep Clause Mod: Limit one foe put to sleep
|rule|Species Clause: Limit one of each PokÃ©mon
|rule|OHKO Clause: OHKO moves are banned
|rule|Moody Clause: Moody is banned
|rule|Evasion Moves Clause: Evasion moves are banned
|rule|Endless Battle Clause: Forcing endless battles is banned
|rule|HP Percentage Mod: HP is shown in percentages
|teampreview
|
|start
|switch|p1a: Ferrothorn|Ferrothorn, F|352\/352
|switch|p2a: Garchomp|Garchomp, F|357\/357
|turn|1
|
|move|p2a: Garchomp|Stealth Rock|p1a: Ferrothorn
|-sidestart|p1: Hogback_fosh_men|move: Stealth Rock
|move|p1a: Ferrothorn|Stealth Rock|p2a: Garchomp
|-sidestart|p2: Kama Sutra|move: Stealth Rock
|
|turn|2
|
|move|p2a: Garchomp|Fire Blast|p1a: Ferrothorn|[miss]
|-miss|p2a: Garchomp|p1a: Ferrothorn
|move|p1a: Ferrothorn|Leech Seed|p2a: Garchomp
|-start|p2a: Garchomp|move: Leech Seed
|
|-damage|p2a: Garchomp|313\/357|[from] Leech Seed|[of] p1a: Ferrothorn
|turn|3
|
|move|p2a: Garchomp|Earthquake|p1a: Ferrothorn
|-damage|p1a: Ferrothorn|214\/352
|move|p1a: Ferrothorn|Gyro Ball|p2a: Garchomp
|-damage|p2a: Garchomp|136\/357
|-damage|p1a: Ferrothorn|170\/352|[from] ability: Rough Skin|[of] p2a: Garchomp
|
|-damage|p2a: Garchomp|92\/357|[from] Leech Seed|[of] p1a: Ferrothorn
|-heal|p1a: Ferrothorn|214\/352|[silent]
|turn|4
|
|move|p2a: Garchomp|Fire Blast|p1a: Ferrothorn
|-supereffective|p1a: Ferrothorn
|-damage|p1a: Ferrothorn|6\/352
|move|p1a: Ferrothorn|Gyro Ball|p2a: Garchomp
|-damage|p2a: Garchomp|0 fnt
|-damage|p1a: Ferrothorn|0 fnt|[from] ability: Rough Skin|[of] p2a: Garchomp
|faint|p1a: Ferrothorn
|faint|p2a: Garchomp
|
|
|switch|p1a: SilentHomicide|Greninja, M, shiny|286\/286
|-damage|p1a: SilentHomicide|251\/286|[from] Stealth Rock
|switch|p2a: Greninja|Greninja, F|286\/286
|-damage|p2a: Greninja|251\/286|[from] Stealth Rock
|turn|5
|
|move|p1a: SilentHomicide|Scald|p2a: Greninja
|-start|p1a: SilentHomicide|typechange|Water|[from] Protean
|-resisted|p2a: Greninja
|-damage|p2a: Greninja|154\/286
|-damage|p1a: SilentHomicide|223\/286|[from] item: Life Orb
|move|p2a: Greninja|Hidden Power|p1a: SilentHomicide
|-start|p2a: Greninja|typechange|Grass|[from] Protean
|-supereffective|p1a: SilentHomicide
|-damage|p1a: SilentHomicide|0 fnt
|-damage|p2a: Greninja|126\/286|[from] item: Life Orb
|faint|p1a: SilentHomicide
|
|
|switch|p1a: UncleRucus|Conkeldurr, F, shiny|404\/404
|-damage|p1a: UncleRucus|379\/404|[from] Stealth Rock
|turn|6
|
|move|p1a: UncleRucus|Mach Punch|p2a: Greninja
|-crit|p2a: Greninja
|-damage|p2a: Greninja|0 fnt
|faint|p2a: Greninja
|
|
|switch|p2a: Latios|Latios, M|302\/302
|-damage|p2a: Latios|265\/302|[from] Stealth Rock
|turn|7
|
|switch|p2a: Landorus-Therian|Landorus-Therian, M|325\/325
|-damage|p2a: Landorus-Therian|285\/325|[from] Stealth Rock
|-ability|p2a: Landorus-Therian|Intimidate|[of] p1a: UncleRucus
|-unboost|p1a: UncleRucus|atk|1
|switch|p1a: Heatran|Heatran, M|324\/324
|-damage|p1a: Heatran|284\/324|[from] Stealth Rock
|
|-heal|p1a: Heatran|304\/324|[from] item: Leftovers
|turn|8
|
|move|p1a: Heatran|Protect|p1a: Heatran
|-singleturn|p1a: Heatran|Protect
|move|p2a: Landorus-Therian|Earthquake|p1a: Heatran
|-activate|p1a: Heatran|Protect
|
|-heal|p1a: Heatran|324\/324|[from] item: Leftovers
|turn|9
|
|switch|p1a: Nightmare|Gengar, F, shiny|262\/262
|-damage|p1a: Nightmare|230\/262|[from] Stealth Rock
|move|p2a: Landorus-Therian|Earthquake|p1a: Nightmare
|-immune|p1a: Nightmare|[msg]
|
|turn|10
|
|switch|p2a: Bisharp|Bisharp, F|271\/271
|-damage|p2a: Bisharp|255\/271|[from] Stealth Rock
|move|p1a: Nightmare|Focus Blast|p2a: Bisharp
|-supereffective|p2a: Bisharp
|-damage|p2a: Bisharp|0 fnt
|faint|p2a: Bisharp
|
|
|switch|p2a: Scizor|Scizor, F|286\/286
|-damage|p2a: Scizor|251\/286|[from] Stealth Rock
|turn|11
|
|switch|p1a: UncleRucus|Conkeldurr, F, shiny|379\/404
|-damage|p1a: UncleRucus|354\/404|[from] Stealth Rock
|detailschange|p2a: Scizor|Scizor-Mega, F
|message|Scizor has Mega Evolved into Mega Scizor!
|move|p2a: Scizor|Bullet Punch|p1a: UncleRucus
|-damage|p1a: UncleRucus|219\/404
|
|turn|12
|
|switch|p1a: Heatran|Heatran, M|324\/324
|-damage|p1a: Heatran|284\/324|[from] Stealth Rock
|move|p2a: Scizor|Swords Dance|p2a: Scizor
|-boost|p2a: Scizor|atk|2
|
|-heal|p1a: Heatran|304\/324|[from] item: Leftovers
|turn|13
|
|move|p1a: Heatran|Lava Plume|p2a: Scizor
|-supereffective|p2a: Scizor
|-damage|p2a: Scizor|0 fnt
|faint|p2a: Scizor
|
|-heal|p1a: Heatran|324\/324|[from] item: Leftovers
|
|switch|p2a: Landorus-Therian|Landorus-Therian, M|285\/325
|-damage|p2a: Landorus-Therian|245\/325|[from] Stealth Rock
|-ability|p2a: Landorus-Therian|Intimidate|[of] p1a: Heatran
|-unboost|p1a: Heatran|atk|1
|turn|14
|
|move|p1a: Heatran|Protect|p1a: Heatran
|-singleturn|p1a: Heatran|Protect
|move|p2a: Landorus-Therian|Earthquake|p1a: Heatran
|-activate|p1a: Heatran|Protect
|
|turn|15
|
|switch|p2a: Latios|Latios, M|265\/302
|-damage|p2a: Latios|228\/302|[from] Stealth Rock
|switch|p1a: Nightmare|Gengar, F, shiny|230\/262
|-damage|p1a: Nightmare|198\/262|[from] Stealth Rock
|
|turn|16
|
|switch|p1a: Heatran|Heatran, M|324\/324
|-damage|p1a: Heatran|284\/324|[from] Stealth Rock
|move|p2a: Latios|Psyshock|p1a: Heatran
|-resisted|p1a: Heatran
|-damage|p1a: Heatran|193\/324
|-damage|p2a: Latios|198\/302|[from] item: Life Orb
|
|-heal|p1a: Heatran|213\/324|[from] item: Leftovers
|turn|17
|
|move|p2a: Latios|Roost|p2a: Latios
|-heal|p2a: Latios|302\/302
|move|p1a: Heatran|Flash Cannon|p2a: Latios
|-damage|p2a: Latios|181\/302
|
|-heal|p1a: Heatran|233\/324|[from] item: Leftovers
|turn|18
|
|move|p2a: Latios|Psyshock|p1a: Heatran
|-resisted|p1a: Heatran
|-damage|p1a: Heatran|147\/324
|-damage|p2a: Latios|151\/302|[from] item: Life Orb
|move|p1a: Heatran|Lava Plume|p2a: Latios
|-resisted|p2a: Latios
|-damage|p2a: Latios|83\/302
|-status|p2a: Latios|brn
|
|-heal|p1a: Heatran|167\/324|[from] item: Leftovers
|-damage|p2a: Latios|46\/302 brn|[from] brn
|turn|19
|-message|Kama Sutra forfeited.
|
|win|Hogback_fosh_men
|raw|Ladder updating...
|leave|Kama Sutra
|player|p2
|raw|Hogback_fosh_men's rating: 1678 &rarr; <strong>1695<\/strong><br \/>(+17 for winning)
|raw|Kama Sutra's rating: 1629 &rarr; <strong>1612<\/strong><br \/>(-17 for losing)