|join|Owenseee
|join|Kama Sutra
|player|p1|Owenseee|100
|player|p2|Kama Sutra|141
|gametype|singles
|gen|6
|tier|OU
|rated
|clearpoke
|poke|p1|Pinsir, F
|poke|p1|Keldeo
|poke|p1|Thundurus, M
|poke|p1|Latios, M
|poke|p1|Diggersby, F
|poke|p1|Bisharp, M
|poke|p2|Tyranitar, M
|poke|p2|Excadrill, M
|poke|p2|Medicham, F
|poke|p2|Keldeo-Resolute
|poke|p2|Thundurus, M
|poke|p2|Latios, M
|rule|Swagger Clause: Swagger is banned
|rule|Baton Pass Clause: Limit one PokÃ©mon knowing Baton Pass
|rule|Sleep Clause Mod: Limit one foe put to sleep
|rule|Species Clause: Limit one of each PokÃ©mon
|rule|OHKO Clause: OHKO moves are banned
|rule|Moody Clause: Moody is banned
|rule|Evasion Moves Clause: Evasion moves are banned
|rule|Endless Battle Clause: Forcing endless battles is banned
|rule|HP Percentage Mod: HP is shown in percentages
|teampreview
|
|start
|switch|p1a: arp|Bisharp, M|271\/271
|switch|p2a: Medicham|Medicham, F|261\/261
|turn|1
|
|detailschange|p2a: Medicham|Medicham-Mega, F
|message|Medicham has Mega Evolved into Mega Medicham!
|move|p2a: Medicham|Fake Out|p1a: arp
|-resisted|p1a: arp
|-damage|p1a: arp|233\/271
|cant|p1a: arp|flinch
|
|turn|2
|
|move|p1a: arp|Sucker Punch|p2a: Medicham
|-damage|p2a: Medicham|99\/261
|move|p2a: Medicham|Drain Punch|p1a: arp
|-crit|p1a: arp
|-supereffective|p1a: arp
|-damage|p1a: arp|0 fnt
|-heal|p2a: Medicham|216\/261|[from] drain|[of] p1a: arp
|faint|p1a: arp
|
|
|switch|p1a: sir|Pinsir, F|271\/271
|turn|3
|
|switch|p2a: Tyranitar|Tyranitar, M|404\/404
|-weather|Sandstorm
|detailschange|p1a: sir|Pinsir-Mega, F
|message|Pinsir has Mega Evolved into Mega Pinsir!
|move|p1a: sir|Return|p2a: Tyranitar
|-resisted|p2a: Tyranitar
|-damage|p2a: Tyranitar|307\/404
|
|-weather|Sandstorm|[upkeep]
|-damage|p1a: sir|255\/271|[from] sandstorm
|turn|4
|
|move|p1a: sir|Close Combat|p2a: Tyranitar
|-supereffective|p2a: Tyranitar
|-damage|p2a: Tyranitar|0 fnt
|-unboost|p1a: sir|def|1
|-unboost|p1a: sir|spd|1
|faint|p2a: Tyranitar
|
|-weather|Sandstorm|[upkeep]
|-damage|p1a: sir|239\/271|[from] sandstorm
|
|switch|p2a: Excadrill|Excadrill, M|362\/362
|turn|5
|
|switch|p1a: ios|Latios, M|302\/302
|move|p2a: Excadrill|Iron Head|p1a: ios
|-damage|p1a: ios|71\/302
|-damage|p2a: Excadrill|326\/362|[from] item: Life Orb
|
|-weather|Sandstorm|[upkeep]
|-damage|p1a: ios|53\/302|[from] sandstorm
|turn|6
|
|move|p2a: Excadrill|Iron Head|p1a: ios
|-damage|p1a: ios|0 fnt
|-damage|p2a: Excadrill|290\/362|[from] item: Life Orb
|faint|p1a: ios
|
|-weather|Sandstorm|[upkeep]
|
|switch|p1a: deo|Keldeo|323\/323
|turn|7
|
|move|p2a: Excadrill|Earthquake|p1a: deo
|-damage|p1a: deo|33\/323
|-damage|p2a: Excadrill|254\/362|[from] item: Life Orb
|move|p1a: deo|Scald|p2a: Excadrill
|-supereffective|p2a: Excadrill
|-damage|p2a: Excadrill|0 fnt
|faint|p2a: Excadrill
|
|-weather|Sandstorm|[upkeep]
|-damage|p1a: deo|13\/323|[from] sandstorm
|
|switch|p2a: Medicham|Medicham-Mega, F|216\/261
|turn|8
|
|move|p2a: Medicham|Fake Out|p1a: deo
|-damage|p1a: deo|0 fnt
|faint|p1a: deo
|
|-weather|Sandstorm|[upkeep]
|-damage|p2a: Medicham|200\/261|[from] sandstorm
|
|switch|p1a: sir|Pinsir-Mega, F|239\/271
|turn|9
|
|move|p1a: sir|Return|p2a: Medicham
|-supereffective|p2a: Medicham
|-damage|p2a: Medicham|0 fnt
|faint|p2a: Medicham
|
|-weather|Sandstorm|[upkeep]
|-damage|p1a: sir|223\/271|[from] sandstorm
|
|switch|p2a: Keldeo-Resolute|Keldeo-Resolute|322\/322
|turn|10
|
|move|p1a: sir|Quick Attack|p2a: Keldeo-Resolute
|-supereffective|p2a: Keldeo-Resolute
|-damage|p2a: Keldeo-Resolute|104\/322
|move|p2a: Keldeo-Resolute|Icy Wind|p1a: sir
|-supereffective|p1a: sir
|-damage|p1a: sir|7\/271
|-unboost|p1a: sir|spe|1
|
|-weather|none
|turn|11
|
|switch|p2a: Thundurus|Thundurus, M|300\/300
|move|p1a: sir|Return|p2a: Thundurus
|-resisted|p2a: Thundurus
|-damage|p2a: Thundurus|103\/300
|
|turn|12
|
|move|p1a: sir|Quick Attack|p2a: Thundurus
|-resisted|p2a: Thundurus
|-damage|p2a: Thundurus|31\/300
|move|p2a: Thundurus|Hidden Power|p1a: sir
|-supereffective|p1a: sir
|-damage|p1a: sir|0 fnt
|-damage|p2a: Thundurus|1\/300|[from] item: Life Orb
|faint|p1a: sir
|
|
|switch|p1a: sby|Diggersby, F|311\/311
|turn|13
|
|switch|p2a: Keldeo-Resolute|Keldeo-Resolute|104\/322
|move|p1a: sby|Return|p2a: Keldeo-Resolute
|-damage|p2a: Keldeo-Resolute|0 fnt
|faint|p2a: Keldeo-Resolute
|
|
|switch|p2a: Latios|Latios, M|302\/302
|turn|14
|
|move|p1a: sby|Return|p2a: Latios
|-damage|p2a: Latios|25\/302
|move|p2a: Latios|Psyshock|p1a: sby
|-damage|p1a: sby|93\/311
|-damage|p2a: Latios|0 fnt|[from] item: Life Orb
|faint|p2a: Latios
|
|-message|Kama Sutra forfeited.
|
|win|Owenseee
|raw|Ladder updating...
|leave|Kama Sutra
|player|p2
|raw|Owenseee's rating: 1633 &rarr; <strong>1658<\/strong><br \/>(+25 for winning)
|raw|Kama Sutra's rating: 1729 &rarr; <strong>1703<\/strong><br \/>(-26 for losing)