|join|Kama Sutra
|join|Shellder Soup
|player|p1|Kama Sutra|141
|player|p2|Shellder Soup|187
|gametype|singles
|gen|6
|tier|OU
|rated
|clearpoke
|poke|p1|Politoed, M
|poke|p1|Kabutops, F
|poke|p1|Kingdra, M
|poke|p1|Ferrothorn, M
|poke|p1|Heracross, M
|poke|p1|Latias, F
|poke|p2|Suicune
|poke|p2|Raikou
|poke|p2|Scolipede, M
|poke|p2|Bisharp, M
|poke|p2|Chansey, F
|poke|p2|Gardevoir, F
|rule|Swagger Clause: Swagger is banned
|rule|Baton Pass Clause: Limit one PokÃ©mon knowing Baton Pass
|rule|Sleep Clause Mod: Limit one foe put to sleep
|rule|Species Clause: Limit one of each PokÃ©mon
|rule|OHKO Clause: OHKO moves are banned
|rule|Moody Clause: Moody is banned
|rule|Evasion Moves Clause: Evasion moves are banned
|rule|Endless Battle Clause: Forcing endless battles is banned
|rule|HP Percentage Mod: HP is shown in percentages
|teampreview
|
|start
|switch|p1a: Politoed|Politoed, M|384\/384
|switch|p2a: Raikou|Raikou|322\/322
|-ability|p2a: Raikou|Pressure
|-weather|RainDance
|turn|1
|
|switch|p1a: Ferrothorn|Ferrothorn, M|352\/352
|move|p2a: Raikou|Volt Switch|p1a: Ferrothorn
|-resisted|p1a: Ferrothorn
|-damage|p1a: Ferrothorn|311\/352
|
|switch|p2a: Bisharp|Bisharp, M|271\/271
|
|-weather|RainDance|[upkeep]
|-heal|p1a: Ferrothorn|333\/352|[from] item: Leftovers
|turn|2
|
|move|p2a: Bisharp|Swords Dance|p2a: Bisharp
|-boost|p2a: Bisharp|atk|2
|move|p1a: Ferrothorn|Leech Seed|p2a: Bisharp
|-start|p2a: Bisharp|move: Leech Seed
|
|-weather|RainDance|[upkeep]
|-heal|p1a: Ferrothorn|352\/352|[from] item: Leftovers
|-damage|p2a: Bisharp|238\/271|[from] Leech Seed|[of] p1a: Ferrothorn
|turn|3
|
|switch|p1a: Heracross|Heracross, M|307\/307
|move|p2a: Bisharp|Knock Off|p1a: Heracross
|-crit|p1a: Heracross
|-resisted|p1a: Heracross
|-damage|p1a: Heracross|46\/307
|
|-weather|RainDance|[upkeep]
|-damage|p2a: Bisharp|205\/271|[from] Leech Seed|[of] p1a: Heracross
|-heal|p1a: Heracross|79\/307|[silent]
|turn|4
|join|VOX UP
|
|move|p2a: Bisharp|Sucker Punch|p1a: Heracross
|-fail|p1a: Heracross
|move|p1a: Heracross|Swords Dance|p1a: Heracross
|-boost|p1a: Heracross|atk|2
|
|-weather|RainDance|[upkeep]
|-damage|p2a: Bisharp|172\/271|[from] Leech Seed|[of] p1a: Heracross
|-heal|p1a: Heracross|112\/307|[silent]
|turn|5
|
|move|p2a: Bisharp|Sucker Punch|p1a: Heracross
|-fail|p1a: Heracross
|move|p1a: Heracross|Swords Dance|p1a: Heracross
|-boost|p1a: Heracross|atk|2
|
|-weather|RainDance|[upkeep]
|-damage|p2a: Bisharp|139\/271|[from] Leech Seed|[of] p1a: Heracross
|-heal|p1a: Heracross|145\/307|[silent]
|turn|6
|
|move|p2a: Bisharp|Sucker Punch|p1a: Heracross
|-resisted|p1a: Heracross
|-damage|p1a: Heracross|0 fnt
|faint|p1a: Heracross
|
|-weather|RainDance|[upkeep]
|
|switch|p1a: Kabutops|Kabutops, F|262\/262
|turn|7
|
|move|p1a: Kabutops|Aqua Jet|p2a: Bisharp
|-damage|p2a: Bisharp|3\/271
|-damage|p1a: Kabutops|236\/262|[from] item: Life Orb
|move|p2a: Bisharp|Knock Off|p1a: Kabutops
|-damage|p1a: Kabutops|0 fnt
|-enditem|p1a: Kabutops|Life Orb|[from] move: Knock Off|[of] p2a: Bisharp
|faint|p1a: Kabutops
|
|-weather|RainDance|[upkeep]
|-message|Kama Sutra forfeited.
|
|win|Shellder Soup
|raw|Ladder updating...
|raw|Kama Sutra's rating: 1796 &rarr; <strong>1776<\/strong><br \/>(-20 for losing)
|raw|Shellder Soup's rating: 1800 &rarr; <strong>1820<\/strong><br \/>(+20 for winning)
|leave|Kama Sutra
|player|p1