|join|Kama Sutra
|join|Hogback_fosh_men
|player|p1|Kama Sutra|155
|player|p2|Hogback_fosh_men|170
|gametype|singles
|gen|6
|tier|OU
|rated
|clearpoke
|poke|p1|Garchomp, F
|poke|p1|Diggersby, M
|poke|p1|Azumarill, F
|poke|p1|Latias, F
|poke|p1|Magnezone
|poke|p1|Pinsir, M
|poke|p2|Manectric, M, shiny
|poke|p2|Ferrothorn, F
|poke|p2|Conkeldurr, M, shiny
|poke|p2|Heatran, F
|poke|p2|Gengar, F, shiny
|poke|p2|Greninja, M, shiny
|rule|Swagger Clause: Swagger is banned
|rule|Baton Pass Clause: Limit one PokÃ©mon knowing Baton Pass
|rule|Sleep Clause Mod: Limit one foe put to sleep
|rule|Species Clause: Limit one of each PokÃ©mon
|rule|OHKO Clause: OHKO moves are banned
|rule|Moody Clause: Moody is banned
|rule|Evasion Moves Clause: Evasion moves are banned
|rule|Endless Battle Clause: Forcing endless battles is banned
|rule|HP Percentage Mod: HP is shown in percentages
|teampreview
|
|start
|switch|p1a: Garchomp|Garchomp, F|358\/358
|switch|p2a: GucciMane|Manectric, M, shiny|282\/282
|turn|1
|
|detailschange|p2a: GucciMane|Manectric-Mega, M, shiny
|message|Manectric has Mega Evolved into Mega Manectric!
|-ability|p2a: GucciMane|Intimidate|[of] p1a: Garchomp
|-unboost|p1a: Garchomp|atk|1
|move|p2a: GucciMane|Hidden Power|p1a: Garchomp
|-supereffective|p1a: Garchomp
|-enditem|p1a: Garchomp|Focus Sash
|-damage|p1a: Garchomp|1\/358
|move|p1a: Garchomp|Earthquake|p2a: GucciMane
|-crit|p2a: GucciMane
|-supereffective|p2a: GucciMane
|-damage|p2a: GucciMane|0 fnt
|faint|p2a: GucciMane
|
|
|switch|p2a: SilentHomicide|Greninja, M, shiny|286\/286
|turn|2
|
|switch|p1a: Azumarill|Azumarill, F|344\/344
|move|p2a: SilentHomicide|Scald|p1a: Azumarill
|-start|p2a: SilentHomicide|typechange|Water|[from] Protean
|-resisted|p1a: Azumarill
|-damage|p1a: Azumarill|295\/344
|-status|p1a: Azumarill|brn
|-damage|p2a: SilentHomicide|258\/286|[from] item: Life Orb
|
|-damage|p1a: Azumarill|252\/344 brn|[from] brn
|turn|3
|
|switch|p2a: Ferrothorn|Ferrothorn, F|352\/352
|move|p1a: Azumarill|Knock Off|p2a: Ferrothorn
|-damage|p2a: Ferrothorn|304\/352
|-damage|p1a: Azumarill|209\/344 brn|[from] ability: Iron Barbs|[of] p2a: Ferrothorn
|-damage|p1a: Azumarill|152\/344 brn|[from] item: Rocky Helmet|[of] p2a: Ferrothorn
|-enditem|p2a: Ferrothorn|Rocky Helmet|[from] move: Knock Off|[of] p1a: Azumarill
|
|-damage|p1a: Azumarill|109\/344 brn|[from] brn
|turn|4
|
|move|p1a: Azumarill|Knock Off|p2a: Ferrothorn
|-damage|p2a: Ferrothorn|271\/352
|-damage|p1a: Azumarill|66\/344 brn|[from] ability: Iron Barbs|[of] p2a: Ferrothorn
|move|p2a: Ferrothorn|Stealth Rock|p1a: Azumarill
|-sidestart|p1: Kama Sutra|move: Stealth Rock
|
|-damage|p1a: Azumarill|23\/344 brn|[from] brn
|turn|5
|
|move|p1a: Azumarill|Waterfall|p2a: Ferrothorn
|-resisted|p2a: Ferrothorn
|-damage|p2a: Ferrothorn|238\/352
|-damage|p1a: Azumarill|0 fnt|[from] ability: Iron Barbs|[of] p2a: Ferrothorn
|faint|p1a: Azumarill
|cant|p2a: Ferrothorn|flinch
|
|
|switch|p1a: Magnezone|Magnezone|282\/282
|-damage|p1a: Magnezone|265\/282|[from] Stealth Rock
|turn|6
|
|move|p1a: Magnezone|Hidden Power|p2a: Ferrothorn
|-supereffective|p2a: Ferrothorn
|-damage|p2a: Ferrothorn|30\/352
|move|p2a: Ferrothorn|Spikes|p1a: Magnezone
|-sidestart|p1: Kama Sutra|Spikes
|
|turn|7
|
|move|p1a: Magnezone|Hidden Power|p2a: Ferrothorn
|-supereffective|p2a: Ferrothorn
|-damage|p2a: Ferrothorn|0 fnt
|faint|p2a: Ferrothorn
|
|
|switch|p2a: UncleRucus|Conkeldurr, M, shiny|404\/404
|turn|8
|
|switch|p1a: Garchomp|Garchomp, F|1\/358
|-damage|p1a: Garchomp|0 fnt|[from] Stealth Rock
|faint|p1a: Garchomp
|move|p2a: UncleRucus|Drain Punch|p1: Garchomp|[notarget]
|-notarget
|
|
|switch|p1a: Latias|Latias, F|302\/302
|-damage|p1a: Latias|265\/302|[from] Stealth Rock
|turn|9
|
|move|p1a: Latias|Defog|p2a: UncleRucus
|-unboost|p2a: UncleRucus|evasion|1
|-sideend|p1: Kama Sutra|Spikes|[from] move: Defog|[of] p1a: Latias
|-sideend|p1: Kama Sutra|Stealth Rock|[from] move: Defog|[of] p1a: Latias
|move|p2a: UncleRucus|Knock Off|p1a: Latias
|-supereffective|p1a: Latias
|-damage|p1a: Latias|0 fnt
|-enditem|p1a: Latias|Life Orb|[from] move: Knock Off|[of] p2a: UncleRucus
|faint|p1a: Latias
|
|
|switch|p1a: Pinsir|Pinsir, M|271\/271
|turn|10
|
|switch|p2a: Heatran|Heatran, F|324\/324
|detailschange|p1a: Pinsir|Pinsir-Mega, M
|message|Pinsir has Mega Evolved into Mega Pinsir!
|move|p1a: Pinsir|Return|p2a: Heatran
|-resisted|p2a: Heatran
|-damage|p2a: Heatran|206\/324
|
|-heal|p2a: Heatran|226\/324|[from] item: Leftovers
|turn|11
|
|move|p1a: Pinsir|Earthquake|p2a: Heatran
|-supereffective|p2a: Heatran
|-damage|p2a: Heatran|0 fnt
|faint|p2a: Heatran
|
|
|switch|p2a: SilentHomicide|Greninja, M, shiny|258\/286
|turn|12
|
|switch|p1a: Diggersby|Diggersby, M|311\/311
|move|p2a: SilentHomicide|Scald|p1a: Diggersby
|-start|p2a: SilentHomicide|typechange|Water|[from] Protean
|-supereffective|p1a: Diggersby
|-enditem|p1a: Diggersby|Focus Sash
|-damage|p1a: Diggersby|1\/311
|-status|p1a: Diggersby|brn
|-damage|p2a: SilentHomicide|230\/286|[from] item: Life Orb
|
|-damage|p1a: Diggersby|0 fnt|[from] brn
|faint|p1a: Diggersby
|
|switch|p1a: Magnezone|Magnezone|265\/282
|turn|13
|
|switch|p2a: UncleRucus|Conkeldurr, M, shiny|404\/404
|move|p1a: Magnezone|Volt Switch|p2a: UncleRucus
|-damage|p2a: UncleRucus|295\/404
|
|switch|p1a: Pinsir|Pinsir-Mega, M|271\/271
|
|turn|14
|
|move|p1a: Pinsir|Return|p2a: UncleRucus
|-crit|p2a: UncleRucus
|-supereffective|p2a: UncleRucus
|-damage|p2a: UncleRucus|0 fnt
|faint|p2a: UncleRucus
|
|
|switch|p2a: SilentHomicide|Greninja, M, shiny|230\/286
|turn|15
|
|move|p1a: Pinsir|Quick Attack|p2a: SilentHomicide
|-damage|p2a: SilentHomicide|76\/286
|move|p2a: SilentHomicide|Scald|p1a: Pinsir
|-start|p2a: SilentHomicide|typechange|Water|[from] Protean
|-damage|p1a: Pinsir|92\/271
|-status|p1a: Pinsir|brn
|-damage|p2a: SilentHomicide|48\/286|[from] item: Life Orb
|
|-damage|p1a: Pinsir|59\/271 brn|[from] brn
|turn|16
|
|move|p1a: Pinsir|Quick Attack|p2a: SilentHomicide
|-damage|p2a: SilentHomicide|0 fnt
|faint|p2a: SilentHomicide
|
|-damage|p1a: Pinsir|26\/271 brn|[from] brn
|
|switch|p2a: Nightmare|Gengar, F, shiny|282\/282
|turn|17
|
|move|p1a: Pinsir|Quick Attack|p2a: Nightmare
|-damage|p2a: Nightmare|213\/282
|move|p2a: Nightmare|Focus Blast|p1a: Pinsir
|-crit|p1a: Pinsir
|-resisted|p1a: Pinsir
|-damage|p1a: Pinsir|0 fnt
|faint|p1a: Pinsir
|
|
|switch|p1a: Magnezone|Magnezone|265\/282
|turn|18
|
|move|p1a: Magnezone|Thunderbolt|p2a: Nightmare
|-damage|p2a: Nightmare|24\/282
|move|p2a: Nightmare|Focus Blast|p1a: Magnezone
|-supereffective|p1a: Magnezone
|-damage|p1a: Magnezone|0 fnt
|faint|p1a: Magnezone
|
|win|Hogback_fosh_men
|raw|Ladder updating...
|c|âKama Sutra|gg
|leave|Kama Sutra
|c|âHogback_fosh_men|gg
|player|p1
|raw|Ladder (probably) updated, but score could not be retrieved (timeout).
|raw|Ladder (probably) updated, but score could not be retrieved (Error: socket hang up).