|join|Kama Sutra
|join|Silverbacks
|player|p1|Kama Sutra|222
|player|p2|Silverbacks|106
|gametype|singles
|gen|6
|tier|OU
|rated
|clearpoke
|poke|p1|Gyarados, F
|poke|p1|Talonflame, F
|poke|p1|Kyurem-Black
|poke|p1|Excadrill, M
|poke|p1|Gengar, F
|poke|p1|Garchomp, F
|poke|p2|Latias, F
|poke|p2|Azumarill, M
|poke|p2|Azelf
|poke|p2|Mamoswine, M
|poke|p2|Scizor, F
|poke|p2|Talonflame, M
|rule|Swagger Clause: Swagger is banned
|rule|Baton Pass Clause: Limit one PokÃ©mon knowing Baton Pass
|rule|Sleep Clause Mod: Limit one foe put to sleep
|rule|Species Clause: Limit one of each PokÃ©mon
|rule|OHKO Clause: OHKO moves are banned
|rule|Moody Clause: Moody is banned
|rule|Evasion Moves Clause: Evasion moves are banned
|rule|Endless Battle Clause: Forcing endless battles is banned
|rule|HP Percentage Mod: HP is shown in percentages
|teampreview
|c|âKama Sutra|gl hf
|c|âSilverbacks|you too
|
|start
|switch|p1a: Gengar|Gengar, F|261\/261
|switch|p2a: Kamikaze|Azelf|291\/291
|turn|1
|
|move|p2a: Kamikaze|Stealth Rock|p1a: Gengar
|-sidestart|p1: Kama Sutra|move: Stealth Rock
|move|p1a: Gengar|Will-O-Wisp|p2a: Kamikaze|[miss]
|-miss|p1a: Gengar|p2a: Kamikaze
|
|turn|2
|
|move|p2a: Kamikaze|Fire Blast|p1a: Gengar|[miss]
|-miss|p2a: Kamikaze|p1a: Gengar
|move|p1a: Gengar|Substitute|p1a: Gengar
|-start|p1a: Gengar|Substitute
|-damage|p1a: Gengar|196\/261
|
|-heal|p1a: Gengar|212\/261|[from] item: Black Sludge
|turn|3
|
|move|p2a: Kamikaze|Fire Blast|p1a: Gengar
|-end|p1a: Gengar|Substitute
|move|p1a: Gengar|Will-O-Wisp|p2a: Kamikaze
|-status|p2a: Kamikaze|brn
|
|-heal|p1a: Gengar|228\/261|[from] item: Black Sludge
|-damage|p2a: Kamikaze|255\/291 brn|[from] brn
|turn|4
|
|move|p2a: Kamikaze|Fire Blast|p1a: Gengar|[miss]
|-miss|p2a: Kamikaze|p1a: Gengar
|move|p1a: Gengar|Hex|p2a: Kamikaze
|-supereffective|p2a: Kamikaze
|-damage|p2a: Kamikaze|0 fnt
|faint|p2a: Kamikaze
|
|-heal|p1a: Gengar|244\/261|[from] item: Black Sludge
|
|switch|p2a: Tsubaki|Scizor, F|311\/311
|turn|5
|
|move|p2a: Tsubaki|Bullet Punch|p1a: Gengar
|-damage|p1a: Gengar|41\/261
|-damage|p2a: Tsubaki|280\/311|[from] item: Life Orb
|move|p1a: Gengar|Will-O-Wisp|p2a: Tsubaki
|-status|p2a: Tsubaki|brn
|
|-heal|p1a: Gengar|57\/261|[from] item: Black Sludge
|-damage|p2a: Tsubaki|242\/311 brn|[from] brn
|turn|6
|
|move|p2a: Tsubaki|Bullet Punch|p1a: Gengar
|-damage|p1a: Gengar|0 fnt
|-damage|p2a: Tsubaki|211\/311 brn|[from] item: Life Orb
|faint|p1a: Gengar
|
|-damage|p2a: Tsubaki|173\/311 brn|[from] brn
|
|switch|p1a: Talonflame|Talonflame, F|297\/297
|-damage|p1a: Talonflame|149\/297|[from] Stealth Rock
|turn|7
|
|move|p1a: Talonflame|Flare Blitz|p2a: Tsubaki
|-supereffective|p2a: Tsubaki
|-damage|p2a: Tsubaki|0 fnt
|-damage|p1a: Talonflame|92\/297|[from] recoil|[of] p2a: Tsubaki
|faint|p2a: Tsubaki
|
|
|switch|p2a: Wright|Talonflame, M|329\/329
|turn|8
|
|move|p1a: Talonflame|Brave Bird|p2a: Wright
|-damage|p2a: Wright|88\/329
|-damage|p1a: Talonflame|12\/297|[from] recoil|[of] p2a: Wright
|move|p2a: Wright|Acrobatics|p1a: Talonflame
|-damage|p1a: Talonflame|0 fnt
|faint|p1a: Talonflame
|
|
|switch|p1a: Excadrill|Excadrill, M|361\/361
|-damage|p1a: Excadrill|350\/361|[from] Stealth Rock
|-ability|p1a: Excadrill|Mold Breaker
|turn|9
|
|move|p1a: Excadrill|Rapid Spin|p2a: Wright
|-damage|p2a: Wright|57\/329
|-sideend|p1: Kama Sutra|Stealth Rock|[from] move: Rapid Spin|[of] p1a: Excadrill
|move|p2a: Wright|Will-O-Wisp|p1a: Excadrill
|-status|p1a: Excadrill|brn
|
|-damage|p1a: Excadrill|305\/361 brn|[from] brn
|turn|10
|
|switch|p1a: Garchomp|Garchomp, F|357\/357
|move|p2a: Wright|Swords Dance|p2a: Wright
|-boost|p2a: Wright|atk|2
|
|turn|11
|
|switch|p1a: Excadrill|Excadrill, M|305\/361 brn
|-ability|p1a: Excadrill|Mold Breaker
|move|p2a: Wright|Will-O-Wisp|p1a: Excadrill
|-fail|p1a: Excadrill|brn
|
|-damage|p1a: Excadrill|260\/361 brn|[from] brn
|turn|12
|
|move|p2a: Wright|Roost|p2a: Wright
|-heal|p2a: Wright|222\/329
|move|p1a: Excadrill|Rock Slide|p2a: Wright
|-supereffective|p2a: Wright
|-damage|p2a: Wright|100\/329
|
|-damage|p1a: Excadrill|215\/361 brn|[from] brn
|turn|13
|
|switch|p1a: Garchomp|Garchomp, F|357\/357
|move|p2a: Wright|Roost|p2a: Wright
|-heal|p2a: Wright|265\/329
|
|turn|14
|
|move|p2a: Wright|Will-O-Wisp|p1a: Garchomp
|-status|p1a: Garchomp|brn
|-enditem|p1a: Garchomp|Lum Berry|[eat]
|-curestatus|p1a: Garchomp|brn
|move|p1a: Garchomp|Outrage|p2a: Wright
|-damage|p2a: Wright|0 fnt
|faint|p2a: Wright
|
|
|switch|p2a: Bud|Azumarill, M|404\/404
|turn|15
|c|âKama Sutra|no bd
|
|move|p1a: Garchomp|Outrage|p2a: Bud
|-immune|p2a: Bud|[msg]
|move|p2a: Bud|Play Rough|p1a: Garchomp
|-supereffective|p1a: Garchomp
|-damage|p1a: Garchomp|0 fnt
|-damage|p2a: Bud|354\/404|[from] ability: Rough Skin|[of] p1a: Garchomp
|faint|p1a: Garchomp
|
|
|switch|p1a: Kyurem-Black|Kyurem-Black|401\/401
|-ability|p1a: Kyurem-Black|Teravolt
|turn|16
|
|switch|p2a: Tusk|Mamoswine, M|361\/361
|move|p1a: Kyurem-Black|Fusion Bolt|p2a: Tusk
|-immune|p2a: Tusk|[msg]
|
|turn|17
|
|move|p1a: Kyurem-Black|Ice Beam|p2a: Tusk
|-damage|p2a: Tusk|66\/361
|move|p2a: Tusk|Freeze-Dry|p1a: Kyurem-Black
|-damage|p1a: Kyurem-Black|310\/401
|-damage|p2a: Tusk|30\/361|[from] item: Life Orb
|
|-heal|p1a: Kyurem-Black|335\/401|[from] item: Leftovers
|turn|18
|
|switch|p1a: Excadrill|Excadrill, M|215\/361 brn
|-ability|p1a: Excadrill|Mold Breaker
|move|p2a: Tusk|Ice Shard|p1a: Excadrill
|-damage|p1a: Excadrill|77\/361 brn
|-damage|p2a: Tusk|0 fnt|[from] item: Life Orb
|faint|p2a: Tusk
|
|-damage|p1a: Excadrill|32\/361 brn|[from] brn
|c|âSilverbacks|um holy shit
|c|âSilverbacks|that did a lot
|
|switch|p2a: Throwback|Latias, F|364\/364
|turn|19
|c|âKama Sutra|I know
|c|âKama Sutra|that was crazy
|c|âSilverbacks|i have thick fat
|
|detailschange|p2a: Throwback|Latias-Mega, F
|message|Latias has Mega Evolved into Mega Latias!
|move|p1a: Excadrill|Earthquake|p2a: Throwback
|-damage|p2a: Throwback|301\/364
|move|p2a: Throwback|Calm Mind|p2a: Throwback
|-boost|p2a: Throwback|spa|1
|-boost|p2a: Throwback|spd|1
|
|-damage|p1a: Excadrill|0 fnt|[from] brn
|faint|p1a: Excadrill
|c|âKama Sutra|I have terravolt
|
|switch|p1a: Gyarados|Gyarados, F|331\/331
|-ability|p1a: Gyarados|Intimidate|[of] p2a: Throwback
|-unboost|p2a: Throwback|atk|1
|turn|20
|c|âSilverbacks|oh yeah
|c|âSilverbacks|XD
|
|switch|p1a: Kyurem-Black|Kyurem-Black|335\/401
|-ability|p1a: Kyurem-Black|Teravolt
|move|p2a: Throwback|Dragon Pulse|p1a: Kyurem-Black
|-supereffective|p1a: Kyurem-Black
|-damage|p1a: Kyurem-Black|0 fnt
|faint|p1a: Kyurem-Black
|
|c|âKama Sutra|oh noez
|c|âKama Sutra|I thought you were stored power
|
|switch|p1a: Gyarados|Gyarados, F|331\/331
|-ability|p1a: Gyarados|Intimidate|[of] p2a: Throwback
|-unboost|p2a: Throwback|atk|1
|turn|21
|
|detailschange|p1a: Gyarados|Gyarados-Mega, F
|message|Gyarados has Mega Evolved into Mega Gyarados!
|-ability|p1a: Gyarados|Mold Breaker
|move|p1a: Gyarados|Dragon Dance|p1a: Gyarados
|-boost|p1a: Gyarados|atk|1
|-boost|p1a: Gyarados|spe|1
|move|p2a: Throwback|Dragon Pulse|p1a: Gyarados
|-damage|p1a: Gyarados|183\/331
|
|turn|22
|c|âSilverbacks|i do have stored power
|c|âKama Sutra|I mean the stored power only set
|c|âKama Sutra|cm+sub+roost
|c|âSilverbacks|oh naw too many dark types
|
|move|p1a: Gyarados|Crunch|p2a: Throwback
|-supereffective|p2a: Throwback
|-damage|p2a: Throwback|17\/364
|-unboost|p2a: Throwback|def|1
|move|p2a: Throwback|Dragon Pulse|p1a: Gyarados
|-damage|p1a: Gyarados|15\/331
|
|turn|23
|c|âKama Sutra|HOW DID YOU EAT THAT UP
|
|move|p1a: Gyarados|Waterfall|p2a: Throwback
|-resisted|p2a: Throwback
|-damage|p2a: Throwback|0 fnt
|faint|p2a: Throwback
|
|c|âSilverbacks|max def
|c|âSilverbacks|baby
|c|âSilverbacks|yum
|
|switch|p2a: Bud|Azumarill, M|354\/404
|turn|24
|
|move|p2a: Bud|Aqua Jet|p1a: Gyarados
|-crit|p1a: Gyarados
|-resisted|p1a: Gyarados
|-damage|p1a: Gyarados|0 fnt
|faint|p1a: Gyarados
|
|win|Silverbacks
|raw|Ladder updating...
|raw|Kama Sutra's rating: 1665 &rarr; <strong>1647<\/strong><br \/>(-18 for losing)
|raw|Silverbacks's rating: 1703 &rarr; <strong>1720<\/strong><br \/>(+17 for winning)
|c|âKama Sutra|gg
|c|âSilverbacks|gg