|join|Kama Sutra
|join|mackattack93
|player|p1|Kama Sutra|79
|player|p2|mackattack93|161
|gametype|singles
|gen|6
|tier|OU
|rated
|clearpoke
|poke|p1|Altaria, M
|poke|p1|Hydreigon, F
|poke|p1|Latios, M
|poke|p1|Garchomp, F
|poke|p1|Magneton
|poke|p1|Lucario, F
|poke|p2|Charizard, F
|poke|p2|Venusaur, F
|poke|p2|Diggersby, M
|poke|p2|Skarmory, M
|poke|p2|Umbreon, M
|poke|p2|Clefable, M
|rule|Swagger Clause: Swagger is banned
|rule|Baton Pass Clause: Limit one PokÃ©mon knowing Baton Pass
|rule|Sleep Clause Mod: Limit one foe put to sleep
|rule|Species Clause: Limit one of each PokÃ©mon
|rule|OHKO Clause: OHKO moves are banned
|rule|Moody Clause: Moody is banned
|rule|Evasion Moves Clause: Evasion moves are banned
|rule|Endless Battle Clause: Forcing endless battles is banned
|rule|HP Percentage Mod: HP is shown in percentages
|teampreview
|
|start
|switch|p1a: Garchomp|Garchomp, F|357\/357
|switch|p2a: Charizard|Charizard, F|297\/297
|turn|1
|
|switch|p2a: Clefable|Clefable, M|394\/394
|move|p1a: Garchomp|Stealth Rock|p2a: Clefable
|-sidestart|p2: mackattack93|move: Stealth Rock
|
|turn|2
|
|switch|p1a: Lucario|Lucario, F|279\/279
|move|p2a: Clefable|Flamethrower|p1a: Lucario
|-supereffective|p1a: Lucario
|-damage|p1a: Lucario|81\/279
|
|turn|3
|
|move|p1a: Lucario|Swords Dance|p1a: Lucario
|-boost|p1a: Lucario|atk|2
|move|p2a: Clefable|Flamethrower|p1a: Lucario
|-supereffective|p1a: Lucario
|-damage|p1a: Lucario|0 fnt
|faint|p1a: Lucario
|
|
|switch|p1a: Latios|Latios, M|299\/299
|turn|4
|
|move|p1a: Latios|Psyshock|p2a: Clefable
|-damage|p2a: Clefable|230\/394
|-damage|p1a: Latios|270\/299|[from] item: Life Orb
|move|p2a: Clefable|Moonblast|p1a: Latios
|-supereffective|p1a: Latios
|-damage|p1a: Latios|60\/299
|-unboost|p1a: Latios|spa|1
|
|-heal|p2a: Clefable|254\/394|[from] item: Leftovers
|turn|5
|
|move|p1a: Latios|Psyshock|p2a: Clefable
|-damage|p2a: Clefable|81\/394
|-damage|p1a: Latios|31\/299|[from] item: Life Orb
|move|p2a: Clefable|Moonblast|p1a: Latios
|-supereffective|p1a: Latios
|-damage|p1a: Latios|0 fnt
|faint|p1a: Latios
|
|-heal|p2a: Clefable|105\/394|[from] item: Leftovers
|
|switch|p1a: Altaria|Altaria, M|293\/293
|-ability|p1a: Altaria|Cloud Nine
|turn|6
|
|detailschange|p1a: Altaria|Altaria-Mega, M
|-mega|p1a: Altaria|Altaria|Altarianite
|move|p1a: Altaria|Frustration|p2a: Clefable
|-damage|p2a: Clefable|0 fnt
|faint|p2a: Clefable
|
|
|switch|p2a: Venusaur|Venusaur, F|302\/302
|-damage|p2a: Venusaur|265\/302|[from] Stealth Rock
|turn|7
|
|switch|p1a: Hydreigon|Hydreigon, F|329\/329
|move|p2a: Venusaur|Hidden Power|p1a: Hydreigon
|-resisted|p1a: Hydreigon
|-damage|p1a: Hydreigon|282\/329
|-damage|p2a: Venusaur|235\/302|[from] item: Life Orb
|
|turn|8
|
|switch|p2a: Umbreon|Umbreon, M|394\/394
|-damage|p2a: Umbreon|345\/394|[from] Stealth Rock
|move|p1a: Hydreigon|Draco Meteor|p2a: Umbreon
|-damage|p2a: Umbreon|145\/394
|-unboost|p1a: Hydreigon|spa|2
|-damage|p1a: Hydreigon|250\/329|[from] item: Life Orb
|
|-heal|p2a: Umbreon|169\/394|[from] item: Leftovers
|turn|9
|
|move|p1a: Hydreigon|Superpower|p2a: Umbreon
|-supereffective|p2a: Umbreon
|-damage|p2a: Umbreon|0 fnt
|-unboost|p1a: Hydreigon|atk|1
|-unboost|p1a: Hydreigon|def|1
|-damage|p1a: Hydreigon|218\/329|[from] item: Life Orb
|faint|p2a: Umbreon
|
|
|switch|p2a: Skarmory|Skarmory, M|329\/329
|-damage|p2a: Skarmory|288\/329|[from] Stealth Rock
|turn|10
|
|switch|p1a: Magneton|Magneton|241\/241
|move|p2a: Skarmory|Defog|p1a: Magneton
|-unboost|p1a: Magneton|evasion|1
|-sideend|p2: mackattack93|Stealth Rock|[from] move: Defog|[of] p2a: Skarmory
|
|turn|11
|
|switch|p2a: Diggersby|Diggersby, M|312\/312
|move|p1a: Magneton|Volt Switch|p2a: Diggersby
|-immune|p2a: Diggersby|[msg]
|
|turn|12
|
|switch|p1a: Garchomp|Garchomp, F|357\/357
|move|p2a: Diggersby|Swords Dance|p2a: Diggersby
|-boost|p2a: Diggersby|atk|2
|
|turn|13
|c|âmackattack93|meaniesbee gonna bring duh pain
|
|move|p1a: Garchomp|Earthquake|p2a: Diggersby
|-damage|p2a: Diggersby|80\/312
|move|p2a: Diggersby|Earthquake|p1a: Garchomp
|-damage|p1a: Garchomp|0 fnt
|faint|p1a: Garchomp
|
|c|âmackattack93|n1ggersbee
|
|switch|p1a: Magneton|Magneton|241\/241
|turn|14
|
|switch|p2a: Skarmory|Skarmory, M|288\/329
|move|p1a: Magneton|Flash Cannon|p2a: Skarmory
|-resisted|p2a: Skarmory
|-damage|p2a: Skarmory|193\/329
|
|turn|15
|
|switch|p1a: Altaria|Altaria-Mega, M|293\/293
|move|p2a: Skarmory|Stealth Rock|p1a: Altaria
|-sidestart|p1: Kama Sutra|move: Stealth Rock
|
|turn|16
|
|switch|p2a: Venusaur|Venusaur, F|235\/302
|move|p1a: Altaria|Dragon Dance|p1a: Altaria
|-boost|p1a: Altaria|atk|1
|-boost|p1a: Altaria|spe|1
|
|turn|17
|
|switch|p1a: Magneton|Magneton|241\/241
|-damage|p1a: Magneton|226\/241|[from] Stealth Rock
|move|p2a: Venusaur|Sludge Bomb|p1a: Magneton
|-immune|p1a: Magneton|[msg]
|
|turn|18
|
|move|p1a: Magneton|Flash Cannon|p2a: Venusaur
|-damage|p2a: Venusaur|94\/302
|move|p2a: Venusaur|Synthesis|p2a: Venusaur
|-heal|p2a: Venusaur|245\/302
|
|turn|19
|
|switch|p1a: Hydreigon|Hydreigon, F|218\/329
|-damage|p1a: Hydreigon|177\/329|[from] Stealth Rock
|switch|p2a: Charizard|Charizard, F|297\/297
|
|turn|20
|
|detailschange|p2a: Charizard|Charizard-Mega-Y, F
|-mega|p2a: Charizard|Charizard|Charizardite Y
|-weather|SunnyDay
|move|p2a: Charizard|Air Slash|p1a: Hydreigon
|-damage|p1a: Hydreigon|0 fnt
|faint|p1a: Hydreigon
|
|-weather|SunnyDay|[upkeep]
|
|switch|p1a: Altaria|Altaria-Mega, M|293\/293
|-damage|p1a: Altaria|257\/293|[from] Stealth Rock
|turn|21
|
|move|p2a: Charizard|Air Slash|p1a: Altaria
|-damage|p1a: Altaria|85\/293
|move|p1a: Altaria|Fire Blast|p2a: Charizard
|-resisted|p2a: Charizard
|-damage|p2a: Charizard|237\/297
|
|-weather|SunnyDay|[upkeep]
|turn|22
|
|switch|p1a: Magneton|Magneton|226\/241
|-damage|p1a: Magneton|211\/241|[from] Stealth Rock
|move|p2a: Charizard|Air Slash|p1a: Magneton
|-resisted|p1a: Magneton
|-damage|p1a: Magneton|156\/241
|
|-weather|SunnyDay|[upkeep]
|turn|23
|
|switch|p2a: Diggersby|Diggersby, M|80\/312
|move|p1a: Magneton|Volt Switch|p2a: Diggersby
|-immune|p2a: Diggersby|[msg]
|
|-weather|SunnyDay|[upkeep]
|turn|24
|-message|Kama Sutra forfeited.
|leave|Kama Sutra
|
|win|mackattack93
|raw|Ladder updating...
|
|player|p1
|raw|Kama Sutra's rating: 1589 &rarr; <strong>1566<\/strong><br \/>(-23 for losing)
|raw|mackattack93's rating: 1534 &rarr; <strong>1557<\/strong><br \/>(+23 for winning)