|join|Kama Sutra
|join|uhhh o-ok
|player|p1|Kama Sutra|79
|player|p2|uhhh o-ok|171
|gametype|singles
|gen|6
|tier|OU
|rated
|clearpoke
|poke|p1|Landorus, M
|poke|p1|Keldeo
|poke|p1|Celebi
|poke|p1|Manectric, F
|poke|p1|Bisharp, M
|poke|p1|Diggersby, M
|poke|p2|Celebi
|poke|p2|Bisharp, M
|poke|p2|Altaria, M
|poke|p2|Magnezone
|poke|p2|Landorus-Therian, M
|poke|p2|Keldeo
|rule|Swagger Clause: Swagger is banned
|rule|Baton Pass Clause: Limit one PokÃ©mon knowing Baton Pass
|rule|Sleep Clause Mod: Limit one foe put to sleep
|rule|Species Clause: Limit one of each PokÃ©mon
|rule|OHKO Clause: OHKO moves are banned
|rule|Moody Clause: Moody is banned
|rule|Evasion Moves Clause: Evasion moves are banned
|rule|Endless Battle Clause: Forcing endless battles is banned
|rule|HP Percentage Mod: HP is shown in percentages
|teampreview
|join|TOTEMO
|
|start
|switch|p1a: Manectric|Manectric, F|281\/281
|switch|p2a: Altaria|Altaria, M|311\/311
|turn|1
|c|+TOTEMO|ah yes
|c|+TOTEMO|the kama sutra
|
|detailschange|p1a: Manectric|Manectric-Mega, F
|-mega|p1a: Manectric|Manectric|Manectite
|-ability|p1a: Manectric|Intimidate|[of] p2a: Altaria
|-unboost|p2a: Altaria|atk|1
|detailschange|p2a: Altaria|Altaria-Mega, M
|-mega|p2a: Altaria|Altaria|Altarianite
|move|p1a: Manectric|Volt Switch|p2a: Altaria
|-resisted|p2a: Altaria
|-damage|p2a: Altaria|245\/311
|c|+TOTEMO|full of sex positions for dyslexics
|c|âKama Sutra|:]
|
|switch|p1a: Celebi|Celebi|404\/404
|move|p2a: Altaria|Hyper Voice|p1a: Celebi
|-damage|p1a: Celebi|251\/404
|
|-heal|p1a: Celebi|276\/404|[from] item: Leftovers
|turn|2
|
|switch|p2a: Landorus-Therian|Landorus-Therian, M|381\/381
|-ability|p2a: Landorus-Therian|Intimidate|[of] p1a: Celebi
|-unboost|p1a: Celebi|atk|1
|move|p1a: Celebi|Recover|p1a: Celebi
|-heal|p1a: Celebi|404\/404
|
|turn|3
|
|switch|p1a: Landorus|Landorus, M|319\/319
|move|p2a: Landorus-Therian|U-turn|p1a: Landorus
|-resisted|p1a: Landorus
|-damage|p1a: Landorus|268\/319
|
|switch|p2a: Keldeo|Keldeo|323\/323
|
|turn|4
|
|switch|p1a: Celebi|Celebi|404\/404
|move|p2a: Keldeo|Icy Wind|p1a: Celebi
|-supereffective|p1a: Celebi
|-damage|p1a: Celebi|262\/404
|-unboost|p1a: Celebi|spe|1
|
|-heal|p1a: Celebi|287\/404|[from] item: Leftovers
|turn|5
|
|switch|p2a: Landorus-Therian|Landorus-Therian, M|381\/381
|-ability|p2a: Landorus-Therian|Intimidate|[of] p1a: Celebi
|-unboost|p1a: Celebi|atk|1
|move|p1a: Celebi|Giga Drain|p2a: Landorus-Therian
|-damage|p2a: Landorus-Therian|269\/381
|-heal|p1a: Celebi|343\/404|[from] drain|[of] p2a: Landorus-Therian
|
|-heal|p1a: Celebi|368\/404|[from] item: Leftovers
|turn|6
|
|switch|p1a: Landorus|Landorus, M|268\/319
|move|p2a: Landorus-Therian|Knock Off|p1a: Landorus
|-damage|p1a: Landorus|125\/319
|-enditem|p1a: Landorus|Life Orb|[from] move: Knock Off|[of] p2a: Landorus-Therian
|
|turn|7
|
|switch|p2a: Magnezone|Magnezone|281\/281
|move|p1a: Landorus|Stealth Rock|p2a: Magnezone
|-sidestart|p2: uhhh o-ok|move: Stealth Rock
|
|turn|8
|join|yuy
|
|switch|p1a: Celebi|Celebi|368\/404
|move|p2a: Magnezone|Flash Cannon|p1a: Celebi
|-damage|p1a: Celebi|253\/404
|
|-heal|p1a: Celebi|278\/404|[from] item: Leftovers
|turn|9
|
|switch|p2a: Bisharp|Bisharp, M|271\/271
|-damage|p2a: Bisharp|255\/271|[from] Stealth Rock
|move|p1a: Celebi|Giga Drain|p2a: Bisharp
|-resisted|p2a: Bisharp
|-damage|p2a: Bisharp|201\/271
|-heal|p1a: Celebi|305\/404|[from] drain|[of] p2a: Bisharp
|
|-heal|p1a: Celebi|330\/404|[from] item: Leftovers
|turn|10
|
|move|p1a: Celebi|Baton Pass|p1a: Celebi
|
|switch|p1a: Landorus|Landorus, M|125\/319
|move|p2a: Bisharp|Knock Off|p1a: Landorus
|-damage|p1a: Landorus|0 fnt
|-damage|p2a: Bisharp|174\/271|[from] item: Life Orb
|faint|p1a: Landorus
|
|
|switch|p1a: Keldeo|Keldeo|323\/323
|turn|11
|
|switch|p1a: Bisharp|Bisharp, M|271\/271
|switch|p2a: Celebi|Celebi|404\/404
|-damage|p2a: Celebi|354\/404|[from] Stealth Rock
|
|-heal|p2a: Celebi|379\/404|[from] item: Leftovers
|turn|12
|
|switch|p2a: Keldeo|Keldeo|323\/323
|-damage|p2a: Keldeo|303\/323|[from] Stealth Rock
|move|p1a: Bisharp|Knock Off|p2a: Keldeo
|-resisted|p2a: Keldeo
|-damage|p2a: Keldeo|190\/323
|-boost|p2a: Keldeo|atk|1|[from] ability: Justified
|-enditem|p2a: Keldeo|Choice Specs|[from] move: Knock Off|[of] p1a: Bisharp
|
|turn|13
|
|switch|p1a: Celebi|Celebi|330\/404
|move|p2a: Keldeo|Scald|p1a: Celebi
|-resisted|p1a: Celebi
|-damage|p1a: Celebi|272\/404
|-status|p1a: Celebi|brn
|
|-heal|p1a: Celebi|297\/404 brn|[from] item: Leftovers
|-damage|p1a: Celebi|247\/404 brn|[from] brn
|turn|14
|
|switch|p2a: Bisharp|Bisharp, M|174\/271
|-damage|p2a: Bisharp|158\/271|[from] Stealth Rock
|move|p1a: Celebi|Baton Pass|p1a: Celebi
|
|switch|p1a: Keldeo|Keldeo|323\/323
|
|turn|15
|
|switch|p1a: Bisharp|Bisharp, M|271\/271
|switch|p2a: Celebi|Celebi|379\/404
|-damage|p2a: Celebi|329\/404|[from] Stealth Rock
|
|-heal|p2a: Celebi|354\/404|[from] item: Leftovers
|turn|16
|
|move|p1a: Bisharp|Pursuit|p2a: Celebi|[from]Pursuit
|-supereffective|p2a: Celebi
|-damage|p2a: Celebi|16\/404
|switch|p2a: Keldeo|Keldeo|190\/323
|-damage|p2a: Keldeo|170\/323|[from] Stealth Rock
|
|turn|17
|c|âuhhh o-ok|why
|c|âuhhh o-ok|Why are you using pursuit
|c|âuhhh o-ok|Its bad
|c|âKama Sutra|because look at my lati counters
|
|switch|p1a: Celebi|Celebi|247\/404
|move|p2a: Keldeo|Secret Sword|p1a: Celebi
|-resisted|p1a: Celebi
|-damage|p1a: Celebi|170\/404
|
|-heal|p1a: Celebi|195\/404|[from] item: Leftovers
|turn|18
|c|âuhhh o-ok|youre bad
|c|âKama Sutra|why aren't you using baton pass celebi
|
|switch|p2a: Altaria|Altaria-Mega, M|245\/311
|-damage|p2a: Altaria|207\/311|[from] Stealth Rock
|move|p1a: Celebi|Recover|p1a: Celebi
|-heal|p1a: Celebi|397\/404
|
|-heal|p1a: Celebi|404\/404|[from] item: Leftovers
|turn|19
|c|âuhhh o-ok|Why should I
|c|âKama Sutra|so you don't get pursuited
|
|move|p2a: Altaria|Fire Blast|p1a: Celebi
|-supereffective|p1a: Celebi
|-damage|p1a: Celebi|214\/404
|move|p1a: Celebi|Baton Pass|p1a: Celebi
|c|âuhhh o-ok|Well only bad people run pursuit
|c|âuhhh o-ok|So i shouldnt have to worry about it
|c|âKama Sutra|so your logic
|c|âKama Sutra|is if I play a bad person
|c|âKama Sutra|just lose
|
|switch|p1a: Diggersby|Diggersby, M|311\/311
|
|turn|20
|c|âuhhh o-ok|Youre retarded
|join|qsns
|c|âKama Sutra|and youre a bit angry friend
|
|switch|p2a: Celebi|Celebi|16\/404
|-damage|p2a: Celebi|0 fnt|[from] Stealth Rock
|faint|p2a: Celebi
|move|p1a: Diggersby|Frustration|p2: Celebi|[notarget]
|-notarget
|
|c|âuhhh o-ok|Im not angry im just letting you know youre bad
|c| qsns|lol
|c|âKama Sutra|so then youre salty
|
|switch|p2a: Keldeo|Keldeo|170\/323
|-damage|p2a: Keldeo|150\/323|[from] Stealth Rock
|turn|21
|c|âuhhh o-ok|Did I say that?
|c|âKama Sutra|you don't need to say it
|
|switch|p1a: Celebi|Celebi|214\/404
|move|p2a: Keldeo|Scald|p1a: Celebi
|-resisted|p1a: Celebi
|-damage|p1a: Celebi|160\/404
|
|-heal|p1a: Celebi|185\/404|[from] item: Leftovers
|turn|22
|c|âKama Sutra|its pretty apparent
|c|âuhhh o-ok|Im just stating a fact kid
|c|âKama Sutra|lol
|join|Don't Like. 1
|
|move|p2a: Keldeo|Icy Wind|p1a: Celebi
|-supereffective|p1a: Celebi
|-damage|p1a: Celebi|85\/404
|-unboost|p1a: Celebi|spe|1
|move|p1a: Celebi|Recover|p1a: Celebi
|-heal|p1a: Celebi|287\/404
|
|-heal|p1a: Celebi|312\/404|[from] item: Leftovers
|turn|23
|c|âKama Sutra|-things salty people say
|
|switch|p2a: Landorus-Therian|Landorus-Therian, M|269\/381
|-damage|p2a: Landorus-Therian|222\/381|[from] Stealth Rock
|-ability|p2a: Landorus-Therian|Intimidate|[of] p1a: Celebi
|-unboost|p1a: Celebi|atk|1
|move|p1a: Celebi|Giga Drain|p2a: Landorus-Therian
|-damage|p2a: Landorus-Therian|123\/381
|-heal|p1a: Celebi|362\/404|[from] drain|[of] p2a: Landorus-Therian
|
|-heal|p1a: Celebi|387\/404|[from] item: Leftovers
|turn|24
|
|switch|p1a: Bisharp|Bisharp, M|271\/271
|move|p2a: Landorus-Therian|U-turn|p1a: Bisharp
|-damage|p1a: Bisharp|169\/271
|
|switch|p2a: Magnezone|Magnezone|281\/281
|-damage|p2a: Magnezone|264\/281|[from] Stealth Rock
|
|turn|25
|
|move|p1a: Bisharp|Sucker Punch|p2a: Magnezone
|-damage|p2a: Magnezone|107\/281
|move|p2a: Magnezone|Volt Switch|p1a: Bisharp
|-damage|p1a: Bisharp|0 fnt
|faint|p1a: Bisharp
|
|switch|p2a: Landorus-Therian|Landorus-Therian, M|123\/381
|-damage|p2a: Landorus-Therian|76\/381|[from] Stealth Rock
|
|c|âuhhh o-ok|Im lagging so hard
|c| Don't Like. 1|-things salty people say
|c| Don't Like. 1|:)
|c|âuhhh o-ok|What do salty people say
|
|switch|p1a: Keldeo|Keldeo|323\/323
|turn|26
|c| Don't Like. 1|idk, ask kama sutra
|c| Don't Like. 1|he seems to be an expert on it
|
|move|p1a: Keldeo|Scald|p2a: Landorus-Therian
|-supereffective|p2a: Landorus-Therian
|-damage|p2a: Landorus-Therian|0 fnt
|faint|p2a: Landorus-Therian
|
|
|switch|p2a: Altaria|Altaria-Mega, M|207\/311
|-damage|p2a: Altaria|169\/311|[from] Stealth Rock
|turn|27
|
|switch|p1a: Celebi|Celebi|387\/404
|move|p2a: Altaria|Roost|p2a: Altaria
|-heal|p2a: Altaria|311\/311
|
|-heal|p1a: Celebi|404\/404|[from] item: Leftovers
|turn|28
|
|move|p2a: Altaria|Hyper Voice|p1a: Celebi
|-crit|p1a: Celebi
|-damage|p1a: Celebi|197\/404
|move|p1a: Celebi|Nasty Plot|p1a: Celebi
|-boost|p1a: Celebi|spa|2
|
|-heal|p1a: Celebi|222\/404|[from] item: Leftovers
|turn|29
|
|move|p2a: Altaria|Fire Blast|p1a: Celebi
|-supereffective|p1a: Celebi
|-damage|p1a: Celebi|54\/404
|move|p1a: Celebi|Recover|p1a: Celebi
|-heal|p1a: Celebi|256\/404
|
|-heal|p1a: Celebi|281\/404|[from] item: Leftovers
|turn|30
|leave|Don't Like. 1
|join|Don't Like. 1
|leave|Don't Like. 1
|
|switch|p2a: Bisharp|Bisharp, M|158\/271
|-damage|p2a: Bisharp|142\/271|[from] Stealth Rock
|move|p1a: Celebi|Recover|p1a: Celebi
|-heal|p1a: Celebi|404\/404
|
|turn|31
|
|move|p1a: Celebi|Baton Pass|p1a: Celebi
|
|switch|p1a: Keldeo|Keldeo|323\/323
|move|p2a: Bisharp|Swords Dance|p2a: Bisharp
|-boost|p2a: Bisharp|atk|2
|
|turn|32
|leave|yuy
|c|âuhhh o-ok|Are you lagging at all
|c|âKama Sutra|are you asking me?
|
|move|p2a: Bisharp|Sucker Punch|p1a: Keldeo
|-resisted|p1a: Keldeo
|-damage|p1a: Keldeo|120\/323
|-boost|p1a: Keldeo|atk|1|[from] ability: Justified
|-damage|p2a: Bisharp|115\/271|[from] item: Life Orb
|move|p1a: Keldeo|Secret Sword|p2a: Bisharp
|-supereffective|p2a: Bisharp
|-damage|p2a: Bisharp|0 fnt
|faint|p2a: Bisharp
|
|c|âuhhh o-ok|Yeah
|c|âKama Sutra|no I do not believe so
|
|switch|p2a: Magnezone|Magnezone|107\/281
|-damage|p2a: Magnezone|90\/281|[from] Stealth Rock
|turn|33
|
|move|p1a: Keldeo|Secret Sword|p2a: Magnezone
|-supereffective|p2a: Magnezone
|-damage|p2a: Magnezone|0 fnt
|faint|p2a: Magnezone
|
|c|âuhhh o-ok|>>>>>>
|
|switch|p2a: Altaria|Altaria-Mega, M|311\/311
|-damage|p2a: Altaria|273\/311|[from] Stealth Rock
|turn|34
|
|move|p1a: Keldeo|Secret Sword|p2a: Altaria
|-resisted|p2a: Altaria
|-damage|p2a: Altaria|138\/311
|move|p2a: Altaria|Roost|p2a: Altaria
|-heal|p2a: Altaria|294\/311
|
|turn|35
|
|move|p1a: Keldeo|Secret Sword|p2a: Altaria
|-resisted|p2a: Altaria
|-damage|p2a: Altaria|167\/311
|move|p2a: Altaria|Hyper Voice|p1a: Keldeo
|-supereffective|p1a: Keldeo
|-damage|p1a: Keldeo|0 fnt
|faint|p1a: Keldeo
|
|c|âuhhh o-ok|Youre shit kid
|
|switch|p1a: Celebi|Celebi|404\/404
|turn|36
|
|move|p2a: Altaria|Roost|p2a: Altaria
|-heal|p2a: Altaria|311\/311
|move|p1a: Celebi|Nasty Plot|p1a: Celebi
|-boost|p1a: Celebi|spa|2
|
|turn|37
|
|move|p2a: Altaria|Fire Blast|p1a: Celebi|[miss]
|-miss|p2a: Altaria|p1a: Celebi
|move|p1a: Celebi|Nasty Plot|p1a: Celebi
|-boost|p1a: Celebi|spa|2
|
|turn|38
|c|âKama Sutra|thanks for letting me know
|
|move|p2a: Altaria|Fire Blast|p1a: Celebi
|-supereffective|p1a: Celebi
|-damage|p1a: Celebi|210\/404
|move|p1a: Celebi|Baton Pass|p1a: Celebi
|
|switch|p1a: Manectric|Manectric-Mega, F|281\/281
|-ability|p1a: Manectric|Intimidate|[of] p2a: Altaria
|-unboost|p2a: Altaria|atk|1
|
|turn|39
|
|move|p1a: Manectric|Hidden Power|p2a: Altaria
|-supereffective|p2a: Altaria
|-damage|p2a: Altaria|0 fnt
|faint|p2a: Altaria
|
|c|âuhhh o-ok|Fucking stupid bad kid
|-message|uhhh o-ok forfeited.
|
|win|Kama Sutra
|raw|Ladder updating...
|leave|uhhh o-ok
|raw|Kama Sutra's rating: 1577 &rarr; <strong>1590<\/strong><br \/>(+13 for winning)
|raw|uhhh o-ok's rating: 1458 &rarr; <strong>1445<\/strong><br \/>(-13 for losing)
|player|p2