|join|Reverb
|join|Kama Sutra
|player|p1|Reverb|#reverb
|player|p2|Kama Sutra|79
|gametype|singles
|gen|6
|tier|OU
|rated
|clearpoke
|poke|p1|Landorus, M
|poke|p1|Celebi
|poke|p1|Heatran, M
|poke|p1|Conkeldurr, M
|poke|p1|Azumarill, M
|poke|p1|Metagross
|poke|p2|Altaria, F
|poke|p2|Hydreigon, F
|poke|p2|Latios, M
|poke|p2|Garchomp, M
|poke|p2|Magneton
|poke|p2|Lucario, M
|rule|Swagger Clause: Swagger is banned
|rule|Baton Pass Clause: Limit one PokÃ©mon knowing Baton Pass
|rule|Sleep Clause Mod: Limit one foe put to sleep
|rule|Species Clause: Limit one of each PokÃ©mon
|rule|OHKO Clause: OHKO moves are banned
|rule|Moody Clause: Moody is banned
|rule|Evasion Moves Clause: Evasion moves are banned
|rule|Endless Battle Clause: Forcing endless battles is banned
|rule|HP Percentage Mod: HP is shown in percentages
|teampreview
|join|Demandred
|join|StarkGod
|join|Prankster
|join|Bloodz
|
|start
|switch|p1a: Conkeldurr|Conkeldurr, M|364\/364
|switch|p2a: Garchomp|Garchomp, M|357\/357
|turn|1
|join|oml it's too ez
|join|trinitrotoluene
|
|move|p2a: Garchomp|Stealth Rock|p1a: Conkeldurr
|-sidestart|p1: Reverb|move: Stealth Rock
|move|p1a: Conkeldurr|Ice Punch|p2a: Garchomp
|-supereffective|p2a: Garchomp
|-damage|p2a: Garchomp|0 fnt
|-damage|p1a: Conkeldurr|319\/364|[from] ability: Rough Skin|[of] p2a: Garchomp
|faint|p2a: Garchomp
|
|
|switch|p2a: Altaria|Altaria, F|293\/293
|-ability|p2a: Altaria|Cloud Nine
|turn|2
|join|Time Stall
|
|switch|p1a: Metagross|Metagross|301\/301
|-damage|p1a: Metagross|283\/301|[from] Stealth Rock
|detailschange|p2a: Altaria|Altaria-Mega, F
|-mega|p2a: Altaria|Altaria|Altarianite
|move|p2a: Altaria|Frustration|p1a: Metagross
|-resisted|p1a: Metagross
|-damage|p1a: Metagross|196\/301
|
|turn|3
|join|Tom Bus
|
|switch|p2a: Magneton|Magneton|241\/241
|detailschange|p1a: Metagross|Metagross-Mega
|-mega|p1a: Metagross|Metagross|Metagrossite
|move|p1a: Metagross|Meteor Mash|p2a: Magneton
|-resisted|p2a: Magneton
|-damage|p2a: Magneton|184\/241
|
|turn|4
|
|move|p2a: Magneton|Volt Switch|p1a: Metagross
|-damage|p1a: Metagross|93\/301
|
|switch|p2a: Latios|Latios, M|299\/299
|move|p1a: Metagross|Hammer Arm|p2a: Latios
|-resisted|p2a: Latios
|-damage|p2a: Latios|198\/299
|-unboost|p1a: Metagross|spe|1
|
|turn|5
|
|switch|p2a: Magneton|Magneton|184\/241
|switch|p1a: Celebi|Celebi|404\/404
|-damage|p1a: Celebi|354\/404|[from] Stealth Rock
|
|-heal|p1a: Celebi|379\/404|[from] item: Leftovers
|turn|6
|
|move|p2a: Magneton|Volt Switch|p1a: Celebi
|-resisted|p1a: Celebi
|-damage|p1a: Celebi|338\/404
|
|switch|p2a: Hydreigon|Hydreigon, F|329\/329
|move|p1a: Celebi|Thunder Wave|p2a: Hydreigon
|-status|p2a: Hydreigon|par
|
|-heal|p1a: Celebi|363\/404|[from] item: Leftovers
|turn|7
|
|move|p1a: Celebi|Baton Pass|p1a: Celebi
|
|switch|p1a: Heatran|Heatran, M|385\/385
|-damage|p1a: Heatran|337\/385|[from] Stealth Rock
|move|p2a: Hydreigon|Flash Cannon|p1a: Heatran
|-resisted|p1a: Heatran
|-damage|p1a: Heatran|307\/385
|-damage|p2a: Hydreigon|297\/329 par|[from] item: Life Orb
|
|-heal|p1a: Heatran|331\/385|[from] item: Leftovers
|turn|8
|
|move|p1a: Heatran|Stealth Rock|p2a: Hydreigon
|-sidestart|p2: Kama Sutra|move: Stealth Rock
|move|p2a: Hydreigon|Superpower|p1a: Heatran
|-supereffective|p1a: Heatran
|-damage|p1a: Heatran|84\/385
|-unboost|p2a: Hydreigon|atk|1
|-unboost|p2a: Hydreigon|def|1
|-damage|p2a: Hydreigon|265\/329 par|[from] item: Life Orb
|
|-heal|p1a: Heatran|108\/385|[from] item: Leftovers
|turn|9
|
|move|p1a: Heatran|Lava Plume|p2a: Hydreigon
|-resisted|p2a: Hydreigon
|-damage|p2a: Hydreigon|195\/329 par
|move|p2a: Hydreigon|Flash Cannon|p1a: Heatran
|-resisted|p1a: Heatran
|-damage|p1a: Heatran|77\/385
|-damage|p2a: Hydreigon|163\/329 par|[from] item: Life Orb
|
|-heal|p1a: Heatran|101\/385|[from] item: Leftovers
|turn|10
|join|I Iike Squirtles
|
|move|p1a: Heatran|Lava Plume|p2a: Hydreigon
|-resisted|p2a: Hydreigon
|-damage|p2a: Hydreigon|101\/329 par
|move|p2a: Hydreigon|Dark Pulse|p1a: Heatran
|-damage|p1a: Heatran|0 fnt
|-damage|p2a: Hydreigon|69\/329 par|[from] item: Life Orb
|faint|p1a: Heatran
|
|
|switch|p1a: Landorus|Landorus, M|319\/319
|-damage|p1a: Landorus|280\/319|[from] Stealth Rock
|turn|11
|
|move|p1a: Landorus|Knock Off|p2a: Hydreigon
|-crit|p2a: Hydreigon
|-resisted|p2a: Hydreigon
|-damage|p2a: Hydreigon|0 fnt
|-enditem|p2a: Hydreigon|Life Orb|[from] move: Knock Off|[of] p1a: Landorus
|-damage|p1a: Landorus|249\/319|[from] item: Life Orb
|faint|p2a: Hydreigon
|
|
|switch|p2a: Latios|Latios, M|198\/299
|-damage|p2a: Latios|161\/299|[from] Stealth Rock
|turn|12
|
|switch|p1a: Celebi|Celebi|363\/404
|-damage|p1a: Celebi|313\/404|[from] Stealth Rock
|move|p2a: Latios|Draco Meteor|p1a: Celebi
|-damage|p1a: Celebi|109\/404
|-unboost|p2a: Latios|spa|2
|-damage|p2a: Latios|132\/299|[from] item: Life Orb
|
|-heal|p1a: Celebi|134\/404|[from] item: Leftovers
|turn|13
|join|squirrelll
|
|move|p2a: Latios|Draco Meteor|p1a: Celebi
|-damage|p1a: Celebi|20\/404
|-unboost|p2a: Latios|spa|2
|-damage|p2a: Latios|103\/299|[from] item: Life Orb
|move|p1a: Celebi|Recover|p1a: Celebi
|-heal|p1a: Celebi|222\/404
|
|-heal|p1a: Celebi|247\/404|[from] item: Leftovers
|turn|14
|
|move|p2a: Latios|Tailwind|p2a: Latios
|-sidestart|p2: Kama Sutra|move: Tailwind
|move|p1a: Celebi|Recover|p1a: Celebi
|-heal|p1a: Celebi|404\/404
|
|turn|15
|
|move|p2a: Latios|Draco Meteor|p1a: Celebi
|-damage|p1a: Celebi|333\/404
|-unboost|p2a: Latios|spa|2
|-damage|p2a: Latios|74\/299|[from] item: Life Orb
|move|p1a: Celebi|Thunder Wave|p2a: Latios
|-status|p2a: Latios|par
|
|-heal|p1a: Celebi|358\/404|[from] item: Leftovers
|turn|16
|
|move|p1a: Celebi|Recover|p1a: Celebi
|-heal|p1a: Celebi|404\/404
|move|p2a: Latios|Draco Meteor|p1a: Celebi
|-damage|p1a: Celebi|352\/404
|-damage|p2a: Latios|45\/299 par|[from] item: Life Orb
|
|-heal|p1a: Celebi|377\/404|[from] item: Leftovers
|turn|17
|
|move|p1a: Celebi|Recover|p1a: Celebi
|-heal|p1a: Celebi|404\/404
|move|p2a: Latios|Draco Meteor|p1a: Celebi
|-damage|p1a: Celebi|352\/404
|-damage|p2a: Latios|16\/299 par|[from] item: Life Orb
|
|-heal|p1a: Celebi|377\/404|[from] item: Leftovers
|-sideend|p2: Kama Sutra|move: Tailwind
|turn|18
|
|move|p1a: Celebi|Giga Drain|p2a: Latios
|-crit|p2a: Latios
|-resisted|p2a: Latios
|-damage|p2a: Latios|0 fnt
|-heal|p1a: Celebi|385\/404|[from] drain|[of] p2a: Latios
|faint|p2a: Latios
|
|-heal|p1a: Celebi|404\/404|[from] item: Leftovers
|
|switch|p2a: Altaria|Altaria-Mega, F|293\/293
|-damage|p2a: Altaria|257\/293|[from] Stealth Rock
|turn|19
|
|move|p2a: Altaria|Dragon Dance|p2a: Altaria
|-boost|p2a: Altaria|atk|1
|-boost|p2a: Altaria|spe|1
|move|p1a: Celebi|Thunder Wave|p2a: Altaria
|-status|p2a: Altaria|par
|
|turn|20
|join|asdfCookie
|
|move|p1a: Celebi|Baton Pass|p1a: Celebi
|
|switch|p1a: Metagross|Metagross-Mega|93\/301
|-damage|p1a: Metagross|75\/301|[from] Stealth Rock
|move|p2a: Altaria|Frustration|p1a: Metagross
|-resisted|p1a: Metagross
|-damage|p1a: Metagross|0 fnt
|faint|p1a: Metagross
|
|
|switch|p1a: Azumarill|Azumarill, M|372\/372
|-damage|p1a: Azumarill|326\/372|[from] Stealth Rock
|turn|21
|join|BabyDickBandit
|
|move|p1a: Azumarill|Play Rough|p2a: Altaria
|-supereffective|p2a: Altaria
|-damage|p2a: Altaria|0 fnt
|faint|p2a: Altaria
|
|
|switch|p2a: Magneton|Magneton|184\/241
|-damage|p2a: Magneton|169\/241|[from] Stealth Rock
|turn|22
|
|switch|p1a: Celebi|Celebi|404\/404
|-damage|p1a: Celebi|354\/404|[from] Stealth Rock
|move|p2a: Magneton|Volt Switch|p1a: Celebi
|-crit|p1a: Celebi
|-resisted|p1a: Celebi
|-damage|p1a: Celebi|285\/404
|
|switch|p2a: Lucario|Lucario, M|279\/279
|-damage|p2a: Lucario|271\/279|[from] Stealth Rock
|
|-heal|p1a: Celebi|310\/404|[from] item: Leftovers
|turn|23
|
|move|p2a: Lucario|Swords Dance|p2a: Lucario
|-boost|p2a: Lucario|atk|2
|move|p1a: Celebi|Thunder Wave|p2a: Lucario
|-status|p2a: Lucario|par
|
|-heal|p1a: Celebi|335\/404|[from] item: Leftovers
|turn|24
|
|move|p1a: Celebi|Giga Drain|p2a: Lucario
|-resisted|p2a: Lucario
|-damage|p2a: Lucario|208\/279 par
|-heal|p1a: Celebi|367\/404|[from] drain|[of] p2a: Lucario
|move|p2a: Lucario|Swords Dance|p2a: Lucario
|-boost|p2a: Lucario|atk|2
|
|-heal|p1a: Celebi|392\/404|[from] item: Leftovers
|turn|25
|
|move|p1a: Celebi|Giga Drain|p2a: Lucario
|-resisted|p2a: Lucario
|-damage|p2a: Lucario|151\/279 par
|-heal|p1a: Celebi|404\/404|[from] drain|[of] p2a: Lucario
|cant|p2a: Lucario|par
|
|turn|26
|
|move|p2a: Lucario|Extreme Speed|p1a: Celebi
|-damage|p1a: Celebi|45\/404
|-damage|p2a: Lucario|124\/279 par|[from] item: Life Orb
|move|p1a: Celebi|Giga Drain|p2a: Lucario
|-resisted|p2a: Lucario
|-damage|p2a: Lucario|65\/279 par
|-heal|p1a: Celebi|75\/404|[from] drain|[of] p2a: Lucario
|
|-heal|p1a: Celebi|100\/404|[from] item: Leftovers
|turn|27
|
|move|p2a: Lucario|Extreme Speed|p1a: Celebi
|-damage|p1a: Celebi|0 fnt
|-damage|p2a: Lucario|38\/279 par|[from] item: Life Orb
|faint|p1a: Celebi
|
|join|thepack
|
|switch|p1a: Azumarill|Azumarill, M|326\/372
|-damage|p1a: Azumarill|280\/372|[from] Stealth Rock
|turn|28
|
|move|p2a: Lucario|Extreme Speed|p1a: Azumarill
|-damage|p1a: Azumarill|0 fnt
|-damage|p2a: Lucario|11\/279 par|[from] item: Life Orb
|faint|p1a: Azumarill
|
|join|Void
|
|switch|p1a: Landorus|Landorus, M|249\/319
|-damage|p1a: Landorus|210\/319|[from] Stealth Rock
|turn|29
|c|âKama Sutra|that para sucked :\/
|join|JSanchzz26
|
|move|p2a: Lucario|Extreme Speed|p1a: Landorus
|-damage|p1a: Landorus|0 fnt
|-damage|p2a: Lucario|0 fnt|[from] item: Life Orb
|faint|p1a: Landorus
|faint|p2a: Lucario
|
|c|âReverb|i mean
|c|âKama Sutra|gg
|c|âReverb|1 para in 5 turns
|c|âReverb|is p likely
|
|switch|p2a: Magneton|Magneton|169\/241
|switch|p1a: Conkeldurr|Conkeldurr, M|319\/364
|-damage|p2a: Magneton|154\/241|[from] Stealth Rock
|-damage|p1a: Conkeldurr|297\/364|[from] Stealth Rock
|turn|30
|c|âReverb|you needed 5 turns w\/o para
|c|âReverb|gg
|
|move|p1a: Conkeldurr|Mach Punch|p2a: Magneton
|-supereffective|p2a: Magneton
|-damage|p2a: Magneton|0 fnt
|faint|p2a: Magneton
|
|win|Reverb
|raw|Ladder updating...
|leave|Bloodz
|raw|Reverb's rating: 1715 &rarr; <strong>1728<\/strong><br \/>(+13 for winning)
|raw|Kama Sutra's rating: 1596 &rarr; <strong>1583<\/strong><br \/>(-13 for losing)
|leave|Kama Sutra
|player|p2
|c| Void|yea it's more likely that you would get a para in 5 turns than now