|join|JiaShengz
|join|Kama Sutra
|player|p1|JiaShengz|102
|player|p2|Kama Sutra|79
|gametype|singles
|gen|6
|tier|OU
|rated
|clearpoke
|poke|p1|Chansey, F
|poke|p1|Gliscor, M
|poke|p1|Sableye, F
|poke|p1|Tentacruel, F
|poke|p1|Skarmory, F
|poke|p1|Clefable, M
|poke|p2|Volcarona, M
|poke|p2|Sableye, F
|poke|p2|Clefable, F
|poke|p2|Tangrowth, M
|poke|p2|Rhyperior, M
|poke|p2|Latias, F
|rule|Swagger Clause: Swagger is banned
|rule|Baton Pass Clause: Limit one PokÃ©mon knowing Baton Pass
|rule|Sleep Clause Mod: Limit one foe put to sleep
|rule|Species Clause: Limit one of each PokÃ©mon
|rule|OHKO Clause: OHKO moves are banned
|rule|Moody Clause: Moody is banned
|rule|Evasion Moves Clause: Evasion moves are banned
|rule|Endless Battle Clause: Forcing endless battles is banned
|rule|HP Percentage Mod: HP is shown in percentages
|teampreview
|
|start
|switch|p1a: Tentacruel|Tentacruel, F|363\/363
|switch|p2a: Volcarona|Volcarona, M|334\/334
|turn|1
|
|switch|p2a: Latias|Latias, F|321\/321
|move|p1a: Tentacruel|Toxic Spikes|p2a: Latias
|-sidestart|p2: Kama Sutra|move: Toxic Spikes
|
|turn|2
|
|switch|p1a: Gliscor|Gliscor, M|354\/354
|move|p2a: Latias|Defog|p1a: Gliscor
|-unboost|p1a: Gliscor|evasion|1
|-sideend|p2: Kama Sutra|Toxic Spikes|[from] move: Defog|[of] p2a: Latias
|
|-status|p1a: Gliscor|tox|[from] item: Toxic Orb
|turn|3
|
|switch|p1a: Tentacruel|Tentacruel, F|363\/363
|move|p2a: Latias|Draco Meteor|p1a: Tentacruel
|-damage|p1a: Tentacruel|139\/363
|-unboost|p2a: Latias|spa|2
|-damage|p2a: Latias|289\/321|[from] item: Life Orb
|
|-heal|p1a: Tentacruel|161\/363|[from] item: Black Sludge
|turn|4
|
|switch|p1a: Sableye|Sableye, F|304\/304
|move|p2a: Latias|Psyshock|p1a: Sableye
|-immune|p1a: Sableye|[msg]
|
|turn|5
|
|switch|p2a: Volcarona|Volcarona, M|334\/334
|switch|p1a: Chansey|Chansey, F|703\/703
|
|turn|6
|
|switch|p2a: Rhyperior|Rhyperior, M|424\/424
|move|p1a: Chansey|Wish|p1a: Chansey
|
|turn|7
|
|switch|p1a: Sableye|Sableye, F|304\/304
|move|p2a: Rhyperior|Stealth Rock|p1a: Sableye
|-sidestart|p1: JiaShengz|move: Stealth Rock
|
|turn|8
|
|switch|p2a: Volcarona|Volcarona, M|334\/334
|detailschange|p1a: Sableye|Sableye-Mega, F
|-mega|p1a: Sableye|Sableye|Sablenite
|move|p1a: Sableye|Knock Off|p2a: Volcarona
|-damage|p2a: Volcarona|184\/334
|-enditem|p2a: Volcarona|Lum Berry|[from] move: Knock Off|[of] p1a: Sableye
|
|turn|9
|
|switch|p2a: Sableye|Sableye, F|303\/303
|switch|p1a: Clefable|Clefable, M|394\/394
|-damage|p1a: Clefable|345\/394|[from] Stealth Rock
|
|-heal|p1a: Clefable|369\/394|[from] item: Leftovers
|turn|10
|
|switch|p2a: Volcarona|Volcarona, M|184\/334
|move|p1a: Clefable|Wish|p1a: Clefable
|
|-heal|p1a: Clefable|393\/394|[from] item: Leftovers
|turn|11
|
|move|p2a: Volcarona|Hidden Power|p1a: Clefable
|-damage|p1a: Clefable|304\/394
|move|p1a: Clefable|Calm Mind|p1a: Clefable
|-boost|p1a: Clefable|spa|1
|-boost|p1a: Clefable|spd|1
|
|-heal|p1a: Clefable|394\/394|[from] move: Wish|[wisher] Clefable
|turn|12
|
|switch|p2a: Rhyperior|Rhyperior, M|424\/424
|move|p1a: Clefable|Calm Mind|p1a: Clefable
|-boost|p1a: Clefable|spa|1
|-boost|p1a: Clefable|spd|1
|
|turn|13
|
|move|p1a: Clefable|Moonblast|p2a: Rhyperior
|-damage|p2a: Rhyperior|57\/424
|move|p2a: Rhyperior|Toxic|p1a: Clefable
|-status|p1a: Clefable|tox
|
|-heal|p2a: Rhyperior|83\/424|[from] item: Leftovers
|-damage|p1a: Clefable|370\/394 tox|[from] psn
|turn|14
|
|switch|p2a: Tangrowth|Tangrowth, M|404\/404
|move|p1a: Clefable|Moonblast|p2a: Tangrowth
|-damage|p2a: Tangrowth|250\/404
|-unboost|p2a: Tangrowth|spa|1
|
|-heal|p1a: Clefable|394\/394 tox|[from] item: Leftovers
|-damage|p1a: Clefable|346\/394 tox|[from] psn
|turn|15
|
|move|p1a: Clefable|Moonblast|p2a: Tangrowth
|-damage|p2a: Tangrowth|106\/404
|-unboost|p2a: Tangrowth|spa|1
|move|p2a: Tangrowth|Knock Off|p1a: Clefable
|-resisted|p1a: Clefable
|-damage|p1a: Clefable|314\/394 tox
|-enditem|p1a: Clefable|Leftovers|[from] move: Knock Off|[of] p2a: Tangrowth
|
|-damage|p1a: Clefable|242\/394 tox|[from] psn
|turn|16
|
|switch|p2a: Volcarona|Volcarona, M|184\/334
|move|p1a: Clefable|Moonblast|p2a: Volcarona
|-resisted|p2a: Volcarona
|-damage|p2a: Volcarona|90\/334
|
|-damage|p1a: Clefable|146\/394 tox|[from] psn
|turn|17
|
|move|p2a: Volcarona|Fiery Dance|p1a: Clefable
|-damage|p1a: Clefable|64\/394 tox
|move|p1a: Clefable|Wish|p1a: Clefable
|
|-damage|p1a: Clefable|0 fnt|[from] psn
|faint|p1a: Clefable
|
|switch|p1a: Skarmory|Skarmory, F|334\/334
|-damage|p1a: Skarmory|293\/334|[from] Stealth Rock
|turn|18
|
|switch|p1a: Tentacruel|Tentacruel, F|161\/363
|-damage|p1a: Tentacruel|116\/363|[from] Stealth Rock
|move|p2a: Volcarona|Hidden Power|p1a: Tentacruel
|-supereffective|p1a: Tentacruel
|-damage|p1a: Tentacruel|0 fnt
|faint|p1a: Tentacruel
|
|c|âJiaShengz|niceeee
|
|switch|p1a: Chansey|Chansey, F|703\/703
|-damage|p1a: Chansey|616\/703|[from] Stealth Rock
|turn|19
|
|switch|p2a: Rhyperior|Rhyperior, M|83\/424
|move|p1a: Chansey|Seismic Toss|p2a: Rhyperior
|-damage|p2a: Rhyperior|0 fnt
|faint|p2a: Rhyperior
|
|
|switch|p2a: Sableye|Sableye, F|303\/303
|turn|20
|
|switch|p1a: Sableye|Sableye-Mega, F|304\/304
|-damage|p1a: Sableye|266\/304|[from] Stealth Rock
|detailschange|p2a: Sableye|Sableye-Mega, F
|-mega|p2a: Sableye|Sableye|Sablenite
|move|p2a: Sableye|Calm Mind|p2a: Sableye
|-boost|p2a: Sableye|spa|1
|-boost|p2a: Sableye|spd|1
|
|turn|21
|
|move|p2a: Sableye|Calm Mind|p2a: Sableye
|-boost|p2a: Sableye|spa|1
|-boost|p2a: Sableye|spd|1
|move|p1a: Sableye|Knock Off|p2a: Sableye
|-damage|p2a: Sableye|258\/303
|
|turn|22
|
|switch|p1a: Gliscor|Gliscor, M|354\/354 tox
|-damage|p1a: Gliscor|310\/354 tox|[from] Stealth Rock
|move|p2a: Sableye|Calm Mind|p2a: Sableye
|-boost|p2a: Sableye|spa|1
|-boost|p2a: Sableye|spd|1
|
|-heal|p1a: Gliscor|354\/354 tox|[from] ability: Poison Heal
|turn|23
|
|move|p1a: Gliscor|Earthquake|p2a: Sableye
|-damage|p2a: Sableye|192\/303
|move|p2a: Sableye|Snarl|p1a: Gliscor
|-damage|p1a: Gliscor|227\/354 tox
|-unboost|p1a: Gliscor|spa|1
|
|-heal|p1a: Gliscor|271\/354 tox|[from] ability: Poison Heal
|turn|24
|
|move|p1a: Gliscor|Earthquake|p2a: Sableye
|-damage|p2a: Sableye|119\/303
|move|p2a: Sableye|Recover|p2a: Sableye
|-heal|p2a: Sableye|271\/303
|
|-heal|p1a: Gliscor|315\/354 tox|[from] ability: Poison Heal
|turn|25
|
|move|p1a: Gliscor|Earthquake|p2a: Sableye
|-damage|p2a: Sableye|198\/303
|move|p2a: Sableye|Calm Mind|p2a: Sableye
|-boost|p2a: Sableye|spa|1
|-boost|p2a: Sableye|spd|1
|
|-heal|p1a: Gliscor|354\/354 tox|[from] ability: Poison Heal
|turn|26
|
|move|p1a: Gliscor|Earthquake|p2a: Sableye
|-damage|p2a: Sableye|128\/303
|move|p2a: Sableye|Recover|p2a: Sableye
|-heal|p2a: Sableye|280\/303
|
|turn|27
|
|move|p1a: Gliscor|Earthquake|p2a: Sableye
|-damage|p2a: Sableye|207\/303
|move|p2a: Sableye|Calm Mind|p2a: Sableye
|-boost|p2a: Sableye|spa|1
|-boost|p2a: Sableye|spd|1
|
|turn|28
|
|move|p1a: Gliscor|Earthquake|p2a: Sableye
|-damage|p2a: Sableye|138\/303
|move|p2a: Sableye|Recover|p2a: Sableye
|-heal|p2a: Sableye|290\/303
|
|turn|29
|
|move|p1a: Gliscor|Earthquake|p2a: Sableye
|-damage|p2a: Sableye|221\/303
|move|p2a: Sableye|Calm Mind|p2a: Sableye
|-boost|p2a: Sableye|spa|1
|-boost|p2a: Sableye|spd|1
|
|turn|30
|
|move|p1a: Gliscor|Roost|p1a: Gliscor
|-fail|p1a: Gliscor
|move|p2a: Sableye|Recover|p2a: Sableye
|-heal|p2a: Sableye|303\/303
|
|turn|31
|
|move|p1a: Gliscor|Knock Off|p2a: Sableye
|-damage|p2a: Sableye|271\/303
|move|p2a: Sableye|Snarl|p1a: Gliscor
|-damage|p1a: Gliscor|168\/354 tox
|-unboost|p1a: Gliscor|spa|1
|
|-heal|p1a: Gliscor|212\/354 tox|[from] ability: Poison Heal
|turn|32
|
|move|p1a: Gliscor|Knock Off|p2a: Sableye
|-damage|p2a: Sableye|241\/303
|move|p2a: Sableye|Snarl|p1a: Gliscor
|-damage|p1a: Gliscor|29\/354 tox
|-unboost|p1a: Gliscor|spa|1
|
|-heal|p1a: Gliscor|73\/354 tox|[from] ability: Poison Heal
|turn|33
|
|move|p1a: Gliscor|Roost|p1a: Gliscor
|-heal|p1a: Gliscor|250\/354 tox
|move|p2a: Sableye|Snarl|p1a: Gliscor
|-damage|p1a: Gliscor|69\/354 tox
|-unboost|p1a: Gliscor|spa|1
|
|-heal|p1a: Gliscor|113\/354 tox|[from] ability: Poison Heal
|turn|34
|
|move|p1a: Gliscor|Roost|p1a: Gliscor
|-heal|p1a: Gliscor|290\/354 tox
|move|p2a: Sableye|Snarl|p1a: Gliscor
|-miss|p2a: Sableye|p1a: Gliscor
|
|-heal|p1a: Gliscor|334\/354 tox|[from] ability: Poison Heal
|turn|35
|
|switch|p1a: Chansey|Chansey, F|616\/703
|-damage|p1a: Chansey|529\/703|[from] Stealth Rock
|move|p2a: Sableye|Snarl|p1a: Chansey
|-damage|p1a: Chansey|373\/703
|-unboost|p1a: Chansey|spa|1
|
|turn|36
|
|move|p1a: Chansey|Soft-Boiled|p1a: Chansey
|-heal|p1a: Chansey|703\/703
|move|p2a: Sableye|Will-O-Wisp|p1a: Chansey
|-status|p1a: Chansey|brn
|
|-damage|p1a: Chansey|616\/703 brn|[from] brn
|turn|37
|
|move|p1a: Chansey|Wish|p1a: Chansey
|move|p2a: Sableye|Snarl|p1a: Chansey
|-damage|p1a: Chansey|460\/703 brn
|-unboost|p1a: Chansey|spa|1
|
|-damage|p1a: Chansey|373\/703 brn|[from] brn
|turn|38
|
|move|p1a: Chansey|Heal Bell|p1a: Chansey
|-cureteam|p1a: Chansey|[from] move: HealBell
|move|p2a: Sableye|Calm Mind|p2a: Sableye
|-fail|p2a: Sableye
|
|-heal|p1a: Chansey|703\/703|[from] move: Wish|[wisher] Chansey
|turn|39
|
|move|p1a: Chansey|Wish|p1a: Chansey
|move|p2a: Sableye|Will-O-Wisp|p1a: Chansey
|-status|p1a: Chansey|brn
|
|-damage|p1a: Chansey|616\/703 brn|[from] brn
|turn|40
|
|switch|p1a: Gliscor|Gliscor, M|334\/354
|-damage|p1a: Gliscor|290\/354|[from] Stealth Rock
|switch|p2a: Clefable|Clefable, F|394\/394
|
|-heal|p1a: Gliscor|354\/354|[from] move: Wish|[wisher] Chansey
|-status|p1a: Gliscor|tox|[from] item: Toxic Orb
|turn|41
|
|move|p1a: Gliscor|Knock Off|p2a: Clefable
|-resisted|p2a: Clefable
|-damage|p2a: Clefable|363\/394
|-enditem|p2a: Clefable|Leftovers|[from] move: Knock Off|[of] p1a: Gliscor
|move|p2a: Clefable|Calm Mind|p2a: Clefable
|-boost|p2a: Clefable|spa|1
|-boost|p2a: Clefable|spd|1
|
|turn|42
|
|move|p1a: Gliscor|Taunt|p2a: Clefable
|-start|p2a: Clefable|move: Taunt
|cant|p2a: Clefable|move: Taunt|Calm Mind
|
|turn|43
|
|move|p1a: Gliscor|Earthquake|p2a: Clefable
|-damage|p2a: Clefable|263\/394
|move|p2a: Clefable|Moonblast|p1a: Gliscor
|-damage|p1a: Gliscor|209\/354 tox
|
|-heal|p1a: Gliscor|253\/354 tox|[from] ability: Poison Heal
|turn|44
|
|move|p1a: Gliscor|Earthquake|p2a: Clefable
|-damage|p2a: Clefable|161\/394
|move|p2a: Clefable|Moonblast|p1a: Gliscor
|-damage|p1a: Gliscor|106\/354 tox
|-unboost|p1a: Gliscor|spa|1
|
|-heal|p1a: Gliscor|150\/354 tox|[from] ability: Poison Heal
|-end|p2a: Clefable|move: Taunt
|turn|45
|
|move|p1a: Gliscor|Roost|p1a: Gliscor
|-heal|p1a: Gliscor|327\/354 tox
|move|p2a: Clefable|Moonblast|p1a: Gliscor
|-damage|p1a: Gliscor|189\/354 tox
|
|-heal|p1a: Gliscor|233\/354 tox|[from] ability: Poison Heal
|turn|46
|
|move|p1a: Gliscor|Taunt|p2a: Clefable
|-start|p2a: Clefable|move: Taunt
|move|p2a: Clefable|Moonblast|p1a: Gliscor
|-damage|p1a: Gliscor|85\/354 tox
|
|-heal|p1a: Gliscor|129\/354 tox|[from] ability: Poison Heal
|turn|47
|
|move|p1a: Gliscor|Roost|p1a: Gliscor
|-heal|p1a: Gliscor|306\/354 tox
|move|p2a: Clefable|Moonblast|p1a: Gliscor
|-damage|p1a: Gliscor|164\/354 tox
|
|-heal|p1a: Gliscor|208\/354 tox|[from] ability: Poison Heal
|turn|48
|
|switch|p2a: Latias|Latias, F|289\/321
|move|p1a: Gliscor|Earthquake|p2a: Latias
|-immune|p2a: Latias|[msg]
|
|-heal|p1a: Gliscor|252\/354 tox|[from] ability: Poison Heal
|turn|49
|
|move|p2a: Latias|Psyshock|p1a: Gliscor
|-damage|p1a: Gliscor|123\/354 tox
|-damage|p2a: Latias|257\/321|[from] item: Life Orb
|move|p1a: Gliscor|Knock Off|p2a: Latias
|-crit|p2a: Latias
|-supereffective|p2a: Latias
|-damage|p2a: Latias|23\/321
|-enditem|p2a: Latias|Life Orb|[from] move: Knock Off|[of] p1a: Gliscor
|
|-heal|p1a: Gliscor|167\/354 tox|[from] ability: Poison Heal
|turn|50
|
|move|p2a: Latias|Draco Meteor|p1a: Gliscor
|-damage|p1a: Gliscor|1\/354 tox
|-unboost|p2a: Latias|spa|2
|move|p1a: Gliscor|Roost|p1a: Gliscor
|-heal|p1a: Gliscor|178\/354 tox
|
|-heal|p1a: Gliscor|222\/354 tox|[from] ability: Poison Heal
|turn|51
|c|âKama Sutra|wow that was lucky
|
|move|p2a: Latias|Recover|p2a: Latias
|-heal|p2a: Latias|184\/321
|move|p1a: Gliscor|Knock Off|p2a: Latias
|-supereffective|p2a: Latias
|-damage|p2a: Latias|82\/321
|
|-heal|p1a: Gliscor|266\/354 tox|[from] ability: Poison Heal
|turn|52
|
|move|p2a: Latias|Recover|p2a: Latias
|-heal|p2a: Latias|243\/321
|move|p1a: Gliscor|Taunt|p2a: Latias
|-start|p2a: Latias|move: Taunt
|
|-heal|p1a: Gliscor|310\/354 tox|[from] ability: Poison Heal
|turn|53
|c|âJiaShengz|yup sorry
|
|switch|p2a: Sableye|Sableye-Mega, F|241\/303
|move|p1a: Gliscor|Knock Off|p2a: Sableye
|-damage|p2a: Sableye|211\/303
|
|-heal|p1a: Gliscor|354\/354 tox|[from] ability: Poison Heal
|turn|54
|
|move|p1a: Gliscor|Knock Off|p2a: Sableye
|-damage|p2a: Sableye|180\/303
|move|p2a: Sableye|Recover|p2a: Sableye
|-heal|p2a: Sableye|303\/303
|
|turn|55
|
|switch|p2a: Latias|Latias, F|243\/321
|move|p1a: Gliscor|Knock Off|p2a: Latias
|-supereffective|p2a: Latias
|-damage|p2a: Latias|137\/321
|
|turn|56
|
|move|p2a: Latias|Recover|p2a: Latias
|-heal|p2a: Latias|298\/321
|move|p1a: Gliscor|Knock Off|p2a: Latias
|-supereffective|p2a: Latias
|-damage|p2a: Latias|186\/321
|
|turn|57
|
|move|p2a: Latias|Recover|p2a: Latias
|-heal|p2a: Latias|321\/321
|move|p1a: Gliscor|Knock Off|p2a: Latias
|-supereffective|p2a: Latias
|-damage|p2a: Latias|219\/321
|
|turn|58
|
|move|p2a: Latias|Draco Meteor|p1a: Gliscor
|-damage|p1a: Gliscor|188\/354 tox
|-unboost|p2a: Latias|spa|2
|move|p1a: Gliscor|Knock Off|p2a: Latias
|-crit|p2a: Latias
|-supereffective|p2a: Latias
|-damage|p2a: Latias|53\/321
|
|-heal|p1a: Gliscor|232\/354 tox|[from] ability: Poison Heal
|turn|59
|
|move|p2a: Latias|Recover|p2a: Latias
|-heal|p2a: Latias|214\/321
|move|p1a: Gliscor|Knock Off|p2a: Latias
|-supereffective|p2a: Latias
|-damage|p2a: Latias|114\/321
|
|-heal|p1a: Gliscor|276\/354 tox|[from] ability: Poison Heal
|turn|60
|
|move|p2a: Latias|Recover|p2a: Latias
|-heal|p2a: Latias|275\/321
|move|p1a: Gliscor|Knock Off|p2a: Latias
|-supereffective|p2a: Latias
|-damage|p2a: Latias|165\/321
|
|-heal|p1a: Gliscor|320\/354 tox|[from] ability: Poison Heal
|turn|61
|
|switch|p2a: Sableye|Sableye-Mega, F|303\/303
|move|p1a: Gliscor|Knock Off|p2a: Sableye
|-damage|p2a: Sableye|274\/303
|
|-heal|p1a: Gliscor|354\/354 tox|[from] ability: Poison Heal
|turn|62
|
|switch|p2a: Tangrowth|Tangrowth, M|240\/404
|move|p1a: Gliscor|Earthquake|p2a: Tangrowth
|-crit|p2a: Tangrowth
|-resisted|p2a: Tangrowth
|-damage|p2a: Tangrowth|166\/404
|
|turn|63
|
|move|p1a: Gliscor|Knock Off|p2a: Tangrowth
|-damage|p2a: Tangrowth|106\/404
|-enditem|p2a: Tangrowth|Assault Vest|[from] move: Knock Off|[of] p1a: Gliscor
|move|p2a: Tangrowth|Hidden Power|p1a: Gliscor
|-supereffective|p1a: Gliscor
|-damage|p1a: Gliscor|186\/354 tox
|
|-heal|p1a: Gliscor|230\/354 tox|[from] ability: Poison Heal
|turn|64
|
|move|p1a: Gliscor|Knock Off|p2a: Tangrowth
|-damage|p2a: Tangrowth|66\/404
|move|p2a: Tangrowth|Knock Off|p1a: Gliscor
|-damage|p1a: Gliscor|166\/354 tox
|-enditem|p1a: Gliscor|Toxic Orb|[from] move: Knock Off|[of] p2a: Tangrowth
|
|-heal|p1a: Gliscor|210\/354 tox|[from] ability: Poison Heal
|turn|65
|
|move|p1a: Gliscor|Knock Off|p2a: Tangrowth
|-damage|p2a: Tangrowth|24\/404
|move|p2a: Tangrowth|Hidden Power|p1a: Gliscor
|-supereffective|p1a: Gliscor
|-damage|p1a: Gliscor|30\/354 tox
|
|-heal|p1a: Gliscor|74\/354 tox|[from] ability: Poison Heal
|turn|66
|
|move|p1a: Gliscor|Roost|p1a: Gliscor
|-heal|p1a: Gliscor|251\/354 tox
|move|p2a: Tangrowth|Leaf Storm|p1a: Gliscor|[miss]
|-miss|p2a: Tangrowth|p1a: Gliscor
|
|-heal|p1a: Gliscor|295\/354 tox|[from] ability: Poison Heal
|turn|67
|c|âKama Sutra|omg
|
|switch|p2a: Sableye|Sableye-Mega, F|274\/303
|move|p1a: Gliscor|Knock Off|p2a: Sableye
|-damage|p2a: Sableye|243\/303
|
|-heal|p1a: Gliscor|339\/354 tox|[from] ability: Poison Heal
|turn|68
|c|âKama Sutra|this is just so annoying
|
|switch|p1a: Chansey|Chansey, F|616\/703
|-damage|p1a: Chansey|529\/703|[from] Stealth Rock
|move|p2a: Sableye|Calm Mind|p2a: Sableye
|-boost|p2a: Sableye|spa|1
|-boost|p2a: Sableye|spd|1
|
|turn|69
|c|âKama Sutra|that's like the 3rd time gliscor should have been dead
|
|switch|p1a: Sableye|Sableye-Mega, F|266\/304
|-damage|p1a: Sableye|228\/304|[from] Stealth Rock
|move|p2a: Sableye|Will-O-Wisp|p1a: Sableye
|move|p1a: Sableye|Will-O-Wisp|p2a: Sableye|[from]Magic Bounce
|-status|p2a: Sableye|brn
|
|-damage|p2a: Sableye|206\/303 brn|[from] brn
|turn|70
|
|move|p2a: Sableye|Snarl|p1a: Sableye
|-damage|p1a: Sableye|153\/304
|-unboost|p1a: Sableye|spa|1
|move|p1a: Sableye|Recover|p1a: Sableye
|-heal|p1a: Sableye|304\/304
|
|-damage|p2a: Sableye|169\/303 brn|[from] brn
|turn|71
|
|move|p2a: Sableye|Recover|p2a: Sableye
|-heal|p2a: Sableye|303\/303 brn
|move|p1a: Sableye|Knock Off|p2a: Sableye
|-damage|p2a: Sableye|260\/303 brn
|
|-damage|p2a: Sableye|223\/303 brn|[from] brn
|turn|72
|
|move|p2a: Sableye|Calm Mind|p2a: Sableye
|-boost|p2a: Sableye|spa|1
|-boost|p2a: Sableye|spd|1
|move|p1a: Sableye|Knock Off|p2a: Sableye
|-damage|p2a: Sableye|183\/303 brn
|
|-damage|p2a: Sableye|146\/303 brn|[from] brn
|turn|73
|
|move|p2a: Sableye|Calm Mind|p2a: Sableye
|-boost|p2a: Sableye|spa|1
|-boost|p2a: Sableye|spd|1
|move|p1a: Sableye|Knock Off|p2a: Sableye
|-damage|p2a: Sableye|107\/303 brn
|
|-damage|p2a: Sableye|70\/303 brn|[from] brn
|turn|74
|
|move|p2a: Sableye|Recover|p2a: Sableye
|-heal|p2a: Sableye|222\/303 brn
|move|p1a: Sableye|Knock Off|p2a: Sableye
|-damage|p2a: Sableye|182\/303 brn
|
|-damage|p2a: Sableye|145\/303 brn|[from] brn
|turn|75
|
|move|p2a: Sableye|Snarl|p1a: Sableye
|-damage|p1a: Sableye|174\/304
|-unboost|p1a: Sableye|spa|1
|move|p1a: Sableye|Knock Off|p2a: Sableye
|-damage|p2a: Sableye|100\/303 brn
|
|-damage|p2a: Sableye|63\/303 brn|[from] brn
|turn|76
|
|move|p2a: Sableye|Recover|p2a: Sableye
|-heal|p2a: Sableye|215\/303 brn
|move|p1a: Sableye|Recover|p1a: Sableye
|-heal|p1a: Sableye|304\/304
|
|-damage|p2a: Sableye|178\/303 brn|[from] brn
|turn|77
|
|move|p2a: Sableye|Calm Mind|p2a: Sableye
|-boost|p2a: Sableye|spa|1
|-boost|p2a: Sableye|spd|1
|move|p1a: Sableye|Knock Off|p2a: Sableye
|-damage|p2a: Sableye|135\/303 brn
|
|-damage|p2a: Sableye|98\/303 brn|[from] brn
|turn|78
|
|switch|p1a: Chansey|Chansey, F|529\/703
|-damage|p1a: Chansey|442\/703|[from] Stealth Rock
|move|p2a: Sableye|Recover|p2a: Sableye
|-heal|p2a: Sableye|250\/303 brn
|
|-damage|p2a: Sableye|213\/303 brn|[from] brn
|turn|79
|
|move|p1a: Chansey|Soft-Boiled|p1a: Chansey
|-heal|p1a: Chansey|703\/703
|move|p2a: Sableye|Snarl|p1a: Chansey
|-damage|p1a: Chansey|598\/703
|-unboost|p1a: Chansey|spa|1
|
|-damage|p2a: Sableye|176\/303 brn|[from] brn
|turn|80
|
|move|p1a: Chansey|Wish|p1a: Chansey
|move|p2a: Sableye|Recover|p2a: Sableye
|-heal|p2a: Sableye|303\/303 brn
|
|-damage|p2a: Sableye|266\/303 brn|[from] brn
|turn|81
|c|âKama Sutra|wish softboiled
|
|move|p1a: Chansey|Seismic Toss|p2a: Sableye
|-immune|p2a: Sableye|[msg]
|move|p2a: Sableye|Calm Mind|p2a: Sableye
|-boost|p2a: Sableye|spa|1
|-boost|p2a: Sableye|spd|1
|
|-heal|p1a: Chansey|703\/703|[from] move: Wish|[wisher] Chansey
|-damage|p2a: Sableye|229\/303 brn|[from] brn
|turn|82
|
|move|p1a: Chansey|Seismic Toss|p2a: Sableye
|-immune|p2a: Sableye|[msg]
|move|p2a: Sableye|Calm Mind|p2a: Sableye
|-boost|p2a: Sableye|spa|1
|-boost|p2a: Sableye|spd|1
|
|-damage|p2a: Sableye|192\/303 brn|[from] brn
|turn|83
|
|move|p1a: Chansey|Seismic Toss|p2a: Sableye
|-immune|p2a: Sableye|[msg]
|move|p2a: Sableye|Will-O-Wisp|p1a: Chansey
|-status|p1a: Chansey|brn
|
|-damage|p1a: Chansey|616\/703 brn|[from] brn
|-damage|p2a: Sableye|155\/303 brn|[from] brn
|turn|84
|
|move|p1a: Chansey|Wish|p1a: Chansey
|move|p2a: Sableye|Snarl|p1a: Chansey
|-damage|p1a: Chansey|475\/703 brn
|-unboost|p1a: Chansey|spa|1
|
|-damage|p1a: Chansey|388\/703 brn|[from] brn
|-damage|p2a: Sableye|118\/303 brn|[from] brn
|turn|85
|
|move|p1a: Chansey|Seismic Toss|p2a: Sableye
|-immune|p2a: Sableye|[msg]
|move|p2a: Sableye|Recover|p2a: Sableye
|-heal|p2a: Sableye|270\/303 brn
|
|-heal|p1a: Chansey|703\/703 brn|[from] move: Wish|[wisher] Chansey
|-damage|p1a: Chansey|616\/703 brn|[from] brn
|-damage|p2a: Sableye|233\/303 brn|[from] brn
|turn|86
|
|switch|p2a: Clefable|Clefable, F|161\/394
|move|p1a: Chansey|Wish|p1a: Chansey
|
|-damage|p1a: Chansey|529\/703 brn|[from] brn
|turn|87
|
|switch|p1a: Gliscor|Gliscor, M|339\/354 tox
|-damage|p1a: Gliscor|295\/354 tox|[from] Stealth Rock
|move|p2a: Clefable|Soft-Boiled|p2a: Clefable
|-heal|p2a: Clefable|358\/394
|
|-heal|p1a: Gliscor|354\/354 tox|[from] move: Wish|[wisher] Chansey
|turn|88
|
|switch|p2a: Sableye|Sableye-Mega, F|233\/303 brn
|move|p1a: Gliscor|Taunt|p2a: Sableye
|move|p2a: Sableye|Taunt|p1a: Gliscor|[from]Magic Bounce
|-start|p1a: Gliscor|move: Taunt
|
|-damage|p2a: Sableye|196\/303 brn|[from] brn
|turn|89
|
|switch|p2a: Clefable|Clefable, F|358\/394
|move|p1a: Gliscor|Earthquake|p2a: Clefable
|-crit|p2a: Clefable
|-damage|p2a: Clefable|213\/394
|
|turn|90
|
|move|p1a: Gliscor|Earthquake|p2a: Clefable
|-damage|p2a: Clefable|105\/394
|move|p2a: Clefable|Calm Mind|p2a: Clefable
|-boost|p2a: Clefable|spa|1
|-boost|p2a: Clefable|spd|1
|
|turn|91
|c|âKama Sutra|don't do it
|
|move|p1a: Gliscor|Earthquake|p2a: Clefable
|-damage|p2a: Clefable|6\/394
|move|p2a: Clefable|Soft-Boiled|p2a: Clefable
|-heal|p2a: Clefable|203\/394
|
|-end|p1a: Gliscor|move: Taunt
|turn|92
|c|âKama Sutra|dont get 2 max rolls
|
|move|p1a: Gliscor|Taunt|p2a: Clefable
|-start|p2a: Clefable|move: Taunt
|cant|p2a: Clefable|move: Taunt|Soft-Boiled
|
|turn|93
|
|switch|p2a: Latias|Latias, F|165\/321
|move|p1a: Gliscor|Earthquake|p2a: Latias
|-immune|p2a: Latias|[msg]
|
|turn|94
|
|move|p2a: Latias|Recover|p2a: Latias
|-heal|p2a: Latias|321\/321
|move|p1a: Gliscor|Knock Off|p2a: Latias
|-supereffective|p2a: Latias
|-damage|p2a: Latias|207\/321
|
|turn|95
|
|move|p2a: Latias|Psyshock|p1a: Gliscor
|-damage|p1a: Gliscor|258\/354 tox
|move|p1a: Gliscor|Knock Off|p2a: Latias
|-supereffective|p2a: Latias
|-damage|p2a: Latias|101\/321
|
|-heal|p1a: Gliscor|302\/354 tox|[from] ability: Poison Heal
|turn|96
|
|move|p2a: Latias|Draco Meteor|p1a: Gliscor
|-damage|p1a: Gliscor|134\/354 tox
|-unboost|p2a: Latias|spa|2
|move|p1a: Gliscor|Knock Off|p2a: Latias
|-supereffective|p2a: Latias
|-damage|p2a: Latias|0 fnt
|faint|p2a: Latias
|
|-heal|p1a: Gliscor|178\/354 tox|[from] ability: Poison Heal
|
|switch|p2a: Volcarona|Volcarona, M|90\/334
|turn|97
|
|move|p2a: Volcarona|Fiery Dance|p1a: Gliscor
|-damage|p1a: Gliscor|51\/354 tox
|move|p1a: Gliscor|Roost|p1a: Gliscor
|-heal|p1a: Gliscor|228\/354 tox
|
|-heal|p1a: Gliscor|272\/354 tox|[from] ability: Poison Heal
|turn|98
|
|move|p2a: Volcarona|Fiery Dance|p1a: Gliscor
|-damage|p1a: Gliscor|125\/354 tox
|move|p1a: Gliscor|Earthquake|p2a: Volcarona
|-damage|p2a: Volcarona|0 fnt
|faint|p2a: Volcarona
|
|-heal|p1a: Gliscor|169\/354 tox|[from] ability: Poison Heal
|
|switch|p2a: Tangrowth|Tangrowth, M|158\/404
|turn|99
|
|switch|p1a: Skarmory|Skarmory, F|293\/334
|-damage|p1a: Skarmory|252\/334|[from] Stealth Rock
|move|p2a: Tangrowth|Hidden Power|p1a: Skarmory
|-damage|p1a: Skarmory|184\/334
|
|turn|100
|
|switch|p2a: Sableye|Sableye-Mega, F|196\/303 brn
|move|p1a: Skarmory|Stealth Rock|p2a: Sableye
|move|p2a: Sableye|Stealth Rock|p1a: Skarmory|[from]Magic Bounce
|-fail|p1a: Skarmory
|
|-damage|p2a: Sableye|159\/303 brn|[from] brn
|turn|101
|
|switch|p2a: Tangrowth|Tangrowth, M|292\/404
|move|p1a: Skarmory|Roost|p1a: Skarmory
|-heal|p1a: Skarmory|334\/334
|
|turn|102
|
|switch|p2a: Sableye|Sableye-Mega, F|159\/303 brn
|move|p1a: Skarmory|Stealth Rock|p2a: Sableye
|move|p2a: Sableye|Stealth Rock|p1a: Skarmory|[from]Magic Bounce
|-fail|p1a: Skarmory
|
|-damage|p2a: Sableye|122\/303 brn|[from] brn
|turn|103
|
|move|p1a: Skarmory|Stealth Rock|p2a: Sableye
|move|p2a: Sableye|Stealth Rock|p1a: Skarmory|[from]Magic Bounce
|-fail|p1a: Skarmory
|move|p2a: Sableye|Recover|p2a: Sableye
|-heal|p2a: Sableye|274\/303 brn
|
|-damage|p2a: Sableye|237\/303 brn|[from] brn
|turn|104
|
|switch|p1a: Sableye|Sableye-Mega, F|304\/304
|-damage|p1a: Sableye|266\/304|[from] Stealth Rock
|move|p2a: Sableye|Will-O-Wisp|p1a: Sableye
|move|p1a: Sableye|Will-O-Wisp|p2a: Sableye|[from]Magic Bounce
|-fail|p2a: Sableye|brn
|
|-damage|p2a: Sableye|200\/303 brn|[from] brn
|turn|105
|
|switch|p2a: Clefable|Clefable, F|203\/394
|move|p1a: Sableye|Knock Off|p2a: Clefable
|-resisted|p2a: Clefable
|-damage|p2a: Clefable|175\/394
|
|turn|106
|
|move|p2a: Clefable|Calm Mind|p2a: Clefable
|-boost|p2a: Clefable|spa|1
|-boost|p2a: Clefable|spd|1
|move|p1a: Sableye|Taunt|p2a: Clefable
|-start|p2a: Clefable|move: Taunt
|
|turn|107
|
|switch|p1a: Chansey|Chansey, F|529\/703
|-damage|p1a: Chansey|442\/703|[from] Stealth Rock
|move|p2a: Clefable|Moonblast|p1a: Chansey
|-damage|p1a: Chansey|343\/703
|
|turn|108
|
|switch|p2a: Sableye|Sableye-Mega, F|200\/303 brn
|move|p1a: Chansey|Soft-Boiled|p1a: Chansey
|-heal|p1a: Chansey|695\/703
|
|-damage|p2a: Sableye|163\/303 brn|[from] brn
|turn|109
|
|switch|p2a: Tangrowth|Tangrowth, M|404\/404
|move|p1a: Chansey|Seismic Toss|p2a: Tangrowth
|-damage|p2a: Tangrowth|304\/404
|
|turn|110
|
|switch|p1a: Skarmory|Skarmory, F|334\/334
|-damage|p1a: Skarmory|293\/334|[from] Stealth Rock
|move|p2a: Tangrowth|Knock Off|p1a: Skarmory
|-damage|p1a: Skarmory|248\/334
|-enditem|p1a: Skarmory|Shed Shell|[from] move: Knock Off|[of] p2a: Tangrowth
|
|turn|111
|
|switch|p2a: Sableye|Sableye-Mega, F|163\/303 brn
|move|p1a: Skarmory|Stealth Rock|p2a: Sableye
|move|p2a: Sableye|Stealth Rock|p1a: Skarmory|[from]Magic Bounce
|-fail|p1a: Skarmory
|
|-damage|p2a: Sableye|126\/303 brn|[from] brn
|turn|112
|
|move|p1a: Skarmory|Stealth Rock|p2a: Sableye
|move|p2a: Sableye|Stealth Rock|p1a: Skarmory|[from]Magic Bounce
|-fail|p1a: Skarmory
|move|p2a: Sableye|Recover|p2a: Sableye
|-heal|p2a: Sableye|278\/303 brn
|
|-damage|p2a: Sableye|241\/303 brn|[from] brn
|turn|113
|
|switch|p1a: Sableye|Sableye-Mega, F|266\/304
|-damage|p1a: Sableye|228\/304|[from] Stealth Rock
|move|p2a: Sableye|Will-O-Wisp|p1a: Sableye
|move|p1a: Sableye|Will-O-Wisp|p2a: Sableye|[from]Magic Bounce
|-fail|p2a: Sableye|brn
|
|-damage|p2a: Sableye|204\/303 brn|[from] brn
|turn|114
|
|switch|p2a: Clefable|Clefable, F|175\/394
|move|p1a: Sableye|Knock Off|p2a: Clefable
|-resisted|p2a: Clefable
|-damage|p2a: Clefable|145\/394
|
|turn|115
|
|switch|p1a: Chansey|Chansey, F|695\/703
|-damage|p1a: Chansey|608\/703|[from] Stealth Rock
|move|p2a: Clefable|Moonblast|p1a: Chansey
|-damage|p1a: Chansey|542\/703
|
|turn|116
|
|move|p2a: Clefable|Soft-Boiled|p2a: Clefable
|-heal|p2a: Clefable|342\/394
|move|p1a: Chansey|Seismic Toss|p2a: Clefable
|-damage|p2a: Clefable|242\/394
|
|turn|117
|
|move|p2a: Clefable|Calm Mind|p2a: Clefable
|-boost|p2a: Clefable|spa|1
|-boost|p2a: Clefable|spd|1
|move|p1a: Chansey|Seismic Toss|p2a: Clefable
|-damage|p2a: Clefable|142\/394
|
|turn|118
|
|move|p2a: Clefable|Calm Mind|p2a: Clefable
|-boost|p2a: Clefable|spa|1
|-boost|p2a: Clefable|spd|1
|move|p1a: Chansey|Soft-Boiled|p1a: Chansey
|-heal|p1a: Chansey|703\/703
|
|turn|119
|
|move|p2a: Clefable|Soft-Boiled|p2a: Clefable
|-heal|p2a: Clefable|339\/394
|move|p1a: Chansey|Wish|p1a: Chansey
|
|turn|120
|
|move|p2a: Clefable|Moonblast|p1a: Chansey
|-damage|p1a: Chansey|556\/703
|move|p1a: Chansey|Seismic Toss|p2a: Clefable
|-damage|p2a: Clefable|239\/394
|
|-heal|p1a: Chansey|703\/703|[from] move: Wish|[wisher] Chansey
|turn|121
|
|move|p2a: Clefable|Calm Mind|p2a: Clefable
|-boost|p2a: Clefable|spa|1
|-boost|p2a: Clefable|spd|1
|move|p1a: Chansey|Seismic Toss|p2a: Clefable
|-damage|p2a: Clefable|139\/394
|
|turn|122
|
|move|p2a: Clefable|Calm Mind|p2a: Clefable
|-boost|p2a: Clefable|spa|1
|-boost|p2a: Clefable|spd|1
|move|p1a: Chansey|Wish|p1a: Chansey
|
|turn|123
|
|switch|p1a: Skarmory|Skarmory, F|248\/334
|-damage|p1a: Skarmory|207\/334|[from] Stealth Rock
|move|p2a: Clefable|Soft-Boiled|p2a: Clefable
|-heal|p2a: Clefable|336\/394
|
|-heal|p1a: Skarmory|334\/334|[from] move: Wish|[wisher] Chansey
|turn|124
|
|move|p2a: Clefable|Stored Power|p1a: Skarmory
|-resisted|p1a: Skarmory
|-damage|p1a: Skarmory|69\/334
|move|p1a: Skarmory|Whirlwind|p2a: Clefable
|drag|p2a: Sableye|Sableye-Mega, F|204\/303 brn
|
|-damage|p2a: Sableye|167\/303 brn|[from] brn
|turn|125
|
|move|p1a: Skarmory|Roost|p1a: Skarmory
|-heal|p1a: Skarmory|236\/334
|move|p2a: Sableye|Will-O-Wisp|p1a: Skarmory
|-status|p1a: Skarmory|brn
|
|-damage|p1a: Skarmory|195\/334 brn|[from] brn
|-damage|p2a: Sableye|130\/303 brn|[from] brn
|turn|126
|
|switch|p2a: Clefable|Clefable, F|336\/394
|move|p1a: Skarmory|Roost|p1a: Skarmory
|-heal|p1a: Skarmory|334\/334 brn
|
|-damage|p1a: Skarmory|293\/334 brn|[from] brn
|turn|127
|
|move|p1a: Skarmory|Stealth Rock|p2a: Clefable
|-sidestart|p2: Kama Sutra|move: Stealth Rock
|move|p2a: Clefable|Calm Mind|p2a: Clefable
|-boost|p2a: Clefable|spa|1
|-boost|p2a: Clefable|spd|1
|
|-damage|p1a: Skarmory|252\/334 brn|[from] brn
|turn|128
|
|move|p1a: Skarmory|Spikes|p2a: Clefable
|-sidestart|p2: Kama Sutra|Spikes
|move|p2a: Clefable|Calm Mind|p2a: Clefable
|-boost|p2a: Clefable|spa|1
|-boost|p2a: Clefable|spd|1
|
|-damage|p1a: Skarmory|211\/334 brn|[from] brn
|turn|129
|
|move|p1a: Skarmory|Roost|p1a: Skarmory
|-heal|p1a: Skarmory|334\/334 brn
|move|p2a: Clefable|Moonblast|p1a: Skarmory
|-resisted|p1a: Skarmory
|-damage|p1a: Skarmory|197\/334 brn
|-unboost|p1a: Skarmory|spa|1
|
|-damage|p1a: Skarmory|156\/334 brn|[from] brn
|turn|130
|
|move|p1a: Skarmory|Spikes|p2a: Clefable
|-sidestart|p2: Kama Sutra|Spikes
|move|p2a: Clefable|Moonblast|p1a: Skarmory
|-resisted|p1a: Skarmory
|-damage|p1a: Skarmory|10\/334 brn
|
|-damage|p1a: Skarmory|0 fnt|[from] brn
|faint|p1a: Skarmory
|
|switch|p1a: Chansey|Chansey, F|703\/703
|-damage|p1a: Chansey|616\/703|[from] Stealth Rock
|turn|131
|
|move|p2a: Clefable|Calm Mind|p2a: Clefable
|-boost|p2a: Clefable|spa|1
|-boost|p2a: Clefable|spd|1
|move|p1a: Chansey|Seismic Toss|p2a: Clefable
|-damage|p2a: Clefable|236\/394
|
|turn|132
|
|switch|p1a: Gliscor|Gliscor, M|169\/354 tox
|-damage|p1a: Gliscor|125\/354 tox|[from] Stealth Rock
|move|p2a: Clefable|Calm Mind|p2a: Clefable
|-boost|p2a: Clefable|spa|1
|-boost|p2a: Clefable|spd|1
|
|-heal|p1a: Gliscor|169\/354 tox|[from] ability: Poison Heal
|turn|133
|
|move|p1a: Gliscor|Taunt|p2a: Clefable
|-start|p2a: Clefable|move: Taunt
|move|p2a: Clefable|Moonblast|p1a: Gliscor
|-damage|p1a: Gliscor|0 fnt
|faint|p1a: Gliscor
|
|
|switch|p1a: Chansey|Chansey, F|616\/703
|-damage|p1a: Chansey|529\/703|[from] Stealth Rock
|turn|134
|
|switch|p2a: Sableye|Sableye-Mega, F|130\/303 brn
|-damage|p2a: Sableye|80\/303 brn|[from] Spikes
|-damage|p2a: Sableye|43\/303 brn|[from] Stealth Rock
|move|p1a: Chansey|Seismic Toss|p2a: Sableye
|-immune|p2a: Sableye|[msg]
|
|-damage|p2a: Sableye|6\/303 brn|[from] brn
|turn|135
|c|âKama Sutra|gg
|
|move|p1a: Chansey|Soft-Boiled|p1a: Chansey
|-heal|p1a: Chansey|703\/703
|move|p2a: Sableye|Will-O-Wisp|p1a: Chansey|[miss]
|-miss|p2a: Sableye|p1a: Chansey
|
|-damage|p2a: Sableye|0 fnt|[from] brn
|faint|p2a: Sableye
|
|switch|p2a: Clefable|Clefable, F|236\/394
|turn|136
|
|move|p2a: Clefable|Calm Mind|p2a: Clefable
|-boost|p2a: Clefable|spa|1
|-boost|p2a: Clefable|spd|1
|move|p1a: Chansey|Seismic Toss|p2a: Clefable
|-damage|p2a: Clefable|136\/394
|
|turn|137
|c|âJiaShengz|gg
|
|move|p2a: Clefable|Calm Mind|p2a: Clefable
|-boost|p2a: Clefable|spa|1
|-boost|p2a: Clefable|spd|1
|move|p1a: Chansey|Seismic Toss|p2a: Clefable
|-damage|p2a: Clefable|36\/394
|
|turn|138
|
|move|p2a: Clefable|Soft-Boiled|p2a: Clefable
|-heal|p2a: Clefable|233\/394
|move|p1a: Chansey|Seismic Toss|p2a: Clefable
|-damage|p2a: Clefable|133\/394
|
|turn|139
|c|âKama Sutra|you really only needed rocks to win
|c|âKama Sutra|spikes was just greedy
|
|move|p2a: Clefable|Calm Mind|p2a: Clefable
|-boost|p2a: Clefable|spa|1
|-boost|p2a: Clefable|spd|1
|move|p1a: Chansey|Seismic Toss|p2a: Clefable
|-damage|p2a: Clefable|33\/394
|
|turn|140
|
|move|p2a: Clefable|Soft-Boiled|p2a: Clefable
|-heal|p2a: Clefable|230\/394
|move|p1a: Chansey|Seismic Toss|p2a: Clefable
|-damage|p2a: Clefable|130\/394
|
|turn|141
|
|move|p2a: Clefable|Soft-Boiled|p2a: Clefable
|-heal|p2a: Clefable|327\/394
|move|p1a: Chansey|Seismic Toss|p2a: Clefable
|-damage|p2a: Clefable|227\/394
|
|turn|142
|
|move|p2a: Clefable|Calm Mind|p2a: Clefable
|-boost|p2a: Clefable|spa|1
|-boost|p2a: Clefable|spd|1
|move|p1a: Chansey|Seismic Toss|p2a: Clefable
|-damage|p2a: Clefable|127\/394
|
|turn|143
|
|move|p2a: Clefable|Soft-Boiled|p2a: Clefable
|-heal|p2a: Clefable|324\/394
|move|p1a: Chansey|Seismic Toss|p2a: Clefable
|-damage|p2a: Clefable|224\/394
|
|turn|144
|
|move|p2a: Clefable|Calm Mind|p2a: Clefable
|-boost|p2a: Clefable|spa|1
|-boost|p2a: Clefable|spd|1
|move|p1a: Chansey|Seismic Toss|p2a: Clefable
|-damage|p2a: Clefable|124\/394
|
|turn|145
|
|move|p2a: Clefable|Soft-Boiled|p2a: Clefable
|-heal|p2a: Clefable|321\/394
|move|p1a: Chansey|Seismic Toss|p2a: Clefable
|-damage|p2a: Clefable|221\/394
|
|turn|146
|
|move|p2a: Clefable|Calm Mind|p2a: Clefable
|-boost|p2a: Clefable|spa|1
|-boost|p2a: Clefable|spd|1
|move|p1a: Chansey|Seismic Toss|p2a: Clefable
|-damage|p2a: Clefable|121\/394
|
|turn|147
|
|move|p2a: Clefable|Stored Power|p1a: Chansey
|-damage|p1a: Chansey|222\/703
|move|p1a: Chansey|Wish|p1a: Chansey
|
|turn|148
|
|switch|p1a: Sableye|Sableye-Mega, F|228\/304
|-damage|p1a: Sableye|190\/304|[from] Stealth Rock
|move|p2a: Clefable|Stored Power|p1a: Sableye
|-immune|p1a: Sableye|[msg]
|
|-heal|p1a: Sableye|304\/304|[from] move: Wish|[wisher] Chansey
|turn|149
|-message|JiaShengz forfeited.
|
|win|Kama Sutra
|raw|Ladder updating...
|leave|JiaShengz
|player|p1
|raw|JiaShengz's rating: 1640 &rarr; <strong>1618<\/strong><br \/>(-22 for losing)
|raw|Kama Sutra's rating: 1596 &rarr; <strong>1618<\/strong><br \/>(+22 for winning)