|join|Kama Sutra
|join|Moxicity
|player|p1|Kama Sutra|78
|player|p2|Moxicity|279
|gametype|singles
|gen|6
|tier|OU (suspect test)
|rated
|clearpoke
|poke|p1|Skarmory, F
|poke|p1|Lopunny, F
|poke|p1|Gengar, F
|poke|p1|Darmanitan, F
|poke|p1|Thundurus, M
|poke|p1|Bisharp, M
|poke|p2|Landorus-Therian, M
|poke|p2|Gallade, M
|poke|p2|Bisharp, M
|poke|p2|Rotom-Wash
|poke|p2|Sylveon, F
|poke|p2|Azumarill, M
|rule|Swagger Clause: Swagger is banned
|rule|Baton Pass Clause: Limit one PokÃ©mon knowing Baton Pass
|rule|Sleep Clause Mod: Limit one foe put to sleep
|rule|Species Clause: Limit one of each PokÃ©mon
|rule|OHKO Clause: OHKO moves are banned
|rule|Moody Clause: Moody is banned
|rule|Evasion Moves Clause: Evasion moves are banned
|rule|Endless Battle Clause: Forcing endless battles is banned
|rule|HP Percentage Mod: HP is shown in percentages
|teampreview
|
|start
|switch|p1a: Skarmory|Skarmory, F|334\/334
|switch|p2a: Rotom-Wash|Rotom-Wash|304\/304
|turn|1
|
|move|p1a: Skarmory|Stealth Rock|p2a: Rotom-Wash
|-sidestart|p2: Moxicity|move: Stealth Rock
|move|p2a: Rotom-Wash|Volt Switch|p1a: Skarmory
|-supereffective|p1a: Skarmory
|-damage|p1a: Skarmory|98\/334
|
|switch|p2a: Gallade|Gallade, M|278\/278
|-damage|p2a: Gallade|261\/278|[from] Stealth Rock
|
|turn|2
|
|detailschange|p2a: Gallade|Gallade-Mega, M
|-mega|p2a: Gallade|Gallade|Galladite
|move|p2a: Gallade|Knock Off|p1a: Skarmory
|-damage|p1a: Skarmory|0 fnt
|-enditem|p1a: Skarmory|Mental Herb|[from] move: Knock Off|[of] p2a: Gallade
|faint|p1a: Skarmory
|
|
|switch|p1a: Gengar|Gengar, F|261\/261
|turn|3
|join|chrysotile
|
|switch|p2a: Bisharp|Bisharp, M|272\/272
|-damage|p2a: Bisharp|255\/272|[from] Stealth Rock
|move|p1a: Gengar|Shadow Ball|p2a: Bisharp
|-resisted|p2a: Bisharp
|-damage|p2a: Bisharp|129\/272
|-damage|p1a: Gengar|235\/261|[from] item: Life Orb
|
|turn|4
|
|switch|p1a: Bisharp|Bisharp, M|271\/271
|move|p2a: Bisharp|Knock Off|p1a: Bisharp
|-resisted|p1a: Bisharp
|-damage|p1a: Bisharp|175\/271
|-enditem|p1a: Bisharp|Life Orb|[from] move: Knock Off|[of] p2a: Bisharp
|
|turn|5
|
|switch|p2a: Rotom-Wash|Rotom-Wash|304\/304
|-damage|p2a: Rotom-Wash|266\/304|[from] Stealth Rock
|move|p1a: Bisharp|Swords Dance|p1a: Bisharp
|-boost|p1a: Bisharp|atk|2
|
|-heal|p2a: Rotom-Wash|285\/304|[from] item: Leftovers
|turn|6
|
|move|p1a: Bisharp|Knock Off|p2a: Rotom-Wash
|-damage|p2a: Rotom-Wash|8\/304
|-enditem|p2a: Rotom-Wash|Leftovers|[from] move: Knock Off|[of] p1a: Bisharp
|move|p2a: Rotom-Wash|Will-O-Wisp|p1a: Bisharp
|-status|p1a: Bisharp|brn
|
|-damage|p1a: Bisharp|142\/271 brn|[from] brn
|turn|7
|
|move|p1a: Bisharp|Knock Off|p2a: Rotom-Wash
|-damage|p2a: Rotom-Wash|0 fnt
|faint|p2a: Rotom-Wash
|
|-damage|p1a: Bisharp|109\/271 brn|[from] brn
|
|switch|p2a: Bisharp|Bisharp, M|129\/272
|-damage|p2a: Bisharp|112\/272|[from] Stealth Rock
|turn|8
|
|move|p2a: Bisharp|Iron Head|p1a: Bisharp
|-resisted|p1a: Bisharp
|-damage|p1a: Bisharp|37\/271 brn
|move|p1a: Bisharp|Knock Off|p2a: Bisharp
|-resisted|p2a: Bisharp
|-damage|p2a: Bisharp|25\/272
|-enditem|p2a: Bisharp|Black Glasses|[from] move: Knock Off|[of] p1a: Bisharp
|
|-damage|p1a: Bisharp|4\/271 brn|[from] brn
|turn|9
|
|move|p2a: Bisharp|Sucker Punch|p1a: Bisharp
|-crit|p1a: Bisharp
|-resisted|p1a: Bisharp
|-damage|p1a: Bisharp|0 fnt
|faint|p1a: Bisharp
|
|
|switch|p1a: Lopunny|Lopunny, F|271\/271
|turn|10
|
|switch|p2a: Landorus-Therian|Landorus-Therian, M|382\/382
|-damage|p2a: Landorus-Therian|335\/382|[from] Stealth Rock
|-ability|p2a: Landorus-Therian|Intimidate|[of] p1a: Lopunny
|-unboost|p1a: Lopunny|atk|1
|detailschange|p1a: Lopunny|Lopunny-Mega, F
|-mega|p1a: Lopunny|Lopunny|Lopunnite
|move|p1a: Lopunny|Power-Up Punch|p2a: Landorus-Therian
|-resisted|p2a: Landorus-Therian
|-damage|p2a: Landorus-Therian|316\/382
|-boost|p1a: Lopunny|atk|1
|
|-heal|p2a: Landorus-Therian|339\/382|[from] item: Leftovers
|turn|11
|
|move|p1a: Lopunny|Ice Punch|p2a: Landorus-Therian
|-supereffective|p2a: Landorus-Therian
|-damage|p2a: Landorus-Therian|0 fnt
|faint|p2a: Landorus-Therian
|
|
|switch|p2a: Sylveon|Sylveon, F|391\/391
|-damage|p2a: Sylveon|343\/391|[from] Stealth Rock
|turn|12
|
|switch|p1a: Darmanitan|Darmanitan, F|351\/351
|move|p2a: Sylveon|Hyper Voice|p1a: Darmanitan
|-resisted|p1a: Darmanitan
|-damage|p1a: Darmanitan|128\/351
|
|turn|13
|join|NagariNewMeta
|
|move|p1a: Darmanitan|Flare Blitz|p2a: Sylveon
|-damage|p2a: Sylveon|0 fnt
|-damage|p1a: Darmanitan|15\/351|[from] recoil|[of] p2a: Sylveon
|faint|p2a: Sylveon
|
|
|switch|p2a: Azumarill|Azumarill, M|364\/364
|-damage|p2a: Azumarill|319\/364|[from] Stealth Rock
|turn|14
|c| NagariNewMeta|POWA!
|c| NagariNewMeta|wait a min
|c| NagariNewMeta|when did you copy my team?
|c|âKama Sutra|just now
|c|âKama Sutra|~
|
|switch|p1a: Thundurus|Thundurus, M|299\/299
|move|p2a: Azumarill|Belly Drum|p2a: Azumarill
|-damage|p2a: Azumarill|137\/364
|-setboost|p2a: Azumarill|atk|6|[from] move: Belly Drum
|-enditem|p2a: Azumarill|Sitrus Berry|[eat]
|-heal|p2a: Azumarill|228\/364|[from] item: Sitrus Berry
|
|turn|15
|c|âKama Sutra|although if bd I losw
|c|âKama Sutra|shit
|
|move|p1a: Thundurus|Thunder Wave|p2a: Azumarill
|-status|p2a: Azumarill|par
|move|p2a: Azumarill|Aqua Jet|p1a: Thundurus
|-damage|p1a: Thundurus|0 fnt
|faint|p1a: Thundurus
|
|
|switch|p1a: Gengar|Gengar, F|235\/261
|turn|16
|
|move|p2a: Azumarill|Aqua Jet|p1a: Gengar
|-damage|p1a: Gengar|0 fnt
|faint|p1a: Gengar
|
|
|switch|p1a: Lopunny|Lopunny-Mega, F|271\/271
|turn|17
|
|cant|p2a: Azumarill|par
|move|p1a: Lopunny|Frustration|p2a: Azumarill
|-damage|p2a: Azumarill|0 fnt
|faint|p2a: Azumarill
|
|c|âKama Sutra|clutch hax
|
|switch|p2a: Gallade|Gallade-Mega, M|261\/278
|-damage|p2a: Gallade|244\/278|[from] Stealth Rock
|turn|18
|c| NagariNewMeta|lol
|
|move|p1a: Lopunny|Frustration|p2a: Gallade
|-damage|p2a: Gallade|21\/278
|move|p2a: Gallade|Close Combat|p1a: Lopunny
|-supereffective|p1a: Lopunny
|-damage|p1a: Lopunny|0 fnt
|-unboost|p2a: Gallade|def|1
|-unboost|p2a: Gallade|spd|1
|faint|p1a: Lopunny
|
|c| NagariNewMeta|you don't understand
|c|âKama Sutra|damn
|c|âKama Sutra|adamant bunny not comin thru
|
|switch|p1a: Darmanitan|Darmanitan, F|15\/351
|turn|19
|
|move|p1a: Darmanitan|Flare Blitz|p2a: Gallade
|-damage|p2a: Gallade|0 fnt
|-damage|p1a: Darmanitan|8\/351|[from] recoil|[of] p2a: Gallade
|faint|p2a: Gallade
|
|
|switch|p2a: Bisharp|Bisharp, M|25\/272
|-damage|p2a: Bisharp|8\/272|[from] Stealth Rock
|turn|20
|
|move|p2a: Bisharp|Sucker Punch|p1a: Darmanitan
|-damage|p1a: Darmanitan|0 fnt
|faint|p1a: Darmanitan
|
|win|Moxicity
|raw|Ladder updating...
|raw|Kama Sutra's rating: 1462 &rarr; <strong>1439<\/strong><br \/>(-23 for losing)
|raw|Moxicity's rating: 1412 &rarr; <strong>1435<\/strong><br \/>(+23 for winning)
|c| NagariNewMeta|so close
|c| NagariNewMeta|but dude