|join|Kama Sutra
|join|BiGosse
|player|p1|Kama Sutra|78
|player|p2|BiGosse|1
|gametype|singles
|gen|6
|tier|OU (suspect test)
|rated
|clearpoke
|poke|p1|Metagross
|poke|p1|Hydreigon, F
|poke|p1|Conkeldurr, M
|poke|p1|Rotom-Wash
|poke|p1|Magnezone
|poke|p1|Latias, F
|poke|p2|Rotom-Wash
|poke|p2|Thundurus, M
|poke|p2|Heracross, M, shiny
|poke|p2|Heatran, M, shiny
|poke|p2|Azumarill, M, shiny
|poke|p2|Scizor, F, shiny
|rule|Swagger Clause: Swagger is banned
|rule|Baton Pass Clause: Limit one PokÃ©mon knowing Baton Pass
|rule|Sleep Clause Mod: Limit one foe put to sleep
|rule|Species Clause: Limit one of each PokÃ©mon
|rule|OHKO Clause: OHKO moves are banned
|rule|Moody Clause: Moody is banned
|rule|Evasion Moves Clause: Evasion moves are banned
|rule|Endless Battle Clause: Forcing endless battles is banned
|rule|HP Percentage Mod: HP is shown in percentages
|teampreview
|
|start
|switch|p1a: Not Christmas|Conkeldurr, M|354\/354
|switch|p2a: Heatran|Heatran, M, shiny|386\/386
|turn|1
|
|switch|p2a: Scizor|Scizor, F, shiny|344\/344
|move|p1a: Not Christmas|Knock Off|p2a: Scizor
|-damage|p2a: Scizor|278\/344
|
|turn|2
|
|detailschange|p2a: Scizor|Scizor-Mega, F, shiny
|-mega|p2a: Scizor|Scizor|Scizorite
|move|p2a: Scizor|Bug Bite|p1a: Not Christmas
|-resisted|p1a: Not Christmas
|-damage|p1a: Not Christmas|280\/354
|move|p1a: Not Christmas|Drain Punch|p2a: Scizor
|-damage|p2a: Scizor|193\/344
|-heal|p1a: Not Christmas|323\/354|[from] drain|[of] p2a: Scizor
|
|turn|3
|
|switch|p1a: Not Christmas|Magnezone|281\/281
|move|p2a: Scizor|Toxic|p1a: Not Christmas
|-fail|p1a: Not Christmas
|
|turn|4
|
|move|p1a: Not Christmas|Hidden Power|p2a: Scizor
|-supereffective|p2a: Scizor
|-damage|p2a: Scizor|0 fnt
|faint|p2a: Scizor
|
|
|switch|p2a: Thundurus|Thundurus, M|299\/299
|turn|5
|
|switch|p1a: Not Christmas|Hydreigon, F|325\/325
|move|p2a: Thundurus|Focus Blast|p1a: Not Christmas
|-supereffective|p1a: Not Christmas
|-damage|p1a: Not Christmas|43\/325
|
|turn|6
|
|move|p1a: Not Christmas|Draco Meteor|p2a: Thundurus|[miss]
|-miss|p1a: Not Christmas|p2a: Thundurus
|move|p2a: Thundurus|Hidden Power|p1a: Not Christmas
|-supereffective|p1a: Not Christmas
|-damage|p1a: Not Christmas|0 fnt
|faint|p1a: Not Christmas
|
|
|switch|p1a: Not Christmas|Conkeldurr, M|323\/354
|turn|7
|
|move|p2a: Thundurus|Thunderbolt|p1a: Not Christmas
|-damage|p1a: Not Christmas|206\/354
|move|p1a: Not Christmas|Ice Punch|p2a: Thundurus
|-supereffective|p2a: Thundurus
|-damage|p2a: Thundurus|23\/299
|
|-heal|p2a: Thundurus|41\/299|[from] item: Leftovers
|turn|8
|
|switch|p2a: Azumarill|Azumarill, M, shiny|401\/401
|move|p1a: Not Christmas|Drain Punch|p2a: Azumarill
|-resisted|p2a: Azumarill
|-damage|p2a: Azumarill|311\/401
|-heal|p1a: Not Christmas|251\/354|[from] drain|[of] p2a: Azumarill
|
|turn|9
|
|switch|p1a: Not Christmas|Rotom-Wash|304\/304
|move|p2a: Azumarill|Play Rough|p1a: Not Christmas
|-damage|p1a: Not Christmas|159\/304
|
|-heal|p1a: Not Christmas|178\/304|[from] item: Leftovers
|turn|10
|
|switch|p2a: Rotom-Wash|Rotom-Wash|304\/304
|move|p1a: Not Christmas|Volt Switch|p2a: Rotom-Wash
|-damage|p2a: Rotom-Wash|243\/304
|
|switch|p1a: Not Christmas|Conkeldurr, M|251\/354
|
|-heal|p2a: Rotom-Wash|262\/304|[from] item: Leftovers
|turn|11
|
|move|p2a: Rotom-Wash|Will-O-Wisp|p1a: Not Christmas
|-status|p1a: Not Christmas|brn
|move|p1a: Not Christmas|Drain Punch|p2a: Rotom-Wash
|-damage|p2a: Rotom-Wash|36\/304
|-heal|p1a: Not Christmas|354\/354 brn|[from] drain|[of] p2a: Rotom-Wash
|
|-heal|p2a: Rotom-Wash|55\/304|[from] item: Leftovers
|-damage|p1a: Not Christmas|310\/354 brn|[from] brn
|turn|12
|
|move|p2a: Rotom-Wash|Pain Split|p1a: Not Christmas
|-sethp|p1a: Not Christmas|182\/354 brn|p2a: Rotom-Wash|182\/304|[from] move: Pain Split
|move|p1a: Not Christmas|Drain Punch|p2a: Rotom-Wash
|-crit|p2a: Rotom-Wash
|-damage|p2a: Rotom-Wash|0 fnt
|-heal|p1a: Not Christmas|273\/354 brn|[from] drain|[of] p2a: Rotom-Wash
|faint|p2a: Rotom-Wash
|
|-damage|p1a: Not Christmas|229\/354 brn|[from] brn
|
|switch|p2a: Heracross|Heracross, M, shiny|302\/302
|turn|13
|
|move|p2a: Heracross|Close Combat|p1a: Not Christmas
|-damage|p1a: Not Christmas|0 fnt
|-unboost|p2a: Heracross|def|1
|-unboost|p2a: Heracross|spd|1
|faint|p1a: Not Christmas
|
|
|switch|p1a: Not Christmas|Metagross|301\/301
|turn|14
|
|detailschange|p1a: Not Christmas|Metagross-Mega
|-mega|p1a: Not Christmas|Metagross|Metagrossite
|move|p2a: Heracross|Close Combat|p1a: Not Christmas
|-damage|p1a: Not Christmas|84\/301
|-unboost|p2a: Heracross|def|1
|-unboost|p2a: Heracross|spd|1
|move|p1a: Not Christmas|Zen Headbutt|p2a: Heracross
|-supereffective|p2a: Heracross
|-damage|p2a: Heracross|0 fnt
|faint|p2a: Heracross
|
|
|switch|p2a: Thundurus|Thundurus, M|41\/299
|turn|15
|
|switch|p1a: Not Christmas|Latias, F|301\/301
|move|p2a: Thundurus|Thunderbolt|p1a: Not Christmas
|-resisted|p1a: Not Christmas
|-damage|p1a: Not Christmas|238\/301
|
|-heal|p2a: Thundurus|59\/299|[from] item: Leftovers
|turn|16
|
|switch|p2a: Heatran|Heatran, M, shiny|386\/386
|move|p1a: Not Christmas|Draco Meteor|p2a: Heatran
|-resisted|p2a: Heatran
|-damage|p2a: Heatran|300\/386
|-unboost|p1a: Not Christmas|spa|2
|-damage|p1a: Not Christmas|208\/301|[from] item: Life Orb
|
|-heal|p2a: Heatran|324\/386|[from] item: Leftovers
|turn|17
|
|switch|p1a: Not Christmas|Rotom-Wash|178\/304
|move|p2a: Heatran|Flamethrower|p1a: Not Christmas
|-resisted|p1a: Not Christmas
|-damage|p1a: Not Christmas|112\/304
|
|-heal|p1a: Not Christmas|131\/304|[from] item: Leftovers
|-heal|p2a: Heatran|348\/386|[from] item: Leftovers
|turn|18
|
|move|p1a: Not Christmas|Hydro Pump|p2a: Heatran
|-supereffective|p2a: Heatran
|-damage|p2a: Heatran|174\/386
|move|p2a: Heatran|Flamethrower|p1a: Not Christmas
|-resisted|p1a: Not Christmas
|-damage|p1a: Not Christmas|74\/304
|-status|p1a: Not Christmas|brn
|
|-heal|p1a: Not Christmas|93\/304 brn|[from] item: Leftovers
|-heal|p2a: Heatran|198\/386|[from] item: Leftovers
|-damage|p1a: Not Christmas|55\/304 brn|[from] brn
|turn|19
|
|move|p2a: Heatran|Protect|p2a: Heatran
|-singleturn|p2a: Heatran|Protect
|move|p1a: Not Christmas|Hydro Pump|p2a: Heatran
|-activate|p2a: Heatran|Protect
|
|-heal|p1a: Not Christmas|74\/304 brn|[from] item: Leftovers
|-heal|p2a: Heatran|222\/386|[from] item: Leftovers
|-damage|p1a: Not Christmas|36\/304 brn|[from] brn
|turn|20
|
|move|p1a: Not Christmas|Pain Split|p2a: Heatran
|-sethp|p2a: Heatran|129\/386|p1a: Not Christmas|129\/304 brn|[from] move: Pain Split
|move|p2a: Heatran|Flash Cannon|p1a: Not Christmas
|-resisted|p1a: Not Christmas
|-damage|p1a: Not Christmas|101\/304 brn
|
|-heal|p1a: Not Christmas|120\/304 brn|[from] item: Leftovers
|-heal|p2a: Heatran|153\/386|[from] item: Leftovers
|-damage|p1a: Not Christmas|82\/304 brn|[from] brn
|turn|21
|
|move|p2a: Heatran|Protect|p2a: Heatran
|-singleturn|p2a: Heatran|Protect
|move|p1a: Not Christmas|Hydro Pump|p2a: Heatran
|-activate|p2a: Heatran|Protect
|
|-heal|p1a: Not Christmas|101\/304 brn|[from] item: Leftovers
|-heal|p2a: Heatran|177\/386|[from] item: Leftovers
|-damage|p1a: Not Christmas|63\/304 brn|[from] brn
|turn|22
|
|move|p1a: Not Christmas|Volt Switch|p2a: Heatran
|-damage|p2a: Heatran|111\/386
|
|switch|p1a: Not Christmas|Metagross-Mega|84\/301
|move|p2a: Heatran|Flamethrower|p1a: Not Christmas
|-supereffective|p1a: Not Christmas
|-damage|p1a: Not Christmas|0 fnt
|faint|p1a: Not Christmas
|
|-heal|p2a: Heatran|135\/386|[from] item: Leftovers
|
|switch|p1a: Not Christmas|Latias, F|208\/301
|turn|23
|
|move|p2a: Heatran|Protect|p2a: Heatran
|-singleturn|p2a: Heatran|Protect
|move|p1a: Not Christmas|Psyshock|p2a: Heatran
|-activate|p2a: Heatran|Protect
|
|-heal|p2a: Heatran|159\/386|[from] item: Leftovers
|turn|24
|
|move|p1a: Not Christmas|Draco Meteor|p2a: Heatran
|-crit|p2a: Heatran
|-resisted|p2a: Heatran
|-damage|p2a: Heatran|19\/386
|-unboost|p1a: Not Christmas|spa|2
|-damage|p1a: Not Christmas|178\/301|[from] item: Life Orb
|move|p2a: Heatran|Flash Cannon|p1a: Not Christmas
|-damage|p1a: Not Christmas|85\/301
|
|-heal|p2a: Heatran|43\/386|[from] item: Leftovers
|turn|25
|
|move|p1a: Not Christmas|Healing Wish|p1a: Not Christmas
|faint|p1a: Not Christmas
|move|p2a: Heatran|Flash Cannon|p1: Not Christmas|[notarget]
|-notarget
|
|-heal|p2a: Heatran|67\/386|[from] item: Leftovers
|
|switch|p1a: Not Christmas|Rotom-Wash|63\/304 brn
|-heal|p1a: Not Christmas|304\/304|[from] move: Healing Wish
|turn|26
|
|move|p1a: Not Christmas|Hydro Pump|p2a: Heatran|[miss]
|-miss|p1a: Not Christmas|p2a: Heatran
|move|p2a: Heatran|Flamethrower|p1a: Not Christmas
|-resisted|p1a: Not Christmas
|-damage|p1a: Not Christmas|238\/304
|-status|p1a: Not Christmas|brn
|
|-heal|p1a: Not Christmas|257\/304 brn|[from] item: Leftovers
|-heal|p2a: Heatran|91\/386|[from] item: Leftovers
|-damage|p1a: Not Christmas|219\/304 brn|[from] brn
|turn|27
|
|move|p2a: Heatran|Protect|p2a: Heatran
|-singleturn|p2a: Heatran|Protect
|move|p1a: Not Christmas|Hydro Pump|p2a: Heatran
|-activate|p2a: Heatran|Protect
|
|-heal|p1a: Not Christmas|238\/304 brn|[from] item: Leftovers
|-heal|p2a: Heatran|115\/386|[from] item: Leftovers
|-damage|p1a: Not Christmas|200\/304 brn|[from] brn
|turn|28
|
|switch|p2a: Azumarill|Azumarill, M, shiny|311\/401
|move|p1a: Not Christmas|Hydro Pump|p2a: Azumarill
|-resisted|p2a: Azumarill
|-damage|p2a: Azumarill|260\/401
|
|-heal|p1a: Not Christmas|219\/304 brn|[from] item: Leftovers
|-damage|p1a: Not Christmas|181\/304 brn|[from] brn
|turn|29
|
|switch|p2a: Heatran|Heatran, M, shiny|115\/386
|move|p1a: Not Christmas|Will-O-Wisp|p2a: Heatran
|-start|p2a: Heatran|ability: Flash Fire
|
|-heal|p1a: Not Christmas|200\/304 brn|[from] item: Leftovers
|-heal|p2a: Heatran|139\/386|[from] item: Leftovers
|-damage|p1a: Not Christmas|162\/304 brn|[from] brn
|turn|30
|
|move|p1a: Not Christmas|Hydro Pump|p2a: Heatran
|-supereffective|p2a: Heatran
|-damage|p2a: Heatran|0 fnt
|faint|p2a: Heatran
|
|-heal|p1a: Not Christmas|181\/304 brn|[from] item: Leftovers
|-damage|p1a: Not Christmas|143\/304 brn|[from] brn
|
|switch|p2a: Thundurus|Thundurus, M|59\/299
|turn|31
|
|move|p2a: Thundurus|Thunderbolt|p1a: Not Christmas
|-damage|p1a: Not Christmas|0 fnt
|faint|p1a: Not Christmas
|
|-heal|p2a: Thundurus|77\/299|[from] item: Leftovers
|
|switch|p1a: Not Christmas|Magnezone|281\/281
|turn|32
|
|move|p1a: Not Christmas|Thunderbolt|p2a: Thundurus
|-damage|p2a: Thundurus|0 fnt
|faint|p2a: Thundurus
|
|c|âBiGosse|Gg
|c|âKama Sutra|gg
|
|switch|p2a: Azumarill|Azumarill, M, shiny|260\/401
|turn|33
|
|move|p1a: Not Christmas|Thunderbolt|p2a: Azumarill
|-supereffective|p2a: Azumarill
|-damage|p2a: Azumarill|12\/401
|move|p2a: Azumarill|Waterfall|p1a: Not Christmas
|-damage|p1a: Not Christmas|139\/281
|
|turn|34
|
|move|p2a: Azumarill|Aqua Jet|p1a: Not Christmas
|-damage|p1a: Not Christmas|60\/281
|move|p1a: Not Christmas|Thunderbolt|p2a: Azumarill
|-supereffective|p2a: Azumarill
|-damage|p2a: Azumarill|0 fnt
|faint|p2a: Azumarill
|
|win|Kama Sutra
|raw|Ladder updating...
|raw|Kama Sutra's rating: 1376 &rarr; <strong>1390<\/strong><br \/>(+14 for winning)
|raw|BiGosse's rating: 1272 &rarr; <strong>1254<\/strong><br \/>(-18 for losing)
|leave|Kama Sutra
|player|p1