|join|req'd by crobro
|join|Kama Sutra
|player|p1|req'd by crobro|288
|player|p2|Kama Sutra|171
|gametype|singles
|gen|6
|tier|OU (suspect test)
|rated
|clearpoke
|poke|p1|Amoonguss, F
|poke|p1|Slowbro, F
|poke|p1|Heatran, F
|poke|p1|Landorus-Therian, M
|poke|p1|Metagross
|poke|p1|Clefable, M
|poke|p2|Talonflame, F
|poke|p2|Raikou, shiny
|poke|p2|Diancie
|poke|p2|Dragonite, F
|poke|p2|Azelf
|poke|p2|Diggersby, M
|rule|Swagger Clause: Swagger is banned
|rule|Baton Pass Clause: Limit one PokÃ©mon knowing Baton Pass
|rule|Sleep Clause Mod: Limit one foe put to sleep
|rule|Species Clause: Limit one of each PokÃ©mon
|rule|OHKO Clause: OHKO moves are banned
|rule|Moody Clause: Moody is banned
|rule|Evasion Moves Clause: Evasion moves are banned
|rule|Endless Battle Clause: Forcing endless battles is banned
|rule|HP Percentage Mod: HP is shown in percentages
|teampreview
|
|start
|switch|p1a: Landorus-Therian|Landorus-Therian, M|319\/319
|switch|p2a: Azelf|Azelf|291\/291
|-ability|p1a: Landorus-Therian|Intimidate|[of] p2a: Azelf
|-unboost|p2a: Azelf|atk|1
|turn|1
|
|move|p1a: Landorus-Therian|U-turn|p2a: Azelf
|-supereffective|p2a: Azelf
|-enditem|p2a: Azelf|Focus Sash
|-damage|p2a: Azelf|1\/291
|
|switch|p1a: Metagross|Metagross|301\/301
|move|p2a: Azelf|Stealth Rock|p1a: Metagross
|-sidestart|p1: req'd by crobro|move: Stealth Rock
|
|turn|2
|
|detailschange|p1a: Metagross|Metagross-Mega
|-mega|p1a: Metagross|Metagross|Metagrossite
|move|p1a: Metagross|Bullet Punch|p2a: Azelf
|-damage|p2a: Azelf|0 fnt
|faint|p2a: Azelf
|
|
|switch|p2a: Raikou|Raikou, shiny|321\/321
|-ability|p2a: Raikou|Pressure
|turn|3
|
|switch|p1a: Landorus-Therian|Landorus-Therian, M|319\/319
|-damage|p1a: Landorus-Therian|280\/319|[from] Stealth Rock
|-ability|p1a: Landorus-Therian|Intimidate|[of] p2a: Raikou
|-unboost|p2a: Raikou|atk|1
|move|p2a: Raikou|Shadow Ball|p1a: Landorus-Therian
|-damage|p1a: Landorus-Therian|173\/319
|
|turn|4
|
|move|p1a: Landorus-Therian|U-turn|p2a: Raikou
|-damage|p2a: Raikou|200\/321
|
|switch|p1a: Heatran|Heatran, F|385\/385
|-damage|p1a: Heatran|337\/385|[from] Stealth Rock
|move|p2a: Raikou|Shadow Ball|p1a: Heatran
|-damage|p1a: Heatran|278\/385
|-unboost|p1a: Heatran|spd|1
|
|-heal|p1a: Heatran|302\/385|[from] item: Leftovers
|turn|5
|
|move|p2a: Raikou|Thunderbolt|p1a: Heatran
|-damage|p1a: Heatran|151\/385
|move|p1a: Heatran|Stealth Rock|p2a: Raikou
|-sidestart|p2: Kama Sutra|move: Stealth Rock
|
|-heal|p1a: Heatran|175\/385|[from] item: Leftovers
|turn|6
|
|move|p2a: Raikou|Volt Switch|p1a: Heatran
|-damage|p1a: Heatran|54\/385
|
|switch|p2a: Dragonite|Dragonite, F|323\/323
|-damage|p2a: Dragonite|243\/323|[from] Stealth Rock
|move|p1a: Heatran|Lava Plume|p2a: Dragonite
|-resisted|p2a: Dragonite
|-damage|p2a: Dragonite|186\/323
|
|-heal|p1a: Heatran|78\/385|[from] item: Leftovers
|turn|7
|
|move|p2a: Dragonite|Dragon Dance|p2a: Dragonite
|-boost|p2a: Dragonite|atk|1
|-boost|p2a: Dragonite|spe|1
|move|p1a: Heatran|Roar|p2a: Dragonite
|drag|p2a: Raikou|Raikou, shiny|200\/321
|-damage|p2a: Raikou|160\/321|[from] Stealth Rock
|-ability|p2a: Raikou|Pressure
|
|-heal|p1a: Heatran|102\/385|[from] item: Leftovers
|turn|8
|
|move|p2a: Raikou|Volt Switch|p1a: Heatran
|-damage|p1a: Heatran|0 fnt
|faint|p1a: Heatran
|
|switch|p2a: Dragonite|Dragonite, F|186\/323
|-damage|p2a: Dragonite|106\/323|[from] Stealth Rock
|
|
|switch|p1a: Clefable|Clefable, M|393\/393
|turn|9
|
|move|p2a: Dragonite|Earthquake|p1a: Clefable
|-damage|p1a: Clefable|278\/393
|move|p1a: Clefable|Moonblast|p2a: Dragonite
|-supereffective|p2a: Dragonite
|-damage|p2a: Dragonite|0 fnt
|faint|p2a: Dragonite
|
|-heal|p1a: Clefable|302\/393|[from] item: Leftovers
|
|switch|p2a: Talonflame|Talonflame, F|297\/297
|-damage|p2a: Talonflame|149\/297|[from] Stealth Rock
|turn|10
|
|switch|p1a: Slowbro|Slowbro, F|393\/393
|-damage|p1a: Slowbro|344\/393|[from] Stealth Rock
|move|p2a: Talonflame|Swords Dance|p2a: Talonflame
|-boost|p2a: Talonflame|atk|2
|
|-heal|p1a: Slowbro|368\/393|[from] item: Leftovers
|turn|11
|
|move|p2a: Talonflame|Brave Bird|p1a: Slowbro
|-damage|p1a: Slowbro|110\/393
|-damage|p2a: Talonflame|64\/297|[from] recoil|[of] p1a: Slowbro
|move|p1a: Slowbro|Scald|p2a: Talonflame
|-supereffective|p2a: Talonflame
|-damage|p2a: Talonflame|0 fnt
|faint|p2a: Talonflame
|
|-heal|p1a: Slowbro|134\/393|[from] item: Leftovers
|
|switch|p2a: Diancie|Diancie|241\/241
|-damage|p2a: Diancie|211\/241|[from] Stealth Rock
|turn|12
|
|switch|p1a: Amoonguss|Amoonguss, F|431\/431
|-damage|p1a: Amoonguss|378\/431|[from] Stealth Rock
|detailschange|p2a: Diancie|Diancie-Mega
|-mega|p2a: Diancie|Diancie|Diancite
|move|p2a: Diancie|Moonblast|p1a: Amoonguss
|-resisted|p1a: Amoonguss
|-damage|p1a: Amoonguss|258\/431
|
|-heal|p1a: Amoonguss|284\/431|[from] item: Black Sludge
|turn|13
|
|move|p2a: Diancie|Diamond Storm|p1a: Amoonguss
|-damage|p1a: Amoonguss|106\/431
|move|p1a: Amoonguss|Giga Drain|p2a: Diancie
|-supereffective|p2a: Diancie
|-damage|p2a: Diancie|53\/241
|-heal|p1a: Amoonguss|185\/431|[from] drain|[of] p2a: Diancie
|
|-heal|p1a: Amoonguss|211\/431|[from] item: Black Sludge
|turn|14
|
|move|p2a: Diancie|Diamond Storm|p1a: Amoonguss
|-damage|p1a: Amoonguss|57\/431
|-boost|p2a: Diancie|def|1
|move|p1a: Amoonguss|Giga Drain|p2a: Diancie
|-supereffective|p2a: Diancie
|-damage|p2a: Diancie|0 fnt
|-heal|p1a: Amoonguss|84\/431|[from] drain|[of] p2a: Diancie
|faint|p2a: Diancie
|
|-heal|p1a: Amoonguss|110\/431|[from] item: Black Sludge
|
|switch|p2a: Diggersby|Diggersby, M|311\/311
|-damage|p2a: Diggersby|292\/311|[from] Stealth Rock
|turn|15
|-message|Kama Sutra forfeited.
|leave|Kama Sutra
|
|win|req'd by crobro
|raw|Ladder updating...
|player|p2
|raw|req&apos;d by crobro's rating: 1573 &rarr; <strong>1594<\/strong><br \/>(+21 for winning)
|raw|Kama Sutra's rating: 1580 &rarr; <strong>1560<\/strong><br \/>(-20 for losing)