|join|Kama Sutra
|join|unk
|player|p1|Kama Sutra|141
|player|p2|unk|266
|gametype|singles
|gen|6
|tier|OU (suspect test)
|rated
|clearpoke
|poke|p1|Heracross, M
|poke|p1|Latios, M
|poke|p1|Greninja, M
|poke|p1|Shuckle, M, shiny
|poke|p1|Thundurus, M
|poke|p1|Azumarill, F
|poke|p2|Latios, M
|poke|p2|Scizor, M
|poke|p2|Heatran, F
|poke|p2|Amoonguss, M
|poke|p2|Zapdos
|poke|p2|Keldeo
|rule|Swagger Clause: Swagger is banned
|rule|Baton Pass Clause: Limit one PokÃ©mon knowing Baton Pass
|rule|Sleep Clause Mod: Limit one foe put to sleep
|rule|Species Clause: Limit one of each PokÃ©mon
|rule|OHKO Clause: OHKO moves are banned
|rule|Moody Clause: Moody is banned
|rule|Evasion Moves Clause: Evasion moves are banned
|rule|Endless Battle Clause: Forcing endless battles is banned
|rule|HP Percentage Mod: HP is shown in percentages
|teampreview
|
|start
|switch|p1a: BLUE TEAM|Shuckle, M, shiny|244\/244
|switch|p2a: Amoonguss|Amoonguss, M|432\/432
|turn|1
|
|move|p2a: Amoonguss|Spore|p1a: BLUE TEAM
|-status|p1a: BLUE TEAM|slp
|cant|p1a: BLUE TEAM|slp
|
|turn|2
|
|switch|p2a: Scizor|Scizor, M|340\/340
|-curestatus|p1a: BLUE TEAM|slp
|move|p1a: BLUE TEAM|Stealth Rock|p2a: Scizor
|-sidestart|p2: unk|move: Stealth Rock
|
|turn|3
|
|detailschange|p2a: Scizor|Scizor-Mega, M
|message|Scizor has Mega Evolved into Mega Scizor!
|move|p2a: Scizor|Knock Off|p1a: BLUE TEAM
|-damage|p1a: BLUE TEAM|180\/244
|-enditem|p1a: BLUE TEAM|Mental Herb|[from] move: Knock Off|[of] p2a: Scizor
|move|p1a: BLUE TEAM|Encore|p2a: Scizor
|-start|p2a: Scizor|Encore
|
|turn|4
|
|switch|p2a: Heatran|Heatran, F|385\/385
|-damage|p2a: Heatran|337\/385|[from] Stealth Rock
|move|p1a: BLUE TEAM|Sticky Web|p2a: Heatran
|-sidestart|p2: unk|move: Sticky Web
|
|-heal|p2a: Heatran|361\/385|[from] item: Leftovers
|turn|5
|
|switch|p1a: Greninja|Greninja, M|286\/286
|move|p2a: Heatran|Stealth Rock|p1a: Greninja
|-sidestart|p1: Kama Sutra|move: Stealth Rock
|
|-heal|p2a: Heatran|385\/385|[from] item: Leftovers
|turn|6
|
|move|p1a: Greninja|Hydro Pump|p2a: Heatran|[miss]
|-start|p1a: Greninja|typechange|Water|[from] Protean
|-miss|p1a: Greninja|p2a: Heatran
|move|p2a: Heatran|Roar|p1a: Greninja
|drag|p1a: Latios|Latios, M|302\/302
|-damage|p1a: Latios|265\/302|[from] Stealth Rock
|
|turn|7
|
|move|p1a: Latios|Thunderbolt|p2a: Heatran
|-damage|p2a: Heatran|286\/385
|-damage|p1a: Latios|235\/302|[from] item: Life Orb
|move|p2a: Heatran|Lava Plume|p1a: Latios
|-resisted|p1a: Latios
|-damage|p1a: Latios|176\/302
|
|-heal|p2a: Heatran|310\/385|[from] item: Leftovers
|turn|8
|
|move|p1a: Latios|Roost|p1a: Latios
|-heal|p1a: Latios|302\/302
|move|p2a: Heatran|Lava Plume|p1a: Latios
|-resisted|p1a: Latios
|-damage|p1a: Latios|249\/302
|
|-heal|p2a: Heatran|334\/385|[from] item: Leftovers
|turn|9
|
|switch|p1a: Greninja|Greninja, M|286\/286
|-damage|p1a: Greninja|251\/286|[from] Stealth Rock
|move|p2a: Heatran|Lava Plume|p1a: Greninja
|-resisted|p1a: Greninja
|-damage|p1a: Greninja|179\/286
|-status|p1a: Greninja|brn
|
|-heal|p2a: Heatran|358\/385|[from] item: Leftovers
|-damage|p1a: Greninja|144\/286 brn|[from] brn
|turn|10
|
|switch|p2a: Amoonguss|Amoonguss, M|432\/432
|-damage|p2a: Amoonguss|378\/432|[from] Stealth Rock
|-activate|p2a: Amoonguss|move: Sticky Web
|-unboost|p2a: Amoonguss|spe|1
|move|p1a: Greninja|Hydro Pump|p2a: Amoonguss|[miss]
|-start|p1a: Greninja|typechange|Water|[from] Protean
|-miss|p1a: Greninja|p2a: Amoonguss
|
|-heal|p2a: Amoonguss|405\/432|[from] item: Black Sludge
|-damage|p1a: Greninja|109\/286 brn|[from] brn
|turn|11
|
|move|p1a: Greninja|Ice Beam|p2a: Amoonguss
|-start|p1a: Greninja|typechange|Ice|[from] Protean
|-supereffective|p2a: Amoonguss
|-damage|p2a: Amoonguss|85\/432
|-damage|p1a: Greninja|81\/286 brn|[from] item: Life Orb
|move|p2a: Amoonguss|Spore|p1a: Greninja
|-fail|p1a: Greninja
|
|-heal|p2a: Amoonguss|112\/432|[from] item: Black Sludge
|-damage|p1a: Greninja|46\/286 brn|[from] brn
|turn|12
|
|switch|p2a: Heatran|Heatran, F|358\/385
|-activate|p2a: Heatran|move: Sticky Web
|-unboost|p2a: Heatran|spe|1
|-damage|p2a: Heatran|310\/385|[from] Stealth Rock
|move|p1a: Greninja|Hydro Pump|p2a: Heatran|[miss]
|-start|p1a: Greninja|typechange|Water|[from] Protean
|-miss|p1a: Greninja|p2a: Heatran
|
|-heal|p2a: Heatran|334\/385|[from] item: Leftovers
|-damage|p1a: Greninja|11\/286 brn|[from] brn
|turn|13
|
|switch|p2a: Keldeo|Keldeo|323\/323
|-damage|p2a: Keldeo|303\/323|[from] Stealth Rock
|-activate|p2a: Keldeo|move: Sticky Web
|-unboost|p2a: Keldeo|spe|1
|move|p1a: Greninja|Hydro Pump|p2a: Keldeo|[miss]
|-miss|p1a: Greninja|p2a: Keldeo
|
|-heal|p2a: Keldeo|323\/323|[from] item: Leftovers
|-damage|p1a: Greninja|0 fnt|[from] brn
|faint|p1a: Greninja
|
|switch|p1a: Azumarill|Azumarill, F|342\/342
|-damage|p1a: Azumarill|300\/342|[from] Stealth Rock
|turn|14
|
|switch|p2a: Amoonguss|Amoonguss, M|256\/432
|-activate|p2a: Amoonguss|move: Sticky Web
|-unboost|p2a: Amoonguss|spe|1
|-damage|p2a: Amoonguss|202\/432|[from] Stealth Rock
|move|p1a: Azumarill|Belly Drum|p1a: Azumarill
|-damage|p1a: Azumarill|129\/342
|-setboost|p1a: Azumarill|atk|6|[from] move: Belly Drum
|-enditem|p1a: Azumarill|Sitrus Berry|[eat]
|-heal|p1a: Azumarill|214\/342|[from] item: Sitrus Berry
|
|-heal|p2a: Amoonguss|229\/432|[from] item: Black Sludge
|turn|15
|
|move|p1a: Azumarill|Waterfall|p2a: Amoonguss
|-resisted|p2a: Amoonguss
|-damage|p2a: Amoonguss|0 fnt
|faint|p2a: Amoonguss
|
|
|switch|p2a: Zapdos|Zapdos|384\/384
|-damage|p2a: Zapdos|288\/384|[from] Stealth Rock
|-ability|p2a: Zapdos|Pressure
|turn|16
|
|move|p1a: Azumarill|Aqua Jet|p2a: Zapdos
|-damage|p2a: Zapdos|6\/384
|move|p2a: Zapdos|Thunderbolt|p1a: Azumarill
|-supereffective|p1a: Azumarill
|-damage|p1a: Azumarill|0 fnt
|faint|p1a: Azumarill
|
|-heal|p2a: Zapdos|30\/384|[from] item: Leftovers
|
|switch|p1a: Latios|Latios, M|249\/302
|-damage|p1a: Latios|212\/302|[from] Stealth Rock
|turn|17
|
|move|p1a: Latios|Psychic|p2a: Zapdos
|-damage|p2a: Zapdos|0 fnt
|-damage|p1a: Latios|182\/302|[from] item: Life Orb
|faint|p2a: Zapdos
|
|
|switch|p2a: Scizor|Scizor-Mega, M|340\/340
|-activate|p2a: Scizor|move: Sticky Web
|-unboost|p2a: Scizor|spe|1
|-damage|p2a: Scizor|298\/340|[from] Stealth Rock
|turn|18
|
|move|p1a: Latios|Draco Meteor|p2a: Scizor
|-resisted|p2a: Scizor
|-damage|p2a: Scizor|146\/340
|-unboost|p1a: Latios|spa|2
|-damage|p1a: Latios|152\/302|[from] item: Life Orb
|move|p2a: Scizor|Knock Off|p1a: Latios
|-supereffective|p1a: Latios
|-damage|p1a: Latios|0 fnt
|-enditem|p1a: Latios|Life Orb|[from] move: Knock Off|[of] p2a: Scizor
|faint|p1a: Latios
|
|
|switch|p1a: Heracross|Heracross, M|302\/302
|-damage|p1a: Heracross|265\/302|[from] Stealth Rock
|turn|19
|
|detailschange|p1a: Heracross|Heracross-Mega, M
|message|Heracross has Mega Evolved into Mega Heracross!
|move|p2a: Scizor|Bullet Punch|p1a: Heracross
|-damage|p1a: Heracross|153\/302
|move|p1a: Heracross|Close Combat|p2a: Scizor
|-damage|p2a: Scizor|0 fnt
|-unboost|p1a: Heracross|def|1
|-unboost|p1a: Heracross|spd|1
|faint|p2a: Scizor
|
|
|switch|p2a: Latios|Latios, M|302\/302
|-damage|p2a: Latios|265\/302|[from] Stealth Rock
|turn|20
|
|switch|p1a: BLUE TEAM|Shuckle, M, shiny|180\/244
|-damage|p1a: BLUE TEAM|119\/244|[from] Stealth Rock
|move|p2a: Latios|Psyshock|p1a: BLUE TEAM
|-damage|p1a: BLUE TEAM|25\/244
|
|turn|21
|
|move|p2a: Latios|Psyshock|p1a: BLUE TEAM
|-damage|p1a: BLUE TEAM|0 fnt
|faint|p1a: BLUE TEAM
|
|
|switch|p1a: Thundurus|Thundurus, M|298\/298
|-damage|p1a: Thundurus|224\/298|[from] Stealth Rock
|turn|22
|
|switch|p1a: Heracross|Heracross-Mega, M|153\/302
|-damage|p1a: Heracross|116\/302|[from] Stealth Rock
|switch|p2a: Heatran|Heatran, F|334\/385
|-activate|p2a: Heatran|move: Sticky Web
|-unboost|p2a: Heatran|spe|1
|-damage|p2a: Heatran|286\/385|[from] Stealth Rock
|
|-heal|p2a: Heatran|310\/385|[from] item: Leftovers
|turn|23
|
|move|p1a: Heracross|Close Combat|p2a: Heatran
|-supereffective|p2a: Heatran
|-damage|p2a: Heatran|0 fnt
|-unboost|p1a: Heracross|def|1
|-unboost|p1a: Heracross|spd|1
|faint|p2a: Heatran
|
|
|switch|p2a: Latios|Latios, M|265\/302
|-damage|p2a: Latios|228\/302|[from] Stealth Rock
|turn|24
|
|move|p2a: Latios|Psyshock|p1a: Heracross
|-supereffective|p1a: Heracross
|-damage|p1a: Heracross|0 fnt
|faint|p1a: Heracross
|
|
|switch|p1a: Thundurus|Thundurus, M|224\/298
|-damage|p1a: Thundurus|150\/298|[from] Stealth Rock
|turn|25
|
|move|p1a: Thundurus|Knock Off|p2a: Latios
|-supereffective|p2a: Latios
|-damage|p2a: Latios|0 fnt
|-enditem|p2a: Latios|Choice Specs|[from] move: Knock Off|[of] p1a: Thundurus
|-damage|p1a: Thundurus|121\/298|[from] item: Life Orb
|faint|p2a: Latios
|
|
|switch|p2a: Keldeo|Keldeo|323\/323
|-damage|p2a: Keldeo|303\/323|[from] Stealth Rock
|-activate|p2a: Keldeo|move: Sticky Web
|-unboost|p2a: Keldeo|spe|1
|turn|26
|
|move|p1a: Thundurus|Thunderbolt|p2a: Keldeo
|-crit|p2a: Keldeo
|-supereffective|p2a: Keldeo
|-damage|p2a: Keldeo|0 fnt
|-damage|p1a: Thundurus|92\/298|[from] item: Life Orb
|faint|p2a: Keldeo
|
|win|Kama Sutra
|raw|Ladder updating...
|raw|Kama Sutra's rating: 1243 &rarr; <strong>1273<\/strong><br \/>(+30 for winning)
|raw|unk's rating: 1323 &rarr; <strong>1298<\/strong><br \/>(-25 for losing)
|leave|Kama Sutra
|player|p1