|join|Kama Sutra
|join|AliceMadness
|player|p1|Kama Sutra|141
|player|p2|AliceMadness|253
|gametype|singles
|gen|6
|tier|OU (suspect test)
|rated
|clearpoke
|poke|p1|Heracross, M
|poke|p1|Mew
|poke|p1|Diggersby, M
|poke|p1|Azumarill, M
|poke|p1|Latias, F
|poke|p1|Smeargle, M
|poke|p2|Latios, M
|poke|p2|Landorus-Therian, M
|poke|p2|Azumarill, M
|poke|p2|Thundurus, M
|poke|p2|Medicham, M
|poke|p2|Magnezone, shiny
|rule|Swagger Clause: Swagger is banned
|rule|Baton Pass Clause: Limit one PokÃ©mon knowing Baton Pass
|rule|Sleep Clause Mod: Limit one foe put to sleep
|rule|Species Clause: Limit one of each PokÃ©mon
|rule|OHKO Clause: OHKO moves are banned
|rule|Moody Clause: Moody is banned
|rule|Evasion Moves Clause: Evasion moves are banned
|rule|Endless Battle Clause: Forcing endless battles is banned
|rule|HP Percentage Mod: HP is shown in percentages
|teampreview
|
|start
|switch|p1a: Smeargle|Smeargle, M|314\/314
|switch|p2a: Medicham|Medicham, M|261\/261
|turn|1
|
|switch|p1a: Mew|Mew|404\/404
|detailschange|p2a: Medicham|Medicham-Mega, M
|message|Medicham has Mega Evolved into Mega Medicham!
|move|p2a: Medicham|Fake Out|p1a: Mew
|-damage|p1a: Mew|317\/404
|
|-heal|p1a: Mew|342\/404|[from] item: Leftovers
|turn|2
|join|Moneminos
|
|switch|p2a: Thundurus|Thundurus, M|299\/299
|move|p1a: Mew|Will-O-Wisp|p2a: Thundurus
|-status|p2a: Thundurus|brn
|
|-heal|p1a: Mew|367\/404|[from] item: Leftovers
|-damage|p2a: Thundurus|262\/299 brn|[from] brn
|turn|3
|
|switch|p1a: Diggersby|Diggersby, M|311\/311
|move|p2a: Thundurus|Thunderbolt|p1a: Diggersby
|-immune|p1a: Diggersby|[msg]
|
|-damage|p2a: Thundurus|225\/299 brn|[from] brn
|turn|4
|
|move|p2a: Thundurus|Superpower|p1a: Diggersby
|-supereffective|p1a: Diggersby
|-damage|p1a: Diggersby|113\/311
|-unboost|p2a: Thundurus|atk|1
|-unboost|p2a: Thundurus|def|1
|-damage|p2a: Thundurus|196\/299 brn|[from] item: Life Orb
|move|p1a: Diggersby|Swords Dance|p1a: Diggersby
|-boost|p1a: Diggersby|atk|2
|
|-damage|p2a: Thundurus|159\/299 brn|[from] brn
|turn|5
|
|move|p1a: Diggersby|Quick Attack|p2a: Thundurus
|-damage|p2a: Thundurus|0 fnt
|faint|p2a: Thundurus
|
|
|switch|p2a: Skywalker|Landorus-Therian, M|319\/319
|-ability|p2a: Skywalker|Intimidate|[of] p1a: Diggersby
|-unboost|p1a: Diggersby|atk|1
|turn|6
|
|move|p2a: Skywalker|Explosion|p1a: Diggersby
|-damage|p1a: Diggersby|0 fnt
|faint|p2a: Skywalker
|faint|p1a: Diggersby
|
|
|switch|p2a: Medicham|Medicham-Mega, M|261\/261
|switch|p1a: Smeargle|Smeargle, M|314\/314
|turn|7
|
|switch|p1a: Mew|Mew|367\/404
|move|p2a: Medicham|Fake Out|p1a: Mew
|-damage|p1a: Mew|283\/404
|
|-heal|p1a: Mew|308\/404|[from] item: Leftovers
|turn|8
|leave|Kama Sutra
|player|p1
|-message|kamasutra lost due to inactivity.
|
|win|AliceMadness
|raw|Ladder updating...
|raw|Kama Sutra's rating: 1328 &rarr; <strong>1307<\/strong><br \/>(-21 for losing)
|raw|AliceMadness's rating: 1322 &rarr; <strong>1342<\/strong><br \/>(+20 for winning)