|join|WebBowser
|join|ajit
|player|p1|WebBowser|92
|player|p2|ajit|265
|gametype|singles
|gen|6
|tier|ORAS OU
|rated
|rule|Sleep Clause Mod: Limit one foe put to sleep
|rule|Species Clause: Limit one of each PokÃ©mon
|rule|OHKO Clause: OHKO moves are banned
|rule|Moody Clause: Moody is banned
|rule|Evasion Moves Clause: Evasion moves are banned
|rule|Endless Battle Clause: Forcing endless battles is banned
|rule|HP Percentage Mod: HP is shown in percentages
|clearpoke
|poke|p1|Scolipede, F
|poke|p1|Espeon, F
|poke|p1|Latios, M
|poke|p1|Greninja, M
|poke|p1|Charizard, F
|poke|p1|Wobbuffet, F
|poke|p2|Lopunny, F
|poke|p2|Landorus-Therian, M
|poke|p2|Zapdos
|poke|p2|Heatran, M
|poke|p2|Greninja, M
|poke|p2|Sylveon, M
|rule|Swagger Clause: Swagger is banned
|rule|Baton Pass Clause: Limit one PokÃ©mon knowing Baton Pass
|teampreview
|c|âWebBowser|gl hf
|
|start
|switch|p1a: Latios|Latios, M|364\/364
|switch|p2a: Glamorous|Landorus-Therian, M|371\/371
|-ability|p2a: Glamorous|Intimidate|[of] p1a: Latios
|-unboost|p1a: Latios|atk|1
|turn|1
|
|move|p1a: Latios|Reflect|p1a: Latios
|-sidestart|p1: WebBowser|Reflect
|move|p2a: Glamorous|U-turn|p1a: Latios
|-supereffective|p1a: Latios
|-damage|p1a: Latios|278\/364
|
|switch|p2a: Fapdos|Zapdos|372\/372
|-ability|p2a: Fapdos|Pressure
|
|turn|2
|
|move|p1a: Latios|Memento|p2a: Fapdos
|-unboost|p2a: Fapdos|atk|2
|-unboost|p2a: Fapdos|spa|2
|faint|p1a: Latios
|move|p2a: Fapdos|Defog|p1: Latios|[notarget]
|-notarget
|
|
|switch|p1a: Scolipede|Scolipede, F|323\/323
|turn|3
|
|move|p1a: Scolipede|Iron Defense|p1a: Scolipede
|-boost|p1a: Scolipede|def|2
|move|p2a: Fapdos|Volt Switch|p1a: Scolipede
|-damage|p1a: Scolipede|253\/323
|
|switch|p2a: Heatran|Heatran, M|386\/386
|
|-boost|p1a: Scolipede|spe|1|[from] ability: Speed Boost
|turn|4
|
|move|p1a: Scolipede|Baton Pass|p1a: Scolipede
|
|switch|p1a: Espeon|Espeon, F|334\/334
|move|p2a: Heatran|Roar|p1a: Espeon
|move|p1a: Espeon|Roar|p2a: Heatran|[from]Magic Bounce
|drag|p2a: Fapdos|Zapdos|372\/372
|-ability|p2a: Fapdos|Pressure
|
|turn|5
|
|move|p1a: Espeon|Calm Mind|p1a: Espeon
|-boost|p1a: Espeon|spa|1
|-boost|p1a: Espeon|spd|1
|move|p2a: Fapdos|Volt Switch|p1a: Espeon
|-damage|p1a: Espeon|258\/334
|
|switch|p2a: Twerkteam|Lopunny, F|272\/272
|
|-heal|p1a: Espeon|278\/334|[from] item: Leftovers
|turn|6
|
|detailschange|p2a: Twerkteam|Lopunny-Mega, F
|message|Lopunny has Mega Evolved into Mega Lopunny!
|move|p2a: Twerkteam|Fake Out|p1a: Espeon
|-crit|p1a: Espeon
|-damage|p1a: Espeon|173\/334
|cant|p1a: Espeon|flinch
|
|-heal|p1a: Espeon|193\/334|[from] item: Leftovers
|turn|7
|
|move|p2a: Twerkteam|Return|p1a: Espeon
|-crit|p1a: Espeon
|-damage|p1a: Espeon|0 fnt
|faint|p1a: Espeon
|
|c|âajit|niceeee
|c|âWebBowser|double crit?
|c|âWebBowser|rlly?
|
|switch|p1a: Scolipede|Scolipede, F|253\/323
|turn|8
|c|âajit|nice
|c|âajit|nice
|c|âajit|nice
|c|âajit|:]
|
|switch|p2a: Heatran|Heatran, M|386\/386
|move|p1a: Scolipede|Iron Defense|p1a: Scolipede
|-boost|p1a: Scolipede|def|2
|
|-sideend|p1: WebBowser|Reflect
|-boost|p1a: Scolipede|spe|1|[from] ability: Speed Boost
|turn|9
|
|move|p1a: Scolipede|Baton Pass|p1a: Scolipede
|
|switch|p1a: Oh no it's|Wobbuffet, F|584\/584
|move|p2a: Heatran|Roar|p1a: Oh no it's
|drag|p1a: Greninja|Greninja, M|285\/285
|
|turn|10
|
|move|p1a: Greninja|Low Kick|p2a: Heatran
|-start|p1a: Greninja|typechange|Fighting|[from] Protean
|-supereffective|p2a: Heatran
|-damage|p2a: Heatran|0 fnt
|-damage|p1a: Greninja|257\/285|[from] item: Life Orb
|faint|p2a: Heatran
|
|c|âWebBowser|yaaaay, I has chance now!
|
|switch|p2a: Twerkteam|Lopunny-Mega, F|272\/272
|turn|11
|
|move|p2a: Twerkteam|Return|p1a: Greninja
|-damage|p1a: Greninja|0 fnt
|faint|p1a: Greninja
|
|
|switch|p1a: Scolipede|Scolipede, F|253\/323
|turn|12
|
|move|p2a: Twerkteam|Return|p1a: Scolipede
|-damage|p1a: Scolipede|102\/323
|move|p1a: Scolipede|Iron Defense|p1a: Scolipede
|-boost|p1a: Scolipede|def|2
|
|-boost|p1a: Scolipede|spe|1|[from] ability: Speed Boost
|turn|13
|
|move|p2a: Twerkteam|Toxic|p1a: Scolipede
|-fail|p1a: Scolipede
|move|p1a: Scolipede|Iron Defense|p1a: Scolipede
|-boost|p1a: Scolipede|def|2
|
|-boost|p1a: Scolipede|spe|1|[from] ability: Speed Boost
|turn|14
|
|move|p1a: Scolipede|Substitute|p1a: Scolipede
|-start|p1a: Scolipede|Substitute
|-damage|p1a: Scolipede|22\/323
|move|p2a: Twerkteam|Return|p1a: Scolipede
|-activate|p1a: Scolipede|Substitute|[damage]
|
|-boost|p1a: Scolipede|spe|1|[from] ability: Speed Boost
|turn|15
|
|move|p1a: Scolipede|Baton Pass|p1a: Scolipede
|
|switch|p1a: Charizard|Charizard, F|359\/359
|move|p2a: Twerkteam|Return|p1a: Charizard
|-end|p1a: Charizard|Substitute
|
|turn|16
|
|detailschange|p1a: Charizard|Charizard-Mega-X, F
|message|Charizard has Mega Evolved into Mega Charizard!
|move|p1a: Charizard|Flare Blitz|p2a: Twerkteam
|-damage|p2a: Twerkteam|0 fnt
|-damage|p1a: Charizard|269\/359|[from] recoil|[of] p2a: Twerkteam
|faint|p2a: Twerkteam
|
|
|switch|p2a: Glamorous|Landorus-Therian, M|371\/371
|-ability|p2a: Glamorous|Intimidate|[of] p1a: Charizard
|-unboost|p1a: Charizard|atk|1
|turn|17
|
|move|p1a: Charizard|Swords Dance|p1a: Charizard
|-boost|p1a: Charizard|atk|2
|move|p2a: Glamorous|Earthquake|p1a: Charizard
|-supereffective|p1a: Charizard
|-damage|p1a: Charizard|167\/359
|
|turn|18
|
|move|p1a: Charizard|Roost|p1a: Charizard
|-heal|p1a: Charizard|347\/359
|move|p2a: Glamorous|U-turn|p1a: Charizard
|-resisted|p1a: Charizard
|-damage|p1a: Charizard|335\/359
|
|switch|p2a: 0 Switch Ins|Greninja, M|285\/285
|
|turn|19
|
|move|p1a: Charizard|Dragon Claw|p2a: 0 Switch Ins
|-damage|p2a: 0 Switch Ins|0 fnt
|faint|p2a: 0 Switch Ins
|
|-message|ajit forfeited.
|
|win|WebBowser
|raw|Ladder updating...
|leave|ajit
|player|p2
|raw|WebBowser's rating: 1582 &rarr; <strong>1591<\/strong><br \/>(+9 for winning)
|raw|ajit's rating: 1374 &rarr; <strong>1365<\/strong><br \/>(-9 for losing)