|join|WebBowser
|join|GlassDreamz
|player|p1|WebBowser|92
|player|p2|GlassDreamz|285
|gametype|singles
|gen|6
|tier|ORAS OU
|rated
|rule|Sleep Clause Mod: Limit one foe put to sleep
|rule|Species Clause: Limit one of each PokÃ©mon
|rule|OHKO Clause: OHKO moves are banned
|rule|Moody Clause: Moody is banned
|rule|Evasion Moves Clause: Evasion moves are banned
|rule|Endless Battle Clause: Forcing endless battles is banned
|rule|HP Percentage Mod: HP is shown in percentages
|clearpoke
|poke|p1|Scolipede, M
|poke|p1|Espeon, M
|poke|p1|Latios, M
|poke|p1|Greninja, M
|poke|p1|Charizard, F
|poke|p1|Wobbuffet, F
|poke|p2|Heatran, F
|poke|p2|Gallade, M, shiny
|poke|p2|Bisharp, M, shiny
|poke|p2|Staraptor, M
|poke|p2|Rotom-Wash
|poke|p2|Trevenant, M, shiny
|rule|Swagger Clause: Swagger is banned
|rule|Baton Pass Clause: Limit one PokÃ©mon knowing Baton Pass
|teampreview
|c|âWebBowser|this team scares me
|
|start
|switch|p1a: Latios|Latios, M|364\/364
|switch|p2a: Bisharp|Bisharp, M, shiny|272\/272
|turn|1
|
|move|p1a: Latios|Reflect|p1a: Latios
|-sidestart|p1: WebBowser|Reflect
|move|p2a: Bisharp|Swords Dance|p2a: Bisharp
|-boost|p2a: Bisharp|atk|2
|
|turn|2
|c|âGlassDreamz|It's been so so for me. I get up past 1300's then it fails 
|
|switch|p1a: Greninja|Greninja, M|285\/285
|move|p2a: Bisharp|Knock Off|p1a: Greninja
|-resisted|p1a: Greninja
|-damage|p1a: Greninja|132\/285
|-enditem|p1a: Greninja|Life Orb|[from] move: Knock Off|[of] p2a: Bisharp
|
|turn|3
|
|move|p2a: Bisharp|Sucker Punch|p1a: Greninja
|-resisted|p1a: Greninja
|-damage|p1a: Greninja|18\/285
|move|p1a: Greninja|Low Kick|p2a: Bisharp
|-start|p1a: Greninja|typechange|Fighting|[from] Protean
|-supereffective|p2a: Bisharp
|-enditem|p2a: Bisharp|Focus Sash
|-damage|p2a: Bisharp|1\/272
|
|turn|4
|
|switch|p1a: Latios|Latios, M|364\/364
|move|p2a: Bisharp|Sucker Punch|p1a: Latios
|-fail|p1a: Latios
|
|turn|5
|
|move|p1a: Latios|Ice Beam|p2a: Bisharp
|-resisted|p2a: Bisharp
|-damage|p2a: Bisharp|0 fnt
|faint|p2a: Bisharp
|
|c|âWebBowser|yay!
|
|switch|p2a: Rotom-Wash|Rotom-Wash|304\/304
|turn|6
|
|move|p1a: Latios|Light Screen|p1a: Latios
|-sidestart|p1: WebBowser|move: Light Screen
|move|p2a: Rotom-Wash|Hidden Power|p1a: Latios
|-supereffective|p1a: Latios
|-damage|p1a: Latios|266\/364
|
|turn|7
|c|âWebBowser|I avoided losing a mon to bisharp!
|
|switch|p2a: Heatran|Heatran, F|386\/386
|move|p1a: Latios|Memento|p2a: Heatran
|-unboost|p2a: Heatran|atk|2
|-unboost|p2a: Heatran|spa|2
|faint|p1a: Latios
|
|
|switch|p1a: Scolipede|Scolipede, M|323\/323
|turn|8
|
|move|p1a: Scolipede|Iron Defense|p1a: Scolipede
|-boost|p1a: Scolipede|def|2
|move|p2a: Heatran|Lava Plume|p1a: Scolipede
|-supereffective|p1a: Scolipede
|-damage|p1a: Scolipede|235\/323
|
|-sideend|p1: WebBowser|Reflect
|-boost|p1a: Scolipede|spe|1|[from] ability: Speed Boost
|turn|9
|
|switch|p2a: Rotom-Wash|Rotom-Wash|304\/304
|move|p1a: Scolipede|Baton Pass|p1a: Scolipede
|
|switch|p1a: Espeon|Espeon, M|334\/334
|
|turn|10
|
|move|p1a: Espeon|Calm Mind|p1a: Espeon
|-boost|p1a: Espeon|spa|1
|-boost|p1a: Espeon|spd|1
|move|p2a: Rotom-Wash|Hydro Pump|p1a: Espeon|[miss]
|-miss|p2a: Rotom-Wash|p1a: Espeon
|
|turn|11
|c|âWebBowser|sry
|
|move|p1a: Espeon|Calm Mind|p1a: Espeon
|-boost|p1a: Espeon|spa|1
|-boost|p1a: Espeon|spd|1
|move|p2a: Rotom-Wash|Hydro Pump|p1a: Espeon
|-damage|p1a: Espeon|268\/334
|
|-heal|p1a: Espeon|288\/334|[from] item: Leftovers
|turn|12
|c|âGlassDreamz|Lol course I miss xD 
|
|switch|p2a: Trevenant|Trevenant, M, shiny|374\/374
|move|p1a: Espeon|Calm Mind|p1a: Espeon
|-boost|p1a: Espeon|spa|1
|-boost|p1a: Espeon|spd|1
|
|-heal|p1a: Espeon|308\/334|[from] item: Leftovers
|turn|13
|c|âWebBowser|meh, would'nt do much anyway
|c|âWebBowser|screens op
|c|âGlassDreamz|Yep
|
|move|p1a: Espeon|Stored Power|p2a: Trevenant
|-damage|p2a: Trevenant|0 fnt
|faint|p2a: Trevenant
|
|-heal|p1a: Espeon|328\/334|[from] item: Leftovers
|-sideend|p1: WebBowser|move: Light Screen
|c|âGlassDreamz|Well gg
|c|âWebBowser|gg
|-message|GlassDreamz forfeited.
|leave|GlassDreamz
|
|switch|p2a: Rotom-Wash|Rotom-Wash|304\/304
|turn|14
|
|win|WebBowser
|raw|Ladder updating...
|player|p2
|raw|WebBowser's rating: 1373 &rarr; <strong>1394<\/strong><br \/>(+21 for winning)
|raw|GlassDreamz's rating: 1399 &rarr; <strong>1377<\/strong><br \/>(-22 for losing)