|join|WebBowser
|join|s4rcasm
|player|p1|WebBowser|92
|player|p2|s4rcasm|279
|gametype|singles
|gen|6
|tier|ORAS OU
|rated
|rule|Sleep Clause Mod: Limit one foe put to sleep
|rule|Species Clause: Limit one of each PokÃ©mon
|rule|OHKO Clause: OHKO moves are banned
|rule|Moody Clause: Moody is banned
|rule|Evasion Moves Clause: Evasion moves are banned
|rule|Endless Battle Clause: Forcing endless battles is banned
|rule|HP Percentage Mod: HP is shown in percentages
|clearpoke
|poke|p1|Scolipede, M
|poke|p1|Espeon, F
|poke|p1|Latios, M
|poke|p1|Greninja, M
|poke|p1|Charizard, F
|poke|p1|Wobbuffet, F
|poke|p2|Ferrothorn, F
|poke|p2|Talonflame, F
|poke|p2|Chansey, F
|poke|p2|Mew, shiny
|poke|p2|Pidgeot, F
|poke|p2|Rotom-Wash
|rule|Swagger Clause: Swagger is banned
|rule|Baton Pass Clause: Limit one PokÃ©mon knowing Baton Pass
|teampreview
|c|âWebBowser|gl hf
|c|âs4rcasm|u2
|
|start
|switch|p1a: Oh no it's|Wobbuffet, F|584\/584
|switch|p2a: Rotom-Wash|Rotom-Wash|241\/241
|turn|1
|
|move|p2a: Rotom-Wash|Volt Switch|p1a: Oh no it's
|-damage|p1a: Oh no it's|473\/584
|
|switch|p2a: Ferrothorn|Ferrothorn, F|352\/352
|move|p1a: Oh no it's|Encore|p2a: Ferrothorn
|-fail|p2a: Ferrothorn
|
|turn|2
|
|move|p1a: Oh no it's|Safeguard|p1a: Oh no it's
|-sidestart|p1: WebBowser|Safeguard
|move|p2a: Ferrothorn|Knock Off|p1a: Oh no it's
|-supereffective|p1a: Oh no it's
|-damage|p1a: Oh no it's|23\/584
|-enditem|p1a: Oh no it's|Sitrus Berry|[from] move: Knock Off|[of] p2a: Ferrothorn
|
|turn|3
|
|move|p1a: Oh no it's|Encore|p2a: Ferrothorn
|-start|p2a: Ferrothorn|Encore
|move|p2a: Ferrothorn|Knock Off|p1a: Oh no it's
|-supereffective|p1a: Oh no it's
|-damage|p1a: Oh no it's|0 fnt
|faint|p1a: Oh no it's
|
|c|âWebBowser|offensive ferro.... interesting
|
|switch|p1a: Scolipede|Scolipede, M|323\/323
|turn|4
|c|âs4rcasm|:D
|
|switch|p2a: Talonflame|Talonflame, F|297\/297
|move|p1a: Scolipede|Iron Defense|p1a: Scolipede
|-boost|p1a: Scolipede|def|2
|
|-boost|p1a: Scolipede|spe|1|[from] ability: Speed Boost
|turn|5
|
|move|p1a: Scolipede|Iron Defense|p1a: Scolipede
|-boost|p1a: Scolipede|def|2
|move|p2a: Talonflame|Overheat|p1a: Scolipede
|-supereffective|p1a: Scolipede
|-damage|p1a: Scolipede|0 fnt
|-unboost|p2a: Talonflame|spa|2
|-damage|p2a: Talonflame|268\/297|[from] item: Life Orb
|faint|p1a: Scolipede
|
|c|âWebBowser|overheat... effing... talonflame....
|c|âWebBowser|WHAT IS THIS TEAM?
|
|switch|p1a: Charizard|Charizard, F|359\/359
|turn|6
|c|âs4rcasm|overheat talonflame is kinda common :b
|c|âWebBowser|literally never seen it
|
|detailschange|p1a: Charizard|Charizard-Mega-X, F
|message|Charizard has Mega Evolved into Mega Charizard!
|move|p2a: Talonflame|Brave Bird|p1a: Charizard
|-damage|p1a: Charizard|145\/359
|-damage|p2a: Talonflame|197\/297|[from] recoil|[of] p1a: Charizard
|-damage|p2a: Talonflame|168\/297|[from] item: Life Orb
|move|p1a: Charizard|Swords Dance|p1a: Charizard
|-boost|p1a: Charizard|atk|2
|
|-sideend|p1: WebBowser|Safeguard
|turn|7
|c|âWebBowser|most of them run roost or... frick
|c|âWebBowser|now I'm just choking
|c|âWebBowser|lol
|c|âs4rcasm|i have roost also but i dont like double recoil so i run overheat over flare blitz
|
|move|p2a: Talonflame|Brave Bird|p1a: Charizard
|-damage|p1a: Charizard|0 fnt
|-damage|p2a: Talonflame|120\/297|[from] recoil|[of] p1a: Charizard
|-damage|p2a: Talonflame|91\/297|[from] item: Life Orb
|faint|p1a: Charizard
|
|
|switch|p1a: Greninja|Greninja, M|285\/285
|turn|8
|
|move|p2a: Talonflame|Brave Bird|p1a: Greninja
|-damage|p1a: Greninja|0 fnt
|-damage|p2a: Talonflame|0 fnt|[from] recoil|[of] p1a: Greninja
|faint|p1a: Greninja
|faint|p2a: Talonflame
|
|
|switch|p1a: Latios|Latios, M|364\/364
|switch|p2a: Ferrothorn|Ferrothorn, F|352\/352
|turn|9
|
|move|p1a: Latios|Reflect|p1a: Latios
|-sidestart|p1: WebBowser|Reflect
|move|p2a: Ferrothorn|Knock Off|p1a: Latios
|-supereffective|p1a: Latios
|-damage|p1a: Latios|176\/364
|-enditem|p1a: Latios|Light Clay|[from] move: Knock Off|[of] p2a: Ferrothorn
|
|turn|10
|c|âs4rcasm|hmm never seen screens on latios xd
|
|switch|p2a: Pidgeot|Pidgeot, F|307\/307
|move|p1a: Latios|Memento|p2a: Pidgeot
|-unboost|p2a: Pidgeot|atk|2
|-unboost|p2a: Pidgeot|spa|2
|faint|p1a: Latios
|
|c|âWebBowser|nobody expects the screens memento latios!
|
|switch|p1a: Espeon|Espeon, F|334\/334
|turn|11
|
|detailschange|p2a: Pidgeot|Pidgeot-Mega, F
|message|Pidgeot has Mega Evolved into Mega Pidgeot!
|move|p2a: Pidgeot|U-turn|p1a: Espeon
|-crit|p1a: Espeon
|-supereffective|p1a: Espeon
|-damage|p1a: Espeon|202\/334
|
|switch|p2a: Rotom-Wash|Rotom-Wash|241\/241
|move|p1a: Espeon|Calm Mind|p1a: Espeon
|-boost|p1a: Espeon|spa|1
|-boost|p1a: Espeon|spd|1
|
|-heal|p1a: Espeon|222\/334|[from] item: Leftovers
|turn|12
|
|move|p2a: Rotom-Wash|Volt Switch|p1a: Espeon
|-damage|p1a: Espeon|150\/334
|
|switch|p2a: Ferrothorn|Ferrothorn, F|352\/352
|move|p1a: Espeon|Calm Mind|p1a: Espeon
|-boost|p1a: Espeon|spa|1
|-boost|p1a: Espeon|spd|1
|
|-heal|p1a: Espeon|170\/334|[from] item: Leftovers
|turn|13
|
|move|p1a: Espeon|Calm Mind|p1a: Espeon
|-boost|p1a: Espeon|spa|1
|-boost|p1a: Espeon|spd|1
|move|p2a: Ferrothorn|Knock Off|p1a: Espeon
|-supereffective|p1a: Espeon
|-damage|p1a: Espeon|13\/334
|-enditem|p1a: Espeon|Leftovers|[from] move: Knock Off|[of] p2a: Ferrothorn
|
|turn|14
|
|switch|p2a: Pidgeot|Pidgeot-Mega, F|307\/307
|move|p1a: Espeon|Morning Sun|p1a: Espeon
|-heal|p1a: Espeon|180\/334
|
|turn|15
|c|âWebBowser|thank goodness for dat dere reflect
|
|move|p2a: Pidgeot|U-turn|p1a: Espeon
|-supereffective|p1a: Espeon
|-damage|p1a: Espeon|133\/334
|c|âs4rcasm|yea xd
|
|switch|p2a: Ferrothorn|Ferrothorn, F|352\/352
|move|p1a: Espeon|Morning Sun|p1a: Espeon
|-heal|p1a: Espeon|300\/334
|
|turn|16
|
|move|p1a: Espeon|Stored Power|p2a: Ferrothorn
|-resisted|p2a: Ferrothorn
|-damage|p2a: Ferrothorn|134\/352
|move|p2a: Ferrothorn|Gyro Ball|p1a: Espeon
|-damage|p1a: Espeon|139\/334
|
|-sideend|p1: WebBowser|Reflect
|turn|17
|
|move|p1a: Espeon|Stored Power|p2a: Ferrothorn
|-resisted|p2a: Ferrothorn
|-damage|p2a: Ferrothorn|0 fnt
|faint|p2a: Ferrothorn
|
|
|switch|p2a: Pidgeot|Pidgeot-Mega, F|307\/307
|turn|18
|
|move|p2a: Pidgeot|Hurricane|p1a: Espeon
|-damage|p1a: Espeon|58\/334
|move|p1a: Espeon|Morning Sun|p1a: Espeon
|-heal|p1a: Espeon|225\/334
|
|turn|19
|c|âWebBowser|#stallbreaker espeon
|
|move|p2a: Pidgeot|Hurricane|p1a: Espeon
|-damage|p1a: Espeon|147\/334
|move|p1a: Espeon|Morning Sun|p1a: Espeon
|-heal|p1a: Espeon|314\/334
|
|turn|20
|
|move|p2a: Pidgeot|Hurricane|p1a: Espeon
|-damage|p1a: Espeon|232\/334
|move|p1a: Espeon|Stored Power|p2a: Pidgeot
|-damage|p2a: Pidgeot|0 fnt
|faint|p2a: Pidgeot
|
|
|switch|p2a: Rotom-Wash|Rotom-Wash|241\/241
|turn|21
|
|move|p2a: Rotom-Wash|Thunderbolt|p1a: Espeon
|-damage|p1a: Espeon|175\/334
|move|p1a: Espeon|Stored Power|p2a: Rotom-Wash
|-damage|p2a: Rotom-Wash|0 fnt
|faint|p2a: Rotom-Wash
|
|
|switch|p2a: Chansey|Chansey, F|642\/642
|turn|22
|c|âWebBowser|I'm dieing over here
|c|âs4rcasm|nothing i can do
|
|move|p1a: Espeon|Calm Mind|p1a: Espeon
|-boost|p1a: Espeon|spa|1
|-boost|p1a: Espeon|spd|1
|move|p2a: Chansey|Seismic Toss|p1a: Espeon
|-damage|p1a: Espeon|75\/334
|
|turn|23
|
|move|p1a: Espeon|Morning Sun|p1a: Espeon
|-heal|p1a: Espeon|242\/334
|move|p2a: Chansey|Seismic Toss|p1a: Espeon
|-damage|p1a: Espeon|142\/334
|
|turn|24
|c|âWebBowser|YOU ARE NOT PREPARED!
|
|move|p1a: Espeon|Calm Mind|p1a: Espeon
|-boost|p1a: Espeon|spa|1
|-boost|p1a: Espeon|spd|1
|move|p2a: Chansey|Seismic Toss|p1a: Espeon
|-damage|p1a: Espeon|42\/334
|
|turn|25
|
|move|p1a: Espeon|Morning Sun|p1a: Espeon
|-heal|p1a: Espeon|209\/334
|move|p2a: Chansey|Seismic Toss|p1a: Espeon
|-damage|p1a: Espeon|109\/334
|
|turn|26
|
|move|p1a: Espeon|Calm Mind|p1a: Espeon
|-boost|p1a: Espeon|spa|1
|-boost|p1a: Espeon|spd|1
|move|p2a: Chansey|Seismic Toss|p1a: Espeon
|-damage|p1a: Espeon|9\/334
|
|turn|27
|
|move|p1a: Espeon|Morning Sun|p1a: Espeon
|-heal|p1a: Espeon|176\/334
|move|p2a: Chansey|Seismic Toss|p1a: Espeon
|-damage|p1a: Espeon|76\/334
|
|turn|28
|
|move|p1a: Espeon|Morning Sun|p1a: Espeon
|-heal|p1a: Espeon|243\/334
|move|p2a: Chansey|Seismic Toss|p1a: Espeon
|-damage|p1a: Espeon|143\/334
|
|turn|29
|
|move|p1a: Espeon|Stored Power|p2a: Chansey
|-damage|p2a: Chansey|0 fnt
|faint|p2a: Chansey
|
|c|âs4rcasm|how did that kill im a chansey LOL
|
|switch|p2a: Mew|Mew, shiny|404\/404
|turn|30
|c|âWebBowser|because stored power
|
|move|p1a: Espeon|Stored Power|p2a: Mew
|-resisted|p2a: Mew
|-damage|p2a: Mew|0 fnt
|faint|p2a: Mew
|
|win|WebBowser
|raw|Ladder updating...
|raw|WebBowser's rating: 1516 &rarr; <strong>1530<\/strong><br \/>(+14 for winning)
|raw|s4rcasm's rating: 1400 &rarr; <strong>1386<\/strong><br \/>(-14 for losing)
|leave|s4rcasm
|player|p2
|c|âWebBowser|gg