|join|WECAMEASROMANS
|join|WebBowser
|player|p1|WECAMEASROMANS|257
|player|p2|WebBowser|92
|gametype|singles
|gen|6
|tier|ORAS OU
|rated
|rule|Sleep Clause Mod: Limit one foe put to sleep
|rule|Species Clause: Limit one of each PokÃ©mon
|rule|OHKO Clause: OHKO moves are banned
|rule|Moody Clause: Moody is banned
|rule|Evasion Moves Clause: Evasion moves are banned
|rule|Endless Battle Clause: Forcing endless battles is banned
|rule|HP Percentage Mod: HP is shown in percentages
|clearpoke
|poke|p1|Thundurus, M
|poke|p1|Magnezone
|poke|p1|Terrakion
|poke|p1|Latias, F
|poke|p1|Gyarados, M
|poke|p1|Kyurem-Black
|poke|p2|Scolipede, M
|poke|p2|Espeon, F
|poke|p2|Latios, M
|poke|p2|Greninja, F
|poke|p2|Charizard, F
|poke|p2|Wobbuffet, M
|rule|Swagger Clause: Swagger is banned
|rule|Baton Pass Clause: Limit one PokÃ©mon knowing Baton Pass
|teampreview
|c|âWebBowser|oh hai
|c|âWECAMEASROMANS|hello
|
|start
|switch|p1a: Thundurus|Thundurus, M|299\/299
|switch|p2a: Latios|Latios, M|364\/364
|turn|1
|c|âWebBowser|been awhile
|
|switch|p1a: Terrakion|Terrakion|323\/323
|move|p2a: Latios|Ice Beam|p1a: Terrakion
|-damage|p1a: Terrakion|229\/323
|
|turn|2
|
|move|p2a: Latios|Reflect|p2a: Latios
|-sidestart|p2: WebBowser|Reflect
|move|p1a: Terrakion|Stealth Rock|p2a: Latios
|-sidestart|p2: WebBowser|move: Stealth Rock
|
|turn|3
|
|move|p2a: Latios|Light Screen|p2a: Latios
|-sidestart|p2: WebBowser|move: Light Screen
|move|p1a: Terrakion|Taunt|p2a: Latios
|-start|p2a: Latios|move: Taunt
|
|turn|4
|
|switch|p1a: Magnezone|Magnezone|281\/281
|move|p2a: Latios|Ice Beam|p1a: Magnezone
|-resisted|p1a: Magnezone
|-damage|p1a: Magnezone|237\/281
|
|turn|5
|
|move|p2a: Latios|Ice Beam|p1a: Magnezone
|-resisted|p1a: Magnezone
|-damage|p1a: Magnezone|185\/281
|move|p1a: Magnezone|Volt Switch|p2a: Latios
|-resisted|p2a: Latios
|-damage|p2a: Latios|319\/364
|
|switch|p1a: Gyarados|Gyarados, M|347\/347
|-ability|p1a: Gyarados|Intimidate|[of] p2a: Latios
|-unboost|p2a: Latios|atk|1
|
|turn|6
|
|detailschange|p1a: Gyarados|Gyarados-Mega, M
|message|Gyarados has Mega Evolved into Mega Gyarados!
|-ability|p1a: Gyarados|Mold Breaker
|move|p2a: Latios|Ice Beam|p1a: Gyarados
|-resisted|p1a: Gyarados
|-damage|p1a: Gyarados|315\/347
|move|p1a: Gyarados|Dragon Dance|p1a: Gyarados
|-boost|p1a: Gyarados|atk|1
|-boost|p1a: Gyarados|spe|1
|
|-end|p2a: Latios|move: Taunt
|turn|7
|
|move|p1a: Gyarados|Crunch|p2a: Latios
|-supereffective|p2a: Latios
|-damage|p2a: Latios|4\/364
|move|p2a: Latios|Memento|p1a: Gyarados
|-unboost|p1a: Gyarados|atk|2
|-unboost|p1a: Gyarados|spa|2
|faint|p2a: Latios
|
|
|switch|p2a: Scolipede|Scolipede, M|323\/323
|-damage|p2a: Scolipede|243\/323|[from] Stealth Rock
|turn|8
|
|move|p1a: Gyarados|Dragon Dance|p1a: Gyarados
|-boost|p1a: Gyarados|atk|1
|-boost|p1a: Gyarados|spe|1
|move|p2a: Scolipede|Iron Defense|p2a: Scolipede
|-boost|p2a: Scolipede|def|2
|
|-boost|p2a: Scolipede|spe|1|[from] ability: Speed Boost
|turn|9
|
|move|p1a: Gyarados|Dragon Dance|p1a: Gyarados
|-boost|p1a: Gyarados|atk|1
|-boost|p1a: Gyarados|spe|1
|move|p2a: Scolipede|Substitute|p2a: Scolipede
|-start|p2a: Scolipede|Substitute
|-damage|p2a: Scolipede|163\/323
|
|-sideend|p2: WebBowser|Reflect
|-boost|p2a: Scolipede|spe|1|[from] ability: Speed Boost
|turn|10
|
|move|p1a: Gyarados|Dragon Dance|p1a: Gyarados
|-boost|p1a: Gyarados|atk|1
|-boost|p1a: Gyarados|spe|1
|move|p2a: Scolipede|Iron Defense|p2a: Scolipede
|-boost|p2a: Scolipede|def|2
|
|-sideend|p2: WebBowser|move: Light Screen
|-boost|p2a: Scolipede|spe|1|[from] ability: Speed Boost
|turn|11
|
|move|p1a: Gyarados|Dragon Dance|p1a: Gyarados
|-boost|p1a: Gyarados|atk|1
|-boost|p1a: Gyarados|spe|1
|move|p2a: Scolipede|Iron Defense|p2a: Scolipede
|-boost|p2a: Scolipede|def|2
|
|-boost|p2a: Scolipede|spe|1|[from] ability: Speed Boost
|turn|12
|
|move|p1a: Gyarados|Waterfall|p2a: Scolipede
|-end|p2a: Scolipede|Substitute
|move|p2a: Scolipede|Baton Pass|p2a: Scolipede
|
|switch|p2a: Charizard|Charizard, F|359\/359
|-damage|p2a: Charizard|180\/359|[from] Stealth Rock
|
|turn|13
|
|detailschange|p2a: Charizard|Charizard-Mega-X, F
|message|Charizard has Mega Evolved into Mega Charizard!
|move|p1a: Gyarados|Waterfall|p2a: Charizard
|-damage|p2a: Charizard|77\/359
|move|p2a: Charizard|Roost|p2a: Charizard
|-heal|p2a: Charizard|257\/359
|
|turn|14
|
|move|p1a: Gyarados|Earthquake|p2a: Charizard
|-supereffective|p2a: Charizard
|-damage|p2a: Charizard|93\/359
|move|p2a: Charizard|Roost|p2a: Charizard
|-heal|p2a: Charizard|273\/359
|
|turn|15
|
|move|p1a: Gyarados|Dragon Dance|p1a: Gyarados
|-boost|p1a: Gyarados|atk|1
|-boost|p1a: Gyarados|spe|1
|move|p2a: Charizard|Dragon Claw|p1a: Gyarados
|-damage|p1a: Gyarados|117\/347
|
|turn|16
|
|move|p1a: Gyarados|Earthquake|p2a: Charizard
|-supereffective|p2a: Charizard
|-damage|p2a: Charizard|69\/359
|move|p2a: Charizard|Dragon Claw|p1a: Gyarados
|-damage|p1a: Gyarados|0 fnt
|faint|p1a: Gyarados
|
|
|switch|p1a: Thundurus|Thundurus, M|299\/299
|turn|17
|
|move|p1a: Thundurus|Thunder Wave|p2a: Charizard
|-status|p2a: Charizard|par
|move|p2a: Charizard|Roost|p2a: Charizard
|-heal|p2a: Charizard|249\/359 par
|
|turn|18
|
|switch|p1a: Terrakion|Terrakion|229\/323
|move|p2a: Charizard|Dragon Claw|p1a: Terrakion
|-damage|p1a: Terrakion|7\/323
|
|turn|19
|
|move|p1a: Terrakion|Stone Edge|p2a: Charizard
|-supereffective|p2a: Charizard
|-damage|p2a: Charizard|169\/359 par
|move|p2a: Charizard|Dragon Claw|p1a: Terrakion
|-crit|p1a: Terrakion
|-damage|p1a: Terrakion|0 fnt
|faint|p1a: Terrakion
|
|
|switch|p1a: Kyurem-Black|Kyurem-Black|391\/391
|-ability|p1a: Kyurem-Black|Teravolt
|turn|20
|
|move|p1a: Kyurem-Black|Earth Power|p2a: Charizard
|-supereffective|p2a: Charizard
|-damage|p2a: Charizard|0 fnt
|-damage|p1a: Kyurem-Black|352\/391|[from] item: Life Orb
|faint|p2a: Charizard
|
|
|switch|p2a: Greninja|Greninja, F|285\/285
|-damage|p2a: Greninja|250\/285|[from] Stealth Rock
|turn|21
|
|move|p2a: Greninja|U-turn|p1a: Kyurem-Black
|-start|p2a: Greninja|typechange|Bug|[from] Protean
|-damage|p1a: Kyurem-Black|208\/391
|-damage|p2a: Greninja|222\/285|[from] item: Life Orb
|
|switch|p2a: Espeon|Espeon, F|334\/334
|-damage|p2a: Espeon|293\/334|[from] Stealth Rock
|move|p1a: Kyurem-Black|Outrage|p2a: Espeon
|-damage|p2a: Espeon|8\/334
|-damage|p1a: Kyurem-Black|169\/391|[from] item: Life Orb
|
|-heal|p2a: Espeon|28\/334|[from] item: Leftovers
|turn|22
|
|move|p1a: Kyurem-Black|Outrage|p2a: Espeon
|-crit|p2a: Espeon
|-damage|p2a: Espeon|0 fnt
|-damage|p1a: Kyurem-Black|130\/391|[from] item: Life Orb
|faint|p2a: Espeon
|
|
|switch|p2a: Greninja|Greninja, F|222\/285
|-damage|p2a: Greninja|187\/285|[from] Stealth Rock
|turn|23
|
|move|p2a: Greninja|Low Kick|p1a: Kyurem-Black
|-start|p2a: Greninja|typechange|Fighting|[from] Protean
|-supereffective|p1a: Kyurem-Black
|-damage|p1a: Kyurem-Black|0 fnt
|-damage|p2a: Greninja|159\/285|[from] item: Life Orb
|faint|p1a: Kyurem-Black
|
|
|switch|p1a: Thundurus|Thundurus, M|299\/299
|turn|24
|
|switch|p1a: Magnezone|Magnezone|185\/281
|move|p2a: Greninja|Ice Beam|p1a: Magnezone
|-start|p2a: Greninja|typechange|Ice|[from] Protean
|-resisted|p1a: Magnezone
|-damage|p1a: Magnezone|110\/281
|-damage|p2a: Greninja|131\/285|[from] item: Life Orb
|
|turn|25
|
|switch|p2a: Scolipede|Scolipede, M|163\/323
|-damage|p2a: Scolipede|83\/323|[from] Stealth Rock
|switch|p1a: Thundurus|Thundurus, M|299\/299
|
|turn|26
|
|move|p1a: Thundurus|Thunderbolt|p2a: Scolipede
|-damage|p2a: Scolipede|0 fnt
|-damage|p1a: Thundurus|270\/299|[from] item: Life Orb
|faint|p2a: Scolipede
|
|
|switch|p2a: Oh no it's|Wobbuffet, M|584\/584
|-damage|p2a: Oh no it's|511\/584|[from] Stealth Rock
|turn|27
|
|move|p1a: Thundurus|Thunder Wave|p2a: Oh no it's
|-status|p2a: Oh no it's|par
|cant|p2a: Oh no it's|par
|
|turn|28
|
|move|p1a: Thundurus|Thunderbolt|p2a: Oh no it's
|-damage|p2a: Oh no it's|300\/584 par
|-damage|p1a: Thundurus|241\/299|[from] item: Life Orb
|move|p2a: Oh no it's|Mirror Coat|p1a: Thundurus
|-damage|p1a: Thundurus|0 fnt
|faint|p1a: Thundurus
|
|
|switch|p1a: Magnezone|Magnezone|110\/281
|turn|29
|
|move|p1a: Magnezone|Thunderbolt|p2a: Oh no it's
|-damage|p2a: Oh no it's|42\/584 par
|-enditem|p2a: Oh no it's|Sitrus Berry|[eat]
|-heal|p2a: Oh no it's|188\/584 par|[from] item: Sitrus Berry
|cant|p2a: Oh no it's|par
|
|turn|30
|
|move|p1a: Magnezone|Thunderbolt|p2a: Oh no it's
|-damage|p2a: Oh no it's|0 fnt
|faint|p2a: Oh no it's
|
|c|âWebBowser|tch
|
|switch|p2a: Greninja|Greninja, F|131\/285
|-damage|p2a: Greninja|96\/285|[from] Stealth Rock
|turn|31
|
|move|p2a: Greninja|Low Kick|p1a: Magnezone
|-start|p2a: Greninja|typechange|Fighting|[from] Protean
|-supereffective|p1a: Magnezone
|-damage|p1a: Magnezone|0 fnt
|-damage|p2a: Greninja|68\/285|[from] item: Life Orb
|faint|p1a: Magnezone
|
|
|switch|p1a: Latias|Latias, F|302\/302
|turn|32
|
|move|p2a: Greninja|U-turn|p1a: Latias
|-start|p2a: Greninja|typechange|Bug|[from] Protean
|-supereffective|p1a: Latias
|-damage|p1a: Latias|13\/302
|-damage|p2a: Greninja|40\/285|[from] item: Life Orb
|move|p1a: Latias|Draco Meteor|p2a: Greninja|[miss]
|-miss|p1a: Latias|p2a: Greninja
|
|turn|33
|c|âWebBowser|sry
|
|move|p2a: Greninja|U-turn|p1a: Latias
|-supereffective|p1a: Latias
|-damage|p1a: Latias|0 fnt
|-damage|p2a: Greninja|12\/285|[from] item: Life Orb
|faint|p1a: Latias
|
|win|WebBowser
|raw|Ladder updating...
|raw|WECAMEASROMANS's rating: 1552 &rarr; <strong>1521<\/strong><br \/>(-31 for losing)
|raw|WebBowser's rating: 1350 &rarr; <strong>1381<\/strong><br \/>(+31 for winning)
|leave|WECAMEASROMANS
|player|p1