|join|WebBowser
|join|I ABR I
|player|p1|WebBowser|92
|player|p2|I ABR I|290
|gametype|singles
|gen|6
|tier|ORAS OU
|rated
|rule|Sleep Clause Mod: Limit one foe put to sleep
|rule|Species Clause: Limit one of each PokÃ©mon
|rule|OHKO Clause: OHKO moves are banned
|rule|Moody Clause: Moody is banned
|rule|Evasion Moves Clause: Evasion moves are banned
|rule|Endless Battle Clause: Forcing endless battles is banned
|rule|HP Percentage Mod: HP is shown in percentages
|clearpoke
|poke|p1|Scolipede, F
|poke|p1|Espeon, M
|poke|p1|Latios, M
|poke|p1|Greninja, M
|poke|p1|Charizard, M
|poke|p1|Wobbuffet, M
|poke|p2|Sableye, M
|poke|p2|Tentacruel, M
|poke|p2|Porygon2
|poke|p2|Sylveon, M
|poke|p2|Skarmory, M
|poke|p2|Bronzong
|rule|Swagger Clause: Swagger is banned
|rule|Baton Pass Clause: Limit one PokÃ©mon knowing Baton Pass
|teampreview
|
|start
|switch|p1a: Latios|Latios, M|364\/364
|switch|p2a: Sableye|Sableye, M|303\/303
|turn|1
|
|detailschange|p2a: Sableye|Sableye-Mega, M
|message|Sableye has Mega Evolved into Mega Sableye!
|move|p2a: Sableye|Calm Mind|p2a: Sableye
|-boost|p2a: Sableye|spa|1
|-boost|p2a: Sableye|spd|1
|move|p1a: Latios|Light Screen|p1a: Latios
|-sidestart|p1: WebBowser|move: Light Screen
|
|turn|2
|
|move|p1a: Latios|Memento|p2a: Sableye
|-unboost|p2a: Sableye|atk|2
|-unboost|p2a: Sableye|spa|2
|faint|p1a: Latios
|move|p2a: Sableye|Calm Mind|p2a: Sableye
|-boost|p2a: Sableye|spa|1
|-boost|p2a: Sableye|spd|1
|
|
|switch|p1a: Espeon|Espeon, M|334\/334
|turn|3
|
|move|p1a: Espeon|Calm Mind|p1a: Espeon
|-boost|p1a: Espeon|spa|1
|-boost|p1a: Espeon|spd|1
|move|p2a: Sableye|Calm Mind|p2a: Sableye
|-boost|p2a: Sableye|spa|1
|-boost|p2a: Sableye|spd|1
|
|turn|4
|
|move|p1a: Espeon|Calm Mind|p1a: Espeon
|-boost|p1a: Espeon|spa|1
|-boost|p1a: Espeon|spd|1
|move|p2a: Sableye|Calm Mind|p2a: Sableye
|-boost|p2a: Sableye|spa|1
|-boost|p2a: Sableye|spd|1
|
|turn|5
|
|move|p1a: Espeon|Calm Mind|p1a: Espeon
|-boost|p1a: Espeon|spa|1
|-boost|p1a: Espeon|spd|1
|move|p2a: Sableye|Calm Mind|p2a: Sableye
|-boost|p2a: Sableye|spa|1
|-boost|p2a: Sableye|spd|1
|
|turn|6
|
|move|p1a: Espeon|Calm Mind|p1a: Espeon
|-boost|p1a: Espeon|spa|1
|-boost|p1a: Espeon|spd|1
|move|p2a: Sableye|Calm Mind|p2a: Sableye
|-boost|p2a: Sableye|spa|1
|-boost|p2a: Sableye|spd|1
|
|turn|7
|
|move|p1a: Espeon|Calm Mind|p1a: Espeon
|-boost|p1a: Espeon|spa|1
|-boost|p1a: Espeon|spd|1
|move|p2a: Sableye|Calm Mind|p2a: Sableye
|-boost|p2a: Sableye|spa|1
|
|turn|8
|
|move|p1a: Espeon|Calm Mind|p1a: Espeon
|-boost|p1a: Espeon|spa|1
|-boost|p1a: Espeon|spd|1
|move|p2a: Sableye|Calm Mind|p2a: Sableye
|-boost|p2a: Sableye|spa|1
|
|-sideend|p1: WebBowser|move: Light Screen
|turn|9
|
|move|p1a: Espeon|Dazzling Gleam|p2a: Sableye
|-supereffective|p2a: Sableye
|-damage|p2a: Sableye|171\/303
|move|p2a: Sableye|Shadow Ball|p1a: Espeon
|-supereffective|p1a: Espeon
|-damage|p1a: Espeon|160\/334
|
|-heal|p1a: Espeon|180\/334|[from] item: Leftovers
|turn|10
|
|move|p1a: Espeon|Dazzling Gleam|p2a: Sableye
|-supereffective|p2a: Sableye
|-damage|p2a: Sableye|33\/303
|move|p2a: Sableye|Recover|p2a: Sableye
|-heal|p2a: Sableye|185\/303
|
|-heal|p1a: Espeon|200\/334|[from] item: Leftovers
|turn|11
|
|move|p1a: Espeon|Dazzling Gleam|p2a: Sableye
|-supereffective|p2a: Sableye
|-damage|p2a: Sableye|43\/303
|move|p2a: Sableye|Recover|p2a: Sableye
|-heal|p2a: Sableye|195\/303
|
|-heal|p1a: Espeon|220\/334|[from] item: Leftovers
|turn|12
|
|move|p1a: Espeon|Dazzling Gleam|p2a: Sableye
|-supereffective|p2a: Sableye
|-damage|p2a: Sableye|55\/303
|move|p2a: Sableye|Shadow Ball|p1a: Espeon
|-supereffective|p1a: Espeon
|-damage|p1a: Espeon|38\/334
|
|-heal|p1a: Espeon|58\/334|[from] item: Leftovers
|turn|13
|
|move|p1a: Espeon|Dazzling Gleam|p2a: Sableye
|-supereffective|p2a: Sableye
|-damage|p2a: Sableye|0 fnt
|faint|p2a: Sableye
|
|-heal|p1a: Espeon|78\/334|[from] item: Leftovers
|
|switch|p2a: Bronzong|Bronzong|337\/337
|turn|14
|
|move|p1a: Espeon|Morning Sun|p1a: Espeon
|-heal|p1a: Espeon|245\/334
|move|p2a: Bronzong|Iron Head|p1a: Espeon
|-damage|p1a: Espeon|164\/334
|
|-heal|p1a: Espeon|184\/334|[from] item: Leftovers
|turn|15
|-message|I ABR I forfeited.
|
|win|WebBowser
|raw|Ladder updating...
|leave|I ABR I
|player|p2
|raw|WebBowser's rating: 1473 &rarr; <strong>1498<\/strong><br \/>(+25 for winning)
|raw|I ABR I's rating: 1574 &rarr; <strong>1548<\/strong><br \/>(-26 for losing)