|join|DaNef
|join|WebBowser
|player|p1|DaNef|119
|player|p2|WebBowser|92
|gametype|singles
|gen|6
|tier|ORAS OU
|rated
|rule|Sleep Clause Mod: Limit one foe put to sleep
|rule|Species Clause: Limit one of each PokÃ©mon
|rule|OHKO Clause: OHKO moves are banned
|rule|Moody Clause: Moody is banned
|rule|Evasion Moves Clause: Evasion moves are banned
|rule|Endless Battle Clause: Forcing endless battles is banned
|rule|HP Percentage Mod: HP is shown in percentages
|clearpoke
|poke|p1|Scizor, F
|poke|p1|Thundurus, M
|poke|p1|Clefable, F
|poke|p1|Tyranitar, F
|poke|p1|Excadrill, F
|poke|p1|Latias, F
|poke|p2|Scolipede, F
|poke|p2|Espeon, M
|poke|p2|Latios, M
|poke|p2|Greninja, F
|poke|p2|Charizard, M
|poke|p2|Wobbuffet, F
|rule|Swagger Clause: Swagger is banned
|rule|Baton Pass Clause: Limit one PokÃ©mon knowing Baton Pass
|teampreview
|c|âWebBowser|oh hello again
|c|âDaNef|hello
|c|âDaNef|n.n
|c|âDaNef| i guess its my turn to lose now
|c|âDaNef|did u change the speed?
|join|machina2014
|
|start
|switch|p1a: Tyranitar|Tyranitar, F|404\/404
|switch|p2a: Greninja|Greninja, F|285\/285
|-weather|Sandstorm
|turn|1
|c|âWebBowser|we shall see
|
|switch|p1a: Clefable|Clefable, F|394\/394
|move|p2a: Greninja|Low Kick|p1a: Clefable
|-start|p2a: Greninja|typechange|Fighting|[from] Protean
|-resisted|p1a: Clefable
|-damage|p1a: Clefable|338\/394
|-damage|p2a: Greninja|257\/285|[from] item: Life Orb
|
|-weather|Sandstorm|[upkeep]
|-damage|p2a: Greninja|240\/285|[from] sandstorm
|-heal|p1a: Clefable|362\/394|[from] item: Leftovers
|turn|2
|leave|machina2014
|
|switch|p1a: Scizor|Scizor, F|320\/320
|move|p2a: Greninja|U-turn|p1a: Scizor
|-start|p2a: Greninja|typechange|Bug|[from] Protean
|-resisted|p1a: Scizor
|-damage|p1a: Scizor|251\/320
|-damage|p2a: Greninja|212\/285|[from] item: Life Orb
|
|switch|p2a: Scolipede|Scolipede, F|323\/323
|
|-weather|Sandstorm|[upkeep]
|-damage|p2a: Scolipede|303\/323|[from] sandstorm
|turn|3
|
|detailschange|p1a: Scizor|Scizor-Mega, F
|message|Scizor has Mega Evolved into Mega Scizor!
|move|p1a: Scizor|Bullet Punch|p2a: Scolipede
|-damage|p2a: Scolipede|206\/323
|move|p2a: Scolipede|Iron Defense|p2a: Scolipede
|-boost|p2a: Scolipede|def|2
|
|-weather|Sandstorm|[upkeep]
|-damage|p2a: Scolipede|186\/323|[from] sandstorm
|-boost|p2a: Scolipede|spe|1|[from] ability: Speed Boost
|turn|4
|
|move|p2a: Scolipede|Substitute|p2a: Scolipede
|-start|p2a: Scolipede|Substitute
|-damage|p2a: Scolipede|106\/323
|move|p1a: Scizor|Swords Dance|p1a: Scizor
|-boost|p1a: Scizor|atk|2
|
|-weather|Sandstorm|[upkeep]
|-damage|p2a: Scolipede|86\/323|[from] sandstorm
|-boost|p2a: Scolipede|spe|1|[from] ability: Speed Boost
|turn|5
|
|move|p1a: Scizor|Bullet Punch|p2a: Scolipede
|-end|p2a: Scolipede|Substitute
|move|p2a: Scolipede|Baton Pass|p2a: Scolipede
|
|switch|p2a: Charizard|Charizard, M|359\/359
|
|-weather|Sandstorm|[upkeep]
|-damage|p2a: Charizard|337\/359|[from] sandstorm
|turn|6
|
|detailschange|p2a: Charizard|Charizard-Mega-X, M
|message|Charizard has Mega Evolved into Mega Charizard!
|move|p2a: Charizard|Flare Blitz|p1a: Scizor
|-supereffective|p1a: Scizor
|-damage|p1a: Scizor|0 fnt
|-damage|p2a: Charizard|254\/359|[from] recoil|[of] p1a: Scizor
|faint|p1a: Scizor
|
|-weather|Sandstorm|[upkeep]
|-damage|p2a: Charizard|232\/359|[from] sandstorm
|
|switch|p1a: Thundurus|Thundurus, M|299\/299
|turn|7
|
|move|p1a: Thundurus|Thunder Wave|p2a: Charizard
|-status|p2a: Charizard|par
|move|p2a: Charizard|Dragon Claw|p1a: Thundurus
|-damage|p1a: Thundurus|2\/299
|
|-weather|Sandstorm|[upkeep]
|-damage|p1a: Thundurus|0 fnt|[from] sandstorm
|-damage|p2a: Charizard|210\/359 par|[from] sandstorm
|faint|p1a: Thundurus
|c|âWebBowser|yay sandstormz
|
|switch|p1a: Excadrill|Excadrill, F|362\/362
|-item|p1a: Excadrill|Air Balloon
|turn|8
|
|move|p1a: Excadrill|Earthquake|p2a: Charizard
|-crit|p2a: Charizard
|-supereffective|p2a: Charizard
|-damage|p2a: Charizard|0 fnt
|faint|p2a: Charizard
|
|-weather|none
|
|switch|p2a: Greninja|Greninja, F|212\/285
|turn|9
|
|switch|p1a: Tyranitar|Tyranitar, F|404\/404
|-weather|Sandstorm
|move|p2a: Greninja|Low Kick|p1a: Tyranitar
|-start|p2a: Greninja|typechange|Fighting|[from] Protean
|-supereffective|p1a: Tyranitar
|-damage|p1a: Tyranitar|0 fnt
|-damage|p2a: Greninja|184\/285|[from] item: Life Orb
|faint|p1a: Tyranitar
|
|-weather|Sandstorm|[upkeep]
|-damage|p2a: Greninja|167\/285|[from] sandstorm
|
|switch|p1a: Excadrill|Excadrill, F|362\/362
|-item|p1a: Excadrill|Air Balloon
|turn|10
|
|switch|p2a: Latios|Latios, M|364\/364
|move|p1a: Excadrill|Iron Head|p2a: Latios
|-damage|p2a: Latios|162\/364
|
|-weather|Sandstorm|[upkeep]
|-damage|p2a: Latios|140\/364|[from] sandstorm
|turn|11
|
|move|p1a: Excadrill|Iron Head|p2a: Latios
|-crit|p2a: Latios
|-damage|p2a: Latios|0 fnt
|faint|p2a: Latios
|
|-weather|Sandstorm|[upkeep]
|
|switch|p2a: Oh no it's|Wobbuffet, F|584\/584
|turn|12
|
|move|p1a: Excadrill|Earthquake|p2a: Oh no it's
|-damage|p2a: Oh no it's|259\/584
|-enditem|p2a: Oh no it's|Sitrus Berry|[eat]
|-heal|p2a: Oh no it's|405\/584|[from] item: Sitrus Berry
|move|p2a: Oh no it's|Encore|p1a: Excadrill
|-start|p1a: Excadrill|Encore
|
|-weather|Sandstorm|[upkeep]
|-damage|p2a: Oh no it's|369\/584|[from] sandstorm
|turn|13
|
|move|p1a: Excadrill|Earthquake|p2a: Oh no it's
|-damage|p2a: Oh no it's|74\/584
|move|p2a: Oh no it's|Counter|p1a: Excadrill
|-damage|p1a: Excadrill|0 fnt
|-enditem|p1a: Excadrill|Air Balloon
|faint|p1a: Excadrill
|
|-weather|Sandstorm|[upkeep]
|-damage|p2a: Oh no it's|38\/584|[from] sandstorm
|
|switch|p1a: Latias|Latias, F|319\/319
|turn|14
|
|move|p1a: Latias|Psyshock|p2a: Oh no it's
|-resisted|p2a: Oh no it's
|-damage|p2a: Oh no it's|0 fnt
|-damage|p1a: Latias|288\/319|[from] item: Life Orb
|faint|p2a: Oh no it's
|
|-weather|Sandstorm|[upkeep]
|-damage|p1a: Latias|269\/319|[from] sandstorm
|
|switch|p2a: Greninja|Greninja, F|167\/285
|turn|15
|
|switch|p1a: Clefable|Clefable, F|362\/394
|move|p2a: Greninja|U-turn|p1a: Clefable
|-start|p2a: Greninja|typechange|Bug|[from] Protean
|-resisted|p1a: Clefable
|-damage|p1a: Clefable|288\/394
|-damage|p2a: Greninja|139\/285|[from] item: Life Orb
|
|switch|p2a: Espeon|Espeon, M|334\/334
|
|-weather|Sandstorm|[upkeep]
|-damage|p2a: Espeon|314\/334|[from] sandstorm
|-heal|p2a: Espeon|334\/334|[from] item: Leftovers
|-heal|p1a: Clefable|312\/394|[from] item: Leftovers
|turn|16
|
|move|p2a: Espeon|Calm Mind|p2a: Espeon
|-boost|p2a: Espeon|spa|1
|-boost|p2a: Espeon|spd|1
|move|p1a: Clefable|Calm Mind|p1a: Clefable
|-boost|p1a: Clefable|spa|1
|-boost|p1a: Clefable|spd|1
|
|-weather|none
|-heal|p1a: Clefable|336\/394|[from] item: Leftovers
|turn|17
|c|âWebBowser|CM waghs
|c|âDaNef|well
|c|âDaNef|its game
|c|âWebBowser|yup
|
|move|p2a: Espeon|Calm Mind|p2a: Espeon
|-boost|p2a: Espeon|spa|1
|-boost|p2a: Espeon|spd|1
|move|p1a: Clefable|Moonblast|p2a: Espeon
|-damage|p2a: Espeon|249\/334
|-unboost|p2a: Espeon|spa|1
|
|-heal|p2a: Espeon|269\/334|[from] item: Leftovers
|-heal|p1a: Clefable|360\/394|[from] item: Leftovers
|turn|18
|c|âWebBowser|gg though
|c|âDaNef|gg
|
|move|p2a: Espeon|Calm Mind|p2a: Espeon
|-boost|p2a: Espeon|spa|1
|-boost|p2a: Espeon|spd|1
|move|p1a: Clefable|Calm Mind|p1a: Clefable
|-boost|p1a: Clefable|spa|1
|-boost|p1a: Clefable|spd|1
|
|-heal|p2a: Espeon|289\/334|[from] item: Leftovers
|-heal|p1a: Clefable|384\/394|[from] item: Leftovers
|turn|19
|
|move|p2a: Espeon|Calm Mind|p2a: Espeon
|-boost|p2a: Espeon|spa|1
|-boost|p2a: Espeon|spd|1
|move|p1a: Clefable|Moonblast|p2a: Espeon
|-damage|p2a: Espeon|216\/334
|-unboost|p2a: Espeon|spa|1
|
|-heal|p2a: Espeon|236\/334|[from] item: Leftovers
|-heal|p1a: Clefable|394\/394|[from] item: Leftovers
|turn|20
|
|move|p2a: Espeon|Calm Mind|p2a: Espeon
|-boost|p2a: Espeon|spa|1
|-boost|p2a: Espeon|spd|1
|move|p1a: Clefable|Moonblast|p2a: Espeon
|-damage|p2a: Espeon|170\/334
|-unboost|p2a: Espeon|spa|1
|
|-heal|p2a: Espeon|190\/334|[from] item: Leftovers
|turn|21
|
|move|p2a: Espeon|Morning Sun|p2a: Espeon
|-heal|p2a: Espeon|334\/334
|move|p1a: Clefable|Moonblast|p2a: Espeon
|-damage|p2a: Espeon|265\/334
|
|-heal|p2a: Espeon|285\/334|[from] item: Leftovers
|turn|22
|
|move|p2a: Espeon|Stored Power|p1a: Clefable
|-damage|p1a: Clefable|201\/394
|move|p1a: Clefable|Moonblast|p2a: Espeon
|-damage|p2a: Espeon|225\/334
|
|-heal|p2a: Espeon|245\/334|[from] item: Leftovers
|-heal|p1a: Clefable|225\/394|[from] item: Leftovers
|turn|23
|
|move|p2a: Espeon|Stored Power|p1a: Clefable
|-damage|p1a: Clefable|0 fnt
|faint|p1a: Clefable
|
|-heal|p2a: Espeon|265\/334|[from] item: Leftovers
|c|âWebBowser|there we go
|
|switch|p1a: Latias|Latias, F|269\/319
|turn|24
|c|âWebBowser|oh right
|c|âWebBowser|that's still alive
|
|move|p1a: Latias|Healing Wish|p1a: Latias
|-fail|p1a: Latias
|move|p2a: Espeon|Stored Power|p1a: Latias
|-resisted|p1a: Latias
|-damage|p1a: Latias|77\/319
|
|-heal|p2a: Espeon|285\/334|[from] item: Leftovers
|turn|25
|
|move|p1a: Latias|Healing Wish|p1a: Latias
|-fail|p1a: Latias
|move|p2a: Espeon|Stored Power|p1a: Latias
|-resisted|p1a: Latias
|-damage|p1a: Latias|0 fnt
|faint|p1a: Latias
|
|win|WebBowser
|raw|Ladder updating...
|raw|DaNef's rating: 1545 &rarr; <strong>1526<\/strong><br \/>(-19 for losing)
|raw|WebBowser's rating: 1566 &rarr; <strong>1585<\/strong><br \/>(+19 for winning)
|c|âWebBowser|vgg
|leave|DaNef
|player|p1