|join|WebBowser
|join|Celtis3459
|player|p1|WebBowser|92
|player|p2|Celtis3459|39
|gametype|singles
|gen|6
|tier|OU
|rated
|clearpoke
|poke|p1|Scolipede, F
|poke|p1|Espeon, F
|poke|p1|Latios, M
|poke|p1|Greninja, M
|poke|p1|Charizard, F
|poke|p1|Wobbuffet, M
|poke|p2|Mew, shiny
|poke|p2|Zapdos, shiny
|poke|p2|Landorus-Therian, M, shiny
|poke|p2|Clefable, M, shiny
|poke|p2|Azumarill, M, shiny
|poke|p2|Charizard, M, shiny
|rule|Swagger Clause: Swagger is banned
|rule|Baton Pass Clause: Limit one PokÃ©mon knowing Baton Pass
|rule|Sleep Clause Mod: Limit one foe put to sleep
|rule|Species Clause: Limit one of each PokÃ©mon
|rule|OHKO Clause: OHKO moves are banned
|rule|Moody Clause: Moody is banned
|rule|Evasion Moves Clause: Evasion moves are banned
|rule|Endless Battle Clause: Forcing endless battles is banned
|rule|HP Percentage Mod: HP is shown in percentages
|teampreview
|c|âWebBowser|gl hf
|c|âCeltis3459|yt m8
|c|âCeltis3459|H8 this team
|
|start
|switch|p1a: Latios|Latios, M|364\/364
|switch|p2a: Landorus-Therian|Landorus-Therian, M, shiny|320\/320
|-ability|p2a: Landorus-Therian|Intimidate|[of] p1a: Latios
|-unboost|p1a: Latios|atk|1
|turn|1
|c|âWebBowser|sry m8
|c|âCeltis3459|lol
|
|move|p2a: Landorus-Therian|U-turn|p1a: Latios
|-crit|p1a: Latios
|-supereffective|p1a: Latios
|-damage|p1a: Latios|60\/364
|
|switch|p2a: Azumarill|Azumarill, M, shiny|342\/342
|move|p1a: Latios|Reflect|p1a: Latios
|-sidestart|p1: WebBowser|Reflect
|
|turn|2
|c|âWebBowser|hey, you got dat turn 1 crit
|
|move|p1a: Latios|Light Screen|p1a: Latios
|-sidestart|p1: WebBowser|move: Light Screen
|move|p2a: Azumarill|Knock Off|p1a: Latios
|-supereffective|p1a: Latios
|-damage|p1a: Latios|0 fnt
|-enditem|p1a: Latios|Light Clay|[from] move: Knock Off|[of] p2a: Azumarill
|faint|p1a: Latios
|
|c|âCeltis3459|meh
|
|switch|p1a: Scolipede|Scolipede, F|323\/323
|turn|3
|c|âCeltis3459|u used reflect
|
|move|p1a: Scolipede|Iron Defense|p1a: Scolipede
|-boost|p1a: Scolipede|def|2
|move|p2a: Azumarill|Waterfall|p1a: Scolipede
|-damage|p1a: Scolipede|288\/323
|
|-boost|p1a: Scolipede|spe|1|[from] ability: Speed Boost
|turn|4
|c|âWebBowser|after the crit
|
|switch|p2a: Mew|Mew, shiny|404\/404
|move|p1a: Scolipede|Iron Defense|p1a: Scolipede
|-boost|p1a: Scolipede|def|2
|
|-boost|p1a: Scolipede|spe|1|[from] ability: Speed Boost
|turn|5
|
|move|p1a: Scolipede|Baton Pass|p1a: Scolipede
|c|âWebBowser|yes, my latios can survive a scarfed crit u-turn
|
|switch|p1a: Espeon|Espeon, F|334\/334
|move|p2a: Mew|Taunt|p1a: Espeon
|move|p1a: Espeon|Taunt|p2a: Mew|[from]Magic Bounce
|-start|p2a: Mew|move: Taunt
|
|turn|6
|c|âCeltis3459|sigh
|
|move|p1a: Espeon|Calm Mind|p1a: Espeon
|-boost|p1a: Espeon|spa|1
|-boost|p1a: Espeon|spd|1
|move|p2a: Mew|Knock Off|p1a: Espeon
|-supereffective|p1a: Espeon
|-damage|p1a: Espeon|306\/334
|-enditem|p1a: Espeon|Leftovers|[from] move: Knock Off|[of] p2a: Mew
|
|turn|7
|
|switch|p2a: Landorus-Therian|Landorus-Therian, M, shiny|320\/320
|-ability|p2a: Landorus-Therian|Intimidate|[of] p1a: Espeon
|-unboost|p1a: Espeon|atk|1
|move|p1a: Espeon|Calm Mind|p1a: Espeon
|-boost|p1a: Espeon|spa|1
|-boost|p1a: Espeon|spd|1
|
|turn|8
|
|move|p1a: Espeon|Stored Power|p2a: Landorus-Therian
|-damage|p2a: Landorus-Therian|0 fnt
|faint|p2a: Landorus-Therian
|
|-sideend|p1: WebBowser|Reflect
|c|âWebBowser|yeah, it's time
|c|âWebBowser|sry
|
|switch|p2a: Mew|Mew, shiny|404\/404
|turn|9
|c|âCeltis3459|;-;
|
|move|p1a: Espeon|Calm Mind|p1a: Espeon
|-boost|p1a: Espeon|spa|1
|-boost|p1a: Espeon|spd|1
|move|p2a: Mew|Knock Off|p1a: Espeon
|-supereffective|p1a: Espeon
|-damage|p1a: Espeon|270\/334
|
|-sideend|p1: WebBowser|move: Light Screen
|turn|10
|
|move|p1a: Espeon|Stored Power|p2a: Mew
|-resisted|p2a: Mew
|-damage|p2a: Mew|0 fnt
|faint|p2a: Mew
|
|
|switch|p2a: Azumarill|Azumarill, M, shiny|342\/342
|turn|11
|
|move|p1a: Espeon|Stored Power|p2a: Azumarill
|-damage|p2a: Azumarill|0 fnt
|faint|p2a: Azumarill
|
|
|switch|p2a: Zapdos|Zapdos, shiny|384\/384
|-ability|p2a: Zapdos|Pressure
|turn|12
|
|move|p1a: Espeon|Stored Power|p2a: Zapdos
|-damage|p2a: Zapdos|0 fnt
|faint|p2a: Zapdos
|
|c|âCeltis3459|>cancer team
|
|switch|p2a: Charizard|Charizard, M, shiny|360\/360
|turn|13
|c|âWebBowser|ban scolipede imo
|
|detailschange|p2a: Charizard|Charizard-Mega-X, M, shiny
|message|Charizard has Mega Evolved into Mega Charizard!
|move|p1a: Espeon|Stored Power|p2a: Charizard
|-damage|p2a: Charizard|0 fnt
|faint|p2a: Charizard
|
|c|âCeltis3459|lol
|
|switch|p2a: Clefable|Clefable, M, shiny|392\/392
|turn|14
|
|move|p1a: Espeon|Stored Power|p2a: Clefable
|-damage|p2a: Clefable|0 fnt
|faint|p2a: Clefable
|
|win|WebBowser
|raw|Ladder updating...
|c|âWebBowser|no seriously
|raw|WebBowser's rating: 1775 &rarr; <strong>1793<\/strong><br \/>(+18 for winning)
|raw|Celtis3459's rating: 1737 &rarr; <strong>1719<\/strong><br \/>(-18 for losing)
|c|âWebBowser|been trying to get him banned for months
|c|âWebBowser|pretty much why I made this team