|join|Reverb
|join|WebBowser
|player|p1|Reverb|#reverb
|player|p2|WebBowser|92
|gametype|singles
|gen|6
|tier|OU
|rated
|clearpoke
|poke|p1|Landorus, M
|poke|p1|Tyranitar, M
|poke|p1|Venusaur, F
|poke|p1|Excadrill, F
|poke|p1|Keldeo-Resolute
|poke|p1|Thundurus, M
|poke|p2|Scolipede, M
|poke|p2|Espeon, M
|poke|p2|Latios, M
|poke|p2|Greninja, M
|poke|p2|Charizard, M
|poke|p2|Sylveon, M
|rule|Swagger Clause: Swagger is banned
|rule|Baton Pass Clause: Limit one PokÃ©mon knowing Baton Pass
|rule|Sleep Clause Mod: Limit one foe put to sleep
|rule|Species Clause: Limit one of each PokÃ©mon
|rule|OHKO Clause: OHKO moves are banned
|rule|Moody Clause: Moody is banned
|rule|Evasion Moves Clause: Evasion moves are banned
|rule|Endless Battle Clause: Forcing endless battles is banned
|rule|HP Percentage Mod: HP is shown in percentages
|teampreview
|chat|WebBowser|epic avatar
|chat|Reverb|ty
|chat|WebBowser|dnite is friggen adorable
|chat|Reverb|hmm
|
|start
|switch|p1a: bringing the bulk|Venusaur, F|350\/350
|switch|p2a: Latios|Latios, M|364\/364
|turn|1
|
|switch|p1a: space godzilla|Tyranitar, M|403\/403
|-weather|Sandstorm
|move|p2a: Latios|Light Screen|p2a: Latios
|-sidestart|p2: WebBowser|move: Light Screen
|
|-weather|Sandstorm|[upkeep]
|-damage|p2a: Latios|342\/364|[from] sandstorm
|turn|2
|join|Not A Gym Ldr
|
|move|p2a: Latios|Reflect|p2a: Latios
|-sidestart|p2: WebBowser|Reflect
|move|p1a: space godzilla|Stealth Rock|p2a: Latios
|-sidestart|p2: WebBowser|move: Stealth Rock
|
|-weather|Sandstorm|[upkeep]
|-damage|p2a: Latios|320\/364|[from] sandstorm
|turn|3
|chat|Reverb|i see what you're tryng to do
|chat|WebBowser|space godzilla, it's like regular godzilla but IN SPACE!
|chat|WebBowser|cool
|join|Dragonite VII
|join|Sporeles
|chat|Reverb|hmm
|
|switch|p1a: rof|Thundurus, M|299\/299
|move|p2a: Latios|Memento|p1a: rof
|-unboost|p1a: rof|atk|2
|-unboost|p1a: rof|spa|2
|faint|p2a: Latios
|
|-weather|Sandstorm|[upkeep]
|-damage|p1a: rof|281\/299|[from] sandstorm
|chat|WebBowser|zvarri, the truth has once again revealed itself to me
|
|switch|p2a: Scolipede|Scolipede, M|323\/323
|-damage|p2a: Scolipede|243\/323|[from] Stealth Rock
|turn|4
|chat|WebBowser|you are good at this game
|
|move|p1a: rof|Thunder Wave|p2a: Scolipede
|-status|p2a: Scolipede|par
|move|p2a: Scolipede|Iron Defense|p2a: Scolipede
|-boost|p2a: Scolipede|def|2
|
|-weather|Sandstorm|[upkeep]
|-damage|p1a: rof|263\/299|[from] sandstorm
|-damage|p2a: Scolipede|223\/323 par|[from] sandstorm
|-boost|p2a: Scolipede|spe|1|[from] ability: Speed Boost
|turn|5
|chat|WebBowser|am I wrong?
|chat|Reverb|im still prolyl getting fucked by bp
|
|switch|p1a: rip in peace|Landorus, M|319\/319
|move|p2a: Scolipede|Iron Defense|p2a: Scolipede
|-boost|p2a: Scolipede|def|2
|
|-weather|Sandstorm|[upkeep]
|-damage|p2a: Scolipede|203\/323 par|[from] sandstorm
|-boost|p2a: Scolipede|spe|1|[from] ability: Speed Boost
|turn|6
|
|move|p1a: rip in peace|Psychic|p2a: Scolipede
|-supereffective|p2a: Scolipede
|-damage|p2a: Scolipede|0 fnt
|faint|p2a: Scolipede
|
|-weather|Sandstorm|[upkeep]
|chat|WebBowser|dah
|
|switch|p2a: Greninja|Greninja, M|286\/286
|-damage|p2a: Greninja|251\/286|[from] Stealth Rock
|turn|7
|chat|Dragonite VII|>rest in peace peace
|chat|Dragonite VII|nb
|chat|Reverb|ty
|
|switch|p1a: bringing the bulk|Venusaur, F|350\/350
|move|p2a: Greninja|Ice Beam|p1a: bringing the bulk
|-start|p2a: Greninja|typechange|Ice|[from] Protean
|-supereffective|p1a: bringing the bulk
|-damage|p1a: bringing the bulk|0 fnt
|-damage|p2a: Greninja|223\/286|[from] item: Life Orb
|faint|p1a: bringing the bulk
|
|-weather|Sandstorm|[upkeep]
|-damage|p2a: Greninja|206\/286|[from] sandstorm
|chat|Dragonite VII|get predicted
|
|switch|p1a: rof|Thundurus, M|263\/299
|turn|8
|chat|WebBowser|hardly
|
|switch|p2a: Espeon|Espeon, M|334\/334
|-damage|p2a: Espeon|293\/334|[from] Stealth Rock
|move|p1a: rof|Thunder Wave|p2a: Espeon
|move|p2a: Espeon|Thunder Wave|p1a: rof|[from]Magic Bounce
|-fail|p1a: rof
|
|-weather|none
|-heal|p2a: Espeon|313\/334|[from] item: Leftovers
|-sideend|p2: WebBowser|move: Light Screen
|turn|9
|
|move|p1a: rof|Thunderbolt|p2a: Espeon
|-damage|p2a: Espeon|113\/334
|-damage|p1a: rof|234\/299|[from] item: Life Orb
|move|p2a: Espeon|Calm Mind|p2a: Espeon
|-boost|p2a: Espeon|spa|1
|-boost|p2a: Espeon|spd|1
|
|-heal|p2a: Espeon|133\/334|[from] item: Leftovers
|-sideend|p2: WebBowser|Reflect
|turn|10
|chat|Dragonite VII|ballsy
|
|move|p1a: rof|Thunderbolt|p2a: Espeon
|-damage|p2a: Espeon|0 fnt
|-damage|p1a: rof|205\/299|[from] item: Life Orb
|faint|p2a: Espeon
|
|
|switch|p2a: Sylveon|Sylveon, M|394\/394
|-damage|p2a: Sylveon|345\/394|[from] Stealth Rock
|turn|11
|chat|WebBowser|was worth a shot
|
|switch|p1a: space godzilla|Tyranitar, M|403\/403
|-weather|Sandstorm
|move|p2a: Sylveon|Hyper Voice|p1a: space godzilla
|-supereffective|p1a: space godzilla
|-damage|p1a: space godzilla|133\/403
|
|-weather|Sandstorm|[upkeep]
|-damage|p2a: Sylveon|321\/394|[from] sandstorm
|turn|12
|chat|WebBowser|inc exca sweep
|
|switch|p1a: spray tanned|Keldeo-Resolute|323\/323
|move|p2a: Sylveon|Hyper Voice|p1a: spray tanned
|-supereffective|p1a: spray tanned
|-damage|p1a: spray tanned|0 fnt
|faint|p1a: spray tanned
|
|-weather|Sandstorm|[upkeep]
|-damage|p2a: Sylveon|297\/394|[from] sandstorm
|
|switch|p1a: johning|Excadrill, F|362\/362
|turn|13
|chat|Dragonite VII|lol
|
|move|p1a: johning|Iron Head|p2a: Sylveon
|-supereffective|p2a: Sylveon
|-damage|p2a: Sylveon|0 fnt
|-damage|p1a: johning|326\/362|[from] item: Life Orb
|faint|p2a: Sylveon
|
|-weather|Sandstorm|[upkeep]
|chat|WebBowser|gg man, nice play with the thundy
|chat|Reverb|ty
|
|switch|p2a: Charizard|Charizard, M|359\/359
|-damage|p2a: Charizard|180\/359|[from] Stealth Rock
|turn|14
|chat|Reverb|gg
|
|move|p1a: johning|Iron Head|p2a: Charizard
|-resisted|p2a: Charizard
|-damage|p2a: Charizard|57\/359
|-damage|p1a: johning|290\/362|[from] item: Life Orb
|move|p2a: Charizard|Flare Blitz|p1a: johning
|-supereffective|p1a: johning
|-damage|p1a: johning|0 fnt
|-damage|p2a: Charizard|0 fnt|[from] recoil|[of] p1a: johning
|faint|p1a: johning
|faint|p2a: Charizard
|
|-weather|Sandstorm|[upkeep]
|chat|Dragonite VII|no, he's bad. He uses the most op shit in ou all on one team
|chat|Reverb|i have rock slide but i will ih, so as to not risk a miss
|chat|Dragonite VII|thundy with sand rush exca and sr tar, what a degenerate 
|
|switch|p2a: Greninja|Greninja, M|206\/286
|-damage|p2a: Greninja|171\/286|[from] Stealth Rock
|switch|p1a: rof|Thundurus, M|205\/299
|turn|15
|
|move|p1a: rof|Thunder Wave|p2a: Greninja
|-status|p2a: Greninja|par
|cant|p2a: Greninja|par
|
|-weather|Sandstorm|[upkeep]
|-damage|p1a: rof|187\/299|[from] sandstorm
|-damage|p2a: Greninja|154\/286 par|[from] sandstorm
|turn|16
|chat|Reverb|gg
|chat|WebBowser|gotta love the prankster para
|
|move|p1a: rof|Thunderbolt|p2a: Greninja
|-supereffective|p2a: Greninja
|-damage|p2a: Greninja|0 fnt
|-damage|p1a: rof|158\/299|[from] item: Life Orb
|faint|p2a: Greninja
|
|win|Reverb
|raw|Ladder updating...
|raw|Reverb's rating: 1954 &rarr; <strong>1971<\/strong><br \/>(+17 for winning)
|raw|WebBowser's rating: 1895 &rarr; <strong>1879<\/strong><br \/>(-16 for losing)
|leave|WebBowser
|player|p2
|leave|Dragonite VII