|join|WebBowser
|join|chessnova
|player|p1|WebBowser|92
|player|p2|chessnova|265
|gametype|singles
|gen|6
|tier|OU
|rated
|clearpoke
|poke|p1|Scolipede, M
|poke|p1|Espeon, F
|poke|p1|Latios, M
|poke|p1|Greninja, M
|poke|p1|Charizard, F
|poke|p1|Sylveon, M
|poke|p2|Venusaur, M
|poke|p2|Rotom-Wash
|poke|p2|Tyranitar, F
|poke|p2|Excadrill, M
|poke|p2|Bisharp, M
|poke|p2|Clefable, F
|rule|Swagger Clause: Swagger is banned
|rule|Baton Pass Clause: Limit one PokÃ©mon knowing Baton Pass
|rule|Sleep Clause Mod: Limit one foe put to sleep
|rule|Species Clause: Limit one of each PokÃ©mon
|rule|OHKO Clause: OHKO moves are banned
|rule|Moody Clause: Moody is banned
|rule|Evasion Moves Clause: Evasion moves are banned
|rule|Endless Battle Clause: Forcing endless battles is banned
|rule|HP Percentage Mod: HP is shown in percentages
|teampreview
|c|âWebBowser|gl hf
|
|start
|switch|p1a: Latios|Latios, M|364\/364
|switch|p2a: Tyranitar|Tyranitar, F|342\/342
|-weather|Sandstorm
|turn|1
|
|move|p1a: Latios|Reflect|p1a: Latios
|-sidestart|p1: WebBowser|Reflect
|move|p2a: Tyranitar|Pursuit|p1a: Latios
|-supereffective|p1a: Latios
|-damage|p1a: Latios|292\/364
|
|-weather|Sandstorm|[upkeep]
|-damage|p1a: Latios|270\/364|[from] sandstorm
|turn|2
|
|move|p1a: Latios|Light Screen|p1a: Latios
|-sidestart|p1: WebBowser|move: Light Screen
|move|p2a: Tyranitar|Stealth Rock|p1a: Latios
|-sidestart|p1: WebBowser|move: Stealth Rock
|
|-weather|Sandstorm|[upkeep]
|-damage|p1a: Latios|248\/364|[from] sandstorm
|turn|3
|
|move|p1a: Latios|Memento|p2a: Tyranitar
|-unboost|p2a: Tyranitar|atk|2
|-unboost|p2a: Tyranitar|spa|2
|faint|p1a: Latios
|move|p2a: Tyranitar|Ice Beam|p1: Latios|[notarget]
|-notarget
|
|-weather|Sandstorm|[upkeep]
|
|switch|p1a: Scolipede|Scolipede, M|323\/323
|-damage|p1a: Scolipede|243\/323|[from] Stealth Rock
|turn|4
|
|switch|p2a: Excadrill|Excadrill, M|362\/362
|-item|p2a: Excadrill|Air Balloon
|move|p1a: Scolipede|Iron Defense|p1a: Scolipede
|-boost|p1a: Scolipede|def|2
|
|-weather|Sandstorm|[upkeep]
|-damage|p1a: Scolipede|223\/323|[from] sandstorm
|-boost|p1a: Scolipede|spe|1|[from] ability: Speed Boost
|turn|5
|c|âWebBowser|is that a special ttar thar?
|
|move|p2a: Excadrill|Earthquake|p1a: Scolipede
|-damage|p1a: Scolipede|184\/323
|move|p1a: Scolipede|Iron Defense|p1a: Scolipede
|-boost|p1a: Scolipede|def|2
|
|-weather|Sandstorm|[upkeep]
|-damage|p1a: Scolipede|164\/323|[from] sandstorm
|-boost|p1a: Scolipede|spe|1|[from] ability: Speed Boost
|turn|6
|
|move|p2a: Excadrill|Swords Dance|p2a: Excadrill
|-boost|p2a: Excadrill|atk|2
|move|p1a: Scolipede|Substitute|p1a: Scolipede
|-start|p1a: Scolipede|Substitute
|-damage|p1a: Scolipede|84\/323
|
|-weather|Sandstorm|[upkeep]
|-damage|p1a: Scolipede|64\/323|[from] sandstorm
|-boost|p1a: Scolipede|spe|1|[from] ability: Speed Boost
|turn|7
|
|move|p1a: Scolipede|Iron Defense|p1a: Scolipede
|-boost|p1a: Scolipede|def|2
|move|p2a: Excadrill|Earthquake|p1a: Scolipede
|-activate|p1a: Scolipede|Substitute|[damage]
|
|-weather|Sandstorm|[upkeep]
|-damage|p1a: Scolipede|44\/323|[from] sandstorm
|-boost|p1a: Scolipede|spe|1|[from] ability: Speed Boost
|turn|8
|
|move|p1a: Scolipede|Baton Pass|p1a: Scolipede
|
|switch|p1a: Espeon|Espeon, F|334\/334
|-damage|p1a: Espeon|293\/334|[from] Stealth Rock
|move|p2a: Excadrill|Earthquake|p1a: Espeon
|-end|p1a: Espeon|Substitute
|
|-weather|none
|-heal|p1a: Espeon|313\/334|[from] item: Leftovers
|-sideend|p1: WebBowser|Reflect
|turn|9
|
|switch|p2a: Tyranitar|Tyranitar, F|342\/342
|-weather|Sandstorm
|move|p1a: Espeon|Calm Mind|p1a: Espeon
|-boost|p1a: Espeon|spa|1
|-boost|p1a: Espeon|spd|1
|
|-weather|Sandstorm|[upkeep]
|-damage|p1a: Espeon|293\/334|[from] sandstorm
|-heal|p1a: Espeon|313\/334|[from] item: Leftovers
|-sideend|p1: WebBowser|move: Light Screen
|turn|10
|
|move|p1a: Espeon|Calm Mind|p1a: Espeon
|-boost|p1a: Espeon|spa|1
|-boost|p1a: Espeon|spd|1
|move|p2a: Tyranitar|Ice Beam|p1a: Espeon
|-damage|p1a: Espeon|272\/334
|
|-weather|Sandstorm|[upkeep]
|-damage|p1a: Espeon|252\/334|[from] sandstorm
|-heal|p1a: Espeon|272\/334|[from] item: Leftovers
|turn|11
|
|move|p1a: Espeon|Hidden Power|p2a: Tyranitar
|-supereffective|p2a: Tyranitar
|-damage|p2a: Tyranitar|62\/342
|move|p2a: Tyranitar|Ice Beam|p1a: Espeon
|-damage|p1a: Espeon|232\/334
|
|-weather|Sandstorm|[upkeep]
|-damage|p1a: Espeon|212\/334|[from] sandstorm
|-heal|p1a: Espeon|232\/334|[from] item: Leftovers
|turn|12
|
|move|p1a: Espeon|Hidden Power|p2a: Tyranitar
|-supereffective|p2a: Tyranitar
|-damage|p2a: Tyranitar|0 fnt
|faint|p2a: Tyranitar
|
|-weather|Sandstorm|[upkeep]
|-damage|p1a: Espeon|212\/334|[from] sandstorm
|-heal|p1a: Espeon|232\/334|[from] item: Leftovers
|
|switch|p2a: Excadrill|Excadrill, M|362\/362
|-item|p2a: Excadrill|Air Balloon
|turn|13
|
|move|p1a: Espeon|Stored Power|p2a: Excadrill
|-resisted|p2a: Excadrill
|-damage|p2a: Excadrill|0 fnt
|-enditem|p2a: Excadrill|Air Balloon
|faint|p2a: Excadrill
|
|-weather|Sandstorm|[upkeep]
|-damage|p1a: Espeon|212\/334|[from] sandstorm
|-heal|p1a: Espeon|232\/334|[from] item: Leftovers
|
|switch|p2a: Bisharp|Bisharp, M|290\/290
|turn|14
|
|move|p2a: Bisharp|Sucker Punch|p1a: Espeon
|-supereffective|p1a: Espeon
|-damage|p1a: Espeon|136\/334
|move|p1a: Espeon|Hidden Power|p2a: Bisharp
|-supereffective|p2a: Bisharp
|-damage|p2a: Bisharp|0 fnt
|faint|p2a: Bisharp
|
|-weather|Sandstorm|[upkeep]
|-damage|p1a: Espeon|116\/334|[from] sandstorm
|-heal|p1a: Espeon|136\/334|[from] item: Leftovers
|
|switch|p2a: Rotom-Wash|Rotom-Wash|304\/304
|turn|15
|
|move|p1a: Espeon|Stored Power|p2a: Rotom-Wash
|-damage|p2a: Rotom-Wash|0 fnt
|faint|p2a: Rotom-Wash
|
|-weather|Sandstorm|[upkeep]
|-damage|p1a: Espeon|116\/334|[from] sandstorm
|-heal|p1a: Espeon|136\/334|[from] item: Leftovers
|
|switch|p2a: Venusaur|Venusaur, M|359\/359
|turn|16
|
|detailschange|p2a: Venusaur|Venusaur-Mega, M
|message|Venusaur has Mega Evolved into Mega Venusaur!
|move|p1a: Espeon|Stored Power|p2a: Venusaur
|-supereffective|p2a: Venusaur
|-damage|p2a: Venusaur|0 fnt
|faint|p2a: Venusaur
|
|-weather|none
|-heal|p1a: Espeon|156\/334|[from] item: Leftovers
|
|switch|p2a: Clefable|Clefable, F|394\/394
|turn|17
|
|move|p1a: Espeon|Stored Power|p2a: Clefable
|-crit|p2a: Clefable
|-damage|p2a: Clefable|0 fnt
|faint|p2a: Clefable
|
|win|WebBowser
|raw|Ladder updating...
|raw|WebBowser's rating: 1762 &rarr; <strong>1774<\/strong><br \/>(+12 for winning)
|raw|chessnova's rating: 1598 &rarr; <strong>1587<\/strong><br \/>(-11 for losing)
|leave|WebBowser
|player|p1