|join|WebBowser
|join|Reverb
|player|p1|WebBowser|266
|player|p2|Reverb|#reverb
|gametype|singles
|gen|6
|tier|OU
|rated
|clearpoke
|poke|p1|Starmie
|poke|p1|Weavile, M
|poke|p1|Breloom, F
|poke|p1|Manectric, F
|poke|p1|Clefable, F
|poke|p1|Talonflame, M
|poke|p2|Landorus-Therian, M
|poke|p2|Conkeldurr, F
|poke|p2|Magnezone
|poke|p2|Azumarill, F
|poke|p2|Pinsir, M
|poke|p2|Empoleon, M
|rule|Swagger Clause: Swagger is banned
|rule|Baton Pass Clause: Limit one PokÃ©mon knowing Baton Pass
|rule|Sleep Clause Mod: Limit one foe put to sleep
|rule|Species Clause: Limit one of each PokÃ©mon
|rule|OHKO Clause: OHKO moves are banned
|rule|Moody Clause: Moody is banned
|rule|Evasion Moves Clause: Evasion moves are banned
|rule|Endless Battle Clause: Forcing endless battles is banned
|rule|HP Percentage Mod: HP is shown in percentages
|teampreview
|c|âWebBowser|oh hey reverb
|c|âWebBowser|long time no see
|
|start
|switch|p1a: Weavile|Weavile, M|281\/281
|switch|p2a: Landorus-Therian|Landorus-Therian, M|328\/328
|-ability|p2a: Landorus-Therian|Intimidate|[of] p1a: Weavile
|-unboost|p1a: Weavile|atk|1
|-ability|p1a: Weavile|Pressure
|turn|1
|
|switch|p2a: Empoleon|Empoleon, M|371\/371
|move|p1a: Weavile|Knock Off|p2a: Empoleon
|-damage|p2a: Empoleon|261\/371
|-enditem|p2a: Empoleon|Leftovers|[from] move: Knock Off|[of] p1a: Weavile
|-damage|p1a: Weavile|253\/281|[from] item: Life Orb
|
|turn|2
|join|CR0
|
|switch|p1a: Breloom|Breloom, F|261\/261
|move|p2a: Empoleon|Stealth Rock|p1a: Breloom
|-sidestart|p1: WebBowser|move: Stealth Rock
|
|turn|3
|join|trash
|
|switch|p2a: Magnezone|Magnezone|282\/282
|move|p1a: Breloom|Spore|p2a: Magnezone
|-status|p2a: Magnezone|slp
|
|turn|4
|
|switch|p2a: Landorus-Therian|Landorus-Therian, M|328\/328
|-ability|p2a: Landorus-Therian|Intimidate|[of] p1a: Breloom
|-unboost|p1a: Breloom|atk|1
|switch|p1a: Starmie|Starmie|261\/261
|-damage|p1a: Starmie|229\/261|[from] Stealth Rock
|
|turn|5
|join|TRK Rolo j.d
|
|move|p2a: Landorus-Therian|U-turn|p1a: Starmie
|-supereffective|p1a: Starmie
|-damage|p1a: Starmie|17\/261
|join|Austin
|
|switch|p2a: Azumarill|Azumarill, F|349\/349
|move|p1a: Starmie|Hydro Pump|p2a: Azumarill
|-resisted|p2a: Azumarill
|-damage|p2a: Azumarill|194\/349
|-damage|p1a: Starmie|0 fnt|[from] item: Life Orb
|faint|p1a: Starmie
|
|leave|TRK Rolo j.d
|
|switch|p1a: Manectric|Manectric, F|281\/281
|-damage|p1a: Manectric|246\/281|[from] Stealth Rock
|turn|6
|
|switch|p2a: Conkeldurr|Conkeldurr, F|365\/365
|detailschange|p1a: Manectric|Manectric-Mega, F
|message|Manectric has Mega Evolved into Mega Manectric!
|-ability|p1a: Manectric|Intimidate|[of] p2a: Conkeldurr
|-unboost|p2a: Conkeldurr|atk|1
|move|p1a: Manectric|Thunderbolt|p2a: Conkeldurr
|-damage|p2a: Conkeldurr|244\/365
|
|turn|7
|
|switch|p2a: Landorus-Therian|Landorus-Therian, M|328\/328
|-ability|p2a: Landorus-Therian|Intimidate|[of] p1a: Manectric
|-unboost|p1a: Manectric|atk|1
|move|p1a: Manectric|Volt Switch|p2a: Landorus-Therian
|-immune|p2a: Landorus-Therian|[msg]
|
|turn|8
|
|switch|p1a: Talonflame|Talonflame, M|327\/327
|-damage|p1a: Talonflame|164\/327|[from] Stealth Rock
|move|p2a: Landorus-Therian|Earthquake|p1a: Talonflame
|-immune|p1a: Talonflame|[msg]
|
|turn|9
|
|switch|p2a: Empoleon|Empoleon, M|261\/371
|move|p1a: Talonflame|Swords Dance|p1a: Talonflame
|-boost|p1a: Talonflame|atk|2
|
|turn|10
|
|move|p1a: Talonflame|Flare Blitz|p2a: Empoleon
|-damage|p2a: Empoleon|11\/371
|-damage|p1a: Talonflame|81\/327|[from] recoil|[of] p2a: Empoleon
|move|p2a: Empoleon|Scald|p1a: Talonflame
|-supereffective|p1a: Talonflame
|-damage|p1a: Talonflame|0 fnt
|faint|p1a: Talonflame
|
|
|switch|p1a: Weavile|Weavile, M|253\/281
|-damage|p1a: Weavile|183\/281|[from] Stealth Rock
|-ability|p1a: Weavile|Pressure
|turn|11
|
|move|p1a: Weavile|Knock Off|p2a: Empoleon
|-damage|p2a: Empoleon|0 fnt
|-damage|p1a: Weavile|155\/281|[from] item: Life Orb
|faint|p2a: Empoleon
|
|
|switch|p2a: Azumarill|Azumarill, F|194\/349
|turn|12
|
|switch|p1a: Breloom|Breloom, F|261\/261
|-damage|p1a: Breloom|245\/261|[from] Stealth Rock
|move|p2a: Azumarill|Play Rough|p1a: Breloom
|-supereffective|p1a: Breloom
|-damage|p1a: Breloom|0 fnt
|faint|p1a: Breloom
|
|
|switch|p1a: Clefable|Clefable, F|394\/394
|turn|13
|join|Logic
|
|move|p1a: Clefable|Calm Mind|p1a: Clefable
|-boost|p1a: Clefable|spa|1
|-boost|p1a: Clefable|spd|1
|move|p2a: Azumarill|Play Rough|p1a: Clefable
|-damage|p1a: Clefable|103\/394
|
|-heal|p1a: Clefable|127\/394|[from] item: Leftovers
|turn|14
|join|Bellicose
|join|Njord Snio
|
|move|p1a: Clefable|Moonblast|p2a: Azumarill
|-damage|p2a: Azumarill|29\/349
|move|p2a: Azumarill|Play Rough|p1a: Clefable
|-damage|p1a: Clefable|0 fnt
|faint|p1a: Clefable
|
|c| Bellicose|oh reverb
|c|âReverb|hi
|
|switch|p1a: Manectric|Manectric-Mega, F|246\/281
|-damage|p1a: Manectric|211\/281|[from] Stealth Rock
|-ability|p1a: Manectric|Intimidate|[of] p2a: Azumarill
|-unboost|p2a: Azumarill|atk|1
|turn|15
|c|âWebBowser|getting wrecked lol
|c| Njord Snio|rolo manca
|
|switch|p2a: Magnezone|Magnezone|282\/282 slp
|move|p1a: Manectric|Flamethrower|p2a: Magnezone
|-supereffective|p2a: Magnezone
|-damage|p2a: Magnezone|20\/282 slp
|
|turn|16
|c| Bellicose|webbowser is thhis ladder
|leave|CR0
|
|switch|p1a: Weavile|Weavile, M|155\/281
|-damage|p1a: Weavile|85\/281|[from] Stealth Rock
|-ability|p1a: Weavile|Pressure
|cant|p2a: Magnezone|slp
|
|turn|17
|c|âWebBowser|yeah, testing a new team
|c|âReverb|tbh coulda just let it die lol
|c|âReverb|me i mean
|
|switch|p2a: Azumarill|Azumarill, F|29\/349
|move|p1a: Weavile|Ice Punch|p2a: Azumarill
|-resisted|p2a: Azumarill
|-damage|p2a: Azumarill|0 fnt
|-damage|p1a: Weavile|57\/281|[from] item: Life Orb
|faint|p2a: Azumarill
|
|c| Bellicose|once you lost talon you lost
|
|switch|p2a: Conkeldurr|Conkeldurr, F|244\/365
|turn|18
|c| Bellicose|Conk bops u
|
|switch|p1a: Manectric|Manectric-Mega, F|211\/281
|-damage|p1a: Manectric|176\/281|[from] Stealth Rock
|-ability|p1a: Manectric|Intimidate|[of] p2a: Conkeldurr
|-unboost|p2a: Conkeldurr|atk|1
|move|p2a: Conkeldurr|Mach Punch|p1a: Manectric
|-damage|p1a: Manectric|104\/281
|
|turn|19
|
|move|p1a: Manectric|Thunderbolt|p2a: Conkeldurr
|-damage|p2a: Conkeldurr|118\/365
|move|p2a: Conkeldurr|Drain Punch|p1a: Manectric
|-damage|p1a: Manectric|0 fnt
|-heal|p2a: Conkeldurr|170\/365|[from] drain|[of] p1a: Manectric
|faint|p1a: Manectric
|
|c|âReverb|gg
|c|âWebBowser|yup, gg
|
|switch|p1a: Weavile|Weavile, M|57\/281
|-damage|p1a: Weavile|0 fnt|[from] Stealth Rock
|faint|p1a: Weavile
|
|win|Reverb
|raw|Ladder updating...
|leave|Reverb
|player|p2
|leave|Logic
|leave|trash
|raw|WebBowser's rating: 1877 &rarr; <strong>1854<\/strong><br \/>(-23 for losing)
|raw|Reverb's rating: 1817 &rarr; <strong>1841<\/strong><br \/>(+24 for winning)