|join|WebBowser
|join|Nyhita
|player|p1|WebBowser|92
|player|p2|Nyhita|101
|gametype|singles
|gen|6
|tier|OU
|rated
|clearpoke
|poke|p1|Scolipede, M
|poke|p1|Espeon, M
|poke|p1|Latios, M
|poke|p1|Greninja, M
|poke|p1|Charizard, F
|poke|p1|Togekiss, F
|poke|p2|Rhyperior, F
|poke|p2|Tyranitar, F, shiny
|poke|p2|Scizor, M, shiny
|poke|p2|Breloom, M
|poke|p2|Heatran, M
|poke|p2|Latios, M
|rule|Swagger Clause: Swagger is banned
|rule|Baton Pass Clause: Limit one PokÃ©mon knowing Baton Pass
|rule|Sleep Clause Mod: Limit one foe put to sleep
|rule|Species Clause: Limit one of each PokÃ©mon
|rule|OHKO Clause: OHKO moves are banned
|rule|Moody Clause: Moody is banned
|rule|Evasion Moves Clause: Evasion moves are banned
|rule|Endless Battle Clause: Forcing endless battles is banned
|rule|HP Percentage Mod: HP is shown in percentages
|teampreview
|chat|WebBowser|gl hf
|chat|WebBowser|nice rhyperior
|
|start
|switch|p1a: Latios|Latios, M|364\/364
|switch|p2a: ShroomThreat|Breloom, M|262\/262
|turn|1
|chat|Nyhita|ty
|
|move|p2a: ShroomThreat|Bullet Seed|p1a: Latios
|-resisted|p1a: Latios
|-damage|p1a: Latios|322\/364
|-resisted|p1a: Latios
|-damage|p1a: Latios|282\/364
|-resisted|p1a: Latios
|-damage|p1a: Latios|239\/364
|-resisted|p1a: Latios
|-damage|p1a: Latios|201\/364
|-resisted|p1a: Latios
|-damage|p1a: Latios|163\/364
|-hitcount|p1a: Latios|5
|move|p1a: Latios|Ice Beam|p2a: ShroomThreat
|-supereffective|p2a: ShroomThreat
|-damage|p2a: ShroomThreat|8\/262
|
|turn|2
|chat|Nyhita|ur not scared of spore
|chat|Nyhita|?
|chat|WebBowser|I was, so I ice beamed
|
|switch|p2a: Lavaster|Heatran, M|323\/323
|move|p1a: Latios|Ice Beam|p2a: Lavaster
|-resisted|p2a: Lavaster
|-damage|p2a: Lavaster|305\/323
|
|turn|3
|chat|Nyhita|dammit i predicted espeon
|chat|Nyhita|nice play tho
|chat|WebBowser|I wasn't expecting scarf
|
|move|p1a: Latios|Light Screen|p1a: Latios
|-sidestart|p1: WebBowser|move: Light Screen
|move|p2a: Lavaster|Flash Cannon|p1a: Latios
|-damage|p1a: Latios|64\/364
|
|turn|4
|chat|Nyhita|light clay
|chat|WebBowser|nor was I expecting to lose half my hp to a bullet seed ....
|
|move|p1a: Latios|Reflect|p1a: Latios
|-sidestart|p1: WebBowser|Reflect
|move|p2a: Lavaster|Flash Cannon|p1a: Latios
|-damage|p1a: Latios|0 fnt
|faint|p1a: Latios
|
|chat|Nyhita|lol
|
|switch|p1a: Scolipede|Scolipede, M|323\/323
|turn|5
|
|move|p1a: Scolipede|Iron Defense|p1a: Scolipede
|-boost|p1a: Scolipede|def|2
|move|p2a: Lavaster|Flash Cannon|p1a: Scolipede
|-damage|p1a: Scolipede|154\/323
|
|-boost|p1a: Scolipede|spe|1|[from] ability: Speed Boost
|turn|6
|chat|Nyhita|technician power bddy
|
|move|p1a: Scolipede|Baton Pass|p1a: Scolipede
|
|switch|p1a: Espeon|Espeon, M|334\/334
|move|p2a: Lavaster|Flash Cannon|p1a: Espeon
|-damage|p1a: Espeon|213\/334
|
|-heal|p1a: Espeon|233\/334|[from] item: Leftovers
|turn|7
|
|move|p1a: Espeon|Calm Mind|p1a: Espeon
|-boost|p1a: Espeon|spa|1
|-boost|p1a: Espeon|spd|1
|move|p2a: Lavaster|Flash Cannon|p1a: Espeon
|-damage|p1a: Espeon|145\/334
|
|-heal|p1a: Espeon|165\/334|[from] item: Leftovers
|turn|8
|chat|WebBowser|nice scarftran bte
|chat|Nyhita|he aint scarf
|chat|Nyhita|specstran
|chat|WebBowser|oh
|chat|WebBowser|lol
|
|move|p1a: Espeon|Calm Mind|p1a: Espeon
|-boost|p1a: Espeon|spa|1
|-boost|p1a: Espeon|spd|1
|move|p2a: Lavaster|Flash Cannon|p1a: Espeon
|-damage|p1a: Espeon|108\/334
|
|-heal|p1a: Espeon|128\/334|[from] item: Leftovers
|turn|9
|
|switch|p2a: ShroomThreat|Breloom, M|8\/262
|move|p1a: Espeon|Morning Sun|p1a: Espeon
|-heal|p1a: Espeon|295\/334
|
|-heal|p1a: Espeon|315\/334|[from] item: Leftovers
|turn|10
|chat|WebBowser|mind if I setup on him for a bit?
|
|move|p2a: ShroomThreat|Rock Tomb|p1a: Espeon
|-damage|p1a: Espeon|289\/334
|-unboost|p1a: Espeon|spe|1
|move|p1a: Espeon|Stored Power|p2a: ShroomThreat
|-supereffective|p2a: ShroomThreat
|-damage|p2a: ShroomThreat|0 fnt
|faint|p2a: ShroomThreat
|
|-heal|p1a: Espeon|309\/334|[from] item: Leftovers
|-sideend|p1: WebBowser|move: Light Screen
|chat|Nyhita|not at all
|chat|WebBowser|ty
|chat|Nyhita|just lose some speed plz
|
|switch|p2a: FlightGanon!|Latios, M|302\/302
|turn|11
|chat|WebBowser|it's ok, I live forever
|
|switch|p2a: Shukaku|Tyranitar, F, shiny|404\/404
|-weather|Sandstorm
|move|p1a: Espeon|Morning Sun|p1a: Espeon
|-heal|p1a: Espeon|334\/334
|
|-weather|Sandstorm|[upkeep]
|-damage|p1a: Espeon|314\/334|[from] sandstorm
|-heal|p1a: Espeon|334\/334|[from] item: Leftovers
|-sideend|p1: WebBowser|Reflect
|turn|12
|chat|Nyhita|well i mean it's kinda of hard to rely on the sun with the sandstorm ;)
|
|move|p1a: Espeon|Hidden Power|p2a: Shukaku
|-supereffective|p2a: Shukaku
|-damage|p2a: Shukaku|112\/404
|move|p2a: Shukaku|Pursuit|p1a: Espeon
|-crit|p1a: Espeon
|-supereffective|p1a: Espeon
|-damage|p1a: Espeon|122\/334
|
|-weather|Sandstorm|[upkeep]
|-damage|p1a: Espeon|102\/334|[from] sandstorm
|-heal|p1a: Espeon|122\/334|[from] item: Leftovers
|turn|13
|chat|WebBowser|ow
|chat|Nyhita|crit mattered
|chat|Nyhita|sorry man
|
|move|p1a: Espeon|Hidden Power|p2a: Shukaku
|-supereffective|p2a: Shukaku
|-damage|p2a: Shukaku|0 fnt
|faint|p2a: Shukaku
|
|-weather|Sandstorm|[upkeep]
|-damage|p1a: Espeon|102\/334|[from] sandstorm
|-heal|p1a: Espeon|122\/334|[from] item: Leftovers
|chat|WebBowser|yeah it did
|
|switch|p2a: FlightGanon!|Latios, M|302\/302
|turn|14
|
|move|p2a: FlightGanon!|Draco Meteor|p1a: Espeon
|-damage|p1a: Espeon|0 fnt
|-unboost|p2a: FlightGanon!|spa|2
|-damage|p2a: FlightGanon!|272\/302|[from] item: Life Orb
|faint|p1a: Espeon
|
|-weather|Sandstorm|[upkeep]
|-damage|p2a: FlightGanon!|254\/302|[from] sandstorm
|
|switch|p1a: Scolipede|Scolipede, M|154\/323
|turn|15
|
|switch|p2a: B PUNCH!!!|Scizor, M, shiny|281\/281
|move|p1a: Scolipede|Iron Defense|p1a: Scolipede
|-boost|p1a: Scolipede|def|2
|
|-weather|none
|-boost|p1a: Scolipede|spe|1|[from] ability: Speed Boost
|turn|16
|
|switch|p2a: Lavaster|Heatran, M|305\/323
|move|p1a: Scolipede|Iron Defense|p1a: Scolipede
|-boost|p1a: Scolipede|def|2
|
|-boost|p1a: Scolipede|spe|1|[from] ability: Speed Boost
|turn|17
|
|move|p1a: Scolipede|Baton Pass|p1a: Scolipede
|
|switch|p1a: Charizard|Charizard, F|359\/359
|move|p2a: Lavaster|Fire Blast|p1a: Charizard
|-resisted|p1a: Charizard
|-damage|p1a: Charizard|167\/359
|
|turn|18
|
|detailschange|p1a: Charizard|Charizard-Mega-X, F
|message|Charizard has Mega Evolved into Mega Charizard!
|move|p1a: Charizard|Swords Dance|p1a: Charizard
|-boost|p1a: Charizard|atk|2
|move|p2a: Lavaster|Fire Blast|p1a: Charizard|[miss]
|-miss|p2a: Lavaster|p1a: Charizard
|
|turn|19
|chat|WebBowser|that thing is oml
|
|move|p1a: Charizard|Roost|p1a: Charizard
|-heal|p1a: Charizard|347\/359
|move|p2a: Lavaster|Fire Blast|p1a: Charizard
|-resisted|p1a: Charizard
|-damage|p1a: Charizard|257\/359
|
|turn|20
|
|switch|p2a: B PUNCH!!!|Scizor, M, shiny|281\/281
|move|p1a: Charizard|Swords Dance|p1a: Charizard
|-boost|p1a: Charizard|atk|2
|
|turn|21
|
|switch|p2a: Lavaster|Heatran, M|305\/323
|move|p1a: Charizard|Flare Blitz|p2a: Lavaster
|-start|p2a: Lavaster|ability: Flash Fire
|
|turn|22
|
|move|p1a: Charizard|Outrage|p2a: Lavaster
|-resisted|p2a: Lavaster
|-damage|p2a: Lavaster|0 fnt
|faint|p2a: Lavaster
|
|
|switch|p2a: B PUNCH!!!|Scizor, M, shiny|281\/281
|turn|23
|
|detailschange|p2a: B PUNCH!!!|Scizor-Mega, M, shiny
|message|Scizor has Mega Evolved into Mega Scizor!
|move|p1a: Charizard|Outrage|p2a: B PUNCH!!!
|-resisted|p2a: B PUNCH!!!
|-damage|p2a: B PUNCH!!!|0 fnt
|faint|p2a: B PUNCH!!!
|
|chat|WebBowser|OML!
|chat|Nyhita|:O
|chat|Nyhita|WTF
|chat|Nyhita|FULL DEFENSE
|chat|Nyhita|this is impossible!
|
|switch|p2a: Rhyfight|Rhyperior, F|372\/372
|turn|24
|
|move|p1a: Charizard|Outrage|p2a: Rhyfight
|-damage|p2a: Rhyfight|0 fnt
|faint|p2a: Rhyfight
|
|-end|p1a: Charizard|rampage
|-start|p1a: Charizard|confusion
|
|switch|p2a: FlightGanon!|Latios, M|254\/302
|turn|25
|chat|WebBowser|now for the 50\/50
|chat|Nyhita|this is a new team i didn't expect
|chat|Nyhita|*a team
|chat|Nyhita|well played
|
|-activate|p1a: Charizard|confusion
|move|p1a: Charizard|Outrage|p2a: FlightGanon!
|-supereffective|p2a: FlightGanon!
|-damage|p2a: FlightGanon!|0 fnt
|faint|p2a: FlightGanon!
|
|win|WebBowser
|raw|Ladder updating...
|raw|WebBowser's rating: 1713 &rarr; <strong>1734<\/strong><br \/>(+21 for winning)
|raw|Nyhita's rating: 1734 &rarr; <strong>1713<\/strong><br \/>(-21 for losing)
|chat|Nyhita|gg
|chat|WebBowser|gg
|chat|WebBowser|saving this