|join|LT4A den is
|join|WebBowser
|player|p1|LT4A den is|266
|player|p2|WebBowser|92
|gametype|singles
|gen|6
|tier|OU
|rated
|clearpoke
|poke|p1|Doublade, M
|poke|p1|Gliscor, F
|poke|p1|Slowbro, M
|poke|p1|Clefable, M
|poke|p1|Venusaur, F
|poke|p1|Aerodactyl, M
|poke|p2|Scolipede, F
|poke|p2|Espeon, F
|poke|p2|Latios, M
|poke|p2|Greninja, F
|poke|p2|Charizard, F
|poke|p2|Wobbuffet, M
|rule|Swagger Clause: Swagger is banned
|rule|Baton Pass Clause: Limit one PokÃ©mon knowing Baton Pass
|rule|Sleep Clause Mod: Limit one foe put to sleep
|rule|Species Clause: Limit one of each PokÃ©mon
|rule|OHKO Clause: OHKO moves are banned
|rule|Moody Clause: Moody is banned
|rule|Evasion Moves Clause: Evasion moves are banned
|rule|Endless Battle Clause: Forcing endless battles is banned
|rule|HP Percentage Mod: HP is shown in percentages
|teampreview
|c|âWebBowser|oooh, doublade
|c|âWebBowser|I'm liking the variety I see on high ladder, not gonna lie
|
|start
|switch|p1a: Slowbro|Slowbro, M|394\/394
|switch|p2a: Latios|Latios, M|364\/364
|turn|1
|
|move|p2a: Latios|Light Screen|p2a: Latios
|-sidestart|p2: WebBowser|move: Light Screen
|move|p1a: Slowbro|Thunder Wave|p2a: Latios
|-status|p2a: Latios|par
|
|turn|2
|
|switch|p1a: Aerodactyl|Aerodactyl, M|347\/347
|-ability|p1a: Aerodactyl|Pressure
|move|p2a: Latios|Reflect|p2a: Latios
|-sidestart|p2: WebBowser|Reflect
|
|turn|3
|
|switch|p2a: Espeon|Espeon, F|334\/334
|detailschange|p1a: Aerodactyl|Aerodactyl-Mega, M
|message|Aerodactyl has Mega Evolved into Mega Aerodactyl!
|move|p1a: Aerodactyl|Defog|p2a: Espeon
|move|p2a: Espeon|Defog|p1a: Aerodactyl|[from]Magic Bounce
|-unboost|p1a: Aerodactyl|evasion|1
|
|turn|4
|
|switch|p1a: Doublade|Doublade, M|322\/322
|switch|p2a: Greninja|Greninja, F|286\/286
|
|turn|5
|
|switch|p1a: Clefable|Clefable, M|394\/394
|move|p2a: Greninja|Hidden Power|p1a: Clefable
|-start|p2a: Greninja|typechange|Fire|[from] Protean
|-damage|p1a: Clefable|295\/394
|-damage|p2a: Greninja|258\/286|[from] item: Life Orb
|
|-heal|p1a: Clefable|319\/394|[from] item: Leftovers
|turn|6
|
|switch|p2a: Oh no it's|Wobbuffet, M|584\/584
|move|p1a: Clefable|Calm Mind|p1a: Clefable
|-boost|p1a: Clefable|spa|1
|-boost|p1a: Clefable|spd|1
|
|-heal|p1a: Clefable|343\/394|[from] item: Leftovers
|turn|7
|
|move|p1a: Clefable|Calm Mind|p1a: Clefable
|-boost|p1a: Clefable|spa|1
|-boost|p1a: Clefable|spd|1
|move|p2a: Oh no it's|Encore|p1a: Clefable
|-start|p1a: Clefable|Encore
|
|-heal|p1a: Clefable|367\/394|[from] item: Leftovers
|turn|8
|
|switch|p2a: Charizard|Charizard, F|359\/359
|move|p1a: Clefable|Calm Mind|p1a: Clefable
|-boost|p1a: Clefable|spa|1
|-boost|p1a: Clefable|spd|1
|
|-heal|p1a: Clefable|391\/394|[from] item: Leftovers
|-sideend|p2: WebBowser|move: Light Screen
|turn|9
|
|switch|p1a: Slowbro|Slowbro, M|394\/394
|detailschange|p2a: Charizard|Charizard-Mega-X, F
|message|Charizard has Mega Evolved into Mega Charizard!
|move|p2a: Charizard|Swords Dance|p2a: Charizard
|-boost|p2a: Charizard|atk|2
|
|-sideend|p2: WebBowser|Reflect
|turn|10
|
|move|p2a: Charizard|Outrage|p1a: Slowbro
|-damage|p1a: Slowbro|0 fnt
|faint|p1a: Slowbro
|
|
|switch|p1a: Doublade|Doublade, M|322\/322
|turn|11
|
|move|p2a: Charizard|Outrage|p1a: Doublade
|-resisted|p1a: Doublade
|-damage|p1a: Doublade|168\/322
|move|p1a: Doublade|Toxic|p2a: Charizard
|-status|p2a: Charizard|tox
|
|-end|p2a: Charizard|rampage
|-start|p2a: Charizard|confusion
|-damage|p2a: Charizard|337\/359 tox|[from] psn
|turn|12
|
|switch|p2a: Scolipede|Scolipede, F|323\/323
|switch|p1a: Aerodactyl|Aerodactyl-Mega, M|347\/347
|
|turn|13
|
|move|p2a: Scolipede|Protect|p2a: Scolipede
|-singleturn|p2a: Scolipede|Protect
|move|p1a: Aerodactyl|Rock Slide|p2a: Scolipede
|-activate|p2a: Scolipede|Protect
|
|-boost|p2a: Scolipede|spe|1|[from] ability: Speed Boost
|turn|14
|
|move|p2a: Scolipede|Iron Defense|p2a: Scolipede
|-boost|p2a: Scolipede|def|2
|move|p1a: Aerodactyl|Rock Slide|p2a: Scolipede
|-supereffective|p2a: Scolipede
|-damage|p2a: Scolipede|207\/323
|
|-boost|p2a: Scolipede|spe|1|[from] ability: Speed Boost
|turn|15
|
|move|p2a: Scolipede|Iron Defense|p2a: Scolipede
|-boost|p2a: Scolipede|def|2
|move|p1a: Aerodactyl|Rock Slide|p2a: Scolipede
|-supereffective|p2a: Scolipede
|-damage|p2a: Scolipede|129\/323
|
|-boost|p2a: Scolipede|spe|1|[from] ability: Speed Boost
|turn|16
|
|switch|p1a: Doublade|Doublade, M|168\/322
|move|p2a: Scolipede|Iron Defense|p2a: Scolipede
|-boost|p2a: Scolipede|def|2
|
|-boost|p2a: Scolipede|spe|1|[from] ability: Speed Boost
|turn|17
|
|move|p2a: Scolipede|Substitute|p2a: Scolipede
|-start|p2a: Scolipede|Substitute
|-damage|p2a: Scolipede|49\/323
|move|p1a: Doublade|Shadow Claw|p2a: Scolipede
|-activate|p2a: Scolipede|Substitute|[damage]
|
|-boost|p2a: Scolipede|spe|1|[from] ability: Speed Boost
|turn|18
|
|move|p2a: Scolipede|Baton Pass|p2a: Scolipede
|
|switch|p2a: Espeon|Espeon, F|334\/334
|move|p1a: Doublade|Shadow Claw|p2a: Espeon
|-supereffective|p2a: Espeon
|-activate|p2a: Espeon|Substitute|[damage]
|
|turn|19
|
|move|p2a: Espeon|Calm Mind|p2a: Espeon
|-boost|p2a: Espeon|spa|1
|-boost|p2a: Espeon|spd|1
|move|p1a: Doublade|Shadow Claw|p2a: Espeon
|-supereffective|p2a: Espeon
|-end|p2a: Espeon|Substitute
|
|turn|20
|
|move|p2a: Espeon|Stored Power|p1a: Doublade
|-resisted|p1a: Doublade
|-damage|p1a: Doublade|0 fnt
|faint|p1a: Doublade
|
|c|âWebBowser|gg
|-message|LT4A den is forfeited.
|
|win|WebBowser
|raw|Ladder updating...
|leave|LT4A den is
|player|p1
|raw|LT4A den is's rating: 1898 &rarr; <strong>1881<\/strong><br \/>(-17 for losing)
|raw|WebBowser's rating: 1947 &rarr; <strong>1964<\/strong><br \/>(+17 for winning)