|join|WebBowser
|join|Avaliador
|player|p1|WebBowser|92
|player|p2|Avaliador|170
|gametype|singles
|gen|6
|tier|OU
|rated
|clearpoke
|poke|p1|Scolipede, F
|poke|p1|Espeon, F
|poke|p1|Latios, M
|poke|p1|Greninja, F
|poke|p1|Charizard, M
|poke|p1|Togekiss, M
|poke|p2|Mew
|poke|p2|Rotom-Wash
|poke|p2|Azumarill, F
|poke|p2|Charizard, M
|poke|p2|Garchomp, M
|poke|p2|Thundurus, M
|rule|Swagger Clause: Swagger is banned
|rule|Baton Pass Clause: Limit one PokÃ©mon knowing Baton Pass
|rule|Sleep Clause Mod: Limit one foe put to sleep
|rule|Species Clause: Limit one of each PokÃ©mon
|rule|OHKO Clause: OHKO moves are banned
|rule|Moody Clause: Moody is banned
|rule|Evasion Moves Clause: Evasion moves are banned
|rule|Endless Battle Clause: Forcing endless battles is banned
|rule|HP Percentage Mod: HP is shown in percentages
|teampreview
|chat|WebBowser|gl hf
|chat|WebBowser|u there mait?
|
|start
|switch|p1a: Latios|Latios, M|364\/364
|switch|p2a: Mew|Mew|404\/404
|turn|1
|
|move|p1a: Latios|Light Screen|p1a: Latios
|-sidestart|p1: WebBowser|move: Light Screen
|move|p2a: Mew|Knock Off|p1a: Latios
|-supereffective|p1a: Latios
|-damage|p1a: Latios|188\/364
|-enditem|p1a: Latios|Light Clay|[from] move: Knock Off|[of] p2a: Mew
|
|turn|2
|chat|WebBowser|interesting choice
|
|move|p1a: Latios|Memento|p2a: Mew
|-unboost|p2a: Mew|atk|2
|-unboost|p2a: Mew|spa|2
|faint|p1a: Latios
|move|p2a: Mew|Knock Off|p1: Latios|[notarget]
|-notarget
|
|
|switch|p1a: Scolipede|Scolipede, F|323\/323
|turn|3
|
|move|p1a: Scolipede|Iron Defense|p1a: Scolipede
|-boost|p1a: Scolipede|def|2
|move|p2a: Mew|Stealth Rock|p1a: Scolipede
|-sidestart|p1: WebBowser|move: Stealth Rock
|
|-boost|p1a: Scolipede|spe|1|[from] ability: Speed Boost
|turn|4
|
|switch|p2a: Charizard|Charizard, M|298\/298
|move|p1a: Scolipede|Iron Defense|p1a: Scolipede
|-boost|p1a: Scolipede|def|2
|
|-boost|p1a: Scolipede|spe|1|[from] ability: Speed Boost
|turn|5
|
|detailschange|p2a: Charizard|Charizard-Mega-Y, M
|message|Charizard has Mega Evolved into Mega Charizard!
|-weather|SunnyDay
|move|p1a: Scolipede|Baton Pass|p1a: Scolipede
|
|switch|p1a: Charizard|Charizard, M|359\/359
|-damage|p1a: Charizard|180\/359|[from] Stealth Rock
|move|p2a: Charizard|Flamethrower|p1a: Charizard
|-resisted|p1a: Charizard
|-damage|p1a: Charizard|106\/359
|
|-weather|SunnyDay|[upkeep]
|turn|6
|chat|WebBowser|ty for the sun btw
|
|detailschange|p1a: Charizard|Charizard-Mega-X, M
|message|Charizard has Mega Evolved into Mega Charizard!
|move|p1a: Charizard|Roost|p1a: Charizard
|-heal|p1a: Charizard|286\/359
|move|p2a: Charizard|Focus Blast|p1a: Charizard
|-damage|p1a: Charizard|197\/359
|
|-weather|SunnyDay|[upkeep]
|turn|7
|
|switch|p2a: Garchomp|Garchomp, M|358\/358
|move|p1a: Charizard|Flare Blitz|p2a: Garchomp
|-resisted|p2a: Garchomp
|-damage|p2a: Garchomp|130\/358
|-damage|p1a: Charizard|153\/359|[from] ability: Rough Skin|[of] p2a: Garchomp
|-damage|p1a: Charizard|78\/359|[from] recoil|[of] p2a: Garchomp
|
|-weather|SunnyDay|[upkeep]
|turn|8
|
|switch|p2a: Rotom-Wash|Rotom-Wash|304\/304
|move|p1a: Charizard|Roost|p1a: Charizard
|-heal|p1a: Charizard|258\/359
|
|-weather|SunnyDay|[upkeep]
|-sideend|p1: WebBowser|move: Light Screen
|turn|9
|
|move|p1a: Charizard|Swords Dance|p1a: Charizard
|-boost|p1a: Charizard|atk|2
|move|p2a: Rotom-Wash|Thunder Wave|p1a: Charizard
|-status|p1a: Charizard|par
|
|-weather|none
|turn|10
|
|move|p2a: Rotom-Wash|Hydro Pump|p1a: Charizard
|-damage|p1a: Charizard|114\/359 par
|cant|p1a: Charizard|par
|
|turn|11
|
|move|p2a: Rotom-Wash|Hydro Pump|p1a: Charizard
|-damage|p1a: Charizard|0 fnt
|faint|p1a: Charizard
|
|chat|WebBowser|tch, nice job
|
|switch|p1a: Greninja|Greninja, F|286\/286
|-damage|p1a: Greninja|251\/286|[from] Stealth Rock
|turn|12
|
|switch|p2a: Azumarill|Azumarill, F|404\/404
|move|p1a: Greninja|Extrasensory|p2a: Azumarill
|-start|p1a: Greninja|typechange|Psychic|[from] Protean
|-crit|p2a: Azumarill
|-damage|p2a: Azumarill|127\/404
|-damage|p1a: Greninja|223\/286|[from] item: Life Orb
|
|-heal|p2a: Azumarill|152\/404|[from] item: Leftovers
|turn|13
|chat|WebBowser|sry
|
|move|p2a: Azumarill|Aqua Jet|p1a: Greninja
|-damage|p1a: Greninja|103\/286
|move|p1a: Greninja|Extrasensory|p2a: Azumarill
|-damage|p2a: Azumarill|0 fnt
|-damage|p1a: Greninja|75\/286|[from] item: Life Orb
|faint|p2a: Azumarill
|
|
|switch|p2a: Charizard|Charizard-Mega-Y, M|298\/298
|-weather|SunnyDay
|turn|14
|
|move|p1a: Greninja|Hydro Pump|p2a: Charizard
|-start|p1a: Greninja|typechange|Water|[from] Protean
|-supereffective|p2a: Charizard
|-damage|p2a: Charizard|111\/298
|-damage|p1a: Greninja|47\/286|[from] item: Life Orb
|move|p2a: Charizard|Flamethrower|p1a: Greninja
|-resisted|p1a: Greninja
|-damage|p1a: Greninja|0 fnt
|faint|p1a: Greninja
|
|-weather|SunnyDay|[upkeep]
|
|switch|p1a: Togekiss|Togekiss, M|374\/374
|-damage|p1a: Togekiss|281\/374|[from] Stealth Rock
|turn|15
|
|switch|p2a: Rotom-Wash|Rotom-Wash|304\/304
|move|p1a: Togekiss|Air Slash|p2a: Rotom-Wash
|-resisted|p2a: Rotom-Wash
|-damage|p2a: Rotom-Wash|237\/304
|
|-weather|SunnyDay|[upkeep]
|-heal|p2a: Rotom-Wash|256\/304|[from] item: Leftovers
|-heal|p1a: Togekiss|304\/374|[from] item: Leftovers
|turn|16
|
|move|p2a: Rotom-Wash|Volt Switch|p1a: Togekiss
|-supereffective|p1a: Togekiss
|-damage|p1a: Togekiss|152\/374
|
|switch|p2a: Garchomp|Garchomp, M|130\/358
|move|p1a: Togekiss|Nasty Plot|p1a: Togekiss
|-boost|p1a: Togekiss|spa|2
|
|-weather|SunnyDay|[upkeep]
|-heal|p1a: Togekiss|175\/374|[from] item: Leftovers
|turn|17
|
|move|p2a: Garchomp|Poison Jab|p1a: Togekiss
|-crit|p1a: Togekiss
|-supereffective|p1a: Togekiss
|-damage|p1a: Togekiss|0 fnt
|faint|p1a: Togekiss
|
|-weather|SunnyDay|[upkeep]
|
|switch|p1a: Scolipede|Scolipede, F|323\/323
|-damage|p1a: Scolipede|243\/323|[from] Stealth Rock
|turn|18
|
|move|p2a: Garchomp|Earthquake|p1a: Scolipede
|-damage|p1a: Scolipede|105\/323
|move|p1a: Scolipede|Iron Defense|p1a: Scolipede
|-boost|p1a: Scolipede|def|2
|
|-weather|none
|-boost|p1a: Scolipede|spe|1|[from] ability: Speed Boost
|turn|19
|
|move|p1a: Scolipede|Baton Pass|p1a: Scolipede
|
|switch|p1a: Espeon|Espeon, F|334\/334
|-damage|p1a: Espeon|293\/334|[from] Stealth Rock
|move|p2a: Garchomp|Earthquake|p1a: Espeon
|-damage|p1a: Espeon|211\/334
|
|-heal|p1a: Espeon|231\/334|[from] item: Leftovers
|turn|20
|
|move|p1a: Espeon|Calm Mind|p1a: Espeon
|-boost|p1a: Espeon|spa|1
|-boost|p1a: Espeon|spd|1
|move|p2a: Garchomp|Earthquake|p1a: Espeon
|-damage|p1a: Espeon|143\/334
|
|-heal|p1a: Espeon|163\/334|[from] item: Leftovers
|turn|21
|
|move|p1a: Espeon|Stored Power|p2a: Garchomp
|-damage|p2a: Garchomp|0 fnt
|faint|p2a: Garchomp
|
|-heal|p1a: Espeon|183\/334|[from] item: Leftovers
|
|switch|p2a: Mew|Mew|404\/404
|turn|22
|
|move|p1a: Espeon|Calm Mind|p1a: Espeon
|-boost|p1a: Espeon|spa|1
|-boost|p1a: Espeon|spd|1
|move|p2a: Mew|Knock Off|p1a: Espeon
|-supereffective|p1a: Espeon
|-damage|p1a: Espeon|109\/334
|-enditem|p1a: Espeon|Leftovers|[from] move: Knock Off|[of] p2a: Mew
|
|turn|23
|
|move|p1a: Espeon|Morning Sun|p1a: Espeon
|-heal|p1a: Espeon|276\/334
|move|p2a: Mew|Knock Off|p1a: Espeon
|-supereffective|p1a: Espeon
|-damage|p1a: Espeon|226\/334
|
|turn|24
|join|LeBronDurant
|
|move|p1a: Espeon|Calm Mind|p1a: Espeon
|-boost|p1a: Espeon|spa|1
|-boost|p1a: Espeon|spd|1
|move|p2a: Mew|Knock Off|p1a: Espeon
|-supereffective|p1a: Espeon
|-damage|p1a: Espeon|170\/334
|
|turn|25
|chat|WebBowser|hey durant
|
|move|p1a: Espeon|Morning Sun|p1a: Espeon
|-heal|p1a: Espeon|334\/334
|move|p2a: Mew|Defog|p1a: Espeon
|move|p1a: Espeon|Defog|p2a: Mew|[from]Magic Bounce
|-unboost|p2a: Mew|evasion|1
|-sideend|p1: WebBowser|Stealth Rock|[from] move: Defog|[of] p1a: Espeon
|
|turn|26
|chat|LeBronDurant|whats up 
|-message|Avaliador forfeited.
|leave|Avaliador
|
|win|WebBowser
|raw|Ladder updating...
|player|p2
|chat|LeBronDurant|you still use this lol
|raw|WebBowser's rating: 1803 &rarr; <strong>1818<\/strong><br \/>(+15 for winning)
|raw|Avaliador's rating: 1718 &rarr; <strong>1703<\/strong><br \/>(-15 for losing)
|chat|WebBowser|just doing some espeon sweeps
|chat|WebBowser|you?
|chat|WebBowser|yes
|chat|WebBowser|and I'm now top 100 in the OU ladder
|chat|WebBowser|lol
|chat|LeBronDurant|im just obseving lol