|join|WebBowser
|join|uCan'tSeeMe
|player|p1|WebBowser|92
|player|p2|uCan'tSeeMe|211
|gametype|singles
|gen|6
|tier|OU
|rated
|clearpoke
|poke|p1|Scolipede, M
|poke|p1|Espeon, F
|poke|p1|Latios, M
|poke|p1|Greninja, F
|poke|p1|Charizard, M
|poke|p1|Wobbuffet, F
|poke|p2|Charizard, F
|poke|p2|Ferrothorn, F
|poke|p2|Raikou
|poke|p2|Latios, M
|poke|p2|Landorus-Therian, M
|poke|p2|Keldeo-Resolute
|rule|Swagger Clause: Swagger is banned
|rule|Baton Pass Clause: Limit one PokÃ©mon knowing Baton Pass
|rule|Sleep Clause Mod: Limit one foe put to sleep
|rule|Species Clause: Limit one of each PokÃ©mon
|rule|OHKO Clause: OHKO moves are banned
|rule|Moody Clause: Moody is banned
|rule|Evasion Moves Clause: Evasion moves are banned
|rule|Endless Battle Clause: Forcing endless battles is banned
|rule|HP Percentage Mod: HP is shown in percentages
|teampreview
|c|âWebBowser|gl hf
|c|âuCan'tSeeMe|;__;
|c|âuCan'tSeeMe|u2
|c|âWebBowser|I can in fact see you btw
|
|start
|switch|p1a: Latios|Latios, M|364\/364
|switch|p2a: Landorus-Therian|Landorus-Therian, M|324\/324
|-ability|p2a: Landorus-Therian|Intimidate|[of] p1a: Latios
|-unboost|p1a: Latios|atk|1
|turn|1
|c|âWebBowser|you cannot fool me
|c|âuCan'tSeeMe|haha
|c|âuCan'tSeeMe|btw
|c|âWebBowser|?
|c|âuCan'tSeeMe|nice team :)
|
|move|p2a: Landorus-Therian|Knock Off|p1a: Latios
|-supereffective|p1a: Latios
|-damage|p1a: Latios|84\/364
|-enditem|p1a: Latios|Light Clay|[from] move: Knock Off|[of] p2a: Landorus-Therian
|move|p1a: Latios|Reflect|p1a: Latios
|-sidestart|p1: WebBowser|Reflect
|
|turn|2
|c|âWebBowser|ty :)
|
|move|p2a: Landorus-Therian|Knock Off|p1a: Latios
|-supereffective|p1a: Latios
|-damage|p1a: Latios|0 fnt
|faint|p1a: Latios
|
|
|switch|p1a: Scolipede|Scolipede, M|323\/323
|turn|3
|c|âuCan'tSeeMe|sry
|c|âuCan'tSeeMe|im laggin
|
|switch|p2a: Keldeo-Resolute|Keldeo-Resolute|322\/322
|move|p1a: Scolipede|Iron Defense|p1a: Scolipede
|-boost|p1a: Scolipede|def|2
|
|-boost|p1a: Scolipede|spe|1|[from] ability: Speed Boost
|turn|4
|
|move|p1a: Scolipede|Protect|p1a: Scolipede
|-singleturn|p1a: Scolipede|Protect
|move|p2a: Keldeo-Resolute|Scald|p1a: Scolipede
|-activate|p1a: Scolipede|Protect
|
|-boost|p1a: Scolipede|spe|1|[from] ability: Speed Boost
|turn|5
|
|move|p1a: Scolipede|Baton Pass|p1a: Scolipede
|
|switch|p1a: Espeon|Espeon, F|334\/334
|move|p2a: Keldeo-Resolute|Scald|p1a: Espeon
|-damage|p1a: Espeon|114\/334
|
|-heal|p1a: Espeon|134\/334|[from] item: Leftovers
|-sideend|p1: WebBowser|Reflect
|turn|6
|
|switch|p1a: Oh no it's|Wobbuffet, F|584\/584
|move|p2a: Keldeo-Resolute|Scald|p1a: Oh no it's
|-damage|p1a: Oh no it's|374\/584
|
|turn|7
|
|move|p2a: Keldeo-Resolute|Scald|p1a: Oh no it's
|-crit|p1a: Oh no it's
|-damage|p1a: Oh no it's|38\/584
|-enditem|p1a: Oh no it's|Sitrus Berry|[eat]
|-heal|p1a: Oh no it's|184\/584|[from] item: Sitrus Berry
|move|p1a: Oh no it's|Mirror Coat|p2a: Keldeo-Resolute
|-damage|p2a: Keldeo-Resolute|0 fnt
|faint|p2a: Keldeo-Resolute
|
|
|switch|p2a: Landorus-Therian|Landorus-Therian, M|324\/324
|-ability|p2a: Landorus-Therian|Intimidate|[of] p1a: Oh no it's
|-unboost|p1a: Oh no it's|atk|1
|turn|8
|
|move|p2a: Landorus-Therian|U-turn|p1a: Oh no it's
|-crit|p1a: Oh no it's
|-supereffective|p1a: Oh no it's
|-damage|p1a: Oh no it's|0 fnt
|faint|p1a: Oh no it's
|
|switch|p2a: Charizard|Charizard, F|298\/298
|
|
|switch|p1a: Greninja|Greninja, F|286\/286
|turn|9
|
|detailschange|p2a: Charizard|Charizard-Mega-X, F
|message|Charizard has Mega Evolved into Mega Charizard!
|move|p1a: Greninja|Hydro Pump|p2a: Charizard
|-start|p1a: Greninja|typechange|Water|[from] Protean
|-damage|p2a: Charizard|56\/298
|-damage|p1a: Greninja|258\/286|[from] item: Life Orb
|move|p2a: Charizard|Dragon Dance|p2a: Charizard
|-boost|p2a: Charizard|atk|1
|-boost|p2a: Charizard|spe|1
|
|turn|10
|
|move|p2a: Charizard|Dragon Claw|p1a: Greninja
|-damage|p1a: Greninja|0 fnt
|faint|p1a: Greninja
|
|
|switch|p1a: Charizard|Charizard, M|359\/359
|turn|11
|
|move|p2a: Charizard|Dragon Claw|p1a: Charizard
|-damage|p1a: Charizard|14\/359
|move|p1a: Charizard|Dragon Claw|p2a: Charizard
|-supereffective|p2a: Charizard
|-damage|p2a: Charizard|0 fnt
|faint|p2a: Charizard
|
|c|âWebBowser|REG ZARD POWER!
|
|switch|p2a: Landorus-Therian|Landorus-Therian, M|324\/324
|-ability|p2a: Landorus-Therian|Intimidate|[of] p1a: Charizard
|-unboost|p1a: Charizard|atk|1
|turn|12
|
|move|p2a: Landorus-Therian|U-turn|p1a: Charizard
|-resisted|p1a: Charizard
|-damage|p1a: Charizard|0 fnt
|faint|p1a: Charizard
|
|switch|p2a: Raikou|Raikou|328\/328
|-ability|p2a: Raikou|Pressure
|
|
|switch|p1a: Scolipede|Scolipede, M|323\/323
|turn|13
|
|move|p1a: Scolipede|Protect|p1a: Scolipede
|-singleturn|p1a: Scolipede|Protect
|move|p2a: Raikou|Calm Mind|p2a: Raikou
|-boost|p2a: Raikou|spa|1
|-boost|p2a: Raikou|spd|1
|
|-boost|p1a: Scolipede|spe|1|[from] ability: Speed Boost
|turn|14
|
|move|p1a: Scolipede|Baton Pass|p1a: Scolipede
|
|switch|p1a: Espeon|Espeon, F|134\/334
|move|p2a: Raikou|Thunderbolt|p1a: Espeon
|-damage|p1a: Espeon|0 fnt
|faint|p1a: Espeon
|
|c|âWebBowser|gg
|c|âuCan'tSeeMe|gg
|-message|WebBowser forfeited.
|
|win|uCan'tSeeMe
|raw|Ladder updating...
|leave|WebBowser
|player|p1
|raw|WebBowser's rating: 1784 &rarr; <strong>1768<\/strong><br \/>(-16 for losing)
|raw|uCan&apos;tSeeMe's rating: 1856 &rarr; <strong>1871<\/strong><br \/>(+15 for winning)