|join|WebBowser
|join|Suckdemskylatoes5
|player|p1|WebBowser|266
|player|p2|Suckdemskylatoes5|192
|gametype|singles
|gen|6
|tier|OU
|rated
|clearpoke
|poke|p1|Starmie
|poke|p1|Weavile, F
|poke|p1|Breloom, F
|poke|p1|Manectric, F
|poke|p1|Clefable, F
|poke|p1|Talonflame, M
|poke|p2|Charizard, M
|poke|p2|Mew
|poke|p2|Weavile, M
|poke|p2|Raikou, shiny
|poke|p2|Gyarados, M, shiny
|poke|p2|Wobbuffet, M
|rule|Swagger Clause: Swagger is banned
|rule|Baton Pass Clause: Limit one PokÃ©mon knowing Baton Pass
|rule|Sleep Clause Mod: Limit one foe put to sleep
|rule|Species Clause: Limit one of each PokÃ©mon
|rule|OHKO Clause: OHKO moves are banned
|rule|Moody Clause: Moody is banned
|rule|Evasion Moves Clause: Evasion moves are banned
|rule|Endless Battle Clause: Forcing endless battles is banned
|rule|HP Percentage Mod: HP is shown in percentages
|teampreview
|c|âWebBowser|gl hf
|c|âSuckdemskylatoes5|u2
|
|start
|switch|p1a: Breloom|Breloom, F|261\/261
|switch|p2a: Wobbuffet|Wobbuffet, M|584\/584
|turn|1
|
|switch|p2a: Gyarados|Gyarados, M, shiny|332\/332
|move|p1a: Breloom|Spore|p2a: Gyarados
|-status|p2a: Gyarados|slp
|
|turn|2
|
|switch|p2a: Mew|Mew|404\/404
|switch|p1a: Weavile|Weavile, F|281\/281
|-ability|p1a: Weavile|Pressure
|
|turn|3
|c|âWebBowser|I'm actually using a real team for once :)
|
|move|p1a: Weavile|Knock Off|p2a: Mew
|-supereffective|p2a: Mew
|-damage|p2a: Mew|69\/404
|-enditem|p2a: Mew|Leftovers|[from] move: Knock Off|[of] p1a: Weavile
|-damage|p1a: Weavile|253\/281|[from] item: Life Orb
|move|p2a: Mew|Thunder Wave|p1a: Weavile
|-status|p1a: Weavile|par
|
|turn|4
|c|âSuckdemskylatoes5|im so scared of that pokemon
|
|move|p2a: Mew|Drain Punch|p1a: Weavile
|-crit|p1a: Weavile
|-supereffective|p1a: Weavile
|-damage|p1a: Weavile|0 fnt
|-heal|p2a: Mew|196\/404|[from] drain|[of] p1a: Weavile
|faint|p1a: Weavile
|
|c|âSuckdemskylatoes5|I don't care I lose my mew
|c|âSuckdemskylatoes5|i knew how deadly weavile is
|c|âWebBowser|crap
|c|âWebBowser|I wasn't expecting drain punch, lol
|c|âSuckdemskylatoes5|that thing gets 1 sd in and gg 
|c|âSuckdemskylatoes5|yah im using a catch off guard set
|
|switch|p1a: Talonflame|Talonflame, M|327\/327
|turn|5
|
|move|p1a: Talonflame|Flare Blitz|p2a: Mew
|-damage|p2a: Mew|88\/404
|-status|p2a: Mew|brn
|-damage|p1a: Talonflame|291\/327|[from] recoil|[of] p2a: Mew
|move|p2a: Mew|Toxic|p1a: Talonflame
|-status|p1a: Talonflame|tox
|
|-damage|p1a: Talonflame|271\/327 tox|[from] psn
|-damage|p2a: Mew|38\/404 brn|[from] brn
|turn|6
|c|âWebBowser|phys defensive... drain punch... my brain hurts
|c|âSuckdemskylatoes5|i made the set myself
|c|âWebBowser|not bad at all
|
|switch|p1a: Manectric|Manectric, F|281\/281
|move|p2a: Mew|Toxic|p1a: Manectric
|-status|p1a: Manectric|tox
|
|-damage|p1a: Manectric|264\/281 tox|[from] psn
|-damage|p2a: Mew|0 fnt|[from] brn
|faint|p2a: Mew
|c|âSuckdemskylatoes5|its twave drainpunch defog toxic
|c|âSuckdemskylatoes5|scizor was not helping me
|c|âSuckdemskylatoes5|i needed a support mon
|
|switch|p2a: Wobbuffet|Wobbuffet, M|584\/584
|turn|7
|
|detailschange|p1a: Manectric|Manectric-Mega, F
|message|Manectric has Mega Evolved into Mega Manectric!
|-ability|p1a: Manectric|Intimidate|[of] p2a: Wobbuffet
|-unboost|p2a: Wobbuffet|atk|1
|move|p1a: Manectric|Volt Switch|p2a: Wobbuffet
|-damage|p2a: Wobbuffet|397\/584
|
|switch|p1a: Starmie|Starmie|261\/261
|move|p2a: Wobbuffet|Mirror Coat|p1a: Starmie
|-damage|p1a: Starmie|0 fnt
|faint|p1a: Starmie
|
|-heal|p2a: Wobbuffet|433\/584|[from] item: Leftovers
|
|switch|p1a: Breloom|Breloom, F|261\/261
|turn|8
|
|move|p1a: Breloom|Bullet Seed|p2a: Wobbuffet
|-damage|p2a: Wobbuffet|360\/584
|-damage|p2a: Wobbuffet|293\/584
|-damage|p2a: Wobbuffet|223\/584
|-hitcount|p2a: Wobbuffet|3
|move|p2a: Wobbuffet|Destiny Bond|p2a: Wobbuffet
|-singlemove|p2a: Wobbuffet|Destiny Bond
|
|-heal|p2a: Wobbuffet|259\/584|[from] item: Leftovers
|turn|9
|
|move|p1a: Breloom|Rock Tomb|p2a: Wobbuffet
|-damage|p2a: Wobbuffet|151\/584
|-unboost|p2a: Wobbuffet|spe|1
|move|p2a: Wobbuffet|Counter|p1a: Breloom
|-damage|p1a: Breloom|45\/261
|
|-heal|p2a: Wobbuffet|187\/584|[from] item: Leftovers
|turn|10
|
|move|p1a: Breloom|Bullet Seed|p2a: Wobbuffet
|-damage|p2a: Wobbuffet|120\/584
|-damage|p2a: Wobbuffet|50\/584
|-damage|p2a: Wobbuffet|0 fnt
|-hitcount|p2a: Wobbuffet|3
|faint|p2a: Wobbuffet
|
|
|switch|p2a: Charizard|Charizard, M|297\/297
|turn|11
|
|detailschange|p2a: Charizard|Charizard-Mega-Y, M
|message|Charizard has Mega Evolved into Mega Charizard!
|-weather|SunnyDay
|move|p2a: Charizard|Flamethrower|p1a: Breloom
|-supereffective|p1a: Breloom
|-damage|p1a: Breloom|0 fnt
|faint|p1a: Breloom
|
|-weather|SunnyDay|[upkeep]
|
|switch|p1a: Manectric|Manectric-Mega, F|264\/281 tox
|-ability|p1a: Manectric|Intimidate|[of] p2a: Charizard
|-unboost|p2a: Charizard|atk|1
|turn|12
|
|switch|p2a: Gyarados|Gyarados, M, shiny|332\/332 slp
|move|p1a: Manectric|Volt Switch|p2a: Gyarados
|-supereffective|p2a: Gyarados
|-damage|p2a: Gyarados|0 fnt
|faint|p2a: Gyarados
|c|âSuckdemskylatoes5|i bet u know whats gonna happen
|c|âSuckdemskylatoes5|that was probly obvious
|
|switch|p1a: Talonflame|Talonflame, M|271\/327 tox
|
|-weather|SunnyDay|[upkeep]
|-damage|p1a: Talonflame|251\/327 tox|[from] psn
|
|switch|p2a: Weavile|Weavile, M|281\/281
|-ability|p2a: Weavile|Pressure
|turn|13
|
|move|p2a: Weavile|Ice Shard|p1a: Talonflame
|-damage|p1a: Talonflame|137\/327 tox
|-damage|p2a: Weavile|253\/281|[from] item: Life Orb
|move|p1a: Talonflame|Brave Bird|p2a: Weavile
|-damage|p2a: Weavile|3\/281
|-damage|p1a: Talonflame|54\/327 tox|[from] recoil|[of] p2a: Weavile
|
|-weather|SunnyDay|[upkeep]
|-damage|p1a: Talonflame|14\/327 tox|[from] psn
|turn|14
|c|âWebBowser|mfw that doesn't KO
|c|âSuckdemskylatoes5|not if ur not orbed or banded
|
|move|p2a: Weavile|Ice Shard|p1a: Talonflame
|-damage|p1a: Talonflame|0 fnt
|-damage|p2a: Weavile|0 fnt|[from] item: Life Orb
|faint|p1a: Talonflame
|faint|p2a: Weavile
|
|-weather|SunnyDay|[upkeep]
|c|âWebBowser|it was beaked
|
|switch|p1a: Manectric|Manectric-Mega, F|264\/281 tox
|switch|p2a: Raikou|Raikou, shiny|322\/322
|-ability|p1a: Manectric|Intimidate|[of] p2a: Raikou
|-unboost|p2a: Raikou|atk|1
|-ability|p2a: Raikou|Pressure
|turn|15
|c|âSuckdemskylatoes5|oh that is shocking
|
|move|p1a: Manectric|Volt Switch|p2a: Raikou
|-resisted|p2a: Raikou
|-damage|p2a: Raikou|255\/322
|
|switch|p1a: Clefable|Clefable, F|394\/394
|move|p2a: Raikou|Calm Mind|p2a: Raikou
|-boost|p2a: Raikou|spa|1
|-boost|p2a: Raikou|spd|1
|
|-weather|none
|-heal|p2a: Raikou|275\/322|[from] item: Leftovers
|turn|16
|
|move|p2a: Raikou|Substitute|p2a: Raikou
|-start|p2a: Raikou|Substitute
|-damage|p2a: Raikou|195\/322
|move|p1a: Clefable|Calm Mind|p1a: Clefable
|-boost|p1a: Clefable|spa|1
|-boost|p1a: Clefable|spd|1
|
|-heal|p2a: Raikou|215\/322|[from] item: Leftovers
|turn|17
|c|âWebBowser|ah good ole sub-CM
|
|move|p2a: Raikou|Calm Mind|p2a: Raikou
|-boost|p2a: Raikou|spa|1
|-boost|p2a: Raikou|spd|1
|move|p1a: Clefable|Calm Mind|p1a: Clefable
|-boost|p1a: Clefable|spa|1
|-boost|p1a: Clefable|spd|1
|
|-heal|p2a: Raikou|235\/322|[from] item: Leftovers
|turn|18
|c|âSuckdemskylatoes5|are u unaware
|
|move|p2a: Raikou|Calm Mind|p2a: Raikou
|-boost|p2a: Raikou|spa|1
|-boost|p2a: Raikou|spd|1
|move|p1a: Clefable|Calm Mind|p1a: Clefable
|-boost|p1a: Clefable|spa|1
|-boost|p1a: Clefable|spd|1
|
|-heal|p2a: Raikou|255\/322|[from] item: Leftovers
|turn|19
|c|âWebBowser|dunno
|c|âSuckdemskylatoes5|if ur unaware u won forsure
|c|âWebBowser|just borrowed this team from some guy
|
|move|p2a: Raikou|Calm Mind|p2a: Raikou
|-boost|p2a: Raikou|spa|1
|-boost|p2a: Raikou|spd|1
|move|p1a: Clefable|Moonblast|p2a: Raikou
|-end|p2a: Raikou|Substitute
|
|-heal|p2a: Raikou|275\/322|[from] item: Leftovers
|turn|20
|
|move|p2a: Raikou|Thunderbolt|p1a: Clefable
|-damage|p1a: Clefable|238\/394
|-status|p1a: Clefable|par
|move|p1a: Clefable|Calm Mind|p1a: Clefable
|-boost|p1a: Clefable|spa|1
|-boost|p1a: Clefable|spd|1
|
|-heal|p2a: Raikou|295\/322|[from] item: Leftovers
|-heal|p1a: Clefable|262\/394 par|[from] item: Leftovers
|turn|21
|
|move|p2a: Raikou|Calm Mind|p2a: Raikou
|-boost|p2a: Raikou|spa|1
|-boost|p2a: Raikou|spd|1
|move|p1a: Clefable|Soft-Boiled|p1a: Clefable
|-heal|p1a: Clefable|394\/394 par
|
|-heal|p2a: Raikou|315\/322|[from] item: Leftovers
|turn|22
|
|move|p2a: Raikou|Thunderbolt|p1a: Clefable
|-damage|p1a: Clefable|247\/394 par
|move|p1a: Clefable|Moonblast|p2a: Raikou
|-damage|p2a: Raikou|225\/322
|-unboost|p2a: Raikou|spa|1
|
|-heal|p2a: Raikou|245\/322|[from] item: Leftovers
|-heal|p1a: Clefable|271\/394 par|[from] item: Leftovers
|turn|23
|
|move|p2a: Raikou|Calm Mind|p2a: Raikou
|-boost|p2a: Raikou|spa|1
|-boost|p2a: Raikou|spd|1
|move|p1a: Clefable|Calm Mind|p1a: Clefable
|-boost|p1a: Clefable|spa|1
|-boost|p1a: Clefable|spd|1
|
|-heal|p2a: Raikou|265\/322|[from] item: Leftovers
|-heal|p1a: Clefable|295\/394 par|[from] item: Leftovers
|turn|24
|
|move|p2a: Raikou|Thunderbolt|p1a: Clefable
|-damage|p1a: Clefable|159\/394 par
|cant|p1a: Clefable|par
|
|-heal|p2a: Raikou|285\/322|[from] item: Leftovers
|-heal|p1a: Clefable|183\/394 par|[from] item: Leftovers
|turn|25
|
|move|p2a: Raikou|Thunderbolt|p1a: Clefable
|-damage|p1a: Clefable|53\/394 par
|move|p1a: Clefable|Soft-Boiled|p1a: Clefable
|-heal|p1a: Clefable|250\/394 par
|
|-heal|p2a: Raikou|305\/322|[from] item: Leftovers
|-heal|p1a: Clefable|274\/394 par|[from] item: Leftovers
|turn|26
|
|move|p2a: Raikou|Thunderbolt|p1a: Clefable
|-damage|p1a: Clefable|153\/394 par
|move|p1a: Clefable|Soft-Boiled|p1a: Clefable
|-heal|p1a: Clefable|350\/394 par
|
|-heal|p2a: Raikou|322\/322|[from] item: Leftovers
|-heal|p1a: Clefable|374\/394 par|[from] item: Leftovers
|turn|27
|
|move|p2a: Raikou|Thunderbolt|p1a: Clefable
|-damage|p1a: Clefable|242\/394 par
|move|p1a: Clefable|Moonblast|p2a: Raikou
|-damage|p2a: Raikou|222\/322
|
|-heal|p2a: Raikou|242\/322|[from] item: Leftovers
|-heal|p1a: Clefable|266\/394 par|[from] item: Leftovers
|turn|28
|
|move|p2a: Raikou|Calm Mind|p2a: Raikou
|-boost|p2a: Raikou|spa|1
|move|p1a: Clefable|Calm Mind|p1a: Clefable
|-boost|p1a: Clefable|spa|1
|-boost|p1a: Clefable|spd|1
|
|-heal|p2a: Raikou|262\/322|[from] item: Leftovers
|-heal|p1a: Clefable|290\/394 par|[from] item: Leftovers
|turn|29
|
|move|p2a: Raikou|Thunderbolt|p1a: Clefable
|-damage|p1a: Clefable|166\/394 par
|cant|p1a: Clefable|par
|
|-heal|p2a: Raikou|282\/322|[from] item: Leftovers
|-heal|p1a: Clefable|190\/394 par|[from] item: Leftovers
|turn|30
|
|move|p2a: Raikou|Thunderbolt|p1a: Clefable
|-damage|p1a: Clefable|61\/394 par
|move|p1a: Clefable|Soft-Boiled|p1a: Clefable
|-heal|p1a: Clefable|258\/394 par
|
|-heal|p2a: Raikou|302\/322|[from] item: Leftovers
|-heal|p1a: Clefable|282\/394 par|[from] item: Leftovers
|turn|31
|
|move|p2a: Raikou|Thunderbolt|p1a: Clefable
|-damage|p1a: Clefable|161\/394 par
|move|p1a: Clefable|Moonblast|p2a: Raikou
|-damage|p2a: Raikou|191\/322
|
|-heal|p2a: Raikou|211\/322|[from] item: Leftovers
|-heal|p1a: Clefable|185\/394 par|[from] item: Leftovers
|turn|32
|
|move|p2a: Raikou|Thunderbolt|p1a: Clefable
|-damage|p1a: Clefable|62\/394 par
|cant|p1a: Clefable|par
|
|-heal|p2a: Raikou|231\/322|[from] item: Leftovers
|-heal|p1a: Clefable|86\/394 par|[from] item: Leftovers
|turn|33
|c|âWebBowser|gg
|
|move|p2a: Raikou|Thunderbolt|p1a: Clefable
|-damage|p1a: Clefable|0 fnt
|faint|p1a: Clefable
|
|-heal|p2a: Raikou|251\/322|[from] item: Leftovers
|c|âSuckdemskylatoes5|gg
|
|switch|p1a: Manectric|Manectric-Mega, F|264\/281 tox
|-ability|p1a: Manectric|Intimidate|[of] p2a: Raikou
|-unboost|p2a: Raikou|atk|1
|turn|34
|c|âSuckdemskylatoes5|calmmind wars are so fun
|
|move|p1a: Manectric|Flamethrower|p2a: Raikou
|-damage|p2a: Raikou|224\/322
|-status|p2a: Raikou|brn
|move|p2a: Raikou|Hidden Power|p1a: Manectric
|-damage|p1a: Manectric|0 fnt
|faint|p1a: Manectric
|
|win|Suckdemskylatoes5
|raw|Ladder updating...
|raw|WebBowser's rating: 1933 &rarr; <strong>1904<\/strong><br \/>(-29 for losing)
|raw|Suckdemskylatoes5's rating: 1765 &rarr; <strong>1794<\/strong><br \/>(+29 for winning)