|join|WebBowser
|join|Semiiih
|player|p1|WebBowser|92
|player|p2|Semiiih|163
|gametype|singles
|gen|6
|tier|OU
|rated
|clearpoke
|poke|p1|Scolipede, F
|poke|p1|Espeon, F
|poke|p1|Latios, M
|poke|p1|Greninja, M
|poke|p1|Charizard, F
|poke|p1|Wobbuffet, F
|poke|p2|Azumarill, M
|poke|p2|Landorus-Therian, M
|poke|p2|Heatran, F
|poke|p2|Latios, M
|poke|p2|Gallade, M
|poke|p2|Ferrothorn, M
|rule|Swagger Clause: Swagger is banned
|rule|Baton Pass Clause: Limit one PokÃ©mon knowing Baton Pass
|rule|Sleep Clause Mod: Limit one foe put to sleep
|rule|Species Clause: Limit one of each PokÃ©mon
|rule|OHKO Clause: OHKO moves are banned
|rule|Moody Clause: Moody is banned
|rule|Evasion Moves Clause: Evasion moves are banned
|rule|Endless Battle Clause: Forcing endless battles is banned
|rule|HP Percentage Mod: HP is shown in percentages
|teampreview
|c|âWebBowser|gl hf
|
|start
|switch|p1a: Latios|Latios, M|364\/364
|switch|p2a: Heatran|Heatran, F|324\/324
|turn|1
|
|switch|p1a: Oh no it's|Wobbuffet, F|584\/584
|move|p2a: Heatran|Stealth Rock|p1a: Oh no it's
|-sidestart|p1: WebBowser|move: Stealth Rock
|
|turn|2
|
|move|p2a: Heatran|Taunt|p1a: Oh no it's
|-start|p1a: Oh no it's|move: Taunt
|cant|p1a: Oh no it's|move: Taunt|Encore
|
|turn|3
|
|move|p2a: Heatran|Stealth Rock|p1a: Oh no it's
|-fail|p1a: Oh no it's
|move|p1a: Oh no it's|Mirror Coat|p2a: Heatran
|-fail|p2a: Heatran
|
|turn|4
|
|move|p2a: Heatran|Stealth Rock|p1a: Oh no it's
|-fail|p1a: Oh no it's
|move|p1a: Oh no it's|Mirror Coat|p2a: Heatran
|-fail|p2a: Heatran
|
|-end|p1a: Oh no it's|move: Taunt
|turn|5
|
|switch|p1a: Espeon|Espeon, F|334\/334
|-damage|p1a: Espeon|293\/334|[from] Stealth Rock
|move|p2a: Heatran|Taunt|p1a: Espeon
|move|p1a: Espeon|Taunt|p2a: Heatran|[from]Magic Bounce
|-start|p2a: Heatran|move: Taunt
|
|-heal|p1a: Espeon|313\/334|[from] item: Leftovers
|turn|6
|
|switch|p2a: Azumarill|Azumarill, M|404\/404
|switch|p1a: Oh no it's|Wobbuffet, F|584\/584
|-damage|p1a: Oh no it's|511\/584|[from] Stealth Rock
|
|turn|7
|
|move|p2a: Azumarill|Aqua Jet|p1a: Oh no it's
|-damage|p1a: Oh no it's|376\/584
|move|p1a: Oh no it's|Encore|p2a: Azumarill
|-start|p2a: Azumarill|Encore
|
|turn|8
|
|switch|p1a: Latios|Latios, M|364\/364
|-damage|p1a: Latios|319\/364|[from] Stealth Rock
|move|p2a: Azumarill|Aqua Jet|p1a: Latios
|-resisted|p1a: Latios
|-damage|p1a: Latios|271\/364
|
|turn|9
|
|switch|p2a: Heatran|Heatran, F|324\/324
|move|p1a: Latios|Reflect|p1a: Latios
|-sidestart|p1: WebBowser|Reflect
|
|turn|10
|
|switch|p1a: Oh no it's|Wobbuffet, F|376\/584
|-damage|p1a: Oh no it's|303\/584|[from] Stealth Rock
|move|p2a: Heatran|Taunt|p1a: Oh no it's
|-start|p1a: Oh no it's|move: Taunt
|
|turn|11
|
|move|p2a: Heatran|Stealth Rock|p1a: Oh no it's
|-fail|p1a: Oh no it's
|move|p1a: Oh no it's|Counter|p2a: Heatran
|-fail|p2a: Heatran
|
|turn|12
|
|move|p2a: Heatran|Taunt|p1a: Oh no it's
|-fail|p1a: Oh no it's
|move|p1a: Oh no it's|Counter|p2a: Heatran
|-fail|p2a: Heatran
|
|turn|13
|
|move|p2a: Heatran|Taunt|p1a: Oh no it's
|-fail|p1a: Oh no it's
|move|p1a: Oh no it's|Mirror Coat|p2a: Heatran
|-fail|p2a: Heatran
|
|-end|p1a: Oh no it's|move: Taunt
|turn|14
|
|move|p2a: Heatran|Taunt|p1a: Oh no it's
|-start|p1a: Oh no it's|move: Taunt
|cant|p1a: Oh no it's|move: Taunt|Encore
|
|turn|15
|
|move|p2a: Heatran|Taunt|p1a: Oh no it's
|-fail|p1a: Oh no it's
|move|p1a: Oh no it's|Counter|p2a: Heatran
|-fail|p2a: Heatran
|
|turn|16
|
|move|p2a: Heatran|Fire Blast|p1a: Oh no it's
|-damage|p1a: Oh no it's|114\/584
|-enditem|p1a: Oh no it's|Sitrus Berry|[eat]
|-heal|p1a: Oh no it's|260\/584|[from] item: Sitrus Berry
|move|p1a: Oh no it's|Counter|p2a: Heatran
|-fail|p2a: Heatran
|
|-end|p1a: Oh no it's|move: Taunt
|-sideend|p1: WebBowser|Reflect
|turn|17
|
|switch|p1a: Espeon|Espeon, F|313\/334
|-damage|p1a: Espeon|272\/334|[from] Stealth Rock
|move|p2a: Heatran|Taunt|p1a: Espeon
|move|p1a: Espeon|Taunt|p2a: Heatran|[from]Magic Bounce
|-start|p2a: Heatran|move: Taunt
|
|-heal|p1a: Espeon|292\/334|[from] item: Leftovers
|turn|18
|
|move|p2a: Heatran|Fire Blast|p1a: Espeon|[miss]
|-miss|p2a: Heatran|p1a: Espeon
|move|p1a: Espeon|Calm Mind|p1a: Espeon
|-boost|p1a: Espeon|spa|1
|-boost|p1a: Espeon|spd|1
|
|-heal|p1a: Espeon|312\/334|[from] item: Leftovers
|turn|19
|
|switch|p2a: Azumarill|Azumarill, M|404\/404
|switch|p1a: Scolipede|Scolipede, F|323\/323
|-damage|p1a: Scolipede|243\/323|[from] Stealth Rock
|
|turn|20
|
|switch|p2a: Landorus-Therian|Landorus-Therian, M|320\/320
|-ability|p2a: Landorus-Therian|Intimidate|[of] p1a: Scolipede
|-unboost|p1a: Scolipede|atk|1
|move|p1a: Scolipede|Iron Defense|p1a: Scolipede
|-boost|p1a: Scolipede|def|2
|
|-boost|p1a: Scolipede|spe|1|[from] ability: Speed Boost
|turn|21
|
|move|p1a: Scolipede|Protect|p1a: Scolipede
|-singleturn|p1a: Scolipede|Protect
|move|p2a: Landorus-Therian|U-turn|p1a: Scolipede
|-activate|p1a: Scolipede|Protect
|
|-boost|p1a: Scolipede|spe|1|[from] ability: Speed Boost
|turn|22
|
|switch|p2a: Heatran|Heatran, F|324\/324
|move|p1a: Scolipede|Iron Defense|p1a: Scolipede
|-boost|p1a: Scolipede|def|2
|
|-boost|p1a: Scolipede|spe|1|[from] ability: Speed Boost
|turn|23
|
|move|p1a: Scolipede|Baton Pass|p1a: Scolipede
|
|switch|p1a: Espeon|Espeon, F|312\/334
|-damage|p1a: Espeon|271\/334|[from] Stealth Rock
|move|p2a: Heatran|Fire Blast|p1a: Espeon
|-damage|p1a: Espeon|54\/334
|
|-heal|p1a: Espeon|74\/334|[from] item: Leftovers
|turn|24
|
|switch|p2a: Landorus-Therian|Landorus-Therian, M|320\/320
|-ability|p2a: Landorus-Therian|Intimidate|[of] p1a: Espeon
|-unboost|p1a: Espeon|atk|1
|move|p1a: Espeon|Morning Sun|p1a: Espeon
|-heal|p1a: Espeon|241\/334
|
|-heal|p1a: Espeon|261\/334|[from] item: Leftovers
|turn|25
|
|move|p1a: Espeon|Calm Mind|p1a: Espeon
|-boost|p1a: Espeon|spa|1
|-boost|p1a: Espeon|spd|1
|move|p2a: Landorus-Therian|U-turn|p1a: Espeon
|-supereffective|p1a: Espeon
|-damage|p1a: Espeon|205\/334
|
|switch|p2a: Ferrothorn|Ferrothorn, M|352\/352
|
|-heal|p1a: Espeon|225\/334|[from] item: Leftovers
|turn|26
|
|move|p1a: Espeon|Calm Mind|p1a: Espeon
|-boost|p1a: Espeon|spa|1
|-boost|p1a: Espeon|spd|1
|move|p2a: Ferrothorn|Gyro Ball|p1a: Espeon
|-damage|p1a: Espeon|174\/334
|
|-heal|p1a: Espeon|194\/334|[from] item: Leftovers
|turn|27
|
|move|p1a: Espeon|Stored Power|p2a: Ferrothorn
|-resisted|p2a: Ferrothorn
|-damage|p2a: Ferrothorn|61\/352
|move|p2a: Ferrothorn|Leech Seed|p1a: Espeon
|move|p1a: Espeon|Leech Seed|p2a: Ferrothorn|[from]Magic Bounce
|-immune|p2a: Ferrothorn|[msg]
|
|-heal|p1a: Espeon|214\/334|[from] item: Leftovers
|-heal|p2a: Ferrothorn|83\/352|[from] item: Leftovers
|turn|28
|
|move|p1a: Espeon|Stored Power|p2a: Ferrothorn
|-resisted|p2a: Ferrothorn
|-damage|p2a: Ferrothorn|0 fnt
|faint|p2a: Ferrothorn
|
|-heal|p1a: Espeon|234\/334|[from] item: Leftovers
|
|switch|p2a: Heatran|Heatran, F|324\/324
|turn|29
|
|move|p1a: Espeon|Stored Power|p2a: Heatran
|-resisted|p2a: Heatran
|-damage|p2a: Heatran|0 fnt
|faint|p2a: Heatran
|
|-heal|p1a: Espeon|254\/334|[from] item: Leftovers
|
|switch|p2a: Azumarill|Azumarill, M|404\/404
|turn|30
|
|move|p1a: Espeon|Stored Power|p2a: Azumarill
|-damage|p2a: Azumarill|0 fnt
|faint|p2a: Azumarill
|
|-heal|p1a: Espeon|274\/334|[from] item: Leftovers
|c|âWebBowser|good effort
|
|switch|p2a: Gallade|Gallade, M|315\/315
|turn|31
|
|detailschange|p2a: Gallade|Gallade-Mega, M
|message|Gallade has Mega Evolved into Mega Gallade!
|move|p2a: Gallade|Shadow Sneak|p1a: Espeon
|-crit|p1a: Espeon
|-supereffective|p1a: Espeon
|-damage|p1a: Espeon|96\/334
|move|p1a: Espeon|Stored Power|p2a: Gallade
|-damage|p2a: Gallade|0 fnt
|faint|p2a: Gallade
|
|-heal|p1a: Espeon|116\/334|[from] item: Leftovers
|c|âWebBowser|ow :(
|
|switch|p2a: Landorus-Therian|Landorus-Therian, M|320\/320
|-ability|p2a: Landorus-Therian|Intimidate|[of] p1a: Espeon
|-unboost|p1a: Espeon|atk|1
|turn|32
|
|move|p1a: Espeon|Stored Power|p2a: Landorus-Therian
|-damage|p2a: Landorus-Therian|0 fnt
|faint|p2a: Landorus-Therian
|
|-heal|p1a: Espeon|136\/334|[from] item: Leftovers
|-message|Semiiih forfeited.
|
|win|WebBowser
|raw|Ladder updating...
|leave|Semiiih
|player|p2
|raw|WebBowser's rating: 1529 &rarr; <strong>1555<\/strong><br \/>(+26 for winning)
|raw|Semiiih's rating: 1640 &rarr; <strong>1614<\/strong><br \/>(-26 for losing)