|join|Dick Gayson
|join|Pseudo-Yoik
|player|p1|Dick Gayson|227
|player|p2|Pseudo-Yoik|148
|gametype|singles
|gen|6
|tier|UU
|rated
|rule|Sleep Clause Mod: Limit one foe put to sleep
|rule|Species Clause: Limit one of each PokÃ©mon
|rule|OHKO Clause: OHKO moves are banned
|rule|Moody Clause: Moody is banned
|rule|Evasion Moves Clause: Evasion moves are banned
|rule|Endless Battle Clause: Forcing endless battles is banned
|rule|HP Percentage Mod: HP is shown in percentages
|clearpoke
|poke|p1|Darmanitan, M
|poke|p1|Empoleon, M
|poke|p1|Chesnaught, M
|poke|p1|Snorlax, F
|poke|p1|Nidoking, M
|poke|p1|Honchkrow, F
|poke|p2|Hydreigon, M
|poke|p2|Audino, F
|poke|p2|Empoleon, F
|poke|p2|Chesnaught, M
|poke|p2|Rotom-Heat
|poke|p2|Doublade, F
|rule|Swagger Clause: Swagger is banned
|rule|Baton Pass Clause: Limit one PokÃ©mon knowing Baton Pass
|teampreview
|
|start
|switch|p1a: Darmanitan|Darmanitan, M|351\/351
|switch|p2a: Rotom-Heat|Rotom-Heat|289\/289
|turn|1
|
|move|p1a: Darmanitan|U-turn|p2a: Rotom-Heat
|-resisted|p2a: Rotom-Heat
|-damage|p2a: Rotom-Heat|247\/289
|
|switch|p1a: Nidoking|Nidoking, M|303\/303
|move|p2a: Rotom-Heat|Overheat|p1a: Nidoking
|-damage|p1a: Nidoking|0 fnt
|-unboost|p2a: Rotom-Heat|spa|2
|faint|p1a: Nidoking
|
|
|switch|p1a: Snorlax|Snorlax, F|461\/461
|turn|2
|
|switch|p2a: Doublade|Doublade, F|321\/321
|move|p1a: Snorlax|Body Slam|p2a: Doublade
|-immune|p2a: Doublade|[msg]
|
|turn|3
|
|switch|p2a: Rotom-Heat|Rotom-Heat|247\/289
|move|p1a: Snorlax|Crunch|p2a: Rotom-Heat
|-damage|p2a: Rotom-Heat|166\/289
|
|turn|4
|
|move|p2a: Rotom-Heat|Trick|p1a: Snorlax
|-activate|p2a: Rotom-Heat|move: Trick|[of] p1a: Snorlax
|-item|p1a: Snorlax|Choice Specs|[from] move: Trick
|-item|p2a: Rotom-Heat|Assault Vest|[from] move: Trick
|move|p1a: Snorlax|Body Slam|p2a: Rotom-Heat
|-damage|p2a: Rotom-Heat|15\/289
|
|turn|5
|
|switch|p1a: Chesnaught|Chesnaught, M|380\/380
|move|p2a: Rotom-Heat|Volt Switch|p1a: Chesnaught
|-resisted|p1a: Chesnaught
|-damage|p1a: Chesnaught|305\/380
|
|switch|p2a: Audino|Audino, F|401\/401
|
|-heal|p1a: Chesnaught|328\/380|[from] item: Leftovers
|turn|6
|
|detailschange|p2a: Audino|Audino-Mega, F
|-mega|p2a: Audino|Audino|Audinite
|move|p1a: Chesnaught|Leech Seed|p2a: Audino
|-start|p2a: Audino|move: Leech Seed
|move|p2a: Audino|Dazzling Gleam|p1a: Chesnaught
|-supereffective|p1a: Chesnaught
|-damage|p1a: Chesnaught|142\/380
|
|-heal|p1a: Chesnaught|165\/380|[from] item: Leftovers
|-damage|p2a: Audino|351\/401|[from] Leech Seed|[of] p1a: Chesnaught
|-heal|p1a: Chesnaught|215\/380|[silent]
|turn|7
|
|switch|p1a: Empoleon|Empoleon, M|372\/372
|move|p2a: Audino|Dazzling Gleam|p1a: Empoleon
|-resisted|p1a: Empoleon
|-damage|p1a: Empoleon|345\/372
|
|-heal|p1a: Empoleon|368\/372|[from] item: Leftovers
|-damage|p2a: Audino|301\/401|[from] Leech Seed|[of] p1a: Empoleon
|-heal|p1a: Empoleon|372\/372|[silent]
|turn|8
|
|switch|p2a: Empoleon|Empoleon, F|369\/369
|move|p1a: Empoleon|Stealth Rock|p2a: Empoleon
|-sidestart|p2: Pseudo-Yoik|move: Stealth Rock
|
|turn|9
|
|move|p2a: Empoleon|Stealth Rock|p1a: Empoleon
|-sidestart|p1: Dick Gayson|move: Stealth Rock
|move|p1a: Empoleon|Scald|p2a: Empoleon
|-resisted|p2a: Empoleon
|-damage|p2a: Empoleon|329\/369
|-status|p2a: Empoleon|brn
|
|-heal|p2a: Empoleon|352\/369 brn|[from] item: Leftovers
|-damage|p2a: Empoleon|306\/369 brn|[from] brn
|turn|10
|
|move|p2a: Empoleon|Scald|p1a: Empoleon
|-resisted|p1a: Empoleon
|-damage|p1a: Empoleon|338\/372
|move|p1a: Empoleon|Defog|p2a: Empoleon
|-unboost|p2a: Empoleon|evasion|1
|-sideend|p2: Pseudo-Yoik|Stealth Rock|[from] move: Defog|[of] p2a: Empoleon
|-sideend|p1: Dick Gayson|Stealth Rock|[from] move: Defog|[of] p1a: Empoleon
|
|-heal|p2a: Empoleon|329\/369 brn|[from] item: Leftovers
|-heal|p1a: Empoleon|361\/372|[from] item: Leftovers
|-damage|p2a: Empoleon|283\/369 brn|[from] brn
|turn|11
|
|move|p2a: Empoleon|Stealth Rock|p1a: Empoleon
|-sidestart|p1: Dick Gayson|move: Stealth Rock
|move|p1a: Empoleon|Stealth Rock|p2a: Empoleon
|-sidestart|p2: Pseudo-Yoik|move: Stealth Rock
|
|-heal|p2a: Empoleon|306\/369 brn|[from] item: Leftovers
|-heal|p1a: Empoleon|372\/372|[from] item: Leftovers
|-damage|p2a: Empoleon|260\/369 brn|[from] brn
|turn|12
|
|move|p2a: Empoleon|Scald|p1a: Empoleon
|-crit|p1a: Empoleon
|-resisted|p1a: Empoleon
|-damage|p1a: Empoleon|318\/372
|-status|p1a: Empoleon|brn
|move|p1a: Empoleon|Defog|p2a: Empoleon
|-unboost|p2a: Empoleon|evasion|1
|-sideend|p2: Pseudo-Yoik|Stealth Rock|[from] move: Defog|[of] p2a: Empoleon
|-sideend|p1: Dick Gayson|Stealth Rock|[from] move: Defog|[of] p1a: Empoleon
|
|-heal|p2a: Empoleon|283\/369 brn|[from] item: Leftovers
|-heal|p1a: Empoleon|341\/372 brn|[from] item: Leftovers
|-damage|p2a: Empoleon|237\/369 brn|[from] brn
|-damage|p1a: Empoleon|295\/372 brn|[from] brn
|turn|13
|
|switch|p2a: Chesnaught|Chesnaught, M|369\/369
|move|p1a: Empoleon|Stealth Rock|p2a: Chesnaught
|-sidestart|p2: Pseudo-Yoik|move: Stealth Rock
|
|-heal|p1a: Empoleon|318\/372 brn|[from] item: Leftovers
|-damage|p1a: Empoleon|272\/372 brn|[from] brn
|turn|14
|
|switch|p1a: Chesnaught|Chesnaught, M|215\/380
|move|p2a: Chesnaught|Substitute|p2a: Chesnaught
|-start|p2a: Chesnaught|Substitute
|-damage|p2a: Chesnaught|277\/369
|
|-heal|p2a: Chesnaught|300\/369|[from] item: Leftovers
|-heal|p1a: Chesnaught|238\/380|[from] item: Leftovers
|turn|15
|
|-singleturn|p2a: Chesnaught|move: Focus Punch
|move|p1a: Chesnaught|Drain Punch|p2a: Chesnaught
|-activate|p2a: Chesnaught|Substitute|[damage]
|-heal|p1a: Chesnaught|265\/380|[from] drain|[of] p2a: Chesnaught
|move|p2a: Chesnaught|Focus Punch|p1a: Chesnaught
|-damage|p1a: Chesnaught|135\/380
|
|-heal|p1a: Chesnaught|158\/380|[from] item: Leftovers
|-heal|p2a: Chesnaught|323\/369|[from] item: Leftovers
|turn|16
|
|-singleturn|p2a: Chesnaught|move: Focus Punch
|move|p1a: Chesnaught|Drain Punch|p2a: Chesnaught
|-end|p2a: Chesnaught|Substitute
|-heal|p1a: Chesnaught|177\/380|[from] drain|[of] p2a: Chesnaught
|move|p2a: Chesnaught|Focus Punch|p1a: Chesnaught
|-damage|p1a: Chesnaught|60\/380
|
|-heal|p1a: Chesnaught|83\/380|[from] item: Leftovers
|-heal|p2a: Chesnaught|346\/369|[from] item: Leftovers
|turn|17
|
|move|p2a: Chesnaught|Substitute|p2a: Chesnaught
|-start|p2a: Chesnaught|Substitute
|-damage|p2a: Chesnaught|254\/369
|move|p1a: Chesnaught|Drain Punch|p2a: Chesnaught
|-activate|p2a: Chesnaught|Substitute|[damage]
|-heal|p1a: Chesnaught|115\/380|[from] drain|[of] p2a: Chesnaught
|
|-heal|p1a: Chesnaught|138\/380|[from] item: Leftovers
|-heal|p2a: Chesnaught|277\/369|[from] item: Leftovers
|turn|18
|
|-singleturn|p2a: Chesnaught|move: Focus Punch
|move|p1a: Chesnaught|Drain Punch|p2a: Chesnaught
|-end|p2a: Chesnaught|Substitute
|-heal|p1a: Chesnaught|153\/380|[from] drain|[of] p2a: Chesnaught
|move|p2a: Chesnaught|Focus Punch|p1a: Chesnaught
|-damage|p1a: Chesnaught|39\/380
|
|-heal|p1a: Chesnaught|62\/380|[from] item: Leftovers
|-heal|p2a: Chesnaught|300\/369|[from] item: Leftovers
|turn|19
|
|switch|p2a: Doublade|Doublade, F|321\/321
|-damage|p2a: Doublade|301\/321|[from] Stealth Rock
|move|p1a: Chesnaught|Drain Punch|p2a: Doublade
|-immune|p2a: Doublade|[msg]
|
|-heal|p1a: Chesnaught|85\/380|[from] item: Leftovers
|turn|20
|
|move|p1a: Chesnaught|Leech Seed|p2a: Doublade
|-start|p2a: Doublade|move: Leech Seed
|move|p2a: Doublade|Gyro Ball|p1a: Chesnaught
|-immune|p1a: Chesnaught|[msg]|[from] Bulletproof
|
|-heal|p1a: Chesnaught|108\/380|[from] item: Leftovers
|-damage|p2a: Doublade|261\/321|[from] Leech Seed|[of] p1a: Chesnaught
|-heal|p1a: Chesnaught|148\/380|[silent]
|turn|21
|
|switch|p2a: Audino|Audino-Mega, F|301\/401
|-damage|p2a: Audino|251\/401|[from] Stealth Rock
|move|p1a: Chesnaught|Spikes|p2a: Audino
|-sidestart|p2: Pseudo-Yoik|Spikes
|
|-heal|p1a: Chesnaught|171\/380|[from] item: Leftovers
|turn|22
|
|switch|p1a: Empoleon|Empoleon, M|272\/372 brn
|move|p2a: Audino|Dazzling Gleam|p1a: Empoleon
|-resisted|p1a: Empoleon
|-damage|p1a: Empoleon|244\/372 brn
|
|-heal|p1a: Empoleon|267\/372 brn|[from] item: Leftovers
|-damage|p1a: Empoleon|221\/372 brn|[from] brn
|turn|23
|
|switch|p2a: Empoleon|Empoleon, F|237\/369 brn
|-damage|p2a: Empoleon|191\/369 brn|[from] Spikes
|-damage|p2a: Empoleon|168\/369 brn|[from] Stealth Rock
|move|p1a: Empoleon|Roar|p2a: Empoleon
|drag|p2a: Hydreigon|Hydreigon, M|325\/325
|-damage|p2a: Hydreigon|285\/325|[from] Stealth Rock
|
|-heal|p1a: Empoleon|244\/372 brn|[from] item: Leftovers
|-damage|p1a: Empoleon|198\/372 brn|[from] brn
|turn|24
|
|move|p2a: Hydreigon|Dark Pulse|p1a: Empoleon
|-damage|p1a: Empoleon|92\/372 brn
|move|p1a: Empoleon|Roar|p2a: Hydreigon
|drag|p2a: Empoleon|Empoleon, F|168\/369 brn
|-damage|p2a: Empoleon|122\/369 brn|[from] Spikes
|-damage|p2a: Empoleon|99\/369 brn|[from] Stealth Rock
|
|-heal|p2a: Empoleon|122\/369 brn|[from] item: Leftovers
|-heal|p1a: Empoleon|115\/372 brn|[from] item: Leftovers
|-damage|p2a: Empoleon|76\/369 brn|[from] brn
|-damage|p1a: Empoleon|69\/372 brn|[from] brn
|turn|25
|
|move|p2a: Empoleon|Defog|p1a: Empoleon
|-unboost|p1a: Empoleon|evasion|1
|-sideend|p2: Pseudo-Yoik|Spikes|[from] move: Defog|[of] p2a: Empoleon
|-sideend|p2: Pseudo-Yoik|Stealth Rock|[from] move: Defog|[of] p2a: Empoleon
|move|p1a: Empoleon|Scald|p2a: Empoleon
|-resisted|p2a: Empoleon
|-damage|p2a: Empoleon|22\/369 brn
|
|-heal|p2a: Empoleon|45\/369 brn|[from] item: Leftovers
|-heal|p1a: Empoleon|92\/372 brn|[from] item: Leftovers
|-damage|p2a: Empoleon|0 fnt|[from] brn
|-damage|p1a: Empoleon|46\/372 brn|[from] brn
|faint|p2a: Empoleon
|
|switch|p2a: Rotom-Heat|Rotom-Heat|15\/289
|turn|26
|
|move|p2a: Rotom-Heat|Volt Switch|p1a: Empoleon
|-crit|p1a: Empoleon
|-supereffective|p1a: Empoleon
|-damage|p1a: Empoleon|0 fnt
|faint|p1a: Empoleon
|
|switch|p2a: Hydreigon|Hydreigon, M|285\/325
|
|
|switch|p1a: Darmanitan|Darmanitan, M|351\/351
|turn|27
|
|move|p2a: Hydreigon|Draco Meteor|p1a: Darmanitan
|-damage|p1a: Darmanitan|8\/351
|-unboost|p2a: Hydreigon|spa|2
|move|p1a: Darmanitan|U-turn|p2a: Hydreigon
|-supereffective|p2a: Hydreigon
|-damage|p2a: Hydreigon|81\/325
|
|switch|p1a: Honchkrow|Honchkrow, F|341\/341
|
|turn|28
|
|switch|p2a: Doublade|Doublade, F|261\/321
|move|p1a: Honchkrow|Brave Bird|p2a: Doublade
|-resisted|p2a: Doublade
|-damage|p2a: Doublade|195\/321
|-damage|p1a: Honchkrow|319\/341|[from] recoil|[of] p2a: Doublade
|-damage|p1a: Honchkrow|285\/341|[from] item: Life Orb
|
|turn|29
|
|move|p1a: Honchkrow|Sucker Punch|p2a: Doublade
|-supereffective|p2a: Doublade
|-damage|p2a: Doublade|21\/321
|-damage|p1a: Honchkrow|251\/341|[from] item: Life Orb
|move|p2a: Doublade|Gyro Ball|p1a: Honchkrow
|-damage|p1a: Honchkrow|43\/341
|
|turn|30
|
|move|p1a: Honchkrow|Pursuit|p2a: Doublade
|-crit|p2a: Doublade
|-supereffective|p2a: Doublade
|-damage|p2a: Doublade|0 fnt
|-damage|p1a: Honchkrow|9\/341|[from] item: Life Orb
|faint|p2a: Doublade
|-boost|p1a: Honchkrow|atk|1|[from] ability: Moxie
|
|
|switch|p2a: Rotom-Heat|Rotom-Heat|15\/289
|turn|31
|
|move|p1a: Honchkrow|Sucker Punch|p2a: Rotom-Heat
|-damage|p2a: Rotom-Heat|0 fnt
|-damage|p1a: Honchkrow|0 fnt|[from] item: Life Orb
|faint|p2a: Rotom-Heat
|faint|p1a: Honchkrow
|
|
|switch|p2a: Hydreigon|Hydreigon, M|81\/325
|switch|p1a: Snorlax|Snorlax, F|461\/461
|turn|32
|
|move|p2a: Hydreigon|U-turn|p1a: Snorlax
|-damage|p1a: Snorlax|401\/461
|
|switch|p2a: Chesnaught|Chesnaught, M|300\/369
|move|p1a: Snorlax|Body Slam|p2a: Chesnaught
|-damage|p2a: Chesnaught|209\/369
|-status|p2a: Chesnaught|par
|
|-heal|p2a: Chesnaught|232\/369 par|[from] item: Leftovers
|turn|33
|
|-singleturn|p2a: Chesnaught|move: Focus Punch
|move|p1a: Snorlax|Body Slam|p2a: Chesnaught
|-damage|p2a: Chesnaught|138\/369 par
|cant|p2a: Chesnaught|par
|
|-heal|p2a: Chesnaught|161\/369 par|[from] item: Leftovers
|turn|34
|
|move|p1a: Snorlax|Body Slam|p2a: Chesnaught
|-damage|p2a: Chesnaught|59\/369 par
|move|p2a: Chesnaught|Leech Seed|p1a: Snorlax
|-start|p1a: Snorlax|move: Leech Seed
|
|-heal|p2a: Chesnaught|82\/369 par|[from] item: Leftovers
|-damage|p1a: Snorlax|344\/461|[from] Leech Seed|[of] p2a: Chesnaught
|-heal|p2a: Chesnaught|139\/369 par|[silent]
|turn|35
|
|switch|p1a: Darmanitan|Darmanitan, M|8\/351
|switch|p2a: Audino|Audino-Mega, F|251\/401
|
|turn|36
|
|move|p1a: Darmanitan|Flare Blitz|p2a: Audino
|-damage|p2a: Audino|2\/401
|-damage|p1a: Darmanitan|0 fnt|[from] recoil|[of] p2a: Audino
|faint|p1a: Darmanitan
|move|p2a: Audino|Rest|p2a: Audino
|-status|p2a: Audino|slp
|-heal|p2a: Audino|401\/401 slp|[silent]
|-status|p2a: Audino|slp|[from] move: Rest
|
|-message|Dick Gayson forfeited.
|
|win|Pseudo-Yoik
|raw|Ladder updating...
|leave|Dick Gayson
|player|p1
|raw|Dick Gayson's rating: 1046 &rarr; <strong>1034<\/strong><br \/>(-12 for losing)
|raw|Pseudo-Yoik's rating: 1167 &rarr; <strong>1184<\/strong><br \/>(+17 for winning)