|join|Gliggaz
|join|Pseudo-Yoik
|player|p1|Gliggaz|281
|player|p2|Pseudo-Yoik|148
|gametype|singles
|gen|6
|tier|UU
|rated
|rule|Sleep Clause Mod: Limit one foe put to sleep
|rule|Species Clause: Limit one of each PokÃ©mon
|rule|OHKO Clause: OHKO moves are banned
|rule|Moody Clause: Moody is banned
|rule|Evasion Moves Clause: Evasion moves are banned
|rule|Endless Battle Clause: Forcing endless battles is banned
|rule|HP Percentage Mod: HP is shown in percentages
|clearpoke
|poke|p1|Sceptile, M
|poke|p1|Infernape, M
|poke|p1|Starmie
|poke|p1|Jirachi
|poke|p1|Krookodile, F
|poke|p1|Raikou
|poke|p2|Hydreigon, F
|poke|p2|Audino, M
|poke|p2|Empoleon, M
|poke|p2|Chesnaught, M
|poke|p2|Rotom-Heat
|poke|p2|Doublade, M
|rule|Swagger Clause: Swagger is banned
|rule|Baton Pass Clause: Limit one PokÃ©mon knowing Baton Pass
|teampreview
|
|start
|switch|p1a: Infernape|Infernape, M|293\/293
|switch|p2a: Rotom-Heat|Rotom-Heat|289\/289
|turn|1
|
|move|p1a: Infernape|Stealth Rock|p2a: Rotom-Heat
|-sidestart|p2: Pseudo-Yoik|move: Stealth Rock
|move|p2a: Rotom-Heat|Overheat|p1a: Infernape|[miss]
|-miss|p2a: Rotom-Heat|p1a: Infernape
|
|turn|2
|
|move|p1a: Infernape|U-turn|p2a: Rotom-Heat
|-resisted|p2a: Rotom-Heat
|-damage|p2a: Rotom-Heat|255\/289
|
|switch|p1a: Raikou|Raikou|321\/321
|-ability|p1a: Raikou|Pressure
|move|p2a: Rotom-Heat|Overheat|p1a: Raikou|[miss]
|-miss|p2a: Rotom-Heat|p1a: Raikou
|
|turn|3
|
|move|p1a: Raikou|Volt Switch|p2a: Rotom-Heat
|-resisted|p2a: Rotom-Heat
|-damage|p2a: Rotom-Heat|198\/289
|
|switch|p1a: Starmie|Starmie|261\/261
|move|p2a: Rotom-Heat|Overheat|p1a: Starmie
|-resisted|p1a: Starmie
|-damage|p1a: Starmie|86\/261
|-unboost|p2a: Rotom-Heat|spa|2
|
|turn|4
|c|âPseudo-Yoik|So much Overheat misses
|
|switch|p2a: Empoleon|Empoleon, M|369\/369
|-damage|p2a: Empoleon|346\/369|[from] Stealth Rock
|move|p1a: Starmie|Hydro Pump|p2a: Empoleon
|-resisted|p2a: Empoleon
|-damage|p2a: Empoleon|276\/369
|-damage|p1a: Starmie|60\/261|[from] item: Life Orb
|
|-heal|p2a: Empoleon|299\/369|[from] item: Leftovers
|turn|5
|
|switch|p1a: Raikou|Raikou|321\/321
|-ability|p1a: Raikou|Pressure
|move|p2a: Empoleon|Defog|p1a: Raikou
|-unboost|p1a: Raikou|evasion|1
|-sideend|p2: Pseudo-Yoik|Stealth Rock|[from] move: Defog|[of] p2a: Empoleon
|
|-heal|p2a: Empoleon|322\/369|[from] item: Leftovers
|turn|6
|
|move|p1a: Raikou|Thunderbolt|p2a: Empoleon
|-supereffective|p2a: Empoleon
|-damage|p2a: Empoleon|104\/369
|move|p2a: Empoleon|Stealth Rock|p1a: Raikou
|-sidestart|p1: Gliggaz|move: Stealth Rock
|
|-heal|p2a: Empoleon|127\/369|[from] item: Leftovers
|turn|7
|
|switch|p2a: Rotom-Heat|Rotom-Heat|198\/289
|move|p1a: Raikou|Volt Switch|p2a: Rotom-Heat
|-resisted|p2a: Rotom-Heat
|-damage|p2a: Rotom-Heat|141\/289
|
|switch|p1a: Starmie|Starmie|60\/261
|-damage|p1a: Starmie|28\/261|[from] Stealth Rock
|
|turn|8
|
|switch|p1a: Raikou|Raikou|321\/321
|-damage|p1a: Raikou|281\/321|[from] Stealth Rock
|-ability|p1a: Raikou|Pressure
|switch|p2a: Doublade|Doublade, M|321\/321
|
|turn|9
|
|move|p1a: Raikou|Volt Switch|p2a: Doublade
|-damage|p2a: Doublade|222\/321
|
|switch|p1a: Infernape|Infernape, M|293\/293
|-damage|p1a: Infernape|257\/293|[from] Stealth Rock
|move|p2a: Doublade|Swords Dance|p2a: Doublade
|-boost|p2a: Doublade|atk|2
|
|turn|10
|
|switch|p2a: Audino|Audino, M|401\/401
|move|p1a: Infernape|Overheat|p2a: Audino
|-damage|p2a: Audino|254\/401
|-unboost|p1a: Infernape|spa|2
|
|turn|11
|
|detailschange|p2a: Audino|Audino-Mega, M
|-mega|p2a: Audino|Audino|Audinite
|move|p1a: Infernape|Close Combat|p2a: Audino
|-damage|p2a: Audino|110\/401
|-unboost|p1a: Infernape|def|1
|-unboost|p1a: Infernape|spd|1
|move|p2a: Audino|Rest|p2a: Audino
|-status|p2a: Audino|slp
|-heal|p2a: Audino|401\/401 slp|[silent]
|-status|p2a: Audino|slp|[from] move: Rest
|
|turn|12
|
|move|p1a: Infernape|Stealth Rock|p2a: Audino
|-sidestart|p2: Pseudo-Yoik|move: Stealth Rock
|cant|p2a: Audino|slp
|move|p2a: Audino|Sleep Talk|p2a: Audino
|move|p2a: Audino|Dazzling Gleam|p1a: Infernape|[from]Sleep Talk
|-damage|p1a: Infernape|92\/293
|
|turn|13
|
|move|p1a: Infernape|U-turn|p2a: Audino
|-resisted|p2a: Audino
|-damage|p2a: Audino|375\/401 slp
|
|switch|p1a: Starmie|Starmie|28\/261
|-damage|p1a: Starmie|0 fnt|[from] Stealth Rock
|faint|p1a: Starmie
|cant|p2a: Audino|slp
|move|p2a: Audino|Sleep Talk|p2a: Audino
|move|p2a: Audino|Dazzling Gleam|p1: Starmie|[from]Sleep Talk|[notarget]
|-notarget
|
|
|switch|p1a: Jirachi|Jirachi|341\/341
|-damage|p1a: Jirachi|320\/341|[from] Stealth Rock
|turn|14
|
|switch|p2a: Chesnaught|Chesnaught, M|369\/369
|-damage|p2a: Chesnaught|346\/369|[from] Stealth Rock
|move|p1a: Jirachi|U-turn|p2a: Chesnaught
|-damage|p2a: Chesnaught|303\/369
|
|switch|p1a: Infernape|Infernape, M|92\/293
|-damage|p1a: Infernape|56\/293|[from] Stealth Rock
|
|-heal|p2a: Chesnaught|326\/369|[from] item: Leftovers
|turn|15
|
|switch|p2a: Audino|Audino-Mega, M|375\/401 slp
|-damage|p2a: Audino|325\/401 slp|[from] Stealth Rock
|move|p1a: Infernape|Overheat|p2a: Audino
|-damage|p2a: Audino|169\/401 slp
|-unboost|p1a: Infernape|spa|2
|
|turn|16
|
|move|p1a: Infernape|U-turn|p2a: Audino
|-resisted|p2a: Audino
|-damage|p2a: Audino|141\/401 slp
|
|switch|p1a: Jirachi|Jirachi|320\/341
|-damage|p1a: Jirachi|299\/341|[from] Stealth Rock
|-curestatus|p2a: Audino|slp
|move|p2a: Audino|Rest|p2a: Audino
|-status|p2a: Audino|slp
|-heal|p2a: Audino|401\/401 slp|[silent]
|-status|p2a: Audino|slp|[from] move: Rest
|
|turn|17
|
|switch|p2a: Doublade|Doublade, M|222\/321
|-damage|p2a: Doublade|202\/321|[from] Stealth Rock
|move|p1a: Jirachi|Fire Punch|p2a: Doublade
|-supereffective|p2a: Doublade
|-damage|p2a: Doublade|140\/321
|
|turn|18
|
|switch|p2a: Rotom-Heat|Rotom-Heat|141\/289
|-damage|p2a: Rotom-Heat|69\/289|[from] Stealth Rock
|move|p1a: Jirachi|Fire Punch|p2a: Rotom-Heat
|-crit|p2a: Rotom-Heat
|-resisted|p2a: Rotom-Heat
|-damage|p2a: Rotom-Heat|16\/289
|
|turn|19
|
|move|p1a: Jirachi|Fire Punch|p2a: Rotom-Heat
|-resisted|p2a: Rotom-Heat
|-damage|p2a: Rotom-Heat|0 fnt
|faint|p2a: Rotom-Heat
|
|
|switch|p2a: Empoleon|Empoleon, M|127\/369
|-damage|p2a: Empoleon|104\/369|[from] Stealth Rock
|turn|20
|
|move|p1a: Jirachi|Fire Punch|p2a: Empoleon
|-damage|p2a: Empoleon|14\/369
|move|p2a: Empoleon|Scald|p1a: Jirachi
|-damage|p1a: Jirachi|157\/341
|
|-heal|p2a: Empoleon|37\/369|[from] item: Leftovers
|turn|21
|
|move|p1a: Jirachi|Fire Punch|p2a: Empoleon
|-damage|p2a: Empoleon|0 fnt
|faint|p2a: Empoleon
|
|
|switch|p2a: Hydreigon|Hydreigon, F|325\/325
|-damage|p2a: Hydreigon|285\/325|[from] Stealth Rock
|turn|22
|
|switch|p1a: Krookodile|Krookodile, F|331\/331
|-damage|p1a: Krookodile|311\/331|[from] Stealth Rock
|-ability|p1a: Krookodile|Intimidate|[of] p2a: Hydreigon
|-unboost|p2a: Hydreigon|atk|1
|move|p2a: Hydreigon|Dark Pulse|p1a: Krookodile
|-resisted|p1a: Krookodile
|-damage|p1a: Krookodile|210\/331
|
|turn|23
|
|switch|p2a: Audino|Audino-Mega, M|401\/401 slp
|-damage|p2a: Audino|351\/401 slp|[from] Stealth Rock
|switch|p1a: Infernape|Infernape, M|56\/293
|-damage|p1a: Infernape|20\/293|[from] Stealth Rock
|
|turn|24
|
|move|p1a: Infernape|Overheat|p2a: Audino
|-damage|p2a: Audino|180\/401 slp
|-unboost|p1a: Infernape|spa|2
|cant|p2a: Audino|slp
|move|p2a: Audino|Sleep Talk|p2a: Audino
|move|p2a: Audino|Heal Bell|p2a: Audino|[from]Sleep Talk
|-cureteam|p2a: Audino|[from] move: HealBell
|
|turn|25
|
|move|p1a: Infernape|Close Combat|p2a: Audino
|-damage|p2a: Audino|47\/401
|-unboost|p1a: Infernape|def|1
|-unboost|p1a: Infernape|spd|1
|move|p2a: Audino|Rest|p2a: Audino
|-status|p2a: Audino|slp
|-heal|p2a: Audino|401\/401 slp|[silent]
|-status|p2a: Audino|slp|[from] move: Rest
|
|turn|26
|
|move|p1a: Infernape|U-turn|p2a: Audino
|-resisted|p2a: Audino
|-damage|p2a: Audino|375\/401 slp
|
|switch|p1a: Jirachi|Jirachi|157\/341
|-damage|p1a: Jirachi|136\/341|[from] Stealth Rock
|cant|p2a: Audino|slp
|move|p2a: Audino|Sleep Talk|p2a: Audino
|move|p2a: Audino|Heal Bell|p2a: Audino|[from]Sleep Talk
|-cureteam|p2a: Audino|[from] move: HealBell
|
|turn|27
|
|move|p1a: Jirachi|Iron Head|p2a: Audino
|-supereffective|p2a: Audino
|-damage|p2a: Audino|201\/401
|move|p2a: Audino|Dazzling Gleam|p1a: Jirachi
|-resisted|p1a: Jirachi
|-damage|p1a: Jirachi|100\/341
|
|turn|28
|
|switch|p2a: Doublade|Doublade, M|140\/321
|-damage|p2a: Doublade|120\/321|[from] Stealth Rock
|move|p1a: Jirachi|Iron Head|p2a: Doublade
|-resisted|p2a: Doublade
|-damage|p2a: Doublade|95\/321
|
|turn|29
|
|move|p1a: Jirachi|Iron Head|p2a: Doublade
|-resisted|p2a: Doublade
|-damage|p2a: Doublade|67\/321
|cant|p2a: Doublade|flinch
|
|turn|30
|
|move|p2a: Doublade|Shadow Sneak|p1a: Jirachi
|-supereffective|p1a: Jirachi
|-damage|p1a: Jirachi|0 fnt
|faint|p1a: Jirachi
|
|
|switch|p1a: Krookodile|Krookodile, F|210\/331
|-damage|p1a: Krookodile|190\/331|[from] Stealth Rock
|-ability|p1a: Krookodile|Intimidate|[of] p2a: Doublade
|-unboost|p2a: Doublade|atk|1
|turn|31
|
|move|p1a: Krookodile|Pursuit|p2a: Doublade|[from]Pursuit
|-supereffective|p2a: Doublade
|-damage|p2a: Doublade|0 fnt
|faint|p2a: Doublade
|
|
|switch|p2a: Chesnaught|Chesnaught, M|326\/369
|-damage|p2a: Chesnaught|303\/369|[from] Stealth Rock
|turn|32
|
|switch|p1a: Infernape|Infernape, M|20\/293
|-damage|p1a: Infernape|0 fnt|[from] Stealth Rock
|faint|p1a: Infernape
|move|p2a: Chesnaught|Substitute|p2a: Chesnaught
|-start|p2a: Chesnaught|Substitute
|-damage|p2a: Chesnaught|211\/369
|
|-heal|p2a: Chesnaught|234\/369|[from] item: Leftovers
|
|switch|p1a: Sceptile|Sceptile, M|281\/281
|-damage|p1a: Sceptile|246\/281|[from] Stealth Rock
|turn|33
|
|-singleturn|p2a: Chesnaught|move: Focus Punch
|detailschange|p1a: Sceptile|Sceptile-Mega, M
|-mega|p1a: Sceptile|Sceptile|Sceptilite
|move|p1a: Sceptile|Substitute|p1a: Sceptile
|-start|p1a: Sceptile|Substitute
|-damage|p1a: Sceptile|176\/281
|move|p2a: Chesnaught|Focus Punch|p1a: Sceptile
|-end|p1a: Sceptile|Substitute
|
|-heal|p2a: Chesnaught|257\/369|[from] item: Leftovers
|turn|34
|
|-singleturn|p2a: Chesnaught|move: Focus Punch
|move|p1a: Sceptile|Dragon Pulse|p2a: Chesnaught
|-end|p2a: Chesnaught|Substitute
|move|p2a: Chesnaught|Focus Punch|p1a: Sceptile
|-damage|p1a: Sceptile|0 fnt
|faint|p1a: Sceptile
|
|-heal|p2a: Chesnaught|280\/369|[from] item: Leftovers
|
|switch|p1a: Raikou|Raikou|281\/321
|-damage|p1a: Raikou|241\/321|[from] Stealth Rock
|-ability|p1a: Raikou|Pressure
|turn|35
|c|âGliggaz|gg
|
|switch|p2a: Hydreigon|Hydreigon, F|285\/325
|-damage|p2a: Hydreigon|245\/325|[from] Stealth Rock
|move|p1a: Raikou|Hidden Power|p2a: Hydreigon
|-supereffective|p2a: Hydreigon
|-damage|p2a: Hydreigon|107\/325
|
|turn|36
|c|âPseudo-Yoik|GG
|
|move|p2a: Hydreigon|Draco Meteor|p1a: Raikou
|-damage|p1a: Raikou|85\/321
|-unboost|p2a: Hydreigon|spa|2
|move|p1a: Raikou|Hidden Power|p2a: Hydreigon
|-supereffective|p2a: Hydreigon
|-damage|p2a: Hydreigon|0 fnt
|faint|p2a: Hydreigon
|
|
|switch|p2a: Audino|Audino-Mega, M|201\/401
|-damage|p2a: Audino|151\/401|[from] Stealth Rock
|turn|37
|
|move|p1a: Raikou|Thunderbolt|p2a: Audino
|-damage|p2a: Audino|58\/401
|-status|p2a: Audino|par
|move|p2a: Audino|Rest|p2a: Audino
|-status|p2a: Audino|slp
|-heal|p2a: Audino|401\/401 slp|[silent]
|-status|p2a: Audino|slp|[from] move: Rest
|
|turn|38
|
|switch|p1a: Krookodile|Krookodile, F|190\/331
|-damage|p1a: Krookodile|170\/331|[from] Stealth Rock
|-ability|p1a: Krookodile|Intimidate|[of] p2a: Audino
|-unboost|p2a: Audino|atk|1
|cant|p2a: Audino|slp
|move|p2a: Audino|Sleep Talk|p2a: Audino
|move|p2a: Audino|Dazzling Gleam|p1a: Krookodile|[from]Sleep Talk
|-crit|p1a: Krookodile
|-supereffective|p1a: Krookodile
|-damage|p1a: Krookodile|0 fnt
|faint|p1a: Krookodile
|
|
|switch|p1a: Raikou|Raikou|85\/321
|-damage|p1a: Raikou|45\/321|[from] Stealth Rock
|-ability|p1a: Raikou|Pressure
|turn|39
|
|move|p1a: Raikou|Thunderbolt|p2a: Audino
|-damage|p2a: Audino|313\/401 slp
|cant|p2a: Audino|slp
|move|p2a: Audino|Sleep Talk|p2a: Audino
|move|p2a: Audino|Dazzling Gleam|p1a: Raikou|[from]Sleep Talk
|-damage|p1a: Raikou|0 fnt
|faint|p1a: Raikou
|
|win|Pseudo-Yoik
|raw|Ladder updating...
|raw|Gliggaz's rating: 1388 &rarr; <strong>1359<\/strong><br \/>(-29 for losing)
|raw|Pseudo-Yoik's rating: 1233 &rarr; <strong>1268<\/strong><br \/>(+35 for winning)
|leave|Gliggaz
|player|p1