|join|HappyPierrot
|join|Pseudo-Yoik
|player|p1|HappyPierrot|29
|player|p2|Pseudo-Yoik|153
|gametype|singles
|gen|6
|tier|UU
|rated
|rule|Sleep Clause Mod: Limit one foe put to sleep
|rule|Species Clause: Limit one of each PokÃ©mon
|rule|OHKO Clause: OHKO moves are banned
|rule|Moody Clause: Moody is banned
|rule|Evasion Moves Clause: Evasion moves are banned
|rule|Endless Battle Clause: Forcing endless battles is banned
|rule|HP Percentage Mod: HP is shown in percentages
|clearpoke
|poke|p1|Sharpedo, M
|poke|p1|Gligar, M
|poke|p1|Jirachi
|poke|p1|Donphan, F
|poke|p1|Serperior, M
|poke|p1|Darmanitan, F
|poke|p2|Hydreigon, M
|poke|p2|Audino, M
|poke|p2|Empoleon, M
|poke|p2|Chesnaught, F
|poke|p2|Rotom-Heat
|poke|p2|Doublade, F
|rule|Swagger Clause: Swagger is banned
|rule|Baton Pass Clause: Limit one PokÃ©mon knowing Baton Pass
|teampreview
|c|âPseudo-Yoik|Hello, Pierrot~
|c|âHappyPierrot|hey
|c|âHappyPierrot|o I know you?
|c|âPseudo-Yoik|I know you are one of the participants in the RW
|
|start
|switch|p1a: Donphan|Donphan, F|322\/322
|switch|p2a: Rotom-Heat|Rotom-Heat|241\/241
|turn|1
|
|move|p2a: Rotom-Heat|Overheat|p1a: Donphan
|-activate|p1a: Donphan|Sturdy
|-damage|p1a: Donphan|1\/322
|-unboost|p2a: Rotom-Heat|spa|2
|move|p1a: Donphan|Stealth Rock|p2a: Rotom-Heat
|-sidestart|p2: Pseudo-Yoik|move: Stealth Rock
|
|-heal|p1a: Donphan|21\/322|[from] item: Leftovers
|turn|2
|
|switch|p1a: Gligar|Gligar, M|333\/333
|move|p2a: Rotom-Heat|Overheat|p1a: Gligar
|-damage|p1a: Gligar|189\/333
|-unboost|p2a: Rotom-Heat|spa|2
|
|turn|3
|
|switch|p2a: Audino|Audino, M|401\/401
|-damage|p2a: Audino|351\/401|[from] Stealth Rock
|move|p1a: Gligar|Swords Dance|p1a: Gligar
|-boost|p1a: Gligar|atk|2
|
|turn|4
|
|switch|p2a: Hydreigon|Hydreigon, M|325\/325
|-damage|p2a: Hydreigon|285\/325|[from] Stealth Rock
|move|p1a: Gligar|Roost|p1a: Gligar
|-heal|p1a: Gligar|333\/333
|
|turn|5
|
|move|p2a: Hydreigon|U-turn|p1a: Gligar
|-resisted|p1a: Gligar
|-damage|p1a: Gligar|319\/333
|
|switch|p2a: Rotom-Heat|Rotom-Heat|241\/241
|-damage|p2a: Rotom-Heat|181\/241|[from] Stealth Rock
|move|p1a: Gligar|Roost|p1a: Gligar
|-heal|p1a: Gligar|333\/333
|
|turn|6
|
|move|p2a: Rotom-Heat|Trick|p1a: Gligar
|-activate|p2a: Rotom-Heat|move: Trick|[of] p1a: Gligar
|-item|p1a: Gligar|Choice Specs|[from] move: Trick
|-item|p2a: Rotom-Heat|Eviolite|[from] move: Trick
|move|p1a: Gligar|Swords Dance|p1a: Gligar
|-boost|p1a: Gligar|atk|2
|
|turn|7
|
|switch|p1a: Donphan|Donphan, F|21\/322
|move|p2a: Rotom-Heat|Thunderbolt|p1a: Donphan
|-immune|p1a: Donphan|[msg]
|
|-heal|p1a: Donphan|41\/322|[from] item: Leftovers
|turn|8
|
|move|p1a: Donphan|Ice Shard|p2a: Rotom-Heat
|-resisted|p2a: Rotom-Heat
|-damage|p2a: Rotom-Heat|158\/241
|move|p2a: Rotom-Heat|Overheat|p1a: Donphan
|-damage|p1a: Donphan|0 fnt
|-unboost|p2a: Rotom-Heat|spa|2
|faint|p1a: Donphan
|
|
|switch|p1a: Sharpedo|Sharpedo, M|281\/281
|turn|9
|
|switch|p2a: Audino|Audino, M|401\/401
|-damage|p2a: Audino|351\/401|[from] Stealth Rock
|move|p1a: Sharpedo|Waterfall|p2a: Audino
|-damage|p2a: Audino|183\/401
|
|-boost|p1a: Sharpedo|spe|1|[from] ability: Speed Boost
|turn|10
|
|detailschange|p1a: Sharpedo|Sharpedo-Mega, M
|-mega|p1a: Sharpedo|Sharpedo|Sharpedonite
|detailschange|p2a: Audino|Audino-Mega, M
|-mega|p2a: Audino|Audino|Audinite
|move|p1a: Sharpedo|Crunch|p2a: Audino
|-resisted|p2a: Audino
|-damage|p2a: Audino|81\/401
|-unboost|p2a: Audino|def|1
|move|p2a: Audino|Dazzling Gleam|p1a: Sharpedo
|-supereffective|p1a: Sharpedo
|-damage|p1a: Sharpedo|53\/281
|
|turn|11
|
|switch|p2a: Chesnaught|Chesnaught, F|369\/369
|-damage|p2a: Chesnaught|346\/369|[from] Stealth Rock
|move|p1a: Sharpedo|Waterfall|p2a: Chesnaught
|-resisted|p2a: Chesnaught
|-damage|p2a: Chesnaught|293\/369
|
|-heal|p2a: Chesnaught|316\/369|[from] item: Leftovers
|turn|12
|
|move|p1a: Sharpedo|Ice Fang|p2a: Chesnaught
|-supereffective|p2a: Chesnaught
|-damage|p2a: Chesnaught|144\/369
|move|p2a: Chesnaught|Wood Hammer|p1a: Sharpedo
|-supereffective|p1a: Sharpedo
|-damage|p1a: Sharpedo|0 fnt
|-damage|p2a: Chesnaught|127\/369|[from] recoil|[of] p1a: Sharpedo
|faint|p1a: Sharpedo
|
|-heal|p2a: Chesnaught|150\/369|[from] item: Leftovers
|
|switch|p1a: Darmanitan|Darmanitan, F|352\/352
|turn|13
|
|switch|p2a: Audino|Audino-Mega, M|81\/401
|-damage|p2a: Audino|31\/401|[from] Stealth Rock
|move|p1a: Darmanitan|Flare Blitz|p2a: Audino
|-damage|p2a: Audino|0 fnt
|-damage|p1a: Darmanitan|342\/352|[from] recoil|[of] p2a: Audino
|faint|p2a: Audino
|
|
|switch|p2a: Hydreigon|Hydreigon, M|285\/325
|-damage|p2a: Hydreigon|245\/325|[from] Stealth Rock
|turn|14
|
|switch|p1a: Gligar|Gligar, M|333\/333
|move|p2a: Hydreigon|Dark Pulse|p1a: Gligar
|-damage|p1a: Gligar|137\/333
|
|turn|15
|
|switch|p2a: Empoleon|Empoleon, M|369\/369
|-damage|p2a: Empoleon|346\/369|[from] Stealth Rock
|move|p1a: Gligar|Earthquake|p2a: Empoleon
|-supereffective|p2a: Empoleon
|-damage|p2a: Empoleon|140\/369
|
|-heal|p2a: Empoleon|163\/369|[from] item: Leftovers
|turn|16
|
|switch|p2a: Chesnaught|Chesnaught, F|150\/369
|-damage|p2a: Chesnaught|127\/369|[from] Stealth Rock
|move|p1a: Gligar|Earthquake|p2a: Chesnaught
|-resisted|p2a: Chesnaught
|-damage|p2a: Chesnaught|97\/369
|
|-heal|p2a: Chesnaught|120\/369|[from] item: Leftovers
|turn|17
|
|switch|p1a: Serperior|Serperior, M|291\/291
|move|p2a: Chesnaught|Substitute|p2a: Chesnaught
|-start|p2a: Chesnaught|Substitute
|-damage|p2a: Chesnaught|28\/369
|
|-heal|p2a: Chesnaught|51\/369|[from] item: Leftovers
|turn|18
|
|-singleturn|p2a: Chesnaught|move: Focus Punch
|move|p1a: Serperior|Substitute|p1a: Serperior
|-start|p1a: Serperior|Substitute
|-damage|p1a: Serperior|219\/291
|move|p2a: Chesnaught|Focus Punch|p1a: Serperior
|-end|p1a: Serperior|Substitute
|
|-heal|p2a: Chesnaught|74\/369|[from] item: Leftovers
|turn|19
|
|-singleturn|p2a: Chesnaught|move: Focus Punch
|move|p1a: Serperior|Dragon Pulse|p2a: Chesnaught
|-end|p2a: Chesnaught|Substitute
|-damage|p1a: Serperior|190\/291|[from] item: Life Orb
|move|p2a: Chesnaught|Focus Punch|p1a: Serperior
|-damage|p1a: Serperior|0 fnt
|faint|p1a: Serperior
|
|-heal|p2a: Chesnaught|97\/369|[from] item: Leftovers
|
|switch|p1a: Darmanitan|Darmanitan, F|342\/352
|turn|20
|
|move|p1a: Darmanitan|Flare Blitz|p2a: Chesnaught
|-supereffective|p2a: Chesnaught
|-damage|p2a: Chesnaught|0 fnt
|-damage|p1a: Darmanitan|310\/352|[from] recoil|[of] p2a: Chesnaught
|faint|p2a: Chesnaught
|
|
|switch|p2a: Hydreigon|Hydreigon, M|245\/325
|-damage|p2a: Hydreigon|205\/325|[from] Stealth Rock
|turn|21
|
|move|p2a: Hydreigon|Dark Pulse|p1a: Darmanitan
|-damage|p1a: Darmanitan|67\/352
|cant|p1a: Darmanitan|flinch
|
|turn|22
|
|switch|p1a: Gligar|Gligar, M|137\/333
|move|p2a: Hydreigon|Dark Pulse|p1a: Gligar
|-crit|p1a: Gligar
|-damage|p1a: Gligar|0 fnt
|faint|p1a: Gligar
|
|
|switch|p1a: Jirachi|Jirachi|341\/341
|turn|23
|
|move|p1a: Jirachi|Iron Head|p2a: Hydreigon
|-damage|p2a: Hydreigon|52\/325
|cant|p2a: Hydreigon|flinch
|
|turn|24
|
|switch|p2a: Empoleon|Empoleon, M|163\/369
|-damage|p2a: Empoleon|140\/369|[from] Stealth Rock
|move|p1a: Jirachi|Iron Head|p2a: Empoleon
|-resisted|p2a: Empoleon
|-damage|p2a: Empoleon|108\/369
|
|-heal|p2a: Empoleon|131\/369|[from] item: Leftovers
|turn|25
|
|switch|p1a: Darmanitan|Darmanitan, F|67\/352
|move|p2a: Empoleon|Defog|p1a: Darmanitan
|-unboost|p1a: Darmanitan|evasion|1
|-sideend|p2: Pseudo-Yoik|Stealth Rock|[from] move: Defog|[of] p2a: Empoleon
|
|-heal|p2a: Empoleon|154\/369|[from] item: Leftovers
|turn|26
|
|switch|p2a: Rotom-Heat|Rotom-Heat|158\/241
|move|p1a: Darmanitan|Flare Blitz|p2a: Rotom-Heat
|-resisted|p2a: Rotom-Heat
|-damage|p2a: Rotom-Heat|0 fnt
|-damage|p1a: Darmanitan|15\/352|[from] recoil|[of] p2a: Rotom-Heat
|faint|p2a: Rotom-Heat
|
|
|switch|p2a: Hydreigon|Hydreigon, M|52\/325
|turn|27
|
|move|p2a: Hydreigon|Dark Pulse|p1a: Darmanitan
|-damage|p1a: Darmanitan|0 fnt
|faint|p1a: Darmanitan
|
|join|Lucipurrr
|
|switch|p1a: Jirachi|Jirachi|341\/341
|turn|28
|
|move|p1a: Jirachi|U-turn|p2a: Hydreigon
|-supereffective|p2a: Hydreigon
|-damage|p2a: Hydreigon|0 fnt
|faint|p2a: Hydreigon
|
|
|switch|p2a: Doublade|Doublade, F|321\/321
|turn|29
|
|move|p1a: Jirachi|U-turn|p2a: Doublade
|-resisted|p2a: Doublade
|-damage|p2a: Doublade|313\/321
|move|p2a: Doublade|Swords Dance|p2a: Doublade
|-boost|p2a: Doublade|atk|2
|
|turn|30
|
|move|p1a: Jirachi|U-turn|p2a: Doublade
|-resisted|p2a: Doublade
|-damage|p2a: Doublade|305\/321
|move|p2a: Doublade|Swords Dance|p2a: Doublade
|-boost|p2a: Doublade|atk|2
|
|turn|31
|c| Lucipurrr|what u doin
|-message|HappyPierrot forfeited.
|
|win|Pseudo-Yoik
|raw|Ladder updating...
|raw|HappyPierrot's rating: 1434 &rarr; <strong>1419<\/strong><br \/>(-15 for losing)
|raw|Pseudo-Yoik's rating: 1524 &rarr; <strong>1539<\/strong><br \/>(+15 for winning)
|leave|HappyPierrot
|player|p1
|leave|Lucipurrr