|join|Pseudo-Yoik
|join|iplaytennislol
|player|p1|Pseudo-Yoik|148
|player|p2|iplaytennislol|175
|gametype|singles
|gen|6
|tier|UU
|rated
|rule|Sleep Clause Mod: Limit one foe put to sleep
|rule|Species Clause: Limit one of each PokÃ©mon
|rule|OHKO Clause: OHKO moves are banned
|rule|Moody Clause: Moody is banned
|rule|Evasion Moves Clause: Evasion moves are banned
|rule|Endless Battle Clause: Forcing endless battles is banned
|rule|HP Percentage Mod: HP is shown in percentages
|clearpoke
|poke|p1|Hydreigon, F
|poke|p1|Audino, F
|poke|p1|Empoleon, F
|poke|p1|Chesnaught, M
|poke|p1|Rotom-Heat
|poke|p1|Doublade, M
|poke|p2|Trevenant, F, shiny
|poke|p2|Mienshao, F
|poke|p2|Ampharos, M
|poke|p2|Shuckle, F, shiny
|poke|p2|Lucario, M
|poke|p2|Nidoking, M
|rule|Swagger Clause: Swagger is banned
|rule|Baton Pass Clause: Limit one PokÃ©mon knowing Baton Pass
|teampreview
|join|gobosox
|join|Jimmy Russel
|join|Carmen Elektross
|
|start
|switch|p1a: Rotom-Heat|Rotom-Heat|241\/241
|switch|p2a: ShuckieMyDick|Shuckle, F, shiny|230\/230
|turn|1
|join|KKKeckleon
|
|move|p1a: Rotom-Heat|Trick|p2a: ShuckieMyDick
|-activate|p1a: Rotom-Heat|move: Trick|[of] p2a: ShuckieMyDick
|-item|p2a: ShuckieMyDick|Choice Specs|[from] move: Trick
|-item|p1a: Rotom-Heat|Mental Herb|[from] move: Trick
|move|p2a: ShuckieMyDick|Stealth Rock|p1a: Rotom-Heat
|-sidestart|p1: Pseudo-Yoik|move: Stealth Rock
|
|turn|2
|
|switch|p2a: Ampharos|Ampharos, M|322\/322
|move|p1a: Rotom-Heat|Overheat|p2a: Ampharos
|-damage|p2a: Ampharos|102\/322
|-unboost|p1a: Rotom-Heat|spa|2
|
|turn|3
|join|Tom Bus
|
|detailschange|p2a: Ampharos|Ampharos-Mega, M
|-mega|p2a: Ampharos|Ampharos|Ampharosite
|-ability|p2a: Ampharos|Mold Breaker
|move|p1a: Rotom-Heat|Volt Switch|p2a: Ampharos
|-resisted|p2a: Ampharos
|-damage|p2a: Ampharos|88\/322
|
|switch|p1a: Audino|Audino, F|401\/401
|-damage|p1a: Audino|351\/401|[from] Stealth Rock
|move|p2a: Ampharos|Volt Switch|p1a: Audino
|-damage|p1a: Audino|216\/401
|
|switch|p2a: Dance Dance Dance|Lucario, M|281\/281
|
|turn|4
|
|switch|p1a: Doublade|Doublade, M|321\/321
|-damage|p1a: Doublade|301\/321|[from] Stealth Rock
|move|p2a: Dance Dance Dance|Nasty Plot|p2a: Dance Dance Dance
|-boost|p2a: Dance Dance Dance|spa|2
|
|turn|5
|join|Alkov
|
|move|p2a: Dance Dance Dance|Flash Cannon|p1a: Doublade
|-resisted|p1a: Doublade
|-damage|p1a: Doublade|137\/321
|-damage|p2a: Dance Dance Dance|253\/281|[from] item: Life Orb
|move|p1a: Doublade|Sacred Sword|p2a: Dance Dance Dance
|-supereffective|p2a: Dance Dance Dance
|-damage|p2a: Dance Dance Dance|25\/281
|
|turn|6
|
|switch|p2a: ShuckieMyDick|Shuckle, F, shiny|230\/230
|move|p1a: Doublade|Gyro Ball|p2a: ShuckieMyDick
|-supereffective|p2a: ShuckieMyDick
|-damage|p2a: ShuckieMyDick|198\/230
|
|turn|7
|c| Tom Bus|,
|
|switch|p1a: Empoleon|Empoleon, F|369\/369
|-damage|p1a: Empoleon|346\/369|[from] Stealth Rock
|move|p2a: ShuckieMyDick|Knock Off|p1a: Empoleon
|-damage|p1a: Empoleon|302\/369
|-enditem|p1a: Empoleon|Leftovers|[from] move: Knock Off|[of] p2a: ShuckieMyDick
|
|turn|8
|
|switch|p2a: King UU|Nidoking, M|303\/303
|move|p1a: Empoleon|Defog|p2a: King UU
|-unboost|p2a: King UU|evasion|1
|-sideend|p1: Pseudo-Yoik|Stealth Rock|[from] move: Defog|[of] p1a: Empoleon
|
|turn|9
|
|move|p2a: King UU|Ice Beam|p1a: Empoleon
|-resisted|p1a: Empoleon
|-damage|p1a: Empoleon|277\/369
|move|p1a: Empoleon|Scald|p2a: King UU
|-supereffective|p2a: King UU
|-damage|p2a: King UU|7\/303
|-status|p2a: King UU|brn
|
|-damage|p2a: King UU|0 fnt|[from] brn
|faint|p2a: King UU
|c|âiplaytennislol|k
|
|switch|p2a: jump up jump up|Mienshao, F|271\/271
|turn|10
|
|switch|p1a: Chesnaught|Chesnaught, M|369\/369
|move|p2a: jump up jump up|U-turn|p1a: Chesnaught
|-damage|p1a: Chesnaught|313\/369
|
|switch|p2a: Ampharos|Ampharos-Mega, M|88\/322
|-ability|p2a: Ampharos|Mold Breaker
|
|-heal|p1a: Chesnaught|336\/369|[from] item: Leftovers
|turn|11
|
|switch|p1a: Audino|Audino, F|349\/401
|move|p2a: Ampharos|Dragon Pulse|p1a: Audino
|-damage|p1a: Audino|193\/401
|
|turn|12
|join|innovamania
|c| Alkov|nidoking does so much work against his team
|
|detailschange|p1a: Audino|Audino-Mega, F
|-mega|p1a: Audino|Audino|Audinite
|move|p2a: Ampharos|Thunderbolt|p1a: Audino
|-damage|p1a: Audino|69\/401
|move|p1a: Audino|Rest|p1a: Audino
|-status|p1a: Audino|slp
|-heal|p1a: Audino|401\/401 slp|[silent]
|-status|p1a: Audino|slp|[from] move: Rest
|
|turn|13
|
|move|p2a: Ampharos|Volt Switch|p1a: Audino
|-damage|p1a: Audino|308\/401 slp
|
|switch|p2a: ShuckieMyDick|Shuckle, F, shiny|198\/230
|cant|p1a: Audino|slp
|move|p1a: Audino|Sleep Talk|p1a: Audino
|move|p1a: Audino|Dazzling Gleam|p2a: ShuckieMyDick|[from]Sleep Talk
|-damage|p2a: ShuckieMyDick|158\/230
|
|turn|14
|
|switch|p1a: Empoleon|Empoleon, F|277\/369
|move|p2a: ShuckieMyDick|Stealth Rock|p1a: Empoleon
|-sidestart|p1: Pseudo-Yoik|move: Stealth Rock
|
|turn|15
|
|switch|p2a: Dance Dance Dance|Lucario, M|25\/281
|move|p1a: Empoleon|Defog|p2a: Dance Dance Dance
|-unboost|p2a: Dance Dance Dance|evasion|1
|-sideend|p1: Pseudo-Yoik|Stealth Rock|[from] move: Defog|[of] p1a: Empoleon
|
|turn|16
|
|move|p2a: Dance Dance Dance|Flash Cannon|p1a: Empoleon
|-resisted|p1a: Empoleon
|-damage|p1a: Empoleon|248\/369
|-damage|p2a: Dance Dance Dance|0 fnt|[from] item: Life Orb
|faint|p2a: Dance Dance Dance
|move|p1a: Empoleon|Stealth Rock|p2: Dance Dance Dance
|-sidestart|p2: iplaytennislol|move: Stealth Rock
|
|c|âiplaytennislol|,,
|c|âiplaytennislol|,
|c|âiplaytennislol|,\/lojpu9y
|c|âiplaytennislol|,\/lojpu9yt0GT*0,tysmberwbrn
|c|âPseudo-Yoik|Lol
|
|switch|p2a: Cathy|Trevenant, F, shiny|312\/312
|-damage|p2a: Cathy|273\/312|[from] Stealth Rock
|turn|17
|c| Alkov|plays
|c|âPseudo-Yoik|Overpredicts everywhere
|
|switch|p1a: Chesnaught|Chesnaught, M|336\/369
|move|p2a: Cathy|Substitute|p2a: Cathy
|-start|p2a: Cathy|Substitute
|-damage|p2a: Cathy|195\/312
|
|-heal|p1a: Chesnaught|359\/369|[from] item: Leftovers
|turn|18
|c|âiplaytennislol|bad players everywhere!
|
|move|p2a: Cathy|Earthquake|p1a: Chesnaught
|-resisted|p1a: Chesnaught
|-damage|p1a: Chesnaught|323\/369
|move|p1a: Chesnaught|Substitute|p1a: Chesnaught
|-start|p1a: Chesnaught|Substitute
|-damage|p1a: Chesnaught|231\/369
|
|-heal|p1a: Chesnaught|254\/369|[from] item: Leftovers
|turn|19
|
|move|p2a: Cathy|Phantom Force|p1a: Chesnaught|[still]
|-prepare|p2a: Cathy|Phantom Force|p1a: Chesnaught
|move|p1a: Chesnaught|Wood Hammer|p2a: Cathy|[miss]
|-miss|p1a: Chesnaught|p2a: Cathy
|
|-heal|p1a: Chesnaught|277\/369|[from] item: Leftovers
|turn|20
|
|move|p2a: Cathy|Phantom Force|p1a: Chesnaught
|-end|p1a: Chesnaught|Substitute
|move|p1a: Chesnaught|Wood Hammer|p2a: Cathy
|-resisted|p2a: Cathy
|-end|p2a: Cathy|Substitute
|-damage|p1a: Chesnaught|251\/369|[from] recoil|[of] p2a: Cathy
|
|-heal|p1a: Chesnaught|274\/369|[from] item: Leftovers
|turn|21
|
|move|p2a: Cathy|Substitute|p2a: Cathy
|-start|p2a: Cathy|Substitute
|-damage|p2a: Cathy|117\/312
|move|p1a: Chesnaught|Wood Hammer|p2a: Cathy
|-crit|p2a: Cathy
|-resisted|p2a: Cathy
|-end|p2a: Cathy|Substitute
|-damage|p1a: Chesnaught|248\/369|[from] recoil|[of] p2a: Cathy
|
|-heal|p1a: Chesnaught|271\/369|[from] item: Leftovers
|turn|22
|join|RowFrog
|
|switch|p1a: Audino|Audino-Mega, F|308\/401 slp
|move|p2a: Cathy|Substitute|p2a: Cathy
|-start|p2a: Cathy|Substitute
|-damage|p2a: Cathy|39\/312
|-enditem|p2a: Cathy|Starf Berry|[eat]
|-boost|p2a: Cathy|def|2|[from] item: Starf Berry
|
|-item|p2a: Cathy|Starf Berry|[from] ability: Harvest
|-enditem|p2a: Cathy|Starf Berry|[eat]
|-boost|p2a: Cathy|spe|2|[from] item: Starf Berry
|turn|23
|
|switch|p1a: Rotom-Heat|Rotom-Heat|241\/241
|move|p2a: Cathy|Earthquake|p1a: Rotom-Heat
|-immune|p1a: Rotom-Heat|[msg]
|
|turn|24
|
|switch|p1a: Audino|Audino-Mega, F|308\/401 slp
|move|p2a: Cathy|Phantom Force|p1a: Audino|[still]
|-prepare|p2a: Cathy|Phantom Force|p1a: Audino
|
|-item|p2a: Cathy|Starf Berry|[from] ability: Harvest
|-enditem|p2a: Cathy|Starf Berry|[eat]
|-boost|p2a: Cathy|spa|2|[from] item: Starf Berry
|turn|25
|
|move|p2a: Cathy|Phantom Force|p1a: Audino
|-immune|p1a: Audino|[msg]
|cant|p1a: Audino|slp
|
|turn|26
|
|switch|p1a: Rotom-Heat|Rotom-Heat|241\/241
|move|p2a: Cathy|Earthquake|p1a: Rotom-Heat
|-immune|p1a: Rotom-Heat|[msg]
|
|-item|p2a: Cathy|Starf Berry|[from] ability: Harvest
|-enditem|p2a: Cathy|Starf Berry|[eat]
|-boost|p2a: Cathy|atk|2|[from] item: Starf Berry
|turn|27
|c| Alkov|oml
|
|switch|p1a: Hydreigon|Hydreigon, F|325\/325
|move|p2a: Cathy|Phantom Force|p1a: Hydreigon|[still]
|-prepare|p2a: Cathy|Phantom Force|p1a: Hydreigon
|
|turn|28
|c|âiplaytennislol|BOOST
|
|move|p1a: Hydreigon|U-turn|p2a: Cathy|[miss]
|-miss|p1a: Hydreigon|p2a: Cathy
|move|p2a: Cathy|Phantom Force|p1a: Hydreigon
|-resisted|p1a: Hydreigon
|-damage|p1a: Hydreigon|155\/325
|
|turn|29
|c| RowFrog|This set so real
|c| Alkov|the innovation
|c| Alkov|lmfao
|
|move|p1a: Hydreigon|U-turn|p2a: Cathy
|-activate|p2a: Cathy|Substitute|[damage]
|
|switch|p1a: Audino|Audino-Mega, F|308\/401 slp
|move|p2a: Cathy|Horn Leech|p1a: Audino
|-damage|p1a: Audino|118\/401 slp
|-heal|p2a: Cathy|134\/312|[from] drain|[of] p1a: Audino
|
|turn|30
|c| RowFrog|Miss?
|c| Alkov|phantom force
|c| RowFrog|howâd it miss?
|c| Alkov|makes him miss
|join|emma bae
|c| RowFrog|right
|
|switch|p1a: Chesnaught|Chesnaught, M|271\/369
|move|p2a: Cathy|Horn Leech|p1a: Chesnaught
|-resisted|p1a: Chesnaught
|-damage|p1a: Chesnaught|192\/369
|-heal|p2a: Cathy|174\/312|[from] drain|[of] p1a: Chesnaught
|
|-heal|p1a: Chesnaught|215\/369|[from] item: Leftovers
|-item|p2a: Cathy|Starf Berry|[from] ability: Harvest
|turn|31
|c| RowFrog|I completely forgot lol
|
|move|p2a: Cathy|Phantom Force|p1a: Chesnaught|[still]
|-prepare|p2a: Cathy|Phantom Force|p1a: Chesnaught
|move|p1a: Chesnaught|Substitute|p1a: Chesnaught
|-start|p1a: Chesnaught|Substitute
|-damage|p1a: Chesnaught|123\/369
|
|-heal|p1a: Chesnaught|146\/369|[from] item: Leftovers
|turn|32
|c| Alkov|lol
|
|move|p2a: Cathy|Phantom Force|p1a: Chesnaught
|-end|p1a: Chesnaught|Substitute
|move|p1a: Chesnaught|Wood Hammer|p2a: Cathy
|-resisted|p2a: Cathy
|-end|p2a: Cathy|Substitute
|-damage|p1a: Chesnaught|131\/369|[from] recoil|[of] p2a: Cathy
|
|-heal|p1a: Chesnaught|154\/369|[from] item: Leftovers
|turn|33
|c| RowFrog|that it had just used Phantom Force
|
|switch|p1a: Hydreigon|Hydreigon, F|155\/325
|move|p2a: Cathy|Substitute|p2a: Cathy
|-start|p2a: Cathy|Substitute
|-damage|p2a: Cathy|96\/312
|
|turn|34
|
|move|p1a: Hydreigon|Dark Pulse|p2a: Cathy
|-supereffective|p2a: Cathy
|-end|p2a: Cathy|Substitute
|move|p2a: Cathy|Substitute|p2a: Cathy
|-start|p2a: Cathy|Substitute
|-damage|p2a: Cathy|18\/312
|-enditem|p2a: Cathy|Starf Berry|[eat]
|-boost|p2a: Cathy|spe|2|[from] item: Starf Berry
|
|turn|35
|
|move|p2a: Cathy|Horn Leech|p1a: Hydreigon
|-resisted|p1a: Hydreigon
|-damage|p1a: Hydreigon|13\/325
|-heal|p2a: Cathy|89\/312|[from] drain|[of] p1a: Hydreigon
|move|p1a: Hydreigon|Dark Pulse|p2a: Cathy
|-supereffective|p2a: Cathy
|-end|p2a: Cathy|Substitute
|
|-item|p2a: Cathy|Starf Berry|[from] ability: Harvest
|turn|36
|c| Alkov|!!!
|
|move|p2a: Cathy|Horn Leech|p1a: Hydreigon
|-resisted|p1a: Hydreigon
|-damage|p1a: Hydreigon|0 fnt
|-heal|p2a: Cathy|96\/312|[from] drain|[of] p1a: Hydreigon
|faint|p1a: Hydreigon
|
|
|switch|p1a: Doublade|Doublade, M|137\/321
|turn|37
|
|move|p1a: Doublade|Shadow Sneak|p2a: Cathy
|-supereffective|p2a: Cathy
|-damage|p2a: Cathy|16\/312
|-enditem|p2a: Cathy|Starf Berry|[eat]
|-boost|p2a: Cathy|spa|2|[from] item: Starf Berry
|move|p2a: Cathy|Earthquake|p1a: Doublade
|-supereffective|p1a: Doublade
|-damage|p1a: Doublade|0 fnt
|faint|p1a: Doublade
|
|c| Alkov|3stronk5me
|
|switch|p1a: Rotom-Heat|Rotom-Heat|241\/241
|turn|38
|
|move|p2a: Cathy|Phantom Force|p1a: Rotom-Heat|[still]
|-prepare|p2a: Cathy|Phantom Force|p1a: Rotom-Heat
|move|p1a: Rotom-Heat|Trick|p2a: Cathy|[miss]
|-miss|p1a: Rotom-Heat|p2a: Cathy
|
|turn|39
|
|switch|p1a: Audino|Audino-Mega, F|118\/401 slp
|move|p2a: Cathy|Phantom Force|p1a: Audino
|-immune|p1a: Audino|[msg]
|
|turn|40
|c| Alkov|does that phantom force
|
|move|p2a: Cathy|Horn Leech|p1a: Audino
|-damage|p1a: Audino|0 fnt
|-heal|p2a: Cathy|75\/312|[from] drain|[of] p1a: Audino
|faint|p1a: Audino
|
|c| Alkov|kill the rotom
|
|switch|p1a: Rotom-Heat|Rotom-Heat|241\/241
|turn|41
|c|âiplaytennislol|lets find out
|
|switch|p1a: Empoleon|Empoleon, F|248\/369
|move|p2a: Cathy|Phantom Force|p1a: Empoleon|[still]
|-prepare|p2a: Cathy|Phantom Force|p1a: Empoleon
|
|-item|p2a: Cathy|Starf Berry|[from] ability: Harvest
|-enditem|p2a: Cathy|Starf Berry|[eat]
|-boost|p2a: Cathy|atk|2|[from] item: Starf Berry
|turn|42
|c| Alkov|lol
|c|âiplaytennislol|o_k
|c| Alkov|oml
|
|move|p2a: Cathy|Phantom Force|p1a: Empoleon
|-damage|p1a: Empoleon|0 fnt
|faint|p1a: Empoleon
|
|-item|p2a: Cathy|Starf Berry|[from] ability: Harvest
|c| Tom Bus|>:]
|c| Alkov|the atk boosts too stronk
|c|âiplaytennislol|tom bus
|
|switch|p1a: Rotom-Heat|Rotom-Heat|241\/241
|-enditem|p2a: Cathy|Starf Berry|[eat]
|-boost|p2a: Cathy|atk|2|[from] item: Starf Berry
|turn|43
|c|âiplaytennislol|meet Cathy
|c| Alkov|!!!!
|
|move|p2a: Cathy|Phantom Force|p1a: Rotom-Heat|[still]
|-prepare|p2a: Cathy|Phantom Force|p1a: Rotom-Heat
|move|p1a: Rotom-Heat|Overheat|p2a: Cathy|[miss]
|-miss|p1a: Rotom-Heat|p2a: Cathy
|
|-item|p2a: Cathy|Starf Berry|[from] ability: Harvest
|-enditem|p2a: Cathy|Starf Berry|[eat]
|-boost|p2a: Cathy|spd|2|[from] item: Starf Berry
|turn|44
|c| Alkov|another atk boost
|c| RowFrog|Where is this Trev invested?
|
|move|p2a: Cathy|Phantom Force|p1a: Rotom-Heat
|-damage|p1a: Rotom-Heat|0 fnt
|faint|p1a: Rotom-Heat
|
|-item|p2a: Cathy|Starf Berry|[from] ability: Harvest
|c| Alkov|all this atk boost
|c| Alkov|omg
|
|switch|p1a: Chesnaught|Chesnaught, M|154\/369
|-enditem|p2a: Cathy|Starf Berry|[eat]
|-boost|p2a: Cathy|spe|2|[from] item: Starf Berry
|turn|45
|c| Alkov|im saving this replay
|c| Alkov|of the one true god
|c| Tom Bus|fucking lol
|
|move|p2a: Cathy|Phantom Force|p1a: Chesnaught|[still]
|-prepare|p2a: Cathy|Phantom Force|p1a: Chesnaught
|move|p1a: Chesnaught|Substitute|p1a: Chesnaught
|-start|p1a: Chesnaught|Substitute
|-damage|p1a: Chesnaught|62\/369
|
|-heal|p1a: Chesnaught|85\/369|[from] item: Leftovers
|turn|46
|c| Alkov|lmfao
|
|move|p2a: Cathy|Phantom Force|p1a: Chesnaught
|-end|p1a: Chesnaught|Substitute
|move|p1a: Chesnaught|Wood Hammer|p2a: Cathy
|-resisted|p2a: Cathy
|-damage|p2a: Cathy|24\/312
|-damage|p1a: Chesnaught|68\/369|[from] recoil|[of] p2a: Cathy
|
|-heal|p1a: Chesnaught|91\/369|[from] item: Leftovers
|-item|p2a: Cathy|Starf Berry|[from] ability: Harvest
|-enditem|p2a: Cathy|Starf Berry|[eat]
|-boost|p2a: Cathy|def|2|[from] item: Starf Berry
|turn|47
|c| Alkov|this trev deserves an award
|
|move|p2a: Cathy|Phantom Force|p1a: Chesnaught|[still]
|-prepare|p2a: Cathy|Phantom Force|p1a: Chesnaught
|move|p1a: Chesnaught|Wood Hammer|p2a: Cathy|[miss]
|-miss|p1a: Chesnaught|p2a: Cathy
|
|-heal|p1a: Chesnaught|114\/369|[from] item: Leftovers
|turn|48
|c|âiplaytennislol|alkov
|c| Alkov|?
|c| RowFrog|What are the EVs Iplaytennis?
|c|âiplaytennislol|refer to her
|c|âiplaytennislol|as Cathy
|c| Alkov|ok
|c| emma bae|lol
|c| Tom Bus|LOL
|c| Tom Bus|"ok"
|c| Alkov|CathyGod
|c| Tom Bus|:]
|c|âiplaytennislol|LOOOOOOOOOOOOOL
|leave|KKKeckleon
|
|move|p2a: Cathy|Phantom Force|p1a: Chesnaught
|-damage|p1a: Chesnaught|0 fnt
|faint|p1a: Chesnaught
|
|win|iplaytennislol
|raw|Ladder updating...
|raw|Pseudo-Yoik's rating: 1338 &rarr; <strong>1319<\/strong><br \/>(-19 for losing)
|raw|iplaytennislol's rating: 1345 &rarr; <strong>1364<\/strong><br \/>(+19 for winning)
|c|âiplaytennislol|g
|c|âiplaytennislol|g