|join|tuRk.jpg
|join|Pseudo-Yoik
|player|p1|tuRk.jpg|115
|player|p2|Pseudo-Yoik|153
|gametype|singles
|gen|6
|tier|UU
|rated
|rule|Sleep Clause Mod: Limit one foe put to sleep
|rule|Species Clause: Limit one of each PokÃ©mon
|rule|OHKO Clause: OHKO moves are banned
|rule|Moody Clause: Moody is banned
|rule|Evasion Moves Clause: Evasion moves are banned
|rule|Endless Battle Clause: Forcing endless battles is banned
|rule|HP Percentage Mod: HP is shown in percentages
|clearpoke
|poke|p1|Sceptile, M
|poke|p1|Jirachi
|poke|p1|Krookodile, F
|poke|p1|Toxicroak, F
|poke|p1|Rotom-Heat
|poke|p1|Doublade, M
|poke|p2|Hydreigon, F
|poke|p2|Audino, F
|poke|p2|Empoleon, M
|poke|p2|Chesnaught, M
|poke|p2|Rotom-Heat
|poke|p2|Doublade, M
|rule|Swagger Clause: Swagger is banned
|rule|Baton Pass Clause: Limit one PokÃ©mon knowing Baton Pass
|teampreview
|
|start
|switch|p1a: Rotom-Heat|Rotom-Heat|304\/304
|switch|p2a: Rotom-Heat|Rotom-Heat|241\/241
|turn|1
|
|move|p2a: Rotom-Heat|Overheat|p1a: Rotom-Heat
|-resisted|p1a: Rotom-Heat
|-damage|p1a: Rotom-Heat|161\/304
|-unboost|p2a: Rotom-Heat|spa|2
|move|p1a: Rotom-Heat|Overheat|p2a: Rotom-Heat
|-resisted|p2a: Rotom-Heat
|-damage|p2a: Rotom-Heat|149\/241
|-unboost|p1a: Rotom-Heat|spa|2
|
|-heal|p1a: Rotom-Heat|180\/304|[from] item: Leftovers
|turn|2
|
|switch|p2a: Audino|Audino, F|401\/401
|move|p1a: Rotom-Heat|Volt Switch|p2a: Audino
|-damage|p2a: Audino|356\/401
|
|switch|p1a: Krookodile|Krookodile, F|331\/331
|-ability|p1a: Krookodile|Intimidate|[of] p2a: Audino
|-unboost|p2a: Audino|atk|1
|
|turn|3
|
|detailschange|p2a: Audino|Audino-Mega, F
|-mega|p2a: Audino|Audino|Audinite
|move|p1a: Krookodile|Stealth Rock|p2a: Audino
|-sidestart|p2: Pseudo-Yoik|move: Stealth Rock
|move|p2a: Audino|Dazzling Gleam|p1a: Krookodile
|-crit|p1a: Krookodile
|-supereffective|p1a: Krookodile
|-damage|p1a: Krookodile|0 fnt
|faint|p1a: Krookodile
|
|
|switch|p1a: Toxicroak|Toxicroak, F|307\/307
|turn|4
|
|switch|p2a: Doublade|Doublade, M|321\/321
|-damage|p2a: Doublade|301\/321|[from] Stealth Rock
|move|p1a: Toxicroak|Swords Dance|p1a: Toxicroak
|-boost|p1a: Toxicroak|atk|2
|
|turn|5
|
|move|p1a: Toxicroak|Sucker Punch|p2a: Doublade
|-fail|p2a: Doublade
|move|p2a: Doublade|Swords Dance|p2a: Doublade
|-boost|p2a: Doublade|atk|2
|
|turn|6
|
|switch|p1a: Rotom-Heat|Rotom-Heat|180\/304
|move|p2a: Doublade|Gyro Ball|p1a: Rotom-Heat
|-resisted|p1a: Rotom-Heat
|-damage|p1a: Rotom-Heat|125\/304
|
|-heal|p1a: Rotom-Heat|144\/304|[from] item: Leftovers
|turn|7
|
|switch|p2a: Empoleon|Empoleon, M|369\/369
|-damage|p2a: Empoleon|346\/369|[from] Stealth Rock
|move|p1a: Rotom-Heat|Will-O-Wisp|p2a: Empoleon|[miss]
|-miss|p1a: Rotom-Heat|p2a: Empoleon
|
|-heal|p1a: Rotom-Heat|163\/304|[from] item: Leftovers
|-heal|p2a: Empoleon|369\/369|[from] item: Leftovers
|turn|8
|
|move|p1a: Rotom-Heat|Pain Split|p2a: Empoleon
|-sethp|p2a: Empoleon|266\/369|p1a: Rotom-Heat|266\/304|[from] move: Pain Split
|move|p2a: Empoleon|Defog|p1a: Rotom-Heat
|-unboost|p1a: Rotom-Heat|evasion|1
|-sideend|p2: Pseudo-Yoik|Stealth Rock|[from] move: Defog|[of] p2a: Empoleon
|
|-heal|p1a: Rotom-Heat|285\/304|[from] item: Leftovers
|-heal|p2a: Empoleon|289\/369|[from] item: Leftovers
|turn|9
|
|move|p1a: Rotom-Heat|Volt Switch|p2a: Empoleon
|-supereffective|p2a: Empoleon
|-damage|p2a: Empoleon|127\/369
|
|switch|p1a: Toxicroak|Toxicroak, F|307\/307
|move|p2a: Empoleon|Stealth Rock|p1a: Toxicroak
|-sidestart|p1: tuRk.jpg|move: Stealth Rock
|
|-heal|p2a: Empoleon|150\/369|[from] item: Leftovers
|turn|10
|
|switch|p1a: Doublade|Doublade, M|312\/312
|-damage|p1a: Doublade|293\/312|[from] Stealth Rock
|move|p2a: Empoleon|Roar|p1a: Doublade
|drag|p1a: Sceptile|Sceptile, M|281\/281
|-damage|p1a: Sceptile|246\/281|[from] Stealth Rock
|
|-heal|p2a: Empoleon|173\/369|[from] item: Leftovers
|turn|11
|
|switch|p2a: Audino|Audino-Mega, F|356\/401
|detailschange|p1a: Sceptile|Sceptile-Mega, M
|-mega|p1a: Sceptile|Sceptile|Sceptilite
|move|p1a: Sceptile|Leaf Storm|p2a: Audino
|-damage|p2a: Audino|194\/401
|-unboost|p1a: Sceptile|spa|2
|
|turn|12
|
|switch|p1a: Jirachi|Jirachi|341\/341
|-damage|p1a: Jirachi|320\/341|[from] Stealth Rock
|switch|p2a: Rotom-Heat|Rotom-Heat|149\/241
|
|turn|13
|
|move|p1a: Jirachi|U-turn|p2a: Rotom-Heat
|-crit|p2a: Rotom-Heat
|-resisted|p2a: Rotom-Heat
|-damage|p2a: Rotom-Heat|98\/241
|
|switch|p1a: Rotom-Heat|Rotom-Heat|285\/304
|-damage|p1a: Rotom-Heat|209\/304|[from] Stealth Rock
|move|p2a: Rotom-Heat|Volt Switch|p1a: Rotom-Heat
|-resisted|p1a: Rotom-Heat
|-damage|p1a: Rotom-Heat|128\/304
|
|switch|p2a: Hydreigon|Hydreigon, F|325\/325
|
|-heal|p1a: Rotom-Heat|147\/304|[from] item: Leftovers
|turn|14
|
|switch|p1a: Toxicroak|Toxicroak, F|307\/307
|-damage|p1a: Toxicroak|288\/307|[from] Stealth Rock
|move|p2a: Hydreigon|Dark Pulse|p1a: Toxicroak
|-resisted|p1a: Toxicroak
|-damage|p1a: Toxicroak|198\/307
|
|turn|15
|
|switch|p2a: Doublade|Doublade, M|301\/321
|switch|p1a: Doublade|Doublade, M|293\/312
|-damage|p1a: Doublade|274\/312|[from] Stealth Rock
|
|turn|16
|
|switch|p2a: Chesnaught|Chesnaught, M|369\/369
|move|p1a: Doublade|Swords Dance|p1a: Doublade
|-boost|p1a: Doublade|atk|2
|
|turn|17
|
|move|p2a: Chesnaught|Leech Seed|p1a: Doublade
|-start|p1a: Doublade|move: Leech Seed
|move|p1a: Doublade|Sacred Sword|p2a: Chesnaught
|-damage|p2a: Chesnaught|229\/369
|
|-heal|p2a: Chesnaught|252\/369|[from] item: Leftovers
|-damage|p1a: Doublade|235\/312|[from] Leech Seed|[of] p2a: Chesnaught
|-heal|p2a: Chesnaught|291\/369|[silent]
|turn|18
|
|move|p2a: Chesnaught|Substitute|p2a: Chesnaught
|-start|p2a: Chesnaught|Substitute
|-damage|p2a: Chesnaught|199\/369
|move|p1a: Doublade|Swords Dance|p1a: Doublade
|-boost|p1a: Doublade|atk|2
|
|-heal|p2a: Chesnaught|222\/369|[from] item: Leftovers
|-damage|p1a: Doublade|196\/312|[from] Leech Seed|[of] p2a: Chesnaught
|-heal|p2a: Chesnaught|261\/369|[silent]
|turn|19
|
|move|p2a: Chesnaught|Wood Hammer|p1a: Doublade
|-resisted|p1a: Doublade
|-damage|p1a: Doublade|158\/312
|-damage|p2a: Chesnaught|248\/369|[from] recoil|[of] p1a: Doublade
|move|p1a: Doublade|Swords Dance|p1a: Doublade
|-boost|p1a: Doublade|atk|2
|
|-heal|p2a: Chesnaught|271\/369|[from] item: Leftovers
|-damage|p1a: Doublade|119\/312|[from] Leech Seed|[of] p2a: Chesnaught
|-heal|p2a: Chesnaught|310\/369|[silent]
|turn|20
|
|move|p1a: Doublade|Shadow Sneak|p2a: Chesnaught
|-crit|p2a: Chesnaught
|-end|p2a: Chesnaught|Substitute
|move|p2a: Chesnaught|Wood Hammer|p1a: Doublade
|-resisted|p1a: Doublade
|-damage|p1a: Doublade|83\/312
|-damage|p2a: Chesnaught|298\/369|[from] recoil|[of] p1a: Doublade
|
|-heal|p2a: Chesnaught|321\/369|[from] item: Leftovers
|-damage|p1a: Doublade|44\/312|[from] Leech Seed|[of] p2a: Chesnaught
|-heal|p2a: Chesnaught|360\/369|[silent]
|turn|21
|
|switch|p1a: Rotom-Heat|Rotom-Heat|147\/304
|-damage|p1a: Rotom-Heat|71\/304|[from] Stealth Rock
|move|p2a: Chesnaught|Substitute|p2a: Chesnaught
|-start|p2a: Chesnaught|Substitute
|-damage|p2a: Chesnaught|268\/369
|
|-heal|p1a: Rotom-Heat|90\/304|[from] item: Leftovers
|-heal|p2a: Chesnaught|291\/369|[from] item: Leftovers
|turn|22
|
|-singleturn|p2a: Chesnaught|move: Focus Punch
|move|p1a: Rotom-Heat|Overheat|p2a: Chesnaught
|-supereffective|p2a: Chesnaught
|-end|p2a: Chesnaught|Substitute
|-unboost|p1a: Rotom-Heat|spa|2
|move|p2a: Chesnaught|Focus Punch|p1a: Rotom-Heat
|-crit|p1a: Rotom-Heat
|-damage|p1a: Rotom-Heat|0 fnt
|faint|p1a: Rotom-Heat
|
|-heal|p2a: Chesnaught|314\/369|[from] item: Leftovers
|
|switch|p1a: Sceptile|Sceptile-Mega, M|246\/281
|-damage|p1a: Sceptile|211\/281|[from] Stealth Rock
|turn|23
|
|switch|p2a: Audino|Audino-Mega, F|194\/401
|move|p1a: Sceptile|Hidden Power|p2a: Audino
|-damage|p2a: Audino|145\/401
|
|turn|24
|
|switch|p2a: Hydreigon|Hydreigon, F|325\/325
|move|p1a: Sceptile|Leaf Storm|p2a: Hydreigon
|-resisted|p2a: Hydreigon
|-damage|p2a: Hydreigon|195\/325
|-unboost|p1a: Sceptile|spa|2
|
|turn|25
|
|move|p2a: Hydreigon|U-turn|p1a: Sceptile
|-supereffective|p1a: Sceptile
|-damage|p1a: Sceptile|55\/281
|
|switch|p2a: Audino|Audino-Mega, F|145\/401
|move|p1a: Sceptile|Dragon Pulse|p2a: Audino
|-immune|p2a: Audino|[msg]
|
|turn|26
|
|move|p1a: Sceptile|Leaf Storm|p2a: Audino
|-damage|p2a: Audino|69\/401
|-unboost|p1a: Sceptile|spa|2
|move|p2a: Audino|Rest|p2a: Audino
|-status|p2a: Audino|slp
|-heal|p2a: Audino|401\/401 slp|[silent]
|-status|p2a: Audino|slp|[from] move: Rest
|
|turn|27
|
|switch|p1a: Doublade|Doublade, M|44\/312
|-damage|p1a: Doublade|25\/312|[from] Stealth Rock
|cant|p2a: Audino|slp
|move|p2a: Audino|Sleep Talk|p2a: Audino
|move|p2a: Audino|Rest|p2a: Audino|[from]Sleep Talk
|-fail|p2a: Audino
|
|turn|28
|
|cant|p2a: Audino|slp
|move|p2a: Audino|Sleep Talk|p2a: Audino
|move|p2a: Audino|Dazzling Gleam|p1a: Doublade|[from]Sleep Talk
|-resisted|p1a: Doublade
|-damage|p1a: Doublade|0 fnt
|faint|p1a: Doublade
|
|
|switch|p1a: Jirachi|Jirachi|320\/341
|-damage|p1a: Jirachi|299\/341|[from] Stealth Rock
|turn|29
|
|switch|p2a: Doublade|Doublade, M|301\/321
|move|p1a: Jirachi|Iron Head|p2a: Doublade
|-resisted|p2a: Doublade
|-damage|p2a: Doublade|272\/321
|
|turn|30
|
|move|p1a: Jirachi|Iron Head|p2a: Doublade
|-resisted|p2a: Doublade
|-damage|p2a: Doublade|245\/321
|cant|p2a: Doublade|flinch
|
|turn|31
|
|move|p1a: Jirachi|Iron Head|p2a: Doublade
|-resisted|p2a: Doublade
|-damage|p2a: Doublade|219\/321
|move|p2a: Doublade|Swords Dance|p2a: Doublade
|-boost|p2a: Doublade|atk|2
|
|turn|32
|
|move|p2a: Doublade|Shadow Sneak|p1a: Jirachi
|-supereffective|p1a: Jirachi
|-damage|p1a: Jirachi|57\/341
|move|p1a: Jirachi|Iron Head|p2a: Doublade
|-resisted|p2a: Doublade
|-damage|p2a: Doublade|191\/321
|
|turn|33
|
|move|p2a: Doublade|Shadow Sneak|p1a: Jirachi
|-supereffective|p1a: Jirachi
|-damage|p1a: Jirachi|0 fnt
|faint|p1a: Jirachi
|
|
|switch|p1a: Toxicroak|Toxicroak, F|198\/307
|-damage|p1a: Toxicroak|179\/307|[from] Stealth Rock
|turn|34
|
|move|p1a: Toxicroak|Sucker Punch|p2a: Doublade
|-crit|p2a: Doublade
|-supereffective|p2a: Doublade
|-damage|p2a: Doublade|27\/321
|-damage|p1a: Toxicroak|149\/307|[from] item: Life Orb
|move|p2a: Doublade|Shadow Sneak|p1a: Toxicroak
|-damage|p1a: Toxicroak|0 fnt
|faint|p1a: Toxicroak
|
|
|switch|p1a: Sceptile|Sceptile-Mega, M|55\/281
|-damage|p1a: Sceptile|20\/281|[from] Stealth Rock
|turn|35
|
|move|p2a: Doublade|Shadow Sneak|p1a: Sceptile
|-damage|p1a: Sceptile|0 fnt
|faint|p1a: Sceptile
|
|win|Pseudo-Yoik
|raw|Ladder updating...
|raw|tuRk.jpg's rating: 1579 &rarr; <strong>1555<\/strong><br \/>(-24 for losing)
|raw|Pseudo-Yoik's rating: 1513 &rarr; <strong>1537<\/strong><br \/>(+24 for winning)
|leave|tuRk.jpg
|player|p1