|join|snowballin
|join|Martin Luther Meme
|player|p1|snowballin|256
|player|p2|Martin Luther Meme|43
|gametype|singles
|gen|6
|tier|OU
|rated
|clearpoke
|poke|p1|Camerupt, M, shiny
|poke|p1|Celebi
|poke|p1|Alomomola, M
|poke|p1|Scizor, M
|poke|p1|Landorus, M
|poke|p1|Salamence, F
|poke|p2|Meganium, M
|poke|p2|Heatmor, M, shiny
|poke|p2|Mew, shiny
|poke|p2|Jynx, F
|poke|p2|Machamp, F
|poke|p2|Suicune
|rule|Swagger Clause: Swagger is banned
|rule|Baton Pass Clause: Limit one PokÃ©mon knowing Baton Pass
|rule|Sleep Clause Mod: Limit one foe put to sleep
|rule|Species Clause: Limit one of each PokÃ©mon
|rule|OHKO Clause: OHKO moves are banned
|rule|Moody Clause: Moody is banned
|rule|Evasion Moves Clause: Evasion moves are banned
|rule|Endless Battle Clause: Forcing endless battles is banned
|rule|HP Percentage Mod: HP is shown in percentages
|teampreview
|join|wee60
|c| wee60|Hey there, some friends are joining, is that alright?
|c|âMartin Luther Meme|umm sure i guess
|join|A w o o o o ~
|c| wee60|Alright
|join|donkmaster
|
|start
|switch|p1a: Landorus|Landorus, M|320\/320
|switch|p2a: Frosty blew wew|Mew, shiny|404\/404
|turn|1
|join|PoogiePls
|join|y4
|join|FedoraCladWarrior
|join|Memes XD
|join|flarezap
|join|dankmememaster666
|c| PoogiePls|is this being recorded? you dont have my permission
|
|switch|p1a: Camerupt|Camerupt, M, shiny|344\/344
|move|p2a: Frosty blew wew|Frost Breath|p1a: Camerupt|[miss]
|-miss|p2a: Frosty blew wew|p1a: Camerupt
|
|turn|2
|c|âMartin Luther Meme|tfw if i stop chimping robinzon will call chimp
|
|detailschange|p1a: Camerupt|Camerupt-Mega, M, shiny
|message|Camerupt has Mega Evolved into Mega Camerupt!
|move|p2a: Frosty blew wew|Calm Mind|p2a: Frosty blew wew
|-boost|p2a: Frosty blew wew|spa|1
|-boost|p2a: Frosty blew wew|spd|1
|move|p1a: Camerupt|Fire Blast|p2a: Frosty blew wew
|-damage|p2a: Frosty blew wew|218\/404
|
|-heal|p2a: Frosty blew wew|243\/404|[from] item: Leftovers
|turn|3
|join|RectangularBrain
|
|switch|p1a: Scizor|Scizor, M|343\/343
|move|p2a: Frosty blew wew|Calm Mind|p2a: Frosty blew wew
|-boost|p2a: Frosty blew wew|spa|1
|-boost|p2a: Frosty blew wew|spd|1
|
|-heal|p2a: Frosty blew wew|268\/404|[from] item: Leftovers
|turn|4
|join|Balkwater
|c| dankmememaster666|>blast when eruption exists
|c| RectangularBrain|implying
|join|the gender bender
|
|move|p2a: Frosty blew wew|Frost Breath|p1a: Scizor
|-crit|p1a: Scizor
|-resisted|p1a: Scizor
|-damage|p1a: Scizor|259\/343
|move|p1a: Scizor|U-turn|p2a: Frosty blew wew
|-supereffective|p2a: Frosty blew wew
|-damage|p2a: Frosty blew wew|58\/404
|join|whensmahvel
|leave|whensmahvel
|
|switch|p1a: Salamence|Salamence, F|331\/331
|
|-heal|p2a: Frosty blew wew|83\/404|[from] item: Leftovers
|turn|5
|join|whensmahvel
|join|Juicy Semen
|
|move|p1a: Salamence|Dragon Claw|p2a: Frosty blew wew
|-damage|p2a: Frosty blew wew|0 fnt
|faint|p2a: Frosty blew wew
|-boost|p1a: Salamence|atk|1|[from] ability: Moxie
|
|c| dankmememaster666|>using megacamel outside dubs
|c| dankmememaster666|>being a retard
|
|switch|p2a: hands up dont shoo|Jynx, F|271\/271
|turn|6
|c| RectangularBrain|scarfed
|c| flarezap|>being op
|c| RectangularBrain|salamence
|c| RectangularBrain|is strong D rank
|c| RectangularBrain|ou
|c| the gender bender|>using salamence without the mega
|
|switch|p1a: Alomomola|Alomomola, M|529\/529
|move|p2a: hands up dont shoo|Ice Beam|p1a: Alomomola
|-resisted|p1a: Alomomola
|-damage|p1a: Alomomola|419\/529
|-damage|p2a: hands up dont shoo|244\/271|[from] item: Life Orb
|
|-heal|p1a: Alomomola|452\/529|[from] item: Leftovers
|turn|7
|c| the gender bender|its shit
|
|move|p2a: hands up dont shoo|Lovely Kiss|p1a: Alomomola
|-status|p1a: Alomomola|slp
|cant|p1a: Alomomola|slp
|
|-heal|p1a: Alomomola|485\/529 slp|[from] item: Leftovers
|turn|8
|
|switch|p2a: Big delicous root|Meganium, M|363\/363
|switch|p1a: Scizor|Scizor, M|259\/343
|
|-heal|p1a: Scizor|280\/343|[from] item: Leftovers
|turn|9
|
|switch|p2a: Not crocune|Suicune|404\/404
|-ability|p2a: Not crocune|Pressure
|move|p1a: Scizor|U-turn|p2a: Not crocune
|-damage|p2a: Not crocune|311\/404
|join|ASS KATSUP
|c| Juicy Semen|who discovered robinzon's trip? :x
|
|switch|p1a: Celebi|Celebi|404\/404
|
|turn|10
|join|EndlessDicks
|c| A w o o o o ~|me
|c| A w o o o o ~|all me
|c| whensmahvel|it was me
|c| Juicy Semen|fuck you in the benis
|c| flarezap|no me
|c| ASS KATSUP|TFW BANNED FROM WIFI ROOM FOR USING PSAVES TO FUCKING EV TRAIN ARE YOU FUCKING KIDDING ME?!?!??!
|leave|the gender bender
|
|move|p1a: Celebi|Baton Pass|p1a: Celebi
|c| A w o o o o ~|It's cause I had it filtered :s
|
|switch|p1a: Alomomola|Alomomola, M|529\/529 slp
|move|p2a: Not crocune|Ice Beam|p1a: Alomomola
|-resisted|p1a: Alomomola
|-damage|p1a: Alomomola|475\/529 slp
|
|-heal|p1a: Alomomola|508\/529 slp|[from] item: Leftovers
|turn|11
|c| Juicy Semen|:\/
|c|âMartin Luther Meme|fuck dis fishe
|
|switch|p2a: Big delicous root|Meganium, M|363\/363
|switch|p1a: Camerupt|Camerupt-Mega, M, shiny|344\/344
|
|turn|12
|c| EndlessDicks|what are those wavey things coming out of suicune
|join|Rhayader
|c| ASS KATSUP|PREDICTED
|c| RectangularBrain|ribbons
|c| flarezap|penis
|c| ASS KATSUP|LLLLAAAAMMMAAAAOOOOOO
|c| flarezap|es
|
|switch|p2a: Not crocune|Suicune|311\/404
|-ability|p2a: Not crocune|Pressure
|move|p1a: Camerupt|Earth Power|p2a: Not crocune
|-damage|p2a: Not crocune|161\/404
|
|turn|13
|c| wee60|champ getting taken for a ride
|c| whensmahvel|shiny mega camel looks bomb
|
|switch|p1a: Celebi|Celebi|404\/404
|move|p2a: Not crocune|Scald|p1a: Celebi
|-resisted|p1a: Celebi
|-damage|p1a: Celebi|347\/404
|
|-heal|p1a: Celebi|372\/404|[from] item: Leftovers
|turn|14
|c| EndlessDicks|did they finally install mega models?
|
|move|p1a: Celebi|Nasty Plot|p1a: Celebi
|-boost|p1a: Celebi|spa|2
|move|p2a: Not crocune|Ice Beam|p1a: Celebi
|-supereffective|p1a: Celebi
|-damage|p1a: Celebi|176\/404
|-status|p1a: Celebi|frz
|
|-heal|p1a: Celebi|201\/404 frz|[from] item: Leftovers
|turn|15
|join|Meganiums Wife
|c| ASS KATSUP|CHHAAAAAAMMMMPPPP
|c| whensmahvel|y
|c| Memes XD|SKILL
|c| wee60|kek
|c| Rhayader|outskilled
|
|switch|p1a: Scizor|Scizor, M|280\/343
|move|p2a: Not crocune|Hidden Power|p1a: Scizor
|-supereffective|p1a: Scizor
|-damage|p1a: Scizor|92\/343
|
|-heal|p1a: Scizor|113\/343|[from] item: Leftovers
|turn|16
|c| EndlessDicks|skill
|c| Rhayader|rekt
|c| Juicy Semen|nice
|c| whensmahvel|dink
|
|move|p2a: Not crocune|Shadow Ball|p1a: Scizor
|-damage|p1a: Scizor|42\/343
|move|p1a: Scizor|U-turn|p2a: Not crocune
|-damage|p2a: Not crocune|73\/404
|leave|flarezap
|join|SerenaBestWaifu
|
|switch|p1a: Landorus|Landorus, M|320\/320
|
|turn|17
|c|âMartin Luther Meme|oh
|c| Rhayader|>not scald now
|c| ASS KATSUP|why?
|c| Memes XD|>not hidden power again
|c| ASS KATSUP|why not use HP again
|
|move|p1a: Landorus|Earth Power|p2a: Not crocune
|-damage|p2a: Not crocune|0 fnt
|faint|p2a: Not crocune
|
|c| ASS KATSUP|chimp is limp Y\/Y?
|
|switch|p2a: Memechamp|Machamp, F|384\/384
|turn|18
|c| Rhayader|\/\/
|c| Meganiums Wife|y
|c| Memes XD|y
|c| Rhayader|chimp was pretty ok
|join|Salami Party
|c|âMartin Luther Meme|chimp is getting sleepy
|
|switch|p1a: Scizor|Scizor, M|42\/343
|move|p2a: Memechamp|Hyper Beam|p1a: Scizor
|-resisted|p1a: Scizor
|-damage|p1a: Scizor|0 fnt
|faint|p1a: Scizor
|
|c| RectangularBrain|psh,,,,,,,,,,,,,pyou re pretty ok,,,,,,,,,,
|c| Rhayader|heh.. easy
|c| whensmahvel|go to bed then you loser
|c| Meganiums Wife|you don't have to stay up champ, you can get some rest
|
|switch|p1a: Landorus|Landorus, M|320\/320
|turn|19
|join|Yhwach1
|
|move|p1a: Landorus|Psychic|p2a: Memechamp
|-supereffective|p2a: Memechamp
|-damage|p2a: Memechamp|0 fnt
|faint|p2a: Memechamp
|
|c| EndlessDicks|>hype beam
|c| dankmememaster666|fugg :DDD
|c| Yhwach1|ayy lmao
|c|âMartin Luther Meme|couple more battles
|
|switch|p2a: hands up dont shoo|Jynx, F|244\/271
|turn|20
|
|switch|p1a: Camerupt|Camerupt-Mega, M, shiny|344\/344
|move|p2a: hands up dont shoo|Ice Beam|p1a: Camerupt
|-damage|p1a: Camerupt|167\/344
|-damage|p2a: hands up dont shoo|217\/271|[from] item: Life Orb
|
|turn|21
|
|move|p2a: hands up dont shoo|Ice Beam|p1a: Camerupt
|-damage|p1a: Camerupt|0 fnt
|-damage|p2a: hands up dont shoo|190\/271|[from] item: Life Orb
|faint|p1a: Camerupt
|
|c| Salami Party|best mega ;_;
|
|switch|p1a: Salamence|Salamence, F|331\/331
|turn|22
|c| wee60|Holy fr*ck
|
|move|p1a: Salamence|Outrage|p2a: hands up dont shoo
|-damage|p2a: hands up dont shoo|0 fnt
|faint|p2a: hands up dont shoo
|-boost|p1a: Salamence|atk|1|[from] ability: Moxie
|
|c| dankmememaster666|le scarf faec
|c| whensmahvel|that's some shit camel balk
|c| Juicy Semen|is Camerupt lika a doge or something?
|c|âMartin Luther Meme|>not fairy
|
|switch|p2a: Big delicous root|Meganium, M|363\/363
|turn|23
|c| Rhayader|meganium fairy type when
|c| wee60|camerupt is a bird i think
|
|move|p2a: Big delicous root|Protect|p2a: Big delicous root
|-singleturn|p2a: Big delicous root|Protect
|move|p1a: Salamence|Outrage|p2a: Big delicous root
|-activate|p2a: Big delicous root|Protect
|
|-end|p1a: Salamence|rampage
|-start|p1a: Salamence|confusion
|turn|24
|c| Salami Party|now
|c| Meganiums Wife|OH GOD I WANT TO SUCK THAT BIG ROOT
|
|switch|p1a: Celebi|Celebi|201\/404
|move|p2a: Big delicous root|Substitute|p2a: Big delicous root
|-start|p2a: Big delicous root|Substitute
|-damage|p2a: Big delicous root|273\/363
|
|-heal|p1a: Celebi|226\/404|[from] item: Leftovers
|turn|25
|
|move|p1a: Celebi|Nasty Plot|p1a: Celebi
|-boost|p1a: Celebi|spa|2
|move|p2a: Big delicous root|Ingrain|p2a: Big delicous root
|-start|p2a: Big delicous root|move: Ingrain
|
|-heal|p1a: Celebi|251\/404|[from] item: Leftovers
|-heal|p2a: Big delicous root|302\/363|[from] Ingrain
|turn|26
|c| Rhayader|fug
|c| Yhwach1|heh
|
|move|p1a: Celebi|Giga Drain|p2a: Big delicous root
|-resisted|p2a: Big delicous root
|-activate|p2a: Big delicous root|Substitute|[damage]
|-heal|p1a: Celebi|281\/404|[from] drain|[of] p2a: Big delicous root
|move|p2a: Big delicous root|Leech Seed|p1a: Celebi
|-immune|p1a: Celebi|[msg]
|
|-heal|p1a: Celebi|306\/404|[from] item: Leftovers
|-heal|p2a: Big delicous root|331\/363|[from] Ingrain
|turn|27
|c| Salami Party|gg snowballin, u tried
|c| Meganiums Wife|>staying in
|join|my dad is a jew
|
|move|p2a: Big delicous root|Protect|p2a: Big delicous root
|-singleturn|p2a: Big delicous root|Protect
|move|p1a: Celebi|Giga Drain|p2a: Big delicous root
|-activate|p2a: Big delicous root|Protect
|
|-heal|p1a: Celebi|331\/404|[from] item: Leftovers
|-heal|p2a: Big delicous root|360\/363|[from] Ingrain
|turn|28
|c| Juicy Semen|nice
|c| dankmememaster666|>
|c| Meganiums Wife|**>**
|c| Meganiums Wife|**>**
|c| Meganiums Wife|**>**
|c| Meganiums Wife|**>**
|c| Meganiums Wife|**>**
|c| Meganiums Wife|**>**
|join|BalletDuckNinja
|c| Rhayader|>trapping yourself against celebi
|c| Meganiums Wife|**>**
|c|âMartin Luther Meme|><>
|
|move|p1a: Celebi|Giga Drain|p2a: Big delicous root
|-resisted|p2a: Big delicous root
|-end|p2a: Big delicous root|Substitute
|-heal|p1a: Celebi|346\/404|[from] drain|[of] p2a: Big delicous root
|move|p2a: Big delicous root|Leech Seed|p1a: Celebi
|-immune|p1a: Celebi|[msg]
|
|-heal|p1a: Celebi|371\/404|[from] item: Leftovers
|-heal|p2a: Big delicous root|363\/363|[from] Ingrain
|turn|29
|join|Numel Numel Yeah
|
|move|p1a: Celebi|Nasty Plot|p1a: Celebi
|-boost|p1a: Celebi|spa|2
|move|p2a: Big delicous root|Substitute|p2a: Big delicous root
|-start|p2a: Big delicous root|Substitute
|-damage|p2a: Big delicous root|273\/363
|
|-heal|p1a: Celebi|396\/404|[from] item: Leftovers
|-heal|p2a: Big delicous root|302\/363|[from] Ingrain
|turn|30
|c| Salami Party|hella dank
|c| dankmememaster666|literally a shit
|c| Juicy Semen|I don't like this meme...
|c| Meganiums Wife|what the fuck is champ doing with my husband?
|
|move|p2a: Big delicous root|Protect|p2a: Big delicous root
|-singleturn|p2a: Big delicous root|Protect
|move|p1a: Celebi|Nasty Plot|p1a: Celebi
|-boost|p1a: Celebi|spa|2
|
|-heal|p1a: Celebi|404\/404|[from] item: Leftovers
|-heal|p2a: Big delicous root|331\/363|[from] Ingrain
|turn|31
|join|flarezap
|join|Jim Pickins
|
|move|p2a: Big delicous root|Protect|p2a: Big delicous root
|-fail|p2a: Big delicous root
|move|p1a: Celebi|Giga Drain|p2a: Big delicous root
|-resisted|p2a: Big delicous root
|-end|p2a: Big delicous root|Substitute
|
|-heal|p2a: Big delicous root|360\/363|[from] Ingrain
|turn|32
|c| Rhayader|inc landorus
|
|move|p1a: Celebi|Giga Drain|p2a: Big delicous root
|-resisted|p2a: Big delicous root
|-damage|p2a: Big delicous root|228\/363
|move|p2a: Big delicous root|Substitute|p2a: Big delicous root
|-start|p2a: Big delicous root|Substitute
|-damage|p2a: Big delicous root|138\/363
|
|-heal|p2a: Big delicous root|167\/363|[from] Ingrain
|turn|33
|
|move|p2a: Big delicous root|Protect|p2a: Big delicous root
|-singleturn|p2a: Big delicous root|Protect
|move|p1a: Celebi|Giga Drain|p2a: Big delicous root
|-activate|p2a: Big delicous root|Protect
|
|-heal|p2a: Big delicous root|196\/363|[from] Ingrain
|turn|34
|c| Meganiums Wife|champ you cant even meme right
|
|move|p2a: Big delicous root|Protect|p2a: Big delicous root
|-singleturn|p2a: Big delicous root|Protect
|move|p1a: Celebi|Giga Drain|p2a: Big delicous root
|-activate|p2a: Big delicous root|Protect
|
|-heal|p2a: Big delicous root|225\/363|[from] Ingrain
|turn|35
|c| Meganiums Wife|your doing all the moves out of order
|
|move|p1a: Celebi|Giga Drain|p2a: Big delicous root
|-resisted|p2a: Big delicous root
|-end|p2a: Big delicous root|Substitute
|move|p2a: Big delicous root|Substitute|p2a: Big delicous root
|-start|p2a: Big delicous root|Substitute
|-damage|p2a: Big delicous root|135\/363
|
|-heal|p2a: Big delicous root|164\/363|[from] Ingrain
|turn|36
|c| Rhayader|you realize lefties give you more recovery than that right
|
|move|p2a: Big delicous root|Protect|p2a: Big delicous root
|-singleturn|p2a: Big delicous root|Protect
|move|p1a: Celebi|Baton Pass|p1a: Celebi
|
|switch|p1a: Landorus|Landorus, M|320\/320
|
|-heal|p2a: Big delicous root|193\/363|[from] Ingrain
|turn|37
|c| dankmememaster666|fugg :DDDDD
|
|move|p1a: Landorus|Psychic|p2a: Big delicous root
|-end|p2a: Big delicous root|Substitute
|move|p2a: Big delicous root|Leech Seed|p1a: Landorus
|-start|p1a: Landorus|move: Leech Seed
|
|-heal|p2a: Big delicous root|222\/363|[from] Ingrain
|-damage|p1a: Landorus|280\/320|[from] Leech Seed|[of] p2a: Big delicous root
|-heal|p2a: Big delicous root|274\/363|[silent]
|turn|38
|c| Rhayader|and ogrre
|c| Meganiums Wife|you realize this is an ebin meme shitmon right?
|c| Juicy Semen|wew lad
|
|move|p2a: Big delicous root|Protect|p2a: Big delicous root
|-singleturn|p2a: Big delicous root|Protect
|move|p1a: Landorus|Psychic|p2a: Big delicous root
|-activate|p2a: Big delicous root|Protect
|
|-heal|p2a: Big delicous root|303\/363|[from] Ingrain
|-damage|p1a: Landorus|240\/320|[from] Leech Seed|[of] p2a: Big delicous root
|-heal|p2a: Big delicous root|355\/363|[silent]
|turn|39
|
|move|p1a: Landorus|Psychic|p2a: Big delicous root
|-damage|p2a: Big delicous root|0 fnt
|faint|p2a: Big delicous root
|
|c| Juicy Semen|btw you can balk :>
|c| Rhayader|dubs
|
|switch|p2a: Kekmore|Heatmor, M, shiny|311\/311
|turn|40
|c| Meganiums Wife|it's because I want to suck meganiums big lewd root really bad
|c| dankmememaster666|shone
|c| dankmememaster666|as
|c| dankmememaster666|fuck
|c| Memes XD|>psychic landorus
|
|move|p1a: Landorus|Earth Power|p2a: Kekmore
|-supereffective|p2a: Kekmore
|-damage|p2a: Kekmore|0 fnt
|faint|p2a: Kekmore
|
|win|snowballin
|raw|Ladder updating...
|raw|snowballin's rating: 1421 &rarr; <strong>1438<\/strong><br \/>(+17 for winning)
|raw|Martin Luther Meme's rating: 1376 &rarr; <strong>1358<\/strong><br \/>(-18 for losing)
|leave|Yhwach1
|leave|SerenaBestWaifu
|leave|Martin Luther Meme
|player|p2
|c| EndlessDicks|BAD
|leave|snowballin
|player|p1
|leave|Balkwater
|c| Rhayader|psychic is standard
|leave|Memes XD
|leave|flarezap
|leave|Meganiums Wife
|leave|PoogiePls
|leave|Salami Party
|leave|Juicy Semen
|leave|donkmaster
|leave|Rhayader
|join|Swytch
|leave|Numel Numel Yeah
|leave|Swytch
|leave|whensmahvel
|leave|BalletDuckNinja
|leave|RectangularBrain
|leave|FedoraCladWarrior