|join|Nanahl
|join|Q113
|player|p1|Nanahl|233
|player|p2|Q113|265
|gametype|singles
|gen|6
|tier|ORAS OU
|rated
|rule|Sleep Clause Mod: Limit one foe put to sleep
|rule|Species Clause: Limit one of each PokÃ©mon
|rule|OHKO Clause: OHKO moves are banned
|rule|Moody Clause: Moody is banned
|rule|Evasion Moves Clause: Evasion moves are banned
|rule|Endless Battle Clause: Forcing endless battles is banned
|rule|HP Percentage Mod: HP is shown in percentages
|clearpoke
|poke|p1|Scolipede, F
|poke|p1|Breloom, M
|poke|p1|Volcarona, F
|poke|p1|Landorus, M
|poke|p1|Bastiodon, M
|poke|p1|Metagross
|poke|p2|Salamence, F
|poke|p2|Latias, F
|poke|p2|Zapdos
|poke|p2|Greninja, M
|poke|p2|Kyurem-Black
|poke|p2|Ferrothorn, M
|rule|Swagger Clause: Swagger is banned
|rule|Baton Pass Clause: Limit one PokÃ©mon knowing Baton Pass
|teampreview
|
|start
|switch|p1a: Scolipede|Scolipede, F|323\/323
|switch|p2a: Salamence|Salamence, F|393\/393
|-ability|p2a: Salamence|Intimidate|[of] p1a: Scolipede
|-unboost|p1a: Scolipede|atk|1
|turn|1
|
|detailschange|p2a: Salamence|Salamence-Mega, F
|message|Salamence has Mega Evolved into Mega Salamence!
|move|p1a: Scolipede|Iron Defense|p1a: Scolipede
|-boost|p1a: Scolipede|def|2
|move|p2a: Salamence|Substitute|p2a: Salamence
|-start|p2a: Salamence|Substitute
|-damage|p2a: Salamence|295\/393
|
|-boost|p1a: Scolipede|spe|1|[from] ability: Speed Boost
|turn|2
|
|move|p1a: Scolipede|Iron Defense|p1a: Scolipede
|-boost|p1a: Scolipede|def|2
|move|p2a: Salamence|Dragon Dance|p2a: Salamence
|-boost|p2a: Salamence|atk|1
|-boost|p2a: Salamence|spe|1
|
|-boost|p1a: Scolipede|spe|1|[from] ability: Speed Boost
|turn|3
|
|move|p1a: Scolipede|Iron Defense|p1a: Scolipede
|-boost|p1a: Scolipede|def|2
|move|p2a: Salamence|Frustration|p1a: Scolipede
|-supereffective|p1a: Scolipede
|-damage|p1a: Scolipede|87\/323
|
|-boost|p1a: Scolipede|spe|1|[from] ability: Speed Boost
|turn|4
|
|move|p1a: Scolipede|Baton Pass|p1a: Scolipede
|
|switch|p1a: Metagross|Metagross|364\/364
|move|p2a: Salamence|Dragon Dance|p2a: Salamence
|-boost|p2a: Salamence|atk|1
|-boost|p2a: Salamence|spe|1
|
|turn|5
|
|detailschange|p1a: Metagross|Metagross-Mega
|message|Metagross has Mega Evolved into Mega Metagross!
|move|p2a: Salamence|Dragon Dance|p2a: Salamence
|-boost|p2a: Salamence|atk|1
|-boost|p2a: Salamence|spe|1
|move|p1a: Metagross|Hone Claws|p1a: Metagross
|-boost|p1a: Metagross|atk|1
|-boost|p1a: Metagross|accuracy|1
|
|turn|6
|
|move|p2a: Salamence|Frustration|p1a: Metagross
|-crit|p1a: Metagross
|-resisted|p1a: Metagross
|-damage|p1a: Metagross|38\/364
|move|p1a: Metagross|Meteor Mash|p2a: Salamence
|-end|p2a: Salamence|Substitute
|
|turn|7
|
|move|p1a: Metagross|Bullet Punch|p2a: Salamence
|-damage|p2a: Salamence|202\/393
|move|p2a: Salamence|Frustration|p1a: Metagross
|-resisted|p1a: Metagross
|-damage|p1a: Metagross|0 fnt
|faint|p1a: Metagross
|
|
|switch|p1a: Bastiodon|Bastiodon, M|324\/324
|-item|p1a: Bastiodon|Air Balloon
|turn|8
|
|move|p2a: Salamence|Substitute|p2a: Salamence
|-start|p2a: Salamence|Substitute
|-damage|p2a: Salamence|104\/393
|move|p1a: Bastiodon|Roar|p2a: Salamence
|drag|p2a: Greninja|Greninja, M|285\/285
|
|turn|9
|
|move|p2a: Greninja|Hydro Pump|p1a: Bastiodon|[miss]
|-start|p2a: Greninja|typechange|Water|[from] Protean
|-miss|p2a: Greninja|p1a: Bastiodon
|move|p1a: Bastiodon|Metal Burst|p2a: Greninja
|-fail|p2a: Greninja
|
|turn|10
|
|switch|p2a: Ferrothorn|Ferrothorn, M|352\/352
|move|p1a: Bastiodon|Metal Burst|p2a: Ferrothorn
|-fail|p2a: Ferrothorn
|
|turn|11
|
|switch|p1a: Scolipede|Scolipede, F|87\/323
|move|p2a: Ferrothorn|Stealth Rock|p1a: Scolipede
|-sidestart|p1: Nanahl|move: Stealth Rock
|
|turn|12
|
|move|p1a: Scolipede|Substitute|p1a: Scolipede
|-start|p1a: Scolipede|Substitute
|-damage|p1a: Scolipede|7\/323
|move|p2a: Ferrothorn|Gyro Ball|p1a: Scolipede
|-end|p1a: Scolipede|Substitute
|
|-boost|p1a: Scolipede|spe|1|[from] ability: Speed Boost
|turn|13
|
|move|p1a: Scolipede|Protect|p1a: Scolipede
|-singleturn|p1a: Scolipede|Protect
|move|p2a: Ferrothorn|Gyro Ball|p1a: Scolipede
|-activate|p1a: Scolipede|Protect
|
|-boost|p1a: Scolipede|spe|1|[from] ability: Speed Boost
|turn|14
|
|move|p1a: Scolipede|Baton Pass|p1a: Scolipede
|
|switch|p1a: Breloom|Breloom, M|324\/324
|-damage|p1a: Breloom|304\/324|[from] Stealth Rock
|move|p2a: Ferrothorn|Spikes|p1a: Breloom
|-sidestart|p1: Nanahl|Spikes
|
|-status|p1a: Breloom|tox|[from] item: Toxic Orb
|turn|15
|
|move|p1a: Breloom|Substitute|p1a: Breloom
|-start|p1a: Breloom|Substitute
|-damage|p1a: Breloom|223\/324 tox
|move|p2a: Ferrothorn|Spikes|p1a: Breloom
|-sidestart|p1: Nanahl|Spikes
|
|-heal|p1a: Breloom|263\/324 tox|[from] ability: Poison Heal
|turn|16
|
|-singleturn|p1a: Breloom|move: Focus Punch
|move|p2a: Ferrothorn|Gyro Ball|p1a: Breloom
|-end|p1a: Breloom|Substitute
|move|p1a: Breloom|Focus Punch|p2a: Ferrothorn
|-supereffective|p2a: Ferrothorn
|-damage|p2a: Ferrothorn|0 fnt
|-damage|p1a: Breloom|223\/324 tox|[from] ability: Iron Barbs|[of] p2a: Ferrothorn
|faint|p2a: Ferrothorn
|
|-heal|p1a: Breloom|263\/324 tox|[from] ability: Poison Heal
|
|switch|p2a: Latias|Latias, F|302\/302
|turn|17
|
|switch|p2a: Zapdos|Zapdos|384\/384
|-ability|p2a: Zapdos|Pressure
|move|p1a: Breloom|Spore|p2a: Zapdos
|-status|p2a: Zapdos|slp
|
|-heal|p1a: Breloom|303\/324 tox|[from] ability: Poison Heal
|turn|18
|
|switch|p2a: Latias|Latias, F|302\/302
|move|p1a: Breloom|Substitute|p1a: Breloom
|-start|p1a: Breloom|Substitute
|-damage|p1a: Breloom|222\/324 tox
|
|-heal|p1a: Breloom|262\/324 tox|[from] ability: Poison Heal
|turn|19
|
|-singleturn|p1a: Breloom|move: Focus Punch
|move|p2a: Latias|Psyshock|p1a: Breloom
|-supereffective|p1a: Breloom
|-end|p1a: Breloom|Substitute
|-damage|p2a: Latias|272\/302|[from] item: Life Orb
|move|p1a: Breloom|Focus Punch|p2a: Latias
|-resisted|p2a: Latias
|-damage|p2a: Latias|132\/302
|
|-heal|p1a: Breloom|302\/324 tox|[from] ability: Poison Heal
|turn|20
|
|move|p1a: Breloom|Substitute|p1a: Breloom
|-start|p1a: Breloom|Substitute
|-damage|p1a: Breloom|221\/324 tox
|move|p2a: Latias|Psyshock|p1a: Breloom
|-crit|p1a: Breloom
|-supereffective|p1a: Breloom
|-end|p1a: Breloom|Substitute
|-damage|p2a: Latias|102\/302|[from] item: Life Orb
|
|-heal|p1a: Breloom|261\/324 tox|[from] ability: Poison Heal
|turn|21
|
|switch|p2a: Zapdos|Zapdos|384\/384 slp
|-ability|p2a: Zapdos|Pressure
|move|p1a: Breloom|Substitute|p1a: Breloom
|-start|p1a: Breloom|Substitute
|-damage|p1a: Breloom|180\/324 tox
|
|-heal|p1a: Breloom|220\/324 tox|[from] ability: Poison Heal
|turn|22
|
|-singleturn|p1a: Breloom|move: Focus Punch
|cant|p2a: Zapdos|slp
|move|p1a: Breloom|Focus Punch|p2a: Zapdos
|-resisted|p2a: Zapdos
|-damage|p2a: Zapdos|285\/384 slp
|
|-heal|p2a: Zapdos|309\/384 slp|[from] item: Leftovers
|-heal|p1a: Breloom|260\/324 tox|[from] ability: Poison Heal
|turn|23
|
|-singleturn|p1a: Breloom|move: Focus Punch
|cant|p2a: Zapdos|slp
|move|p1a: Breloom|Focus Punch|p2a: Zapdos
|-resisted|p2a: Zapdos
|-damage|p2a: Zapdos|211\/384 slp
|
|-heal|p2a: Zapdos|235\/384 slp|[from] item: Leftovers
|-heal|p1a: Breloom|300\/324 tox|[from] ability: Poison Heal
|turn|24
|
|-singleturn|p1a: Breloom|move: Focus Punch
|cant|p2a: Zapdos|slp
|move|p1a: Breloom|Focus Punch|p2a: Zapdos
|-resisted|p2a: Zapdos
|-damage|p2a: Zapdos|133\/384 slp
|
|-heal|p2a: Zapdos|157\/384 slp|[from] item: Leftovers
|-heal|p1a: Breloom|324\/324 tox|[from] ability: Poison Heal
|turn|25
|
|-singleturn|p1a: Breloom|move: Focus Punch
|-curestatus|p2a: Zapdos|slp
|move|p2a: Zapdos|Roost|p2a: Zapdos
|-heal|p2a: Zapdos|349\/384
|move|p1a: Breloom|Focus Punch|p2a: Zapdos
|-damage|p2a: Zapdos|153\/384
|
|-heal|p2a: Zapdos|177\/384|[from] item: Leftovers
|turn|26
|
|move|p1a: Breloom|Spore|p2a: Zapdos
|-status|p2a: Zapdos|slp
|cant|p2a: Zapdos|slp
|
|-heal|p2a: Zapdos|201\/384 slp|[from] item: Leftovers
|turn|27
|
|-singleturn|p1a: Breloom|move: Focus Punch
|cant|p2a: Zapdos|slp
|move|p1a: Breloom|Focus Punch|p2a: Zapdos
|-crit|p2a: Zapdos
|-resisted|p2a: Zapdos
|-damage|p2a: Zapdos|35\/384 slp
|
|-heal|p2a: Zapdos|59\/384 slp|[from] item: Leftovers
|turn|28
|
|-singleturn|p1a: Breloom|move: Focus Punch
|cant|p2a: Zapdos|slp
|move|p1a: Breloom|Focus Punch|p2a: Zapdos
|-resisted|p2a: Zapdos
|-damage|p2a: Zapdos|0 fnt
|faint|p2a: Zapdos
|
|
|switch|p2a: Latias|Latias, F|102\/302
|turn|29
|
|switch|p2a: Kyurem-Black|Kyurem-Black|428\/428
|-ability|p2a: Kyurem-Black|Teravolt
|move|p1a: Breloom|Spore|p2a: Kyurem-Black
|-status|p2a: Kyurem-Black|slp
|
|turn|30
|
|-singleturn|p1a: Breloom|move: Focus Punch
|switch|p2a: Greninja|Greninja, M|285\/285
|move|p1a: Breloom|Focus Punch|p2a: Greninja
|-supereffective|p2a: Greninja
|-damage|p2a: Greninja|0 fnt
|faint|p2a: Greninja
|
|
|switch|p2a: Latias|Latias, F|102\/302
|turn|31
|
|move|p1a: Breloom|Seed Bomb|p2a: Latias
|-resisted|p2a: Latias
|-damage|p2a: Latias|25\/302
|move|p2a: Latias|Healing Wish|p2a: Latias
|faint|p2a: Latias
|
|
|switch|p2a: Salamence|Salamence-Mega, F|104\/393
|-heal|p2a: Salamence|393\/393|[from] move: Healing Wish
|turn|32
|
|-singleturn|p1a: Breloom|move: Focus Punch
|move|p2a: Salamence|Substitute|p2a: Salamence
|-start|p2a: Salamence|Substitute
|-damage|p2a: Salamence|295\/393
|move|p1a: Breloom|Focus Punch|p2a: Salamence
|-resisted|p2a: Salamence
|-end|p2a: Salamence|Substitute
|
|turn|33
|
|-singleturn|p1a: Breloom|move: Focus Punch
|move|p2a: Salamence|Substitute|p2a: Salamence
|-start|p2a: Salamence|Substitute
|-damage|p2a: Salamence|197\/393
|move|p1a: Breloom|Focus Punch|p2a: Salamence
|-resisted|p2a: Salamence
|-end|p2a: Salamence|Substitute
|
|turn|34
|
|-singleturn|p1a: Breloom|move: Focus Punch
|move|p2a: Salamence|Roost|p2a: Salamence
|-heal|p2a: Salamence|393\/393
|move|p1a: Breloom|Focus Punch|p2a: Salamence
|-damage|p2a: Salamence|162\/393
|
|turn|35
|
|-singleturn|p1a: Breloom|move: Focus Punch
|move|p2a: Salamence|Roost|p2a: Salamence
|-heal|p2a: Salamence|359\/393
|move|p1a: Breloom|Focus Punch|p2a: Salamence
|-damage|p2a: Salamence|152\/393
|
|turn|36
|
|-singleturn|p1a: Breloom|move: Focus Punch
|move|p2a: Salamence|Roost|p2a: Salamence
|-heal|p2a: Salamence|349\/393
|move|p1a: Breloom|Focus Punch|p2a: Salamence
|-damage|p2a: Salamence|144\/393
|
|turn|37
|
|-singleturn|p1a: Breloom|move: Focus Punch
|move|p2a: Salamence|Roost|p2a: Salamence
|-heal|p2a: Salamence|341\/393
|move|p1a: Breloom|Focus Punch|p2a: Salamence
|-damage|p2a: Salamence|136\/393
|
|turn|38
|
|-singleturn|p1a: Breloom|move: Focus Punch
|move|p2a: Salamence|Roost|p2a: Salamence
|-heal|p2a: Salamence|333\/393
|move|p1a: Breloom|Focus Punch|p2a: Salamence
|-damage|p2a: Salamence|135\/393
|
|turn|39
|
|-singleturn|p1a: Breloom|move: Focus Punch
|move|p2a: Salamence|Roost|p2a: Salamence
|-heal|p2a: Salamence|332\/393
|move|p1a: Breloom|Focus Punch|p2a: Salamence
|-damage|p2a: Salamence|109\/393
|
|turn|40
|
|-singleturn|p1a: Breloom|move: Focus Punch
|move|p2a: Salamence|Roost|p2a: Salamence
|-heal|p2a: Salamence|306\/393
|move|p1a: Breloom|Focus Punch|p2a: Salamence
|-damage|p2a: Salamence|90\/393
|
|turn|41
|
|-singleturn|p1a: Breloom|move: Focus Punch
|move|p2a: Salamence|Roost|p2a: Salamence
|-heal|p2a: Salamence|287\/393
|move|p1a: Breloom|Focus Punch|p2a: Salamence
|-damage|p2a: Salamence|73\/393
|
|turn|42
|
|-singleturn|p1a: Breloom|move: Focus Punch
|move|p2a: Salamence|Roost|p2a: Salamence
|-heal|p2a: Salamence|270\/393
|move|p1a: Breloom|Focus Punch|p2a: Salamence
|-damage|p2a: Salamence|59\/393
|
|turn|43
|
|-singleturn|p1a: Breloom|move: Focus Punch
|move|p2a: Salamence|Roost|p2a: Salamence
|-heal|p2a: Salamence|256\/393
|move|p1a: Breloom|Focus Punch|p2a: Salamence
|-damage|p2a: Salamence|45\/393
|
|turn|44
|
|move|p1a: Breloom|Seed Bomb|p2a: Salamence
|-resisted|p2a: Salamence
|-damage|p2a: Salamence|16\/393
|move|p2a: Salamence|Roost|p2a: Salamence
|-heal|p2a: Salamence|213\/393
|
|turn|45
|
|-singleturn|p1a: Breloom|move: Focus Punch
|move|p2a: Salamence|Substitute|p2a: Salamence
|-start|p2a: Salamence|Substitute
|-damage|p2a: Salamence|115\/393
|move|p1a: Breloom|Focus Punch|p2a: Salamence
|-resisted|p2a: Salamence
|-activate|p2a: Salamence|Substitute|[damage]
|
|turn|46
|
|-singleturn|p1a: Breloom|move: Focus Punch
|move|p2a: Salamence|Roost|p2a: Salamence
|-heal|p2a: Salamence|312\/393
|move|p1a: Breloom|Focus Punch|p2a: Salamence
|-end|p2a: Salamence|Substitute
|
|turn|47
|
|-singleturn|p1a: Breloom|move: Focus Punch
|move|p2a: Salamence|Substitute|p2a: Salamence
|-start|p2a: Salamence|Substitute
|-damage|p2a: Salamence|214\/393
|move|p1a: Breloom|Focus Punch|p2a: Salamence
|-resisted|p2a: Salamence
|-end|p2a: Salamence|Substitute
|
|turn|48
|
|-singleturn|p1a: Breloom|move: Focus Punch
|move|p2a: Salamence|Substitute|p2a: Salamence
|-start|p2a: Salamence|Substitute
|-damage|p2a: Salamence|116\/393
|move|p1a: Breloom|Focus Punch|p2a: Salamence
|-resisted|p2a: Salamence
|-end|p2a: Salamence|Substitute
|
|turn|49
|
|-singleturn|p1a: Breloom|move: Focus Punch
|move|p2a: Salamence|Roost|p2a: Salamence
|-heal|p2a: Salamence|313\/393
|move|p1a: Breloom|Focus Punch|p2a: Salamence
|-damage|p2a: Salamence|94\/393
|
|turn|50
|
|switch|p1a: Bastiodon|Bastiodon, M|324\/324
|-damage|p1a: Bastiodon|304\/324|[from] Stealth Rock
|-item|p1a: Bastiodon|Air Balloon
|move|p2a: Salamence|Roost|p2a: Salamence
|-heal|p2a: Salamence|291\/393
|
|turn|51
|
|move|p2a: Salamence|Substitute|p2a: Salamence
|-start|p2a: Salamence|Substitute
|-damage|p2a: Salamence|193\/393
|move|p1a: Bastiodon|Roar|p2a: Salamence
|drag|p2a: Kyurem-Black|Kyurem-Black|428\/428 slp
|-ability|p2a: Kyurem-Black|Teravolt
|
|turn|52
|
|switch|p1a: Scolipede|Scolipede, F|7\/323
|-damage|p1a: Scolipede|0 fnt|[from] Stealth Rock
|faint|p1a: Scolipede
|cant|p2a: Kyurem-Black|slp
|
|
|switch|p1a: Landorus|Landorus, M|319\/319
|-damage|p1a: Landorus|280\/319|[from] Stealth Rock
|turn|53
|
|move|p1a: Landorus|Sludge Wave|p2a: Kyurem-Black
|-damage|p2a: Kyurem-Black|308\/428 slp
|cant|p2a: Kyurem-Black|slp
|
|turn|54
|
|move|p1a: Landorus|Earth Power|p2a: Kyurem-Black
|-damage|p2a: Kyurem-Black|135\/428 slp
|-curestatus|p2a: Kyurem-Black|slp
|move|p2a: Kyurem-Black|Outrage|p1a: Landorus
|-damage|p1a: Landorus|0 fnt
|faint|p1a: Landorus
|
|
|switch|p1a: Bastiodon|Bastiodon, M|304\/324
|-damage|p1a: Bastiodon|284\/324|[from] Stealth Rock
|-item|p1a: Bastiodon|Air Balloon
|turn|55
|
|move|p2a: Kyurem-Black|Outrage|p1a: Bastiodon
|-resisted|p1a: Bastiodon
|-damage|p1a: Bastiodon|188\/324
|-enditem|p1a: Bastiodon|Air Balloon
|move|p1a: Bastiodon|Counter|p2a: Kyurem-Black
|-damage|p2a: Kyurem-Black|0 fnt
|faint|p2a: Kyurem-Black
|
|
|switch|p2a: Salamence|Salamence-Mega, F|193\/393
|turn|56
|
|switch|p1a: Volcarona|Volcarona, F|312\/312
|-damage|p1a: Volcarona|260\/312|[from] Spikes
|-damage|p1a: Volcarona|104\/312|[from] Stealth Rock
|-enditem|p1a: Volcarona|Sitrus Berry|[eat]
|-heal|p1a: Volcarona|182\/312|[from] item: Sitrus Berry
|move|p2a: Salamence|Substitute|p2a: Salamence
|-start|p2a: Salamence|Substitute
|-damage|p2a: Salamence|95\/393
|
|turn|57
|
|move|p1a: Volcarona|Bug Buzz|p2a: Salamence
|-resisted|p2a: Salamence
|-damage|p2a: Salamence|7\/393
|move|p2a: Salamence|Frustration|p1a: Volcarona
|-supereffective|p1a: Volcarona
|-damage|p1a: Volcarona|0 fnt
|-status|p2a: Salamence|brn
|faint|p1a: Volcarona
|
|-damage|p2a: Salamence|0 fnt|[from] brn
|faint|p2a: Salamence
|
|win|Nanahl
|raw|Ladder updating...
|raw|Nanahl's rating: 1222 &rarr; <strong>1244<\/strong><br \/>(+22 for winning)
|raw|Q113's rating: 1177 &rarr; <strong>1155<\/strong><br \/>(-22 for losing)