|join|Wruce Bayne
|join|SEXY GAMER DOG
|player|p1|Wruce Bayne|161
|player|p2|SEXY GAMER DOG|275
|gametype|singles
|gen|6
|tier|ORAS OU
|rule|Sleep Clause Mod: Limit one foe put to sleep
|rule|Species Clause: Limit one of each PokÃ©mon
|rule|OHKO Clause: OHKO moves are banned
|rule|Moody Clause: Moody is banned
|rule|Evasion Moves Clause: Evasion moves are banned
|rule|Endless Battle Clause: Forcing endless battles is banned
|rule|HP Percentage Mod: HP is shown in percentages
|clearpoke
|poke|p1|Noivern, M, shiny
|poke|p1|Dugtrio, M, shiny
|poke|p1|Scizor, M
|poke|p1|Magneton
|poke|p1|Starmie, shiny
|poke|p1|Latias, F, shiny
|poke|p2|Skarmory, F
|poke|p2|Chansey, F
|poke|p2|Charizard, M
|poke|p2|Amoonguss, F
|poke|p2|Quagsire, M
|poke|p2|Gothitelle, F
|rule|Swagger Clause: Swagger is banned
|rule|Baton Pass Clause: Limit one PokÃ©mon knowing Baton Pass
|teampreview
|join|chechmate
|join|irl cat
|join|JustTheFx
|join|RedKingAlmighty
|join|Dallas VR Testing
|join|igotboredsoscrewit
|join|AcceleratorGod
|c| RedKingAlmighty|oh its wruce
|join|kheee
|join|belgrade
|c|âSEXY GAMER DOG|oh it's sexy gamer dog
|c| irl cat|why magneton so popular
|c|âSEXY GAMER DOG|^
|c| AcceleratorGod|lol
|c| igotboredsoscrewit|because greninja.
|join|lce Kyub
|c| RedKingAlmighty|^
|c| chechmate|>41% seismic toss
|join|h@lloween
|join|fireblaster1357
|c|âWruce Bayne|and jolly flame
|join|Alldaalts
|join|Megamanfan
|c| RedKingAlmighty|that exists -_-
|
|start
|switch|p1a: Scizor|Scizor, M|281\/281
|switch|p2a: Gothitelletubby|Gothitelle, F|344\/344
|turn|1
|join|WildcatForever
|c| RedKingAlmighty|tflame needs all the attack it can get.
|c| fireblaster1357|for gren yes
|leave|Megamanfan
|c| lce Kyub|fuck greninja
|c| igotboredsoscrewit|jolly flame started to exist because scarf zone, i think
|leave|Dallas VR Testing
|
|move|p1a: Scizor|Pursuit|p2a: Gothitelletubby|[from]Pursuit
|-supereffective|p2a: Gothitelletubby
|-damage|p2a: Gothitelletubby|46\/344
|switch|p2a: Manzard|Charizard, M|323\/323
|
|turn|2
|join|loserbaby
|c| irl cat|well rip
|c| irl cat|oh wait goth lived
|
|switch|p1a: Noivern|Noivern, M, shiny|311\/311
|detailschange|p2a: Manzard|Charizard-Mega-Y, M
|message|Charizard has Mega Evolved into Mega Charizard!
|-weather|SunnyDay
|move|p2a: Manzard|Flamethrower|p1a: Noivern
|-resisted|p1a: Noivern
|-damage|p1a: Noivern|117\/311
|
|-weather|SunnyDay|[upkeep]
|turn|3
|c| RedKingAlmighty|it can't trap as well tho
|
|switch|p2a: Unlucky Egg|Chansey, F|703\/703
|move|p1a: Noivern|U-turn|p2a: Unlucky Egg
|-damage|p2a: Unlucky Egg|649\/703
|
|switch|p1a: Scizor|Scizor, M|281\/281
|
|-weather|SunnyDay|[upkeep]
|turn|4
|
|switch|p2a: Swagsire|Quagsire, M|394\/394
|move|p1a: Scizor|U-turn|p2a: Swagsire
|-damage|p2a: Swagsire|222\/394
|join|Gabrielq
|c| lce Kyub|unfortunately
|
|switch|p1a: Starmie|Starmie, shiny|261\/261
|
|-weather|SunnyDay|[upkeep]
|-heal|p2a: Swagsire|246\/394|[from] item: Leftovers
|turn|5
|join|7ibtnuad
|
|switch|p1a: Noivern|Noivern, M, shiny|117\/311
|switch|p2a: Unlucky Egg|Chansey, F|649\/703
|
|-weather|SunnyDay|[upkeep]
|turn|6
|
|move|p1a: Noivern|Switcheroo|p2a: Unlucky Egg
|-activate|p1a: Noivern|move: Trick|[of] p2a: Unlucky Egg
|-item|p2a: Unlucky Egg|Choice Specs|[from] Trick
|-item|p1a: Noivern|Eviolite|[from] Trick
|move|p2a: Unlucky Egg|Seismic Toss|p1a: Noivern
|-damage|p1a: Noivern|17\/311
|
|-weather|none
|turn|7
|c| RedKingAlmighty|interesting.
|
|move|p1a: Noivern|U-turn|p2a: Unlucky Egg
|-damage|p2a: Unlucky Egg|577\/703
|c| lce Kyub|rekt
|c| RedKingAlmighty|eviolite noivern
|
|switch|p1a: Dugtrio|Dugtrio, M, shiny|211\/211
|move|p2a: Unlucky Egg|Seismic Toss|p1a: Dugtrio
|-damage|p1a: Dugtrio|111\/211
|
|turn|8
|c|âSEXY GAMER DOG|i like this team
|c| RedKingAlmighty|huh?
|
|move|p1a: Dugtrio|Stealth Rock|p2a: Unlucky Egg
|-sidestart|p2: SEXY GAMER DOG|move: Stealth Rock
|move|p2a: Unlucky Egg|Seismic Toss|p1a: Dugtrio
|-damage|p1a: Dugtrio|11\/211
|
|turn|9
|c|âSEXY GAMER DOG|baynes team
|
|move|p1a: Dugtrio|Reversal|p2a: Unlucky Egg
|-supereffective|p2a: Unlucky Egg
|-damage|p2a: Unlucky Egg|109\/703
|move|p2a: Unlucky Egg|Seismic Toss|p1a: Dugtrio
|-damage|p1a: Dugtrio|0 fnt
|faint|p1a: Dugtrio
|
|c| RedKingAlmighty|why trash dugtrio?
|
|switch|p1a: Scizor|Scizor, M|281\/281
|turn|10
|c| RedKingAlmighty|sorry not at u SGD
|
|move|p1a: Scizor|U-turn|p2a: Unlucky Egg
|-damage|p2a: Unlucky Egg|0 fnt
|faint|p2a: Unlucky Egg
|
|switch|p1a: Starmie|Starmie, shiny|261\/261
|
|
|switch|p2a: Gothitelletubby|Gothitelle, F|46\/344
|-damage|p2a: Gothitelletubby|3\/344|[from] Stealth Rock
|turn|11
|join|LT6A shartruce2
|
|move|p1a: Starmie|Ice Beam|p2a: Gothitelletubby
|-damage|p2a: Gothitelletubby|0 fnt
|-damage|p1a: Starmie|235\/261|[from] item: Life Orb
|faint|p2a: Gothitelletubby
|
|c| lce Kyub|it seems to keep momentum pretty well tbh
|
|switch|p2a: Metal Head|Skarmory, F|334\/334
|-damage|p2a: Metal Head|293\/334|[from] Stealth Rock
|turn|12
|c| RedKingAlmighty|yeah i guess
|
|move|p1a: Starmie|Hydro Pump|p2a: Metal Head
|-damage|p2a: Metal Head|23\/334
|-damage|p1a: Starmie|209\/261|[from] item: Life Orb
|move|p2a: Metal Head|Defog|p1a: Starmie
|-unboost|p1a: Starmie|evasion|1
|-sideend|p2: SEXY GAMER DOG|Stealth Rock|[from] move: Defog|[of] p2a: Metal Head
|
|-heal|p2a: Metal Head|43\/334|[from] item: Leftovers
|turn|13
|c| RedKingAlmighty|tbolt that bitch if real.
|c| RedKingAlmighty|ah
|
|move|p1a: Starmie|Ice Beam|p2a: Metal Head
|-damage|p2a: Metal Head|0 fnt
|-damage|p1a: Starmie|183\/261|[from] item: Life Orb
|faint|p2a: Metal Head
|
|
|switch|p2a: Manzard|Charizard-Mega-Y, M|323\/323
|-weather|SunnyDay
|turn|14
|c| lce Kyub|trapping for rocks doesnt sound like a bad idea either
|c| RedKingAlmighty|latias wins
|c| RedKingAlmighty|its over.
|c|âSEXY GAMER DOG|cry
|c|âSEXY GAMER DOG|love ur team
|c| RedKingAlmighty|yeah i see your point ice
|
|move|p1a: Starmie|Psyshock|p2a: Manzard
|-damage|p2a: Manzard|140\/323
|-damage|p1a: Starmie|157\/261|[from] item: Life Orb
|move|p2a: Manzard|Solar Beam|p1a: Starmie|[still]
|-prepare|p2a: Manzard|Solar Beam|p1a: Starmie
|-anim|p2a: Manzard|Solar Beam|p1a: Starmie
|-supereffective|p1a: Starmie
|-damage|p1a: Starmie|0 fnt
|faint|p1a: Starmie
|
|-weather|SunnyDay|[upkeep]
|c| fireblaster1357|mega latias?
|c|âSEXY GAMER DOG|!dt mega latias
|c|~|\/data-pokemon Latias-Mega
|raw|<font size="1"><font color=#585858>Dex#:<\/font> 380&nbsp;|&ThickSpace;<font color=#585858>Height:<\/font> 1.8 m&nbsp;|&ThickSpace;<font color=#585858>Weight:<\/font> 52 kg <em>(80 BP)<\/em>&nbsp;|&ThickSpace;<font color=#585858>Dex Colour:<\/font> Red&nbsp;|&ThickSpace;<font color=#585858>Egg Group(s):<\/font> Undiscovered&nbsp;|&ThickSpace;<font color=#585858><font color=#585858>Does Not Evolve<\/font><\/font><\/font>
|c| RedKingAlmighty|probably.
|
|switch|p1a: Noivern|Noivern, M, shiny|17\/311
|turn|15
|c| RedKingAlmighty|i think its banned maybe?
|join|Airfoil
|join|Chuani
|c| lce Kyub|mega latias looks too much like mega latios
|c| fireblaster1357|ahh could be
|c| fireblaster1357|same color
|c| fireblaster1357|so...
|
|switch|p2a: Grasshole|Amoonguss, F|432\/432
|move|p1a: Noivern|Draco Meteor|p2a: Grasshole
|-damage|p2a: Grasshole|266\/432
|-unboost|p1a: Noivern|spa|2
|
|-weather|SunnyDay|[upkeep]
|-heal|p2a: Grasshole|293\/432|[from] item: Black Sludge
|turn|16
|c| RedKingAlmighty|hurrrrricane
|join|Zezima
|c| RedKingAlmighty|risk it.
|leave|Chuani
|c| lce Kyub|HEAR I AM
|
|move|p1a: Noivern|U-turn|p2a: Grasshole
|-damage|p2a: Grasshole|244\/432
|
|switch|p1a: Magneton|Magneton|241\/241
|move|p2a: Grasshole|Spore|p1a: Magneton
|-status|p1a: Magneton|slp
|
|-weather|SunnyDay|[upkeep]
|-heal|p2a: Grasshole|271\/432|[from] item: Black Sludge
|turn|17
|c| RedKingAlmighty|?
|c| lce Kyub|ROCK ME LIKE A HURRICANE
|c| RedKingAlmighty|lmao
|join|Dread Arceus
|c| Zezima|no shiny magneton df?
|
|switch|p1a: Scizor|Scizor, M|281\/281
|switch|p2a: Manzard|Charizard-Mega-Y, M|140\/323
|
|-weather|SunnyDay|[upkeep]
|turn|18
|
|switch|p1a: Latias|Latias, F, shiny|363\/363
|move|p2a: Manzard|Roost|p2a: Manzard
|-heal|p2a: Manzard|302\/323
|
|-weather|none
|turn|19
|c| RedKingAlmighty|why is shiny required?
|leave|Dread Arceus
|
|detailschange|p1a: Latias|Latias-Mega, F, shiny
|message|Latias has Mega Evolved into Mega Latias!
|move|p1a: Latias|Dragon Pulse|p2a: Manzard
|-damage|p2a: Manzard|178\/323
|move|p2a: Manzard|Roost|p2a: Manzard
|-heal|p2a: Manzard|323\/323
|
|turn|20
|c| Zezima|it looks epic
|c| lce Kyub|cause shiny makes magneton better imo
|c| RedKingAlmighty|he ice have you watched SAO?
|
|move|p1a: Latias|Calm Mind|p1a: Latias
|-boost|p1a: Latias|spa|1
|-boost|p1a: Latias|spd|1
|move|p2a: Manzard|Flamethrower|p1a: Latias
|-resisted|p1a: Latias
|-damage|p1a: Latias|316\/363
|
|turn|21
|join|jnuhuisd
|c|âSEXY GAMER DOG|i still got this guys
|c| lce Kyub|ofc red
|join|Aron For Ubers
|
|switch|p2a: Swagsire|Quagsire, M|246\/394
|move|p1a: Latias|Dragon Pulse|p2a: Swagsire
|-damage|p2a: Swagsire|51\/394
|
|-heal|p2a: Swagsire|75\/394|[from] item: Leftovers
|turn|22
|c| igotboredsoscrewit|i forgot that was a mega
|c| RedKingAlmighty|i took the advice of a friend and watched 1-15, then 25
|c| lce Kyub|well not the most recent season  but im waiting for it to finish first
|join|andrew_hein
|
|move|p1a: Latias|Dragon Pulse|p2a: Swagsire
|-damage|p2a: Swagsire|0 fnt
|faint|p2a: Swagsire
|
|
|switch|p2a: Grasshole|Amoonguss, F|415\/432
|turn|23
|c| lce Kyub|good friend
|
|move|p1a: Latias|Calm Mind|p1a: Latias
|-boost|p1a: Latias|spa|1
|-boost|p1a: Latias|spd|1
|move|p2a: Grasshole|Clear Smog|p1a: Latias
|-damage|p1a: Latias|298\/363
|-clearboost|p1a: Latias
|
|-heal|p2a: Grasshole|432\/432|[from] item: Black Sludge
|turn|24
|c| RedKingAlmighty|ik
|c| RedKingAlmighty|missed the second ark completely.
|
|switch|p2a: Manzard|Charizard-Mega-Y, M|323\/323
|-weather|SunnyDay
|move|p1a: Latias|Calm Mind|p1a: Latias
|-boost|p1a: Latias|spa|1
|-boost|p1a: Latias|spd|1
|
|-weather|SunnyDay|[upkeep]
|turn|25
|c| fireblaster1357|ggs?
|
|switch|p2a: Grasshole|Amoonguss, F|432\/432
|move|p1a: Latias|Calm Mind|p1a: Latias
|-boost|p1a: Latias|spa|1
|-boost|p1a: Latias|spd|1
|
|-weather|SunnyDay|[upkeep]
|turn|26
|c| RedKingAlmighty|its been ggs for awhile
|
|move|p1a: Latias|Psyshock|p2a: Grasshole
|-supereffective|p2a: Grasshole
|-damage|p2a: Grasshole|0 fnt
|faint|p2a: Grasshole
|
|-weather|SunnyDay|[upkeep]
|
|switch|p2a: Manzard|Charizard-Mega-Y, M|323\/323
|turn|27
|c| RedKingAlmighty|ggs.
|c| fireblaster1357|yep
|
|move|p1a: Latias|Psyshock|p2a: Manzard
|-damage|p2a: Manzard|26\/323
|move|p2a: Manzard|Flamethrower|p1a: Latias
|-resisted|p1a: Latias
|-damage|p1a: Latias|242\/363
|-status|p1a: Latias|brn
|
|-weather|SunnyDay|[upkeep]
|-damage|p1a: Latias|197\/363 brn|[from] brn
|turn|28
|c|âWruce Bayne|ggggg
|c| lce Kyub|well alfhiem wasnt **horrible** just not as good as first season and sorta pisses you off
|c|âSEXY GAMER DOG|gg nice team bayne
|c| RedKingAlmighty|yeah
|
|move|p1a: Latias|Psyshock|p2a: Manzard
|-damage|p2a: Manzard|0 fnt
|faint|p2a: Manzard
|
|win|Wruce Bayne
|c| RedKingAlmighty|it was horrible
|c|âWruce Bayne|ggg ty
|leave|Airfoil
|leave|SEXY GAMER DOG
|player|p2