|join|jbtc10
|join|SEXY GAMER DOG
|player|p1|jbtc10|125
|player|p2|SEXY GAMER DOG|169
|gametype|singles
|gen|6
|tier|OU
|rated
|clearpoke
|poke|p1|Excadrill, M
|poke|p1|Entei, shiny
|poke|p1|Sableye, M
|poke|p1|Clefable, M
|poke|p1|Alomomola, F
|poke|p1|Diggersby, F
|poke|p2|Sableye, F
|poke|p2|Cresselia, F
|poke|p2|Chansey, F
|poke|p2|Skarmory, F
|poke|p2|Quagsire, M
|poke|p2|Gothitelle, M
|rule|Swagger Clause: Swagger is banned
|rule|Baton Pass Clause: Limit one PokÃ©mon knowing Baton Pass
|rule|Sleep Clause Mod: Limit one foe put to sleep
|rule|Species Clause: Limit one of each PokÃ©mon
|rule|OHKO Clause: OHKO moves are banned
|rule|Moody Clause: Moody is banned
|rule|Evasion Moves Clause: Evasion moves are banned
|rule|Endless Battle Clause: Forcing endless battles is banned
|rule|HP Percentage Mod: HP is shown in percentages
|teampreview
|join|Super Mario Bros
|
|start
|switch|p1a: Sableye|Sableye, M|304\/304
|switch|p2a: LE GEM XD XD|Sableye, F|304\/304
|turn|1
|join|asdfCookie
|
|detailschange|p1a: Sableye|Sableye-Mega, M
|-mega|p1a: Sableye|Sableye|Sablenite
|detailschange|p2a: LE GEM XD XD|Sableye-Mega, F
|-mega|p2a: LE GEM XD XD|Sableye|Sablenite
|move|p2a: LE GEM XD XD|Calm Mind|p2a: LE GEM XD XD
|-boost|p2a: LE GEM XD XD|spa|1
|-boost|p2a: LE GEM XD XD|spd|1
|move|p1a: Sableye|Foul Play|p2a: LE GEM XD XD
|-crit|p2a: LE GEM XD XD
|-damage|p2a: LE GEM XD XD|235\/304
|
|turn|2
|
|switch|p1a: Clefable|Clefable, M|394\/394
|move|p2a: LE GEM XD XD|Recover|p2a: LE GEM XD XD
|-heal|p2a: LE GEM XD XD|304\/304
|
|turn|3
|
|switch|p2a: Gothitelletubby|Gothitelle, M|344\/344
|move|p1a: Clefable|Calm Mind|p1a: Clefable
|-boost|p1a: Clefable|spa|1
|-boost|p1a: Clefable|spd|1
|
|turn|4
|
|move|p2a: Gothitelletubby|Trick|p1a: Clefable
|-activate|p2a: Gothitelletubby|move: Trick|[of] p1a: Clefable
|-item|p1a: Clefable|Choice Scarf|[from] move: Trick
|-item|p2a: Gothitelletubby|Leftovers|[from] move: Trick
|move|p1a: Clefable|Moonblast|p2a: Gothitelletubby
|-damage|p2a: Gothitelletubby|196\/344
|
|-heal|p2a: Gothitelletubby|217\/344|[from] item: Leftovers
|turn|5
|
|move|p1a: Clefable|Moonblast|p2a: Gothitelletubby
|-damage|p2a: Gothitelletubby|76\/344
|move|p2a: Gothitelletubby|Rest|p2a: Gothitelletubby
|-status|p2a: Gothitelletubby|slp
|-heal|p2a: Gothitelletubby|344\/344 slp|[silent]
|-status|p2a: Gothitelletubby|slp|[from] move: Rest
|
|turn|6
|
|switch|p2a: Queen of Twerk|Chansey, F|704\/704
|move|p1a: Clefable|Moonblast|p2a: Queen of Twerk
|-damage|p2a: Queen of Twerk|599\/704
|-unboost|p2a: Queen of Twerk|spa|1
|
|turn|7
|
|switch|p1a: Excadrill|Excadrill, M|424\/424
|-ability|p1a: Excadrill|Mold Breaker
|move|p2a: Queen of Twerk|Heal Bell|p2a: Queen of Twerk
|-cureteam|p2a: Queen of Twerk|[from] move: HealBell
|
|turn|8
|
|switch|p2a: Metal as Fuck|Skarmory, F|334\/334
|move|p1a: Excadrill|Stealth Rock|p2a: Metal as Fuck
|-sidestart|p2: SEXY GAMER DOG|move: Stealth Rock
|
|turn|9
|
|switch|p1a: Entei|Entei, shiny|371\/371
|-ability|p1a: Entei|Pressure
|move|p2a: Metal as Fuck|Defog|p1a: Entei
|-unboost|p1a: Entei|evasion|1
|-sideend|p2: SEXY GAMER DOG|Stealth Rock|[from] move: Defog|[of] p2a: Metal as Fuck
|
|turn|10
|join|aurao
|
|switch|p2a: Clutchselia|Cresselia, F|444\/444
|move|p1a: Entei|Sacred Fire|p2a: Clutchselia
|-damage|p2a: Clutchselia|338\/444
|-status|p2a: Clutchselia|brn
|
|-heal|p2a: Clutchselia|365\/444 brn|[from] item: Leftovers
|-damage|p2a: Clutchselia|310\/444 brn|[from] brn
|turn|11
|leave|aurao
|
|switch|p1a: Excadrill|Excadrill, M|424\/424
|-ability|p1a: Excadrill|Mold Breaker
|move|p2a: Clutchselia|Moonlight|p2a: Clutchselia
|-heal|p2a: Clutchselia|444\/444 brn
|
|-damage|p2a: Clutchselia|389\/444 brn|[from] brn
|turn|12
|
|switch|p2a: Metal as Fuck|Skarmory, F|334\/334
|move|p1a: Excadrill|Stealth Rock|p2a: Metal as Fuck
|-sidestart|p2: SEXY GAMER DOG|move: Stealth Rock
|
|turn|13
|leave|asdfCookie
|
|switch|p1a: Entei|Entei, shiny|371\/371
|-ability|p1a: Entei|Pressure
|move|p2a: Metal as Fuck|Defog|p1a: Entei
|-unboost|p1a: Entei|evasion|1
|-sideend|p2: SEXY GAMER DOG|Stealth Rock|[from] move: Defog|[of] p2a: Metal as Fuck
|
|turn|14
|
|switch|p2a: Clutchselia|Cresselia, F|389\/444 brn
|move|p1a: Entei|Sacred Fire|p2a: Clutchselia
|-damage|p2a: Clutchselia|265\/444 brn
|
|-heal|p2a: Clutchselia|292\/444 brn|[from] item: Leftovers
|-damage|p2a: Clutchselia|237\/444 brn|[from] brn
|turn|15
|
|switch|p1a: Excadrill|Excadrill, M|424\/424
|-ability|p1a: Excadrill|Mold Breaker
|move|p2a: Clutchselia|Moonlight|p2a: Clutchselia
|-heal|p2a: Clutchselia|444\/444 brn
|
|-damage|p2a: Clutchselia|389\/444 brn|[from] brn
|turn|16
|
|switch|p2a: Metal as Fuck|Skarmory, F|334\/334
|move|p1a: Excadrill|Stealth Rock|p2a: Metal as Fuck
|-sidestart|p2: SEXY GAMER DOG|move: Stealth Rock
|
|turn|17
|
|switch|p1a: Entei|Entei, shiny|371\/371
|-ability|p1a: Entei|Pressure
|move|p2a: Metal as Fuck|Defog|p1a: Entei
|-unboost|p1a: Entei|evasion|1
|-sideend|p2: SEXY GAMER DOG|Stealth Rock|[from] move: Defog|[of] p2a: Metal as Fuck
|
|turn|18
|
|switch|p2a: Clutchselia|Cresselia, F|389\/444 brn
|move|p1a: Entei|Sacred Fire|p2a: Clutchselia
|-damage|p2a: Clutchselia|275\/444 brn
|
|-heal|p2a: Clutchselia|302\/444 brn|[from] item: Leftovers
|-damage|p2a: Clutchselia|247\/444 brn|[from] brn
|turn|19
|
|switch|p1a: Excadrill|Excadrill, M|424\/424
|-ability|p1a: Excadrill|Mold Breaker
|move|p2a: Clutchselia|Moonlight|p2a: Clutchselia
|-heal|p2a: Clutchselia|444\/444 brn
|
|-damage|p2a: Clutchselia|389\/444 brn|[from] brn
|turn|20
|
|switch|p2a: Metal as Fuck|Skarmory, F|334\/334
|move|p1a: Excadrill|Stealth Rock|p2a: Metal as Fuck
|-sidestart|p2: SEXY GAMER DOG|move: Stealth Rock
|
|turn|21
|
|move|p1a: Excadrill|Iron Head|p2a: Metal as Fuck
|-resisted|p2a: Metal as Fuck
|-damage|p2a: Metal as Fuck|297\/334
|move|p2a: Metal as Fuck|Defog|p1a: Excadrill
|-unboost|p1a: Excadrill|evasion|1
|-sideend|p2: SEXY GAMER DOG|Stealth Rock|[from] move: Defog|[of] p2a: Metal as Fuck
|
|turn|22
|join|DerpaniteX
|
|move|p1a: Excadrill|Stealth Rock|p2a: Metal as Fuck
|-sidestart|p2: SEXY GAMER DOG|move: Stealth Rock
|move|p2a: Metal as Fuck|Brave Bird|p1a: Excadrill
|-resisted|p1a: Excadrill
|-damage|p1a: Excadrill|334\/424
|-damage|p2a: Metal as Fuck|267\/334|[from] recoil|[of] p1a: Excadrill
|
|-heal|p1a: Excadrill|360\/424|[from] item: Leftovers
|turn|23
|leave|DerpaniteX
|
|switch|p1a: Entei|Entei, shiny|371\/371
|-ability|p1a: Entei|Pressure
|move|p2a: Metal as Fuck|Defog|p1a: Entei
|-unboost|p1a: Entei|evasion|1
|-sideend|p2: SEXY GAMER DOG|Stealth Rock|[from] move: Defog|[of] p2a: Metal as Fuck
|
|turn|24
|
|switch|p2a: Clutchselia|Cresselia, F|389\/444 brn
|move|p1a: Entei|Sacred Fire|p2a: Clutchselia
|-damage|p2a: Clutchselia|278\/444 brn
|
|-heal|p2a: Clutchselia|305\/444 brn|[from] item: Leftovers
|-damage|p2a: Clutchselia|250\/444 brn|[from] brn
|turn|25
|
|switch|p1a: Diggersby|Diggersby, F|311\/311
|move|p2a: Clutchselia|Moonlight|p2a: Clutchselia
|-heal|p2a: Clutchselia|444\/444 brn
|
|-damage|p2a: Clutchselia|389\/444 brn|[from] brn
|turn|26
|
|switch|p2a: Swagsire|Quagsire, M|394\/394
|move|p1a: Diggersby|Swords Dance|p1a: Diggersby
|-boost|p1a: Diggersby|atk|2
|
|turn|27
|
|switch|p1a: Alomomola|Alomomola, F|534\/534
|move|p2a: Swagsire|Toxic|p1a: Alomomola
|-status|p1a: Alomomola|tox
|
|-damage|p1a: Alomomola|501\/534 tox|[from] psn
|turn|28
|
|switch|p1a: Entei|Entei, shiny|371\/371
|-ability|p1a: Entei|Pressure
|switch|p2a: Queen of Twerk|Chansey, F|599\/704
|
|turn|29
|
|move|p1a: Entei|Sacred Fire|p2a: Queen of Twerk
|-damage|p2a: Queen of Twerk|373\/704
|-status|p2a: Queen of Twerk|brn
|move|p2a: Queen of Twerk|Thunder Wave|p1a: Entei
|-status|p1a: Entei|par
|
|-damage|p2a: Queen of Twerk|285\/704 brn|[from] brn
|turn|30
|
|switch|p1a: Diggersby|Diggersby, F|311\/311
|move|p2a: Queen of Twerk|Soft-Boiled|p2a: Queen of Twerk
|-heal|p2a: Queen of Twerk|637\/704 brn
|
|-damage|p2a: Queen of Twerk|549\/704 brn|[from] brn
|turn|31
|
|switch|p2a: Swagsire|Quagsire, M|394\/394
|move|p1a: Diggersby|Return|p2a: Swagsire
|-damage|p2a: Swagsire|133\/394
|-damage|p1a: Diggersby|280\/311|[from] item: Life Orb
|
|-heal|p2a: Swagsire|157\/394|[from] item: Leftovers
|turn|32
|
|switch|p2a: Gothitelletubby|Gothitelle, M|344\/344
|move|p1a: Diggersby|Swords Dance|p1a: Diggersby
|-boost|p1a: Diggersby|atk|2
|
|turn|33
|
|move|p1a: Diggersby|Return|p2a: Gothitelletubby
|-damage|p2a: Gothitelletubby|0 fnt
|-damage|p1a: Diggersby|249\/311|[from] item: Life Orb
|faint|p2a: Gothitelletubby
|
|
|switch|p2a: Metal as Fuck|Skarmory, F|267\/334
|turn|34
|
|move|p1a: Diggersby|Wild Charge|p2a: Metal as Fuck
|-supereffective|p2a: Metal as Fuck
|-damage|p2a: Metal as Fuck|0 fnt
|-damage|p1a: Diggersby|182\/311|[from] recoil|[of] p2a: Metal as Fuck
|-damage|p1a: Diggersby|151\/311|[from] item: Life Orb
|faint|p2a: Metal as Fuck
|
|
|switch|p2a: LE GEM XD XD|Sableye-Mega, F|304\/304
|turn|35
|
|move|p1a: Diggersby|Earthquake|p2a: LE GEM XD XD
|-damage|p2a: LE GEM XD XD|0 fnt
|-damage|p1a: Diggersby|120\/311|[from] item: Life Orb
|faint|p2a: LE GEM XD XD
|
|-message|SEXY GAMER DOG forfeited.
|
|win|jbtc10
|raw|Ladder updating...
|leave|SEXY GAMER DOG
|player|p2
|raw|jbtc10's rating: 1561 &rarr; <strong>1582<\/strong><br \/>(+21 for winning)
|raw|SEXY GAMER DOG's rating: 1592 &rarr; <strong>1570<\/strong><br \/>(-22 for losing)