|join|LaruChan~
|join|SEXY GAMER DOG
|player|p1|LaruChan~|143
|player|p2|SEXY GAMER DOG|275
|gametype|singles
|gen|6
|tier|OU
|rated
|clearpoke
|poke|p1|Medicham, M
|poke|p1|Ferrothorn, F
|poke|p1|Rotom-Wash
|poke|p1|Excadrill, M
|poke|p1|Latios, M
|poke|p1|Clefable, F
|poke|p2|Gothitelle, M
|poke|p2|Skarmory, M
|poke|p2|Chansey, F
|poke|p2|Quagsire, F
|poke|p2|Amoonguss, F
|poke|p2|Charizard, M
|rule|Swagger Clause: Swagger is banned
|rule|Baton Pass Clause: Limit one PokÃ©mon knowing Baton Pass
|rule|Sleep Clause Mod: Limit one foe put to sleep
|rule|Species Clause: Limit one of each PokÃ©mon
|rule|OHKO Clause: OHKO moves are banned
|rule|Moody Clause: Moody is banned
|rule|Evasion Moves Clause: Evasion moves are banned
|rule|Endless Battle Clause: Forcing endless battles is banned
|rule|HP Percentage Mod: HP is shown in percentages
|teampreview
|
|start
|switch|p1a: Medicham|Medicham, M|261\/261
|switch|p2a: Gothitelletubby|Gothitelle, M|344\/344
|turn|1
|
|detailschange|p1a: Medicham|Medicham-Mega, M
|message|Medicham has Mega Evolved into Mega Medicham!
|move|p1a: Medicham|Fake Out|p2a: Gothitelletubby
|-damage|p2a: Gothitelletubby|268\/344
|cant|p2a: Gothitelletubby|flinch
|
|turn|2
|
|move|p2a: Gothitelletubby|Psychic|p1a: Medicham
|-damage|p1a: Medicham|146\/261
|move|p1a: Medicham|High Jump Kick|p2a: Gothitelletubby
|-resisted|p2a: Gothitelletubby
|-damage|p2a: Gothitelletubby|96\/344
|
|turn|3
|
|move|p2a: Gothitelletubby|Psychic|p1a: Medicham
|-damage|p1a: Medicham|31\/261
|move|p1a: Medicham|Psycho Cut|p2a: Gothitelletubby
|-resisted|p2a: Gothitelletubby
|-damage|p2a: Gothitelletubby|5\/344
|
|turn|4
|
|move|p1a: Medicham|Bullet Punch|p2a: Gothitelletubby
|-damage|p2a: Gothitelletubby|0 fnt
|faint|p2a: Gothitelletubby
|
|
|switch|p2a: Wombo Combo|Skarmory, M|334\/334
|turn|5
|
|switch|p1a: Rotom-Wash|Rotom-Wash|303\/303
|move|p2a: Wombo Combo|Brave Bird|p1a: Rotom-Wash
|-resisted|p1a: Rotom-Wash
|-damage|p1a: Rotom-Wash|255\/303
|-damage|p2a: Wombo Combo|318\/334|[from] recoil|[of] p1a: Rotom-Wash
|
|-heal|p2a: Wombo Combo|334\/334|[from] item: Leftovers
|turn|6
|
|move|p1a: Rotom-Wash|Will-O-Wisp|p2a: Wombo Combo
|-status|p2a: Wombo Combo|brn
|move|p2a: Wombo Combo|Stealth Rock|p1a: Rotom-Wash
|-sidestart|p1: LaruChan~|move: Stealth Rock
|
|-damage|p2a: Wombo Combo|293\/334 brn|[from] brn
|turn|7
|
|switch|p2a: Grasshole|Amoonguss, F|432\/432
|move|p1a: Rotom-Wash|Volt Switch|p2a: Grasshole
|-crit|p2a: Grasshole
|-resisted|p2a: Grasshole
|-damage|p2a: Grasshole|382\/432
|
|switch|p1a: Ferrothorn|Ferrothorn, F|352\/352
|-damage|p1a: Ferrothorn|330\/352|[from] Stealth Rock
|
|-heal|p2a: Grasshole|409\/432|[from] item: Black Sludge
|-heal|p1a: Ferrothorn|352\/352|[from] item: Leftovers
|turn|8
|
|switch|p2a: Manzard|Charizard, M|323\/323
|move|p1a: Ferrothorn|Stealth Rock|p2a: Manzard
|-sidestart|p2: SEXY GAMER DOG|move: Stealth Rock
|
|turn|9
|
|detailschange|p2a: Manzard|Charizard-Mega-Y, M
|message|Charizard has Mega Evolved into Mega Charizard!
|-weather|SunnyDay
|move|p2a: Manzard|Flamethrower|p1a: Ferrothorn
|-supereffective|p1a: Ferrothorn
|-damage|p1a: Ferrothorn|0 fnt
|faint|p1a: Ferrothorn
|
|-weather|SunnyDay|[upkeep]
|
|switch|p1a: Excadrill|Excadrill, M|362\/362
|-damage|p1a: Excadrill|351\/362|[from] Stealth Rock
|-ability|p1a: Excadrill|Mold Breaker
|turn|10
|
|switch|p2a: Wombo Combo|Skarmory, M|293\/334 brn
|-damage|p2a: Wombo Combo|252\/334 brn|[from] Stealth Rock
|move|p1a: Excadrill|Rock Slide|p2a: Wombo Combo
|-damage|p2a: Wombo Combo|198\/334 brn
|
|-weather|SunnyDay|[upkeep]
|-heal|p2a: Wombo Combo|218\/334 brn|[from] item: Leftovers
|-damage|p2a: Wombo Combo|177\/334 brn|[from] brn
|turn|11
|
|switch|p1a: Rotom-Wash|Rotom-Wash|255\/303
|-damage|p1a: Rotom-Wash|218\/303|[from] Stealth Rock
|move|p2a: Wombo Combo|Defog|p1a: Rotom-Wash
|-unboost|p1a: Rotom-Wash|evasion|1
|-sideend|p1: LaruChan~|Stealth Rock|[from] move: Defog|[of] p1a: Rotom-Wash
|-sideend|p2: SEXY GAMER DOG|Stealth Rock|[from] move: Defog|[of] p2a: Wombo Combo
|
|-weather|SunnyDay|[upkeep]
|-heal|p2a: Wombo Combo|197\/334 brn|[from] item: Leftovers
|-damage|p2a: Wombo Combo|156\/334 brn|[from] brn
|turn|12
|
|switch|p1a: Medicham|Medicham-Mega, M|31\/261
|switch|p2a: Grasshole|Amoonguss, F|432\/432
|
|-weather|SunnyDay|[upkeep]
|turn|13
|
|switch|p2a: Wombo Combo|Skarmory, M|156\/334 brn
|move|p1a: Medicham|Fake Out|p2a: Wombo Combo
|-resisted|p2a: Wombo Combo
|-damage|p2a: Wombo Combo|133\/334 brn
|
|-weather|none
|-heal|p2a: Wombo Combo|153\/334 brn|[from] item: Leftovers
|-damage|p2a: Wombo Combo|112\/334 brn|[from] brn
|turn|14
|
|move|p1a: Medicham|High Jump Kick|p2a: Wombo Combo
|-damage|p2a: Wombo Combo|0 fnt
|faint|p2a: Wombo Combo
|
|
|switch|p2a: Manzard|Charizard-Mega-Y, M|323\/323
|-weather|SunnyDay
|turn|15
|
|switch|p1a: Latios|Latios, M|302\/302
|move|p2a: Manzard|Flamethrower|p1a: Latios
|-resisted|p1a: Latios
|-damage|p1a: Latios|159\/302
|
|-weather|SunnyDay|[upkeep]
|turn|16
|
|switch|p2a: Queen of Twerk|Chansey, F|704\/704
|move|p1a: Latios|Roost|p1a: Latios
|-heal|p1a: Latios|302\/302
|
|-weather|SunnyDay|[upkeep]
|turn|17
|
|switch|p1a: Excadrill|Excadrill, M|351\/362
|-ability|p1a: Excadrill|Mold Breaker
|move|p2a: Queen of Twerk|Seismic Toss|p1a: Excadrill
|-damage|p1a: Excadrill|251\/362
|
|-weather|SunnyDay|[upkeep]
|turn|18
|
|switch|p2a: Swagsire|Quagsire, F|394\/394
|move|p1a: Excadrill|Earthquake|p2a: Swagsire
|-damage|p2a: Swagsire|240\/394
|
|-weather|SunnyDay|[upkeep]
|-heal|p2a: Swagsire|264\/394|[from] item: Leftovers
|turn|19
|
|switch|p1a: Clefable|Clefable, F|394\/394
|move|p2a: Swagsire|Recover|p2a: Swagsire
|-heal|p2a: Swagsire|394\/394
|
|-weather|none
|turn|20
|
|switch|p1a: Medicham|Medicham-Mega, M|31\/261
|switch|p2a: Grasshole|Amoonguss, F|432\/432
|
|turn|21
|
|switch|p2a: Swagsire|Quagsire, F|394\/394
|move|p1a: Medicham|Psycho Cut|p2a: Swagsire
|-damage|p2a: Swagsire|238\/394
|
|-heal|p2a: Swagsire|262\/394|[from] item: Leftovers
|turn|22
|
|switch|p1a: Clefable|Clefable, F|394\/394
|move|p2a: Swagsire|Recover|p2a: Swagsire
|-heal|p2a: Swagsire|394\/394
|
|turn|23
|
|move|p1a: Clefable|Moonblast|p2a: Swagsire
|-damage|p2a: Swagsire|238\/394
|move|p2a: Swagsire|Scald|p1a: Clefable
|-damage|p1a: Clefable|319\/394
|-status|p1a: Clefable|brn
|
|-heal|p1a: Clefable|343\/394 brn|[from] item: Leftovers
|-heal|p2a: Swagsire|262\/394|[from] item: Leftovers
|turn|24
|
|switch|p1a: Latios|Latios, M|302\/302
|move|p2a: Swagsire|Recover|p2a: Swagsire
|-heal|p2a: Swagsire|394\/394
|
|turn|25
|
|switch|p2a: Queen of Twerk|Chansey, F|704\/704
|move|p1a: Latios|Psyshock|p2a: Queen of Twerk
|-damage|p2a: Queen of Twerk|465\/704
|-damage|p1a: Latios|272\/302|[from] item: Life Orb
|
|turn|26
|
|switch|p1a: Clefable|Clefable, F|343\/394 brn
|move|p2a: Queen of Twerk|Seismic Toss|p1a: Clefable
|-damage|p1a: Clefable|243\/394 brn
|
|-heal|p1a: Clefable|267\/394 brn|[from] item: Leftovers
|turn|27
|
|move|p1a: Clefable|Calm Mind|p1a: Clefable
|-boost|p1a: Clefable|spa|1
|-boost|p1a: Clefable|spd|1
|move|p2a: Queen of Twerk|Soft-Boiled|p2a: Queen of Twerk
|-heal|p2a: Queen of Twerk|704\/704
|
|-heal|p1a: Clefable|291\/394 brn|[from] item: Leftovers
|turn|28
|
|switch|p2a: Grasshole|Amoonguss, F|432\/432
|move|p1a: Clefable|Flamethrower|p2a: Grasshole
|-supereffective|p2a: Grasshole
|-damage|p2a: Grasshole|262\/432
|-status|p2a: Grasshole|brn
|
|-heal|p1a: Clefable|315\/394 brn|[from] item: Leftovers
|-heal|p2a: Grasshole|289\/432 brn|[from] item: Black Sludge
|-damage|p2a: Grasshole|235\/432 brn|[from] brn
|turn|29
|
|move|p1a: Clefable|Calm Mind|p1a: Clefable
|-boost|p1a: Clefable|spa|1
|-boost|p1a: Clefable|spd|1
|move|p2a: Grasshole|Clear Smog|p1a: Clefable
|-supereffective|p1a: Clefable
|-damage|p1a: Clefable|259\/394 brn
|-clearboost|p1a: Clefable
|
|-heal|p1a: Clefable|283\/394 brn|[from] item: Leftovers
|-heal|p2a: Grasshole|262\/432 brn|[from] item: Black Sludge
|-damage|p2a: Grasshole|208\/432 brn|[from] brn
|turn|30
|
|switch|p2a: Queen of Twerk|Chansey, F|704\/704
|move|p1a: Clefable|Calm Mind|p1a: Clefable
|-boost|p1a: Clefable|spa|1
|-boost|p1a: Clefable|spd|1
|
|-heal|p1a: Clefable|307\/394 brn|[from] item: Leftovers
|turn|31
|
|switch|p1a: Medicham|Medicham-Mega, M|31\/261
|move|p2a: Queen of Twerk|Heal Bell|p2a: Queen of Twerk
|-cureteam|p2a: Queen of Twerk|[from] move: HealBell
|
|turn|32
|
|switch|p2a: Grasshole|Amoonguss, F|352\/432
|move|p1a: Medicham|Fake Out|p2a: Grasshole
|-damage|p2a: Grasshole|236\/432
|
|-heal|p2a: Grasshole|263\/432|[from] item: Black Sludge
|turn|33
|
|switch|p2a: Swagsire|Quagsire, F|394\/394
|move|p1a: Medicham|Psycho Cut|p2a: Swagsire
|-damage|p2a: Swagsire|226\/394
|
|-heal|p2a: Swagsire|250\/394|[from] item: Leftovers
|turn|34
|
|move|p1a: Medicham|High Jump Kick|p2a: Swagsire
|-damage|p2a: Swagsire|0 fnt
|faint|p2a: Swagsire
|
|
|switch|p2a: Manzard|Charizard-Mega-Y, M|323\/323
|-weather|SunnyDay
|turn|35
|
|switch|p1a: Latios|Latios, M|272\/302
|move|p2a: Manzard|Flamethrower|p1a: Latios
|-resisted|p1a: Latios
|-damage|p1a: Latios|129\/302
|
|-weather|SunnyDay|[upkeep]
|turn|36
|
|move|p1a: Latios|Roost|p1a: Latios
|-heal|p1a: Latios|280\/302
|move|p2a: Manzard|Flamethrower|p1a: Latios
|-resisted|p1a: Latios
|-damage|p1a: Latios|148\/302
|
|-weather|SunnyDay|[upkeep]
|turn|37
|
|switch|p2a: Queen of Twerk|Chansey, F|704\/704
|move|p1a: Latios|Draco Meteor|p2a: Queen of Twerk
|-crit|p2a: Queen of Twerk
|-damage|p2a: Queen of Twerk|423\/704
|-unboost|p1a: Latios|spa|2
|-damage|p1a: Latios|118\/302|[from] item: Life Orb
|
|-weather|SunnyDay|[upkeep]
|turn|38
|
|switch|p1a: Clefable|Clefable, F|307\/394 brn
|move|p2a: Queen of Twerk|Seismic Toss|p1a: Clefable
|-damage|p1a: Clefable|207\/394 brn
|
|-weather|SunnyDay|[upkeep]
|-heal|p1a: Clefable|231\/394 brn|[from] item: Leftovers
|turn|39
|
|move|p1a: Clefable|Calm Mind|p1a: Clefable
|-boost|p1a: Clefable|spa|1
|-boost|p1a: Clefable|spd|1
|move|p2a: Queen of Twerk|Soft-Boiled|p2a: Queen of Twerk
|-heal|p2a: Queen of Twerk|704\/704
|
|-weather|none
|-heal|p1a: Clefable|255\/394 brn|[from] item: Leftovers
|turn|40
|
|switch|p2a: Grasshole|Amoonguss, F|407\/432
|move|p1a: Clefable|Calm Mind|p1a: Clefable
|-boost|p1a: Clefable|spa|1
|-boost|p1a: Clefable|spd|1
|
|-heal|p1a: Clefable|279\/394 brn|[from] item: Leftovers
|-heal|p2a: Grasshole|432\/432|[from] item: Black Sludge
|turn|41
|
|move|p1a: Clefable|Flamethrower|p2a: Grasshole
|-supereffective|p2a: Grasshole
|-damage|p2a: Grasshole|202\/432
|move|p2a: Grasshole|Clear Smog|p1a: Clefable
|-crit|p1a: Clefable
|-supereffective|p1a: Clefable
|-damage|p1a: Clefable|121\/394 brn
|-clearboost|p1a: Clefable
|
|-heal|p1a: Clefable|145\/394 brn|[from] item: Leftovers
|-heal|p2a: Grasshole|229\/432|[from] item: Black Sludge
|turn|42
|
|switch|p1a: Latios|Latios, M|118\/302
|switch|p2a: Manzard|Charizard-Mega-Y, M|323\/323
|-weather|SunnyDay
|
|-weather|SunnyDay|[upkeep]
|turn|43
|
|move|p1a: Latios|Draco Meteor|p2a: Manzard
|-damage|p2a: Manzard|64\/323
|-unboost|p1a: Latios|spa|2
|-damage|p1a: Latios|88\/302|[from] item: Life Orb
|move|p2a: Manzard|Roost|p2a: Manzard
|-heal|p2a: Manzard|226\/323
|
|-weather|SunnyDay|[upkeep]
|turn|44
|
|move|p1a: Latios|Roost|p1a: Latios
|-heal|p1a: Latios|239\/302
|move|p2a: Manzard|Roost|p2a: Manzard
|-heal|p2a: Manzard|323\/323
|
|-weather|SunnyDay|[upkeep]
|turn|45
|
|switch|p1a: Rotom-Wash|Rotom-Wash|218\/303
|move|p2a: Manzard|Flamethrower|p1a: Rotom-Wash
|-resisted|p1a: Rotom-Wash
|-damage|p1a: Rotom-Wash|90\/303
|
|-weather|SunnyDay|[upkeep]
|turn|46
|
|move|p2a: Manzard|Flamethrower|p1a: Rotom-Wash
|-crit|p1a: Rotom-Wash
|-resisted|p1a: Rotom-Wash
|-damage|p1a: Rotom-Wash|0 fnt
|faint|p1a: Rotom-Wash
|
|-weather|none
|
|switch|p1a: Medicham|Medicham-Mega, M|31\/261
|turn|47
|
|move|p1a: Medicham|Fake Out|p2a: Manzard
|-damage|p2a: Manzard|228\/323
|cant|p2a: Manzard|flinch
|
|turn|48
|
|move|p1a: Medicham|Psycho Cut|p2a: Manzard
|-damage|p2a: Manzard|0 fnt
|faint|p2a: Manzard
|
|
|switch|p2a: Queen of Twerk|Chansey, F|704\/704
|turn|49
|
|switch|p1a: Excadrill|Excadrill, M|251\/362
|-ability|p1a: Excadrill|Mold Breaker
|move|p2a: Queen of Twerk|Seismic Toss|p1a: Excadrill
|-damage|p1a: Excadrill|151\/362
|
|turn|50
|
|move|p1a: Excadrill|Iron Head|p2a: Queen of Twerk
|-damage|p2a: Queen of Twerk|526\/704
|cant|p2a: Queen of Twerk|flinch
|
|turn|51
|
|move|p1a: Excadrill|Iron Head|p2a: Queen of Twerk
|-damage|p2a: Queen of Twerk|315\/704
|move|p2a: Queen of Twerk|Soft-Boiled|p2a: Queen of Twerk
|-heal|p2a: Queen of Twerk|667\/704
|
|turn|52
|
|switch|p1a: Clefable|Clefable, F|145\/394 brn
|move|p2a: Queen of Twerk|Seismic Toss|p1a: Clefable
|-damage|p1a: Clefable|45\/394 brn
|
|-heal|p1a: Clefable|69\/394 brn|[from] item: Leftovers
|turn|53
|
|move|p1a: Clefable|Moonlight|p1a: Clefable
|-heal|p1a: Clefable|266\/394 brn
|move|p2a: Queen of Twerk|Seismic Toss|p1a: Clefable
|-damage|p1a: Clefable|166\/394 brn
|
|-heal|p1a: Clefable|190\/394 brn|[from] item: Leftovers
|turn|54
|
|switch|p2a: Grasshole|Amoonguss, F|373\/432
|move|p1a: Clefable|Calm Mind|p1a: Clefable
|-boost|p1a: Clefable|spa|1
|-boost|p1a: Clefable|spd|1
|
|-heal|p1a: Clefable|214\/394 brn|[from] item: Leftovers
|-heal|p2a: Grasshole|400\/432|[from] item: Black Sludge
|turn|55
|
|move|p1a: Clefable|Flamethrower|p2a: Grasshole
|-supereffective|p2a: Grasshole
|-damage|p2a: Grasshole|238\/432
|move|p2a: Grasshole|Clear Smog|p1a: Clefable
|-supereffective|p1a: Clefable
|-damage|p1a: Clefable|134\/394 brn
|-clearboost|p1a: Clefable
|
|-heal|p1a: Clefable|158\/394 brn|[from] item: Leftovers
|-heal|p2a: Grasshole|265\/432|[from] item: Black Sludge
|turn|56
|
|move|p1a: Clefable|Flamethrower|p2a: Grasshole
|-supereffective|p2a: Grasshole
|-damage|p2a: Grasshole|159\/432
|move|p2a: Grasshole|Spore|p1a: Clefable
|-fail|p1a: Clefable
|
|-heal|p1a: Clefable|182\/394 brn|[from] item: Leftovers
|-heal|p2a: Grasshole|186\/432|[from] item: Black Sludge
|turn|57
|
|move|p1a: Clefable|Flamethrower|p2a: Grasshole
|-supereffective|p2a: Grasshole
|-damage|p2a: Grasshole|82\/432
|move|p2a: Grasshole|Clear Smog|p1a: Clefable
|-supereffective|p1a: Clefable
|-damage|p1a: Clefable|80\/394 brn
|-clearboost|p1a: Clefable
|
|-heal|p1a: Clefable|104\/394 brn|[from] item: Leftovers
|-heal|p2a: Grasshole|109\/432|[from] item: Black Sludge
|turn|58
|
|switch|p2a: Queen of Twerk|Chansey, F|667\/704
|move|p1a: Clefable|Flamethrower|p2a: Queen of Twerk
|-damage|p2a: Queen of Twerk|620\/704
|
|-heal|p1a: Clefable|128\/394 brn|[from] item: Leftovers
|turn|59
|
|switch|p2a: Grasshole|Amoonguss, F|253\/432
|move|p1a: Clefable|Calm Mind|p1a: Clefable
|-boost|p1a: Clefable|spa|1
|-boost|p1a: Clefable|spd|1
|
|-heal|p1a: Clefable|152\/394 brn|[from] item: Leftovers
|-heal|p2a: Grasshole|280\/432|[from] item: Black Sludge
|turn|60
|
|move|p1a: Clefable|Flamethrower|p2a: Grasshole
|-supereffective|p2a: Grasshole
|-damage|p2a: Grasshole|120\/432
|move|p2a: Grasshole|Clear Smog|p1a: Clefable
|-supereffective|p1a: Clefable
|-damage|p1a: Clefable|78\/394 brn
|-clearboost|p1a: Clefable
|
|-heal|p1a: Clefable|102\/394 brn|[from] item: Leftovers
|-heal|p2a: Grasshole|147\/432|[from] item: Black Sludge
|turn|61
|
|move|p1a: Clefable|Flamethrower|p2a: Grasshole
|-supereffective|p2a: Grasshole
|-damage|p2a: Grasshole|27\/432
|-status|p2a: Grasshole|brn
|move|p2a: Grasshole|Clear Smog|p1a: Clefable
|-supereffective|p1a: Clefable
|-damage|p1a: Clefable|0 fnt
|-clearboost|p1a: Clefable
|faint|p1a: Clefable
|
|-heal|p2a: Grasshole|54\/432 brn|[from] item: Black Sludge
|-damage|p2a: Grasshole|0 fnt|[from] brn
|faint|p2a: Grasshole
|
|switch|p1a: Medicham|Medicham-Mega, M|31\/261
|switch|p2a: Queen of Twerk|Chansey, F|620\/704
|turn|62
|
|move|p1a: Medicham|Fake Out|p2a: Queen of Twerk
|-damage|p2a: Queen of Twerk|524\/704
|cant|p2a: Queen of Twerk|flinch
|
|turn|63
|
|move|p1a: Medicham|High Jump Kick|p2a: Queen of Twerk
|-supereffective|p2a: Queen of Twerk
|-damage|p2a: Queen of Twerk|0 fnt
|faint|p2a: Queen of Twerk
|
|win|LaruChan~
|raw|Ladder updating...
|raw|LaruChan~'s rating: 1613 &rarr; <strong>1636<\/strong><br \/>(+23 for winning)
|raw|SEXY GAMER DOG's rating: 1652 &rarr; <strong>1630<\/strong><br \/>(-22 for losing)
|leave|SEXY GAMER DOG
|player|p2