|join|TimeTravel_1
|join|SEXY GAMER DOG
|player|p1|TimeTravel_1|266
|player|p2|SEXY GAMER DOG|275
|gametype|singles
|gen|6
|tier|OU
|rated
|clearpoke
|poke|p1|Politoed, M
|poke|p1|Kingdra, M
|poke|p1|Kabutops, F
|poke|p1|Tornadus-Therian, M
|poke|p1|Heracross, M
|poke|p1|Ferrothorn, F
|poke|p2|Skarmory, M
|poke|p2|Chansey, F
|poke|p2|Charizard, M
|poke|p2|Amoonguss, M
|poke|p2|Quagsire, M
|poke|p2|Gothitelle, F
|rule|Swagger Clause: Swagger is banned
|rule|Baton Pass Clause: Limit one PokÃ©mon knowing Baton Pass
|rule|Sleep Clause Mod: Limit one foe put to sleep
|rule|Species Clause: Limit one of each PokÃ©mon
|rule|OHKO Clause: OHKO moves are banned
|rule|Moody Clause: Moody is banned
|rule|Evasion Moves Clause: Evasion moves are banned
|rule|Endless Battle Clause: Forcing endless battles is banned
|rule|HP Percentage Mod: HP is shown in percentages
|teampreview
|
|start
|switch|p1a: Tornadus-Therian|Tornadus-Therian, M|332\/332
|switch|p2a: Manzard|Charizard, M|323\/323
|turn|1
|
|detailschange|p2a: Manzard|Charizard-Mega-Y, M
|message|Charizard has Mega Evolved into Mega Charizard!
|-weather|SunnyDay
|move|p1a: Tornadus-Therian|U-turn|p2a: Manzard
|-resisted|p2a: Manzard
|-damage|p2a: Manzard|307\/323
|
|switch|p1a: Politoed|Politoed, M|364\/364
|-weather|RainDance
|move|p2a: Manzard|Flamethrower|p1a: Politoed
|-resisted|p1a: Politoed
|-damage|p1a: Politoed|309\/364
|
|-weather|RainDance|[upkeep]
|turn|2
|
|switch|p2a: Grasshole|Amoonguss, M|432\/432
|move|p1a: Politoed|Scald|p2a: Grasshole
|-resisted|p2a: Grasshole
|-damage|p2a: Grasshole|353\/432
|
|-weather|RainDance|[upkeep]
|-heal|p2a: Grasshole|380\/432|[from] item: Black Sludge
|turn|3
|
|switch|p1a: Ferrothorn|Ferrothorn, F|352\/352
|move|p2a: Grasshole|Spore|p1a: Ferrothorn
|-fail|p1a: Ferrothorn
|
|-weather|RainDance|[upkeep]
|-heal|p2a: Grasshole|407\/432|[from] item: Black Sludge
|turn|4
|
|switch|p2a: Gothitelletubby|Gothitelle, F|344\/344
|switch|p1a: Tornadus-Therian|Tornadus-Therian, M|332\/332
|
|-weather|RainDance|[upkeep]
|turn|5
|
|move|p1a: Tornadus-Therian|Hurricane|p2a: Gothitelletubby
|-damage|p2a: Gothitelletubby|194\/344
|move|p2a: Gothitelletubby|Trick|p1a: Tornadus-Therian
|-activate|p2a: Gothitelletubby|move: Trick|[of] p1a: Tornadus-Therian
|-item|p1a: Tornadus-Therian|Choice Scarf|[from] move: Trick
|-item|p2a: Gothitelletubby|Assault Vest|[from] move: Trick
|
|-weather|RainDance|[upkeep]
|turn|6
|
|switch|p2a: Manzard|Charizard-Mega-Y, M|307\/323
|-weather|SunnyDay
|move|p1a: Tornadus-Therian|Knock Off|p2a: Manzard
|-damage|p2a: Manzard|245\/323
|
|-weather|SunnyDay|[upkeep]
|turn|7
|
|switch|p1a: Politoed|Politoed, M|309\/364
|-weather|RainDance
|switch|p2a: Gothitelletubby|Gothitelle, F|194\/344
|
|-weather|RainDance|[upkeep]
|turn|8
|
|move|p2a: Gothitelletubby|Psychic|p1a: Politoed
|-damage|p1a: Politoed|207\/364
|move|p1a: Politoed|Scald|p2a: Gothitelletubby
|-damage|p2a: Gothitelletubby|82\/344
|-status|p2a: Gothitelletubby|brn
|
|-weather|RainDance|[upkeep]
|-damage|p2a: Gothitelletubby|39\/344 brn|[from] brn
|turn|9
|
|move|p2a: Gothitelletubby|Psychic|p1a: Politoed
|-damage|p1a: Politoed|111\/364
|move|p1a: Politoed|Scald|p2a: Gothitelletubby
|-damage|p2a: Gothitelletubby|0 fnt
|faint|p2a: Gothitelletubby
|
|-weather|RainDance|[upkeep]
|
|switch|p2a: Manzard|Charizard-Mega-Y, M|245\/323
|-weather|SunnyDay
|turn|10
|
|switch|p1a: Tornadus-Therian|Tornadus-Therian, M|332\/332
|move|p2a: Manzard|Roost|p2a: Manzard
|-heal|p2a: Manzard|323\/323
|
|-weather|SunnyDay|[upkeep]
|turn|11
|
|move|p1a: Tornadus-Therian|Hurricane|p2a: Manzard|[miss]
|-miss|p1a: Tornadus-Therian|p2a: Manzard
|move|p2a: Manzard|Focus Blast|p1a: Tornadus-Therian
|-resisted|p1a: Tornadus-Therian
|-damage|p1a: Tornadus-Therian|233\/332
|
|-weather|SunnyDay|[upkeep]
|turn|12
|
|move|p1a: Tornadus-Therian|Hurricane|p2a: Manzard
|-damage|p2a: Manzard|187\/323
|move|p2a: Manzard|Flamethrower|p1a: Tornadus-Therian
|-damage|p1a: Tornadus-Therian|0 fnt
|faint|p1a: Tornadus-Therian
|
|-weather|SunnyDay|[upkeep]
|
|switch|p1a: Kingdra|Kingdra, M|298\/298
|turn|13
|
|switch|p2a: Metal Head|Skarmory, M|334\/334
|switch|p1a: Ferrothorn|Ferrothorn, F|352\/352
|
|-weather|SunnyDay|[upkeep]
|turn|14
|
|switch|p2a: Manzard|Charizard-Mega-Y, M|187\/323
|move|p1a: Ferrothorn|Thunder Wave|p2a: Manzard
|-status|p2a: Manzard|par
|
|-weather|none
|turn|15
|
|switch|p1a: Politoed|Politoed, M|111\/364
|-weather|RainDance
|move|p2a: Manzard|Roost|p2a: Manzard
|-heal|p2a: Manzard|323\/323 par
|
|-weather|RainDance|[upkeep]
|turn|16
|
|switch|p2a: Grasshole|Amoonguss, M|432\/432
|move|p1a: Politoed|Rest|p1a: Politoed
|-status|p1a: Politoed|slp
|-heal|p1a: Politoed|364\/364 slp|[silent]
|-status|p1a: Politoed|slp|[from] move: Rest
|
|-weather|RainDance|[upkeep]
|turn|17
|
|switch|p1a: Ferrothorn|Ferrothorn, F|352\/352
|switch|p2a: Unlucky Egg|Chansey, F|703\/703
|
|-weather|RainDance|[upkeep]
|turn|18
|
|move|p2a: Unlucky Egg|Heal Bell|p2a: Unlucky Egg
|-cureteam|p2a: Unlucky Egg|[from] move: HealBell
|move|p1a: Ferrothorn|Stealth Rock|p2a: Unlucky Egg
|-sidestart|p2: SEXY GAMER DOG|move: Stealth Rock
|
|-weather|RainDance|[upkeep]
|turn|19
|
|switch|p2a: Metal Head|Skarmory, M|334\/334
|-damage|p2a: Metal Head|293\/334|[from] Stealth Rock
|move|p1a: Ferrothorn|Thunder Wave|p2a: Metal Head
|-status|p2a: Metal Head|par
|
|-weather|RainDance|[upkeep]
|-heal|p2a: Metal Head|313\/334 par|[from] item: Leftovers
|turn|20
|
|move|p1a: Ferrothorn|Leech Seed|p2a: Metal Head
|-start|p2a: Metal Head|move: Leech Seed
|move|p2a: Metal Head|Defog|p1a: Ferrothorn
|-unboost|p1a: Ferrothorn|evasion|1
|-sideend|p2: SEXY GAMER DOG|Stealth Rock|[from] move: Defog|[of] p2a: Metal Head
|
|-weather|RainDance|[upkeep]
|-heal|p2a: Metal Head|333\/334 par|[from] item: Leftovers
|-damage|p2a: Metal Head|292\/334 par|[from] Leech Seed|[of] p1a: Ferrothorn
|turn|21
|
|switch|p2a: Manzard|Charizard-Mega-Y, M|323\/323
|-weather|SunnyDay
|move|p1a: Ferrothorn|Thunder Wave|p2a: Manzard
|-status|p2a: Manzard|par
|
|-weather|SunnyDay|[upkeep]
|turn|22
|
|switch|p1a: Politoed|Politoed, M|364\/364 slp
|-weather|RainDance
|switch|p2a: Unlucky Egg|Chansey, F|703\/703
|
|-weather|RainDance|[upkeep]
|turn|23
|
|switch|p1a: Ferrothorn|Ferrothorn, F|352\/352
|move|p2a: Unlucky Egg|Heal Bell|p2a: Unlucky Egg
|-cureteam|p2a: Unlucky Egg|[from] move: HealBell
|
|-weather|RainDance|[upkeep]
|turn|24
|
|switch|p2a: Manzard|Charizard-Mega-Y, M|323\/323
|-weather|SunnyDay
|move|p1a: Ferrothorn|Thunder Wave|p2a: Manzard
|-status|p2a: Manzard|par
|
|-weather|SunnyDay|[upkeep]
|turn|25
|
|move|p1a: Ferrothorn|Protect|p1a: Ferrothorn
|-singleturn|p1a: Ferrothorn|Protect
|move|p2a: Manzard|Flamethrower|p1a: Ferrothorn
|-activate|p1a: Ferrothorn|Protect
|
|-weather|SunnyDay|[upkeep]
|turn|26
|
|switch|p1a: Politoed|Politoed, M|364\/364 slp
|-weather|RainDance
|cant|p2a: Manzard|par
|
|-weather|RainDance|[upkeep]
|turn|27
|
|switch|p1a: Heracross|Heracross, M|311\/311
|switch|p2a: Metal Head|Skarmory, M|292\/334
|
|-weather|RainDance|[upkeep]
|-heal|p2a: Metal Head|312\/334|[from] item: Leftovers
|turn|28
|
|switch|p1a: Ferrothorn|Ferrothorn, F|352\/352
|move|p2a: Metal Head|Brave Bird|p1a: Ferrothorn
|-damage|p1a: Ferrothorn|279\/352
|-damage|p2a: Metal Head|271\/334|[from] ability: Iron Barbs|[of] p1a: Ferrothorn
|-damage|p2a: Metal Head|247\/334|[from] recoil|[of] p1a: Ferrothorn
|
|-weather|RainDance|[upkeep]
|-heal|p2a: Metal Head|267\/334|[from] item: Leftovers
|-heal|p1a: Ferrothorn|301\/352|[from] item: Leftovers
|turn|29
|
|move|p2a: Metal Head|Stealth Rock|p1a: Ferrothorn
|-sidestart|p1: TimeTravel_1|move: Stealth Rock
|move|p1a: Ferrothorn|Stealth Rock|p2a: Metal Head
|-sidestart|p2: SEXY GAMER DOG|move: Stealth Rock
|
|-weather|RainDance|[upkeep]
|-heal|p2a: Metal Head|287\/334|[from] item: Leftovers
|-heal|p1a: Ferrothorn|323\/352|[from] item: Leftovers
|turn|30
|
|move|p2a: Metal Head|Defog|p1a: Ferrothorn
|-unboost|p1a: Ferrothorn|evasion|1
|-sideend|p1: TimeTravel_1|Stealth Rock|[from] move: Defog|[of] p1a: Ferrothorn
|-sideend|p2: SEXY GAMER DOG|Stealth Rock|[from] move: Defog|[of] p2a: Metal Head
|move|p1a: Ferrothorn|Thunder Wave|p2a: Metal Head
|-status|p2a: Metal Head|par
|
|-weather|RainDance|[upkeep]
|-heal|p1a: Ferrothorn|345\/352|[from] item: Leftovers
|-heal|p2a: Metal Head|307\/334 par|[from] item: Leftovers
|turn|31
|
|move|p1a: Ferrothorn|Stealth Rock|p2a: Metal Head
|-sidestart|p2: SEXY GAMER DOG|move: Stealth Rock
|move|p2a: Metal Head|Stealth Rock|p1a: Ferrothorn
|-sidestart|p1: TimeTravel_1|move: Stealth Rock
|
|-weather|RainDance|[upkeep]
|-heal|p1a: Ferrothorn|352\/352|[from] item: Leftovers
|-heal|p2a: Metal Head|327\/334 par|[from] item: Leftovers
|turn|32
|
|switch|p2a: Unlucky Egg|Chansey, F|703\/703
|-damage|p2a: Unlucky Egg|616\/703|[from] Stealth Rock
|move|p1a: Ferrothorn|Leech Seed|p2a: Unlucky Egg
|-start|p2a: Unlucky Egg|move: Leech Seed
|
|-weather|RainDance|[upkeep]
|-damage|p2a: Unlucky Egg|529\/703|[from] Leech Seed|[of] p1a: Ferrothorn
|turn|33
|
|move|p2a: Unlucky Egg|Heal Bell|p2a: Unlucky Egg
|-cureteam|p2a: Unlucky Egg|[from] move: HealBell
|move|p1a: Ferrothorn|Thunder Wave|p2a: Unlucky Egg
|-status|p2a: Unlucky Egg|par
|
|-weather|none
|-damage|p2a: Unlucky Egg|442\/703 par|[from] Leech Seed|[of] p1a: Ferrothorn
|turn|34
|
|move|p1a: Ferrothorn|Thunder Wave|p2a: Unlucky Egg
|-fail|p2a: Unlucky Egg|par
|move|p2a: Unlucky Egg|Soft-Boiled|p2a: Unlucky Egg
|-heal|p2a: Unlucky Egg|703\/703 par
|
|-damage|p2a: Unlucky Egg|616\/703 par|[from] Leech Seed|[of] p1a: Ferrothorn
|turn|35
|
|switch|p2a: Swagsire|Quagsire, M|394\/394
|-damage|p2a: Swagsire|370\/394|[from] Stealth Rock
|move|p1a: Ferrothorn|Thunder Wave|p2a: Swagsire
|-immune|p2a: Swagsire|[msg]
|
|-heal|p2a: Swagsire|394\/394|[from] item: Leftovers
|turn|36
|
|switch|p2a: Unlucky Egg|Chansey, F|616\/703
|-damage|p2a: Unlucky Egg|529\/703|[from] Stealth Rock
|move|p1a: Ferrothorn|Leech Seed|p2a: Unlucky Egg|[miss]
|-miss|p1a: Ferrothorn|p2a: Unlucky Egg
|
|turn|37
|
|move|p2a: Unlucky Egg|Soft-Boiled|p2a: Unlucky Egg
|-heal|p2a: Unlucky Egg|703\/703
|move|p1a: Ferrothorn|Leech Seed|p2a: Unlucky Egg
|-start|p2a: Unlucky Egg|move: Leech Seed
|
|-damage|p2a: Unlucky Egg|616\/703|[from] Leech Seed|[of] p1a: Ferrothorn
|turn|38
|
|switch|p2a: Swagsire|Quagsire, M|394\/394
|-damage|p2a: Swagsire|370\/394|[from] Stealth Rock
|move|p1a: Ferrothorn|Thunder Wave|p2a: Swagsire
|-immune|p2a: Swagsire|[msg]
|
|-heal|p2a: Swagsire|394\/394|[from] item: Leftovers
|turn|39
|
|move|p2a: Swagsire|Scald|p1a: Ferrothorn
|-resisted|p1a: Ferrothorn
|-damage|p1a: Ferrothorn|324\/352
|move|p1a: Ferrothorn|Leech Seed|p2a: Swagsire
|-start|p2a: Swagsire|move: Leech Seed
|
|-heal|p1a: Ferrothorn|346\/352|[from] item: Leftovers
|-damage|p2a: Swagsire|345\/394|[from] Leech Seed|[of] p1a: Ferrothorn
|-heal|p1a: Ferrothorn|352\/352|[silent]
|turn|40
|
|switch|p2a: Metal Head|Skarmory, M|327\/334
|-damage|p2a: Metal Head|286\/334|[from] Stealth Rock
|switch|p1a: Heracross|Heracross, M|311\/311
|-damage|p1a: Heracross|273\/311|[from] Stealth Rock
|
|-heal|p2a: Metal Head|306\/334|[from] item: Leftovers
|turn|41
|
|switch|p1a: Ferrothorn|Ferrothorn, F|352\/352
|-damage|p1a: Ferrothorn|330\/352|[from] Stealth Rock
|move|p2a: Metal Head|Defog|p1a: Ferrothorn
|-unboost|p1a: Ferrothorn|evasion|1
|-sideend|p1: TimeTravel_1|Stealth Rock|[from] move: Defog|[of] p1a: Ferrothorn
|-sideend|p2: SEXY GAMER DOG|Stealth Rock|[from] move: Defog|[of] p2a: Metal Head
|
|-heal|p2a: Metal Head|326\/334|[from] item: Leftovers
|-heal|p1a: Ferrothorn|352\/352|[from] item: Leftovers
|turn|42
|
|move|p2a: Metal Head|Stealth Rock|p1a: Ferrothorn
|-sidestart|p1: TimeTravel_1|move: Stealth Rock
|move|p1a: Ferrothorn|Thunder Wave|p2a: Metal Head
|-status|p2a: Metal Head|par
|
|-heal|p2a: Metal Head|334\/334 par|[from] item: Leftovers
|turn|43
|
|switch|p2a: Unlucky Egg|Chansey, F|616\/703
|move|p1a: Ferrothorn|Thunder Wave|p2a: Unlucky Egg
|-status|p2a: Unlucky Egg|par
|
|turn|44
|
|move|p1a: Ferrothorn|Stealth Rock|p2a: Unlucky Egg
|-sidestart|p2: SEXY GAMER DOG|move: Stealth Rock
|move|p2a: Unlucky Egg|Heal Bell|p2a: Unlucky Egg
|-cureteam|p2a: Unlucky Egg|[from] move: HealBell
|
|turn|45
|
|switch|p2a: Swagsire|Quagsire, M|345\/394
|-damage|p2a: Swagsire|321\/394|[from] Stealth Rock
|move|p1a: Ferrothorn|Leech Seed|p2a: Swagsire
|-start|p2a: Swagsire|move: Leech Seed
|
|-heal|p2a: Swagsire|345\/394|[from] item: Leftovers
|-damage|p2a: Swagsire|296\/394|[from] Leech Seed|[of] p1a: Ferrothorn
|turn|46
|
|move|p1a: Ferrothorn|Protect|p1a: Ferrothorn
|-singleturn|p1a: Ferrothorn|Protect
|move|p2a: Swagsire|Recover|p2a: Swagsire
|-heal|p2a: Swagsire|394\/394
|
|-damage|p2a: Swagsire|345\/394|[from] Leech Seed|[of] p1a: Ferrothorn
|turn|47
|
|switch|p1a: Politoed|Politoed, M|364\/364 slp
|-damage|p1a: Politoed|319\/364 slp|[from] Stealth Rock
|-weather|RainDance
|move|p2a: Swagsire|Scald|p1a: Politoed
|-resisted|p1a: Politoed
|-damage|p1a: Politoed|271\/364 slp
|
|-weather|RainDance|[upkeep]
|-heal|p2a: Swagsire|369\/394|[from] item: Leftovers
|-damage|p2a: Swagsire|320\/394|[from] Leech Seed|[of] p1a: Politoed
|-heal|p1a: Politoed|320\/364 slp|[silent]
|turn|48
|
|switch|p2a: Metal Head|Skarmory, M|334\/334
|-damage|p2a: Metal Head|293\/334|[from] Stealth Rock
|cant|p1a: Politoed|slp
|move|p1a: Politoed|Sleep Talk|p1a: Politoed
|move|p1a: Politoed|Scald|p2a: Metal Head|[from]Sleep Talk
|-damage|p2a: Metal Head|43\/334
|
|-weather|RainDance|[upkeep]
|-heal|p2a: Metal Head|63\/334|[from] item: Leftovers
|turn|49
|
|switch|p1a: Ferrothorn|Ferrothorn, F|352\/352
|-damage|p1a: Ferrothorn|330\/352|[from] Stealth Rock
|move|p2a: Metal Head|Roost|p2a: Metal Head
|-heal|p2a: Metal Head|230\/334
|
|-weather|RainDance|[upkeep]
|-heal|p2a: Metal Head|250\/334|[from] item: Leftovers
|-heal|p1a: Ferrothorn|352\/352|[from] item: Leftovers
|turn|50
|
|move|p2a: Metal Head|Roost|p2a: Metal Head
|-heal|p2a: Metal Head|334\/334
|move|p1a: Ferrothorn|Thunder Wave|p2a: Metal Head
|-status|p2a: Metal Head|par
|
|-weather|RainDance|[upkeep]
|turn|51
|
|switch|p2a: Unlucky Egg|Chansey, F|616\/703
|-damage|p2a: Unlucky Egg|529\/703|[from] Stealth Rock
|move|p1a: Ferrothorn|Leech Seed|p2a: Unlucky Egg
|-start|p2a: Unlucky Egg|move: Leech Seed
|
|-weather|RainDance|[upkeep]
|-damage|p2a: Unlucky Egg|442\/703|[from] Leech Seed|[of] p1a: Ferrothorn
|turn|52
|
|switch|p1a: Kabutops|Kabutops, F|262\/262
|-damage|p1a: Kabutops|230\/262|[from] Stealth Rock
|move|p2a: Unlucky Egg|Heal Bell|p2a: Unlucky Egg
|-cureteam|p2a: Unlucky Egg|[from] move: HealBell
|
|-weather|RainDance|[upkeep]
|-damage|p2a: Unlucky Egg|355\/703|[from] Leech Seed|[of] p1a: Kabutops
|-heal|p1a: Kabutops|262\/262|[silent]
|turn|53
|
|switch|p2a: Manzard|Charizard-Mega-Y, M|323\/323
|-damage|p2a: Manzard|162\/323|[from] Stealth Rock
|-weather|SunnyDay
|move|p1a: Kabutops|Stone Edge|p2a: Manzard
|-supereffective|p2a: Manzard
|-damage|p2a: Manzard|0 fnt
|-damage|p1a: Kabutops|236\/262|[from] item: Life Orb
|faint|p2a: Manzard
|
|-weather|SunnyDay|[upkeep]
|-message|SEXY GAMER DOG forfeited.
|
|win|TimeTravel_1
|raw|Ladder updating...
|leave|SEXY GAMER DOG
|player|p2
|raw|TimeTravel_1's rating: 1743 &rarr; <strong>1766<\/strong><br \/>(+23 for winning)
|raw|SEXY GAMER DOG's rating: 1799 &rarr; <strong>1776<\/strong><br \/>(-23 for losing)