|join|SEXY GAMER DOG
|join|gilbert1
|player|p1|SEXY GAMER DOG|275
|player|p2|gilbert1|267
|gametype|singles
|gen|6
|tier|OU
|rated
|clearpoke
|poke|p1|Skarmory, M
|poke|p1|Chansey, F
|poke|p1|Charizard, F
|poke|p1|Amoonguss, M
|poke|p1|Quagsire, F
|poke|p1|Gothitelle, M
|poke|p2|Landorus-Therian, M
|poke|p2|Conkeldurr, M
|poke|p2|Magnezone
|poke|p2|Azumarill, F
|poke|p2|Pinsir, M
|poke|p2|Empoleon, F
|rule|Swagger Clause: Swagger is banned
|rule|Baton Pass Clause: Limit one PokÃ©mon knowing Baton Pass
|rule|Sleep Clause Mod: Limit one foe put to sleep
|rule|Species Clause: Limit one of each PokÃ©mon
|rule|OHKO Clause: OHKO moves are banned
|rule|Moody Clause: Moody is banned
|rule|Evasion Moves Clause: Evasion moves are banned
|rule|Endless Battle Clause: Forcing endless battles is banned
|rule|HP Percentage Mod: HP is shown in percentages
|teampreview
|
|start
|switch|p1a: Swagsire|Quagsire, F|394\/394
|switch|p2a: Pinsir|Pinsir, M|271\/271
|turn|1
|
|detailschange|p2a: Pinsir|Pinsir-Mega, M
|message|Pinsir has Mega Evolved into Mega Pinsir!
|move|p2a: Pinsir|Substitute|p2a: Pinsir
|-start|p2a: Pinsir|Substitute
|-damage|p2a: Pinsir|204\/271
|move|p1a: Swagsire|Scald|p2a: Pinsir
|-end|p2a: Pinsir|Substitute
|
|turn|2
|
|move|p2a: Pinsir|Substitute|p2a: Pinsir
|-start|p2a: Pinsir|Substitute
|-damage|p2a: Pinsir|137\/271
|move|p1a: Swagsire|Scald|p2a: Pinsir
|-end|p2a: Pinsir|Substitute
|
|turn|3
|join|Malfin Falcon
|
|move|p2a: Pinsir|Substitute|p2a: Pinsir
|-start|p2a: Pinsir|Substitute
|-damage|p2a: Pinsir|70\/271
|move|p1a: Swagsire|Scald|p2a: Pinsir
|-end|p2a: Pinsir|Substitute
|
|turn|4
|leave|Malfin Falcon
|
|move|p2a: Pinsir|Substitute|p2a: Pinsir
|-start|p2a: Pinsir|Substitute
|-damage|p2a: Pinsir|3\/271
|move|p1a: Swagsire|Scald|p2a: Pinsir
|-end|p2a: Pinsir|Substitute
|
|turn|5
|
|move|p2a: Pinsir|Flail|p1a: Swagsire
|-damage|p1a: Swagsire|0 fnt
|faint|p1a: Swagsire
|
|
|switch|p1a: Metal Head|Skarmory, M|334\/334
|turn|6
|
|switch|p2a: Magnezone|Magnezone|293\/293
|move|p1a: Metal Head|Brave Bird|p2a: Magnezone
|-resisted|p2a: Magnezone
|-damage|p2a: Magnezone|269\/293
|-damage|p1a: Metal Head|326\/334|[from] recoil|[of] p2a: Magnezone
|
|-heal|p1a: Metal Head|334\/334|[from] item: Leftovers
|turn|7
|
|move|p2a: Magnezone|Gravity|p2a: Magnezone
|-fieldstart|move: Gravity
|move|p1a: Metal Head|Stealth Rock|p2a: Magnezone
|-sidestart|p2: gilbert1|move: Stealth Rock
|
|turn|8
|
|move|p2a: Magnezone|Volt Switch|p1a: Metal Head
|-supereffective|p1a: Metal Head
|-activate|p1a: Metal Head|Sturdy
|-damage|p1a: Metal Head|1\/334
|-damage|p2a: Magnezone|240\/293|[from] item: Life Orb
|
|switch|p2a: Landorus-Therian|Landorus-Therian, M|328\/328
|-damage|p2a: Landorus-Therian|287\/328|[from] Stealth Rock
|-ability|p2a: Landorus-Therian|Intimidate|[of] p1a: Metal Head
|-unboost|p1a: Metal Head|atk|1
|move|p1a: Metal Head|Brave Bird|p2a: Landorus-Therian
|-damage|p2a: Landorus-Therian|196\/328
|-damage|p1a: Metal Head|0 fnt|[from] recoil|[of] p2a: Landorus-Therian
|faint|p1a: Metal Head
|
|
|switch|p1a: Manzard|Charizard, F|323\/323
|turn|9
|
|detailschange|p1a: Manzard|Charizard-Mega-Y, F
|message|Charizard has Mega Evolved into Mega Charizard!
|-weather|SunnyDay
|move|p2a: Landorus-Therian|Earthquake|p1a: Manzard
|-supereffective|p1a: Manzard
|-damage|p1a: Manzard|0 fnt
|faint|p1a: Manzard
|
|-weather|SunnyDay|[upkeep]
|-message|SEXY GAMER DOG forfeited.
|
|win|gilbert1
|raw|Ladder updating...
|leave|SEXY GAMER DOG
|player|p1
|raw|SEXY GAMER DOG's rating: 1766 &rarr; <strong>1745<\/strong><br \/>(-21 for losing)
|raw|gilbert1's rating: 1751 &rarr; <strong>1772<\/strong><br \/>(+21 for winning)