|join|Heratank
|join|SEXY GAMER DOG
|player|p1|Heratank|290
|player|p2|SEXY GAMER DOG|275
|gametype|singles
|gen|6
|tier|OU
|rated
|clearpoke
|poke|p1|Terrakion
|poke|p1|Ferrothorn, M
|poke|p1|Thundurus, M
|poke|p1|Excadrill, F
|poke|p1|Gardevoir, M
|poke|p1|Landorus-Therian, M
|poke|p2|Gothitelle, F
|poke|p2|Skarmory, F
|poke|p2|Chansey, F
|poke|p2|Quagsire, M
|poke|p2|Amoonguss, M
|poke|p2|Charizard, F
|rule|Swagger Clause: Swagger is banned
|rule|Baton Pass Clause: Limit one PokÃ©mon knowing Baton Pass
|rule|Sleep Clause Mod: Limit one foe put to sleep
|rule|Species Clause: Limit one of each PokÃ©mon
|rule|OHKO Clause: OHKO moves are banned
|rule|Moody Clause: Moody is banned
|rule|Evasion Moves Clause: Evasion moves are banned
|rule|Endless Battle Clause: Forcing endless battles is banned
|rule|HP Percentage Mod: HP is shown in percentages
|teampreview
|c|âHeratank|aiiiiiiiiiiiiiids
|c|âSEXY GAMER DOG|ayyy lmao
|
|start
|switch|p1a: Landorus-Therian|Landorus-Therian, M|320\/320
|switch|p2a: Swagsire|Quagsire, M|394\/394
|-ability|p1a: Landorus-Therian|Intimidate|[of] p2a: Swagsire
|-unboost|p2a: Swagsire|atk|1
|turn|1
|
|move|p1a: Landorus-Therian|U-turn|p2a: Swagsire
|-damage|p2a: Swagsire|321\/394
|
|switch|p1a: Ferrothorn|Ferrothorn, M|351\/351
|move|p2a: Swagsire|Scald|p1a: Ferrothorn
|-resisted|p1a: Ferrothorn
|-damage|p1a: Ferrothorn|328\/351
|
|-heal|p2a: Swagsire|345\/394|[from] item: Leftovers
|-heal|p1a: Ferrothorn|349\/351|[from] item: Leftovers
|turn|2
|
|switch|p2a: Gothitelletubby|Gothitelle, F|344\/344
|move|p1a: Ferrothorn|Power Whip|p2a: Gothitelletubby
|-damage|p2a: Gothitelletubby|217\/344
|
|-heal|p1a: Ferrothorn|351\/351|[from] item: Leftovers
|turn|3
|join|n3xy
|
|move|p2a: Gothitelletubby|Trick|p1a: Ferrothorn
|-activate|p2a: Gothitelletubby|move: Trick|[of] p1a: Ferrothorn
|-item|p1a: Ferrothorn|Choice Scarf|[from] move: Trick
|-item|p2a: Gothitelletubby|Leftovers|[from] move: Trick
|move|p1a: Ferrothorn|Power Whip|p2a: Gothitelletubby
|-damage|p2a: Gothitelletubby|94\/344
|
|-heal|p2a: Gothitelletubby|115\/344|[from] item: Leftovers
|turn|4
|
|move|p2a: Gothitelletubby|Rest|p2a: Gothitelletubby
|-status|p2a: Gothitelletubby|slp
|-heal|p2a: Gothitelletubby|344\/344 slp|[silent]
|-status|p2a: Gothitelletubby|slp|[from] move: Rest
|move|p1a: Ferrothorn|Power Whip|p2a: Gothitelletubby
|-damage|p2a: Gothitelletubby|224\/344 slp
|
|-heal|p2a: Gothitelletubby|245\/344 slp|[from] item: Leftovers
|turn|5
|
|cant|p2a: Gothitelletubby|slp
|move|p1a: Ferrothorn|Power Whip|p2a: Gothitelletubby|[miss]
|-miss|p1a: Ferrothorn|p2a: Gothitelletubby
|
|-heal|p2a: Gothitelletubby|266\/344 slp|[from] item: Leftovers
|turn|6
|c|âHeratank|dude
|
|cant|p2a: Gothitelletubby|slp
|move|p1a: Ferrothorn|Power Whip|p2a: Gothitelletubby
|-damage|p2a: Gothitelletubby|151\/344 slp
|
|-heal|p2a: Gothitelletubby|172\/344 slp|[from] item: Leftovers
|turn|7
|
|-curestatus|p2a: Gothitelletubby|slp
|move|p2a: Gothitelletubby|Rest|p2a: Gothitelletubby
|-status|p2a: Gothitelletubby|slp
|-heal|p2a: Gothitelletubby|344\/344 slp|[silent]
|-status|p2a: Gothitelletubby|slp|[from] move: Rest
|move|p1a: Ferrothorn|Power Whip|p2a: Gothitelletubby|[miss]
|-miss|p1a: Ferrothorn|p2a: Gothitelletubby
|
|turn|8
|
|cant|p2a: Gothitelletubby|slp
|move|p1a: Ferrothorn|Power Whip|p2a: Gothitelletubby
|-damage|p2a: Gothitelletubby|221\/344 slp
|
|-heal|p2a: Gothitelletubby|242\/344 slp|[from] item: Leftovers
|turn|9
|
|cant|p2a: Gothitelletubby|slp
|move|p1a: Ferrothorn|Power Whip|p2a: Gothitelletubby
|-damage|p2a: Gothitelletubby|125\/344 slp
|
|-heal|p2a: Gothitelletubby|146\/344 slp|[from] item: Leftovers
|turn|10
|
|-curestatus|p2a: Gothitelletubby|slp
|move|p2a: Gothitelletubby|Rest|p2a: Gothitelletubby
|-status|p2a: Gothitelletubby|slp
|-heal|p2a: Gothitelletubby|344\/344 slp|[silent]
|-status|p2a: Gothitelletubby|slp|[from] move: Rest
|move|p1a: Ferrothorn|Power Whip|p2a: Gothitelletubby
|-damage|p2a: Gothitelletubby|217\/344 slp
|
|-heal|p2a: Gothitelletubby|238\/344 slp|[from] item: Leftovers
|turn|11
|c| n3xy|rolf
|c|âHeratank|dude
|
|cant|p2a: Gothitelletubby|slp
|move|p1a: Ferrothorn|Power Whip|p2a: Gothitelletubby
|-damage|p2a: Gothitelletubby|109\/344 slp
|
|-heal|p2a: Gothitelletubby|130\/344 slp|[from] item: Leftovers
|turn|12
|c|âSEXY GAMER DOG|ayyy lmao
|
|cant|p2a: Gothitelletubby|slp
|move|p1a: Ferrothorn|Power Whip|p2a: Gothitelletubby
|-damage|p2a: Gothitelletubby|1\/344 slp
|
|-heal|p2a: Gothitelletubby|22\/344 slp|[from] item: Leftovers
|turn|13
|c|âHeratank|where is my crit
|c| n3xy|lmao
|c|âHeratank|wtf
|
|-curestatus|p2a: Gothitelletubby|slp
|move|p2a: Gothitelletubby|Rest|p2a: Gothitelletubby
|-status|p2a: Gothitelletubby|slp
|-heal|p2a: Gothitelletubby|344\/344 slp|[silent]
|-status|p2a: Gothitelletubby|slp|[from] move: Rest
|move|p1a: Ferrothorn|Power Whip|p2a: Gothitelletubby
|-damage|p2a: Gothitelletubby|220\/344 slp
|
|-heal|p2a: Gothitelletubby|241\/344 slp|[from] item: Leftovers
|turn|14
|
|cant|p2a: Gothitelletubby|slp
|move|p1a: Ferrothorn|Power Whip|p2a: Gothitelletubby|[miss]
|-miss|p1a: Ferrothorn|p2a: Gothitelletubby
|
|-heal|p2a: Gothitelletubby|262\/344 slp|[from] item: Leftovers
|turn|15
|c|âHeratank|omg
|
|cant|p2a: Gothitelletubby|slp
|move|p1a: Ferrothorn|Power Whip|p2a: Gothitelletubby
|-damage|p2a: Gothitelletubby|147\/344 slp
|
|-heal|p2a: Gothitelletubby|168\/344 slp|[from] item: Leftovers
|turn|16
|
|-curestatus|p2a: Gothitelletubby|slp
|move|p2a: Gothitelletubby|Rest|p2a: Gothitelletubby
|-status|p2a: Gothitelletubby|slp
|-heal|p2a: Gothitelletubby|344\/344 slp|[silent]
|-status|p2a: Gothitelletubby|slp|[from] move: Rest
|move|p1a: Ferrothorn|Power Whip|p2a: Gothitelletubby
|-damage|p2a: Gothitelletubby|214\/344 slp
|
|-heal|p2a: Gothitelletubby|235\/344 slp|[from] item: Leftovers
|turn|17
|c| n3xy|lmao
|c|âSEXY GAMER DOG|ayyy
|c|âHeratank|burn in hell asshole
|
|cant|p2a: Gothitelletubby|slp
|move|p1a: Ferrothorn|Power Whip|p2a: Gothitelletubby
|-damage|p2a: Gothitelletubby|111\/344 slp
|
|-heal|p2a: Gothitelletubby|132\/344 slp|[from] item: Leftovers
|turn|18
|
|cant|p2a: Gothitelletubby|slp
|-activate|p1a: Ferrothorn|move: Struggle
|move|p1a: Ferrothorn|Struggle|p2a: Gothitelletubby
|-damage|p2a: Gothitelletubby|96\/344 slp
|-damage|p1a: Ferrothorn|264\/351
|
|-heal|p2a: Gothitelletubby|117\/344 slp|[from] item: Leftovers
|turn|19
|c|âSEXY GAMER DOG|ayyy lmao
|
|-curestatus|p2a: Gothitelletubby|slp
|move|p2a: Gothitelletubby|Rest|p2a: Gothitelletubby
|-status|p2a: Gothitelletubby|slp
|-heal|p2a: Gothitelletubby|344\/344 slp|[silent]
|-status|p2a: Gothitelletubby|slp|[from] move: Rest
|-activate|p1a: Ferrothorn|move: Struggle
|move|p1a: Ferrothorn|Struggle|p2a: Gothitelletubby
|-damage|p2a: Gothitelletubby|309\/344 slp
|-damage|p1a: Ferrothorn|177\/351
|
|-heal|p2a: Gothitelletubby|330\/344 slp|[from] item: Leftovers
|turn|20
|c|âHeratank|dirty fagot
|c|âHeratank|whor
|c|âHeratank|slut
|c|âHeratank|click a move it's not that hard
|
|cant|p2a: Gothitelletubby|slp
|-activate|p1a: Ferrothorn|move: Struggle
|move|p1a: Ferrothorn|Struggle|p2a: Gothitelletubby
|-damage|p2a: Gothitelletubby|297\/344 slp
|-damage|p1a: Ferrothorn|90\/351
|
|-heal|p2a: Gothitelletubby|318\/344 slp|[from] item: Leftovers
|turn|21
|
|cant|p2a: Gothitelletubby|slp
|-activate|p1a: Ferrothorn|move: Struggle
|move|p1a: Ferrothorn|Struggle|p2a: Gothitelletubby
|-damage|p2a: Gothitelletubby|282\/344 slp
|-damage|p1a: Ferrothorn|3\/351
|
|-heal|p2a: Gothitelletubby|303\/344 slp|[from] item: Leftovers
|turn|22
|c|âHeratank|jesus christ just run magnezone
|
|-curestatus|p2a: Gothitelletubby|slp
|move|p2a: Gothitelletubby|Trick|p1a: Ferrothorn
|-activate|p2a: Gothitelletubby|move: Trick|[of] p1a: Ferrothorn
|-item|p1a: Ferrothorn|Leftovers|[from] move: Trick
|-item|p2a: Gothitelletubby|Choice Scarf|[from] move: Trick
|-activate|p1a: Ferrothorn|move: Struggle
|move|p1a: Ferrothorn|Struggle|p2a: Gothitelletubby
|-damage|p2a: Gothitelletubby|270\/344
|-damage|p1a: Ferrothorn|0 fnt
|faint|p1a: Ferrothorn
|
|c|âHeratank|worth it?
|c|âHeratank|fagot
|
|switch|p1a: Gardevoir|Gardevoir, M|278\/278
|-ability|p1a: Gardevoir|Shadow Tag|[from] ability: Trace|[of] p2a: Gothitelletubby
|turn|23
|c| n3xy|HAHAHAHAHA
|
|detailschange|p1a: Gardevoir|Gardevoir-Mega, M
|message|Gardevoir has Mega Evolved into Mega Gardevoir!
|move|p2a: Gothitelletubby|Taunt|p1a: Gardevoir
|-start|p1a: Gardevoir|move: Taunt
|cant|p1a: Gardevoir|move: Taunt|Calm Mind
|
|turn|24
|
|switch|p2a: Queen of Twerk|Chansey, F|704\/704
|move|p1a: Gardevoir|Hyper Voice|p2a: Queen of Twerk
|-damage|p2a: Queen of Twerk|553\/704
|
|turn|25
|
|switch|p1a: Thundurus|Thundurus, M|299\/299
|move|p2a: Queen of Twerk|Toxic|p1a: Thundurus
|-status|p1a: Thundurus|tox
|
|-damage|p1a: Thundurus|281\/299 tox|[from] psn
|turn|26
|
|switch|p2a: Swagsire|Quagsire, M|345\/394
|move|p1a: Thundurus|Knock Off|p2a: Swagsire
|-damage|p2a: Swagsire|259\/394
|-enditem|p2a: Swagsire|Leftovers|[from] move: Knock Off|[of] p1a: Thundurus
|-damage|p1a: Thundurus|252\/299 tox|[from] item: Life Orb
|
|-damage|p1a: Thundurus|216\/299 tox|[from] psn
|turn|27
|
|switch|p1a: Excadrill|Excadrill, F|377\/377
|-ability|p1a: Excadrill|Mold Breaker
|-item|p1a: Excadrill|Air Balloon
|move|p2a: Swagsire|Recover|p2a: Swagsire
|-heal|p2a: Swagsire|394\/394
|
|turn|28
|
|move|p1a: Excadrill|Stealth Rock|p2a: Swagsire
|-sidestart|p2: SEXY GAMER DOG|move: Stealth Rock
|move|p2a: Swagsire|Scald|p1a: Excadrill
|-supereffective|p1a: Excadrill
|-damage|p1a: Excadrill|197\/377
|-enditem|p1a: Excadrill|Air Balloon
|-status|p1a: Excadrill|brn
|
|-damage|p1a: Excadrill|150\/377 brn|[from] brn
|turn|29
|
|switch|p2a: Wombo Combo|Skarmory, F|334\/334
|-damage|p2a: Wombo Combo|293\/334|[from] Stealth Rock
|move|p1a: Excadrill|Earthquake|p2a: Wombo Combo
|-immune|p2a: Wombo Combo|[msg]
|
|-heal|p2a: Wombo Combo|313\/334|[from] item: Leftovers
|-damage|p1a: Excadrill|103\/377 brn|[from] brn
|turn|30
|
|move|p1a: Excadrill|Iron Head|p2a: Wombo Combo
|-resisted|p2a: Wombo Combo
|-damage|p2a: Wombo Combo|293\/334
|move|p2a: Wombo Combo|Defog|p1a: Excadrill
|-unboost|p1a: Excadrill|evasion|1
|-sideend|p2: SEXY GAMER DOG|Stealth Rock|[from] move: Defog|[of] p2a: Wombo Combo
|
|-heal|p2a: Wombo Combo|313\/334|[from] item: Leftovers
|-damage|p1a: Excadrill|56\/377 brn|[from] brn
|turn|31
|
|move|p1a: Excadrill|Stealth Rock|p2a: Wombo Combo
|-sidestart|p2: SEXY GAMER DOG|move: Stealth Rock
|move|p2a: Wombo Combo|Defog|p1a: Excadrill
|-unboost|p1a: Excadrill|evasion|1
|-sideend|p2: SEXY GAMER DOG|Stealth Rock|[from] move: Defog|[of] p2a: Wombo Combo
|
|-heal|p2a: Wombo Combo|333\/334|[from] item: Leftovers
|-damage|p1a: Excadrill|9\/377 brn|[from] brn
|turn|32
|
|switch|p1a: Thundurus|Thundurus, M|216\/299 tox
|move|p2a: Wombo Combo|Defog|p1a: Thundurus
|-unboost|p1a: Thundurus|evasion|1
|-boost|p1a: Thundurus|atk|2|[from] ability: Defiant
|
|-heal|p2a: Wombo Combo|334\/334|[from] item: Leftovers
|-damage|p1a: Thundurus|198\/299 tox|[from] psn
|turn|33
|
|switch|p2a: Swagsire|Quagsire, M|394\/394
|move|p1a: Thundurus|Thunderbolt|p2a: Swagsire
|-immune|p2a: Swagsire|[msg]
|
|-damage|p1a: Thundurus|162\/299 tox|[from] psn
|turn|34
|
|switch|p1a: Excadrill|Excadrill, F|9\/377 brn
|-ability|p1a: Excadrill|Mold Breaker
|move|p2a: Swagsire|Scald|p1a: Excadrill
|-supereffective|p1a: Excadrill
|-damage|p1a: Excadrill|0 fnt
|faint|p1a: Excadrill
|
|
|switch|p1a: Gardevoir|Gardevoir-Mega, M|278\/278
|turn|35
|
|move|p1a: Gardevoir|Calm Mind|p1a: Gardevoir
|-boost|p1a: Gardevoir|spa|1
|-boost|p1a: Gardevoir|spd|1
|move|p2a: Swagsire|Earthquake|p1a: Gardevoir
|-damage|p1a: Gardevoir|139\/278
|
|turn|36
|
|move|p1a: Gardevoir|Hyper Voice|p2a: Swagsire
|-damage|p2a: Swagsire|67\/394
|move|p2a: Swagsire|Earthquake|p1a: Gardevoir
|-damage|p1a: Gardevoir|0 fnt
|faint|p1a: Gardevoir
|
|
|switch|p1a: Terrakion|Terrakion|323\/323
|turn|37
|
|move|p1a: Terrakion|Stone Edge|p2a: Swagsire
|-resisted|p2a: Swagsire
|-damage|p2a: Swagsire|0 fnt
|faint|p2a: Swagsire
|
|
|switch|p2a: Gothitelletubby|Gothitelle, F|270\/344
|turn|38
|
|move|p1a: Terrakion|Stone Edge|p2a: Gothitelletubby
|-damage|p2a: Gothitelletubby|9\/344
|move|p2a: Gothitelletubby|Trick|p1a: Terrakion
|-activate|p2a: Gothitelletubby|move: Trick|[of] p1a: Terrakion
|-item|p1a: Terrakion|Choice Scarf|[from] move: Trick
|-item|p2a: Gothitelletubby|Choice Band|[from] move: Trick
|
|turn|39
|
|move|p1a: Terrakion|Stone Edge|p2a: Gothitelletubby|[miss]
|-miss|p1a: Terrakion|p2a: Gothitelletubby
|move|p2a: Gothitelletubby|Rest|p2a: Gothitelletubby
|-status|p2a: Gothitelletubby|slp
|-heal|p2a: Gothitelletubby|344\/344 slp|[silent]
|-status|p2a: Gothitelletubby|slp|[from] move: Rest
|
|turn|40
|
|switch|p2a: Wombo Combo|Skarmory, F|334\/334
|move|p1a: Terrakion|Stone Edge|p2a: Wombo Combo
|-damage|p2a: Wombo Combo|232\/334
|
|-heal|p2a: Wombo Combo|252\/334|[from] item: Leftovers
|turn|41
|
|switch|p1a: Thundurus|Thundurus, M|162\/299 tox
|move|p2a: Wombo Combo|Stealth Rock|p1a: Thundurus
|-sidestart|p1: Heratank|move: Stealth Rock
|
|-heal|p2a: Wombo Combo|272\/334|[from] item: Leftovers
|-damage|p1a: Thundurus|144\/299 tox|[from] psn
|turn|42
|
|switch|p2a: Grasshole|Amoonguss, M|432\/432
|move|p1a: Thundurus|Knock Off|p2a: Grasshole
|-damage|p2a: Grasshole|294\/432
|-enditem|p2a: Grasshole|Black Sludge|[from] move: Knock Off|[of] p1a: Thundurus
|-damage|p1a: Thundurus|115\/299 tox|[from] item: Life Orb
|
|-damage|p1a: Thundurus|79\/299 tox|[from] psn
|turn|43
|
|move|p1a: Thundurus|Hidden Power|p2a: Grasshole
|-supereffective|p2a: Grasshole
|-damage|p2a: Grasshole|135\/432
|-damage|p1a: Thundurus|50\/299 tox|[from] item: Life Orb
|move|p2a: Grasshole|Clear Smog|p1a: Thundurus
|-damage|p1a: Thundurus|0 fnt
|-clearboost|p1a: Thundurus
|faint|p1a: Thundurus
|
|-message|Heratank forfeited.
|
|switch|p1a: Terrakion|Terrakion|323\/323
|-damage|p1a: Terrakion|303\/323|[from] Stealth Rock
|turn|44
|leave|Heratank
|
|win|SEXY GAMER DOG
|raw|Ladder updating...
|player|p1
|raw|Heratank's rating: 1669 &rarr; <strong>1650<\/strong><br \/>(-19 for losing)
|raw|SEXY GAMER DOG's rating: 1690 &rarr; <strong>1709<\/strong><br \/>(+19 for winning)