|join|SEXY GAMER DOG
|join|Testido
|player|p1|SEXY GAMER DOG|23
|player|p2|Testido|101
|gametype|singles
|gen|6
|tier|OU
|rated
|clearpoke
|poke|p1|Chansey, F
|poke|p1|Quagsire, M
|poke|p1|Skarmory, F
|poke|p1|Cresselia, F
|poke|p1|Sableye, M
|poke|p1|Gothitelle, M
|poke|p2|Greninja, M
|poke|p2|Ferrothorn, M
|poke|p2|Landorus-Therian, M
|poke|p2|Diancie
|poke|p2|Chansey, F
|poke|p2|Latios, M
|rule|Swagger Clause: Swagger is banned
|rule|Baton Pass Clause: Limit one PokÃ©mon knowing Baton Pass
|rule|Sleep Clause Mod: Limit one foe put to sleep
|rule|Species Clause: Limit one of each PokÃ©mon
|rule|OHKO Clause: OHKO moves are banned
|rule|Moody Clause: Moody is banned
|rule|Evasion Moves Clause: Evasion moves are banned
|rule|Endless Battle Clause: Forcing endless battles is banned
|rule|HP Percentage Mod: HP is shown in percentages
|teampreview
|
|start
|switch|p1a: LE GEM XD|Sableye, M|304\/304
|switch|p2a: Diancie|Diancie|304\/304
|turn|1
|
|switch|p1a: Queen of Twerk|Chansey, F|704\/704
|detailschange|p2a: Diancie|Diancie-Mega
|message|Diancie has Mega Evolved into Mega Diancie!
|move|p2a: Diancie|Moonblast|p1a: Queen of Twerk
|-damage|p1a: Queen of Twerk|586\/704
|
|turn|2
|
|switch|p2a: Chansey|Chansey, F|704\/704
|move|p1a: Queen of Twerk|Soft-Boiled|p1a: Queen of Twerk
|-heal|p1a: Queen of Twerk|704\/704
|
|turn|3
|
|switch|p1a: Gothitelletubby|Gothitelle, M|344\/344
|move|p2a: Chansey|Toxic|p1a: Gothitelletubby
|-status|p1a: Gothitelletubby|tox
|
|-damage|p1a: Gothitelletubby|323\/344 tox|[from] psn
|turn|4
|
|move|p1a: Gothitelletubby|Trick|p2a: Chansey
|-activate|p1a: Gothitelletubby|move: Trick|[of] p2a: Chansey
|-item|p2a: Chansey|Choice Scarf|[from] move: Trick
|-item|p1a: Gothitelletubby|Eviolite|[from] move: Trick
|move|p2a: Chansey|Seismic Toss|p1a: Gothitelletubby
|-damage|p1a: Gothitelletubby|223\/344 tox
|
|-damage|p1a: Gothitelletubby|181\/344 tox|[from] psn
|turn|5
|
|move|p1a: Gothitelletubby|Rest|p1a: Gothitelletubby
|-status|p1a: Gothitelletubby|slp
|-heal|p1a: Gothitelletubby|344\/344 slp|[silent]
|-status|p1a: Gothitelletubby|slp|[from] move: Rest
|move|p2a: Chansey|Seismic Toss|p1a: Gothitelletubby
|-damage|p1a: Gothitelletubby|244\/344 slp
|
|turn|6
|
|cant|p1a: Gothitelletubby|slp
|move|p2a: Chansey|Seismic Toss|p1a: Gothitelletubby
|-damage|p1a: Gothitelletubby|144\/344 slp
|
|turn|7
|
|cant|p1a: Gothitelletubby|slp
|move|p2a: Chansey|Seismic Toss|p1a: Gothitelletubby
|-damage|p1a: Gothitelletubby|44\/344 slp
|
|turn|8
|
|-curestatus|p1a: Gothitelletubby|slp
|move|p1a: Gothitelletubby|Rest|p1a: Gothitelletubby
|-status|p1a: Gothitelletubby|slp
|-heal|p1a: Gothitelletubby|344\/344 slp|[silent]
|-status|p1a: Gothitelletubby|slp|[from] move: Rest
|move|p2a: Chansey|Seismic Toss|p1a: Gothitelletubby
|-damage|p1a: Gothitelletubby|244\/344 slp
|
|turn|9
|
|cant|p1a: Gothitelletubby|slp
|move|p2a: Chansey|Seismic Toss|p1a: Gothitelletubby
|-damage|p1a: Gothitelletubby|144\/344 slp
|
|turn|10
|
|cant|p1a: Gothitelletubby|slp
|move|p2a: Chansey|Seismic Toss|p1a: Gothitelletubby
|-damage|p1a: Gothitelletubby|44\/344 slp
|
|turn|11
|
|-curestatus|p1a: Gothitelletubby|slp
|move|p1a: Gothitelletubby|Rest|p1a: Gothitelletubby
|-status|p1a: Gothitelletubby|slp
|-heal|p1a: Gothitelletubby|344\/344 slp|[silent]
|-status|p1a: Gothitelletubby|slp|[from] move: Rest
|move|p2a: Chansey|Seismic Toss|p1a: Gothitelletubby
|-damage|p1a: Gothitelletubby|244\/344 slp
|
|turn|12
|
|cant|p1a: Gothitelletubby|slp
|move|p2a: Chansey|Seismic Toss|p1a: Gothitelletubby
|-damage|p1a: Gothitelletubby|144\/344 slp
|
|turn|13
|
|cant|p1a: Gothitelletubby|slp
|move|p2a: Chansey|Seismic Toss|p1a: Gothitelletubby
|-damage|p1a: Gothitelletubby|44\/344 slp
|
|turn|14
|
|-curestatus|p1a: Gothitelletubby|slp
|move|p1a: Gothitelletubby|Rest|p1a: Gothitelletubby
|-status|p1a: Gothitelletubby|slp
|-heal|p1a: Gothitelletubby|344\/344 slp|[silent]
|-status|p1a: Gothitelletubby|slp|[from] move: Rest
|move|p2a: Chansey|Seismic Toss|p1a: Gothitelletubby
|-damage|p1a: Gothitelletubby|244\/344 slp
|
|turn|15
|
|cant|p1a: Gothitelletubby|slp
|move|p2a: Chansey|Seismic Toss|p1a: Gothitelletubby
|-damage|p1a: Gothitelletubby|144\/344 slp
|
|turn|16
|
|cant|p1a: Gothitelletubby|slp
|move|p2a: Chansey|Seismic Toss|p1a: Gothitelletubby
|-damage|p1a: Gothitelletubby|44\/344 slp
|
|turn|17
|
|-curestatus|p1a: Gothitelletubby|slp
|move|p1a: Gothitelletubby|Rest|p1a: Gothitelletubby
|-status|p1a: Gothitelletubby|slp
|-heal|p1a: Gothitelletubby|344\/344 slp|[silent]
|-status|p1a: Gothitelletubby|slp|[from] move: Rest
|move|p2a: Chansey|Seismic Toss|p1a: Gothitelletubby
|-damage|p1a: Gothitelletubby|244\/344 slp
|
|turn|18
|
|cant|p1a: Gothitelletubby|slp
|move|p2a: Chansey|Seismic Toss|p1a: Gothitelletubby
|-damage|p1a: Gothitelletubby|144\/344 slp
|
|turn|19
|
|cant|p1a: Gothitelletubby|slp
|move|p2a: Chansey|Seismic Toss|p1a: Gothitelletubby
|-damage|p1a: Gothitelletubby|44\/344 slp
|
|turn|20
|
|-curestatus|p1a: Gothitelletubby|slp
|move|p1a: Gothitelletubby|Rest|p1a: Gothitelletubby
|-status|p1a: Gothitelletubby|slp
|-heal|p1a: Gothitelletubby|344\/344 slp|[silent]
|-status|p1a: Gothitelletubby|slp|[from] move: Rest
|move|p2a: Chansey|Seismic Toss|p1a: Gothitelletubby
|-damage|p1a: Gothitelletubby|244\/344 slp
|
|turn|21
|
|cant|p1a: Gothitelletubby|slp
|move|p2a: Chansey|Seismic Toss|p1a: Gothitelletubby
|-damage|p1a: Gothitelletubby|144\/344 slp
|
|turn|22
|
|cant|p1a: Gothitelletubby|slp
|move|p2a: Chansey|Seismic Toss|p1a: Gothitelletubby
|-damage|p1a: Gothitelletubby|44\/344 slp
|
|turn|23
|
|-curestatus|p1a: Gothitelletubby|slp
|move|p1a: Gothitelletubby|Rest|p1a: Gothitelletubby
|-status|p1a: Gothitelletubby|slp
|-heal|p1a: Gothitelletubby|344\/344 slp|[silent]
|-status|p1a: Gothitelletubby|slp|[from] move: Rest
|move|p2a: Chansey|Seismic Toss|p1a: Gothitelletubby
|-damage|p1a: Gothitelletubby|244\/344 slp
|
|turn|24
|
|cant|p1a: Gothitelletubby|slp
|move|p2a: Chansey|Seismic Toss|p1a: Gothitelletubby
|-damage|p1a: Gothitelletubby|144\/344 slp
|
|turn|25
|
|cant|p1a: Gothitelletubby|slp
|move|p2a: Chansey|Seismic Toss|p1a: Gothitelletubby
|-damage|p1a: Gothitelletubby|44\/344 slp
|
|turn|26
|
|-curestatus|p1a: Gothitelletubby|slp
|move|p1a: Gothitelletubby|Rest|p1a: Gothitelletubby
|-status|p1a: Gothitelletubby|slp
|-heal|p1a: Gothitelletubby|344\/344 slp|[silent]
|-status|p1a: Gothitelletubby|slp|[from] move: Rest
|move|p2a: Chansey|Seismic Toss|p1a: Gothitelletubby
|-damage|p1a: Gothitelletubby|244\/344 slp
|
|turn|27
|
|cant|p1a: Gothitelletubby|slp
|move|p2a: Chansey|Seismic Toss|p1a: Gothitelletubby
|-damage|p1a: Gothitelletubby|144\/344 slp
|
|turn|28
|
|cant|p1a: Gothitelletubby|slp
|move|p2a: Chansey|Seismic Toss|p1a: Gothitelletubby
|-damage|p1a: Gothitelletubby|44\/344 slp
|
|turn|29
|
|-curestatus|p1a: Gothitelletubby|slp
|move|p1a: Gothitelletubby|Rest|p1a: Gothitelletubby
|-status|p1a: Gothitelletubby|slp
|-heal|p1a: Gothitelletubby|344\/344 slp|[silent]
|-status|p1a: Gothitelletubby|slp|[from] move: Rest
|move|p2a: Chansey|Seismic Toss|p1a: Gothitelletubby
|-damage|p1a: Gothitelletubby|244\/344 slp
|
|turn|30
|
|cant|p1a: Gothitelletubby|slp
|move|p2a: Chansey|Seismic Toss|p1a: Gothitelletubby
|-damage|p1a: Gothitelletubby|144\/344 slp
|
|turn|31
|
|cant|p1a: Gothitelletubby|slp
|move|p2a: Chansey|Seismic Toss|p1a: Gothitelletubby
|-damage|p1a: Gothitelletubby|44\/344 slp
|
|turn|32
|
|-curestatus|p1a: Gothitelletubby|slp
|move|p1a: Gothitelletubby|Rest|p1a: Gothitelletubby
|-status|p1a: Gothitelletubby|slp
|-heal|p1a: Gothitelletubby|344\/344 slp|[silent]
|-status|p1a: Gothitelletubby|slp|[from] move: Rest
|move|p2a: Chansey|Seismic Toss|p1a: Gothitelletubby
|-damage|p1a: Gothitelletubby|244\/344 slp
|
|turn|33
|
|cant|p1a: Gothitelletubby|slp
|move|p2a: Chansey|Seismic Toss|p1a: Gothitelletubby
|-damage|p1a: Gothitelletubby|144\/344 slp
|
|turn|34
|
|cant|p1a: Gothitelletubby|slp
|move|p2a: Chansey|Seismic Toss|p1a: Gothitelletubby
|-damage|p1a: Gothitelletubby|44\/344 slp
|
|turn|35
|
|-curestatus|p1a: Gothitelletubby|slp
|move|p1a: Gothitelletubby|Rest|p1a: Gothitelletubby
|-status|p1a: Gothitelletubby|slp
|-heal|p1a: Gothitelletubby|344\/344 slp|[silent]
|-status|p1a: Gothitelletubby|slp|[from] move: Rest
|move|p2a: Chansey|Seismic Toss|p1a: Gothitelletubby
|-damage|p1a: Gothitelletubby|244\/344 slp
|
|turn|36
|
|cant|p1a: Gothitelletubby|slp
|-activate|p2a: Chansey|move: Struggle
|move|p2a: Chansey|Struggle|p1a: Gothitelletubby
|-damage|p1a: Gothitelletubby|237\/344 slp
|-damage|p2a: Chansey|528\/704
|
|turn|37
|
|cant|p1a: Gothitelletubby|slp
|-activate|p2a: Chansey|move: Struggle
|move|p2a: Chansey|Struggle|p1a: Gothitelletubby
|-damage|p1a: Gothitelletubby|229\/344 slp
|-damage|p2a: Chansey|352\/704
|
|turn|38
|
|-curestatus|p1a: Gothitelletubby|slp
|move|p1a: Gothitelletubby|Calm Mind|p1a: Gothitelletubby
|-boost|p1a: Gothitelletubby|spa|1
|-boost|p1a: Gothitelletubby|spd|1
|-activate|p2a: Chansey|move: Struggle
|move|p2a: Chansey|Struggle|p1a: Gothitelletubby
|-damage|p1a: Gothitelletubby|222\/344
|-damage|p2a: Chansey|176\/704
|
|turn|39
|
|move|p1a: Gothitelletubby|Trick|p2a: Chansey
|-activate|p1a: Gothitelletubby|move: Trick|[of] p2a: Chansey
|-item|p2a: Chansey|Eviolite|[from] move: Trick
|-item|p1a: Gothitelletubby|Choice Scarf|[from] move: Trick
|-activate|p2a: Chansey|move: Struggle
|move|p2a: Chansey|Struggle|p1a: Gothitelletubby
|-damage|p1a: Gothitelletubby|215\/344
|-damage|p2a: Chansey|0 fnt
|faint|p2a: Chansey
|
|
|switch|p2a: Diancie|Diancie-Mega|304\/304
|turn|40
|
|switch|p1a: Queen of Twerk|Chansey, F|704\/704
|move|p2a: Diancie|Diamond Storm|p1a: Queen of Twerk
|-damage|p1a: Queen of Twerk|446\/704
|-boost|p2a: Diancie|def|1
|
|turn|41
|
|switch|p2a: Landorus-Therian|Landorus-Therian, M|320\/320
|-ability|p2a: Landorus-Therian|Intimidate|[of] p1a: Queen of Twerk
|-unboost|p1a: Queen of Twerk|atk|1
|move|p1a: Queen of Twerk|Soft-Boiled|p1a: Queen of Twerk
|-heal|p1a: Queen of Twerk|704\/704
|
|turn|42
|
|switch|p1a: Metal as Fuck|Skarmory, F|334\/334
|move|p2a: Landorus-Therian|Knock Off|p1a: Metal as Fuck
|-damage|p1a: Metal as Fuck|261\/334
|-enditem|p1a: Metal as Fuck|Shed Shell|[from] move: Knock Off|[of] p2a: Landorus-Therian
|
|turn|43
|
|switch|p2a: Diancie|Diancie-Mega|304\/304
|move|p1a: Metal as Fuck|Roost|p1a: Metal as Fuck
|-heal|p1a: Metal as Fuck|334\/334
|
|turn|44
|
|switch|p1a: Queen of Twerk|Chansey, F|704\/704
|move|p2a: Diancie|Moonblast|p1a: Queen of Twerk
|-damage|p1a: Queen of Twerk|577\/704
|
|turn|45
|
|switch|p2a: Ferrothorn|Ferrothorn, M|352\/352
|move|p1a: Queen of Twerk|Soft-Boiled|p1a: Queen of Twerk
|-heal|p1a: Queen of Twerk|704\/704
|
|turn|46
|
|switch|p1a: Gothitelletubby|Gothitelle, M|215\/344
|switch|p2a: Landorus-Therian|Landorus-Therian, M|320\/320
|-ability|p2a: Landorus-Therian|Intimidate|[of] p1a: Gothitelletubby
|-unboost|p1a: Gothitelletubby|atk|1
|
|turn|47
|
|switch|p1a: Metal as Fuck|Skarmory, F|334\/334
|move|p2a: Landorus-Therian|U-turn|p1a: Metal as Fuck
|-resisted|p1a: Metal as Fuck
|-damage|p1a: Metal as Fuck|321\/334
|
|switch|p2a: Greninja|Greninja, M|285\/285
|
|turn|48
|
|move|p2a: Greninja|Gunk Shot|p1a: Metal as Fuck
|-start|p2a: Greninja|typechange|Poison|[from] Protean
|-immune|p1a: Metal as Fuck|[msg]
|move|p1a: Metal as Fuck|Stealth Rock|p2a: Greninja
|-sidestart|p2: Testido|move: Stealth Rock
|
|turn|49
|c|âSEXY GAMER DOG|cant wait for greninja to get suspected and banned
|
|switch|p1a: Queen of Twerk|Chansey, F|704\/704
|move|p2a: Greninja|Dark Pulse|p1a: Queen of Twerk
|-start|p2a: Greninja|typechange|Dark|[from] Protean
|-crit|p1a: Queen of Twerk
|-damage|p1a: Queen of Twerk|562\/704
|-damage|p2a: Greninja|257\/285|[from] item: Life Orb
|
|turn|50
|
|switch|p2a: Diancie|Diancie-Mega|304\/304
|-damage|p2a: Diancie|266\/304|[from] Stealth Rock
|move|p1a: Queen of Twerk|Soft-Boiled|p1a: Queen of Twerk
|-heal|p1a: Queen of Twerk|704\/704
|
|turn|51
|
|switch|p2a: Latios|Latios, M|301\/301
|-damage|p2a: Latios|264\/301|[from] Stealth Rock
|switch|p1a: Gothitelletubby|Gothitelle, M|215\/344
|
|turn|52
|
|move|p2a: Latios|Draco Meteor|p1a: Gothitelletubby
|-damage|p1a: Gothitelletubby|0 fnt
|-unboost|p2a: Latios|spa|2
|-damage|p2a: Latios|234\/301|[from] item: Life Orb
|faint|p1a: Gothitelletubby
|
|
|switch|p1a: LE GEM XD|Sableye, M|304\/304
|turn|53
|
|detailschange|p1a: LE GEM XD|Sableye-Mega, M
|message|Sableye has Mega Evolved into Mega Sableye!
|move|p2a: Latios|Defog|p1a: LE GEM XD
|move|p1a: LE GEM XD|Defog|p2a: Latios|[from]Magic Bounce
|-unboost|p2a: Latios|evasion|1
|-sideend|p2: Testido|Stealth Rock|[from] move: Defog|[of] p2a: Latios
|move|p1a: LE GEM XD|Snarl|p2a: Latios
|-supereffective|p2a: Latios
|-damage|p2a: Latios|126\/301
|-unboost|p2a: Latios|spa|1
|
|turn|54
|
|switch|p2a: Diancie|Diancie-Mega|266\/304
|switch|p1a: Metal as Fuck|Skarmory, F|321\/334
|
|turn|55
|
|move|p2a: Diancie|Hidden Power|p1a: Metal as Fuck
|-supereffective|p1a: Metal as Fuck
|-damage|p1a: Metal as Fuck|93\/334
|move|p1a: Metal as Fuck|Roost|p1a: Metal as Fuck
|-heal|p1a: Metal as Fuck|260\/334
|
|turn|56
|
|switch|p2a: Landorus-Therian|Landorus-Therian, M|320\/320
|-ability|p2a: Landorus-Therian|Intimidate|[of] p1a: Metal as Fuck
|-unboost|p1a: Metal as Fuck|atk|1
|switch|p1a: Queen of Twerk|Chansey, F|704\/704
|
|turn|57
|
|switch|p1a: LE GEM XD|Sableye-Mega, M|304\/304
|move|p2a: Landorus-Therian|U-turn|p1a: LE GEM XD
|-crit|p1a: LE GEM XD
|-damage|p1a: LE GEM XD|223\/304
|
|switch|p2a: Diancie|Diancie-Mega|266\/304
|
|turn|58
|
|switch|p1a: Queen of Twerk|Chansey, F|704\/704
|move|p2a: Diancie|Moonblast|p1a: Queen of Twerk
|-damage|p1a: Queen of Twerk|581\/704
|-unboost|p1a: Queen of Twerk|spa|1
|
|turn|59
|
|switch|p2a: Ferrothorn|Ferrothorn, M|352\/352
|move|p1a: Queen of Twerk|Soft-Boiled|p1a: Queen of Twerk
|-heal|p1a: Queen of Twerk|704\/704
|
|turn|60
|
|switch|p1a: LE GEM XD|Sableye-Mega, M|223\/304
|switch|p2a: Diancie|Diancie-Mega|266\/304
|
|turn|61
|
|switch|p1a: Queen of Twerk|Chansey, F|704\/704
|move|p2a: Diancie|Diamond Storm|p1a: Queen of Twerk
|-crit|p1a: Queen of Twerk
|-damage|p1a: Queen of Twerk|320\/704
|
|turn|62
|
|move|p2a: Diancie|Diamond Storm|p1a: Queen of Twerk
|-damage|p1a: Queen of Twerk|86\/704
|-boost|p2a: Diancie|def|1
|move|p1a: Queen of Twerk|Soft-Boiled|p1a: Queen of Twerk
|-heal|p1a: Queen of Twerk|438\/704
|
|turn|63
|
|move|p2a: Diancie|Diamond Storm|p1a: Queen of Twerk
|-damage|p1a: Queen of Twerk|180\/704
|-boost|p2a: Diancie|def|1
|move|p1a: Queen of Twerk|Soft-Boiled|p1a: Queen of Twerk
|-heal|p1a: Queen of Twerk|532\/704
|
|turn|64
|
|switch|p2a: Ferrothorn|Ferrothorn, M|352\/352
|move|p1a: Queen of Twerk|Soft-Boiled|p1a: Queen of Twerk
|-heal|p1a: Queen of Twerk|704\/704
|
|turn|65
|
|switch|p1a: LE GEM XD|Sableye-Mega, M|223\/304
|switch|p2a: Greninja|Greninja, M|257\/285
|
|turn|66
|
|move|p2a: Greninja|Dark Pulse|p1a: LE GEM XD
|-start|p2a: Greninja|typechange|Dark|[from] Protean
|-damage|p1a: LE GEM XD|89\/304
|-damage|p2a: Greninja|229\/285|[from] item: Life Orb
|move|p1a: LE GEM XD|Recover|p1a: LE GEM XD
|-heal|p1a: LE GEM XD|241\/304
|
|turn|67
|
|switch|p1a: Queen of Twerk|Chansey, F|704\/704
|move|p2a: Greninja|Dark Pulse|p1a: Queen of Twerk
|-damage|p1a: Queen of Twerk|605\/704
|-damage|p2a: Greninja|201\/285|[from] item: Life Orb
|
|turn|68
|
|move|p2a: Greninja|Gunk Shot|p1a: Queen of Twerk|[miss]
|-start|p2a: Greninja|typechange|Poison|[from] Protean
|-miss|p2a: Greninja|p1a: Queen of Twerk
|move|p1a: Queen of Twerk|Seismic Toss|p2a: Greninja
|-damage|p2a: Greninja|101\/285
|
|turn|69
|
|switch|p2a: Landorus-Therian|Landorus-Therian, M|320\/320
|-ability|p2a: Landorus-Therian|Intimidate|[of] p1a: Queen of Twerk
|-unboost|p1a: Queen of Twerk|atk|1
|move|p1a: Queen of Twerk|Seismic Toss|p2a: Landorus-Therian
|-damage|p2a: Landorus-Therian|220\/320
|
|turn|70
|
|switch|p1a: Metal as Fuck|Skarmory, F|260\/334
|move|p2a: Landorus-Therian|U-turn|p1a: Metal as Fuck
|-resisted|p1a: Metal as Fuck
|-damage|p1a: Metal as Fuck|246\/334
|
|switch|p2a: Greninja|Greninja, M|101\/285
|
|turn|71
|
|switch|p1a: Queen of Twerk|Chansey, F|605\/704
|move|p2a: Greninja|Dark Pulse|p1a: Queen of Twerk
|-start|p2a: Greninja|typechange|Dark|[from] Protean
|-damage|p1a: Queen of Twerk|504\/704
|-damage|p2a: Greninja|73\/285|[from] item: Life Orb
|
|turn|72
|
|switch|p2a: Ferrothorn|Ferrothorn, M|352\/352
|move|p1a: Queen of Twerk|Soft-Boiled|p1a: Queen of Twerk
|-heal|p1a: Queen of Twerk|704\/704
|
|turn|73
|
|switch|p1a: LE GEM XD|Sableye-Mega, M|241\/304
|switch|p2a: Landorus-Therian|Landorus-Therian, M|220\/320
|-ability|p2a: Landorus-Therian|Intimidate|[of] p1a: LE GEM XD
|-unboost|p1a: LE GEM XD|atk|1
|
|turn|74
|
|move|p2a: Landorus-Therian|U-turn|p1a: LE GEM XD
|-damage|p1a: LE GEM XD|184\/304
|
|switch|p2a: Diancie|Diancie-Mega|266\/304
|move|p1a: LE GEM XD|Recover|p1a: LE GEM XD
|-heal|p1a: LE GEM XD|304\/304
|
|turn|75
|
|switch|p2a: Landorus-Therian|Landorus-Therian, M|220\/320
|-ability|p2a: Landorus-Therian|Intimidate|[of] p1a: LE GEM XD
|-unboost|p1a: LE GEM XD|atk|1
|switch|p1a: Queen of Twerk|Chansey, F|704\/704
|
|turn|76
|
|switch|p1a: Metal as Fuck|Skarmory, F|246\/334
|move|p2a: Landorus-Therian|U-turn|p1a: Metal as Fuck
|-resisted|p1a: Metal as Fuck
|-damage|p1a: Metal as Fuck|233\/334
|
|switch|p2a: Diancie|Diancie-Mega|266\/304
|
|turn|77
|
|switch|p1a: Clutchsellia|Cresselia, F|444\/444
|move|p2a: Diancie|Hidden Power|p1a: Clutchsellia
|-crit|p1a: Clutchsellia
|-damage|p1a: Clutchsellia|338\/444
|
|-heal|p1a: Clutchsellia|365\/444|[from] item: Leftovers
|turn|78
|
|move|p2a: Diancie|Moonblast|p1a: Clutchsellia
|-damage|p1a: Clutchsellia|206\/444
|move|p1a: Clutchsellia|Moonlight|p1a: Clutchsellia
|-heal|p1a: Clutchsellia|428\/444
|
|-heal|p1a: Clutchsellia|444\/444|[from] item: Leftovers
|turn|79
|
|move|p2a: Diancie|Moonblast|p1a: Clutchsellia
|-damage|p1a: Clutchsellia|273\/444
|-unboost|p1a: Clutchsellia|spa|1
|move|p1a: Clutchsellia|Skill Swap|p2a: Diancie
|-activate|p1a: Clutchsellia|move: Skill Swap|Magic Bounce|Levitate|[of] p2a: Diancie
|
|-heal|p1a: Clutchsellia|300\/444|[from] item: Leftovers
|turn|80
|
|switch|p2a: Ferrothorn|Ferrothorn, M|352\/352
|move|p1a: Clutchsellia|Toxic|p2a: Ferrothorn
|-fail|p2a: Ferrothorn
|
|-heal|p1a: Clutchsellia|327\/444|[from] item: Leftovers
|turn|81
|
|switch|p1a: LE GEM XD|Sableye-Mega, M|304\/304
|switch|p2a: Diancie|Diancie-Mega|266\/304
|
|turn|82
|
|switch|p1a: Queen of Twerk|Chansey, F|704\/704
|move|p2a: Diancie|Moonblast|p1a: Queen of Twerk
|-damage|p1a: Queen of Twerk|580\/704
|
|turn|83
|
|switch|p2a: Ferrothorn|Ferrothorn, M|352\/352
|switch|p1a: Clutchsellia|Cresselia, F|327\/444
|
|-heal|p1a: Clutchsellia|354\/444|[from] item: Leftovers
|turn|84
|
|switch|p1a: LE GEM XD|Sableye-Mega, M|304\/304
|move|p2a: Ferrothorn|Leech Seed|p1a: LE GEM XD
|move|p1a: LE GEM XD|Leech Seed|p2a: Ferrothorn|[from]Magic Bounce
|-immune|p2a: Ferrothorn|[msg]
|
|turn|85
|
|switch|p2a: Diancie|Diancie-Mega|266\/304
|move|p1a: LE GEM XD|Snarl|p2a: Diancie
|-resisted|p2a: Diancie
|-damage|p2a: Diancie|240\/304
|-unboost|p2a: Diancie|spa|1
|
|turn|86
|
|switch|p2a: Landorus-Therian|Landorus-Therian, M|220\/320
|-ability|p2a: Landorus-Therian|Intimidate|[of] p1a: LE GEM XD
|-unboost|p1a: LE GEM XD|atk|1
|move|p1a: LE GEM XD|Recover|p1a: LE GEM XD
|-fail|p1a: LE GEM XD
|
|turn|87
|
|switch|p2a: Diancie|Diancie-Mega|240\/304
|move|p1a: LE GEM XD|Snarl|p2a: Diancie
|-resisted|p2a: Diancie
|-damage|p2a: Diancie|214\/304
|-unboost|p2a: Diancie|spa|1
|
|turn|88
|
|switch|p1a: Queen of Twerk|Chansey, F|580\/704
|move|p2a: Diancie|Moonblast|p1a: Queen of Twerk
|-damage|p1a: Queen of Twerk|490\/704
|
|turn|89
|
|switch|p2a: Ferrothorn|Ferrothorn, M|352\/352
|move|p1a: Queen of Twerk|Soft-Boiled|p1a: Queen of Twerk
|-heal|p1a: Queen of Twerk|704\/704
|
|turn|90
|join|Time Stall
|
|switch|p1a: LE GEM XD|Sableye-Mega, M|304\/304
|move|p2a: Ferrothorn|Leech Seed|p1a: LE GEM XD
|move|p1a: LE GEM XD|Leech Seed|p2a: Ferrothorn|[from]Magic Bounce
|-immune|p2a: Ferrothorn|[msg]
|
|turn|91
|
|switch|p2a: Diancie|Diancie-Mega|214\/304
|move|p1a: LE GEM XD|Snarl|p2a: Diancie
|-resisted|p2a: Diancie
|-damage|p2a: Diancie|188\/304
|-unboost|p2a: Diancie|spa|1
|
|turn|92
|
|switch|p2a: Ferrothorn|Ferrothorn, M|352\/352
|switch|p1a: Clutchsellia|Cresselia, F|354\/444
|
|-heal|p1a: Clutchsellia|381\/444|[from] item: Leftovers
|turn|93
|
|switch|p1a: LE GEM XD|Sableye-Mega, M|304\/304
|switch|p2a: Landorus-Therian|Landorus-Therian, M|220\/320
|-ability|p2a: Landorus-Therian|Intimidate|[of] p1a: LE GEM XD
|-unboost|p1a: LE GEM XD|atk|1
|
|turn|94
|
|move|p2a: Landorus-Therian|U-turn|p1a: LE GEM XD
|-damage|p1a: LE GEM XD|244\/304
|
|switch|p2a: Ferrothorn|Ferrothorn, M|352\/352
|move|p1a: LE GEM XD|Snarl|p2a: Ferrothorn
|-damage|p2a: Ferrothorn|304\/352
|-unboost|p2a: Ferrothorn|spa|1
|
|-heal|p2a: Ferrothorn|326\/352|[from] item: Leftovers
|turn|95
|
|move|p2a: Ferrothorn|Protect|p2a: Ferrothorn
|-singleturn|p2a: Ferrothorn|Protect
|move|p1a: LE GEM XD|Snarl|p2a: Ferrothorn
|-activate|p2a: Ferrothorn|Protect
|
|-heal|p2a: Ferrothorn|348\/352|[from] item: Leftovers
|turn|96
|
|switch|p2a: Diancie|Diancie-Mega|188\/304
|move|p1a: LE GEM XD|Calm Mind|p1a: LE GEM XD
|-boost|p1a: LE GEM XD|spa|1
|-boost|p1a: LE GEM XD|spd|1
|
|turn|97
|
|switch|p1a: Queen of Twerk|Chansey, F|704\/704
|move|p2a: Diancie|Moonblast|p1a: Queen of Twerk
|-crit|p1a: Queen of Twerk
|-damage|p1a: Queen of Twerk|509\/704
|-unboost|p1a: Queen of Twerk|spa|1
|
|turn|98
|
|switch|p2a: Landorus-Therian|Landorus-Therian, M|220\/320
|-ability|p2a: Landorus-Therian|Intimidate|[of] p1a: Queen of Twerk
|-unboost|p1a: Queen of Twerk|atk|1
|move|p1a: Queen of Twerk|Soft-Boiled|p1a: Queen of Twerk
|-heal|p1a: Queen of Twerk|704\/704
|
|turn|99
|
|switch|p1a: Metal as Fuck|Skarmory, F|233\/334
|move|p2a: Landorus-Therian|U-turn|p1a: Metal as Fuck
|-resisted|p1a: Metal as Fuck
|-damage|p1a: Metal as Fuck|220\/334
|
|switch|p2a: Diancie|Diancie-Mega|188\/304
|
|turn|100
|
|switch|p1a: Clutchsellia|Cresselia, F|381\/444
|move|p2a: Diancie|Hidden Power|p1a: Clutchsellia
|-damage|p1a: Clutchsellia|310\/444
|
|-heal|p1a: Clutchsellia|337\/444|[from] item: Leftovers
|turn|101
|
|move|p2a: Diancie|Moonblast|p1a: Clutchsellia
|-damage|p1a: Clutchsellia|187\/444
|move|p1a: Clutchsellia|Skill Swap|p2a: Diancie
|-activate|p1a: Clutchsellia|move: Skill Swap|Magic Bounce|Levitate|[of] p2a: Diancie
|
|-heal|p1a: Clutchsellia|214\/444|[from] item: Leftovers
|turn|102
|
|switch|p2a: Ferrothorn|Ferrothorn, M|348\/352
|move|p1a: Clutchsellia|Moonlight|p1a: Clutchsellia
|-heal|p1a: Clutchsellia|436\/444
|
|-heal|p1a: Clutchsellia|444\/444|[from] item: Leftovers
|-heal|p2a: Ferrothorn|352\/352|[from] item: Leftovers
|turn|103
|
|switch|p1a: LE GEM XD|Sableye-Mega, M|244\/304
|move|p2a: Ferrothorn|Leech Seed|p1a: LE GEM XD
|move|p1a: LE GEM XD|Leech Seed|p2a: Ferrothorn|[from]Magic Bounce
|-immune|p2a: Ferrothorn|[msg]
|
|turn|104
|
|move|p2a: Ferrothorn|Protect|p2a: Ferrothorn
|-singleturn|p2a: Ferrothorn|Protect
|move|p1a: LE GEM XD|Recover|p1a: LE GEM XD
|-heal|p1a: LE GEM XD|304\/304
|
|turn|105
|
|switch|p2a: Diancie|Diancie-Mega|188\/304
|move|p1a: LE GEM XD|Snarl|p2a: Diancie
|-resisted|p2a: Diancie
|-damage|p2a: Diancie|162\/304
|-unboost|p2a: Diancie|spa|1
|
|turn|106
|
|switch|p1a: Clutchsellia|Cresselia, F|444\/444
|move|p2a: Diancie|Moonblast|p1a: Clutchsellia
|-damage|p1a: Clutchsellia|329\/444
|-unboost|p1a: Clutchsellia|spa|1
|
|-heal|p1a: Clutchsellia|356\/444|[from] item: Leftovers
|turn|107
|
|switch|p2a: Landorus-Therian|Landorus-Therian, M|220\/320
|-ability|p2a: Landorus-Therian|Intimidate|[of] p1a: Clutchsellia
|-unboost|p1a: Clutchsellia|atk|1
|move|p1a: Clutchsellia|Skill Swap|p2a: Landorus-Therian
|-activate|p1a: Clutchsellia|move: Skill Swap|Intimidate|Levitate|[of] p2a: Landorus-Therian
|-ability|p1a: Clutchsellia|Intimidate|[of] p2a: Landorus-Therian
|-unboost|p2a: Landorus-Therian|atk|1
|
|-heal|p1a: Clutchsellia|383\/444|[from] item: Leftovers
|turn|108
|
|switch|p1a: Metal as Fuck|Skarmory, F|220\/334
|move|p2a: Landorus-Therian|U-turn|p1a: Metal as Fuck
|-resisted|p1a: Metal as Fuck
|-damage|p1a: Metal as Fuck|211\/334
|
|switch|p2a: Greninja|Greninja, M|73\/285
|
|turn|109
|
|switch|p2a: Landorus-Therian|Landorus-Therian, M|220\/320
|-ability|p2a: Landorus-Therian|Intimidate|[of] p1a: Metal as Fuck
|-unboost|p1a: Metal as Fuck|atk|1
|switch|p1a: Queen of Twerk|Chansey, F|704\/704
|
|turn|110
|
|switch|p1a: Metal as Fuck|Skarmory, F|211\/334
|move|p2a: Landorus-Therian|U-turn|p1a: Metal as Fuck
|-resisted|p1a: Metal as Fuck
|-damage|p1a: Metal as Fuck|199\/334
|c|âTestido|!dt softboiled
|c|~|\/data-move Soft-Boiled
|raw|<font size="1"><font color=#585858>Priority:<\/font> 0&nbsp;|&ThickSpace;<font color=#585858>Target:<\/font> Self<\/font>
|
|switch|p2a: Diancie|Diancie-Mega|162\/304
|
|turn|111
|
|switch|p1a: Swagsire|Quagsire, M|394\/394
|move|p2a: Diancie|Moonblast|p1a: Swagsire
|-damage|p1a: Swagsire|91\/394
|
|-heal|p1a: Swagsire|115\/394|[from] item: Leftovers
|turn|112
|
|switch|p2a: Landorus-Therian|Landorus-Therian, M|220\/320
|-ability|p2a: Landorus-Therian|Intimidate|[of] p1a: Swagsire
|-unboost|p1a: Swagsire|atk|1
|move|p1a: Swagsire|Earthquake|p2a: Landorus-Therian
|-immune|p2a: Landorus-Therian|[msg]
|
|-heal|p1a: Swagsire|139\/394|[from] item: Leftovers
|turn|113
|
|move|p2a: Landorus-Therian|Earthquake|p1a: Swagsire
|-damage|p1a: Swagsire|0 fnt
|faint|p1a: Swagsire
|
|
|switch|p1a: Queen of Twerk|Chansey, F|704\/704
|turn|114
|
|switch|p2a: Ferrothorn|Ferrothorn, M|352\/352
|move|p1a: Queen of Twerk|Seismic Toss|p2a: Ferrothorn
|-damage|p2a: Ferrothorn|252\/352
|-damage|p1a: Queen of Twerk|616\/704|[from] ability: Iron Barbs|[of] p2a: Ferrothorn
|
|-heal|p2a: Ferrothorn|274\/352|[from] item: Leftovers
|turn|115
|-message|SEXY GAMER DOG forfeited.
|
|win|Testido
|raw|Ladder updating...
|leave|SEXY GAMER DOG
|player|p1
|c|âTestido|Fuck you stall
|raw|SEXY GAMER DOG's rating: 1547 &rarr; <strong>1523<\/strong><br \/>(-24 for losing)
|raw|Testido's rating: 1489 &rarr; <strong>1512<\/strong><br \/>(+23 for winning)