|join|SEXY GAMER DOG
|join|mistaken
|player|p1|SEXY GAMER DOG|275
|player|p2|mistaken|101
|gametype|singles
|gen|6
|tier|OU
|rated
|clearpoke
|poke|p1|Skarmory, M
|poke|p1|Chansey, F
|poke|p1|Charizard, F
|poke|p1|Amoonguss, M
|poke|p1|Quagsire, F
|poke|p1|Gothitelle, F
|poke|p2|Raikou
|poke|p2|Clefable, F
|poke|p2|Scizor, F
|poke|p2|Landorus-Therian, M
|poke|p2|Keldeo
|poke|p2|Heatran, F
|rule|Swagger Clause: Swagger is banned
|rule|Baton Pass Clause: Limit one PokÃ©mon knowing Baton Pass
|rule|Sleep Clause Mod: Limit one foe put to sleep
|rule|Species Clause: Limit one of each PokÃ©mon
|rule|OHKO Clause: OHKO moves are banned
|rule|Moody Clause: Moody is banned
|rule|Evasion Moves Clause: Evasion moves are banned
|rule|Endless Battle Clause: Forcing endless battles is banned
|rule|HP Percentage Mod: HP is shown in percentages
|teampreview
|
|start
|switch|p1a: Manzard|Charizard, F|323\/323
|switch|p2a: Raikou|Raikou|321\/321
|-ability|p2a: Raikou|Pressure
|turn|1
|
|switch|p2a: Keldeo|Keldeo|322\/322
|switch|p1a: Swagsire|Quagsire, F|394\/394
|
|turn|2
|
|switch|p1a: Grasshole|Amoonguss, M|432\/432
|move|p2a: Keldeo|Hidden Power|p1a: Grasshole
|-supereffective|p1a: Grasshole
|-damage|p1a: Grasshole|256\/432
|
|-heal|p1a: Grasshole|283\/432|[from] item: Black Sludge
|turn|3
|
|switch|p2a: Scizor|Scizor, F|343\/343
|move|p1a: Grasshole|Spore|p2a: Scizor
|-status|p2a: Scizor|slp
|
|-heal|p1a: Grasshole|310\/432|[from] item: Black Sludge
|turn|4
|
|switch|p2a: Heatran|Heatran, F|386\/386
|switch|p1a: Gothitelletubby|Gothitelle, F|344\/344
|
|turn|5
|
|move|p1a: Gothitelletubby|Trick|p2a: Heatran
|-activate|p1a: Gothitelletubby|move: Trick|[of] p2a: Heatran
|-item|p2a: Heatran|Choice Scarf|[from] move: Trick
|-item|p1a: Gothitelletubby|Leftovers|[from] move: Trick
|move|p2a: Heatran|Lava Plume|p1a: Gothitelletubby
|-damage|p1a: Gothitelletubby|226\/344
|
|-heal|p1a: Gothitelletubby|247\/344|[from] item: Leftovers
|turn|6
|join|AI Robot
|
|switch|p1a: Unlucky Egg|Chansey, F|703\/703
|move|p2a: Heatran|Lava Plume|p1a: Unlucky Egg
|-damage|p1a: Unlucky Egg|622\/703
|-status|p1a: Unlucky Egg|brn
|
|-damage|p1a: Unlucky Egg|535\/703 brn|[from] brn
|turn|7
|
|switch|p2a: Scizor|Scizor, F|343\/343 slp
|switch|p1a: Gothitelletubby|Gothitelle, F|247\/344
|
|-heal|p1a: Gothitelletubby|268\/344|[from] item: Leftovers
|turn|8
|
|switch|p1a: Manzard|Charizard, F|323\/323
|detailschange|p2a: Scizor|Scizor-Mega, F
|message|Scizor has Mega Evolved into Mega Scizor!
|cant|p2a: Scizor|slp
|
|turn|9
|
|switch|p2a: Heatran|Heatran, F|386\/386
|detailschange|p1a: Manzard|Charizard-Mega-Y, F
|message|Charizard has Mega Evolved into Mega Charizard!
|-weather|SunnyDay
|move|p1a: Manzard|Focus Blast|p2a: Heatran
|-supereffective|p2a: Heatran
|-damage|p2a: Heatran|108\/386
|
|-weather|SunnyDay|[upkeep]
|turn|10
|
|move|p2a: Heatran|Stealth Rock|p1a: Manzard
|-sidestart|p1: SEXY GAMER DOG|move: Stealth Rock
|move|p1a: Manzard|Focus Blast|p2a: Heatran
|-supereffective|p2a: Heatran
|-damage|p2a: Heatran|0 fnt
|faint|p2a: Heatran
|
|-weather|SunnyDay|[upkeep]
|
|switch|p2a: Raikou|Raikou|321\/321
|-ability|p2a: Raikou|Pressure
|turn|11
|
|switch|p1a: Swagsire|Quagsire, F|394\/394
|-damage|p1a: Swagsire|370\/394|[from] Stealth Rock
|move|p2a: Raikou|Thunderbolt|p1a: Swagsire
|-immune|p1a: Swagsire|[msg]
|
|-weather|SunnyDay|[upkeep]
|-heal|p1a: Swagsire|394\/394|[from] item: Leftovers
|turn|12
|
|switch|p2a: Clefable|Clefable, F|394\/394
|move|p1a: Swagsire|Scald|p2a: Clefable
|-damage|p2a: Clefable|364\/394
|
|-weather|SunnyDay|[upkeep]
|-heal|p2a: Clefable|388\/394|[from] item: Leftovers
|turn|13
|
|switch|p2a: Landorus-Therian|Landorus-Therian, M|325\/325
|-ability|p2a: Landorus-Therian|Intimidate|[of] p1a: Swagsire
|-unboost|p1a: Swagsire|atk|1
|move|p1a: Swagsire|Earthquake|p2a: Landorus-Therian
|-immune|p2a: Landorus-Therian|[msg]
|
|-weather|none
|turn|14
|
|switch|p1a: Metal Head|Skarmory, M|334\/334
|-damage|p1a: Metal Head|293\/334|[from] Stealth Rock
|move|p2a: Landorus-Therian|U-turn|p1a: Metal Head
|-resisted|p1a: Metal Head
|-damage|p1a: Metal Head|280\/334
|
|switch|p2a: Raikou|Raikou|321\/321
|-ability|p2a: Raikou|Pressure
|
|-heal|p1a: Metal Head|300\/334|[from] item: Leftovers
|turn|15
|
|switch|p1a: Swagsire|Quagsire, F|394\/394
|-damage|p1a: Swagsire|370\/394|[from] Stealth Rock
|move|p2a: Raikou|Volt Switch|p1a: Swagsire
|-immune|p1a: Swagsire|[msg]
|
|-heal|p1a: Swagsire|394\/394|[from] item: Leftovers
|turn|16
|
|switch|p2a: Keldeo|Keldeo|322\/322
|move|p1a: Swagsire|Scald|p2a: Keldeo
|-resisted|p2a: Keldeo
|-damage|p2a: Keldeo|283\/322
|
|turn|17
|
|switch|p1a: Grasshole|Amoonguss, M|432\/432
|-damage|p1a: Grasshole|378\/432|[from] Stealth Rock
|move|p2a: Keldeo|Scald|p1a: Grasshole
|-resisted|p1a: Grasshole
|-damage|p1a: Grasshole|285\/432
|
|-heal|p1a: Grasshole|312\/432|[from] item: Black Sludge
|turn|18
|
|switch|p2a: Clefable|Clefable, F|388\/394
|move|p1a: Grasshole|Giga Drain|p2a: Clefable
|-crit|p2a: Clefable
|-damage|p2a: Clefable|280\/394
|-heal|p1a: Grasshole|366\/432|[from] drain|[of] p2a: Clefable
|
|-heal|p2a: Clefable|304\/394|[from] item: Leftovers
|-heal|p1a: Grasshole|393\/432|[from] item: Black Sludge
|turn|19
|
|move|p2a: Clefable|Calm Mind|p2a: Clefable
|-boost|p2a: Clefable|spa|1
|-boost|p2a: Clefable|spd|1
|move|p1a: Grasshole|Clear Smog|p2a: Clefable
|-supereffective|p2a: Clefable
|-damage|p2a: Clefable|238\/394
|-clearboost|p2a: Clefable
|
|-heal|p2a: Clefable|262\/394|[from] item: Leftovers
|-heal|p1a: Grasshole|420\/432|[from] item: Black Sludge
|turn|20
|
|move|p2a: Clefable|Soft-Boiled|p2a: Clefable
|-heal|p2a: Clefable|394\/394
|move|p1a: Grasshole|Clear Smog|p2a: Clefable
|-supereffective|p2a: Clefable
|-damage|p2a: Clefable|304\/394
|-clearboost|p2a: Clefable
|
|-heal|p2a: Clefable|328\/394|[from] item: Leftovers
|-heal|p1a: Grasshole|432\/432|[from] item: Black Sludge
|turn|21
|
|switch|p1a: Metal Head|Skarmory, M|300\/334
|-damage|p1a: Metal Head|259\/334|[from] Stealth Rock
|move|p2a: Clefable|Flamethrower|p1a: Metal Head
|-supereffective|p1a: Metal Head
|-damage|p1a: Metal Head|83\/334
|
|-heal|p1a: Metal Head|103\/334|[from] item: Leftovers
|-heal|p2a: Clefable|352\/394|[from] item: Leftovers
|turn|22
|-message|SEXY GAMER DOG forfeited.
|
|win|mistaken
|raw|Ladder updating...
|leave|SEXY GAMER DOG
|player|p1
|raw|SEXY GAMER DOG's rating: 1733 &rarr; <strong>1711<\/strong><br \/>(-22 for losing)
|raw|mistaken's rating: 1703 &rarr; <strong>1725<\/strong><br \/>(+22 for winning)