|join|SEXY GAMER DOG
|join|Questro
|player|p1|SEXY GAMER DOG|275
|player|p2|Questro|8
|gametype|singles
|gen|6
|tier|OU
|rated
|clearpoke
|poke|p1|Skarmory, F
|poke|p1|Chansey, F
|poke|p1|Charizard, F
|poke|p1|Amoonguss, M
|poke|p1|Quagsire, F
|poke|p1|Gothitelle, F
|poke|p2|Azumarill, F
|poke|p2|Medicham, M
|poke|p2|Empoleon, F, shiny
|poke|p2|Thundurus, M
|poke|p2|Gothitelle, F
|poke|p2|Talonflame, M
|rule|Swagger Clause: Swagger is banned
|rule|Baton Pass Clause: Limit one PokÃ©mon knowing Baton Pass
|rule|Sleep Clause Mod: Limit one foe put to sleep
|rule|Species Clause: Limit one of each PokÃ©mon
|rule|OHKO Clause: OHKO moves are banned
|rule|Moody Clause: Moody is banned
|rule|Evasion Moves Clause: Evasion moves are banned
|rule|Endless Battle Clause: Forcing endless battles is banned
|rule|HP Percentage Mod: HP is shown in percentages
|teampreview
|
|start
|switch|p1a: Gothitelletubby|Gothitelle, F|344\/344
|switch|p2a: Medicham|Medicham, M|261\/261
|turn|1
|
|detailschange|p2a: Medicham|Medicham-Mega, M
|message|Medicham has Mega Evolved into Mega Medicham!
|move|p2a: Medicham|Fake Out|p1a: Gothitelletubby
|-damage|p1a: Gothitelletubby|261\/344
|cant|p1a: Gothitelletubby|flinch
|
|turn|2
|
|move|p1a: Gothitelletubby|Psychic|p2a: Medicham
|-crit|p2a: Medicham
|-damage|p2a: Medicham|90\/261
|move|p2a: Medicham|Drain Punch|p1a: Gothitelletubby
|-resisted|p1a: Gothitelletubby
|-damage|p1a: Gothitelletubby|159\/344
|-heal|p2a: Medicham|141\/261|[from] drain|[of] p1a: Gothitelletubby
|
|turn|3
|
|move|p1a: Gothitelletubby|Psychic|p2a: Medicham
|-damage|p2a: Medicham|23\/261
|move|p2a: Medicham|Drain Punch|p1a: Gothitelletubby
|-resisted|p1a: Gothitelletubby
|-damage|p1a: Gothitelletubby|43\/344
|-heal|p2a: Medicham|81\/261|[from] drain|[of] p1a: Gothitelletubby
|
|turn|4
|
|move|p2a: Medicham|Bullet Punch|p1a: Gothitelletubby
|-crit|p1a: Gothitelletubby
|-damage|p1a: Gothitelletubby|0 fnt
|faint|p1a: Gothitelletubby
|
|
|switch|p1a: Manzard|Charizard, F|323\/323
|turn|5
|
|switch|p2a: Azumarill|Azumarill, F|396\/396
|detailschange|p1a: Manzard|Charizard-Mega-Y, F
|message|Charizard has Mega Evolved into Mega Charizard!
|-weather|SunnyDay
|move|p1a: Manzard|Flamethrower|p2a: Azumarill
|-resisted|p2a: Azumarill
|-damage|p2a: Azumarill|201\/396
|
|-weather|SunnyDay|[upkeep]
|turn|6
|
|switch|p2a: Empoleon|Empoleon, F, shiny|372\/372
|move|p1a: Manzard|Solar Beam|p2a: Empoleon|[still]
|-prepare|p1a: Manzard|Solar Beam|p2a: Empoleon
|-anim|p1a: Manzard|Solar Beam|p2a: Empoleon
|-damage|p2a: Empoleon|221\/372
|
|-weather|SunnyDay|[upkeep]
|-heal|p2a: Empoleon|244\/372|[from] item: Leftovers
|turn|7
|
|move|p1a: Manzard|Focus Blast|p2a: Empoleon
|-supereffective|p2a: Empoleon
|-damage|p2a: Empoleon|0 fnt
|faint|p2a: Empoleon
|
|-weather|SunnyDay|[upkeep]
|
|switch|p2a: Thundurus|Thundurus, M|299\/299
|turn|8
|
|switch|p2a: Medicham|Medicham-Mega, M|81\/261
|move|p1a: Manzard|Flamethrower|p2a: Medicham
|-damage|p2a: Medicham|0 fnt
|faint|p2a: Medicham
|
|-weather|SunnyDay|[upkeep]
|
|switch|p2a: Thundurus|Thundurus, M|299\/299
|turn|9
|
|move|p2a: Thundurus|Thunderbolt|p1a: Manzard
|-supereffective|p1a: Manzard
|-damage|p1a: Manzard|0 fnt
|-damage|p2a: Thundurus|270\/299|[from] item: Life Orb
|faint|p1a: Manzard
|
|-weather|none
|
|switch|p1a: Swagsire|Quagsire, F|394\/394
|turn|10
|
|switch|p2a: Gothitelle|Gothitelle, F|299\/299
|move|p1a: Swagsire|Scald|p2a: Gothitelle
|-damage|p2a: Gothitelle|238\/299
|-status|p2a: Gothitelle|brn
|
|-damage|p2a: Gothitelle|201\/299 brn|[from] brn
|turn|11
|
|move|p2a: Gothitelle|Trick|p1a: Swagsire
|-activate|p2a: Gothitelle|move: Trick|[of] p1a: Swagsire
|-item|p1a: Swagsire|Choice Scarf|[from] move: Trick
|-item|p2a: Gothitelle|Leftovers|[from] move: Trick
|move|p1a: Swagsire|Earthquake|p2a: Gothitelle
|-damage|p2a: Gothitelle|89\/299 brn
|
|-heal|p2a: Gothitelle|107\/299 brn|[from] item: Leftovers
|-damage|p2a: Gothitelle|70\/299 brn|[from] brn
|turn|12
|
|move|p2a: Gothitelle|Rest|p2a: Gothitelle
|-status|p2a: Gothitelle|slp
|-heal|p2a: Gothitelle|299\/299 slp|[silent]
|-status|p2a: Gothitelle|slp|[from] move: Rest
|move|p1a: Swagsire|Earthquake|p2a: Gothitelle
|-damage|p2a: Gothitelle|187\/299 slp
|
|-heal|p2a: Gothitelle|205\/299 slp|[from] item: Leftovers
|turn|13
|
|switch|p2a: Thundurus|Thundurus, M|270\/299
|move|p1a: Swagsire|Earthquake|p2a: Thundurus
|-immune|p2a: Thundurus|[msg]
|
|turn|14
|
|switch|p2a: Gothitelle|Gothitelle, F|205\/299 slp
|switch|p1a: Unlucky Egg|Chansey, F|703\/703
|
|-heal|p2a: Gothitelle|223\/299 slp|[from] item: Leftovers
|turn|15
|
|cant|p2a: Gothitelle|slp
|move|p1a: Unlucky Egg|Toxic|p2a: Gothitelle
|-fail|p2a: Gothitelle
|
|-heal|p2a: Gothitelle|241\/299 slp|[from] item: Leftovers
|turn|16
|
|cant|p2a: Gothitelle|slp
|move|p1a: Unlucky Egg|Seismic Toss|p2a: Gothitelle
|-damage|p2a: Gothitelle|141\/299 slp
|
|-heal|p2a: Gothitelle|159\/299 slp|[from] item: Leftovers
|turn|17
|
|-curestatus|p2a: Gothitelle|slp
|move|p2a: Gothitelle|Calm Mind|p2a: Gothitelle
|-boost|p2a: Gothitelle|spa|1
|-boost|p2a: Gothitelle|spd|1
|move|p1a: Unlucky Egg|Seismic Toss|p2a: Gothitelle
|-damage|p2a: Gothitelle|59\/299
|
|-heal|p2a: Gothitelle|77\/299|[from] item: Leftovers
|turn|18
|
|move|p2a: Gothitelle|Rest|p2a: Gothitelle
|-status|p2a: Gothitelle|slp
|-heal|p2a: Gothitelle|299\/299 slp|[silent]
|-status|p2a: Gothitelle|slp|[from] move: Rest
|move|p1a: Unlucky Egg|Seismic Toss|p2a: Gothitelle
|-damage|p2a: Gothitelle|199\/299 slp
|
|-heal|p2a: Gothitelle|217\/299 slp|[from] item: Leftovers
|turn|19
|
|cant|p2a: Gothitelle|slp
|move|p1a: Unlucky Egg|Seismic Toss|p2a: Gothitelle
|-damage|p2a: Gothitelle|117\/299 slp
|
|-heal|p2a: Gothitelle|135\/299 slp|[from] item: Leftovers
|turn|20
|
|cant|p2a: Gothitelle|slp
|move|p1a: Unlucky Egg|Seismic Toss|p2a: Gothitelle
|-damage|p2a: Gothitelle|35\/299 slp
|
|-heal|p2a: Gothitelle|53\/299 slp|[from] item: Leftovers
|turn|21
|
|-curestatus|p2a: Gothitelle|slp
|move|p2a: Gothitelle|Rest|p2a: Gothitelle
|-status|p2a: Gothitelle|slp
|-heal|p2a: Gothitelle|299\/299 slp|[silent]
|-status|p2a: Gothitelle|slp|[from] move: Rest
|move|p1a: Unlucky Egg|Seismic Toss|p2a: Gothitelle
|-damage|p2a: Gothitelle|199\/299 slp
|
|-heal|p2a: Gothitelle|217\/299 slp|[from] item: Leftovers
|turn|22
|
|cant|p2a: Gothitelle|slp
|move|p1a: Unlucky Egg|Seismic Toss|p2a: Gothitelle
|-damage|p2a: Gothitelle|117\/299 slp
|
|-heal|p2a: Gothitelle|135\/299 slp|[from] item: Leftovers
|turn|23
|
|cant|p2a: Gothitelle|slp
|move|p1a: Unlucky Egg|Seismic Toss|p2a: Gothitelle
|-damage|p2a: Gothitelle|35\/299 slp
|
|-heal|p2a: Gothitelle|53\/299 slp|[from] item: Leftovers
|turn|24
|
|-curestatus|p2a: Gothitelle|slp
|move|p2a: Gothitelle|Rest|p2a: Gothitelle
|-status|p2a: Gothitelle|slp
|-heal|p2a: Gothitelle|299\/299 slp|[silent]
|-status|p2a: Gothitelle|slp|[from] move: Rest
|move|p1a: Unlucky Egg|Seismic Toss|p2a: Gothitelle
|-damage|p2a: Gothitelle|199\/299 slp
|
|-heal|p2a: Gothitelle|217\/299 slp|[from] item: Leftovers
|turn|25
|
|cant|p2a: Gothitelle|slp
|move|p1a: Unlucky Egg|Seismic Toss|p2a: Gothitelle
|-damage|p2a: Gothitelle|117\/299 slp
|
|-heal|p2a: Gothitelle|135\/299 slp|[from] item: Leftovers
|turn|26
|
|cant|p2a: Gothitelle|slp
|move|p1a: Unlucky Egg|Seismic Toss|p2a: Gothitelle
|-damage|p2a: Gothitelle|35\/299 slp
|
|-heal|p2a: Gothitelle|53\/299 slp|[from] item: Leftovers
|turn|27
|
|-curestatus|p2a: Gothitelle|slp
|move|p2a: Gothitelle|Rest|p2a: Gothitelle
|-status|p2a: Gothitelle|slp
|-heal|p2a: Gothitelle|299\/299 slp|[silent]
|-status|p2a: Gothitelle|slp|[from] move: Rest
|move|p1a: Unlucky Egg|Seismic Toss|p2a: Gothitelle
|-damage|p2a: Gothitelle|199\/299 slp
|
|-heal|p2a: Gothitelle|217\/299 slp|[from] item: Leftovers
|turn|28
|
|cant|p2a: Gothitelle|slp
|move|p1a: Unlucky Egg|Seismic Toss|p2a: Gothitelle
|-damage|p2a: Gothitelle|117\/299 slp
|
|-heal|p2a: Gothitelle|135\/299 slp|[from] item: Leftovers
|turn|29
|
|cant|p2a: Gothitelle|slp
|move|p1a: Unlucky Egg|Seismic Toss|p2a: Gothitelle
|-damage|p2a: Gothitelle|35\/299 slp
|
|-heal|p2a: Gothitelle|53\/299 slp|[from] item: Leftovers
|turn|30
|
|-curestatus|p2a: Gothitelle|slp
|move|p2a: Gothitelle|Rest|p2a: Gothitelle
|-status|p2a: Gothitelle|slp
|-heal|p2a: Gothitelle|299\/299 slp|[silent]
|-status|p2a: Gothitelle|slp|[from] move: Rest
|move|p1a: Unlucky Egg|Seismic Toss|p2a: Gothitelle
|-damage|p2a: Gothitelle|199\/299 slp
|
|-heal|p2a: Gothitelle|217\/299 slp|[from] item: Leftovers
|turn|31
|
|cant|p2a: Gothitelle|slp
|move|p1a: Unlucky Egg|Seismic Toss|p2a: Gothitelle
|-damage|p2a: Gothitelle|117\/299 slp
|
|-heal|p2a: Gothitelle|135\/299 slp|[from] item: Leftovers
|turn|32
|
|cant|p2a: Gothitelle|slp
|move|p1a: Unlucky Egg|Seismic Toss|p2a: Gothitelle
|-damage|p2a: Gothitelle|35\/299 slp
|
|-heal|p2a: Gothitelle|53\/299 slp|[from] item: Leftovers
|turn|33
|
|-curestatus|p2a: Gothitelle|slp
|move|p2a: Gothitelle|Rest|p2a: Gothitelle
|-status|p2a: Gothitelle|slp
|-heal|p2a: Gothitelle|299\/299 slp|[silent]
|-status|p2a: Gothitelle|slp|[from] move: Rest
|move|p1a: Unlucky Egg|Seismic Toss|p2a: Gothitelle
|-damage|p2a: Gothitelle|199\/299 slp
|
|-heal|p2a: Gothitelle|217\/299 slp|[from] item: Leftovers
|turn|34
|
|cant|p2a: Gothitelle|slp
|move|p1a: Unlucky Egg|Seismic Toss|p2a: Gothitelle
|-damage|p2a: Gothitelle|117\/299 slp
|
|-heal|p2a: Gothitelle|135\/299 slp|[from] item: Leftovers
|turn|35
|
|cant|p2a: Gothitelle|slp
|move|p1a: Unlucky Egg|Seismic Toss|p2a: Gothitelle
|-damage|p2a: Gothitelle|35\/299 slp
|
|-heal|p2a: Gothitelle|53\/299 slp|[from] item: Leftovers
|turn|36
|
|-curestatus|p2a: Gothitelle|slp
|move|p2a: Gothitelle|Rest|p2a: Gothitelle
|-status|p2a: Gothitelle|slp
|-heal|p2a: Gothitelle|299\/299 slp|[silent]
|-status|p2a: Gothitelle|slp|[from] move: Rest
|move|p1a: Unlucky Egg|Seismic Toss|p2a: Gothitelle
|-damage|p2a: Gothitelle|199\/299 slp
|
|-heal|p2a: Gothitelle|217\/299 slp|[from] item: Leftovers
|turn|37
|
|cant|p2a: Gothitelle|slp
|move|p1a: Unlucky Egg|Seismic Toss|p2a: Gothitelle
|-damage|p2a: Gothitelle|117\/299 slp
|
|-heal|p2a: Gothitelle|135\/299 slp|[from] item: Leftovers
|turn|38
|
|cant|p2a: Gothitelle|slp
|move|p1a: Unlucky Egg|Seismic Toss|p2a: Gothitelle
|-damage|p2a: Gothitelle|35\/299 slp
|
|-heal|p2a: Gothitelle|53\/299 slp|[from] item: Leftovers
|turn|39
|
|-curestatus|p2a: Gothitelle|slp
|move|p2a: Gothitelle|Rest|p2a: Gothitelle
|-status|p2a: Gothitelle|slp
|-heal|p2a: Gothitelle|299\/299 slp|[silent]
|-status|p2a: Gothitelle|slp|[from] move: Rest
|move|p1a: Unlucky Egg|Seismic Toss|p2a: Gothitelle
|-damage|p2a: Gothitelle|199\/299 slp
|
|-heal|p2a: Gothitelle|217\/299 slp|[from] item: Leftovers
|turn|40
|
|cant|p2a: Gothitelle|slp
|move|p1a: Unlucky Egg|Seismic Toss|p2a: Gothitelle
|-damage|p2a: Gothitelle|117\/299 slp
|
|-heal|p2a: Gothitelle|135\/299 slp|[from] item: Leftovers
|turn|41
|
|cant|p2a: Gothitelle|slp
|move|p1a: Unlucky Egg|Seismic Toss|p2a: Gothitelle
|-damage|p2a: Gothitelle|35\/299 slp
|
|-heal|p2a: Gothitelle|53\/299 slp|[from] item: Leftovers
|turn|42
|
|-curestatus|p2a: Gothitelle|slp
|move|p2a: Gothitelle|Rest|p2a: Gothitelle
|-status|p2a: Gothitelle|slp
|-heal|p2a: Gothitelle|299\/299 slp|[silent]
|-status|p2a: Gothitelle|slp|[from] move: Rest
|move|p1a: Unlucky Egg|Seismic Toss|p2a: Gothitelle
|-damage|p2a: Gothitelle|199\/299 slp
|
|-heal|p2a: Gothitelle|217\/299 slp|[from] item: Leftovers
|turn|43
|
|cant|p2a: Gothitelle|slp
|move|p1a: Unlucky Egg|Seismic Toss|p2a: Gothitelle
|-damage|p2a: Gothitelle|117\/299 slp
|
|-heal|p2a: Gothitelle|135\/299 slp|[from] item: Leftovers
|turn|44
|
|cant|p2a: Gothitelle|slp
|move|p1a: Unlucky Egg|Seismic Toss|p2a: Gothitelle
|-damage|p2a: Gothitelle|35\/299 slp
|
|-heal|p2a: Gothitelle|53\/299 slp|[from] item: Leftovers
|turn|45
|
|-curestatus|p2a: Gothitelle|slp
|move|p2a: Gothitelle|Rest|p2a: Gothitelle
|-status|p2a: Gothitelle|slp
|-heal|p2a: Gothitelle|299\/299 slp|[silent]
|-status|p2a: Gothitelle|slp|[from] move: Rest
|move|p1a: Unlucky Egg|Seismic Toss|p2a: Gothitelle
|-damage|p2a: Gothitelle|199\/299 slp
|
|-heal|p2a: Gothitelle|217\/299 slp|[from] item: Leftovers
|turn|46
|
|cant|p2a: Gothitelle|slp
|move|p1a: Unlucky Egg|Seismic Toss|p2a: Gothitelle
|-damage|p2a: Gothitelle|117\/299 slp
|
|-heal|p2a: Gothitelle|135\/299 slp|[from] item: Leftovers
|turn|47
|
|cant|p2a: Gothitelle|slp
|move|p1a: Unlucky Egg|Seismic Toss|p2a: Gothitelle
|-damage|p2a: Gothitelle|35\/299 slp
|
|-heal|p2a: Gothitelle|53\/299 slp|[from] item: Leftovers
|turn|48
|
|-curestatus|p2a: Gothitelle|slp
|move|p2a: Gothitelle|Rest|p2a: Gothitelle
|-status|p2a: Gothitelle|slp
|-heal|p2a: Gothitelle|299\/299 slp|[silent]
|-status|p2a: Gothitelle|slp|[from] move: Rest
|move|p1a: Unlucky Egg|Toxic|p2a: Gothitelle
|-fail|p2a: Gothitelle
|
|turn|49
|
|cant|p2a: Gothitelle|slp
|move|p1a: Unlucky Egg|Heal Bell|p1a: Unlucky Egg
|-cureteam|p1a: Unlucky Egg|[from] move: HealBell
|
|turn|50
|
|cant|p2a: Gothitelle|slp
|move|p1a: Unlucky Egg|Heal Bell|p1a: Unlucky Egg
|-cureteam|p1a: Unlucky Egg|[from] move: HealBell
|
|turn|51
|
|-curestatus|p2a: Gothitelle|slp
|move|p2a: Gothitelle|Calm Mind|p2a: Gothitelle
|-boost|p2a: Gothitelle|spa|1
|-boost|p2a: Gothitelle|spd|1
|move|p1a: Unlucky Egg|Soft-Boiled|p1a: Unlucky Egg
|-fail|p1a: Unlucky Egg
|
|turn|52
|
|move|p2a: Gothitelle|Calm Mind|p2a: Gothitelle
|-boost|p2a: Gothitelle|spa|1
|-boost|p2a: Gothitelle|spd|1
|move|p1a: Unlucky Egg|Toxic|p2a: Gothitelle
|-status|p2a: Gothitelle|tox
|
|-damage|p2a: Gothitelle|281\/299 tox|[from] psn
|turn|53
|
|move|p2a: Gothitelle|Calm Mind|p2a: Gothitelle
|-boost|p2a: Gothitelle|spa|1
|-boost|p2a: Gothitelle|spd|1
|move|p1a: Unlucky Egg|Soft-Boiled|p1a: Unlucky Egg
|-fail|p1a: Unlucky Egg
|
|-heal|p2a: Gothitelle|299\/299 tox|[from] item: Leftovers
|-damage|p2a: Gothitelle|263\/299 tox|[from] psn
|turn|54
|
|move|p2a: Gothitelle|Calm Mind|p2a: Gothitelle
|-boost|p2a: Gothitelle|spa|1
|-boost|p2a: Gothitelle|spd|1
|move|p1a: Unlucky Egg|Soft-Boiled|p1a: Unlucky Egg
|-fail|p1a: Unlucky Egg
|
|-heal|p2a: Gothitelle|281\/299 tox|[from] item: Leftovers
|-damage|p2a: Gothitelle|227\/299 tox|[from] psn
|turn|55
|
|move|p2a: Gothitelle|Calm Mind|p2a: Gothitelle
|-boost|p2a: Gothitelle|spa|1
|-boost|p2a: Gothitelle|spd|1
|move|p1a: Unlucky Egg|Heal Bell|p1a: Unlucky Egg
|-cureteam|p1a: Unlucky Egg|[from] move: HealBell
|
|-heal|p2a: Gothitelle|245\/299 tox|[from] item: Leftovers
|-damage|p2a: Gothitelle|173\/299 tox|[from] psn
|turn|56
|
|move|p2a: Gothitelle|Rest|p2a: Gothitelle
|-status|p2a: Gothitelle|slp
|-heal|p2a: Gothitelle|299\/299 slp|[silent]
|-status|p2a: Gothitelle|slp|[from] move: Rest
|move|p1a: Unlucky Egg|Heal Bell|p1a: Unlucky Egg
|-cureteam|p1a: Unlucky Egg|[from] move: HealBell
|
|turn|57
|
|cant|p2a: Gothitelle|slp
|move|p1a: Unlucky Egg|Heal Bell|p1a: Unlucky Egg
|-cureteam|p1a: Unlucky Egg|[from] move: HealBell
|
|turn|58
|
|cant|p2a: Gothitelle|slp
|move|p1a: Unlucky Egg|Soft-Boiled|p1a: Unlucky Egg
|-fail|p1a: Unlucky Egg
|
|turn|59
|
|-curestatus|p2a: Gothitelle|slp
|move|p2a: Gothitelle|Trick|p1a: Unlucky Egg
|-activate|p2a: Gothitelle|move: Trick|[of] p1a: Unlucky Egg
|-item|p1a: Unlucky Egg|Leftovers|[from] move: Trick
|-item|p2a: Gothitelle|Eviolite|[from] move: Trick
|move|p1a: Unlucky Egg|Soft-Boiled|p1a: Unlucky Egg
|-fail|p1a: Unlucky Egg
|
|turn|60
|
|move|p2a: Gothitelle|Psychic|p1a: Unlucky Egg
|-damage|p1a: Unlucky Egg|184\/703
|move|p1a: Unlucky Egg|Toxic|p2a: Gothitelle
|-status|p2a: Gothitelle|tox
|
|-heal|p1a: Unlucky Egg|227\/703|[from] item: Leftovers
|-damage|p2a: Gothitelle|281\/299 tox|[from] psn
|turn|61
|
|move|p2a: Gothitelle|Psychic|p1a: Unlucky Egg
|-damage|p1a: Unlucky Egg|0 fnt
|faint|p1a: Unlucky Egg
|
|-damage|p2a: Gothitelle|245\/299 tox|[from] psn
|
|switch|p1a: Swagsire|Quagsire, F|394\/394
|turn|62
|
|move|p2a: Gothitelle|Psychic|p1a: Swagsire
|-damage|p1a: Swagsire|213\/394
|move|p1a: Swagsire|Earthquake|p2a: Gothitelle
|-damage|p2a: Gothitelle|128\/299 tox
|
|-damage|p2a: Gothitelle|74\/299 tox|[from] psn
|turn|63
|
|switch|p2a: Talonflame|Talonflame, M|297\/297
|move|p1a: Swagsire|Earthquake|p2a: Talonflame
|-immune|p2a: Talonflame|[msg]
|
|turn|64
|
|switch|p1a: Metal Head|Skarmory, F|334\/334
|move|p2a: Talonflame|Flare Blitz|p1a: Metal Head
|-crit|p1a: Metal Head
|-supereffective|p1a: Metal Head
|-activate|p1a: Metal Head|Sturdy
|-damage|p1a: Metal Head|1\/334
|-damage|p2a: Talonflame|187\/297|[from] recoil|[of] p1a: Metal Head
|
|-heal|p1a: Metal Head|21\/334|[from] item: Leftovers
|turn|65
|
|move|p2a: Talonflame|Flare Blitz|p1a: Metal Head
|-supereffective|p1a: Metal Head
|-damage|p1a: Metal Head|0 fnt
|-damage|p2a: Talonflame|180\/297|[from] recoil|[of] p1a: Metal Head
|faint|p1a: Metal Head
|
|
|switch|p1a: Swagsire|Quagsire, F|213\/394
|turn|66
|
|switch|p2a: Thundurus|Thundurus, M|270\/299
|move|p1a: Swagsire|Recover|p1a: Swagsire
|-heal|p1a: Swagsire|394\/394
|
|turn|67
|
|switch|p2a: Gothitelle|Gothitelle, F|74\/299 tox
|switch|p1a: Grasshole|Amoonguss, M|432\/432
|
|-damage|p2a: Gothitelle|56\/299 tox|[from] psn
|turn|68
|
|move|p2a: Gothitelle|Rest|p2a: Gothitelle
|-status|p2a: Gothitelle|slp
|-heal|p2a: Gothitelle|299\/299 slp|[silent]
|-status|p2a: Gothitelle|slp|[from] move: Rest
|move|p1a: Grasshole|Clear Smog|p2a: Gothitelle
|-crit|p2a: Gothitelle
|-damage|p2a: Gothitelle|232\/299 slp
|-clearboost|p2a: Gothitelle
|
|turn|69
|
|cant|p2a: Gothitelle|slp
|move|p1a: Grasshole|Giga Drain|p2a: Gothitelle
|-damage|p2a: Gothitelle|163\/299 slp
|
|turn|70
|
|cant|p2a: Gothitelle|slp
|move|p1a: Grasshole|Giga Drain|p2a: Gothitelle
|-damage|p2a: Gothitelle|94\/299 slp
|
|turn|71
|
|-curestatus|p2a: Gothitelle|slp
|move|p2a: Gothitelle|Rest|p2a: Gothitelle
|-status|p2a: Gothitelle|slp
|-heal|p2a: Gothitelle|299\/299 slp|[silent]
|-status|p2a: Gothitelle|slp|[from] move: Rest
|move|p1a: Grasshole|Giga Drain|p2a: Gothitelle
|-damage|p2a: Gothitelle|229\/299 slp
|
|turn|72
|
|cant|p2a: Gothitelle|slp
|move|p1a: Grasshole|Giga Drain|p2a: Gothitelle
|-damage|p2a: Gothitelle|159\/299 slp
|
|turn|73
|
|cant|p2a: Gothitelle|slp
|move|p1a: Grasshole|Clear Smog|p2a: Gothitelle
|-damage|p2a: Gothitelle|111\/299 slp
|-clearboost|p2a: Gothitelle
|
|turn|74
|
|-curestatus|p2a: Gothitelle|slp
|move|p2a: Gothitelle|Psychic|p1a: Grasshole
|-supereffective|p1a: Grasshole
|-damage|p1a: Grasshole|232\/432
|move|p1a: Grasshole|Giga Drain|p2a: Gothitelle
|-crit|p2a: Gothitelle
|-damage|p2a: Gothitelle|0 fnt
|-heal|p1a: Grasshole|288\/432|[from] drain|[of] p2a: Gothitelle
|faint|p2a: Gothitelle
|
|-heal|p1a: Grasshole|315\/432|[from] item: Black Sludge
|
|switch|p2a: Talonflame|Talonflame, M|180\/297
|turn|75
|
|switch|p1a: Swagsire|Quagsire, F|394\/394
|move|p2a: Talonflame|Brave Bird|p1a: Swagsire
|-damage|p1a: Swagsire|192\/394
|-damage|p2a: Talonflame|113\/297|[from] recoil|[of] p1a: Swagsire
|
|turn|76
|
|move|p2a: Talonflame|Brave Bird|p1a: Swagsire
|-damage|p1a: Swagsire|0 fnt
|-damage|p2a: Talonflame|50\/297|[from] recoil|[of] p1a: Swagsire
|faint|p1a: Swagsire
|
|
|switch|p1a: Grasshole|Amoonguss, M|432\/432
|turn|77
|
|move|p2a: Talonflame|Brave Bird|p1a: Grasshole
|-supereffective|p1a: Grasshole
|-damage|p1a: Grasshole|0 fnt
|-damage|p2a: Talonflame|0 fnt|[from] recoil|[of] p1a: Grasshole
|faint|p1a: Grasshole
|faint|p2a: Talonflame
|
|win|Questro
|raw|Ladder updating...
|raw|SEXY GAMER DOG's rating: 1738 &rarr; <strong>1714<\/strong><br \/>(-24 for losing)
|raw|Questro's rating: 1681 &rarr; <strong>1704<\/strong><br \/>(+23 for winning)
|c|âQuestro|gg
|leave|SEXY GAMER DOG
|player|p1