|join|z0mOG
|join|SEXY GAMER DOG
|player|p1|z0mOG|#cpgtan
|player|p2|SEXY GAMER DOG|265
|gametype|singles
|gen|6
|tier|OU
|rated
|clearpoke
|poke|p1|Diggersby, M
|poke|p1|Sableye, F
|poke|p1|Ferrothorn, F
|poke|p1|Azumarill, F
|poke|p1|Gengar, M
|poke|p1|Heatran, F
|poke|p2|Sableye, F
|poke|p2|Cresselia, F
|poke|p2|Chansey, F
|poke|p2|Skarmory, F
|poke|p2|Quagsire, M
|poke|p2|Gothitelle, F
|rule|Swagger Clause: Swagger is banned
|rule|Baton Pass Clause: Limit one PokÃ©mon knowing Baton Pass
|rule|Sleep Clause Mod: Limit one foe put to sleep
|rule|Species Clause: Limit one of each PokÃ©mon
|rule|OHKO Clause: OHKO moves are banned
|rule|Moody Clause: Moody is banned
|rule|Evasion Moves Clause: Evasion moves are banned
|rule|Endless Battle Clause: Forcing endless battles is banned
|rule|HP Percentage Mod: HP is shown in percentages
|teampreview
|
|start
|switch|p1a: TRIPLE CHARIZARD|Heatran, F|385\/385
|switch|p2a: LE GEM XD XD|Sableye, F|304\/304
|-item|p1a: TRIPLE CHARIZARD|Air Balloon
|turn|1
|
|detailschange|p2a: LE GEM XD XD|Sableye-Mega, F
|message|Sableye has Mega Evolved into Mega Sableye!
|move|p2a: LE GEM XD XD|Calm Mind|p2a: LE GEM XD XD
|-boost|p2a: LE GEM XD XD|spa|1
|-boost|p2a: LE GEM XD XD|spd|1
|move|p1a: TRIPLE CHARIZARD|Fire Blast|p2a: LE GEM XD XD
|-damage|p2a: LE GEM XD XD|208\/304
|
|turn|2
|join|Higgz237
|
|switch|p1a: HNNNNNNNNG|Azumarill, F|377\/377
|move|p2a: LE GEM XD XD|Recover|p2a: LE GEM XD XD
|-heal|p2a: LE GEM XD XD|304\/304
|
|turn|3
|join|Adam Lambert
|
|switch|p2a: Metal as Fuck|Skarmory, F|334\/334
|move|p1a: HNNNNNNNNG|Play Rough|p2a: Metal as Fuck
|-crit|p2a: Metal as Fuck
|-resisted|p2a: Metal as Fuck
|-damage|p2a: Metal as Fuck|216\/334
|
|turn|4
|c| Higgz237|is that really hacked?
|
|switch|p1a: TRIPLE CHARIZARD|Heatran, F|385\/385
|-item|p1a: TRIPLE CHARIZARD|Air Balloon
|move|p2a: Metal as Fuck|Stealth Rock|p1a: TRIPLE CHARIZARD
|-sidestart|p1: z0mOG|move: Stealth Rock
|
|turn|5
|leave|Adam Lambert
|
|switch|p2a: Queen of Twerk|Chansey, F|704\/704
|move|p1a: TRIPLE CHARIZARD|Fire Blast|p2a: Queen of Twerk|[miss]
|-miss|p1a: TRIPLE CHARIZARD|p2a: Queen of Twerk
|
|turn|6
|
|move|p1a: TRIPLE CHARIZARD|Stealth Rock|p2a: Queen of Twerk
|-sidestart|p2: SEXY GAMER DOG|move: Stealth Rock
|move|p2a: Queen of Twerk|Thunder Wave|p1a: TRIPLE CHARIZARD
|-status|p1a: TRIPLE CHARIZARD|par
|
|turn|7
|
|switch|p2a: Gothitelletubby|Gothitelle, F|344\/344
|-damage|p2a: Gothitelletubby|301\/344|[from] Stealth Rock
|switch|p1a: TAMALE|Ferrothorn, F|349\/349
|-damage|p1a: TAMALE|328\/349|[from] Stealth Rock
|
|-heal|p1a: TAMALE|349\/349|[from] item: Leftovers
|turn|8
|
|move|p1a: TAMALE|Protect|p1a: TAMALE
|-singleturn|p1a: TAMALE|Protect
|move|p2a: Gothitelletubby|Trick|p1a: TAMALE
|-activate|p1a: TAMALE|Protect
|
|turn|9
|c|âSEXY GAMER DOG|yes the avatar is hacked
|join|EssKay21
|c|âSEXY GAMER DOG|how do i report t
|
|move|p2a: Gothitelletubby|Trick|p1a: TAMALE
|-activate|p2a: Gothitelletubby|move: Trick|[of] p1a: TAMALE
|-item|p1a: TAMALE|Choice Scarf|[from] move: Trick
|-item|p2a: Gothitelletubby|Leftovers|[from] move: Trick
|move|p1a: TAMALE|Gyro Ball|p2a: Gothitelletubby
|-damage|p2a: Gothitelletubby|189\/344
|
|-heal|p2a: Gothitelletubby|210\/344|[from] item: Leftovers
|turn|10
|
|move|p2a: Gothitelletubby|Calm Mind|p2a: Gothitelletubby
|-boost|p2a: Gothitelletubby|spa|1
|-boost|p2a: Gothitelletubby|spd|1
|move|p1a: TAMALE|Gyro Ball|p2a: Gothitelletubby
|-damage|p2a: Gothitelletubby|102\/344
|
|-heal|p2a: Gothitelletubby|123\/344|[from] item: Leftovers
|turn|11
|
|move|p2a: Gothitelletubby|Rest|p2a: Gothitelletubby
|-status|p2a: Gothitelletubby|slp
|-heal|p2a: Gothitelletubby|344\/344 slp|[silent]
|-status|p2a: Gothitelletubby|slp|[from] move: Rest
|move|p1a: TAMALE|Gyro Ball|p2a: Gothitelletubby
|-damage|p2a: Gothitelletubby|230\/344 slp
|
|-heal|p2a: Gothitelletubby|251\/344 slp|[from] item: Leftovers
|turn|12
|
|cant|p2a: Gothitelletubby|slp
|move|p1a: TAMALE|Gyro Ball|p2a: Gothitelletubby
|-damage|p2a: Gothitelletubby|140\/344 slp
|
|-heal|p2a: Gothitelletubby|161\/344 slp|[from] item: Leftovers
|turn|13
|
|cant|p2a: Gothitelletubby|slp
|move|p1a: TAMALE|Gyro Ball|p2a: Gothitelletubby
|-damage|p2a: Gothitelletubby|55\/344 slp
|
|-heal|p2a: Gothitelletubby|76\/344 slp|[from] item: Leftovers
|turn|14
|
|-curestatus|p2a: Gothitelletubby|slp
|move|p2a: Gothitelletubby|Rest|p2a: Gothitelletubby
|-status|p2a: Gothitelletubby|slp
|-heal|p2a: Gothitelletubby|344\/344 slp|[silent]
|-status|p2a: Gothitelletubby|slp|[from] move: Rest
|move|p1a: TAMALE|Gyro Ball|p2a: Gothitelletubby
|-damage|p2a: Gothitelletubby|233\/344 slp
|
|-heal|p2a: Gothitelletubby|254\/344 slp|[from] item: Leftovers
|turn|15
|
|cant|p2a: Gothitelletubby|slp
|move|p1a: TAMALE|Gyro Ball|p2a: Gothitelletubby
|-damage|p2a: Gothitelletubby|149\/344 slp
|
|-heal|p2a: Gothitelletubby|170\/344 slp|[from] item: Leftovers
|turn|16
|
|cant|p2a: Gothitelletubby|slp
|move|p1a: TAMALE|Gyro Ball|p2a: Gothitelletubby
|-damage|p2a: Gothitelletubby|58\/344 slp
|
|-heal|p2a: Gothitelletubby|79\/344 slp|[from] item: Leftovers
|turn|17
|join|Sonic Ramon
|
|-curestatus|p2a: Gothitelletubby|slp
|move|p2a: Gothitelletubby|Rest|p2a: Gothitelletubby
|-status|p2a: Gothitelletubby|slp
|-heal|p2a: Gothitelletubby|344\/344 slp|[silent]
|-status|p2a: Gothitelletubby|slp|[from] move: Rest
|move|p1a: TAMALE|Struggle|p2a: Gothitelletubby
|-damage|p2a: Gothitelletubby|303\/344 slp
|-damage|p1a: TAMALE|262\/349
|
|-heal|p2a: Gothitelletubby|324\/344 slp|[from] item: Leftovers
|turn|18
|leave|Sonic Ramon
|c| Higgz237|Z0m0G it looks cool
|c| Higgz237|why report it
|c| Higgz237|it isn't hurting anyone
|c| EssKay21|yeah, must be special to have an avatar like that lool
|c|âSEXY GAMER DOG|lol he doesnt even have lando on his team
|c|âSEXY GAMER DOG|he is a poser AND a hacker
|
|switch|p2a: Metal as Fuck|Skarmory, F|216\/334
|-damage|p2a: Metal as Fuck|175\/334|[from] Stealth Rock
|move|p1a: TAMALE|Struggle|p2a: Metal as Fuck
|-damage|p2a: Metal as Fuck|155\/334
|-damage|p1a: TAMALE|175\/349
|
|turn|19
|c| EssKay21|cause lando is his sex save obviously
|
|switch|p1a: CALL ME SHOFU|Gengar, M|261\/261
|-damage|p1a: CALL ME SHOFU|229\/261|[from] Stealth Rock
|move|p2a: Metal as Fuck|Roost|p2a: Metal as Fuck
|-heal|p2a: Metal as Fuck|322\/334
|
|turn|20
|c| EssKay21|get it together man
|
|switch|p1a: TAMALE|Ferrothorn, F|175\/349
|-damage|p1a: TAMALE|154\/349|[from] Stealth Rock
|move|p2a: Metal as Fuck|Brave Bird|p1a: TAMALE
|-damage|p1a: TAMALE|79\/349
|-damage|p2a: Metal as Fuck|281\/334|[from] ability: Iron Barbs|[of] p1a: TAMALE
|-damage|p2a: Metal as Fuck|256\/334|[from] recoil|[of] p1a: TAMALE
|
|turn|21
|
|switch|p2a: LE GEM XD XD|Sableye-Mega, F|304\/304
|-damage|p2a: LE GEM XD XD|266\/304|[from] Stealth Rock
|move|p1a: TAMALE|Leech Seed|p2a: LE GEM XD XD
|move|p2a: LE GEM XD XD|Leech Seed|p1a: TAMALE|[from]Magic Bounce
|-immune|p1a: TAMALE|[msg]
|
|turn|22
|
|switch|p1a: TRIPLE CHARIZARD|Heatran, F|385\/385 par
|-damage|p1a: TRIPLE CHARIZARD|337\/385 par|[from] Stealth Rock
|-item|p1a: TRIPLE CHARIZARD|Air Balloon
|move|p2a: LE GEM XD XD|Will-O-Wisp|p1a: TRIPLE CHARIZARD
|-start|p1a: TRIPLE CHARIZARD|ability: Flash Fire
|
|turn|23
|
|switch|p2a: Queen of Twerk|Chansey, F|704\/704
|-damage|p2a: Queen of Twerk|616\/704|[from] Stealth Rock
|switch|p1a: HNNNNNNNNG|Azumarill, F|377\/377
|-damage|p1a: HNNNNNNNNG|330\/377|[from] Stealth Rock
|
|turn|24
|
|switch|p2a: Metal as Fuck|Skarmory, F|256\/334
|-damage|p2a: Metal as Fuck|215\/334|[from] Stealth Rock
|move|p1a: HNNNNNNNNG|Play Rough|p2a: Metal as Fuck
|-resisted|p2a: Metal as Fuck
|-damage|p2a: Metal as Fuck|132\/334
|
|turn|25
|
|switch|p1a: TRIPLE CHARIZARD|Heatran, F|337\/385 par
|-damage|p1a: TRIPLE CHARIZARD|289\/385 par|[from] Stealth Rock
|-item|p1a: TRIPLE CHARIZARD|Air Balloon
|move|p2a: Metal as Fuck|Roost|p2a: Metal as Fuck
|-heal|p2a: Metal as Fuck|299\/334
|
|turn|26
|
|switch|p2a: Gothitelletubby|Gothitelle, F|324\/344 slp
|-damage|p2a: Gothitelletubby|281\/344 slp|[from] Stealth Rock
|move|p1a: TRIPLE CHARIZARD|Fire Blast|p2a: Gothitelletubby
|-damage|p2a: Gothitelletubby|128\/344 slp
|
|-heal|p2a: Gothitelletubby|149\/344 slp|[from] item: Leftovers
|turn|27
|
|switch|p2a: Queen of Twerk|Chansey, F|616\/704
|-damage|p2a: Queen of Twerk|528\/704|[from] Stealth Rock
|move|p1a: TRIPLE CHARIZARD|Fire Blast|p2a: Queen of Twerk
|-damage|p2a: Queen of Twerk|428\/704
|
|turn|28
|c| Higgz237|lol
|
|switch|p1a: SHIZZ 2 DA SIXX|Diggersby, M|311\/311
|-damage|p1a: SHIZZ 2 DA SIXX|292\/311|[from] Stealth Rock
|move|p2a: Queen of Twerk|Soft-Boiled|p2a: Queen of Twerk
|-heal|p2a: Queen of Twerk|704\/704
|
|turn|29
|
|switch|p2a: Gothitelletubby|Gothitelle, F|149\/344 slp
|-damage|p2a: Gothitelletubby|106\/344 slp|[from] Stealth Rock
|move|p1a: SHIZZ 2 DA SIXX|Swords Dance|p1a: SHIZZ 2 DA SIXX
|-boost|p1a: SHIZZ 2 DA SIXX|atk|2
|
|-heal|p2a: Gothitelletubby|127\/344 slp|[from] item: Leftovers
|turn|30
|c| EssKay21|these switch ward are retarded
|c| EssKay21|wars*
|
|switch|p2a: Swagsire|Quagsire, M|394\/394
|-damage|p2a: Swagsire|370\/394|[from] Stealth Rock
|move|p1a: SHIZZ 2 DA SIXX|Knock Off|p2a: Swagsire
|-damage|p2a: Swagsire|236\/394
|-enditem|p2a: Swagsire|Leftovers|[from] move: Knock Off|[of] p1a: SHIZZ 2 DA SIXX
|-damage|p1a: SHIZZ 2 DA SIXX|261\/311|[from] item: Life Orb
|
|turn|31
|c| Higgz237|how about if you win you report it
|
|move|p1a: SHIZZ 2 DA SIXX|Earthquake|p2a: Swagsire
|-damage|p2a: Swagsire|24\/394
|-damage|p1a: SHIZZ 2 DA SIXX|230\/311|[from] item: Life Orb
|move|p2a: Swagsire|Recover|p2a: Swagsire
|-heal|p2a: Swagsire|221\/394
|
|turn|32
|c| Higgz237|but if you lose you leave it
|
|move|p1a: SHIZZ 2 DA SIXX|Earthquake|p2a: Swagsire
|-damage|p2a: Swagsire|13\/394
|-damage|p1a: SHIZZ 2 DA SIXX|199\/311|[from] item: Life Orb
|move|p2a: Swagsire|Recover|p2a: Swagsire
|-heal|p2a: Swagsire|210\/394
|
|turn|33
|
|move|p1a: SHIZZ 2 DA SIXX|Earthquake|p2a: Swagsire
|-damage|p2a: Swagsire|10\/394
|-damage|p1a: SHIZZ 2 DA SIXX|168\/311|[from] item: Life Orb
|move|p2a: Swagsire|Haze|p2a: Swagsire
|-clearallboost
|
|turn|34
|
|move|p1a: SHIZZ 2 DA SIXX|Knock Off|p2a: Swagsire
|-damage|p2a: Swagsire|0 fnt
|-damage|p1a: SHIZZ 2 DA SIXX|137\/311|[from] item: Life Orb
|faint|p2a: Swagsire
|
|
|switch|p2a: Metal as Fuck|Skarmory, F|299\/334
|-damage|p2a: Metal as Fuck|258\/334|[from] Stealth Rock
|turn|35
|
|switch|p1a: TAMALE|Ferrothorn, F|79\/349
|-damage|p1a: TAMALE|58\/349|[from] Stealth Rock
|move|p2a: Metal as Fuck|Brave Bird|p1a: TAMALE
|-damage|p1a: TAMALE|0 fnt
|-damage|p2a: Metal as Fuck|217\/334|[from] ability: Iron Barbs|[of] p1a: TAMALE
|-damage|p2a: Metal as Fuck|198\/334|[from] recoil|[of] p1a: TAMALE
|faint|p1a: TAMALE
|
|
|switch|p1a: NEZMCNEZZA|Sableye, F|302\/302
|-damage|p1a: NEZMCNEZZA|265\/302|[from] Stealth Rock
|turn|36
|
|switch|p2a: LE GEM XD XD|Sableye-Mega, F|266\/304
|-damage|p2a: LE GEM XD XD|228\/304|[from] Stealth Rock
|detailschange|p1a: NEZMCNEZZA|Sableye-Mega, F
|message|Sableye has Mega Evolved into Mega Sableye!
|move|p1a: NEZMCNEZZA|Calm Mind|p1a: NEZMCNEZZA
|-boost|p1a: NEZMCNEZZA|spa|1
|-boost|p1a: NEZMCNEZZA|spd|1
|
|turn|37
|
|move|p1a: NEZMCNEZZA|Calm Mind|p1a: NEZMCNEZZA
|-boost|p1a: NEZMCNEZZA|spa|1
|-boost|p1a: NEZMCNEZZA|spd|1
|move|p2a: LE GEM XD XD|Calm Mind|p2a: LE GEM XD XD
|-boost|p2a: LE GEM XD XD|spa|1
|-boost|p2a: LE GEM XD XD|spd|1
|
|turn|38
|
|move|p1a: NEZMCNEZZA|Calm Mind|p1a: NEZMCNEZZA
|-boost|p1a: NEZMCNEZZA|spa|1
|-boost|p1a: NEZMCNEZZA|spd|1
|move|p2a: LE GEM XD XD|Calm Mind|p2a: LE GEM XD XD
|-boost|p2a: LE GEM XD XD|spa|1
|-boost|p2a: LE GEM XD XD|spd|1
|
|turn|39
|
|move|p1a: NEZMCNEZZA|Dark Pulse|p2a: LE GEM XD XD
|-damage|p2a: LE GEM XD XD|140\/304
|move|p2a: LE GEM XD XD|Calm Mind|p2a: LE GEM XD XD
|-boost|p2a: LE GEM XD XD|spa|1
|-boost|p2a: LE GEM XD XD|spd|1
|
|turn|40
|
|switch|p1a: HNNNNNNNNG|Azumarill, F|330\/377
|-damage|p1a: HNNNNNNNNG|283\/377|[from] Stealth Rock
|move|p2a: LE GEM XD XD|Recover|p2a: LE GEM XD XD
|-heal|p2a: LE GEM XD XD|292\/304
|
|turn|41
|
|switch|p2a: Gothitelletubby|Gothitelle, F|127\/344 slp
|-damage|p2a: Gothitelletubby|84\/344 slp|[from] Stealth Rock
|move|p1a: HNNNNNNNNG|Waterfall|p2a: Gothitelletubby
|-damage|p2a: Gothitelletubby|0 fnt
|faint|p2a: Gothitelletubby
|
|
|switch|p2a: Metal as Fuck|Skarmory, F|198\/334
|-damage|p2a: Metal as Fuck|157\/334|[from] Stealth Rock
|turn|42
|
|switch|p1a: TRIPLE CHARIZARD|Heatran, F|289\/385 par
|-damage|p1a: TRIPLE CHARIZARD|241\/385 par|[from] Stealth Rock
|-item|p1a: TRIPLE CHARIZARD|Air Balloon
|move|p2a: Metal as Fuck|Roost|p2a: Metal as Fuck
|-heal|p2a: Metal as Fuck|324\/334
|
|turn|43
|
|switch|p2a: Queen of Twerk|Chansey, F|704\/704
|-damage|p2a: Queen of Twerk|616\/704|[from] Stealth Rock
|cant|p1a: TRIPLE CHARIZARD|par
|
|turn|44
|
|move|p2a: Queen of Twerk|Seismic Toss|p1a: TRIPLE CHARIZARD
|-damage|p1a: TRIPLE CHARIZARD|141\/385 par
|-enditem|p1a: TRIPLE CHARIZARD|Air Balloon
|move|p1a: TRIPLE CHARIZARD|Roar|p2a: Queen of Twerk
|drag|p2a: Metal as Fuck|Skarmory, F|324\/334
|-damage|p2a: Metal as Fuck|283\/334|[from] Stealth Rock
|
|turn|45
|
|switch|p2a: Queen of Twerk|Chansey, F|616\/704
|-damage|p2a: Queen of Twerk|528\/704|[from] Stealth Rock
|move|p1a: TRIPLE CHARIZARD|Fire Blast|p2a: Queen of Twerk
|-damage|p2a: Queen of Twerk|425\/704
|
|turn|46
|
|move|p2a: Queen of Twerk|Soft-Boiled|p2a: Queen of Twerk
|-heal|p2a: Queen of Twerk|704\/704
|move|p1a: TRIPLE CHARIZARD|Fire Blast|p2a: Queen of Twerk
|-damage|p2a: Queen of Twerk|602\/704
|
|turn|47
|
|move|p2a: Queen of Twerk|Thunder Wave|p1a: TRIPLE CHARIZARD
|-fail|p1a: TRIPLE CHARIZARD|par
|move|p1a: TRIPLE CHARIZARD|Flash Cannon|p2a: Queen of Twerk
|-damage|p2a: Queen of Twerk|524\/704
|
|turn|48
|
|move|p2a: Queen of Twerk|Soft-Boiled|p2a: Queen of Twerk
|-heal|p2a: Queen of Twerk|704\/704
|move|p1a: TRIPLE CHARIZARD|Flash Cannon|p2a: Queen of Twerk
|-damage|p2a: Queen of Twerk|620\/704
|
|turn|49
|
|move|p2a: Queen of Twerk|Seismic Toss|p1a: TRIPLE CHARIZARD
|-damage|p1a: TRIPLE CHARIZARD|41\/385 par
|cant|p1a: TRIPLE CHARIZARD|par
|
|turn|50
|
|move|p2a: Queen of Twerk|Thunder Wave|p1a: TRIPLE CHARIZARD
|-fail|p1a: TRIPLE CHARIZARD|par
|cant|p1a: TRIPLE CHARIZARD|par
|
|turn|51
|
|move|p2a: Queen of Twerk|Thunder Wave|p1a: TRIPLE CHARIZARD
|-fail|p1a: TRIPLE CHARIZARD|par
|move|p1a: TRIPLE CHARIZARD|Roar|p2a: Queen of Twerk
|drag|p2a: Metal as Fuck|Skarmory, F|283\/334
|-damage|p2a: Metal as Fuck|242\/334|[from] Stealth Rock
|
|turn|52
|
|switch|p2a: LE GEM XD XD|Sableye-Mega, F|292\/304
|-damage|p2a: LE GEM XD XD|254\/304|[from] Stealth Rock
|move|p1a: TRIPLE CHARIZARD|Fire Blast|p2a: LE GEM XD XD
|-damage|p2a: LE GEM XD XD|104\/304
|
|turn|53
|
|move|p2a: LE GEM XD XD|Recover|p2a: LE GEM XD XD
|-heal|p2a: LE GEM XD XD|256\/304
|move|p1a: TRIPLE CHARIZARD|Fire Blast|p2a: LE GEM XD XD
|-damage|p2a: LE GEM XD XD|118\/304
|
|turn|54
|
|switch|p1a: HNNNNNNNNG|Azumarill, F|283\/377
|-damage|p1a: HNNNNNNNNG|236\/377|[from] Stealth Rock
|move|p2a: LE GEM XD XD|Recover|p2a: LE GEM XD XD
|-heal|p2a: LE GEM XD XD|270\/304
|
|turn|55
|
|switch|p2a: Clutchselia|Cresselia, F|444\/444
|-damage|p2a: Clutchselia|389\/444|[from] Stealth Rock
|move|p1a: HNNNNNNNNG|Waterfall|p2a: Clutchselia
|-crit|p2a: Clutchselia
|-damage|p2a: Clutchselia|133\/444
|
|-heal|p2a: Clutchselia|160\/444|[from] item: Leftovers
|turn|56
|
|move|p2a: Clutchselia|Moonlight|p2a: Clutchselia
|-heal|p2a: Clutchselia|382\/444
|move|p1a: HNNNNNNNNG|Waterfall|p2a: Clutchselia
|-damage|p2a: Clutchselia|228\/444
|
|-heal|p2a: Clutchselia|255\/444|[from] item: Leftovers
|turn|57
|
|switch|p1a: NEZMCNEZZA|Sableye-Mega, F|265\/302
|-damage|p1a: NEZMCNEZZA|228\/302|[from] Stealth Rock
|move|p2a: Clutchselia|Moonlight|p2a: Clutchselia
|-heal|p2a: Clutchselia|444\/444
|
|turn|58
|
|switch|p2a: LE GEM XD XD|Sableye-Mega, F|270\/304
|-damage|p2a: LE GEM XD XD|232\/304|[from] Stealth Rock
|move|p1a: NEZMCNEZZA|Calm Mind|p1a: NEZMCNEZZA
|-boost|p1a: NEZMCNEZZA|spa|1
|-boost|p1a: NEZMCNEZZA|spd|1
|
|turn|59
|
|move|p1a: NEZMCNEZZA|Calm Mind|p1a: NEZMCNEZZA
|-boost|p1a: NEZMCNEZZA|spa|1
|-boost|p1a: NEZMCNEZZA|spd|1
|move|p2a: LE GEM XD XD|Calm Mind|p2a: LE GEM XD XD
|-boost|p2a: LE GEM XD XD|spa|1
|-boost|p2a: LE GEM XD XD|spd|1
|
|turn|60
|
|move|p1a: NEZMCNEZZA|Calm Mind|p1a: NEZMCNEZZA
|-boost|p1a: NEZMCNEZZA|spa|1
|-boost|p1a: NEZMCNEZZA|spd|1
|move|p2a: LE GEM XD XD|Snarl|p1a: NEZMCNEZZA
|-damage|p1a: NEZMCNEZZA|198\/302
|-unboost|p1a: NEZMCNEZZA|spa|1
|
|turn|61
|
|move|p1a: NEZMCNEZZA|Calm Mind|p1a: NEZMCNEZZA
|-boost|p1a: NEZMCNEZZA|spa|1
|-boost|p1a: NEZMCNEZZA|spd|1
|move|p2a: LE GEM XD XD|Calm Mind|p2a: LE GEM XD XD
|-boost|p2a: LE GEM XD XD|spa|1
|-boost|p2a: LE GEM XD XD|spd|1
|
|turn|62
|
|move|p1a: NEZMCNEZZA|Calm Mind|p1a: NEZMCNEZZA
|-boost|p1a: NEZMCNEZZA|spa|1
|-boost|p1a: NEZMCNEZZA|spd|1
|move|p2a: LE GEM XD XD|Calm Mind|p2a: LE GEM XD XD
|-boost|p2a: LE GEM XD XD|spa|1
|-boost|p2a: LE GEM XD XD|spd|1
|
|turn|63
|
|move|p1a: NEZMCNEZZA|Calm Mind|p1a: NEZMCNEZZA
|-boost|p1a: NEZMCNEZZA|spa|1
|-boost|p1a: NEZMCNEZZA|spd|1
|move|p2a: LE GEM XD XD|Calm Mind|p2a: LE GEM XD XD
|-boost|p2a: LE GEM XD XD|spa|1
|-boost|p2a: LE GEM XD XD|spd|1
|
|turn|64
|
|move|p1a: NEZMCNEZZA|Dark Pulse|p2a: LE GEM XD XD
|-damage|p2a: LE GEM XD XD|148\/304
|move|p2a: LE GEM XD XD|Calm Mind|p2a: LE GEM XD XD
|-boost|p2a: LE GEM XD XD|spa|1
|-boost|p2a: LE GEM XD XD|spd|1
|
|turn|65
|c| EssKay21|this is the dumbest match Ive ever seen
|
|move|p1a: NEZMCNEZZA|Dark Pulse|p2a: LE GEM XD XD
|-damage|p2a: LE GEM XD XD|70\/304
|cant|p2a: LE GEM XD XD|flinch
|
|turn|66
|
|move|p1a: NEZMCNEZZA|Dark Pulse|p2a: LE GEM XD XD
|-damage|p2a: LE GEM XD XD|0 fnt
|faint|p2a: LE GEM XD XD
|
|-message|SEXY GAMER DOG forfeited.
|
|win|z0mOG
|raw|Ladder updating...
|leave|SEXY GAMER DOG
|player|p2
|raw|z0mOG's rating: 1701 &rarr; <strong>1716<\/strong><br \/>(+15 for winning)
|raw|SEXY GAMER DOG's rating: 1608 &rarr; <strong>1593<\/strong><br \/>(-15 for losing)