|join|SEXY GAMER DOG
|join|Reverb
|player|p1|SEXY GAMER DOG|275
|player|p2|Reverb|#reverb
|gametype|singles
|gen|6
|tier|OU
|rated
|clearpoke
|poke|p1|Skarmory, F
|poke|p1|Chansey, F
|poke|p1|Charizard, M
|poke|p1|Amoonguss, F
|poke|p1|Quagsire, M
|poke|p1|Gothitelle, M
|poke|p2|Garchomp, F
|poke|p2|Mew
|poke|p2|Bisharp, F
|poke|p2|Thundurus, M
|poke|p2|Azumarill, M
|poke|p2|Heracross, F
|rule|Swagger Clause: Swagger is banned
|rule|Baton Pass Clause: Limit one PokÃ©mon knowing Baton Pass
|rule|Sleep Clause Mod: Limit one foe put to sleep
|rule|Species Clause: Limit one of each PokÃ©mon
|rule|OHKO Clause: OHKO moves are banned
|rule|Moody Clause: Moody is banned
|rule|Evasion Moves Clause: Evasion moves are banned
|rule|Endless Battle Clause: Forcing endless battles is banned
|rule|HP Percentage Mod: HP is shown in percentages
|teampreview
|join|fingerscrossed
|c|+fingerscrossed|oh look who it is
|c|+fingerscrossed|with the nice and stolen team
|c|âSEXY GAMER DOG|ayy bb
|c|âReverb|hmmmmmmmm
|c|+fingerscrossed|lets see how she does
|c|âSEXY GAMER DOG|hmmmmmmmmmmmmmmmmmm
|c|âSEXY GAMER DOG|yes, i am a girl
|c|+fingerscrossed|im curious how this works rn in this meta 
|c|âSEXY GAMER DOG|yes, i play video games
|c|âSEXY GAMER DOG|dont hit on me silly boys
|c|+fingerscrossed|dont be immature 
|
|start
|switch|p1a: Gothitelletubby|Gothitelle, M|344\/344
|switch|p2a: Garchomp|Garchomp, F|357\/357
|turn|1
|
|switch|p1a: Swagsire|Quagsire, M|394\/394
|move|p2a: Garchomp|Earthquake|p1a: Swagsire
|-damage|p1a: Swagsire|261\/394
|
|-heal|p1a: Swagsire|285\/394|[from] item: Leftovers
|turn|2
|
|move|p2a: Garchomp|Stealth Rock|p1a: Swagsire
|-sidestart|p1: SEXY GAMER DOG|move: Stealth Rock
|move|p1a: Swagsire|Scald|p2a: Garchomp
|-crit|p2a: Garchomp
|-damage|p2a: Garchomp|231\/357
|
|-heal|p1a: Swagsire|309\/394|[from] item: Leftovers
|turn|3
|join|craing ;_;
|
|switch|p2a: Mew|Mew|400\/400
|move|p1a: Swagsire|Scald|p2a: Mew
|-damage|p2a: Mew|351\/400
|
|-heal|p2a: Mew|376\/400|[from] item: Leftovers
|-heal|p1a: Swagsire|333\/394|[from] item: Leftovers
|turn|4
|c|âSEXY GAMER DOG|im a gurrrrrlllll gamer
|c|+fingerscrossed|im sure
|
|move|p2a: Mew|Taunt|p1a: Swagsire
|-start|p1a: Swagsire|move: Taunt
|move|p1a: Swagsire|Earthquake|p2a: Mew
|-damage|p2a: Mew|277\/400
|
|-heal|p2a: Mew|302\/400|[from] item: Leftovers
|-heal|p1a: Swagsire|357\/394|[from] item: Leftovers
|turn|5
|c|+fingerscrossed|im about 100% sure youre some young ass kid
|
|switch|p1a: Gothitelletubby|Gothitelle, M|344\/344
|-damage|p1a: Gothitelletubby|301\/344|[from] Stealth Rock
|move|p2a: Mew|Will-O-Wisp|p1a: Gothitelletubby
|-status|p1a: Gothitelletubby|brn
|
|-heal|p2a: Mew|327\/400|[from] item: Leftovers
|-damage|p1a: Gothitelletubby|258\/344 brn|[from] brn
|turn|6
|join|WECAMEASROMANS
|c|+fingerscrossed|little boy imo 
|c|âSEXY GAMER DOG|i think you could have gotten your point across without using the word ass
|
|move|p1a: Gothitelletubby|Trick|p2a: Mew
|-activate|p1a: Gothitelletubby|move: Trick|[of] p2a: Mew
|-item|p2a: Mew|Choice Scarf|[from] move: Trick
|-item|p1a: Gothitelletubby|Leftovers|[from] move: Trick
|move|p2a: Mew|Knock Off|p1a: Gothitelletubby
|-crit|p1a: Gothitelletubby
|-supereffective|p1a: Gothitelletubby
|-damage|p1a: Gothitelletubby|36\/344 brn
|-enditem|p1a: Gothitelletubby|Leftovers|[from] move: Knock Off|[of] p2a: Mew
|
|-damage|p1a: Gothitelletubby|0 fnt|[from] brn
|faint|p1a: Gothitelletubby
|c|+fingerscrossed|no i couldnt
|c|+fingerscrossed|it adds flavor 
|
|switch|p1a: Metal Head|Skarmory, F|334\/334
|-damage|p1a: Metal Head|293\/334|[from] Stealth Rock
|turn|7
|join|yuy
|c|âSEXY GAMER DOG|lucky crit. SOB
|c|+fingerscrossed|well played there imo
|
|move|p2a: Mew|Knock Off|p1a: Metal Head
|-damage|p1a: Metal Head|250\/334
|-enditem|p1a: Metal Head|Leftovers|[from] move: Knock Off|[of] p2a: Mew
|move|p1a: Metal Head|Defog|p2a: Mew
|-unboost|p2a: Mew|evasion|1
|-sideend|p1: SEXY GAMER DOG|Stealth Rock|[from] move: Defog|[of] p1a: Metal Head
|
|turn|8
|leave|craing ;_;
|c|+fingerscrossed|free domage
|c|âSEXY GAMER DOG|9 times out of 10 i can rest stall mew to death but he got crit
|
|switch|p2a: Garchomp|Garchomp, F|231\/357
|move|p1a: Metal Head|Stealth Rock|p2a: Garchomp
|-sidestart|p2: Reverb|move: Stealth Rock
|
|turn|9
|
|switch|p1a: Swagsire|Quagsire, M|357\/394
|move|p2a: Garchomp|Stealth Rock|p1a: Swagsire
|-sidestart|p1: SEXY GAMER DOG|move: Stealth Rock
|
|-heal|p1a: Swagsire|381\/394|[from] item: Leftovers
|turn|10
|leave|WECAMEASROMANS
|
|switch|p2a: Mew|Mew|327\/400
|-damage|p2a: Mew|277\/400|[from] Stealth Rock
|move|p1a: Swagsire|Scald|p2a: Mew
|-damage|p2a: Mew|220\/400
|
|-heal|p1a: Swagsire|394\/394|[from] item: Leftovers
|turn|11
|
|switch|p1a: Metal Head|Skarmory, F|250\/334
|-damage|p1a: Metal Head|209\/334|[from] Stealth Rock
|move|p2a: Mew|Will-O-Wisp|p1a: Metal Head
|-status|p1a: Metal Head|brn
|
|-damage|p1a: Metal Head|168\/334 brn|[from] brn
|turn|12
|
|switch|p2a: Bisharp|Bisharp, F|272\/272
|-damage|p2a: Bisharp|255\/272|[from] Stealth Rock
|move|p1a: Metal Head|Roost|p1a: Metal Head
|-heal|p1a: Metal Head|334\/334 brn
|
|-damage|p1a: Metal Head|293\/334 brn|[from] brn
|turn|13
|c|+fingerscrossed|lol u realize if you were zard X you wall this mew
|
|switch|p1a: Swagsire|Quagsire, M|394\/394
|-damage|p1a: Swagsire|370\/394|[from] Stealth Rock
|move|p2a: Bisharp|Swords Dance|p2a: Bisharp
|-boost|p2a: Bisharp|atk|2
|
|-heal|p1a: Swagsire|394\/394|[from] item: Leftovers
|turn|14
|c|âSEXY GAMER DOG|what do you mean if?
|
|switch|p2a: Mew|Mew|220\/400
|-damage|p2a: Mew|170\/400|[from] Stealth Rock
|move|p1a: Swagsire|Scald|p2a: Mew
|-crit|p2a: Mew
|-damage|p2a: Mew|91\/400
|
|turn|15
|
|switch|p1a: Metal Head|Skarmory, F|293\/334 brn
|-damage|p1a: Metal Head|252\/334 brn|[from] Stealth Rock
|move|p2a: Mew|Roost|p2a: Mew
|-heal|p2a: Mew|291\/400
|
|-damage|p1a: Metal Head|211\/334 brn|[from] brn
|turn|16
|c|+fingerscrossed|lol whats this doing
|
|switch|p2a: Garchomp|Garchomp, F|231\/357
|-damage|p2a: Garchomp|209\/357|[from] Stealth Rock
|move|p1a: Metal Head|Defog|p2a: Garchomp
|-unboost|p2a: Garchomp|evasion|1
|-sideend|p2: Reverb|Stealth Rock|[from] move: Defog|[of] p2a: Garchomp
|-sideend|p1: SEXY GAMER DOG|Stealth Rock|[from] move: Defog|[of] p1a: Metal Head
|
|-damage|p1a: Metal Head|170\/334 brn|[from] brn
|turn|17
|join|Outrageous Fortune
|
|move|p2a: Garchomp|Fire Blast|p1a: Metal Head
|-supereffective|p1a: Metal Head
|-damage|p1a: Metal Head|0 fnt
|faint|p1a: Metal Head
|
|c|+fingerscrossed|you dont have taunt ?
|
|switch|p1a: Swagsire|Quagsire, M|394\/394
|turn|18
|c|âReverb|he tricked a sscarf dude
|
|move|p2a: Garchomp|Stealth Rock|p1a: Swagsire
|-sidestart|p1: SEXY GAMER DOG|move: Stealth Rock
|move|p1a: Swagsire|Scald|p2a: Garchomp
|-damage|p2a: Garchomp|119\/357
|
|turn|19
|
|switch|p2a: Mew|Mew|291\/400
|move|p1a: Swagsire|Scald|p2a: Mew
|-damage|p2a: Mew|236\/400
|
|turn|20
|
|switch|p1a: Grasshole|Amoonguss, F|432\/432
|-damage|p1a: Grasshole|378\/432|[from] Stealth Rock
|move|p2a: Mew|Will-O-Wisp|p1a: Grasshole
|-status|p1a: Grasshole|brn
|
|-heal|p1a: Grasshole|405\/432 brn|[from] item: Black Sludge
|-damage|p1a: Grasshole|351\/432 brn|[from] brn
|turn|21
|c|+fingerscrossed|oh well that was the better play anyway
|
|switch|p2a: Garchomp|Garchomp, F|119\/357
|move|p1a: Grasshole|Spore|p2a: Garchomp
|-status|p2a: Garchomp|slp
|
|-heal|p1a: Grasshole|378\/432 brn|[from] item: Black Sludge
|-damage|p1a: Grasshole|324\/432 brn|[from] brn
|turn|22
|
|switch|p2a: Bisharp|Bisharp, F|255\/272
|move|p1a: Grasshole|Giga Drain|p2a: Bisharp
|-resisted|p2a: Bisharp
|-damage|p2a: Bisharp|204\/272
|-heal|p1a: Grasshole|350\/432 brn|[from] drain|[of] p2a: Bisharp
|
|-heal|p1a: Grasshole|377\/432 brn|[from] item: Black Sludge
|-damage|p1a: Grasshole|323\/432 brn|[from] brn
|turn|23
|
|switch|p1a: Swagsire|Quagsire, M|394\/394
|-damage|p1a: Swagsire|370\/394|[from] Stealth Rock
|move|p2a: Bisharp|Knock Off|p1a: Swagsire
|-damage|p1a: Swagsire|195\/394
|-enditem|p1a: Swagsire|Leftovers|[from] move: Knock Off|[of] p2a: Bisharp
|-damage|p2a: Bisharp|177\/272|[from] item: Life Orb
|
|turn|24
|
|switch|p2a: Mew|Mew|236\/400
|move|p1a: Swagsire|Recover|p1a: Swagsire
|-heal|p1a: Swagsire|392\/394
|
|turn|25
|
|switch|p1a: Grasshole|Amoonguss, F|432\/432 brn
|-damage|p1a: Grasshole|378\/432 brn|[from] Stealth Rock
|move|p2a: Mew|Will-O-Wisp|p1a: Grasshole
|-fail|p1a: Grasshole|brn
|
|-heal|p1a: Grasshole|405\/432 brn|[from] item: Black Sludge
|-damage|p1a: Grasshole|351\/432 brn|[from] brn
|turn|26
|
|switch|p2a: Bisharp|Bisharp, F|177\/272
|move|p1a: Grasshole|Hidden Power|p2a: Bisharp
|-supereffective|p2a: Bisharp
|-damage|p2a: Bisharp|71\/272
|
|-heal|p1a: Grasshole|378\/432 brn|[from] item: Black Sludge
|-damage|p1a: Grasshole|324\/432 brn|[from] brn
|turn|27
|
|switch|p2a: Heracross|Heracross, F|301\/301
|switch|p1a: Swagsire|Quagsire, M|392\/394
|-damage|p1a: Swagsire|368\/394|[from] Stealth Rock
|
|turn|28
|
|switch|p1a: Grasshole|Amoonguss, F|432\/432 brn
|-damage|p1a: Grasshole|378\/432 brn|[from] Stealth Rock
|detailschange|p2a: Heracross|Heracross-Mega, F
|message|Heracross has Mega Evolved into Mega Heracross!
|move|p2a: Heracross|Pin Missile|p1a: Grasshole
|-crit|p1a: Grasshole
|-damage|p1a: Grasshole|246\/432 brn
|-damage|p1a: Grasshole|165\/432 brn
|-damage|p1a: Grasshole|80\/432 brn
|-damage|p1a: Grasshole|0 fnt
|-hitcount|p1a: Grasshole|4
|faint|p1a: Grasshole
|
|
|switch|p1a: Manzard|Charizard, M|323\/323
|-damage|p1a: Manzard|162\/323|[from] Stealth Rock
|turn|29
|
|switch|p2a: Bisharp|Bisharp, F|71\/272
|detailschange|p1a: Manzard|Charizard-Mega-Y, M
|message|Charizard has Mega Evolved into Mega Charizard!
|-weather|SunnyDay
|move|p1a: Manzard|Flamethrower|p2a: Bisharp
|-supereffective|p2a: Bisharp
|-damage|p2a: Bisharp|0 fnt
|faint|p2a: Bisharp
|
|-weather|SunnyDay|[upkeep]
|c|+fingerscrossed|100% rooster 
|c|+fingerscrossed|why wouldnt u
|
|switch|p2a: Thundurus|Thundurus, M|299\/299
|turn|30
|
|switch|p1a: Swagsire|Quagsire, M|368\/394
|-damage|p1a: Swagsire|344\/394|[from] Stealth Rock
|move|p2a: Thundurus|Thunderbolt|p1a: Swagsire
|-immune|p1a: Swagsire|[msg]
|
|-weather|SunnyDay|[upkeep]
|turn|31
|
|switch|p2a: Mew|Mew|236\/400
|move|p1a: Swagsire|Scald|p2a: Mew
|-damage|p2a: Mew|208\/400
|
|-weather|SunnyDay|[upkeep]
|turn|32
|
|move|p2a: Mew|Will-O-Wisp|p1a: Swagsire
|-status|p1a: Swagsire|brn
|move|p1a: Swagsire|Scald|p2a: Mew
|-damage|p2a: Mew|183\/400
|
|-weather|SunnyDay|[upkeep]
|-damage|p1a: Swagsire|295\/394 brn|[from] brn
|turn|33
|
|switch|p2a: Garchomp|Garchomp, F|119\/357 slp
|switch|p1a: Unlucky Egg|Chansey, F|703\/703
|-damage|p1a: Unlucky Egg|616\/703|[from] Stealth Rock
|
|-weather|none
|turn|34
|
|switch|p2a: Mew|Mew|183\/400
|move|p1a: Unlucky Egg|Heal Bell|p1a: Unlucky Egg
|-cureteam|p1a: Unlucky Egg|[from] move: HealBell
|
|turn|35
|join|test2017
|
|switch|p1a: Swagsire|Quagsire, M|295\/394
|-damage|p1a: Swagsire|271\/394|[from] Stealth Rock
|move|p2a: Mew|Taunt|p1a: Swagsire
|-start|p1a: Swagsire|move: Taunt
|
|turn|36
|
|switch|p2a: Garchomp|Garchomp, F|119\/357 slp
|move|p1a: Swagsire|Scald|p2a: Garchomp
|-damage|p2a: Garchomp|29\/357 slp
|
|turn|37
|
|cant|p2a: Garchomp|slp
|move|p1a: Swagsire|Scald|p2a: Garchomp
|-damage|p2a: Garchomp|0 fnt
|faint|p2a: Garchomp
|
|
|switch|p2a: Heracross|Heracross-Mega, F|301\/301
|turn|38
|c|+fingerscrossed|so seepy
|
|move|p2a: Heracross|Close Combat|p1a: Swagsire
|-damage|p1a: Swagsire|28\/394
|-unboost|p2a: Heracross|def|1
|-unboost|p2a: Heracross|spd|1
|move|p1a: Swagsire|Scald|p2a: Heracross
|-damage|p2a: Heracross|240\/301
|-status|p2a: Heracross|brn
|
|-damage|p2a: Heracross|203\/301 brn|[from] brn
|-end|p1a: Swagsire|move: Taunt
|turn|39
|
|move|p2a: Heracross|Close Combat|p1a: Swagsire
|-damage|p1a: Swagsire|0 fnt
|-unboost|p2a: Heracross|def|1
|-unboost|p2a: Heracross|spd|1
|faint|p1a: Swagsire
|
|-damage|p2a: Heracross|166\/301 brn|[from] brn
|
|switch|p1a: Manzard|Charizard-Mega-Y, M|162\/323
|-damage|p1a: Manzard|1\/323|[from] Stealth Rock
|-weather|SunnyDay
|turn|40
|
|switch|p2a: Azumarill|Azumarill, M|401\/401
|move|p1a: Manzard|Flamethrower|p2a: Azumarill
|-resisted|p2a: Azumarill
|-damage|p2a: Azumarill|275\/401
|-status|p2a: Azumarill|brn
|
|-weather|SunnyDay|[upkeep]
|-damage|p2a: Azumarill|225\/401 brn|[from] brn
|turn|41
|c|+fingerscrossed|rock blast
|
|move|p2a: Azumarill|Aqua Jet|p1a: Manzard
|-supereffective|p1a: Manzard
|-damage|p1a: Manzard|0 fnt
|faint|p1a: Manzard
|
|-weather|SunnyDay|[upkeep]
|-damage|p2a: Azumarill|175\/401 brn|[from] brn
|c|+fingerscrossed|rock blast him here
|
|switch|p1a: Unlucky Egg|Chansey, F|616\/703
|-damage|p1a: Unlucky Egg|529\/703|[from] Stealth Rock
|turn|42
|
|move|p2a: Azumarill|Facade|p1a: Unlucky Egg
|-damage|p1a: Unlucky Egg|242\/703
|move|p1a: Unlucky Egg|Soft-Boiled|p1a: Unlucky Egg
|-heal|p1a: Unlucky Egg|594\/703
|
|-weather|SunnyDay|[upkeep]
|-damage|p2a: Azumarill|125\/401 brn|[from] brn
|turn|43
|c|+fingerscrossed|rock blast chansey for wins
|
|move|p2a: Azumarill|Facade|p1a: Unlucky Egg
|-damage|p1a: Unlucky Egg|345\/703
|move|p1a: Unlucky Egg|Soft-Boiled|p1a: Unlucky Egg
|-heal|p1a: Unlucky Egg|697\/703
|
|-weather|SunnyDay|[upkeep]
|-damage|p2a: Azumarill|75\/401 brn|[from] brn
|turn|44
|
|move|p2a: Azumarill|Facade|p1a: Unlucky Egg
|-damage|p1a: Unlucky Egg|434\/703
|move|p1a: Unlucky Egg|Soft-Boiled|p1a: Unlucky Egg
|-heal|p1a: Unlucky Egg|703\/703
|
|-weather|none
|-damage|p2a: Azumarill|25\/401 brn|[from] brn
|turn|45
|
|move|p2a: Azumarill|Facade|p1a: Unlucky Egg
|-damage|p1a: Unlucky Egg|428\/703
|move|p1a: Unlucky Egg|Soft-Boiled|p1a: Unlucky Egg
|-heal|p1a: Unlucky Egg|703\/703
|
|-damage|p2a: Azumarill|0 fnt|[from] brn
|faint|p2a: Azumarill
|
|switch|p2a: Mew|Mew|183\/400
|turn|46
|
|move|p2a: Mew|Knock Off|p1a: Unlucky Egg
|-damage|p1a: Unlucky Egg|596\/703
|-enditem|p1a: Unlucky Egg|Eviolite|[from] move: Knock Off|[of] p2a: Mew
|move|p1a: Unlucky Egg|Toxic|p2a: Mew
|-status|p2a: Mew|tox
|-status|p1a: Unlucky Egg|tox
|
|-damage|p2a: Mew|158\/400 tox|[from] psn
|-damage|p1a: Unlucky Egg|553\/703 tox|[from] psn
|turn|47
|
|move|p2a: Mew|Knock Off|p1a: Unlucky Egg
|-damage|p1a: Unlucky Egg|443\/703 tox
|move|p1a: Unlucky Egg|Heal Bell|p1a: Unlucky Egg
|-cureteam|p1a: Unlucky Egg|[from] move: HealBell
|
|-damage|p2a: Mew|108\/400 tox|[from] psn
|turn|48
|
|switch|p2a: Thundurus|Thundurus, M|299\/299
|move|p1a: Unlucky Egg|Soft-Boiled|p1a: Unlucky Egg
|-heal|p1a: Unlucky Egg|703\/703
|
|turn|49
|
|move|p2a: Thundurus|Thunderbolt|p1a: Unlucky Egg
|-damage|p1a: Unlucky Egg|518\/703
|-damage|p2a: Thundurus|270\/299|[from] item: Life Orb
|move|p1a: Unlucky Egg|Seismic Toss|p2a: Thundurus
|-damage|p2a: Thundurus|170\/299
|
|turn|50
|
|move|p2a: Thundurus|Thunderbolt|p1a: Unlucky Egg
|-damage|p1a: Unlucky Egg|318\/703
|-damage|p2a: Thundurus|141\/299|[from] item: Life Orb
|move|p1a: Unlucky Egg|Soft-Boiled|p1a: Unlucky Egg
|-heal|p1a: Unlucky Egg|670\/703
|
|turn|51
|
|move|p2a: Thundurus|Thunderbolt|p1a: Unlucky Egg
|-damage|p1a: Unlucky Egg|485\/703
|-damage|p2a: Thundurus|112\/299|[from] item: Life Orb
|move|p1a: Unlucky Egg|Toxic|p2a: Thundurus
|-status|p2a: Thundurus|tox
|
|-damage|p2a: Thundurus|94\/299 tox|[from] psn
|turn|52
|
|move|p2a: Thundurus|Thunderbolt|p1a: Unlucky Egg
|-damage|p1a: Unlucky Egg|306\/703
|-damage|p2a: Thundurus|65\/299 tox|[from] item: Life Orb
|move|p1a: Unlucky Egg|Soft-Boiled|p1a: Unlucky Egg
|-heal|p1a: Unlucky Egg|658\/703
|
|-damage|p2a: Thundurus|29\/299 tox|[from] psn
|turn|53
|
|move|p2a: Thundurus|Thunderbolt|p1a: Unlucky Egg
|-damage|p1a: Unlucky Egg|466\/703
|-damage|p2a: Thundurus|0 fnt|[from] item: Life Orb
|faint|p2a: Thundurus
|move|p1a: Unlucky Egg|Soft-Boiled|p1a: Unlucky Egg
|-heal|p1a: Unlucky Egg|703\/703
|
|
|switch|p2a: Heracross|Heracross-Mega, F|166\/301 brn
|turn|54
|c|+fingerscrossed|taunt this fuckin thing 
|
|move|p2a: Heracross|Close Combat|p1a: Unlucky Egg
|-supereffective|p1a: Unlucky Egg
|-damage|p1a: Unlucky Egg|109\/703
|-unboost|p2a: Heracross|def|1
|-unboost|p2a: Heracross|spd|1
|move|p1a: Unlucky Egg|Soft-Boiled|p1a: Unlucky Egg
|-heal|p1a: Unlucky Egg|461\/703
|
|-damage|p2a: Heracross|129\/301 brn|[from] brn
|turn|55
|c|âReverb|no need
|c|âSEXY GAMER DOG|damn
|c|âSEXY GAMER DOG|gg
|
|move|p2a: Heracross|Close Combat|p1a: Unlucky Egg
|-supereffective|p1a: Unlucky Egg
|-damage|p1a: Unlucky Egg|0 fnt
|-unboost|p2a: Heracross|def|1
|-unboost|p2a: Heracross|spd|1
|faint|p1a: Unlucky Egg
|
|win|Reverb
|raw|Ladder updating...
|raw|SEXY GAMER DOG's rating: 1769 &rarr; <strong>1752<\/strong><br \/>(-17 for losing)
|raw|Reverb's rating: 1815 &rarr; <strong>1832<\/strong><br \/>(+17 for winning)
|c|âReverb|gg
|leave|fingerscrossed
|leave|SEXY GAMER DOG
|player|p1