|join|CleanerThanRotom-W
|join|SEXY GAMER DOG
|player|p1|CleanerThanRotom-W|68
|player|p2|SEXY GAMER DOG|23
|gametype|singles
|gen|6
|tier|OU
|rated
|clearpoke
|poke|p1|Sableye, F
|poke|p1|Chansey, F
|poke|p1|Cresselia, F
|poke|p1|Gothitelle, M
|poke|p1|Skarmory, F
|poke|p1|Quagsire, M
|poke|p2|Chansey, F
|poke|p2|Quagsire, M
|poke|p2|Skarmory, F
|poke|p2|Cresselia, F
|poke|p2|Sableye, F
|poke|p2|Gothitelle, M
|rule|Swagger Clause: Swagger is banned
|rule|Baton Pass Clause: Limit one PokÃ©mon knowing Baton Pass
|rule|Sleep Clause Mod: Limit one foe put to sleep
|rule|Species Clause: Limit one of each PokÃ©mon
|rule|OHKO Clause: OHKO moves are banned
|rule|Moody Clause: Moody is banned
|rule|Evasion Moves Clause: Evasion moves are banned
|rule|Endless Battle Clause: Forcing endless battles is banned
|rule|HP Percentage Mod: HP is shown in percentages
|teampreview
|c|âSEXY GAMER DOG|omg
|join|loverss gotta love
|c| loverss gotta love|son of a bitch stop stealing
|c|âSEXY GAMER DOG|ikr this nigga stole my team
|
|start
|switch|p1a: Sableye|Sableye, F|303\/303
|switch|p2a: LE GEM XD|Sableye, F|304\/304
|turn|1
|
|detailschange|p1a: Sableye|Sableye-Mega, F
|message|Sableye has Mega Evolved into Mega Sableye!
|detailschange|p2a: LE GEM XD|Sableye-Mega, F
|message|Sableye has Mega Evolved into Mega Sableye!
|move|p2a: LE GEM XD|Calm Mind|p2a: LE GEM XD
|-boost|p2a: LE GEM XD|spa|1
|-boost|p2a: LE GEM XD|spd|1
|move|p1a: Sableye|Foul Play|p2a: LE GEM XD
|-damage|p2a: LE GEM XD|256\/304
|
|turn|2
|c| loverss gotta love|cleaner wtf
|c| loverss gotta love|why u stealin
|
|switch|p1a: Cresselia|Cresselia, F|444\/444
|move|p2a: LE GEM XD|Calm Mind|p2a: LE GEM XD
|-boost|p2a: LE GEM XD|spa|1
|-boost|p2a: LE GEM XD|spd|1
|
|turn|3
|
|move|p1a: Cresselia|Skill Swap|p2a: LE GEM XD
|-activate|p1a: Cresselia|move: Skill Swap|Magic Bounce|Levitate|[of] p2a: LE GEM XD
|move|p2a: LE GEM XD|Dark Pulse|p1a: Cresselia
|-supereffective|p1a: Cresselia
|-damage|p1a: Cresselia|258\/444
|
|-heal|p1a: Cresselia|285\/444|[from] item: Leftovers
|turn|4
|c| loverss gotta love|r u fuckin serious sexy gamer dog
|
|switch|p2a: Gothitelletubby|Gothitelle, M|344\/344
|move|p1a: Cresselia|Toxic|p2a: Gothitelletubby
|-status|p2a: Gothitelletubby|tox
|
|-heal|p1a: Cresselia|312\/444|[from] item: Leftovers
|-damage|p2a: Gothitelletubby|323\/344 tox|[from] psn
|turn|5
|c| loverss gotta love|trying to win against the creator
|c| loverss gotta love|with stolen team
|
|move|p2a: Gothitelletubby|Trick|p1a: Cresselia
|-activate|p2a: Gothitelletubby|move: Trick|[of] p1a: Cresselia
|-item|p1a: Cresselia|Choice Scarf|[from] move: Trick
|-item|p2a: Gothitelletubby|Leftovers|[from] move: Trick
|move|p1a: Cresselia|Skill Swap|p2a: Gothitelletubby
|-activate|p1a: Cresselia|move: Skill Swap|Shadow Tag|Magic Bounce|[of] p2a: Gothitelletubby
|
|-heal|p2a: Gothitelletubby|344\/344 tox|[from] item: Leftovers
|-damage|p2a: Gothitelletubby|302\/344 tox|[from] psn
|turn|6
|c| loverss gotta love|in his battle for rank 1
|
|switch|p1a: Gothitelle|Gothitelle, M|301\/301
|move|p2a: Gothitelletubby|Taunt|p1a: Gothitelle
|-start|p1a: Gothitelle|move: Taunt
|
|-heal|p2a: Gothitelletubby|323\/344 tox|[from] item: Leftovers
|-damage|p2a: Gothitelletubby|260\/344 tox|[from] psn
|turn|7
|c| loverss gotta love|even a bad copy
|
|move|p1a: Gothitelle|Psychic|p2a: Gothitelletubby
|-crit|p2a: Gothitelletubby
|-resisted|p2a: Gothitelletubby
|-damage|p2a: Gothitelletubby|184\/344 tox
|move|p2a: Gothitelletubby|Rest|p2a: Gothitelletubby
|-status|p2a: Gothitelletubby|slp
|-heal|p2a: Gothitelletubby|344\/344 slp|[silent]
|-status|p2a: Gothitelletubby|slp|[from] move: Rest
|
|turn|8
|
|move|p1a: Gothitelle|Psychic|p2a: Gothitelletubby
|-crit|p2a: Gothitelletubby
|-resisted|p2a: Gothitelletubby
|-damage|p2a: Gothitelletubby|263\/344 slp
|cant|p2a: Gothitelletubby|slp
|
|-heal|p2a: Gothitelletubby|284\/344 slp|[from] item: Leftovers
|turn|9
|
|switch|p1a: Sableye|Sableye-Mega, F|303\/303
|cant|p2a: Gothitelletubby|slp
|
|-heal|p2a: Gothitelletubby|305\/344 slp|[from] item: Leftovers
|turn|10
|
|switch|p2a: LE GEM XD|Sableye-Mega, F|256\/304
|switch|p1a: Quagsire|Quagsire, M|393\/393
|
|turn|11
|
|move|p1a: Quagsire|Scald|p2a: LE GEM XD
|-damage|p2a: LE GEM XD|196\/304
|move|p2a: LE GEM XD|Calm Mind|p2a: LE GEM XD
|-boost|p2a: LE GEM XD|spa|1
|-boost|p2a: LE GEM XD|spd|1
|
|turn|12
|
|move|p1a: Quagsire|Scald|p2a: LE GEM XD
|-damage|p2a: LE GEM XD|139\/304
|move|p2a: LE GEM XD|Will-O-Wisp|p1a: Quagsire
|-status|p1a: Quagsire|brn
|
|-damage|p1a: Quagsire|344\/393 brn|[from] brn
|turn|13
|
|move|p1a: Quagsire|Scald|p2a: LE GEM XD
|-damage|p2a: LE GEM XD|79\/304
|-status|p2a: LE GEM XD|brn
|move|p2a: LE GEM XD|Recover|p2a: LE GEM XD
|-heal|p2a: LE GEM XD|231\/304 brn
|
|-heal|p1a: Quagsire|368\/393 brn|[from] item: Leftovers
|-damage|p1a: Quagsire|319\/393 brn|[from] brn
|-damage|p2a: LE GEM XD|193\/304 brn|[from] brn
|turn|14
|
|move|p1a: Quagsire|Earthquake|p2a: LE GEM XD
|-crit|p2a: LE GEM XD
|-damage|p2a: LE GEM XD|145\/304 brn
|move|p2a: LE GEM XD|Recover|p2a: LE GEM XD
|-heal|p2a: LE GEM XD|297\/304 brn
|
|-heal|p1a: Quagsire|343\/393 brn|[from] item: Leftovers
|-damage|p1a: Quagsire|294\/393 brn|[from] brn
|-damage|p2a: LE GEM XD|259\/304 brn|[from] brn
|turn|15
|
|switch|p1a: Chansey|Chansey, F|703\/703
|switch|p2a: Gothitelletubby|Gothitelle, M|305\/344 slp
|
|-heal|p2a: Gothitelletubby|326\/344 slp|[from] item: Leftovers
|turn|16
|
|-curestatus|p2a: Gothitelletubby|slp
|move|p2a: Gothitelletubby|Taunt|p1a: Chansey
|-start|p1a: Chansey|move: Taunt
|move|p1a: Chansey|Seismic Toss|p2a: Gothitelletubby
|-damage|p2a: Gothitelletubby|226\/344
|
|-heal|p2a: Gothitelletubby|247\/344|[from] item: Leftovers
|turn|17
|
|move|p2a: Gothitelletubby|Psychic|p1a: Chansey
|-damage|p1a: Chansey|633\/703
|move|p1a: Chansey|Seismic Toss|p2a: Gothitelletubby
|-damage|p2a: Gothitelletubby|147\/344
|
|-heal|p2a: Gothitelletubby|168\/344|[from] item: Leftovers
|turn|18
|
|move|p2a: Gothitelletubby|Taunt|p1a: Chansey
|-fail|p1a: Chansey
|move|p1a: Chansey|Seismic Toss|p2a: Gothitelletubby
|-damage|p2a: Gothitelletubby|68\/344
|
|-heal|p2a: Gothitelletubby|89\/344|[from] item: Leftovers
|-end|p1a: Chansey|move: Taunt
|turn|19
|c| loverss gotta love|lrn2fuckin copy fuckin kid
|
|move|p2a: Gothitelletubby|Rest|p2a: Gothitelletubby
|-status|p2a: Gothitelletubby|slp
|-heal|p2a: Gothitelletubby|344\/344 slp|[silent]
|-status|p2a: Gothitelletubby|slp|[from] move: Rest
|move|p1a: Chansey|Seismic Toss|p2a: Gothitelletubby
|-damage|p2a: Gothitelletubby|244\/344 slp
|
|-heal|p2a: Gothitelletubby|265\/344 slp|[from] item: Leftovers
|turn|20
|
|cant|p2a: Gothitelletubby|slp
|move|p1a: Chansey|Stealth Rock|p2a: Gothitelletubby
|-sidestart|p2: SEXY GAMER DOG|move: Stealth Rock
|
|-heal|p2a: Gothitelletubby|286\/344 slp|[from] item: Leftovers
|turn|21
|
|cant|p2a: Gothitelletubby|slp
|move|p1a: Chansey|Seismic Toss|p2a: Gothitelletubby
|-damage|p2a: Gothitelletubby|186\/344 slp
|
|-heal|p2a: Gothitelletubby|207\/344 slp|[from] item: Leftovers
|turn|22
|
|-curestatus|p2a: Gothitelletubby|slp
|move|p2a: Gothitelletubby|Taunt|p1a: Chansey
|-start|p1a: Chansey|move: Taunt
|move|p1a: Chansey|Seismic Toss|p2a: Gothitelletubby
|-damage|p2a: Gothitelletubby|107\/344
|
|-heal|p2a: Gothitelletubby|128\/344|[from] item: Leftovers
|turn|23
|
|move|p2a: Gothitelletubby|Rest|p2a: Gothitelletubby
|-status|p2a: Gothitelletubby|slp
|-heal|p2a: Gothitelletubby|344\/344 slp|[silent]
|-status|p2a: Gothitelletubby|slp|[from] move: Rest
|move|p1a: Chansey|Seismic Toss|p2a: Gothitelletubby
|-damage|p2a: Gothitelletubby|244\/344 slp
|
|-heal|p2a: Gothitelletubby|265\/344 slp|[from] item: Leftovers
|turn|24
|join|XxRayxX
|
|cant|p2a: Gothitelletubby|slp
|move|p1a: Chansey|Seismic Toss|p2a: Gothitelletubby
|-damage|p2a: Gothitelletubby|165\/344 slp
|
|-heal|p2a: Gothitelletubby|186\/344 slp|[from] item: Leftovers
|-end|p1a: Chansey|move: Taunt
|turn|25
|
|cant|p2a: Gothitelletubby|slp
|move|p1a: Chansey|Seismic Toss|p2a: Gothitelletubby
|-damage|p2a: Gothitelletubby|86\/344 slp
|
|-heal|p2a: Gothitelletubby|107\/344 slp|[from] item: Leftovers
|turn|26
|
|-curestatus|p2a: Gothitelletubby|slp
|move|p2a: Gothitelletubby|Taunt|p1a: Chansey
|-start|p1a: Chansey|move: Taunt
|move|p1a: Chansey|Seismic Toss|p2a: Gothitelletubby
|-damage|p2a: Gothitelletubby|7\/344
|
|-heal|p2a: Gothitelletubby|28\/344|[from] item: Leftovers
|turn|27
|
|move|p2a: Gothitelletubby|Rest|p2a: Gothitelletubby
|-status|p2a: Gothitelletubby|slp
|-heal|p2a: Gothitelletubby|344\/344 slp|[silent]
|-status|p2a: Gothitelletubby|slp|[from] move: Rest
|move|p1a: Chansey|Seismic Toss|p2a: Gothitelletubby
|-damage|p2a: Gothitelletubby|244\/344 slp
|
|-heal|p2a: Gothitelletubby|265\/344 slp|[from] item: Leftovers
|turn|28
|
|cant|p2a: Gothitelletubby|slp
|move|p1a: Chansey|Seismic Toss|p2a: Gothitelletubby
|-damage|p2a: Gothitelletubby|165\/344 slp
|
|-heal|p2a: Gothitelletubby|186\/344 slp|[from] item: Leftovers
|-end|p1a: Chansey|move: Taunt
|turn|29
|
|cant|p2a: Gothitelletubby|slp
|move|p1a: Chansey|Seismic Toss|p2a: Gothitelletubby
|-damage|p2a: Gothitelletubby|86\/344 slp
|
|-heal|p2a: Gothitelletubby|107\/344 slp|[from] item: Leftovers
|turn|30
|
|-curestatus|p2a: Gothitelletubby|slp
|move|p2a: Gothitelletubby|Taunt|p1a: Chansey
|-start|p1a: Chansey|move: Taunt
|move|p1a: Chansey|Seismic Toss|p2a: Gothitelletubby
|-damage|p2a: Gothitelletubby|7\/344
|
|-heal|p2a: Gothitelletubby|28\/344|[from] item: Leftovers
|turn|31
|
|move|p2a: Gothitelletubby|Rest|p2a: Gothitelletubby
|-status|p2a: Gothitelletubby|slp
|-heal|p2a: Gothitelletubby|344\/344 slp|[silent]
|-status|p2a: Gothitelletubby|slp|[from] move: Rest
|move|p1a: Chansey|Seismic Toss|p2a: Gothitelletubby
|-damage|p2a: Gothitelletubby|244\/344 slp
|
|-heal|p2a: Gothitelletubby|265\/344 slp|[from] item: Leftovers
|turn|32
|
|cant|p2a: Gothitelletubby|slp
|move|p1a: Chansey|Seismic Toss|p2a: Gothitelletubby
|-damage|p2a: Gothitelletubby|165\/344 slp
|
|-heal|p2a: Gothitelletubby|186\/344 slp|[from] item: Leftovers
|-end|p1a: Chansey|move: Taunt
|turn|33
|
|cant|p2a: Gothitelletubby|slp
|move|p1a: Chansey|Aromatherapy|p1a: Chansey
|-cureteam|p1a: Chansey|[from] move: Aromatherapy
|
|-heal|p2a: Gothitelletubby|207\/344 slp|[from] item: Leftovers
|turn|34
|
|-curestatus|p2a: Gothitelletubby|slp
|move|p2a: Gothitelletubby|Taunt|p1a: Chansey
|-start|p1a: Chansey|move: Taunt
|move|p1a: Chansey|Seismic Toss|p2a: Gothitelletubby
|-damage|p2a: Gothitelletubby|107\/344
|
|-heal|p2a: Gothitelletubby|128\/344|[from] item: Leftovers
|turn|35
|
|move|p2a: Gothitelletubby|Rest|p2a: Gothitelletubby
|-status|p2a: Gothitelletubby|slp
|-heal|p2a: Gothitelletubby|344\/344 slp|[silent]
|-status|p2a: Gothitelletubby|slp|[from] move: Rest
|move|p1a: Chansey|Seismic Toss|p2a: Gothitelletubby
|-damage|p2a: Gothitelletubby|244\/344 slp
|
|-heal|p2a: Gothitelletubby|265\/344 slp|[from] item: Leftovers
|turn|36
|
|cant|p2a: Gothitelletubby|slp
|move|p1a: Chansey|Seismic Toss|p2a: Gothitelletubby
|-damage|p2a: Gothitelletubby|165\/344 slp
|
|-heal|p2a: Gothitelletubby|186\/344 slp|[from] item: Leftovers
|-end|p1a: Chansey|move: Taunt
|turn|37
|
|cant|p2a: Gothitelletubby|slp
|move|p1a: Chansey|Seismic Toss|p2a: Gothitelletubby
|-damage|p2a: Gothitelletubby|86\/344 slp
|
|-heal|p2a: Gothitelletubby|107\/344 slp|[from] item: Leftovers
|turn|38
|
|-curestatus|p2a: Gothitelletubby|slp
|move|p2a: Gothitelletubby|Rest|p2a: Gothitelletubby
|-status|p2a: Gothitelletubby|slp
|-heal|p2a: Gothitelletubby|344\/344 slp|[silent]
|-status|p2a: Gothitelletubby|slp|[from] move: Rest
|move|p1a: Chansey|Seismic Toss|p2a: Gothitelletubby
|-damage|p2a: Gothitelletubby|244\/344 slp
|
|-heal|p2a: Gothitelletubby|265\/344 slp|[from] item: Leftovers
|turn|39
|
|cant|p2a: Gothitelletubby|slp
|move|p1a: Chansey|Seismic Toss|p2a: Gothitelletubby
|-damage|p2a: Gothitelletubby|165\/344 slp
|
|-heal|p2a: Gothitelletubby|186\/344 slp|[from] item: Leftovers
|turn|40
|
|cant|p2a: Gothitelletubby|slp
|move|p1a: Chansey|Seismic Toss|p2a: Gothitelletubby
|-damage|p2a: Gothitelletubby|86\/344 slp
|
|-heal|p2a: Gothitelletubby|107\/344 slp|[from] item: Leftovers
|turn|41
|
|-curestatus|p2a: Gothitelletubby|slp
|move|p2a: Gothitelletubby|Taunt|p1a: Chansey
|-start|p1a: Chansey|move: Taunt
|move|p1a: Chansey|Seismic Toss|p2a: Gothitelletubby
|-damage|p2a: Gothitelletubby|7\/344
|
|-heal|p2a: Gothitelletubby|28\/344|[from] item: Leftovers
|turn|42
|
|move|p2a: Gothitelletubby|Rest|p2a: Gothitelletubby
|-status|p2a: Gothitelletubby|slp
|-heal|p2a: Gothitelletubby|344\/344 slp|[silent]
|-status|p2a: Gothitelletubby|slp|[from] move: Rest
|move|p1a: Chansey|Seismic Toss|p2a: Gothitelletubby
|-damage|p2a: Gothitelletubby|244\/344 slp
|
|-heal|p2a: Gothitelletubby|265\/344 slp|[from] item: Leftovers
|turn|43
|
|cant|p2a: Gothitelletubby|slp
|move|p1a: Chansey|Seismic Toss|p2a: Gothitelletubby
|-damage|p2a: Gothitelletubby|165\/344 slp
|
|-heal|p2a: Gothitelletubby|186\/344 slp|[from] item: Leftovers
|-end|p1a: Chansey|move: Taunt
|turn|44
|
|cant|p2a: Gothitelletubby|slp
|move|p1a: Chansey|Seismic Toss|p2a: Gothitelletubby
|-damage|p2a: Gothitelletubby|86\/344 slp
|
|-heal|p2a: Gothitelletubby|107\/344 slp|[from] item: Leftovers
|turn|45
|
|-curestatus|p2a: Gothitelletubby|slp
|move|p2a: Gothitelletubby|Taunt|p1a: Chansey
|-start|p1a: Chansey|move: Taunt
|move|p1a: Chansey|Seismic Toss|p2a: Gothitelletubby
|-damage|p2a: Gothitelletubby|7\/344
|
|-heal|p2a: Gothitelletubby|28\/344|[from] item: Leftovers
|turn|46
|
|move|p2a: Gothitelletubby|Rest|p2a: Gothitelletubby
|-status|p2a: Gothitelletubby|slp
|-heal|p2a: Gothitelletubby|344\/344 slp|[silent]
|-status|p2a: Gothitelletubby|slp|[from] move: Rest
|move|p1a: Chansey|Seismic Toss|p2a: Gothitelletubby
|-damage|p2a: Gothitelletubby|244\/344 slp
|
|-heal|p2a: Gothitelletubby|265\/344 slp|[from] item: Leftovers
|turn|47
|
|cant|p2a: Gothitelletubby|slp
|move|p1a: Chansey|Seismic Toss|p2a: Gothitelletubby
|-damage|p2a: Gothitelletubby|165\/344 slp
|
|-heal|p2a: Gothitelletubby|186\/344 slp|[from] item: Leftovers
|-end|p1a: Chansey|move: Taunt
|turn|48
|
|cant|p2a: Gothitelletubby|slp
|move|p1a: Chansey|Seismic Toss|p2a: Gothitelletubby
|-damage|p2a: Gothitelletubby|86\/344 slp
|
|-heal|p2a: Gothitelletubby|107\/344 slp|[from] item: Leftovers
|turn|49
|
|-curestatus|p2a: Gothitelletubby|slp
|move|p2a: Gothitelletubby|Taunt|p1a: Chansey
|-start|p1a: Chansey|move: Taunt
|move|p1a: Chansey|Seismic Toss|p2a: Gothitelletubby
|-damage|p2a: Gothitelletubby|7\/344
|
|-heal|p2a: Gothitelletubby|28\/344|[from] item: Leftovers
|turn|50
|
|move|p2a: Gothitelletubby|Rest|p2a: Gothitelletubby
|-status|p2a: Gothitelletubby|slp
|-heal|p2a: Gothitelletubby|344\/344 slp|[silent]
|-status|p2a: Gothitelletubby|slp|[from] move: Rest
|-activate|p1a: Chansey|move: Struggle
|move|p1a: Chansey|Struggle|p2a: Gothitelletubby
|-damage|p2a: Gothitelletubby|341\/344 slp
|-damage|p1a: Chansey|458\/703
|
|-heal|p2a: Gothitelletubby|344\/344 slp|[from] item: Leftovers
|turn|51
|
|cant|p2a: Gothitelletubby|slp
|-activate|p1a: Chansey|move: Struggle
|move|p1a: Chansey|Struggle|p2a: Gothitelletubby
|-damage|p2a: Gothitelletubby|341\/344 slp
|-damage|p1a: Chansey|283\/703
|
|-heal|p2a: Gothitelletubby|344\/344 slp|[from] item: Leftovers
|-end|p1a: Chansey|move: Taunt
|turn|52
|
|cant|p2a: Gothitelletubby|slp
|move|p1a: Chansey|Stealth Rock|p2a: Gothitelletubby
|-fail|p2a: Gothitelletubby
|
|turn|53
|
|-curestatus|p2a: Gothitelletubby|slp
|move|p2a: Gothitelletubby|Taunt|p1a: Chansey
|-start|p1a: Chansey|move: Taunt
|cant|p1a: Chansey|move: Taunt|Soft-Boiled
|
|turn|54
|
|move|p2a: Gothitelletubby|Taunt|p1a: Chansey
|-fail|p1a: Chansey
|-activate|p1a: Chansey|move: Struggle
|move|p1a: Chansey|Struggle|p2a: Gothitelletubby
|-damage|p2a: Gothitelletubby|340\/344
|-damage|p1a: Chansey|108\/703
|
|-heal|p2a: Gothitelletubby|344\/344|[from] item: Leftovers
|turn|55
|
|move|p2a: Gothitelletubby|Taunt|p1a: Chansey
|-fail|p1a: Chansey
|-activate|p1a: Chansey|move: Struggle
|move|p1a: Chansey|Struggle|p2a: Gothitelletubby
|-damage|p2a: Gothitelletubby|341\/344
|-damage|p1a: Chansey|0 fnt
|faint|p1a: Chansey
|
|-heal|p2a: Gothitelletubby|344\/344|[from] item: Leftovers
|
|switch|p1a: Sableye|Sableye-Mega, F|303\/303
|turn|56
|
|switch|p2a: LE GEM XD|Sableye-Mega, F|259\/304 brn
|-damage|p2a: LE GEM XD|221\/304 brn|[from] Stealth Rock
|move|p1a: Sableye|Foul Play|p2a: LE GEM XD
|-damage|p2a: LE GEM XD|178\/304 brn
|
|-damage|p2a: LE GEM XD|140\/304 brn|[from] brn
|turn|57
|
|move|p1a: Sableye|Foul Play|p2a: LE GEM XD
|-damage|p2a: LE GEM XD|97\/304 brn
|move|p2a: LE GEM XD|Recover|p2a: LE GEM XD
|-heal|p2a: LE GEM XD|249\/304 brn
|
|-damage|p2a: LE GEM XD|211\/304 brn|[from] brn
|turn|58
|
|move|p1a: Sableye|Foul Play|p2a: LE GEM XD
|-damage|p2a: LE GEM XD|165\/304 brn
|move|p2a: LE GEM XD|Recover|p2a: LE GEM XD
|-heal|p2a: LE GEM XD|304\/304 brn
|
|-damage|p2a: LE GEM XD|266\/304 brn|[from] brn
|turn|59
|
|move|p1a: Sableye|Foul Play|p2a: LE GEM XD
|-damage|p2a: LE GEM XD|220\/304 brn
|move|p2a: LE GEM XD|Calm Mind|p2a: LE GEM XD
|-boost|p2a: LE GEM XD|spa|1
|-boost|p2a: LE GEM XD|spd|1
|
|-damage|p2a: LE GEM XD|182\/304 brn|[from] brn
|turn|60
|
|move|p1a: Sableye|Foul Play|p2a: LE GEM XD
|-damage|p2a: LE GEM XD|131\/304 brn
|move|p2a: LE GEM XD|Recover|p2a: LE GEM XD
|-heal|p2a: LE GEM XD|283\/304 brn
|
|-damage|p2a: LE GEM XD|245\/304 brn|[from] brn
|turn|61
|
|move|p1a: Sableye|Foul Play|p2a: LE GEM XD
|-damage|p2a: LE GEM XD|202\/304 brn
|move|p2a: LE GEM XD|Calm Mind|p2a: LE GEM XD
|-boost|p2a: LE GEM XD|spa|1
|-boost|p2a: LE GEM XD|spd|1
|
|-damage|p2a: LE GEM XD|164\/304 brn|[from] brn
|turn|62
|
|move|p1a: Sableye|Foul Play|p2a: LE GEM XD
|-damage|p2a: LE GEM XD|122\/304 brn
|move|p2a: LE GEM XD|Recover|p2a: LE GEM XD
|-heal|p2a: LE GEM XD|274\/304 brn
|
|-damage|p2a: LE GEM XD|236\/304 brn|[from] brn
|turn|63
|
|move|p1a: Sableye|Foul Play|p2a: LE GEM XD
|-damage|p2a: LE GEM XD|193\/304 brn
|move|p2a: LE GEM XD|Dark Pulse|p1a: Sableye
|-damage|p1a: Sableye|186\/303
|
|-damage|p2a: LE GEM XD|155\/304 brn|[from] brn
|turn|64
|
|move|p1a: Sableye|Recover|p1a: Sableye
|-heal|p1a: Sableye|303\/303
|move|p2a: LE GEM XD|Recover|p2a: LE GEM XD
|-heal|p2a: LE GEM XD|304\/304 brn
|
|-damage|p2a: LE GEM XD|266\/304 brn|[from] brn
|turn|65
|
|switch|p2a: Queen of Twerk|Chansey, F|704\/704
|-damage|p2a: Queen of Twerk|616\/704|[from] Stealth Rock
|move|p1a: Sableye|Foul Play|p2a: Queen of Twerk
|-damage|p2a: Queen of Twerk|607\/704
|
|turn|66
|
|switch|p1a: Gothitelle|Gothitelle, M|301\/301
|move|p2a: Queen of Twerk|Heal Bell|p2a: Queen of Twerk
|-cureteam|p2a: Queen of Twerk|[from] move: HealBell
|
|turn|67
|
|move|p1a: Gothitelle|Trick|p2a: Queen of Twerk
|-activate|p1a: Gothitelle|move: Trick|[of] p2a: Queen of Twerk
|-item|p2a: Queen of Twerk|Choice Scarf|[from] move: Trick
|-item|p1a: Gothitelle|Eviolite|[from] move: Trick
|move|p2a: Queen of Twerk|Toxic|p1a: Gothitelle
|-status|p1a: Gothitelle|tox
|
|-damage|p1a: Gothitelle|283\/301 tox|[from] psn
|turn|68
|c| loverss gotta love|>
|
|move|p1a: Gothitelle|Calm Mind|p1a: Gothitelle
|-boost|p1a: Gothitelle|spa|1
|-boost|p1a: Gothitelle|spd|1
|move|p2a: Queen of Twerk|Toxic|p1a: Gothitelle
|-fail|p1a: Gothitelle|tox
|
|-damage|p1a: Gothitelle|247\/301 tox|[from] psn
|turn|69
|
|move|p1a: Gothitelle|Calm Mind|p1a: Gothitelle
|-boost|p1a: Gothitelle|spa|1
|-boost|p1a: Gothitelle|spd|1
|move|p2a: Queen of Twerk|Toxic|p1a: Gothitelle
|-fail|p1a: Gothitelle|tox
|
|-damage|p1a: Gothitelle|193\/301 tox|[from] psn
|turn|70
|
|move|p1a: Gothitelle|Calm Mind|p1a: Gothitelle
|-boost|p1a: Gothitelle|spa|1
|-boost|p1a: Gothitelle|spd|1
|move|p2a: Queen of Twerk|Toxic|p1a: Gothitelle
|-fail|p1a: Gothitelle|tox
|
|-damage|p1a: Gothitelle|121\/301 tox|[from] psn
|turn|71
|
|move|p1a: Gothitelle|Calm Mind|p1a: Gothitelle
|-boost|p1a: Gothitelle|spa|1
|-boost|p1a: Gothitelle|spd|1
|move|p2a: Queen of Twerk|Toxic|p1a: Gothitelle
|-fail|p1a: Gothitelle|tox
|
|-damage|p1a: Gothitelle|31\/301 tox|[from] psn
|turn|72
|
|move|p1a: Gothitelle|Rest|p1a: Gothitelle
|-status|p1a: Gothitelle|slp
|-heal|p1a: Gothitelle|301\/301 slp|[silent]
|-status|p1a: Gothitelle|slp|[from] move: Rest
|move|p2a: Queen of Twerk|Toxic|p1a: Gothitelle
|-fail|p1a: Gothitelle
|
|turn|73
|
|cant|p1a: Gothitelle|slp
|move|p2a: Queen of Twerk|Toxic|p1a: Gothitelle
|-fail|p1a: Gothitelle
|
|turn|74
|
|cant|p1a: Gothitelle|slp
|move|p2a: Queen of Twerk|Toxic|p1a: Gothitelle
|-fail|p1a: Gothitelle
|
|turn|75
|
|-curestatus|p1a: Gothitelle|slp
|move|p1a: Gothitelle|Calm Mind|p1a: Gothitelle
|-boost|p1a: Gothitelle|spa|1
|-boost|p1a: Gothitelle|spd|1
|move|p2a: Queen of Twerk|Toxic|p1a: Gothitelle
|-status|p1a: Gothitelle|tox
|
|-damage|p1a: Gothitelle|283\/301 tox|[from] psn
|turn|76
|
|move|p1a: Gothitelle|Calm Mind|p1a: Gothitelle
|-boost|p1a: Gothitelle|spa|1
|-boost|p1a: Gothitelle|spd|1
|move|p2a: Queen of Twerk|Toxic|p1a: Gothitelle
|-fail|p1a: Gothitelle|tox
|
|-damage|p1a: Gothitelle|247\/301 tox|[from] psn
|turn|77
|
|move|p1a: Gothitelle|Rest|p1a: Gothitelle
|-status|p1a: Gothitelle|slp
|-heal|p1a: Gothitelle|301\/301 slp|[silent]
|-status|p1a: Gothitelle|slp|[from] move: Rest
|move|p2a: Queen of Twerk|Toxic|p1a: Gothitelle
|-fail|p1a: Gothitelle
|
|turn|78
|
|cant|p1a: Gothitelle|slp
|move|p2a: Queen of Twerk|Toxic|p1a: Gothitelle
|-fail|p1a: Gothitelle
|
|turn|79
|
|cant|p1a: Gothitelle|slp
|move|p2a: Queen of Twerk|Toxic|p1a: Gothitelle
|-fail|p1a: Gothitelle
|
|turn|80
|
|-curestatus|p1a: Gothitelle|slp
|move|p1a: Gothitelle|Calm Mind|p1a: Gothitelle
|-fail|p1a: Gothitelle
|move|p2a: Queen of Twerk|Toxic|p1a: Gothitelle
|-status|p1a: Gothitelle|tox
|
|-damage|p1a: Gothitelle|283\/301 tox|[from] psn
|turn|81
|
|move|p1a: Gothitelle|Calm Mind|p1a: Gothitelle
|-fail|p1a: Gothitelle
|move|p2a: Queen of Twerk|Toxic|p1a: Gothitelle
|-fail|p1a: Gothitelle|tox
|
|-damage|p1a: Gothitelle|247\/301 tox|[from] psn
|turn|82
|
|move|p1a: Gothitelle|Calm Mind|p1a: Gothitelle
|-fail|p1a: Gothitelle
|move|p2a: Queen of Twerk|Toxic|p1a: Gothitelle
|-fail|p1a: Gothitelle|tox
|
|-damage|p1a: Gothitelle|193\/301 tox|[from] psn
|turn|83
|
|move|p1a: Gothitelle|Calm Mind|p1a: Gothitelle
|-fail|p1a: Gothitelle
|-activate|p2a: Queen of Twerk|move: Struggle
|move|p2a: Queen of Twerk|Struggle|p1a: Gothitelle
|-damage|p1a: Gothitelle|190\/301 tox
|-damage|p2a: Queen of Twerk|431\/704
|
|-damage|p1a: Gothitelle|118\/301 tox|[from] psn
|turn|84
|
|move|p1a: Gothitelle|Rest|p1a: Gothitelle
|-status|p1a: Gothitelle|slp
|-heal|p1a: Gothitelle|301\/301 slp|[silent]
|-status|p1a: Gothitelle|slp|[from] move: Rest
|-activate|p2a: Queen of Twerk|move: Struggle
|move|p2a: Queen of Twerk|Struggle|p1a: Gothitelle
|-damage|p1a: Gothitelle|298\/301 slp
|-damage|p2a: Queen of Twerk|255\/704
|
|turn|85
|
|cant|p1a: Gothitelle|slp
|-activate|p2a: Queen of Twerk|move: Struggle
|move|p2a: Queen of Twerk|Struggle|p1a: Gothitelle
|-damage|p1a: Gothitelle|295\/301 slp
|-damage|p2a: Queen of Twerk|79\/704
|
|turn|86
|
|cant|p1a: Gothitelle|slp
|-activate|p2a: Queen of Twerk|move: Struggle
|move|p2a: Queen of Twerk|Struggle|p1a: Gothitelle
|-damage|p1a: Gothitelle|292\/301 slp
|-damage|p2a: Queen of Twerk|0 fnt
|faint|p2a: Queen of Twerk
|
|
|switch|p2a: Swagsire|Quagsire, M|394\/394
|-damage|p2a: Swagsire|370\/394|[from] Stealth Rock
|turn|87
|
|-curestatus|p1a: Gothitelle|slp
|move|p1a: Gothitelle|Psychic|p2a: Swagsire
|-crit|p2a: Swagsire
|-damage|p2a: Swagsire|91\/394
|move|p2a: Swagsire|Haze|p2a: Swagsire
|-clearallboost
|
|-heal|p2a: Swagsire|115\/394|[from] item: Leftovers
|turn|88
|
|move|p1a: Gothitelle|Psychic|p2a: Swagsire
|-damage|p2a: Swagsire|0 fnt
|faint|p2a: Swagsire
|
|
|switch|p2a: LE GEM XD|Sableye-Mega, F|266\/304
|-damage|p2a: LE GEM XD|228\/304|[from] Stealth Rock
|turn|89
|
|switch|p1a: Quagsire|Quagsire, M|294\/393
|move|p2a: LE GEM XD|Calm Mind|p2a: LE GEM XD
|-boost|p2a: LE GEM XD|spa|1
|-boost|p2a: LE GEM XD|spd|1
|
|-heal|p1a: Quagsire|318\/393|[from] item: Leftovers
|turn|90
|
|move|p1a: Quagsire|Scald|p2a: LE GEM XD
|-damage|p2a: LE GEM XD|171\/304
|move|p2a: LE GEM XD|Calm Mind|p2a: LE GEM XD
|-boost|p2a: LE GEM XD|spa|1
|-boost|p2a: LE GEM XD|spd|1
|
|-heal|p1a: Quagsire|342\/393|[from] item: Leftovers
|turn|91
|
|switch|p1a: Sableye|Sableye-Mega, F|303\/303
|move|p2a: LE GEM XD|Recover|p2a: LE GEM XD
|-heal|p2a: LE GEM XD|304\/304
|
|turn|92
|
|switch|p1a: Quagsire|Quagsire, M|342\/393
|move|p2a: LE GEM XD|Calm Mind|p2a: LE GEM XD
|-boost|p2a: LE GEM XD|spa|1
|-boost|p2a: LE GEM XD|spd|1
|
|-heal|p1a: Quagsire|366\/393|[from] item: Leftovers
|turn|93
|
|move|p1a: Quagsire|Scald|p2a: LE GEM XD
|-damage|p2a: LE GEM XD|246\/304
|-status|p2a: LE GEM XD|brn
|move|p2a: LE GEM XD|Dark Pulse|p1a: Quagsire
|-damage|p1a: Quagsire|254\/393
|
|-heal|p1a: Quagsire|278\/393|[from] item: Leftovers
|-damage|p2a: LE GEM XD|208\/304 brn|[from] brn
|turn|94
|
|move|p1a: Quagsire|Earthquake|p2a: LE GEM XD
|-damage|p2a: LE GEM XD|138\/304 brn
|move|p2a: LE GEM XD|Will-O-Wisp|p1a: Quagsire
|-status|p1a: Quagsire|brn
|
|-heal|p1a: Quagsire|302\/393 brn|[from] item: Leftovers
|-damage|p1a: Quagsire|253\/393 brn|[from] brn
|-damage|p2a: LE GEM XD|100\/304 brn|[from] brn
|turn|95
|join|testingh12
|
|move|p1a: Quagsire|Earthquake|p2a: LE GEM XD
|-damage|p2a: LE GEM XD|70\/304 brn
|move|p2a: LE GEM XD|Recover|p2a: LE GEM XD
|-heal|p2a: LE GEM XD|222\/304 brn
|
|-heal|p1a: Quagsire|277\/393 brn|[from] item: Leftovers
|-damage|p1a: Quagsire|228\/393 brn|[from] brn
|-damage|p2a: LE GEM XD|184\/304 brn|[from] brn
|turn|96
|
|move|p1a: Quagsire|Recover|p1a: Quagsire
|-heal|p1a: Quagsire|393\/393 brn
|move|p2a: LE GEM XD|Recover|p2a: LE GEM XD
|-heal|p2a: LE GEM XD|304\/304 brn
|
|-damage|p1a: Quagsire|344\/393 brn|[from] brn
|-damage|p2a: LE GEM XD|266\/304 brn|[from] brn
|turn|97
|join|kratossnake
|
|switch|p2a: Gothitelletubby|Gothitelle, M|344\/344
|-damage|p2a: Gothitelletubby|301\/344|[from] Stealth Rock
|move|p1a: Quagsire|Earthquake|p2a: Gothitelletubby
|-damage|p2a: Gothitelletubby|250\/344
|
|-heal|p2a: Gothitelletubby|271\/344|[from] item: Leftovers
|-heal|p1a: Quagsire|368\/393 brn|[from] item: Leftovers
|-damage|p1a: Quagsire|319\/393 brn|[from] brn
|turn|98
|
|move|p2a: Gothitelletubby|Psychic|p1a: Quagsire
|-crit|p1a: Quagsire
|-damage|p1a: Quagsire|114\/393 brn
|move|p1a: Quagsire|Scald|p2a: Gothitelletubby
|-damage|p2a: Gothitelletubby|217\/344
|
|-heal|p2a: Gothitelletubby|238\/344|[from] item: Leftovers
|-heal|p1a: Quagsire|138\/393 brn|[from] item: Leftovers
|-damage|p1a: Quagsire|89\/393 brn|[from] brn
|turn|99
|
|move|p2a: Gothitelletubby|Psychic|p1a: Quagsire
|-damage|p1a: Quagsire|0 fnt
|faint|p1a: Quagsire
|
|-heal|p2a: Gothitelletubby|259\/344|[from] item: Leftovers
|c| testingh12|Mirror match
|c| kratossnake|^
|
|switch|p1a: Sableye|Sableye-Mega, F|303\/303
|turn|100
|c| loverss gotta love|>mirror match
|
|switch|p2a: Metal as Fuck|Skarmory, F|334\/334
|-damage|p2a: Metal as Fuck|293\/334|[from] Stealth Rock
|move|p1a: Sableye|Foul Play|p2a: Metal as Fuck
|-damage|p2a: Metal as Fuck|241\/334
|
|turn|101
|
|move|p2a: Metal as Fuck|Defog|p1a: Sableye
|move|p1a: Sableye|Defog|p2a: Metal as Fuck|[from]Magic Bounce
|-unboost|p2a: Metal as Fuck|evasion|1
|-sideend|p2: SEXY GAMER DOG|Stealth Rock|[from] move: Defog|[of] p2a: Metal as Fuck
|move|p1a: Sableye|Foul Play|p2a: Metal as Fuck
|-damage|p2a: Metal as Fuck|189\/334
|
|turn|102
|c| loverss gotta love|this sexa gamer dog retard just stole it
|join|Cosine180
|c| loverss gotta love|welcome nerd
|
|switch|p2a: Clutchsellia|Cresselia, F|444\/444
|move|p1a: Sableye|Foul Play|p2a: Clutchsellia
|-supereffective|p2a: Clutchsellia
|-damage|p2a: Clutchsellia|346\/444
|
|-heal|p2a: Clutchsellia|373\/444|[from] item: Leftovers
|turn|103
|
|switch|p1a: Gothitelle|Gothitelle, M|292\/301
|move|p2a: Clutchsellia|Skill Swap|p1a: Gothitelle
|-activate|p2a: Clutchsellia|move: Skill Swap|Shadow Tag|Levitate|[of] p1a: Gothitelle
|
|-heal|p2a: Clutchsellia|400\/444|[from] item: Leftovers
|turn|104
|c| loverss gotta love|sexy gamer ur the most pathetic person ive ever seen u fuckin idiot
|
|switch|p2a: LE GEM XD|Sableye-Mega, F|266\/304 brn
|move|p1a: Gothitelle|Trick|p2a: LE GEM XD
|-fail|p2a: LE GEM XD
|
|-damage|p2a: LE GEM XD|228\/304 brn|[from] brn
|turn|105
|
|switch|p1a: Sableye|Sableye-Mega, F|303\/303
|move|p2a: LE GEM XD|Calm Mind|p2a: LE GEM XD
|-boost|p2a: LE GEM XD|spa|1
|-boost|p2a: LE GEM XD|spd|1
|
|-damage|p2a: LE GEM XD|190\/304 brn|[from] brn
|turn|106
|
|move|p1a: Sableye|Foul Play|p2a: LE GEM XD
|-damage|p2a: LE GEM XD|147\/304 brn
|move|p2a: LE GEM XD|Calm Mind|p2a: LE GEM XD
|-boost|p2a: LE GEM XD|spa|1
|-boost|p2a: LE GEM XD|spd|1
|
|-damage|p2a: LE GEM XD|109\/304 brn|[from] brn
|turn|107
|
|move|p1a: Sableye|Foul Play|p2a: LE GEM XD
|-damage|p2a: LE GEM XD|67\/304 brn
|move|p2a: LE GEM XD|Recover|p2a: LE GEM XD
|-heal|p2a: LE GEM XD|219\/304 brn
|
|-damage|p2a: LE GEM XD|181\/304 brn|[from] brn
|turn|108
|
|move|p1a: Sableye|Foul Play|p2a: LE GEM XD
|-damage|p2a: LE GEM XD|132\/304 brn
|move|p2a: LE GEM XD|Recover|p2a: LE GEM XD
|-heal|p2a: LE GEM XD|284\/304 brn
|
|-damage|p2a: LE GEM XD|246\/304 brn|[from] brn
|turn|109
|c| kratossnake|sexy gamer dog always stealing teams he stole my team to cleaner beat this scrub
|
|move|p1a: Sableye|Foul Play|p2a: LE GEM XD
|-damage|p2a: LE GEM XD|201\/304 brn
|move|p2a: LE GEM XD|Calm Mind|p2a: LE GEM XD
|-boost|p2a: LE GEM XD|spa|1
|-boost|p2a: LE GEM XD|spd|1
|
|-damage|p2a: LE GEM XD|163\/304 brn|[from] brn
|turn|110
|
|move|p1a: Sableye|Foul Play|p2a: LE GEM XD
|-damage|p2a: LE GEM XD|118\/304 brn
|move|p2a: LE GEM XD|Recover|p2a: LE GEM XD
|-heal|p2a: LE GEM XD|270\/304 brn
|
|-damage|p2a: LE GEM XD|232\/304 brn|[from] brn
|turn|111
|
|move|p1a: Sableye|Foul Play|p2a: LE GEM XD
|-damage|p2a: LE GEM XD|186\/304 brn
|move|p2a: LE GEM XD|Calm Mind|p2a: LE GEM XD
|-boost|p2a: LE GEM XD|spa|1
|-boost|p2a: LE GEM XD|spd|1
|
|-damage|p2a: LE GEM XD|148\/304 brn|[from] brn
|turn|112
|c| loverss gotta love|its cuz he is 2 bad to create sth on his own
|
|move|p1a: Sableye|Foul Play|p2a: LE GEM XD
|-damage|p2a: LE GEM XD|103\/304 brn
|move|p2a: LE GEM XD|Recover|p2a: LE GEM XD
|-heal|p2a: LE GEM XD|255\/304 brn
|
|-damage|p2a: LE GEM XD|217\/304 brn|[from] brn
|turn|113
|c| loverss gotta love|not even forfeiting,,
|
|move|p1a: Sableye|Foul Play|p2a: LE GEM XD
|-damage|p2a: LE GEM XD|174\/304 brn
|move|p2a: LE GEM XD|Calm Mind|p2a: LE GEM XD
|-boost|p2a: LE GEM XD|spa|1
|-boost|p2a: LE GEM XD|spd|1
|
|-damage|p2a: LE GEM XD|136\/304 brn|[from] brn
|turn|114
|
|move|p1a: Sableye|Foul Play|p2a: LE GEM XD
|-damage|p2a: LE GEM XD|90\/304 brn
|move|p2a: LE GEM XD|Recover|p2a: LE GEM XD
|-heal|p2a: LE GEM XD|242\/304 brn
|
|-damage|p2a: LE GEM XD|204\/304 brn|[from] brn
|turn|115
|
|move|p1a: Sableye|Foul Play|p2a: LE GEM XD
|-damage|p2a: LE GEM XD|162\/304 brn
|move|p2a: LE GEM XD|Dark Pulse|p1a: Sableye
|-damage|p1a: Sableye|113\/303
|
|-damage|p2a: LE GEM XD|124\/304 brn|[from] brn
|turn|116
|c| loverss gotta love|u fuckin idiot will never achieve anything
|
|move|p1a: Sableye|Recover|p1a: Sableye
|-heal|p1a: Sableye|265\/303
|move|p2a: LE GEM XD|Recover|p2a: LE GEM XD
|-heal|p2a: LE GEM XD|276\/304 brn
|
|-damage|p2a: LE GEM XD|238\/304 brn|[from] brn
|turn|117
|
|move|p1a: Sableye|Foul Play|p2a: LE GEM XD
|-damage|p2a: LE GEM XD|195\/304 brn
|move|p2a: LE GEM XD|Dark Pulse|p1a: Sableye
|-damage|p1a: Sableye|75\/303
|
|-damage|p2a: LE GEM XD|157\/304 brn|[from] brn
|turn|118
|c| Cosine180|i like how thats also my variant of the team just with cresselia instead of gliscor,,,
|
|move|p1a: Sableye|Recover|p1a: Sableye
|-heal|p1a: Sableye|227\/303
|move|p2a: LE GEM XD|Dark Pulse|p1a: Sableye
|-damage|p1a: Sableye|32\/303
|
|-damage|p2a: LE GEM XD|119\/304 brn|[from] brn
|turn|119
|c| loverss gotta love|,,
|
|move|p1a: Sableye|Recover|p1a: Sableye
|-heal|p1a: Sableye|184\/303
|move|p2a: LE GEM XD|Dark Pulse|p1a: Sableye
|-damage|p1a: Sableye|12\/303
|
|-damage|p2a: LE GEM XD|81\/304 brn|[from] brn
|turn|120
|c| Cosine180|i got replays to prove i was first :P
|c| loverss gotta love|,,
|c| testingh12|How do you even beat this sort of team?
|c| loverss gotta love|by playin good
|c| Cosine180|cleaner was too tho
|c|âSEXY GAMER DOG|You fools. I made this team before all of you.
|c| kratossnake|i like to see it
|c| loverss gotta love|kill urself
|c| loverss gotta love|retard
|c|âSEXY GAMER DOG|This is a sexy gamer dog original
|c| Cosine180|srsly sexy gamer dog?
|c| loverss gotta love|ur fuckin disgusting
|c| loverss gotta love|15hundreds
|c| loverss gotta love|ur so fuckin bad
|c| Cosine180|well tbh both these teams r bad
|c|âSEXY GAMER DOG|Hey can we watch the language please
|
|switch|p1a: Cresselia|Cresselia, F|312\/444
|move|p2a: LE GEM XD|Dark Pulse|p1a: Cresselia
|-supereffective|p1a: Cresselia
|-damage|p1a: Cresselia|0 fnt
|faint|p1a: Cresselia
|
|-damage|p2a: LE GEM XD|43\/304 brn|[from] brn
|c| Cosine180|get rekt by mega sableye
|c| Cosine180|which is why i run sd gliscor :P
|
|switch|p1a: Skarmory|Skarmory, F|334\/334
|turn|121
|
|move|p1a: Skarmory|Roost|p1a: Skarmory
|-fail|p1a: Skarmory
|move|p2a: LE GEM XD|Dark Pulse|p1a: Skarmory
|-activate|p1a: Skarmory|Sturdy
|-damage|p1a: Skarmory|1\/334
|
|-damage|p2a: LE GEM XD|5\/304 brn|[from] brn
|turn|122
|c| loverss gotta love|cosine just stfu
|
|move|p1a: Skarmory|Roost|p1a: Skarmory
|-heal|p1a: Skarmory|168\/334
|move|p2a: LE GEM XD|Dark Pulse|p1a: Skarmory
|-damage|p1a: Skarmory|0 fnt
|faint|p1a: Skarmory
|
|-damage|p2a: LE GEM XD|0 fnt|[from] brn
|faint|p2a: LE GEM XD
|c| Cosine180|hehe
|
|switch|p1a: Gothitelle|Gothitelle, M|292\/301
|switch|p2a: Clutchsellia|Cresselia, F|400\/444
|turn|123
|c| loverss gotta love|>
|c| loverss gotta love|sexy gamer dog ur so fuckin good at this game
|c|âSEXY GAMER DOG|Thank you good sir :D
|c|âSEXY GAMER DOG|I may just forgive you for your language earlier lel
|c| loverss gotta love|i bet u watched hundreds of his replays and tried to copy it lol
|
|move|p1a: Gothitelle|Calm Mind|p1a: Gothitelle
|-boost|p1a: Gothitelle|spa|1
|-boost|p1a: Gothitelle|spd|1
|move|p2a: Clutchsellia|Skill Swap|p1a: Gothitelle
|-activate|p2a: Clutchsellia|move: Skill Swap|Shadow Tag|Levitate|[of] p1a: Gothitelle
|
|-heal|p2a: Clutchsellia|427\/444|[from] item: Leftovers
|turn|124
|c| Cosine180|im pretty sure that was sarcastic but i could be right
|c|âSEXY GAMER DOG|lol ill have u know  made this team
|
|move|p1a: Gothitelle|Calm Mind|p1a: Gothitelle
|-boost|p1a: Gothitelle|spa|1
|-boost|p1a: Gothitelle|spd|1
|move|p2a: Clutchsellia|Toxic|p1a: Gothitelle
|-status|p1a: Gothitelle|tox
|
|-heal|p2a: Clutchsellia|444\/444|[from] item: Leftovers
|-damage|p1a: Gothitelle|274\/301 tox|[from] psn
|turn|125
|
|switch|p2a: Gothitelletubby|Gothitelle, M|259\/344
|move|p1a: Gothitelle|Calm Mind|p1a: Gothitelle
|-boost|p1a: Gothitelle|spa|1
|-boost|p1a: Gothitelle|spd|1
|
|-heal|p2a: Gothitelletubby|280\/344|[from] item: Leftovers
|-damage|p1a: Gothitelle|238\/301 tox|[from] psn
|turn|126
|c| loverss gotta love|lol ill have u know made this team
|
|move|p1a: Gothitelle|Psychic|p2a: Gothitelletubby
|-resisted|p2a: Gothitelletubby
|-damage|p2a: Gothitelletubby|140\/344
|-unboost|p2a: Gothitelletubby|spd|1
|move|p2a: Gothitelletubby|Taunt|p1a: Gothitelle
|-start|p1a: Gothitelle|move: Taunt
|
|-heal|p2a: Gothitelletubby|161\/344|[from] item: Leftovers
|-damage|p1a: Gothitelle|184\/301 tox|[from] psn
|turn|127
|c| loverss gotta love|i dont really get that sentence
|c| Cosine180|hello u even have skillswap cresselia?
|
|move|p1a: Gothitelle|Psychic|p2a: Gothitelletubby
|-resisted|p2a: Gothitelletubby
|-damage|p2a: Gothitelletubby|0 fnt
|faint|p2a: Gothitelletubby
|
|-damage|p1a: Gothitelle|112\/301 tox|[from] psn
|
|switch|p2a: Clutchsellia|Cresselia, F|444\/444
|turn|128
|c| Cosine180|how is it not extremely obvious u stole it
|
|switch|p1a: Sableye|Sableye-Mega, F|12\/303
|move|p2a: Clutchsellia|Psychic|p1a: Sableye
|-immune|p1a: Sableye|[msg]
|
|turn|129
|
|move|p2a: Clutchsellia|Skill Swap|p1a: Sableye
|-activate|p2a: Clutchsellia|move: Skill Swap|Magic Bounce|Levitate|[of] p1a: Sableye
|move|p1a: Sableye|Recover|p1a: Sableye
|-heal|p1a: Sableye|164\/303
|
|turn|130
|
|switch|p2a: Metal as Fuck|Skarmory, F|189\/334
|switch|p1a: Gothitelle|Gothitelle, M|112\/301 tox
|
|-damage|p1a: Gothitelle|94\/301 tox|[from] psn
|turn|131
|
|move|p1a: Gothitelle|Rest|p1a: Gothitelle
|-status|p1a: Gothitelle|slp
|-heal|p1a: Gothitelle|301\/301 slp|[silent]
|-status|p1a: Gothitelle|slp|[from] move: Rest
|move|p2a: Metal as Fuck|Brave Bird|p1a: Gothitelle
|-damage|p1a: Gothitelle|184\/301 slp
|-damage|p2a: Metal as Fuck|150\/334|[from] recoil|[of] p1a: Gothitelle
|
|turn|132
|c| Cosine180|cleaner used this in the first tour right when oras came out
|
|cant|p1a: Gothitelle|slp
|move|p2a: Metal as Fuck|Brave Bird|p1a: Gothitelle
|-crit|p1a: Gothitelle
|-damage|p1a: Gothitelle|13\/301 slp
|-damage|p2a: Metal as Fuck|94\/334|[from] recoil|[of] p1a: Gothitelle
|
|turn|133
|c|âSEXY GAMER DOG|I used this before oras came out lmao
|c| loverss gotta love|>
|c| Cosine180|>
|
|cant|p1a: Gothitelle|slp
|move|p2a: Metal as Fuck|Roost|p2a: Metal as Fuck
|-heal|p2a: Metal as Fuck|261\/334
|
|turn|134
|c| testingh12|That skill swap cresselia is pretty inovative
|c| Cosine180|show me replays
|c| Cosine180|and i believe u
|c|âSEXY GAMER DOG|I dont have replays lel
|
|-curestatus|p1a: Gothitelle|slp
|move|p1a: Gothitelle|Rest|p1a: Gothitelle
|-status|p1a: Gothitelle|slp
|-heal|p1a: Gothitelle|301\/301 slp|[silent]
|-status|p1a: Gothitelle|slp|[from] move: Rest
|move|p2a: Metal as Fuck|Brave Bird|p1a: Gothitelle
|-damage|p1a: Gothitelle|168\/301 slp
|-damage|p2a: Metal as Fuck|217\/334|[from] recoil|[of] p1a: Gothitelle
|
|turn|135
|c| Cosine180|jajajaj
|
|cant|p1a: Gothitelle|slp
|move|p2a: Metal as Fuck|Brave Bird|p1a: Gothitelle
|-damage|p1a: Gothitelle|48\/301 slp
|-damage|p2a: Metal as Fuck|177\/334|[from] recoil|[of] p1a: Gothitelle
|
|turn|136
|
|cant|p1a: Gothitelle|slp
|move|p2a: Metal as Fuck|Brave Bird|p1a: Gothitelle
|-damage|p1a: Gothitelle|0 fnt
|-damage|p2a: Metal as Fuck|161\/334|[from] recoil|[of] p1a: Gothitelle
|faint|p1a: Gothitelle
|
|
|switch|p1a: Sableye|Sableye-Mega, F|164\/303
|turn|137
|c| loverss gotta love|plz just die
|c| Cosine180|absolutely terrible
|
|move|p2a: Metal as Fuck|Brave Bird|p1a: Sableye
|-damage|p1a: Sableye|62\/303
|-damage|p2a: Metal as Fuck|127\/334|[from] recoil|[of] p1a: Sableye
|move|p1a: Sableye|Recover|p1a: Sableye
|-heal|p1a: Sableye|214\/303
|
|turn|138
|
|move|p2a: Metal as Fuck|Brave Bird|p1a: Sableye
|-damage|p1a: Sableye|114\/303
|-damage|p2a: Metal as Fuck|94\/334|[from] recoil|[of] p1a: Sableye
|move|p1a: Sableye|Recover|p1a: Sableye
|-heal|p1a: Sableye|266\/303
|
|turn|139
|
|move|p2a: Metal as Fuck|Roost|p2a: Metal as Fuck
|-heal|p2a: Metal as Fuck|261\/334
|move|p1a: Sableye|Will-O-Wisp|p2a: Metal as Fuck
|-status|p2a: Metal as Fuck|brn
|
|-damage|p2a: Metal as Fuck|220\/334 brn|[from] brn
|turn|140
|
|move|p2a: Metal as Fuck|Roost|p2a: Metal as Fuck
|-heal|p2a: Metal as Fuck|334\/334 brn
|move|p1a: Sableye|Taunt|p2a: Metal as Fuck
|-start|p2a: Metal as Fuck|move: Taunt
|
|-damage|p2a: Metal as Fuck|293\/334 brn|[from] brn
|turn|141
|
|move|p2a: Metal as Fuck|Brave Bird|p1a: Sableye
|-damage|p1a: Sableye|214\/303
|-damage|p2a: Metal as Fuck|276\/334 brn|[from] recoil|[of] p1a: Sableye
|move|p1a: Sableye|Taunt|p2a: Metal as Fuck
|-fail|p2a: Metal as Fuck
|
|-damage|p2a: Metal as Fuck|235\/334 brn|[from] brn
|turn|142
|
|move|p2a: Metal as Fuck|Brave Bird|p1a: Sableye
|-damage|p1a: Sableye|163\/303
|-damage|p2a: Metal as Fuck|218\/334 brn|[from] recoil|[of] p1a: Sableye
|move|p1a: Sableye|Taunt|p2a: Metal as Fuck
|-fail|p2a: Metal as Fuck
|
|-damage|p2a: Metal as Fuck|177\/334 brn|[from] brn
|turn|143
|
|move|p2a: Metal as Fuck|Brave Bird|p1a: Sableye
|-damage|p1a: Sableye|111\/303
|-damage|p2a: Metal as Fuck|160\/334 brn|[from] recoil|[of] p1a: Sableye
|move|p1a: Sableye|Recover|p1a: Sableye
|-heal|p1a: Sableye|263\/303
|
|-damage|p2a: Metal as Fuck|119\/334 brn|[from] brn
|-end|p2a: Metal as Fuck|move: Taunt
|turn|144
|c| Cosine180|u just changed 1 mon and called it your own team smh
|
|move|p2a: Metal as Fuck|Roost|p2a: Metal as Fuck
|-heal|p2a: Metal as Fuck|286\/334 brn
|move|p1a: Sableye|Taunt|p2a: Metal as Fuck
|-start|p2a: Metal as Fuck|move: Taunt
|
|-damage|p2a: Metal as Fuck|245\/334 brn|[from] brn
|turn|145
|c| loverss gotta love|he changed 2
|
|move|p2a: Metal as Fuck|Brave Bird|p1a: Sableye
|-damage|p1a: Sableye|212\/303
|-damage|p2a: Metal as Fuck|228\/334 brn|[from] recoil|[of] p1a: Sableye
|move|p1a: Sableye|Taunt|p2a: Metal as Fuck
|-fail|p2a: Metal as Fuck
|
|-damage|p2a: Metal as Fuck|187\/334 brn|[from] brn
|turn|146
|c| loverss gotta love|ner
|c| loverss gotta love|nerd*
|c| Cosine180|?
|c|âSEXY GAMER DOG|My friend wants to know if you are asian cleaner then rotom
|
|move|p2a: Metal as Fuck|Brave Bird|p1a: Sableye
|-damage|p1a: Sableye|167\/303
|-damage|p2a: Metal as Fuck|172\/334 brn|[from] recoil|[of] p1a: Sableye
|move|p1a: Sableye|Taunt|p2a: Metal as Fuck
|-fail|p2a: Metal as Fuck
|
|-damage|p2a: Metal as Fuck|131\/334 brn|[from] brn
|turn|147
|
|move|p2a: Metal as Fuck|Brave Bird|p1a: Sableye
|-damage|p1a: Sableye|116\/303
|-damage|p2a: Metal as Fuck|114\/334 brn|[from] recoil|[of] p1a: Sableye
|move|p1a: Sableye|Recover|p1a: Sableye
|-heal|p1a: Sableye|268\/303
|
|-damage|p2a: Metal as Fuck|73\/334 brn|[from] brn
|-end|p2a: Metal as Fuck|move: Taunt
|turn|148
|c| Cosine180|LOL
|c| loverss gotta love|>
|c| kratossnake|lol
|
|move|p2a: Metal as Fuck|Roost|p2a: Metal as Fuck
|-heal|p2a: Metal as Fuck|240\/334 brn
|move|p1a: Sableye|Taunt|p2a: Metal as Fuck
|-start|p2a: Metal as Fuck|move: Taunt
|
|-damage|p2a: Metal as Fuck|199\/334 brn|[from] brn
|turn|149
|c| loverss gotta love|u dont have any friends
|c| loverss gotta love|stop lying
|c|âSEXY GAMER DOG|I have lots of black friends because i am not racist
|join|OnurbX
|c|âSEXY GAMER DOG|just kidding
|c|âSEXY GAMER DOG|but i do have a black president
|c|âSEXY GAMER DOG|didnt vote for him of course
|
|move|p2a: Metal as Fuck|Brave Bird|p1a: Sableye
|-damage|p1a: Sableye|219\/303
|-damage|p2a: Metal as Fuck|183\/334 brn|[from] recoil|[of] p1a: Sableye
|move|p1a: Sableye|Will-O-Wisp|p2a: Metal as Fuck
|-fail|p2a: Metal as Fuck|brn
|
|-damage|p2a: Metal as Fuck|142\/334 brn|[from] brn
|turn|150
|
|move|p2a: Metal as Fuck|Brave Bird|p1a: Sableye
|-damage|p1a: Sableye|171\/303
|-damage|p2a: Metal as Fuck|126\/334 brn|[from] recoil|[of] p1a: Sableye
|move|p1a: Sableye|Taunt|p2a: Metal as Fuck
|-fail|p2a: Metal as Fuck
|
|-damage|p2a: Metal as Fuck|85\/334 brn|[from] brn
|turn|151
|
|move|p2a: Metal as Fuck|Brave Bird|p1a: Sableye
|-damage|p1a: Sableye|123\/303
|-damage|p2a: Metal as Fuck|69\/334 brn|[from] recoil|[of] p1a: Sableye
|move|p1a: Sableye|Recover|p1a: Sableye
|-heal|p1a: Sableye|275\/303
|
|-damage|p2a: Metal as Fuck|28\/334 brn|[from] brn
|-end|p2a: Metal as Fuck|move: Taunt
|turn|152
|
|move|p2a: Metal as Fuck|Brave Bird|p1a: Sableye
|-damage|p1a: Sableye|223\/303
|-damage|p2a: Metal as Fuck|11\/334 brn|[from] recoil|[of] p1a: Sableye
|move|p1a: Sableye|Taunt|p2a: Metal as Fuck
|-start|p2a: Metal as Fuck|move: Taunt
|
|-damage|p2a: Metal as Fuck|0 fnt|[from] brn
|faint|p2a: Metal as Fuck
|
|switch|p2a: Clutchsellia|Cresselia, F|444\/444
|turn|153
|c| Cosine180|well you gotta give him that he at least didnt copy your taunt sableye set :P
|
|move|p2a: Clutchsellia|Skill Swap|p1a: Sableye
|-activate|p2a: Clutchsellia|move: Skill Swap|Magic Bounce|Levitate|[of] p1a: Sableye
|move|p1a: Sableye|Taunt|p2a: Clutchsellia
|move|p2a: Clutchsellia|Taunt|p1a: Sableye|[from]Magic Bounce
|-start|p1a: Sableye|move: Taunt
|
|turn|154
|
|move|p2a: Clutchsellia|Toxic|p1a: Sableye
|-status|p1a: Sableye|tox
|-activate|p1a: Sableye|move: Struggle
|move|p1a: Sableye|Struggle|p2a: Clutchsellia
|-damage|p2a: Clutchsellia|420\/444
|-damage|p1a: Sableye|148\/303 tox
|
|-heal|p2a: Clutchsellia|444\/444|[from] item: Leftovers
|-damage|p1a: Sableye|130\/303 tox|[from] psn
|turn|155
|c| Cosine180|which isnt rly good ke
|-message|CleanerThanRotom-W forfeited.
|
|win|SEXY GAMER DOG
|raw|Ladder updating...
|leave|CleanerThanRotom-W
|player|p1
|c|âSEXY GAMER DOG|yesss
|raw|CleanerThanRotom-W's rating: 1777 &rarr; <strong>1747<\/strong><br \/>(-30 for losing)
|raw|SEXY GAMER DOG's rating: 1587 &rarr; <strong>1617<\/strong><br \/>(+30 for winning)
|leave|Cosine180
|leave|loverss gotta love
|leave|testingh12
|leave|kratossnake
|join|el_knight_oscuro
|leave|XxRayxX