|join|SEXY GAMER DOG
|join|impish abra
|player|p1|SEXY GAMER DOG|169
|player|p2|impish abra|219
|gametype|singles
|gen|6
|tier|OU
|rated
|clearpoke
|poke|p1|Sableye, M
|poke|p1|Cresselia, F
|poke|p1|Chansey, F
|poke|p1|Skarmory, M
|poke|p1|Quagsire, M
|poke|p1|Gothitelle, M
|poke|p2|Gengar, F
|poke|p2|Gallade, M
|poke|p2|Tyranitar, M
|poke|p2|Excadrill, F
|poke|p2|Infernape, M
|poke|p2|Breloom, F
|rule|Swagger Clause: Swagger is banned
|rule|Baton Pass Clause: Limit one PokÃ©mon knowing Baton Pass
|rule|Sleep Clause Mod: Limit one foe put to sleep
|rule|Species Clause: Limit one of each PokÃ©mon
|rule|OHKO Clause: OHKO moves are banned
|rule|Moody Clause: Moody is banned
|rule|Evasion Moves Clause: Evasion moves are banned
|rule|Endless Battle Clause: Forcing endless battles is banned
|rule|HP Percentage Mod: HP is shown in percentages
|teampreview
|
|start
|switch|p1a: LE GEM XD XD|Sableye, M|304\/304
|switch|p2a: Infernape|Infernape, M|294\/294
|turn|1
|
|detailschange|p1a: LE GEM XD XD|Sableye-Mega, M
|-mega|p1a: LE GEM XD XD|Sableye|Sablenite
|move|p1a: LE GEM XD XD|Calm Mind|p1a: LE GEM XD XD
|-boost|p1a: LE GEM XD XD|spa|1
|-boost|p1a: LE GEM XD XD|spd|1
|move|p2a: Infernape|Fire Blast|p1a: LE GEM XD XD
|-damage|p1a: LE GEM XD XD|199\/304
|
|turn|2
|
|switch|p2a: Gallade|Gallade, M|277\/277
|move|p1a: LE GEM XD XD|Recover|p1a: LE GEM XD XD
|-heal|p1a: LE GEM XD XD|304\/304
|
|turn|3
|
|detailschange|p2a: Gallade|Gallade-Mega, M
|-mega|p2a: Gallade|Gallade|Galladite
|move|p2a: Gallade|Skill Swap|p1a: LE GEM XD XD
|-activate|p2a: Gallade|move: Skill Swap|Magic Bounce|Inner Focus|[of] p1a: LE GEM XD XD
|move|p1a: LE GEM XD XD|Will-O-Wisp|p2a: Gallade
|move|p2a: Gallade|Will-O-Wisp|p1a: LE GEM XD XD|[from]Magic Bounce
|-status|p1a: LE GEM XD XD|brn
|
|-damage|p1a: LE GEM XD XD|266\/304 brn|[from] brn
|turn|4
|
|switch|p1a: Clutchselia|Cresselia, F|444\/444
|move|p2a: Gallade|Swords Dance|p2a: Gallade
|-boost|p2a: Gallade|atk|2
|
|turn|5
|join|Schwupp
|
|move|p2a: Gallade|Knock Off|p1a: Clutchselia
|-supereffective|p1a: Clutchselia
|-damage|p1a: Clutchselia|70\/444
|-enditem|p1a: Clutchselia|Leftovers|[from] move: Knock Off|[of] p2a: Gallade
|move|p1a: Clutchselia|Skill Swap|p2a: Gallade
|-activate|p1a: Clutchselia|move: Skill Swap|Magic Bounce|Levitate|[of] p2a: Gallade
|
|turn|6
|
|move|p2a: Gallade|Drain Punch|p1a: Clutchselia
|-resisted|p1a: Clutchselia
|-damage|p1a: Clutchselia|0 fnt
|faint|p1a: Clutchselia
|
|
|switch|p1a: Swagsire|Quagsire, M|394\/394
|turn|7
|
|move|p2a: Gallade|Skill Swap|p1a: Swagsire
|-activate|p2a: Gallade|move: Skill Swap|Unaware|Levitate|[of] p1a: Swagsire
|move|p1a: Swagsire|Toxic|p2a: Gallade
|-status|p2a: Gallade|tox
|
|-damage|p2a: Gallade|260\/277 tox|[from] psn
|turn|8
|
|switch|p1a: Metal as Fuck|Skarmory, M|334\/334
|move|p2a: Gallade|Knock Off|p1a: Metal as Fuck
|-crit|p1a: Metal as Fuck
|-damage|p1a: Metal as Fuck|100\/334
|-enditem|p1a: Metal as Fuck|Shed Shell|[from] move: Knock Off|[of] p2a: Gallade
|
|-damage|p2a: Gallade|226\/277 tox|[from] psn
|turn|9
|-message|SEXY GAMER DOG forfeited.
|
|win|impish abra
|raw|Ladder updating...
|leave|SEXY GAMER DOG
|player|p1
|raw|SEXY GAMER DOG's rating: 1579 &rarr; <strong>1559<\/strong><br \/>(-20 for losing)
|raw|impish abra's rating: 1571 &rarr; <strong>1591<\/strong><br \/>(+20 for winning)
|leave|Schwupp