|join|SEXY GAMER DOG
|join|Forblaze
|player|p1|SEXY GAMER DOG|23
|player|p2|Forblaze|1
|gametype|singles
|gen|6
|tier|OU
|rated
|clearpoke
|poke|p1|Chansey, F
|poke|p1|Quagsire, M
|poke|p1|Skarmory, M
|poke|p1|Cresselia, F
|poke|p1|Sableye, F
|poke|p1|Gothitelle, M
|poke|p2|Chansey, F
|poke|p2|Keldeo-Resolute
|poke|p2|Slowbro, F
|poke|p2|Bisharp, F
|poke|p2|Skarmory, M
|poke|p2|Landorus, M
|rule|Swagger Clause: Swagger is banned
|rule|Baton Pass Clause: Limit one PokÃ©mon knowing Baton Pass
|rule|Sleep Clause Mod: Limit one foe put to sleep
|rule|Species Clause: Limit one of each PokÃ©mon
|rule|OHKO Clause: OHKO moves are banned
|rule|Moody Clause: Moody is banned
|rule|Evasion Moves Clause: Evasion moves are banned
|rule|Endless Battle Clause: Forcing endless battles is banned
|rule|HP Percentage Mod: HP is shown in percentages
|teampreview
|
|start
|switch|p1a: Gothitelletubby|Gothitelle, M|344\/344
|switch|p2a: Keldeo-Resolute|Keldeo-Resolute|322\/322
|turn|1
|
|switch|p1a: LE GEM XD|Sableye, F|304\/304
|move|p2a: Keldeo-Resolute|Scald|p1a: LE GEM XD
|-damage|p1a: LE GEM XD|99\/304
|
|turn|2
|
|detailschange|p1a: LE GEM XD|Sableye-Mega, F
|message|Sableye has Mega Evolved into Mega Sableye!
|move|p1a: LE GEM XD|Recover|p1a: LE GEM XD
|-heal|p1a: LE GEM XD|251\/304
|move|p2a: Keldeo-Resolute|Scald|p1a: LE GEM XD
|-damage|p1a: LE GEM XD|127\/304
|
|turn|3
|
|move|p2a: Keldeo-Resolute|Scald|p1a: LE GEM XD
|-damage|p1a: LE GEM XD|3\/304
|move|p1a: LE GEM XD|Recover|p1a: LE GEM XD
|-heal|p1a: LE GEM XD|155\/304
|
|turn|4
|
|switch|p1a: Clutchsellia|Cresselia, F|444\/444
|move|p2a: Keldeo-Resolute|Scald|p1a: Clutchsellia
|-damage|p1a: Clutchsellia|330\/444
|
|-heal|p1a: Clutchsellia|357\/444|[from] item: Leftovers
|turn|5
|
|switch|p2a: Chansey|Chansey, F|641\/641
|move|p1a: Clutchsellia|Toxic|p2a: Chansey
|-status|p2a: Chansey|tox
|
|-heal|p1a: Clutchsellia|384\/444|[from] item: Leftovers
|-damage|p2a: Chansey|601\/641 tox|[from] psn
|turn|6
|
|switch|p1a: Gothitelletubby|Gothitelle, M|344\/344
|switch|p2a: Bisharp|Bisharp, F|271\/271
|
|turn|7
|
|move|p2a: Bisharp|Pursuit|p1a: Gothitelletubby|[from]Pursuit
|-supereffective|p1a: Gothitelletubby
|-damage|p1a: Gothitelletubby|0 fnt
|-damage|p2a: Bisharp|244\/271|[from] item: Life Orb
|faint|p1a: Gothitelletubby
|
|
|switch|p1a: LE GEM XD|Sableye-Mega, F|155\/304
|turn|8
|
|switch|p2a: Keldeo-Resolute|Keldeo-Resolute|322\/322
|move|p1a: LE GEM XD|Recover|p1a: LE GEM XD
|-heal|p1a: LE GEM XD|304\/304
|
|turn|9
|
|move|p2a: Keldeo-Resolute|Scald|p1a: LE GEM XD
|-damage|p1a: LE GEM XD|168\/304
|move|p1a: LE GEM XD|Calm Mind|p1a: LE GEM XD
|-boost|p1a: LE GEM XD|spa|1
|-boost|p1a: LE GEM XD|spd|1
|
|turn|10
|
|move|p2a: Keldeo-Resolute|Scald|p1a: LE GEM XD
|-damage|p1a: LE GEM XD|80\/304
|move|p1a: LE GEM XD|Recover|p1a: LE GEM XD
|-heal|p1a: LE GEM XD|232\/304
|
|turn|11
|
|move|p2a: Keldeo-Resolute|Scald|p1a: LE GEM XD
|-damage|p1a: LE GEM XD|150\/304
|move|p1a: LE GEM XD|Will-O-Wisp|p2a: Keldeo-Resolute
|-status|p2a: Keldeo-Resolute|brn
|
|-damage|p2a: Keldeo-Resolute|282\/322 brn|[from] brn
|turn|12
|
|move|p2a: Keldeo-Resolute|Scald|p1a: LE GEM XD
|-damage|p1a: LE GEM XD|72\/304
|-status|p1a: LE GEM XD|brn
|move|p1a: LE GEM XD|Recover|p1a: LE GEM XD
|-heal|p1a: LE GEM XD|224\/304 brn
|
|-damage|p2a: Keldeo-Resolute|242\/322 brn|[from] brn
|-damage|p1a: LE GEM XD|186\/304 brn|[from] brn
|turn|13
|
|switch|p2a: Landorus|Landorus, M|319\/319
|move|p1a: LE GEM XD|Recover|p1a: LE GEM XD
|-heal|p1a: LE GEM XD|304\/304 brn
|
|-damage|p1a: LE GEM XD|266\/304 brn|[from] brn
|turn|14
|
|move|p2a: Landorus|Earth Power|p1a: LE GEM XD
|-damage|p1a: LE GEM XD|110\/304 brn
|move|p1a: LE GEM XD|Will-O-Wisp|p2a: Landorus
|-status|p2a: Landorus|brn
|
|-damage|p2a: Landorus|280\/319 brn|[from] brn
|-damage|p1a: LE GEM XD|72\/304 brn|[from] brn
|turn|15
|
|switch|p1a: Queen of Twerk|Chansey, F|704\/704
|move|p2a: Landorus|Knock Off|p1a: Queen of Twerk
|-damage|p1a: Queen of Twerk|627\/704
|-enditem|p1a: Queen of Twerk|Eviolite|[from] move: Knock Off|[of] p2a: Landorus
|-damage|p2a: Landorus|249\/319 brn|[from] item: Life Orb
|
|-damage|p2a: Landorus|210\/319 brn|[from] brn
|turn|16
|
|move|p2a: Landorus|Focus Blast|p1a: Queen of Twerk
|-supereffective|p1a: Queen of Twerk
|-damage|p1a: Queen of Twerk|234\/704
|move|p1a: Queen of Twerk|Heal Bell|p1a: Queen of Twerk
|-cureteam|p1a: Queen of Twerk|[from] move: HealBell
|
|-damage|p2a: Landorus|171\/319 brn|[from] brn
|turn|17
|
|switch|p1a: Clutchsellia|Cresselia, F|384\/444
|move|p2a: Landorus|Focus Blast|p1a: Clutchsellia
|-resisted|p1a: Clutchsellia
|-damage|p1a: Clutchsellia|296\/444
|
|-heal|p1a: Clutchsellia|323\/444|[from] item: Leftovers
|-damage|p2a: Landorus|132\/319 brn|[from] brn
|turn|18
|
|switch|p2a: Bisharp|Bisharp, F|244\/271
|move|p1a: Clutchsellia|Moonlight|p1a: Clutchsellia
|-heal|p1a: Clutchsellia|444\/444
|
|turn|19
|
|switch|p1a: Swagsire|Quagsire, M|394\/394
|move|p2a: Bisharp|Knock Off|p1a: Swagsire
|-damage|p1a: Swagsire|191\/394
|-enditem|p1a: Swagsire|Leftovers|[from] move: Knock Off|[of] p2a: Bisharp
|-damage|p2a: Bisharp|217\/271|[from] item: Life Orb
|
|turn|20
|
|switch|p2a: Slowbro|Slowbro, F|393\/393
|move|p1a: Swagsire|Recover|p1a: Swagsire
|-heal|p1a: Swagsire|388\/394
|
|turn|21
|
|switch|p1a: Queen of Twerk|Chansey, F|234\/704
|move|p2a: Slowbro|Calm Mind|p2a: Slowbro
|-boost|p2a: Slowbro|spa|1
|-boost|p2a: Slowbro|spd|1
|
|turn|22
|
|move|p1a: Queen of Twerk|Soft-Boiled|p1a: Queen of Twerk
|-heal|p1a: Queen of Twerk|586\/704
|move|p2a: Slowbro|Calm Mind|p2a: Slowbro
|-boost|p2a: Slowbro|spa|1
|-boost|p2a: Slowbro|spd|1
|
|turn|23
|
|switch|p1a: Swagsire|Quagsire, M|388\/394
|move|p2a: Slowbro|Calm Mind|p2a: Slowbro
|-boost|p2a: Slowbro|spa|1
|-boost|p2a: Slowbro|spd|1
|
|turn|24
|
|move|p2a: Slowbro|Calm Mind|p2a: Slowbro
|-boost|p2a: Slowbro|spa|1
|-boost|p2a: Slowbro|spd|1
|move|p1a: Swagsire|Haze|p1a: Swagsire
|-clearallboost
|
|turn|25
|
|switch|p1a: LE GEM XD|Sableye-Mega, F|72\/304
|move|p2a: Slowbro|Scald|p1a: LE GEM XD
|-damage|p1a: LE GEM XD|0 fnt
|faint|p1a: LE GEM XD
|
|-message|SEXY GAMER DOG forfeited.
|
|win|Forblaze
|raw|Ladder updating...
|leave|SEXY GAMER DOG
|player|p1
|raw|SEXY GAMER DOG's rating: 1647 &rarr; <strong>1620<\/strong><br \/>(-27 for losing)
|raw|Forblaze's rating: 1525 &rarr; <strong>1552<\/strong><br \/>(+27 for winning)
|c|âForblaze|lol