|join|much professional
|join|SEXY GAMER DOG
|player|p1|much professional|265
|player|p2|SEXY GAMER DOG|23
|gametype|singles
|gen|6
|tier|OU
|rated
|clearpoke
|poke|p1|Manaphy
|poke|p1|Clefable, M
|poke|p1|Breloom, M
|poke|p1|Espeon, F
|poke|p1|Gardevoir, M
|poke|p1|Scolipede, M
|poke|p2|Chansey, F
|poke|p2|Quagsire, M
|poke|p2|Skarmory, M
|poke|p2|Cresselia, F
|poke|p2|Sableye, M
|poke|p2|Gothitelle, F
|rule|Swagger Clause: Swagger is banned
|rule|Baton Pass Clause: Limit one PokÃ©mon knowing Baton Pass
|rule|Sleep Clause Mod: Limit one foe put to sleep
|rule|Species Clause: Limit one of each PokÃ©mon
|rule|OHKO Clause: OHKO moves are banned
|rule|Moody Clause: Moody is banned
|rule|Evasion Moves Clause: Evasion moves are banned
|rule|Endless Battle Clause: Forcing endless battles is banned
|rule|HP Percentage Mod: HP is shown in percentages
|teampreview
|
|start
|switch|p1a: Scolipede|Scolipede, M|323\/323
|switch|p2a: Gothitelletubby|Gothitelle, F|344\/344
|turn|1
|
|switch|p2a: Swagsire|Quagsire, M|394\/394
|move|p1a: Scolipede|Protect|p1a: Scolipede
|-fail|p1a: Scolipede
|
|-boost|p1a: Scolipede|spe|1|[from] ability: Speed Boost
|turn|2
|
|switch|p1a: Manaphy|Manaphy|404\/404
|move|p2a: Swagsire|Scald|p1a: Manaphy
|-resisted|p1a: Manaphy
|-damage|p1a: Manaphy|371\/404
|
|-heal|p1a: Manaphy|396\/404|[from] item: Leftovers
|turn|3
|
|switch|p1a: Scolipede|Scolipede, M|323\/323
|switch|p2a: Gothitelletubby|Gothitelle, F|344\/344
|
|turn|4
|
|switch|p2a: LE GEM XD|Sableye, M|304\/304
|move|p1a: Scolipede|Substitute|p1a: Scolipede
|-start|p1a: Scolipede|Substitute
|-damage|p1a: Scolipede|243\/323
|
|-boost|p1a: Scolipede|spe|1|[from] ability: Speed Boost
|turn|5
|
|switch|p2a: Swagsire|Quagsire, M|394\/394
|move|p1a: Scolipede|Baton Pass|p1a: Scolipede
|
|switch|p1a: Breloom|Breloom, M|324\/324
|
|-status|p1a: Breloom|tox|[from] item: Toxic Orb
|turn|6
|
|switch|p2a: LE GEM XD|Sableye, M|304\/304
|move|p1a: Breloom|Swords Dance|p1a: Breloom
|-boost|p1a: Breloom|atk|2
|
|turn|7
|
|switch|p2a: Clutchsellia|Cresselia, F|444\/444
|move|p1a: Breloom|Seed Bomb|p2a: Clutchsellia
|-damage|p2a: Clutchsellia|233\/444
|
|-heal|p2a: Clutchsellia|260\/444|[from] item: Leftovers
|turn|8
|
|move|p1a: Breloom|Spore|p2a: Clutchsellia
|-status|p2a: Clutchsellia|slp
|cant|p2a: Clutchsellia|slp
|
|-heal|p2a: Clutchsellia|287\/444 slp|[from] item: Leftovers
|turn|9
|
|switch|p2a: Metal as Fuck|Skarmory, M|334\/334
|move|p1a: Breloom|Swords Dance|p1a: Breloom
|-boost|p1a: Breloom|atk|2
|
|turn|10
|
|move|p1a: Breloom|Superpower|p2a: Metal as Fuck
|-activate|p2a: Metal as Fuck|Sturdy
|-damage|p2a: Metal as Fuck|1\/334
|-unboost|p1a: Breloom|atk|1
|-unboost|p1a: Breloom|def|1
|move|p2a: Metal as Fuck|Brave Bird|p1a: Breloom
|-supereffective|p1a: Breloom
|-end|p1a: Breloom|Substitute
|-damage|p2a: Metal as Fuck|0 fnt|[from] recoil|[of] p1a: Breloom
|faint|p2a: Metal as Fuck
|
|
|switch|p2a: Gothitelletubby|Gothitelle, F|344\/344
|turn|11
|
|move|p2a: Gothitelletubby|Psyshock|p1a: Breloom
|-supereffective|p1a: Breloom
|-damage|p1a: Breloom|0 fnt
|faint|p1a: Breloom
|
|
|switch|p1a: Scolipede|Scolipede, M|243\/323
|turn|12
|
|move|p1a: Scolipede|Protect|p1a: Scolipede
|-singleturn|p1a: Scolipede|Protect
|move|p2a: Gothitelletubby|Psyshock|p1a: Scolipede
|-activate|p1a: Scolipede|Protect
|
|-boost|p1a: Scolipede|spe|1|[from] ability: Speed Boost
|turn|13
|
|switch|p2a: Swagsire|Quagsire, M|394\/394
|move|p1a: Scolipede|Baton Pass|p1a: Scolipede
|
|switch|p1a: Manaphy|Manaphy|396\/404
|
|-heal|p1a: Manaphy|404\/404|[from] item: Leftovers
|turn|14
|
|switch|p2a: Gothitelletubby|Gothitelle, F|344\/344
|move|p1a: Manaphy|Calm Mind|p1a: Manaphy
|-boost|p1a: Manaphy|spa|1
|-boost|p1a: Manaphy|spd|1
|
|turn|15
|
|move|p1a: Manaphy|Scald|p2a: Gothitelletubby
|-damage|p2a: Gothitelletubby|224\/344
|move|p2a: Gothitelletubby|Trick|p1a: Manaphy
|-activate|p2a: Gothitelletubby|move: Trick|[of] p1a: Manaphy
|-item|p1a: Manaphy|Choice Scarf|[from] move: Trick
|-item|p2a: Gothitelletubby|Leftovers|[from] move: Trick
|
|-heal|p2a: Gothitelletubby|245\/344|[from] item: Leftovers
|turn|16
|
|move|p1a: Manaphy|Scald|p2a: Gothitelletubby
|-damage|p2a: Gothitelletubby|127\/344
|-status|p2a: Gothitelletubby|brn
|move|p2a: Gothitelletubby|Calm Mind|p2a: Gothitelletubby
|-boost|p2a: Gothitelletubby|spa|1
|-boost|p2a: Gothitelletubby|spd|1
|
|-heal|p2a: Gothitelletubby|148\/344 brn|[from] item: Leftovers
|-damage|p2a: Gothitelletubby|105\/344 brn|[from] brn
|turn|17
|
|move|p1a: Manaphy|Scald|p2a: Gothitelletubby
|-damage|p2a: Gothitelletubby|26\/344 brn
|move|p2a: Gothitelletubby|Rest|p2a: Gothitelletubby
|-status|p2a: Gothitelletubby|slp
|-heal|p2a: Gothitelletubby|344\/344 slp|[silent]
|-status|p2a: Gothitelletubby|slp|[from] move: Rest
|
|turn|18
|
|move|p1a: Manaphy|Scald|p2a: Gothitelletubby
|-damage|p2a: Gothitelletubby|266\/344 slp
|cant|p2a: Gothitelletubby|slp
|
|-heal|p2a: Gothitelletubby|287\/344 slp|[from] item: Leftovers
|turn|19
|
|move|p1a: Manaphy|Scald|p2a: Gothitelletubby
|-damage|p2a: Gothitelletubby|206\/344 slp
|cant|p2a: Gothitelletubby|slp
|
|-heal|p2a: Gothitelletubby|227\/344 slp|[from] item: Leftovers
|turn|20
|
|move|p1a: Manaphy|Scald|p2a: Gothitelletubby
|-damage|p2a: Gothitelletubby|149\/344 slp
|-curestatus|p2a: Gothitelletubby|slp
|move|p2a: Gothitelletubby|Calm Mind|p2a: Gothitelletubby
|-boost|p2a: Gothitelletubby|spa|1
|-boost|p2a: Gothitelletubby|spd|1
|
|-heal|p2a: Gothitelletubby|170\/344|[from] item: Leftovers
|turn|21
|
|move|p1a: Manaphy|Scald|p2a: Gothitelletubby
|-damage|p2a: Gothitelletubby|103\/344
|-status|p2a: Gothitelletubby|brn
|move|p2a: Gothitelletubby|Rest|p2a: Gothitelletubby
|-status|p2a: Gothitelletubby|slp
|-heal|p2a: Gothitelletubby|344\/344 slp|[silent]
|-status|p2a: Gothitelletubby|slp|[from] move: Rest
|
|turn|22
|
|move|p1a: Manaphy|Scald|p2a: Gothitelletubby
|-damage|p2a: Gothitelletubby|278\/344 slp
|cant|p2a: Gothitelletubby|slp
|
|-heal|p2a: Gothitelletubby|299\/344 slp|[from] item: Leftovers
|turn|23
|
|move|p1a: Manaphy|Scald|p2a: Gothitelletubby
|-damage|p2a: Gothitelletubby|236\/344 slp
|cant|p2a: Gothitelletubby|slp
|
|-heal|p2a: Gothitelletubby|257\/344 slp|[from] item: Leftovers
|turn|24
|
|move|p1a: Manaphy|Scald|p2a: Gothitelletubby
|-damage|p2a: Gothitelletubby|194\/344 slp
|-curestatus|p2a: Gothitelletubby|slp
|move|p2a: Gothitelletubby|Calm Mind|p2a: Gothitelletubby
|-boost|p2a: Gothitelletubby|spa|1
|-boost|p2a: Gothitelletubby|spd|1
|
|-heal|p2a: Gothitelletubby|215\/344|[from] item: Leftovers
|turn|25
|
|move|p1a: Manaphy|Scald|p2a: Gothitelletubby
|-damage|p2a: Gothitelletubby|163\/344
|-status|p2a: Gothitelletubby|brn
|move|p2a: Gothitelletubby|Calm Mind|p2a: Gothitelletubby
|-boost|p2a: Gothitelletubby|spa|1
|-boost|p2a: Gothitelletubby|spd|1
|
|-heal|p2a: Gothitelletubby|184\/344 brn|[from] item: Leftovers
|-damage|p2a: Gothitelletubby|141\/344 brn|[from] brn
|turn|26
|
|move|p1a: Manaphy|Scald|p2a: Gothitelletubby
|-damage|p2a: Gothitelletubby|99\/344 brn
|move|p2a: Gothitelletubby|Rest|p2a: Gothitelletubby
|-status|p2a: Gothitelletubby|slp
|-heal|p2a: Gothitelletubby|344\/344 slp|[silent]
|-status|p2a: Gothitelletubby|slp|[from] move: Rest
|
|turn|27
|
|move|p1a: Manaphy|Scald|p2a: Gothitelletubby
|-crit|p2a: Gothitelletubby
|-damage|p2a: Gothitelletubby|143\/344 slp
|cant|p2a: Gothitelletubby|slp
|
|-heal|p2a: Gothitelletubby|164\/344 slp|[from] item: Leftovers
|turn|28
|
|move|p1a: Manaphy|Scald|p2a: Gothitelletubby
|-damage|p2a: Gothitelletubby|121\/344 slp
|cant|p2a: Gothitelletubby|slp
|
|-heal|p2a: Gothitelletubby|142\/344 slp|[from] item: Leftovers
|turn|29
|
|move|p1a: Manaphy|Scald|p2a: Gothitelletubby
|-crit|p2a: Gothitelletubby
|-damage|p2a: Gothitelletubby|0 fnt
|faint|p2a: Gothitelletubby
|
|c|âmuch professional|sorry
|
|switch|p2a: Queen of Twerk|Chansey, F|704\/704
|turn|30
|
|switch|p1a: Espeon|Espeon, F|334\/334
|move|p2a: Queen of Twerk|Heal Bell|p2a: Queen of Twerk
|-cureteam|p2a: Queen of Twerk|[from] move: HealBell
|
|turn|31
|
|switch|p2a: Swagsire|Quagsire, M|394\/394
|move|p1a: Espeon|Calm Mind|p1a: Espeon
|-boost|p1a: Espeon|spa|1
|-boost|p1a: Espeon|spd|1
|
|turn|32
|
|move|p1a: Espeon|Stored Power|p2a: Swagsire
|-damage|p2a: Swagsire|252\/394
|move|p2a: Swagsire|Haze|p2a: Swagsire
|-clearallboost
|
|-heal|p2a: Swagsire|276\/394|[from] item: Leftovers
|turn|33
|
|move|p1a: Espeon|Calm Mind|p1a: Espeon
|-boost|p1a: Espeon|spa|1
|-boost|p1a: Espeon|spd|1
|move|p2a: Swagsire|Recover|p2a: Swagsire
|-heal|p2a: Swagsire|394\/394
|
|turn|34
|
|move|p1a: Espeon|Stored Power|p2a: Swagsire
|-damage|p2a: Swagsire|256\/394
|move|p2a: Swagsire|Haze|p2a: Swagsire
|-clearallboost
|
|-heal|p2a: Swagsire|280\/394|[from] item: Leftovers
|turn|35
|
|move|p1a: Espeon|Calm Mind|p1a: Espeon
|-boost|p1a: Espeon|spa|1
|-boost|p1a: Espeon|spd|1
|move|p2a: Swagsire|Scald|p1a: Espeon
|-damage|p1a: Espeon|261\/334
|-status|p1a: Espeon|brn
|
|-heal|p1a: Espeon|281\/334 brn|[from] item: Leftovers
|-heal|p2a: Swagsire|304\/394|[from] item: Leftovers
|-damage|p1a: Espeon|240\/334 brn|[from] brn
|turn|36
|
|move|p1a: Espeon|Stored Power|p2a: Swagsire
|-damage|p2a: Swagsire|157\/394
|move|p2a: Swagsire|Haze|p2a: Swagsire
|-clearallboost
|
|-heal|p1a: Espeon|260\/334 brn|[from] item: Leftovers
|-heal|p2a: Swagsire|181\/394|[from] item: Leftovers
|-damage|p1a: Espeon|219\/334 brn|[from] brn
|turn|37
|
|move|p1a: Espeon|Calm Mind|p1a: Espeon
|-boost|p1a: Espeon|spa|1
|-boost|p1a: Espeon|spd|1
|move|p2a: Swagsire|Recover|p2a: Swagsire
|-heal|p2a: Swagsire|378\/394
|
|-heal|p1a: Espeon|239\/334 brn|[from] item: Leftovers
|-heal|p2a: Swagsire|394\/394|[from] item: Leftovers
|-damage|p1a: Espeon|198\/334 brn|[from] brn
|turn|38
|
|move|p1a: Espeon|Stored Power|p2a: Swagsire
|-damage|p2a: Swagsire|250\/394
|move|p2a: Swagsire|Haze|p2a: Swagsire
|-clearallboost
|
|-heal|p1a: Espeon|218\/334 brn|[from] item: Leftovers
|-heal|p2a: Swagsire|274\/394|[from] item: Leftovers
|-damage|p1a: Espeon|177\/334 brn|[from] brn
|turn|39
|
|move|p1a: Espeon|Morning Sun|p1a: Espeon
|-heal|p1a: Espeon|334\/334 brn
|move|p2a: Swagsire|Recover|p2a: Swagsire
|-heal|p2a: Swagsire|394\/394
|
|-damage|p1a: Espeon|293\/334 brn|[from] brn
|turn|40
|
|switch|p1a: Manaphy|Manaphy|404\/404
|move|p2a: Swagsire|Earthquake|p1a: Manaphy
|-damage|p1a: Manaphy|319\/404
|
|turn|41
|
|switch|p2a: Clutchsellia|Cresselia, F|287\/444
|move|p1a: Manaphy|Scald|p2a: Clutchsellia
|-damage|p2a: Clutchsellia|214\/444
|-status|p2a: Clutchsellia|brn
|
|-heal|p2a: Clutchsellia|241\/444 brn|[from] item: Leftovers
|-damage|p2a: Clutchsellia|186\/444 brn|[from] brn
|turn|42
|
|switch|p1a: Scolipede|Scolipede, M|243\/323
|move|p2a: Clutchsellia|Moonlight|p2a: Clutchsellia
|-heal|p2a: Clutchsellia|408\/444 brn
|
|-heal|p2a: Clutchsellia|435\/444 brn|[from] item: Leftovers
|-damage|p2a: Clutchsellia|380\/444 brn|[from] brn
|turn|43
|
|move|p1a: Scolipede|Substitute|p1a: Scolipede
|-start|p1a: Scolipede|Substitute
|-damage|p1a: Scolipede|163\/323
|move|p2a: Clutchsellia|Psychic|p1a: Scolipede
|-supereffective|p1a: Scolipede
|-end|p1a: Scolipede|Substitute
|
|-heal|p2a: Clutchsellia|407\/444 brn|[from] item: Leftovers
|-damage|p2a: Clutchsellia|352\/444 brn|[from] brn
|-boost|p1a: Scolipede|spe|1|[from] ability: Speed Boost
|turn|44
|
|move|p1a: Scolipede|Baton Pass|p1a: Scolipede
|
|switch|p1a: Espeon|Espeon, F|293\/334 brn
|move|p2a: Clutchsellia|Skill Swap|p1a: Espeon
|-activate|p2a: Clutchsellia|move: Skill Swap|Magic Bounce|Levitate|[of] p1a: Espeon
|
|-heal|p1a: Espeon|313\/334 brn|[from] item: Leftovers
|-heal|p2a: Clutchsellia|379\/444 brn|[from] item: Leftovers
|-damage|p1a: Espeon|272\/334 brn|[from] brn
|-damage|p2a: Clutchsellia|324\/444 brn|[from] brn
|turn|45
|
|move|p1a: Espeon|Calm Mind|p1a: Espeon
|-boost|p1a: Espeon|spa|1
|-boost|p1a: Espeon|spd|1
|move|p2a: Clutchsellia|Skill Swap|p1a: Espeon
|-activate|p2a: Clutchsellia|move: Skill Swap|Levitate|Magic Bounce|[of] p1a: Espeon
|
|-heal|p1a: Espeon|292\/334 brn|[from] item: Leftovers
|-heal|p2a: Clutchsellia|351\/444 brn|[from] item: Leftovers
|-damage|p1a: Espeon|251\/334 brn|[from] brn
|-damage|p2a: Clutchsellia|296\/444 brn|[from] brn
|turn|46
|
|switch|p2a: Queen of Twerk|Chansey, F|704\/704
|move|p1a: Espeon|Calm Mind|p1a: Espeon
|-boost|p1a: Espeon|spa|1
|-boost|p1a: Espeon|spd|1
|
|-heal|p1a: Espeon|271\/334 brn|[from] item: Leftovers
|-damage|p1a: Espeon|230\/334 brn|[from] brn
|turn|47
|
|move|p1a: Espeon|Calm Mind|p1a: Espeon
|-boost|p1a: Espeon|spa|1
|-boost|p1a: Espeon|spd|1
|move|p2a: Queen of Twerk|Heal Bell|p2a: Queen of Twerk
|-cureteam|p2a: Queen of Twerk|[from] move: HealBell
|
|-heal|p1a: Espeon|250\/334 brn|[from] item: Leftovers
|-damage|p1a: Espeon|209\/334 brn|[from] brn
|turn|48
|
|move|p1a: Espeon|Calm Mind|p1a: Espeon
|-boost|p1a: Espeon|spa|1
|-boost|p1a: Espeon|spd|1
|move|p2a: Queen of Twerk|Seismic Toss|p1a: Espeon
|-damage|p1a: Espeon|109\/334 brn
|
|-heal|p1a: Espeon|129\/334 brn|[from] item: Leftovers
|-damage|p1a: Espeon|88\/334 brn|[from] brn
|turn|49
|
|switch|p2a: Swagsire|Quagsire, M|394\/394
|move|p1a: Espeon|Morning Sun|p1a: Espeon
|-heal|p1a: Espeon|255\/334 brn
|
|-heal|p1a: Espeon|275\/334 brn|[from] item: Leftovers
|-damage|p1a: Espeon|234\/334 brn|[from] brn
|turn|50
|
|switch|p2a: LE GEM XD|Sableye, M|304\/304
|move|p1a: Espeon|Stored Power|p2a: LE GEM XD
|-immune|p2a: LE GEM XD|[msg]
|
|-heal|p1a: Espeon|254\/334 brn|[from] item: Leftovers
|-damage|p1a: Espeon|213\/334 brn|[from] brn
|turn|51
|
|switch|p1a: Manaphy|Manaphy|319\/404
|detailschange|p2a: LE GEM XD|Sableye-Mega, M
|message|Sableye has Mega Evolved into Mega Sableye!
|move|p2a: LE GEM XD|Snarl|p1a: Manaphy
|-damage|p1a: Manaphy|262\/404
|-unboost|p1a: Manaphy|spa|1
|
|turn|52
|
|switch|p2a: Queen of Twerk|Chansey, F|704\/704
|move|p1a: Manaphy|Scald|p2a: Queen of Twerk
|-crit|p2a: Queen of Twerk
|-damage|p2a: Queen of Twerk|604\/704
|
|turn|53
|
|switch|p1a: Clefable|Clefable, M|394\/394
|move|p2a: Queen of Twerk|Seismic Toss|p1a: Clefable
|-damage|p1a: Clefable|294\/394
|
|-heal|p1a: Clefable|318\/394|[from] item: Leftovers
|turn|54
|
|move|p1a: Clefable|Calm Mind|p1a: Clefable
|-boost|p1a: Clefable|spa|1
|-boost|p1a: Clefable|spd|1
|move|p2a: Queen of Twerk|Toxic|p1a: Clefable
|-status|p1a: Clefable|tox
|
|-heal|p1a: Clefable|342\/394 tox|[from] item: Leftovers
|-damage|p1a: Clefable|318\/394 tox|[from] psn
|turn|55
|
|switch|p2a: Clutchsellia|Cresselia, F|296\/444
|move|p1a: Clefable|Calm Mind|p1a: Clefable
|-boost|p1a: Clefable|spa|1
|-boost|p1a: Clefable|spd|1
|
|-heal|p2a: Clutchsellia|323\/444|[from] item: Leftovers
|-heal|p1a: Clefable|342\/394 tox|[from] item: Leftovers
|-damage|p1a: Clefable|294\/394 tox|[from] psn
|turn|56
|
|switch|p2a: Swagsire|Quagsire, M|394\/394
|move|p1a: Clefable|Moonblast|p2a: Swagsire
|-damage|p2a: Swagsire|249\/394
|
|-heal|p1a: Clefable|318\/394 tox|[from] item: Leftovers
|-heal|p2a: Swagsire|273\/394|[from] item: Leftovers
|-damage|p1a: Clefable|246\/394 tox|[from] psn
|turn|57
|
|move|p1a: Clefable|Stored Power|p2a: Swagsire
|-damage|p2a: Swagsire|161\/394
|move|p2a: Swagsire|Recover|p2a: Swagsire
|-heal|p2a: Swagsire|358\/394
|
|-heal|p1a: Clefable|270\/394 tox|[from] item: Leftovers
|-heal|p2a: Swagsire|382\/394|[from] item: Leftovers
|-damage|p1a: Clefable|174\/394 tox|[from] psn
|turn|58
|
|move|p1a: Clefable|Moonlight|p1a: Clefable
|-heal|p1a: Clefable|371\/394 tox
|move|p2a: Swagsire|Earthquake|p1a: Clefable
|-damage|p1a: Clefable|262\/394 tox
|
|-heal|p1a: Clefable|286\/394 tox|[from] item: Leftovers
|-heal|p2a: Swagsire|394\/394|[from] item: Leftovers
|-damage|p1a: Clefable|166\/394 tox|[from] psn
|turn|59
|
|switch|p1a: Gardevoir|Gardevoir, M|340\/340
|-ability|p1a: Gardevoir|Unaware|[from] ability: Trace|[of] p2a: Swagsire
|move|p2a: Swagsire|Earthquake|p1a: Gardevoir
|-damage|p1a: Gardevoir|229\/340
|
|turn|60
|
|switch|p2a: Clutchsellia|Cresselia, F|323\/444
|detailschange|p1a: Gardevoir|Gardevoir-Mega, M
|message|Gardevoir has Mega Evolved into Mega Gardevoir!
|move|p1a: Gardevoir|Calm Mind|p1a: Gardevoir
|-boost|p1a: Gardevoir|spa|1
|-boost|p1a: Gardevoir|spd|1
|
|-heal|p2a: Clutchsellia|350\/444|[from] item: Leftovers
|turn|61
|
|move|p1a: Gardevoir|Calm Mind|p1a: Gardevoir
|-boost|p1a: Gardevoir|spa|1
|-boost|p1a: Gardevoir|spd|1
|move|p2a: Clutchsellia|Toxic|p1a: Gardevoir
|-status|p1a: Gardevoir|tox
|
|-heal|p2a: Clutchsellia|377\/444|[from] item: Leftovers
|-damage|p1a: Gardevoir|208\/340 tox|[from] psn
|turn|62
|
|move|p1a: Gardevoir|Draining Kiss|p2a: Clutchsellia
|-damage|p2a: Clutchsellia|208\/444
|-heal|p1a: Gardevoir|335\/340 tox|[from] drain|[of] p2a: Clutchsellia
|move|p2a: Clutchsellia|Skill Swap|p1a: Gardevoir
|-activate|p2a: Clutchsellia|move: Skill Swap|Pixilate|Levitate|[of] p1a: Gardevoir
|
|-heal|p2a: Clutchsellia|235\/444|[from] item: Leftovers
|-damage|p1a: Gardevoir|293\/340 tox|[from] psn
|turn|63
|
|move|p1a: Gardevoir|Calm Mind|p1a: Gardevoir
|-boost|p1a: Gardevoir|spa|1
|-boost|p1a: Gardevoir|spd|1
|move|p2a: Clutchsellia|Moonlight|p2a: Clutchsellia
|-heal|p2a: Clutchsellia|444\/444
|
|-damage|p1a: Gardevoir|230\/340 tox|[from] psn
|turn|64
|
|switch|p2a: Queen of Twerk|Chansey, F|604\/704
|move|p1a: Gardevoir|Draining Kiss|p2a: Queen of Twerk
|-damage|p2a: Queen of Twerk|432\/704
|-heal|p1a: Gardevoir|340\/340 tox|[from] drain|[of] p2a: Queen of Twerk
|
|-damage|p1a: Gardevoir|256\/340 tox|[from] psn
|turn|65
|
|move|p1a: Gardevoir|Draining Kiss|p2a: Queen of Twerk
|-damage|p2a: Queen of Twerk|276\/704
|-heal|p1a: Gardevoir|340\/340 tox|[from] drain|[of] p2a: Queen of Twerk
|move|p2a: Queen of Twerk|Soft-Boiled|p2a: Queen of Twerk
|-heal|p2a: Queen of Twerk|628\/704
|
|-damage|p1a: Gardevoir|235\/340 tox|[from] psn
|turn|66
|
|move|p1a: Gardevoir|Rest|p1a: Gardevoir
|-status|p1a: Gardevoir|slp
|-heal|p1a: Gardevoir|340\/340 slp|[silent]
|-status|p1a: Gardevoir|slp|[from] move: Rest
|move|p2a: Queen of Twerk|Seismic Toss|p1a: Gardevoir
|-damage|p1a: Gardevoir|240\/340 slp
|
|turn|67
|
|switch|p2a: Swagsire|Quagsire, M|394\/394
|cant|p1a: Gardevoir|slp
|move|p1a: Gardevoir|Sleep Talk|p1a: Gardevoir
|move|p1a: Gardevoir|Rest|p1a: Gardevoir|[from]Sleep Talk
|-fail|p1a: Gardevoir
|
|turn|68
|
|cant|p1a: Gardevoir|slp
|move|p1a: Gardevoir|Sleep Talk|p1a: Gardevoir
|move|p1a: Gardevoir|Rest|p1a: Gardevoir|[from]Sleep Talk
|-fail|p1a: Gardevoir
|move|p2a: Swagsire|Haze|p2a: Swagsire
|-clearallboost
|
|turn|69
|
|switch|p2a: Queen of Twerk|Chansey, F|628\/704
|-curestatus|p1a: Gardevoir|slp
|move|p1a: Gardevoir|Draining Kiss|p2a: Queen of Twerk
|-damage|p2a: Queen of Twerk|561\/704
|-heal|p1a: Gardevoir|291\/340|[from] drain|[of] p2a: Queen of Twerk
|
|turn|70
|
|move|p1a: Gardevoir|Calm Mind|p1a: Gardevoir
|-boost|p1a: Gardevoir|spa|1
|-boost|p1a: Gardevoir|spd|1
|move|p2a: Queen of Twerk|Toxic|p1a: Gardevoir
|-status|p1a: Gardevoir|tox
|
|-damage|p1a: Gardevoir|270\/340 tox|[from] psn
|turn|71
|
|move|p1a: Gardevoir|Calm Mind|p1a: Gardevoir
|-boost|p1a: Gardevoir|spa|1
|-boost|p1a: Gardevoir|spd|1
|move|p2a: Queen of Twerk|Seismic Toss|p1a: Gardevoir
|-damage|p1a: Gardevoir|170\/340 tox
|
|-damage|p1a: Gardevoir|128\/340 tox|[from] psn
|turn|72
|
|switch|p2a: Swagsire|Quagsire, M|394\/394
|move|p1a: Gardevoir|Draining Kiss|p2a: Swagsire
|-damage|p2a: Swagsire|244\/394
|-heal|p1a: Gardevoir|241\/340 tox|[from] drain|[of] p2a: Swagsire
|
|-heal|p2a: Swagsire|268\/394|[from] item: Leftovers
|-damage|p1a: Gardevoir|178\/340 tox|[from] psn
|turn|73
|
|move|p1a: Gardevoir|Draining Kiss|p2a: Swagsire
|-damage|p2a: Swagsire|109\/394
|-heal|p1a: Gardevoir|298\/340 tox|[from] drain|[of] p2a: Swagsire
|move|p2a: Swagsire|Earthquake|p1a: Gardevoir
|-immune|p1a: Gardevoir|[msg]
|
|-heal|p2a: Swagsire|133\/394|[from] item: Leftovers
|-damage|p1a: Gardevoir|214\/340 tox|[from] psn
|turn|74
|c|âmuch professional|lol...
|
|move|p1a: Gardevoir|Draining Kiss|p2a: Swagsire
|-damage|p2a: Swagsire|0 fnt
|-heal|p1a: Gardevoir|314\/340 tox|[from] drain|[of] p2a: Swagsire
|faint|p2a: Swagsire
|
|-damage|p1a: Gardevoir|209\/340 tox|[from] psn
|-message|SEXY GAMER DOG forfeited.
|
|win|much professional
|raw|Ladder updating...
|leave|SEXY GAMER DOG
|player|p2
|raw|much professional's rating: 1731 &rarr; <strong>1747<\/strong><br \/>(+16 for winning)
|raw|SEXY GAMER DOG's rating: 1661 &rarr; <strong>1645<\/strong><br \/>(-16 for losing)