|join|lil manaphy
|join|SEXY GAMER DOG
|player|p1|lil manaphy|6
|player|p2|SEXY GAMER DOG|275
|gametype|singles
|gen|6
|tier|OU
|rated
|clearpoke
|poke|p1|Scizor, M
|poke|p1|Gothitelle, M
|poke|p1|Chansey, F
|poke|p1|Alomomola, M
|poke|p1|Cresselia, F
|poke|p1|Zapdos
|poke|p2|Skarmory, F
|poke|p2|Chansey, F
|poke|p2|Charizard, M
|poke|p2|Amoonguss, F
|poke|p2|Quagsire, M
|poke|p2|Gothitelle, F
|rule|Swagger Clause: Swagger is banned
|rule|Baton Pass Clause: Limit one PokÃ©mon knowing Baton Pass
|rule|Sleep Clause Mod: Limit one foe put to sleep
|rule|Species Clause: Limit one of each PokÃ©mon
|rule|OHKO Clause: OHKO moves are banned
|rule|Moody Clause: Moody is banned
|rule|Evasion Moves Clause: Evasion moves are banned
|rule|Endless Battle Clause: Forcing endless battles is banned
|rule|HP Percentage Mod: HP is shown in percentages
|teampreview
|
|start
|switch|p1a: Zapdos|Zapdos|384\/384
|switch|p2a: Manzard|Charizard, M|323\/323
|-ability|p1a: Zapdos|Pressure
|turn|1
|
|detailschange|p2a: Manzard|Charizard-Mega-Y, M
|message|Charizard has Mega Evolved into Mega Charizard!
|-weather|SunnyDay
|move|p2a: Manzard|Flamethrower|p1a: Zapdos
|-damage|p1a: Zapdos|41\/384
|move|p1a: Zapdos|Volt Switch|p2a: Manzard
|-supereffective|p2a: Manzard
|-damage|p2a: Manzard|135\/323
|
|switch|p1a: Cresselia|Cresselia, F|444\/444
|
|-weather|SunnyDay|[upkeep]
|turn|2
|
|move|p2a: Manzard|Roost|p2a: Manzard
|-heal|p2a: Manzard|297\/323
|move|p1a: Cresselia|Psyshock|p2a: Manzard
|-damage|p2a: Manzard|204\/323
|
|-weather|SunnyDay|[upkeep]
|turn|3
|join|Alldaalts
|
|move|p2a: Manzard|Flamethrower|p1a: Cresselia
|-damage|p1a: Cresselia|263\/444
|move|p1a: Cresselia|Psyshock|p2a: Manzard
|-damage|p2a: Manzard|111\/323
|
|-weather|SunnyDay|[upkeep]
|-heal|p1a: Cresselia|290\/444|[from] item: Leftovers
|turn|4
|
|move|p2a: Manzard|Roost|p2a: Manzard
|-heal|p2a: Manzard|273\/323
|move|p1a: Cresselia|Psyshock|p2a: Manzard
|-damage|p2a: Manzard|183\/323
|
|-weather|SunnyDay|[upkeep]
|-heal|p1a: Cresselia|317\/444|[from] item: Leftovers
|turn|5
|
|move|p2a: Manzard|Roost|p2a: Manzard
|-heal|p2a: Manzard|323\/323
|move|p1a: Cresselia|Moonlight|p1a: Cresselia
|-heal|p1a: Cresselia|444\/444
|
|-weather|none
|turn|6
|
|switch|p2a: Gothitelletubby|Gothitelle, F|344\/344
|move|p1a: Cresselia|Skill Swap|p2a: Gothitelletubby
|-activate|p1a: Cresselia|move: Skill Swap|Shadow Tag|Levitate|[of] p2a: Gothitelletubby
|
|turn|7
|
|switch|p1a: Gothitelle|Gothitelle, M|301\/301
|move|p2a: Gothitelletubby|Taunt|p1a: Gothitelle
|-start|p1a: Gothitelle|move: Taunt
|
|turn|8
|
|move|p1a: Gothitelle|Psychic|p2a: Gothitelletubby
|-resisted|p2a: Gothitelletubby
|-damage|p2a: Gothitelletubby|286\/344
|move|p2a: Gothitelletubby|Taunt|p1a: Gothitelle
|-fail|p1a: Gothitelle
|
|turn|9
|
|move|p1a: Gothitelle|Psychic|p2a: Gothitelletubby
|-resisted|p2a: Gothitelletubby
|-damage|p2a: Gothitelletubby|229\/344
|move|p2a: Gothitelletubby|Taunt|p1a: Gothitelle
|-fail|p1a: Gothitelle
|
|turn|10
|
|move|p1a: Gothitelle|Psychic|p2a: Gothitelletubby
|-resisted|p2a: Gothitelletubby
|-damage|p2a: Gothitelletubby|174\/344
|move|p2a: Gothitelletubby|Taunt|p1a: Gothitelle
|-fail|p1a: Gothitelle
|
|-end|p1a: Gothitelle|move: Taunt
|turn|11
|join|nine point eight
|
|move|p1a: Gothitelle|Psychic|p2a: Gothitelletubby
|-resisted|p2a: Gothitelletubby
|-damage|p2a: Gothitelletubby|111\/344
|move|p2a: Gothitelletubby|Taunt|p1a: Gothitelle
|-start|p1a: Gothitelle|move: Taunt
|
|turn|12
|
|move|p1a: Gothitelle|Psychic|p2a: Gothitelletubby
|-resisted|p2a: Gothitelletubby
|-damage|p2a: Gothitelletubby|52\/344
|move|p2a: Gothitelletubby|Taunt|p1a: Gothitelle
|-fail|p1a: Gothitelle
|
|turn|13
|
|move|p1a: Gothitelle|Psychic|p2a: Gothitelletubby
|-resisted|p2a: Gothitelletubby
|-damage|p2a: Gothitelletubby|0 fnt
|faint|p2a: Gothitelletubby
|
|
|switch|p2a: Manzard|Charizard-Mega-Y, M|323\/323
|-weather|SunnyDay
|turn|14
|
|switch|p1a: Chansey|Chansey, F|704\/704
|move|p2a: Manzard|Flamethrower|p1a: Chansey
|-damage|p1a: Chansey|509\/704
|
|-weather|SunnyDay|[upkeep]
|turn|15
|
|move|p2a: Manzard|Focus Blast|p1a: Chansey
|-supereffective|p1a: Chansey
|-damage|p1a: Chansey|275\/704
|move|p1a: Chansey|Soft-Boiled|p1a: Chansey
|-heal|p1a: Chansey|627\/704
|
|-weather|SunnyDay|[upkeep]
|turn|16
|
|move|p2a: Manzard|Focus Blast|p1a: Chansey|[miss]
|-miss|p2a: Manzard|p1a: Chansey
|move|p1a: Chansey|Toxic|p2a: Manzard
|-status|p2a: Manzard|tox
|
|-weather|SunnyDay|[upkeep]
|-damage|p2a: Manzard|303\/323 tox|[from] psn
|turn|17
|leave|nine point eight
|leave|SEXY GAMER DOG
|player|p2
|-message|sexygamerdog lost due to inactivity.
|
|win|lil manaphy
|raw|Ladder updating...
|raw|lil manaphy's rating: 1975 &rarr; <strong>1983<\/strong><br \/>(+8 for winning)
|raw|SEXY GAMER DOG's rating: 1737 &rarr; <strong>1728<\/strong><br \/>(-9 for losing)