|join|SEXY GAMER DOG
|join|My Final Bullet
|player|p1|SEXY GAMER DOG|275
|player|p2|My Final Bullet|165
|gametype|singles
|gen|6
|tier|OU
|rated
|clearpoke
|poke|p1|Gothitelle, F
|poke|p1|Skarmory, F
|poke|p1|Chansey, F
|poke|p1|Quagsire, M
|poke|p1|Amoonguss, F
|poke|p1|Charizard, F
|poke|p2|Conkeldurr, F
|poke|p2|Gengar, M
|poke|p2|Crawdaunt, M
|poke|p2|Manectric, M
|poke|p2|Landorus-Therian, M
|poke|p2|Ferrothorn, M
|rule|Swagger Clause: Swagger is banned
|rule|Baton Pass Clause: Limit one PokÃ©mon knowing Baton Pass
|rule|Sleep Clause Mod: Limit one foe put to sleep
|rule|Species Clause: Limit one of each PokÃ©mon
|rule|OHKO Clause: OHKO moves are banned
|rule|Moody Clause: Moody is banned
|rule|Evasion Moves Clause: Evasion moves are banned
|rule|Endless Battle Clause: Forcing endless battles is banned
|rule|HP Percentage Mod: HP is shown in percentages
|teampreview
|
|start
|switch|p1a: Quagmire|Quagsire, M|394\/394
|switch|p2a: Ferrothorn|Ferrothorn, M|352\/352
|turn|1
|
|switch|p1a: Gothitelletubby|Gothitelle, F|344\/344
|move|p2a: Ferrothorn|Stealth Rock|p1a: Gothitelletubby
|-sidestart|p1: SEXY GAMER DOG|move: Stealth Rock
|
|turn|2
|
|move|p1a: Gothitelletubby|Trick|p2a: Ferrothorn
|-activate|p1a: Gothitelletubby|move: Trick|[of] p2a: Ferrothorn
|-item|p2a: Ferrothorn|Choice Scarf|[from] move: Trick
|-item|p1a: Gothitelletubby|Leftovers|[from] move: Trick
|move|p2a: Ferrothorn|Leech Seed|p1a: Gothitelletubby
|-start|p1a: Gothitelletubby|move: Leech Seed
|
|-damage|p1a: Gothitelletubby|301\/344|[from] Leech Seed|[of] p2a: Ferrothorn
|turn|3
|
|move|p1a: Gothitelletubby|Taunt|p2a: Ferrothorn
|-start|p2a: Ferrothorn|move: Taunt
|cant|p2a: Ferrothorn|move: Taunt|Leech Seed
|
|-heal|p1a: Gothitelletubby|322\/344|[from] item: Leftovers
|-damage|p1a: Gothitelletubby|279\/344|[from] Leech Seed|[of] p2a: Ferrothorn
|turn|4
|
|move|p1a: Gothitelletubby|Psychic|p2a: Ferrothorn
|-resisted|p2a: Ferrothorn
|-damage|p2a: Ferrothorn|311\/352
|-activate|p2a: Ferrothorn|move: Struggle
|move|p2a: Ferrothorn|Struggle|p1a: Gothitelletubby
|-damage|p1a: Gothitelletubby|246\/344
|-damage|p2a: Ferrothorn|223\/352
|
|-heal|p1a: Gothitelletubby|267\/344|[from] item: Leftovers
|-damage|p1a: Gothitelletubby|224\/344|[from] Leech Seed|[of] p2a: Ferrothorn
|-heal|p2a: Ferrothorn|266\/352|[silent]
|turn|5
|
|move|p1a: Gothitelletubby|Psychic|p2a: Ferrothorn
|-resisted|p2a: Ferrothorn
|-damage|p2a: Ferrothorn|224\/352
|-unboost|p2a: Ferrothorn|spd|1
|-activate|p2a: Ferrothorn|move: Struggle
|move|p2a: Ferrothorn|Struggle|p1a: Gothitelletubby
|-damage|p1a: Gothitelletubby|188\/344
|-damage|p2a: Ferrothorn|136\/352
|
|-heal|p1a: Gothitelletubby|209\/344|[from] item: Leftovers
|-damage|p1a: Gothitelletubby|166\/344|[from] Leech Seed|[of] p2a: Ferrothorn
|-heal|p2a: Ferrothorn|179\/352|[silent]
|-end|p2a: Ferrothorn|move: Taunt
|turn|6
|
|move|p1a: Gothitelletubby|Psychic|p2a: Ferrothorn
|-resisted|p2a: Ferrothorn
|-damage|p2a: Ferrothorn|113\/352
|move|p2a: Ferrothorn|Leech Seed|p1a: Gothitelletubby
|-fail|p1a: Gothitelletubby
|
|-heal|p1a: Gothitelletubby|187\/344|[from] item: Leftovers
|-damage|p1a: Gothitelletubby|144\/344|[from] Leech Seed|[of] p2a: Ferrothorn
|-heal|p2a: Ferrothorn|156\/352|[silent]
|turn|7
|
|move|p1a: Gothitelletubby|Taunt|p2a: Ferrothorn
|-start|p2a: Ferrothorn|move: Taunt
|cant|p2a: Ferrothorn|move: Taunt|Leech Seed
|
|-heal|p1a: Gothitelletubby|165\/344|[from] item: Leftovers
|-damage|p1a: Gothitelletubby|122\/344|[from] Leech Seed|[of] p2a: Ferrothorn
|-heal|p2a: Ferrothorn|199\/352|[silent]
|turn|8
|
|move|p1a: Gothitelletubby|Rest|p1a: Gothitelletubby
|-status|p1a: Gothitelletubby|slp
|-heal|p1a: Gothitelletubby|344\/344 slp|[silent]
|-status|p1a: Gothitelletubby|slp|[from] move: Rest
|-activate|p2a: Ferrothorn|move: Struggle
|move|p2a: Ferrothorn|Struggle|p1a: Gothitelletubby
|-damage|p1a: Gothitelletubby|308\/344 slp
|-damage|p2a: Ferrothorn|111\/352
|
|-heal|p1a: Gothitelletubby|329\/344 slp|[from] item: Leftovers
|-damage|p1a: Gothitelletubby|286\/344 slp|[from] Leech Seed|[of] p2a: Ferrothorn
|-heal|p2a: Ferrothorn|154\/352|[silent]
|turn|9
|
|cant|p1a: Gothitelletubby|slp
|-activate|p2a: Ferrothorn|move: Struggle
|move|p2a: Ferrothorn|Struggle|p1a: Gothitelletubby
|-damage|p1a: Gothitelletubby|251\/344 slp
|-damage|p2a: Ferrothorn|66\/352
|
|-heal|p1a: Gothitelletubby|272\/344 slp|[from] item: Leftovers
|-damage|p1a: Gothitelletubby|229\/344 slp|[from] Leech Seed|[of] p2a: Ferrothorn
|-heal|p2a: Ferrothorn|109\/352|[silent]
|-end|p2a: Ferrothorn|move: Taunt
|turn|10
|
|cant|p1a: Gothitelletubby|slp
|move|p2a: Ferrothorn|Leech Seed|p1a: Gothitelletubby|[miss]
|-miss|p2a: Ferrothorn|p1a: Gothitelletubby
|
|-heal|p1a: Gothitelletubby|250\/344 slp|[from] item: Leftovers
|-damage|p1a: Gothitelletubby|207\/344 slp|[from] Leech Seed|[of] p2a: Ferrothorn
|-heal|p2a: Ferrothorn|152\/352|[silent]
|turn|11
|
|-curestatus|p1a: Gothitelletubby|slp
|move|p1a: Gothitelletubby|Psychic|p2a: Ferrothorn
|-resisted|p2a: Ferrothorn
|-damage|p2a: Ferrothorn|86\/352
|move|p2a: Ferrothorn|Leech Seed|p1a: Gothitelletubby
|-fail|p1a: Gothitelletubby
|
|-heal|p1a: Gothitelletubby|228\/344|[from] item: Leftovers
|-damage|p1a: Gothitelletubby|185\/344|[from] Leech Seed|[of] p2a: Ferrothorn
|-heal|p2a: Ferrothorn|129\/352|[silent]
|turn|12
|
|move|p1a: Gothitelletubby|Taunt|p2a: Ferrothorn
|-start|p2a: Ferrothorn|move: Taunt
|cant|p2a: Ferrothorn|move: Taunt|Leech Seed
|
|-heal|p1a: Gothitelletubby|206\/344|[from] item: Leftovers
|-damage|p1a: Gothitelletubby|163\/344|[from] Leech Seed|[of] p2a: Ferrothorn
|-heal|p2a: Ferrothorn|172\/352|[silent]
|turn|13
|
|move|p1a: Gothitelletubby|Psychic|p2a: Ferrothorn
|-resisted|p2a: Ferrothorn
|-damage|p2a: Ferrothorn|108\/352
|-activate|p2a: Ferrothorn|move: Struggle
|move|p2a: Ferrothorn|Struggle|p1a: Gothitelletubby
|-damage|p1a: Gothitelletubby|128\/344
|-damage|p2a: Ferrothorn|20\/352
|
|-heal|p1a: Gothitelletubby|149\/344|[from] item: Leftovers
|-damage|p1a: Gothitelletubby|106\/344|[from] Leech Seed|[of] p2a: Ferrothorn
|-heal|p2a: Ferrothorn|63\/352|[silent]
|turn|14
|
|move|p1a: Gothitelletubby|Rest|p1a: Gothitelletubby
|-status|p1a: Gothitelletubby|slp
|-heal|p1a: Gothitelletubby|344\/344 slp|[silent]
|-status|p1a: Gothitelletubby|slp|[from] move: Rest
|-activate|p2a: Ferrothorn|move: Struggle
|move|p2a: Ferrothorn|Struggle|p1a: Gothitelletubby
|-damage|p1a: Gothitelletubby|312\/344 slp
|-damage|p2a: Ferrothorn|0 fnt
|faint|p2a: Ferrothorn
|
|-heal|p1a: Gothitelletubby|333\/344 slp|[from] item: Leftovers
|
|switch|p2a: Crawdaunt|Crawdaunt, M|269\/269
|turn|15
|
|cant|p1a: Gothitelletubby|slp
|move|p2a: Crawdaunt|Knock Off|p1a: Gothitelletubby
|-supereffective|p1a: Gothitelletubby
|-damage|p1a: Gothitelletubby|0 fnt
|-enditem|p1a: Gothitelletubby|Leftovers|[from] move: Knock Off|[of] p2a: Crawdaunt
|-damage|p2a: Crawdaunt|243\/269|[from] item: Life Orb
|faint|p1a: Gothitelletubby
|
|
|switch|p1a: Metal Head|Skarmory, F|334\/334
|-damage|p1a: Metal Head|293\/334|[from] Stealth Rock
|turn|16
|
|move|p2a: Crawdaunt|Swords Dance|p2a: Crawdaunt
|-boost|p2a: Crawdaunt|atk|2
|move|p1a: Metal Head|Defog|p2a: Crawdaunt
|-unboost|p2a: Crawdaunt|evasion|1
|-sideend|p1: SEXY GAMER DOG|Stealth Rock|[from] move: Defog|[of] p1a: Metal Head
|
|-heal|p1a: Metal Head|313\/334|[from] item: Leftovers
|turn|17
|
|move|p2a: Crawdaunt|Knock Off|p1a: Metal Head
|-damage|p1a: Metal Head|0 fnt
|-enditem|p1a: Metal Head|Leftovers|[from] move: Knock Off|[of] p2a: Crawdaunt
|-damage|p2a: Crawdaunt|217\/269|[from] item: Life Orb
|faint|p1a: Metal Head
|
|
|switch|p1a: Quagmire|Quagsire, M|394\/394
|turn|18
|
|switch|p2a: Conkeldurr|Conkeldurr, F|351\/351
|move|p1a: Quagmire|Recover|p1a: Quagmire
|-fail|p1a: Quagmire
|
|turn|19
|
|switch|p1a: Manzard|Charizard, F|323\/323
|move|p2a: Conkeldurr|Poison Jab|p1a: Manzard
|-damage|p1a: Manzard|192\/323
|
|turn|20
|
|detailschange|p1a: Manzard|Charizard-Mega-Y, F
|message|Charizard has Mega Evolved into Mega Charizard!
|-weather|SunnyDay
|move|p1a: Manzard|Flamethrower|p2a: Conkeldurr
|-damage|p2a: Conkeldurr|137\/351
|move|p2a: Conkeldurr|Poison Jab|p1a: Manzard
|-damage|p1a: Manzard|63\/323
|
|-weather|SunnyDay|[upkeep]
|turn|21
|
|switch|p2a: Landorus-Therian|Landorus-Therian, M|318\/318
|-ability|p2a: Landorus-Therian|Intimidate|[of] p1a: Manzard
|-unboost|p1a: Manzard|atk|1
|move|p1a: Manzard|Roost|p1a: Manzard
|-heal|p1a: Manzard|225\/323
|
|-weather|SunnyDay|[upkeep]
|turn|22
|
|switch|p1a: Quagmire|Quagsire, M|394\/394
|move|p2a: Landorus-Therian|U-turn|p1a: Quagmire
|-damage|p1a: Quagmire|322\/394
|
|switch|p2a: Conkeldurr|Conkeldurr, F|137\/351
|
|-weather|SunnyDay|[upkeep]
|-heal|p1a: Quagmire|346\/394|[from] item: Leftovers
|turn|23
|
|switch|p1a: Manzard|Charizard-Mega-Y, F|225\/323
|move|p2a: Conkeldurr|Drain Punch|p1a: Manzard
|-resisted|p1a: Manzard
|-damage|p1a: Manzard|131\/323
|-heal|p2a: Conkeldurr|184\/351|[from] drain|[of] p1a: Manzard
|
|-weather|SunnyDay|[upkeep]
|turn|24
|
|move|p1a: Manzard|Flamethrower|p2a: Conkeldurr
|-damage|p2a: Conkeldurr|0 fnt
|faint|p2a: Conkeldurr
|
|-weather|none
|
|switch|p2a: Crawdaunt|Crawdaunt, M|217\/269
|turn|25
|
|switch|p1a: Quagmire|Quagsire, M|346\/394
|move|p2a: Crawdaunt|Swords Dance|p2a: Crawdaunt
|-boost|p2a: Crawdaunt|atk|2
|
|-heal|p1a: Quagmire|370\/394|[from] item: Leftovers
|turn|26
|
|switch|p2a: Gengar|Gengar, M|268\/268
|move|p1a: Quagmire|Recover|p1a: Quagmire
|-heal|p1a: Quagmire|394\/394
|
|turn|27
|
|switch|p1a: Grasshole|Amoonguss, F|432\/432
|move|p2a: Gengar|Hex|p1a: Grasshole
|-damage|p1a: Grasshole|341\/432
|
|-heal|p1a: Grasshole|368\/432|[from] item: Black Sludge
|turn|28
|
|move|p2a: Gengar|Substitute|p2a: Gengar
|-start|p2a: Gengar|Substitute
|-damage|p2a: Gengar|201\/268
|move|p1a: Grasshole|Spore|p2a: Gengar
|
|-heal|p2a: Gengar|217\/268|[from] item: Black Sludge
|-heal|p1a: Grasshole|395\/432|[from] item: Black Sludge
|turn|29
|
|move|p2a: Gengar|Will-O-Wisp|p1a: Grasshole
|-status|p1a: Grasshole|brn
|move|p1a: Grasshole|Hidden Power|p2a: Gengar
|-activate|p2a: Gengar|Substitute|[damage]
|
|-heal|p2a: Gengar|233\/268|[from] item: Black Sludge
|-heal|p1a: Grasshole|422\/432 brn|[from] item: Black Sludge
|-damage|p1a: Grasshole|368\/432 brn|[from] brn
|turn|30
|
|move|p2a: Gengar|Taunt|p1a: Grasshole
|-start|p1a: Grasshole|move: Taunt
|move|p1a: Grasshole|Hidden Power|p2a: Gengar
|-crit|p2a: Gengar
|-end|p2a: Gengar|Substitute
|
|-heal|p2a: Gengar|249\/268|[from] item: Black Sludge
|-heal|p1a: Grasshole|395\/432 brn|[from] item: Black Sludge
|-damage|p1a: Grasshole|341\/432 brn|[from] brn
|turn|31
|
|move|p2a: Gengar|Hex|p1a: Grasshole
|-damage|p1a: Grasshole|163\/432 brn
|move|p1a: Grasshole|Hidden Power|p2a: Gengar
|-damage|p2a: Gengar|203\/268
|
|-heal|p2a: Gengar|219\/268|[from] item: Black Sludge
|-heal|p1a: Grasshole|190\/432 brn|[from] item: Black Sludge
|-damage|p1a: Grasshole|136\/432 brn|[from] brn
|turn|32
|
|switch|p1a: Queen of Twerk|Chansey, F|704\/704
|move|p2a: Gengar|Substitute|p2a: Gengar
|-start|p2a: Gengar|Substitute
|-damage|p2a: Gengar|152\/268
|
|-heal|p2a: Gengar|168\/268|[from] item: Black Sludge
|turn|33
|
|switch|p1a: Manzard|Charizard-Mega-Y, F|131\/323
|-weather|SunnyDay
|move|p2a: Gengar|Will-O-Wisp|p1a: Manzard
|-fail|p1a: Manzard
|
|-weather|SunnyDay|[upkeep]
|-heal|p2a: Gengar|184\/268|[from] item: Black Sludge
|turn|34
|
|move|p2a: Gengar|Taunt|p1a: Manzard
|-start|p1a: Manzard|move: Taunt
|cant|p1a: Manzard|move: Taunt|Roost
|
|-weather|SunnyDay|[upkeep]
|-heal|p2a: Gengar|200\/268|[from] item: Black Sludge
|turn|35
|
|switch|p1a: Grasshole|Amoonguss, F|280\/432 brn
|move|p2a: Gengar|Hex|p1a: Grasshole
|-damage|p1a: Grasshole|90\/432 brn
|
|-weather|SunnyDay|[upkeep]
|-heal|p2a: Gengar|216\/268|[from] item: Black Sludge
|-heal|p1a: Grasshole|117\/432 brn|[from] item: Black Sludge
|-damage|p1a: Grasshole|63\/432 brn|[from] brn
|turn|36
|
|switch|p1a: Queen of Twerk|Chansey, F|704\/704
|move|p2a: Gengar|Hex|p1a: Queen of Twerk
|-immune|p1a: Queen of Twerk|[msg]
|
|-weather|SunnyDay|[upkeep]
|-heal|p2a: Gengar|232\/268|[from] item: Black Sludge
|turn|37
|
|move|p2a: Gengar|Taunt|p1a: Queen of Twerk
|-start|p1a: Queen of Twerk|move: Taunt
|move|p1a: Queen of Twerk|Seismic Toss|p2a: Gengar
|-immune|p2a: Gengar|[msg]
|
|-weather|none
|-heal|p2a: Gengar|248\/268|[from] item: Black Sludge
|turn|38
|
|move|p2a: Gengar|Hex|p1a: Queen of Twerk
|-immune|p1a: Queen of Twerk|[msg]
|move|p1a: Queen of Twerk|Seismic Toss|p2a: Gengar
|-immune|p2a: Gengar|[msg]
|
|-heal|p2a: Gengar|264\/268|[from] item: Black Sludge
|turn|39
|
|move|p2a: Gengar|Will-O-Wisp|p1a: Queen of Twerk
|-status|p1a: Queen of Twerk|brn
|move|p1a: Queen of Twerk|Seismic Toss|p2a: Gengar
|-immune|p2a: Gengar|[msg]
|
|-heal|p2a: Gengar|268\/268|[from] item: Black Sludge
|-damage|p1a: Queen of Twerk|616\/704 brn|[from] brn
|-end|p1a: Queen of Twerk|move: Taunt
|turn|40
|
|move|p2a: Gengar|Taunt|p1a: Queen of Twerk
|-start|p1a: Queen of Twerk|move: Taunt
|cant|p1a: Queen of Twerk|move: Taunt|Heal Bell
|
|-damage|p1a: Queen of Twerk|528\/704 brn|[from] brn
|turn|41
|
|move|p2a: Gengar|Hex|p1a: Queen of Twerk
|-immune|p1a: Queen of Twerk|[msg]
|move|p1a: Queen of Twerk|Seismic Toss|p2a: Gengar
|-immune|p2a: Gengar|[msg]
|
|-damage|p1a: Queen of Twerk|440\/704 brn|[from] brn
|turn|42
|
|switch|p1a: Grasshole|Amoonguss, F|207\/432 brn
|move|p2a: Gengar|Hex|p1a: Grasshole
|-damage|p1a: Grasshole|36\/432 brn
|
|-heal|p1a: Grasshole|63\/432 brn|[from] item: Black Sludge
|-damage|p1a: Grasshole|9\/432 brn|[from] brn
|turn|43
|
|switch|p1a: Queen of Twerk|Chansey, F|440\/704
|move|p2a: Gengar|Hex|p1a: Queen of Twerk
|-immune|p1a: Queen of Twerk|[msg]
|
|turn|44
|
|switch|p1a: Grasshole|Amoonguss, F|153\/432 brn
|move|p2a: Gengar|Taunt|p1a: Grasshole
|-start|p1a: Grasshole|move: Taunt
|
|-heal|p1a: Grasshole|180\/432 brn|[from] item: Black Sludge
|-damage|p1a: Grasshole|126\/432 brn|[from] brn
|turn|45
|
|switch|p1a: Queen of Twerk|Chansey, F|440\/704
|move|p2a: Gengar|Will-O-Wisp|p1a: Queen of Twerk|[miss]
|-miss|p2a: Gengar|p1a: Queen of Twerk
|
|turn|46
|
|move|p2a: Gengar|Taunt|p1a: Queen of Twerk
|-start|p1a: Queen of Twerk|move: Taunt
|cant|p1a: Queen of Twerk|move: Taunt|Heal Bell
|
|turn|47
|
|move|p2a: Gengar|Hex|p1a: Queen of Twerk
|-immune|p1a: Queen of Twerk|[msg]
|move|p1a: Queen of Twerk|Seismic Toss|p2a: Gengar
|-immune|p2a: Gengar|[msg]
|
|turn|48
|
|switch|p1a: Grasshole|Amoonguss, F|270\/432 brn
|move|p2a: Gengar|Will-O-Wisp|p1a: Grasshole
|-fail|p1a: Grasshole|brn
|
|-heal|p1a: Grasshole|297\/432 brn|[from] item: Black Sludge
|-damage|p1a: Grasshole|243\/432 brn|[from] brn
|turn|49
|
|switch|p1a: Queen of Twerk|Chansey, F|440\/704
|move|p2a: Gengar|Hex|p1a: Queen of Twerk
|-immune|p1a: Queen of Twerk|[msg]
|
|turn|50
|
|move|p2a: Gengar|Taunt|p1a: Queen of Twerk
|-start|p1a: Queen of Twerk|move: Taunt
|cant|p1a: Queen of Twerk|move: Taunt|Soft-Boiled
|
|turn|51
|
|move|p2a: Gengar|Will-O-Wisp|p1a: Queen of Twerk
|-status|p1a: Queen of Twerk|brn
|move|p1a: Queen of Twerk|Seismic Toss|p2a: Gengar
|-immune|p2a: Gengar|[msg]
|
|-damage|p1a: Queen of Twerk|352\/704 brn|[from] brn
|turn|52
|
|switch|p1a: Grasshole|Amoonguss, F|387\/432 brn
|move|p2a: Gengar|Hex|p1a: Grasshole
|-damage|p1a: Grasshole|209\/432 brn
|
|-heal|p1a: Grasshole|236\/432 brn|[from] item: Black Sludge
|-damage|p1a: Grasshole|182\/432 brn|[from] brn
|turn|53
|
|switch|p1a: Queen of Twerk|Chansey, F|352\/704
|move|p2a: Gengar|Will-O-Wisp|p1a: Queen of Twerk
|-status|p1a: Queen of Twerk|brn
|
|-damage|p1a: Queen of Twerk|264\/704 brn|[from] brn
|turn|54
|
|switch|p1a: Grasshole|Amoonguss, F|326\/432 brn
|move|p2a: Gengar|Taunt|p1a: Grasshole
|-start|p1a: Grasshole|move: Taunt
|
|-heal|p1a: Grasshole|353\/432 brn|[from] item: Black Sludge
|-damage|p1a: Grasshole|299\/432 brn|[from] brn
|turn|55
|
|switch|p1a: Manzard|Charizard-Mega-Y, F|131\/323
|-weather|SunnyDay
|move|p2a: Gengar|Hex|p1a: Manzard
|-crit|p1a: Manzard
|-damage|p1a: Manzard|0 fnt
|faint|p1a: Manzard
|
|-weather|SunnyDay|[upkeep]
|
|switch|p1a: Grasshole|Amoonguss, F|432\/432 brn
|turn|56
|
|move|p2a: Gengar|Hex|p1a: Grasshole
|-damage|p1a: Grasshole|255\/432 brn
|move|p1a: Grasshole|Hidden Power|p2a: Gengar
|-crit|p2a: Gengar
|-end|p2a: Gengar|Substitute
|
|-weather|SunnyDay|[upkeep]
|-heal|p1a: Grasshole|282\/432 brn|[from] item: Black Sludge
|-damage|p1a: Grasshole|228\/432 brn|[from] brn
|turn|57
|
|move|p2a: Gengar|Taunt|p1a: Grasshole
|-start|p1a: Grasshole|move: Taunt
|cant|p1a: Grasshole|move: Taunt|Spore
|
|-weather|SunnyDay|[upkeep]
|-heal|p1a: Grasshole|255\/432 brn|[from] item: Black Sludge
|-damage|p1a: Grasshole|201\/432 brn|[from] brn
|turn|58
|
|switch|p1a: Queen of Twerk|Chansey, F|264\/704
|move|p2a: Gengar|Will-O-Wisp|p1a: Queen of Twerk
|-status|p1a: Queen of Twerk|brn
|
|-weather|SunnyDay|[upkeep]
|-damage|p1a: Queen of Twerk|176\/704 brn|[from] brn
|turn|59
|-message|SEXY GAMER DOG forfeited.
|leave|SEXY GAMER DOG
|
|switch|p1a: Grasshole|Amoonguss, F|345\/432 brn
|move|p2a: Gengar|Taunt|p1a: Grasshole
|-start|p1a: Grasshole|move: Taunt
|
|-weather|none
|-heal|p1a: Grasshole|372\/432 brn|[from] item: Black Sludge
|-damage|p1a: Grasshole|318\/432 brn|[from] brn
|turn|60
|
|win|My Final Bullet
|raw|Ladder updating...
|player|p1
|raw|SEXY GAMER DOG's rating: 1780 &rarr; <strong>1760<\/strong><br \/>(-20 for losing)
|raw|My Final Bullet's rating: 1780 &rarr; <strong>1800<\/strong><br \/>(+20 for winning)