|join|icening
|join|SEXY GAMER DOG
|player|p1|icening|156
|player|p2|SEXY GAMER DOG|23
|gametype|singles
|gen|6
|tier|OU
|rated
|clearpoke
|poke|p1|Swampert, F
|poke|p1|Politoed, F
|poke|p1|Celebi
|poke|p1|Manaphy
|poke|p1|Klefki, M
|poke|p1|Magnezone, shiny
|poke|p2|Chansey, F
|poke|p2|Quagsire, F
|poke|p2|Skarmory, F
|poke|p2|Cresselia, F
|poke|p2|Sableye, F
|poke|p2|Gothitelle, F
|rule|Swagger Clause: Swagger is banned
|rule|Baton Pass Clause: Limit one PokÃ©mon knowing Baton Pass
|rule|Sleep Clause Mod: Limit one foe put to sleep
|rule|Species Clause: Limit one of each PokÃ©mon
|rule|OHKO Clause: OHKO moves are banned
|rule|Moody Clause: Moody is banned
|rule|Evasion Moves Clause: Evasion moves are banned
|rule|Endless Battle Clause: Forcing endless battles is banned
|rule|HP Percentage Mod: HP is shown in percentages
|teampreview
|c|âSEXY GAMER DOG|wait youre the same guy
|c|âSEXY GAMER DOG|wow your team looks 100x better this time lol
|
|start
|switch|p1a: Ollie|Politoed, F|384\/384
|switch|p2a: LE GEM XD|Sableye, F|304\/304
|-weather|RainDance
|turn|1
|c|âicening|this would be my serious team
|
|switch|p1a: Manaphy|Manaphy|341\/341
|switch|p2a: Gothitelletubby|Gothitelle, F|344\/344
|
|-weather|RainDance|[upkeep]
|turn|2
|
|switch|p1a: Celebi|Celebi|404\/404
|move|p2a: Gothitelletubby|Trick|p1a: Celebi
|-activate|p2a: Gothitelletubby|move: Trick|[of] p1a: Celebi
|-item|p1a: Celebi|Choice Scarf|[from] move: Trick
|-item|p2a: Gothitelletubby|Leftovers|[from] move: Trick
|
|-weather|RainDance|[upkeep]
|turn|3
|c|âSEXY GAMER DOG|makes sense
|
|switch|p2a: LE GEM XD|Sableye, F|304\/304
|move|p1a: Celebi|Healing Wish|p1a: Celebi
|faint|p1a: Celebi
|
|-weather|RainDance|[upkeep]
|
|switch|p1a: Manaphy|Manaphy|341\/341
|-heal|p1a: Manaphy|341\/341|[from] move: Healing Wish
|turn|4
|
|switch|p2a: Clutchsellia|Cresselia, F|444\/444
|move|p1a: Manaphy|Tail Glow|p1a: Manaphy
|-boost|p1a: Manaphy|spa|3
|
|-weather|RainDance|[upkeep]
|turn|5
|
|move|p1a: Manaphy|Scald|p2a: Clutchsellia
|-damage|p2a: Clutchsellia|131\/444
|move|p2a: Clutchsellia|Skill Swap|p1a: Manaphy
|-activate|p2a: Clutchsellia|move: Skill Swap|Hydration|Levitate|[of] p1a: Manaphy
|
|-weather|RainDance|[upkeep]
|-heal|p2a: Clutchsellia|158\/444|[from] item: Leftovers
|turn|6
|
|switch|p2a: Queen of Twerk|Chansey, F|704\/704
|move|p1a: Manaphy|Scald|p2a: Queen of Twerk
|-damage|p2a: Queen of Twerk|454\/704
|
|-weather|RainDance|[upkeep]
|turn|7
|
|switch|p1a: Sterling|Magnezone, shiny|282\/282
|move|p2a: Queen of Twerk|Soft-Boiled|p2a: Queen of Twerk
|-heal|p2a: Queen of Twerk|704\/704
|
|-weather|RainDance|[upkeep]
|turn|8
|
|switch|p2a: Swagsire|Quagsire, F|394\/394
|move|p1a: Sterling|Volt Switch|p2a: Swagsire
|-immune|p2a: Swagsire|[msg]
|
|-weather|none
|turn|9
|
|switch|p1a: Ollie|Politoed, F|384\/384
|-weather|RainDance
|switch|p2a: Gothitelletubby|Gothitelle, F|344\/344
|
|-weather|RainDance|[upkeep]
|turn|10
|
|move|p2a: Gothitelletubby|Psychic|p1a: Ollie
|-damage|p1a: Ollie|312\/384
|move|p1a: Ollie|Toxic|p2a: Gothitelletubby
|-status|p2a: Gothitelletubby|tox
|
|-weather|RainDance|[upkeep]
|-damage|p2a: Gothitelletubby|323\/344 tox|[from] psn
|turn|11
|
|move|p2a: Gothitelletubby|Taunt|p1a: Ollie
|-start|p1a: Ollie|move: Taunt
|move|p1a: Ollie|Scald|p2a: Gothitelletubby
|-damage|p2a: Gothitelletubby|221\/344 tox
|
|-weather|RainDance|[upkeep]
|-heal|p2a: Gothitelletubby|242\/344 tox|[from] item: Leftovers
|-damage|p2a: Gothitelletubby|200\/344 tox|[from] psn
|turn|12
|
|move|p2a: Gothitelletubby|Rest|p2a: Gothitelletubby
|-status|p2a: Gothitelletubby|slp
|-heal|p2a: Gothitelletubby|344\/344 slp|[silent]
|-status|p2a: Gothitelletubby|slp|[from] move: Rest
|move|p1a: Ollie|Scald|p2a: Gothitelletubby
|-damage|p2a: Gothitelletubby|242\/344 slp
|
|-weather|RainDance|[upkeep]
|-heal|p2a: Gothitelletubby|263\/344 slp|[from] item: Leftovers
|turn|13
|
|cant|p2a: Gothitelletubby|slp
|move|p1a: Ollie|Scald|p2a: Gothitelletubby
|-damage|p2a: Gothitelletubby|164\/344 slp
|
|-weather|RainDance|[upkeep]
|-heal|p2a: Gothitelletubby|185\/344 slp|[from] item: Leftovers
|-end|p1a: Ollie|move: Taunt
|turn|14
|
|cant|p2a: Gothitelletubby|slp
|move|p1a: Ollie|Encore|p2a: Gothitelletubby
|-start|p2a: Gothitelletubby|Encore
|
|-weather|RainDance|[upkeep]
|-heal|p2a: Gothitelletubby|206\/344 slp|[from] item: Leftovers
|turn|15
|
|-curestatus|p2a: Gothitelletubby|slp
|move|p2a: Gothitelletubby|Rest|p2a: Gothitelletubby
|-status|p2a: Gothitelletubby|slp
|-heal|p2a: Gothitelletubby|344\/344 slp|[silent]
|-status|p2a: Gothitelletubby|slp|[from] move: Rest
|move|p1a: Ollie|Scald|p2a: Gothitelletubby
|-damage|p2a: Gothitelletubby|239\/344 slp
|
|-weather|RainDance|[upkeep]
|-heal|p2a: Gothitelletubby|260\/344 slp|[from] item: Leftovers
|turn|16
|
|cant|p2a: Gothitelletubby|slp
|move|p1a: Ollie|Scald|p2a: Gothitelletubby
|-damage|p2a: Gothitelletubby|161\/344 slp
|
|-weather|none
|-heal|p2a: Gothitelletubby|182\/344 slp|[from] item: Leftovers
|turn|17
|
|cant|p2a: Gothitelletubby|slp
|move|p1a: Ollie|Scald|p2a: Gothitelletubby
|-damage|p2a: Gothitelletubby|107\/344 slp
|
|-heal|p2a: Gothitelletubby|128\/344 slp|[from] item: Leftovers
|-end|p2a: Gothitelletubby|Encore
|turn|18
|
|-curestatus|p2a: Gothitelletubby|slp
|move|p2a: Gothitelletubby|Taunt|p1a: Ollie
|-start|p1a: Ollie|move: Taunt
|cant|p1a: Ollie|move: Taunt|Encore
|
|-heal|p2a: Gothitelletubby|149\/344|[from] item: Leftovers
|turn|19
|
|move|p2a: Gothitelletubby|Psychic|p1a: Ollie
|-damage|p1a: Ollie|240\/384
|move|p1a: Ollie|Scald|p2a: Gothitelletubby
|-damage|p2a: Gothitelletubby|80\/344
|-status|p2a: Gothitelletubby|brn
|
|-heal|p2a: Gothitelletubby|101\/344 brn|[from] item: Leftovers
|-damage|p2a: Gothitelletubby|58\/344 brn|[from] brn
|turn|20
|
|move|p2a: Gothitelletubby|Rest|p2a: Gothitelletubby
|-status|p2a: Gothitelletubby|slp
|-heal|p2a: Gothitelletubby|344\/344 slp|[silent]
|-status|p2a: Gothitelletubby|slp|[from] move: Rest
|move|p1a: Ollie|Scald|p2a: Gothitelletubby
|-damage|p2a: Gothitelletubby|269\/344 slp
|
|-heal|p2a: Gothitelletubby|290\/344 slp|[from] item: Leftovers
|-end|p1a: Ollie|move: Taunt
|turn|21
|
|cant|p2a: Gothitelletubby|slp
|move|p1a: Ollie|Encore|p2a: Gothitelletubby
|-start|p2a: Gothitelletubby|Encore
|
|-heal|p2a: Gothitelletubby|311\/344 slp|[from] item: Leftovers
|turn|22
|
|cant|p2a: Gothitelletubby|slp
|move|p1a: Ollie|Scald|p2a: Gothitelletubby
|-damage|p2a: Gothitelletubby|239\/344 slp
|
|-heal|p2a: Gothitelletubby|260\/344 slp|[from] item: Leftovers
|turn|23
|
|-curestatus|p2a: Gothitelletubby|slp
|move|p2a: Gothitelletubby|Rest|p2a: Gothitelletubby
|-status|p2a: Gothitelletubby|slp
|-heal|p2a: Gothitelletubby|344\/344 slp|[silent]
|-status|p2a: Gothitelletubby|slp|[from] move: Rest
|move|p1a: Ollie|Scald|p2a: Gothitelletubby
|-damage|p2a: Gothitelletubby|268\/344 slp
|
|-heal|p2a: Gothitelletubby|289\/344 slp|[from] item: Leftovers
|turn|24
|
|cant|p2a: Gothitelletubby|slp
|move|p1a: Ollie|Toxic|p2a: Gothitelletubby|[miss]
|-miss|p1a: Ollie|p2a: Gothitelletubby
|
|-heal|p2a: Gothitelletubby|310\/344 slp|[from] item: Leftovers
|-end|p2a: Gothitelletubby|Encore
|turn|25
|
|cant|p2a: Gothitelletubby|slp
|move|p1a: Ollie|Toxic|p2a: Gothitelletubby
|-fail|p2a: Gothitelletubby
|
|-heal|p2a: Gothitelletubby|331\/344 slp|[from] item: Leftovers
|turn|26
|
|-curestatus|p2a: Gothitelletubby|slp
|move|p2a: Gothitelletubby|Taunt|p1a: Ollie
|-start|p1a: Ollie|move: Taunt
|cant|p1a: Ollie|move: Taunt|Toxic
|
|-heal|p2a: Gothitelletubby|344\/344|[from] item: Leftovers
|turn|27
|
|move|p2a: Gothitelletubby|Psychic|p1a: Ollie
|-damage|p1a: Ollie|173\/384
|-unboost|p1a: Ollie|spd|1
|move|p1a: Ollie|Scald|p2a: Gothitelletubby
|-damage|p2a: Gothitelletubby|271\/344
|-status|p2a: Gothitelletubby|brn
|
|-heal|p2a: Gothitelletubby|292\/344 brn|[from] item: Leftovers
|-damage|p2a: Gothitelletubby|249\/344 brn|[from] brn
|turn|28
|
|move|p2a: Gothitelletubby|Rest|p2a: Gothitelletubby
|-status|p2a: Gothitelletubby|slp
|-heal|p2a: Gothitelletubby|344\/344 slp|[silent]
|-status|p2a: Gothitelletubby|slp|[from] move: Rest
|move|p1a: Ollie|Scald|p2a: Gothitelletubby
|-damage|p2a: Gothitelletubby|277\/344 slp
|
|-heal|p2a: Gothitelletubby|298\/344 slp|[from] item: Leftovers
|-end|p1a: Ollie|move: Taunt
|turn|29
|
|cant|p2a: Gothitelletubby|slp
|move|p1a: Ollie|Scald|p2a: Gothitelletubby
|-damage|p2a: Gothitelletubby|229\/344 slp
|
|-heal|p2a: Gothitelletubby|250\/344 slp|[from] item: Leftovers
|turn|30
|
|cant|p2a: Gothitelletubby|slp
|move|p1a: Ollie|Perish Song|p1a: Ollie
|-fieldactivate|move: Perish Song
|
|-start|p2a: Gothitelletubby|perish3
|-start|p1a: Ollie|perish3
|-heal|p2a: Gothitelletubby|271\/344 slp|[from] item: Leftovers
|turn|31
|
|-curestatus|p2a: Gothitelletubby|slp
|move|p2a: Gothitelletubby|Psychic|p1a: Ollie
|-damage|p1a: Ollie|65\/384
|move|p1a: Ollie|Scald|p2a: Gothitelletubby
|-damage|p2a: Gothitelletubby|199\/344
|-status|p2a: Gothitelletubby|brn
|
|-start|p2a: Gothitelletubby|perish2
|-start|p1a: Ollie|perish2
|-heal|p2a: Gothitelletubby|220\/344 brn|[from] item: Leftovers
|-damage|p2a: Gothitelletubby|177\/344 brn|[from] brn
|turn|32
|
|move|p2a: Gothitelletubby|Psychic|p1a: Ollie
|-damage|p1a: Ollie|0 fnt
|faint|p1a: Ollie
|
|-start|p2a: Gothitelletubby|perish1
|-heal|p2a: Gothitelletubby|198\/344 brn|[from] item: Leftovers
|-damage|p2a: Gothitelletubby|155\/344 brn|[from] brn
|
|switch|p1a: Manaphy|Manaphy|341\/341
|turn|33
|
|move|p1a: Manaphy|Tail Glow|p1a: Manaphy
|-boost|p1a: Manaphy|spa|3
|move|p2a: Gothitelletubby|Taunt|p1a: Manaphy
|-start|p1a: Manaphy|move: Taunt
|
|-start|p2a: Gothitelletubby|perish0
|faint|p2a: Gothitelletubby
|
|switch|p2a: Queen of Twerk|Chansey, F|704\/704
|turn|34
|
|move|p1a: Manaphy|Scald|p2a: Queen of Twerk
|-damage|p2a: Queen of Twerk|550\/704
|move|p2a: Queen of Twerk|Toxic|p1a: Manaphy|[miss]
|-miss|p2a: Queen of Twerk|p1a: Manaphy
|
|turn|35
|
|move|p1a: Manaphy|Scald|p2a: Queen of Twerk
|-damage|p2a: Queen of Twerk|372\/704
|move|p2a: Queen of Twerk|Toxic|p1a: Manaphy
|-status|p1a: Manaphy|tox
|
|-damage|p1a: Manaphy|320\/341 tox|[from] psn
|turn|36
|
|move|p1a: Manaphy|Scald|p2a: Queen of Twerk
|-damage|p2a: Queen of Twerk|206\/704
|move|p2a: Queen of Twerk|Soft-Boiled|p2a: Queen of Twerk
|-heal|p2a: Queen of Twerk|558\/704
|
|-damage|p1a: Manaphy|278\/341 tox|[from] psn
|-end|p1a: Manaphy|move: Taunt
|turn|37
|
|move|p1a: Manaphy|Tail Glow|p1a: Manaphy
|-boost|p1a: Manaphy|spa|3
|move|p2a: Queen of Twerk|Seismic Toss|p1a: Manaphy
|-damage|p1a: Manaphy|178\/341 tox
|
|-damage|p1a: Manaphy|115\/341 tox|[from] psn
|turn|38
|
|move|p1a: Manaphy|Rest|p1a: Manaphy
|-status|p1a: Manaphy|slp
|-heal|p1a: Manaphy|341\/341 slp|[silent]
|-status|p1a: Manaphy|slp|[from] move: Rest
|move|p2a: Queen of Twerk|Soft-Boiled|p2a: Queen of Twerk
|-heal|p2a: Queen of Twerk|704\/704
|
|turn|39
|
|switch|p2a: Swagsire|Quagsire, F|394\/394
|cant|p1a: Manaphy|slp
|
|turn|40
|
|cant|p1a: Manaphy|slp
|move|p2a: Swagsire|Haze|p2a: Swagsire
|-clearallboost
|
|turn|41
|
|switch|p2a: Queen of Twerk|Chansey, F|704\/704
|-curestatus|p1a: Manaphy|slp
|move|p1a: Manaphy|Scald|p2a: Queen of Twerk
|-crit|p2a: Queen of Twerk
|-damage|p2a: Queen of Twerk|611\/704
|-status|p2a: Queen of Twerk|brn
|
|-damage|p2a: Queen of Twerk|523\/704 brn|[from] brn
|turn|42
|
|move|p1a: Manaphy|Tail Glow|p1a: Manaphy
|-boost|p1a: Manaphy|spa|3
|move|p2a: Queen of Twerk|Toxic|p1a: Manaphy
|-status|p1a: Manaphy|tox
|
|-damage|p1a: Manaphy|320\/341 tox|[from] psn
|-damage|p2a: Queen of Twerk|435\/704 brn|[from] brn
|turn|43
|
|move|p1a: Manaphy|Tail Glow|p1a: Manaphy
|-boost|p1a: Manaphy|spa|3
|move|p2a: Queen of Twerk|Soft-Boiled|p2a: Queen of Twerk
|-heal|p2a: Queen of Twerk|704\/704 brn
|
|-damage|p1a: Manaphy|278\/341 tox|[from] psn
|-damage|p2a: Queen of Twerk|616\/704 brn|[from] brn
|turn|44
|
|move|p1a: Manaphy|Scald|p2a: Queen of Twerk
|-damage|p2a: Queen of Twerk|363\/704 brn
|move|p2a: Queen of Twerk|Soft-Boiled|p2a: Queen of Twerk
|-heal|p2a: Queen of Twerk|704\/704 brn
|
|-damage|p1a: Manaphy|215\/341 tox|[from] psn
|-damage|p2a: Queen of Twerk|616\/704 brn|[from] brn
|turn|45
|
|move|p1a: Manaphy|Scald|p2a: Queen of Twerk
|-damage|p2a: Queen of Twerk|375\/704 brn
|move|p2a: Queen of Twerk|Soft-Boiled|p2a: Queen of Twerk
|-heal|p2a: Queen of Twerk|704\/704 brn
|
|-damage|p1a: Manaphy|131\/341 tox|[from] psn
|-damage|p2a: Queen of Twerk|616\/704 brn|[from] brn
|turn|46
|
|move|p1a: Manaphy|Rest|p1a: Manaphy
|-status|p1a: Manaphy|slp
|-heal|p1a: Manaphy|341\/341 slp|[silent]
|-status|p1a: Manaphy|slp|[from] move: Rest
|move|p2a: Queen of Twerk|Soft-Boiled|p2a: Queen of Twerk
|-heal|p2a: Queen of Twerk|704\/704 brn
|
|-damage|p2a: Queen of Twerk|616\/704 brn|[from] brn
|turn|47
|
|switch|p2a: Swagsire|Quagsire, F|394\/394
|cant|p1a: Manaphy|slp
|
|turn|48
|
|cant|p1a: Manaphy|slp
|move|p2a: Swagsire|Haze|p2a: Swagsire
|-clearallboost
|
|turn|49
|
|switch|p1a: Splash|Swampert, F|391\/391
|switch|p2a: Queen of Twerk|Chansey, F|616\/704
|
|turn|50
|
|detailschange|p1a: Splash|Swampert-Mega, F
|message|Swampert has Mega Evolved into Mega Swampert!
|move|p1a: Splash|Waterfall|p2a: Queen of Twerk
|-damage|p2a: Queen of Twerk|387\/704
|move|p2a: Queen of Twerk|Toxic|p1a: Splash
|-status|p1a: Splash|tox
|
|-damage|p1a: Splash|367\/391 tox|[from] psn
|turn|51
|
|switch|p2a: Metal as Fuck|Skarmory, F|334\/334
|move|p1a: Splash|Waterfall|p2a: Metal as Fuck
|-damage|p2a: Metal as Fuck|235\/334
|
|-damage|p1a: Splash|319\/391 tox|[from] psn
|turn|52
|
|move|p1a: Splash|Waterfall|p2a: Metal as Fuck
|-damage|p2a: Metal as Fuck|144\/334
|move|p2a: Metal as Fuck|Stealth Rock|p1a: Splash
|-sidestart|p1: icening|move: Stealth Rock
|
|-damage|p1a: Splash|247\/391 tox|[from] psn
|turn|53
|
|move|p1a: Splash|Waterfall|p2a: Metal as Fuck
|-damage|p2a: Metal as Fuck|48\/334
|move|p2a: Metal as Fuck|Roost|p2a: Metal as Fuck
|-heal|p2a: Metal as Fuck|215\/334
|
|-damage|p1a: Splash|151\/391 tox|[from] psn
|turn|54
|
|move|p1a: Splash|Rest|p1a: Splash
|-status|p1a: Splash|slp
|-heal|p1a: Splash|391\/391 slp|[silent]
|-status|p1a: Splash|slp|[from] move: Rest
|move|p2a: Metal as Fuck|Roost|p2a: Metal as Fuck
|-heal|p2a: Metal as Fuck|334\/334
|
|turn|55
|
|switch|p2a: Queen of Twerk|Chansey, F|387\/704
|cant|p1a: Splash|slp
|move|p1a: Splash|Sleep Talk|p1a: Splash
|move|p1a: Splash|Rest|p1a: Splash|[from]Sleep Talk
|-fail|p1a: Splash
|
|turn|56
|
|cant|p1a: Splash|slp
|move|p1a: Splash|Sleep Talk|p1a: Splash
|move|p1a: Splash|Waterfall|p2a: Queen of Twerk|[from]Sleep Talk
|-damage|p2a: Queen of Twerk|143\/704
|move|p2a: Queen of Twerk|Soft-Boiled|p2a: Queen of Twerk
|-heal|p2a: Queen of Twerk|495\/704
|
|turn|57
|
|-curestatus|p1a: Splash|slp
|move|p1a: Splash|Waterfall|p2a: Queen of Twerk
|-damage|p2a: Queen of Twerk|255\/704
|move|p2a: Queen of Twerk|Soft-Boiled|p2a: Queen of Twerk
|-heal|p2a: Queen of Twerk|607\/704
|
|turn|58
|
|move|p1a: Splash|Waterfall|p2a: Queen of Twerk
|-damage|p2a: Queen of Twerk|373\/704
|move|p2a: Queen of Twerk|Toxic|p1a: Splash
|-status|p1a: Splash|tox
|
|-damage|p1a: Splash|367\/391 tox|[from] psn
|turn|59
|
|move|p1a: Splash|Waterfall|p2a: Queen of Twerk
|-damage|p2a: Queen of Twerk|133\/704
|cant|p2a: Queen of Twerk|flinch
|
|-damage|p1a: Splash|319\/391 tox|[from] psn
|turn|60
|
|move|p1a: Splash|Waterfall|p2a: Queen of Twerk
|-damage|p2a: Queen of Twerk|0 fnt
|faint|p2a: Queen of Twerk
|
|-damage|p1a: Splash|247\/391 tox|[from] psn
|
|switch|p2a: LE GEM XD|Sableye, F|304\/304
|turn|61
|
|detailschange|p2a: LE GEM XD|Sableye-Mega, F
|message|Sableye has Mega Evolved into Mega Sableye!
|move|p2a: LE GEM XD|Calm Mind|p2a: LE GEM XD
|-boost|p2a: LE GEM XD|spa|1
|-boost|p2a: LE GEM XD|spd|1
|move|p1a: Splash|Waterfall|p2a: LE GEM XD
|-damage|p2a: LE GEM XD|195\/304
|
|-damage|p1a: Splash|151\/391 tox|[from] psn
|turn|62
|
|move|p1a: Splash|Earthquake|p2a: LE GEM XD
|-damage|p2a: LE GEM XD|51\/304
|move|p2a: LE GEM XD|Recover|p2a: LE GEM XD
|-heal|p2a: LE GEM XD|203\/304
|
|-damage|p1a: Splash|31\/391 tox|[from] psn
|turn|63
|
|move|p1a: Splash|Rest|p1a: Splash
|-status|p1a: Splash|slp
|-heal|p1a: Splash|391\/391 slp|[silent]
|-status|p1a: Splash|slp|[from] move: Rest
|move|p2a: LE GEM XD|Recover|p2a: LE GEM XD
|-heal|p2a: LE GEM XD|304\/304
|
|turn|64
|
|cant|p1a: Splash|slp
|move|p1a: Splash|Sleep Talk|p1a: Splash
|move|p1a: Splash|Waterfall|p2a: LE GEM XD|[from]Sleep Talk
|-damage|p2a: LE GEM XD|201\/304
|cant|p2a: LE GEM XD|flinch
|
|turn|65
|
|cant|p1a: Splash|slp
|move|p1a: Splash|Sleep Talk|p1a: Splash
|move|p1a: Splash|Rest|p1a: Splash|[from]Sleep Talk
|-fail|p1a: Splash
|move|p2a: LE GEM XD|Recover|p2a: LE GEM XD
|-heal|p2a: LE GEM XD|304\/304
|
|turn|66
|
|-curestatus|p1a: Splash|slp
|move|p1a: Splash|Waterfall|p2a: LE GEM XD
|-crit|p2a: LE GEM XD
|-damage|p2a: LE GEM XD|144\/304
|move|p2a: LE GEM XD|Calm Mind|p2a: LE GEM XD
|-boost|p2a: LE GEM XD|spa|1
|-boost|p2a: LE GEM XD|spd|1
|
|turn|67
|
|move|p1a: Splash|Waterfall|p2a: LE GEM XD
|-damage|p2a: LE GEM XD|42\/304
|move|p2a: LE GEM XD|Recover|p2a: LE GEM XD
|-heal|p2a: LE GEM XD|194\/304
|
|turn|68
|
|move|p1a: Splash|Waterfall|p2a: LE GEM XD
|-damage|p2a: LE GEM XD|91\/304
|move|p2a: LE GEM XD|Recover|p2a: LE GEM XD
|-heal|p2a: LE GEM XD|243\/304
|
|turn|69
|
|move|p1a: Splash|Earthquake|p2a: LE GEM XD
|-damage|p2a: LE GEM XD|107\/304
|move|p2a: LE GEM XD|Recover|p2a: LE GEM XD
|-heal|p2a: LE GEM XD|259\/304
|
|turn|70
|
|move|p1a: Splash|Waterfall|p2a: LE GEM XD
|-damage|p2a: LE GEM XD|151\/304
|move|p2a: LE GEM XD|Will-O-Wisp|p1a: Splash
|-status|p1a: Splash|brn
|
|-damage|p1a: Splash|343\/391 brn|[from] brn
|turn|71
|
|switch|p1a: Klefki|Klefki, M|318\/318
|-damage|p1a: Klefki|299\/318|[from] Stealth Rock
|move|p2a: LE GEM XD|Recover|p2a: LE GEM XD
|-heal|p2a: LE GEM XD|303\/304
|
|turn|72
|
|move|p1a: Klefki|Light Screen|p1a: Klefki
|-sidestart|p1: icening|move: Light Screen
|move|p2a: LE GEM XD|Calm Mind|p2a: LE GEM XD
|-boost|p2a: LE GEM XD|spa|1
|-boost|p2a: LE GEM XD|spd|1
|
|turn|73
|
|switch|p1a: Manaphy|Manaphy|341\/341 slp
|-damage|p1a: Manaphy|299\/341 slp|[from] Stealth Rock
|move|p2a: LE GEM XD|Calm Mind|p2a: LE GEM XD
|-boost|p2a: LE GEM XD|spa|1
|-boost|p2a: LE GEM XD|spd|1
|
|turn|74
|
|-curestatus|p1a: Manaphy|slp
|move|p1a: Manaphy|Tail Glow|p1a: Manaphy
|-boost|p1a: Manaphy|spa|3
|move|p2a: LE GEM XD|Calm Mind|p2a: LE GEM XD
|-boost|p2a: LE GEM XD|spa|1
|-boost|p2a: LE GEM XD|spd|1
|
|turn|75
|
|move|p1a: Manaphy|Tail Glow|p1a: Manaphy
|-boost|p1a: Manaphy|spa|3
|move|p2a: LE GEM XD|Dark Pulse|p1a: Manaphy
|-damage|p1a: Manaphy|149\/341
|
|turn|76
|
|move|p1a: Manaphy|Scald|p2a: LE GEM XD
|-damage|p2a: LE GEM XD|195\/304
|-status|p2a: LE GEM XD|brn
|move|p2a: LE GEM XD|Dark Pulse|p1a: Manaphy
|-damage|p1a: Manaphy|11\/341
|
|-damage|p2a: LE GEM XD|157\/304 brn|[from] brn
|turn|77
|
|move|p1a: Manaphy|Scald|p2a: LE GEM XD
|-damage|p2a: LE GEM XD|43\/304 brn
|move|p2a: LE GEM XD|Recover|p2a: LE GEM XD
|-heal|p2a: LE GEM XD|195\/304 brn
|
|-damage|p2a: LE GEM XD|157\/304 brn|[from] brn
|turn|78
|
|move|p1a: Manaphy|Scald|p2a: LE GEM XD
|-damage|p2a: LE GEM XD|58\/304 brn
|move|p2a: LE GEM XD|Recover|p2a: LE GEM XD
|-heal|p2a: LE GEM XD|210\/304 brn
|
|-damage|p2a: LE GEM XD|172\/304 brn|[from] brn
|turn|79
|
|move|p1a: Manaphy|Scald|p2a: LE GEM XD
|-damage|p2a: LE GEM XD|64\/304 brn
|move|p2a: LE GEM XD|Dark Pulse|p1a: Manaphy
|-damage|p1a: Manaphy|0 fnt
|faint|p1a: Manaphy
|
|-damage|p2a: LE GEM XD|26\/304 brn|[from] brn
|-sideend|p1: icening|move: Light Screen
|
|switch|p1a: Splash|Swampert-Mega, F|343\/391 brn
|-damage|p1a: Splash|319\/391 brn|[from] Stealth Rock
|turn|80
|
|move|p1a: Splash|Waterfall|p2a: LE GEM XD
|-damage|p2a: LE GEM XD|0 fnt
|faint|p2a: LE GEM XD
|
|-damage|p1a: Splash|271\/391 brn|[from] brn
|
|switch|p2a: Clutchsellia|Cresselia, F|158\/444
|turn|81
|
|move|p2a: Clutchsellia|Moonlight|p2a: Clutchsellia
|-heal|p2a: Clutchsellia|380\/444
|move|p1a: Splash|Rest|p1a: Splash
|-status|p1a: Splash|slp
|-heal|p1a: Splash|391\/391 slp|[silent]
|-status|p1a: Splash|slp|[from] move: Rest
|
|-heal|p2a: Clutchsellia|407\/444|[from] item: Leftovers
|turn|82
|
|move|p2a: Clutchsellia|Psychic|p1a: Splash
|-damage|p1a: Splash|310\/391 slp
|cant|p1a: Splash|slp
|move|p1a: Splash|Sleep Talk|p1a: Splash
|move|p1a: Splash|Rest|p1a: Splash|[from]Sleep Talk
|-fail|p1a: Splash
|
|-heal|p2a: Clutchsellia|434\/444|[from] item: Leftovers
|turn|83
|
|move|p2a: Clutchsellia|Psychic|p1a: Splash
|-damage|p1a: Splash|231\/391 slp
|cant|p1a: Splash|slp
|move|p1a: Splash|Sleep Talk|p1a: Splash
|move|p1a: Splash|Rest|p1a: Splash|[from]Sleep Talk
|-fail|p1a: Splash
|
|-heal|p2a: Clutchsellia|444\/444|[from] item: Leftovers
|turn|84
|
|switch|p1a: Klefki|Klefki, M|299\/318
|-damage|p1a: Klefki|280\/318|[from] Stealth Rock
|move|p2a: Clutchsellia|Psychic|p1a: Klefki
|-resisted|p1a: Klefki
|-damage|p1a: Klefki|238\/318
|
|turn|85
|
|switch|p2a: Swagsire|Quagsire, F|394\/394
|move|p1a: Klefki|Thunder Wave|p2a: Swagsire
|-immune|p2a: Swagsire|[msg]
|
|turn|86
|
|move|p1a: Klefki|Reflect|p1a: Klefki
|-sidestart|p1: icening|Reflect
|move|p2a: Swagsire|Earthquake|p1a: Klefki
|-supereffective|p1a: Klefki
|-damage|p1a: Klefki|159\/318
|
|turn|87
|
|switch|p1a: Splash|Swampert-Mega, F|231\/391 slp
|-damage|p1a: Splash|207\/391 slp|[from] Stealth Rock
|move|p2a: Swagsire|Earthquake|p1a: Splash
|-damage|p1a: Splash|161\/391 slp
|
|turn|88
|
|switch|p2a: Clutchsellia|Cresselia, F|444\/444
|-curestatus|p1a: Splash|slp
|move|p1a: Splash|Earthquake|p2a: Clutchsellia
|-immune|p2a: Clutchsellia|[msg]
|
|turn|89
|
|move|p2a: Clutchsellia|Toxic|p1a: Splash|[miss]
|-miss|p2a: Clutchsellia|p1a: Splash
|move|p1a: Splash|Rest|p1a: Splash
|-status|p1a: Splash|slp
|-heal|p1a: Splash|391\/391 slp|[silent]
|-status|p1a: Splash|slp|[from] move: Rest
|
|turn|90
|
|switch|p2a: Swagsire|Quagsire, F|394\/394
|cant|p1a: Splash|slp
|move|p1a: Splash|Sleep Talk|p1a: Splash
|move|p1a: Splash|Earthquake|p2a: Swagsire|[from]Sleep Talk
|-damage|p2a: Swagsire|231\/394
|
|-heal|p2a: Swagsire|255\/394|[from] item: Leftovers
|turn|91
|
|cant|p1a: Splash|slp
|move|p1a: Splash|Sleep Talk|p1a: Splash
|move|p1a: Splash|Waterfall|p2a: Swagsire|[from]Sleep Talk
|-damage|p2a: Swagsire|108\/394
|move|p2a: Swagsire|Recover|p2a: Swagsire
|-heal|p2a: Swagsire|305\/394
|
|-heal|p2a: Swagsire|329\/394|[from] item: Leftovers
|turn|92
|
|switch|p2a: Metal as Fuck|Skarmory, F|334\/334
|-curestatus|p1a: Splash|slp
|move|p1a: Splash|Earthquake|p2a: Metal as Fuck
|-immune|p2a: Metal as Fuck|[msg]
|
|turn|93
|
|move|p1a: Splash|Waterfall|p2a: Metal as Fuck
|-damage|p2a: Metal as Fuck|240\/334
|move|p2a: Metal as Fuck|Brave Bird|p1a: Splash
|-damage|p1a: Splash|334\/391
|-damage|p2a: Metal as Fuck|221\/334|[from] recoil|[of] p1a: Splash
|
|-sideend|p1: icening|Reflect
|turn|94
|
|switch|p1a: Sterling|Magnezone, shiny|282\/282
|-damage|p1a: Sterling|265\/282|[from] Stealth Rock
|move|p2a: Metal as Fuck|Roost|p2a: Metal as Fuck
|-heal|p2a: Metal as Fuck|334\/334
|
|turn|95
|
|switch|p1a: Splash|Swampert-Mega, F|334\/391
|-damage|p1a: Splash|310\/391|[from] Stealth Rock
|switch|p2a: Swagsire|Quagsire, F|329\/394
|
|-heal|p2a: Swagsire|353\/394|[from] item: Leftovers
|turn|96
|
|switch|p2a: Clutchsellia|Cresselia, F|444\/444
|move|p1a: Splash|Earthquake|p2a: Clutchsellia
|-immune|p2a: Clutchsellia|[msg]
|
|turn|97
|
|move|p2a: Clutchsellia|Psychic|p1a: Splash
|-damage|p1a: Splash|231\/391
|move|p1a: Splash|Rest|p1a: Splash
|-status|p1a: Splash|slp
|-heal|p1a: Splash|391\/391 slp|[silent]
|-status|p1a: Splash|slp|[from] move: Rest
|
|turn|98
|
|switch|p2a: Metal as Fuck|Skarmory, F|334\/334
|cant|p1a: Splash|slp
|
|turn|99
|
|cant|p1a: Splash|slp
|move|p2a: Metal as Fuck|Stealth Rock|p1a: Splash
|-fail|p1a: Splash
|
|turn|100
|
|-curestatus|p1a: Splash|slp
|move|p1a: Splash|Earthquake|p2a: Metal as Fuck
|-immune|p2a: Metal as Fuck|[msg]
|move|p2a: Metal as Fuck|Stealth Rock|p1a: Splash
|-fail|p1a: Splash
|
|turn|101
|
|move|p1a: Splash|Waterfall|p2a: Metal as Fuck
|-damage|p2a: Metal as Fuck|229\/334
|move|p2a: Metal as Fuck|Stealth Rock|p1a: Splash
|-fail|p1a: Splash
|
|turn|102
|
|move|p1a: Splash|Waterfall|p2a: Metal as Fuck
|-damage|p2a: Metal as Fuck|127\/334
|move|p2a: Metal as Fuck|Roost|p2a: Metal as Fuck
|-heal|p2a: Metal as Fuck|294\/334
|
|turn|103
|
|move|p1a: Splash|Waterfall|p2a: Metal as Fuck
|-damage|p2a: Metal as Fuck|188\/334
|cant|p2a: Metal as Fuck|flinch
|
|turn|104
|
|move|p1a: Splash|Waterfall|p2a: Metal as Fuck
|-damage|p2a: Metal as Fuck|91\/334
|move|p2a: Metal as Fuck|Roost|p2a: Metal as Fuck
|-heal|p2a: Metal as Fuck|258\/334
|
|turn|105
|
|move|p1a: Splash|Waterfall|p2a: Metal as Fuck
|-damage|p2a: Metal as Fuck|159\/334
|move|p2a: Metal as Fuck|Roost|p2a: Metal as Fuck
|-heal|p2a: Metal as Fuck|326\/334
|
|turn|106
|
|move|p1a: Splash|Waterfall|p2a: Metal as Fuck
|-damage|p2a: Metal as Fuck|230\/334
|cant|p2a: Metal as Fuck|flinch
|
|turn|107
|
|move|p1a: Splash|Waterfall|p2a: Metal as Fuck
|-damage|p2a: Metal as Fuck|122\/334
|move|p2a: Metal as Fuck|Roost|p2a: Metal as Fuck
|-heal|p2a: Metal as Fuck|289\/334
|
|turn|108
|
|move|p1a: Splash|Waterfall|p2a: Metal as Fuck
|-damage|p2a: Metal as Fuck|196\/334
|move|p2a: Metal as Fuck|Roost|p2a: Metal as Fuck
|-heal|p2a: Metal as Fuck|334\/334
|
|turn|109
|
|move|p1a: Splash|Waterfall|p2a: Metal as Fuck
|-damage|p2a: Metal as Fuck|232\/334
|move|p2a: Metal as Fuck|Stealth Rock|p1a: Splash
|-fail|p1a: Splash
|
|turn|110
|c|âicening|gg gothitelle
|-message|icening forfeited.
|
|win|SEXY GAMER DOG
|raw|Ladder updating...
|c|âSEXY GAMER DOG|:)
|leave|icening
|player|p1
|raw|icening's rating: 1700 &rarr; <strong>1673<\/strong><br \/>(-27 for losing)
|raw|SEXY GAMER DOG's rating: 1564 &rarr; <strong>1592<\/strong><br \/>(+28 for winning)