|join|LT1A killar
|join|SEXY GAMER DOG
|player|p1|LT1A killar|1
|player|p2|SEXY GAMER DOG|275
|gametype|singles
|gen|6
|tier|OU
|rated
|clearpoke
|poke|p1|Mamoswine, F
|poke|p1|Talonflame, F
|poke|p1|Pinsir, F
|poke|p1|Excadrill, M
|poke|p1|Hydreigon, F
|poke|p1|Azumarill, F
|poke|p2|Gothitelle, F
|poke|p2|Skarmory, M
|poke|p2|Chansey, F
|poke|p2|Quagsire, F
|poke|p2|Amoonguss, F
|poke|p2|Charizard, F
|rule|Swagger Clause: Swagger is banned
|rule|Baton Pass Clause: Limit one PokÃ©mon knowing Baton Pass
|rule|Sleep Clause Mod: Limit one foe put to sleep
|rule|Species Clause: Limit one of each PokÃ©mon
|rule|OHKO Clause: OHKO moves are banned
|rule|Moody Clause: Moody is banned
|rule|Evasion Moves Clause: Evasion moves are banned
|rule|Endless Battle Clause: Forcing endless battles is banned
|rule|HP Percentage Mod: HP is shown in percentages
|teampreview
|c|âLT1A killar|stall we meet again
|
|start
|switch|p1a: Mamoswine|Mamoswine, F|361\/361
|switch|p2a: Gothitelletubby|Gothitelle, F|344\/344
|turn|1
|
|move|p1a: Mamoswine|Ice Shard|p2a: Gothitelletubby
|-damage|p2a: Gothitelletubby|275\/344
|move|p2a: Gothitelletubby|Trick|p1a: Mamoswine
|-activate|p2a: Gothitelletubby|move: Trick|[of] p1a: Mamoswine
|-item|p1a: Mamoswine|Choice Scarf|[from] move: Trick
|-item|p2a: Gothitelletubby|Focus Sash|[from] move: Trick
|
|turn|2
|
|move|p1a: Mamoswine|Earthquake|p2a: Gothitelletubby
|-damage|p2a: Gothitelletubby|89\/344
|move|p2a: Gothitelletubby|Rest|p2a: Gothitelletubby
|-status|p2a: Gothitelletubby|slp
|-heal|p2a: Gothitelletubby|344\/344 slp|[silent]
|-status|p2a: Gothitelletubby|slp|[from] move: Rest
|
|turn|3
|
|switch|p2a: Metal Head|Skarmory, M|334\/334
|move|p1a: Mamoswine|Earthquake|p2a: Metal Head
|-immune|p2a: Metal Head|[msg]
|
|turn|4
|
|switch|p1a: charzard 2.0|Talonflame, F|345\/345
|move|p2a: Metal Head|Stealth Rock|p1a: charzard 2.0
|-sidestart|p1: LT1A killar|move: Stealth Rock
|
|turn|5
|
|switch|p2a: Quagmire|Quagsire, F|394\/394
|move|p1a: charzard 2.0|Swords Dance|p1a: charzard 2.0
|-boost|p1a: charzard 2.0|atk|2
|
|turn|6
|
|move|p1a: charzard 2.0|Brave Bird|p2a: Quagmire
|-damage|p2a: Quagmire|220\/394
|-damage|p1a: charzard 2.0|288\/345|[from] recoil|[of] p2a: Quagmire
|move|p2a: Quagmire|Scald|p1a: charzard 2.0
|-supereffective|p1a: charzard 2.0
|-damage|p1a: charzard 2.0|120\/345
|
|-heal|p2a: Quagmire|244\/394|[from] item: Leftovers
|turn|7
|
|move|p1a: charzard 2.0|Brave Bird|p2a: Quagmire
|-damage|p2a: Quagmire|75\/394
|-damage|p1a: charzard 2.0|64\/345|[from] recoil|[of] p2a: Quagmire
|move|p2a: Quagmire|Recover|p2a: Quagmire
|-heal|p2a: Quagmire|272\/394
|
|-heal|p2a: Quagmire|296\/394|[from] item: Leftovers
|turn|8
|
|move|p1a: charzard 2.0|Brave Bird|p2a: Quagmire
|-damage|p2a: Quagmire|140\/394
|-damage|p1a: charzard 2.0|13\/345|[from] recoil|[of] p2a: Quagmire
|move|p2a: Quagmire|Recover|p2a: Quagmire
|-heal|p2a: Quagmire|337\/394
|
|-heal|p2a: Quagmire|361\/394|[from] item: Leftovers
|turn|9
|
|move|p1a: charzard 2.0|Roost|p1a: charzard 2.0
|-heal|p1a: charzard 2.0|186\/345
|move|p2a: Quagmire|Recover|p2a: Quagmire
|-heal|p2a: Quagmire|394\/394
|
|turn|10
|
|switch|p1a: Mamoswine|Mamoswine, F|361\/361
|-damage|p1a: Mamoswine|316\/361|[from] Stealth Rock
|move|p2a: Quagmire|Scald|p1a: Mamoswine
|-supereffective|p1a: Mamoswine
|-damage|p1a: Mamoswine|130\/361
|
|turn|11
|
|switch|p2a: Gothitelletubby|Gothitelle, F|344\/344 slp
|move|p1a: Mamoswine|Stealth Rock|p2a: Gothitelletubby
|-sidestart|p2: SEXY GAMER DOG|move: Stealth Rock
|
|turn|12
|
|move|p1a: Mamoswine|Stealth Rock|p2a: Gothitelletubby
|-fail|p2a: Gothitelletubby
|cant|p2a: Gothitelletubby|slp
|
|turn|13
|c|âLT1A killar|yea rocks
|
|move|p1a: Mamoswine|Stealth Rock|p2a: Gothitelletubby
|-fail|p2a: Gothitelletubby
|cant|p2a: Gothitelletubby|slp
|
|turn|14
|
|move|p1a: Mamoswine|Stealth Rock|p2a: Gothitelletubby
|-fail|p2a: Gothitelletubby
|-curestatus|p2a: Gothitelletubby|slp
|move|p2a: Gothitelletubby|Rest|p2a: Gothitelletubby
|-fail|p2a: Gothitelletubby
|
|turn|15
|
|move|p1a: Mamoswine|Stealth Rock|p2a: Gothitelletubby
|-fail|p2a: Gothitelletubby
|move|p2a: Gothitelletubby|Rest|p2a: Gothitelletubby
|-fail|p2a: Gothitelletubby
|
|turn|16
|
|move|p1a: Mamoswine|Stealth Rock|p2a: Gothitelletubby
|-fail|p2a: Gothitelletubby
|move|p2a: Gothitelletubby|Rest|p2a: Gothitelletubby
|-fail|p2a: Gothitelletubby
|
|turn|17
|
|move|p1a: Mamoswine|Stealth Rock|p2a: Gothitelletubby
|-fail|p2a: Gothitelletubby
|move|p2a: Gothitelletubby|Rest|p2a: Gothitelletubby
|-fail|p2a: Gothitelletubby
|
|turn|18
|
|move|p1a: Mamoswine|Stealth Rock|p2a: Gothitelletubby
|-fail|p2a: Gothitelletubby
|move|p2a: Gothitelletubby|Rest|p2a: Gothitelletubby
|-fail|p2a: Gothitelletubby
|
|turn|19
|
|move|p1a: Mamoswine|Stealth Rock|p2a: Gothitelletubby
|-fail|p2a: Gothitelletubby
|move|p2a: Gothitelletubby|Rest|p2a: Gothitelletubby
|-fail|p2a: Gothitelletubby
|
|turn|20
|c|âLT1A killar|your gonna run out of rest
|
|move|p1a: Mamoswine|Stealth Rock|p2a: Gothitelletubby
|-fail|p2a: Gothitelletubby
|move|p2a: Gothitelletubby|Rest|p2a: Gothitelletubby
|-fail|p2a: Gothitelletubby
|
|turn|21
|c|âSEXY GAMER DOG|im just making it so
|c|âSEXY GAMER DOG|you have less sr pp that way i can out pp your sr with defog
|c|âSEXY GAMER DOG|defog has 8 less pp than sr
|c|âSEXY GAMER DOG|so if i use like 9 if your sr
|c|âSEXY GAMER DOG|then ill be fine for defogging
|join|Ban All Fairies
|c|âSEXY GAMER DOG|one more to be safe
|
|move|p1a: Mamoswine|Stealth Rock|p2a: Gothitelletubby
|-fail|p2a: Gothitelletubby
|move|p2a: Gothitelletubby|Rest|p2a: Gothitelletubby
|-fail|p2a: Gothitelletubby
|
|turn|22
|c|âLT1A killar|but you cant trap mamo and i can eventually kill skarm
|
|switch|p2a: Metal Head|Skarmory, M|334\/334
|-damage|p2a: Metal Head|293\/334|[from] Stealth Rock
|move|p1a: Mamoswine|Stealth Rock|p2a: Metal Head
|-fail|p2a: Metal Head
|
|-heal|p2a: Metal Head|313\/334|[from] item: Leftovers
|turn|23
|c|âSEXY GAMER DOG|yeah u may kill skarm of course
|c|âSEXY GAMER DOG|but if you dont i wanna be able to defog
|c|âSEXY GAMER DOG|and not run out of pp on defog
|c|âSEXY GAMER DOG|before you run out of pp on sr
|c|âSEXY GAMER DOG|that happens a lot to me
|
|move|p1a: Mamoswine|Stealth Rock|p2a: Metal Head
|-fail|p2a: Metal Head
|move|p2a: Metal Head|Defog|p1a: Mamoswine
|-unboost|p1a: Mamoswine|evasion|1
|-sideend|p1: LT1A killar|Stealth Rock|[from] move: Defog|[of] p1a: Mamoswine
|-sideend|p2: SEXY GAMER DOG|Stealth Rock|[from] move: Defog|[of] p2a: Metal Head
|
|-heal|p2a: Metal Head|333\/334|[from] item: Leftovers
|turn|24
|c|âSEXY GAMER DOG|see now you have like 20 sr
|c|âSEXY GAMER DOG|and i have 23 defog
|
|switch|p1a: not a dragon|Hydreigon, F|325\/325
|move|p2a: Metal Head|Stealth Rock|p1a: not a dragon
|-sidestart|p1: LT1A killar|move: Stealth Rock
|
|-heal|p2a: Metal Head|334\/334|[from] item: Leftovers
|turn|25
|
|switch|p2a: Queen of Twerk|Chansey, F|704\/704
|move|p1a: not a dragon|Superpower|p2a: Queen of Twerk
|-crit|p2a: Queen of Twerk
|-supereffective|p2a: Queen of Twerk
|-damage|p2a: Queen of Twerk|168\/704
|-unboost|p1a: not a dragon|atk|1
|-unboost|p1a: not a dragon|def|1
|-damage|p1a: not a dragon|293\/325|[from] item: Life Orb
|
|turn|26
|c|âLT1A killar|you were saying
|c|âSEXY GAMER DOG|lol what. that lucky crit doesnt have anythign to do with my point
|c|âLT1A killar|draco max hit kills and then what do you have to stop it 
|
|switch|p2a: Grasshole|Amoonguss, F|432\/432
|move|p1a: not a dragon|Draco Meteor|p2a: Grasshole
|-crit|p2a: Grasshole
|-damage|p2a: Grasshole|72\/432
|-unboost|p1a: not a dragon|spa|2
|-damage|p1a: not a dragon|261\/325|[from] item: Life Orb
|
|-heal|p2a: Grasshole|99\/432|[from] item: Black Sludge
|turn|27
|c|âSEXY GAMER DOG|2 crits in a wow
|
|switch|p1a: charzard 2.0|Talonflame, F|186\/345
|-damage|p1a: charzard 2.0|14\/345|[from] Stealth Rock
|switch|p2a: Gothitelletubby|Gothitelle, F|344\/344
|
|turn|28
|
|switch|p2a: Quagmire|Quagsire, F|394\/394
|move|p1a: charzard 2.0|Flare Blitz|p2a: Quagmire
|-resisted|p2a: Quagmire
|-damage|p2a: Quagmire|327\/394
|-status|p2a: Quagmire|brn
|-damage|p1a: charzard 2.0|0 fnt|[from] recoil|[of] p2a: Quagmire
|faint|p1a: charzard 2.0
|
|-heal|p2a: Quagmire|351\/394 brn|[from] item: Leftovers
|-damage|p2a: Quagmire|302\/394 brn|[from] brn
|c|âSEXY GAMER DOG|wow
|
|switch|p1a: Mamoswine|Mamoswine, F|130\/361
|-damage|p1a: Mamoswine|85\/361|[from] Stealth Rock
|turn|29
|
|switch|p2a: Gothitelletubby|Gothitelle, F|344\/344
|move|p1a: Mamoswine|Stealth Rock|p2a: Gothitelletubby
|-sidestart|p2: SEXY GAMER DOG|move: Stealth Rock
|
|turn|30
|
|switch|p2a: Metal Head|Skarmory, M|334\/334
|-damage|p2a: Metal Head|293\/334|[from] Stealth Rock
|move|p1a: Mamoswine|Stealth Rock|p2a: Metal Head
|-fail|p2a: Metal Head
|
|-heal|p2a: Metal Head|313\/334|[from] item: Leftovers
|turn|31
|
|switch|p1a: not a dragon|Hydreigon, F|261\/325
|-damage|p1a: not a dragon|221\/325|[from] Stealth Rock
|move|p2a: Metal Head|Defog|p1a: not a dragon
|-unboost|p1a: not a dragon|evasion|1
|-sideend|p1: LT1A killar|Stealth Rock|[from] move: Defog|[of] p1a: not a dragon
|-sideend|p2: SEXY GAMER DOG|Stealth Rock|[from] move: Defog|[of] p2a: Metal Head
|
|-heal|p2a: Metal Head|333\/334|[from] item: Leftovers
|turn|32
|
|move|p1a: not a dragon|Dark Pulse|p2a: Metal Head
|-damage|p2a: Metal Head|107\/334
|-damage|p1a: not a dragon|189\/325|[from] item: Life Orb
|move|p2a: Metal Head|Roost|p2a: Metal Head
|-heal|p2a: Metal Head|274\/334
|
|-heal|p2a: Metal Head|294\/334|[from] item: Leftovers
|turn|33
|
|switch|p2a: Gothitelletubby|Gothitelle, F|344\/344
|move|p1a: not a dragon|Fire Blast|p2a: Gothitelletubby
|-damage|p2a: Gothitelletubby|193\/344
|-status|p2a: Gothitelletubby|brn
|-damage|p1a: not a dragon|157\/325|[from] item: Life Orb
|
|-damage|p2a: Gothitelletubby|150\/344 brn|[from] brn
|turn|34
|
|move|p1a: not a dragon|Dark Pulse|p2a: Gothitelletubby
|-crit|p2a: Gothitelletubby
|-supereffective|p2a: Gothitelletubby
|-damage|p2a: Gothitelletubby|0 fnt
|-damage|p1a: not a dragon|125\/325|[from] item: Life Orb
|faint|p2a: Gothitelletubby
|
|c|âLT1A killar|lol
|
|switch|p2a: Queen of Twerk|Chansey, F|168\/704
|turn|35
|
|switch|p2a: Manzard|Charizard, F|323\/323
|move|p1a: not a dragon|Superpower|p2a: Manzard
|-resisted|p2a: Manzard
|-damage|p2a: Manzard|246\/323
|-unboost|p1a: not a dragon|atk|1
|-unboost|p1a: not a dragon|def|1
|-damage|p1a: not a dragon|93\/325|[from] item: Life Orb
|
|turn|36
|
|switch|p2a: Queen of Twerk|Chansey, F|168\/704
|move|p1a: not a dragon|Draco Meteor|p2a: Queen of Twerk
|-damage|p2a: Queen of Twerk|0 fnt
|-unboost|p1a: not a dragon|spa|2
|-damage|p1a: not a dragon|61\/325|[from] item: Life Orb
|faint|p2a: Queen of Twerk
|
|
|switch|p2a: Metal Head|Skarmory, M|294\/334
|turn|37
|
|move|p1a: not a dragon|Fire Blast|p2a: Metal Head
|-crit|p2a: Metal Head
|-supereffective|p2a: Metal Head
|-damage|p2a: Metal Head|0 fnt
|-damage|p1a: not a dragon|29\/325|[from] item: Life Orb
|faint|p2a: Metal Head
|
|
|switch|p2a: Grasshole|Amoonguss, F|243\/432
|turn|38
|c|âLT1A killar|lol sorry about the hax bro though
|c|âSEXY GAMER DOG|so many crits and burns
|
|move|p1a: not a dragon|Fire Blast|p2a: Grasshole
|-supereffective|p2a: Grasshole
|-damage|p2a: Grasshole|108\/432
|-damage|p1a: not a dragon|0 fnt|[from] item: Life Orb
|faint|p1a: not a dragon
|move|p2a: Grasshole|Spore|p1: not a dragon|[notarget]
|-notarget
|
|-heal|p2a: Grasshole|135\/432|[from] item: Black Sludge
|
|switch|p1a: Mamoswine|Mamoswine, F|85\/361
|turn|39
|c|âSEXY GAMER DOG|it's fine, only chansey one fucked me tbh
|
|switch|p2a: Manzard|Charizard, F|246\/323
|move|p1a: Mamoswine|Stealth Rock|p2a: Manzard
|-sidestart|p2: SEXY GAMER DOG|move: Stealth Rock
|
|turn|40
|
|switch|p1a: the dragon killer|Azumarill, F|342\/342
|detailschange|p2a: Manzard|Charizard-Mega-Y, F
|message|Charizard has Mega Evolved into Mega Charizard!
|-weather|SunnyDay
|move|p2a: Manzard|Roost|p2a: Manzard
|-heal|p2a: Manzard|323\/323
|
|-weather|SunnyDay|[upkeep]
|turn|41
|
|move|p2a: Manzard|Solar Beam|p1a: the dragon killer|[still]
|-prepare|p2a: Manzard|Solar Beam|p1a: the dragon killer
|-anim|p2a: Manzard|Solar Beam|p1a: the dragon killer
|-supereffective|p1a: the dragon killer
|-damage|p1a: the dragon killer|120\/342
|move|p1a: the dragon killer|Waterfall|p2a: Manzard
|-supereffective|p2a: Manzard
|-damage|p2a: Manzard|111\/323
|
|-weather|SunnyDay|[upkeep]
|turn|42
|
|move|p1a: the dragon killer|Aqua Jet|p2a: Manzard
|-supereffective|p2a: Manzard
|-damage|p2a: Manzard|3\/323
|move|p2a: Manzard|Solar Beam|p1a: the dragon killer|[still]
|-prepare|p2a: Manzard|Solar Beam|p1a: the dragon killer
|-anim|p2a: Manzard|Solar Beam|p1a: the dragon killer
|-supereffective|p1a: the dragon killer
|-damage|p1a: the dragon killer|0 fnt
|faint|p1a: the dragon killer
|
|-weather|SunnyDay|[upkeep]
|
|switch|p1a: Pinsir|Pinsir, F|271\/271
|turn|43
|
|detailschange|p1a: Pinsir|Pinsir-Mega, F
|message|Pinsir has Mega Evolved into Mega Pinsir!
|move|p1a: Pinsir|Quick Attack|p2a: Manzard
|-damage|p2a: Manzard|0 fnt
|faint|p2a: Manzard
|
|-weather|SunnyDay|[upkeep]
|
|switch|p2a: Quagmire|Quagsire, F|302\/394 brn
|-damage|p2a: Quagmire|278\/394 brn|[from] Stealth Rock
|turn|44
|
|switch|p1a: Mamoswine|Mamoswine, F|85\/361
|move|p2a: Quagmire|Scald|p1a: Mamoswine
|-supereffective|p1a: Mamoswine
|-damage|p1a: Mamoswine|0 fnt
|faint|p1a: Mamoswine
|
|-weather|none
|-heal|p2a: Quagmire|302\/394 brn|[from] item: Leftovers
|-damage|p2a: Quagmire|253\/394 brn|[from] brn
|
|switch|p1a: Pinsir|Pinsir-Mega, F|271\/271
|turn|45
|
|move|p1a: Pinsir|Return|p2a: Quagmire
|-damage|p2a: Quagmire|48\/394 brn
|move|p2a: Quagmire|Recover|p2a: Quagmire
|-heal|p2a: Quagmire|245\/394 brn
|
|-heal|p2a: Quagmire|269\/394 brn|[from] item: Leftovers
|-damage|p2a: Quagmire|220\/394 brn|[from] brn
|turn|46
|
|move|p1a: Pinsir|Return|p2a: Quagmire
|-damage|p2a: Quagmire|0 fnt
|faint|p2a: Quagmire
|
|c|âSEXY GAMER DOG|g
|c|âSEXY GAMER DOG|g
|-message|SEXY GAMER DOG forfeited.
|
|win|LT1A killar
|raw|Ladder updating...
|c|âLT1A killar|gg
|leave|SEXY GAMER DOG
|player|p2
|raw|LT1A killar's rating: 1761 &rarr; <strong>1783<\/strong><br \/>(+22 for winning)
|raw|SEXY GAMER DOG's rating: 1800 &rarr; <strong>1778<\/strong><br \/>(-22 for losing)