|join|MoB Barley
|join|SEXY GAMER DOG
|player|p1|MoB Barley|161
|player|p2|SEXY GAMER DOG|275
|gametype|singles
|gen|6
|tier|OU
|rated
|clearpoke
|poke|p1|Azumarill, M, shiny
|poke|p1|Pinsir, M, shiny
|poke|p1|Azelf, shiny
|poke|p1|Raikou
|poke|p1|Landorus-Therian, M, shiny
|poke|p1|Keldeo-Resolute, shiny
|poke|p2|Skarmory, M
|poke|p2|Chansey, F
|poke|p2|Charizard, F
|poke|p2|Amoonguss, M
|poke|p2|Quagsire, F
|poke|p2|Gothitelle, F
|rule|Swagger Clause: Swagger is banned
|rule|Baton Pass Clause: Limit one PokÃ©mon knowing Baton Pass
|rule|Sleep Clause Mod: Limit one foe put to sleep
|rule|Species Clause: Limit one of each PokÃ©mon
|rule|OHKO Clause: OHKO moves are banned
|rule|Moody Clause: Moody is banned
|rule|Evasion Moves Clause: Evasion moves are banned
|rule|Endless Battle Clause: Forcing endless battles is banned
|rule|HP Percentage Mod: HP is shown in percentages
|teampreview
|c|âMoB Barley|cancer
|
|start
|switch|p1a: Azelf|Azelf, shiny|291\/291
|switch|p2a: Manzard|Charizard, F|323\/323
|turn|1
|
|detailschange|p2a: Manzard|Charizard-Mega-Y, F
|message|Charizard has Mega Evolved into Mega Charizard!
|-weather|SunnyDay
|move|p1a: Azelf|Stealth Rock|p2a: Manzard
|-sidestart|p2: SEXY GAMER DOG|move: Stealth Rock
|move|p2a: Manzard|Flamethrower|p1a: Azelf
|-enditem|p1a: Azelf|Focus Sash
|-damage|p1a: Azelf|1\/291
|
|-weather|SunnyDay|[upkeep]
|turn|2
|
|switch|p2a: Swagsire|Quagsire, F|394\/394
|-damage|p2a: Swagsire|370\/394|[from] Stealth Rock
|move|p1a: Azelf|Fire Blast|p2a: Swagsire
|-resisted|p2a: Swagsire
|-damage|p2a: Swagsire|251\/394
|-status|p2a: Swagsire|brn
|
|-weather|SunnyDay|[upkeep]
|-heal|p2a: Swagsire|275\/394 brn|[from] item: Leftovers
|-damage|p2a: Swagsire|226\/394 brn|[from] brn
|turn|3
|
|move|p1a: Azelf|Explosion|p2a: Swagsire
|-damage|p2a: Swagsire|0 fnt
|faint|p1a: Azelf
|faint|p2a: Swagsire
|
|-weather|SunnyDay|[upkeep]
|
|switch|p1a: Raikou|Raikou|321\/321
|switch|p2a: Gothitelletubby|Gothitelle, F|344\/344
|-damage|p2a: Gothitelletubby|301\/344|[from] Stealth Rock
|-ability|p1a: Raikou|Pressure
|turn|4
|
|move|p1a: Raikou|Volt Switch|p2a: Gothitelletubby
|-damage|p2a: Gothitelletubby|192\/344
|
|switch|p1a: Landorus-Therian|Landorus-Therian, M, shiny|319\/319
|-ability|p1a: Landorus-Therian|Intimidate|[of] p2a: Gothitelletubby
|-unboost|p2a: Gothitelletubby|atk|1
|move|p2a: Gothitelletubby|Trick|p1a: Landorus-Therian
|-activate|p2a: Gothitelletubby|move: Trick|[of] p1a: Landorus-Therian
|-item|p1a: Landorus-Therian|Choice Scarf|[from] move: Trick
|-item|p2a: Gothitelletubby|Choice Scarf|[from] move: Trick
|
|-weather|SunnyDay|[upkeep]
|turn|5
|
|move|p1a: Landorus-Therian|U-turn|p2a: Gothitelletubby
|-supereffective|p2a: Gothitelletubby
|-damage|p2a: Gothitelletubby|0 fnt
|faint|p2a: Gothitelletubby
|
|switch|p1a: Raikou|Raikou|321\/321
|-ability|p1a: Raikou|Pressure
|
|-weather|none
|
|switch|p2a: Unlucky Egg|Chansey, F|703\/703
|-damage|p2a: Unlucky Egg|616\/703|[from] Stealth Rock
|turn|6
|
|move|p1a: Raikou|Volt Switch|p2a: Unlucky Egg
|-damage|p2a: Unlucky Egg|543\/703
|
|switch|p1a: Azumarill|Azumarill, M, shiny|381\/381
|move|p2a: Unlucky Egg|Toxic|p1a: Azumarill|[miss]
|-miss|p2a: Unlucky Egg|p1a: Azumarill
|
|turn|7
|c|âSEXY GAMER DOG|no u
|
|switch|p1a: Pinsir|Pinsir, M, shiny|271\/271
|move|p2a: Unlucky Egg|Soft-Boiled|p2a: Unlucky Egg
|-heal|p2a: Unlucky Egg|703\/703
|
|turn|8
|
|switch|p1a: Landorus-Therian|Landorus-Therian, M, shiny|319\/319
|-ability|p1a: Landorus-Therian|Intimidate|[of] p2a: Unlucky Egg
|-unboost|p2a: Unlucky Egg|atk|1
|move|p2a: Unlucky Egg|Toxic|p1a: Landorus-Therian
|-status|p1a: Landorus-Therian|tox
|
|-damage|p1a: Landorus-Therian|300\/319 tox|[from] psn
|turn|9
|
|switch|p2a: Grasshole|Amoonguss, M|432\/432
|-damage|p2a: Grasshole|378\/432|[from] Stealth Rock
|move|p1a: Landorus-Therian|U-turn|p2a: Grasshole
|-damage|p2a: Grasshole|266\/432
|
|switch|p1a: Pinsir|Pinsir, M, shiny|271\/271
|
|-heal|p2a: Grasshole|293\/432|[from] item: Black Sludge
|turn|10
|
|switch|p2a: Metal Head|Skarmory, M|334\/334
|-damage|p2a: Metal Head|293\/334|[from] Stealth Rock
|detailschange|p1a: Pinsir|Pinsir-Mega, M, shiny
|message|Pinsir has Mega Evolved into Mega Pinsir!
|move|p1a: Pinsir|Return|p2a: Metal Head
|-resisted|p2a: Metal Head
|-damage|p2a: Metal Head|212\/334
|
|-heal|p2a: Metal Head|232\/334|[from] item: Leftovers
|turn|11
|
|move|p1a: Pinsir|Swords Dance|p1a: Pinsir
|-boost|p1a: Pinsir|atk|2
|move|p2a: Metal Head|Defog|p1a: Pinsir
|-unboost|p1a: Pinsir|evasion|1
|-sideend|p2: SEXY GAMER DOG|Stealth Rock|[from] move: Defog|[of] p2a: Metal Head
|
|-heal|p2a: Metal Head|252\/334|[from] item: Leftovers
|turn|12
|
|move|p1a: Pinsir|Return|p2a: Metal Head
|-resisted|p2a: Metal Head
|-damage|p2a: Metal Head|103\/334
|move|p2a: Metal Head|Roost|p2a: Metal Head
|-heal|p2a: Metal Head|270\/334
|
|-heal|p2a: Metal Head|290\/334|[from] item: Leftovers
|turn|13
|
|move|p1a: Pinsir|Return|p2a: Metal Head
|-resisted|p2a: Metal Head
|-damage|p2a: Metal Head|139\/334
|move|p2a: Metal Head|Brave Bird|p1a: Pinsir
|-crit|p1a: Pinsir
|-supereffective|p1a: Pinsir
|-damage|p1a: Pinsir|0 fnt
|-damage|p2a: Metal Head|50\/334|[from] recoil|[of] p1a: Pinsir
|faint|p1a: Pinsir
|
|-heal|p2a: Metal Head|70\/334|[from] item: Leftovers
|c|âMoB Barley|lol
|c|âMoB Barley|about to lose
|
|switch|p1a: Keldeo-Resolute|Keldeo-Resolute, shiny|323\/323
|turn|14
|
|switch|p2a: Grasshole|Amoonguss, M|432\/432
|move|p1a: Keldeo-Resolute|Calm Mind|p1a: Keldeo-Resolute
|-boost|p1a: Keldeo-Resolute|spa|1
|-boost|p1a: Keldeo-Resolute|spd|1
|
|turn|15
|
|move|p1a: Keldeo-Resolute|Substitute|p1a: Keldeo-Resolute
|-start|p1a: Keldeo-Resolute|Substitute
|-damage|p1a: Keldeo-Resolute|243\/323
|move|p2a: Grasshole|Spore|p1a: Keldeo-Resolute
|
|-heal|p1a: Keldeo-Resolute|263\/323|[from] item: Leftovers
|turn|16
|
|move|p1a: Keldeo-Resolute|Calm Mind|p1a: Keldeo-Resolute
|-boost|p1a: Keldeo-Resolute|spa|1
|-boost|p1a: Keldeo-Resolute|spd|1
|move|p2a: Grasshole|Giga Drain|p1a: Keldeo-Resolute
|-crit|p1a: Keldeo-Resolute
|-supereffective|p1a: Keldeo-Resolute
|-end|p1a: Keldeo-Resolute|Substitute
|
|-heal|p1a: Keldeo-Resolute|283\/323|[from] item: Leftovers
|turn|17
|
|move|p1a: Keldeo-Resolute|Substitute|p1a: Keldeo-Resolute
|-start|p1a: Keldeo-Resolute|Substitute
|-damage|p1a: Keldeo-Resolute|203\/323
|move|p2a: Grasshole|Clear Smog|p1a: Keldeo-Resolute
|-activate|p1a: Keldeo-Resolute|Substitute|[damage]
|
|-heal|p1a: Keldeo-Resolute|223\/323|[from] item: Leftovers
|turn|18
|
|move|p1a: Keldeo-Resolute|Calm Mind|p1a: Keldeo-Resolute
|-boost|p1a: Keldeo-Resolute|spa|1
|-boost|p1a: Keldeo-Resolute|spd|1
|move|p2a: Grasshole|Giga Drain|p1a: Keldeo-Resolute
|-supereffective|p1a: Keldeo-Resolute
|-end|p1a: Keldeo-Resolute|Substitute
|
|-heal|p1a: Keldeo-Resolute|243\/323|[from] item: Leftovers
|turn|19
|
|move|p1a: Keldeo-Resolute|Substitute|p1a: Keldeo-Resolute
|-start|p1a: Keldeo-Resolute|Substitute
|-damage|p1a: Keldeo-Resolute|163\/323
|move|p2a: Grasshole|Giga Drain|p1a: Keldeo-Resolute
|-supereffective|p1a: Keldeo-Resolute
|-activate|p1a: Keldeo-Resolute|Substitute|[damage]
|
|-heal|p1a: Keldeo-Resolute|183\/323|[from] item: Leftovers
|turn|20
|
|move|p1a: Keldeo-Resolute|Scald|p2a: Grasshole
|-resisted|p2a: Grasshole
|-damage|p2a: Grasshole|289\/432
|move|p2a: Grasshole|Giga Drain|p1a: Keldeo-Resolute
|-supereffective|p1a: Keldeo-Resolute
|-end|p1a: Keldeo-Resolute|Substitute
|-heal|p2a: Grasshole|295\/432|[from] drain|[of] p1a: Keldeo-Resolute
|
|-heal|p1a: Keldeo-Resolute|203\/323|[from] item: Leftovers
|-heal|p2a: Grasshole|322\/432|[from] item: Black Sludge
|turn|21
|
|move|p1a: Keldeo-Resolute|Substitute|p1a: Keldeo-Resolute
|-start|p1a: Keldeo-Resolute|Substitute
|-damage|p1a: Keldeo-Resolute|123\/323
|move|p2a: Grasshole|Giga Drain|p1a: Keldeo-Resolute
|-supereffective|p1a: Keldeo-Resolute
|-activate|p1a: Keldeo-Resolute|Substitute|[damage]
|-heal|p2a: Grasshole|355\/432|[from] drain|[of] p1a: Keldeo-Resolute
|
|-heal|p1a: Keldeo-Resolute|143\/323|[from] item: Leftovers
|-heal|p2a: Grasshole|382\/432|[from] item: Black Sludge
|turn|22
|
|move|p1a: Keldeo-Resolute|Secret Sword|p2a: Grasshole
|-resisted|p2a: Grasshole
|-damage|p2a: Grasshole|153\/432
|move|p2a: Grasshole|Giga Drain|p1a: Keldeo-Resolute
|-supereffective|p1a: Keldeo-Resolute
|-end|p1a: Keldeo-Resolute|Substitute
|-heal|p2a: Grasshole|160\/432|[from] drain|[of] p1a: Keldeo-Resolute
|
|-heal|p1a: Keldeo-Resolute|163\/323|[from] item: Leftovers
|-heal|p2a: Grasshole|187\/432|[from] item: Black Sludge
|turn|23
|
|move|p1a: Keldeo-Resolute|Secret Sword|p2a: Grasshole
|-resisted|p2a: Grasshole
|-damage|p2a: Grasshole|0 fnt
|faint|p2a: Grasshole
|
|-heal|p1a: Keldeo-Resolute|183\/323|[from] item: Leftovers
|
|switch|p2a: Manzard|Charizard-Mega-Y, F|323\/323
|-weather|SunnyDay
|turn|24
|
|move|p1a: Keldeo-Resolute|Scald|p2a: Manzard
|-supereffective|p2a: Manzard
|-damage|p2a: Manzard|15\/323
|move|p2a: Manzard|Solar Beam|p1a: Keldeo-Resolute|[still]
|-prepare|p2a: Manzard|Solar Beam|p1a: Keldeo-Resolute
|-anim|p2a: Manzard|Solar Beam|p1a: Keldeo-Resolute
|-supereffective|p1a: Keldeo-Resolute
|-damage|p1a: Keldeo-Resolute|19\/323
|
|-weather|SunnyDay|[upkeep]
|-heal|p1a: Keldeo-Resolute|39\/323|[from] item: Leftovers
|turn|25
|
|move|p1a: Keldeo-Resolute|Secret Sword|p2a: Manzard
|-resisted|p2a: Manzard
|-damage|p2a: Manzard|0 fnt
|faint|p2a: Manzard
|
|-weather|SunnyDay|[upkeep]
|-heal|p1a: Keldeo-Resolute|59\/323|[from] item: Leftovers
|
|switch|p2a: Unlucky Egg|Chansey, F|703\/703
|turn|26
|
|move|p1a: Keldeo-Resolute|Secret Sword|p2a: Unlucky Egg
|-supereffective|p2a: Unlucky Egg
|-damage|p2a: Unlucky Egg|0 fnt
|faint|p2a: Unlucky Egg
|
|-weather|SunnyDay|[upkeep]
|-heal|p1a: Keldeo-Resolute|79\/323|[from] item: Leftovers
|-message|SEXY GAMER DOG forfeited.
|
|win|MoB Barley
|raw|Ladder updating...
|leave|SEXY GAMER DOG
|player|p2
|raw|MoB Barley's rating: 1914 &rarr; <strong>1926<\/strong><br \/>(+12 for winning)
|raw|SEXY GAMER DOG's rating: 1761 &rarr; <strong>1750<\/strong><br \/>(-11 for losing)
|leave|MoB Barley
|player|p1