|join|asdf435
|join|SEXY GAMER DOG
|player|p1|asdf435|169
|player|p2|SEXY GAMER DOG|275
|gametype|singles
|gen|6
|tier|OU
|rated
|clearpoke
|poke|p1|Magnezone
|poke|p1|Azumarill, M
|poke|p1|Bisharp, F
|poke|p1|Clefable, F
|poke|p1|Landorus-Therian, M
|poke|p1|Latios, M
|poke|p2|Skarmory, F
|poke|p2|Chansey, F
|poke|p2|Charizard, F
|poke|p2|Amoonguss, F
|poke|p2|Quagsire, M
|poke|p2|Gothitelle, F
|rule|Swagger Clause: Swagger is banned
|rule|Baton Pass Clause: Limit one PokÃ©mon knowing Baton Pass
|rule|Sleep Clause Mod: Limit one foe put to sleep
|rule|Species Clause: Limit one of each PokÃ©mon
|rule|OHKO Clause: OHKO moves are banned
|rule|Moody Clause: Moody is banned
|rule|Evasion Moves Clause: Evasion moves are banned
|rule|Endless Battle Clause: Forcing endless battles is banned
|rule|HP Percentage Mod: HP is shown in percentages
|teampreview
|
|start
|switch|p1a: Landorus-Therian|Landorus-Therian, M|382\/382
|switch|p2a: Swagsire|Quagsire, M|394\/394
|-ability|p1a: Landorus-Therian|Intimidate|[of] p2a: Swagsire
|-unboost|p2a: Swagsire|atk|1
|turn|1
|
|switch|p2a: Metal Head|Skarmory, F|334\/334
|move|p1a: Landorus-Therian|U-turn|p2a: Metal Head
|-resisted|p2a: Metal Head
|-damage|p2a: Metal Head|324\/334
|
|switch|p1a: Magnezone|Magnezone|282\/282
|
|-heal|p2a: Metal Head|334\/334|[from] item: Leftovers
|turn|2
|
|move|p1a: Magnezone|Thunderbolt|p2a: Metal Head
|-supereffective|p2a: Metal Head
|-activate|p2a: Metal Head|Sturdy
|-damage|p2a: Metal Head|1\/334
|-status|p2a: Metal Head|par
|move|p2a: Metal Head|Stealth Rock|p1a: Magnezone
|-sidestart|p1: asdf435|move: Stealth Rock
|
|-heal|p2a: Metal Head|21\/334 par|[from] item: Leftovers
|turn|3
|
|move|p1a: Magnezone|Thunderbolt|p2a: Metal Head
|-supereffective|p2a: Metal Head
|-damage|p2a: Metal Head|0 fnt
|faint|p2a: Metal Head
|
|
|switch|p2a: Swagsire|Quagsire, M|394\/394
|turn|4
|
|switch|p1a: Latios|Latios, M|301\/301
|-damage|p1a: Latios|264\/301|[from] Stealth Rock
|move|p2a: Swagsire|Scald|p1a: Latios
|-resisted|p1a: Latios
|-damage|p1a: Latios|232\/301
|
|turn|5
|
|switch|p2a: Unlucky Egg|Chansey, F|703\/703
|move|p1a: Latios|Defog|p2a: Unlucky Egg
|-unboost|p2a: Unlucky Egg|evasion|1
|-sideend|p1: asdf435|Stealth Rock|[from] move: Defog|[of] p1a: Latios
|
|turn|6
|
|switch|p1a: Landorus-Therian|Landorus-Therian, M|382\/382
|-ability|p1a: Landorus-Therian|Intimidate|[of] p2a: Unlucky Egg
|-unboost|p2a: Unlucky Egg|atk|1
|move|p2a: Unlucky Egg|Toxic|p1a: Landorus-Therian
|-status|p1a: Landorus-Therian|tox
|
|-damage|p1a: Landorus-Therian|359\/382 tox|[from] psn
|turn|7
|
|switch|p2a: Manzard|Charizard, F|323\/323
|move|p1a: Landorus-Therian|Stealth Rock|p2a: Manzard
|-sidestart|p2: SEXY GAMER DOG|move: Stealth Rock
|
|-heal|p1a: Landorus-Therian|382\/382 tox|[from] item: Leftovers
|-damage|p1a: Landorus-Therian|336\/382 tox|[from] psn
|turn|8
|
|detailschange|p2a: Manzard|Charizard-Mega-Y, F
|message|Charizard has Mega Evolved into Mega Charizard!
|-weather|SunnyDay
|move|p2a: Manzard|Flamethrower|p1a: Landorus-Therian
|-damage|p1a: Landorus-Therian|0 fnt
|faint|p1a: Landorus-Therian
|
|-weather|SunnyDay|[upkeep]
|
|switch|p1a: Magnezone|Magnezone|282\/282
|turn|9
|
|move|p1a: Magnezone|Volt Switch|p2a: Manzard
|-supereffective|p2a: Manzard
|-damage|p2a: Manzard|101\/323
|
|switch|p1a: Latios|Latios, M|232\/301
|move|p2a: Manzard|Flamethrower|p1a: Latios
|-resisted|p1a: Latios
|-damage|p1a: Latios|100\/301
|
|-weather|SunnyDay|[upkeep]
|turn|10
|
|move|p1a: Latios|Psyshock|p2a: Manzard
|-damage|p2a: Manzard|0 fnt
|-damage|p1a: Latios|70\/301|[from] item: Life Orb
|faint|p2a: Manzard
|
|-weather|SunnyDay|[upkeep]
|
|switch|p2a: Unlucky Egg|Chansey, F|703\/703
|-damage|p2a: Unlucky Egg|616\/703|[from] Stealth Rock
|turn|11
|
|switch|p1a: Clefable|Clefable, F|394\/394
|move|p2a: Unlucky Egg|Soft-Boiled|p2a: Unlucky Egg
|-heal|p2a: Unlucky Egg|703\/703
|
|-weather|SunnyDay|[upkeep]
|turn|12
|
|switch|p2a: Gothitelletubby|Gothitelle, F|344\/344
|-damage|p2a: Gothitelletubby|301\/344|[from] Stealth Rock
|move|p1a: Clefable|Calm Mind|p1a: Clefable
|-boost|p1a: Clefable|spa|1
|-boost|p1a: Clefable|spd|1
|
|-weather|none
|turn|13
|
|move|p2a: Gothitelletubby|Trick|p1a: Clefable
|-activate|p2a: Gothitelletubby|move: Trick|[of] p1a: Clefable
|-item|p1a: Clefable|Choice Scarf|[from] move: Trick
|-item|p2a: Gothitelletubby|Leftovers|[from] move: Trick
|move|p1a: Clefable|Moonblast|p2a: Gothitelletubby
|-damage|p2a: Gothitelletubby|153\/344
|
|-heal|p2a: Gothitelletubby|174\/344|[from] item: Leftovers
|turn|14
|
|switch|p2a: Unlucky Egg|Chansey, F|703\/703
|-damage|p2a: Unlucky Egg|616\/703|[from] Stealth Rock
|move|p1a: Clefable|Moonblast|p2a: Unlucky Egg
|-damage|p2a: Unlucky Egg|508\/703
|
|turn|15
|
|switch|p1a: Bisharp|Bisharp, F|272\/272
|move|p2a: Unlucky Egg|Soft-Boiled|p2a: Unlucky Egg
|-heal|p2a: Unlucky Egg|703\/703
|
|turn|16
|
|move|p1a: Bisharp|Pursuit|p2a: Unlucky Egg|[from]Pursuit
|-damage|p2a: Unlucky Egg|472\/703
|switch|p2a: Swagsire|Quagsire, M|394\/394
|-damage|p2a: Swagsire|370\/394|[from] Stealth Rock
|
|-heal|p2a: Swagsire|394\/394|[from] item: Leftovers
|turn|17
|
|switch|p1a: Clefable|Clefable, F|394\/394
|move|p2a: Swagsire|Scald|p1a: Clefable
|-damage|p1a: Clefable|325\/394
|-status|p1a: Clefable|brn
|
|turn|18
|
|switch|p2a: Unlucky Egg|Chansey, F|472\/703
|-damage|p2a: Unlucky Egg|385\/703|[from] Stealth Rock
|move|p1a: Clefable|Moonblast|p2a: Unlucky Egg
|-damage|p2a: Unlucky Egg|310\/703
|
|turn|19
|
|switch|p1a: Bisharp|Bisharp, F|272\/272
|move|p2a: Unlucky Egg|Soft-Boiled|p2a: Unlucky Egg
|-heal|p2a: Unlucky Egg|662\/703
|
|turn|20
|
|move|p1a: Bisharp|Pursuit|p2a: Unlucky Egg|[from]Pursuit
|-damage|p2a: Unlucky Egg|437\/703
|switch|p2a: Swagsire|Quagsire, M|394\/394
|-damage|p2a: Swagsire|370\/394|[from] Stealth Rock
|
|-heal|p2a: Swagsire|394\/394|[from] item: Leftovers
|turn|21
|
|switch|p1a: Clefable|Clefable, F|325\/394 brn
|move|p2a: Swagsire|Earthquake|p1a: Clefable
|-damage|p1a: Clefable|235\/394 brn
|
|turn|22
|
|switch|p1a: Bisharp|Bisharp, F|272\/272
|move|p2a: Swagsire|Scald|p1a: Bisharp
|-crit|p1a: Bisharp
|-damage|p1a: Bisharp|149\/272
|
|turn|23
|
|switch|p1a: Azumarill|Azumarill, M|363\/363
|move|p2a: Swagsire|Scald|p1a: Azumarill
|-resisted|p1a: Azumarill
|-damage|p1a: Azumarill|321\/363
|
|turn|24
|
|move|p1a: Azumarill|Play Rough|p2a: Swagsire
|-damage|p2a: Swagsire|147\/394
|move|p2a: Swagsire|Scald|p1a: Azumarill
|-resisted|p1a: Azumarill
|-damage|p1a: Azumarill|279\/363
|
|-heal|p2a: Swagsire|171\/394|[from] item: Leftovers
|turn|25
|
|switch|p1a: Latios|Latios, M|70\/301
|switch|p2a: Gothitelletubby|Gothitelle, F|174\/344
|-damage|p2a: Gothitelletubby|131\/344|[from] Stealth Rock
|
|-heal|p2a: Gothitelletubby|152\/344|[from] item: Leftovers
|turn|26
|
|move|p1a: Latios|Draco Meteor|p2a: Gothitelletubby
|-damage|p2a: Gothitelletubby|0 fnt
|-unboost|p1a: Latios|spa|2
|-damage|p1a: Latios|40\/301|[from] item: Life Orb
|faint|p2a: Gothitelletubby
|
|
|switch|p2a: Unlucky Egg|Chansey, F|437\/703
|-damage|p2a: Unlucky Egg|350\/703|[from] Stealth Rock
|turn|27
|
|switch|p1a: Bisharp|Bisharp, F|149\/272
|move|p2a: Unlucky Egg|Soft-Boiled|p2a: Unlucky Egg
|-heal|p2a: Unlucky Egg|702\/703
|
|turn|28
|
|move|p1a: Bisharp|Knock Off|p2a: Unlucky Egg
|-damage|p2a: Unlucky Egg|387\/703
|-enditem|p2a: Unlucky Egg|Eviolite|[from] move: Knock Off|[of] p1a: Bisharp
|move|p2a: Unlucky Egg|Seismic Toss|p1a: Bisharp
|-damage|p1a: Bisharp|49\/272
|
|turn|29
|
|move|p1a: Bisharp|Iron Head|p2a: Unlucky Egg
|-damage|p2a: Unlucky Egg|110\/703
|cant|p2a: Unlucky Egg|flinch
|
|turn|30
|
|move|p1a: Bisharp|Knock Off|p2a: Unlucky Egg
|-crit|p2a: Unlucky Egg
|-damage|p2a: Unlucky Egg|0 fnt
|faint|p2a: Unlucky Egg
|
|-message|SEXY GAMER DOG forfeited.
|
|win|asdf435
|raw|Ladder updating...
|leave|SEXY GAMER DOG
|player|p2
|raw|asdf435's rating: 1723 &rarr; <strong>1741<\/strong><br \/>(+18 for winning)
|raw|SEXY GAMER DOG's rating: 1702 &rarr; <strong>1683<\/strong><br \/>(-19 for losing)