|join|SEXY GAMER DOG
|join|sid testing team
|player|p1|SEXY GAMER DOG|1
|player|p2|sid testing team|68
|gametype|singles
|gen|6
|tier|OU (suspect test)
|rated
|clearpoke
|poke|p1|Sableye, F
|poke|p1|Cresselia, F
|poke|p1|Chansey, F
|poke|p1|Skarmory, F
|poke|p1|Quagsire, M
|poke|p1|Gothitelle, M
|poke|p2|Chansey, F
|poke|p2|Skarmory, M
|poke|p2|Quagsire, F
|poke|p2|Charizard, M
|poke|p2|Gothitelle, M
|poke|p2|Amoonguss, M
|rule|Swagger Clause: Swagger is banned
|rule|Baton Pass Clause: Limit one PokÃ©mon knowing Baton Pass
|rule|Sleep Clause Mod: Limit one foe put to sleep
|rule|Species Clause: Limit one of each PokÃ©mon
|rule|OHKO Clause: OHKO moves are banned
|rule|Moody Clause: Moody is banned
|rule|Evasion Moves Clause: Evasion moves are banned
|rule|Endless Battle Clause: Forcing endless battles is banned
|rule|HP Percentage Mod: HP is shown in percentages
|teampreview
|
|start
|switch|p1a: LE GEM XD XD|Sableye, F|304\/304
|switch|p2a: Charizard|Charizard, M|358\/358
|turn|1
|
|switch|p1a: Queen of Twerk|Chansey, F|704\/704
|detailschange|p2a: Charizard|Charizard-Mega-Y, M
|-mega|p2a: Charizard|Charizard|Charizardite Y
|-weather|SunnyDay
|move|p2a: Charizard|Flamethrower|p1a: Queen of Twerk
|-damage|p1a: Queen of Twerk|532\/704
|
|-weather|SunnyDay|[upkeep]
|turn|2
|
|switch|p1a: LE GEM XD XD|Sableye, F|304\/304
|move|p2a: Charizard|Focus Blast|p1a: LE GEM XD XD
|-immune|p1a: LE GEM XD XD|[msg]
|
|-weather|SunnyDay|[upkeep]
|turn|3
|
|detailschange|p1a: LE GEM XD XD|Sableye-Mega, F
|-mega|p1a: LE GEM XD XD|Sableye|Sablenite
|move|p1a: LE GEM XD XD|Calm Mind|p1a: LE GEM XD XD
|-boost|p1a: LE GEM XD XD|spa|1
|-boost|p1a: LE GEM XD XD|spd|1
|move|p2a: Charizard|Flamethrower|p1a: LE GEM XD XD
|-damage|p1a: LE GEM XD XD|147\/304
|
|-weather|SunnyDay|[upkeep]
|turn|4
|
|move|p2a: Charizard|Flamethrower|p1a: LE GEM XD XD
|-damage|p1a: LE GEM XD XD|8\/304
|move|p1a: LE GEM XD XD|Recover|p1a: LE GEM XD XD
|-heal|p1a: LE GEM XD XD|160\/304
|
|-weather|SunnyDay|[upkeep]
|turn|5
|
|move|p2a: Charizard|Flamethrower|p1a: LE GEM XD XD
|-damage|p1a: LE GEM XD XD|22\/304
|move|p1a: LE GEM XD XD|Recover|p1a: LE GEM XD XD
|-heal|p1a: LE GEM XD XD|174\/304
|
|-weather|none
|turn|6
|
|switch|p2a: Amoonguss|Amoonguss, M|429\/429
|move|p1a: LE GEM XD XD|Recover|p1a: LE GEM XD XD
|-heal|p1a: LE GEM XD XD|304\/304
|
|turn|7
|
|move|p2a: Amoonguss|Foul Play|p1a: LE GEM XD XD
|-damage|p1a: LE GEM XD XD|272\/304
|move|p1a: LE GEM XD XD|Snarl|p2a: Amoonguss
|-damage|p2a: Amoonguss|351\/429
|-unboost|p2a: Amoonguss|spa|1
|
|-heal|p2a: Amoonguss|377\/429|[from] item: Black Sludge
|turn|8
|
|move|p2a: Amoonguss|Clear Smog|p1a: LE GEM XD XD
|-resisted|p1a: LE GEM XD XD
|-damage|p1a: LE GEM XD XD|262\/304
|-clearboost|p1a: LE GEM XD XD
|move|p1a: LE GEM XD XD|Will-O-Wisp|p2a: Amoonguss
|-status|p2a: Amoonguss|brn
|
|-heal|p2a: Amoonguss|403\/429 brn|[from] item: Black Sludge
|-damage|p2a: Amoonguss|350\/429 brn|[from] brn
|turn|9
|
|switch|p2a: Charizard|Charizard-Mega-Y, M|358\/358
|-weather|SunnyDay
|switch|p1a: Gothitelletubby|Gothitelle, M|344\/344
|
|-weather|SunnyDay|[upkeep]
|turn|10
|
|switch|p1a: Queen of Twerk|Chansey, F|532\/704
|move|p2a: Charizard|Flamethrower|p1a: Queen of Twerk
|-damage|p1a: Queen of Twerk|364\/704
|
|-weather|SunnyDay|[upkeep]
|turn|11
|
|switch|p2a: Gothitelle|Gothitelle, M|301\/301
|move|p1a: Queen of Twerk|Thunder Wave|p2a: Gothitelle
|-status|p2a: Gothitelle|par
|
|-weather|SunnyDay|[upkeep]
|turn|12
|
|move|p1a: Queen of Twerk|Seismic Toss|p2a: Gothitelle
|-damage|p2a: Gothitelle|201\/301 par
|move|p2a: Gothitelle|Trick|p1a: Queen of Twerk
|-activate|p2a: Gothitelle|move: Trick|[of] p1a: Queen of Twerk
|-item|p1a: Queen of Twerk|Choice Scarf|[from] move: Trick
|-item|p2a: Gothitelle|Eviolite|[from] move: Trick
|
|-weather|SunnyDay|[upkeep]
|turn|13
|
|move|p1a: Queen of Twerk|Seismic Toss|p2a: Gothitelle
|-damage|p2a: Gothitelle|101\/301 par
|cant|p2a: Gothitelle|par
|
|-weather|none
|turn|14
|
|move|p1a: Queen of Twerk|Seismic Toss|p2a: Gothitelle
|-damage|p2a: Gothitelle|1\/301 par
|move|p2a: Gothitelle|Rest|p2a: Gothitelle
|-status|p2a: Gothitelle|slp
|-heal|p2a: Gothitelle|301\/301 slp|[silent]
|-status|p2a: Gothitelle|slp|[from] move: Rest
|
|turn|15
|
|cant|p2a: Gothitelle|slp
|move|p1a: Queen of Twerk|Seismic Toss|p2a: Gothitelle
|-damage|p2a: Gothitelle|201\/301 slp
|
|turn|16
|
|cant|p2a: Gothitelle|slp
|move|p1a: Queen of Twerk|Seismic Toss|p2a: Gothitelle
|-damage|p2a: Gothitelle|101\/301 slp
|
|turn|17
|
|-curestatus|p2a: Gothitelle|slp
|move|p2a: Gothitelle|Rest|p2a: Gothitelle
|-status|p2a: Gothitelle|slp
|-heal|p2a: Gothitelle|301\/301 slp|[silent]
|-status|p2a: Gothitelle|slp|[from] move: Rest
|move|p1a: Queen of Twerk|Seismic Toss|p2a: Gothitelle
|-damage|p2a: Gothitelle|201\/301 slp
|
|turn|18
|
|cant|p2a: Gothitelle|slp
|move|p1a: Queen of Twerk|Seismic Toss|p2a: Gothitelle
|-damage|p2a: Gothitelle|101\/301 slp
|
|turn|19
|
|cant|p2a: Gothitelle|slp
|move|p1a: Queen of Twerk|Seismic Toss|p2a: Gothitelle
|-damage|p2a: Gothitelle|1\/301 slp
|
|turn|20
|
|-curestatus|p2a: Gothitelle|slp
|move|p2a: Gothitelle|Rest|p2a: Gothitelle
|-status|p2a: Gothitelle|slp
|-heal|p2a: Gothitelle|301\/301 slp|[silent]
|-status|p2a: Gothitelle|slp|[from] move: Rest
|move|p1a: Queen of Twerk|Seismic Toss|p2a: Gothitelle
|-damage|p2a: Gothitelle|201\/301 slp
|
|turn|21
|
|cant|p2a: Gothitelle|slp
|move|p1a: Queen of Twerk|Seismic Toss|p2a: Gothitelle
|-damage|p2a: Gothitelle|101\/301 slp
|
|turn|22
|c|âsid testing team|Hurry up
|
|cant|p2a: Gothitelle|slp
|move|p1a: Queen of Twerk|Seismic Toss|p2a: Gothitelle
|-damage|p2a: Gothitelle|1\/301 slp
|
|turn|23
|
|-curestatus|p2a: Gothitelle|slp
|move|p2a: Gothitelle|Rest|p2a: Gothitelle
|-status|p2a: Gothitelle|slp
|-heal|p2a: Gothitelle|301\/301 slp|[silent]
|-status|p2a: Gothitelle|slp|[from] move: Rest
|move|p1a: Queen of Twerk|Seismic Toss|p2a: Gothitelle
|-damage|p2a: Gothitelle|201\/301 slp
|
|turn|24
|
|cant|p2a: Gothitelle|slp
|move|p1a: Queen of Twerk|Seismic Toss|p2a: Gothitelle
|-damage|p2a: Gothitelle|101\/301 slp
|
|turn|25
|
|cant|p2a: Gothitelle|slp
|move|p1a: Queen of Twerk|Seismic Toss|p2a: Gothitelle
|-damage|p2a: Gothitelle|1\/301 slp
|
|turn|26
|
|-curestatus|p2a: Gothitelle|slp
|move|p2a: Gothitelle|Rest|p2a: Gothitelle
|-status|p2a: Gothitelle|slp
|-heal|p2a: Gothitelle|301\/301 slp|[silent]
|-status|p2a: Gothitelle|slp|[from] move: Rest
|move|p1a: Queen of Twerk|Seismic Toss|p2a: Gothitelle
|-damage|p2a: Gothitelle|201\/301 slp
|
|turn|27
|
|cant|p2a: Gothitelle|slp
|move|p1a: Queen of Twerk|Seismic Toss|p2a: Gothitelle
|-damage|p2a: Gothitelle|101\/301 slp
|
|turn|28
|
|cant|p2a: Gothitelle|slp
|move|p1a: Queen of Twerk|Seismic Toss|p2a: Gothitelle
|-damage|p2a: Gothitelle|1\/301 slp
|
|turn|29
|
|-curestatus|p2a: Gothitelle|slp
|move|p2a: Gothitelle|Rest|p2a: Gothitelle
|-status|p2a: Gothitelle|slp
|-heal|p2a: Gothitelle|301\/301 slp|[silent]
|-status|p2a: Gothitelle|slp|[from] move: Rest
|move|p1a: Queen of Twerk|Seismic Toss|p2a: Gothitelle
|-damage|p2a: Gothitelle|201\/301 slp
|
|turn|30
|
|cant|p2a: Gothitelle|slp
|move|p1a: Queen of Twerk|Seismic Toss|p2a: Gothitelle
|-damage|p2a: Gothitelle|101\/301 slp
|
|turn|31
|
|cant|p2a: Gothitelle|slp
|move|p1a: Queen of Twerk|Seismic Toss|p2a: Gothitelle
|-damage|p2a: Gothitelle|1\/301 slp
|
|turn|32
|
|-curestatus|p2a: Gothitelle|slp
|move|p2a: Gothitelle|Rest|p2a: Gothitelle
|-status|p2a: Gothitelle|slp
|-heal|p2a: Gothitelle|301\/301 slp|[silent]
|-status|p2a: Gothitelle|slp|[from] move: Rest
|move|p1a: Queen of Twerk|Seismic Toss|p2a: Gothitelle
|-damage|p2a: Gothitelle|201\/301 slp
|
|turn|33
|
|cant|p2a: Gothitelle|slp
|move|p1a: Queen of Twerk|Seismic Toss|p2a: Gothitelle
|-damage|p2a: Gothitelle|101\/301 slp
|
|turn|34
|
|cant|p2a: Gothitelle|slp
|move|p1a: Queen of Twerk|Seismic Toss|p2a: Gothitelle
|-damage|p2a: Gothitelle|1\/301 slp
|
|turn|35
|
|-curestatus|p2a: Gothitelle|slp
|move|p2a: Gothitelle|Rest|p2a: Gothitelle
|-status|p2a: Gothitelle|slp
|-heal|p2a: Gothitelle|301\/301 slp|[silent]
|-status|p2a: Gothitelle|slp|[from] move: Rest
|move|p1a: Queen of Twerk|Seismic Toss|p2a: Gothitelle
|-damage|p2a: Gothitelle|201\/301 slp
|
|turn|36
|
|cant|p2a: Gothitelle|slp
|move|p1a: Queen of Twerk|Seismic Toss|p2a: Gothitelle
|-damage|p2a: Gothitelle|101\/301 slp
|
|turn|37
|
|cant|p2a: Gothitelle|slp
|move|p1a: Queen of Twerk|Seismic Toss|p2a: Gothitelle
|-damage|p2a: Gothitelle|1\/301 slp
|
|turn|38
|
|-curestatus|p2a: Gothitelle|slp
|move|p2a: Gothitelle|Rest|p2a: Gothitelle
|-status|p2a: Gothitelle|slp
|-heal|p2a: Gothitelle|301\/301 slp|[silent]
|-status|p2a: Gothitelle|slp|[from] move: Rest
|move|p1a: Queen of Twerk|Seismic Toss|p2a: Gothitelle
|-damage|p2a: Gothitelle|201\/301 slp
|
|turn|39
|
|cant|p2a: Gothitelle|slp
|move|p1a: Queen of Twerk|Seismic Toss|p2a: Gothitelle
|-damage|p2a: Gothitelle|101\/301 slp
|
|turn|40
|
|cant|p2a: Gothitelle|slp
|move|p1a: Queen of Twerk|Seismic Toss|p2a: Gothitelle
|-damage|p2a: Gothitelle|1\/301 slp
|
|turn|41
|
|-curestatus|p2a: Gothitelle|slp
|move|p2a: Gothitelle|Rest|p2a: Gothitelle
|-status|p2a: Gothitelle|slp
|-heal|p2a: Gothitelle|301\/301 slp|[silent]
|-status|p2a: Gothitelle|slp|[from] move: Rest
|move|p1a: Queen of Twerk|Seismic Toss|p2a: Gothitelle
|-damage|p2a: Gothitelle|201\/301 slp
|
|turn|42
|
|cant|p2a: Gothitelle|slp
|move|p1a: Queen of Twerk|Seismic Toss|p2a: Gothitelle
|-damage|p2a: Gothitelle|101\/301 slp
|
|turn|43
|
|cant|p2a: Gothitelle|slp
|move|p1a: Queen of Twerk|Seismic Toss|p2a: Gothitelle
|-damage|p2a: Gothitelle|1\/301 slp
|
|turn|44
|
|-curestatus|p2a: Gothitelle|slp
|move|p2a: Gothitelle|Rest|p2a: Gothitelle
|-status|p2a: Gothitelle|slp
|-heal|p2a: Gothitelle|301\/301 slp|[silent]
|-status|p2a: Gothitelle|slp|[from] move: Rest
|move|p1a: Queen of Twerk|Struggle|p2a: Gothitelle
|-damage|p2a: Gothitelle|298\/301 slp
|-damage|p1a: Queen of Twerk|188\/704
|
|turn|45
|
|cant|p2a: Gothitelle|slp
|move|p1a: Queen of Twerk|Struggle|p2a: Gothitelle
|-damage|p2a: Gothitelle|295\/301 slp
|-damage|p1a: Queen of Twerk|12\/704
|
|turn|46
|
|cant|p2a: Gothitelle|slp
|move|p1a: Queen of Twerk|Struggle|p2a: Gothitelle
|-damage|p2a: Gothitelle|292\/301 slp
|-damage|p1a: Queen of Twerk|0 fnt
|faint|p1a: Queen of Twerk
|
|
|switch|p1a: Metal as Fuck|Skarmory, F|334\/334
|turn|47
|
|switch|p1a: LE GEM XD XD|Sableye-Mega, F|262\/304
|-curestatus|p2a: Gothitelle|slp
|move|p2a: Gothitelle|Trick|p1a: LE GEM XD XD
|-fail|p1a: LE GEM XD XD
|
|turn|48
|
|switch|p2a: Charizard|Charizard-Mega-Y, M|358\/358
|-weather|SunnyDay
|move|p1a: LE GEM XD XD|Calm Mind|p1a: LE GEM XD XD
|-boost|p1a: LE GEM XD XD|spa|1
|-boost|p1a: LE GEM XD XD|spd|1
|
|-weather|SunnyDay|[upkeep]
|turn|49
|
|move|p2a: Charizard|Flamethrower|p1a: LE GEM XD XD
|-damage|p1a: LE GEM XD XD|103\/304
|move|p1a: LE GEM XD XD|Recover|p1a: LE GEM XD XD
|-heal|p1a: LE GEM XD XD|255\/304
|
|-weather|SunnyDay|[upkeep]
|turn|50
|
|move|p2a: Charizard|Flamethrower|p1a: LE GEM XD XD
|-crit|p1a: LE GEM XD XD
|-damage|p1a: LE GEM XD XD|0 fnt
|faint|p1a: LE GEM XD XD
|
|-weather|SunnyDay|[upkeep]
|c|âsid testing team|Yes
|-message|SEXY GAMER DOG forfeited.
|leave|SEXY GAMER DOG
|
|win|sid testing team
|raw|Ladder updating...
|player|p1
|raw|SEXY GAMER DOG's rating: 1106 &rarr; <strong>1077<\/strong><br \/>(-29 for losing)
|raw|sid testing team's rating: 1048 &rarr; <strong>1087<\/strong><br \/>(+39 for winning)