|join|anamchara
|join|beancount
|player|p1|anamchara|1
|player|p2|beancount|170
|gametype|singles
|gen|6
|tier|UU
|rated
|rule|Sleep Clause Mod: Limit one foe put to sleep
|rule|Species Clause: Limit one of each PokÃ©mon
|rule|OHKO Clause: OHKO moves are banned
|rule|Moody Clause: Moody is banned
|rule|Evasion Moves Clause: Evasion moves are banned
|rule|Endless Battle Clause: Forcing endless battles is banned
|rule|HP Percentage Mod: HP is shown in percentages
|clearpoke
|poke|p1|Azelf
|poke|p1|Arcanine, F
|poke|p1|Florges, F
|poke|p1|Honchkrow, F
|poke|p1|Hydreigon, M
|poke|p1|Blastoise, F
|poke|p2|Sharpedo, M
|poke|p2|Machamp, M
|poke|p2|Swampert, F
|poke|p2|Chandelure, F
|poke|p2|Roserade, F
|poke|p2|Cloyster, M
|rule|Swagger Clause: Swagger is banned
|rule|Baton Pass Clause: Limit one PokÃ©mon knowing Baton Pass
|teampreview
|c|âbeancount|so standard oml
|
|start
|switch|p1a: Azelf|Azelf|291\/291
|switch|p2a: Cloyster|Cloyster, M|241\/241
|turn|1
|
|move|p1a: Azelf|Flamethrower|p2a: Cloyster
|-damage|p2a: Cloyster|58\/241
|move|p2a: Cloyster|Shell Smash|p2a: Cloyster
|-boost|p2a: Cloyster|atk|2
|-boost|p2a: Cloyster|spa|2
|-boost|p2a: Cloyster|spe|2
|-unboost|p2a: Cloyster|def|1
|-unboost|p2a: Cloyster|spd|1
|
|turn|2
|
|switch|p1a: Arcanine|Arcanine, F|384\/384
|-ability|p1a: Arcanine|Intimidate|[of] p2a: Cloyster
|-unboost|p2a: Cloyster|atk|1
|move|p2a: Cloyster|Rock Blast|p1a: Arcanine
|-supereffective|p1a: Arcanine
|-damage|p1a: Arcanine|316\/384
|-supereffective|p1a: Arcanine
|-damage|p1a: Arcanine|242\/384
|-supereffective|p1a: Arcanine
|-damage|p1a: Arcanine|178\/384
|-supereffective|p1a: Arcanine
|-damage|p1a: Arcanine|116\/384
|-supereffective|p1a: Arcanine
|-damage|p1a: Arcanine|44\/384
|-hitcount|p1a: Arcanine|5
|
|turn|3
|
|switch|p1a: Blastoise|Blastoise, F|362\/362
|move|p2a: Cloyster|Rock Blast|p1a: Blastoise
|-damage|p1a: Blastoise|323\/362
|-crit|p1a: Blastoise
|-damage|p1a: Blastoise|263\/362
|-damage|p1a: Blastoise|229\/362
|-damage|p1a: Blastoise|190\/362
|-damage|p1a: Blastoise|154\/362
|-hitcount|p1a: Blastoise|5
|
|turn|4
|
|switch|p1a: Arcanine|Arcanine, F|44\/384
|-ability|p1a: Arcanine|Intimidate|[of] p2a: Cloyster
|-unboost|p2a: Cloyster|atk|1
|move|p2a: Cloyster|Rock Blast|p1a: Arcanine
|-supereffective|p1a: Arcanine
|-damage|p1a: Arcanine|0 fnt
|-hitcount|p1a: Arcanine|1
|faint|p1a: Arcanine
|
|
|switch|p1a: Florges|Florges, F|360\/360
|turn|5
|
|switch|p2a: Roserade|Roserade, F|261\/261
|move|p1a: Florges|Moonblast|p2a: Roserade
|-resisted|p2a: Roserade
|-damage|p2a: Roserade|198\/261
|
|turn|6
|
|move|p2a: Roserade|Toxic Spikes|p1a: Florges
|-sidestart|p1: anamchara|move: Toxic Spikes
|move|p1a: Florges|Wish|p1a: Florges
|
|turn|7
|
|switch|p1a: Azelf|Azelf|291\/291
|move|p2a: Roserade|Sludge Bomb|p1a: Azelf
|-damage|p1a: Azelf|2\/291
|-status|p1a: Azelf|psn
|-damage|p2a: Roserade|172\/261|[from] item: Life Orb
|
|-heal|p1a: Azelf|182\/291 psn|[from] move: Wish|[wisher] Florges
|-damage|p1a: Azelf|146\/291 psn|[from] psn
|turn|8
|
|switch|p2a: Cloyster|Cloyster, M|58\/241
|move|p1a: Azelf|Psyshock|p2a: Cloyster
|-damage|p2a: Cloyster|0 fnt
|faint|p2a: Cloyster
|
|-damage|p1a: Azelf|110\/291 psn|[from] psn
|
|switch|p2a: Swampert|Swampert, F|403\/403
|turn|9
|
|switch|p1a: Hydreigon|Hydreigon, M|325\/325
|move|p2a: Swampert|Stealth Rock|p1a: Hydreigon
|-sidestart|p1: anamchara|move: Stealth Rock
|
|turn|10
|
|switch|p2a: Machamp|Machamp, M|364\/364
|move|p1a: Hydreigon|Dark Pulse|p2a: Machamp
|-resisted|p2a: Machamp
|-damage|p2a: Machamp|295\/364
|-damage|p1a: Hydreigon|293\/325|[from] item: Life Orb
|
|turn|11
|
|move|p1a: Hydreigon|Draco Meteor|p2a: Machamp
|-damage|p2a: Machamp|71\/364
|-unboost|p1a: Hydreigon|spa|2
|-damage|p1a: Hydreigon|261\/325|[from] item: Life Orb
|move|p2a: Machamp|Close Combat|p1a: Hydreigon
|-supereffective|p1a: Hydreigon
|-damage|p1a: Hydreigon|0 fnt
|-unboost|p2a: Machamp|def|1
|-unboost|p2a: Machamp|spd|1
|faint|p1a: Hydreigon
|
|
|switch|p1a: Blastoise|Blastoise, F|154\/362
|-damage|p1a: Blastoise|109\/362|[from] Stealth Rock
|-status|p1a: Blastoise|psn
|turn|12
|
|detailschange|p1a: Blastoise|Blastoise-Mega, F
|-mega|p1a: Blastoise|Blastoise|Blastoisinite
|move|p1a: Blastoise|Rapid Spin|p2a: Machamp
|-damage|p2a: Machamp|43\/364
|-sideend|p1: anamchara|Toxic Spikes|[from] move: Rapid Spin|[of] p1a: Blastoise
|-sideend|p1: anamchara|Stealth Rock|[from] move: Rapid Spin|[of] p1a: Blastoise
|move|p2a: Machamp|Close Combat|p1a: Blastoise
|-damage|p1a: Blastoise|0 fnt
|-unboost|p2a: Machamp|def|1
|-unboost|p2a: Machamp|spd|1
|faint|p1a: Blastoise
|
|
|switch|p1a: Honchkrow|Honchkrow, F|341\/341
|turn|13
|
|move|p1a: Honchkrow|Sucker Punch|p2a: Machamp
|-resisted|p2a: Machamp
|-damage|p2a: Machamp|0 fnt
|-damage|p1a: Honchkrow|307\/341|[from] item: Life Orb
|faint|p2a: Machamp
|-boost|p1a: Honchkrow|atk|1|[from] ability: Moxie
|
|
|switch|p2a: Chandelure|Chandelure, F|261\/261
|turn|14
|
|move|p2a: Chandelure|Trick|p1a: Honchkrow
|-activate|p2a: Chandelure|move: Trick|[of] p1a: Honchkrow
|-item|p1a: Honchkrow|Choice Scarf|[from] move: Trick
|-item|p2a: Chandelure|Life Orb|[from] move: Trick
|move|p1a: Honchkrow|Brave Bird|p2a: Chandelure
|-damage|p2a: Chandelure|0 fnt
|-damage|p1a: Honchkrow|221\/341|[from] recoil|[of] p2a: Chandelure
|faint|p2a: Chandelure
|-boost|p1a: Honchkrow|atk|1|[from] ability: Moxie
|
|
|switch|p2a: Sharpedo|Sharpedo, M|281\/281
|turn|15
|
|move|p2a: Sharpedo|Protect|p2a: Sharpedo
|-singleturn|p2a: Sharpedo|Protect
|move|p1a: Honchkrow|Brave Bird|p2a: Sharpedo
|-activate|p2a: Sharpedo|Protect
|
|-boost|p2a: Sharpedo|spe|1|[from] ability: Speed Boost
|turn|16
|c|âbeancount|sigh
|
|move|p2a: Sharpedo|Waterfall|p1a: Honchkrow
|-damage|p1a: Honchkrow|0 fnt
|faint|p1a: Honchkrow
|
|-boost|p2a: Sharpedo|spe|1|[from] ability: Speed Boost
|
|switch|p1a: Florges|Florges, F|360\/360
|turn|17
|
|switch|p2a: Swampert|Swampert, F|403\/403
|move|p1a: Florges|Wish|p1a: Florges
|
|turn|18
|
|move|p1a: Florges|Toxic|p2a: Swampert
|-status|p2a: Swampert|tox
|move|p2a: Swampert|Scald|p1a: Florges
|-damage|p1a: Florges|311\/360
|
|-heal|p1a: Florges|360\/360|[from] move: Wish|[wisher] Florges
|-damage|p2a: Swampert|378\/403 tox|[from] psn
|turn|19
|
|move|p1a: Florges|Aromatherapy|p1a: Florges
|-cureteam|p1a: Florges|[from] move: Aromatherapy
|move|p2a: Swampert|Earthquake|p1a: Florges
|-damage|p1a: Florges|251\/360
|
|-heal|p1a: Florges|273\/360|[from] item: Leftovers
|-heal|p2a: Swampert|403\/403 tox|[from] item: Leftovers
|-damage|p2a: Swampert|353\/403 tox|[from] psn
|turn|20
|
|switch|p2a: Roserade|Roserade, F|172\/261
|move|p1a: Florges|Moonblast|p2a: Roserade
|-resisted|p2a: Roserade
|-damage|p2a: Roserade|112\/261
|
|-heal|p1a: Florges|295\/360|[from] item: Leftovers
|turn|21
|
|move|p2a: Roserade|Sludge Bomb|p1a: Florges
|-supereffective|p1a: Florges
|-damage|p1a: Florges|0 fnt
|-damage|p2a: Roserade|86\/261|[from] item: Life Orb
|faint|p1a: Florges
|
|
|switch|p1a: Azelf|Azelf|110\/291
|turn|22
|c|âbeancount|gg
|
|move|p1a: Azelf|Psyshock|p2a: Roserade
|-supereffective|p2a: Roserade
|-damage|p2a: Roserade|0 fnt
|faint|p2a: Roserade
|
|
|switch|p2a: Sharpedo|Sharpedo, M|281\/281
|turn|23
|
|move|p2a: Sharpedo|Protect|p2a: Sharpedo
|-singleturn|p2a: Sharpedo|Protect
|move|p1a: Azelf|Dazzling Gleam|p2a: Sharpedo
|-activate|p2a: Sharpedo|Protect
|
|-boost|p2a: Sharpedo|spe|1|[from] ability: Speed Boost
|turn|24
|c|âbeancount|got ya
|
|move|p2a: Sharpedo|Crunch|p1a: Azelf
|-crit|p1a: Azelf
|-supereffective|p1a: Azelf
|-damage|p1a: Azelf|0 fnt
|faint|p1a: Azelf
|
|win|beancount
|raw|Ladder updating...
|raw|anamchara's rating: 1337 &rarr; <strong>1311<\/strong><br \/>(-26 for losing)
|raw|beancount's rating: 1227 &rarr; <strong>1259<\/strong><br \/>(+32 for winning)
|leave|anamchara