|join|Big papa 12 inches
|join|beancount
|player|p1|Big papa 12 inches|76
|player|p2|beancount|102
|gametype|singles
|gen|6
|tier|UU
|rated
|rule|Sleep Clause Mod: Limit one foe put to sleep
|rule|Species Clause: Limit one of each PokÃ©mon
|rule|OHKO Clause: OHKO moves are banned
|rule|Moody Clause: Moody is banned
|rule|Evasion Moves Clause: Evasion moves are banned
|rule|Endless Battle Clause: Forcing endless battles is banned
|rule|HP Percentage Mod: HP is shown in percentages
|clearpoke
|poke|p1|Forretress, M
|poke|p1|Yanmega, M
|poke|p1|Mismagius, M
|poke|p1|Absol, F
|poke|p1|Raikou
|poke|p1|Darmanitan, M
|poke|p2|Sharpedo, F
|poke|p2|Machamp, F
|poke|p2|Swampert, M
|poke|p2|Chandelure, F
|poke|p2|Roserade, F
|poke|p2|Cloyster, M
|rule|Swagger Clause: Swagger is banned
|rule|Baton Pass Clause: Limit one PokÃ©mon knowing Baton Pass
|teampreview
|
|start
|switch|p1a: Forretress|Forretress, M|353\/353
|switch|p2a: Roserade|Roserade, F|261\/261
|turn|1
|
|move|p2a: Roserade|Sleep Powder|p1a: Forretress
|-status|p1a: Forretress|slp
|cant|p1a: Forretress|slp
|
|turn|2
|
|switch|p1a: Yanmega|Yanmega, M|313\/313
|move|p2a: Roserade|Toxic Spikes|p1a: Yanmega
|-sidestart|p1: Big papa 12 inches|move: Toxic Spikes
|
|turn|3
|
|move|p1a: Yanmega|Detect|p1a: Yanmega
|-singleturn|p1a: Yanmega|Protect
|move|p2a: Roserade|Sludge Bomb|p1a: Yanmega
|-activate|p1a: Yanmega|Protect
|
|-boost|p1a: Yanmega|spe|1|[from] ability: Speed Boost
|turn|4
|
|move|p1a: Yanmega|Air Slash|p2a: Roserade
|-supereffective|p2a: Roserade
|-damage|p2a: Roserade|0 fnt
|-damage|p1a: Yanmega|282\/313|[from] item: Life Orb
|faint|p2a: Roserade
|
|-boost|p1a: Yanmega|spe|1|[from] ability: Speed Boost
|
|switch|p2a: Cloyster|Cloyster, M|241\/241
|turn|5
|
|move|p1a: Yanmega|Air Slash|p2a: Cloyster
|-crit|p2a: Cloyster
|-enditem|p2a: Cloyster|Focus Sash
|-damage|p2a: Cloyster|1\/241
|-damage|p1a: Yanmega|251\/313|[from] item: Life Orb
|move|p2a: Cloyster|Icicle Spear|p1a: Yanmega
|-supereffective|p1a: Yanmega
|-damage|p1a: Yanmega|167\/313
|-supereffective|p1a: Yanmega
|-damage|p1a: Yanmega|77\/313
|-supereffective|p1a: Yanmega
|-damage|p1a: Yanmega|0 fnt
|-hitcount|p1a: Yanmega|3
|faint|p1a: Yanmega
|
|
|switch|p1a: Forretress|Forretress, M|353\/353 slp
|turn|6
|join|afgsgs
|
|switch|p2a: Chandelure|Chandelure, F|261\/261
|-curestatus|p1a: Forretress|slp
|move|p1a: Forretress|Rapid Spin|p2a: Chandelure
|-immune|p2a: Chandelure|[msg]
|
|turn|7
|
|move|p2a: Chandelure|Fire Blast|p1a: Forretress
|-supereffective|p1a: Forretress
|-activate|p1a: Forretress|Sturdy
|-damage|p1a: Forretress|1\/353
|-enditem|p1a: Forretress|Red Card|[of] p2a: Chandelure
|drag|p2a: Machamp|Machamp, F|364\/364
|move|p1a: Forretress|Stealth Rock|p2a: Machamp
|-sidestart|p2: beancount|move: Stealth Rock
|
|turn|8
|
|move|p2a: Machamp|Knock Off|p1a: Forretress
|-damage|p1a: Forretress|0 fnt
|faint|p1a: Forretress
|
|
|switch|p1a: Darmanitan|Darmanitan, M|351\/351
|-status|p1a: Darmanitan|psn
|turn|9
|
|switch|p2a: Cloyster|Cloyster, M|1\/241
|-damage|p2a: Cloyster|0 fnt|[from] Stealth Rock
|faint|p2a: Cloyster
|move|p1a: Darmanitan|U-turn|p2: Cloyster|[notarget]
|-notarget
|
|-damage|p1a: Darmanitan|308\/351 psn|[from] psn
|
|switch|p2a: Swampert|Swampert, M|403\/403
|-damage|p2a: Swampert|378\/403|[from] Stealth Rock
|turn|10
|
|move|p1a: Darmanitan|U-turn|p2a: Swampert
|-damage|p2a: Swampert|312\/403
|
|switch|p1a: Mismagius|Mismagius, M|261\/261
|move|p2a: Swampert|Stealth Rock|p1a: Mismagius
|-sidestart|p1: Big papa 12 inches|move: Stealth Rock
|
|-heal|p2a: Swampert|337\/403|[from] item: Leftovers
|turn|11
|
|switch|p2a: Machamp|Machamp, F|364\/364
|-damage|p2a: Machamp|342\/364|[from] Stealth Rock
|move|p1a: Mismagius|Substitute|p1a: Mismagius
|-start|p1a: Mismagius|Substitute
|-damage|p1a: Mismagius|196\/261
|
|-heal|p1a: Mismagius|212\/261|[from] item: Leftovers
|turn|12
|c|âbeancount|damn
|
|move|p1a: Mismagius|Nasty Plot|p1a: Mismagius
|-boost|p1a: Mismagius|spa|2
|move|p2a: Machamp|Knock Off|p1a: Mismagius
|-crit|p1a: Mismagius
|-supereffective|p1a: Mismagius
|-end|p1a: Mismagius|Substitute
|
|-heal|p1a: Mismagius|228\/261|[from] item: Leftovers
|turn|13
|
|move|p1a: Mismagius|Dazzling Gleam|p2a: Machamp
|-supereffective|p2a: Machamp
|-damage|p2a: Machamp|70\/364
|move|p2a: Machamp|Knock Off|p1a: Mismagius
|-supereffective|p1a: Mismagius
|-damage|p1a: Mismagius|0 fnt
|-enditem|p1a: Mismagius|Leftovers|[from] move: Knock Off|[of] p2a: Machamp
|faint|p1a: Mismagius
|
|
|switch|p1a: Raikou|Raikou|321\/321
|-status|p1a: Raikou|psn
|-damage|p1a: Raikou|281\/321 psn|[from] Stealth Rock
|-ability|p1a: Raikou|Pressure
|turn|14
|
|move|p2a: Machamp|Bullet Punch|p1a: Raikou
|-crit|p1a: Raikou
|-resisted|p1a: Raikou
|-damage|p1a: Raikou|230\/321 psn
|move|p1a: Raikou|Thunderbolt|p2a: Machamp
|-damage|p2a: Machamp|0 fnt
|faint|p2a: Machamp
|
|-heal|p1a: Raikou|250\/321 psn|[from] item: Leftovers
|-damage|p1a: Raikou|210\/321 psn|[from] psn
|
|switch|p2a: Sharpedo|Sharpedo, F|281\/281
|-damage|p2a: Sharpedo|246\/281|[from] Stealth Rock
|turn|15
|c|âbeancount|gg
|
|move|p2a: Sharpedo|Protect|p2a: Sharpedo
|-singleturn|p2a: Sharpedo|Protect
|move|p1a: Raikou|Substitute|p1a: Raikou
|-start|p1a: Raikou|Substitute
|-damage|p1a: Raikou|130\/321 psn
|
|-heal|p1a: Raikou|150\/321 psn|[from] item: Leftovers
|-damage|p1a: Raikou|110\/321 psn|[from] psn
|-boost|p2a: Sharpedo|spe|1|[from] ability: Speed Boost
|turn|16
|c|âbeancount|damn
|
|switch|p2a: Swampert|Swampert, M|337\/403
|-damage|p2a: Swampert|312\/403|[from] Stealth Rock
|move|p1a: Raikou|Thunderbolt|p2a: Swampert
|-immune|p2a: Swampert|[msg]
|
|-heal|p1a: Raikou|130\/321 psn|[from] item: Leftovers
|-heal|p2a: Swampert|337\/403|[from] item: Leftovers
|-damage|p1a: Raikou|90\/321 psn|[from] psn
|turn|17
|
|move|p1a: Raikou|Hidden Power|p2a: Swampert
|-damage|p2a: Swampert|259\/403
|move|p2a: Swampert|Roar|p1a: Raikou
|drag|p1a: Absol|Absol, F|271\/271
|-damage|p1a: Absol|238\/271|[from] Stealth Rock
|-status|p1a: Absol|psn
|
|-heal|p2a: Swampert|284\/403|[from] item: Leftovers
|-damage|p1a: Absol|205\/271 psn|[from] psn
|turn|18
|
|detailschange|p1a: Absol|Absol-Mega, F
|-mega|p1a: Absol|Absol|Absolite
|move|p1a: Absol|Knock Off|p2a: Swampert
|-crit|p2a: Swampert
|-damage|p2a: Swampert|64\/403
|-enditem|p2a: Swampert|Leftovers|[from] move: Knock Off|[of] p1a: Absol
|move|p2a: Swampert|Earthquake|p1a: Absol
|-damage|p1a: Absol|28\/271 psn
|
|-damage|p1a: Absol|0 fnt|[from] psn
|faint|p1a: Absol
|
|switch|p1a: Raikou|Raikou|90\/321 psn
|-damage|p1a: Raikou|50\/321 psn|[from] Stealth Rock
|-ability|p1a: Raikou|Pressure
|turn|19
|
|move|p1a: Raikou|Hidden Power|p2a: Swampert
|-damage|p2a: Swampert|0 fnt
|faint|p2a: Swampert
|
|-heal|p1a: Raikou|70\/321 psn|[from] item: Leftovers
|-damage|p1a: Raikou|30\/321 psn|[from] psn
|
|switch|p2a: Sharpedo|Sharpedo, F|246\/281
|-damage|p2a: Sharpedo|211\/281|[from] Stealth Rock
|turn|20
|c|âbeancount|gg
|c|âBig papa 12 inches|gg
|c|âbeancount|that sub tho
|
|move|p2a: Sharpedo|Protect|p2a: Sharpedo
|-singleturn|p2a: Sharpedo|Protect
|move|p1a: Raikou|Thunderbolt|p2a: Sharpedo
|-activate|p2a: Sharpedo|Protect
|
|-heal|p1a: Raikou|50\/321 psn|[from] item: Leftovers
|-damage|p1a: Raikou|10\/321 psn|[from] psn
|-boost|p2a: Sharpedo|spe|1|[from] ability: Speed Boost
|turn|21
|
|move|p2a: Sharpedo|Waterfall|p1a: Raikou
|-damage|p1a: Raikou|0 fnt
|faint|p1a: Raikou
|
|-boost|p2a: Sharpedo|spe|1|[from] ability: Speed Boost
|
|switch|p1a: Darmanitan|Darmanitan, M|308\/351 psn
|-damage|p1a: Darmanitan|221\/351 psn|[from] Stealth Rock
|turn|22
|
|move|p2a: Sharpedo|Waterfall|p1a: Darmanitan
|-supereffective|p1a: Darmanitan
|-damage|p1a: Darmanitan|0 fnt
|faint|p1a: Darmanitan
|
|win|beancount
|raw|Ladder updating...
|raw|Big papa 12 inches's rating: 1415 &rarr; <strong>1390<\/strong><br \/>(-25 for losing)
|raw|beancount's rating: 1317 &rarr; <strong>1343<\/strong><br \/>(+26 for winning)
|leave|Big papa 12 inches
|player|p1
|join|Big papa 12 inches
|leave|Big papa 12 inches