|join|Aquabob
|join|Nuggetman
|player|p1|Aquabob|52
|player|p2|Nuggetman|165
|gametype|singles
|gen|6
|tier|UU
|rated
|rule|Sleep Clause Mod: Limit one foe put to sleep
|rule|Species Clause: Limit one of each Pokemon
|rule|OHKO Clause: OHKO moves are banned
|rule|Moody Clause: Moody is banned
|rule|Evasion Moves Clause: Evasion moves are banned
|rule|Endless Battle Clause: Forcing endless battles is banned.
|rule|HP Percentage Mod: HP is reported as percentages
|clearpoke
|poke|p1|Entei, shiny
|poke|p1|Shaymin
|poke|p1|Blastoise, M
|poke|p1|Gligar, F
|poke|p1|Mienshao, M
|poke|p1|Jirachi
|poke|p2|Alomomola, F
|poke|p2|Dusclops, M
|poke|p2|Florges, F
|poke|p2|Ditto
|poke|p2|Golbat, M
|poke|p2|Blissey, F
|teampreview
|
|start
|switch|p1a: Entei|Entei, shiny|371\/371
|switch|p2a: Alomomola|Alomomola, F|534\/534
|-ability|p1a: Entei|Pressure
|turn|1
|
|switch|p1a: Shaymin|Shaymin|341\/341
|move|p2a: Alomomola|Toxic|p1a: Shaymin
|-status|p1a: Shaymin|tox
|
|-damage|p1a: Shaymin|320\/341 tox|[from] psn
|turn|2
|
|switch|p2a: Golbat|Golbat, M|354\/354
|move|p1a: Shaymin|Seed Flare|p2a: Golbat
|-crit|p2a: Golbat
|-resisted|p2a: Golbat
|-damage|p2a: Golbat|275\/354
|-damage|p1a: Shaymin|286\/341 tox|[from] item: Life Orb
|
|-damage|p1a: Shaymin|244\/341 tox|[from] psn
|turn|3
|
|switch|p1a: Gligar|Gligar, F|334\/334
|move|p2a: Golbat|Roost|p2a: Golbat
|-heal|p2a: Golbat|354\/354
|
|turn|4
|
|move|p2a: Golbat|Super Fang|p1a: Gligar
|-damage|p1a: Gligar|167\/334
|move|p1a: Gligar|Stealth Rock|p2a: Golbat
|-sidestart|p2: Nuggetman|move: Stealth Rock
|
|turn|5
|
|move|p2a: Golbat|Defog|p1a: Gligar
|-unboost|p1a: Gligar|evasion|1
|-sideend|p2: Nuggetman|Stealth Rock|[from] move: Defog|[of] p2a: Golbat
|move|p1a: Gligar|Roost|p1a: Gligar
|-heal|p1a: Gligar|334\/334
|
|turn|6
|
|move|p2a: Golbat|Super Fang|p1a: Gligar
|-damage|p1a: Gligar|167\/334
|move|p1a: Gligar|Stealth Rock|p2a: Golbat
|-sidestart|p2: Nuggetman|move: Stealth Rock
|
|turn|7
|
|move|p2a: Golbat|Defog|p1a: Gligar
|-unboost|p1a: Gligar|evasion|1
|-sideend|p2: Nuggetman|Stealth Rock|[from] move: Defog|[of] p2a: Golbat
|move|p1a: Gligar|Roost|p1a: Gligar
|-heal|p1a: Gligar|334\/334
|
|turn|8
|
|move|p2a: Golbat|Super Fang|p1a: Gligar
|-damage|p1a: Gligar|167\/334
|move|p1a: Gligar|Stealth Rock|p2a: Golbat
|-sidestart|p2: Nuggetman|move: Stealth Rock
|
|turn|9
|
|move|p2a: Golbat|Defog|p1a: Gligar
|-unboost|p1a: Gligar|evasion|1
|-sideend|p2: Nuggetman|Stealth Rock|[from] move: Defog|[of] p2a: Golbat
|move|p1a: Gligar|Roost|p1a: Gligar
|-heal|p1a: Gligar|334\/334
|
|turn|10
|
|move|p2a: Golbat|Super Fang|p1a: Gligar
|-damage|p1a: Gligar|167\/334
|move|p1a: Gligar|Stealth Rock|p2a: Golbat
|-sidestart|p2: Nuggetman|move: Stealth Rock
|
|turn|11
|
|move|p2a: Golbat|Defog|p1a: Gligar
|-unboost|p1a: Gligar|evasion|1
|-sideend|p2: Nuggetman|Stealth Rock|[from] move: Defog|[of] p2a: Golbat
|move|p1a: Gligar|Roost|p1a: Gligar
|-heal|p1a: Gligar|334\/334
|
|turn|12
|
|move|p2a: Golbat|Super Fang|p1a: Gligar
|-damage|p1a: Gligar|167\/334
|move|p1a: Gligar|Stealth Rock|p2a: Golbat
|-sidestart|p2: Nuggetman|move: Stealth Rock
|
|turn|13
|
|move|p2a: Golbat|Defog|p1a: Gligar
|-unboost|p1a: Gligar|evasion|1
|-sideend|p2: Nuggetman|Stealth Rock|[from] move: Defog|[of] p2a: Golbat
|move|p1a: Gligar|U-turn|p2a: Golbat
|-resisted|p2a: Golbat
|-damage|p2a: Golbat|344\/354
|
|switch|p1a: Entei|Entei, shiny|371\/371
|-ability|p1a: Entei|Pressure
|
|turn|14
|
|switch|p2a: Alomomola|Alomomola, F|534\/534
|move|p1a: Entei|Sacred Fire|p2a: Alomomola
|-resisted|p2a: Alomomola
|-damage|p2a: Alomomola|428\/534
|-status|p2a: Alomomola|brn
|
|-heal|p2a: Alomomola|461\/534 brn|[from] item: Leftovers
|-damage|p2a: Alomomola|395\/534 brn|[from] brn
|turn|15
|
|switch|p1a: Shaymin|Shaymin|244\/341
|move|p2a: Alomomola|Toxic|p1a: Shaymin
|-status|p1a: Shaymin|tox
|
|-heal|p2a: Alomomola|428\/534 brn|[from] item: Leftovers
|-damage|p1a: Shaymin|223\/341 tox|[from] psn
|-damage|p2a: Alomomola|362\/534 brn|[from] brn
|turn|16
|
|switch|p1a: Jirachi|Jirachi|404\/404
|switch|p2a: Florges|Florges, F|360\/360
|
|turn|17
|
|switch|p2a: Dusclops|Dusclops, M|284\/284
|-ability|p2a: Dusclops|Pressure
|move|p1a: Jirachi|Iron Head|p2a: Dusclops
|-damage|p2a: Dusclops|244\/284
|
|turn|18
|
|switch|p1a: Shaymin|Shaymin|223\/341
|move|p2a: Dusclops|Will-O-Wisp|p1a: Shaymin
|-status|p1a: Shaymin|brn
|
|-damage|p1a: Shaymin|181\/341 brn|[from] brn
|turn|19
|
|switch|p2a: Golbat|Golbat, M|344\/354
|move|p1a: Shaymin|Rest|p1a: Shaymin
|-status|p1a: Shaymin|slp
|-heal|p1a: Shaymin|341\/341 slp|[silent]
|-status|p1a: Shaymin|slp|[from] move: Rest
|
|turn|20
|
|switch|p1a: Gligar|Gligar, F|167\/334
|switch|p2a: Florges|Florges, F|360\/360
|
|turn|21
|
|move|p1a: Gligar|U-turn|p2a: Florges
|-resisted|p2a: Florges
|-damage|p2a: Florges|328\/360
|
|switch|p1a: Jirachi|Jirachi|404\/404
|move|p2a: Florges|Moonblast|p1a: Jirachi
|-resisted|p1a: Jirachi
|-damage|p1a: Jirachi|359\/404
|
|-heal|p1a: Jirachi|384\/404|[from] item: Leftovers
|-heal|p2a: Florges|350\/360|[from] item: Leftovers
|turn|22
|
|switch|p2a: Dusclops|Dusclops, M|244\/284
|-ability|p2a: Dusclops|Pressure
|move|p1a: Jirachi|Iron Head|p2a: Dusclops
|-damage|p2a: Dusclops|204\/284
|
|-heal|p1a: Jirachi|404\/404|[from] item: Leftovers
|turn|23
|
|switch|p1a: Shaymin|Shaymin|341\/341
|move|p2a: Dusclops|Night Shade|p1a: Shaymin
|-damage|p1a: Shaymin|241\/341
|
|turn|24
|
|move|p1a: Shaymin|Hidden Power|p2a: Dusclops
|-damage|p2a: Dusclops|165\/284
|-damage|p1a: Shaymin|207\/341|[from] item: Life Orb
|move|p2a: Dusclops|Rest|p2a: Dusclops
|-status|p2a: Dusclops|slp
|-heal|p2a: Dusclops|284\/284 slp|[silent]
|-status|p2a: Dusclops|slp|[from] move: Rest
|
|turn|25
|
|switch|p2a: Golbat|Golbat, M|344\/354
|move|p1a: Shaymin|Seed Flare|p2a: Golbat
|-resisted|p2a: Golbat
|-damage|p2a: Golbat|295\/354
|-damage|p1a: Shaymin|173\/341|[from] item: Life Orb
|
|turn|26
|
|switch|p1a: Gligar|Gligar, F|167\/334
|move|p2a: Golbat|Super Fang|p1a: Gligar
|-damage|p1a: Gligar|84\/334
|
|turn|27
|
|move|p2a: Golbat|Brave Bird|p1a: Gligar
|-damage|p1a: Gligar|33\/334
|-damage|p2a: Golbat|278\/354|[from] recoil|[of] p1a: Gligar
|move|p1a: Gligar|Roost|p1a: Gligar
|-heal|p1a: Gligar|200\/334
|
|turn|28
|
|move|p2a: Golbat|Super Fang|p1a: Gligar
|-damage|p1a: Gligar|100\/334
|move|p1a: Gligar|Stealth Rock|p2a: Golbat
|-sidestart|p2: Nuggetman|move: Stealth Rock
|
|turn|29
|
|move|p2a: Golbat|Defog|p1a: Gligar
|-unboost|p1a: Gligar|evasion|1
|-sideend|p2: Nuggetman|Stealth Rock|[from] move: Defog|[of] p2a: Golbat
|move|p1a: Gligar|Roost|p1a: Gligar
|-heal|p1a: Gligar|267\/334
|
|turn|30
|
|switch|p2a: Blissey|Blissey, F|714\/714
|move|p1a: Gligar|Stealth Rock|p2a: Blissey
|-sidestart|p2: Nuggetman|move: Stealth Rock
|
|turn|31
|
|move|p1a: Gligar|U-turn|p2a: Blissey
|-damage|p2a: Blissey|636\/714
|
|switch|p1a: Jirachi|Jirachi|404\/404
|move|p2a: Blissey|Stealth Rock|p1a: Jirachi
|-sidestart|p1: Aquabob|move: Stealth Rock
|
|-heal|p2a: Blissey|680\/714|[from] item: Leftovers
|turn|32
|
|switch|p2a: Alomomola|Alomomola, F|534\/534 brn
|-damage|p2a: Alomomola|468\/534 brn|[from] Stealth Rock
|move|p1a: Jirachi|Iron Head|p2a: Alomomola
|-resisted|p2a: Alomomola
|-damage|p2a: Alomomola|430\/534 brn
|
|-heal|p2a: Alomomola|463\/534 brn|[from] item: Leftovers
|-damage|p2a: Alomomola|397\/534 brn|[from] brn
|turn|33
|
|move|p1a: Jirachi|Iron Head|p2a: Alomomola
|-resisted|p2a: Alomomola
|-damage|p2a: Alomomola|356\/534 brn
|cant|p2a: Alomomola|flinch
|
|-heal|p2a: Alomomola|389\/534 brn|[from] item: Leftovers
|-damage|p2a: Alomomola|323\/534 brn|[from] brn
|turn|34
|
|switch|p2a: Dusclops|Dusclops, M|284\/284 slp
|-damage|p2a: Dusclops|249\/284 slp|[from] Stealth Rock
|-ability|p2a: Dusclops|Pressure
|move|p1a: Jirachi|Iron Head|p2a: Dusclops
|-damage|p2a: Dusclops|212\/284 slp
|
|turn|35
|
|switch|p1a: Blastoise|Blastoise, M|362\/362
|-damage|p1a: Blastoise|317\/362|[from] Stealth Rock
|cant|p2a: Dusclops|slp
|
|turn|36
|
|switch|p2a: Florges|Florges, F|350\/360
|-damage|p2a: Florges|305\/360|[from] Stealth Rock
|detailschange|p1a: Blastoise|Blastoise-Mega, M
|message|Blastoise has Mega Evolved into Mega Blastoise!
|move|p1a: Blastoise|Rapid Spin|p2a: Florges
|-crit|p2a: Florges
|-damage|p2a: Florges|272\/360
|-sideend|p1: Aquabob|Stealth Rock|[from] move: Rapid Spin|[of] p1a: Blastoise
|
|-heal|p2a: Florges|294\/360|[from] item: Leftovers
|turn|37
|
|switch|p1a: Jirachi|Jirachi|404\/404
|move|p2a: Florges|Aromatherapy|p2a: Florges
|-cureteam|p2a: Florges|[from] move: Aromatherapy
|
|-heal|p2a: Florges|316\/360|[from] item: Leftovers
|turn|38
|
|move|p2a: Florges|Protect|p2a: Florges
|-singleturn|p2a: Florges|Protect
|move|p1a: Jirachi|Iron Head|p2a: Florges
|-activate|p2a: Florges|Protect
|
|-heal|p2a: Florges|338\/360|[from] item: Leftovers
|turn|39
|
|switch|p2a: Alomomola|Alomomola, F|501\/534
|-damage|p2a: Alomomola|435\/534|[from] Stealth Rock
|move|p1a: Jirachi|Iron Head|p2a: Alomomola
|-resisted|p2a: Alomomola
|-damage|p2a: Alomomola|394\/534
|
|-heal|p2a: Alomomola|427\/534|[from] item: Leftovers
|turn|40
|
|switch|p1a: Shaymin|Shaymin|173\/341
|move|p2a: Alomomola|Wish|p2a: Alomomola
|
|-heal|p2a: Alomomola|460\/534|[from] item: Leftovers
|turn|41
|
|switch|p2a: Dusclops|Dusclops, M|212\/284
|-damage|p2a: Dusclops|177\/284|[from] Stealth Rock
|-ability|p2a: Dusclops|Pressure
|move|p1a: Shaymin|Hidden Power|p2a: Dusclops
|-damage|p2a: Dusclops|138\/284
|-damage|p1a: Shaymin|139\/341|[from] item: Life Orb
|
|-heal|p2a: Dusclops|284\/284|[from] move: Wish|[wisher] Alomomola
|turn|42
|
|move|p1a: Shaymin|Rest|p1a: Shaymin
|-status|p1a: Shaymin|slp
|-heal|p1a: Shaymin|341\/341 slp|[silent]
|-status|p1a: Shaymin|slp|[from] move: Rest
|move|p2a: Dusclops|Night Shade|p1a: Shaymin
|-damage|p1a: Shaymin|241\/341 slp
|
|turn|43
|
|switch|p1a: Entei|Entei, shiny|371\/371
|-ability|p1a: Entei|Pressure
|move|p2a: Dusclops|Night Shade|p1a: Entei
|-damage|p1a: Entei|271\/371
|
|turn|44
|
|move|p1a: Entei|Sacred Fire|p2a: Dusclops
|-damage|p2a: Dusclops|178\/284
|-status|p2a: Dusclops|brn
|move|p2a: Dusclops|Night Shade|p1a: Entei
|-damage|p1a: Entei|171\/371
|
|-damage|p2a: Dusclops|143\/284 brn|[from] brn
|turn|45
|
|switch|p1a: Shaymin|Shaymin|241\/341
|move|p2a: Dusclops|Rest|p2a: Dusclops
|-status|p2a: Dusclops|slp
|-heal|p2a: Dusclops|284\/284 slp|[silent]
|-status|p2a: Dusclops|slp|[from] move: Rest
|
|turn|46
|
|switch|p2a: Blissey|Blissey, F|680\/714
|-damage|p2a: Blissey|591\/714|[from] Stealth Rock
|move|p1a: Shaymin|Seed Flare|p2a: Blissey
|-damage|p2a: Blissey|408\/714
|-unboost|p2a: Blissey|spd|2
|-damage|p1a: Shaymin|207\/341|[from] item: Life Orb
|
|-heal|p2a: Blissey|452\/714|[from] item: Leftovers
|turn|47
|
|switch|p1a: Mienshao|Mienshao, M|271\/271
|switch|p2a: Golbat|Golbat, M|278\/354
|-damage|p2a: Golbat|190\/354|[from] Stealth Rock
|
|turn|48
|
|move|p1a: Mienshao|Knock Off|p2a: Golbat
|-damage|p2a: Golbat|81\/354
|-enditem|p2a: Golbat|Eviolite|[from] move: Knock Off|[of] p1a: Mienshao
|move|p2a: Golbat|Roost|p2a: Golbat
|-heal|p2a: Golbat|258\/354
|
|turn|49
|
|switch|p1a: Gligar|Gligar, F|267\/334
|move|p2a: Golbat|Roost|p2a: Golbat
|-heal|p2a: Golbat|354\/354
|
|turn|50
|
|move|p2a: Golbat|Defog|p1a: Gligar
|-unboost|p1a: Gligar|evasion|1
|-sideend|p2: Nuggetman|Stealth Rock|[from] move: Defog|[of] p2a: Golbat
|move|p1a: Gligar|U-turn|p2a: Golbat
|-resisted|p2a: Golbat
|-damage|p2a: Golbat|339\/354
|
|switch|p1a: Entei|Entei, shiny|171\/371
|-ability|p1a: Entei|Pressure
|
|turn|51
|
|switch|p2a: Alomomola|Alomomola, F|534\/534
|move|p1a: Entei|Sacred Fire|p2a: Alomomola
|-resisted|p2a: Alomomola
|-damage|p2a: Alomomola|432\/534
|
|-heal|p2a: Alomomola|465\/534|[from] item: Leftovers
|turn|52
|
|switch|p1a: Shaymin|Shaymin|207\/341
|move|p2a: Alomomola|Toxic|p1a: Shaymin|[miss]
|-miss|p2a: Alomomola|p1a: Shaymin
|
|-heal|p2a: Alomomola|498\/534|[from] item: Leftovers
|turn|53
|
|switch|p2a: Florges|Florges, F|338\/360
|move|p1a: Shaymin|Seed Flare|p2a: Florges
|-damage|p2a: Florges|217\/360
|-unboost|p2a: Florges|spd|2
|-damage|p1a: Shaymin|173\/341|[from] item: Life Orb
|
|-heal|p2a: Florges|239\/360|[from] item: Leftovers
|turn|54
|
|move|p1a: Shaymin|Seed Flare|p2a: Florges
|-damage|p2a: Florges|0 fnt
|-damage|p1a: Shaymin|139\/341|[from] item: Life Orb
|faint|p2a: Florges
|
|
|switch|p2a: Ditto|Ditto|299\/299
|-transform|p2a: Ditto|p1a: Shaymin
|turn|55
|
|switch|p1a: Jirachi|Jirachi|404\/404
|move|p2a: Ditto|Seed Flare|p1a: Jirachi
|-resisted|p1a: Jirachi
|-damage|p1a: Jirachi|335\/404
|
|-heal|p1a: Jirachi|360\/404|[from] item: Leftovers
|turn|56
|
|switch|p2a: Alomomola|Alomomola, F|534\/534
|move|p1a: Jirachi|Iron Head|p2a: Alomomola
|-resisted|p2a: Alomomola
|-damage|p2a: Alomomola|495\/534
|
|-heal|p1a: Jirachi|385\/404|[from] item: Leftovers
|-heal|p2a: Alomomola|528\/534|[from] item: Leftovers
|turn|57
|
|switch|p1a: Shaymin|Shaymin|139\/341
|move|p2a: Alomomola|Toxic|p1a: Shaymin
|-status|p1a: Shaymin|tox
|
|-heal|p2a: Alomomola|534\/534|[from] item: Leftovers
|-damage|p1a: Shaymin|118\/341 tox|[from] psn
|turn|58
|
|switch|p2a: Blissey|Blissey, F|452\/714
|move|p1a: Shaymin|Rest|p1a: Shaymin
|-status|p1a: Shaymin|slp
|-heal|p1a: Shaymin|341\/341 slp|[silent]
|-status|p1a: Shaymin|slp|[from] move: Rest
|
|-heal|p2a: Blissey|496\/714|[from] item: Leftovers
|turn|59
|
|switch|p1a: Mienshao|Mienshao, M|271\/271
|move|p2a: Blissey|Stealth Rock|p1a: Mienshao
|-sidestart|p1: Aquabob|move: Stealth Rock
|
|-heal|p2a: Blissey|540\/714|[from] item: Leftovers
|turn|60
|
|switch|p2a: Alomomola|Alomomola, F|534\/534
|move|p1a: Mienshao|Knock Off|p2a: Alomomola
|-damage|p2a: Alomomola|440\/534
|-enditem|p2a: Alomomola|Leftovers|[from] move: Knock Off|[of] p1a: Mienshao
|
|turn|61
|
|switch|p1a: Shaymin|Shaymin|341\/341
|-damage|p1a: Shaymin|299\/341|[from] Stealth Rock
|move|p2a: Alomomola|Toxic|p1a: Shaymin
|-status|p1a: Shaymin|tox
|
|-damage|p1a: Shaymin|278\/341 tox|[from] psn
|turn|62
|
|switch|p1a: Blastoise|Blastoise-Mega, M|317\/362
|-damage|p1a: Blastoise|272\/362|[from] Stealth Rock
|switch|p2a: Golbat|Golbat, M|339\/354
|
|turn|63
|
|switch|p2a: Blissey|Blissey, F|540\/714
|move|p1a: Blastoise|Water Pulse|p2a: Blissey
|-damage|p2a: Blissey|395\/714
|
|-heal|p2a: Blissey|439\/714|[from] item: Leftovers
|turn|64
|
|move|p1a: Blastoise|Aura Sphere|p2a: Blissey
|-supereffective|p2a: Blissey
|-damage|p2a: Blissey|179\/714
|move|p2a: Blissey|Soft-Boiled|p2a: Blissey
|-heal|p2a: Blissey|536\/714
|
|-heal|p2a: Blissey|580\/714|[from] item: Leftovers
|turn|65
|
|move|p1a: Blastoise|Rapid Spin|p2a: Blissey
|-damage|p2a: Blissey|555\/714
|-sideend|p1: Aquabob|Stealth Rock|[from] move: Rapid Spin|[of] p1a: Blastoise
|move|p2a: Blissey|Toxic|p1a: Blastoise
|-status|p1a: Blastoise|tox
|
|-heal|p2a: Blissey|599\/714|[from] item: Leftovers
|-damage|p1a: Blastoise|250\/362 tox|[from] psn
|turn|66
|
|switch|p1a: Mienshao|Mienshao, M|271\/271
|move|p2a: Blissey|Seismic Toss|p1a: Mienshao
|-damage|p1a: Mienshao|171\/271
|
|-heal|p2a: Blissey|643\/714|[from] item: Leftovers
|turn|67
|
|switch|p2a: Alomomola|Alomomola, F|534\/534
|move|p1a: Mienshao|High Jump Kick|p2a: Alomomola
|-damage|p2a: Alomomola|341\/534
|
|turn|68
|
|switch|p1a: Shaymin|Shaymin|278\/341
|move|p2a: Alomomola|Wish|p2a: Alomomola
|
|turn|69
|
|switch|p1a: Jirachi|Jirachi|385\/404
|switch|p2a: Golbat|Golbat, M|339\/354
|
|-heal|p2a: Golbat|354\/354|[from] move: Wish|[wisher] Alomomola
|-heal|p1a: Jirachi|404\/404|[from] item: Leftovers
|turn|70
|
|switch|p2a: Alomomola|Alomomola, F|519\/534
|move|p1a: Jirachi|Body Slam|p2a: Alomomola
|-damage|p2a: Alomomola|460\/534
|-status|p2a: Alomomola|par
|
|turn|71
|
|move|p1a: Jirachi|Iron Head|p2a: Alomomola
|-resisted|p2a: Alomomola
|-damage|p2a: Alomomola|421\/534 par
|cant|p2a: Alomomola|flinch
|
|turn|72
|
|move|p2a: Alomomola|Protect|p2a: Alomomola
|-singleturn|p2a: Alomomola|Protect
|move|p1a: Jirachi|Iron Head|p2a: Alomomola
|-activate|p2a: Alomomola|Protect
|
|turn|73
|
|switch|p1a: Shaymin|Shaymin|278\/341
|cant|p2a: Alomomola|par
|
|turn|74
|
|switch|p1a: Entei|Entei, shiny|171\/371
|-ability|p1a: Entei|Pressure
|switch|p2a: Golbat|Golbat, M|354\/354
|
|turn|75
|
|switch|p2a: Alomomola|Alomomola, F|534\/534 par
|move|p1a: Entei|Stone Edge|p2a: Alomomola
|-damage|p2a: Alomomola|394\/534 par
|
|turn|76
|
|switch|p1a: Shaymin|Shaymin|278\/341
|cant|p2a: Alomomola|par
|
|turn|77
|
|switch|p1a: Gligar|Gligar, F|267\/334
|switch|p2a: Golbat|Golbat, M|354\/354
|
|turn|78
|
|move|p2a: Golbat|Brave Bird|p1a: Gligar
|-damage|p1a: Gligar|215\/334
|-damage|p2a: Golbat|337\/354|[from] recoil|[of] p1a: Gligar
|move|p1a: Gligar|Stealth Rock|p2a: Golbat
|-sidestart|p2: Nuggetman|move: Stealth Rock
|
|turn|79
|
|move|p2a: Golbat|Defog|p1a: Gligar
|-unboost|p1a: Gligar|evasion|1
|-sideend|p2: Nuggetman|Stealth Rock|[from] move: Defog|[of] p2a: Golbat
|move|p1a: Gligar|U-turn|p2a: Golbat
|-resisted|p2a: Golbat
|-damage|p2a: Golbat|322\/354
|
|switch|p1a: Jirachi|Jirachi|404\/404
|
|turn|80
|
|switch|p2a: Alomomola|Alomomola, F|534\/534 par
|move|p1a: Jirachi|Body Slam|p2a: Alomomola
|-damage|p2a: Alomomola|481\/534 par
|
|turn|81
|
|switch|p1a: Shaymin|Shaymin|278\/341
|move|p2a: Alomomola|Scald|p1a: Shaymin
|-resisted|p1a: Shaymin
|-damage|p1a: Shaymin|253\/341
|
|turn|82
|
|switch|p2a: Golbat|Golbat, M|322\/354
|move|p1a: Shaymin|Rest|p1a: Shaymin
|-status|p1a: Shaymin|slp
|-heal|p1a: Shaymin|341\/341 slp|[silent]
|-status|p1a: Shaymin|slp|[from] move: Rest
|
|turn|83
|
|switch|p1a: Gligar|Gligar, F|215\/334
|switch|p2a: Blissey|Blissey, F|643\/714
|
|-heal|p2a: Blissey|687\/714|[from] item: Leftovers
|turn|84
|
|move|p1a: Gligar|Stealth Rock|p2a: Blissey
|-sidestart|p2: Nuggetman|move: Stealth Rock
|move|p2a: Blissey|Stealth Rock|p1a: Gligar
|-sidestart|p1: Aquabob|move: Stealth Rock
|
|-heal|p2a: Blissey|714\/714|[from] item: Leftovers
|turn|85
|
|move|p1a: Gligar|Earthquake|p2a: Blissey
|-damage|p2a: Blissey|558\/714
|move|p2a: Blissey|Seismic Toss|p1a: Gligar
|-damage|p1a: Gligar|115\/334
|
|-heal|p2a: Blissey|602\/714|[from] item: Leftovers
|turn|86
|
|switch|p2a: Golbat|Golbat, M|322\/354
|-damage|p2a: Golbat|234\/354|[from] Stealth Rock
|move|p1a: Gligar|Roost|p1a: Gligar
|-heal|p1a: Gligar|282\/334
|
|turn|87
|
|move|p2a: Golbat|Defog|p1a: Gligar
|-unboost|p1a: Gligar|evasion|1
|-sideend|p1: Aquabob|Stealth Rock|[from] move: Defog|[of] p1a: Gligar
|-sideend|p2: Nuggetman|Stealth Rock|[from] move: Defog|[of] p2a: Golbat
|move|p1a: Gligar|U-turn|p2a: Golbat
|-resisted|p2a: Golbat
|-damage|p2a: Golbat|219\/354
|
|switch|p1a: Mienshao|Mienshao, M|261\/271
|
|turn|88
|
|switch|p2a: Alomomola|Alomomola, F|534\/534 par
|move|p1a: Mienshao|U-turn|p2a: Alomomola
|-damage|p2a: Alomomola|471\/534 par
|
|switch|p1a: Shaymin|Shaymin|341\/341
|
|turn|89
|
|switch|p2a: Golbat|Golbat, M|219\/354
|move|p1a: Shaymin|Seed Flare|p2a: Golbat
|-resisted|p2a: Golbat
|-damage|p2a: Golbat|148\/354
|-damage|p1a: Shaymin|307\/341|[from] item: Life Orb
|
|turn|90
|
|move|p1a: Shaymin|Hidden Power|p2a: Golbat
|-supereffective|p2a: Golbat
|-damage|p2a: Golbat|0 fnt
|-damage|p1a: Shaymin|273\/341|[from] item: Life Orb
|faint|p2a: Golbat
|
|
|switch|p2a: Dusclops|Dusclops, M|284\/284 slp
|-ability|p2a: Dusclops|Pressure
|turn|91
|
|switch|p1a: Jirachi|Jirachi|404\/404
|cant|p2a: Dusclops|slp
|
|turn|92
|
|move|p1a: Jirachi|Wish|p1a: Jirachi
|cant|p2a: Dusclops|slp
|
|turn|93
|
|switch|p1a: Entei|Entei, shiny|171\/371
|-ability|p1a: Entei|Pressure
|-curestatus|p2a: Dusclops|slp
|move|p2a: Dusclops|Night Shade|p1a: Entei
|-damage|p1a: Entei|71\/371
|
|-heal|p1a: Entei|273\/371|[from] move: Wish|[wisher] Jirachi
|turn|94
|
|switch|p1a: Gligar|Gligar, F|282\/334
|move|p2a: Dusclops|Night Shade|p1a: Gligar
|-damage|p1a: Gligar|182\/334
|
|turn|95
|
|move|p1a: Gligar|Stealth Rock|p2a: Dusclops
|-sidestart|p2: Nuggetman|move: Stealth Rock
|move|p2a: Dusclops|Will-O-Wisp|p1a: Gligar|[miss]
|-miss|p2a: Dusclops|p1a: Gligar
|
|turn|96
|
|move|p1a: Gligar|U-turn|p2a: Dusclops
|-resisted|p2a: Dusclops
|-damage|p2a: Dusclops|275\/284
|
|switch|p1a: Shaymin|Shaymin|273\/341
|move|p2a: Dusclops|Will-O-Wisp|p1a: Shaymin|[miss]
|-miss|p2a: Dusclops|p1a: Shaymin
|
|turn|97
|
|move|p1a: Shaymin|Rest|p1a: Shaymin
|-status|p1a: Shaymin|slp
|-heal|p1a: Shaymin|341\/341 slp|[silent]
|-status|p1a: Shaymin|slp|[from] move: Rest
|move|p2a: Dusclops|Rest|p2a: Dusclops
|-status|p2a: Dusclops|slp
|-heal|p2a: Dusclops|284\/284 slp|[silent]
|-status|p2a: Dusclops|slp|[from] move: Rest
|
|turn|98
|
|switch|p1a: Mienshao|Mienshao, M|271\/271
|cant|p2a: Dusclops|slp
|
|turn|99
|
|switch|p2a: Alomomola|Alomomola, F|534\/534 par
|-damage|p2a: Alomomola|468\/534 par|[from] Stealth Rock
|move|p1a: Mienshao|Knock Off|p2a: Alomomola
|-damage|p2a: Alomomola|402\/534 par
|
|turn|100
|
|switch|p1a: Shaymin|Shaymin|341\/341
|move|p2a: Alomomola|Toxic|p1a: Shaymin
|-status|p1a: Shaymin|tox
|
|-damage|p1a: Shaymin|320\/341 tox|[from] psn
|turn|101
|
|switch|p2a: Blissey|Blissey, F|602\/714
|-damage|p2a: Blissey|513\/714|[from] Stealth Rock
|move|p1a: Shaymin|Rest|p1a: Shaymin
|-status|p1a: Shaymin|slp
|-heal|p1a: Shaymin|341\/341 slp|[silent]
|-status|p1a: Shaymin|slp|[from] move: Rest
|
|-heal|p2a: Blissey|557\/714|[from] item: Leftovers
|turn|102
|
|switch|p1a: Entei|Entei, shiny|273\/371
|-ability|p1a: Entei|Pressure
|move|p2a: Blissey|Stealth Rock|p1a: Entei
|-sidestart|p1: Aquabob|move: Stealth Rock
|
|-heal|p2a: Blissey|601\/714|[from] item: Leftovers
|turn|103
|
|switch|p2a: Alomomola|Alomomola, F|534\/534 par
|-damage|p2a: Alomomola|468\/534 par|[from] Stealth Rock
|move|p1a: Entei|Sacred Fire|p2a: Alomomola
|-resisted|p2a: Alomomola
|-damage|p2a: Alomomola|360\/534 par
|
|turn|104
|
|switch|p1a: Blastoise|Blastoise-Mega, M|250\/362 tox
|-damage|p1a: Blastoise|205\/362 tox|[from] Stealth Rock
|move|p2a: Alomomola|Wish|p2a: Alomomola
|
|-damage|p1a: Blastoise|183\/362 tox|[from] psn
|turn|105
|
|switch|p2a: Blissey|Blissey, F|601\/714
|-damage|p2a: Blissey|512\/714|[from] Stealth Rock
|move|p1a: Blastoise|Dark Pulse|p2a: Blissey
|-damage|p2a: Blissey|396\/714
|
|-heal|p2a: Blissey|663\/714|[from] move: Wish|[wisher] Alomomola
|-heal|p2a: Blissey|707\/714|[from] item: Leftovers
|-damage|p1a: Blastoise|139\/362 tox|[from] psn
|turn|106
|
|switch|p1a: Mienshao|Mienshao, M|271\/271
|-damage|p1a: Mienshao|255\/271|[from] Stealth Rock
|move|p2a: Blissey|Stealth Rock|p1a: Mienshao
|-fail|p1a: Mienshao
|
|-heal|p2a: Blissey|714\/714|[from] item: Leftovers
|turn|107
|
|switch|p2a: Alomomola|Alomomola, F|534\/534 par
|-damage|p2a: Alomomola|468\/534 par|[from] Stealth Rock
|move|p1a: Mienshao|High Jump Kick|p2a: Alomomola
|-damage|p2a: Alomomola|284\/534 par
|
|turn|108
|
|switch|p1a: Shaymin|Shaymin|341\/341
|-damage|p1a: Shaymin|299\/341|[from] Stealth Rock
|switch|p2a: Dusclops|Dusclops, M|284\/284 slp
|-damage|p2a: Dusclops|249\/284 slp|[from] Stealth Rock
|-ability|p2a: Dusclops|Pressure
|
|turn|109
|
|switch|p1a: Jirachi|Jirachi|404\/404
|-damage|p1a: Jirachi|379\/404|[from] Stealth Rock
|cant|p2a: Dusclops|slp
|
|-heal|p1a: Jirachi|404\/404|[from] item: Leftovers
|turn|110
|
|switch|p2a: Alomomola|Alomomola, F|462\/534 par
|-damage|p2a: Alomomola|396\/534 par|[from] Stealth Rock
|move|p1a: Jirachi|Wish|p1a: Jirachi
|
|turn|111
|
|switch|p1a: Blastoise|Blastoise-Mega, M|139\/362 tox
|-damage|p1a: Blastoise|94\/362 tox|[from] Stealth Rock
|switch|p2a: Blissey|Blissey, F|714\/714
|-damage|p2a: Blissey|625\/714|[from] Stealth Rock
|
|-heal|p1a: Blastoise|296\/362 tox|[from] move: Wish|[wisher] Jirachi
|-heal|p2a: Blissey|669\/714|[from] item: Leftovers
|-damage|p1a: Blastoise|274\/362 tox|[from] psn
|turn|112
|
|switch|p1a: Gligar|Gligar, F|182\/334
|-damage|p1a: Gligar|141\/334|[from] Stealth Rock
|move|p2a: Blissey|Seismic Toss|p1a: Gligar
|-damage|p1a: Gligar|41\/334
|
|-heal|p2a: Blissey|713\/714|[from] item: Leftovers
|turn|113
|
|switch|p2a: Alomomola|Alomomola, F|534\/534 par
|-damage|p2a: Alomomola|468\/534 par|[from] Stealth Rock
|move|p1a: Gligar|Roost|p1a: Gligar
|-heal|p1a: Gligar|208\/334
|
|turn|114
|
|move|p1a: Gligar|U-turn|p2a: Alomomola
|-damage|p2a: Alomomola|432\/534 par
|
|switch|p1a: Shaymin|Shaymin|299\/341
|-damage|p1a: Shaymin|257\/341|[from] Stealth Rock
|move|p2a: Alomomola|Scald|p1a: Shaymin
|-resisted|p1a: Shaymin
|-damage|p1a: Shaymin|235\/341
|-status|p1a: Shaymin|brn
|
|-damage|p1a: Shaymin|193\/341 brn|[from] brn
|turn|115
|
|switch|p2a: Dusclops|Dusclops, M|249\/284 slp
|-damage|p2a: Dusclops|214\/284 slp|[from] Stealth Rock
|-ability|p2a: Dusclops|Pressure
|move|p1a: Shaymin|Rest|p1a: Shaymin
|-status|p1a: Shaymin|slp
|-heal|p1a: Shaymin|341\/341 slp|[silent]
|-status|p1a: Shaymin|slp|[from] move: Rest
|
|turn|116
|
|cant|p1a: Shaymin|slp
|-curestatus|p2a: Dusclops|slp
|move|p2a: Dusclops|Night Shade|p1a: Shaymin
|-damage|p1a: Shaymin|241\/341 slp
|
|turn|117
|
|switch|p1a: Jirachi|Jirachi|404\/404
|-damage|p1a: Jirachi|379\/404|[from] Stealth Rock
|move|p2a: Dusclops|Night Shade|p1a: Jirachi
|-damage|p1a: Jirachi|279\/404
|
|-heal|p1a: Jirachi|304\/404|[from] item: Leftovers
|turn|118
|
|move|p1a: Jirachi|Protect|p1a: Jirachi
|-singleturn|p1a: Jirachi|Protect
|move|p2a: Dusclops|Will-O-Wisp|p1a: Jirachi
|-activate|p1a: Jirachi|Protect
|
|-heal|p1a: Jirachi|329\/404|[from] item: Leftovers
|turn|119
|
|switch|p1a: Shaymin|Shaymin|241\/341
|-damage|p1a: Shaymin|199\/341|[from] Stealth Rock
|move|p2a: Dusclops|Will-O-Wisp|p1a: Shaymin
|-status|p1a: Shaymin|brn
|
|-damage|p1a: Shaymin|157\/341 brn|[from] brn
|turn|120
|
|move|p1a: Shaymin|Rest|p1a: Shaymin
|-status|p1a: Shaymin|slp
|-heal|p1a: Shaymin|341\/341 slp|[silent]
|-status|p1a: Shaymin|slp|[from] move: Rest
|move|p2a: Dusclops|Curse|p1a: Shaymin
|-start|p1a: Shaymin|Curse|[of] p2a: Dusclops
|-damage|p2a: Dusclops|72\/284
|
|-damage|p1a: Shaymin|256\/341 slp|[from] Curse
|turn|121
|
|switch|p1a: Blastoise|Blastoise-Mega, M|274\/362 tox
|-damage|p1a: Blastoise|229\/362 tox|[from] Stealth Rock
|move|p2a: Dusclops|Rest|p2a: Dusclops
|-status|p2a: Dusclops|slp
|-heal|p2a: Dusclops|284\/284 slp|[silent]
|-status|p2a: Dusclops|slp|[from] move: Rest
|
|-damage|p1a: Blastoise|207\/362 tox|[from] psn
|turn|122
|
|switch|p2a: Blissey|Blissey, F|713\/714
|-damage|p2a: Blissey|624\/714|[from] Stealth Rock
|move|p1a: Blastoise|Rapid Spin|p2a: Blissey
|-damage|p2a: Blissey|597\/714
|-sideend|p1: Aquabob|Stealth Rock|[from] move: Rapid Spin|[of] p1a: Blastoise
|
|-heal|p2a: Blissey|641\/714|[from] item: Leftovers
|-damage|p1a: Blastoise|163\/362 tox|[from] psn
|turn|123
|
|switch|p1a: Jirachi|Jirachi|329\/404
|move|p2a: Blissey|Stealth Rock|p1a: Jirachi
|-sidestart|p1: Aquabob|move: Stealth Rock
|
|-heal|p1a: Jirachi|354\/404|[from] item: Leftovers
|-heal|p2a: Blissey|685\/714|[from] item: Leftovers
|turn|124
|
|switch|p2a: Dusclops|Dusclops, M|284\/284 slp
|-damage|p2a: Dusclops|249\/284 slp|[from] Stealth Rock
|-ability|p2a: Dusclops|Pressure
|move|p1a: Jirachi|Wish|p1a: Jirachi
|
|-heal|p1a: Jirachi|379\/404|[from] item: Leftovers
|turn|125
|
|switch|p1a: Blastoise|Blastoise-Mega, M|163\/362 tox
|-damage|p1a: Blastoise|118\/362 tox|[from] Stealth Rock
|switch|p2a: Blissey|Blissey, F|685\/714
|-damage|p2a: Blissey|596\/714|[from] Stealth Rock
|
|-heal|p1a: Blastoise|320\/362 tox|[from] move: Wish|[wisher] Jirachi
|-heal|p2a: Blissey|640\/714|[from] item: Leftovers
|-damage|p1a: Blastoise|298\/362 tox|[from] psn
|turn|126
|
|switch|p1a: Jirachi|Jirachi|379\/404
|-damage|p1a: Jirachi|354\/404|[from] Stealth Rock
|move|p2a: Blissey|Seismic Toss|p1a: Jirachi
|-damage|p1a: Jirachi|254\/404
|
|-heal|p1a: Jirachi|279\/404|[from] item: Leftovers
|-heal|p2a: Blissey|684\/714|[from] item: Leftovers
|turn|127
|
|move|p1a: Jirachi|Wish|p1a: Jirachi
|move|p2a: Blissey|Seismic Toss|p1a: Jirachi
|-damage|p1a: Jirachi|179\/404
|
|-heal|p1a: Jirachi|204\/404|[from] item: Leftovers
|-heal|p2a: Blissey|714\/714|[from] item: Leftovers
|turn|128
|
|switch|p2a: Alomomola|Alomomola, F|534\/534 par
|-damage|p2a: Alomomola|468\/534 par|[from] Stealth Rock
|move|p1a: Jirachi|Iron Head|p2a: Alomomola
|-resisted|p2a: Alomomola
|-damage|p2a: Alomomola|426\/534 par
|
|-heal|p1a: Jirachi|404\/404|[from] move: Wish|[wisher] Jirachi
|turn|129
|
|switch|p1a: Shaymin|Shaymin|256\/341
|-damage|p1a: Shaymin|214\/341|[from] Stealth Rock
|move|p2a: Alomomola|Wish|p2a: Alomomola
|
|turn|130
|
|switch|p2a: Dusclops|Dusclops, M|249\/284 slp
|-damage|p2a: Dusclops|214\/284 slp|[from] Stealth Rock
|-ability|p2a: Dusclops|Pressure
|move|p1a: Shaymin|Rest|p1a: Shaymin
|-status|p1a: Shaymin|slp
|-heal|p1a: Shaymin|341\/341 slp|[silent]
|-status|p1a: Shaymin|slp|[from] move: Rest
|
|-heal|p2a: Dusclops|284\/284 slp|[from] move: Wish|[wisher] Alomomola
|turn|131
|
|switch|p1a: Blastoise|Blastoise-Mega, M|298\/362 tox
|-damage|p1a: Blastoise|253\/362 tox|[from] Stealth Rock
|cant|p2a: Dusclops|slp
|
|-damage|p1a: Blastoise|231\/362 tox|[from] psn
|turn|132
|
|switch|p2a: Blissey|Blissey, F|714\/714
|-damage|p2a: Blissey|625\/714|[from] Stealth Rock
|move|p1a: Blastoise|Dark Pulse|p2a: Blissey
|-damage|p2a: Blissey|507\/714
|
|-heal|p2a: Blissey|551\/714|[from] item: Leftovers
|-damage|p1a: Blastoise|187\/362 tox|[from] psn
|turn|133
|
|switch|p1a: Jirachi|Jirachi|404\/404
|-damage|p1a: Jirachi|379\/404|[from] Stealth Rock
|move|p2a: Blissey|Seismic Toss|p1a: Jirachi
|-damage|p1a: Jirachi|279\/404
|
|-heal|p1a: Jirachi|304\/404|[from] item: Leftovers
|-heal|p2a: Blissey|595\/714|[from] item: Leftovers
|turn|134
|
|switch|p2a: Dusclops|Dusclops, M|284\/284 slp
|-damage|p2a: Dusclops|249\/284 slp|[from] Stealth Rock
|-ability|p2a: Dusclops|Pressure
|move|p1a: Jirachi|Wish|p1a: Jirachi
|
|-heal|p1a: Jirachi|329\/404|[from] item: Leftovers
|turn|135
|
|switch|p1a: Blastoise|Blastoise-Mega, M|187\/362 tox
|-damage|p1a: Blastoise|142\/362 tox|[from] Stealth Rock
|switch|p2a: Blissey|Blissey, F|595\/714
|-damage|p2a: Blissey|506\/714|[from] Stealth Rock
|
|-heal|p1a: Blastoise|344\/362 tox|[from] move: Wish|[wisher] Jirachi
|-heal|p2a: Blissey|550\/714|[from] item: Leftovers
|-damage|p1a: Blastoise|322\/362 tox|[from] psn
|turn|136
|
|switch|p1a: Jirachi|Jirachi|329\/404
|-damage|p1a: Jirachi|304\/404|[from] Stealth Rock
|move|p2a: Blissey|Seismic Toss|p1a: Jirachi
|-damage|p1a: Jirachi|204\/404
|
|-heal|p1a: Jirachi|229\/404|[from] item: Leftovers
|-heal|p2a: Blissey|594\/714|[from] item: Leftovers
|turn|137
|
|switch|p2a: Alomomola|Alomomola, F|534\/534 par
|-damage|p2a: Alomomola|468\/534 par|[from] Stealth Rock
|move|p1a: Jirachi|Wish|p1a: Jirachi
|
|-heal|p1a: Jirachi|254\/404|[from] item: Leftovers
|turn|138
|
|move|p1a: Jirachi|Protect|p1a: Jirachi
|-singleturn|p1a: Jirachi|Protect
|move|p2a: Alomomola|Scald|p1a: Jirachi
|-activate|p1a: Jirachi|Protect
|
|-heal|p1a: Jirachi|404\/404|[from] move: Wish|[wisher] Jirachi
|turn|139
|
|switch|p1a: Shaymin|Shaymin|341\/341
|-damage|p1a: Shaymin|299\/341|[from] Stealth Rock
|cant|p2a: Alomomola|par
|
|turn|140
|
|switch|p2a: Dusclops|Dusclops, M|249\/284 slp
|-damage|p2a: Dusclops|214\/284 slp|[from] Stealth Rock
|-ability|p2a: Dusclops|Pressure
|move|p1a: Shaymin|Rest|p1a: Shaymin
|-status|p1a: Shaymin|slp
|-heal|p1a: Shaymin|341\/341 slp|[silent]
|-status|p1a: Shaymin|slp|[from] move: Rest
|
|turn|141
|
|cant|p1a: Shaymin|slp
|cant|p2a: Dusclops|slp
|
|turn|142
|
|switch|p1a: Jirachi|Jirachi|404\/404
|-damage|p1a: Jirachi|379\/404|[from] Stealth Rock
|-curestatus|p2a: Dusclops|slp
|move|p2a: Dusclops|Curse|p1a: Jirachi
|-start|p1a: Jirachi|Curse|[of] p2a: Dusclops
|-damage|p2a: Dusclops|72\/284
|
|-heal|p1a: Jirachi|404\/404|[from] item: Leftovers
|-damage|p1a: Jirachi|303\/404|[from] Curse
|turn|143
|
|move|p1a: Jirachi|Iron Head|p2a: Dusclops
|-damage|p2a: Dusclops|35\/284
|move|p2a: Dusclops|Rest|p2a: Dusclops
|-status|p2a: Dusclops|slp
|-heal|p2a: Dusclops|284\/284 slp|[silent]
|-status|p2a: Dusclops|slp|[from] move: Rest
|
|-heal|p1a: Jirachi|328\/404|[from] item: Leftovers
|-damage|p1a: Jirachi|227\/404|[from] Curse
|turn|144
|
|switch|p1a: Mienshao|Mienshao, M|271\/271
|-damage|p1a: Mienshao|255\/271|[from] Stealth Rock
|cant|p2a: Dusclops|slp
|
|turn|145
|
|switch|p2a: Alomomola|Alomomola, F|534\/534 par
|-damage|p2a: Alomomola|468\/534 par|[from] Stealth Rock
|move|p1a: Mienshao|Knock Off|p2a: Alomomola
|-damage|p2a: Alomomola|406\/534 par
|
|turn|146
|
|switch|p1a: Shaymin|Shaymin|341\/341
|-damage|p1a: Shaymin|299\/341|[from] Stealth Rock
|switch|p2a: Ditto|Ditto|299\/299
|-damage|p2a: Ditto|262\/299|[from] Stealth Rock
|-transform|p2a: Ditto|p1a: Shaymin
|
|turn|147
|
|switch|p2a: Dusclops|Dusclops, M|284\/284 slp
|-damage|p2a: Dusclops|249\/284 slp|[from] Stealth Rock
|-ability|p2a: Dusclops|Pressure
|move|p1a: Shaymin|Rest|p1a: Shaymin
|-status|p1a: Shaymin|slp
|-heal|p1a: Shaymin|341\/341 slp|[silent]
|-status|p1a: Shaymin|slp|[from] move: Rest
|
|turn|148
|
|switch|p1a: Jirachi|Jirachi|227\/404
|-damage|p1a: Jirachi|202\/404|[from] Stealth Rock
|switch|p2a: Ditto|Ditto|262\/299
|-damage|p2a: Ditto|225\/299|[from] Stealth Rock
|-transform|p2a: Ditto|p1a: Jirachi
|
|-heal|p1a: Jirachi|227\/404|[from] item: Leftovers
|turn|149
|
|move|p2a: Ditto|Iron Head|p1a: Jirachi
|-resisted|p1a: Jirachi
|-damage|p1a: Jirachi|182\/404
|move|p1a: Jirachi|Wish|p1a: Jirachi
|
|-heal|p1a: Jirachi|207\/404|[from] item: Leftovers
|turn|150
|
|switch|p2a: Blissey|Blissey, F|594\/714
|-damage|p2a: Blissey|505\/714|[from] Stealth Rock
|move|p1a: Jirachi|Iron Head|p2a: Blissey
|-damage|p2a: Blissey|324\/714
|
|-heal|p1a: Jirachi|404\/404|[from] move: Wish|[wisher] Jirachi
|-heal|p2a: Blissey|368\/714|[from] item: Leftovers
|turn|151
|
|move|p1a: Jirachi|Iron Head|p2a: Blissey
|-damage|p2a: Blissey|211\/714
|cant|p2a: Blissey|flinch
|
|-heal|p2a: Blissey|255\/714|[from] item: Leftovers
|turn|152
|
|switch|p2a: Alomomola|Alomomola, F|534\/534 par
|-damage|p2a: Alomomola|468\/534 par|[from] Stealth Rock
|move|p1a: Jirachi|Iron Head|p2a: Alomomola
|-resisted|p2a: Alomomola
|-damage|p2a: Alomomola|432\/534 par
|
|turn|153
|
|switch|p1a: Shaymin|Shaymin|341\/341
|-damage|p1a: Shaymin|299\/341|[from] Stealth Rock
|move|p2a: Alomomola|Wish|p2a: Alomomola
|
|turn|154
|
|switch|p2a: Blissey|Blissey, F|255\/714
|-damage|p2a: Blissey|166\/714|[from] Stealth Rock
|move|p1a: Shaymin|Seed Flare|p2a: Blissey|[miss]
|-miss|p1a: Shaymin|p2a: Blissey
|
|-heal|p2a: Blissey|433\/714|[from] move: Wish|[wisher] Alomomola
|-heal|p2a: Blissey|477\/714|[from] item: Leftovers
|turn|155
|
|switch|p1a: Mienshao|Mienshao, M|271\/271
|-damage|p1a: Mienshao|255\/271|[from] Stealth Rock
|move|p2a: Blissey|Soft-Boiled|p2a: Blissey
|-heal|p2a: Blissey|714\/714
|
|turn|156
|
|switch|p2a: Alomomola|Alomomola, F|534\/534 par
|-damage|p2a: Alomomola|468\/534 par|[from] Stealth Rock
|move|p1a: Mienshao|U-turn|p2a: Alomomola
|-damage|p2a: Alomomola|403\/534 par
|
|switch|p1a: Shaymin|Shaymin|299\/341
|-damage|p1a: Shaymin|257\/341|[from] Stealth Rock
|
|turn|157
|
|switch|p2a: Blissey|Blissey, F|714\/714
|-damage|p2a: Blissey|625\/714|[from] Stealth Rock
|move|p1a: Shaymin|Earth Power|p2a: Blissey
|-damage|p2a: Blissey|539\/714
|-damage|p1a: Shaymin|223\/341|[from] item: Life Orb
|
|-heal|p2a: Blissey|583\/714|[from] item: Leftovers
|turn|158
|
|switch|p2a: Dusclops|Dusclops, M|249\/284 slp
|-damage|p2a: Dusclops|214\/284 slp|[from] Stealth Rock
|-ability|p2a: Dusclops|Pressure
|move|p1a: Shaymin|Earth Power|p2a: Dusclops
|-crit|p2a: Dusclops
|-damage|p2a: Dusclops|126\/284 slp
|-damage|p1a: Shaymin|189\/341|[from] item: Life Orb
|
|turn|159
|
|switch|p2a: Blissey|Blissey, F|583\/714
|-damage|p2a: Blissey|494\/714|[from] Stealth Rock
|move|p1a: Shaymin|Seed Flare|p2a: Blissey
|-damage|p2a: Blissey|309\/714
|-unboost|p2a: Blissey|spd|2
|-damage|p1a: Shaymin|155\/341|[from] item: Life Orb
|
|-heal|p2a: Blissey|353\/714|[from] item: Leftovers
|turn|160
|
|switch|p1a: Mienshao|Mienshao, M|271\/271
|-damage|p1a: Mienshao|255\/271|[from] Stealth Rock
|move|p2a: Blissey|Soft-Boiled|p2a: Blissey
|-heal|p2a: Blissey|710\/714
|
|-heal|p2a: Blissey|714\/714|[from] item: Leftovers
|turn|161
|
|switch|p2a: Alomomola|Alomomola, F|534\/534 par
|-damage|p2a: Alomomola|468\/534 par|[from] Stealth Rock
|move|p1a: Mienshao|High Jump Kick|p2a: Alomomola|[miss]
|-miss|p1a: Mienshao|p2a: Alomomola
|-damage|p1a: Mienshao|120\/271|[from] highjumpkick
|
|turn|162
|
|switch|p1a: Shaymin|Shaymin|155\/341
|-damage|p1a: Shaymin|113\/341|[from] Stealth Rock
|move|p2a: Alomomola|Wish|p2a: Alomomola
|
|turn|163
|
|switch|p2a: Dusclops|Dusclops, M|126\/284 slp
|-damage|p2a: Dusclops|91\/284 slp|[from] Stealth Rock
|-ability|p2a: Dusclops|Pressure
|move|p1a: Shaymin|Rest|p1a: Shaymin
|-status|p1a: Shaymin|slp
|-heal|p1a: Shaymin|341\/341 slp|[silent]
|-status|p1a: Shaymin|slp|[from] move: Rest
|
|-heal|p2a: Dusclops|284\/284 slp|[from] move: Wish|[wisher] Alomomola
|turn|164
|
|switch|p1a: Jirachi|Jirachi|404\/404
|-damage|p1a: Jirachi|379\/404|[from] Stealth Rock
|cant|p2a: Dusclops|slp
|
|-heal|p1a: Jirachi|404\/404|[from] item: Leftovers
|turn|165
|
|move|p1a: Jirachi|Wish|p1a: Jirachi
|-curestatus|p2a: Dusclops|slp
|move|p2a: Dusclops|Will-O-Wisp|p1a: Jirachi
|-status|p1a: Jirachi|brn
|
|-damage|p1a: Jirachi|354\/404 brn|[from] brn
|turn|166
|
|switch|p1a: Blastoise|Blastoise-Mega, M|322\/362 tox
|-damage|p1a: Blastoise|277\/362 tox|[from] Stealth Rock
|move|p2a: Dusclops|Curse|p1a: Blastoise
|-start|p1a: Blastoise|Curse|[of] p2a: Dusclops
|-damage|p2a: Dusclops|142\/284
|
|-heal|p1a: Blastoise|362\/362 tox|[from] move: Wish|[wisher] Jirachi
|-damage|p1a: Blastoise|340\/362 tox|[from] psn
|-damage|p1a: Blastoise|250\/362 tox|[from] Curse
|turn|167
|
|switch|p1a: Jirachi|Jirachi|354\/404 brn
|-damage|p1a: Jirachi|329\/404 brn|[from] Stealth Rock
|switch|p2a: Blissey|Blissey, F|714\/714
|-damage|p2a: Blissey|625\/714|[from] Stealth Rock
|
|-heal|p1a: Jirachi|354\/404 brn|[from] item: Leftovers
|-heal|p2a: Blissey|669\/714|[from] item: Leftovers
|-damage|p1a: Jirachi|304\/404 brn|[from] brn
|turn|168
|
|switch|p2a: Alomomola|Alomomola, F|534\/534 par
|-damage|p2a: Alomomola|468\/534 par|[from] Stealth Rock
|move|p1a: Jirachi|Wish|p1a: Jirachi
|
|-heal|p1a: Jirachi|329\/404 brn|[from] item: Leftovers
|-damage|p1a: Jirachi|279\/404 brn|[from] brn
|turn|169
|
|move|p1a: Jirachi|Iron Head|p2a: Alomomola
|-resisted|p2a: Alomomola
|-damage|p2a: Alomomola|447\/534 par
|move|p2a: Alomomola|Wish|p2a: Alomomola
|
|-heal|p1a: Jirachi|404\/404 brn|[from] move: Wish|[wisher] Jirachi
|-damage|p1a: Jirachi|354\/404 brn|[from] brn
|turn|170
|
|switch|p2a: Dusclops|Dusclops, M|142\/284
|-damage|p2a: Dusclops|107\/284|[from] Stealth Rock
|-ability|p2a: Dusclops|Pressure
|move|p1a: Jirachi|Wish|p1a: Jirachi
|
|-heal|p2a: Dusclops|284\/284|[from] move: Wish|[wisher] Alomomola
|-heal|p1a: Jirachi|379\/404 brn|[from] item: Leftovers
|-damage|p1a: Jirachi|329\/404 brn|[from] brn
|turn|171
|
|switch|p1a: Blastoise|Blastoise-Mega, M|250\/362 tox
|-damage|p1a: Blastoise|205\/362 tox|[from] Stealth Rock
|move|p2a: Dusclops|Night Shade|p1a: Blastoise
|-damage|p1a: Blastoise|105\/362 tox
|
|-heal|p1a: Blastoise|307\/362 tox|[from] move: Wish|[wisher] Jirachi
|-damage|p1a: Blastoise|285\/362 tox|[from] psn
|turn|172
|
|switch|p1a: Jirachi|Jirachi|329\/404 brn
|-damage|p1a: Jirachi|304\/404 brn|[from] Stealth Rock
|switch|p2a: Blissey|Blissey, F|669\/714
|-damage|p2a: Blissey|580\/714|[from] Stealth Rock
|
|-heal|p1a: Jirachi|329\/404 brn|[from] item: Leftovers
|-heal|p2a: Blissey|624\/714|[from] item: Leftovers
|-damage|p1a: Jirachi|279\/404 brn|[from] brn
|turn|173
|
|switch|p1a: Mienshao|Mienshao, M|210\/271
|-damage|p1a: Mienshao|194\/271|[from] Stealth Rock
|move|p2a: Blissey|Seismic Toss|p1a: Mienshao
|-damage|p1a: Mienshao|94\/271
|
|-heal|p2a: Blissey|668\/714|[from] item: Leftovers
|turn|174
|
|switch|p2a: Alomomola|Alomomola, F|534\/534 par
|-damage|p2a: Alomomola|468\/534 par|[from] Stealth Rock
|move|p1a: Mienshao|Knock Off|p2a: Alomomola
|-damage|p2a: Alomomola|403\/534 par
|
|turn|175
|
|switch|p1a: Shaymin|Shaymin|341\/341
|-damage|p1a: Shaymin|299\/341|[from] Stealth Rock
|move|p2a: Alomomola|Scald|p1a: Shaymin
|-resisted|p1a: Shaymin
|-damage|p1a: Shaymin|275\/341
|-status|p1a: Shaymin|brn
|
|-damage|p1a: Shaymin|233\/341 brn|[from] brn
|turn|176
|
|switch|p2a: Dusclops|Dusclops, M|284\/284
|-damage|p2a: Dusclops|249\/284|[from] Stealth Rock
|-ability|p2a: Dusclops|Pressure
|move|p1a: Shaymin|Rest|p1a: Shaymin
|-status|p1a: Shaymin|slp
|-heal|p1a: Shaymin|341\/341 slp|[silent]
|-status|p1a: Shaymin|slp|[from] move: Rest
|
|turn|177
|
|switch|p1a: Mienshao|Mienshao, M|184\/271
|-damage|p1a: Mienshao|168\/271|[from] Stealth Rock
|move|p2a: Dusclops|Night Shade|p1a: Mienshao
|-damage|p1a: Mienshao|68\/271
|
|turn|178
|
|switch|p2a: Alomomola|Alomomola, F|534\/534 par
|-damage|p2a: Alomomola|468\/534 par|[from] Stealth Rock
|move|p1a: Mienshao|U-turn|p2a: Alomomola
|-damage|p2a: Alomomola|401\/534 par
|
|switch|p1a: Shaymin|Shaymin|341\/341
|-damage|p1a: Shaymin|299\/341|[from] Stealth Rock
|
|turn|179
|
|switch|p1a: Jirachi|Jirachi|279\/404 brn
|-damage|p1a: Jirachi|254\/404 brn|[from] Stealth Rock
|switch|p2a: Blissey|Blissey, F|668\/714
|-damage|p2a: Blissey|579\/714|[from] Stealth Rock
|
|-heal|p1a: Jirachi|279\/404 brn|[from] item: Leftovers
|-heal|p2a: Blissey|623\/714|[from] item: Leftovers
|-damage|p1a: Jirachi|229\/404 brn|[from] brn
|turn|180
|
|move|p1a: Jirachi|Wish|p1a: Jirachi
|move|p2a: Blissey|Seismic Toss|p1a: Jirachi
|-damage|p1a: Jirachi|129\/404 brn
|
|-heal|p1a: Jirachi|154\/404 brn|[from] item: Leftovers
|-heal|p2a: Blissey|667\/714|[from] item: Leftovers
|-damage|p1a: Jirachi|104\/404 brn|[from] brn
|turn|181
|
|move|p1a: Jirachi|Iron Head|p2a: Blissey
|-damage|p2a: Blissey|576\/714
|cant|p2a: Blissey|flinch
|
|-heal|p1a: Jirachi|306\/404 brn|[from] move: Wish|[wisher] Jirachi
|-heal|p1a: Jirachi|331\/404 brn|[from] item: Leftovers
|-heal|p2a: Blissey|620\/714|[from] item: Leftovers
|-damage|p1a: Jirachi|281\/404 brn|[from] brn
|turn|182
|
|move|p1a: Jirachi|Wish|p1a: Jirachi
|move|p2a: Blissey|Seismic Toss|p1a: Jirachi
|-damage|p1a: Jirachi|181\/404 brn
|
|-heal|p1a: Jirachi|206\/404 brn|[from] item: Leftovers
|-heal|p2a: Blissey|664\/714|[from] item: Leftovers
|-damage|p1a: Jirachi|156\/404 brn|[from] brn
|turn|183
|
|move|p1a: Jirachi|Iron Head|p2a: Blissey
|-damage|p2a: Blissey|582\/714
|move|p2a: Blissey|Seismic Toss|p1a: Jirachi
|-damage|p1a: Jirachi|56\/404 brn
|
|-heal|p1a: Jirachi|258\/404 brn|[from] move: Wish|[wisher] Jirachi
|-heal|p1a: Jirachi|283\/404 brn|[from] item: Leftovers
|-heal|p2a: Blissey|626\/714|[from] item: Leftovers
|-damage|p1a: Jirachi|233\/404 brn|[from] brn
|turn|184
|
|switch|p1a: Gligar|Gligar, F|208\/334
|-damage|p1a: Gligar|167\/334|[from] Stealth Rock
|move|p2a: Blissey|Seismic Toss|p1a: Gligar
|-damage|p1a: Gligar|67\/334
|
|-heal|p2a: Blissey|670\/714|[from] item: Leftovers
|turn|185
|
|switch|p2a: Dusclops|Dusclops, M|249\/284
|-damage|p2a: Dusclops|214\/284|[from] Stealth Rock
|-ability|p2a: Dusclops|Pressure
|move|p1a: Gligar|Roost|p1a: Gligar
|-heal|p1a: Gligar|234\/334
|
|turn|186
|
|move|p1a: Gligar|U-turn|p2a: Dusclops
|-resisted|p2a: Dusclops
|-damage|p2a: Dusclops|205\/284
|
|switch|p1a: Shaymin|Shaymin|299\/341
|-damage|p1a: Shaymin|257\/341|[from] Stealth Rock
|move|p2a: Dusclops|Will-O-Wisp|p1a: Shaymin
|-status|p1a: Shaymin|brn
|
|-damage|p1a: Shaymin|215\/341 brn|[from] brn
|turn|187
|
|move|p1a: Shaymin|Rest|p1a: Shaymin
|-status|p1a: Shaymin|slp
|-heal|p1a: Shaymin|341\/341 slp|[silent]
|-status|p1a: Shaymin|slp|[from] move: Rest
|move|p2a: Dusclops|Night Shade|p1a: Shaymin
|-damage|p1a: Shaymin|241\/341 slp
|
|turn|188
|
|switch|p1a: Mienshao|Mienshao, M|158\/271
|-damage|p1a: Mienshao|142\/271|[from] Stealth Rock
|move|p2a: Dusclops|Will-O-Wisp|p1a: Mienshao
|-status|p1a: Mienshao|brn
|
|-damage|p1a: Mienshao|109\/271 brn|[from] brn
|turn|189
|
|switch|p2a: Alomomola|Alomomola, F|534\/534 par
|-damage|p2a: Alomomola|468\/534 par|[from] Stealth Rock
|move|p1a: Mienshao|U-turn|p2a: Alomomola
|-damage|p2a: Alomomola|432\/534 par
|
|switch|p1a: Blastoise|Blastoise-Mega, M|285\/362 tox
|-damage|p1a: Blastoise|240\/362 tox|[from] Stealth Rock
|
|-damage|p1a: Blastoise|218\/362 tox|[from] psn
|turn|190
|
|switch|p2a: Blissey|Blissey, F|670\/714
|-damage|p2a: Blissey|581\/714|[from] Stealth Rock
|move|p1a: Blastoise|Aura Sphere|p2a: Blissey
|-supereffective|p2a: Blissey
|-damage|p2a: Blissey|325\/714
|
|-heal|p2a: Blissey|369\/714|[from] item: Leftovers
|-damage|p1a: Blastoise|174\/362 tox|[from] psn
|turn|191
|
|switch|p1a: Jirachi|Jirachi|233\/404 brn
|-damage|p1a: Jirachi|208\/404 brn|[from] Stealth Rock
|move|p2a: Blissey|Soft-Boiled|p2a: Blissey
|-heal|p2a: Blissey|714\/714
|
|-heal|p1a: Jirachi|233\/404 brn|[from] item: Leftovers
|-damage|p1a: Jirachi|183\/404 brn|[from] brn
|turn|192
|
|move|p1a: Jirachi|Wish|p1a: Jirachi
|move|p2a: Blissey|Seismic Toss|p1a: Jirachi
|-damage|p1a: Jirachi|83\/404 brn
|
|-heal|p1a: Jirachi|108\/404 brn|[from] item: Leftovers
|-damage|p1a: Jirachi|58\/404 brn|[from] brn
|turn|193
|
|move|p1a: Jirachi|Protect|p1a: Jirachi
|-singleturn|p1a: Jirachi|Protect
|move|p2a: Blissey|Seismic Toss|p1a: Jirachi
|-activate|p1a: Jirachi|Protect
|
|-heal|p1a: Jirachi|260\/404 brn|[from] move: Wish|[wisher] Jirachi
|-heal|p1a: Jirachi|285\/404 brn|[from] item: Leftovers
|-damage|p1a: Jirachi|235\/404 brn|[from] brn
|turn|194
|
|switch|p1a: Gligar|Gligar, F|234\/334
|-damage|p1a: Gligar|193\/334|[from] Stealth Rock
|move|p2a: Blissey|Seismic Toss|p1a: Gligar
|-damage|p1a: Gligar|93\/334
|
|turn|195
|
|switch|p2a: Dusclops|Dusclops, M|205\/284
|-damage|p2a: Dusclops|170\/284|[from] Stealth Rock
|-ability|p2a: Dusclops|Pressure
|move|p1a: Gligar|Roost|p1a: Gligar
|-heal|p1a: Gligar|260\/334
|
|turn|196
|
|move|p1a: Gligar|U-turn|p2a: Dusclops
|-resisted|p2a: Dusclops
|-damage|p2a: Dusclops|161\/284
|
|switch|p1a: Mienshao|Mienshao, M|199\/271 brn
|-damage|p1a: Mienshao|183\/271 brn|[from] Stealth Rock
|move|p2a: Dusclops|Will-O-Wisp|p1a: Mienshao
|-fail|p1a: Mienshao|brn
|
|-damage|p1a: Mienshao|150\/271 brn|[from] brn
|turn|197
|
|switch|p2a: Alomomola|Alomomola, F|534\/534 par
|-damage|p2a: Alomomola|468\/534 par|[from] Stealth Rock
|move|p1a: Mienshao|Knock Off|p2a: Alomomola
|-damage|p2a: Alomomola|435\/534 par
|
|-damage|p1a: Mienshao|117\/271 brn|[from] brn
|turn|198
|
|switch|p1a: Shaymin|Shaymin|241\/341
|-damage|p1a: Shaymin|199\/341|[from] Stealth Rock
|cant|p2a: Alomomola|par
|
|turn|199
|
|switch|p2a: Blissey|Blissey, F|714\/714
|-damage|p2a: Blissey|625\/714|[from] Stealth Rock
|move|p1a: Shaymin|Earth Power|p2a: Blissey
|-damage|p2a: Blissey|534\/714
|-damage|p1a: Shaymin|165\/341|[from] item: Life Orb
|
|-heal|p2a: Blissey|578\/714|[from] item: Leftovers
|turn|200
|
|switch|p1a: Gligar|Gligar, F|260\/334
|-damage|p1a: Gligar|219\/334|[from] Stealth Rock
|move|p2a: Blissey|Toxic|p1a: Gligar
|-fail|p1a: Gligar
|
|-heal|p2a: Blissey|622\/714|[from] item: Leftovers
|turn|201
|
|move|p1a: Gligar|Earthquake|p2a: Blissey
|-damage|p2a: Blissey|460\/714
|move|p2a: Blissey|Stealth Rock|p1a: Gligar
|-fail|p1a: Gligar
|
|-heal|p2a: Blissey|504\/714|[from] item: Leftovers
|turn|202
|
|move|p1a: Gligar|Earthquake|p2a: Blissey
|-damage|p2a: Blissey|350\/714
|move|p2a: Blissey|Soft-Boiled|p2a: Blissey
|-heal|p2a: Blissey|707\/714
|
|-heal|p2a: Blissey|714\/714|[from] item: Leftovers
|turn|203
|
|switch|p2a: Alomomola|Alomomola, F|534\/534 par
|-damage|p2a: Alomomola|468\/534 par|[from] Stealth Rock
|move|p1a: Gligar|Earthquake|p2a: Alomomola
|-damage|p2a: Alomomola|387\/534 par
|
|turn|204
|
|move|p1a: Gligar|U-turn|p2a: Alomomola
|-damage|p2a: Alomomola|347\/534 par
|
|switch|p1a: Shaymin|Shaymin|165\/341
|-damage|p1a: Shaymin|123\/341|[from] Stealth Rock
|cant|p2a: Alomomola|par
|
|turn|205
|
|switch|p2a: Blissey|Blissey, F|714\/714
|-damage|p2a: Blissey|625\/714|[from] Stealth Rock
|move|p1a: Shaymin|Rest|p1a: Shaymin
|-status|p1a: Shaymin|slp
|-heal|p1a: Shaymin|341\/341 slp|[silent]
|-status|p1a: Shaymin|slp|[from] move: Rest
|
|-heal|p2a: Blissey|669\/714|[from] item: Leftovers
|turn|206
|
|switch|p1a: Gligar|Gligar, F|219\/334
|-damage|p1a: Gligar|178\/334|[from] Stealth Rock
|move|p2a: Blissey|Seismic Toss|p1a: Gligar
|-damage|p1a: Gligar|78\/334
|
|-heal|p2a: Blissey|713\/714|[from] item: Leftovers
|turn|207
|
|switch|p2a: Dusclops|Dusclops, M|161\/284
|-damage|p2a: Dusclops|126\/284|[from] Stealth Rock
|-ability|p2a: Dusclops|Pressure
|move|p1a: Gligar|Roost|p1a: Gligar
|-heal|p1a: Gligar|245\/334
|
|turn|208
|
|move|p1a: Gligar|U-turn|p2a: Dusclops
|-resisted|p2a: Dusclops
|-damage|p2a: Dusclops|117\/284
|
|switch|p1a: Jirachi|Jirachi|235\/404 brn
|-damage|p1a: Jirachi|210\/404 brn|[from] Stealth Rock
|move|p2a: Dusclops|Rest|p2a: Dusclops
|-status|p2a: Dusclops|slp
|-heal|p2a: Dusclops|284\/284 slp|[silent]
|-status|p2a: Dusclops|slp|[from] move: Rest
|
|-heal|p1a: Jirachi|235\/404 brn|[from] item: Leftovers
|-damage|p1a: Jirachi|185\/404 brn|[from] brn
|turn|209
|
|move|p1a: Jirachi|Wish|p1a: Jirachi
|cant|p2a: Dusclops|slp
|
|-heal|p1a: Jirachi|210\/404 brn|[from] item: Leftovers
|-damage|p1a: Jirachi|160\/404 brn|[from] brn
|turn|210
|
|switch|p2a: Blissey|Blissey, F|713\/714
|-damage|p2a: Blissey|624\/714|[from] Stealth Rock
|move|p1a: Jirachi|Iron Head|p2a: Blissey
|-damage|p2a: Blissey|536\/714
|
|-heal|p1a: Jirachi|362\/404 brn|[from] move: Wish|[wisher] Jirachi
|-heal|p1a: Jirachi|387\/404 brn|[from] item: Leftovers
|-heal|p2a: Blissey|580\/714|[from] item: Leftovers
|-damage|p1a: Jirachi|337\/404 brn|[from] brn
|turn|211
|join|Jk77jk77
|
|switch|p1a: Mienshao|Mienshao, M|207\/271 brn
|-damage|p1a: Mienshao|191\/271 brn|[from] Stealth Rock
|move|p2a: Blissey|Seismic Toss|p1a: Mienshao
|-damage|p1a: Mienshao|91\/271 brn
|
|-heal|p2a: Blissey|624\/714|[from] item: Leftovers
|-damage|p1a: Mienshao|58\/271 brn|[from] brn
|turn|212
|
|switch|p2a: Alomomola|Alomomola, F|525\/534 par
|-damage|p2a: Alomomola|459\/534 par|[from] Stealth Rock
|move|p1a: Mienshao|U-turn|p2a: Alomomola
|-damage|p2a: Alomomola|425\/534 par
|
|switch|p1a: Shaymin|Shaymin|341\/341
|-damage|p1a: Shaymin|299\/341|[from] Stealth Rock
|
|turn|213
|
|switch|p2a: Dusclops|Dusclops, M|284\/284 slp
|-damage|p2a: Dusclops|249\/284 slp|[from] Stealth Rock
|-ability|p2a: Dusclops|Pressure
|move|p1a: Shaymin|Earth Power|p2a: Dusclops
|-damage|p2a: Dusclops|191\/284 slp
|-damage|p1a: Shaymin|265\/341|[from] item: Life Orb
|
|turn|214
|
|switch|p1a: Mienshao|Mienshao, M|148\/271 brn
|-damage|p1a: Mienshao|132\/271 brn|[from] Stealth Rock
|cant|p2a: Dusclops|slp
|
|-damage|p1a: Mienshao|99\/271 brn|[from] brn
|turn|215
|
|switch|p2a: Alomomola|Alomomola, F|534\/534 par
|-damage|p2a: Alomomola|468\/534 par|[from] Stealth Rock
|move|p1a: Mienshao|U-turn|p2a: Alomomola
|-crit|p2a: Alomomola
|-damage|p2a: Alomomola|411\/534 par
|
|switch|p1a: Shaymin|Shaymin|265\/341
|-damage|p1a: Shaymin|223\/341|[from] Stealth Rock
|
|turn|216
|
|switch|p2a: Ditto|Ditto|225\/299
|-damage|p2a: Ditto|188\/299|[from] Stealth Rock
|-transform|p2a: Ditto|p1a: Shaymin
|move|p1a: Shaymin|Earth Power|p2a: Ditto
|-resisted|p2a: Ditto
|-damage|p2a: Ditto|135\/299
|-damage|p1a: Shaymin|189\/341|[from] item: Life Orb
|
|turn|217
|
|move|p2a: Ditto|Rest|p2a: Ditto
|-status|p2a: Ditto|slp
|-heal|p2a: Ditto|299\/299 slp|[silent]
|-status|p2a: Ditto|slp|[from] move: Rest
|move|p1a: Shaymin|Hidden Power|p2a: Ditto
|-supereffective|p2a: Ditto
|-damage|p2a: Ditto|156\/299 slp
|-damage|p1a: Shaymin|155\/341|[from] item: Life Orb
|
|turn|218
|
|switch|p2a: Blissey|Blissey, F|624\/714
|-damage|p2a: Blissey|535\/714|[from] Stealth Rock
|move|p1a: Shaymin|Earth Power|p2a: Blissey
|-damage|p2a: Blissey|445\/714
|-damage|p1a: Shaymin|121\/341|[from] item: Life Orb
|
|-heal|p2a: Blissey|489\/714|[from] item: Leftovers
|turn|219
|
|move|p1a: Shaymin|Rest|p1a: Shaymin
|-status|p1a: Shaymin|slp
|-heal|p1a: Shaymin|341\/341 slp|[silent]
|-status|p1a: Shaymin|slp|[from] move: Rest
|move|p2a: Blissey|Toxic|p1a: Shaymin
|-fail|p1a: Shaymin
|
|-heal|p2a: Blissey|533\/714|[from] item: Leftovers
|turn|220
|
|switch|p1a: Gligar|Gligar, F|245\/334
|-damage|p1a: Gligar|204\/334|[from] Stealth Rock
|switch|p2a: Ditto|Ditto|156\/299
|-damage|p2a: Ditto|119\/299|[from] Stealth Rock
|-transform|p2a: Ditto|p1a: Gligar
|
|turn|221
|
|move|p2a: Ditto|Roost|p2a: Ditto
|-heal|p2a: Ditto|269\/299
|move|p1a: Gligar|Roost|p1a: Gligar
|-heal|p1a: Gligar|334\/334
|
|turn|222
|
|move|p2a: Ditto|Roost|p2a: Ditto
|-heal|p2a: Ditto|299\/299
|move|p1a: Gligar|Earthquake|p2a: Ditto
|-damage|p2a: Ditto|227\/299
|
|turn|223
|
|switch|p2a: Alomomola|Alomomola, F|534\/534 par
|-damage|p2a: Alomomola|468\/534 par|[from] Stealth Rock
|move|p1a: Gligar|Earthquake|p2a: Alomomola
|-damage|p2a: Alomomola|386\/534 par
|
|turn|224
|
|move|p1a: Gligar|U-turn|p2a: Alomomola
|-damage|p2a: Alomomola|350\/534 par
|
|switch|p1a: Mienshao|Mienshao, M|189\/271 brn
|-damage|p1a: Mienshao|173\/271 brn|[from] Stealth Rock
|cant|p2a: Alomomola|par
|
|-damage|p1a: Mienshao|140\/271 brn|[from] brn
|turn|225
|
|move|p1a: Mienshao|U-turn|p2a: Alomomola
|-crit|p2a: Alomomola
|-damage|p2a: Alomomola|300\/534 par
|
|switch|p1a: Shaymin|Shaymin|341\/341
|-damage|p1a: Shaymin|299\/341|[from] Stealth Rock
|move|p2a: Alomomola|Wish|p2a: Alomomola
|
|turn|226
|
|switch|p2a: Dusclops|Dusclops, M|191\/284 slp
|-damage|p2a: Dusclops|156\/284 slp|[from] Stealth Rock
|-ability|p2a: Dusclops|Pressure
|move|p1a: Shaymin|Earth Power|p2a: Dusclops
|-damage|p2a: Dusclops|90\/284 slp
|-damage|p1a: Shaymin|265\/341|[from] item: Life Orb
|
|-heal|p2a: Dusclops|284\/284 slp|[from] move: Wish|[wisher] Alomomola
|turn|227
|
|switch|p1a: Mienshao|Mienshao, M|230\/271 brn
|-damage|p1a: Mienshao|214\/271 brn|[from] Stealth Rock
|-curestatus|p2a: Dusclops|slp
|move|p2a: Dusclops|Will-O-Wisp|p1a: Mienshao
|-fail|p1a: Mienshao|brn
|
|-damage|p1a: Mienshao|181\/271 brn|[from] brn
|turn|228
|
|switch|p2a: Alomomola|Alomomola, F|478\/534 par
|-damage|p2a: Alomomola|412\/534 par|[from] Stealth Rock
|move|p1a: Mienshao|U-turn|p2a: Alomomola
|-damage|p2a: Alomomola|380\/534 par
|
|switch|p1a: Jirachi|Jirachi|337\/404 brn
|-damage|p1a: Jirachi|312\/404 brn|[from] Stealth Rock
|
|-heal|p1a: Jirachi|337\/404 brn|[from] item: Leftovers
|-damage|p1a: Jirachi|287\/404 brn|[from] brn
|turn|229
|
|switch|p2a: Dusclops|Dusclops, M|284\/284
|-damage|p2a: Dusclops|249\/284|[from] Stealth Rock
|-ability|p2a: Dusclops|Pressure
|move|p1a: Jirachi|Wish|p1a: Jirachi
|
|-heal|p1a: Jirachi|312\/404 brn|[from] item: Leftovers
|-damage|p1a: Jirachi|262\/404 brn|[from] brn
|turn|230
|
|switch|p1a: Blastoise|Blastoise-Mega, M|174\/362 tox
|-damage|p1a: Blastoise|129\/362 tox|[from] Stealth Rock
|move|p2a: Dusclops|Curse|p1a: Blastoise
|-start|p1a: Blastoise|Curse|[of] p2a: Dusclops
|-damage|p2a: Dusclops|107\/284
|
|-heal|p1a: Blastoise|331\/362 tox|[from] move: Wish|[wisher] Jirachi
|-damage|p1a: Blastoise|309\/362 tox|[from] psn
|-damage|p1a: Blastoise|219\/362 tox|[from] Curse
|turn|231
|
|switch|p2a: Blissey|Blissey, F|533\/714
|-damage|p2a: Blissey|444\/714|[from] Stealth Rock
|move|p1a: Blastoise|Dark Pulse|p2a: Blissey
|-damage|p2a: Blissey|328\/714
|
|-heal|p2a: Blissey|372\/714|[from] item: Leftovers
|-damage|p1a: Blastoise|175\/362 tox|[from] psn
|-damage|p1a: Blastoise|85\/362 tox|[from] Curse
|turn|232
|
|switch|p1a: Mienshao|Mienshao, M|271\/271 brn
|-damage|p1a: Mienshao|255\/271 brn|[from] Stealth Rock
|move|p2a: Blissey|Soft-Boiled|p2a: Blissey
|-heal|p2a: Blissey|714\/714
|
|-damage|p1a: Mienshao|222\/271 brn|[from] brn
|turn|233
|
|switch|p2a: Alomomola|Alomomola, F|534\/534 par
|-damage|p2a: Alomomola|468\/534 par|[from] Stealth Rock
|move|p1a: Mienshao|U-turn|p2a: Alomomola
|-damage|p2a: Alomomola|434\/534 par
|
|switch|p1a: Jirachi|Jirachi|262\/404 brn
|-damage|p1a: Jirachi|237\/404 brn|[from] Stealth Rock
|
|-heal|p1a: Jirachi|262\/404 brn|[from] item: Leftovers
|-damage|p1a: Jirachi|212\/404 brn|[from] brn
|turn|234
|
|switch|p2a: Dusclops|Dusclops, M|107\/284
|-damage|p2a: Dusclops|72\/284|[from] Stealth Rock
|-ability|p2a: Dusclops|Pressure
|move|p1a: Jirachi|Wish|p1a: Jirachi
|
|-heal|p1a: Jirachi|237\/404 brn|[from] item: Leftovers
|-damage|p1a: Jirachi|187\/404 brn|[from] brn
|turn|235
|
|move|p1a: Jirachi|Iron Head|p2a: Dusclops
|-damage|p2a: Dusclops|53\/284
|move|p2a: Dusclops|Rest|p2a: Dusclops
|-status|p2a: Dusclops|slp
|-heal|p2a: Dusclops|284\/284 slp|[silent]
|-status|p2a: Dusclops|slp|[from] move: Rest
|
|-heal|p1a: Jirachi|389\/404 brn|[from] move: Wish|[wisher] Jirachi
|-heal|p1a: Jirachi|404\/404 brn|[from] item: Leftovers
|-damage|p1a: Jirachi|354\/404 brn|[from] brn
|turn|236
|
|switch|p1a: Entei|Entei, shiny|273\/371
|-damage|p1a: Entei|181\/371|[from] Stealth Rock
|-ability|p1a: Entei|Pressure
|switch|p2a: Alomomola|Alomomola, F|534\/534 par
|-damage|p2a: Alomomola|468\/534 par|[from] Stealth Rock
|
|turn|237
|
|move|p1a: Entei|Stone Edge|p2a: Alomomola
|-crit|p2a: Alomomola
|-damage|p2a: Alomomola|225\/534 par
|move|p2a: Alomomola|Toxic|p1a: Entei
|-status|p1a: Entei|tox
|
|-damage|p1a: Entei|158\/371 tox|[from] psn
|turn|238
|
|move|p2a: Alomomola|Protect|p2a: Alomomola
|-singleturn|p2a: Alomomola|Protect
|move|p1a: Entei|Stone Edge|p2a: Alomomola
|-activate|p2a: Alomomola|Protect
|
|-damage|p1a: Entei|112\/371 tox|[from] psn
|turn|239
|
|move|p1a: Entei|Stone Edge|p2a: Alomomola
|-damage|p2a: Alomomola|88\/534 par
|move|p2a: Alomomola|Wish|p2a: Alomomola
|
|-damage|p1a: Entei|43\/371 tox|[from] psn
|turn|240
|
|move|p2a: Alomomola|Protect|p2a: Alomomola
|-singleturn|p2a: Alomomola|Protect
|move|p1a: Entei|Stone Edge|p2a: Alomomola
|-activate|p2a: Alomomola|Protect
|
|-heal|p2a: Alomomola|355\/534 par|[from] move: Wish|[wisher] Alomomola
|-damage|p1a: Entei|0 fnt|[from] psn
|faint|p1a: Entei
|
|switch|p1a: Blastoise|Blastoise-Mega, M|85\/362 tox
|-damage|p1a: Blastoise|40\/362 tox|[from] Stealth Rock
|turn|241
|
|switch|p2a: Blissey|Blissey, F|714\/714
|-damage|p2a: Blissey|625\/714|[from] Stealth Rock
|move|p1a: Blastoise|Aura Sphere|p2a: Blissey
|-supereffective|p2a: Blissey
|-damage|p2a: Blissey|367\/714
|
|-heal|p2a: Blissey|411\/714|[from] item: Leftovers
|-damage|p1a: Blastoise|18\/362 tox|[from] psn
|turn|242
|
|move|p1a: Blastoise|Aura Sphere|p2a: Blissey
|-supereffective|p2a: Blissey
|-damage|p2a: Blissey|179\/714
|move|p2a: Blissey|Soft-Boiled|p2a: Blissey
|-heal|p2a: Blissey|536\/714
|
|-heal|p2a: Blissey|580\/714|[from] item: Leftovers
|-damage|p1a: Blastoise|0 fnt|[from] psn
|faint|p1a: Blastoise
|
|switch|p1a: Gligar|Gligar, F|334\/334
|-damage|p1a: Gligar|293\/334|[from] Stealth Rock
|turn|243
|
|switch|p2a: Dusclops|Dusclops, M|284\/284 slp
|-damage|p2a: Dusclops|249\/284 slp|[from] Stealth Rock
|-ability|p2a: Dusclops|Pressure
|move|p1a: Gligar|Earthquake|p2a: Dusclops
|-damage|p2a: Dusclops|213\/284 slp
|
|turn|244
|-message|Aquabob lost due to inactivity.
|
|win|Nuggetman
|raw|Ladder updating...
|raw|Aquabob's rating: 1586 &rarr; <strong>1562<\/strong><br \/>(-24 for losing)
|raw|Nuggetman's rating: 1514 &rarr; <strong>1538<\/strong><br \/>(+24 for winning)