|join|Nuggetman
|join|pokemonisfun
|player|p1|Nuggetman|165
|player|p2|pokemonisfun|184
|gametype|singles
|gen|6
|tier|UU
|rated
|rule|Sleep Clause Mod: Limit one foe put to sleep
|rule|Species Clause: Limit one of each Pokemon
|rule|OHKO Clause: OHKO moves are banned
|rule|Moody Clause: Moody is banned
|rule|Evasion Moves Clause: Evasion moves are banned
|rule|Endless Battle Clause: Forcing endless battles is banned.
|rule|HP Percentage Mod: HP is reported as percentages
|clearpoke
|poke|p1|Alomomola, F
|poke|p1|Gligar, M
|poke|p1|Florges, F
|poke|p1|Politoed, M
|poke|p1|Gothorita, F
|poke|p1|Blissey, F
|poke|p2|Blissey, F
|poke|p2|Sableye, F
|poke|p2|Hippowdon, M
|poke|p2|Blastoise, M
|poke|p2|Mew
|poke|p2|Roserade, F
|teampreview
|
|start
|switch|p1a: Gothorita|Gothorita, F|324\/324
|switch|p2a: Sableye|Sableye, F|298\/298
|turn|1
|
|switch|p1a: Florges|Florges, F|360\/360
|move|p2a: Sableye|Knock Off|p1a: Florges
|-resisted|p1a: Florges
|-damage|p1a: Florges|293\/360
|-enditem|p1a: Florges|Leftovers|[from] move: Knock Off|[of] p2a: Sableye
|
|turn|2
|join|crit my hippo
|
|switch|p1a: Gothorita|Gothorita, F|324\/324
|switch|p2a: Mew|Mew|395\/395
|
|turn|3
|
|move|p2a: Mew|Will-O-Wisp|p1a: Gothorita
|-status|p1a: Gothorita|brn
|move|p1a: Gothorita|Calm Mind|p1a: Gothorita
|-boost|p1a: Gothorita|spa|1
|-boost|p1a: Gothorita|spd|1
|
|-damage|p1a: Gothorita|284\/324 brn|[from] brn
|turn|4
|
|move|p2a: Mew|Psyshock|p1a: Gothorita
|-resisted|p1a: Gothorita
|-damage|p1a: Gothorita|242\/324 brn
|move|p1a: Gothorita|Hidden Power|p2a: Mew
|-damage|p2a: Mew|340\/395
|
|-heal|p2a: Mew|364\/395|[from] item: Leftovers
|-damage|p1a: Gothorita|202\/324 brn|[from] brn
|turn|5
|join|robeel
|join|BadPlays4Days
|
|move|p2a: Mew|Psyshock|p1a: Gothorita
|-crit|p1a: Gothorita
|-resisted|p1a: Gothorita
|-damage|p1a: Gothorita|140\/324 brn
|move|p1a: Gothorita|Rest|p1a: Gothorita
|-status|p1a: Gothorita|slp
|-heal|p1a: Gothorita|324\/324 slp|[silent]
|-status|p1a: Gothorita|slp|[from] move: Rest
|
|-heal|p2a: Mew|388\/395|[from] item: Leftovers
|turn|6
|join|Viralx69
|join|Cassie Ventura
|
|move|p2a: Mew|Defog|p1a: Gothorita
|-unboost|p1a: Gothorita|evasion|1
|cant|p1a: Gothorita|slp
|
|-heal|p2a: Mew|395\/395|[from] item: Leftovers
|turn|7
|
|move|p2a: Mew|Psyshock|p1a: Gothorita
|-resisted|p1a: Gothorita
|-damage|p1a: Gothorita|285\/324 slp
|cant|p1a: Gothorita|slp
|
|turn|8
|
|move|p2a: Mew|Psyshock|p1a: Gothorita
|-resisted|p1a: Gothorita
|-damage|p1a: Gothorita|239\/324 slp
|-curestatus|p1a: Gothorita|slp
|move|p1a: Gothorita|Calm Mind|p1a: Gothorita
|-boost|p1a: Gothorita|spa|1
|-boost|p1a: Gothorita|spd|1
|
|turn|9
|
|move|p2a: Mew|Will-O-Wisp|p1a: Gothorita
|-status|p1a: Gothorita|brn
|move|p1a: Gothorita|Calm Mind|p1a: Gothorita
|-boost|p1a: Gothorita|spa|1
|-boost|p1a: Gothorita|spd|1
|
|-damage|p1a: Gothorita|199\/324 brn|[from] brn
|turn|10
|join|LucarioTesting
|
|move|p2a: Mew|Psyshock|p1a: Gothorita
|-resisted|p1a: Gothorita
|-damage|p1a: Gothorita|155\/324 brn
|move|p1a: Gothorita|Rest|p1a: Gothorita
|-status|p1a: Gothorita|slp
|-heal|p1a: Gothorita|324\/324 slp|[silent]
|-status|p1a: Gothorita|slp|[from] move: Rest
|
|turn|11
|join|xaatuu
|
|move|p2a: Mew|Defog|p1a: Gothorita
|-unboost|p1a: Gothorita|evasion|1
|cant|p1a: Gothorita|slp
|
|turn|12
|
|move|p2a: Mew|Defog|p1a: Gothorita
|-unboost|p1a: Gothorita|evasion|1
|cant|p1a: Gothorita|slp
|
|turn|13
|
|move|p2a: Mew|Defog|p1a: Gothorita
|-unboost|p1a: Gothorita|evasion|1
|-curestatus|p1a: Gothorita|slp
|move|p1a: Gothorita|Calm Mind|p1a: Gothorita
|-boost|p1a: Gothorita|spa|1
|-boost|p1a: Gothorita|spd|1
|
|turn|14
|
|move|p2a: Mew|Defog|p1a: Gothorita
|-unboost|p1a: Gothorita|evasion|1
|move|p1a: Gothorita|Calm Mind|p1a: Gothorita
|-boost|p1a: Gothorita|spa|1
|-boost|p1a: Gothorita|spd|1
|
|turn|15
|join|lose or win
|
|move|p2a: Mew|Defog|p1a: Gothorita
|-unboost|p1a: Gothorita|evasion|1
|move|p1a: Gothorita|Calm Mind|p1a: Gothorita
|-boost|p1a: Gothorita|spa|1
|-boost|p1a: Gothorita|spd|1
|
|turn|16
|chat|Viralx69|lul
|
|move|p2a: Mew|Will-O-Wisp|p1a: Gothorita
|-status|p1a: Gothorita|brn
|move|p1a: Gothorita|Psyshock|p2a: Mew
|-resisted|p2a: Mew
|-damage|p2a: Mew|193\/395
|
|-heal|p2a: Mew|217\/395|[from] item: Leftovers
|-damage|p1a: Gothorita|284\/324 brn|[from] brn
|turn|17
|join|Bud Hertz
|chat|Bud Hertz|8=========D~~~
|
|move|p2a: Mew|Roost|p2a: Mew
|-heal|p2a: Mew|395\/395
|move|p1a: Gothorita|Psyshock|p2a: Mew
|-resisted|p2a: Mew
|-damage|p2a: Mew|181\/395
|
|-heal|p2a: Mew|205\/395|[from] item: Leftovers
|-damage|p1a: Gothorita|244\/324 brn|[from] brn
|turn|18
|chat|Bud Hertz|oops
|chat|Bud Hertz|wrong chat
|chat|crit my hippo|PP stall go (inb4 crit) 
|
|move|p2a: Mew|Roost|p2a: Mew
|-heal|p2a: Mew|395\/395
|move|p1a: Gothorita|Rest|p1a: Gothorita
|-status|p1a: Gothorita|slp
|-heal|p1a: Gothorita|324\/324 slp|[silent]
|-status|p1a: Gothorita|slp|[from] move: Rest
|
|turn|19
|
|move|p2a: Mew|Defog|p1a: Gothorita
|cant|p1a: Gothorita|slp
|
|turn|20
|chat|Viralx69|Choice banded metronome mew = OP
|
|move|p2a: Mew|Defog|p1a: Gothorita
|cant|p1a: Gothorita|slp
|
|turn|21
|
|move|p2a: Mew|Defog|p1a: Gothorita
|-curestatus|p1a: Gothorita|slp
|move|p1a: Gothorita|Hidden Power|p2a: Mew
|-damage|p2a: Mew|237\/395
|
|-heal|p2a: Mew|261\/395|[from] item: Leftovers
|turn|22
|chat|xaatuu|metronome OP
|
|move|p2a: Mew|Will-O-Wisp|p1a: Gothorita
|-status|p1a: Gothorita|brn
|move|p1a: Gothorita|Psyshock|p2a: Mew
|-resisted|p2a: Mew
|-damage|p2a: Mew|52\/395
|
|-heal|p2a: Mew|76\/395|[from] item: Leftovers
|-damage|p1a: Gothorita|284\/324 brn|[from] brn
|turn|23
|chat|Viralx69|Should be banned from ubers
|
|move|p2a: Mew|Roost|p2a: Mew
|-heal|p2a: Mew|274\/395
|move|p1a: Gothorita|Psyshock|p2a: Mew
|-resisted|p2a: Mew
|-damage|p2a: Mew|41\/395
|
|-heal|p2a: Mew|65\/395|[from] item: Leftovers
|-damage|p1a: Gothorita|244\/324 brn|[from] brn
|turn|24
|chat|xaatuu|should be banned from all tiers
|
|move|p2a: Mew|Roost|p2a: Mew
|-heal|p2a: Mew|263\/395
|move|p1a: Gothorita|Rest|p1a: Gothorita
|-status|p1a: Gothorita|slp
|-heal|p1a: Gothorita|324\/324 slp|[silent]
|-status|p1a: Gothorita|slp|[from] move: Rest
|
|-heal|p2a: Mew|287\/395|[from] item: Leftovers
|turn|25
|
|move|p2a: Mew|Defog|p1a: Gothorita
|cant|p1a: Gothorita|slp
|
|-heal|p2a: Mew|311\/395|[from] item: Leftovers
|turn|26
|
|move|p2a: Mew|Defog|p1a: Gothorita
|cant|p1a: Gothorita|slp
|
|-heal|p2a: Mew|335\/395|[from] item: Leftovers
|turn|27
|
|move|p2a: Mew|Defog|p1a: Gothorita
|-curestatus|p1a: Gothorita|slp
|move|p1a: Gothorita|Hidden Power|p2a: Mew
|-crit|p2a: Mew
|-damage|p2a: Mew|82\/395
|
|-heal|p2a: Mew|106\/395|[from] item: Leftovers
|turn|28
|chat|xaatuu|oh my god
|
|move|p2a: Mew|Roost|p2a: Mew
|-heal|p2a: Mew|304\/395
|move|p1a: Gothorita|Hidden Power|p2a: Mew
|-damage|p2a: Mew|135\/395
|
|-heal|p2a: Mew|159\/395|[from] item: Leftovers
|turn|29
|chat|xaatuu|this is never going to end is it
|
|move|p2a: Mew|Roost|p2a: Mew
|-heal|p2a: Mew|357\/395
|move|p1a: Gothorita|Psyshock|p2a: Mew
|-resisted|p2a: Mew
|-damage|p2a: Mew|148\/395
|
|-heal|p2a: Mew|172\/395|[from] item: Leftovers
|turn|30
|chat|Bud Hertz|last one went for about 350
|
|move|p2a: Mew|Roost|p2a: Mew
|-heal|p2a: Mew|370\/395
|move|p1a: Gothorita|Psyshock|p2a: Mew
|-resisted|p2a: Mew
|-damage|p2a: Mew|166\/395
|
|-heal|p2a: Mew|190\/395|[from] item: Leftovers
|turn|31
|chat|xaatuu|i'm going to wake up tomorrow and see this battle in turn 1000
|chat|Viralx69|Psyshock was doing more than 50% 
|
|move|p2a: Mew|Roost|p2a: Mew
|-heal|p2a: Mew|388\/395
|move|p1a: Gothorita|Hidden Power|p2a: Mew
|-damage|p2a: Mew|231\/395
|
|-heal|p2a: Mew|255\/395|[from] item: Leftovers
|turn|32
|chat|Bud Hertz|needs more funbro
|chat|Bud Hertz|imo
|
|move|p2a: Mew|Will-O-Wisp|p1a: Gothorita
|-status|p1a: Gothorita|brn
|move|p1a: Gothorita|Psyshock|p2a: Mew
|-resisted|p2a: Mew
|-damage|p2a: Mew|30\/395
|
|-heal|p2a: Mew|54\/395|[from] item: Leftovers
|-damage|p1a: Gothorita|284\/324 brn|[from] brn
|turn|33
|
|move|p2a: Mew|Roost|p2a: Mew
|-heal|p2a: Mew|252\/395
|move|p1a: Gothorita|Rest|p1a: Gothorita
|-status|p1a: Gothorita|slp
|-heal|p1a: Gothorita|324\/324 slp|[silent]
|-status|p1a: Gothorita|slp|[from] move: Rest
|
|-heal|p2a: Mew|276\/395|[from] item: Leftovers
|turn|34
|
|move|p2a: Mew|Defog|p1a: Gothorita
|cant|p1a: Gothorita|slp
|
|-heal|p2a: Mew|300\/395|[from] item: Leftovers
|turn|35
|
|move|p2a: Mew|Defog|p1a: Gothorita
|cant|p1a: Gothorita|slp
|
|-heal|p2a: Mew|324\/395|[from] item: Leftovers
|turn|36
|
|move|p2a: Mew|Defog|p1a: Gothorita
|-curestatus|p1a: Gothorita|slp
|move|p1a: Gothorita|Rest|p1a: Gothorita
|-fail|p1a: Gothorita
|
|-heal|p2a: Mew|348\/395|[from] item: Leftovers
|turn|37
|
|move|p2a: Mew|Will-O-Wisp|p1a: Gothorita
|-status|p1a: Gothorita|brn
|move|p1a: Gothorita|Hidden Power|p2a: Mew
|-damage|p2a: Mew|201\/395
|
|-heal|p2a: Mew|225\/395|[from] item: Leftovers
|-damage|p1a: Gothorita|284\/324 brn|[from] brn
|turn|38
|chat|crit my hippo|ok i thought goth would just sweep but apparently its too weak
|
|move|p2a: Mew|Roost|p2a: Mew
|-heal|p2a: Mew|395\/395
|move|p1a: Gothorita|Hidden Power|p2a: Mew
|-damage|p2a: Mew|228\/395
|
|-heal|p2a: Mew|252\/395|[from] item: Leftovers
|-damage|p1a: Gothorita|244\/324 brn|[from] brn
|turn|39
|
|move|p2a: Mew|Defog|p1a: Gothorita
|move|p1a: Gothorita|Hidden Power|p2a: Mew
|-damage|p2a: Mew|87\/395
|
|-heal|p2a: Mew|111\/395|[from] item: Leftovers
|-damage|p1a: Gothorita|204\/324 brn|[from] brn
|turn|40
|chat|xaatuu|it's the burn 
|chat|xaatuu|Crit pls
|chat|Viralx69|Go into blissey and go for that belly drum
|chat|Nuggetman|i need it healthy for roserade
|chat|crit my hippo|burn doesnt affect special attack 
|
|move|p2a: Mew|Roost|p2a: Mew
|-heal|p2a: Mew|309\/395
|move|p1a: Gothorita|Hidden Power|p2a: Mew
|-damage|p2a: Mew|149\/395
|
|-heal|p2a: Mew|173\/395|[from] item: Leftovers
|-damage|p1a: Gothorita|164\/324 brn|[from] brn
|turn|41
|
|move|p2a: Mew|Roost|p2a: Mew
|-heal|p2a: Mew|371\/395
|move|p1a: Gothorita|Rest|p1a: Gothorita
|-status|p1a: Gothorita|slp
|-heal|p1a: Gothorita|324\/324 slp|[silent]
|-status|p1a: Gothorita|slp|[from] move: Rest
|
|-heal|p2a: Mew|395\/395|[from] item: Leftovers
|turn|42
|
|move|p2a: Mew|Defog|p1a: Gothorita
|cant|p1a: Gothorita|slp
|
|turn|43
|
|move|p2a: Mew|Defog|p1a: Gothorita
|cant|p1a: Gothorita|slp
|
|turn|44
|
|move|p2a: Mew|Defog|p1a: Gothorita
|-curestatus|p1a: Gothorita|slp
|move|p1a: Gothorita|Psyshock|p2a: Mew
|-crit|p2a: Mew
|-resisted|p2a: Mew
|-damage|p2a: Mew|74\/395
|
|-heal|p2a: Mew|98\/395|[from] item: Leftovers
|turn|45
|chat|who even plays ru|GOT EM
|chat|xaatuu|yas
|
|move|p2a: Mew|Roost|p2a: Mew
|-heal|p2a: Mew|296\/395
|move|p1a: Gothorita|Psyshock|p2a: Mew
|-resisted|p2a: Mew
|-damage|p2a: Mew|77\/395
|
|-heal|p2a: Mew|101\/395|[from] item: Leftovers
|turn|46
|chat|who even plays ru|now just crit again
|chat|who even plays ru|kek
|
|move|p2a: Mew|Roost|p2a: Mew
|-heal|p2a: Mew|299\/395
|move|p1a: Gothorita|Psyshock|p2a: Mew
|-resisted|p2a: Mew
|-damage|p2a: Mew|74\/395
|
|-heal|p2a: Mew|98\/395|[from] item: Leftovers
|turn|47
|
|move|p2a: Mew|Roost|p2a: Mew
|-heal|p2a: Mew|296\/395
|move|p1a: Gothorita|Hidden Power|p2a: Mew
|-damage|p2a: Mew|149\/395
|
|-heal|p2a: Mew|173\/395|[from] item: Leftovers
|turn|48
|chat|xaatuu|Better yet
|chat|xaatuu|next time carry shadow ball
|chat|who even plays ru|>mfw pp stalled out of psyshocks 
|
|move|p2a: Mew|Roost|p2a: Mew
|-heal|p2a: Mew|371\/395
|move|p1a: Gothorita|Hidden Power|p2a: Mew
|-damage|p2a: Mew|208\/395
|
|-heal|p2a: Mew|232\/395|[from] item: Leftovers
|turn|49
|chat|Cassie Ventura|signal beam
|chat|Nuggetman|it was mean't for forretress
|
|move|p2a: Mew|Will-O-Wisp|p1a: Gothorita
|-status|p1a: Gothorita|brn
|move|p1a: Gothorita|Hidden Power|p2a: Mew
|-damage|p2a: Mew|82\/395
|
|-heal|p2a: Mew|106\/395|[from] item: Leftovers
|-damage|p1a: Gothorita|284\/324 brn|[from] brn
|turn|50
|
|move|p2a: Mew|Psyshock|p1a: Gothorita
|-crit|p1a: Gothorita
|-resisted|p1a: Gothorita
|-damage|p1a: Gothorita|224\/324 brn
|move|p1a: Gothorita|Psyshock|p2a: Mew
|-resisted|p2a: Mew
|-damage|p2a: Mew|0 fnt
|faint|p2a: Mew
|
|-damage|p1a: Gothorita|184\/324 brn|[from] brn
|
|switch|p2a: Sableye|Sableye, F|298\/298
|turn|51
|chat|Viralx69|YES
|leave|LucarioTesting
|chat|Cassie Ventura|forry has volt switch hmm
|chat|who even plays ru|>mfw pp stalled out of psyshocks 
|chat|who even plays ru|>mfw pp stalled out of psyshocks 
|chat|who even plays ru|oops dropped keyboard
|chat|Viralx69|lol
|chat|Viralx69|Now we got sableye and gothorita
|
|switch|p2a: Hippowdon|Hippowdon, M|420\/420
|-weather|Sandstorm
|move|p1a: Gothorita|Hidden Power|p2a: Hippowdon
|-damage|p2a: Hippowdon|118\/420
|
|-weather|Sandstorm|[upkeep]
|-damage|p1a: Gothorita|164\/324 brn|[from] sandstorm
|-heal|p2a: Hippowdon|144\/420|[from] item: Leftovers
|-damage|p1a: Gothorita|124\/324 brn|[from] brn
|turn|52
|chat|xaatuu|ooo
|
|move|p1a: Gothorita|Hidden Power|p2a: Hippowdon
|-damage|p2a: Hippowdon|0 fnt
|faint|p2a: Hippowdon
|
|-weather|Sandstorm|[upkeep]
|-damage|p1a: Gothorita|104\/324 brn|[from] sandstorm
|-damage|p1a: Gothorita|64\/324 brn|[from] brn
|chat|xaatuu|it's happening
|chat|Viralx69|GOTH SWEEP
|
|switch|p2a: Sableye|Sableye, F|298\/298
|turn|53
|chat|Viralx69|ITS HAPPENING
|
|move|p1a: Gothorita|Rest|p1a: Gothorita
|-status|p1a: Gothorita|slp
|-heal|p1a: Gothorita|324\/324 slp|[silent]
|-status|p1a: Gothorita|slp|[from] move: Rest
|move|p2a: Sableye|Knock Off|p1a: Gothorita
|-supereffective|p1a: Gothorita
|-damage|p1a: Gothorita|148\/324 slp
|-enditem|p1a: Gothorita|Eviolite|[from] move: Knock Off|[of] p2a: Sableye
|
|-weather|Sandstorm|[upkeep]
|-damage|p1a: Gothorita|128\/324 slp|[from] sandstorm
|-damage|p2a: Sableye|280\/298|[from] sandstorm
|-heal|p2a: Sableye|298\/298|[from] item: Leftovers
|turn|54
|chat|who even plays ru|wow
|chat|lose or win|.
|chat|who even plays ru|wtf fast gothorita
|chat|Viralx69|nvm
|chat|Viralx69|xD
|chat|xaatuu|qwlp
|chat|who even plays ru|ok good rest
|
|switch|p1a: Florges|Florges, F|293\/360
|move|p2a: Sableye|Knock Off|p1a: Florges
|-resisted|p1a: Florges
|-damage|p1a: Florges|252\/360
|
|-weather|Sandstorm|[upkeep]
|-damage|p1a: Florges|230\/360|[from] sandstorm
|-damage|p2a: Sableye|280\/298|[from] sandstorm
|-heal|p2a: Sableye|298\/298|[from] item: Leftovers
|turn|55
|leave|Viralx69
|
|switch|p2a: Roserade|Roserade, F|323\/323
|move|p1a: Florges|Wish|p1a: Florges
|
|-weather|none
|turn|56
|
|switch|p1a: Gligar|Gligar, M|334\/334
|move|p2a: Roserade|Giga Drain|p1a: Gligar
|-damage|p1a: Gligar|234\/334
|
|-heal|p1a: Gligar|334\/334|[from] move: Wish|[wisher] Florges
|turn|57
|
|move|p2a: Roserade|Spikes|p1a: Gligar
|-sidestart|p1: Nuggetman|Spikes
|move|p1a: Gligar|Knock Off|p2a: Roserade
|-damage|p2a: Roserade|237\/323
|-enditem|p2a: Roserade|Black Sludge|[from] move: Knock Off|[of] p1a: Gligar
|
|turn|58
|
|move|p2a: Roserade|Giga Drain|p1a: Gligar
|-damage|p1a: Gligar|232\/334
|-heal|p2a: Roserade|288\/323|[from] drain|[of] p1a: Gligar
|move|p1a: Gligar|Earthquake|p2a: Roserade
|-damage|p2a: Roserade|162\/323
|
|turn|59
|join|wot4 >:v(
|
|move|p2a: Roserade|Giga Drain|p1a: Gligar
|-damage|p1a: Gligar|135\/334
|-heal|p2a: Roserade|211\/323|[from] drain|[of] p1a: Gligar
|move|p1a: Gligar|Earthquake|p2a: Roserade
|-damage|p2a: Roserade|90\/323
|
|turn|60
|
|move|p2a: Roserade|Rest|p2a: Roserade
|-status|p2a: Roserade|slp
|-heal|p2a: Roserade|323\/323 slp|[silent]
|-status|p2a: Roserade|slp|[from] move: Rest
|move|p1a: Gligar|Earthquake|p2a: Roserade
|-crit|p2a: Roserade
|-damage|p2a: Roserade|127\/323 slp
|
|turn|61
|
|switch|p2a: Blastoise|Blastoise, M|361\/361
|move|p1a: Gligar|Defog|p2a: Blastoise
|-unboost|p2a: Blastoise|evasion|1
|-sideend|p1: Nuggetman|Spikes|[from] move: Defog|[of] p1a: Gligar
|
|turn|62
|
|switch|p1a: Blissey|Blissey, F|714\/714
|detailschange|p2a: Blastoise|Blastoise-Mega, M
|message|Blastoise has Mega Evolved into Mega Blastoise!
|move|p2a: Blastoise|Scald|p1a: Blissey
|-damage|p1a: Blissey|620\/714
|
|-heal|p1a: Blissey|664\/714|[from] item: Leftovers
|turn|63
|
|switch|p2a: Roserade|Roserade, F|127\/323
|move|p1a: Blissey|Stealth Rock|p2a: Roserade
|-sidestart|p2: pokemonisfun|move: Stealth Rock
|
|-heal|p1a: Blissey|708\/714|[from] item: Leftovers
|turn|64
|
|move|p2a: Roserade|Toxic Spikes|p1a: Blissey
|-sidestart|p1: Nuggetman|move: Toxic Spikes
|move|p1a: Blissey|Seismic Toss|p2a: Roserade
|-damage|p2a: Roserade|27\/323
|
|-heal|p1a: Blissey|714\/714|[from] item: Leftovers
|turn|65
|chat|xaatuu|is this what every upper tier match is like
|
|move|p2a: Roserade|Rest|p2a: Roserade
|-status|p2a: Roserade|slp
|-heal|p2a: Roserade|323\/323 slp|[silent]
|-status|p2a: Roserade|slp|[from] move: Rest
|move|p1a: Blissey|Seismic Toss|p2a: Roserade
|-damage|p2a: Roserade|223\/323 slp
|
|turn|66
|chat|xaatuu|if so, i think i'll try to stay in the 1400's :I
|chat|who even plays ru|no
|chat|who even plays ru|this is what stall vs stall looks like
|chat|xaatuu|ah
|
|switch|p2a: Blissey|Blissey, F|651\/651
|-damage|p2a: Blissey|570\/651|[from] Stealth Rock
|move|p1a: Blissey|Toxic|p2a: Blissey
|-status|p2a: Blissey|tox
|
|-heal|p2a: Blissey|610\/651 tox|[from] item: Leftovers
|-damage|p2a: Blissey|570\/651 tox|[from] psn
|turn|67
|chat|who even plays ru|xmarth is high ladder and only uses offensive teams
|
|switch|p1a: Florges|Florges, F|230\/360
|-status|p1a: Florges|psn
|move|p2a: Blissey|Wish|p2a: Blissey
|
|-heal|p2a: Blissey|610\/651 tox|[from] item: Leftovers
|-damage|p1a: Florges|185\/360 psn|[from] psn
|-damage|p2a: Blissey|530\/651 tox|[from] psn
|turn|68
|
|switch|p2a: Roserade|Roserade, F|223\/323
|-damage|p2a: Roserade|183\/323|[from] Stealth Rock
|move|p1a: Florges|Aromatherapy|p1a: Florges
|-cureteam|p1a: Florges|[from] move: Aromatherapy
|
|-heal|p2a: Roserade|323\/323|[from] move: Wish|[wisher] Blissey
|turn|69
|
|switch|p1a: Blissey|Blissey, F|714\/714
|-status|p1a: Blissey|psn
|move|p2a: Roserade|Spikes|p1a: Blissey
|-sidestart|p1: Nuggetman|Spikes
|
|-damage|p1a: Blissey|625\/714 psn|[from] psn
|turn|70
|
|move|p2a: Roserade|Spikes|p1a: Blissey
|-sidestart|p1: Nuggetman|Spikes
|move|p1a: Blissey|Seismic Toss|p2a: Roserade
|-damage|p2a: Roserade|223\/323
|
|-heal|p1a: Blissey|669\/714 psn|[from] item: Leftovers
|-damage|p1a: Blissey|580\/714 psn|[from] psn
|turn|71
|
|move|p2a: Roserade|Spikes|p1a: Blissey
|-sidestart|p1: Nuggetman|Spikes
|move|p1a: Blissey|Seismic Toss|p2a: Roserade
|-damage|p2a: Roserade|123\/323
|
|-heal|p1a: Blissey|624\/714 psn|[from] item: Leftovers
|-damage|p1a: Blissey|535\/714 psn|[from] psn
|turn|72
|
|switch|p2a: Sableye|Sableye, F|298\/298
|-damage|p2a: Sableye|261\/298|[from] Stealth Rock
|move|p1a: Blissey|Seismic Toss|p2a: Sableye
|-immune|p2a: Sableye|[msg]
|
|-heal|p1a: Blissey|579\/714 psn|[from] item: Leftovers
|-heal|p2a: Sableye|279\/298|[from] item: Leftovers
|-damage|p1a: Blissey|490\/714 psn|[from] psn
|turn|73
|
|move|p2a: Sableye|Taunt|p1a: Blissey
|-start|p1a: Blissey|move: Taunt
|cant|p1a: Blissey|move: Taunt|Toxic
|
|-heal|p1a: Blissey|534\/714 psn|[from] item: Leftovers
|-heal|p2a: Sableye|297\/298|[from] item: Leftovers
|-damage|p1a: Blissey|445\/714 psn|[from] psn
|turn|74
|chat|Bud Hertz|>no cocks
|
|switch|p1a: Politoed|Politoed, M|384\/384
|-status|p1a: Politoed|psn
|-damage|p1a: Politoed|288\/384 psn|[from] Spikes
|move|p2a: Sableye|Knock Off|p1a: Politoed
|-damage|p1a: Politoed|179\/384 psn
|-enditem|p1a: Politoed|Leftovers|[from] move: Knock Off|[of] p2a: Sableye
|
|-heal|p2a: Sableye|298\/298|[from] item: Leftovers
|-damage|p1a: Politoed|131\/384 psn|[from] psn
|turn|75
|chat|Bud Hertz|>nice try
|chat|pokemonisfun|r u homo bud
|chat|Bud Hertz|4 u
|chat|Bud Hertz|:)
|chat|pokemonisfun|im homo but not 4 u
|chat|Bud Hertz|fuck
|join|BFoxy
|chat|who even plays ru|wow
|
|switch|p1a: Gligar|Gligar, M|135\/334
|move|p2a: Sableye|Taunt|p1a: Gligar
|-start|p1a: Gligar|move: Taunt
|
|turn|76
|chat|Bud Hertz|pif senpai-kun
|chat|who even plays ru|u said u werent a twink pif!! 
|chat|Bud Hertz|pls notice
|chat|Bud Hertz|:)
|
|switch|p1a: Alomomola|Alomomola, F|534\/534
|-status|p1a: Alomomola|psn
|-damage|p1a: Alomomola|401\/534 psn|[from] Spikes
|move|p2a: Sableye|Knock Off|p1a: Alomomola
|-damage|p1a: Alomomola|319\/534 psn
|-enditem|p1a: Alomomola|Leftovers|[from] move: Knock Off|[of] p2a: Sableye
|
|-damage|p1a: Alomomola|253\/534 psn|[from] psn
|turn|77
|chat|pokemonisfun|twinks r like
|chat|who even plays ru|tauntn it 
|chat|who even plays ru|ty
|chat|pokemonisfun|for gay actors
|chat|who even plays ru|wow
|
|switch|p1a: Gligar|Gligar, M|135\/334
|move|p2a: Sableye|Taunt|p1a: Gligar
|-start|p1a: Gligar|move: Taunt
|
|turn|78
|
|switch|p1a: Alomomola|Alomomola, F|431\/534 psn
|-damage|p1a: Alomomola|298\/534 psn|[from] Spikes
|move|p2a: Sableye|Knock Off|p1a: Alomomola
|-damage|p1a: Alomomola|249\/534 psn
|
|-damage|p1a: Alomomola|183\/534 psn|[from] psn
|turn|79
|chat|who even plays ru|my friend said he was the only twink in las vegas but hes not a porn actor ok
|
|switch|p1a: Politoed|Politoed, M|131\/384 psn
|-damage|p1a: Politoed|35\/384 psn|[from] Spikes
|move|p2a: Sableye|Taunt|p1a: Politoed
|-start|p1a: Politoed|move: Taunt
|
|-damage|p1a: Politoed|0 fnt|[from] psn
|faint|p1a: Politoed
|
|switch|p1a: Florges|Florges, F|185\/360
|-damage|p1a: Florges|95\/360|[from] Spikes
|-status|p1a: Florges|psn
|turn|80
|
|switch|p1a: Gligar|Gligar, M|135\/334
|switch|p2a: Blastoise|Blastoise-Mega, M|361\/361
|-damage|p2a: Blastoise|316\/361|[from] Stealth Rock
|
|turn|81
|chat|who even plays ru|omg shrekt
|
|move|p1a: Gligar|Defog|p2a: Blastoise
|-unboost|p2a: Blastoise|evasion|1
|-sideend|p2: pokemonisfun|Stealth Rock|[from] move: Defog|[of] p2a: Blastoise
|-sideend|p1: Nuggetman|Spikes|[from] move: Defog|[of] p1a: Gligar
|-sideend|p1: Nuggetman|Toxic Spikes|[from] move: Defog|[of] p1a: Gligar
|move|p2a: Blastoise|Scald|p1a: Gligar
|-supereffective|p1a: Gligar
|-damage|p1a: Gligar|0 fnt
|faint|p1a: Gligar
|
|chat|pokemonisfun|did i shrekt or get shrekt
|
|switch|p1a: Blissey|Blissey, F|445\/714
|turn|82
|chat|Bud Hertz|yes
|
|switch|p2a: Blissey|Blissey, F|530\/651
|move|p1a: Blissey|Toxic|p2a: Blissey
|-status|p2a: Blissey|tox
|
|-heal|p2a: Blissey|570\/651 tox|[from] item: Leftovers
|-heal|p1a: Blissey|489\/714|[from] item: Leftovers
|-damage|p2a: Blissey|530\/651 tox|[from] psn
|turn|83
|
|switch|p2a: Roserade|Roserade, F|123\/323
|switch|p1a: Gothorita|Gothorita, F|128\/324
|
|turn|84
|chat|lose or win|ko with giga
|
|move|p2a: Roserade|Giga Drain|p1a: Gothorita
|-crit|p1a: Gothorita
|-damage|p1a: Gothorita|0 fnt
|-heal|p2a: Roserade|187\/323|[from] drain|[of] p1a: Gothorita
|faint|p1a: Gothorita
|
|chat|who even plays ru|swagged out
|chat|who even plays ru|LOL 
|chat|lose or win|called it
|chat|lose or win|so its legit
|
|switch|p1a: Blissey|Blissey, F|489\/714
|turn|85
|chat|pokemonisfun|well i dont think that even mattered in the end
|
|move|p2a: Roserade|Spikes|p1a: Blissey
|-sidestart|p1: Nuggetman|Spikes
|move|p1a: Blissey|Seismic Toss|p2a: Roserade
|-damage|p2a: Roserade|87\/323
|
|-heal|p1a: Blissey|533\/714|[from] item: Leftovers
|turn|86
|chat|lose or win|same
|
|move|p2a: Roserade|Rest|p2a: Roserade
|-status|p2a: Roserade|slp
|-heal|p2a: Roserade|323\/323 slp|[silent]
|-status|p2a: Roserade|slp|[from] move: Rest
|move|p1a: Blissey|Toxic|p2a: Roserade
|-fail|p2a: Roserade
|
|-heal|p1a: Blissey|577\/714|[from] item: Leftovers
|turn|87
|
|switch|p2a: Blissey|Blissey, F|530\/651
|move|p1a: Blissey|Toxic|p2a: Blissey
|-status|p2a: Blissey|tox
|
|-heal|p2a: Blissey|570\/651 tox|[from] item: Leftovers
|-heal|p1a: Blissey|621\/714|[from] item: Leftovers
|-damage|p2a: Blissey|530\/651 tox|[from] psn
|turn|88
|chat|lose or win|the annoying part
|
|switch|p2a: Roserade|Roserade, F|323\/323
|move|p1a: Blissey|Stealth Rock|p2a: Roserade
|-sidestart|p2: pokemonisfun|move: Stealth Rock
|
|-heal|p1a: Blissey|665\/714|[from] item: Leftovers
|turn|89
|chat|lose or win|begins
|
|move|p2a: Roserade|Spikes|p1a: Blissey
|-sidestart|p1: Nuggetman|Spikes
|move|p1a: Blissey|Seismic Toss|p2a: Roserade
|-damage|p2a: Roserade|223\/323
|
|-heal|p1a: Blissey|709\/714|[from] item: Leftovers
|turn|90
|chat|lose or win|3 wish passer
|chat|lose or win|lmao
|
|move|p2a: Roserade|Spikes|p1a: Blissey
|-sidestart|p1: Nuggetman|Spikes
|move|p1a: Blissey|Seismic Toss|p2a: Roserade
|-damage|p2a: Roserade|123\/323
|
|-heal|p1a: Blissey|714\/714|[from] item: Leftovers
|turn|91
|chat|who even plays ru|0 SpA Roserade Giga Drain vs. 252 HP \/ 4 SpD Gothorita: 112-133 (34.5 - 41%) -- guaranteed 3HKO
|chat|who even plays ru|it mattered u shit!! 
|chat|lose or win|lets say max dmg
|chat|pokemonisfun|well it would have slept for 2 more turns
|
|move|p2a: Roserade|Toxic Spikes|p1a: Blissey
|-sidestart|p1: Nuggetman|move: Toxic Spikes
|move|p1a: Blissey|Seismic Toss|p2a: Roserade
|-damage|p2a: Roserade|23\/323
|
|turn|92
|
|move|p2a: Roserade|Rest|p2a: Roserade
|-status|p2a: Roserade|slp
|-heal|p2a: Roserade|323\/323 slp|[silent]
|-status|p2a: Roserade|slp|[from] move: Rest
|move|p1a: Blissey|Seismic Toss|p2a: Roserade
|-damage|p2a: Roserade|223\/323 slp
|
|turn|93
|chat|who even plays ru|omg hes gonna let his entire team get reg poisoned now
|
|switch|p2a: Blissey|Blissey, F|530\/651
|-damage|p2a: Blissey|449\/651|[from] Stealth Rock
|move|p1a: Blissey|Toxic|p2a: Blissey
|-status|p2a: Blissey|tox
|
|-heal|p2a: Blissey|489\/651 tox|[from] item: Leftovers
|-damage|p2a: Blissey|449\/651 tox|[from] psn
|turn|94
|chat|who even plays ru|u shit lord!! 
|
|move|p2a: Blissey|Wish|p2a: Blissey
|move|p1a: Blissey|Seismic Toss|p2a: Blissey
|-damage|p2a: Blissey|349\/651 tox
|
|-heal|p2a: Blissey|389\/651 tox|[from] item: Leftovers
|-damage|p2a: Blissey|309\/651 tox|[from] psn
|turn|95
|chat|lose or win|lol!
|
|move|p2a: Blissey|Heal Bell|p2a: Blissey
|-cureteam|p2a: Blissey|[from] move: HealBell
|move|p1a: Blissey|Seismic Toss|p2a: Blissey
|-damage|p2a: Blissey|209\/651
|
|-heal|p2a: Blissey|534\/651|[from] move: Wish|[wisher] Blissey
|-heal|p2a: Blissey|574\/651|[from] item: Leftovers
|turn|96
|chat|lose or win|die to poison!!
|
|move|p2a: Blissey|Wish|p2a: Blissey
|move|p1a: Blissey|Seismic Toss|p2a: Blissey
|-damage|p2a: Blissey|474\/651
|
|-heal|p2a: Blissey|514\/651|[from] item: Leftovers
|turn|97
|chat|who even plays ru|nice heal bell
|
|switch|p2a: Roserade|Roserade, F|223\/323
|-damage|p2a: Roserade|183\/323|[from] Stealth Rock
|move|p1a: Blissey|Toxic|p2a: Roserade
|-fail|p2a: Roserade
|
|-heal|p2a: Roserade|323\/323|[from] move: Wish|[wisher] Blissey
|turn|98
|chat|who even plays ru|>nothing statused on his team exc roserade
|chat|lose or win|natural cure
|
|move|p2a: Roserade|Toxic Spikes|p1a: Blissey
|-sidestart|p1: Nuggetman|move: Toxic Spikes
|move|p1a: Blissey|Seismic Toss|p2a: Roserade
|-damage|p2a: Roserade|223\/323
|
|turn|99
|chat|lose or win|but didnt make sense at all
|chat|lose or win|the bell
|chat|lose or win|play
|
|move|p2a: Roserade|Giga Drain|p1a: Blissey
|-damage|p1a: Blissey|638\/714
|-heal|p2a: Roserade|261\/323|[from] drain|[of] p1a: Blissey
|move|p1a: Blissey|Toxic|p2a: Roserade
|-fail|p2a: Roserade
|
|-heal|p1a: Blissey|682\/714|[from] item: Leftovers
|turn|100
|
|move|p2a: Roserade|Giga Drain|p1a: Blissey
|-damage|p1a: Blissey|603\/714
|-heal|p2a: Roserade|301\/323|[from] drain|[of] p1a: Blissey
|move|p1a: Blissey|Toxic|p2a: Roserade|[miss]
|-miss|p1a: Blissey|p2a: Roserade
|
|-heal|p1a: Blissey|647\/714|[from] item: Leftovers
|turn|101
|chat|who even plays ru|shrekt
|chat|Nuggetman|gg you win
|chat|who even plays ru|the rematch
|-message|Nuggetman forfeited.
|
|win|pokemonisfun
|raw|Ladder updating...
|leave|Nuggetman
|player|p1
|raw|Nuggetman's rating: 1686 &rarr; <strong>1671<\/strong><br \/>(-15 for losing)
|raw|pokemonisfun's rating: 1769 &rarr; <strong>1784<\/strong><br \/>(+15 for winning)
|chat|lose or win|and pif is #1 again