|join|Swagilyph
|join|Nuggetman
|player|p1|Swagilyph|188
|player|p2|Nuggetman|165
|gametype|singles
|gen|6
|tier|UU
|rated
|rule|Sleep Clause Mod: Limit one foe put to sleep
|rule|Species Clause: Limit one of each Pokemon
|rule|OHKO Clause: OHKO moves are banned
|rule|Moody Clause: Moody is banned
|rule|Evasion Moves Clause: Evasion moves are banned
|rule|Endless Battle Clause: Forcing endless battles is banned.
|rule|HP Percentage Mod: HP is reported as percentages
|clearpoke
|poke|p1|Blastoise, F
|poke|p1|Mienshao, F
|poke|p1|Porygon2
|poke|p1|Slowbro, F
|poke|p1|Hydreigon, M
|poke|p1|Entei, shiny
|poke|p2|Alomomola, F
|poke|p2|Empoleon, M
|poke|p2|Cresselia, F
|poke|p2|Ditto
|poke|p2|Zangoose, M
|poke|p2|Dusknoir, F
|teampreview
|join|CallMeCatman
|
|start
|switch|p1a: Entei|Entei, shiny|372\/372
|switch|p2a: Ditto|Ditto|299\/299
|-ability|p1a: Entei|Pressure
|-transform|p2a: Ditto|p1a: Entei
|-ability|p2a: Ditto|Pressure
|turn|1
|
|switch|p2a: Alomomola|Alomomola, F|534\/534
|switch|p1a: Mienshao|Mienshao, F|271\/271
|
|turn|2
|
|switch|p1a: Hydreigon|Hydreigon, M|325\/325
|move|p2a: Alomomola|Toxic|p1a: Hydreigon
|-status|p1a: Hydreigon|tox
|
|-damage|p1a: Hydreigon|305\/325 tox|[from] psn
|turn|3
|leave|CallMeCatman
|
|move|p2a: Alomomola|Protect|p2a: Alomomola
|-singleturn|p2a: Alomomola|Protect
|move|p1a: Hydreigon|Draco Meteor|p2a: Alomomola
|-activate|p2a: Alomomola|Protect
|
|-damage|p1a: Hydreigon|265\/325 tox|[from] psn
|turn|4
|
|switch|p2a: Empoleon|Empoleon, M|372\/372
|move|p1a: Hydreigon|Draco Meteor|p2a: Empoleon
|-resisted|p2a: Empoleon
|-damage|p2a: Empoleon|235\/372
|-unboost|p1a: Hydreigon|spa|2
|
|-heal|p2a: Empoleon|258\/372|[from] item: Leftovers
|-damage|p1a: Hydreigon|205\/325 tox|[from] psn
|turn|5
|
|switch|p1a: Entei|Entei, shiny|372\/372
|-ability|p1a: Entei|Pressure
|move|p2a: Empoleon|Stealth Rock|p1a: Entei
|-sidestart|p1: Swagilyph|move: Stealth Rock
|
|-heal|p2a: Empoleon|281\/372|[from] item: Leftovers
|turn|6
|
|switch|p2a: Alomomola|Alomomola, F|534\/534
|move|p1a: Entei|Sacred Fire|p2a: Alomomola
|-resisted|p2a: Alomomola
|-damage|p2a: Alomomola|423\/534
|-status|p2a: Alomomola|brn
|
|-heal|p2a: Alomomola|456\/534 brn|[from] item: Leftovers
|-damage|p2a: Alomomola|390\/534 brn|[from] brn
|turn|7
|
|switch|p1a: Blastoise|Blastoise, F|357\/357
|-damage|p1a: Blastoise|313\/357|[from] Stealth Rock
|move|p2a: Alomomola|Wish|p2a: Alomomola
|
|-heal|p2a: Alomomola|423\/534 brn|[from] item: Leftovers
|-damage|p2a: Alomomola|357\/534 brn|[from] brn
|turn|8
|
|switch|p2a: Dusknoir|Dusknoir, F|294\/294
|-ability|p2a: Dusknoir|Pressure
|detailschange|p1a: Blastoise|Blastoise-Mega, F
|message|Blastoise has Mega Evolved into Mega Blastoise!
|move|p1a: Blastoise|Dark Pulse|p2a: Dusknoir
|-supereffective|p2a: Dusknoir
|-damage|p2a: Dusknoir|60\/294
|
|-heal|p2a: Dusknoir|294\/294|[from] move: Wish|[wisher] Alomomola
|turn|9
|
|move|p1a: Blastoise|Dark Pulse|p2a: Dusknoir
|-crit|p2a: Dusknoir
|-supereffective|p2a: Dusknoir
|-damage|p2a: Dusknoir|0 fnt
|faint|p2a: Dusknoir
|
|
|switch|p2a: Cresselia|Cresselia, F|444\/444
|turn|10
|
|move|p2a: Cresselia|Toxic|p1a: Blastoise
|-status|p1a: Blastoise|tox
|move|p1a: Blastoise|Dark Pulse|p2a: Cresselia
|-supereffective|p2a: Cresselia
|-damage|p2a: Cresselia|256\/444
|
|-heal|p2a: Cresselia|283\/444|[from] item: Leftovers
|-damage|p1a: Blastoise|291\/357 tox|[from] psn
|turn|11
|
|move|p2a: Cresselia|Psychic|p1a: Blastoise
|-damage|p1a: Blastoise|216\/357 tox
|move|p1a: Blastoise|Dark Pulse|p2a: Cresselia
|-supereffective|p2a: Cresselia
|-damage|p2a: Cresselia|85\/444
|
|-heal|p2a: Cresselia|112\/444|[from] item: Leftovers
|-damage|p1a: Blastoise|172\/357 tox|[from] psn
|turn|12
|
|move|p2a: Cresselia|Rest|p2a: Cresselia
|-status|p2a: Cresselia|slp
|-heal|p2a: Cresselia|444\/444 slp|[silent]
|-status|p2a: Cresselia|slp|[from] move: Rest
|move|p1a: Blastoise|Rapid Spin|p2a: Cresselia
|-damage|p2a: Cresselia|431\/444 slp
|-sideend|p1: Swagilyph|Stealth Rock|[from] move: Rapid Spin|[of] p1a: Blastoise
|
|-heal|p2a: Cresselia|444\/444 slp|[from] item: Leftovers
|-damage|p1a: Blastoise|106\/357 tox|[from] psn
|turn|13
|
|switch|p2a: Brick Wall?|Zangoose, M|287\/287
|switch|p1a: Hydreigon|Hydreigon, M|205\/325 tox
|
|-damage|p1a: Hydreigon|185\/325 tox|[from] psn
|-status|p2a: Brick Wall?|tox|[from] item: Toxic Orb
|turn|14
|
|switch|p2a: Cresselia|Cresselia, F|444\/444 slp
|move|p1a: Hydreigon|Dark Pulse|p2a: Cresselia
|-supereffective|p2a: Cresselia
|-damage|p2a: Cresselia|178\/444 slp
|
|-heal|p2a: Cresselia|205\/444 slp|[from] item: Leftovers
|-damage|p1a: Hydreigon|145\/325 tox|[from] psn
|turn|15
|
|move|p1a: Hydreigon|Dark Pulse|p2a: Cresselia
|-supereffective|p2a: Cresselia
|-damage|p2a: Cresselia|0 fnt
|faint|p2a: Cresselia
|
|-damage|p1a: Hydreigon|85\/325 tox|[from] psn
|
|switch|p2a: Ditto|Ditto|299\/299
|-transform|p2a: Ditto|p1a: Hydreigon
|turn|16
|
|move|p2a: Ditto|U-turn|p1a: Hydreigon
|-supereffective|p1a: Hydreigon
|-damage|p1a: Hydreigon|0 fnt
|faint|p1a: Hydreigon
|
|switch|p2a: Brick Wall?|Zangoose, M|287\/287 tox
|
|-damage|p2a: Brick Wall?|270\/287 tox|[from] psn
|
|switch|p1a: Mienshao|Mienshao, F|271\/271
|turn|17
|
|switch|p2a: Alomomola|Alomomola, F|534\/534 brn
|move|p1a: Mienshao|High Jump Kick|p2a: Alomomola
|-damage|p2a: Alomomola|333\/534 brn
|
|-heal|p2a: Alomomola|366\/534 brn|[from] item: Leftovers
|-damage|p2a: Alomomola|300\/534 brn|[from] brn
|turn|18
|
|move|p1a: Mienshao|High Jump Kick|p2a: Alomomola
|-damage|p2a: Alomomola|99\/534 brn
|move|p2a: Alomomola|Wish|p2a: Alomomola
|
|-heal|p2a: Alomomola|132\/534 brn|[from] item: Leftovers
|-damage|p2a: Alomomola|66\/534 brn|[from] brn
|turn|19
|
|switch|p1a: Porygon2|Porygon2|359\/359
|-ability|p1a: Porygon2|Regenerator|[from] ability: Trace|[of] p2a: Alomomola
|move|p2a: Alomomola|Protect|p2a: Alomomola
|-fail|p2a: Alomomola
|
|-heal|p2a: Alomomola|333\/534 brn|[from] move: Wish|[wisher] Alomomola
|-heal|p2a: Alomomola|366\/534 brn|[from] item: Leftovers
|-damage|p2a: Alomomola|300\/534 brn|[from] brn
|turn|20
|
|switch|p2a: Empoleon|Empoleon, M|281\/372
|move|p1a: Porygon2|Thunderbolt|p2a: Empoleon
|-supereffective|p2a: Empoleon
|-damage|p2a: Empoleon|141\/372
|
|-heal|p2a: Empoleon|164\/372|[from] item: Leftovers
|turn|21
|
|switch|p1a: Entei|Entei, shiny|372\/372
|-ability|p1a: Entei|Pressure
|move|p2a: Empoleon|Stealth Rock|p1a: Entei
|-sidestart|p1: Swagilyph|move: Stealth Rock
|
|-heal|p2a: Empoleon|187\/372|[from] item: Leftovers
|turn|22
|
|move|p1a: Entei|Sacred Fire|p2a: Empoleon
|-damage|p2a: Empoleon|0 fnt
|faint|p2a: Empoleon
|
|
|switch|p2a: Ditto|Ditto|299\/299
|-transform|p2a: Ditto|p1a: Entei
|-ability|p2a: Ditto|Pressure
|turn|23
|
|move|p2a: Ditto|Sacred Fire|p1a: Entei
|-resisted|p1a: Entei
|-damage|p1a: Entei|276\/372
|move|p1a: Entei|Sacred Fire|p2a: Ditto
|-resisted|p2a: Ditto
|-damage|p2a: Ditto|150\/299
|
|turn|24
|
|switch|p2a: Alomomola|Alomomola, F|478\/534 brn
|move|p1a: Entei|Sacred Fire|p2a: Alomomola
|-resisted|p2a: Alomomola
|-damage|p2a: Alomomola|373\/534 brn
|
|-heal|p2a: Alomomola|406\/534 brn|[from] item: Leftovers
|-damage|p2a: Alomomola|340\/534 brn|[from] brn
|turn|25
|
|move|p1a: Entei|Sacred Fire|p2a: Alomomola
|-resisted|p2a: Alomomola
|-damage|p2a: Alomomola|226\/534 brn
|move|p2a: Alomomola|Wish|p2a: Alomomola
|
|-heal|p2a: Alomomola|259\/534 brn|[from] item: Leftovers
|-damage|p2a: Alomomola|193\/534 brn|[from] brn
|turn|26
|
|move|p1a: Entei|Sacred Fire|p2a: Alomomola
|-resisted|p2a: Alomomola
|-damage|p2a: Alomomola|72\/534 brn
|move|p2a: Alomomola|Toxic|p1a: Entei
|-status|p1a: Entei|tox
|
|-heal|p2a: Alomomola|339\/534 brn|[from] move: Wish|[wisher] Alomomola
|-heal|p2a: Alomomola|372\/534 brn|[from] item: Leftovers
|-damage|p1a: Entei|253\/372 tox|[from] psn
|-damage|p2a: Alomomola|306\/534 brn|[from] brn
|turn|27
|
|move|p1a: Entei|Sacred Fire|p2a: Alomomola
|-resisted|p2a: Alomomola
|-damage|p2a: Alomomola|189\/534 brn
|move|p2a: Alomomola|Wish|p2a: Alomomola
|
|-heal|p2a: Alomomola|222\/534 brn|[from] item: Leftovers
|-damage|p1a: Entei|207\/372 tox|[from] psn
|-damage|p2a: Alomomola|156\/534 brn|[from] brn
|turn|28
|
|switch|p1a: Porygon2|Porygon2|359\/359
|-damage|p1a: Porygon2|315\/359|[from] Stealth Rock
|-ability|p1a: Porygon2|Regenerator|[from] ability: Trace|[of] p2a: Alomomola
|move|p2a: Alomomola|Protect|p2a: Alomomola
|-fail|p2a: Alomomola
|
|-heal|p2a: Alomomola|423\/534 brn|[from] move: Wish|[wisher] Alomomola
|-heal|p2a: Alomomola|456\/534 brn|[from] item: Leftovers
|-damage|p2a: Alomomola|390\/534 brn|[from] brn
|turn|29
|
|switch|p2a: Ditto|Ditto|150\/299
|-transform|p2a: Ditto|p1a: Porygon2
|move|p1a: Porygon2|Thunderbolt|p2a: Ditto
|-damage|p2a: Ditto|54\/299
|
|turn|30
|
|switch|p1a: Entei|Entei, shiny|207\/372 tox
|-damage|p1a: Entei|114\/372 tox|[from] Stealth Rock
|-ability|p1a: Entei|Pressure
|move|p2a: Ditto|Recover|p2a: Ditto
|-heal|p2a: Ditto|204\/299
|
|-damage|p1a: Entei|91\/372 tox|[from] psn
|turn|31
|
|switch|p2a: Alomomola|Alomomola, F|534\/534 brn
|move|p1a: Entei|Stone Edge|p2a: Alomomola
|-damage|p2a: Alomomola|397\/534 brn
|
|-heal|p2a: Alomomola|430\/534 brn|[from] item: Leftovers
|-damage|p1a: Entei|45\/372 tox|[from] psn
|-damage|p2a: Alomomola|364\/534 brn|[from] brn
|turn|32
|
|move|p1a: Entei|Stone Edge|p2a: Alomomola
|-damage|p2a: Alomomola|212\/534 brn
|move|p2a: Alomomola|Wish|p2a: Alomomola
|
|-heal|p2a: Alomomola|245\/534 brn|[from] item: Leftovers
|-damage|p1a: Entei|0 fnt|[from] psn
|-damage|p2a: Alomomola|179\/534 brn|[from] brn
|faint|p1a: Entei
|
|switch|p1a: Porygon2|Porygon2|359\/359
|-damage|p1a: Porygon2|315\/359|[from] Stealth Rock
|-ability|p1a: Porygon2|Regenerator|[from] ability: Trace|[of] p2a: Alomomola
|turn|33
|
|switch|p2a: Brick Wall?|Zangoose, M|270\/287 tox
|move|p1a: Porygon2|Tri Attack|p2a: Brick Wall?
|-damage|p2a: Brick Wall?|104\/287 tox
|
|-heal|p2a: Brick Wall?|287\/287 tox|[from] move: Wish|[wisher] Alomomola
|-damage|p2a: Brick Wall?|270\/287 tox|[from] psn
|turn|34
|
|switch|p1a: Slowbro|Slowbro, F|394\/394
|-damage|p1a: Slowbro|345\/394|[from] Stealth Rock
|move|p2a: Brick Wall?|Knock Off|p1a: Slowbro
|-supereffective|p1a: Slowbro
|-damage|p1a: Slowbro|123\/394
|-enditem|p1a: Slowbro|Leftovers|[from] move: Knock Off|[of] p2a: Brick Wall?
|
|-damage|p2a: Brick Wall?|236\/287 tox|[from] psn
|turn|35
|
|move|p2a: Brick Wall?|Facade|p1a: Slowbro
|-damage|p1a: Slowbro|0 fnt
|faint|p1a: Slowbro
|
|-damage|p2a: Brick Wall?|185\/287 tox|[from] psn
|
|switch|p1a: Mienshao|Mienshao, F|271\/271
|-damage|p1a: Mienshao|255\/271|[from] Stealth Rock
|turn|36
|
|move|p1a: Mienshao|High Jump Kick|p2a: Brick Wall?
|-supereffective|p2a: Brick Wall?
|-damage|p2a: Brick Wall?|0 fnt
|faint|p2a: Brick Wall?
|
|
|switch|p2a: Alomomola|Alomomola, F|357\/534 brn
|turn|37
|
|switch|p1a: Porygon2|Porygon2|359\/359
|-damage|p1a: Porygon2|315\/359|[from] Stealth Rock
|-ability|p1a: Porygon2|Regenerator|[from] ability: Trace|[of] p2a: Alomomola
|move|p2a: Alomomola|Wish|p2a: Alomomola
|
|-heal|p2a: Alomomola|390\/534 brn|[from] item: Leftovers
|-damage|p2a: Alomomola|324\/534 brn|[from] brn
|turn|38
|
|switch|p2a: Ditto|Ditto|299\/299
|-transform|p2a: Ditto|p1a: Porygon2
|move|p1a: Porygon2|Thunderbolt|p2a: Ditto
|-damage|p2a: Ditto|207\/299
|
|-heal|p2a: Ditto|299\/299|[from] move: Wish|[wisher] Alomomola
|turn|39
|
|move|p2a: Ditto|Tri Attack|p1a: Porygon2
|-damage|p1a: Porygon2|230\/359
|move|p1a: Porygon2|Tri Attack|p2a: Ditto
|-damage|p2a: Ditto|170\/299
|
|turn|40
|
|move|p2a: Ditto|Tri Attack|p1a: Porygon2
|-damage|p1a: Porygon2|139\/359
|-status|p1a: Porygon2|brn
|move|p1a: Porygon2|Recover|p1a: Porygon2
|-heal|p1a: Porygon2|319\/359 brn
|
|-damage|p1a: Porygon2|275\/359 brn|[from] brn
|turn|41
|
|switch|p2a: Alomomola|Alomomola, F|502\/534 brn
|move|p1a: Porygon2|Tri Attack|p2a: Alomomola
|-damage|p2a: Alomomola|294\/534 brn
|
|-heal|p2a: Alomomola|327\/534 brn|[from] item: Leftovers
|-damage|p1a: Porygon2|231\/359 brn|[from] brn
|-damage|p2a: Alomomola|261\/534 brn|[from] brn
|turn|42
|
|move|p1a: Porygon2|Thunderbolt|p2a: Alomomola
|-supereffective|p2a: Alomomola
|-damage|p2a: Alomomola|0 fnt
|faint|p2a: Alomomola
|
|-damage|p1a: Porygon2|187\/359 brn|[from] brn
|
|switch|p2a: Ditto|Ditto|269\/299
|-transform|p2a: Ditto|p1a: Porygon2
|turn|43
|chat|Swagilyph|your team is fucking irritating 
|
|move|p2a: Ditto|Tri Attack|p1a: Porygon2
|-damage|p1a: Porygon2|99\/359 brn
|move|p1a: Porygon2|Tri Attack|p2a: Ditto
|-damage|p2a: Ditto|142\/299
|-status|p2a: Ditto|par
|
|-damage|p1a: Porygon2|55\/359 brn|[from] brn
|turn|44
|
|move|p1a: Porygon2|Tri Attack|p2a: Ditto
|-damage|p2a: Ditto|25\/299 par
|move|p2a: Ditto|Tri Attack|p1a: Porygon2
|-damage|p1a: Porygon2|0 fnt
|faint|p1a: Porygon2
|
|
|switch|p1a: Blastoise|Blastoise-Mega, F|106\/357 tox
|-damage|p1a: Blastoise|62\/357 tox|[from] Stealth Rock
|turn|45
|
|move|p1a: Blastoise|Aura Sphere|p2a: Ditto
|-supereffective|p2a: Ditto
|-damage|p2a: Ditto|0 fnt
|faint|p2a: Ditto
|
|win|Swagilyph
|raw|Ladder updating...
|raw|Swagilyph's rating: 1404 &rarr; <strong>1424<\/strong><br \/>(+20 for winning)
|raw|Nuggetman's rating: 1403 &rarr; <strong>1383<\/strong><br \/>(-20 for losing)
|leave|Nuggetman
|player|p2