|join|Torm
|join|Nuggetman
|player|p1|Torm|107
|player|p2|Nuggetman|165
|gametype|singles
|gen|6
|tier|UU
|rated
|rule|Sleep Clause Mod: Limit one foe put to sleep
|rule|Species Clause: Limit one of each PokÃ©mon
|rule|OHKO Clause: OHKO moves are banned
|rule|Moody Clause: Moody is banned
|rule|Evasion Moves Clause: Evasion moves are banned
|rule|Endless Battle Clause: Forcing endless battles is banned
|rule|HP Percentage Mod: HP is shown in percentages
|clearpoke
|poke|p1|Mienshao, M
|poke|p1|Hydreigon, M
|poke|p1|Lucario, M
|poke|p1|Ampharos, F
|poke|p1|Gligar, M
|poke|p1|Empoleon, M
|poke|p2|Blissey, F
|poke|p2|Amoonguss, F
|poke|p2|Slowking, F
|poke|p2|Gligar, F
|poke|p2|Alomomola, M
|poke|p2|Politoed, M
|rule|Swagger Clause: Swagger is banned
|rule|Baton Pass Clause: Limit one PokÃ©mon knowing Baton Pass
|teampreview
|
|start
|switch|p1a: Ampharos|Ampharos, F|322\/322
|switch|p2a: Slowking|Slowking, F|394\/394
|turn|1
|
|detailschange|p1a: Ampharos|Ampharos-Mega, F
|message|Ampharos has Mega Evolved into Mega Ampharos!
|-ability|p1a: Ampharos|Mold Breaker
|move|p1a: Ampharos|Volt Switch|p2a: Slowking
|-supereffective|p2a: Slowking
|-damage|p2a: Slowking|226\/394
|
|switch|p1a: Hydreigon|Hydreigon, M|325\/325
|move|p2a: Slowking|Scald|p1a: Hydreigon
|-resisted|p1a: Hydreigon
|-damage|p1a: Hydreigon|271\/325
|
|turn|2
|
|switch|p2a: Blissey|Blissey, F|714\/714
|move|p1a: Hydreigon|Superpower|p2a: Blissey
|-supereffective|p2a: Blissey
|-damage|p2a: Blissey|233\/714
|-unboost|p1a: Hydreigon|atk|1
|-unboost|p1a: Hydreigon|def|1
|-damage|p1a: Hydreigon|239\/325|[from] item: Life Orb
|
|-heal|p2a: Blissey|277\/714|[from] item: Leftovers
|turn|3
|
|switch|p1a: Mienshao|Mienshao, M|271\/271
|switch|p2a: Amoonguss|Amoonguss, F|432\/432
|
|turn|4
|
|move|p1a: Mienshao|Knock Off|p2a: Amoonguss
|-damage|p2a: Amoonguss|322\/432
|-enditem|p2a: Amoonguss|Black Sludge|[from] move: Knock Off|[of] p1a: Mienshao
|move|p2a: Amoonguss|Spore|p1a: Mienshao
|-status|p1a: Mienshao|slp
|
|turn|5
|
|switch|p1a: Ampharos|Ampharos-Mega, F|322\/322
|-ability|p1a: Ampharos|Mold Breaker
|move|p2a: Amoonguss|Foul Play|p1a: Ampharos
|-damage|p1a: Ampharos|268\/322
|
|turn|6
|
|switch|p2a: Slowking|Slowking, F|357\/394
|move|p1a: Ampharos|Dragon Pulse|p2a: Slowking
|-damage|p2a: Slowking|255\/394
|
|turn|7
|
|switch|p2a: Amoonguss|Amoonguss, F|432\/432
|move|p1a: Ampharos|Dragon Pulse|p2a: Amoonguss
|-crit|p2a: Amoonguss
|-damage|p2a: Amoonguss|135\/432
|
|turn|8
|
|switch|p2a: Gligar|Gligar, F|334\/334
|move|p1a: Ampharos|Volt Switch|p2a: Gligar
|-immune|p2a: Gligar|[msg]
|
|turn|9
|
|switch|p2a: Slowking|Slowking, F|386\/394
|move|p1a: Ampharos|Dragon Pulse|p2a: Slowking
|-damage|p2a: Slowking|277\/394
|
|turn|10
|
|move|p1a: Ampharos|Heal Bell|p1a: Ampharos
|-cureteam|p1a: Ampharos|[from] move: HealBell
|move|p2a: Slowking|Scald|p1a: Ampharos
|-resisted|p1a: Ampharos
|-damage|p1a: Ampharos|220\/322
|
|turn|11
|
|move|p1a: Ampharos|Dragon Pulse|p2a: Slowking
|-damage|p2a: Slowking|163\/394
|move|p2a: Slowking|Scald|p1a: Ampharos
|-resisted|p1a: Ampharos
|-damage|p1a: Ampharos|172\/322
|
|turn|12
|
|switch|p2a: Gligar|Gligar, F|334\/334
|move|p1a: Ampharos|Dragon Pulse|p2a: Gligar
|-damage|p2a: Gligar|163\/334
|
|turn|13
|
|move|p2a: Gligar|Roost|p2a: Gligar
|-heal|p2a: Gligar|330\/334
|move|p1a: Ampharos|Dragon Pulse|p2a: Gligar
|-damage|p2a: Gligar|173\/334
|
|turn|14
|
|switch|p1a: Hydreigon|Hydreigon, M|239\/325
|move|p2a: Gligar|Roost|p2a: Gligar
|-heal|p2a: Gligar|334\/334
|
|turn|15
|
|move|p1a: Hydreigon|Dark Pulse|p2a: Gligar
|-damage|p2a: Gligar|153\/334
|-damage|p1a: Hydreigon|207\/325|[from] item: Life Orb
|move|p2a: Gligar|Roost|p2a: Gligar
|-heal|p2a: Gligar|320\/334
|
|turn|16
|
|switch|p1a: Mienshao|Mienshao, M|271\/271
|switch|p2a: Politoed|Politoed, M|384\/384
|
|turn|17
|
|switch|p2a: Amoonguss|Amoonguss, F|279\/432
|move|p1a: Mienshao|U-turn|p2a: Amoonguss
|-crit|p2a: Amoonguss
|-damage|p2a: Amoonguss|171\/432
|
|switch|p1a: Ampharos|Ampharos-Mega, F|172\/322
|-ability|p1a: Ampharos|Mold Breaker
|
|turn|18
|
|switch|p2a: Gligar|Gligar, F|320\/334
|move|p1a: Ampharos|Volt Switch|p2a: Gligar
|-immune|p2a: Gligar|[msg]
|
|turn|19
|
|switch|p1a: Gligar|Gligar, M|334\/334
|move|p2a: Gligar|Toxic|p1a: Gligar
|-fail|p1a: Gligar
|
|turn|20
|
|move|p1a: Gligar|Stealth Rock|p2a: Gligar
|-sidestart|p2: Nuggetman|move: Stealth Rock
|move|p2a: Gligar|Knock Off|p1a: Gligar
|-damage|p1a: Gligar|303\/334
|-enditem|p1a: Gligar|Eviolite|[from] move: Knock Off|[of] p2a: Gligar
|
|turn|21
|
|move|p1a: Gligar|U-turn|p2a: Gligar
|-resisted|p2a: Gligar
|-damage|p2a: Gligar|309\/334
|
|switch|p1a: Mienshao|Mienshao, M|271\/271
|move|p2a: Gligar|Defog|p1a: Mienshao
|-unboost|p1a: Mienshao|evasion|1
|-sideend|p2: Nuggetman|Stealth Rock|[from] move: Defog|[of] p2a: Gligar
|
|turn|22
|
|switch|p2a: Amoonguss|Amoonguss, F|315\/432
|move|p1a: Mienshao|U-turn|p2a: Amoonguss
|-damage|p2a: Amoonguss|236\/432
|
|switch|p1a: Hydreigon|Hydreigon, M|207\/325
|
|turn|23
|
|switch|p2a: Politoed|Politoed, M|384\/384
|move|p1a: Hydreigon|Dark Pulse|p2a: Politoed
|-damage|p2a: Politoed|254\/384
|-damage|p1a: Hydreigon|175\/325|[from] item: Life Orb
|
|-heal|p2a: Politoed|278\/384|[from] item: Leftovers
|turn|24
|
|switch|p1a: Ampharos|Ampharos-Mega, F|172\/322
|-ability|p1a: Ampharos|Mold Breaker
|move|p2a: Politoed|Whirlpool|p1a: Ampharos
|-resisted|p1a: Ampharos
|-damage|p1a: Ampharos|154\/322
|-activate|p1a: Ampharos|move: Whirlpool|[of] p2a: Politoed
|
|-heal|p2a: Politoed|302\/384|[from] item: Leftovers
|-damage|p1a: Ampharos|114\/322|[from] move: Whirlpool|[partiallytrapped]
|turn|25
|
|switch|p2a: Gligar|Gligar, F|309\/334
|move|p1a: Ampharos|Dragon Pulse|p2a: Gligar
|-damage|p2a: Gligar|140\/334
|
|-end|p1a: Ampharos|Whirlpool|[partiallytrapped]
|turn|26
|
|move|p2a: Gligar|Roost|p2a: Gligar
|-heal|p2a: Gligar|307\/334
|move|p1a: Ampharos|Dragon Pulse|p2a: Gligar
|-damage|p2a: Gligar|123\/334
|
|turn|27
|
|move|p2a: Gligar|Roost|p2a: Gligar
|-heal|p2a: Gligar|290\/334
|move|p1a: Ampharos|Dragon Pulse|p2a: Gligar
|-damage|p2a: Gligar|127\/334
|
|turn|28
|
|switch|p1a: Hydreigon|Hydreigon, M|175\/325
|move|p2a: Gligar|Roost|p2a: Gligar
|-heal|p2a: Gligar|294\/334
|
|turn|29
|
|switch|p2a: Amoonguss|Amoonguss, F|380\/432
|move|p1a: Hydreigon|Dark Pulse|p2a: Amoonguss
|-damage|p2a: Amoonguss|153\/432
|-damage|p1a: Hydreigon|143\/325|[from] item: Life Orb
|
|turn|30
|
|switch|p2a: Politoed|Politoed, M|302\/384
|move|p1a: Hydreigon|Dark Pulse|p2a: Politoed
|-damage|p2a: Politoed|177\/384
|-damage|p1a: Hydreigon|111\/325|[from] item: Life Orb
|
|-heal|p2a: Politoed|201\/384|[from] item: Leftovers
|turn|31
|
|switch|p1a: Empoleon|Empoleon, M|372\/372
|move|p2a: Politoed|Rest|p2a: Politoed
|-status|p2a: Politoed|slp
|-heal|p2a: Politoed|384\/384 slp|[silent]
|-status|p2a: Politoed|slp|[from] move: Rest
|
|turn|32
|
|switch|p1a: Hydreigon|Hydreigon, M|111\/325
|cant|p2a: Politoed|slp
|
|turn|33
|
|switch|p1a: Ampharos|Ampharos-Mega, F|114\/322
|-ability|p1a: Ampharos|Mold Breaker
|cant|p2a: Politoed|slp
|
|turn|34
|
|switch|p2a: Gligar|Gligar, F|294\/334
|move|p1a: Ampharos|Dragon Pulse|p2a: Gligar
|-damage|p2a: Gligar|129\/334
|
|turn|35
|
|move|p2a: Gligar|Roost|p2a: Gligar
|-heal|p2a: Gligar|296\/334
|move|p1a: Ampharos|Dragon Pulse|p2a: Gligar
|-damage|p2a: Gligar|140\/334
|
|turn|36
|
|move|p2a: Gligar|Roost|p2a: Gligar
|-heal|p2a: Gligar|307\/334
|move|p1a: Ampharos|Dragon Pulse|p2a: Gligar
|-crit|p2a: Gligar
|-damage|p2a: Gligar|40\/334
|
|turn|37
|
|move|p2a: Gligar|Roost|p2a: Gligar
|-heal|p2a: Gligar|207\/334
|move|p1a: Ampharos|Dragon Pulse|p2a: Gligar
|-damage|p2a: Gligar|36\/334
|
|turn|38
|
|move|p2a: Gligar|Roost|p2a: Gligar
|-heal|p2a: Gligar|203\/334
|move|p1a: Ampharos|Dragon Pulse|p2a: Gligar
|-damage|p2a: Gligar|47\/334
|
|turn|39
|
|move|p2a: Gligar|Roost|p2a: Gligar
|-heal|p2a: Gligar|214\/334
|move|p1a: Ampharos|Hidden Power|p2a: Gligar
|-supereffective|p2a: Gligar
|-damage|p2a: Gligar|42\/334
|
|turn|40
|
|move|p2a: Gligar|Roost|p2a: Gligar
|-heal|p2a: Gligar|209\/334
|move|p1a: Ampharos|Dragon Pulse|p2a: Gligar
|-damage|p2a: Gligar|29\/334
|
|turn|41
|
|move|p2a: Gligar|Roost|p2a: Gligar
|-heal|p2a: Gligar|196\/334
|move|p1a: Ampharos|Hidden Power|p2a: Gligar
|-supereffective|p2a: Gligar
|-damage|p2a: Gligar|34\/334
|
|turn|42
|
|move|p2a: Gligar|Toxic|p1a: Ampharos
|-status|p1a: Ampharos|tox
|move|p1a: Ampharos|Hidden Power|p2a: Gligar
|-damage|p2a: Gligar|0 fnt
|faint|p2a: Gligar
|
|-damage|p1a: Ampharos|94\/322 tox|[from] psn
|
|switch|p2a: Blissey|Blissey, F|277\/714
|turn|43
|
|switch|p1a: Gligar|Gligar, M|303\/334
|move|p2a: Blissey|Soft-Boiled|p2a: Blissey
|-heal|p2a: Blissey|634\/714
|
|-heal|p2a: Blissey|678\/714|[from] item: Leftovers
|turn|44
|
|move|p1a: Gligar|Stealth Rock|p2a: Blissey
|-sidestart|p2: Nuggetman|move: Stealth Rock
|move|p2a: Blissey|Stealth Rock|p1a: Gligar
|-sidestart|p1: Torm|move: Stealth Rock
|
|-heal|p2a: Blissey|714\/714|[from] item: Leftovers
|turn|45
|
|move|p1a: Gligar|U-turn|p2a: Blissey
|-damage|p2a: Blissey|630\/714
|
|switch|p1a: Lucario|Lucario, M|281\/281
|-damage|p1a: Lucario|273\/281|[from] Stealth Rock
|move|p2a: Blissey|Toxic|p1a: Lucario
|-fail|p1a: Lucario
|
|-heal|p2a: Blissey|674\/714|[from] item: Leftovers
|turn|46
|
|switch|p2a: Alomomola|Alomomola, M|534\/534
|-damage|p2a: Alomomola|468\/534|[from] Stealth Rock
|move|p1a: Lucario|Swords Dance|p1a: Lucario
|-boost|p1a: Lucario|atk|2
|
|-heal|p2a: Alomomola|501\/534|[from] item: Leftovers
|turn|47
|join|ComfyPillow
|
|move|p1a: Lucario|Swords Dance|p1a: Lucario
|-boost|p1a: Lucario|atk|2
|move|p2a: Alomomola|Scald|p1a: Lucario
|-damage|p1a: Lucario|210\/281
|
|-heal|p2a: Alomomola|534\/534|[from] item: Leftovers
|turn|48
|
|move|p1a: Lucario|Close Combat|p2a: Alomomola
|-damage|p2a: Alomomola|0 fnt
|-unboost|p1a: Lucario|def|1
|-unboost|p1a: Lucario|spd|1
|-damage|p1a: Lucario|182\/281|[from] item: Life Orb
|faint|p2a: Alomomola
|
|leave|ComfyPillow
|
|switch|p2a: Slowking|Slowking, F|294\/394
|-damage|p2a: Slowking|245\/394|[from] Stealth Rock
|turn|49
|
|move|p1a: Lucario|Close Combat|p2a: Slowking
|-resisted|p2a: Slowking
|-damage|p2a: Slowking|0 fnt
|-unboost|p1a: Lucario|def|1
|-unboost|p1a: Lucario|spd|1
|-damage|p1a: Lucario|154\/281|[from] item: Life Orb
|faint|p2a: Slowking
|
|join|ComfyPillow
|
|switch|p2a: Amoonguss|Amoonguss, F|297\/432
|-damage|p2a: Amoonguss|243\/432|[from] Stealth Rock
|turn|50
|-message|Nuggetman forfeited.
|
|win|Torm
|raw|Ladder updating...
|leave|Nuggetman
|player|p2
|raw|Torm's rating: 1642 &rarr; <strong>1654<\/strong><br \/>(+12 for winning)
|raw|Nuggetman's rating: 1501 &rarr; <strong>1489<\/strong><br \/>(-12 for losing)