|join|Nuggetman
|join|Railguneer
|player|p1|Nuggetman|165
|player|p2|Railguneer|23
|gametype|singles
|gen|6
|tier|UU
|rated
|rule|Sleep Clause Mod: Limit one foe put to sleep
|rule|Species Clause: Limit one of each Pokemon
|rule|OHKO Clause: OHKO moves are banned
|rule|Moody Clause: Moody is banned
|rule|Evasion Moves Clause: Evasion moves are banned
|rule|Endless Battle Clause: Forcing endless battles is banned.
|rule|HP Percentage Mod: HP is reported as percentages
|clearpoke
|poke|p1|Alomomola, F
|poke|p1|Gligar, M
|poke|p1|Florges, F
|poke|p1|Politoed, F
|poke|p1|Blastoise, F
|poke|p1|Blissey, F
|poke|p2|Victini
|poke|p2|Mienshao, M
|poke|p2|Aerodactyl, F
|poke|p2|Blastoise, F
|poke|p2|Roserade, F
|poke|p2|Umbreon, F
|teampreview
|
|start
|switch|p1a: Blissey|Blissey, F|714\/714
|switch|p2a: Victini|Victini|341\/341
|turn|1
|
|switch|p1a: Alomomola|Alomomola, F|534\/534
|move|p2a: Victini|V-create|p1a: Alomomola
|-resisted|p1a: Alomomola
|-damage|p1a: Alomomola|342\/534
|-unboost|p2a: Victini|def|1
|-unboost|p2a: Victini|spd|1
|-unboost|p2a: Victini|spe|1
|
|-heal|p1a: Alomomola|375\/534|[from] item: Leftovers
|turn|2
|
|switch|p2a: Roserade|Roserade, F|262\/262
|move|p1a: Alomomola|Scald|p2a: Roserade
|-resisted|p2a: Roserade
|-damage|p2a: Roserade|238\/262
|
|-heal|p1a: Alomomola|408\/534|[from] item: Leftovers
|turn|3
|
|switch|p1a: Blissey|Blissey, F|714\/714
|move|p2a: Roserade|Sleep Powder|p1a: Blissey
|-status|p1a: Blissey|slp
|
|turn|4
|
|switch|p2a: Mienshao|Mienshao, M|271\/271
|cant|p1a: Blissey|slp
|
|turn|5
|
|switch|p1a: Alomomola|Alomomola, F|534\/534
|move|p2a: Mienshao|Knock Off|p1a: Alomomola
|-damage|p1a: Alomomola|434\/534
|-enditem|p1a: Alomomola|Leftovers|[from] move: Knock Off|[of] p2a: Mienshao
|
|turn|6
|
|switch|p2a: Roserade|Roserade, F|238\/262
|move|p1a: Alomomola|Scald|p2a: Roserade
|-resisted|p2a: Roserade
|-damage|p2a: Roserade|214\/262
|
|turn|7
|
|switch|p2a: Victini|Victini|341\/341
|switch|p1a: Blissey|Blissey, F|714\/714
|
|turn|8
|
|switch|p1a: Blastoise|Blastoise, F|362\/362
|move|p2a: Victini|V-create|p1a: Blastoise
|-resisted|p1a: Blastoise
|-damage|p1a: Blastoise|144\/362
|-unboost|p2a: Victini|def|1
|-unboost|p2a: Victini|spd|1
|-unboost|p2a: Victini|spe|1
|
|turn|9
|
|switch|p1a: Alomomola|Alomomola, F|534\/534
|move|p2a: Victini|V-create|p1a: Alomomola
|-resisted|p1a: Alomomola
|-damage|p1a: Alomomola|343\/534
|-unboost|p2a: Victini|def|1
|-unboost|p2a: Victini|spd|1
|-unboost|p2a: Victini|spe|1
|
|turn|10
|
|switch|p2a: Roserade|Roserade, F|214\/262
|move|p1a: Alomomola|Scald|p2a: Roserade
|-resisted|p2a: Roserade
|-damage|p2a: Roserade|191\/262
|
|turn|11
|
|switch|p1a: Blissey|Blissey, F|714\/714
|move|p2a: Roserade|Leaf Storm|p1a: Blissey
|-damage|p1a: Blissey|492\/714
|-unboost|p2a: Roserade|spa|2
|-damage|p2a: Roserade|165\/262|[from] item: Life Orb
|
|-heal|p1a: Blissey|536\/714|[from] item: Leftovers
|turn|12
|
|move|p2a: Roserade|Sleep Powder|p1a: Blissey
|-status|p1a: Blissey|slp
|cant|p1a: Blissey|slp
|
|-heal|p1a: Blissey|580\/714 slp|[from] item: Leftovers
|turn|13
|
|switch|p1a: Alomomola|Alomomola, F|521\/534
|move|p2a: Roserade|Synthesis|p2a: Roserade
|-heal|p2a: Roserade|262\/262
|
|turn|14
|
|switch|p1a: Blissey|Blissey, F|580\/714
|move|p2a: Roserade|Sleep Powder|p1a: Blissey
|-status|p1a: Blissey|slp
|
|-heal|p1a: Blissey|624\/714 slp|[from] item: Leftovers
|turn|15
|
|switch|p2a: Mienshao|Mienshao, M|271\/271
|cant|p1a: Blissey|slp
|
|-heal|p1a: Blissey|668\/714 slp|[from] item: Leftovers
|turn|16
|
|switch|p1a: Alomomola|Alomomola, F|534\/534
|move|p2a: Mienshao|High Jump Kick|p1a: Alomomola
|-crit|p1a: Alomomola
|-damage|p1a: Alomomola|209\/534
|
|turn|17
|
|switch|p1a: Gligar|Gligar, M|334\/334
|move|p2a: Mienshao|High Jump Kick|p1a: Gligar
|-resisted|p1a: Gligar
|-damage|p1a: Gligar|268\/334
|
|turn|18
|
|switch|p2a: Blastoise|Blastoise, F|362\/362
|switch|p1a: Alomomola|Alomomola, F|387\/534
|
|turn|19
|
|switch|p2a: Roserade|Roserade, F|262\/262
|switch|p1a: Blissey|Blissey, F|668\/714
|
|-heal|p1a: Blissey|712\/714|[from] item: Leftovers
|turn|20
|
|move|p2a: Roserade|Sleep Powder|p1a: Blissey|[miss]
|-miss|p2a: Roserade|p1a: Blissey
|move|p1a: Blissey|Stealth Rock|p2a: Roserade
|-sidestart|p2: Railguneer|move: Stealth Rock
|
|-heal|p1a: Blissey|714\/714|[from] item: Leftovers
|turn|21
|
|move|p2a: Roserade|Sleep Powder|p1a: Blissey
|-status|p1a: Blissey|slp
|cant|p1a: Blissey|slp
|
|turn|22
|
|switch|p2a: Blastoise|Blastoise, F|362\/362
|-damage|p2a: Blastoise|317\/362|[from] Stealth Rock
|switch|p1a: Florges|Florges, F|360\/360
|
|-heal|p2a: Blastoise|339\/362|[from] item: Leftovers
|turn|23
|
|move|p2a: Blastoise|Rapid Spin|p1a: Florges
|-damage|p1a: Florges|347\/360
|-sideend|p2: Railguneer|Stealth Rock|[from] move: Rapid Spin|[of] p2a: Blastoise
|move|p1a: Florges|Moonblast|p2a: Blastoise
|-damage|p2a: Blastoise|230\/362
|-unboost|p2a: Blastoise|spa|1
|
|-heal|p2a: Blastoise|252\/362|[from] item: Leftovers
|-heal|p1a: Florges|360\/360|[from] item: Leftovers
|turn|24
|
|switch|p2a: Victini|Victini|341\/341
|switch|p1a: Alomomola|Alomomola, F|534\/534
|
|turn|25
|
|move|p1a: Alomomola|Protect|p1a: Alomomola
|-singleturn|p1a: Alomomola|Protect
|move|p2a: Victini|Bolt Strike|p1a: Alomomola
|-activate|p1a: Alomomola|Protect
|
|turn|26
|
|switch|p2a: Roserade|Roserade, F|262\/262
|move|p1a: Alomomola|Toxic|p2a: Roserade
|-fail|p2a: Roserade
|
|turn|27
|
|switch|p2a: Victini|Victini|341\/341
|switch|p1a: Blissey|Blissey, F|714\/714
|
|turn|28
|
|switch|p1a: Alomomola|Alomomola, F|534\/534
|move|p2a: Victini|Toxic|p1a: Alomomola
|-status|p1a: Alomomola|tox
|
|-damage|p1a: Alomomola|501\/534 tox|[from] psn
|turn|29
|
|switch|p2a: Aerodactyl|Aerodactyl, F|301\/301
|-ability|p2a: Aerodactyl|Pressure
|move|p1a: Alomomola|Wish|p1a: Alomomola
|
|-damage|p1a: Alomomola|435\/534 tox|[from] psn
|turn|30
|
|detailschange|p2a: Aerodactyl|Aerodactyl-Mega, F
|message|Aerodactyl has Mega Evolved into Mega Aerodactyl!
|move|p2a: Aerodactyl|Stealth Rock|p1a: Alomomola
|-sidestart|p1: Nuggetman|move: Stealth Rock
|move|p1a: Alomomola|Toxic|p2a: Aerodactyl
|-status|p2a: Aerodactyl|tox
|
|-heal|p1a: Alomomola|534\/534 tox|[from] move: Wish|[wisher] Alomomola
|-damage|p2a: Aerodactyl|283\/301 tox|[from] psn
|-damage|p1a: Alomomola|435\/534 tox|[from] psn
|turn|31
|
|switch|p2a: Umbreon|Umbreon, F|394\/394
|move|p1a: Alomomola|Wish|p1a: Alomomola
|
|-damage|p1a: Alomomola|303\/534 tox|[from] psn
|turn|32
|
|switch|p2a: Victini|Victini|341\/341
|switch|p1a: Blastoise|Blastoise, F|144\/362
|-damage|p1a: Blastoise|99\/362|[from] Stealth Rock
|
|-heal|p1a: Blastoise|362\/362|[from] move: Wish|[wisher] Alomomola
|turn|33
|
|detailschange|p1a: Blastoise|Blastoise-Mega, F
|message|Blastoise has Mega Evolved into Mega Blastoise!
|move|p2a: Victini|Bolt Strike|p1a: Blastoise
|-supereffective|p1a: Blastoise
|-damage|p1a: Blastoise|0 fnt
|faint|p1a: Blastoise
|
|
|switch|p1a: Gligar|Gligar, M|268\/334
|-damage|p1a: Gligar|227\/334|[from] Stealth Rock
|turn|34
|
|switch|p2a: Umbreon|Umbreon, F|394\/394
|move|p1a: Gligar|Defog|p2a: Umbreon
|-unboost|p2a: Umbreon|evasion|1
|-sideend|p1: Nuggetman|Stealth Rock|[from] move: Defog|[of] p1a: Gligar
|
|turn|35
|
|switch|p1a: Blissey|Blissey, F|714\/714
|move|p2a: Umbreon|Heal Bell|p2a: Umbreon
|-cureteam|p2a: Umbreon|[from] move: HealBell
|
|turn|36
|
|switch|p2a: Roserade|Roserade, F|262\/262
|move|p1a: Blissey|Toxic|p2a: Roserade
|-fail|p2a: Roserade
|
|turn|37
|
|move|p2a: Roserade|Sleep Powder|p1a: Blissey|[miss]
|-miss|p2a: Roserade|p1a: Blissey
|move|p1a: Blissey|Stealth Rock|p2a: Roserade
|-sidestart|p2: Railguneer|move: Stealth Rock
|
|turn|38
|
|move|p2a: Roserade|Sleep Powder|p1a: Blissey|[miss]
|-miss|p2a: Roserade|p1a: Blissey
|move|p1a: Blissey|Seismic Toss|p2a: Roserade
|-damage|p2a: Roserade|162\/262
|
|turn|39
|
|move|p2a: Roserade|Sleep Powder|p1a: Blissey|[miss]
|-miss|p2a: Roserade|p1a: Blissey
|move|p1a: Blissey|Seismic Toss|p2a: Roserade
|-damage|p2a: Roserade|62\/262
|
|turn|40
|
|move|p2a: Roserade|Synthesis|p2a: Roserade
|-heal|p2a: Roserade|193\/262
|move|p1a: Blissey|Seismic Toss|p2a: Roserade
|-damage|p2a: Roserade|93\/262
|
|turn|41
|
|move|p2a: Roserade|Synthesis|p2a: Roserade
|-heal|p2a: Roserade|224\/262
|move|p1a: Blissey|Seismic Toss|p2a: Roserade
|-damage|p2a: Roserade|124\/262
|
|turn|42
|
|move|p2a: Roserade|Sleep Powder|p1a: Blissey|[miss]
|-miss|p2a: Roserade|p1a: Blissey
|move|p1a: Blissey|Seismic Toss|p2a: Roserade
|-damage|p2a: Roserade|24\/262
|
|turn|43
|
|move|p2a: Roserade|Synthesis|p2a: Roserade
|-heal|p2a: Roserade|155\/262
|move|p1a: Blissey|Seismic Toss|p2a: Roserade
|-damage|p2a: Roserade|55\/262
|
|turn|44
|
|move|p2a: Roserade|Synthesis|p2a: Roserade
|-heal|p2a: Roserade|186\/262
|move|p1a: Blissey|Seismic Toss|p2a: Roserade
|-damage|p2a: Roserade|86\/262
|
|turn|45
|
|move|p2a: Roserade|Synthesis|p2a: Roserade
|-heal|p2a: Roserade|217\/262
|move|p1a: Blissey|Seismic Toss|p2a: Roserade
|-damage|p2a: Roserade|117\/262
|
|turn|46
|
|move|p2a: Roserade|Sleep Powder|p1a: Blissey
|-status|p1a: Blissey|slp
|cant|p1a: Blissey|slp
|
|turn|47
|
|move|p2a: Roserade|Synthesis|p2a: Roserade
|-heal|p2a: Roserade|248\/262
|cant|p1a: Blissey|slp
|
|turn|48
|
|switch|p2a: Blastoise|Blastoise, F|252\/362
|-damage|p2a: Blastoise|207\/362|[from] Stealth Rock
|switch|p1a: Politoed|Politoed, F|384\/384
|
|-heal|p2a: Blastoise|229\/362|[from] item: Leftovers
|turn|49
|
|move|p2a: Blastoise|Rapid Spin|p1a: Politoed
|-damage|p1a: Politoed|372\/384
|-sideend|p2: Railguneer|Stealth Rock|[from] move: Rapid Spin|[of] p2a: Blastoise
|move|p1a: Politoed|Whirlpool|p2a: Blastoise
|-resisted|p2a: Blastoise
|-damage|p2a: Blastoise|211\/362
|-activate|p2a: Blastoise|move: Whirlpool|[of] p1a: Politoed
|
|-heal|p2a: Blastoise|233\/362|[from] item: Leftovers
|-heal|p1a: Politoed|384\/384|[from] item: Leftovers
|-damage|p2a: Blastoise|188\/362|[from] move: Whirlpool|[partiallytrapped]
|turn|50
|
|move|p2a: Blastoise|Scald|p1a: Politoed
|-immune|p1a: Politoed|[msg]
|move|p1a: Politoed|Perish Song|p1a: Politoed
|-fieldactivate|move: Perish Song
|
|-start|p2a: Blastoise|perish3
|-start|p1a: Politoed|perish3
|-heal|p2a: Blastoise|210\/362|[from] item: Leftovers
|-damage|p2a: Blastoise|165\/362|[from] move: Whirlpool|[partiallytrapped]
|turn|51
|
|move|p1a: Politoed|Psychic|p2a: Blastoise
|-damage|p2a: Blastoise|100\/362
|move|p2a: Blastoise|Roar|p1a: Politoed
|drag|p1a: Florges|Florges, F|360\/360
|
|-start|p2a: Blastoise|perish2
|-heal|p2a: Blastoise|122\/362|[from] item: Leftovers
|-end|p2a: Blastoise|Whirlpool|[partiallytrapped]
|turn|52
|
|switch|p2a: Roserade|Roserade, F|248\/262
|switch|p1a: Blissey|Blissey, F|714\/714
|
|turn|53
|
|move|p2a: Roserade|Sleep Powder|p1a: Blissey
|-status|p1a: Blissey|slp
|cant|p1a: Blissey|slp
|
|turn|54
|
|switch|p2a: Victini|Victini|341\/341
|switch|p1a: Alomomola|Alomomola, F|481\/534 tox
|
|-damage|p1a: Alomomola|448\/534 tox|[from] psn
|turn|55
|
|switch|p2a: Roserade|Roserade, F|248\/262
|move|p1a: Alomomola|Protect|p1a: Alomomola
|-fail|p1a: Alomomola
|
|-damage|p1a: Alomomola|382\/534 tox|[from] psn
|turn|56
|
|switch|p2a: Victini|Victini|341\/341
|switch|p1a: Blissey|Blissey, F|714\/714
|
|turn|57
|
|switch|p1a: Alomomola|Alomomola, F|534\/534 tox
|move|p2a: Victini|Bolt Strike|p1a: Alomomola
|-supereffective|p1a: Alomomola
|-damage|p1a: Alomomola|152\/534 tox
|
|-damage|p1a: Alomomola|119\/534 tox|[from] psn
|turn|58
|
|switch|p2a: Roserade|Roserade, F|248\/262
|switch|p1a: Gligar|Gligar, M|227\/334
|
|turn|59
|
|move|p2a: Roserade|Sleep Powder|p1a: Gligar
|-status|p1a: Gligar|slp
|cant|p1a: Gligar|slp
|
|turn|60
|
|switch|p2a: Victini|Victini|341\/341
|switch|p1a: Blissey|Blissey, F|714\/714
|
|turn|61
|
|switch|p1a: Gligar|Gligar, M|227\/334 slp
|move|p2a: Victini|V-create|p1a: Gligar
|-damage|p1a: Gligar|5\/334 slp
|-unboost|p2a: Victini|def|1
|-unboost|p2a: Victini|spd|1
|-unboost|p2a: Victini|spe|1
|
|turn|62
|
|switch|p1a: Politoed|Politoed, F|384\/384
|move|p2a: Victini|V-create|p1a: Politoed
|-resisted|p1a: Politoed
|-damage|p1a: Politoed|120\/384
|-unboost|p2a: Victini|def|1
|-unboost|p2a: Victini|spd|1
|-unboost|p2a: Victini|spe|1
|
|-heal|p1a: Politoed|144\/384|[from] item: Leftovers
|turn|63
|-message|Nuggetman forfeited.
|
|win|Railguneer
|raw|Ladder updating...
|leave|Nuggetman
|player|p1
|raw|Nuggetman's rating: 1651 &rarr; <strong>1618<\/strong><br \/>(-33 for losing)
|raw|Railguneer's rating: 1393 &rarr; <strong>1425<\/strong><br \/>(+32 for winning)
|chat|Railguneer|lololol