|join|Boner Dethroner
|join|Nuggetman
|player|p1|Boner Dethroner|116
|player|p2|Nuggetman|165
|gametype|singles
|gen|6
|tier|UU
|rated
|rule|Sleep Clause Mod: Limit one foe put to sleep
|rule|Species Clause: Limit one of each Pokemon
|rule|OHKO Clause: OHKO moves are banned
|rule|Moody Clause: Moody is banned
|rule|Evasion Moves Clause: Evasion moves are banned
|rule|Endless Battle Clause: Forcing endless battles is banned
|rule|HP Percentage Mod: HP is reported as percentages
|clearpoke
|poke|p1|Goodra, F
|poke|p1|Alomomola, M
|poke|p1|Mew
|poke|p1|Amoonguss, F
|poke|p1|Forretress, M
|poke|p1|Sableye, F
|poke|p2|Alomomola, F
|poke|p2|Gligar, M
|poke|p2|Florges, F
|poke|p2|Blastoise, F
|poke|p2|Politoed, M
|poke|p2|Blissey, F
|rule|Baton Pass Clause: Limit 3 pokemon knowing Baton Pass
|teampreview
|
|start
|switch|p1a: Amoonguss|Amoonguss, F|432\/432
|switch|p2a: Blastoise|Blastoise, F|362\/362
|turn|1
|
|switch|p2a: Blissey|Blissey, F|714\/714
|switch|p1a: Forretress|Forretress, M|354\/354
|
|turn|2
|
|switch|p2a: Gligar|Gligar, M|334\/334
|move|p1a: Forretress|Toxic|p2a: Gligar
|-status|p2a: Gligar|tox
|
|-damage|p2a: Gligar|314\/334 tox|[from] psn
|turn|3
|
|move|p2a: Gligar|Knock Off|p1a: Forretress
|-damage|p1a: Forretress|322\/354
|-enditem|p1a: Forretress|Leftovers|[from] move: Knock Off|[of] p2a: Gligar
|move|p1a: Forretress|Stealth Rock|p2a: Gligar
|-sidestart|p2: Nuggetman|move: Stealth Rock
|
|-damage|p2a: Gligar|274\/334 tox|[from] psn
|turn|4
|
|move|p2a: Gligar|Defog|p1a: Forretress
|-unboost|p1a: Forretress|evasion|1
|-sideend|p2: Nuggetman|Stealth Rock|[from] move: Defog|[of] p2a: Gligar
|move|p1a: Forretress|Toxic|p2a: Gligar
|-fail|p2a: Gligar|tox
|
|-damage|p2a: Gligar|214\/334 tox|[from] psn
|turn|5
|
|switch|p2a: Blastoise|Blastoise, F|362\/362
|move|p1a: Forretress|Volt Switch|p2a: Blastoise
|-supereffective|p2a: Blastoise
|-damage|p2a: Blastoise|286\/362
|
|switch|p1a: Amoonguss|Amoonguss, F|432\/432
|
|turn|6
|
|switch|p2a: Nuggetoed|Politoed, M|384\/384
|move|p1a: Amoonguss|Spore|p2a: Nuggetoed
|-status|p2a: Nuggetoed|slp
|
|turn|7
|
|switch|p2a: Blastoise|Blastoise, F|286\/362
|switch|p1a: Forretress|Forretress, M|322\/354
|
|turn|8
|
|switch|p1a: Amoonguss|Amoonguss, F|432\/432
|detailschange|p2a: Blastoise|Blastoise-Mega, F
|message|Blastoise has Mega Evolved into Mega Blastoise!
|move|p2a: Blastoise|Scald|p1a: Amoonguss
|-resisted|p1a: Amoonguss
|-damage|p1a: Amoonguss|366\/432
|
|-heal|p1a: Amoonguss|393\/432|[from] item: Black Sludge
|turn|9
|
|switch|p2a: Blissey|Blissey, F|714\/714
|move|p1a: Amoonguss|Giga Drain|p2a: Blissey
|-damage|p2a: Blissey|651\/714
|-heal|p1a: Amoonguss|425\/432|[from] drain|[of] p2a: Blissey
|
|-heal|p2a: Blissey|695\/714|[from] item: Leftovers
|-heal|p1a: Amoonguss|432\/432|[from] item: Black Sludge
|turn|10
|
|switch|p1a: Forretress|Forretress, M|322\/354
|move|p2a: Blissey|Seismic Toss|p1a: Forretress
|-damage|p1a: Forretress|222\/354
|
|-heal|p2a: Blissey|714\/714|[from] item: Leftovers
|turn|11
|
|move|p2a: Blissey|Stealth Rock|p1a: Forretress
|-sidestart|p1: Boner Dethroner|move: Stealth Rock
|move|p1a: Forretress|Stealth Rock|p2a: Blissey
|-sidestart|p2: Nuggetman|move: Stealth Rock
|
|turn|12
|
|switch|p1a: Sableye|Sableye, F|304\/304
|-damage|p1a: Sableye|266\/304|[from] Stealth Rock
|move|p2a: Blissey|Seismic Toss|p1a: Sableye
|-immune|p1a: Sableye|[msg]
|
|-heal|p1a: Sableye|285\/304|[from] item: Leftovers
|turn|13
|
|move|p1a: Sableye|Taunt|p2a: Blissey
|-start|p2a: Blissey|move: Taunt
|cant|p2a: Blissey|move: Taunt|Toxic
|
|-heal|p1a: Sableye|304\/304|[from] item: Leftovers
|turn|14
|
|move|p1a: Sableye|Will-O-Wisp|p2a: Blissey
|-status|p2a: Blissey|brn
|move|p2a: Blissey|Seismic Toss|p1a: Sableye
|-immune|p1a: Sableye|[msg]
|
|-damage|p2a: Blissey|625\/714 brn|[from] brn
|turn|15
|
|switch|p2a: Florges|Florges, F|360\/360
|-damage|p2a: Florges|315\/360|[from] Stealth Rock
|move|p1a: Sableye|Knock Off|p2a: Florges
|-resisted|p2a: Florges
|-damage|p2a: Florges|253\/360
|-enditem|p2a: Florges|Leftovers|[from] move: Knock Off|[of] p1a: Sableye
|
|turn|16
|
|switch|p1a: Amoonguss|Amoonguss, F|432\/432
|-damage|p1a: Amoonguss|378\/432|[from] Stealth Rock
|move|p2a: Florges|Moonblast|p1a: Amoonguss
|-resisted|p1a: Amoonguss
|-damage|p1a: Amoonguss|322\/432
|-unboost|p1a: Amoonguss|spa|1
|
|-heal|p1a: Amoonguss|349\/432|[from] item: Black Sludge
|turn|17
|
|move|p2a: Florges|Aromatherapy|p2a: Florges
|-cureteam|p2a: Florges|[from] move: Aromatherapy
|move|p1a: Amoonguss|Sludge Bomb|p2a: Florges
|-supereffective|p2a: Florges
|-damage|p2a: Florges|181\/360
|-status|p2a: Florges|psn
|
|-heal|p1a: Amoonguss|376\/432|[from] item: Black Sludge
|-damage|p2a: Florges|136\/360 psn|[from] psn
|turn|18
|
|move|p2a: Florges|Wish|p2a: Florges
|move|p1a: Amoonguss|Sludge Bomb|p2a: Florges
|-supereffective|p2a: Florges
|-damage|p2a: Florges|64\/360 psn
|
|-heal|p1a: Amoonguss|403\/432|[from] item: Black Sludge
|-damage|p2a: Florges|19\/360 psn|[from] psn
|turn|19
|
|move|p2a: Florges|Protect|p2a: Florges
|-singleturn|p2a: Florges|Protect
|move|p1a: Amoonguss|Sludge Bomb|p2a: Florges
|-activate|p2a: Florges|Protect
|
|-heal|p2a: Florges|199\/360 psn|[from] move: Wish|[wisher] Florges
|-heal|p1a: Amoonguss|430\/432|[from] item: Black Sludge
|-damage|p2a: Florges|154\/360 psn|[from] psn
|turn|20
|
|switch|p2a: Blissey|Blissey, F|625\/714
|-damage|p2a: Blissey|536\/714|[from] Stealth Rock
|move|p1a: Amoonguss|Sludge Bomb|p2a: Blissey
|-damage|p2a: Blissey|490\/714
|
|-heal|p2a: Blissey|534\/714|[from] item: Leftovers
|-heal|p1a: Amoonguss|432\/432|[from] item: Black Sludge
|turn|21
|
|move|p2a: Blissey|Toxic|p1a: Amoonguss
|-fail|p1a: Amoonguss
|move|p1a: Amoonguss|Sludge Bomb|p2a: Blissey
|-damage|p2a: Blissey|486\/714
|-status|p2a: Blissey|psn
|
|-heal|p2a: Blissey|530\/714 psn|[from] item: Leftovers
|-damage|p2a: Blissey|441\/714 psn|[from] psn
|turn|22
|
|move|p2a: Blissey|Soft-Boiled|p2a: Blissey
|-heal|p2a: Blissey|714\/714 psn
|move|p1a: Amoonguss|Giga Drain|p2a: Blissey
|-damage|p2a: Blissey|669\/714 psn
|
|-heal|p2a: Blissey|713\/714 psn|[from] item: Leftovers
|-damage|p2a: Blissey|624\/714 psn|[from] psn
|turn|23
|
|move|p2a: Blissey|Seismic Toss|p1a: Amoonguss
|-damage|p1a: Amoonguss|332\/432
|move|p1a: Amoonguss|Sludge Bomb|p2a: Blissey
|-damage|p2a: Blissey|578\/714 psn
|
|-heal|p2a: Blissey|622\/714 psn|[from] item: Leftovers
|-heal|p1a: Amoonguss|359\/432|[from] item: Black Sludge
|-damage|p2a: Blissey|533\/714 psn|[from] psn
|turn|24
|
|switch|p1a: Mew|Mew|404\/404
|-damage|p1a: Mew|354\/404|[from] Stealth Rock
|move|p2a: Blissey|Seismic Toss|p1a: Mew
|-damage|p1a: Mew|254\/404
|
|-heal|p1a: Mew|279\/404|[from] item: Leftovers
|-heal|p2a: Blissey|577\/714 psn|[from] item: Leftovers
|-damage|p2a: Blissey|488\/714 psn|[from] psn
|turn|25
|
|move|p1a: Mew|Taunt|p2a: Blissey
|-start|p2a: Blissey|move: Taunt
|cant|p2a: Blissey|move: Taunt|Toxic
|
|-heal|p1a: Mew|304\/404|[from] item: Leftovers
|-heal|p2a: Blissey|532\/714 psn|[from] item: Leftovers
|-damage|p2a: Blissey|443\/714 psn|[from] psn
|turn|26
|
|switch|p2a: Alomomola|Alomomola, F|534\/534
|-damage|p2a: Alomomola|468\/534|[from] Stealth Rock
|move|p1a: Mew|Will-O-Wisp|p2a: Alomomola
|-status|p2a: Alomomola|brn
|
|-heal|p1a: Mew|329\/404|[from] item: Leftovers
|-heal|p2a: Alomomola|501\/534 brn|[from] item: Leftovers
|-damage|p2a: Alomomola|435\/534 brn|[from] brn
|turn|27
|
|move|p1a: Mew|Knock Off|p2a: Alomomola
|-damage|p2a: Alomomola|374\/534 brn
|-enditem|p2a: Alomomola|Leftovers|[from] move: Knock Off|[of] p1a: Mew
|move|p2a: Alomomola|Scald|p1a: Mew
|-damage|p1a: Mew|295\/404
|
|-heal|p1a: Mew|320\/404|[from] item: Leftovers
|-damage|p2a: Alomomola|308\/534 brn|[from] brn
|turn|28
|-message|Nuggetman forfeited.
|
|win|Boner Dethroner
|raw|Ladder updating...
|leave|Nuggetman
|player|p2
|raw|Boner Dethroner's rating: 1733 &rarr; <strong>1748<\/strong><br \/>(+15 for winning)
|raw|Nuggetman's rating: 1647 &rarr; <strong>1631<\/strong><br \/>(-16 for losing)