|join|AM Maskun
|join|nuggetman
|player|p1|AM Maskun|15
|player|p2|nuggetman|1
|gametype|singles
|gen|6
|tier|UU
|rule|Sleep Clause Mod: Limit one foe put to sleep
|rule|Species Clause: Limit one of each PokÃ©mon
|rule|OHKO Clause: OHKO moves are banned
|rule|Moody Clause: Moody is banned
|rule|Evasion Moves Clause: Evasion moves are banned
|rule|Endless Battle Clause: Forcing endless battles is banned
|rule|HP Percentage Mod: HP is shown in percentages
|clearpoke
|poke|p1|Porygon2
|poke|p1|Chesnaught, M
|poke|p1|Arcanine, F
|poke|p1|Swampert, M
|poke|p1|Florges, F
|poke|p1|Forretress, M
|poke|p2|Blissey, F
|poke|p2|Slowking, M
|poke|p2|Amoonguss, F
|poke|p2|Alomomola, F
|poke|p2|Gligar, M
|poke|p2|Politoed, F
|rule|Swagger Clause: Swagger is banned
|rule|Baton Pass Clause: Limit one PokÃ©mon knowing Baton Pass
|teampreview
|join|RayDalio
|join|youngburgerpattie
|c|âAM Maskun|oh hey
|c|âAM Maskun|:e
|join|Colress1413
|c|âAM Maskun|...
|join|Ruze
|
|start
|switch|p1a: Forretress|Forretress, M|354\/354
|switch|p2a: Slowking|Slowking, M|394\/394
|turn|1
|join|Anonymousssj4
|leave|youngburgerpattie
|
|move|p2a: Slowking|Scald|p1a: Forretress
|-damage|p1a: Forretress|215\/354
|move|p1a: Forretress|Stealth Rock|p2a: Slowking
|-sidestart|p2: nuggetman|move: Stealth Rock
|
|turn|2
|
|switch|p1a: Swampert|Swampert, M|341\/341
|move|p2a: Slowking|Flamethrower|p1a: Swampert
|-resisted|p1a: Swampert
|-damage|p1a: Swampert|305\/341
|
|turn|3
|join|DMOC2008
|
|switch|p2a: Blissey|Blissey, F|714\/714
|-damage|p2a: Blissey|625\/714|[from] Stealth Rock
|detailschange|p1a: Swampert|Swampert-Mega, M
|-mega|p1a: Swampert|Swampert|Swampertite
|move|p1a: Swampert|Earthquake|p2a: Blissey
|-damage|p2a: Blissey|262\/714
|
|-heal|p2a: Blissey|306\/714|[from] item: Leftovers
|turn|4
|
|switch|p2a: Amoonguss|Amoonguss, F|432\/432
|-damage|p2a: Amoonguss|378\/432|[from] Stealth Rock
|move|p1a: Swampert|Earthquake|p2a: Amoonguss
|-damage|p2a: Amoonguss|165\/432
|
|-heal|p2a: Amoonguss|192\/432|[from] item: Black Sludge
|turn|5
|join|TheBulletInMyHead
|
|switch|p2a: Alomomola|Alomomola, F|534\/534
|-damage|p2a: Alomomola|468\/534|[from] Stealth Rock
|move|p1a: Swampert|Earthquake|p2a: Alomomola
|-damage|p2a: Alomomola|300\/534
|
|-heal|p2a: Alomomola|333\/534|[from] item: Leftovers
|turn|6
|join|boymitchy
|
|switch|p1a: Chesnaught|Chesnaught, M|380\/380
|move|p2a: Alomomola|Wish|p2a: Alomomola
|
|-heal|p2a: Alomomola|366\/534|[from] item: Leftovers
|turn|7
|
|switch|p2a: Gligar|Gligar, M|333\/333
|-damage|p2a: Gligar|292\/333|[from] Stealth Rock
|move|p1a: Chesnaught|Wood Hammer|p2a: Gligar
|-damage|p2a: Gligar|228\/333
|-damage|p1a: Chesnaught|359\/380|[from] recoil|[of] p2a: Gligar
|
|-heal|p2a: Gligar|333\/333|[from] move: Wish|[wisher] Alomomola
|-heal|p1a: Chesnaught|380\/380|[from] item: Leftovers
|turn|8
|join|inicef
|
|move|p2a: Gligar|Defog|p1a: Chesnaught
|-unboost|p1a: Chesnaught|evasion|1
|-sideend|p2: nuggetman|Stealth Rock|[from] move: Defog|[of] p2a: Gligar
|move|p1a: Chesnaught|Leech Seed|p2a: Gligar
|-start|p2a: Gligar|move: Leech Seed
|
|-damage|p2a: Gligar|292\/333|[from] Leech Seed|[of] p1a: Chesnaught
|turn|9
|
|switch|p2a: Amoonguss|Amoonguss, F|336\/432
|switch|p1a: Forretress|Forretress, M|215\/354
|
|-heal|p2a: Amoonguss|363\/432|[from] item: Black Sludge
|turn|10
|join|Fireshock
|join|KingEnvoy
|leave|Fireshock
|
|switch|p2a: Gligar|Gligar, M|292\/333
|move|p1a: Forretress|Stealth Rock|p2a: Gligar
|-sidestart|p2: nuggetman|move: Stealth Rock
|
|turn|11
|
|switch|p1a: Arcanine|Arcanine, F|384\/384
|move|p2a: Gligar|Defog|p1a: Arcanine
|-unboost|p1a: Arcanine|evasion|1
|-sideend|p2: nuggetman|Stealth Rock|[from] move: Defog|[of] p2a: Gligar
|
|turn|12
|
|switch|p2a: Alomomola|Alomomola, F|534\/534
|move|p1a: Arcanine|Will-O-Wisp|p2a: Alomomola
|-status|p2a: Alomomola|brn
|
|-damage|p2a: Alomomola|468\/534 brn|[from] brn
|turn|13
|join|ThePokemonJackpot
|
|switch|p1a: Chesnaught|Chesnaught, M|380\/380
|move|p2a: Alomomola|Scald|p1a: Chesnaught
|-resisted|p1a: Chesnaught
|-damage|p1a: Chesnaught|349\/380
|
|-heal|p2a: Alomomola|501\/534 brn|[from] item: Leftovers
|-heal|p1a: Chesnaught|372\/380|[from] item: Leftovers
|-damage|p2a: Alomomola|435\/534 brn|[from] brn
|turn|14
|
|switch|p1a: Swampert|Swampert-Mega, M|305\/341
|move|p2a: Alomomola|Toxic|p1a: Swampert
|-status|p1a: Swampert|tox
|
|-heal|p2a: Alomomola|468\/534 brn|[from] item: Leftovers
|-damage|p1a: Swampert|284\/341 tox|[from] psn
|-damage|p2a: Alomomola|402\/534 brn|[from] brn
|turn|15
|join|Gym Triner Ape
|leave|boymitchy
|join|SacredGengar
|
|move|p1a: Swampert|Earthquake|p2a: Alomomola
|-damage|p2a: Alomomola|221\/534 brn
|move|p2a: Alomomola|Wish|p2a: Alomomola
|
|-heal|p2a: Alomomola|254\/534 brn|[from] item: Leftovers
|-damage|p1a: Swampert|242\/341 tox|[from] psn
|-damage|p2a: Alomomola|188\/534 brn|[from] brn
|turn|16
|leave|ThePokemonJackpot
|
|switch|p2a: Slowking|Slowking, M|394\/394
|move|p1a: Swampert|Earthquake|p2a: Slowking
|-damage|p2a: Slowking|204\/394
|
|-heal|p2a: Slowking|394\/394|[from] move: Wish|[wisher] Alomomola
|-damage|p1a: Swampert|179\/341 tox|[from] psn
|turn|17
|join|ThePokemonJackpot
|
|switch|p1a: Florges|Florges, F|360\/360
|move|p2a: Slowking|Future Sight|p1a: Florges
|-start|p2a: Slowking|move: Future Sight
|
|turn|18
|c| SacredGengar|hp grass
|join|QUANQUAN31611
|
|switch|p2a: Politoed|Politoed, F|384\/384
|move|p1a: Florges|Wish|p1a: Florges
|
|turn|19
|
|move|p1a: Florges|Moonblast|p2a: Politoed
|-damage|p2a: Politoed|288\/384
|-unboost|p2a: Politoed|spa|1
|move|p2a: Politoed|Whirlpool|p1a: Florges
|-damage|p1a: Florges|345\/360
|-activate|p1a: Florges|move: Whirlpool|[of] p2a: Politoed
|
|-end|p1a: Florges|move: Future Sight
|-damage|p1a: Florges|263\/360
|-heal|p1a: Florges|360\/360|[from] move: Wish|[wisher] Florges
|-heal|p2a: Politoed|312\/384|[from] item: Leftovers
|-damage|p1a: Florges|315\/360|[from] move: Whirlpool|[partiallytrapped]
|turn|20
|c| SacredGengar|persih song
|c| SacredGengar|doe
|
|move|p1a: Florges|Moonblast|p2a: Politoed
|-damage|p2a: Politoed|224\/384
|move|p2a: Politoed|Perish Song|p2a: Politoed
|-fieldactivate|move: Perish Song
|
|-start|p1a: Florges|perish3
|-start|p2a: Politoed|perish3
|-heal|p1a: Florges|337\/360|[from] item: Leftovers
|-heal|p2a: Politoed|248\/384|[from] item: Leftovers
|-damage|p1a: Florges|292\/360|[from] move: Whirlpool|[partiallytrapped]
|turn|21
|join|Naruto(sage)
|c|ânuggetman|i love this set
|
|move|p1a: Florges|Moonblast|p2a: Politoed
|-damage|p2a: Politoed|164\/384
|move|p2a: Politoed|Rest|p2a: Politoed
|-status|p2a: Politoed|slp
|-heal|p2a: Politoed|384\/384 slp|[silent]
|-status|p2a: Politoed|slp|[from] move: Rest
|
|-start|p1a: Florges|perish2
|-start|p2a: Politoed|perish2
|-heal|p1a: Florges|314\/360|[from] item: Leftovers
|-damage|p1a: Florges|269\/360|[from] move: Whirlpool|[partiallytrapped]
|turn|22
|c| SacredGengar|i can see
|join|Ult Sasuke(Susanoo
|c| Ruze|no aromatherapy..?
|c|ânuggetman|it kills crocune pretty well
|leave|inicef
|join|Booty Samurai
|join|Alldaalts
|join|cocoa808
|
|move|p1a: Florges|Aromatherapy|p1a: Florges
|-cureteam|p1a: Florges|[from] move: Aromatherapy
|cant|p2a: Politoed|slp
|
|-start|p1a: Florges|perish1
|-start|p2a: Politoed|perish1
|-heal|p1a: Florges|291\/360|[from] item: Leftovers
|-damage|p1a: Florges|246\/360|[from] move: Whirlpool|[partiallytrapped]
|turn|23
|leave|cocoa808
|leave|Booty Samurai
|c| Anonymousssj4|clearly now the rain is gone
|
|switch|p2a: Slowking|Slowking, M|394\/394
|move|p1a: Florges|Moonblast|p2a: Slowking
|-damage|p2a: Slowking|321\/394
|-unboost|p2a: Slowking|spa|1
|
|-start|p1a: Florges|perish0
|faint|p1a: Florges
|c| QUANQUAN31611|now thats evil lol
|join|dakookie
|
|switch|p1a: Chesnaught|Chesnaught, M|372\/380
|turn|24
|join|That did nothing
|
|switch|p1a: Porygon2|Porygon2|374\/374
|-ability|p1a: Porygon2|Regenerator|[from] ability: Trace|[of] p2a: Slowking
|switch|p2a: Amoonguss|Amoonguss, F|432\/432
|
|turn|25
|
|switch|p1a: Arcanine|Arcanine, F|384\/384
|move|p2a: Amoonguss|Spore|p1a: Arcanine
|-status|p1a: Arcanine|slp
|
|turn|26
|
|switch|p2a: Alomomola|Alomomola, F|366\/534 brn
|cant|p1a: Arcanine|slp
|
|-heal|p2a: Alomomola|399\/534 brn|[from] item: Leftovers
|-damage|p2a: Alomomola|333\/534 brn|[from] brn
|turn|27
|
|switch|p1a: Chesnaught|Chesnaught, M|372\/380
|move|p2a: Alomomola|Wish|p2a: Alomomola
|
|-heal|p2a: Alomomola|366\/534 brn|[from] item: Leftovers
|-heal|p1a: Chesnaught|380\/380|[from] item: Leftovers
|-damage|p2a: Alomomola|300\/534 brn|[from] brn
|turn|28
|
|switch|p2a: Gligar|Gligar, M|292\/333
|move|p1a: Chesnaught|Wood Hammer|p2a: Gligar
|-damage|p2a: Gligar|228\/333
|-damage|p1a: Chesnaught|359\/380|[from] recoil|[of] p2a: Gligar
|
|-heal|p2a: Gligar|333\/333|[from] move: Wish|[wisher] Alomomola
|-heal|p1a: Chesnaught|380\/380|[from] item: Leftovers
|turn|29
|join|50 de descuento
|leave|50 de descuento
|
|move|p2a: Gligar|Knock Off|p1a: Chesnaught
|-resisted|p1a: Chesnaught
|-damage|p1a: Chesnaught|361\/380
|-enditem|p1a: Chesnaught|Leftovers|[from] move: Knock Off|[of] p2a: Gligar
|move|p1a: Chesnaught|Leech Seed|p2a: Gligar
|-start|p2a: Gligar|move: Leech Seed
|
|-damage|p2a: Gligar|292\/333|[from] Leech Seed|[of] p1a: Chesnaught
|-heal|p1a: Chesnaught|380\/380|[silent]
|turn|30
|
|switch|p2a: Amoonguss|Amoonguss, F|432\/432
|switch|p1a: Forretress|Forretress, M|215\/354
|
|turn|31
|leave|SacredGengar
|
|switch|p2a: Gligar|Gligar, M|292\/333
|move|p1a: Forretress|Stealth Rock|p2a: Gligar
|-sidestart|p2: nuggetman|move: Stealth Rock
|
|turn|32
|join|Free Facials
|
|switch|p1a: Swampert|Swampert-Mega, M|179\/341
|move|p2a: Gligar|Defog|p1a: Swampert
|-unboost|p1a: Swampert|evasion|1
|-sideend|p2: nuggetman|Stealth Rock|[from] move: Defog|[of] p2a: Gligar
|
|turn|33
|join|megacatlover
|leave|megacatlover
|
|switch|p2a: Amoonguss|Amoonguss, F|432\/432
|move|p1a: Swampert|Earthquake|p2a: Amoonguss
|-damage|p2a: Amoonguss|242\/432
|
|-heal|p2a: Amoonguss|269\/432|[from] item: Black Sludge
|turn|34
|join|ChocolateFrog88
|leave|ChocolateFrog88
|
|switch|p1a: Chesnaught|Chesnaught, M|380\/380
|move|p2a: Amoonguss|Foul Play|p1a: Chesnaught
|-resisted|p1a: Chesnaught
|-damage|p1a: Chesnaught|354\/380
|
|-heal|p2a: Amoonguss|296\/432|[from] item: Black Sludge
|turn|35
|
|move|p1a: Chesnaught|Leech Seed|p2a: Amoonguss
|-immune|p2a: Amoonguss|[msg]
|move|p2a: Amoonguss|Clear Smog|p1a: Chesnaught
|-supereffective|p1a: Chesnaught
|-damage|p1a: Chesnaught|222\/380
|-clearboost|p1a: Chesnaught
|
|-heal|p2a: Amoonguss|323\/432|[from] item: Black Sludge
|turn|36
|
|switch|p1a: Forretress|Forretress, M|215\/354
|switch|p2a: Slowking|Slowking, M|394\/394
|
|turn|37
|
|switch|p1a: Porygon2|Porygon2|374\/374
|-ability|p1a: Porygon2|Regenerator|[from] ability: Trace|[of] p2a: Slowking
|move|p2a: Slowking|Flamethrower|p1a: Porygon2
|-damage|p1a: Porygon2|339\/374
|
|turn|38
|
|switch|p2a: Blissey|Blissey, F|306\/714
|move|p1a: Porygon2|Toxic|p2a: Blissey
|-status|p2a: Blissey|tox
|
|-heal|p2a: Blissey|350\/714 tox|[from] item: Leftovers
|-damage|p2a: Blissey|306\/714 tox|[from] psn
|turn|39
|join|PrestonAqua
|
|switch|p1a: Forretress|Forretress, M|215\/354
|move|p2a: Blissey|Soft-Boiled|p2a: Blissey
|-heal|p2a: Blissey|663\/714 tox
|
|-heal|p2a: Blissey|707\/714 tox|[from] item: Leftovers
|-damage|p2a: Blissey|619\/714 tox|[from] psn
|turn|40
|join|dasdaf
|
|switch|p2a: Gligar|Gligar, M|292\/333
|move|p1a: Forretress|Stealth Rock|p2a: Gligar
|-sidestart|p2: nuggetman|move: Stealth Rock
|
|turn|41
|
|switch|p1a: Swampert|Swampert-Mega, M|179\/341
|move|p2a: Gligar|Defog|p1a: Swampert
|-unboost|p1a: Swampert|evasion|1
|-sideend|p2: nuggetman|Stealth Rock|[from] move: Defog|[of] p2a: Gligar
|
|turn|42
|leave|Free Facials
|
|switch|p2a: Alomomola|Alomomola, F|478\/534 brn
|move|p1a: Swampert|Rest|p1a: Swampert
|-status|p1a: Swampert|slp
|-heal|p1a: Swampert|341\/341 slp|[silent]
|-status|p1a: Swampert|slp|[from] move: Rest
|
|-heal|p2a: Alomomola|511\/534 brn|[from] item: Leftovers
|-damage|p2a: Alomomola|445\/534 brn|[from] brn
|turn|43
|join|parivard
|
|switch|p2a: Slowking|Slowking, M|394\/394
|cant|p1a: Swampert|slp
|move|p1a: Swampert|Sleep Talk|p1a: Swampert
|move|p1a: Swampert|Rest|p1a: Swampert|[from]Sleep Talk
|-fail|p1a: Swampert
|
|turn|44
|join|a random duck
|join|ckspoff
|
|switch|p1a: Porygon2|Porygon2|374\/374
|-ability|p1a: Porygon2|Regenerator|[from] ability: Trace|[of] p2a: Slowking
|move|p2a: Slowking|Future Sight|p1a: Porygon2
|-start|p2a: Slowking|move: Future Sight
|
|turn|45
|c| parivard|k
|
|switch|p2a: Blissey|Blissey, F|619\/714
|move|p1a: Porygon2|Toxic|p2a: Blissey
|-status|p2a: Blissey|tox
|
|-heal|p2a: Blissey|663\/714 tox|[from] item: Leftovers
|-damage|p2a: Blissey|619\/714 tox|[from] psn
|turn|46
|join|marchatnite
|
|switch|p1a: Arcanine|Arcanine, F|384\/384 slp
|move|p2a: Blissey|Stealth Rock|p1a: Arcanine
|-sidestart|p1: AM Maskun|move: Stealth Rock
|
|-end|p1a: Arcanine|move: Future Sight
|-damage|p1a: Arcanine|266\/384 slp
|-heal|p2a: Blissey|663\/714 tox|[from] item: Leftovers
|-damage|p2a: Blissey|575\/714 tox|[from] psn
|turn|47
|
|switch|p2a: Alomomola|Alomomola, F|534\/534 brn
|-curestatus|p1a: Arcanine|slp
|move|p1a: Arcanine|Close Combat|p2a: Alomomola
|-damage|p2a: Alomomola|447\/534 brn
|-unboost|p1a: Arcanine|def|1
|-unboost|p1a: Arcanine|spd|1
|
|-heal|p2a: Alomomola|480\/534 brn|[from] item: Leftovers
|-damage|p2a: Alomomola|414\/534 brn|[from] brn
|turn|48
|join|Blitx-Blitx
|leave|Blitx-Blitx
|
|switch|p1a: Chesnaught|Chesnaught, M|222\/380
|-damage|p1a: Chesnaught|199\/380|[from] Stealth Rock
|switch|p2a: Slowking|Slowking, M|394\/394
|
|turn|49
|leave|a random duck
|leave|Ruze
|
|switch|p2a: Amoonguss|Amoonguss, F|432\/432
|move|p1a: Chesnaught|Spiky Shield|p1a: Chesnaught
|-fail|p1a: Chesnaught
|
|turn|50
|
|switch|p1a: Forretress|Forretress, M|215\/354
|-damage|p1a: Forretress|171\/354|[from] Stealth Rock
|switch|p2a: Slowking|Slowking, M|394\/394
|
|turn|51
|
|switch|p1a: Swampert|Swampert-Mega, M|341\/341 slp
|-damage|p1a: Swampert|320\/341 slp|[from] Stealth Rock
|move|p2a: Slowking|Flamethrower|p1a: Swampert
|-resisted|p1a: Swampert
|-damage|p1a: Swampert|288\/341 slp
|
|turn|52
|
|cant|p1a: Swampert|slp
|move|p1a: Swampert|Sleep Talk|p1a: Swampert
|move|p1a: Swampert|Waterfall|p2a: Slowking|[from]Sleep Talk
|-resisted|p2a: Slowking
|-damage|p2a: Slowking|328\/394
|move|p2a: Slowking|Scald|p1a: Swampert
|-damage|p1a: Swampert|200\/341 slp
|
|turn|53
|
|-curestatus|p1a: Swampert|slp
|move|p1a: Swampert|Earthquake|p2a: Slowking
|-damage|p2a: Slowking|144\/394
|move|p2a: Slowking|Scald|p1a: Swampert
|-damage|p1a: Swampert|109\/341
|-status|p1a: Swampert|brn
|
|-damage|p1a: Swampert|67\/341 brn|[from] brn
|turn|54
|join|After Hours
|
|switch|p2a: Politoed|Politoed, F|384\/384 slp
|move|p1a: Swampert|Rest|p1a: Swampert
|-status|p1a: Swampert|slp
|-heal|p1a: Swampert|341\/341 slp|[silent]
|-status|p1a: Swampert|slp|[from] move: Rest
|
|turn|55
|join|Ruze
|
|switch|p1a: Porygon2|Porygon2|374\/374
|-damage|p1a: Porygon2|328\/374|[from] Stealth Rock
|-ability|p1a: Porygon2|Water Absorb|[from] ability: Trace|[of] p2a: Politoed
|cant|p2a: Politoed|slp
|
|turn|56
|
|-curestatus|p2a: Politoed|slp
|move|p2a: Politoed|Whirlpool|p1a: Porygon2
|-heal|p1a: Porygon2|374\/374|[from] ability: Water Absorb|[of] p2a: Politoed
|move|p1a: Porygon2|Tri Attack|p2a: Politoed
|-damage|p2a: Politoed|309\/384
|-status|p2a: Politoed|brn
|
|-heal|p2a: Politoed|333\/384 brn|[from] item: Leftovers
|-damage|p2a: Politoed|285\/384 brn|[from] brn
|turn|57
|join|inicef
|c|âAM Maskun|:^)
|
|move|p2a: Politoed|Rest|p2a: Politoed
|-status|p2a: Politoed|slp
|-heal|p2a: Politoed|384\/384 slp|[silent]
|-status|p2a: Politoed|slp|[from] move: Rest
|move|p1a: Porygon2|Foul Play|p2a: Politoed
|-damage|p2a: Politoed|315\/384 slp
|
|-heal|p2a: Politoed|339\/384 slp|[from] item: Leftovers
|turn|58
|
|switch|p2a: Slowking|Slowking, M|275\/394
|switch|p1a: Chesnaught|Chesnaught, M|199\/380
|-damage|p1a: Chesnaught|176\/380|[from] Stealth Rock
|
|turn|59
|c| marchatnite|why is uu always so stallish
|c| KingEnvoy|these are dark times
|c|âAM Maskun|idk
|
|switch|p1a: Swampert|Swampert-Mega, M|341\/341 slp
|-damage|p1a: Swampert|320\/341 slp|[from] Stealth Rock
|switch|p2a: Amoonguss|Amoonguss, F|432\/432
|
|turn|60
|
|switch|p1a: Porygon2|Porygon2|374\/374
|-damage|p1a: Porygon2|328\/374|[from] Stealth Rock
|-ability|p1a: Porygon2|Regenerator|[from] ability: Trace|[of] p2a: Amoonguss
|move|p2a: Amoonguss|Foul Play|p1a: Porygon2
|-damage|p1a: Porygon2|283\/374
|
|turn|61
|
|switch|p1a: Forretress|Forretress, M|171\/354
|-damage|p1a: Forretress|127\/354|[from] Stealth Rock
|switch|p2a: Blissey|Blissey, F|575\/714
|
|-heal|p2a: Blissey|619\/714|[from] item: Leftovers
|turn|62
|
|move|p2a: Blissey|Seismic Toss|p1a: Forretress
|-damage|p1a: Forretress|27\/354
|-damage|p2a: Blissey|500\/714|[from] item: Rocky Helmet|[of] p1a: Forretress
|move|p1a: Forretress|Stealth Rock|p2a: Blissey
|-sidestart|p2: nuggetman|move: Stealth Rock
|
|-heal|p2a: Blissey|544\/714|[from] item: Leftovers
|turn|63
|
|switch|p1a: Arcanine|Arcanine, F|266\/384
|-damage|p1a: Arcanine|170\/384|[from] Stealth Rock
|move|p2a: Blissey|Seismic Toss|p1a: Arcanine
|-damage|p1a: Arcanine|70\/384
|-damage|p2a: Blissey|425\/714|[from] item: Rocky Helmet|[of] p1a: Arcanine
|
|-heal|p2a: Blissey|469\/714|[from] item: Leftovers
|turn|64
|
|switch|p2a: Alomomola|Alomomola, F|534\/534 brn
|-damage|p2a: Alomomola|468\/534 brn|[from] Stealth Rock
|move|p1a: Arcanine|Morning Sun|p1a: Arcanine
|-heal|p1a: Arcanine|262\/384
|
|-heal|p2a: Alomomola|501\/534 brn|[from] item: Leftovers
|-damage|p2a: Alomomola|435\/534 brn|[from] brn
|turn|65
|
|switch|p1a: Swampert|Swampert-Mega, M|320\/341 slp
|-damage|p1a: Swampert|299\/341 slp|[from] Stealth Rock
|move|p2a: Alomomola|Wish|p2a: Alomomola
|
|-heal|p2a: Alomomola|468\/534 brn|[from] item: Leftovers
|-damage|p2a: Alomomola|402\/534 brn|[from] brn
|turn|66
|
|switch|p2a: Slowking|Slowking, M|394\/394
|-damage|p2a: Slowking|345\/394|[from] Stealth Rock
|cant|p1a: Swampert|slp
|move|p1a: Swampert|Sleep Talk|p1a: Swampert
|move|p1a: Swampert|Rest|p1a: Swampert|[from]Sleep Talk
|-fail|p1a: Swampert
|
|-heal|p2a: Slowking|394\/394|[from] move: Wish|[wisher] Alomomola
|turn|67
|
|cant|p1a: Swampert|slp
|move|p2a: Slowking|Future Sight|p1a: Swampert
|-start|p2a: Slowking|move: Future Sight
|
|turn|68
|
|-curestatus|p1a: Swampert|slp
|move|p1a: Swampert|Earthquake|p2a: Slowking
|-damage|p2a: Slowking|198\/394
|move|p2a: Slowking|Scald|p1a: Swampert
|-damage|p1a: Swampert|218\/341
|-status|p1a: Swampert|brn
|
|-damage|p1a: Swampert|176\/341 brn|[from] brn
|turn|69
|
|move|p1a: Swampert|Rest|p1a: Swampert
|-status|p1a: Swampert|slp
|-heal|p1a: Swampert|341\/341 slp|[silent]
|-status|p1a: Swampert|slp|[from] move: Rest
|move|p2a: Slowking|Scald|p1a: Swampert
|-damage|p1a: Swampert|259\/341 slp
|
|-end|p1a: Swampert|move: Future Sight
|-damage|p1a: Swampert|133\/341 slp
|turn|70
|
|cant|p1a: Swampert|slp
|move|p1a: Swampert|Sleep Talk|p1a: Swampert
|move|p1a: Swampert|Earthquake|p2a: Slowking|[from]Sleep Talk
|-damage|p2a: Slowking|24\/394
|move|p2a: Slowking|Future Sight|p1a: Swampert
|-start|p2a: Slowking|move: Future Sight
|
|turn|71
|leave|PrestonAqua
|join|PrestonAqua
|
|switch|p1a: Porygon2|Porygon2|374\/374
|-damage|p1a: Porygon2|328\/374|[from] Stealth Rock
|-ability|p1a: Porygon2|Regenerator|[from] ability: Trace|[of] p2a: Slowking
|switch|p2a: Alomomola|Alomomola, F|534\/534 brn
|-damage|p2a: Alomomola|468\/534 brn|[from] Stealth Rock
|
|-heal|p2a: Alomomola|501\/534 brn|[from] item: Leftovers
|-damage|p2a: Alomomola|435\/534 brn|[from] brn
|turn|72
|
|switch|p2a: Blissey|Blissey, F|469\/714
|-damage|p2a: Blissey|380\/714|[from] Stealth Rock
|switch|p1a: Arcanine|Arcanine, F|262\/384
|-damage|p1a: Arcanine|166\/384|[from] Stealth Rock
|
|-end|p1a: Arcanine|move: Future Sight
|-damage|p1a: Arcanine|42\/384
|-heal|p2a: Blissey|424\/714|[from] item: Leftovers
|turn|73
|
|move|p1a: Arcanine|Morning Sun|p1a: Arcanine
|-heal|p1a: Arcanine|234\/384
|move|p2a: Blissey|Soft-Boiled|p2a: Blissey
|-heal|p2a: Blissey|714\/714
|
|turn|74
|join|DerpToTheMax
|
|switch|p2a: Alomomola|Alomomola, F|534\/534 brn
|-damage|p2a: Alomomola|468\/534 brn|[from] Stealth Rock
|move|p1a: Arcanine|Will-O-Wisp|p2a: Alomomola
|-fail|p2a: Alomomola|brn
|
|-heal|p2a: Alomomola|501\/534 brn|[from] item: Leftovers
|-damage|p2a: Alomomola|435\/534 brn|[from] brn
|turn|75
|
|switch|p1a: Swampert|Swampert-Mega, M|133\/341 slp
|-damage|p1a: Swampert|112\/341 slp|[from] Stealth Rock
|move|p2a: Alomomola|Scald|p1a: Swampert
|-damage|p1a: Swampert|69\/341 slp
|
|-heal|p2a: Alomomola|468\/534 brn|[from] item: Leftovers
|-damage|p2a: Alomomola|402\/534 brn|[from] brn
|turn|76
|
|cant|p1a: Swampert|slp
|move|p1a: Swampert|Sleep Talk|p1a: Swampert
|move|p1a: Swampert|Earthquake|p2a: Alomomola|[from]Sleep Talk
|-damage|p2a: Alomomola|230\/534 brn
|move|p2a: Alomomola|Wish|p2a: Alomomola
|
|-heal|p2a: Alomomola|263\/534 brn|[from] item: Leftovers
|-damage|p2a: Alomomola|197\/534 brn|[from] brn
|turn|77
|
|move|p2a: Alomomola|Protect|p2a: Alomomola
|-singleturn|p2a: Alomomola|Protect
|-curestatus|p1a: Swampert|slp
|move|p1a: Swampert|Earthquake|p2a: Alomomola
|-activate|p2a: Alomomola|Protect
|
|-heal|p2a: Alomomola|464\/534 brn|[from] move: Wish|[wisher] Alomomola
|-heal|p2a: Alomomola|497\/534 brn|[from] item: Leftovers
|-damage|p2a: Alomomola|431\/534 brn|[from] brn
|turn|78
|
|move|p1a: Swampert|Rest|p1a: Swampert
|-status|p1a: Swampert|slp
|-heal|p1a: Swampert|341\/341 slp|[silent]
|-status|p1a: Swampert|slp|[from] move: Rest
|move|p2a: Alomomola|Scald|p1a: Swampert
|-damage|p1a: Swampert|301\/341 slp
|
|-heal|p2a: Alomomola|464\/534 brn|[from] item: Leftovers
|-damage|p2a: Alomomola|398\/534 brn|[from] brn
|turn|79
|leave|marchatnite
|
|switch|p2a: Politoed|Politoed, F|339\/384 slp
|-damage|p2a: Politoed|291\/384 slp|[from] Stealth Rock
|cant|p1a: Swampert|slp
|
|-heal|p2a: Politoed|315\/384 slp|[from] item: Leftovers
|turn|80
|join|marchatnite
|leave|DerpToTheMax
|c| RayDalio|this is a joke
|
|switch|p1a: Porygon2|Porygon2|374\/374
|-damage|p1a: Porygon2|328\/374|[from] Stealth Rock
|-ability|p1a: Porygon2|Water Absorb|[from] ability: Trace|[of] p2a: Politoed
|cant|p2a: Politoed|slp
|
|-heal|p2a: Politoed|339\/384 slp|[from] item: Leftovers
|turn|81
|c| TheBulletInMyHead|not even a funny one
|
|switch|p2a: Blissey|Blissey, F|714\/714
|-damage|p2a: Blissey|625\/714|[from] Stealth Rock
|move|p1a: Porygon2|Toxic|p2a: Blissey
|-status|p2a: Blissey|tox
|
|-heal|p2a: Blissey|669\/714 tox|[from] item: Leftovers
|-damage|p2a: Blissey|625\/714 tox|[from] psn
|turn|82
|c| TheBulletInMyHead|this is like a holocaust plus meanie babes with AIDS joke
|join|AscendKJ
|c| TheBulletInMyHead|babies*
|c| Ult Sasuke(Susanoo|500 turns later
|
|switch|p1a: Chesnaught|Chesnaught, M|176\/380
|-damage|p1a: Chesnaught|153\/380|[from] Stealth Rock
|switch|p2a: Slowking|Slowking, M|155\/394
|-damage|p2a: Slowking|106\/394|[from] Stealth Rock
|
|turn|83
|
|switch|p2a: Amoonguss|Amoonguss, F|432\/432
|-damage|p2a: Amoonguss|378\/432|[from] Stealth Rock
|move|p1a: Chesnaught|Wood Hammer|p2a: Amoonguss
|-resisted|p2a: Amoonguss
|-damage|p2a: Amoonguss|342\/432
|-damage|p1a: Chesnaught|141\/380|[from] recoil|[of] p2a: Amoonguss
|
|-heal|p2a: Amoonguss|369\/432|[from] item: Black Sludge
|turn|84
|c| RayDalio|this is worse than the madeline mccann sex tape
|
|move|p1a: Chesnaught|Synthesis|p1a: Chesnaught
|-heal|p1a: Chesnaught|331\/380
|move|p2a: Amoonguss|Foul Play|p1a: Chesnaught
|-resisted|p1a: Chesnaught
|-damage|p1a: Chesnaught|307\/380
|
|-heal|p2a: Amoonguss|396\/432|[from] item: Black Sludge
|turn|85
|
|switch|p1a: Arcanine|Arcanine, F|234\/384
|-damage|p1a: Arcanine|138\/384|[from] Stealth Rock
|move|p2a: Amoonguss|Clear Smog|p1a: Arcanine
|-damage|p1a: Arcanine|98\/384
|-clearboost|p1a: Arcanine
|
|-heal|p2a: Amoonguss|423\/432|[from] item: Black Sludge
|turn|86
|join|SteelTrainer
|leave|dasdaf
|leave|SteelTrainer
|
|switch|p2a: Slowking|Slowking, M|237\/394
|-damage|p2a: Slowking|188\/394|[from] Stealth Rock
|move|p1a: Arcanine|Morning Sun|p1a: Arcanine
|-heal|p1a: Arcanine|290\/384
|
|turn|87
|c| Alldaalts|252+ Atk Porygon2 Superpower vs. 4 HP \/ 252+ Def Blissey: 376-444 (57.6 - 68%) -- guaranteed 2HKO after Leftovers recovery
|
|switch|p2a: Alomomola|Alomomola, F|534\/534 brn
|-damage|p2a: Alomomola|468\/534 brn|[from] Stealth Rock
|move|p1a: Arcanine|Will-O-Wisp|p2a: Alomomola
|-fail|p2a: Alomomola|brn
|
|-heal|p2a: Alomomola|501\/534 brn|[from] item: Leftovers
|-damage|p2a: Alomomola|435\/534 brn|[from] brn
|turn|88
|join|ChampionDiantha68
|
|switch|p1a: Swampert|Swampert-Mega, M|301\/341 slp
|-damage|p1a: Swampert|280\/341 slp|[from] Stealth Rock
|move|p2a: Alomomola|Toxic|p1a: Swampert
|-fail|p1a: Swampert
|
|-heal|p2a: Alomomola|468\/534 brn|[from] item: Leftovers
|-damage|p2a: Alomomola|402\/534 brn|[from] brn
|turn|89
|
|cant|p1a: Swampert|slp
|move|p2a: Alomomola|Scald|p1a: Swampert
|-damage|p1a: Swampert|237\/341 slp
|
|-heal|p2a: Alomomola|435\/534 brn|[from] item: Leftovers
|-damage|p2a: Alomomola|369\/534 brn|[from] brn
|turn|90
|c| ChampionDiantha68|YEAH MEGA SWAMPERT DAT BITCH GONNA DIE LOL XD
|
|-curestatus|p1a: Swampert|slp
|move|p1a: Swampert|Sleep Talk|p1a: Swampert
|-fail|p1a: Swampert
|move|p2a: Alomomola|Wish|p2a: Alomomola
|
|-heal|p2a: Alomomola|402\/534 brn|[from] item: Leftovers
|-damage|p2a: Alomomola|336\/534 brn|[from] brn
|turn|91
|c|âAM Maskun|woops
|c|âAM Maskun|i miscounted
|c|âAM Maskun|e.e
|join|DragonOwl678
|c|âAM Maskun|whee
|c|âAM Maskun|!!!
|
|move|p1a: Swampert|Waterfall|p2a: Alomomola
|-resisted|p2a: Alomomola
|-damage|p2a: Alomomola|267\/534 brn
|move|p2a: Alomomola|Toxic|p1a: Swampert
|-status|p1a: Swampert|tox
|
|-heal|p2a: Alomomola|534\/534 brn|[from] move: Wish|[wisher] Alomomola
|-damage|p1a: Swampert|216\/341 tox|[from] psn
|-damage|p2a: Alomomola|468\/534 brn|[from] brn
|turn|92
|c| ChampionDiantha68|I MEANT THE PINK FISH
|
|move|p1a: Swampert|Rest|p1a: Swampert
|-status|p1a: Swampert|slp
|-heal|p1a: Swampert|341\/341 slp|[silent]
|-status|p1a: Swampert|slp|[from] move: Rest
|move|p2a: Alomomola|Scald|p1a: Swampert
|-damage|p1a: Swampert|296\/341 slp
|
|-heal|p2a: Alomomola|501\/534 brn|[from] item: Leftovers
|-damage|p2a: Alomomola|435\/534 brn|[from] brn
|turn|93
|join|Exemption
|
|switch|p2a: Amoonguss|Amoonguss, F|432\/432
|-damage|p2a: Amoonguss|378\/432|[from] Stealth Rock
|cant|p1a: Swampert|slp
|
|-heal|p2a: Amoonguss|405\/432|[from] item: Black Sludge
|turn|94
|
|switch|p1a: Chesnaught|Chesnaught, M|307\/380
|-damage|p1a: Chesnaught|284\/380|[from] Stealth Rock
|move|p2a: Amoonguss|Foul Play|p1a: Chesnaught
|-resisted|p1a: Chesnaught
|-damage|p1a: Chesnaught|257\/380
|
|-heal|p2a: Amoonguss|432\/432|[from] item: Black Sludge
|turn|95
|c| ChampionDiantha68|94 turns wat the hell
|
|move|p1a: Chesnaught|Spiky Shield|p1a: Chesnaught
|-singleturn|p1a: Chesnaught|move: Protect
|move|p2a: Amoonguss|Clear Smog|p1a: Chesnaught
|-activate|p1a: Chesnaught|move: Protect
|
|turn|96
|join|boymitchy
|leave|boymitchy
|
|switch|p1a: Swampert|Swampert-Mega, M|296\/341 slp
|-damage|p1a: Swampert|275\/341 slp|[from] Stealth Rock
|switch|p2a: Slowking|Slowking, M|319\/394
|-damage|p2a: Slowking|270\/394|[from] Stealth Rock
|
|turn|97
|
|switch|p2a: Amoonguss|Amoonguss, F|432\/432
|-damage|p2a: Amoonguss|378\/432|[from] Stealth Rock
|cant|p1a: Swampert|slp
|move|p1a: Swampert|Sleep Talk|p1a: Swampert
|move|p1a: Swampert|Waterfall|p2a: Amoonguss|[from]Sleep Talk
|-resisted|p2a: Amoonguss
|-damage|p2a: Amoonguss|299\/432
|
|-heal|p2a: Amoonguss|326\/432|[from] item: Black Sludge
|turn|98
|join|Magicrap101
|leave|ChampionDiantha68
|c| RayDalio|im about to cum
|
|switch|p1a: Arcanine|Arcanine, F|290\/384
|-damage|p1a: Arcanine|194\/384|[from] Stealth Rock
|move|p2a: Amoonguss|Spore|p1a: Arcanine
|-status|p1a: Arcanine|slp
|
|-heal|p2a: Amoonguss|353\/432|[from] item: Black Sludge
|turn|99
|c| Magicrap101|Really
|c| Magicrap101|1 dead
|
|switch|p2a: Gligar|Gligar, M|292\/333
|-damage|p2a: Gligar|251\/333|[from] Stealth Rock
|cant|p1a: Arcanine|slp
|
|turn|100
|c| parivard|u r taking tooooooo much time
|
|-curestatus|p1a: Arcanine|slp
|move|p1a: Arcanine|Morning Sun|p1a: Arcanine
|-heal|p1a: Arcanine|384\/384
|move|p2a: Gligar|Defog|p1a: Arcanine
|-unboost|p1a: Arcanine|evasion|1
|-sideend|p1: AM Maskun|Stealth Rock|[from] move: Defog|[of] p1a: Arcanine
|-sideend|p2: nuggetman|Stealth Rock|[from] move: Defog|[of] p2a: Gligar
|
|turn|101
|c| parivard|finish this faster
|c| Magicrap101|Cant
|
|switch|p2a: Alomomola|Alomomola, F|534\/534 brn
|move|p1a: Arcanine|Will-O-Wisp|p2a: Alomomola
|-fail|p2a: Alomomola|brn
|
|-damage|p2a: Alomomola|468\/534 brn|[from] brn
|turn|102
|c| Magicrap101|that's stall for you
|c| parivard|lol
|
|switch|p1a: Chesnaught|Chesnaught, M|257\/380
|move|p2a: Alomomola|Scald|p1a: Chesnaught
|-resisted|p1a: Chesnaught
|-damage|p1a: Chesnaught|227\/380
|
|-heal|p2a: Alomomola|501\/534 brn|[from] item: Leftovers
|-damage|p2a: Alomomola|435\/534 brn|[from] brn
|turn|103
|
|switch|p1a: Swampert|Swampert-Mega, M|275\/341 slp
|move|p2a: Alomomola|Toxic|p1a: Swampert
|-fail|p1a: Swampert
|
|-heal|p2a: Alomomola|468\/534 brn|[from] item: Leftovers
|-damage|p2a: Alomomola|402\/534 brn|[from] brn
|turn|104
|leave|PrestonAqua
|leave|Exemption
|
|switch|p1a: Chesnaught|Chesnaught, M|227\/380
|switch|p2a: Slowking|Slowking, M|394\/394
|
|turn|105
|
|move|p1a: Chesnaught|Synthesis|p1a: Chesnaught
|-heal|p1a: Chesnaught|380\/380
|move|p2a: Slowking|Future Sight|p1a: Chesnaught
|-start|p2a: Slowking|move: Future Sight
|
|turn|106
|
|switch|p1a: Swampert|Swampert-Mega, M|275\/341 slp
|switch|p2a: Politoed|Politoed, F|339\/384 slp
|
|-heal|p2a: Politoed|363\/384 slp|[from] item: Leftovers
|turn|107
|
|switch|p1a: Porygon2|Porygon2|328\/374
|-ability|p1a: Porygon2|Water Absorb|[from] ability: Trace|[of] p2a: Politoed
|cant|p2a: Politoed|slp
|
|-end|p1a: Porygon2|move: Future Sight
|-damage|p1a: Porygon2|261\/374
|-heal|p2a: Politoed|384\/384 slp|[from] item: Leftovers
|turn|108
|join|kuzntai
|join|TheKittenSays
|join|jeran
|join|FernusFlyer
|join|Seleanda
|
|switch|p2a: Blissey|Blissey, F|625\/714
|move|p1a: Porygon2|Recover|p1a: Porygon2
|-heal|p1a: Porygon2|374\/374
|
|-heal|p2a: Blissey|669\/714|[from] item: Leftovers
|turn|109
|c| Gym Triner Ape|why is it that uu causes so much stall
|c| FernusFlyer|HOLZY SHET
|join|mazanyai
|c|ânuggetman|ru is worse
|
|switch|p1a: Forretress|Forretress, M|27\/354
|move|p2a: Blissey|Stealth Rock|p1a: Forretress
|-sidestart|p1: AM Maskun|move: Stealth Rock
|
|-heal|p2a: Blissey|713\/714|[from] item: Leftovers
|turn|110
|join|A Really OP Asian
|c| Gym Triner Ape|uu is the worst
|join|Kenny's Revenge
|
|move|p2a: Blissey|Seismic Toss|p1a: Forretress
|-damage|p1a: Forretress|0 fnt
|-damage|p2a: Blissey|594\/714|[from] item: Rocky Helmet|[of] p1a: Forretress
|faint|p1a: Forretress
|
|-heal|p2a: Blissey|638\/714|[from] item: Leftovers
|join|Denniese Winona
|c| FernusFlyer|no, ou is the worst
|join|MunnAy
|join|CoWMichaelis
|c| AscendKJ|Custap berry
|c| Gym Triner Ape|uu causes the longest matches
|c| AscendKJ|XD
|c| AscendKJ|where r u
|leave|DragonOwl678
|c| CoWMichaelis|Oh my lord
|
|switch|p1a: Chesnaught|Chesnaught, M|380\/380
|-damage|p1a: Chesnaught|357\/380|[from] Stealth Rock
|turn|111
|c|ânuggetman|finally a breakthough
|c| AscendKJ|and maskun is dying slowly
|join|cocoa808
|leave|Ruze
|c| TheKittenSays|>slowly
|join|AcquiesceLife
|c| FernusFlyer|slow and steady, f's you up
|
|switch|p2a: Amoonguss|Amoonguss, F|432\/432
|move|p1a: Chesnaught|Wood Hammer|p2a: Amoonguss
|-resisted|p2a: Amoonguss
|-damage|p2a: Amoonguss|401\/432
|-damage|p1a: Chesnaught|347\/380|[from] recoil|[of] p2a: Amoonguss
|
|-heal|p2a: Amoonguss|428\/432|[from] item: Black Sludge
|turn|112
|c|ânuggetman|he falls after swampert
|join|Baby New Year
|
|move|p1a: Chesnaught|Spiky Shield|p1a: Chesnaught
|-singleturn|p1a: Chesnaught|move: Protect
|move|p2a: Amoonguss|Foul Play|p1a: Chesnaught
|-activate|p1a: Chesnaught|move: Protect
|-damage|p2a: Amoonguss|374\/432|[from] Spiky Shield|[of] p1a: Chesnaught
|
|-heal|p2a: Amoonguss|401\/432|[from] item: Black Sludge
|turn|113
|c| TheKittenSays|wow
|c| CoWMichaelis|*grabs head*
|
|switch|p1a: Swampert|Swampert-Mega, M|275\/341 slp
|-damage|p1a: Swampert|254\/341 slp|[from] Stealth Rock
|move|p2a: Amoonguss|Foul Play|p1a: Swampert
|-damage|p1a: Swampert|130\/341 slp
|
|-heal|p2a: Amoonguss|428\/432|[from] item: Black Sludge
|turn|114
|c| CoWMichaelis|*contemplates life*
|c| TheKittenSays|:O
|c| FernusFlyer|111 turns later
|c| Baby New Year|nuggetman
|
|-curestatus|p1a: Swampert|slp
|move|p1a: Swampert|Sleep Talk|p1a: Swampert
|-fail|p1a: Swampert
|move|p2a: Amoonguss|Foul Play|p1a: Swampert
|-damage|p1a: Swampert|9\/341
|
|-heal|p2a: Amoonguss|432\/432|[from] item: Black Sludge
|turn|115
|c| Magicrap101|Noooo
|c| FernusFlyer|115 turns later
|join|boymitchy
|c| CoWMichaelis|Baby New Year is here to close the deal.
|
|move|p1a: Swampert|Rest|p1a: Swampert
|-status|p1a: Swampert|slp
|-heal|p1a: Swampert|341\/341 slp|[silent]
|-status|p1a: Swampert|slp|[from] move: Rest
|move|p2a: Amoonguss|Foul Play|p1a: Swampert
|-damage|p1a: Swampert|203\/341 slp
|
|turn|116
|c| Kenny's Revenge|that team looks so stall.
|c| Baby New Year|Why did you make that team
|join|redsludge
|
|switch|p1a: Arcanine|Arcanine, F|384\/384
|-damage|p1a: Arcanine|288\/384|[from] Stealth Rock
|move|p2a: Amoonguss|Clear Smog|p1a: Arcanine
|-damage|p1a: Arcanine|242\/384
|-clearboost|p1a: Arcanine
|
|turn|117
|
|switch|p2a: Alomomola|Alomomola, F|534\/534 brn
|move|p1a: Arcanine|Will-O-Wisp|p2a: Alomomola
|-fail|p2a: Alomomola|brn
|
|-damage|p2a: Alomomola|468\/534 brn|[from] brn
|turn|118
|c| Baby New Year|Was your sole purpose
|c| TheKittenSays|dafuq is this
|c|âAM Maskun|i was gonna make a new team
|c| Baby New Year|to have 100+ battles?
|join|Pancakesviolin
|c| AscendKJ|stll
|
|switch|p2a: Politoed|Politoed, F|384\/384 slp
|move|p1a: Arcanine|Morning Sun|p1a: Arcanine
|-heal|p1a: Arcanine|384\/384
|
|turn|119
|c|âAM Maskun|but i didn't get enough time
|c| AscendKJ|stall
|c|âAM Maskun|so i used a new team
|c|âAM Maskun|e.e
|c| AscendKJ|thats wat it is
|leave|Pancakesviolin
|c| Baby New Year|How is this fun
|c| Kenny's Revenge|so much recover, so much stall.
|
|switch|p1a: Porygon2|Porygon2|374\/374
|-damage|p1a: Porygon2|328\/374|[from] Stealth Rock
|-ability|p1a: Porygon2|Water Absorb|[from] ability: Trace|[of] p2a: Politoed
|-curestatus|p2a: Politoed|slp
|move|p2a: Politoed|Whirlpool|p1a: Porygon2
|-heal|p1a: Porygon2|374\/374|[from] ability: Water Absorb|[of] p2a: Politoed
|
|turn|120
|c| FernusFlyer|this, is hands down, a long battle
|c| AscendKJ|XD
|c| TheKittenSays|xD
|c| Baby New Year|for either of you guys?
|c|ânuggetman|i just prfer defensive teams
|c| AscendKJ|water absorb
|c| TheBulletInMyHead|nuggetman hates fun
|
|switch|p2a: Blissey|Blissey, F|638\/714
|move|p1a: Porygon2|Foul Play|p2a: Blissey
|-damage|p2a: Blissey|610\/714
|
|-heal|p2a: Blissey|654\/714|[from] item: Leftovers
|turn|121
|c|âAM Maskun|i make HO teams but i didnt have enough time to get my HO team
|c|âAM Maskun|e.e
|c| Gym Triner Ape|bruh this match has to much bulk
|c| TheKittenSays|HE ACNT EVEN HAVE WATER ABSORB
|c| FernusFlyer|ive seen long battles, but DAYUM this is long
|c| TheKittenSays|DA FAK
|
|switch|p1a: Chesnaught|Chesnaught, M|347\/380
|-damage|p1a: Chesnaught|324\/380|[from] Stealth Rock
|move|p2a: Blissey|Seismic Toss|p1a: Chesnaught
|-damage|p1a: Chesnaught|224\/380
|
|-heal|p2a: Blissey|698\/714|[from] item: Leftovers
|turn|122
|c| AscendKJ|trace
|leave|redsludge
|
|switch|p2a: Amoonguss|Amoonguss, F|432\/432
|move|p1a: Chesnaught|Synthesis|p1a: Chesnaught
|-heal|p1a: Chesnaught|380\/380
|
|turn|123
|c| Gym Triner Ape|i hope this battle does go over 9000!!!!!
|c| AscendKJ|Politoed had wter absorb
|c| Kenny's Revenge|ive seen 200 turn battles.
|
|switch|p1a: Arcanine|Arcanine, F|384\/384
|-damage|p1a: Arcanine|288\/384|[from] Stealth Rock
|move|p2a: Amoonguss|Clear Smog|p1a: Arcanine
|-damage|p1a: Arcanine|248\/384
|-clearboost|p1a: Arcanine
|
|turn|124
|leave|marchatnite
|c|ânuggetman|politoed has been my most offensive lol
|c|âAM Maskun|if we do rock papers scissors
|c| TheBulletInMyHead|do !dice
|c|âAM Maskun|and if i win u forfeit ?.?
|c|ânuggetman|no
|leave|inicef
|c| AscendKJ|XD
|c| DMOC2008|i have seen a 2.5K turn battle
|c| Kenny's Revenge|lmao.
|join|Farqas
|c| AscendKJ|XD
|c|âAM Maskun|if i lose i forfeit
|c| A Really OP Asian|rofl
|c| Baby New Year|Please come to an alternate solution please
|leave|Magicrap101
|
|switch|p2a: Alomomola|Alomomola, F|534\/534 brn
|move|p1a: Arcanine|Will-O-Wisp|p2a: Alomomola
|-fail|p2a: Alomomola|brn
|
|-damage|p2a: Alomomola|468\/534 brn|[from] brn
|turn|125
|c| mazanyai|DMOC, i highly doubt that
|join|PowerZink
|c| FernusFlyer|you guys are killing us all
|join|Treecho2gud4Ubers
|c|ânuggetman|ill use funbro next time if they unban it
|c| CoWMichaelis|In two turns it must end. I rolled
|c|âAM Maskun|i just want to make it to the semis e.e
|
|move|p1a: Arcanine|Morning Sun|p1a: Arcanine
|-heal|p1a: Arcanine|384\/384
|move|p2a: Alomomola|Toxic|p1a: Arcanine|[miss]
|-miss|p2a: Alomomola|p1a: Arcanine
|
|-heal|p2a: Alomomola|501\/534 brn|[from] item: Leftovers
|-damage|p2a: Alomomola|435\/534 brn|[from] brn
|turn|126
|leave|Treecho2gud4Ubers
|c| Baby New Year|This is just dumb and unecessary
|c| PowerZink|**125 TURNS WTF**
|c| AscendKJ|no its was from pplzdude maza
|c| DMOC2008|no it really happen in the tours roomm a long time ago
|c|âAM Maskun|LOL
|c| Kenny's Revenge|the miss
|join|Cheek Pouch
|
|switch|p1a: Swampert|Swampert-Mega, M|203\/341 slp
|-damage|p1a: Swampert|182\/341 slp|[from] Stealth Rock
|switch|p2a: Slowking|Slowking, M|394\/394
|
|turn|127
|c| DMOC2008|i know since i was part of the tours room long time ago lolk
|leave|AcquiesceLife
|
|cant|p1a: Swampert|slp
|move|p1a: Swampert|Sleep Talk|p1a: Swampert
|move|p1a: Swampert|Waterfall|p2a: Slowking|[from]Sleep Talk
|-resisted|p2a: Slowking
|-damage|p2a: Slowking|325\/394
|move|p2a: Slowking|Future Sight|p1a: Swampert
|-start|p2a: Slowking|move: Future Sight
|
|turn|128
|
|cant|p1a: Swampert|slp
|move|p1a: Swampert|Sleep Talk|p1a: Swampert
|move|p1a: Swampert|Rest|p1a: Swampert|[from]Sleep Talk
|-fail|p1a: Swampert
|move|p2a: Slowking|Scald|p1a: Swampert
|-damage|p1a: Swampert|92\/341 slp
|
|turn|129
|c| PowerZink|HOW LONG IS HAS THIS BATTLE BEEN GOING ON?
|c| CoWMichaelis|Das Bulk
|leave|boymitchy
|
|-curestatus|p1a: Swampert|slp
|move|p1a: Swampert|Rest|p1a: Swampert
|-status|p1a: Swampert|slp
|-heal|p1a: Swampert|341\/341 slp|[silent]
|-status|p1a: Swampert|slp|[from] move: Rest
|move|p2a: Slowking|Scald|p1a: Swampert
|-damage|p1a: Swampert|256\/341 slp
|
|-end|p1a: Swampert|move: Future Sight
|-damage|p1a: Swampert|130\/341 slp
|turn|130
|c| CoWMichaelis|Lol
|c| CoWMichaelis|Now he's toying
|c| mazanyai|2500 turns? thats impossible. theres not even enough PP to do that
|c| CoWMichaelis|jk :P
|
|switch|p1a: Chesnaught|Chesnaught, M|380\/380
|-damage|p1a: Chesnaught|357\/380|[from] Stealth Rock
|move|p2a: Slowking|Scald|p1a: Chesnaught
|-resisted|p1a: Chesnaught
|-damage|p1a: Chesnaught|298\/380
|
|turn|131
|c| TheKittenSays|mazanyai harvest leppa berries
|c| DMOC2008|yes all you need is slowbro
|c|ânuggetman|leppa recycle
|c| TheBulletInMyHead|it was leppa berry recycle heal pulse
|join|Dodger50
|join|Bookcase
|c| TheBulletInMyHead|slowbro
|leave|MunnAy
|join|hhdddggh
|leave|PowerZink
|join|blazingpsycho
|join|ChampionDiantha68
|join|inicef
|join|Alozan
|c| DMOC2008|^^
|c| Cheek Pouch|mazanyazanyai its possible
|join|CurryNoodles
|c| CoWMichaelis|Longest Tourney of the New Year.
|c| Alozan|yup
|leave|kuzntai
|c| TheBulletInMyHead|and pplzdude trapped a slowbro and that was why they added the endless battle clause
|
|switch|p2a: Amoonguss|Amoonguss, F|432\/432
|move|p1a: Chesnaught|Wood Hammer|p2a: Amoonguss
|-resisted|p2a: Amoonguss
|-damage|p2a: Amoonguss|400\/432
|-damage|p1a: Chesnaught|287\/380|[from] recoil|[of] p2a: Amoonguss
|
|-heal|p2a: Amoonguss|427\/432|[from] item: Black Sludge
|turn|132
|leave|Alozan
|c| CoWMichaelis|Let's see if any other can go long this year. This will be recorded.
|c| Cheek Pouch|all twelve pokes have moves with 64pp
|c| Cheek Pouch|plus struggles
|
|switch|p2a: Slowking|Slowking, M|394\/394
|move|p1a: Chesnaught|Spiky Shield|p1a: Chesnaught
|-fail|p1a: Chesnaught
|
|turn|133
|c| mazanyai|>mazanyazanyai
|join|gpaiz15
|c| mazanyai|thats the best spelling of my name ever xD
|join|lalaludicolo
|c| ChampionDiantha68|HOLY FUCK 0____0
|
|switch|p2a: Amoonguss|Amoonguss, F|432\/432
|move|p1a: Chesnaught|Wood Hammer|p2a: Amoonguss
|-resisted|p2a: Amoonguss
|-damage|p2a: Amoonguss|397\/432
|-damage|p1a: Chesnaught|275\/380|[from] recoil|[of] p2a: Amoonguss
|
|-heal|p2a: Amoonguss|424\/432|[from] item: Black Sludge
|turn|134
|c| ChampionDiantha68|133 moves holy shit
|leave|Dodger50
|leave|gpaiz15
|c| Cheek Pouch|nvm
|c| Baby New Year|AM Maskun you need to start predicting
|
|move|p1a: Chesnaught|Spiky Shield|p1a: Chesnaught
|-singleturn|p1a: Chesnaught|move: Protect
|move|p2a: Amoonguss|Clear Smog|p1a: Chesnaught
|-activate|p1a: Chesnaught|move: Protect
|
|-heal|p2a: Amoonguss|432\/432|[from] item: Black Sludge
|turn|135
|leave|Anonymousssj4
|c| Cheek Pouch|maskun lost lol
|c| Cheek Pouch|it don't matter
|c| Bookcase|stall is love
|c|âAM Maskun|>lost
|c| Baby New Year|He's playing pretty obvious
|c|âAM Maskun|watch me not lose
|c| Bookcase|stall is life
|
|move|p1a: Chesnaught|Synthesis|p1a: Chesnaught
|-heal|p1a: Chesnaught|380\/380
|move|p2a: Amoonguss|Foul Play|p1a: Chesnaught
|-resisted|p1a: Chesnaught
|-damage|p1a: Chesnaught|354\/380
|
|turn|136
|join|Vk27
|c|âAM Maskun|k switching into arcanine
|c| Cheek Pouch|yo maskun tell t tael that shift says hi
|join|Hyozanman test
|c| CurryNoodles|nuggetman u got ur self a fat team
|
|move|p1a: Chesnaught|Wood Hammer|p2a: Amoonguss
|-resisted|p2a: Amoonguss
|-damage|p2a: Amoonguss|400\/432
|-damage|p1a: Chesnaught|343\/380|[from] recoil|[of] p2a: Amoonguss
|move|p2a: Amoonguss|Hidden Power|p1a: Chesnaught
|-damage|p1a: Chesnaught|295\/380
|
|-heal|p2a: Amoonguss|427\/432|[from] item: Black Sludge
|turn|137
|c| Vk27|wooooow
|c| ChampionDiantha68|stall as fuck
|c| TheKittenSays|>fat
|c| Cheek Pouch|best thing is
|c| Bookcase|next time add gothorita on your team
|c| CurryNoodles|both teams r sorta fat
|c| Hyozanman test|137 turns?!
|c| Vk27|this neeeeeeds some work
|c| Cheek Pouch|only one of nuggets pokemon is uu
|c| ChampionDiantha68|hell no im not putting an emo ass bitch on my team
|
|switch|p1a: Arcanine|Arcanine, F|384\/384
|-damage|p1a: Arcanine|288\/384|[from] Stealth Rock
|switch|p2a: Slowking|Slowking, M|394\/394
|
|turn|138
|c| Cheek Pouch|4 are ru, and one is pu
|c| Vk27|can an admin come on and force a win?
|c| ChampionDiantha68|XD
|leave|Hyozanman test
|c| Bookcase|it breaks stall
|c| TheBulletInMyHead|vk27, that's no fun
|join|youngburgerpattie
|c| Bookcase|shadow tag+taunt+eviolite
|c| Cheek Pouch|bookcase gothorita is ou
|c| Cheek Pouch|lol
|c| A Really OP Asian|new meta:stall voltturn
|
|move|p1a: Arcanine|Will-O-Wisp|p2a: Slowking|[miss]
|-miss|p1a: Arcanine|p2a: Slowking
|move|p2a: Slowking|Scald|p1a: Arcanine
|-supereffective|p1a: Arcanine
|-damage|p1a: Arcanine|136\/384
|
|turn|139
|c| Vk27|why did it take so long?
|c| A Really OP Asian|rofl
|c| Bookcase|no
|c| Cheek Pouch|nmvm
|c| CurryNoodles|damn
|c| Bookcase|what are you talking about
|c| ChampionDiantha68|u mean gothitelle
|c| Cheek Pouch|thats telle
|c| youngburgerpattie|ok so
|
|move|p1a: Arcanine|Morning Sun|p1a: Arcanine
|-heal|p1a: Arcanine|328\/384
|move|p2a: Slowking|Scald|p1a: Arcanine
|-supereffective|p1a: Arcanine
|-damage|p1a: Arcanine|178\/384
|
|turn|140
|c| youngburgerpattie|i left for like a hallf hour
|c| youngburgerpattie|and its still 6-4
|c| ChampionDiantha68|i think rita is ru
|c| youngburgerpattie|wtf
|c| jeran|HO breaks stall completely
|
|switch|p1a: Chesnaught|Chesnaught, M|295\/380
|-damage|p1a: Chesnaught|272\/380|[from] Stealth Rock
|switch|p2a: Alomomola|Alomomola, F|534\/534 brn
|
|-damage|p2a: Alomomola|468\/534 brn|[from] brn
|turn|141
|join|K-DogRaptor
|c| Kenny's Revenge|kill it!
|c| Baby New Year|good play
|join|Guydudeman
|c| Baby New Year|now don't mess up
|
|move|p2a: Alomomola|Toxic|p1a: Chesnaught
|-status|p1a: Chesnaught|tox
|move|p1a: Chesnaught|Wood Hammer|p2a: Alomomola
|-supereffective|p2a: Alomomola
|-damage|p2a: Alomomola|202\/534 brn
|-damage|p1a: Chesnaught|184\/380 tox|[from] recoil|[of] p2a: Alomomola
|
|-heal|p2a: Alomomola|235\/534 brn|[from] item: Leftovers
|-damage|p2a: Alomomola|169\/534 brn|[from] brn
|-damage|p1a: Chesnaught|161\/380 tox|[from] psn
|turn|142
|c| Cheek Pouch|yeah
|c| Vk27|nooooo
|c| Kenny's Revenge|dang.
|c| mazanyai|what is "HO"?
|join|budbudbud
|c| jeran|high offense
|c| Cheek Pouch|but gothorita is weak
|join|Uwoodz03
|c| Baby New Year|hyper offense
|c| youngburgerpattie|lol
|c|âAM Maskun|good game gotta go to sleep
|c| Cheek Pouch|and isn't shadow tag banned
|c| youngburgerpattie|pussy
|c| Baby New Year|either one
|c|ânuggetman|gg lol
|c| youngburgerpattie|finish like a man
|c|âAM Maskun|gg ^_^
|c| youngburgerpattie|lol
|c|âAM Maskun|learn to make ho tho
|c| Cheek Pouch|lol maskun lost
|c|âAM Maskun|:e
|c| Vk27|all o nuggetman's battles take a whole lot of fuckin time
|c| jeran|shadow tag is banned uu and below
|-message|AM Maskun forfeited.
|leave|budbudbud
|
|win|nuggetman
|c| Kenny's Revenge|YAY
|c| CoWMichaelis|:)
|leave|jeran
|leave|Vk27
|c| A Really OP Asian|what
|leave|CurryNoodles
|leave|mazanyai
|leave|Cheek Pouch
|leave|Bookcase
|c| ChampionDiantha68|finally
|leave|lalaludicolo
|leave|hhdddggh
|leave|ChampionDiantha68
|leave|nuggetman
|leave|Farqas
|leave|CoWMichaelis
|leave|Ult Sasuke(Susanoo
|leave|A Really OP Asian
|leave|Kenny's Revenge
|leave|AscendKJ
|c| Baby New Year|AM you are a man
|player|p2
|leave|Seleanda
|leave|K-DogRaptor
|leave|dakookie
|leave|AM Maskun
|player|p1
|leave|FernusFlyer
|leave|KingEnvoy
|leave|blazingpsycho
|leave|Naruto(sage)
|leave|TheBulletInMyHead
|leave|Guydudeman
|leave|Alldaalts