|join|jiajin32
|join|Nuggetman
|player|p1|jiajin32|265
|player|p2|Nuggetman|165
|gametype|singles
|gen|6
|tier|UU
|rated
|rule|Sleep Clause Mod: Limit one foe put to sleep
|rule|Species Clause: Limit one of each PokÃ©mon
|rule|OHKO Clause: OHKO moves are banned
|rule|Moody Clause: Moody is banned
|rule|Evasion Moves Clause: Evasion moves are banned
|rule|Endless Battle Clause: Forcing endless battles is banned
|rule|HP Percentage Mod: HP is shown in percentages
|clearpoke
|poke|p1|Abomasnow, M
|poke|p1|Infernape, F
|poke|p1|Jirachi
|poke|p1|Starmie
|poke|p1|Nidoqueen, F
|poke|p1|Hydreigon, F
|poke|p2|Blissey, F
|poke|p2|Dusknoir, M
|poke|p2|Slowking, M
|poke|p2|Gligar, F
|poke|p2|Alomomola, M
|poke|p2|Politoed, M
|rule|Swagger Clause: Swagger is banned
|rule|Baton Pass Clause: Limit one PokÃ©mon knowing Baton Pass
|teampreview
|
|start
|switch|p1a: Abomasnow|Abomasnow, M|383\/383
|switch|p2a: Slowking|Slowking, M|394\/394
|turn|1
|
|switch|p1a: Starmie|Starmie|323\/323
|move|p2a: Slowking|Flamethrower|p1a: Starmie
|-resisted|p1a: Starmie
|-damage|p1a: Starmie|280\/323
|
|-heal|p1a: Starmie|300\/323|[from] item: Leftovers
|turn|2
|
|switch|p2a: Blissey|Blissey, F|714\/714
|move|p1a: Starmie|Scald|p2a: Blissey
|-damage|p2a: Blissey|645\/714
|
|-heal|p1a: Starmie|320\/323|[from] item: Leftovers
|-heal|p2a: Blissey|689\/714|[from] item: Leftovers
|turn|3
|
|switch|p1a: Nidoqueen|Nidoqueen, F|321\/321
|move|p2a: Blissey|Stealth Rock|p1a: Nidoqueen
|-sidestart|p1: jiajin32|move: Stealth Rock
|
|-heal|p2a: Blissey|714\/714|[from] item: Leftovers
|turn|4
|
|move|p1a: Nidoqueen|Stealth Rock|p2a: Blissey
|-sidestart|p2: Nuggetman|move: Stealth Rock
|move|p2a: Blissey|Seismic Toss|p1a: Nidoqueen
|-damage|p1a: Nidoqueen|221\/321
|
|turn|5
|
|switch|p1a: Jirachi|Jirachi|404\/404
|-damage|p1a: Jirachi|379\/404|[from] Stealth Rock
|move|p2a: Blissey|Toxic|p1a: Jirachi
|-fail|p1a: Jirachi
|
|-heal|p1a: Jirachi|404\/404|[from] item: Leftovers
|turn|6
|
|switch|p2a: Slowking|Slowking, M|394\/394
|-damage|p2a: Slowking|345\/394|[from] Stealth Rock
|move|p1a: Jirachi|Substitute|p1a: Jirachi
|-start|p1a: Jirachi|Substitute
|-damage|p1a: Jirachi|303\/404
|
|-heal|p1a: Jirachi|328\/404|[from] item: Leftovers
|turn|7
|
|move|p1a: Jirachi|Toxic|p2a: Slowking
|-status|p2a: Slowking|tox
|move|p2a: Slowking|Flamethrower|p1a: Jirachi
|-supereffective|p1a: Jirachi
|-end|p1a: Jirachi|Substitute
|
|-heal|p1a: Jirachi|353\/404|[from] item: Leftovers
|-damage|p2a: Slowking|321\/394 tox|[from] psn
|turn|8
|
|switch|p1a: Starmie|Starmie|320\/323
|-damage|p1a: Starmie|280\/323|[from] Stealth Rock
|move|p2a: Slowking|Scald|p1a: Starmie
|-resisted|p1a: Starmie
|-damage|p1a: Starmie|225\/323
|
|-heal|p1a: Starmie|245\/323|[from] item: Leftovers
|-damage|p2a: Slowking|273\/394 tox|[from] psn
|turn|9
|
|switch|p2a: Blissey|Blissey, F|714\/714
|-damage|p2a: Blissey|625\/714|[from] Stealth Rock
|move|p1a: Starmie|Rapid Spin|p2a: Blissey
|-damage|p2a: Blissey|608\/714
|-sideend|p1: jiajin32|Stealth Rock|[from] move: Rapid Spin|[of] p1a: Starmie
|
|-heal|p1a: Starmie|265\/323|[from] item: Leftovers
|-heal|p2a: Blissey|652\/714|[from] item: Leftovers
|turn|10
|
|switch|p1a: Infernape|Infernape, F|293\/293
|move|p2a: Blissey|Stealth Rock|p1a: Infernape
|-sidestart|p1: jiajin32|move: Stealth Rock
|
|-heal|p2a: Blissey|696\/714|[from] item: Leftovers
|turn|11
|
|switch|p2a: Alomomola|Alomomola, M|534\/534
|-damage|p2a: Alomomola|468\/534|[from] Stealth Rock
|move|p1a: Infernape|Nasty Plot|p1a: Infernape
|-boost|p1a: Infernape|spa|2
|
|-heal|p2a: Alomomola|501\/534|[from] item: Leftovers
|turn|12
|
|move|p1a: Infernape|Grass Knot|p2a: Alomomola
|-supereffective|p2a: Alomomola
|-damage|p2a: Alomomola|0 fnt
|-damage|p1a: Infernape|264\/293|[from] item: Life Orb
|faint|p2a: Alomomola
|
|
|switch|p2a: Slowking|Slowking, M|394\/394 tox
|-damage|p2a: Slowking|345\/394 tox|[from] Stealth Rock
|turn|13
|
|switch|p1a: Starmie|Starmie|265\/323
|-damage|p1a: Starmie|225\/323|[from] Stealth Rock
|move|p2a: Slowking|Scald|p1a: Starmie
|-resisted|p1a: Starmie
|-damage|p1a: Starmie|174\/323
|-status|p1a: Starmie|brn
|
|-heal|p1a: Starmie|194\/323 brn|[from] item: Leftovers
|-damage|p1a: Starmie|154\/323 brn|[from] brn
|-damage|p2a: Slowking|321\/394 tox|[from] psn
|turn|14
|
|switch|p2a: Blissey|Blissey, F|696\/714
|-damage|p2a: Blissey|607\/714|[from] Stealth Rock
|move|p1a: Starmie|Recover|p1a: Starmie
|-heal|p1a: Starmie|316\/323 brn
|
|-heal|p1a: Starmie|323\/323 brn|[from] item: Leftovers
|-heal|p2a: Blissey|651\/714|[from] item: Leftovers
|-damage|p1a: Starmie|283\/323 brn|[from] brn
|turn|15
|
|move|p1a: Starmie|Rapid Spin|p2a: Blissey
|-damage|p2a: Blissey|643\/714
|-sideend|p1: jiajin32|Stealth Rock|[from] move: Rapid Spin|[of] p1a: Starmie
|move|p2a: Blissey|Seismic Toss|p1a: Starmie
|-damage|p1a: Starmie|183\/323 brn
|
|-heal|p1a: Starmie|203\/323 brn|[from] item: Leftovers
|-heal|p2a: Blissey|687\/714|[from] item: Leftovers
|-damage|p1a: Starmie|163\/323 brn|[from] brn
|turn|16
|
|switch|p1a: Jirachi|Jirachi|353\/404
|move|p2a: Blissey|Stealth Rock|p1a: Jirachi
|-sidestart|p1: jiajin32|move: Stealth Rock
|
|-heal|p1a: Jirachi|378\/404|[from] item: Leftovers
|-heal|p2a: Blissey|714\/714|[from] item: Leftovers
|turn|17
|
|move|p1a: Jirachi|Substitute|p1a: Jirachi
|-start|p1a: Jirachi|Substitute
|-damage|p1a: Jirachi|277\/404
|move|p2a: Blissey|Seismic Toss|p1a: Jirachi
|-activate|p1a: Jirachi|Substitute|[damage]
|
|-heal|p1a: Jirachi|302\/404|[from] item: Leftovers
|turn|18
|
|move|p1a: Jirachi|Toxic|p2a: Blissey
|-status|p2a: Blissey|tox
|move|p2a: Blissey|Seismic Toss|p1a: Jirachi
|-end|p1a: Jirachi|Substitute
|
|-heal|p1a: Jirachi|327\/404|[from] item: Leftovers
|-damage|p2a: Blissey|670\/714 tox|[from] psn
|turn|19
|
|switch|p2a: Slowking|Slowking, M|394\/394 tox
|-damage|p2a: Slowking|345\/394 tox|[from] Stealth Rock
|move|p1a: Jirachi|Substitute|p1a: Jirachi
|-start|p1a: Jirachi|Substitute
|-damage|p1a: Jirachi|226\/404
|
|-heal|p1a: Jirachi|251\/404|[from] item: Leftovers
|-damage|p2a: Slowking|321\/394 tox|[from] psn
|turn|20
|
|move|p1a: Jirachi|Iron Head|p2a: Slowking
|-resisted|p2a: Slowking
|-damage|p2a: Slowking|280\/394 tox
|cant|p2a: Slowking|flinch
|
|-heal|p1a: Jirachi|276\/404|[from] item: Leftovers
|-damage|p2a: Slowking|232\/394 tox|[from] psn
|turn|21
|
|switch|p2a: Politoed|Politoed, M|384\/384
|-damage|p2a: Politoed|336\/384|[from] Stealth Rock
|move|p1a: Jirachi|Iron Head|p2a: Politoed
|-resisted|p2a: Politoed
|-damage|p2a: Politoed|278\/384
|
|-heal|p1a: Jirachi|301\/404|[from] item: Leftovers
|-heal|p2a: Politoed|302\/384|[from] item: Leftovers
|turn|22
|
|move|p1a: Jirachi|Toxic|p2a: Politoed
|-status|p2a: Politoed|tox
|move|p2a: Politoed|Perish Song|p2a: Politoed
|-fieldactivate|move: Perish Song
|
|-start|p1a: Jirachi|perish3
|-start|p2a: Politoed|perish3
|-heal|p1a: Jirachi|326\/404|[from] item: Leftovers
|-heal|p2a: Politoed|326\/384 tox|[from] item: Leftovers
|-damage|p2a: Politoed|302\/384 tox|[from] psn
|turn|23
|
|move|p1a: Jirachi|Iron Head|p2a: Politoed
|-resisted|p2a: Politoed
|-damage|p2a: Politoed|239\/384 tox
|cant|p2a: Politoed|flinch
|
|-start|p1a: Jirachi|perish2
|-start|p2a: Politoed|perish2
|-heal|p1a: Jirachi|351\/404|[from] item: Leftovers
|-heal|p2a: Politoed|263\/384 tox|[from] item: Leftovers
|-damage|p2a: Politoed|215\/384 tox|[from] psn
|turn|24
|
|move|p1a: Jirachi|Toxic|p2a: Politoed|[miss]
|-miss|p1a: Jirachi|p2a: Politoed
|move|p2a: Politoed|Rest|p2a: Politoed
|-status|p2a: Politoed|slp
|-heal|p2a: Politoed|384\/384 slp|[silent]
|-status|p2a: Politoed|slp|[from] move: Rest
|
|-start|p1a: Jirachi|perish1
|-start|p2a: Politoed|perish1
|-heal|p1a: Jirachi|376\/404|[from] item: Leftovers
|turn|25
|
|switch|p1a: Hydreigon|Hydreigon, F|325\/325
|-damage|p1a: Hydreigon|285\/325|[from] Stealth Rock
|switch|p2a: Dusknoir|Dusknoir, M|294\/294
|-damage|p2a: Dusknoir|258\/294|[from] Stealth Rock
|-ability|p2a: Dusknoir|Pressure
|
|-heal|p2a: Dusknoir|276\/294|[from] item: Leftovers
|turn|26
|
|switch|p2a: Blissey|Blissey, F|670\/714
|-damage|p2a: Blissey|581\/714|[from] Stealth Rock
|move|p1a: Hydreigon|U-turn|p2a: Blissey
|-damage|p2a: Blissey|497\/714
|
|switch|p1a: Infernape|Infernape, F|264\/293
|-damage|p1a: Infernape|228\/293|[from] Stealth Rock
|
|-heal|p2a: Blissey|541\/714|[from] item: Leftovers
|turn|27
|
|move|p1a: Infernape|Close Combat|p2a: Blissey
|-supereffective|p2a: Blissey
|-damage|p2a: Blissey|0 fnt
|-unboost|p1a: Infernape|def|1
|-unboost|p1a: Infernape|spd|1
|-damage|p1a: Infernape|199\/293|[from] item: Life Orb
|faint|p2a: Blissey
|
|-message|Nuggetman forfeited.
|
|win|jiajin32
|raw|Ladder updating...
|leave|Nuggetman
|player|p2
|raw|jiajin32's rating: 1645 &rarr; <strong>1654<\/strong><br \/>(+9 for winning)
|raw|Nuggetman's rating: 1441 &rarr; <strong>1432<\/strong><br \/>(-9 for losing)