|join|Barge7799
|join|KUNG FU TANGA
|join|Kebab mlml
|player|p1|Barge7799|291
|player|p2|KUNG FU TANGA|77
|gametype|singles
|gen|6
|tier|OU
|rated
|clearpoke
|poke|p1|Metagross
|poke|p1|Keldeo
|poke|p1|Talonflame, F
|poke|p1|Latios, M
|poke|p1|Thundurus, M
|poke|p1|Garchomp, F
|poke|p2|Rotom-Wash
|poke|p2|Pangoro, M
|poke|p2|Lopunny, F
|poke|p2|Jirachi
|poke|p2|Landorus, M
|poke|p2|Hawlucha, M
|rule|Swagger Clause: Swagger is banned
|rule|Baton Pass Clause: Limit one PokÃ©mon knowing Baton Pass
|rule|Sleep Clause Mod: Limit one foe put to sleep
|rule|Species Clause: Limit one of each PokÃ©mon
|rule|OHKO Clause: OHKO moves are banned
|rule|Moody Clause: Moody is banned
|rule|Evasion Moves Clause: Evasion moves are banned
|rule|Endless Battle Clause: Forcing endless battles is banned
|rule|HP Percentage Mod: HP is shown in percentages
|teampreview
|join|lord ledian
|join|N is LOL
|join|Fetuss
|join|Orin Necromancer
|
|start
|switch|p1a: Latios|Latios, M|301\/301
|switch|p2a: WONDERWOMAN|Lopunny, F|271\/271
|turn|1
|
|switch|p1a: Talonflame|Talonflame, F|319\/319
|detailschange|p2a: WONDERWOMAN|Lopunny-Mega, F
|-mega|p2a: WONDERWOMAN|Lopunny|Lopunnite
|move|p2a: WONDERWOMAN|Fake Out|p1a: Talonflame
|-damage|p1a: Talonflame|201\/319
|
|turn|2
|
|switch|p2a: AQUAMAN|Rotom-Wash|303\/303
|switch|p1a: Latios|Latios, M|301\/301
|
|turn|3
|
|switch|p1a: Garchomp|Garchomp, F|357\/357
|switch|p2a: SILVERSURFER|Jirachi|401\/401
|
|turn|4
|
|switch|p2a: SAND MAN|Landorus, M|319\/319
|move|p1a: Garchomp|Stealth Rock|p2a: SAND MAN
|-sidestart|p2: KUNG FU TANGA|move: Stealth Rock
|
|turn|5
|
|move|p1a: Garchomp|Outrage|p2a: SAND MAN
|-damage|p2a: SAND MAN|102\/319
|move|p2a: SAND MAN|Stealth Rock|p1a: Garchomp
|-sidestart|p1: Barge7799|move: Stealth Rock
|
|turn|6
|
|switch|p2a: SILVERSURFER|Jirachi|401\/401
|-damage|p2a: SILVERSURFER|376\/401|[from] Stealth Rock
|move|p1a: Garchomp|Outrage|p2a: SILVERSURFER
|-resisted|p2a: SILVERSURFER
|-damage|p2a: SILVERSURFER|274\/401
|
|-end|p1a: Garchomp|rampage
|-start|p1a: Garchomp|confusion
|-heal|p2a: SILVERSURFER|299\/401|[from] item: Leftovers
|turn|7
|
|move|p2a: SILVERSURFER|Protect|p2a: SILVERSURFER
|-singleturn|p2a: SILVERSURFER|Protect
|-activate|p1a: Garchomp|confusion
|-damage|p1a: Garchomp|310\/357|[from] confusion
|
|-heal|p2a: SILVERSURFER|324\/401|[from] item: Leftovers
|turn|8
|
|switch|p2a: SAND MAN|Landorus, M|102\/319
|-damage|p2a: SAND MAN|63\/319|[from] Stealth Rock
|-activate|p1a: Garchomp|confusion
|move|p1a: Garchomp|Earthquake|p2a: SAND MAN
|-immune|p2a: SAND MAN|[msg]
|
|turn|9
|
|-end|p1a: Garchomp|confusion
|move|p1a: Garchomp|Earthquake|p2a: SAND MAN
|-immune|p2a: SAND MAN|[msg]
|move|p2a: SAND MAN|Earth Power|p1a: Garchomp
|-damage|p1a: Garchomp|44\/357
|
|turn|10
|
|move|p1a: Garchomp|Earthquake|p2a: SAND MAN
|-immune|p2a: SAND MAN|[msg]
|move|p2a: SAND MAN|Earth Power|p1a: Garchomp
|-damage|p1a: Garchomp|0 fnt
|faint|p1a: Garchomp
|
|
|switch|p1a: Keldeo|Keldeo|323\/323
|-damage|p1a: Keldeo|303\/323|[from] Stealth Rock
|turn|11
|
|move|p1a: Keldeo|Scald|p2a: SAND MAN
|-supereffective|p2a: SAND MAN
|-damage|p2a: SAND MAN|0 fnt
|faint|p2a: SAND MAN
|
|
|switch|p2a: AQUAMAN|Rotom-Wash|303\/303
|-damage|p2a: AQUAMAN|266\/303|[from] Stealth Rock
|turn|12
|
|move|p1a: Keldeo|Scald|p2a: AQUAMAN
|-resisted|p2a: AQUAMAN
|-damage|p2a: AQUAMAN|202\/303
|move|p2a: AQUAMAN|Volt Switch|p1a: Keldeo
|-supereffective|p1a: Keldeo
|-damage|p1a: Keldeo|111\/323
|
|switch|p2a: SILVERSURFER|Jirachi|324\/401
|-damage|p2a: SILVERSURFER|299\/401|[from] Stealth Rock
|
|-heal|p2a: SILVERSURFER|324\/401|[from] item: Leftovers
|turn|13
|
|switch|p1a: Thundurus|Thundurus, M|299\/299
|-damage|p1a: Thundurus|225\/299|[from] Stealth Rock
|move|p2a: SILVERSURFER|Wish|p2a: SILVERSURFER
|
|-heal|p2a: SILVERSURFER|349\/401|[from] item: Leftovers
|turn|14
|
|move|p1a: Thundurus|Thunderbolt|p2a: SILVERSURFER
|-damage|p2a: SILVERSURFER|196\/401
|-damage|p1a: Thundurus|196\/299|[from] item: Life Orb
|move|p2a: SILVERSURFER|Iron Head|p1a: Thundurus
|-resisted|p1a: Thundurus
|-damage|p1a: Thundurus|126\/299
|
|-heal|p2a: SILVERSURFER|396\/401|[from] move: Wish|[wisher] SILVERSURFER
|-heal|p2a: SILVERSURFER|401\/401|[from] item: Leftovers
|turn|15
|
|move|p1a: Thundurus|Thunder Wave|p2a: SILVERSURFER
|-status|p2a: SILVERSURFER|par
|move|p2a: SILVERSURFER|Wish|p2a: SILVERSURFER
|
|turn|16
|
|switch|p1a: Metagross|Metagross|301\/301
|-damage|p1a: Metagross|283\/301|[from] Stealth Rock
|cant|p2a: SILVERSURFER|par
|
|turn|17
|
|detailschange|p1a: Metagross|Metagross-Mega
|-mega|p1a: Metagross|Metagross|Metagrossite
|move|p1a: Metagross|Substitute|p1a: Metagross
|-start|p1a: Metagross|Substitute
|-damage|p1a: Metagross|208\/301
|move|p2a: SILVERSURFER|U-turn|p1a: Metagross
|-activate|p1a: Metagross|Substitute|[damage]
|
|switch|p2a: AQUAMAN|Rotom-Wash|202\/303
|-damage|p2a: AQUAMAN|165\/303|[from] Stealth Rock
|
|-heal|p2a: AQUAMAN|183\/303|[from] item: Leftovers
|turn|18
|
|move|p1a: Metagross|Zen Headbutt|p2a: AQUAMAN
|-damage|p2a: AQUAMAN|36\/303
|move|p2a: AQUAMAN|Volt Switch|p1a: Metagross
|-end|p1a: Metagross|Substitute
|
|switch|p2a: PO|Pangoro, M|331\/331
|-damage|p2a: PO|311\/331|[from] Stealth Rock
|
|turn|19
|
|move|p1a: Metagross|Hammer Arm|p2a: PO|[miss]
|-miss|p1a: Metagross|p2a: PO
|move|p2a: PO|Knock Off|p1a: Metagross
|-supereffective|p1a: Metagross
|-damage|p1a: Metagross|0 fnt
|faint|p1a: Metagross
|
|c|âBarge7799|LOL
|c|âKUNG FU TANGA|Sry dude
|
|switch|p1a: Latios|Latios, M|301\/301
|-damage|p1a: Latios|264\/301|[from] Stealth Rock
|turn|20
|
|move|p1a: Latios|Defog|p2a: PO
|-unboost|p2a: PO|evasion|1
|-sideend|p2: KUNG FU TANGA|Stealth Rock|[from] move: Defog|[of] p2a: PO
|-sideend|p1: Barge7799|Stealth Rock|[from] move: Defog|[of] p1a: Latios
|move|p2a: PO|Knock Off|p1a: Latios
|-supereffective|p1a: Latios
|-damage|p1a: Latios|0 fnt
|-enditem|p1a: Latios|Life Orb|[from] move: Knock Off|[of] p2a: PO
|faint|p1a: Latios
|
|c|âKUNG FU TANGA|Panda said no
|
|switch|p1a: Talonflame|Talonflame, F|201\/319
|turn|21
|
|move|p1a: Talonflame|Brave Bird|p2a: PO
|-supereffective|p2a: PO
|-damage|p2a: PO|0 fnt
|-damage|p1a: Talonflame|98\/319|[from] recoil|[of] p2a: PO
|faint|p2a: PO
|
|
|switch|p2a: WONDERWOMAN|Lopunny-Mega, F|271\/271
|turn|22
|
|switch|p1a: Keldeo|Keldeo|111\/323
|move|p2a: WONDERWOMAN|Fake Out|p1a: Keldeo
|-damage|p1a: Keldeo|14\/323
|
|turn|23
|
|switch|p2a: AQUAMAN|Rotom-Wash|36\/303
|move|p1a: Keldeo|Secret Sword|p2a: AQUAMAN
|-damage|p2a: AQUAMAN|0 fnt
|faint|p2a: AQUAMAN
|
|
|switch|p2a: REY MISTERIO|Hawlucha, M|300\/300
|turn|24
|
|move|p1a: Keldeo|Secret Sword|p2a: REY MISTERIO
|-resisted|p2a: REY MISTERIO
|-damage|p2a: REY MISTERIO|200\/300
|move|p2a: REY MISTERIO|Substitute|p2a: REY MISTERIO
|-start|p2a: REY MISTERIO|Substitute
|-damage|p2a: REY MISTERIO|125\/300
|-enditem|p2a: REY MISTERIO|Sitrus Berry|[eat]
|-heal|p2a: REY MISTERIO|200\/300|[from] item: Sitrus Berry
|
|turn|25
|
|move|p2a: REY MISTERIO|Acrobatics|p1a: Keldeo
|-supereffective|p1a: Keldeo
|-damage|p1a: Keldeo|0 fnt
|faint|p1a: Keldeo
|
|
|switch|p1a: Talonflame|Talonflame, F|98\/319
|turn|26
|
|move|p1a: Talonflame|Brave Bird|p2a: REY MISTERIO
|-supereffective|p2a: REY MISTERIO
|-end|p2a: REY MISTERIO|Substitute
|-damage|p1a: Talonflame|73\/319|[from] recoil|[of] p2a: REY MISTERIO
|move|p2a: REY MISTERIO|Acrobatics|p1a: Talonflame
|-damage|p1a: Talonflame|0 fnt
|faint|p1a: Talonflame
|
|
|switch|p1a: Thundurus|Thundurus, M|126\/299
|turn|27
|
|move|p1a: Thundurus|Thunder Wave|p2a: REY MISTERIO
|-status|p2a: REY MISTERIO|par
|move|p2a: REY MISTERIO|Acrobatics|p1a: Thundurus
|-resisted|p1a: Thundurus
|-damage|p1a: Thundurus|0 fnt
|faint|p1a: Thundurus
|
|win|KUNG FU TANGA
|raw|Ladder updating...
|raw|Barge7799's rating: 1633 &rarr; <strong>1617<\/strong><br \/>(-16 for losing)
|raw|KUNG FU TANGA's rating: 1701 &rarr; <strong>1717<\/strong><br \/>(+16 for winning)
|leave|Barge7799
|leave|N is LOL
|leave|lord ledian