|join|KUNG FU TANGA
|join|You'reMyWaifu
|player|p1|KUNG FU TANGA|124
|player|p2|You'reMyWaifu|115
|gametype|singles
|gen|6
|tier|OU
|rated
|clearpoke
|poke|p1|Rotom-Wash
|poke|p1|Pangoro, M
|poke|p1|Lopunny, F
|poke|p1|Jirachi
|poke|p1|Landorus, M
|poke|p1|Hawlucha, M
|poke|p2|Zapdos
|poke|p2|Ferrothorn, F
|poke|p2|Heatran, M
|poke|p2|Keldeo
|poke|p2|Metagross
|poke|p2|Landorus-Therian, M
|rule|Swagger Clause: Swagger is banned
|rule|Baton Pass Clause: Limit one PokÃ©mon knowing Baton Pass
|rule|Sleep Clause Mod: Limit one foe put to sleep
|rule|Species Clause: Limit one of each PokÃ©mon
|rule|OHKO Clause: OHKO moves are banned
|rule|Moody Clause: Moody is banned
|rule|Evasion Moves Clause: Evasion moves are banned
|rule|Endless Battle Clause: Forcing endless battles is banned
|rule|HP Percentage Mod: HP is shown in percentages
|teampreview
|join|lord ledian
|join|Toaster9000
|
|start
|switch|p1a: SAND MAN|Landorus, M|319\/319
|switch|p2a: Mixed Cores Fun|Landorus-Therian, M|319\/319
|-ability|p2a: Mixed Cores Fun|Intimidate|[of] p1a: SAND MAN
|-unboost|p1a: SAND MAN|atk|1
|turn|1
|
|move|p2a: Mixed Cores Fun|Knock Off|p1a: SAND MAN
|-damage|p1a: SAND MAN|179\/319
|-enditem|p1a: SAND MAN|Life Orb|[from] move: Knock Off|[of] p2a: Mixed Cores Fun
|move|p1a: SAND MAN|Stealth Rock|p2a: Mixed Cores Fun
|-sidestart|p2: You'reMyWaifu|move: Stealth Rock
|
|turn|2
|
|switch|p2a: Mixed Cores Fun|Ferrothorn, F|352\/352
|-damage|p2a: Mixed Cores Fun|330\/352|[from] Stealth Rock
|move|p1a: SAND MAN|U-turn|p2a: Mixed Cores Fun
|-damage|p2a: Mixed Cores Fun|299\/352
|-damage|p1a: SAND MAN|140\/319|[from] ability: Iron Barbs|[of] p2a: Mixed Cores Fun
|
|switch|p1a: PO|Pangoro, M|331\/331
|
|-heal|p2a: Mixed Cores Fun|321\/352|[from] item: Leftovers
|turn|3
|
|switch|p2a: Mixed Cores Fun|Zapdos|383\/383
|-damage|p2a: Mixed Cores Fun|288\/383|[from] Stealth Rock
|-ability|p2a: Mixed Cores Fun|Pressure
|move|p1a: PO|Superpower|p2a: Mixed Cores Fun
|-resisted|p2a: Mixed Cores Fun
|-damage|p2a: Mixed Cores Fun|139\/383
|-damage|p1a: PO|276\/331|[from] item: Rocky Helmet|[of] p2a: Mixed Cores Fun
|-unboost|p1a: PO|atk|1
|-unboost|p1a: PO|def|1
|
|turn|4
|
|switch|p1a: AQUAMAN|Rotom-Wash|303\/303
|move|p2a: Mixed Cores Fun|Roost|p2a: Mixed Cores Fun
|-heal|p2a: Mixed Cores Fun|331\/383
|
|turn|5
|
|move|p2a: Mixed Cores Fun|Defog|p1a: AQUAMAN
|-unboost|p1a: AQUAMAN|evasion|1
|-sideend|p2: You'reMyWaifu|Stealth Rock|[from] move: Defog|[of] p2a: Mixed Cores Fun
|move|p1a: AQUAMAN|Will-O-Wisp|p2a: Mixed Cores Fun
|-status|p2a: Mixed Cores Fun|brn
|
|-damage|p2a: Mixed Cores Fun|284\/383 brn|[from] brn
|turn|6
|
|switch|p2a: Mixed Cores Fun|Landorus-Therian, M|319\/319
|-ability|p2a: Mixed Cores Fun|Intimidate|[of] p1a: AQUAMAN
|-unboost|p1a: AQUAMAN|atk|1
|move|p1a: AQUAMAN|Volt Switch|p2a: Mixed Cores Fun
|-immune|p2a: Mixed Cores Fun|[msg]
|
|turn|7
|
|move|p2a: Mixed Cores Fun|U-turn|p1a: AQUAMAN
|-damage|p1a: AQUAMAN|241\/303
|
|switch|p2a: Mixed Cores Fun|Ferrothorn, F|321\/352
|move|p1a: AQUAMAN|Volt Switch|p2a: Mixed Cores Fun
|-resisted|p2a: Mixed Cores Fun
|-damage|p2a: Mixed Cores Fun|288\/352
|
|switch|p1a: PO|Pangoro, M|276\/331
|
|-heal|p2a: Mixed Cores Fun|310\/352|[from] item: Leftovers
|turn|8
|
|move|p2a: Mixed Cores Fun|Protect|p2a: Mixed Cores Fun
|-singleturn|p2a: Mixed Cores Fun|Protect
|move|p1a: PO|Knock Off|p2a: Mixed Cores Fun
|-activate|p2a: Mixed Cores Fun|Protect
|
|-heal|p2a: Mixed Cores Fun|332\/352|[from] item: Leftovers
|turn|9
|
|move|p1a: PO|Knock Off|p2a: Mixed Cores Fun
|-damage|p2a: Mixed Cores Fun|124\/352
|-damage|p1a: PO|235\/331|[from] ability: Iron Barbs|[of] p2a: Mixed Cores Fun
|-enditem|p2a: Mixed Cores Fun|Leftovers|[from] move: Knock Off|[of] p1a: PO
|move|p2a: Mixed Cores Fun|Leech Seed|p1a: PO|[miss]
|-miss|p2a: Mixed Cores Fun|p1a: PO
|
|turn|10
|
|move|p1a: PO|Knock Off|p2a: Mixed Cores Fun
|-damage|p2a: Mixed Cores Fun|0 fnt
|-damage|p1a: PO|194\/331|[from] ability: Iron Barbs|[of] p2a: Mixed Cores Fun
|faint|p2a: Mixed Cores Fun
|
|
|switch|p2a: Mixed Cores Fun|Keldeo|323\/323
|turn|11
|
|switch|p1a: SILVERSURFER|Jirachi|401\/401
|move|p2a: Mixed Cores Fun|Substitute|p2a: Mixed Cores Fun
|-start|p2a: Mixed Cores Fun|Substitute
|-damage|p2a: Mixed Cores Fun|243\/323
|
|-heal|p2a: Mixed Cores Fun|263\/323|[from] item: Leftovers
|turn|12
|
|move|p2a: Mixed Cores Fun|Scald|p1a: SILVERSURFER
|-damage|p1a: SILVERSURFER|293\/401
|move|p1a: SILVERSURFER|Iron Head|p2a: Mixed Cores Fun
|-resisted|p2a: Mixed Cores Fun
|-activate|p2a: Mixed Cores Fun|Substitute|[damage]
|
|-heal|p2a: Mixed Cores Fun|283\/323|[from] item: Leftovers
|-heal|p1a: SILVERSURFER|318\/401|[from] item: Leftovers
|turn|13
|
|move|p2a: Mixed Cores Fun|Calm Mind|p2a: Mixed Cores Fun
|-boost|p2a: Mixed Cores Fun|spa|1
|-boost|p2a: Mixed Cores Fun|spd|1
|move|p1a: SILVERSURFER|U-turn|p2a: Mixed Cores Fun
|-resisted|p2a: Mixed Cores Fun
|-end|p2a: Mixed Cores Fun|Substitute
|
|switch|p1a: WONDERWOMAN|Lopunny, F|271\/271
|
|-heal|p2a: Mixed Cores Fun|303\/323|[from] item: Leftovers
|turn|14
|-message|You'reMyWaifu forfeited.
|leave|You'reMyWaifu
|
|switch|p2a: Mixed Cores Fun|Metagross|301\/301
|detailschange|p1a: WONDERWOMAN|Lopunny-Mega, F
|-mega|p1a: WONDERWOMAN|Lopunny|Lopunnite
|move|p1a: WONDERWOMAN|Fake Out|p2a: Mixed Cores Fun
|-resisted|p2a: Mixed Cores Fun
|-damage|p2a: Mixed Cores Fun|265\/301
|
|turn|15
|
|win|KUNG FU TANGA
|raw|Ladder updating...
|player|p2
|raw|KUNG FU TANGA's rating: 1592 &rarr; <strong>1608<\/strong><br \/>(+16 for winning)
|raw|You&apos;reMyWaifu's rating: 1529 &rarr; <strong>1513<\/strong><br \/>(-16 for losing)
|leave|Toaster9000
|leave|lord ledian