|join|Reverb
|join|KUNG FU TANGA
|player|p1|Reverb|#reverb
|player|p2|KUNG FU TANGA|77
|gametype|singles
|gen|6
|tier|OU
|rated
|clearpoke
|poke|p1|Raikou
|poke|p1|Slowbro, M
|poke|p1|Excadrill, F
|poke|p1|Charizard, M
|poke|p1|Landorus-Therian, M
|poke|p1|Chesnaught, F
|poke|p2|Rotom-Wash
|poke|p2|Pangoro, M
|poke|p2|Lopunny, F
|poke|p2|Jirachi
|poke|p2|Landorus, M
|poke|p2|Hawlucha, M
|rule|Swagger Clause: Swagger is banned
|rule|Baton Pass Clause: Limit one PokÃ©mon knowing Baton Pass
|rule|Sleep Clause Mod: Limit one foe put to sleep
|rule|Species Clause: Limit one of each PokÃ©mon
|rule|OHKO Clause: OHKO moves are banned
|rule|Moody Clause: Moody is banned
|rule|Evasion Moves Clause: Evasion moves are banned
|rule|Endless Battle Clause: Forcing endless battles is banned
|rule|HP Percentage Mod: HP is shown in percentages
|teampreview
|join|Alvadora
|join|Cosine180
|join|Cienight
|join|haunter
|join|daftmau5
|join|lord ledian
|join|Bloodz
|c| daftmau5|that team is ballin'
|
|start
|switch|p1a: jellohotdogftw|Landorus-Therian, M|365\/365
|switch|p2a: SAND MAN|Landorus, M|319\/319
|-ability|p1a: jellohotdogftw|Intimidate|[of] p2a: SAND MAN
|-unboost|p2a: SAND MAN|atk|1
|turn|1
|
|move|p2a: SAND MAN|Stealth Rock|p1a: jellohotdogftw
|-sidestart|p1: Reverb|move: Stealth Rock
|move|p1a: jellohotdogftw|Stealth Rock|p2a: SAND MAN
|-sidestart|p2: KUNG FU TANGA|move: Stealth Rock
|
|turn|2
|
|switch|p1a: fatassmax|Slowbro, M|394\/394
|-damage|p1a: fatassmax|345\/394|[from] Stealth Rock
|move|p2a: SAND MAN|Focus Blast|p1a: fatassmax
|-resisted|p1a: fatassmax
|-damage|p1a: fatassmax|227\/394
|
|-heal|p1a: fatassmax|251\/394|[from] item: Leftovers
|turn|3
|join|Crestfall
|join|Julian
|join|JohnTheDoe
|
|switch|p1a: jajajaja|Charizard, M|360\/360
|-damage|p1a: jajajaja|180\/360|[from] Stealth Rock
|move|p2a: SAND MAN|U-turn|p1a: jajajaja
|-resisted|p1a: jajajaja
|-damage|p1a: jajajaja|166\/360
|-damage|p2a: SAND MAN|288\/319|[from] item: Life Orb
|join|hghrider123
|
|switch|p2a: WONDERWOMAN|Lopunny, F|271\/271
|-damage|p2a: WONDERWOMAN|238\/271|[from] Stealth Rock
|
|turn|4
|
|switch|p1a: jellohotdogftw|Landorus-Therian, M|365\/365
|-damage|p1a: jellohotdogftw|320\/365|[from] Stealth Rock
|-ability|p1a: jellohotdogftw|Intimidate|[of] p2a: WONDERWOMAN
|-unboost|p2a: WONDERWOMAN|atk|1
|detailschange|p2a: WONDERWOMAN|Lopunny-Mega, F
|-mega|p2a: WONDERWOMAN|Lopunny|Lopunnite
|move|p2a: WONDERWOMAN|Fake Out|p1a: jellohotdogftw
|-crit|p1a: jellohotdogftw
|-damage|p1a: jellohotdogftw|218\/365
|
|-heal|p1a: jellohotdogftw|240\/365|[from] item: Leftovers
|turn|5
|
|switch|p1a: chimpladdin|Chesnaught, F|380\/380
|-damage|p1a: chimpladdin|357\/380|[from] Stealth Rock
|move|p2a: WONDERWOMAN|Ice Punch|p1a: chimpladdin
|-supereffective|p1a: chimpladdin
|-damage|p1a: chimpladdin|275\/380
|
|-heal|p1a: chimpladdin|298\/380|[from] item: Leftovers
|turn|6
|c| hghrider123|so is an administrator like the system admin for the whole site
|
|switch|p2a: AQUAMAN|Rotom-Wash|303\/303
|-damage|p2a: AQUAMAN|266\/303|[from] Stealth Rock
|move|p1a: chimpladdin|Spikes|p2a: AQUAMAN
|-sidestart|p2: KUNG FU TANGA|Spikes
|
|-heal|p2a: AQUAMAN|284\/303|[from] item: Leftovers
|-heal|p1a: chimpladdin|321\/380|[from] item: Leftovers
|turn|7
|
|switch|p1a: brownentertainment|Excadrill, F|420\/420
|-damage|p1a: brownentertainment|407\/420|[from] Stealth Rock
|-ability|p1a: brownentertainment|Mold Breaker
|move|p2a: AQUAMAN|Volt Switch|p1a: brownentertainment
|-immune|p1a: brownentertainment|[msg]
|
|-heal|p1a: brownentertainment|420\/420|[from] item: Leftovers
|-heal|p2a: AQUAMAN|302\/303|[from] item: Leftovers
|turn|8
|
|move|p1a: brownentertainment|Rapid Spin|p2a: AQUAMAN
|-damage|p2a: AQUAMAN|288\/303
|-sideend|p1: Reverb|Stealth Rock|[from] move: Rapid Spin|[of] p1a: brownentertainment
|move|p2a: AQUAMAN|Will-O-Wisp|p1a: brownentertainment
|-status|p1a: brownentertainment|brn
|
|-heal|p2a: AQUAMAN|303\/303|[from] item: Leftovers
|-damage|p1a: brownentertainment|368\/420 brn|[from] brn
|turn|9
|
|switch|p1a: chimpladdin|Chesnaught, F|321\/380
|move|p2a: AQUAMAN|Volt Switch|p1a: chimpladdin
|-crit|p1a: chimpladdin
|-resisted|p1a: chimpladdin
|-damage|p1a: chimpladdin|236\/380
|join|the dingus account
|leave|Alvadora
|
|switch|p2a: SAND MAN|Landorus, M|288\/319
|-damage|p2a: SAND MAN|249\/319|[from] Stealth Rock
|
|-heal|p1a: chimpladdin|259\/380|[from] item: Leftovers
|turn|10
|
|move|p2a: SAND MAN|Stealth Rock|p1a: chimpladdin
|-sidestart|p1: Reverb|move: Stealth Rock
|move|p1a: chimpladdin|Wood Hammer|p2a: SAND MAN
|-damage|p2a: SAND MAN|84\/319
|-damage|p1a: chimpladdin|205\/380|[from] recoil|[of] p2a: SAND MAN
|
|-heal|p1a: chimpladdin|228\/380|[from] item: Leftovers
|turn|11
|
|move|p1a: chimpladdin|Spiky Shield|p1a: chimpladdin
|-singleturn|p1a: chimpladdin|move: Protect
|move|p2a: SAND MAN|Earth Power|p1a: chimpladdin
|-activate|p1a: chimpladdin|move: Protect
|
|-heal|p1a: chimpladdin|251\/380|[from] item: Leftovers
|turn|12
|
|move|p2a: SAND MAN|Earth Power|p1a: chimpladdin
|-resisted|p1a: chimpladdin
|-damage|p1a: chimpladdin|83\/380
|move|p1a: chimpladdin|Wood Hammer|p2a: SAND MAN
|-damage|p2a: SAND MAN|0 fnt
|-damage|p1a: chimpladdin|55\/380|[from] recoil|[of] p2a: SAND MAN
|faint|p2a: SAND MAN
|
|-heal|p1a: chimpladdin|78\/380|[from] item: Leftovers
|
|switch|p2a: REY MISTERIO|Hawlucha, M|300\/300
|-damage|p2a: REY MISTERIO|263\/300|[from] Stealth Rock
|turn|13
|
|switch|p1a: fatassmax|Slowbro, M|382\/394
|-damage|p1a: fatassmax|333\/394|[from] Stealth Rock
|move|p2a: REY MISTERIO|Substitute|p2a: REY MISTERIO
|-start|p2a: REY MISTERIO|Substitute
|-damage|p2a: REY MISTERIO|188\/300
|
|-heal|p1a: fatassmax|357\/394|[from] item: Leftovers
|turn|14
|
|move|p2a: REY MISTERIO|Swords Dance|p2a: REY MISTERIO
|-boost|p2a: REY MISTERIO|atk|2
|move|p1a: fatassmax|Psyshock|p2a: REY MISTERIO
|-supereffective|p2a: REY MISTERIO
|-end|p2a: REY MISTERIO|Substitute
|
|-heal|p1a: fatassmax|381\/394|[from] item: Leftovers
|turn|15
|join|Omegasization
|
|switch|p2a: AQUAMAN|Rotom-Wash|303\/303
|-damage|p2a: AQUAMAN|266\/303|[from] Stealth Rock
|move|p1a: fatassmax|Psyshock|p2a: AQUAMAN
|-damage|p2a: AQUAMAN|200\/303
|
|-heal|p2a: AQUAMAN|218\/303|[from] item: Leftovers
|-heal|p1a: fatassmax|394\/394|[from] item: Leftovers
|turn|16
|join|DragonPower0210
|
|switch|p1a: brownentertainment|Excadrill, F|368\/420 brn
|-damage|p1a: brownentertainment|355\/420 brn|[from] Stealth Rock
|-ability|p1a: brownentertainment|Mold Breaker
|move|p2a: AQUAMAN|Hydro Pump|p1a: brownentertainment
|-supereffective|p1a: brownentertainment
|-damage|p1a: brownentertainment|113\/420 brn
|
|-heal|p1a: brownentertainment|139\/420 brn|[from] item: Leftovers
|-heal|p2a: AQUAMAN|236\/303|[from] item: Leftovers
|-damage|p1a: brownentertainment|87\/420 brn|[from] brn
|turn|17
|
|move|p1a: brownentertainment|Rapid Spin|p2a: AQUAMAN
|-damage|p2a: AQUAMAN|228\/303
|-sideend|p1: Reverb|Stealth Rock|[from] move: Rapid Spin|[of] p1a: brownentertainment
|move|p2a: AQUAMAN|Hydro Pump|p1a: brownentertainment
|-supereffective|p1a: brownentertainment
|-damage|p1a: brownentertainment|0 fnt
|faint|p1a: brownentertainment
|
|-heal|p2a: AQUAMAN|246\/303|[from] item: Leftovers
|join|BiGGiE
|join|bouffalant12345
|join|shermin vermin
|c|@BiGGiE|jajaja
|
|switch|p1a: jajajaja|Charizard, M|166\/360
|turn|18
|
|detailschange|p1a: jajajaja|Charizard-Mega-X, M
|-mega|p1a: jajajaja|Charizard|Charizardite X
|move|p1a: jajajaja|Roost|p1a: jajajaja
|-heal|p1a: jajajaja|346\/360
|move|p2a: AQUAMAN|Volt Switch|p1a: jajajaja
|-resisted|p1a: jajajaja
|-damage|p1a: jajajaja|310\/360
|join|FreeRoamer
|leave|Omegasization
|
|switch|p2a: REY MISTERIO|Hawlucha, M|188\/300
|-damage|p2a: REY MISTERIO|151\/300|[from] Stealth Rock
|
|turn|19
|
|switch|p2a: PO|Pangoro, M|331\/331
|-damage|p2a: PO|290\/331|[from] Spikes
|-damage|p2a: PO|270\/331|[from] Stealth Rock
|switch|p1a: fatassmax|Slowbro, M|394\/394
|
|turn|20
|
|switch|p1a: chimpladdin|Chesnaught, F|78\/380
|move|p2a: PO|Knock Off|p1a: chimpladdin
|-resisted|p1a: chimpladdin
|-damage|p1a: chimpladdin|0 fnt
|-enditem|p1a: chimpladdin|Leftovers|[from] move: Knock Off|[of] p2a: PO
|faint|p1a: chimpladdin
|
|
|switch|p1a: jellohotdogftw|Landorus-Therian, M|240\/365
|-ability|p1a: jellohotdogftw|Intimidate|[of] p2a: PO
|-unboost|p2a: PO|atk|1
|turn|21
|join|Starmaster
|leave|hghrider123
|c|âKUNG FU TANGA|lag
|leave|KUNG FU TANGA
|player|p2
|join|Soul M8
|leave|Bloodz
|join|KUNG FU TANGA
|player|p2|KUNG FU TANGA|77
|leave|Crestfall
|c|~haunter|there's barely any lag
|
|move|p1a: jellohotdogftw|U-turn|p2a: PO
|-damage|p2a: PO|169\/331
|leave|BiGGiE
|c|âReverb|he means on his ocmp
|c|âReverb|*comp
|
|switch|p1a: jajajaja|Charizard-Mega-X, M|310\/360
|move|p2a: PO|Knock Off|p1a: jajajaja
|-damage|p1a: jajajaja|198\/360
|
|turn|22
|
|switch|p2a: WONDERWOMAN|Lopunny-Mega, F|238\/271
|-damage|p2a: WONDERWOMAN|205\/271|[from] Spikes
|-damage|p2a: WONDERWOMAN|189\/271|[from] Stealth Rock
|move|p1a: jajajaja|Roost|p1a: jajajaja
|-heal|p1a: jajajaja|360\/360
|
|turn|23
|join|DragonTamer99
|
|switch|p2a: PO|Pangoro, M|169\/331
|-damage|p2a: PO|149\/331|[from] Stealth Rock
|-damage|p2a: PO|108\/331|[from] Spikes
|move|p1a: jajajaja|Flare Blitz|p2a: PO
|-damage|p2a: PO|0 fnt
|-damage|p1a: jajajaja|324\/360|[from] recoil|[of] p2a: PO
|faint|p2a: PO
|
|c|âKUNG FU TANGA|Rip
|
|switch|p2a: WONDERWOMAN|Lopunny-Mega, F|189\/271
|-damage|p2a: WONDERWOMAN|173\/271|[from] Stealth Rock
|-damage|p2a: WONDERWOMAN|140\/271|[from] Spikes
|turn|24
|join|Crestfall
|join|Bloodz
|
|switch|p2a: AQUAMAN|Rotom-Wash|246\/303
|-damage|p2a: AQUAMAN|209\/303|[from] Stealth Rock
|move|p1a: jajajaja|Dragon Claw|p2a: AQUAMAN
|-damage|p2a: AQUAMAN|89\/303
|
|-heal|p2a: AQUAMAN|107\/303|[from] item: Leftovers
|turn|25
|-message|KUNG FU TANGA forfeited.
|
|win|Reverb
|raw|Ladder updating...
|leave|KUNG FU TANGA
|player|p2
|raw|Reverb's rating: 1719 &rarr; <strong>1741<\/strong><br \/>(+22 for winning)
|raw|KUNG FU TANGA's rating: 1756 &rarr; <strong>1734<\/strong><br \/>(-22 for losing)
|leave|Bloodz
|leave|Crestfall
|leave|lord ledian