|join|StarZabRighT
|join|KUNG FU TANGA
|join|lord ledian
|player|p1|StarZabRighT|274
|player|p2|KUNG FU TANGA|124
|gametype|singles
|gen|6
|tier|OU
|rated
|clearpoke
|poke|p1|Chansey, F
|poke|p1|Charizard, M
|poke|p1|Tyranitar, F
|poke|p1|Skarmory, M
|poke|p1|Latios, M
|poke|p1|Azumarill, F
|poke|p2|Rotom-Wash
|poke|p2|Pangoro, M
|poke|p2|Lopunny, F
|poke|p2|Jirachi
|poke|p2|Landorus, M
|poke|p2|Hawlucha, M
|rule|Swagger Clause: Swagger is banned
|rule|Baton Pass Clause: Limit one PokÃ©mon knowing Baton Pass
|rule|Sleep Clause Mod: Limit one foe put to sleep
|rule|Species Clause: Limit one of each PokÃ©mon
|rule|OHKO Clause: OHKO moves are banned
|rule|Moody Clause: Moody is banned
|rule|Evasion Moves Clause: Evasion moves are banned
|rule|Endless Battle Clause: Forcing endless battles is banned
|rule|HP Percentage Mod: HP is shown in percentages
|teampreview
|
|start
|switch|p1a: Latios|Latios, M|301\/301
|switch|p2a: WONDERWOMAN|Lopunny, F|271\/271
|turn|1
|
|switch|p1a: Skarmory|Skarmory, M|333\/333
|detailschange|p2a: WONDERWOMAN|Lopunny-Mega, F
|-mega|p2a: WONDERWOMAN|Lopunny|Lopunnite
|move|p2a: WONDERWOMAN|Fake Out|p1a: Skarmory
|-resisted|p1a: Skarmory
|-damage|p1a: Skarmory|311\/333
|
|turn|2
|
|switch|p2a: SAND MAN|Landorus, M|319\/319
|move|p1a: Skarmory|Stealth Rock|p2a: SAND MAN
|-sidestart|p2: KUNG FU TANGA|move: Stealth Rock
|
|turn|3
|join|I Need A TwiiXx
|
|switch|p1a: Chansey|Chansey, F|643\/643
|move|p2a: SAND MAN|Stealth Rock|p1a: Chansey
|-sidestart|p1: StarZabRighT|move: Stealth Rock
|
|turn|4
|
|move|p2a: SAND MAN|U-turn|p1a: Chansey
|-damage|p1a: Chansey|542\/643
|-damage|p2a: SAND MAN|288\/319|[from] item: Life Orb
|
|switch|p2a: SILVERSURFER|Jirachi|401\/401
|-damage|p2a: SILVERSURFER|376\/401|[from] Stealth Rock
|move|p1a: Chansey|Seismic Toss|p2a: SILVERSURFER
|-damage|p2a: SILVERSURFER|276\/401
|
|-heal|p2a: SILVERSURFER|301\/401|[from] item: Leftovers
|turn|5
|
|switch|p1a: Tyranitar|Tyranitar, F|341\/341
|-damage|p1a: Tyranitar|299\/341|[from] Stealth Rock
|-weather|Sandstorm
|move|p2a: SILVERSURFER|U-turn|p1a: Tyranitar
|-supereffective|p1a: Tyranitar
|-damage|p1a: Tyranitar|191\/341
|
|switch|p2a: SAND MAN|Landorus, M|288\/319
|-damage|p2a: SAND MAN|249\/319|[from] Stealth Rock
|
|-weather|Sandstorm|[upkeep]
|turn|6
|
|switch|p1a: Skarmory|Skarmory, M|311\/333
|-damage|p1a: Skarmory|270\/333|[from] Stealth Rock
|move|p2a: SAND MAN|Earth Power|p1a: Skarmory
|-immune|p1a: Skarmory|[msg]
|
|-weather|Sandstorm|[upkeep]
|turn|7
|
|move|p2a: SAND MAN|Focus Blast|p1a: Skarmory
|-damage|p1a: Skarmory|0 fnt
|faint|p1a: Skarmory
|
|-weather|Sandstorm|[upkeep]
|
|switch|p1a: Latios|Latios, M|301\/301
|-damage|p1a: Latios|264\/301|[from] Stealth Rock
|turn|8
|
|switch|p2a: SILVERSURFER|Jirachi|301\/401
|-damage|p2a: SILVERSURFER|276\/401|[from] Stealth Rock
|move|p1a: Latios|Draco Meteor|p2a: SILVERSURFER|[miss]
|-miss|p1a: Latios|p2a: SILVERSURFER
|
|-weather|Sandstorm|[upkeep]
|-damage|p1a: Latios|246\/301|[from] sandstorm
|-heal|p2a: SILVERSURFER|301\/401|[from] item: Leftovers
|turn|9
|
|switch|p1a: Chansey|Chansey, F|542\/643
|-damage|p1a: Chansey|462\/643|[from] Stealth Rock
|move|p2a: SILVERSURFER|U-turn|p1a: Chansey
|-damage|p1a: Chansey|395\/643
|
|switch|p2a: PO|Pangoro, M|331\/331
|-damage|p2a: PO|311\/331|[from] Stealth Rock
|
|-weather|none
|turn|10
|
|switch|p1a: Tyranitar|Tyranitar, F|191\/341
|-damage|p1a: Tyranitar|149\/341|[from] Stealth Rock
|-weather|Sandstorm
|move|p2a: PO|Gunk Shot|p1a: Tyranitar
|-resisted|p1a: Tyranitar
|-damage|p1a: Tyranitar|39\/341
|
|-weather|Sandstorm|[upkeep]
|-damage|p2a: PO|291\/331|[from] sandstorm
|turn|11
|
|move|p1a: Tyranitar|Earthquake|p2a: PO
|-damage|p2a: PO|136\/331
|move|p2a: PO|Gunk Shot|p1a: Tyranitar
|-resisted|p1a: Tyranitar
|-damage|p1a: Tyranitar|0 fnt
|faint|p1a: Tyranitar
|
|-weather|Sandstorm|[upkeep]
|-damage|p2a: PO|116\/331|[from] sandstorm
|
|switch|p1a: Latios|Latios, M|246\/301
|-damage|p1a: Latios|209\/301|[from] Stealth Rock
|turn|12
|
|switch|p2a: SILVERSURFER|Jirachi|301\/401
|-damage|p2a: SILVERSURFER|276\/401|[from] Stealth Rock
|move|p1a: Latios|Draco Meteor|p2a: SILVERSURFER
|-resisted|p2a: SILVERSURFER
|-damage|p2a: SILVERSURFER|159\/401
|-unboost|p1a: Latios|spa|2
|-damage|p1a: Latios|179\/301|[from] item: Life Orb
|
|-weather|Sandstorm|[upkeep]
|-damage|p1a: Latios|161\/301|[from] sandstorm
|-heal|p2a: SILVERSURFER|184\/401|[from] item: Leftovers
|turn|13
|
|move|p1a: Latios|Earthquake|p2a: SILVERSURFER
|-crit|p2a: SILVERSURFER
|-supereffective|p2a: SILVERSURFER
|-damage|p2a: SILVERSURFER|0 fnt
|-damage|p1a: Latios|131\/301|[from] item: Life Orb
|faint|p2a: SILVERSURFER
|
|-weather|Sandstorm|[upkeep]
|-damage|p1a: Latios|113\/301|[from] sandstorm
|
|switch|p2a: WONDERWOMAN|Lopunny-Mega, F|271\/271
|-damage|p2a: WONDERWOMAN|255\/271|[from] Stealth Rock
|turn|14
|
|switch|p1a: Chansey|Chansey, F|395\/643
|-damage|p1a: Chansey|315\/643|[from] Stealth Rock
|move|p2a: WONDERWOMAN|Return|p1a: Chansey
|-damage|p1a: Chansey|51\/643
|
|-weather|none
|turn|15
|
|move|p2a: WONDERWOMAN|Return|p1a: Chansey
|-damage|p1a: Chansey|0 fnt
|faint|p1a: Chansey
|
|
|switch|p1a: Azumarill|Azumarill, F|404\/404
|-damage|p1a: Azumarill|354\/404|[from] Stealth Rock
|turn|16
|
|switch|p2a: SAND MAN|Landorus, M|249\/319
|-damage|p2a: SAND MAN|210\/319|[from] Stealth Rock
|move|p1a: Azumarill|Play Rough|p2a: SAND MAN
|-damage|p2a: SAND MAN|0 fnt
|faint|p2a: SAND MAN
|
|
|switch|p2a: PO|Pangoro, M|116\/331
|-damage|p2a: PO|96\/331|[from] Stealth Rock
|turn|17
|
|move|p1a: Azumarill|Aqua Jet|p2a: PO
|-damage|p2a: PO|0 fnt
|faint|p2a: PO
|
|
|switch|p2a: WONDERWOMAN|Lopunny-Mega, F|255\/271
|-damage|p2a: WONDERWOMAN|239\/271|[from] Stealth Rock
|turn|18
|
|move|p2a: WONDERWOMAN|Fake Out|p1a: Azumarill
|-damage|p1a: Azumarill|255\/404
|cant|p1a: Azumarill|flinch
|
|turn|19
|
|switch|p2a: AQUAMAN|Rotom-Wash|303\/303
|-damage|p2a: AQUAMAN|266\/303|[from] Stealth Rock
|move|p1a: Azumarill|Play Rough|p2a: AQUAMAN
|-damage|p2a: AQUAMAN|116\/303
|
|-heal|p2a: AQUAMAN|134\/303|[from] item: Leftovers
|turn|20
|
|switch|p1a: Latios|Latios, M|113\/301
|-damage|p1a: Latios|76\/301|[from] Stealth Rock
|move|p2a: AQUAMAN|Volt Switch|p1a: Latios
|-resisted|p1a: Latios
|-damage|p1a: Latios|35\/301
|
|switch|p2a: WONDERWOMAN|Lopunny-Mega, F|239\/271
|-damage|p2a: WONDERWOMAN|223\/271|[from] Stealth Rock
|
|turn|21
|
|move|p2a: WONDERWOMAN|Return|p1a: Latios
|-damage|p1a: Latios|0 fnt
|faint|p1a: Latios
|
|
|switch|p1a: Azumarill|Azumarill, F|255\/404
|-damage|p1a: Azumarill|205\/404|[from] Stealth Rock
|turn|22
|
|move|p2a: WONDERWOMAN|Return|p1a: Azumarill
|-damage|p1a: Azumarill|0 fnt
|faint|p1a: Azumarill
|
|c|âStarZabRighT|gg
|c|âKUNG FU TANGA|gg
|c|âStarZabRighT|if i ihad taken 1% more
|c|âStarZabRighT|sitrus would activate
|c|âStarZabRighT|oh well
|c|âStarZabRighT|gg none the less
|c|âKUNG FU TANGA|rotom
|c|âKUNG FU TANGA|would have won
|
|switch|p1a: Charizard|Charizard, M|297\/297
|-damage|p1a: Charizard|149\/297|[from] Stealth Rock
|turn|23
|c|âKUNG FU TANGA|the same
|c|âKUNG FU TANGA|'-'
|c|âStarZabRighT|yeah i guess
|
|detailschange|p1a: Charizard|Charizard-Mega-Y, M
|-mega|p1a: Charizard|Charizard|Charizardite Y
|-weather|SunnyDay
|move|p2a: WONDERWOMAN|Return|p1a: Charizard
|-damage|p1a: Charizard|0 fnt
|faint|p1a: Charizard
|
|win|KUNG FU TANGA
|raw|Ladder updating...
|raw|StarZabRighT's rating: 1660 &rarr; <strong>1634<\/strong><br \/>(-26 for losing)
|raw|KUNG FU TANGA's rating: 1567 &rarr; <strong>1592<\/strong><br \/>(+25 for winning)
|leave|StarZabRighT