|join|HellfireNJNP
|join|KUNG FU TANGA
|player|p1|HellfireNJNP|266
|player|p2|KUNG FU TANGA|106
|gametype|singles
|gen|6
|tier|OU
|rated
|clearpoke
|poke|p1|Metagross
|poke|p1|Landorus-Therian, M
|poke|p1|Keldeo-Resolute
|poke|p1|Ferrothorn, M
|poke|p1|Azumarill, M
|poke|p1|Bisharp, F
|poke|p2|Quagsire, F
|poke|p2|Altaria, F
|poke|p2|Jirachi
|poke|p2|Amoonguss, F, shiny
|poke|p2|Latias, F
|poke|p2|Furfrou, F
|rule|Swagger Clause: Swagger is banned
|rule|Baton Pass Clause: Limit one PokÃ©mon knowing Baton Pass
|rule|Sleep Clause Mod: Limit one foe put to sleep
|rule|Species Clause: Limit one of each PokÃ©mon
|rule|OHKO Clause: OHKO moves are banned
|rule|Moody Clause: Moody is banned
|rule|Evasion Moves Clause: Evasion moves are banned
|rule|Endless Battle Clause: Forcing endless battles is banned
|rule|HP Percentage Mod: HP is shown in percentages
|teampreview
|
|start
|switch|p1a: Metagross|Metagross|301\/301
|switch|p2a: Diana|Furfrou, F|353\/353
|turn|1
|join|lord ledian
|
|detailschange|p1a: Metagross|Metagross-Mega
|-mega|p1a: Metagross|Metagross|Metagrossite
|move|p1a: Metagross|Hone Claws|p1a: Metagross
|-boost|p1a: Metagross|atk|1
|-boost|p1a: Metagross|accuracy|1
|move|p2a: Diana|Cotton Guard|p2a: Diana
|-boost|p2a: Diana|def|3
|
|turn|2
|
|move|p1a: Metagross|Dynamic Punch|p2a: Diana
|-supereffective|p2a: Diana
|-damage|p2a: Diana|245\/353
|-start|p2a: Diana|confusion
|-activate|p2a: Diana|confusion
|move|p2a: Diana|Cotton Guard|p2a: Diana
|-boost|p2a: Diana|def|3
|
|-heal|p2a: Diana|267\/353|[from] item: Leftovers
|turn|3
|
|-end|p2a: Diana|confusion
|move|p2a: Diana|Baby-Doll Eyes|p1a: Metagross
|-unboost|p1a: Metagross|atk|1
|move|p1a: Metagross|Hone Claws|p1a: Metagross
|-boost|p1a: Metagross|atk|1
|-boost|p1a: Metagross|accuracy|1
|
|-heal|p2a: Diana|289\/353|[from] item: Leftovers
|turn|4
|
|move|p2a: Diana|Baby-Doll Eyes|p1a: Metagross
|-unboost|p1a: Metagross|atk|1
|move|p1a: Metagross|Dynamic Punch|p2a: Diana
|-supereffective|p2a: Diana
|-damage|p2a: Diana|243\/353
|-start|p2a: Diana|confusion
|
|-heal|p2a: Diana|265\/353|[from] item: Leftovers
|turn|5
|
|-activate|p2a: Diana|confusion
|move|p2a: Diana|Baby-Doll Eyes|p1a: Metagross
|-unboost|p1a: Metagross|atk|1
|move|p1a: Metagross|Hone Claws|p1a: Metagross
|-boost|p1a: Metagross|atk|1
|-boost|p1a: Metagross|accuracy|1
|
|-heal|p2a: Diana|287\/353|[from] item: Leftovers
|turn|6
|
|-end|p2a: Diana|confusion
|move|p2a: Diana|Baby-Doll Eyes|p1a: Metagross
|-unboost|p1a: Metagross|atk|1
|move|p1a: Metagross|Hone Claws|p1a: Metagross
|-boost|p1a: Metagross|atk|1
|-boost|p1a: Metagross|accuracy|1
|
|-heal|p2a: Diana|309\/353|[from] item: Leftovers
|turn|7
|c|âHellfireNJNP|LOL
|
|move|p2a: Diana|Baby-Doll Eyes|p1a: Metagross
|-unboost|p1a: Metagross|atk|1
|move|p1a: Metagross|Dynamic Punch|p2a: Diana
|-supereffective|p2a: Diana
|-damage|p2a: Diana|281\/353
|-start|p2a: Diana|confusion
|
|-heal|p2a: Diana|303\/353|[from] item: Leftovers
|turn|8
|
|-activate|p2a: Diana|confusion
|-damage|p2a: Diana|299\/353|[from] confusion
|move|p1a: Metagross|Hone Claws|p1a: Metagross
|-boost|p1a: Metagross|atk|1
|-boost|p1a: Metagross|accuracy|1
|
|-heal|p2a: Diana|321\/353|[from] item: Leftovers
|turn|9
|
|-activate|p2a: Diana|confusion
|-damage|p2a: Diana|317\/353|[from] confusion
|move|p1a: Metagross|Hone Claws|p1a: Metagross
|-boost|p1a: Metagross|atk|1
|-boost|p1a: Metagross|accuracy|1
|
|-heal|p2a: Diana|339\/353|[from] item: Leftovers
|turn|10
|
|-activate|p2a: Diana|confusion
|-damage|p2a: Diana|335\/353|[from] confusion
|move|p1a: Metagross|Dynamic Punch|p2a: Diana
|-supereffective|p2a: Diana
|-damage|p2a: Diana|271\/353
|
|-heal|p2a: Diana|293\/353|[from] item: Leftovers
|turn|11
|
|-activate|p2a: Diana|confusion
|-damage|p2a: Diana|289\/353|[from] confusion
|move|p1a: Metagross|Dynamic Punch|p2a: Diana
|-supereffective|p2a: Diana
|-damage|p2a: Diana|227\/353
|
|-heal|p2a: Diana|249\/353|[from] item: Leftovers
|turn|12
|c|âKUNG FU TANGA|lmao
|c|âKUNG FU TANGA|5 times
|
|-end|p2a: Diana|confusion
|move|p2a: Diana|Baby-Doll Eyes|p1a: Metagross
|-unboost|p1a: Metagross|atk|1
|move|p1a: Metagross|Dynamic Punch|p2a: Diana
|-supereffective|p2a: Diana
|-damage|p2a: Diana|203\/353
|-start|p2a: Diana|confusion
|
|-heal|p2a: Diana|225\/353|[from] item: Leftovers
|turn|13
|
|-activate|p2a: Diana|confusion
|-damage|p2a: Diana|221\/353|[from] confusion
|move|p1a: Metagross|Hone Claws|p1a: Metagross
|-boost|p1a: Metagross|atk|1
|
|-heal|p2a: Diana|243\/353|[from] item: Leftovers
|turn|14
|
|-activate|p2a: Diana|confusion
|-damage|p2a: Diana|238\/353|[from] confusion
|move|p1a: Metagross|Meteor Mash|p2a: Diana
|-damage|p2a: Diana|198\/353
|
|-heal|p2a: Diana|220\/353|[from] item: Leftovers
|turn|15
|c|âKUNG FU TANGA|Are you fucking kidding me?
|
|switch|p1a: Ferrothorn|Ferrothorn, M|351\/351
|-activate|p2a: Diana|confusion
|move|p2a: Diana|Baby-Doll Eyes|p1a: Ferrothorn
|-unboost|p1a: Ferrothorn|atk|1
|
|-heal|p2a: Diana|242\/353|[from] item: Leftovers
|turn|16
|
|switch|p2a: Mary|Jirachi|403\/403
|move|p1a: Ferrothorn|Stealth Rock|p2a: Mary
|-sidestart|p2: KUNG FU TANGA|move: Stealth Rock
|
|turn|17
|
|move|p2a: Mary|Stealth Rock|p1a: Ferrothorn
|-sidestart|p1: HellfireNJNP|move: Stealth Rock
|move|p1a: Ferrothorn|Leech Seed|p2a: Mary
|-start|p2a: Mary|move: Leech Seed
|
|-damage|p2a: Mary|353\/403|[from] Leech Seed|[of] p1a: Ferrothorn
|turn|18
|
|switch|p2a: Esmeralda|Amoonguss, F, shiny|417\/417
|-damage|p2a: Esmeralda|365\/417|[from] Stealth Rock
|switch|p1a: Landorus-Therian|Landorus-Therian, M|320\/320
|-damage|p1a: Landorus-Therian|280\/320|[from] Stealth Rock
|-ability|p1a: Landorus-Therian|Intimidate|[of] p2a: Esmeralda
|-unboost|p2a: Esmeralda|atk|1
|
|-heal|p2a: Esmeralda|391\/417|[from] item: Black Sludge
|turn|19
|
|move|p1a: Landorus-Therian|U-turn|p2a: Esmeralda
|-damage|p2a: Esmeralda|285\/417
|
|switch|p1a: Bisharp|Bisharp, F|271\/271
|-damage|p1a: Bisharp|255\/271|[from] Stealth Rock
|move|p2a: Esmeralda|Spore|p1a: Bisharp
|-status|p1a: Bisharp|slp
|
|-heal|p2a: Esmeralda|311\/417|[from] item: Black Sludge
|turn|20
|
|switch|p1a: Keldeo-Resolute|Keldeo-Resolute|324\/324
|-damage|p1a: Keldeo-Resolute|304\/324|[from] Stealth Rock
|move|p2a: Esmeralda|Giga Drain|p1a: Keldeo-Resolute
|-crit|p1a: Keldeo-Resolute
|-supereffective|p1a: Keldeo-Resolute
|-damage|p1a: Keldeo-Resolute|56\/324
|-heal|p2a: Esmeralda|417\/417|[from] drain|[of] p1a: Keldeo-Resolute
|
|-heal|p1a: Keldeo-Resolute|76\/324|[from] item: Leftovers
|turn|21
|
|switch|p1a: Bisharp|Bisharp, F|255\/271 slp
|-damage|p1a: Bisharp|239\/271 slp|[from] Stealth Rock
|move|p2a: Esmeralda|Giga Drain|p1a: Bisharp
|-resisted|p1a: Bisharp
|-damage|p1a: Bisharp|188\/271 slp
|
|turn|22
|
|switch|p2a: Adelaide|Quagsire, F|393\/393
|-damage|p2a: Adelaide|369\/393|[from] Stealth Rock
|cant|p1a: Bisharp|slp
|
|-heal|p2a: Adelaide|393\/393|[from] item: Leftovers
|turn|23
|
|-curestatus|p1a: Bisharp|slp
|move|p1a: Bisharp|Knock Off|p2a: Adelaide
|-damage|p2a: Adelaide|214\/393
|-enditem|p2a: Adelaide|Leftovers|[from] move: Knock Off|[of] p1a: Bisharp
|-damage|p1a: Bisharp|161\/271|[from] item: Life Orb
|move|p2a: Adelaide|Earthquake|p1a: Bisharp
|-supereffective|p1a: Bisharp
|-damage|p1a: Bisharp|0 fnt
|faint|p1a: Bisharp
|
|
|switch|p1a: Keldeo-Resolute|Keldeo-Resolute|76\/324
|-damage|p1a: Keldeo-Resolute|56\/324|[from] Stealth Rock
|turn|24
|
|switch|p2a: Elizabeth|Altaria, F|351\/351
|-damage|p2a: Elizabeth|264\/351|[from] Stealth Rock
|move|p1a: Keldeo-Resolute|Scald|p2a: Elizabeth
|-resisted|p2a: Elizabeth
|-damage|p2a: Elizabeth|205\/351
|
|-heal|p1a: Keldeo-Resolute|76\/324|[from] item: Leftovers
|turn|25
|
|detailschange|p2a: Elizabeth|Altaria-Mega, F
|-mega|p2a: Elizabeth|Altaria|Altarianite
|move|p1a: Keldeo-Resolute|Scald|p2a: Elizabeth
|-resisted|p2a: Elizabeth
|-damage|p2a: Elizabeth|148\/351
|move|p2a: Elizabeth|Roost|p2a: Elizabeth
|-heal|p2a: Elizabeth|324\/351
|
|-heal|p1a: Keldeo-Resolute|96\/324|[from] item: Leftovers
|turn|26
|
|move|p1a: Keldeo-Resolute|Scald|p2a: Elizabeth
|-resisted|p2a: Elizabeth
|-damage|p2a: Elizabeth|267\/351
|move|p2a: Elizabeth|Hyper Voice|p1a: Keldeo-Resolute
|-crit|p1a: Keldeo-Resolute
|-supereffective|p1a: Keldeo-Resolute
|-damage|p1a: Keldeo-Resolute|0 fnt
|faint|p1a: Keldeo-Resolute
|
|
|switch|p1a: Metagross|Metagross-Mega|301\/301
|-damage|p1a: Metagross|283\/301|[from] Stealth Rock
|turn|27
|
|switch|p2a: Mary|Jirachi|353\/403
|-damage|p2a: Mary|328\/403|[from] Stealth Rock
|move|p1a: Metagross|Hone Claws|p1a: Metagross
|-boost|p1a: Metagross|atk|1
|-boost|p1a: Metagross|accuracy|1
|
|-heal|p2a: Mary|353\/403|[from] item: Leftovers
|turn|28
|
|move|p1a: Metagross|Hone Claws|p1a: Metagross
|-boost|p1a: Metagross|atk|1
|-boost|p1a: Metagross|accuracy|1
|move|p2a: Mary|Wish|p2a: Mary
|
|-heal|p2a: Mary|378\/403|[from] item: Leftovers
|turn|29
|
|switch|p2a: Adelaide|Quagsire, F|214\/393
|-damage|p2a: Adelaide|190\/393|[from] Stealth Rock
|move|p1a: Metagross|Meteor Mash|p2a: Adelaide
|-resisted|p2a: Adelaide
|-damage|p2a: Adelaide|94\/393
|
|-heal|p2a: Adelaide|295\/393|[from] move: Wish|[wisher] Mary
|turn|30
|
|move|p1a: Metagross|Dynamic Punch|p2a: Adelaide
|-damage|p2a: Adelaide|148\/393
|-start|p2a: Adelaide|confusion
|-activate|p2a: Adelaide|confusion
|-damage|p2a: Adelaide|127\/393|[from] confusion
|
|turn|31
|c|âKUNG FU TANGA|i attacked
|c|âKUNG FU TANGA|like
|c|âKUNG FU TANGA|2\/10
|c|âHellfireNJNP|and people say this set is bad lol
|c|âKUNG FU TANGA|Nope, this is great but in the right hand
|c|âKUNG FU TANGA|i've no luck
|c|âKUNG FU TANGA|so is useless for me
|c|âHellfireNJNP|bro last game i had to luck
|c|âKUNG FU TANGA|but in your hand...
|c|âHellfireNJNP|*no
|
|move|p1a: Metagross|Dynamic Punch|p2a: Adelaide|[miss]
|-miss|p1a: Metagross|p2a: Adelaide
|-activate|p2a: Adelaide|confusion
|-damage|p2a: Adelaide|104\/393|[from] confusion
|
|turn|32
|c|âHellfireNJNP|damn.
|c|âKUNG FU TANGA|Lmao
|c|âKUNG FU TANGA|again....
|c|âHellfireNJNP|this is physcial defensvie right?
|c|âKUNG FU TANGA|My quag?
|c|âKUNG FU TANGA|y
|c|âHellfireNJNP|252 Atk Tough Claws Mega Metagross Ice Punch vs. 252 HP \/ 252+ Def Quagsire: 95-112 (24.1 - 28.4%)
|c|âHellfireNJNP|have to do max
|c|âHellfireNJNP|if it is
|
|move|p1a: Metagross|Ice Punch|p2a: Adelaide
|-damage|p2a: Adelaide|8\/393
|-activate|p2a: Adelaide|confusion
|move|p2a: Adelaide|Recover|p2a: Adelaide
|-heal|p2a: Adelaide|205\/393
|
|turn|33
|c|âHellfireNJNP|gg
|c|âHellfireNJNP|u won
|
|move|p1a: Metagross|Ice Punch|p2a: Adelaide
|-damage|p2a: Adelaide|105\/393
|-status|p2a: Adelaide|frz
|cant|p2a: Adelaide|frz
|
|turn|34
|c|âHellfireNJNP|0.0
|c|âKUNG FU TANGA|.-.
|c|âHellfireNJNP|WOW
|c|âKUNG FU TANGA|What about fuck you
|c|âKUNG FU TANGA|lol
|
|move|p1a: Metagross|Ice Punch|p2a: Adelaide
|-damage|p2a: Adelaide|8\/393 frz
|-curestatus|p2a: Adelaide|frz
|-activate|p2a: Adelaide|confusion
|-damage|p2a: Adelaide|0 fnt|[from] confusion
|faint|p2a: Adelaide
|
|c|âKUNG FU TANGA|LMAO
|c|âKUNG FU TANGA|You can only win so
|c|âKUNG FU TANGA|fuck you.
|-message|KUNG FU TANGA forfeited.
|
|win|HellfireNJNP
|raw|Ladder updating...
|leave|KUNG FU TANGA
|player|p2
|raw|HellfireNJNP's rating: 1622 &rarr; <strong>1645<\/strong><br \/>(+23 for winning)
|raw|KUNG FU TANGA's rating: 1672 &rarr; <strong>1649<\/strong><br \/>(-23 for losing)
|leave|lord ledian