|join|Hachimaki98
|join|KUNG FU TANGA
|player|p1|Hachimaki98|265
|player|p2|KUNG FU TANGA|124
|gametype|singles
|gen|6
|tier|OU
|clearpoke
|poke|p1|Lopunny, F, shiny
|poke|p1|Keldeo-Resolute
|poke|p1|Tyranitar, M
|poke|p1|Amoonguss, F, shiny
|poke|p1|Heatran, M
|poke|p1|Latios, M
|poke|p2|Rotom-Wash
|poke|p2|Pangoro, M
|poke|p2|Lopunny, F
|poke|p2|Jirachi
|poke|p2|Landorus, M
|poke|p2|Hawlucha, M
|rule|Swagger Clause: Swagger is banned
|rule|Baton Pass Clause: Limit one PokÃ©mon knowing Baton Pass
|rule|Sleep Clause Mod: Limit one foe put to sleep
|rule|Species Clause: Limit one of each PokÃ©mon
|rule|OHKO Clause: OHKO moves are banned
|rule|Moody Clause: Moody is banned
|rule|Evasion Moves Clause: Evasion moves are banned
|rule|Endless Battle Clause: Forcing endless battles is banned
|rule|HP Percentage Mod: HP is shown in percentages
|teampreview
|join|lord ledian
|
|start
|switch|p1a: Touka|Lopunny, F, shiny|271\/271
|switch|p2a: AQUAMAN|Rotom-Wash|303\/303
|turn|1
|
|detailschange|p1a: Touka|Lopunny-Mega, F, shiny
|-mega|p1a: Touka|Lopunny|Lopunnite
|move|p1a: Touka|Fake Out|p2a: AQUAMAN
|-damage|p2a: AQUAMAN|248\/303
|cant|p2a: AQUAMAN|flinch
|
|-heal|p2a: AQUAMAN|266\/303|[from] item: Leftovers
|turn|2
|
|switch|p1a: Yoshimura|Heatran, M|323\/323
|move|p2a: AQUAMAN|Volt Switch|p1a: Yoshimura
|-damage|p1a: Yoshimura|241\/323
|
|switch|p2a: PO|Pangoro, M|331\/331
|
|turn|3
|
|move|p1a: Yoshimura|Fire Blast|p2a: PO
|-damage|p2a: PO|51\/331
|move|p2a: PO|Knock Off|p1a: Yoshimura
|-damage|p1a: Yoshimura|0 fnt
|-enditem|p1a: Yoshimura|Choice Scarf|[from] move: Knock Off|[of] p2a: PO
|faint|p1a: Yoshimura
|
|
|switch|p1a: Diabel|Keldeo-Resolute|324\/324
|turn|4
|
|switch|p2a: AQUAMAN|Rotom-Wash|266\/303
|move|p1a: Diabel|Substitute|p1a: Diabel
|-start|p1a: Diabel|Substitute
|-damage|p1a: Diabel|243\/324
|
|-heal|p1a: Diabel|263\/324|[from] item: Leftovers
|-heal|p2a: AQUAMAN|284\/303|[from] item: Leftovers
|turn|5
|
|move|p1a: Diabel|Secret Sword|p2a: AQUAMAN
|-damage|p2a: AQUAMAN|185\/303
|move|p2a: AQUAMAN|Volt Switch|p1a: Diabel
|-supereffective|p1a: Diabel
|-end|p1a: Diabel|Substitute
|
|switch|p2a: WONDERWOMAN|Lopunny, F|271\/271
|
|-heal|p1a: Diabel|283\/324|[from] item: Leftovers
|turn|6
|
|detailschange|p2a: WONDERWOMAN|Lopunny-Mega, F
|-mega|p2a: WONDERWOMAN|Lopunny|Lopunnite
|move|p2a: WONDERWOMAN|Fake Out|p1a: Diabel
|-damage|p1a: Diabel|198\/324
|cant|p1a: Diabel|flinch
|
|-heal|p1a: Diabel|218\/324|[from] item: Leftovers
|turn|7
|
|switch|p1a: Mifune|Amoonguss, F, shiny|431\/431
|move|p2a: WONDERWOMAN|Return|p1a: Mifune
|-damage|p1a: Mifune|254\/431
|
|-heal|p1a: Mifune|280\/431|[from] item: Black Sludge
|turn|8
|
|switch|p2a: SILVERSURFER|Jirachi|401\/401
|move|p1a: Mifune|Spore|p2a: SILVERSURFER
|-status|p2a: SILVERSURFER|slp
|
|-heal|p1a: Mifune|306\/431|[from] item: Black Sludge
|turn|9
|
|switch|p2a: SAND MAN|Landorus, M|319\/319
|move|p1a: Mifune|Giga Drain|p2a: SAND MAN
|-damage|p2a: SAND MAN|219\/319
|-heal|p1a: Mifune|356\/431|[from] drain|[of] p2a: SAND MAN
|
|-heal|p1a: Mifune|382\/431|[from] item: Black Sludge
|turn|10
|
|switch|p1a: Kiriyama|Latios, M|301\/301
|move|p2a: SAND MAN|U-turn|p1a: Kiriyama
|-supereffective|p1a: Kiriyama
|-damage|p1a: Kiriyama|109\/301
|-damage|p2a: SAND MAN|188\/319|[from] item: Life Orb
|
|switch|p2a: WONDERWOMAN|Lopunny-Mega, F|271\/271
|
|turn|11
|
|switch|p2a: PO|Pangoro, M|51\/331
|switch|p1a: Mifune|Amoonguss, F, shiny|431\/431
|
|turn|12
|
|move|p2a: PO|Parting Shot|p1a: Mifune
|-unboost|p1a: Mifune|atk|1
|-unboost|p1a: Mifune|spa|1
|
|switch|p2a: SAND MAN|Landorus, M|188\/319
|move|p1a: Mifune|Giga Drain|p2a: SAND MAN
|-damage|p2a: SAND MAN|131\/319
|
|turn|13
|
|move|p2a: SAND MAN|Stealth Rock|p1a: Mifune
|-sidestart|p1: Hachimaki98|move: Stealth Rock
|move|p1a: Mifune|Foul Play|p2a: SAND MAN
|-damage|p2a: SAND MAN|49\/319
|
|turn|14
|
|switch|p1a: Kiriyama|Latios, M|109\/301
|-damage|p1a: Kiriyama|72\/301|[from] Stealth Rock
|move|p2a: SAND MAN|Earth Power|p1a: Kiriyama
|-immune|p1a: Kiriyama|[msg]
|
|turn|15
|
|move|p1a: Kiriyama|Surf|p2a: SAND MAN
|-supereffective|p2a: SAND MAN
|-damage|p2a: SAND MAN|0 fnt
|-damage|p1a: Kiriyama|42\/301|[from] item: Life Orb
|faint|p2a: SAND MAN
|
|
|switch|p2a: WONDERWOMAN|Lopunny-Mega, F|271\/271
|turn|16
|
|move|p2a: WONDERWOMAN|Return|p1a: Kiriyama
|-damage|p1a: Kiriyama|0 fnt
|faint|p1a: Kiriyama
|
|
|switch|p1a: Touka|Lopunny-Mega, F, shiny|271\/271
|-damage|p1a: Touka|255\/271|[from] Stealth Rock
|turn|17
|
|switch|p2a: REY MISTERIO|Hawlucha, M|300\/300
|move|p1a: Touka|High Jump Kick|p2a: REY MISTERIO
|-resisted|p2a: REY MISTERIO
|-damage|p2a: REY MISTERIO|136\/300
|-enditem|p2a: REY MISTERIO|Sitrus Berry|[eat]
|-heal|p2a: REY MISTERIO|211\/300|[from] item: Sitrus Berry
|
|turn|18
|
|move|p2a: REY MISTERIO|Acrobatics|p1a: Touka
|-supereffective|p1a: Touka
|-damage|p1a: Touka|0 fnt
|faint|p1a: Touka
|
|
|switch|p1a: Mifune|Amoonguss, F, shiny|431\/431
|-damage|p1a: Mifune|378\/431|[from] Stealth Rock
|turn|19
|join|Tricking
|
|move|p2a: REY MISTERIO|Acrobatics|p1a: Mifune
|-supereffective|p1a: Mifune
|-damage|p1a: Mifune|78\/431
|move|p1a: Mifune|Clear Smog|p2a: REY MISTERIO
|-damage|p2a: REY MISTERIO|135\/300
|-clearboost|p2a: REY MISTERIO
|
|-heal|p1a: Mifune|104\/431|[from] item: Black Sludge
|turn|20
|
|switch|p1a: Oni|Tyranitar, M|403\/403
|-damage|p1a: Oni|353\/403|[from] Stealth Rock
|-weather|Sandstorm
|move|p2a: REY MISTERIO|Acrobatics|p1a: Oni
|-resisted|p1a: Oni
|-damage|p1a: Oni|280\/403
|
|-weather|Sandstorm|[upkeep]
|-damage|p2a: REY MISTERIO|117\/300|[from] sandstorm
|-heal|p1a: Oni|305\/403|[from] item: Leftovers
|turn|21
|
|switch|p1a: Mifune|Amoonguss, F, shiny|247\/431
|-damage|p1a: Mifune|194\/431|[from] Stealth Rock
|move|p2a: REY MISTERIO|High Jump Kick|p1a: Mifune
|-resisted|p1a: Mifune
|-damage|p1a: Mifune|110\/431
|
|-weather|Sandstorm|[upkeep]
|-damage|p2a: REY MISTERIO|99\/300|[from] sandstorm
|-damage|p1a: Mifune|84\/431|[from] sandstorm
|-heal|p1a: Mifune|110\/431|[from] item: Black Sludge
|turn|22
|
|move|p2a: REY MISTERIO|Acrobatics|p1a: Mifune
|-supereffective|p1a: Mifune
|-damage|p1a: Mifune|0 fnt
|faint|p1a: Mifune
|
|-weather|Sandstorm|[upkeep]
|-damage|p2a: REY MISTERIO|81\/300|[from] sandstorm
|
|switch|p1a: Diabel|Keldeo-Resolute|218\/324
|-damage|p1a: Diabel|198\/324|[from] Stealth Rock
|turn|23
|
|move|p2a: REY MISTERIO|Acrobatics|p1a: Diabel
|-supereffective|p1a: Diabel
|-damage|p1a: Diabel|0 fnt
|faint|p1a: Diabel
|
|-weather|Sandstorm|[upkeep]
|-damage|p2a: REY MISTERIO|63\/300|[from] sandstorm
|
|switch|p1a: Oni|Tyranitar, M|305\/403
|-damage|p1a: Oni|255\/403|[from] Stealth Rock
|turn|24
|
|move|p2a: REY MISTERIO|High Jump Kick|p1a: Oni
|-supereffective|p1a: Oni
|-damage|p1a: Oni|0 fnt
|faint|p1a: Oni
|
|win|KUNG FU TANGA
|leave|Hachimaki98
|c|âKUNG FU TANGA|gg
|player|p1
|leave|Tricking
|leave|lord ledian
|join|lord ledian
|leave|lord ledian
|join|lord ledian
|leave|lord ledian