|join|KUNG FU TANGA
|join|kloshitt
|player|p1|KUNG FU TANGA|77
|player|p2|kloshitt|164
|gametype|singles
|gen|6
|tier|OU
|rated
|clearpoke
|poke|p1|Rotom-Wash
|poke|p1|Pangoro, M
|poke|p1|Lopunny, F
|poke|p1|Jirachi
|poke|p1|Landorus, M
|poke|p1|Hawlucha, M
|poke|p2|Sceptile, F
|poke|p2|Heatran, F
|poke|p2|Landorus-Therian, M
|poke|p2|Keldeo
|poke|p2|Azumarill, F
|poke|p2|Raikou
|rule|Swagger Clause: Swagger is banned
|rule|Baton Pass Clause: Limit one PokÃ©mon knowing Baton Pass
|rule|Sleep Clause Mod: Limit one foe put to sleep
|rule|Species Clause: Limit one of each PokÃ©mon
|rule|OHKO Clause: OHKO moves are banned
|rule|Moody Clause: Moody is banned
|rule|Evasion Moves Clause: Evasion moves are banned
|rule|Endless Battle Clause: Forcing endless battles is banned
|rule|HP Percentage Mod: HP is shown in percentages
|teampreview
|join|lord ledian
|
|start
|switch|p1a: SAND MAN|Landorus, M|319\/319
|switch|p2a: Death Valley|Heatran, F|386\/386
|turn|1
|
|switch|p2a: Running Gun|Landorus-Therian, M|319\/319
|-ability|p2a: Running Gun|Intimidate|[of] p1a: SAND MAN
|-unboost|p1a: SAND MAN|atk|1
|move|p1a: SAND MAN|Stealth Rock|p2a: Running Gun
|-sidestart|p2: kloshitt|move: Stealth Rock
|
|turn|2
|
|move|p2a: Running Gun|Knock Off|p1a: SAND MAN
|-damage|p1a: SAND MAN|179\/319
|-enditem|p1a: SAND MAN|Life Orb|[from] move: Knock Off|[of] p2a: Running Gun
|move|p1a: SAND MAN|U-turn|p2a: Running Gun
|-resisted|p2a: Running Gun
|-damage|p2a: Running Gun|296\/319
|
|switch|p1a: WONDERWOMAN|Lopunny, F|271\/271
|
|turn|3
|
|switch|p2a: The Pain of Rain|Azumarill, F|391\/391
|-damage|p2a: The Pain of Rain|343\/391|[from] Stealth Rock
|detailschange|p1a: WONDERWOMAN|Lopunny-Mega, F
|-mega|p1a: WONDERWOMAN|Lopunny|Lopunnite
|move|p1a: WONDERWOMAN|Return|p2a: The Pain of Rain
|-damage|p2a: The Pain of Rain|90\/391
|
|turn|4
|
|switch|p1a: AQUAMAN|Rotom-Wash|303\/303
|move|p2a: The Pain of Rain|Aqua Jet|p1a: AQUAMAN
|-resisted|p1a: AQUAMAN
|-damage|p1a: AQUAMAN|253\/303
|
|-heal|p1a: AQUAMAN|271\/303|[from] item: Leftovers
|turn|5
|
|switch|p2a: saber-tooth tiger|Raikou|321\/321
|-damage|p2a: saber-tooth tiger|281\/321|[from] Stealth Rock
|-ability|p2a: saber-tooth tiger|Pressure
|move|p1a: AQUAMAN|Volt Switch|p2a: saber-tooth tiger
|-resisted|p2a: saber-tooth tiger
|-damage|p2a: saber-tooth tiger|250\/321
|
|switch|p1a: WONDERWOMAN|Lopunny-Mega, F|271\/271
|
|turn|6
|
|switch|p2a: Running Gun|Landorus-Therian, M|296\/319
|-damage|p2a: Running Gun|257\/319|[from] Stealth Rock
|-ability|p2a: Running Gun|Intimidate|[of] p1a: WONDERWOMAN
|-unboost|p1a: WONDERWOMAN|atk|1
|move|p1a: WONDERWOMAN|Fake Out|p2a: Running Gun
|-damage|p2a: Running Gun|197\/319
|
|turn|7
|
|switch|p1a: SAND MAN|Landorus, M|179\/319
|move|p2a: Running Gun|U-turn|p1a: SAND MAN
|-resisted|p1a: SAND MAN
|-damage|p1a: SAND MAN|130\/319
|
|switch|p2a: Little Pony|Keldeo|323\/323
|-damage|p2a: Little Pony|303\/323|[from] Stealth Rock
|
|turn|8
|
|move|p2a: Little Pony|Scald|p1a: SAND MAN
|-supereffective|p1a: SAND MAN
|-damage|p1a: SAND MAN|0 fnt
|faint|p1a: SAND MAN
|
|
|switch|p1a: AQUAMAN|Rotom-Wash|271\/303
|turn|9
|
|switch|p2a: Running Gun|Landorus-Therian, M|197\/319
|-damage|p2a: Running Gun|158\/319|[from] Stealth Rock
|-ability|p2a: Running Gun|Intimidate|[of] p1a: AQUAMAN
|-unboost|p1a: AQUAMAN|atk|1
|move|p1a: AQUAMAN|Volt Switch|p2a: Running Gun
|-immune|p2a: Running Gun|[msg]
|
|-heal|p1a: AQUAMAN|289\/303|[from] item: Leftovers
|turn|10
|
|move|p2a: Running Gun|U-turn|p1a: AQUAMAN
|-damage|p1a: AQUAMAN|230\/303
|
|switch|p2a: saber-tooth tiger|Raikou|250\/321
|-damage|p2a: saber-tooth tiger|210\/321|[from] Stealth Rock
|-ability|p2a: saber-tooth tiger|Pressure
|move|p1a: AQUAMAN|Volt Switch|p2a: saber-tooth tiger
|-resisted|p2a: saber-tooth tiger
|-damage|p2a: saber-tooth tiger|181\/321
|
|switch|p1a: WONDERWOMAN|Lopunny-Mega, F|271\/271
|
|turn|11
|
|move|p1a: WONDERWOMAN|Return|p2a: saber-tooth tiger
|-damage|p2a: saber-tooth tiger|0 fnt
|faint|p2a: saber-tooth tiger
|
|
|switch|p2a: Little Pony|Keldeo|303\/323
|-damage|p2a: Little Pony|283\/323|[from] Stealth Rock
|turn|12
|
|switch|p1a: SILVERSURFER|Jirachi|401\/401
|move|p2a: Little Pony|Secret Sword|p1a: SILVERSURFER
|-damage|p1a: SILVERSURFER|172\/401
|
|-heal|p1a: SILVERSURFER|197\/401|[from] item: Leftovers
|turn|13
|
|move|p1a: SILVERSURFER|Protect|p1a: SILVERSURFER
|-singleturn|p1a: SILVERSURFER|Protect
|move|p2a: Little Pony|Secret Sword|p1a: SILVERSURFER
|-activate|p1a: SILVERSURFER|Protect
|
|-heal|p1a: SILVERSURFER|222\/401|[from] item: Leftovers
|turn|14
|
|switch|p1a: REY MISTERIO|Hawlucha, M|300\/300
|move|p2a: Little Pony|Secret Sword|p1a: REY MISTERIO
|-resisted|p1a: REY MISTERIO
|-damage|p1a: REY MISTERIO|167\/300
|
|turn|15
|
|switch|p2a: Running Gun|Landorus-Therian, M|158\/319
|-damage|p2a: Running Gun|119\/319|[from] Stealth Rock
|-ability|p2a: Running Gun|Intimidate|[of] p1a: REY MISTERIO
|-unboost|p1a: REY MISTERIO|atk|1
|move|p1a: REY MISTERIO|Substitute|p1a: REY MISTERIO
|-start|p1a: REY MISTERIO|Substitute
|-damage|p1a: REY MISTERIO|92\/300
|-enditem|p1a: REY MISTERIO|Sitrus Berry|[eat]
|-heal|p1a: REY MISTERIO|167\/300|[from] item: Sitrus Berry
|
|turn|16
|
|move|p1a: REY MISTERIO|Swords Dance|p1a: REY MISTERIO
|-boost|p1a: REY MISTERIO|atk|2
|move|p2a: Running Gun|Stone Edge|p1a: REY MISTERIO
|-end|p1a: REY MISTERIO|Substitute
|
|turn|17
|
|move|p1a: REY MISTERIO|Acrobatics|p2a: Running Gun
|-damage|p2a: Running Gun|0 fnt
|faint|p2a: Running Gun
|
|
|switch|p2a: The Pain of Rain|Azumarill, F|90\/391
|-damage|p2a: The Pain of Rain|42\/391|[from] Stealth Rock
|turn|18
|
|move|p2a: The Pain of Rain|Aqua Jet|p1a: REY MISTERIO
|-damage|p1a: REY MISTERIO|4\/300
|move|p1a: REY MISTERIO|Acrobatics|p2a: The Pain of Rain
|-damage|p2a: The Pain of Rain|0 fnt
|faint|p2a: The Pain of Rain
|
|
|switch|p2a: Death Valley|Heatran, F|386\/386
|-damage|p2a: Death Valley|338\/386|[from] Stealth Rock
|turn|19
|
|move|p1a: REY MISTERIO|High Jump Kick|p2a: Death Valley
|-supereffective|p2a: Death Valley
|-damage|p2a: Death Valley|0 fnt
|faint|p2a: Death Valley
|
|-message|kloshitt forfeited.
|
|win|KUNG FU TANGA
|raw|Ladder updating...
|leave|kloshitt
|player|p2
|raw|KUNG FU TANGA's rating: 1648 &rarr; <strong>1672<\/strong><br \/>(+24 for winning)
|raw|kloshitt's rating: 1714 &rarr; <strong>1690<\/strong><br \/>(-24 for losing)
|leave|lord ledian
|join|I Need A TwiiXx
|leave|I Need A TwiiXx
|join|I Need A TwiiXx