|join|KUNG FU TANGA
|join|Alvadora
|player|p1|KUNG FU TANGA|77
|player|p2|Alvadora|256
|gametype|singles
|gen|6
|tier|OU
|rated
|clearpoke
|poke|p1|Rotom-Wash
|poke|p1|Pangoro, M
|poke|p1|Lopunny, F
|poke|p1|Jirachi
|poke|p1|Landorus, M
|poke|p1|Hawlucha, M
|poke|p2|Celebi
|poke|p2|Keldeo
|poke|p2|Metagross
|poke|p2|Garchomp, F
|poke|p2|Clefable, F
|poke|p2|Latios, M
|rule|Swagger Clause: Swagger is banned
|rule|Baton Pass Clause: Limit one PokÃ©mon knowing Baton Pass
|rule|Sleep Clause Mod: Limit one foe put to sleep
|rule|Species Clause: Limit one of each PokÃ©mon
|rule|OHKO Clause: OHKO moves are banned
|rule|Moody Clause: Moody is banned
|rule|Evasion Moves Clause: Evasion moves are banned
|rule|Endless Battle Clause: Forcing endless battles is banned
|rule|HP Percentage Mod: HP is shown in percentages
|teampreview
|join|I Need A TwiiXx
|join|lord ledian
|
|start
|switch|p1a: WONDERWOMAN|Lopunny, F|271\/271
|switch|p2a: Garchomp|Garchomp, F|420\/420
|turn|1
|
|detailschange|p1a: WONDERWOMAN|Lopunny-Mega, F
|-mega|p1a: WONDERWOMAN|Lopunny|Lopunnite
|move|p1a: WONDERWOMAN|Fake Out|p2a: Garchomp
|-damage|p2a: Garchomp|360\/420
|-damage|p1a: WONDERWOMAN|238\/271|[from] ability: Rough Skin|[of] p2a: Garchomp
|-damage|p1a: WONDERWOMAN|193\/271|[from] item: Rocky Helmet|[of] p2a: Garchomp
|cant|p2a: Garchomp|flinch
|
|turn|2
|
|switch|p1a: AQUAMAN|Rotom-Wash|303\/303
|move|p2a: Garchomp|Stealth Rock|p1a: AQUAMAN
|-sidestart|p1: KUNG FU TANGA|move: Stealth Rock
|
|turn|3
|
|switch|p2a: Celebi|Celebi|355\/355
|move|p1a: AQUAMAN|Volt Switch|p2a: Celebi
|-resisted|p2a: Celebi
|-damage|p2a: Celebi|313\/355
|
|switch|p1a: SAND MAN|Landorus, M|319\/319
|-damage|p1a: SAND MAN|280\/319|[from] Stealth Rock
|
|turn|4
|
|switch|p2a: Latios|Latios, M|301\/301
|move|p1a: SAND MAN|Stealth Rock|p2a: Latios
|-sidestart|p2: Alvadora|move: Stealth Rock
|
|turn|5
|
|switch|p2a: Garchomp|Garchomp, F|360\/420
|-damage|p2a: Garchomp|334\/420|[from] Stealth Rock
|switch|p1a: SILVERSURFER|Jirachi|401\/401
|-damage|p1a: SILVERSURFER|376\/401|[from] Stealth Rock
|
|-heal|p1a: SILVERSURFER|401\/401|[from] item: Leftovers
|turn|6
|
|switch|p1a: AQUAMAN|Rotom-Wash|303\/303
|-damage|p1a: AQUAMAN|266\/303|[from] Stealth Rock
|move|p2a: Garchomp|Dragon Tail|p1a: AQUAMAN
|-damage|p1a: AQUAMAN|206\/303
|drag|p1a: SAND MAN|Landorus, M|280\/319
|-damage|p1a: SAND MAN|241\/319|[from] Stealth Rock
|
|turn|7
|
|move|p1a: SAND MAN|Earth Power|p2a: Garchomp
|-damage|p2a: Garchomp|57\/420
|move|p2a: Garchomp|Toxic|p1a: SAND MAN
|-status|p1a: SAND MAN|tox
|
|-damage|p1a: SAND MAN|222\/319 tox|[from] psn
|turn|8
|
|switch|p2a: Latios|Latios, M|301\/301
|-damage|p2a: Latios|264\/301|[from] Stealth Rock
|move|p1a: SAND MAN|U-turn|p2a: Latios
|-supereffective|p2a: Latios
|-damage|p2a: Latios|69\/301
|-damage|p1a: SAND MAN|191\/319 tox|[from] item: Life Orb
|
|switch|p1a: WONDERWOMAN|Lopunny-Mega, F|193\/271
|-damage|p1a: WONDERWOMAN|177\/271|[from] Stealth Rock
|
|turn|9
|
|switch|p2a: Garchomp|Garchomp, F|57\/420
|-damage|p2a: Garchomp|31\/420|[from] Stealth Rock
|move|p1a: WONDERWOMAN|Return|p2a: Garchomp
|-damage|p2a: Garchomp|0 fnt
|-damage|p1a: WONDERWOMAN|144\/271|[from] ability: Rough Skin|[of] p2a: Garchomp
|-damage|p1a: WONDERWOMAN|99\/271|[from] item: Rocky Helmet|[of] p2a: Garchomp
|faint|p2a: Garchomp
|
|
|switch|p2a: Clefable|Clefable, F|345\/345
|turn|10
|
|switch|p1a: SILVERSURFER|Jirachi|401\/401
|-damage|p1a: SILVERSURFER|376\/401|[from] Stealth Rock
|move|p2a: Clefable|Flamethrower|p1a: SILVERSURFER
|-supereffective|p1a: SILVERSURFER
|-damage|p1a: SILVERSURFER|278\/401
|
|-heal|p1a: SILVERSURFER|303\/401|[from] item: Leftovers
|turn|11
|
|switch|p2a: Keldeo|Keldeo|323\/323
|-damage|p2a: Keldeo|303\/323|[from] Stealth Rock
|move|p1a: SILVERSURFER|U-turn|p2a: Keldeo
|-resisted|p2a: Keldeo
|-damage|p2a: Keldeo|275\/323
|
|switch|p1a: AQUAMAN|Rotom-Wash|206\/303
|-damage|p1a: AQUAMAN|169\/303|[from] Stealth Rock
|
|-heal|p2a: Keldeo|295\/323|[from] item: Leftovers
|-heal|p1a: AQUAMAN|187\/303|[from] item: Leftovers
|turn|12
|
|switch|p2a: Clefable|Clefable, F|345\/345
|move|p1a: AQUAMAN|Volt Switch|p2a: Clefable
|-damage|p2a: Clefable|270\/345
|
|switch|p1a: PO|Pangoro, M|331\/331
|-damage|p1a: PO|311\/331|[from] Stealth Rock
|
|-heal|p2a: Clefable|291\/345|[from] item: Leftovers
|turn|13
|c|âKUNG FU TANGA|missclic
|c|âKUNG FU TANGA|damn
|
|switch|p2a: Metagross|Metagross|301\/301
|-damage|p2a: Metagross|283\/301|[from] Stealth Rock
|move|p1a: PO|Gunk Shot|p2a: Metagross
|-immune|p2a: Metagross|[msg]
|
|turn|14
|
|switch|p1a: SILVERSURFER|Jirachi|303\/401
|-damage|p1a: SILVERSURFER|278\/401|[from] Stealth Rock
|detailschange|p2a: Metagross|Metagross-Mega
|-mega|p2a: Metagross|Metagross|Metagrossite
|move|p2a: Metagross|Meteor Mash|p1a: SILVERSURFER
|-resisted|p1a: SILVERSURFER
|-damage|p1a: SILVERSURFER|161\/401
|
|-heal|p1a: SILVERSURFER|186\/401|[from] item: Leftovers
|turn|15
|
|move|p1a: SILVERSURFER|Protect|p1a: SILVERSURFER
|-singleturn|p1a: SILVERSURFER|Protect
|move|p2a: Metagross|Earthquake|p1a: SILVERSURFER
|-activate|p1a: SILVERSURFER|Protect
|
|-heal|p1a: SILVERSURFER|211\/401|[from] item: Leftovers
|turn|16
|
|move|p2a: Metagross|Zen Headbutt|p1a: SILVERSURFER
|-resisted|p1a: SILVERSURFER
|-damage|p1a: SILVERSURFER|159\/401
|move|p1a: SILVERSURFER|U-turn|p2a: Metagross
|-damage|p2a: Metagross|244\/301
|
|switch|p1a: PO|Pangoro, M|311\/331
|-damage|p1a: PO|291\/331|[from] Stealth Rock
|
|turn|17
|
|switch|p2a: Clefable|Clefable, F|291\/345
|move|p1a: PO|Knock Off|p2a: Clefable
|-resisted|p2a: Clefable
|-damage|p2a: Clefable|122\/345
|-enditem|p2a: Clefable|Leftovers|[from] move: Knock Off|[of] p1a: PO
|
|turn|18
|
|switch|p1a: SILVERSURFER|Jirachi|159\/401
|-damage|p1a: SILVERSURFER|134\/401|[from] Stealth Rock
|move|p2a: Clefable|Soft-Boiled|p2a: Clefable
|-heal|p2a: Clefable|295\/345
|
|-heal|p1a: SILVERSURFER|159\/401|[from] item: Leftovers
|turn|19
|
|move|p1a: SILVERSURFER|Wish|p1a: SILVERSURFER
|move|p2a: Clefable|Soft-Boiled|p2a: Clefable
|-heal|p2a: Clefable|345\/345
|
|-heal|p1a: SILVERSURFER|184\/401|[from] item: Leftovers
|turn|20
|
|switch|p2a: Keldeo|Keldeo|295\/323
|-damage|p2a: Keldeo|275\/323|[from] Stealth Rock
|move|p1a: SILVERSURFER|Iron Head|p2a: Keldeo
|-resisted|p2a: Keldeo
|-damage|p2a: Keldeo|222\/323
|
|-heal|p1a: SILVERSURFER|384\/401|[from] move: Wish|[wisher] SILVERSURFER
|-heal|p2a: Keldeo|242\/323|[from] item: Leftovers
|-heal|p1a: SILVERSURFER|401\/401|[from] item: Leftovers
|turn|21
|
|move|p1a: SILVERSURFER|Protect|p1a: SILVERSURFER
|-singleturn|p1a: SILVERSURFER|Protect
|move|p2a: Keldeo|Substitute|p2a: Keldeo
|-start|p2a: Keldeo|Substitute
|-damage|p2a: Keldeo|162\/323
|
|-heal|p2a: Keldeo|182\/323|[from] item: Leftovers
|turn|22
|
|move|p2a: Keldeo|Calm Mind|p2a: Keldeo
|-boost|p2a: Keldeo|spa|1
|-boost|p2a: Keldeo|spd|1
|move|p1a: SILVERSURFER|Iron Head|p2a: Keldeo
|-resisted|p2a: Keldeo
|-activate|p2a: Keldeo|Substitute|[damage]
|
|-heal|p2a: Keldeo|202\/323|[from] item: Leftovers
|turn|23
|
|move|p2a: Keldeo|Scald|p1a: SILVERSURFER
|-damage|p1a: SILVERSURFER|256\/401
|move|p1a: SILVERSURFER|U-turn|p2a: Keldeo
|-resisted|p2a: Keldeo
|-activate|p2a: Keldeo|Substitute|[damage]
|
|switch|p1a: AQUAMAN|Rotom-Wash|187\/303
|-damage|p1a: AQUAMAN|150\/303|[from] Stealth Rock
|
|-heal|p2a: Keldeo|222\/323|[from] item: Leftovers
|-heal|p1a: AQUAMAN|168\/303|[from] item: Leftovers
|turn|24
|
|move|p2a: Keldeo|Secret Sword|p1a: AQUAMAN
|-damage|p1a: AQUAMAN|0 fnt
|faint|p1a: AQUAMAN
|
|-heal|p2a: Keldeo|242\/323|[from] item: Leftovers
|
|switch|p1a: SILVERSURFER|Jirachi|256\/401
|-damage|p1a: SILVERSURFER|231\/401|[from] Stealth Rock
|turn|25
|
|move|p2a: Keldeo|Scald|p1a: SILVERSURFER
|-damage|p1a: SILVERSURFER|65\/401
|-status|p1a: SILVERSURFER|brn
|move|p1a: SILVERSURFER|U-turn|p2a: Keldeo
|-resisted|p2a: Keldeo
|-end|p2a: Keldeo|Substitute
|
|switch|p1a: WONDERWOMAN|Lopunny-Mega, F|99\/271
|-damage|p1a: WONDERWOMAN|83\/271|[from] Stealth Rock
|
|-heal|p2a: Keldeo|262\/323|[from] item: Leftovers
|turn|26
|
|switch|p2a: Clefable|Clefable, F|345\/345
|move|p1a: WONDERWOMAN|High Jump Kick|p2a: Clefable
|-crit|p2a: Clefable
|-resisted|p2a: Clefable
|-damage|p2a: Clefable|94\/345
|
|turn|27
|c|âAlvadora|:[
|
|move|p1a: WONDERWOMAN|Return|p2a: Clefable
|-damage|p2a: Clefable|0 fnt
|faint|p2a: Clefable
|
|
|switch|p2a: Celebi|Celebi|313\/355
|-damage|p2a: Celebi|269\/355|[from] Stealth Rock
|turn|28
|
|move|p1a: WONDERWOMAN|Return|p2a: Celebi
|-damage|p2a: Celebi|67\/355
|move|p2a: Celebi|Giga Drain|p1a: WONDERWOMAN
|-damage|p1a: WONDERWOMAN|0 fnt
|-heal|p2a: Celebi|109\/355|[from] drain|[of] p1a: WONDERWOMAN
|-damage|p2a: Celebi|74\/355|[from] item: Life Orb
|faint|p1a: WONDERWOMAN
|
|
|switch|p1a: REY MISTERIO|Hawlucha, M|300\/300
|-damage|p1a: REY MISTERIO|263\/300|[from] Stealth Rock
|turn|29
|
|switch|p2a: Latios|Latios, M|69\/301
|-damage|p2a: Latios|32\/301|[from] Stealth Rock
|move|p1a: REY MISTERIO|Substitute|p1a: REY MISTERIO
|-start|p1a: REY MISTERIO|Substitute
|-damage|p1a: REY MISTERIO|188\/300
|
|turn|30
|
|move|p2a: Latios|Psyshock|p1a: REY MISTERIO
|-supereffective|p1a: REY MISTERIO
|-end|p1a: REY MISTERIO|Substitute
|move|p1a: REY MISTERIO|Substitute|p1a: REY MISTERIO
|-start|p1a: REY MISTERIO|Substitute
|-damage|p1a: REY MISTERIO|113\/300
|-enditem|p1a: REY MISTERIO|Sitrus Berry|[eat]
|-heal|p1a: REY MISTERIO|188\/300|[from] item: Sitrus Berry
|
|turn|31
|
|move|p1a: REY MISTERIO|Acrobatics|p2a: Latios
|-damage|p2a: Latios|0 fnt
|faint|p2a: Latios
|
|
|switch|p2a: Metagross|Metagross-Mega|244\/301
|-damage|p2a: Metagross|226\/301|[from] Stealth Rock
|turn|32
|
|move|p1a: REY MISTERIO|Swords Dance|p1a: REY MISTERIO
|-boost|p1a: REY MISTERIO|atk|2
|move|p2a: Metagross|Zen Headbutt|p1a: REY MISTERIO
|-supereffective|p1a: REY MISTERIO
|-end|p1a: REY MISTERIO|Substitute
|
|turn|33
|
|move|p1a: REY MISTERIO|High Jump Kick|p2a: Metagross
|-crit|p2a: Metagross
|-damage|p2a: Metagross|0 fnt
|faint|p2a: Metagross
|
|c| I Need A TwiiXx|gg
|c|âAlvadora|that HJK crit
|c|âAlvadora|on lopunny
|c|âAlvadora|won you the game -.-
|c|âKUNG FU TANGA|idk
|c|âKUNG FU TANGA|if
|c|âKUNG FU TANGA|a 75 %
|c|âKUNG FU TANGA|crit
|c|âKUNG FU TANGA|you
|c|âKUNG FU TANGA|were
|c|âKUNG FU TANGA|almost spdef
|c|âKUNG FU TANGA|with a 75 % crit
|
|switch|p2a: Celebi|Celebi|74\/355
|-damage|p2a: Celebi|30\/355|[from] Stealth Rock
|turn|34
|-message|Alvadora forfeited.
|
|win|KUNG FU TANGA
|raw|Ladder updating...
|leave|Alvadora
|player|p2
|c|âKUNG FU TANGA|so return did almost the 60 %
|raw|KUNG FU TANGA's rating: 1715 &rarr; <strong>1736<\/strong><br \/>(+21 for winning)
|raw|Alvadora's rating: 1737 &rarr; <strong>1716<\/strong><br \/>(-21 for losing)
|leave|lord ledian
|join|lord ledian