|join|oh no oh no oh no
|join|zippleclopper
|player|p1|oh no oh no oh no|157
|player|p2|zippleclopper|1
|gametype|singles
|gen|6
|tier|UU
|rated
|rule|Sleep Clause Mod: Limit one foe put to sleep
|rule|Species Clause: Limit one of each PokÃ©mon
|rule|OHKO Clause: OHKO moves are banned
|rule|Moody Clause: Moody is banned
|rule|Evasion Moves Clause: Evasion moves are banned
|rule|Endless Battle Clause: Forcing endless battles is banned
|rule|HP Percentage Mod: HP is shown in percentages
|clearpoke
|poke|p1|Lanturn, M
|poke|p1|Crobat, F
|poke|p1|Blastoise, F
|poke|p1|Celebi
|poke|p1|Lucario, M
|poke|p1|Blissey, F
|poke|p2|Hippowdon, F
|poke|p2|Reuniclus, F
|poke|p2|Doublade, F
|poke|p2|Entei, shiny
|poke|p2|Virizion
|poke|p2|Blastoise, F
|rule|Swagger Clause: Swagger is banned
|rule|Baton Pass Clause: Limit one PokÃ©mon knowing Baton Pass
|teampreview
|
|start
|switch|p1a: Celebi|Celebi|403\/403
|switch|p2a: Blastoise|Blastoise, F|355\/355
|turn|1
|
|switch|p1a: Blissey|Blissey, F|657\/657
|switch|p2a: Entei|Entei, shiny|371\/371
|-ability|p2a: Entei|Pressure
|
|turn|2
|
|switch|p1a: Blastoise|Blastoise, F|357\/357
|move|p2a: Entei|Sacred Fire|p1a: Blastoise
|-resisted|p1a: Blastoise
|-damage|p1a: Blastoise|221\/357
|-status|p1a: Blastoise|brn
|
|-damage|p1a: Blastoise|177\/357 brn|[from] brn
|turn|3
|
|switch|p2a: Blastoise|Blastoise, F|355\/355
|detailschange|p1a: Blastoise|Blastoise-Mega, F
|-mega|p1a: Blastoise|Blastoise|Blastoisinite
|move|p1a: Blastoise|Aura Sphere|p2a: Blastoise
|-crit|p2a: Blastoise
|-damage|p2a: Blastoise|133\/355
|
|-damage|p1a: Blastoise|133\/357 brn|[from] brn
|turn|4
|
|switch|p2a: Virizion|Virizion|324\/324
|switch|p1a: Blissey|Blissey, F|657\/657
|
|turn|5
|
|move|p2a: Virizion|Stone Edge|p1a: Blissey
|-damage|p1a: Blissey|410\/657
|-damage|p2a: Virizion|292\/324|[from] item: Life Orb
|move|p1a: Blissey|Thunder Wave|p2a: Virizion
|-status|p2a: Virizion|par
|
|-heal|p1a: Blissey|451\/657|[from] item: Leftovers
|turn|6
|
|switch|p1a: Lucario|Lucario, M|282\/282
|move|p2a: Virizion|Stone Edge|p1a: Lucario
|-resisted|p1a: Lucario
|-damage|p1a: Lucario|242\/282
|-damage|p2a: Virizion|260\/324 par|[from] item: Life Orb
|
|turn|7
|
|move|p1a: Lucario|Close Combat|p2a: Virizion
|-damage|p2a: Virizion|0 fnt
|-unboost|p1a: Lucario|def|1
|-unboost|p1a: Lucario|spd|1
|faint|p2a: Virizion
|
|
|switch|p2a: Doublade|Doublade, F|321\/321
|turn|8
|
|switch|p1a: Lanturn|Lanturn, M|401\/401
|move|p2a: Doublade|Swords Dance|p2a: Doublade
|-boost|p2a: Doublade|atk|2
|
|turn|9
|
|move|p1a: Lanturn|Hydro Pump|p2a: Doublade
|-damage|p2a: Doublade|45\/321
|move|p2a: Doublade|Sacred Sword|p1a: Lanturn
|-damage|p1a: Lanturn|86\/401
|
|turn|10
|
|move|p2a: Doublade|Shadow Sneak|p1a: Lanturn
|-damage|p1a: Lanturn|0 fnt
|faint|p1a: Lanturn
|
|
|switch|p1a: Lucario|Lucario, M|242\/282
|turn|11
|
|move|p2a: Doublade|Shadow Sneak|p1a: Lucario
|-damage|p1a: Lucario|58\/282
|move|p1a: Lucario|Crunch|p2a: Doublade
|-supereffective|p2a: Doublade
|-damage|p2a: Doublade|0 fnt
|faint|p2a: Doublade
|
|
|switch|p2a: Hippowdon|Hippowdon, F|419\/419
|-weather|Sandstorm
|turn|12
|
|switch|p1a: Blastoise|Blastoise-Mega, F|133\/357 brn
|move|p2a: Hippowdon|Earthquake|p1a: Blastoise
|-damage|p1a: Blastoise|25\/357 brn
|
|-weather|Sandstorm|[upkeep]
|-damage|p1a: Blastoise|3\/357 brn|[from] sandstorm
|-damage|p1a: Blastoise|0 fnt|[from] brn
|faint|p1a: Blastoise
|
|switch|p1a: Celebi|Celebi|403\/403
|turn|13
|
|switch|p2a: Entei|Entei, shiny|371\/371
|-ability|p2a: Entei|Pressure
|move|p1a: Celebi|Stealth Rock|p2a: Entei
|-sidestart|p2: zippleclopper|move: Stealth Rock
|
|-weather|Sandstorm|[upkeep]
|-damage|p2a: Entei|348\/371|[from] sandstorm
|-damage|p1a: Celebi|378\/403|[from] sandstorm
|-heal|p1a: Celebi|403\/403|[from] item: Leftovers
|turn|14
|
|switch|p1a: Crobat|Crobat, F|373\/373
|move|p2a: Entei|Sacred Fire|p1a: Crobat
|-damage|p1a: Crobat|28\/373
|
|-weather|Sandstorm|[upkeep]
|-damage|p1a: Crobat|5\/373|[from] sandstorm
|-damage|p2a: Entei|325\/371|[from] sandstorm
|-heal|p1a: Crobat|28\/373|[from] item: Leftovers
|turn|15
|
|switch|p2a: Reuniclus|Reuniclus, F|424\/424
|move|p1a: Crobat|Super Fang|p2a: Reuniclus
|-damage|p2a: Reuniclus|212\/424
|
|-weather|Sandstorm|[upkeep]
|-damage|p1a: Crobat|5\/373|[from] sandstorm
|-heal|p1a: Crobat|28\/373|[from] item: Leftovers
|-heal|p2a: Reuniclus|238\/424|[from] item: Leftovers
|turn|16
|
|move|p1a: Crobat|Roost|p1a: Crobat
|-heal|p1a: Crobat|215\/373
|move|p2a: Reuniclus|Recover|p2a: Reuniclus
|-heal|p2a: Reuniclus|424\/424
|
|-weather|none
|-heal|p1a: Crobat|238\/373|[from] item: Leftovers
|turn|17
|
|switch|p1a: Celebi|Celebi|403\/403
|move|p2a: Reuniclus|Calm Mind|p2a: Reuniclus
|-boost|p2a: Reuniclus|spa|1
|-boost|p2a: Reuniclus|spd|1
|
|turn|18
|
|switch|p2a: Entei|Entei, shiny|325\/371
|-damage|p2a: Entei|233\/371|[from] Stealth Rock
|-ability|p2a: Entei|Pressure
|move|p1a: Celebi|Perish Song|p1a: Celebi
|-fieldactivate|move: Perish Song
|
|-start|p2a: Entei|perish3
|-start|p1a: Celebi|perish3
|turn|19
|
|switch|p1a: Crobat|Crobat, F|238\/373
|move|p2a: Entei|Sacred Fire|p1a: Crobat
|-damage|p1a: Crobat|0 fnt
|faint|p1a: Crobat
|
|-start|p2a: Entei|perish2
|
|switch|p1a: Lucario|Lucario, M|58\/282
|turn|20
|
|switch|p2a: Hippowdon|Hippowdon, F|419\/419
|-damage|p2a: Hippowdon|393\/419|[from] Stealth Rock
|-weather|Sandstorm
|move|p1a: Lucario|Close Combat|p2a: Hippowdon
|-damage|p2a: Hippowdon|231\/419
|-unboost|p1a: Lucario|def|1
|-unboost|p1a: Lucario|spd|1
|
|-weather|Sandstorm|[upkeep]
|-heal|p2a: Hippowdon|257\/419|[from] item: Leftovers
|turn|21
|
|switch|p1a: Celebi|Celebi|403\/403
|switch|p2a: Reuniclus|Reuniclus, F|424\/424
|
|-weather|Sandstorm|[upkeep]
|-damage|p1a: Celebi|378\/403|[from] sandstorm
|-heal|p1a: Celebi|403\/403|[from] item: Leftovers
|turn|22
|
|switch|p1a: Blissey|Blissey, F|451\/657
|move|p2a: Reuniclus|Calm Mind|p2a: Reuniclus
|-boost|p2a: Reuniclus|spa|1
|-boost|p2a: Reuniclus|spd|1
|
|-weather|Sandstorm|[upkeep]
|-damage|p1a: Blissey|410\/657|[from] sandstorm
|-heal|p1a: Blissey|451\/657|[from] item: Leftovers
|turn|23
|
|move|p1a: Blissey|Thunder Wave|p2a: Reuniclus
|-status|p2a: Reuniclus|par
|move|p2a: Reuniclus|Calm Mind|p2a: Reuniclus
|-boost|p2a: Reuniclus|spa|1
|-boost|p2a: Reuniclus|spd|1
|
|-weather|Sandstorm|[upkeep]
|-damage|p1a: Blissey|410\/657|[from] sandstorm
|-heal|p1a: Blissey|451\/657|[from] item: Leftovers
|turn|24
|
|move|p1a: Blissey|Wish|p1a: Blissey
|move|p2a: Reuniclus|Calm Mind|p2a: Reuniclus
|-boost|p2a: Reuniclus|spa|1
|-boost|p2a: Reuniclus|spd|1
|
|-weather|none
|-heal|p1a: Blissey|492\/657|[from] item: Leftovers
|turn|25
|
|switch|p1a: Celebi|Celebi|403\/403
|move|p2a: Reuniclus|Psyshock|p1a: Celebi
|-resisted|p1a: Celebi
|-damage|p1a: Celebi|304\/403
|
|-heal|p1a: Celebi|403\/403|[from] move: Wish|[wisher] Blissey
|turn|26
|
|switch|p1a: Blissey|Blissey, F|492\/657
|cant|p2a: Reuniclus|par
|
|-heal|p1a: Blissey|533\/657|[from] item: Leftovers
|turn|27
|
|switch|p1a: Celebi|Celebi|403\/403
|move|p2a: Reuniclus|Calm Mind|p2a: Reuniclus
|-boost|p2a: Reuniclus|spa|1
|-boost|p2a: Reuniclus|spd|1
|
|turn|28
|
|move|p1a: Celebi|Perish Song|p1a: Celebi
|-fieldactivate|move: Perish Song
|move|p2a: Reuniclus|Psyshock|p1a: Celebi
|-resisted|p1a: Celebi
|-damage|p1a: Celebi|286\/403
|
|-start|p1a: Celebi|perish3
|-start|p2a: Reuniclus|perish3
|-heal|p1a: Celebi|311\/403|[from] item: Leftovers
|turn|29
|
|move|p1a: Celebi|Giga Drain|p2a: Reuniclus
|-damage|p2a: Reuniclus|387\/424 par
|-heal|p1a: Celebi|330\/403|[from] drain|[of] p2a: Reuniclus
|cant|p2a: Reuniclus|par
|
|-start|p1a: Celebi|perish2
|-start|p2a: Reuniclus|perish2
|-heal|p1a: Celebi|355\/403|[from] item: Leftovers
|-heal|p2a: Reuniclus|413\/424 par|[from] item: Leftovers
|turn|30
|
|move|p1a: Celebi|Giga Drain|p2a: Reuniclus
|-damage|p2a: Reuniclus|380\/424 par
|-heal|p1a: Celebi|372\/403|[from] drain|[of] p2a: Reuniclus
|move|p2a: Reuniclus|Psyshock|p1a: Celebi
|-crit|p1a: Celebi
|-resisted|p1a: Celebi
|-damage|p1a: Celebi|190\/403
|
|-start|p1a: Celebi|perish1
|-start|p2a: Reuniclus|perish1
|-heal|p1a: Celebi|215\/403|[from] item: Leftovers
|-heal|p2a: Reuniclus|406\/424 par|[from] item: Leftovers
|turn|31
|
|switch|p1a: Blissey|Blissey, F|533\/657
|switch|p2a: Blastoise|Blastoise, F|133\/355
|-damage|p2a: Blastoise|89\/355|[from] Stealth Rock
|
|-heal|p1a: Blissey|574\/657|[from] item: Leftovers
|turn|32
|
|detailschange|p2a: Blastoise|Blastoise-Mega, F
|-mega|p2a: Blastoise|Blastoise|Blastoisinite
|move|p2a: Blastoise|Rapid Spin|p1a: Blissey
|-damage|p1a: Blissey|546\/657
|-sideend|p2: zippleclopper|Stealth Rock|[from] move: Rapid Spin|[of] p2a: Blastoise
|move|p1a: Blissey|Seismic Toss|p2a: Blastoise
|-damage|p2a: Blastoise|0 fnt
|faint|p2a: Blastoise
|
|-heal|p1a: Blissey|587\/657|[from] item: Leftovers
|
|switch|p2a: Entei|Entei, shiny|233\/371
|-ability|p2a: Entei|Pressure
|turn|33
|
|move|p2a: Entei|Sacred Fire|p1a: Blissey
|-damage|p1a: Blissey|31\/657
|-status|p1a: Blissey|brn
|move|p1a: Blissey|Thunder Wave|p2a: Entei
|-status|p2a: Entei|par
|
|-heal|p1a: Blissey|72\/657 brn|[from] item: Leftovers
|-damage|p1a: Blissey|0 fnt|[from] brn
|faint|p1a: Blissey
|
|switch|p1a: Lucario|Lucario, M|58\/282
|turn|34
|
|move|p1a: Lucario|Close Combat|p2a: Entei
|-damage|p2a: Entei|11\/371 par
|-unboost|p1a: Lucario|def|1
|-unboost|p1a: Lucario|spd|1
|move|p2a: Entei|Sacred Fire|p1a: Lucario
|-supereffective|p1a: Lucario
|-damage|p1a: Lucario|0 fnt
|faint|p1a: Lucario
|
|
|switch|p1a: Celebi|Celebi|215\/403
|turn|35
|
|switch|p2a: Reuniclus|Reuniclus, F|406\/424 par
|move|p1a: Celebi|Giga Drain|p2a: Reuniclus
|-damage|p2a: Reuniclus|300\/424 par
|-heal|p1a: Celebi|268\/403|[from] drain|[of] p2a: Reuniclus
|
|-heal|p1a: Celebi|293\/403|[from] item: Leftovers
|-heal|p2a: Reuniclus|326\/424 par|[from] item: Leftovers
|turn|36
|-message|oh no oh no oh no forfeited.
|leave|oh no oh no oh no
|
|win|zippleclopper
|raw|Ladder updating...
|player|p1
|raw|oh no oh no oh no's rating: 1526 &rarr; <strong>1507<\/strong><br \/>(-19 for losing)
|raw|zippleclopper's rating: 1550 &rarr; <strong>1569<\/strong><br \/>(+19 for winning)