|join|22dula
|join|zippleclopper
|player|p1|22dula|265
|player|p2|zippleclopper|1
|gametype|singles
|gen|6
|tier|UU
|rated
|rule|Sleep Clause Mod: Limit one foe put to sleep
|rule|Species Clause: Limit one of each PokÃ©mon
|rule|OHKO Clause: OHKO moves are banned
|rule|Moody Clause: Moody is banned
|rule|Evasion Moves Clause: Evasion moves are banned
|rule|Endless Battle Clause: Forcing endless battles is banned
|rule|HP Percentage Mod: HP is shown in percentages
|clearpoke
|poke|p1|Pangoro, M
|poke|p1|Reuniclus, F
|poke|p1|Swampert, M
|poke|p1|Glalie, F
|poke|p1|Golbat, F
|poke|p1|Goodra, F
|poke|p2|Hippowdon, F
|poke|p2|Reuniclus, F
|poke|p2|Doublade, M
|poke|p2|Entei, shiny
|poke|p2|Virizion
|poke|p2|Blastoise, F
|rule|Swagger Clause: Swagger is banned
|rule|Baton Pass Clause: Limit one PokÃ©mon knowing Baton Pass
|teampreview
|
|start
|switch|p1a: Swampert|Swampert, M|404\/404
|switch|p2a: Blastoise|Blastoise, F|355\/355
|turn|1
|
|detailschange|p2a: Blastoise|Blastoise-Mega, F
|-mega|p2a: Blastoise|Blastoise|Blastoisinite
|move|p2a: Blastoise|Ice Beam|p1a: Swampert
|-damage|p1a: Swampert|282\/404
|move|p1a: Swampert|Scald|p2a: Blastoise
|-resisted|p2a: Blastoise
|-damage|p2a: Blastoise|316\/355
|
|-heal|p1a: Swampert|307\/404|[from] item: Leftovers
|turn|2
|
|move|p2a: Blastoise|Hydro Pump|p1a: Swampert
|-damage|p1a: Swampert|58\/404
|move|p1a: Swampert|Scald|p2a: Blastoise
|-crit|p2a: Blastoise
|-resisted|p2a: Blastoise
|-damage|p2a: Blastoise|236\/355
|
|-heal|p1a: Swampert|83\/404|[from] item: Leftovers
|turn|3
|
|switch|p1a: Goodra|Goodra, F|384\/384
|move|p2a: Blastoise|Ice Beam|p1a: Goodra
|-supereffective|p1a: Goodra
|-damage|p1a: Goodra|272\/384
|
|turn|4
|
|switch|p2a: Hippowdon|Hippowdon, F|419\/419
|-weather|Sandstorm
|move|p1a: Goodra|Thunderbolt|p2a: Hippowdon
|-immune|p2a: Hippowdon|[msg]
|
|-weather|Sandstorm|[upkeep]
|-damage|p1a: Goodra|248\/384|[from] sandstorm
|turn|5
|
|switch|p1a: Swampert|Swampert, M|83\/404
|move|p2a: Hippowdon|Earthquake|p1a: Swampert
|-damage|p1a: Swampert|0 fnt
|faint|p1a: Swampert
|
|-weather|Sandstorm|[upkeep]
|
|switch|p1a: Glalie|Glalie, F|301\/301
|turn|6
|
|switch|p2a: Doublade|Doublade, M|321\/321
|detailschange|p1a: Glalie|Glalie-Mega, F
|-mega|p1a: Glalie|Glalie|Glalitite
|move|p1a: Glalie|Return|p2a: Doublade
|-resisted|p2a: Doublade
|-damage|p2a: Doublade|261\/321
|
|-weather|Sandstorm|[upkeep]
|-damage|p1a: Glalie|283\/301|[from] sandstorm
|turn|7
|
|switch|p1a: Golbat|Golbat, F|353\/353
|move|p2a: Doublade|Sacred Sword|p1a: Golbat
|-crit|p1a: Golbat
|-resisted|p1a: Golbat
|-damage|p1a: Golbat|329\/353
|
|-weather|Sandstorm|[upkeep]
|-damage|p1a: Golbat|307\/353|[from] sandstorm
|turn|8
|
|switch|p1a: Pangoro|Pangoro, M|340\/340
|move|p2a: Doublade|Swords Dance|p2a: Doublade
|-boost|p2a: Doublade|atk|2
|
|-weather|none
|turn|9
|
|move|p1a: Pangoro|Knock Off|p2a: Doublade
|-supereffective|p2a: Doublade
|-damage|p2a: Doublade|24\/321
|-enditem|p2a: Doublade|Eviolite|[from] move: Knock Off|[of] p1a: Pangoro
|-damage|p1a: Pangoro|306\/340|[from] item: Life Orb
|move|p2a: Doublade|Sacred Sword|p1a: Pangoro
|-supereffective|p1a: Pangoro
|-damage|p1a: Pangoro|0 fnt
|faint|p1a: Pangoro
|
|
|switch|p1a: Glalie|Glalie-Mega, F|283\/301
|turn|10
|
|move|p1a: Glalie|Ice Shard|p2a: Doublade
|-resisted|p2a: Doublade
|-damage|p2a: Doublade|0 fnt
|faint|p2a: Doublade
|
|
|switch|p2a: Entei|Entei, shiny|371\/371
|-ability|p2a: Entei|Pressure
|turn|11
|
|switch|p1a: Golbat|Golbat, F|307\/353
|move|p2a: Entei|Sacred Fire|p1a: Golbat
|-damage|p1a: Golbat|148\/353
|-status|p1a: Golbat|brn
|
|-damage|p1a: Golbat|104\/353 brn|[from] brn
|turn|12
|
|move|p2a: Entei|Sacred Fire|p1a: Golbat
|-damage|p1a: Golbat|0 fnt
|faint|p1a: Golbat
|
|
|switch|p1a: Goodra|Goodra, F|248\/384
|turn|13
|
|switch|p2a: Hippowdon|Hippowdon, F|419\/419
|-weather|Sandstorm
|move|p1a: Goodra|Draco Meteor|p2a: Hippowdon
|-damage|p2a: Hippowdon|226\/419
|-unboost|p1a: Goodra|spa|2
|
|-weather|Sandstorm|[upkeep]
|-damage|p1a: Goodra|224\/384|[from] sandstorm
|-heal|p2a: Hippowdon|252\/419|[from] item: Leftovers
|turn|14
|
|switch|p1a: Glalie|Glalie-Mega, F|283\/301
|switch|p2a: Blastoise|Blastoise-Mega, F|236\/355
|
|-weather|Sandstorm|[upkeep]
|-damage|p1a: Glalie|265\/301|[from] sandstorm
|-damage|p2a: Blastoise|214\/355|[from] sandstorm
|turn|15
|
|move|p1a: Glalie|Explosion|p2a: Blastoise
|-resisted|p2a: Blastoise
|-damage|p2a: Blastoise|0 fnt
|faint|p1a: Glalie
|faint|p2a: Blastoise
|
|-weather|Sandstorm|[upkeep]
|
|switch|p2a: Virizion|Virizion|324\/324
|switch|p1a: Reuniclus|Reuniclus, F|423\/423
|turn|16
|
|move|p2a: Virizion|Swords Dance|p2a: Virizion
|-boost|p2a: Virizion|atk|2
|move|p1a: Reuniclus|Trick Room|p1a: Reuniclus
|-fieldstart|move: Trick Room|[of] p1a: Reuniclus
|
|-weather|Sandstorm|[upkeep]
|-damage|p2a: Virizion|304\/324|[from] sandstorm
|turn|17
|
|move|p1a: Reuniclus|Psyshock|p2a: Virizion
|-supereffective|p2a: Virizion
|-damage|p2a: Virizion|0 fnt
|faint|p2a: Virizion
|
|-weather|none
|
|switch|p2a: Hippowdon|Hippowdon, F|252\/419
|-weather|Sandstorm
|turn|18
|
|move|p1a: Reuniclus|Psyshock|p2a: Hippowdon
|-damage|p2a: Hippowdon|71\/419
|move|p2a: Hippowdon|Slack Off|p2a: Hippowdon
|-heal|p2a: Hippowdon|281\/419
|
|-weather|Sandstorm|[upkeep]
|-heal|p2a: Hippowdon|307\/419|[from] item: Leftovers
|turn|19
|
|move|p1a: Reuniclus|Shadow Ball|p2a: Hippowdon
|-damage|p2a: Hippowdon|195\/419
|move|p2a: Hippowdon|Slack Off|p2a: Hippowdon
|-heal|p2a: Hippowdon|405\/419
|
|-weather|Sandstorm|[upkeep]
|-heal|p2a: Hippowdon|419\/419|[from] item: Leftovers
|turn|20
|
|move|p1a: Reuniclus|Shadow Ball|p2a: Hippowdon
|-damage|p2a: Hippowdon|301\/419
|move|p2a: Hippowdon|Earthquake|p1a: Reuniclus
|-damage|p1a: Reuniclus|252\/423
|
|-weather|Sandstorm|[upkeep]
|-heal|p2a: Hippowdon|327\/419|[from] item: Leftovers
|-fieldend|move: Trick Room
|turn|21
|
|move|p2a: Hippowdon|Earthquake|p1a: Reuniclus
|-damage|p1a: Reuniclus|80\/423
|move|p1a: Reuniclus|Trick Room|p1a: Reuniclus
|-fieldstart|move: Trick Room|[of] p1a: Reuniclus
|
|-weather|Sandstorm|[upkeep]
|-heal|p2a: Hippowdon|353\/419|[from] item: Leftovers
|turn|22
|
|move|p1a: Reuniclus|Psyshock|p2a: Hippowdon
|-damage|p2a: Hippowdon|197\/419
|move|p2a: Hippowdon|Earthquake|p1a: Reuniclus
|-damage|p1a: Reuniclus|0 fnt
|faint|p1a: Reuniclus
|
|-weather|none
|-heal|p2a: Hippowdon|223\/419|[from] item: Leftovers
|
|switch|p1a: Goodra|Goodra, F|224\/384
|turn|23
|
|move|p2a: Hippowdon|Earthquake|p1a: Goodra
|-damage|p1a: Goodra|35\/384
|move|p1a: Goodra|Draco Meteor|p2a: Hippowdon
|-damage|p2a: Hippowdon|12\/419
|-unboost|p1a: Goodra|spa|2
|
|-heal|p2a: Hippowdon|38\/419|[from] item: Leftovers
|turn|24
|
|move|p2a: Hippowdon|Earthquake|p1a: Goodra
|-damage|p1a: Goodra|0 fnt
|faint|p1a: Goodra
|
|win|zippleclopper
|raw|Ladder updating...
|raw|22dula's rating: 1574 &rarr; <strong>1554<\/strong><br \/>(-20 for losing)
|raw|zippleclopper's rating: 1561 &rarr; <strong>1581<\/strong><br \/>(+20 for winning)
|leave|22dula
|player|p1