|join|Sketchy Ecchi
|join|zippleclopper
|player|p1|Sketchy Ecchi|146
|player|p2|zippleclopper|1
|gametype|singles
|gen|6
|tier|UU
|rated
|rule|Sleep Clause Mod: Limit one foe put to sleep
|rule|Species Clause: Limit one of each PokÃ©mon
|rule|OHKO Clause: OHKO moves are banned
|rule|Moody Clause: Moody is banned
|rule|Evasion Moves Clause: Evasion moves are banned
|rule|Endless Battle Clause: Forcing endless battles is banned
|rule|HP Percentage Mod: HP is shown in percentages
|clearpoke
|poke|p1|Nidoqueen, F
|poke|p1|Forretress, F
|poke|p1|Togetic, F
|poke|p1|Suicune
|poke|p1|Blissey, F
|poke|p1|Spiritomb, M
|poke|p2|Hippowdon, M
|poke|p2|Reuniclus, M
|poke|p2|Doublade, M
|poke|p2|Entei, shiny
|poke|p2|Virizion
|poke|p2|Blastoise, F
|rule|Swagger Clause: Swagger is banned
|rule|Baton Pass Clause: Limit one PokÃ©mon knowing Baton Pass
|teampreview
|
|start
|switch|p1a: Heart-Shaped Box|Forretress, F|354\/354
|switch|p2a: Blastoise|Blastoise, F|355\/355
|turn|1
|
|switch|p1a: Rape Me|Blissey, F|714\/714
|detailschange|p2a: Blastoise|Blastoise-Mega, F
|-mega|p2a: Blastoise|Blastoise|Blastoisinite
|move|p2a: Blastoise|Hydro Pump|p1a: Rape Me
|-damage|p1a: Rape Me|548\/714
|
|-heal|p1a: Rape Me|592\/714|[from] item: Leftovers
|turn|2
|join|knightcross
|join|DrReuniclus3
|join|RockinRobbins
|
|switch|p2a: Hippowdon|Hippowdon, M|419\/419
|-weather|Sandstorm
|switch|p1a: About A Girl|Nidoqueen, F|384\/384
|
|-weather|Sandstorm|[upkeep]
|turn|3
|
|switch|p2a: Blastoise|Blastoise-Mega, F|355\/355
|move|p1a: About A Girl|Toxic Spikes|p2a: Blastoise
|-sidestart|p2: zippleclopper|move: Toxic Spikes
|
|-weather|Sandstorm|[upkeep]
|-damage|p2a: Blastoise|333\/355|[from] sandstorm
|turn|4
|
|switch|p1a: Blew|Spiritomb, M|304\/304
|move|p2a: Blastoise|Hydro Pump|p1a: Blew
|-damage|p1a: Blew|141\/304
|
|-weather|Sandstorm|[upkeep]
|-damage|p2a: Blastoise|311\/355|[from] sandstorm
|-damage|p1a: Blew|122\/304|[from] sandstorm
|-heal|p1a: Blew|141\/304|[from] item: Leftovers
|turn|5
|
|switch|p1a: Rape Me|Blissey, F|592\/714
|move|p2a: Blastoise|Hydro Pump|p1a: Rape Me|[miss]
|-miss|p2a: Blastoise|p1a: Rape Me
|
|-weather|Sandstorm|[upkeep]
|-damage|p2a: Blastoise|289\/355|[from] sandstorm
|-damage|p1a: Rape Me|548\/714|[from] sandstorm
|-heal|p1a: Rape Me|592\/714|[from] item: Leftovers
|turn|6
|
|move|p2a: Blastoise|Rapid Spin|p1a: Rape Me
|-damage|p1a: Rape Me|566\/714
|-sideend|p2: zippleclopper|Toxic Spikes|[from] move: Rapid Spin|[of] p2a: Blastoise
|move|p1a: Rape Me|Toxic|p2a: Blastoise
|-status|p2a: Blastoise|tox
|
|-weather|none
|-heal|p1a: Rape Me|610\/714|[from] item: Leftovers
|-damage|p2a: Blastoise|267\/355 tox|[from] psn
|turn|7
|
|switch|p2a: Reuniclus|Reuniclus, M|424\/424
|move|p1a: Rape Me|Wish|p1a: Rape Me
|
|-heal|p1a: Rape Me|654\/714|[from] item: Leftovers
|turn|8
|
|switch|p1a: Blew|Spiritomb, M|141\/304
|switch|p2a: Entei|Entei, shiny|371\/371
|-ability|p2a: Entei|Pressure
|
|-heal|p1a: Blew|304\/304|[from] move: Wish|[wisher] Rape Me
|turn|9
|
|switch|p1a: Dumb|Suicune|404\/404
|-ability|p1a: Dumb|Pressure
|move|p2a: Entei|Sacred Fire|p1a: Dumb
|-resisted|p1a: Dumb
|-damage|p1a: Dumb|323\/404
|
|-heal|p1a: Dumb|348\/404|[from] item: Leftovers
|turn|10
|
|switch|p1a: Heart-Shaped Box|Forretress, F|354\/354
|move|p2a: Entei|Sacred Fire|p1a: Heart-Shaped Box
|-supereffective|p1a: Heart-Shaped Box
|-damage|p1a: Heart-Shaped Box|0 fnt
|faint|p1a: Heart-Shaped Box
|
|
|switch|p1a: Dumb|Suicune|348\/404
|-ability|p1a: Dumb|Pressure
|turn|11
|
|switch|p1a: About A Girl|Nidoqueen, F|384\/384
|move|p2a: Entei|Sacred Fire|p1a: About A Girl
|-damage|p1a: About A Girl|167\/384
|-status|p1a: About A Girl|brn
|
|-heal|p1a: About A Girl|191\/384 brn|[from] item: Leftovers
|-damage|p1a: About A Girl|143\/384 brn|[from] brn
|turn|12
|
|switch|p1a: Dumb|Suicune|348\/404
|-ability|p1a: Dumb|Pressure
|move|p2a: Entei|Sacred Fire|p1a: Dumb
|-resisted|p1a: Dumb
|-damage|p1a: Dumb|266\/404
|-status|p1a: Dumb|brn
|
|-heal|p1a: Dumb|291\/404 brn|[from] item: Leftovers
|-damage|p1a: Dumb|241\/404 brn|[from] brn
|turn|13
|
|switch|p2a: Virizion|Virizion|324\/324
|move|p1a: Dumb|Rest|p1a: Dumb
|-status|p1a: Dumb|slp
|-heal|p1a: Dumb|404\/404 slp|[silent]
|-status|p1a: Dumb|slp|[from] move: Rest
|
|turn|14
|
|switch|p1a: All Apologies|Togetic, F|311\/311
|move|p2a: Virizion|Swords Dance|p2a: Virizion
|-boost|p2a: Virizion|atk|2
|
|turn|15
|
|move|p2a: Virizion|Stone Edge|p1a: All Apologies
|-supereffective|p1a: All Apologies
|-damage|p1a: All Apologies|35\/311
|-damage|p2a: Virizion|292\/324|[from] item: Life Orb
|move|p1a: All Apologies|Dazzling Gleam|p2a: Virizion
|-supereffective|p2a: Virizion
|-damage|p2a: Virizion|176\/324
|
|turn|16
|
|switch|p1a: About A Girl|Nidoqueen, F|143\/384 brn
|move|p2a: Virizion|Leaf Blade|p1a: About A Girl
|-damage|p1a: About A Girl|0 fnt
|-damage|p2a: Virizion|144\/324|[from] item: Life Orb
|faint|p1a: About A Girl
|
|
|switch|p1a: Dumb|Suicune|404\/404 slp
|-ability|p1a: Dumb|Pressure
|turn|17
|
|move|p2a: Virizion|Leaf Blade|p1a: Dumb
|-supereffective|p1a: Dumb
|-damage|p1a: Dumb|0 fnt
|-damage|p2a: Virizion|112\/324|[from] item: Life Orb
|faint|p1a: Dumb
|
|c|âSketchy Ecchi|aids
|-message|Sketchy Ecchi forfeited.
|
|win|zippleclopper
|raw|Ladder updating...
|leave|Sketchy Ecchi
|player|p1
|raw|Sketchy Ecchi's rating: 1647 &rarr; <strong>1621<\/strong><br \/>(-26 for losing)
|raw|zippleclopper's rating: 1546 &rarr; <strong>1572<\/strong><br \/>(+26 for winning)