|join|Aqua Mann
|join|zippleclopper
|player|p1|Aqua Mann|226
|player|p2|zippleclopper|1
|gametype|singles
|gen|6
|tier|UU
|rated
|rule|Sleep Clause Mod: Limit one foe put to sleep
|rule|Species Clause: Limit one of each PokÃ©mon
|rule|OHKO Clause: OHKO moves are banned
|rule|Moody Clause: Moody is banned
|rule|Evasion Moves Clause: Evasion moves are banned
|rule|Endless Battle Clause: Forcing endless battles is banned
|rule|HP Percentage Mod: HP is shown in percentages
|clearpoke
|poke|p1|Sharpedo, F, shiny
|poke|p1|Nidoqueen, F
|poke|p1|Cresselia, F
|poke|p1|Roserade, M
|poke|p1|Darmanitan, F
|poke|p1|Hitmonchan, M
|poke|p2|Hippowdon, F
|poke|p2|Reuniclus, F
|poke|p2|Doublade, M
|poke|p2|Entei, shiny
|poke|p2|Virizion
|poke|p2|Blastoise, F
|rule|Swagger Clause: Swagger is banned
|rule|Baton Pass Clause: Limit one PokÃ©mon knowing Baton Pass
|teampreview
|c|âAqua Mann|HIPPO
|c|âAqua Mann|fuck hippo
|
|start
|switch|p1a: Roserade|Roserade, M|324\/324
|switch|p2a: Blastoise|Blastoise, F|355\/355
|turn|1
|
|switch|p2a: Doublade|Doublade, M|321\/321
|move|p1a: Roserade|Giga Drain|p2a: Doublade
|-resisted|p2a: Doublade
|-damage|p2a: Doublade|240\/321
|
|turn|2
|
|switch|p1a: Nidoqueen|Nidoqueen, F|383\/383
|move|p2a: Doublade|Iron Head|p1a: Nidoqueen
|-damage|p1a: Nidoqueen|269\/383
|
|-heal|p1a: Nidoqueen|292\/383|[from] item: Black Sludge
|turn|3
|
|switch|p2a: Blastoise|Blastoise, F|355\/355
|move|p1a: Nidoqueen|Stealth Rock|p2a: Blastoise
|-sidestart|p2: zippleclopper|move: Stealth Rock
|
|-heal|p1a: Nidoqueen|315\/383|[from] item: Black Sludge
|turn|4
|
|detailschange|p2a: Blastoise|Blastoise-Mega, F
|-mega|p2a: Blastoise|Blastoise|Blastoisinite
|move|p2a: Blastoise|Rapid Spin|p1a: Nidoqueen
|-damage|p1a: Nidoqueen|303\/383
|-sideend|p2: zippleclopper|Stealth Rock|[from] move: Rapid Spin|[of] p2a: Blastoise
|move|p1a: Nidoqueen|Dragon Tail|p2a: Blastoise|[miss]
|-miss|p1a: Nidoqueen|p2a: Blastoise
|
|-heal|p1a: Nidoqueen|326\/383|[from] item: Black Sludge
|turn|5
|c|âAqua Mann|NIPPLES
|
|switch|p1a: Cresselia|Cresselia, F|444\/444
|move|p2a: Blastoise|Hydro Pump|p1a: Cresselia
|-damage|p1a: Cresselia|302\/444
|
|-heal|p1a: Cresselia|329\/444|[from] item: Leftovers
|turn|6
|
|move|p1a: Cresselia|Thunder Wave|p2a: Blastoise
|-status|p2a: Blastoise|par
|move|p2a: Blastoise|Dark Pulse|p1a: Cresselia
|-supereffective|p1a: Cresselia
|-damage|p1a: Cresselia|135\/444
|
|-heal|p1a: Cresselia|162\/444|[from] item: Leftovers
|turn|7
|
|switch|p2a: Entei|Entei, shiny|371\/371
|-ability|p2a: Entei|Pressure
|move|p1a: Cresselia|Moonlight|p1a: Cresselia
|-heal|p1a: Cresselia|384\/444
|
|-heal|p1a: Cresselia|411\/444|[from] item: Leftovers
|turn|8
|
|move|p2a: Entei|Sacred Fire|p1a: Cresselia
|-damage|p1a: Cresselia|162\/444
|-status|p1a: Cresselia|brn
|move|p1a: Cresselia|Thunder Wave|p2a: Entei
|-status|p2a: Entei|par
|
|-heal|p1a: Cresselia|189\/444 brn|[from] item: Leftovers
|-damage|p1a: Cresselia|134\/444 brn|[from] brn
|turn|9
|
|switch|p1a: Nidoqueen|Nidoqueen, F|326\/383
|move|p2a: Entei|Sacred Fire|p1a: Nidoqueen
|-damage|p1a: Nidoqueen|130\/383
|-status|p1a: Nidoqueen|brn
|
|-heal|p1a: Nidoqueen|153\/383 brn|[from] item: Black Sludge
|-damage|p1a: Nidoqueen|106\/383 brn|[from] brn
|turn|10
|c|âAqua Mann|COME OOOOOON HAX GODS
|
|switch|p2a: Blastoise|Blastoise-Mega, F|355\/355 par
|move|p1a: Nidoqueen|Stealth Rock|p2a: Blastoise
|-sidestart|p2: zippleclopper|move: Stealth Rock
|
|-heal|p1a: Nidoqueen|129\/383 brn|[from] item: Black Sludge
|-damage|p1a: Nidoqueen|82\/383 brn|[from] brn
|turn|11
|
|switch|p1a: Cresselia|Cresselia, F|134\/444 brn
|cant|p2a: Blastoise|par
|
|-heal|p1a: Cresselia|161\/444 brn|[from] item: Leftovers
|-damage|p1a: Cresselia|106\/444 brn|[from] brn
|turn|12
|
|move|p1a: Cresselia|Moonblast|p2a: Blastoise
|-damage|p2a: Blastoise|307\/355 par
|move|p2a: Blastoise|Rapid Spin|p1a: Cresselia
|-damage|p1a: Cresselia|93\/444 brn
|-sideend|p2: zippleclopper|Stealth Rock|[from] move: Rapid Spin|[of] p2a: Blastoise
|
|-heal|p1a: Cresselia|120\/444 brn|[from] item: Leftovers
|-damage|p1a: Cresselia|65\/444 brn|[from] brn
|turn|13
|
|move|p1a: Cresselia|Moonlight|p1a: Cresselia
|-heal|p1a: Cresselia|287\/444 brn
|move|p2a: Blastoise|Dark Pulse|p1a: Cresselia
|-supereffective|p1a: Cresselia
|-damage|p1a: Cresselia|81\/444 brn
|
|-heal|p1a: Cresselia|108\/444 brn|[from] item: Leftovers
|-damage|p1a: Cresselia|53\/444 brn|[from] brn
|turn|14
|
|move|p1a: Cresselia|Moonlight|p1a: Cresselia
|-heal|p1a: Cresselia|275\/444 brn
|move|p2a: Blastoise|Dark Pulse|p1a: Cresselia
|-supereffective|p1a: Cresselia
|-damage|p1a: Cresselia|79\/444 brn
|
|-heal|p1a: Cresselia|106\/444 brn|[from] item: Leftovers
|-damage|p1a: Cresselia|51\/444 brn|[from] brn
|turn|15
|
|move|p1a: Cresselia|Moonblast|p2a: Blastoise
|-damage|p2a: Blastoise|253\/355 par
|-unboost|p2a: Blastoise|spa|1
|move|p2a: Blastoise|Dark Pulse|p1a: Cresselia
|-supereffective|p1a: Cresselia
|-damage|p1a: Cresselia|0 fnt
|faint|p1a: Cresselia
|
|
|switch|p1a: Roserade|Roserade, M|324\/324
|turn|16
|
|switch|p2a: Entei|Entei, shiny|371\/371 par
|-ability|p2a: Entei|Pressure
|move|p1a: Roserade|Leech Seed|p2a: Entei
|-start|p2a: Entei|move: Leech Seed
|
|-damage|p2a: Entei|325\/371 par|[from] Leech Seed|[of] p1a: Roserade
|turn|17
|
|switch|p1a: Darmanitan|Darmanitan, F|351\/351
|cant|p2a: Entei|par
|
|-damage|p2a: Entei|279\/371 par|[from] Leech Seed|[of] p1a: Darmanitan
|turn|18
|
|switch|p2a: Hippowdon|Hippowdon, F|419\/419
|-weather|Sandstorm
|move|p1a: Darmanitan|U-turn|p2a: Hippowdon
|-damage|p2a: Hippowdon|340\/419
|
|switch|p1a: Roserade|Roserade, M|324\/324
|
|-weather|Sandstorm|[upkeep]
|-damage|p1a: Roserade|304\/324|[from] sandstorm
|-heal|p1a: Roserade|324\/324|[from] item: Black Sludge
|-heal|p2a: Hippowdon|366\/419|[from] item: Leftovers
|turn|19
|
|move|p1a: Roserade|Giga Drain|p2a: Hippowdon
|-supereffective|p2a: Hippowdon
|-damage|p2a: Hippowdon|94\/419
|move|p2a: Hippowdon|Earthquake|p1a: Roserade
|-damage|p1a: Roserade|152\/324
|
|-weather|Sandstorm|[upkeep]
|-damage|p1a: Roserade|132\/324|[from] sandstorm
|-heal|p1a: Roserade|152\/324|[from] item: Black Sludge
|-heal|p2a: Hippowdon|120\/419|[from] item: Leftovers
|turn|20
|
|switch|p2a: Reuniclus|Reuniclus, F|424\/424
|move|p1a: Roserade|Giga Drain|p2a: Reuniclus
|-damage|p2a: Reuniclus|273\/424
|-heal|p1a: Roserade|228\/324|[from] drain|[of] p2a: Reuniclus
|
|-weather|Sandstorm|[upkeep]
|-damage|p1a: Roserade|208\/324|[from] sandstorm
|-heal|p1a: Roserade|228\/324|[from] item: Black Sludge
|-heal|p2a: Reuniclus|299\/424|[from] item: Leftovers
|turn|21
|
|switch|p1a: Sharknado|Sharpedo, F, shiny|281\/281
|move|p2a: Reuniclus|Focus Blast|p1a: Sharknado
|-supereffective|p1a: Sharknado
|-damage|p1a: Sharknado|0 fnt
|faint|p1a: Sharknado
|
|-weather|Sandstorm|[upkeep]
|-heal|p2a: Reuniclus|325\/424|[from] item: Leftovers
|
|switch|p1a: Darmanitan|Darmanitan, F|351\/351
|turn|22
|
|move|p1a: Darmanitan|U-turn|p2a: Reuniclus
|-supereffective|p2a: Reuniclus
|-damage|p2a: Reuniclus|185\/424
|
|switch|p1a: Nidoqueen|Nidoqueen, F|82\/383 brn
|move|p2a: Reuniclus|Recover|p2a: Reuniclus
|-heal|p2a: Reuniclus|397\/424
|
|-weather|none
|-heal|p1a: Nidoqueen|105\/383 brn|[from] item: Black Sludge
|-heal|p2a: Reuniclus|423\/424|[from] item: Leftovers
|-damage|p1a: Nidoqueen|58\/383 brn|[from] brn
|turn|23
|
|move|p1a: Nidoqueen|Stealth Rock|p2a: Reuniclus
|-sidestart|p2: zippleclopper|move: Stealth Rock
|move|p2a: Reuniclus|Calm Mind|p2a: Reuniclus
|-boost|p2a: Reuniclus|spa|1
|-boost|p2a: Reuniclus|spd|1
|
|-heal|p1a: Nidoqueen|81\/383 brn|[from] item: Black Sludge
|-heal|p2a: Reuniclus|424\/424|[from] item: Leftovers
|-damage|p1a: Nidoqueen|34\/383 brn|[from] brn
|turn|24
|
|move|p2a: Reuniclus|Calm Mind|p2a: Reuniclus
|-boost|p2a: Reuniclus|spa|1
|-boost|p2a: Reuniclus|spd|1
|move|p1a: Nidoqueen|Dragon Tail|p2a: Reuniclus
|-damage|p2a: Reuniclus|406\/424
|drag|p2a: Hippowdon|Hippowdon, F|120\/419
|-damage|p2a: Hippowdon|94\/419|[from] Stealth Rock
|-weather|Sandstorm
|
|-weather|Sandstorm|[upkeep]
|-heal|p1a: Nidoqueen|57\/383 brn|[from] item: Black Sludge
|-heal|p2a: Hippowdon|120\/419|[from] item: Leftovers
|-damage|p1a: Nidoqueen|10\/383 brn|[from] brn
|turn|25
|
|move|p2a: Hippowdon|Slack Off|p2a: Hippowdon
|-heal|p2a: Hippowdon|330\/419
|move|p1a: Nidoqueen|Dragon Tail|p2a: Hippowdon|[miss]
|-miss|p1a: Nidoqueen|p2a: Hippowdon
|
|-weather|Sandstorm|[upkeep]
|-heal|p1a: Nidoqueen|33\/383 brn|[from] item: Black Sludge
|-heal|p2a: Hippowdon|356\/419|[from] item: Leftovers
|-damage|p1a: Nidoqueen|0 fnt|[from] brn
|faint|p1a: Nidoqueen
|c|âAqua Mann|titty fuckers
|c|âAqua Mann|gg
|-message|Aqua Mann forfeited.
|
|win|zippleclopper
|raw|Ladder updating...
|leave|Aqua Mann
|player|p1
|raw|Aqua Mann's rating: 1329 &rarr; <strong>1316<\/strong><br \/>(-13 for losing)
|raw|zippleclopper's rating: 1448 &rarr; <strong>1461<\/strong><br \/>(+13 for winning)