|join|Bundy
|join|zippleclopper
|player|p1|Bundy|264
|player|p2|zippleclopper|1
|gametype|singles
|gen|6
|tier|UU
|rated
|rule|Sleep Clause Mod: Limit one foe put to sleep
|rule|Species Clause: Limit one of each PokÃ©mon
|rule|OHKO Clause: OHKO moves are banned
|rule|Moody Clause: Moody is banned
|rule|Evasion Moves Clause: Evasion moves are banned
|rule|Endless Battle Clause: Forcing endless battles is banned
|rule|HP Percentage Mod: HP is shown in percentages
|clearpoke
|poke|p1|Sceptile, M
|poke|p1|Feraligatr, M
|poke|p1|Infernape, M
|poke|p1|Noivern, M
|poke|p1|Milotic, F
|poke|p1|Jirachi
|poke|p2|Hippowdon, M
|poke|p2|Reuniclus, M
|poke|p2|Doublade, F
|poke|p2|Entei, shiny
|poke|p2|Virizion
|poke|p2|Blastoise, F
|rule|Swagger Clause: Swagger is banned
|rule|Baton Pass Clause: Limit one PokÃ©mon knowing Baton Pass
|teampreview
|
|start
|switch|p1a: Pirate Hunter Zoro|Sceptile, M|282\/282
|switch|p2a: Blastoise|Blastoise, F|355\/355
|turn|1
|
|detailschange|p1a: Pirate Hunter Zoro|Sceptile-Mega, M
|message|Sceptile has Mega Evolved into Mega Sceptile!
|detailschange|p2a: Blastoise|Blastoise-Mega, F
|message|Blastoise has Mega Evolved into Mega Blastoise!
|move|p1a: Pirate Hunter Zoro|Substitute|p1a: Pirate Hunter Zoro
|-start|p1a: Pirate Hunter Zoro|Substitute
|-damage|p1a: Pirate Hunter Zoro|212\/282
|move|p2a: Blastoise|Ice Beam|p1a: Pirate Hunter Zoro
|-supereffective|p1a: Pirate Hunter Zoro
|-end|p1a: Pirate Hunter Zoro|Substitute
|
|turn|2
|
|switch|p1a: Tony Tony Choppah|Jirachi|404\/404
|move|p2a: Blastoise|Ice Beam|p1a: Tony Tony Choppah
|-resisted|p1a: Tony Tony Choppah
|-damage|p1a: Tony Tony Choppah|363\/404
|
|-heal|p1a: Tony Tony Choppah|388\/404|[from] item: Leftovers
|turn|3
|
|move|p1a: Tony Tony Choppah|Body Slam|p2a: Blastoise
|-damage|p2a: Blastoise|298\/355
|move|p2a: Blastoise|Dark Pulse|p1a: Tony Tony Choppah
|-supereffective|p1a: Tony Tony Choppah
|-damage|p1a: Tony Tony Choppah|162\/404
|
|-heal|p1a: Tony Tony Choppah|187\/404|[from] item: Leftovers
|turn|4
|
|switch|p1a: Devil Child Robin|Milotic, F|393\/393
|move|p2a: Blastoise|Dark Pulse|p1a: Devil Child Robin
|-damage|p1a: Devil Child Robin|271\/393
|
|-heal|p1a: Devil Child Robin|295\/393|[from] item: Leftovers
|turn|5
|
|switch|p2a: Reuniclus|Reuniclus, M|424\/424
|move|p1a: Devil Child Robin|Scald|p2a: Reuniclus
|-damage|p2a: Reuniclus|309\/424
|-status|p2a: Reuniclus|brn
|
|-heal|p1a: Devil Child Robin|319\/393|[from] item: Leftovers
|-heal|p2a: Reuniclus|335\/424 brn|[from] item: Leftovers
|turn|6
|
|switch|p1a: Tony Tony Choppah|Jirachi|187\/404
|move|p2a: Reuniclus|Calm Mind|p2a: Reuniclus
|-boost|p2a: Reuniclus|spa|1
|-boost|p2a: Reuniclus|spd|1
|
|-heal|p1a: Tony Tony Choppah|212\/404|[from] item: Leftovers
|-heal|p2a: Reuniclus|361\/424 brn|[from] item: Leftovers
|turn|7
|
|switch|p2a: Doublade|Doublade, F|321\/321
|move|p1a: Tony Tony Choppah|Iron Head|p2a: Doublade
|-resisted|p2a: Doublade
|-damage|p2a: Doublade|300\/321
|
|-heal|p1a: Tony Tony Choppah|237\/404|[from] item: Leftovers
|turn|8
|
|switch|p2a: Virizion|Virizion|324\/324
|move|p1a: Tony Tony Choppah|Stealth Rock|p2a: Virizion
|-sidestart|p2: zippleclopper|move: Stealth Rock
|
|-heal|p1a: Tony Tony Choppah|262\/404|[from] item: Leftovers
|turn|9
|
|switch|p2a: Doublade|Doublade, F|300\/321
|-damage|p2a: Doublade|280\/321|[from] Stealth Rock
|move|p1a: Tony Tony Choppah|Body Slam|p2a: Doublade
|-immune|p2a: Doublade|[msg]
|
|-heal|p1a: Tony Tony Choppah|287\/404|[from] item: Leftovers
|turn|10
|
|move|p1a: Tony Tony Choppah|Wish|p1a: Tony Tony Choppah
|move|p2a: Doublade|Swords Dance|p2a: Doublade
|-boost|p2a: Doublade|atk|2
|
|-heal|p1a: Tony Tony Choppah|312\/404|[from] item: Leftovers
|turn|11
|
|switch|p1a: Monkey D. Luffy|Infernape, M|293\/293
|move|p2a: Doublade|Sacred Sword|p1a: Monkey D. Luffy
|-crit|p1a: Monkey D. Luffy
|-damage|p1a: Monkey D. Luffy|0 fnt
|faint|p1a: Monkey D. Luffy
|
|
|switch|p1a: Devil Child Robin|Milotic, F|319\/393
|turn|12
|
|move|p1a: Devil Child Robin|Ice Beam|p2a: Doublade
|-resisted|p2a: Doublade
|-damage|p2a: Doublade|239\/321
|move|p2a: Doublade|Sacred Sword|p1a: Devil Child Robin
|-damage|p1a: Devil Child Robin|131\/393
|
|-heal|p1a: Devil Child Robin|155\/393|[from] item: Leftovers
|turn|13
|
|move|p1a: Devil Child Robin|Recover|p1a: Devil Child Robin
|-heal|p1a: Devil Child Robin|352\/393
|move|p2a: Doublade|Sacred Sword|p1a: Devil Child Robin
|-damage|p1a: Devil Child Robin|178\/393
|
|-heal|p1a: Devil Child Robin|202\/393|[from] item: Leftovers
|turn|14
|
|move|p1a: Devil Child Robin|Haze|p1a: Devil Child Robin
|-clearallboost
|move|p2a: Doublade|Sacred Sword|p1a: Devil Child Robin
|-damage|p1a: Devil Child Robin|113\/393
|
|-heal|p1a: Devil Child Robin|137\/393|[from] item: Leftovers
|turn|15
|
|switch|p2a: Virizion|Virizion|324\/324
|-damage|p2a: Virizion|304\/324|[from] Stealth Rock
|move|p1a: Devil Child Robin|Recover|p1a: Devil Child Robin
|-heal|p1a: Devil Child Robin|334\/393
|
|-heal|p1a: Devil Child Robin|358\/393|[from] item: Leftovers
|turn|16
|
|switch|p1a: Thousand Sunny|Noivern, M|311\/311
|move|p2a: Virizion|Stone Edge|p1a: Thousand Sunny
|-supereffective|p1a: Thousand Sunny
|-damage|p1a: Thousand Sunny|22\/311
|-damage|p2a: Virizion|272\/324|[from] item: Life Orb
|
|turn|17
|
|switch|p2a: Hippowdon|Hippowdon, M|419\/419
|-damage|p2a: Hippowdon|393\/419|[from] Stealth Rock
|-weather|Sandstorm
|move|p1a: Thousand Sunny|Flamethrower|p2a: Hippowdon
|-damage|p2a: Hippowdon|314\/419
|
|-weather|Sandstorm|[upkeep]
|-damage|p1a: Thousand Sunny|3\/311|[from] sandstorm
|-heal|p2a: Hippowdon|340\/419|[from] item: Leftovers
|turn|18
|
|switch|p1a: Pirate Hunter Zoro|Sceptile-Mega, M|212\/282
|move|p2a: Hippowdon|Stealth Rock|p1a: Pirate Hunter Zoro
|-sidestart|p1: Bundy|move: Stealth Rock
|
|-weather|Sandstorm|[upkeep]
|-damage|p1a: Pirate Hunter Zoro|195\/282|[from] sandstorm
|-heal|p2a: Hippowdon|366\/419|[from] item: Leftovers
|turn|19
|
|switch|p1a: Devil Child Robin|Milotic, F|358\/393
|-damage|p1a: Devil Child Robin|309\/393|[from] Stealth Rock
|move|p2a: Hippowdon|Rock Slide|p1a: Devil Child Robin
|-damage|p1a: Devil Child Robin|257\/393
|
|-weather|Sandstorm|[upkeep]
|-damage|p1a: Devil Child Robin|233\/393|[from] sandstorm
|-heal|p1a: Devil Child Robin|257\/393|[from] item: Leftovers
|-heal|p2a: Hippowdon|392\/419|[from] item: Leftovers
|turn|20
|
|switch|p2a: Blastoise|Blastoise-Mega, F|298\/355
|-damage|p2a: Blastoise|254\/355|[from] Stealth Rock
|move|p1a: Devil Child Robin|Ice Beam|p2a: Blastoise
|-resisted|p2a: Blastoise
|-damage|p2a: Blastoise|220\/355
|
|-weather|Sandstorm|[upkeep]
|-damage|p2a: Blastoise|198\/355|[from] sandstorm
|-damage|p1a: Devil Child Robin|233\/393|[from] sandstorm
|-heal|p1a: Devil Child Robin|257\/393|[from] item: Leftovers
|turn|21
|
|move|p2a: Blastoise|Rapid Spin|p1a: Devil Child Robin
|-damage|p1a: Devil Child Robin|245\/393
|-sideend|p2: zippleclopper|Stealth Rock|[from] move: Rapid Spin|[of] p2a: Blastoise
|move|p1a: Devil Child Robin|Scald|p2a: Blastoise
|-resisted|p2a: Blastoise
|-damage|p2a: Blastoise|153\/355
|
|-weather|none
|-heal|p1a: Devil Child Robin|269\/393|[from] item: Leftovers
|turn|22
|
|move|p2a: Blastoise|Dark Pulse|p1a: Devil Child Robin
|-damage|p1a: Devil Child Robin|145\/393
|move|p1a: Devil Child Robin|Recover|p1a: Devil Child Robin
|-heal|p1a: Devil Child Robin|342\/393
|
|-heal|p1a: Devil Child Robin|366\/393|[from] item: Leftovers
|turn|23
|
|move|p2a: Blastoise|Dark Pulse|p1a: Devil Child Robin
|-damage|p1a: Devil Child Robin|223\/393
|move|p1a: Devil Child Robin|Scald|p2a: Blastoise
|-resisted|p2a: Blastoise
|-damage|p2a: Blastoise|113\/355
|
|-heal|p1a: Devil Child Robin|247\/393|[from] item: Leftovers
|turn|24
|
|move|p2a: Blastoise|Dark Pulse|p1a: Devil Child Robin
|-damage|p1a: Devil Child Robin|107\/393
|move|p1a: Devil Child Robin|Recover|p1a: Devil Child Robin
|-heal|p1a: Devil Child Robin|304\/393
|
|-heal|p1a: Devil Child Robin|328\/393|[from] item: Leftovers
|turn|25
|
|move|p2a: Blastoise|Dark Pulse|p1a: Devil Child Robin
|-damage|p1a: Devil Child Robin|206\/393
|move|p1a: Devil Child Robin|Ice Beam|p2a: Blastoise
|-resisted|p2a: Blastoise
|-damage|p2a: Blastoise|81\/355
|
|-heal|p1a: Devil Child Robin|230\/393|[from] item: Leftovers
|turn|26
|
|move|p2a: Blastoise|Dark Pulse|p1a: Devil Child Robin
|-damage|p1a: Devil Child Robin|92\/393
|cant|p1a: Devil Child Robin|flinch
|
|-heal|p1a: Devil Child Robin|116\/393|[from] item: Leftovers
|turn|27
|
|switch|p1a: Thousand Sunny|Noivern, M|3\/311
|-damage|p1a: Thousand Sunny|0 fnt|[from] Stealth Rock
|faint|p1a: Thousand Sunny
|move|p2a: Blastoise|Dark Pulse|p1: Thousand Sunny|[notarget]
|-notarget
|
|
|switch|p1a: Black Leg Sanji|Feraligatr, M|374\/374
|-damage|p1a: Black Leg Sanji|328\/374|[from] Stealth Rock
|turn|28
|
|move|p2a: Blastoise|Dark Pulse|p1a: Black Leg Sanji
|-damage|p1a: Black Leg Sanji|146\/374
|move|p1a: Black Leg Sanji|Earthquake|p2a: Blastoise
|-damage|p2a: Blastoise|0 fnt
|faint|p2a: Blastoise
|
|
|switch|p2a: Virizion|Virizion|272\/324
|turn|29
|
|move|p2a: Virizion|Close Combat|p1a: Black Leg Sanji
|-damage|p1a: Black Leg Sanji|0 fnt
|-unboost|p2a: Virizion|def|1
|-unboost|p2a: Virizion|spd|1
|-damage|p2a: Virizion|240\/324|[from] item: Life Orb
|faint|p1a: Black Leg Sanji
|
|
|switch|p1a: Tony Tony Choppah|Jirachi|312\/404
|-damage|p1a: Tony Tony Choppah|287\/404|[from] Stealth Rock
|turn|30
|
|switch|p2a: Entei|Entei, shiny|371\/371
|-ability|p2a: Entei|Pressure
|move|p1a: Tony Tony Choppah|Wish|p1a: Tony Tony Choppah
|
|-heal|p1a: Tony Tony Choppah|312\/404|[from] item: Leftovers
|turn|31
|
|switch|p1a: Devil Child Robin|Milotic, F|116\/393
|-damage|p1a: Devil Child Robin|67\/393|[from] Stealth Rock
|move|p2a: Entei|Sacred Fire|p1a: Devil Child Robin
|-resisted|p1a: Devil Child Robin
|-damage|p1a: Devil Child Robin|0 fnt
|faint|p1a: Devil Child Robin
|
|-message|Bundy forfeited.
|
|win|zippleclopper
|raw|Ladder updating...
|leave|Bundy
|player|p1
|raw|Bundy's rating: 1459 &rarr; <strong>1435<\/strong><br \/>(-24 for losing)
|raw|zippleclopper's rating: 1391 &rarr; <strong>1415<\/strong><br \/>(+24 for winning)