|join|Randomguy213
|join|zippleclopper
|player|p1|Randomguy213|262
|player|p2|zippleclopper|1
|gametype|singles
|gen|6
|tier|UU
|rated
|rule|Sleep Clause Mod: Limit one foe put to sleep
|rule|Species Clause: Limit one of each PokÃ©mon
|rule|OHKO Clause: OHKO moves are banned
|rule|Moody Clause: Moody is banned
|rule|Evasion Moves Clause: Evasion moves are banned
|rule|Endless Battle Clause: Forcing endless battles is banned
|rule|HP Percentage Mod: HP is shown in percentages
|clearpoke
|poke|p1|Porygon-Z
|poke|p1|Scrafty, M
|poke|p1|Alakazam, F
|poke|p1|Flygon, M
|poke|p1|Blastoise, F
|poke|p1|Machamp, M
|poke|p2|Hippowdon, M
|poke|p2|Reuniclus, F
|poke|p2|Doublade, M
|poke|p2|Entei, shiny
|poke|p2|Virizion
|poke|p2|Blastoise, M
|rule|Swagger Clause: Swagger is banned
|rule|Baton Pass Clause: Limit one PokÃ©mon knowing Baton Pass
|teampreview
|
|start
|switch|p1a: Alakazam|Alakazam, F|252\/252
|switch|p2a: Blastoise|Blastoise, M|355\/355
|turn|1
|
|detailschange|p2a: Blastoise|Blastoise-Mega, M
|message|Blastoise has Mega Evolved into Mega Blastoise!
|move|p1a: Alakazam|Energy Ball|p2a: Blastoise
|-supereffective|p2a: Blastoise
|-damage|p2a: Blastoise|153\/355
|move|p2a: Blastoise|Dark Pulse|p1a: Alakazam
|-supereffective|p1a: Alakazam
|-enditem|p1a: Alakazam|Focus Sash
|-damage|p1a: Alakazam|1\/252
|
|turn|2
|
|switch|p2a: Entei|Entei, shiny|371\/371
|-ability|p2a: Entei|Pressure
|move|p1a: Alakazam|Psychic|p2a: Entei
|-damage|p2a: Entei|155\/371
|
|turn|3
|
|switch|p1a: Flygon|Flygon, M|302\/302
|move|p2a: Entei|Extreme Speed|p1a: Flygon
|-damage|p1a: Flygon|132\/302
|
|turn|4
|
|move|p2a: Entei|Extreme Speed|p1a: Flygon
|-damage|p1a: Flygon|0 fnt
|faint|p1a: Flygon
|
|
|switch|p1a: Scrafty|Scrafty, M|334\/334
|turn|5
|
|switch|p2a: Virizion|Virizion|324\/324
|move|p1a: Scrafty|Bulk Up|p1a: Scrafty
|-boost|p1a: Scrafty|atk|1
|-boost|p1a: Scrafty|def|1
|
|turn|6
|
|move|p2a: Virizion|Swords Dance|p2a: Virizion
|-boost|p2a: Virizion|atk|2
|move|p1a: Scrafty|Bulk Up|p1a: Scrafty
|-boost|p1a: Scrafty|atk|1
|-boost|p1a: Scrafty|def|1
|
|turn|7
|
|move|p2a: Virizion|Close Combat|p1a: Scrafty
|-supereffective|p1a: Scrafty
|-damage|p1a: Scrafty|0 fnt
|-unboost|p2a: Virizion|def|1
|-unboost|p2a: Virizion|spd|1
|-damage|p2a: Virizion|292\/324|[from] item: Life Orb
|faint|p1a: Scrafty
|
|
|switch|p1a: Machamp|Machamp, M|384\/384
|turn|8
|
|move|p2a: Virizion|Close Combat|p1a: Machamp
|-crit|p1a: Machamp
|-damage|p1a: Machamp|0 fnt
|-unboost|p2a: Virizion|def|1
|-unboost|p2a: Virizion|spd|1
|-damage|p2a: Virizion|260\/324|[from] item: Life Orb
|faint|p1a: Machamp
|
|
|switch|p1a: Alakazam|Alakazam, F|1\/252
|turn|9
|
|switch|p2a: Doublade|Doublade, M|321\/321
|move|p1a: Alakazam|Psychic|p2a: Doublade
|-resisted|p2a: Doublade
|-damage|p2a: Doublade|223\/321
|
|turn|10
|
|switch|p1a: Porygon-Z|Porygon-Z|374\/374
|move|p2a: Doublade|Shadow Sneak|p1a: Porygon-Z
|-immune|p1a: Porygon-Z|[msg]
|
|turn|11
|
|switch|p2a: Hippowdon|Hippowdon, M|419\/419
|-weather|Sandstorm
|move|p1a: Porygon-Z|Dark Pulse|p2a: Hippowdon
|-damage|p2a: Hippowdon|280\/419
|
|-weather|Sandstorm|[upkeep]
|-damage|p1a: Porygon-Z|351\/374|[from] sandstorm
|-heal|p2a: Hippowdon|306\/419|[from] item: Leftovers
|turn|12
|
|switch|p1a: Blastoise|Blastoise, F|362\/362
|move|p2a: Hippowdon|Earthquake|p1a: Blastoise
|-damage|p1a: Blastoise|242\/362
|
|-weather|Sandstorm|[upkeep]
|-damage|p1a: Blastoise|220\/362|[from] sandstorm
|-heal|p2a: Hippowdon|332\/419|[from] item: Leftovers
|turn|13
|
|detailschange|p1a: Blastoise|Blastoise-Mega, F
|message|Blastoise has Mega Evolved into Mega Blastoise!
|move|p1a: Blastoise|Water Pulse|p2a: Hippowdon
|-supereffective|p2a: Hippowdon
|-damage|p2a: Hippowdon|102\/419
|move|p2a: Hippowdon|Earthquake|p1a: Blastoise
|-damage|p1a: Blastoise|106\/362
|
|-weather|Sandstorm|[upkeep]
|-damage|p1a: Blastoise|84\/362|[from] sandstorm
|-heal|p2a: Hippowdon|128\/419|[from] item: Leftovers
|turn|14
|
|move|p1a: Blastoise|Dark Pulse|p2a: Hippowdon
|-damage|p2a: Hippowdon|18\/419
|move|p2a: Hippowdon|Earthquake|p1a: Blastoise
|-damage|p1a: Blastoise|0 fnt
|faint|p1a: Blastoise
|
|-weather|Sandstorm|[upkeep]
|-heal|p2a: Hippowdon|44\/419|[from] item: Leftovers
|
|switch|p1a: Porygon-Z|Porygon-Z|351\/374
|turn|15
|
|move|p1a: Porygon-Z|Ice Beam|p2a: Hippowdon
|-supereffective|p2a: Hippowdon
|-damage|p2a: Hippowdon|0 fnt
|faint|p2a: Hippowdon
|
|-weather|none
|
|switch|p2a: Virizion|Virizion|260\/324
|turn|16
|
|move|p2a: Virizion|Close Combat|p1a: Porygon-Z
|-supereffective|p1a: Porygon-Z
|-damage|p1a: Porygon-Z|0 fnt
|-unboost|p2a: Virizion|def|1
|-unboost|p2a: Virizion|spd|1
|-damage|p2a: Virizion|228\/324|[from] item: Life Orb
|faint|p1a: Porygon-Z
|
|-message|Randomguy213 forfeited.
|leave|Randomguy213
|
|win|zippleclopper
|raw|Ladder updating...
|player|p1
|raw|Randomguy213's rating: 1112 &rarr; <strong>1091<\/strong><br \/>(-21 for losing)
|raw|zippleclopper's rating: 1167 &rarr; <strong>1188<\/strong><br \/>(+21 for winning)