|join|Hogg Horse
|join|zippleclopper
|player|p1|Hogg Horse|125
|player|p2|zippleclopper|1
|gametype|singles
|gen|6
|tier|UU
|rated
|rule|Sleep Clause Mod: Limit one foe put to sleep
|rule|Species Clause: Limit one of each PokÃ©mon
|rule|OHKO Clause: OHKO moves are banned
|rule|Moody Clause: Moody is banned
|rule|Evasion Moves Clause: Evasion moves are banned
|rule|Endless Battle Clause: Forcing endless battles is banned
|rule|HP Percentage Mod: HP is shown in percentages
|clearpoke
|poke|p1|Bronzong
|poke|p1|Tentacruel, M
|poke|p1|Kyurem
|poke|p1|Amoonguss, M
|poke|p1|Pidgeot, F
|poke|p1|Arcanine, F
|poke|p2|Hippowdon, F
|poke|p2|Reuniclus, M
|poke|p2|Doublade, F
|poke|p2|Entei, shiny
|poke|p2|Virizion
|poke|p2|Blastoise, F
|rule|Swagger Clause: Swagger is banned
|rule|Baton Pass Clause: Limit one PokÃ©mon knowing Baton Pass
|teampreview
|
|start
|switch|p1a: Bronzong|Bronzong|338\/338
|switch|p2a: Blastoise|Blastoise, F|355\/355
|turn|1
|
|detailschange|p2a: Blastoise|Blastoise-Mega, F
|-mega|p2a: Blastoise|Blastoise|Blastoisinite
|move|p2a: Blastoise|Ice Beam|p1a: Bronzong
|-resisted|p1a: Bronzong
|-damage|p1a: Bronzong|297\/338
|move|p1a: Bronzong|Toxic|p2a: Blastoise
|-status|p2a: Blastoise|tox
|
|-heal|p1a: Bronzong|318\/338|[from] item: Leftovers
|-damage|p2a: Blastoise|333\/355 tox|[from] psn
|turn|2
|
|move|p2a: Blastoise|Dark Pulse|p1a: Bronzong
|-supereffective|p1a: Bronzong
|-damage|p1a: Bronzong|90\/338
|move|p1a: Bronzong|Stealth Rock|p2a: Blastoise
|-sidestart|p2: zippleclopper|move: Stealth Rock
|
|-heal|p1a: Bronzong|111\/338|[from] item: Leftovers
|-damage|p2a: Blastoise|289\/355 tox|[from] psn
|turn|3
|
|switch|p1a: Kyurem|Kyurem|405\/405
|-ability|p1a: Kyurem|Pressure
|move|p2a: Blastoise|Rapid Spin|p1a: Kyurem
|-damage|p1a: Kyurem|389\/405
|-sideend|p2: zippleclopper|Stealth Rock|[from] move: Rapid Spin|[of] p2a: Blastoise
|
|-heal|p1a: Kyurem|405\/405|[from] item: Leftovers
|-damage|p2a: Blastoise|223\/355 tox|[from] psn
|turn|4
|
|switch|p2a: Doublade|Doublade, F|321\/321
|move|p1a: Kyurem|Substitute|p1a: Kyurem
|-start|p1a: Kyurem|Substitute
|-damage|p1a: Kyurem|304\/405
|
|-heal|p1a: Kyurem|329\/405|[from] item: Leftovers
|turn|5
|
|move|p1a: Kyurem|Earth Power|p2a: Doublade
|-supereffective|p2a: Doublade
|-damage|p2a: Doublade|67\/321
|move|p2a: Doublade|Iron Head|p1a: Kyurem
|-supereffective|p1a: Kyurem
|-end|p1a: Kyurem|Substitute
|
|-heal|p1a: Kyurem|354\/405|[from] item: Leftovers
|turn|6
|
|move|p1a: Kyurem|Ice Beam|p2a: Doublade
|-crit|p2a: Doublade
|-resisted|p2a: Doublade
|-damage|p2a: Doublade|0 fnt
|faint|p2a: Doublade
|
|-heal|p1a: Kyurem|379\/405|[from] item: Leftovers
|
|switch|p2a: Virizion|Virizion|324\/324
|turn|7
|
|switch|p1a: Amoonguss|Amoonguss, M|432\/432
|move|p2a: Virizion|Swords Dance|p2a: Virizion
|-boost|p2a: Virizion|atk|2
|
|turn|8
|
|move|p2a: Virizion|Stone Edge|p1a: Amoonguss
|-damage|p1a: Amoonguss|212\/432
|-damage|p2a: Virizion|292\/324|[from] item: Life Orb
|move|p1a: Amoonguss|Sludge Bomb|p2a: Virizion
|-supereffective|p2a: Virizion
|-damage|p2a: Virizion|140\/324
|
|-heal|p1a: Amoonguss|239\/432|[from] item: Black Sludge
|turn|9
|
|move|p2a: Virizion|Stone Edge|p1a: Amoonguss|[miss]
|-miss|p2a: Virizion|p1a: Amoonguss
|move|p1a: Amoonguss|Sludge Bomb|p2a: Virizion
|-supereffective|p2a: Virizion
|-damage|p2a: Virizion|2\/324
|
|-heal|p1a: Amoonguss|266\/432|[from] item: Black Sludge
|turn|10
|
|move|p2a: Virizion|Close Combat|p1a: Amoonguss
|-resisted|p1a: Amoonguss
|-damage|p1a: Amoonguss|65\/432
|-unboost|p2a: Virizion|def|1
|-unboost|p2a: Virizion|spd|1
|-damage|p2a: Virizion|0 fnt|[from] item: Life Orb
|faint|p2a: Virizion
|move|p1a: Amoonguss|Sludge Bomb|p2: Virizion|[notarget]
|-notarget
|
|-heal|p1a: Amoonguss|92\/432|[from] item: Black Sludge
|
|switch|p2a: Entei|Entei, shiny|371\/371
|-ability|p2a: Entei|Pressure
|turn|11
|
|switch|p1a: Arcanine|Arcanine, F|383\/383
|-ability|p1a: Arcanine|Intimidate|[of] p2a: Entei
|-unboost|p2a: Entei|atk|1
|move|p2a: Entei|Stone Edge|p1a: Arcanine
|-supereffective|p1a: Arcanine
|-damage|p1a: Arcanine|167\/383
|
|-heal|p1a: Arcanine|190\/383|[from] item: Leftovers
|turn|12
|
|switch|p2a: Blastoise|Blastoise-Mega, F|223\/355 tox
|switch|p1a: Tentacruel|Tentacruel, M|361\/361
|
|-damage|p2a: Blastoise|201\/355 tox|[from] psn
|turn|13
|
|move|p1a: Tentacruel|Toxic Spikes|p2a: Blastoise
|-sidestart|p2: zippleclopper|move: Toxic Spikes
|move|p2a: Blastoise|Dark Pulse|p1a: Tentacruel
|-damage|p1a: Tentacruel|221\/361
|
|-heal|p1a: Tentacruel|243\/361|[from] item: Black Sludge
|-damage|p2a: Blastoise|157\/355 tox|[from] psn
|turn|14
|
|move|p1a: Tentacruel|Toxic Spikes|p2a: Blastoise
|-sidestart|p2: zippleclopper|move: Toxic Spikes
|move|p2a: Blastoise|Dark Pulse|p1a: Tentacruel
|-damage|p1a: Tentacruel|97\/361
|
|-heal|p1a: Tentacruel|119\/361|[from] item: Black Sludge
|-damage|p2a: Blastoise|91\/355 tox|[from] psn
|turn|15
|
|move|p1a: Tentacruel|Scald|p2a: Blastoise
|-resisted|p2a: Blastoise
|-damage|p2a: Blastoise|59\/355 tox
|move|p2a: Blastoise|Rapid Spin|p1a: Tentacruel
|-damage|p1a: Tentacruel|104\/361
|-sideend|p2: zippleclopper|Toxic Spikes|[from] move: Rapid Spin|[of] p2a: Blastoise
|
|-heal|p1a: Tentacruel|126\/361|[from] item: Black Sludge
|-damage|p2a: Blastoise|0 fnt|[from] psn
|faint|p2a: Blastoise
|
|switch|p2a: Entei|Entei, shiny|371\/371
|-ability|p2a: Entei|Pressure
|turn|16
|
|switch|p1a: Arcanine|Arcanine, F|190\/383
|-ability|p1a: Arcanine|Intimidate|[of] p2a: Entei
|-unboost|p2a: Entei|atk|1
|move|p2a: Entei|Sacred Fire|p1a: Arcanine
|-resisted|p1a: Arcanine
|-damage|p1a: Arcanine|114\/383
|
|-heal|p1a: Arcanine|137\/383|[from] item: Leftovers
|turn|17
|
|switch|p2a: Reuniclus|Reuniclus, M|424\/424
|move|p1a: Arcanine|Morning Sun|p1a: Arcanine
|-heal|p1a: Arcanine|328\/383
|
|-heal|p1a: Arcanine|351\/383|[from] item: Leftovers
|turn|18
|
|move|p1a: Arcanine|Flare Blitz|p2a: Reuniclus
|-damage|p2a: Reuniclus|289\/424
|-damage|p1a: Arcanine|306\/383|[from] recoil|[of] p2a: Reuniclus
|move|p2a: Reuniclus|Calm Mind|p2a: Reuniclus
|-boost|p2a: Reuniclus|spa|1
|-boost|p2a: Reuniclus|spd|1
|
|-heal|p1a: Arcanine|329\/383|[from] item: Leftovers
|-heal|p2a: Reuniclus|315\/424|[from] item: Leftovers
|turn|19
|
|move|p1a: Arcanine|Flare Blitz|p2a: Reuniclus
|-damage|p2a: Reuniclus|189\/424
|-damage|p1a: Arcanine|287\/383|[from] recoil|[of] p2a: Reuniclus
|move|p2a: Reuniclus|Calm Mind|p2a: Reuniclus
|-boost|p2a: Reuniclus|spa|1
|-boost|p2a: Reuniclus|spd|1
|
|-heal|p1a: Arcanine|310\/383|[from] item: Leftovers
|-heal|p2a: Reuniclus|215\/424|[from] item: Leftovers
|turn|20
|
|move|p1a: Arcanine|Flare Blitz|p2a: Reuniclus
|-damage|p2a: Reuniclus|83\/424
|-damage|p1a: Arcanine|266\/383|[from] recoil|[of] p2a: Reuniclus
|move|p2a: Reuniclus|Recover|p2a: Reuniclus
|-heal|p2a: Reuniclus|295\/424
|
|-heal|p1a: Arcanine|289\/383|[from] item: Leftovers
|-heal|p2a: Reuniclus|321\/424|[from] item: Leftovers
|turn|21
|
|move|p1a: Arcanine|Flare Blitz|p2a: Reuniclus
|-damage|p2a: Reuniclus|195\/424
|-damage|p1a: Arcanine|247\/383|[from] recoil|[of] p2a: Reuniclus
|move|p2a: Reuniclus|Recover|p2a: Reuniclus
|-heal|p2a: Reuniclus|407\/424
|
|-heal|p1a: Arcanine|270\/383|[from] item: Leftovers
|-heal|p2a: Reuniclus|424\/424|[from] item: Leftovers
|turn|22
|
|move|p1a: Arcanine|Flare Blitz|p2a: Reuniclus
|-damage|p2a: Reuniclus|282\/424
|-damage|p1a: Arcanine|223\/383|[from] recoil|[of] p2a: Reuniclus
|move|p2a: Reuniclus|Calm Mind|p2a: Reuniclus
|-boost|p2a: Reuniclus|spa|1
|-boost|p2a: Reuniclus|spd|1
|
|-heal|p1a: Arcanine|246\/383|[from] item: Leftovers
|-heal|p2a: Reuniclus|308\/424|[from] item: Leftovers
|turn|23
|
|switch|p1a: Tentacruel|Tentacruel, M|126\/361
|move|p2a: Reuniclus|Recover|p2a: Reuniclus
|-heal|p2a: Reuniclus|424\/424
|
|-heal|p1a: Tentacruel|148\/361|[from] item: Black Sludge
|turn|24
|
|move|p1a: Tentacruel|Knock Off|p2a: Reuniclus
|-supereffective|p2a: Reuniclus
|-damage|p2a: Reuniclus|340\/424
|-enditem|p2a: Reuniclus|Leftovers|[from] move: Knock Off|[of] p1a: Tentacruel
|move|p2a: Reuniclus|Psyshock|p1a: Tentacruel
|-supereffective|p1a: Tentacruel
|-damage|p1a: Tentacruel|0 fnt
|faint|p1a: Tentacruel
|
|
|switch|p1a: Amoonguss|Amoonguss, M|236\/432
|turn|25
|
|move|p2a: Reuniclus|Psyshock|p1a: Amoonguss
|-supereffective|p1a: Amoonguss
|-damage|p1a: Amoonguss|0 fnt
|faint|p1a: Amoonguss
|
|c|âHogg Horse|well, I must say I did not expect a speed invested reuni
|
|switch|p1a: Arcanine|Arcanine, F|246\/383
|-ability|p1a: Arcanine|Intimidate|[of] p2a: Reuniclus
|-unboost|p2a: Reuniclus|atk|1
|turn|26
|
|move|p1a: Arcanine|Flare Blitz|p2a: Reuniclus
|-damage|p2a: Reuniclus|205\/424
|-damage|p1a: Arcanine|201\/383|[from] recoil|[of] p2a: Reuniclus
|move|p2a: Reuniclus|Recover|p2a: Reuniclus
|-heal|p2a: Reuniclus|417\/424
|
|-heal|p1a: Arcanine|224\/383|[from] item: Leftovers
|turn|27
|
|move|p1a: Arcanine|Flare Blitz|p2a: Reuniclus
|-damage|p2a: Reuniclus|288\/424
|-damage|p1a: Arcanine|181\/383|[from] recoil|[of] p2a: Reuniclus
|move|p2a: Reuniclus|Calm Mind|p2a: Reuniclus
|-boost|p2a: Reuniclus|spa|1
|-boost|p2a: Reuniclus|spd|1
|
|-heal|p1a: Arcanine|204\/383|[from] item: Leftovers
|turn|28
|
|switch|p1a: Bronzong|Bronzong|111\/338
|move|p2a: Reuniclus|Recover|p2a: Reuniclus
|-heal|p2a: Reuniclus|424\/424
|
|-heal|p1a: Bronzong|132\/338|[from] item: Leftovers
|turn|29
|
|move|p2a: Reuniclus|Focus Blast|p1a: Bronzong
|-damage|p1a: Bronzong|0 fnt
|faint|p1a: Bronzong
|
|
|switch|p1a: Kyurem|Kyurem|379\/405
|-ability|p1a: Kyurem|Pressure
|turn|30
|
|move|p1a: Kyurem|Substitute|p1a: Kyurem
|-start|p1a: Kyurem|Substitute
|-damage|p1a: Kyurem|278\/405
|move|p2a: Reuniclus|Psyshock|p1a: Kyurem
|-end|p1a: Kyurem|Substitute
|
|-heal|p1a: Kyurem|303\/405|[from] item: Leftovers
|turn|31
|
|move|p1a: Kyurem|Substitute|p1a: Kyurem
|-start|p1a: Kyurem|Substitute
|-damage|p1a: Kyurem|202\/405
|move|p2a: Reuniclus|Psyshock|p1a: Kyurem
|-end|p1a: Kyurem|Substitute
|
|-heal|p1a: Kyurem|227\/405|[from] item: Leftovers
|turn|32
|
|move|p1a: Kyurem|Substitute|p1a: Kyurem
|-start|p1a: Kyurem|Substitute
|-damage|p1a: Kyurem|126\/405
|move|p2a: Reuniclus|Psyshock|p1a: Kyurem
|-end|p1a: Kyurem|Substitute
|
|-heal|p1a: Kyurem|151\/405|[from] item: Leftovers
|turn|33
|
|move|p1a: Kyurem|Substitute|p1a: Kyurem
|-start|p1a: Kyurem|Substitute
|-damage|p1a: Kyurem|50\/405
|move|p2a: Reuniclus|Psyshock|p1a: Kyurem
|-end|p1a: Kyurem|Substitute
|
|-heal|p1a: Kyurem|75\/405|[from] item: Leftovers
|turn|34
|
|move|p1a: Kyurem|Roost|p1a: Kyurem
|-heal|p1a: Kyurem|278\/405
|move|p2a: Reuniclus|Psyshock|p1a: Kyurem
|-crit|p1a: Kyurem
|-damage|p1a: Kyurem|0 fnt
|faint|p1a: Kyurem
|
|
|switch|p1a: Pidgeot|Pidgeot, F|307\/307
|turn|35
|
|detailschange|p1a: Pidgeot|Pidgeot-Mega, F
|-mega|p1a: Pidgeot|Pidgeot|Pidgeotite
|move|p1a: Pidgeot|Hurricane|p2a: Reuniclus
|-damage|p2a: Reuniclus|346\/424
|move|p2a: Reuniclus|Psyshock|p1a: Pidgeot
|-damage|p1a: Pidgeot|0 fnt
|faint|p1a: Pidgeot
|
|
|switch|p1a: Arcanine|Arcanine, F|204\/383
|-ability|p1a: Arcanine|Intimidate|[of] p2a: Reuniclus
|-unboost|p2a: Reuniclus|atk|1
|turn|36
|
|move|p1a: Arcanine|Flare Blitz|p2a: Reuniclus
|-damage|p2a: Reuniclus|202\/424
|-damage|p1a: Arcanine|156\/383|[from] recoil|[of] p2a: Reuniclus
|move|p2a: Reuniclus|Psyshock|p1a: Arcanine
|-damage|p1a: Arcanine|0 fnt
|faint|p1a: Arcanine
|
|win|zippleclopper
|raw|Ladder updating...
|raw|Hogg Horse's rating: 1490 &rarr; <strong>1474<\/strong><br \/>(-16 for losing)
|raw|zippleclopper's rating: 1555 &rarr; <strong>1571<\/strong><br \/>(+16 for winning)
|c|âHogg Horse|gg
|leave|Hogg Horse
|player|p1