|join|zippleclopper
|join|Sacri'
|player|p1|zippleclopper|1
|player|p2|Sacri'|170
|gametype|singles
|gen|6
|tier|UU
|rated
|rule|Sleep Clause Mod: Limit one foe put to sleep
|rule|Species Clause: Limit one of each PokÃ©mon
|rule|OHKO Clause: OHKO moves are banned
|rule|Moody Clause: Moody is banned
|rule|Evasion Moves Clause: Evasion moves are banned
|rule|Endless Battle Clause: Forcing endless battles is banned
|rule|HP Percentage Mod: HP is shown in percentages
|clearpoke
|poke|p1|Hippowdon, M
|poke|p1|Reuniclus, M
|poke|p1|Doublade, M
|poke|p1|Entei, shiny
|poke|p1|Virizion
|poke|p1|Blastoise, M
|poke|p2|Absol, F
|poke|p2|Nidoqueen, F
|poke|p2|Roserade, F
|poke|p2|Mienshao, F
|poke|p2|Jirachi
|poke|p2|Suicune
|rule|Swagger Clause: Swagger is banned
|rule|Baton Pass Clause: Limit one PokÃ©mon knowing Baton Pass
|teampreview
|c|âSacri'|hf
|c|âSacri'|Reuniclus + Doublade
|c|âSacri'|Medicham counter team
|c|âSacri'|o.o
|
|start
|switch|p1a: Blastoise|Blastoise, M|355\/355
|switch|p2a: Nidoqueen|Nidoqueen, F|384\/384
|turn|1
|
|switch|p2a: Roserade|Roserade, F|262\/262
|detailschange|p1a: Blastoise|Blastoise-Mega, M
|-mega|p1a: Blastoise|Blastoise|Blastoisinite
|move|p1a: Blastoise|Hydro Pump|p2a: Roserade
|-resisted|p2a: Roserade
|-damage|p2a: Roserade|151\/262
|
|turn|2
|
|move|p2a: Roserade|Sleep Powder|p1a: Blastoise
|-status|p1a: Blastoise|slp
|cant|p1a: Blastoise|slp
|
|turn|3
|
|move|p2a: Roserade|Giga Drain|p1a: Blastoise
|-supereffective|p1a: Blastoise
|-damage|p1a: Blastoise|125\/355 slp
|-heal|p2a: Roserade|262\/262|[from] drain|[of] p1a: Blastoise
|cant|p1a: Blastoise|slp
|
|turn|4
|
|switch|p1a: Entei|Entei, shiny|371\/371
|-ability|p1a: Entei|Pressure
|move|p2a: Roserade|Spikes|p1a: Entei
|-sidestart|p1: zippleclopper|Spikes
|
|turn|5
|
|move|p2a: Roserade|Spikes|p1a: Entei
|-sidestart|p1: zippleclopper|Spikes
|move|p1a: Entei|Sacred Fire|p2a: Roserade
|-supereffective|p2a: Roserade
|-enditem|p2a: Roserade|Focus Sash
|-damage|p2a: Roserade|1\/262
|
|turn|6
|
|move|p2a: Roserade|Spikes|p1a: Entei
|-sidestart|p1: zippleclopper|Spikes
|move|p1a: Entei|Sacred Fire|p2a: Roserade
|-supereffective|p2a: Roserade
|-damage|p2a: Roserade|0 fnt
|faint|p2a: Roserade
|
|
|switch|p2a: Suicune|Suicune|404\/404
|-ability|p2a: Suicune|Pressure
|turn|7
|
|switch|p1a: Reuniclus|Reuniclus, M|424\/424
|switch|p2a: Nidoqueen|Nidoqueen, F|384\/384
|
|turn|8
|
|switch|p2a: Absol|Absol, F|271\/271
|switch|p1a: Blastoise|Blastoise-Mega, M|125\/355 slp
|-damage|p1a: Blastoise|37\/355 slp|[from] Spikes
|
|turn|9
|
|detailschange|p2a: Absol|Absol-Mega, F
|-mega|p2a: Absol|Absol|Absolite
|move|p2a: Absol|Knock Off|p1a: Blastoise
|-damage|p1a: Blastoise|0 fnt
|faint|p1a: Blastoise
|
|
|switch|p1a: Hippowdon|Hippowdon, M|419\/419
|-damage|p1a: Hippowdon|315\/419|[from] Spikes
|-weather|Sandstorm
|turn|10
|
|switch|p2a: Suicune|Suicune|404\/404
|-ability|p2a: Suicune|Pressure
|move|p1a: Hippowdon|Earthquake|p2a: Suicune
|-damage|p2a: Suicune|316\/404
|
|-weather|Sandstorm|[upkeep]
|-damage|p2a: Suicune|291\/404|[from] sandstorm
|-heal|p2a: Suicune|316\/404|[from] item: Leftovers
|-heal|p1a: Hippowdon|341\/419|[from] item: Leftovers
|turn|11
|
|switch|p2a: Absol|Absol-Mega, F|271\/271
|switch|p1a: Reuniclus|Reuniclus, M|424\/424
|
|-weather|Sandstorm|[upkeep]
|-damage|p2a: Absol|255\/271|[from] sandstorm
|turn|12
|
|switch|p1a: Hippowdon|Hippowdon, M|341\/419
|-damage|p1a: Hippowdon|237\/419|[from] Spikes
|move|p2a: Absol|Knock Off|p1a: Hippowdon
|-damage|p1a: Hippowdon|86\/419
|-enditem|p1a: Hippowdon|Leftovers|[from] move: Knock Off|[of] p2a: Absol
|
|-weather|Sandstorm|[upkeep]
|-damage|p2a: Absol|239\/271|[from] sandstorm
|turn|13
|
|move|p2a: Absol|Knock Off|p1a: Hippowdon
|-damage|p1a: Hippowdon|0 fnt
|faint|p1a: Hippowdon
|
|-weather|Sandstorm|[upkeep]
|-damage|p2a: Absol|223\/271|[from] sandstorm
|
|switch|p1a: Virizion|Virizion|324\/324
|-damage|p1a: Virizion|243\/324|[from] Spikes
|turn|14
|
|move|p2a: Absol|Play Rough|p1a: Virizion
|-supereffective|p1a: Virizion
|-damage|p1a: Virizion|0 fnt
|faint|p1a: Virizion
|
|-weather|none
|
|switch|p1a: Entei|Entei, shiny|371\/371
|-damage|p1a: Entei|279\/371|[from] Spikes
|-ability|p1a: Entei|Pressure
|turn|15
|
|switch|p2a: Suicune|Suicune|316\/404
|-ability|p2a: Suicune|Pressure
|move|p1a: Entei|Sacred Fire|p2a: Suicune
|-resisted|p2a: Suicune
|-damage|p2a: Suicune|221\/404
|
|-heal|p2a: Suicune|246\/404|[from] item: Leftovers
|turn|16
|
|switch|p2a: Absol|Absol-Mega, F|223\/271
|move|p1a: Entei|Sacred Fire|p2a: Absol
|-crit|p2a: Absol
|-damage|p2a: Absol|0 fnt
|faint|p2a: Absol
|
|
|switch|p2a: Suicune|Suicune|246\/404
|-ability|p2a: Suicune|Pressure
|turn|17
|
|move|p1a: Entei|Sacred Fire|p2a: Suicune|[miss]
|-miss|p1a: Entei|p2a: Suicune
|move|p2a: Suicune|Scald|p1a: Entei
|-supereffective|p1a: Entei
|-damage|p1a: Entei|55\/371
|
|-heal|p2a: Suicune|271\/404|[from] item: Leftovers
|turn|18
|
|move|p1a: Entei|Sacred Fire|p2a: Suicune
|-resisted|p2a: Suicune
|-damage|p2a: Suicune|178\/404
|move|p2a: Suicune|Scald|p1a: Entei
|-supereffective|p1a: Entei
|-damage|p1a: Entei|0 fnt
|faint|p1a: Entei
|
|-heal|p2a: Suicune|203\/404|[from] item: Leftovers
|
|switch|p1a: Reuniclus|Reuniclus, M|424\/424
|turn|19
|
|switch|p2a: Jirachi|Jirachi|341\/341
|move|p1a: Reuniclus|Calm Mind|p1a: Reuniclus
|-boost|p1a: Reuniclus|spa|1
|-boost|p1a: Reuniclus|spd|1
|
|turn|20
|
|switch|p1a: Doublade|Doublade, M|321\/321
|-damage|p1a: Doublade|241\/321|[from] Spikes
|move|p2a: Jirachi|Iron Head|p1a: Doublade
|-resisted|p1a: Doublade
|-damage|p1a: Doublade|216\/321
|
|turn|21
|
|switch|p2a: Nidoqueen|Nidoqueen, F|384\/384
|move|p1a: Doublade|Swords Dance|p1a: Doublade
|-boost|p1a: Doublade|atk|2
|
|turn|22
|join|majaspic22
|
|switch|p1a: Reuniclus|Reuniclus, M|424\/424
|move|p2a: Nidoqueen|Earth Power|p1a: Reuniclus
|-damage|p1a: Reuniclus|174\/424
|
|-heal|p1a: Reuniclus|200\/424|[from] item: Leftovers
|turn|23
|
|move|p2a: Nidoqueen|Earth Power|p1a: Reuniclus
|-damage|p1a: Reuniclus|0 fnt
|faint|p1a: Reuniclus
|
|-message|zippleclopper forfeited.
|
|win|Sacri'
|raw|Ladder updating...
|c|âSacri'|gg
|leave|zippleclopper
|player|p1
|raw|zippleclopper's rating: 1619 &rarr; <strong>1598<\/strong><br \/>(-21 for losing)
|raw|Sacri&apos;'s rating: 1601 &rarr; <strong>1622<\/strong><br \/>(+21 for winning)
|leave|majaspic22