|join|oh no oh no
|join|zippleclopper
|player|p1|oh no oh no|157
|player|p2|zippleclopper|1
|gametype|singles
|gen|6
|tier|UU
|rated
|rule|Sleep Clause Mod: Limit one foe put to sleep
|rule|Species Clause: Limit one of each PokÃ©mon
|rule|OHKO Clause: OHKO moves are banned
|rule|Moody Clause: Moody is banned
|rule|Evasion Moves Clause: Evasion moves are banned
|rule|Endless Battle Clause: Forcing endless battles is banned
|rule|HP Percentage Mod: HP is shown in percentages
|clearpoke
|poke|p1|Weezing, F
|poke|p1|Forretress, F
|poke|p1|Suicune
|poke|p1|Celebi
|poke|p1|Blissey, F
|poke|p1|Spiritomb, M
|poke|p2|Hippowdon, M
|poke|p2|Reuniclus, F
|poke|p2|Doublade, M
|poke|p2|Entei, shiny
|poke|p2|Virizion
|poke|p2|Blastoise, M
|rule|Swagger Clause: Swagger is banned
|rule|Baton Pass Clause: Limit one PokÃ©mon knowing Baton Pass
|teampreview
|
|start
|switch|p1a: Lush Life|Celebi|403\/403
|switch|p2a: Blastoise|Blastoise, M|355\/355
|turn|1
|
|detailschange|p2a: Blastoise|Blastoise-Mega, M
|-mega|p2a: Blastoise|Blastoise|Blastoisinite
|move|p1a: Lush Life|Stealth Rock|p2a: Blastoise
|-sidestart|p2: zippleclopper|move: Stealth Rock
|move|p2a: Blastoise|Dark Pulse|p1a: Lush Life
|-supereffective|p1a: Lush Life
|-damage|p1a: Lush Life|187\/403
|
|-heal|p1a: Lush Life|212\/403|[from] item: Leftovers
|turn|2
|
|switch|p1a: Bitches Brew|Spiritomb, M|304\/304
|move|p2a: Blastoise|Rapid Spin|p1a: Bitches Brew
|-immune|p1a: Bitches Brew|[msg]
|
|turn|3
|join|Bob the Wut
|
|move|p2a: Blastoise|Dark Pulse|p1a: Bitches Brew
|-damage|p1a: Bitches Brew|190\/304
|move|p1a: Bitches Brew|Will-O-Wisp|p2a: Blastoise
|-status|p2a: Blastoise|brn
|
|-heal|p1a: Bitches Brew|209\/304|[from] item: Leftovers
|-damage|p2a: Blastoise|311\/355 brn|[from] brn
|turn|4
|
|move|p2a: Blastoise|Hydro Pump|p1a: Bitches Brew|[miss]
|-miss|p2a: Blastoise|p1a: Bitches Brew
|move|p1a: Bitches Brew|Rest|p1a: Bitches Brew
|-status|p1a: Bitches Brew|slp
|-heal|p1a: Bitches Brew|304\/304 slp|[silent]
|-status|p1a: Bitches Brew|slp|[from] move: Rest
|
|-damage|p2a: Blastoise|267\/355 brn|[from] brn
|turn|5
|
|move|p2a: Blastoise|Hydro Pump|p1a: Bitches Brew
|-damage|p1a: Bitches Brew|160\/304 slp
|cant|p1a: Bitches Brew|slp
|move|p1a: Bitches Brew|Sleep Talk|p1a: Bitches Brew
|move|p1a: Bitches Brew|Rest|p1a: Bitches Brew|[from]Sleep Talk
|-fail|p1a: Bitches Brew
|
|-heal|p1a: Bitches Brew|179\/304 slp|[from] item: Leftovers
|-damage|p2a: Blastoise|223\/355 brn|[from] brn
|turn|6
|
|switch|p1a: My Foolish Heart|Blissey, F|657\/657
|move|p2a: Blastoise|Dark Pulse|p1a: My Foolish Heart
|-damage|p1a: My Foolish Heart|543\/657
|
|-heal|p1a: My Foolish Heart|584\/657|[from] item: Leftovers
|-damage|p2a: Blastoise|179\/355 brn|[from] brn
|turn|7
|
|move|p1a: My Foolish Heart|Protect|p1a: My Foolish Heart
|-singleturn|p1a: My Foolish Heart|Protect
|move|p2a: Blastoise|Rapid Spin|p1a: My Foolish Heart
|-activate|p1a: My Foolish Heart|Protect
|
|-heal|p1a: My Foolish Heart|625\/657|[from] item: Leftovers
|-damage|p2a: Blastoise|135\/355 brn|[from] brn
|turn|8
|
|move|p2a: Blastoise|Dark Pulse|p1a: My Foolish Heart
|-damage|p1a: My Foolish Heart|527\/657
|move|p1a: My Foolish Heart|Seismic Toss|p2a: Blastoise
|-damage|p2a: Blastoise|35\/355 brn
|
|-heal|p1a: My Foolish Heart|568\/657|[from] item: Leftovers
|-damage|p2a: Blastoise|0 fnt|[from] brn
|faint|p2a: Blastoise
|
|switch|p2a: Doublade|Doublade, M|321\/321
|-damage|p2a: Doublade|301\/321|[from] Stealth Rock
|turn|9
|
|switch|p1a: Nardis|Weezing, F|333\/333
|move|p2a: Doublade|Swords Dance|p2a: Doublade
|-boost|p2a: Doublade|atk|2
|
|turn|10
|
|switch|p2a: Reuniclus|Reuniclus, F|424\/424
|move|p1a: Nardis|Will-O-Wisp|p2a: Reuniclus|[miss]
|-miss|p1a: Nardis|p2a: Reuniclus
|
|turn|11
|
|switch|p1a: Lush Life|Celebi|212\/403
|switch|p2a: Hippowdon|Hippowdon, M|419\/419
|-damage|p2a: Hippowdon|393\/419|[from] Stealth Rock
|-weather|Sandstorm
|
|-weather|Sandstorm|[upkeep]
|-damage|p1a: Lush Life|187\/403|[from] sandstorm
|-heal|p1a: Lush Life|212\/403|[from] item: Leftovers
|-heal|p2a: Hippowdon|419\/419|[from] item: Leftovers
|turn|12
|
|switch|p1a: Nardis|Weezing, F|333\/333
|move|p2a: Hippowdon|Stealth Rock|p1a: Nardis
|-sidestart|p1: oh no oh no|move: Stealth Rock
|
|-weather|Sandstorm|[upkeep]
|-damage|p1a: Nardis|313\/333|[from] sandstorm
|-heal|p1a: Nardis|333\/333|[from] item: Black Sludge
|turn|13
|
|switch|p2a: Reuniclus|Reuniclus, F|424\/424
|move|p1a: Nardis|Toxic Spikes|p2a: Reuniclus
|-sidestart|p2: zippleclopper|move: Toxic Spikes
|
|-weather|Sandstorm|[upkeep]
|-damage|p1a: Nardis|313\/333|[from] sandstorm
|-heal|p1a: Nardis|333\/333|[from] item: Black Sludge
|turn|14
|
|switch|p1a: Body and Soul|Forretress, F|354\/354
|-damage|p1a: Body and Soul|310\/354|[from] Stealth Rock
|move|p2a: Reuniclus|Calm Mind|p2a: Reuniclus
|-boost|p2a: Reuniclus|spa|1
|-boost|p2a: Reuniclus|spd|1
|
|-weather|Sandstorm|[upkeep]
|-heal|p1a: Body and Soul|332\/354|[from] item: Leftovers
|turn|15
|
|switch|p1a: Blue in Green|Suicune|404\/404
|-damage|p1a: Blue in Green|354\/404|[from] Stealth Rock
|-ability|p1a: Blue in Green|Pressure
|move|p2a: Reuniclus|Calm Mind|p2a: Reuniclus
|-boost|p2a: Reuniclus|spa|1
|-boost|p2a: Reuniclus|spd|1
|
|-weather|none
|-heal|p1a: Blue in Green|379\/404|[from] item: Leftovers
|turn|16
|
|move|p2a: Reuniclus|Focus Blast|p1a: Blue in Green
|-damage|p1a: Blue in Green|168\/404
|move|p1a: Blue in Green|Roar|p2a: Reuniclus
|drag|p2a: Virizion|Virizion|324\/324
|-damage|p2a: Virizion|304\/324|[from] Stealth Rock
|-status|p2a: Virizion|psn
|
|-heal|p1a: Blue in Green|193\/404|[from] item: Leftovers
|-damage|p2a: Virizion|264\/324 psn|[from] psn
|turn|17
|
|switch|p1a: Body and Soul|Forretress, F|332\/354
|-damage|p1a: Body and Soul|288\/354|[from] Stealth Rock
|move|p2a: Virizion|Swords Dance|p2a: Virizion
|-boost|p2a: Virizion|atk|2
|
|-heal|p1a: Body and Soul|310\/354|[from] item: Leftovers
|-damage|p2a: Virizion|224\/324 psn|[from] psn
|turn|18
|
|move|p2a: Virizion|Swords Dance|p2a: Virizion
|-boost|p2a: Virizion|atk|2
|move|p1a: Body and Soul|Gyro Ball|p2a: Virizion
|-damage|p2a: Virizion|74\/324 psn
|
|-heal|p1a: Body and Soul|332\/354|[from] item: Leftovers
|-damage|p2a: Virizion|34\/324 psn|[from] psn
|turn|19
|
|move|p2a: Virizion|Close Combat|p1a: Body and Soul
|-damage|p1a: Body and Soul|0 fnt
|-unboost|p2a: Virizion|def|1
|-unboost|p2a: Virizion|spd|1
|-damage|p2a: Virizion|2\/324 psn|[from] item: Life Orb
|faint|p1a: Body and Soul
|
|-damage|p2a: Virizion|0 fnt|[from] psn
|faint|p2a: Virizion
|
|switch|p1a: Blue in Green|Suicune|193\/404
|switch|p2a: Reuniclus|Reuniclus, F|424\/424
|-damage|p1a: Blue in Green|143\/404|[from] Stealth Rock
|-ability|p1a: Blue in Green|Pressure
|-status|p2a: Reuniclus|psn
|turn|20
|
|move|p2a: Reuniclus|Psyshock|p1a: Blue in Green
|-damage|p1a: Blue in Green|62\/404
|move|p1a: Blue in Green|Roar|p2a: Reuniclus
|drag|p2a: Entei|Entei, shiny|371\/371
|-damage|p2a: Entei|279\/371|[from] Stealth Rock
|-status|p2a: Entei|psn
|-ability|p2a: Entei|Pressure
|
|-heal|p1a: Blue in Green|87\/404|[from] item: Leftovers
|-damage|p2a: Entei|233\/371 psn|[from] psn
|turn|21
|
|switch|p1a: Nardis|Weezing, F|333\/333
|-damage|p1a: Nardis|292\/333|[from] Stealth Rock
|move|p2a: Entei|Sacred Fire|p1a: Nardis
|-damage|p1a: Nardis|124\/333
|-status|p1a: Nardis|brn
|
|-heal|p1a: Nardis|144\/333 brn|[from] item: Black Sludge
|-damage|p2a: Entei|187\/371 psn|[from] psn
|-damage|p1a: Nardis|103\/333 brn|[from] brn
|turn|22
|
|move|p2a: Entei|Sacred Fire|p1a: Nardis
|-damage|p1a: Nardis|0 fnt
|faint|p1a: Nardis
|
|-damage|p2a: Entei|141\/371 psn|[from] psn
|
|switch|p1a: My Foolish Heart|Blissey, F|568\/657
|-damage|p1a: My Foolish Heart|486\/657|[from] Stealth Rock
|turn|23
|
|switch|p2a: Doublade|Doublade, M|301\/321
|-damage|p2a: Doublade|281\/321|[from] Stealth Rock
|move|p1a: My Foolish Heart|Protect|p1a: My Foolish Heart
|-fail|p1a: My Foolish Heart
|
|-heal|p1a: My Foolish Heart|527\/657|[from] item: Leftovers
|turn|24
|
|switch|p1a: Bitches Brew|Spiritomb, M|179\/304 slp
|-damage|p1a: Bitches Brew|141\/304 slp|[from] Stealth Rock
|move|p2a: Doublade|Iron Head|p1a: Bitches Brew
|-damage|p1a: Bitches Brew|12\/304 slp
|
|-heal|p1a: Bitches Brew|31\/304 slp|[from] item: Leftovers
|turn|25
|
|move|p2a: Doublade|Shadow Sneak|p1a: Bitches Brew
|-crit|p1a: Bitches Brew
|-damage|p1a: Bitches Brew|0 fnt
|faint|p1a: Bitches Brew
|
|
|switch|p1a: Blue in Green|Suicune|87\/404
|-damage|p1a: Blue in Green|37\/404|[from] Stealth Rock
|-ability|p1a: Blue in Green|Pressure
|turn|26
|
|move|p2a: Doublade|Shadow Sneak|p1a: Blue in Green
|-damage|p1a: Blue in Green|0 fnt
|faint|p1a: Blue in Green
|
|-message|oh no oh no forfeited.
|
|win|zippleclopper
|raw|Ladder updating...
|leave|oh no oh no
|player|p1
|raw|oh no oh no's rating: 1698 &rarr; <strong>1669<\/strong><br \/>(-29 for losing)
|raw|zippleclopper's rating: 1529 &rarr; <strong>1558<\/strong><br \/>(+29 for winning)