|join|venomlord69
|join|zippleclopper
|player|p1|venomlord69|97
|player|p2|zippleclopper|1
|gametype|singles
|gen|6
|tier|UU
|rated
|rule|Sleep Clause Mod: Limit one foe put to sleep
|rule|Species Clause: Limit one of each PokÃ©mon
|rule|OHKO Clause: OHKO moves are banned
|rule|Moody Clause: Moody is banned
|rule|Evasion Moves Clause: Evasion moves are banned
|rule|Endless Battle Clause: Forcing endless battles is banned
|rule|HP Percentage Mod: HP is shown in percentages
|clearpoke
|poke|p1|Mienshao, M
|poke|p1|Slowking, M
|poke|p1|Amoonguss, F
|poke|p1|Machamp, M
|poke|p1|Arcanine, M
|poke|p1|Crobat, F
|poke|p2|Hippowdon, F
|poke|p2|Reuniclus, M
|poke|p2|Doublade, F
|poke|p2|Entei, shiny
|poke|p2|Virizion
|poke|p2|Blastoise, F
|rule|Swagger Clause: Swagger is banned
|rule|Baton Pass Clause: Limit one PokÃ©mon knowing Baton Pass
|teampreview
|
|start
|switch|p1a: Machamp|Machamp, M|384\/384
|switch|p2a: Blastoise|Blastoise, F|355\/355
|turn|1
|
|switch|p2a: Reuniclus|Reuniclus, M|424\/424
|move|p1a: Machamp|Dynamic Punch|p2a: Reuniclus
|-resisted|p2a: Reuniclus
|-damage|p2a: Reuniclus|345\/424
|-start|p2a: Reuniclus|confusion
|
|-heal|p2a: Reuniclus|371\/424|[from] item: Leftovers
|turn|2
|
|move|p1a: Machamp|Knock Off|p2a: Reuniclus
|-supereffective|p2a: Reuniclus
|-damage|p2a: Reuniclus|171\/424
|-enditem|p2a: Reuniclus|Leftovers|[from] move: Knock Off|[of] p1a: Machamp
|-activate|p2a: Reuniclus|confusion
|move|p2a: Reuniclus|Recover|p2a: Reuniclus
|-heal|p2a: Reuniclus|383\/424
|
|turn|3
|
|move|p1a: Machamp|Knock Off|p2a: Reuniclus
|-supereffective|p2a: Reuniclus
|-damage|p2a: Reuniclus|243\/424
|-end|p2a: Reuniclus|confusion
|move|p2a: Reuniclus|Calm Mind|p2a: Reuniclus
|-boost|p2a: Reuniclus|spa|1
|-boost|p2a: Reuniclus|spd|1
|
|turn|4
|
|move|p1a: Machamp|Dynamic Punch|p2a: Reuniclus
|-resisted|p2a: Reuniclus
|-damage|p2a: Reuniclus|161\/424
|-start|p2a: Reuniclus|confusion
|-activate|p2a: Reuniclus|confusion
|-damage|p2a: Reuniclus|148\/424|[from] confusion
|
|turn|5
|
|move|p1a: Machamp|Knock Off|p2a: Reuniclus
|-supereffective|p2a: Reuniclus
|-damage|p2a: Reuniclus|4\/424
|-end|p2a: Reuniclus|confusion
|move|p2a: Reuniclus|Recover|p2a: Reuniclus
|-heal|p2a: Reuniclus|216\/424
|
|turn|6
|
|move|p1a: Machamp|Dynamic Punch|p2a: Reuniclus
|-resisted|p2a: Reuniclus
|-damage|p2a: Reuniclus|141\/424
|-start|p2a: Reuniclus|confusion
|-activate|p2a: Reuniclus|confusion
|-damage|p2a: Reuniclus|127\/424|[from] confusion
|
|turn|7
|
|switch|p2a: Hippowdon|Hippowdon, F|419\/419
|-weather|Sandstorm
|move|p1a: Machamp|Knock Off|p2a: Hippowdon
|-damage|p2a: Hippowdon|318\/419
|-enditem|p2a: Hippowdon|Leftovers|[from] move: Knock Off|[of] p1a: Machamp
|
|-weather|Sandstorm|[upkeep]
|-damage|p1a: Machamp|360\/384|[from] sandstorm
|-heal|p1a: Machamp|384\/384|[from] item: Leftovers
|turn|8
|
|move|p1a: Machamp|Dynamic Punch|p2a: Hippowdon
|-damage|p2a: Hippowdon|156\/419
|-start|p2a: Hippowdon|confusion
|-activate|p2a: Hippowdon|confusion
|-damage|p2a: Hippowdon|127\/419|[from] confusion
|
|-weather|Sandstorm|[upkeep]
|-damage|p1a: Machamp|360\/384|[from] sandstorm
|-heal|p1a: Machamp|384\/384|[from] item: Leftovers
|turn|9
|
|move|p1a: Machamp|Knock Off|p2a: Hippowdon
|-damage|p2a: Hippowdon|61\/419
|-activate|p2a: Hippowdon|confusion
|move|p2a: Hippowdon|Earthquake|p1a: Machamp
|-damage|p1a: Machamp|224\/384
|
|-weather|Sandstorm|[upkeep]
|-damage|p1a: Machamp|200\/384|[from] sandstorm
|-heal|p1a: Machamp|224\/384|[from] item: Leftovers
|turn|10
|
|move|p1a: Machamp|Knock Off|p2a: Hippowdon
|-damage|p2a: Hippowdon|0 fnt
|faint|p2a: Hippowdon
|
|-weather|Sandstorm|[upkeep]
|-damage|p1a: Machamp|200\/384|[from] sandstorm
|-heal|p1a: Machamp|224\/384|[from] item: Leftovers
|
|switch|p2a: Entei|Entei, shiny|371\/371
|-ability|p2a: Entei|Pressure
|turn|11
|
|switch|p1a: Arcanine|Arcanine, M|384\/384
|-ability|p1a: Arcanine|Intimidate|[of] p2a: Entei
|-unboost|p2a: Entei|atk|1
|move|p2a: Entei|Sacred Fire|p1a: Arcanine
|-resisted|p1a: Arcanine
|-damage|p1a: Arcanine|316\/384
|
|-weather|none
|-heal|p1a: Arcanine|340\/384|[from] item: Leftovers
|turn|12
|
|switch|p2a: Blastoise|Blastoise, F|355\/355
|move|p1a: Arcanine|Overheat|p2a: Blastoise
|-resisted|p2a: Blastoise
|-damage|p2a: Blastoise|286\/355
|-unboost|p1a: Arcanine|spa|2
|
|-heal|p1a: Arcanine|364\/384|[from] item: Leftovers
|turn|13
|
|switch|p1a: Amoonguss|Amoonguss, F|432\/432
|detailschange|p2a: Blastoise|Blastoise-Mega, F
|-mega|p2a: Blastoise|Blastoise|Blastoisinite
|move|p2a: Blastoise|Ice Beam|p1a: Amoonguss
|-supereffective|p1a: Amoonguss
|-damage|p1a: Amoonguss|186\/432
|
|-heal|p1a: Amoonguss|213\/432|[from] item: Black Sludge
|turn|14
|
|switch|p1a: Slowking|Slowking, M|394\/394
|move|p2a: Blastoise|Ice Beam|p1a: Slowking
|-resisted|p1a: Slowking
|-damage|p1a: Slowking|354\/394
|
|-heal|p1a: Slowking|378\/394|[from] item: Leftovers
|turn|15
|
|move|p2a: Blastoise|Dark Pulse|p1a: Slowking
|-supereffective|p1a: Slowking
|-damage|p1a: Slowking|166\/394
|move|p1a: Slowking|Scald|p2a: Blastoise
|-resisted|p2a: Blastoise
|-damage|p2a: Blastoise|247\/355
|
|-heal|p1a: Slowking|190\/394|[from] item: Leftovers
|turn|16
|
|switch|p1a: Arcanine|Arcanine, M|364\/384
|-ability|p1a: Arcanine|Intimidate|[of] p2a: Blastoise
|-unboost|p2a: Blastoise|atk|1
|move|p2a: Blastoise|Dark Pulse|p1a: Arcanine
|-damage|p1a: Arcanine|186\/384
|
|-heal|p1a: Arcanine|210\/384|[from] item: Leftovers
|turn|17
|
|switch|p1a: Slowking|Slowking, M|321\/394
|move|p2a: Blastoise|Hydro Pump|p1a: Slowking
|-resisted|p1a: Slowking
|-damage|p1a: Slowking|249\/394
|
|-heal|p1a: Slowking|273\/394|[from] item: Leftovers
|turn|18
|
|move|p2a: Blastoise|Dark Pulse|p1a: Slowking
|-supereffective|p1a: Slowking
|-damage|p1a: Slowking|59\/394
|move|p1a: Slowking|Thunder Wave|p2a: Blastoise
|-status|p2a: Blastoise|par
|
|-heal|p1a: Slowking|83\/394|[from] item: Leftovers
|turn|19
|
|switch|p1a: Machamp|Machamp, M|224\/384
|move|p2a: Blastoise|Dark Pulse|p1a: Machamp
|-resisted|p1a: Machamp
|-damage|p1a: Machamp|127\/384
|
|-heal|p1a: Machamp|151\/384|[from] item: Leftovers
|turn|20
|
|switch|p2a: Doublade|Doublade, F|321\/321
|move|p1a: Machamp|Dynamic Punch|p2a: Doublade
|-immune|p2a: Doublade|[msg]
|
|-heal|p1a: Machamp|175\/384|[from] item: Leftovers
|turn|21
|
|move|p1a: Machamp|Knock Off|p2a: Doublade
|-supereffective|p2a: Doublade
|-damage|p2a: Doublade|203\/321
|-enditem|p2a: Doublade|Eviolite|[from] move: Knock Off|[of] p1a: Machamp
|move|p2a: Doublade|Sacred Sword|p1a: Machamp
|-damage|p1a: Machamp|42\/384
|
|-heal|p1a: Machamp|66\/384|[from] item: Leftovers
|turn|22
|
|switch|p1a: Slowking|Slowking, M|214\/394
|move|p2a: Doublade|Shadow Sneak|p1a: Slowking
|-supereffective|p1a: Slowking
|-damage|p1a: Slowking|50\/394
|
|-heal|p1a: Slowking|74\/394|[from] item: Leftovers
|turn|23
|
|switch|p1a: Arcanine|Arcanine, M|210\/384
|-ability|p1a: Arcanine|Intimidate|[of] p2a: Doublade
|-unboost|p2a: Doublade|atk|1
|move|p2a: Doublade|Iron Head|p1a: Arcanine
|-resisted|p1a: Arcanine
|-damage|p1a: Arcanine|168\/384
|
|-heal|p1a: Arcanine|192\/384|[from] item: Leftovers
|turn|24
|
|switch|p2a: Blastoise|Blastoise-Mega, F|247\/355 par
|move|p1a: Arcanine|Morning Sun|p1a: Arcanine
|-heal|p1a: Arcanine|384\/384
|
|turn|25
|
|switch|p1a: Machamp|Machamp, M|66\/384
|move|p2a: Blastoise|Ice Beam|p1a: Machamp
|-damage|p1a: Machamp|0 fnt
|faint|p1a: Machamp
|
|
|switch|p1a: Mienshao|Mienshao, M|271\/271
|turn|26
|
|switch|p2a: Doublade|Doublade, F|203\/321
|move|p1a: Mienshao|U-turn|p2a: Doublade
|-resisted|p2a: Doublade
|-damage|p2a: Doublade|178\/321
|
|switch|p1a: Arcanine|Arcanine, M|384\/384
|-ability|p1a: Arcanine|Intimidate|[of] p2a: Doublade
|-unboost|p2a: Doublade|atk|1
|
|turn|27
|
|switch|p2a: Blastoise|Blastoise-Mega, F|247\/355 par
|move|p1a: Arcanine|Overheat|p2a: Blastoise
|-resisted|p2a: Blastoise
|-damage|p2a: Blastoise|178\/355 par
|-unboost|p1a: Arcanine|spa|2
|
|turn|28
|
|switch|p1a: Amoonguss|Amoonguss, F|357\/432
|switch|p2a: Reuniclus|Reuniclus, M|127\/424
|
|-heal|p1a: Amoonguss|384\/432|[from] item: Black Sludge
|turn|29
|
|move|p2a: Reuniclus|Recover|p2a: Reuniclus
|-heal|p2a: Reuniclus|339\/424
|move|p1a: Amoonguss|Spore|p2a: Reuniclus
|-status|p2a: Reuniclus|slp
|
|-heal|p1a: Amoonguss|411\/432|[from] item: Black Sludge
|turn|30
|
|switch|p2a: Entei|Entei, shiny|371\/371
|-ability|p2a: Entei|Pressure
|switch|p1a: Mienshao|Mienshao, M|271\/271
|
|turn|31
|
|move|p1a: Mienshao|Fake Out|p2a: Entei
|-damage|p2a: Entei|286\/371
|cant|p2a: Entei|flinch
|
|turn|32
|
|switch|p1a: Arcanine|Arcanine, M|384\/384
|-ability|p1a: Arcanine|Intimidate|[of] p2a: Entei
|-unboost|p2a: Entei|atk|1
|move|p2a: Entei|Bulldoze|p1a: Arcanine
|-supereffective|p1a: Arcanine
|-damage|p1a: Arcanine|274\/384
|-unboost|p1a: Arcanine|spe|1
|
|-heal|p1a: Arcanine|298\/384|[from] item: Leftovers
|turn|33
|
|move|p2a: Entei|Bulldoze|p1a: Arcanine
|-supereffective|p1a: Arcanine
|-damage|p1a: Arcanine|174\/384
|-unboost|p1a: Arcanine|spe|1
|move|p1a: Arcanine|Overheat|p2a: Entei
|-resisted|p2a: Entei
|-damage|p2a: Entei|198\/371
|-unboost|p1a: Arcanine|spa|2
|
|-heal|p1a: Arcanine|198\/384|[from] item: Leftovers
|turn|34
|
|switch|p2a: Reuniclus|Reuniclus, M|339\/424 slp
|move|p1a: Arcanine|Morning Sun|p1a: Arcanine
|-heal|p1a: Arcanine|384\/384
|
|turn|35
|
|switch|p1a: Mienshao|Mienshao, M|271\/271
|cant|p2a: Reuniclus|slp
|
|turn|36
|
|switch|p2a: Doublade|Doublade, F|178\/321
|move|p1a: Mienshao|U-turn|p2a: Doublade
|-resisted|p2a: Doublade
|-damage|p2a: Doublade|156\/321
|
|switch|p1a: Arcanine|Arcanine, M|384\/384
|-ability|p1a: Arcanine|Intimidate|[of] p2a: Doublade
|-unboost|p2a: Doublade|atk|1
|
|turn|37
|
|switch|p2a: Entei|Entei, shiny|198\/371
|-ability|p2a: Entei|Pressure
|move|p1a: Arcanine|Overheat|p2a: Entei
|-resisted|p2a: Entei
|-damage|p2a: Entei|110\/371
|-unboost|p1a: Arcanine|spa|2
|
|turn|38
|
|switch|p2a: Reuniclus|Reuniclus, M|339\/424 slp
|switch|p1a: Crobat|Crobat, F|374\/374
|
|turn|39
|
|move|p1a: Crobat|Cross Poison|p2a: Reuniclus
|-damage|p2a: Reuniclus|276\/424 slp
|-curestatus|p2a: Reuniclus|slp
|move|p2a: Reuniclus|Recover|p2a: Reuniclus
|-heal|p2a: Reuniclus|424\/424
|
|turn|40
|
|switch|p1a: Slowking|Slowking, M|205\/394
|move|p2a: Reuniclus|Calm Mind|p2a: Reuniclus
|-boost|p2a: Reuniclus|spa|1
|-boost|p2a: Reuniclus|spd|1
|
|-heal|p1a: Slowking|229\/394|[from] item: Leftovers
|turn|41
|
|switch|p1a: Amoonguss|Amoonguss, F|432\/432
|move|p2a: Reuniclus|Psyshock|p1a: Amoonguss
|-supereffective|p1a: Amoonguss
|-damage|p1a: Amoonguss|88\/432
|
|-heal|p1a: Amoonguss|115\/432|[from] item: Black Sludge
|turn|42
|
|switch|p1a: Slowking|Slowking, M|360\/394
|move|p2a: Reuniclus|Psyshock|p1a: Slowking
|-resisted|p1a: Slowking
|-damage|p1a: Slowking|255\/394
|
|-heal|p1a: Slowking|279\/394|[from] item: Leftovers
|turn|43
|
|move|p2a: Reuniclus|Psyshock|p1a: Slowking
|-resisted|p1a: Slowking
|-damage|p1a: Slowking|177\/394
|move|p1a: Slowking|Thunder Wave|p2a: Reuniclus
|-status|p2a: Reuniclus|par
|
|-heal|p1a: Slowking|201\/394|[from] item: Leftovers
|turn|44
|
|switch|p1a: Crobat|Crobat, F|374\/374
|move|p2a: Reuniclus|Calm Mind|p2a: Reuniclus
|-boost|p2a: Reuniclus|spa|1
|-boost|p2a: Reuniclus|spd|1
|
|turn|45
|
|move|p1a: Crobat|Super Fang|p2a: Reuniclus
|-damage|p2a: Reuniclus|212\/424 par
|move|p2a: Reuniclus|Psyshock|p1a: Crobat
|-crit|p1a: Crobat
|-supereffective|p1a: Crobat
|-damage|p1a: Crobat|0 fnt
|faint|p1a: Crobat
|
|
|switch|p1a: Mienshao|Mienshao, M|271\/271
|turn|46
|
|move|p1a: Mienshao|U-turn|p2a: Reuniclus
|-supereffective|p2a: Reuniclus
|-damage|p2a: Reuniclus|0 fnt
|faint|p2a: Reuniclus
|
|switch|p1a: Amoonguss|Amoonguss, F|259\/432
|
|-heal|p1a: Amoonguss|286\/432|[from] item: Black Sludge
|
|switch|p2a: Entei|Entei, shiny|110\/371
|-ability|p2a: Entei|Pressure
|turn|47
|
|switch|p1a: Arcanine|Arcanine, M|384\/384
|-ability|p1a: Arcanine|Intimidate|[of] p2a: Entei
|-unboost|p2a: Entei|atk|1
|move|p2a: Entei|Stone Edge|p1a: Arcanine
|-supereffective|p1a: Arcanine
|-damage|p1a: Arcanine|176\/384
|
|-heal|p1a: Arcanine|200\/384|[from] item: Leftovers
|turn|48
|
|switch|p2a: Virizion|Virizion|324\/324
|move|p1a: Arcanine|Morning Sun|p1a: Arcanine
|-heal|p1a: Arcanine|384\/384
|
|turn|49
|
|switch|p2a: Blastoise|Blastoise-Mega, F|178\/355 par
|move|p1a: Arcanine|Overheat|p2a: Blastoise
|-resisted|p2a: Blastoise
|-damage|p2a: Blastoise|107\/355 par
|-unboost|p1a: Arcanine|spa|2
|
|turn|50
|
|switch|p1a: Amoonguss|Amoonguss, F|430\/432
|switch|p2a: Virizion|Virizion|324\/324
|
|-heal|p1a: Amoonguss|432\/432|[from] item: Black Sludge
|turn|51
|
|switch|p2a: Doublade|Doublade, F|156\/321
|move|p1a: Amoonguss|Toxic|p2a: Doublade
|-fail|p2a: Doublade
|
|turn|52
|
|move|p2a: Doublade|Iron Head|p1a: Amoonguss
|-damage|p1a: Amoonguss|294\/432
|move|p1a: Amoonguss|Spore|p2a: Doublade
|-status|p2a: Doublade|slp
|
|-heal|p1a: Amoonguss|321\/432|[from] item: Black Sludge
|turn|53
|
|switch|p2a: Entei|Entei, shiny|110\/371
|-ability|p2a: Entei|Pressure
|switch|p1a: Arcanine|Arcanine, M|384\/384
|-ability|p1a: Arcanine|Intimidate|[of] p2a: Entei
|-unboost|p2a: Entei|atk|1
|
|turn|54
|
|move|p2a: Entei|Stone Edge|p1a: Arcanine
|-crit|p1a: Arcanine
|-supereffective|p1a: Arcanine
|-damage|p1a: Arcanine|0 fnt
|faint|p1a: Arcanine
|
|
|switch|p1a: Mienshao|Mienshao, M|271\/271
|turn|55
|
|switch|p2a: Doublade|Doublade, F|156\/321 slp
|move|p1a: Mienshao|Stone Edge|p2a: Doublade
|-resisted|p2a: Doublade
|-damage|p2a: Doublade|91\/321 slp
|
|turn|56
|
|switch|p2a: Virizion|Virizion|324\/324
|move|p1a: Mienshao|Stone Edge|p2a: Virizion
|-resisted|p2a: Virizion
|-damage|p2a: Virizion|194\/324
|
|turn|57
|
|switch|p1a: Amoonguss|Amoonguss, F|432\/432
|move|p2a: Virizion|Swords Dance|p2a: Virizion
|-boost|p2a: Virizion|atk|2
|
|turn|58
|
|move|p2a: Virizion|Stone Edge|p1a: Amoonguss
|-damage|p1a: Amoonguss|193\/432
|-damage|p2a: Virizion|162\/324|[from] item: Life Orb
|move|p1a: Amoonguss|Toxic|p2a: Virizion
|-status|p2a: Virizion|tox
|
|-heal|p1a: Amoonguss|220\/432|[from] item: Black Sludge
|-damage|p2a: Virizion|142\/324 tox|[from] psn
|turn|59
|
|switch|p1a: Slowking|Slowking, M|332\/394
|move|p2a: Virizion|Close Combat|p1a: Slowking
|-resisted|p1a: Slowking
|-damage|p1a: Slowking|89\/394
|-unboost|p2a: Virizion|def|1
|-unboost|p2a: Virizion|spd|1
|-damage|p2a: Virizion|110\/324 tox|[from] item: Life Orb
|
|-heal|p1a: Slowking|113\/394|[from] item: Leftovers
|-damage|p2a: Virizion|70\/324 tox|[from] psn
|turn|60
|
|switch|p1a: Amoonguss|Amoonguss, F|364\/432
|move|p2a: Virizion|Close Combat|p1a: Amoonguss
|-resisted|p1a: Amoonguss
|-damage|p1a: Amoonguss|137\/432
|-unboost|p2a: Virizion|def|1
|-unboost|p2a: Virizion|spd|1
|-damage|p2a: Virizion|38\/324 tox|[from] item: Life Orb
|
|-heal|p1a: Amoonguss|164\/432|[from] item: Black Sludge
|-damage|p2a: Virizion|0 fnt|[from] psn
|faint|p2a: Virizion
|
|switch|p2a: Entei|Entei, shiny|110\/371
|-ability|p2a: Entei|Pressure
|turn|61
|
|switch|p1a: Slowking|Slowking, M|244\/394
|move|p2a: Entei|Sacred Fire|p1a: Slowking
|-resisted|p1a: Slowking
|-damage|p1a: Slowking|72\/394
|-status|p1a: Slowking|brn
|
|-heal|p1a: Slowking|96\/394 brn|[from] item: Leftovers
|-damage|p1a: Slowking|47\/394 brn|[from] brn
|turn|62
|
|move|p2a: Entei|Sacred Fire|p1a: Slowking
|-resisted|p1a: Slowking
|-damage|p1a: Slowking|0 fnt
|faint|p1a: Slowking
|
|
|switch|p1a: Mienshao|Mienshao, M|271\/271
|turn|63
|
|switch|p2a: Blastoise|Blastoise-Mega, F|107\/355 par
|move|p1a: Mienshao|Stone Edge|p2a: Blastoise
|-damage|p2a: Blastoise|0 fnt
|faint|p2a: Blastoise
|
|
|switch|p2a: Doublade|Doublade, F|91\/321 slp
|turn|64
|
|move|p1a: Mienshao|Stone Edge|p2a: Doublade
|-resisted|p2a: Doublade
|-damage|p2a: Doublade|20\/321 slp
|cant|p2a: Doublade|slp
|
|turn|65
|
|cant|p2a: Doublade|slp
|move|p1a: Mienshao|Stone Edge|p2a: Doublade
|-resisted|p2a: Doublade
|-damage|p2a: Doublade|0 fnt
|faint|p2a: Doublade
|
|
|switch|p2a: Entei|Entei, shiny|110\/371
|-ability|p2a: Entei|Pressure
|turn|66
|
|switch|p1a: Amoonguss|Amoonguss, F|308\/432
|move|p2a: Entei|Sacred Fire|p1a: Amoonguss
|-supereffective|p1a: Amoonguss
|-damage|p1a: Amoonguss|0 fnt
|faint|p1a: Amoonguss
|
|c|âvenomlord69|gl
|
|switch|p1a: Mienshao|Mienshao, M|271\/271
|turn|67
|
|move|p1a: Mienshao|Fake Out|p2a: Entei
|-crit|p2a: Entei
|-damage|p2a: Entei|0 fnt
|faint|p2a: Entei
|
|win|venomlord69
|raw|Ladder updating...
|raw|venomlord69's rating: 1489 &rarr; <strong>1513<\/strong><br \/>(+24 for winning)
|raw|zippleclopper's rating: 1575 &rarr; <strong>1550<\/strong><br \/>(-25 for losing)
|c|âvenomlord69|very good game
|leave|zippleclopper
|player|p2
|c|âvenomlord69|wtf is with u guys using 1 mega and 2 legendarys and ragequiting to a normal team
|c|âvenomlord69|leme calc real fast
|c|âvenomlord69|fakeout was hitting ar 35% anyways so i still won without the crit