|join|zippleclopper
|join|co0ol
|player|p1|zippleclopper|1
|player|p2|co0ol|266
|gametype|singles
|gen|6
|tier|UU
|rated
|rule|Sleep Clause Mod: Limit one foe put to sleep
|rule|Species Clause: Limit one of each PokÃ©mon
|rule|OHKO Clause: OHKO moves are banned
|rule|Moody Clause: Moody is banned
|rule|Evasion Moves Clause: Evasion moves are banned
|rule|Endless Battle Clause: Forcing endless battles is banned
|rule|HP Percentage Mod: HP is shown in percentages
|clearpoke
|poke|p1|Hippowdon, M
|poke|p1|Reuniclus, F
|poke|p1|Doublade, F
|poke|p1|Entei, shiny
|poke|p1|Virizion
|poke|p1|Blastoise, M
|poke|p2|Galvantula, M
|poke|p2|Blissey, F
|poke|p2|Swampert, F
|poke|p2|Kyurem
|poke|p2|Machamp, M
|poke|p2|Zoroark, M
|rule|Swagger Clause: Swagger is banned
|rule|Baton Pass Clause: Limit one PokÃ©mon knowing Baton Pass
|teampreview
|
|start
|switch|p1a: Entei|Entei, shiny|371\/371
|switch|p2a: Galvantula|Galvantula, M|261\/261
|-ability|p1a: Entei|Pressure
|turn|1
|
|switch|p2a: Swampert|Swampert, F|403\/403
|move|p1a: Entei|Sacred Fire|p2a: Swampert|[miss]
|-miss|p1a: Entei|p2a: Swampert
|
|turn|2
|
|switch|p1a: Blastoise|Blastoise, M|355\/355
|detailschange|p2a: Swampert|Swampert-Mega, F
|-mega|p2a: Swampert|Swampert|Swampertite
|move|p2a: Swampert|Stealth Rock|p1a: Blastoise
|-sidestart|p1: zippleclopper|move: Stealth Rock
|
|turn|3
|
|detailschange|p1a: Blastoise|Blastoise-Mega, M
|-mega|p1a: Blastoise|Blastoise|Blastoisinite
|move|p1a: Blastoise|Rapid Spin|p2a: Swampert
|-damage|p2a: Swampert|388\/403
|-sideend|p1: zippleclopper|Stealth Rock|[from] move: Rapid Spin|[of] p1a: Blastoise
|move|p2a: Swampert|Earthquake|p1a: Blastoise
|-damage|p1a: Blastoise|160\/355
|
|turn|4
|
|switch|p1a: Virizion|Virizion|324\/324
|move|p2a: Swampert|Stealth Rock|p1a: Virizion
|-sidestart|p1: zippleclopper|move: Stealth Rock
|
|turn|5
|
|switch|p2a: Kyurem|Kyurem|391\/391
|-ability|p2a: Kyurem|Pressure
|move|p1a: Virizion|Stone Edge|p2a: Kyurem
|-supereffective|p2a: Kyurem
|-damage|p2a: Kyurem|113\/391
|-damage|p1a: Virizion|292\/324|[from] item: Life Orb
|
|turn|6
|
|move|p2a: Kyurem|Ice Beam|p1a: Virizion
|-supereffective|p1a: Virizion
|-damage|p1a: Virizion|26\/324
|-status|p1a: Virizion|frz
|cant|p1a: Virizion|frz
|
|turn|7
|
|move|p2a: Kyurem|Ice Beam|p1a: Virizion
|-supereffective|p1a: Virizion
|-damage|p1a: Virizion|0 fnt
|faint|p1a: Virizion
|
|
|switch|p1a: Blastoise|Blastoise-Mega, M|160\/355
|-damage|p1a: Blastoise|116\/355|[from] Stealth Rock
|turn|8
|
|switch|p2a: Galvantula|Galvantula, M|281\/281
|move|p1a: Blastoise|Rapid Spin|p2a: Galvantula
|-damage|p2a: Galvantula|258\/281
|-sideend|p1: zippleclopper|Stealth Rock|[from] move: Rapid Spin|[of] p1a: Blastoise
|
|turn|9
|
|move|p2a: Galvantula|Thunder|p1a: Blastoise
|-supereffective|p1a: Blastoise
|-damage|p1a: Blastoise|0 fnt
|faint|p1a: Blastoise
|
|
|switch|p1a: Doublade|Doublade, F|321\/321
|turn|10
|
|move|p2a: Galvantula|Sticky Web|p1a: Doublade
|-sidestart|p1: zippleclopper|move: Sticky Web
|move|p1a: Doublade|Swords Dance|p1a: Doublade
|-boost|p1a: Doublade|atk|2
|
|turn|11
|
|move|p2a: Galvantula|Thunder|p1a: Doublade
|-damage|p1a: Doublade|138\/321
|move|p1a: Doublade|Swords Dance|p1a: Doublade
|-boost|p1a: Doublade|atk|2
|
|turn|12
|
|move|p1a: Doublade|Shadow Sneak|p2a: Galvantula
|-damage|p2a: Galvantula|0 fnt
|faint|p2a: Galvantula
|
|
|switch|p2a: Kyurem|Kyurem|261\/261
|turn|13
|
|move|p2a: Kyurem|Sucker Punch|p1a: Doublade
|-supereffective|p1a: Doublade
|-damage|p1a: Doublade|21\/321
|-damage|p2a: Kyurem|235\/261|[from] item: Life Orb
|move|p1a: Doublade|Sacred Sword|p2a: Kyurem
|-supereffective|p2a: Kyurem
|replace|p2a: Zoroark|Zoroark, M|235\/261
|-damage|p2a: Zoroark|0 fnt
|faint|p2a: Zoroark
|
|
|switch|p2a: Machamp|Machamp, M|362\/362
|turn|14
|
|move|p2a: Machamp|Bullet Punch|p1a: Doublade
|-resisted|p1a: Doublade
|-damage|p1a: Doublade|8\/321
|move|p1a: Doublade|Shadow Sneak|p2a: Machamp
|-damage|p2a: Machamp|122\/362
|
|turn|15
|
|move|p2a: Machamp|Bullet Punch|p1a: Doublade
|-resisted|p1a: Doublade
|-damage|p1a: Doublade|0 fnt
|faint|p1a: Doublade
|
|
|switch|p1a: Entei|Entei, shiny|371\/371
|-activate|p1a: Entei|move: Sticky Web
|-unboost|p1a: Entei|spe|1
|-ability|p1a: Entei|Pressure
|turn|16
|
|move|p1a: Entei|Sacred Fire|p2a: Machamp
|-damage|p2a: Machamp|0 fnt
|faint|p2a: Machamp
|
|
|switch|p2a: Swampert|Swampert-Mega, F|388\/403
|turn|17
|
|move|p1a: Entei|Sacred Fire|p2a: Swampert|[miss]
|-miss|p1a: Entei|p2a: Swampert
|move|p2a: Swampert|Earthquake|p1a: Entei
|-supereffective|p1a: Entei
|-damage|p1a: Entei|0 fnt
|faint|p1a: Entei
|
|
|switch|p1a: Hippowdon|Hippowdon, M|419\/419
|-activate|p1a: Hippowdon|move: Sticky Web
|-unboost|p1a: Hippowdon|spe|1
|-weather|Sandstorm
|turn|18
|
|move|p2a: Swampert|Waterfall|p1a: Hippowdon
|-supereffective|p1a: Hippowdon
|-damage|p1a: Hippowdon|143\/419
|move|p1a: Hippowdon|Stealth Rock|p2a: Swampert
|-sidestart|p2: co0ol|move: Stealth Rock
|
|-weather|Sandstorm|[upkeep]
|-heal|p1a: Hippowdon|169\/419|[from] item: Leftovers
|turn|19
|
|move|p2a: Swampert|Waterfall|p1a: Hippowdon
|-supereffective|p1a: Hippowdon
|-damage|p1a: Hippowdon|0 fnt
|faint|p1a: Hippowdon
|
|-weather|Sandstorm|[upkeep]
|
|switch|p1a: Reuniclus|Reuniclus, F|424\/424
|-activate|p1a: Reuniclus|move: Sticky Web
|-unboost|p1a: Reuniclus|spe|1
|turn|20
|
|move|p2a: Swampert|Earthquake|p1a: Reuniclus
|-damage|p1a: Reuniclus|250\/424
|move|p1a: Reuniclus|Calm Mind|p1a: Reuniclus
|-boost|p1a: Reuniclus|spa|1
|-boost|p1a: Reuniclus|spd|1
|
|-weather|Sandstorm|[upkeep]
|-heal|p1a: Reuniclus|276\/424|[from] item: Leftovers
|turn|21
|
|move|p2a: Swampert|Earthquake|p1a: Reuniclus
|-damage|p1a: Reuniclus|81\/424
|move|p1a: Reuniclus|Recover|p1a: Reuniclus
|-heal|p1a: Reuniclus|293\/424
|
|-weather|Sandstorm|[upkeep]
|-heal|p1a: Reuniclus|319\/424|[from] item: Leftovers
|turn|22
|
|move|p2a: Swampert|Earthquake|p1a: Reuniclus
|-damage|p1a: Reuniclus|120\/424
|move|p1a: Reuniclus|Recover|p1a: Reuniclus
|-heal|p1a: Reuniclus|332\/424
|
|-weather|none
|-heal|p1a: Reuniclus|358\/424|[from] item: Leftovers
|turn|23
|
|move|p2a: Swampert|Earthquake|p1a: Reuniclus
|-crit|p1a: Reuniclus
|-damage|p1a: Reuniclus|63\/424
|move|p1a: Reuniclus|Recover|p1a: Reuniclus
|-heal|p1a: Reuniclus|275\/424
|
|-heal|p1a: Reuniclus|301\/424|[from] item: Leftovers
|turn|24
|
|move|p2a: Swampert|Earthquake|p1a: Reuniclus
|-damage|p1a: Reuniclus|111\/424
|move|p1a: Reuniclus|Recover|p1a: Reuniclus
|-heal|p1a: Reuniclus|323\/424
|
|-heal|p1a: Reuniclus|349\/424|[from] item: Leftovers
|turn|25
|
|move|p2a: Swampert|Earthquake|p1a: Reuniclus
|-damage|p1a: Reuniclus|154\/424
|move|p1a: Reuniclus|Recover|p1a: Reuniclus
|-heal|p1a: Reuniclus|366\/424
|
|-heal|p1a: Reuniclus|392\/424|[from] item: Leftovers
|turn|26
|
|move|p2a: Swampert|Earthquake|p1a: Reuniclus
|-damage|p1a: Reuniclus|218\/424
|move|p1a: Reuniclus|Calm Mind|p1a: Reuniclus
|-boost|p1a: Reuniclus|spa|1
|-boost|p1a: Reuniclus|spd|1
|
|-heal|p1a: Reuniclus|244\/424|[from] item: Leftovers
|turn|27
|
|move|p2a: Swampert|Earthquake|p1a: Reuniclus
|-damage|p1a: Reuniclus|51\/424
|move|p1a: Reuniclus|Recover|p1a: Reuniclus
|-heal|p1a: Reuniclus|263\/424
|
|-heal|p1a: Reuniclus|289\/424|[from] item: Leftovers
|turn|28
|
|move|p2a: Swampert|Waterfall|p1a: Reuniclus
|-damage|p1a: Reuniclus|132\/424
|move|p1a: Reuniclus|Recover|p1a: Reuniclus
|-heal|p1a: Reuniclus|344\/424
|
|-heal|p1a: Reuniclus|370\/424|[from] item: Leftovers
|turn|29
|
|move|p2a: Swampert|Waterfall|p1a: Reuniclus
|-damage|p1a: Reuniclus|223\/424
|move|p1a: Reuniclus|Psyshock|p2a: Swampert
|-damage|p2a: Swampert|166\/403
|
|-heal|p1a: Reuniclus|249\/424|[from] item: Leftovers
|turn|30
|
|move|p2a: Swampert|Waterfall|p1a: Reuniclus
|-damage|p1a: Reuniclus|107\/424
|move|p1a: Reuniclus|Recover|p1a: Reuniclus
|-heal|p1a: Reuniclus|319\/424
|
|-heal|p1a: Reuniclus|345\/424|[from] item: Leftovers
|turn|31
|
|move|p2a: Swampert|Earthquake|p1a: Reuniclus
|-damage|p1a: Reuniclus|158\/424
|move|p1a: Reuniclus|Recover|p1a: Reuniclus
|-heal|p1a: Reuniclus|370\/424
|
|-heal|p1a: Reuniclus|396\/424|[from] item: Leftovers
|turn|32
|
|move|p2a: Swampert|Earthquake|p1a: Reuniclus
|-damage|p1a: Reuniclus|219\/424
|move|p1a: Reuniclus|Psyshock|p2a: Swampert
|-damage|p2a: Swampert|0 fnt
|faint|p2a: Swampert
|
|-heal|p1a: Reuniclus|245\/424|[from] item: Leftovers
|
|switch|p2a: Kyurem|Kyurem|113\/391
|-damage|p2a: Kyurem|16\/391|[from] Stealth Rock
|-ability|p2a: Kyurem|Pressure
|turn|33
|
|move|p2a: Kyurem|Draco Meteor|p1a: Reuniclus
|-damage|p1a: Reuniclus|98\/424
|-unboost|p2a: Kyurem|spa|2
|move|p1a: Reuniclus|Recover|p1a: Reuniclus
|-heal|p1a: Reuniclus|310\/424
|
|-heal|p1a: Reuniclus|336\/424|[from] item: Leftovers
|turn|34
|
|move|p2a: Kyurem|Draco Meteor|p1a: Reuniclus
|-damage|p1a: Reuniclus|261\/424
|-unboost|p2a: Kyurem|spa|2
|move|p1a: Reuniclus|Recover|p1a: Reuniclus
|-heal|p1a: Reuniclus|424\/424
|
|turn|35
|
|move|p2a: Kyurem|Draco Meteor|p1a: Reuniclus
|-damage|p1a: Reuniclus|373\/424
|-unboost|p2a: Kyurem|spa|2
|move|p1a: Reuniclus|Psyshock|p2a: Kyurem
|-damage|p2a: Kyurem|0 fnt
|faint|p2a: Kyurem
|
|-heal|p1a: Reuniclus|399\/424|[from] item: Leftovers
|
|switch|p2a: Blissey|Blissey, F|714\/714
|-damage|p2a: Blissey|625\/714|[from] Stealth Rock
|turn|36
|
|move|p2a: Blissey|Seismic Toss|p1a: Reuniclus
|-damage|p1a: Reuniclus|299\/424
|move|p1a: Reuniclus|Calm Mind|p1a: Reuniclus
|-boost|p1a: Reuniclus|spa|1
|-boost|p1a: Reuniclus|spd|1
|
|-heal|p2a: Blissey|669\/714|[from] item: Leftovers
|-heal|p1a: Reuniclus|325\/424|[from] item: Leftovers
|turn|37
|
|move|p2a: Blissey|Seismic Toss|p1a: Reuniclus
|-damage|p1a: Reuniclus|225\/424
|move|p1a: Reuniclus|Calm Mind|p1a: Reuniclus
|-boost|p1a: Reuniclus|spa|1
|-boost|p1a: Reuniclus|spd|1
|
|-heal|p2a: Blissey|713\/714|[from] item: Leftovers
|-heal|p1a: Reuniclus|251\/424|[from] item: Leftovers
|turn|38
|
|move|p2a: Blissey|Seismic Toss|p1a: Reuniclus
|-damage|p1a: Reuniclus|151\/424
|move|p1a: Reuniclus|Recover|p1a: Reuniclus
|-heal|p1a: Reuniclus|363\/424
|
|-heal|p2a: Blissey|714\/714|[from] item: Leftovers
|-heal|p1a: Reuniclus|389\/424|[from] item: Leftovers
|turn|39
|
|move|p2a: Blissey|Seismic Toss|p1a: Reuniclus
|-damage|p1a: Reuniclus|289\/424
|move|p1a: Reuniclus|Psyshock|p2a: Blissey
|-damage|p2a: Blissey|60\/714
|
|-heal|p2a: Blissey|104\/714|[from] item: Leftovers
|-heal|p1a: Reuniclus|315\/424|[from] item: Leftovers
|turn|40
|
|move|p2a: Blissey|Seismic Toss|p1a: Reuniclus
|-damage|p1a: Reuniclus|215\/424
|move|p1a: Reuniclus|Psyshock|p2a: Blissey
|-damage|p2a: Blissey|0 fnt
|faint|p2a: Blissey
|
|win|zippleclopper
|raw|Ladder updating...
|raw|zippleclopper's rating: 1628 &rarr; <strong>1643<\/strong><br \/>(+15 for winning)
|raw|co0ol's rating: 1531 &rarr; <strong>1516<\/strong><br \/>(-15 for losing)