|join|mega pidgeotto
|join|zippleclopper
|player|p1|mega pidgeotto|171
|player|p2|zippleclopper|1
|gametype|singles
|gen|6
|tier|UU
|rated
|rule|Sleep Clause Mod: Limit one foe put to sleep
|rule|Species Clause: Limit one of each PokÃ©mon
|rule|OHKO Clause: OHKO moves are banned
|rule|Moody Clause: Moody is banned
|rule|Evasion Moves Clause: Evasion moves are banned
|rule|Endless Battle Clause: Forcing endless battles is banned
|rule|HP Percentage Mod: HP is shown in percentages
|clearpoke
|poke|p1|Reuniclus, M
|poke|p1|Snorlax, F
|poke|p1|Florges, F
|poke|p1|Krookodile, M
|poke|p1|Infernape, F
|poke|p1|Pidgeot, M
|poke|p2|Hippowdon, F
|poke|p2|Reuniclus, F
|poke|p2|Doublade, F
|poke|p2|Entei, shiny
|poke|p2|Virizion
|poke|p2|Blastoise, M
|rule|Swagger Clause: Swagger is banned
|rule|Baton Pass Clause: Limit one PokÃ©mon knowing Baton Pass
|teampreview
|join|watfor
|
|start
|switch|p1a: Pidgeot|Pidgeot, M|307\/307
|switch|p2a: Blastoise|Blastoise, M|355\/355
|turn|1
|
|switch|p1a: Florges|Florges, F|359\/359
|detailschange|p2a: Blastoise|Blastoise-Mega, M
|-mega|p2a: Blastoise|Blastoise|Blastoisinite
|move|p2a: Blastoise|Hydro Pump|p1a: Florges
|-damage|p1a: Florges|220\/359
|
|-heal|p1a: Florges|242\/359|[from] item: Leftovers
|turn|2
|
|move|p2a: Blastoise|Hydro Pump|p1a: Florges
|-damage|p1a: Florges|89\/359
|move|p1a: Florges|Moonblast|p2a: Blastoise
|-damage|p2a: Blastoise|241\/355
|-unboost|p2a: Blastoise|spa|1
|
|-heal|p1a: Florges|111\/359|[from] item: Leftovers
|turn|3
|
|move|p1a: Florges|Protect|p1a: Florges
|-singleturn|p1a: Florges|Protect
|move|p2a: Blastoise|Hydro Pump|p1a: Florges
|-activate|p1a: Florges|Protect
|
|-heal|p1a: Florges|133\/359|[from] item: Leftovers
|turn|4
|
|switch|p2a: Entei|Entei, shiny|371\/371
|-ability|p2a: Entei|Pressure
|move|p1a: Florges|Moonblast|p2a: Entei
|-resisted|p2a: Entei
|-damage|p2a: Entei|300\/371
|
|-heal|p1a: Florges|155\/359|[from] item: Leftovers
|turn|5
|join|ULT Bob
|join|ULT Narcotics
|
|move|p1a: Florges|Protect|p1a: Florges
|-singleturn|p1a: Florges|Protect
|move|p2a: Entei|Sacred Fire|p1a: Florges
|-activate|p1a: Florges|Protect
|
|-heal|p1a: Florges|177\/359|[from] item: Leftovers
|turn|6
|c| ULT Bob|this guy
|
|switch|p1a: Snorlax|Snorlax, F|513\/513
|move|p2a: Entei|Sacred Fire|p1a: Snorlax
|-damage|p1a: Snorlax|356\/513
|
|-heal|p1a: Snorlax|388\/513|[from] item: Leftovers
|turn|7
|join|ULT Lapraz
|c| ULT Bob|has been using that team
|c| ULT Bob|for the longest time
|
|move|p2a: Entei|Sacred Fire|p1a: Snorlax
|-damage|p1a: Snorlax|220\/513
|-status|p1a: Snorlax|brn
|move|p1a: Snorlax|Body Slam|p2a: Entei
|-damage|p2a: Entei|239\/371
|
|-heal|p1a: Snorlax|252\/513 brn|[from] item: Leftovers
|-damage|p1a: Snorlax|188\/513 brn|[from] brn
|turn|8
|
|move|p2a: Entei|Sacred Fire|p1a: Snorlax
|-crit|p1a: Snorlax
|-damage|p1a: Snorlax|0 fnt
|faint|p1a: Snorlax
|
|c|âmega pidgeotto|bob
|c| ULT Bob|rip
|
|switch|p1a: Pidgeot|Pidgeot, M|307\/307
|turn|9
|c| ULT Bob|you need to run lucky chant support
|
|switch|p2a: Hippowdon|Hippowdon, F|419\/419
|-weather|Sandstorm
|detailschange|p1a: Pidgeot|Pidgeot-Mega, M
|-mega|p1a: Pidgeot|Pidgeot|Pidgeotite
|move|p1a: Pidgeot|Hurricane|p2a: Hippowdon
|-damage|p2a: Hippowdon|230\/419
|
|-weather|Sandstorm|[upkeep]
|-damage|p1a: Pidgeot|288\/307|[from] sandstorm
|-heal|p2a: Hippowdon|256\/419|[from] item: Leftovers
|turn|10
|
|move|p1a: Pidgeot|Hurricane|p2a: Hippowdon
|-damage|p2a: Hippowdon|58\/419
|move|p2a: Hippowdon|Rock Slide|p1a: Pidgeot
|-supereffective|p1a: Pidgeot
|-damage|p1a: Pidgeot|134\/307
|
|-weather|Sandstorm|[upkeep]
|-damage|p1a: Pidgeot|115\/307|[from] sandstorm
|-heal|p2a: Hippowdon|84\/419|[from] item: Leftovers
|turn|11
|c| ULT Bob|hurricane hax
|c| ULT Bob|go
|
|move|p1a: Pidgeot|Hurricane|p2a: Hippowdon
|-damage|p2a: Hippowdon|0 fnt
|faint|p2a: Hippowdon
|
|-weather|Sandstorm|[upkeep]
|-damage|p1a: Pidgeot|96\/307|[from] sandstorm
|
|switch|p2a: Entei|Entei, shiny|239\/371
|-ability|p2a: Entei|Pressure
|turn|12
|
|switch|p1a: Reuniclus|Reuniclus, M|423\/423
|move|p2a: Entei|Extreme Speed|p1a: Reuniclus
|-damage|p1a: Reuniclus|293\/423
|
|-weather|Sandstorm|[upkeep]
|-damage|p2a: Entei|216\/371|[from] sandstorm
|-heal|p1a: Reuniclus|319\/423|[from] item: Leftovers
|turn|13
|
|switch|p2a: Blastoise|Blastoise-Mega, M|241\/355
|switch|p1a: Krookodile|Krookodile, M|331\/331
|-ability|p1a: Krookodile|Intimidate|[of] p2a: Blastoise
|-unboost|p2a: Blastoise|atk|1
|
|-weather|none
|turn|14
|
|switch|p1a: Florges|Florges, F|177\/359
|move|p2a: Blastoise|Hydro Pump|p1a: Florges
|-damage|p1a: Florges|17\/359
|
|-heal|p1a: Florges|39\/359|[from] item: Leftovers
|turn|15
|
|move|p2a: Blastoise|Ice Beam|p1a: Florges
|-damage|p1a: Florges|0 fnt
|faint|p1a: Florges
|
|
|switch|p1a: Pidgeot|Pidgeot-Mega, M|96\/307
|turn|16
|
|move|p1a: Pidgeot|Hurricane|p2a: Blastoise
|-damage|p2a: Blastoise|73\/355
|move|p2a: Blastoise|Ice Beam|p1a: Pidgeot
|-supereffective|p1a: Pidgeot
|-damage|p1a: Pidgeot|0 fnt
|faint|p1a: Pidgeot
|
|
|switch|p1a: Krookodile|Krookodile, M|331\/331
|-ability|p1a: Krookodile|Intimidate|[of] p2a: Blastoise
|-unboost|p2a: Blastoise|atk|1
|turn|17
|
|move|p1a: Krookodile|Earthquake|p2a: Blastoise
|-damage|p2a: Blastoise|0 fnt
|faint|p2a: Blastoise
|
|
|switch|p2a: Virizion|Virizion|324\/324
|turn|18
|
|switch|p1a: Reuniclus|Reuniclus, M|319\/423
|move|p2a: Virizion|Swords Dance|p2a: Virizion
|-boost|p2a: Virizion|atk|2
|
|-heal|p1a: Reuniclus|345\/423|[from] item: Leftovers
|turn|19
|
|move|p2a: Virizion|Leaf Blade|p1a: Reuniclus
|-damage|p1a: Reuniclus|72\/423
|-damage|p2a: Virizion|292\/324|[from] item: Life Orb
|move|p1a: Reuniclus|Psyshock|p2a: Virizion
|-supereffective|p2a: Virizion
|-damage|p2a: Virizion|20\/324
|
|-heal|p1a: Reuniclus|98\/423|[from] item: Leftovers
|turn|20
|
|move|p2a: Virizion|Close Combat|p1a: Reuniclus
|-resisted|p1a: Reuniclus
|-damage|p1a: Reuniclus|0 fnt
|-unboost|p2a: Virizion|def|1
|-unboost|p2a: Virizion|spd|1
|-damage|p2a: Virizion|0 fnt|[from] item: Life Orb
|faint|p1a: Reuniclus
|faint|p2a: Virizion
|
|
|switch|p1a: Krookodile|Krookodile, M|331\/331
|switch|p2a: Entei|Entei, shiny|216\/371
|-ability|p1a: Krookodile|Intimidate|[of] p2a: Entei
|-unboost|p2a: Entei|atk|1
|-ability|p2a: Entei|Pressure
|turn|21
|
|move|p2a: Entei|Extreme Speed|p1a: Krookodile
|-damage|p1a: Krookodile|226\/331
|move|p1a: Krookodile|Earthquake|p2a: Entei
|-supereffective|p2a: Entei
|-damage|p2a: Entei|0 fnt
|faint|p2a: Entei
|
|
|switch|p2a: Doublade|Doublade, F|321\/321
|turn|22
|
|switch|p1a: Infernape|Infernape, F|293\/293
|move|p2a: Doublade|Sacred Sword|p1a: Infernape
|-damage|p1a: Infernape|162\/293
|
|turn|23
|
|move|p1a: Infernape|Fire Blast|p2a: Doublade
|-supereffective|p2a: Doublade
|-damage|p2a: Doublade|0 fnt
|-damage|p1a: Infernape|133\/293|[from] item: Life Orb
|faint|p2a: Doublade
|
|
|switch|p2a: Reuniclus|Reuniclus, F|424\/424
|turn|24
|
|move|p1a: Infernape|Fire Blast|p2a: Reuniclus
|-damage|p2a: Reuniclus|194\/424
|-status|p2a: Reuniclus|brn
|-damage|p1a: Infernape|104\/293|[from] item: Life Orb
|move|p2a: Reuniclus|Focus Blast|p1a: Infernape
|-crit|p1a: Infernape
|-damage|p1a: Infernape|0 fnt
|faint|p1a: Infernape
|
|-heal|p2a: Reuniclus|220\/424 brn|[from] item: Leftovers
|
|switch|p1a: Krookodile|Krookodile, M|226\/331
|-ability|p1a: Krookodile|Intimidate|[of] p2a: Reuniclus
|-unboost|p2a: Reuniclus|atk|1
|turn|25
|
|move|p1a: Krookodile|Knock Off|p2a: Reuniclus
|-supereffective|p2a: Reuniclus
|-damage|p2a: Reuniclus|0 fnt
|-enditem|p2a: Reuniclus|Leftovers|[from] move: Knock Off|[of] p1a: Krookodile
|faint|p2a: Reuniclus
|
|win|mega pidgeotto
|raw|Ladder updating...
|raw|mega pidgeotto's rating: 1562 &rarr; <strong>1584<\/strong><br \/>(+22 for winning)
|raw|zippleclopper's rating: 1598 &rarr; <strong>1576<\/strong><br \/>(-22 for losing)