|join|delicieuxstuff
|join|KOKai LaFlare
|player|p1|delicieuxstuff|170
|player|p2|KOKai LaFlare|125
|gametype|singles
|gen|6
|tier|OU
|rated
|clearpoke
|poke|p1|Starmie
|poke|p1|Skarmory, M
|poke|p1|Quagsire, F
|poke|p1|Amoonguss, F
|poke|p1|Sableye, M
|poke|p1|Chansey, F
|poke|p2|Lopunny, F
|poke|p2|Tangrowth, M
|poke|p2|Heatran, M
|poke|p2|Keldeo
|poke|p2|Excadrill, M
|poke|p2|Togekiss, F
|rule|Swagger Clause: Swagger is banned
|rule|Baton Pass Clause: Limit one PokÃ©mon knowing Baton Pass
|rule|Sleep Clause Mod: Limit one foe put to sleep
|rule|Species Clause: Limit one of each PokÃ©mon
|rule|OHKO Clause: OHKO moves are banned
|rule|Moody Clause: Moody is banned
|rule|Evasion Moves Clause: Evasion moves are banned
|rule|Endless Battle Clause: Forcing endless battles is banned
|rule|HP Percentage Mod: HP is shown in percentages
|teampreview
|
|start
|switch|p1a: Sableye|Sableye, M|304\/304
|switch|p2a: Heatran|Heatran, M|385\/385
|turn|1
|
|detailschange|p1a: Sableye|Sableye-Mega, M
|-mega|p1a: Sableye|Sableye|Sablenite
|move|p2a: Heatran|Lava Plume|p1a: Sableye
|-damage|p1a: Sableye|211\/304
|move|p1a: Sableye|Knock Off|p2a: Heatran
|-damage|p2a: Heatran|289\/385
|-enditem|p2a: Heatran|Leftovers|[from] move: Knock Off|[of] p1a: Sableye
|
|turn|2
|
|switch|p1a: Starmie|Starmie|324\/324
|move|p2a: Heatran|Roar|p1a: Starmie
|drag|p1a: Quagsire|Quagsire, F|394\/394
|
|turn|3
|
|switch|p2a: Tangrowth|Tangrowth, M|404\/404
|switch|p1a: Starmie|Starmie|324\/324
|
|turn|4
|
|switch|p1a: Sableye|Sableye-Mega, M|211\/304
|move|p2a: Tangrowth|Knock Off|p1a: Sableye
|-damage|p1a: Sableye|176\/304
|
|turn|5
|
|switch|p2a: Togekiss|Togekiss, F|374\/374
|move|p1a: Sableye|Recover|p1a: Sableye
|-heal|p1a: Sableye|304\/304
|
|turn|6
|
|switch|p1a: Chansey|Chansey, F|703\/703
|move|p2a: Togekiss|Dazzling Gleam|p1a: Chansey
|-damage|p1a: Chansey|639\/703
|
|turn|7
|join|Fuck you Greninja
|
|switch|p2a: Lopunny|Lopunny, F|271\/271
|move|p1a: Chansey|Stealth Rock|p2a: Lopunny
|-sidestart|p2: KOKai LaFlare|move: Stealth Rock
|
|turn|8
|c| Fuck you Greninja|KOKai!!!
|c| Fuck you Greninja|omg are you recording
|
|switch|p1a: Amoonguss|Amoonguss, F|432\/432
|detailschange|p2a: Lopunny|Lopunny-Mega, F
|-mega|p2a: Lopunny|Lopunny|Lopunnite
|move|p2a: Lopunny|High Jump Kick|p1a: Amoonguss
|-resisted|p1a: Amoonguss
|-damage|p1a: Amoonguss|308\/432
|
|-heal|p1a: Amoonguss|335\/432|[from] item: Black Sludge
|turn|9
|c| Fuck you Greninja|does anyone know you're on?
|
|switch|p2a: Heatran|Heatran, M|289\/385
|-damage|p2a: Heatran|241\/385|[from] Stealth Rock
|move|p1a: Amoonguss|Spore|p2a: Heatran
|-status|p2a: Heatran|slp
|
|-heal|p1a: Amoonguss|362\/432|[from] item: Black Sludge
|turn|10
|c| Fuck you Greninja|I've been reading your RMT's and they are amazing
|
|cant|p2a: Heatran|slp
|move|p1a: Amoonguss|Giga Drain|p2a: Heatran
|-resisted|p2a: Heatran
|-damage|p2a: Heatran|228\/385 slp
|-heal|p1a: Amoonguss|369\/432|[from] drain|[of] p2a: Heatran
|
|-heal|p1a: Amoonguss|396\/432|[from] item: Black Sludge
|turn|11
|c| Fuck you Greninja|you're truly putting work into the meta
|
|switch|p1a: Starmie|Starmie|324\/324
|cant|p2a: Heatran|slp
|
|turn|12
|c| Fuck you Greninja|your debate on mega lopunny is moving
|
|switch|p2a: Tangrowth|Tangrowth, M|404\/404
|-damage|p2a: Tangrowth|354\/404|[from] Stealth Rock
|move|p1a: Starmie|Scald|p2a: Tangrowth
|-resisted|p2a: Tangrowth
|-damage|p2a: Tangrowth|321\/404
|
|turn|13
|
|move|p1a: Starmie|Reflect Type|p2a: Tangrowth
|-start|p1a: Starmie|typechange|[from] move: Reflect Type|[of] p2a: Tangrowth
|move|p2a: Tangrowth|Giga Drain|p1a: Starmie
|-resisted|p1a: Starmie
|-damage|p1a: Starmie|272\/324
|-heal|p2a: Tangrowth|347\/404|[from] drain|[of] p1a: Starmie
|
|-heal|p1a: Starmie|292\/324|[from] item: Leftovers
|turn|14
|
|switch|p1a: Sableye|Sableye-Mega, M|304\/304
|move|p2a: Tangrowth|Hidden Power|p1a: Sableye
|-damage|p1a: Sableye|262\/304
|
|turn|15
|
|switch|p2a: Togekiss|Togekiss, F|374\/374
|-damage|p2a: Togekiss|281\/374|[from] Stealth Rock
|move|p1a: Sableye|Toxic|p2a: Togekiss
|-status|p2a: Togekiss|tox
|
|-heal|p2a: Togekiss|304\/374 tox|[from] item: Leftovers
|-damage|p2a: Togekiss|281\/374 tox|[from] psn
|turn|16
|
|switch|p2a: Heatran|Heatran, M|228\/385 slp
|-damage|p2a: Heatran|180\/385 slp|[from] Stealth Rock
|switch|p1a: Skarmory|Skarmory, M|334\/334
|
|turn|17
|
|switch|p1a: Starmie|Starmie|292\/324
|-curestatus|p2a: Heatran|slp
|move|p2a: Heatran|Stealth Rock|p1a: Starmie
|-sidestart|p1: delicieuxstuff|move: Stealth Rock
|
|-heal|p1a: Starmie|312\/324|[from] item: Leftovers
|turn|18
|
|switch|p2a: Tangrowth|Tangrowth, M|404\/404
|-damage|p2a: Tangrowth|354\/404|[from] Stealth Rock
|move|p1a: Starmie|Rapid Spin|p2a: Tangrowth
|-damage|p2a: Tangrowth|345\/404
|-sideend|p1: delicieuxstuff|Stealth Rock|[from] move: Rapid Spin|[of] p1a: Starmie
|
|-heal|p1a: Starmie|324\/324|[from] item: Leftovers
|turn|19
|
|switch|p1a: Sableye|Sableye-Mega, M|262\/304
|move|p2a: Tangrowth|Knock Off|p1a: Sableye
|-damage|p1a: Sableye|227\/304
|
|turn|20
|
|switch|p2a: Togekiss|Togekiss, F|281\/374 tox
|-damage|p2a: Togekiss|188\/374 tox|[from] Stealth Rock
|move|p1a: Sableye|Knock Off|p2a: Togekiss
|-resisted|p2a: Togekiss
|-damage|p2a: Togekiss|149\/374 tox
|-enditem|p2a: Togekiss|Leftovers|[from] move: Knock Off|[of] p1a: Sableye
|
|-damage|p2a: Togekiss|126\/374 tox|[from] psn
|turn|21
|
|switch|p1a: Skarmory|Skarmory, M|334\/334
|move|p2a: Togekiss|Roost|p2a: Togekiss
|-heal|p2a: Togekiss|313\/374 tox
|
|-damage|p2a: Togekiss|267\/374 tox|[from] psn
|turn|22
|
|switch|p2a: Heatran|Heatran, M|180\/385
|-damage|p2a: Heatran|132\/385|[from] Stealth Rock
|move|p1a: Skarmory|Iron Head|p2a: Heatran
|-resisted|p2a: Heatran
|-damage|p2a: Heatran|114\/385
|
|turn|23
|
|switch|p1a: Starmie|Starmie|324\/324
|move|p2a: Heatran|Lava Plume|p1a: Starmie
|-resisted|p1a: Starmie
|-damage|p1a: Starmie|257\/324
|-status|p1a: Starmie|brn
|
|-heal|p1a: Starmie|277\/324 brn|[from] item: Leftovers
|-damage|p1a: Starmie|237\/324 brn|[from] brn
|turn|24
|
|switch|p2a: Tangrowth|Tangrowth, M|404\/404
|-damage|p2a: Tangrowth|354\/404|[from] Stealth Rock
|move|p1a: Starmie|Scald|p2a: Tangrowth
|-resisted|p2a: Tangrowth
|-damage|p2a: Tangrowth|321\/404
|
|-heal|p1a: Starmie|257\/324 brn|[from] item: Leftovers
|-damage|p1a: Starmie|217\/324 brn|[from] brn
|turn|25
|
|move|p1a: Starmie|Recover|p1a: Starmie
|-heal|p1a: Starmie|324\/324 brn
|move|p2a: Tangrowth|Giga Drain|p1a: Starmie
|-supereffective|p1a: Starmie
|-damage|p1a: Starmie|126\/324 brn
|-heal|p2a: Tangrowth|404\/404|[from] drain|[of] p1a: Starmie
|
|-heal|p1a: Starmie|146\/324 brn|[from] item: Leftovers
|-damage|p1a: Starmie|106\/324 brn|[from] brn
|turn|26
|
|move|p1a: Starmie|Recover|p1a: Starmie
|-heal|p1a: Starmie|268\/324 brn
|move|p2a: Tangrowth|Hidden Power|p1a: Starmie
|-resisted|p1a: Starmie
|-damage|p1a: Starmie|239\/324 brn
|
|-heal|p1a: Starmie|259\/324 brn|[from] item: Leftovers
|-damage|p1a: Starmie|219\/324 brn|[from] brn
|turn|27
|
|switch|p1a: Sableye|Sableye-Mega, M|227\/304
|move|p2a: Tangrowth|Giga Drain|p1a: Sableye
|-damage|p1a: Sableye|155\/304
|
|turn|28
|
|switch|p2a: Excadrill|Excadrill, M|362\/362
|-damage|p2a: Excadrill|351\/362|[from] Stealth Rock
|move|p1a: Sableye|Recover|p1a: Sableye
|-heal|p1a: Sableye|304\/304
|
|turn|29
|
|move|p2a: Excadrill|Iron Head|p1a: Sableye
|-damage|p1a: Sableye|199\/304
|move|p1a: Sableye|Knock Off|p2a: Excadrill
|-damage|p2a: Excadrill|201\/362
|-enditem|p2a: Excadrill|Choice Scarf|[from] move: Knock Off|[of] p1a: Sableye
|
|turn|30
|
|move|p2a: Excadrill|Earthquake|p1a: Sableye
|-damage|p1a: Sableye|75\/304
|move|p1a: Sableye|Recover|p1a: Sableye
|-heal|p1a: Sableye|227\/304
|
|turn|31
|
|move|p2a: Excadrill|Earthquake|p1a: Sableye
|-damage|p1a: Sableye|89\/304
|move|p1a: Sableye|Recover|p1a: Sableye
|-heal|p1a: Sableye|241\/304
|
|turn|32
|
|move|p2a: Excadrill|Iron Head|p1a: Sableye
|-crit|p1a: Sableye
|-damage|p1a: Sableye|69\/304
|move|p1a: Sableye|Will-O-Wisp|p2a: Excadrill
|-status|p2a: Excadrill|brn
|
|-damage|p2a: Excadrill|156\/362 brn|[from] brn
|turn|33
|
|move|p2a: Excadrill|Earthquake|p1a: Sableye
|-damage|p1a: Sableye|6\/304
|move|p1a: Sableye|Recover|p1a: Sableye
|-heal|p1a: Sableye|158\/304
|
|-damage|p2a: Excadrill|111\/362 brn|[from] brn
|turn|34
|
|switch|p2a: Togekiss|Togekiss, F|267\/374 tox
|-damage|p2a: Togekiss|174\/374 tox|[from] Stealth Rock
|move|p1a: Sableye|Recover|p1a: Sableye
|-heal|p1a: Sableye|304\/304
|
|-damage|p2a: Togekiss|151\/374 tox|[from] psn
|turn|35
|
|switch|p1a: Skarmory|Skarmory, M|334\/334
|move|p2a: Togekiss|Roost|p2a: Togekiss
|-heal|p2a: Togekiss|338\/374 tox
|
|-damage|p2a: Togekiss|292\/374 tox|[from] psn
|turn|36
|
|switch|p2a: Heatran|Heatran, M|114\/385
|-damage|p2a: Heatran|66\/385|[from] Stealth Rock
|move|p1a: Skarmory|Spikes|p2a: Heatran
|-sidestart|p2: KOKai LaFlare|Spikes
|
|turn|37
|
|switch|p1a: Starmie|Starmie|219\/324
|move|p2a: Heatran|Lava Plume|p1a: Starmie
|-resisted|p1a: Starmie
|-damage|p1a: Starmie|152\/324
|
|-heal|p1a: Starmie|172\/324|[from] item: Leftovers
|turn|38
|
|switch|p2a: Tangrowth|Tangrowth, M|404\/404
|-damage|p2a: Tangrowth|354\/404|[from] Stealth Rock
|-damage|p2a: Tangrowth|304\/404|[from] Spikes
|move|p1a: Starmie|Scald|p2a: Tangrowth
|-resisted|p2a: Tangrowth
|-damage|p2a: Tangrowth|269\/404
|
|-heal|p1a: Starmie|192\/324|[from] item: Leftovers
|turn|39
|
|switch|p1a: Sableye|Sableye-Mega, M|304\/304
|move|p2a: Tangrowth|Giga Drain|p1a: Sableye
|-damage|p1a: Sableye|232\/304
|-heal|p2a: Tangrowth|305\/404|[from] drain|[of] p1a: Sableye
|
|turn|40
|
|switch|p2a: Togekiss|Togekiss, F|292\/374 tox
|-damage|p2a: Togekiss|199\/374 tox|[from] Stealth Rock
|move|p1a: Sableye|Will-O-Wisp|p2a: Togekiss
|-fail|p2a: Togekiss
|
|-damage|p2a: Togekiss|176\/374 tox|[from] psn
|turn|41
|
|switch|p2a: Heatran|Heatran, M|66\/385
|-damage|p2a: Heatran|18\/385|[from] Stealth Rock
|-damage|p2a: Heatran|0 fnt|[from] Spikes
|faint|p2a: Heatran
|switch|p1a: Skarmory|Skarmory, M|334\/334
|
|
|switch|p2a: Keldeo|Keldeo|323\/323
|-damage|p2a: Keldeo|283\/323|[from] Spikes
|-damage|p2a: Keldeo|263\/323|[from] Stealth Rock
|turn|42
|
|switch|p1a: Amoonguss|Amoonguss, F|432\/432
|move|p2a: Keldeo|Calm Mind|p2a: Keldeo
|-boost|p2a: Keldeo|spa|1
|-boost|p2a: Keldeo|spd|1
|
|-heal|p2a: Keldeo|283\/323|[from] item: Leftovers
|turn|43
|
|move|p2a: Keldeo|Substitute|p2a: Keldeo
|-start|p2a: Keldeo|Substitute
|-damage|p2a: Keldeo|203\/323
|move|p1a: Amoonguss|Giga Drain|p2a: Keldeo
|-supereffective|p2a: Keldeo
|-end|p2a: Keldeo|Substitute
|
|-heal|p2a: Keldeo|223\/323|[from] item: Leftovers
|turn|44
|
|switch|p2a: Tangrowth|Tangrowth, M|404\/404
|-damage|p2a: Tangrowth|354\/404|[from] Spikes
|-damage|p2a: Tangrowth|304\/404|[from] Stealth Rock
|move|p1a: Amoonguss|Clear Smog|p2a: Tangrowth
|-supereffective|p2a: Tangrowth
|-damage|p2a: Tangrowth|232\/404
|-clearboost|p2a: Tangrowth
|
|turn|45
|
|switch|p1a: Sableye|Sableye-Mega, M|232\/304
|move|p2a: Tangrowth|Giga Drain|p1a: Sableye
|-damage|p1a: Sableye|160\/304
|-heal|p2a: Tangrowth|268\/404|[from] drain|[of] p1a: Sableye
|
|turn|46
|
|switch|p2a: Togekiss|Togekiss, F|176\/374 tox
|-damage|p2a: Togekiss|83\/374 tox|[from] Stealth Rock
|move|p1a: Sableye|Recover|p1a: Sableye
|-heal|p1a: Sableye|304\/304
|
|-damage|p2a: Togekiss|60\/374 tox|[from] psn
|turn|47
|
|switch|p1a: Skarmory|Skarmory, M|334\/334
|move|p2a: Togekiss|Roost|p2a: Togekiss
|-heal|p2a: Togekiss|247\/374 tox
|
|-damage|p2a: Togekiss|201\/374 tox|[from] psn
|turn|48
|
|move|p2a: Togekiss|Roost|p2a: Togekiss
|-heal|p2a: Togekiss|374\/374 tox
|move|p1a: Skarmory|Whirlwind|p2a: Togekiss
|drag|p2a: Tangrowth|Tangrowth, M|402\/404
|-damage|p2a: Tangrowth|352\/404|[from] Stealth Rock
|-damage|p2a: Tangrowth|302\/404|[from] Spikes
|
|turn|49
|
|switch|p1a: Sableye|Sableye-Mega, M|304\/304
|move|p2a: Tangrowth|Hidden Power|p1a: Sableye
|-damage|p1a: Sableye|267\/304
|
|turn|50
|
|switch|p2a: Togekiss|Togekiss, F|374\/374 tox
|-damage|p2a: Togekiss|281\/374 tox|[from] Stealth Rock
|move|p1a: Sableye|Will-O-Wisp|p2a: Togekiss
|-fail|p2a: Togekiss
|
|-damage|p2a: Togekiss|258\/374 tox|[from] psn
|turn|51
|
|switch|p1a: Skarmory|Skarmory, M|334\/334
|move|p2a: Togekiss|Dazzling Gleam|p1a: Skarmory
|-resisted|p1a: Skarmory
|-damage|p1a: Skarmory|271\/334
|
|-damage|p2a: Togekiss|212\/374 tox|[from] psn
|turn|52
|
|move|p2a: Togekiss|Thunder Wave|p1a: Skarmory
|-status|p1a: Skarmory|par
|cant|p1a: Skarmory|par
|
|-damage|p2a: Togekiss|143\/374 tox|[from] psn
|turn|53
|
|move|p2a: Togekiss|Roost|p2a: Togekiss
|-heal|p2a: Togekiss|330\/374 tox
|move|p1a: Skarmory|Spikes|p2a: Togekiss
|-sidestart|p2: KOKai LaFlare|Spikes
|
|-damage|p2a: Togekiss|238\/374 tox|[from] psn
|turn|54
|
|switch|p2a: Lopunny|Lopunny-Mega, F|271\/271
|-damage|p2a: Lopunny|226\/271|[from] Spikes
|-damage|p2a: Lopunny|210\/271|[from] Stealth Rock
|move|p1a: Skarmory|Roost|p1a: Skarmory
|-heal|p1a: Skarmory|334\/334 par
|
|turn|55
|
|switch|p1a: Amoonguss|Amoonguss, F|432\/432
|move|p2a: Lopunny|Fake Out|p1a: Amoonguss
|-damage|p1a: Amoonguss|360\/432
|
|-heal|p1a: Amoonguss|387\/432|[from] item: Black Sludge
|turn|56
|
|switch|p2a: Excadrill|Excadrill, M|111\/362 brn
|-damage|p2a: Excadrill|100\/362 brn|[from] Stealth Rock
|-damage|p2a: Excadrill|40\/362 brn|[from] Spikes
|move|p1a: Amoonguss|Spore|p2a: Excadrill
|-fail|p2a: Excadrill
|
|-heal|p1a: Amoonguss|414\/432|[from] item: Black Sludge
|-damage|p2a: Excadrill|0 fnt|[from] brn
|faint|p2a: Excadrill
|
|switch|p2a: Togekiss|Togekiss, F|238\/374 tox
|-damage|p2a: Togekiss|145\/374 tox|[from] Stealth Rock
|turn|57
|
|switch|p1a: Chansey|Chansey, F|639\/703
|move|p2a: Togekiss|Roost|p2a: Togekiss
|-heal|p2a: Togekiss|332\/374 tox
|
|-damage|p2a: Togekiss|309\/374 tox|[from] psn
|turn|58
|
|switch|p2a: Lopunny|Lopunny-Mega, F|210\/271
|-damage|p2a: Lopunny|194\/271|[from] Stealth Rock
|-damage|p2a: Lopunny|149\/271|[from] Spikes
|move|p1a: Chansey|Aromatherapy|p1a: Chansey
|-cureteam|p1a: Chansey|[from] move: Aromatherapy
|
|turn|59
|
|switch|p1a: Amoonguss|Amoonguss, F|432\/432
|move|p2a: Lopunny|Return|p1a: Amoonguss
|-damage|p1a: Amoonguss|233\/432
|
|-heal|p1a: Amoonguss|260\/432|[from] item: Black Sludge
|turn|60
|
|move|p2a: Lopunny|Return|p1a: Amoonguss
|-damage|p1a: Amoonguss|62\/432
|move|p1a: Amoonguss|Spore|p2a: Lopunny
|-status|p2a: Lopunny|slp
|
|-heal|p1a: Amoonguss|89\/432|[from] item: Black Sludge
|turn|61
|-message|KOKai LaFlare forfeited.
|
|win|delicieuxstuff
|raw|Ladder updating...
|raw|delicieuxstuff's rating: 1664 &rarr; <strong>1680<\/strong><br \/>(+16 for winning)
|raw|KOKai LaFlare's rating: 1595 &rarr; <strong>1579<\/strong><br \/>(-16 for losing)
|leave|KOKai LaFlare
|player|p2
|leave|Fuck you Greninja