|join|acidburnz
|join|seanmgreen
|player|p1|acidburnz|161
|player|p2|seanmgreen|251
|gametype|singles
|gen|6
|tier|ORAS OU
|rated
|rule|Sleep Clause Mod: Limit one foe put to sleep
|rule|Species Clause: Limit one of each PokÃ©mon
|rule|OHKO Clause: OHKO moves are banned
|rule|Moody Clause: Moody is banned
|rule|Evasion Moves Clause: Evasion moves are banned
|rule|Endless Battle Clause: Forcing endless battles is banned
|rule|HP Percentage Mod: HP is shown in percentages
|clearpoke
|poke|p1|Sharpedo, M
|poke|p1|Breloom, F
|poke|p1|Tyranitar, F
|poke|p1|Gengar, F
|poke|p1|Latias, F
|poke|p1|Sylveon, M
|poke|p2|Sceptile, M
|poke|p2|Dragonite, F, shiny
|poke|p2|Mamoswine, M, shiny
|poke|p2|Milotic, M, shiny
|poke|p2|Latios, M, shiny
|poke|p2|Scizor, F
|rule|Swagger Clause: Swagger is banned
|rule|Baton Pass Clause: Limit one PokÃ©mon knowing Baton Pass
|teampreview
|c|âacidburnz|glhf
|c|âseanmgreen|u2 bud
|
|start
|switch|p1a: Gengar|Gengar, F|262\/262
|switch|p2a: Scizor|Scizor, F|344\/344
|turn|1
|
|move|p1a: Gengar|Shadow Ball|p2a: Scizor
|-damage|p2a: Scizor|139\/344
|move|p2a: Scizor|Knock Off|p1a: Gengar
|-supereffective|p1a: Gengar
|-damage|p1a: Gengar|0 fnt
|-enditem|p1a: Gengar|Choice Scarf|[from] move: Knock Off|[of] p2a: Scizor
|faint|p1a: Gengar
|
|-heal|p2a: Scizor|160\/344|[from] item: Leftovers
|
|switch|p1a: Sharpedo|Sharpedo, M|301\/301
|turn|2
|
|move|p1a: Sharpedo|Crunch|p2a: Scizor
|-damage|p2a: Scizor|49\/344
|move|p2a: Scizor|Roost|p2a: Scizor
|-heal|p2a: Scizor|221\/344
|
|-heal|p2a: Scizor|242\/344|[from] item: Leftovers
|-boost|p1a: Sharpedo|spe|1|[from] ability: Speed Boost
|turn|3
|
|switch|p1a: Sylveon|Sylveon, M|387\/387
|move|p2a: Scizor|U-turn|p1a: Sylveon
|-resisted|p1a: Sylveon
|-damage|p1a: Sylveon|309\/387
|
|switch|p2a: Mamoswine|Mamoswine, M, shiny|424\/424
|
|-heal|p1a: Sylveon|333\/387|[from] item: Leftovers
|turn|4
|
|move|p2a: Mamoswine|Stealth Rock|p1a: Sylveon
|-sidestart|p1: acidburnz|move: Stealth Rock
|move|p1a: Sylveon|Hyper Voice|p2a: Mamoswine
|-damage|p2a: Mamoswine|186\/424
|
|-heal|p1a: Sylveon|357\/387|[from] item: Leftovers
|turn|5
|
|move|p2a: Mamoswine|Earthquake|p1a: Sylveon
|-damage|p1a: Sylveon|69\/387
|move|p1a: Sylveon|Hyper Voice|p2a: Mamoswine
|-damage|p2a: Mamoswine|0 fnt
|faint|p2a: Mamoswine
|
|-heal|p1a: Sylveon|93\/387|[from] item: Leftovers
|
|switch|p2a: Dragonite|Dragonite, F, shiny|323\/323
|turn|6
|
|move|p2a: Dragonite|Extreme Speed|p1a: Sylveon
|-damage|p1a: Sylveon|0 fnt
|faint|p1a: Sylveon
|
|
|switch|p1a: Latias|Latias, F|302\/302
|-damage|p1a: Latias|265\/302|[from] Stealth Rock
|turn|7
|
|switch|p2a: Milotic|Milotic, M, shiny|393\/393
|move|p1a: Latias|Draco Meteor|p2a: Milotic
|-damage|p2a: Milotic|214\/393
|-unboost|p1a: Latias|spa|2
|-damage|p1a: Latias|235\/302|[from] item: Life Orb
|
|-heal|p2a: Milotic|238\/393|[from] item: Leftovers
|turn|8
|
|move|p1a: Latias|Defog|p2a: Milotic
|-unboost|p2a: Milotic|evasion|1
|-sideend|p1: acidburnz|Stealth Rock|[from] move: Defog|[of] p1a: Latias
|move|p2a: Milotic|Ice Beam|p1a: Latias
|-supereffective|p1a: Latias
|-damage|p1a: Latias|129\/302
|-status|p1a: Latias|frz
|
|-heal|p2a: Milotic|262\/393|[from] item: Leftovers
|turn|9
|c|âseanmgreen|second game in a row with a freeze
|c|âacidburnz|aren't you lucky
|
|cant|p1a: Latias|frz
|move|p2a: Milotic|Ice Beam|p1a: Latias
|-crit|p1a: Latias
|-supereffective|p1a: Latias
|-damage|p1a: Latias|0 fnt
|faint|p1a: Latias
|
|-heal|p2a: Milotic|286\/393|[from] item: Leftovers
|c|âseanmgreen|it happens to everyone at some point
|
|switch|p1a: Breloom|Breloom, F|262\/262
|turn|10
|
|switch|p2a: Sceptile|Sceptile, M|282\/282
|move|p1a: Breloom|Swords Dance|p1a: Breloom
|-boost|p1a: Breloom|atk|2
|
|turn|11
|
|detailschange|p2a: Sceptile|Sceptile-Mega, M
|message|Sceptile has Mega Evolved into Mega Sceptile!
|move|p1a: Breloom|Mach Punch|p2a: Sceptile
|-damage|p2a: Sceptile|0 fnt
|faint|p2a: Sceptile
|
|
|switch|p2a: Scizor|Scizor, F|242\/344
|turn|12
|
|move|p1a: Breloom|Mach Punch|p2a: Scizor
|-damage|p2a: Scizor|85\/344
|move|p2a: Scizor|U-turn|p1a: Breloom
|-damage|p1a: Breloom|141\/262
|
|switch|p2a: Dragonite|Dragonite, F, shiny|323\/323
|
|turn|13
|
|switch|p1a: Tyranitar|Tyranitar, F|404\/404
|-weather|Sandstorm
|move|p2a: Dragonite|Extreme Speed|p1a: Tyranitar
|-resisted|p1a: Tyranitar
|-damage|p1a: Tyranitar|347\/404
|
|-weather|Sandstorm|[upkeep]
|-damage|p2a: Dragonite|303\/323|[from] sandstorm
|turn|14
|
|switch|p2a: Scizor|Scizor, F|85\/344
|move|p1a: Tyranitar|Stone Edge|p2a: Scizor
|-damage|p2a: Scizor|0 fnt
|faint|p2a: Scizor
|
|-weather|Sandstorm|[upkeep]
|
|switch|p2a: Dragonite|Dragonite, F, shiny|303\/323
|turn|15
|
|move|p2a: Dragonite|Superpower|p1a: Tyranitar
|-supereffective|p1a: Tyranitar
|-damage|p1a: Tyranitar|0 fnt
|-unboost|p2a: Dragonite|atk|1
|-unboost|p2a: Dragonite|def|1
|faint|p1a: Tyranitar
|
|-weather|Sandstorm|[upkeep]
|-damage|p2a: Dragonite|283\/323|[from] sandstorm
|
|switch|p1a: Breloom|Breloom, F|141\/262
|turn|16
|c|âacidburnz|didn't expect the superpower
|c|âseanmgreen|I mainly run it for the surprise factor along with good coverage 
|
|switch|p2a: Milotic|Milotic, M, shiny|286\/393
|move|p1a: Breloom|Rock Tomb|p2a: Milotic
|-damage|p2a: Milotic|133\/393
|-unboost|p2a: Milotic|spe|1
|
|-weather|Sandstorm|[upkeep]
|-damage|p1a: Breloom|125\/262|[from] sandstorm
|-damage|p2a: Milotic|109\/393|[from] sandstorm
|-heal|p2a: Milotic|133\/393|[from] item: Leftovers
|turn|17
|
|move|p1a: Breloom|Rock Tomb|p2a: Milotic
|-damage|p2a: Milotic|0 fnt
|faint|p2a: Milotic
|
|-weather|none
|
|switch|p2a: Dragonite|Dragonite, F, shiny|283\/323
|turn|18
|
|move|p2a: Dragonite|Outrage|p1a: Breloom
|-damage|p1a: Breloom|0 fnt
|faint|p1a: Breloom
|
|
|switch|p1a: Sharpedo|Sharpedo, M|301\/301
|turn|19
|
|move|p1a: Sharpedo|Protect|p1a: Sharpedo
|-singleturn|p1a: Sharpedo|Protect
|move|p2a: Dragonite|Outrage|p1a: Sharpedo
|-activate|p1a: Sharpedo|Protect
|
|-end|p2a: Dragonite|rampage
|-start|p2a: Dragonite|confusion
|-boost|p1a: Sharpedo|spe|1|[from] ability: Speed Boost
|turn|20
|
|switch|p2a: Latios|Latios, M, shiny|302\/302
|detailschange|p1a: Sharpedo|Sharpedo-Mega, M
|message|Sharpedo has Mega Evolved into Mega Sharpedo!
|move|p1a: Sharpedo|Ice Fang|p2a: Latios
|-crit|p2a: Latios
|-supereffective|p2a: Latios
|-damage|p2a: Latios|0 fnt
|faint|p2a: Latios
|
|
|switch|p2a: Dragonite|Dragonite, F, shiny|283\/323
|turn|21
|c|âacidburnz|good thing i run bulk on this ting
|
|move|p2a: Dragonite|Extreme Speed|p1a: Sharpedo
|-damage|p1a: Sharpedo|121\/301
|move|p1a: Sharpedo|Ice Fang|p2a: Dragonite
|-supereffective|p2a: Dragonite
|-damage|p2a: Dragonite|0 fnt
|faint|p2a: Dragonite
|
|win|acidburnz
|raw|Ladder updating...
|raw|acidburnz's rating: 1207 &rarr; <strong>1231<\/strong><br \/>(+24 for winning)
|raw|seanmgreen's rating: 1198 &rarr; <strong>1174<\/strong><br \/>(-24 for losing)
|c|âseanmgreen|gg
|c|âacidburnz|gg
|c|âacidburnz|wp
|c|âseanmgreen|the sprite is a big box
|c|âseanmgreen|lol
|c|âacidburnz|yeah
|c|âacidburnz|it does that for some ppl
|c|âacidburnz|I wanna
|c|âacidburnz|watch your next match
|c|âacidburnz|can you send me a link
|c|âacidburnz|when you get in game?