|join|jmeistermcjables
|join|AcidBurnz
|player|p1|jmeistermcjables|114
|player|p2|AcidBurnz|161
|gametype|singles
|gen|6
|tier|OU
|rated
|clearpoke
|poke|p1|Latias, F
|poke|p1|Bisharp, F
|poke|p1|Heatran, F
|poke|p1|Greninja, M
|poke|p1|Slowbro, F
|poke|p1|Landorus-Therian, M
|poke|p2|Sceptile, M
|poke|p2|Greninja, M
|poke|p2|Mamoswine, M
|poke|p2|Thundurus, M
|poke|p2|Scizor, M
|poke|p2|Heatran, F
|rule|Swagger Clause: Swagger is banned
|rule|Baton Pass Clause: Limit one PokÃ©mon knowing Baton Pass
|rule|Sleep Clause Mod: Limit one foe put to sleep
|rule|Species Clause: Limit one of each PokÃ©mon
|rule|OHKO Clause: OHKO moves are banned
|rule|Moody Clause: Moody is banned
|rule|Evasion Moves Clause: Evasion moves are banned
|rule|Endless Battle Clause: Forcing endless battles is banned
|rule|HP Percentage Mod: HP is shown in percentages
|teampreview
|
|start
|switch|p1a: Latias|Latias, F|364\/364
|switch|p2a: Greninja|Greninja, M|285\/285
|turn|1
|
|move|p1a: Latias|Trick|p2a: Greninja
|-activate|p1a: Latias|move: Trick|[of] p2a: Greninja
|-item|p2a: Greninja|Choice Scarf|[from] move: Trick
|-item|p1a: Latias|Choice Scarf|[from] move: Trick
|move|p2a: Greninja|Ice Beam|p1a: Latias
|-start|p2a: Greninja|typechange|Ice|[from] Protean
|-supereffective|p1a: Latias
|-damage|p1a: Latias|134\/364
|
|turn|2
|c|âjmeistermcjables|Well then
|c|âAcidBurnz|lol
|
|switch|p1a: Heatran|Heatran, F|386\/386
|switch|p2a: Thundurus|Thundurus, M|299\/299
|
|turn|3
|
|move|p2a: Thundurus|Thunder Wave|p1a: Heatran
|-status|p1a: Heatran|par
|move|p1a: Heatran|Lava Plume|p2a: Thundurus
|-damage|p2a: Thundurus|113\/299
|
|turn|4
|
|switch|p2a: Heatran|Heatran, F|377\/377
|move|p1a: Heatran|Stealth Rock|p2a: Heatran
|-sidestart|p2: AcidBurnz|move: Stealth Rock
|
|turn|5
|
|move|p2a: Heatran|Toxic|p1a: Heatran
|-fail|p1a: Heatran
|move|p1a: Heatran|Earth Power|p2a: Heatran
|-supereffective|p2a: Heatran
|-damage|p2a: Heatran|17\/377
|
|-heal|p2a: Heatran|40\/377|[from] item: Leftovers
|turn|6
|
|switch|p1a: Latias|Latias, F|134\/364
|move|p2a: Heatran|Earth Power|p1a: Latias
|-immune|p1a: Latias|[msg]
|
|-heal|p2a: Heatran|63\/377|[from] item: Leftovers
|turn|7
|
|move|p1a: Latias|Draco Meteor|p2a: Heatran
|-resisted|p2a: Heatran
|-damage|p2a: Heatran|0 fnt
|-unboost|p1a: Latias|spa|2
|faint|p2a: Heatran
|
|
|switch|p2a: Scizor|Scizor, M|282\/282
|-damage|p2a: Scizor|247\/282|[from] Stealth Rock
|turn|8
|
|switch|p1a: Landorus-Therian|Landorus-Therian, M|382\/382
|-ability|p1a: Landorus-Therian|Intimidate|[of] p2a: Scizor
|-unboost|p2a: Scizor|atk|1
|move|p2a: Scizor|Defog|p1a: Landorus-Therian
|-unboost|p1a: Landorus-Therian|evasion|1
|-sideend|p2: AcidBurnz|Stealth Rock|[from] move: Defog|[of] p2a: Scizor
|
|-heal|p2a: Scizor|264\/282|[from] item: Leftovers
|turn|9
|
|move|p2a: Scizor|U-turn|p1a: Landorus-Therian
|-resisted|p1a: Landorus-Therian
|-damage|p1a: Landorus-Therian|335\/382
|
|switch|p2a: Thundurus|Thundurus, M|113\/299
|move|p1a: Landorus-Therian|U-turn|p2a: Thundurus
|-resisted|p2a: Thundurus
|-damage|p2a: Thundurus|6\/299
|
|switch|p1a: Greninja|Greninja, M|285\/285
|
|turn|10
|
|switch|p1a: Heatran|Heatran, F|386\/386 par
|move|p2a: Thundurus|Thunder Wave|p1a: Heatran
|-fail|p1a: Heatran|par
|
|turn|11
|
|switch|p2a: Sceptile|Sceptile, M|281\/281
|move|p1a: Heatran|Stealth Rock|p2a: Sceptile
|-sidestart|p2: AcidBurnz|move: Stealth Rock
|
|turn|12
|
|detailschange|p2a: Sceptile|Sceptile-Mega, M
|message|Sceptile has Mega Evolved into Mega Sceptile!
|move|p2a: Sceptile|Earthquake|p1a: Heatran
|-supereffective|p1a: Heatran
|-damage|p1a: Heatran|74\/386 par
|move|p1a: Heatran|Lava Plume|p2a: Sceptile
|-damage|p2a: Sceptile|92\/281
|
|-heal|p1a: Heatran|98\/386 par|[from] item: Leftovers
|turn|13
|
|switch|p1a: Latias|Latias, F|134\/364
|move|p2a: Sceptile|Earthquake|p1a: Latias
|-immune|p1a: Latias|[msg]
|
|turn|14
|
|switch|p1a: Landorus-Therian|Landorus-Therian, M|335\/382
|-ability|p1a: Landorus-Therian|Intimidate|[of] p2a: Sceptile
|-unboost|p2a: Sceptile|atk|1
|switch|p2a: Scizor|Scizor, M|264\/282
|-damage|p2a: Scizor|229\/282|[from] Stealth Rock
|
|-heal|p2a: Scizor|246\/282|[from] item: Leftovers
|turn|15
|
|move|p2a: Scizor|Defog|p1a: Landorus-Therian
|-unboost|p1a: Landorus-Therian|evasion|1
|-sideend|p2: AcidBurnz|Stealth Rock|[from] move: Defog|[of] p2a: Scizor
|move|p1a: Landorus-Therian|U-turn|p2a: Scizor
|-resisted|p2a: Scizor
|-damage|p2a: Scizor|170\/282
|
|switch|p1a: Greninja|Greninja, M|285\/285
|
|-heal|p2a: Scizor|187\/282|[from] item: Leftovers
|turn|16
|
|switch|p2a: Sceptile|Sceptile-Mega, M|92\/281
|move|p1a: Greninja|Hidden Power|p2a: Sceptile
|-start|p1a: Greninja|typechange|Fire|[from] Protean
|-damage|p2a: Sceptile|0 fnt
|-damage|p1a: Greninja|257\/285|[from] item: Life Orb
|faint|p2a: Sceptile
|
|
|switch|p2a: Mamoswine|Mamoswine, M|362\/362
|turn|17
|
|move|p1a: Greninja|Hydro Pump|p2a: Mamoswine
|-start|p1a: Greninja|typechange|Water|[from] Protean
|-supereffective|p2a: Mamoswine
|-enditem|p2a: Mamoswine|Focus Sash
|-damage|p2a: Mamoswine|1\/362
|-damage|p1a: Greninja|229\/285|[from] item: Life Orb
|move|p2a: Mamoswine|Earthquake|p1a: Greninja
|-damage|p1a: Greninja|0 fnt
|faint|p1a: Greninja
|
|
|switch|p1a: Latias|Latias, F|134\/364
|turn|18
|
|switch|p1a: Slowbro|Slowbro, F|394\/394
|move|p2a: Mamoswine|Ice Shard|p1a: Slowbro
|-resisted|p1a: Slowbro
|-damage|p1a: Slowbro|367\/394
|
|turn|19
|
|detailschange|p1a: Slowbro|Slowbro-Mega, F
|message|Slowbro has Mega Evolved into Mega Slowbro!
|move|p2a: Mamoswine|Endeavor|p1a: Slowbro
|-damage|p1a: Slowbro|1\/394
|move|p1a: Slowbro|Calm Mind|p1a: Slowbro
|-boost|p1a: Slowbro|spa|1
|-boost|p1a: Slowbro|spd|1
|
|turn|20
|c|âAcidBurnz|:p
|c|âjmeistermcjables|Well that's just not nice
|
|switch|p1a: Bisharp|Bisharp, F|272\/272
|move|p2a: Mamoswine|Ice Shard|p1a: Bisharp
|-resisted|p1a: Bisharp
|-damage|p1a: Bisharp|236\/272
|
|turn|21
|c|âjmeistermcjables|Not nice at all
|
|move|p1a: Bisharp|Sucker Punch|p2a: Mamoswine
|-fail|p2a: Mamoswine
|move|p2a: Mamoswine|Stealth Rock|p1a: Bisharp
|-sidestart|p1: jmeistermcjables|move: Stealth Rock
|
|turn|22
|
|switch|p1a: Landorus-Therian|Landorus-Therian, M|335\/382
|-damage|p1a: Landorus-Therian|288\/382|[from] Stealth Rock
|-ability|p1a: Landorus-Therian|Intimidate|[of] p2a: Mamoswine
|-unboost|p2a: Mamoswine|atk|1
|switch|p2a: Scizor|Scizor, M|187\/282
|
|-heal|p2a: Scizor|204\/282|[from] item: Leftovers
|turn|23
|
|move|p2a: Scizor|Bullet Punch|p1a: Landorus-Therian
|-damage|p1a: Landorus-Therian|164\/382
|move|p1a: Landorus-Therian|Stealth Rock|p2a: Scizor
|-sidestart|p2: AcidBurnz|move: Stealth Rock
|
|-heal|p2a: Scizor|221\/282|[from] item: Leftovers
|turn|24
|
|switch|p1a: Bisharp|Bisharp, F|236\/272
|-damage|p1a: Bisharp|219\/272|[from] Stealth Rock
|move|p2a: Scizor|Defog|p1a: Bisharp
|-unboost|p1a: Bisharp|evasion|1
|-boost|p1a: Bisharp|atk|2|[from] ability: Defiant
|-sideend|p1: jmeistermcjables|Stealth Rock|[from] move: Defog|[of] p1a: Bisharp
|-sideend|p2: AcidBurnz|Stealth Rock|[from] move: Defog|[of] p2a: Scizor
|
|-heal|p2a: Scizor|238\/282|[from] item: Leftovers
|turn|25
|
|move|p1a: Bisharp|Sucker Punch|p2a: Scizor
|-damage|p2a: Scizor|0 fnt
|-damage|p1a: Bisharp|192\/272|[from] item: Life Orb
|faint|p2a: Scizor
|
|
|switch|p2a: Greninja|Greninja, M|285\/285
|turn|26
|
|move|p1a: Bisharp|Sucker Punch|p2a: Greninja
|-resisted|p2a: Greninja
|-damage|p2a: Greninja|28\/285
|-damage|p1a: Bisharp|165\/272|[from] item: Life Orb
|move|p2a: Greninja|Hydro Pump|p1a: Bisharp
|-start|p2a: Greninja|typechange|Water|[from] Protean
|-damage|p1a: Bisharp|0 fnt
|faint|p1a: Bisharp
|
|
|switch|p1a: Latias|Latias, F|134\/364
|turn|27
|
|switch|p2a: Thundurus|Thundurus, M|6\/299
|move|p1a: Latias|Draco Meteor|p2a: Thundurus
|-damage|p2a: Thundurus|0 fnt
|-unboost|p1a: Latias|spa|2
|faint|p2a: Thundurus
|
|
|switch|p2a: Mamoswine|Mamoswine, M|1\/362
|turn|28
|
|move|p2a: Mamoswine|Ice Shard|p1a: Latias
|-supereffective|p1a: Latias
|-damage|p1a: Latias|0 fnt
|faint|p1a: Latias
|
|
|switch|p1a: Landorus-Therian|Landorus-Therian, M|164\/382
|-ability|p1a: Landorus-Therian|Intimidate|[of] p2a: Mamoswine
|-unboost|p2a: Mamoswine|atk|1
|turn|29
|
|move|p2a: Mamoswine|Ice Shard|p1a: Landorus-Therian
|-supereffective|p1a: Landorus-Therian
|-damage|p1a: Landorus-Therian|0 fnt
|faint|p1a: Landorus-Therian
|
|c|âAcidBurnz|gg
|c|âjmeistermcjables|gg
|c|âAcidBurnz|wp
|
|switch|p1a: Heatran|Heatran, F|98\/386 par
|turn|30
|
|move|p2a: Mamoswine|Earthquake|p1a: Heatran
|-supereffective|p1a: Heatran
|-damage|p1a: Heatran|0 fnt
|faint|p1a: Heatran
|
|
|switch|p1a: Slowbro|Slowbro-Mega, F|1\/394
|turn|31
|
|move|p2a: Mamoswine|Ice Shard|p1a: Slowbro
|-resisted|p1a: Slowbro
|-damage|p1a: Slowbro|0 fnt
|faint|p1a: Slowbro
|
|win|AcidBurnz
|raw|Ladder updating...
|c|âjmeistermcjables|same to you
|leave|jmeistermcjables
|player|p1
|raw|jmeistermcjables's rating: 1554 &rarr; <strong>1533<\/strong><br \/>(-21 for losing)
|raw|AcidBurnz's rating: 1537 &rarr; <strong>1558<\/strong><br \/>(+21 for winning)