|join|AcidBurnz
|join|Four Leaf
|player|p1|AcidBurnz|161
|player|p2|Four Leaf|156
|gametype|singles
|gen|6
|tier|OU
|clearpoke
|poke|p1|Victini
|poke|p1|Rotom-Wash
|poke|p1|Garchomp, F
|poke|p1|Mandibuzz, F
|poke|p1|Ferrothorn, M
|poke|p1|Gardevoir, F
|poke|p2|Pinsir, M
|poke|p2|Diggersby, F
|poke|p2|Magnezone
|poke|p2|Scolipede, F
|poke|p2|Rotom-Wash
|poke|p2|Starmie
|rule|Swagger Clause: Swagger is banned
|rule|Baton Pass Clause: Limit one PokÃ©mon knowing Baton Pass
|rule|Sleep Clause Mod: Limit one foe put to sleep
|rule|Species Clause: Limit one of each PokÃ©mon
|rule|OHKO Clause: OHKO moves are banned
|rule|Moody Clause: Moody is banned
|rule|Evasion Moves Clause: Evasion moves are banned
|rule|Endless Battle Clause: Forcing endless battles is banned
|rule|HP Percentage Mod: HP is shown in percentages
|teampreview
|
|start
|switch|p1a: Rotom-Wash|Rotom-Wash|242\/242
|switch|p2a: Scolipede|Scolipede, F|323\/323
|turn|1
|
|move|p1a: Rotom-Wash|Trick|p2a: Scolipede
|-activate|p1a: Rotom-Wash|move: Trick|[of] p2a: Scolipede
|-item|p2a: Scolipede|Choice Scarf|[from] move: Trick
|-item|p1a: Rotom-Wash|Focus Sash|[from] move: Trick
|move|p2a: Scolipede|Toxic Spikes|p1a: Rotom-Wash
|-sidestart|p1: AcidBurnz|move: Toxic Spikes
|
|-boost|p2a: Scolipede|spe|1|[from] ability: Speed Boost
|turn|2
|
|switch|p2a: Magnezone|Magnezone|281\/281
|switch|p1a: Mandibuzz|Mandibuzz, F|415\/415
|
|turn|3
|
|switch|p2a: Rotom-Wash|Rotom-Wash|303\/303
|switch|p1a: Rotom-Wash|Rotom-Wash|242\/242
|
|turn|4
|
|move|p1a: Rotom-Wash|Volt Switch|p2a: Rotom-Wash
|-damage|p2a: Rotom-Wash|192\/303
|
|switch|p1a: Ferrothorn|Ferrothorn, M|352\/352
|move|p2a: Rotom-Wash|Volt Switch|p1a: Ferrothorn
|-resisted|p1a: Ferrothorn
|-damage|p1a: Ferrothorn|312\/352
|
|switch|p2a: Magnezone|Magnezone|281\/281
|
|-heal|p1a: Ferrothorn|334\/352|[from] item: Leftovers
|turn|5
|
|move|p1a: Ferrothorn|Protect|p1a: Ferrothorn
|-singleturn|p1a: Ferrothorn|Protect
|move|p2a: Magnezone|Hidden Power|p1a: Ferrothorn
|-activate|p1a: Ferrothorn|Protect
|
|-heal|p1a: Ferrothorn|352\/352|[from] item: Leftovers
|turn|6
|
|move|p2a: Magnezone|Hidden Power|p1a: Ferrothorn
|-supereffective|p1a: Ferrothorn
|-damage|p1a: Ferrothorn|108\/352
|move|p1a: Ferrothorn|Leech Seed|p2a: Magnezone
|-start|p2a: Magnezone|move: Leech Seed
|
|-heal|p1a: Ferrothorn|130\/352|[from] item: Leftovers
|-damage|p2a: Magnezone|246\/281|[from] Leech Seed|[of] p1a: Ferrothorn
|-heal|p1a: Ferrothorn|165\/352|[silent]
|turn|7
|
|move|p1a: Ferrothorn|Protect|p1a: Ferrothorn
|-singleturn|p1a: Ferrothorn|Protect
|move|p2a: Magnezone|Hidden Power|p1a: Ferrothorn
|-activate|p1a: Ferrothorn|Protect
|
|-heal|p1a: Ferrothorn|187\/352|[from] item: Leftovers
|-damage|p2a: Magnezone|211\/281|[from] Leech Seed|[of] p1a: Ferrothorn
|-heal|p1a: Ferrothorn|222\/352|[silent]
|turn|8
|
|move|p1a: Ferrothorn|Protect|p1a: Ferrothorn
|-fail|p1a: Ferrothorn
|move|p2a: Magnezone|Hidden Power|p1a: Ferrothorn
|-supereffective|p1a: Ferrothorn
|-damage|p1a: Ferrothorn|0 fnt
|faint|p1a: Ferrothorn
|
|
|switch|p1a: Mandibuzz|Mandibuzz, F|415\/415
|turn|9
|
|switch|p2a: Rotom-Wash|Rotom-Wash|192\/303
|move|p1a: Mandibuzz|Defog|p2a: Rotom-Wash
|-unboost|p2a: Rotom-Wash|evasion|1
|-sideend|p1: AcidBurnz|Toxic Spikes|[from] move: Defog|[of] p1a: Mandibuzz
|
|-heal|p2a: Rotom-Wash|210\/303|[from] item: Leftovers
|turn|10
|
|switch|p1a: Garchomp|Garchomp, F|357\/357
|move|p2a: Rotom-Wash|Will-O-Wisp|p1a: Garchomp
|-status|p1a: Garchomp|brn
|-enditem|p1a: Garchomp|Lum Berry|[eat]
|-curestatus|p1a: Garchomp|brn
|
|-heal|p2a: Rotom-Wash|228\/303|[from] item: Leftovers
|turn|11
|c|âFour Leaf|no
|c|âFour Leaf|no gar sweep pls
|c|âFour Leaf|bruh no
|c|âFour Leaf|don't do it
|
|switch|p1a: Gardevoir|Gardevoir, F|278\/278
|-ability|p1a: Gardevoir|Levitate|[from] ability: Trace|[of] p2a: Rotom-Wash
|move|p2a: Rotom-Wash|Hydro Pump|p1a: Gardevoir
|-crit|p1a: Gardevoir
|-damage|p1a: Gardevoir|83\/278
|
|-heal|p2a: Rotom-Wash|246\/303|[from] item: Leftovers
|turn|12
|
|switch|p2a: Scolipede|Scolipede, F|323\/323
|detailschange|p1a: Gardevoir|Gardevoir-Mega, F
|message|Gardevoir has Mega Evolved into Mega Gardevoir!
|move|p1a: Gardevoir|Hyper Voice|p2a: Scolipede
|-resisted|p2a: Scolipede
|-damage|p2a: Scolipede|150\/323
|
|turn|13
|
|switch|p1a: Mandibuzz|Mandibuzz, F|415\/415
|move|p2a: Scolipede|Megahorn|p1a: Mandibuzz
|-damage|p1a: Mandibuzz|300\/415
|
|-heal|p1a: Mandibuzz|325\/415|[from] item: Leftovers
|-boost|p2a: Scolipede|spe|1|[from] ability: Speed Boost
|turn|14
|
|switch|p2a: Pinsir|Pinsir, M|271\/271
|move|p1a: Mandibuzz|Foul Play|p2a: Pinsir
|-damage|p2a: Pinsir|105\/271
|
|-heal|p1a: Mandibuzz|350\/415|[from] item: Leftovers
|turn|15
|
|switch|p2a: Magnezone|Magnezone|211\/281
|move|p1a: Mandibuzz|Foul Play|p2a: Magnezone
|-damage|p2a: Magnezone|145\/281
|
|-heal|p1a: Mandibuzz|375\/415|[from] item: Leftovers
|turn|16
|
|move|p2a: Magnezone|Flash Cannon|p1a: Mandibuzz
|-damage|p1a: Mandibuzz|240\/415
|move|p1a: Mandibuzz|Roost|p1a: Mandibuzz
|-heal|p1a: Mandibuzz|415\/415
|
|turn|17
|
|switch|p2a: Rotom-Wash|Rotom-Wash|246\/303
|move|p1a: Mandibuzz|Foul Play|p2a: Rotom-Wash
|-damage|p2a: Rotom-Wash|195\/303
|
|-heal|p2a: Rotom-Wash|213\/303|[from] item: Leftovers
|turn|18
|
|switch|p1a: Rotom-Wash|Rotom-Wash|242\/242
|move|p2a: Rotom-Wash|Hydro Pump|p1a: Rotom-Wash
|-resisted|p1a: Rotom-Wash
|-damage|p1a: Rotom-Wash|177\/242
|
|-heal|p2a: Rotom-Wash|231\/303|[from] item: Leftovers
|turn|19
|
|switch|p2a: Scolipede|Scolipede, F|150\/323
|move|p1a: Rotom-Wash|Hydro Pump|p2a: Scolipede
|-damage|p2a: Scolipede|0 fnt
|faint|p2a: Scolipede
|
|
|switch|p2a: Starmie|Starmie|323\/323
|turn|20
|
|move|p2a: Starmie|Scald|p1a: Rotom-Wash
|-resisted|p1a: Rotom-Wash
|-damage|p1a: Rotom-Wash|133\/242
|move|p1a: Rotom-Wash|Thunderbolt|p2a: Starmie
|-supereffective|p2a: Starmie
|-damage|p2a: Starmie|33\/323
|
|-heal|p2a: Starmie|53\/323|[from] item: Leftovers
|turn|21
|
|move|p2a: Starmie|Recover|p2a: Starmie
|-heal|p2a: Starmie|215\/323
|move|p1a: Rotom-Wash|Thunderbolt|p2a: Starmie
|-supereffective|p2a: Starmie
|-damage|p2a: Starmie|0 fnt
|faint|p2a: Starmie
|
|
|switch|p2a: Magnezone|Magnezone|145\/281
|turn|22
|
|switch|p2a: Rotom-Wash|Rotom-Wash|231\/303
|switch|p1a: Garchomp|Garchomp, F|357\/357
|
|-heal|p2a: Rotom-Wash|249\/303|[from] item: Leftovers
|turn|23
|
|switch|p1a: Rotom-Wash|Rotom-Wash|133\/242
|move|p2a: Rotom-Wash|Volt Switch|p1a: Rotom-Wash
|-damage|p1a: Rotom-Wash|58\/242
|
|switch|p2a: Pinsir|Pinsir, M|105\/271
|
|turn|24
|
|switch|p2a: Magnezone|Magnezone|145\/281
|move|p1a: Rotom-Wash|Volt Switch|p2a: Magnezone
|-resisted|p2a: Magnezone
|-damage|p2a: Magnezone|88\/281
|
|switch|p1a: Garchomp|Garchomp, F|357\/357
|
|turn|25
|
|move|p2a: Magnezone|Flash Cannon|p1a: Garchomp
|-damage|p1a: Garchomp|185\/357
|move|p1a: Garchomp|Swords Dance|p1a: Garchomp
|-boost|p1a: Garchomp|atk|2
|
|turn|26
|
|move|p2a: Magnezone|Flash Cannon|p1a: Garchomp
|-damage|p1a: Garchomp|32\/357
|move|p1a: Garchomp|Dragon Claw|p2a: Magnezone
|-resisted|p2a: Magnezone
|-damage|p2a: Magnezone|0 fnt
|faint|p2a: Magnezone
|
|
|switch|p2a: Pinsir|Pinsir, M|105\/271
|turn|27
|
|detailschange|p2a: Pinsir|Pinsir-Mega, M
|message|Pinsir has Mega Evolved into Mega Pinsir!
|move|p2a: Pinsir|Quick Attack|p1a: Garchomp
|-damage|p1a: Garchomp|0 fnt
|-damage|p2a: Pinsir|72\/271|[from] ability: Rough Skin|[of] p1a: Garchomp
|faint|p1a: Garchomp
|
|
|switch|p1a: Mandibuzz|Mandibuzz, F|415\/415
|turn|28
|
|switch|p2a: Rotom-Wash|Rotom-Wash|249\/303
|switch|p1a: Rotom-Wash|Rotom-Wash|58\/242
|
|-heal|p2a: Rotom-Wash|267\/303|[from] item: Leftovers
|turn|29
|
|move|p1a: Rotom-Wash|Thunderbolt|p2a: Rotom-Wash
|-damage|p2a: Rotom-Wash|147\/303
|move|p2a: Rotom-Wash|Hydro Pump|p1a: Rotom-Wash|[miss]
|-miss|p2a: Rotom-Wash|p1a: Rotom-Wash
|
|-heal|p2a: Rotom-Wash|165\/303|[from] item: Leftovers
|turn|30
|
|move|p1a: Rotom-Wash|Thunderbolt|p2a: Rotom-Wash
|-damage|p2a: Rotom-Wash|26\/303
|move|p2a: Rotom-Wash|Volt Switch|p1a: Rotom-Wash
|-damage|p1a: Rotom-Wash|0 fnt
|faint|p1a: Rotom-Wash
|
|switch|p2a: Pinsir|Pinsir-Mega, M|72\/271
|
|
|switch|p1a: Mandibuzz|Mandibuzz, F|415\/415
|turn|31
|
|move|p2a: Pinsir|Return|p1a: Mandibuzz
|-damage|p1a: Mandibuzz|220\/415
|move|p1a: Mandibuzz|Foul Play|p2a: Pinsir
|-damage|p2a: Pinsir|0 fnt
|faint|p2a: Pinsir
|
|-heal|p1a: Mandibuzz|245\/415|[from] item: Leftovers
|
|switch|p2a: Diggersby|Diggersby, F|311\/311
|turn|32
|
|move|p2a: Diggersby|Swords Dance|p2a: Diggersby
|-boost|p2a: Diggersby|atk|2
|move|p1a: Mandibuzz|Roost|p1a: Mandibuzz
|-heal|p1a: Mandibuzz|415\/415
|
|turn|33
|
|move|p2a: Diggersby|Swords Dance|p2a: Diggersby
|-boost|p2a: Diggersby|atk|2
|move|p1a: Mandibuzz|Foul Play|p2a: Diggersby
|-enditem|p2a: Diggersby|Focus Sash
|-damage|p2a: Diggersby|1\/311
|
|turn|34
|
|move|p2a: Diggersby|Return|p1a: Mandibuzz
|-damage|p1a: Mandibuzz|0 fnt
|faint|p1a: Mandibuzz
|
|c|âAcidBurnz|lol
|
|switch|p1a: Victini|Victini|341\/341
|turn|35
|
|move|p1a: Victini|Quick Attack|p2a: Diggersby
|-damage|p2a: Diggersby|0 fnt
|faint|p2a: Diggersby
|
|leave|Four Leaf
|player|p2
|-message|Player 2 lost due to inactivity.
|
|win|AcidBurnz