|join|AllJokesAside
|join|AcidBurnz
|player|p1|AllJokesAside|138
|player|p2|AcidBurnz|265
|gametype|singles
|gen|6
|tier|OU
|rated
|clearpoke
|poke|p1|Altaria, M
|poke|p1|Talonflame, M
|poke|p1|Quagsire, M
|poke|p1|Latias, F
|poke|p1|Magneton
|poke|p1|Thundurus, M
|poke|p2|Aerodactyl, F
|poke|p2|Rotom-Wash
|poke|p2|Heatran, F
|poke|p2|Landorus-Therian, M
|poke|p2|Weavile, F
|poke|p2|Mew
|rule|Swagger Clause: Swagger is banned
|rule|Baton Pass Clause: Limit one PokÃ©mon knowing Baton Pass
|rule|Sleep Clause Mod: Limit one foe put to sleep
|rule|Species Clause: Limit one of each PokÃ©mon
|rule|OHKO Clause: OHKO moves are banned
|rule|Moody Clause: Moody is banned
|rule|Evasion Moves Clause: Evasion moves are banned
|rule|Endless Battle Clause: Forcing endless battles is banned
|rule|HP Percentage Mod: HP is shown in percentages
|teampreview
|
|start
|switch|p1a: Magneton|Magneton|241\/241
|switch|p2a: Weavile|Weavile, F|281\/281
|-ability|p2a: Weavile|Pressure
|turn|1
|
|switch|p2a: Landorus-Therian|Landorus-Therian, M|320\/320
|-ability|p2a: Landorus-Therian|Intimidate|[of] p1a: Magneton
|-unboost|p1a: Magneton|atk|1
|move|p1a: Magneton|Flash Cannon|p2a: Landorus-Therian
|-damage|p2a: Landorus-Therian|145\/320
|
|turn|2
|
|switch|p1a: Thundurus|Thundurus, M|299\/299
|move|p2a: Landorus-Therian|Knock Off|p1a: Thundurus
|-damage|p1a: Thundurus|125\/299
|-enditem|p1a: Thundurus|Life Orb|[from] move: Knock Off|[of] p2a: Landorus-Therian
|
|turn|3
|
|switch|p2a: Mew|Mew|375\/375
|switch|p1a: Altaria|Altaria, M|354\/354
|
|turn|4
|
|switch|p2a: Rotom-Wash|Rotom-Wash|304\/304
|detailschange|p1a: Altaria|Altaria-Mega, M
|-mega|p1a: Altaria|Altaria|Altarianite
|move|p1a: Altaria|Dragon Dance|p1a: Altaria
|-boost|p1a: Altaria|atk|1
|-boost|p1a: Altaria|spe|1
|
|turn|5
|
|move|p1a: Altaria|Frustration|p2a: Rotom-Wash
|-damage|p2a: Rotom-Wash|99\/304
|move|p2a: Rotom-Wash|Will-O-Wisp|p1a: Altaria|[miss]
|-miss|p2a: Rotom-Wash|p1a: Altaria
|
|-heal|p2a: Rotom-Wash|118\/304|[from] item: Leftovers
|turn|6
|c|âAcidBurnz|fuck my life
|c|âAllJokesAside|didn't matter
|c|âAllJokesAside|I'm DDD
|c|âAcidBurnz|of course it fucking did
|c|âAllJokesAside|I have refresh, so no, it didn't.
|c|âAcidBurnz|good
|
|switch|p2a: Heatran|Heatran, F|324\/324
|-item|p2a: Heatran|Air Balloon
|move|p1a: Altaria|Frustration|p2a: Heatran
|-resisted|p2a: Heatran
|-damage|p2a: Heatran|258\/324
|-enditem|p2a: Heatran|Air Balloon
|
|turn|7
|c|âAcidBurnz|now i know your moveset
|c|âAllJokesAside|it doesn't matter.
|c|âAllJokesAside|lol
|
|switch|p1a: Magneton|Magneton|241\/241
|move|p2a: Heatran|Flash Cannon|p1a: Magneton
|-resisted|p1a: Magneton
|-damage|p1a: Magneton|198\/241
|
|turn|8
|
|move|p1a: Magneton|Volt Switch|p2a: Heatran
|-damage|p2a: Heatran|137\/324
|
|switch|p1a: Quagsire|Quagsire, M|394\/394
|move|p2a: Heatran|Lava Plume|p1a: Quagsire
|-resisted|p1a: Quagsire
|-damage|p1a: Quagsire|298\/394
|-status|p1a: Quagsire|brn
|
|-heal|p1a: Quagsire|322\/394 brn|[from] item: Leftovers
|-damage|p1a: Quagsire|273\/394 brn|[from] brn
|turn|9
|
|switch|p2a: Mew|Mew|375\/375
|move|p1a: Quagsire|Toxic|p2a: Mew
|-status|p2a: Mew|tox
|
|-heal|p1a: Quagsire|297\/394 brn|[from] item: Leftovers
|-damage|p2a: Mew|352\/375 tox|[from] psn
|-damage|p1a: Quagsire|248\/394 brn|[from] brn
|turn|10
|c|âAllJokesAside|get predicteedddd
|
|switch|p1a: Magneton|Magneton|198\/241
|move|p2a: Mew|Knock Off|p1a: Magneton
|-crit|p1a: Magneton
|-damage|p1a: Magneton|76\/241
|-enditem|p1a: Magneton|Choice Scarf|[from] move: Knock Off|[of] p2a: Mew
|
|-heal|p2a: Mew|375\/375 tox|[from] item: Leftovers
|-damage|p2a: Mew|329\/375 tox|[from] psn
|turn|11
|
|move|p2a: Mew|Knock Off|p1a: Magneton
|-damage|p1a: Magneton|17\/241
|move|p1a: Magneton|Volt Switch|p2a: Mew
|-damage|p2a: Mew|251\/375 tox
|
|switch|p1a: Altaria|Altaria-Mega, M|354\/354
|
|-heal|p2a: Mew|274\/375 tox|[from] item: Leftovers
|-damage|p2a: Mew|205\/375 tox|[from] psn
|turn|12
|
|switch|p2a: Heatran|Heatran, F|137\/324
|switch|p1a: Magneton|Magneton|17\/241
|
|turn|13
|c|âAcidBurnz|lol
|
|move|p2a: Heatran|Lava Plume|p1a: Magneton
|-supereffective|p1a: Magneton
|-damage|p1a: Magneton|0 fnt
|faint|p1a: Magneton
|
|
|switch|p1a: Thundurus|Thundurus, M|125\/299
|turn|14
|
|switch|p2a: Mew|Mew|205\/375 tox
|move|p1a: Thundurus|Thunderbolt|p2a: Mew
|-damage|p2a: Mew|94\/375 tox
|
|-heal|p2a: Mew|117\/375 tox|[from] item: Leftovers
|-damage|p2a: Mew|94\/375 tox|[from] psn
|turn|15
|
|move|p1a: Thundurus|Thunderbolt|p2a: Mew
|-damage|p2a: Mew|0 fnt
|faint|p2a: Mew
|
|
|switch|p2a: Weavile|Weavile, F|281\/281
|-ability|p2a: Weavile|Pressure
|turn|16
|
|switch|p1a: Quagsire|Quagsire, M|248\/394 brn
|move|p2a: Weavile|Ice Shard|p1a: Quagsire
|-damage|p1a: Quagsire|182\/394 brn
|-damage|p2a: Weavile|253\/281|[from] item: Life Orb
|
|-heal|p1a: Quagsire|206\/394 brn|[from] item: Leftovers
|-damage|p1a: Quagsire|157\/394 brn|[from] brn
|turn|17
|
|move|p2a: Weavile|Knock Off|p1a: Quagsire
|-damage|p1a: Quagsire|0 fnt
|-enditem|p1a: Quagsire|Leftovers|[from] move: Knock Off|[of] p2a: Weavile
|-damage|p2a: Weavile|225\/281|[from] item: Life Orb
|faint|p1a: Quagsire
|
|
|switch|p1a: Talonflame|Talonflame, M|319\/319
|turn|18
|
|switch|p2a: Landorus-Therian|Landorus-Therian, M|145\/320
|-ability|p2a: Landorus-Therian|Intimidate|[of] p1a: Talonflame
|-unboost|p1a: Talonflame|atk|1
|move|p1a: Talonflame|Swords Dance|p1a: Talonflame
|-boost|p1a: Talonflame|atk|2
|
|turn|19
|
|move|p1a: Talonflame|Brave Bird|p2a: Landorus-Therian
|-damage|p2a: Landorus-Therian|0 fnt
|-damage|p1a: Talonflame|271\/319|[from] recoil|[of] p2a: Landorus-Therian
|faint|p2a: Landorus-Therian
|
|
|switch|p2a: Aerodactyl|Aerodactyl, F|301\/301
|turn|20
|
|switch|p1a: Thundurus|Thundurus, M|125\/299
|detailschange|p2a: Aerodactyl|Aerodactyl-Mega, F
|-mega|p2a: Aerodactyl|Aerodactyl|Aerodactylite
|move|p2a: Aerodactyl|Stone Edge|p1a: Thundurus
|-supereffective|p1a: Thundurus
|-damage|p1a: Thundurus|0 fnt
|faint|p1a: Thundurus
|
|
|switch|p1a: Latias|Latias, F|301\/301
|turn|21
|
|switch|p2a: Rotom-Wash|Rotom-Wash|118\/304
|move|p1a: Latias|Draco Meteor|p2a: Rotom-Wash
|-damage|p2a: Rotom-Wash|0 fnt
|-unboost|p1a: Latias|spa|2
|-damage|p1a: Latias|271\/301|[from] item: Life Orb
|faint|p2a: Rotom-Wash
|
|
|switch|p2a: Aerodactyl|Aerodactyl-Mega, F|301\/301
|turn|22
|
|move|p2a: Aerodactyl|Hone Claws|p2a: Aerodactyl
|-boost|p2a: Aerodactyl|atk|1
|-boost|p2a: Aerodactyl|accuracy|1
|move|p1a: Latias|Draco Meteor|p2a: Aerodactyl
|-damage|p2a: Aerodactyl|155\/301
|-unboost|p1a: Latias|spa|2
|-damage|p1a: Latias|241\/301|[from] item: Life Orb
|
|turn|23
|c|âAcidBurnz|gg
|
|switch|p1a: Talonflame|Talonflame, M|271\/319
|move|p2a: Aerodactyl|Stone Edge|p1a: Talonflame
|-supereffective|p1a: Talonflame
|-damage|p1a: Talonflame|0 fnt
|faint|p1a: Talonflame
|
|c|âAllJokesAside|lol
|c|âAcidBurnz|get rekkkttt
|
|switch|p1a: Latias|Latias, F|241\/301
|turn|24
|
|move|p2a: Aerodactyl|Stone Edge|p1a: Latias
|-damage|p1a: Latias|0 fnt
|faint|p1a: Latias
|
|c|âAllJokesAside|gay
|
|switch|p1a: Altaria|Altaria-Mega, M|354\/354
|turn|25
|c|âAcidBurnz|yeah don't talk shit before the match is even over
|
|move|p2a: Aerodactyl|Iron Tail|p1a: Altaria
|-supereffective|p1a: Altaria
|-damage|p1a: Altaria|0 fnt
|faint|p1a: Altaria
|
|win|AcidBurnz
|raw|Ladder updating...
|raw|AllJokesAside's rating: 1471 &rarr; <strong>1450<\/strong><br \/>(-21 for losing)
|raw|AcidBurnz's rating: 1453 &rarr; <strong>1474<\/strong><br \/>(+21 for winning)
|c|âAllJokesAside|I couldn't see your Aerodactyl in team builder lol