|join|Cujo7429
|join|AcidBurnz
|player|p1|Cujo7429|153
|player|p2|AcidBurnz|161
|gametype|singles
|gen|6
|tier|OU
|rated
|clearpoke
|poke|p1|Charizard, F
|poke|p1|Ferrothorn, M
|poke|p1|Bisharp, F
|poke|p1|Azumarill, F
|poke|p1|Latias, F
|poke|p1|Sylveon, M
|poke|p2|Starmie
|poke|p2|Scizor, M
|poke|p2|Mamoswine, F
|poke|p2|Conkeldurr, F
|poke|p2|Charizard, F
|poke|p2|Raikou
|rule|Swagger Clause: Swagger is banned
|rule|Baton Pass Clause: Limit one PokÃ©mon knowing Baton Pass
|rule|Sleep Clause Mod: Limit one foe put to sleep
|rule|Species Clause: Limit one of each PokÃ©mon
|rule|OHKO Clause: OHKO moves are banned
|rule|Moody Clause: Moody is banned
|rule|Evasion Moves Clause: Evasion moves are banned
|rule|Endless Battle Clause: Forcing endless battles is banned
|rule|HP Percentage Mod: HP is shown in percentages
|teampreview
|
|start
|switch|p1a: Ferrothorn|Ferrothorn, M|352\/352
|switch|p2a: Scizor|Scizor, M|343\/343
|turn|1
|
|move|p2a: Scizor|Superpower|p1a: Ferrothorn
|-supereffective|p1a: Ferrothorn
|-damage|p1a: Ferrothorn|46\/352
|-damage|p2a: Scizor|301\/343|[from] ability: Iron Barbs|[of] p1a: Ferrothorn
|-unboost|p2a: Scizor|atk|1
|-unboost|p2a: Scizor|def|1
|move|p1a: Ferrothorn|Stealth Rock|p2a: Scizor
|-sidestart|p2: AcidBurnz|move: Stealth Rock
|
|turn|2
|
|switch|p1a: Charizard|Charizard, F|297\/297
|move|p2a: Scizor|Superpower|p1a: Charizard
|-crit|p1a: Charizard
|-resisted|p1a: Charizard
|-damage|p1a: Charizard|99\/297
|-unboost|p2a: Scizor|atk|1
|-unboost|p2a: Scizor|def|1
|
|turn|3
|
|detailschange|p1a: Charizard|Charizard-Mega-Y, F
|-mega|p1a: Charizard|Charizard|Charizardite Y
|-weather|SunnyDay
|move|p1a: Charizard|Roost|p1a: Charizard
|-heal|p1a: Charizard|248\/297
|move|p2a: Scizor|Superpower|p1a: Charizard
|-damage|p1a: Charizard|103\/297
|-unboost|p2a: Scizor|atk|1
|-unboost|p2a: Scizor|def|1
|
|-weather|SunnyDay|[upkeep]
|turn|4
|
|switch|p2a: Raikou|Raikou|321\/321
|-damage|p2a: Raikou|281\/321|[from] Stealth Rock
|-ability|p2a: Raikou|Pressure
|move|p1a: Charizard|Roost|p1a: Charizard
|-heal|p1a: Charizard|252\/297
|
|-weather|SunnyDay|[upkeep]
|turn|5
|
|switch|p1a: Latias|Latias, F|301\/301
|move|p2a: Raikou|Volt Switch|p1a: Latias
|-resisted|p1a: Latias
|-damage|p1a: Latias|234\/301
|
|switch|p2a: Scizor|Scizor, M|301\/343
|-damage|p2a: Scizor|259\/343|[from] Stealth Rock
|
|-weather|SunnyDay|[upkeep]
|turn|6
|
|switch|p1a: Charizard|Charizard-Mega-Y, F|252\/297
|move|p2a: Scizor|U-turn|p1a: Charizard
|-resisted|p1a: Charizard
|-damage|p1a: Charizard|184\/297
|
|switch|p2a: Starmie|Starmie|262\/262
|-damage|p2a: Starmie|230\/262|[from] Stealth Rock
|
|-weather|SunnyDay|[upkeep]
|turn|7
|
|move|p2a: Starmie|Rapid Spin|p1a: Charizard
|-damage|p1a: Charizard|166\/297
|-sideend|p2: AcidBurnz|Stealth Rock|[from] move: Rapid Spin|[of] p2a: Starmie
|-damage|p2a: Starmie|204\/262|[from] item: Life Orb
|move|p1a: Charizard|Solar Beam|p2a: Starmie|[still]
|-prepare|p1a: Charizard|Solar Beam|p2a: Starmie
|-anim|p1a: Charizard|Solar Beam|p2a: Starmie
|-supereffective|p2a: Starmie
|-damage|p2a: Starmie|0 fnt
|faint|p2a: Starmie
|
|-weather|none
|
|switch|p2a: Charizard|Charizard, F|311\/311
|turn|8
|
|detailschange|p2a: Charizard|Charizard-Mega-X, F
|-mega|p2a: Charizard|Charizard|Charizardite X
|move|p1a: Charizard|Roost|p1a: Charizard
|-heal|p1a: Charizard|297\/297
|move|p2a: Charizard|Dragon Dance|p2a: Charizard
|-boost|p2a: Charizard|atk|1
|-boost|p2a: Charizard|spe|1
|
|turn|9
|
|switch|p1a: Azumarill|Azumarill, F|401\/401
|move|p2a: Charizard|Dragon Dance|p2a: Charizard
|-boost|p2a: Charizard|atk|1
|-boost|p2a: Charizard|spe|1
|
|turn|10
|
|move|p2a: Charizard|Flare Blitz|p1a: Azumarill
|-resisted|p1a: Azumarill
|-damage|p1a: Azumarill|23\/401
|-damage|p2a: Charizard|186\/311|[from] recoil|[of] p1a: Azumarill
|move|p1a: Azumarill|Play Rough|p2a: Charizard
|-damage|p2a: Charizard|0 fnt
|faint|p2a: Charizard
|
|
|switch|p2a: Raikou|Raikou|281\/321
|-ability|p2a: Raikou|Pressure
|turn|11
|
|move|p1a: Azumarill|Aqua Jet|p2a: Raikou
|-damage|p2a: Raikou|164\/321
|move|p2a: Raikou|Volt Switch|p1a: Azumarill
|-supereffective|p1a: Azumarill
|-damage|p1a: Azumarill|0 fnt
|faint|p1a: Azumarill
|
|switch|p2a: Mamoswine|Mamoswine, F|362\/362
|
|
|switch|p1a: Charizard|Charizard-Mega-Y, F|297\/297
|-weather|SunnyDay
|turn|12
|
|move|p1a: Charizard|Flamethrower|p2a: Mamoswine
|-supereffective|p2a: Mamoswine
|-enditem|p2a: Mamoswine|Focus Sash
|-damage|p2a: Mamoswine|1\/362
|move|p2a: Mamoswine|Icicle Crash|p1a: Charizard
|-damage|p1a: Charizard|84\/297
|
|-weather|SunnyDay|[upkeep]
|turn|13
|
|switch|p1a: Ferrothorn|Ferrothorn, M|46\/352
|move|p2a: Mamoswine|Earthquake|p1a: Ferrothorn
|-damage|p1a: Ferrothorn|0 fnt
|faint|p1a: Ferrothorn
|
|-weather|SunnyDay|[upkeep]
|
|switch|p1a: Bisharp|Bisharp, F|271\/271
|turn|14
|
|move|p1a: Bisharp|Sucker Punch|p2a: Mamoswine
|-fail|p2a: Mamoswine
|move|p2a: Mamoswine|Stealth Rock|p1a: Bisharp
|-sidestart|p1: Cujo7429|move: Stealth Rock
|
|-weather|SunnyDay|[upkeep]
|turn|15
|
|move|p1a: Bisharp|Sucker Punch|p2a: Mamoswine
|-damage|p2a: Mamoswine|0 fnt
|-damage|p1a: Bisharp|244\/271|[from] item: Life Orb
|faint|p2a: Mamoswine
|
|-weather|SunnyDay|[upkeep]
|
|switch|p2a: Conkeldurr|Conkeldurr, F|414\/414
|turn|16
|
|move|p1a: Bisharp|Knock Off|p2a: Conkeldurr
|-resisted|p2a: Conkeldurr
|-damage|p2a: Conkeldurr|307\/414
|-enditem|p2a: Conkeldurr|Assault Vest|[from] move: Knock Off|[of] p1a: Bisharp
|-damage|p1a: Bisharp|217\/271|[from] item: Life Orb
|move|p2a: Conkeldurr|Knock Off|p1a: Bisharp
|-resisted|p1a: Bisharp
|-damage|p1a: Bisharp|147\/271
|-enditem|p1a: Bisharp|Life Orb|[from] move: Knock Off|[of] p2a: Conkeldurr
|
|-weather|none
|turn|17
|
|move|p1a: Bisharp|Sucker Punch|p2a: Conkeldurr
|-resisted|p2a: Conkeldurr
|-damage|p2a: Conkeldurr|230\/414
|move|p2a: Conkeldurr|Drain Punch|p1a: Bisharp
|-supereffective|p1a: Bisharp
|-damage|p1a: Bisharp|0 fnt
|-heal|p2a: Conkeldurr|304\/414|[from] drain|[of] p1a: Bisharp
|faint|p1a: Bisharp
|
|
|switch|p1a: Latias|Latias, F|234\/301
|-damage|p1a: Latias|197\/301|[from] Stealth Rock
|turn|18
|
|move|p1a: Latias|Defog|p2a: Conkeldurr
|-unboost|p2a: Conkeldurr|evasion|1
|-sideend|p1: Cujo7429|Stealth Rock|[from] move: Defog|[of] p1a: Latias
|move|p2a: Conkeldurr|Knock Off|p1a: Latias
|-supereffective|p1a: Latias
|-damage|p1a: Latias|0 fnt
|-enditem|p1a: Latias|Life Orb|[from] move: Knock Off|[of] p2a: Conkeldurr
|faint|p1a: Latias
|
|
|switch|p1a: Charizard|Charizard-Mega-Y, F|84\/297
|-weather|SunnyDay
|turn|19
|
|move|p1a: Charizard|Roost|p1a: Charizard
|-heal|p1a: Charizard|233\/297
|move|p2a: Conkeldurr|Drain Punch|p1a: Charizard
|-damage|p1a: Charizard|35\/297
|-heal|p2a: Conkeldurr|403\/414|[from] drain|[of] p1a: Charizard
|
|-weather|SunnyDay|[upkeep]
|turn|20
|
|switch|p1a: Sylveon|Sylveon, M|393\/393
|move|p2a: Conkeldurr|Mach Punch|p1a: Sylveon
|-resisted|p1a: Sylveon
|-damage|p1a: Sylveon|339\/393
|
|-weather|SunnyDay|[upkeep]
|turn|21
|
|move|p2a: Conkeldurr|Mach Punch|p1a: Sylveon
|-resisted|p1a: Sylveon
|-damage|p1a: Sylveon|282\/393
|move|p1a: Sylveon|Hyper Voice|p2a: Conkeldurr
|-supereffective|p2a: Conkeldurr
|-damage|p2a: Conkeldurr|0 fnt
|faint|p2a: Conkeldurr
|
|-weather|SunnyDay|[upkeep]
|c|âAcidBurnz|gg
|
|switch|p2a: Scizor|Scizor, M|259\/343
|turn|22
|
|move|p2a: Scizor|Bullet Punch|p1a: Sylveon
|-crit|p1a: Sylveon
|-supereffective|p1a: Sylveon
|-damage|p1a: Sylveon|0 fnt
|faint|p1a: Sylveon
|
|-weather|SunnyDay|[upkeep]
|c|âCujo7429|gg
|
|switch|p1a: Charizard|Charizard-Mega-Y, F|35\/297
|turn|23
|
|move|p2a: Scizor|Bullet Punch|p1a: Charizard
|-crit|p1a: Charizard
|-resisted|p1a: Charizard
|-damage|p1a: Charizard|0 fnt
|faint|p1a: Charizard
|
|win|AcidBurnz
|raw|Ladder updating...
|raw|Cujo7429's rating: 1536 &rarr; <strong>1515<\/strong><br \/>(-21 for losing)
|raw|AcidBurnz's rating: 1525 &rarr; <strong>1546<\/strong><br \/>(+21 for winning)