|join|AcidBurnz
|join|LeoDamin
|player|p1|AcidBurnz|169
|player|p2|LeoDamin|87
|gametype|singles
|gen|6
|tier|OU (suspect test)
|rated
|clearpoke
|poke|p1|Politoed, F
|poke|p1|Thundurus-Therian, M
|poke|p1|Swampert, M
|poke|p1|Ferrothorn, M
|poke|p1|Latias, F
|poke|p1|Tornadus, M
|poke|p2|Celebi
|poke|p2|Metagross
|poke|p2|Heatran, F
|poke|p2|Keldeo
|poke|p2|Landorus-Therian, M
|poke|p2|Tornadus-Therian, M
|rule|Swagger Clause: Swagger is banned
|rule|Baton Pass Clause: Limit one PokÃ©mon knowing Baton Pass
|rule|Sleep Clause Mod: Limit one foe put to sleep
|rule|Species Clause: Limit one of each PokÃ©mon
|rule|OHKO Clause: OHKO moves are banned
|rule|Moody Clause: Moody is banned
|rule|Evasion Moves Clause: Evasion moves are banned
|rule|Endless Battle Clause: Forcing endless battles is banned
|rule|HP Percentage Mod: HP is shown in percentages
|teampreview
|
|start
|switch|p1a: Politoed|Politoed, F|384\/384
|switch|p2a: Celebi|Celebi|403\/403
|-weather|RainDance
|turn|1
|
|switch|p1a: Tornadus|Tornadus, M|299\/299
|move|p2a: Celebi|Nasty Plot|p2a: Celebi
|-boost|p2a: Celebi|spa|2
|
|-weather|RainDance|[upkeep]
|turn|2
|
|move|p1a: Tornadus|U-turn|p2a: Celebi
|-supereffective|p2a: Celebi
|-damage|p2a: Celebi|199\/403
|
|switch|p1a: Ferrothorn|Ferrothorn, M|351\/351
|move|p2a: Celebi|Baton Pass|p2a: Celebi
|c|âAcidBurnz|well fuck me haha
|
|switch|p2a: Tornadus-Therian|Tornadus-Therian, M|299\/299
|
|-weather|RainDance|[upkeep]
|turn|3
|
|move|p2a: Tornadus-Therian|Hurricane|p1a: Ferrothorn
|-damage|p1a: Ferrothorn|0 fnt
|-damage|p2a: Tornadus-Therian|270\/299|[from] item: Life Orb
|faint|p1a: Ferrothorn
|
|-weather|RainDance|[upkeep]
|
|switch|p1a: Thundurus-Therian|Thundurus-Therian, M|299\/299
|turn|4
|
|switch|p2a: Landorus-Therian|Landorus-Therian, M|319\/319
|-ability|p2a: Landorus-Therian|Intimidate|[of] p1a: Thundurus-Therian
|-unboost|p1a: Thundurus-Therian|atk|1
|move|p1a: Thundurus-Therian|Thunder|p2a: Landorus-Therian
|-immune|p2a: Landorus-Therian|[msg]
|
|-weather|RainDance|[upkeep]
|turn|5
|
|switch|p1a: Swampert|Swampert, M|361\/361
|move|p2a: Landorus-Therian|U-turn|p1a: Swampert
|-damage|p1a: Swampert|261\/361
|
|switch|p2a: Celebi|Celebi|199\/403
|
|-weather|RainDance|[upkeep]
|-heal|p2a: Celebi|224\/403|[from] item: Leftovers
|turn|6
|
|switch|p1a: Tornadus|Tornadus, M|299\/299
|move|p2a: Celebi|Giga Drain|p1a: Tornadus
|-resisted|p1a: Tornadus
|-damage|p1a: Tornadus|251\/299
|-heal|p2a: Celebi|248\/403|[from] drain|[of] p1a: Tornadus
|
|-weather|RainDance|[upkeep]
|-heal|p2a: Celebi|273\/403|[from] item: Leftovers
|turn|7
|
|switch|p2a: Heatran|Heatran, F|385\/385
|move|p1a: Tornadus|Hurricane|p2a: Heatran
|-resisted|p2a: Heatran
|-damage|p2a: Heatran|274\/385
|
|-weather|RainDance|[upkeep]
|-heal|p2a: Heatran|298\/385|[from] item: Leftovers
|turn|8
|
|switch|p1a: Swampert|Swampert, M|261\/361
|move|p2a: Heatran|Stealth Rock|p1a: Swampert
|-sidestart|p1: AcidBurnz|move: Stealth Rock
|
|-weather|none
|-heal|p2a: Heatran|322\/385|[from] item: Leftovers
|turn|9
|
|switch|p2a: Celebi|Celebi|273\/403
|detailschange|p1a: Swampert|Swampert-Mega, M
|-mega|p1a: Swampert|Swampert|Swampertite
|move|p1a: Swampert|Ice Punch|p2a: Celebi
|-supereffective|p2a: Celebi
|-damage|p2a: Celebi|65\/403
|
|-heal|p2a: Celebi|90\/403|[from] item: Leftovers
|turn|10
|
|switch|p1a: Latias|Latias, F|302\/302
|-damage|p1a: Latias|265\/302|[from] Stealth Rock
|move|p2a: Celebi|Giga Drain|p1a: Latias
|-resisted|p1a: Latias
|-damage|p1a: Latias|229\/302
|-heal|p2a: Celebi|108\/403|[from] drain|[of] p1a: Latias
|
|-heal|p2a: Celebi|133\/403|[from] item: Leftovers
|turn|11
|
|move|p1a: Latias|Defog|p2a: Celebi
|-unboost|p2a: Celebi|evasion|1
|-sideend|p1: AcidBurnz|Stealth Rock|[from] move: Defog|[of] p1a: Latias
|move|p2a: Celebi|Recover|p2a: Celebi
|-heal|p2a: Celebi|335\/403
|
|-heal|p2a: Celebi|360\/403|[from] item: Leftovers
|turn|12
|
|switch|p1a: Thundurus-Therian|Thundurus-Therian, M|299\/299
|move|p2a: Celebi|Nasty Plot|p2a: Celebi
|-boost|p2a: Celebi|spa|2
|
|-heal|p2a: Celebi|385\/403|[from] item: Leftovers
|turn|13
|
|move|p1a: Thundurus-Therian|Thunder|p2a: Celebi
|-resisted|p2a: Celebi
|-damage|p2a: Celebi|306\/403
|-status|p2a: Celebi|par
|move|p2a: Celebi|Recover|p2a: Celebi
|-heal|p2a: Celebi|403\/403 par
|
|turn|14
|
|switch|p1a: Tornadus|Tornadus, M|251\/299
|cant|p2a: Celebi|par
|
|turn|15
|
|move|p1a: Tornadus|Hurricane|p2a: Celebi
|-supereffective|p2a: Celebi
|-damage|p2a: Celebi|0 fnt
|faint|p2a: Celebi
|
|
|switch|p2a: Metagross|Metagross|301\/301
|turn|16
|
|detailschange|p2a: Metagross|Metagross-Mega
|-mega|p2a: Metagross|Metagross|Metagrossite
|move|p2a: Metagross|Pursuit|p1a: Tornadus|[from]Pursuit
|-damage|p1a: Tornadus|82\/299
|switch|p1a: Politoed|Politoed, F|384\/384
|-weather|RainDance
|
|-weather|RainDance|[upkeep]
|turn|17
|
|move|p2a: Metagross|Zen Headbutt|p1a: Politoed
|-damage|p1a: Politoed|215\/384
|move|p1a: Politoed|Scald|p2a: Metagross
|-damage|p2a: Metagross|186\/301
|
|-weather|RainDance|[upkeep]
|turn|18
|
|move|p2a: Metagross|Zen Headbutt|p1a: Politoed
|-damage|p1a: Politoed|53\/384
|move|p1a: Politoed|Scald|p2a: Metagross
|-damage|p2a: Metagross|77\/301
|
|-weather|RainDance|[upkeep]
|turn|19
|
|move|p2a: Metagross|Pursuit|p1a: Politoed|[from]Pursuit
|-damage|p1a: Politoed|0 fnt
|faint|p1a: Politoed
|
|-weather|RainDance|[upkeep]
|
|switch|p1a: Tornadus|Tornadus, M|82\/299
|turn|20
|
|switch|p2a: Heatran|Heatran, F|322\/385
|move|p1a: Tornadus|Hurricane|p2a: Heatran
|-resisted|p2a: Heatran
|-damage|p2a: Heatran|223\/385
|-start|p2a: Heatran|confusion
|
|-weather|RainDance|[upkeep]
|-heal|p2a: Heatran|247\/385|[from] item: Leftovers
|turn|21
|
|switch|p1a: Swampert|Swampert-Mega, M|261\/361
|-activate|p2a: Heatran|confusion
|move|p2a: Heatran|Stealth Rock|p1a: Swampert
|-sidestart|p1: AcidBurnz|move: Stealth Rock
|
|-weather|RainDance|[upkeep]
|-heal|p2a: Heatran|271\/385|[from] item: Leftovers
|turn|22
|
|switch|p2a: Metagross|Metagross-Mega|77\/301
|move|p1a: Swampert|Waterfall|p2a: Metagross
|-damage|p2a: Metagross|0 fnt
|faint|p2a: Metagross
|
|-weather|RainDance|[upkeep]
|
|switch|p2a: Keldeo|Keldeo|323\/323
|turn|23
|
|switch|p1a: Latias|Latias, F|229\/302
|-damage|p1a: Latias|192\/302|[from] Stealth Rock
|move|p2a: Keldeo|Hydro Pump|p1a: Latias
|-resisted|p1a: Latias
|-damage|p1a: Latias|70\/302
|
|-weather|none
|turn|24
|
|move|p2a: Keldeo|Hydro Pump|p1a: Latias|[miss]
|-miss|p2a: Keldeo|p1a: Latias
|move|p1a: Latias|Defog|p2a: Keldeo
|-unboost|p2a: Keldeo|evasion|1
|-sideend|p1: AcidBurnz|Stealth Rock|[from] move: Defog|[of] p1a: Latias
|
|turn|25
|c|âLeoDamin|nooo
|
|move|p2a: Keldeo|Hydro Pump|p1a: Latias
|-resisted|p1a: Latias
|-damage|p1a: Latias|0 fnt
|faint|p1a: Latias
|
|c|âLeoDamin|]:
|
|switch|p1a: Thundurus-Therian|Thundurus-Therian, M|299\/299
|turn|26
|c|âAcidBurnz|damn i tried to switch to pyschsock
|c|âLeoDamin|]:
|
|switch|p2a: Heatran|Heatran, F|271\/385
|move|p1a: Thundurus-Therian|Volt Switch|p2a: Heatran
|-damage|p2a: Heatran|163\/385
|c|âLeoDamin|The cancel button is broken
|
|switch|p1a: Swampert|Swampert-Mega, M|261\/361
|
|-heal|p2a: Heatran|187\/385|[from] item: Leftovers
|turn|27
|
|move|p1a: Swampert|Waterfall|p2a: Heatran
|-supereffective|p2a: Heatran
|-damage|p2a: Heatran|0 fnt
|faint|p2a: Heatran
|
|
|switch|p2a: Keldeo|Keldeo|323\/323
|turn|28
|
|move|p2a: Keldeo|Hydro Pump|p1a: Swampert
|-damage|p1a: Swampert|78\/361
|move|p1a: Swampert|Earthquake|p2a: Keldeo
|-damage|p2a: Keldeo|89\/323
|
|turn|29
|
|move|p2a: Keldeo|Hydro Pump|p1a: Swampert
|-crit|p1a: Swampert
|-damage|p1a: Swampert|0 fnt
|faint|p1a: Swampert
|
|
|switch|p1a: Tornadus|Tornadus, M|82\/299
|turn|30
|
|move|p2a: Keldeo|Hydro Pump|p1a: Tornadus|[miss]
|-miss|p2a: Keldeo|p1a: Tornadus
|move|p1a: Tornadus|Extrasensory|p2a: Keldeo
|-supereffective|p2a: Keldeo
|-damage|p2a: Keldeo|0 fnt
|faint|p2a: Keldeo
|
|c|âLeoDamin|]:
|
|switch|p2a: Tornadus-Therian|Tornadus-Therian, M|299\/299
|turn|31
|
|switch|p1a: Thundurus-Therian|Thundurus-Therian, M|299\/299
|move|p2a: Tornadus-Therian|Knock Off|p1a: Thundurus-Therian
|-damage|p1a: Thundurus-Therian|166\/299
|-enditem|p1a: Thundurus-Therian|Choice Scarf|[from] move: Knock Off|[of] p2a: Tornadus-Therian
|-damage|p2a: Tornadus-Therian|270\/299|[from] item: Life Orb
|
|turn|32
|
|move|p2a: Tornadus-Therian|Hurricane|p1a: Thundurus-Therian
|-resisted|p1a: Thundurus-Therian
|-damage|p1a: Thundurus-Therian|43\/299
|-damage|p2a: Tornadus-Therian|241\/299|[from] item: Life Orb
|move|p1a: Thundurus-Therian|Thunder|p2a: Tornadus-Therian
|-supereffective|p2a: Tornadus-Therian
|-damage|p2a: Tornadus-Therian|0 fnt
|faint|p2a: Tornadus-Therian
|
|
|switch|p2a: Landorus-Therian|Landorus-Therian, M|319\/319
|-ability|p2a: Landorus-Therian|Intimidate|[of] p1a: Thundurus-Therian
|-unboost|p1a: Thundurus-Therian|atk|1
|turn|33
|c|âLeoDamin|watch me miss
|c|âAcidBurnz|two scarfers?
|c|âAcidBurnz|y?
|c|âLeoDamin|yep
|
|move|p2a: Landorus-Therian|Stone Edge|p1a: Thundurus-Therian
|-supereffective|p1a: Thundurus-Therian
|-damage|p1a: Thundurus-Therian|0 fnt
|faint|p1a: Thundurus-Therian
|
|c|âAcidBurnz|well i hope you miss now
|
|switch|p1a: Tornadus|Tornadus, M|82\/299
|turn|34
|c|âLeoDamin|they work really well together
|c|âLeoDamin|COME ON LANDT
|c|âLeoDamin|HIT IT
|
|move|p2a: Landorus-Therian|Stone Edge|p1a: Tornadus
|-supereffective|p1a: Tornadus
|-damage|p1a: Tornadus|0 fnt
|faint|p1a: Tornadus
|
|win|LeoDamin
|raw|Ladder updating...
|raw|AcidBurnz's rating: 1475 &rarr; <strong>1453<\/strong><br \/>(-22 for losing)
|raw|LeoDamin's rating: 1445 &rarr; <strong>1466<\/strong><br \/>(+21 for winning)
|c|âAcidBurnz|damn
|c|âLeoDamin|good boy
|c|âAcidBurnz|gg fgt
|c|âLeoDamin|that was a gg
|leave|AcidBurnz
|player|p1