|join|Reverb
|join|acidburnz
|player|p1|Reverb|#reverbxmas
|player|p2|acidburnz|161
|gametype|singles
|gen|6
|tier|OU (suspect test)
|rated
|clearpoke
|poke|p1|Metagross
|poke|p1|Heatran, F
|poke|p1|Landorus-Therian, M
|poke|p1|Rotom-Wash
|poke|p1|Keldeo-Resolute
|poke|p1|Gengar, M
|poke|p2|Heracross, F
|poke|p2|Talonflame, F
|poke|p2|Mamoswine, F
|poke|p2|Rotom-Wash
|poke|p2|Latios, M
|poke|p2|Clefable, M
|rule|Swagger Clause: Swagger is banned
|rule|Baton Pass Clause: Limit one PokÃ©mon knowing Baton Pass
|rule|Sleep Clause Mod: Limit one foe put to sleep
|rule|Species Clause: Limit one of each PokÃ©mon
|rule|OHKO Clause: OHKO moves are banned
|rule|Moody Clause: Moody is banned
|rule|Evasion Moves Clause: Evasion moves are banned
|rule|Endless Battle Clause: Forcing endless battles is banned
|rule|HP Percentage Mod: HP is shown in percentages
|teampreview
|join|adedffdf
|join|Alvadora
|join|TyranitarTerror
|join|Legolaxxx909
|c|âacidburnz|whats with all the ppl?
|
|start
|switch|p1a: Keldeo-Resolute|Keldeo-Resolute|323\/323
|switch|p2a: Mamoswine|Mamoswine, F|361\/361
|turn|1
|
|move|p1a: Keldeo-Resolute|Scald|p2a: Mamoswine
|-supereffective|p2a: Mamoswine
|-enditem|p2a: Mamoswine|Focus Sash
|-damage|p2a: Mamoswine|1\/361
|move|p2a: Mamoswine|Earthquake|p1a: Keldeo-Resolute
|-damage|p1a: Keldeo-Resolute|121\/323
|
|turn|2
|join|CarmelloTheGod
|
|switch|p2a: Latios|Latios, M|301\/301
|move|p1a: Keldeo-Resolute|Scald|p2a: Latios
|-resisted|p2a: Latios
|-damage|p2a: Latios|187\/301
|
|turn|3
|
|switch|p1a: Heatran|Heatran, F|385\/385
|move|p2a: Latios|Psyshock|p1a: Heatran
|-resisted|p1a: Heatran
|-damage|p1a: Heatran|291\/385
|-damage|p2a: Latios|157\/301|[from] item: Life Orb
|
|-heal|p1a: Heatran|315\/385|[from] item: Leftovers
|turn|4
|
|move|p2a: Latios|Earthquake|p1a: Heatran
|-supereffective|p1a: Heatran
|-damage|p1a: Heatran|0 fnt
|-damage|p2a: Latios|127\/301|[from] item: Life Orb
|faint|p1a: Heatran
|
|
|switch|p1a: Landorus-Therian|Landorus-Therian, M|327\/327
|-ability|p1a: Landorus-Therian|Intimidate|[of] p2a: Latios
|-unboost|p2a: Latios|atk|1
|turn|5
|
|switch|p2a: Rotom-Wash|Rotom-Wash|302\/302
|move|p1a: Landorus-Therian|U-turn|p2a: Rotom-Wash
|-damage|p2a: Rotom-Wash|237\/302
|
|switch|p1a: Keldeo-Resolute|Keldeo-Resolute|121\/323
|
|-heal|p2a: Rotom-Wash|255\/302|[from] item: Leftovers
|turn|6
|
|move|p1a: Keldeo-Resolute|Secret Sword|p2a: Rotom-Wash
|-damage|p2a: Rotom-Wash|98\/302
|move|p2a: Rotom-Wash|Volt Switch|p1a: Keldeo-Resolute
|-supereffective|p1a: Keldeo-Resolute
|-damage|p1a: Keldeo-Resolute|0 fnt
|faint|p1a: Keldeo-Resolute
|join|Buijin
|c|âacidburnz|why are all these ppl here?
|c|âacidburnz|im so confused
|c|âReverb|<--
|c|âReverb|lel
|c| adedffdf|^
|
|switch|p2a: Mamoswine|Mamoswine, F|1\/361
|
|
|switch|p1a: Gengar|Gengar, M|261\/261
|turn|7
|c|âacidburnz|streaming i suppose?
|
|move|p2a: Mamoswine|Ice Shard|p1a: Gengar
|-damage|p1a: Gengar|138\/261
|move|p1a: Gengar|Shadow Ball|p2a: Mamoswine
|-damage|p2a: Mamoswine|0 fnt
|-damage|p1a: Gengar|112\/261|[from] item: Life Orb
|faint|p2a: Mamoswine
|
|c|âReverb|n
|c| adedffdf|n
|c|âReverb|im a global mod and OU room RO
|join|Legolaxxx909
|c| adedffdf|^^
|
|switch|p2a: Heracross|Heracross, F|302\/302
|turn|8
|c|âReverb|and you live in a cool city
|c|âReverb|say weird homie
|join|MISTAKEN
|c|âReverb|*stay
|join|QuagGod
|c|âReverb|lel
|
|detailschange|p2a: Heracross|Heracross-Mega, F
|-mega|p2a: Heracross|Heracross|Heracronite
|move|p1a: Gengar|Sludge Wave|p2a: Heracross
|-damage|p2a: Heracross|84\/302
|-damage|p1a: Gengar|86\/261|[from] item: Life Orb
|move|p2a: Heracross|Rock Blast|p1a: Gengar
|-damage|p1a: Gengar|21\/261
|-damage|p1a: Gengar|0 fnt
|-hitcount|p1a: Gengar|2
|faint|p1a: Gengar
|
|
|switch|p1a: Landorus-Therian|Landorus-Therian, M|327\/327
|-ability|p1a: Landorus-Therian|Intimidate|[of] p2a: Heracross
|-unboost|p2a: Heracross|atk|1
|turn|9
|join|Chillingtilnoon
|leave|QuagGod
|c|âacidburnz|....
|
|move|p1a: Landorus-Therian|Stone Edge|p2a: Heracross
|-damage|p2a: Heracross|0 fnt
|faint|p2a: Heracross
|
|
|switch|p2a: Rotom-Wash|Rotom-Wash|98\/302
|turn|10
|
|move|p1a: Landorus-Therian|Stone Edge|p2a: Rotom-Wash|[miss]
|-miss|p1a: Landorus-Therian|p2a: Rotom-Wash
|move|p2a: Rotom-Wash|Pain Split|p1a: Landorus-Therian
|-sethp|p1a: Landorus-Therian|212\/327|p2a: Rotom-Wash|212\/302|[from] move: Pain Split
|
|-heal|p2a: Rotom-Wash|230\/302|[from] item: Leftovers
|turn|11
|join|pussy patrol yo
|
|switch|p1a: Rotom-Wash|Rotom-Wash|303\/303
|move|p2a: Rotom-Wash|Hydro Pump|p1a: Rotom-Wash|[miss]
|-miss|p2a: Rotom-Wash|p1a: Rotom-Wash
|
|-heal|p2a: Rotom-Wash|248\/302|[from] item: Leftovers
|turn|12
|
|move|p1a: Rotom-Wash|Will-O-Wisp|p2a: Rotom-Wash|[miss]
|-miss|p1a: Rotom-Wash|p2a: Rotom-Wash
|move|p2a: Rotom-Wash|Will-O-Wisp|p1a: Rotom-Wash
|-status|p1a: Rotom-Wash|brn
|
|-heal|p2a: Rotom-Wash|266\/302|[from] item: Leftovers
|-damage|p1a: Rotom-Wash|266\/303 brn|[from] brn
|turn|13
|
|move|p1a: Rotom-Wash|Will-O-Wisp|p2a: Rotom-Wash
|-status|p2a: Rotom-Wash|brn
|move|p2a: Rotom-Wash|Volt Switch|p1a: Rotom-Wash
|-damage|p1a: Rotom-Wash|184\/303 brn
|
|switch|p2a: Latios|Latios, M|127\/301
|
|-heal|p1a: Rotom-Wash|202\/303 brn|[from] item: Leftovers
|-damage|p1a: Rotom-Wash|165\/303 brn|[from] brn
|turn|14
|c|âacidburnz|lag
|c|âReverb|kk
|
|switch|p1a: Metagross|Metagross|301\/301
|move|p2a: Latios|Draco Meteor|p1a: Metagross
|-resisted|p1a: Metagross
|-damage|p1a: Metagross|129\/301
|-unboost|p2a: Latios|spa|2
|-damage|p2a: Latios|97\/301|[from] item: Life Orb
|
|turn|15
|
|switch|p1a: Landorus-Therian|Landorus-Therian, M|212\/327
|-ability|p1a: Landorus-Therian|Intimidate|[of] p2a: Latios
|-unboost|p2a: Latios|atk|1
|move|p2a: Latios|Earthquake|p1a: Landorus-Therian
|-immune|p1a: Landorus-Therian|[msg]
|
|turn|16
|
|switch|p2a: Clefable|Clefable, M|394\/394
|move|p1a: Landorus-Therian|U-turn|p2a: Clefable
|-resisted|p2a: Clefable
|-damage|p2a: Clefable|354\/394
|
|switch|p1a: Metagross|Metagross|129\/301
|
|turn|17
|
|detailschange|p1a: Metagross|Metagross-Mega
|-mega|p1a: Metagross|Metagross|Metagrossite
|move|p1a: Metagross|Meteor Mash|p2a: Clefable
|-supereffective|p2a: Clefable
|-damage|p2a: Clefable|0 fnt
|faint|p2a: Clefable
|
|
|switch|p2a: Rotom-Wash|Rotom-Wash|266\/302 brn
|turn|18
|join|A7berto
|
|switch|p1a: Rotom-Wash|Rotom-Wash|165\/303 brn
|move|p2a: Rotom-Wash|Volt Switch|p1a: Rotom-Wash
|-damage|p1a: Rotom-Wash|87\/303 brn
|
|switch|p2a: Latios|Latios, M|97\/301
|
|-heal|p1a: Rotom-Wash|105\/303 brn|[from] item: Leftovers
|-damage|p1a: Rotom-Wash|68\/303 brn|[from] brn
|turn|19
|
|move|p2a: Latios|Psyshock|p1a: Rotom-Wash
|-damage|p1a: Rotom-Wash|0 fnt
|-damage|p2a: Latios|67\/301|[from] item: Life Orb
|faint|p1a: Rotom-Wash
|
|join|Disorient
|
|switch|p1a: Landorus-Therian|Landorus-Therian, M|212\/327
|-ability|p1a: Landorus-Therian|Intimidate|[of] p2a: Latios
|-unboost|p2a: Latios|atk|1
|turn|20
|join|the magician z
|
|switch|p2a: Rotom-Wash|Rotom-Wash|266\/302 brn
|move|p1a: Landorus-Therian|U-turn|p2a: Rotom-Wash
|-damage|p2a: Rotom-Wash|203\/302 brn
|
|switch|p1a: Metagross|Metagross-Mega|129\/301
|
|-heal|p2a: Rotom-Wash|221\/302 brn|[from] item: Leftovers
|-damage|p2a: Rotom-Wash|184\/302 brn|[from] brn
|turn|21
|
|move|p1a: Metagross|Zen Headbutt|p2a: Rotom-Wash
|-damage|p2a: Rotom-Wash|37\/302 brn
|move|p2a: Rotom-Wash|Will-O-Wisp|p1a: Metagross
|-status|p1a: Metagross|brn
|
|-heal|p2a: Rotom-Wash|55\/302 brn|[from] item: Leftovers
|-damage|p1a: Metagross|92\/301 brn|[from] brn
|-damage|p2a: Rotom-Wash|18\/302 brn|[from] brn
|turn|22
|
|move|p1a: Metagross|Meteor Mash|p2a: Rotom-Wash
|-resisted|p2a: Rotom-Wash
|-damage|p2a: Rotom-Wash|0 fnt
|faint|p2a: Rotom-Wash
|
|-damage|p1a: Metagross|55\/301 brn|[from] brn
|
|switch|p2a: Talonflame|Talonflame, F|359\/359
|turn|23
|
|move|p1a: Metagross|Zen Headbutt|p2a: Talonflame
|-crit|p2a: Talonflame
|-damage|p2a: Talonflame|169\/359
|move|p2a: Talonflame|Bulk Up|p2a: Talonflame
|-boost|p2a: Talonflame|atk|1
|-boost|p2a: Talonflame|def|1
|
|-damage|p1a: Metagross|18\/301 brn|[from] brn
|turn|24
|
|move|p1a: Metagross|Earthquake|p2a: Talonflame
|-immune|p2a: Talonflame|[msg]
|move|p2a: Talonflame|Bulk Up|p2a: Talonflame
|-boost|p2a: Talonflame|atk|1
|-boost|p2a: Talonflame|def|1
|
|-damage|p1a: Metagross|0 fnt|[from] brn
|faint|p1a: Metagross
|join|yon ban
|
|switch|p1a: Landorus-Therian|Landorus-Therian, M|212\/327
|-ability|p1a: Landorus-Therian|Intimidate|[of] p2a: Talonflame
|-unboost|p2a: Talonflame|atk|1
|turn|25
|leave|MISTAKEN
|
|move|p2a: Talonflame|Roost|p2a: Talonflame
|-heal|p2a: Talonflame|349\/359
|move|p1a: Landorus-Therian|Stone Edge|p2a: Talonflame
|-supereffective|p2a: Talonflame
|-damage|p2a: Talonflame|169\/359
|
|turn|26
|
|move|p2a: Talonflame|Roost|p2a: Talonflame
|-heal|p2a: Talonflame|349\/359
|move|p1a: Landorus-Therian|Stone Edge|p2a: Talonflame|[miss]
|-miss|p1a: Landorus-Therian|p2a: Talonflame
|
|turn|27
|
|move|p1a: Landorus-Therian|Stone Edge|p2a: Talonflame|[miss]
|-miss|p1a: Landorus-Therian|p2a: Talonflame
|move|p2a: Talonflame|Bulk Up|p2a: Talonflame
|-boost|p2a: Talonflame|atk|1
|-boost|p2a: Talonflame|def|1
|
|turn|28
|c|âReverb|fml
|
|move|p2a: Talonflame|Roost|p2a: Talonflame
|-heal|p2a: Talonflame|359\/359
|move|p1a: Landorus-Therian|Stone Edge|p2a: Talonflame
|-supereffective|p2a: Talonflame
|-damage|p2a: Talonflame|225\/359
|
|turn|29
|c| adedffdf|;-;
|
|move|p2a: Talonflame|Roost|p2a: Talonflame
|-heal|p2a: Talonflame|359\/359
|move|p1a: Landorus-Therian|Stone Edge|p2a: Talonflame
|-supereffective|p2a: Talonflame
|-damage|p2a: Talonflame|209\/359
|
|turn|30
|c| Disorient|Lets see the crit for justice
|join|Ailurophilia
|c|âReverb|the miss on rotom was what really killed me
|c| Ailurophilia|whynot just kill him with bb :s
|c|âacidburnz|last one
|
|move|p2a: Talonflame|Roost|p2a: Talonflame
|-heal|p2a: Talonflame|359\/359
|move|p1a: Landorus-Therian|Stone Edge|p2a: Talonflame
|-crit|p2a: Talonflame
|-supereffective|p2a: Talonflame
|-damage|p2a: Talonflame|0 fnt
|faint|p2a: Talonflame
|
|c| Disorient|RIP
|c| Alvadora|lmfao
|c|âReverb|you could have killed me
|c| adedffdf|rip
|c|âReverb|with brave bird
|c| Alvadora|he could had kill
|c|âacidburnz|your out of stone edge
|c|âReverb|yes
|c| Chillingtilnoon|can HE HIT THE LAST EDGE
|
|switch|p2a: Latios|Latios, M|67\/301
|turn|31
|c| Chillingtilnoon|really?
|c| adedffdf|^^reverb
|c| Ailurophilia|cri struggle
|c|âacidburnz|no he's out
|c| Ailurophilia|crit
|c|âacidburnz|i count4ed
|
|move|p1a: Landorus-Therian|Struggle|p2a: Latios
|-damage|p2a: Latios|0 fnt
|-damage|p1a: Landorus-Therian|131\/327
|faint|p2a: Latios
|
|win|Reverb
|raw|Ladder updating...
|c| Disorient|struggle kill imo
|raw|Reverb's rating: 1473 &rarr; <strong>1489<\/strong><br \/>(+16 for winning)
|raw|acidburnz's rating: 1386 &rarr; <strong>1371<\/strong><br \/>(-15 for losing)
|c| Disorient|LOL
|c| Ailurophilia|o
|c|âReverb|gg
|c| Chillingtilnoon|OOH
|c|âacidburnz|oh wow
|c| Chillingtilnoon|REKT
|c| the magician z|wow
|c| Alvadora|lmfao
|c| adedffdf|lmao
|c| Alvadora|rekt
|c|âacidburnz|fuck off
|c| the magician z|painful to watch
|c| Ailurophilia|LOOOOOOOL
|leave|acidburnz
|player|p2
|c| Chillingtilnoon|THE STRUGGLE IS REALL
|c| Alvadora|could had swept but choose to roost
|c| the magician z|that makes me fucking sick
|c| Alvadora|and now says fuck you
|c| Alvadora|cus of a deserved crit
|c| Alvadora|lmfao
|c| Disorient|his own fault
|c|âReverb|he got v lucky tbh
|c| Disorient|and after the hax was in his favor
|c| Alvadora|player of the week award
|c| adedffdf|tru
|c| Disorient|reverb deserved the win anyways