|join|bossboss
|join|Hawlucho
|player|p1|bossboss|1
|player|p2|Hawlucho|294
|gametype|singles
|gen|6
|tier|OU
|rated
|clearpoke
|poke|p1|Celebi
|poke|p1|Heracross, M
|poke|p1|Uxie
|poke|p1|Excadrill, F
|poke|p1|Crawdaunt, F
|poke|p1|Cresselia, F
|poke|p2|Azumarill, M
|poke|p2|Talonflame, M
|poke|p2|Landorus-Therian, M
|poke|p2|Ferrothorn, F
|poke|p2|Heracross, F
|poke|p2|Latios, M
|rule|Swagger Clause: Swagger is banned
|rule|Baton Pass Clause: Limit one PokÃ©mon knowing Baton Pass
|rule|Sleep Clause Mod: Limit one foe put to sleep
|rule|Species Clause: Limit one of each PokÃ©mon
|rule|OHKO Clause: OHKO moves are banned
|rule|Moody Clause: Moody is banned
|rule|Evasion Moves Clause: Evasion moves are banned
|rule|Endless Battle Clause: Forcing endless battles is banned
|rule|HP Percentage Mod: HP is shown in percentages
|teampreview
|c|âHawlucho|sup bruh
|c|âHawlucho|how ez u doin'?
|
|start
|switch|p1a: Excadrill|Excadrill, F|362\/362
|switch|p2a: Punch Buggy|Heracross, F|302\/302
|-ability|p1a: Excadrill|Mold Breaker
|turn|1
|
|detailschange|p2a: Punch Buggy|Heracross-Mega, F
|message|Heracross has Mega Evolved into Mega Heracross!
|move|p2a: Punch Buggy|Close Combat|p1a: Excadrill
|-supereffective|p1a: Excadrill
|-damage|p1a: Excadrill|0 fnt
|-unboost|p2a: Punch Buggy|def|1
|-unboost|p2a: Punch Buggy|spd|1
|faint|p1a: Excadrill
|
|
|switch|p1a: Heracross|Heracross, M|364\/364
|turn|2
|
|switch|p2a: Landy Mandy|Landorus-Therian, M|382\/382
|-ability|p2a: Landy Mandy|Intimidate|[of] p1a: Heracross
|-unboost|p1a: Heracross|atk|1
|switch|p1a: Crawdaunt|Crawdaunt, F|329\/329
|
|turn|3
|
|switch|p2a: Boppin' Bunny|Azumarill, M|364\/364
|move|p1a: Crawdaunt|Aqua Jet|p2a: Boppin' Bunny
|-crit|p2a: Boppin' Bunny
|-resisted|p2a: Boppin' Bunny
|-damage|p2a: Boppin' Bunny|243\/364
|-damage|p1a: Crawdaunt|297\/329|[from] item: Life Orb
|
|-heal|p2a: Boppin' Bunny|265\/364|[from] item: Leftovers
|turn|4
|
|switch|p2a: Punch Buggy|Heracross-Mega, F|302\/302
|switch|p1a: Cresselia|Cresselia, F|444\/444
|
|turn|5
|c|âHawlucho|i dont 1hko full def bold
|c|âHawlucho|unless i get a crit
|
|move|p2a: Punch Buggy|Pin Missile|p1a: Cresselia
|-supereffective|p1a: Cresselia
|-damage|p1a: Cresselia|366\/444
|-supereffective|p1a: Cresselia
|-damage|p1a: Cresselia|294\/444
|-supereffective|p1a: Cresselia
|-damage|p1a: Cresselia|216\/444
|-supereffective|p1a: Cresselia
|-damage|p1a: Cresselia|138\/444
|-supereffective|p1a: Cresselia
|-damage|p1a: Cresselia|54\/444
|-hitcount|p1a: Cresselia|5
|move|p1a: Cresselia|Trick Room|p1a: Cresselia
|-fieldstart|move: Trick Room|[of] p1a: Cresselia
|
|turn|6
|c|âHawlucho|see
|
|switch|p2a: Landy Mandy|Landorus-Therian, M|382\/382
|-ability|p2a: Landy Mandy|Intimidate|[of] p1a: Cresselia
|-unboost|p1a: Cresselia|atk|1
|move|p1a: Cresselia|Psychic|p2a: Landy Mandy
|-damage|p2a: Landy Mandy|279\/382
|
|-heal|p2a: Landy Mandy|302\/382|[from] item: Leftovers
|turn|7
|
|move|p1a: Cresselia|Ice Beam|p2a: Landy Mandy
|-supereffective|p2a: Landy Mandy
|-damage|p2a: Landy Mandy|22\/382
|move|p2a: Landy Mandy|U-turn|p1a: Cresselia
|-supereffective|p1a: Cresselia
|-damage|p1a: Cresselia|0 fnt
|-damage|p2a: Landy Mandy|0 fnt|[from] item: Rocky Helmet|[of] p1a: Cresselia
|faint|p2a: Landy Mandy
|faint|p1a: Cresselia
|
|
|switch|p2a: Boppin' Bunny|Azumarill, M|265\/364
|switch|p1a: Crawdaunt|Crawdaunt, F|297\/329
|turn|8
|
|switch|p1a: Celebi|Celebi|404\/404
|move|p2a: Boppin' Bunny|Play Rough|p1a: Celebi
|-damage|p1a: Celebi|226\/404
|
|-heal|p2a: Boppin' Bunny|287\/364|[from] item: Leftovers
|-heal|p1a: Celebi|251\/404|[from] item: Leftovers
|turn|9
|
|switch|p2a: Jimmy Talon|Talonflame, M|319\/319
|switch|p1a: Uxie|Uxie|354\/354
|
|-fieldend|move: Trick Room
|turn|10
|
|move|p2a: Jimmy Talon|Swords Dance|p2a: Jimmy Talon
|-boost|p2a: Jimmy Talon|atk|2
|move|p1a: Uxie|Stealth Rock|p2a: Jimmy Talon
|-sidestart|p2: Hawlucho|move: Stealth Rock
|
|turn|11
|
|move|p2a: Jimmy Talon|Swords Dance|p2a: Jimmy Talon
|-boost|p2a: Jimmy Talon|atk|2
|move|p1a: Uxie|Trick Room|p1a: Uxie
|-fieldstart|move: Trick Room|[of] p1a: Uxie
|
|turn|12
|
|move|p2a: Jimmy Talon|Brave Bird|p1a: Uxie
|-damage|p1a: Uxie|3\/354
|-damage|p2a: Jimmy Talon|203\/319|[from] recoil|[of] p1a: Uxie
|-enditem|p1a: Uxie|Red Card|[of] p2a: Jimmy Talon
|drag|p2a: Punch Buggy|Heracross-Mega, F|302\/302
|-damage|p2a: Punch Buggy|265\/302|[from] Stealth Rock
|move|p1a: Uxie|Memento|p2a: Punch Buggy
|-unboost|p2a: Punch Buggy|atk|2
|-unboost|p2a: Punch Buggy|spa|2
|faint|p1a: Uxie
|
|c|âHawlucho|s word
|
|switch|p1a: Crawdaunt|Crawdaunt, F|297\/329
|turn|13
|c|âHawlucho|the bulk
|
|switch|p2a: Boppin' Bunny|Azumarill, M|287\/364
|-damage|p2a: Boppin' Bunny|242\/364|[from] Stealth Rock
|move|p1a: Crawdaunt|Swords Dance|p1a: Crawdaunt
|-boost|p1a: Crawdaunt|atk|2
|
|-heal|p2a: Boppin' Bunny|264\/364|[from] item: Leftovers
|turn|14
|
|move|p1a: Crawdaunt|Knock Off|p2a: Boppin' Bunny
|-resisted|p2a: Boppin' Bunny
|-damage|p2a: Boppin' Bunny|0 fnt
|-enditem|p2a: Boppin' Bunny|Leftovers|[from] move: Knock Off|[of] p1a: Crawdaunt
|-damage|p1a: Crawdaunt|265\/329|[from] item: Life Orb
|faint|p2a: Boppin' Bunny
|
|
|switch|p2a: Huggle Hugger|Ferrothorn, F|352\/352
|-damage|p2a: Huggle Hugger|330\/352|[from] Stealth Rock
|turn|15
|
|move|p2a: Huggle Hugger|Knock Off|p1a: Crawdaunt
|-resisted|p1a: Crawdaunt
|-damage|p1a: Crawdaunt|222\/329
|-enditem|p1a: Crawdaunt|Life Orb|[from] move: Knock Off|[of] p2a: Huggle Hugger
|move|p1a: Crawdaunt|Knock Off|p2a: Huggle Hugger
|-damage|p2a: Huggle Hugger|0 fnt
|-damage|p1a: Crawdaunt|181\/329|[from] ability: Iron Barbs|[of] p2a: Huggle Hugger
|-enditem|p2a: Huggle Hugger|Leftovers|[from] move: Knock Off|[of] p1a: Crawdaunt
|faint|p2a: Huggle Hugger
|
|-fieldend|move: Trick Room
|
|switch|p2a: Jay Jetson|Latios, M|302\/302
|-damage|p2a: Jay Jetson|265\/302|[from] Stealth Rock
|turn|16
|
|switch|p1a: Celebi|Celebi|251\/404
|move|p2a: Jay Jetson|Draco Meteor|p1a: Celebi
|-damage|p1a: Celebi|24\/404
|-unboost|p2a: Jay Jetson|spa|2
|-damage|p2a: Jay Jetson|235\/302|[from] item: Life Orb
|
|-heal|p1a: Celebi|49\/404|[from] item: Leftovers
|turn|17
|
|switch|p1a: Crawdaunt|Crawdaunt, F|181\/329
|move|p2a: Jay Jetson|Hidden Power|p1a: Crawdaunt
|-resisted|p1a: Crawdaunt
|-damage|p1a: Crawdaunt|142\/329
|-damage|p2a: Jay Jetson|205\/302|[from] item: Life Orb
|
|turn|18
|
|switch|p1a: Celebi|Celebi|49\/404
|move|p2a: Jay Jetson|Draco Meteor|p1a: Celebi
|-damage|p1a: Celebi|0 fnt
|-unboost|p2a: Jay Jetson|spa|2
|-damage|p2a: Jay Jetson|175\/302|[from] item: Life Orb
|faint|p1a: Celebi
|
|
|switch|p1a: Crawdaunt|Crawdaunt, F|142\/329
|turn|19
|
|move|p2a: Jay Jetson|Defog|p1a: Crawdaunt
|-unboost|p1a: Crawdaunt|evasion|1
|-sideend|p2: Hawlucho|Stealth Rock|[from] move: Defog|[of] p2a: Jay Jetson
|move|p1a: Crawdaunt|Knock Off|p2a: Jay Jetson
|-supereffective|p2a: Jay Jetson
|-damage|p2a: Jay Jetson|0 fnt
|-enditem|p2a: Jay Jetson|Life Orb|[from] move: Knock Off|[of] p1a: Crawdaunt
|faint|p2a: Jay Jetson
|
|
|switch|p2a: Jimmy Talon|Talonflame, M|203\/319
|turn|20
|
|move|p2a: Jimmy Talon|Brave Bird|p1a: Crawdaunt
|-damage|p1a: Crawdaunt|0 fnt
|-damage|p2a: Jimmy Talon|156\/319|[from] recoil|[of] p1a: Crawdaunt
|faint|p1a: Crawdaunt
|
|-message|bossboss forfeited.
|
|win|Hawlucho
|raw|Ladder updating...
|raw|bossboss's rating: 1635 &rarr; <strong>1608<\/strong><br \/>(-27 for losing)
|raw|Hawlucho's rating: 1522 &rarr; <strong>1549<\/strong><br \/>(+27 for winning)
|c|âHawlucho|gg fren