|join|DarioVS
|join|bossboss
|player|p1|DarioVS|217
|player|p2|bossboss|1
|gametype|singles
|gen|6
|tier|OU
|rated
|clearpoke
|poke|p1|Staraptor, M
|poke|p1|Tyranitar, M
|poke|p1|Greninja, M
|poke|p1|Latias, F
|poke|p1|Zapdos
|poke|p1|Cobalion
|poke|p2|Diancie
|poke|p2|Greninja, M
|poke|p2|Magnezone
|poke|p2|Azelf
|poke|p2|Garchomp, M
|poke|p2|Landorus, M
|rule|Swagger Clause: Swagger is banned
|rule|Baton Pass Clause: Limit one PokÃ©mon knowing Baton Pass
|rule|Sleep Clause Mod: Limit one foe put to sleep
|rule|Species Clause: Limit one of each PokÃ©mon
|rule|OHKO Clause: OHKO moves are banned
|rule|Moody Clause: Moody is banned
|rule|Evasion Moves Clause: Evasion moves are banned
|rule|Endless Battle Clause: Forcing endless battles is banned
|rule|HP Percentage Mod: HP is shown in percentages
|teampreview
|
|start
|switch|p1a: Tyranitar|Tyranitar, M|342\/342
|switch|p2a: Azelf|Azelf|320\/320
|-weather|Sandstorm
|turn|1
|
|detailschange|p1a: Tyranitar|Tyranitar-Mega, M
|message|Tyranitar has Mega Evolved into Mega Tyranitar!
|move|p2a: Azelf|Stealth Rock|p1a: Tyranitar
|-sidestart|p1: DarioVS|move: Stealth Rock
|move|p1a: Tyranitar|Dragon Dance|p1a: Tyranitar
|-boost|p1a: Tyranitar|atk|1
|-boost|p1a: Tyranitar|spe|1
|
|-weather|Sandstorm|[upkeep]
|-damage|p2a: Azelf|300\/320|[from] sandstorm
|turn|2
|
|move|p1a: Tyranitar|Stone Edge|p2a: Azelf
|-damage|p2a: Azelf|0 fnt
|faint|p2a: Azelf
|
|-weather|Sandstorm|[upkeep]
|
|switch|p2a: Garchomp|Garchomp, M|357\/357
|turn|3
|
|move|p1a: Tyranitar|Ice Punch|p2a: Garchomp
|-supereffective|p2a: Garchomp
|-damage|p2a: Garchomp|0 fnt
|-damage|p1a: Tyranitar|300\/342|[from] ability: Rough Skin|[of] p2a: Garchomp
|-damage|p1a: Tyranitar|243\/342|[from] item: Rocky Helmet|[of] p2a: Garchomp
|faint|p2a: Garchomp
|
|-weather|Sandstorm|[upkeep]
|
|switch|p2a: Magnezone|Magnezone|282\/282
|turn|4
|
|move|p1a: Tyranitar|Earthquake|p2a: Magnezone
|-supereffective|p2a: Magnezone
|-damage|p2a: Magnezone|0 fnt
|faint|p2a: Magnezone
|
|-weather|Sandstorm|[upkeep]
|
|switch|p2a: Diancie|Diancie|241\/241
|turn|5
|
|move|p1a: Tyranitar|Earthquake|p2a: Diancie
|-supereffective|p2a: Diancie
|-damage|p2a: Diancie|0 fnt
|faint|p2a: Diancie
|
|-weather|none
|-message|bossboss forfeited.
|
|win|DarioVS
|raw|Ladder updating...
|leave|bossboss
|player|p2
|raw|DarioVS's rating: 1327 &rarr; <strong>1350<\/strong><br \/>(+23 for winning)
|raw|bossboss's rating: 1372 &rarr; <strong>1349<\/strong><br \/>(-23 for losing)