|join|bossboss
|join|Reverb
|player|p1|bossboss|102
|player|p2|Reverb|#reverb
|gametype|singles
|gen|6
|tier|OU
|rated
|clearpoke
|poke|p1|Tyranitar, F
|poke|p1|Excadrill, F
|poke|p1|Gyarados, M
|poke|p1|Manectric, M
|poke|p1|Talonflame, M
|poke|p1|Celebi
|poke|p2|Sharpedo, M
|poke|p2|Heatran, M
|poke|p2|Thundurus, M
|poke|p2|Rotom-Wash
|poke|p2|Keldeo
|poke|p2|Gengar, F
|rule|Swagger Clause: Swagger is banned
|rule|Baton Pass Clause: Limit one PokÃ©mon knowing Baton Pass
|rule|Sleep Clause Mod: Limit one foe put to sleep
|rule|Species Clause: Limit one of each PokÃ©mon
|rule|OHKO Clause: OHKO moves are banned
|rule|Moody Clause: Moody is banned
|rule|Evasion Moves Clause: Evasion moves are banned
|rule|Endless Battle Clause: Forcing endless battles is banned
|rule|HP Percentage Mod: HP is shown in percentages
|teampreview
|join|Prankster
|join|squirrelll
|
|start
|switch|p1a: Tyranitar|Tyranitar, F|404\/404
|switch|p2a: Thundurus|Thundurus, M|299\/299
|-weather|Sandstorm
|turn|1
|
|switch|p1a: Celebi|Celebi|396\/396
|move|p2a: Thundurus|Superpower|p1a: Celebi
|-resisted|p1a: Celebi
|-damage|p1a: Celebi|322\/396
|-unboost|p2a: Thundurus|atk|1
|-unboost|p2a: Thundurus|def|1
|-damage|p2a: Thundurus|270\/299|[from] item: Life Orb
|
|-weather|Sandstorm|[upkeep]
|-damage|p2a: Thundurus|252\/299|[from] sandstorm
|-damage|p1a: Celebi|298\/396|[from] sandstorm
|-heal|p1a: Celebi|322\/396|[from] item: Leftovers
|turn|2
|
|switch|p1a: Tyranitar|Tyranitar, F|404\/404
|move|p2a: Thundurus|Knock Off|p1a: Tyranitar
|-resisted|p1a: Tyranitar
|-damage|p1a: Tyranitar|377\/404
|-enditem|p1a: Tyranitar|Smooth Rock|[from] move: Knock Off|[of] p2a: Thundurus
|-damage|p2a: Thundurus|223\/299|[from] item: Life Orb
|
|-weather|Sandstorm|[upkeep]
|-damage|p2a: Thundurus|205\/299|[from] sandstorm
|turn|3
|
|move|p2a: Thundurus|Superpower|p1a: Tyranitar
|-supereffective|p1a: Tyranitar
|-damage|p1a: Tyranitar|112\/404
|-unboost|p2a: Thundurus|atk|1
|-unboost|p2a: Thundurus|def|1
|-damage|p2a: Thundurus|176\/299|[from] item: Life Orb
|move|p1a: Tyranitar|Stealth Rock|p2a: Thundurus
|-sidestart|p2: Reverb|move: Stealth Rock
|
|-weather|Sandstorm|[upkeep]
|-damage|p2a: Thundurus|158\/299|[from] sandstorm
|turn|4
|join|Wruce Bayne
|
|switch|p1a: Manectric|Manectric, M|287\/287
|move|p2a: Thundurus|Thunderbolt|p1a: Manectric
|-boost|p1a: Manectric|spa|1|[from] ability: Lightning Rod
|
|-weather|Sandstorm|[upkeep]
|-damage|p2a: Thundurus|140\/299|[from] sandstorm
|-damage|p1a: Manectric|270\/287|[from] sandstorm
|turn|5
|join|prajpran
|
|move|p2a: Thundurus|Superpower|p1a: Manectric
|-damage|p1a: Manectric|154\/287
|-unboost|p2a: Thundurus|atk|1
|-unboost|p2a: Thundurus|def|1
|-damage|p2a: Thundurus|111\/299|[from] item: Life Orb
|move|p1a: Manectric|Thunderbolt|p2a: Thundurus
|-crit|p2a: Thundurus
|-damage|p2a: Thundurus|0 fnt
|faint|p2a: Thundurus
|
|-weather|Sandstorm|[upkeep]
|-damage|p1a: Manectric|137\/287|[from] sandstorm
|c| Wruce Bayne|no reason not to mega tbh
|
|switch|p2a: Keldeo|Keldeo|323\/323
|-damage|p2a: Keldeo|303\/323|[from] Stealth Rock
|turn|6
|join|yuy
|c|âReverb|yeah there is
|c| Wruce Bayne|on that play
|
|switch|p1a: Celebi|Celebi|322\/396
|move|p2a: Keldeo|Secret Sword|p1a: Celebi
|-resisted|p1a: Celebi
|-damage|p1a: Celebi|250\/396
|
|-weather|Sandstorm|[upkeep]
|-damage|p2a: Keldeo|283\/323|[from] sandstorm
|-damage|p1a: Celebi|226\/396|[from] sandstorm
|-heal|p1a: Celebi|250\/396|[from] item: Leftovers
|turn|7
|c| Wruce Bayne|he shouldve
|join|Bloodz
|c|âReverb|and take mroe damage?
|
|switch|p2a: Heatran|Heatran, M|385\/385
|-damage|p2a: Heatran|337\/385|[from] Stealth Rock
|switch|p1a: Gyarados|Gyarados, M|335\/335
|-ability|p1a: Gyarados|Intimidate|[of] p2a: Heatran
|-unboost|p2a: Heatran|atk|1
|
|-weather|Sandstorm|[upkeep]
|-damage|p1a: Gyarados|315\/335|[from] sandstorm
|-heal|p2a: Heatran|361\/385|[from] item: Leftovers
|turn|8
|c| Wruce Bayne|t bolt wouldn't kill from there
|c|âReverb|superpower
|c|âReverb|i used that
|c|âReverb|retard
|
|move|p1a: Gyarados|Dragon Dance|p1a: Gyarados
|-boost|p1a: Gyarados|atk|1
|-boost|p1a: Gyarados|spe|1
|move|p2a: Heatran|Stealth Rock|p1a: Gyarados
|-sidestart|p1: bossboss|move: Stealth Rock
|
|-weather|none
|-heal|p2a: Heatran|385\/385|[from] item: Leftovers
|turn|9
|c| Wruce Bayne|he has intimidate..
|c|âReverb|yeah
|c|âReverb|it raises my atk
|c|âReverb|cunt
|
|move|p1a: Gyarados|Waterfall|p2a: Heatran
|-supereffective|p2a: Heatran
|-damage|p2a: Heatran|11\/385
|move|p2a: Heatran|Roar|p1a: Gyarados
|drag|p1a: Talonflame|Talonflame, M|317\/317
|-damage|p1a: Talonflame|159\/317|[from] Stealth Rock
|
|-heal|p2a: Heatran|35\/385|[from] item: Leftovers
|turn|10
|c| Wruce Bayne|c u next tuesday
|c| Wruce Bayne|is what i like to say
|c|âReverb|idc
|
|move|p1a: Talonflame|Natural Gift|p2a: Heatran
|-supereffective|p2a: Heatran
|-damage|p2a: Heatran|0 fnt
|faint|p2a: Heatran
|
|
|switch|p2a: Rotom-Wash|Rotom-Wash|303\/303
|-damage|p2a: Rotom-Wash|266\/303|[from] Stealth Rock
|turn|11
|
|switch|p1a: Celebi|Celebi|250\/396
|-damage|p1a: Celebi|201\/396|[from] Stealth Rock
|move|p2a: Rotom-Wash|Volt Switch|p1a: Celebi
|-resisted|p1a: Celebi
|-damage|p1a: Celebi|154\/396
|leave|Wruce Bayne
|
|switch|p2a: Sharpedo|Sharpedo, M|281\/281
|-damage|p2a: Sharpedo|246\/281|[from] Stealth Rock
|
|-heal|p1a: Celebi|178\/396|[from] item: Leftovers
|turn|12
|
|switch|p1a: Tyranitar|Tyranitar, F|112\/404
|-damage|p1a: Tyranitar|62\/404|[from] Stealth Rock
|-weather|Sandstorm
|move|p2a: Sharpedo|Crunch|p1a: Tyranitar
|-resisted|p1a: Tyranitar
|-damage|p1a: Tyranitar|12\/404
|
|-weather|Sandstorm|[upkeep]
|-damage|p2a: Sharpedo|229\/281|[from] sandstorm
|-boost|p2a: Sharpedo|spe|1|[from] ability: Speed Boost
|turn|13
|
|move|p2a: Sharpedo|Crunch|p1a: Tyranitar
|-resisted|p1a: Tyranitar
|-damage|p1a: Tyranitar|0 fnt
|faint|p1a: Tyranitar
|
|-weather|Sandstorm|[upkeep]
|-damage|p2a: Sharpedo|212\/281|[from] sandstorm
|-boost|p2a: Sharpedo|spe|1|[from] ability: Speed Boost
|
|switch|p1a: Talonflame|Talonflame, M|159\/317
|-damage|p1a: Talonflame|1\/317|[from] Stealth Rock
|turn|14
|
|move|p2a: Sharpedo|Aqua Jet|p1a: Talonflame
|-supereffective|p1a: Talonflame
|-damage|p1a: Talonflame|0 fnt
|faint|p1a: Talonflame
|
|-weather|Sandstorm|[upkeep]
|-damage|p2a: Sharpedo|195\/281|[from] sandstorm
|-boost|p2a: Sharpedo|spe|1|[from] ability: Speed Boost
|
|switch|p1a: Gyarados|Gyarados, M|315\/335
|-damage|p1a: Gyarados|232\/335|[from] Stealth Rock
|-ability|p1a: Gyarados|Intimidate|[of] p2a: Sharpedo
|-unboost|p2a: Sharpedo|atk|1
|turn|15
|
|switch|p2a: Rotom-Wash|Rotom-Wash|266\/303
|-damage|p2a: Rotom-Wash|229\/303|[from] Stealth Rock
|detailschange|p1a: Gyarados|Gyarados-Mega, M
|message|Gyarados has Mega Evolved into Mega Gyarados!
|-ability|p1a: Gyarados|Mold Breaker
|move|p1a: Gyarados|Dragon Dance|p1a: Gyarados
|-boost|p1a: Gyarados|atk|1
|-boost|p1a: Gyarados|spe|1
|
|-weather|Sandstorm|[upkeep]
|-damage|p1a: Gyarados|212\/335|[from] sandstorm
|-damage|p2a: Rotom-Wash|211\/303|[from] sandstorm
|-heal|p2a: Rotom-Wash|229\/303|[from] item: Leftovers
|turn|16
|
|move|p1a: Gyarados|Earthquake|p2a: Rotom-Wash
|-supereffective|p2a: Rotom-Wash
|-damage|p2a: Rotom-Wash|0 fnt
|faint|p2a: Rotom-Wash
|
|-weather|none
|
|switch|p2a: Keldeo|Keldeo|283\/323
|-damage|p2a: Keldeo|263\/323|[from] Stealth Rock
|turn|17
|
|switch|p1a: Manectric|Manectric, M|137\/287
|-damage|p1a: Manectric|102\/287|[from] Stealth Rock
|move|p2a: Keldeo|Secret Sword|p1a: Manectric
|-crit|p1a: Manectric
|-damage|p1a: Manectric|0 fnt
|faint|p1a: Manectric
|
|
|switch|p1a: Celebi|Celebi|178\/396
|-damage|p1a: Celebi|129\/396|[from] Stealth Rock
|turn|18
|
|switch|p2a: Gengar|Gengar, F|261\/261
|-damage|p2a: Gengar|229\/261|[from] Stealth Rock
|move|p1a: Celebi|Psychic|p2a: Gengar
|-supereffective|p2a: Gengar
|-damage|p2a: Gengar|0 fnt
|faint|p2a: Gengar
|
|-heal|p1a: Celebi|153\/396|[from] item: Leftovers
|
|switch|p2a: Sharpedo|Sharpedo, M|195\/281
|-damage|p2a: Sharpedo|160\/281|[from] Stealth Rock
|turn|19
|
|switch|p1a: Excadrill|Excadrill, F|362\/362
|-damage|p1a: Excadrill|351\/362|[from] Stealth Rock
|move|p2a: Sharpedo|Crunch|p1a: Excadrill
|-damage|p1a: Excadrill|128\/362
|
|-boost|p2a: Sharpedo|spe|1|[from] ability: Speed Boost
|turn|20
|
|move|p2a: Sharpedo|Aqua Jet|p1a: Excadrill
|-supereffective|p1a: Excadrill
|-damage|p1a: Excadrill|0 fnt
|faint|p1a: Excadrill
|
|-boost|p2a: Sharpedo|spe|1|[from] ability: Speed Boost
|join|UpperLadderStall
|
|switch|p1a: Gyarados|Gyarados-Mega, M|212\/335
|-damage|p1a: Gyarados|171\/335|[from] Stealth Rock
|-ability|p1a: Gyarados|Mold Breaker
|turn|21
|
|switch|p2a: Keldeo|Keldeo|263\/323
|-damage|p2a: Keldeo|243\/323|[from] Stealth Rock
|move|p1a: Gyarados|Dragon Dance|p1a: Gyarados
|-boost|p1a: Gyarados|atk|1
|-boost|p1a: Gyarados|spe|1
|
|turn|22
|
|switch|p1a: Celebi|Celebi|153\/396
|-damage|p1a: Celebi|104\/396|[from] Stealth Rock
|move|p2a: Keldeo|Secret Sword|p1a: Celebi
|-resisted|p1a: Celebi
|-damage|p1a: Celebi|35\/396
|
|-heal|p1a: Celebi|59\/396|[from] item: Leftovers
|turn|23
|c|âbossboss|fuck
|c|âbossboss|why did that do so much
|
|move|p2a: Keldeo|Secret Sword|p1a: Celebi
|-resisted|p1a: Celebi
|-damage|p1a: Celebi|0 fnt
|faint|p1a: Celebi
|
|c|âReverb|gg
|
|switch|p1a: Gyarados|Gyarados-Mega, M|171\/335
|-damage|p1a: Gyarados|130\/335|[from] Stealth Rock
|-ability|p1a: Gyarados|Mold Breaker
|turn|24
|c|âbossboss|gg kid
|
|move|p2a: Keldeo|Secret Sword|p1a: Gyarados
|-supereffective|p1a: Gyarados
|-damage|p1a: Gyarados|0 fnt
|faint|p1a: Gyarados
|
|win|Reverb
|raw|Ladder updating...
|raw|bossboss's rating: 1694 &rarr; <strong>1671<\/strong><br \/>(-23 for losing)
|raw|Reverb's rating: 1637 &rarr; <strong>1660<\/strong><br \/>(+23 for winning)
|leave|bossboss
|player|p1