|join|bossboss
|join|Reverb
|player|p1|bossboss|101
|player|p2|Reverb|#reverb
|gametype|singles
|gen|6
|tier|OU
|rated
|clearpoke
|poke|p1|Greninja, F
|poke|p1|Bisharp, M
|poke|p1|Garchomp, F
|poke|p1|Talonflame, M
|poke|p1|Keldeo
|poke|p1|Gardevoir, M
|poke|p2|Empoleon, M
|poke|p2|Tyranitar, F
|poke|p2|Charizard, M
|poke|p2|Keldeo
|poke|p2|Kyurem-Black
|poke|p2|Landorus-Therian, M
|rule|Swagger Clause: Swagger is banned
|rule|Baton Pass Clause: Limit one PokÃ©mon knowing Baton Pass
|rule|Sleep Clause Mod: Limit one foe put to sleep
|rule|Species Clause: Limit one of each PokÃ©mon
|rule|OHKO Clause: OHKO moves are banned
|rule|Moody Clause: Moody is banned
|rule|Evasion Moves Clause: Evasion moves are banned
|rule|Endless Battle Clause: Forcing endless battles is banned
|rule|HP Percentage Mod: HP is shown in percentages
|teampreview
|join|Disorient
|join|praj.pran
|
|start
|switch|p1a: Gardevoir|Gardevoir, M|277\/277
|switch|p2a: Keldeo|Keldeo|323\/323
|-ability|p1a: Gardevoir|Justified|[from] ability: Trace|[of] p2a: Keldeo
|turn|1
|join|craing _;
|
|detailschange|p1a: Gardevoir|Gardevoir-Mega, M
|message|Gardevoir has Mega Evolved into Mega Gardevoir!
|move|p2a: Keldeo|Hydro Pump|p1a: Gardevoir
|-damage|p1a: Gardevoir|55\/277
|move|p1a: Gardevoir|Hyper Voice|p2a: Keldeo
|-supereffective|p2a: Keldeo
|-damage|p2a: Keldeo|0 fnt
|faint|p2a: Keldeo
|
|
|switch|p2a: Landorus-Therian|Landorus-Therian, M|327\/327
|-ability|p2a: Landorus-Therian|Intimidate|[of] p1a: Gardevoir
|-unboost|p1a: Gardevoir|atk|1
|turn|2
|join|haunter
|
|switch|p1a: Garchomp|Garchomp, F|358\/358
|move|p2a: Landorus-Therian|U-turn|p1a: Garchomp
|-damage|p1a: Garchomp|263\/358
|-damage|p2a: Landorus-Therian|287\/327|[from] ability: Rough Skin|[of] p1a: Garchomp
|-damage|p2a: Landorus-Therian|233\/327|[from] item: Rocky Helmet|[of] p1a: Garchomp
|
|switch|p2a: Kyurem-Black|Kyurem-Black|391\/391
|-ability|p2a: Kyurem-Black|Teravolt
|
|turn|3
|
|switch|p1a: Bisharp|Bisharp, M|272\/272
|move|p2a: Kyurem-Black|Ice Beam|p1a: Bisharp
|-resisted|p1a: Bisharp
|-damage|p1a: Bisharp|185\/272
|
|turn|4
|join|agsdgag
|
|switch|p2a: Charizard|Charizard, M|297\/297
|move|p1a: Bisharp|Knock Off|p2a: Charizard
|-damage|p2a: Charizard|125\/297
|-damage|p1a: Bisharp|158\/272|[from] item: Life Orb
|
|turn|5
|
|move|p2a: Charizard|Roost|p2a: Charizard
|-heal|p2a: Charizard|274\/297
|move|p1a: Bisharp|Knock Off|p2a: Charizard
|-damage|p2a: Charizard|97\/297
|-damage|p1a: Bisharp|131\/272|[from] item: Life Orb
|
|turn|6
|
|detailschange|p2a: Charizard|Charizard-Mega-Y, M
|message|Charizard has Mega Evolved into Mega Charizard!
|-weather|SunnyDay
|move|p2a: Charizard|Roost|p2a: Charizard
|-heal|p2a: Charizard|246\/297
|move|p1a: Bisharp|Knock Off|p2a: Charizard
|-damage|p2a: Charizard|67\/297
|-damage|p1a: Bisharp|104\/272|[from] item: Life Orb
|
|-weather|SunnyDay|[upkeep]
|turn|7
|
|move|p2a: Charizard|Roost|p2a: Charizard
|-heal|p2a: Charizard|216\/297
|move|p1a: Bisharp|Knock Off|p2a: Charizard
|-damage|p2a: Charizard|43\/297
|-damage|p1a: Bisharp|77\/272|[from] item: Life Orb
|
|-weather|SunnyDay|[upkeep]
|turn|8
|
|switch|p1a: Garchomp|Garchomp, F|263\/358
|move|p2a: Charizard|Solar Beam|p1a: Garchomp|[still]
|-prepare|p2a: Charizard|Solar Beam|p1a: Garchomp
|-anim|p2a: Charizard|Solar Beam|p1a: Garchomp
|-damage|p1a: Garchomp|82\/358
|
|-weather|SunnyDay|[upkeep]
|turn|9
|
|move|p1a: Garchomp|Stealth Rock|p2a: Charizard
|-sidestart|p2: Reverb|move: Stealth Rock
|move|p2a: Charizard|Fire Blast|p1a: Garchomp
|-resisted|p1a: Garchomp
|-damage|p1a: Garchomp|0 fnt
|faint|p1a: Garchomp
|
|-weather|SunnyDay|[upkeep]
|c| praj.pran|play'
|
|switch|p1a: Talonflame|Talonflame, M|317\/317
|turn|10
|
|switch|p2a: Tyranitar|Tyranitar, F|383\/383
|-damage|p2a: Tyranitar|336\/383|[from] Stealth Rock
|-weather|Sandstorm
|move|p1a: Talonflame|Swords Dance|p1a: Talonflame
|-boost|p1a: Talonflame|atk|2
|
|-weather|Sandstorm|[upkeep]
|-damage|p1a: Talonflame|298\/317|[from] sandstorm
|turn|11
|
|switch|p1a: Keldeo|Keldeo|323\/323
|move|p2a: Tyranitar|Stone Edge|p1a: Keldeo|[miss]
|-miss|p2a: Tyranitar|p1a: Keldeo
|
|-weather|Sandstorm|[upkeep]
|-damage|p1a: Keldeo|303\/323|[from] sandstorm
|turn|12
|
|switch|p2a: Charizard|Charizard-Mega-Y, M|43\/297
|-damage|p2a: Charizard|0 fnt|[from] Stealth Rock
|faint|p2a: Charizard
|move|p1a: Keldeo|Secret Sword|p2: Charizard|[notarget]
|-notarget
|
|-weather|Sandstorm|[upkeep]
|-damage|p1a: Keldeo|283\/323|[from] sandstorm
|
|switch|p2a: Landorus-Therian|Landorus-Therian, M|233\/327
|-damage|p2a: Landorus-Therian|193\/327|[from] Stealth Rock
|-ability|p2a: Landorus-Therian|Intimidate|[of] p1a: Keldeo
|-unboost|p1a: Keldeo|atk|1
|turn|13
|
|switch|p1a: Talonflame|Talonflame, M|298\/317
|move|p2a: Landorus-Therian|Explosion|p1a: Talonflame
|-damage|p1a: Talonflame|0 fnt
|faint|p2a: Landorus-Therian
|faint|p1a: Talonflame
|
|-weather|Sandstorm|[upkeep]
|
|switch|p1a: Gardevoir|Gardevoir-Mega, M|55\/277
|switch|p2a: Empoleon|Empoleon, M|372\/372
|-damage|p2a: Empoleon|349\/372|[from] Stealth Rock
|turn|14
|
|move|p1a: Gardevoir|Taunt|p2a: Empoleon
|-start|p2a: Empoleon|move: Taunt
|cant|p2a: Empoleon|move: Taunt|Defog
|
|-weather|none
|-heal|p2a: Empoleon|372\/372|[from] item: Leftovers
|turn|15
|
|move|p1a: Gardevoir|Focus Blast|p2a: Empoleon
|-supereffective|p2a: Empoleon
|-damage|p2a: Empoleon|24\/372
|move|p2a: Empoleon|Scald|p1a: Gardevoir
|-damage|p1a: Gardevoir|0 fnt
|faint|p1a: Gardevoir
|
|-heal|p2a: Empoleon|47\/372|[from] item: Leftovers
|
|switch|p1a: Greninja|Greninja, F|285\/285
|turn|16
|c| agsdgag|are you scarf kyurem-nog
|
|move|p1a: Greninja|Dark Pulse|p2a: Empoleon
|-start|p1a: Greninja|typechange|Dark|[from] Protean
|-damage|p2a: Empoleon|0 fnt
|-damage|p1a: Greninja|257\/285|[from] item: Life Orb
|faint|p2a: Empoleon
|
|
|switch|p2a: Tyranitar|Tyranitar, F|336\/383
|-damage|p2a: Tyranitar|289\/383|[from] Stealth Rock
|-weather|Sandstorm
|turn|17
|
|move|p1a: Greninja|Hydro Pump|p2a: Tyranitar
|-start|p1a: Greninja|typechange|Water|[from] Protean
|-supereffective|p2a: Tyranitar
|-damage|p2a: Tyranitar|0 fnt
|-damage|p1a: Greninja|229\/285|[from] item: Life Orb
|faint|p2a: Tyranitar
|
|-weather|Sandstorm|[upkeep]
|-damage|p1a: Greninja|212\/285|[from] sandstorm
|
|switch|p2a: Kyurem-Black|Kyurem-Black|391\/391
|-damage|p2a: Kyurem-Black|294\/391|[from] Stealth Rock
|-ability|p2a: Kyurem-Black|Teravolt
|turn|18
|c|âbossboss|IT DOESNT MATTER
|c|âbossboss|if hes scarf hyurem-nog
|
|move|p2a: Kyurem-Black|Fusion Bolt|p1a: Greninja
|-supereffective|p1a: Greninja
|-damage|p1a: Greninja|0 fnt
|faint|p1a: Greninja
|
|-weather|Sandstorm|[upkeep]
|-damage|p2a: Kyurem-Black|270\/391|[from] sandstorm
|
|switch|p1a: Keldeo|Keldeo|283\/323
|turn|19
|
|move|p2a: Kyurem-Black|Fusion Bolt|p1a: Keldeo
|-supereffective|p1a: Keldeo
|-damage|p1a: Keldeo|0 fnt
|faint|p1a: Keldeo
|
|-weather|Sandstorm|[upkeep]
|-damage|p2a: Kyurem-Black|246\/391|[from] sandstorm
|c| praj.pran|gg
|c| agsdgag|it doesnt?
|c|âbossboss|ok prolly matters!
|
|switch|p1a: Bisharp|Bisharp, M|77\/272
|turn|20
|c|âReverb|which one of you is nog?
|c| agsdgag|neither
|
|move|p1a: Bisharp|Sucker Punch|p2a: Kyurem-Black
|-damage|p2a: Kyurem-Black|74\/391
|-damage|p1a: Bisharp|50\/272|[from] item: Life Orb
|move|p2a: Kyurem-Black|Fusion Bolt|p1a: Bisharp
|-damage|p1a: Bisharp|0 fnt
|faint|p1a: Bisharp
|
|win|Reverb
|raw|Ladder updating...
|raw|bossboss's rating: 1585 &rarr; <strong>1574<\/strong><br \/>(-11 for losing)
|raw|Reverb's rating: 1754 &rarr; <strong>1765<\/strong><br \/>(+11 for winning)
|c|âReverb|gg wp
|leave|praj.pran
|c| agsdgag|hm weird how it didnt matter
|c|âbossboss|GG
|leave|Disorient
|leave|bossboss
|player|p1
|leave|haunter
|leave|agsdgag