|join|SciresM
|join|bossboss
|player|p1|SciresM|170
|player|p2|bossboss|170
|gametype|singles
|gen|6
|tier|OU
|rated
|clearpoke
|poke|p1|Azelf
|poke|p1|Scolipede, F
|poke|p1|Espeon, M
|poke|p1|Whimsicott, F
|poke|p1|Charizard, M
|poke|p1|Talonflame, M
|poke|p2|Celebi
|poke|p2|Heracross, F
|poke|p2|Uxie
|poke|p2|Azumarill, M
|poke|p2|Crawdaunt, M
|poke|p2|Cresselia, F
|rule|Swagger Clause: Swagger is banned
|rule|Baton Pass Clause: Limit one PokÃ©mon knowing Baton Pass
|rule|Sleep Clause Mod: Limit one foe put to sleep
|rule|Species Clause: Limit one of each PokÃ©mon
|rule|OHKO Clause: OHKO moves are banned
|rule|Moody Clause: Moody is banned
|rule|Evasion Moves Clause: Evasion moves are banned
|rule|Endless Battle Clause: Forcing endless battles is banned
|rule|HP Percentage Mod: HP is shown in percentages
|teampreview
|
|start
|switch|p1a: Whimsicott|Whimsicott, F|323\/323
|switch|p2a: Uxie|Uxie|354\/354
|turn|1
|
|move|p2a: Uxie|Magic Coat|p2a: Uxie
|-singleturn|p2a: Uxie|move: Magic Coat
|move|p1a: Whimsicott|Memento|p2a: Uxie
|-unboost|p2a: Uxie|atk|2
|-unboost|p2a: Uxie|spa|2
|faint|p1a: Whimsicott
|
|
|switch|p1a: Scolipede|Scolipede, F|323\/323
|turn|2
|
|move|p1a: Scolipede|Substitute|p1a: Scolipede
|-start|p1a: Scolipede|Substitute
|-damage|p1a: Scolipede|243\/323
|move|p2a: Uxie|Stealth Rock|p1a: Scolipede
|-sidestart|p1: SciresM|move: Stealth Rock
|
|-boost|p1a: Scolipede|spe|1|[from] ability: Speed Boost
|turn|3
|
|move|p1a: Scolipede|Iron Defense|p1a: Scolipede
|-boost|p1a: Scolipede|def|2
|move|p2a: Uxie|Trick Room|p2a: Uxie
|-fieldstart|move: Trick Room|[of] p2a: Uxie
|
|-boost|p1a: Scolipede|spe|1|[from] ability: Speed Boost
|turn|4
|
|switch|p2a: Heracross|Heracross, F|364\/364
|move|p1a: Scolipede|Baton Pass|p1a: Scolipede
|
|switch|p1a: Espeon|Espeon, M|334\/334
|-damage|p1a: Espeon|293\/334|[from] Stealth Rock
|
|-heal|p1a: Espeon|313\/334|[from] item: Leftovers
|turn|5
|c|âbossboss|yeah, this ones over kid
|c|âSciresM|Oh?
|
|switch|p2a: Celebi|Celebi|404\/404
|move|p1a: Espeon|Stored Power|p2a: Celebi
|-resisted|p2a: Celebi
|-damage|p2a: Celebi|347\/404
|
|-heal|p2a: Celebi|372\/404|[from] item: Leftovers
|-heal|p1a: Espeon|333\/334|[from] item: Leftovers
|turn|6
|c|âSciresM|How do you figure?
|
|move|p2a: Celebi|Perish Song|p2a: Celebi
|-fieldactivate|move: Perish Song
|move|p1a: Espeon|Calm Mind|p1a: Espeon
|-boost|p1a: Espeon|spa|1
|-boost|p1a: Espeon|spd|1
|
|-start|p2a: Celebi|perish3
|-start|p1a: Espeon|perish3
|-heal|p2a: Celebi|397\/404|[from] item: Leftovers
|-heal|p1a: Espeon|334\/334|[from] item: Leftovers
|turn|7
|c|âSciresM|Ah, p song, nice
|
|switch|p2a: Cresselia|Cresselia, F|444\/444
|move|p1a: Espeon|Calm Mind|p1a: Espeon
|-boost|p1a: Espeon|spa|1
|-boost|p1a: Espeon|spd|1
|
|-start|p1a: Espeon|perish2
|-fieldend|move: Trick Room
|turn|8
|
|switch|p1a: Azelf|Azelf|292\/292
|-damage|p1a: Azelf|256\/292|[from] Stealth Rock
|move|p2a: Cresselia|Trick Room|p2a: Cresselia
|-fieldstart|move: Trick Room|[of] p2a: Cresselia
|
|turn|9
|
|switch|p2a: Heracross|Heracross, F|364\/364
|move|p1a: Azelf|Stealth Rock|p2a: Heracross
|-sidestart|p2: bossboss|move: Stealth Rock
|
|turn|10
|
|detailschange|p2a: Heracross|Heracross-Mega, F
|-mega|p2a: Heracross|Heracross|Heracronite
|move|p2a: Heracross|Pin Missile|p1a: Azelf
|-supereffective|p1a: Azelf
|-damage|p1a: Azelf|74\/292
|-supereffective|p1a: Azelf
|-damage|p1a: Azelf|0 fnt
|-hitcount|p1a: Azelf|2
|faint|p1a: Azelf
|
|
|switch|p1a: Talonflame|Talonflame, M|359\/359
|-damage|p1a: Talonflame|180\/359|[from] Stealth Rock
|turn|11
|
|switch|p2a: Cresselia|Cresselia, F|444\/444
|-damage|p2a: Cresselia|389\/444|[from] Stealth Rock
|move|p1a: Talonflame|Bulk Up|p1a: Talonflame
|-boost|p1a: Talonflame|atk|1
|-boost|p1a: Talonflame|def|1
|
|-heal|p1a: Talonflame|202\/359|[from] item: Leftovers
|turn|12
|
|move|p2a: Cresselia|Psychic|p1a: Talonflame
|-damage|p1a: Talonflame|132\/359
|move|p1a: Talonflame|Taunt|p2a: Cresselia
|-start|p2a: Cresselia|move: Taunt
|
|-heal|p1a: Talonflame|154\/359|[from] item: Leftovers
|-fieldend|move: Trick Room
|turn|13
|
|move|p1a: Talonflame|Roost|p1a: Talonflame
|-heal|p1a: Talonflame|334\/359
|move|p2a: Cresselia|Psychic|p1a: Talonflame
|-damage|p1a: Talonflame|262\/359
|
|-heal|p1a: Talonflame|284\/359|[from] item: Leftovers
|turn|14
|join|Smogon Prof.
|
|move|p1a: Talonflame|Bulk Up|p1a: Talonflame
|-boost|p1a: Talonflame|atk|1
|-boost|p1a: Talonflame|def|1
|move|p2a: Cresselia|Psychic|p1a: Talonflame
|-damage|p1a: Talonflame|212\/359
|
|-heal|p1a: Talonflame|234\/359|[from] item: Leftovers
|turn|15
|
|move|p1a: Talonflame|Bulk Up|p1a: Talonflame
|-boost|p1a: Talonflame|atk|1
|-boost|p1a: Talonflame|def|1
|move|p2a: Cresselia|Psychic|p1a: Talonflame
|-damage|p1a: Talonflame|161\/359
|
|-heal|p1a: Talonflame|183\/359|[from] item: Leftovers
|-end|p2a: Cresselia|move: Taunt
|turn|16
|
|move|p1a: Talonflame|Taunt|p2a: Cresselia
|-start|p2a: Cresselia|move: Taunt
|move|p2a: Cresselia|Psychic|p1a: Talonflame
|-damage|p1a: Talonflame|102\/359
|
|-heal|p1a: Talonflame|124\/359|[from] item: Leftovers
|turn|17
|
|move|p1a: Talonflame|Roost|p1a: Talonflame
|-heal|p1a: Talonflame|304\/359
|move|p2a: Cresselia|Psychic|p1a: Talonflame
|-damage|p1a: Talonflame|223\/359
|
|-heal|p1a: Talonflame|245\/359|[from] item: Leftovers
|turn|18
|
|move|p1a: Talonflame|Bulk Up|p1a: Talonflame
|-boost|p1a: Talonflame|atk|1
|-boost|p1a: Talonflame|def|1
|move|p2a: Cresselia|Psychic|p1a: Talonflame
|-damage|p1a: Talonflame|170\/359
|
|-heal|p1a: Talonflame|192\/359|[from] item: Leftovers
|-end|p2a: Cresselia|move: Taunt
|turn|19
|
|move|p1a: Talonflame|Taunt|p2a: Cresselia
|-start|p2a: Cresselia|move: Taunt
|cant|p2a: Cresselia|move: Taunt|Trick Room
|
|-heal|p1a: Talonflame|214\/359|[from] item: Leftovers
|turn|20
|c|âSciresM|crits don't real btw
|
|move|p1a: Talonflame|Bulk Up|p1a: Talonflame
|-boost|p1a: Talonflame|atk|1
|-boost|p1a: Talonflame|def|1
|move|p2a: Cresselia|Psychic|p1a: Talonflame
|-damage|p1a: Talonflame|144\/359
|
|-heal|p1a: Talonflame|166\/359|[from] item: Leftovers
|turn|21
|c|âbossboss|one dorp
|c|âbossboss|is all
|c|âbossboss|i need
|
|move|p1a: Talonflame|Roost|p1a: Talonflame
|-heal|p1a: Talonflame|346\/359
|move|p2a: Cresselia|Psychic|p1a: Talonflame
|-damage|p1a: Talonflame|276\/359
|
|-heal|p1a: Talonflame|298\/359|[from] item: Leftovers
|-end|p2a: Cresselia|move: Taunt
|turn|22
|c|âbossboss|lucky bo
|c|âbossboss|y
|
|move|p1a: Talonflame|Taunt|p2a: Cresselia
|-start|p2a: Cresselia|move: Taunt
|move|p2a: Cresselia|Psychic|p1a: Talonflame
|-damage|p1a: Talonflame|223\/359
|
|-heal|p1a: Talonflame|245\/359|[from] item: Leftovers
|turn|23
|c|âSciresM|let me assure you
|c|âSciresM|I am lucky as fuck.
|
|move|p1a: Talonflame|Bulk Up|p1a: Talonflame
|-boost|p1a: Talonflame|atk|1
|-boost|p1a: Talonflame|def|1
|move|p2a: Cresselia|Psychic|p1a: Talonflame
|-damage|p1a: Talonflame|164\/359
|
|-heal|p1a: Talonflame|186\/359|[from] item: Leftovers
|turn|24
|c|âbossboss|i am seeing this
|
|move|p1a: Talonflame|Roost|p1a: Talonflame
|-heal|p1a: Talonflame|359\/359
|move|p2a: Cresselia|Psychic|p1a: Talonflame
|-damage|p1a: Talonflame|287\/359
|
|-heal|p1a: Talonflame|309\/359|[from] item: Leftovers
|-end|p2a: Cresselia|move: Taunt
|turn|25
|
|move|p1a: Talonflame|Taunt|p2a: Cresselia
|-start|p2a: Cresselia|move: Taunt
|move|p2a: Cresselia|Psychic|p1a: Talonflame
|-damage|p1a: Talonflame|230\/359
|
|-heal|p1a: Talonflame|252\/359|[from] item: Leftovers
|turn|26
|
|move|p1a: Talonflame|Brave Bird|p2a: Cresselia
|-crit|p2a: Cresselia
|-damage|p2a: Cresselia|0 fnt
|-damage|p1a: Talonflame|193\/359|[from] item: Rocky Helmet|[of] p2a: Cresselia
|-damage|p1a: Talonflame|65\/359|[from] recoil|[of] p2a: Cresselia
|faint|p2a: Cresselia
|
|-heal|p1a: Talonflame|87\/359|[from] item: Leftovers
|c|âSciresM|Like I said.
|c|âSciresM|I get lucky.
|
|switch|p2a: Crawdaunt|Crawdaunt, M|329\/329
|-damage|p2a: Crawdaunt|288\/329|[from] Stealth Rock
|turn|27
|c|âSciresM|That's pretty much my MO.
|c|âbossboss|i still got this
|c| Smogon Prof.|4x Atk and Def, just wow.
|
|move|p1a: Talonflame|Roost|p1a: Talonflame
|-heal|p1a: Talonflame|267\/359
|move|p2a: Crawdaunt|Crabhammer|p1a: Talonflame|[miss]
|-miss|p2a: Crawdaunt|p1a: Talonflame
|
|-heal|p1a: Talonflame|289\/359|[from] item: Leftovers
|turn|28
|c|âbossboss|ah
|c|âSciresM|I get really, really lucky.
|c| Smogon Prof.|SciresM, I think at that point, it's extravagantly excessive.
|
|move|p1a: Talonflame|Brave Bird|p2a: Crawdaunt
|-damage|p2a: Crawdaunt|0 fnt
|-damage|p1a: Talonflame|194\/359|[from] recoil|[of] p2a: Crawdaunt
|faint|p2a: Crawdaunt
|
|-heal|p1a: Talonflame|216\/359|[from] item: Leftovers
|-message|bossboss forfeited.
|
|win|SciresM
|raw|Ladder updating...
|leave|bossboss
|player|p2
|c|âSciresM|gg ;)
|raw|SciresM's rating: 1602 &rarr; <strong>1625<\/strong><br \/>(+23 for winning)
|raw|bossboss's rating: 1643 &rarr; <strong>1621<\/strong><br \/>(-22 for losing)
|leave|Smogon Prof.