|join|Master Saur'D
|join|bossboss
|player|p1|Master Saur'D|163
|player|p2|bossboss|170
|gametype|singles
|gen|6
|tier|OU
|rated
|clearpoke
|poke|p1|Gliscor, M
|poke|p1|Charizard, F
|poke|p1|Greninja, F
|poke|p1|Slowbro, M
|poke|p1|Ferrothorn, M
|poke|p1|Scizor, F
|poke|p2|Azumarill, M
|poke|p2|Excadrill, F
|poke|p2|Thundurus, M
|poke|p2|Breloom, F
|poke|p2|Clefable, M
|poke|p2|Gardevoir, M
|rule|Sleep Clause Mod: Limit one foe put to sleep
|rule|Species Clause: Limit one of each Pokemon
|rule|OHKO Clause: OHKO moves are banned
|rule|Moody Clause: Moody is banned
|rule|Evasion Moves Clause: Evasion moves are banned
|rule|Endless Battle Clause: Forcing endless battles is banned.
|rule|HP Percentage Mod: HP is reported as percentages
|teampreview
|
|start
|switch|p1a: Greninja|Greninja, F|285\/285
|switch|p2a: Breloom|Breloom, F|261\/261
|turn|1
|
|switch|p1a: Gliscor|Gliscor, M|353\/353
|move|p2a: Breloom|Spore|p1a: Gliscor
|-status|p1a: Gliscor|slp
|
|turn|2
|
|move|p2a: Breloom|Bullet Seed|p1a: Gliscor
|-damage|p1a: Gliscor|313\/353 slp
|-damage|p1a: Gliscor|268\/353 slp
|-damage|p1a: Gliscor|222\/353 slp
|-damage|p1a: Gliscor|183\/353 slp
|-damage|p1a: Gliscor|141\/353 slp
|-hitcount|p1a: Gliscor|5
|cant|p1a: Gliscor|slp
|
|turn|3
|
|switch|p2a: Excadrill|Excadrill, F|361\/361
|-ability|p2a: Excadrill|Mold Breaker
|switch|p1a: Ferrothorn|Ferrothorn, M|352\/352
|
|turn|4
|
|switch|p1a: Slowbro|Slowbro, M|394\/394
|move|p2a: Excadrill|Stealth Rock|p1a: Slowbro
|-sidestart|p1: Master Saur'D|move: Stealth Rock
|
|turn|5
|
|switch|p2a: Gardevoir|Gardevoir, M|277\/277
|move|p1a: Slowbro|Scald|p2a: Gardevoir
|-damage|p2a: Gardevoir|199\/277
|
|turn|6
|
|-formechange|p2a: Gardevoir|Gardevoir-Mega
|message|Gardevoir has Mega Evolved into Mega Gardevoir!
|move|p2a: Gardevoir|Hyper Voice|p1a: Slowbro
|-damage|p1a: Slowbro|120\/394
|move|p1a: Slowbro|Thunder Wave|p2a: Gardevoir
|-status|p2a: Gardevoir|par
|
|-heal|p1a: Slowbro|144\/394|[from] item: Leftovers
|turn|7
|
|switch|p1a: Gliscor|Gliscor, M|141\/353 slp
|-damage|p1a: Gliscor|97\/353 slp|[from] Stealth Rock
|switch|p2a: Excadrill|Excadrill, F|361\/361
|-ability|p2a: Excadrill|Mold Breaker
|
|turn|8
|
|-curestatus|p1a: Gliscor|slp
|move|p1a: Gliscor|Protect|p1a: Gliscor
|-singleturn|p1a: Gliscor|Protect
|move|p2a: Excadrill|Iron Head|p1a: Gliscor
|-activate|p1a: Gliscor|Protect
|
|-activate|p1a: Gliscor|item: Toxic Orb
|-status|p1a: Gliscor|tox
|turn|9
|
|switch|p2a: Thundurus|Thundurus, M|298\/298
|switch|p1a: Slowbro|Slowbro, M|275\/394
|-damage|p1a: Slowbro|226\/394|[from] Stealth Rock
|
|-heal|p1a: Slowbro|250\/394|[from] item: Leftovers
|turn|10
|
|switch|p1a: Ferrothorn|Ferrothorn, M|352\/352
|-damage|p1a: Ferrothorn|330\/352|[from] Stealth Rock
|move|p2a: Thundurus|Knock Off|p1a: Ferrothorn
|-damage|p1a: Ferrothorn|261\/352
|-damage|p2a: Thundurus|261\/298|[from] ability: Iron Barbs|[of] p1a: Ferrothorn
|-damage|p2a: Thundurus|212\/298|[from] item: Rocky Helmet|[of] p1a: Ferrothorn
|-enditem|p1a: Ferrothorn|Rocky Helmet|[from] move: Knock Off|[of] p2a: Thundurus
|-damage|p2a: Thundurus|183\/298|[from] item: Life Orb
|
|turn|11
|
|switch|p2a: Excadrill|Excadrill, F|361\/361
|-ability|p2a: Excadrill|Mold Breaker
|move|p1a: Ferrothorn|Gyro Ball|p2a: Excadrill
|-resisted|p2a: Excadrill
|-damage|p2a: Excadrill|227\/361
|
|turn|12
|
|move|p2a: Excadrill|Earthquake|p1a: Ferrothorn
|-damage|p1a: Ferrothorn|113\/352
|-damage|p2a: Excadrill|191\/361|[from] item: Life Orb
|move|p1a: Ferrothorn|Power Whip|p2a: Excadrill
|-damage|p2a: Excadrill|0 fnt
|faint|p2a: Excadrill
|
|
|switch|p2a: Thundurus|Thundurus, M|183\/298
|turn|13
|
|move|p2a: Thundurus|Hidden Power|p1a: Ferrothorn
|-damage|p1a: Ferrothorn|0 fnt
|-damage|p2a: Thundurus|154\/298|[from] item: Life Orb
|faint|p1a: Ferrothorn
|
|
|switch|p1a: Scizor|Scizor, F|333\/333
|-damage|p1a: Scizor|292\/333|[from] Stealth Rock
|turn|14
|
|move|p2a: Thundurus|Thunderbolt|p1a: Scizor
|-damage|p1a: Scizor|45\/333
|-damage|p2a: Thundurus|125\/298|[from] item: Life Orb
|move|p1a: Scizor|Defog|p2a: Thundurus
|-unboost|p2a: Thundurus|evasion|1
|-boost|p2a: Thundurus|atk|2|[from] ability: Defiant
|-sideend|p1: Master Saur'D|Stealth Rock|[from] move: Defog|[of] p1a: Scizor
|
|-heal|p1a: Scizor|65\/333|[from] item: Leftovers
|turn|15
|
|switch|p1a: Gliscor|Gliscor, M|97\/353 tox
|move|p2a: Thundurus|Knock Off|p1a: Gliscor
|-damage|p1a: Gliscor|0 fnt
|-damage|p2a: Thundurus|96\/298|[from] item: Life Orb
|faint|p1a: Gliscor
|
|
|switch|p1a: Greninja|Greninja, F|285\/285
|turn|16
|
|switch|p2a: Clefable|Clefable, M|394\/394
|-start|p1a: Greninja|typechange|Ice|[from] Protean
|move|p1a: Greninja|Ice Beam|p2a: Clefable
|-damage|p2a: Clefable|255\/394
|
|turn|17
|
|switch|p1a: Slowbro|Slowbro, M|381\/394
|move|p2a: Clefable|Soft-Boiled|p2a: Clefable
|-heal|p2a: Clefable|394\/394
|
|-heal|p1a: Slowbro|394\/394|[from] item: Leftovers
|turn|18
|
|move|p2a: Clefable|Calm Mind|p2a: Clefable
|-boost|p2a: Clefable|spa|1
|-boost|p2a: Clefable|spd|1
|move|p1a: Slowbro|Thunder Wave|p2a: Clefable
|-status|p2a: Clefable|par
|
|turn|19
|
|switch|p1a: Scizor|Scizor, F|65\/333
|switch|p2a: Breloom|Breloom, F|261\/261
|
|-heal|p1a: Scizor|85\/333|[from] item: Leftovers
|turn|20
|
|switch|p1a: Slowbro|Slowbro, M|394\/394
|move|p2a: Breloom|Mach Punch|p1a: Slowbro
|-resisted|p1a: Slowbro
|-damage|p1a: Slowbro|359\/394
|
|-heal|p1a: Slowbro|383\/394|[from] item: Leftovers
|turn|21
|
|move|p2a: Breloom|Spore|p1a: Slowbro
|-status|p1a: Slowbro|slp
|cant|p1a: Slowbro|slp
|
|-heal|p1a: Slowbro|394\/394 slp|[from] item: Leftovers
|turn|22
|
|switch|p1a: Charizard|Charizard, F|298\/298
|move|p2a: Breloom|Bullet Seed|p1a: Charizard
|-resisted|p1a: Charizard
|-damage|p1a: Charizard|279\/298
|-resisted|p1a: Charizard
|-damage|p1a: Charizard|258\/298
|-resisted|p1a: Charizard
|-damage|p1a: Charizard|238\/298
|-hitcount|p1a: Charizard|3
|
|turn|23
|
|switch|p2a: Azumarill|Azumarill, M|403\/403
|-formechange|p1a: Charizard|Charizard-Mega-X
|message|Charizard has Mega Evolved into Mega Charizard!
|move|p1a: Charizard|Flare Blitz|p2a: Azumarill
|-resisted|p2a: Azumarill
|-damage|p2a: Azumarill|238\/403
|-damage|p1a: Charizard|184\/298|[from] recoil|[of] p2a: Azumarill
|-status|p2a: Azumarill|brn
|
|-heal|p2a: Azumarill|263\/403 brn|[from] item: Leftovers
|-damage|p2a: Azumarill|213\/403 brn|[from] brn
|turn|24
|
|switch|p1a: Slowbro|Slowbro, M|394\/394 slp
|move|p2a: Azumarill|Play Rough|p1a: Slowbro
|-damage|p1a: Slowbro|321\/394 slp
|
|-heal|p2a: Azumarill|238\/403 brn|[from] item: Leftovers
|-heal|p1a: Slowbro|345\/394 slp|[from] item: Leftovers
|-damage|p2a: Azumarill|188\/403 brn|[from] brn
|turn|25
|
|switch|p2a: Thundurus|Thundurus, M|96\/298
|cant|p1a: Slowbro|slp
|
|-heal|p1a: Slowbro|369\/394 slp|[from] item: Leftovers
|turn|26
|
|move|p2a: Thundurus|Thunderbolt|p1a: Slowbro
|-crit|p1a: Slowbro
|-supereffective|p1a: Slowbro
|-damage|p1a: Slowbro|0 fnt
|-damage|p2a: Thundurus|67\/298|[from] item: Life Orb
|faint|p1a: Slowbro
|
|
|switch|p1a: Greninja|Greninja, F|285\/285
|turn|27
|
|switch|p2a: Azumarill|Azumarill, M|188\/403 brn
|-start|p1a: Greninja|typechange|Bug|[from] Protean
|move|p1a: Greninja|U-turn|p2a: Azumarill
|-resisted|p2a: Azumarill
|-damage|p2a: Azumarill|137\/403 brn
|
|switch|p1a: Scizor|Scizor, F|85\/333
|
|-heal|p1a: Scizor|105\/333|[from] item: Leftovers
|-heal|p2a: Azumarill|162\/403 brn|[from] item: Leftovers
|-damage|p2a: Azumarill|112\/403 brn|[from] brn
|turn|28
|
|move|p1a: Scizor|Bullet Punch|p2a: Azumarill
|-damage|p2a: Azumarill|0 fnt
|faint|p2a: Azumarill
|
|-heal|p1a: Scizor|125\/333|[from] item: Leftovers
|
|switch|p2a: Gardevoir|Gardevoir, M|199\/277 par
|-formechange|p2a: Gardevoir|Gardevoir-Mega
|turn|29
|
|move|p1a: Scizor|Bullet Punch|p2a: Gardevoir
|-crit|p2a: Gardevoir
|-supereffective|p2a: Gardevoir
|-damage|p2a: Gardevoir|0 fnt
|faint|p2a: Gardevoir
|
|-heal|p1a: Scizor|145\/333|[from] item: Leftovers
|
|switch|p2a: Clefable|Clefable, M|394\/394 par
|turn|30
|
|move|p1a: Scizor|Bullet Punch|p2a: Clefable
|-supereffective|p2a: Clefable
|-damage|p2a: Clefable|172\/394 par
|cant|p2a: Clefable|par
|
|-heal|p1a: Scizor|165\/333|[from] item: Leftovers
|turn|31
|
|move|p1a: Scizor|Bullet Punch|p2a: Clefable
|-supereffective|p2a: Clefable
|-damage|p2a: Clefable|0 fnt
|faint|p2a: Clefable
|
|-heal|p1a: Scizor|185\/333|[from] item: Leftovers
|
|switch|p2a: Breloom|Breloom, F|261\/261
|turn|32
|
|move|p2a: Breloom|Spore|p1a: Scizor
|-status|p1a: Scizor|slp
|cant|p1a: Scizor|slp
|
|-heal|p1a: Scizor|205\/333 slp|[from] item: Leftovers
|turn|33
|
|switch|p1a: Greninja|Greninja, F|285\/285
|move|p2a: Breloom|Rock Tomb|p1a: Greninja
|-damage|p1a: Greninja|129\/285
|-unboost|p1a: Greninja|spe|1
|
|turn|34
|
|move|p2a: Breloom|Mach Punch|p1a: Greninja
|-supereffective|p1a: Greninja
|-damage|p1a: Greninja|0 fnt
|faint|p1a: Greninja
|
|
|switch|p1a: Charizard|Charizard, F|184\/298
|-formechange|p1a: Charizard|Charizard-Mega-X
|turn|35
|
|move|p1a: Charizard|Flare Blitz|p2a: Breloom
|-supereffective|p2a: Breloom
|-enditem|p2a: Breloom|Focus Sash
|-damage|p2a: Breloom|1\/261
|-damage|p1a: Charizard|98\/298|[from] recoil|[of] p2a: Breloom
|move|p2a: Breloom|Rock Tomb|p1a: Charizard
|-supereffective|p1a: Charizard
|-damage|p1a: Charizard|0 fnt
|faint|p1a: Charizard
|
|
|switch|p1a: Scizor|Scizor, F|205\/333 slp
|turn|36
|
|move|p2a: Breloom|Mach Punch|p1a: Scizor
|-damage|p1a: Scizor|97\/333 slp
|cant|p1a: Scizor|slp
|
|-heal|p1a: Scizor|117\/333 slp|[from] item: Leftovers
|turn|37
|
|move|p2a: Breloom|Mach Punch|p1a: Scizor
|-damage|p1a: Scizor|17\/333 slp
|-curestatus|p1a: Scizor|slp
|move|p1a: Scizor|Bullet Punch|p2a: Breloom
|-damage|p2a: Breloom|0 fnt
|faint|p2a: Breloom
|
|-heal|p1a: Scizor|37\/333|[from] item: Leftovers
|chat|bossboss|amazing
|
|switch|p2a: Thundurus|Thundurus, M|67\/298
|turn|38
|
|move|p1a: Scizor|Bullet Punch|p2a: Thundurus
|-resisted|p2a: Thundurus
|-damage|p2a: Thundurus|0 fnt
|faint|p2a: Thundurus
|
|win|Master Saur'D
|raw|Ladder updating...
|raw|Master Saur&apos;D's rating: 1524 &rarr; <strong>1542<\/strong><br \/>(+18 for winning)
|raw|bossboss's rating: 1492 &rarr; <strong>1474<\/strong><br \/>(-18 for losing)
|leave|bossboss
|player|p2