|join|bossboss
|join|General Zelgius
|player|p1|bossboss|169
|player|p2|General Zelgius|209
|gametype|singles
|gen|6
|tier|OU
|rated
|clearpoke
|poke|p1|Clefable, M
|poke|p1|Pinsir, M
|poke|p1|Bisharp, F
|poke|p1|Rotom-Wash
|poke|p1|Azumarill, F
|poke|p1|Talonflame, F, shiny
|poke|p2|Jolteon, F
|poke|p2|Rotom-Wash
|poke|p2|Keldeo
|poke|p2|Scizor, M
|poke|p2|Ferrothorn, F
|poke|p2|Heatran, F
|rule|Sleep Clause Mod: Limit one foe put to sleep
|rule|Species Clause: Limit one of each Pokemon
|rule|OHKO Clause: OHKO moves are banned
|rule|Moody Clause: Moody is banned
|rule|Evasion Moves Clause: Evasion moves are banned
|rule|Endless Battle Clause: Forcing endless battles is banned.
|rule|HP Percentage Mod: HP is reported as percentages
|teampreview
|
|start
|switch|p1a: Clefable|Clefable, M|394\/394
|switch|p2a: Jolteon|Jolteon, F|272\/272
|turn|1
|
|move|p2a: Jolteon|Volt Switch|p1a: Clefable
|-damage|p1a: Clefable|271\/394
|
|switch|p2a: Scizor|Scizor, M|344\/344
|move|p1a: Clefable|Stealth Rock|p2a: Scizor
|-sidestart|p2: General Zelgius|move: Stealth Rock
|
|turn|2
|
|switch|p1a: Rotom-Wash|Rotom-Wash|304\/304
|-formechange|p2a: Scizor|Scizor-Mega
|message|Scizor has Mega Evolved into Mega Scizor!
|move|p2a: Scizor|Knock Off|p1a: Rotom-Wash
|-damage|p1a: Rotom-Wash|222\/304
|-enditem|p1a: Rotom-Wash|Leftovers|[from] move: Knock Off|[of] p2a: Scizor
|
|turn|3
|
|switch|p2a: Ferrothorn|Ferrothorn, F|352\/352
|-damage|p2a: Ferrothorn|330\/352|[from] Stealth Rock
|move|p1a: Rotom-Wash|Will-O-Wisp|p2a: Ferrothorn
|-status|p2a: Ferrothorn|brn
|
|-heal|p2a: Ferrothorn|352\/352 brn|[from] item: Leftovers
|-damage|p2a: Ferrothorn|308\/352 brn|[from] brn
|turn|4
|
|move|p1a: Rotom-Wash|Volt Switch|p2a: Ferrothorn
|-resisted|p2a: Ferrothorn
|-damage|p2a: Ferrothorn|277\/352 brn
|
|switch|p1a: Pinsir|Pinsir, M|271\/271
|move|p2a: Ferrothorn|Stealth Rock|p1a: Pinsir
|-sidestart|p1: bossboss|move: Stealth Rock
|
|-heal|p2a: Ferrothorn|299\/352 brn|[from] item: Leftovers
|-damage|p2a: Ferrothorn|255\/352 brn|[from] brn
|turn|5
|
|-formechange|p1a: Pinsir|Pinsir-Mega
|message|Pinsir has Mega Evolved into Mega Pinsir!
|move|p1a: Pinsir|Swords Dance|p1a: Pinsir
|-boost|p1a: Pinsir|atk|2
|move|p2a: Ferrothorn|Leech Seed|p1a: Pinsir|[miss]
|-miss|p2a: Ferrothorn|p1a: Pinsir
|
|-heal|p2a: Ferrothorn|277\/352 brn|[from] item: Leftovers
|-damage|p2a: Ferrothorn|233\/352 brn|[from] brn
|turn|6
|
|move|p1a: Pinsir|Return|p2a: Ferrothorn
|-damage|p2a: Ferrothorn|0 fnt
|-damage|p1a: Pinsir|238\/271|[from] ability: Iron Barbs|[of] p2a: Ferrothorn
|faint|p2a: Ferrothorn
|
|
|switch|p2a: Jolteon|Jolteon, F|272\/272
|-damage|p2a: Jolteon|238\/272|[from] Stealth Rock
|turn|7
|
|move|p1a: Pinsir|Quick Attack|p2a: Jolteon
|-resisted|p2a: Jolteon
|-damage|p2a: Jolteon|85\/272
|move|p2a: Jolteon|Thunderbolt|p1a: Pinsir
|-supereffective|p1a: Pinsir
|-damage|p1a: Pinsir|0 fnt
|faint|p1a: Pinsir
|
|
|switch|p1a: Bisharp|Bisharp, F|272\/272
|-damage|p1a: Bisharp|255\/272|[from] Stealth Rock
|turn|8
|
|switch|p2a: Keldeo|Keldeo|323\/323
|-damage|p2a: Keldeo|303\/323|[from] Stealth Rock
|move|p1a: Bisharp|Sucker Punch|p2a: Keldeo
|-fail|p2a: Keldeo
|
|turn|9
|
|switch|p1a: Azumarill|Azumarill, F|374\/374
|-damage|p1a: Azumarill|328\/374|[from] Stealth Rock
|move|p2a: Keldeo|Secret Sword|p1a: Azumarill
|-resisted|p1a: Azumarill
|-damage|p1a: Azumarill|243\/374
|
|-heal|p1a: Azumarill|266\/374|[from] item: Leftovers
|turn|10
|
|switch|p2a: Scizor|Scizor, M|344\/344
|-formechange|p2a: Scizor|Scizor-Mega
|-damage|p2a: Scizor|301\/344|[from] Stealth Rock
|move|p1a: Azumarill|Play Rough|p2a: Scizor
|-resisted|p2a: Scizor
|-damage|p2a: Scizor|229\/344
|
|-heal|p1a: Azumarill|289\/374|[from] item: Leftovers
|turn|11
|
|switch|p1a: Rotom-Wash|Rotom-Wash|222\/304
|-damage|p1a: Rotom-Wash|184\/304|[from] Stealth Rock
|move|p2a: Scizor|Roost|p2a: Scizor
|-heal|p2a: Scizor|344\/344
|
|turn|12
|
|switch|p2a: Jolteon|Jolteon, F|85\/272
|-damage|p2a: Jolteon|51\/272|[from] Stealth Rock
|move|p1a: Rotom-Wash|Will-O-Wisp|p2a: Jolteon
|-status|p2a: Jolteon|brn
|
|-damage|p2a: Jolteon|17\/272 brn|[from] brn
|turn|13
|
|switch|p1a: Bisharp|Bisharp, F|255\/272
|-damage|p1a: Bisharp|238\/272|[from] Stealth Rock
|move|p2a: Jolteon|Thunderbolt|p1a: Bisharp
|-damage|p1a: Bisharp|61\/272
|
|-damage|p2a: Jolteon|0 fnt|[from] brn
|faint|p2a: Jolteon
|
|switch|p2a: Keldeo|Keldeo|303\/323
|-damage|p2a: Keldeo|283\/323|[from] Stealth Rock
|turn|14
|
|move|p2a: Keldeo|Hydro Pump|p1a: Bisharp
|-damage|p1a: Bisharp|0 fnt
|faint|p1a: Bisharp
|
|
|switch|p1a: Rotom-Wash|Rotom-Wash|184\/304
|-damage|p1a: Rotom-Wash|146\/304|[from] Stealth Rock
|turn|15
|
|move|p2a: Keldeo|Hydro Pump|p1a: Rotom-Wash
|-resisted|p1a: Rotom-Wash
|-damage|p1a: Rotom-Wash|60\/304
|move|p1a: Rotom-Wash|Pain Split|p2a: Keldeo
|-sethp|p2a: Keldeo|171\/323|p1a: Rotom-Wash|171\/304|[from] move: Pain Split
|
|turn|16
|
|move|p2a: Keldeo|Hydro Pump|p1a: Rotom-Wash
|-resisted|p1a: Rotom-Wash
|-damage|p1a: Rotom-Wash|84\/304
|move|p1a: Rotom-Wash|Volt Switch|p2a: Keldeo
|-supereffective|p2a: Keldeo
|-damage|p2a: Keldeo|0 fnt
|faint|p2a: Keldeo
|
|switch|p1a: Azumarill|Azumarill, F|289\/374
|-damage|p1a: Azumarill|243\/374|[from] Stealth Rock
|
|-heal|p1a: Azumarill|266\/374|[from] item: Leftovers
|
|switch|p2a: Rotom-Wash|Rotom-Wash|304\/304
|-damage|p2a: Rotom-Wash|266\/304|[from] Stealth Rock
|turn|17
|
|switch|p1a: Rotom-Wash|Rotom-Wash|84\/304
|-damage|p1a: Rotom-Wash|46\/304|[from] Stealth Rock
|move|p2a: Rotom-Wash|Thunderbolt|p1a: Rotom-Wash
|-damage|p1a: Rotom-Wash|0 fnt
|faint|p1a: Rotom-Wash
|
|-heal|p2a: Rotom-Wash|285\/304|[from] item: Leftovers
|
|switch|p1a: Clefable|Clefable, M|271\/394
|turn|18
|
|switch|p2a: Scizor|Scizor, M|344\/344
|-formechange|p2a: Scizor|Scizor-Mega
|-damage|p2a: Scizor|301\/344|[from] Stealth Rock
|move|p1a: Clefable|Soft-Boiled|p1a: Clefable
|-heal|p1a: Clefable|394\/394
|
|turn|19
|
|move|p2a: Scizor|Knock Off|p1a: Clefable
|-resisted|p1a: Clefable
|-damage|p1a: Clefable|345\/394
|-enditem|p1a: Clefable|Life Orb|[from] move: Knock Off|[of] p2a: Scizor
|move|p1a: Clefable|Calm Mind|p1a: Clefable
|-boost|p1a: Clefable|spa|1
|-boost|p1a: Clefable|spd|1
|
|turn|20
|
|move|p2a: Scizor|Bullet Punch|p1a: Clefable
|-supereffective|p1a: Clefable
|-damage|p1a: Clefable|165\/394
|move|p1a: Clefable|Soft-Boiled|p1a: Clefable
|-heal|p1a: Clefable|362\/394
|
|turn|21
|
|move|p2a: Scizor|Swords Dance|p2a: Scizor
|-boost|p2a: Scizor|atk|2
|move|p1a: Clefable|Soft-Boiled|p1a: Clefable
|-heal|p1a: Clefable|394\/394
|
|turn|22
|
|move|p2a: Scizor|Bullet Punch|p1a: Clefable
|-supereffective|p1a: Clefable
|-damage|p1a: Clefable|0 fnt
|faint|p1a: Clefable
|
|
|switch|p1a: Azumarill|Azumarill, F|266\/374
|-damage|p1a: Azumarill|220\/374|[from] Stealth Rock
|turn|23
|
|move|p2a: Scizor|Bullet Punch|p1a: Azumarill
|-damage|p1a: Azumarill|0 fnt
|faint|p1a: Azumarill
|
|
|switch|p1a: Talonflame|Talonflame, F, shiny|297\/297
|-damage|p1a: Talonflame|149\/297|[from] Stealth Rock
|turn|24
|
|move|p1a: Talonflame|Acrobatics|p2a: Scizor
|-damage|p2a: Scizor|199\/344
|move|p2a: Scizor|Knock Off|p1a: Talonflame
|-damage|p1a: Talonflame|0 fnt
|faint|p1a: Talonflame
|
|win|General Zelgius
|raw|Ladder updating...
|raw|bossboss's rating: 1686 &rarr; <strong>1668<\/strong><br \/>(-18 for losing)
|raw|General Zelgius's rating: 1719 &rarr; <strong>1737<\/strong><br \/>(+18 for winning)
|chat|General Zelgius|gg
|leave|bossboss
|player|p1