|join|bossboss
|join|BlackJerome
|player|p1|bossboss|169
|player|p2|BlackJerome|247
|gametype|singles
|gen|6
|tier|OU
|rated
|clearpoke
|poke|p1|Landorus, M
|poke|p1|Ditto
|poke|p1|Aegislash, F
|poke|p1|Mawile, M
|poke|p1|Gengar, M
|poke|p1|Conkeldurr, F
|poke|p2|Terrakion, shiny
|poke|p2|Staraptor, M, shiny
|poke|p2|Bisharp, F, shiny
|poke|p2|Mawile, F, shiny
|poke|p2|Breloom, M, shiny
|poke|p2|Gengar, F, shiny
|rule|Sleep Clause Mod: Limit one foe put to sleep
|rule|Species Clause: Limit one of each Pokemon
|rule|OHKO Clause: OHKO moves are banned
|rule|Moody Clause: Moody is banned
|rule|Evasion Moves Clause: Evasion moves are banned
|rule|Endless Battle Clause: Forcing endless battles is banned.
|rule|HP Percentage Mod: HP is reported as percentages
|teampreview
|
|start
|switch|p1a: Gengar|Gengar, M|261\/261
|switch|p2a: Staraptor|Staraptor, M, shiny|312\/312
|turn|1
|
|switch|p1a: Mawile|Mawile, M|304\/304
|-ability|p1a: Mawile|Intimidate|[of] p2a: Staraptor
|-unboost|p2a: Staraptor|atk|1
|move|p2a: Staraptor|Brave Bird|p1a: Mawile
|-resisted|p1a: Mawile
|-damage|p1a: Mawile|174\/304
|-damage|p2a: Staraptor|269\/312|[from] recoil|[of] p1a: Mawile
|
|turn|2
|
|-formechange|p1a: Mawile|Mawile-Mega
|message|Mawile has Mega Evolved into Mega Mawile!
|move|p2a: Staraptor|Brave Bird|p1a: Mawile
|-resisted|p1a: Mawile
|-damage|p1a: Mawile|66\/304
|-damage|p2a: Staraptor|233\/312|[from] recoil|[of] p1a: Mawile
|move|p1a: Mawile|Play Rough|p2a: Staraptor
|-damage|p2a: Staraptor|0 fnt
|faint|p2a: Staraptor
|
|
|switch|p2a: Bisharp|Bisharp, F, shiny|272\/272
|turn|3
|
|move|p2a: Bisharp|Iron Head|p1a: Mawile
|-damage|p1a: Mawile|0 fnt
|-damage|p2a: Bisharp|245\/272|[from] item: Life Orb
|faint|p1a: Mawile
|
|
|switch|p1a: Landorus|Landorus, M|319\/319
|turn|4
|
|switch|p2a: Gengar|Gengar, F, shiny|262\/262
|move|p1a: Landorus|Earth Power|p2a: Gengar
|-immune|p2a: Gengar|[msg]
|
|turn|5
|
|switch|p1a: Conkeldurr|Conkeldurr, F|414\/414
|move|p2a: Gengar|Shadow Ball|p1a: Conkeldurr
|-crit|p1a: Conkeldurr
|-damage|p1a: Conkeldurr|95\/414
|
|turn|6
|
|move|p2a: Gengar|Shadow Ball|p1a: Conkeldurr
|-damage|p1a: Conkeldurr|0 fnt
|faint|p1a: Conkeldurr
|
|
|switch|p1a: Ditto|Ditto|300\/300
|-transform|p1a: Ditto|p2a: Gengar
|turn|7
|
|switch|p1a: Landorus|Landorus, M|319\/319
|switch|p2a: Bisharp|Bisharp, F, shiny|245\/272
|
|turn|8
|
|switch|p2a: Gengar|Gengar, F, shiny|262\/262
|move|p1a: Landorus|Rock Polish|p1a: Landorus
|-boost|p1a: Landorus|spe|2
|
|turn|9
|
|move|p1a: Landorus|Psychic|p2a: Gengar
|-supereffective|p2a: Gengar
|-damage|p2a: Gengar|0 fnt
|faint|p2a: Gengar
|
|
|switch|p2a: Bisharp|Bisharp, F, shiny|245\/272
|turn|10
|chat|bossboss|ALL NIGHT....YEEEAAAA YEAAAAA
|
|move|p2a: Bisharp|Sucker Punch|p1a: Landorus
|-damage|p1a: Landorus|120\/319
|-damage|p2a: Bisharp|218\/272|[from] item: Life Orb
|move|p1a: Landorus|Earth Power|p2a: Bisharp
|-supereffective|p2a: Bisharp
|-damage|p2a: Bisharp|0 fnt
|faint|p2a: Bisharp
|
|
|switch|p2a: Mawile|Mawile, F, shiny|304\/304
|-ability|p2a: Mawile|Intimidate|[of] p1a: Landorus
|-unboost|p1a: Landorus|atk|1
|turn|11
|chat|bossboss|i been drinkin. I been Drinkin
|
|switch|p1a: Ditto|Ditto|300\/300
|-transform|p1a: Ditto|p2a: Mawile
|-ability|p1a: Ditto|Intimidate|[of] p2a: Mawile
|-unboost|p2a: Mawile|atk|1
|-formechange|p2a: Mawile|Mawile-Mega
|message|Mawile has Mega Evolved into Mega Mawile!
|move|p2a: Mawile|Sucker Punch|p1a: Ditto
|-fail|p1a: Ditto
|
|turn|12
|
|switch|p1a: Landorus|Landorus, M|120\/319
|move|p2a: Mawile|Swords Dance|p2a: Mawile
|-boost|p2a: Mawile|atk|2
|
|turn|13
|
|move|p2a: Mawile|Sucker Punch|p1a: Landorus
|-fail|p1a: Landorus
|move|p1a: Landorus|Rock Polish|p1a: Landorus
|-boost|p1a: Landorus|spe|2
|
|turn|14
|
|move|p2a: Mawile|Sucker Punch|p1a: Landorus
|-fail|p1a: Landorus
|move|p1a: Landorus|Rock Polish|p1a: Landorus
|-boost|p1a: Landorus|spe|2
|
|turn|15
|
|move|p2a: Mawile|Sucker Punch|p1a: Landorus
|-fail|p1a: Landorus
|move|p1a: Landorus|Rock Polish|p1a: Landorus
|-boost|p1a: Landorus|spe|2
|
|turn|16
|
|move|p2a: Mawile|Sucker Punch|p1a: Landorus
|-fail|p1a: Landorus
|move|p1a: Landorus|Rock Polish|p1a: Landorus
|-fail|p1a: Landorus
|
|turn|17
|
|move|p1a: Landorus|Earth Power|p2a: Mawile
|-supereffective|p2a: Mawile
|-damage|p2a: Mawile|0 fnt
|faint|p2a: Mawile
|
|
|switch|p2a: Terrakion|Terrakion, shiny|323\/323
|turn|18
|
|move|p1a: Landorus|Earth Power|p2a: Terrakion
|-supereffective|p2a: Terrakion
|-damage|p2a: Terrakion|0 fnt
|faint|p2a: Terrakion
|
|
|switch|p2a: Breloom|Breloom, M, shiny|262\/262
|turn|19
|
|move|p1a: Landorus|Psychic|p2a: Breloom
|-supereffective|p2a: Breloom
|-damage|p2a: Breloom|0 fnt
|faint|p2a: Breloom
|
|win|bossboss
|raw|Ladder updating...
|raw|bossboss's rating: 1650 &rarr; <strong>1668<\/strong><br \/>(+18 for winning)
|raw|BlackJerome's rating: 1608 &rarr; <strong>1590<\/strong><br \/>(-18 for losing)
|leave|BlackJerome
|player|p2