|join|Storm Zone
|join|bossboss
|player|p1|Storm Zone|92
|player|p2|bossboss|170
|gametype|singles
|gen|6
|tier|OU
|rated
|clearpoke
|poke|p1|Deoxys-Defense
|poke|p1|Lucario, M
|poke|p1|Bisharp, M
|poke|p1|Thundurus, M
|poke|p1|Garchomp, M
|poke|p1|Azumarill, M
|poke|p2|Deoxys-Speed
|poke|p2|Talonflame, M
|poke|p2|Toxicroak, F
|poke|p2|Clefable, F
|poke|p2|Bisharp, M
|poke|p2|Tyranitar, M
|rule|Sleep Clause Mod: Limit one foe put to sleep
|rule|Species Clause: Limit one of each Pokemon
|rule|OHKO Clause: OHKO moves are banned
|rule|Moody Clause: Moody is banned
|rule|Evasion Moves Clause: Evasion moves are banned
|rule|Endless Battle Clause: Forcing endless battles is banned.
|rule|HP Percentage Mod: HP is reported as percentages
|teampreview
|join|Unexilable
|
|start
|switch|p1a: Ozzinator|Azumarill, M|342\/342
|switch|p2a: Deoxys-Speed|Deoxys-Speed|241\/241
|-ability|p2a: Deoxys-Speed|Pressure
|turn|1
|
|move|p2a: Deoxys-Speed|Stealth Rock|p1a: Ozzinator
|-sidestart|p1: Storm Zone|move: Stealth Rock
|move|p1a: Ozzinator|Play Rough|p2a: Deoxys-Speed
|-damage|p2a: Deoxys-Speed|52\/241
|
|turn|2
|
|move|p2a: Deoxys-Speed|Psycho Boost|p1a: Ozzinator
|-damage|p1a: Ozzinator|140\/342
|-unboost|p2a: Deoxys-Speed|spa|2
|-enditem|p1a: Ozzinator|Sitrus Berry|[eat]
|-heal|p1a: Ozzinator|225\/342|[from] item: Sitrus Berry
|move|p1a: Ozzinator|Belly Drum|p1a: Ozzinator
|-damage|p1a: Ozzinator|54\/342
|-setboost|p1a: Ozzinator|atk|6|[from] move: Belly Drum
|
|turn|3
|chat|Unexilable|plz beat this annoying fag he runs sd acrobatic talonflame cm clefable and dd megatar
|chat|bossboss|lol
|chat|bossboss|dude
|chat|bossboss|telling him my team wont help
|chat|bossboss|u also run brick break bisharp
|chat|bossboss|i*
|chat|bossboss|toxicroak has life orb
|chat|Storm Zone|lucario will sweep him
|chat|Storm Zone|lmao
|chat|Storm Zone|ill beat his ass
|chat|Unexilable|ur right hes good u lose anyways
|
|move|p1a: Ozzinator|Aqua Jet|p2a: Deoxys-Speed
|-damage|p2a: Deoxys-Speed|0 fnt
|faint|p2a: Deoxys-Speed
|
|
|switch|p2a: Toxicroak|Toxicroak, F|307\/307
|turn|4
|
|move|p2a: Toxicroak|Drain Punch|p1a: Ozzinator
|-resisted|p1a: Ozzinator
|-damage|p1a: Ozzinator|0 fnt
|-damage|p2a: Toxicroak|277\/307|[from] item: Life Orb
|faint|p1a: Ozzinator
|
|
|switch|p1a: Chomp Chomp|Garchomp, M|358\/358
|-damage|p1a: Chomp Chomp|336\/358|[from] Stealth Rock
|turn|5
|
|switch|p2a: Talonflame|Talonflame, M|297\/297
|move|p1a: Chomp Chomp|Outrage|p2a: Talonflame
|-damage|p2a: Talonflame|0 fnt
|faint|p2a: Talonflame
|
|
|switch|p2a: Bisharp|Bisharp, M|271\/271
|turn|6
|chat|Storm Zone|the talon is dead
|
|move|p1a: Chomp Chomp|Outrage|p2a: Bisharp
|-resisted|p2a: Bisharp
|-damage|p2a: Bisharp|120\/271
|move|p2a: Bisharp|Knock Off|p1a: Chomp Chomp
|-damage|p1a: Chomp Chomp|120\/358
|-damage|p2a: Bisharp|87\/271|[from] ability: Rough Skin|[of] p1a: Chomp Chomp
|-enditem|p1a: Chomp Chomp|Choice Band|[from] move: Knock Off|[of] p2a: Bisharp
|-damage|p2a: Bisharp|60\/271|[from] item: Life Orb
|
|turn|7
|chat|bossboss|garchomp is a gone fucker too
|chat|bossboss|nig u talk a lot
|chat|bossboss|imma stay silent and smash you
|chat|bossboss|it hurts more
|chat|Storm Zone|ur rank says different
|
|move|p2a: Bisharp|Sucker Punch|p1a: Chomp Chomp
|-damage|p1a: Chomp Chomp|0 fnt
|-damage|p2a: Bisharp|27\/271|[from] ability: Rough Skin|[of] p1a: Chomp Chomp
|-damage|p2a: Bisharp|0 fnt|[from] item: Life Orb
|faint|p1a: Chomp Chomp
|faint|p2a: Bisharp
|
|chat|Storm Zone|bossboss ihate
|chat|Storm Zone|ppl like u
|
|switch|p2a: Toxicroak|Toxicroak, F|277\/307
|switch|p1a: Check Mate|Bisharp, M|272\/272
|-damage|p1a: Check Mate|255\/272|[from] Stealth Rock
|turn|8
|chat|bossboss|dont double
|chat|bossboss|youll be mad
|chat|bossboss|actually double
|
|move|p2a: Toxicroak|Drain Punch|p1a: Check Mate
|-supereffective|p1a: Check Mate
|-damage|p1a: Check Mate|0 fnt
|-heal|p2a: Toxicroak|307\/307|[from] drain|[of] p1a: Check Mate
|-damage|p2a: Toxicroak|277\/307|[from] item: Life Orb
|faint|p1a: Check Mate
|
|chat|bossboss|fine dont listen
|
|switch|p1a: Suicide|Deoxys-Defense|304\/304
|-damage|p1a: Suicide|266\/304|[from] Stealth Rock
|-ability|p1a: Suicide|Pressure
|turn|9
|
|switch|p2a: Tyranitar|Tyranitar, M|355\/355
|-weather|Sandstorm
|move|p1a: Suicide|Stealth Rock|p2a: Tyranitar
|-sidestart|p2: bossboss|move: Stealth Rock
|
|-weather|Sandstorm|[upkeep]
|-damage|p1a: Suicide|247\/304|[from] sandstorm
|turn|10
|chat|bossboss|its dragon dance
|chat|bossboss|dont forget
|
|-formechange|p2a: Tyranitar|Tyranitar-Mega
|message|Tyranitar has Mega Evolved into Mega Tyranitar!
|move|p2a: Tyranitar|Dragon Dance|p2a: Tyranitar
|-boost|p2a: Tyranitar|atk|1
|-boost|p2a: Tyranitar|spe|1
|move|p1a: Suicide|Thunder Wave|p2a: Tyranitar
|-status|p2a: Tyranitar|par
|
|-weather|Sandstorm|[upkeep]
|-damage|p1a: Suicide|228\/304|[from] sandstorm
|turn|11
|
|move|p1a: Suicide|Taunt|p2a: Tyranitar
|-start|p2a: Tyranitar|move: Taunt
|move|p2a: Tyranitar|Crunch|p1a: Suicide
|-supereffective|p1a: Suicide
|-damage|p1a: Suicide|0 fnt
|-damage|p2a: Tyranitar|296\/355 par|[from] item: Rocky Helmet|[of] p1a: Suicide
|faint|p1a: Suicide
|
|-weather|Sandstorm|[upkeep]
|
|switch|p1a: Ancient Aura|Lucario, M|281\/281
|-damage|p1a: Ancient Aura|273\/281|[from] Stealth Rock
|turn|12
|
|-formechange|p1a: Ancient Aura|Lucario-Mega
|message|Lucario has Mega Evolved into Mega Lucario!
|move|p1a: Ancient Aura|Aura Sphere|p2a: Tyranitar
|-supereffective|p2a: Tyranitar
|-damage|p2a: Tyranitar|0 fnt
|faint|p2a: Tyranitar
|
|-weather|Sandstorm|[upkeep]
|
|switch|p2a: Toxicroak|Toxicroak, F|277\/307
|-damage|p2a: Toxicroak|258\/307|[from] Stealth Rock
|turn|13
|
|switch|p1a: Thundercat|Thundurus, M|300\/300
|-damage|p1a: Thundercat|225\/300|[from] Stealth Rock
|move|p2a: Toxicroak|Drain Punch|p1a: Thundercat
|-resisted|p1a: Thundercat
|-damage|p1a: Thundercat|112\/300
|-heal|p2a: Toxicroak|307\/307|[from] drain|[of] p1a: Thundercat
|-damage|p2a: Toxicroak|277\/307|[from] item: Life Orb
|
|-weather|none
|turn|14
|chat|bossboss|no what
|chat|bossboss|imma give you the win
|chat|Storm Zone|lol
|chat|Storm Zone|dont
|chat|Storm Zone|kill me
|chat|Storm Zone|:3
|chat|bossboss|yea imma forfeit
|chat|Storm Zone|imam win
|chat|bossboss|make u fel good
|chat|Storm Zone|i won anyway
|chat|Storm Zone|tbolt
|chat|Storm Zone|den a flash cannon
|
|move|p2a: Toxicroak|Sucker Punch|p1a: Thundercat
|-damage|p1a: Thundercat|0 fnt
|-damage|p2a: Toxicroak|247\/307|[from] item: Life Orb
|faint|p1a: Thundercat
|
|chat|Storm Zone|bc both faster
|
|switch|p1a: Ancient Aura|Lucario, M|273\/281
|-formechange|p1a: Ancient Aura|Lucario-Mega
|-damage|p1a: Ancient Aura|265\/281|[from] Stealth Rock
|turn|15
|chat|bossboss|true
|
|move|p1a: Ancient Aura|Flash Cannon|p2a: Toxicroak
|-damage|p2a: Toxicroak|0 fnt
|faint|p2a: Toxicroak
|
|
|switch|p2a: Clefable|Clefable, F|394\/394
|turn|16
|chat|bossboss|TRUE
|
|move|p1a: Ancient Aura|Nasty Plot|p1a: Ancient Aura
|-boost|p1a: Ancient Aura|spa|2
|move|p2a: Clefable|Moonblast|p1a: Ancient Aura
|-damage|p1a: Ancient Aura|65\/281
|-unboost|p1a: Ancient Aura|spa|1
|
|turn|17
|
|move|p1a: Ancient Aura|Flash Cannon|p2a: Clefable
|-supereffective|p2a: Clefable
|-damage|p2a: Clefable|0 fnt
|faint|p2a: Clefable
|
|win|Storm Zone
|raw|Ladder updating...
|chat|Storm Zone|gg
|leave|bossboss
|player|p2
|chat|Storm Zone|lel
|chat|Storm Zone|rekt
|chat|Storm Zone|:)
|raw|Ladder (probably) updated, but score could not be retrieved (timeout).
|raw|Ladder (probably) updated, but score could not be retrieved (Error: socket hang up).
|leave|Storm Zone
|player|p1
|leave|Unexilable
|join|Unexilable
|leave|Unexilable
|join|Unexilable