|join|LordPkmdz
|join|bossboss
|player|p1|LordPkmdz|70
|player|p2|bossboss|2
|gametype|singles
|gen|6
|tier|OU
|rated
|clearpoke
|poke|p1|Heatran, F
|poke|p1|Gliscor, F
|poke|p1|Noivern, M
|poke|p1|Starmie
|poke|p1|Bisharp, F
|poke|p1|Machamp, M
|poke|p2|Thundurus-Therian, M
|poke|p2|Ditto
|poke|p2|Aegislash, F
|poke|p2|Charizard, M
|poke|p2|Clefable, M
|poke|p2|Rotom-Wash
|rule|Sleep Clause Mod: Limit one foe put to sleep
|rule|Species Clause: Limit one of each Pokemon
|rule|OHKO Clause: OHKO moves are banned
|rule|Moody Clause: Moody is banned
|rule|Evasion Moves Clause: Evasion moves are banned
|rule|Endless Battle Clause: Forcing endless battles is banned.
|rule|HP Percentage Mod: HP is reported as percentages
|teampreview
|chat|bossboss|god these fkin sprits
|chat|LordPkmdz|u don't like u,?
|chat|bossboss|nah they suck
|chat|LordPkmdz|like um
|chat|LordPkmdz|lol
|
|start
|switch|p1a: Math=ew|Noivern, M|312\/312
|switch|p2a: Thundurus-Therian|Thundurus-Therian, M|298\/298
|turn|1
|
|move|p1a: Math=ew|Substitute|p1a: Math=ew
|-start|p1a: Math=ew|Substitute
|-damage|p1a: Math=ew|234\/312
|move|p2a: Thundurus-Therian|Thunderbolt|p1a: Math=ew
|-crit|p1a: Math=ew
|-end|p1a: Math=ew|Substitute
|-damage|p2a: Thundurus-Therian|269\/298|[from] item: Life Orb
|
|turn|2
|
|move|p1a: Math=ew|Substitute|p1a: Math=ew
|-start|p1a: Math=ew|Substitute
|-damage|p1a: Math=ew|156\/312
|move|p2a: Thundurus-Therian|Hidden Power|p1a: Math=ew
|-end|p1a: Math=ew|Substitute
|-damage|p2a: Thundurus-Therian|240\/298|[from] item: Life Orb
|
|turn|3
|
|move|p1a: Math=ew|Substitute|p1a: Math=ew
|-start|p1a: Math=ew|Substitute
|-damage|p1a: Math=ew|78\/312
|move|p2a: Thundurus-Therian|Thunderbolt|p1a: Math=ew
|-end|p1a: Math=ew|Substitute
|-damage|p2a: Thundurus-Therian|211\/298|[from] item: Life Orb
|
|turn|4
|
|move|p1a: Math=ew|Roost|p1a: Math=ew
|-heal|p1a: Math=ew|234\/312
|move|p2a: Thundurus-Therian|Thunderbolt|p1a: Math=ew
|-resisted|p1a: Math=ew
|-damage|p1a: Math=ew|109\/312
|-status|p1a: Math=ew|par
|-damage|p2a: Thundurus-Therian|182\/298|[from] item: Life Orb
|
|turn|5
|chat|LordPkmdz|really...
|chat|LordPkmdz|lord of thunder u prick
|
|move|p2a: Thundurus-Therian|Thunderbolt|p1a: Math=ew
|-damage|p1a: Math=ew|0 fnt
|-damage|p2a: Thundurus-Therian|153\/298|[from] item: Life Orb
|faint|p1a: Math=ew
|
|
|switch|p1a: Kagari|Bisharp, F|272\/272
|turn|6
|
|move|p1a: Kagari|Pursuit|p2a: Thundurus-Therian|[from]Pursuit
|-damage|p2a: Thundurus-Therian|0 fnt
|faint|p2a: Thundurus-Therian
|
|chat|bossboss|ew
|
|switch|p2a: Charizard|Charizard, M|297\/297
|turn|7
|chat|LordPkmdz|this guy is threatening its funny 
|chat|bossboss|yep
|chat|LordPkmdz|It deserves it though
|chat|bossboss|sry xD
|chat|bossboss|in a rush
|
|switch|p1a: Yammy#0|Machamp, M|384\/384
|-formechange|p2a: Charizard|Charizard-Mega-X
|message|Charizard has Mega Evolved into Mega Charizard!
|move|p2a: Charizard|Dragon Dance|p2a: Charizard
|-boost|p2a: Charizard|atk|1
|-boost|p2a: Charizard|spe|1
|
|turn|8
|
|move|p2a: Charizard|Outrage|p1a: Yammy#0
|-damage|p1a: Yammy#0|0 fnt
|faint|p1a: Yammy#0
|
|
|switch|p1a: Daora|Heatran, F|324\/324
|turn|9
|
|move|p2a: Charizard|Outrage|p1a: Daora
|-resisted|p1a: Daora
|-damage|p1a: Daora|108\/324
|move|p1a: Daora|Earth Power|p2a: Charizard
|-supereffective|p2a: Charizard
|-damage|p2a: Charizard|67\/297
|
|-end|p2a: Charizard|rampage
|-start|p2a: Charizard|confusion
|-heal|p1a: Daora|128\/324|[from] item: Leftovers
|turn|10
|
|switch|p1a: Gematria|Gliscor, F|354\/354
|-activate|p2a: Charizard|confusion
|-damage|p2a: Charizard|0 fnt|[from] confusion
|faint|p2a: Charizard
|
|-activate|p1a: Gematria|item: Toxic Orb
|-status|p1a: Gematria|tox
|
|switch|p2a: Rotom-Wash|Rotom-Wash|304\/304
|turn|11
|
|move|p1a: Gematria|Protect|p1a: Gematria
|-singleturn|p1a: Gematria|Protect
|move|p2a: Rotom-Wash|Hydro Pump|p1a: Gematria
|-activate|p1a: Gematria|Protect
|
|turn|12
|
|move|p1a: Gematria|Substitute|p1a: Gematria
|-start|p1a: Gematria|Substitute
|-damage|p1a: Gematria|266\/354 tox
|move|p2a: Rotom-Wash|Hydro Pump|p1a: Gematria
|-crit|p1a: Gematria
|-supereffective|p1a: Gematria
|-end|p1a: Gematria|Substitute
|
|-heal|p1a: Gematria|310\/354 tox|[from] ability: Poison Heal
|turn|13
|
|switch|p2a: Ditto|Ditto|300\/300
|-transform|p2a: Ditto|p1a: Gematria
|move|p1a: Gematria|Substitute|p1a: Gematria
|-start|p1a: Gematria|Substitute
|-damage|p1a: Gematria|222\/354 tox
|
|-heal|p1a: Gematria|266\/354 tox|[from] ability: Poison Heal
|turn|14
|chat|LordPkmdz|stal wars
|chat|LordPkmdz|kind of
|chat|bossboss|heh
|
|switch|p2a: Clefable|Clefable, M|394\/394
|move|p1a: Gematria|Protect|p1a: Gematria
|-fail|p1a: Gematria
|
|-heal|p1a: Gematria|310\/354 tox|[from] ability: Poison Heal
|turn|15
|chat|bossboss|we'll see
|
|move|p1a: Gematria|Earthquake|p2a: Clefable
|-damage|p2a: Clefable|292\/394
|move|p2a: Clefable|Calm Mind|p2a: Clefable
|-boost|p2a: Clefable|spa|1
|-boost|p2a: Clefable|spd|1
|
|-heal|p1a: Gematria|354\/354 tox|[from] ability: Poison Heal
|turn|16
|
|switch|p1a: Kagari|Bisharp, F|272\/272
|move|p2a: Clefable|Calm Mind|p2a: Clefable
|-boost|p2a: Clefable|spa|1
|-boost|p2a: Clefable|spd|1
|
|turn|17
|
|switch|p2a: Rotom-Wash|Rotom-Wash|304\/304
|move|p1a: Kagari|Iron Head|p2a: Rotom-Wash
|-resisted|p2a: Rotom-Wash
|-damage|p2a: Rotom-Wash|277\/304
|
|-heal|p2a: Rotom-Wash|296\/304|[from] item: Leftovers
|turn|18
|
|switch|p1a: Gematria|Gliscor, F|354\/354 tox
|move|p2a: Rotom-Wash|Hydro Pump|p1a: Gematria
|-supereffective|p1a: Gematria
|-damage|p1a: Gematria|18\/354 tox
|
|-heal|p2a: Rotom-Wash|304\/304|[from] item: Leftovers
|-heal|p1a: Gematria|62\/354 tox|[from] ability: Poison Heal
|turn|19
|chat|LordPkmdz|wow glad this is specially defensive..
|
|switch|p2a: Clefable|Clefable, M|292\/394
|move|p1a: Gematria|Protect|p1a: Gematria
|-fail|p1a: Gematria
|
|-heal|p1a: Gematria|106\/354 tox|[from] ability: Poison Heal
|turn|20
|
|move|p1a: Gematria|Substitute|p1a: Gematria
|-start|p1a: Gematria|Substitute
|-damage|p1a: Gematria|18\/354 tox
|move|p2a: Clefable|Calm Mind|p2a: Clefable
|-boost|p2a: Clefable|spa|1
|-boost|p2a: Clefable|spd|1
|
|-heal|p1a: Gematria|62\/354 tox|[from] ability: Poison Heal
|turn|21
|
|move|p1a: Gematria|Earthquake|p2a: Clefable
|-damage|p2a: Clefable|199\/394
|move|p2a: Clefable|Soft-Boiled|p2a: Clefable
|-heal|p2a: Clefable|394\/394
|
|-heal|p1a: Gematria|106\/354 tox|[from] ability: Poison Heal
|turn|22
|
|move|p1a: Gematria|Earthquake|p2a: Clefable
|-damage|p2a: Clefable|295\/394
|move|p2a: Clefable|Moonblast|p1a: Gematria
|-end|p1a: Gematria|Substitute
|
|-heal|p1a: Gematria|150\/354 tox|[from] ability: Poison Heal
|turn|23
|
|switch|p1a: Daora|Heatran, F|128\/324
|move|p2a: Clefable|Soft-Boiled|p2a: Clefable
|-heal|p2a: Clefable|394\/394
|
|-heal|p1a: Daora|148\/324|[from] item: Leftovers
|turn|24
|
|switch|p2a: Ditto|Ditto|300\/300
|-transform|p2a: Ditto|p1a: Daora
|move|p1a: Daora|Stealth Rock|p2a: Ditto
|-sidestart|p2: bossboss|move: Stealth Rock
|
|-heal|p1a: Daora|168\/324|[from] item: Leftovers
|turn|25
|
|switch|p1a: RadiantDeth|Starmie|262\/262
|move|p2a: Ditto|Earth Power|p1a: RadiantDeth
|-damage|p1a: RadiantDeth|129\/262
|
|turn|26
|
|switch|p2a: Clefable|Clefable, M|394\/394
|move|p1a: RadiantDeth|Scald|p2a: Clefable
|-damage|p2a: Clefable|216\/394
|
|turn|27
|
|move|p1a: RadiantDeth|Scald|p2a: Clefable
|-damage|p2a: Clefable|17\/394
|-status|p2a: Clefable|brn
|move|p2a: Clefable|Soft-Boiled|p2a: Clefable
|-heal|p2a: Clefable|214\/394 brn
|
|turn|28
|
|move|p1a: RadiantDeth|Scald|p2a: Clefable
|-crit|p2a: Clefable
|-damage|p2a: Clefable|0 fnt
|faint|p2a: Clefable
|
|
|switch|p2a: Rotom-Wash|Rotom-Wash|304\/304
|-damage|p2a: Rotom-Wash|266\/304|[from] Stealth Rock
|turn|29
|
|move|p1a: RadiantDeth|Scald|p2a: Rotom-Wash
|-resisted|p2a: Rotom-Wash
|-damage|p2a: Rotom-Wash|179\/304
|-status|p2a: Rotom-Wash|brn
|move|p2a: Rotom-Wash|Volt Switch|p1a: RadiantDeth
|-supereffective|p1a: RadiantDeth
|-damage|p1a: RadiantDeth|0 fnt
|faint|p1a: RadiantDeth
|
|switch|p2a: Aegislash|Aegislash, F|261\/261
|-damage|p2a: Aegislash|245\/261|[from] Stealth Rock
|
|
|switch|p1a: Daora|Heatran, F|168\/324
|turn|30
|
|move|p1a: Daora|Substitute|p1a: Daora
|-start|p1a: Daora|Substitute
|-damage|p1a: Daora|87\/324
|move|p2a: Aegislash|Autotomize|p2a: Aegislash
|-boost|p2a: Aegislash|spe|2
|-start|p2a: Aegislash|Autotomize
|
|-heal|p1a: Daora|107\/324|[from] item: Leftovers
|turn|31
|
|switch|p2a: Rotom-Wash|Rotom-Wash|179\/304 brn
|-damage|p2a: Rotom-Wash|141\/304 brn|[from] Stealth Rock
|move|p1a: Daora|Lava Plume|p2a: Rotom-Wash
|-resisted|p2a: Rotom-Wash
|-damage|p2a: Rotom-Wash|69\/304 brn
|
|-heal|p1a: Daora|127\/324|[from] item: Leftovers
|-heal|p2a: Rotom-Wash|88\/304 brn|[from] item: Leftovers
|-damage|p2a: Rotom-Wash|50\/304 brn|[from] brn
|turn|32
|chat|LordPkmdz|gg
|
|switch|p2a: Ditto|Ditto|300\/300
|-damage|p2a: Ditto|263\/300|[from] Stealth Rock
|move|p1a: Daora|Lava Plume|p2a: Ditto
|-damage|p2a: Ditto|103\/300
|
|-heal|p1a: Daora|147\/324|[from] item: Leftovers
|turn|33
|chat|bossboss|oh
|chat|bossboss|gg
|-message|bossboss forfeited.
|
|win|LordPkmdz
|raw|Ladder updating...
|leave|bossboss
|player|p2
|raw|LordPkmdz's rating: 1651 &rarr; <strong>1669<\/strong><br \/>(+18 for winning)
|raw|bossboss's rating: 1622 &rarr; <strong>1604<\/strong><br \/>(-18 for losing)