|join|Lets get shaded
|join|bossboss
|player|p1|Lets get shaded|167
|player|p2|bossboss|170
|gametype|singles
|gen|6
|tier|OU
|rated
|clearpoke
|poke|p1|Blissey, F
|poke|p1|Rotom-Wash
|poke|p1|Mandibuzz, F
|poke|p1|Aegislash, M, shiny
|poke|p1|Scrafty, F
|poke|p1|Charizard, M
|poke|p2|Charizard, F
|poke|p2|Azumarill, M
|poke|p2|Diggersby, F
|poke|p2|Aegislash, F
|poke|p2|Greninja, F
|poke|p2|Deoxys-Speed
|rule|Sleep Clause Mod: Limit one foe put to sleep
|rule|Species Clause: Limit one of each Pokemon
|rule|OHKO Clause: OHKO moves are banned
|rule|Moody Clause: Moody is banned
|rule|Evasion Moves Clause: Evasion moves are banned
|rule|Endless Battle Clause: Forcing endless battles is banned.
|rule|HP Percentage Mod: HP is reported as percentages
|teampreview
|
|start
|switch|p1a: Better than Talonf|Aegislash, M, shiny|324\/324
|switch|p2a: Deoxys-Speed|Deoxys-Speed|241\/241
|-ability|p2a: Deoxys-Speed|Pressure
|turn|1
|
|move|p2a: Deoxys-Speed|Stealth Rock|p1a: Better than Talonf
|-sidestart|p1: Lets get shaded|move: Stealth Rock
|-formechange|p1a: Better than Talonf|Aegislash-Blade
|move|p1a: Better than Talonf|Shadow Ball|p2a: Deoxys-Speed
|-supereffective|p2a: Deoxys-Speed
|-enditem|p2a: Deoxys-Speed|Focus Sash
|-damage|p2a: Deoxys-Speed|1\/241
|
|turn|2
|
|move|p1a: Better than Talonf|Shadow Sneak|p2a: Deoxys-Speed
|-supereffective|p2a: Deoxys-Speed
|-damage|p2a: Deoxys-Speed|0 fnt
|faint|p2a: Deoxys-Speed
|
|
|switch|p2a: Diggersby|Diggersby, F|311\/311
|turn|3
|
|-formechange|p1a: Better than Talonf|Aegislash
|move|p1a: Better than Talonf|King's Shield|p1a: Better than Talonf
|-singleturn|p1a: Better than Talonf|Protect
|move|p2a: Diggersby|Swords Dance|p2a: Diggersby
|-boost|p2a: Diggersby|atk|2
|
|turn|4
|
|switch|p1a: SCRotom-Wash|Rotom-Wash|304\/304
|-damage|p1a: SCRotom-Wash|266\/304|[from] Stealth Rock
|move|p2a: Diggersby|Frustration|p1a: SCRotom-Wash
|-damage|p1a: SCRotom-Wash|0 fnt
|-damage|p2a: Diggersby|280\/311|[from] item: Life Orb
|faint|p1a: SCRotom-Wash
|
|
|switch|p1a: Finally Good|Charizard, M|297\/297
|-damage|p1a: Finally Good|149\/297|[from] Stealth Rock
|turn|5
|
|-formechange|p1a: Finally Good|Charizard-Mega-Y
|message|Charizard has Mega Evolved into Mega Charizard!
|-weather|SunnyDay
|move|p2a: Diggersby|Quick Attack|p1a: Finally Good
|-damage|p1a: Finally Good|0 fnt
|-damage|p2a: Diggersby|249\/311|[from] item: Life Orb
|faint|p1a: Finally Good
|
|-weather|SunnyDay|[upkeep]
|
|switch|p1a: Buzz kill|Mandibuzz, F|424\/424
|-damage|p1a: Buzz kill|318\/424|[from] Stealth Rock
|turn|6
|
|move|p2a: Diggersby|Frustration|p1a: Buzz kill
|-damage|p1a: Buzz kill|0 fnt
|-damage|p2a: Diggersby|198\/311|[from] item: Rocky Helmet|[of] p1a: Buzz kill
|-damage|p2a: Diggersby|167\/311|[from] item: Life Orb
|faint|p1a: Buzz kill
|
|-weather|SunnyDay|[upkeep]
|-message|Lets get shaded forfeited.
|
|win|bossboss
|raw|Ladder updating...
|leave|Lets get shaded
|player|p1
|raw|Lets get shaded's rating: 1785 &rarr; <strong>1761<\/strong><br \/>(-24 for losing)
|raw|bossboss's rating: 1719 &rarr; <strong>1743<\/strong><br \/>(+24 for winning)
|chat|bossboss|that nigger digger