|join|RS Cocaine
|join|bossboss
|player|p1|RS Cocaine|29
|player|p2|bossboss|169
|gametype|singles
|gen|6
|tier|OU
|rated
|clearpoke
|poke|p1|Landorus, M
|poke|p1|Garchomp, F
|poke|p1|Genesect, shiny
|poke|p1|Lucario, F
|poke|p1|Thundurus, M
|poke|p1|Aegislash, F
|poke|p2|Lucario, M
|poke|p2|Ditto
|poke|p2|Aegislash, F
|poke|p2|Mamoswine, M
|poke|p2|Clefable, M
|poke|p2|Rotom-Wash
|rule|Sleep Clause Mod: Limit one foe put to sleep
|rule|Species Clause: Limit one of each Pokemon
|rule|OHKO Clause: OHKO moves are banned
|rule|Moody Clause: Moody is banned
|rule|Evasion Moves Clause: Evasion moves are banned
|rule|Endless Battle Clause: Forcing endless battles is banned.
|rule|HP Percentage Mod: HP is reported as percentages
|teampreview
|join|I am just lost
|chat|bossboss|you need GOd bro
|chat|bossboss|for some direction
|join|kullhadd hekk
|join|Hi I'm Lati
|join|Higgledy Biggeldy
|join|tst_100
|join|yoshi0692
|
|start
|switch|p1a: Genesect|Genesect, shiny|283\/283
|switch|p2a: Mamoswine|Mamoswine, M|361\/361
|-boost|p1a: Genesect|spa|1|[from] ability: Download
|turn|1
|join|Volcasexy
|chat|Higgledy Biggeldy|jean sekt
|join|Ze Koran
|join|Scrubeon
|leave|yoshi0692
|join|SansNickel
|chat|tst_100|lol
|join|Avarice87
|chat|Scrubeon|Genesect on 99% of teams
|join|Gray Valentine
|join|Ace Trainer Azog
|join|Dread Arceus
|chat|Avarice87|RS
|join|Twerkocalypse
|chat|Avarice87|Did Jircahi beat you?
|join|OURoomIsDaBest
|chat|RS Cocaine|no
|chat|SansNickel|oh it's the half weak to fire half weak to ice team lol
|chat|Gray Valentine|Better use Gene before it gets banned
|chat|RS Cocaine|lol
|chat|Avarice87|Or did she lie about that?
|join|KlefkiHolder
|join|Criminal Life
|join|George man
|chat|KlefkiHolder|I'm going to watch Costa ladder over Avar
|
|move|p1a: Genesect|Iron Head|p2a: Mamoswine
|-crit|p2a: Mamoswine
|-supereffective|p2a: Mamoswine
|-enditem|p2a: Mamoswine|Focus Sash
|-damage|p2a: Mamoswine|1\/361
|-damage|p1a: Genesect|255\/283|[from] item: Life Orb
|move|p2a: Mamoswine|Stealth Rock|p1a: Genesect
|-sidestart|p1: RS Cocaine|move: Stealth Rock
|
|turn|2
|chat|Avarice87|RS if I beat you with my Sun Team will you change your mind about Sun?
|chat|KlefkiHolder|Jirachi is bitching out over there
|chat|Higgledy Biggeldy|mk
|chat|KlefkiHolder|*sigh*
|chat|Avarice87|Or is this a lost cause and I should just let it go?
|chat|tst_100|that's a big if
|chat|bossboss|SO i let the b*tch hang out with me right
|chat|SansNickel|jirachi is hilarious
|chat|Dread Arceus|If you beat him with your sun team
|chat|Avarice87|I know TST
|chat|Scrubeon|I bet that Lucario is Mega
|chat|bossboss|word got around i was fkin this n*gga B*tch
|chat|Higgledy Biggeldy|TST is the best ever
|chat|Dread Arceus|...I don't even know .-.
|chat|Avarice87|I'll just keep playing him until I win once
|chat|tst_100|tru
|chat|Scrubeon|2\/3 suspects on this team lolol
|chat|Higgledy Biggeldy|inb4 modchat
|chat|SansNickel|i'm 1-2 vs. RS i think 
|chat|Gray Valentine|real men don0t use mega luke
|chat|SansNickel|i'm just gonna not play him again
|chat|Gray Valentine|but regular luke instead
|join|An IncognitoTuxedo
|chat|Avarice87|Mega Luke is awesome
|chat|An IncognitoTuxedo|ok, I'm next
|join|prototypeou
|
|switch|p2a: Rotom-Wash|Rotom-Wash|304\/304
|move|p1a: Genesect|Extreme Speed|p2a: Rotom-Wash
|-damage|p2a: Rotom-Wash|220\/304
|-damage|p1a: Genesect|227\/283|[from] item: Life Orb
|
|-heal|p2a: Rotom-Wash|239\/304|[from] item: Leftovers
|turn|3
|chat|An IncognitoTuxedo|ava
|chat|KlefkiHolder|Scrubeon = Cap?
|chat|Avarice87|And it'll do great in Ubers
|join|Rahaj
|chat|Scrubeon|I hope MLuke and Genesect are gone from this world forever
|chat|RS Cocaine|\/\/modchat +
|chat|Higgledy Biggeldy|wrong klefki
|raw|<div class="broadcast-red"><b>Moderated chat was set to +!<\/b><br \/>Only users of rank + and higher can talk.<\/div>
KlefkiHolder was appointed to Room Voice by RS Cocaine.
|chat|bossboss|lol
|chat|KlefkiHolder|:o
|leave|George man
Dread Arceus was appointed to Room Voice by RS Cocaine.
tst_100 was appointed to Room Voice by RS Cocaine.
|chat|KlefkiHolder|I didnt expect that, tbh
|chat|KlefkiHolder|Thanks
|leave|Scrubeon
SansNickel was appointed to Room Voice by RS Cocaine.
|join|Capteon
|
|move|p1a: Genesect|U-turn|p2a: Rotom-Wash
|-damage|p2a: Rotom-Wash|142\/304
|-damage|p1a: Genesect|199\/283|[from] item: Life Orb
|
|switch|p1a: Garchomp|Garchomp, F|358\/358
|-damage|p1a: Garchomp|336\/358|[from] Stealth Rock
|move|p2a: Rotom-Wash|Will-O-Wisp|p1a: Garchomp
|-status|p1a: Garchomp|brn
|
|-heal|p2a: Rotom-Wash|161\/304|[from] item: Leftovers
|-damage|p1a: Garchomp|292\/358 brn|[from] brn
|turn|4
|
|switch|p2a: Clefable|Clefable, M|394\/394
|move|p1a: Garchomp|Stealth Rock|p2a: Clefable
|-sidestart|p2: bossboss|move: Stealth Rock
|
|-damage|p1a: Garchomp|248\/358 brn|[from] brn
|turn|5
Capteon was appointed to Room Voice by RS Cocaine.
|leave|Gray Valentine
|leave|Ace Trainer Azog
|
|switch|p1a: Genesect|Genesect, shiny|199\/283
|-damage|p1a: Genesect|164\/283|[from] Stealth Rock
|-boost|p1a: Genesect|spa|1|[from] ability: Download
|switch|p2a: Rotom-Wash|Rotom-Wash|161\/304
|-damage|p2a: Rotom-Wash|123\/304|[from] Stealth Rock
|
|-heal|p2a: Rotom-Wash|142\/304|[from] item: Leftovers
|turn|6
|leave|Criminal Life
|join|Criminal Life
|chat|bossboss|2 chaaaainz, das yo best answer
|
|move|p1a: Genesect|U-turn|p2a: Rotom-Wash
|-damage|p2a: Rotom-Wash|48\/304
|-damage|p1a: Genesect|136\/283|[from] item: Life Orb
|
|switch|p1a: Garchomp|Garchomp, F|248\/358 brn
|-damage|p1a: Garchomp|226\/358 brn|[from] Stealth Rock
|move|p2a: Rotom-Wash|Pain Split|p1a: Garchomp
|-sethp|p1a: Garchomp|137\/358 brn|p2a: Rotom-Wash|137\/304|[from] move: Pain Split
|
|-heal|p2a: Rotom-Wash|156\/304|[from] item: Leftovers
|-damage|p1a: Garchomp|93\/358 brn|[from] brn
|turn|7
|chat|bossboss|hmm
|
|switch|p2a: Mamoswine|Mamoswine, M|1\/361
|-damage|p2a: Mamoswine|0 fnt|[from] Stealth Rock
|faint|p2a: Mamoswine
|move|p1a: Garchomp|Swords Dance|p1a: Garchomp
|-boost|p1a: Garchomp|atk|2
|
|-damage|p1a: Garchomp|49\/358 brn|[from] brn
|chat|Capteon|plays
|
|switch|p2a: Aegislash|Aegislash, F|261\/261
|-damage|p2a: Aegislash|245\/261|[from] Stealth Rock
|turn|8
|
|move|p1a: Garchomp|Earthquake|p2a: Aegislash
|-supereffective|p2a: Aegislash
|-damage|p2a: Aegislash|5\/261
|-enditem|p2a: Aegislash|Weakness Policy
|-boost|p2a: Aegislash|atk|2|[from] item: Weakness Policy
|-boost|p2a: Aegislash|spa|2|[from] item: Weakness Policy
|move|p2a: Aegislash|Autotomize|p2a: Aegislash
|-boost|p2a: Aegislash|spe|2
|-start|p2a: Aegislash|Autotomize
|
|-damage|p1a: Garchomp|5\/358 brn|[from] brn
|turn|9
|chat|bossboss|2 chainz
|chat|bossboss|das yo best answer
|join|George man
|
|-formechange|p2a: Aegislash|Aegislash-Blade
|move|p2a: Aegislash|Shadow Ball|p1a: Garchomp
|-damage|p1a: Garchomp|0 fnt
|faint|p1a: Garchomp
|
|
|switch|p1a: Aegislash|Aegislash, F|321\/321
|-damage|p1a: Aegislash|301\/321|[from] Stealth Rock
|turn|10
|chat|Dread Arceus|Haven't seen that in a while
|chat|KlefkiHolder|2%. WP Activates.
|chat|KlefkiHolder|Dayum.
|
|move|p1a: Aegislash|King's Shield|p1a: Aegislash
|-singleturn|p1a: Aegislash|Protect
|move|p2a: Aegislash|Shadow Ball|p1a: Aegislash
|-activate|p1a: Aegislash|Protect
|
|turn|11
|chat|bossboss|teased
|chat|bossboss|now, its time
|
|-formechange|p1a: Aegislash|Aegislash-Blade
|move|p1a: Aegislash|Shadow Sneak|p2a: Aegislash
|-supereffective|p2a: Aegislash
|-damage|p2a: Aegislash|0 fnt
|faint|p2a: Aegislash
|
|chat|Capteon|rofl
|chat|bossboss|jk xD
|chat|KlefkiHolder|lol
|chat|bossboss|i need SNEAK FUK
|
|switch|p2a: Clefable|Clefable, M|394\/394
|turn|12
|join|Orda-Y
|join|TJMax
|
|switch|p1a: Landorus|Landorus, M|320\/320
|-damage|p1a: Landorus|280\/320|[from] Stealth Rock
|move|p2a: Clefable|Calm Mind|p2a: Clefable
|-boost|p2a: Clefable|spa|1
|-boost|p2a: Clefable|spd|1
|
|turn|13
|
|move|p1a: Landorus|Earth Power|p2a: Clefable
|-damage|p2a: Clefable|203\/394
|move|p2a: Clefable|Moonblast|p1a: Landorus
|-damage|p1a: Landorus|42\/320
|-unboost|p1a: Landorus|spa|1
|
|turn|14
Hi I'm Lati was appointed to Room Voice by RS Cocaine.
|chat|bossboss|neat
|
|move|p1a: Landorus|Earth Power|p2a: Clefable
|-damage|p2a: Clefable|86\/394
|move|p2a: Clefable|Soft-Boiled|p2a: Clefable
|-heal|p2a: Clefable|283\/394
|
|turn|15
|chat|Hi I'm Lati|thanks mom
|
|move|p1a: Landorus|Earth Power|p2a: Clefable
|-crit|p2a: Clefable
|-damage|p2a: Clefable|0 fnt
|faint|p2a: Clefable
|
|chat|RS Cocaine|neat
|leave|I am just lost
|chat|bossboss|dirty
|join|I am just lost
|chat|Capteon|ha
|chat|Hi I'm Lati|costa
|chat|KlefkiHolder|lol
Orda-Y was appointed to Room Voice by RS Cocaine.
|chat|SansNickel|lol
|
|switch|p2a: Lucario|Lucario, M|344\/344
|-damage|p2a: Lucario|334\/344|[from] Stealth Rock
|turn|16
|chat|Hi I'm Lati|I think you need an earthplate on garchomp
|join|RelievedAtom
|chat|Hi I'm Lati|to ohko aegi
|
|-formechange|p2a: Lucario|Lucario-Mega
|message|Lucario has Mega Evolved into Mega Lucario!
|move|p2a: Lucario|Vacuum Wave|p1a: Landorus
|-resisted|p1a: Landorus
|-damage|p1a: Landorus|0 fnt
|faint|p1a: Landorus
|
|
|switch|p1a: Aegislash|Aegislash, F|301\/321
|-damage|p1a: Aegislash|281\/321|[from] Stealth Rock
|turn|17
|
|move|p2a: Lucario|Nasty Plot|p2a: Lucario
|-boost|p2a: Lucario|spa|2
|-formechange|p1a: Aegislash|Aegislash-Blade
|move|p1a: Aegislash|Shadow Ball|p2a: Lucario
|-damage|p2a: Lucario|61\/344
|
|turn|18
|join|Doctor Curtiss
|
|move|p1a: Aegislash|Shadow Sneak|p2a: Lucario
|-damage|p2a: Lucario|0 fnt
|faint|p2a: Lucario
|
|chat|Capteon|k
|
|switch|p2a: Ditto|Ditto|300\/300
|-damage|p2a: Ditto|263\/300|[from] Stealth Rock
|-transform|p2a: Ditto|p1a: Aegislash
|turn|19
|chat|KlefkiHolder|Ditto be chillin
|
|-formechange|p1a: Aegislash|Aegislash
|move|p1a: Aegislash|King's Shield|p1a: Aegislash
|-singleturn|p1a: Aegislash|Protect
|move|p2a: Ditto|Shadow Ball|p1a: Aegislash
|-activate|p1a: Aegislash|Protect
|
|turn|20
|chat|KlefkiHolder|But he cant change forms
|join|Lyto
|chat|bossboss|critting
|chat|Orda-Y|inb4 no scarf
|
|-formechange|p1a: Aegislash|Aegislash-Blade
|move|p1a: Aegislash|Shadow Sneak|p2a: Ditto
|-supereffective|p2a: Ditto
|-damage|p2a: Ditto|3\/300
|move|p2a: Ditto|Shadow Ball|p1a: Aegislash
|-supereffective|p1a: Aegislash
|-damage|p1a: Aegislash|0 fnt
|faint|p1a: Aegislash
|
|
|switch|p1a: Thundurus|Thundurus, M|299\/299
|-damage|p1a: Thundurus|225\/299|[from] Stealth Rock
|turn|21
|
|move|p1a: Thundurus|Thunderbolt|p2a: Ditto
|-damage|p2a: Ditto|0 fnt
|faint|p2a: Ditto
|
|-heal|p1a: Thundurus|243\/299|[from] item: Leftovers
|
|switch|p2a: Rotom-Wash|Rotom-Wash|156\/304
|-damage|p2a: Rotom-Wash|118\/304|[from] Stealth Rock
|turn|22
|
|move|p1a: Thundurus|Thunderbolt|p2a: Rotom-Wash
|-damage|p2a: Rotom-Wash|0 fnt
|faint|p2a: Rotom-Wash
|
|win|RS Cocaine
|raw|Ladder updating...
|raw|RS Cocaine's rating: 1988 &rarr; <strong>1994<\/strong><br \/>(+6 for winning)
|raw|bossboss's rating: 1714 &rarr; <strong>1707<\/strong><br \/>(-7 for losing)
|chat|RS Cocaine|gg fren
|leave|Lyto