|join|bossboss
|join|Avarice87
|player|p1|bossboss|266
|player|p2|Avarice87|109
|gametype|singles
|gen|6
|tier|OU
|rated
|clearpoke
|poke|p1|Ditto
|poke|p1|Azumarill, F
|poke|p1|Bisharp, F
|poke|p1|Aegislash, F
|poke|p1|Conkeldurr, M
|poke|p1|Talonflame, M
|poke|p2|Wobbuffet, M
|poke|p2|Heliolisk, M
|poke|p2|Charizard, F
|poke|p2|Excadrill, M
|poke|p2|Talonflame, M
|poke|p2|Shiftry, M
|rule|Sleep Clause Mod: Limit one foe put to sleep
|rule|Species Clause: Limit one of each Pokemon
|rule|OHKO Clause: OHKO moves are banned
|rule|Moody Clause: Moody is banned
|rule|Evasion Moves Clause: Evasion moves are banned
|rule|Endless Battle Clause: Forcing endless battles is banned.
|rule|HP Percentage Mod: HP is reported as percentages
|teampreview
|join|SimplyTooGood
|join|iNoScopedJFK
|join|Mordoth
|chat|Avarice87|GLHF
|join|SardonicSloth
|chat|Avarice87|No hax please 
|
|start
|switch|p1a: Aegislash|Aegislash, F|261\/261
|switch|p2a: Talonflame|Talonflame, M|297\/297
|turn|1
|join|AtropheX
|chat|iNoScopedJFK|Another OP Bisharp
|
|move|p2a: Talonflame|Flare Blitz|p1a: Aegislash
|-supereffective|p1a: Aegislash
|-damage|p1a: Aegislash|0 fnt
|-damage|p2a: Talonflame|211\/297|[from] recoil|[of] p1a: Aegislash
|faint|p1a: Aegislash
|
|join|Divine Calamity
|chat|SimplyTooGood|BOSH
|
|switch|p1a: Azumarill|Azumarill, F|341\/341
|turn|2
|
|switch|p2a: Wobbuffet|Wobbuffet, M|584\/584
|move|p1a: Azumarill|Belly Drum|p1a: Azumarill
|-damage|p1a: Azumarill|171\/341
|-setboost|p1a: Azumarill|atk|6|[from] move: Belly Drum
|
|-heal|p1a: Azumarill|192\/341|[from] item: Leftovers
|turn|3
|
|switch|p2a: Excadrill|Excadrill, M|362\/362
|-ability|p2a: Excadrill|Mold Breaker
|move|p1a: Azumarill|Play Rough|p2a: Excadrill
|-resisted|p2a: Excadrill
|-damage|p2a: Excadrill|0 fnt
|faint|p2a: Excadrill
|
|-heal|p1a: Azumarill|213\/341|[from] item: Leftovers
|join|lsdajfa
|leave|lsdajfa
|
|switch|p2a: Talonflame|Talonflame, M|211\/297
|turn|4
|chat|bossboss|imma live btw
|chat|bossboss|so gg
|
|move|p2a: Talonflame|Brave Bird|p1a: Azumarill
|-damage|p1a: Azumarill|0 fnt
|-damage|p2a: Talonflame|141\/297|[from] recoil|[of] p1a: Azumarill
|faint|p1a: Azumarill
|
|chat|iNoScopedJFK|lol
|chat|bossboss|JOKES
|chat|SardonicSloth|LOL
|join|todd2g4u
|
|switch|p1a: Bisharp|Bisharp, F|272\/272
|turn|5
|
|move|p2a: Talonflame|Brave Bird|p1a: Bisharp
|-resisted|p1a: Bisharp
|-damage|p1a: Bisharp|134\/272
|-damage|p2a: Talonflame|95\/297|[from] recoil|[of] p1a: Bisharp
|move|p1a: Bisharp|Swords Dance|p1a: Bisharp
|-boost|p1a: Bisharp|atk|2
|
|turn|6
|chat|SimplyTooGood|nahhhh no covering it up with jokes
|chat|todd2g4u|sharp
|
|move|p2a: Talonflame|Brave Bird|p1a: Bisharp
|-resisted|p1a: Bisharp
|-damage|p1a: Bisharp|15\/272
|-damage|p2a: Talonflame|56\/297|[from] recoil|[of] p1a: Bisharp
|move|p1a: Bisharp|Knock Off|p2a: Talonflame
|-damage|p2a: Talonflame|0 fnt
|-damage|p1a: Bisharp|0 fnt|[from] item: Life Orb
|faint|p2a: Talonflame
|faint|p1a: Bisharp
|
|chat|SimplyTooGood|embarrassing
|chat|todd2g4u|out
|
|switch|p1a: Ditto|Ditto|300\/300
|switch|p2a: Wobbuffet|Wobbuffet, M|584\/584
|-transform|p1a: Ditto|p2a: Wobbuffet
|turn|7
|chat|iNoScopedJFK|Bisharp is to OP
|chat|SardonicSloth|kekek
|chat|todd2g4u|sit
|
|switch|p2a: Shiftry|Shiftry, M|321\/321
|move|p1a: Ditto|Encore|p2a: Shiftry
|-fail|p2a: Shiftry
|
|turn|8
|
|switch|p1a: Conkeldurr|Conkeldurr, M|414\/414
|move|p2a: Shiftry|Swords Dance|p2a: Shiftry
|-boost|p2a: Shiftry|atk|2
|
|turn|9
|
|switch|p2a: Wobbuffet|Wobbuffet, M|584\/584
|move|p1a: Conkeldurr|Drain Punch|p2a: Wobbuffet
|-resisted|p2a: Wobbuffet
|-damage|p2a: Wobbuffet|503\/584
|
|-heal|p2a: Wobbuffet|539\/584|[from] item: Leftovers
|turn|10
|chat|SardonicSloth|How awful that woulda turned out if dito coppied abilties
|
|move|p1a: Conkeldurr|Mach Punch|p2a: Wobbuffet
|-resisted|p2a: Wobbuffet
|-damage|p2a: Wobbuffet|497\/584
|move|p2a: Wobbuffet|Counter|p1a: Conkeldurr
|-damage|p1a: Conkeldurr|330\/414
|
|-heal|p2a: Wobbuffet|533\/584|[from] item: Leftovers
|turn|11
|chat|iNoScopedJFK|my god
|chat|Avarice87|He does
|
|move|p1a: Conkeldurr|Mach Punch|p2a: Wobbuffet
|-resisted|p2a: Wobbuffet
|-damage|p2a: Wobbuffet|491\/584
|move|p2a: Wobbuffet|Counter|p1a: Conkeldurr
|-damage|p1a: Conkeldurr|246\/414
|
|-heal|p2a: Wobbuffet|527\/584|[from] item: Leftovers
|turn|12
|chat|todd2g4u|denied
|chat|SardonicSloth|He didnt copy shadow tag>.>
|
|move|p1a: Conkeldurr|Knock Off|p2a: Wobbuffet
|-supereffective|p2a: Wobbuffet
|-damage|p2a: Wobbuffet|247\/584
|-enditem|p2a: Wobbuffet|Leftovers|[from] move: Knock Off|[of] p1a: Conkeldurr
|move|p2a: Wobbuffet|Counter|p1a: Conkeldurr
|-damage|p1a: Conkeldurr|0 fnt
|faint|p1a: Conkeldurr
|
|
|switch|p1a: Talonflame|Talonflame, M|297\/297
|turn|13
|
|move|p1a: Talonflame|Swords Dance|p1a: Talonflame
|-boost|p1a: Talonflame|atk|2
|move|p2a: Wobbuffet|Counter|p1a: Talonflame
|-fail|p1a: Talonflame
|
|turn|14
|chat|iNoScopedJFK|Ditto can't copy Stance Change
|
|move|p1a: Talonflame|Flare Blitz|p2a: Wobbuffet
|-damage|p2a: Wobbuffet|0 fnt
|-damage|p1a: Talonflame|215\/297|[from] recoil|[of] p2a: Wobbuffet
|faint|p2a: Wobbuffet
|
|chat|todd2g4u|u can switc out wit te same ab
|
|switch|p2a: Charizard|Charizard, F|297\/297
|turn|15
|chat|SardonicSloth|Im pretty sure dito doesn't copy abilities
|
|-formechange|p2a: Charizard|Charizard-Mega-Y
|message|Charizard has Mega Evolved into Mega Charizard!
|-weather|SunnyDay
|move|p1a: Talonflame|Natural Gift|p2a: Charizard
|-resisted|p2a: Charizard
|-damage|p2a: Charizard|186\/297
|move|p2a: Charizard|Fire Blast|p1a: Talonflame|[miss]
|-miss|p2a: Charizard|p1a: Talonflame
|
|-weather|SunnyDay|[upkeep]
|turn|16
|chat|SimplyTooGood|wtf
|chat|AtropheX|??
|
|move|p1a: Talonflame|Acrobatics|p2a: Charizard
|-crit|p2a: Charizard
|-damage|p2a: Charizard|0 fnt
|faint|p2a: Charizard
|
|-weather|SunnyDay|[upkeep]
|chat|bossboss|game
|chat|SimplyTooGood|natural gift
|chat|SardonicSloth|Im so confused
|chat|todd2g4u|out
|chat|SimplyTooGood|lmfao
|chat|SardonicSloth|Natural gift
|chat|SardonicSloth|why
|
|switch|p2a: Shiftry|Shiftry, M|321\/321
|turn|17
|chat|SimplyTooGood|brave bird >
|chat|Mordoth|rotom killer
|
|move|p2a: Shiftry|Sucker Punch|p1a: Talonflame
|-damage|p1a: Talonflame|0 fnt
|-damage|p2a: Shiftry|289\/321|[from] item: Life Orb
|faint|p1a: Talonflame
|
|-weather|SunnyDay|[upkeep]
|
|switch|p1a: Ditto|Ditto|300\/300
|-transform|p1a: Ditto|p2a: Shiftry
|turn|18
|chat|SimplyTooGood|expload
|chat|SimplyTooGood|leggo
|chat|Divine Calamity|lol
|
|move|p1a: Ditto|Sucker Punch|p2a: Shiftry
|-resisted|p2a: Shiftry
|-damage|p2a: Shiftry|183\/321
|move|p2a: Shiftry|Explosion|p1a: Ditto
|-damage|p1a: Ditto|0 fnt
|faint|p1a: Ditto
|faint|p2a: Shiftry
|
|win|Avarice87
|raw|Ladder updating...
|raw|bossboss's rating: 1704 &rarr; <strong>1683<\/strong><br \/>(-21 for losing)
|raw|Avarice87's rating: 1690 &rarr; <strong>1711<\/strong><br \/>(+21 for winning)
|chat|SardonicSloth|lol
|leave|bossboss
|player|p1
|chat|Avarice87|gg
|leave|Divine Calamity
|leave|todd2g4u
|leave|SimplyTooGood
|leave|Avarice87
|player|p2
|leave|iNoScopedJFK
|leave|AtropheX
|leave|Mordoth
|join|Manaphy Lover
|leave|Manaphy Lover