|join|bossboss
|join|Piando
|player|p1|bossboss|266
|player|p2|Piando|64
|gametype|singles
|gen|6
|tier|OU
|rated
|clearpoke
|poke|p1|Gengar, M
|poke|p1|Heatran, M
|poke|p1|Venusaur, M
|poke|p1|Mandibuzz, F
|poke|p1|Bisharp, F
|poke|p1|Skarmory, F
|poke|p2|Skarmory, F
|poke|p2|Aegislash, M
|poke|p2|Kyurem-Black, shiny
|poke|p2|Gyarados, F, shiny
|poke|p2|Rotom-Wash
|poke|p2|Donphan, M
|rule|Sleep Clause Mod: Limit one foe put to sleep
|rule|Species Clause: Limit one of each Pokemon
|rule|OHKO Clause: OHKO moves are banned
|rule|Moody Clause: Moody is banned
|rule|Evasion Moves Clause: Evasion moves are banned
|rule|Endless Battle Clause: Forcing endless battles is banned.
|rule|HP Percentage Mod: HP is reported as percentages
|teampreview
|join|Not Critical
|
|start
|switch|p1a: Heatran|Heatran, M|386\/386
|switch|p2a: Marlin|Rotom-Wash|304\/304
|-item|p1a: Heatran|Air Balloon
|turn|1
|
|switch|p1a: Venusaur|Venusaur, M|364\/364
|move|p2a: Marlin|Hydro Pump|p1a: Venusaur
|-resisted|p1a: Venusaur
|-damage|p1a: Venusaur|301\/364
|
|turn|2
|
|-formechange|p1a: Venusaur|Venusaur-Mega
|message|Venusaur has Mega Evolved into Mega Venusaur!
|move|p2a: Marlin|Will-O-Wisp|p1a: Venusaur
|-status|p1a: Venusaur|brn
|move|p1a: Venusaur|Leech Seed|p2a: Marlin
|-start|p2a: Marlin|move: Leech Seed
|
|-damage|p2a: Marlin|266\/304|[from] Leech Seed|[of] p1a: Venusaur
|-heal|p1a: Venusaur|339\/364 brn|[silent]
|-damage|p1a: Venusaur|294\/364 brn|[from] brn
|turn|3
|
|switch|p2a: Buzz|Kyurem-Black, shiny|405\/405
|-ability|p2a: Buzz|Teravolt
|move|p1a: Venusaur|Leech Seed|p2a: Buzz
|-start|p2a: Buzz|move: Leech Seed
|
|-damage|p2a: Buzz|355\/405|[from] Leech Seed|[of] p1a: Venusaur
|-heal|p1a: Venusaur|344\/364 brn|[silent]
|-damage|p1a: Venusaur|299\/364 brn|[from] brn
|turn|4
|
|switch|p1a: Skarmory|Skarmory, F|334\/334
|move|p2a: Buzz|Ice Beam|p1a: Skarmory
|-damage|p1a: Skarmory|169\/334
|
|-heal|p2a: Buzz|380\/405|[from] item: Leftovers
|-damage|p2a: Buzz|330\/405|[from] Leech Seed|[of] p1a: Skarmory
|-heal|p1a: Skarmory|219\/334|[silent]
|turn|5
|leave|Not Critical
|
|switch|p2a: Marlin|Rotom-Wash|266\/304
|move|p1a: Skarmory|Roost|p1a: Skarmory
|-heal|p1a: Skarmory|334\/334
|
|-heal|p2a: Marlin|285\/304|[from] item: Leftovers
|turn|6
|
|move|p2a: Marlin|Volt Switch|p1a: Skarmory
|-supereffective|p1a: Skarmory
|-damage|p1a: Skarmory|118\/334
|
|switch|p2a: Buzz|Kyurem-Black, shiny|330\/405
|-ability|p2a: Buzz|Teravolt
|move|p1a: Skarmory|Whirlwind|p2a: Buzz
|drag|p2a: WALL-E|Aegislash, M|324\/324
|
|turn|7
|
|switch|p1a: Mandibuzz|Mandibuzz, F|423\/423
|-formechange|p2a: WALL-E|Aegislash-Blade
|move|p2a: WALL-E|Sacred Sword|p1a: Mandibuzz
|-damage|p1a: Mandibuzz|332\/423
|
|-heal|p1a: Mandibuzz|358\/423|[from] item: Leftovers
|turn|8
|
|switch|p2a: Marlin|Rotom-Wash|285\/304
|move|p1a: Mandibuzz|Foul Play|p2a: Marlin
|-damage|p2a: Marlin|240\/304
|
|-heal|p2a: Marlin|259\/304|[from] item: Leftovers
|-heal|p1a: Mandibuzz|384\/423|[from] item: Leftovers
|turn|9
|
|switch|p1a: Venusaur|Venusaur, M|299\/364 brn
|-formechange|p1a: Venusaur|Venusaur-Mega
|move|p2a: Marlin|Volt Switch|p1a: Venusaur
|-resisted|p1a: Venusaur
|-damage|p1a: Venusaur|262\/364 brn
|
|switch|p2a: Buzz|Kyurem-Black, shiny|330\/405
|-ability|p2a: Buzz|Teravolt
|
|-heal|p2a: Buzz|355\/405|[from] item: Leftovers
|-damage|p1a: Venusaur|217\/364 brn|[from] brn
|turn|10
|
|move|p2a: Buzz|Substitute|p2a: Buzz
|-start|p2a: Buzz|Substitute
|-damage|p2a: Buzz|254\/405
|move|p1a: Venusaur|Sludge Bomb|p2a: Buzz
|-end|p2a: Buzz|Substitute
|
|-heal|p2a: Buzz|279\/405|[from] item: Leftovers
|-damage|p1a: Venusaur|172\/364 brn|[from] brn
|turn|11
|
|move|p2a: Buzz|Ice Beam|p1a: Venusaur
|-supereffective|p1a: Venusaur
|-damage|p1a: Venusaur|0 fnt
|faint|p1a: Venusaur
|
|-heal|p2a: Buzz|304\/405|[from] item: Leftovers
|
|switch|p1a: Bisharp|Bisharp, F|334\/334
|turn|12
|
|switch|p2a: Merida|Gyarados, F, shiny|332\/332
|-ability|p2a: Merida|Intimidate|[of] p1a: Bisharp
|-unboost|p1a: Bisharp|atk|1
|-boost|p1a: Bisharp|atk|2|[from] ability: Defiant
|move|p1a: Bisharp|Knock Off|p2a: Merida
|-damage|p2a: Merida|98\/332
|
|turn|13
|
|switch|p1a: Skarmory|Skarmory, F|118\/334
|-formechange|p2a: Merida|Gyarados-Mega
|message|Gyarados has Mega Evolved into Mega Gyarados!
|-ability|p2a: Merida|Mold Breaker
|move|p2a: Merida|Earthquake|p1a: Skarmory
|-immune|p1a: Skarmory|[msg]
|
|turn|14
|
|move|p2a: Merida|Taunt|p1a: Skarmory
|-start|p1a: Skarmory|move: Taunt
|cant|p1a: Skarmory|move: Taunt|Spikes
|
|turn|15
|
|switch|p1a: Mandibuzz|Mandibuzz, F|384\/423
|move|p2a: Merida|Waterfall|p1a: Mandibuzz
|-damage|p1a: Mandibuzz|254\/423
|
|-heal|p1a: Mandibuzz|280\/423|[from] item: Leftovers
|turn|16
|
|move|p2a: Merida|Taunt|p1a: Mandibuzz
|-start|p1a: Mandibuzz|move: Taunt
|cant|p1a: Mandibuzz|move: Taunt|Toxic
|
|-heal|p1a: Mandibuzz|306\/423|[from] item: Leftovers
|turn|17
|
|switch|p1a: Bisharp|Bisharp, F|334\/334
|move|p2a: Merida|Waterfall|p1a: Bisharp
|-damage|p1a: Bisharp|141\/334
|
|-heal|p1a: Bisharp|161\/334|[from] item: Leftovers
|turn|18
|chat|bossboss|are you new
|
|switch|p1a: Mandibuzz|Mandibuzz, F|306\/423
|move|p2a: Merida|Waterfall|p1a: Mandibuzz
|-damage|p1a: Mandibuzz|170\/423
|
|-heal|p1a: Mandibuzz|196\/423|[from] item: Leftovers
|turn|19
|chat|Piando|nope
|chat|bossboss|ohok
|chat|Piando|why?
|
|move|p2a: Merida|Waterfall|p1a: Mandibuzz
|-damage|p1a: Mandibuzz|78\/423
|move|p1a: Mandibuzz|Foul Play|p2a: Merida
|-resisted|p2a: Merida
|-damage|p2a: Merida|0 fnt
|faint|p2a: Merida
|
|-heal|p1a: Mandibuzz|104\/423|[from] item: Leftovers
|chat|bossboss|just wondering
|
|switch|p2a: Buzz|Kyurem-Black, shiny|304\/405
|-ability|p2a: Buzz|Teravolt
|turn|20
|
|move|p2a: Buzz|Fusion Bolt|p1a: Mandibuzz
|-supereffective|p1a: Mandibuzz
|-damage|p1a: Mandibuzz|0 fnt
|faint|p1a: Mandibuzz
|
|-heal|p2a: Buzz|329\/405|[from] item: Leftovers
|
|switch|p1a: Heatran|Heatran, M|386\/386
|-item|p1a: Heatran|Air Balloon
|turn|21
|
|switch|p2a: Marlin|Rotom-Wash|259\/304
|move|p1a: Heatran|Lava Plume|p2a: Marlin
|-resisted|p2a: Marlin
|-damage|p2a: Marlin|205\/304
|
|-heal|p2a: Marlin|224\/304|[from] item: Leftovers
|turn|22
|
|move|p2a: Marlin|Volt Switch|p1a: Heatran
|-damage|p1a: Heatran|331\/386
|-enditem|p1a: Heatran|Air Balloon
|
|switch|p2a: Flik|Donphan, M|384\/384
|move|p1a: Heatran|Toxic|p2a: Flik
|-status|p2a: Flik|tox
|
|-damage|p2a: Flik|360\/384 tox|[from] psn
|turn|23
|
|move|p1a: Heatran|Stealth Rock|p2a: Flik
|-sidestart|p2: Piando|move: Stealth Rock
|move|p2a: Flik|Stealth Rock|p1a: Heatran
|-sidestart|p1: bossboss|move: Stealth Rock
|
|-heal|p2a: Flik|384\/384 tox|[from] item: Leftovers
|-damage|p2a: Flik|336\/384 tox|[from] psn
|turn|24
|
|move|p1a: Heatran|Protect|p1a: Heatran
|-singleturn|p1a: Heatran|Protect
|move|p2a: Flik|Rapid Spin|p1a: Heatran
|-activate|p1a: Heatran|Protect
|
|-heal|p2a: Flik|360\/384 tox|[from] item: Leftovers
|-damage|p2a: Flik|288\/384 tox|[from] psn
|turn|25
|
|move|p2a: Flik|Ice Shard|p1a: Heatran
|-resisted|p1a: Heatran
|-damage|p1a: Heatran|320\/386
|move|p1a: Heatran|Lava Plume|p2a: Flik
|-damage|p2a: Flik|116\/384 tox
|
|-heal|p2a: Flik|140\/384 tox|[from] item: Leftovers
|-damage|p2a: Flik|44\/384 tox|[from] psn
|turn|26
|
|move|p1a: Heatran|Lava Plume|p2a: Flik
|-damage|p2a: Flik|0 fnt
|faint|p2a: Flik
|
|
|switch|p2a: Marlin|Rotom-Wash|224\/304
|-damage|p2a: Marlin|186\/304|[from] Stealth Rock
|turn|27
|
|move|p2a: Marlin|Hydro Pump|p1a: Heatran
|-supereffective|p1a: Heatran
|-damage|p1a: Heatran|140\/386
|move|p1a: Heatran|Toxic|p2a: Marlin
|-status|p2a: Marlin|tox
|
|-heal|p2a: Marlin|205\/304 tox|[from] item: Leftovers
|-damage|p2a: Marlin|186\/304 tox|[from] psn
|turn|28
|
|move|p1a: Heatran|Protect|p1a: Heatran
|-singleturn|p1a: Heatran|Protect
|move|p2a: Marlin|Hydro Pump|p1a: Heatran
|-activate|p1a: Heatran|Protect
|
|-heal|p2a: Marlin|205\/304 tox|[from] item: Leftovers
|-damage|p2a: Marlin|167\/304 tox|[from] psn
|turn|29
|
|move|p1a: Heatran|Protect|p1a: Heatran
|-fail|p1a: Heatran
|move|p2a: Marlin|Hydro Pump|p1a: Heatran
|-crit|p1a: Heatran
|-supereffective|p1a: Heatran
|-damage|p1a: Heatran|0 fnt
|faint|p1a: Heatran
|
|-heal|p2a: Marlin|186\/304 tox|[from] item: Leftovers
|-damage|p2a: Marlin|129\/304 tox|[from] psn
|
|switch|p1a: Skarmory|Skarmory, F|118\/334
|-damage|p1a: Skarmory|77\/334|[from] Stealth Rock
|turn|30
|
|move|p2a: Marlin|Volt Switch|p1a: Skarmory
|-supereffective|p1a: Skarmory
|-damage|p1a: Skarmory|0 fnt
|faint|p1a: Skarmory
|
|switch|p2a: Buzz|Kyurem-Black, shiny|329\/405
|-damage|p2a: Buzz|228\/405|[from] Stealth Rock
|-ability|p2a: Buzz|Teravolt
|
|-heal|p2a: Buzz|253\/405|[from] item: Leftovers
|
|switch|p1a: Bisharp|Bisharp, F|161\/334
|-damage|p1a: Bisharp|141\/334|[from] Stealth Rock
|turn|31
|
|move|p1a: Bisharp|Sucker Punch|p2a: Buzz
|-damage|p2a: Buzz|73\/405
|move|p2a: Buzz|Fusion Bolt|p1a: Bisharp
|-damage|p1a: Bisharp|0 fnt
|faint|p1a: Bisharp
|
|-heal|p2a: Buzz|98\/405|[from] item: Leftovers
|
|switch|p1a: Gengar|Gengar, M|261\/261
|-damage|p1a: Gengar|229\/261|[from] Stealth Rock
|turn|32
|
|move|p1a: Gengar|Shadow Ball|p2a: Buzz
|-damage|p2a: Buzz|0 fnt
|faint|p2a: Buzz
|
|-heal|p1a: Gengar|245\/261|[from] item: Leftovers
|
|switch|p2a: WALL-E|Aegislash, M|324\/324
|-damage|p2a: WALL-E|304\/324|[from] Stealth Rock
|turn|33
|
|-formechange|p2a: WALL-E|Aegislash-Blade
|move|p2a: WALL-E|Shadow Sneak|p1a: Gengar
|-supereffective|p1a: Gengar
|-damage|p1a: Gengar|0 fnt
|faint|p1a: Gengar
|
|win|Piando
|raw|Ladder updating...
|raw|bossboss's rating: 1722 &rarr; <strong>1697<\/strong><br \/>(-25 for losing)
|raw|Piando's rating: 1632 &rarr; <strong>1657<\/strong><br \/>(+25 for winning)
|chat|Piando|gg
|chat|bossboss|fgg
|chat|bossboss|gg*