|join|stop. chansey time
|join|bossboss
|player|p1|stop. chansey time|265
|player|p2|bossboss|266
|gametype|singles
|gen|6
|tier|OU
|rated
|clearpoke
|poke|p1|Venusaur, M
|poke|p1|Chansey, F
|poke|p1|Mew
|poke|p1|Skarmory, F
|poke|p1|Landorus-Therian, M
|poke|p1|Quagsire, F
|poke|p2|Deoxys-Speed
|poke|p2|Aegislash, F
|poke|p2|Conkeldurr, M
|poke|p2|Alakazam, M
|poke|p2|Mawile, M
|poke|p2|Gyarados, M
|rule|Sleep Clause Mod: Limit one foe put to sleep
|rule|Species Clause: Limit one of each Pokemon
|rule|OHKO Clause: OHKO moves are banned
|rule|Moody Clause: Moody is banned
|rule|Evasion Moves Clause: Evasion moves are banned
|rule|Endless Battle Clause: Forcing endless battles is banned.
|rule|HP Percentage Mod: HP is reported as percentages
|teampreview
|
|start
|switch|p1a: Mew|Mew|404\/404
|switch|p2a: Gyarados|Gyarados, M|353\/353
|-ability|p2a: Gyarados|Intimidate|[of] p1a: Mew
|-unboost|p1a: Mew|atk|1
|turn|1
|chat|stop. chansey time|glhf
|
|switch|p2a: Conkeldurr|Conkeldurr, M|414\/414
|move|p1a: Mew|Will-O-Wisp|p2a: Conkeldurr
|-status|p2a: Conkeldurr|brn
|
|-damage|p2a: Conkeldurr|363\/414 brn|[from] brn
|turn|2
|
|switch|p1a: Venusaur|Venusaur, M|364\/364
|move|p2a: Conkeldurr|Ice Punch|p1a: Venusaur
|-crit|p1a: Venusaur
|-supereffective|p1a: Venusaur
|-damage|p1a: Venusaur|0 fnt
|faint|p1a: Venusaur
|
|-damage|p2a: Conkeldurr|312\/414 brn|[from] brn
|chat|bossboss|he mad
|
|switch|p1a: Skarmory|Skarmory, F|334\/334
|turn|3
|chat|stop. chansey time|rull mad
|
|switch|p2a: Deoxys-Speed|Deoxys-Speed|241\/241
|-ability|p2a: Deoxys-Speed|Pressure
|move|p1a: Skarmory|Spikes|p2a: Deoxys-Speed
|-sidestart|p2: bossboss|Spikes
|
|turn|4
|
|switch|p1a: Landorus-Therian|Landorus-Therian, M|382\/382
|-ability|p1a: Landorus-Therian|Intimidate|[of] p2a: Deoxys-Speed
|-unboost|p2a: Deoxys-Speed|atk|1
|move|p2a: Deoxys-Speed|Knock Off|p1a: Landorus-Therian
|-damage|p1a: Landorus-Therian|330\/382
|-enditem|p1a: Landorus-Therian|Leftovers|[from] move: Knock Off|[of] p2a: Deoxys-Speed
|
|turn|5
|
|move|p2a: Deoxys-Speed|Taunt|p1a: Landorus-Therian
|-start|p1a: Landorus-Therian|move: Taunt
|move|p1a: Landorus-Therian|U-turn|p2a: Deoxys-Speed
|-supereffective|p2a: Deoxys-Speed
|-damage|p2a: Deoxys-Speed|57\/241
|
|switch|p1a: Chansey|Chansey, F|704\/704
|
|turn|6
|
|switch|p1a: Landorus-Therian|Landorus-Therian, M|330\/382
|-ability|p1a: Landorus-Therian|Intimidate|[of] p2a: Deoxys-Speed
|-unboost|p2a: Deoxys-Speed|atk|1
|move|p2a: Deoxys-Speed|Knock Off|p1a: Landorus-Therian
|-damage|p1a: Landorus-Therian|303\/382
|
|turn|7
|
|move|p2a: Deoxys-Speed|Stealth Rock|p1a: Landorus-Therian
|-sidestart|p1: stop. chansey time|move: Stealth Rock
|move|p1a: Landorus-Therian|U-turn|p2a: Deoxys-Speed
|-supereffective|p2a: Deoxys-Speed
|-damage|p2a: Deoxys-Speed|0 fnt
|faint|p2a: Deoxys-Speed
|
|switch|p1a: Skarmory|Skarmory, F|334\/334
|-damage|p1a: Skarmory|293\/334|[from] Stealth Rock
|
|
|switch|p2a: Gyarados|Gyarados, M|353\/353
|-ability|p2a: Gyarados|Intimidate|[of] p1a: Skarmory
|-unboost|p1a: Skarmory|atk|1
|turn|8
|
|move|p2a: Gyarados|Dragon Dance|p2a: Gyarados
|-boost|p2a: Gyarados|atk|1
|-boost|p2a: Gyarados|spe|1
|move|p1a: Skarmory|Spikes|p2a: Gyarados
|-sidestart|p2: bossboss|Spikes
|
|turn|9
|
|move|p2a: Gyarados|Waterfall|p1a: Skarmory
|-damage|p1a: Skarmory|178\/334
|-damage|p2a: Gyarados|295\/353|[from] item: Rocky Helmet|[of] p1a: Skarmory
|move|p1a: Skarmory|Whirlwind|p2a: Gyarados
|drag|p2a: Mawile|Mawile, M|304\/304
|-damage|p2a: Mawile|254\/304|[from] Spikes
|-ability|p2a: Mawile|Intimidate|[of] p1a: Skarmory
|-unboost|p1a: Skarmory|atk|1
|
|turn|10
|
|-formechange|p2a: Mawile|Mawile-Mega
|message|Mawile has Mega Evolved into Mega Mawile!
|move|p1a: Skarmory|Roost|p1a: Skarmory
|-heal|p1a: Skarmory|334\/334
|move|p2a: Mawile|Swords Dance|p2a: Mawile
|-boost|p2a: Mawile|atk|2
|
|turn|11
|
|move|p2a: Mawile|Knock Off|p1a: Skarmory
|-crit|p1a: Skarmory
|-activate|p1a: Skarmory|Sturdy
|-damage|p1a: Skarmory|1\/334
|-damage|p2a: Mawile|204\/304|[from] item: Rocky Helmet|[of] p1a: Skarmory
|-enditem|p1a: Skarmory|Rocky Helmet|[from] move: Knock Off|[of] p2a: Mawile
|move|p1a: Skarmory|Whirlwind|p2a: Mawile
|drag|p2a: Gyarados|Gyarados, M|295\/353
|-ability|p2a: Gyarados|Intimidate|[of] p1a: Skarmory
|-unboost|p1a: Skarmory|atk|1
|
|-heal|p2a: Gyarados|317\/353|[from] item: Leftovers
|turn|12
|chat|bossboss|yep
|chat|bossboss|theyre mad
|chat|stop. chansey time|today
|chat|stop. chansey time|was clearly a good day
|
|move|p2a: Gyarados|Waterfall|p1a: Skarmory
|-damage|p1a: Skarmory|0 fnt
|faint|p1a: Skarmory
|
|-heal|p2a: Gyarados|339\/353|[from] item: Leftovers
|
|switch|p1a: Mew|Mew|404\/404
|-damage|p1a: Mew|354\/404|[from] Stealth Rock
|turn|13
|
|move|p2a: Gyarados|Substitute|p2a: Gyarados
|-start|p2a: Gyarados|Substitute
|-damage|p2a: Gyarados|251\/353
|move|p1a: Mew|Infestation|p2a: Gyarados
|-resisted|p2a: Gyarados
|-activate|p2a: Gyarados|Substitute|[damage]
|
|-heal|p2a: Gyarados|273\/353|[from] item: Leftovers
|-heal|p1a: Mew|379\/404|[from] item: Leftovers
|turn|14
|
|switch|p1a: Quagsire|Quagsire, F|394\/394
|-damage|p1a: Quagsire|370\/394|[from] Stealth Rock
|move|p2a: Gyarados|Dragon Dance|p2a: Gyarados
|-boost|p2a: Gyarados|atk|1
|-boost|p2a: Gyarados|spe|1
|
|-heal|p2a: Gyarados|295\/353|[from] item: Leftovers
|-heal|p1a: Quagsire|394\/394|[from] item: Leftovers
|turn|15
|
|move|p2a: Gyarados|Waterfall|p1a: Quagsire
|-damage|p1a: Quagsire|274\/394
|move|p1a: Quagsire|Scald|p2a: Gyarados
|-resisted|p2a: Gyarados
|-activate|p2a: Gyarados|Substitute|[damage]
|
|-heal|p2a: Gyarados|317\/353|[from] item: Leftovers
|-heal|p1a: Quagsire|298\/394|[from] item: Leftovers
|turn|16
|
|move|p2a: Gyarados|Waterfall|p1a: Quagsire
|-damage|p1a: Quagsire|196\/394
|cant|p1a: Quagsire|flinch
|
|-heal|p2a: Gyarados|339\/353|[from] item: Leftovers
|-heal|p1a: Quagsire|220\/394|[from] item: Leftovers
|turn|17
|chat|bossboss|3 more
|
|move|p2a: Gyarados|Waterfall|p1a: Quagsire
|-damage|p1a: Quagsire|108\/394
|move|p1a: Quagsire|Recover|p1a: Quagsire
|-heal|p1a: Quagsire|305\/394
|
|-heal|p2a: Gyarados|353\/353|[from] item: Leftovers
|-heal|p1a: Quagsire|329\/394|[from] item: Leftovers
|turn|18
|chat|stop. chansey time|lol
|
|move|p2a: Gyarados|Earthquake|p1a: Quagsire
|-crit|p1a: Quagsire
|-damage|p1a: Quagsire|199\/394
|move|p1a: Quagsire|Scald|p2a: Gyarados
|-resisted|p2a: Gyarados
|-activate|p2a: Gyarados|Substitute|[damage]
|
|-heal|p1a: Quagsire|223\/394|[from] item: Leftovers
|turn|19
|
|move|p2a: Gyarados|Waterfall|p1a: Quagsire
|-crit|p1a: Quagsire
|-damage|p1a: Quagsire|48\/394
|move|p1a: Quagsire|Recover|p1a: Quagsire
|-heal|p1a: Quagsire|245\/394
|
|-heal|p1a: Quagsire|269\/394|[from] item: Leftovers
|turn|20
|chat|bossboss|ah
|chat|bossboss|close
|chat|stop. chansey time|i ain't even mad
|
|move|p2a: Gyarados|Earthquake|p1a: Quagsire
|-damage|p1a: Quagsire|172\/394
|move|p1a: Quagsire|Recover|p1a: Quagsire
|-heal|p1a: Quagsire|369\/394
|
|-heal|p1a: Quagsire|393\/394|[from] item: Leftovers
|turn|21
|
|move|p2a: Gyarados|Earthquake|p1a: Quagsire
|-damage|p1a: Quagsire|298\/394
|move|p1a: Quagsire|Scald|p2a: Gyarados
|-resisted|p2a: Gyarados
|-end|p2a: Gyarados|Substitute
|
|-heal|p1a: Quagsire|322\/394|[from] item: Leftovers
|turn|22
|
|move|p2a: Gyarados|Substitute|p2a: Gyarados
|-start|p2a: Gyarados|Substitute
|-damage|p2a: Gyarados|265\/353
|move|p1a: Quagsire|Scald|p2a: Gyarados
|-resisted|p2a: Gyarados
|-activate|p2a: Gyarados|Substitute|[damage]
|
|-heal|p2a: Gyarados|287\/353|[from] item: Leftovers
|-heal|p1a: Quagsire|346\/394|[from] item: Leftovers
|turn|23
|chat|bossboss|ok imma stall a bit
|
|move|p2a: Gyarados|Dragon Dance|p2a: Gyarados
|-boost|p2a: Gyarados|atk|1
|-boost|p2a: Gyarados|spe|1
|move|p1a: Quagsire|Scald|p2a: Gyarados
|-resisted|p2a: Gyarados
|-activate|p2a: Gyarados|Substitute|[damage]
|
|-heal|p2a: Gyarados|309\/353|[from] item: Leftovers
|-heal|p1a: Quagsire|370\/394|[from] item: Leftovers
|turn|24
|chat|stop. chansey time|aight that's coo
|
|move|p2a: Gyarados|Dragon Dance|p2a: Gyarados
|-boost|p2a: Gyarados|atk|1
|-boost|p2a: Gyarados|spe|1
|move|p1a: Quagsire|Scald|p2a: Gyarados
|-resisted|p2a: Gyarados
|-end|p2a: Gyarados|Substitute
|
|-heal|p2a: Gyarados|331\/353|[from] item: Leftovers
|-heal|p1a: Quagsire|394\/394|[from] item: Leftovers
|turn|25
|
|move|p2a: Gyarados|Waterfall|p1a: Quagsire
|-damage|p1a: Quagsire|277\/394
|move|p1a: Quagsire|Yawn|p2a: Gyarados
|-start|p2a: Gyarados|move: Yawn|[of] p1a: Quagsire
|
|-heal|p2a: Gyarados|353\/353|[from] item: Leftovers
|-heal|p1a: Quagsire|301\/394|[from] item: Leftovers
|turn|26
|chat|bossboss|ah
|chat|bossboss|got m
|chat|bossboss|e
|
|switch|p2a: Conkeldurr|Conkeldurr, M|312\/414 brn
|-damage|p2a: Conkeldurr|243\/414 brn|[from] Spikes
|move|p1a: Quagsire|Scald|p2a: Conkeldurr
|-damage|p2a: Conkeldurr|185\/414 brn
|
|-heal|p1a: Quagsire|325\/394|[from] item: Leftovers
|-damage|p2a: Conkeldurr|134\/414 brn|[from] brn
|turn|27
|
|move|p2a: Conkeldurr|Ice Punch|p1a: Quagsire
|-damage|p1a: Quagsire|212\/394
|move|p1a: Quagsire|Recover|p1a: Quagsire
|-heal|p1a: Quagsire|394\/394
|
|-damage|p2a: Conkeldurr|83\/414 brn|[from] brn
|turn|28
|
|switch|p1a: Mew|Mew|379\/404
|-damage|p1a: Mew|329\/404|[from] Stealth Rock
|move|p2a: Conkeldurr|Ice Punch|p1a: Mew
|-damage|p1a: Mew|188\/404
|
|-heal|p1a: Mew|213\/404|[from] item: Leftovers
|-damage|p2a: Conkeldurr|32\/414 brn|[from] brn
|turn|29
|
|move|p1a: Mew|Roost|p1a: Mew
|-heal|p1a: Mew|404\/404
|move|p2a: Conkeldurr|Knock Off|p1a: Mew
|-crit|p1a: Mew
|-supereffective|p1a: Mew
|-damage|p1a: Mew|0 fnt
|faint|p1a: Mew
|
|-damage|p2a: Conkeldurr|0 fnt|[from] brn
|faint|p2a: Conkeldurr
|chat|bossboss|scor
|chat|bossboss|e
|chat|stop. chansey time|damn
|
|switch|p2a: Gyarados|Gyarados, M|353\/353
|switch|p1a: Quagsire|Quagsire, F|394\/394
|-damage|p1a: Quagsire|370\/394|[from] Stealth Rock
|-ability|p2a: Gyarados|Intimidate|[of] p1a: Quagsire
|-unboost|p1a: Quagsire|atk|1
|turn|30
|
|move|p2a: Gyarados|Substitute|p2a: Gyarados
|-start|p2a: Gyarados|Substitute
|-damage|p2a: Gyarados|265\/353
|move|p1a: Quagsire|Yawn|p2a: Gyarados
|
|-heal|p2a: Gyarados|287\/353|[from] item: Leftovers
|-heal|p1a: Quagsire|394\/394|[from] item: Leftovers
|turn|31
|
|move|p2a: Gyarados|Dragon Dance|p2a: Gyarados
|-boost|p2a: Gyarados|atk|1
|-boost|p2a: Gyarados|spe|1
|move|p1a: Quagsire|Scald|p2a: Gyarados
|-resisted|p2a: Gyarados
|-activate|p2a: Gyarados|Substitute|[damage]
|
|-heal|p2a: Gyarados|309\/353|[from] item: Leftovers
|turn|32
|
|move|p2a: Gyarados|Dragon Dance|p2a: Gyarados
|-boost|p2a: Gyarados|atk|1
|-boost|p2a: Gyarados|spe|1
|move|p1a: Quagsire|Scald|p2a: Gyarados
|-crit|p2a: Gyarados
|-resisted|p2a: Gyarados
|-activate|p2a: Gyarados|Substitute|[damage]
|
|-heal|p2a: Gyarados|331\/353|[from] item: Leftovers
|turn|33
|
|move|p2a: Gyarados|Dragon Dance|p2a: Gyarados
|-boost|p2a: Gyarados|atk|1
|-boost|p2a: Gyarados|spe|1
|move|p1a: Quagsire|Scald|p2a: Gyarados
|-resisted|p2a: Gyarados
|-end|p2a: Gyarados|Substitute
|
|-heal|p2a: Gyarados|353\/353|[from] item: Leftovers
|turn|34
|chat|stop. chansey time|there's my crit
|chat|stop. chansey time|i knew it would happen eventually
|
|switch|p1a: Chansey|Chansey, F|704\/704
|-damage|p1a: Chansey|616\/704|[from] Stealth Rock
|move|p2a: Gyarados|Substitute|p2a: Gyarados
|-start|p2a: Gyarados|Substitute
|-damage|p2a: Gyarados|265\/353
|
|-heal|p2a: Gyarados|287\/353|[from] item: Leftovers
|turn|35
|
|switch|p1a: Quagsire|Quagsire, F|394\/394
|-damage|p1a: Quagsire|370\/394|[from] Stealth Rock
|move|p2a: Gyarados|Dragon Dance|p2a: Gyarados
|-boost|p2a: Gyarados|atk|1
|-boost|p2a: Gyarados|spe|1
|
|-heal|p2a: Gyarados|309\/353|[from] item: Leftovers
|-heal|p1a: Quagsire|394\/394|[from] item: Leftovers
|turn|36
|chat|stop. chansey time|oops :\
|
|move|p2a: Gyarados|Dragon Dance|p2a: Gyarados
|-boost|p2a: Gyarados|atk|1
|-boost|p2a: Gyarados|spe|1
|move|p1a: Quagsire|Scald|p2a: Gyarados
|-resisted|p2a: Gyarados
|-activate|p2a: Gyarados|Substitute|[damage]
|
|-heal|p2a: Gyarados|331\/353|[from] item: Leftovers
|turn|37
|chat|stop. chansey time|eh you can PP stall me
|chat|stop. chansey time|gg
|-message|stop. chansey time forfeited.
|
|win|bossboss
|raw|Ladder updating...
|leave|stop. chansey time
|player|p1
|raw|stop. chansey time's rating: 1734 &rarr; <strong>1712<\/strong><br \/>(-22 for losing)
|raw|bossboss's rating: 1700 &rarr; <strong>1722<\/strong><br \/>(+22 for winning)