|join|bossboss
|join|Wit of Voltaire
|player|p1|bossboss|102
|player|p2|Wit of Voltaire|101
|gametype|singles
|gen|6
|tier|OU
|rated
|clearpoke
|poke|p1|Hippowdon, M
|poke|p1|Excadrill, F
|poke|p1|Suicune
|poke|p1|Aegislash, F
|poke|p1|Medicham, M
|poke|p1|Clefable, M
|poke|p2|Mandibuzz, F
|poke|p2|Quagsire, M
|poke|p2|Blissey, F
|poke|p2|Heatran, M
|poke|p2|Skarmory, M
|poke|p2|Venusaur, F
|rule|Sleep Clause Mod: Limit one foe put to sleep
|rule|Species Clause: Limit one of each Pokemon
|rule|OHKO Clause: OHKO moves are banned
|rule|Moody Clause: Moody is banned
|rule|Evasion Moves Clause: Evasion moves are banned
|rule|Endless Battle Clause: Forcing endless battles is banned.
|rule|HP Percentage Mod: HP is reported as percentages
|teampreview
|join|iris
|
|start
|switch|p1a: Medicham|Medicham, M|261\/261
|switch|p2a: EATING IT UP|Skarmory, M|334\/334
|turn|1
|join|oxaloacetate
|join|Funkasaurus
|
|switch|p1a: Aegislash|Aegislash, F|261\/261
|move|p2a: EATING IT UP|Whirlwind|p1a: Aegislash
|drag|p1a: Medicham|Medicham, M|261\/261
|
|turn|2
|
|-formechange|p1a: Medicham|Medicham-Mega
|message|Medicham has Mega Evolved into Mega Medicham!
|move|p1a: Medicham|Fake Out|p2a: EATING IT UP
|-resisted|p2a: EATING IT UP
|-damage|p2a: EATING IT UP|311\/334
|-damage|p1a: Medicham|218\/261|[from] item: Rocky Helmet|[of] p2a: EATING IT UP
|cant|p2a: EATING IT UP|flinch
|
|turn|3
|
|switch|p1a: Aegislash|Aegislash, F|261\/261
|move|p2a: EATING IT UP|Spikes|p1a: Aegislash
|-sidestart|p1: bossboss|Spikes
|
|turn|4
|
|switch|p1a: Hippowdon|Hippowdon, M|420\/420
|-damage|p1a: Hippowdon|368\/420|[from] Spikes
|-weather|Sandstorm
|switch|p2a: EATING IT UP|Heatran, M|386\/386
|
|-weather|Sandstorm|[upkeep]
|turn|5
|
|switch|p2a: EATING IT UP|Mandibuzz, F|424\/424
|move|p1a: Hippowdon|Stealth Rock|p2a: EATING IT UP
|-sidestart|p2: Wit of Voltaire|move: Stealth Rock
|
|-weather|Sandstorm|[upkeep]
|turn|6
|
|switch|p1a: Suicune|Suicune|404\/404
|-damage|p1a: Suicune|354\/404|[from] Spikes
|-ability|p1a: Suicune|Pressure
|move|p2a: EATING IT UP|Defog|p1a: Suicune
|-unboost|p1a: Suicune|evasion|1
|-sideend|p1: bossboss|Spikes|[from] move: Defog|[of] p1a: Suicune
|-sideend|p2: Wit of Voltaire|Stealth Rock|[from] move: Defog|[of] p2a: EATING IT UP
|
|-weather|Sandstorm|[upkeep]
|-damage|p1a: Suicune|329\/404|[from] sandstorm
|-heal|p1a: Suicune|354\/404|[from] item: Leftovers
|turn|7
|
|move|p1a: Suicune|Scald|p2a: EATING IT UP
|-damage|p2a: EATING IT UP|366\/424
|move|p2a: EATING IT UP|Taunt|p1a: Suicune
|-start|p1a: Suicune|move: Taunt
|
|-weather|Sandstorm|[upkeep]
|-damage|p1a: Suicune|329\/404|[from] sandstorm
|-heal|p1a: Suicune|354\/404|[from] item: Leftovers
|-heal|p2a: EATING IT UP|392\/424|[from] item: Leftovers
|turn|8
|
|switch|p1a: Medicham|Medicham, M|218\/261
|-formechange|p1a: Medicham|Medicham-Mega
|move|p2a: EATING IT UP|Knock Off|p1a: Medicham
|-damage|p1a: Medicham|152\/261
|
|-weather|Sandstorm|[upkeep]
|-damage|p1a: Medicham|136\/261|[from] sandstorm
|-heal|p2a: EATING IT UP|418\/424|[from] item: Leftovers
|turn|9
|
|switch|p1a: Excadrill|Excadrill, F|384\/384
|switch|p2a: EATING IT UP|Skarmory, M|311\/334
|
|-weather|Sandstorm|[upkeep]
|turn|10
|
|move|p1a: Excadrill|Swords Dance|p1a: Excadrill
|-boost|p1a: Excadrill|atk|2
|move|p2a: EATING IT UP|Spikes|p1a: Excadrill
|-sidestart|p1: bossboss|Spikes
|
|-weather|Sandstorm|[upkeep]
|turn|11
|
|move|p1a: Excadrill|Rock Slide|p2a: EATING IT UP
|-damage|p2a: EATING IT UP|162\/334
|-damage|p1a: Excadrill|346\/384|[from] item: Life Orb
|move|p2a: EATING IT UP|Whirlwind|p1a: Excadrill
|drag|p1a: Aegislash|Aegislash, F|261\/261
|-damage|p1a: Aegislash|229\/261|[from] Spikes
|
|-weather|none
|turn|12
|
|switch|p1a: Suicune|Suicune|354\/404
|-damage|p1a: Suicune|304\/404|[from] Spikes
|-ability|p1a: Suicune|Pressure
|switch|p2a: EATING IT UP|Venusaur, F|364\/364
|
|-heal|p1a: Suicune|329\/404|[from] item: Leftovers
|turn|13
|
|-formechange|p2a: EATING IT UP|Venusaur-Mega
|message|Venusaur has Mega Evolved into Mega Venusaur!
|move|p1a: Suicune|Calm Mind|p1a: Suicune
|-boost|p1a: Suicune|spa|1
|-boost|p1a: Suicune|spd|1
|move|p2a: EATING IT UP|Leech Seed|p1a: Suicune
|-start|p1a: Suicune|move: Leech Seed
|
|-heal|p1a: Suicune|354\/404|[from] item: Leftovers
|-damage|p1a: Suicune|304\/404|[from] Leech Seed|[of] p2a: EATING IT UP
|turn|14
|
|switch|p1a: Aegislash|Aegislash, F|229\/261
|-damage|p1a: Aegislash|197\/261|[from] Spikes
|move|p2a: EATING IT UP|Giga Drain|p1a: Aegislash
|-resisted|p1a: Aegislash
|-damage|p1a: Aegislash|157\/261
|
|turn|15
|
|-formechange|p1a: Aegislash|Aegislash-Blade
|move|p1a: Aegislash|Shadow Ball|p2a: EATING IT UP
|-damage|p2a: EATING IT UP|264\/364
|-unboost|p2a: EATING IT UP|spd|1
|move|p2a: EATING IT UP|Leech Seed|p1a: Aegislash
|-start|p1a: Aegislash|move: Leech Seed
|
|-damage|p1a: Aegislash|125\/261|[from] Leech Seed|[of] p2a: EATING IT UP
|-heal|p2a: EATING IT UP|296\/364|[silent]
|turn|16
|
|switch|p1a: Medicham|Medicham, M|136\/261
|-formechange|p1a: Medicham|Medicham-Mega
|-damage|p1a: Medicham|104\/261|[from] Spikes
|switch|p2a: EATING IT UP|Mandibuzz, F|418\/424
|
|-heal|p2a: EATING IT UP|424\/424|[from] item: Leftovers
|turn|17
|
|switch|p2a: EATING IT UP|Skarmory, M|162\/334
|move|p1a: Medicham|High Jump Kick|p2a: EATING IT UP
|-damage|p2a: EATING IT UP|0 fnt
|-damage|p1a: Medicham|61\/261|[from] item: Rocky Helmet|[of] p2a: EATING IT UP
|faint|p2a: EATING IT UP
|
|
|switch|p2a: EATING IT UP|Quagsire, M|394\/394
|turn|18
|
|switch|p1a: Suicune|Suicune|304\/404
|-damage|p1a: Suicune|254\/404|[from] Spikes
|-ability|p1a: Suicune|Pressure
|move|p2a: EATING IT UP|Stockpile|p2a: EATING IT UP
|-start|p2a: EATING IT UP|stockpile1
|-boost|p2a: EATING IT UP|def|1
|-boost|p2a: EATING IT UP|spd|1
|
|-heal|p1a: Suicune|279\/404|[from] item: Leftovers
|turn|19
|
|move|p1a: Suicune|Scald|p2a: EATING IT UP
|-damage|p2a: EATING IT UP|310\/394
|move|p2a: EATING IT UP|Toxic|p1a: Suicune
|-status|p1a: Suicune|tox
|
|-heal|p1a: Suicune|304\/404 tox|[from] item: Leftovers
|-heal|p2a: EATING IT UP|334\/394|[from] item: Leftovers
|-damage|p1a: Suicune|279\/404 tox|[from] psn
|turn|20
|
|switch|p2a: EATING IT UP|Venusaur, F|296\/364
|-formechange|p2a: EATING IT UP|Venusaur-Mega
|move|p1a: Suicune|Scald|p2a: EATING IT UP
|-resisted|p2a: EATING IT UP
|-damage|p2a: EATING IT UP|267\/364
|-status|p2a: EATING IT UP|brn
|
|-heal|p1a: Suicune|304\/404 tox|[from] item: Leftovers
|-damage|p1a: Suicune|254\/404 tox|[from] psn
|-damage|p2a: EATING IT UP|222\/364 brn|[from] brn
|turn|21
|
|switch|p1a: Hippowdon|Hippowdon, M|368\/420
|-damage|p1a: Hippowdon|316\/420|[from] Spikes
|-weather|Sandstorm
|move|p2a: EATING IT UP|Leech Seed|p1a: Hippowdon
|-start|p1a: Hippowdon|move: Leech Seed
|
|-weather|Sandstorm|[upkeep]
|-damage|p2a: EATING IT UP|200\/364 brn|[from] sandstorm
|-damage|p1a: Hippowdon|264\/420|[from] Leech Seed|[of] p2a: EATING IT UP
|-heal|p2a: EATING IT UP|252\/364 brn|[silent]
|-damage|p2a: EATING IT UP|207\/364 brn|[from] brn
|turn|22
|
|switch|p1a: Aegislash|Aegislash, F|125\/261
|-damage|p1a: Aegislash|93\/261|[from] Spikes
|move|p2a: EATING IT UP|Giga Drain|p1a: Aegislash
|-resisted|p1a: Aegislash
|-damage|p1a: Aegislash|54\/261
|-heal|p2a: EATING IT UP|227\/364 brn|[from] drain|[of] p1a: Aegislash
|
|-weather|Sandstorm|[upkeep]
|-damage|p2a: EATING IT UP|205\/364 brn|[from] sandstorm
|-damage|p2a: EATING IT UP|160\/364 brn|[from] brn
|turn|23
|
|switch|p2a: EATING IT UP|Mandibuzz, F|424\/424
|-formechange|p1a: Aegislash|Aegislash-Blade
|move|p1a: Aegislash|Sacred Sword|p2a: EATING IT UP
|-damage|p2a: EATING IT UP|309\/424
|
|-weather|Sandstorm|[upkeep]
|-heal|p2a: EATING IT UP|335\/424|[from] item: Leftovers
|turn|24
|
|switch|p1a: Hippowdon|Hippowdon, M|264\/420
|-damage|p1a: Hippowdon|212\/420|[from] Spikes
|move|p2a: EATING IT UP|Knock Off|p1a: Hippowdon
|-crit|p1a: Hippowdon
|-damage|p1a: Hippowdon|106\/420
|-enditem|p1a: Hippowdon|Smooth Rock|[from] move: Knock Off|[of] p2a: EATING IT UP
|
|-weather|Sandstorm|[upkeep]
|-heal|p2a: EATING IT UP|361\/424|[from] item: Leftovers
|turn|25
|
|move|p2a: EATING IT UP|Taunt|p1a: Hippowdon
|-start|p1a: Hippowdon|move: Taunt
|move|p1a: Hippowdon|Ice Fang|p2a: EATING IT UP
|-supereffective|p2a: EATING IT UP
|-damage|p2a: EATING IT UP|261\/424
|
|-weather|Sandstorm|[upkeep]
|-heal|p2a: EATING IT UP|287\/424|[from] item: Leftovers
|turn|26
|
|move|p2a: EATING IT UP|Knock Off|p1a: Hippowdon
|-damage|p1a: Hippowdon|60\/420
|move|p1a: Hippowdon|Ice Fang|p2a: EATING IT UP
|-supereffective|p2a: EATING IT UP
|-damage|p2a: EATING IT UP|179\/424
|
|-weather|Sandstorm|[upkeep]
|-heal|p2a: EATING IT UP|205\/424|[from] item: Leftovers
|turn|27
|
|move|p2a: EATING IT UP|Roost|p2a: EATING IT UP
|-heal|p2a: EATING IT UP|417\/424
|move|p1a: Hippowdon|Earthquake|p2a: EATING IT UP
|-damage|p2a: EATING IT UP|303\/424
|
|-weather|Sandstorm|[upkeep]
|-heal|p2a: EATING IT UP|329\/424|[from] item: Leftovers
|-end|p1a: Hippowdon|move: Taunt
|turn|28
|
|move|p2a: EATING IT UP|Taunt|p1a: Hippowdon
|-start|p1a: Hippowdon|move: Taunt
|move|p1a: Hippowdon|Ice Fang|p2a: EATING IT UP
|-supereffective|p2a: EATING IT UP
|-damage|p2a: EATING IT UP|221\/424
|
|-weather|none
|-heal|p2a: EATING IT UP|247\/424|[from] item: Leftovers
|turn|29
|
|move|p2a: EATING IT UP|Knock Off|p1a: Hippowdon
|-damage|p1a: Hippowdon|14\/420
|move|p1a: Hippowdon|Earthquake|p2a: EATING IT UP
|-immune|p2a: EATING IT UP|[msg]
|
|-heal|p2a: EATING IT UP|273\/424|[from] item: Leftovers
|turn|30
|
|move|p2a: EATING IT UP|Roost|p2a: EATING IT UP
|-heal|p2a: EATING IT UP|424\/424
|move|p1a: Hippowdon|Earthquake|p2a: EATING IT UP
|-crit|p2a: EATING IT UP
|-damage|p2a: EATING IT UP|222\/424
|
|-heal|p2a: EATING IT UP|248\/424|[from] item: Leftovers
|-end|p1a: Hippowdon|move: Taunt
|turn|31
|
|switch|p1a: Medicham|Medicham, M|61\/261
|-formechange|p1a: Medicham|Medicham-Mega
|-damage|p1a: Medicham|29\/261|[from] Spikes
|move|p2a: EATING IT UP|Knock Off|p1a: Medicham
|-damage|p1a: Medicham|0 fnt
|faint|p1a: Medicham
|
|-heal|p2a: EATING IT UP|274\/424|[from] item: Leftovers
|chat|bossboss|ew
|
|switch|p1a: Excadrill|Excadrill, F|346\/384
|-damage|p1a: Excadrill|298\/384|[from] Spikes
|turn|32
|
|switch|p2a: EATING IT UP|Quagsire, M|334\/394
|move|p1a: Excadrill|Swords Dance|p1a: Excadrill
|-boost|p1a: Excadrill|atk|2
|
|-heal|p2a: EATING IT UP|358\/394|[from] item: Leftovers
|turn|33
|
|move|p1a: Excadrill|Magnet Rise|p1a: Excadrill
|-start|p1a: Excadrill|Magnet Rise
|move|p2a: EATING IT UP|Stockpile|p2a: EATING IT UP
|-start|p2a: EATING IT UP|stockpile1
|-boost|p2a: EATING IT UP|def|1
|-boost|p2a: EATING IT UP|spd|1
|
|-heal|p2a: EATING IT UP|382\/394|[from] item: Leftovers
|turn|34
|chat|Wit of Voltaire|o god
|chat|Wit of Voltaire|i forgot about mold breaker
|chat|Wit of Voltaire|lol
|
|move|p1a: Excadrill|Earthquake|p2a: EATING IT UP
|-damage|p2a: EATING IT UP|249\/394
|-damage|p1a: Excadrill|260\/384|[from] item: Life Orb
|move|p2a: EATING IT UP|Scald|p1a: Excadrill
|-supereffective|p1a: Excadrill
|-damage|p1a: Excadrill|72\/384
|
|-heal|p2a: EATING IT UP|273\/394|[from] item: Leftovers
|turn|35
|chat|Wit of Voltaire|wait
|chat|Wit of Voltaire|ur sand rush nice
|chat|bossboss|ikr
|chat|Wit of Voltaire|that was gonna be the end right there
|
|move|p1a: Excadrill|Earthquake|p2a: EATING IT UP
|-damage|p2a: EATING IT UP|137\/394
|-damage|p1a: Excadrill|34\/384|[from] item: Life Orb
|move|p2a: EATING IT UP|Recover|p2a: EATING IT UP
|-heal|p2a: EATING IT UP|334\/394
|
|-heal|p2a: EATING IT UP|358\/394|[from] item: Leftovers
|turn|36
|
|move|p1a: Excadrill|Rock Slide|p2a: EATING IT UP
|-resisted|p2a: EATING IT UP
|-damage|p2a: EATING IT UP|326\/394
|-damage|p1a: Excadrill|0 fnt|[from] item: Life Orb
|faint|p1a: Excadrill
|move|p2a: EATING IT UP|Recover|p2a: EATING IT UP
|-heal|p2a: EATING IT UP|394\/394
|
|
|switch|p1a: Hippowdon|Hippowdon, M|14\/420
|-damage|p1a: Hippowdon|0 fnt|[from] Spikes
|faint|p1a: Hippowdon
|
|switch|p1a: Aegislash|Aegislash, F|54\/261
|-damage|p1a: Aegislash|22\/261|[from] Spikes
|turn|37
|
|-formechange|p1a: Aegislash|Aegislash-Blade
|move|p1a: Aegislash|Shadow Ball|p2a: EATING IT UP
|-damage|p2a: EATING IT UP|247\/394
|move|p2a: EATING IT UP|Scald|p1a: Aegislash
|-damage|p1a: Aegislash|0 fnt
|faint|p1a: Aegislash
|
|-heal|p2a: EATING IT UP|271\/394|[from] item: Leftovers
|
|switch|p1a: Suicune|Suicune|254\/404 tox
|-damage|p1a: Suicune|204\/404 tox|[from] Spikes
|-ability|p1a: Suicune|Pressure
|turn|38
|
|switch|p2a: EATING IT UP|Mandibuzz, F|274\/424
|move|p1a: Suicune|Calm Mind|p1a: Suicune
|-boost|p1a: Suicune|spa|1
|-boost|p1a: Suicune|spd|1
|
|-heal|p1a: Suicune|229\/404 tox|[from] item: Leftovers
|-heal|p2a: EATING IT UP|300\/424|[from] item: Leftovers
|-damage|p1a: Suicune|204\/404 tox|[from] psn
|turn|39
|
|move|p1a: Suicune|Rest|p1a: Suicune
|-status|p1a: Suicune|slp
|-heal|p1a: Suicune|404\/404 slp|[silent]
|-status|p1a: Suicune|slp|[from] move: Rest
|move|p2a: EATING IT UP|Knock Off|p1a: Suicune
|-damage|p1a: Suicune|347\/404 slp
|-enditem|p1a: Suicune|Leftovers|[from] move: Knock Off|[of] p2a: EATING IT UP
|
|-heal|p2a: EATING IT UP|326\/424|[from] item: Leftovers
|turn|40
|
|switch|p2a: EATING IT UP|Blissey, F|714\/714
|cant|p1a: Suicune|slp
|move|p1a: Suicune|Sleep Talk|p1a: Suicune
|move|p1a: Suicune|Rest|p1a: Suicune|[from]Sleep Talk
|-fail|p1a: Suicune
|
|turn|41
|
|cant|p1a: Suicune|slp
|move|p1a: Suicune|Sleep Talk|p1a: Suicune
|move|p1a: Suicune|Calm Mind|p1a: Suicune|[from]Sleep Talk
|-boost|p1a: Suicune|spa|1
|-boost|p1a: Suicune|spd|1
|move|p2a: EATING IT UP|Aromatherapy|p2a: EATING IT UP
|-cureteam|p2a: EATING IT UP|[from] move: Aromatherapy
|
|turn|42
|
|switch|p2a: EATING IT UP|Venusaur, F|160\/364
|-formechange|p2a: EATING IT UP|Venusaur-Mega
|-curestatus|p1a: Suicune|slp
|move|p1a: Suicune|Calm Mind|p1a: Suicune
|-boost|p1a: Suicune|spa|1
|-boost|p1a: Suicune|spd|1
|
|turn|43
|
|move|p1a: Suicune|Scald|p2a: EATING IT UP
|-resisted|p2a: EATING IT UP
|-damage|p2a: EATING IT UP|96\/364
|move|p2a: EATING IT UP|Leech Seed|p1a: Suicune
|-start|p1a: Suicune|move: Leech Seed
|
|-damage|p1a: Suicune|297\/404|[from] Leech Seed|[of] p2a: EATING IT UP
|-heal|p2a: EATING IT UP|146\/364|[silent]
|turn|44
|
|move|p1a: Suicune|Scald|p2a: EATING IT UP
|-resisted|p2a: EATING IT UP
|-damage|p2a: EATING IT UP|81\/364
|move|p2a: EATING IT UP|Synthesis|p2a: EATING IT UP
|-heal|p2a: EATING IT UP|263\/364
|
|-damage|p1a: Suicune|247\/404|[from] Leech Seed|[of] p2a: EATING IT UP
|-heal|p2a: EATING IT UP|313\/364|[silent]
|turn|45
|
|switch|p2a: EATING IT UP|Quagsire, M|271\/394
|move|p1a: Suicune|Scald|p2a: EATING IT UP
|-damage|p2a: EATING IT UP|154\/394
|
|-heal|p2a: EATING IT UP|178\/394|[from] item: Leftovers
|-damage|p1a: Suicune|197\/404|[from] Leech Seed|[of] p2a: EATING IT UP
|-heal|p2a: EATING IT UP|228\/394|[silent]
|turn|46
|
|move|p1a: Suicune|Scald|p2a: EATING IT UP
|-damage|p2a: EATING IT UP|95\/394
|move|p2a: EATING IT UP|Toxic|p1a: Suicune
|-status|p1a: Suicune|tox
|
|-heal|p2a: EATING IT UP|119\/394|[from] item: Leftovers
|-damage|p1a: Suicune|147\/404 tox|[from] Leech Seed|[of] p2a: EATING IT UP
|-heal|p2a: EATING IT UP|169\/394|[silent]
|-damage|p1a: Suicune|122\/404 tox|[from] psn
|turn|47
|
|move|p1a: Suicune|Scald|p2a: EATING IT UP
|-damage|p2a: EATING IT UP|49\/394
|-status|p2a: EATING IT UP|brn
|move|p2a: EATING IT UP|Recover|p2a: EATING IT UP
|-heal|p2a: EATING IT UP|246\/394 brn
|
|-heal|p2a: EATING IT UP|270\/394 brn|[from] item: Leftovers
|-damage|p1a: Suicune|72\/404 tox|[from] Leech Seed|[of] p2a: EATING IT UP
|-heal|p2a: EATING IT UP|320\/394 brn|[silent]
|-damage|p1a: Suicune|22\/404 tox|[from] psn
|-damage|p2a: EATING IT UP|271\/394 brn|[from] brn
|turn|48
|
|switch|p2a: EATING IT UP|Blissey, F|714\/714
|move|p1a: Suicune|Scald|p2a: EATING IT UP
|-damage|p2a: EATING IT UP|546\/714
|
|-heal|p2a: EATING IT UP|590\/714|[from] item: Leftovers
|-damage|p1a: Suicune|0 fnt|[from] Leech Seed|[of] p2a: EATING IT UP
|-heal|p2a: EATING IT UP|612\/714|[silent]
|faint|p1a: Suicune
|
|switch|p1a: Clefable|Clefable, M|394\/394
|turn|49
|
|switch|p2a: EATING IT UP|Mandibuzz, F|326\/424
|move|p1a: Clefable|Calm Mind|p1a: Clefable
|-boost|p1a: Clefable|spa|1
|-boost|p1a: Clefable|spd|1
|
|-heal|p2a: EATING IT UP|352\/424|[from] item: Leftovers
|turn|50
|leave|oxaloacetate
|
|move|p2a: EATING IT UP|Taunt|p1a: Clefable
|-start|p1a: Clefable|move: Taunt
|move|p1a: Clefable|Moonblast|p2a: EATING IT UP
|-supereffective|p2a: EATING IT UP
|-damage|p2a: EATING IT UP|17\/424
|
|-heal|p2a: EATING IT UP|43\/424|[from] item: Leftovers
|turn|51
|
|move|p2a: EATING IT UP|Knock Off|p1a: Clefable
|-resisted|p1a: Clefable
|-damage|p1a: Clefable|351\/394
|-enditem|p1a: Clefable|Life Orb|[from] move: Knock Off|[of] p2a: EATING IT UP
|move|p1a: Clefable|Moonblast|p2a: EATING IT UP
|-supereffective|p2a: EATING IT UP
|-damage|p2a: EATING IT UP|0 fnt
|faint|p2a: EATING IT UP
|
|
|switch|p2a: EATING IT UP|Blissey, F|612\/714
|turn|52
|
|move|p1a: Clefable|Moonblast|p2a: EATING IT UP
|-damage|p2a: EATING IT UP|500\/714
|-unboost|p2a: EATING IT UP|spa|1
|move|p2a: EATING IT UP|Aromatherapy|p2a: EATING IT UP
|-cureteam|p2a: EATING IT UP|[from] move: Aromatherapy
|
|-heal|p2a: EATING IT UP|544\/714|[from] item: Leftovers
|-end|p1a: Clefable|move: Taunt
|turn|53
|chat|Wit of Voltaire|plz be unaware
|
|move|p1a: Clefable|Calm Mind|p1a: Clefable
|-boost|p1a: Clefable|spa|1
|-boost|p1a: Clefable|spd|1
|move|p2a: EATING IT UP|Toxic|p1a: Clefable
|-status|p1a: Clefable|tox
|
|-heal|p2a: EATING IT UP|588\/714|[from] item: Leftovers
|turn|54
|chat|bossboss|im unaware
|chat|bossboss|JK
|
|move|p1a: Clefable|Calm Mind|p1a: Clefable
|-boost|p1a: Clefable|spa|1
|-boost|p1a: Clefable|spd|1
|move|p2a: EATING IT UP|Seismic Toss|p1a: Clefable
|-damage|p1a: Clefable|251\/394 tox
|
|-heal|p2a: EATING IT UP|632\/714|[from] item: Leftovers
|turn|55
|
|move|p1a: Clefable|Calm Mind|p1a: Clefable
|-boost|p1a: Clefable|spa|1
|-boost|p1a: Clefable|spd|1
|move|p2a: EATING IT UP|Seismic Toss|p1a: Clefable
|-damage|p1a: Clefable|151\/394 tox
|
|-heal|p2a: EATING IT UP|676\/714|[from] item: Leftovers
|turn|56
|chat|Wit of Voltaire|well this is definitely going to suck
|chat|Wit of Voltaire|if u used rest with suicune this couldve been like a 200+ turn game
|
|move|p1a: Clefable|Soft-Boiled|p1a: Clefable
|-heal|p1a: Clefable|348\/394 tox
|move|p2a: EATING IT UP|Seismic Toss|p1a: Clefable
|-damage|p1a: Clefable|248\/394 tox
|
|-heal|p2a: EATING IT UP|714\/714|[from] item: Leftovers
|turn|57
|chat|bossboss|you didnt see it coming?
|chat|Wit of Voltaire|lol
|
|move|p1a: Clefable|Calm Mind|p1a: Clefable
|-boost|p1a: Clefable|spa|1
|-boost|p1a: Clefable|spd|1
|move|p2a: EATING IT UP|Seismic Toss|p1a: Clefable
|-damage|p1a: Clefable|148\/394 tox
|
|turn|58
|chat|Wit of Voltaire|i was fearing those 2 
|chat|Wit of Voltaire|in the back
|
|switch|p2a: EATING IT UP|Heatran, M|386\/386
|move|p1a: Clefable|Soft-Boiled|p1a: Clefable
|-heal|p1a: Clefable|345\/394 tox
|
|turn|59
|
|move|p2a: EATING IT UP|Lava Plume|p1a: Clefable
|-damage|p1a: Clefable|309\/394 tox
|move|p1a: Clefable|Stored Power|p2a: EATING IT UP
|-resisted|p2a: EATING IT UP
|-damage|p2a: EATING IT UP|173\/386
|
|-heal|p2a: EATING IT UP|197\/386|[from] item: Leftovers
|turn|60
|
|move|p2a: EATING IT UP|Stealth Rock|p1a: Clefable
|-sidestart|p1: bossboss|move: Stealth Rock
|move|p1a: Clefable|Stored Power|p2a: EATING IT UP
|-resisted|p2a: EATING IT UP
|-damage|p2a: EATING IT UP|0 fnt
|faint|p2a: EATING IT UP
|
|chat|Wit of Voltaire|o thats bad
|
|switch|p2a: EATING IT UP|Quagsire, M|271\/394
|turn|61
|
|move|p1a: Clefable|Moonblast|p2a: EATING IT UP
|-damage|p2a: EATING IT UP|115\/394
|move|p2a: EATING IT UP|Stockpile|p2a: EATING IT UP
|-start|p2a: EATING IT UP|stockpile1
|-boost|p2a: EATING IT UP|def|1
|-boost|p2a: EATING IT UP|spd|1
|
|-heal|p2a: EATING IT UP|139\/394|[from] item: Leftovers
|turn|62
|
|move|p1a: Clefable|Moonblast|p2a: EATING IT UP
|-damage|p2a: EATING IT UP|37\/394
|-unboost|p2a: EATING IT UP|spa|1
|move|p2a: EATING IT UP|Recover|p2a: EATING IT UP
|-heal|p2a: EATING IT UP|234\/394
|
|-heal|p2a: EATING IT UP|258\/394|[from] item: Leftovers
|turn|63
|
|move|p1a: Clefable|Calm Mind|p1a: Clefable
|-boost|p1a: Clefable|spa|1
|-boost|p1a: Clefable|spd|1
|move|p2a: EATING IT UP|Recover|p2a: EATING IT UP
|-heal|p2a: EATING IT UP|394\/394
|
|turn|64
|
|move|p1a: Clefable|Calm Mind|p1a: Clefable
|-fail|p1a: Clefable
|move|p2a: EATING IT UP|Stockpile|p2a: EATING IT UP
|-start|p2a: EATING IT UP|stockpile2
|-boost|p2a: EATING IT UP|def|1
|-boost|p2a: EATING IT UP|spd|1
|
|turn|65
|
|move|p1a: Clefable|Calm Mind|p1a: Clefable
|-fail|p1a: Clefable
|move|p2a: EATING IT UP|Stockpile|p2a: EATING IT UP
|-start|p2a: EATING IT UP|stockpile3
|-boost|p2a: EATING IT UP|def|1
|-boost|p2a: EATING IT UP|spd|1
|
|turn|66
|
|move|p1a: Clefable|Calm Mind|p1a: Clefable
|-fail|p1a: Clefable
|move|p2a: EATING IT UP|Scald|p1a: Clefable
|-damage|p1a: Clefable|267\/394 tox
|
|turn|67
|
|move|p1a: Clefable|Calm Mind|p1a: Clefable
|-fail|p1a: Clefable
|move|p2a: EATING IT UP|Scald|p1a: Clefable
|-damage|p1a: Clefable|222\/394 tox
|
|turn|68
|
|move|p1a: Clefable|Calm Mind|p1a: Clefable
|-fail|p1a: Clefable
|move|p2a: EATING IT UP|Scald|p1a: Clefable
|-damage|p1a: Clefable|179\/394 tox
|
|turn|69
|
|move|p1a: Clefable|Soft-Boiled|p1a: Clefable
|-heal|p1a: Clefable|376\/394 tox
|move|p2a: EATING IT UP|Scald|p1a: Clefable
|-damage|p1a: Clefable|328\/394 tox
|
|turn|70
|
|move|p1a: Clefable|Stored Power|p2a: EATING IT UP
|-damage|p2a: EATING IT UP|291\/394
|move|p2a: EATING IT UP|Scald|p1a: Clefable
|-damage|p1a: Clefable|283\/394 tox
|
|-heal|p2a: EATING IT UP|315\/394|[from] item: Leftovers
|turn|71
|
|move|p1a: Clefable|Moonblast|p2a: EATING IT UP
|-damage|p2a: EATING IT UP|252\/394
|-unboost|p2a: EATING IT UP|spa|1
|move|p2a: EATING IT UP|Scald|p1a: Clefable
|-damage|p1a: Clefable|250\/394 tox
|
|-heal|p2a: EATING IT UP|276\/394|[from] item: Leftovers
|turn|72
|
|move|p1a: Clefable|Calm Mind|p1a: Clefable
|-fail|p1a: Clefable
|move|p2a: EATING IT UP|Scald|p1a: Clefable
|-damage|p1a: Clefable|216\/394 tox
|
|-heal|p2a: EATING IT UP|300\/394|[from] item: Leftovers
|turn|73
|
|move|p1a: Clefable|Calm Mind|p1a: Clefable
|-fail|p1a: Clefable
|move|p2a: EATING IT UP|Scald|p1a: Clefable
|-damage|p1a: Clefable|185\/394 tox
|
|-heal|p2a: EATING IT UP|324\/394|[from] item: Leftovers
|turn|74
|chat|Wit of Voltaire|i will get to 1800
|chat|Wit of Voltaire|even if it means sitting here all night
|
|move|p1a: Clefable|Calm Mind|p1a: Clefable
|-fail|p1a: Clefable
|move|p2a: EATING IT UP|Scald|p1a: Clefable
|-damage|p1a: Clefable|149\/394 tox
|
|-heal|p2a: EATING IT UP|348\/394|[from] item: Leftovers
|turn|75
|chat|bossboss|#dedication
|
|move|p1a: Clefable|Soft-Boiled|p1a: Clefable
|-heal|p1a: Clefable|346\/394 tox
|move|p2a: EATING IT UP|Scald|p1a: Clefable
|-damage|p1a: Clefable|313\/394 tox
|
|-heal|p2a: EATING IT UP|372\/394|[from] item: Leftovers
|turn|76
|chat|Wit of Voltaire|lol
|
|move|p1a: Clefable|Calm Mind|p1a: Clefable
|-fail|p1a: Clefable
|move|p2a: EATING IT UP|Scald|p1a: Clefable
|-damage|p1a: Clefable|282\/394 tox
|
|-heal|p2a: EATING IT UP|394\/394|[from] item: Leftovers
|turn|77
|chat|Wit of Voltaire|nah ill leave if this goes on until around 10
|
|move|p1a: Clefable|Calm Mind|p1a: Clefable
|-fail|p1a: Clefable
|move|p2a: EATING IT UP|Scald|p1a: Clefable
|-damage|p1a: Clefable|248\/394 tox
|
|turn|78
|chat|Wit of Voltaire|dont want to be all sleepy tmrw 
|
|move|p1a: Clefable|Calm Mind|p1a: Clefable
|-fail|p1a: Clefable
|move|p2a: EATING IT UP|Scald|p1a: Clefable
|-damage|p1a: Clefable|217\/394 tox
|
|turn|79
|chat|bossboss|where you live
|chat|Wit of Voltaire|california
|chat|bossboss|its 12:09 here'
|chat|bossboss|i see
|
|move|p1a: Clefable|Stored Power|p2a: EATING IT UP
|-damage|p2a: EATING IT UP|279\/394
|move|p2a: EATING IT UP|Scald|p1a: Clefable
|-damage|p1a: Clefable|184\/394 tox
|
|-heal|p2a: EATING IT UP|303\/394|[from] item: Leftovers
|turn|80
|chat|Wit of Voltaire|o
|chat|Wit of Voltaire|u know its pretty late
|chat|Wit of Voltaire|i recommend u go sleep
|
|move|p1a: Clefable|Soft-Boiled|p1a: Clefable
|-heal|p1a: Clefable|381\/394 tox
|move|p2a: EATING IT UP|Scald|p1a: Clefable
|-damage|p1a: Clefable|350\/394 tox
|
|-heal|p2a: EATING IT UP|327\/394|[from] item: Leftovers
|turn|81
|chat|bossboss|i can slp when im dead
|chat|Wit of Voltaire|more sleep is good for ur health
|
|move|p1a: Clefable|Moonblast|p2a: EATING IT UP
|-damage|p2a: EATING IT UP|267\/394
|move|p2a: EATING IT UP|Scald|p1a: Clefable
|-damage|p1a: Clefable|316\/394 tox
|
|-heal|p2a: EATING IT UP|291\/394|[from] item: Leftovers
|turn|82
|chat|bossboss|right now i play mons
|
|move|p1a: Clefable|Calm Mind|p1a: Clefable
|-fail|p1a: Clefable
|move|p2a: EATING IT UP|Scald|p1a: Clefable
|-damage|p1a: Clefable|285\/394 tox
|
|-heal|p2a: EATING IT UP|315\/394|[from] item: Leftovers
|turn|83
|
|move|p1a: Clefable|Calm Mind|p1a: Clefable
|-fail|p1a: Clefable
|move|p2a: EATING IT UP|Scald|p1a: Clefable
|-damage|p1a: Clefable|254\/394 tox
|
|-heal|p2a: EATING IT UP|339\/394|[from] item: Leftovers
|turn|84
|
|move|p1a: Clefable|Calm Mind|p1a: Clefable
|-fail|p1a: Clefable
|move|p2a: EATING IT UP|Scald|p1a: Clefable
|-damage|p1a: Clefable|218\/394 tox
|
|-heal|p2a: EATING IT UP|363\/394|[from] item: Leftovers
|turn|85
|chat|Wit of Voltaire|ur crazy
|
|move|p1a: Clefable|Calm Mind|p1a: Clefable
|-fail|p1a: Clefable
|move|p2a: EATING IT UP|Scald|p1a: Clefable
|-damage|p1a: Clefable|187\/394 tox
|
|-heal|p2a: EATING IT UP|387\/394|[from] item: Leftovers
|turn|86
|
|move|p1a: Clefable|Soft-Boiled|p1a: Clefable
|-heal|p1a: Clefable|384\/394 tox
|move|p2a: EATING IT UP|Scald|p1a: Clefable
|-damage|p1a: Clefable|348\/394 tox
|
|-heal|p2a: EATING IT UP|394\/394|[from] item: Leftovers
|turn|87
|chat|Wit of Voltaire|u have school?
|
|move|p1a: Clefable|Calm Mind|p1a: Clefable
|-fail|p1a: Clefable
|move|p2a: EATING IT UP|Scald|p1a: Clefable
|-damage|p1a: Clefable|312\/394 tox
|
|turn|88
|chat|bossboss|nah
|
|move|p1a: Clefable|Calm Mind|p1a: Clefable
|-fail|p1a: Clefable
|move|p2a: EATING IT UP|Toxic|p1a: Clefable
|-fail|p1a: Clefable|tox
|
|turn|89
|chat|Wit of Voltaire|o how old are you
|
|move|p1a: Clefable|Calm Mind|p1a: Clefable
|-fail|p1a: Clefable
|move|p2a: EATING IT UP|Toxic|p1a: Clefable
|-fail|p1a: Clefable|tox
|
|turn|90
|chat|bossboss|23
|chat|bossboss|grown ass man
|chat|Wit of Voltaire|o nice
|
|move|p1a: Clefable|Moonblast|p2a: EATING IT UP
|-damage|p2a: EATING IT UP|333\/394
|move|p2a: EATING IT UP|Toxic|p1a: Clefable
|-fail|p1a: Clefable|tox
|
|-heal|p2a: EATING IT UP|357\/394|[from] item: Leftovers
|turn|91
|
|move|p1a: Clefable|Moonblast|p2a: EATING IT UP
|-damage|p2a: EATING IT UP|296\/394
|move|p2a: EATING IT UP|Toxic|p1a: Clefable
|-fail|p1a: Clefable|tox
|
|-heal|p2a: EATING IT UP|320\/394|[from] item: Leftovers
|turn|92
|
|move|p1a: Clefable|Moonblast|p2a: EATING IT UP
|-damage|p2a: EATING IT UP|253\/394
|-unboost|p2a: EATING IT UP|spa|1
|move|p2a: EATING IT UP|Toxic|p1a: Clefable
|-fail|p1a: Clefable|tox
|
|-heal|p2a: EATING IT UP|277\/394|[from] item: Leftovers
|turn|93
|
|move|p1a: Clefable|Moonblast|p2a: EATING IT UP
|-damage|p2a: EATING IT UP|214\/394
|-unboost|p2a: EATING IT UP|spa|1
|move|p2a: EATING IT UP|Toxic|p1a: Clefable
|-fail|p1a: Clefable|tox
|
|-heal|p2a: EATING IT UP|238\/394|[from] item: Leftovers
|turn|94
|
|move|p1a: Clefable|Moonblast|p2a: EATING IT UP
|-damage|p2a: EATING IT UP|181\/394
|-unboost|p2a: EATING IT UP|spa|1
|move|p2a: EATING IT UP|Recover|p2a: EATING IT UP
|-heal|p2a: EATING IT UP|378\/394
|
|-heal|p2a: EATING IT UP|394\/394|[from] item: Leftovers
|turn|95
|
|move|p1a: Clefable|Moonblast|p2a: EATING IT UP
|-crit|p2a: EATING IT UP
|-damage|p2a: EATING IT UP|157\/394
|-unboost|p2a: EATING IT UP|spa|1
|move|p2a: EATING IT UP|Toxic|p1a: Clefable
|-fail|p1a: Clefable|tox
|
|-heal|p2a: EATING IT UP|181\/394|[from] item: Leftovers
|turn|96
|chat|Wit of Voltaire|o
|chat|Wit of Voltaire|shoot
|chat|bossboss|o
|chat|Wit of Voltaire|double crit and its over
|chat|bossboss|once more for da kill?
|
|move|p1a: Clefable|Moonblast|p2a: EATING IT UP
|-damage|p2a: EATING IT UP|121\/394
|move|p2a: EATING IT UP|Recover|p2a: EATING IT UP
|-heal|p2a: EATING IT UP|318\/394
|
|-heal|p2a: EATING IT UP|342\/394|[from] item: Leftovers
|turn|97
|chat|bossboss|sike
|
|move|p1a: Clefable|Moonblast|p2a: EATING IT UP
|-damage|p2a: EATING IT UP|276\/394
|move|p2a: EATING IT UP|Toxic|p1a: Clefable
|-fail|p1a: Clefable|tox
|
|-heal|p2a: EATING IT UP|300\/394|[from] item: Leftovers
|turn|98
|
|move|p1a: Clefable|Calm Mind|p1a: Clefable
|-fail|p1a: Clefable
|move|p2a: EATING IT UP|Toxic|p1a: Clefable
|-fail|p1a: Clefable|tox
|
|-heal|p2a: EATING IT UP|324\/394|[from] item: Leftovers
|turn|99
|chat|iris|dam
|chat|Wit of Voltaire|this sucks
|chat|iris|still going
|
|move|p1a: Clefable|Moonblast|p2a: EATING IT UP
|-damage|p2a: EATING IT UP|258\/394
|move|p2a: EATING IT UP|Toxic|p1a: Clefable
|-fail|p1a: Clefable|tox
|
|-heal|p2a: EATING IT UP|282\/394|[from] item: Leftovers
|turn|100
|chat|Wit of Voltaire|already out of scalds
|
|move|p1a: Clefable|Calm Mind|p1a: Clefable
|-fail|p1a: Clefable
|move|p2a: EATING IT UP|Toxic|p1a: Clefable
|-fail|p1a: Clefable|tox
|
|-heal|p2a: EATING IT UP|306\/394|[from] item: Leftovers
|turn|101
|chat|Wit of Voltaire|u shouldve kept suicune
|
|move|p1a: Clefable|Moonblast|p2a: EATING IT UP
|-crit|p2a: EATING IT UP
|-damage|p2a: EATING IT UP|95\/394
|move|p2a: EATING IT UP|Toxic|p1a: Clefable
|-fail|p1a: Clefable|tox
|
|-heal|p2a: EATING IT UP|119\/394|[from] item: Leftovers
|turn|102
|chat|Wit of Voltaire|ooo
|chat|bossboss|uh oh
|chat|Wit of Voltaire|not good not good
|
|move|p1a: Clefable|Moonblast|p2a: EATING IT UP
|-damage|p2a: EATING IT UP|62\/394
|move|p2a: EATING IT UP|Recover|p2a: EATING IT UP
|-heal|p2a: EATING IT UP|259\/394
|
|-heal|p2a: EATING IT UP|283\/394|[from] item: Leftovers
|turn|103
|chat|bossboss|nooo
|chat|Wit of Voltaire|lol
|
|move|p1a: Clefable|Calm Mind|p1a: Clefable
|-fail|p1a: Clefable
|move|p2a: EATING IT UP|Recover|p2a: EATING IT UP
|-heal|p2a: EATING IT UP|394\/394
|
|turn|104
|
|move|p1a: Clefable|Calm Mind|p1a: Clefable
|-fail|p1a: Clefable
|move|p2a: EATING IT UP|Stockpile|p2a: EATING IT UP
|-fail|p2a: EATING IT UP
|
|turn|105
|chat|bossboss|lol
|chat|bossboss|that shit has 32 pp
|chat|bossboss|no beuno
|
|move|p1a: Clefable|Moonblast|p2a: EATING IT UP
|-damage|p2a: EATING IT UP|333\/394
|move|p2a: EATING IT UP|Stockpile|p2a: EATING IT UP
|-fail|p2a: EATING IT UP
|
|-heal|p2a: EATING IT UP|357\/394|[from] item: Leftovers
|turn|106
|
|move|p1a: Clefable|Moonblast|p2a: EATING IT UP
|-damage|p2a: EATING IT UP|293\/394
|move|p2a: EATING IT UP|Stockpile|p2a: EATING IT UP
|-fail|p2a: EATING IT UP
|
|-heal|p2a: EATING IT UP|317\/394|[from] item: Leftovers
|turn|107
|chat|Wit of Voltaire|good to see ur out of cm
|
|move|p1a: Clefable|Moonblast|p2a: EATING IT UP
|-damage|p2a: EATING IT UP|253\/394
|move|p2a: EATING IT UP|Stockpile|p2a: EATING IT UP
|-fail|p2a: EATING IT UP
|
|-heal|p2a: EATING IT UP|277\/394|[from] item: Leftovers
|turn|108
|chat|bossboss|ikr
|
|move|p1a: Clefable|Soft-Boiled|p1a: Clefable
|-heal|p1a: Clefable|394\/394 tox
|move|p2a: EATING IT UP|Stockpile|p2a: EATING IT UP
|-fail|p2a: EATING IT UP
|
|-heal|p2a: EATING IT UP|301\/394|[from] item: Leftovers
|turn|109
|
|move|p1a: Clefable|Soft-Boiled|p1a: Clefable
|-fail|p1a: Clefable
|move|p2a: EATING IT UP|Stockpile|p2a: EATING IT UP
|-fail|p2a: EATING IT UP
|
|-heal|p2a: EATING IT UP|325\/394|[from] item: Leftovers
|turn|110
|
|move|p1a: Clefable|Soft-Boiled|p1a: Clefable
|-fail|p1a: Clefable
|move|p2a: EATING IT UP|Stockpile|p2a: EATING IT UP
|-fail|p2a: EATING IT UP
|
|-heal|p2a: EATING IT UP|349\/394|[from] item: Leftovers
|turn|111
|
|move|p1a: Clefable|Stored Power|p2a: EATING IT UP
|-damage|p2a: EATING IT UP|231\/394
|move|p2a: EATING IT UP|Stockpile|p2a: EATING IT UP
|-fail|p2a: EATING IT UP
|
|-heal|p2a: EATING IT UP|255\/394|[from] item: Leftovers
|turn|112
|
|move|p1a: Clefable|Stored Power|p2a: EATING IT UP
|-damage|p2a: EATING IT UP|146\/394
|move|p2a: EATING IT UP|Recover|p2a: EATING IT UP
|-heal|p2a: EATING IT UP|343\/394
|
|-heal|p2a: EATING IT UP|367\/394|[from] item: Leftovers
|turn|113
|
|move|p1a: Clefable|Stored Power|p2a: EATING IT UP
|-damage|p2a: EATING IT UP|258\/394
|move|p2a: EATING IT UP|Stockpile|p2a: EATING IT UP
|-fail|p2a: EATING IT UP
|
|-heal|p2a: EATING IT UP|282\/394|[from] item: Leftovers
|turn|114
|
|move|p1a: Clefable|Stored Power|p2a: EATING IT UP
|-damage|p2a: EATING IT UP|178\/394
|move|p2a: EATING IT UP|Recover|p2a: EATING IT UP
|-heal|p2a: EATING IT UP|375\/394
|
|-heal|p2a: EATING IT UP|394\/394|[from] item: Leftovers
|turn|115
|
|move|p1a: Clefable|Calm Mind|p1a: Clefable
|-fail|p1a: Clefable
|move|p2a: EATING IT UP|Stockpile|p2a: EATING IT UP
|-fail|p2a: EATING IT UP
|
|turn|116
|chat|Wit of Voltaire|o god
|chat|Wit of Voltaire|u had another
|
|move|p1a: Clefable|Calm Mind|p1a: Clefable
|-fail|p1a: Clefable
|move|p2a: EATING IT UP|Stockpile|p2a: EATING IT UP
|-fail|p2a: EATING IT UP
|
|turn|117
|chat|bossboss|i have lots bro
|chat|Wit of Voltaire|o shoot
|chat|Wit of Voltaire|i was using ctrl f
|chat|Wit of Voltaire|and i forgot u used suicune too
|chat|Wit of Voltaire|nooooooooooo
|
|move|p1a: Clefable|Soft-Boiled|p1a: Clefable
|-fail|p1a: Clefable
|move|p2a: EATING IT UP|Stockpile|p2a: EATING IT UP
|-fail|p2a: EATING IT UP
|
|turn|118
|
|move|p1a: Clefable|Soft-Boiled|p1a: Clefable
|-fail|p1a: Clefable
|move|p2a: EATING IT UP|Stockpile|p2a: EATING IT UP
|-fail|p2a: EATING IT UP
|
|turn|119
|
|move|p1a: Clefable|Moonblast|p2a: EATING IT UP
|-crit|p2a: EATING IT UP
|-damage|p2a: EATING IT UP|153\/394
|move|p2a: EATING IT UP|Stockpile|p2a: EATING IT UP
|-fail|p2a: EATING IT UP
|
|-heal|p2a: EATING IT UP|177\/394|[from] item: Leftovers
|turn|120
|chat|Wit of Voltaire|this is not good
|chat|bossboss|goin for it
|
|move|p1a: Clefable|Stored Power|p2a: EATING IT UP
|-damage|p2a: EATING IT UP|63\/394
|move|p2a: EATING IT UP|Recover|p2a: EATING IT UP
|-heal|p2a: EATING IT UP|260\/394
|
|-heal|p2a: EATING IT UP|284\/394|[from] item: Leftovers
|turn|121
|chat|bossboss|awwww
|
|move|p1a: Clefable|Calm Mind|p1a: Clefable
|-fail|p1a: Clefable
|move|p2a: EATING IT UP|Stockpile|p2a: EATING IT UP
|-fail|p2a: EATING IT UP
|
|-heal|p2a: EATING IT UP|308\/394|[from] item: Leftovers
|turn|122
|chat|bossboss|ok one more
|
|move|p1a: Clefable|Moonblast|p2a: EATING IT UP
|-damage|p2a: EATING IT UP|241\/394
|move|p2a: EATING IT UP|Stockpile|p2a: EATING IT UP
|-fail|p2a: EATING IT UP
|
|-heal|p2a: EATING IT UP|265\/394|[from] item: Leftovers
|turn|123
|chat|bossboss|ahhh
|chat|iris|will this count as 3 wins?
|
|move|p1a: Clefable|Moonblast|p2a: EATING IT UP
|-damage|p2a: EATING IT UP|207\/394
|move|p2a: EATING IT UP|Stockpile|p2a: EATING IT UP
|-fail|p2a: EATING IT UP
|
|-heal|p2a: EATING IT UP|231\/394|[from] item: Leftovers
|turn|124
|chat|bossboss|lol
|chat|bossboss|perhaps!
|
|move|p1a: Clefable|Stored Power|p2a: EATING IT UP
|-damage|p2a: EATING IT UP|115\/394
|move|p2a: EATING IT UP|Recover|p2a: EATING IT UP
|-heal|p2a: EATING IT UP|312\/394
|
|-heal|p2a: EATING IT UP|336\/394|[from] item: Leftovers
|turn|125
|chat|Wit of Voltaire|this always happens with clefables
|
|move|p1a: Clefable|Soft-Boiled|p1a: Clefable
|-fail|p1a: Clefable
|move|p2a: EATING IT UP|Stockpile|p2a: EATING IT UP
|-fail|p2a: EATING IT UP
|
|-heal|p2a: EATING IT UP|360\/394|[from] item: Leftovers
|turn|126
|
|move|p1a: Clefable|Soft-Boiled|p1a: Clefable
|-fail|p1a: Clefable
|move|p2a: EATING IT UP|Stockpile|p2a: EATING IT UP
|-fail|p2a: EATING IT UP
|
|-heal|p2a: EATING IT UP|384\/394|[from] item: Leftovers
|turn|127
|
|move|p1a: Clefable|Stored Power|p2a: EATING IT UP
|-damage|p2a: EATING IT UP|270\/394
|move|p2a: EATING IT UP|Stockpile|p2a: EATING IT UP
|-fail|p2a: EATING IT UP
|
|-heal|p2a: EATING IT UP|294\/394|[from] item: Leftovers
|turn|128
|
|move|p1a: Clefable|Stored Power|p2a: EATING IT UP
|-damage|p2a: EATING IT UP|176\/394
|move|p2a: EATING IT UP|Stockpile|p2a: EATING IT UP
|-fail|p2a: EATING IT UP
|
|-heal|p2a: EATING IT UP|200\/394|[from] item: Leftovers
|turn|129
|
|move|p1a: Clefable|Stored Power|p2a: EATING IT UP
|-damage|p2a: EATING IT UP|82\/394
|move|p2a: EATING IT UP|Recover|p2a: EATING IT UP
|-heal|p2a: EATING IT UP|279\/394
|
|-heal|p2a: EATING IT UP|303\/394|[from] item: Leftovers
|turn|130
|
|move|p1a: Clefable|Soft-Boiled|p1a: Clefable
|-fail|p1a: Clefable
|move|p2a: EATING IT UP|Stockpile|p2a: EATING IT UP
|-fail|p2a: EATING IT UP
|
|-heal|p2a: EATING IT UP|327\/394|[from] item: Leftovers
|turn|131
|
|move|p1a: Clefable|Calm Mind|p1a: Clefable
|-fail|p1a: Clefable
|move|p2a: EATING IT UP|Stockpile|p2a: EATING IT UP
|-fail|p2a: EATING IT UP
|
|-heal|p2a: EATING IT UP|351\/394|[from] item: Leftovers
|turn|132
|
|move|p1a: Clefable|Soft-Boiled|p1a: Clefable
|-fail|p1a: Clefable
|move|p2a: EATING IT UP|Stockpile|p2a: EATING IT UP
|-fail|p2a: EATING IT UP
|
|-heal|p2a: EATING IT UP|375\/394|[from] item: Leftovers
|turn|133
|
|move|p1a: Clefable|Soft-Boiled|p1a: Clefable
|-fail|p1a: Clefable
|move|p2a: EATING IT UP|Stockpile|p2a: EATING IT UP
|-fail|p2a: EATING IT UP
|
|-heal|p2a: EATING IT UP|394\/394|[from] item: Leftovers
|turn|134
|chat|Wit of Voltaire|u cana ctually take me out in one crit stored power i believe
|
|move|p1a: Clefable|Stored Power|p2a: EATING IT UP
|-damage|p2a: EATING IT UP|283\/394
|move|p2a: EATING IT UP|Stockpile|p2a: EATING IT UP
|-fail|p2a: EATING IT UP
|
|-heal|p2a: EATING IT UP|307\/394|[from] item: Leftovers
|turn|135
|chat|Wit of Voltaire|1 crit stored power + another stored power
|
|move|p1a: Clefable|Stored Power|p2a: EATING IT UP
|-damage|p2a: EATING IT UP|187\/394
|move|p2a: EATING IT UP|Stockpile|p2a: EATING IT UP
|-fail|p2a: EATING IT UP
|
|-heal|p2a: EATING IT UP|211\/394|[from] item: Leftovers
|turn|136
|
|move|p1a: Clefable|Stored Power|p2a: EATING IT UP
|-damage|p2a: EATING IT UP|109\/394
|move|p2a: EATING IT UP|Recover|p2a: EATING IT UP
|-heal|p2a: EATING IT UP|306\/394
|
|-heal|p2a: EATING IT UP|330\/394|[from] item: Leftovers
|turn|137
|chat|bossboss|you fought well fable
|
|-activate|p1a: Clefable|move: Struggle
|move|p1a: Clefable|Struggle|p2a: EATING IT UP
|-damage|p2a: EATING IT UP|320\/394
|-damage|p1a: Clefable|296\/394 tox
|move|p2a: EATING IT UP|Recover|p2a: EATING IT UP
|-heal|p2a: EATING IT UP|394\/394
|
|turn|138
|chat|Wit of Voltaire|lol
|
|-activate|p1a: Clefable|move: Struggle
|move|p1a: Clefable|Struggle|p2a: EATING IT UP
|-damage|p2a: EATING IT UP|384\/394
|-damage|p1a: Clefable|198\/394 tox
|-activate|p2a: EATING IT UP|move: Struggle
|move|p2a: EATING IT UP|Struggle|p1a: Clefable
|-damage|p1a: Clefable|169\/394 tox
|-damage|p2a: EATING IT UP|286\/394
|
|-heal|p2a: EATING IT UP|310\/394|[from] item: Leftovers
|turn|139
|chat|bossboss|qqqq
|
|-activate|p1a: Clefable|move: Struggle
|move|p1a: Clefable|Struggle|p2a: EATING IT UP
|-damage|p2a: EATING IT UP|299\/394
|-damage|p1a: Clefable|71\/394 tox
|-activate|p2a: EATING IT UP|move: Struggle
|move|p2a: EATING IT UP|Struggle|p1a: Clefable
|-damage|p1a: Clefable|40\/394 tox
|-damage|p2a: EATING IT UP|201\/394
|
|-heal|p2a: EATING IT UP|225\/394|[from] item: Leftovers
|turn|140
|chat|Wit of Voltaire|gg
|chat|bossboss|GG
|
|-activate|p1a: Clefable|move: Struggle
|move|p1a: Clefable|Struggle|p2a: EATING IT UP
|-damage|p2a: EATING IT UP|215\/394
|-damage|p1a: Clefable|0 fnt
|faint|p1a: Clefable
|
|win|Wit of Voltaire
|raw|Ladder updating...
|raw|bossboss's rating: 1762 &rarr; <strong>1744<\/strong><br \/>(-18 for losing)
|raw|Wit of Voltaire's rating: 1795 &rarr; <strong>1813<\/strong><br \/>(+18 for winning)
|chat|Wit of Voltaire|saddest game ever
|chat|bossboss|ikr
|chat|Wit of Voltaire|good news is 1813