|join|Peabnut Bubber
|join|bossboss
|player|p1|Peabnut Bubber|101
|player|p2|bossboss|102
|gametype|singles
|gen|6
|tier|OU
|rated
|clearpoke
|poke|p1|Tyranitar, M
|poke|p1|Garchomp, M
|poke|p1|Excadrill, F
|poke|p1|Landorus, M
|poke|p1|Aegislash, M
|poke|p1|Mandibuzz, F
|poke|p2|Staraptor, M
|poke|p2|Talonflame, M
|poke|p2|Deoxys-Speed
|poke|p2|Aegislash, F
|poke|p2|Gyarados, M
|poke|p2|Clefable, F
|rule|Sleep Clause Mod: Limit one foe put to sleep
|rule|Species Clause: Limit one of each Pokemon
|rule|OHKO Clause: OHKO moves are banned
|rule|Moody Clause: Moody is banned
|rule|Evasion Moves Clause: Evasion moves are banned
|rule|Endless Battle Clause: Forcing endless battles is banned.
|rule|HP Percentage Mod: HP is reported as percentages
|teampreview
|
|start
|switch|p1a: Aegislash|Aegislash, M|319\/319
|switch|p2a: Staraptor|Staraptor, M|311\/311
|turn|1
|
|move|p2a: Staraptor|U-turn|p1a: Aegislash
|-resisted|p1a: Aegislash
|-damage|p1a: Aegislash|298\/319
|
|switch|p2a: Gyarados|Gyarados, M|353\/353
|move|p1a: Aegislash|Swords Dance|p1a: Aegislash
|-boost|p1a: Aegislash|atk|2
|
|turn|2
|
|-formechange|p1a: Aegislash|Aegislash-Blade
|move|p1a: Aegislash|Shadow Sneak|p2a: Gyarados
|-damage|p2a: Gyarados|124\/353
|move|p2a: Gyarados|Dragon Dance|p2a: Gyarados
|-boost|p2a: Gyarados|atk|1
|-boost|p2a: Gyarados|spe|1
|
|-heal|p2a: Gyarados|146\/353|[from] item: Leftovers
|turn|3
|
|switch|p2a: Staraptor|Staraptor, M|311\/311
|move|p1a: Aegislash|Shadow Sneak|p2a: Staraptor
|-immune|p2a: Staraptor|[msg]
|
|turn|4
|
|-formechange|p1a: Aegislash|Aegislash
|move|p1a: Aegislash|King's Shield|p1a: Aegislash
|-singleturn|p1a: Aegislash|Protect
|move|p2a: Staraptor|Brave Bird|p1a: Aegislash
|-activate|p1a: Aegislash|Protect
|-unboost|p2a: Staraptor|atk|2
|
|turn|5
|
|switch|p2a: Clefable|Clefable, F|394\/394
|-formechange|p1a: Aegislash|Aegislash-Blade
|move|p1a: Aegislash|Iron Head|p2a: Clefable
|-supereffective|p2a: Clefable
|-damage|p2a: Clefable|0 fnt
|faint|p2a: Clefable
|
|
|switch|p2a: Deoxys-Speed|Deoxys-Speed|241\/241
|-ability|p2a: Deoxys-Speed|Pressure
|turn|6
|
|move|p1a: Aegislash|Shadow Sneak|p2a: Deoxys-Speed
|-supereffective|p2a: Deoxys-Speed
|-enditem|p2a: Deoxys-Speed|Focus Sash
|-damage|p2a: Deoxys-Speed|1\/241
|move|p2a: Deoxys-Speed|Stealth Rock|p1a: Aegislash
|-sidestart|p1: Peabnut Bubber|move: Stealth Rock
|
|turn|7
|
|move|p1a: Aegislash|Shadow Sneak|p2a: Deoxys-Speed
|-supereffective|p2a: Deoxys-Speed
|-damage|p2a: Deoxys-Speed|0 fnt
|faint|p2a: Deoxys-Speed
|
|
|switch|p2a: Aegislash|Aegislash, F|261\/261
|turn|8
|
|-formechange|p1a: Aegislash|Aegislash
|move|p1a: Aegislash|King's Shield|p1a: Aegislash
|-singleturn|p1a: Aegislash|Protect
|move|p2a: Aegislash|Autotomize|p2a: Aegislash
|-boost|p2a: Aegislash|spe|2
|-start|p2a: Aegislash|Autotomize
|
|turn|9
|
|-formechange|p2a: Aegislash|Aegislash-Blade
|move|p2a: Aegislash|Shadow Ball|p1a: Aegislash
|-supereffective|p1a: Aegislash
|-damage|p1a: Aegislash|92\/319
|-enditem|p1a: Aegislash|Weakness Policy
|-boost|p1a: Aegislash|atk|2|[from] item: Weakness Policy
|-boost|p1a: Aegislash|spa|2|[from] item: Weakness Policy
|-unboost|p1a: Aegislash|spd|1
|move|p1a: Aegislash|Swords Dance|p1a: Aegislash
|-boost|p1a: Aegislash|atk|2
|
|turn|10
|
|move|p2a: Aegislash|Shadow Sneak|p1a: Aegislash
|-supereffective|p1a: Aegislash
|-damage|p1a: Aegislash|0 fnt
|faint|p1a: Aegislash
|
|
|switch|p1a: Garchomp|Garchomp, M|357\/357
|-damage|p1a: Garchomp|335\/357|[from] Stealth Rock
|turn|11
|
|switch|p2a: Talonflame|Talonflame, M|297\/297
|move|p1a: Garchomp|Stealth Rock|p2a: Talonflame
|-sidestart|p2: bossboss|move: Stealth Rock
|
|turn|12
|
|move|p2a: Talonflame|Brave Bird|p1a: Garchomp
|-damage|p1a: Garchomp|74\/357
|-damage|p2a: Talonflame|211\/297|[from] recoil|[of] p1a: Garchomp
|move|p1a: Garchomp|Outrage|p2a: Talonflame
|-damage|p2a: Talonflame|0 fnt
|-damage|p1a: Garchomp|39\/357|[from] item: Life Orb
|faint|p2a: Talonflame
|
|
|switch|p2a: Aegislash|Aegislash, F|261\/261
|-damage|p2a: Aegislash|245\/261|[from] Stealth Rock
|turn|13
|
|-formechange|p2a: Aegislash|Aegislash-Blade
|move|p2a: Aegislash|Shadow Sneak|p1a: Garchomp
|-damage|p1a: Garchomp|0 fnt
|faint|p1a: Garchomp
|
|
|switch|p1a: Landorus|Landorus, M|319\/319
|-damage|p1a: Landorus|280\/319|[from] Stealth Rock
|turn|14
|
|move|p1a: Landorus|Earth Power|p2a: Aegislash
|-supereffective|p2a: Aegislash
|-damage|p2a: Aegislash|0 fnt
|faint|p2a: Aegislash
|
|
|switch|p2a: Staraptor|Staraptor, M|311\/311
|-damage|p2a: Staraptor|234\/311|[from] Stealth Rock
|turn|15
|
|move|p1a: Landorus|Hidden Power|p2a: Staraptor
|-supereffective|p2a: Staraptor
|-damage|p2a: Staraptor|0 fnt
|-damage|p1a: Landorus|249\/319|[from] item: Life Orb
|faint|p2a: Staraptor
|
|-message|bossboss forfeited.
|
|win|Peabnut Bubber
|raw|Ladder updating...
|leave|bossboss
|player|p2
|raw|Peabnut Bubber's rating: 1628 &rarr; <strong>1651<\/strong><br \/>(+23 for winning)
|raw|bossboss's rating: 1679 &rarr; <strong>1656<\/strong><br \/>(-23 for losing)