|join|Adirat_cuz_Negat
|join|Servius
|player|p1|Adirat_cuz_Negat|159
|player|p2|Servius|101
|gametype|singles
|gen|6
|tier|OU
|rated
|clearpoke
|poke|p1|Sylveon, M
|poke|p1|Magnezone
|poke|p1|Keldeo
|poke|p1|Latias, F
|poke|p1|Garchomp, F
|poke|p1|Gyarados, M
|poke|p2|Sableye, M
|poke|p2|Tyranitar, M, shiny
|poke|p2|Gyarados, M
|poke|p2|Ferrothorn, M, shiny
|poke|p2|Thundurus, M
|poke|p2|Infernape, F
|rule|Swagger Clause: Swagger is banned
|rule|Baton Pass Clause: Limit one PokÃ©mon knowing Baton Pass
|rule|Sleep Clause Mod: Limit one foe put to sleep
|rule|Species Clause: Limit one of each PokÃ©mon
|rule|OHKO Clause: OHKO moves are banned
|rule|Moody Clause: Moody is banned
|rule|Evasion Moves Clause: Evasion moves are banned
|rule|Endless Battle Clause: Forcing endless battles is banned
|rule|HP Percentage Mod: HP is shown in percentages
|teampreview
|
|start
|switch|p1a: Garchomp|Garchomp, F|357\/357
|switch|p2a: Fantasmita|Sableye, M|304\/304
|turn|1
|
|switch|p1a: Sylveon|Sylveon, M|392\/392
|detailschange|p2a: Fantasmita|Sableye-Mega, M
|message|Sableye has Mega Evolved into Mega Sableye!
|move|p2a: Fantasmita|Will-O-Wisp|p1a: Sylveon|[miss]
|-miss|p2a: Fantasmita|p1a: Sylveon
|
|turn|2
|
|switch|p2a: Ferrothorn|Ferrothorn, M, shiny|352\/352
|move|p1a: Sylveon|Baton Pass|p1a: Sylveon
|
|switch|p1a: Magnezone|Magnezone|282\/282
|
|turn|3
|
|switch|p2a: Infernape|Infernape, F|293\/293
|move|p1a: Magnezone|Hidden Power|p2a: Infernape
|-resisted|p2a: Infernape
|-damage|p2a: Infernape|237\/293
|
|turn|4
|
|switch|p1a: Latias|Latias, F|320\/320
|move|p2a: Infernape|Thunder Punch|p1a: Latias
|-resisted|p1a: Latias
|-damage|p1a: Latias|264\/320
|-damage|p2a: Infernape|208\/293|[from] item: Life Orb
|
|turn|5
|
|switch|p2a: Ferrothorn|Ferrothorn, M, shiny|352\/352
|move|p1a: Latias|Draco Meteor|p2a: Ferrothorn|[miss]
|-miss|p1a: Latias|p2a: Ferrothorn
|
|turn|6
|
|switch|p1a: Garchomp|Garchomp, F|357\/357
|move|p2a: Ferrothorn|Spikes|p1a: Garchomp
|-sidestart|p1: Adirat_cuz_Negat|Spikes
|
|turn|7
|
|move|p1a: Garchomp|Stealth Rock|p2a: Ferrothorn
|-sidestart|p2: Servius|move: Stealth Rock
|move|p2a: Ferrothorn|Leech Seed|p1a: Garchomp
|-start|p1a: Garchomp|move: Leech Seed
|
|-damage|p1a: Garchomp|313\/357|[from] Leech Seed|[of] p2a: Ferrothorn
|turn|8
|
|move|p1a: Garchomp|Fire Blast|p2a: Ferrothorn
|-supereffective|p2a: Ferrothorn
|-damage|p2a: Ferrothorn|160\/352
|move|p2a: Ferrothorn|Spikes|p1a: Garchomp
|-sidestart|p1: Adirat_cuz_Negat|Spikes
|
|-damage|p1a: Garchomp|269\/357|[from] Leech Seed|[of] p2a: Ferrothorn
|-heal|p2a: Ferrothorn|204\/352|[silent]
|turn|9
|
|switch|p2a: Tyranitar|Tyranitar, M, shiny|403\/403
|-damage|p2a: Tyranitar|353\/403|[from] Stealth Rock
|-weather|Sandstorm
|move|p1a: Garchomp|Fire Blast|p2a: Tyranitar|[miss]
|-miss|p1a: Garchomp|p2a: Tyranitar
|
|-weather|Sandstorm|[upkeep]
|-heal|p2a: Tyranitar|378\/403|[from] item: Leftovers
|-damage|p1a: Garchomp|225\/357|[from] Leech Seed|[of] p2a: Tyranitar
|-heal|p2a: Tyranitar|403\/403|[silent]
|turn|10
|
|move|p1a: Garchomp|Earthquake|p2a: Tyranitar
|-supereffective|p2a: Tyranitar
|-damage|p2a: Tyranitar|145\/403
|move|p2a: Tyranitar|Stealth Rock|p1a: Garchomp
|-sidestart|p1: Adirat_cuz_Negat|move: Stealth Rock
|
|-weather|Sandstorm|[upkeep]
|-heal|p2a: Tyranitar|170\/403|[from] item: Leftovers
|-damage|p1a: Garchomp|181\/357|[from] Leech Seed|[of] p2a: Tyranitar
|-heal|p2a: Tyranitar|214\/403|[silent]
|turn|11
|
|switch|p2a: Gyarados|Gyarados, M|353\/353
|-damage|p2a: Gyarados|265\/353|[from] Stealth Rock
|-ability|p2a: Gyarados|Intimidate|[of] p1a: Garchomp
|-unboost|p1a: Garchomp|atk|1
|move|p1a: Garchomp|Earthquake|p2a: Gyarados
|-immune|p2a: Gyarados|[msg]
|
|-weather|Sandstorm|[upkeep]
|-damage|p2a: Gyarados|243\/353|[from] Sandstorm
|-heal|p2a: Gyarados|265\/353|[from] item: Leftovers
|-damage|p1a: Garchomp|137\/357|[from] Leech Seed|[of] p2a: Gyarados
|-heal|p2a: Gyarados|309\/353|[silent]
|turn|12
|
|switch|p1a: Sylveon|Sylveon, M|392\/392
|-damage|p1a: Sylveon|327\/392|[from] Spikes
|-damage|p1a: Sylveon|278\/392|[from] Stealth Rock
|move|p2a: Gyarados|Substitute|p2a: Gyarados
|-start|p2a: Gyarados|Substitute
|-damage|p2a: Gyarados|221\/353
|
|-weather|Sandstorm|[upkeep]
|-damage|p2a: Gyarados|199\/353|[from] Sandstorm
|-damage|p1a: Sylveon|254\/392|[from] Sandstorm
|-heal|p2a: Gyarados|221\/353|[from] item: Leftovers
|turn|13
|
|move|p2a: Gyarados|Dragon Dance|p2a: Gyarados
|-boost|p2a: Gyarados|atk|1
|-boost|p2a: Gyarados|spe|1
|move|p1a: Sylveon|Hyper Voice|p2a: Gyarados
|-crit|p2a: Gyarados
|-damage|p2a: Gyarados|0 fnt
|faint|p2a: Gyarados
|
|-weather|none
|
|switch|p2a: Ferrothorn|Ferrothorn, M, shiny|204\/352
|-damage|p2a: Ferrothorn|182\/352|[from] Stealth Rock
|turn|14
|
|switch|p1a: Garchomp|Garchomp, F|137\/357
|-damage|p1a: Garchomp|78\/357|[from] Spikes
|-damage|p1a: Garchomp|56\/357|[from] Stealth Rock
|move|p2a: Ferrothorn|Leech Seed|p1a: Garchomp|[miss]
|-miss|p2a: Ferrothorn|p1a: Garchomp
|
|turn|15
|
|switch|p2a: Infernape|Infernape, F|208\/293
|-damage|p2a: Infernape|172\/293|[from] Stealth Rock
|move|p1a: Garchomp|Fire Blast|p2a: Infernape
|-resisted|p2a: Infernape
|-damage|p2a: Infernape|119\/293
|
|turn|16
|
|switch|p1a: Latias|Latias, F|264\/320
|-damage|p1a: Latias|224\/320|[from] Stealth Rock
|move|p2a: Infernape|Close Combat|p1a: Latias
|-resisted|p1a: Latias
|-damage|p1a: Latias|104\/320
|-unboost|p2a: Infernape|def|1
|-unboost|p2a: Infernape|spd|1
|-damage|p2a: Infernape|90\/293|[from] item: Life Orb
|
|turn|17
|
|switch|p2a: Fantasmita|Sableye-Mega, M|304\/304
|-damage|p2a: Fantasmita|266\/304|[from] Stealth Rock
|move|p1a: Latias|Draco Meteor|p2a: Fantasmita
|-damage|p2a: Fantasmita|32\/304
|-unboost|p1a: Latias|spa|2
|-damage|p1a: Latias|72\/320|[from] item: Life Orb
|
|turn|18
|-message|Servius forfeited.
|
|win|Adirat_cuz_Negat
|raw|Ladder updating...
|leave|Servius
|player|p2
|raw|Adirat_cuz_Negat's rating: 1475 &rarr; <strong>1493<\/strong><br \/>(+18 for winning)
|raw|Servius's rating: 1440 &rarr; <strong>1422<\/strong><br \/>(-18 for losing)