|join|Gros orteil@_@@_#
|join|Adirat_cuz_Negat
|player|p1|Gros orteil@_@@_#|107
|player|p2|Adirat_cuz_Negat|283
|gametype|singles
|gen|6
|tier|OU
|rated
|clearpoke
|poke|p1|Slowbro, M
|poke|p1|Tornadus-Therian, M
|poke|p1|Sylveon, F, shiny
|poke|p1|Landorus-Therian, M, shiny
|poke|p1|Hydreigon, M
|poke|p1|Sableye, F, shiny
|poke|p2|Beedrill, M
|poke|p2|Magnezone
|poke|p2|Talonflame, F
|poke|p2|Celebi
|poke|p2|Starmie
|poke|p2|Landorus-Therian, M
|rule|Swagger Clause: Swagger is banned
|rule|Baton Pass Clause: Limit one PokÃ©mon knowing Baton Pass
|rule|Sleep Clause Mod: Limit one foe put to sleep
|rule|Species Clause: Limit one of each PokÃ©mon
|rule|OHKO Clause: OHKO moves are banned
|rule|Moody Clause: Moody is banned
|rule|Evasion Moves Clause: Evasion moves are banned
|rule|Endless Battle Clause: Forcing endless battles is banned
|rule|HP Percentage Mod: HP is shown in percentages
|teampreview
|
|start
|switch|p1a: Sableye|Sableye, F, shiny|303\/303
|switch|p2a: Talonflame|Talonflame, F|297\/297
|turn|1
|
|switch|p1a: Landorus-Therian|Landorus-Therian, M, shiny|355\/355
|-ability|p1a: Landorus-Therian|Intimidate|[of] p2a: Talonflame
|-unboost|p2a: Talonflame|atk|1
|move|p2a: Talonflame|Brave Bird|p1a: Landorus-Therian
|-damage|p1a: Landorus-Therian|235\/355
|-damage|p2a: Talonflame|257\/297|[from] recoil|[of] p1a: Landorus-Therian
|
|-heal|p1a: Landorus-Therian|257\/355|[from] item: Leftovers
|turn|2
|
|switch|p2a: Starmie|Starmie|259\/259
|move|p1a: Landorus-Therian|U-turn|p2a: Starmie
|-supereffective|p2a: Starmie
|-damage|p2a: Starmie|69\/259
|
|switch|p1a: Tornadus-Therian|Tornadus-Therian, M|299\/299
|
|turn|3
|
|switch|p2a: Magnezone|Magnezone|281\/281
|move|p1a: Tornadus-Therian|U-turn|p2a: Magnezone
|-resisted|p2a: Magnezone
|-damage|p2a: Magnezone|251\/281
|
|switch|p1a: Landorus-Therian|Landorus-Therian, M, shiny|257\/355
|-ability|p1a: Landorus-Therian|Intimidate|[of] p2a: Magnezone
|-unboost|p2a: Magnezone|atk|1
|
|-heal|p1a: Landorus-Therian|279\/355|[from] item: Leftovers
|turn|4
|
|move|p2a: Magnezone|Flash Cannon|p1a: Landorus-Therian
|-damage|p1a: Landorus-Therian|111\/355
|move|p1a: Landorus-Therian|Stealth Rock|p2a: Magnezone
|-sidestart|p2: Adirat_cuz_Negat|move: Stealth Rock
|
|-heal|p1a: Landorus-Therian|133\/355|[from] item: Leftovers
|turn|5
|
|switch|p1a: Slowbro|Slowbro, M|393\/393
|move|p2a: Magnezone|Flash Cannon|p1a: Slowbro
|-resisted|p1a: Slowbro
|-damage|p1a: Slowbro|306\/393
|
|turn|6
|
|switch|p1a: Tornadus-Therian|Tornadus-Therian, M|299\/299
|move|p2a: Magnezone|Thunderbolt|p1a: Tornadus-Therian
|-crit|p1a: Tornadus-Therian
|-supereffective|p1a: Tornadus-Therian
|-damage|p1a: Tornadus-Therian|0 fnt
|faint|p1a: Tornadus-Therian
|
|
|switch|p1a: Hydreigon|Hydreigon, M|357\/357
|turn|7
|
|move|p1a: Hydreigon|Fire Blast|p2a: Magnezone|[miss]
|-miss|p1a: Hydreigon|p2a: Magnezone
|move|p2a: Magnezone|Flash Cannon|p1a: Hydreigon
|-damage|p1a: Hydreigon|212\/357
|
|turn|8
|
|move|p1a: Hydreigon|Fire Blast|p2a: Magnezone
|-supereffective|p2a: Magnezone
|-damage|p2a: Magnezone|0 fnt
|-damage|p1a: Hydreigon|177\/357|[from] item: Life Orb
|faint|p2a: Magnezone
|
|
|switch|p2a: Starmie|Starmie|69\/259
|-damage|p2a: Starmie|37\/259|[from] Stealth Rock
|turn|9
|
|move|p2a: Starmie|Ice Beam|p1a: Hydreigon
|-supereffective|p1a: Hydreigon
|-damage|p1a: Hydreigon|0 fnt
|-damage|p2a: Starmie|12\/259|[from] item: Life Orb
|faint|p1a: Hydreigon
|
|
|switch|p1a: Slowbro|Slowbro, M|393\/393
|turn|10
|
|detailschange|p1a: Slowbro|Slowbro-Mega, M
|-mega|p1a: Slowbro|Slowbro|Slowbronite
|move|p2a: Starmie|Rapid Spin|p1a: Slowbro
|-damage|p1a: Slowbro|385\/393
|-sideend|p2: Adirat_cuz_Negat|Stealth Rock|[from] move: Rapid Spin|[of] p2a: Starmie
|-damage|p2a: Starmie|0 fnt|[from] item: Life Orb
|faint|p2a: Starmie
|move|p1a: Slowbro|Calm Mind|p1a: Slowbro
|-boost|p1a: Slowbro|spa|1
|-boost|p1a: Slowbro|spd|1
|
|
|switch|p2a: Celebi|Celebi|359\/359
|turn|11
|
|move|p2a: Celebi|Swords Dance|p2a: Celebi
|-boost|p2a: Celebi|atk|2
|move|p1a: Slowbro|Calm Mind|p1a: Slowbro
|-boost|p1a: Slowbro|spa|1
|-boost|p1a: Slowbro|spd|1
|
|turn|12
|
|move|p2a: Celebi|Seed Bomb|p1a: Slowbro
|-supereffective|p1a: Slowbro
|-damage|p1a: Slowbro|169\/393
|move|p1a: Slowbro|Scald|p2a: Celebi
|-resisted|p2a: Celebi
|-damage|p2a: Celebi|240\/359
|
|-heal|p2a: Celebi|262\/359|[from] item: Leftovers
|turn|13
|
|move|p2a: Celebi|Seed Bomb|p1a: Slowbro
|-supereffective|p1a: Slowbro
|-damage|p1a: Slowbro|0 fnt
|faint|p1a: Slowbro
|
|-heal|p2a: Celebi|284\/359|[from] item: Leftovers
|
|switch|p1a: Sableye|Sableye, F, shiny|303\/303
|turn|14
|
|move|p1a: Sableye|Will-O-Wisp|p2a: Celebi
|-status|p2a: Celebi|brn
|move|p2a: Celebi|Baton Pass|p2a: Celebi
|
|switch|p2a: Talonflame|Talonflame, F|257\/297
|
|turn|15
|
|move|p2a: Talonflame|Brave Bird|p1a: Sableye
|-damage|p1a: Sableye|0 fnt
|-damage|p2a: Talonflame|157\/297|[from] recoil|[of] p1a: Sableye
|faint|p1a: Sableye
|
|
|switch|p1a: Landorus-Therian|Landorus-Therian, M, shiny|133\/355
|-ability|p1a: Landorus-Therian|Intimidate|[of] p2a: Talonflame
|-unboost|p2a: Talonflame|atk|1
|turn|16
|
|move|p2a: Talonflame|Brave Bird|p1a: Landorus-Therian
|-damage|p1a: Landorus-Therian|0 fnt
|-damage|p2a: Talonflame|113\/297|[from] recoil|[of] p1a: Landorus-Therian
|faint|p1a: Landorus-Therian
|
|c|âGros orteil@_@@_#|gg
|
|switch|p1a: Sylveon|Sylveon, F, shiny|393\/393
|turn|17
|
|move|p2a: Talonflame|Brave Bird|p1a: Sylveon
|-damage|p1a: Sylveon|0 fnt
|-damage|p2a: Talonflame|0 fnt|[from] recoil|[of] p1a: Sylveon
|faint|p1a: Sylveon
|faint|p2a: Talonflame
|
|win|Adirat_cuz_Negat
|raw|Ladder updating...
|c|âAdirat_cuz_Negat|gg
|raw|Gros orteil@_@@_#'s rating: 1650 &rarr; <strong>1625<\/strong><br \/>(-25 for losing)
|raw|Adirat_cuz_Negat's rating: 1571 &rarr; <strong>1596<\/strong><br \/>(+25 for winning)
|c|âAdirat_cuz_Negat|kamikaze burd
|c|âGros orteil@_@@_#|y
|leave|Gros orteil@_@@_#
|player|p1