|join|Reverb
|join|God Rolo
|player|p1|Reverb|#reverb
|player|p2|God Rolo|33
|gametype|singles
|gen|6
|tier|OU
|rated
|clearpoke
|poke|p1|Skarmory, F
|poke|p1|Chansey, F
|poke|p1|Sableye, F
|poke|p1|Quagsire, F
|poke|p1|Cresselia, F
|poke|p1|Gothitelle, F
|poke|p2|Sharpedo, M
|poke|p2|Clefable, F, shiny
|poke|p2|Ferrothorn, F
|poke|p2|Heatran, M, shiny
|poke|p2|Slowbro, M
|poke|p2|Gliscor, F, shiny
|rule|Swagger Clause: Swagger is banned
|rule|Baton Pass Clause: Limit one PokÃ©mon knowing Baton Pass
|rule|Sleep Clause Mod: Limit one foe put to sleep
|rule|Species Clause: Limit one of each PokÃ©mon
|rule|OHKO Clause: OHKO moves are banned
|rule|Moody Clause: Moody is banned
|rule|Evasion Moves Clause: Evasion moves are banned
|rule|Endless Battle Clause: Forcing endless battles is banned
|rule|HP Percentage Mod: HP is shown in percentages
|teampreview
|join|y4
|join|Henry
|join|Ox the Box
|
|start
|switch|p1a: Sableye|Sableye, F|304\/304
|switch|p2a: Heatran|Heatran, M, shiny|385\/385
|-item|p2a: Heatran|Air Balloon
|turn|1
|c| Ox the Box|gdi
|join|y4 sucK
|c| Henry|i hope you see whats going n here
|join|Cienight
|join|ryzed
|
|detailschange|p1a: Sableye|Sableye-Mega, F
|-mega|p1a: Sableye|Sableye|Sablenite
|move|p2a: Heatran|Lava Plume|p1a: Sableye
|-damage|p1a: Sableye|195\/304
|-status|p1a: Sableye|brn
|move|p1a: Sableye|Snarl|p2a: Heatran
|-damage|p2a: Heatran|349\/385
|-enditem|p2a: Heatran|Air Balloon
|-unboost|p2a: Heatran|spa|1
|
|-damage|p1a: Sableye|157\/304 brn|[from] brn
|turn|2
|c| Ox the Box|i keep getting poor souls
|join|Demandred
|c| Henry|reverb
|c| y4|caution god rolo this is the stall so hard a literal retard could go 90-10 with it
|c| Henry|because i sure do
|join|SwaggBoii
|join|Outrageous Fortune
|c| Cienight|OMG THE LEGENDARY Y4
|join|CleanerThanRotom-W
|
|move|p2a: Heatran|Lava Plume|p1a: Sableye
|-damage|p1a: Sableye|91\/304 brn
|move|p1a: Sableye|Recover|p1a: Sableye
|-heal|p1a: Sableye|243\/304 brn
|
|-damage|p1a: Sableye|205\/304 brn|[from] brn
|turn|3
|join|Alkov
|join|Lycon
|c| y4|smogon tour winner in the flesh
|join|Glorious Advance
|
|switch|p2a: Gliscor|Gliscor, F, shiny|352\/352
|move|p1a: Sableye|Recover|p1a: Sableye
|-heal|p1a: Sableye|304\/304 brn
|
|-damage|p1a: Sableye|266\/304 brn|[from] brn
|-status|p2a: Gliscor|tox|[from] item: Toxic Orb
|turn|4
|join|la douleur exquise
|join|Costi93
|
|switch|p2a: Heatran|Heatran, M, shiny|349\/385
|switch|p1a: Skarmory|Skarmory, F|334\/334
|
|turn|5
|
|switch|p1a: Chansey|Chansey, F|642\/642
|move|p2a: Heatran|Lava Plume|p1a: Chansey
|-damage|p1a: Chansey|582\/642
|
|turn|6
|c| Ox the Box|reverb are u in ost
|
|move|p2a: Heatran|Stealth Rock|p1a: Chansey
|-sidestart|p1: Reverb|move: Stealth Rock
|move|p1a: Chansey|Stealth Rock|p2a: Heatran
|-sidestart|p2: God Rolo|move: Stealth Rock
|
|turn|7
|c|âReverb|ye
|join|Hashtag Hungryâ¥
|c| Ox the Box|u play r1 yet
|c|âReverb|n
|join|nathaaan
|
|move|p2a: Heatran|Will-O-Wisp|p1a: Chansey
|-status|p1a: Chansey|brn
|move|p1a: Chansey|Aromatherapy|p1a: Chansey
|-cureteam|p1a: Chansey|[from] move: Aromatherapy
|
|turn|8
|
|switch|p2a: Clefable|Clefable, F, shiny|393\/393
|-damage|p2a: Clefable|344\/393|[from] Stealth Rock
|move|p1a: Chansey|Seismic Toss|p2a: Clefable
|-damage|p2a: Clefable|244\/393
|
|-heal|p2a: Clefable|268\/393|[from] item: Leftovers
|turn|9
|
|switch|p2a: Sharpedo|Sharpedo, M|281\/281
|-damage|p2a: Sharpedo|246\/281|[from] Stealth Rock
|switch|p1a: Cresselia|Cresselia, F|444\/444
|-damage|p1a: Cresselia|389\/444|[from] Stealth Rock
|
|-heal|p1a: Cresselia|416\/444|[from] item: Leftovers
|turn|10
|c| Outrageous Fortune|hydro
|c| Outrageous Fortune|pump
|
|switch|p1a: Quagsire|Quagsire, F|394\/394
|-damage|p1a: Quagsire|370\/394|[from] Stealth Rock
|move|p2a: Sharpedo|Crunch|p1a: Quagsire
|-damage|p1a: Quagsire|240\/394
|-unboost|p1a: Quagsire|def|1
|
|-heal|p1a: Quagsire|264\/394|[from] item: Leftovers
|-boost|p2a: Sharpedo|spe|1|[from] ability: Speed Boost
|turn|11
|join|Stall Illuminati
|c| Outrageous Fortune|sharpedo
|c| y4|oh fuck bro
|
|detailschange|p2a: Sharpedo|Sharpedo-Mega, M
|-mega|p2a: Sharpedo|Sharpedo|Sharpedonite
|move|p2a: Sharpedo|Crunch|p1a: Quagsire
|-damage|p1a: Quagsire|0 fnt
|faint|p1a: Quagsire
|
|c| ryzed|shouldve just mega'ed
|c| y4|its time
|c| y4 sucK|why u dont mega
|c| y4 sucK|owned
|c| ryzed|not like you need the speed lol
|
|switch|p1a: Sableye|Sableye-Mega, F|266\/304
|-damage|p1a: Sableye|228\/304|[from] Stealth Rock
|turn|12
|c| Outrageous Fortune|sub sharpedo
|
|switch|p2a: Heatran|Heatran, M, shiny|349\/385
|-damage|p2a: Heatran|301\/385|[from] Stealth Rock
|move|p1a: Sableye|Will-O-Wisp|p2a: Heatran
|-start|p2a: Heatran|ability: Flash Fire
|
|turn|13
|
|switch|p1a: Chansey|Chansey, F|582\/642
|-damage|p1a: Chansey|502\/642|[from] Stealth Rock
|move|p2a: Heatran|Lava Plume|p1a: Chansey
|-damage|p1a: Chansey|409\/642
|
|turn|14
|
|move|p2a: Heatran|Will-O-Wisp|p1a: Chansey
|-status|p1a: Chansey|brn
|move|p1a: Chansey|Soft-Boiled|p1a: Chansey
|-heal|p1a: Chansey|642\/642 brn
|
|-damage|p1a: Chansey|562\/642 brn|[from] brn
|turn|15
|c| y4|taUNT
|
|move|p2a: Heatran|Lava Plume|p1a: Chansey
|-damage|p1a: Chansey|463\/642 brn
|move|p1a: Chansey|Seismic Toss|p2a: Heatran
|-damage|p2a: Heatran|201\/385
|
|-damage|p1a: Chansey|383\/642 brn|[from] brn
|turn|16
|leave|CleanerThanRotom-W
|
|switch|p2a: Sharpedo|Sharpedo-Mega, M|246\/281
|-damage|p2a: Sharpedo|211\/281|[from] Stealth Rock
|move|p1a: Chansey|Soft-Boiled|p1a: Chansey
|-heal|p1a: Chansey|642\/642 brn
|
|-damage|p1a: Chansey|562\/642 brn|[from] brn
|turn|17
|
|switch|p1a: Skarmory|Skarmory, F|334\/334
|-damage|p1a: Skarmory|293\/334|[from] Stealth Rock
|move|p2a: Sharpedo|Crunch|p1a: Skarmory
|-damage|p1a: Skarmory|148\/334
|
|turn|18
|
|move|p2a: Sharpedo|Crunch|p1a: Skarmory
|-damage|p1a: Skarmory|7\/334
|move|p1a: Skarmory|Roost|p1a: Skarmory
|-heal|p1a: Skarmory|174\/334
|
|turn|19
|c| y4 sucK|Powerful.
|c| y4|this is gonna work out
|
|move|p2a: Sharpedo|Crunch|p1a: Skarmory
|-damage|p1a: Skarmory|24\/334
|move|p1a: Skarmory|Counter|p2a: Sharpedo
|-damage|p2a: Sharpedo|0 fnt
|faint|p2a: Sharpedo
|
|c|âGod Rolo|hay
|c|âGod Rolo|shit
|c|âGod Rolo|xD
|c| y4|:>
|c| y4|xD
|c| y4 sucK|force it out
|c| y4 sucK|with a fast Pokemon
|
|switch|p2a: Heatran|Heatran, M, shiny|201\/385
|-damage|p2a: Heatran|153\/385|[from] Stealth Rock
|turn|20
|c|âGod Rolo|sharpedo op
|
|switch|p1a: Chansey|Chansey, F|562\/642
|-damage|p1a: Chansey|482\/642|[from] Stealth Rock
|move|p2a: Heatran|Lava Plume|p1a: Chansey
|-damage|p1a: Chansey|416\/642
|
|turn|21
|
|switch|p2a: Ferrothorn|Ferrothorn, F|351\/351
|-damage|p2a: Ferrothorn|330\/351|[from] Stealth Rock
|move|p1a: Chansey|Soft-Boiled|p1a: Chansey
|-heal|p1a: Chansey|642\/642
|
|turn|22
|
|switch|p1a: Sableye|Sableye-Mega, F|228\/304
|-damage|p1a: Sableye|190\/304|[from] Stealth Rock
|move|p2a: Ferrothorn|Spikes|p1a: Sableye
|move|p1a: Sableye|Spikes|p2a: Ferrothorn|[from]Magic Bounce
|-sidestart|p2: God Rolo|Spikes
|
|turn|23
|leave|Lycon
|
|move|p1a: Sableye|Recover|p1a: Sableye
|-heal|p1a: Sableye|304\/304
|move|p2a: Ferrothorn|Gyro Ball|p1a: Sableye
|-damage|p1a: Sableye|271\/304
|
|turn|24
|
|switch|p2a: Clefable|Clefable, F, shiny|268\/393
|-damage|p2a: Clefable|219\/393|[from] Stealth Rock
|-damage|p2a: Clefable|170\/393|[from] Spikes
|move|p1a: Sableye|Snarl|p2a: Clefable
|-resisted|p2a: Clefable
|-damage|p2a: Clefable|141\/393
|-unboost|p2a: Clefable|spa|1
|
|-heal|p2a: Clefable|165\/393|[from] item: Leftovers
|turn|25
|c| y4 sucK|stop stroking god rolo...
|
|switch|p1a: Gothitelle|Gothitelle, F|301\/301
|-damage|p1a: Gothitelle|264\/301|[from] Stealth Rock
|move|p2a: Clefable|Moonlight|p2a: Clefable
|-heal|p2a: Clefable|361\/393
|
|-heal|p2a: Clefable|385\/393|[from] item: Leftovers
|turn|26
|
|move|p1a: Gothitelle|Trick|p2a: Clefable
|-activate|p1a: Gothitelle|move: Trick|[of] p2a: Clefable
|-item|p2a: Clefable|Choice Scarf|[from] move: Trick
|-item|p1a: Gothitelle|Leftovers|[from] move: Trick
|move|p2a: Clefable|Moonblast|p1a: Gothitelle
|-damage|p1a: Gothitelle|212\/301
|
|-heal|p1a: Gothitelle|230\/301|[from] item: Leftovers
|turn|27
|c| y4|sigh
|c|âGod Rolo|mm
|c| y4|click skip turn before i lose my __patience__
|c| ryzed|+6+6 goth inc
|join|A2tehBR
|join|Druides
|c| A2tehBR|this fricken mon
|
|move|p1a: Gothitelle|Calm Mind|p1a: Gothitelle
|-boost|p1a: Gothitelle|spa|1
|-boost|p1a: Gothitelle|spd|1
|move|p2a: Clefable|Moonblast|p1a: Gothitelle
|-damage|p1a: Gothitelle|173\/301
|
|-heal|p1a: Gothitelle|191\/301|[from] item: Leftovers
|turn|28
|c|âGod Rolo|unaware
|
|move|p1a: Gothitelle|Calm Mind|p1a: Gothitelle
|-boost|p1a: Gothitelle|spa|1
|-boost|p1a: Gothitelle|spd|1
|move|p2a: Clefable|Moonblast|p1a: Gothitelle
|-damage|p1a: Gothitelle|137\/301
|
|-heal|p1a: Gothitelle|155\/301|[from] item: Leftovers
|turn|29
|c| A2tehBR|he still kills it
|c| A2tehBR|lol
|c|âGod Rolo|i lost
|c|âReverb|ik im just trying to kill turns
|
|move|p1a: Gothitelle|Rest|p1a: Gothitelle
|-status|p1a: Gothitelle|slp
|-heal|p1a: Gothitelle|301\/301 slp|[silent]
|-status|p1a: Gothitelle|slp|[from] move: Rest
|move|p2a: Clefable|Moonblast|p1a: Gothitelle
|-damage|p1a: Gothitelle|243\/301 slp
|
|-heal|p1a: Gothitelle|261\/301 slp|[from] item: Leftovers
|turn|30
|c|âGod Rolo|yes
|
|cant|p1a: Gothitelle|slp
|move|p2a: Clefable|Moonblast|p1a: Gothitelle
|-damage|p1a: Gothitelle|209\/301 slp
|-unboost|p1a: Gothitelle|spa|1
|
|-heal|p1a: Gothitelle|227\/301 slp|[from] item: Leftovers
|turn|31
|c| y4|le sleepy waifu
|
|cant|p1a: Gothitelle|slp
|move|p2a: Clefable|Moonblast|p1a: Gothitelle
|-damage|p1a: Gothitelle|170\/301 slp
|
|-heal|p1a: Gothitelle|188\/301 slp|[from] item: Leftovers
|turn|32
|leave|SwaggBoii
|
|-curestatus|p1a: Gothitelle|slp
|move|p1a: Gothitelle|Rest|p1a: Gothitelle
|-status|p1a: Gothitelle|slp
|-heal|p1a: Gothitelle|301\/301 slp|[silent]
|-status|p1a: Gothitelle|slp|[from] move: Rest
|move|p2a: Clefable|Moonblast|p1a: Gothitelle
|-damage|p1a: Gothitelle|243\/301 slp
|-unboost|p1a: Gothitelle|spa|1
|
|-heal|p1a: Gothitelle|261\/301 slp|[from] item: Leftovers
|turn|33
|c| A2tehBR|why not cm
|c| y4|pp stall for FREE
|c| y4|yoink
|c|âReverb|bc even at +6
|c|âReverb|i'll have to switch
|c|âReverb|he has ferro
|c| A2tehBR|o wait how do u stop sd glisc
|
|cant|p1a: Gothitelle|slp
|move|p2a: Clefable|Moonblast|p1a: Gothitelle
|-damage|p1a: Gothitelle|209\/301 slp
|-unboost|p1a: Gothitelle|spa|1
|
|-heal|p1a: Gothitelle|227\/301 slp|[from] item: Leftovers
|turn|34
|c|âGod Rolo|is def especial
|
|cant|p1a: Gothitelle|slp
|move|p2a: Clefable|Moonblast|p1a: Gothitelle
|-damage|p1a: Gothitelle|173\/301 slp
|
|-heal|p1a: Gothitelle|191\/301 slp|[from] item: Leftovers
|turn|35
|
|-curestatus|p1a: Gothitelle|slp
|move|p1a: Gothitelle|Rest|p1a: Gothitelle
|-status|p1a: Gothitelle|slp
|-heal|p1a: Gothitelle|301\/301 slp|[silent]
|-status|p1a: Gothitelle|slp|[from] move: Rest
|move|p2a: Clefable|Moonblast|p1a: Gothitelle
|-damage|p1a: Gothitelle|247\/301 slp
|-unboost|p1a: Gothitelle|spa|1
|
|-heal|p1a: Gothitelle|265\/301 slp|[from] item: Leftovers
|turn|36
|c| ryzed|stall in a nutshell
|
|cant|p1a: Gothitelle|slp
|move|p2a: Clefable|Moonblast|p1a: Gothitelle
|-damage|p1a: Gothitelle|207\/301 slp
|-unboost|p1a: Gothitelle|spa|1
|
|-heal|p1a: Gothitelle|225\/301 slp|[from] item: Leftovers
|turn|37
|
|cant|p1a: Gothitelle|slp
|move|p2a: Clefable|Moonblast|p1a: Gothitelle
|-damage|p1a: Gothitelle|168\/301 slp
|
|-heal|p1a: Gothitelle|186\/301 slp|[from] item: Leftovers
|turn|38
|
|-curestatus|p1a: Gothitelle|slp
|move|p1a: Gothitelle|Rest|p1a: Gothitelle
|-status|p1a: Gothitelle|slp
|-heal|p1a: Gothitelle|301\/301 slp|[silent]
|-status|p1a: Gothitelle|slp|[from] move: Rest
|move|p2a: Clefable|Moonblast|p1a: Gothitelle
|-damage|p1a: Gothitelle|240\/301 slp
|-unboost|p1a: Gothitelle|spa|1
|
|-heal|p1a: Gothitelle|258\/301 slp|[from] item: Leftovers
|turn|39
|
|cant|p1a: Gothitelle|slp
|move|p2a: Clefable|Moonblast|p1a: Gothitelle
|-damage|p1a: Gothitelle|203\/301 slp
|
|-heal|p1a: Gothitelle|221\/301 slp|[from] item: Leftovers
|turn|40
|
|cant|p1a: Gothitelle|slp
|move|p2a: Clefable|Moonblast|p1a: Gothitelle
|-damage|p1a: Gothitelle|166\/301 slp
|-unboost|p1a: Gothitelle|spa|1
|
|-heal|p1a: Gothitelle|184\/301 slp|[from] item: Leftovers
|turn|41
|
|-curestatus|p1a: Gothitelle|slp
|move|p1a: Gothitelle|Rest|p1a: Gothitelle
|-status|p1a: Gothitelle|slp
|-heal|p1a: Gothitelle|301\/301 slp|[silent]
|-status|p1a: Gothitelle|slp|[from] move: Rest
|move|p2a: Clefable|Moonblast|p1a: Gothitelle
|-damage|p1a: Gothitelle|243\/301 slp
|
|-heal|p1a: Gothitelle|261\/301 slp|[from] item: Leftovers
|turn|42
|join|Updated Kanto
|c| ryzed|get to +6 +6 trick the scarf back b4 he dies to struggle imo
|c|âReverb|i dont want to risk him killing w\/ crits
|c| y4 sucK|thanks
|c| y4 sucK|thats how u use goth
|join|np m8
|c| A2tehBR|u might wanna
|c|âReverb|also +6 psy wont 2hko ferro
|c| A2tehBR|trick the gliscor
|c| A2tehBR|btw
|c|âReverb|ik
|c|âReverb|lol
|
|cant|p1a: Gothitelle|slp
|move|p2a: Clefable|Moonblast|p1a: Gothitelle
|-damage|p1a: Gothitelle|210\/301 slp
|
|-heal|p1a: Gothitelle|228\/301 slp|[from] item: Leftovers
|turn|43
|c| A2tehBR|ye glisc is a big threat if goth needs to trick elsewhere
|c|âReverb|a2
|c|âReverb|count how many tirns of moonblast
|
|cant|p1a: Gothitelle|slp
|move|p2a: Clefable|Moonblast|p1a: Gothitelle
|-damage|p1a: Gothitelle|170\/301 slp
|
|-heal|p1a: Gothitelle|188\/301 slp|[from] item: Leftovers
|turn|44
|
|-curestatus|p1a: Gothitelle|slp
|move|p1a: Gothitelle|Calm Mind|p1a: Gothitelle
|-boost|p1a: Gothitelle|spa|1
|-boost|p1a: Gothitelle|spd|1
|move|p2a: Clefable|Moonblast|p1a: Gothitelle
|-damage|p1a: Gothitelle|133\/301
|
|-heal|p1a: Gothitelle|151\/301|[from] item: Leftovers
|turn|45
|c| A2tehBR|he used 18  think
|c| A2tehBR|i think*
|c| A2tehBR|19
|
|move|p1a: Gothitelle|Rest|p1a: Gothitelle
|-status|p1a: Gothitelle|slp
|-heal|p1a: Gothitelle|301\/301 slp|[silent]
|-status|p1a: Gothitelle|slp|[from] move: Rest
|move|p2a: Clefable|Moonblast|p1a: Gothitelle
|-damage|p1a: Gothitelle|247\/301 slp
|
|-heal|p1a: Gothitelle|265\/301 slp|[from] item: Leftovers
|turn|46
|c| Druides|idk
|
|cant|p1a: Gothitelle|slp
|move|p2a: Clefable|Moonblast|p1a: Gothitelle
|-damage|p1a: Gothitelle|214\/301 slp
|-unboost|p1a: Gothitelle|spa|1
|
|-heal|p1a: Gothitelle|232\/301 slp|[from] item: Leftovers
|turn|47
|c| Druides|with a rock and a spike
|c| Stall Illuminati|needs mor
|c| Stall Illuminati|e
|c| Stall Illuminati|drops
|
|cant|p1a: Gothitelle|slp
|move|p2a: Clefable|Moonblast|p1a: Gothitelle
|-damage|p1a: Gothitelle|174\/301 slp
|
|-heal|p1a: Gothitelle|192\/301 slp|[from] item: Leftovers
|turn|48
|c| Druides|you have a chance to ko 168
|leave|Costi93
|
|-curestatus|p1a: Gothitelle|slp
|move|p1a: Gothitelle|Rest|p1a: Gothitelle
|-status|p1a: Gothitelle|slp
|-heal|p1a: Gothitelle|301\/301 slp|[silent]
|-status|p1a: Gothitelle|slp|[from] move: Rest
|move|p2a: Clefable|Moonblast|p1a: Gothitelle
|-crit|p1a: Gothitelle
|-damage|p1a: Gothitelle|183\/301 slp
|-unboost|p1a: Gothitelle|spa|1
|
|-heal|p1a: Gothitelle|201\/301 slp|[from] item: Leftovers
|turn|49
|
|cant|p1a: Gothitelle|slp
|move|p2a: Clefable|Moonblast|p1a: Gothitelle
|-damage|p1a: Gothitelle|144\/301 slp
|
|-heal|p1a: Gothitelle|162\/301 slp|[from] item: Leftovers
|turn|50
|join|Costi93
|
|cant|p1a: Gothitelle|slp
|move|p2a: Clefable|Struggle|p1a: Gothitelle
|-damage|p1a: Gothitelle|138\/301 slp
|-damage|p2a: Clefable|287\/393
|
|-heal|p1a: Gothitelle|156\/301 slp|[from] item: Leftovers
|turn|51
|c|âGod Rolo|hay
|c| Updated Kanto|hi
|
|-curestatus|p1a: Gothitelle|slp
|move|p1a: Gothitelle|Calm Mind|p1a: Gothitelle
|-boost|p1a: Gothitelle|spa|1
|-boost|p1a: Gothitelle|spd|1
|move|p2a: Clefable|Struggle|p1a: Gothitelle
|-damage|p1a: Gothitelle|133\/301
|-damage|p2a: Clefable|189\/393
|
|-heal|p1a: Gothitelle|151\/301|[from] item: Leftovers
|turn|52
|
|move|p1a: Gothitelle|Calm Mind|p1a: Gothitelle
|-boost|p1a: Gothitelle|spa|1
|-boost|p1a: Gothitelle|spd|1
|move|p2a: Clefable|Struggle|p1a: Gothitelle
|-damage|p1a: Gothitelle|127\/301
|-damage|p2a: Clefable|91\/393
|
|-heal|p1a: Gothitelle|145\/301|[from] item: Leftovers
|turn|53
|
|move|p1a: Gothitelle|Trick|p2a: Clefable
|-activate|p1a: Gothitelle|move: Trick|[of] p2a: Clefable
|-item|p2a: Clefable|Leftovers|[from] move: Trick
|-item|p1a: Gothitelle|Choice Scarf|[from] move: Trick
|move|p2a: Clefable|Struggle|p1a: Gothitelle
|-damage|p1a: Gothitelle|121\/301
|-damage|p2a: Clefable|0 fnt
|faint|p2a: Clefable
|
|
|switch|p2a: Ferrothorn|Ferrothorn, F|330\/351
|-damage|p2a: Ferrothorn|309\/351|[from] Stealth Rock
|-damage|p2a: Ferrothorn|266\/351|[from] Spikes
|turn|54
|c| Stall Illuminati|good kill
|
|switch|p1a: Sableye|Sableye-Mega, F|271\/304
|-damage|p1a: Sableye|233\/304|[from] Stealth Rock
|move|p2a: Ferrothorn|Gyro Ball|p1a: Sableye
|-damage|p1a: Sableye|202\/304
|
|turn|55
|
|switch|p2a: Gliscor|Gliscor, F, shiny|352\/352 tox
|-damage|p2a: Gliscor|308\/352 tox|[from] Stealth Rock
|move|p1a: Sableye|Recover|p1a: Sableye
|-heal|p1a: Sableye|304\/304
|
|-heal|p2a: Gliscor|352\/352 tox|[from] ability: Poison Heal
|turn|56
|
|move|p2a: Gliscor|Substitute|p2a: Gliscor
|-start|p2a: Gliscor|Substitute
|-damage|p2a: Gliscor|264\/352 tox
|move|p1a: Sableye|Calm Mind|p1a: Sableye
|-boost|p1a: Sableye|spa|1
|-boost|p1a: Sableye|spd|1
|
|-heal|p2a: Gliscor|308\/352 tox|[from] ability: Poison Heal
|turn|57
|
|switch|p2a: Heatran|Heatran, M, shiny|153\/385
|-damage|p2a: Heatran|105\/385|[from] Spikes
|-damage|p2a: Heatran|57\/385|[from] Stealth Rock
|move|p1a: Sableye|Calm Mind|p1a: Sableye
|-boost|p1a: Sableye|spa|1
|-boost|p1a: Sableye|spd|1
|
|turn|58
|join|Apt-get
|c| y4|mfw no sd
|
|move|p2a: Heatran|Lava Plume|p1a: Sableye
|-damage|p1a: Sableye|255\/304
|-status|p1a: Sableye|brn
|move|p1a: Sableye|Snarl|p2a: Heatran
|-damage|p2a: Heatran|0 fnt
|faint|p2a: Heatran
|
|-damage|p1a: Sableye|217\/304 brn|[from] brn
|
|switch|p2a: Ferrothorn|Ferrothorn, F|266\/351
|-damage|p2a: Ferrothorn|223\/351|[from] Spikes
|-damage|p2a: Ferrothorn|202\/351|[from] Stealth Rock
|turn|59
|
|move|p1a: Sableye|Recover|p1a: Sableye
|-heal|p1a: Sableye|304\/304 brn
|move|p2a: Ferrothorn|Power Whip|p1a: Sableye
|-damage|p1a: Sableye|226\/304 brn
|
|-damage|p1a: Sableye|188\/304 brn|[from] brn
|turn|60
|leave|Glorious Advance
|
|move|p1a: Sableye|Will-O-Wisp|p2a: Ferrothorn
|-status|p2a: Ferrothorn|brn
|move|p2a: Ferrothorn|Power Whip|p1a: Sableye
|-damage|p1a: Sableye|149\/304 brn
|
|-damage|p1a: Sableye|111\/304 brn|[from] brn
|-damage|p2a: Ferrothorn|159\/351 brn|[from] brn
|turn|61
|
|move|p1a: Sableye|Recover|p1a: Sableye
|-heal|p1a: Sableye|263\/304 brn
|move|p2a: Ferrothorn|Power Whip|p1a: Sableye
|-damage|p1a: Sableye|220\/304 brn
|
|-damage|p1a: Sableye|182\/304 brn|[from] brn
|-damage|p2a: Ferrothorn|116\/351 brn|[from] brn
|turn|62
|join|Based Team Player
|
|switch|p2a: Gliscor|Gliscor, F, shiny|308\/352 tox
|-damage|p2a: Gliscor|264\/352 tox|[from] Stealth Rock
|move|p1a: Sableye|Recover|p1a: Sableye
|-heal|p1a: Sableye|304\/304 brn
|
|-heal|p2a: Gliscor|308\/352 tox|[from] ability: Poison Heal
|-damage|p1a: Sableye|266\/304 brn|[from] brn
|turn|63
|c|âGod Rolo|mm gg
|
|move|p2a: Gliscor|Earthquake|p1a: Sableye
|-crit|p1a: Sableye
|-damage|p1a: Sableye|167\/304 brn
|move|p1a: Sableye|Snarl|p2a: Gliscor
|-damage|p2a: Gliscor|200\/352 tox
|-unboost|p2a: Gliscor|spa|1
|
|-heal|p2a: Gliscor|244\/352 tox|[from] ability: Poison Heal
|-damage|p1a: Sableye|129\/304 brn|[from] brn
|turn|64
|c| y4 sucK|this is why u use sd or fling...
|
|move|p2a: Gliscor|Earthquake|p1a: Sableye
|-damage|p1a: Sableye|59\/304 brn
|move|p1a: Sableye|Recover|p1a: Sableye
|-heal|p1a: Sableye|211\/304 brn
|
|-heal|p2a: Gliscor|288\/352 tox|[from] ability: Poison Heal
|-damage|p1a: Sableye|173\/304 brn|[from] brn
|turn|65
|c| y4|just sd
|c| y4|fling is garb
|
|move|p2a: Gliscor|Earthquake|p1a: Sableye
|-damage|p1a: Sableye|107\/304 brn
|move|p1a: Sableye|Recover|p1a: Sableye
|-heal|p1a: Sableye|259\/304 brn
|
|-heal|p2a: Gliscor|332\/352 tox|[from] ability: Poison Heal
|-damage|p1a: Sableye|221\/304 brn|[from] brn
|turn|66
|
|move|p2a: Gliscor|Earthquake|p1a: Sableye
|-damage|p1a: Sableye|157\/304 brn
|move|p1a: Sableye|Recover|p1a: Sableye
|-heal|p1a: Sableye|304\/304 brn
|
|-heal|p2a: Gliscor|352\/352 tox|[from] ability: Poison Heal
|-damage|p1a: Sableye|266\/304 brn|[from] brn
|turn|67
|
|switch|p1a: Skarmory|Skarmory, F|24\/334
|-damage|p1a: Skarmory|0 fnt|[from] Stealth Rock
|faint|p1a: Skarmory
|move|p2a: Gliscor|Substitute|p2a: Gliscor
|-start|p2a: Gliscor|Substitute
|-damage|p2a: Gliscor|264\/352 tox
|
|-heal|p2a: Gliscor|308\/352 tox|[from] ability: Poison Heal
|c| Stall Illuminati|reverb
|c| Stall Illuminati|you won vs that
|
|switch|p1a: Chansey|Chansey, F|642\/642
|-damage|p1a: Chansey|562\/642|[from] Stealth Rock
|turn|68
|c|âReverb|lol
|c| Stall Illuminati|trying to conserve
|c| Stall Illuminati|recovs?
|c|âReverb|he could stall me out
|c|âReverb|of recovers
|c|âReverb|bc he has orb
|join|Touymato
|
|move|p2a: Gliscor|Toxic|p1a: Chansey
|-status|p1a: Chansey|tox
|move|p1a: Chansey|Aromatherapy|p1a: Chansey
|-cureteam|p1a: Chansey|[from] move: Aromatherapy
|
|-heal|p2a: Gliscor|352\/352 tox|[from] ability: Poison Heal
|turn|69
|leave|Touymato
|
|move|p2a: Gliscor|Earthquake|p1a: Chansey
|-damage|p1a: Chansey|426\/642
|move|p1a: Chansey|Seismic Toss|p2a: Gliscor
|-end|p2a: Gliscor|Substitute
|
|turn|70
|
|switch|p1a: Sableye|Sableye-Mega, F|266\/304
|-damage|p1a: Sableye|228\/304|[from] Stealth Rock
|move|p2a: Gliscor|Toxic|p1a: Sableye
|move|p1a: Sableye|Toxic|p2a: Gliscor|[from]Magic Bounce
|-fail|p2a: Gliscor|tox
|
|turn|71
|
|move|p2a: Gliscor|Substitute|p2a: Gliscor
|-start|p2a: Gliscor|Substitute
|-damage|p2a: Gliscor|264\/352 tox
|move|p1a: Sableye|Recover|p1a: Sableye
|-heal|p1a: Sableye|304\/304
|
|-heal|p2a: Gliscor|308\/352 tox|[from] ability: Poison Heal
|turn|72
|
|switch|p1a: Cresselia|Cresselia, F|416\/444
|-damage|p1a: Cresselia|361\/444|[from] Stealth Rock
|move|p2a: Gliscor|Earthquake|p1a: Cresselia
|-immune|p1a: Cresselia|[msg]
|
|-heal|p1a: Cresselia|388\/444|[from] item: Leftovers
|-heal|p2a: Gliscor|352\/352 tox|[from] ability: Poison Heal
|turn|73
|
|move|p2a: Gliscor|Toxic|p1a: Cresselia
|-status|p1a: Cresselia|tox
|move|p1a: Cresselia|Skill Swap|p2a: Gliscor
|-activate|p1a: Cresselia|move: Skill Swap|Poison Heal|Levitate|[of] p2a: Gliscor
|
|-heal|p1a: Cresselia|415\/444 tox|[from] item: Leftovers
|-damage|p2a: Gliscor|88\/352 tox|[from] psn
|-heal|p1a: Cresselia|444\/444 tox|[from] ability: Poison Heal
|turn|74
|leave|y4
|c| ryzed|..
|c|âGod Rolo|LOL}
|c| ryzed|plays made
|c|âGod Rolo|LOL
|c|âGod Rolo|xD
|join|CleanerThanRotom-W
|join|Bloodz
|c|âReverb|come oen you gotta admit
|c|âReverb|thats a p cool play
|c| Bloodz|LOL
|c| Bloodz|Top play 2015
|join|AdityaKhuntia
|join|NagariNewMeta
|c| CleanerThanRotom-W|thats how it was supposed to work
|c| Cienight|more like
|c| Cienight|obv play
|c| CleanerThanRotom-W|:^)
|
|switch|p2a: Slowbro|Slowbro, M|393\/393
|-damage|p2a: Slowbro|344\/393|[from] Spikes
|-damage|p2a: Slowbro|295\/393|[from] Stealth Rock
|move|p1a: Cresselia|Psyshock|p2a: Slowbro
|-resisted|p2a: Slowbro
|-damage|p2a: Slowbro|271\/393
|
|-heal|p2a: Slowbro|295\/393|[from] item: Leftovers
|turn|75
|c| Cienight|!!!?!?!?!?
|leave|AdityaKhuntia
|c| Bloodz|didnt Aka DH use skill swap cress
|c|âReverb|i think lil manaphy used it first
|c| Cienight|skill swap cress
|
|move|p1a: Cresselia|Toxic|p2a: Slowbro
|-status|p2a: Slowbro|tox
|move|p2a: Slowbro|Scald|p1a: Cresselia
|-damage|p1a: Cresselia|374\/444 tox
|
|-heal|p1a: Cresselia|401\/444 tox|[from] item: Leftovers
|-heal|p2a: Slowbro|319\/393 tox|[from] item: Leftovers
|-heal|p1a: Cresselia|444\/444 tox|[from] ability: Poison Heal
|-damage|p2a: Slowbro|295\/393 tox|[from] psn
|turn|76
|c| Cienight|is standard
|c| CleanerThanRotom-W|lol since when does he use a new team bloodz
|c| Bloodz|this cress will never die
|c| Cienight|since megamence
|c| Cienight|js
|c| NagariNewMeta|the playz
|c| Bloodz|oh true that lol
|c|âReverb|heals 18% a turn
|c|âGod Rolo|gg
|c| Bloodz|lmao
|c| Bloodz|gg
|c|âReverb|well 18.75%
|c| CleanerThanRotom-W|cienight, but i was p muc the first to use it for mence
|-message|God Rolo forfeited.
|c| CleanerThanRotom-W|*much
|
|win|Reverb
|raw|Ladder updating...
|raw|Reverb's rating: 1729 &rarr; <strong>1743<\/strong><br \/>(+14 for winning)
|raw|God Rolo's rating: 1621 &rarr; <strong>1607<\/strong><br \/>(-14 for losing)