|join|Hellochi
|join|God Rolo
|player|p1|Hellochi|169
|player|p2|God Rolo|293
|gametype|singles
|gen|6
|tier|OU
|rated
|clearpoke
|poke|p1|Sableye, F
|poke|p1|Jirachi
|poke|p1|Tentacruel, M
|poke|p1|Chesnaught, F
|poke|p1|Clefable, M
|poke|p1|Gliscor, F
|poke|p2|Gallade, M
|poke|p2|Doublade, F, shiny
|poke|p2|Mandibuzz, F
|poke|p2|Clefable, F, shiny
|poke|p2|Ferrothorn, M, shiny
|poke|p2|Gliscor, F, shiny
|rule|Swagger Clause: Swagger is banned
|rule|Baton Pass Clause: Limit one PokÃ©mon knowing Baton Pass
|rule|Sleep Clause Mod: Limit one foe put to sleep
|rule|Species Clause: Limit one of each PokÃ©mon
|rule|OHKO Clause: OHKO moves are banned
|rule|Moody Clause: Moody is banned
|rule|Evasion Moves Clause: Evasion moves are banned
|rule|Endless Battle Clause: Forcing endless battles is banned
|rule|HP Percentage Mod: HP is shown in percentages
|teampreview
|c|âGod Rolo|gl
|c|âHellochi|u2
|
|start
|switch|p1a: Gliscor|Gliscor, F|347\/347
|switch|p2a: Clefable|Clefable, F, shiny|393\/393
|turn|1
|
|switch|p2a: Gliscor|Gliscor, F, shiny|353\/353
|move|p1a: Gliscor|Taunt|p2a: Gliscor
|-start|p2a: Gliscor|move: Taunt
|
|-status|p1a: Gliscor|tox|[from] item: Toxic Orb
|-status|p2a: Gliscor|tox|[from] item: Toxic Orb
|turn|2
|
|switch|p1a: Chesnaught|Chesnaught, F|379\/379
|switch|p2a: Mandibuzz|Mandibuzz, F|423\/423
|
|turn|3
|
|move|p1a: Chesnaught|Spiky Shield|p1a: Chesnaught
|-singleturn|p1a: Chesnaught|move: Protect
|move|p2a: Mandibuzz|U-turn|p1a: Chesnaught
|-activate|p1a: Chesnaught|move: Protect
|-damage|p2a: Mandibuzz|371\/423|[from] Spiky Shield|[of] p1a: Chesnaught
|
|turn|4
|
|switch|p2a: Ferrothorn|Ferrothorn, M, shiny|351\/351
|switch|p1a: Gliscor|Gliscor, F|347\/347 tox
|
|turn|5
|
|move|p1a: Gliscor|Taunt|p2a: Ferrothorn
|-start|p2a: Ferrothorn|move: Taunt
|move|p2a: Ferrothorn|Gyro Ball|p1a: Gliscor
|-damage|p1a: Gliscor|215\/347 tox
|
|-heal|p1a: Gliscor|258\/347 tox|[from] ability: Poison Heal
|turn|6
|
|switch|p2a: Gliscor|Gliscor, F, shiny|353\/353 tox
|move|p1a: Gliscor|Knock Off|p2a: Gliscor
|-damage|p2a: Gliscor|309\/353 tox
|-enditem|p2a: Gliscor|Toxic Orb|[from] move: Knock Off|[of] p1a: Gliscor
|
|-heal|p1a: Gliscor|301\/347 tox|[from] ability: Poison Heal
|-heal|p2a: Gliscor|353\/353 tox|[from] ability: Poison Heal
|turn|7
|
|move|p1a: Gliscor|Taunt|p2a: Gliscor
|-start|p2a: Gliscor|move: Taunt
|cant|p2a: Gliscor|move: Taunt|Stealth Rock
|
|-heal|p1a: Gliscor|344\/347 tox|[from] ability: Poison Heal
|turn|8
|
|switch|p2a: Mandibuzz|Mandibuzz, F|371\/423
|move|p1a: Gliscor|Knock Off|p2a: Mandibuzz
|-resisted|p2a: Mandibuzz
|-damage|p2a: Mandibuzz|345\/423
|-damage|p1a: Gliscor|287\/347 tox|[from] item: Rocky Helmet|[of] p2a: Mandibuzz
|-enditem|p2a: Mandibuzz|Rocky Helmet|[from] move: Knock Off|[of] p1a: Gliscor
|
|-heal|p1a: Gliscor|330\/347 tox|[from] ability: Poison Heal
|turn|9
|
|move|p1a: Gliscor|Taunt|p2a: Mandibuzz
|-start|p2a: Mandibuzz|move: Taunt
|move|p2a: Mandibuzz|U-turn|p1a: Gliscor
|-resisted|p1a: Gliscor
|-damage|p1a: Gliscor|315\/347 tox
|
|switch|p2a: Ferrothorn|Ferrothorn, M, shiny|351\/351
|
|-heal|p1a: Gliscor|347\/347 tox|[from] ability: Poison Heal
|turn|10
|
|switch|p2a: Gliscor|Gliscor, F, shiny|353\/353 tox
|move|p1a: Gliscor|Taunt|p2a: Gliscor
|-start|p2a: Gliscor|move: Taunt
|
|turn|11
|
|switch|p1a: Sableye|Sableye, F|303\/303
|move|p2a: Gliscor|Stone Edge|p1a: Sableye
|-crit|p1a: Sableye
|-damage|p1a: Sableye|201\/303
|
|turn|12
|
|detailschange|p1a: Sableye|Sableye-Mega, F
|-mega|p1a: Sableye|Sableye|Sablenite
|move|p1a: Sableye|Recover|p1a: Sableye
|-heal|p1a: Sableye|303\/303
|move|p2a: Gliscor|Earthquake|p1a: Sableye
|-damage|p1a: Sableye|233\/303
|
|turn|13
|
|move|p2a: Gliscor|Earthquake|p1a: Sableye
|-damage|p1a: Sableye|160\/303
|move|p1a: Sableye|Dark Pulse|p2a: Gliscor
|-damage|p2a: Gliscor|260\/353 tox
|
|-heal|p2a: Gliscor|304\/353 tox|[from] ability: Poison Heal
|-end|p2a: Gliscor|move: Taunt
|turn|14
|
|move|p2a: Gliscor|Stone Edge|p1a: Sableye
|-damage|p1a: Sableye|112\/303
|move|p1a: Sableye|Recover|p1a: Sableye
|-heal|p1a: Sableye|264\/303
|
|-heal|p2a: Gliscor|348\/353 tox|[from] ability: Poison Heal
|turn|15
|
|move|p2a: Gliscor|Earthquake|p1a: Sableye
|-damage|p1a: Sableye|189\/303
|move|p1a: Sableye|Calm Mind|p1a: Sableye
|-boost|p1a: Sableye|spa|1
|-boost|p1a: Sableye|spd|1
|
|-heal|p2a: Gliscor|353\/353 tox|[from] ability: Poison Heal
|turn|16
|
|switch|p2a: Clefable|Clefable, F, shiny|393\/393
|move|p1a: Sableye|Dark Pulse|p2a: Clefable
|-resisted|p2a: Clefable
|-damage|p2a: Clefable|354\/393
|
|-heal|p2a: Clefable|378\/393|[from] item: Leftovers
|turn|17
|
|switch|p1a: Tentacruel|Tentacruel, M|363\/363
|move|p2a: Clefable|Calm Mind|p2a: Clefable
|-boost|p2a: Clefable|spa|1
|-boost|p2a: Clefable|spd|1
|
|-heal|p2a: Clefable|393\/393|[from] item: Leftovers
|turn|18
|
|switch|p2a: Ferrothorn|Ferrothorn, M, shiny|351\/351
|move|p1a: Tentacruel|Acid Spray|p2a: Ferrothorn
|-immune|p2a: Ferrothorn|[msg]
|
|turn|19
|
|move|p1a: Tentacruel|Toxic Spikes|p2a: Ferrothorn
|-sidestart|p2: God Rolo|move: Toxic Spikes
|move|p2a: Ferrothorn|Spikes|p1a: Tentacruel
|-sidestart|p1: Hellochi|Spikes
|
|turn|20
|
|switch|p1a: Gliscor|Gliscor, F|347\/347 tox
|move|p2a: Ferrothorn|Gyro Ball|p1a: Gliscor
|-damage|p1a: Gliscor|203\/347 tox
|
|-heal|p1a: Gliscor|246\/347 tox|[from] ability: Poison Heal
|turn|21
|
|move|p1a: Gliscor|Taunt|p2a: Ferrothorn
|-start|p2a: Ferrothorn|move: Taunt
|move|p2a: Ferrothorn|Gyro Ball|p1a: Gliscor
|-damage|p1a: Gliscor|111\/347 tox
|
|-heal|p1a: Gliscor|154\/347 tox|[from] ability: Poison Heal
|turn|22
|
|move|p1a: Gliscor|Roost|p1a: Gliscor
|-heal|p1a: Gliscor|328\/347 tox
|move|p2a: Ferrothorn|Gyro Ball|p1a: Gliscor
|-damage|p1a: Gliscor|201\/347 tox
|
|-heal|p1a: Gliscor|244\/347 tox|[from] ability: Poison Heal
|turn|23
|
|move|p1a: Gliscor|Knock Off|p2a: Ferrothorn
|-damage|p2a: Ferrothorn|299\/351
|-damage|p1a: Gliscor|201\/347 tox|[from] ability: Iron Barbs|[of] p2a: Ferrothorn
|-enditem|p2a: Ferrothorn|Leftovers|[from] move: Knock Off|[of] p1a: Gliscor
|move|p2a: Ferrothorn|Power Whip|p1a: Gliscor|[miss]
|-miss|p2a: Ferrothorn|p1a: Gliscor
|
|-heal|p1a: Gliscor|244\/347 tox|[from] ability: Poison Heal
|-end|p2a: Ferrothorn|move: Taunt
|turn|24
|
|move|p1a: Gliscor|Taunt|p2a: Ferrothorn
|-start|p2a: Ferrothorn|move: Taunt
|move|p2a: Ferrothorn|Power Whip|p1a: Gliscor
|-damage|p1a: Gliscor|130\/347 tox
|
|-heal|p1a: Gliscor|173\/347 tox|[from] ability: Poison Heal
|turn|25
|
|move|p1a: Gliscor|Roost|p1a: Gliscor
|-heal|p1a: Gliscor|347\/347 tox
|move|p2a: Ferrothorn|Power Whip|p1a: Gliscor
|-supereffective|p1a: Gliscor
|-damage|p1a: Gliscor|125\/347 tox
|
|-heal|p1a: Gliscor|168\/347 tox|[from] ability: Poison Heal
|turn|26
|
|switch|p1a: Sableye|Sableye-Mega, F|189\/303
|-damage|p1a: Sableye|152\/303|[from] Spikes
|move|p2a: Ferrothorn|Power Whip|p1a: Sableye|[miss]
|-miss|p2a: Ferrothorn|p1a: Sableye
|
|-end|p2a: Ferrothorn|move: Taunt
|turn|27
|
|move|p1a: Sableye|Recover|p1a: Sableye
|-heal|p1a: Sableye|303\/303
|move|p2a: Ferrothorn|Gyro Ball|p1a: Sableye
|-damage|p1a: Sableye|272\/303
|
|turn|28
|
|switch|p2a: Gliscor|Gliscor, F, shiny|353\/353 tox
|move|p1a: Sableye|Will-O-Wisp|p2a: Gliscor
|-fail|p2a: Gliscor
|
|turn|29
|
|move|p2a: Gliscor|Stone Edge|p1a: Sableye
|-damage|p1a: Sableye|229\/303
|move|p1a: Sableye|Calm Mind|p1a: Sableye
|-boost|p1a: Sableye|spa|1
|-boost|p1a: Sableye|spd|1
|
|turn|30
|
|switch|p2a: Clefable|Clefable, F, shiny|393\/393
|-status|p2a: Clefable|psn
|switch|p1a: Tentacruel|Tentacruel, M|363\/363
|-damage|p1a: Tentacruel|318\/363|[from] Spikes
|
|-heal|p1a: Tentacruel|340\/363|[from] item: Black Sludge
|-damage|p2a: Clefable|344\/393 psn|[from] psn
|turn|31
|
|switch|p2a: Doublade|Doublade, F, shiny|322\/322
|move|p1a: Tentacruel|Rapid Spin|p2a: Doublade
|-immune|p2a: Doublade|[msg]
|
|-heal|p1a: Tentacruel|362\/363|[from] item: Black Sludge
|turn|32
|
|switch|p1a: Sableye|Sableye-Mega, F|229\/303
|-damage|p1a: Sableye|192\/303|[from] Spikes
|move|p2a: Doublade|Swords Dance|p2a: Doublade
|-boost|p2a: Doublade|atk|2
|
|turn|33
|
|switch|p2a: Gliscor|Gliscor, F, shiny|353\/353 tox
|move|p1a: Sableye|Will-O-Wisp|p2a: Gliscor
|-fail|p2a: Gliscor
|
|turn|34
|
|move|p2a: Gliscor|Earthquake|p1a: Sableye
|-damage|p1a: Sableye|119\/303
|move|p1a: Sableye|Recover|p1a: Sableye
|-heal|p1a: Sableye|271\/303
|
|turn|35
|
|move|p2a: Gliscor|Earthquake|p1a: Sableye
|-damage|p1a: Sableye|196\/303
|move|p1a: Sableye|Dark Pulse|p2a: Gliscor
|-damage|p2a: Gliscor|253\/353 tox
|
|-heal|p2a: Gliscor|297\/353 tox|[from] ability: Poison Heal
|turn|36
|
|switch|p2a: Mandibuzz|Mandibuzz, F|345\/423
|move|p1a: Sableye|Calm Mind|p1a: Sableye
|-boost|p1a: Sableye|spa|1
|-boost|p1a: Sableye|spd|1
|
|turn|37
|
|switch|p1a: Gliscor|Gliscor, F|168\/347 tox
|move|p2a: Mandibuzz|U-turn|p1a: Gliscor
|-crit|p1a: Gliscor
|-resisted|p1a: Gliscor
|-damage|p1a: Gliscor|142\/347 tox
|
|switch|p2a: Ferrothorn|Ferrothorn, M, shiny|299\/351
|
|-heal|p1a: Gliscor|185\/347 tox|[from] ability: Poison Heal
|turn|38
|
|move|p1a: Gliscor|Taunt|p2a: Ferrothorn
|-start|p2a: Ferrothorn|move: Taunt
|move|p2a: Ferrothorn|Power Whip|p1a: Gliscor
|-damage|p1a: Gliscor|77\/347 tox
|
|-heal|p1a: Gliscor|120\/347 tox|[from] ability: Poison Heal
|turn|39
|
|switch|p1a: Chesnaught|Chesnaught, F|379\/379
|-damage|p1a: Chesnaught|332\/379|[from] Spikes
|move|p2a: Ferrothorn|Power Whip|p1a: Chesnaught|[miss]
|-miss|p2a: Ferrothorn|p1a: Chesnaught
|
|-heal|p1a: Chesnaught|355\/379|[from] item: Leftovers
|turn|40
|
|move|p1a: Chesnaught|Leech Seed|p2a: Ferrothorn
|-immune|p2a: Ferrothorn|[msg]
|move|p2a: Ferrothorn|Power Whip|p1a: Chesnaught
|-resisted|p1a: Chesnaught
|-damage|p1a: Chesnaught|315\/379
|
|-heal|p1a: Chesnaught|338\/379|[from] item: Leftovers
|-end|p2a: Ferrothorn|move: Taunt
|turn|41
|
|move|p1a: Chesnaught|Spikes|p2a: Ferrothorn
|-sidestart|p2: God Rolo|Spikes
|move|p2a: Ferrothorn|Spikes|p1a: Chesnaught
|-sidestart|p1: Hellochi|Spikes
|
|-heal|p1a: Chesnaught|361\/379|[from] item: Leftovers
|turn|42
|
|move|p1a: Chesnaught|Spikes|p2a: Ferrothorn
|-sidestart|p2: God Rolo|Spikes
|move|p2a: Ferrothorn|Leech Seed|p1a: Chesnaught
|-immune|p1a: Chesnaught|[msg]
|
|-heal|p1a: Chesnaught|379\/379|[from] item: Leftovers
|turn|43
|
|switch|p1a: Sableye|Sableye-Mega, F|196\/303
|-damage|p1a: Sableye|146\/303|[from] Spikes
|move|p2a: Ferrothorn|Spikes|p1a: Sableye
|move|p1a: Sableye|Spikes|p2a: Ferrothorn|[from]Magic Bounce
|-sidestart|p2: God Rolo|Spikes
|
|turn|44
|
|switch|p1a: Tentacruel|Tentacruel, M|362\/363
|-damage|p1a: Tentacruel|302\/363|[from] Spikes
|switch|p2a: Gliscor|Gliscor, F, shiny|297\/353 tox
|
|-heal|p1a: Tentacruel|324\/363|[from] item: Black Sludge
|-heal|p2a: Gliscor|341\/353 tox|[from] ability: Poison Heal
|turn|45
|
|switch|p2a: Doublade|Doublade, F, shiny|322\/322
|-damage|p2a: Doublade|242\/322|[from] Spikes
|move|p1a: Tentacruel|Rapid Spin|p2a: Doublade
|-immune|p2a: Doublade|[msg]
|
|-heal|p1a: Tentacruel|346\/363|[from] item: Black Sludge
|turn|46
|
|move|p1a: Tentacruel|Scald|p2a: Doublade
|-damage|p2a: Doublade|187\/322
|-status|p2a: Doublade|brn
|move|p2a: Doublade|Pursuit|p1a: Tentacruel
|-damage|p1a: Tentacruel|323\/363
|
|-heal|p1a: Tentacruel|345\/363|[from] item: Black Sludge
|-damage|p2a: Doublade|147\/322 brn|[from] brn
|turn|47
|
|switch|p2a: Gliscor|Gliscor, F, shiny|341\/353 tox
|move|p1a: Tentacruel|Scald|p2a: Gliscor
|-supereffective|p2a: Gliscor
|-damage|p2a: Gliscor|167\/353 tox
|
|-heal|p1a: Tentacruel|363\/363|[from] item: Black Sludge
|-heal|p2a: Gliscor|211\/353 tox|[from] ability: Poison Heal
|turn|48
|
|move|p1a: Tentacruel|Rapid Spin|p2a: Gliscor
|-crit|p2a: Gliscor
|-damage|p2a: Gliscor|200\/353 tox
|-sideend|p1: Hellochi|Spikes|[from] move: Rapid Spin|[of] p1a: Tentacruel
|move|p2a: Gliscor|Earthquake|p1a: Tentacruel
|-supereffective|p1a: Tentacruel
|-damage|p1a: Tentacruel|51\/363
|
|-heal|p1a: Tentacruel|73\/363|[from] item: Black Sludge
|-heal|p2a: Gliscor|244\/353 tox|[from] ability: Poison Heal
|turn|49
|
|switch|p1a: Sableye|Sableye-Mega, F|146\/303
|move|p2a: Gliscor|Stealth Rock|p1a: Sableye
|move|p1a: Sableye|Stealth Rock|p2a: Gliscor|[from]Magic Bounce
|-sidestart|p2: God Rolo|move: Stealth Rock
|
|-heal|p2a: Gliscor|288\/353 tox|[from] ability: Poison Heal
|turn|50
|
|switch|p2a: Clefable|Clefable, F, shiny|344\/393 psn
|-damage|p2a: Clefable|246\/393 psn|[from] Spikes
|-damage|p2a: Clefable|197\/393 psn|[from] Stealth Rock
|move|p1a: Sableye|Recover|p1a: Sableye
|-heal|p1a: Sableye|298\/303
|
|-heal|p2a: Clefable|221\/393 psn|[from] item: Leftovers
|-damage|p2a: Clefable|172\/393 psn|[from] psn
|turn|51
|
|switch|p1a: Jirachi|Jirachi|399\/399
|move|p2a: Clefable|Moonlight|p2a: Clefable
|-heal|p2a: Clefable|368\/393 psn
|
|-heal|p2a: Clefable|392\/393 psn|[from] item: Leftovers
|-damage|p2a: Clefable|343\/393 psn|[from] psn
|turn|52
|
|switch|p2a: Mandibuzz|Mandibuzz, F|345\/423
|-damage|p2a: Mandibuzz|240\/423|[from] Stealth Rock
|move|p1a: Jirachi|Wish|p1a: Jirachi
|
|turn|53
|
|move|p1a: Jirachi|Iron Head|p2a: Mandibuzz
|-damage|p2a: Mandibuzz|165\/423
|cant|p2a: Mandibuzz|flinch
|
|turn|54
|
|move|p1a: Jirachi|Iron Head|p2a: Mandibuzz
|-damage|p2a: Mandibuzz|93\/423
|cant|p2a: Mandibuzz|flinch
|
|turn|55
|c|âGod Rolo|.........
|
|move|p1a: Jirachi|Iron Head|p2a: Mandibuzz
|-damage|p2a: Mandibuzz|24\/423
|move|p2a: Mandibuzz|Roost|p2a: Mandibuzz
|-heal|p2a: Mandibuzz|236\/423
|
|turn|56
|c|âGod Rolo|:V
|
|move|p1a: Jirachi|Iron Head|p2a: Mandibuzz
|-damage|p2a: Mandibuzz|163\/423
|move|p2a: Mandibuzz|Defog|p1a: Jirachi
|-unboost|p1a: Jirachi|evasion|1
|-sideend|p2: God Rolo|Spikes|[from] move: Defog|[of] p2a: Mandibuzz
|-sideend|p2: God Rolo|Toxic Spikes|[from] move: Defog|[of] p2a: Mandibuzz
|-sideend|p2: God Rolo|Stealth Rock|[from] move: Defog|[of] p2a: Mandibuzz
|
|turn|57
|
|move|p1a: Jirachi|Wish|p1a: Jirachi
|move|p2a: Mandibuzz|Roost|p2a: Mandibuzz
|-heal|p2a: Mandibuzz|375\/423
|
|turn|58
|
|switch|p1a: Tentacruel|Tentacruel, M|73\/363
|move|p2a: Mandibuzz|Foul Play|p1a: Tentacruel
|-damage|p1a: Tentacruel|0 fnt
|faint|p1a: Tentacruel
|
|
|switch|p1a: Chesnaught|Chesnaught, F|379\/379
|turn|59
|
|switch|p2a: Ferrothorn|Ferrothorn, M, shiny|299\/351
|move|p1a: Chesnaught|Leech Seed|p2a: Ferrothorn
|-immune|p2a: Ferrothorn|[msg]
|
|turn|60
|
|switch|p1a: Sableye|Sableye-Mega, F|298\/303
|move|p2a: Ferrothorn|Spikes|p1a: Sableye
|move|p1a: Sableye|Spikes|p2a: Ferrothorn|[from]Magic Bounce
|-sidestart|p2: God Rolo|Spikes
|
|turn|61
|
|switch|p1a: Gliscor|Gliscor, F|120\/347 tox
|switch|p2a: Gliscor|Gliscor, F, shiny|288\/353 tox
|
|-heal|p1a: Gliscor|163\/347 tox|[from] ability: Poison Heal
|-heal|p2a: Gliscor|332\/353 tox|[from] ability: Poison Heal
|turn|62
|
|switch|p2a: Ferrothorn|Ferrothorn, M, shiny|299\/351
|-damage|p2a: Ferrothorn|256\/351|[from] Spikes
|move|p1a: Gliscor|Taunt|p2a: Ferrothorn
|-start|p2a: Ferrothorn|move: Taunt
|
|-heal|p1a: Gliscor|206\/347 tox|[from] ability: Poison Heal
|turn|63
|
|switch|p1a: Jirachi|Jirachi|399\/399
|move|p2a: Ferrothorn|Power Whip|p1a: Jirachi
|-resisted|p1a: Jirachi
|-damage|p1a: Jirachi|333\/399
|
|-heal|p1a: Jirachi|357\/399|[from] item: Leftovers
|turn|64
|
|switch|p2a: Gliscor|Gliscor, F, shiny|332\/353 tox
|move|p1a: Jirachi|Stealth Rock|p2a: Gliscor
|-sidestart|p2: God Rolo|move: Stealth Rock
|
|-heal|p1a: Jirachi|381\/399|[from] item: Leftovers
|-heal|p2a: Gliscor|353\/353 tox|[from] ability: Poison Heal
|turn|65
|
|switch|p1a: Sableye|Sableye-Mega, F|298\/303
|switch|p2a: Mandibuzz|Mandibuzz, F|375\/423
|-damage|p2a: Mandibuzz|270\/423|[from] Stealth Rock
|
|turn|66
|
|switch|p1a: Gliscor|Gliscor, F|206\/347 tox
|move|p2a: Mandibuzz|Defog|p1a: Gliscor
|-unboost|p1a: Gliscor|evasion|1
|-sideend|p2: God Rolo|Spikes|[from] move: Defog|[of] p2a: Mandibuzz
|-sideend|p2: God Rolo|Stealth Rock|[from] move: Defog|[of] p2a: Mandibuzz
|
|-heal|p1a: Gliscor|249\/347 tox|[from] ability: Poison Heal
|turn|67
|
|move|p1a: Gliscor|Toxic|p2a: Mandibuzz
|-status|p2a: Mandibuzz|tox
|move|p2a: Mandibuzz|Foul Play|p1a: Gliscor
|-damage|p1a: Gliscor|159\/347 tox
|
|-heal|p1a: Gliscor|202\/347 tox|[from] ability: Poison Heal
|-damage|p2a: Mandibuzz|244\/423 tox|[from] psn
|turn|68
|
|switch|p2a: Ferrothorn|Ferrothorn, M, shiny|256\/351
|move|p1a: Gliscor|Roost|p1a: Gliscor
|-heal|p1a: Gliscor|347\/347 tox
|
|turn|69
|
|move|p1a: Gliscor|Taunt|p2a: Ferrothorn
|-start|p2a: Ferrothorn|move: Taunt
|move|p2a: Ferrothorn|Gyro Ball|p1a: Gliscor
|-damage|p1a: Gliscor|196\/347 tox
|
|-heal|p1a: Gliscor|239\/347 tox|[from] ability: Poison Heal
|turn|70
|
|switch|p1a: Jirachi|Jirachi|381\/399
|switch|p2a: Gallade|Gallade, M|340\/340
|
|-heal|p1a: Jirachi|399\/399|[from] item: Leftovers
|turn|71
|
|switch|p1a: Sableye|Sableye-Mega, F|298\/303
|detailschange|p2a: Gallade|Gallade-Mega, M
|-mega|p2a: Gallade|Gallade|Galladite
|move|p2a: Gallade|Close Combat|p1a: Sableye
|-immune|p1a: Sableye|[msg]
|
|turn|72
|
|switch|p2a: Clefable|Clefable, F, shiny|343\/393 psn
|switch|p1a: Jirachi|Jirachi|399\/399
|
|-heal|p2a: Clefable|367\/393 psn|[from] item: Leftovers
|-damage|p2a: Clefable|318\/393 psn|[from] psn
|turn|73
|
|switch|p2a: Mandibuzz|Mandibuzz, F|244\/423 tox
|move|p1a: Jirachi|Iron Head|p2a: Mandibuzz
|-damage|p2a: Mandibuzz|172\/423 tox
|
|-damage|p2a: Mandibuzz|146\/423 tox|[from] psn
|turn|74
|
|move|p1a: Jirachi|Iron Head|p2a: Mandibuzz
|-damage|p2a: Mandibuzz|70\/423 tox
|cant|p2a: Mandibuzz|flinch
|
|-damage|p2a: Mandibuzz|18\/423 tox|[from] psn
|turn|75
|c|âGod Rolo|..
|
|switch|p2a: Gliscor|Gliscor, F, shiny|353\/353 tox
|move|p1a: Jirachi|Iron Head|p2a: Gliscor
|-damage|p2a: Gliscor|292\/353 tox
|
|-heal|p2a: Gliscor|336\/353 tox|[from] ability: Poison Heal
|turn|76
|
|switch|p1a: Sableye|Sableye-Mega, F|298\/303
|move|p2a: Gliscor|Earthquake|p1a: Sableye
|-damage|p1a: Sableye|223\/303
|
|-heal|p2a: Gliscor|353\/353 tox|[from] ability: Poison Heal
|turn|77
|
|switch|p2a: Clefable|Clefable, F, shiny|318\/393 psn
|move|p1a: Sableye|Dark Pulse|p2a: Clefable
|-resisted|p2a: Clefable
|-damage|p2a: Clefable|282\/393 psn
|
|-heal|p2a: Clefable|306\/393 psn|[from] item: Leftovers
|-damage|p2a: Clefable|257\/393 psn|[from] psn
|turn|78
|
|switch|p1a: Jirachi|Jirachi|399\/399
|move|p2a: Clefable|Aromatherapy|p2a: Clefable
|-cureteam|p2a: Clefable|[from] move: Aromatherapy
|
|-heal|p2a: Clefable|281\/393|[from] item: Leftovers
|turn|79
|
|move|p1a: Jirachi|Stealth Rock|p2a: Clefable
|-sidestart|p2: God Rolo|move: Stealth Rock
|move|p2a: Clefable|Moonlight|p2a: Clefable
|-heal|p2a: Clefable|393\/393
|
|turn|80
|
|move|p1a: Jirachi|Iron Head|p2a: Clefable
|-supereffective|p2a: Clefable
|-damage|p2a: Clefable|187\/393
|move|p2a: Clefable|Moonlight|p2a: Clefable
|-heal|p2a: Clefable|383\/393
|
|-heal|p2a: Clefable|393\/393|[from] item: Leftovers
|turn|81
|
|switch|p2a: Gliscor|Gliscor, F, shiny|353\/353
|-damage|p2a: Gliscor|309\/353|[from] Stealth Rock
|move|p1a: Jirachi|Iron Head|p2a: Gliscor
|-damage|p2a: Gliscor|242\/353
|
|turn|82
|
|switch|p1a: Sableye|Sableye-Mega, F|223\/303
|move|p2a: Gliscor|Stealth Rock|p1a: Sableye
|move|p1a: Sableye|Stealth Rock|p2a: Gliscor|[from]Magic Bounce
|-fail|p2a: Gliscor
|
|turn|83
|
|move|p2a: Gliscor|Roost|p2a: Gliscor
|-heal|p2a: Gliscor|353\/353
|move|p1a: Sableye|Will-O-Wisp|p2a: Gliscor
|-status|p2a: Gliscor|brn
|
|-damage|p2a: Gliscor|309\/353 brn|[from] brn
|turn|84
|
|switch|p1a: Gliscor|Gliscor, F|239\/347 tox
|move|p2a: Gliscor|Stealth Rock|p1a: Gliscor
|-sidestart|p1: Hellochi|move: Stealth Rock
|
|-heal|p1a: Gliscor|282\/347 tox|[from] ability: Poison Heal
|-damage|p2a: Gliscor|265\/353 brn|[from] brn
|turn|85
|
|switch|p2a: Gallade|Gallade-Mega, M|340\/340
|-damage|p2a: Gallade|319\/340|[from] Stealth Rock
|move|p1a: Gliscor|Knock Off|p2a: Gallade
|-damage|p2a: Gallade|266\/340
|
|-heal|p1a: Gliscor|325\/347 tox|[from] ability: Poison Heal
|turn|86
|
|switch|p2a: Clefable|Clefable, F, shiny|393\/393
|-damage|p2a: Clefable|344\/393|[from] Stealth Rock
|switch|p1a: Sableye|Sableye-Mega, F|223\/303
|-damage|p1a: Sableye|186\/303|[from] Stealth Rock
|
|-heal|p2a: Clefable|368\/393|[from] item: Leftovers
|turn|87
|
|switch|p1a: Jirachi|Jirachi|399\/399
|-damage|p1a: Jirachi|375\/399|[from] Stealth Rock
|move|p2a: Clefable|Aromatherapy|p2a: Clefable
|-cureteam|p2a: Clefable|[from] move: Aromatherapy
|
|-heal|p1a: Jirachi|399\/399|[from] item: Leftovers
|-heal|p2a: Clefable|392\/393|[from] item: Leftovers
|turn|88
|
|switch|p2a: Doublade|Doublade, F, shiny|147\/322
|-damage|p2a: Doublade|127\/322|[from] Stealth Rock
|move|p1a: Jirachi|Iron Head|p2a: Doublade
|-resisted|p2a: Doublade
|-damage|p2a: Doublade|104\/322
|
|turn|89
|
|move|p1a: Jirachi|Fire Punch|p2a: Doublade
|-supereffective|p2a: Doublade
|-damage|p2a: Doublade|44\/322
|-status|p2a: Doublade|brn
|move|p2a: Doublade|Pursuit|p1a: Jirachi
|-supereffective|p1a: Jirachi
|-damage|p1a: Jirachi|365\/399
|
|-heal|p1a: Jirachi|389\/399|[from] item: Leftovers
|-damage|p2a: Doublade|4\/322 brn|[from] brn
|turn|90
|c|âGod Rolo|:V
|
|switch|p2a: Gliscor|Gliscor, F, shiny|265\/353
|-damage|p2a: Gliscor|221\/353|[from] Stealth Rock
|move|p1a: Jirachi|Wish|p1a: Jirachi
|
|-heal|p1a: Jirachi|399\/399|[from] item: Leftovers
|turn|91
|
|switch|p1a: Chesnaught|Chesnaught, F|379\/379
|-damage|p1a: Chesnaught|356\/379|[from] Stealth Rock
|move|p2a: Gliscor|Roost|p2a: Gliscor
|-heal|p2a: Gliscor|353\/353
|
|-heal|p1a: Chesnaught|379\/379|[from] move: Wish|[wisher] Jirachi
|turn|92
|
|switch|p2a: Ferrothorn|Ferrothorn, M, shiny|256\/351
|-damage|p2a: Ferrothorn|235\/351|[from] Stealth Rock
|move|p1a: Chesnaught|Spikes|p2a: Ferrothorn
|-sidestart|p2: God Rolo|Spikes
|
|turn|93
|
|switch|p1a: Sableye|Sableye-Mega, F|186\/303
|-damage|p1a: Sableye|149\/303|[from] Stealth Rock
|move|p2a: Ferrothorn|Gyro Ball|p1a: Sableye
|-damage|p1a: Sableye|113\/303
|
|turn|94
|
|switch|p2a: Clefable|Clefable, F, shiny|392\/393
|-damage|p2a: Clefable|343\/393|[from] Stealth Rock
|-damage|p2a: Clefable|294\/393|[from] Spikes
|move|p1a: Sableye|Recover|p1a: Sableye
|-heal|p1a: Sableye|265\/303
|
|-heal|p2a: Clefable|318\/393|[from] item: Leftovers
|turn|95
|
|switch|p1a: Jirachi|Jirachi|399\/399
|-damage|p1a: Jirachi|375\/399|[from] Stealth Rock
|move|p2a: Clefable|Moonblast|p1a: Jirachi
|-resisted|p1a: Jirachi
|-damage|p1a: Jirachi|333\/399
|
|-heal|p1a: Jirachi|357\/399|[from] item: Leftovers
|-heal|p2a: Clefable|342\/393|[from] item: Leftovers
|turn|96
|
|switch|p1a: Chesnaught|Chesnaught, F|379\/379
|-damage|p1a: Chesnaught|356\/379|[from] Stealth Rock
|switch|p2a: Gliscor|Gliscor, F, shiny|353\/353
|-damage|p2a: Gliscor|309\/353|[from] Stealth Rock
|
|-heal|p1a: Chesnaught|379\/379|[from] item: Leftovers
|turn|97
|
|switch|p2a: Gallade|Gallade-Mega, M|266\/340
|-damage|p2a: Gallade|224\/340|[from] Spikes
|-damage|p2a: Gallade|203\/340|[from] Stealth Rock
|move|p1a: Chesnaught|Spikes|p2a: Gallade
|-sidestart|p2: God Rolo|Spikes
|
|turn|98
|
|switch|p1a: Sableye|Sableye-Mega, F|265\/303
|-damage|p1a: Sableye|228\/303|[from] Stealth Rock
|move|p2a: Gallade|Shadow Sneak|p1a: Sableye
|-damage|p1a: Sableye|189\/303
|
|turn|99
|
|switch|p2a: Clefable|Clefable, F, shiny|342\/393
|-damage|p2a: Clefable|277\/393|[from] Spikes
|-damage|p2a: Clefable|228\/393|[from] Stealth Rock
|move|p1a: Sableye|Will-O-Wisp|p2a: Clefable
|-status|p2a: Clefable|brn
|
|-heal|p2a: Clefable|252\/393 brn|[from] item: Leftovers
|-damage|p2a: Clefable|203\/393 brn|[from] brn
|turn|100
|
|switch|p1a: Gliscor|Gliscor, F|325\/347 tox
|-damage|p1a: Gliscor|282\/347 tox|[from] Stealth Rock
|move|p2a: Clefable|Moonlight|p2a: Clefable
|-heal|p2a: Clefable|393\/393 brn
|
|-heal|p1a: Gliscor|325\/347 tox|[from] ability: Poison Heal
|-damage|p2a: Clefable|344\/393 brn|[from] brn
|turn|101
|
|switch|p2a: Gliscor|Gliscor, F, shiny|309\/353
|-damage|p2a: Gliscor|265\/353|[from] Stealth Rock
|move|p1a: Gliscor|Taunt|p2a: Gliscor
|-start|p2a: Gliscor|move: Taunt
|
|-heal|p1a: Gliscor|347\/347 tox|[from] ability: Poison Heal
|turn|102
|
|switch|p1a: Chesnaught|Chesnaught, F|379\/379
|-damage|p1a: Chesnaught|356\/379|[from] Stealth Rock
|switch|p2a: Ferrothorn|Ferrothorn, M, shiny|235\/351
|-damage|p2a: Ferrothorn|177\/351|[from] Spikes
|-damage|p2a: Ferrothorn|156\/351|[from] Stealth Rock
|
|-heal|p1a: Chesnaught|379\/379|[from] item: Leftovers
|turn|103
|
|switch|p1a: Sableye|Sableye-Mega, F|189\/303
|-damage|p1a: Sableye|152\/303|[from] Stealth Rock
|move|p2a: Ferrothorn|Spikes|p1a: Sableye
|move|p1a: Sableye|Spikes|p2a: Ferrothorn|[from]Magic Bounce
|-sidestart|p2: God Rolo|Spikes
|
|turn|104
|
|move|p1a: Sableye|Recover|p1a: Sableye
|-heal|p1a: Sableye|303\/303
|move|p2a: Ferrothorn|Power Whip|p1a: Sableye|[miss]
|-miss|p2a: Ferrothorn|p1a: Sableye
|
|turn|105
|
|switch|p1a: Jirachi|Jirachi|357\/399
|-damage|p1a: Jirachi|333\/399|[from] Stealth Rock
|switch|p2a: Clefable|Clefable, F, shiny|344\/393 brn
|-damage|p2a: Clefable|295\/393 brn|[from] Stealth Rock
|-damage|p2a: Clefable|197\/393 brn|[from] Spikes
|
|-heal|p1a: Jirachi|357\/399|[from] item: Leftovers
|-heal|p2a: Clefable|221\/393 brn|[from] item: Leftovers
|-damage|p2a: Clefable|172\/393 brn|[from] brn
|turn|106
|
|move|p1a: Jirachi|Iron Head|p2a: Clefable
|-supereffective|p2a: Clefable
|-damage|p2a: Clefable|0 fnt
|faint|p2a: Clefable
|
|-heal|p1a: Jirachi|381\/399|[from] item: Leftovers
|c|âGod Rolo|gg
|c|âHellochi|gg
|c|âGod Rolo|good batle
|c|âGod Rolo|:D
|c|âHellochi|yea really fun man :]
|-message|God Rolo forfeited.
|
|win|Hellochi
|raw|Ladder updating...
|raw|Hellochi's rating: 1449 &rarr; <strong>1467<\/strong><br \/>(+18 for winning)
|raw|God Rolo's rating: 1425 &rarr; <strong>1406<\/strong><br \/>(-19 for losing)