|join|God Rolo
|join|Sm~Explocion Burst
|player|p1|God Rolo|rolo.gif
|player|p2|Sm~Explocion Burst|explocion.gif
|gametype|singles
|gen|6
|tier|OU
|clearpoke
|poke|p1|Politoed, F|item
|poke|p1|Swampert, F|item
|poke|p1|Celebi|item
|poke|p1|Manaphy|item
|poke|p1|Klefki, F|item
|poke|p1|Magnezone, shiny|item
|poke|p2|Skarmory, M|item
|poke|p2|Manectric, M|item
|poke|p2|Gengar, M|item
|poke|p2|Azumarill, F|item
|poke|p2|Tyranitar, M|item
|poke|p2|Landorus-Therian, M|item
|rule|ClÃ¡usula de Swagger: se prohibe el uso de Swagger
|rule|ClÃ¡usula de Baton Pass: se prohÃ­be mÃ¡s de 1 PokÃ©mon con Baton Pass
|rule|ClÃ¡usula-Mod de Dormir: solo puedes dormir a uno de tus oponentes a la vez.
|rule|ClÃ¡usula de Especie: Hasta un PokÃ©mon de cada especie
|rule|ClÃ¡usula de Golpe Fulminante: los movimientos fulminantes (OHKO) estan prohibidos
|rule|ClÃ¡usula de Moody: la habilidad Moody estÃ¡ prohibida
|rule|ClÃ¡usula de Movimientos Evasivos: los movimientos de evasion estan prohibidos
|rule|ClÃ¡usula de Batallas Eternas: forzar batallas eternas estÃ¡ prohibido
|rule|Modo de Porcentaje de HP: el HP es mostrado en porcentaje
|teampreview
|c|âSm~Explocion Burst|Rain
|c|âSm~Explocion Burst|Ebola UwU
|
|start
|switch|p1a: Celebi|Celebi|404\/404
|switch|p2a: Manectric|Manectric, M|281\/281
|turn|1
|
|switch|p1a: Splash|Swampert, F|391\/391
|detailschange|p2a: Manectric|Manectric-Mega, M
|-mega|p2a: Manectric|Manectric|Manectite
|-ability|p2a: Manectric|Intimidate|[of] p1a: Splash
|-unboost|p1a: Splash|atk|1
|move|p2a: Manectric|Flamethrower|p1a: Splash
|-resisted|p1a: Splash
|-damage|p1a: Splash|329\/391
|-status|p1a: Splash|brn
|
|-damage|p1a: Splash|281\/391 brn|[from] brn
|turn|2
|c|âSm~Explocion Burst|izy
|c|âGod Rolo|riko
|
|switch|p2a: Skarmory|Skarmory, M|334\/334
|switch|p1a: Celebi|Celebi|404\/404
|
|turn|3
|
|move|p1a: Celebi|Stealth Rock|p2a: Skarmory
|-sidestart|p2: Sm~Explocion Burst|move: Stealth Rock
|move|p2a: Skarmory|Stealth Rock|p1a: Celebi
|-sidestart|p1: God Rolo|move: Stealth Rock
|
|turn|4
|
|switch|p1a: Sterling|Magnezone, shiny|287\/287
|-damage|p1a: Sterling|270\/287|[from] Stealth Rock
|move|p2a: Skarmory|Defog|p1a: Sterling
|-unboost|p1a: Sterling|evasion|1
|-sideend|p1: God Rolo|Stealth Rock|[from] move: Defog|[of] p1a: Sterling
|-sideend|p2: Sm~Explocion Burst|Stealth Rock|[from] move: Defog|[of] p2a: Skarmory
|
|turn|5
|
|switch|p2a: Tyranitar|Tyranitar, M|404\/404
|-weather|Sandstorm
|move|p1a: Sterling|Thunderbolt|p2a: Tyranitar
|-damage|p2a: Tyranitar|337\/404
|
|-weather|Sandstorm|[upkeep]
|turn|6
|c|âSm~Explocion Burst|Anis :c
|
|move|p2a: Tyranitar|Pursuit|p1a: Sterling|[from]Pursuit
|-crit|p1a: Sterling
|-damage|p1a: Sterling|36\/287
|switch|p1a: Ollie|Politoed, F|384\/384
|-weather|RainDance
|
|-weather|RainDance|[upkeep]
|turn|7
|c|âGod Rolo|riko
|c|âGod Rolo|;-,
|
|switch|p2a: Manectric|Manectric-Mega, M|281\/281
|-ability|p2a: Manectric|Intimidate|[of] p1a: Ollie
|-unboost|p1a: Ollie|atk|1
|move|p1a: Ollie|Scald|p2a: Manectric
|-crit|p2a: Manectric
|-damage|p2a: Manectric|43\/281
|
|-weather|RainDance|[upkeep]
|turn|8
|c|âSm~Explocion Burst|Srry ywy
|c|âGod Rolo|rico
|c|âSm~Explocion Burst|Rikolino ;_;
|
|switch|p1a: Splash|Swampert, F|281\/391 brn
|move|p2a: Manectric|Thunderbolt|p1a: Splash
|-immune|p1a: Splash|[msg]
|
|-weather|RainDance|[upkeep]
|-damage|p1a: Splash|233\/391 brn|[from] brn
|turn|9
|
|detailschange|p1a: Splash|Swampert-Mega, F
|-mega|p1a: Splash|Swampert|Swampertite
|move|p2a: Manectric|Flamethrower|p1a: Splash
|-resisted|p1a: Splash
|-damage|p1a: Splash|209\/391 brn
|move|p1a: Splash|Rest|p1a: Splash
|-status|p1a: Splash|slp
|-heal|p1a: Splash|391\/391 slp|[silent]
|-status|p1a: Splash|slp|[from] move: Rest
|
|-weather|RainDance|[upkeep]
|turn|10
|c|âSm~Explocion Burst|NO
|
|switch|p2a: Gengar|Gengar, M|262\/262
|cant|p1a: Splash|slp
|move|p1a: Splash|Sleep Talk|p1a: Splash
|move|p1a: Splash|Rest|p1a: Splash|[from]Sleep Talk
|-fail|p1a: Splash
|
|-weather|RainDance|[upkeep]
|turn|11
|c|âSm~Explocion Burst|CONIO
|
|cant|p1a: Splash|slp
|move|p1a: Splash|Sleep Talk|p1a: Splash
|move|p1a: Splash|Earthquake|p2a: Gengar|[from]Sleep Talk
|-immune|p2a: Gengar|[msg]
|move|p2a: Gengar|Shadow Ball|p1a: Splash
|-damage|p1a: Splash|268\/391 slp
|
|-weather|RainDance|[upkeep]
|turn|12
|c|âGod Rolo|que debuenas
|
|-curestatus|p1a: Splash|slp
|move|p1a: Splash|Waterfall|p2a: Gengar
|-enditem|p2a: Gengar|Focus Sash
|-damage|p2a: Gengar|1\/262
|move|p2a: Gengar|Counter|p1a: Splash
|-damage|p1a: Splash|0 fnt
|faint|p1a: Splash
|
|-weather|RainDance|[upkeep]
|c|âGod Rolo|LOl
|
|switch|p1a: Sterling|Magnezone, shiny|36\/287
|turn|13
|c|âSm~Explocion Burst|gg izy
|
|switch|p2a: Tyranitar|Tyranitar, M|337\/404
|-weather|Sandstorm
|move|p1a: Sterling|Volt Switch|p2a: Tyranitar
|-damage|p2a: Tyranitar|285\/404
|
|switch|p1a: Ollie|Politoed, F|384\/384
|-weather|RainDance
|
|-weather|RainDance|[upkeep]
|turn|14
|
|switch|p2a: Azumarill|Azumarill, F|404\/404
|move|p1a: Ollie|Scald|p2a: Azumarill
|-resisted|p2a: Azumarill
|-damage|p2a: Azumarill|322\/404
|
|-weather|RainDance|[upkeep]
|turn|15
|
|move|p1a: Ollie|Scald|p2a: Azumarill
|-resisted|p2a: Azumarill
|-damage|p2a: Azumarill|244\/404
|-status|p2a: Azumarill|brn
|move|p2a: Azumarill|Play Rough|p1a: Ollie
|-damage|p1a: Ollie|191\/384
|
|-weather|RainDance|[upkeep]
|-damage|p2a: Azumarill|194\/404 brn|[from] brn
|turn|16
|c|âSm~Explocion Burst|IUE
|c|âSm~Explocion Burst|OIE*
|
|switch|p1a: Celebi|Celebi|404\/404
|move|p2a: Azumarill|Play Rough|p1a: Celebi
|-damage|p1a: Celebi|266\/404
|
|-weather|RainDance|[upkeep]
|-heal|p1a: Celebi|291\/404|[from] item: Leftovers
|-damage|p2a: Azumarill|144\/404 brn|[from] brn
|turn|17
|
|move|p1a: Celebi|Stealth Rock|p2a: Azumarill
|-sidestart|p2: Sm~Explocion Burst|move: Stealth Rock
|move|p2a: Azumarill|Play Rough|p1a: Celebi
|-damage|p1a: Celebi|150\/404
|
|-weather|RainDance|[upkeep]
|-heal|p1a: Celebi|175\/404|[from] item: Leftovers
|-damage|p2a: Azumarill|94\/404 brn|[from] brn
|turn|18
|
|move|p1a: Celebi|Recover|p1a: Celebi
|-heal|p1a: Celebi|377\/404
|move|p2a: Azumarill|Play Rough|p1a: Celebi
|-damage|p1a: Celebi|223\/404
|
|-weather|RainDance|[upkeep]
|-heal|p1a: Celebi|248\/404|[from] item: Leftovers
|-damage|p2a: Azumarill|44\/404 brn|[from] brn
|turn|19
|
|move|p1a: Celebi|Recover|p1a: Celebi
|-heal|p1a: Celebi|404\/404
|move|p2a: Azumarill|Play Rough|p1a: Celebi
|-damage|p1a: Celebi|259\/404
|
|-weather|RainDance|[upkeep]
|-heal|p1a: Celebi|284\/404|[from] item: Leftovers
|-damage|p2a: Azumarill|0 fnt|[from] brn
|faint|p2a: Azumarill
|
|switch|p2a: Landorus-Therian|Landorus-Therian, M|320\/320
|-damage|p2a: Landorus-Therian|280\/320|[from] Stealth Rock
|-ability|p2a: Landorus-Therian|Intimidate|[of] p1a: Celebi
|-unboost|p1a: Celebi|atk|1
|turn|20
|
|switch|p1a: Sterling|Magnezone, shiny|36\/287
|move|p2a: Landorus-Therian|Knock Off|p1a: Sterling
|-damage|p1a: Sterling|0 fnt
|-enditem|p1a: Sterling|Choice Scarf|[from] move: Knock Off|[of] p2a: Landorus-Therian
|faint|p1a: Sterling
|
|-weather|none
|
|switch|p1a: Ollie|Politoed, F|191\/384
|-weather|RainDance
|turn|21
|
|switch|p2a: Tyranitar|Tyranitar, M|285\/404
|-damage|p2a: Tyranitar|235\/404|[from] Stealth Rock
|-weather|Sandstorm
|move|p1a: Ollie|Scald|p2a: Tyranitar
|-supereffective|p2a: Tyranitar
|-damage|p2a: Tyranitar|161\/404
|
|-weather|Sandstorm|[upkeep]
|-damage|p1a: Ollie|167\/384|[from] sandstorm
|turn|22
|
|move|p2a: Tyranitar|Pursuit|p1a: Ollie|[from]Pursuit
|-damage|p1a: Ollie|0 fnt
|faint|p1a: Ollie
|
|-weather|Sandstorm|[upkeep]
|c|âGod Rolo|mierda
|
|switch|p1a: Klefki|Klefki, F|318\/318
|turn|23
|
|move|p1a: Klefki|Thunder Wave|p2a: Tyranitar
|-status|p2a: Tyranitar|par
|move|p2a: Tyranitar|Earthquake|p1a: Klefki
|-supereffective|p1a: Klefki
|-damage|p1a: Klefki|100\/318
|
|-weather|Sandstorm|[upkeep]
|turn|24
|
|move|p1a: Klefki|Reflect|p1a: Klefki
|-sidestart|p1: God Rolo|Reflect
|move|p2a: Tyranitar|Earthquake|p1a: Klefki
|-supereffective|p1a: Klefki
|-damage|p1a: Klefki|0 fnt
|faint|p1a: Klefki
|
|-weather|Sandstorm|[upkeep]
|
|switch|p1a: Manaphy|Manaphy|404\/404
|turn|25
|
|move|p1a: Manaphy|Scald|p2a: Tyranitar
|-supereffective|p2a: Tyranitar
|-damage|p2a: Tyranitar|45\/404 par
|cant|p2a: Tyranitar|par
|
|-weather|none
|turn|26
|
|move|p1a: Manaphy|Scald|p2a: Tyranitar
|-supereffective|p2a: Tyranitar
|-damage|p2a: Tyranitar|0 fnt
|faint|p2a: Tyranitar
|
|c|âGod Rolo|riko
|
|switch|p2a: Manectric|Manectric-Mega, M|43\/281
|-damage|p2a: Manectric|8\/281|[from] Stealth Rock
|-ability|p2a: Manectric|Intimidate|[of] p1a: Manaphy
|-unboost|p1a: Manaphy|atk|1
|turn|27
|
|switch|p1a: Celebi|Celebi|284\/404
|move|p2a: Manectric|Thunderbolt|p1a: Celebi
|-resisted|p1a: Celebi
|-damage|p1a: Celebi|224\/404
|
|-heal|p1a: Celebi|249\/404|[from] item: Leftovers
|turn|28
|
|move|p2a: Manectric|Flamethrower|p1a: Celebi
|-crit|p1a: Celebi
|-supereffective|p1a: Celebi
|-damage|p1a: Celebi|29\/404
|-status|p1a: Celebi|brn
|move|p1a: Celebi|Psychic|p2a: Manectric
|-crit|p2a: Manectric
|-damage|p2a: Manectric|0 fnt
|faint|p2a: Manectric
|
|-heal|p1a: Celebi|54\/404 brn|[from] item: Leftovers
|-damage|p1a: Celebi|4\/404 brn|[from] brn
|
|switch|p2a: Landorus-Therian|Landorus-Therian, M|280\/320
|-damage|p2a: Landorus-Therian|240\/320|[from] Stealth Rock
|-ability|p2a: Landorus-Therian|Intimidate|[of] p1a: Celebi
|-unboost|p1a: Celebi|atk|1
|turn|29
|c|âGod Rolo|esos criticos
|c|âGod Rolo|burn
|c|âSm~Explocion Burst|a_a
|
|move|p2a: Landorus-Therian|Earthquake|p1a: Celebi
|-resisted|p1a: Celebi
|-damage|p1a: Celebi|0 fnt
|faint|p1a: Celebi
|
|
|switch|p1a: Manaphy|Manaphy|404\/404
|turn|30
|c|âSm~Explocion Burst|Por burnear a azumarril
|
|move|p2a: Landorus-Therian|Earthquake|p1a: Manaphy
|-damage|p1a: Manaphy|301\/404
|move|p1a: Manaphy|Scald|p2a: Landorus-Therian
|-supereffective|p2a: Landorus-Therian
|-damage|p2a: Landorus-Therian|0 fnt
|faint|p2a: Landorus-Therian
|
|-heal|p1a: Manaphy|326\/404|[from] item: Leftovers
|c|âGod Rolo|gg
|
|switch|p2a: Skarmory|Skarmory, M|334\/334
|-damage|p2a: Skarmory|293\/334|[from] Stealth Rock
|turn|31
|
|move|p1a: Manaphy|Scald|p2a: Skarmory
|-damage|p2a: Skarmory|130\/334
|move|p2a: Skarmory|Defog|p1a: Manaphy
|-unboost|p1a: Manaphy|evasion|1
|-sideend|p1: God Rolo|Reflect
|-sideend|p1: God Rolo|Reflect|[from] move: Defog|[of] p1a: Manaphy
|-sideend|p2: Sm~Explocion Burst|Stealth Rock|[from] move: Defog|[of] p2a: Skarmory
|
|-heal|p1a: Manaphy|351\/404|[from] item: Leftovers
|turn|32
|
|move|p1a: Manaphy|Scald|p2a: Skarmory
|-damage|p2a: Skarmory|0 fnt
|faint|p2a: Skarmory
|
|-heal|p1a: Manaphy|376\/404|[from] item: Leftovers
|
|switch|p2a: Gengar|Gengar, M|1\/262
|turn|33
|c|âGod Rolo|ok no
|c|âSm~Explocion Burst|gg
|
|move|p2a: Gengar|Destiny Bond|p2a: Gengar
|-singlemove|p2a: Gengar|Destiny Bond
|move|p1a: Manaphy|Scald|p2a: Gengar
|-damage|p2a: Gengar|0 fnt
|faint|p2a: Gengar
|-activate|p2a: Gengar|Destiny Bond
|faint|p1a: Manaphy
|
|win|God Rolo
|c|âGod Rolo|LOL
|c|âSm~Explocion Burst|KIK
|c|âSm~Explocion Burst|LOL*
|c|âGod Rolo|estuvo de madres
|c|âSm~Explocion Burst|Ganaste pos
|c|âSm~Explocion Burst|Si
|c|âSm~Explocion Burst|xD
|c|âGod Rolo|el combate
|c|âGod Rolo|xD
|c|âSm~Explocion Burst|LOL
|c|âSm~Explocion Burst|No conto
|c|âSm~Explocion Burst|Fue empate(?