|join|God Rolo
|join|(RxA)~DÎ±rk Soul's
|unlink||tour
|player|p1|God Rolo|rolo.gif
|player|p2|(RxA)~DÎ±rk Soul's|2
|gametype|singles
|gen|6
|tier|OU
|clearpoke
|poke|p1|Gardevoir, M|item
|poke|p1|Bisharp, F|item
|poke|p1|Talonflame, F|item
|poke|p1|Keldeo|item
|poke|p1|Landorus-Therian, M|item
|poke|p1|Excadrill, M|item
|poke|p2|Pinsir, M|item
|poke|p2|Garchomp, M|item
|poke|p2|Skarmory, F|item
|poke|p2|Clefable, M|item
|poke|p2|Chansey, F|item
|poke|p2|Sableye, M|item
|rule|ClÃ¡usula de Swagger: se prohibe el uso de Swagger
|rule|ClÃ¡usula de Baton Pass: se prohÃ­be mÃ¡s de 1 PokÃ©mon con Baton Pass
|rule|ClÃ¡usula-Mod de Dormir: solo puedes dormir a uno de tus oponentes a la vez.
|rule|ClÃ¡usula de Especie: Hasta un PokÃ©mon de cada especie
|rule|ClÃ¡usula de Golpe Fulminante: los movimientos fulminantes (OHKO) estan prohibidos
|rule|ClÃ¡usula de Moody: la habilidad Moody estÃ¡ prohibida
|rule|ClÃ¡usula de Movimientos Evasivos: los movimientos de evasion estan prohibidos
|rule|ClÃ¡usula de Batallas Eternas: forzar batallas eternas estÃ¡ prohibido
|rule|Modo de Porcentaje de HP: el HP es mostrado en porcentaje
|teampreview
|
|start
|switch|p1a: Talonflame|Talonflame, F|297\/297
|switch|p2a: Sableye|Sableye, M|304\/304
|turn|1
|
|switch|p2a: Skarmory|Skarmory, F|334\/334
|move|p1a: Talonflame|Flare Blitz|p2a: Skarmory
|-supereffective|p2a: Skarmory
|-damage|p2a: Skarmory|40\/334
|-damage|p1a: Talonflame|200\/297|[from] recoil|[of] p2a: Skarmory
|
|turn|2
|
|switch|p2a: Garchomp|Garchomp, M|357\/357
|move|p1a: Talonflame|Flare Blitz|p2a: Garchomp
|-resisted|p2a: Garchomp
|-damage|p2a: Garchomp|229\/357
|-damage|p1a: Talonflame|163\/297|[from] ability: Rough Skin|[of] p2a: Garchomp
|-damage|p1a: Talonflame|121\/297|[from] recoil|[of] p2a: Garchomp
|
|turn|3
|
|switch|p1a: Landorus-Therian|Landorus-Therian, M|382\/382
|-ability|p1a: Landorus-Therian|Intimidate|[of] p2a: Garchomp
|-unboost|p2a: Garchomp|atk|1
|move|p2a: Garchomp|Stealth Rock|p1a: Landorus-Therian
|-sidestart|p1: God Rolo|move: Stealth Rock
|
|turn|4
|
|switch|p2a: Clefable|Clefable, M|394\/394
|move|p1a: Landorus-Therian|Stealth Rock|p2a: Clefable
|-sidestart|p2: (RxA)~DÎ±rk Soul's|move: Stealth Rock
|
|turn|5
|
|switch|p2a: Sableye|Sableye, M|304\/304
|-damage|p2a: Sableye|266\/304|[from] Stealth Rock
|move|p1a: Landorus-Therian|U-turn|p2a: Sableye
|-damage|p2a: Sableye|164\/304
|
|switch|p1a: Keldeo|Keldeo|323\/323
|-damage|p1a: Keldeo|303\/323|[from] Stealth Rock
|
|-heal|p2a: Sableye|183\/304|[from] item: Leftovers
|turn|6
|
|switch|p2a: Chansey|Chansey, F|642\/642
|-damage|p2a: Chansey|562\/642|[from] Stealth Rock
|move|p1a: Keldeo|Scald|p2a: Chansey
|-damage|p2a: Chansey|456\/642
|
|turn|7
|
|switch|p1a: Excadrill|Excadrill, M|423\/423
|-damage|p1a: Excadrill|410\/423|[from] Stealth Rock
|-ability|p1a: Excadrill|Mold Breaker
|-item|p1a: Excadrill|Air Balloon
|switch|p2a: Garchomp|Garchomp, M|229\/357
|-damage|p2a: Garchomp|207\/357|[from] Stealth Rock
|
|turn|8
|
|move|p2a: Garchomp|Dragon Claw|p1a: Excadrill
|-crit|p1a: Excadrill
|-resisted|p1a: Excadrill
|-damage|p1a: Excadrill|262\/423
|-enditem|p1a: Excadrill|Air Balloon
|move|p1a: Excadrill|Iron Head|p2a: Garchomp
|-damage|p2a: Garchomp|59\/357
|-damage|p1a: Excadrill|210\/423|[from] ability: Rough Skin|[of] p2a: Garchomp
|
|turn|9
|
|switch|p1a: Landorus-Therian|Landorus-Therian, M|382\/382
|-damage|p1a: Landorus-Therian|335\/382|[from] Stealth Rock
|-ability|p1a: Landorus-Therian|Intimidate|[of] p2a: Garchomp
|-unboost|p2a: Garchomp|atk|1
|move|p2a: Garchomp|Earthquake|p1a: Landorus-Therian
|-immune|p1a: Landorus-Therian|[msg]
|
|-heal|p1a: Landorus-Therian|358\/382|[from] item: Leftovers
|turn|10
|
|move|p2a: Garchomp|Dragon Claw|p1a: Landorus-Therian
|-crit|p1a: Landorus-Therian
|-damage|p1a: Landorus-Therian|196\/382
|move|p1a: Landorus-Therian|Earthquake|p2a: Garchomp
|-damage|p2a: Garchomp|0 fnt
|faint|p2a: Garchomp
|
|-heal|p1a: Landorus-Therian|219\/382|[from] item: Leftovers
|
|switch|p2a: Sableye|Sableye, M|183\/304
|-damage|p2a: Sableye|145\/304|[from] Stealth Rock
|turn|11
|
|move|p2a: Sableye|Will-O-Wisp|p1a: Landorus-Therian|[miss]
|-miss|p2a: Sableye|p1a: Landorus-Therian
|move|p1a: Landorus-Therian|U-turn|p2a: Sableye
|-damage|p2a: Sableye|55\/304
|c|â(RxA)~DÎ±rk Soul's|pff
|
|switch|p1a: Gardevoir|Gardevoir, M|277\/277
|-damage|p1a: Gardevoir|243\/277|[from] Stealth Rock
|-ability|p1a: Gardevoir|Prankster|[from] ability: Trace|[of] p2a: Sableye
|
|-heal|p2a: Sableye|74\/304|[from] item: Leftovers
|turn|12
|
|switch|p2a: Chansey|Chansey, F|456\/642
|-damage|p2a: Chansey|376\/642|[from] Stealth Rock
|detailschange|p1a: Gardevoir|Gardevoir-Mega, M
|-mega|p1a: Gardevoir|Gardevoir|Gardevoirite
|move|p1a: Gardevoir|Hyper Voice|p2a: Chansey
|-damage|p2a: Chansey|246\/642
|
|turn|13
|
|move|p1a: Gardevoir|Calm Mind|p1a: Gardevoir
|-boost|p1a: Gardevoir|spa|1
|-boost|p1a: Gardevoir|spd|1
|move|p2a: Chansey|Soft-Boiled|p2a: Chansey
|-heal|p2a: Chansey|567\/642
|
|turn|14
|
|move|p1a: Gardevoir|Psyshock|p2a: Chansey
|-damage|p2a: Chansey|186\/642
|move|p2a: Chansey|Toxic|p1a: Gardevoir
|-status|p1a: Gardevoir|tox
|
|-damage|p1a: Gardevoir|226\/277 tox|[from] psn
|turn|15
|
|switch|p2a: Sableye|Sableye, M|74\/304
|-damage|p2a: Sableye|36\/304|[from] Stealth Rock
|move|p1a: Gardevoir|Psyshock|p2a: Sableye
|-immune|p2a: Sableye|[msg]
|
|-heal|p2a: Sableye|55\/304|[from] item: Leftovers
|-damage|p1a: Gardevoir|192\/277 tox|[from] psn
|turn|16
|
|move|p1a: Gardevoir|Hyper Voice|p2a: Sableye
|-supereffective|p2a: Sableye
|-damage|p2a: Sableye|0 fnt
|faint|p2a: Sableye
|
|-damage|p1a: Gardevoir|141\/277 tox|[from] psn
|
|switch|p2a: Clefable|Clefable, M|394\/394
|-damage|p2a: Clefable|345\/394|[from] Stealth Rock
|turn|17
|
|move|p1a: Gardevoir|Hyper Voice|p2a: Clefable
|-damage|p2a: Clefable|41\/394
|move|p2a: Clefable|Wish|p2a: Clefable
|
|-heal|p2a: Clefable|65\/394|[from] item: Leftovers
|-damage|p1a: Gardevoir|73\/277 tox|[from] psn
|turn|18
|
|move|p2a: Clefable|Protect|p2a: Clefable
|-singleturn|p2a: Clefable|Protect
|move|p1a: Gardevoir|Psyshock|p2a: Clefable
|-activate|p2a: Clefable|Protect
|
|-heal|p2a: Clefable|262\/394|[from] move: Wish|[wisher] Clefable
|-heal|p2a: Clefable|286\/394|[from] item: Leftovers
|-damage|p1a: Gardevoir|0 fnt|[from] psn
|faint|p1a: Gardevoir
|
|switch|p1a: Bisharp|Bisharp, F|272\/272
|-damage|p1a: Bisharp|255\/272|[from] Stealth Rock
|turn|19
|
|move|p1a: Bisharp|Iron Head|p2a: Clefable
|-supereffective|p2a: Clefable
|-damage|p2a: Clefable|28\/394
|move|p2a: Clefable|Moonblast|p1a: Bisharp
|-damage|p1a: Bisharp|102\/272
|
|-heal|p2a: Clefable|52\/394|[from] item: Leftovers
|turn|20
|
|move|p1a: Bisharp|Iron Head|p2a: Clefable
|-supereffective|p2a: Clefable
|-damage|p2a: Clefable|0 fnt
|faint|p2a: Clefable
|
|join|Sr.Asperox
|
|switch|p2a: Pinsir|Pinsir, M|271\/271
|-damage|p2a: Pinsir|204\/271|[from] Stealth Rock
|turn|21
|join|(RxA)ProCarp3500
|c| Sr.Asperox|Rolo nab
|
|detailschange|p2a: Pinsir|Pinsir-Mega, M
|-mega|p2a: Pinsir|Pinsir|Pinsirite
|move|p2a: Pinsir|Swords Dance|p2a: Pinsir
|-boost|p2a: Pinsir|atk|2
|move|p1a: Bisharp|Iron Head|p2a: Pinsir
|-damage|p2a: Pinsir|65\/271
|
|turn|22
|
|move|p2a: Pinsir|Feint|p1a: Bisharp
|-resisted|p1a: Bisharp
|-damage|p1a: Bisharp|24\/272
|move|p1a: Bisharp|Sucker Punch|p2a: Pinsir
|-fail|p2a: Pinsir
|
|turn|23
|
|move|p2a: Pinsir|Feint|p1a: Bisharp
|-resisted|p1a: Bisharp
|-damage|p1a: Bisharp|0 fnt
|faint|p1a: Bisharp
|
|join|(W-Z) domingo333
|
|switch|p1a: Landorus-Therian|Landorus-Therian, M|219\/382
|-damage|p1a: Landorus-Therian|172\/382|[from] Stealth Rock
|-ability|p1a: Landorus-Therian|Intimidate|[of] p2a: Pinsir
|-unboost|p2a: Pinsir|atk|1
|turn|24
|
|switch|p1a: Excadrill|Excadrill, M|210\/423
|-damage|p1a: Excadrill|197\/423|[from] Stealth Rock
|-ability|p1a: Excadrill|Mold Breaker
|move|p2a: Pinsir|Return|p1a: Excadrill
|-resisted|p1a: Excadrill
|-damage|p1a: Excadrill|0 fnt
|faint|p1a: Excadrill
|
|
|switch|p1a: Landorus-Therian|Landorus-Therian, M|172\/382
|-damage|p1a: Landorus-Therian|125\/382|[from] Stealth Rock
|-ability|p1a: Landorus-Therian|Intimidate|[of] p2a: Pinsir
|-unboost|p2a: Pinsir|atk|1
|turn|25
|
|switch|p1a: Talonflame|Talonflame, F|121\/297
|-damage|p1a: Talonflame|0 fnt|[from] Stealth Rock
|faint|p1a: Talonflame
|move|p2a: Pinsir|Return|p1: Talonflame|[notarget]
|-notarget
|
|
|switch|p1a: Landorus-Therian|Landorus-Therian, M|125\/382
|-damage|p1a: Landorus-Therian|78\/382|[from] Stealth Rock
|-ability|p1a: Landorus-Therian|Intimidate|[of] p2a: Pinsir
|-unboost|p2a: Pinsir|atk|1
|turn|26
|
|move|p2a: Pinsir|Return|p1a: Landorus-Therian
|-damage|p1a: Landorus-Therian|0 fnt
|faint|p1a: Landorus-Therian
|
|join|(rxa) Near Nagami
|
|switch|p1a: Keldeo|Keldeo|303\/323
|-damage|p1a: Keldeo|283\/323|[from] Stealth Rock
|turn|27
|c| Sr.Asperox|oh no
|c|â(RxA)~DÎ±rk Soul's|gg
|
|move|p2a: Pinsir|Feint|p1a: Keldeo
|-supereffective|p1a: Keldeo
|-damage|p1a: Keldeo|161\/323
|move|p1a: Keldeo|Secret Sword|p2a: Pinsir
|-resisted|p2a: Pinsir
|-damage|p2a: Pinsir|16\/271
|
|turn|28
|c|â(RxA)~DÎ±rk Soul's|a.a\/
|c|âGod Rolo|gg
|c|âGod Rolo|lal
|
|move|p2a: Pinsir|Feint|p1a: Keldeo
|-supereffective|p1a: Keldeo
|-damage|p1a: Keldeo|39\/323
|move|p1a: Keldeo|Secret Sword|p2a: Pinsir
|-resisted|p2a: Pinsir
|-damage|p2a: Pinsir|0 fnt
|faint|p2a: Pinsir
|
|c|âGod Rolo|xD
|
|switch|p2a: Skarmory|Skarmory, F|40\/334
|-damage|p2a: Skarmory|0 fnt|[from] Stealth Rock
|faint|p2a: Skarmory
|
|switch|p2a: Chansey|Chansey, F|186\/642
|-damage|p2a: Chansey|106\/642|[from] Stealth Rock
|turn|29
|
|move|p1a: Keldeo|Secret Sword|p2a: Chansey
|-crit|p2a: Chansey
|-supereffective|p2a: Chansey
|-damage|p2a: Chansey|0 fnt
|faint|p2a: Chansey
|
|win|God Rolo
|c|âGod Rolo|oie si
|leave|(W-Z) domingo333
|leave|(RxA)~DÎ±rk Soul's
|player|p2
|leave|Sr.Asperox
|leave|God Rolo
|player|p1
|leave|(rxa) Near Nagami