|join|Princesa Grumoza
|join|God Rolo
|player|p1|Princesa Grumoza|78
|player|p2|God Rolo|rolo.gif
|gametype|singles
|gen|6
|tier|OU
|rated
|clearpoke
|poke|p1|Diancie|item
|poke|p1|Gothitelle, F|item
|poke|p1|Breloom, F|item
|poke|p1|Gengar, F|item
|poke|p1|Ferrothorn, M|item
|poke|p1|Doublade, M|item
|poke|p2|Azelf, shiny|item
|poke|p2|Dragonite, M|item
|poke|p2|Diggersby, F|item
|poke|p2|Thundurus, M, shiny|item
|poke|p2|Gyarados, F|item
|poke|p2|Heracross, M|item
|rule|ClÃ¡usula de Swagger: se prohibe el uso de Swagger
|rule|ClÃ¡usula de Baton Pass: se prohÃ­be mÃ¡s de 1 PokÃ©mon con Baton Pass
|rule|ClÃ¡usula-Mod de Dormir: solo puedes dormir a uno de tus oponentes a la vez.
|rule|ClÃ¡usula de Especie: Hasta un PokÃ©mon de cada especie
|rule|ClÃ¡usula de Golpe Fulminante: los movimientos fulminantes (OHKO) estan prohibidos
|rule|ClÃ¡usula de Moody: la habilidad Moody estÃ¡ prohibida
|rule|ClÃ¡usula de Movimientos Evasivos: los movimientos de evasion estan prohibidos
|rule|ClÃ¡usula de Batallas Eternas: forzar batallas eternas estÃ¡ prohibido
|rule|Modo de Porcentaje de HP: el HP es mostrado en porcentaje
|teampreview
|
|start
|switch|p1a: Diancie|Diancie|241\/241
|switch|p2a: Azelf|Azelf, shiny|354\/354
|turn|1
|
|switch|p2a: Gyarados|Gyarados, F|331\/331
|-ability|p2a: Gyarados|Intimidate|[of] p1a: Diancie
|-fail|p1a: Diancie|unboost|[from] ability: Clear Body|[of] p1a: Diancie
|detailschange|p1a: Diancie|Diancie-Mega
|-mega|p1a: Diancie|Diancie|Diancite
|move|p1a: Diancie|Diamond Storm|p2a: Gyarados
|-supereffective|p2a: Gyarados
|-damage|p2a: Gyarados|0 fnt
|-boost|p1a: Diancie|def|1
|faint|p2a: Gyarados
|
|
|switch|p2a: Diggersby|Diggersby, F|311\/311
|turn|2
|
|switch|p1a: Gengar|Gengar, F|261\/261
|move|p2a: Diggersby|Return|p1a: Gengar
|-immune|p1a: Gengar|[msg]
|
|turn|3
|
|switch|p2a: Dragonite|Dragonite, M|386\/386
|move|p1a: Gengar|Sludge Bomb|p2a: Dragonite
|-damage|p2a: Dragonite|276\/386
|-damage|p1a: Gengar|235\/261|[from] item: Life Orb
|
|turn|4
|
|move|p1a: Gengar|Shadow Ball|p2a: Dragonite
|-damage|p2a: Dragonite|99\/386
|-unboost|p2a: Dragonite|spd|1
|-damage|p1a: Gengar|209\/261|[from] item: Life Orb
|move|p2a: Dragonite|Fire Punch|p1a: Gengar
|-damage|p1a: Gengar|1\/261
|-status|p1a: Gengar|brn
|
|-damage|p1a: Gengar|0 fnt|[from] brn
|faint|p1a: Gengar
|c|âPrincesa Grumoza|.-.
|
|switch|p1a: Diancie|Diancie-Mega|241\/241
|turn|5
|
|move|p1a: Diancie|Moonblast|p2a: Dragonite
|-supereffective|p2a: Dragonite
|-damage|p2a: Dragonite|0 fnt
|faint|p2a: Dragonite
|
|
|switch|p2a: Diggersby|Diggersby, F|311\/311
|turn|6
|
|switch|p1a: Ferrothorn|Ferrothorn, M|347\/347
|move|p2a: Diggersby|Return|p1a: Ferrothorn
|-resisted|p1a: Ferrothorn
|-damage|p1a: Ferrothorn|281\/347
|-damage|p2a: Diggersby|273\/311|[from] ability: Iron Barbs|[of] p1a: Ferrothorn
|
|turn|7
|
|move|p2a: Diggersby|Swords Dance|p2a: Diggersby
|-boost|p2a: Diggersby|atk|2
|move|p1a: Ferrothorn|Stealth Rock|p2a: Diggersby
|-sidestart|p2: God Rolo|move: Stealth Rock
|
|turn|8
|
|move|p2a: Diggersby|Superpower|p1a: Ferrothorn
|-supereffective|p1a: Ferrothorn
|-damage|p1a: Ferrothorn|0 fnt
|-damage|p2a: Diggersby|235\/311|[from] ability: Iron Barbs|[of] p1a: Ferrothorn
|-unboost|p2a: Diggersby|atk|1
|-unboost|p2a: Diggersby|def|1
|faint|p1a: Ferrothorn
|
|
|switch|p1a: Breloom|Breloom, F|261\/261
|turn|9
|
|move|p2a: Diggersby|Return|p1a: Breloom
|-enditem|p1a: Breloom|Focus Sash
|-damage|p1a: Breloom|1\/261
|move|p1a: Breloom|Bullet Seed|p2a: Diggersby
|-supereffective|p2a: Diggersby
|-damage|p2a: Diggersby|0 fnt
|-hitcount|p2a: Diggersby|1
|faint|p2a: Diggersby
|
|
|switch|p2a: Thundurus|Thundurus, M, shiny|299\/299
|-damage|p2a: Thundurus|225\/299|[from] Stealth Rock
|turn|10
|
|move|p2a: Thundurus|Thunderbolt|p1a: Breloom
|-resisted|p1a: Breloom
|-damage|p1a: Breloom|0 fnt
|-damage|p2a: Thundurus|196\/299|[from] item: Life Orb
|faint|p1a: Breloom
|
|
|switch|p1a: Diancie|Diancie-Mega|241\/241
|turn|11
|
|move|p2a: Thundurus|Thunderbolt|p1a: Diancie
|-damage|p1a: Diancie|33\/241
|-status|p1a: Diancie|par
|-damage|p2a: Thundurus|167\/299|[from] item: Life Orb
|move|p1a: Diancie|Diamond Storm|p2a: Thundurus
|-supereffective|p2a: Thundurus
|-damage|p2a: Thundurus|0 fnt
|-boost|p1a: Diancie|def|1
|faint|p2a: Thundurus
|
|c|âPrincesa Grumoza|dios k hax
|
|switch|p2a: Heracross|Heracross, M|301\/301
|-damage|p2a: Heracross|264\/301|[from] Stealth Rock
|turn|12
|c|âPrincesa Grumoza|el fire punch y el thunderbol
|
|move|p2a: Heracross|Earthquake|p1a: Diancie
|-supereffective|p1a: Diancie
|-damage|p1a: Diancie|0 fnt
|faint|p1a: Diancie
|-boost|p2a: Heracross|atk|1|[from] ability: Moxie
|
|
|switch|p1a: Gothitelle|Gothitelle, F|281\/281
|turn|13
|
|move|p2a: Heracross|Earthquake|p1a: Gothitelle
|-damage|p1a: Gothitelle|97\/281
|move|p1a: Gothitelle|Psyshock|p2a: Heracross
|-supereffective|p2a: Heracross
|-damage|p2a: Heracross|0 fnt
|faint|p2a: Heracross
|
|
|switch|p2a: Azelf|Azelf, shiny|354\/354
|-damage|p2a: Azelf|310\/354|[from] Stealth Rock
|turn|14
|
|switch|p1a: Doublade|Doublade, M|259\/259
|move|p2a: Azelf|Stealth Rock|p1a: Doublade
|-sidestart|p1: Princesa Grumoza|move: Stealth Rock
|
|turn|15
|
|move|p1a: Doublade|Shadow Sneak|p2a: Azelf
|-supereffective|p2a: Azelf
|-damage|p2a: Azelf|29\/354
|-damage|p1a: Doublade|234\/259|[from] item: Life Orb
|move|p2a: Azelf|Explosion|p1a: Doublade
|-immune|p1a: Doublade|[msg]
|faint|p2a: Azelf
|
|win|Princesa Grumoza
Princesa Grumoza ha ganado 2.25 PokeDolares.
|raw|Ladder actualizandose...
|raw|Puntaje de Princesa Grumoza: 1122 &rarr; <strong>1164<\/strong><br \/>(+42 por ganar)
|raw|Puntaje de God Rolo: 1404 &rarr; <strong>1370<\/strong><br \/>(-34 por perder)
|c|âGod Rolo|gg