|join|Trainer Apollo
|join|Wadam
|player|p1|Trainer Apollo|101
|player|p2|Wadam|102
|gametype|singles
|gen|6
|tier|ORAS OU
|rated
|rule|Sleep Clause Mod: Limit one foe put to sleep
|rule|Species Clause: Limit one of each PokÃ©mon
|rule|OHKO Clause: OHKO moves are banned
|rule|Moody Clause: Moody is banned
|rule|Evasion Moves Clause: Evasion moves are banned
|rule|Endless Battle Clause: Forcing endless battles is banned
|rule|HP Percentage Mod: HP is shown in percentages
|clearpoke
|poke|p1|Archeops, F
|poke|p1|Rotom-Wash
|poke|p1|Flygon, M
|poke|p1|Whimsicott, F
|poke|p1|Jolteon, F
|poke|p1|Beedrill, M
|poke|p2|Azumarill, M
|poke|p2|Mew
|poke|p2|Excadrill, M
|poke|p2|Greninja, F
|poke|p2|Gardevoir, F
|poke|p2|Skarmory, F
|rule|Swagger Clause: Swagger is banned
|rule|Baton Pass Clause: Limit one PokÃ©mon knowing Baton Pass
|teampreview
|
|start
|switch|p1a: Archeops|Archeops, F|311\/311
|switch|p2a: Greninja|Greninja, F|285\/285
|turn|1
|
|move|p1a: Archeops|U-turn|p2a: Greninja
|-supereffective|p2a: Greninja
|-damage|p2a: Greninja|15\/285
|
|switch|p1a: Rotom-Wash|Rotom-Wash|303\/303
|move|p2a: Greninja|Dark Pulse|p1a: Rotom-Wash
|-start|p2a: Greninja|typechange|Dark|[from] Protean
|-damage|p1a: Rotom-Wash|143\/303
|-damage|p2a: Greninja|0 fnt|[from] item: Life Orb
|faint|p2a: Greninja
|
|-heal|p1a: Rotom-Wash|161\/303|[from] item: Leftovers
|
|switch|p2a: Excadrill|Excadrill, M|362\/362
|-ability|p2a: Excadrill|Mold Breaker
|-item|p2a: Excadrill|Air Balloon
|turn|2
|
|switch|p1a: Whimsicott|Whimsicott, F|322\/322
|move|p2a: Excadrill|Earthquake|p1a: Whimsicott
|-resisted|p1a: Whimsicott
|-damage|p1a: Whimsicott|242\/322
|
|turn|3
|
|move|p1a: Whimsicott|Encore|p2a: Excadrill
|-start|p2a: Excadrill|Encore
|move|p2a: Excadrill|Earthquake|p1a: Whimsicott
|-resisted|p1a: Whimsicott
|-damage|p1a: Whimsicott|149\/322
|-enditem|p1a: Whimsicott|Sitrus Berry|[eat]
|-heal|p1a: Whimsicott|229\/322|[from] item: Sitrus Berry
|
|turn|4
|
|switch|p2a: Mew|Mew|404\/404
|move|p1a: Whimsicott|Stun Spore|p2a: Mew
|-status|p2a: Mew|par
|-status|p1a: Whimsicott|par
|
|turn|5
|
|move|p2a: Mew|Knock Off|p1a: Whimsicott
|-resisted|p1a: Whimsicott
|-damage|p1a: Whimsicott|203\/322 par
|cant|p1a: Whimsicott|par
|
|turn|6
|
|switch|p2a: Skarmory|Skarmory, F|334\/334
|move|p1a: Whimsicott|U-turn|p2a: Skarmory
|-resisted|p2a: Skarmory
|-damage|p2a: Skarmory|328\/334
|
|switch|p1a: Rotom-Wash|Rotom-Wash|161\/303
|
|-heal|p1a: Rotom-Wash|179\/303|[from] item: Leftovers
|turn|7
|
|switch|p2a: Mew|Mew|404\/404 par
|move|p1a: Rotom-Wash|Will-O-Wisp|p2a: Mew
|-fail|p2a: Mew
|
|-heal|p1a: Rotom-Wash|197\/303|[from] item: Leftovers
|turn|8
|
|switch|p2a: Excadrill|Excadrill, M|362\/362
|-ability|p2a: Excadrill|Mold Breaker
|-item|p2a: Excadrill|Air Balloon
|move|p1a: Rotom-Wash|Volt Switch|p2a: Excadrill
|-immune|p2a: Excadrill|[msg]
|
|-heal|p1a: Rotom-Wash|215\/303|[from] item: Leftovers
|turn|9
|
|switch|p1a: Archeops|Archeops, F|311\/311
|move|p2a: Excadrill|Earthquake|p1a: Archeops
|-immune|p1a: Archeops|[msg]
|
|turn|10
|
|move|p1a: Archeops|U-turn|p2a: Excadrill
|-resisted|p2a: Excadrill
|-damage|p2a: Excadrill|295\/362
|-enditem|p2a: Excadrill|Air Balloon
|
|switch|p1a: Rotom-Wash|Rotom-Wash|215\/303
|move|p2a: Excadrill|Iron Head|p1a: Rotom-Wash
|-resisted|p1a: Rotom-Wash
|-damage|p1a: Rotom-Wash|190\/303
|
|-heal|p1a: Rotom-Wash|208\/303|[from] item: Leftovers
|turn|11
|
|switch|p1a: Archeops|Archeops, F|311\/311
|move|p2a: Excadrill|Rock Slide|p1a: Archeops
|-supereffective|p1a: Archeops
|-damage|p1a: Archeops|51\/311
|
|turn|12
|
|move|p1a: Archeops|Earthquake|p2a: Excadrill
|-supereffective|p2a: Excadrill
|-damage|p2a: Excadrill|95\/362
|move|p2a: Excadrill|Rock Slide|p1a: Archeops
|-supereffective|p1a: Archeops
|-damage|p1a: Archeops|0 fnt
|faint|p1a: Archeops
|
|
|switch|p1a: Flygon|Flygon, M|344\/344
|turn|13
|
|switch|p2a: Skarmory|Skarmory, F|328\/334
|move|p1a: Flygon|Fire Blast|p2a: Skarmory
|-supereffective|p2a: Skarmory
|-damage|p2a: Skarmory|102\/334
|
|turn|14
|
|switch|p2a: Azumarill|Azumarill, M|363\/363
|move|p1a: Flygon|Fire Blast|p2a: Azumarill
|-resisted|p2a: Azumarill
|-damage|p2a: Azumarill|316\/363
|
|turn|15
|
|move|p1a: Flygon|U-turn|p2a: Azumarill
|-resisted|p2a: Azumarill
|-damage|p2a: Azumarill|285\/363
|
|switch|p1a: Whimsicott|Whimsicott, F|203\/322 par
|move|p2a: Azumarill|Play Rough|p1a: Whimsicott
|-damage|p1a: Whimsicott|0 fnt
|faint|p1a: Whimsicott
|
|
|switch|p1a: Rotom-Wash|Rotom-Wash|208\/303
|turn|16
|
|switch|p2a: Excadrill|Excadrill, M|95\/362
|-ability|p2a: Excadrill|Mold Breaker
|move|p1a: Rotom-Wash|Will-O-Wisp|p2a: Excadrill|[miss]
|-miss|p1a: Rotom-Wash|p2a: Excadrill
|
|-heal|p1a: Rotom-Wash|226\/303|[from] item: Leftovers
|turn|17
|c|âTrainer Apollo|...
|
|switch|p1a: Flygon|Flygon, M|344\/344
|move|p2a: Excadrill|Earthquake|p1a: Flygon
|-damage|p1a: Flygon|91\/344
|
|turn|18
|
|move|p1a: Flygon|Earthquake|p2a: Excadrill
|-supereffective|p2a: Excadrill
|-damage|p2a: Excadrill|0 fnt
|faint|p2a: Excadrill
|
|
|switch|p2a: Azumarill|Azumarill, M|285\/363
|turn|19
|
|move|p1a: Flygon|Earthquake|p2a: Azumarill
|-damage|p2a: Azumarill|144\/363
|move|p2a: Azumarill|Play Rough|p1a: Flygon
|-supereffective|p1a: Flygon
|-damage|p1a: Flygon|0 fnt
|faint|p1a: Flygon
|
|
|switch|p1a: Rotom-Wash|Rotom-Wash|226\/303
|turn|20
|
|switch|p2a: Mew|Mew|404\/404 par
|move|p1a: Rotom-Wash|Volt Switch|p2a: Mew
|-damage|p2a: Mew|329\/404 par
|
|switch|p1a: Beedrill|Beedrill, M|271\/271
|
|-heal|p2a: Mew|354\/404 par|[from] item: Leftovers
|turn|21
|
|switch|p2a: Skarmory|Skarmory, F|102\/334
|detailschange|p1a: Beedrill|Beedrill-Mega, M
|message|Beedrill has Mega Evolved into Mega Beedrill!
|move|p1a: Beedrill|Knock Off|p2a: Skarmory
|-damage|p2a: Skarmory|30\/334
|-enditem|p2a: Skarmory|Shed Shell|[from] move: Knock Off|[of] p1a: Beedrill
|
|turn|22
|
|move|p1a: Beedrill|Knock Off|p2a: Skarmory
|-damage|p2a: Skarmory|0 fnt
|faint|p2a: Skarmory
|
|
|switch|p2a: Azumarill|Azumarill, M|144\/363
|turn|23
|
|move|p1a: Beedrill|Protect|p1a: Beedrill
|-singleturn|p1a: Beedrill|Protect
|move|p2a: Azumarill|Aqua Jet|p1a: Beedrill
|-activate|p1a: Beedrill|Protect
|
|turn|24
|
|switch|p1a: Rotom-Wash|Rotom-Wash|226\/303
|move|p2a: Azumarill|Aqua Jet|p1a: Rotom-Wash
|-resisted|p1a: Rotom-Wash
|-damage|p1a: Rotom-Wash|183\/303
|
|-heal|p1a: Rotom-Wash|201\/303|[from] item: Leftovers
|turn|25
|
|switch|p2a: Mew|Mew|354\/404 par
|move|p1a: Rotom-Wash|Volt Switch|p2a: Mew
|-damage|p2a: Mew|281\/404 par
|
|switch|p1a: Beedrill|Beedrill-Mega, M|271\/271
|
|-heal|p2a: Mew|306\/404 par|[from] item: Leftovers
|turn|26
|
|move|p1a: Beedrill|Knock Off|p2a: Mew
|-supereffective|p2a: Mew
|-damage|p2a: Mew|70\/404 par
|-enditem|p2a: Mew|Leftovers|[from] move: Knock Off|[of] p1a: Beedrill
|move|p2a: Mew|Will-O-Wisp|p1a: Beedrill
|-status|p1a: Beedrill|brn
|
|-damage|p1a: Beedrill|238\/271 brn|[from] brn
|turn|27
|
|switch|p1a: Jolteon|Jolteon, F|291\/291
|cant|p2a: Mew|par
|
|turn|28
|
|move|p1a: Jolteon|Heal Bell|p1a: Jolteon
|-cureteam|p1a: Jolteon|[from] move: HealBell
|cant|p2a: Mew|par
|
|turn|29
|
|move|p1a: Jolteon|Volt Switch|p2a: Mew
|-damage|p2a: Mew|0 fnt
|-damage|p1a: Jolteon|262\/291|[from] item: Life Orb
|faint|p2a: Mew
|
|switch|p1a: Beedrill|Beedrill-Mega, M|238\/271
|
|
|switch|p2a: Azumarill|Azumarill, M|144\/363
|turn|30
|
|move|p1a: Beedrill|Protect|p1a: Beedrill
|-singleturn|p1a: Beedrill|Protect
|move|p2a: Azumarill|Aqua Jet|p1a: Beedrill
|-activate|p1a: Beedrill|Protect
|
|turn|31
|
|switch|p1a: Rotom-Wash|Rotom-Wash|201\/303
|switch|p2a: Gardevoir|Gardevoir, F|277\/277
|-ability|p2a: Gardevoir|Levitate|[from] ability: Trace|[of] p1a: Rotom-Wash
|
|-heal|p1a: Rotom-Wash|219\/303|[from] item: Leftovers
|turn|32
|
|switch|p1a: Jolteon|Jolteon, F|262\/291
|detailschange|p2a: Gardevoir|Gardevoir-Mega, F
|message|Gardevoir has Mega Evolved into Mega Gardevoir!
|move|p2a: Gardevoir|Hyper Voice|p1a: Jolteon
|-damage|p1a: Jolteon|25\/291
|
|turn|33
|
|move|p1a: Jolteon|Shadow Ball|p2a: Gardevoir
|-supereffective|p2a: Gardevoir
|-damage|p2a: Gardevoir|126\/277
|-damage|p1a: Jolteon|0 fnt|[from] item: Life Orb
|faint|p1a: Jolteon
|move|p2a: Gardevoir|Psyshock|p1: Jolteon|[notarget]
|-notarget
|
|
|switch|p1a: Beedrill|Beedrill-Mega, M|238\/271
|turn|34
|
|move|p1a: Beedrill|Poison Jab|p2a: Gardevoir
|-supereffective|p2a: Gardevoir
|-damage|p2a: Gardevoir|0 fnt
|faint|p2a: Gardevoir
|
|-message|Wadam forfeited.
|leave|Wadam
|
|win|Trainer Apollo
|raw|Ladder updating...
|player|p2