|join|Adopted
|join|wadam
|player|p1|Adopted|92
|player|p2|wadam|170
|gametype|singles
|gen|6
|tier|OU
|rated
|clearpoke
|poke|p1|Pinsir, M
|poke|p1|Kyurem-Black
|poke|p1|Thundurus, M
|poke|p1|Dragonite, F
|poke|p1|Greninja, M
|poke|p1|Heatran, M
|poke|p2|Pinsir, M
|poke|p2|Skarmory, M
|poke|p2|Mamoswine, F
|poke|p2|Thundurus, M
|poke|p2|Azumarill, M
|poke|p2|Latias, F
|rule|Swagger Clause: Swagger is banned
|rule|Baton Pass Clause: Limit one PokÃ©mon knowing Baton Pass
|rule|Sleep Clause Mod: Limit one foe put to sleep
|rule|Species Clause: Limit one of each PokÃ©mon
|rule|OHKO Clause: OHKO moves are banned
|rule|Moody Clause: Moody is banned
|rule|Evasion Moves Clause: Evasion moves are banned
|rule|Endless Battle Clause: Forcing endless battles is banned
|rule|HP Percentage Mod: HP is reported as percentages
|teampreview
|
|start
|switch|p1a: You are my fire|Thundurus, M|300\/300
|switch|p2a: Azumarill|Azumarill, M|345\/345
|turn|1
|
|move|p1a: You are my fire|Thunder Wave|p2a: Azumarill
|-status|p2a: Azumarill|par
|move|p2a: Azumarill|Waterfall|p1a: You are my fire
|-damage|p1a: You are my fire|56\/300
|
|turn|2
|
|cant|p2a: Azumarill|par
|move|p1a: You are my fire|Thunderbolt|p2a: Azumarill
|-crit|p2a: Azumarill
|-supereffective|p2a: Azumarill
|-damage|p2a: Azumarill|0 fnt
|-damage|p1a: You are my fire|26\/300|[from] item: Life Orb
|faint|p2a: Azumarill
|
|
|switch|p2a: Mamoswine|Mamoswine, F|361\/361
|turn|3
|
|move|p1a: You are my fire|Taunt|p2a: Mamoswine
|-immune|p2a: Mamoswine|[msg]|[from] Oblivious
|move|p2a: Mamoswine|Ice Shard|p1a: You are my fire
|-supereffective|p1a: You are my fire
|-damage|p1a: You are my fire|0 fnt
|faint|p1a: You are my fire
|
|
|switch|p1a: I want it that way|Dragonite, F|323\/323
|turn|4
|
|move|p2a: Mamoswine|Icicle Spear|p1a: I want it that way
|-supereffective|p1a: I want it that way
|-damage|p1a: I want it that way|231\/323
|-enditem|p1a: I want it that way|Weakness Policy
|-boost|p1a: I want it that way|atk|2|[from] item: Weakness Policy
|-boost|p1a: I want it that way|spa|2|[from] item: Weakness Policy
|-supereffective|p1a: I want it that way
|-damage|p1a: I want it that way|39\/323
|-supereffective|p1a: I want it that way
|-damage|p1a: I want it that way|0 fnt
|-hitcount|p1a: I want it that way|3
|faint|p1a: I want it that way
|
|
|switch|p1a: But we are two wor|Pinsir, M|271\/271
|turn|5
|
|move|p1a: But we are two wor|Frustration|p2a: Mamoswine
|-damage|p2a: Mamoswine|217\/361
|move|p2a: Mamoswine|Icicle Spear|p1a: But we are two wor
|-damage|p1a: But we are two wor|225\/271
|-crit|p1a: But we are two wor
|-damage|p1a: But we are two wor|162\/271
|-damage|p1a: But we are two wor|117\/271
|-hitcount|p1a: But we are two wor|3
|
|turn|6
|
|move|p2a: Mamoswine|Ice Shard|p1a: But we are two wor
|-damage|p1a: But we are two wor|45\/271
|move|p1a: But we are two wor|Frustration|p2a: Mamoswine
|-damage|p2a: Mamoswine|87\/361
|
|turn|7
|
|switch|p2a: Skarmory|Skarmory, M|334\/334
|detailschange|p1a: But we are two wor|Pinsir-Mega, M
|message|Pinsir has Mega Evolved into Mega Pinsir!
|move|p1a: But we are two wor|Feint|p2a: Skarmory
|-resisted|p2a: Skarmory
|-damage|p2a: Skarmory|309\/334
|
|turn|8
|
|move|p1a: But we are two wor|Frustration|p2a: Skarmory
|-resisted|p2a: Skarmory
|-damage|p2a: Skarmory|230\/334
|-damage|p1a: But we are two wor|0 fnt|[from] item: Rocky Helmet|[of] p2a: Skarmory
|faint|p1a: But we are two wor
|move|p2a: Skarmory|Stealth Rock|p1: But we are two wor
|-sidestart|p1: Adopted|move: Stealth Rock
|
|
|switch|p1a: The one desire|Greninja, M|285\/285
|-damage|p1a: The one desire|250\/285|[from] Stealth Rock
|turn|9
|
|switch|p2a: Mamoswine|Mamoswine, F|87\/361
|move|p1a: The one desire|Hydro Pump|p2a: Mamoswine
|-start|p1a: The one desire|typechange|Water|[from] Protean
|-supereffective|p2a: Mamoswine
|-damage|p2a: Mamoswine|0 fnt
|-damage|p1a: The one desire|222\/285|[from] item: Life Orb
|faint|p2a: Mamoswine
|
|
|switch|p2a: Pinsir|Pinsir, M|271\/271
|-ability|p2a: Pinsir|Mold Breaker
|turn|10
|
|move|p1a: The one desire|Ice Beam|p2a: Pinsir
|-start|p1a: The one desire|typechange|Ice|[from] Protean
|-damage|p2a: Pinsir|29\/271
|-damage|p1a: The one desire|194\/285|[from] item: Life Orb
|move|p2a: Pinsir|Frustration|p1a: The one desire
|-damage|p1a: The one desire|22\/285
|
|turn|11
|
|detailschange|p2a: Pinsir|Pinsir-Mega, M
|message|Pinsir has Mega Evolved into Mega Pinsir!
|move|p2a: Pinsir|Feint|p1a: The one desire
|-damage|p1a: The one desire|0 fnt
|faint|p1a: The one desire
|
|
|switch|p1a: Believe when I say|Heatran, M|323\/323
|-damage|p1a: Believe when I say|283\/323|[from] Stealth Rock
|turn|12
|
|move|p1a: Believe when I say|Fire Blast|p2a: Pinsir
|-supereffective|p2a: Pinsir
|-damage|p2a: Pinsir|0 fnt
|faint|p2a: Pinsir
|
|
|switch|p2a: Latias|Latias, F|302\/302
|turn|13
|
|move|p1a: Believe when I say|Fire Blast|p2a: Latias|[miss]
|-miss|p1a: Believe when I say|p2a: Latias
|move|p2a: Latias|Psyshock|p1a: Believe when I say
|-resisted|p1a: Believe when I say
|-damage|p1a: Believe when I say|204\/323
|-damage|p2a: Latias|272\/302|[from] item: Life Orb
|
|turn|14
|
|move|p1a: Believe when I say|Fire Blast|p2a: Latias
|-resisted|p2a: Latias
|-damage|p2a: Latias|182\/302
|move|p2a: Latias|Psyshock|p1a: Believe when I say
|-resisted|p1a: Believe when I say
|-damage|p1a: Believe when I say|125\/323
|-damage|p2a: Latias|152\/302|[from] item: Life Orb
|
|turn|15
|
|move|p1a: Believe when I say|Fire Blast|p2a: Latias
|-resisted|p2a: Latias
|-damage|p2a: Latias|62\/302
|move|p2a: Latias|Draco Meteor|p1a: Believe when I say
|-resisted|p1a: Believe when I say
|-damage|p1a: Believe when I say|0 fnt
|-unboost|p2a: Latias|spa|2
|-damage|p2a: Latias|32\/302|[from] item: Life Orb
|faint|p1a: Believe when I say
|
|
|switch|p1a: Tell me why??|Kyurem-Black|401\/401
|-damage|p1a: Tell me why??|301\/401|[from] Stealth Rock
|-ability|p1a: Tell me why??|Teravolt
|turn|16
|
|move|p1a: Tell me why??|Fusion Bolt|p2a: Latias
|-resisted|p2a: Latias
|-damage|p2a: Latias|0 fnt
|faint|p2a: Latias
|
|
|switch|p2a: Thundurus|Thundurus, M|299\/299
|turn|17
|
|move|p1a: Tell me why??|Fusion Bolt|p2a: Thundurus
|-damage|p2a: Thundurus|90\/299
|move|p2a: Thundurus|Superpower|p1a: Tell me why??
|-supereffective|p1a: Tell me why??
|-damage|p1a: Tell me why??|33\/401
|-unboost|p2a: Thundurus|atk|1
|-unboost|p2a: Thundurus|def|1
|-damage|p2a: Thundurus|61\/299|[from] item: Life Orb
|
|turn|18
|
|move|p1a: Tell me why??|Fusion Bolt|p2a: Thundurus
|-damage|p2a: Thundurus|0 fnt
|faint|p2a: Thundurus
|
|
|switch|p2a: Skarmory|Skarmory, M|230\/334
|turn|19
|
|move|p1a: Tell me why??|Fusion Bolt|p2a: Skarmory
|-supereffective|p2a: Skarmory
|-damage|p2a: Skarmory|38\/334
|move|p2a: Skarmory|Roost|p2a: Skarmory
|-heal|p2a: Skarmory|205\/334
|
|turn|20
|
|move|p1a: Tell me why??|Fusion Bolt|p2a: Skarmory
|-supereffective|p2a: Skarmory
|-damage|p2a: Skarmory|33\/334
|move|p2a: Skarmory|Roost|p2a: Skarmory
|-heal|p2a: Skarmory|200\/334
|
|turn|21
|
|move|p1a: Tell me why??|Fusion Bolt|p2a: Skarmory
|-supereffective|p2a: Skarmory
|-damage|p2a: Skarmory|30\/334
|move|p2a: Skarmory|Roost|p2a: Skarmory
|-heal|p2a: Skarmory|197\/334
|
|turn|22
|
|move|p1a: Tell me why??|Fusion Bolt|p2a: Skarmory
|-supereffective|p2a: Skarmory
|-damage|p2a: Skarmory|15\/334
|move|p2a: Skarmory|Roost|p2a: Skarmory
|-heal|p2a: Skarmory|182\/334
|
|turn|23
|
|move|p1a: Tell me why??|Fusion Bolt|p2a: Skarmory
|-supereffective|p2a: Skarmory
|-damage|p2a: Skarmory|12\/334
|move|p2a: Skarmory|Roost|p2a: Skarmory
|-heal|p2a: Skarmory|179\/334
|
|turn|24
|
|-activate|p1a: Tell me why??|move: Struggle
|move|p1a: Tell me why??|Struggle|p2a: Skarmory
|-damage|p2a: Skarmory|131\/334
|-damage|p1a: Tell me why??|0 fnt|[from] item: Rocky Helmet|[of] p2a: Skarmory
|faint|p1a: Tell me why??
|
|win|wadam
|raw|Ladder updating...
|raw|Adopted's rating: 1574 &rarr; <strong>1554<\/strong><br \/>(-20 for losing)
|raw|wadam's rating: 1577 &rarr; <strong>1597<\/strong><br \/>(+20 for winning)
|chat|wadam|dude
|chat|wadam|this
|chat|wadam|was
|chat|wadam|legit
|chat|wadam|the last few turns
|chat|wadam|min max everywhere
|chat|Adopted|lol
|chat|Adopted|i guessa gg
|chat|wadam|gg
|chat|wadam|adament
|chat|Adopted|dont you have
|chat|wadam|or jolly
|chat|Adopted|admant i think
|chat|wadam|no brave bird
|chat|Adopted|counteror something
|chat|Adopted|counter