|join|Mudkip Slayer
|join|F U BP
|player|p1|Mudkip Slayer|196
|player|p2|F U BP|290
|gametype|singles
|gen|4
|tier|[Gen 4] OU
|rule|Sleep Clause Mod: Limit one foe put to sleep
|rule|Species Clause: Limit one of each PokÃ©mon
|rule|OHKO Clause: OHKO moves are banned
|rule|Moody Clause: Moody is banned
|rule|Evasion Moves Clause: Evasion moves are banned
|rule|Endless Battle Clause: Forcing endless battles is banned
|rule|HP Percentage Mod: HP is shown in percentages
|
|start
|switch|p1a: Dragonite|Dragonite, M|323\/323
|switch|p2a: Gyarados|Gyarados, F|381\/381
|-ability|p2a: Gyarados|Intimidate|[of] p1a: Dragonite
|-unboost|p1a: Dragonite|atk|1
|turn|1
|join|hpareS
|
|switch|p2a: Celebi|Celebi|404\/404
|move|p1a: Dragonite|Draco Meteor|p2a: Celebi
|-damage|p2a: Celebi|124\/404
|-unboost|p1a: Dragonite|spa|2
|-damage|p1a: Dragonite|291\/323|[from] item: Life Orb
|
|-heal|p2a: Celebi|149\/404|[from] item: Leftovers
|turn|2
|
|switch|p1a: Tyranitar|Tyranitar, M|404\/404
|-weather|Sandstorm|[from] ability: Sand Stream|[of] p1a: Tyranitar
|switch|p2a: Gyarados|Gyarados, F|381\/381
|-ability|p2a: Gyarados|Intimidate|[of] p1a: Tyranitar
|-unboost|p1a: Tyranitar|atk|1
|
|-weather|Sandstorm|[upkeep]
|-damage|p2a: Gyarados|358\/381|[from] sandstorm
|-heal|p2a: Gyarados|381\/381|[from] item: Leftovers
|turn|3
|
|switch|p2a: Magnezone|Magnezone|344\/344
|switch|p1a: Breloom|Breloom, M|264\/264
|
|-weather|Sandstorm|[upkeep]
|-damage|p1a: Breloom|248\/264|[from] sandstorm
|-status|p1a: Breloom|tox|[from] item: Toxic Orb
|turn|4
|c|âF U BP|EW THIS FUCKER
|c|âMudkip Slayer|lool XD
|c| hpareS|Joly
|c| hpareS|I ken do moonkey bark
|
|switch|p2a: Tentacruel|Tentacruel, F|364\/364
|move|p1a: Breloom|Spore|p2a: Tentacruel
|-status|p2a: Tentacruel|slp
|
|-weather|Sandstorm|[upkeep]
|-damage|p2a: Tentacruel|342\/364 slp|[from] sandstorm
|-damage|p1a: Breloom|232\/264 tox|[from] sandstorm
|-heal|p2a: Tentacruel|364\/364 slp|[from] item: Black Sludge
|-heal|p1a: Breloom|264\/264 tox|[from] ability: Poison Heal
|turn|5
|c|âF U BP|sweet dreams tenta, probably not waking up for awhile
|c| hpareS|^
|c|âMudkip Slayer|lol if its anything like last time
|c|âF U BP|yeah lol
|c| hpareS|Each tentacle = turn of sleep
|
|-singleturn|p1a: Breloom|move: Focus Punch
|switch|p2a: Celebi|Celebi|149\/404
|move|p1a: Breloom|Focus Punch|p2a: Celebi
|-resisted|p2a: Celebi
|-damage|p2a: Celebi|40\/404
|
|-weather|Sandstorm|[upkeep]
|-damage|p2a: Celebi|15\/404|[from] sandstorm
|-damage|p1a: Breloom|248\/264 tox|[from] sandstorm
|-heal|p2a: Celebi|40\/404|[from] item: Leftovers
|-heal|p1a: Breloom|264\/264 tox|[from] ability: Poison Heal
|turn|6
|c|âF U BP|welp that's gonna hurt
|
|switch|p1a: Tyranitar|Tyranitar, M|404\/404
|move|p2a: Celebi|Recover|p2a: Celebi
|-heal|p2a: Celebi|242\/404
|
|-weather|Sandstorm|[upkeep]
|-damage|p2a: Celebi|217\/404|[from] sandstorm
|-heal|p2a: Celebi|242\/404|[from] item: Leftovers
|turn|7
|c|âF U BP|go ahead, go ttar
|c|âMudkip Slayer|okay
|c|âF U BP|:P
|
|move|p2a: Celebi|Stealth Rock|p1a: Tyranitar
|-sidestart|p1: Mudkip Slayer|move: Stealth Rock
|move|p1a: Tyranitar|Stealth Rock|p2a: Celebi
|-sidestart|p2: F U BP|move: Stealth Rock
|
|-weather|Sandstorm|[upkeep]
|-damage|p2a: Celebi|217\/404|[from] sandstorm
|-heal|p2a: Celebi|242\/404|[from] item: Leftovers
|turn|8
|c|âF U BP|swet
|c|âF U BP|sweet*
|c|âMudkip Slayer|but your spinner's asleep :P
|
|move|p2a: Celebi|Grass Knot|p1a: Tyranitar
|-supereffective|p1a: Tyranitar
|-damage|p1a: Tyranitar|228\/404
|move|p1a: Tyranitar|Pursuit|p2a: Celebi
|-supereffective|p2a: Celebi
|-damage|p2a: Celebi|120\/404
|
|-weather|Sandstorm|[upkeep]
|-damage|p2a: Celebi|95\/404|[from] sandstorm
|-heal|p2a: Celebi|120\/404|[from] item: Leftovers
|-heal|p1a: Tyranitar|253\/404|[from] item: Leftovers
|turn|9
|c|âF U BP|trying to pursuit me huh
|c|âMudkip Slayer|fine, I'll just crunch... ._.
|
|move|p2a: Celebi|Recover|p2a: Celebi
|-heal|p2a: Celebi|322\/404
|move|p1a: Tyranitar|Pursuit|p2a: Celebi
|-supereffective|p2a: Celebi
|-damage|p2a: Celebi|194\/404
|
|-weather|Sandstorm|[upkeep]
|-damage|p2a: Celebi|169\/404|[from] sandstorm
|-heal|p2a: Celebi|194\/404|[from] item: Leftovers
|-heal|p1a: Tyranitar|278\/404|[from] item: Leftovers
|turn|10
|c|âF U BP|waiting for it
|
|move|p2a: Celebi|Grass Knot|p1a: Tyranitar
|-supereffective|p1a: Tyranitar
|-damage|p1a: Tyranitar|72\/404
|move|p1a: Tyranitar|Pursuit|p2a: Celebi
|-supereffective|p2a: Celebi
|-damage|p2a: Celebi|78\/404
|
|-weather|Sandstorm|[upkeep]
|-damage|p2a: Celebi|53\/404|[from] sandstorm
|-heal|p2a: Celebi|78\/404|[from] item: Leftovers
|-heal|p1a: Tyranitar|97\/404|[from] item: Leftovers
|turn|11
|c|âF U BP|oml lemme just kill you with celebi
|c| hpareS|This sandstorm is pretty darude
|c|âMudkip Slayer|lol now I wish I actually crunched xP
|
|switch|p1a: Dragonite|Dragonite, M|291\/323
|-damage|p1a: Dragonite|211\/323|[from] Stealth Rock
|move|p2a: Celebi|Grass Knot|p1a: Dragonite
|-resisted|p1a: Dragonite
|-damage|p1a: Dragonite|179\/323
|
|-weather|Sandstorm|[upkeep]
|-damage|p1a: Dragonite|159\/323|[from] sandstorm
|-damage|p2a: Celebi|53\/404|[from] sandstorm
|-heal|p2a: Celebi|78\/404|[from] item: Leftovers
|turn|12
|
|switch|p2a: Gengar|Gengar, M|262\/262
|-damage|p2a: Gengar|230\/262|[from] Stealth Rock
|move|p1a: Dragonite|Extreme Speed|p2a: Gengar
|-immune|p2a: Gengar|[msg]
|
|-weather|Sandstorm|[upkeep]
|-damage|p2a: Gengar|214\/262|[from] sandstorm
|-damage|p1a: Dragonite|139\/323|[from] sandstorm
|turn|13
|
|switch|p1a: Tyranitar|Tyranitar, M|97\/404
|-damage|p1a: Tyranitar|47\/404|[from] Stealth Rock
|move|p2a: Gengar|Shadow Ball|p1a: Tyranitar
|-resisted|p1a: Tyranitar
|-damage|p1a: Tyranitar|0 fnt
|faint|p1a: Tyranitar
|
|-weather|Sandstorm|[upkeep]
|-damage|p2a: Gengar|198\/262|[from] sandstorm
|
|switch|p1a: Empoleon|Empoleon, M|312\/312
|-damage|p1a: Empoleon|293\/312|[from] Stealth Rock
|turn|14
|c| hpareS|reveal choice band on gar
|c|âF U BP|I have explosion in the back
|c|âF U BP|good enough right?
|c| hpareS|I suppose you pass
|
|switch|p2a: Celebi|Celebi|78\/404
|-damage|p2a: Celebi|28\/404|[from] Stealth Rock
|move|p1a: Empoleon|Agility|p1a: Empoleon
|-boost|p1a: Empoleon|spe|2
|
|-weather|Sandstorm|[upkeep]
|-damage|p2a: Celebi|3\/404|[from] sandstorm
|-heal|p2a: Celebi|28\/404|[from] item: Leftovers
|turn|15
|
|move|p1a: Empoleon|Surf|p2a: Celebi
|-resisted|p2a: Celebi
|-damage|p2a: Celebi|0 fnt
|faint|p2a: Celebi
|
|-weather|Sandstorm|[upkeep]
|
|switch|p2a: Gengar|Gengar, M|198\/262
|-damage|p2a: Gengar|166\/262|[from] Stealth Rock
|turn|16
|
|switch|p1a: Rotom-Heat|Rotom-Heat|304\/304
|-damage|p1a: Rotom-Heat|266\/304|[from] Stealth Rock
|move|p2a: Gengar|Trick|p1a: Rotom-Heat
|-activate|p2a: Gengar|move: Trick|[of] p1a: Rotom-Heat
|-item|p1a: Rotom-Heat|Choice Scarf|[from] move: Trick
|-item|p2a: Gengar|Leftovers|[from] move: Trick
|
|-weather|Sandstorm|[upkeep]
|-damage|p2a: Gengar|150\/262|[from] sandstorm
|-damage|p1a: Rotom-Heat|247\/304|[from] sandstorm
|-heal|p2a: Gengar|166\/262|[from] item: Leftovers
|turn|17
|
|move|p2a: Gengar|Shadow Ball|p1a: Rotom-Heat
|-supereffective|p1a: Rotom-Heat
|-damage|p1a: Rotom-Heat|43\/304
|move|p1a: Rotom-Heat|Discharge|p2a: Gengar
|-damage|p2a: Gengar|37\/262
|
|-weather|Sandstorm|[upkeep]
|-damage|p2a: Gengar|21\/262|[from] sandstorm
|-damage|p1a: Rotom-Heat|24\/304|[from] sandstorm
|-heal|p2a: Gengar|37\/262|[from] item: Leftovers
|turn|18
|
|move|p2a: Gengar|Shadow Ball|p1a: Rotom-Heat
|-supereffective|p1a: Rotom-Heat
|-damage|p1a: Rotom-Heat|0 fnt
|faint|p1a: Rotom-Heat
|
|-weather|Sandstorm|[upkeep]
|-damage|p2a: Gengar|21\/262|[from] sandstorm
|-heal|p2a: Gengar|37\/262|[from] item: Leftovers
|
|switch|p1a: Starmie|Starmie|261\/261
|-damage|p1a: Starmie|229\/261|[from] Stealth Rock
|turn|19
|
|move|p1a: Starmie|Thunderbolt|p2a: Gengar
|-damage|p2a: Gengar|0 fnt
|-damage|p1a: Starmie|203\/261|[from] item: Life Orb
|faint|p2a: Gengar
|
|-weather|Sandstorm|[upkeep]
|-damage|p1a: Starmie|187\/261|[from] sandstorm
|
|switch|p2a: Magnezone|Magnezone|344\/344
|-damage|p2a: Magnezone|323\/344|[from] Stealth Rock
|turn|20
|
|switch|p1a: Breloom|Breloom, M|264\/264 tox
|-damage|p1a: Breloom|248\/264 tox|[from] Stealth Rock
|move|p2a: Magnezone|Thunderbolt|p1a: Breloom
|-resisted|p1a: Breloom
|-damage|p1a: Breloom|104\/264 tox
|
|-weather|Sandstorm|[upkeep]
|-damage|p1a: Breloom|88\/264 tox|[from] sandstorm
|-heal|p2a: Magnezone|344\/344|[from] item: Leftovers
|-heal|p1a: Breloom|121\/264 tox|[from] ability: Poison Heal
|turn|21
|
|move|p1a: Breloom|Seed Bomb|p2a: Magnezone
|-resisted|p2a: Magnezone
|-damage|p2a: Magnezone|269\/344
|move|p2a: Magnezone|Thunderbolt|p1a: Breloom
|-resisted|p1a: Breloom
|-damage|p1a: Breloom|0 fnt
|faint|p1a: Breloom
|
|-weather|Sandstorm|[upkeep]
|-heal|p2a: Magnezone|290\/344|[from] item: Leftovers
|
|switch|p1a: Dragonite|Dragonite, M|139\/323
|-damage|p1a: Dragonite|59\/323|[from] Stealth Rock
|turn|22
|
|switch|p2a: Gyarados|Gyarados, F|381\/381
|-damage|p2a: Gyarados|286\/381|[from] Stealth Rock
|-ability|p2a: Gyarados|Intimidate|[of] p1a: Dragonite
|-unboost|p1a: Dragonite|atk|1
|move|p1a: Dragonite|Draco Meteor|p2a: Gyarados
|-damage|p2a: Gyarados|0 fnt
|-unboost|p1a: Dragonite|spa|2
|-damage|p1a: Dragonite|27\/323|[from] item: Life Orb
|faint|p2a: Gyarados
|
|-weather|Sandstorm|[upkeep]
|-damage|p1a: Dragonite|7\/323|[from] sandstorm
|
|switch|p2a: Infernape|Infernape, M|293\/293
|-damage|p2a: Infernape|257\/293|[from] Stealth Rock
|turn|23
|
|move|p1a: Dragonite|Extreme Speed|p2a: Infernape
|-damage|p2a: Infernape|167\/293
|-damage|p1a: Dragonite|0 fnt|[from] item: Life Orb
|faint|p1a: Dragonite
|move|p2a: Infernape|Hidden Power|p1: Dragonite|[notarget]
|-notarget
|
|-weather|Sandstorm|[upkeep]
|-damage|p2a: Infernape|149\/293|[from] sandstorm
|
|switch|p1a: Starmie|Starmie|187\/261
|-damage|p1a: Starmie|155\/261|[from] Stealth Rock
|turn|24
|
|switch|p2a: Tentacruel|Tentacruel, F|364\/364 slp
|-damage|p2a: Tentacruel|319\/364 slp|[from] Stealth Rock
|move|p1a: Starmie|Hydro Pump|p2a: Tentacruel
|-resisted|p2a: Tentacruel
|-damage|p2a: Tentacruel|243\/364 slp
|-damage|p1a: Starmie|129\/261|[from] item: Life Orb
|
|-weather|Sandstorm|[upkeep]
|-damage|p1a: Starmie|113\/261|[from] sandstorm
|-damage|p2a: Tentacruel|221\/364 slp|[from] sandstorm
|-heal|p2a: Tentacruel|243\/364 slp|[from] item: Black Sludge
|turn|25
|
|switch|p2a: Infernape|Infernape, M|149\/293
|-damage|p2a: Infernape|113\/293|[from] Stealth Rock
|move|p1a: Starmie|Rapid Spin|p2a: Infernape
|-damage|p2a: Infernape|94\/293
|-sideend|p1: Mudkip Slayer|Stealth Rock|[from] move: Rapid Spin|[of] p1a: Starmie
|-damage|p1a: Starmie|87\/261|[from] item: Life Orb
|
|-weather|Sandstorm|[upkeep]
|-damage|p1a: Starmie|71\/261|[from] sandstorm
|-damage|p2a: Infernape|76\/293|[from] sandstorm
|turn|26
|c| hpareS|After this im heading off jol
|c| hpareS|jolt*
|c|âF U BP|alright
|c| hpareS|Tired :|
|
|switch|p2a: Tentacruel|Tentacruel, F|243\/364 slp
|-damage|p2a: Tentacruel|198\/364 slp|[from] Stealth Rock
|move|p1a: Starmie|Thunderbolt|p2a: Tentacruel
|-supereffective|p2a: Tentacruel
|-damage|p2a: Tentacruel|50\/364 slp
|-damage|p1a: Starmie|45\/261|[from] item: Life Orb
|
|-weather|Sandstorm|[upkeep]
|-damage|p1a: Starmie|29\/261|[from] sandstorm
|-damage|p2a: Tentacruel|28\/364 slp|[from] sandstorm
|-heal|p2a: Tentacruel|50\/364 slp|[from] item: Black Sludge
|turn|27
|
|switch|p1a: Empoleon|Empoleon, M|293\/312
|switch|p2a: Infernape|Infernape, M|76\/293
|-damage|p2a: Infernape|40\/293|[from] Stealth Rock
|
|-weather|Sandstorm|[upkeep]
|-damage|p2a: Infernape|22\/293|[from] sandstorm
|turn|28
|
|switch|p1a: Starmie|Starmie|29\/261
|move|p2a: Infernape|Fire Blast|p1a: Starmie
|-resisted|p1a: Starmie
|-damage|p1a: Starmie|0 fnt
|-damage|p2a: Infernape|0 fnt|[from] item: Life Orb
|faint|p1a: Starmie
|faint|p2a: Infernape
|
|-weather|Sandstorm|[upkeep]
|c|âF U BP|I think you lived CC and could set up there
|
|switch|p1a: Empoleon|Empoleon, M|293\/312
|switch|p2a: Magnezone|Magnezone|290\/344
|-damage|p2a: Magnezone|269\/344|[from] Stealth Rock
|turn|29
|c|âMudkip Slayer|really? I didn't think I could've haha
|
|move|p1a: Empoleon|Substitute|p1a: Empoleon
|-start|p1a: Empoleon|Substitute
|-damage|p1a: Empoleon|215\/312
|move|p2a: Magnezone|Thunderbolt|p1a: Empoleon
|-supereffective|p1a: Empoleon
|-end|p1a: Empoleon|Substitute
|
|-weather|Sandstorm|[upkeep]
|-heal|p2a: Magnezone|290\/344|[from] item: Leftovers
|turn|30
|c|âF U BP|I run very little attack investment
|c|âF U BP|I think you might still get it here though, we'll see
|c|âMudkip Slayer|yeah, I'm hoping haha
|
|move|p1a: Empoleon|Substitute|p1a: Empoleon
|-start|p1a: Empoleon|Substitute
|-damage|p1a: Empoleon|137\/312
|move|p2a: Magnezone|Thunderbolt|p1a: Empoleon
|-supereffective|p1a: Empoleon
|-end|p1a: Empoleon|Substitute
|
|-weather|Sandstorm|[upkeep]
|-heal|p2a: Magnezone|311\/344|[from] item: Leftovers
|turn|31
|
|move|p1a: Empoleon|Substitute|p1a: Empoleon
|-start|p1a: Empoleon|Substitute
|-damage|p1a: Empoleon|59\/312
|-enditem|p1a: Empoleon|Petaya Berry|[eat]
|-boost|p1a: Empoleon|spa|1|[from] item: Petaya Berry
|move|p2a: Magnezone|Thunderbolt|p1a: Empoleon
|-supereffective|p1a: Empoleon
|-end|p1a: Empoleon|Substitute
|
|-weather|Sandstorm|[upkeep]
|-heal|p2a: Magnezone|332\/344|[from] item: Leftovers
|turn|32
|
|move|p1a: Empoleon|Surf|p2a: Magnezone
|-damage|p2a: Magnezone|0 fnt
|faint|p2a: Magnezone
|
|-weather|Sandstorm|[upkeep]
|c|âMudkip Slayer|yessss XD
|c|âF U BP|gg :P
|c| hpareS|Poooowahh
|
|switch|p2a: Tentacruel|Tentacruel, F|50\/364 slp
|-damage|p2a: Tentacruel|5\/364 slp|[from] Stealth Rock
|turn|33
|c|âMudkip Slayer|gg :]
|
|cant|p2a: Tentacruel|slp
|move|p1a: Empoleon|Surf|p2a: Tentacruel
|-resisted|p2a: Tentacruel
|-damage|p2a: Tentacruel|0 fnt
|faint|p2a: Tentacruel
|
|win|Mudkip Slayer
|c|âMudkip Slayer|super close haha
|c|âF U BP|yeah man
|c|âF U BP|I miss gen 4