|join|F U BP
|join|Not Your Day
|player|p1|F U BP|290
|player|p2|Not Your Day|266
|gametype|singles
|gen|6
|tier|OU
|rated
|clearpoke
|poke|p1|Latios, M
|poke|p1|Sylveon, F
|poke|p1|Gyarados, M
|poke|p1|Landorus-Therian, M
|poke|p1|Scizor, F
|poke|p1|Heatran, M
|poke|p2|Pinsir, M
|poke|p2|Keldeo-Resolute
|poke|p2|Tyranitar, M
|poke|p2|Excadrill, M
|poke|p2|Rotom-Wash
|poke|p2|Landorus, M
|rule|Swagger Clause: Swagger is banned
|rule|Baton Pass Clause: Limit one PokÃ©mon knowing Baton Pass
|rule|Sleep Clause Mod: Limit one foe put to sleep
|rule|Species Clause: Limit one of each PokÃ©mon
|rule|OHKO Clause: OHKO moves are banned
|rule|Moody Clause: Moody is banned
|rule|Evasion Moves Clause: Evasion moves are banned
|rule|Endless Battle Clause: Forcing endless battles is banned
|rule|HP Percentage Mod: HP is reported as percentages
|teampreview
|
|start
|switch|p1a: Sylveon|Sylveon, F|390\/390
|switch|p2a: Rotom-Wash|Rotom-Wash|303\/303
|turn|1
|
|move|p1a: Sylveon|Protect|p1a: Sylveon
|-singleturn|p1a: Sylveon|Protect
|move|p2a: Rotom-Wash|Volt Switch|p1a: Sylveon
|-activate|p1a: Sylveon|Protect
|
|turn|2
|
|move|p2a: Rotom-Wash|Will-O-Wisp|p1a: Sylveon
|-status|p1a: Sylveon|brn
|move|p1a: Sylveon|Hyper Voice|p2a: Rotom-Wash
|-damage|p2a: Rotom-Wash|134\/303
|
|-heal|p2a: Rotom-Wash|152\/303|[from] item: Leftovers
|-damage|p1a: Sylveon|342\/390 brn|[from] brn
|turn|3
|
|move|p2a: Rotom-Wash|Volt Switch|p1a: Sylveon
|-damage|p1a: Sylveon|287\/390 brn
|
|switch|p2a: Excadrill|Excadrill, M|391\/391
|move|p1a: Sylveon|Heal Bell|p1a: Sylveon
|-cureteam|p1a: Sylveon|[from] move: HealBell
|
|-heal|p1a: Sylveon|311\/390|[from] item: Leftovers
|turn|4
|
|switch|p1a: Gyarados|Gyarados, M|393\/393
|-ability|p1a: Gyarados|Intimidate|[of] p2a: Excadrill
|-unboost|p2a: Excadrill|atk|1
|move|p2a: Excadrill|Iron Head|p1a: Gyarados
|-resisted|p1a: Gyarados
|-damage|p1a: Gyarados|354\/393
|
|turn|5
|
|switch|p2a: Keldeo-Resolute|Keldeo-Resolute|323\/323
|move|p1a: Gyarados|Thunder Wave|p2a: Keldeo-Resolute
|-status|p2a: Keldeo-Resolute|par
|
|turn|6
|
|switch|p1a: Latios|Latios, M|304\/304
|move|p2a: Keldeo-Resolute|Hydro Pump|p1a: Latios
|-resisted|p1a: Latios
|-damage|p1a: Latios|192\/304
|-damage|p2a: Keldeo-Resolute|291\/323 par|[from] item: Life Orb
|
|-heal|p1a: Latios|211\/304|[from] item: Leftovers
|turn|7
|
|switch|p2a: Tyranitar|Tyranitar, M|341\/341
|-weather|Sandstorm
|move|p1a: Latios|Hidden Power|p2a: Tyranitar
|-supereffective|p2a: Tyranitar
|-damage|p2a: Tyranitar|161\/341
|
|-weather|Sandstorm|[upkeep]
|-damage|p1a: Latios|192\/304|[from] sandstorm
|-heal|p1a: Latios|211\/304|[from] item: Leftovers
|turn|8
|
|move|p2a: Tyranitar|Pursuit|p1a: Latios
|-supereffective|p1a: Latios
|-damage|p1a: Latios|37\/304
|move|p1a: Latios|Hidden Power|p2a: Tyranitar
|-supereffective|p2a: Tyranitar
|-damage|p2a: Tyranitar|0 fnt
|faint|p2a: Tyranitar
|
|-weather|Sandstorm|[upkeep]
|-damage|p1a: Latios|18\/304|[from] sandstorm
|-heal|p1a: Latios|37\/304|[from] item: Leftovers
|
|switch|p2a: Excadrill|Excadrill, M|391\/391
|turn|9
|
|switch|p2a: Pinsir|Pinsir, M|271\/271
|switch|p1a: Landorus-Therian|Landorus-Therian, M|319\/319
|-ability|p1a: Landorus-Therian|Intimidate|[of] p2a: Pinsir
|-fail|p2a: Pinsir|unboost|Attack|[from] ability: Hyper Cutter|[of] p2a: Pinsir
|
|-weather|Sandstorm|[upkeep]
|-damage|p2a: Pinsir|255\/271|[from] sandstorm
|turn|10
|
|switch|p2a: Rotom-Wash|Rotom-Wash|152\/303
|move|p1a: Landorus-Therian|Stone Edge|p2a: Rotom-Wash
|-damage|p2a: Rotom-Wash|46\/303
|
|-weather|Sandstorm|[upkeep]
|-damage|p2a: Rotom-Wash|28\/303|[from] sandstorm
|-heal|p2a: Rotom-Wash|46\/303|[from] item: Leftovers
|turn|11
|
|move|p1a: Landorus-Therian|Stone Edge|p2a: Rotom-Wash|[miss]
|-miss|p1a: Landorus-Therian|p2a: Rotom-Wash
|move|p2a: Rotom-Wash|Pain Split|p1a: Landorus-Therian
|-sethp|p1a: Landorus-Therian|182\/319|p2a: Rotom-Wash|182\/303|[from] move: Pain Split
|
|-weather|none
|-heal|p2a: Rotom-Wash|200\/303|[from] item: Leftovers
|turn|12
|
|switch|p1a: Sylveon|Sylveon, F|311\/390
|move|p2a: Rotom-Wash|Will-O-Wisp|p1a: Sylveon|[miss]
|-miss|p2a: Rotom-Wash|p1a: Sylveon
|
|-heal|p2a: Rotom-Wash|218\/303|[from] item: Leftovers
|-heal|p1a: Sylveon|335\/390|[from] item: Leftovers
|turn|13
|
|move|p2a: Rotom-Wash|Volt Switch|p1a: Sylveon
|-damage|p1a: Sylveon|275\/390
|
|switch|p2a: Pinsir|Pinsir, M|255\/271
|move|p1a: Sylveon|Hyper Voice|p2a: Pinsir
|-damage|p2a: Pinsir|18\/271
|
|-heal|p1a: Sylveon|299\/390|[from] item: Leftovers
|turn|14
|
|switch|p1a: Landorus-Therian|Landorus-Therian, M|182\/319
|-ability|p1a: Landorus-Therian|Intimidate|[of] p2a: Pinsir
|-fail|p2a: Pinsir|unboost|Attack|[from] ability: Hyper Cutter|[of] p2a: Pinsir
|detailschange|p2a: Pinsir|Pinsir-Mega, M
|message|Pinsir has Mega Evolved into Mega Pinsir!
|move|p2a: Pinsir|Swords Dance|p2a: Pinsir
|-boost|p2a: Pinsir|atk|2
|
|turn|15
|
|move|p2a: Pinsir|Quick Attack|p1a: Landorus-Therian
|-damage|p1a: Landorus-Therian|0 fnt
|faint|p1a: Landorus-Therian
|
|
|switch|p1a: Heatran|Heatran, M|323\/323
|-item|p1a: Heatran|Air Balloon
|turn|16
|
|move|p2a: Pinsir|Return|p1a: Heatran
|-resisted|p1a: Heatran
|-damage|p1a: Heatran|46\/323
|-enditem|p1a: Heatran|Air Balloon
|move|p1a: Heatran|Ancient Power|p2a: Pinsir
|-supereffective|p2a: Pinsir
|-damage|p2a: Pinsir|0 fnt
|faint|p2a: Pinsir
|
|
|switch|p2a: Landorus|Landorus, M|320\/320
|turn|17
|
|move|p2a: Landorus|Calm Mind|p2a: Landorus
|-boost|p2a: Landorus|spa|1
|-boost|p2a: Landorus|spd|1
|move|p1a: Heatran|Fire Blast|p2a: Landorus
|-damage|p2a: Landorus|160\/320
|
|turn|18
|
|move|p2a: Landorus|Psychic|p1a: Heatran
|-resisted|p1a: Heatran
|-damage|p1a: Heatran|0 fnt
|faint|p1a: Heatran
|
|
|switch|p1a: Gyarados|Gyarados, M|354\/393
|-ability|p1a: Gyarados|Intimidate|[of] p2a: Landorus
|-unboost|p2a: Landorus|atk|1
|turn|19
|
|move|p2a: Landorus|Focus Blast|p1a: Gyarados
|-resisted|p1a: Gyarados
|-damage|p1a: Gyarados|201\/393
|move|p1a: Gyarados|Waterfall|p2a: Landorus
|-supereffective|p2a: Landorus
|-damage|p2a: Landorus|0 fnt
|faint|p2a: Landorus
|
|
|switch|p2a: Rotom-Wash|Rotom-Wash|218\/303
|turn|20
|
|switch|p1a: Sylveon|Sylveon, F|299\/390
|move|p2a: Rotom-Wash|Volt Switch|p1a: Sylveon
|-damage|p1a: Sylveon|238\/390
|
|switch|p2a: Excadrill|Excadrill, M|391\/391
|
|-heal|p1a: Sylveon|262\/390|[from] item: Leftovers
|turn|21
|
|switch|p1a: Scizor|Scizor, F|343\/343
|move|p2a: Excadrill|Iron Head|p1a: Scizor
|-resisted|p1a: Scizor
|-damage|p1a: Scizor|274\/343
|
|turn|22
|
|switch|p2a: Rotom-Wash|Rotom-Wash|218\/303
|move|p1a: Scizor|U-turn|p2a: Rotom-Wash
|-damage|p2a: Rotom-Wash|83\/303
|join|dope.exe
|
|switch|p1a: Sylveon|Sylveon, F|262\/390
|
|-heal|p2a: Rotom-Wash|101\/303|[from] item: Leftovers
|-heal|p1a: Sylveon|286\/390|[from] item: Leftovers
|turn|23
|
|move|p2a: Rotom-Wash|Pain Split|p1a: Sylveon
|-sethp|p1a: Sylveon|193\/390|p2a: Rotom-Wash|193\/303|[from] move: Pain Split
|move|p1a: Sylveon|Hyper Voice|p2a: Rotom-Wash
|-damage|p2a: Rotom-Wash|19\/303
|
|-heal|p2a: Rotom-Wash|37\/303|[from] item: Leftovers
|-heal|p1a: Sylveon|217\/390|[from] item: Leftovers
|turn|24
|
|move|p2a: Rotom-Wash|Volt Switch|p1a: Sylveon
|-damage|p1a: Sylveon|160\/390
|
|switch|p2a: Excadrill|Excadrill, M|391\/391
|move|p1a: Sylveon|Hyper Voice|p2a: Excadrill
|-resisted|p2a: Excadrill
|-damage|p2a: Excadrill|329\/391
|
|-heal|p1a: Sylveon|184\/390|[from] item: Leftovers
|turn|25
|
|switch|p2a: Keldeo-Resolute|Keldeo-Resolute|291\/323 par
|switch|p1a: Gyarados|Gyarados, M|201\/393
|-ability|p1a: Gyarados|Intimidate|[of] p2a: Keldeo-Resolute
|-unboost|p2a: Keldeo-Resolute|atk|1
|
|turn|26
|
|switch|p1a: Sylveon|Sylveon, F|184\/390
|cant|p2a: Keldeo-Resolute|par
|
|-heal|p1a: Sylveon|208\/390|[from] item: Leftovers
|turn|27
|
|switch|p2a: Excadrill|Excadrill, M|329\/391
|move|p1a: Sylveon|Wish|p1a: Sylveon
|
|-heal|p1a: Sylveon|232\/390|[from] item: Leftovers
|turn|28
|
|switch|p1a: Gyarados|Gyarados, M|201\/393
|-ability|p1a: Gyarados|Intimidate|[of] p2a: Excadrill
|-unboost|p2a: Excadrill|atk|1
|move|p2a: Excadrill|Iron Head|p1a: Gyarados
|-resisted|p1a: Gyarados
|-damage|p1a: Gyarados|162\/393
|
|-heal|p1a: Gyarados|357\/393|[from] move: Wish|[wisher] Sylveon
|turn|29
|
|switch|p2a: Rotom-Wash|Rotom-Wash|37\/303
|move|p1a: Gyarados|Waterfall|p2a: Rotom-Wash
|-resisted|p2a: Rotom-Wash
|-damage|p2a: Rotom-Wash|0 fnt
|faint|p2a: Rotom-Wash
|
|-message|Not Your Day forfeited.
|
|win|F U BP
|raw|Ladder updating...
|leave|Not Your Day
|player|p2
|raw|F U BP's rating: 1593 &rarr; <strong>1616<\/strong><br \/>(+23 for winning)
|raw|Not Your Day's rating: 1633 &rarr; <strong>1611<\/strong><br \/>(-22 for losing)