|join|plimplam
|join|F U BP
|player|p1|plimplam|2
|player|p2|F U BP|290
|gametype|singles
|gen|6
|tier|OU
|rated
|clearpoke
|poke|p1|Heatran, F
|poke|p1|Venusaur, M
|poke|p1|Tyranitar, F
|poke|p1|Gliscor, F
|poke|p1|Vaporeon, M
|poke|p1|Sableye, M
|poke|p2|Rotom-Wash
|poke|p2|Mandibuzz, F
|poke|p2|Aegislash, M
|poke|p2|Mamoswine, M
|poke|p2|Heatran, F
|poke|p2|Pinsir, M
|rule|Sleep Clause Mod: Limit one foe put to sleep
|rule|Species Clause: Limit one of each Pokemon
|rule|OHKO Clause: OHKO moves are banned
|rule|Moody Clause: Moody is banned
|rule|Evasion Moves Clause: Evasion moves are banned
|rule|Endless Battle Clause: Forcing endless battles is banned.
|rule|HP Percentage Mod: HP is reported as percentages
|teampreview
|
|start
|switch|p1a: Sableye|Sableye, M|304\/304
|switch|p2a: Rotom-Wash|Rotom-Wash|304\/304
|turn|1
|
|switch|p2a: Heatran|Heatran, F|386\/386
|move|p1a: Sableye|Will-O-Wisp|p2a: Heatran
|-start|p2a: Heatran|ability: Flash Fire
|
|turn|2
|
|switch|p1a: Gliscor|Gliscor, F|354\/354
|move|p2a: Heatran|Stealth Rock|p1a: Gliscor
|-sidestart|p1: plimplam|move: Stealth Rock
|
|-status|p1a: Gliscor|tox|[from] item: Toxic Orb
|turn|3
|
|switch|p2a: Rotom-Wash|Rotom-Wash|304\/304
|move|p1a: Gliscor|Earthquake|p2a: Rotom-Wash
|-immune|p2a: Rotom-Wash|[msg]
|
|turn|4
|
|switch|p1a: Venusaur|Venusaur, M|364\/364
|-damage|p1a: Venusaur|319\/364|[from] Stealth Rock
|move|p2a: Rotom-Wash|Will-O-Wisp|p1a: Venusaur|[miss]
|-miss|p2a: Rotom-Wash|p1a: Venusaur
|
|turn|5
|
|-formechange|p1a: Venusaur|Venusaur-Mega
|message|Venusaur has Mega Evolved into Mega Venusaur!
|move|p2a: Rotom-Wash|Will-O-Wisp|p1a: Venusaur|[miss]
|-miss|p2a: Rotom-Wash|p1a: Venusaur
|move|p1a: Venusaur|Giga Drain|p2a: Rotom-Wash
|-supereffective|p2a: Rotom-Wash
|-damage|p2a: Rotom-Wash|122\/304
|-heal|p1a: Venusaur|364\/364|[from] drain|[of] p2a: Rotom-Wash
|
|-heal|p2a: Rotom-Wash|141\/304|[from] item: Leftovers
|turn|6
|chat|F U BP|okay nevermind then..
|
|switch|p2a: Heatran|Heatran, F|386\/386
|move|p1a: Venusaur|Sludge Bomb|p2a: Heatran
|-immune|p2a: Heatran|[msg]
|
|turn|7
|
|move|p1a: Venusaur|Leech Seed|p2a: Heatran
|-start|p2a: Heatran|move: Leech Seed
|move|p2a: Heatran|Will-O-Wisp|p1a: Venusaur
|-status|p1a: Venusaur|brn
|
|-damage|p2a: Heatran|338\/386|[from] Leech Seed|[of] p1a: Venusaur
|-damage|p1a: Venusaur|319\/364 brn|[from] brn
|turn|8
|
|switch|p1a: Vaporeon|Vaporeon, M|464\/464
|-damage|p1a: Vaporeon|406\/464|[from] Stealth Rock
|switch|p2a: Mandibuzz|Mandibuzz, F|423\/423
|
|-heal|p1a: Vaporeon|435\/464|[from] item: Leftovers
|turn|9
|
|switch|p2a: Aegislash|Aegislash, M|324\/324
|move|p1a: Vaporeon|Heal Bell|p1a: Vaporeon
|-cureteam|p1a: Vaporeon|[from] move: HealBell
|
|-heal|p1a: Vaporeon|464\/464|[from] item: Leftovers
|turn|10
|
|move|p1a: Vaporeon|Scald|p2a: Aegislash
|-damage|p2a: Aegislash|252\/324
|-formechange|p2a: Aegislash|Aegislash-Blade
|move|p2a: Aegislash|Shadow Ball|p1a: Vaporeon
|-damage|p1a: Vaporeon|213\/464
|-damage|p2a: Aegislash|220\/324|[from] item: Life Orb
|
|-heal|p1a: Vaporeon|242\/464|[from] item: Leftovers
|turn|11
|
|switch|p2a: Rotom-Wash|Rotom-Wash|141\/304
|move|p1a: Vaporeon|Protect|p1a: Vaporeon
|-fail|p1a: Vaporeon
|
|-heal|p2a: Rotom-Wash|160\/304|[from] item: Leftovers
|-heal|p1a: Vaporeon|271\/464|[from] item: Leftovers
|turn|12
|
|move|p2a: Rotom-Wash|Volt Switch|p1a: Vaporeon
|-supereffective|p1a: Vaporeon
|-damage|p1a: Vaporeon|107\/464
|
|switch|p2a: Mamoswine|Mamoswine, M|361\/361
|move|p1a: Vaporeon|Wish|p1a: Vaporeon
|
|-heal|p1a: Vaporeon|136\/464|[from] item: Leftovers
|turn|13
|
|move|p2a: Mamoswine|Earthquake|p1a: Vaporeon
|-damage|p1a: Vaporeon|0 fnt
|-damage|p2a: Mamoswine|325\/361|[from] item: Life Orb
|faint|p1a: Vaporeon
|
|
|switch|p1a: Sableye|Sableye, M|304\/304
|-damage|p1a: Sableye|266\/304|[from] Stealth Rock
|turn|14
|
|switch|p2a: Heatran|Heatran, F|338\/386
|move|p1a: Sableye|Will-O-Wisp|p2a: Heatran
|-start|p2a: Heatran|ability: Flash Fire
|
|-heal|p2a: Heatran|362\/386|[from] item: Leftovers
|-heal|p1a: Sableye|285\/304|[from] item: Leftovers
|turn|15
|
|switch|p1a: Gliscor|Gliscor, F|354\/354
|-damage|p1a: Gliscor|310\/354|[from] Stealth Rock
|move|p2a: Heatran|Roar|p1a: Gliscor
|drag|p1a: Sableye|Sableye, M|285\/304
|-damage|p1a: Sableye|247\/304|[from] Stealth Rock
|
|-heal|p2a: Heatran|386\/386|[from] item: Leftovers
|-heal|p1a: Sableye|266\/304|[from] item: Leftovers
|turn|16
|
|move|p1a: Sableye|Taunt|p2a: Heatran
|-start|p2a: Heatran|move: Taunt
|move|p2a: Heatran|Lava Plume|p1a: Sableye
|-damage|p1a: Sableye|7\/304
|
|-heal|p1a: Sableye|26\/304|[from] item: Leftovers
|turn|17
|
|move|p1a: Sableye|Recover|p1a: Sableye
|-heal|p1a: Sableye|178\/304
|move|p2a: Heatran|Lava Plume|p1a: Sableye
|-damage|p1a: Sableye|0 fnt
|faint|p1a: Sableye
|
|
|switch|p1a: Tyranitar|Tyranitar, F|404\/404
|-damage|p1a: Tyranitar|354\/404|[from] Stealth Rock
|-weather|Sandstorm
|turn|18
|
|switch|p2a: Rotom-Wash|Rotom-Wash|160\/304
|move|p1a: Tyranitar|Stone Edge|p2a: Rotom-Wash
|-damage|p2a: Rotom-Wash|57\/304
|
|-weather|Sandstorm|[upkeep]
|-damage|p2a: Rotom-Wash|38\/304|[from] sandstorm
|-heal|p2a: Rotom-Wash|57\/304|[from] item: Leftovers
|turn|19
|
|move|p2a: Rotom-Wash|Volt Switch|p1a: Tyranitar
|-damage|p1a: Tyranitar|329\/404
|
|switch|p2a: Aegislash|Aegislash, M|220\/324
|move|p1a: Tyranitar|Crunch|p2a: Aegislash
|-supereffective|p2a: Aegislash
|-damage|p2a: Aegislash|56\/324
|
|-weather|Sandstorm|[upkeep]
|turn|20
|
|move|p2a: Aegislash|King's Shield|p2a: Aegislash
|-singleturn|p2a: Aegislash|Protect
|move|p1a: Tyranitar|Crunch|p2a: Aegislash
|-activate|p2a: Aegislash|Protect
|-unboost|p1a: Tyranitar|atk|2
|
|-weather|Sandstorm|[upkeep]
|turn|21
|
|switch|p2a: Mandibuzz|Mandibuzz, F|423\/423
|move|p1a: Tyranitar|Crunch|p2a: Mandibuzz
|-resisted|p2a: Mandibuzz
|-damage|p2a: Mandibuzz|402\/423
|-damage|p1a: Tyranitar|262\/404|[from] item: Rocky Helmet|[of] p2a: Mandibuzz
|
|-weather|Sandstorm|[upkeep]
|turn|22
|
|switch|p1a: Gliscor|Gliscor, F|310\/354
|-damage|p1a: Gliscor|266\/354|[from] Stealth Rock
|move|p2a: Mandibuzz|Knock Off|p1a: Gliscor
|-damage|p1a: Gliscor|208\/354
|-enditem|p1a: Gliscor|Toxic Orb|[from] move: Knock Off|[of] p2a: Mandibuzz
|
|-weather|none
|turn|23
|
|switch|p2a: Aegislash|Aegislash, M|56\/324
|move|p1a: Gliscor|Toxic|p2a: Aegislash
|-fail|p2a: Aegislash
|
|turn|24
|
|switch|p2a: Rotom-Wash|Rotom-Wash|57\/304
|move|p1a: Gliscor|Earthquake|p2a: Rotom-Wash
|-immune|p2a: Rotom-Wash|[msg]
|
|-heal|p2a: Rotom-Wash|76\/304|[from] item: Leftovers
|turn|25
|
|move|p1a: Gliscor|Toxic|p2a: Rotom-Wash
|-status|p2a: Rotom-Wash|tox
|move|p2a: Rotom-Wash|Will-O-Wisp|p1a: Gliscor
|-status|p1a: Gliscor|brn
|
|-heal|p2a: Rotom-Wash|95\/304 tox|[from] item: Leftovers
|-damage|p1a: Gliscor|164\/354 brn|[from] brn
|-damage|p2a: Rotom-Wash|76\/304 tox|[from] psn
|turn|26
|
|move|p1a: Gliscor|Protect|p1a: Gliscor
|-singleturn|p1a: Gliscor|Protect
|move|p2a: Rotom-Wash|Will-O-Wisp|p1a: Gliscor
|-activate|p1a: Gliscor|Protect
|
|-heal|p2a: Rotom-Wash|95\/304 tox|[from] item: Leftovers
|-damage|p1a: Gliscor|120\/354 brn|[from] brn
|-damage|p2a: Rotom-Wash|57\/304 tox|[from] psn
|turn|27
|
|move|p1a: Gliscor|Substitute|p1a: Gliscor
|-start|p1a: Gliscor|Substitute
|-damage|p1a: Gliscor|32\/354 brn
|move|p2a: Rotom-Wash|Hydro Pump|p1a: Gliscor
|-supereffective|p1a: Gliscor
|-end|p1a: Gliscor|Substitute
|
|-heal|p2a: Rotom-Wash|76\/304 tox|[from] item: Leftovers
|-damage|p1a: Gliscor|0 fnt|[from] brn
|-damage|p2a: Rotom-Wash|19\/304 tox|[from] psn
|faint|p1a: Gliscor
|
|switch|p1a: Heatran|Heatran, F|385\/385
|-damage|p1a: Heatran|337\/385|[from] Stealth Rock
|turn|28
|
|move|p2a: Rotom-Wash|Pain Split|p1a: Heatran
|-sethp|p1a: Heatran|178\/385|p2a: Rotom-Wash|178\/304 tox|[from] move: Pain Split
|move|p1a: Heatran|Stealth Rock|p2a: Rotom-Wash
|-sidestart|p2: F U BP|move: Stealth Rock
|
|-heal|p2a: Rotom-Wash|197\/304 tox|[from] item: Leftovers
|-heal|p1a: Heatran|202\/385|[from] item: Leftovers
|-damage|p2a: Rotom-Wash|121\/304 tox|[from] psn
|turn|29
|
|move|p2a: Rotom-Wash|Volt Switch|p1a: Heatran
|-damage|p1a: Heatran|141\/385
|
|switch|p2a: Aegislash|Aegislash, M|56\/324
|-damage|p2a: Aegislash|36\/324|[from] Stealth Rock
|move|p1a: Heatran|Ancient Power|p2a: Aegislash
|-crit|p2a: Aegislash
|-resisted|p2a: Aegislash
|-damage|p2a: Aegislash|5\/324
|
|-heal|p1a: Heatran|165\/385|[from] item: Leftovers
|turn|30
|
|-formechange|p2a: Aegislash|Aegislash-Blade
|move|p2a: Aegislash|Shadow Sneak|p1a: Heatran
|-damage|p1a: Heatran|82\/385
|-damage|p2a: Aegislash|0 fnt|[from] item: Life Orb
|faint|p2a: Aegislash
|move|p1a: Heatran|Lava Plume|p2: Aegislash|[notarget]
|-notarget
|
|-heal|p1a: Heatran|106\/385|[from] item: Leftovers
|
|switch|p2a: Mamoswine|Mamoswine, M|325\/361
|-damage|p2a: Mamoswine|280\/361|[from] Stealth Rock
|turn|31
|
|move|p2a: Mamoswine|Earthquake|p1a: Heatran
|-supereffective|p1a: Heatran
|-damage|p1a: Heatran|0 fnt
|-damage|p2a: Mamoswine|244\/361|[from] item: Life Orb
|faint|p1a: Heatran
|
|
|switch|p1a: Venusaur|Venusaur, M|319\/364
|-formechange|p1a: Venusaur|Venusaur-Mega
|-damage|p1a: Venusaur|274\/364|[from] Stealth Rock
|turn|32
|
|switch|p2a: Heatran|Heatran, F|386\/386
|-damage|p2a: Heatran|338\/386|[from] Stealth Rock
|move|p1a: Venusaur|Leech Seed|p2a: Heatran|[miss]
|-miss|p1a: Venusaur|p2a: Heatran
|
|-heal|p2a: Heatran|362\/386|[from] item: Leftovers
|turn|33
|
|move|p1a: Venusaur|Leech Seed|p2a: Heatran
|-start|p2a: Heatran|move: Leech Seed
|move|p2a: Heatran|Will-O-Wisp|p1a: Venusaur
|-status|p1a: Venusaur|brn
|
|-heal|p2a: Heatran|386\/386|[from] item: Leftovers
|-damage|p2a: Heatran|338\/386|[from] Leech Seed|[of] p1a: Venusaur
|-heal|p1a: Venusaur|322\/364 brn|[silent]
|-damage|p1a: Venusaur|277\/364 brn|[from] brn
|turn|34
|
|switch|p2a: Pinsir|Pinsir, M|271\/271
|-damage|p2a: Pinsir|204\/271|[from] Stealth Rock
|-ability|p2a: Pinsir|Mold Breaker
|move|p1a: Venusaur|Giga Drain|p2a: Pinsir
|-resisted|p2a: Pinsir
|-damage|p2a: Pinsir|139\/271
|-heal|p1a: Venusaur|310\/364 brn|[from] drain|[of] p2a: Pinsir
|
|-damage|p1a: Venusaur|265\/364 brn|[from] brn
|turn|35
|
|-formechange|p2a: Pinsir|Pinsir-Mega
|message|Pinsir has Mega Evolved into Mega Pinsir!
|move|p2a: Pinsir|Return|p1a: Venusaur
|-crit|p1a: Venusaur
|-supereffective|p1a: Venusaur
|-damage|p1a: Venusaur|0 fnt
|faint|p1a: Venusaur
|
|
|switch|p1a: Tyranitar|Tyranitar, F|262\/404
|-damage|p1a: Tyranitar|212\/404|[from] Stealth Rock
|-weather|Sandstorm
|turn|36
|
|move|p2a: Pinsir|Earthquake|p1a: Tyranitar
|-supereffective|p1a: Tyranitar
|-damage|p1a: Tyranitar|0 fnt
|faint|p1a: Tyranitar
|
|win|F U BP
|raw|Ladder updating...
|raw|plimplam's rating: 1599 &rarr; <strong>1574<\/strong><br \/>(-25 for losing)
|raw|F U BP's rating: 1510 &rarr; <strong>1535<\/strong><br \/>(+25 for winning)
|leave|plimplam
|player|p1