|join|fuck christmas
|join|F U BP
|player|p1|fuck christmas|102
|player|p2|F U BP|290
|gametype|singles
|gen|6
|tier|OU
|rated
|clearpoke
|poke|p1|Azelf
|poke|p1|Diancie
|poke|p1|Keldeo-Resolute
|poke|p1|Thundurus, M
|poke|p1|Excadrill, F
|poke|p1|Charizard, M
|poke|p2|Latios, M
|poke|p2|Sylveon, M
|poke|p2|Gyarados, F
|poke|p2|Landorus-Therian, M
|poke|p2|Scizor, M
|poke|p2|Heatran, M
|rule|Swagger Clause: Swagger is banned
|rule|Baton Pass Clause: Limit one PokÃ©mon knowing Baton Pass
|rule|Sleep Clause Mod: Limit one foe put to sleep
|rule|Species Clause: Limit one of each PokÃ©mon
|rule|OHKO Clause: OHKO moves are banned
|rule|Moody Clause: Moody is banned
|rule|Evasion Moves Clause: Evasion moves are banned
|rule|Endless Battle Clause: Forcing endless battles is banned
|rule|HP Percentage Mod: HP is reported as percentages
|teampreview
|
|start
|switch|p1a: Azelf|Azelf|292\/292
|switch|p2a: Landorus-Therian|Landorus-Therian, M|319\/319
|-ability|p2a: Landorus-Therian|Intimidate|[of] p1a: Azelf
|-unboost|p1a: Azelf|atk|1
|turn|1
|join|dope.exe
|
|move|p2a: Landorus-Therian|Knock Off|p1a: Azelf
|-supereffective|p1a: Azelf
|-enditem|p1a: Azelf|Focus Sash
|-damage|p1a: Azelf|1\/292
|move|p1a: Azelf|Stealth Rock|p2a: Landorus-Therian
|-sidestart|p2: F U BP|move: Stealth Rock
|
|turn|2
|
|switch|p1a: Charizard|Charizard, M|297\/297
|move|p2a: Landorus-Therian|Knock Off|p1a: Charizard
|-damage|p1a: Charizard|162\/297
|
|turn|3
|
|switch|p2a: Gyarados|Gyarados, F|393\/393
|-damage|p2a: Gyarados|295\/393|[from] Stealth Rock
|-ability|p2a: Gyarados|Intimidate|[of] p1a: Charizard
|-unboost|p1a: Charizard|atk|1
|detailschange|p1a: Charizard|Charizard-Mega-Y, M
|message|Charizard has Mega Evolved into Mega Charizard!
|-weather|SunnyDay
|move|p1a: Charizard|Roost|p1a: Charizard
|-heal|p1a: Charizard|297\/297
|
|-weather|SunnyDay|[upkeep]
|turn|4
|
|switch|p1a: Thundurus|Thundurus, M|299\/299
|move|p2a: Gyarados|Thunder Wave|p1a: Thundurus
|-fail|p1a: Thundurus
|
|-weather|SunnyDay|[upkeep]
|turn|5
|
|switch|p2a: Sylveon|Sylveon, M|390\/390
|-damage|p2a: Sylveon|342\/390|[from] Stealth Rock
|move|p1a: Thundurus|Knock Off|p2a: Sylveon
|-resisted|p2a: Sylveon
|-damage|p2a: Sylveon|274\/390
|-enditem|p2a: Sylveon|Leftovers|[from] move: Knock Off|[of] p1a: Thundurus
|-damage|p1a: Thundurus|270\/299|[from] item: Life Orb
|
|-weather|SunnyDay|[upkeep]
|turn|6
|
|switch|p1a: Charizard|Charizard-Mega-Y, M|297\/297
|switch|p2a: Landorus-Therian|Landorus-Therian, M|319\/319
|-damage|p2a: Landorus-Therian|280\/319|[from] Stealth Rock
|-ability|p2a: Landorus-Therian|Intimidate|[of] p1a: Charizard
|-unboost|p1a: Charizard|atk|1
|
|-weather|SunnyDay|[upkeep]
|turn|7
|
|switch|p1a: Keldeo-Resolute|Keldeo-Resolute|323\/323
|move|p2a: Landorus-Therian|U-turn|p1a: Keldeo-Resolute
|-crit|p1a: Keldeo-Resolute
|-resisted|p1a: Keldeo-Resolute
|-damage|p1a: Keldeo-Resolute|244\/323
|
|switch|p2a: Latios|Latios, M|304\/304
|-damage|p2a: Latios|266\/304|[from] Stealth Rock
|
|-weather|none
|-heal|p2a: Latios|285\/304|[from] item: Leftovers
|turn|8
|
|switch|p1a: Thundurus|Thundurus, M|270\/299
|move|p2a: Latios|Psyshock|p1a: Thundurus
|-damage|p1a: Thundurus|69\/299
|
|-heal|p2a: Latios|304\/304|[from] item: Leftovers
|turn|9
|
|switch|p1a: Charizard|Charizard-Mega-Y, M|297\/297
|-weather|SunnyDay
|switch|p2a: Landorus-Therian|Landorus-Therian, M|280\/319
|-damage|p2a: Landorus-Therian|241\/319|[from] Stealth Rock
|-ability|p2a: Landorus-Therian|Intimidate|[of] p1a: Charizard
|-unboost|p1a: Charizard|atk|1
|
|-weather|SunnyDay|[upkeep]
|turn|10
|
|switch|p1a: Keldeo-Resolute|Keldeo-Resolute|244\/323
|move|p2a: Landorus-Therian|U-turn|p1a: Keldeo-Resolute
|-crit|p1a: Keldeo-Resolute
|-resisted|p1a: Keldeo-Resolute
|-damage|p1a: Keldeo-Resolute|165\/323
|chat|F U BP|sorry for the double crit
|
|switch|p2a: Latios|Latios, M|304\/304
|-damage|p2a: Latios|266\/304|[from] Stealth Rock
|
|-weather|SunnyDay|[upkeep]
|-heal|p2a: Latios|285\/304|[from] item: Leftovers
|turn|11
|
|move|p2a: Latios|Hidden Power|p1a: Keldeo-Resolute
|-damage|p1a: Keldeo-Resolute|89\/323
|move|p1a: Keldeo-Resolute|Icy Wind|p2a: Latios
|-supereffective|p2a: Latios
|-damage|p2a: Latios|139\/304
|-unboost|p2a: Latios|spe|1
|-damage|p1a: Keldeo-Resolute|57\/323|[from] item: Life Orb
|
|-weather|SunnyDay|[upkeep]
|-heal|p2a: Latios|158\/304|[from] item: Leftovers
|turn|12
|
|switch|p2a: Sylveon|Sylveon, M|274\/390
|-damage|p2a: Sylveon|226\/390|[from] Stealth Rock
|move|p1a: Keldeo-Resolute|Icy Wind|p2a: Sylveon
|-damage|p2a: Sylveon|164\/390
|-unboost|p2a: Sylveon|spe|1
|-damage|p1a: Keldeo-Resolute|25\/323|[from] item: Life Orb
|
|-weather|SunnyDay|[upkeep]
|turn|13
|
|move|p1a: Keldeo-Resolute|Calm Mind|p1a: Keldeo-Resolute
|-boost|p1a: Keldeo-Resolute|spa|1
|-boost|p1a: Keldeo-Resolute|spd|1
|move|p2a: Sylveon|Wish|p2a: Sylveon
|
|-weather|none
|turn|14
|
|move|p2a: Sylveon|Protect|p2a: Sylveon
|-singleturn|p2a: Sylveon|Protect
|move|p1a: Keldeo-Resolute|Scald|p2a: Sylveon
|-activate|p2a: Sylveon|Protect
|
|-heal|p2a: Sylveon|359\/390|[from] move: Wish|[wisher] Sylveon
|turn|15
|
|move|p1a: Keldeo-Resolute|Scald|p2a: Sylveon
|-damage|p2a: Sylveon|168\/390
|-damage|p1a: Keldeo-Resolute|0 fnt|[from] item: Life Orb
|faint|p1a: Keldeo-Resolute
|move|p2a: Sylveon|Hyper Voice|p1: Keldeo-Resolute|[notarget]
|-notarget
|
|
|switch|p1a: Charizard|Charizard-Mega-Y, M|297\/297
|-weather|SunnyDay
|turn|16
|
|move|p1a: Charizard|Brick Break|p2a: Sylveon
|-resisted|p2a: Sylveon
|-damage|p2a: Sylveon|129\/390
|move|p2a: Sylveon|Wish|p2a: Sylveon
|
|-weather|SunnyDay|[upkeep]
|turn|17
|chat|dope.exe|????????????????????????????????????????????????????????????????????????????????????????????????????????
|chat|F U BP|uh
|chat|F U BP|lemme guess
|chat|F U BP|focus miss one too many times?
|chat|fuck christmas|where tf is tran
|chat|fuck christmas|o
|chat|fuck christmas|yeah
|chat|F U BP|not risking him lol
|chat|fuck christmas|I never use focus blast
|chat|F U BP|very safe lol nice
|chat|fuck christmas|guess what I had before this
|chat|fuck christmas|fuckin
|chat|fuck christmas|focus
|chat|fuck christmas|punch
|chat|fuck christmas|LOL
|chat|fuck christmas|rekt ttars and trans on the switch
|
|switch|p1a: Excadrill|Excadrill, F|362\/362
|-ability|p1a: Excadrill|Mold Breaker
|move|p2a: Sylveon|Protect|p2a: Sylveon
|-fail|p2a: Sylveon
|
|-weather|SunnyDay|[upkeep]
|-heal|p2a: Sylveon|324\/390|[from] move: Wish|[wisher] Sylveon
|turn|18
|chat|F U BP|rofl
|chat|F U BP|I love that
|chat|fuck christmas|it was legit
|chat|dope.exe|.
|chat|fuck christmas|when they were already in though
|chat|fuck christmas|it was hard to do shit
|chat|fuck christmas|so it was dumb af
|
|switch|p2a: Gyarados|Gyarados, F|295\/393
|-damage|p2a: Gyarados|197\/393|[from] Stealth Rock
|-ability|p2a: Gyarados|Intimidate|[of] p1a: Excadrill
|-unboost|p1a: Excadrill|atk|1
|move|p1a: Excadrill|Iron Head|p2a: Gyarados
|-resisted|p2a: Gyarados
|-damage|p2a: Gyarados|155\/393
|
|-weather|SunnyDay|[upkeep]
|turn|19
|chat|F U BP|yeah gotcha
|chat|F U BP|nice and gimmicky lol but I guess that works.
|chat|F U BP|Any attack investment?
|
|switch|p1a: Azelf|Azelf|1\/292
|move|p2a: Gyarados|Waterfall|p1a: Azelf
|-damage|p1a: Azelf|0 fnt
|faint|p1a: Azelf
|
|-weather|SunnyDay|[upkeep]
|chat|fuck christmas|nah
|chat|fuck christmas|why when it's a straight ohko
|
|switch|p1a: Excadrill|Excadrill, F|362\/362
|-ability|p1a: Excadrill|Mold Breaker
|turn|20
|chat|fuck christmas|this team sucks p hard
|chat|fuck christmas|tho
|chat|fuck christmas|but w\/e
|
|move|p1a: Excadrill|Iron Head|p2a: Gyarados
|-resisted|p2a: Gyarados
|-damage|p2a: Gyarados|92\/393
|cant|p2a: Gyarados|flinch
|
|-weather|none
|turn|21
|
|move|p1a: Excadrill|Iron Head|p2a: Gyarados
|-resisted|p2a: Gyarados
|-damage|p2a: Gyarados|27\/393
|cant|p2a: Gyarados|flinch
|
|turn|22
|chat|F U BP|sigh
|
|move|p1a: Excadrill|Iron Head|p2a: Gyarados
|-resisted|p2a: Gyarados
|-damage|p2a: Gyarados|0 fnt
|faint|p2a: Gyarados
|
|chat|fuck christmas|:[[
|
|switch|p2a: Scizor|Scizor, M|343\/343
|-damage|p2a: Scizor|301\/343|[from] Stealth Rock
|turn|23
|
|switch|p1a: Charizard|Charizard-Mega-Y, M|297\/297
|-weather|SunnyDay
|move|p2a: Scizor|U-turn|p1a: Charizard
|-resisted|p1a: Charizard
|-damage|p1a: Charizard|232\/297
|
|switch|p2a: Landorus-Therian|Landorus-Therian, M|241\/319
|-damage|p2a: Landorus-Therian|202\/319|[from] Stealth Rock
|-ability|p2a: Landorus-Therian|Intimidate|[of] p1a: Charizard
|-unboost|p1a: Charizard|atk|1
|
|-weather|SunnyDay|[upkeep]
|turn|24
|
|switch|p1a: Excadrill|Excadrill, F|362\/362
|-ability|p1a: Excadrill|Mold Breaker
|move|p2a: Landorus-Therian|Stone Edge|p1a: Excadrill
|-resisted|p1a: Excadrill
|-damage|p1a: Excadrill|305\/362
|
|-weather|SunnyDay|[upkeep]
|turn|25
|
|switch|p2a: Scizor|Scizor, M|301\/343
|-damage|p2a: Scizor|259\/343|[from] Stealth Rock
|move|p1a: Excadrill|Earthquake|p2a: Scizor
|-damage|p2a: Scizor|69\/343
|
|-weather|SunnyDay|[upkeep]
|turn|26
|
|switch|p2a: Heatran|Heatran, M|323\/323
|-damage|p2a: Heatran|283\/323|[from] Stealth Rock
|-item|p2a: Heatran|Air Balloon
|move|p1a: Excadrill|Earthquake|p2a: Heatran
|-immune|p2a: Heatran|[msg]
|
|-weather|SunnyDay|[upkeep]
|turn|27
|
|switch|p1a: Diancie|Diancie|304\/304
|move|p2a: Heatran|Stealth Rock|p1a: Diancie
|-sidestart|p1: fuck christmas|move: Stealth Rock
|
|-weather|none
|turn|28
|chat|F U BP|idk what the hell to do against this thing lol
|
|switch|p2a: Sylveon|Sylveon, M|324\/390
|-damage|p2a: Sylveon|276\/390|[from] Stealth Rock
|move|p1a: Diancie|Diamond Storm|p2a: Sylveon
|-damage|p2a: Sylveon|126\/390
|-boost|p1a: Diancie|def|1
|
|turn|29
|chat|F U BP|oh physical
|chat|fuck christmas|just come in an eq it lol
|
|move|p2a: Sylveon|Hyper Voice|p1a: Diancie
|-damage|p1a: Diancie|231\/304
|move|p1a: Diancie|Moonblast|p2a: Sylveon
|-damage|p2a: Sylveon|12\/390
|-unboost|p2a: Sylveon|spa|1
|
|turn|30
|
|move|p2a: Sylveon|Wish|p2a: Sylveon
|move|p1a: Diancie|Moonblast|p2a: Sylveon
|-damage|p2a: Sylveon|0 fnt
|faint|p2a: Sylveon
|
|
|switch|p2a: Scizor|Scizor, M|69\/343
|-damage|p2a: Scizor|27\/343|[from] Stealth Rock
|turn|31
|chat|fuck christmas|ahh hahaha
|
|switch|p1a: Excadrill|Excadrill, F|305\/362
|-damage|p1a: Excadrill|294\/362|[from] Stealth Rock
|-ability|p1a: Excadrill|Mold Breaker
|move|p2a: Scizor|Bullet Punch|p1a: Excadrill
|-resisted|p1a: Excadrill
|-damage|p1a: Excadrill|164\/362
|
|-heal|p2a: Scizor|222\/343|[from] move: Wish|[wisher] Sylveon
|turn|32
|chat|fuck christmas|fuq
|
|switch|p2a: Landorus-Therian|Landorus-Therian, M|202\/319
|-damage|p2a: Landorus-Therian|163\/319|[from] Stealth Rock
|-ability|p2a: Landorus-Therian|Intimidate|[of] p1a: Excadrill
|-unboost|p1a: Excadrill|atk|1
|move|p1a: Excadrill|Rapid Spin|p2a: Landorus-Therian
|-damage|p2a: Landorus-Therian|145\/319
|-sideend|p1: fuck christmas|Stealth Rock|[from] move: Rapid Spin|[of] p1a: Excadrill
|
|turn|33
|
|switch|p1a: Charizard|Charizard-Mega-Y, M|232\/297
|-weather|SunnyDay
|move|p2a: Landorus-Therian|Knock Off|p1a: Charizard
|-damage|p1a: Charizard|105\/297
|
|-weather|SunnyDay|[upkeep]
|turn|34
|
|switch|p1a: Diancie|Diancie|231\/304
|move|p2a: Landorus-Therian|Knock Off|p1a: Diancie
|-resisted|p1a: Diancie
|-damage|p1a: Diancie|174\/304
|-enditem|p1a: Diancie|Assault Vest|[from] move: Knock Off|[of] p2a: Landorus-Therian
|
|-weather|SunnyDay|[upkeep]
|turn|35
|chat|F U BP|ohhh
|chat|F U BP|interesting
|chat|fuck christmas|yeah bulky af
|
|switch|p2a: Scizor|Scizor, M|222\/343
|-damage|p2a: Scizor|180\/343|[from] Stealth Rock
|move|p1a: Diancie|Hidden Power|p2a: Scizor
|-supereffective|p2a: Scizor
|-damage|p2a: Scizor|0 fnt
|faint|p2a: Scizor
|
|-weather|SunnyDay|[upkeep]
|chat|fuck christmas|:]]
|chat|F U BP|figures lol
|chat|dope.exe|gggggggggggggg
|
|switch|p2a: Heatran|Heatran, M|283\/323
|-damage|p2a: Heatran|243\/323|[from] Stealth Rock
|-item|p2a: Heatran|Air Balloon
|turn|36
|
|move|p2a: Heatran|Earth Power|p1a: Diancie
|-supereffective|p1a: Diancie
|-damage|p1a: Diancie|20\/304
|move|p1a: Diancie|Diamond Storm|p2a: Heatran
|-damage|p2a: Heatran|125\/323
|-enditem|p2a: Heatran|Air Balloon
|
|-weather|SunnyDay|[upkeep]
|turn|37
|chat|fuck christmas|ahh nb
|chat|F U BP|gonna be a tight ending
|chat|fuck christmas|yeah
|
|move|p2a: Heatran|Stealth Rock|p1a: Diancie
|-sidestart|p1: fuck christmas|move: Stealth Rock
|move|p1a: Diancie|Diamond Storm|p2a: Heatran
|-crit|p2a: Heatran
|-damage|p2a: Heatran|0 fnt
|-boost|p1a: Diancie|def|1
|faint|p2a: Heatran
|
|-weather|none
|
|switch|p2a: Landorus-Therian|Landorus-Therian, M|145\/319
|-damage|p2a: Landorus-Therian|106\/319|[from] Stealth Rock
|-ability|p2a: Landorus-Therian|Intimidate|[of] p1a: Diancie
|-fail|p1a: Diancie|unboost|[from] ability: Clear Body|[of] p1a: Diancie
|turn|38
|
|move|p2a: Landorus-Therian|Earthquake|p1a: Diancie
|-supereffective|p1a: Diancie
|-damage|p1a: Diancie|0 fnt
|faint|p1a: Diancie
|
|
|switch|p1a: Excadrill|Excadrill, F|164\/362
|-damage|p1a: Excadrill|153\/362|[from] Stealth Rock
|-ability|p1a: Excadrill|Mold Breaker
|turn|39
|chat|fuck christmas|fuck if thundy was like 3 percent higher
|chat|fuck christmas|goddam
|chat|F U BP|yeah lol
|
|move|p2a: Landorus-Therian|Earthquake|p1a: Excadrill
|-supereffective|p1a: Excadrill
|-damage|p1a: Excadrill|0 fnt
|faint|p1a: Excadrill
|
|chat|F U BP|oh you weren't scarf?
|chat|fuck christmas|uhh I was
|c|âfuck christmas|!data excadrill
|c|~|\/data-pokemon Excadrill

|c|âfuck christmas|!data lando-t
|c|~|\/data-pokemon Landorus-Therian

|chat|fuck christmas|LOL
|chat|F U BP|LOL
|chat|F U BP|whoops
|chat|fuck christmas|I forgot
|chat|fuck christmas|welp
|chat|F U BP|me too lmao
|chat|F U BP|gg bro
|chat|fuck christmas|wasn't as tight as that hahaha
|chat|fuck christmas|gg :]
|chat|F U BP|very fun match :)
|
|switch|p1a: Thundurus|Thundurus, M|69\/299
|-damage|p1a: Thundurus|0 fnt|[from] Stealth Rock
|faint|p1a: Thundurus
|chat|fuck christmas|yup was good
|
|switch|p1a: Charizard|Charizard-Mega-Y, M|105\/297
|-damage|p1a: Charizard|0 fnt|[from] Stealth Rock
|faint|p1a: Charizard
|
|win|F U BP
|raw|Ladder updating...
|raw|fuck christmas's rating: 1711 &rarr; <strong>1686<\/strong><br \/>(-25 for losing)
|raw|F U BP's rating: 1616 &rarr; <strong>1641<\/strong><br \/>(+25 for winning)
|chat|F U BP|I run a youtube channel, would it be cool if I post this?
|chat|fuck christmas|yeah ofc
|chat|F U BP|Nice diancie match.
|chat|fuck christmas|n_n
|leave|dope.exe
|chat|fuck christmas|hahaha thanks
|chat|F U BP|Cool, the channel is TheTokenMinorities
|chat|F U BP|Check us out if interested :)
|chat|fuck christmas|what's you channel?
|join|dope.exe
|chat|fuck christmas|ope
|chat|fuck christmas|lag
|chat|fuck christmas|I will
|chat|F U BP|yeah lol
|chat|fuck christmas|gl bro
|leave|dope.exe
|chat|fuck christmas|n_n
|leave|fuck christmas
|player|p1
|chat|F U BP|Shoot me a comment or something there so I know who you are