|join|Alvadora
|join|F U BP
|player|p1|Alvadora|256
|player|p2|F U BP|290
|gametype|singles
|gen|6
|tier|OU
|rated
|clearpoke
|poke|p1|Scizor, M
|poke|p1|Jirachi
|poke|p1|Serperior, M
|poke|p1|Keldeo
|poke|p1|Zapdos
|poke|p1|Landorus, M
|poke|p2|Heatran, F
|poke|p2|Scizor, F
|poke|p2|Sylveon, F
|poke|p2|Latios, M
|poke|p2|Rotom-Wash
|poke|p2|Landorus-Therian, M
|rule|Swagger Clause: Swagger is banned
|rule|Baton Pass Clause: Limit one PokÃ©mon knowing Baton Pass
|rule|Sleep Clause Mod: Limit one foe put to sleep
|rule|Species Clause: Limit one of each PokÃ©mon
|rule|OHKO Clause: OHKO moves are banned
|rule|Moody Clause: Moody is banned
|rule|Evasion Moves Clause: Evasion moves are banned
|rule|Endless Battle Clause: Forcing endless battles is banned
|rule|HP Percentage Mod: HP is shown in percentages
|teampreview
|join|Mistaken
|c|âAlvadora|i lost 26points again
|c|âAlvadora|just now
|c|âAlvadora|cus of serperior missing a leafstorm
|c|âAlvadora|on a mega gyara
|c|âF U BP|=\/
|
|start
|switch|p1a: Zapdos|Zapdos|383\/383
|switch|p2a: Landorus-Therian|Landorus-Therian, M|328\/328
|-ability|p2a: Landorus-Therian|Intimidate|[of] p1a: Zapdos
|-unboost|p1a: Zapdos|atk|1
|-ability|p1a: Zapdos|Pressure
|turn|1
|c| Mistaken|**ALKOV IS A WIDELY KNOWN TOUR PLAYER WHO IS KNOWN FOR WINNING MATCHES AND GETTING +7 **
|c| Mistaken|damn bold
|c| Mistaken|...
|
|switch|p2a: Rotom-Wash|Rotom-Wash|304\/304
|move|p1a: Zapdos|Heat Wave|p2a: Rotom-Wash
|-miss|p1a: Zapdos|p2a: Rotom-Wash
|
|turn|2
|
|move|p1a: Zapdos|Volt Switch|p2a: Rotom-Wash
|-damage|p2a: Rotom-Wash|207\/304
|c|âAlvadora|:[
|c|âAlvadora|why do i always miss
|join|TTM Vic TA
|c|âAlvadora|mang
|
|switch|p1a: Landorus|Landorus, M|319\/319
|move|p2a: Rotom-Wash|Will-O-Wisp|p1a: Landorus
|-status|p1a: Landorus|brn
|
|-heal|p2a: Rotom-Wash|226\/304|[from] item: Leftovers
|-damage|p1a: Landorus|280\/319 brn|[from] brn
|turn|3
|c| Mistaken|**WIN=+7 Loss = -24**
|join|DerperiorX
|c|âAlvadora|ikr
|leave|DerperiorX
|
|switch|p1a: Serperior|Serperior, M|291\/291
|switch|p2a: Landorus-Therian|Landorus-Therian, M|328\/328
|-ability|p2a: Landorus-Therian|Intimidate|[of] p1a: Serperior
|-boost|p1a: Serperior|atk|1
|
|turn|4
|c| Mistaken|ur still in 1720 no complaining :9
|
|move|p2a: Landorus-Therian|U-turn|p1a: Serperior
|-supereffective|p1a: Serperior
|-damage|p1a: Serperior|105\/291
|c|âAlvadora|fuck this, im retiring this serperior team
|c| TTM Vic TA|good choice
|c|âAlvadora|i'll just edit my other squad i just make
|
|switch|p2a: Latios|Latios, M|302\/302
|move|p1a: Serperior|Leaf Storm|p2a: Latios
|-resisted|p2a: Latios
|-damage|p2a: Latios|232\/302
|-boost|p1a: Serperior|spa|2
|
|-heal|p1a: Serperior|123\/291|[from] item: Leftovers
|turn|5
|
|switch|p1a: Jirachi|Jirachi|403\/403
|move|p2a: Latios|Psyshock|p1a: Jirachi
|-resisted|p1a: Jirachi
|-damage|p1a: Jirachi|370\/403
|
|-heal|p1a: Jirachi|395\/403|[from] item: Leftovers
|turn|6
|
|switch|p2a: Rotom-Wash|Rotom-Wash|226\/304
|move|p1a: Jirachi|Stealth Rock|p2a: Rotom-Wash
|-sidestart|p2: F U BP|move: Stealth Rock
|
|-heal|p1a: Jirachi|403\/403|[from] item: Leftovers
|-heal|p2a: Rotom-Wash|245\/304|[from] item: Leftovers
|turn|7
|c| Mistaken|bringing back bp ?
|c|âAlvadora|no
|c|âAlvadora|wut
|c| TTM Vic TA|do you not see this guys name? FU, Baton Pass
|
|switch|p1a: Landorus|Landorus, M|280\/319 brn
|move|p2a: Rotom-Wash|Hydro Pump|p1a: Landorus
|-crit|p1a: Landorus
|-supereffective|p1a: Landorus
|-damage|p1a: Landorus|0 fnt
|faint|p1a: Landorus
|
|-heal|p2a: Rotom-Wash|264\/304|[from] item: Leftovers
|c|âAlvadora|fuck mang
|c|âF U BP|bop
|
|switch|p1a: Serperior|Serperior, M|123\/291
|turn|8
|
|switch|p1a: Keldeo|Keldeo|323\/323
|switch|p2a: Heatran|Heatran, F|323\/323
|-damage|p2a: Heatran|283\/323|[from] Stealth Rock
|
|-heal|p2a: Heatran|303\/323|[from] item: Leftovers
|turn|9
|join|I Iike Squirtles
|
|switch|p1a: Scizor|Scizor, M|290\/290
|switch|p2a: Latios|Latios, M|232\/302
|-damage|p2a: Latios|195\/302|[from] Stealth Rock
|
|turn|10
|
|switch|p2a: Scizor|Scizor, F|343\/343
|-damage|p2a: Scizor|301\/343|[from] Stealth Rock
|detailschange|p1a: Scizor|Scizor-Mega, M
|-mega|p1a: Scizor|Scizor|Scizorite
|move|p1a: Scizor|Swords Dance|p1a: Scizor
|-boost|p1a: Scizor|atk|2
|
|turn|11
|
|detailschange|p2a: Scizor|Scizor-Mega, F
|-mega|p2a: Scizor|Scizor|Scizorite
|move|p1a: Scizor|Swords Dance|p1a: Scizor
|-boost|p1a: Scizor|atk|2
|move|p2a: Scizor|Swords Dance|p2a: Scizor
|-boost|p2a: Scizor|atk|2
|
|turn|12
|
|move|p1a: Scizor|Superpower|p2a: Scizor
|-damage|p2a: Scizor|0 fnt
|-unboost|p1a: Scizor|atk|1
|-unboost|p1a: Scizor|def|1
|faint|p2a: Scizor
|
|
|switch|p2a: Heatran|Heatran, F|303\/323
|-damage|p2a: Heatran|263\/323|[from] Stealth Rock
|turn|13
|
|move|p2a: Heatran|Fire Blast|p1a: Scizor
|-supereffective|p1a: Scizor
|-damage|p1a: Scizor|0 fnt
|faint|p1a: Scizor
|
|-heal|p2a: Heatran|283\/323|[from] item: Leftovers
|
|switch|p1a: Keldeo|Keldeo|323\/323
|turn|14
|c|âF U BP|2 fast 4 u
|c|âAlvadora|:[
|
|switch|p2a: Latios|Latios, M|195\/302
|-damage|p2a: Latios|158\/302|[from] Stealth Rock
|move|p1a: Keldeo|Hydro Pump|p2a: Latios
|-resisted|p2a: Latios
|-damage|p2a: Latios|71\/302
|
|turn|15
|
|switch|p1a: Jirachi|Jirachi|403\/403
|move|p2a: Latios|Trick|p1a: Jirachi
|-activate|p2a: Latios|move: Trick|[of] p1a: Jirachi
|-item|p1a: Jirachi|Choice Scarf|[from] move: Trick
|-item|p2a: Latios|Leftovers|[from] move: Trick
|
|-heal|p2a: Latios|89\/302|[from] item: Leftovers
|turn|16
|c|âAlvadora|dammit
|c|âAlvadora|should had stayed in
|
|switch|p1a: Serperior|Serperior, M|123\/291
|switch|p2a: Landorus-Therian|Landorus-Therian, M|328\/328
|-damage|p2a: Landorus-Therian|287\/328|[from] Stealth Rock
|-ability|p2a: Landorus-Therian|Intimidate|[of] p1a: Serperior
|-boost|p1a: Serperior|atk|1
|
|-heal|p1a: Serperior|141\/291|[from] item: Leftovers
|turn|17
|
|switch|p1a: Zapdos|Zapdos|383\/383
|-ability|p1a: Zapdos|Pressure
|move|p2a: Landorus-Therian|U-turn|p1a: Zapdos
|-resisted|p1a: Zapdos
|-damage|p1a: Zapdos|347\/383
|
|switch|p2a: Latios|Latios, M|89\/302
|-damage|p2a: Latios|52\/302|[from] Stealth Rock
|
|-heal|p2a: Latios|70\/302|[from] item: Leftovers
|-heal|p1a: Zapdos|370\/383|[from] item: Leftovers
|turn|18
|
|move|p2a: Latios|Draco Meteor|p1a: Zapdos
|-damage|p1a: Zapdos|96\/383
|-unboost|p2a: Latios|spa|2
|move|p1a: Zapdos|Roost|p1a: Zapdos
|-heal|p1a: Zapdos|288\/383
|
|-heal|p2a: Latios|88\/302|[from] item: Leftovers
|-heal|p1a: Zapdos|311\/383|[from] item: Leftovers
|turn|19
|
|move|p2a: Latios|Defog|p1a: Zapdos
|-unboost|p1a: Zapdos|evasion|1
|-sideend|p2: F U BP|Stealth Rock|[from] move: Defog|[of] p2a: Latios
|move|p1a: Zapdos|Volt Switch|p2a: Latios
|-crit|p2a: Latios
|-resisted|p2a: Latios
|-damage|p2a: Latios|23\/302
|
|switch|p1a: Jirachi|Jirachi|403\/403
|
|-heal|p2a: Latios|41\/302|[from] item: Leftovers
|turn|20
|
|switch|p2a: Heatran|Heatran, F|283\/323
|move|p1a: Jirachi|Body Slam|p2a: Heatran
|-resisted|p2a: Heatran
|-damage|p2a: Heatran|255\/323
|-status|p2a: Heatran|par
|
|-heal|p2a: Heatran|275\/323 par|[from] item: Leftovers
|turn|21
|
|switch|p1a: Keldeo|Keldeo|323\/323
|switch|p2a: Rotom-Wash|Rotom-Wash|264\/304
|
|-heal|p2a: Rotom-Wash|283\/304|[from] item: Leftovers
|turn|22
|
|move|p1a: Keldeo|Scald|p2a: Rotom-Wash
|-resisted|p2a: Rotom-Wash
|-damage|p2a: Rotom-Wash|218\/304
|move|p2a: Rotom-Wash|Volt Switch|p1a: Keldeo
|-supereffective|p1a: Keldeo
|-damage|p1a: Keldeo|123\/323
|
|switch|p2a: Sylveon|Sylveon, F|390\/390
|
|turn|23
|
|switch|p1a: Jirachi|Jirachi|403\/403
|move|p2a: Sylveon|Heal Bell|p2a: Sylveon
|-cureteam|p2a: Sylveon|[from] move: HealBell
|
|turn|24
|
|move|p2a: Sylveon|Protect|p2a: Sylveon
|-singleturn|p2a: Sylveon|Protect
|move|p1a: Jirachi|Stealth Rock|p2a: Sylveon
|-sidestart|p2: F U BP|move: Stealth Rock
|
|turn|25
|
|switch|p1a: Zapdos|Zapdos|311\/383
|-ability|p1a: Zapdos|Pressure
|move|p2a: Sylveon|Hyper Voice|p1a: Zapdos
|-damage|p1a: Zapdos|116\/383
|
|-heal|p1a: Zapdos|139\/383|[from] item: Leftovers
|turn|26
|c| Mistaken|Why is every damn thundurus nasty plot
|c| TTM Vic TA|welcome, captain ADD
|
|move|p1a: Zapdos|Roost|p1a: Zapdos
|-heal|p1a: Zapdos|331\/383
|move|p2a: Sylveon|Wish|p2a: Sylveon
|
|-heal|p1a: Zapdos|354\/383|[from] item: Leftovers
|turn|27
|
|switch|p2a: Heatran|Heatran, F|275\/323
|-damage|p2a: Heatran|235\/323|[from] Stealth Rock
|move|p1a: Zapdos|Volt Switch|p2a: Heatran
|-damage|p2a: Heatran|144\/323
|
|switch|p1a: Keldeo|Keldeo|123\/323
|
|-heal|p2a: Heatran|323\/323|[from] move: Wish|[wisher] Sylveon
|turn|28
|
|switch|p2a: Rotom-Wash|Rotom-Wash|218\/304
|-damage|p2a: Rotom-Wash|180\/304|[from] Stealth Rock
|move|p1a: Keldeo|Secret Sword|p2a: Rotom-Wash
|-damage|p2a: Rotom-Wash|75\/304
|
|-heal|p2a: Rotom-Wash|94\/304|[from] item: Leftovers
|turn|29
|join|RayDalio
|
|switch|p2a: Sylveon|Sylveon, F|390\/390
|-damage|p2a: Sylveon|342\/390|[from] Stealth Rock
|move|p1a: Keldeo|Secret Sword|p2a: Sylveon
|-resisted|p2a: Sylveon
|-damage|p2a: Sylveon|248\/390
|
|-heal|p2a: Sylveon|272\/390|[from] item: Leftovers
|turn|30
|
|switch|p1a: Jirachi|Jirachi|403\/403
|move|p2a: Sylveon|Hyper Voice|p1a: Jirachi
|-resisted|p1a: Jirachi
|-damage|p1a: Jirachi|328\/403
|
|-heal|p2a: Sylveon|296\/390|[from] item: Leftovers
|turn|31
|
|move|p2a: Sylveon|Protect|p2a: Sylveon
|-singleturn|p2a: Sylveon|Protect
|move|p1a: Jirachi|Body Slam|p2a: Sylveon
|-activate|p2a: Sylveon|Protect
|
|-heal|p2a: Sylveon|320\/390|[from] item: Leftovers
|turn|32
|
|move|p1a: Jirachi|Body Slam|p2a: Sylveon
|-damage|p2a: Sylveon|236\/390
|-status|p2a: Sylveon|par
|move|p2a: Sylveon|Wish|p2a: Sylveon
|
|-heal|p2a: Sylveon|260\/390 par|[from] item: Leftovers
|turn|33
|
|move|p1a: Jirachi|Body Slam|p2a: Sylveon
|-damage|p2a: Sylveon|170\/390 par
|move|p2a: Sylveon|Heal Bell|p2a: Sylveon
|-cureteam|p2a: Sylveon|[from] move: HealBell
|
|-heal|p2a: Sylveon|365\/390|[from] move: Wish|[wisher] Sylveon
|-heal|p2a: Sylveon|389\/390|[from] item: Leftovers
|turn|34
|
|move|p1a: Jirachi|Body Slam|p2a: Sylveon
|-damage|p2a: Sylveon|301\/390
|-status|p2a: Sylveon|par
|cant|p2a: Sylveon|par
|
|-heal|p2a: Sylveon|325\/390 par|[from] item: Leftovers
|turn|35
|
|move|p1a: Jirachi|Body Slam|p2a: Sylveon
|-damage|p2a: Sylveon|233\/390 par
|cant|p2a: Sylveon|par
|
|-heal|p2a: Sylveon|257\/390 par|[from] item: Leftovers
|turn|36
|
|move|p1a: Jirachi|Body Slam|p2a: Sylveon
|-damage|p2a: Sylveon|176\/390 par
|move|p2a: Sylveon|Wish|p2a: Sylveon
|
|-heal|p2a: Sylveon|200\/390 par|[from] item: Leftovers
|turn|37
|
|move|p1a: Jirachi|Body Slam|p2a: Sylveon
|-damage|p2a: Sylveon|106\/390 par
|move|p2a: Sylveon|Hyper Voice|p1a: Jirachi
|-resisted|p1a: Jirachi
|-damage|p1a: Jirachi|250\/403
|
|-heal|p2a: Sylveon|301\/390 par|[from] move: Wish|[wisher] Sylveon
|-heal|p2a: Sylveon|325\/390 par|[from] item: Leftovers
|turn|38
|
|move|p1a: Jirachi|Body Slam|p2a: Sylveon
|-damage|p2a: Sylveon|244\/390 par
|move|p2a: Sylveon|Wish|p2a: Sylveon
|
|-heal|p2a: Sylveon|268\/390 par|[from] item: Leftovers
|turn|39
|
|switch|p1a: Zapdos|Zapdos|354\/383
|-ability|p1a: Zapdos|Pressure
|move|p2a: Sylveon|Hyper Voice|p1a: Zapdos
|-damage|p1a: Zapdos|158\/383
|
|-heal|p2a: Sylveon|390\/390 par|[from] move: Wish|[wisher] Sylveon
|-heal|p1a: Zapdos|181\/383|[from] item: Leftovers
|turn|40
|
|switch|p2a: Landorus-Therian|Landorus-Therian, M|287\/328
|-damage|p2a: Landorus-Therian|246\/328|[from] Stealth Rock
|-ability|p2a: Landorus-Therian|Intimidate|[of] p1a: Zapdos
|-unboost|p1a: Zapdos|atk|1
|move|p1a: Zapdos|Roost|p1a: Zapdos
|-heal|p1a: Zapdos|373\/383
|
|-heal|p1a: Zapdos|383\/383|[from] item: Leftovers
|turn|41
|
|move|p2a: Landorus-Therian|Toxic|p1a: Zapdos
|-status|p1a: Zapdos|tox
|move|p1a: Zapdos|Heat Wave|p2a: Landorus-Therian
|-damage|p2a: Landorus-Therian|146\/328
|
|-damage|p1a: Zapdos|360\/383 tox|[from] psn
|turn|42
|
|switch|p2a: Sylveon|Sylveon, F|390\/390 par
|-damage|p2a: Sylveon|342\/390 par|[from] Stealth Rock
|move|p1a: Zapdos|Heat Wave|p2a: Sylveon
|-miss|p1a: Zapdos|p2a: Sylveon
|
|-heal|p1a: Zapdos|383\/383 tox|[from] item: Leftovers
|-heal|p2a: Sylveon|366\/390 par|[from] item: Leftovers
|-damage|p1a: Zapdos|337\/383 tox|[from] psn
|turn|43
|
|move|p1a: Zapdos|Volt Switch|p2a: Sylveon
|-damage|p2a: Sylveon|294\/390 par
|c| TTM Vic TA|schwing
|
|switch|p1a: Serperior|Serperior, M|141\/291
|move|p2a: Sylveon|Heal Bell|p2a: Sylveon
|-cureteam|p2a: Sylveon|[from] move: HealBell
|
|-heal|p1a: Serperior|159\/291|[from] item: Leftovers
|-heal|p2a: Sylveon|318\/390|[from] item: Leftovers
|turn|44
|-message|Alvadora forfeited.
|
|win|F U BP
|raw|Ladder updating...
|raw|Alvadora's rating: 1736 &rarr; <strong>1708<\/strong><br \/>(-28 for losing)
|raw|F U BP's rating: 1590 &rarr; <strong>1618<\/strong><br \/>(+28 for winning)
|leave|Alvadora
|player|p1