|join|Henryyy
|join|F U BP
|player|p1|Henryyy|285
|player|p2|F U BP|290
|gametype|singles
|gen|6
|tier|OU
|rated
|clearpoke
|poke|p1|Diancie
|poke|p1|Rotom-Wash
|poke|p1|Latios, M
|poke|p1|Heatran, F
|poke|p1|Diggersby, M
|poke|p1|Azumarill, F
|poke|p2|Heatran, F
|poke|p2|Scizor, F
|poke|p2|Sylveon, F
|poke|p2|Latios, M
|poke|p2|Rotom-Wash
|poke|p2|Landorus-Therian, M
|rule|Swagger Clause: Swagger is banned
|rule|Baton Pass Clause: Limit one PokÃ©mon knowing Baton Pass
|rule|Sleep Clause Mod: Limit one foe put to sleep
|rule|Species Clause: Limit one of each PokÃ©mon
|rule|OHKO Clause: OHKO moves are banned
|rule|Moody Clause: Moody is banned
|rule|Evasion Moves Clause: Evasion moves are banned
|rule|Endless Battle Clause: Forcing endless battles is banned
|rule|HP Percentage Mod: HP is shown in percentages
|teampreview
|c|âF U BP|wait are you the henry in spl?
|
|start
|switch|p1a: Diggersby|Diggersby, M|311\/311
|switch|p2a: Landorus-Therian|Landorus-Therian, M|328\/328
|-ability|p2a: Landorus-Therian|Intimidate|[of] p1a: Diggersby
|-unboost|p1a: Diggersby|atk|1
|turn|1
|
|move|p2a: Landorus-Therian|U-turn|p1a: Diggersby
|-damage|p1a: Diggersby|197\/311
|
|switch|p2a: Scizor|Scizor, F|343\/343
|move|p1a: Diggersby|U-turn|p2a: Scizor
|-resisted|p2a: Scizor
|-damage|p2a: Scizor|317\/343
|
|switch|p1a: Heatran|Heatran, F|385\/385
|
|turn|2
|
|switch|p2a: Rotom-Wash|Rotom-Wash|304\/304
|move|p1a: Heatran|Stealth Rock|p2a: Rotom-Wash
|-sidestart|p2: F U BP|move: Stealth Rock
|
|turn|3
|
|switch|p1a: Latios|Latios, M|301\/301
|move|p2a: Rotom-Wash|Volt Switch|p1a: Latios
|-resisted|p1a: Latios
|-damage|p1a: Latios|262\/301
|
|switch|p2a: Landorus-Therian|Landorus-Therian, M|328\/328
|-damage|p2a: Landorus-Therian|287\/328|[from] Stealth Rock
|-ability|p2a: Landorus-Therian|Intimidate|[of] p1a: Latios
|-unboost|p1a: Latios|atk|1
|
|turn|4
|
|switch|p1a: Heatran|Heatran, F|385\/385
|move|p2a: Landorus-Therian|U-turn|p1a: Heatran
|-resisted|p1a: Heatran
|-damage|p1a: Heatran|363\/385
|
|switch|p2a: Heatran|Heatran, F|323\/323
|-damage|p2a: Heatran|283\/323|[from] Stealth Rock
|
|-heal|p2a: Heatran|303\/323|[from] item: Leftovers
|-heal|p1a: Heatran|385\/385|[from] item: Leftovers
|turn|5
|
|switch|p1a: Rotom-Wash|Rotom-Wash|303\/303
|move|p2a: Heatran|Stealth Rock|p1a: Rotom-Wash
|-sidestart|p1: Henryyy|move: Stealth Rock
|
|-heal|p2a: Heatran|323\/323|[from] item: Leftovers
|turn|6
|
|switch|p2a: Sylveon|Sylveon, F|390\/390
|-damage|p2a: Sylveon|342\/390|[from] Stealth Rock
|move|p1a: Rotom-Wash|Volt Switch|p2a: Sylveon
|-damage|p2a: Sylveon|282\/390
|
|switch|p1a: Diggersby|Diggersby, M|197\/311
|-damage|p1a: Diggersby|178\/311|[from] Stealth Rock
|
|-heal|p2a: Sylveon|306\/390|[from] item: Leftovers
|turn|7
|
|move|p2a: Sylveon|Protect|p2a: Sylveon
|-singleturn|p2a: Sylveon|Protect
|move|p1a: Diggersby|Frustration|p2a: Sylveon
|-activate|p2a: Sylveon|Protect
|
|-heal|p2a: Sylveon|330\/390|[from] item: Leftovers
|turn|8
|
|switch|p2a: Scizor|Scizor, F|317\/343
|-damage|p2a: Scizor|275\/343|[from] Stealth Rock
|move|p1a: Diggersby|Frustration|p2a: Scizor
|-resisted|p2a: Scizor
|-damage|p2a: Scizor|194\/343
|
|turn|9
|
|switch|p1a: Heatran|Heatran, F|385\/385
|-damage|p1a: Heatran|337\/385|[from] Stealth Rock
|detailschange|p2a: Scizor|Scizor-Mega, F
|-mega|p2a: Scizor|Scizor|Scizorite
|move|p2a: Scizor|Roost|p2a: Scizor
|-heal|p2a: Scizor|343\/343
|
|-heal|p1a: Heatran|361\/385|[from] item: Leftovers
|turn|10
|
|switch|p2a: Rotom-Wash|Rotom-Wash|304\/304
|-damage|p2a: Rotom-Wash|266\/304|[from] Stealth Rock
|move|p1a: Heatran|Taunt|p2a: Rotom-Wash
|-start|p2a: Rotom-Wash|move: Taunt
|
|-heal|p2a: Rotom-Wash|285\/304|[from] item: Leftovers
|-heal|p1a: Heatran|385\/385|[from] item: Leftovers
|turn|11
|
|move|p2a: Rotom-Wash|Volt Switch|p1a: Heatran
|-damage|p1a: Heatran|325\/385
|
|switch|p2a: Heatran|Heatran, F|323\/323
|-damage|p2a: Heatran|283\/323|[from] Stealth Rock
|move|p1a: Heatran|Toxic|p2a: Heatran|[miss]
|-miss|p1a: Heatran|p2a: Heatran
|
|-heal|p2a: Heatran|303\/323|[from] item: Leftovers
|-heal|p1a: Heatran|349\/385|[from] item: Leftovers
|turn|12
|
|switch|p2a: Rotom-Wash|Rotom-Wash|285\/304
|-damage|p2a: Rotom-Wash|247\/304|[from] Stealth Rock
|switch|p1a: Rotom-Wash|Rotom-Wash|303\/303
|-damage|p1a: Rotom-Wash|266\/303|[from] Stealth Rock
|
|-heal|p2a: Rotom-Wash|266\/304|[from] item: Leftovers
|-heal|p1a: Rotom-Wash|284\/303|[from] item: Leftovers
|turn|13
|
|move|p2a: Rotom-Wash|Will-O-Wisp|p1a: Rotom-Wash
|-status|p1a: Rotom-Wash|brn
|move|p1a: Rotom-Wash|Volt Switch|p2a: Rotom-Wash
|-damage|p2a: Rotom-Wash|190\/304
|
|switch|p1a: Latios|Latios, M|262\/301
|-damage|p1a: Latios|225\/301|[from] Stealth Rock
|
|-heal|p2a: Rotom-Wash|209\/304|[from] item: Leftovers
|turn|14
|
|switch|p2a: Heatran|Heatran, F|303\/323
|-damage|p2a: Heatran|263\/323|[from] Stealth Rock
|move|p1a: Latios|Psyshock|p2a: Heatran
|-resisted|p2a: Heatran
|-damage|p2a: Heatran|181\/323
|-damage|p1a: Latios|195\/301|[from] item: Life Orb
|
|-heal|p2a: Heatran|201\/323|[from] item: Leftovers
|turn|15
|
|move|p1a: Latios|Psyshock|p2a: Heatran
|-resisted|p2a: Heatran
|-damage|p2a: Heatran|115\/323
|-damage|p1a: Latios|165\/301|[from] item: Life Orb
|move|p2a: Heatran|Flash Cannon|p1a: Latios
|-damage|p1a: Latios|41\/301
|
|-heal|p2a: Heatran|135\/323|[from] item: Leftovers
|turn|16
|
|switch|p2a: Scizor|Scizor-Mega, F|343\/343
|-damage|p2a: Scizor|301\/343|[from] Stealth Rock
|move|p1a: Latios|Roost|p1a: Latios
|-heal|p1a: Latios|192\/301
|
|turn|17
|
|switch|p1a: Rotom-Wash|Rotom-Wash|284\/303 brn
|-damage|p1a: Rotom-Wash|247\/303 brn|[from] Stealth Rock
|move|p2a: Scizor|Bug Bite|p1a: Rotom-Wash
|-damage|p1a: Rotom-Wash|141\/303 brn
|
|-heal|p1a: Rotom-Wash|159\/303 brn|[from] item: Leftovers
|-damage|p1a: Rotom-Wash|122\/303 brn|[from] brn
|turn|18
|
|switch|p2a: Rotom-Wash|Rotom-Wash|209\/304
|-damage|p2a: Rotom-Wash|171\/304|[from] Stealth Rock
|move|p1a: Rotom-Wash|Will-O-Wisp|p2a: Rotom-Wash
|-status|p2a: Rotom-Wash|brn
|
|-heal|p2a: Rotom-Wash|190\/304 brn|[from] item: Leftovers
|-heal|p1a: Rotom-Wash|140\/303 brn|[from] item: Leftovers
|-damage|p2a: Rotom-Wash|152\/304 brn|[from] brn
|-damage|p1a: Rotom-Wash|103\/303 brn|[from] brn
|turn|19
|
|move|p2a: Rotom-Wash|Volt Switch|p1a: Rotom-Wash
|-damage|p1a: Rotom-Wash|22\/303 brn
|
|switch|p2a: Heatran|Heatran, F|135\/323
|-damage|p2a: Heatran|95\/323|[from] Stealth Rock
|move|p1a: Rotom-Wash|Pain Split|p2a: Heatran
|-sethp|p2a: Heatran|58\/323|p1a: Rotom-Wash|58\/303 brn|[from] move: Pain Split
|
|-heal|p2a: Heatran|78\/323|[from] item: Leftovers
|-heal|p1a: Rotom-Wash|76\/303 brn|[from] item: Leftovers
|-damage|p1a: Rotom-Wash|39\/303 brn|[from] brn
|turn|20
|
|move|p2a: Heatran|Fire Blast|p1a: Rotom-Wash
|-resisted|p1a: Rotom-Wash
|-damage|p1a: Rotom-Wash|0 fnt
|faint|p1a: Rotom-Wash
|
|-heal|p2a: Heatran|98\/323|[from] item: Leftovers
|
|switch|p1a: Diggersby|Diggersby, M|178\/311
|-damage|p1a: Diggersby|159\/311|[from] Stealth Rock
|turn|21
|
|move|p1a: Diggersby|Knock Off|p2a: Heatran
|-damage|p2a: Heatran|0 fnt
|-enditem|p2a: Heatran|Leftovers|[from] move: Knock Off|[of] p1a: Diggersby
|faint|p2a: Heatran
|
|-message|F U BP lost due to inactivity.
|
|switch|p2a: Landorus-Therian|Landorus-Therian, M|287\/328
|-damage|p2a: Landorus-Therian|246\/328|[from] Stealth Rock
|-ability|p2a: Landorus-Therian|Intimidate|[of] p1a: Diggersby
|-unboost|p1a: Diggersby|atk|1
|turn|22
|c|âF U BP|lag op -.-
|c|âHenryyy|gg
|
|win|Henryyy
|raw|Ladder updating...
|raw|Henryyy's rating: 1329 &rarr; <strong>1351<\/strong><br \/>(+22 for winning)
|raw|F U BP's rating: 1358 &rarr; <strong>1336<\/strong><br \/>(-22 for losing)
|c|âF U BP|gg