|join|F U BP
|join|RyDon1
|player|p1|F U BP|290
|player|p2|RyDon1|209
|gametype|singles
|gen|6
|tier|OU (suspect test)
|rated
|clearpoke
|poke|p1|Heatran, M
|poke|p1|Scizor, M
|poke|p1|Sylveon, F
|poke|p1|Latios, M
|poke|p1|Rotom-Wash
|poke|p1|Landorus-Therian, M
|poke|p2|Bisharp, F
|poke|p2|Gallade, M
|poke|p2|Clefable, F
|poke|p2|Landorus-Therian, M
|poke|p2|Keldeo-Resolute
|poke|p2|Latias, F
|rule|Swagger Clause: Swagger is banned
|rule|Baton Pass Clause: Limit one PokÃ©mon knowing Baton Pass
|rule|Sleep Clause Mod: Limit one foe put to sleep
|rule|Species Clause: Limit one of each PokÃ©mon
|rule|OHKO Clause: OHKO moves are banned
|rule|Moody Clause: Moody is banned
|rule|Evasion Moves Clause: Evasion moves are banned
|rule|Endless Battle Clause: Forcing endless battles is banned
|rule|HP Percentage Mod: HP is shown in percentages
|teampreview
|
|start
|switch|p1a: Landorus-Therian|Landorus-Therian, M|328\/328
|switch|p2a: Keldeo-Resolute|Keldeo-Resolute|323\/323
|-ability|p1a: Landorus-Therian|Intimidate|[of] p2a: Keldeo-Resolute
|-unboost|p2a: Keldeo-Resolute|atk|1
|turn|1
|
|switch|p1a: Rotom-Wash|Rotom-Wash|304\/304
|move|p2a: Keldeo-Resolute|Icy Wind|p1a: Rotom-Wash
|-resisted|p1a: Rotom-Wash
|-damage|p1a: Rotom-Wash|272\/304
|-unboost|p1a: Rotom-Wash|spe|1
|
|-heal|p1a: Rotom-Wash|291\/304|[from] item: Leftovers
|turn|2
|
|switch|p2a: Clefable|Clefable, F|394\/394
|move|p1a: Rotom-Wash|Volt Switch|p2a: Clefable
|-damage|p2a: Clefable|324\/394
|
|switch|p1a: Heatran|Heatran, M|323\/323
|
|-heal|p2a: Clefable|348\/394|[from] item: Leftovers
|turn|3
|
|move|p1a: Heatran|Stealth Rock|p2a: Clefable
|-sidestart|p2: RyDon1|move: Stealth Rock
|move|p2a: Clefable|Thunder Wave|p1a: Heatran
|-status|p1a: Heatran|par
|
|-heal|p2a: Clefable|372\/394|[from] item: Leftovers
|turn|4
|
|switch|p2a: Keldeo-Resolute|Keldeo-Resolute|323\/323
|-damage|p2a: Keldeo-Resolute|303\/323|[from] Stealth Rock
|move|p1a: Heatran|Fire Blast|p2a: Keldeo-Resolute
|-resisted|p2a: Keldeo-Resolute
|-damage|p2a: Keldeo-Resolute|196\/323
|-status|p2a: Keldeo-Resolute|brn
|
|-damage|p2a: Keldeo-Resolute|156\/323 brn|[from] brn
|turn|5
|
|switch|p1a: Sylveon|Sylveon, F|390\/390
|move|p2a: Keldeo-Resolute|Hydro Pump|p1a: Sylveon
|-damage|p1a: Sylveon|252\/390
|
|-heal|p1a: Sylveon|276\/390|[from] item: Leftovers
|-damage|p2a: Keldeo-Resolute|116\/323 brn|[from] brn
|turn|6
|
|switch|p2a: Clefable|Clefable, F|372\/394
|move|p1a: Sylveon|Hyper Voice|p2a: Clefable
|-damage|p2a: Clefable|233\/394
|
|-heal|p2a: Clefable|257\/394|[from] item: Leftovers
|-heal|p1a: Sylveon|300\/390|[from] item: Leftovers
|turn|7
|
|switch|p1a: Heatran|Heatran, M|323\/323 par
|move|p2a: Clefable|Fire Blast|p1a: Heatran
|-start|p1a: Heatran|ability: Flash Fire
|
|-heal|p2a: Clefable|281\/394|[from] item: Leftovers
|turn|8
|
|switch|p2a: Landorus-Therian|Landorus-Therian, M|381\/381
|-damage|p2a: Landorus-Therian|334\/381|[from] Stealth Rock
|-ability|p2a: Landorus-Therian|Intimidate|[of] p1a: Heatran
|-unboost|p1a: Heatran|atk|1
|switch|p1a: Scizor|Scizor, M|343\/343
|
|-heal|p2a: Landorus-Therian|357\/381|[from] item: Leftovers
|turn|9
|join|Lord Kuvira
|
|detailschange|p1a: Scizor|Scizor-Mega, M
|-mega|p1a: Scizor|Scizor|Scizorite
|move|p2a: Landorus-Therian|Stone Edge|p1a: Scizor
|-damage|p1a: Scizor|279\/343
|move|p1a: Scizor|Swords Dance|p1a: Scizor
|-boost|p1a: Scizor|atk|2
|
|-heal|p2a: Landorus-Therian|380\/381|[from] item: Leftovers
|turn|10
|leave|Lord Kuvira
|
|move|p2a: Landorus-Therian|Earthquake|p1a: Scizor
|-damage|p1a: Scizor|186\/343
|move|p1a: Scizor|Swords Dance|p1a: Scizor
|-boost|p1a: Scizor|atk|2
|
|-heal|p2a: Landorus-Therian|381\/381|[from] item: Leftovers
|turn|11
|
|move|p2a: Landorus-Therian|Earthquake|p1a: Scizor
|-damage|p1a: Scizor|89\/343
|move|p1a: Scizor|Roost|p1a: Scizor
|-heal|p1a: Scizor|261\/343
|
|turn|12
|
|switch|p2a: Gallade|Gallade, M|277\/277
|-damage|p2a: Gallade|260\/277|[from] Stealth Rock
|move|p1a: Scizor|Roost|p1a: Scizor
|-heal|p1a: Scizor|343\/343
|
|turn|13
|
|detailschange|p2a: Gallade|Gallade-Mega, M
|-mega|p2a: Gallade|Gallade|Galladite
|move|p1a: Scizor|Bullet Punch|p2a: Gallade
|-damage|p2a: Gallade|0 fnt
|faint|p2a: Gallade
|
|-message|RyDon1 forfeited.
|leave|RyDon1
|
|win|F U BP
|raw|Ladder updating...
|player|p2
|raw|F U BP's rating: 1381 &rarr; <strong>1395<\/strong><br \/>(+14 for winning)
|raw|RyDon1's rating: 1261 &rarr; <strong>1244<\/strong><br \/>(-17 for losing)