|join|Tazildayah
|join|F U BP
|player|p1|Tazildayah|76
|player|p2|F U BP|290
|gametype|singles
|gen|6
|tier|OU (suspect test)
|rated
|clearpoke
|poke|p1|Shaymin
|poke|p1|Mawile, M
|poke|p1|Talonflame, F
|poke|p1|Mandibuzz, F
|poke|p1|Heatran, F
|poke|p1|Keldeo
|poke|p2|Rotom-Wash
|poke|p2|Sylveon, F
|poke|p2|Heatran, M
|poke|p2|Landorus-Therian, M
|poke|p2|Pinsir, M
|poke|p2|Tyranitar, F
|rule|Swagger Clause: Swagger is banned
|rule|Baton Pass Clause: Limit one PokÃ©mon knowing Baton Pass
|rule|Sleep Clause Mod: Limit one foe put to sleep
|rule|Species Clause: Limit one of each PokÃ©mon
|rule|OHKO Clause: OHKO moves are banned
|rule|Moody Clause: Moody is banned
|rule|Evasion Moves Clause: Evasion moves are banned
|rule|Endless Battle Clause: Forcing endless battles is banned
|rule|HP Percentage Mod: HP is reported as percentages
|teampreview
|
|start
|switch|p1a: Keldeo|Keldeo|323\/323
|switch|p2a: Heatran|Heatran, M|323\/323
|turn|1
|
|switch|p2a: Sylveon|Sylveon, F|390\/390
|move|p1a: Keldeo|Secret Sword|p2a: Sylveon
|-resisted|p2a: Sylveon
|-damage|p2a: Sylveon|245\/390
|
|-heal|p2a: Sylveon|269\/390|[from] item: Leftovers
|turn|2
|
|switch|p1a: Heatran|Heatran, F|386\/386
|switch|p2a: Pinsir|Pinsir, M|271\/271
|
|turn|3
|
|switch|p2a: Tyranitar|Tyranitar, F|404\/404
|-weather|Sandstorm
|move|p1a: Heatran|Stealth Rock|p2a: Tyranitar
|-sidestart|p2: F U BP|move: Stealth Rock
|
|-weather|Sandstorm|[upkeep]
|turn|4
|
|move|p1a: Heatran|Toxic|p2a: Tyranitar
|-status|p2a: Tyranitar|tox
|move|p2a: Tyranitar|Substitute|p2a: Tyranitar
|-start|p2a: Tyranitar|Substitute
|-damage|p2a: Tyranitar|303\/404 tox
|
|-weather|Sandstorm|[upkeep]
|-heal|p2a: Tyranitar|328\/404 tox|[from] item: Leftovers
|-damage|p2a: Tyranitar|303\/404 tox|[from] psn
|turn|5
|chat|Tazildayah|sub t-tar? not bad
|
|move|p2a: Tyranitar|Crunch|p1a: Heatran
|-damage|p1a: Heatran|245\/386
|move|p1a: Heatran|Roar|p2a: Tyranitar
|drag|p2a: Rotom-Wash|Rotom-Wash|304\/304
|-damage|p2a: Rotom-Wash|266\/304|[from] Stealth Rock
|
|-weather|Sandstorm|[upkeep]
|-damage|p2a: Rotom-Wash|247\/304|[from] sandstorm
|-heal|p2a: Rotom-Wash|266\/304|[from] item: Leftovers
|-heal|p1a: Heatran|269\/386|[from] item: Leftovers
|turn|6
|chat|F U BP|yeah it works when it doesn't get toxic'd lol
|
|switch|p1a: Herb|Shaymin|342\/342
|move|p2a: Rotom-Wash|Volt Switch|p1a: Herb
|-resisted|p1a: Herb
|-damage|p1a: Herb|297\/342
|
|switch|p2a: Heatran|Heatran, M|323\/323
|-damage|p2a: Heatran|283\/323|[from] Stealth Rock
|
|-weather|Sandstorm|[upkeep]
|-damage|p1a: Herb|276\/342|[from] sandstorm
|turn|7
|
|move|p2a: Heatran|Earth Power|p1a: Herb
|-resisted|p1a: Herb
|-damage|p1a: Herb|220\/342
|move|p1a: Herb|Earth Power|p2a: Heatran
|-supereffective|p2a: Heatran
|-damage|p2a: Heatran|0 fnt
|-damage|p1a: Herb|186\/342|[from] item: Life Orb
|faint|p2a: Heatran
|
|-weather|none
|chat|F U BP|not my day.
|
|switch|p2a: Sylveon|Sylveon, F|269\/390
|-damage|p2a: Sylveon|221\/390|[from] Stealth Rock
|turn|8
|chat|Tazildayah|mine either, I've been making bad plays in my last few games.
|
|switch|p1a: Mawile|Mawile, M|274\/274
|-ability|p1a: Mawile|Intimidate|[of] p2a: Sylveon
|-unboost|p2a: Sylveon|atk|1
|move|p2a: Sylveon|Hyper Voice|p1a: Mawile
|-resisted|p1a: Mawile
|-damage|p1a: Mawile|127\/274
|
|-heal|p2a: Sylveon|245\/390|[from] item: Leftovers
|turn|9
|chat|F U BP|I've lost 3 straight after being undefeated in suspect lol 
|chat|F U BP|tilting so hard
|chat|Tazildayah|ouch
|
|switch|p2a: Landorus-Therian|Landorus-Therian, M|381\/381
|-damage|p2a: Landorus-Therian|334\/381|[from] Stealth Rock
|-ability|p2a: Landorus-Therian|Intimidate|[of] p1a: Mawile
|-unboost|p1a: Mawile|atk|1
|detailschange|p1a: Mawile|Mawile-Mega, M
|message|Mawile has Mega Evolved into Mega Mawile!
|move|p1a: Mawile|Iron Head|p2a: Landorus-Therian
|-damage|p2a: Landorus-Therian|180\/381
|
|-heal|p2a: Landorus-Therian|203\/381|[from] item: Leftovers
|turn|10
|chat|Tazildayah|my win\/loss record here is about 50\/50
|chat|F U BP|is your coil getting close to where it needs to be?
|
|move|p1a: Mawile|Sucker Punch|p2a: Landorus-Therian
|-fail|p2a: Landorus-Therian
|move|p2a: Landorus-Therian|Stealth Rock|p1a: Mawile
|-sidestart|p1: Tazildayah|move: Stealth Rock
|
|-heal|p2a: Landorus-Therian|226\/381|[from] item: Leftovers
|turn|11
|
|move|p1a: Mawile|Sucker Punch|p2a: Landorus-Therian
|-damage|p2a: Landorus-Therian|123\/381
|move|p2a: Landorus-Therian|Earthquake|p1a: Mawile
|-supereffective|p1a: Mawile
|-damage|p1a: Mawile|0 fnt
|faint|p1a: Mawile
|
|-heal|p2a: Landorus-Therian|146\/381|[from] item: Leftovers
|
|switch|p1a: Keldeo|Keldeo|323\/323
|-damage|p1a: Keldeo|303\/323|[from] Stealth Rock
|turn|12
|
|move|p1a: Keldeo|Surf|p2a: Landorus-Therian
|-supereffective|p2a: Landorus-Therian
|-damage|p2a: Landorus-Therian|0 fnt
|faint|p2a: Landorus-Therian
|
|
|switch|p2a: Rotom-Wash|Rotom-Wash|266\/304
|-damage|p2a: Rotom-Wash|228\/304|[from] Stealth Rock
|turn|13
|
|switch|p1a: Mandibuzz|Mandibuzz, F|424\/424
|-damage|p1a: Mandibuzz|318\/424|[from] Stealth Rock
|move|p2a: Rotom-Wash|Volt Switch|p1a: Mandibuzz
|-supereffective|p1a: Mandibuzz
|-damage|p1a: Mandibuzz|138\/424
|
|switch|p2a: Sylveon|Sylveon, F|245\/390
|-damage|p2a: Sylveon|197\/390|[from] Stealth Rock
|
|-heal|p1a: Mandibuzz|164\/424|[from] item: Leftovers
|-heal|p2a: Sylveon|221\/390|[from] item: Leftovers
|turn|14
|
|move|p1a: Mandibuzz|Roost|p1a: Mandibuzz
|-heal|p1a: Mandibuzz|376\/424
|move|p2a: Sylveon|Wish|p2a: Sylveon
|
|-heal|p1a: Mandibuzz|402\/424|[from] item: Leftovers
|-heal|p2a: Sylveon|245\/390|[from] item: Leftovers
|turn|15
|
|move|p1a: Mandibuzz|Defog|p2a: Sylveon
|-unboost|p2a: Sylveon|evasion|1
|-sideend|p2: F U BP|Stealth Rock|[from] move: Defog|[of] p2a: Sylveon
|-sideend|p1: Tazildayah|Stealth Rock|[from] move: Defog|[of] p1a: Mandibuzz
|move|p2a: Sylveon|Heal Bell|p2a: Sylveon
|-cureteam|p2a: Sylveon|[from] move: HealBell
|
|-heal|p2a: Sylveon|390\/390|[from] move: Wish|[wisher] Sylveon
|-heal|p1a: Mandibuzz|424\/424|[from] item: Leftovers
|turn|16
|
|switch|p2a: Pinsir|Pinsir, M|271\/271
|move|p1a: Mandibuzz|Knock Off|p2a: Pinsir
|-damage|p2a: Pinsir|220\/271
|
|turn|17
|
|detailschange|p2a: Pinsir|Pinsir-Mega, M
|message|Pinsir has Mega Evolved into Mega Pinsir!
|move|p2a: Pinsir|Return|p1a: Mandibuzz
|-damage|p1a: Mandibuzz|252\/424
|move|p1a: Mandibuzz|Foul Play|p2a: Pinsir
|-damage|p2a: Pinsir|64\/271
|
|-heal|p1a: Mandibuzz|278\/424|[from] item: Leftovers
|turn|18
|
|switch|p2a: Sylveon|Sylveon, F|390\/390
|move|p1a: Mandibuzz|Foul Play|p2a: Sylveon
|-resisted|p2a: Sylveon
|-damage|p2a: Sylveon|355\/390
|
|-heal|p1a: Mandibuzz|304\/424|[from] item: Leftovers
|-heal|p2a: Sylveon|379\/390|[from] item: Leftovers
|turn|19
|
|switch|p1a: Heatran|Heatran, F|269\/386
|move|p2a: Sylveon|Hyper Voice|p1a: Heatran
|-resisted|p1a: Heatran
|-damage|p1a: Heatran|241\/386
|
|-heal|p1a: Heatran|265\/386|[from] item: Leftovers
|-heal|p2a: Sylveon|390\/390|[from] item: Leftovers
|turn|20
|
|switch|p2a: Pinsir|Pinsir-Mega, M|64\/271
|move|p1a: Heatran|Stealth Rock|p2a: Pinsir
|-sidestart|p2: F U BP|move: Stealth Rock
|
|-heal|p1a: Heatran|289\/386|[from] item: Leftovers
|turn|21
|
|move|p2a: Pinsir|Return|p1a: Heatran
|-resisted|p1a: Heatran
|-damage|p1a: Heatran|154\/386
|move|p1a: Heatran|Roar|p2a: Pinsir
|drag|p2a: Sylveon|Sylveon, F|390\/390
|-damage|p2a: Sylveon|342\/390|[from] Stealth Rock
|
|-heal|p1a: Heatran|178\/386|[from] item: Leftovers
|-heal|p2a: Sylveon|366\/390|[from] item: Leftovers
|turn|22
|
|move|p1a: Heatran|Toxic|p2a: Sylveon
|-status|p2a: Sylveon|tox
|move|p2a: Sylveon|Wish|p2a: Sylveon
|
|-heal|p1a: Heatran|202\/386|[from] item: Leftovers
|-heal|p2a: Sylveon|390\/390 tox|[from] item: Leftovers
|-damage|p2a: Sylveon|366\/390 tox|[from] psn
|turn|23
|
|switch|p1a: Yalunger|Talonflame, F|297\/297
|move|p2a: Sylveon|Hyper Voice|p1a: Yalunger
|-resisted|p1a: Yalunger
|-damage|p1a: Yalunger|177\/297
|
|-heal|p2a: Sylveon|390\/390 tox|[from] move: Wish|[wisher] Sylveon
|-damage|p2a: Sylveon|342\/390 tox|[from] psn
|turn|24
|
|switch|p2a: Rotom-Wash|Rotom-Wash|228\/304
|-damage|p2a: Rotom-Wash|190\/304|[from] Stealth Rock
|move|p1a: Yalunger|Brave Bird|p2a: Rotom-Wash
|-resisted|p2a: Rotom-Wash
|-damage|p2a: Rotom-Wash|106\/304
|-damage|p1a: Yalunger|149\/297|[from] recoil|[of] p2a: Rotom-Wash
|
|-heal|p2a: Rotom-Wash|125\/304|[from] item: Leftovers
|turn|25
|
|switch|p1a: Herb|Shaymin|186\/342
|move|p2a: Rotom-Wash|Volt Switch|p1a: Herb
|-resisted|p1a: Herb
|-damage|p1a: Herb|141\/342
|
|switch|p2a: Sylveon|Sylveon, F|342\/390 tox
|-damage|p2a: Sylveon|294\/390 tox|[from] Stealth Rock
|
|-heal|p2a: Sylveon|318\/390 tox|[from] item: Leftovers
|-damage|p2a: Sylveon|294\/390 tox|[from] psn
|turn|26
|
|switch|p1a: Keldeo|Keldeo|303\/323
|move|p2a: Sylveon|Hyper Voice|p1a: Keldeo
|-supereffective|p1a: Keldeo
|-damage|p1a: Keldeo|0 fnt
|faint|p1a: Keldeo
|
|-heal|p2a: Sylveon|318\/390 tox|[from] item: Leftovers
|-damage|p2a: Sylveon|270\/390 tox|[from] psn
|chat|Tazildayah|oops
|
|switch|p1a: Yalunger|Talonflame, F|149\/297
|turn|27
|chat|F U BP|thunk
|
|switch|p2a: Pinsir|Pinsir-Mega, M|64\/271
|-damage|p2a: Pinsir|0 fnt|[from] Stealth Rock
|faint|p2a: Pinsir
|move|p1a: Yalunger|U-turn|p2: Pinsir|[notarget]
|-notarget
|
|
|switch|p2a: Tyranitar|Tyranitar, F|303\/404
|-damage|p2a: Tyranitar|253\/404|[from] Stealth Rock
|-weather|Sandstorm
|turn|28
|
|move|p1a: Yalunger|U-turn|p2a: Tyranitar
|-supereffective|p2a: Tyranitar
|-damage|p2a: Tyranitar|73\/404
|
|switch|p1a: Mandibuzz|Mandibuzz, F|304\/424
|move|p2a: Tyranitar|Stone Edge|p1a: Mandibuzz|[miss]
|-miss|p2a: Tyranitar|p1a: Mandibuzz
|
|-weather|Sandstorm|[upkeep]
|-heal|p1a: Mandibuzz|330\/424|[from] item: Leftovers
|-heal|p2a: Tyranitar|98\/404|[from] item: Leftovers
|turn|29
|
|move|p1a: Mandibuzz|Knock Off|p2a: Tyranitar
|-resisted|p2a: Tyranitar
|-damage|p2a: Tyranitar|61\/404
|-enditem|p2a: Tyranitar|Leftovers|[from] move: Knock Off|[of] p1a: Mandibuzz
|move|p2a: Tyranitar|Stone Edge|p1a: Mandibuzz|[miss]
|-miss|p2a: Tyranitar|p1a: Mandibuzz
|
|-weather|Sandstorm|[upkeep]
|-heal|p1a: Mandibuzz|356\/424|[from] item: Leftovers
|turn|30
|chat|Tazildayah|...
|chat|F U BP|just cant buy a break these past 4 games sadly
|chat|Tazildayah|I switched this in to die
|
|move|p1a: Mandibuzz|Foul Play|p2a: Tyranitar
|-resisted|p2a: Tyranitar
|-damage|p2a: Tyranitar|0 fnt
|faint|p2a: Tyranitar
|
|-weather|Sandstorm|[upkeep]
|-heal|p1a: Mandibuzz|382\/424|[from] item: Leftovers
|chat|F U BP|lol and the ko
|
|switch|p2a: Rotom-Wash|Rotom-Wash|125\/304
|-damage|p2a: Rotom-Wash|87\/304|[from] Stealth Rock
|turn|31
|chat|Tazildayah|that's not what was meant to happen
|
|move|p2a: Rotom-Wash|Pain Split|p1a: Mandibuzz
|-sethp|p1a: Mandibuzz|234\/424|p2a: Rotom-Wash|234\/304|[from] move: Pain Split
|move|p1a: Mandibuzz|Knock Off|p2a: Rotom-Wash
|-damage|p2a: Rotom-Wash|173\/304
|-enditem|p2a: Rotom-Wash|Leftovers|[from] move: Knock Off|[of] p1a: Mandibuzz
|
|-weather|Sandstorm|[upkeep]
|-damage|p2a: Rotom-Wash|154\/304|[from] sandstorm
|-heal|p1a: Mandibuzz|260\/424|[from] item: Leftovers
|turn|32
|
|move|p2a: Rotom-Wash|Volt Switch|p1a: Mandibuzz
|-supereffective|p1a: Mandibuzz
|-damage|p1a: Mandibuzz|68\/424
|
|switch|p2a: Sylveon|Sylveon, F|270\/390 tox
|-damage|p2a: Sylveon|222\/390 tox|[from] Stealth Rock
|move|p1a: Mandibuzz|Foul Play|p2a: Sylveon
|-resisted|p2a: Sylveon
|-damage|p2a: Sylveon|184\/390 tox
|
|-weather|none
|-heal|p1a: Mandibuzz|94\/424|[from] item: Leftovers
|-heal|p2a: Sylveon|208\/390 tox|[from] item: Leftovers
|-damage|p2a: Sylveon|184\/390 tox|[from] psn
|turn|33
|
|move|p1a: Mandibuzz|Knock Off|p2a: Sylveon
|-resisted|p2a: Sylveon
|-damage|p2a: Sylveon|131\/390 tox
|-enditem|p2a: Sylveon|Leftovers|[from] move: Knock Off|[of] p1a: Mandibuzz
|move|p2a: Sylveon|Heal Bell|p2a: Sylveon
|-cureteam|p2a: Sylveon|[from] move: HealBell
|
|-heal|p1a: Mandibuzz|120\/424|[from] item: Leftovers
|turn|34
|
|move|p1a: Mandibuzz|Foul Play|p2a: Sylveon
|-resisted|p2a: Sylveon
|-damage|p2a: Sylveon|96\/390
|move|p2a: Sylveon|Wish|p2a: Sylveon
|
|-heal|p1a: Mandibuzz|146\/424|[from] item: Leftovers
|turn|35
|
|move|p1a: Mandibuzz|Foul Play|p2a: Sylveon
|-resisted|p2a: Sylveon
|-damage|p2a: Sylveon|60\/390
|move|p2a: Sylveon|Hyper Voice|p1a: Mandibuzz
|-supereffective|p1a: Mandibuzz
|-damage|p1a: Mandibuzz|0 fnt
|faint|p1a: Mandibuzz
|
|-heal|p2a: Sylveon|255\/390|[from] move: Wish|[wisher] Sylveon
|
|switch|p1a: Yalunger|Talonflame, F|149\/297
|turn|36
|
|switch|p2a: Rotom-Wash|Rotom-Wash|154\/304
|-damage|p2a: Rotom-Wash|116\/304|[from] Stealth Rock
|move|p1a: Yalunger|U-turn|p2a: Rotom-Wash
|-damage|p2a: Rotom-Wash|50\/304
|
|switch|p1a: Herb|Shaymin|141\/342
|
|turn|37
|
|move|p1a: Herb|Seed Flare|p2a: Rotom-Wash|[miss]
|-miss|p1a: Herb|p2a: Rotom-Wash
|move|p2a: Rotom-Wash|Hydro Pump|p1a: Herb
|-resisted|p1a: Herb
|-damage|p1a: Herb|71\/342
|
|turn|38
|chat|Tazildayah|I'm not going to complain about that
|chat|Tazildayah|I don't think I have the right to
|
|move|p1a: Herb|Seed Flare|p2a: Rotom-Wash
|-supereffective|p2a: Rotom-Wash
|-damage|p2a: Rotom-Wash|0 fnt
|-damage|p1a: Herb|37\/342|[from] item: Life Orb
|faint|p2a: Rotom-Wash
|
|chat|F U BP|lol it doesnt matter anyways, can't ko talon
|
|switch|p2a: Sylveon|Sylveon, F|255\/390
|-damage|p2a: Sylveon|207\/390|[from] Stealth Rock
|turn|39
|
|move|p1a: Herb|Seed Flare|p2a: Sylveon
|-damage|p2a: Sylveon|51\/390
|-damage|p1a: Herb|3\/342|[from] item: Life Orb
|move|p2a: Sylveon|Wish|p2a: Sylveon
|
|turn|40
|
|move|p2a: Sylveon|Protect|p2a: Sylveon
|-singleturn|p2a: Sylveon|Protect
|move|p1a: Herb|Seed Flare|p2a: Sylveon
|-activate|p2a: Sylveon|Protect
|
|-heal|p2a: Sylveon|246\/390|[from] move: Wish|[wisher] Sylveon
|turn|41
|
|move|p1a: Herb|Earth Power|p2a: Sylveon
|-damage|p2a: Sylveon|160\/390
|-damage|p1a: Herb|0 fnt|[from] item: Life Orb
|faint|p1a: Herb
|move|p2a: Sylveon|Wish|p2a: Sylveon
|
|
|switch|p1a: Yalunger|Talonflame, F|149\/297
|turn|42
|
|move|p2a: Sylveon|Protect|p2a: Sylveon
|-singleturn|p2a: Sylveon|Protect
|move|p1a: Yalunger|Brave Bird|p2a: Sylveon
|-activate|p2a: Sylveon|Protect
|
|-heal|p2a: Sylveon|355\/390|[from] move: Wish|[wisher] Sylveon
|turn|43
|chat|F U BP|actually.. hmm
|
|move|p1a: Yalunger|Brave Bird|p2a: Sylveon
|-damage|p2a: Sylveon|0 fnt
|-damage|p1a: Yalunger|32\/297|[from] recoil|[of] p2a: Sylveon
|faint|p2a: Sylveon
|
|win|Tazildayah
|raw|Ladder updating...
|raw|Tazildayah's rating: 1128 &rarr; <strong>1159<\/strong><br \/>(+31 for winning)
|raw|F U BP's rating: 1214 &rarr; <strong>1183<\/strong><br \/>(-31 for losing)
|chat|F U BP|nope
|chat|Tazildayah|gg
|chat|F U BP|bummer gg
|chat|Tazildayah|it was a damage
|chat|Tazildayah|range
|chat|F U BP|yeah figures lol
|chat|F U BP|wait
|chat|F U BP|actually
|chat|F U BP|I have defense evs
|chat|F U BP|ima calc that lol
|chat|F U BP|probably got max xD
|chat|Tazildayah|then I shouldn't have killed
|chat|F U BP|lol
|chat|F U BP|you were max
|chat|Tazildayah|252+ Atk Choice Band Talonflame Brave Bird vs. 252 HP \/ 252 Def Sylveon: 243-286 (61.6 - 72.5%) -- guaranteed 2HKO after Leftovers recovery
|chat|F U BP|91.3% max
|chat|Tazildayah|oh
|chat|F U BP|64 defense evs
|chat|F U BP|lols
|chat|F U BP|oh well
|chat|Tazildayah|anyway
|chat|Tazildayah|later
|chat|F U BP|see ya
|leave|F U BP
|player|p2