|join|F U BP
|join|iLOVEladdering
|player|p1|F U BP|290
|player|p2|iLOVEladdering|145
|gametype|singles
|gen|6
|tier|OU (suspect test)
|rated
|clearpoke
|poke|p1|Heatran, M
|poke|p1|Scizor, M
|poke|p1|Sylveon, M
|poke|p1|Latios, M
|poke|p1|Rotom-Wash
|poke|p1|Landorus-Therian, M
|poke|p2|Tornadus-Therian, M
|poke|p2|Latias, F
|poke|p2|Metagross
|poke|p2|Keldeo
|poke|p2|Heatran, F
|poke|p2|Slowbro, F
|rule|Swagger Clause: Swagger is banned
|rule|Baton Pass Clause: Limit one PokÃ©mon knowing Baton Pass
|rule|Sleep Clause Mod: Limit one foe put to sleep
|rule|Species Clause: Limit one of each PokÃ©mon
|rule|OHKO Clause: OHKO moves are banned
|rule|Moody Clause: Moody is banned
|rule|Evasion Moves Clause: Evasion moves are banned
|rule|Endless Battle Clause: Forcing endless battles is banned
|rule|HP Percentage Mod: HP is shown in percentages
|teampreview
|
|start
|switch|p1a: Landorus-Therian|Landorus-Therian, M|328\/328
|switch|p2a: Tornadus-Therian|Tornadus-Therian, M|331\/331
|-ability|p1a: Landorus-Therian|Intimidate|[of] p2a: Tornadus-Therian
|-unboost|p2a: Tornadus-Therian|atk|1
|turn|1
|
|move|p1a: Landorus-Therian|Toxic|p2a: Tornadus-Therian
|-status|p2a: Tornadus-Therian|tox
|move|p2a: Tornadus-Therian|Knock Off|p1a: Landorus-Therian
|-damage|p1a: Landorus-Therian|280\/328
|-enditem|p1a: Landorus-Therian|Choice Scarf|[from] move: Knock Off|[of] p2a: Tornadus-Therian
|
|-damage|p2a: Tornadus-Therian|311\/331 tox|[from] psn
|turn|2
|
|move|p2a: Tornadus-Therian|U-turn|p1a: Landorus-Therian
|-resisted|p1a: Landorus-Therian
|-damage|p1a: Landorus-Therian|263\/328
|
|switch|p2a: Keldeo|Keldeo|323\/323
|move|p1a: Landorus-Therian|U-turn|p2a: Keldeo
|-resisted|p2a: Keldeo
|-damage|p2a: Keldeo|277\/323
|
|switch|p1a: Rotom-Wash|Rotom-Wash|304\/304
|
|turn|3
|join|savior doge 420
|
|switch|p2a: Tornadus-Therian|Tornadus-Therian, M|331\/331 tox
|move|p1a: Rotom-Wash|Volt Switch|p2a: Tornadus-Therian
|-supereffective|p2a: Tornadus-Therian
|-damage|p2a: Tornadus-Therian|209\/331 tox
|
|switch|p1a: Landorus-Therian|Landorus-Therian, M|263\/328
|-ability|p1a: Landorus-Therian|Intimidate|[of] p2a: Tornadus-Therian
|-unboost|p2a: Tornadus-Therian|atk|1
|
|-damage|p2a: Tornadus-Therian|189\/331 tox|[from] psn
|turn|4
|
|move|p2a: Tornadus-Therian|U-turn|p1a: Landorus-Therian
|-resisted|p1a: Landorus-Therian
|-damage|p1a: Landorus-Therian|244\/328
|
|switch|p2a: Heatran|Heatran, F|385\/385
|move|p1a: Landorus-Therian|U-turn|p2a: Heatran
|-resisted|p2a: Heatran
|-damage|p2a: Heatran|365\/385
|
|switch|p1a: Rotom-Wash|Rotom-Wash|304\/304
|
|-heal|p2a: Heatran|385\/385|[from] item: Leftovers
|turn|5
|
|move|p2a: Heatran|Toxic|p1a: Rotom-Wash
|-status|p1a: Rotom-Wash|tox
|move|p1a: Rotom-Wash|Volt Switch|p2a: Heatran
|-damage|p2a: Heatran|318\/385
|
|switch|p1a: Landorus-Therian|Landorus-Therian, M|244\/328
|-ability|p1a: Landorus-Therian|Intimidate|[of] p2a: Heatran
|-unboost|p2a: Heatran|atk|1
|
|-heal|p2a: Heatran|342\/385|[from] item: Leftovers
|turn|6
|join|Prime D. Wade
|
|switch|p2a: Tornadus-Therian|Tornadus-Therian, M|299\/331 tox
|move|p1a: Landorus-Therian|Stone Edge|p2a: Tornadus-Therian
|-supereffective|p2a: Tornadus-Therian
|-damage|p2a: Tornadus-Therian|0 fnt
|faint|p2a: Tornadus-Therian
|
|
|switch|p2a: Keldeo|Keldeo|277\/323
|turn|7
|
|switch|p1a: Rotom-Wash|Rotom-Wash|304\/304 tox
|move|p2a: Keldeo|Scald|p1a: Rotom-Wash
|-resisted|p1a: Rotom-Wash
|-damage|p1a: Rotom-Wash|242\/304 tox
|
|-heal|p1a: Rotom-Wash|261\/304 tox|[from] item: Leftovers
|-damage|p1a: Rotom-Wash|242\/304 tox|[from] psn
|turn|8
|
|switch|p2a: Heatran|Heatran, F|342\/385
|move|p1a: Rotom-Wash|Volt Switch|p2a: Heatran
|-damage|p2a: Heatran|278\/385
|
|switch|p1a: Landorus-Therian|Landorus-Therian, M|244\/328
|-ability|p1a: Landorus-Therian|Intimidate|[of] p2a: Heatran
|-unboost|p2a: Heatran|atk|1
|
|-heal|p2a: Heatran|302\/385|[from] item: Leftovers
|turn|9
|
|switch|p2a: Slowbro|Slowbro, F|394\/394
|move|p1a: Landorus-Therian|Earthquake|p2a: Slowbro
|-damage|p2a: Slowbro|270\/394
|
|-heal|p2a: Slowbro|294\/394|[from] item: Leftovers
|turn|10
|
|move|p1a: Landorus-Therian|U-turn|p2a: Slowbro
|-supereffective|p2a: Slowbro
|-damage|p2a: Slowbro|162\/394
|
|switch|p1a: Rotom-Wash|Rotom-Wash|242\/304 tox
|move|p2a: Slowbro|Scald|p1a: Rotom-Wash
|-resisted|p1a: Rotom-Wash
|-damage|p1a: Rotom-Wash|198\/304 tox
|
|-heal|p1a: Rotom-Wash|217\/304 tox|[from] item: Leftovers
|-heal|p2a: Slowbro|186\/394|[from] item: Leftovers
|-damage|p1a: Rotom-Wash|198\/304 tox|[from] psn
|turn|11
|
|switch|p2a: Latias|Latias, F|319\/319
|move|p1a: Rotom-Wash|Volt Switch|p2a: Latias
|-resisted|p2a: Latias
|-damage|p2a: Latias|287\/319
|
|switch|p1a: Sylveon|Sylveon, M|390\/390
|
|turn|12
|
|switch|p2a: Metagross|Metagross|301\/301
|move|p1a: Sylveon|Heal Bell|p1a: Sylveon
|-cureteam|p1a: Sylveon|[from] move: HealBell
|
|turn|13
|
|switch|p1a: Scizor|Scizor, M|343\/343
|detailschange|p2a: Metagross|Metagross-Mega
|-mega|p2a: Metagross|Metagross|Metagrossite
|move|p2a: Metagross|Meteor Mash|p1a: Scizor
|-resisted|p1a: Scizor
|-damage|p1a: Scizor|263\/343
|
|turn|14
|
|switch|p2a: Keldeo|Keldeo|277\/323
|detailschange|p1a: Scizor|Scizor-Mega, M
|-mega|p1a: Scizor|Scizor|Scizorite
|move|p1a: Scizor|Superpower|p2a: Keldeo
|-damage|p2a: Keldeo|122\/323
|-unboost|p1a: Scizor|atk|1
|-unboost|p1a: Scizor|def|1
|
|turn|15
|
|switch|p2a: Heatran|Heatran, F|302\/385
|switch|p1a: Latios|Latios, M|302\/302
|
|-heal|p2a: Heatran|326\/385|[from] item: Leftovers
|turn|16
|
|switch|p1a: Heatran|Heatran, M|323\/323
|move|p2a: Heatran|Stealth Rock|p1a: Heatran
|-sidestart|p1: F U BP|move: Stealth Rock
|
|-heal|p2a: Heatran|350\/385|[from] item: Leftovers
|turn|17
|
|move|p1a: Heatran|Earth Power|p2a: Heatran
|-supereffective|p2a: Heatran
|-damage|p2a: Heatran|22\/385
|move|p2a: Heatran|Taunt|p1a: Heatran
|-start|p1a: Heatran|move: Taunt
|
|-heal|p2a: Heatran|46\/385|[from] item: Leftovers
|turn|18
|
|switch|p2a: Slowbro|Slowbro, F|317\/394
|move|p1a: Heatran|Flash Cannon|p2a: Slowbro
|-resisted|p2a: Slowbro
|-damage|p2a: Slowbro|239\/394
|
|-heal|p2a: Slowbro|263\/394|[from] item: Leftovers
|turn|19
|
|switch|p1a: Rotom-Wash|Rotom-Wash|198\/304
|-damage|p1a: Rotom-Wash|160\/304|[from] Stealth Rock
|switch|p2a: Metagross|Metagross-Mega|301\/301
|
|-heal|p1a: Rotom-Wash|179\/304|[from] item: Leftovers
|turn|20
|
|switch|p2a: Latias|Latias, F|287\/319
|move|p1a: Rotom-Wash|Will-O-Wisp|p2a: Latias
|-status|p2a: Latias|brn
|
|-heal|p1a: Rotom-Wash|198\/304|[from] item: Leftovers
|-damage|p2a: Latias|248\/319 brn|[from] brn
|turn|21
|
|switch|p1a: Heatran|Heatran, M|323\/323
|-damage|p1a: Heatran|283\/323|[from] Stealth Rock
|move|p2a: Latias|Draco Meteor|p1a: Heatran
|-resisted|p1a: Heatran
|-damage|p1a: Heatran|174\/323
|-unboost|p2a: Latias|spa|2
|-damage|p2a: Latias|217\/319 brn|[from] item: Life Orb
|
|-heal|p1a: Heatran|194\/323|[from] item: Leftovers
|-damage|p2a: Latias|178\/319 brn|[from] brn
|turn|22
|
|switch|p2a: Slowbro|Slowbro, F|394\/394
|move|p1a: Heatran|Stealth Rock|p2a: Slowbro
|-sidestart|p2: iLOVEladdering|move: Stealth Rock
|
|-heal|p1a: Heatran|214\/323|[from] item: Leftovers
|turn|23
|
|switch|p1a: Sylveon|Sylveon, M|390\/390
|-damage|p1a: Sylveon|342\/390|[from] Stealth Rock
|move|p2a: Slowbro|Scald|p1a: Sylveon
|-damage|p1a: Sylveon|284\/390
|
|-heal|p1a: Sylveon|308\/390|[from] item: Leftovers
|turn|24
|
|switch|p2a: Metagross|Metagross-Mega|301\/301
|-damage|p2a: Metagross|283\/301|[from] Stealth Rock
|move|p1a: Sylveon|Wish|p1a: Sylveon
|
|-heal|p1a: Sylveon|332\/390|[from] item: Leftovers
|turn|25
|
|switch|p1a: Scizor|Scizor-Mega, M|263\/343
|-damage|p1a: Scizor|221\/343|[from] Stealth Rock
|move|p2a: Metagross|Meteor Mash|p1a: Scizor
|-resisted|p1a: Scizor
|-damage|p1a: Scizor|155\/343
|
|-heal|p1a: Scizor|343\/343|[from] move: Wish|[wisher] Sylveon
|turn|26
|
|switch|p2a: Slowbro|Slowbro, F|394\/394
|-damage|p2a: Slowbro|345\/394|[from] Stealth Rock
|move|p1a: Scizor|Swords Dance|p1a: Scizor
|-boost|p1a: Scizor|atk|2
|
|-heal|p2a: Slowbro|369\/394|[from] item: Leftovers
|turn|27
|
|switch|p1a: Rotom-Wash|Rotom-Wash|198\/304
|-damage|p1a: Rotom-Wash|160\/304|[from] Stealth Rock
|move|p2a: Slowbro|Scald|p1a: Rotom-Wash
|-resisted|p1a: Rotom-Wash
|-damage|p1a: Rotom-Wash|115\/304
|-status|p1a: Rotom-Wash|brn
|
|-heal|p1a: Rotom-Wash|134\/304 brn|[from] item: Leftovers
|-heal|p2a: Slowbro|393\/394|[from] item: Leftovers
|-damage|p1a: Rotom-Wash|96\/304 brn|[from] brn
|turn|28
|
|switch|p1a: Landorus-Therian|Landorus-Therian, M|244\/328
|-damage|p1a: Landorus-Therian|203\/328|[from] Stealth Rock
|-ability|p1a: Landorus-Therian|Intimidate|[of] p2a: Slowbro
|-unboost|p2a: Slowbro|atk|1
|switch|p2a: Latias|Latias, F|178\/319 brn
|-damage|p2a: Latias|139\/319 brn|[from] Stealth Rock
|
|-damage|p2a: Latias|100\/319 brn|[from] brn
|turn|29
|
|move|p2a: Latias|Healing Wish|p2a: Latias
|faint|p2a: Latias
|move|p1a: Landorus-Therian|U-turn|p2: Latias|[notarget]
|-notarget
|
|
|switch|p2a: Keldeo|Keldeo|122\/323
|-heal|p2a: Keldeo|323\/323|[from] move: Healing Wish
|-damage|p2a: Keldeo|303\/323|[from] Stealth Rock
|turn|30
|
|switch|p1a: Heatran|Heatran, M|214\/323
|-damage|p1a: Heatran|174\/323|[from] Stealth Rock
|move|p2a: Keldeo|Scald|p1a: Heatran
|-supereffective|p1a: Heatran
|-damage|p1a: Heatran|0 fnt
|faint|p1a: Heatran
|
|
|switch|p1a: Sylveon|Sylveon, M|332\/390
|-damage|p1a: Sylveon|284\/390|[from] Stealth Rock
|turn|31
|
|switch|p2a: Heatran|Heatran, F|46\/385
|-damage|p2a: Heatran|0 fnt|[from] Stealth Rock
|faint|p2a: Heatran
|move|p1a: Sylveon|Hyper Voice|p2: Heatran|[notarget]
|-notarget
|
|-heal|p1a: Sylveon|308\/390|[from] item: Leftovers
|
|switch|p2a: Metagross|Metagross-Mega|283\/301
|-damage|p2a: Metagross|265\/301|[from] Stealth Rock
|turn|32
|
|switch|p2a: Keldeo|Keldeo|303\/323
|-damage|p2a: Keldeo|283\/323|[from] Stealth Rock
|move|p1a: Sylveon|Protect|p1a: Sylveon
|-fail|p1a: Sylveon
|
|-heal|p1a: Sylveon|332\/390|[from] item: Leftovers
|turn|33
|
|switch|p2a: Metagross|Metagross-Mega|265\/301
|-damage|p2a: Metagross|247\/301|[from] Stealth Rock
|move|p1a: Sylveon|Hyper Voice|p2a: Metagross
|-resisted|p2a: Metagross
|-damage|p2a: Metagross|173\/301
|
|-heal|p1a: Sylveon|356\/390|[from] item: Leftovers
|turn|34
|
|move|p1a: Sylveon|Protect|p1a: Sylveon
|-singleturn|p1a: Sylveon|Protect
|move|p2a: Metagross|Meteor Mash|p1a: Sylveon
|-activate|p1a: Sylveon|Protect
|
|-heal|p1a: Sylveon|380\/390|[from] item: Leftovers
|turn|35
|
|switch|p2a: Keldeo|Keldeo|283\/323
|-damage|p2a: Keldeo|263\/323|[from] Stealth Rock
|switch|p1a: Scizor|Scizor-Mega, M|343\/343
|-damage|p1a: Scizor|301\/343|[from] Stealth Rock
|
|turn|36
|
|switch|p1a: Latios|Latios, M|302\/302
|-damage|p1a: Latios|265\/302|[from] Stealth Rock
|move|p2a: Keldeo|Scald|p1a: Latios
|-crit|p1a: Latios
|-resisted|p1a: Latios
|-damage|p1a: Latios|163\/302
|
|turn|37
|
|switch|p2a: Slowbro|Slowbro, F|394\/394
|-damage|p2a: Slowbro|345\/394|[from] Stealth Rock
|move|p1a: Latios|Defog|p2a: Slowbro
|-unboost|p2a: Slowbro|evasion|1
|-sideend|p2: iLOVEladdering|Stealth Rock|[from] move: Defog|[of] p2a: Slowbro
|-sideend|p1: F U BP|Stealth Rock|[from] move: Defog|[of] p1a: Latios
|
|-heal|p2a: Slowbro|369\/394|[from] item: Leftovers
|turn|38
|
|switch|p1a: Sylveon|Sylveon, M|380\/390
|switch|p2a: Metagross|Metagross-Mega|173\/301
|
|-heal|p1a: Sylveon|390\/390|[from] item: Leftovers
|turn|39
|
|move|p1a: Sylveon|Protect|p1a: Sylveon
|-singleturn|p1a: Sylveon|Protect
|move|p2a: Metagross|Meteor Mash|p1a: Sylveon
|-activate|p1a: Sylveon|Protect
|
|turn|40
|
|switch|p1a: Scizor|Scizor-Mega, M|301\/343
|move|p2a: Metagross|Meteor Mash|p1a: Scizor
|-resisted|p1a: Scizor
|-damage|p1a: Scizor|229\/343
|
|turn|41
|
|switch|p2a: Slowbro|Slowbro, F|394\/394
|move|p1a: Scizor|Roost|p1a: Scizor
|-heal|p1a: Scizor|343\/343
|
|turn|42
|
|switch|p1a: Sylveon|Sylveon, M|390\/390
|move|p2a: Slowbro|Scald|p1a: Sylveon
|-damage|p1a: Sylveon|323\/390
|-status|p1a: Sylveon|brn
|
|-heal|p1a: Sylveon|347\/390 brn|[from] item: Leftovers
|-damage|p1a: Sylveon|299\/390 brn|[from] brn
|turn|43
|
|move|p1a: Sylveon|Heal Bell|p1a: Sylveon
|-cureteam|p1a: Sylveon|[from] move: HealBell
|move|p2a: Slowbro|Psyshock|p1a: Sylveon
|-damage|p1a: Sylveon|184\/390
|
|-heal|p1a: Sylveon|208\/390|[from] item: Leftovers
|turn|44
|
|switch|p2a: Metagross|Metagross-Mega|173\/301
|move|p1a: Sylveon|Wish|p1a: Sylveon
|
|-heal|p1a: Sylveon|232\/390|[from] item: Leftovers
|turn|45
|
|move|p1a: Sylveon|Protect|p1a: Sylveon
|-singleturn|p1a: Sylveon|Protect
|move|p2a: Metagross|Meteor Mash|p1a: Sylveon
|-activate|p1a: Sylveon|Protect
|
|-heal|p1a: Sylveon|390\/390|[from] move: Wish|[wisher] Sylveon
|turn|46
|
|switch|p1a: Scizor|Scizor-Mega, M|343\/343
|move|p2a: Metagross|Meteor Mash|p1a: Scizor
|-resisted|p1a: Scizor
|-damage|p1a: Scizor|271\/343
|-boost|p2a: Metagross|atk|1
|
|turn|47
|
|move|p2a: Metagross|Meteor Mash|p1a: Scizor
|-resisted|p1a: Scizor
|-damage|p1a: Scizor|181\/343
|move|p1a: Scizor|Superpower|p2a: Metagross
|-damage|p2a: Metagross|86\/301
|-unboost|p1a: Scizor|atk|1
|-unboost|p1a: Scizor|def|1
|
|turn|48
|
|switch|p1a: Landorus-Therian|Landorus-Therian, M|203\/328
|-ability|p1a: Landorus-Therian|Intimidate|[of] p2a: Metagross
|-unboost|p2a: Metagross|atk|1
|move|p2a: Metagross|Meteor Mash|p1a: Landorus-Therian|[miss]
|-miss|p2a: Metagross|p1a: Landorus-Therian
|
|turn|49
|
|switch|p2a: Slowbro|Slowbro, F|394\/394
|move|p1a: Landorus-Therian|U-turn|p2a: Slowbro
|-supereffective|p2a: Slowbro
|-damage|p2a: Slowbro|276\/394
|
|switch|p1a: Rotom-Wash|Rotom-Wash|96\/304
|
|-heal|p1a: Rotom-Wash|115\/304|[from] item: Leftovers
|-heal|p2a: Slowbro|300\/394|[from] item: Leftovers
|turn|50
|
|move|p1a: Rotom-Wash|Volt Switch|p2a: Slowbro
|-crit|p2a: Slowbro
|-supereffective|p2a: Slowbro
|-damage|p2a: Slowbro|0 fnt
|faint|p2a: Slowbro
|c|âiLOVEladdering|,
|c|âiLOVEladdering|shit game
|
|switch|p1a: Scizor|Scizor-Mega, M|181\/343
|
|
|switch|p2a: Keldeo|Keldeo|263\/323
|turn|51
|leave|savior doge 420
|
|switch|p2a: Metagross|Metagross-Mega|86\/301
|switch|p1a: Latios|Latios, M|163\/302
|
|turn|52
|
|move|p1a: Latios|Draco Meteor|p2a: Metagross
|-resisted|p2a: Metagross
|-damage|p2a: Metagross|0 fnt
|-unboost|p1a: Latios|spa|2
|faint|p2a: Metagross
|
|
|switch|p2a: Keldeo|Keldeo|263\/323
|turn|53
|
|move|p1a: Latios|Draco Meteor|p2a: Keldeo|[miss]
|-miss|p1a: Latios|p2a: Keldeo
|move|p2a: Keldeo|Hydro Pump|p1a: Latios
|-crit|p1a: Latios
|-resisted|p1a: Latios
|-damage|p1a: Latios|40\/302
|
|turn|54
|c|âF U BP|shit game to you too bruh
|
|move|p1a: Latios|Draco Meteor|p2a: Keldeo
|-damage|p2a: Keldeo|136\/323
|-unboost|p1a: Latios|spa|2
|move|p2a: Keldeo|Hydro Pump|p1a: Latios
|-resisted|p1a: Latios
|-damage|p1a: Latios|0 fnt
|faint|p1a: Latios
|
|
|switch|p1a: Sylveon|Sylveon, M|390\/390
|turn|55
|c|âiLOVEladdering|<3
|c|âiLOVEladdering|loved getting hacked
|
|move|p2a: Keldeo|Hydro Pump|p1a: Sylveon
|-damage|p1a: Sylveon|248\/390
|move|p1a: Sylveon|Hyper Voice|p2a: Keldeo
|-supereffective|p2a: Keldeo
|-damage|p2a: Keldeo|0 fnt
|faint|p2a: Keldeo
|
|win|F U BP
|raw|Ladder updating...
|c|âF U BP|yup I hacked you alright
|raw|F U BP's rating: 1395 &rarr; <strong>1419<\/strong><br \/>(+24 for winning)
|raw|iLOVEladdering's rating: 1467 &rarr; <strong>1443<\/strong><br \/>(-24 for losing)