|join|XxGoomyTheGodxX
|join|F U BP
|player|p1|XxGoomyTheGodxX|269
|player|p2|F U BP|290
|gametype|singles
|gen|6
|tier|OU (suspect test)
|rated
|clearpoke
|poke|p1|Camerupt, M, shiny
|poke|p1|Cofagrigus, M
|poke|p1|Magnezone
|poke|p1|Conkeldurr, M, shiny
|poke|p1|Cresselia, F
|poke|p1|Azumarill, M
|poke|p2|Heatran, F
|poke|p2|Scizor, F
|poke|p2|Sylveon, M
|poke|p2|Latios, M
|poke|p2|Rotom-Wash
|poke|p2|Landorus-Therian, M
|rule|Swagger Clause: Swagger is banned
|rule|Baton Pass Clause: Limit one PokÃ©mon knowing Baton Pass
|rule|Sleep Clause Mod: Limit one foe put to sleep
|rule|Species Clause: Limit one of each PokÃ©mon
|rule|OHKO Clause: OHKO moves are banned
|rule|Moody Clause: Moody is banned
|rule|Evasion Moves Clause: Evasion moves are banned
|rule|Endless Battle Clause: Forcing endless battles is banned
|rule|HP Percentage Mod: HP is shown in percentages
|teampreview
|
|start
|switch|p1a: Conkeldurr|Conkeldurr, M, shiny|414\/414
|switch|p2a: Rotom-Wash|Rotom-Wash|304\/304
|turn|1
|
|move|p2a: Rotom-Wash|Volt Switch|p1a: Conkeldurr
|-damage|p1a: Conkeldurr|336\/414
|
|switch|p2a: Scizor|Scizor, F|343\/343
|move|p1a: Conkeldurr|Knock Off|p2a: Scizor
|-damage|p2a: Scizor|274\/343
|
|turn|2
|
|switch|p1a: Cofagrigus|Cofagrigus, M|320\/320
|detailschange|p2a: Scizor|Scizor-Mega, F
|-mega|p2a: Scizor|Scizor|Scizorite
|move|p2a: Scizor|Superpower|p1a: Cofagrigus
|-immune|p1a: Cofagrigus|[msg]
|
|turn|3
|
|switch|p2a: Heatran|Heatran, F|323\/323
|move|p1a: Cofagrigus|Trick Room|p1a: Cofagrigus
|-fieldstart|move: Trick Room|[of] p1a: Cofagrigus
|
|turn|4
|
|switch|p1a: Conkeldurr|Conkeldurr, M, shiny|336\/414
|move|p2a: Heatran|Stealth Rock|p1a: Conkeldurr
|-sidestart|p1: XxGoomyTheGodxX|move: Stealth Rock
|
|turn|5
|
|switch|p2a: Sylveon|Sylveon, M|390\/390
|move|p1a: Conkeldurr|Drain Punch|p2a: Sylveon
|-resisted|p2a: Sylveon
|-damage|p2a: Sylveon|288\/390
|-heal|p1a: Conkeldurr|387\/414|[from] drain|[of] p2a: Sylveon
|
|-heal|p2a: Sylveon|312\/390|[from] item: Leftovers
|turn|6
|
|switch|p1a: Magnezone|Magnezone|344\/344
|-damage|p1a: Magnezone|323\/344|[from] Stealth Rock
|-item|p1a: Magnezone|Air Balloon
|move|p2a: Sylveon|Hyper Voice|p1a: Magnezone
|-resisted|p1a: Magnezone
|-damage|p1a: Magnezone|233\/344
|-enditem|p1a: Magnezone|Air Balloon
|
|-heal|p2a: Sylveon|336\/390|[from] item: Leftovers
|turn|7
|
|move|p2a: Sylveon|Protect|p2a: Sylveon
|-singleturn|p2a: Sylveon|Protect
|move|p1a: Magnezone|Flash Cannon|p2a: Sylveon
|-activate|p2a: Sylveon|Protect
|
|-heal|p2a: Sylveon|360\/390|[from] item: Leftovers
|-fieldend|move: Trick Room
|turn|8
|
|switch|p2a: Heatran|Heatran, F|323\/323
|move|p1a: Magnezone|Volt Switch|p2a: Heatran
|-damage|p2a: Heatran|191\/323
|
|switch|p1a: Conkeldurr|Conkeldurr, M, shiny|387\/414
|-damage|p1a: Conkeldurr|362\/414|[from] Stealth Rock
|
|-heal|p2a: Heatran|211\/323|[from] item: Leftovers
|turn|9
|
|switch|p2a: Sylveon|Sylveon, M|360\/390
|move|p1a: Conkeldurr|Knock Off|p2a: Sylveon
|-resisted|p2a: Sylveon
|-damage|p2a: Sylveon|268\/390
|-enditem|p2a: Sylveon|Leftovers|[from] move: Knock Off|[of] p1a: Conkeldurr
|
|turn|10
|
|switch|p1a: Cresselia|Cresselia, F|444\/444
|-damage|p1a: Cresselia|389\/444|[from] Stealth Rock
|move|p2a: Sylveon|Hyper Voice|p1a: Cresselia
|-damage|p1a: Cresselia|290\/444
|
|-heal|p1a: Cresselia|317\/444|[from] item: Leftovers
|turn|11
|
|move|p2a: Sylveon|Wish|p2a: Sylveon
|move|p1a: Cresselia|Trick Room|p1a: Cresselia
|-fieldstart|move: Trick Room|[of] p1a: Cresselia
|
|-heal|p1a: Cresselia|344\/444|[from] item: Leftovers
|turn|12
|
|switch|p1a: Magnezone|Magnezone|233\/344
|-damage|p1a: Magnezone|212\/344|[from] Stealth Rock
|move|p2a: Sylveon|Hyper Voice|p1a: Magnezone
|-resisted|p1a: Magnezone
|-damage|p1a: Magnezone|116\/344
|
|-heal|p2a: Sylveon|390\/390|[from] move: Wish|[wisher] Sylveon
|turn|13
|
|move|p2a: Sylveon|Protect|p2a: Sylveon
|-singleturn|p2a: Sylveon|Protect
|move|p1a: Magnezone|Flash Cannon|p2a: Sylveon
|-activate|p2a: Sylveon|Protect
|
|turn|14
|
|switch|p2a: Heatran|Heatran, F|211\/323
|move|p1a: Magnezone|Flash Cannon|p2a: Heatran
|-resisted|p2a: Heatran
|-damage|p2a: Heatran|173\/323
|
|-heal|p2a: Heatran|193\/323|[from] item: Leftovers
|turn|15
|
|move|p1a: Magnezone|Volt Switch|p2a: Heatran
|-damage|p2a: Heatran|73\/323
|
|switch|p1a: Camerupt|Camerupt, M, shiny|344\/344
|-damage|p1a: Camerupt|301\/344|[from] Stealth Rock
|move|p2a: Heatran|Fire Blast|p1a: Camerupt
|-resisted|p1a: Camerupt
|-damage|p1a: Camerupt|171\/344
|
|-heal|p2a: Heatran|93\/323|[from] item: Leftovers
|-fieldend|move: Trick Room
|turn|16
|
|switch|p2a: Landorus-Therian|Landorus-Therian, M|328\/328
|-ability|p2a: Landorus-Therian|Intimidate|[of] p1a: Camerupt
|-unboost|p1a: Camerupt|atk|1
|detailschange|p1a: Camerupt|Camerupt-Mega, M, shiny
|-mega|p1a: Camerupt|Camerupt|Cameruptite
|move|p1a: Camerupt|Stealth Rock|p2a: Landorus-Therian
|-sidestart|p2: F U BP|move: Stealth Rock
|
|turn|17
|
|switch|p1a: Cofagrigus|Cofagrigus, M|320\/320
|-damage|p1a: Cofagrigus|280\/320|[from] Stealth Rock
|move|p2a: Landorus-Therian|U-turn|p1a: Cofagrigus
|-resisted|p1a: Cofagrigus
|-damage|p1a: Cofagrigus|252\/320
|-endability|p2a: Landorus-Therian|intimidate|[from] Mummy
|-ability|p2a: Landorus-Therian|Mummy|[from] Mummy
|
|switch|p2a: Latios|Latios, M|302\/302
|-damage|p2a: Latios|265\/302|[from] Stealth Rock
|
|-heal|p1a: Cofagrigus|272\/320|[from] item: Leftovers
|turn|18
|
|switch|p1a: Cresselia|Cresselia, F|344\/444
|-damage|p1a: Cresselia|289\/444|[from] Stealth Rock
|move|p2a: Latios|Trick|p1a: Cresselia
|-activate|p2a: Latios|move: Trick|[of] p1a: Cresselia
|-item|p1a: Cresselia|Choice Scarf|[from] move: Trick
|-item|p2a: Latios|Leftovers|[from] move: Trick
|
|-heal|p2a: Latios|283\/302|[from] item: Leftovers
|turn|19
|
|move|p2a: Latios|Draco Meteor|p1a: Cresselia
|-damage|p1a: Cresselia|138\/444
|-unboost|p2a: Latios|spa|2
|move|p1a: Cresselia|Trick Room|p1a: Cresselia
|-fieldstart|move: Trick Room|[of] p1a: Cresselia
|
|-heal|p2a: Latios|301\/302|[from] item: Leftovers
|turn|20
|
|switch|p1a: Magnezone|Magnezone|116\/344
|-damage|p1a: Magnezone|95\/344|[from] Stealth Rock
|switch|p2a: Rotom-Wash|Rotom-Wash|304\/304
|-damage|p2a: Rotom-Wash|266\/304|[from] Stealth Rock
|
|-heal|p2a: Rotom-Wash|285\/304|[from] item: Leftovers
|turn|21
|
|move|p1a: Magnezone|Volt Switch|p2a: Rotom-Wash
|-damage|p2a: Rotom-Wash|149\/304
|
|switch|p1a: Conkeldurr|Conkeldurr, M, shiny|362\/414
|-damage|p1a: Conkeldurr|337\/414|[from] Stealth Rock
|move|p2a: Rotom-Wash|Volt Switch|p1a: Conkeldurr
|-damage|p1a: Conkeldurr|255\/414
|
|switch|p2a: Sylveon|Sylveon, M|390\/390
|-damage|p2a: Sylveon|342\/390|[from] Stealth Rock
|
|turn|22
|
|switch|p1a: Azumarill|Azumarill, M|404\/404
|-damage|p1a: Azumarill|354\/404|[from] Stealth Rock
|move|p2a: Sylveon|Hyper Voice|p1a: Azumarill
|-damage|p1a: Azumarill|143\/404
|
|turn|23
|
|move|p2a: Sylveon|Protect|p2a: Sylveon
|-singleturn|p2a: Sylveon|Protect
|move|p1a: Azumarill|Waterfall|p2a: Sylveon
|-activate|p2a: Sylveon|Protect
|
|-fieldend|move: Trick Room
|turn|24
|-message|XxGoomyTheGodxX forfeited.
|leave|XxGoomyTheGodxX
|
|win|F U BP
|raw|Ladder updating...
|raw|XxGoomyTheGodxX's rating: 1492 &rarr; <strong>1469<\/strong><br \/>(-23 for losing)
|raw|F U BP's rating: 1441 &rarr; <strong>1464<\/strong><br \/>(+23 for winning)
|player|p1