|join|F U BP
|join|oml it's too ez
|player|p1|F U BP|290
|player|p2|oml it's too ez|98
|gametype|singles
|gen|6
|tier|OU (suspect test)
|clearpoke
|poke|p1|Heatran, F
|poke|p1|Scizor, F
|poke|p1|Sylveon, F
|poke|p1|Latios, M
|poke|p1|Rotom-Wash
|poke|p1|Landorus-Therian, M
|poke|p2|Sableye, F
|poke|p2|Skarmory, M
|poke|p2|Chansey, F
|poke|p2|Bisharp, F
|poke|p2|Alomomola, M
|poke|p2|Dragalge, F
|rule|Swagger Clause: Swagger is banned
|rule|Baton Pass Clause: Limit one PokÃ©mon knowing Baton Pass
|rule|Sleep Clause Mod: Limit one foe put to sleep
|rule|Species Clause: Limit one of each PokÃ©mon
|rule|OHKO Clause: OHKO moves are banned
|rule|Moody Clause: Moody is banned
|rule|Evasion Moves Clause: Evasion moves are banned
|rule|Endless Battle Clause: Forcing endless battles is banned
|rule|HP Percentage Mod: HP is shown in percentages
|teampreview
|join|Jolteon AYE
|join|SpaceMankey
|c| Jolteon AYE|hehe
|c|âF U BP|alright good luck man. closing chat.
|join|LogicVMG
|c|âoml it's too ez|yeah same to u i ignored speactor
|
|start
|switch|p1a: Landorus-Therian|Landorus-Therian, M|328\/328
|switch|p2a: Dragalge|Dragalge, F|334\/334
|-ability|p1a: Landorus-Therian|Intimidate|[of] p2a: Dragalge
|-unboost|p2a: Dragalge|atk|1
|turn|1
|
|switch|p1a: Rotom-Wash|Rotom-Wash|304\/304
|switch|p2a: Skarmory|Skarmory, M|334\/334
|
|turn|2
|
|switch|p2a: Chansey|Chansey, F|642\/642
|move|p1a: Rotom-Wash|Volt Switch|p2a: Chansey
|-damage|p2a: Chansey|599\/642
|
|switch|p1a: Scizor|Scizor, F|343\/343
|
|turn|3
|
|switch|p2a: Skarmory|Skarmory, M|334\/334
|detailschange|p1a: Scizor|Scizor-Mega, F
|-mega|p1a: Scizor|Scizor|Scizorite
|move|p1a: Scizor|Knock Off|p2a: Skarmory
|-damage|p2a: Skarmory|267\/334
|-damage|p1a: Scizor|286\/343|[from] item: Rocky Helmet|[of] p2a: Skarmory
|-enditem|p2a: Skarmory|Rocky Helmet|[from] move: Knock Off|[of] p1a: Scizor
|
|turn|4
|join|birdetta
|
|switch|p1a: Rotom-Wash|Rotom-Wash|304\/304
|move|p2a: Skarmory|Stealth Rock|p1a: Rotom-Wash
|-sidestart|p1: F U BP|move: Stealth Rock
|
|turn|5
|
|switch|p2a: Dragalge|Dragalge, F|334\/334
|move|p1a: Rotom-Wash|Volt Switch|p2a: Dragalge
|-resisted|p2a: Dragalge
|-damage|p2a: Dragalge|309\/334
|
|switch|p1a: Landorus-Therian|Landorus-Therian, M|328\/328
|-damage|p1a: Landorus-Therian|287\/328|[from] Stealth Rock
|-ability|p1a: Landorus-Therian|Intimidate|[of] p2a: Dragalge
|-unboost|p2a: Dragalge|atk|1
|
|-heal|p2a: Dragalge|329\/334|[from] item: Black Sludge
|turn|6
|leave|birdetta
|c|âoml it's too ez|not lati?
|
|switch|p2a: Alomomola|Alomomola, M|478\/478
|move|p1a: Landorus-Therian|U-turn|p2a: Alomomola
|-damage|p2a: Alomomola|401\/478
|
|switch|p1a: Latios|Latios, M|302\/302
|-damage|p1a: Latios|265\/302|[from] Stealth Rock
|
|-heal|p2a: Alomomola|430\/478|[from] item: Leftovers
|turn|7
|
|move|p2a: Alomomola|Protect|p2a: Alomomola
|-singleturn|p2a: Alomomola|Protect
|move|p1a: Latios|Draco Meteor|p2a: Alomomola
|-activate|p2a: Alomomola|Protect
|
|-heal|p2a: Alomomola|459\/478|[from] item: Leftovers
|turn|8
|
|switch|p1a: Scizor|Scizor-Mega, F|286\/343
|-damage|p1a: Scizor|244\/343|[from] Stealth Rock
|switch|p2a: Chansey|Chansey, F|599\/642
|
|turn|9
|join|PrettyBoyAmphar0s
|
|switch|p2a: Skarmory|Skarmory, M|267\/334
|move|p1a: Scizor|Swords Dance|p1a: Scizor
|-boost|p1a: Scizor|atk|2
|
|turn|10
|
|move|p1a: Scizor|Knock Off|p2a: Skarmory
|-damage|p2a: Skarmory|184\/334
|move|p2a: Skarmory|Whirlwind|p1a: Scizor
|drag|p1a: Latios|Latios, M|265\/302
|-damage|p1a: Latios|228\/302|[from] Stealth Rock
|
|turn|11
|
|switch|p2a: Bisharp|Bisharp, F|271\/271
|move|p1a: Latios|Trick|p2a: Bisharp
|-activate|p1a: Latios|move: Trick|[of] p2a: Bisharp
|-item|p2a: Bisharp|Choice Scarf|[from] move: Trick
|-item|p1a: Latios|Leftovers|[from] move: Trick
|
|-heal|p1a: Latios|246\/302|[from] item: Leftovers
|turn|12
|
|switch|p1a: Scizor|Scizor-Mega, F|244\/343
|-damage|p1a: Scizor|202\/343|[from] Stealth Rock
|move|p2a: Bisharp|Knock Off|p1a: Scizor
|-damage|p1a: Scizor|133\/343
|
|turn|13
|
|switch|p2a: Ruppe Thief|Sableye, F|304\/304
|move|p1a: Scizor|Roost|p1a: Scizor
|-heal|p1a: Scizor|305\/343
|
|turn|14
|c| Jolteon AYE|mind games
|
|switch|p1a: Sylveon|Sylveon, F|390\/390
|-damage|p1a: Sylveon|342\/390|[from] Stealth Rock
|detailschange|p2a: Ruppe Thief|Sableye-Mega, F
|-mega|p2a: Ruppe Thief|Sableye|Sablenite
|move|p2a: Ruppe Thief|Calm Mind|p2a: Ruppe Thief
|-boost|p2a: Ruppe Thief|spa|1
|-boost|p2a: Ruppe Thief|spd|1
|
|-heal|p1a: Sylveon|366\/390|[from] item: Leftovers
|turn|15
|
|switch|p2a: Dragalge|Dragalge, F|329\/334
|move|p1a: Sylveon|Hyper Voice|p2a: Dragalge
|-damage|p2a: Dragalge|224\/334
|
|-heal|p1a: Sylveon|390\/390|[from] item: Leftovers
|-heal|p2a: Dragalge|244\/334|[from] item: Black Sludge
|turn|16
|
|switch|p1a: Heatran|Heatran, F|323\/323
|-damage|p1a: Heatran|283\/323|[from] Stealth Rock
|move|p2a: Dragalge|Toxic Spikes|p1a: Heatran
|-sidestart|p1: F U BP|move: Toxic Spikes
|
|-heal|p1a: Heatran|303\/323|[from] item: Leftovers
|-heal|p2a: Dragalge|264\/334|[from] item: Black Sludge
|turn|17
|
|switch|p2a: Ruppe Thief|Sableye-Mega, F|304\/304
|move|p1a: Heatran|Earth Power|p2a: Ruppe Thief
|-damage|p2a: Ruppe Thief|210\/304
|
|-heal|p1a: Heatran|323\/323|[from] item: Leftovers
|turn|18
|
|switch|p2a: Alomomola|Alomomola, M|478\/478
|move|p1a: Heatran|Fire Blast|p2a: Alomomola
|-resisted|p2a: Alomomola
|-damage|p2a: Alomomola|344\/478
|
|-heal|p2a: Alomomola|373\/478|[from] item: Leftovers
|turn|19
|
|move|p1a: Heatran|Stealth Rock|p2a: Alomomola
|-sidestart|p2: oml it's too ez|move: Stealth Rock
|move|p2a: Alomomola|Wish|p2a: Alomomola
|
|-heal|p2a: Alomomola|402\/478|[from] item: Leftovers
|turn|20
|
|move|p1a: Heatran|Fire Blast|p2a: Alomomola|[miss]
|-miss|p1a: Heatran|p2a: Alomomola
|move|p2a: Alomomola|Scald|p1a: Heatran
|-supereffective|p1a: Heatran
|-damage|p1a: Heatran|227\/323
|
|-heal|p2a: Alomomola|478\/478|[from] move: Wish|[wisher] Alomomola
|-heal|p1a: Heatran|247\/323|[from] item: Leftovers
|turn|21
|
|switch|p1a: Rotom-Wash|Rotom-Wash|304\/304
|-damage|p1a: Rotom-Wash|266\/304|[from] Stealth Rock
|move|p2a: Alomomola|Toxic|p1a: Rotom-Wash
|-status|p1a: Rotom-Wash|tox
|
|-heal|p1a: Rotom-Wash|285\/304 tox|[from] item: Leftovers
|-damage|p1a: Rotom-Wash|266\/304 tox|[from] psn
|turn|22
|
|move|p2a: Alomomola|Protect|p2a: Alomomola
|-singleturn|p2a: Alomomola|Protect
|move|p1a: Rotom-Wash|Will-O-Wisp|p2a: Alomomola
|-activate|p2a: Alomomola|Protect
|
|-heal|p1a: Rotom-Wash|285\/304 tox|[from] item: Leftovers
|-damage|p1a: Rotom-Wash|247\/304 tox|[from] psn
|turn|23
|
|move|p1a: Rotom-Wash|Volt Switch|p2a: Alomomola
|-supereffective|p2a: Alomomola
|-damage|p2a: Alomomola|236\/478
|
|switch|p1a: Scizor|Scizor-Mega, F|305\/343
|-damage|p1a: Scizor|263\/343|[from] Stealth Rock
|move|p2a: Alomomola|Wish|p2a: Alomomola
|
|-heal|p2a: Alomomola|265\/478|[from] item: Leftovers
|turn|24
|
|move|p1a: Scizor|Swords Dance|p1a: Scizor
|-boost|p1a: Scizor|atk|2
|move|p2a: Alomomola|Scald|p1a: Scizor
|-damage|p1a: Scizor|215\/343
|-status|p1a: Scizor|brn
|
|-heal|p2a: Alomomola|478\/478|[from] move: Wish|[wisher] Alomomola
|-damage|p1a: Scizor|173\/343 brn|[from] brn
|turn|25
|
|move|p1a: Scizor|Roost|p1a: Scizor
|-heal|p1a: Scizor|343\/343 brn
|move|p2a: Alomomola|Wish|p2a: Alomomola
|
|-damage|p1a: Scizor|301\/343 brn|[from] brn
|turn|26
|
|switch|p1a: Sylveon|Sylveon, F|390\/390
|-damage|p1a: Sylveon|342\/390|[from] Stealth Rock
|-status|p1a: Sylveon|psn
|switch|p2a: Skarmory|Skarmory, M|184\/334
|-damage|p2a: Skarmory|143\/334|[from] Stealth Rock
|
|-heal|p2a: Skarmory|334\/334|[from] move: Wish|[wisher] Alomomola
|-heal|p1a: Sylveon|366\/390 psn|[from] item: Leftovers
|-damage|p1a: Sylveon|318\/390 psn|[from] psn
|turn|27
|
|move|p2a: Skarmory|Spikes|p1a: Sylveon
|-sidestart|p1: F U BP|Spikes
|move|p1a: Sylveon|Heal Bell|p1a: Sylveon
|-cureteam|p1a: Sylveon|[from] move: HealBell
|
|-heal|p1a: Sylveon|342\/390|[from] item: Leftovers
|turn|28
|
|move|p1a: Sylveon|Wish|p1a: Sylveon
|move|p2a: Skarmory|Whirlwind|p1a: Sylveon
|drag|p1a: Latios|Latios, M|246\/302
|-damage|p1a: Latios|209\/302|[from] Stealth Rock
|
|-heal|p1a: Latios|227\/302|[from] item: Leftovers
|turn|29
|
|switch|p2a: Bisharp|Bisharp, F|271\/271
|-damage|p2a: Bisharp|255\/271|[from] Stealth Rock
|move|p1a: Latios|Draco Meteor|p2a: Bisharp
|-crit|p2a: Bisharp
|-resisted|p2a: Bisharp
|-damage|p2a: Bisharp|19\/271
|-unboost|p1a: Latios|spa|2
|
|-heal|p1a: Latios|302\/302|[from] move: Wish|[wisher] Sylveon
|turn|30
|
|switch|p1a: Scizor|Scizor-Mega, F|301\/343
|-damage|p1a: Scizor|259\/343|[from] Stealth Rock
|-damage|p1a: Scizor|217\/343|[from] Spikes
|move|p2a: Bisharp|Knock Off|p1a: Scizor
|-damage|p1a: Scizor|148\/343
|
|turn|31
|
|switch|p2a: Alomomola|Alomomola, M|478\/478
|-damage|p2a: Alomomola|419\/478|[from] Stealth Rock
|move|p1a: Scizor|Roost|p1a: Scizor
|-heal|p1a: Scizor|320\/343
|
|-heal|p2a: Alomomola|448\/478|[from] item: Leftovers
|turn|32
|
|move|p1a: Scizor|Knock Off|p2a: Alomomola
|-damage|p2a: Alomomola|364\/478
|-enditem|p2a: Alomomola|Leftovers|[from] move: Knock Off|[of] p1a: Scizor
|move|p2a: Alomomola|Scald|p1a: Scizor
|-damage|p1a: Scizor|275\/343
|
|turn|33
|
|switch|p1a: Latios|Latios, M|302\/302
|-damage|p1a: Latios|265\/302|[from] Stealth Rock
|move|p2a: Alomomola|Wish|p2a: Alomomola
|
|-heal|p1a: Latios|283\/302|[from] item: Leftovers
|turn|34
|c| PrettyBoyAmphar0s|Jeez. This battle
|
|switch|p2a: Chansey|Chansey, F|599\/642
|-damage|p2a: Chansey|519\/642|[from] Stealth Rock
|move|p1a: Latios|Draco Meteor|p2a: Chansey
|-damage|p2a: Chansey|408\/642
|-unboost|p1a: Latios|spa|2
|
|-heal|p2a: Chansey|642\/642|[from] move: Wish|[wisher] Alomomola
|-heal|p1a: Latios|301\/302|[from] item: Leftovers
|turn|35
|
|move|p1a: Latios|Defog|p2a: Chansey
|-unboost|p2a: Chansey|evasion|1
|-sideend|p2: oml it's too ez|Stealth Rock|[from] move: Defog|[of] p2a: Chansey
|-sideend|p1: F U BP|Spikes|[from] move: Defog|[of] p1a: Latios
|-sideend|p1: F U BP|Toxic Spikes|[from] move: Defog|[of] p1a: Latios
|-sideend|p1: F U BP|Stealth Rock|[from] move: Defog|[of] p1a: Latios
|move|p2a: Chansey|Seismic Toss|p1a: Latios
|-damage|p1a: Latios|201\/302
|
|-heal|p1a: Latios|219\/302|[from] item: Leftovers
|turn|36
|
|switch|p1a: Rotom-Wash|Rotom-Wash|247\/304
|switch|p2a: Ruppe Thief|Sableye-Mega, F|210\/304
|
|-heal|p1a: Rotom-Wash|266\/304|[from] item: Leftovers
|turn|37
|
|move|p1a: Rotom-Wash|Volt Switch|p2a: Ruppe Thief
|-damage|p2a: Ruppe Thief|128\/304
|
|switch|p1a: Sylveon|Sylveon, F|342\/390
|move|p2a: Ruppe Thief|Recover|p2a: Ruppe Thief
|-heal|p2a: Ruppe Thief|280\/304
|
|-heal|p1a: Sylveon|366\/390|[from] item: Leftovers
|turn|38
|join|Stahpitnintendo
|
|switch|p2a: Dragalge|Dragalge, F|264\/334
|move|p1a: Sylveon|Hyper Voice|p2a: Dragalge
|-damage|p2a: Dragalge|155\/334
|
|-heal|p1a: Sylveon|390\/390|[from] item: Leftovers
|-heal|p2a: Dragalge|175\/334|[from] item: Black Sludge
|turn|39
|
|switch|p1a: Heatran|Heatran, F|247\/323
|switch|p2a: Ruppe Thief|Sableye-Mega, F|280\/304
|
|-heal|p1a: Heatran|267\/323|[from] item: Leftovers
|turn|40
|
|switch|p1a: Sylveon|Sylveon, F|390\/390
|move|p2a: Ruppe Thief|Calm Mind|p2a: Ruppe Thief
|-boost|p2a: Ruppe Thief|spa|1
|-boost|p2a: Ruppe Thief|spd|1
|
|turn|41
|
|move|p1a: Sylveon|Hyper Voice|p2a: Ruppe Thief
|-supereffective|p2a: Ruppe Thief
|-damage|p2a: Ruppe Thief|68\/304
|move|p2a: Ruppe Thief|Calm Mind|p2a: Ruppe Thief
|-boost|p2a: Ruppe Thief|spa|1
|-boost|p2a: Ruppe Thief|spd|1
|
|turn|42
|c|âoml it's too ez|da fudge
|
|switch|p2a: Chansey|Chansey, F|642\/642
|move|p1a: Sylveon|Hyper Voice|p2a: Chansey
|-damage|p2a: Chansey|557\/642
|
|turn|43
|c|âoml it's too ez|did i calc wrong
|
|switch|p1a: Rotom-Wash|Rotom-Wash|266\/304
|move|p2a: Chansey|Seismic Toss|p1a: Rotom-Wash
|-damage|p1a: Rotom-Wash|166\/304
|
|-heal|p1a: Rotom-Wash|185\/304|[from] item: Leftovers
|turn|44
|
|move|p1a: Rotom-Wash|Will-O-Wisp|p2a: Chansey|[miss]
|-miss|p1a: Rotom-Wash|p2a: Chansey
|move|p2a: Chansey|Seismic Toss|p1a: Rotom-Wash
|-damage|p1a: Rotom-Wash|85\/304
|
|-heal|p1a: Rotom-Wash|104\/304|[from] item: Leftovers
|turn|45
|
|move|p1a: Rotom-Wash|Volt Switch|p2a: Chansey
|-damage|p2a: Chansey|514\/642
|
|switch|p1a: Scizor|Scizor-Mega, F|275\/343
|move|p2a: Chansey|Seismic Toss|p1a: Scizor
|-damage|p1a: Scizor|175\/343
|
|turn|46
|
|switch|p1a: Rotom-Wash|Rotom-Wash|104\/304
|switch|p2a: Skarmory|Skarmory, M|334\/334
|
|-heal|p1a: Rotom-Wash|123\/304|[from] item: Leftovers
|turn|47
|
|switch|p2a: Dragalge|Dragalge, F|175\/334
|move|p1a: Rotom-Wash|Volt Switch|p2a: Dragalge
|-resisted|p2a: Dragalge
|-damage|p2a: Dragalge|148\/334
|
|switch|p1a: Heatran|Heatran, F|267\/323
|
|-heal|p1a: Heatran|287\/323|[from] item: Leftovers
|-heal|p2a: Dragalge|168\/334|[from] item: Black Sludge
|turn|48
|
|switch|p2a: Alomomola|Alomomola, M|478\/478
|move|p1a: Heatran|Earth Power|p2a: Alomomola
|-damage|p2a: Alomomola|342\/478
|
|-heal|p1a: Heatran|307\/323|[from] item: Leftovers
|turn|49
|
|move|p1a: Heatran|Earth Power|p2a: Alomomola
|-damage|p2a: Alomomola|200\/478
|move|p2a: Alomomola|Wish|p2a: Alomomola
|
|-heal|p1a: Heatran|323\/323|[from] item: Leftovers
|turn|50
|
|switch|p2a: Ruppe Thief|Sableye-Mega, F|68\/304
|move|p1a: Heatran|Earth Power|p2a: Ruppe Thief
|-damage|p2a: Ruppe Thief|0 fnt
|faint|p2a: Ruppe Thief
|
|
|switch|p2a: Alomomola|Alomomola, M|359\/478
|turn|51
|c|âF U BP|turn 50 first blood lol
|c|âoml it's too ez|y u attack
|c|âF U BP|I knew you would sab
|c| SpaceMankey|haha intense :]
|c|âoml it's too ez|meh
|c| PrettyBoyAmphar0s|I mean why you attack?
|c|âF U BP|I'm not bad at this game -.-
|c| PrettyBoyAmphar0s|This battle shouldn't be this long.
|c| SpaceMankey|xD
|c|âoml it's too ez|i thought u would switch to rotm predict my protect
|
|move|p1a: Heatran|Earth Power|p2a: Alomomola
|-damage|p2a: Alomomola|221\/478
|move|p2a: Alomomola|Wish|p2a: Alomomola
|
|turn|52
|
|move|p1a: Heatran|Earth Power|p2a: Alomomola
|-damage|p2a: Alomomola|86\/478
|move|p2a: Alomomola|Scald|p1a: Heatran
|-supereffective|p1a: Heatran
|-damage|p1a: Heatran|227\/323
|
|-heal|p2a: Alomomola|325\/478|[from] move: Wish|[wisher] Alomomola
|-heal|p1a: Heatran|247\/323|[from] item: Leftovers
|turn|53
|
|switch|p1a: Rotom-Wash|Rotom-Wash|123\/304
|move|p2a: Alomomola|Wish|p2a: Alomomola
|
|-heal|p1a: Rotom-Wash|142\/304|[from] item: Leftovers
|turn|54
|c|âoml it's too ez|and i calced sylveon wrong
|c| PrettyBoyAmphar0s|A Female Ampharos is the only woman I need in my life.
|
|move|p1a: Rotom-Wash|Will-O-Wisp|p2a: Alomomola
|-status|p2a: Alomomola|brn
|move|p2a: Alomomola|Scald|p1a: Rotom-Wash
|-resisted|p1a: Rotom-Wash
|-damage|p1a: Rotom-Wash|119\/304
|
|-heal|p2a: Alomomola|478\/478 brn|[from] move: Wish|[wisher] Alomomola
|-heal|p1a: Rotom-Wash|138\/304|[from] item: Leftovers
|-damage|p2a: Alomomola|419\/478 brn|[from] brn
|turn|55
|c| prettygirlamphar0s|hi
|player|p2|prettygirlamphar0s|98
|
|move|p1a: Rotom-Wash|Volt Switch|p2a: Alomomola
|-supereffective|p2a: Alomomola
|-damage|p2a: Alomomola|209\/478 brn
|
|switch|p1a: Heatran|Heatran, F|247\/323
|move|p2a: Alomomola|Wish|p2a: Alomomola
|
|-heal|p1a: Heatran|267\/323|[from] item: Leftovers
|-damage|p2a: Alomomola|150\/478 brn|[from] brn
|turn|56
|c| PrettyBoyAmphar0s|NO WAY
|c| PrettyBoyAmphar0s|I LOVE YOU
|c| prettygirlamphar0s|well i dont love u
|
|switch|p2a: Chansey|Chansey, F|514\/642
|move|p1a: Heatran|Stealth Rock|p2a: Chansey
|-sidestart|p2: prettygirlamphar0s|move: Stealth Rock
|
|-heal|p2a: Chansey|642\/642|[from] move: Wish|[wisher] Alomomola
|-heal|p1a: Heatran|287\/323|[from] item: Leftovers
|turn|57
|c| PrettyBoyAmphar0s|You changed your name to match mine.
|c| PrettyBoyAmphar0s|There's a bit of love there.
|
|switch|p1a: Scizor|Scizor-Mega, F|175\/343
|move|p2a: Chansey|Aromatherapy|p2a: Chansey
|-cureteam|p2a: Chansey|[from] move: Aromatherapy
|
|turn|58
|
|move|p1a: Scizor|Knock Off|p2a: Chansey
|-damage|p2a: Chansey|499\/642
|-enditem|p2a: Chansey|Eviolite|[from] move: Knock Off|[of] p1a: Scizor
|move|p2a: Chansey|Seismic Toss|p1a: Scizor
|-damage|p1a: Scizor|75\/343
|
|turn|59
|c| prettygirlamphar0s|noooo
|c| prettygirlamphar0s|stop making  me predict u predict
|
|switch|p2a: Skarmory|Skarmory, M|334\/334
|-damage|p2a: Skarmory|293\/334|[from] Stealth Rock
|move|p1a: Scizor|Roost|p1a: Scizor
|-heal|p1a: Scizor|247\/343
|
|turn|60
|c|âF U BP|you're getting played ;)
|
|switch|p1a: Rotom-Wash|Rotom-Wash|138\/304
|move|p2a: Skarmory|Stealth Rock|p1a: Rotom-Wash
|-sidestart|p1: F U BP|move: Stealth Rock
|
|-heal|p1a: Rotom-Wash|157\/304|[from] item: Leftovers
|turn|61
|
|move|p1a: Rotom-Wash|Volt Switch|p2a: Skarmory
|-supereffective|p2a: Skarmory
|-damage|p2a: Skarmory|57\/334
|
|switch|p1a: Heatran|Heatran, F|287\/323
|-damage|p1a: Heatran|247\/323|[from] Stealth Rock
|move|p2a: Skarmory|Roost|p2a: Skarmory
|-heal|p2a: Skarmory|224\/334
|
|-heal|p1a: Heatran|267\/323|[from] item: Leftovers
|turn|62
|
|switch|p2a: Chansey|Chansey, F|499\/642
|-damage|p2a: Chansey|419\/642|[from] Stealth Rock
|move|p1a: Heatran|Fire Blast|p2a: Chansey
|-damage|p2a: Chansey|268\/642
|
|-heal|p1a: Heatran|287\/323|[from] item: Leftovers
|turn|63
|c| prettygirlamphar0s|i shoudlve brought a balence team
|
|switch|p1a: Scizor|Scizor-Mega, F|247\/343
|-damage|p1a: Scizor|205\/343|[from] Stealth Rock
|move|p2a: Chansey|Soft-Boiled|p2a: Chansey
|-heal|p2a: Chansey|589\/642
|
|turn|64
|c| prettygirlamphar0s|are u in farm leauge f ubp?
|
|switch|p2a: Skarmory|Skarmory, M|224\/334
|-damage|p2a: Skarmory|183\/334|[from] Stealth Rock
|move|p1a: Scizor|Swords Dance|p1a: Scizor
|-boost|p1a: Scizor|atk|2
|
|turn|65
|c| prettygirlamphar0s|f u bp
|
|move|p1a: Scizor|Knock Off|p2a: Skarmory
|-damage|p2a: Skarmory|101\/334
|move|p2a: Skarmory|Roost|p2a: Skarmory
|-heal|p2a: Skarmory|268\/334
|
|turn|66
|c| prettygirlamphar0s|u should try for sign up
|c| prettygirlamphar0s|http:\/\/www.smogon.com\/forums\/threads\/season-6-farm-league-sign-ups.3524883\/
|
|move|p1a: Scizor|Swords Dance|p1a: Scizor
|-boost|p1a: Scizor|atk|2
|move|p2a: Skarmory|Spikes|p1a: Scizor
|-sidestart|p1: F U BP|Spikes
|
|turn|67
|c|âF U BP|talk after :)
|
|move|p1a: Scizor|Knock Off|p2a: Skarmory
|-damage|p2a: Skarmory|142\/334
|move|p2a: Skarmory|Whirlwind|p1a: Scizor
|drag|p1a: Heatran|Heatran, F|287\/323
|-damage|p1a: Heatran|247\/323|[from] Stealth Rock
|-damage|p1a: Heatran|207\/323|[from] Spikes
|
|-heal|p1a: Heatran|227\/323|[from] item: Leftovers
|turn|68
|c| prettygirlamphar0s|i lost anyway probs unless u major chocke
|c| prettygirlamphar0s|aye mankey u should become a tourney player
|c| prettygirlamphar0s|or anyone tbh
|c| prettygirlamphar0s|like pokeaim
|
|switch|p2a: Chansey|Chansey, F|589\/642
|-damage|p2a: Chansey|509\/642|[from] Stealth Rock
|move|p1a: Heatran|Fire Blast|p2a: Chansey|[miss]
|-miss|p1a: Heatran|p2a: Chansey
|
|-heal|p1a: Heatran|247\/323|[from] item: Leftovers
|turn|69
|c| prettygirlamphar0s|(hes bad tho)
|c| prettygirlamphar0s|look at ur keyboard and between y and i you will find a dumbass
|
|switch|p1a: Rotom-Wash|Rotom-Wash|157\/304
|-damage|p1a: Rotom-Wash|119\/304|[from] Stealth Rock
|switch|p2a: Skarmory|Skarmory, M|142\/334
|-damage|p2a: Skarmory|101\/334|[from] Stealth Rock
|
|-heal|p1a: Rotom-Wash|138\/304|[from] item: Leftovers
|turn|70
|c| prettygirlamphar0s|jkjk
|
|switch|p2a: Dragalge|Dragalge, F|168\/334
|-damage|p2a: Dragalge|127\/334|[from] Stealth Rock
|move|p1a: Rotom-Wash|Volt Switch|p2a: Dragalge
|-resisted|p2a: Dragalge
|-damage|p2a: Dragalge|101\/334
|c| prettygirlamphar0s|spacemankey is ur next tourney gonna be ou again?
|c| PrettyBoyAmphar0s|Nope
|c| PrettyBoyAmphar0s|UU and Below.
|c| prettygirlamphar0s|no go ubers
|c| prettygirlamphar0s|i need help for spl
|c| prettygirlamphar0s|im playing uber for my team
|c| PrettyBoyAmphar0s|lol
|c|âF U BP|internet OP, my bad
|c| Jolteon AYE|dont be DQ oml
|
|switch|p1a: Latios|Latios, M|219\/302
|-damage|p1a: Latios|182\/302|[from] Stealth Rock
|
|-heal|p1a: Latios|200\/302|[from] item: Leftovers
|-heal|p2a: Dragalge|121\/334|[from] item: Black Sludge
|turn|71
|c| prettygirlamphar0s|i cant turn it off
|c| prettygirlamphar0s|there we go
|c|âF U BP|sorry about that
|
|switch|p2a: Bisharp|Bisharp, F|19\/271
|-damage|p2a: Bisharp|3\/271|[from] Stealth Rock
|move|p1a: Latios|Psyshock|p2a: Bisharp
|-immune|p2a: Bisharp|[msg]
|
|-heal|p1a: Latios|218\/302|[from] item: Leftovers
|turn|72
|
|switch|p1a: Scizor|Scizor-Mega, F|205\/343
|-damage|p1a: Scizor|163\/343|[from] Stealth Rock
|-damage|p1a: Scizor|121\/343|[from] Spikes
|move|p2a: Bisharp|Knock Off|p1a: Scizor
|-damage|p1a: Scizor|57\/343
|
|turn|73
|
|move|p1a: Scizor|Bullet Punch|p2a: Bisharp
|-resisted|p2a: Bisharp
|-damage|p2a: Bisharp|0 fnt
|faint|p2a: Bisharp
|
|
|switch|p2a: Dragalge|Dragalge, F|121\/334
|-damage|p2a: Dragalge|80\/334|[from] Stealth Rock
|turn|74
|c| prettygirlamphar0s|y u trick my bisharp
|c| prettygirlamphar0s|:[[[
|c| prettygirlamphar0s|oops missclicked
|c|âF U BP|predicted chansey actually
|c|âF U BP|but this worked out
|c| prettygirlamphar0s|bisharp was sub sd
|c| prettygirlamphar0s|with leftovers
|c|âF U BP|that would have been deadly
|c| Jolteon AYE|ur evil
|c|âF U BP|knock off iron head?
|
|move|p1a: Scizor|Bullet Punch|p2a: Dragalge
|-damage|p2a: Dragalge|0 fnt
|faint|p2a: Dragalge
|
|c| prettygirlamphar0s|sucker not iron
|-message|prettygirlamphar0s forfeited.
|c|âF U BP|ah nb
|
|win|F U BP
|c| prettygirlamphar0s|adjkaldsg
|
|switch|p2a: Skarmory|Skarmory, M|101\/334
|c| prettygirlamphar0s|follow me
|c| prettygirlamphar0s|on instagram
|c| prettygirlamphar0s|princess.carmen
|c| prettygirlamphar0s|ahh
|c| Jolteon AYE|only insta?
|c| prettygirlamphar0s|got my s\/o
|c| PrettyBoyAmphar0s|xD I gotchu.
|c| Stahpitnintendo|das me
|c|âF U BP|gg man
|leave|prettygirlamphar0s
|player|p2
|leave|Jolteon AYE
|join|Jolteon AYE
|join|prettygirlamphar0s
|c| prettygirlamphar0s|follow
|c| prettygirlamphar0s|http:\/\/instagram.com\/princess.carmen\/
|c| prettygirlamphar0s|http:\/\/instagram.com\/princess.carmen\/
|c| prettygirlamphar0s|http:\/\/instagram.com\/princess.carmen\/
|c| prettygirlamphar0s|http:\/\/instagram.com\/princess.carmen\/
|c| prettygirlamphar0s|http:\/\/instagram.com\/princess.carmen\/
|c| prettygirlamphar0s|im desperate
|leave|SpaceMankey
|leave|prettygirlamphar0s
|leave|LogicVMG
|join|prettygirlamphar0s
|leave|prettygirlamphar0s
|leave|PrettyBoyAmphar0s
|leave|F U BP
|player|p1
|leave|Stahpitnintendo