|join|F U BP
|join|Suicuneisnotdoge
|player|p1|F U BP|290
|player|p2|Suicuneisnotdoge|80
|gametype|singles
|gen|6
|tier|OU (suspect test)
|rated
|clearpoke
|poke|p1|Heatran, F
|poke|p1|Scizor, M
|poke|p1|Sylveon, M
|poke|p1|Latios, M
|poke|p1|Rotom-Wash
|poke|p1|Landorus-Therian, M
|poke|p2|Empoleon, M
|poke|p2|Zapdos
|poke|p2|Landorus-Therian, M
|poke|p2|Gardevoir, M
|poke|p2|Kyurem-Black
|poke|p2|Slowbro, F
|rule|Swagger Clause: Swagger is banned
|rule|Baton Pass Clause: Limit one PokÃ©mon knowing Baton Pass
|rule|Sleep Clause Mod: Limit one foe put to sleep
|rule|Species Clause: Limit one of each PokÃ©mon
|rule|OHKO Clause: OHKO moves are banned
|rule|Moody Clause: Moody is banned
|rule|Evasion Moves Clause: Evasion moves are banned
|rule|Endless Battle Clause: Forcing endless battles is banned
|rule|HP Percentage Mod: HP is shown in percentages
|teampreview
|
|start
|switch|p1a: Landorus-Therian|Landorus-Therian, M|328\/328
|switch|p2a: Kyurem-Black|Kyurem-Black|391\/391
|-ability|p1a: Landorus-Therian|Intimidate|[of] p2a: Kyurem-Black
|-unboost|p2a: Kyurem-Black|atk|1
|-ability|p2a: Kyurem-Black|Teravolt
|turn|1
|
|move|p1a: Landorus-Therian|U-turn|p2a: Kyurem-Black
|-damage|p2a: Kyurem-Black|308\/391
|
|switch|p1a: Sylveon|Sylveon, M|390\/390
|move|p2a: Kyurem-Black|Ice Beam|p1a: Sylveon
|-damage|p1a: Sylveon|284\/390
|
|-heal|p1a: Sylveon|308\/390|[from] item: Leftovers
|turn|2
|
|switch|p2a: Empoleon|Empoleon, M|369\/369
|move|p1a: Sylveon|Protect|p1a: Sylveon
|-fail|p1a: Sylveon
|
|-heal|p1a: Sylveon|332\/390|[from] item: Leftovers
|turn|3
|
|switch|p1a: Rotom-Wash|Rotom-Wash|304\/304
|move|p2a: Empoleon|Scald|p1a: Rotom-Wash
|-resisted|p1a: Rotom-Wash
|-damage|p1a: Rotom-Wash|253\/304
|
|-heal|p1a: Rotom-Wash|272\/304|[from] item: Leftovers
|turn|4
|
|move|p1a: Rotom-Wash|Will-O-Wisp|p2a: Empoleon
|-status|p2a: Empoleon|brn
|move|p2a: Empoleon|Toxic|p1a: Rotom-Wash
|-status|p1a: Rotom-Wash|tox
|
|-heal|p1a: Rotom-Wash|291\/304 tox|[from] item: Leftovers
|-damage|p1a: Rotom-Wash|272\/304 tox|[from] psn
|-damage|p2a: Empoleon|323\/369 brn|[from] brn
|turn|5
|
|move|p1a: Rotom-Wash|Volt Switch|p2a: Empoleon
|-supereffective|p2a: Empoleon
|-damage|p2a: Empoleon|203\/369 brn
|
|switch|p1a: Sylveon|Sylveon, M|332\/390
|move|p2a: Empoleon|Stealth Rock|p1a: Sylveon
|-sidestart|p1: F U BP|move: Stealth Rock
|
|-heal|p2a: Empoleon|226\/369 brn|[from] item: Leftovers
|-heal|p1a: Sylveon|356\/390|[from] item: Leftovers
|-damage|p2a: Empoleon|180\/369 brn|[from] brn
|turn|6
|
|move|p1a: Sylveon|Heal Bell|p1a: Sylveon
|-cureteam|p1a: Sylveon|[from] move: HealBell
|move|p2a: Empoleon|Toxic|p1a: Sylveon
|-status|p1a: Sylveon|tox
|
|-heal|p1a: Sylveon|380\/390 tox|[from] item: Leftovers
|-heal|p2a: Empoleon|203\/369 brn|[from] item: Leftovers
|-damage|p2a: Empoleon|157\/369 brn|[from] brn
|-damage|p1a: Sylveon|356\/390 tox|[from] psn
|turn|7
|
|switch|p2a: Gardevoir|Gardevoir, M|277\/277
|-ability|p2a: Gardevoir|Pixilate|[from] ability: Trace|[of] p1a: Sylveon
|move|p1a: Sylveon|Heal Bell|p1a: Sylveon
|-cureteam|p1a: Sylveon|[from] move: HealBell
|
|-heal|p1a: Sylveon|380\/390|[from] item: Leftovers
|turn|8
|
|detailschange|p2a: Gardevoir|Gardevoir-Mega, M
|-mega|p2a: Gardevoir|Gardevoir|Gardevoirite
|move|p1a: Sylveon|Protect|p1a: Sylveon
|-singleturn|p1a: Sylveon|Protect
|move|p2a: Gardevoir|Psyshock|p1a: Sylveon
|-activate|p1a: Sylveon|Protect
|
|-heal|p1a: Sylveon|390\/390|[from] item: Leftovers
|turn|9
|
|switch|p1a: Scizor|Scizor, M|343\/343
|-damage|p1a: Scizor|301\/343|[from] Stealth Rock
|move|p2a: Gardevoir|Calm Mind|p2a: Gardevoir
|-boost|p2a: Gardevoir|spa|1
|-boost|p2a: Gardevoir|spd|1
|
|turn|10
|
|switch|p2a: Zapdos|Zapdos|384\/384
|-ability|p2a: Zapdos|Pressure
|detailschange|p1a: Scizor|Scizor-Mega, M
|-mega|p1a: Scizor|Scizor|Scizorite
|move|p1a: Scizor|Bullet Punch|p2a: Zapdos
|-crit|p2a: Zapdos
|-resisted|p2a: Zapdos
|-damage|p2a: Zapdos|317\/384
|
|-heal|p2a: Zapdos|341\/384|[from] item: Leftovers
|turn|11
|
|switch|p2a: Kyurem-Black|Kyurem-Black|308\/391
|-ability|p2a: Kyurem-Black|Teravolt
|switch|p1a: Heatran|Heatran, F|323\/323
|-damage|p1a: Heatran|283\/323|[from] Stealth Rock
|
|-heal|p1a: Heatran|303\/323|[from] item: Leftovers
|turn|12
|
|switch|p1a: Sylveon|Sylveon, M|390\/390
|-damage|p1a: Sylveon|342\/390|[from] Stealth Rock
|move|p2a: Kyurem-Black|Earth Power|p1a: Sylveon
|-damage|p1a: Sylveon|262\/390
|
|-heal|p1a: Sylveon|286\/390|[from] item: Leftovers
|turn|13
|
|switch|p2a: Empoleon|Empoleon, M|157\/369 brn
|move|p1a: Sylveon|Hyper Voice|p2a: Empoleon
|-resisted|p2a: Empoleon
|-damage|p2a: Empoleon|99\/369 brn
|
|-heal|p2a: Empoleon|122\/369 brn|[from] item: Leftovers
|-heal|p1a: Sylveon|310\/390|[from] item: Leftovers
|-damage|p2a: Empoleon|76\/369 brn|[from] brn
|turn|14
|
|switch|p2a: Gardevoir|Gardevoir-Mega, M|277\/277
|move|p1a: Sylveon|Wish|p1a: Sylveon
|
|-heal|p1a: Sylveon|334\/390|[from] item: Leftovers
|turn|15
|
|switch|p1a: Scizor|Scizor-Mega, M|301\/343
|-damage|p1a: Scizor|259\/343|[from] Stealth Rock
|move|p2a: Gardevoir|Psyshock|p1a: Scizor
|-resisted|p1a: Scizor
|-damage|p1a: Scizor|209\/343
|
|-heal|p1a: Scizor|343\/343|[from] move: Wish|[wisher] Sylveon
|turn|16
|
|switch|p2a: Zapdos|Zapdos|341\/384
|-ability|p2a: Zapdos|Pressure
|switch|p1a: Rotom-Wash|Rotom-Wash|272\/304
|-damage|p1a: Rotom-Wash|234\/304|[from] Stealth Rock
|
|-heal|p2a: Zapdos|365\/384|[from] item: Leftovers
|-heal|p1a: Rotom-Wash|253\/304|[from] item: Leftovers
|turn|17
|
|switch|p2a: Empoleon|Empoleon, M|76\/369 brn
|move|p1a: Rotom-Wash|Will-O-Wisp|p2a: Empoleon
|-fail|p2a: Empoleon|brn
|
|-heal|p1a: Rotom-Wash|272\/304|[from] item: Leftovers
|-heal|p2a: Empoleon|99\/369 brn|[from] item: Leftovers
|-damage|p2a: Empoleon|53\/369 brn|[from] brn
|turn|18
|
|move|p1a: Rotom-Wash|Volt Switch|p2a: Empoleon
|-supereffective|p2a: Empoleon
|-damage|p2a: Empoleon|0 fnt
|faint|p2a: Empoleon
|
|switch|p1a: Scizor|Scizor-Mega, M|343\/343
|-damage|p1a: Scizor|301\/343|[from] Stealth Rock
|
|
|switch|p2a: Zapdos|Zapdos|365\/384
|-ability|p2a: Zapdos|Pressure
|turn|19
|
|switch|p1a: Heatran|Heatran, F|303\/323
|-damage|p1a: Heatran|263\/323|[from] Stealth Rock
|move|p2a: Zapdos|Discharge|p1a: Heatran
|-damage|p1a: Heatran|155\/323
|-status|p1a: Heatran|par
|
|-heal|p2a: Zapdos|384\/384|[from] item: Leftovers
|-heal|p1a: Heatran|175\/323 par|[from] item: Leftovers
|turn|20
|
|switch|p2a: Landorus-Therian|Landorus-Therian, M|319\/319
|-ability|p2a: Landorus-Therian|Intimidate|[of] p1a: Heatran
|-unboost|p1a: Heatran|atk|1
|move|p1a: Heatran|Stealth Rock|p2a: Landorus-Therian
|-sidestart|p2: Suicuneisnotdoge|move: Stealth Rock
|
|-heal|p1a: Heatran|195\/323 par|[from] item: Leftovers
|turn|21
|
|switch|p1a: Rotom-Wash|Rotom-Wash|272\/304
|-damage|p1a: Rotom-Wash|234\/304|[from] Stealth Rock
|move|p2a: Landorus-Therian|U-turn|p1a: Rotom-Wash
|-damage|p1a: Rotom-Wash|169\/304
|
|switch|p2a: Gardevoir|Gardevoir-Mega, M|277\/277
|-damage|p2a: Gardevoir|243\/277|[from] Stealth Rock
|
|-heal|p1a: Rotom-Wash|188\/304|[from] item: Leftovers
|turn|22
|
|switch|p1a: Scizor|Scizor-Mega, M|301\/343
|-damage|p1a: Scizor|259\/343|[from] Stealth Rock
|move|p2a: Gardevoir|Hyper Voice|p1a: Scizor
|-resisted|p1a: Scizor
|-damage|p1a: Scizor|124\/343
|
|turn|23
|
|switch|p2a: Zapdos|Zapdos|384\/384
|-damage|p2a: Zapdos|288\/384|[from] Stealth Rock
|-ability|p2a: Zapdos|Pressure
|move|p1a: Scizor|Roost|p1a: Scizor
|-heal|p1a: Scizor|296\/343
|
|-heal|p2a: Zapdos|312\/384|[from] item: Leftovers
|turn|24
|
|switch|p1a: Sylveon|Sylveon, M|334\/390
|-damage|p1a: Sylveon|286\/390|[from] Stealth Rock
|move|p2a: Zapdos|Defog|p1a: Sylveon
|-unboost|p1a: Sylveon|evasion|1
|-sideend|p1: F U BP|Stealth Rock|[from] move: Defog|[of] p1a: Sylveon
|-sideend|p2: Suicuneisnotdoge|Stealth Rock|[from] move: Defog|[of] p2a: Zapdos
|
|-heal|p2a: Zapdos|336\/384|[from] item: Leftovers
|-heal|p1a: Sylveon|310\/390|[from] item: Leftovers
|turn|25
|
|move|p2a: Zapdos|Discharge|p1a: Sylveon
|-damage|p1a: Sylveon|223\/390
|move|p1a: Sylveon|Hyper Voice|p2a: Zapdos
|-damage|p2a: Zapdos|143\/384
|
|-heal|p2a: Zapdos|167\/384|[from] item: Leftovers
|-heal|p1a: Sylveon|247\/390|[from] item: Leftovers
|turn|26
|
|switch|p2a: Slowbro|Slowbro, F|394\/394
|move|p1a: Sylveon|Wish|p1a: Sylveon
|
|-heal|p1a: Sylveon|271\/390|[from] item: Leftovers
|turn|27
|
|switch|p1a: Rotom-Wash|Rotom-Wash|188\/304
|move|p2a: Slowbro|Slack Off|p2a: Slowbro
|-fail|p2a: Slowbro
|
|-heal|p1a: Rotom-Wash|304\/304|[from] move: Wish|[wisher] Sylveon
|turn|28
|-message|Suicuneisnotdoge forfeited.
|leave|Suicuneisnotdoge
|
|win|F U BP
|raw|Ladder updating...
|player|p2
|raw|F U BP's rating: 1419 &rarr; <strong>1441<\/strong><br \/>(+22 for winning)
|raw|Suicuneisnotdoge's rating: 1454 &rarr; <strong>1432<\/strong><br \/>(-22 for losing)