|join|Shizou
|join|dtw
|player|p1|Shizou|148
|player|p2|dtw|1
|gametype|singles
|gen|6
|tier|OU
|rated
|clearpoke
|poke|p1|Mew
|poke|p1|Heracross, F
|poke|p1|Keldeo-Resolute
|poke|p1|Heatran, F
|poke|p1|Landorus-Therian, M
|poke|p1|Raikou
|poke|p2|Excadrill, M
|poke|p2|Pinsir, F
|poke|p2|Terrakion
|poke|p2|Staraptor, M
|poke|p2|Talonflame, M
|poke|p2|Thundurus, M
|rule|Swagger Clause: Swagger is banned
|rule|Baton Pass Clause: Limit one PokÃ©mon knowing Baton Pass
|rule|Sleep Clause Mod: Limit one foe put to sleep
|rule|Species Clause: Limit one of each PokÃ©mon
|rule|OHKO Clause: OHKO moves are banned
|rule|Moody Clause: Moody is banned
|rule|Evasion Moves Clause: Evasion moves are banned
|rule|Endless Battle Clause: Forcing endless battles is banned
|rule|HP Percentage Mod: HP is shown in percentages
|teampreview
|
|start
|switch|p1a: Mew|Mew|404\/404
|switch|p2a: Terrakion|Terrakion|323\/323
|turn|1
|
|switch|p1a: Landorus-Therian|Landorus-Therian, M|320\/320
|-ability|p1a: Landorus-Therian|Intimidate|[of] p2a: Terrakion
|-unboost|p2a: Terrakion|atk|1
|move|p2a: Terrakion|Taunt|p1a: Landorus-Therian
|-start|p1a: Landorus-Therian|move: Taunt
|
|turn|2
|
|move|p1a: Landorus-Therian|Earthquake|p2a: Terrakion
|-supereffective|p2a: Terrakion
|-enditem|p2a: Terrakion|Focus Sash
|-damage|p2a: Terrakion|1\/323
|move|p2a: Terrakion|Stealth Rock|p1a: Landorus-Therian
|-sidestart|p1: Shizou|move: Stealth Rock
|
|turn|3
|
|switch|p1a: Mew|Mew|404\/404
|-damage|p1a: Mew|354\/404|[from] Stealth Rock
|move|p2a: Terrakion|Stone Edge|p1a: Mew|[miss]
|-miss|p2a: Terrakion|p1a: Mew
|
|-heal|p1a: Mew|379\/404|[from] item: Leftovers
|turn|4
|
|move|p2a: Terrakion|Taunt|p1a: Mew
|-start|p1a: Mew|move: Taunt
|move|p1a: Mew|Knock Off|p2a: Terrakion
|-resisted|p2a: Terrakion
|-damage|p2a: Terrakion|0 fnt
|faint|p2a: Terrakion
|
|-heal|p1a: Mew|404\/404|[from] item: Leftovers
|
|switch|p2a: Staraptor|Staraptor, M|311\/311
|turn|5
|
|switch|p1a: Heatran|Heatran, F|323\/323
|-damage|p1a: Heatran|283\/323|[from] Stealth Rock
|-item|p1a: Heatran|Air Balloon
|move|p2a: Staraptor|U-turn|p1a: Heatran
|-resisted|p1a: Heatran
|-damage|p1a: Heatran|254\/323
|-enditem|p1a: Heatran|Air Balloon
|
|switch|p2a: Pinsir|Pinsir, F|271\/271
|
|turn|6
|
|switch|p1a: Landorus-Therian|Landorus-Therian, M|320\/320
|-damage|p1a: Landorus-Therian|280\/320|[from] Stealth Rock
|-ability|p1a: Landorus-Therian|Intimidate|[of] p2a: Pinsir
|-fail|p2a: Pinsir|unboost|Attack|[from] ability: Hyper Cutter|[of] p2a: Pinsir
|detailschange|p2a: Pinsir|Pinsir-Mega, F
|message|Pinsir has Mega Evolved into Mega Pinsir!
|move|p2a: Pinsir|Close Combat|p1a: Landorus-Therian
|-resisted|p1a: Landorus-Therian
|-damage|p1a: Landorus-Therian|184\/320
|-unboost|p2a: Pinsir|def|1
|-unboost|p2a: Pinsir|spd|1
|
|turn|7
|
|switch|p2a: Excadrill|Excadrill, M|361\/361
|-ability|p2a: Excadrill|Mold Breaker
|-item|p2a: Excadrill|Air Balloon
|move|p1a: Landorus-Therian|U-turn|p2a: Excadrill
|-resisted|p2a: Excadrill
|-damage|p2a: Excadrill|288\/361
|-enditem|p2a: Excadrill|Air Balloon
|
|switch|p1a: Keldeo-Resolute|Keldeo-Resolute|323\/323
|-damage|p1a: Keldeo-Resolute|303\/323|[from] Stealth Rock
|
|turn|8
|
|move|p1a: Keldeo-Resolute|Scald|p2a: Excadrill
|-supereffective|p2a: Excadrill
|-damage|p2a: Excadrill|0 fnt
|faint|p2a: Excadrill
|
|
|switch|p2a: Thundurus|Thundurus, M|299\/299
|turn|9
|
|switch|p1a: Mew|Mew|404\/404
|-damage|p1a: Mew|354\/404|[from] Stealth Rock
|move|p2a: Thundurus|Thunderbolt|p1a: Mew
|-damage|p1a: Mew|248\/404
|
|-heal|p1a: Mew|273\/404|[from] item: Leftovers
|turn|10
|
|move|p2a: Thundurus|Knock Off|p1a: Mew
|-supereffective|p1a: Mew
|-damage|p1a: Mew|73\/404
|-enditem|p1a: Mew|Leftovers|[from] move: Knock Off|[of] p2a: Thundurus
|move|p1a: Mew|Knock Off|p2a: Thundurus
|-damage|p2a: Thundurus|197\/299
|-enditem|p2a: Thundurus|Leftovers|[from] move: Knock Off|[of] p1a: Mew
|
|turn|11
|
|move|p2a: Thundurus|Thunderbolt|p1a: Mew
|-damage|p1a: Mew|0 fnt
|faint|p1a: Mew
|
|
|switch|p1a: Raikou|Raikou|322\/322
|-damage|p1a: Raikou|282\/322|[from] Stealth Rock
|-ability|p1a: Raikou|Pressure
|turn|12
|
|move|p1a: Raikou|Thunderbolt|p2a: Thundurus
|-damage|p2a: Thundurus|0 fnt
|faint|p2a: Thundurus
|
|
|switch|p2a: Talonflame|Talonflame, M|297\/297
|turn|13
|
|switch|p1a: Heatran|Heatran, F|254\/323
|-damage|p1a: Heatran|214\/323|[from] Stealth Rock
|move|p2a: Talonflame|Brave Bird|p1a: Heatran
|-resisted|p1a: Heatran
|-damage|p1a: Heatran|101\/323
|-damage|p2a: Talonflame|260\/297|[from] recoil|[of] p1a: Heatran
|
|turn|14
|
|switch|p1a: Landorus-Therian|Landorus-Therian, M|184\/320
|-damage|p1a: Landorus-Therian|144\/320|[from] Stealth Rock
|-ability|p1a: Landorus-Therian|Intimidate|[of] p2a: Talonflame
|-unboost|p2a: Talonflame|atk|1
|move|p2a: Talonflame|Brave Bird|p1a: Landorus-Therian
|-damage|p1a: Landorus-Therian|0 fnt
|-damage|p2a: Talonflame|212\/297|[from] recoil|[of] p1a: Landorus-Therian
|faint|p1a: Landorus-Therian
|
|
|switch|p1a: Raikou|Raikou|282\/322
|-damage|p1a: Raikou|242\/322|[from] Stealth Rock
|-ability|p1a: Raikou|Pressure
|turn|15
|
|switch|p2a: Staraptor|Staraptor, M|311\/311
|move|p1a: Raikou|Thunderbolt|p2a: Staraptor
|-supereffective|p2a: Staraptor
|-damage|p2a: Staraptor|0 fnt
|faint|p2a: Staraptor
|
|
|switch|p2a: Talonflame|Talonflame, M|212\/297
|turn|16
|
|switch|p1a: Heatran|Heatran, F|101\/323
|-damage|p1a: Heatran|61\/323|[from] Stealth Rock
|move|p2a: Talonflame|Brave Bird|p1a: Heatran
|-resisted|p1a: Heatran
|-damage|p1a: Heatran|0 fnt
|-damage|p2a: Talonflame|192\/297|[from] recoil|[of] p1a: Heatran
|faint|p1a: Heatran
|
|
|switch|p1a: Raikou|Raikou|242\/322
|-damage|p1a: Raikou|202\/322|[from] Stealth Rock
|-ability|p1a: Raikou|Pressure
|turn|17
|
|move|p2a: Talonflame|Brave Bird|p1a: Raikou
|-resisted|p1a: Raikou
|-damage|p1a: Raikou|25\/322
|-damage|p2a: Talonflame|134\/297|[from] recoil|[of] p1a: Raikou
|move|p1a: Raikou|Thunderbolt|p2a: Talonflame
|-crit|p2a: Talonflame
|-supereffective|p2a: Talonflame
|-damage|p2a: Talonflame|0 fnt
|faint|p2a: Talonflame
|
|
|switch|p2a: Pinsir|Pinsir-Mega, F|271\/271
|turn|18
|
|move|p2a: Pinsir|Quick Attack|p1a: Raikou
|-resisted|p1a: Raikou
|-damage|p1a: Raikou|0 fnt
|faint|p1a: Raikou
|
|
|switch|p1a: Keldeo-Resolute|Keldeo-Resolute|303\/323
|-damage|p1a: Keldeo-Resolute|283\/323|[from] Stealth Rock
|turn|19
|
|move|p2a: Pinsir|Quick Attack|p1a: Keldeo-Resolute
|-supereffective|p1a: Keldeo-Resolute
|-damage|p1a: Keldeo-Resolute|43\/323
|move|p1a: Keldeo-Resolute|Scald|p2a: Pinsir
|-damage|p2a: Pinsir|46\/271
|
|turn|20
|
|move|p2a: Pinsir|Quick Attack|p1a: Keldeo-Resolute
|-supereffective|p1a: Keldeo-Resolute
|-damage|p1a: Keldeo-Resolute|0 fnt
|faint|p1a: Keldeo-Resolute
|
|-message|Shizou forfeited.
|
|win|dtw
|raw|Ladder updating...
|leave|Shizou
|player|p1