|join|Bloody Sunday
|join|Shizou
|player|p1|Bloody Sunday|68
|player|p2|Shizou|283
|gametype|singles
|gen|6
|tier|OU
|rated
|clearpoke
|poke|p1|Chansey, F
|poke|p1|Keldeo
|poke|p1|Heatran, F
|poke|p1|Skarmory, M
|poke|p1|Bisharp, F
|poke|p1|Venusaur, M
|poke|p2|Charizard, M
|poke|p2|Terrakion
|poke|p2|Skarmory, M
|poke|p2|Azumarill, M
|poke|p2|Thundurus, M
|poke|p2|Aegislash, F
|rule|Swagger Clause: Swagger is banned
|rule|Baton Pass Clause: Limit one PokÃ©mon knowing Baton Pass
|rule|Sleep Clause Mod: Limit one foe put to sleep
|rule|Species Clause: Limit one of each PokÃ©mon
|rule|OHKO Clause: OHKO moves are banned
|rule|Moody Clause: Moody is banned
|rule|Evasion Moves Clause: Evasion moves are banned
|rule|Endless Battle Clause: Forcing endless battles is banned
|rule|HP Percentage Mod: HP is reported as percentages
|teampreview
|
|start
|switch|p1a: Venusaur|Venusaur, M|364\/364
|switch|p2a: Charizard|Charizard, M|298\/298
|turn|1
|
|switch|p2a: Azumarill|Azumarill, M|404\/404
|detailschange|p1a: Venusaur|Venusaur-Mega, M
|message|Venusaur has Mega Evolved into Mega Venusaur!
|move|p1a: Venusaur|Leech Seed|p2a: Azumarill|[miss]
|-miss|p1a: Venusaur|p2a: Azumarill
|
|turn|2
|
|switch|p2a: Charizard|Charizard, M|298\/298
|move|p1a: Venusaur|Leech Seed|p2a: Charizard
|-start|p2a: Charizard|move: Leech Seed
|
|-damage|p2a: Charizard|261\/298|[from] Leech Seed|[of] p1a: Venusaur
|turn|3
|join|rtwertr
|
|switch|p1a: Heatran|Heatran, F|340\/340
|-item|p1a: Heatran|Air Balloon
|detailschange|p2a: Charizard|Charizard-Mega-X, M
|message|Charizard has Mega Evolved into Mega Charizard!
|move|p2a: Charizard|Dragon Dance|p2a: Charizard
|-boost|p2a: Charizard|atk|1
|-boost|p2a: Charizard|spe|1
|
|-damage|p2a: Charizard|224\/298|[from] Leech Seed|[of] p1a: Heatran
|turn|4
|
|switch|p2a: Terrakion|Terrakion|323\/323
|move|p1a: Heatran|Toxic|p2a: Terrakion
|-status|p2a: Terrakion|tox
|
|-damage|p2a: Terrakion|303\/323 tox|[from] psn
|turn|5
|join|call me a dog
|
|switch|p1a: Venusaur|Venusaur-Mega, M|364\/364
|move|p2a: Terrakion|Taunt|p1a: Venusaur
|-start|p1a: Venusaur|move: Taunt
|
|-damage|p2a: Terrakion|263\/323 tox|[from] psn
|turn|6
|
|switch|p2a: Charizard|Charizard-Mega-X, M|224\/298
|move|p1a: Venusaur|Giga Drain|p2a: Charizard
|-crit|p2a: Charizard
|-resisted|p2a: Charizard
|-damage|p2a: Charizard|182\/298
|
|turn|7
|
|switch|p1a: Heatran|Heatran, F|340\/340
|-item|p1a: Heatran|Air Balloon
|move|p2a: Charizard|Dragon Claw|p1a: Heatran
|-resisted|p1a: Heatran
|-damage|p1a: Heatran|255\/340
|-enditem|p1a: Heatran|Air Balloon
|
|turn|8
|
|switch|p2a: Terrakion|Terrakion|263\/323 tox
|move|p1a: Heatran|Stealth Rock|p2a: Terrakion
|-sidestart|p2: Shizou|move: Stealth Rock
|
|-damage|p2a: Terrakion|243\/323 tox|[from] psn
|turn|9
|
|switch|p1a: Venusaur|Venusaur-Mega, M|364\/364
|move|p2a: Terrakion|Stealth Rock|p1a: Venusaur
|-sidestart|p1: Bloody Sunday|move: Stealth Rock
|
|-damage|p2a: Terrakion|203\/323 tox|[from] psn
|turn|10
|
|switch|p2a: Skarmory|Skarmory, M|334\/334
|-damage|p2a: Skarmory|293\/334|[from] Stealth Rock
|move|p1a: Venusaur|Leech Seed|p2a: Skarmory
|-start|p2a: Skarmory|move: Leech Seed
|
|-heal|p2a: Skarmory|313\/334|[from] item: Leftovers
|-damage|p2a: Skarmory|272\/334|[from] Leech Seed|[of] p1a: Venusaur
|turn|11
|
|move|p1a: Venusaur|Hidden Power|p2a: Skarmory
|-supereffective|p2a: Skarmory
|-damage|p2a: Skarmory|116\/334
|move|p2a: Skarmory|Whirlwind|p1a: Venusaur
|drag|p1a: Heatran|Heatran, F|255\/340
|-damage|p1a: Heatran|213\/340|[from] Stealth Rock
|
|-heal|p2a: Skarmory|136\/334|[from] item: Leftovers
|-damage|p2a: Skarmory|95\/334|[from] Leech Seed|[of] p1a: Heatran
|-heal|p1a: Heatran|254\/340|[silent]
|turn|12
|
|switch|p2a: Azumarill|Azumarill, M|404\/404
|-damage|p2a: Azumarill|354\/404|[from] Stealth Rock
|move|p1a: Heatran|Fire Blast|p2a: Azumarill
|-resisted|p2a: Azumarill
|-damage|p2a: Azumarill|285\/404
|
|turn|13
|
|switch|p1a: Venusaur|Venusaur-Mega, M|364\/364
|-damage|p1a: Venusaur|319\/364|[from] Stealth Rock
|move|p2a: Azumarill|Waterfall|p1a: Venusaur
|-resisted|p1a: Venusaur
|-damage|p1a: Venusaur|267\/364
|
|turn|14
|
|switch|p2a: Charizard|Charizard-Mega-X, M|182\/298
|-damage|p2a: Charizard|108\/298|[from] Stealth Rock
|move|p1a: Venusaur|Giga Drain|p2a: Charizard
|-resisted|p2a: Charizard
|-damage|p2a: Charizard|79\/298
|-heal|p1a: Venusaur|282\/364|[from] drain|[of] p2a: Charizard
|
|turn|15
|
|move|p2a: Charizard|Roost|p2a: Charizard
|-heal|p2a: Charizard|228\/298
|move|p1a: Venusaur|Leech Seed|p2a: Charizard
|-start|p2a: Charizard|move: Leech Seed
|
|-damage|p2a: Charizard|191\/298|[from] Leech Seed|[of] p1a: Venusaur
|-heal|p1a: Venusaur|319\/364|[silent]
|turn|16
|
|switch|p2a: Aegislash|Aegislash, F|311\/311
|-damage|p2a: Aegislash|292\/311|[from] Stealth Rock
|move|p1a: Venusaur|Giga Drain|p2a: Aegislash
|-resisted|p2a: Aegislash
|-damage|p2a: Aegislash|256\/311
|-heal|p1a: Venusaur|337\/364|[from] drain|[of] p2a: Aegislash
|
|-heal|p2a: Aegislash|275\/311|[from] item: Leftovers
|turn|17
|
|move|p1a: Venusaur|Leech Seed|p2a: Aegislash|[miss]
|-miss|p1a: Venusaur|p2a: Aegislash
|-formechange|p2a: Aegislash|Aegislash-Blade
|move|p2a: Aegislash|Shadow Ball|p1a: Venusaur
|-damage|p1a: Venusaur|201\/364
|-unboost|p1a: Venusaur|spd|1
|
|-heal|p2a: Aegislash|294\/311|[from] item: Leftovers
|turn|18
|
|switch|p2a: Terrakion|Terrakion|203\/323 tox
|-damage|p2a: Terrakion|183\/323 tox|[from] Stealth Rock
|move|p1a: Venusaur|Hidden Power|p2a: Terrakion
|-resisted|p2a: Terrakion
|-damage|p2a: Terrakion|154\/323 tox
|
|-damage|p2a: Terrakion|134\/323 tox|[from] psn
|turn|19
|
|move|p2a: Terrakion|Taunt|p1a: Venusaur
|-start|p1a: Venusaur|move: Taunt
|move|p1a: Venusaur|Giga Drain|p2a: Terrakion
|-supereffective|p2a: Terrakion
|-damage|p2a: Terrakion|0 fnt
|-heal|p1a: Venusaur|268\/364|[from] drain|[of] p2a: Terrakion
|faint|p2a: Terrakion
|
|
|switch|p2a: Charizard|Charizard-Mega-X, M|191\/298
|-damage|p2a: Charizard|117\/298|[from] Stealth Rock
|turn|20
|
|switch|p1a: Chansey|Chansey, F|685\/685
|-damage|p1a: Chansey|600\/685|[from] Stealth Rock
|move|p2a: Charizard|Roost|p2a: Charizard
|-heal|p2a: Charizard|266\/298
|
|turn|21
|
|switch|p2a: Azumarill|Azumarill, M|285\/404
|-damage|p2a: Azumarill|235\/404|[from] Stealth Rock
|move|p1a: Chansey|Thunder Wave|p2a: Azumarill
|-status|p2a: Azumarill|par
|
|turn|22
|
|switch|p1a: Venusaur|Venusaur-Mega, M|268\/364
|-damage|p1a: Venusaur|223\/364|[from] Stealth Rock
|move|p2a: Azumarill|Knock Off|p1a: Venusaur
|-damage|p1a: Venusaur|161\/364
|
|turn|23
|
|switch|p2a: Charizard|Charizard-Mega-X, M|266\/298
|-damage|p2a: Charizard|192\/298|[from] Stealth Rock
|move|p1a: Venusaur|Synthesis|p1a: Venusaur
|-heal|p1a: Venusaur|343\/364
|
|turn|24
|
|move|p2a: Charizard|Flare Blitz|p1a: Venusaur
|-supereffective|p1a: Venusaur
|-damage|p1a: Venusaur|145\/364
|-damage|p2a: Charizard|127\/298|[from] recoil|[of] p1a: Venusaur
|move|p1a: Venusaur|Leech Seed|p2a: Charizard
|-start|p2a: Charizard|move: Leech Seed
|
|-damage|p2a: Charizard|90\/298|[from] Leech Seed|[of] p1a: Venusaur
|-heal|p1a: Venusaur|182\/364|[silent]
|turn|25
|
|switch|p1a: Heatran|Heatran, F|254\/340
|-damage|p1a: Heatran|212\/340|[from] Stealth Rock
|move|p2a: Charizard|Roost|p2a: Charizard
|-heal|p2a: Charizard|239\/298
|
|-damage|p2a: Charizard|202\/298|[from] Leech Seed|[of] p1a: Heatran
|-heal|p1a: Heatran|249\/340|[silent]
|turn|26
|
|switch|p2a: Skarmory|Skarmory, M|95\/334
|-damage|p2a: Skarmory|54\/334|[from] Stealth Rock
|move|p1a: Heatran|Toxic|p2a: Skarmory
|-fail|p2a: Skarmory
|
|-heal|p2a: Skarmory|74\/334|[from] item: Leftovers
|turn|27
|
|move|p1a: Heatran|Fire Blast|p2a: Skarmory|[miss]
|-miss|p1a: Heatran|p2a: Skarmory
|move|p2a: Skarmory|Whirlwind|p1a: Heatran
|drag|p1a: Keldeo|Keldeo|323\/323
|-damage|p1a: Keldeo|303\/323|[from] Stealth Rock
|
|-heal|p1a: Keldeo|323\/323|[from] item: Leftovers
|-heal|p2a: Skarmory|94\/334|[from] item: Leftovers
|turn|28
|
|move|p1a: Keldeo|Scald|p2a: Skarmory
|-damage|p2a: Skarmory|0 fnt
|faint|p2a: Skarmory
|
|
|switch|p2a: Thundurus|Thundurus, M|300\/300
|-damage|p2a: Thundurus|225\/300|[from] Stealth Rock
|turn|29
|
|switch|p1a: Chansey|Chansey, F|600\/685
|-damage|p1a: Chansey|515\/685|[from] Stealth Rock
|move|p2a: Thundurus|Thunder Wave|p1a: Chansey
|-status|p1a: Chansey|par
|
|turn|30
|
|switch|p2a: Aegislash|Aegislash, F|294\/311
|-damage|p2a: Aegislash|275\/311|[from] Stealth Rock
|switch|p1a: Skarmory|Skarmory, M|334\/334
|-damage|p1a: Skarmory|293\/334|[from] Stealth Rock
|
|-heal|p2a: Aegislash|294\/311|[from] item: Leftovers
|turn|31
|
|move|p1a: Skarmory|Spikes|p2a: Aegislash
|-sidestart|p2: Shizou|Spikes
|-formechange|p2a: Aegislash|Aegislash-Blade
|move|p2a: Aegislash|Shadow Ball|p1a: Skarmory
|-damage|p1a: Skarmory|112\/334
|-unboost|p1a: Skarmory|spd|1
|
|-heal|p2a: Aegislash|311\/311|[from] item: Leftovers
|turn|32
|
|move|p1a: Skarmory|Spikes|p2a: Aegislash
|-sidestart|p2: Shizou|Spikes
|move|p2a: Aegislash|Shadow Ball|p1a: Skarmory
|-damage|p1a: Skarmory|0 fnt
|faint|p1a: Skarmory
|
|
|switch|p1a: Keldeo|Keldeo|323\/323
|-damage|p1a: Keldeo|303\/323|[from] Stealth Rock
|turn|33
|
|move|p1a: Keldeo|Calm Mind|p1a: Keldeo
|-boost|p1a: Keldeo|spa|1
|-boost|p1a: Keldeo|spd|1
|move|p2a: Aegislash|Shadow Ball|p1a: Keldeo
|-damage|p1a: Keldeo|183\/323
|
|-heal|p1a: Keldeo|203\/323|[from] item: Leftovers
|turn|34
|
|move|p1a: Keldeo|Scald|p2a: Aegislash
|-damage|p2a: Aegislash|0 fnt
|faint|p2a: Aegislash
|
|-heal|p1a: Keldeo|223\/323|[from] item: Leftovers
|
|switch|p2a: Thundurus|Thundurus, M|225\/300
|-damage|p2a: Thundurus|150\/300|[from] Stealth Rock
|turn|35
|
|switch|p1a: Chansey|Chansey, F|515\/685
|-damage|p1a: Chansey|430\/685|[from] Stealth Rock
|move|p2a: Thundurus|Thunderbolt|p1a: Chansey
|-damage|p1a: Chansey|316\/685
|-damage|p2a: Thundurus|120\/300|[from] item: Life Orb
|
|turn|36
|
|switch|p2a: Charizard|Charizard-Mega-X, M|202\/298
|-damage|p2a: Charizard|153\/298|[from] Spikes
|-damage|p2a: Charizard|79\/298|[from] Stealth Rock
|move|p1a: Chansey|Seismic Toss|p2a: Charizard
|-damage|p2a: Charizard|0 fnt
|faint|p2a: Charizard
|
|-message|Shizou forfeited.
|
|win|Bloody Sunday
|raw|Ladder updating...
|leave|Shizou
|player|p2
|raw|Bloody Sunday's rating: 1923 &rarr; <strong>1930<\/strong><br \/>(+7 for winning)
|raw|Shizou's rating: 1653 &rarr; <strong>1646<\/strong><br \/>(-7 for losing)