|join|Lost Memories
|join|Shizou
|player|p1|Lost Memories|153
|player|p2|Shizou|265
|gametype|singles
|gen|6
|tier|OU
|rated
|clearpoke
|poke|p1|Gliscor, M
|poke|p1|Rotom-Wash
|poke|p1|Heatran, F
|poke|p1|Mawile, F
|poke|p1|Tentacruel, M
|poke|p1|Shaymin
|poke|p2|Tyranitar, F
|poke|p2|Excadrill, F
|poke|p2|Pinsir, M
|poke|p2|Deoxys-Defense
|poke|p2|Thundurus, M
|poke|p2|Gliscor, M
|rule|Swagger Clause: Swagger is banned
|rule|Baton Pass Clause: Limit one PokÃ©mon knowing Baton Pass
|rule|Sleep Clause Mod: Limit one foe put to sleep
|rule|Species Clause: Limit one of each PokÃ©mon
|rule|OHKO Clause: OHKO moves are banned
|rule|Moody Clause: Moody is banned
|rule|Evasion Moves Clause: Evasion moves are banned
|rule|Endless Battle Clause: Forcing endless battles is banned
|rule|HP Percentage Mod: HP is reported as percentages
|teampreview
|
|start
|switch|p1a: Princess|Mawile, F|304\/304
|switch|p2a: Gliscor|Gliscor, M|354\/354
|-ability|p1a: Princess|Intimidate|[of] p2a: Gliscor
|-unboost|p2a: Gliscor|atk|1
|turn|1
|
|detailschange|p1a: Princess|Mawile-Mega, F
|message|Mawile has Mega Evolved into Mega Mawile!
|move|p2a: Gliscor|Substitute|p2a: Gliscor
|-start|p2a: Gliscor|Substitute
|-damage|p2a: Gliscor|266\/354
|move|p1a: Princess|Play Rough|p2a: Gliscor
|-end|p2a: Gliscor|Substitute
|
|-status|p2a: Gliscor|tox|[from] item: Toxic Orb
|turn|2
|
|move|p2a: Gliscor|Substitute|p2a: Gliscor
|-start|p2a: Gliscor|Substitute
|-damage|p2a: Gliscor|178\/354 tox
|move|p1a: Princess|Substitute|p1a: Princess
|-start|p1a: Princess|Substitute
|-damage|p1a: Princess|228\/304
|
|-heal|p2a: Gliscor|222\/354 tox|[from] ability: Poison Heal
|turn|3
|
|move|p2a: Gliscor|Earthquake|p1a: Princess
|-supereffective|p1a: Princess
|-end|p1a: Princess|Substitute
|move|p1a: Princess|Play Rough|p2a: Gliscor
|-end|p2a: Gliscor|Substitute
|
|-heal|p2a: Gliscor|266\/354 tox|[from] ability: Poison Heal
|turn|4
|
|switch|p1a: Gliscor|Gliscor, M|352\/352
|move|p2a: Gliscor|Earthquake|p1a: Gliscor
|-immune|p1a: Gliscor|[msg]
|
|-heal|p2a: Gliscor|310\/354 tox|[from] ability: Poison Heal
|-status|p1a: Gliscor|tox|[from] item: Toxic Orb
|turn|5
|
|move|p1a: Gliscor|U-turn|p2a: Gliscor
|-resisted|p2a: Gliscor
|-damage|p2a: Gliscor|289\/354 tox
|
|switch|p1a: Griffin|Heatran, F|386\/386
|-item|p1a: Griffin|Air Balloon
|move|p2a: Gliscor|Roost|p2a: Gliscor
|-heal|p2a: Gliscor|354\/354 tox
|
|turn|6
|
|switch|p2a: Deoxys-Defense|Deoxys-Defense|304\/304
|-ability|p2a: Deoxys-Defense|Pressure
|move|p1a: Griffin|Stealth Rock|p2a: Deoxys-Defense
|-sidestart|p2: Shizou|move: Stealth Rock
|
|turn|7
|
|switch|p1a: Princess|Mawile-Mega, F|228\/304
|move|p2a: Deoxys-Defense|Stealth Rock|p1a: Princess
|-sidestart|p1: Lost Memories|move: Stealth Rock
|
|turn|8
|
|move|p2a: Deoxys-Defense|Taunt|p1a: Princess
|-start|p1a: Princess|move: Taunt
|move|p1a: Princess|Play Rough|p2a: Deoxys-Defense
|-damage|p2a: Deoxys-Defense|90\/304
|-enditem|p2a: Deoxys-Defense|Red Card|[of] p1a: Princess
|drag|p1a: Tentacruel|Tentacruel, M|364\/364
|-damage|p1a: Tentacruel|319\/364|[from] Stealth Rock
|
|-heal|p1a: Tentacruel|341\/364|[from] item: Black Sludge
|turn|9
|
|move|p2a: Deoxys-Defense|Thunder Wave|p1a: Tentacruel
|-status|p1a: Tentacruel|par
|move|p1a: Tentacruel|Rapid Spin|p2a: Deoxys-Defense
|-damage|p2a: Deoxys-Defense|82\/304
|-sideend|p1: Lost Memories|Stealth Rock|[from] move: Rapid Spin|[of] p1a: Tentacruel
|
|-heal|p1a: Tentacruel|363\/364 par|[from] item: Black Sludge
|turn|10
|
|move|p2a: Deoxys-Defense|Stealth Rock|p1a: Tentacruel
|-sidestart|p1: Lost Memories|move: Stealth Rock
|cant|p1a: Tentacruel|par
|
|-heal|p1a: Tentacruel|364\/364 par|[from] item: Black Sludge
|turn|11
|
|switch|p2a: Gliscor|Gliscor, M|354\/354 tox
|-damage|p2a: Gliscor|310\/354 tox|[from] Stealth Rock
|cant|p1a: Tentacruel|par
|
|-heal|p2a: Gliscor|354\/354 tox|[from] ability: Poison Heal
|turn|12
|
|move|p2a: Gliscor|Substitute|p2a: Gliscor
|-start|p2a: Gliscor|Substitute
|-damage|p2a: Gliscor|266\/354 tox
|move|p1a: Tentacruel|Rapid Spin|p2a: Gliscor
|-activate|p2a: Gliscor|Substitute|[damage]
|-sideend|p1: Lost Memories|Stealth Rock|[from] move: Rapid Spin|[of] p1a: Tentacruel
|
|-heal|p2a: Gliscor|310\/354 tox|[from] ability: Poison Heal
|turn|13
|
|switch|p1a: Gliscor|Gliscor, M|352\/352 tox
|move|p2a: Gliscor|Earthquake|p1a: Gliscor
|-immune|p1a: Gliscor|[msg]
|
|-heal|p2a: Gliscor|354\/354 tox|[from] ability: Poison Heal
|turn|14
|
|switch|p2a: Deoxys-Defense|Deoxys-Defense|82\/304
|-damage|p2a: Deoxys-Defense|44\/304|[from] Stealth Rock
|-ability|p2a: Deoxys-Defense|Pressure
|move|p1a: Gliscor|U-turn|p2a: Deoxys-Defense
|-supereffective|p2a: Deoxys-Defense
|-damage|p2a: Deoxys-Defense|0 fnt
|faint|p2a: Deoxys-Defense
|
|switch|p1a: R5|Rotom-Wash|304\/304
|
|
|switch|p2a: Gliscor|Gliscor, M|354\/354 tox
|-damage|p2a: Gliscor|310\/354 tox|[from] Stealth Rock
|turn|15
|
|move|p2a: Gliscor|Substitute|p2a: Gliscor
|-start|p2a: Gliscor|Substitute
|-damage|p2a: Gliscor|222\/354 tox
|move|p1a: R5|Hydro Pump|p2a: Gliscor
|-supereffective|p2a: Gliscor
|-end|p2a: Gliscor|Substitute
|
|-heal|p2a: Gliscor|266\/354 tox|[from] ability: Poison Heal
|turn|16
|
|switch|p1a: Griffin|Heatran, F|386\/386
|-item|p1a: Griffin|Air Balloon
|move|p2a: Gliscor|Substitute|p2a: Gliscor
|-start|p2a: Gliscor|Substitute
|-damage|p2a: Gliscor|178\/354 tox
|
|-heal|p2a: Gliscor|222\/354 tox|[from] ability: Poison Heal
|turn|17
|
|move|p2a: Gliscor|Roost|p2a: Gliscor
|-heal|p2a: Gliscor|354\/354 tox
|move|p1a: Griffin|Lava Plume|p2a: Gliscor
|-crit|p2a: Gliscor
|-end|p2a: Gliscor|Substitute
|
|turn|18
|
|move|p2a: Gliscor|Substitute|p2a: Gliscor
|-start|p2a: Gliscor|Substitute
|-damage|p2a: Gliscor|266\/354 tox
|move|p1a: Griffin|Toxic|p2a: Gliscor
|
|-heal|p2a: Gliscor|310\/354 tox|[from] ability: Poison Heal
|turn|19
|
|switch|p2a: Tyranitar|Tyranitar, F|341\/341
|-damage|p2a: Tyranitar|299\/341|[from] Stealth Rock
|-weather|Sandstorm
|move|p1a: Griffin|Lava Plume|p2a: Tyranitar
|-resisted|p2a: Tyranitar
|-damage|p2a: Tyranitar|261\/341
|
|-weather|Sandstorm|[upkeep]
|turn|20
|
|move|p2a: Tyranitar|Pursuit|p1a: Griffin|[from]Pursuit
|-damage|p1a: Griffin|277\/386
|-enditem|p1a: Griffin|Air Balloon
|switch|p1a: Gliscor|Gliscor, M|352\/352 tox
|
|-weather|Sandstorm|[upkeep]
|turn|21
|
|move|p1a: Gliscor|U-turn|p2a: Tyranitar
|-supereffective|p2a: Tyranitar
|-damage|p2a: Tyranitar|157\/341
|
|switch|p1a: R5|Rotom-Wash|304\/304
|move|p2a: Tyranitar|Ice Beam|p1a: R5
|-resisted|p1a: R5
|-damage|p1a: R5|267\/304
|
|-weather|Sandstorm|[upkeep]
|-damage|p1a: R5|248\/304|[from] sandstorm
|-heal|p1a: R5|267\/304|[from] item: Leftovers
|turn|22
|
|move|p2a: Tyranitar|Crunch|p1a: R5
|-damage|p1a: R5|168\/304
|move|p1a: R5|Hydro Pump|p2a: Tyranitar
|-supereffective|p2a: Tyranitar
|-damage|p2a: Tyranitar|0 fnt
|faint|p2a: Tyranitar
|
|-weather|Sandstorm|[upkeep]
|-damage|p1a: R5|149\/304|[from] sandstorm
|-heal|p1a: R5|168\/304|[from] item: Leftovers
|
|switch|p2a: Gliscor|Gliscor, M|310\/354 tox
|-damage|p2a: Gliscor|266\/354 tox|[from] Stealth Rock
|turn|23
|
|move|p2a: Gliscor|Substitute|p2a: Gliscor
|-start|p2a: Gliscor|Substitute
|-damage|p2a: Gliscor|178\/354 tox
|move|p1a: R5|Hydro Pump|p2a: Gliscor|[miss]
|-miss|p1a: R5|p2a: Gliscor
|
|-weather|none
|-heal|p1a: R5|187\/304|[from] item: Leftovers
|-heal|p2a: Gliscor|222\/354 tox|[from] ability: Poison Heal
|turn|24
|
|switch|p1a: Gliscor|Gliscor, M|352\/352 tox
|move|p2a: Gliscor|Roost|p2a: Gliscor
|-heal|p2a: Gliscor|354\/354 tox
|
|turn|25
|
|move|p1a: Gliscor|Toxic|p2a: Gliscor
|move|p2a: Gliscor|Toxic|p1a: Gliscor
|-fail|p1a: Gliscor|tox
|
|turn|26
|
|move|p1a: Gliscor|Toxic|p2a: Gliscor
|move|p2a: Gliscor|Toxic|p1a: Gliscor
|-fail|p1a: Gliscor|tox
|
|turn|27
|
|move|p1a: Gliscor|Toxic|p2a: Gliscor|[miss]
|-miss|p1a: Gliscor|p2a: Gliscor
|move|p2a: Gliscor|Toxic|p1a: Gliscor|[miss]
|-miss|p2a: Gliscor|p1a: Gliscor
|
|turn|28
|
|move|p1a: Gliscor|U-turn|p2a: Gliscor
|-resisted|p2a: Gliscor
|-activate|p2a: Gliscor|Substitute|[damage]
|
|switch|p1a: kasty|Shaymin|367\/367
|move|p2a: Gliscor|Toxic|p1a: kasty
|-status|p1a: kasty|tox
|
|-damage|p1a: kasty|345\/367 tox|[from] psn
|turn|29
|
|move|p1a: kasty|Seed Flare|p2a: Gliscor
|-end|p2a: Gliscor|Substitute
|move|p2a: Gliscor|Substitute|p2a: Gliscor
|-start|p2a: Gliscor|Substitute
|-damage|p2a: Gliscor|266\/354 tox
|
|-heal|p1a: kasty|367\/367 tox|[from] item: Leftovers
|-damage|p1a: kasty|323\/367 tox|[from] psn
|-heal|p2a: Gliscor|310\/354 tox|[from] ability: Poison Heal
|turn|30
|
|move|p1a: kasty|Air Slash|p2a: Gliscor
|-activate|p2a: Gliscor|Substitute|[damage]
|move|p2a: Gliscor|Substitute|p2a: Gliscor
|-fail|p2a: Gliscor|move: Substitute
|
|-heal|p1a: kasty|345\/367 tox|[from] item: Leftovers
|-damage|p1a: kasty|279\/367 tox|[from] psn
|-heal|p2a: Gliscor|354\/354 tox|[from] ability: Poison Heal
|turn|31
|
|switch|p1a: Gliscor|Gliscor, M|352\/352 tox
|move|p2a: Gliscor|Earthquake|p1a: Gliscor
|-immune|p1a: Gliscor|[msg]
|
|turn|32
|
|move|p1a: Gliscor|U-turn|p2a: Gliscor
|-resisted|p2a: Gliscor
|-end|p2a: Gliscor|Substitute
|
|switch|p1a: kasty|Shaymin|279\/367
|move|p2a: Gliscor|Toxic|p1a: kasty
|-status|p1a: kasty|tox
|
|-heal|p1a: kasty|301\/367 tox|[from] item: Leftovers
|-damage|p1a: kasty|279\/367 tox|[from] psn
|turn|33
|
|move|p1a: kasty|Seed Flare|p2a: Gliscor
|-damage|p2a: Gliscor|162\/354 tox
|move|p2a: Gliscor|Roost|p2a: Gliscor
|-heal|p2a: Gliscor|339\/354 tox
|
|-heal|p1a: kasty|301\/367 tox|[from] item: Leftovers
|-damage|p1a: kasty|257\/367 tox|[from] psn
|-heal|p2a: Gliscor|354\/354 tox|[from] ability: Poison Heal
|turn|34
|
|switch|p2a: Thundurus|Thundurus, M|299\/299
|-damage|p2a: Thundurus|225\/299|[from] Stealth Rock
|move|p1a: kasty|Leech Seed|p2a: Thundurus
|-start|p2a: Thundurus|move: Leech Seed
|
|-heal|p2a: Thundurus|243\/299|[from] item: Leftovers
|-heal|p1a: kasty|279\/367 tox|[from] item: Leftovers
|-damage|p2a: Thundurus|206\/299|[from] Leech Seed|[of] p1a: kasty
|-heal|p1a: kasty|316\/367 tox|[silent]
|-damage|p1a: kasty|250\/367 tox|[from] psn
|turn|35
|
|switch|p1a: Griffin|Heatran, F|277\/386
|move|p2a: Thundurus|Knock Off|p1a: Griffin
|-damage|p1a: Griffin|203\/386
|
|-heal|p2a: Thundurus|224\/299|[from] item: Leftovers
|-damage|p2a: Thundurus|187\/299|[from] Leech Seed|[of] p1a: Griffin
|-heal|p1a: Griffin|240\/386|[silent]
|turn|36
|
|switch|p1a: Gliscor|Gliscor, M|352\/352 tox
|move|p2a: Thundurus|Superpower|p1a: Gliscor
|-resisted|p1a: Gliscor
|-damage|p1a: Gliscor|302\/352 tox
|-unboost|p2a: Thundurus|atk|1
|-unboost|p2a: Thundurus|def|1
|
|-heal|p2a: Thundurus|205\/299|[from] item: Leftovers
|-damage|p2a: Thundurus|168\/299|[from] Leech Seed|[of] p1a: Gliscor
|-heal|p1a: Gliscor|339\/352 tox|[silent]
|-heal|p1a: Gliscor|352\/352 tox|[from] ability: Poison Heal
|turn|37
|
|switch|p2a: Gliscor|Gliscor, M|354\/354 tox
|-damage|p2a: Gliscor|310\/354 tox|[from] Stealth Rock
|switch|p1a: R5|Rotom-Wash|187\/304
|
|-heal|p1a: R5|206\/304|[from] item: Leftovers
|-heal|p2a: Gliscor|354\/354 tox|[from] ability: Poison Heal
|turn|38
|
|move|p2a: Gliscor|Toxic|p1a: R5
|-status|p1a: R5|tox
|move|p1a: R5|Hydro Pump|p2a: Gliscor
|-supereffective|p2a: Gliscor
|-damage|p2a: Gliscor|82\/354 tox
|
|-heal|p1a: R5|225\/304 tox|[from] item: Leftovers
|-heal|p2a: Gliscor|126\/354 tox|[from] ability: Poison Heal
|-damage|p1a: R5|206\/304 tox|[from] psn
|turn|39
|
|move|p2a: Gliscor|Roost|p2a: Gliscor
|-heal|p2a: Gliscor|303\/354 tox
|move|p1a: R5|Hydro Pump|p2a: Gliscor
|-supereffective|p2a: Gliscor
|-damage|p2a: Gliscor|31\/354 tox
|
|-heal|p1a: R5|225\/304 tox|[from] item: Leftovers
|-heal|p2a: Gliscor|75\/354 tox|[from] ability: Poison Heal
|-damage|p1a: R5|187\/304 tox|[from] psn
|turn|40
|
|move|p2a: Gliscor|Roost|p2a: Gliscor
|-heal|p2a: Gliscor|252\/354 tox
|move|p1a: R5|Hydro Pump|p2a: Gliscor
|-supereffective|p2a: Gliscor
|-damage|p2a: Gliscor|0 fnt
|faint|p2a: Gliscor
|
|-heal|p1a: R5|206\/304 tox|[from] item: Leftovers
|-damage|p1a: R5|149\/304 tox|[from] psn
|
|switch|p2a: Thundurus|Thundurus, M|168\/299
|-damage|p2a: Thundurus|94\/299|[from] Stealth Rock
|turn|41
|
|switch|p1a: Gliscor|Gliscor, M|352\/352 tox
|move|p2a: Thundurus|Knock Off|p1a: Gliscor
|-damage|p1a: Gliscor|274\/352 tox
|-enditem|p1a: Gliscor|Toxic Orb|[from] move: Knock Off|[of] p2a: Thundurus
|
|-heal|p2a: Thundurus|112\/299|[from] item: Leftovers
|-heal|p1a: Gliscor|318\/352 tox|[from] ability: Poison Heal
|turn|42
|
|move|p2a: Thundurus|Hidden Power|p1a: Gliscor
|-supereffective|p1a: Gliscor
|-damage|p1a: Gliscor|14\/352 tox
|move|p1a: Gliscor|U-turn|p2a: Thundurus
|-resisted|p2a: Thundurus
|-damage|p2a: Thundurus|69\/299
|
|switch|p1a: Princess|Mawile-Mega, F|228\/304
|
|-heal|p2a: Thundurus|87\/299|[from] item: Leftovers
|turn|43
|
|move|p2a: Thundurus|Wild Charge|p1a: Princess
|-damage|p1a: Princess|107\/304
|-damage|p2a: Thundurus|57\/299|[from] recoil|[of] p1a: Princess
|move|p1a: Princess|Play Rough|p2a: Thundurus
|-damage|p2a: Thundurus|0 fnt
|faint|p2a: Thundurus
|
|
|switch|p2a: Pinsir|Pinsir, M|271\/271
|-damage|p2a: Pinsir|204\/271|[from] Stealth Rock
|turn|44
|
|detailschange|p2a: Pinsir|Pinsir-Mega, M
|message|Pinsir has Mega Evolved into Mega Pinsir!
|move|p2a: Pinsir|Earthquake|p1a: Princess
|-supereffective|p1a: Princess
|-damage|p1a: Princess|0 fnt
|faint|p1a: Princess
|
|
|switch|p1a: R5|Rotom-Wash|149\/304 tox
|turn|45
|
|move|p2a: Pinsir|Frustration|p1a: R5
|-resisted|p1a: R5
|-damage|p1a: R5|38\/304 tox
|move|p1a: R5|Hydro Pump|p2a: Pinsir
|-damage|p2a: Pinsir|63\/271
|
|-heal|p1a: R5|57\/304 tox|[from] item: Leftovers
|-damage|p1a: R5|38\/304 tox|[from] psn
|turn|46
|
|move|p2a: Pinsir|Frustration|p1a: R5
|-resisted|p1a: R5
|-damage|p1a: R5|0 fnt
|faint|p1a: R5
|
|
|switch|p1a: Gliscor|Gliscor, M|14\/352 tox
|turn|47
|
|move|p1a: Gliscor|Protect|p1a: Gliscor
|-singleturn|p1a: Gliscor|Protect
|move|p2a: Pinsir|Quick Attack|p1a: Gliscor
|-activate|p1a: Gliscor|Protect
|
|-heal|p1a: Gliscor|58\/352 tox|[from] ability: Poison Heal
|turn|48
|
|switch|p1a: Griffin|Heatran, F|240\/386
|move|p2a: Pinsir|Frustration|p1a: Griffin
|-resisted|p1a: Griffin
|-damage|p1a: Griffin|112\/386
|
|turn|49
|
|move|p2a: Pinsir|Earthquake|p1a: Griffin
|-supereffective|p1a: Griffin
|-damage|p1a: Griffin|0 fnt
|faint|p1a: Griffin
|
|
|switch|p1a: Gliscor|Gliscor, M|58\/352 tox
|turn|50
|
|move|p2a: Pinsir|Swords Dance|p2a: Pinsir
|-boost|p2a: Pinsir|atk|2
|move|p1a: Gliscor|Toxic|p2a: Pinsir
|-status|p2a: Pinsir|tox
|
|-damage|p2a: Pinsir|47\/271 tox|[from] psn
|-heal|p1a: Gliscor|102\/352 tox|[from] ability: Poison Heal
|turn|51
|
|move|p1a: Gliscor|Protect|p1a: Gliscor
|-singleturn|p1a: Gliscor|Protect
|move|p2a: Pinsir|Swords Dance|p2a: Pinsir
|-boost|p2a: Pinsir|atk|2
|
|-damage|p2a: Pinsir|15\/271 tox|[from] psn
|-heal|p1a: Gliscor|146\/352 tox|[from] ability: Poison Heal
|turn|52
|
|switch|p1a: Tentacruel|Tentacruel, M|364\/364 par
|move|p2a: Pinsir|Frustration|p1a: Tentacruel
|-damage|p1a: Tentacruel|0 fnt
|faint|p1a: Tentacruel
|
|-damage|p2a: Pinsir|0 fnt|[from] psn
|faint|p2a: Pinsir
|
|switch|p2a: Excadrill|Excadrill, F|362\/362
|-damage|p2a: Excadrill|351\/362|[from] Stealth Rock
|switch|p1a: kasty|Shaymin|250\/367
|turn|53
|
|move|p2a: Excadrill|Iron Head|p1a: kasty
|-damage|p1a: kasty|34\/367
|-damage|p2a: Excadrill|315\/362|[from] item: Life Orb
|move|p1a: kasty|Earth Power|p2a: Excadrill
|-supereffective|p2a: Excadrill
|-damage|p2a: Excadrill|41\/362
|
|-heal|p1a: kasty|56\/367|[from] item: Leftovers
|turn|54
|
|move|p2a: Excadrill|Iron Head|p1a: kasty
|-damage|p1a: kasty|0 fnt
|-damage|p2a: Excadrill|5\/362|[from] item: Life Orb
|faint|p1a: kasty
|
|
|switch|p1a: Gliscor|Gliscor, M|146\/352 tox
|turn|55
|
|move|p1a: Gliscor|Protect|p1a: Gliscor
|-singleturn|p1a: Gliscor|Protect
|move|p2a: Excadrill|Iron Head|p1a: Gliscor
|-activate|p1a: Gliscor|Protect
|
|-heal|p1a: Gliscor|190\/352 tox|[from] ability: Poison Heal
|turn|56
|
|move|p1a: Gliscor|Earthquake|p2a: Excadrill
|-supereffective|p2a: Excadrill
|-damage|p2a: Excadrill|0 fnt
|faint|p2a: Excadrill
|
|win|Lost Memories
|raw|Ladder updating...
|raw|Lost Memories's rating: 1709 &rarr; <strong>1723<\/strong><br \/>(+14 for winning)
|raw|Shizou's rating: 1593 &rarr; <strong>1579<\/strong><br \/>(-14 for losing)
|leave|Shizou
|player|p2
|chat|Lost Memories|gg