|join|Shizou
|join|Asaido
|player|p1|Shizou|148
|player|p2|Asaido|160
|gametype|singles
|gen|6
|tier|OU
|rated
|clearpoke
|poke|p1|Greninja, M
|poke|p1|Latios, M
|poke|p1|Gardevoir, M
|poke|p1|Magnezone
|poke|p1|Hippowdon, F
|poke|p1|Excadrill, F
|poke|p2|Mew, shiny
|poke|p2|Ditto
|poke|p2|Magmortar, M, shiny
|poke|p2|Gliscor, F
|poke|p2|Jirachi
|poke|p2|Milotic, F
|rule|Swagger Clause: Swagger is banned
|rule|Baton Pass Clause: Limit one PokÃ©mon knowing Baton Pass
|rule|Sleep Clause Mod: Limit one foe put to sleep
|rule|Species Clause: Limit one of each PokÃ©mon
|rule|OHKO Clause: OHKO moves are banned
|rule|Moody Clause: Moody is banned
|rule|Evasion Moves Clause: Evasion moves are banned
|rule|Endless Battle Clause: Forcing endless battles is banned
|rule|HP Percentage Mod: HP is shown in percentages
|teampreview
|
|start
|switch|p1a: Gardevoir|Gardevoir, M|277\/277
|switch|p2a: GAZERBEAM|Magmortar, M, shiny|292\/292
|turn|1
|
|switch|p2a: JOE-ANNE|Gliscor, F|354\/354
|switch|p1a: Latios|Latios, M|301\/301
|
|-status|p2a: JOE-ANNE|tox|[from] item: Toxic Orb
|turn|2
|
|move|p1a: Latios|Draco Meteor|p2a: JOE-ANNE
|-damage|p2a: JOE-ANNE|0 fnt
|-unboost|p1a: Latios|spa|2
|-damage|p1a: Latios|271\/301|[from] item: Life Orb
|faint|p2a: JOE-ANNE
|
|
|switch|p2a: DRAKKEN|Milotic, F|394\/394
|turn|3
|
|switch|p1a: Magnezone|Magnezone|282\/282
|move|p2a: DRAKKEN|Hypnosis|p1a: Magnezone|[miss]
|-miss|p2a: DRAKKEN|p1a: Magnezone
|
|turn|4
|
|move|p1a: Magnezone|Thunderbolt|p2a: DRAKKEN
|-supereffective|p2a: DRAKKEN
|-damage|p2a: DRAKKEN|212\/394
|move|p2a: DRAKKEN|Scald|p1a: Magnezone
|-damage|p1a: Magnezone|180\/282
|-status|p1a: Magnezone|brn
|
|-heal|p2a: DRAKKEN|236\/394|[from] item: Leftovers
|-damage|p1a: Magnezone|145\/282 brn|[from] brn
|turn|5
|
|move|p1a: Magnezone|Thunderbolt|p2a: DRAKKEN
|-supereffective|p2a: DRAKKEN
|-damage|p2a: DRAKKEN|54\/394
|-status|p2a: DRAKKEN|par
|move|p2a: DRAKKEN|Recover|p2a: DRAKKEN
|-heal|p2a: DRAKKEN|251\/394 par
|
|-heal|p2a: DRAKKEN|275\/394 par|[from] item: Leftovers
|-damage|p1a: Magnezone|110\/282 brn|[from] brn
|turn|6
|
|move|p1a: Magnezone|Thunderbolt|p2a: DRAKKEN
|-supereffective|p2a: DRAKKEN
|-damage|p2a: DRAKKEN|71\/394 par
|move|p2a: DRAKKEN|Recover|p2a: DRAKKEN
|-heal|p2a: DRAKKEN|268\/394 par
|
|-heal|p2a: DRAKKEN|292\/394 par|[from] item: Leftovers
|-damage|p1a: Magnezone|75\/282 brn|[from] brn
|turn|7
|
|move|p1a: Magnezone|Thunderbolt|p2a: DRAKKEN
|-supereffective|p2a: DRAKKEN
|-damage|p2a: DRAKKEN|80\/394 par
|move|p2a: DRAKKEN|Scald|p1a: Magnezone
|-damage|p1a: Magnezone|0 fnt
|faint|p1a: Magnezone
|
|-heal|p2a: DRAKKEN|104\/394 par|[from] item: Leftovers
|
|switch|p1a: Gardevoir|Gardevoir, M|277\/277
|turn|8
|
|switch|p2a: ULTRON|Jirachi|342\/342
|detailschange|p1a: Gardevoir|Gardevoir-Mega, M
|message|Gardevoir has Mega Evolved into Mega Gardevoir!
|move|p1a: Gardevoir|Focus Blast|p2a: ULTRON|[miss]
|-miss|p1a: Gardevoir|p2a: ULTRON
|
|turn|9
|
|switch|p1a: Hippowdon|Hippowdon, F|420\/420
|-weather|Sandstorm
|move|p2a: ULTRON|Wish|p2a: ULTRON
|
|-weather|Sandstorm|[upkeep]
|turn|10
|
|switch|p2a: DRAKKEN|Milotic, F|104\/394 par
|move|p1a: Hippowdon|Earthquake|p2a: DRAKKEN
|-damage|p2a: DRAKKEN|1\/394 par
|
|-weather|Sandstorm|[upkeep]
|-damage|p2a: DRAKKEN|0 fnt|[from] sandstorm
|faint|p2a: DRAKKEN
|
|switch|p2a: SUSHI|Mew, shiny|340\/340
|turn|11
|
|move|p2a: SUSHI|Hypnosis|p1a: Hippowdon|[miss]
|-miss|p2a: SUSHI|p1a: Hippowdon
|move|p1a: Hippowdon|Toxic|p2a: SUSHI
|-status|p2a: SUSHI|tox
|-status|p1a: Hippowdon|tox
|-enditem|p2a: SUSHI|Lum Berry|[eat]
|-curestatus|p2a: SUSHI|tox
|
|-weather|Sandstorm|[upkeep]
|-damage|p2a: SUSHI|319\/340|[from] sandstorm
|-damage|p1a: Hippowdon|394\/420 tox|[from] psn
|turn|12
|
|switch|p2a: ULTRON|Jirachi|342\/342
|move|p1a: Hippowdon|Toxic|p2a: ULTRON
|-fail|p2a: ULTRON
|
|-weather|Sandstorm|[upkeep]
|-heal|p1a: Hippowdon|420\/420 tox|[from] item: Leftovers
|-damage|p1a: Hippowdon|368\/420 tox|[from] psn
|turn|13
|
|switch|p2a: CELL|Ditto|300\/300
|-transform|p2a: CELL|p1a: Hippowdon
|switch|p1a: Excadrill|Excadrill, F|362\/362
|
|-weather|none
|turn|14
|
|switch|p1a: Latios|Latios, M|271\/301
|move|p2a: CELL|Stealth Rock|p1a: Latios
|-sidestart|p1: Shizou|move: Stealth Rock
|
|turn|15
|
|switch|p2a: ULTRON|Jirachi|342\/342
|move|p1a: Latios|Draco Meteor|p2a: ULTRON
|-resisted|p2a: ULTRON
|-damage|p2a: ULTRON|194\/342
|-unboost|p1a: Latios|spa|2
|-damage|p1a: Latios|241\/301|[from] item: Life Orb
|
|turn|16
|
|move|p1a: Latios|Earthquake|p2a: ULTRON
|-supereffective|p2a: ULTRON
|-damage|p2a: ULTRON|0 fnt
|-damage|p1a: Latios|211\/301|[from] item: Life Orb
|faint|p2a: ULTRON
|
|
|switch|p2a: SUSHI|Mew, shiny|319\/340
|turn|17
|
|switch|p1a: Hippowdon|Hippowdon, F|368\/420 tox
|-damage|p1a: Hippowdon|342\/420 tox|[from] Stealth Rock
|-weather|Sandstorm
|move|p2a: SUSHI|Hypnosis|p1a: Hippowdon|[miss]
|-miss|p2a: SUSHI|p1a: Hippowdon
|
|-weather|Sandstorm|[upkeep]
|-damage|p2a: SUSHI|298\/340|[from] sandstorm
|-heal|p1a: Hippowdon|368\/420 tox|[from] item: Leftovers
|-damage|p1a: Hippowdon|342\/420 tox|[from] psn
|turn|18
|
|move|p2a: SUSHI|Swords Dance|p2a: SUSHI
|-boost|p2a: SUSHI|atk|2
|move|p1a: Hippowdon|Toxic|p2a: SUSHI
|-status|p2a: SUSHI|tox
|
|-weather|Sandstorm|[upkeep]
|-damage|p2a: SUSHI|277\/340 tox|[from] sandstorm
|-heal|p1a: Hippowdon|368\/420 tox|[from] item: Leftovers
|-damage|p2a: SUSHI|256\/340 tox|[from] psn
|-damage|p1a: Hippowdon|316\/420 tox|[from] psn
|turn|19
|
|move|p2a: SUSHI|Zen Headbutt|p1a: Hippowdon
|-damage|p1a: Hippowdon|162\/420 tox
|cant|p1a: Hippowdon|flinch
|
|-weather|Sandstorm|[upkeep]
|-damage|p2a: SUSHI|235\/340 tox|[from] sandstorm
|-heal|p1a: Hippowdon|188\/420 tox|[from] item: Leftovers
|-damage|p2a: SUSHI|193\/340 tox|[from] psn
|-damage|p1a: Hippowdon|110\/420 tox|[from] psn
|turn|20
|
|switch|p1a: Excadrill|Excadrill, F|362\/362
|-damage|p1a: Excadrill|351\/362|[from] Stealth Rock
|move|p2a: SUSHI|Drain Punch|p1a: Excadrill
|-supereffective|p1a: Excadrill
|-damage|p1a: Excadrill|0 fnt
|-heal|p2a: SUSHI|340\/340 tox|[from] drain|[of] p1a: Excadrill
|faint|p1a: Excadrill
|
|-weather|Sandstorm|[upkeep]
|-damage|p2a: SUSHI|319\/340 tox|[from] sandstorm
|-damage|p2a: SUSHI|256\/340 tox|[from] psn
|
|switch|p1a: Greninja|Greninja, M|285\/285
|-damage|p1a: Greninja|250\/285|[from] Stealth Rock
|turn|21
|
|move|p1a: Greninja|Hydro Pump|p2a: SUSHI|[miss]
|-start|p1a: Greninja|typechange|Water|[from] Protean
|-miss|p1a: Greninja|p2a: SUSHI
|move|p2a: SUSHI|Drain Punch|p1a: Greninja
|-damage|p1a: Greninja|38\/285
|-heal|p2a: SUSHI|340\/340 tox|[from] drain|[of] p1a: Greninja
|
|-weather|none
|-damage|p2a: SUSHI|256\/340 tox|[from] psn
|turn|22
|
|move|p1a: Greninja|Hydro Pump|p2a: SUSHI
|-damage|p2a: SUSHI|34\/340 tox
|-damage|p1a: Greninja|10\/285|[from] item: Life Orb
|move|p2a: SUSHI|Drain Punch|p1a: Greninja
|-damage|p1a: Greninja|0 fnt
|-heal|p2a: SUSHI|39\/340 tox|[from] drain|[of] p1a: Greninja
|faint|p1a: Greninja
|
|-damage|p2a: SUSHI|0 fnt|[from] psn
|faint|p2a: SUSHI
|
|switch|p2a: GAZERBEAM|Magmortar, M, shiny|292\/292
|switch|p1a: Hippowdon|Hippowdon, F|110\/420 tox
|-damage|p1a: Hippowdon|84\/420 tox|[from] Stealth Rock
|-weather|Sandstorm
|turn|23
|
|switch|p2a: CELL|Ditto|300\/300
|-transform|p2a: CELL|p1a: Hippowdon
|move|p1a: Hippowdon|Earthquake|p2a: CELL
|-damage|p2a: CELL|215\/300
|
|-weather|Sandstorm|[upkeep]
|-heal|p1a: Hippowdon|110\/420 tox|[from] item: Leftovers
|-damage|p1a: Hippowdon|84\/420 tox|[from] psn
|turn|24
|
|move|p1a: Hippowdon|Earthquake|p2a: CELL
|-damage|p2a: CELL|130\/300
|move|p2a: CELL|Earthquake|p1a: Hippowdon
|-damage|p1a: Hippowdon|0 fnt
|faint|p1a: Hippowdon
|
|-weather|Sandstorm|[upkeep]
|
|switch|p1a: Latios|Latios, M|211\/301
|-damage|p1a: Latios|174\/301|[from] Stealth Rock
|turn|25
|
|move|p1a: Latios|Psyshock|p2a: CELL
|-damage|p2a: CELL|20\/300
|-damage|p1a: Latios|144\/301|[from] item: Life Orb
|move|p2a: CELL|Slack Off|p2a: CELL
|-heal|p2a: CELL|170\/300
|
|-weather|Sandstorm|[upkeep]
|-damage|p1a: Latios|126\/301|[from] sandstorm
|turn|26
|
|move|p1a: Latios|Draco Meteor|p2a: CELL
|-damage|p2a: CELL|0 fnt
|-unboost|p1a: Latios|spa|2
|-damage|p1a: Latios|96\/301|[from] item: Life Orb
|faint|p2a: CELL
|
|-weather|Sandstorm|[upkeep]
|-damage|p1a: Latios|78\/301|[from] sandstorm
|
|switch|p2a: GAZERBEAM|Magmortar, M, shiny|292\/292
|turn|27
|
|move|p2a: GAZERBEAM|Flamethrower|p1a: Latios
|-resisted|p1a: Latios
|-damage|p1a: Latios|0 fnt
|faint|p1a: Latios
|
|-weather|none
|
|switch|p1a: Gardevoir|Gardevoir-Mega, M|277\/277
|-damage|p1a: Gardevoir|243\/277|[from] Stealth Rock
|turn|28
|
|move|p2a: GAZERBEAM|Flamethrower|p1a: Gardevoir
|-damage|p1a: Gardevoir|120\/277
|move|p1a: Gardevoir|Psyshock|p2a: GAZERBEAM
|-damage|p2a: GAZERBEAM|42\/292
|
|turn|29
|
|move|p2a: GAZERBEAM|Flamethrower|p1a: Gardevoir
|-damage|p1a: Gardevoir|0 fnt
|faint|p1a: Gardevoir
|
|win|Asaido
|raw|Ladder updating...
|raw|Shizou's rating: 1407 &rarr; <strong>1382<\/strong><br \/>(-25 for losing)
|raw|Asaido's rating: 1328 &rarr; <strong>1353<\/strong><br \/>(+25 for winning)
|leave|Shizou
|player|p1