|join|Shizou
|join|EFC
|player|p1|Shizou|148
|player|p2|EFC|213
|gametype|singles
|gen|6
|tier|OU
|rated
|clearpoke
|poke|p1|Terrakion
|poke|p1|Bisharp, M
|poke|p1|Landorus-Therian, M
|poke|p1|Zapdos
|poke|p1|Gyarados, F
|poke|p1|Sceptile, F
|poke|p2|Politoed, F, shiny
|poke|p2|Ludicolo, M, shiny
|poke|p2|Toxicroak, M
|poke|p2|Tornadus-Therian, M
|poke|p2|Swampert, F
|poke|p2|Ferrothorn, F
|rule|Swagger Clause: Swagger is banned
|rule|Baton Pass Clause: Limit one PokÃ©mon knowing Baton Pass
|rule|Sleep Clause Mod: Limit one foe put to sleep
|rule|Species Clause: Limit one of each PokÃ©mon
|rule|OHKO Clause: OHKO moves are banned
|rule|Moody Clause: Moody is banned
|rule|Evasion Moves Clause: Evasion moves are banned
|rule|Endless Battle Clause: Forcing endless battles is banned
|rule|HP Percentage Mod: HP is shown in percentages
|teampreview
|
|start
|switch|p1a: Sceptile|Sceptile, F|282\/282
|switch|p2a: Politoed|Politoed, F, shiny|384\/384
|-weather|RainDance
|turn|1
|
|detailschange|p1a: Sceptile|Sceptile-Mega, F
|message|Sceptile has Mega Evolved into Mega Sceptile!
|move|p1a: Sceptile|Substitute|p1a: Sceptile
|-start|p1a: Sceptile|Substitute
|-damage|p1a: Sceptile|212\/282
|move|p2a: Politoed|Ice Beam|p1a: Sceptile
|-supereffective|p1a: Sceptile
|-end|p1a: Sceptile|Substitute
|
|-weather|RainDance|[upkeep]
|turn|2
|
|switch|p1a: Gyarados|Gyarados, F|353\/353
|-ability|p1a: Gyarados|Intimidate|[of] p2a: Politoed
|-unboost|p2a: Politoed|atk|1
|move|p2a: Politoed|Ice Beam|p1a: Gyarados
|-damage|p1a: Gyarados|293\/353
|
|-weather|RainDance|[upkeep]
|-heal|p1a: Gyarados|315\/353|[from] item: Leftovers
|turn|3
|
|move|p1a: Gyarados|Substitute|p1a: Gyarados
|-start|p1a: Gyarados|Substitute
|-damage|p1a: Gyarados|227\/353
|move|p2a: Politoed|Toxic|p1a: Gyarados
|
|-weather|RainDance|[upkeep]
|-heal|p1a: Gyarados|249\/353|[from] item: Leftovers
|turn|4
|
|move|p1a: Gyarados|Dragon Dance|p1a: Gyarados
|-boost|p1a: Gyarados|atk|1
|-boost|p1a: Gyarados|spe|1
|move|p2a: Politoed|Scald|p1a: Gyarados
|-resisted|p1a: Gyarados
|-activate|p1a: Gyarados|Substitute|[damage]
|
|-weather|RainDance|[upkeep]
|-heal|p1a: Gyarados|271\/353|[from] item: Leftovers
|turn|5
|
|move|p1a: Gyarados|Dragon Dance|p1a: Gyarados
|-boost|p1a: Gyarados|atk|1
|-boost|p1a: Gyarados|spe|1
|move|p2a: Politoed|Scald|p1a: Gyarados
|-resisted|p1a: Gyarados
|-end|p1a: Gyarados|Substitute
|
|-weather|RainDance|[upkeep]
|-heal|p1a: Gyarados|293\/353|[from] item: Leftovers
|turn|6
|
|switch|p2a: Ferrothorn|Ferrothorn, F|352\/352
|move|p1a: Gyarados|Substitute|p1a: Gyarados
|-start|p1a: Gyarados|Substitute
|-damage|p1a: Gyarados|205\/353
|
|-weather|RainDance|[upkeep]
|-heal|p1a: Gyarados|227\/353|[from] item: Leftovers
|turn|7
|
|move|p1a: Gyarados|Bounce|p2a: Ferrothorn|[still]
|-prepare|p1a: Gyarados|Bounce|p2a: Ferrothorn
|move|p2a: Ferrothorn|Stealth Rock|p1a: Gyarados
|-sidestart|p1: Shizou|move: Stealth Rock
|
|-weather|RainDance|[upkeep]
|-heal|p1a: Gyarados|249\/353|[from] item: Leftovers
|turn|8
|
|move|p1a: Gyarados|Bounce|p2a: Ferrothorn
|-damage|p2a: Ferrothorn|156\/352
|-damage|p1a: Gyarados|205\/353|[from] ability: Iron Barbs|[of] p2a: Ferrothorn
|-damage|p1a: Gyarados|147\/353|[from] item: Rocky Helmet|[of] p2a: Ferrothorn
|move|p2a: Ferrothorn|Gyro Ball|p1a: Gyarados
|-resisted|p1a: Gyarados
|-end|p1a: Gyarados|Substitute
|
|-weather|none
|-heal|p1a: Gyarados|169\/353|[from] item: Leftovers
|turn|9
|
|move|p1a: Gyarados|Bounce|p2a: Ferrothorn|[still]
|-prepare|p1a: Gyarados|Bounce|p2a: Ferrothorn
|move|p2a: Ferrothorn|Leech Seed|p1a: Gyarados|[miss]
|-miss|p2a: Ferrothorn|p1a: Gyarados
|
|-heal|p1a: Gyarados|191\/353|[from] item: Leftovers
|turn|10
|
|move|p1a: Gyarados|Bounce|p2a: Ferrothorn
|-damage|p2a: Ferrothorn|0 fnt
|-damage|p1a: Gyarados|147\/353|[from] ability: Iron Barbs|[of] p2a: Ferrothorn
|-damage|p1a: Gyarados|89\/353|[from] item: Rocky Helmet|[of] p2a: Ferrothorn
|faint|p2a: Ferrothorn
|
|-heal|p1a: Gyarados|111\/353|[from] item: Leftovers
|
|switch|p2a: Politoed|Politoed, F, shiny|384\/384
|-weather|RainDance
|turn|11
|
|move|p1a: Gyarados|Bounce|p2a: Politoed|[still]
|-prepare|p1a: Gyarados|Bounce|p2a: Politoed
|move|p2a: Politoed|Scald|p1a: Gyarados|[miss]
|-miss|p2a: Politoed|p1a: Gyarados
|
|-weather|RainDance|[upkeep]
|-heal|p1a: Gyarados|133\/353|[from] item: Leftovers
|turn|12
|
|move|p1a: Gyarados|Bounce|p2a: Politoed
|-damage|p2a: Politoed|17\/384
|move|p2a: Politoed|Scald|p1a: Gyarados
|-resisted|p1a: Gyarados
|-damage|p1a: Gyarados|68\/353
|
|-weather|RainDance|[upkeep]
|-heal|p1a: Gyarados|90\/353|[from] item: Leftovers
|turn|13
|
|switch|p2a: Toxicroak|Toxicroak, M|370\/370
|move|p1a: Gyarados|Waterfall|p2a: Toxicroak
|-immune|p2a: Toxicroak|[msg]
|
|-weather|RainDance|[upkeep]
|-heal|p1a: Gyarados|112\/353|[from] item: Leftovers
|turn|14
|
|move|p1a: Gyarados|Substitute|p1a: Gyarados
|-start|p1a: Gyarados|Substitute
|-damage|p1a: Gyarados|24\/353
|move|p2a: Toxicroak|Poison Jab|p1a: Gyarados
|-end|p1a: Gyarados|Substitute
|
|-weather|RainDance|[upkeep]
|-heal|p1a: Gyarados|46\/353|[from] item: Leftovers
|turn|15
|
|move|p1a: Gyarados|Bounce|p2a: Toxicroak|[still]
|-prepare|p1a: Gyarados|Bounce|p2a: Toxicroak
|move|p2a: Toxicroak|Poison Jab|p1a: Gyarados|[miss]
|-miss|p2a: Toxicroak|p1a: Gyarados
|
|-weather|RainDance|[upkeep]
|-heal|p1a: Gyarados|68\/353|[from] item: Leftovers
|turn|16
|
|move|p2a: Toxicroak|Sucker Punch|p1a: Gyarados|[miss]
|-miss|p2a: Toxicroak|p1a: Gyarados
|move|p1a: Gyarados|Bounce|p2a: Toxicroak
|-supereffective|p2a: Toxicroak
|-damage|p2a: Toxicroak|0 fnt
|faint|p2a: Toxicroak
|
|-weather|RainDance|[upkeep]
|-heal|p1a: Gyarados|90\/353|[from] item: Leftovers
|
|switch|p2a: Swampert|Swampert, F|342\/342
|turn|17
|
|detailschange|p2a: Swampert|Swampert-Mega, F
|message|Swampert has Mega Evolved into Mega Swampert!
|move|p1a: Gyarados|Waterfall|p2a: Swampert
|-damage|p2a: Swampert|0 fnt
|faint|p2a: Swampert
|
|-weather|RainDance|[upkeep]
|-heal|p1a: Gyarados|112\/353|[from] item: Leftovers
|
|switch|p2a: Ludicolo|Ludicolo, M, shiny|302\/302
|turn|18
|
|move|p1a: Gyarados|Bounce|p2a: Ludicolo|[still]
|-prepare|p1a: Gyarados|Bounce|p2a: Ludicolo
|move|p2a: Ludicolo|Energy Ball|p1a: Gyarados|[miss]
|-miss|p2a: Ludicolo|p1a: Gyarados
|
|-weather|none
|-heal|p1a: Gyarados|134\/353|[from] item: Leftovers
|turn|19
|-message|EFC forfeited.
|
|win|Shizou
|raw|Ladder updating...
|leave|EFC
|player|p2
|raw|Shizou's rating: 1635 &rarr; <strong>1650<\/strong><br \/>(+15 for winning)
|raw|EFC's rating: 1543 &rarr; <strong>1528<\/strong><br \/>(-15 for losing)