|join|Shizou
|join|tu nena fichu
|player|p1|Shizou|101
|player|p2|tu nena fichu|280
|gametype|singles
|gen|6
|tier|OU
|rated
|clearpoke
|poke|p1|Mawile, F
|poke|p1|Keldeo
|poke|p1|Tyranitar, M
|poke|p1|Heatran, M
|poke|p1|Mamoswine, M
|poke|p1|Skarmory, F
|poke|p2|Hippowdon, M
|poke|p2|Tyranitar, M
|poke|p2|Ferrothorn, M
|poke|p2|Landorus, M
|poke|p2|Excadrill, M
|poke|p2|Rotom-Wash
|rule|Sleep Clause Mod: Limit one foe put to sleep
|rule|Species Clause: Limit one of each Pokemon
|rule|OHKO Clause: OHKO moves are banned
|rule|Moody Clause: Moody is banned
|rule|Evasion Moves Clause: Evasion moves are banned
|rule|Endless Battle Clause: Forcing endless battles is banned.
|rule|HP Percentage Mod: HP is reported as percentages
|teampreview
|join|universeman42
|
|start
|switch|p1a: Keldeo|Keldeo|322\/322
|switch|p2a: Hippowdon|Hippowdon, M|419\/419
|-weather|Sandstorm
|turn|1
|
|move|p1a: Keldeo|Surf|p2a: Hippowdon
|-supereffective|p2a: Hippowdon
|-damage|p2a: Hippowdon|0 fnt
|faint|p2a: Hippowdon
|
|-weather|Sandstorm|[upkeep]
|-damage|p1a: Keldeo|302\/322|[from] sandstorm
|
|switch|p2a: Landorus|Landorus, M|319\/319
|turn|2
|
|switch|p1a: Skarmory|Skarmory, F|334\/334
|move|p2a: Landorus|Psychic|p1a: Skarmory
|-resisted|p1a: Skarmory
|-damage|p1a: Skarmory|216\/334
|
|-weather|Sandstorm|[upkeep]
|-heal|p1a: Skarmory|236\/334|[from] item: Leftovers
|turn|3
|
|switch|p2a: Rotom-Wash|Rotom-Wash|290\/290
|move|p1a: Skarmory|Brave Bird|p2a: Rotom-Wash
|-resisted|p2a: Rotom-Wash
|-damage|p2a: Rotom-Wash|236\/290
|-damage|p1a: Skarmory|218\/334|[from] recoil|[of] p2a: Rotom-Wash
|
|-weather|Sandstorm|[upkeep]
|-damage|p2a: Rotom-Wash|218\/290|[from] sandstorm
|-heal|p2a: Rotom-Wash|236\/290|[from] item: Leftovers
|-heal|p1a: Skarmory|238\/334|[from] item: Leftovers
|turn|4
|
|switch|p1a: Heatran|Heatran, M|386\/386
|move|p2a: Rotom-Wash|Volt Switch|p1a: Heatran
|-damage|p1a: Heatran|299\/386
|
|switch|p2a: Tyranitar|Tyranitar, M|403\/403
|
|-weather|Sandstorm|[upkeep]
|-heal|p1a: Heatran|323\/386|[from] item: Leftovers
|turn|5
|
|move|p1a: Heatran|Protect|p1a: Heatran
|-singleturn|p1a: Heatran|Protect
|move|p2a: Tyranitar|Superpower|p1a: Heatran
|-activate|p1a: Heatran|Protect
|
|-weather|Sandstorm|[upkeep]
|-heal|p1a: Heatran|347\/386|[from] item: Leftovers
|turn|6
|
|switch|p1a: Skarmory|Skarmory, F|238\/334
|move|p2a: Tyranitar|Crunch|p1a: Skarmory
|-damage|p1a: Skarmory|139\/334
|
|-weather|Sandstorm|[upkeep]
|-heal|p1a: Skarmory|159\/334|[from] item: Leftovers
|turn|7
|
|move|p1a: Skarmory|Roost|p1a: Skarmory
|-heal|p1a: Skarmory|326\/334
|move|p2a: Tyranitar|Crunch|p1a: Skarmory
|-damage|p1a: Skarmory|227\/334
|
|-weather|Sandstorm|[upkeep]
|-heal|p1a: Skarmory|247\/334|[from] item: Leftovers
|turn|8
|
|switch|p1a: Keldeo|Keldeo|302\/322
|move|p2a: Tyranitar|Crunch|p1a: Keldeo
|-resisted|p1a: Keldeo
|-damage|p1a: Keldeo|216\/322
|-boost|p1a: Keldeo|atk|1|[from] ability: Justified
|
|-weather|none
|turn|9
|
|switch|p2a: Ferrothorn|Ferrothorn, M|351\/351
|move|p1a: Keldeo|Secret Sword|p2a: Ferrothorn
|-supereffective|p2a: Ferrothorn
|-damage|p2a: Ferrothorn|25\/351
|
|-heal|p2a: Ferrothorn|46\/351|[from] item: Leftovers
|turn|10
|
|move|p2a: Ferrothorn|Protect|p2a: Ferrothorn
|-singleturn|p2a: Ferrothorn|Protect
|move|p1a: Keldeo|Secret Sword|p2a: Ferrothorn
|-activate|p2a: Ferrothorn|Protect
|
|-heal|p2a: Ferrothorn|67\/351|[from] item: Leftovers
|turn|11
|
|move|p1a: Keldeo|Secret Sword|p2a: Ferrothorn
|-supereffective|p2a: Ferrothorn
|-damage|p2a: Ferrothorn|0 fnt
|faint|p2a: Ferrothorn
|
|
|switch|p2a: Rotom-Wash|Rotom-Wash|236\/290
|turn|12
|
|move|p1a: Keldeo|Secret Sword|p2a: Rotom-Wash
|-damage|p2a: Rotom-Wash|22\/290
|move|p2a: Rotom-Wash|Volt Switch|p1a: Keldeo
|-supereffective|p1a: Keldeo
|-damage|p1a: Keldeo|0 fnt
|faint|p1a: Keldeo
|
|switch|p2a: Tyranitar|Tyranitar, M|403\/403
|-weather|Sandstorm
|
|-weather|Sandstorm|[upkeep]
|
|switch|p1a: Mamoswine|Mamoswine, M|361\/361
|turn|13
|
|move|p1a: Mamoswine|Stealth Rock|p2a: Tyranitar
|-sidestart|p2: tu nena fichu|move: Stealth Rock
|move|p2a: Tyranitar|Superpower|p1a: Mamoswine
|-supereffective|p1a: Mamoswine
|-enditem|p1a: Mamoswine|Focus Sash
|-damage|p1a: Mamoswine|1\/361
|-unboost|p2a: Tyranitar|atk|1
|-unboost|p2a: Tyranitar|def|1
|
|-weather|Sandstorm|[upkeep]
|turn|14
|
|switch|p2a: The Forbidden One|Excadrill, M|423\/423
|-damage|p2a: The Forbidden One|410\/423|[from] Stealth Rock
|-item|p2a: The Forbidden One|Air Balloon
|move|p1a: Mamoswine|Earthquake|p2a: The Forbidden One
|-immune|p2a: The Forbidden One|[msg]
|
|-weather|Sandstorm|[upkeep]
|turn|15
|
|move|p1a: Mamoswine|Ice Shard|p2a: The Forbidden One
|-damage|p2a: The Forbidden One|304\/423
|-enditem|p2a: The Forbidden One|Air Balloon
|move|p2a: The Forbidden One|Rock Slide|p1a: Mamoswine
|-damage|p1a: Mamoswine|0 fnt
|faint|p1a: Mamoswine
|
|-weather|Sandstorm|[upkeep]
|
|switch|p1a: Mawile|Mawile, F|304\/304
|-ability|p1a: Mawile|Intimidate|[of] p2a: The Forbidden One
|-unboost|p2a: The Forbidden One|atk|1
|turn|16
|
|-formechange|p1a: Mawile|Mawile-Mega
|message|Mawile has Mega Evolved into Mega Mawile!
|move|p2a: The Forbidden One|Earthquake|p1a: Mawile
|-supereffective|p1a: Mawile
|-damage|p1a: Mawile|62\/304
|move|p1a: Mawile|Knock Off|p2a: The Forbidden One
|-damage|p2a: The Forbidden One|65\/423
|
|-weather|none
|turn|17
|
|move|p1a: Mawile|Sucker Punch|p2a: The Forbidden One
|-damage|p2a: The Forbidden One|0 fnt
|faint|p2a: The Forbidden One
|
|
|switch|p2a: Tyranitar|Tyranitar, M|403\/403
|-damage|p2a: Tyranitar|353\/403|[from] Stealth Rock
|-weather|Sandstorm
|turn|18
|
|switch|p1a: Skarmory|Skarmory, F|247\/334
|move|p2a: Tyranitar|Earthquake|p1a: Skarmory
|-immune|p1a: Skarmory|[msg]
|
|-weather|Sandstorm|[upkeep]
|-heal|p1a: Skarmory|267\/334|[from] item: Leftovers
|turn|19
|
|move|p1a: Skarmory|Brave Bird|p2a: Tyranitar
|-crit|p2a: Tyranitar
|-resisted|p2a: Tyranitar
|-damage|p2a: Tyranitar|273\/403
|-damage|p1a: Skarmory|241\/334|[from] recoil|[of] p2a: Tyranitar
|move|p2a: Tyranitar|Crunch|p1a: Skarmory
|-damage|p1a: Skarmory|156\/334
|-unboost|p1a: Skarmory|def|1
|
|-weather|Sandstorm|[upkeep]
|-heal|p1a: Skarmory|176\/334|[from] item: Leftovers
|turn|20
|
|switch|p1a: Tyranitar|Tyranitar, M|404\/404
|move|p2a: Tyranitar|Crunch|p1a: Tyranitar
|-resisted|p1a: Tyranitar
|-damage|p1a: Tyranitar|326\/404
|
|-weather|Sandstorm|[upkeep]
|turn|21
|
|move|p2a: Tyranitar|Superpower|p1a: Tyranitar
|-supereffective|p1a: Tyranitar
|-damage|p1a: Tyranitar|0 fnt
|-unboost|p2a: Tyranitar|atk|1
|-unboost|p2a: Tyranitar|def|1
|faint|p1a: Tyranitar
|
|-weather|Sandstorm|[upkeep]
|
|switch|p1a: Skarmory|Skarmory, F|176\/334
|turn|22
|
|switch|p2a: Rotom-Wash|Rotom-Wash|22\/290
|-damage|p2a: Rotom-Wash|0 fnt|[from] Stealth Rock
|faint|p2a: Rotom-Wash
|move|p1a: Skarmory|Roost|p1a: Skarmory
|-heal|p1a: Skarmory|334\/334
|
|-weather|none
|
|switch|p2a: Landorus|Landorus, M|319\/319
|-damage|p2a: Landorus|280\/319|[from] Stealth Rock
|turn|23
|
|move|p2a: Landorus|Psychic|p1a: Skarmory
|-resisted|p1a: Skarmory
|-damage|p1a: Skarmory|227\/334
|move|p1a: Skarmory|Brave Bird|p2a: Landorus
|-damage|p2a: Landorus|156\/319
|-damage|p1a: Skarmory|186\/334|[from] recoil|[of] p2a: Landorus
|
|-heal|p1a: Skarmory|206\/334|[from] item: Leftovers
|turn|24
|
|move|p2a: Landorus|Psychic|p1a: Skarmory
|-resisted|p1a: Skarmory
|-damage|p1a: Skarmory|98\/334
|move|p1a: Skarmory|Brave Bird|p2a: Landorus
|-damage|p2a: Landorus|26\/319
|-damage|p1a: Skarmory|55\/334|[from] recoil|[of] p2a: Landorus
|
|-heal|p1a: Skarmory|75\/334|[from] item: Leftovers
|turn|25
|
|switch|p1a: Heatran|Heatran, M|347\/386
|move|p2a: Landorus|Psychic|p1a: Heatran
|-resisted|p1a: Heatran
|-damage|p1a: Heatran|294\/386
|
|-heal|p1a: Heatran|318\/386|[from] item: Leftovers
|turn|26
|
|move|p2a: Landorus|Earth Power|p1a: Heatran
|-crit|p1a: Heatran
|-supereffective|p1a: Heatran
|-damage|p1a: Heatran|0 fnt
|faint|p1a: Heatran
|
|
|switch|p1a: Mawile|Mawile, F|62\/304
|-formechange|p1a: Mawile|Mawile-Mega
|turn|27
|
|switch|p2a: Tyranitar|Tyranitar, M|273\/403
|-damage|p2a: Tyranitar|223\/403|[from] Stealth Rock
|-weather|Sandstorm
|move|p1a: Mawile|Play Rough|p2a: Tyranitar
|-supereffective|p2a: Tyranitar
|-damage|p2a: Tyranitar|0 fnt
|faint|p2a: Tyranitar
|
|-weather|Sandstorm|[upkeep]
|
|switch|p2a: Landorus|Landorus, M|26\/319
|-damage|p2a: Landorus|0 fnt|[from] Stealth Rock
|faint|p2a: Landorus
|
|win|Shizou
|raw|Ladder updating...
|chat|Shizou|gg
|raw|Shizou's rating: 1570 &rarr; <strong>1587<\/strong><br \/>(+17 for winning)
|raw|tu nena fichu's rating: 1529 &rarr; <strong>1511<\/strong><br \/>(-18 for losing)
|leave|tu nena fichu
|player|p2