|join|Shizou
|join|thesomeguy
|player|p1|Shizou|148
|player|p2|thesomeguy|262
|gametype|singles
|gen|6
|tier|OU
|rated
|clearpoke
|poke|p1|Dragonite, M
|poke|p1|Mamoswine, F
|poke|p1|Conkeldurr, M
|poke|p1|Latias, F
|poke|p1|Manaphy
|poke|p1|Venusaur, M
|poke|p2|Heatran, F
|poke|p2|Rotom-Wash
|poke|p2|Talonflame, M
|poke|p2|Starmie, shiny
|poke|p2|Gliscor, M, shiny
|poke|p2|Scizor, F
|rule|Sleep Clause Mod: Limit one foe put to sleep
|rule|Species Clause: Limit one of each Pokemon
|rule|OHKO Clause: OHKO moves are banned
|rule|Moody Clause: Moody is banned
|rule|Evasion Moves Clause: Evasion moves are banned
|rule|Endless Battle Clause: Forcing endless battles is banned.
|rule|HP Percentage Mod: HP is reported as percentages
|teampreview
|chat|thesomeguy|gl
|chat|Shizou|u2
|
|start
|switch|p1a: Venusaur|Venusaur, M|364\/364
|switch|p2a: Large Talons|Talonflame, M|298\/298
|turn|1
|
|switch|p1a: Dragonite|Dragonite, M|323\/323
|move|p2a: Large Talons|U-turn|p1a: Dragonite
|-resisted|p1a: Dragonite
|-damage|p1a: Dragonite|299\/323
|
|switch|p2a: Gem|Starmie, shiny|261\/261
|
|turn|2
|
|switch|p1a: Conkeldurr|Conkeldurr, M|414\/414
|move|p2a: Gem|Ice Beam|p1a: Conkeldurr
|-damage|p1a: Conkeldurr|271\/414
|-damage|p2a: Gem|235\/261|[from] item: Life Orb
|
|turn|3
|
|switch|p2a: Amazon|Scizor, F|344\/344
|move|p1a: Conkeldurr|Knock Off|p2a: Amazon
|-damage|p2a: Amazon|258\/344
|
|turn|4
|
|switch|p1a: Venusaur|Venusaur, M|364\/364
|-formechange|p2a: Amazon|Scizor-Mega
|message|Scizor has Mega Evolved into Mega Scizor!
|move|p2a: Amazon|Roost|p2a: Amazon
|-heal|p2a: Amazon|344\/344
|
|turn|5
|
|-formechange|p1a: Venusaur|Venusaur-Mega
|message|Venusaur has Mega Evolved into Mega Venusaur!
|move|p1a: Venusaur|Leech Seed|p2a: Amazon
|-start|p2a: Amazon|move: Leech Seed
|move|p2a: Amazon|Swords Dance|p2a: Amazon
|-boost|p2a: Amazon|atk|2
|
|-damage|p2a: Amazon|301\/344|[from] Leech Seed|[of] p1a: Venusaur
|turn|6
|
|move|p1a: Venusaur|Hidden Power|p2a: Amazon
|-supereffective|p2a: Amazon
|-damage|p2a: Amazon|85\/344
|move|p2a: Amazon|Swords Dance|p2a: Amazon
|-boost|p2a: Amazon|atk|2
|
|-damage|p2a: Amazon|42\/344|[from] Leech Seed|[of] p1a: Venusaur
|turn|7
|
|move|p2a: Amazon|Bullet Punch|p1a: Venusaur
|-damage|p1a: Venusaur|105\/364
|move|p1a: Venusaur|Hidden Power|p2a: Amazon
|-supereffective|p2a: Amazon
|-damage|p2a: Amazon|0 fnt
|faint|p2a: Amazon
|
|
|switch|p2a: Large Talons|Talonflame, M|298\/298
|turn|8
|
|switch|p1a: Latias|Latias, F|316\/316
|move|p2a: Large Talons|Will-O-Wisp|p1a: Latias
|-status|p1a: Latias|brn
|
|-damage|p1a: Latias|277\/316 brn|[from] brn
|turn|9
|
|switch|p2a: Cave-Dweller|Heatran, F|385\/385
|switch|p1a: Conkeldurr|Conkeldurr, M|271\/414
|
|turn|10
|
|switch|p2a: Scorpion|Gliscor, M, shiny|352\/352
|move|p1a: Conkeldurr|Knock Off|p2a: Scorpion
|-damage|p2a: Scorpion|263\/352
|-enditem|p2a: Scorpion|Toxic Orb|[from] move: Knock Off|[of] p1a: Conkeldurr
|
|turn|11
|
|move|p2a: Scorpion|Substitute|p2a: Scorpion
|-start|p2a: Scorpion|Substitute
|-damage|p2a: Scorpion|175\/352
|move|p1a: Conkeldurr|Ice Punch|p2a: Scorpion
|-supereffective|p2a: Scorpion
|-end|p2a: Scorpion|Substitute
|
|turn|12
|
|move|p2a: Scorpion|Protect|p2a: Scorpion
|-singleturn|p2a: Scorpion|Protect
|move|p1a: Conkeldurr|Ice Punch|p2a: Scorpion
|-activate|p2a: Scorpion|Protect
|
|turn|13
|
|switch|p2a: Scrub Board|Rotom-Wash|303\/303
|move|p1a: Conkeldurr|Ice Punch|p2a: Scrub Board
|-resisted|p2a: Scrub Board
|-damage|p2a: Scrub Board|257\/303
|
|-heal|p2a: Scrub Board|275\/303|[from] item: Leftovers
|turn|14
|
|move|p2a: Scrub Board|Hidden Power|p1a: Conkeldurr
|-damage|p1a: Conkeldurr|226\/414
|move|p1a: Conkeldurr|Drain Punch|p2a: Scrub Board
|-damage|p2a: Scrub Board|125\/303
|-heal|p1a: Conkeldurr|301\/414|[from] drain|[of] p2a: Scrub Board
|
|-heal|p2a: Scrub Board|143\/303|[from] item: Leftovers
|turn|15
|
|move|p2a: Scrub Board|Will-O-Wisp|p1a: Conkeldurr
|-status|p1a: Conkeldurr|brn
|move|p1a: Conkeldurr|Knock Off|p2a: Scrub Board
|-damage|p2a: Scrub Board|0 fnt
|faint|p2a: Scrub Board
|
|-damage|p1a: Conkeldurr|250\/414 brn|[from] brn
|
|switch|p2a: Large Talons|Talonflame, M|298\/298
|turn|16
|
|switch|p1a: Latias|Latias, F|277\/316 brn
|move|p2a: Large Talons|Brave Bird|p1a: Latias
|-damage|p1a: Latias|0 fnt
|-damage|p2a: Large Talons|207\/298|[from] recoil|[of] p1a: Latias
|faint|p1a: Latias
|
|
|switch|p1a: Manaphy|Manaphy|341\/341
|turn|17
|
|move|p2a: Large Talons|Brave Bird|p1a: Manaphy
|-damage|p1a: Manaphy|67\/341
|-damage|p2a: Large Talons|117\/298|[from] recoil|[of] p1a: Manaphy
|move|p1a: Manaphy|Surf|p2a: Large Talons
|-supereffective|p2a: Large Talons
|-damage|p2a: Large Talons|0 fnt
|faint|p2a: Large Talons
|
|-heal|p1a: Manaphy|88\/341|[from] item: Leftovers
|
|switch|p2a: Gem|Starmie, shiny|235\/261
|turn|18
|
|move|p2a: Gem|Psyshock|p1a: Manaphy
|-damage|p1a: Manaphy|0 fnt
|-damage|p2a: Gem|209\/261|[from] item: Life Orb
|faint|p1a: Manaphy
|
|
|switch|p1a: Mamoswine|Mamoswine, F|361\/361
|turn|19
|
|move|p2a: Gem|Hydro Pump|p1a: Mamoswine
|-supereffective|p1a: Mamoswine
|-enditem|p1a: Mamoswine|Focus Sash
|-damage|p1a: Mamoswine|1\/361
|-damage|p2a: Gem|183\/261|[from] item: Life Orb
|move|p1a: Mamoswine|Earthquake|p2a: Gem
|-damage|p2a: Gem|0 fnt
|faint|p2a: Gem
|
|
|switch|p2a: Scorpion|Gliscor, M, shiny|175\/352
|turn|20
|
|move|p1a: Mamoswine|Ice Shard|p2a: Scorpion
|-supereffective|p2a: Scorpion
|-damage|p2a: Scorpion|0 fnt
|faint|p2a: Scorpion
|
|
|switch|p2a: Cave-Dweller|Heatran, F|385\/385
|turn|21
|
|move|p1a: Mamoswine|Earthquake|p2a: Cave-Dweller
|-crit|p2a: Cave-Dweller
|-supereffective|p2a: Cave-Dweller
|-damage|p2a: Cave-Dweller|0 fnt
|faint|p2a: Cave-Dweller
|
|win|Shizou
|raw|Ladder updating...
|raw|Shizou's rating: 1621 &rarr; <strong>1635<\/strong><br \/>(+14 for winning)
|raw|thesomeguy's rating: 1507 &rarr; <strong>1494<\/strong><br \/>(-13 for losing)
|chat|thesomeguy|urf gg
|chat|Shizou|gg