|join|Shizou
|join|SwaglySwagless
|player|p1|Shizou|148
|player|p2|SwaglySwagless|23
|gametype|singles
|gen|6
|tier|OU
|rated
|clearpoke
|poke|p1|Tyranitar, M
|poke|p1|Garchomp, F
|poke|p1|Togekiss, M
|poke|p1|Excadrill, M
|poke|p1|Conkeldurr, M
|poke|p1|Keldeo
|poke|p2|Medicham, M
|poke|p2|Aegislash, M
|poke|p2|Chandelure, F
|poke|p2|Blissey, F
|poke|p2|Landorus, M
|poke|p2|Ferrothorn, F
|rule|Sleep Clause Mod: Limit one foe put to sleep
|rule|Species Clause: Limit one of each Pokemon
|rule|OHKO Clause: OHKO moves are banned
|rule|Moody Clause: Moody is banned
|rule|Evasion Moves Clause: Evasion moves are banned
|rule|Endless Battle Clause: Forcing endless battles is banned.
|rule|HP Percentage Mod: HP is reported as percentages
|teampreview
|chat|SwaglySwagless|l hf
|chat|SwaglySwagless|gl hf
|
|start
|switch|p1a: Keldeo|Keldeo|322\/322
|switch|p2a: Aegislash|Aegislash, M|324\/324
|turn|1
|chat|Shizou|u2
|
|switch|p1a: Togekiss|Togekiss, M|374\/374
|-formechange|p2a: Aegislash|Aegislash-Blade
|move|p2a: Aegislash|Shadow Ball|p1a: Togekiss
|-damage|p1a: Togekiss|261\/374
|-damage|p2a: Aegislash|292\/324|[from] item: Life Orb
|
|-heal|p1a: Togekiss|284\/374|[from] item: Leftovers
|turn|2
|
|switch|p1a: Conkeldurr|Conkeldurr, M|414\/414
|switch|p2a: Landorus|Landorus, M|320\/320
|
|turn|3
|
|move|p2a: Landorus|Psychic|p1a: Conkeldurr
|-supereffective|p1a: Conkeldurr
|-damage|p1a: Conkeldurr|123\/414
|move|p1a: Conkeldurr|Ice Punch|p2a: Landorus
|-supereffective|p2a: Landorus
|-damage|p2a: Landorus|0 fnt
|faint|p2a: Landorus
|
|
|switch|p2a: Medicham|Medicham, M|261\/261
|turn|4
|
|-formechange|p2a: Medicham|Medicham-Mega
|message|Medicham has Mega Evolved into Mega Medicham!
|move|p2a: Medicham|High Jump Kick|p1a: Conkeldurr
|-damage|p1a: Conkeldurr|0 fnt
|faint|p1a: Conkeldurr
|
|chat|SwaglySwagless|man overpredicted
|
|switch|p1a: Keldeo|Keldeo|322\/322
|turn|5
|
|switch|p2a: Blissey|Blissey, F|714\/714
|move|p1a: Keldeo|Scald|p2a: Blissey
|-damage|p2a: Blissey|581\/714
|
|-heal|p2a: Blissey|625\/714|[from] item: Leftovers
|turn|6
|
|switch|p1a: Excadrill|Excadrill, M|362\/362
|-item|p1a: Excadrill|Air Balloon
|move|p2a: Blissey|Seismic Toss|p1a: Excadrill
|-damage|p1a: Excadrill|262\/362
|-enditem|p1a: Excadrill|Air Balloon
|
|-heal|p2a: Blissey|669\/714|[from] item: Leftovers
|turn|7
|chat|Shizou|I was just going to send out tyranitar
|
|switch|p1a: Keldeo|Keldeo|322\/322
|switch|p2a: Ferrothorn|Ferrothorn, F|352\/352
|
|turn|8
|
|switch|p2a: Aegislash|Aegislash, M|292\/324
|move|p1a: Keldeo|Secret Sword|p2a: Aegislash
|-immune|p2a: Aegislash|[msg]
|
|turn|9
|
|switch|p1a: Togekiss|Togekiss, M|284\/374
|-formechange|p2a: Aegislash|Aegislash-Blade
|move|p2a: Aegislash|Iron Head|p1a: Togekiss
|-supereffective|p1a: Togekiss
|-damage|p1a: Togekiss|0 fnt
|-damage|p2a: Aegislash|260\/324|[from] item: Life Orb
|faint|p1a: Togekiss
|
|
|switch|p1a: Excadrill|Excadrill, M|262\/362
|turn|10
|
|move|p1a: Excadrill|Earthquake|p2a: Aegislash
|-supereffective|p2a: Aegislash
|-damage|p2a: Aegislash|0 fnt
|faint|p2a: Aegislash
|
|
|switch|p2a: Medicham|Medicham, M|261\/261
|-formechange|p2a: Medicham|Medicham-Mega
|turn|11
|
|switch|p1a: Garchomp|Garchomp, F|358\/358
|move|p2a: Medicham|High Jump Kick|p1a: Garchomp
|-damage|p1a: Garchomp|0 fnt
|-damage|p2a: Medicham|229\/261|[from] ability: Rough Skin|[of] p1a: Garchomp
|faint|p1a: Garchomp
|
|
|switch|p1a: Keldeo|Keldeo|322\/322
|turn|12
|
|switch|p2a: Blissey|Blissey, F|669\/714
|move|p1a: Keldeo|Secret Sword|p2a: Blissey
|-supereffective|p2a: Blissey
|-damage|p2a: Blissey|0 fnt
|faint|p2a: Blissey
|
|
|switch|p2a: Medicham|Medicham, M|229\/261
|-formechange|p2a: Medicham|Medicham-Mega
|turn|13
|
|switch|p1a: Tyranitar|Tyranitar, M|342\/342
|-weather|Sandstorm
|move|p2a: Medicham|High Jump Kick|p1a: Tyranitar
|-supereffective|p1a: Tyranitar
|-damage|p1a: Tyranitar|0 fnt
|faint|p1a: Tyranitar
|
|-weather|Sandstorm|[upkeep]
|-damage|p2a: Medicham|213\/261|[from] sandstorm
|
|switch|p1a: Excadrill|Excadrill, M|262\/362
|turn|14
|chat|SwaglySwagless|shit gg
|
|switch|p2a: Ferrothorn|Ferrothorn, F|352\/352
|move|p1a: Excadrill|Earthquake|p2a: Ferrothorn
|-damage|p2a: Ferrothorn|243\/352
|
|-weather|Sandstorm|[upkeep]
|turn|15
|
|switch|p1a: Keldeo|Keldeo|322\/322
|move|p2a: Ferrothorn|Leech Seed|p1a: Keldeo|[miss]
|-miss|p2a: Ferrothorn|p1a: Keldeo
|
|-weather|Sandstorm|[upkeep]
|-damage|p1a: Keldeo|302\/322|[from] sandstorm
|turn|16
|chat|Shizou|I probably lost though
|chat|SwaglySwagless|-_-
|
|move|p1a: Keldeo|Secret Sword|p2a: Ferrothorn
|-supereffective|p2a: Ferrothorn
|-damage|p2a: Ferrothorn|0 fnt
|faint|p2a: Ferrothorn
|
|-weather|Sandstorm|[upkeep]
|-damage|p1a: Keldeo|282\/322|[from] sandstorm
|
|switch|p2a: Chandelure|Chandelure, F|261\/261
|turn|17
|
|switch|p1a: Excadrill|Excadrill, M|262\/362
|move|p2a: Chandelure|Shadow Ball|p1a: Excadrill
|-damage|p1a: Excadrill|24\/362
|
|-weather|none
|turn|18
|
|move|p2a: Chandelure|Shadow Ball|p1a: Excadrill
|-damage|p1a: Excadrill|0 fnt
|faint|p1a: Excadrill
|
|
|switch|p1a: Keldeo|Keldeo|282\/322
|turn|19
|
|move|p2a: Chandelure|Shadow Ball|p1a: Keldeo
|-damage|p1a: Keldeo|125\/322
|-unboost|p1a: Keldeo|spd|1
|move|p1a: Keldeo|Hydro Pump|p2a: Chandelure|[miss]
|-miss|p1a: Keldeo|p2a: Chandelure
|
|turn|20
|chat|SwaglySwagless|sorry
|chat|SwaglySwagless|u would have won
|chat|Shizou|:[
|chat|Shizou|gg
|chat|SwaglySwagless|gg
|
|move|p2a: Chandelure|Shadow Ball|p1a: Keldeo
|-damage|p1a: Keldeo|0 fnt
|faint|p1a: Keldeo
|
|win|SwaglySwagless
|raw|Ladder updating...
|raw|Shizou's rating: 1599 &rarr; <strong>1578<\/strong><br \/>(-21 for losing)
|raw|SwaglySwagless's rating: 1583 &rarr; <strong>1604<\/strong><br \/>(+21 for winning)
|chat|SwaglySwagless|1600!
|chat|SwaglySwagless|finally
|chat|Shizou|nice
|leave|Shizou
|player|p1