|join|Shizou
|join|VanillaWaffles
|player|p1|Shizou|148
|player|p2|VanillaWaffles|100
|gametype|singles
|gen|6
|tier|OU
|rated
|clearpoke
|poke|p1|Greninja, F
|poke|p1|Kyurem-Black
|poke|p1|Venusaur, F
|poke|p1|Garchomp, M
|poke|p1|Zapdos
|poke|p1|Landorus, M
|poke|p2|Charizard, F
|poke|p2|Gliscor, M
|poke|p2|Greninja, F
|poke|p2|Deoxys-Defense
|poke|p2|Bisharp, M
|poke|p2|Kyurem-Black
|rule|Sleep Clause Mod: Limit one foe put to sleep
|rule|Species Clause: Limit one of each Pokemon
|rule|OHKO Clause: OHKO moves are banned
|rule|Moody Clause: Moody is banned
|rule|Evasion Moves Clause: Evasion moves are banned
|rule|Endless Battle Clause: Forcing endless battles is banned.
|rule|HP Percentage Mod: HP is reported as percentages
|teampreview
|
|start
|switch|p1a: Kyurem-Black|Kyurem-Black|391\/391
|switch|p2a: Gliscor|Gliscor, M|354\/354
|-ability|p1a: Kyurem-Black|Teravolt
|turn|1
|
|move|p2a: Gliscor|Protect|p2a: Gliscor
|-singleturn|p2a: Gliscor|Protect
|move|p1a: Kyurem-Black|Substitute|p1a: Kyurem-Black
|-start|p1a: Kyurem-Black|Substitute
|-damage|p1a: Kyurem-Black|294\/391
|
|-heal|p1a: Kyurem-Black|318\/391|[from] item: Leftovers
|-status|p2a: Gliscor|tox|[from] item: Toxic Orb
|turn|2
|
|switch|p2a: Bisharp|Bisharp, M|334\/334
|move|p1a: Kyurem-Black|Ice Beam|p2a: Bisharp
|-resisted|p2a: Bisharp
|-damage|p2a: Bisharp|216\/334
|
|-heal|p1a: Kyurem-Black|342\/391|[from] item: Leftovers
|turn|3
|
|move|p1a: Kyurem-Black|Fusion Bolt|p2a: Bisharp
|-damage|p2a: Bisharp|90\/334
|move|p2a: Bisharp|Iron Head|p1a: Kyurem-Black
|-supereffective|p1a: Kyurem-Black
|-end|p1a: Kyurem-Black|Substitute
|-damage|p2a: Bisharp|57\/334|[from] item: Life Orb
|
|-heal|p1a: Kyurem-Black|366\/391|[from] item: Leftovers
|turn|4
|
|move|p2a: Bisharp|Sucker Punch|p1a: Kyurem-Black
|-fail|p1a: Kyurem-Black
|move|p1a: Kyurem-Black|Substitute|p1a: Kyurem-Black
|-start|p1a: Kyurem-Black|Substitute
|-damage|p1a: Kyurem-Black|269\/391
|
|-heal|p1a: Kyurem-Black|293\/391|[from] item: Leftovers
|turn|5
|
|move|p2a: Bisharp|Sucker Punch|p1a: Kyurem-Black
|-end|p1a: Kyurem-Black|Substitute
|-damage|p2a: Bisharp|24\/334|[from] item: Life Orb
|move|p1a: Kyurem-Black|Fusion Bolt|p2a: Bisharp
|-damage|p2a: Bisharp|0 fnt
|faint|p2a: Bisharp
|
|-heal|p1a: Kyurem-Black|317\/391|[from] item: Leftovers
|
|switch|p2a: Charizard|Charizard, F|333\/333
|turn|6
|
|detailschange|p2a: Charizard|Charizard-Mega-X, F
|message|Charizard has Mega Evolved into Mega Charizard!
|move|p1a: Kyurem-Black|Dragon Claw|p2a: Charizard
|-supereffective|p2a: Charizard
|-damage|p2a: Charizard|51\/333
|move|p2a: Charizard|Dragon Claw|p1a: Kyurem-Black
|-supereffective|p1a: Kyurem-Black
|-damage|p1a: Kyurem-Black|0 fnt
|faint|p1a: Kyurem-Black
|
|
|switch|p1a: Landorus|Landorus, M|320\/320
|turn|7
|
|switch|p2a: Gliscor|Gliscor, M|354\/354 tox
|move|p1a: Landorus|Psychic|p2a: Gliscor
|-damage|p2a: Gliscor|134\/354 tox
|
|-heal|p2a: Gliscor|178\/354 tox|[from] ability: Poison Heal
|turn|8
|
|move|p2a: Gliscor|Protect|p2a: Gliscor
|-singleturn|p2a: Gliscor|Protect
|move|p1a: Landorus|Rock Polish|p1a: Landorus
|-boost|p1a: Landorus|spe|2
|
|-heal|p2a: Gliscor|222\/354 tox|[from] ability: Poison Heal
|turn|9
|
|move|p1a: Landorus|Psychic|p2a: Gliscor
|-damage|p2a: Gliscor|0 fnt
|faint|p2a: Gliscor
|
|
|switch|p2a: Kyurem-Black|Kyurem-Black|428\/428
|-ability|p2a: Kyurem-Black|Teravolt
|turn|10
|
|move|p1a: Landorus|Focus Blast|p2a: Kyurem-Black|[miss]
|-miss|p1a: Landorus|p2a: Kyurem-Black
|move|p2a: Kyurem-Black|Ice Beam|p1a: Landorus
|-supereffective|p1a: Landorus
|-damage|p1a: Landorus|0 fnt
|faint|p1a: Landorus
|
|
|switch|p1a: Garchomp|Garchomp, M|358\/358
|turn|11
|
|switch|p2a: Deoxys-Defense|Deoxys-Defense|304\/304
|-ability|p2a: Deoxys-Defense|Pressure
|move|p1a: Garchomp|Outrage|p2a: Deoxys-Defense
|-crit|p2a: Deoxys-Defense
|-damage|p2a: Deoxys-Defense|109\/304
|
|-heal|p2a: Deoxys-Defense|128\/304|[from] item: Leftovers
|turn|12
|
|move|p1a: Garchomp|Outrage|p2a: Deoxys-Defense
|-damage|p2a: Deoxys-Defense|0 fnt
|faint|p2a: Deoxys-Defense
|
|-end|p1a: Garchomp|rampage
|-start|p1a: Garchomp|confusion
|
|switch|p2a: Greninja|Greninja, F|286\/286
|turn|13
|
|switch|p1a: Venusaur|Venusaur, F|364\/364
|-start|p2a: Greninja|typechange|Ice|[from] Protean
|move|p2a: Greninja|Ice Beam|p1a: Venusaur
|-supereffective|p1a: Venusaur
|-damage|p1a: Venusaur|45\/364
|
|turn|14
|
|move|p2a: Greninja|Ice Beam|p1a: Venusaur
|-supereffective|p1a: Venusaur
|-damage|p1a: Venusaur|0 fnt
|faint|p1a: Venusaur
|
|
|switch|p1a: Greninja|Greninja, F|286\/286
|turn|15
|
|-start|p1a: Greninja|typechange|Psychic|[from] Protean
|move|p1a: Greninja|Extrasensory|p2a: Greninja
|-damage|p2a: Greninja|70\/286
|-damage|p1a: Greninja|258\/286|[from] item: Life Orb
|-start|p2a: Greninja|typechange|Dark|[from] Protean
|move|p2a: Greninja|Dark Pulse|p1a: Greninja
|-supereffective|p1a: Greninja
|-damage|p1a: Greninja|0 fnt
|faint|p1a: Greninja
|
|
|switch|p1a: Garchomp|Garchomp, M|358\/358
|turn|16
|
|move|p1a: Garchomp|Outrage|p2a: Greninja
|-damage|p2a: Greninja|0 fnt
|faint|p2a: Greninja
|
|
|switch|p2a: Kyurem-Black|Kyurem-Black|428\/428
|-ability|p2a: Kyurem-Black|Teravolt
|turn|17
|
|move|p1a: Garchomp|Outrage|p2a: Kyurem-Black
|-supereffective|p2a: Kyurem-Black
|-damage|p2a: Kyurem-Black|36\/428
|move|p2a: Kyurem-Black|Dragon Claw|p1a: Garchomp
|-supereffective|p1a: Garchomp
|-damage|p1a: Garchomp|0 fnt
|-damage|p2a: Kyurem-Black|0 fnt|[from] ability: Rough Skin|[of] p1a: Garchomp
|faint|p1a: Garchomp
|faint|p2a: Kyurem-Black
|
|
|switch|p2a: Charizard|Charizard-Mega-X, F|51\/333
|switch|p1a: Zapdos|Zapdos|384\/384
|-ability|p1a: Zapdos|Pressure
|turn|18
|
|move|p2a: Charizard|Roost|p2a: Charizard
|-heal|p2a: Charizard|218\/333
|move|p1a: Zapdos|Thunderbolt|p2a: Charizard
|-resisted|p2a: Charizard
|-damage|p2a: Charizard|139\/333
|
|turn|19
|
|move|p2a: Charizard|Roost|p2a: Charizard
|-heal|p2a: Charizard|306\/333
|move|p1a: Zapdos|Thunderbolt|p2a: Charizard
|-resisted|p2a: Charizard
|-damage|p2a: Charizard|239\/333
|
|turn|20
|-message|Shizou forfeited.
|
|win|VanillaWaffles
|raw|Ladder updating...
|raw|Shizou's rating: 1574 &rarr; <strong>1551<\/strong><br \/>(-23 for losing)
|raw|VanillaWaffles's rating: 1517 &rarr; <strong>1540<\/strong><br \/>(+23 for winning)
|leave|Shizou
|player|p1