|join|NYChillen
|join|Shizou
|player|p1|NYChillen|135
|player|p2|Shizou|148
|gametype|singles
|gen|6
|tier|OU
|rated
|clearpoke
|poke|p1|Landorus-Therian, M, shiny
|poke|p1|Staraptor, F, shiny
|poke|p1|Magnezone, shiny
|poke|p1|Clefable, F, shiny
|poke|p1|Greninja, M
|poke|p1|Aegislash, M
|poke|p2|Gardevoir, F, shiny
|poke|p2|Excadrill, M
|poke|p2|Tyranitar, M
|poke|p2|Breloom, M
|poke|p2|Latios, M
|poke|p2|Talonflame, M
|rule|Sleep Clause Mod: Limit one foe put to sleep
|rule|Species Clause: Limit one of each Pokemon
|rule|OHKO Clause: OHKO moves are banned
|rule|Moody Clause: Moody is banned
|rule|Evasion Moves Clause: Evasion moves are banned
|rule|Endless Battle Clause: Forcing endless battles is banned.
|rule|HP Percentage Mod: HP is reported as percentages
|teampreview
|
|start
|switch|p1a: Staraptor|Staraptor, F, shiny|311\/311
|switch|p2a: dd|Tyranitar, M|342\/342
|-weather|Sandstorm
|turn|1
|
|switch|p2a: Grima|Latios, M|302\/302
|move|p1a: Staraptor|Close Combat|p2a: Grima
|-resisted|p2a: Grima
|-damage|p2a: Grima|222\/302
|-unboost|p1a: Staraptor|def|1
|-unboost|p1a: Staraptor|spd|1
|
|-weather|Sandstorm|[upkeep]
|-damage|p2a: Grima|204\/302|[from] sandstorm
|-damage|p1a: Staraptor|292\/311|[from] sandstorm
|turn|2
|
|switch|p1a: Aegislash|Aegislash, M|324\/324
|move|p2a: Grima|Psyshock|p1a: Aegislash
|-resisted|p1a: Aegislash
|-damage|p1a: Aegislash|272\/324
|
|-weather|Sandstorm|[upkeep]
|-damage|p2a: Grima|186\/302|[from] sandstorm
|-heal|p1a: Aegislash|292\/324|[from] item: Leftovers
|turn|3
|
|switch|p2a: dd|Tyranitar, M|342\/342
|move|p1a: Aegislash|Substitute|p1a: Aegislash
|-start|p1a: Aegislash|Substitute
|-damage|p1a: Aegislash|211\/324
|
|-weather|Sandstorm|[upkeep]
|-heal|p1a: Aegislash|231\/324|[from] item: Leftovers
|turn|4
|
|move|p2a: dd|Stealth Rock|p1a: Aegislash
|-sidestart|p1: NYChillen|move: Stealth Rock
|-formechange|p1a: Aegislash|Aegislash-Blade
|move|p1a: Aegislash|Sacred Sword|p2a: dd
|-crit|p2a: dd
|-supereffective|p2a: dd
|-damage|p2a: dd|0 fnt
|faint|p2a: dd
|
|-weather|Sandstorm|[upkeep]
|-heal|p1a: Aegislash|251\/324|[from] item: Leftovers
|
|switch|p2a: Avogadrill|Excadrill, M|362\/362
|turn|5
|
|move|p2a: Avogadrill|Earthquake|p1a: Aegislash
|-supereffective|p1a: Aegislash
|-end|p1a: Aegislash|Substitute
|-damage|p2a: Avogadrill|326\/362|[from] item: Life Orb
|move|p1a: Aegislash|Sacred Sword|p2a: Avogadrill
|-supereffective|p2a: Avogadrill
|-damage|p2a: Avogadrill|20\/362
|
|-weather|Sandstorm|[upkeep]
|-heal|p1a: Aegislash|271\/324|[from] item: Leftovers
|turn|6
|
|-formechange|p1a: Aegislash|Aegislash
|move|p1a: Aegislash|King's Shield|p1a: Aegislash
|-singleturn|p1a: Aegislash|Protect
|move|p2a: Avogadrill|Earthquake|p1a: Aegislash
|-activate|p1a: Aegislash|Protect
|
|-weather|Sandstorm|[upkeep]
|-heal|p1a: Aegislash|291\/324|[from] item: Leftovers
|turn|7
|
|switch|p1a: Magnezone|Magnezone, shiny|312\/312
|-damage|p1a: Magnezone|293\/312|[from] Stealth Rock
|move|p2a: Avogadrill|Iron Head|p1a: Magnezone
|-resisted|p1a: Magnezone
|-damage|p1a: Magnezone|250\/312
|-damage|p2a: Avogadrill|0 fnt|[from] item: Life Orb
|faint|p2a: Avogadrill
|
|-weather|Sandstorm|[upkeep]
|
|switch|p2a: Dealer|Breloom, M|262\/262
|turn|8
|
|move|p2a: Dealer|Spore|p1a: Magnezone
|-status|p1a: Magnezone|slp
|cant|p1a: Magnezone|slp
|
|-weather|none
|turn|9
|
|switch|p1a: Landorus-Therian|Landorus-Therian, M, shiny|382\/382
|-damage|p1a: Landorus-Therian|335\/382|[from] Stealth Rock
|-ability|p1a: Landorus-Therian|Intimidate|[of] p2a: Dealer
|-unboost|p2a: Dealer|atk|1
|move|p2a: Dealer|Rock Tomb|p1a: Landorus-Therian
|-damage|p1a: Landorus-Therian|281\/382
|-unboost|p1a: Landorus-Therian|spe|1
|
|turn|10
|
|switch|p2a: Lucina|Gardevoir, F, shiny|277\/277
|-ability|p2a: Lucina|Intimidate|[from] ability: Trace|[of] p1a: Landorus-Therian
|-ability|p2a: Lucina|Intimidate|[of] p1a: Landorus-Therian
|-unboost|p1a: Landorus-Therian|atk|1
|switch|p1a: Aegislash|Aegislash, M|291\/324
|-damage|p1a: Aegislash|271\/324|[from] Stealth Rock
|
|-heal|p1a: Aegislash|291\/324|[from] item: Leftovers
|turn|11
|
|detailschange|p2a: Lucina|Gardevoir-Mega, F, shiny
|message|Gardevoir has Mega Evolved into Mega Gardevoir!
|move|p2a: Lucina|Will-O-Wisp|p1a: Aegislash
|-status|p1a: Aegislash|brn
|-formechange|p1a: Aegislash|Aegislash-Blade
|move|p1a: Aegislash|Shadow Ball|p2a: Lucina
|-supereffective|p2a: Lucina
|-damage|p2a: Lucina|0 fnt
|faint|p2a: Lucina
|
|-heal|p1a: Aegislash|311\/324 brn|[from] item: Leftovers
|-damage|p1a: Aegislash|271\/324 brn|[from] brn
|
|switch|p2a: Marco|Talonflame, M|305\/305
|turn|12
|
|switch|p1a: Landorus-Therian|Landorus-Therian, M, shiny|281\/382
|-damage|p1a: Landorus-Therian|234\/382|[from] Stealth Rock
|-ability|p1a: Landorus-Therian|Intimidate|[of] p2a: Marco
|-unboost|p2a: Marco|atk|1
|move|p2a: Marco|Tailwind|p2a: Marco
|-sidestart|p2: Shizou|move: Tailwind
|
|turn|13
|
|switch|p2a: Dealer|Breloom, M|262\/262
|move|p1a: Landorus-Therian|Stealth Rock|p2a: Dealer
|-sidestart|p2: Shizou|move: Stealth Rock
|
|turn|14
|
|move|p2a: Dealer|Bullet Seed|p1a: Landorus-Therian
|-damage|p1a: Landorus-Therian|180\/382
|-damage|p1a: Landorus-Therian|132\/382
|-damage|p1a: Landorus-Therian|77\/382
|-hitcount|p1a: Landorus-Therian|3
|move|p1a: Landorus-Therian|U-turn|p2a: Dealer
|-damage|p2a: Dealer|168\/262
|
|switch|p1a: Aegislash|Aegislash, M|271\/324 brn
|-damage|p1a: Aegislash|251\/324 brn|[from] Stealth Rock
|
|-heal|p1a: Aegislash|271\/324 brn|[from] item: Leftovers
|-damage|p1a: Aegislash|231\/324 brn|[from] brn
|turn|15
|-message|Shizou forfeited.
|
|win|NYChillen
|raw|Ladder updating...
|leave|Shizou
|player|p2
|raw|NYChillen's rating: 1684 &rarr; <strong>1703<\/strong><br \/>(+19 for winning)
|raw|Shizou's rating: 1677 &rarr; <strong>1657<\/strong><br \/>(-20 for losing)