|join|Shizou
|join|pascual707
|player|p1|Shizou|283
|player|p2|pascual707|168
|gametype|singles
|gen|6
|tier|OU
|rated
|clearpoke
|poke|p1|Charizard, F
|poke|p1|Terrakion
|poke|p1|Skarmory, F
|poke|p1|Azumarill, F
|poke|p1|Thundurus, M
|poke|p1|Aegislash, M
|poke|p2|Ferrothorn, F
|poke|p2|Azumarill, F
|poke|p2|Charizard, M
|poke|p2|Bisharp, F
|poke|p2|Excadrill, F
|poke|p2|Rotom-Wash
|rule|Swagger Clause: Swagger is banned
|rule|Baton Pass Clause: Limit one PokÃ©mon knowing Baton Pass
|rule|Sleep Clause Mod: Limit one foe put to sleep
|rule|Species Clause: Limit one of each PokÃ©mon
|rule|OHKO Clause: OHKO moves are banned
|rule|Moody Clause: Moody is banned
|rule|Evasion Moves Clause: Evasion moves are banned
|rule|Endless Battle Clause: Forcing endless battles is banned
|rule|HP Percentage Mod: HP is reported as percentages
|teampreview
|
|start
|switch|p1a: Terrakion|Terrakion|323\/323
|switch|p2a: Scrotom|Rotom-Wash|254\/254
|turn|1
|
|move|p2a: Scrotom|Volt Switch|p1a: Terrakion
|-damage|p1a: Terrakion|200\/323
|
|switch|p2a: Happy Killer|Azumarill, F|403\/403
|move|p1a: Terrakion|Close Combat|p2a: Happy Killer
|-resisted|p2a: Happy Killer
|-damage|p2a: Happy Killer|266\/403
|-unboost|p1a: Terrakion|def|1
|-unboost|p1a: Terrakion|spd|1
|
|turn|2
|
|switch|p1a: Skarmory|Skarmory, F|334\/334
|move|p2a: Happy Killer|Waterfall|p1a: Skarmory
|-damage|p1a: Skarmory|226\/334
|
|-heal|p1a: Skarmory|246\/334|[from] item: Leftovers
|turn|3
|
|switch|p2a: Scrotom|Rotom-Wash|254\/254
|move|p1a: Skarmory|Roost|p1a: Skarmory
|-heal|p1a: Skarmory|334\/334
|
|turn|4
|
|move|p2a: Scrotom|Hydro Pump|p1a: Skarmory
|-damage|p1a: Skarmory|69\/334
|move|p1a: Skarmory|Whirlwind|p2a: Scrotom
|drag|p2a: What a Tool|Excadrill, F|362\/362
|-ability|p2a: What a Tool|Mold Breaker
|-item|p2a: What a Tool|Air Balloon
|
|-heal|p1a: Skarmory|89\/334|[from] item: Leftovers
|turn|5
|
|move|p2a: What a Tool|Rock Slide|p1a: Skarmory
|-miss|p2a: What a Tool|p1a: Skarmory
|move|p1a: Skarmory|Roost|p1a: Skarmory
|-heal|p1a: Skarmory|256\/334
|
|-heal|p1a: Skarmory|276\/334|[from] item: Leftovers
|turn|6
|
|switch|p2a: Scrotom|Rotom-Wash|254\/254
|move|p1a: Skarmory|Roost|p1a: Skarmory
|-heal|p1a: Skarmory|334\/334
|
|turn|7
|
|move|p2a: Scrotom|Hydro Pump|p1a: Skarmory
|-damage|p1a: Skarmory|82\/334
|move|p1a: Skarmory|Roost|p1a: Skarmory
|-heal|p1a: Skarmory|249\/334
|
|-heal|p1a: Skarmory|269\/334|[from] item: Leftovers
|turn|8
|
|switch|p2a: Destoroyah|Charizard, M|298\/298
|switch|p1a: Azumarill|Azumarill, F|404\/404
|
|turn|9
|
|detailschange|p2a: Destoroyah|Charizard-Mega-Y, M
|message|Charizard has Mega Evolved into Mega Charizard!
|-weather|SunnyDay
|move|p2a: Destoroyah|Solar Beam|p1a: Azumarill|[still]
|-prepare|p2a: Destoroyah|Solar Beam|p1a: Azumarill
|-anim|p2a: Destoroyah|Solar Beam|p1a: Azumarill
|-supereffective|p1a: Azumarill
|-damage|p1a: Azumarill|124\/404
|move|p1a: Azumarill|Knock Off|p2a: Destoroyah
|-damage|p2a: Destoroyah|181\/298
|
|-weather|SunnyDay|[upkeep]
|turn|10
|
|switch|p1a: Charizard|Charizard, F|298\/298
|move|p2a: Destoroyah|Tailwind|p2a: Destoroyah
|-sidestart|p2: pascual707|move: Tailwind
|
|-weather|SunnyDay|[upkeep]
|turn|11
|
|switch|p2a: Scrotom|Rotom-Wash|254\/254
|detailschange|p1a: Charizard|Charizard-Mega-X, F
|message|Charizard has Mega Evolved into Mega Charizard!
|move|p1a: Charizard|Flare Blitz|p2a: Scrotom
|-crit|p2a: Scrotom
|-resisted|p2a: Scrotom
|-damage|p2a: Scrotom|0 fnt
|-damage|p1a: Charizard|214\/298|[from] recoil|[of] p2a: Scrotom
|faint|p2a: Scrotom
|
|-weather|SunnyDay|[upkeep]
|
|switch|p2a: Happy Killer|Azumarill, F|266\/403
|turn|12
|
|switch|p1a: Azumarill|Azumarill, F|124\/404
|move|p2a: Happy Killer|Play Rough|p1a: Azumarill
|-damage|p1a: Azumarill|0 fnt
|faint|p1a: Azumarill
|
|-weather|SunnyDay|[upkeep]
|
|switch|p1a: Aegislash|Aegislash, M|311\/311
|turn|13
|
|move|p2a: Happy Killer|Waterfall|p1a: Aegislash
|-damage|p1a: Aegislash|248\/311
|-formechange|p1a: Aegislash|Aegislash-Blade
|move|p1a: Aegislash|Shadow Ball|p2a: Happy Killer
|-damage|p2a: Happy Killer|46\/403
|-enditem|p2a: Happy Killer|Sitrus Berry|[eat]
|-heal|p2a: Happy Killer|146\/403|[from] item: Sitrus Berry
|
|-weather|none
|-heal|p1a: Aegislash|267\/311|[from] item: Leftovers
|-sideend|p2: pascual707|move: Tailwind
|turn|14
|
|switch|p1a: Skarmory|Skarmory, F|269\/334
|switch|p2a: What a Tool|Excadrill, F|362\/362
|-ability|p2a: What a Tool|Mold Breaker
|-item|p2a: What a Tool|Air Balloon
|
|-heal|p1a: Skarmory|289\/334|[from] item: Leftovers
|turn|15
|
|switch|p1a: Terrakion|Terrakion|200\/323
|move|p2a: What a Tool|Earthquake|p1a: Terrakion
|-supereffective|p1a: Terrakion
|-damage|p1a: Terrakion|0 fnt
|faint|p1a: Terrakion
|
|
|switch|p1a: Charizard|Charizard-Mega-X, F|214\/298
|turn|16
|
|switch|p2a: Me so Thorny|Ferrothorn, F|352\/352
|switch|p1a: Thundurus|Thundurus, M|300\/300
|
|turn|17
|
|switch|p1a: Aegislash|Aegislash, M|267\/311
|move|p2a: Me so Thorny|Stealth Rock|p1a: Aegislash
|-sidestart|p1: Shizou|move: Stealth Rock
|
|-heal|p1a: Aegislash|286\/311|[from] item: Leftovers
|turn|18
|
|move|p1a: Aegislash|Substitute|p1a: Aegislash
|-start|p1a: Aegislash|Substitute
|-damage|p1a: Aegislash|209\/311
|move|p2a: Me so Thorny|Leech Seed|p1a: Aegislash
|
|-heal|p1a: Aegislash|228\/311|[from] item: Leftovers
|turn|19
|
|-formechange|p1a: Aegislash|Aegislash-Blade
|move|p1a: Aegislash|Shadow Ball|p2a: Me so Thorny
|-damage|p2a: Me so Thorny|216\/352
|-unboost|p2a: Me so Thorny|spd|1
|move|p2a: Me so Thorny|Power Whip|p1a: Aegislash
|-resisted|p1a: Aegislash
|-end|p1a: Aegislash|Substitute
|
|-heal|p1a: Aegislash|247\/311|[from] item: Leftovers
|turn|20
|
|move|p1a: Aegislash|Substitute|p1a: Aegislash
|-start|p1a: Aegislash|Substitute
|-damage|p1a: Aegislash|170\/311
|move|p2a: Me so Thorny|Power Whip|p1a: Aegislash
|-resisted|p1a: Aegislash
|-end|p1a: Aegislash|Substitute
|
|-heal|p1a: Aegislash|189\/311|[from] item: Leftovers
|turn|21
|
|move|p1a: Aegislash|Substitute|p1a: Aegislash
|-start|p1a: Aegislash|Substitute
|-damage|p1a: Aegislash|112\/311
|move|p2a: Me so Thorny|Thunder Wave|p1a: Aegislash
|
|-heal|p1a: Aegislash|131\/311|[from] item: Leftovers
|turn|22
|
|move|p1a: Aegislash|Shadow Ball|p2a: Me so Thorny
|-damage|p2a: Me so Thorny|14\/352
|move|p2a: Me so Thorny|Power Whip|p1a: Aegislash
|-resisted|p1a: Aegislash
|-end|p1a: Aegislash|Substitute
|
|-heal|p1a: Aegislash|150\/311|[from] item: Leftovers
|turn|23
|
|move|p1a: Aegislash|Substitute|p1a: Aegislash
|-start|p1a: Aegislash|Substitute
|-damage|p1a: Aegislash|73\/311
|move|p2a: Me so Thorny|Power Whip|p1a: Aegislash
|-resisted|p1a: Aegislash
|-end|p1a: Aegislash|Substitute
|
|-heal|p1a: Aegislash|92\/311|[from] item: Leftovers
|turn|24
|
|-formechange|p1a: Aegislash|Aegislash
|move|p1a: Aegislash|King's Shield|p1a: Aegislash
|-singleturn|p1a: Aegislash|Protect
|move|p2a: Me so Thorny|Power Whip|p1a: Aegislash
|-activate|p1a: Aegislash|Protect
|-unboost|p2a: Me so Thorny|atk|2
|
|-heal|p1a: Aegislash|111\/311|[from] item: Leftovers
|turn|25
|
|move|p1a: Aegislash|Substitute|p1a: Aegislash
|-start|p1a: Aegislash|Substitute
|-damage|p1a: Aegislash|34\/311
|move|p2a: Me so Thorny|Power Whip|p1a: Aegislash
|-resisted|p1a: Aegislash
|-activate|p1a: Aegislash|Substitute|[damage]
|
|-heal|p1a: Aegislash|53\/311|[from] item: Leftovers
|turn|26
|
|move|p1a: Aegislash|King's Shield|p1a: Aegislash
|-singleturn|p1a: Aegislash|Protect
|move|p2a: Me so Thorny|Power Whip|p1a: Aegislash
|-activate|p1a: Aegislash|Protect
|-unboost|p2a: Me so Thorny|atk|2
|
|-heal|p1a: Aegislash|72\/311|[from] item: Leftovers
|turn|27
|
|-formechange|p1a: Aegislash|Aegislash-Blade
|move|p1a: Aegislash|Shadow Ball|p2a: Me so Thorny
|-damage|p2a: Me so Thorny|0 fnt
|faint|p2a: Me so Thorny
|
|-heal|p1a: Aegislash|91\/311|[from] item: Leftovers
|
|switch|p2a: Bisharp|Bisharp, F|272\/272
|turn|28
|
|move|p2a: Bisharp|Swords Dance|p2a: Bisharp
|-boost|p2a: Bisharp|atk|2
|move|p1a: Aegislash|Shadow Ball|p2a: Bisharp
|-resisted|p2a: Bisharp
|-damage|p2a: Bisharp|151\/272
|
|-heal|p1a: Aegislash|110\/311|[from] item: Leftovers
|turn|29
|
|move|p2a: Bisharp|Sucker Punch|p1a: Aegislash
|-supereffective|p1a: Aegislash
|-end|p1a: Aegislash|Substitute
|-damage|p2a: Bisharp|124\/272|[from] item: Life Orb
|move|p1a: Aegislash|Shadow Ball|p2a: Bisharp
|-crit|p2a: Bisharp
|-resisted|p2a: Bisharp
|-damage|p2a: Bisharp|0 fnt
|faint|p2a: Bisharp
|
|-heal|p1a: Aegislash|129\/311|[from] item: Leftovers
|
|switch|p2a: Destoroyah|Charizard-Mega-Y, M|181\/298
|-weather|SunnyDay
|turn|30
|
|-formechange|p1a: Aegislash|Aegislash
|move|p1a: Aegislash|King's Shield|p1a: Aegislash
|-singleturn|p1a: Aegislash|Protect
|move|p2a: Destoroyah|Tailwind|p2a: Destoroyah
|-sidestart|p2: pascual707|move: Tailwind
|
|-weather|SunnyDay|[upkeep]
|-heal|p1a: Aegislash|148\/311|[from] item: Leftovers
|turn|31
|
|move|p2a: Destoroyah|Fire Blast|p1a: Aegislash|[miss]
|-miss|p2a: Destoroyah|p1a: Aegislash
|-formechange|p1a: Aegislash|Aegislash-Blade
|move|p1a: Aegislash|Shadow Ball|p2a: Destoroyah
|-damage|p2a: Destoroyah|37\/298
|
|-weather|SunnyDay|[upkeep]
|-heal|p1a: Aegislash|167\/311|[from] item: Leftovers
|turn|32
|
|-formechange|p1a: Aegislash|Aegislash
|move|p1a: Aegislash|King's Shield|p1a: Aegislash
|-singleturn|p1a: Aegislash|Protect
|move|p2a: Destoroyah|Fire Blast|p1a: Aegislash
|-activate|p1a: Aegislash|Protect
|
|-weather|SunnyDay|[upkeep]
|-heal|p1a: Aegislash|186\/311|[from] item: Leftovers
|turn|33
|
|switch|p1a: Charizard|Charizard-Mega-X, F|214\/298
|-damage|p1a: Charizard|140\/298|[from] Stealth Rock
|move|p2a: Destoroyah|Fire Blast|p1a: Charizard
|-resisted|p1a: Charizard
|-damage|p1a: Charizard|42\/298
|
|-weather|SunnyDay|[upkeep]
|-sideend|p2: pascual707|move: Tailwind
|turn|34
|
|move|p2a: Destoroyah|Fire Blast|p1a: Charizard
|-resisted|p1a: Charizard
|-damage|p1a: Charizard|0 fnt
|faint|p1a: Charizard
|
|-weather|none
|
|switch|p1a: Aegislash|Aegislash, M|186\/311
|-damage|p1a: Aegislash|167\/311|[from] Stealth Rock
|turn|35
|
|move|p1a: Aegislash|King's Shield|p1a: Aegislash
|-singleturn|p1a: Aegislash|Protect
|move|p2a: Destoroyah|Fire Blast|p1a: Aegislash
|-activate|p1a: Aegislash|Protect
|
|-heal|p1a: Aegislash|186\/311|[from] item: Leftovers
|turn|36
|
|move|p2a: Destoroyah|Fire Blast|p1a: Aegislash
|-supereffective|p1a: Aegislash
|-damage|p1a: Aegislash|0 fnt
|faint|p1a: Aegislash
|
|
|switch|p1a: Thundurus|Thundurus, M|300\/300
|-damage|p1a: Thundurus|225\/300|[from] Stealth Rock
|turn|37
|
|switch|p2a: What a Tool|Excadrill, F|362\/362
|-ability|p2a: What a Tool|Mold Breaker
|-item|p2a: What a Tool|Air Balloon
|move|p1a: Thundurus|Hidden Power|p2a: What a Tool
|-damage|p2a: What a Tool|226\/362
|-enditem|p2a: What a Tool|Air Balloon
|-damage|p1a: Thundurus|195\/300|[from] item: Life Orb
|
|turn|38
|
|move|p1a: Thundurus|Focus Blast|p2a: What a Tool|[miss]
|-miss|p1a: Thundurus|p2a: What a Tool
|move|p2a: What a Tool|Rock Slide|p1a: Thundurus
|-supereffective|p1a: Thundurus
|-damage|p1a: Thundurus|0 fnt
|faint|p1a: Thundurus
|
|-message|Shizou forfeited.
|
|win|pascual707
|raw|Ladder updating...
|leave|Shizou
|player|p1
|raw|Shizou's rating: 1563 &rarr; <strong>1542<\/strong><br \/>(-21 for losing)
|raw|pascual707's rating: 1538 &rarr; <strong>1560<\/strong><br \/>(+22 for winning)