|join|ReyDelOmega
|join|Shizou
|player|p1|ReyDelOmega|87
|player|p2|Shizou|260
|gametype|singles
|gen|6
|tier|OU
|rated
|clearpoke
|poke|p1|Hippowdon, F
|poke|p1|Thundurus, M
|poke|p1|Latios, M
|poke|p1|Charizard, F
|poke|p1|Aegislash, M
|poke|p1|Keldeo-Resolute
|poke|p2|Tyranitar, F
|poke|p2|Aegislash, F
|poke|p2|Terrakion
|poke|p2|Mandibuzz, F
|poke|p2|Gengar, F
|poke|p2|Keldeo
|rule|Baton Pass Clause: Limit 3 pokemon knowing Baton Pass
|rule|Sleep Clause Mod: Limit one foe put to sleep
|rule|Species Clause: Limit one of each Pokemon
|rule|OHKO Clause: OHKO moves are banned
|rule|Moody Clause: Moody is banned
|rule|Evasion Moves Clause: Evasion moves are banned
|rule|Endless Battle Clause: Forcing endless battles is banned
|rule|HP Percentage Mod: HP is reported as percentages
|teampreview
|
|start
|switch|p1a: Hippowdon|Hippowdon, F|417\/417
|switch|p2a: Keldeo|Keldeo|323\/323
|-weather|Sandstorm
|turn|1
|
|switch|p1a: Keldeo-Resolute|Keldeo-Resolute|334\/334
|move|p2a: Keldeo|Hydro Pump|p1a: Keldeo-Resolute
|-resisted|p1a: Keldeo-Resolute
|-damage|p1a: Keldeo-Resolute|166\/334
|
|-weather|Sandstorm|[upkeep]
|-damage|p2a: Keldeo|303\/323|[from] sandstorm
|-damage|p1a: Keldeo-Resolute|146\/334|[from] sandstorm
|turn|2
|
|switch|p2a: Mandibuzz|Mandibuzz, F|424\/424
|move|p1a: Keldeo-Resolute|Secret Sword|p2a: Mandibuzz
|-damage|p2a: Mandibuzz|201\/424
|
|-weather|Sandstorm|[upkeep]
|-damage|p1a: Keldeo-Resolute|126\/334|[from] sandstorm
|-heal|p2a: Mandibuzz|227\/424|[from] item: Leftovers
|turn|3
|
|switch|p2a: Aegislash|Aegislash, F|311\/311
|move|p1a: Keldeo-Resolute|Secret Sword|p2a: Aegislash
|-immune|p2a: Aegislash|[msg]
|
|-weather|Sandstorm|[upkeep]
|-damage|p1a: Keldeo-Resolute|106\/334|[from] sandstorm
|turn|4
|
|switch|p1a: Hippowdon|Hippowdon, F|417\/417
|move|p2a: Aegislash|Substitute|p2a: Aegislash
|-start|p2a: Aegislash|Substitute
|-damage|p2a: Aegislash|234\/311
|
|-weather|Sandstorm|[upkeep]
|-heal|p2a: Aegislash|253\/311|[from] item: Leftovers
|turn|5
|
|-formechange|p2a: Aegislash|Aegislash-Blade
|move|p2a: Aegislash|Shadow Ball|p1a: Hippowdon
|-damage|p1a: Hippowdon|206\/417
|move|p1a: Hippowdon|Stealth Rock|p2a: Aegislash
|-sidestart|p2: Shizou|move: Stealth Rock
|
|-weather|none
|-heal|p2a: Aegislash|272\/311|[from] item: Leftovers
|-heal|p1a: Hippowdon|232\/417|[from] item: Leftovers
|turn|6
|
|move|p2a: Aegislash|Shadow Ball|p1a: Hippowdon
|-damage|p1a: Hippowdon|24\/417
|move|p1a: Hippowdon|Earthquake|p2a: Aegislash
|-supereffective|p2a: Aegislash
|-end|p2a: Aegislash|Substitute
|
|-heal|p2a: Aegislash|291\/311|[from] item: Leftovers
|-heal|p1a: Hippowdon|50\/417|[from] item: Leftovers
|turn|7
|
|move|p2a: Aegislash|Shadow Ball|p1a: Hippowdon
|-damage|p1a: Hippowdon|0 fnt
|faint|p1a: Hippowdon
|
|-heal|p2a: Aegislash|310\/311|[from] item: Leftovers
|
|switch|p1a: Charizard|Charizard, F|307\/307
|turn|8
|
|switch|p2a: Keldeo|Keldeo|303\/323
|-damage|p2a: Keldeo|283\/323|[from] Stealth Rock
|detailschange|p1a: Charizard|Charizard-Mega-Y, F
|message|Charizard has Mega Evolved into Mega Charizard!
|-weather|SunnyDay
|move|p1a: Charizard|Fire Blast|p2a: Keldeo
|-resisted|p2a: Keldeo
|-damage|p2a: Keldeo|92\/323
|
|-weather|SunnyDay|[upkeep]
|turn|9
|
|switch|p2a: Tyranitar|Tyranitar, F|342\/342
|-damage|p2a: Tyranitar|300\/342|[from] Stealth Rock
|-weather|Sandstorm
|switch|p1a: Latios|Latios, M|301\/301
|
|-weather|Sandstorm|[upkeep]
|-damage|p1a: Latios|283\/301|[from] sandstorm
|turn|10
|
|detailschange|p2a: Tyranitar|Tyranitar-Mega, F
|message|Tyranitar has Mega Evolved into Mega Tyranitar!
|move|p1a: Latios|Earthquake|p2a: Tyranitar
|-supereffective|p2a: Tyranitar
|-damage|p2a: Tyranitar|173\/342
|-damage|p1a: Latios|253\/301|[from] item: Life Orb
|move|p2a: Tyranitar|Crunch|p1a: Latios
|-supereffective|p1a: Latios
|-damage|p1a: Latios|0 fnt
|faint|p1a: Latios
|
|-weather|Sandstorm|[upkeep]
|
|switch|p1a: Charizard|Charizard-Mega-Y, F|307\/307
|-weather|SunnyDay
|turn|11
|
|switch|p2a: Keldeo|Keldeo|92\/323
|-damage|p2a: Keldeo|72\/323|[from] Stealth Rock
|move|p1a: Charizard|Solar Beam|p2a: Keldeo|[still]
|-prepare|p1a: Charizard|Solar Beam|p2a: Keldeo
|-anim|p1a: Charizard|Solar Beam|p2a: Keldeo
|-supereffective|p2a: Keldeo
|-damage|p2a: Keldeo|0 fnt
|faint|p2a: Keldeo
|
|-weather|SunnyDay|[upkeep]
|
|switch|p2a: Tyranitar|Tyranitar-Mega, F|173\/342
|-damage|p2a: Tyranitar|131\/342|[from] Stealth Rock
|-weather|Sandstorm
|turn|12
|
|move|p1a: Charizard|Focus Blast|p2a: Tyranitar
|-supereffective|p2a: Tyranitar
|-damage|p2a: Tyranitar|0 fnt
|faint|p2a: Tyranitar
|
|-weather|Sandstorm|[upkeep]
|-damage|p1a: Charizard|288\/307|[from] sandstorm
|
|switch|p2a: Terrakion|Terrakion|323\/323
|-damage|p2a: Terrakion|303\/323|[from] Stealth Rock
|turn|13
|
|switch|p1a: Aegislash|Aegislash, M|321\/321
|move|p2a: Terrakion|Stealth Rock|p1a: Aegislash
|-sidestart|p1: ReyDelOmega|move: Stealth Rock
|
|-weather|Sandstorm|[upkeep]
|turn|14
|
|switch|p2a: Mandibuzz|Mandibuzz, F|227\/424
|-damage|p2a: Mandibuzz|121\/424|[from] Stealth Rock
|-formechange|p1a: Aegislash|Aegislash-Blade
|move|p1a: Aegislash|Iron Head|p2a: Mandibuzz
|-damage|p2a: Mandibuzz|0 fnt
|faint|p2a: Mandibuzz
|
|-weather|Sandstorm|[upkeep]
|
|switch|p2a: Aegislash|Aegislash, F|310\/311
|-damage|p2a: Aegislash|291\/311|[from] Stealth Rock
|turn|15
|
|switch|p1a: Keldeo-Resolute|Keldeo-Resolute|106\/334
|-damage|p1a: Keldeo-Resolute|86\/334|[from] Stealth Rock
|move|p2a: Aegislash|Substitute|p2a: Aegislash
|-start|p2a: Aegislash|Substitute
|-damage|p2a: Aegislash|214\/311
|
|-weather|Sandstorm|[upkeep]
|-damage|p1a: Keldeo-Resolute|66\/334|[from] sandstorm
|-heal|p2a: Aegislash|233\/311|[from] item: Leftovers
|turn|16
|
|move|p2a: Aegislash|King's Shield|p2a: Aegislash
|-singleturn|p2a: Aegislash|Protect
|move|p1a: Keldeo-Resolute|Scald|p2a: Aegislash
|-activate|p2a: Aegislash|Protect
|
|-weather|none
|-heal|p2a: Aegislash|252\/311|[from] item: Leftovers
|turn|17
|
|move|p1a: Keldeo-Resolute|Scald|p2a: Aegislash
|-crit|p2a: Aegislash
|-end|p2a: Aegislash|Substitute
|-formechange|p2a: Aegislash|Aegislash-Blade
|move|p2a: Aegislash|Shadow Ball|p1a: Keldeo-Resolute
|-damage|p1a: Keldeo-Resolute|0 fnt
|faint|p1a: Keldeo-Resolute
|
|-heal|p2a: Aegislash|271\/311|[from] item: Leftovers
|
|switch|p1a: Thundurus|Thundurus, M|299\/299
|-damage|p1a: Thundurus|225\/299|[from] Stealth Rock
|turn|18
|
|move|p1a: Thundurus|Nasty Plot|p1a: Thundurus
|-boost|p1a: Thundurus|spa|2
|move|p2a: Aegislash|Shadow Ball|p1a: Thundurus
|-damage|p1a: Thundurus|14\/299
|
|-heal|p1a: Thundurus|32\/299|[from] item: Leftovers
|-heal|p2a: Aegislash|290\/311|[from] item: Leftovers
|turn|19
|
|-formechange|p2a: Aegislash|Aegislash
|move|p2a: Aegislash|King's Shield|p2a: Aegislash
|-singleturn|p2a: Aegislash|Protect
|move|p1a: Thundurus|Thunderbolt|p2a: Aegislash
|-activate|p2a: Aegislash|Protect
|
|-heal|p1a: Thundurus|50\/299|[from] item: Leftovers
|-heal|p2a: Aegislash|309\/311|[from] item: Leftovers
|turn|20
|
|move|p1a: Thundurus|Thunderbolt|p2a: Aegislash
|-damage|p2a: Aegislash|108\/311
|-formechange|p2a: Aegislash|Aegislash-Blade
|move|p2a: Aegislash|Shadow Ball|p1a: Thundurus
|-damage|p1a: Thundurus|0 fnt
|faint|p1a: Thundurus
|
|-heal|p2a: Aegislash|127\/311|[from] item: Leftovers
|
|switch|p1a: Charizard|Charizard-Mega-Y, F|288\/307
|-damage|p1a: Charizard|135\/307|[from] Stealth Rock
|-weather|SunnyDay
|turn|21
|
|move|p1a: Charizard|Roost|p1a: Charizard
|-heal|p1a: Charizard|289\/307
|move|p2a: Aegislash|Shadow Ball|p1a: Charizard
|-damage|p1a: Charizard|142\/307
|-unboost|p1a: Charizard|spd|1
|
|-weather|SunnyDay|[upkeep]
|-heal|p2a: Aegislash|146\/311|[from] item: Leftovers
|turn|22
|chat|ReyDelOmega|fuck
|
|move|p1a: Charizard|Roost|p1a: Charizard
|-heal|p1a: Charizard|296\/307
|move|p2a: Aegislash|Shadow Ball|p1a: Charizard
|-damage|p1a: Charizard|80\/307
|
|-weather|SunnyDay|[upkeep]
|-heal|p2a: Aegislash|165\/311|[from] item: Leftovers
|turn|23
|
|move|p1a: Charizard|Fire Blast|p2a: Aegislash
|-supereffective|p2a: Aegislash
|-damage|p2a: Aegislash|0 fnt
|faint|p2a: Aegislash
|
|-weather|SunnyDay|[upkeep]
|
|switch|p2a: Gengar|Gengar, F|262\/262
|-damage|p2a: Gengar|230\/262|[from] Stealth Rock
|turn|24
|
|move|p2a: Gengar|Shadow Ball|p1a: Charizard
|-damage|p1a: Charizard|0 fnt
|faint|p1a: Charizard
|
|-weather|SunnyDay|[upkeep]
|-heal|p2a: Gengar|246\/262|[from] item: Black Sludge
|-message|ReyDelOmega forfeited.
|
|win|Shizou
|raw|Ladder updating...
|leave|ReyDelOmega
|player|p1
|raw|ReyDelOmega's rating: 1604 &rarr; <strong>1582<\/strong><br \/>(-22 for losing)
|raw|Shizou's rating: 1567 &rarr; <strong>1589<\/strong><br \/>(+22 for winning)