|join|Shizou
|join|BT Gave Me Aids
|player|p1|Shizou|283
|player|p2|BT Gave Me Aids|107
|gametype|singles
|gen|6
|tier|OU
|rated
|clearpoke
|poke|p1|Tyranitar, M
|poke|p1|Excadrill, F
|poke|p1|Skarmory, M
|poke|p1|Gyarados, M
|poke|p1|Aegislash, M
|poke|p1|Kyurem-Black
|poke|p2|Gengar, F, shiny
|poke|p2|Aegislash, M, shiny
|poke|p2|Venusaur, M
|poke|p2|Gliscor, F
|poke|p2|Clefable, M
|poke|p2|Bisharp, M
|rule|Swagger Clause: Swagger is banned
|rule|Baton Pass Clause: Limit one PokÃ©mon knowing Baton Pass
|rule|Sleep Clause Mod: Limit one foe put to sleep
|rule|Species Clause: Limit one of each PokÃ©mon
|rule|OHKO Clause: OHKO moves are banned
|rule|Moody Clause: Moody is banned
|rule|Evasion Moves Clause: Evasion moves are banned
|rule|Endless Battle Clause: Forcing endless battles is banned
|rule|HP Percentage Mod: HP is reported as percentages
|teampreview
|join|ParadoxicSoul
|
|start
|switch|p1a: Skarmory|Skarmory, M|334\/334
|switch|p2a: Venusaur|Venusaur, M|364\/364
|turn|1
|
|detailschange|p2a: Venusaur|Venusaur-Mega, M
|message|Venusaur has Mega Evolved into Mega Venusaur!
|move|p2a: Venusaur|Leech Seed|p1a: Skarmory
|-start|p1a: Skarmory|move: Leech Seed
|move|p1a: Skarmory|Spikes|p2a: Venusaur
|-sidestart|p2: BT Gave Me Aids|Spikes
|
|-damage|p1a: Skarmory|293\/334|[from] Leech Seed|[of] p2a: Venusaur
|turn|2
|
|switch|p2a: Gliscor|Gliscor, F|354\/354
|move|p1a: Skarmory|Spikes|p2a: Gliscor
|-sidestart|p2: BT Gave Me Aids|Spikes
|
|-heal|p1a: Skarmory|313\/334|[from] item: Leftovers
|-damage|p1a: Skarmory|272\/334|[from] Leech Seed|[of] p2a: Gliscor
|-status|p2a: Gliscor|tox|[from] item: Toxic Orb
|turn|3
|
|move|p2a: Gliscor|Stealth Rock|p1a: Skarmory
|-sidestart|p1: Shizou|move: Stealth Rock
|move|p1a: Skarmory|Spikes|p2a: Gliscor
|-sidestart|p2: BT Gave Me Aids|Spikes
|
|-heal|p1a: Skarmory|292\/334|[from] item: Leftovers
|-damage|p1a: Skarmory|251\/334|[from] Leech Seed|[of] p2a: Gliscor
|turn|4
|
|switch|p1a: Excadrill|Excadrill, F|362\/362
|-damage|p1a: Excadrill|351\/362|[from] Stealth Rock
|-item|p1a: Excadrill|Air Balloon
|move|p2a: Gliscor|Stone Edge|p1a: Excadrill
|-resisted|p1a: Excadrill
|-damage|p1a: Excadrill|323\/362
|-enditem|p1a: Excadrill|Air Balloon
|
|turn|5
|
|switch|p1a: Skarmory|Skarmory, M|251\/334
|-damage|p1a: Skarmory|210\/334|[from] Stealth Rock
|move|p2a: Gliscor|Stone Edge|p1a: Skarmory
|-damage|p1a: Skarmory|165\/334
|
|-heal|p1a: Skarmory|185\/334|[from] item: Leftovers
|turn|6
|
|switch|p2a: Aegislash|Aegislash, M, shiny|262\/262
|-item|p2a: Aegislash|Air Balloon
|move|p1a: Skarmory|Roost|p1a: Skarmory
|-heal|p1a: Skarmory|334\/334
|
|turn|7
|
|-formechange|p2a: Aegislash|Aegislash-Blade
|move|p2a: Aegislash|Shadow Ball|p1a: Skarmory
|-damage|p1a: Skarmory|105\/334
|move|p1a: Skarmory|Whirlwind|p2a: Aegislash
|drag|p2a: Clefable|Clefable, M|394\/394
|
|-heal|p1a: Skarmory|125\/334|[from] item: Leftovers
|turn|8
|
|switch|p1a: Tyranitar|Tyranitar, M|341\/341
|-damage|p1a: Tyranitar|299\/341|[from] Stealth Rock
|-weather|Sandstorm
|move|p2a: Clefable|Flamethrower|p1a: Tyranitar
|-resisted|p1a: Tyranitar
|-damage|p1a: Tyranitar|268\/341
|
|-weather|Sandstorm|[upkeep]
|turn|9
|
|move|p1a: Tyranitar|Stealth Rock|p2a: Clefable
|-sidestart|p2: BT Gave Me Aids|move: Stealth Rock
|move|p2a: Clefable|Moonblast|p1a: Tyranitar
|-supereffective|p1a: Tyranitar
|-damage|p1a: Tyranitar|94\/341
|-unboost|p1a: Tyranitar|spa|1
|
|-weather|Sandstorm|[upkeep]
|turn|10
|
|move|p1a: Tyranitar|Thunder Wave|p2a: Clefable
|-status|p2a: Clefable|par
|move|p2a: Clefable|Flamethrower|p1a: Tyranitar
|-resisted|p1a: Tyranitar
|-damage|p1a: Tyranitar|64\/341
|
|-weather|Sandstorm|[upkeep]
|turn|11
|
|move|p1a: Tyranitar|Stone Edge|p2a: Clefable
|-damage|p2a: Clefable|256\/394 par
|cant|p2a: Clefable|par
|
|-weather|Sandstorm|[upkeep]
|turn|12
|chat|BT Gave Me Aids|brazilian ttar
|
|move|p1a: Tyranitar|Stone Edge|p2a: Clefable
|-damage|p2a: Clefable|117\/394 par
|cant|p2a: Clefable|par
|
|-weather|none
|turn|13
|chat|ParadoxicSoul|dafuq
|chat|BT Gave Me Aids|u dont know what smogon world cup is, do you?
|chat|ParadoxicSoul|ah
|
|switch|p2a: Gliscor|Gliscor, F|354\/354 tox
|-damage|p2a: Gliscor|310\/354 tox|[from] Stealth Rock
|move|p1a: Tyranitar|Stone Edge|p2a: Gliscor|[miss]
|-miss|p1a: Tyranitar|p2a: Gliscor
|
|-heal|p2a: Gliscor|354\/354 tox|[from] ability: Poison Heal
|turn|14
|
|move|p2a: Gliscor|Earthquake|p1a: Tyranitar
|-supereffective|p1a: Tyranitar
|-damage|p1a: Tyranitar|0 fnt
|faint|p1a: Tyranitar
|
|
|switch|p1a: Kyurem-Black|Kyurem-Black|404\/404
|-damage|p1a: Kyurem-Black|303\/404|[from] Stealth Rock
|-ability|p1a: Kyurem-Black|Teravolt
|turn|15
|
|switch|p2a: Clefable|Clefable, M|117\/394 par
|move|p1a: Kyurem-Black|Ice Beam|p2a: Clefable
|-damage|p2a: Clefable|0 fnt
|faint|p2a: Clefable
|
|-heal|p1a: Kyurem-Black|328\/404|[from] item: Leftovers
|
|switch|p2a: Bisharp|Bisharp, M|272\/272
|-damage|p2a: Bisharp|204\/272|[from] Spikes
|-damage|p2a: Bisharp|187\/272|[from] Stealth Rock
|turn|16
|
|switch|p1a: Skarmory|Skarmory, M|125\/334
|-damage|p1a: Skarmory|84\/334|[from] Stealth Rock
|move|p2a: Bisharp|Knock Off|p1a: Skarmory
|-damage|p1a: Skarmory|0 fnt
|-enditem|p1a: Skarmory|Leftovers|[from] move: Knock Off|[of] p2a: Bisharp
|faint|p1a: Skarmory
|
|
|switch|p1a: Excadrill|Excadrill, F|323\/362
|-damage|p1a: Excadrill|312\/362|[from] Stealth Rock
|turn|17
|
|switch|p2a: Gliscor|Gliscor, F|354\/354 tox
|-damage|p2a: Gliscor|310\/354 tox|[from] Stealth Rock
|move|p1a: Excadrill|Earthquake|p2a: Gliscor
|-immune|p2a: Gliscor|[msg]
|
|-heal|p2a: Gliscor|354\/354 tox|[from] ability: Poison Heal
|turn|18
|
|switch|p2a: Venusaur|Venusaur-Mega, M|364\/364
|-damage|p2a: Venusaur|273\/364|[from] Spikes
|-damage|p2a: Venusaur|228\/364|[from] Stealth Rock
|move|p1a: Excadrill|Rapid Spin|p2a: Venusaur
|-damage|p2a: Venusaur|204\/364
|-sideend|p1: Shizou|Stealth Rock|[from] move: Rapid Spin|[of] p1a: Excadrill
|
|turn|19
|
|switch|p1a: Aegislash|Aegislash, M|311\/311
|move|p2a: Venusaur|Leech Seed|p1a: Aegislash|[miss]
|-miss|p2a: Venusaur|p1a: Aegislash
|
|turn|20
|
|move|p2a: Venusaur|Leech Seed|p1a: Aegislash
|-start|p1a: Aegislash|move: Leech Seed
|move|p1a: Aegislash|Swords Dance|p1a: Aegislash
|-boost|p1a: Aegislash|atk|2
|
|-damage|p1a: Aegislash|273\/311|[from] Leech Seed|[of] p2a: Venusaur
|-heal|p2a: Venusaur|242\/364|[silent]
|turn|21
|
|move|p2a: Venusaur|Giga Drain|p1a: Aegislash
|-resisted|p1a: Aegislash
|-damage|p1a: Aegislash|239\/311
|-heal|p2a: Venusaur|259\/364|[from] drain|[of] p1a: Aegislash
|-formechange|p1a: Aegislash|Aegislash-Blade
|move|p1a: Aegislash|Shadow Claw|p2a: Venusaur
|-damage|p2a: Venusaur|33\/364
|
|-heal|p1a: Aegislash|258\/311|[from] item: Leftovers
|-damage|p1a: Aegislash|220\/311|[from] Leech Seed|[of] p2a: Venusaur
|-heal|p2a: Venusaur|71\/364|[silent]
|turn|22
|
|switch|p1a: Kyurem-Black|Kyurem-Black|328\/404
|-ability|p1a: Kyurem-Black|Teravolt
|move|p2a: Venusaur|Synthesis|p2a: Venusaur
|-heal|p2a: Venusaur|253\/364
|
|-heal|p1a: Kyurem-Black|353\/404|[from] item: Leftovers
|turn|23
|
|move|p1a: Kyurem-Black|Ice Beam|p2a: Venusaur
|-supereffective|p2a: Venusaur
|-damage|p2a: Venusaur|65\/364
|move|p2a: Venusaur|Giga Drain|p1a: Kyurem-Black
|-resisted|p1a: Kyurem-Black
|-damage|p1a: Kyurem-Black|284\/404
|-heal|p2a: Venusaur|100\/364|[from] drain|[of] p1a: Kyurem-Black
|
|-heal|p1a: Kyurem-Black|309\/404|[from] item: Leftovers
|turn|24
|
|switch|p2a: Aegislash|Aegislash, M, shiny|262\/262
|-damage|p2a: Aegislash|246\/262|[from] Stealth Rock
|-item|p2a: Aegislash|Air Balloon
|move|p1a: Kyurem-Black|Ice Beam|p2a: Aegislash
|-resisted|p2a: Aegislash
|-damage|p2a: Aegislash|195\/262
|-enditem|p2a: Aegislash|Air Balloon
|
|-heal|p1a: Kyurem-Black|334\/404|[from] item: Leftovers
|turn|25
|
|move|p1a: Kyurem-Black|Earth Power|p2a: Aegislash
|-supereffective|p2a: Aegislash
|-damage|p2a: Aegislash|47\/262
|-formechange|p2a: Aegislash|Aegislash-Blade
|move|p2a: Aegislash|Flash Cannon|p1a: Kyurem-Black
|-supereffective|p1a: Kyurem-Black
|-damage|p1a: Kyurem-Black|0 fnt
|faint|p1a: Kyurem-Black
|
|
|switch|p1a: Gyarados|Gyarados, M|332\/332
|-ability|p1a: Gyarados|Intimidate|[of] p2a: Aegislash
|-unboost|p2a: Aegislash|atk|1
|turn|26
|
|detailschange|p1a: Gyarados|Gyarados-Mega, M
|message|Gyarados has Mega Evolved into Mega Gyarados!
|-ability|p1a: Gyarados|Mold Breaker
|move|p1a: Gyarados|Dragon Dance|p1a: Gyarados
|-boost|p1a: Gyarados|atk|1
|-boost|p1a: Gyarados|spe|1
|move|p2a: Aegislash|Shadow Ball|p1a: Gyarados
|-resisted|p1a: Gyarados
|-damage|p1a: Gyarados|258\/332
|
|turn|27
|
|move|p1a: Gyarados|Earthquake|p2a: Aegislash
|-crit|p2a: Aegislash
|-supereffective|p2a: Aegislash
|-damage|p2a: Aegislash|0 fnt
|faint|p2a: Aegislash
|
|
|switch|p2a: Gliscor|Gliscor, F|354\/354 tox
|-damage|p2a: Gliscor|310\/354 tox|[from] Stealth Rock
|turn|28
|
|move|p1a: Gyarados|Waterfall|p2a: Gliscor
|-supereffective|p2a: Gliscor
|-damage|p2a: Gliscor|0 fnt
|faint|p2a: Gliscor
|
|
|switch|p2a: Gengar|Gengar, F, shiny|262\/262
|-damage|p2a: Gengar|230\/262|[from] Stealth Rock
|turn|29
|
|move|p1a: Gyarados|Earthquake|p2a: Gengar
|-crit|p2a: Gengar
|-supereffective|p2a: Gengar
|-damage|p2a: Gengar|0 fnt
|faint|p2a: Gengar
|
|
|switch|p2a: Bisharp|Bisharp, M|187\/272
|-damage|p2a: Bisharp|170\/272|[from] Stealth Rock
|-damage|p2a: Bisharp|102\/272|[from] Spikes
|turn|30
|
|move|p1a: Gyarados|Earthquake|p2a: Bisharp
|-supereffective|p2a: Bisharp
|-damage|p2a: Bisharp|0 fnt
|faint|p2a: Bisharp
|
|
|switch|p2a: Venusaur|Venusaur-Mega, M|100\/364
|-damage|p2a: Venusaur|55\/364|[from] Stealth Rock
|-damage|p2a: Venusaur|0 fnt|[from] Spikes
|faint|p2a: Venusaur
|
|win|Shizou
|raw|Ladder updating...
|chat|BT Gave Me Aids|gg
|raw|Shizou's rating: 1651 &rarr; <strong>1676<\/strong><br \/>(+25 for winning)
|raw|BT Gave Me Aids's rating: 1743 &rarr; <strong>1718<\/strong><br \/>(-25 for losing)
|chat|Shizou|gg
|leave|BT Gave Me Aids
|player|p2
|leave|ParadoxicSoul