|join|Reverb
|join|Shizou
|player|p1|Reverb|#reverb
|player|p2|Shizou|161
|gametype|singles
|gen|6
|tier|OU
|rated
|clearpoke
|poke|p1|Charizard, F, shiny
|poke|p1|Venusaur, F, shiny
|poke|p1|Tyranitar, F
|poke|p1|Excadrill, M
|poke|p1|Ferrothorn, F
|poke|p1|Keldeo
|poke|p2|Keldeo-Resolute
|poke|p2|Celebi
|poke|p2|Tyranitar, F
|poke|p2|Metagross
|poke|p2|Latios, M
|poke|p2|Terrakion
|rule|Swagger Clause: Swagger is banned
|rule|Baton Pass Clause: Limit one PokÃ©mon knowing Baton Pass
|rule|Sleep Clause Mod: Limit one foe put to sleep
|rule|Species Clause: Limit one of each PokÃ©mon
|rule|OHKO Clause: OHKO moves are banned
|rule|Moody Clause: Moody is banned
|rule|Evasion Moves Clause: Evasion moves are banned
|rule|Endless Battle Clause: Forcing endless battles is banned
|rule|HP Percentage Mod: HP is shown in percentages
|teampreview
|join|iplaytennislol
|
|start
|switch|p1a: Keldeo|Keldeo|323\/323
|switch|p2a: Terrakion|Terrakion|323\/323
|turn|1
|
|switch|p2a: Celebi|Celebi|404\/404
|move|p1a: Keldeo|Scald|p2a: Celebi
|-resisted|p2a: Celebi
|-damage|p2a: Celebi|327\/404
|
|-heal|p2a: Celebi|352\/404|[from] item: Leftovers
|turn|2
|c| iplaytennislol|t-tar plus keld plus zard Y is so good holE
|
|switch|p1a: Ferrothorn|Ferrothorn, F|352\/352
|move|p2a: Celebi|Baton Pass|p2a: Celebi
|
|switch|p2a: Terrakion|Terrakion|323\/323
|
|turn|3
|join|daftmau5
|
|move|p2a: Terrakion|Stealth Rock|p1a: Ferrothorn
|-sidestart|p1: Reverb|move: Stealth Rock
|move|p1a: Ferrothorn|Gyro Ball|p2a: Terrakion
|-supereffective|p2a: Terrakion
|-enditem|p2a: Terrakion|Focus Sash
|-damage|p2a: Terrakion|1\/323
|
|turn|4
|
|move|p2a: Terrakion|Close Combat|p1a: Ferrothorn
|-supereffective|p1a: Ferrothorn
|-damage|p1a: Ferrothorn|56\/352
|-damage|p2a: Terrakion|0 fnt|[from] ability: Iron Barbs|[of] p1a: Ferrothorn
|faint|p2a: Terrakion
|move|p1a: Ferrothorn|Gyro Ball|p2: Terrakion|[notarget]
|-notarget
|
|-heal|p1a: Ferrothorn|78\/352|[from] item: Leftovers
|
|switch|p2a: Keldeo-Resolute|Keldeo-Resolute|323\/323
|turn|5
|c| iplaytennislol|those were ez rocks fren :[
|join|Shaarka
|
|switch|p1a: Venusaur|Venusaur, F, shiny|319\/319
|-damage|p1a: Venusaur|280\/319|[from] Stealth Rock
|move|p2a: Keldeo-Resolute|Secret Sword|p1a: Venusaur
|-resisted|p1a: Venusaur
|-damage|p1a: Venusaur|194\/319
|
|turn|6
|c|âReverb|he might have taunted
|join|I Iike Squirtles
|c| iplaytennislol|you didnt lose anything by stealth rocking tho
|c|âReverb|meh
|c|âReverb|no terra switchins
|
|move|p2a: Keldeo-Resolute|Substitute|p2a: Keldeo-Resolute
|-start|p2a: Keldeo-Resolute|Substitute
|-damage|p2a: Keldeo-Resolute|243\/323
|move|p1a: Venusaur|Sludge Bomb|p2a: Keldeo-Resolute
|-end|p2a: Keldeo-Resolute|Substitute
|-damage|p1a: Venusaur|163\/319|[from] item: Life Orb
|
|-heal|p2a: Keldeo-Resolute|263\/323|[from] item: Leftovers
|turn|7
|c| iplaytennislol|yea
|c| iplaytennislol|thats true
|
|switch|p2a: Metagross|Metagross|301\/301
|move|p1a: Venusaur|Giga Drain|p2a: Metagross
|-resisted|p2a: Metagross
|-damage|p2a: Metagross|219\/301
|-heal|p1a: Venusaur|204\/319|[from] drain|[of] p2a: Metagross
|-damage|p1a: Venusaur|173\/319|[from] item: Life Orb
|
|turn|8
|join|Demandred
|
|switch|p1a: Ferrothorn|Ferrothorn, F|78\/352
|-damage|p1a: Ferrothorn|56\/352|[from] Stealth Rock
|detailschange|p2a: Metagross|Metagross-Mega
|-mega|p2a: Metagross|Metagross|Metagrossite
|move|p2a: Metagross|Zen Headbutt|p1a: Ferrothorn
|-resisted|p1a: Ferrothorn
|-damage|p1a: Ferrothorn|0 fnt
|-damage|p2a: Metagross|182\/301|[from] ability: Iron Barbs|[of] p1a: Ferrothorn
|faint|p1a: Ferrothorn
|
|join|Joonitor
|
|switch|p1a: Keldeo|Keldeo|323\/323
|-damage|p1a: Keldeo|303\/323|[from] Stealth Rock
|turn|9
|
|switch|p2a: Celebi|Celebi|352\/404
|move|p1a: Keldeo|Hydro Pump|p2a: Celebi
|-resisted|p2a: Celebi
|-damage|p2a: Celebi|250\/404
|
|-heal|p2a: Celebi|275\/404|[from] item: Leftovers
|turn|10
|
|switch|p1a: Tyranitar|Tyranitar, F|382\/382
|-damage|p1a: Tyranitar|335\/382|[from] Stealth Rock
|-weather|Sandstorm
|move|p2a: Celebi|Nasty Plot|p2a: Celebi
|-boost|p2a: Celebi|spa|2
|
|-weather|Sandstorm|[upkeep]
|-damage|p2a: Celebi|250\/404|[from] sandstorm
|-heal|p2a: Celebi|275\/404|[from] item: Leftovers
|turn|11
|join|Fedayi
|
|move|p2a: Celebi|Baton Pass|p2a: Celebi
|c| Joonitor|have fun reverb and gl man
|
|switch|p2a: Keldeo-Resolute|Keldeo-Resolute|263\/323
|move|p1a: Tyranitar|Crunch|p2a: Keldeo-Resolute
|-resisted|p2a: Keldeo-Resolute
|-damage|p2a: Keldeo-Resolute|125\/323
|-boost|p2a: Keldeo-Resolute|atk|1|[from] ability: Justified
|
|-weather|Sandstorm|[upkeep]
|-damage|p2a: Keldeo-Resolute|105\/323|[from] sandstorm
|-heal|p2a: Keldeo-Resolute|125\/323|[from] item: Leftovers
|turn|12
|
|switch|p1a: Keldeo|Keldeo|303\/323
|-damage|p1a: Keldeo|283\/323|[from] Stealth Rock
|move|p2a: Keldeo-Resolute|Secret Sword|p1a: Keldeo
|-damage|p1a: Keldeo|0 fnt
|faint|p1a: Keldeo
|
|-weather|Sandstorm|[upkeep]
|-damage|p2a: Keldeo-Resolute|105\/323|[from] sandstorm
|-heal|p2a: Keldeo-Resolute|125\/323|[from] item: Leftovers
|c| Joonitor|#ladderiscruel
|
|switch|p1a: Excadrill|Excadrill, M|361\/361
|-damage|p1a: Excadrill|350\/361|[from] Stealth Rock
|turn|13
|
|switch|p2a: Celebi|Celebi|275\/404
|move|p1a: Excadrill|Earthquake|p2a: Celebi
|-resisted|p2a: Celebi
|-damage|p2a: Celebi|139\/404
|-damage|p1a: Excadrill|314\/361|[from] item: Life Orb
|
|-weather|Sandstorm|[upkeep]
|-damage|p2a: Celebi|114\/404|[from] sandstorm
|-heal|p2a: Celebi|139\/404|[from] item: Leftovers
|turn|14
|leave|Joonitor
|
|move|p1a: Excadrill|Rapid Spin|p2a: Celebi
|-damage|p2a: Celebi|103\/404
|-sideend|p1: Reverb|Stealth Rock|[from] move: Rapid Spin|[of] p1a: Excadrill
|-damage|p1a: Excadrill|278\/361|[from] item: Life Orb
|move|p2a: Celebi|Recover|p2a: Celebi
|-heal|p2a: Celebi|305\/404
|
|-weather|none
|-heal|p2a: Celebi|330\/404|[from] item: Leftovers
|turn|15
|
|switch|p1a: Charizard|Charizard, F, shiny|297\/297
|move|p2a: Celebi|Nasty Plot|p2a: Celebi
|-boost|p2a: Celebi|spa|2
|
|-heal|p2a: Celebi|355\/404|[from] item: Leftovers
|turn|16
|
|detailschange|p1a: Charizard|Charizard-Mega-Y, F, shiny
|-mega|p1a: Charizard|Charizard|Charizardite Y
|-weather|SunnyDay
|move|p2a: Celebi|Baton Pass|p2a: Celebi
|
|switch|p2a: Latios|Latios, M|301\/301
|move|p1a: Charizard|Flamethrower|p2a: Latios
|-resisted|p2a: Latios
|-damage|p2a: Latios|154\/301
|
|-weather|SunnyDay|[upkeep]
|turn|17
|join|Zenza
|
|move|p2a: Latios|Draco Meteor|p1a: Charizard
|-damage|p1a: Charizard|0 fnt
|-unboost|p2a: Latios|spa|2
|-damage|p2a: Latios|124\/301|[from] item: Life Orb
|faint|p1a: Charizard
|
|-weather|SunnyDay|[upkeep]
|
|switch|p1a: Venusaur|Venusaur, F, shiny|173\/319
|turn|18
|
|switch|p2a: Celebi|Celebi|355\/404
|move|p1a: Venusaur|Sludge Bomb|p2a: Celebi
|-supereffective|p2a: Celebi
|-damage|p2a: Celebi|0 fnt
|-damage|p1a: Venusaur|142\/319|[from] item: Life Orb
|faint|p2a: Celebi
|
|-weather|SunnyDay|[upkeep]
|
|switch|p2a: Tyranitar|Tyranitar, F|341\/341
|-weather|Sandstorm
|turn|19
|
|move|p2a: Tyranitar|Stone Edge|p1a: Venusaur
|-damage|p1a: Venusaur|0 fnt
|faint|p1a: Venusaur
|
|-weather|Sandstorm|[upkeep]
|
|switch|p1a: Excadrill|Excadrill, M|278\/361
|turn|20
|
|move|p1a: Excadrill|Iron Head|p2a: Tyranitar
|-supereffective|p2a: Tyranitar
|-damage|p2a: Tyranitar|0 fnt
|-damage|p1a: Excadrill|242\/361|[from] item: Life Orb
|faint|p2a: Tyranitar
|
|-weather|Sandstorm|[upkeep]
|
|switch|p2a: Metagross|Metagross-Mega|182\/301
|turn|21
|
|switch|p2a: Latios|Latios, M|124\/301
|move|p1a: Excadrill|Earthquake|p2a: Latios
|-immune|p2a: Latios|[msg]
|
|-weather|Sandstorm|[upkeep]
|-damage|p2a: Latios|106\/301|[from] sandstorm
|turn|22
|
|switch|p2a: Keldeo-Resolute|Keldeo-Resolute|125\/323
|move|p1a: Excadrill|Iron Head|p2a: Keldeo-Resolute
|-crit|p2a: Keldeo-Resolute
|-resisted|p2a: Keldeo-Resolute
|-damage|p2a: Keldeo-Resolute|0 fnt
|-damage|p1a: Excadrill|206\/361|[from] item: Life Orb
|faint|p2a: Keldeo-Resolute
|
|-weather|Sandstorm|[upkeep]
|
|switch|p2a: Latios|Latios, M|106\/301
|turn|23
|
|move|p1a: Excadrill|Iron Head|p2a: Latios
|-damage|p2a: Latios|0 fnt
|-damage|p1a: Excadrill|170\/361|[from] item: Life Orb
|faint|p2a: Latios
|
|-weather|none
|
|switch|p2a: Metagross|Metagross-Mega|182\/301
|turn|24
|
|switch|p1a: Tyranitar|Tyranitar, F|335\/382
|-weather|Sandstorm
|move|p2a: Metagross|Meteor Mash|p1a: Tyranitar
|-supereffective|p1a: Tyranitar
|-damage|p1a: Tyranitar|0 fnt
|-boost|p2a: Metagross|atk|1
|faint|p1a: Tyranitar
|
|-weather|Sandstorm|[upkeep]
|
|switch|p1a: Excadrill|Excadrill, M|170\/361
|turn|25
|
|move|p2a: Metagross|Bullet Punch|p1a: Excadrill
|-resisted|p1a: Excadrill
|-damage|p1a: Excadrill|56\/361
|move|p1a: Excadrill|Earthquake|p2a: Metagross
|-supereffective|p2a: Metagross
|-damage|p2a: Metagross|0 fnt
|-damage|p1a: Excadrill|20\/361|[from] item: Life Orb
|faint|p2a: Metagross
|
|win|Reverb
|raw|Ladder updating...
|raw|Reverb's rating: 1679 &rarr; <strong>1693<\/strong><br \/>(+14 for winning)
|raw|Shizou's rating: 1571 &rarr; <strong>1557<\/strong><br \/>(-14 for losing)
|c|âReverb|gg
|leave|iplaytennislol
|leave|Shizou
|player|p2
|leave|Shaarka
|leave|I Iike Squirtles
|leave|Zenza