|join|10th Squad Toshiro
|join|Shizou
|player|p1|10th Squad Toshiro|92
|player|p2|Shizou|148
|gametype|singles
|gen|6
|tier|OU
|rated
|clearpoke
|poke|p1|Goodra, F
|poke|p1|Rotom-Wash
|poke|p1|Infernape, F
|poke|p1|Bisharp, F
|poke|p1|Gardevoir, M
|poke|p1|Landorus-Therian, M
|poke|p2|Lopunny, F
|poke|p2|Greninja, M
|poke|p2|Landorus, M
|poke|p2|Bisharp, F
|poke|p2|Keldeo-Resolute
|poke|p2|Clefable, M
|rule|Swagger Clause: Swagger is banned
|rule|Baton Pass Clause: Limit one PokÃ©mon knowing Baton Pass
|rule|Sleep Clause Mod: Limit one foe put to sleep
|rule|Species Clause: Limit one of each PokÃ©mon
|rule|OHKO Clause: OHKO moves are banned
|rule|Moody Clause: Moody is banned
|rule|Evasion Moves Clause: Evasion moves are banned
|rule|Endless Battle Clause: Forcing endless battles is banned
|rule|HP Percentage Mod: HP is shown in percentages
|teampreview
|
|start
|switch|p1a: Infernape|Infernape, F|293\/293
|switch|p2a: Lopunny|Lopunny, F|271\/271
|turn|1
|
|detailschange|p2a: Lopunny|Lopunny-Mega, F
|-mega|p2a: Lopunny|Lopunny|Lopunnite
|move|p1a: Infernape|Fake Out|p2a: Lopunny
|-damage|p2a: Lopunny|228\/271
|cant|p2a: Lopunny|flinch
|
|turn|2
|
|switch|p2a: Keldeo-Resolute|Keldeo-Resolute|323\/323
|move|p1a: Infernape|Close Combat|p2a: Keldeo-Resolute
|-damage|p2a: Keldeo-Resolute|137\/323
|-unboost|p1a: Infernape|def|1
|-unboost|p1a: Infernape|spd|1
|
|turn|3
|
|move|p2a: Keldeo-Resolute|Scald|p1a: Infernape
|-supereffective|p1a: Infernape
|-enditem|p1a: Infernape|Focus Sash
|-damage|p1a: Infernape|1\/293
|move|p1a: Infernape|Close Combat|p2a: Keldeo-Resolute
|-damage|p2a: Keldeo-Resolute|0 fnt
|-unboost|p1a: Infernape|def|1
|-unboost|p1a: Infernape|spd|1
|faint|p2a: Keldeo-Resolute
|
|
|switch|p2a: Lopunny|Lopunny-Mega, F|228\/271
|turn|4
|
|switch|p1a: Landorus-Therian|Landorus-Therian, M|320\/320
|-ability|p1a: Landorus-Therian|Intimidate|[of] p2a: Lopunny
|-unboost|p2a: Lopunny|atk|1
|move|p2a: Lopunny|Fake Out|p1a: Landorus-Therian
|-damage|p1a: Landorus-Therian|263\/320
|
|turn|5
|
|switch|p2a: Clefable|Clefable, M|394\/394
|move|p1a: Landorus-Therian|Earthquake|p2a: Clefable
|-damage|p2a: Clefable|166\/394
|
|-heal|p2a: Clefable|190\/394|[from] item: Leftovers
|turn|6
|
|move|p2a: Clefable|Protect|p2a: Clefable
|-singleturn|p2a: Clefable|Protect
|move|p1a: Landorus-Therian|Earthquake|p2a: Clefable
|-activate|p2a: Clefable|Protect
|
|-heal|p2a: Clefable|214\/394|[from] item: Leftovers
|turn|7
|
|switch|p2a: Landorus|Landorus, M|319\/319
|move|p1a: Landorus-Therian|Earthquake|p2a: Landorus
|-immune|p2a: Landorus|[msg]
|
|turn|8
|
|switch|p1a: Infernape|Infernape, F|1\/293
|move|p2a: Landorus|Psychic|p1a: Infernape
|-supereffective|p1a: Infernape
|-damage|p1a: Infernape|0 fnt
|faint|p1a: Infernape
|
|
|switch|p1a: Goodra|Goodra, F|384\/384
|turn|9
|
|switch|p2a: Clefable|Clefable, M|214\/394
|move|p1a: Goodra|Fire Blast|p2a: Clefable
|-damage|p2a: Clefable|98\/394
|
|-heal|p2a: Clefable|122\/394|[from] item: Leftovers
|turn|10
|
|switch|p1a: Bisharp|Bisharp, F|333\/333
|move|p2a: Clefable|Moonblast|p1a: Bisharp
|-damage|p1a: Bisharp|180\/333
|
|-heal|p2a: Clefable|146\/394|[from] item: Leftovers
|turn|11
|
|move|p1a: Bisharp|Iron Head|p2a: Clefable
|-supereffective|p2a: Clefable
|-damage|p2a: Clefable|0 fnt
|-damage|p1a: Bisharp|147\/333|[from] item: Life Orb
|faint|p2a: Clefable
|
|
|switch|p2a: Lopunny|Lopunny-Mega, F|228\/271
|turn|12
|
|move|p2a: Lopunny|High Jump Kick|p1a: Bisharp
|-supereffective|p1a: Bisharp
|-damage|p1a: Bisharp|0 fnt
|faint|p1a: Bisharp
|
|
|switch|p1a: Landorus-Therian|Landorus-Therian, M|263\/320
|-ability|p1a: Landorus-Therian|Intimidate|[of] p2a: Lopunny
|-unboost|p2a: Lopunny|atk|1
|turn|13
|
|switch|p2a: Landorus|Landorus, M|319\/319
|move|p1a: Landorus-Therian|U-turn|p2a: Landorus
|-resisted|p2a: Landorus
|-damage|p2a: Landorus|268\/319
|
|switch|p1a: Goodra|Goodra, F|384\/384
|
|turn|14
|
|switch|p2a: Bisharp|Bisharp, F|272\/272
|move|p1a: Goodra|Ice Beam|p2a: Bisharp
|-resisted|p2a: Bisharp
|-damage|p2a: Bisharp|207\/272
|
|turn|15
|
|move|p2a: Bisharp|Knock Off|p1a: Goodra
|-damage|p1a: Goodra|95\/384
|-enditem|p1a: Goodra|Assault Vest|[from] move: Knock Off|[of] p2a: Bisharp
|move|p1a: Goodra|Fire Blast|p2a: Bisharp
|-supereffective|p2a: Bisharp
|-damage|p2a: Bisharp|0 fnt
|faint|p2a: Bisharp
|
|
|switch|p2a: Greninja|Greninja, M|285\/285
|turn|16
|
|move|p2a: Greninja|Ice Beam|p1a: Goodra
|-start|p2a: Greninja|typechange|Ice|[from] Protean
|-supereffective|p1a: Goodra
|-damage|p1a: Goodra|0 fnt
|-damage|p2a: Greninja|257\/285|[from] item: Life Orb
|faint|p1a: Goodra
|
|
|switch|p1a: Landorus-Therian|Landorus-Therian, M|263\/320
|-ability|p1a: Landorus-Therian|Intimidate|[of] p2a: Greninja
|-unboost|p2a: Greninja|atk|1
|turn|17
|
|switch|p2a: Landorus|Landorus, M|268\/319
|move|p1a: Landorus-Therian|Outrage|p2a: Landorus
|-damage|p2a: Landorus|96\/319
|
|turn|18
|c|â10th Squad Toshiro|xD
|
|move|p1a: Landorus-Therian|Outrage|p2a: Landorus
|-damage|p2a: Landorus|0 fnt
|faint|p2a: Landorus
|
|
|switch|p2a: Greninja|Greninja, M|257\/285
|turn|19
|
|move|p1a: Landorus-Therian|Outrage|p2a: Greninja
|-damage|p2a: Greninja|0 fnt
|faint|p2a: Greninja
|
|-end|p1a: Landorus-Therian|rampage
|-start|p1a: Landorus-Therian|confusion
|c|â10th Squad Toshiro|such very ubers
|
|switch|p2a: Lopunny|Lopunny-Mega, F|228\/271
|turn|20
|
|switch|p1a: Rotom-Wash|Rotom-Wash|303\/303
|move|p2a: Lopunny|Return|p1a: Rotom-Wash
|-damage|p1a: Rotom-Wash|170\/303
|
|-heal|p1a: Rotom-Wash|188\/303|[from] item: Leftovers
|turn|21
|
|move|p2a: Lopunny|High Jump Kick|p1a: Rotom-Wash
|-damage|p1a: Rotom-Wash|28\/303
|move|p1a: Rotom-Wash|Will-O-Wisp|p2a: Lopunny
|-status|p2a: Lopunny|brn
|
|-heal|p1a: Rotom-Wash|46\/303|[from] item: Leftovers
|-damage|p2a: Lopunny|195\/271 brn|[from] brn
|turn|22
|-message|Shizou forfeited.
|c|â10th Squad Toshiro|gg
|
|win|10th Squad Toshiro
|raw|Ladder updating...
|leave|Shizou
|player|p2
|raw|10th Squad Toshiro's rating: 1557 &rarr; <strong>1576<\/strong><br \/>(+19 for winning)
|raw|Shizou's rating: 1547 &rarr; <strong>1527<\/strong><br \/>(-20 for losing)