|join|Shizou
|join|Peter Potamus
|player|p1|Shizou|161
|player|p2|Peter Potamus|43
|gametype|singles
|gen|6
|tier|OU
|rated
|clearpoke
|poke|p1|Lopunny, M
|poke|p1|Gengar, F
|poke|p1|Bisharp, M
|poke|p1|Landorus-Therian, M
|poke|p1|Klefki, F
|poke|p1|Starmie
|poke|p2|Gardevoir, F
|poke|p2|Bisharp, F
|poke|p2|Ferrothorn, M
|poke|p2|Dragonite, F
|poke|p2|Suicune
|poke|p2|Sylveon, M
|rule|Swagger Clause: Swagger is banned
|rule|Baton Pass Clause: Limit one PokÃ©mon knowing Baton Pass
|rule|Sleep Clause Mod: Limit one foe put to sleep
|rule|Species Clause: Limit one of each PokÃ©mon
|rule|OHKO Clause: OHKO moves are banned
|rule|Moody Clause: Moody is banned
|rule|Evasion Moves Clause: Evasion moves are banned
|rule|Endless Battle Clause: Forcing endless battles is banned
|rule|HP Percentage Mod: HP is shown in percentages
|teampreview
|
|start
|switch|p1a: Bisharp|Bisharp, M|279\/279
|switch|p2a: Dragonite|Dragonite, F|323\/323
|turn|1
|
|switch|p1a: Landorus-Therian|Landorus-Therian, M|319\/319
|-ability|p1a: Landorus-Therian|Intimidate|[of] p2a: Dragonite
|-unboost|p2a: Dragonite|atk|1
|move|p2a: Dragonite|Fire Punch|p1a: Landorus-Therian
|-damage|p1a: Landorus-Therian|243\/319
|
|turn|2
|
|switch|p2a: Ferrothorn|Ferrothorn, M|351\/351
|move|p1a: Landorus-Therian|U-turn|p2a: Ferrothorn
|-damage|p2a: Ferrothorn|294\/351
|-damage|p1a: Landorus-Therian|204\/319|[from] ability: Iron Barbs|[of] p2a: Ferrothorn
|
|switch|p1a: Bisharp|Bisharp, M|279\/279
|
|-heal|p2a: Ferrothorn|315\/351|[from] item: Leftovers
|turn|3
|
|move|p1a: Bisharp|Stealth Rock|p2a: Ferrothorn
|-sidestart|p2: Peter Potamus|move: Stealth Rock
|move|p2a: Ferrothorn|Thunder Wave|p1a: Bisharp
|-status|p1a: Bisharp|par
|
|-heal|p2a: Ferrothorn|336\/351|[from] item: Leftovers
|turn|4
|
|move|p2a: Ferrothorn|Stealth Rock|p1a: Bisharp
|-sidestart|p1: Shizou|move: Stealth Rock
|move|p1a: Bisharp|Knock Off|p2a: Ferrothorn
|-damage|p2a: Ferrothorn|198\/351
|-damage|p1a: Bisharp|245\/279 par|[from] ability: Iron Barbs|[of] p2a: Ferrothorn
|-enditem|p2a: Ferrothorn|Leftovers|[from] move: Knock Off|[of] p1a: Bisharp
|
|turn|5
|
|switch|p1a: Klefki|Klefki, F|318\/318
|-damage|p1a: Klefki|299\/318|[from] Stealth Rock
|move|p2a: Ferrothorn|Leech Seed|p1a: Klefki
|-start|p1a: Klefki|move: Leech Seed
|
|-heal|p1a: Klefki|318\/318|[from] item: Leftovers
|-damage|p1a: Klefki|279\/318|[from] Leech Seed|[of] p2a: Ferrothorn
|-heal|p2a: Ferrothorn|237\/351|[silent]
|turn|6
|
|move|p2a: Ferrothorn|Protect|p2a: Ferrothorn
|-singleturn|p2a: Ferrothorn|Protect
|move|p1a: Klefki|Spikes|p2a: Ferrothorn
|-sidestart|p2: Peter Potamus|Spikes
|
|-heal|p1a: Klefki|298\/318|[from] item: Leftovers
|-damage|p1a: Klefki|259\/318|[from] Leech Seed|[of] p2a: Ferrothorn
|-heal|p2a: Ferrothorn|276\/351|[silent]
|turn|7
|
|switch|p2a: Dragonite|Dragonite, F|323\/323
|-damage|p2a: Dragonite|243\/323|[from] Stealth Rock
|move|p1a: Klefki|Spikes|p2a: Dragonite
|-sidestart|p2: Peter Potamus|Spikes
|
|-heal|p1a: Klefki|278\/318|[from] item: Leftovers
|-damage|p1a: Klefki|239\/318|[from] Leech Seed|[of] p2a: Dragonite
|-heal|p2a: Dragonite|282\/323|[silent]
|turn|8
|
|switch|p1a: Landorus-Therian|Landorus-Therian, M|204\/319
|-damage|p1a: Landorus-Therian|165\/319|[from] Stealth Rock
|-ability|p1a: Landorus-Therian|Intimidate|[of] p2a: Dragonite
|-unboost|p2a: Dragonite|atk|1
|move|p2a: Dragonite|Fire Punch|p1a: Landorus-Therian
|-damage|p1a: Landorus-Therian|85\/319
|
|turn|9
|
|switch|p1a: Klefki|Klefki, F|239\/318
|-damage|p1a: Klefki|220\/318|[from] Stealth Rock
|move|p2a: Dragonite|Dragon Dance|p2a: Dragonite
|-boost|p2a: Dragonite|atk|1
|-boost|p2a: Dragonite|spe|1
|
|-heal|p1a: Klefki|239\/318|[from] item: Leftovers
|turn|10
|
|move|p1a: Klefki|Thunder Wave|p2a: Dragonite
|-status|p2a: Dragonite|par
|-enditem|p2a: Dragonite|Lum Berry|[eat]
|-curestatus|p2a: Dragonite|par
|move|p2a: Dragonite|Fire Punch|p1a: Klefki
|-supereffective|p1a: Klefki
|-damage|p1a: Klefki|39\/318
|
|-heal|p1a: Klefki|58\/318|[from] item: Leftovers
|turn|11
|
|switch|p2a: Suicune|Suicune|401\/401
|-damage|p2a: Suicune|351\/401|[from] Stealth Rock
|-damage|p2a: Suicune|285\/401|[from] Spikes
|-ability|p2a: Suicune|Pressure
|move|p1a: Klefki|Thunder Wave|p2a: Suicune
|-status|p2a: Suicune|par
|
|-heal|p1a: Klefki|77\/318|[from] item: Leftovers
|-heal|p2a: Suicune|310\/401 par|[from] item: Leftovers
|turn|12
|
|move|p1a: Klefki|Spikes|p2a: Suicune
|-sidestart|p2: Peter Potamus|Spikes
|cant|p2a: Suicune|par
|
|-heal|p1a: Klefki|96\/318|[from] item: Leftovers
|-heal|p2a: Suicune|335\/401 par|[from] item: Leftovers
|turn|13
|
|switch|p1a: Gengar|Gengar, F|261\/261
|-damage|p1a: Gengar|229\/261|[from] Stealth Rock
|move|p2a: Suicune|Calm Mind|p2a: Suicune
|-boost|p2a: Suicune|spa|1
|-boost|p2a: Suicune|spd|1
|
|-heal|p2a: Suicune|360\/401 par|[from] item: Leftovers
|turn|14
|
|move|p1a: Gengar|Taunt|p2a: Suicune
|-start|p2a: Suicune|move: Taunt
|cant|p2a: Suicune|move: Taunt|Calm Mind
|
|-heal|p2a: Suicune|385\/401 par|[from] item: Leftovers
|turn|15
|
|move|p1a: Gengar|Sludge Wave|p2a: Suicune
|-damage|p2a: Suicune|264\/401 par
|-damage|p1a: Gengar|203\/261|[from] item: Life Orb
|move|p2a: Suicune|Scald|p1a: Gengar
|-damage|p1a: Gengar|29\/261
|
|-heal|p2a: Suicune|289\/401 par|[from] item: Leftovers
|turn|16
|
|move|p1a: Gengar|Sludge Wave|p2a: Suicune
|-damage|p2a: Suicune|151\/401 par
|-damage|p1a: Gengar|3\/261|[from] item: Life Orb
|move|p2a: Suicune|Scald|p1a: Gengar
|-crit|p1a: Gengar
|-damage|p1a: Gengar|0 fnt
|faint|p1a: Gengar
|
|-heal|p2a: Suicune|176\/401 par|[from] item: Leftovers
|-end|p2a: Suicune|move: Taunt
|
|switch|p1a: Lopunny|Lopunny, M|271\/271
|-damage|p1a: Lopunny|238\/271|[from] Stealth Rock
|turn|17
|
|detailschange|p1a: Lopunny|Lopunny-Mega, M
|-mega|p1a: Lopunny|Lopunny|Lopunnite
|move|p1a: Lopunny|Fake Out|p2a: Suicune
|-damage|p2a: Suicune|131\/401 par
|cant|p2a: Suicune|flinch
|
|-heal|p2a: Suicune|156\/401 par|[from] item: Leftovers
|turn|18
|
|move|p1a: Lopunny|High Jump Kick|p2a: Suicune
|-damage|p2a: Suicune|8\/401 par
|move|p2a: Suicune|Rest|p2a: Suicune
|-status|p2a: Suicune|slp
|-heal|p2a: Suicune|401\/401 slp|[silent]
|-status|p2a: Suicune|slp|[from] move: Rest
|
|turn|19
|c|âPeter Potamus|oooooo
|
|move|p1a: Lopunny|Power-Up Punch|p2a: Suicune
|-damage|p2a: Suicune|350\/401 slp
|-boost|p1a: Lopunny|atk|1
|cant|p2a: Suicune|slp
|move|p2a: Suicune|Sleep Talk|p2a: Suicune
|move|p2a: Suicune|Calm Mind|p2a: Suicune|[from]Sleep Talk
|-boost|p2a: Suicune|spa|1
|-boost|p2a: Suicune|spd|1
|
|-heal|p2a: Suicune|375\/401 slp|[from] item: Leftovers
|turn|20
|
|move|p1a: Lopunny|High Jump Kick|p2a: Suicune
|-damage|p2a: Suicune|146\/401 slp
|cant|p2a: Suicune|slp
|move|p2a: Suicune|Sleep Talk|p2a: Suicune
|move|p2a: Suicune|Calm Mind|p2a: Suicune|[from]Sleep Talk
|-boost|p2a: Suicune|spa|1
|-boost|p2a: Suicune|spd|1
|
|-heal|p2a: Suicune|171\/401 slp|[from] item: Leftovers
|turn|21
|
|move|p1a: Lopunny|Return|p2a: Suicune
|-damage|p2a: Suicune|0 fnt
|faint|p2a: Suicune
|
|
|switch|p2a: Ferrothorn|Ferrothorn, M|276\/351
|-damage|p2a: Ferrothorn|255\/351|[from] Stealth Rock
|-damage|p2a: Ferrothorn|168\/351|[from] Spikes
|turn|22
|
|move|p1a: Lopunny|Power-Up Punch|p2a: Ferrothorn
|-crit|p2a: Ferrothorn
|-supereffective|p2a: Ferrothorn
|-damage|p2a: Ferrothorn|0 fnt
|-damage|p1a: Lopunny|205\/271|[from] ability: Iron Barbs|[of] p2a: Ferrothorn
|-boost|p1a: Lopunny|atk|1
|faint|p2a: Ferrothorn
|
|
|switch|p2a: Bisharp|Bisharp, F|333\/333
|-damage|p2a: Bisharp|313\/333|[from] Stealth Rock
|-damage|p2a: Bisharp|230\/333|[from] Spikes
|turn|23
|
|move|p2a: Bisharp|Sucker Punch|p1a: Lopunny
|-resisted|p1a: Lopunny
|-damage|p1a: Lopunny|125\/271
|move|p1a: Lopunny|Power-Up Punch|p2a: Bisharp
|-supereffective|p2a: Bisharp
|-damage|p2a: Bisharp|0 fnt
|-boost|p1a: Lopunny|atk|1
|faint|p2a: Bisharp
|
|
|switch|p2a: Dragonite|Dragonite, F|282\/323
|-damage|p2a: Dragonite|202\/323|[from] Stealth Rock
|turn|24
|
|move|p2a: Dragonite|Extreme Speed|p1a: Lopunny
|-damage|p1a: Lopunny|17\/271
|move|p1a: Lopunny|Return|p2a: Dragonite
|-damage|p2a: Dragonite|0 fnt
|faint|p2a: Dragonite
|
|-message|Peter Potamus forfeited.
|
|win|Shizou
|raw|Ladder updating...
|leave|Peter Potamus
|player|p2
|raw|Shizou's rating: 1470 &rarr; <strong>1486<\/strong><br \/>(+16 for winning)
|raw|Peter Potamus's rating: 1399 &rarr; <strong>1383<\/strong><br \/>(-16 for losing)
|c|âShizou|eh