|join|volcarno129
|join|afropikachu
|player|p1|volcarno129|68
|player|p2|afropikachu|247
|gametype|singles
|gen|6
|tier|OU
|rated
|clearpoke
|poke|p1|Metagross
|poke|p1|Landorus-Therian, M
|poke|p1|Victini
|poke|p1|Keldeo
|poke|p1|Raikou
|poke|p1|Bisharp, M
|poke|p2|Aerodactyl, M
|poke|p2|Scizor, M
|poke|p2|Celebi
|poke|p2|Azumarill, M
|poke|p2|Tyranitar, M
|poke|p2|Emboar, M
|rule|Swagger Clause: Swagger is banned
|rule|Baton Pass Clause: Limit one PokÃ©mon knowing Baton Pass
|rule|Sleep Clause Mod: Limit one foe put to sleep
|rule|Species Clause: Limit one of each PokÃ©mon
|rule|OHKO Clause: OHKO moves are banned
|rule|Moody Clause: Moody is banned
|rule|Evasion Moves Clause: Evasion moves are banned
|rule|Endless Battle Clause: Forcing endless battles is banned
|rule|HP Percentage Mod: HP is shown in percentages
|teampreview
|join|Reud
|join|Updated Kanto
|join|Shia LaBouff
|leave|Shia LaBouff
|join|MushMunkey
|
|start
|switch|p1a: Metagross|Metagross|301\/301
|switch|p2a: Tyranitar|Tyranitar, M|404\/404
|-weather|Sandstorm
|turn|1
|
|switch|p2a: Scizor|Scizor, M|344\/344
|detailschange|p1a: Metagross|Metagross-Mega
|-mega|p1a: Metagross|Metagross|Metagrossite
|move|p1a: Metagross|Hammer Arm|p2a: Scizor
|-damage|p2a: Scizor|186\/344
|-unboost|p1a: Metagross|spe|1
|
|-weather|Sandstorm|[upkeep]
|-heal|p2a: Scizor|207\/344|[from] item: Leftovers
|turn|2
|
|move|p1a: Metagross|Stealth Rock|p2a: Scizor
|-sidestart|p2: afropikachu|move: Stealth Rock
|move|p2a: Scizor|U-turn|p1a: Metagross
|-damage|p1a: Metagross|220\/301
|
|switch|p2a: Emboar|Emboar, M|362\/362
|-damage|p2a: Emboar|317\/362|[from] Stealth Rock
|
|-weather|Sandstorm|[upkeep]
|-damage|p2a: Emboar|295\/362|[from] sandstorm
|turn|3
|
|switch|p1a: Keldeo|Keldeo|323\/323
|move|p2a: Emboar|Flare Blitz|p1a: Keldeo
|-resisted|p1a: Keldeo
|-damage|p1a: Keldeo|189\/323
|-damage|p2a: Emboar|251\/362|[from] recoil|[of] p1a: Keldeo
|
|-weather|Sandstorm|[upkeep]
|-damage|p2a: Emboar|229\/362|[from] sandstorm
|-damage|p1a: Keldeo|169\/323|[from] sandstorm
|-heal|p1a: Keldeo|189\/323|[from] item: Leftovers
|turn|4
|
|switch|p2a: Celebi|Celebi|377\/377
|-damage|p2a: Celebi|330\/377|[from] Stealth Rock
|switch|p1a: Victini|Victini|341\/341
|
|-weather|Sandstorm|[upkeep]
|-damage|p1a: Victini|320\/341|[from] sandstorm
|-damage|p2a: Celebi|307\/377|[from] sandstorm
|-heal|p2a: Celebi|330\/377|[from] item: Leftovers
|turn|5
|
|move|p1a: Victini|U-turn|p2a: Celebi
|-supereffective|p2a: Celebi
|-damage|p2a: Celebi|0 fnt
|faint|p2a: Celebi
|join|Alldaalts
|
|switch|p1a: Metagross|Metagross-Mega|220\/301
|
|-weather|none
|
|switch|p2a: Emboar|Emboar, M|229\/362
|-damage|p2a: Emboar|184\/362|[from] Stealth Rock
|turn|6
|
|switch|p1a: Victini|Victini|320\/341
|move|p2a: Emboar|Flare Blitz|p1a: Victini
|-resisted|p1a: Victini
|-damage|p1a: Victini|193\/341
|-damage|p2a: Emboar|142\/362|[from] recoil|[of] p1a: Victini
|
|turn|7
|join|uhhh o-ok
|
|switch|p2a: Aerodactyl|Aerodactyl, M|311\/311
|-damage|p2a: Aerodactyl|234\/311|[from] Stealth Rock
|move|p1a: Victini|V-create|p2a: Aerodactyl
|-resisted|p2a: Aerodactyl
|-damage|p2a: Aerodactyl|0 fnt
|-unboost|p1a: Victini|def|1
|-unboost|p1a: Victini|spd|1
|-unboost|p1a: Victini|spe|1
|faint|p2a: Aerodactyl
|
|
|switch|p2a: Azumarill|Azumarill, M|401\/401
|-damage|p2a: Azumarill|351\/401|[from] Stealth Rock
|turn|8
|
|move|p1a: Victini|V-create|p2a: Azumarill
|-resisted|p2a: Azumarill
|-damage|p2a: Azumarill|91\/401
|-unboost|p1a: Victini|def|1
|-unboost|p1a: Victini|spd|1
|-unboost|p1a: Victini|spe|1
|move|p2a: Azumarill|Play Rough|p1a: Victini
|-resisted|p1a: Victini
|-damage|p1a: Victini|0 fnt
|faint|p1a: Victini
|
|
|switch|p1a: Landorus-Therian|Landorus-Therian, M|325\/325
|-ability|p1a: Landorus-Therian|Intimidate|[of] p2a: Azumarill
|-unboost|p2a: Azumarill|atk|1
|turn|9
|
|move|p2a: Azumarill|Aqua Jet|p1a: Landorus-Therian
|-supereffective|p1a: Landorus-Therian
|-damage|p1a: Landorus-Therian|187\/325
|move|p1a: Landorus-Therian|Earthquake|p2a: Azumarill
|-damage|p2a: Azumarill|0 fnt
|faint|p2a: Azumarill
|
|
|switch|p2a: Scizor|Scizor, M|207\/344
|-damage|p2a: Scizor|164\/344|[from] Stealth Rock
|turn|10
|
|move|p1a: Landorus-Therian|Earthquake|p2a: Scizor
|-damage|p2a: Scizor|0 fnt
|faint|p2a: Scizor
|
|
|switch|p2a: Tyranitar|Tyranitar, M|404\/404
|-damage|p2a: Tyranitar|354\/404|[from] Stealth Rock
|-weather|Sandstorm
|turn|11
|
|move|p1a: Landorus-Therian|Earthquake|p2a: Tyranitar
|-supereffective|p2a: Tyranitar
|-damage|p2a: Tyranitar|100\/404
|move|p2a: Tyranitar|Ice Beam|p1a: Landorus-Therian
|-supereffective|p1a: Landorus-Therian
|-damage|p1a: Landorus-Therian|0 fnt
|faint|p1a: Landorus-Therian
|
|-weather|Sandstorm|[upkeep]
|-heal|p2a: Tyranitar|125\/404|[from] item: Leftovers
|
|switch|p1a: Metagross|Metagross-Mega|220\/301
|turn|12
|
|move|p1a: Metagross|Meteor Mash|p2a: Tyranitar
|-supereffective|p2a: Tyranitar
|-damage|p2a: Tyranitar|0 fnt
|faint|p2a: Tyranitar
|
|-weather|Sandstorm|[upkeep]
|-message|afropikachu forfeited.
|leave|afropikachu
|
|win|volcarno129
|raw|Ladder updating...
|player|p2
|raw|volcarno129's rating: 1693 &rarr; <strong>1706<\/strong><br \/>(+13 for winning)
|raw|afropikachu's rating: 1569 &rarr; <strong>1556<\/strong><br \/>(-13 for losing)