|join|napty
|join|yodidady
|player|p1|napty|93
|player|p2|yodidady|99
|gametype|singles
|gen|6
|tier|ORAS OU
|rated
|rule|Sleep Clause Mod: Limit one foe put to sleep
|rule|Species Clause: Limit one of each PokÃ©mon
|rule|OHKO Clause: OHKO moves are banned
|rule|Moody Clause: Moody is banned
|rule|Evasion Moves Clause: Evasion moves are banned
|rule|Endless Battle Clause: Forcing endless battles is banned
|rule|HP Percentage Mod: HP is shown in percentages
|clearpoke
|poke|p1|Landorus-Therian, M
|poke|p1|Greninja, F
|poke|p1|Camerupt, M
|poke|p1|Celebi
|poke|p1|Diggersby, F
|poke|p1|Bisharp, F
|poke|p2|Salamence, F
|poke|p2|Excadrill, F
|poke|p2|Scizor, M
|poke|p2|Greninja, M
|poke|p2|Sylveon, M
|poke|p2|Keldeo-Resolute
|rule|Swagger Clause: Swagger is banned
|rule|Baton Pass Clause: Limit one PokÃ©mon knowing Baton Pass
|teampreview
|
|start
|switch|p1a: Diggersby|Diggersby, F|311\/311
|switch|p2a: Sylveon|Sylveon, M|394\/394
|turn|1
|
|move|p1a: Diggersby|Return|p2a: Sylveon
|-damage|p2a: Sylveon|63\/394
|move|p2a: Sylveon|Hyper Voice|p1a: Diggersby
|-damage|p1a: Diggersby|41\/311
|
|-heal|p2a: Sylveon|87\/394|[from] item: Leftovers
|turn|2
|
|move|p2a: Sylveon|Protect|p2a: Sylveon
|-singleturn|p2a: Sylveon|Protect
|move|p1a: Diggersby|Return|p2a: Sylveon
|-activate|p2a: Sylveon|Protect
|
|-heal|p2a: Sylveon|111\/394|[from] item: Leftovers
|turn|3
|
|move|p1a: Diggersby|Return|p2a: Sylveon
|-damage|p2a: Sylveon|0 fnt
|faint|p2a: Sylveon
|
|
|switch|p2a: Salamence|Salamence, F|332\/332
|-ability|p2a: Salamence|Intimidate|[of] p1a: Diggersby
|-unboost|p1a: Diggersby|atk|1
|turn|4
|
|detailschange|p2a: Salamence|Salamence-Mega, F
|message|Salamence has Mega Evolved into Mega Salamence!
|move|p1a: Diggersby|Return|p2a: Salamence
|-damage|p2a: Salamence|223\/332
|move|p2a: Salamence|Dragon Dance|p2a: Salamence
|-boost|p2a: Salamence|atk|1
|-boost|p2a: Salamence|spe|1
|
|turn|5
|
|switch|p1a: Bisharp|Bisharp, F|272\/272
|move|p2a: Salamence|Return|p1a: Bisharp
|-resisted|p1a: Bisharp
|-damage|p1a: Bisharp|68\/272
|
|turn|6
|
|move|p2a: Salamence|Return|p1a: Bisharp
|-resisted|p1a: Bisharp
|-damage|p1a: Bisharp|0 fnt
|faint|p1a: Bisharp
|
|
|switch|p1a: Landorus-Therian|Landorus-Therian, M|382\/382
|-ability|p1a: Landorus-Therian|Intimidate|[of] p2a: Salamence
|-unboost|p2a: Salamence|atk|1
|turn|7
|
|move|p2a: Salamence|Return|p1a: Landorus-Therian
|-damage|p1a: Landorus-Therian|163\/382
|-damage|p2a: Salamence|168\/332|[from] item: Rocky Helmet|[of] p1a: Landorus-Therian
|move|p1a: Landorus-Therian|Stone Edge|p2a: Salamence
|-supereffective|p2a: Salamence
|-damage|p2a: Salamence|30\/332
|
|turn|8
|
|move|p2a: Salamence|Return|p1a: Landorus-Therian
|-damage|p1a: Landorus-Therian|0 fnt
|-damage|p2a: Salamence|0 fnt|[from] item: Rocky Helmet|[of] p1a: Landorus-Therian
|faint|p2a: Salamence
|faint|p1a: Landorus-Therian
|
|
|switch|p1a: Diggersby|Diggersby, F|41\/311
|switch|p2a: Excadrill|Excadrill, F|424\/424
|-ability|p2a: Excadrill|Mold Breaker
|turn|9
|
|move|p1a: Diggersby|Earthquake|p2a: Excadrill
|-supereffective|p2a: Excadrill
|-enditem|p2a: Excadrill|Focus Sash
|-damage|p2a: Excadrill|1\/424
|move|p2a: Excadrill|Earthquake|p1a: Diggersby
|-damage|p1a: Diggersby|0 fnt
|faint|p1a: Diggersby
|
|
|switch|p1a: Greninja|Greninja, F|285\/285
|turn|10
|
|move|p1a: Greninja|Hydro Pump|p2a: Excadrill
|-start|p1a: Greninja|typechange|Water|[from] Protean
|-supereffective|p2a: Excadrill
|-damage|p2a: Excadrill|0 fnt
|-damage|p1a: Greninja|257\/285|[from] item: Life Orb
|faint|p2a: Excadrill
|
|
|switch|p2a: Keldeo-Resolute|Keldeo-Resolute|323\/323
|turn|11
|
|move|p1a: Greninja|Extrasensory|p2a: Keldeo-Resolute
|-start|p1a: Greninja|typechange|Psychic|[from] Protean
|-supereffective|p2a: Keldeo-Resolute
|-damage|p2a: Keldeo-Resolute|0 fnt
|-damage|p1a: Greninja|229\/285|[from] item: Life Orb
|faint|p2a: Keldeo-Resolute
|
|
|switch|p2a: Greninja|Greninja, M|286\/286
|turn|12
|
|move|p1a: Greninja|Gunk Shot|p2a: Greninja
|-start|p1a: Greninja|typechange|Poison|[from] Protean
|-damage|p2a: Greninja|47\/286
|-status|p2a: Greninja|psn
|-damage|p1a: Greninja|201\/285|[from] item: Life Orb
|move|p2a: Greninja|Hydro Pump|p1a: Greninja|[miss]
|-start|p2a: Greninja|typechange|Water|[from] Protean
|-miss|p2a: Greninja|p1a: Greninja
|
|-damage|p2a: Greninja|12\/286 psn|[from] psn
|turn|13
|-message|yodidady forfeited.
|
|win|napty
|raw|Ladder updating...
|leave|yodidady
|player|p2
|raw|napty's rating: 1558 &rarr; <strong>1569<\/strong><br \/>(+11 for winning)
|raw|yodidady's rating: 1386 &rarr; <strong>1375<\/strong><br \/>(-11 for losing)