|join|Stallion
|join|napty
|player|p1|Stallion|102
|player|p2|napty|93
|gametype|singles
|gen|6
|tier|ORAS OU
|rated
|rule|Sleep Clause Mod: Limit one foe put to sleep
|rule|Species Clause: Limit one of each PokÃ©mon
|rule|OHKO Clause: OHKO moves are banned
|rule|Moody Clause: Moody is banned
|rule|Evasion Moves Clause: Evasion moves are banned
|rule|Endless Battle Clause: Forcing endless battles is banned
|rule|HP Percentage Mod: HP is shown in percentages
|clearpoke
|poke|p1|Ferrothorn, M
|poke|p1|Zapdos
|poke|p1|Chansey, F
|poke|p1|Sableye, M
|poke|p1|Landorus-Therian, M
|poke|p1|Clefable, F
|poke|p2|Landorus-Therian, M
|poke|p2|Greninja, F
|poke|p2|Celebi
|poke|p2|Talonflame, M
|poke|p2|Bisharp, M
|poke|p2|Gardevoir, F
|rule|Swagger Clause: Swagger is banned
|rule|Baton Pass Clause: Limit one PokÃ©mon knowing Baton Pass
|teampreview
|
|start
|switch|p1a: Sableye|Sableye, M|304\/304
|switch|p2a: Celebi|Celebi|403\/403
|turn|1
|
|detailschange|p1a: Sableye|Sableye-Mega, M
|message|Sableye has Mega Evolved into Mega Sableye!
|move|p2a: Celebi|Substitute|p2a: Celebi
|-start|p2a: Celebi|Substitute
|-damage|p2a: Celebi|303\/403
|move|p1a: Sableye|Dark Pulse|p2a: Celebi
|-supereffective|p2a: Celebi
|-end|p2a: Celebi|Substitute
|
|-heal|p2a: Celebi|328\/403|[from] item: Leftovers
|turn|2
|
|move|p2a: Celebi|Substitute|p2a: Celebi
|-start|p2a: Celebi|Substitute
|-damage|p2a: Celebi|228\/403
|move|p1a: Sableye|Will-O-Wisp|p2a: Celebi
|
|-heal|p2a: Celebi|253\/403|[from] item: Leftovers
|turn|3
|
|move|p2a: Celebi|Baton Pass|p2a: Celebi
|
|switch|p2a: Bisharp|Bisharp, M|272\/272
|move|p1a: Sableye|Dark Pulse|p2a: Bisharp
|-resisted|p2a: Bisharp
|-activate|p2a: Bisharp|Substitute|[damage]
|
|turn|4
|
|switch|p1a: Ferrothorn|Ferrothorn, M|352\/352
|move|p2a: Bisharp|Swords Dance|p2a: Bisharp
|-boost|p2a: Bisharp|atk|2
|
|turn|5
|
|move|p2a: Bisharp|Swords Dance|p2a: Bisharp
|-boost|p2a: Bisharp|atk|2
|move|p1a: Ferrothorn|Knock Off|p2a: Bisharp
|-resisted|p2a: Bisharp
|-activate|p2a: Bisharp|Substitute|[damage]
|
|turn|6
|
|move|p2a: Bisharp|Knock Off|p1a: Ferrothorn
|-damage|p1a: Ferrothorn|0 fnt
|-damage|p2a: Bisharp|238\/272|[from] ability: Iron Barbs|[of] p1a: Ferrothorn
|-enditem|p1a: Ferrothorn|Shed Shell|[from] move: Knock Off|[of] p2a: Bisharp
|-damage|p2a: Bisharp|211\/272|[from] item: Life Orb
|faint|p1a: Ferrothorn
|
|
|switch|p1a: Landorus-Therian|Landorus-Therian, M|381\/381
|-activate|p2a: Bisharp|Substitute|ability: Intimidate|[of] p1a: Landorus-Therian
|turn|7
|
|move|p2a: Bisharp|Sucker Punch|p1a: Landorus-Therian
|-crit|p1a: Landorus-Therian
|-damage|p1a: Landorus-Therian|0 fnt
|-damage|p2a: Bisharp|184\/272|[from] item: Life Orb
|faint|p1a: Landorus-Therian
|
|-message|Stallion forfeited.
|
|win|napty
|raw|Ladder updating...
|leave|Stallion
|player|p1
|raw|Stallion's rating: 1504 &rarr; <strong>1485<\/strong><br \/>(-19 for losing)
|raw|napty's rating: 1528 &rarr; <strong>1547<\/strong><br \/>(+19 for winning)