|join|napty
|join|Trainer Lennert
|player|p1|napty|93
|player|p2|Trainer Lennert|52
|gametype|singles
|gen|6
|tier|OU
|rated
|clearpoke
|poke|p1|Landorus-Therian, M
|poke|p1|Greninja, M
|poke|p1|Gallade, M
|poke|p1|Bisharp, F
|poke|p1|Heatran, M
|poke|p1|Rotom-Wash
|poke|p2|Hippowdon, M
|poke|p2|Medicham, F
|poke|p2|Tangrowth, M
|poke|p2|Rotom-Wash
|poke|p2|Terrakion
|poke|p2|Kyurem-Black
|rule|Swagger Clause: Swagger is banned
|rule|Baton Pass Clause: Limit one PokÃ©mon knowing Baton Pass
|rule|Sleep Clause Mod: Limit one foe put to sleep
|rule|Species Clause: Limit one of each PokÃ©mon
|rule|OHKO Clause: OHKO moves are banned
|rule|Moody Clause: Moody is banned
|rule|Evasion Moves Clause: Evasion moves are banned
|rule|Endless Battle Clause: Forcing endless battles is banned
|rule|HP Percentage Mod: HP is shown in percentages
|teampreview
|
|start
|switch|p1a: Gallade|Gallade, M|277\/277
|switch|p2a: Medicham|Medicham, F|261\/261
|turn|1
|
|detailschange|p1a: Gallade|Gallade-Mega, M
|message|Gallade has Mega Evolved into Mega Gallade!
|detailschange|p2a: Medicham|Medicham-Mega, F
|message|Medicham has Mega Evolved into Mega Medicham!
|move|p2a: Medicham|Fake Out|p1a: Gallade
|-damage|p1a: Gallade|189\/277
|move|p1a: Gallade|Will-O-Wisp|p2a: Medicham
|-status|p2a: Medicham|brn
|
|-damage|p2a: Medicham|229\/261 brn|[from] brn
|turn|2
|c|âTrainer Lennert|o
|c|âTrainer Lennert|i forgot
|c|ânapty|inner focus tho
|c|âTrainer Lennert|sigh
|
|switch|p1a: Landorus-Therian|Landorus-Therian, M|382\/382
|-ability|p1a: Landorus-Therian|Intimidate|[of] p2a: Medicham
|-unboost|p2a: Medicham|atk|1
|move|p2a: Medicham|High Jump Kick|p1a: Landorus-Therian|[miss]
|-miss|p2a: Medicham|p1a: Landorus-Therian
|-damage|p2a: Medicham|99\/261 brn|[from] highjumpkick
|
|-damage|p2a: Medicham|67\/261 brn|[from] brn
|turn|3
|
|move|p2a: Medicham|Ice Punch|p1a: Landorus-Therian
|-supereffective|p1a: Landorus-Therian
|-damage|p1a: Landorus-Therian|226\/382
|move|p1a: Landorus-Therian|Stealth Rock|p2a: Medicham
|-sidestart|p2: Trainer Lennert|move: Stealth Rock
|
|-heal|p1a: Landorus-Therian|249\/382|[from] item: Leftovers
|-damage|p2a: Medicham|35\/261 brn|[from] brn
|turn|4
|
|switch|p1a: Gallade|Gallade-Mega, M|189\/277
|move|p2a: Medicham|High Jump Kick|p1a: Gallade
|-resisted|p1a: Gallade
|-damage|p1a: Gallade|116\/277
|
|-damage|p2a: Medicham|3\/261 brn|[from] brn
|turn|5
|
|move|p1a: Gallade|Drain Punch|p2a: Medicham
|-resisted|p2a: Medicham
|-damage|p2a: Medicham|0 fnt
|-heal|p1a: Gallade|118\/277|[from] drain|[of] p2a: Medicham
|faint|p2a: Medicham
|
|
|switch|p2a: Rotom-Wash|Rotom-Wash|304\/304
|-damage|p2a: Rotom-Wash|266\/304|[from] Stealth Rock
|turn|6
|
|switch|p1a: Heatran|Heatran, M|386\/386
|move|p2a: Rotom-Wash|Will-O-Wisp|p1a: Heatran
|-start|p1a: Heatran|ability: Flash Fire
|
|-heal|p2a: Rotom-Wash|285\/304|[from] item: Leftovers
|turn|7
|
|move|p2a: Rotom-Wash|Hydro Pump|p1a: Heatran
|-supereffective|p1a: Heatran
|-damage|p1a: Heatran|140\/386
|move|p1a: Heatran|Fire Blast|p2a: Rotom-Wash
|-resisted|p2a: Rotom-Wash
|-damage|p2a: Rotom-Wash|77\/304
|
|-heal|p2a: Rotom-Wash|96\/304|[from] item: Leftovers
|turn|8
|
|move|p2a: Rotom-Wash|Hydro Pump|p1a: Heatran
|-supereffective|p1a: Heatran
|-damage|p1a: Heatran|0 fnt
|faint|p1a: Heatran
|
|-heal|p2a: Rotom-Wash|115\/304|[from] item: Leftovers
|
|switch|p1a: Greninja|Greninja, M|285\/285
|turn|9
|
|move|p1a: Greninja|Dark Pulse|p2a: Rotom-Wash
|-start|p1a: Greninja|typechange|Dark|[from] Protean
|-damage|p2a: Rotom-Wash|0 fnt
|-damage|p1a: Greninja|257\/285|[from] item: Life Orb
|faint|p2a: Rotom-Wash
|
|
|switch|p2a: Tangrowth|Tangrowth, M|404\/404
|-damage|p2a: Tangrowth|354\/404|[from] Stealth Rock
|turn|10
|
|move|p1a: Greninja|Ice Beam|p2a: Tangrowth
|-start|p1a: Greninja|typechange|Ice|[from] Protean
|-supereffective|p2a: Tangrowth
|-damage|p2a: Tangrowth|117\/404
|-damage|p1a: Greninja|229\/285|[from] item: Life Orb
|move|p2a: Tangrowth|Leaf Storm|p1a: Greninja
|-damage|p1a: Greninja|7\/285
|-unboost|p2a: Tangrowth|spa|2
|
|turn|11
|
|switch|p2a: Kyurem-Black|Kyurem-Black|392\/392
|-damage|p2a: Kyurem-Black|294\/392|[from] Stealth Rock
|-ability|p2a: Kyurem-Black|Teravolt
|move|p1a: Greninja|Low Kick|p2a: Kyurem-Black
|-start|p1a: Greninja|typechange|Fighting|[from] Protean
|-supereffective|p2a: Kyurem-Black
|-damage|p2a: Kyurem-Black|0 fnt
|-damage|p1a: Greninja|0 fnt|[from] item: Life Orb
|faint|p2a: Kyurem-Black
|faint|p1a: Greninja
|
|
|switch|p1a: Gallade|Gallade-Mega, M|118\/277
|switch|p2a: Tangrowth|Tangrowth, M|251\/404
|-damage|p2a: Tangrowth|201\/404|[from] Stealth Rock
|turn|12
|
|switch|p2a: Hippowdon|Hippowdon, M|420\/420
|-damage|p2a: Hippowdon|394\/420|[from] Stealth Rock
|-weather|Sandstorm
|move|p1a: Gallade|Drain Punch|p2a: Hippowdon
|-damage|p2a: Hippowdon|291\/420
|-heal|p1a: Gallade|170\/277|[from] drain|[of] p2a: Hippowdon
|
|-weather|Sandstorm|[upkeep]
|-damage|p1a: Gallade|153\/277|[from] sandstorm
|turn|13
|
|move|p1a: Gallade|Will-O-Wisp|p2a: Hippowdon|[miss]
|-miss|p1a: Gallade|p2a: Hippowdon
|move|p2a: Hippowdon|Stealth Rock|p1a: Gallade
|-sidestart|p1: napty|move: Stealth Rock
|
|-weather|Sandstorm|[upkeep]
|-damage|p1a: Gallade|136\/277|[from] sandstorm
|turn|14
|
|move|p1a: Gallade|Will-O-Wisp|p2a: Hippowdon
|-status|p2a: Hippowdon|brn
|move|p2a: Hippowdon|Earthquake|p1a: Gallade
|-damage|p1a: Gallade|64\/277
|
|-weather|Sandstorm|[upkeep]
|-damage|p1a: Gallade|47\/277|[from] sandstorm
|-damage|p2a: Hippowdon|239\/420 brn|[from] brn
|turn|15
|
|move|p1a: Gallade|Drain Punch|p2a: Hippowdon
|-damage|p2a: Hippowdon|145\/420 brn
|-heal|p1a: Gallade|94\/277|[from] drain|[of] p2a: Hippowdon
|move|p2a: Hippowdon|Stone Edge|p1a: Gallade
|-resisted|p1a: Gallade
|-damage|p1a: Gallade|73\/277
|
|-weather|Sandstorm|[upkeep]
|-damage|p1a: Gallade|56\/277|[from] sandstorm
|-damage|p2a: Hippowdon|93\/420 brn|[from] brn
|turn|16
|
|move|p1a: Gallade|Drain Punch|p2a: Hippowdon
|-damage|p2a: Hippowdon|0 fnt
|-heal|p1a: Gallade|103\/277|[from] drain|[of] p2a: Hippowdon
|faint|p2a: Hippowdon
|
|-weather|Sandstorm|[upkeep]
|-damage|p1a: Gallade|86\/277|[from] sandstorm
|
|switch|p2a: Tangrowth|Tangrowth, M|335\/404
|-damage|p2a: Tangrowth|285\/404|[from] Stealth Rock
|turn|17
|
|move|p1a: Gallade|Will-O-Wisp|p2a: Tangrowth
|-status|p2a: Tangrowth|brn
|move|p2a: Tangrowth|Leaf Storm|p1a: Gallade
|-damage|p1a: Gallade|0 fnt
|-unboost|p2a: Tangrowth|spa|2
|faint|p1a: Gallade
|
|-weather|Sandstorm|[upkeep]
|-damage|p2a: Tangrowth|260\/404 brn|[from] sandstorm
|-damage|p2a: Tangrowth|210\/404 brn|[from] brn
|
|switch|p1a: Bisharp|Bisharp, F|271\/271
|-damage|p1a: Bisharp|255\/271|[from] Stealth Rock
|turn|18
|
|move|p1a: Bisharp|Iron Head|p2a: Tangrowth
|-damage|p2a: Tangrowth|86\/404 brn
|move|p2a: Tangrowth|Focus Blast|p1a: Bisharp
|-supereffective|p1a: Bisharp
|-damage|p1a: Bisharp|0 fnt
|faint|p1a: Bisharp
|
|-weather|Sandstorm|[upkeep]
|-damage|p2a: Tangrowth|61\/404 brn|[from] sandstorm
|-damage|p2a: Tangrowth|11\/404 brn|[from] brn
|
|switch|p1a: Landorus-Therian|Landorus-Therian, M|249\/382
|-damage|p1a: Landorus-Therian|202\/382|[from] Stealth Rock
|-ability|p1a: Landorus-Therian|Intimidate|[of] p2a: Tangrowth
|-unboost|p2a: Tangrowth|atk|1
|turn|19
|
|move|p1a: Landorus-Therian|Earthquake|p2a: Tangrowth
|-resisted|p2a: Tangrowth
|-damage|p2a: Tangrowth|0 fnt
|faint|p2a: Tangrowth
|
|-weather|none
|-heal|p1a: Landorus-Therian|225\/382|[from] item: Leftovers
|
|switch|p2a: Terrakion|Terrakion|323\/323
|-damage|p2a: Terrakion|303\/323|[from] Stealth Rock
|turn|20
|
|move|p2a: Terrakion|Swords Dance|p2a: Terrakion
|-boost|p2a: Terrakion|atk|2
|move|p1a: Landorus-Therian|Earthquake|p2a: Terrakion
|-supereffective|p2a: Terrakion
|-damage|p2a: Terrakion|0 fnt
|faint|p2a: Terrakion
|
|win|napty
|raw|Ladder updating...
|raw|napty's rating: 1450 &rarr; <strong>1467<\/strong><br \/>(+17 for winning)
|raw|Trainer Lennert's rating: 1394 &rarr; <strong>1378<\/strong><br \/>(-16 for losing)
|c|âTrainer Lennert|gg
|c|ânapty|gg
|leave|Trainer Lennert
|player|p2