|join|Inescapable Blue
|join|napty
|player|p1|Inescapable Blue|290
|player|p2|napty|93
|gametype|singles
|gen|6
|tier|OU
|rated
|clearpoke
|poke|p1|Gothitelle, F
|poke|p1|Quagsire, F
|poke|p1|Chansey, F
|poke|p1|Sableye, M
|poke|p1|Skarmory, F
|poke|p1|Sylveon, M
|poke|p2|Landorus-Therian, M
|poke|p2|Greninja, F
|poke|p2|Gallade, M
|poke|p2|Bisharp, F
|poke|p2|Latias, F
|poke|p2|Mienshao, F
|rule|Swagger Clause: Swagger is banned
|rule|Baton Pass Clause: Limit one PokÃ©mon knowing Baton Pass
|rule|Sleep Clause Mod: Limit one foe put to sleep
|rule|Species Clause: Limit one of each PokÃ©mon
|rule|OHKO Clause: OHKO moves are banned
|rule|Moody Clause: Moody is banned
|rule|Evasion Moves Clause: Evasion moves are banned
|rule|Endless Battle Clause: Forcing endless battles is banned
|rule|HP Percentage Mod: HP is shown in percentages
|teampreview
|
|start
|switch|p1a: Sableye|Sableye, M|304\/304
|switch|p2a: Latias|Latias, F|319\/319
|turn|1
|
|detailschange|p1a: Sableye|Sableye-Mega, M
|message|Sableye has Mega Evolved into Mega Sableye!
|move|p1a: Sableye|Calm Mind|p1a: Sableye
|-boost|p1a: Sableye|spa|1
|-boost|p1a: Sableye|spd|1
|move|p2a: Latias|Draco Meteor|p1a: Sableye
|-damage|p1a: Sableye|152\/304
|-unboost|p2a: Latias|spa|2
|-damage|p2a: Latias|288\/319|[from] item: Life Orb
|
|turn|2
|
|switch|p2a: Mienshao|Mienshao, F|271\/271
|move|p1a: Sableye|Recover|p1a: Sableye
|-heal|p1a: Sableye|304\/304
|
|turn|3
|
|move|p2a: Mienshao|Substitute|p2a: Mienshao
|-start|p2a: Mienshao|Substitute
|-damage|p2a: Mienshao|204\/271
|move|p1a: Sableye|Will-O-Wisp|p2a: Mienshao|[miss]
|-miss|p1a: Sableye|p2a: Mienshao
|
|turn|4
|
|switch|p1a: Sylveon|Sylveon, M|394\/394
|move|p2a: Mienshao|Baton Pass|p2a: Mienshao
|
|switch|p2a: Bisharp|Bisharp, F|272\/272
|
|turn|5
|
|switch|p1a: Quagsire|Quagsire, F|394\/394
|move|p2a: Bisharp|Swords Dance|p2a: Bisharp
|-boost|p2a: Bisharp|atk|2
|
|turn|6
|
|move|p2a: Bisharp|Sucker Punch|p1a: Quagsire
|-damage|p1a: Quagsire|250\/394
|-damage|p2a: Bisharp|245\/272|[from] item: Life Orb
|move|p1a: Quagsire|Scald|p2a: Bisharp
|-end|p2a: Bisharp|Substitute
|
|-heal|p1a: Quagsire|274\/394|[from] item: Leftovers
|turn|7
|
|move|p2a: Bisharp|Knock Off|p1a: Quagsire
|-damage|p1a: Quagsire|95\/394
|-enditem|p1a: Quagsire|Leftovers|[from] move: Knock Off|[of] p2a: Bisharp
|-damage|p2a: Bisharp|218\/272|[from] item: Life Orb
|move|p1a: Quagsire|Recover|p1a: Quagsire
|-heal|p1a: Quagsire|292\/394
|
|turn|8
|
|switch|p2a: Latias|Latias, F|288\/319
|move|p1a: Quagsire|Recover|p1a: Quagsire
|-heal|p1a: Quagsire|394\/394
|
|turn|9
|
|switch|p1a: Chansey|Chansey, F|704\/704
|move|p2a: Latias|Draco Meteor|p1a: Chansey
|-damage|p1a: Chansey|548\/704
|-unboost|p2a: Latias|spa|2
|-damage|p2a: Latias|257\/319|[from] item: Life Orb
|
|turn|10
|
|switch|p2a: Landorus-Therian|Landorus-Therian, M|382\/382
|-ability|p2a: Landorus-Therian|Intimidate|[of] p1a: Chansey
|-unboost|p1a: Chansey|atk|1
|move|p1a: Chansey|Stealth Rock|p2a: Landorus-Therian
|-sidestart|p2: napty|move: Stealth Rock
|
|turn|11
|
|switch|p1a: Sableye|Sableye-Mega, M|304\/304
|move|p2a: Landorus-Therian|U-turn|p1a: Sableye
|-crit|p1a: Sableye
|-damage|p1a: Sableye|235\/304
|
|switch|p2a: Latias|Latias, F|257\/319
|-damage|p2a: Latias|218\/319|[from] Stealth Rock
|
|turn|12
|
|switch|p1a: Chansey|Chansey, F|548\/704
|move|p2a: Latias|Defog|p1a: Chansey
|-unboost|p1a: Chansey|evasion|1
|-sideend|p2: napty|Stealth Rock|[from] move: Defog|[of] p2a: Latias
|
|turn|13
|
|switch|p2a: Gallade|Gallade, M|277\/277
|move|p1a: Chansey|Stealth Rock|p2a: Gallade
|-sidestart|p2: napty|move: Stealth Rock
|
|turn|14
|
|switch|p1a: Sableye|Sableye-Mega, M|235\/304
|detailschange|p2a: Gallade|Gallade-Mega, M
|message|Gallade has Mega Evolved into Mega Gallade!
|move|p2a: Gallade|Swords Dance|p2a: Gallade
|-boost|p2a: Gallade|atk|2
|
|turn|15
|
|move|p2a: Gallade|Skill Swap|p1a: Sableye
|-activate|p2a: Gallade|move: Skill Swap|Magic Bounce|Inner Focus|[of] p1a: Sableye
|move|p1a: Sableye|Will-O-Wisp|p2a: Gallade
|move|p2a: Gallade|Will-O-Wisp|p1a: Sableye|[from]Magic Bounce
|-status|p1a: Sableye|brn
|
|-damage|p1a: Sableye|197\/304 brn|[from] brn
|turn|16
|
|move|p2a: Gallade|Knock Off|p1a: Sableye
|-damage|p1a: Sableye|76\/304 brn
|move|p1a: Sableye|Recover|p1a: Sableye
|-heal|p1a: Sableye|228\/304 brn
|
|-damage|p1a: Sableye|190\/304 brn|[from] brn
|turn|17
|
|move|p2a: Gallade|Swords Dance|p2a: Gallade
|-boost|p2a: Gallade|atk|2
|move|p1a: Sableye|Recover|p1a: Sableye
|-heal|p1a: Sableye|304\/304 brn
|
|-damage|p1a: Sableye|266\/304 brn|[from] brn
|turn|18
|
|switch|p1a: Quagsire|Quagsire, F|394\/394
|move|p2a: Gallade|Drain Punch|p1a: Quagsire
|-damage|p1a: Quagsire|274\/394
|
|turn|19
|
|move|p2a: Gallade|Skill Swap|p1a: Quagsire
|-activate|p2a: Gallade|move: Skill Swap|Unaware|Magic Bounce|[of] p1a: Quagsire
|move|p1a: Quagsire|Recover|p1a: Quagsire
|-heal|p1a: Quagsire|394\/394
|
|turn|20
|
|switch|p1a: Sableye|Sableye-Mega, M|266\/304 brn
|move|p2a: Gallade|Knock Off|p1a: Sableye
|-damage|p1a: Sableye|87\/304 brn
|
|-damage|p1a: Sableye|49\/304 brn|[from] brn
|turn|21
|
|move|p2a: Gallade|Knock Off|p1a: Sableye
|-damage|p1a: Sableye|0 fnt
|faint|p1a: Sableye
|
|
|switch|p1a: Quagsire|Quagsire, F|394\/394
|turn|22
|
|move|p2a: Gallade|Skill Swap|p1a: Quagsire
|-activate|p2a: Gallade|move: Skill Swap|Unaware|Unaware|[of] p1a: Quagsire
|move|p1a: Quagsire|Toxic|p2a: Gallade|[miss]
|-miss|p1a: Quagsire|p2a: Gallade
|
|turn|23
|c|ânapty|lol fuck
|c|âInescapable Blue|fuck this game
|
|switch|p2a: Latias|Latias, F|218\/319
|-damage|p2a: Latias|179\/319|[from] Stealth Rock
|move|p1a: Quagsire|Toxic|p2a: Latias
|-status|p2a: Latias|tox
|
|-damage|p2a: Latias|160\/319 tox|[from] psn
|turn|24
|
|switch|p1a: Chansey|Chansey, F|548\/704
|move|p2a: Latias|Draco Meteor|p1a: Chansey|[miss]
|-miss|p2a: Latias|p1a: Chansey
|
|-damage|p2a: Latias|122\/319 tox|[from] psn
|turn|25
|
|switch|p2a: Mienshao|Mienshao, F|271\/271
|-damage|p2a: Mienshao|255\/271|[from] Stealth Rock
|move|p1a: Chansey|Seismic Toss|p2a: Mienshao
|-damage|p2a: Mienshao|155\/271
|
|turn|26
|
|switch|p1a: Sylveon|Sylveon, M|394\/394
|move|p2a: Mienshao|High Jump Kick|p1a: Sylveon
|-resisted|p1a: Sylveon
|-damage|p1a: Sylveon|255\/394
|-damage|p2a: Mienshao|128\/271|[from] item: Life Orb
|
|-heal|p1a: Sylveon|279\/394|[from] item: Leftovers
|turn|27
|
|move|p2a: Mienshao|Poison Jab|p1a: Sylveon
|-supereffective|p1a: Sylveon
|-damage|p1a: Sylveon|32\/394
|-damage|p2a: Mienshao|101\/271|[from] item: Life Orb
|move|p1a: Sylveon|Wish|p1a: Sylveon
|
|-heal|p1a: Sylveon|56\/394|[from] item: Leftovers
|turn|28
|
|move|p1a: Sylveon|Protect|p1a: Sylveon
|-singleturn|p1a: Sylveon|Protect
|move|p2a: Mienshao|Substitute|p2a: Mienshao
|-start|p2a: Mienshao|Substitute
|-damage|p2a: Mienshao|34\/271
|
|-heal|p1a: Sylveon|253\/394|[from] move: Wish|[wisher] Sylveon
|-heal|p1a: Sylveon|277\/394|[from] item: Leftovers
|turn|29
|
|move|p2a: Mienshao|Poison Jab|p1a: Sylveon
|-supereffective|p1a: Sylveon
|-damage|p1a: Sylveon|64\/394
|-damage|p2a: Mienshao|7\/271|[from] item: Life Orb
|move|p1a: Sylveon|Hyper Voice|p2a: Mienshao
|-supereffective|p2a: Mienshao
|-damage|p2a: Mienshao|0 fnt
|faint|p2a: Mienshao
|
|-heal|p1a: Sylveon|88\/394|[from] item: Leftovers
|
|switch|p2a: Bisharp|Bisharp, F|218\/272
|-damage|p2a: Bisharp|201\/272|[from] Stealth Rock
|turn|30
|
|switch|p1a: Quagsire|Quagsire, F|394\/394
|move|p2a: Bisharp|Iron Head|p1a: Quagsire
|-resisted|p1a: Quagsire
|-damage|p1a: Quagsire|320\/394
|-damage|p2a: Bisharp|174\/272|[from] item: Life Orb
|
|turn|31
|
|switch|p2a: Landorus-Therian|Landorus-Therian, M|382\/382
|-damage|p2a: Landorus-Therian|335\/382|[from] Stealth Rock
|-ability|p2a: Landorus-Therian|Intimidate|[of] p1a: Quagsire
|-unboost|p1a: Quagsire|atk|1
|move|p1a: Quagsire|Scald|p2a: Landorus-Therian
|-supereffective|p2a: Landorus-Therian
|-damage|p2a: Landorus-Therian|177\/382
|
|-heal|p2a: Landorus-Therian|200\/382|[from] item: Leftovers
|turn|32
|
|switch|p1a: Skarmory|Skarmory, F|334\/334
|move|p2a: Landorus-Therian|Stealth Rock|p1a: Skarmory
|-sidestart|p1: Inescapable Blue|move: Stealth Rock
|
|-heal|p2a: Landorus-Therian|223\/382|[from] item: Leftovers
|turn|33
|
|move|p2a: Landorus-Therian|U-turn|p1a: Skarmory
|-resisted|p1a: Skarmory
|-damage|p1a: Skarmory|323\/334
|
|switch|p2a: Bisharp|Bisharp, F|174\/272
|-damage|p2a: Bisharp|157\/272|[from] Stealth Rock
|move|p1a: Skarmory|Defog|p2a: Bisharp
|-unboost|p2a: Bisharp|evasion|1
|-boost|p2a: Bisharp|atk|2|[from] ability: Defiant
|-sideend|p2: napty|Stealth Rock|[from] move: Defog|[of] p2a: Bisharp
|-sideend|p1: Inescapable Blue|Stealth Rock|[from] move: Defog|[of] p1a: Skarmory
|
|turn|34
|
|switch|p2a: Latias|Latias, F|122\/319 tox
|switch|p1a: Quagsire|Quagsire, F|320\/394
|
|-damage|p2a: Latias|103\/319 tox|[from] psn
|turn|35
|
|switch|p2a: Gallade|Gallade-Mega, M|277\/277
|switch|p1a: Chansey|Chansey, F|548\/704
|
|turn|36
|
|switch|p1a: Skarmory|Skarmory, F|323\/334
|move|p2a: Gallade|Swords Dance|p2a: Gallade
|-boost|p2a: Gallade|atk|2
|
|turn|37
|
|move|p2a: Gallade|Knock Off|p1a: Skarmory
|-damage|p1a: Skarmory|176\/334
|-enditem|p1a: Skarmory|Shed Shell|[from] move: Knock Off|[of] p2a: Gallade
|move|p1a: Skarmory|Brave Bird|p2a: Gallade
|-supereffective|p2a: Gallade
|-damage|p2a: Gallade|59\/277
|-damage|p1a: Skarmory|104\/334|[from] recoil|[of] p2a: Gallade
|
|turn|38
|
|switch|p1a: Sylveon|Sylveon, M|88\/394
|move|p2a: Gallade|Drain Punch|p1a: Sylveon
|-resisted|p1a: Sylveon
|-damage|p1a: Sylveon|0 fnt
|-heal|p2a: Gallade|103\/277|[from] drain|[of] p1a: Sylveon
|faint|p1a: Sylveon
|
|
|switch|p1a: Gothitelle|Gothitelle, F|301\/301
|turn|39
|
|move|p1a: Gothitelle|Psychic|p2a: Gallade
|-crit|p2a: Gallade
|-damage|p2a: Gallade|0 fnt
|faint|p2a: Gallade
|
|
|switch|p2a: Greninja|Greninja, F|285\/285
|turn|40
|
|switch|p1a: Chansey|Chansey, F|548\/704
|move|p2a: Greninja|Gunk Shot|p1a: Chansey
|-start|p2a: Greninja|typechange|Poison|[from] Protean
|-damage|p1a: Chansey|297\/704
|-damage|p2a: Greninja|257\/285|[from] item: Life Orb
|
|turn|41
|
|move|p2a: Greninja|Gunk Shot|p1a: Chansey
|-crit|p1a: Chansey
|-damage|p1a: Chansey|0 fnt
|-damage|p2a: Greninja|229\/285|[from] item: Life Orb
|faint|p1a: Chansey
|
|c|âInescapable Blue|lol
|c|âInescapable Blue|this game is garbage
|c|ânapty|lel
|c|ânapty|don't play pokemon then
|c|âInescapable Blue|Yeah, fuck this game. Trash competitive game.
|c|ânapty|you'll be luckier tomorrow
|-message|Inescapable Blue lost due to inactivity.
|
|win|napty
|raw|Ladder updating...
|raw|Inescapable Blue's rating: 1603 &rarr; <strong>1578<\/strong><br \/>(-25 for losing)
|raw|napty's rating: 1507 &rarr; <strong>1532<\/strong><br \/>(+25 for winning)