|join|napty
|join|noctowl91
|player|p1|napty|93
|player|p2|noctowl91|80
|gametype|singles
|gen|6
|tier|OU
|rated
|clearpoke
|poke|p1|Landorus-Therian, M
|poke|p1|Greninja, M
|poke|p1|Gallade, M
|poke|p1|Bisharp, M
|poke|p1|Latias, F
|poke|p1|Mienshao, M
|poke|p2|Magnezone
|poke|p2|Landorus-Therian, M
|poke|p2|Azumarill, M
|poke|p2|Gengar, F
|poke|p2|Pinsir, M
|poke|p2|Mew
|rule|Swagger Clause: Swagger is banned
|rule|Baton Pass Clause: Limit one PokÃ©mon knowing Baton Pass
|rule|Sleep Clause Mod: Limit one foe put to sleep
|rule|Species Clause: Limit one of each PokÃ©mon
|rule|OHKO Clause: OHKO moves are banned
|rule|Moody Clause: Moody is banned
|rule|Evasion Moves Clause: Evasion moves are banned
|rule|Endless Battle Clause: Forcing endless battles is banned
|rule|HP Percentage Mod: HP is shown in percentages
|teampreview
|
|start
|switch|p1a: Mienshao|Mienshao, M|271\/271
|switch|p2a: Landorus-Therian|Landorus-Therian, M|382\/382
|-ability|p2a: Landorus-Therian|Intimidate|[of] p1a: Mienshao
|-unboost|p1a: Mienshao|atk|1
|turn|1
|
|switch|p1a: Landorus-Therian|Landorus-Therian, M|382\/382
|-ability|p1a: Landorus-Therian|Intimidate|[of] p2a: Landorus-Therian
|-unboost|p2a: Landorus-Therian|atk|1
|move|p2a: Landorus-Therian|Stealth Rock|p1a: Landorus-Therian
|-sidestart|p1: napty|move: Stealth Rock
|
|turn|2
|
|move|p1a: Landorus-Therian|Stealth Rock|p2a: Landorus-Therian
|-sidestart|p2: noctowl91|move: Stealth Rock
|move|p2a: Landorus-Therian|Knock Off|p1a: Landorus-Therian
|-damage|p1a: Landorus-Therian|331\/382
|-enditem|p1a: Landorus-Therian|Leftovers|[from] move: Knock Off|[of] p2a: Landorus-Therian
|
|turn|3
|
|move|p2a: Landorus-Therian|U-turn|p1a: Landorus-Therian
|-resisted|p1a: Landorus-Therian
|-damage|p1a: Landorus-Therian|312\/382
|join|Bubbled Blights
|
|switch|p2a: Mew|Mew|362\/362
|-damage|p2a: Mew|317\/362|[from] Stealth Rock
|move|p1a: Landorus-Therian|Stone Edge|p2a: Mew
|-damage|p2a: Mew|221\/362
|
|-heal|p2a: Mew|243\/362|[from] item: Leftovers
|turn|4
|
|move|p2a: Mew|Will-O-Wisp|p1a: Landorus-Therian
|-status|p1a: Landorus-Therian|brn
|move|p1a: Landorus-Therian|U-turn|p2a: Mew
|-supereffective|p2a: Mew
|-damage|p2a: Mew|175\/362
|leave|Bubbled Blights
|
|switch|p1a: Mienshao|Mienshao, M|271\/271
|-damage|p1a: Mienshao|255\/271|[from] Stealth Rock
|
|-heal|p2a: Mew|197\/362|[from] item: Leftovers
|turn|5
|
|move|p1a: Mienshao|Substitute|p1a: Mienshao
|-start|p1a: Mienshao|Substitute
|-damage|p1a: Mienshao|188\/271
|move|p2a: Mew|Defog|p1a: Mienshao
|-sideend|p1: napty|Stealth Rock|[from] move: Defog|[of] p1a: Mienshao
|-sideend|p2: noctowl91|Stealth Rock|[from] move: Defog|[of] p2a: Mew
|
|-heal|p2a: Mew|219\/362|[from] item: Leftovers
|turn|6
|
|switch|p2a: Landorus-Therian|Landorus-Therian, M|382\/382
|-activate|p1a: Mienshao|Substitute|ability: Intimidate|[of] p2a: Landorus-Therian
|move|p1a: Mienshao|Baton Pass|p1a: Mienshao
|
|switch|p1a: Greninja|Greninja, M|285\/285
|
|turn|7
|
|switch|p2a: Azumarill|Azumarill, M|401\/401
|move|p1a: Greninja|Gunk Shot|p2a: Azumarill
|-start|p1a: Greninja|typechange|Poison|[from] Protean
|-supereffective|p2a: Azumarill
|-damage|p2a: Azumarill|0 fnt
|-damage|p1a: Greninja|257\/285|[from] item: Life Orb
|faint|p2a: Azumarill
|
|
|switch|p2a: Magnezone|Magnezone|282\/282
|turn|8
|
|move|p1a: Greninja|Hydro Pump|p2a: Magnezone
|-start|p1a: Greninja|typechange|Water|[from] Protean
|-crit|p2a: Magnezone
|-damage|p2a: Magnezone|0 fnt
|-damage|p1a: Greninja|229\/285|[from] item: Life Orb
|faint|p2a: Magnezone
|
|
|switch|p2a: Mew|Mew|219\/362
|turn|9
|
|move|p1a: Greninja|Gunk Shot|p2a: Mew
|-start|p1a: Greninja|typechange|Poison|[from] Protean
|-damage|p2a: Mew|66\/362
|-damage|p1a: Greninja|201\/285|[from] item: Life Orb
|move|p2a: Mew|Knock Off|p1a: Greninja
|-end|p1a: Greninja|Substitute
|
|-heal|p2a: Mew|88\/362|[from] item: Leftovers
|turn|10
|
|move|p1a: Greninja|Ice Beam|p2a: Mew
|-start|p1a: Greninja|typechange|Ice|[from] Protean
|-damage|p2a: Mew|0 fnt
|-damage|p1a: Greninja|173\/285|[from] item: Life Orb
|faint|p2a: Mew
|
|
|switch|p2a: Pinsir|Pinsir, M|271\/271
|turn|11
|
|move|p1a: Greninja|Hydro Pump|p2a: Pinsir
|-start|p1a: Greninja|typechange|Water|[from] Protean
|-damage|p2a: Pinsir|0 fnt
|-damage|p1a: Greninja|145\/285|[from] item: Life Orb
|faint|p2a: Pinsir
|
|-message|noctowl91 forfeited.
|
|win|napty
|raw|Ladder updating...
|leave|noctowl91
|player|p2