|join|napty
|join|skyfellar
|player|p1|napty|93
|player|p2|skyfellar|66
|gametype|singles
|gen|6
|tier|OU
|rated
|clearpoke
|poke|p1|Landorus-Therian, M
|poke|p1|Greninja, M
|poke|p1|Talonflame, M
|poke|p1|Celebi
|poke|p1|Bisharp, M
|poke|p1|Latios, M
|poke|p2|Landorus, M
|poke|p2|Scizor, M
|poke|p2|Talonflame, F
|poke|p2|Latios, M
|poke|p2|Heatran, F
|poke|p2|Rotom-Wash
|rule|Swagger Clause: Swagger is banned
|rule|Baton Pass Clause: Limit one PokÃ©mon knowing Baton Pass
|rule|Sleep Clause Mod: Limit one foe put to sleep
|rule|Species Clause: Limit one of each PokÃ©mon
|rule|OHKO Clause: OHKO moves are banned
|rule|Moody Clause: Moody is banned
|rule|Evasion Moves Clause: Evasion moves are banned
|rule|Endless Battle Clause: Forcing endless battles is banned
|rule|HP Percentage Mod: HP is shown in percentages
|teampreview
|
|start
|switch|p1a: Greninja|Greninja, M|285\/285
|switch|p2a: Landorus|Landorus, M|319\/319
|turn|1
|
|switch|p2a: Rotom-Wash|Rotom-Wash|303\/303
|move|p1a: Greninja|Spikes|p2a: Rotom-Wash
|-start|p1a: Greninja|typechange|Ground|[from] Protean
|-sidestart|p2: skyfellar|Spikes
|
|turn|2
|
|switch|p1a: Celebi|Celebi|404\/404
|move|p2a: Rotom-Wash|Hydro Pump|p1a: Celebi|[miss]
|-miss|p2a: Rotom-Wash|p1a: Celebi
|
|turn|3
|
|switch|p2a: Landorus|Landorus, M|319\/319
|move|p1a: Celebi|Substitute|p1a: Celebi
|-start|p1a: Celebi|Substitute
|-damage|p1a: Celebi|303\/404
|
|-heal|p1a: Celebi|328\/404|[from] item: Leftovers
|turn|4
|
|move|p2a: Landorus|Knock Off|p1a: Celebi
|-supereffective|p1a: Celebi
|-end|p1a: Celebi|Substitute
|-damage|p2a: Landorus|288\/319|[from] item: Life Orb
|move|p1a: Celebi|Baton Pass|p1a: Celebi
|
|switch|p1a: Latios|Latios, M|301\/301
|
|turn|5
|
|switch|p2a: Heatran|Heatran, F|386\/386
|-damage|p2a: Heatran|338\/386|[from] Spikes
|move|p1a: Latios|Draco Meteor|p2a: Heatran
|-resisted|p2a: Heatran
|-damage|p2a: Heatran|238\/386
|-unboost|p1a: Latios|spa|2
|-damage|p1a: Latios|271\/301|[from] item: Life Orb
|
|-heal|p2a: Heatran|262\/386|[from] item: Leftovers
|turn|6
|
|move|p2a: Heatran|Protect|p2a: Heatran
|-singleturn|p2a: Heatran|Protect
|move|p1a: Latios|Earthquake|p2a: Heatran
|-activate|p2a: Heatran|Protect
|
|-heal|p2a: Heatran|286\/386|[from] item: Leftovers
|turn|7
|
|switch|p2a: Rotom-Wash|Rotom-Wash|303\/303
|move|p1a: Latios|Earthquake|p2a: Rotom-Wash
|-immune|p2a: Rotom-Wash|[msg]
|
|turn|8
|
|switch|p1a: Landorus-Therian|Landorus-Therian, M|382\/382
|-ability|p1a: Landorus-Therian|Intimidate|[of] p2a: Rotom-Wash
|-unboost|p2a: Rotom-Wash|atk|1
|move|p2a: Rotom-Wash|Volt Switch|p1a: Landorus-Therian
|-immune|p1a: Landorus-Therian|[msg]
|
|turn|9
|
|switch|p1a: Celebi|Celebi|328\/404
|move|p2a: Rotom-Wash|Hydro Pump|p1a: Celebi
|-resisted|p1a: Celebi
|-damage|p1a: Celebi|275\/404
|
|-heal|p1a: Celebi|300\/404|[from] item: Leftovers
|turn|10
|
|switch|p2a: Latios|Latios, M|301\/301
|move|p1a: Celebi|Substitute|p1a: Celebi
|-start|p1a: Celebi|Substitute
|-damage|p1a: Celebi|199\/404
|
|-heal|p1a: Celebi|224\/404|[from] item: Leftovers
|turn|11
|
|move|p2a: Latios|Defog|p1a: Celebi
|-sideend|p2: skyfellar|Spikes|[from] move: Defog|[of] p2a: Latios
|move|p1a: Celebi|Baton Pass|p1a: Celebi
|
|switch|p1a: Bisharp|Bisharp, M|272\/272
|
|turn|12
|
|switch|p2a: Heatran|Heatran, F|286\/386
|move|p1a: Bisharp|Swords Dance|p1a: Bisharp
|-boost|p1a: Bisharp|atk|2
|
|-heal|p2a: Heatran|310\/386|[from] item: Leftovers
|turn|13
|
|move|p1a: Bisharp|Knock Off|p2a: Heatran
|-damage|p2a: Heatran|0 fnt
|-enditem|p2a: Heatran|Leftovers|[from] move: Knock Off|[of] p1a: Bisharp
|-damage|p1a: Bisharp|245\/272|[from] item: Life Orb
|faint|p2a: Heatran
|
|
|switch|p2a: Rotom-Wash|Rotom-Wash|303\/303
|turn|14
|
|move|p1a: Bisharp|Knock Off|p2a: Rotom-Wash
|-damage|p2a: Rotom-Wash|0 fnt
|-enditem|p2a: Rotom-Wash|Leftovers|[from] move: Knock Off|[of] p1a: Bisharp
|-damage|p1a: Bisharp|218\/272|[from] item: Life Orb
|faint|p2a: Rotom-Wash
|
|-message|skyfellar forfeited.
|
|win|napty
|raw|Ladder updating...
|leave|skyfellar
|player|p2
|raw|napty's rating: 1390 &rarr; <strong>1409<\/strong><br \/>(+19 for winning)
|raw|skyfellar's rating: 1371 &rarr; <strong>1352<\/strong><br \/>(-19 for losing)