|join|napty
|join|Julano 2.0
|player|p1|napty|93
|player|p2|Julano 2.0|209
|gametype|singles
|gen|6
|tier|OU
|rated
|clearpoke
|poke|p1|Landorus-Therian, M
|poke|p1|Gardevoir, M
|poke|p1|Greninja, F
|poke|p1|Bisharp, M
|poke|p1|Talonflame, M
|poke|p1|Latias, F
|poke|p2|Dugtrio, F
|poke|p2|Porygon2
|poke|p2|Gothitelle, F
|poke|p2|Conkeldurr, F
|poke|p2|Scizor, F
|poke|p2|Venusaur, F
|rule|Swagger Clause: Swagger is banned
|rule|Baton Pass Clause: Limit one PokÃ©mon knowing Baton Pass
|rule|Sleep Clause Mod: Limit one foe put to sleep
|rule|Species Clause: Limit one of each PokÃ©mon
|rule|OHKO Clause: OHKO moves are banned
|rule|Moody Clause: Moody is banned
|rule|Evasion Moves Clause: Evasion moves are banned
|rule|Endless Battle Clause: Forcing endless battles is banned
|rule|HP Percentage Mod: HP is shown in percentages
|teampreview
|c|ânapty|trappers are real
|c|ânapty|:]
|c|âJulano 2.0|there's only two :c
|
|start
|switch|p1a: Latias|Latias, F|301\/301
|switch|p2a: U|Porygon2|374\/374
|turn|1
|c|ânapty|i don't see any trace
|c|ânapty|i don't see any download
|c|ânapty|what the hell then
|c|ânapty|analytic porygon2? rly?
|c|âJulano 2.0|lmaaooo
|
|switch|p1a: Gardevoir|Gardevoir, M|277\/277
|-ability|p1a: Gardevoir|Analytic|[from] ability: Trace|[of] p2a: U
|switch|p2a: L|Gothitelle, F|344\/344
|
|turn|2
|
|detailschange|p1a: Gardevoir|Gardevoir-Mega, M
|-mega|p1a: Gardevoir|Gardevoir|Gardevoirite
|move|p1a: Gardevoir|Hyper Voice|p2a: L
|-damage|p2a: L|169\/344
|move|p2a: L|Shadow Ball|p1a: Gardevoir
|-supereffective|p1a: Gardevoir
|-damage|p1a: Gardevoir|155\/277
|
|turn|3
|
|move|p1a: Gardevoir|Hyper Voice|p2a: L
|-damage|p2a: L|7\/344
|move|p2a: L|Shadow Ball|p1a: Gardevoir
|-supereffective|p1a: Gardevoir
|-damage|p1a: Gardevoir|29\/277
|
|turn|4
|c|âJulano 2.0|that thing is scary
|
|move|p1a: Gardevoir|Hyper Voice|p2a: L
|-crit|p2a: L
|-damage|p2a: L|0 fnt
|faint|p2a: L
|
|c|ânapty|not anymore lol
|
|switch|p2a: J|Dugtrio, F|212\/212
|turn|5
|
|move|p2a: J|Earthquake|p1a: Gardevoir
|-damage|p1a: Gardevoir|0 fnt
|faint|p1a: Gardevoir
|
|
|switch|p1a: Landorus-Therian|Landorus-Therian, M|382\/382
|-ability|p1a: Landorus-Therian|Intimidate|[of] p2a: J
|-unboost|p2a: J|atk|1
|turn|6
|
|move|p2a: J|Stone Edge|p1a: Landorus-Therian
|-crit|p1a: Landorus-Therian
|-damage|p1a: Landorus-Therian|283\/382
|move|p1a: Landorus-Therian|Stealth Rock|p2a: J
|-sidestart|p2: Julano 2.0|move: Stealth Rock
|
|turn|7
|
|move|p2a: J|Stone Edge|p1a: Landorus-Therian
|-damage|p1a: Landorus-Therian|238\/382
|move|p1a: Landorus-Therian|Earthquake|p2a: J
|-enditem|p2a: J|Focus Sash
|-damage|p2a: J|1\/212
|
|turn|8
|
|move|p2a: J|Stone Edge|p1a: Landorus-Therian|[miss]
|-miss|p2a: J|p1a: Landorus-Therian
|move|p1a: Landorus-Therian|U-turn|p2a: J
|-damage|p2a: J|0 fnt
|faint|p2a: J
|c|ânapty|heh
|c|ânapty|your team is lacking stelth rock?
|c|âJulano 2.0|i dont like the sound of that
|c|âJulano 2.0|yeah why?
|c|ânapty|weird
|c|âJulano 2.0|i can see how lol
|
|switch|p1a: Talonflame|Talonflame, M|297\/297
|
|
|switch|p2a: U|Porygon2|374\/374
|-damage|p2a: U|328\/374|[from] Stealth Rock
|turn|9
|c|ânapty|damn, this analytic porygon2 is scarier than I thought
|c|âJulano 2.0|xD
|c|ânapty|I can't switch safely
|
|move|p1a: Talonflame|U-turn|p2a: U
|-damage|p2a: U|267\/374
|
|switch|p1a: Landorus-Therian|Landorus-Therian, M|238\/382
|-ability|p1a: Landorus-Therian|Intimidate|[of] p2a: U
|-unboost|p2a: U|atk|1
|move|p2a: U|Thunderbolt|p1a: Landorus-Therian
|-immune|p1a: Landorus-Therian|[msg]
|
|turn|10
|c|âJulano 2.0|maybe i should use download
|
|move|p1a: Landorus-Therian|Earthquake|p2a: U
|-damage|p2a: U|155\/374
|move|p2a: U|Ice Beam|p1a: Landorus-Therian
|-supereffective|p1a: Landorus-Therian
|-damage|p1a: Landorus-Therian|0 fnt
|faint|p1a: Landorus-Therian
|
|
|switch|p1a: Bisharp|Bisharp, M|271\/271
|turn|11
|
|switch|p2a: A|Conkeldurr, F|414\/414
|-damage|p2a: A|389\/414|[from] Stealth Rock
|move|p1a: Bisharp|Knock Off|p2a: A
|-resisted|p2a: A
|-damage|p2a: A|263\/414
|-enditem|p2a: A|Assault Vest|[from] move: Knock Off|[of] p1a: Bisharp
|-damage|p1a: Bisharp|244\/271|[from] item: Life Orb
|
|turn|12
|
|move|p1a: Bisharp|Sucker Punch|p2a: A
|-resisted|p2a: A
|-damage|p2a: A|154\/414
|-damage|p1a: Bisharp|217\/271|[from] item: Life Orb
|move|p2a: A|Knock Off|p1a: Bisharp
|-resisted|p1a: Bisharp
|-damage|p1a: Bisharp|156\/271
|-enditem|p1a: Bisharp|Life Orb|[from] move: Knock Off|[of] p2a: A
|
|turn|13
|c|ânapty|should have iron head
|c|ânapty|knew it
|
|move|p1a: Bisharp|Sucker Punch|p2a: A
|-resisted|p2a: A
|-damage|p2a: A|73\/414
|move|p2a: A|Mach Punch|p1a: Bisharp
|-supereffective|p1a: Bisharp
|-damage|p1a: Bisharp|0 fnt
|faint|p1a: Bisharp
|
|
|switch|p1a: Latias|Latias, F|301\/301
|turn|14
|
|move|p1a: Latias|Psyshock|p2a: A
|-supereffective|p2a: A
|-damage|p2a: A|0 fnt
|-damage|p1a: Latias|271\/301|[from] item: Life Orb
|faint|p2a: A
|
|
|switch|p2a: U|Porygon2|155\/374
|-damage|p2a: U|109\/374|[from] Stealth Rock
|turn|15
|c|ânapty|don't miss
|c|âJulano 2.0|O.o
|c|ânapty|you stupid airplane
|
|move|p1a: Latias|Draco Meteor|p2a: U
|-damage|p2a: U|0 fnt
|-unboost|p1a: Latias|spa|2
|-damage|p1a: Latias|241\/301|[from] item: Life Orb
|faint|p2a: U
|
|
|switch|p2a: N|Scizor, F|315\/315
|-damage|p2a: N|276\/315|[from] Stealth Rock
|turn|16
|
|switch|p1a: Greninja|Greninja, F|285\/285
|move|p2a: N|Swords Dance|p2a: N
|-boost|p2a: N|atk|2
|
|turn|17
|
|move|p1a: Greninja|Dark Pulse|p2a: N
|-start|p1a: Greninja|typechange|Dark|[from] Protean
|-crit|p2a: N
|-damage|p2a: N|0 fnt
|-damage|p1a: Greninja|257\/285|[from] item: Life Orb
|faint|p2a: N
|
|c|âJulano 2.0|O.o
|c|ânapty|woups sory
|
|switch|p2a: O|Venusaur, F|364\/364
|-damage|p2a: O|319\/364|[from] Stealth Rock
|turn|18
|c|âJulano 2.0|lol no problem, i already lost
|c|âJulano 2.0|wanted to see where id get
|c|ânapty|anyway, the plan was to weaken scizor with dark pulse and kill it with BB right after
|
|detailschange|p2a: O|Venusaur-Mega, F
|-mega|p2a: O|Venusaur|Venusaurite
|move|p1a: Greninja|Gunk Shot|p2a: O
|-start|p1a: Greninja|typechange|Poison|[from] Protean
|-damage|p2a: O|155\/364
|-damage|p1a: Greninja|229\/285|[from] item: Life Orb
|move|p2a: O|Giga Drain|p1a: Greninja
|-resisted|p1a: Greninja
|-damage|p1a: Greninja|134\/285
|-heal|p2a: O|203\/364|[from] drain|[of] p1a: Greninja
|
|turn|19
|
|move|p1a: Greninja|Ice Beam|p2a: O
|-start|p1a: Greninja|typechange|Ice|[from] Protean
|-supereffective|p2a: O
|-damage|p2a: O|39\/364
|-damage|p1a: Greninja|106\/285|[from] item: Life Orb
|move|p2a: O|Giga Drain|p1a: Greninja
|-damage|p1a: Greninja|0 fnt
|-heal|p2a: O|92\/364|[from] drain|[of] p1a: Greninja
|faint|p1a: Greninja
|
|
|switch|p1a: Latias|Latias, F|241\/301
|turn|20
|
|move|p1a: Latias|Psyshock|p2a: O
|-supereffective|p2a: O
|-damage|p2a: O|0 fnt
|-damage|p1a: Latias|211\/301|[from] item: Life Orb
|faint|p2a: O
|
|win|napty
|raw|Ladder updating...
|raw|napty's rating: 1540 &rarr; <strong>1558<\/strong><br \/>(+18 for winning)
|raw|Julano 2.0's rating: 1499 &rarr; <strong>1481<\/strong><br \/>(-18 for losing)
|c|âJulano 2.0|gg
|c|ânapty|gg
|leave|Julano 2.0
|player|p2