|join|noofe
|join|napty
|player|p1|noofe|45
|player|p2|napty|93
|gametype|singles
|gen|6
|tier|OU
|rated
|clearpoke
|poke|p1|Jirachi
|poke|p1|Sableye, F
|poke|p1|Tentacruel, M
|poke|p1|Talonflame, F
|poke|p1|Clefable, F
|poke|p1|Landorus-Therian, M
|poke|p2|Landorus-Therian, M
|poke|p2|Greninja, M
|poke|p2|Talonflame, F
|poke|p2|Celebi
|poke|p2|Bisharp, M
|poke|p2|Latios, M
|rule|Swagger Clause: Swagger is banned
|rule|Baton Pass Clause: Limit one PokÃ©mon knowing Baton Pass
|rule|Sleep Clause Mod: Limit one foe put to sleep
|rule|Species Clause: Limit one of each PokÃ©mon
|rule|OHKO Clause: OHKO moves are banned
|rule|Moody Clause: Moody is banned
|rule|Evasion Moves Clause: Evasion moves are banned
|rule|Endless Battle Clause: Forcing endless battles is banned
|rule|HP Percentage Mod: HP is shown in percentages
|teampreview
|
|start
|switch|p1a: Sableye|Sableye, F|304\/304
|switch|p2a: Latios|Latios, M|301\/301
|turn|1
|
|switch|p2a: Landorus-Therian|Landorus-Therian, M|382\/382
|-ability|p2a: Landorus-Therian|Intimidate|[of] p1a: Sableye
|-unboost|p1a: Sableye|atk|1
|switch|p1a: Jirachi|Jirachi|404\/404
|
|turn|2
|
|switch|p1a: Landorus-Therian|Landorus-Therian, M|365\/365
|-ability|p1a: Landorus-Therian|Intimidate|[of] p2a: Landorus-Therian
|-unboost|p2a: Landorus-Therian|atk|1
|move|p2a: Landorus-Therian|Stealth Rock|p1a: Landorus-Therian
|-sidestart|p1: noofe|move: Stealth Rock
|
|turn|3
|
|move|p1a: Landorus-Therian|Stealth Rock|p2a: Landorus-Therian
|-sidestart|p2: napty|move: Stealth Rock
|move|p2a: Landorus-Therian|U-turn|p1a: Landorus-Therian
|-resisted|p1a: Landorus-Therian
|-damage|p1a: Landorus-Therian|347\/365
|
|switch|p2a: Latios|Latios, M|301\/301
|-damage|p2a: Latios|264\/301|[from] Stealth Rock
|
|-heal|p1a: Landorus-Therian|365\/365|[from] item: Leftovers
|turn|4
|
|switch|p1a: Jirachi|Jirachi|404\/404
|-damage|p1a: Jirachi|379\/404|[from] Stealth Rock
|move|p2a: Latios|Draco Meteor|p1a: Jirachi
|-resisted|p1a: Jirachi
|-damage|p1a: Jirachi|263\/404
|-unboost|p2a: Latios|spa|2
|-damage|p2a: Latios|234\/301|[from] item: Life Orb
|
|-heal|p1a: Jirachi|288\/404|[from] item: Leftovers
|turn|5
|
|move|p2a: Latios|Earthquake|p1a: Jirachi
|-supereffective|p1a: Jirachi
|-damage|p1a: Jirachi|98\/404
|-damage|p2a: Latios|204\/301|[from] item: Life Orb
|move|p1a: Jirachi|Body Slam|p2a: Latios
|-crit|p2a: Latios
|-damage|p2a: Latios|73\/301
|-status|p2a: Latios|par
|
|-heal|p1a: Jirachi|123\/404|[from] item: Leftovers
|turn|6
|
|switch|p2a: Celebi|Celebi|404\/404
|-damage|p2a: Celebi|354\/404|[from] Stealth Rock
|move|p1a: Jirachi|Iron Head|p2a: Celebi
|-damage|p2a: Celebi|261\/404
|
|-heal|p1a: Jirachi|148\/404|[from] item: Leftovers
|-heal|p2a: Celebi|286\/404|[from] item: Leftovers
|turn|7
|
|switch|p1a: Talonflame|Talonflame, F|360\/360
|-damage|p1a: Talonflame|180\/360|[from] Stealth Rock
|move|p2a: Celebi|Substitute|p2a: Celebi
|-start|p2a: Celebi|Substitute
|-damage|p2a: Celebi|185\/404
|
|-heal|p1a: Talonflame|202\/360|[from] item: Leftovers
|-heal|p2a: Celebi|210\/404|[from] item: Leftovers
|turn|8
|
|move|p1a: Talonflame|Roost|p1a: Talonflame
|-heal|p1a: Talonflame|360\/360
|move|p2a: Celebi|Baton Pass|p2a: Celebi
|
|switch|p2a: Bisharp|Bisharp, M|272\/272
|-damage|p2a: Bisharp|255\/272|[from] Stealth Rock
|
|turn|9
|
|switch|p1a: Sableye|Sableye, F|304\/304
|-damage|p1a: Sableye|266\/304|[from] Stealth Rock
|move|p2a: Bisharp|Knock Off|p1a: Sableye
|-crit|p1a: Sableye
|-damage|p1a: Sableye|50\/304
|-damage|p2a: Bisharp|228\/272|[from] item: Life Orb
|
|turn|10
|
|move|p1a: Sableye|Recover|p1a: Sableye
|-heal|p1a: Sableye|202\/304
|move|p2a: Bisharp|Swords Dance|p2a: Bisharp
|-boost|p2a: Bisharp|atk|2
|
|turn|11
|
|detailschange|p1a: Sableye|Sableye-Mega, F
|message|Sableye has Mega Evolved into Mega Sableye!
|move|p1a: Sableye|Recover|p1a: Sableye
|-heal|p1a: Sableye|304\/304
|move|p2a: Bisharp|Iron Head|p1a: Sableye
|-damage|p1a: Sableye|66\/304
|-damage|p2a: Bisharp|201\/272|[from] item: Life Orb
|
|turn|12
|c|ânoofe|gg
|-message|noofe forfeited.
|
|win|napty
|raw|Ladder updating...
|leave|noofe
|player|p1
|raw|noofe's rating: 1330 &rarr; <strong>1315<\/strong><br \/>(-15 for losing)
|raw|napty's rating: 1409 &rarr; <strong>1425<\/strong><br \/>(+16 for winning)