|join|zonextreme
|join|napty
|player|p1|zonextreme|30
|player|p2|napty|93
|gametype|singles
|gen|6
|tier|OU
|rated
|clearpoke
|poke|p1|Azumarill, M
|poke|p1|Greninja, F
|poke|p1|Garchomp, M
|poke|p1|Zapdos
|poke|p1|Talonflame, F
|poke|p1|Donphan, F
|poke|p2|Landorus-Therian, M
|poke|p2|Greninja, M
|poke|p2|Gallade, M
|poke|p2|Vaporeon, M
|poke|p2|Bisharp, F
|poke|p2|Clefable, M
|rule|Swagger Clause: Swagger is banned
|rule|Baton Pass Clause: Limit one PokÃ©mon knowing Baton Pass
|rule|Sleep Clause Mod: Limit one foe put to sleep
|rule|Species Clause: Limit one of each PokÃ©mon
|rule|OHKO Clause: OHKO moves are banned
|rule|Moody Clause: Moody is banned
|rule|Evasion Moves Clause: Evasion moves are banned
|rule|Endless Battle Clause: Forcing endless battles is banned
|rule|HP Percentage Mod: HP is shown in percentages
|teampreview
|
|start
|switch|p1a: Garchomp|Garchomp, M|358\/358
|switch|p2a: Vaporeon|Vaporeon, M|464\/464
|turn|1
|
|detailschange|p1a: Garchomp|Garchomp-Mega, M
|message|Garchomp has Mega Evolved into Mega Garchomp!
|move|p1a: Garchomp|Earth Power|p2a: Vaporeon
|-damage|p2a: Vaporeon|326\/464
|move|p2a: Vaporeon|Scald|p1a: Garchomp
|-damage|p1a: Garchomp|253\/358
|-status|p1a: Garchomp|brn
|
|-heal|p2a: Vaporeon|355\/464|[from] item: Leftovers
|-damage|p1a: Garchomp|209\/358 brn|[from] brn
|turn|2
|
|move|p1a: Garchomp|Earth Power|p2a: Vaporeon
|-damage|p2a: Vaporeon|210\/464
|move|p2a: Vaporeon|Wish|p2a: Vaporeon
|
|-heal|p2a: Vaporeon|239\/464|[from] item: Leftovers
|-damage|p1a: Garchomp|165\/358 brn|[from] brn
|turn|3
|
|move|p2a: Vaporeon|Protect|p2a: Vaporeon
|-singleturn|p2a: Vaporeon|Protect
|move|p1a: Garchomp|Flamethrower|p2a: Vaporeon
|-activate|p2a: Vaporeon|Protect
|
|-heal|p2a: Vaporeon|464\/464|[from] move: Wish|[wisher] Vaporeon
|-damage|p1a: Garchomp|121\/358 brn|[from] brn
|turn|4
|
|move|p1a: Garchomp|Earth Power|p2a: Vaporeon
|-damage|p2a: Vaporeon|322\/464
|move|p2a: Vaporeon|Wish|p2a: Vaporeon
|
|-heal|p2a: Vaporeon|351\/464|[from] item: Leftovers
|-damage|p1a: Garchomp|77\/358 brn|[from] brn
|turn|5
|
|move|p1a: Garchomp|Earth Power|p2a: Vaporeon
|-damage|p2a: Vaporeon|207\/464
|move|p2a: Vaporeon|Scald|p1a: Garchomp
|-damage|p1a: Garchomp|0 fnt
|faint|p1a: Garchomp
|
|-heal|p2a: Vaporeon|439\/464|[from] move: Wish|[wisher] Vaporeon
|-heal|p2a: Vaporeon|464\/464|[from] item: Leftovers
|
|switch|p1a: Greninja|Greninja, F|286\/286
|turn|6
|
|move|p2a: Vaporeon|Protect|p2a: Vaporeon
|-singleturn|p2a: Vaporeon|Protect
|move|p1a: Greninja|Power-Up Punch|p2a: Vaporeon
|-start|p1a: Greninja|typechange|Fighting|[from] Protean
|-activate|p2a: Vaporeon|Protect
|
|turn|7
|
|move|p1a: Greninja|Power-Up Punch|p2a: Vaporeon
|-damage|p2a: Vaporeon|386\/464
|-boost|p1a: Greninja|atk|1
|move|p2a: Vaporeon|Scald|p1a: Greninja
|-crit|p1a: Greninja
|-damage|p1a: Greninja|88\/286
|
|-heal|p2a: Vaporeon|415\/464|[from] item: Leftovers
|turn|8
|
|move|p2a: Vaporeon|Protect|p2a: Vaporeon
|-singleturn|p2a: Vaporeon|Protect
|move|p1a: Greninja|Gunk Shot|p2a: Vaporeon
|-start|p1a: Greninja|typechange|Poison|[from] Protean
|-activate|p2a: Vaporeon|Protect
|
|-heal|p2a: Vaporeon|444\/464|[from] item: Leftovers
|turn|9
|
|move|p1a: Greninja|Gunk Shot|p2a: Vaporeon|[miss]
|-miss|p1a: Greninja|p2a: Vaporeon
|move|p2a: Vaporeon|Scald|p1a: Greninja
|-damage|p1a: Greninja|0 fnt
|faint|p1a: Greninja
|
|-heal|p2a: Vaporeon|464\/464|[from] item: Leftovers
|
|switch|p1a: Zapdos|Zapdos|370\/370
|-ability|p1a: Zapdos|Pressure
|turn|10
|
|switch|p2a: Clefable|Clefable, M|394\/394
|move|p1a: Zapdos|Thunderbolt|p2a: Clefable
|-damage|p2a: Clefable|256\/394
|-status|p2a: Clefable|par
|
|-heal|p2a: Clefable|280\/394 par|[from] item: Leftovers
|turn|11
|
|switch|p1a: Azumarill|Azumarill, M|404\/404
|move|p2a: Clefable|Wish|p2a: Clefable
|
|-heal|p2a: Clefable|304\/394 par|[from] item: Leftovers
|turn|12
|
|move|p1a: Azumarill|Belly Drum|p1a: Azumarill
|-damage|p1a: Azumarill|202\/404
|-setboost|p1a: Azumarill|atk|6|[from] move: Belly Drum
|-enditem|p1a: Azumarill|Sitrus Berry|[eat]
|-heal|p1a: Azumarill|303\/404|[from] item: Sitrus Berry
|move|p2a: Clefable|Moonblast|p1a: Azumarill
|-damage|p1a: Azumarill|179\/404
|
|-heal|p2a: Clefable|394\/394 par|[from] move: Wish|[wisher] Clefable
|turn|13
|
|move|p1a: Azumarill|Play Rough|p2a: Clefable
|-damage|p2a: Clefable|0 fnt
|faint|p2a: Clefable
|
|
|switch|p2a: Greninja|Greninja, M|285\/285
|turn|14
|
|move|p1a: Azumarill|Aqua Jet|p2a: Greninja
|-resisted|p2a: Greninja
|-damage|p2a: Greninja|6\/285
|move|p2a: Greninja|Gunk Shot|p1a: Azumarill
|-start|p2a: Greninja|typechange|Poison|[from] Protean
|-supereffective|p1a: Azumarill
|-damage|p1a: Azumarill|0 fnt
|-damage|p2a: Greninja|0 fnt|[from] item: Life Orb
|faint|p1a: Azumarill
|faint|p2a: Greninja
|
|
|switch|p1a: Zapdos|Zapdos|370\/370
|switch|p2a: Bisharp|Bisharp, F|272\/272
|-ability|p1a: Zapdos|Pressure
|turn|15
|
|move|p1a: Zapdos|Heat Wave|p2a: Bisharp
|-supereffective|p2a: Bisharp
|-damage|p2a: Bisharp|24\/272
|move|p2a: Bisharp|Knock Off|p1a: Zapdos
|-damage|p1a: Zapdos|150\/370
|-enditem|p1a: Zapdos|Leftovers|[from] move: Knock Off|[of] p2a: Bisharp
|
|-heal|p2a: Bisharp|41\/272|[from] item: Leftovers
|turn|16
|
|move|p1a: Zapdos|Thunder Wave|p2a: Bisharp
|-status|p2a: Bisharp|par
|move|p2a: Bisharp|Knock Off|p1a: Zapdos
|-damage|p1a: Zapdos|15\/370
|
|-heal|p2a: Bisharp|58\/272 par|[from] item: Leftovers
|turn|17
|
|move|p1a: Zapdos|Thunderbolt|p2a: Bisharp
|-damage|p2a: Bisharp|0 fnt
|faint|p2a: Bisharp
|
|
|switch|p2a: Gallade|Gallade, M|277\/277
|turn|18
|
|switch|p1a: Donphan|Donphan, F|384\/384
|detailschange|p2a: Gallade|Gallade-Mega, M
|message|Gallade has Mega Evolved into Mega Gallade!
|move|p2a: Gallade|Knock Off|p1a: Donphan
|-damage|p1a: Donphan|256\/384
|-enditem|p1a: Donphan|Assault Vest|[from] move: Knock Off|[of] p2a: Gallade
|
|turn|19
|
|switch|p2a: Landorus-Therian|Landorus-Therian, M|382\/382
|-ability|p2a: Landorus-Therian|Intimidate|[of] p1a: Donphan
|-unboost|p1a: Donphan|atk|1
|move|p1a: Donphan|Earthquake|p2a: Landorus-Therian
|-immune|p2a: Landorus-Therian|[msg]
|
|turn|20
|
|move|p2a: Landorus-Therian|Stealth Rock|p1a: Donphan
|-sidestart|p1: zonextreme|move: Stealth Rock
|move|p1a: Donphan|Knock Off|p2a: Landorus-Therian
|-damage|p2a: Landorus-Therian|321\/382
|-enditem|p2a: Landorus-Therian|Leftovers|[from] move: Knock Off|[of] p1a: Donphan
|
|turn|21
|
|move|p2a: Landorus-Therian|Earthquake|p1a: Donphan
|-damage|p1a: Donphan|121\/384
|move|p1a: Donphan|Rapid Spin|p2a: Landorus-Therian
|-damage|p2a: Landorus-Therian|307\/382
|-sideend|p1: zonextreme|Stealth Rock|[from] move: Rapid Spin|[of] p1a: Donphan
|
|turn|22
|
|move|p2a: Landorus-Therian|Stealth Rock|p1a: Donphan
|-sidestart|p1: zonextreme|move: Stealth Rock
|move|p1a: Donphan|Rapid Spin|p2a: Landorus-Therian
|-damage|p2a: Landorus-Therian|295\/382
|-sideend|p1: zonextreme|Stealth Rock|[from] move: Rapid Spin|[of] p1a: Donphan
|
|turn|23
|
|move|p2a: Landorus-Therian|Earthquake|p1a: Donphan
|-damage|p1a: Donphan|0 fnt
|faint|p1a: Donphan
|
|
|switch|p1a: Zapdos|Zapdos|15\/370
|-ability|p1a: Zapdos|Pressure
|turn|24
|
|switch|p2a: Gallade|Gallade-Mega, M|277\/277
|move|p1a: Zapdos|Hidden Power|p2a: Gallade
|-damage|p2a: Gallade|220\/277
|
|turn|25
|
|switch|p1a: Talonflame|Talonflame, F|298\/298
|move|p2a: Gallade|Drain Punch|p1a: Talonflame
|-resisted|p1a: Talonflame
|-damage|p1a: Talonflame|185\/298
|-heal|p2a: Gallade|277\/277|[from] drain|[of] p1a: Talonflame
|
|turn|26
|
|switch|p2a: Landorus-Therian|Landorus-Therian, M|295\/382
|-ability|p2a: Landorus-Therian|Intimidate|[of] p1a: Talonflame
|-unboost|p1a: Talonflame|atk|1
|move|p1a: Talonflame|Swords Dance|p1a: Talonflame
|-boost|p1a: Talonflame|atk|2
|
|turn|27
|
|move|p1a: Talonflame|Brave Bird|p2a: Landorus-Therian
|-damage|p2a: Landorus-Therian|68\/382
|-damage|p1a: Talonflame|110\/298|[from] recoil|[of] p2a: Landorus-Therian
|-damage|p1a: Talonflame|81\/298|[from] item: Life Orb
|move|p2a: Landorus-Therian|Stone Edge|p1a: Talonflame
|-supereffective|p1a: Talonflame
|-damage|p1a: Talonflame|0 fnt
|faint|p1a: Talonflame
|
|
|switch|p1a: Zapdos|Zapdos|15\/370
|-ability|p1a: Zapdos|Pressure
|turn|28
|
|move|p1a: Zapdos|Thunderbolt|p2a: Landorus-Therian
|-immune|p2a: Landorus-Therian|[msg]
|move|p2a: Landorus-Therian|Earthquake|p1a: Zapdos
|-immune|p1a: Zapdos|[msg]
|
|turn|29
|join|seba1124
|c|âzonextreme|gg
|
|move|p1a: Zapdos|Hidden Power|p2a: Landorus-Therian
|-supereffective|p2a: Landorus-Therian
|-damage|p2a: Landorus-Therian|0 fnt
|faint|p2a: Landorus-Therian
|
|c|ânapty|gg
|
|switch|p2a: Gallade|Gallade-Mega, M|277\/277
|turn|30
|
|move|p2a: Gallade|Knock Off|p1a: Zapdos
|-damage|p1a: Zapdos|0 fnt
|faint|p1a: Zapdos
|
|win|napty
|raw|Ladder updating...
|raw|zonextreme's rating: 1644 &rarr; <strong>1618<\/strong><br \/>(-26 for losing)
|raw|napty's rating: 1530 &rarr; <strong>1556<\/strong><br \/>(+26 for winning)
|leave|zonextreme
|player|p1