|join|AdiratcuzNegat
|join|napty
|join|BudewIsCool
|player|p1|AdiratcuzNegat|254
|player|p2|napty|140
|gametype|singles
|gen|6
|tier|OU
|rated
|clearpoke
|poke|p1|Victini
|poke|p1|Aerodactyl, M
|poke|p1|Excadrill, M
|poke|p1|Rotom-Wash
|poke|p1|Clefable, F
|poke|p1|Serperior, F
|poke|p2|Gardevoir, M, shiny
|poke|p2|Rotom-Wash
|poke|p2|Thundurus, M
|poke|p2|Emboar, M
|poke|p2|Latias, F
|poke|p2|Landorus, M
|rule|Swagger Clause: Swagger is banned
|rule|Baton Pass Clause: Limit one PokÃ©mon knowing Baton Pass
|rule|Sleep Clause Mod: Limit one foe put to sleep
|rule|Species Clause: Limit one of each PokÃ©mon
|rule|OHKO Clause: OHKO moves are banned
|rule|Moody Clause: Moody is banned
|rule|Evasion Moves Clause: Evasion moves are banned
|rule|Endless Battle Clause: Forcing endless battles is banned
|rule|HP Percentage Mod: HP is shown in percentages
|teampreview
|
|start
|switch|p1a: Victini|Victini|341\/341
|switch|p2a: Emboar|Emboar, M|368\/368
|turn|1
|
|move|p2a: Emboar|Sucker Punch|p1a: Victini
|-supereffective|p1a: Victini
|-damage|p1a: Victini|78\/341
|-damage|p2a: Emboar|332\/368|[from] item: Life Orb
|move|p1a: Victini|Zen Headbutt|p2a: Emboar
|-crit|p2a: Emboar
|-supereffective|p2a: Emboar
|-damage|p2a: Emboar|0 fnt
|faint|p2a: Emboar
|
|
|switch|p2a: Landorus|Landorus, M|319\/319
|turn|2
|
|switch|p1a: Rotom-Wash|Rotom-Wash|304\/304
|move|p2a: Landorus|Stealth Rock|p1a: Rotom-Wash
|-sidestart|p1: AdiratcuzNegat|move: Stealth Rock
|
|turn|3
|
|move|p2a: Landorus|Focus Blast|p1a: Rotom-Wash
|-damage|p1a: Rotom-Wash|101\/304
|move|p1a: Rotom-Wash|Will-O-Wisp|p2a: Landorus
|-status|p2a: Landorus|brn
|
|-heal|p1a: Rotom-Wash|120\/304|[from] item: Leftovers
|-damage|p2a: Landorus|280\/319 brn|[from] brn
|turn|4
|
|switch|p1a: Serperior|Serperior, F|295\/295
|-damage|p1a: Serperior|259\/295|[from] Stealth Rock
|move|p2a: Landorus|Focus Blast|p1a: Serperior|[miss]
|-miss|p2a: Landorus|p1a: Serperior
|
|-damage|p2a: Landorus|241\/319 brn|[from] brn
|turn|5
|
|switch|p1a: Excadrill|Excadrill, M|361\/361
|-damage|p1a: Excadrill|350\/361|[from] Stealth Rock
|-ability|p1a: Excadrill|Mold Breaker
|move|p2a: Landorus|Focus Blast|p1a: Excadrill|[miss]
|-miss|p2a: Landorus|p1a: Excadrill
|
|-damage|p2a: Landorus|202\/319 brn|[from] brn
|turn|6
|c|ânapty|heatran really beats this guy's team
|c| BudewIsCool|lol
|
|switch|p1a: Clefable|Clefable, F|389\/389
|-damage|p1a: Clefable|341\/389|[from] Stealth Rock
|move|p2a: Landorus|Focus Blast|p1a: Clefable|[miss]
|-miss|p2a: Landorus|p1a: Clefable
|
|-heal|p1a: Clefable|365\/389|[from] item: Leftovers
|-damage|p2a: Landorus|163\/319 brn|[from] brn
|turn|7
|c| BudewIsCool|omg
|c|ânapty|epecially considering this thing is scarf so it's way more easy to play around
|c| BudewIsCool|3 misses in a row
|
|move|p2a: Landorus|Focus Blast|p1a: Clefable
|-resisted|p1a: Clefable
|-damage|p1a: Clefable|248\/389
|move|p1a: Clefable|Stealth Rock|p2a: Landorus
|-sidestart|p2: napty|move: Stealth Rock
|
|-heal|p1a: Clefable|272\/389|[from] item: Leftovers
|-damage|p2a: Landorus|124\/319 brn|[from] brn
|turn|8
|c|ânapty|yeah :[
|
|move|p2a: Landorus|Focus Blast|p1a: Clefable
|-resisted|p1a: Clefable
|-damage|p1a: Clefable|162\/389
|move|p1a: Clefable|Moonlight|p1a: Clefable
|-heal|p1a: Clefable|356\/389
|
|-heal|p1a: Clefable|380\/389|[from] item: Leftovers
|-damage|p2a: Landorus|85\/319 brn|[from] brn
|turn|9
|c| BudewIsCool|lol u went for 6 focus blasts in a row
|
|move|p2a: Landorus|Focus Blast|p1a: Clefable|[miss]
|-miss|p2a: Landorus|p1a: Clefable
|move|p1a: Clefable|Moonblast|p2a: Landorus
|-damage|p2a: Landorus|0 fnt
|faint|p2a: Landorus
|
|-heal|p1a: Clefable|389\/389|[from] item: Leftovers
|c|ânapty|yeah, i lost anyway
|-message|napty forfeited.
|leave|napty
|
|win|AdiratcuzNegat
|raw|Ladder updating...
|player|p2
|c|âAdiratcuzNegat|never trust a focus blast
|leave|BudewIsCool
|raw|AdiratcuzNegat's rating: 1513 &rarr; <strong>1532<\/strong><br \/>(+19 for winning)
|raw|napty's rating: 1485 &rarr; <strong>1467<\/strong><br \/>(-18 for losing)