|join|napty
|join|PikachuCandy
|c|âPikachuCandy|gl hf
|c|ânapty|hi
|c|âPikachuCandy|hi
|c|ânapty|gl hf
|c|ânapty|my team is crap
|player|p1|napty|82
|player|p2|PikachuCandy|155
|gametype|singles
|gen|6
|tier|OU
|rated
|clearpoke
|poke|p1|Talonflame, M
|poke|p1|Dugtrio, M
|poke|p1|Latios, M
|poke|p1|Clefable, F
|poke|p1|Slowbro, F
|poke|p1|Chansey, F
|poke|p2|Landorus-Therian, M
|poke|p2|Mandibuzz, F
|poke|p2|Wobbuffet, M, shiny
|poke|p2|Garchomp, M, shiny
|poke|p2|Kyurem-Black, shiny
|poke|p2|Gardevoir, F, shiny
|rule|Swagger Clause: Swagger is banned
|rule|Baton Pass Clause: Limit one PokÃ©mon knowing Baton Pass
|rule|Sleep Clause Mod: Limit one foe put to sleep
|rule|Species Clause: Limit one of each PokÃ©mon
|rule|OHKO Clause: OHKO moves are banned
|rule|Moody Clause: Moody is banned
|rule|Evasion Moves Clause: Evasion moves are banned
|rule|Endless Battle Clause: Forcing endless battles is banned
|rule|HP Percentage Mod: HP is shown in percentages
|teampreview
|c|ânapty|made it in 5 min
|c|âPikachuCandy|kk
|
|start
|switch|p1a: Latios|Latios, M|301\/301
|switch|p2a: Teriyaki|Kyurem-Black, shiny|453\/453
|-ability|p2a: Teriyaki|Teravolt
|turn|1
|c|ânapty|and damn, this is the 4th wobbuffet i see today
|
|switch|p1a: Clefable|Clefable, F|394\/394
|switch|p2a: BubbleTea|Wobbuffet, M, shiny|584\/584
|
|turn|2
|c|âPikachuCandy|nice
|
|switch|p2a: Wiz BITG|Mandibuzz, F|424\/424
|move|p1a: Clefable|Calm Mind|p1a: Clefable
|-boost|p1a: Clefable|spa|1
|-boost|p1a: Clefable|spd|1
|
|turn|3
|c|ânapty|ok
|c|ânapty|weird plays
|
|move|p2a: Wiz BITG|Taunt|p1a: Clefable
|-start|p1a: Clefable|move: Taunt
|move|p1a: Clefable|Moonblast|p2a: Wiz BITG
|-supereffective|p2a: Wiz BITG
|-damage|p2a: Wiz BITG|94\/424
|-unboost|p2a: Wiz BITG|spa|1
|
|-heal|p2a: Wiz BITG|120\/424|[from] item: Leftovers
|turn|4
|
|switch|p2a: BubbleTea|Wobbuffet, M, shiny|584\/584
|switch|p1a: Latios|Latios, M|301\/301
|
|turn|5
|
|move|p1a: Latios|Draco Meteor|p2a: BubbleTea
|-damage|p2a: BubbleTea|260\/584
|-unboost|p1a: Latios|spa|2
|-damage|p1a: Latios|271\/301|[from] item: Life Orb
|move|p2a: BubbleTea|Mirror Coat|p1a: Latios
|-damage|p1a: Latios|0 fnt
|faint|p1a: Latios
|
|-heal|p2a: BubbleTea|296\/584|[from] item: Leftovers
|
|switch|p1a: Talonflame|Talonflame, M|327\/327
|turn|6
|
|switch|p2a: WishTail|Landorus-Therian, M|319\/319
|-ability|p2a: WishTail|Intimidate|[of] p1a: Talonflame
|-unboost|p1a: Talonflame|atk|1
|move|p1a: Talonflame|Brave Bird|p2a: WishTail
|-damage|p2a: WishTail|184\/319
|-damage|p1a: Talonflame|282\/327|[from] recoil|[of] p2a: WishTail
|
|turn|7
|
|move|p2a: WishTail|Stone Edge|p1a: Talonflame
|-supereffective|p1a: Talonflame
|-damage|p1a: Talonflame|0 fnt
|faint|p1a: Talonflame
|
|
|switch|p1a: Slowbro|Slowbro, F|393\/393
|turn|8
|
|switch|p2a: Wiz BITG|Mandibuzz, F|120\/424
|detailschange|p1a: Slowbro|Slowbro-Mega, F
|-mega|p1a: Slowbro|Slowbro|Slowbronite
|move|p1a: Slowbro|Scald|p2a: Wiz BITG
|-damage|p2a: Wiz BITG|0 fnt
|faint|p2a: Wiz BITG
|
|
|switch|p2a: BubbleTea|Wobbuffet, M, shiny|296\/584
|turn|9
|
|move|p2a: BubbleTea|Encore|p1a: Slowbro
|-start|p1a: Slowbro|Encore
|move|p1a: Slowbro|Scald|p2a: BubbleTea
|-damage|p2a: BubbleTea|187\/584
|
|-heal|p2a: BubbleTea|223\/584|[from] item: Leftovers
|turn|10
|c|ânapty|that was the move i went for anyway xD
|
|move|p1a: Slowbro|Scald|p2a: BubbleTea
|-damage|p2a: BubbleTea|105\/584
|-status|p2a: BubbleTea|brn
|move|p2a: BubbleTea|Mirror Coat|p1a: Slowbro
|-damage|p1a: Slowbro|157\/393
|
|-heal|p2a: BubbleTea|141\/584 brn|[from] item: Leftovers
|-damage|p2a: BubbleTea|68\/584 brn|[from] brn
|turn|11
|c|âPikachuCandy|oh
|
|move|p2a: BubbleTea|Destiny Bond|p2a: BubbleTea
|-singlemove|p2a: BubbleTea|Destiny Bond
|move|p1a: Slowbro|Scald|p2a: BubbleTea
|-damage|p2a: BubbleTea|0 fnt
|faint|p2a: BubbleTea
|-activate|p2a: BubbleTea|Destiny Bond
|faint|p1a: Slowbro
|
|c|âPikachuCandy|heheh
|
|switch|p2a: WishTail|Landorus-Therian, M|184\/319
|switch|p1a: Chansey|Chansey, F|703\/703
|-ability|p2a: WishTail|Intimidate|[of] p1a: Chansey
|-unboost|p1a: Chansey|atk|1
|turn|12
|
|move|p2a: WishTail|Knock Off|p1a: Chansey
|-damage|p1a: Chansey|526\/703
|-enditem|p1a: Chansey|Eviolite|[from] move: Knock Off|[of] p2a: WishTail
|move|p1a: Chansey|Seismic Toss|p2a: WishTail
|-damage|p2a: WishTail|84\/319
|
|turn|13
|
|switch|p2a: Teriyaki|Kyurem-Black, shiny|453\/453
|-ability|p2a: Teriyaki|Teravolt
|move|p1a: Chansey|Wish|p1a: Chansey
|
|turn|14
|join|Pk StarrStorm
|c| Pk StarrStorm|Nerd
|c|âPikachuCandy|hey Pk
|
|move|p2a: Teriyaki|Substitute|p2a: Teriyaki
|-start|p2a: Teriyaki|Substitute
|-damage|p2a: Teriyaki|340\/453
|move|p1a: Chansey|Seismic Toss|p2a: Teriyaki
|-activate|p2a: Teriyaki|Substitute|[damage]
|
|-heal|p1a: Chansey|703\/703|[from] move: Wish|[wisher] Chansey
|-heal|p2a: Teriyaki|368\/453|[from] item: Leftovers
|turn|15
|c|âPikachuCandy|I'm laddering again
|c| Pk StarrStorm|thats cute
|c|âPikachuCandy|I was on a tilt
|
|move|p2a: Teriyaki|Iron Head|p1a: Chansey
|-damage|p1a: Chansey|538\/703
|move|p1a: Chansey|Wish|p1a: Chansey
|
|-heal|p2a: Teriyaki|396\/453|[from] item: Leftovers
|turn|16
|c|âPikachuCandy|and messed up my ratings
|c|âPikachuCandy|and dear god that's bulky
|c|ânapty|this is a chansey
|c| Pk StarrStorm|lol
|
|move|p2a: Teriyaki|Ice Beam|p1a: Chansey
|-damage|p1a: Chansey|391\/703
|move|p1a: Chansey|Seismic Toss|p2a: Teriyaki
|-end|p2a: Teriyaki|Substitute
|
|-heal|p1a: Chansey|703\/703|[from] move: Wish|[wisher] Chansey
|-heal|p2a: Teriyaki|424\/453|[from] item: Leftovers
|turn|17
|
|move|p2a: Teriyaki|Substitute|p2a: Teriyaki
|-start|p2a: Teriyaki|Substitute
|-damage|p2a: Teriyaki|311\/453
|move|p1a: Chansey|Seismic Toss|p2a: Teriyaki
|-activate|p2a: Teriyaki|Substitute|[damage]
|
|-heal|p2a: Teriyaki|339\/453|[from] item: Leftovers
|turn|18
|c|âPikachuCandy|**A chansey without an eviolite**
|c|ânapty|still a chansey
|c|âPikachuCandy|!dt chansey
|c|~|\/data-pokemon Chansey
|raw|<font size="1"><font color=#585858>Dex#:<\/font> 113&nbsp;|&ThickSpace;<font color=#585858>Height:<\/font> 1.1 m&nbsp;|&ThickSpace;<font color=#585858>Weight:<\/font> 34.6 kg <em>(60 BP)<\/em>&nbsp;|&ThickSpace;<font color=#585858>Dex Colour:<\/font> Pink&nbsp;|&ThickSpace;<font color=#585858>Egg Group(s):<\/font> Fairy&nbsp;|&ThickSpace;<font color=#585858>Evolution:<\/font> Blissey (2)<\/font>
|
|move|p2a: Teriyaki|Ice Beam|p1a: Chansey
|-damage|p1a: Chansey|553\/703
|move|p1a: Chansey|Wish|p1a: Chansey
|
|-heal|p2a: Teriyaki|367\/453|[from] item: Leftovers
|turn|19
|c|âPikachuCandy|iron head
|c|âPikachuCandy|does nothing
|c|âPikachuCandy|5 def
|
|move|p2a: Teriyaki|Iron Head|p1a: Chansey
|-damage|p1a: Chansey|388\/703
|cant|p1a: Chansey|flinch
|
|-heal|p1a: Chansey|703\/703|[from] move: Wish|[wisher] Chansey
|-heal|p2a: Teriyaki|395\/453|[from] item: Leftovers
|turn|20
|c|ânapty|you probably dont have atk investment
|c|âPikachuCandy|Not that much tbh
|c|ânapty|that's it
|c| Pk StarrStorm|Lol
|
|move|p2a: Teriyaki|Iron Head|p1a: Chansey
|-damage|p1a: Chansey|520\/703
|move|p1a: Chansey|Wish|p1a: Chansey
|
|-heal|p2a: Teriyaki|423\/453|[from] item: Leftovers
|turn|21
|c| Pk StarrStorm|nice shit team Pika
|
|move|p2a: Teriyaki|Iron Head|p1a: Chansey
|-damage|p1a: Chansey|356\/703
|move|p1a: Chansey|Seismic Toss|p2a: Teriyaki
|-end|p2a: Teriyaki|Substitute
|
|-heal|p1a: Chansey|703\/703|[from] move: Wish|[wisher] Chansey
|-heal|p2a: Teriyaki|451\/453|[from] item: Leftovers
|turn|22
|c| Pk StarrStorm|gets rekt by chansey
|c|âPikachuCandy|.cri
|
|switch|p2a: DustFairy|Gardevoir, F, shiny|301\/301
|move|p1a: Chansey|Seismic Toss|p2a: DustFairy
|-damage|p2a: DustFairy|201\/301
|
|turn|23
|
|switch|p1a: Dugtrio|Dugtrio, M|211\/211
|detailschange|p2a: DustFairy|Gardevoir-Mega, F, shiny
|-mega|p2a: DustFairy|Gardevoir|Gardevoirite
|move|p2a: DustFairy|Substitute|p2a: DustFairy
|-start|p2a: DustFairy|Substitute
|-damage|p2a: DustFairy|126\/301
|
|turn|24
|
|move|p1a: Dugtrio|Earthquake|p2a: DustFairy
|-crit|p2a: DustFairy
|-end|p2a: DustFairy|Substitute
|move|p2a: DustFairy|Hidden Power|p1a: Dugtrio
|-damage|p1a: Dugtrio|96\/211
|
|turn|25
|
|move|p1a: Dugtrio|Earthquake|p2a: DustFairy
|-damage|p2a: DustFairy|0 fnt
|faint|p2a: DustFairy
|
|
|switch|p2a: Torpedo|Garchomp, M, shiny|357\/357
|turn|26
|
|move|p1a: Dugtrio|Stealth Rock|p2a: Torpedo
|-sidestart|p2: PikachuCandy|move: Stealth Rock
|move|p2a: Torpedo|Earthquake|p1a: Dugtrio
|-damage|p1a: Dugtrio|0 fnt
|faint|p1a: Dugtrio
|
|c|âPikachuCandy|?
|c|ânapty|!
|
|switch|p1a: Clefable|Clefable, F|394\/394
|turn|27
|c|âPikachuCandy|;_;
|c|âPikachuCandy|watch this
|c|ânapty|what?
|
|move|p2a: Torpedo|Swords Dance|p2a: Torpedo
|-boost|p2a: Torpedo|atk|2
|move|p1a: Clefable|Calm Mind|p1a: Clefable
|-boost|p1a: Clefable|spa|1
|-boost|p1a: Clefable|spd|1
|
|turn|28
|c|âPikachuCandy|lewl
|
|move|p2a: Torpedo|Earthquake|p1a: Clefable
|-damage|p1a: Clefable|247\/394
|move|p1a: Clefable|Calm Mind|p1a: Clefable
|-boost|p1a: Clefable|spa|1
|-boost|p1a: Clefable|spd|1
|
|-heal|p1a: Clefable|271\/394|[from] item: Leftovers
|turn|29
|c|âPikachuCandy|hey man
|c|âPikachuCandy|unaware
|c|ânapty|ikr
|
|move|p2a: Torpedo|Earthquake|p1a: Clefable
|-crit|p1a: Clefable
|-damage|p1a: Clefable|49\/394
|move|p1a: Clefable|Wish|p1a: Clefable
|
|-heal|p1a: Clefable|73\/394|[from] item: Leftovers
|turn|30
|c|âPikachuCandy|now you're just cheating
|
|move|p1a: Clefable|Protect|p1a: Clefable
|-singleturn|p1a: Clefable|Protect
|move|p2a: Torpedo|Earthquake|p1a: Clefable
|-activate|p1a: Clefable|Protect
|
|-heal|p1a: Clefable|270\/394|[from] move: Wish|[wisher] Clefable
|-heal|p1a: Clefable|294\/394|[from] item: Leftovers
|turn|31
|c|ânapty|no
|c|âPikachuCandy|**DONE**
|c|âPikachuCandy|is it unaware?
|c|ânapty|yes
|c|âPikachuCandy|hmm..
|c|ânapty|you're thinking hard
|
|move|p2a: Torpedo|Earthquake|p1a: Clefable
|-damage|p1a: Clefable|135\/394
|move|p1a: Clefable|Wish|p1a: Clefable
|
|-heal|p1a: Clefable|159\/394|[from] item: Leftovers
|turn|32
|
|move|p1a: Clefable|Protect|p1a: Clefable
|-singleturn|p1a: Clefable|Protect
|move|p2a: Torpedo|Earthquake|p1a: Clefable
|-activate|p1a: Clefable|Protect
|
|-heal|p1a: Clefable|356\/394|[from] move: Wish|[wisher] Clefable
|-heal|p1a: Clefable|380\/394|[from] item: Leftovers
|turn|33
|c| Pk StarrStorm|get a new team nerd
|c|âPikachuCandy|Ikr
|c|ânapty|why is this guy such jaded
|
|move|p2a: Torpedo|Earthquake|p1a: Clefable
|-damage|p1a: Clefable|212\/394
|move|p1a: Clefable|Wish|p1a: Clefable
|
|-heal|p1a: Clefable|236\/394|[from] item: Leftovers
|turn|34
|c|âPikachuCandy|he's a fanboy
|
|switch|p2a: WishTail|Landorus-Therian, M|84\/319
|-damage|p2a: WishTail|45\/319|[from] Stealth Rock
|-ability|p2a: WishTail|Intimidate|[of] p1a: Clefable
|-unboost|p1a: Clefable|atk|1
|move|p1a: Clefable|Moonblast|p2a: WishTail
|-damage|p2a: WishTail|0 fnt
|faint|p2a: WishTail
|
|-heal|p1a: Clefable|394\/394|[from] move: Wish|[wisher] Clefable
|c|âPikachuCandy|wow
|c|âPikachuCandy|;_;
|c|ânapty|:]
|
|switch|p2a: Teriyaki|Kyurem-Black, shiny|451\/453
|-damage|p2a: Teriyaki|338\/453|[from] Stealth Rock
|-ability|p2a: Teriyaki|Teravolt
|turn|35
|c|ânapty|now,gotta hope im not gonna get flinched :D
|c|âPikachuCandy|And here I thought u were gonna get eq
|
|move|p2a: Teriyaki|Iron Head|p1a: Clefable
|-supereffective|p1a: Clefable
|-damage|p1a: Clefable|244\/394
|cant|p1a: Clefable|flinch
|
|-heal|p2a: Teriyaki|366\/453|[from] item: Leftovers
|-heal|p1a: Clefable|268\/394|[from] item: Leftovers
|turn|36
|c|ânapty|fuck it
|c|âPikachuCandy|fuck it
|
|move|p2a: Teriyaki|Iron Head|p1a: Clefable
|-supereffective|p1a: Clefable
|-damage|p1a: Clefable|96\/394
|cant|p1a: Clefable|flinch
|
|-heal|p2a: Teriyaki|394\/453|[from] item: Leftovers
|-heal|p1a: Clefable|120\/394|[from] item: Leftovers
|turn|37
|c|âPikachuCandy|<\/3
|c|ânapty|fuck it
|
|move|p1a: Clefable|Protect|p1a: Clefable
|-singleturn|p1a: Clefable|Protect
|move|p2a: Teriyaki|Iron Head|p1a: Clefable
|-activate|p1a: Clefable|Protect
|
|-heal|p2a: Teriyaki|422\/453|[from] item: Leftovers
|-heal|p1a: Clefable|144\/394|[from] item: Leftovers
|turn|38
|c|ânapty|this move is broken
|c|âPikachuCandy|use magic bounce
|
|switch|p1a: Chansey|Chansey, F|703\/703
|move|p2a: Teriyaki|Iron Head|p1a: Chansey
|-damage|p1a: Chansey|520\/703
|
|-heal|p2a: Teriyaki|450\/453|[from] item: Leftovers
|turn|39
|c|ânapty|magic bounce does not prevent iron head flinches, idiot.
|c|âPikachuCandy|oi
|
|move|p2a: Teriyaki|Substitute|p2a: Teriyaki
|-start|p2a: Teriyaki|Substitute
|-damage|p2a: Teriyaki|337\/453
|move|p1a: Chansey|Seismic Toss|p2a: Teriyaki
|-activate|p2a: Teriyaki|Substitute|[damage]
|
|-heal|p2a: Teriyaki|365\/453|[from] item: Leftovers
|turn|40
|
|move|p2a: Teriyaki|Iron Head|p1a: Chansey
|-damage|p1a: Chansey|333\/703
|move|p1a: Chansey|Wish|p1a: Chansey
|
|-heal|p2a: Teriyaki|393\/453|[from] item: Leftovers
|turn|41
|
|move|p2a: Teriyaki|Iron Head|p1a: Chansey
|-damage|p1a: Chansey|168\/703
|move|p1a: Chansey|Seismic Toss|p2a: Teriyaki
|-end|p2a: Teriyaki|Substitute
|
|-heal|p1a: Chansey|519\/703|[from] move: Wish|[wisher] Chansey
|-heal|p2a: Teriyaki|421\/453|[from] item: Leftovers
|turn|42
|
|move|p2a: Teriyaki|Iron Head|p1a: Chansey
|-damage|p1a: Chansey|332\/703
|move|p1a: Chansey|Wish|p1a: Chansey
|
|-heal|p2a: Teriyaki|449\/453|[from] item: Leftovers
|turn|43
|
|move|p2a: Teriyaki|Iron Head|p1a: Chansey
|-damage|p1a: Chansey|145\/703
|cant|p1a: Chansey|flinch
|
|-heal|p1a: Chansey|496\/703|[from] move: Wish|[wisher] Chansey
|-heal|p2a: Teriyaki|453\/453|[from] item: Leftovers
|turn|44
|
|move|p2a: Teriyaki|Substitute|p2a: Teriyaki
|-start|p2a: Teriyaki|Substitute
|-damage|p2a: Teriyaki|340\/453
|move|p1a: Chansey|Wish|p1a: Chansey
|
|-heal|p2a: Teriyaki|368\/453|[from] item: Leftovers
|turn|45
|
|move|p2a: Teriyaki|Iron Head|p1a: Chansey
|-damage|p1a: Chansey|315\/703
|move|p1a: Chansey|Seismic Toss|p2a: Teriyaki
|-activate|p2a: Teriyaki|Substitute|[damage]
|
|-heal|p1a: Chansey|666\/703|[from] move: Wish|[wisher] Chansey
|-heal|p2a: Teriyaki|396\/453|[from] item: Leftovers
|turn|46
|
|move|p2a: Teriyaki|Iron Head|p1a: Chansey
|-damage|p1a: Chansey|497\/703
|cant|p1a: Chansey|flinch
|
|-heal|p2a: Teriyaki|424\/453|[from] item: Leftovers
|turn|47
|
|move|p2a: Teriyaki|Ice Beam|p1a: Chansey
|-damage|p1a: Chansey|328\/703
|move|p1a: Chansey|Soft-Boiled|p1a: Chansey
|-heal|p1a: Chansey|680\/703
|
|-heal|p2a: Teriyaki|452\/453|[from] item: Leftovers
|turn|48
|c| Pk StarrStorm|mfw
|c| Pk StarrStorm|this battle is still going
|
|move|p2a: Teriyaki|Ice Beam|p1a: Chansey
|-damage|p1a: Chansey|515\/703
|move|p1a: Chansey|Wish|p1a: Chansey
|
|-heal|p2a: Teriyaki|453\/453|[from] item: Leftovers
|turn|49
|c|âPikachuCandy|Ikr
|
|move|p2a: Teriyaki|Iron Head|p1a: Chansey
|-damage|p1a: Chansey|332\/703
|move|p1a: Chansey|Seismic Toss|p2a: Teriyaki
|-end|p2a: Teriyaki|Substitute
|
|-heal|p1a: Chansey|683\/703|[from] move: Wish|[wisher] Chansey
|turn|50
|
|move|p2a: Teriyaki|Iron Head|p1a: Chansey
|-damage|p1a: Chansey|508\/703
|move|p1a: Chansey|Wish|p1a: Chansey
|
|turn|51
|
|switch|p1a: Clefable|Clefable, F|144\/394
|move|p2a: Teriyaki|Iron Head|p1a: Clefable
|-supereffective|p1a: Clefable
|-damage|p1a: Clefable|0 fnt
|faint|p1a: Clefable
|
|c|âPikachuCandy|ok
|-message|napty forfeited.
|leave|napty
|c|âPikachuCandy|gg!
|c|âPikachuCandy|xD
|
|win|PikachuCandy
|raw|Ladder updating...
|player|p1
|raw|napty's rating: 1650 &rarr; <strong>1624<\/strong><br \/>(-26 for losing)
|raw|PikachuCandy's rating: 1539 &rarr; <strong>1565<\/strong><br \/>(+26 for winning)