|join|napty
|join|MontanaD
|player|p1|napty|140
|player|p2|MontanaD|167
|gametype|singles
|gen|6
|tier|OU
|rated
|clearpoke
|poke|p1|Talonflame, F
|poke|p1|Gardevoir, F
|poke|p1|Emboar, M
|poke|p1|Rotom-Wash
|poke|p1|Latias, F
|poke|p1|Landorus, M
|poke|p2|Skarmory, M
|poke|p2|Chansey, F
|poke|p2|Sableye, M
|poke|p2|Cresselia, F
|poke|p2|Quagsire, M
|poke|p2|Gothitelle, M
|rule|Swagger Clause: Swagger is banned
|rule|Baton Pass Clause: Limit one PokÃ©mon knowing Baton Pass
|rule|Sleep Clause Mod: Limit one foe put to sleep
|rule|Species Clause: Limit one of each PokÃ©mon
|rule|OHKO Clause: OHKO moves are banned
|rule|Moody Clause: Moody is banned
|rule|Evasion Moves Clause: Evasion moves are banned
|rule|Endless Battle Clause: Forcing endless battles is banned
|rule|HP Percentage Mod: HP is shown in percentages
|teampreview
|c|ânapty|damn it's gonna be long
|c|âMontanaD|y
|c|ânapty|and i only have 5 minuts
|c|âMontanaD|so down
|c|ânapty|gotta go to school lol
|c|âMontanaD|like u say
|
|start
|switch|p1a: Gardevoir|Gardevoir, F|277\/277
|switch|p2a: Sableye|Sableye, M|304\/304
|-ability|p1a: Gardevoir|Prankster|[from] ability: Trace|[of] p2a: Sableye
|turn|1
|
|switch|p2a: Chansey|Chansey, F|642\/642
|detailschange|p1a: Gardevoir|Gardevoir-Mega, F
|-mega|p1a: Gardevoir|Gardevoir|Gardevoirite
|move|p1a: Gardevoir|Psyshock|p2a: Chansey
|-damage|p2a: Chansey|413\/642
|
|turn|2
|
|move|p1a: Gardevoir|Taunt|p2a: Chansey
|-start|p2a: Chansey|move: Taunt
|cant|p2a: Chansey|move: Taunt|Soft-Boiled
|
|turn|3
|
|switch|p1a: Emboar|Emboar, M|369\/369
|switch|p2a: Cresselia|Cresselia, F|444\/444
|
|turn|4
|
|move|p1a: Emboar|Toxic|p2a: Cresselia
|-status|p2a: Cresselia|tox
|move|p2a: Cresselia|Psychic|p1a: Emboar
|-supereffective|p1a: Emboar
|-damage|p1a: Emboar|147\/369
|
|-damage|p2a: Cresselia|417\/444 tox|[from] psn
|turn|5
|
|move|p1a: Emboar|Flare Blitz|p2a: Cresselia
|-damage|p2a: Cresselia|201\/444 tox
|-damage|p1a: Emboar|76\/369|[from] recoil|[of] p2a: Cresselia
|-damage|p1a: Emboar|40\/369|[from] item: Life Orb
|move|p2a: Cresselia|Toxic|p1a: Emboar
|-status|p1a: Emboar|tox
|
|-heal|p2a: Cresselia|228\/444 tox|[from] item: Leftovers
|-damage|p1a: Emboar|17\/369 tox|[from] psn
|-damage|p2a: Cresselia|174\/444 tox|[from] psn
|turn|6
|
|switch|p2a: Quagsire|Quagsire, M|394\/394
|move|p1a: Emboar|Flare Blitz|p2a: Quagsire
|-resisted|p2a: Quagsire
|-damage|p2a: Quagsire|254\/394
|-damage|p1a: Emboar|0 fnt|[from] recoil|[of] p2a: Quagsire
|faint|p1a: Emboar
|
|-heal|p2a: Quagsire|278\/394|[from] item: Leftovers
|
|switch|p1a: Gardevoir|Gardevoir-Mega, F|277\/277
|turn|7
|
|switch|p2a: Skarmory|Skarmory, M|334\/334
|move|p1a: Gardevoir|Hyper Voice|p2a: Skarmory
|-resisted|p2a: Skarmory
|-damage|p2a: Skarmory|163\/334
|
|turn|8
|
|switch|p2a: Chansey|Chansey, F|413\/642
|move|p1a: Gardevoir|Hyper Voice|p2a: Chansey
|-damage|p2a: Chansey|266\/642
|
|turn|9
|
|move|p1a: Gardevoir|Taunt|p2a: Chansey
|-start|p2a: Chansey|move: Taunt
|move|p2a: Chansey|Seismic Toss|p1a: Gardevoir
|-damage|p1a: Gardevoir|177\/277
|
|turn|10
|
|move|p1a: Gardevoir|Psyshock|p2a: Chansey
|-damage|p2a: Chansey|7\/642
|move|p2a: Chansey|Seismic Toss|p1a: Gardevoir
|-damage|p1a: Gardevoir|77\/277
|
|turn|11
|
|move|p1a: Gardevoir|Hyper Voice|p2a: Chansey
|-damage|p2a: Chansey|0 fnt
|faint|p2a: Chansey
|
|
|switch|p2a: Gothitelle|Gothitelle, M|289\/289
|turn|12
|
|move|p2a: Gothitelle|Thunderbolt|p1a: Gardevoir
|-damage|p1a: Gardevoir|10\/277
|move|p1a: Gardevoir|Hyper Voice|p2a: Gothitelle
|-damage|p2a: Gothitelle|28\/289
|
|turn|13
|
|move|p2a: Gothitelle|Thunderbolt|p1a: Gardevoir
|-damage|p1a: Gardevoir|0 fnt
|faint|p1a: Gardevoir
|
|
|switch|p1a: Landorus|Landorus, M|319\/319
|turn|14
|
|switch|p2a: Cresselia|Cresselia, F|174\/444 tox
|move|p1a: Landorus|Stealth Rock|p2a: Cresselia
|-sidestart|p2: MontanaD|move: Stealth Rock
|
|-heal|p2a: Cresselia|201\/444 tox|[from] item: Leftovers
|-damage|p2a: Cresselia|174\/444 tox|[from] psn
|turn|15
|
|switch|p1a: Talonflame|Talonflame, F|297\/297
|move|p2a: Cresselia|Moonlight|p2a: Cresselia
|-heal|p2a: Cresselia|396\/444 tox
|
|-heal|p2a: Cresselia|423\/444 tox|[from] item: Leftovers
|-damage|p2a: Cresselia|369\/444 tox|[from] psn
|turn|16
|
|move|p1a: Talonflame|Brave Bird|p2a: Cresselia
|-damage|p2a: Cresselia|219\/444 tox
|-damage|p1a: Talonflame|247\/297|[from] recoil|[of] p2a: Cresselia
|move|p2a: Cresselia|Toxic|p1a: Talonflame
|-status|p1a: Talonflame|tox
|
|-heal|p2a: Cresselia|246\/444 tox|[from] item: Leftovers
|-damage|p1a: Talonflame|229\/297 tox|[from] psn
|-damage|p2a: Cresselia|165\/444 tox|[from] psn
|turn|17
|
|move|p1a: Talonflame|Brave Bird|p2a: Cresselia
|-damage|p2a: Cresselia|0 fnt
|-damage|p1a: Talonflame|175\/297 tox|[from] recoil|[of] p2a: Cresselia
|faint|p2a: Cresselia
|
|-damage|p1a: Talonflame|139\/297 tox|[from] psn
|
|switch|p2a: Sableye|Sableye, M|304\/304
|-damage|p2a: Sableye|266\/304|[from] Stealth Rock
|turn|18
|
|detailschange|p2a: Sableye|Sableye-Mega, M
|-mega|p2a: Sableye|Sableye|Sablenite
|move|p1a: Talonflame|Brave Bird|p2a: Sableye
|-damage|p2a: Sableye|104\/304
|-damage|p1a: Talonflame|86\/297 tox|[from] recoil|[of] p2a: Sableye
|move|p2a: Sableye|Calm Mind|p2a: Sableye
|-boost|p2a: Sableye|spa|1
|-boost|p2a: Sableye|spd|1
|
|-damage|p1a: Talonflame|32\/297 tox|[from] psn
|turn|19
|
|move|p1a: Talonflame|Brave Bird|p2a: Sableye
|-damage|p2a: Sableye|0 fnt
|-damage|p1a: Talonflame|0 fnt|[from] recoil|[of] p2a: Sableye
|faint|p2a: Sableye
|faint|p1a: Talonflame
|
|
|switch|p1a: Landorus|Landorus, M|319\/319
|switch|p2a: Quagsire|Quagsire, M|278\/394
|-damage|p2a: Quagsire|254\/394|[from] Stealth Rock
|turn|20
|
|switch|p2a: Skarmory|Skarmory, M|163\/334
|-damage|p2a: Skarmory|122\/334|[from] Stealth Rock
|move|p1a: Landorus|Earth Power|p2a: Skarmory
|-immune|p2a: Skarmory|[msg]
|
|turn|21
|c|ânapty|thankfully it takes only 10 minuts
|
|move|p1a: Landorus|Focus Blast|p2a: Skarmory
|-damage|p2a: Skarmory|0 fnt
|faint|p2a: Skarmory
|
|-message|MontanaD forfeited.
|
|win|napty
|raw|Ladder updating...
|leave|MontanaD
|player|p2
|raw|napty's rating: 1682 &rarr; <strong>1696<\/strong><br \/>(+14 for winning)
|raw|MontanaD's rating: 1560 &rarr; <strong>1546<\/strong><br \/>(-14 for losing)