|join|WECAMEASROMANS
|join|napty
|player|p1|WECAMEASROMANS|266
|player|p2|napty|287
|gametype|singles
|gen|6
|tier|OU
|rated
|clearpoke
|poke|p1|Slowbro, M
|poke|p1|Chesnaught, M
|poke|p1|Raikou
|poke|p1|Heatran, F
|poke|p1|Dragonite, F
|poke|p1|Clefable, M
|poke|p2|Landorus-Therian, M
|poke|p2|Gallade, M
|poke|p2|Keldeo-Resolute
|poke|p2|Bisharp, F
|poke|p2|Clefable, F
|poke|p2|Heatran, F
|rule|Swagger Clause: Swagger is banned
|rule|Baton Pass Clause: Limit one PokÃ©mon knowing Baton Pass
|rule|Sleep Clause Mod: Limit one foe put to sleep
|rule|Species Clause: Limit one of each PokÃ©mon
|rule|OHKO Clause: OHKO moves are banned
|rule|Moody Clause: Moody is banned
|rule|Evasion Moves Clause: Evasion moves are banned
|rule|Endless Battle Clause: Forcing endless battles is banned
|rule|HP Percentage Mod: HP is shown in percentages
|teampreview
|c|ânapty|damn, why so many mega slowbro
|c|ânapty|pple are stupid
|
|start
|switch|p1a: Chesnaught|Chesnaught, M|379\/379
|switch|p2a: Keldeo-Resolute|Keldeo-Resolute|323\/323
|turn|1
|
|move|p2a: Keldeo-Resolute|Hidden Power|p1a: Chesnaught
|-supereffective|p1a: Chesnaught
|-damage|p1a: Chesnaught|0 fnt
|faint|p1a: Chesnaught
|
|
|switch|p1a: Heatran|Heatran, F|337\/337
|turn|2
|
|switch|p2a: Gallade|Gallade, M|277\/277
|move|p1a: Heatran|Stealth Rock|p2a: Gallade
|-sidestart|p2: napty|move: Stealth Rock
|
|turn|3
|
|switch|p1a: fun|Slowbro, M|393\/393
|detailschange|p2a: Gallade|Gallade-Mega, M
|-mega|p2a: Gallade|Gallade|Galladite
|move|p2a: Gallade|Close Combat|p1a: fun
|-resisted|p1a: fun
|-damage|p1a: fun|304\/393
|-unboost|p2a: Gallade|def|1
|-unboost|p2a: Gallade|spd|1
|
|turn|4
|
|switch|p2a: Clefable|Clefable, F|394\/394
|move|p1a: fun|Iron Defense|p1a: fun
|-boost|p1a: fun|def|2
|
|turn|5
|
|move|p2a: Clefable|Thunder Wave|p1a: fun
|-status|p1a: fun|par
|move|p1a: fun|Calm Mind|p1a: fun
|-boost|p1a: fun|spa|1
|-boost|p1a: fun|spd|1
|
|turn|6
|
|move|p2a: Clefable|Moonblast|p1a: fun
|-damage|p1a: fun|222\/393 par
|move|p1a: fun|Calm Mind|p1a: fun
|-boost|p1a: fun|spa|1
|-boost|p1a: fun|spd|1
|
|turn|7
|
|detailschange|p1a: fun|Slowbro-Mega, M
|-mega|p1a: fun|Slowbro|Slowbronite
|move|p2a: Clefable|Moonblast|p1a: fun
|-damage|p1a: fun|170\/393 par
|move|p1a: fun|Slack Off|p1a: fun
|-heal|p1a: fun|367\/393 par
|
|turn|8
|
|move|p2a: Clefable|Moonblast|p1a: fun
|-damage|p1a: fun|309\/393 par
|move|p1a: fun|Calm Mind|p1a: fun
|-boost|p1a: fun|spa|1
|-boost|p1a: fun|spd|1
|
|turn|9
|
|move|p2a: Clefable|Moonblast|p1a: fun
|-damage|p1a: fun|267\/393 par
|-unboost|p1a: fun|spa|1
|cant|p1a: fun|par
|
|turn|10
|
|move|p2a: Clefable|Moonblast|p1a: fun
|-damage|p1a: fun|224\/393 par
|move|p1a: fun|Iron Defense|p1a: fun
|-boost|p1a: fun|def|2
|
|turn|11
|join|ampdpharos
|
|move|p2a: Clefable|Moonblast|p1a: fun
|-damage|p1a: fun|181\/393 par
|move|p1a: fun|Slack Off|p1a: fun
|-heal|p1a: fun|378\/393 par
|
|turn|12
|
|move|p2a: Clefable|Moonblast|p1a: fun
|-damage|p1a: fun|332\/393 par
|cant|p1a: fun|par
|
|turn|13
|join|gizmo
|
|move|p2a: Clefable|Moonblast|p1a: fun
|-damage|p1a: fun|290\/393 par
|move|p1a: fun|Calm Mind|p1a: fun
|-boost|p1a: fun|spa|1
|-boost|p1a: fun|spd|1
|
|turn|14
|c| gizmo|lord.
|c|ânapty|such a stupid pokemon
|
|move|p2a: Clefable|Moonblast|p1a: fun
|-damage|p1a: fun|256\/393 par
|cant|p1a: fun|par
|
|turn|15
|c|âWECAMEASROMANS|gallade is a stupid pokemon
|c|âWECAMEASROMANS|fuck dat
|c|ânapty|shut up  sir
|
|move|p2a: Clefable|Moonblast|p1a: fun
|-damage|p1a: fun|214\/393 par
|move|p1a: fun|Calm Mind|p1a: fun
|-boost|p1a: fun|spa|1
|-boost|p1a: fun|spd|1
|
|turn|16
|c| gizmo|you can't even hope for crits
|join|Yuttt.ttttt
|c|ânapty|people who use mega slowbro have to shut up
|c| gizmo|that's the worst part
|
|move|p2a: Clefable|Moonblast|p1a: fun
|-damage|p1a: fun|183\/393 par
|-unboost|p1a: fun|spa|1
|cant|p1a: fun|par
|
|turn|17
|c|ânapty|ye
|c| ampdpharos|napty whts the problem just get a crit "]
|
|move|p2a: Clefable|Moonblast|p1a: fun
|-damage|p1a: fun|149\/393 par
|move|p1a: fun|Slack Off|p1a: fun
|-heal|p1a: fun|346\/393 par
|
|turn|18
|
|move|p2a: Clefable|Moonblast|p1a: fun
|-damage|p1a: fun|315\/393 par
|move|p1a: fun|Scald|p2a: Clefable
|-damage|p2a: Clefable|109\/394
|
|-heal|p2a: Clefable|133\/394|[from] item: Leftovers
|turn|19
|
|move|p2a: Clefable|Wish|p2a: Clefable
|move|p1a: fun|Iron Defense|p1a: fun
|-boost|p1a: fun|def|2
|
|-heal|p2a: Clefable|157\/394|[from] item: Leftovers
|turn|20
|
|move|p2a: Clefable|Protect|p2a: Clefable
|-singleturn|p2a: Clefable|Protect
|move|p1a: fun|Scald|p2a: Clefable
|-activate|p2a: Clefable|Protect
|
|-heal|p2a: Clefable|354\/394|[from] move: Wish|[wisher] Clefable
|-heal|p2a: Clefable|378\/394|[from] item: Leftovers
|turn|21
|
|move|p2a: Clefable|Moonblast|p1a: fun
|-damage|p1a: fun|279\/393 par
|move|p1a: fun|Calm Mind|p1a: fun
|-boost|p1a: fun|spa|1
|-boost|p1a: fun|spd|1
|
|-heal|p2a: Clefable|394\/394|[from] item: Leftovers
|turn|22
|
|move|p2a: Clefable|Moonblast|p1a: fun
|-damage|p1a: fun|252\/393 par
|cant|p1a: fun|par
|
|turn|23
|
|move|p2a: Clefable|Moonblast|p1a: fun
|-damage|p1a: fun|225\/393 par
|cant|p1a: fun|par
|
|turn|24
|
|move|p2a: Clefable|Moonblast|p1a: fun
|-damage|p1a: fun|200\/393 par
|move|p1a: fun|Scald|p2a: Clefable
|-damage|p2a: Clefable|73\/394
|-status|p2a: Clefable|brn
|
|-heal|p2a: Clefable|97\/394 brn|[from] item: Leftovers
|turn|25
|c| Yuttt.ttttt|#give mega slowbro stored power
|
|move|p2a: Clefable|Moonblast|p1a: fun
|-damage|p1a: fun|172\/393 par
|move|p1a: fun|Slack Off|p1a: fun
|-heal|p1a: fun|369\/393 par
|
|-heal|p2a: Clefable|121\/394 brn|[from] item: Leftovers
|turn|26
|c| Yuttt.ttttt|then id use cm 2 atks
|
|move|p2a: Clefable|Protect|p2a: Clefable
|-singleturn|p2a: Clefable|Protect
|move|p1a: fun|Scald|p2a: Clefable
|-activate|p2a: Clefable|Protect
|
|-heal|p2a: Clefable|145\/394 brn|[from] item: Leftovers
|turn|27
|c| Yuttt.ttttt|wot
|
|move|p2a: Clefable|Wish|p2a: Clefable
|cant|p1a: fun|par
|
|-heal|p2a: Clefable|169\/394 brn|[from] item: Leftovers
|turn|28
|c| Yuttt.ttttt|protect on mg clef
|
|move|p2a: Clefable|Protect|p2a: Clefable
|-singleturn|p2a: Clefable|Protect
|move|p1a: fun|Scald|p2a: Clefable
|-activate|p2a: Clefable|Protect
|
|-heal|p2a: Clefable|366\/394 brn|[from] move: Wish|[wisher] Clefable
|-heal|p2a: Clefable|390\/394 brn|[from] item: Leftovers
|turn|29
|c|ânapty|whats the problem
|c| gizmo|nice job getting stalled out romans
|c|ânapty|come at me bruh
|c| gizmo|no really
|c| gizmo|nice
|
|move|p2a: Clefable|Moonblast|p1a: fun
|-damage|p1a: fun|342\/393 par
|-unboost|p1a: fun|spa|1
|move|p1a: fun|Calm Mind|p1a: fun
|-boost|p1a: fun|spa|1
|
|-heal|p2a: Clefable|394\/394 brn|[from] item: Leftovers
|turn|30
|c| Yuttt.ttttt|why would u not cm ther
|c| Yuttt.ttttt|tunr 28
|
|move|p2a: Clefable|Moonblast|p1a: fun
|-damage|p1a: fun|314\/393 par
|move|p1a: fun|Calm Mind|p1a: fun
|-boost|p1a: fun|spa|1
|
|turn|31
|c|ânapty|becuz i liek to catch metagross off guard
|c|ânapty|with twave
|c| Yuttt.ttttt|he has
|c| Yuttt.ttttt|4 moonblasts left
|
|move|p2a: Clefable|Wish|p2a: Clefable
|move|p1a: fun|Calm Mind|p1a: fun
|-boost|p1a: fun|spa|1
|
|turn|32
|
|move|p2a: Clefable|Moonblast|p1a: fun
|-damage|p1a: fun|289\/393 par
|cant|p1a: fun|par
|
|turn|33
|
|move|p2a: Clefable|Wish|p2a: Clefable
|move|p1a: fun|Scald|p2a: Clefable
|-damage|p2a: Clefable|0 fnt
|faint|p2a: Clefable
|
|c| Yuttt.ttttt|roar tran on para
|c|ânapty|this is ridiculous
|c| Yuttt.ttttt|imo
|c|ânapty|this thing should be banned
|c| Yuttt.ttttt|make clefable unaware m8
|
|switch|p2a: Gallade|Gallade-Mega, M|277\/277
|-damage|p2a: Gallade|260\/277|[from] Stealth Rock
|turn|34
|join|PAH5
|
|move|p2a: Gallade|Destiny Bond|p2a: Gallade
|-singlemove|p2a: Gallade|Destiny Bond
|move|p1a: fun|Scald|p2a: Gallade
|-damage|p2a: Gallade|0 fnt
|faint|p2a: Gallade
|-activate|p2a: Gallade|Destiny Bond
|faint|p1a: fun
|
|c|ânapty|then i'd have to put a fuckin defoger
|c| Yuttt.ttttt|wot
|c|ânapty|and I dont want to
|c| Yuttt.ttttt|because unaware clef
|c| Yuttt.ttttt|DEMANDS
|c| Yuttt.ttttt|the defogger
|c|ânapty|yes
|c| PAH5|lol
|
|switch|p2a: Bisharp|Bisharp, F|271\/271
|switch|p1a: Dragonite|Dragonite, F|385\/385
|-damage|p2a: Bisharp|255\/271|[from] Stealth Rock
|turn|35
|
|switch|p2a: Landorus-Therian|Landorus-Therian, M|382\/382
|-damage|p2a: Landorus-Therian|335\/382|[from] Stealth Rock
|-ability|p2a: Landorus-Therian|Intimidate|[of] p1a: Dragonite
|-unboost|p1a: Dragonite|atk|1
|move|p1a: Dragonite|Earthquake|p2a: Landorus-Therian
|-immune|p2a: Landorus-Therian|[msg]
|
|-heal|p2a: Landorus-Therian|358\/382|[from] item: Leftovers
|turn|36
|c| PAH5|this better be dtail
|
|move|p2a: Landorus-Therian|U-turn|p1a: Dragonite
|-resisted|p1a: Dragonite
|-damage|p1a: Dragonite|365\/385
|
|switch|p2a: Heatran|Heatran, F|323\/323
|-damage|p2a: Heatran|283\/323|[from] Stealth Rock
|move|p1a: Dragonite|Dragon Claw|p2a: Heatran
|-resisted|p2a: Heatran
|-damage|p2a: Heatran|241\/323
|
|-heal|p1a: Dragonite|385\/385|[from] item: Leftovers
|turn|37
|c|ânapty|damn you slow as f*ck
|
|move|p2a: Heatran|Will-O-Wisp|p1a: Dragonite
|-status|p1a: Dragonite|brn
|move|p1a: Dragonite|Earthquake|p2a: Heatran
|-supereffective|p2a: Heatran
|-damage|p2a: Heatran|77\/323
|
|-damage|p1a: Dragonite|337\/385 brn|[from] brn
|turn|38
|c| Yuttt.ttttt|this mans sets
|c| PAH5|wisp tran isnt bad
|
|switch|p2a: Landorus-Therian|Landorus-Therian, M|358\/382
|-damage|p2a: Landorus-Therian|311\/382|[from] Stealth Rock
|-ability|p2a: Landorus-Therian|Intimidate|[of] p1a: Dragonite
|-unboost|p1a: Dragonite|atk|1
|move|p1a: Dragonite|Earthquake|p2a: Landorus-Therian
|-immune|p2a: Landorus-Therian|[msg]
|
|-heal|p2a: Landorus-Therian|334\/382|[from] item: Leftovers
|-heal|p1a: Dragonite|361\/385 brn|[from] item: Leftovers
|-damage|p1a: Dragonite|313\/385 brn|[from] brn
|turn|39
|c|ânapty|^
|c| Yuttt.ttttt|clefable double
|c| Yuttt.ttttt|so easy
|
|move|p2a: Landorus-Therian|Stealth Rock|p1a: Dragonite
|-sidestart|p1: WECAMEASROMANS|move: Stealth Rock
|move|p1a: Dragonite|Roost|p1a: Dragonite
|-heal|p1a: Dragonite|385\/385 brn
|
|-heal|p2a: Landorus-Therian|357\/382|[from] item: Leftovers
|-damage|p1a: Dragonite|337\/385 brn|[from] brn
|turn|40
|
|move|p2a: Landorus-Therian|Stone Edge|p1a: Dragonite|[miss]
|-miss|p2a: Landorus-Therian|p1a: Dragonite
|move|p1a: Dragonite|Roost|p1a: Dragonite
|-heal|p1a: Dragonite|385\/385 brn
|
|-heal|p2a: Landorus-Therian|380\/382|[from] item: Leftovers
|-damage|p1a: Dragonite|337\/385 brn|[from] brn
|turn|41
|leave|PAH5
|
|switch|p1a: Clefable|Clefable, M|393\/393
|-damage|p1a: Clefable|344\/393|[from] Stealth Rock
|move|p2a: Landorus-Therian|Stone Edge|p1a: Clefable
|-damage|p1a: Clefable|243\/393
|
|-heal|p2a: Landorus-Therian|382\/382|[from] item: Leftovers
|-heal|p1a: Clefable|267\/393|[from] item: Leftovers
|turn|42
|
|move|p2a: Landorus-Therian|Earthquake|p1a: Clefable
|-damage|p1a: Clefable|137\/393
|move|p1a: Clefable|Heal Bell|p1a: Clefable
|-cureteam|p1a: Clefable|[from] move: HealBell
|
|-heal|p1a: Clefable|161\/393|[from] item: Leftovers
|turn|43
|
|move|p2a: Landorus-Therian|U-turn|p1a: Clefable
|-resisted|p1a: Clefable
|-damage|p1a: Clefable|127\/393
|
|switch|p2a: Bisharp|Bisharp, F|255\/271
|-damage|p2a: Bisharp|239\/271|[from] Stealth Rock
|move|p1a: Clefable|Moonlight|p1a: Clefable
|-heal|p1a: Clefable|323\/393
|
|-heal|p1a: Clefable|347\/393|[from] item: Leftovers
|turn|44
|c| Yuttt.ttttt|good thing
|c| Yuttt.ttttt|we have focus blast
|c| Yuttt.ttttt|timid clefable
|c|ânapty|i dont give a shit
|
|switch|p1a: Heatran|Heatran, F|337\/337
|-damage|p1a: Heatran|295\/337|[from] Stealth Rock
|move|p2a: Bisharp|Knock Off|p1a: Heatran
|-damage|p1a: Heatran|85\/337
|-enditem|p1a: Heatran|Leftovers|[from] move: Knock Off|[of] p2a: Bisharp
|
|turn|45
|c| Yuttt.ttttt|you r a shit
|c| Yuttt.ttttt|ooohhhh
|
|switch|p2a: Heatran|Heatran, F|77\/323
|-damage|p2a: Heatran|37\/323|[from] Stealth Rock
|move|p1a: Heatran|Fire Blast|p2a: Heatran
|-start|p2a: Heatran|ability: Flash Fire
|
|turn|46
|c|ânapty|shut the fuck up
|c|ânapty|cunt
|c| Yuttt.ttttt|scarf wisp tran
|c| Yuttt.ttttt|imo
|
|move|p2a: Heatran|Ancient Power|p1a: Heatran
|-damage|p1a: Heatran|18\/337
|move|p1a: Heatran|Earth Power|p2a: Heatran
|-supereffective|p2a: Heatran
|-damage|p2a: Heatran|0 fnt
|faint|p2a: Heatran
|
|c| ampdpharos|.....
|
|switch|p2a: Keldeo-Resolute|Keldeo-Resolute|323\/323
|-damage|p2a: Keldeo-Resolute|303\/323|[from] Stealth Rock
|turn|47
|
|move|p2a: Keldeo-Resolute|Scald|p1a: Heatran
|-supereffective|p1a: Heatran
|-damage|p1a: Heatran|0 fnt
|faint|p1a: Heatran
|
|c| Yuttt.ttttt|he avoided the 4-0
|
|switch|p1a: Raikou|Raikou|321\/321
|-damage|p1a: Raikou|281\/321|[from] Stealth Rock
|-ability|p1a: Raikou|Pressure
|turn|48
|
|switch|p2a: Landorus-Therian|Landorus-Therian, M|382\/382
|-damage|p2a: Landorus-Therian|335\/382|[from] Stealth Rock
|-ability|p2a: Landorus-Therian|Intimidate|[of] p1a: Raikou
|-unboost|p1a: Raikou|atk|1
|move|p1a: Raikou|Thunderbolt|p2a: Landorus-Therian
|-immune|p2a: Landorus-Therian|[msg]
|
|-heal|p2a: Landorus-Therian|358\/382|[from] item: Leftovers
|turn|49
|c|ânapty|tho you didn't avoid to be a cunt
|c| Yuttt.ttttt|ugh flying
|c| Yuttt.ttttt|immune
|
|switch|p1a: Dragonite|Dragonite, F|337\/385
|-damage|p1a: Dragonite|241\/385|[from] Stealth Rock
|move|p2a: Landorus-Therian|Earthquake|p1a: Dragonite
|-immune|p1a: Dragonite|[msg]
|
|-heal|p2a: Landorus-Therian|381\/382|[from] item: Leftovers
|-heal|p1a: Dragonite|265\/385|[from] item: Leftovers
|turn|50
|
|move|p2a: Landorus-Therian|Stone Edge|p1a: Dragonite
|-crit|p1a: Dragonite
|-supereffective|p1a: Dragonite
|-damage|p1a: Dragonite|0 fnt
|faint|p1a: Dragonite
|
|-heal|p2a: Landorus-Therian|382\/382|[from] item: Leftovers
|join|Touymato
|c| Yuttt.ttttt|he outskilled us
|c|âWECAMEASROMANS|fuck dat
|c| Yuttt.ttttt|we can this
|c| Yuttt.ttttt|just crit hp ice
|
|switch|p1a: Clefable|Clefable, M|347\/393
|-damage|p1a: Clefable|298\/393|[from] Stealth Rock
|turn|51
|leave|Touymato
|c| Yuttt.ttttt|crit sharp
|c| Yuttt.ttttt|to win
|
|move|p2a: Landorus-Therian|U-turn|p1a: Clefable
|-resisted|p1a: Clefable
|-damage|p1a: Clefable|264\/393
|
|switch|p2a: Bisharp|Bisharp, F|239\/271
|-damage|p2a: Bisharp|223\/271|[from] Stealth Rock
|move|p1a: Clefable|Moonblast|p2a: Bisharp
|-damage|p2a: Bisharp|108\/271
|-unboost|p2a: Bisharp|spa|1
|-boost|p2a: Bisharp|atk|2|[from] ability: Defiant
|
|-heal|p1a: Clefable|288\/393|[from] item: Leftovers
|turn|52
|c| Yuttt.ttttt|that wasn't
|c| Yuttt.ttttt|a crit
|
|move|p2a: Bisharp|Iron Head|p1a: Clefable
|-supereffective|p1a: Clefable
|-damage|p1a: Clefable|10\/393
|move|p1a: Clefable|Moonblast|p2a: Bisharp
|-damage|p2a: Bisharp|0 fnt
|faint|p2a: Bisharp
|
|-heal|p1a: Clefable|34\/393|[from] item: Leftovers
|join|Thunder631
|leave|Thunder631
|
|switch|p2a: Landorus-Therian|Landorus-Therian, M|382\/382
|-damage|p2a: Landorus-Therian|335\/382|[from] Stealth Rock
|-ability|p2a: Landorus-Therian|Intimidate|[of] p1a: Clefable
|-unboost|p1a: Clefable|atk|1
|turn|53
|join|TheUberTherian
|c| Yuttt.ttttt|brightpowder
|c| Yuttt.ttttt|dodges eq
|
|move|p2a: Landorus-Therian|Earthquake|p1a: Clefable
|-damage|p1a: Clefable|0 fnt
|faint|p1a: Clefable
|
|-heal|p2a: Landorus-Therian|358\/382|[from] item: Leftovers
|
|switch|p1a: Raikou|Raikou|281\/321
|-damage|p1a: Raikou|241\/321|[from] Stealth Rock
|-ability|p1a: Raikou|Pressure
|turn|54
|c| Yuttt.ttttt|can we crit
|c| Yuttt.ttttt|have we trained
|c| Yuttt.ttttt|hard enough
|c|ânapty|no
|
|move|p1a: Raikou|Hidden Power|p2a: Landorus-Therian
|-supereffective|p2a: Landorus-Therian
|-damage|p2a: Landorus-Therian|22\/382
|move|p2a: Landorus-Therian|Earthquake|p1a: Raikou
|-supereffective|p1a: Raikou
|-damage|p1a: Raikou|0 fnt
|faint|p1a: Raikou
|
|win|napty
|raw|Ladder updating...
|raw|WECAMEASROMANS's rating: 1630 &rarr; <strong>1606<\/strong><br \/>(-24 for losing)
|raw|napty's rating: 1562 &rarr; <strong>1586<\/strong><br \/>(+24 for winning)
|leave|WECAMEASROMANS
|leave|Yuttt.ttttt
|player|p1
|c| gizmo|LMAO
|c|ânapty|stupid nerds
|leave|TheUberTherian
|leave|gizmo