|join|napty
|join|Higgz Bozon
|player|p1|napty|140
|player|p2|Higgz Bozon|42
|gametype|singles
|gen|6
|tier|OU
|rated
|clearpoke
|poke|p1|Gardevoir, F
|poke|p1|Keldeo-Resolute
|poke|p1|Landorus-Therian, M
|poke|p1|Jirachi
|poke|p1|Talonflame, F
|poke|p1|Latios, M
|poke|p2|Landorus, M, shiny
|poke|p2|Smeargle, F, shiny
|poke|p2|Blastoise, M, shiny
|poke|p2|Tornadus-Therian, M
|poke|p2|Sylveon, M
|poke|p2|Jirachi
|rule|Swagger Clause: Swagger is banned
|rule|Baton Pass Clause: Limit one PokÃ©mon knowing Baton Pass
|rule|Sleep Clause Mod: Limit one foe put to sleep
|rule|Species Clause: Limit one of each PokÃ©mon
|rule|OHKO Clause: OHKO moves are banned
|rule|Moody Clause: Moody is banned
|rule|Evasion Moves Clause: Evasion moves are banned
|rule|Endless Battle Clause: Forcing endless battles is banned
|rule|HP Percentage Mod: HP is shown in percentages
|teampreview
|c|ânapty|hi :]
|
|start
|switch|p1a: Keldeo-Resolute|Keldeo-Resolute|324\/324
|switch|p2a: Smeargle|Smeargle, F, shiny|313\/313
|turn|1
|
|move|p1a: Keldeo-Resolute|Substitute|p1a: Keldeo-Resolute
|-start|p1a: Keldeo-Resolute|Substitute
|-damage|p1a: Keldeo-Resolute|243\/324
|move|p2a: Smeargle|Stealth Rock|p1a: Keldeo-Resolute
|-sidestart|p1: napty|move: Stealth Rock
|
|-heal|p1a: Keldeo-Resolute|263\/324|[from] item: Leftovers
|turn|2
|
|switch|p2a: Sylveon|Sylveon, M|394\/394
|move|p1a: Keldeo-Resolute|Scald|p2a: Sylveon
|-damage|p2a: Sylveon|303\/394
|
|-heal|p1a: Keldeo-Resolute|283\/324|[from] item: Leftovers
|-heal|p2a: Sylveon|327\/394|[from] item: Leftovers
|turn|3
|
|switch|p1a: Talonflame|Talonflame, F|360\/360
|-damage|p1a: Talonflame|180\/360|[from] Stealth Rock
|move|p2a: Sylveon|Hyper Voice|p1a: Talonflame
|-resisted|p1a: Talonflame
|-damage|p1a: Talonflame|114\/360
|
|-heal|p1a: Talonflame|136\/360|[from] item: Leftovers
|-heal|p2a: Sylveon|351\/394|[from] item: Leftovers
|turn|4
|
|switch|p2a: Blastoise|Blastoise, M, shiny|361\/361
|move|p1a: Talonflame|Roost|p1a: Talonflame
|-heal|p1a: Talonflame|316\/360
|
|-heal|p1a: Talonflame|338\/360|[from] item: Leftovers
|turn|5
|
|detailschange|p2a: Blastoise|Blastoise-Mega, M, shiny
|-mega|p2a: Blastoise|Blastoise|Blastoisinite
|move|p1a: Talonflame|Will-O-Wisp|p2a: Blastoise
|-status|p2a: Blastoise|brn
|move|p2a: Blastoise|Hydro Pump|p1a: Talonflame|[miss]
|-miss|p2a: Blastoise|p1a: Talonflame
|
|-heal|p1a: Talonflame|360\/360|[from] item: Leftovers
|-damage|p2a: Blastoise|316\/361 brn|[from] brn
|turn|6
|c|ânapty|i predicted the miss
|
|switch|p1a: Jirachi|Jirachi|404\/404
|-damage|p1a: Jirachi|379\/404|[from] Stealth Rock
|move|p2a: Blastoise|Hydro Pump|p1a: Jirachi
|-damage|p1a: Jirachi|201\/404
|
|-heal|p1a: Jirachi|226\/404|[from] item: Leftovers
|-damage|p2a: Blastoise|271\/361 brn|[from] brn
|turn|7
|
|switch|p2a: Jirachi|Jirachi|404\/404
|move|p1a: Jirachi|Wish|p1a: Jirachi
|
|-heal|p1a: Jirachi|251\/404|[from] item: Leftovers
|turn|8
|
|move|p1a: Jirachi|Fire Punch|p2a: Jirachi
|-supereffective|p2a: Jirachi
|-damage|p2a: Jirachi|312\/404
|move|p2a: Jirachi|Wish|p2a: Jirachi
|
|-heal|p1a: Jirachi|404\/404|[from] move: Wish|[wisher] Jirachi
|-heal|p2a: Jirachi|337\/404|[from] item: Leftovers
|turn|9
|
|switch|p2a: Blastoise|Blastoise-Mega, M, shiny|271\/361 brn
|move|p1a: Jirachi|Wish|p1a: Jirachi
|
|-heal|p2a: Blastoise|361\/361 brn|[from] move: Wish|[wisher] Jirachi
|-damage|p2a: Blastoise|316\/361 brn|[from] brn
|turn|10
|
|move|p1a: Jirachi|Iron Head|p2a: Blastoise
|-resisted|p2a: Blastoise
|-damage|p2a: Blastoise|277\/361 brn
|move|p2a: Blastoise|Hydro Pump|p1a: Jirachi
|-damage|p1a: Jirachi|224\/404
|
|-heal|p1a: Jirachi|404\/404|[from] move: Wish|[wisher] Jirachi
|-damage|p2a: Blastoise|232\/361 brn|[from] brn
|turn|11
|
|switch|p2a: Jirachi|Jirachi|337\/404
|move|p1a: Jirachi|Wish|p1a: Jirachi
|
|-heal|p2a: Jirachi|362\/404|[from] item: Leftovers
|turn|12
|
|switch|p1a: Latios|Latios, M|301\/301
|-damage|p1a: Latios|264\/301|[from] Stealth Rock
|move|p2a: Jirachi|Fire Punch|p1a: Latios
|-resisted|p1a: Latios
|-damage|p1a: Latios|229\/301
|
|-heal|p1a: Latios|301\/301|[from] move: Wish|[wisher] Jirachi
|-heal|p2a: Jirachi|387\/404|[from] item: Leftovers
|turn|13
|
|switch|p2a: Sylveon|Sylveon, M|351\/394
|move|p1a: Latios|Defog|p2a: Sylveon
|-unboost|p2a: Sylveon|evasion|1
|-sideend|p1: napty|Stealth Rock|[from] move: Defog|[of] p1a: Latios
|
|-heal|p2a: Sylveon|375\/394|[from] item: Leftovers
|turn|14
|
|switch|p1a: Talonflame|Talonflame, F|360\/360
|move|p2a: Sylveon|Heal Bell|p2a: Sylveon
|-cureteam|p2a: Sylveon|[from] move: HealBell
|
|-heal|p2a: Sylveon|394\/394|[from] item: Leftovers
|turn|15
|
|switch|p2a: Jirachi|Jirachi|387\/404
|move|p1a: Talonflame|Will-O-Wisp|p2a: Jirachi
|-status|p2a: Jirachi|brn
|
|-heal|p2a: Jirachi|404\/404 brn|[from] item: Leftovers
|-damage|p2a: Jirachi|354\/404 brn|[from] brn
|turn|16
|
|switch|p2a: Blastoise|Blastoise-Mega, M, shiny|232\/361
|move|p1a: Talonflame|Bulk Up|p1a: Talonflame
|-boost|p1a: Talonflame|atk|1
|-boost|p1a: Talonflame|def|1
|
|turn|17
|
|switch|p1a: Latios|Latios, M|301\/301
|move|p2a: Blastoise|Hydro Pump|p1a: Latios
|-resisted|p1a: Latios
|-damage|p1a: Latios|206\/301
|
|turn|18
|
|move|p1a: Latios|Draco Meteor|p2a: Blastoise
|-damage|p2a: Blastoise|0 fnt
|-unboost|p1a: Latios|spa|2
|-damage|p1a: Latios|176\/301|[from] item: Life Orb
|faint|p2a: Blastoise
|
|c|ânapty|ok
|
|switch|p2a: Tornadus-Therian|Tornadus-Therian, M|299\/299
|turn|19
|
|switch|p1a: Jirachi|Jirachi|404\/404
|move|p2a: Tornadus-Therian|Knock Off|p1a: Jirachi
|-supereffective|p1a: Jirachi
|-damage|p1a: Jirachi|194\/404
|-enditem|p1a: Jirachi|Leftovers|[from] move: Knock Off|[of] p2a: Tornadus-Therian
|
|turn|20
|
|move|p2a: Tornadus-Therian|Hurricane|p1a: Jirachi|[miss]
|-miss|p2a: Tornadus-Therian|p1a: Jirachi
|move|p1a: Jirachi|Wish|p1a: Jirachi
|
|turn|21
|
|move|p2a: Tornadus-Therian|U-turn|p1a: Jirachi
|-damage|p1a: Jirachi|125\/404
|
|switch|p2a: Smeargle|Smeargle, F, shiny|313\/313
|move|p1a: Jirachi|Iron Head|p2a: Smeargle
|-damage|p2a: Smeargle|112\/313
|
|-heal|p1a: Jirachi|327\/404|[from] move: Wish|[wisher] Jirachi
|turn|22
|
|switch|p1a: Keldeo-Resolute|Keldeo-Resolute|283\/324
|move|p2a: Smeargle|Dark Void|p1a: Keldeo-Resolute
|-miss|p2a: Smeargle|p1a: Keldeo-Resolute
|
|-heal|p1a: Keldeo-Resolute|303\/324|[from] item: Leftovers
|turn|23
|
|switch|p2a: Sylveon|Sylveon, M|394\/394
|move|p1a: Keldeo-Resolute|Scald|p2a: Sylveon
|-damage|p2a: Sylveon|312\/394
|
|-heal|p1a: Keldeo-Resolute|323\/324|[from] item: Leftovers
|-heal|p2a: Sylveon|336\/394|[from] item: Leftovers
|turn|24
|
|switch|p1a: Talonflame|Talonflame, F|360\/360
|switch|p2a: Landorus|Landorus, M, shiny|319\/319
|
|turn|25
|
|move|p2a: Landorus|Psychic|p1a: Talonflame
|-damage|p1a: Talonflame|194\/360
|move|p1a: Talonflame|Will-O-Wisp|p2a: Landorus
|-status|p2a: Landorus|brn
|
|-heal|p1a: Talonflame|216\/360|[from] item: Leftovers
|-damage|p2a: Landorus|280\/319 brn|[from] brn
|turn|26
|
|switch|p1a: Latios|Latios, M|176\/301
|move|p2a: Landorus|Sludge Wave|p1a: Latios
|-damage|p1a: Latios|11\/301
|
|-damage|p2a: Landorus|241\/319 brn|[from] brn
|turn|27
|
|switch|p2a: Sylveon|Sylveon, M|336\/394
|move|p1a: Latios|Roost|p1a: Latios
|-heal|p1a: Latios|162\/301
|
|-heal|p2a: Sylveon|360\/394|[from] item: Leftovers
|turn|28
|
|switch|p1a: Talonflame|Talonflame, F|216\/360
|move|p2a: Sylveon|Heal Bell|p2a: Sylveon
|-cureteam|p2a: Sylveon|[from] move: HealBell
|
|-heal|p1a: Talonflame|238\/360|[from] item: Leftovers
|-heal|p2a: Sylveon|384\/394|[from] item: Leftovers
|turn|29
|
|move|p1a: Talonflame|Will-O-Wisp|p2a: Sylveon
|-status|p2a: Sylveon|brn
|move|p2a: Sylveon|Wish|p2a: Sylveon
|
|-heal|p1a: Talonflame|260\/360|[from] item: Leftovers
|-heal|p2a: Sylveon|394\/394 brn|[from] item: Leftovers
|-damage|p2a: Sylveon|345\/394 brn|[from] brn
|turn|30
|
|switch|p2a: Smeargle|Smeargle, F, shiny|112\/313
|move|p1a: Talonflame|Bulk Up|p1a: Talonflame
|-boost|p1a: Talonflame|atk|1
|-boost|p1a: Talonflame|def|1
|
|-heal|p2a: Smeargle|309\/313|[from] move: Wish|[wisher] Sylveon
|-heal|p1a: Talonflame|282\/360|[from] item: Leftovers
|turn|31
|
|switch|p1a: Landorus-Therian|Landorus-Therian, M|381\/381
|-ability|p1a: Landorus-Therian|Intimidate|[of] p2a: Smeargle
|-unboost|p2a: Smeargle|atk|1
|move|p2a: Smeargle|Stealth Rock|p1a: Landorus-Therian
|-sidestart|p1: napty|move: Stealth Rock
|
|turn|32
|
|move|p2a: Smeargle|King's Shield|p2a: Smeargle
|-singleturn|p2a: Smeargle|Protect
|move|p1a: Landorus-Therian|Stealth Rock|p2a: Smeargle
|-sidestart|p2: Higgz Bozon|move: Stealth Rock
|
|turn|33
|
|move|p2a: Smeargle|Dark Void|p1a: Landorus-Therian
|-status|p1a: Landorus-Therian|slp
|cant|p1a: Landorus-Therian|slp
|
|turn|34
|
|switch|p2a: Tornadus-Therian|Tornadus-Therian, M|299\/299
|-damage|p2a: Tornadus-Therian|225\/299|[from] Stealth Rock
|switch|p1a: Latios|Latios, M|162\/301
|-damage|p1a: Latios|125\/301|[from] Stealth Rock
|
|turn|35
|
|switch|p1a: Keldeo-Resolute|Keldeo-Resolute|323\/324
|-damage|p1a: Keldeo-Resolute|303\/324|[from] Stealth Rock
|move|p2a: Tornadus-Therian|Knock Off|p1a: Keldeo-Resolute
|-resisted|p1a: Keldeo-Resolute
|-damage|p1a: Keldeo-Resolute|253\/324
|-boost|p1a: Keldeo-Resolute|atk|1|[from] ability: Justified
|-enditem|p1a: Keldeo-Resolute|Leftovers|[from] move: Knock Off|[of] p2a: Tornadus-Therian
|
|turn|36
|
|switch|p1a: Jirachi|Jirachi|327\/404
|-damage|p1a: Jirachi|302\/404|[from] Stealth Rock
|move|p2a: Tornadus-Therian|Hurricane|p1a: Jirachi
|-resisted|p1a: Jirachi
|-damage|p1a: Jirachi|242\/404
|-start|p1a: Jirachi|confusion
|
|turn|37
|
|move|p2a: Tornadus-Therian|U-turn|p1a: Jirachi
|-damage|p1a: Jirachi|166\/404
|
|switch|p2a: Landorus|Landorus, M, shiny|241\/319
|-damage|p2a: Landorus|202\/319|[from] Stealth Rock
|-activate|p1a: Jirachi|confusion
|-damage|p1a: Jirachi|133\/404|[from] confusion
|
|turn|38
|c|ânapty|of course
|
|switch|p1a: Latios|Latios, M|125\/301
|-damage|p1a: Latios|88\/301|[from] Stealth Rock
|move|p2a: Landorus|Rock Polish|p2a: Landorus
|-boost|p2a: Landorus|spe|2
|
|turn|39
|
|move|p2a: Landorus|Sludge Wave|p1a: Latios
|-crit|p1a: Latios
|-damage|p1a: Latios|0 fnt
|faint|p1a: Latios
|
|-message|napty forfeited.
|
|win|Higgz Bozon
|raw|Ladder updating...
|leave|napty
|player|p1
|raw|napty's rating: 1540 &rarr; <strong>1517<\/strong><br \/>(-23 for losing)
|raw|Higgz Bozon's rating: 1479 &rarr; <strong>1502<\/strong><br \/>(+23 for winning)