|join|napty
|join|captainhankmurphy
|player|p1|napty|140
|player|p2|captainhankmurphy|141
|gametype|singles
|gen|6
|tier|OU
|rated
|clearpoke
|poke|p1|Gardevoir, F
|poke|p1|Keldeo-Resolute
|poke|p1|Landorus-Therian, M
|poke|p1|Jirachi
|poke|p1|Talonflame, F
|poke|p1|Latios, M
|poke|p2|Charizard, F
|poke|p2|Crawdaunt, F
|poke|p2|Bisharp, M
|poke|p2|Ferrothorn, M
|poke|p2|Keldeo
|poke|p2|Mew
|rule|Swagger Clause: Swagger is banned
|rule|Baton Pass Clause: Limit one PokÃ©mon knowing Baton Pass
|rule|Sleep Clause Mod: Limit one foe put to sleep
|rule|Species Clause: Limit one of each PokÃ©mon
|rule|OHKO Clause: OHKO moves are banned
|rule|Moody Clause: Moody is banned
|rule|Evasion Moves Clause: Evasion moves are banned
|rule|Endless Battle Clause: Forcing endless battles is banned
|rule|HP Percentage Mod: HP is shown in percentages
|teampreview
|c|ânapty|hello
|c|âcaptainhankmurphy|yooooo
|
|start
|switch|p1a: Gardevoir|Gardevoir, F|277\/277
|switch|p2a: Charizard|Charizard, F|297\/297
|-ability|p1a: Gardevoir|Solar Power|[from] ability: Trace|[of] p2a: Charizard
|turn|1
|
|switch|p1a: Talonflame|Talonflame, F|360\/360
|detailschange|p2a: Charizard|Charizard-Mega-Y, F
|-mega|p2a: Charizard|Charizard|Charizardite Y
|-weather|SunnyDay
|move|p2a: Charizard|Air Slash|p1a: Talonflame
|-damage|p1a: Talonflame|218\/360
|
|-weather|SunnyDay|[upkeep]
|-heal|p1a: Talonflame|240\/360|[from] item: Leftovers
|turn|2
|
|switch|p2a: Ferrothorn|Ferrothorn, M|351\/351
|move|p1a: Talonflame|Roost|p1a: Talonflame
|-heal|p1a: Talonflame|360\/360
|
|-weather|SunnyDay|[upkeep]
|turn|3
|
|move|p1a: Talonflame|Will-O-Wisp|p2a: Ferrothorn
|-status|p2a: Ferrothorn|brn
|move|p2a: Ferrothorn|Stealth Rock|p1a: Talonflame
|-sidestart|p1: napty|move: Stealth Rock
|
|-weather|SunnyDay|[upkeep]
|-damage|p2a: Ferrothorn|308\/351 brn|[from] brn
|turn|4
|
|switch|p2a: Crawdaunt|Crawdaunt, F|329\/329
|move|p1a: Talonflame|Bulk Up|p1a: Talonflame
|-boost|p1a: Talonflame|atk|1
|-boost|p1a: Talonflame|def|1
|
|-weather|SunnyDay|[upkeep]
|turn|5
|
|move|p1a: Talonflame|Will-O-Wisp|p2a: Crawdaunt
|-status|p2a: Crawdaunt|brn
|move|p2a: Crawdaunt|Waterfall|p1a: Talonflame
|-supereffective|p1a: Talonflame
|-damage|p1a: Talonflame|216\/360
|
|-weather|none
|-heal|p1a: Talonflame|238\/360|[from] item: Leftovers
|-damage|p2a: Crawdaunt|288\/329 brn|[from] brn
|turn|6
|
|move|p1a: Talonflame|Bulk Up|p1a: Talonflame
|-boost|p1a: Talonflame|atk|1
|-boost|p1a: Talonflame|def|1
|move|p2a: Crawdaunt|Waterfall|p1a: Talonflame
|-supereffective|p1a: Talonflame
|-damage|p1a: Talonflame|34\/360
|
|-heal|p1a: Talonflame|56\/360|[from] item: Leftovers
|-damage|p2a: Crawdaunt|247\/329 brn|[from] brn
|turn|7
|c|ânapty|is that banded
|
|move|p1a: Talonflame|Roost|p1a: Talonflame
|-heal|p1a: Talonflame|236\/360
|move|p2a: Crawdaunt|Waterfall|p1a: Talonflame
|-supereffective|p1a: Talonflame
|-damage|p1a: Talonflame|28\/360
|
|-heal|p1a: Talonflame|50\/360|[from] item: Leftovers
|-damage|p2a: Crawdaunt|206\/329 brn|[from] brn
|turn|8
|c|âcaptainhankmurphy|ye
|
|move|p1a: Talonflame|Roost|p1a: Talonflame
|-heal|p1a: Talonflame|230\/360
|move|p2a: Crawdaunt|Waterfall|p1a: Talonflame
|-supereffective|p1a: Talonflame
|-damage|p1a: Talonflame|46\/360
|
|-heal|p1a: Talonflame|68\/360|[from] item: Leftovers
|-damage|p2a: Crawdaunt|165\/329 brn|[from] brn
|turn|9
|
|switch|p1a: Latios|Latios, M|301\/301
|-damage|p1a: Latios|264\/301|[from] Stealth Rock
|move|p2a: Crawdaunt|Waterfall|p1a: Latios
|-resisted|p1a: Latios
|-damage|p1a: Latios|180\/301
|
|-damage|p2a: Crawdaunt|124\/329 brn|[from] brn
|turn|10
|
|move|p1a: Latios|Draco Meteor|p2a: Crawdaunt
|-damage|p2a: Crawdaunt|0 fnt
|-unboost|p1a: Latios|spa|2
|-damage|p1a: Latios|150\/301|[from] item: Life Orb
|faint|p2a: Crawdaunt
|
|
|switch|p2a: Bisharp|Bisharp, M|271\/271
|turn|11
|c|ânapty|i have hp fighting
|
|move|p1a: Latios|Defog|p2a: Bisharp
|-unboost|p2a: Bisharp|evasion|1
|-boost|p2a: Bisharp|atk|2|[from] ability: Defiant
|-sideend|p1: napty|Stealth Rock|[from] move: Defog|[of] p1a: Latios
|move|p2a: Bisharp|Knock Off|p1a: Latios
|-crit|p1a: Latios
|-supereffective|p1a: Latios
|-damage|p1a: Latios|0 fnt
|-enditem|p1a: Latios|Life Orb|[from] move: Knock Off|[of] p2a: Bisharp
|-damage|p2a: Bisharp|244\/271|[from] item: Life Orb
|faint|p1a: Latios
|
|c|âcaptainhankmurphy|you trickster
|c|ânapty|:[
|
|switch|p1a: Keldeo-Resolute|Keldeo-Resolute|324\/324
|turn|12
|
|switch|p2a: Mew|Mew|403\/403
|move|p1a: Keldeo-Resolute|Substitute|p1a: Keldeo-Resolute
|-start|p1a: Keldeo-Resolute|Substitute
|-damage|p1a: Keldeo-Resolute|243\/324
|
|-heal|p1a: Keldeo-Resolute|263\/324|[from] item: Leftovers
|turn|13
|
|move|p1a: Keldeo-Resolute|Calm Mind|p1a: Keldeo-Resolute
|-boost|p1a: Keldeo-Resolute|spa|1
|-boost|p1a: Keldeo-Resolute|spd|1
|move|p2a: Mew|Psychic|p1a: Keldeo-Resolute
|-supereffective|p1a: Keldeo-Resolute
|-end|p1a: Keldeo-Resolute|Substitute
|
|-heal|p1a: Keldeo-Resolute|283\/324|[from] item: Leftovers
|turn|14
|
|move|p1a: Keldeo-Resolute|Substitute|p1a: Keldeo-Resolute
|-start|p1a: Keldeo-Resolute|Substitute
|-damage|p1a: Keldeo-Resolute|202\/324
|move|p2a: Mew|Psychic|p1a: Keldeo-Resolute
|-supereffective|p1a: Keldeo-Resolute
|-end|p1a: Keldeo-Resolute|Substitute
|
|-heal|p1a: Keldeo-Resolute|222\/324|[from] item: Leftovers
|turn|15
|c|ânapty|this is actually the first time I see a mew with psychic xD
|
|move|p1a: Keldeo-Resolute|Scald|p2a: Mew
|-damage|p2a: Mew|261\/403
|move|p2a: Mew|Psychic|p1a: Keldeo-Resolute
|-supereffective|p1a: Keldeo-Resolute
|-damage|p1a: Keldeo-Resolute|76\/324
|
|-heal|p1a: Keldeo-Resolute|96\/324|[from] item: Leftovers
|-heal|p2a: Mew|286\/403|[from] item: Leftovers
|turn|16
|
|move|p1a: Keldeo-Resolute|Scald|p2a: Mew
|-damage|p2a: Mew|135\/403
|move|p2a: Mew|Psychic|p1a: Keldeo-Resolute
|-supereffective|p1a: Keldeo-Resolute
|-damage|p1a: Keldeo-Resolute|0 fnt
|faint|p1a: Keldeo-Resolute
|
|-heal|p2a: Mew|160\/403|[from] item: Leftovers
|c|âcaptainhankmurphy|i meant to put psychock but never changed it lolz
|
|switch|p1a: Gardevoir|Gardevoir, F|277\/277
|-ability|p1a: Gardevoir|Synchronize|[from] ability: Trace|[of] p2a: Mew
|turn|17
|
|switch|p2a: Ferrothorn|Ferrothorn, M|308\/351 brn
|detailschange|p1a: Gardevoir|Gardevoir-Mega, F
|-mega|p1a: Gardevoir|Gardevoir|Gardevoirite
|move|p1a: Gardevoir|Hyper Voice|p2a: Ferrothorn
|-resisted|p2a: Ferrothorn
|-damage|p2a: Ferrothorn|188\/351 brn
|
|-damage|p2a: Ferrothorn|145\/351 brn|[from] brn
|turn|18
|
|move|p1a: Gardevoir|Taunt|p2a: Ferrothorn
|-start|p2a: Ferrothorn|move: Taunt
|cant|p2a: Ferrothorn|move: Taunt|Stealth Rock
|
|-damage|p2a: Ferrothorn|102\/351 brn|[from] brn
|turn|19
|c|âcaptainhankmurphy|oh nooooo
|c|ânapty|:D
|
|move|p1a: Gardevoir|Hyper Voice|p2a: Ferrothorn
|-resisted|p2a: Ferrothorn
|-damage|p2a: Ferrothorn|0 fnt
|faint|p2a: Ferrothorn
|
|c|ânapty|you still win tho xD
|
|switch|p2a: Charizard|Charizard-Mega-Y, F|297\/297
|-weather|SunnyDay
|turn|20
|
|move|p2a: Charizard|Fire Blast|p1a: Gardevoir|[miss]
|-miss|p2a: Charizard|p1a: Gardevoir
|move|p1a: Gardevoir|Psyshock|p2a: Charizard
|-damage|p2a: Charizard|29\/297
|
|-weather|SunnyDay|[upkeep]
|turn|21
|c|âcaptainhankmurphy|fire blast miss tho
|
|switch|p1a: Jirachi|Jirachi|404\/404
|move|p2a: Charizard|Fire Blast|p1a: Jirachi
|-supereffective|p1a: Jirachi
|-damage|p1a: Jirachi|0 fnt
|faint|p1a: Jirachi
|
|-weather|SunnyDay|[upkeep]
|c|ânapty|yep,i guess this is the price to pay for using this monster xD
|
|switch|p1a: Talonflame|Talonflame, F|68\/360
|turn|22
|
|move|p1a: Talonflame|Roost|p1a: Talonflame
|-heal|p1a: Talonflame|248\/360
|move|p2a: Charizard|Earthquake|p1a: Talonflame
|-supereffective|p1a: Talonflame
|-damage|p1a: Talonflame|34\/360
|
|-weather|SunnyDay|[upkeep]
|-heal|p1a: Talonflame|56\/360|[from] item: Leftovers
|turn|23
|c|âcaptainhankmurphy|quake da earth
|c|âcaptainhankmurphy|shieeet
|c|ânapty|shit xD
|
|switch|p2a: Mew|Mew|160\/403
|move|p1a: Talonflame|Brave Bird|p2a: Mew
|-crit|p2a: Mew
|-damage|p2a: Mew|0 fnt
|-damage|p1a: Talonflame|3\/360|[from] recoil|[of] p2a: Mew
|faint|p2a: Mew
|
|-weather|SunnyDay|[upkeep]
|-heal|p1a: Talonflame|25\/360|[from] item: Leftovers
|c|ânapty|1% xD
|c|âcaptainhankmurphy|dammitz
|c|ânapty|:D
|
|switch|p2a: Bisharp|Bisharp, M|244\/271
|turn|24
|
|move|p1a: Talonflame|Will-O-Wisp|p2a: Bisharp
|-status|p2a: Bisharp|brn
|move|p2a: Bisharp|Knock Off|p1a: Talonflame
|-damage|p1a: Talonflame|0 fnt
|-enditem|p1a: Talonflame|Leftovers|[from] move: Knock Off|[of] p2a: Bisharp
|-damage|p2a: Bisharp|217\/271 brn|[from] item: Life Orb
|faint|p1a: Talonflame
|
|-weather|none
|-damage|p2a: Bisharp|184\/271 brn|[from] brn
|
|switch|p1a: Landorus-Therian|Landorus-Therian, M|381\/381
|-ability|p1a: Landorus-Therian|Intimidate|[of] p2a: Bisharp
|-unboost|p2a: Bisharp|atk|1
|-boost|p2a: Bisharp|atk|2|[from] ability: Defiant
|turn|25
|
|move|p2a: Bisharp|Iron Head|p1a: Landorus-Therian
|-damage|p1a: Landorus-Therian|284\/381
|-damage|p2a: Bisharp|139\/271 brn|[from] item: Rocky Helmet|[of] p1a: Landorus-Therian
|-damage|p2a: Bisharp|112\/271 brn|[from] item: Life Orb
|move|p1a: Landorus-Therian|Stone Edge|p2a: Bisharp|[miss]
|-miss|p1a: Landorus-Therian|p2a: Bisharp
|
|-damage|p2a: Bisharp|79\/271 brn|[from] brn
|turn|26
|
|move|p2a: Bisharp|Iron Head|p1a: Landorus-Therian
|-damage|p1a: Landorus-Therian|175\/381
|-damage|p2a: Bisharp|34\/271 brn|[from] item: Rocky Helmet|[of] p1a: Landorus-Therian
|-damage|p2a: Bisharp|7\/271 brn|[from] item: Life Orb
|cant|p1a: Landorus-Therian|flinch
|
|-damage|p2a: Bisharp|0 fnt|[from] brn
|faint|p2a: Bisharp
|c|ânapty|FUCK
|c|âcaptainhankmurphy|you gonna rockz?
|c|ânapty|yes
|
|switch|p2a: Keldeo|Keldeo|323\/323
|turn|27
|c|âcaptainhankmurphy|ah man
|
|move|p2a: Keldeo|Scald|p1a: Landorus-Therian
|-crit|p1a: Landorus-Therian
|-supereffective|p1a: Landorus-Therian
|-damage|p1a: Landorus-Therian|0 fnt
|faint|p1a: Landorus-Therian
|
|
|switch|p1a: Gardevoir|Gardevoir-Mega, F|277\/277
|turn|28
|c|ânapty|gg,stupid flinch
|
|move|p2a: Keldeo|Scald|p1a: Gardevoir
|-damage|p1a: Gardevoir|169\/277
|-status|p1a: Gardevoir|brn
|move|p1a: Gardevoir|Psyshock|p2a: Keldeo
|-supereffective|p2a: Keldeo
|-damage|p2a: Keldeo|0 fnt
|faint|p2a: Keldeo
|
|-damage|p1a: Gardevoir|135\/277 brn|[from] brn
|c|âcaptainhankmurphy|i could still miss fire blast dough
|c|ânapty|you wont
|c|ânapty|hurry up pls, there aint 15000 possibility xD
|
|switch|p2a: Charizard|Charizard-Mega-Y, F|29\/297
|-weather|SunnyDay
|turn|29
|c|âcaptainhankmurphy|oh noesss
|
|move|p2a: Charizard|Fire Blast|p1a: Gardevoir
|-damage|p1a: Gardevoir|0 fnt
|faint|p1a: Gardevoir
|
|win|captainhankmurphy
|raw|Ladder updating...
|leave|napty
|raw|napty's rating: 1499 &rarr; <strong>1476<\/strong><br \/>(-23 for losing)
|raw|captainhankmurphy's rating: 1448 &rarr; <strong>1471<\/strong><br \/>(+23 for winning)