|join|napty
|join|Mudkipfucker1
|player|p1|napty|140
|player|p2|Mudkipfucker1|43
|gametype|singles
|gen|6
|tier|OU
|rated
|clearpoke
|poke|p1|Gardevoir, F
|poke|p1|Keldeo-Resolute
|poke|p1|Landorus-Therian, M
|poke|p1|Jirachi
|poke|p1|Talonflame, F
|poke|p1|Latios, M
|poke|p2|Talonflame, F
|poke|p2|Serperior, M
|poke|p2|Garchomp, F
|poke|p2|Latias, F
|poke|p2|Metagross
|poke|p2|Gyarados, F
|rule|Swagger Clause: Swagger is banned
|rule|Baton Pass Clause: Limit one PokÃ©mon knowing Baton Pass
|rule|Sleep Clause Mod: Limit one foe put to sleep
|rule|Species Clause: Limit one of each PokÃ©mon
|rule|OHKO Clause: OHKO moves are banned
|rule|Moody Clause: Moody is banned
|rule|Evasion Moves Clause: Evasion moves are banned
|rule|Endless Battle Clause: Forcing endless battles is banned
|rule|HP Percentage Mod: HP is shown in percentages
|teampreview
|c|ânapty|hi
|
|start
|switch|p1a: Talonflame|Talonflame, F|360\/360
|switch|p2a: notmudkip|Serperior, M|291\/291
|turn|1
|c|âMudkipfucker1|hello there
|
|switch|p2a: notmudkip|Garchomp, F|420\/420
|move|p1a: Talonflame|Bulk Up|p1a: Talonflame
|-boost|p1a: Talonflame|atk|1
|-boost|p1a: Talonflame|def|1
|
|turn|2
|c|ânapty|sup
|
|move|p1a: Talonflame|Will-O-Wisp|p2a: notmudkip|[miss]
|-miss|p1a: Talonflame|p2a: notmudkip
|move|p2a: notmudkip|Stealth Rock|p1a: Talonflame
|-sidestart|p1: napty|move: Stealth Rock
|
|turn|3
|
|move|p1a: Talonflame|Will-O-Wisp|p2a: notmudkip
|-status|p2a: notmudkip|brn
|move|p2a: notmudkip|Dragon Tail|p1a: Talonflame
|-crit|p1a: Talonflame
|-damage|p1a: Talonflame|276\/360
|drag|p1a: Gardevoir|Gardevoir, F|277\/277
|-damage|p1a: Gardevoir|243\/277|[from] Stealth Rock
|-ability|p1a: Gardevoir|Rough Skin|[from] ability: Trace|[of] p2a: notmudkip
|
|-damage|p2a: notmudkip|368\/420 brn|[from] brn
|turn|4
|c|ânapty|you're slower
|
|switch|p2a: notmudkip|Metagross|302\/302
|detailschange|p1a: Gardevoir|Gardevoir-Mega, F
|-mega|p1a: Gardevoir|Gardevoir|Gardevoirite
|move|p1a: Gardevoir|Hyper Voice|p2a: notmudkip
|-resisted|p2a: notmudkip
|-damage|p2a: notmudkip|164\/302
|
|turn|5
|c|âMudkipfucker1|I guess
|
|detailschange|p2a: notmudkip|Metagross-Mega
|-mega|p2a: notmudkip|Metagross|Metagrossite
|move|p1a: Gardevoir|Focus Blast|p2a: notmudkip|[miss]
|-miss|p1a: Gardevoir|p2a: notmudkip
|move|p2a: notmudkip|Zen Headbutt|p1a: Gardevoir
|-resisted|p1a: Gardevoir
|-damage|p1a: Gardevoir|114\/277
|
|turn|6
|
|move|p2a: notmudkip|Meteor Mash|p1a: Gardevoir
|-supereffective|p1a: Gardevoir
|-damage|p1a: Gardevoir|0 fnt
|faint|p1a: Gardevoir
|
|
|switch|p1a: Landorus-Therian|Landorus-Therian, M|381\/381
|-damage|p1a: Landorus-Therian|334\/381|[from] Stealth Rock
|-ability|p1a: Landorus-Therian|Intimidate|[of] p2a: notmudkip
|-unboost|p2a: notmudkip|atk|1
|turn|7
|c|âMudkipfucker1|sorry you are getting unlucky
|
|switch|p2a: notmudkip|Garchomp, F|368\/420 brn
|move|p1a: Landorus-Therian|U-turn|p2a: notmudkip
|-damage|p2a: notmudkip|315\/420 brn
|-damage|p1a: Landorus-Therian|287\/381|[from] ability: Rough Skin|[of] p2a: notmudkip
|-damage|p1a: Landorus-Therian|224\/381|[from] item: Rocky Helmet|[of] p2a: notmudkip
|c|ânapty|yes, as usual
|
|switch|p1a: Latios|Latios, M|301\/301
|-damage|p1a: Latios|264\/301|[from] Stealth Rock
|
|-damage|p2a: notmudkip|263\/420 brn|[from] brn
|turn|8
|
|switch|p2a: notmudkip|Serperior, M|291\/291
|move|p1a: Latios|Defog|p2a: notmudkip
|-boost|p2a: notmudkip|evasion|1
|-sideend|p1: napty|Stealth Rock|[from] move: Defog|[of] p1a: Latios
|
|turn|9
|
|move|p2a: notmudkip|Substitute|p2a: notmudkip
|-start|p2a: notmudkip|Substitute
|-damage|p2a: notmudkip|219\/291
|move|p1a: Latios|Draco Meteor|p2a: notmudkip|[miss]
|-miss|p1a: Latios|p2a: notmudkip
|
|turn|10
|c|ânapty|really
|
|switch|p1a: Jirachi|Jirachi|404\/404
|move|p2a: notmudkip|Dragon Pulse|p1a: Jirachi
|-resisted|p1a: Jirachi
|-damage|p1a: Jirachi|376\/404
|
|-heal|p1a: Jirachi|401\/404|[from] item: Leftovers
|turn|11
|
|move|p1a: Jirachi|Protect|p1a: Jirachi
|-singleturn|p1a: Jirachi|Protect
|move|p2a: notmudkip|Leaf Storm|p1a: Jirachi
|-activate|p1a: Jirachi|Protect
|
|-heal|p1a: Jirachi|404\/404|[from] item: Leftovers
|turn|12
|
|move|p2a: notmudkip|Leaf Storm|p1a: Jirachi
|-resisted|p1a: Jirachi
|-damage|p1a: Jirachi|341\/404
|-boost|p2a: notmudkip|spa|2
|move|p1a: Jirachi|Wish|p1a: Jirachi
|
|-heal|p1a: Jirachi|366\/404|[from] item: Leftovers
|turn|13
|
|switch|p1a: Talonflame|Talonflame, F|276\/360
|move|p2a: notmudkip|Hidden Power|p1a: Talonflame
|-resisted|p1a: Talonflame
|-damage|p1a: Talonflame|228\/360
|
|-heal|p1a: Talonflame|360\/360|[from] move: Wish|[wisher] Jirachi
|turn|14
|
|move|p1a: Talonflame|Brave Bird|p2a: notmudkip
|-supereffective|p2a: notmudkip
|-end|p2a: notmudkip|Substitute
|-damage|p1a: Talonflame|336\/360|[from] recoil|[of] p2a: notmudkip
|move|p2a: notmudkip|Dragon Pulse|p1a: Talonflame
|-damage|p1a: Talonflame|215\/360
|
|-heal|p1a: Talonflame|237\/360|[from] item: Leftovers
|turn|15
|
|switch|p2a: notmudkip|Garchomp, F|263\/420 brn
|move|p1a: Talonflame|Brave Bird|p2a: notmudkip
|-damage|p2a: notmudkip|173\/420 brn
|-damage|p1a: Talonflame|192\/360|[from] ability: Rough Skin|[of] p2a: notmudkip
|-damage|p1a: Talonflame|132\/360|[from] item: Rocky Helmet|[of] p2a: notmudkip
|-damage|p1a: Talonflame|102\/360|[from] recoil|[of] p2a: notmudkip
|
|-heal|p1a: Talonflame|124\/360|[from] item: Leftovers
|-damage|p2a: notmudkip|121\/420 brn|[from] brn
|turn|16
|
|move|p1a: Talonflame|Roost|p1a: Talonflame
|-heal|p1a: Talonflame|304\/360
|move|p2a: notmudkip|Dragon Tail|p1a: Talonflame
|-damage|p1a: Talonflame|241\/360
|drag|p1a: Landorus-Therian|Landorus-Therian, M|224\/381
|-ability|p1a: Landorus-Therian|Intimidate|[of] p2a: notmudkip
|-unboost|p2a: notmudkip|atk|1
|
|-damage|p2a: notmudkip|69\/420 brn|[from] brn
|turn|17
|
|switch|p2a: notmudkip|Gyarados, F|331\/331
|-ability|p2a: notmudkip|Intimidate|[of] p1a: Landorus-Therian
|-unboost|p1a: Landorus-Therian|atk|1
|move|p1a: Landorus-Therian|Earthquake|p2a: notmudkip
|-immune|p2a: notmudkip|[msg]
|
|turn|18
|
|move|p2a: notmudkip|Substitute|p2a: notmudkip
|-start|p2a: notmudkip|Substitute
|-damage|p2a: notmudkip|249\/331
|move|p1a: Landorus-Therian|Stone Edge|p2a: notmudkip
|-supereffective|p2a: notmudkip
|-end|p2a: notmudkip|Substitute
|
|-heal|p2a: notmudkip|269\/331|[from] item: Leftovers
|turn|19
|
|switch|p1a: Keldeo-Resolute|Keldeo-Resolute|324\/324
|move|p2a: notmudkip|Waterfall|p1a: Keldeo-Resolute
|-resisted|p1a: Keldeo-Resolute
|-damage|p1a: Keldeo-Resolute|246\/324
|
|-heal|p1a: Keldeo-Resolute|266\/324|[from] item: Leftovers
|-heal|p2a: notmudkip|289\/331|[from] item: Leftovers
|turn|20
|
|move|p1a: Keldeo-Resolute|Calm Mind|p1a: Keldeo-Resolute
|-boost|p1a: Keldeo-Resolute|spa|1
|-boost|p1a: Keldeo-Resolute|spd|1
|move|p2a: notmudkip|Dragon Dance|p2a: notmudkip
|-boost|p2a: notmudkip|atk|1
|-boost|p2a: notmudkip|spe|1
|
|-heal|p2a: notmudkip|309\/331|[from] item: Leftovers
|-heal|p1a: Keldeo-Resolute|286\/324|[from] item: Leftovers
|turn|21
|
|move|p2a: notmudkip|Substitute|p2a: notmudkip
|-start|p2a: notmudkip|Substitute
|-damage|p2a: notmudkip|227\/331
|move|p1a: Keldeo-Resolute|Substitute|p1a: Keldeo-Resolute
|-start|p1a: Keldeo-Resolute|Substitute
|-damage|p1a: Keldeo-Resolute|205\/324
|
|-heal|p2a: notmudkip|247\/331|[from] item: Leftovers
|-heal|p1a: Keldeo-Resolute|225\/324|[from] item: Leftovers
|turn|22
|
|move|p2a: notmudkip|Waterfall|p1a: Keldeo-Resolute
|-resisted|p1a: Keldeo-Resolute
|-end|p1a: Keldeo-Resolute|Substitute
|move|p1a: Keldeo-Resolute|Calm Mind|p1a: Keldeo-Resolute
|-boost|p1a: Keldeo-Resolute|spa|1
|-boost|p1a: Keldeo-Resolute|spd|1
|
|-heal|p2a: notmudkip|267\/331|[from] item: Leftovers
|-heal|p1a: Keldeo-Resolute|245\/324|[from] item: Leftovers
|turn|23
|
|move|p2a: notmudkip|Dragon Dance|p2a: notmudkip
|-boost|p2a: notmudkip|atk|1
|-boost|p2a: notmudkip|spe|1
|move|p1a: Keldeo-Resolute|Substitute|p1a: Keldeo-Resolute
|-start|p1a: Keldeo-Resolute|Substitute
|-damage|p1a: Keldeo-Resolute|164\/324
|
|-heal|p2a: notmudkip|287\/331|[from] item: Leftovers
|-heal|p1a: Keldeo-Resolute|184\/324|[from] item: Leftovers
|turn|24
|
|move|p2a: notmudkip|Waterfall|p1a: Keldeo-Resolute
|-resisted|p1a: Keldeo-Resolute
|-end|p1a: Keldeo-Resolute|Substitute
|move|p1a: Keldeo-Resolute|Secret Sword|p2a: notmudkip
|-resisted|p2a: notmudkip
|-end|p2a: notmudkip|Substitute
|
|-heal|p2a: notmudkip|307\/331|[from] item: Leftovers
|-heal|p1a: Keldeo-Resolute|204\/324|[from] item: Leftovers
|turn|25
|
|move|p2a: notmudkip|Substitute|p2a: notmudkip
|-start|p2a: notmudkip|Substitute
|-damage|p2a: notmudkip|225\/331
|move|p1a: Keldeo-Resolute|Substitute|p1a: Keldeo-Resolute
|-start|p1a: Keldeo-Resolute|Substitute
|-damage|p1a: Keldeo-Resolute|123\/324
|
|-heal|p2a: notmudkip|245\/331|[from] item: Leftovers
|-heal|p1a: Keldeo-Resolute|143\/324|[from] item: Leftovers
|turn|26
|
|move|p2a: notmudkip|Waterfall|p1a: Keldeo-Resolute
|-resisted|p1a: Keldeo-Resolute
|-end|p1a: Keldeo-Resolute|Substitute
|move|p1a: Keldeo-Resolute|Secret Sword|p2a: notmudkip
|-resisted|p2a: notmudkip
|-end|p2a: notmudkip|Substitute
|
|-heal|p2a: notmudkip|265\/331|[from] item: Leftovers
|-heal|p1a: Keldeo-Resolute|163\/324|[from] item: Leftovers
|turn|27
|
|move|p2a: notmudkip|Substitute|p2a: notmudkip
|-start|p2a: notmudkip|Substitute
|-damage|p2a: notmudkip|183\/331
|move|p1a: Keldeo-Resolute|Scald|p2a: notmudkip
|-resisted|p2a: notmudkip
|-end|p2a: notmudkip|Substitute
|
|-heal|p2a: notmudkip|203\/331|[from] item: Leftovers
|-heal|p1a: Keldeo-Resolute|183\/324|[from] item: Leftovers
|turn|28
|
|move|p2a: notmudkip|Bounce|p1a: Keldeo-Resolute|[still]
|-prepare|p2a: notmudkip|Bounce|p1a: Keldeo-Resolute
|move|p1a: Keldeo-Resolute|Scald|p2a: notmudkip|[miss]
|-miss|p1a: Keldeo-Resolute|p2a: notmudkip
|
|-heal|p2a: notmudkip|223\/331|[from] item: Leftovers
|-heal|p1a: Keldeo-Resolute|203\/324|[from] item: Leftovers
|turn|29
|
|move|p2a: notmudkip|Bounce|p1a: Keldeo-Resolute|[miss]
|-miss|p2a: notmudkip|p1a: Keldeo-Resolute
|move|p1a: Keldeo-Resolute|Substitute|p1a: Keldeo-Resolute
|-start|p1a: Keldeo-Resolute|Substitute
|-damage|p1a: Keldeo-Resolute|122\/324
|
|-heal|p2a: notmudkip|243\/331|[from] item: Leftovers
|-heal|p1a: Keldeo-Resolute|142\/324|[from] item: Leftovers
|turn|30
|c|âMudkipfucker1|well it's justice
|
|move|p2a: notmudkip|Waterfall|p1a: Keldeo-Resolute
|-resisted|p1a: Keldeo-Resolute
|-end|p1a: Keldeo-Resolute|Substitute
|move|p1a: Keldeo-Resolute|Scald|p2a: notmudkip
|-resisted|p2a: notmudkip
|-damage|p2a: notmudkip|111\/331
|
|-heal|p2a: notmudkip|131\/331|[from] item: Leftovers
|-heal|p1a: Keldeo-Resolute|162\/324|[from] item: Leftovers
|turn|31
|c|ânapty|kinda
|
|move|p2a: notmudkip|Waterfall|p1a: Keldeo-Resolute
|-resisted|p1a: Keldeo-Resolute
|-damage|p1a: Keldeo-Resolute|0 fnt
|faint|p1a: Keldeo-Resolute
|
|-heal|p2a: notmudkip|151\/331|[from] item: Leftovers
|
|switch|p1a: Landorus-Therian|Landorus-Therian, M|224\/381
|-ability|p1a: Landorus-Therian|Intimidate|[of] p2a: notmudkip
|-unboost|p2a: notmudkip|atk|1
|turn|32
|
|move|p2a: notmudkip|Bounce|p1a: Landorus-Therian|[still]
|-prepare|p2a: notmudkip|Bounce|p1a: Landorus-Therian
|move|p1a: Landorus-Therian|Stone Edge|p2a: notmudkip|[miss]
|-miss|p1a: Landorus-Therian|p2a: notmudkip
|
|-heal|p2a: notmudkip|171\/331|[from] item: Leftovers
|turn|33
|
|move|p2a: notmudkip|Bounce|p1a: Landorus-Therian
|-damage|p1a: Landorus-Therian|29\/381
|-damage|p2a: notmudkip|116\/331|[from] item: Rocky Helmet|[of] p1a: Landorus-Therian
|move|p1a: Landorus-Therian|Stone Edge|p2a: notmudkip
|-supereffective|p2a: notmudkip
|-damage|p2a: notmudkip|0 fnt
|faint|p2a: notmudkip
|
|
|switch|p2a: notmudkip|Serperior, M|219\/291
|turn|34
|
|switch|p1a: Talonflame|Talonflame, F|241\/360
|move|p2a: notmudkip|Leaf Storm|p1a: Talonflame
|-resisted|p1a: Talonflame
|-damage|p1a: Talonflame|203\/360
|-boost|p2a: notmudkip|spa|2
|
|-heal|p1a: Talonflame|225\/360|[from] item: Leftovers
|turn|35
|
|switch|p2a: notmudkip|Garchomp, F|69\/420 brn
|move|p1a: Talonflame|Roost|p1a: Talonflame
|-heal|p1a: Talonflame|360\/360
|
|-damage|p2a: notmudkip|17\/420 brn|[from] brn
|turn|36
|
|move|p1a: Talonflame|Bulk Up|p1a: Talonflame
|-boost|p1a: Talonflame|atk|1
|-boost|p1a: Talonflame|def|1
|move|p2a: notmudkip|Stealth Rock|p1a: Talonflame
|-sidestart|p1: napty|move: Stealth Rock
|
|-damage|p2a: notmudkip|0 fnt|[from] brn
|faint|p2a: notmudkip
|
|switch|p2a: notmudkip|Latias, F|301\/301
|turn|37
|
|move|p2a: notmudkip|Draco Meteor|p1a: Talonflame|[miss]
|-miss|p2a: notmudkip|p1a: Talonflame
|move|p1a: Talonflame|Bulk Up|p1a: Talonflame
|-boost|p1a: Talonflame|atk|1
|-boost|p1a: Talonflame|def|1
|
|turn|38
|
|move|p2a: notmudkip|Draco Meteor|p1a: Talonflame|[miss]
|-miss|p2a: notmudkip|p1a: Talonflame
|move|p1a: Talonflame|Bulk Up|p1a: Talonflame
|-boost|p1a: Talonflame|atk|1
|-boost|p1a: Talonflame|def|1
|
|turn|39
|c|ânapty|sorry
|
|move|p2a: notmudkip|Draco Meteor|p1a: Talonflame
|-damage|p1a: Talonflame|138\/360
|-unboost|p2a: notmudkip|spa|2
|-damage|p2a: notmudkip|271\/301|[from] item: Life Orb
|move|p1a: Talonflame|Will-O-Wisp|p2a: notmudkip
|-status|p2a: notmudkip|brn
|
|-heal|p1a: Talonflame|160\/360|[from] item: Leftovers
|-damage|p2a: notmudkip|234\/301 brn|[from] brn
|turn|40
|
|move|p1a: Talonflame|Roost|p1a: Talonflame
|-heal|p1a: Talonflame|340\/360
|move|p2a: notmudkip|Draco Meteor|p1a: Talonflame
|-damage|p1a: Talonflame|214\/360
|-unboost|p2a: notmudkip|spa|2
|-damage|p2a: notmudkip|204\/301 brn|[from] item: Life Orb
|
|-heal|p1a: Talonflame|236\/360|[from] item: Leftovers
|-damage|p2a: notmudkip|167\/301 brn|[from] brn
|turn|41
|c|âMudkipfucker1|naw it's cool
|c|âMudkipfucker1|gg
|c|ânapty|gg
|-message|Mudkipfucker1 forfeited.
|
|win|napty
|raw|Ladder updating...
|raw|napty's rating: 1517 &rarr; <strong>1540<\/strong><br \/>(+23 for winning)
|raw|Mudkipfucker1's rating: 1571 &rarr; <strong>1548<\/strong><br \/>(-23 for losing)
|leave|Mudkipfucker1
|player|p2