|join|napty
|join|Wavy C
|player|p1|napty|82
|player|p2|Wavy C|170
|gametype|singles
|gen|6
|tier|OU
|rated
|clearpoke
|poke|p1|Landorus-Therian, M
|poke|p1|Gardevoir, F
|poke|p1|Starmie
|poke|p1|Talonflame, F
|poke|p1|Bisharp, F
|poke|p1|Raikou
|poke|p2|Charizard, F
|poke|p2|Latias, F, shiny
|poke|p2|Keldeo
|poke|p2|Bisharp, F, shiny
|poke|p2|Heatran, F
|poke|p2|Clefable, F, shiny
|rule|Swagger Clause: Swagger is banned
|rule|Baton Pass Clause: Limit one PokÃ©mon knowing Baton Pass
|rule|Sleep Clause Mod: Limit one foe put to sleep
|rule|Species Clause: Limit one of each PokÃ©mon
|rule|OHKO Clause: OHKO moves are banned
|rule|Moody Clause: Moody is banned
|rule|Evasion Moves Clause: Evasion moves are banned
|rule|Endless Battle Clause: Forcing endless battles is banned
|rule|HP Percentage Mod: HP is shown in percentages
|teampreview
|
|start
|switch|p1a: Raikou|Raikou|321\/321
|switch|p2a: Bisharp|Bisharp, F, shiny|271\/271
|-ability|p1a: Raikou|Pressure
|turn|1
|
|move|p2a: Bisharp|Sucker Punch|p1a: Raikou
|-damage|p1a: Raikou|90\/321
|-damage|p2a: Bisharp|244\/271|[from] item: Life Orb
|move|p1a: Raikou|Thunderbolt|p2a: Bisharp
|-damage|p2a: Bisharp|34\/271
|
|-heal|p1a: Raikou|110\/321|[from] item: Leftovers
|turn|2
|
|move|p1a: Raikou|Protect|p1a: Raikou
|-singleturn|p1a: Raikou|Protect
|move|p2a: Bisharp|Knock Off|p1a: Raikou
|-activate|p1a: Raikou|Protect
|
|-heal|p1a: Raikou|130\/321|[from] item: Leftovers
|turn|3
|
|switch|p1a: Bisharp|Bisharp, F|290\/290
|move|p2a: Bisharp|Sucker Punch|p1a: Bisharp
|-fail|p1a: Bisharp
|
|turn|4
|
|move|p2a: Bisharp|Protect|p2a: Bisharp
|-singleturn|p2a: Bisharp|Protect
|move|p1a: Bisharp|Knock Off|p2a: Bisharp
|-activate|p2a: Bisharp|Protect
|
|turn|5
|c|ânapty|are we in VGC
|c|ânapty|LOL
|
|move|p1a: Bisharp|Sucker Punch|p2a: Bisharp
|-resisted|p2a: Bisharp
|-damage|p2a: Bisharp|0 fnt
|faint|p2a: Bisharp
|
|
|switch|p2a: Macargo|Heatran, F|385\/385
|turn|6
|
|switch|p1a: Starmie|Starmie|323\/323
|move|p2a: Macargo|Earth Power|p1a: Starmie
|-damage|p1a: Starmie|213\/323
|
|turn|7
|
|move|p1a: Starmie|Scald|p2a: Macargo
|-supereffective|p2a: Macargo
|-damage|p2a: Macargo|239\/385
|move|p2a: Macargo|Toxic|p1a: Starmie
|-status|p1a: Starmie|tox
|
|-heal|p2a: Macargo|263\/385|[from] item: Leftovers
|-damage|p1a: Starmie|193\/323 tox|[from] psn
|turn|8
|
|switch|p1a: Gardevoir|Gardevoir, F|277\/277
|-ability|p1a: Gardevoir|Flash Fire|[from] ability: Trace|[of] p2a: Macargo
|switch|p2a: Latias|Latias, F, shiny|319\/319
|
|turn|9
|
|switch|p2a: Macargo|Heatran, F|263\/385
|detailschange|p1a: Gardevoir|Gardevoir-Mega, F
|-mega|p1a: Gardevoir|Gardevoir|Gardevoirite
|move|p1a: Gardevoir|Focus Blast|p2a: Macargo
|-supereffective|p2a: Macargo
|-damage|p2a: Macargo|0 fnt
|faint|p2a: Macargo
|
|
|switch|p2a: Keldeo|Keldeo|323\/323
|turn|10
|
|move|p2a: Keldeo|Hydro Pump|p1a: Gardevoir
|-damage|p1a: Gardevoir|127\/277
|move|p1a: Gardevoir|Hyper Voice|p2a: Keldeo
|-supereffective|p2a: Keldeo
|-damage|p2a: Keldeo|0 fnt
|faint|p2a: Keldeo
|
|
|switch|p2a: Latias|Latias, F, shiny|319\/319
|turn|11
|
|move|p2a: Latias|Draco Meteor|p1a: Gardevoir
|-immune|p1a: Gardevoir|[msg]
|move|p1a: Gardevoir|Hyper Voice|p2a: Latias
|-supereffective|p2a: Latias
|-damage|p2a: Latias|0 fnt
|faint|p2a: Latias
|
|
|switch|p2a: Clefable|Clefable, F, shiny|394\/394
|turn|12
|
|move|p1a: Gardevoir|Hyper Voice|p2a: Clefable
|-damage|p2a: Clefable|154\/394
|move|p2a: Clefable|Moonblast|p1a: Gardevoir
|-damage|p1a: Gardevoir|48\/277
|-unboost|p1a: Gardevoir|spa|1
|
|-heal|p2a: Clefable|178\/394|[from] item: Leftovers
|turn|13
|
|move|p1a: Gardevoir|Taunt|p2a: Clefable
|-start|p2a: Clefable|move: Taunt
|cant|p2a: Clefable|move: Taunt|Stealth Rock
|
|-heal|p2a: Clefable|202\/394|[from] item: Leftovers
|turn|14
|
|move|p1a: Gardevoir|Hyper Voice|p2a: Clefable
|-crit|p2a: Clefable
|-damage|p2a: Clefable|0 fnt
|faint|p2a: Clefable
|
|
|switch|p2a: Charizard|Charizard, F|333\/333
|turn|15
|
|move|p1a: Gardevoir|Taunt|p2a: Charizard
|-start|p2a: Charizard|move: Taunt
|cant|p2a: Charizard|move: Taunt|Dragon Dance
|
|turn|16
|
|move|p1a: Gardevoir|Psyshock|p2a: Charizard
|-damage|p2a: Charizard|171\/333
|move|p2a: Charizard|Earthquake|p1a: Gardevoir
|-damage|p1a: Gardevoir|0 fnt
|faint|p1a: Gardevoir
|
|
|switch|p1a: Talonflame|Talonflame, F|297\/297
|turn|17
|
|move|p1a: Talonflame|Brave Bird|p2a: Charizard
|-damage|p2a: Charizard|0 fnt
|-damage|p1a: Talonflame|241\/297|[from] recoil|[of] p2a: Charizard
|faint|p2a: Charizard
|
|win|napty
|raw|Ladder updating...
|c|âWavy C|gg
|raw|napty's rating: 1615 &rarr; <strong>1631<\/strong><br \/>(+16 for winning)
|raw|Wavy C's rating: 1534 &rarr; <strong>1518<\/strong><br \/>(-16 for losing)
|c|ânapty|gg
|c|âWavy C|whats taunt gardevoir for?
|c|ânapty|wallbreaking
|leave|Wavy C
|player|p2