|join|lil manaphy
|join|napty
|player|p1|lil manaphy|272
|player|p2|napty|287
|gametype|singles
|gen|6
|tier|OU
|rated
|clearpoke
|poke|p1|Lopunny, F
|poke|p1|Manaphy
|poke|p1|Scizor, M
|poke|p1|Celebi
|poke|p1|Heatran, F
|poke|p1|Mandibuzz, F
|poke|p2|Landorus-Therian, M
|poke|p2|Gardevoir, F
|poke|p2|Talonflame, F
|poke|p2|Starmie
|poke|p2|Bisharp, M
|poke|p2|Clefable, F
|rule|Swagger Clause: Swagger is banned
|rule|Baton Pass Clause: Limit one PokÃ©mon knowing Baton Pass
|rule|Sleep Clause Mod: Limit one foe put to sleep
|rule|Species Clause: Limit one of each PokÃ©mon
|rule|OHKO Clause: OHKO moves are banned
|rule|Moody Clause: Moody is banned
|rule|Evasion Moves Clause: Evasion moves are banned
|rule|Endless Battle Clause: Forcing endless battles is banned
|rule|HP Percentage Mod: HP is shown in percentages
|teampreview
|
|start
|switch|p1a: Couture|Lopunny, F|271\/271
|switch|p2a: Landorus-Therian|Landorus-Therian, M|382\/382
|-ability|p2a: Landorus-Therian|Intimidate|[of] p1a: Couture
|-unboost|p1a: Couture|atk|1
|turn|1
|
|detailschange|p1a: Couture|Lopunny-Mega, F
|-mega|p1a: Couture|Lopunny|Lopunnite
|move|p1a: Couture|Fake Out|p2a: Landorus-Therian
|-damage|p2a: Landorus-Therian|343\/382
|cant|p2a: Landorus-Therian|flinch
|
|-heal|p2a: Landorus-Therian|366\/382|[from] item: Leftovers
|turn|2
|
|switch|p1a: im walling everyth|Mandibuzz, F|423\/423
|move|p2a: Landorus-Therian|Earthquake|p1a: im walling everyth
|-immune|p1a: im walling everyth|[msg]
|
|-heal|p2a: Landorus-Therian|382\/382|[from] item: Leftovers
|turn|3
|
|switch|p2a: Gardevoir|Gardevoir, F|277\/277
|-ability|p2a: Gardevoir|Overcoat|[from] ability: Trace|[of] p1a: im walling everyth
|move|p1a: im walling everyth|Foul Play|p2a: Gardevoir
|-damage|p2a: Gardevoir|181\/277
|
|turn|4
|
|switch|p1a: bean curd puff|Heatran, F|386\/386
|detailschange|p2a: Gardevoir|Gardevoir-Mega, F
|-mega|p2a: Gardevoir|Gardevoir|Gardevoirite
|move|p2a: Gardevoir|Focus Blast|p1a: bean curd puff
|-crit|p1a: bean curd puff
|-supereffective|p1a: bean curd puff
|-damage|p1a: bean curd puff|0 fnt
|faint|p1a: bean curd puff
|
|
|switch|p1a: business|Scizor, M|343\/343
|turn|5
|
|move|p1a: business|Pursuit|p2a: Gardevoir|[from]Pursuit
|-damage|p2a: Gardevoir|0 fnt
|faint|p2a: Gardevoir
|
|
|switch|p2a: Bisharp|Bisharp, M|271\/271
|turn|6
|
|switch|p1a: Couture|Lopunny-Mega, F|271\/271
|move|p2a: Bisharp|Iron Head|p1a: Couture
|-damage|p1a: Couture|112\/271
|
|turn|7
|
|switch|p1a: still bigger than|Manaphy|341\/341
|switch|p2a: Starmie|Starmie|323\/323
|
|turn|8
|
|switch|p2a: Clefable|Clefable, F|394\/394
|move|p1a: still bigger than|Tail Glow|p1a: still bigger than
|-boost|p1a: still bigger than|spa|3
|
|turn|9
|
|move|p1a: still bigger than|Rain Dance|p1a: still bigger than
|-weather|RainDance
|move|p2a: Clefable|Calm Mind|p2a: Clefable
|-boost|p2a: Clefable|spa|1
|-boost|p2a: Clefable|spd|1
|
|-weather|RainDance|[upkeep]
|turn|10
|
|switch|p1a: business|Scizor, M|343\/343
|move|p2a: Clefable|Moonblast|p1a: business
|-resisted|p1a: business
|-damage|p1a: business|242\/343
|-unboost|p1a: business|spa|1
|
|-weather|RainDance|[upkeep]
|turn|11
|
|move|p2a: Clefable|Protect|p2a: Clefable
|-singleturn|p2a: Clefable|Protect
|move|p1a: business|Bullet Punch|p2a: Clefable
|-activate|p2a: Clefable|Protect
|
|-weather|RainDance|[upkeep]
|turn|12
|
|switch|p2a: Starmie|Starmie|323\/323
|move|p1a: business|Bullet Punch|p2a: Starmie
|-resisted|p2a: Starmie
|-damage|p2a: Starmie|218\/323
|
|-weather|RainDance|[upkeep]
|-heal|p2a: Starmie|238\/323|[from] item: Leftovers
|turn|13
|
|switch|p1a: still bigger than|Manaphy|341\/341
|move|p2a: Starmie|Scald|p1a: still bigger than
|-resisted|p1a: still bigger than
|-damage|p1a: still bigger than|268\/341
|
|-weather|none
|-heal|p2a: Starmie|258\/323|[from] item: Leftovers
|-heal|p1a: still bigger than|289\/341|[from] item: Leftovers
|turn|14
|
|move|p2a: Starmie|Scald|p1a: still bigger than
|-crit|p1a: still bigger than
|-resisted|p1a: still bigger than
|-damage|p1a: still bigger than|222\/341
|move|p1a: still bigger than|Rain Dance|p1a: still bigger than
|-weather|RainDance
|
|-weather|RainDance|[upkeep]
|-heal|p2a: Starmie|278\/323|[from] item: Leftovers
|-heal|p1a: still bigger than|243\/341|[from] item: Leftovers
|turn|15
|
|move|p2a: Starmie|Scald|p1a: still bigger than
|-resisted|p1a: still bigger than
|-damage|p1a: still bigger than|174\/341
|move|p1a: still bigger than|Tail Glow|p1a: still bigger than
|-boost|p1a: still bigger than|spa|3
|
|-weather|RainDance|[upkeep]
|-heal|p2a: Starmie|298\/323|[from] item: Leftovers
|-heal|p1a: still bigger than|195\/341|[from] item: Leftovers
|turn|16
|
|move|p2a: Starmie|Scald|p1a: still bigger than
|-resisted|p1a: still bigger than
|-damage|p1a: still bigger than|128\/341
|move|p1a: still bigger than|Scald|p2a: Starmie
|-crit|p2a: Starmie
|-resisted|p2a: Starmie
|-damage|p2a: Starmie|0 fnt
|faint|p2a: Starmie
|
|-weather|RainDance|[upkeep]
|-heal|p1a: still bigger than|149\/341|[from] item: Leftovers
|
|switch|p2a: Talonflame|Talonflame, F|297\/297
|turn|17
|
|switch|p1a: im walling everyth|Mandibuzz, F|423\/423
|move|p2a: Talonflame|U-turn|p1a: im walling everyth
|-damage|p1a: im walling everyth|347\/423
|-damage|p2a: Talonflame|248\/297|[from] item: Rocky Helmet|[of] p1a: im walling everyth
|
|switch|p2a: Landorus-Therian|Landorus-Therian, M|382\/382
|-ability|p2a: Landorus-Therian|Intimidate|[of] p1a: im walling everyth
|-unboost|p1a: im walling everyth|atk|1
|
|-weather|RainDance|[upkeep]
|turn|18
|
|move|p2a: Landorus-Therian|Stealth Rock|p1a: im walling everyth
|-sidestart|p1: lil manaphy|move: Stealth Rock
|move|p1a: im walling everyth|Foul Play|p2a: Landorus-Therian
|-damage|p2a: Landorus-Therian|271\/382
|
|-weather|none
|-heal|p2a: Landorus-Therian|294\/382|[from] item: Leftovers
|turn|19
|
|switch|p2a: Bisharp|Bisharp, M|271\/271
|move|p1a: im walling everyth|Defog|p2a: Bisharp
|-unboost|p2a: Bisharp|evasion|1
|-boost|p2a: Bisharp|atk|2|[from] ability: Defiant
|-sideend|p1: lil manaphy|Stealth Rock|[from] move: Defog|[of] p1a: im walling everyth
|
|turn|20
|
|move|p2a: Bisharp|Knock Off|p1a: im walling everyth
|-resisted|p1a: im walling everyth
|-damage|p1a: im walling everyth|213\/423
|-damage|p2a: Bisharp|226\/271|[from] item: Rocky Helmet|[of] p1a: im walling everyth
|-enditem|p1a: im walling everyth|Rocky Helmet|[from] move: Knock Off|[of] p2a: Bisharp
|move|p1a: im walling everyth|Foul Play|p2a: Bisharp
|-resisted|p2a: Bisharp
|-damage|p2a: Bisharp|51\/271
|
|-heal|p2a: Bisharp|67\/271|[from] item: Leftovers
|turn|21
|
|switch|p1a: still bigger than|Manaphy|149\/341
|move|p2a: Bisharp|Iron Head|p1a: still bigger than
|-resisted|p1a: still bigger than
|-damage|p1a: still bigger than|3\/341
|
|-heal|p1a: still bigger than|24\/341|[from] item: Leftovers
|-heal|p2a: Bisharp|83\/271|[from] item: Leftovers
|turn|22
|
|move|p1a: still bigger than|Scald|p2a: Bisharp
|-damage|p2a: Bisharp|0 fnt
|faint|p2a: Bisharp
|
|-heal|p1a: still bigger than|45\/341|[from] item: Leftovers
|
|switch|p2a: Talonflame|Talonflame, F|248\/297
|turn|23
|
|switch|p1a: Couture|Lopunny-Mega, F|112\/271
|move|p2a: Talonflame|U-turn|p1a: Couture
|-resisted|p1a: Couture
|-damage|p1a: Couture|59\/271
|
|switch|p2a: Clefable|Clefable, F|394\/394
|
|turn|24
|
|switch|p1a: business|Scizor, M|242\/343
|move|p2a: Clefable|Protect|p2a: Clefable
|-fail|p2a: Clefable
|
|turn|25
|
|move|p2a: Clefable|Protect|p2a: Clefable
|-singleturn|p2a: Clefable|Protect
|move|p1a: business|Bullet Punch|p2a: Clefable
|-activate|p2a: Clefable|Protect
|
|turn|26
|
|move|p1a: business|Bullet Punch|p2a: Clefable
|-supereffective|p2a: Clefable
|-damage|p2a: Clefable|0 fnt
|faint|p2a: Clefable
|
|
|switch|p2a: Landorus-Therian|Landorus-Therian, M|294\/382
|-ability|p2a: Landorus-Therian|Intimidate|[of] p1a: business
|-unboost|p1a: business|atk|1
|turn|27
|
|switch|p1a: im walling everyth|Mandibuzz, F|213\/423
|move|p2a: Landorus-Therian|Stealth Rock|p1a: im walling everyth
|-sidestart|p1: lil manaphy|move: Stealth Rock
|
|-heal|p2a: Landorus-Therian|317\/382|[from] item: Leftovers
|turn|28
|
|move|p2a: Landorus-Therian|Stone Edge|p1a: im walling everyth
|-crit|p1a: im walling everyth
|-supereffective|p1a: im walling everyth
|-damage|p1a: im walling everyth|0 fnt
|faint|p1a: im walling everyth
|
|-heal|p2a: Landorus-Therian|340\/382|[from] item: Leftovers
|
|switch|p1a: still bigger than|Manaphy|45\/341
|-damage|p1a: still bigger than|3\/341|[from] Stealth Rock
|turn|29
|
|move|p1a: still bigger than|Scald|p2a: Landorus-Therian
|-supereffective|p2a: Landorus-Therian
|-damage|p2a: Landorus-Therian|0 fnt
|faint|p2a: Landorus-Therian
|
|-heal|p1a: still bigger than|24\/341|[from] item: Leftovers
|
|switch|p2a: Talonflame|Talonflame, F|248\/297
|turn|30
|
|move|p2a: Talonflame|Brave Bird|p1a: still bigger than
|-damage|p1a: still bigger than|0 fnt
|-damage|p2a: Talonflame|240\/297|[from] recoil|[of] p1a: still bigger than
|faint|p1a: still bigger than
|
|
|switch|p1a: Couture|Lopunny-Mega, F|59\/271
|-damage|p1a: Couture|43\/271|[from] Stealth Rock
|turn|31
|
|move|p1a: Couture|Fake Out|p2a: Talonflame
|-damage|p2a: Talonflame|143\/297
|cant|p2a: Talonflame|flinch
|
|turn|32
|
|switch|p1a: just my onion|Celebi|404\/404
|-damage|p1a: just my onion|354\/404|[from] Stealth Rock
|move|p2a: Talonflame|Brave Bird|p1a: just my onion
|-supereffective|p1a: just my onion
|-damage|p1a: just my onion|0 fnt
|-damage|p2a: Talonflame|26\/297|[from] recoil|[of] p1a: just my onion
|faint|p1a: just my onion
|
|
|switch|p1a: Couture|Lopunny-Mega, F|43\/271
|-damage|p1a: Couture|27\/271|[from] Stealth Rock
|turn|33
|c|ânapty|go to hell
|-message|napty forfeited.
|
|win|lil manaphy
|raw|Ladder updating...
|leave|napty
|player|p2
|raw|lil manaphy's rating: 1711 &rarr; <strong>1724<\/strong><br \/>(+13 for winning)
|raw|napty's rating: 1587 &rarr; <strong>1573<\/strong><br \/>(-14 for losing)