|join|napty
|join|xlumos
|player|p1|napty|140
|player|p2|xlumos|266
|gametype|singles
|gen|6
|tier|OU
|rated
|clearpoke
|poke|p1|Landorus-Therian, M
|poke|p1|Gallade, M
|poke|p1|Bisharp, M
|poke|p1|Keldeo-Resolute
|poke|p1|Clefable, F
|poke|p1|Scizor, F
|poke|p2|Amoonguss, M
|poke|p2|Landorus-Therian, M
|poke|p2|Suicune
|poke|p2|Kyurem-Black
|poke|p2|Altaria, F
|poke|p2|Zapdos
|rule|Swagger Clause: Swagger is banned
|rule|Baton Pass Clause: Limit one PokÃ©mon knowing Baton Pass
|rule|Sleep Clause Mod: Limit one foe put to sleep
|rule|Species Clause: Limit one of each PokÃ©mon
|rule|OHKO Clause: OHKO moves are banned
|rule|Moody Clause: Moody is banned
|rule|Evasion Moves Clause: Evasion moves are banned
|rule|Endless Battle Clause: Forcing endless battles is banned
|rule|HP Percentage Mod: HP is shown in percentages
|teampreview
|
|start
|switch|p1a: Keldeo-Resolute|Keldeo-Resolute|324\/324
|switch|p2a: Suicune|Suicune|404\/404
|-ability|p2a: Suicune|Pressure
|turn|1
|
|move|p1a: Keldeo-Resolute|Substitute|p1a: Keldeo-Resolute
|-start|p1a: Keldeo-Resolute|Substitute
|-damage|p1a: Keldeo-Resolute|243\/324
|move|p2a: Suicune|Calm Mind|p2a: Suicune
|-boost|p2a: Suicune|spa|1
|-boost|p2a: Suicune|spd|1
|
|-heal|p1a: Keldeo-Resolute|263\/324|[from] item: Leftovers
|turn|2
|
|switch|p2a: Amoonguss|Amoonguss, M|432\/432
|move|p1a: Keldeo-Resolute|Calm Mind|p1a: Keldeo-Resolute
|-boost|p1a: Keldeo-Resolute|spa|1
|-boost|p1a: Keldeo-Resolute|spd|1
|
|-heal|p1a: Keldeo-Resolute|283\/324|[from] item: Leftovers
|turn|3
|
|move|p1a: Keldeo-Resolute|Scald|p2a: Amoonguss
|-resisted|p2a: Amoonguss
|-damage|p2a: Amoonguss|326\/432
|-status|p2a: Amoonguss|brn
|move|p2a: Amoonguss|Giga Drain|p1a: Keldeo-Resolute
|-supereffective|p1a: Keldeo-Resolute
|-end|p1a: Keldeo-Resolute|Substitute
|-heal|p2a: Amoonguss|367\/432 brn|[from] drain|[of] p1a: Keldeo-Resolute
|
|-heal|p1a: Keldeo-Resolute|303\/324|[from] item: Leftovers
|-heal|p2a: Amoonguss|394\/432 brn|[from] item: Black Sludge
|-damage|p2a: Amoonguss|340\/432 brn|[from] brn
|turn|4
|
|switch|p1a: Scizor|Scizor, F|344\/344
|move|p2a: Amoonguss|Giga Drain|p1a: Scizor
|-resisted|p1a: Scizor
|-damage|p1a: Scizor|328\/344
|-heal|p2a: Amoonguss|348\/432 brn|[from] drain|[of] p1a: Scizor
|
|-heal|p1a: Scizor|344\/344|[from] item: Leftovers
|-heal|p2a: Amoonguss|375\/432 brn|[from] item: Black Sludge
|-damage|p2a: Amoonguss|321\/432 brn|[from] brn
|turn|5
|
|switch|p2a: Landorus-Therian|Landorus-Therian, M|381\/381
|-ability|p2a: Landorus-Therian|Intimidate|[of] p1a: Scizor
|-unboost|p1a: Scizor|atk|1
|move|p1a: Scizor|U-turn|p2a: Landorus-Therian
|-resisted|p2a: Landorus-Therian
|-damage|p2a: Landorus-Therian|357\/381
|
|switch|p1a: Gallade|Gallade, M|330\/330
|
|-heal|p2a: Landorus-Therian|380\/381|[from] item: Leftovers
|turn|6
|
|switch|p2a: Altaria|Altaria, F|337\/337
|detailschange|p1a: Gallade|Gallade-Mega, M
|-mega|p1a: Gallade|Gallade|Galladite
|move|p1a: Gallade|Will-O-Wisp|p2a: Altaria
|-status|p2a: Altaria|brn
|
|-damage|p2a: Altaria|295\/337 brn|[from] brn
|turn|7
|
|switch|p1a: Clefable|Clefable, F|394\/394
|detailschange|p2a: Altaria|Altaria-Mega, F
|-mega|p2a: Altaria|Altaria|Altarianite
|move|p2a: Altaria|Hyper Voice|p1a: Clefable
|-damage|p1a: Clefable|223\/394
|
|-heal|p1a: Clefable|247\/394|[from] item: Leftovers
|-damage|p2a: Altaria|253\/337 brn|[from] brn
|turn|8
|
|switch|p2a: Suicune|Suicune|404\/404
|-ability|p2a: Suicune|Pressure
|move|p1a: Clefable|Wish|p1a: Clefable
|
|-heal|p1a: Clefable|271\/394|[from] item: Leftovers
|turn|9
|
|switch|p2a: Amoonguss|Amoonguss, M|432\/432 brn
|move|p1a: Clefable|Calm Mind|p1a: Clefable
|-boost|p1a: Clefable|spa|1
|-boost|p1a: Clefable|spd|1
|
|-heal|p1a: Clefable|394\/394|[from] move: Wish|[wisher] Clefable
|-damage|p2a: Amoonguss|378\/432 brn|[from] brn
|turn|10
|
|switch|p1a: Bisharp|Bisharp, M|289\/289
|move|p2a: Amoonguss|Spore|p1a: Bisharp
|-status|p1a: Bisharp|slp
|
|-heal|p2a: Amoonguss|405\/432 brn|[from] item: Black Sludge
|-damage|p2a: Amoonguss|351\/432 brn|[from] brn
|turn|11
|
|switch|p1a: Landorus-Therian|Landorus-Therian, M|381\/381
|-ability|p1a: Landorus-Therian|Intimidate|[of] p2a: Amoonguss
|-unboost|p2a: Amoonguss|atk|1
|move|p2a: Amoonguss|Stun Spore|p1a: Landorus-Therian
|-status|p1a: Landorus-Therian|par
|
|-heal|p2a: Amoonguss|378\/432 brn|[from] item: Black Sludge
|-damage|p2a: Amoonguss|324\/432 brn|[from] brn
|turn|12
|
|switch|p2a: Zapdos|Zapdos|381\/381
|-ability|p2a: Zapdos|Pressure
|move|p1a: Landorus-Therian|Toxic|p2a: Zapdos
|-status|p2a: Zapdos|tox
|
|-damage|p2a: Zapdos|358\/381 tox|[from] psn
|turn|13
|
|switch|p1a: Clefable|Clefable, F|394\/394
|move|p2a: Zapdos|Hidden Power|p1a: Clefable
|-damage|p1a: Clefable|347\/394
|
|-heal|p2a: Zapdos|381\/381 tox|[from] item: Leftovers
|-heal|p1a: Clefable|371\/394|[from] item: Leftovers
|-damage|p2a: Zapdos|335\/381 tox|[from] psn
|turn|14
|
|switch|p2a: Amoonguss|Amoonguss, M|432\/432 brn
|move|p1a: Clefable|Moonblast|p2a: Amoonguss
|-crit|p2a: Amoonguss
|-resisted|p2a: Amoonguss
|-damage|p2a: Amoonguss|348\/432 brn
|
|-heal|p1a: Clefable|394\/394|[from] item: Leftovers
|-heal|p2a: Amoonguss|375\/432 brn|[from] item: Black Sludge
|-damage|p2a: Amoonguss|321\/432 brn|[from] brn
|turn|15
|
|switch|p1a: Landorus-Therian|Landorus-Therian, M|381\/381 par
|-ability|p1a: Landorus-Therian|Intimidate|[of] p2a: Amoonguss
|-unboost|p2a: Amoonguss|atk|1
|switch|p2a: Landorus-Therian|Landorus-Therian, M|380\/381
|-ability|p2a: Landorus-Therian|Intimidate|[of] p1a: Landorus-Therian
|-unboost|p1a: Landorus-Therian|atk|1
|
|-heal|p2a: Landorus-Therian|381\/381|[from] item: Leftovers
|turn|16
|
|switch|p2a: Zapdos|Zapdos|335\/381 tox
|-ability|p2a: Zapdos|Pressure
|cant|p1a: Landorus-Therian|par
|
|-heal|p2a: Zapdos|358\/381 tox|[from] item: Leftovers
|-damage|p2a: Zapdos|335\/381 tox|[from] psn
|turn|17
|
|switch|p1a: Scizor|Scizor, F|344\/344
|move|p2a: Zapdos|Thunderbolt|p1a: Scizor
|-damage|p1a: Scizor|233\/344
|-status|p1a: Scizor|par
|
|-heal|p2a: Zapdos|358\/381 tox|[from] item: Leftovers
|-heal|p1a: Scizor|254\/344 par|[from] item: Leftovers
|-damage|p2a: Zapdos|312\/381 tox|[from] psn
|turn|18
|
|switch|p2a: Landorus-Therian|Landorus-Therian, M|381\/381
|-ability|p2a: Landorus-Therian|Intimidate|[of] p1a: Scizor
|-unboost|p1a: Scizor|atk|1
|move|p1a: Scizor|U-turn|p2a: Landorus-Therian
|-resisted|p2a: Landorus-Therian
|-damage|p2a: Landorus-Therian|354\/381
|
|switch|p1a: Gallade|Gallade-Mega, M|330\/330
|
|-heal|p2a: Landorus-Therian|377\/381|[from] item: Leftovers
|turn|19
|
|switch|p2a: Suicune|Suicune|404\/404
|-ability|p2a: Suicune|Pressure
|move|p1a: Gallade|Bulk Up|p1a: Gallade
|-boost|p1a: Gallade|atk|1
|-boost|p1a: Gallade|def|1
|
|turn|20
|
|move|p1a: Gallade|Zen Headbutt|p2a: Suicune
|-damage|p2a: Suicune|260\/404
|move|p2a: Suicune|Scald|p1a: Gallade
|-damage|p1a: Gallade|254\/330
|
|-heal|p2a: Suicune|285\/404|[from] item: Leftovers
|turn|21
|
|switch|p1a: Scizor|Scizor, F|254\/344 par
|switch|p2a: Landorus-Therian|Landorus-Therian, M|377\/381
|-ability|p2a: Landorus-Therian|Intimidate|[of] p1a: Scizor
|-unboost|p1a: Scizor|atk|1
|
|-heal|p2a: Landorus-Therian|381\/381|[from] item: Leftovers
|-heal|p1a: Scizor|275\/344 par|[from] item: Leftovers
|turn|22
|
|switch|p1a: Landorus-Therian|Landorus-Therian, M|381\/381 par
|-ability|p1a: Landorus-Therian|Intimidate|[of] p2a: Landorus-Therian
|-unboost|p2a: Landorus-Therian|atk|1
|move|p2a: Landorus-Therian|Stealth Rock|p1a: Landorus-Therian
|-sidestart|p1: napty|move: Stealth Rock
|
|turn|23
|
|switch|p2a: Kyurem-Black|Kyurem-Black|391\/391
|-ability|p2a: Kyurem-Black|Teravolt
|move|p1a: Landorus-Therian|Stealth Rock|p2a: Kyurem-Black
|-sidestart|p2: xlumos|move: Stealth Rock
|
|turn|24
|
|switch|p1a: Clefable|Clefable, F|394\/394
|-damage|p1a: Clefable|345\/394|[from] Stealth Rock
|move|p2a: Kyurem-Black|Earth Power|p1a: Clefable
|-damage|p1a: Clefable|249\/394
|
|-heal|p1a: Clefable|273\/394|[from] item: Leftovers
|turn|25
|
|move|p2a: Kyurem-Black|Ice Beam|p1a: Clefable
|-damage|p1a: Clefable|116\/394
|move|p1a: Clefable|Wish|p1a: Clefable
|
|-heal|p1a: Clefable|140\/394|[from] item: Leftovers
|turn|26
|
|switch|p2a: Zapdos|Zapdos|312\/381 tox
|-damage|p2a: Zapdos|217\/381 tox|[from] Stealth Rock
|-ability|p2a: Zapdos|Pressure
|move|p1a: Clefable|Protect|p1a: Clefable
|-fail|p1a: Clefable
|
|-heal|p1a: Clefable|337\/394|[from] move: Wish|[wisher] Clefable
|-heal|p2a: Zapdos|240\/381 tox|[from] item: Leftovers
|-heal|p1a: Clefable|361\/394|[from] item: Leftovers
|-damage|p2a: Zapdos|217\/381 tox|[from] psn
|turn|27
|
|move|p2a: Zapdos|Roost|p2a: Zapdos
|-heal|p2a: Zapdos|381\/381 tox
|move|p1a: Clefable|Calm Mind|p1a: Clefable
|-boost|p1a: Clefable|spa|1
|-boost|p1a: Clefable|spd|1
|
|-heal|p1a: Clefable|385\/394|[from] item: Leftovers
|-damage|p2a: Zapdos|335\/381 tox|[from] psn
|turn|28
|
|move|p2a: Zapdos|Defog|p1a: Clefable
|-unboost|p1a: Clefable|evasion|1
|-sideend|p1: napty|Stealth Rock|[from] move: Defog|[of] p1a: Clefable
|-sideend|p2: xlumos|Stealth Rock|[from] move: Defog|[of] p2a: Zapdos
|move|p1a: Clefable|Moonblast|p2a: Zapdos
|-damage|p2a: Zapdos|221\/381 tox
|
|-heal|p2a: Zapdos|244\/381 tox|[from] item: Leftovers
|-heal|p1a: Clefable|394\/394|[from] item: Leftovers
|-damage|p2a: Zapdos|175\/381 tox|[from] psn
|turn|29
|
|switch|p2a: Amoonguss|Amoonguss, M|432\/432 brn
|move|p1a: Clefable|Wish|p1a: Clefable
|
|-damage|p2a: Amoonguss|378\/432 brn|[from] brn
|turn|30
|
|switch|p1a: Landorus-Therian|Landorus-Therian, M|381\/381 par
|-ability|p1a: Landorus-Therian|Intimidate|[of] p2a: Amoonguss
|-unboost|p2a: Amoonguss|atk|1
|move|p2a: Amoonguss|Clear Smog|p1a: Landorus-Therian
|-resisted|p1a: Landorus-Therian
|-damage|p1a: Landorus-Therian|351\/381 par
|-clearboost|p1a: Landorus-Therian
|
|-heal|p1a: Landorus-Therian|381\/381 par|[from] move: Wish|[wisher] Clefable
|-heal|p2a: Amoonguss|405\/432 brn|[from] item: Black Sludge
|-damage|p2a: Amoonguss|351\/432 brn|[from] brn
|turn|31
|
|switch|p2a: Zapdos|Zapdos|175\/381 tox
|-ability|p2a: Zapdos|Pressure
|move|p1a: Landorus-Therian|Stealth Rock|p2a: Zapdos
|-sidestart|p2: xlumos|move: Stealth Rock
|
|-heal|p2a: Zapdos|198\/381 tox|[from] item: Leftovers
|-damage|p2a: Zapdos|175\/381 tox|[from] psn
|turn|32
|
|switch|p1a: Gallade|Gallade-Mega, M|254\/330
|move|p2a: Zapdos|Defog|p1a: Gallade
|-unboost|p1a: Gallade|evasion|1
|-sideend|p2: xlumos|Stealth Rock|[from] move: Defog|[of] p2a: Zapdos
|
|-heal|p2a: Zapdos|198\/381 tox|[from] item: Leftovers
|-damage|p2a: Zapdos|152\/381 tox|[from] psn
|turn|33
|
|move|p1a: Gallade|Bulk Up|p1a: Gallade
|-boost|p1a: Gallade|atk|1
|-boost|p1a: Gallade|def|1
|move|p2a: Zapdos|Roost|p2a: Zapdos
|-heal|p2a: Zapdos|343\/381 tox
|
|-heal|p2a: Zapdos|366\/381 tox|[from] item: Leftovers
|-damage|p2a: Zapdos|297\/381 tox|[from] psn
|turn|34
|
|switch|p2a: Landorus-Therian|Landorus-Therian, M|381\/381
|-ability|p2a: Landorus-Therian|Intimidate|[of] p1a: Gallade
|-unboost|p1a: Gallade|atk|1
|move|p1a: Gallade|Bulk Up|p1a: Gallade
|-boost|p1a: Gallade|atk|1
|-boost|p1a: Gallade|def|1
|
|turn|35
|
|switch|p2a: Altaria|Altaria-Mega, F|253\/337 brn
|move|p1a: Gallade|Bulk Up|p1a: Gallade
|-boost|p1a: Gallade|atk|1
|-boost|p1a: Gallade|def|1
|
|-damage|p2a: Altaria|211\/337 brn|[from] brn
|turn|36
|
|move|p1a: Gallade|Zen Headbutt|p2a: Altaria
|-damage|p2a: Altaria|0 fnt
|faint|p2a: Altaria
|
|-message|xlumos forfeited.
|
|win|napty
|raw|Ladder updating...
|raw|napty's rating: 1553 &rarr; <strong>1571<\/strong><br \/>(+18 for winning)
|raw|xlumos's rating: 1506 &rarr; <strong>1488<\/strong><br \/>(-18 for losing)
|leave|xlumos
|player|p2