|join|kjaerlighet
|join|napty
|player|p1|kjaerlighet|30
|player|p2|napty|82
|gametype|singles
|gen|6
|tier|OU
|rated
|clearpoke
|poke|p1|Chansey, F
|poke|p1|Chesnaught, M
|poke|p1|Clefable, F
|poke|p1|Gliscor, F
|poke|p1|Heatran, M
|poke|p1|Slowbro, M
|poke|p2|Rotom-Wash
|poke|p2|Gardevoir, F
|poke|p2|Emboar, F
|poke|p2|Landorus, M
|poke|p2|Talonflame, F
|poke|p2|Starmie
|rule|Swagger Clause: Swagger is banned
|rule|Baton Pass Clause: Limit one PokÃ©mon knowing Baton Pass
|rule|Sleep Clause Mod: Limit one foe put to sleep
|rule|Species Clause: Limit one of each PokÃ©mon
|rule|OHKO Clause: OHKO moves are banned
|rule|Moody Clause: Moody is banned
|rule|Evasion Moves Clause: Evasion moves are banned
|rule|Endless Battle Clause: Forcing endless battles is banned
|rule|HP Percentage Mod: HP is shown in percentages
|teampreview
|
|start
|switch|p1a: Gliscor|Gliscor, F|352\/352
|switch|p2a: Rotom-Wash|Rotom-Wash|304\/304
|turn|1
|
|move|p1a: Gliscor|Protect|p1a: Gliscor
|-singleturn|p1a: Gliscor|Protect
|move|p2a: Rotom-Wash|Hydro Pump|p1a: Gliscor
|-activate|p1a: Gliscor|Protect
|
|-status|p1a: Gliscor|tox|[from] item: Toxic Orb
|turn|2
|
|switch|p1a: Chansey|Chansey, F|642\/642
|move|p2a: Rotom-Wash|Hydro Pump|p1a: Chansey|[miss]
|-miss|p2a: Rotom-Wash|p1a: Chansey
|
|turn|3
|
|move|p2a: Rotom-Wash|Pain Split|p1a: Chansey
|-sethp|p1a: Chansey|473\/642|p2a: Rotom-Wash|304\/304|[from] move: Pain Split
|move|p1a: Chansey|Toxic|p2a: Rotom-Wash
|-status|p2a: Rotom-Wash|tox
|
|-damage|p2a: Rotom-Wash|285\/304 tox|[from] psn
|turn|4
|
|move|p2a: Rotom-Wash|Will-O-Wisp|p1a: Chansey
|-status|p1a: Chansey|brn
|move|p1a: Chansey|Toxic|p2a: Rotom-Wash
|-fail|p2a: Rotom-Wash|tox
|
|-heal|p2a: Rotom-Wash|304\/304 tox|[from] item: Leftovers
|-damage|p2a: Rotom-Wash|266\/304 tox|[from] psn
|-damage|p1a: Chansey|393\/642 brn|[from] brn
|turn|5
|
|move|p2a: Rotom-Wash|Volt Switch|p1a: Chansey
|-damage|p1a: Chansey|347\/642 brn
|
|switch|p2a: Gardevoir|Gardevoir, F|277\/277
|-ability|p2a: Gardevoir|Natural Cure|[from] ability: Trace|[of] p1a: Chansey
|move|p1a: Chansey|Soft-Boiled|p1a: Chansey
|-heal|p1a: Chansey|642\/642 brn
|
|-damage|p1a: Chansey|562\/642 brn|[from] brn
|turn|6
|
|move|p2a: Gardevoir|Taunt|p1a: Chansey
|-start|p1a: Chansey|move: Taunt
|cant|p1a: Chansey|move: Taunt|Toxic
|
|-damage|p1a: Chansey|482\/642 brn|[from] brn
|turn|7
|
|switch|p1a: Gliscor|Gliscor, F|352\/352 tox
|detailschange|p2a: Gardevoir|Gardevoir-Mega, F
|-mega|p2a: Gardevoir|Gardevoir|Gardevoirite
|move|p2a: Gardevoir|Psyshock|p1a: Gliscor
|-damage|p1a: Gliscor|193\/352 tox
|
|-heal|p1a: Gliscor|237\/352 tox|[from] ability: Poison Heal
|turn|8
|
|switch|p2a: Starmie|Starmie|323\/323
|move|p1a: Gliscor|Protect|p1a: Gliscor
|-fail|p1a: Gliscor
|
|-heal|p1a: Gliscor|281\/352 tox|[from] ability: Poison Heal
|turn|9
|
|move|p1a: Gliscor|Protect|p1a: Gliscor
|-singleturn|p1a: Gliscor|Protect
|move|p2a: Starmie|Scald|p1a: Gliscor
|-activate|p1a: Gliscor|Protect
|
|-heal|p1a: Gliscor|325\/352 tox|[from] ability: Poison Heal
|turn|10
|
|switch|p2a: Gardevoir|Gardevoir-Mega, F|277\/277
|switch|p1a: Chansey|Chansey, F|482\/642
|
|turn|11
|
|move|p2a: Gardevoir|Psyshock|p1a: Chansey
|-crit|p1a: Chansey
|-damage|p1a: Chansey|142\/642
|move|p1a: Chansey|Seismic Toss|p2a: Gardevoir
|-damage|p2a: Gardevoir|177\/277
|
|turn|12
|join|WaterBomb
|
|switch|p1a: Gliscor|Gliscor, F|325\/352 tox
|move|p2a: Gardevoir|Hyper Voice|p1a: Gliscor
|-damage|p1a: Gliscor|103\/352 tox
|
|-heal|p1a: Gliscor|147\/352 tox|[from] ability: Poison Heal
|turn|13
|
|move|p1a: Gliscor|Protect|p1a: Gliscor
|-singleturn|p1a: Gliscor|Protect
|move|p2a: Gardevoir|Hyper Voice|p1a: Gliscor
|-activate|p1a: Gliscor|Protect
|
|-heal|p1a: Gliscor|191\/352 tox|[from] ability: Poison Heal
|turn|14
|
|switch|p1a: King dodongo|Heatran, M|385\/385
|move|p2a: Gardevoir|Hyper Voice|p1a: King dodongo
|-resisted|p1a: King dodongo
|-damage|p1a: King dodongo|338\/385
|
|-heal|p1a: King dodongo|362\/385|[from] item: Leftovers
|turn|15
|
|switch|p1a: Gliscor|Gliscor, F|191\/352 tox
|move|p2a: Gardevoir|Focus Blast|p1a: Gliscor|[miss]
|-miss|p2a: Gardevoir|p1a: Gliscor
|
|-heal|p1a: Gliscor|235\/352 tox|[from] ability: Poison Heal
|turn|16
|c|@WaterBomb|wow such damage
|
|switch|p2a: Landorus|Landorus, M|319\/319
|move|p1a: Gliscor|Protect|p1a: Gliscor
|-fail|p1a: Gliscor
|
|-heal|p1a: Gliscor|279\/352 tox|[from] ability: Poison Heal
|turn|17
|
|move|p1a: Gliscor|Protect|p1a: Gliscor
|-singleturn|p1a: Gliscor|Protect
|move|p2a: Landorus|Gravity|p2a: Landorus
|-fieldstart|move: Gravity
|
|-heal|p1a: Gliscor|323\/352 tox|[from] ability: Poison Heal
|turn|18
|
|move|p2a: Landorus|Earth Power|p1a: Gliscor
|-damage|p1a: Gliscor|96\/352 tox
|move|p1a: Gliscor|Knock Off|p2a: Landorus
|-damage|p2a: Landorus|234\/319
|-enditem|p2a: Landorus|Life Orb|[from] move: Knock Off|[of] p1a: Gliscor
|
|-heal|p1a: Gliscor|140\/352 tox|[from] ability: Poison Heal
|turn|19
|
|move|p1a: Gliscor|Protect|p1a: Gliscor
|-singleturn|p1a: Gliscor|Protect
|move|p2a: Landorus|Stealth Rock|p1a: Gliscor
|-sidestart|p1: kjaerlighet|move: Stealth Rock
|
|-heal|p1a: Gliscor|184\/352 tox|[from] ability: Poison Heal
|turn|20
|
|move|p2a: Landorus|Earth Power|p1a: Gliscor
|-damage|p1a: Gliscor|16\/352 tox
|move|p1a: Gliscor|Toxic|p2a: Landorus
|-status|p2a: Landorus|tox
|
|-damage|p2a: Landorus|215\/319 tox|[from] psn
|-heal|p1a: Gliscor|60\/352 tox|[from] ability: Poison Heal
|turn|21
|
|switch|p2a: Gardevoir|Gardevoir-Mega, F|177\/277
|move|p1a: Gliscor|Protect|p1a: Gliscor
|-fail|p1a: Gliscor
|
|-heal|p1a: Gliscor|104\/352 tox|[from] ability: Poison Heal
|-fieldend|move: Gravity
|turn|22
|
|move|p1a: Gliscor|Protect|p1a: Gliscor
|-singleturn|p1a: Gliscor|Protect
|move|p2a: Gardevoir|Hyper Voice|p1a: Gliscor
|-activate|p1a: Gliscor|Protect
|
|-heal|p1a: Gliscor|148\/352 tox|[from] ability: Poison Heal
|turn|23
|
|switch|p1a: Chansey|Chansey, F|142\/642
|-damage|p1a: Chansey|62\/642|[from] Stealth Rock
|move|p2a: Gardevoir|Hyper Voice|p1a: Chansey
|-damage|p1a: Chansey|0 fnt
|faint|p1a: Chansey
|
|
|switch|p1a: Slowbro|Slowbro, M|394\/394
|-damage|p1a: Slowbro|345\/394|[from] Stealth Rock
|turn|24
|
|move|p2a: Gardevoir|Hyper Voice|p1a: Slowbro
|-damage|p1a: Slowbro|26\/394
|move|p1a: Slowbro|Thunder Wave|p2a: Gardevoir
|-status|p2a: Gardevoir|par
|
|-heal|p1a: Slowbro|50\/394|[from] item: Leftovers
|turn|25
|
|switch|p1a: King dodongo|Heatran, M|362\/385
|-damage|p1a: King dodongo|314\/385|[from] Stealth Rock
|move|p2a: Gardevoir|Focus Blast|p1a: King dodongo
|-crit|p1a: King dodongo
|-supereffective|p1a: King dodongo
|-damage|p1a: King dodongo|0 fnt
|faint|p1a: King dodongo
|
|
|switch|p1a: Clefable|Clefable, F|394\/394
|-damage|p1a: Clefable|345\/394|[from] Stealth Rock
|turn|26
|
|move|p1a: Clefable|Calm Mind|p1a: Clefable
|-boost|p1a: Clefable|spa|1
|-boost|p1a: Clefable|spd|1
|move|p2a: Gardevoir|Hyper Voice|p1a: Clefable
|-damage|p1a: Clefable|149\/394
|
|-heal|p1a: Clefable|173\/394|[from] item: Leftovers
|turn|27
|
|move|p1a: Clefable|Moonlight|p1a: Clefable
|-heal|p1a: Clefable|370\/394
|move|p2a: Gardevoir|Taunt|p1a: Clefable
|-start|p1a: Clefable|move: Taunt
|
|-heal|p1a: Clefable|394\/394|[from] item: Leftovers
|turn|28
|
|switch|p2a: Talonflame|Talonflame, F|297\/297
|move|p1a: Clefable|Moonblast|p2a: Talonflame
|-resisted|p2a: Talonflame
|-damage|p2a: Talonflame|188\/297
|
|turn|29
|
|move|p2a: Talonflame|Brave Bird|p1a: Clefable
|-damage|p1a: Clefable|193\/394
|-damage|p2a: Talonflame|122\/297|[from] recoil|[of] p1a: Clefable
|move|p1a: Clefable|Moonblast|p2a: Talonflame
|-resisted|p2a: Talonflame
|-damage|p2a: Talonflame|6\/297
|
|-heal|p1a: Clefable|217\/394|[from] item: Leftovers
|turn|30
|
|move|p2a: Talonflame|Brave Bird|p1a: Clefable
|-damage|p1a: Clefable|16\/394
|-damage|p2a: Talonflame|0 fnt|[from] recoil|[of] p1a: Clefable
|faint|p2a: Talonflame
|move|p1a: Clefable|Moonblast|p2: Talonflame|[notarget]
|-notarget
|
|-heal|p1a: Clefable|40\/394|[from] item: Leftovers
|-end|p1a: Clefable|move: Taunt
|
|switch|p2a: Emboar|Emboar, F|368\/368
|turn|31
|
|move|p2a: Emboar|Flare Blitz|p1a: Clefable
|-damage|p1a: Clefable|0 fnt
|-damage|p2a: Emboar|355\/368|[from] recoil|[of] p1a: Clefable
|-damage|p2a: Emboar|319\/368|[from] item: Life Orb
|faint|p1a: Clefable
|
|
|switch|p1a: Slowbro|Slowbro, M|181\/394
|-damage|p1a: Slowbro|132\/394|[from] Stealth Rock
|turn|32
|
|switch|p1a: Bowser|Chesnaught, M|380\/380
|-damage|p1a: Bowser|357\/380|[from] Stealth Rock
|move|p2a: Emboar|Head Smash|p1a: Bowser
|-resisted|p1a: Bowser
|-damage|p1a: Bowser|270\/380
|-damage|p2a: Emboar|275\/368|[from] recoil|[of] p1a: Bowser
|-damage|p2a: Emboar|239\/368|[from] item: Life Orb
|
|-heal|p1a: Bowser|293\/380|[from] item: Leftovers
|turn|33
|
|move|p1a: Bowser|Spiky Shield|p1a: Bowser
|-singleturn|p1a: Bowser|move: Protect
|move|p2a: Emboar|Flare Blitz|p1a: Bowser
|-activate|p1a: Bowser|move: Protect
|-damage|p2a: Emboar|193\/368|[from] Spiky Shield|[of] p1a: Bowser
|
|-heal|p1a: Bowser|316\/380|[from] item: Leftovers
|turn|34
|
|switch|p1a: Slowbro|Slowbro, M|263\/394
|-damage|p1a: Slowbro|214\/394|[from] Stealth Rock
|move|p2a: Emboar|Wild Charge|p1a: Slowbro
|-supereffective|p1a: Slowbro
|-damage|p1a: Slowbro|0 fnt
|-damage|p2a: Emboar|139\/368|[from] recoil|[of] p1a: Slowbro
|-damage|p2a: Emboar|103\/368|[from] item: Life Orb
|faint|p1a: Slowbro
|
|
|switch|p1a: Gliscor|Gliscor, F|148\/352 tox
|-damage|p1a: Gliscor|104\/352 tox|[from] Stealth Rock
|turn|35
|
|move|p1a: Gliscor|Protect|p1a: Gliscor
|-singleturn|p1a: Gliscor|Protect
|move|p2a: Emboar|Flare Blitz|p1a: Gliscor
|-activate|p1a: Gliscor|Protect
|
|-heal|p1a: Gliscor|148\/352 tox|[from] ability: Poison Heal
|turn|36
|
|switch|p1a: Bowser|Chesnaught, M|316\/380
|-damage|p1a: Bowser|293\/380|[from] Stealth Rock
|move|p2a: Emboar|Flare Blitz|p1a: Bowser
|-supereffective|p1a: Bowser
|-damage|p1a: Bowser|0 fnt
|-damage|p2a: Emboar|6\/368|[from] recoil|[of] p1a: Bowser
|-damage|p2a: Emboar|0 fnt|[from] item: Life Orb
|faint|p1a: Bowser
|faint|p2a: Emboar
|
|
|switch|p2a: Starmie|Starmie|323\/323
|switch|p1a: Gliscor|Gliscor, F|148\/352 tox
|-damage|p1a: Gliscor|104\/352 tox|[from] Stealth Rock
|turn|37
|
|move|p1a: Gliscor|Protect|p1a: Gliscor
|-singleturn|p1a: Gliscor|Protect
|move|p2a: Starmie|Scald|p1a: Gliscor
|-activate|p1a: Gliscor|Protect
|
|-heal|p1a: Gliscor|148\/352 tox|[from] ability: Poison Heal
|turn|38
|
|move|p1a: Gliscor|Protect|p1a: Gliscor
|-singleturn|p1a: Gliscor|Protect
|move|p2a: Starmie|Scald|p1a: Gliscor
|-activate|p1a: Gliscor|Protect
|
|-heal|p1a: Gliscor|192\/352 tox|[from] ability: Poison Heal
|turn|39
|
|move|p2a: Starmie|Scald|p1a: Gliscor
|-supereffective|p1a: Gliscor
|-damage|p1a: Gliscor|40\/352 tox
|move|p1a: Gliscor|Knock Off|p2a: Starmie
|-crit|p2a: Starmie
|-supereffective|p2a: Starmie
|-damage|p2a: Starmie|85\/323
|-damage|p1a: Gliscor|0 fnt|[from] item: Rocky Helmet|[of] p2a: Starmie
|faint|p1a: Gliscor
|
|win|napty
|raw|Ladder updating...
|raw|kjaerlighet's rating: 1738 &rarr; <strong>1713<\/strong><br \/>(-25 for losing)
|raw|napty's rating: 1653 &rarr; <strong>1677<\/strong><br \/>(+24 for winning)