|join|feedthescrub
|join|napty
|player|p1|feedthescrub|1
|player|p2|napty|287
|gametype|singles
|gen|6
|tier|OU (suspect test)
|rated
|clearpoke
|poke|p1|Landorus-Therian, M
|poke|p1|Latias, F
|poke|p1|Bisharp, M
|poke|p1|Rotom-Wash
|poke|p1|Ferrothorn, M
|poke|p1|Charizard, F
|poke|p2|Bisharp, F
|poke|p2|Gallade, M
|poke|p2|Keldeo
|poke|p2|Clefable, M
|poke|p2|Jirachi
|poke|p2|Latias, F
|rule|Swagger Clause: Swagger is banned
|rule|Baton Pass Clause: Limit one PokÃ©mon knowing Baton Pass
|rule|Sleep Clause Mod: Limit one foe put to sleep
|rule|Species Clause: Limit one of each PokÃ©mon
|rule|OHKO Clause: OHKO moves are banned
|rule|Moody Clause: Moody is banned
|rule|Evasion Moves Clause: Evasion moves are banned
|rule|Endless Battle Clause: Forcing endless battles is banned
|rule|HP Percentage Mod: HP is shown in percentages
|teampreview
|
|start
|switch|p1a: Rotom-Wash|Rotom-Wash|272\/272
|switch|p2a: Latias|Latias, F|319\/319
|turn|1
|
|switch|p1a: Ferrothorn|Ferrothorn, M|351\/351
|move|p2a: Latias|Draco Meteor|p1a: Ferrothorn
|-resisted|p1a: Ferrothorn
|-damage|p1a: Ferrothorn|233\/351
|-unboost|p2a: Latias|spa|2
|-damage|p2a: Latias|288\/319|[from] item: Life Orb
|
|turn|2
|
|switch|p2a: Gallade|Gallade, M|278\/278
|move|p1a: Ferrothorn|Thunder Wave|p2a: Gallade
|-status|p2a: Gallade|par
|
|turn|3
|
|switch|p1a: Landorus-Therian|Landorus-Therian, M|382\/382
|-ability|p1a: Landorus-Therian|Intimidate|[of] p2a: Gallade
|-unboost|p2a: Gallade|atk|1
|detailschange|p2a: Gallade|Gallade-Mega, M
|-mega|p2a: Gallade|Gallade|Galladite
|move|p2a: Gallade|Close Combat|p1a: Landorus-Therian
|-resisted|p1a: Landorus-Therian
|-damage|p1a: Landorus-Therian|313\/382
|-unboost|p2a: Gallade|def|1
|-unboost|p2a: Gallade|spd|1
|
|-heal|p1a: Landorus-Therian|336\/382|[from] item: Leftovers
|turn|4
|
|switch|p2a: Clefable|Clefable, M|394\/394
|move|p1a: Landorus-Therian|Earthquake|p2a: Clefable
|-damage|p2a: Clefable|255\/394
|
|-heal|p1a: Landorus-Therian|359\/382|[from] item: Leftovers
|-heal|p2a: Clefable|279\/394|[from] item: Leftovers
|turn|5
|
|move|p1a: Landorus-Therian|Stealth Rock|p2a: Clefable
|-sidestart|p2: napty|move: Stealth Rock
|move|p2a: Clefable|Stealth Rock|p1a: Landorus-Therian
|-sidestart|p1: feedthescrub|move: Stealth Rock
|
|-heal|p1a: Landorus-Therian|382\/382|[from] item: Leftovers
|-heal|p2a: Clefable|303\/394|[from] item: Leftovers
|turn|6
|
|move|p1a: Landorus-Therian|Knock Off|p2a: Clefable
|-resisted|p2a: Clefable
|-damage|p2a: Clefable|255\/394
|-enditem|p2a: Clefable|Leftovers|[from] move: Knock Off|[of] p1a: Landorus-Therian
|move|p2a: Clefable|Moonblast|p1a: Landorus-Therian
|-damage|p1a: Landorus-Therian|262\/382
|
|-heal|p1a: Landorus-Therian|285\/382|[from] item: Leftovers
|turn|7
|
|move|p1a: Landorus-Therian|Earthquake|p2a: Clefable
|-damage|p2a: Clefable|102\/394
|move|p2a: Clefable|Moonlight|p2a: Clefable
|-heal|p2a: Clefable|299\/394
|
|-heal|p1a: Landorus-Therian|308\/382|[from] item: Leftovers
|turn|8
|
|move|p1a: Landorus-Therian|U-turn|p2a: Clefable
|-resisted|p2a: Clefable
|-damage|p2a: Clefable|266\/394
|
|switch|p1a: Bisharp|Bisharp, M|271\/271
|-damage|p1a: Bisharp|255\/271|[from] Stealth Rock
|move|p2a: Clefable|Moonlight|p2a: Clefable
|-heal|p2a: Clefable|394\/394
|
|turn|9
|
|switch|p2a: Keldeo|Keldeo|323\/323
|-damage|p2a: Keldeo|303\/323|[from] Stealth Rock
|move|p1a: Bisharp|Iron Head|p2a: Keldeo
|-resisted|p2a: Keldeo
|-damage|p2a: Keldeo|207\/323
|-damage|p1a: Bisharp|228\/271|[from] item: Life Orb
|
|turn|10
|
|switch|p1a: Latias|Latias, F|301\/301
|-damage|p1a: Latias|264\/301|[from] Stealth Rock
|move|p2a: Keldeo|Scald|p1a: Latias
|-resisted|p1a: Latias
|-damage|p1a: Latias|184\/301
|-status|p1a: Latias|brn
|
|-damage|p1a: Latias|147\/301 brn|[from] brn
|turn|11
|
|switch|p1a: Landorus-Therian|Landorus-Therian, M|308\/382
|-damage|p1a: Landorus-Therian|261\/382|[from] Stealth Rock
|-ability|p1a: Landorus-Therian|Intimidate|[of] p2a: Keldeo
|-unboost|p2a: Keldeo|atk|1
|switch|p2a: Bisharp|Bisharp, F|271\/271
|-damage|p2a: Bisharp|255\/271|[from] Stealth Rock
|
|-heal|p1a: Landorus-Therian|284\/382|[from] item: Leftovers
|turn|12
|
|switch|p2a: Clefable|Clefable, M|394\/394
|-damage|p2a: Clefable|345\/394|[from] Stealth Rock
|move|p1a: Landorus-Therian|Earthquake|p2a: Clefable
|-damage|p2a: Clefable|200\/394
|
|-heal|p1a: Landorus-Therian|307\/382|[from] item: Leftovers
|turn|13
|
|move|p1a: Landorus-Therian|Earthquake|p2a: Clefable
|-damage|p2a: Clefable|59\/394
|move|p2a: Clefable|Moonlight|p2a: Clefable
|-heal|p2a: Clefable|256\/394
|
|-heal|p1a: Landorus-Therian|330\/382|[from] item: Leftovers
|turn|14
|
|move|p1a: Landorus-Therian|Earthquake|p2a: Clefable
|-damage|p2a: Clefable|103\/394
|move|p2a: Clefable|Moonblast|p1a: Landorus-Therian
|-damage|p1a: Landorus-Therian|197\/382
|
|-heal|p1a: Landorus-Therian|220\/382|[from] item: Leftovers
|turn|15
|
|move|p1a: Landorus-Therian|U-turn|p2a: Clefable
|-resisted|p2a: Clefable
|-damage|p2a: Clefable|68\/394
|
|switch|p1a: Ferrothorn|Ferrothorn, M|233\/351
|-damage|p1a: Ferrothorn|212\/351|[from] Stealth Rock
|move|p2a: Clefable|Moonblast|p1a: Ferrothorn
|-resisted|p1a: Ferrothorn
|-damage|p1a: Ferrothorn|164\/351
|-unboost|p1a: Ferrothorn|spa|1
|
|turn|16
|
|move|p2a: Clefable|Moonlight|p2a: Clefable
|-heal|p2a: Clefable|265\/394
|move|p1a: Ferrothorn|Leech Seed|p2a: Clefable
|-start|p2a: Clefable|move: Leech Seed
|
|-damage|p2a: Clefable|216\/394|[from] Leech Seed|[of] p1a: Ferrothorn
|-heal|p1a: Ferrothorn|213\/351|[silent]
|turn|17
|
|move|p2a: Clefable|Moonlight|p2a: Clefable
|-heal|p2a: Clefable|394\/394
|move|p1a: Ferrothorn|Thunder Wave|p2a: Clefable
|-status|p2a: Clefable|par
|
|-damage|p2a: Clefable|345\/394 par|[from] Leech Seed|[of] p1a: Ferrothorn
|-heal|p1a: Ferrothorn|262\/351|[silent]
|turn|18
|
|switch|p2a: Gallade|Gallade-Mega, M|278\/278 par
|-damage|p2a: Gallade|261\/278 par|[from] Stealth Rock
|move|p1a: Ferrothorn|Spikes|p2a: Gallade
|-sidestart|p2: napty|Spikes
|
|turn|19
|
|move|p2a: Gallade|Knock Off|p1a: Ferrothorn
|-damage|p1a: Ferrothorn|181\/351
|-damage|p2a: Gallade|227\/278 par|[from] ability: Iron Barbs|[of] p1a: Ferrothorn
|-enditem|p1a: Ferrothorn|Shed Shell|[from] move: Knock Off|[of] p2a: Gallade
|move|p1a: Ferrothorn|Spikes|p2a: Gallade
|-sidestart|p2: napty|Spikes
|
|turn|20
|
|move|p2a: Gallade|Close Combat|p1a: Ferrothorn
|-supereffective|p1a: Ferrothorn
|-damage|p1a: Ferrothorn|0 fnt
|-damage|p2a: Gallade|193\/278 par|[from] ability: Iron Barbs|[of] p1a: Ferrothorn
|-unboost|p2a: Gallade|def|1
|-unboost|p2a: Gallade|spd|1
|faint|p1a: Ferrothorn
|
|
|switch|p1a: Landorus-Therian|Landorus-Therian, M|220\/382
|-damage|p1a: Landorus-Therian|173\/382|[from] Stealth Rock
|-ability|p1a: Landorus-Therian|Intimidate|[of] p2a: Gallade
|-unboost|p2a: Gallade|atk|1
|turn|21
|
|move|p1a: Landorus-Therian|Earthquake|p2a: Gallade
|-damage|p2a: Gallade|0 fnt
|faint|p2a: Gallade
|
|-heal|p1a: Landorus-Therian|196\/382|[from] item: Leftovers
|
|switch|p2a: Latias|Latias, F|288\/319
|-damage|p2a: Latias|249\/319|[from] Stealth Rock
|turn|22
|
|move|p2a: Latias|Hidden Power|p1a: Landorus-Therian
|-resisted|p1a: Landorus-Therian
|-damage|p1a: Landorus-Therian|149\/382
|-damage|p2a: Latias|218\/319|[from] item: Life Orb
|move|p1a: Landorus-Therian|Knock Off|p2a: Latias
|-supereffective|p2a: Latias
|-damage|p2a: Latias|0 fnt
|-enditem|p2a: Latias|Life Orb|[from] move: Knock Off|[of] p1a: Landorus-Therian
|faint|p2a: Latias
|
|-heal|p1a: Landorus-Therian|172\/382|[from] item: Leftovers
|-message|napty forfeited.
|leave|napty
|
|win|feedthescrub
|raw|Ladder updating...
|raw|feedthescrub's rating: 1363 &rarr; <strong>1384<\/strong><br \/>(+21 for winning)
|raw|napty's rating: 1389 &rarr; <strong>1367<\/strong><br \/>(-22 for losing)