|join|napty
|join|Kaoky
|player|p1|napty|287
|player|p2|Kaoky|170
|gametype|singles
|gen|6
|tier|OU (suspect test)
|rated
|clearpoke
|poke|p1|Landorus-Therian, M
|poke|p1|Azumarill, F
|poke|p1|Gardevoir, F
|poke|p1|Bisharp, M
|poke|p1|Talonflame, F
|poke|p1|Latias, F
|poke|p2|Chansey, F
|poke|p2|Mandibuzz, F
|poke|p2|Landorus-Therian, M
|poke|p2|Gardevoir, F
|poke|p2|Breloom, F
|poke|p2|Kyurem-Black
|rule|Swagger Clause: Swagger is banned
|rule|Baton Pass Clause: Limit one PokÃ©mon knowing Baton Pass
|rule|Sleep Clause Mod: Limit one foe put to sleep
|rule|Species Clause: Limit one of each PokÃ©mon
|rule|OHKO Clause: OHKO moves are banned
|rule|Moody Clause: Moody is banned
|rule|Evasion Moves Clause: Evasion moves are banned
|rule|Endless Battle Clause: Forcing endless battles is banned
|rule|HP Percentage Mod: HP is shown in percentages
|teampreview
|
|start
|switch|p1a: Latias|Latias, F|301\/301
|switch|p2a: Landorus-Therian|Landorus-Therian, M|319\/319
|-ability|p2a: Landorus-Therian|Intimidate|[of] p1a: Latias
|-unboost|p1a: Latias|atk|1
|turn|1
|
|move|p2a: Landorus-Therian|U-turn|p1a: Latias
|-crit|p1a: Latias
|-supereffective|p1a: Latias
|-damage|p1a: Latias|7\/301
|
|switch|p2a: Mandibuzz|Mandibuzz, F|399\/399
|move|p1a: Latias|Draco Meteor|p2a: Mandibuzz|[miss]
|-miss|p1a: Latias|p2a: Mandibuzz
|
|turn|2
|
|switch|p1a: Landorus-Therian|Landorus-Therian, M|381\/381
|-ability|p1a: Landorus-Therian|Intimidate|[of] p2a: Mandibuzz
|-unboost|p2a: Mandibuzz|atk|1
|move|p2a: Mandibuzz|Roost|p2a: Mandibuzz
|-fail|p2a: Mandibuzz
|
|turn|3
|
|move|p1a: Landorus-Therian|Stealth Rock|p2a: Mandibuzz
|-sidestart|p2: Kaoky|move: Stealth Rock
|move|p2a: Mandibuzz|Knock Off|p1a: Landorus-Therian
|-damage|p1a: Landorus-Therian|339\/381
|-damage|p2a: Mandibuzz|333\/399|[from] item: Rocky Helmet|[of] p1a: Landorus-Therian
|-enditem|p1a: Landorus-Therian|Rocky Helmet|[from] move: Knock Off|[of] p2a: Mandibuzz
|
|-heal|p2a: Mandibuzz|357\/399|[from] item: Leftovers
|turn|4
|
|move|p1a: Landorus-Therian|U-turn|p2a: Mandibuzz
|-damage|p2a: Mandibuzz|308\/399
|
|switch|p1a: Gardevoir|Gardevoir, F|277\/277
|-ability|p1a: Gardevoir|Overcoat|[from] ability: Trace|[of] p2a: Mandibuzz
|move|p2a: Mandibuzz|Foul Play|p1a: Gardevoir
|-damage|p1a: Gardevoir|174\/277
|
|-heal|p2a: Mandibuzz|332\/399|[from] item: Leftovers
|turn|5
|
|switch|p2a: Chansey|Chansey, F|642\/642
|-damage|p2a: Chansey|562\/642|[from] Stealth Rock
|detailschange|p1a: Gardevoir|Gardevoir-Mega, F
|-mega|p1a: Gardevoir|Gardevoir|Gardevoirite
|move|p1a: Gardevoir|Hyper Voice|p2a: Chansey
|-damage|p2a: Chansey|430\/642
|
|turn|6
|
|move|p1a: Gardevoir|Psyshock|p2a: Chansey
|-crit|p2a: Chansey
|-damage|p2a: Chansey|37\/642
|move|p2a: Chansey|Thunder Wave|p1a: Gardevoir
|-status|p1a: Gardevoir|par
|
|turn|7
|
|move|p2a: Chansey|Soft-Boiled|p2a: Chansey
|-heal|p2a: Chansey|358\/642
|move|p1a: Gardevoir|Psyshock|p2a: Chansey
|-damage|p2a: Chansey|90\/642
|
|turn|8
|
|switch|p1a: Bisharp|Bisharp, M|271\/271
|move|p2a: Chansey|Soft-Boiled|p2a: Chansey
|-heal|p2a: Chansey|411\/642
|
|turn|9
|
|switch|p2a: Landorus-Therian|Landorus-Therian, M|319\/319
|-damage|p2a: Landorus-Therian|280\/319|[from] Stealth Rock
|-ability|p2a: Landorus-Therian|Intimidate|[of] p1a: Bisharp
|-unboost|p1a: Bisharp|atk|1
|-boost|p1a: Bisharp|atk|2|[from] ability: Defiant
|move|p1a: Bisharp|Swords Dance|p1a: Bisharp
|-boost|p1a: Bisharp|atk|2
|
|turn|10
|
|move|p1a: Bisharp|Sucker Punch|p2a: Landorus-Therian
|-damage|p2a: Landorus-Therian|0 fnt
|-damage|p1a: Bisharp|244\/271|[from] item: Life Orb
|faint|p2a: Landorus-Therian
|
|
|switch|p2a: Breloom|Breloom, F|261\/261
|-damage|p2a: Breloom|245\/261|[from] Stealth Rock
|turn|11
|
|switch|p1a: Latias|Latias, F|7\/301
|move|p2a: Breloom|Spore|p1a: Latias
|-status|p1a: Latias|slp
|
|turn|12
|
|switch|p1a: Landorus-Therian|Landorus-Therian, M|339\/381
|-ability|p1a: Landorus-Therian|Intimidate|[of] p2a: Breloom
|-unboost|p2a: Breloom|atk|1
|move|p2a: Breloom|Mach Punch|p1a: Landorus-Therian
|-resisted|p1a: Landorus-Therian
|-damage|p1a: Landorus-Therian|300\/381
|-damage|p2a: Breloom|219\/261|[from] item: Life Orb
|
|turn|13
|
|move|p2a: Breloom|Spore|p1a: Landorus-Therian
|-message|Sleep Clause Mod activated.
|-fail|p1a: Landorus-Therian
|move|p1a: Landorus-Therian|U-turn|p2a: Breloom
|-damage|p2a: Breloom|129\/261
|
|switch|p1a: Talonflame|Talonflame, F|297\/297
|
|turn|14
|
|switch|p2a: Mandibuzz|Mandibuzz, F|332\/399
|-damage|p2a: Mandibuzz|233\/399|[from] Stealth Rock
|move|p1a: Talonflame|Brave Bird|p2a: Mandibuzz
|-damage|p2a: Mandibuzz|80\/399
|-damage|p1a: Talonflame|247\/297|[from] recoil|[of] p2a: Mandibuzz
|
|-heal|p2a: Mandibuzz|104\/399|[from] item: Leftovers
|turn|15
|
|move|p1a: Talonflame|Brave Bird|p2a: Mandibuzz
|-damage|p2a: Mandibuzz|0 fnt
|-damage|p1a: Talonflame|213\/297|[from] recoil|[of] p2a: Mandibuzz
|faint|p2a: Mandibuzz
|
|
|switch|p2a: Chansey|Chansey, F|411\/642
|-damage|p2a: Chansey|331\/642|[from] Stealth Rock
|turn|16
|
|switch|p1a: Gardevoir|Gardevoir-Mega, F|174\/277 par
|move|p2a: Chansey|Soft-Boiled|p2a: Chansey
|-heal|p2a: Chansey|642\/642
|
|turn|17
|
|switch|p2a: Gardevoir|Gardevoir, F|280\/280
|-damage|p2a: Gardevoir|245\/280|[from] Stealth Rock
|-ability|p2a: Gardevoir|Pixilate|[from] ability: Trace|[of] p1a: Gardevoir
|move|p1a: Gardevoir|Psyshock|p2a: Gardevoir
|-resisted|p2a: Gardevoir
|-damage|p2a: Gardevoir|113\/280
|
|turn|18
|
|detailschange|p2a: Gardevoir|Gardevoir-Mega, F
|-mega|p2a: Gardevoir|Gardevoir|Gardevoirite
|move|p2a: Gardevoir|Hyper Voice|p1a: Gardevoir
|-damage|p1a: Gardevoir|0 fnt
|faint|p1a: Gardevoir
|
|
|switch|p1a: Talonflame|Talonflame, F|213\/297
|turn|19
|
|switch|p2a: Chansey|Chansey, F|642\/642
|-damage|p2a: Chansey|562\/642|[from] Stealth Rock
|move|p1a: Talonflame|Brave Bird|p2a: Chansey
|-damage|p2a: Chansey|270\/642
|-damage|p1a: Talonflame|117\/297|[from] recoil|[of] p2a: Chansey
|
|turn|20
|
|move|p1a: Talonflame|Brave Bird|p2a: Chansey
|-damage|p2a: Chansey|0 fnt
|-damage|p1a: Talonflame|28\/297|[from] recoil|[of] p2a: Chansey
|faint|p2a: Chansey
|
|
|switch|p2a: Kyurem-Black|Kyurem-Black|391\/391
|-damage|p2a: Kyurem-Black|294\/391|[from] Stealth Rock
|-ability|p2a: Kyurem-Black|Teravolt
|turn|21
|
|move|p1a: Talonflame|Brave Bird|p2a: Kyurem-Black
|-damage|p2a: Kyurem-Black|80\/391
|-damage|p1a: Talonflame|0 fnt|[from] recoil|[of] p2a: Kyurem-Black
|faint|p1a: Talonflame
|move|p2a: Kyurem-Black|Ice Beam|p1: Talonflame|[notarget]
|-notarget
|
|
|switch|p1a: Bisharp|Bisharp, M|244\/271
|turn|22
|
|switch|p2a: Gardevoir|Gardevoir-Mega, F|113\/280
|-damage|p2a: Gardevoir|78\/280|[from] Stealth Rock
|move|p1a: Bisharp|Sucker Punch|p2a: Gardevoir
|-fail|p2a: Gardevoir
|
|turn|23
|
|move|p1a: Bisharp|Sucker Punch|p2a: Gardevoir
|-fail|p2a: Gardevoir
|move|p2a: Gardevoir|Encore|p1a: Bisharp
|-start|p1a: Bisharp|Encore
|
|turn|24
|
|switch|p2a: Breloom|Breloom, F|129\/261
|-damage|p2a: Breloom|113\/261|[from] Stealth Rock
|move|p1a: Bisharp|Sucker Punch|p2a: Breloom
|-fail|p2a: Breloom
|
|turn|25
|
|switch|p1a: Landorus-Therian|Landorus-Therian, M|300\/381
|-ability|p1a: Landorus-Therian|Intimidate|[of] p2a: Breloom
|-unboost|p2a: Breloom|atk|1
|move|p2a: Breloom|Spore|p1a: Landorus-Therian
|-message|Sleep Clause Mod activated.
|-fail|p1a: Landorus-Therian
|
|turn|26
|
|move|p2a: Breloom|Bullet Seed|p1a: Landorus-Therian
|-damage|p1a: Landorus-Therian|256\/381
|-crit|p1a: Landorus-Therian
|-damage|p1a: Landorus-Therian|159\/381
|-crit|p1a: Landorus-Therian
|-damage|p1a: Landorus-Therian|58\/381
|-damage|p1a: Landorus-Therian|10\/381
|-damage|p1a: Landorus-Therian|0 fnt
|-hitcount|p1a: Landorus-Therian|5
|-damage|p2a: Breloom|87\/261|[from] item: Life Orb
|faint|p1a: Landorus-Therian
|
|c|âKaoky|gg
|c|ânapty|omfg
|
|switch|p1a: Bisharp|Bisharp, M|244\/271
|turn|27
|
|switch|p2a: Kyurem-Black|Kyurem-Black|80\/391
|-damage|p2a: Kyurem-Black|0 fnt|[from] Stealth Rock
|faint|p2a: Kyurem-Black
|move|p1a: Bisharp|Sucker Punch|p2: Kyurem-Black|[notarget]
|-notarget
|
|
|switch|p2a: Gardevoir|Gardevoir-Mega, F|78\/280
|-damage|p2a: Gardevoir|43\/280|[from] Stealth Rock
|turn|28
|
|move|p1a: Bisharp|Sucker Punch|p2a: Gardevoir
|-fail|p2a: Gardevoir
|move|p2a: Gardevoir|Destiny Bond|p2a: Gardevoir
|-singlemove|p2a: Gardevoir|Destiny Bond
|
|turn|29
|
|move|p1a: Bisharp|Sucker Punch|p2a: Gardevoir
|-damage|p2a: Gardevoir|0 fnt
|-damage|p1a: Bisharp|217\/271|[from] item: Life Orb
|faint|p2a: Gardevoir
|-activate|p2a: Gardevoir|Destiny Bond
|faint|p1a: Bisharp
|
|
|switch|p2a: Breloom|Breloom, F|87\/261
|switch|p1a: Azumarill|Azumarill, F|404\/404
|-damage|p2a: Breloom|71\/261|[from] Stealth Rock
|turn|30
|
|switch|p1a: Latias|Latias, F|7\/301 slp
|move|p2a: Breloom|Bullet Seed|p1a: Latias
|-resisted|p1a: Latias
|-damage|p1a: Latias|0 fnt
|-hitcount|p1a: Latias|1
|-damage|p2a: Breloom|45\/261|[from] item: Life Orb
|faint|p1a: Latias
|
|
|switch|p1a: Azumarill|Azumarill, F|404\/404
|turn|31
|
|move|p1a: Azumarill|Aqua Jet|p2a: Breloom
|-resisted|p2a: Breloom
|-damage|p2a: Breloom|0 fnt
|faint|p2a: Breloom
|
|win|napty
|raw|Ladder updating...
|raw|napty's rating: 1382 &rarr; <strong>1395<\/strong><br \/>(+13 for winning)
|raw|Kaoky's rating: 1257 &rarr; <strong>1241<\/strong><br \/>(-16 for losing)