|join|napty
|join|RoyalClown
|player|p1|napty|287
|player|p2|RoyalClown|2
|gametype|singles
|gen|6
|tier|OU (suspect test)
|rated
|clearpoke
|poke|p1|Bisharp, M
|poke|p1|Gallade, M
|poke|p1|Keldeo
|poke|p1|Landorus-Therian, M
|poke|p1|Klefki, M
|poke|p1|Latias, F
|poke|p2|Tornadus-Therian, M
|poke|p2|Politoed, F
|poke|p2|Swampert, M
|poke|p2|Clefable, F
|poke|p2|Manaphy
|poke|p2|Jirachi
|rule|Swagger Clause: Swagger is banned
|rule|Baton Pass Clause: Limit one PokÃ©mon knowing Baton Pass
|rule|Sleep Clause Mod: Limit one foe put to sleep
|rule|Species Clause: Limit one of each PokÃ©mon
|rule|OHKO Clause: OHKO moves are banned
|rule|Moody Clause: Moody is banned
|rule|Evasion Moves Clause: Evasion moves are banned
|rule|Endless Battle Clause: Forcing endless battles is banned
|rule|HP Percentage Mod: HP is shown in percentages
|teampreview
|join|IHAT3TH15GAM3
|
|start
|switch|p1a: Klefki|Klefki, M|318\/318
|switch|p2a: Politoed|Politoed, F|383\/383
|-weather|RainDance
|turn|1
|
|move|p1a: Klefki|Spikes|p2a: Politoed
|-sidestart|p2: RoyalClown|Spikes
|move|p2a: Politoed|Encore|p1a: Klefki
|-start|p1a: Klefki|Encore
|
|-weather|RainDance|[upkeep]
|turn|2
|c|ânapty|that's fine
|c|ânapty|i wanted to put some other spikes on the field anyway
|
|switch|p2a: Manaphy|Manaphy|404\/404
|-damage|p2a: Manaphy|354\/404|[from] Spikes
|move|p1a: Klefki|Spikes|p2a: Manaphy
|-sidestart|p2: RoyalClown|Spikes
|
|-weather|RainDance|[upkeep]
|-heal|p2a: Manaphy|379\/404|[from] item: Leftovers
|turn|3
|
|switch|p1a: Latias|Latias, F|301\/301
|move|p2a: Manaphy|Tail Glow|p2a: Manaphy
|-boost|p2a: Manaphy|spa|3
|
|-weather|RainDance|[upkeep]
|-heal|p2a: Manaphy|404\/404|[from] item: Leftovers
|turn|4
|c|ânapty|zzzzzzzzzzzzzzzzzzzzzzzzzz
|
|move|p1a: Latias|Psyshock|p2a: Manaphy
|-damage|p2a: Manaphy|231\/404
|-damage|p1a: Latias|271\/301|[from] item: Life Orb
|move|p2a: Manaphy|Scald|p1a: Latias
|-resisted|p1a: Latias
|-damage|p1a: Latias|86\/301
|-status|p1a: Latias|brn
|
|-weather|RainDance|[upkeep]
|-heal|p2a: Manaphy|256\/404|[from] item: Leftovers
|-damage|p1a: Latias|49\/301 brn|[from] brn
|turn|5
|
|move|p1a: Latias|Draco Meteor|p2a: Manaphy
|-damage|p2a: Manaphy|1\/404
|-unboost|p1a: Latias|spa|2
|-damage|p1a: Latias|19\/301 brn|[from] item: Life Orb
|move|p2a: Manaphy|Rest|p2a: Manaphy
|-status|p2a: Manaphy|slp
|-heal|p2a: Manaphy|404\/404 slp|[silent]
|-status|p2a: Manaphy|slp|[from] move: Rest
|
|-weather|RainDance|[upkeep]
|-curestatus|p2a: Manaphy|slp
|-damage|p1a: Latias|0 fnt|[from] brn
|faint|p1a: Latias
|c| IHAT3TH15GAM3|lol
|c|ânapty|1%
|c| IHAT3TH15GAM3|the fatness
|
|switch|p1a: Keldeo|Keldeo|323\/323
|turn|6
|
|move|p1a: Keldeo|Secret Sword|p2a: Manaphy
|-damage|p2a: Manaphy|178\/404
|move|p2a: Manaphy|Energy Ball|p1a: Keldeo
|-supereffective|p1a: Keldeo
|-damage|p1a: Keldeo|0 fnt
|faint|p1a: Keldeo
|
|-weather|RainDance|[upkeep]
|-heal|p2a: Manaphy|203\/404|[from] item: Leftovers
|c|ânapty|this game is a huge piece of crap
|-message|napty forfeited.
|
|win|RoyalClown
|raw|Ladder updating...
|leave|napty
|player|p1
|raw|napty's rating: 1419 &rarr; <strong>1394<\/strong><br \/>(-25 for losing)
|raw|RoyalClown's rating: 1336 &rarr; <strong>1360<\/strong><br \/>(+24 for winning)
|leave|IHAT3TH15GAM3