|join|InsanityX
|join|napty
|player|p1|InsanityX|143
|player|p2|napty|287
|gametype|singles
|gen|6
|tier|OU (suspect test)
|rated
|clearpoke
|poke|p1|Sylveon, F
|poke|p1|Gallade, M
|poke|p1|Landorus-Therian, M
|poke|p1|Bisharp, M
|poke|p1|Heatran, F
|poke|p1|Slowbro, M
|poke|p2|Bisharp, M
|poke|p2|Gallade, M
|poke|p2|Keldeo
|poke|p2|Landorus-Therian, M
|poke|p2|Klefki, F
|poke|p2|Latias, F
|rule|Swagger Clause: Swagger is banned
|rule|Baton Pass Clause: Limit one PokÃ©mon knowing Baton Pass
|rule|Sleep Clause Mod: Limit one foe put to sleep
|rule|Species Clause: Limit one of each PokÃ©mon
|rule|OHKO Clause: OHKO moves are banned
|rule|Moody Clause: Moody is banned
|rule|Evasion Moves Clause: Evasion moves are banned
|rule|Endless Battle Clause: Forcing endless battles is banned
|rule|HP Percentage Mod: HP is shown in percentages
|teampreview
|join|IHAT3TH15GAM3
|c|ânapty|what's up
|c|ânapty|insanityX
|c|âInsanityX|not much
|
|start
|switch|p1a: Landorus-Therian|Landorus-Therian, M|344\/344
|switch|p2a: Landorus-Therian|Landorus-Therian, M|382\/382
|-ability|p1a: Landorus-Therian|Intimidate|[of] p2a: Landorus-Therian
|-unboost|p2a: Landorus-Therian|atk|1
|-ability|p2a: Landorus-Therian|Intimidate|[of] p1a: Landorus-Therian
|-unboost|p1a: Landorus-Therian|atk|1
|turn|1
|
|move|p1a: Landorus-Therian|Hidden Power|p2a: Landorus-Therian
|-supereffective|p2a: Landorus-Therian
|-damage|p2a: Landorus-Therian|162\/382
|move|p2a: Landorus-Therian|Stealth Rock|p1a: Landorus-Therian
|-sidestart|p1: InsanityX|move: Stealth Rock
|
|-heal|p2a: Landorus-Therian|185\/382|[from] item: Leftovers
|turn|2
|c|ânapty|lol o.o
|c|âInsanityX|:]
|
|switch|p1a: Slowbro|Slowbro, M|394\/394
|-damage|p1a: Slowbro|345\/394|[from] Stealth Rock
|switch|p2a: Klefki|Klefki, F|318\/318
|
|-heal|p1a: Slowbro|369\/394|[from] item: Leftovers
|turn|3
|
|switch|p1a: Landorus-Therian|Landorus-Therian, M|344\/344
|-damage|p1a: Landorus-Therian|301\/344|[from] Stealth Rock
|-ability|p1a: Landorus-Therian|Intimidate|[of] p2a: Klefki
|-unboost|p2a: Klefki|atk|1
|move|p2a: Klefki|Spikes|p1a: Landorus-Therian
|-sidestart|p1: InsanityX|Spikes
|
|turn|4
|c|ânapty|u forgot to put a defogger
|c|ânapty|in your team
|
|move|p2a: Klefki|Magnet Rise|p2a: Klefki
|-start|p2a: Klefki|Magnet Rise
|move|p1a: Landorus-Therian|Earthquake|p2a: Klefki
|-immune|p2a: Klefki|[msg]
|
|turn|5
|
|switch|p1a: Heatran|Heatran, F|326\/326
|-damage|p1a: Heatran|286\/326|[from] Stealth Rock
|-item|p1a: Heatran|Air Balloon
|move|p2a: Klefki|Spikes|p1a: Heatran
|-sidestart|p1: InsanityX|Spikes
|
|turn|6
|
|switch|p2a: Keldeo|Keldeo|323\/323
|move|p1a: Heatran|Stealth Rock|p2a: Keldeo
|-sidestart|p2: napty|move: Stealth Rock
|
|turn|7
|
|switch|p1a: Slowbro|Slowbro, M|394\/394
|-damage|p1a: Slowbro|345\/394|[from] Stealth Rock
|-damage|p1a: Slowbro|280\/394|[from] Spikes
|move|p2a: Keldeo|Scald|p1a: Slowbro
|-resisted|p1a: Slowbro
|-damage|p1a: Slowbro|151\/394
|-status|p1a: Slowbro|brn
|
|-heal|p1a: Slowbro|175\/394 brn|[from] item: Leftovers
|-damage|p1a: Slowbro|126\/394 brn|[from] brn
|turn|8
|c|ânapty|!dt calc
No Pokemon, item, move, ability or nature named 'calc' was found. Showing the data of 'Calm' instead.
Calm nature: +10% Special Defense, -10% Attack.
|c|ânapty|!calc
|raw|<div class="infobox">Pokemon Showdown! damage calculator. (Courtesy of Honko)<br \/>- <a href="https:\/\/pokemonshowdown.com\/damagecalc\/">Damage Calculator<\/a><\/div>
|c| IHAT3TH15GAM3|lol
|c| IHAT3TH15GAM3|http:\/\/gamut-was-taken.github.io\/
|c| IHAT3TH15GAM3|use the updated one
|c|ânapty|252 SpA Choice Specs Keldeo Scald vs. 252 HP \/ 4 SpD Slowbro: 117-138 (29.6 - 35%) -- guaranteed 4HKO after Leftovers recovery
|c|ânapty|lol
|c|ânapty|no need to use the new one
|c|ânapty|this is not mega slowbro
|
|switch|p2a: Latias|Latias, F|301\/301
|-damage|p2a: Latias|264\/301|[from] Stealth Rock
|move|p1a: Slowbro|Slack Off|p1a: Slowbro
|-heal|p1a: Slowbro|323\/394 brn
|
|-heal|p1a: Slowbro|347\/394 brn|[from] item: Leftovers
|-damage|p1a: Slowbro|298\/394 brn|[from] brn
|turn|9
|c| IHAT3TH15GAM3|i know
|c| IHAT3TH15GAM3|im just saying
|
|move|p2a: Latias|Psyshock|p1a: Slowbro
|-resisted|p1a: Slowbro
|-damage|p1a: Slowbro|238\/394 brn
|-damage|p2a: Latias|234\/301|[from] item: Life Orb
|move|p1a: Slowbro|Thunder Wave|p2a: Latias
|-status|p2a: Latias|par
|
|-heal|p1a: Slowbro|262\/394 brn|[from] item: Leftovers
|-damage|p1a: Slowbro|213\/394 brn|[from] brn
|turn|10
|c| IHAT3TH15GAM3|why didnt you kill him lol
|
|move|p1a: Slowbro|Slack Off|p1a: Slowbro
|-heal|p1a: Slowbro|394\/394 brn
|move|p2a: Latias|Hidden Power|p1a: Slowbro
|-resisted|p1a: Slowbro
|-damage|p1a: Slowbro|343\/394 brn
|-damage|p2a: Latias|204\/301 par|[from] item: Life Orb
|
|-heal|p1a: Slowbro|367\/394 brn|[from] item: Leftovers
|-damage|p1a: Slowbro|318\/394 brn|[from] brn
|turn|11
|
|move|p1a: Slowbro|Calm Mind|p1a: Slowbro
|-boost|p1a: Slowbro|spa|1
|-boost|p1a: Slowbro|spd|1
|move|p2a: Latias|Hidden Power|p1a: Slowbro
|-resisted|p1a: Slowbro
|-damage|p1a: Slowbro|288\/394 brn
|-damage|p2a: Latias|174\/301 par|[from] item: Life Orb
|
|-heal|p1a: Slowbro|312\/394 brn|[from] item: Leftovers
|-damage|p1a: Slowbro|263\/394 brn|[from] brn
|turn|12
|
|move|p1a: Slowbro|Calm Mind|p1a: Slowbro
|-boost|p1a: Slowbro|spa|1
|-boost|p1a: Slowbro|spd|1
|move|p2a: Latias|Draco Meteor|p1a: Slowbro
|-damage|p1a: Slowbro|98\/394 brn
|-unboost|p2a: Latias|spa|2
|-damage|p2a: Latias|144\/301 par|[from] item: Life Orb
|
|-heal|p1a: Slowbro|122\/394 brn|[from] item: Leftovers
|-damage|p1a: Slowbro|73\/394 brn|[from] brn
|turn|13
|c| IHAT3TH15GAM3|the choke is real
|c|ânapty|lol
|
|switch|p2a: Bisharp|Bisharp, M|271\/271
|-damage|p2a: Bisharp|255\/271|[from] Stealth Rock
|move|p1a: Slowbro|Slack Off|p1a: Slowbro
|-heal|p1a: Slowbro|270\/394 brn
|
|-heal|p1a: Slowbro|294\/394 brn|[from] item: Leftovers
|-damage|p1a: Slowbro|245\/394 brn|[from] brn
|turn|14
|
|move|p2a: Bisharp|Knock Off|p1a: Slowbro
|-supereffective|p1a: Slowbro
|-damage|p1a: Slowbro|9\/394 brn
|-enditem|p1a: Slowbro|Leftovers|[from] move: Knock Off|[of] p2a: Bisharp
|move|p1a: Slowbro|Slack Off|p1a: Slowbro
|-heal|p1a: Slowbro|206\/394 brn
|
|-damage|p1a: Slowbro|157\/394 brn|[from] brn
|turn|15
|
|move|p2a: Bisharp|Knock Off|p1a: Slowbro
|-supereffective|p1a: Slowbro
|-damage|p1a: Slowbro|0 fnt
|faint|p1a: Slowbro
|
|
|switch|p1a: Bisharp|Bisharp, M|272\/272
|-damage|p1a: Bisharp|255\/272|[from] Stealth Rock
|-damage|p1a: Bisharp|210\/272|[from] Spikes
|turn|16
|
|switch|p2a: Latias|Latias, F|144\/301 par
|-damage|p2a: Latias|107\/301 par|[from] Stealth Rock
|move|p1a: Bisharp|Low Kick|p2a: Latias
|-resisted|p2a: Latias
|-damage|p2a: Latias|68\/301 par
|
|turn|17
|
|move|p1a: Bisharp|Iron Head|p2a: Latias
|-damage|p2a: Latias|0 fnt
|faint|p2a: Latias
|
|c|ânapty|wait
|c|ânapty|this is Pokeaim's bisharp
|c|ânapty|and this is Pokeaim's avatar
|c|ânapty|and this is Pokeaim's core o.o
|c| IHAT3TH15GAM3|lol
|c|ânapty|hahahahahahahaha
|
|switch|p2a: Keldeo|Keldeo|323\/323
|-damage|p2a: Keldeo|303\/323|[from] Stealth Rock
|turn|18
|c| IHAT3TH15GAM3|i doubt its him tho
|c|ânapty|dont miss stupid pony
|c|ânapty|of course he's not pokeaim :
|
|switch|p1a: Sylveon|Sylveon, F|392\/392
|-damage|p1a: Sylveon|327\/392|[from] Spikes
|-damage|p1a: Sylveon|278\/392|[from] Stealth Rock
|move|p2a: Keldeo|Hydro Pump|p1a: Sylveon|[miss]
|-miss|p2a: Keldeo|p1a: Sylveon
|
|turn|19
|c|ânapty|:]
|c|âInsanityX|:]
|c| IHAT3TH15GAM3|looool
|c|ânapty|damn, such a stupid pony
|c| IHAT3TH15GAM3|yummy pony
|
|switch|p2a: Klefki|Klefki, F|318\/318
|-damage|p2a: Klefki|299\/318|[from] Stealth Rock
|move|p1a: Sylveon|Hyper Voice|p2a: Klefki
|-resisted|p2a: Klefki
|-damage|p2a: Klefki|176\/318
|
|-heal|p2a: Klefki|195\/318|[from] item: Leftovers
|turn|20
|c| IHAT3TH15GAM3|momomf
|c| IHAT3TH15GAM3|specs
|c|ânapty|definitly
|
|switch|p1a: Heatran|Heatran, F|286\/326
|-damage|p1a: Heatran|246\/326|[from] Stealth Rock
|-item|p1a: Heatran|Air Balloon
|move|p2a: Klefki|Spikes|p1a: Heatran
|-sidestart|p1: InsanityX|Spikes
|
|-heal|p2a: Klefki|214\/318|[from] item: Leftovers
|turn|21
|c|ânapty|i guess it's for sableye
|c|âInsanityX|you guess correctly
|c| IHAT3TH15GAM3|inb4 pixie plate
|
|switch|p2a: Keldeo|Keldeo|303\/323
|-damage|p2a: Keldeo|283\/323|[from] Stealth Rock
|move|p1a: Heatran|Roar|p2a: Keldeo
|drag|p2a: Gallade|Gallade, M|278\/278
|-damage|p2a: Gallade|261\/278|[from] Stealth Rock
|
|turn|22
|c|ânapty|:)
|c| IHAT3TH15GAM3|and he's tricking us
|c|ânapty|noice
|
|switch|p1a: Landorus-Therian|Landorus-Therian, M|301\/344
|-damage|p1a: Landorus-Therian|258\/344|[from] Stealth Rock
|-ability|p1a: Landorus-Therian|Intimidate|[of] p2a: Gallade
|-unboost|p2a: Gallade|atk|1
|detailschange|p2a: Gallade|Gallade-Mega, M
|-mega|p2a: Gallade|Gallade|Galladite
|move|p2a: Gallade|Close Combat|p1a: Landorus-Therian
|-resisted|p1a: Landorus-Therian
|-damage|p1a: Landorus-Therian|177\/344
|-unboost|p2a: Gallade|def|1
|-unboost|p2a: Gallade|spd|1
|
|turn|23
|c|ânapty|:[
|c|ânapty|that hp ice tho
|c|âInsanityX|choose wisely :]
|c|ânapty|it's a 50\/50
|c|ânapty|i don't even know what kind of lando this is
|c|ânapty|that close combat was weak
|c|ânapty|but at the same time
|c|ânapty|i really think youre scarf
|c|âInsanityX|idk man
|c| IHAT3TH15GAM3|earth plate
|c|ânapty|i really really do
|c| IHAT3TH15GAM3|e belt
|c|ânapty|lol
|c|âInsanityX|i might be yache berry :]
|
|switch|p2a: Landorus-Therian|Landorus-Therian, M|185\/382
|-damage|p2a: Landorus-Therian|138\/382|[from] Stealth Rock
|-ability|p2a: Landorus-Therian|Intimidate|[of] p1a: Landorus-Therian
|-unboost|p1a: Landorus-Therian|atk|1
|move|p1a: Landorus-Therian|Earthquake|p2a: Landorus-Therian
|-immune|p2a: Landorus-Therian|[msg]
|
|-heal|p2a: Landorus-Therian|161\/382|[from] item: Leftovers
|turn|24
|c|âInsanityX|damn
|c|ânapty|YES
|c|ânapty|do I double
|c| IHAT3TH15GAM3|reveal that ur not scarf
|c| IHAT3TH15GAM3|now
|c|ânapty|in case he's not scarf
|c| IHAT3TH15GAM3|no imo
|c|ânapty|if I sack lando
|c|ânapty|i have to keep kelfki
|c|ânapty|otherwise gallade kills my team
|c|ânapty|DAMN
|c|ânapty|something is gonna die
|c|âInsanityX|the decisions :]
|
|move|p1a: Landorus-Therian|Earthquake|p2a: Landorus-Therian
|-immune|p2a: Landorus-Therian|[msg]
|move|p2a: Landorus-Therian|U-turn|p1a: Landorus-Therian
|-resisted|p1a: Landorus-Therian
|-damage|p1a: Landorus-Therian|143\/344
|c|ânapty|YES
|
|switch|p2a: Klefki|Klefki, F|214\/318
|-damage|p2a: Klefki|195\/318|[from] Stealth Rock
|
|-heal|p2a: Klefki|214\/318|[from] item: Leftovers
|turn|25
|
|switch|p1a: Heatran|Heatran, F|246\/326
|-damage|p1a: Heatran|206\/326|[from] Stealth Rock
|-item|p1a: Heatran|Air Balloon
|move|p2a: Klefki|Flash Cannon|p1a: Heatran
|-resisted|p1a: Heatran
|-damage|p1a: Heatran|188\/326
|-enditem|p1a: Heatran|Air Balloon
|-unboost|p1a: Heatran|spd|1
|
|-heal|p2a: Klefki|233\/318|[from] item: Leftovers
|turn|26
|c|ânapty|YES
|c|ânapty|freaking balloon
|c|âInsanityX|:[
|c|ânapty|what do I do now
|c| IHAT3TH15GAM3|lol dazzlinggleam>flashcannon
|c|ânapty|if i use klefki
|c| IHAT3TH15GAM3|sack something
|c|ânapty|it's for mega diancie
|c|ânapty|so i need flash cannon
|c|ânapty|lol
|c| IHAT3TH15GAM3|lol
|c|ânapty|do I risk a burn on Gallade
|c|ânapty|or do I sack something
|c| IHAT3TH15GAM3|y not
|c| IHAT3TH15GAM3|yolo
|c|ânapty|if i send gallade
|c|ânapty|he's gonna send lando
|c| IHAT3TH15GAM3|its weak
|c|ânapty|and this is going to be the same shit
|c|âInsanityX|these strats right now
|c|ânapty|lol yeah
|c|âInsanityX|all these mind games lol
|c|ânapty|what do you think would be better insanityX
|c| IHAT3TH15GAM3|sack bisharp to lava
|c| IHAT3TH15GAM3|imo
|c|ânapty|no i cant do that
|c| IHAT3TH15GAM3|then bring in klekfi and take a lavaplume
|c|ânapty|LOL
|c| IHAT3TH15GAM3|and flash cannon again
|
|switch|p2a: Landorus-Therian|Landorus-Therian, M|161\/382
|-damage|p2a: Landorus-Therian|114\/382|[from] Stealth Rock
|-ability|p2a: Landorus-Therian|Intimidate|[of] p1a: Heatran
|-unboost|p1a: Heatran|atk|1
|move|p1a: Heatran|Fire Blast|p2a: Landorus-Therian
|-damage|p2a: Landorus-Therian|0 fnt
|faint|p2a: Landorus-Therian
|
|c|âInsanityX|bye :]
|c|ânapty|imma sack this stupid cat
|
|switch|p2a: Gallade|Gallade-Mega, M|261\/278
|-damage|p2a: Gallade|244\/278|[from] Stealth Rock
|turn|27
|
|move|p2a: Gallade|Skill Swap|p1a: Heatran
|-activate|p2a: Gallade|move: Skill Swap|Flash Fire|Inner Focus|[of] p1a: Heatran
|move|p1a: Heatran|Fire Blast|p2a: Gallade
|-start|p2a: Gallade|ability: Flash Fire
|
|turn|28
|c|âInsanityX|OH SHIT
|c|ânapty|lol
|c|âInsanityX|LOL
|c|ânapty|just wanted to do that
|c|âInsanityX|that's hilarious hahaha
|c|ânapty|lol
|c| IHAT3TH15GAM3|yesss reveal the hp fire
|c| IHAT3TH15GAM3|NOW
|c|ânapty|HAHAHAHAHAHAHHAHAHA
|
|switch|p1a: Landorus-Therian|Landorus-Therian, M|143\/344
|-damage|p1a: Landorus-Therian|100\/344|[from] Stealth Rock
|-ability|p1a: Landorus-Therian|Intimidate|[of] p2a: Gallade
|-unboost|p2a: Gallade|atk|1
|move|p2a: Gallade|Knock Off|p1a: Landorus-Therian
|-damage|p1a: Landorus-Therian|10\/344
|-enditem|p1a: Landorus-Therian|Choice Scarf|[from] move: Knock Off|[of] p2a: Gallade
|
|turn|29
|c|ânapty|NO sorry
|c|ânapty|not this time
|c|âInsanityX|.-.
|c|ânapty|choice scarf :D
|c| IHAT3TH15GAM3|scarf of choice
|c|ânapty|damn do u run a bulky spread?
|c|ânapty|that close combat did nothing earlier
|c| IHAT3TH15GAM3|gallade=weak
|c|ânapty|lol u mad
|c| IHAT3TH15GAM3|medicham=strong
|c|âInsanityX|yeah i've got a decent amount of defense and hp
|c|ânapty|okay
|
|move|p2a: Gallade|Knock Off|p1a: Landorus-Therian
|-damage|p1a: Landorus-Therian|0 fnt
|faint|p1a: Landorus-Therian
|
|
|switch|p1a: Bisharp|Bisharp, M|210\/272
|-damage|p1a: Bisharp|193\/272|[from] Stealth Rock
|-damage|p1a: Bisharp|125\/272|[from] Spikes
|turn|30
|c|ânapty|i'd have love to reveal the skill swap vs sylveon lol
|c|ânapty|sucker does not kill
|c|ânapty|pls
|c| IHAT3TH15GAM3|gallade is fat
|c| IHAT3TH15GAM3|ofc it wont
|c|âInsanityX|i'm predicting that crit tho
|
|move|p1a: Bisharp|Sucker Punch|p2a: Gallade
|-damage|p2a: Gallade|106\/278
|move|p2a: Gallade|Close Combat|p1a: Bisharp
|-supereffective|p1a: Bisharp
|-damage|p1a: Bisharp|0 fnt
|-unboost|p2a: Gallade|def|1
|-unboost|p2a: Gallade|spd|1
|faint|p1a: Bisharp
|
|c|ânapty|gallade-mega is fatter than gallade
|
|switch|p1a: Gallade|Gallade, M|277\/277
|-damage|p1a: Gallade|260\/277|[from] Stealth Rock
|-damage|p1a: Gallade|191\/277|[from] Spikes
|turn|31
|c| IHAT3TH15GAM3|fatty!
|c|ânapty|do I need gallade
|c|ânapty|no i dont
|c|ânapty|keldeo does the work now
|c|ânapty|i got a question
|c|ânapty|is knock off
|c|ânapty|stronker
|c|ânapty|than close combat
|c| IHAT3TH15GAM3|no
|c|ânapty|on a resisted hit?
|c| IHAT3TH15GAM3|kncok off is 65
|c| IHAT3TH15GAM3|CC is 90
|c|ânapty|ok
|c|âInsanityX|what he said
|
|detailschange|p1a: Gallade|Gallade-Mega, M
|-mega|p1a: Gallade|Gallade|Galladite
|move|p2a: Gallade|Close Combat|p1a: Gallade
|-resisted|p1a: Gallade
|-damage|p1a: Gallade|97\/277
|-unboost|p2a: Gallade|def|1
|-unboost|p2a: Gallade|spd|1
|move|p1a: Gallade|Knock Off|p2a: Gallade
|-crit|p2a: Gallade
|-damage|p2a: Gallade|0 fnt
|faint|p2a: Gallade
|
|
|switch|p2a: Klefki|Klefki, F|233\/318
|-damage|p2a: Klefki|214\/318|[from] Stealth Rock
|turn|32
|
|switch|p1a: Heatran|Heatran, F|188\/326
|-damage|p1a: Heatran|148\/326|[from] Stealth Rock
|-damage|p1a: Heatran|67\/326|[from] Spikes
|move|p2a: Klefki|Thunder Wave|p1a: Heatran
|-status|p1a: Heatran|par
|
|-heal|p2a: Klefki|233\/318|[from] item: Leftovers
|turn|33
|
|switch|p2a: Keldeo|Keldeo|283\/323
|-damage|p2a: Keldeo|263\/323|[from] Stealth Rock
|move|p1a: Heatran|Earth Power|p2a: Keldeo
|-damage|p2a: Keldeo|135\/323
|
|turn|34
|c|ânapty|lol
|
|move|p2a: Keldeo|Scald|p1a: Heatran
|-supereffective|p1a: Heatran
|-damage|p1a: Heatran|0 fnt
|faint|p1a: Heatran
|
|
|switch|p1a: Gallade|Gallade-Mega, M|97\/277
|-damage|p1a: Gallade|28\/277|[from] Spikes
|-damage|p1a: Gallade|11\/277|[from] Stealth Rock
|turn|35
|c| IHAT3TH15GAM3|sneak the shadow
|c|ânapty|4% tho
|c|âInsanityX|barely livin
|c| IHAT3TH15GAM3|aquajet
|c| IHAT3TH15GAM3|reveal it
|c|ânapty|wait
|c|ânapty|i need to calc somethink
|c|ânapty|!calc
|raw|<div class="infobox">Pokemon Showdown! damage calculator. (Courtesy of Honko)<br \/>- <a href="https:\/\/pokemonshowdown.com\/damagecalc\/">Damage Calculator<\/a><\/div>
|c| IHAT3TH15GAM3|http:\/\/gamut-was-taken.github.io\/
|c|ânapty|scald does 40% to Sylveon
|c|ânapty|is Sylveon going to be at 40%
|c|ânapty|after the spikes
|c|ânapty|and sr
|c| IHAT3TH15GAM3|25+12
|c|ânapty|37
|c|ânapty|71 - 37
|c|ânapty|=
|c| IHAT3TH15GAM3|34
|c|ânapty|u sure?
|c|âInsanityX|yeah it's 34
|c| IHAT3TH15GAM3|no
|
|switch|p2a: Bisharp|Bisharp, M|255\/271
|-damage|p2a: Bisharp|239\/271|[from] Stealth Rock
|move|p1a: Gallade|Close Combat|p2a: Bisharp
|-supereffective|p2a: Bisharp
|-damage|p2a: Bisharp|0 fnt
|-unboost|p1a: Gallade|def|1
|-unboost|p1a: Gallade|spd|1
|faint|p2a: Bisharp
|
|c| IHAT3TH15GAM3|its -1
|c|ânapty|i didn't want to risk this stupid sucker punch stall
|c|ânapty|lol
|
|switch|p2a: Klefki|Klefki, F|233\/318
|-damage|p2a: Klefki|214\/318|[from] Stealth Rock
|turn|36
|c| IHAT3TH15GAM3|wave thethunder
|c|âInsanityX|i was hoping you would lol
|c|ânapty|hell no lol
|
|move|p2a: Klefki|Thunder Wave|p1a: Gallade
|-status|p1a: Gallade|par
|move|p1a: Gallade|Close Combat|p2a: Klefki
|-damage|p2a: Klefki|0 fnt
|-unboost|p1a: Gallade|def|1
|-unboost|p1a: Gallade|spd|1
|faint|p2a: Klefki
|
|
|switch|p2a: Keldeo|Keldeo|135\/323
|-damage|p2a: Keldeo|115\/323|[from] Stealth Rock
|turn|37
|
|move|p2a: Keldeo|Scald|p1a: Gallade
|-damage|p1a: Gallade|0 fnt
|faint|p1a: Gallade
|
|
|switch|p1a: Sylveon|Sylveon, F|278\/392
|-damage|p1a: Sylveon|229\/392|[from] Stealth Rock
|-damage|p1a: Sylveon|131\/392|[from] Spikes
|turn|38
|c|ânapty|g
|c|ânapty|g
|c| IHAT3TH15GAM3|inb4 it survives
|c|âInsanityX|welp that's gg
|c|ânapty|fuck
|c|ânapty|what if this sylveon
|c|ânapty|is AV
|c| IHAT3TH15GAM3|lol
|c|âInsanityX|:]
|c|ânapty|damn
|
|move|p2a: Keldeo|Scald|p1a: Sylveon
|-damage|p1a: Sylveon|0 fnt
|faint|p1a: Sylveon
|
|win|napty
|raw|Ladder updating...
|raw|InsanityX's rating: 1454 &rarr; <strong>1430<\/strong><br \/>(-24 for losing)
|raw|napty's rating: 1379 &rarr; <strong>1403<\/strong><br \/>(+24 for winning)
|c|âInsanityX|Damn
|c|ânapty|phew
|c|ânapty|gg
|c|âInsanityX|gg
|c| IHAT3TH15GAM3|abcdef**gg**
|c|ânapty|:]
|c|ânapty|that kelfki
|c|ânapty|is less deadweight
|c|ânapty|than rachi
|c|âInsanityX|Gonna put a defogger on this team real quick now lol
|c| IHAT3TH15GAM3|putting in work
|c|ânapty|lol ye
|c|ânapty|slowbro is useless
|c| IHAT3TH15GAM3|key the klef
|c|ânapty|ye
|leave|IHAT3TH15GAM3