|join|napty
|join|Tungsten Ion
|player|p1|napty|287
|player|p2|Tungsten Ion|102
|gametype|doubles
|gen|6
|tier|Smogon Doubles
|rated
|clearpoke
|poke|p1|Whimsicott, F
|poke|p1|Azelf
|poke|p1|Trevenant, M
|poke|p1|Heatran, F
|poke|p1|Zapdos
|poke|p1|Sylveon, F
|poke|p2|Sceptile, M
|poke|p2|Blastoise, F
|poke|p2|Electivire, F
|poke|p2|Thundurus-Therian, M
|poke|p2|Blissey, F
|poke|p2|Crobat, M
|rule|Species Clause: Limit one of each PokÃ©mon
|rule|OHKO Clause: OHKO moves are banned
|rule|Moody Clause: Moody is banned
|rule|Evasion Abilities Clause: Evasion abilities are banned
|rule|Evasion Moves Clause: Evasion moves are banned
|rule|Endless Battle Clause: Forcing endless battles is banned
|rule|HP Percentage Mod: HP is shown in percentages
|teampreview
|c|ânapty|hello
|c|ânapty|what's up
|
|start
|switch|p1a: Whimsicott|Whimsicott, F|282\/282
|switch|p1b: Azelf|Azelf|291\/291
|switch|p2a: Blissey|Blissey, F|713\/713
|switch|p2b: Crobat|Crobat, M|311\/311
|turn|1
|c|âTungsten Ion|hey :)
|c|ânapty|i liek to eat pizza
|
|move|p1a: Whimsicott|Taunt|p2b: Crobat
|-start|p2b: Crobat|move: Taunt
|move|p2b: Crobat|Cross Poison|p1a: Whimsicott
|-supereffective|p1a: Whimsicott
|-enditem|p1a: Whimsicott|Focus Sash
|-damage|p1a: Whimsicott|1\/282
|-damage|p2b: Crobat|280\/311|[from] item: Life Orb
|move|p1b: Azelf|Taunt|p2a: Blissey
|-start|p2a: Blissey|move: Taunt
|cant|p2a: Blissey|move: Taunt|Heal Pulse
|
|turn|2
|c|âTungsten Ion|oh you lil shit
|c|ânapty|:D
|
|move|p1a: Whimsicott|Sunny Day|p1a: Whimsicott
|-weather|SunnyDay
|move|p2b: Crobat|U-turn|p1b: Azelf
|-supereffective|p1b: Azelf
|-damage|p1b: Azelf|52\/291
|-damage|p2b: Crobat|249\/311|[from] item: Life Orb
|
|switch|p2b: Sceptile|Sceptile, M|281\/281
|move|p1b: Azelf|Explosion|p2a: Blissey
|-enditem|p1b: Azelf|Normal Gem|[from] gem|[move] Explosion
|-damage|p1a: Whimsicott|0 fnt
|-damage|p2a: Blissey|174\/713
|-damage|p2b: Sceptile|0 fnt
|faint|p1b: Azelf
|faint|p1a: Whimsicott
|faint|p2b: Sceptile
|move|p2a: Blissey|Struggle|p1: Azelf|[notarget]
|-notarget
|
|-weather|SunnyDay|[upkeep]
|-heal|p2a: Blissey|218\/713|[from] item: Leftovers
|
|switch|p2b: Blastoise|Blastoise, F|362\/362
|switch|p1a: Heatran|Heatran, F|385\/385
|switch|p1b: Trevenant|Trevenant, M|373\/373
|-item|p2a: Blissey|Leftovers|[from] ability: Frisk|[of] p1b: Trevenant|[identify]
|-item|p2b: Blastoise|Leftovers|[from] ability: Frisk|[of] p1b: Trevenant|[identify]
|turn|3
|c|ânapty|STRUGGLE
|
|move|p1a: Heatran|Protect|p1a: Heatran
|-singleturn|p1a: Heatran|Protect
|move|p2b: Blastoise|Rain Dance|p2b: Blastoise
|-weather|RainDance
|move|p2a: Blissey|Struggle|p1b: Trevenant
|-damage|p1b: Trevenant|362\/373
|-damage|p2a: Blissey|40\/713
|move|p1b: Trevenant|Trick Room|p1b: Trevenant
|-fieldstart|move: Trick Room|[of] p1b: Trevenant
|
|-weather|RainDance|[upkeep]
|-heal|p2a: Blissey|84\/713|[from] item: Leftovers
|-end|p2a: Blissey|move: Taunt
|turn|4
|
|move|p1b: Trevenant|Sunny Day|p1b: Trevenant
|-weather|SunnyDay
|move|p1a: Heatran|Eruption|p2a: Blissey
|-damage|p2a: Blissey|0 fnt
|-resisted|p2b: Blastoise
|-damage|p2b: Blastoise|177\/362
|faint|p2a: Blissey
|move|p2b: Blastoise|Ice Beam|p1b: Trevenant
|-supereffective|p1b: Trevenant
|-damage|p1b: Trevenant|218\/373
|
|-weather|SunnyDay|[upkeep]
|-heal|p2b: Blastoise|199\/362|[from] item: Leftovers
|
|switch|p2a: Crobat|Crobat, M|249\/311
|turn|5
|
|move|p1b: Trevenant|Will-O-Wisp|p1a: Heatran
|-start|p1a: Heatran|ability: Flash Fire
|move|p1a: Heatran|Eruption|p2b: Blastoise
|-damage|p2a: Crobat|0 fnt
|-resisted|p2b: Blastoise
|-damage|p2b: Blastoise|0 fnt
|faint|p2a: Crobat
|faint|p2b: Blastoise
|
|-weather|SunnyDay|[upkeep]
|
|switch|p2b: Thundurus-Therian|Thundurus-Therian, M|299\/299
|switch|p2a: Electivire|Electivire, F|291\/291
|turn|6
|c|ânapty|gg
|
|move|p1b: Trevenant|Will-O-Wisp|p2a: Electivire
|-status|p2a: Electivire|brn
|move|p1a: Heatran|Eruption|p2a: Electivire
|-damage|p2a: Electivire|0 fnt
|-damage|p2b: Thundurus-Therian|0 fnt
|faint|p2a: Electivire
|faint|p2b: Thundurus-Therian
|
|win|napty
|raw|Ladder updating...
|raw|napty's rating: 1107 &rarr; <strong>1128<\/strong><br \/>(+21 for winning)
|raw|Tungsten Ion's rating: 1048 &rarr; <strong>1034<\/strong><br \/>(-14 for losing)
|leave|Tungsten Ion
|player|p2