|join|PokeHD
|join|SkalOppNonStopp
|player|p1|PokeHD|102
|player|p2|SkalOppNonStopp|161
|gametype|singles
|gen|6
|tier|OU
|rated
|clearpoke
|poke|p1|Sableye, M
|poke|p1|Excadrill, M
|poke|p1|Manaphy
|poke|p1|Gliscor, M
|poke|p1|Talonflame, F
|poke|p1|Clefable, M
|poke|p2|Sceptile, M
|poke|p2|Heatran, M
|poke|p2|Rotom-Wash
|poke|p2|Conkeldurr, F, shiny
|poke|p2|Latios, M
|poke|p2|Gyarados, M, shiny
|rule|Swagger Clause: Swagger is banned
|rule|Baton Pass Clause: Limit one PokÃ©mon knowing Baton Pass
|rule|Sleep Clause Mod: Limit one foe put to sleep
|rule|Species Clause: Limit one of each PokÃ©mon
|rule|OHKO Clause: OHKO moves are banned
|rule|Moody Clause: Moody is banned
|rule|Evasion Moves Clause: Evasion moves are banned
|rule|Endless Battle Clause: Forcing endless battles is banned
|rule|HP Percentage Mod: HP is shown in percentages
|teampreview
|
|start
|switch|p1a: Sableye|Sableye, M|303\/303
|switch|p2a: Sceptile|Sceptile, M|282\/282
|turn|1
|
|switch|p2a: Heatran|Heatran, M|386\/386
|move|p1a: Sableye|Will-O-Wisp|p2a: Heatran
|-start|p2a: Heatran|ability: Flash Fire
|
|turn|2
|
|detailschange|p1a: Sableye|Sableye-Mega, M
|message|Sableye has Mega Evolved into Mega Sableye!
|move|p2a: Heatran|Lava Plume|p1a: Sableye
|-damage|p1a: Sableye|185\/303
|move|p1a: Sableye|Knock Off|p2a: Heatran
|-damage|p2a: Heatran|290\/386
|-enditem|p2a: Heatran|Leftovers|[from] move: Knock Off|[of] p1a: Sableye
|
|turn|3
|
|switch|p1a: Manaphy|Manaphy|403\/403
|move|p2a: Heatran|Lava Plume|p1a: Manaphy
|-resisted|p1a: Manaphy
|-damage|p1a: Manaphy|345\/403
|-status|p1a: Manaphy|brn
|
|-heal|p1a: Manaphy|370\/403 brn|[from] item: Leftovers
|-damage|p1a: Manaphy|320\/403 brn|[from] brn
|turn|4
|
|move|p1a: Manaphy|Rain Dance|p1a: Manaphy
|-weather|RainDance
|move|p2a: Heatran|Taunt|p1a: Manaphy
|-start|p1a: Manaphy|move: Taunt
|
|-weather|RainDance|[upkeep]
|-curestatus|p1a: Manaphy|brn
|-heal|p1a: Manaphy|345\/403|[from] item: Leftovers
|turn|5
|
|switch|p2a: Conkeldurr|Conkeldurr, F, shiny|414\/414
|move|p1a: Manaphy|Scald|p2a: Conkeldurr
|-damage|p2a: Conkeldurr|272\/414
|-status|p2a: Conkeldurr|brn
|
|-weather|RainDance|[upkeep]
|-heal|p1a: Manaphy|370\/403|[from] item: Leftovers
|-damage|p2a: Conkeldurr|221\/414 brn|[from] brn
|turn|6
|
|switch|p1a: Sableye|Sableye-Mega, M|185\/303
|move|p2a: Conkeldurr|Knock Off|p1a: Sableye
|-damage|p1a: Sableye|67\/303
|
|-weather|RainDance|[upkeep]
|-damage|p2a: Conkeldurr|170\/414 brn|[from] brn
|turn|7
|
|switch|p2a: Sceptile|Sceptile, M|282\/282
|move|p1a: Sableye|Recover|p1a: Sableye
|-heal|p1a: Sableye|219\/303
|
|-weather|RainDance|[upkeep]
|turn|8
|
|detailschange|p2a: Sceptile|Sceptile-Mega, M
|message|Sceptile has Mega Evolved into Mega Sceptile!
|move|p2a: Sceptile|Substitute|p2a: Sceptile
|-start|p2a: Sceptile|Substitute
|-damage|p2a: Sceptile|212\/282
|move|p1a: Sableye|Will-O-Wisp|p2a: Sceptile
|
|-weather|none
|turn|9
|
|move|p2a: Sceptile|Dragon Pulse|p1a: Sableye
|-damage|p1a: Sableye|114\/303
|move|p1a: Sableye|Foul Play|p2a: Sceptile
|-end|p2a: Sceptile|Substitute
|
|turn|10
|
|move|p2a: Sceptile|Giga Drain|p1a: Sableye
|-damage|p1a: Sableye|15\/303
|-heal|p2a: Sceptile|262\/282|[from] drain|[of] p1a: Sableye
|move|p1a: Sableye|Recover|p1a: Sableye
|-heal|p1a: Sableye|167\/303
|
|turn|11
|
|switch|p2a: Conkeldurr|Conkeldurr, F, shiny|170\/414 brn
|move|p1a: Sableye|Foul Play|p2a: Conkeldurr
|-resisted|p2a: Conkeldurr
|-damage|p2a: Conkeldurr|72\/414 brn
|
|-damage|p2a: Conkeldurr|21\/414 brn|[from] brn
|turn|12
|
|move|p2a: Conkeldurr|Knock Off|p1a: Sableye
|-damage|p1a: Sableye|50\/303
|move|p1a: Sableye|Recover|p1a: Sableye
|-heal|p1a: Sableye|202\/303
|
|-damage|p2a: Conkeldurr|0 fnt|[from] brn
|faint|p2a: Conkeldurr
|
|switch|p2a: Sceptile|Sceptile-Mega, M|262\/282
|turn|13
|
|move|p2a: Sceptile|Substitute|p2a: Sceptile
|-start|p2a: Sceptile|Substitute
|-damage|p2a: Sceptile|192\/282
|move|p1a: Sableye|Foul Play|p2a: Sceptile
|-end|p2a: Sceptile|Substitute
|
|turn|14
|
|switch|p2a: Heatran|Heatran, M|290\/386
|move|p1a: Sableye|Will-O-Wisp|p2a: Heatran
|-start|p2a: Heatran|ability: Flash Fire
|
|turn|15
|
|switch|p1a: Manaphy|Manaphy|370\/403
|move|p2a: Heatran|Lava Plume|p1a: Manaphy
|-resisted|p1a: Manaphy
|-damage|p1a: Manaphy|308\/403
|
|-heal|p1a: Manaphy|333\/403|[from] item: Leftovers
|turn|16
|
|move|p1a: Manaphy|Scald|p2a: Heatran
|-supereffective|p2a: Heatran
|-damage|p2a: Heatran|150\/386
|move|p2a: Heatran|Stealth Rock|p1a: Manaphy
|-sidestart|p1: PokeHD|move: Stealth Rock
|
|-heal|p1a: Manaphy|358\/403|[from] item: Leftovers
|turn|17
|
|switch|p2a: Sceptile|Sceptile-Mega, M|192\/282
|move|p1a: Manaphy|U-turn|p2a: Sceptile
|-supereffective|p2a: Sceptile
|-damage|p2a: Sceptile|70\/282
|c|âSkalOppNonStopp|woah
|
|switch|p1a: Sableye|Sableye-Mega, M|202\/303
|-damage|p1a: Sableye|165\/303|[from] Stealth Rock
|
|turn|18
|
|switch|p2a: Heatran|Heatran, M|150\/386
|move|p1a: Sableye|Recover|p1a: Sableye
|-heal|p1a: Sableye|303\/303
|
|turn|19
|
|move|p2a: Heatran|Lava Plume|p1a: Sableye
|-damage|p1a: Sableye|230\/303
|move|p1a: Sableye|Foul Play|p2a: Heatran
|-damage|p2a: Heatran|60\/386
|
|turn|20
|
|move|p2a: Heatran|Lava Plume|p1a: Sableye
|-damage|p1a: Sableye|145\/303
|-status|p1a: Sableye|brn
|move|p1a: Sableye|Foul Play|p2a: Heatran
|-damage|p2a: Heatran|20\/386
|
|-damage|p1a: Sableye|108\/303 brn|[from] brn
|turn|21
|
|switch|p1a: Clefable|Clefable, M|393\/393
|-damage|p1a: Clefable|344\/393|[from] Stealth Rock
|move|p2a: Heatran|Roar|p1a: Clefable
|drag|p1a: Excadrill|Excadrill, M|424\/424
|-damage|p1a: Excadrill|411\/424|[from] Stealth Rock
|-ability|p1a: Excadrill|Mold Breaker
|
|-heal|p1a: Excadrill|424\/424|[from] item: Leftovers
|turn|22
|
|switch|p2a: Gyarados|Gyarados, M, shiny|392\/392
|-ability|p2a: Gyarados|Intimidate|[of] p1a: Excadrill
|-unboost|p1a: Excadrill|atk|1
|move|p1a: Excadrill|Iron Head|p2a: Gyarados
|-resisted|p2a: Gyarados
|-damage|p2a: Gyarados|341\/392
|
|turn|23
|
|move|p1a: Excadrill|Toxic|p2a: Gyarados
|-status|p2a: Gyarados|tox
|-enditem|p2a: Gyarados|Lum Berry|[eat]
|-curestatus|p2a: Gyarados|tox
|move|p2a: Gyarados|Dragon Tail|p1a: Excadrill
|-resisted|p1a: Excadrill
|-damage|p1a: Excadrill|384\/424
|drag|p1a: Clefable|Clefable, M|344\/393
|-damage|p1a: Clefable|295\/393|[from] Stealth Rock
|
|-heal|p1a: Clefable|319\/393|[from] item: Leftovers
|turn|24
|
|move|p2a: Gyarados|Waterfall|p1a: Clefable
|-damage|p1a: Clefable|219\/393
|move|p1a: Clefable|Aromatherapy|p1a: Clefable
|-cureteam|p1a: Clefable|[from] move: Aromatherapy
|
|-heal|p1a: Clefable|243\/393|[from] item: Leftovers
|turn|25
|
|move|p2a: Gyarados|Waterfall|p1a: Clefable
|-damage|p1a: Clefable|138\/393
|move|p1a: Clefable|Moonlight|p1a: Clefable
|-heal|p1a: Clefable|334\/393
|
|-heal|p1a: Clefable|358\/393|[from] item: Leftovers
|turn|26
|
|move|p2a: Gyarados|Waterfall|p1a: Clefable
|-damage|p1a: Clefable|256\/393
|move|p1a: Clefable|Calm Mind|p1a: Clefable
|-boost|p1a: Clefable|spa|1
|-boost|p1a: Clefable|spd|1
|
|-heal|p1a: Clefable|280\/393|[from] item: Leftovers
|turn|27
|
|switch|p2a: Heatran|Heatran, M|20\/386
|move|p1a: Clefable|Moonlight|p1a: Clefable
|-heal|p1a: Clefable|393\/393
|
|turn|28
|
|move|p1a: Clefable|Moonblast|p2a: Heatran
|-resisted|p2a: Heatran
|-damage|p2a: Heatran|0 fnt
|faint|p2a: Heatran
|
|c|âSkalOppNonStopp|gg
|-message|SkalOppNonStopp forfeited.
|
|win|PokeHD
|raw|Ladder updating...
|leave|SkalOppNonStopp
|player|p2
|raw|PokeHD's rating: 1328 &rarr; <strong>1346<\/strong><br \/>(+18 for winning)
|raw|SkalOppNonStopp's rating: 1297 &rarr; <strong>1275<\/strong><br \/>(-22 for losing)