|join|johnny tots
|join|PokeHD
|player|p1|johnny tots|170
|player|p2|PokeHD|170
|gametype|singles
|gen|6
|tier|OU
|rated
|clearpoke
|poke|p1|Dragonite, M
|poke|p1|Gyarados, M
|poke|p1|Landorus-Therian, M
|poke|p1|Charizard, M
|poke|p1|Thundurus-Therian, M
|poke|p1|Scizor, F
|poke|p2|Sableye, M
|poke|p2|Excadrill, F
|poke|p2|Manaphy
|poke|p2|Gliscor, M
|poke|p2|Talonflame, M
|poke|p2|Clefable, F
|rule|Swagger Clause: Swagger is banned
|rule|Baton Pass Clause: Limit one PokÃ©mon knowing Baton Pass
|rule|Sleep Clause Mod: Limit one foe put to sleep
|rule|Species Clause: Limit one of each PokÃ©mon
|rule|OHKO Clause: OHKO moves are banned
|rule|Moody Clause: Moody is banned
|rule|Evasion Moves Clause: Evasion moves are banned
|rule|Endless Battle Clause: Forcing endless battles is banned
|rule|HP Percentage Mod: HP is shown in percentages
|teampreview
|
|start
|switch|p1a: Gyarados|Gyarados, M|331\/331
|switch|p2a: Talonflame|Talonflame, M|345\/345
|turn|1
|
|switch|p1a: Thundurus-Therian|Thundurus-Therian, M|299\/299
|move|p2a: Talonflame|Will-O-Wisp|p1a: Thundurus-Therian
|-status|p1a: Thundurus-Therian|brn
|
|-damage|p1a: Thundurus-Therian|262\/299 brn|[from] brn
|turn|2
|
|switch|p2a: Excadrill|Excadrill, F|424\/424
|-ability|p2a: Excadrill|Mold Breaker
|switch|p1a: Landorus-Therian|Landorus-Therian, M|319\/319
|-ability|p1a: Landorus-Therian|Intimidate|[of] p2a: Excadrill
|-unboost|p2a: Excadrill|atk|1
|
|turn|3
|
|switch|p1a: Dragonite|Dragonite, M|323\/323
|move|p2a: Excadrill|Toxic|p1a: Dragonite
|-status|p1a: Dragonite|tox
|-enditem|p1a: Dragonite|Lum Berry|[eat]
|-curestatus|p1a: Dragonite|tox
|
|turn|4
|
|switch|p2a: Clefable|Clefable, F|393\/393
|move|p1a: Dragonite|Dragon Dance|p1a: Dragonite
|-boost|p1a: Dragonite|atk|1
|-boost|p1a: Dragonite|spe|1
|
|turn|5
|
|move|p1a: Dragonite|Earthquake|p2a: Clefable
|-damage|p2a: Clefable|270\/393
|move|p2a: Clefable|Moonblast|p1a: Dragonite
|-supereffective|p1a: Dragonite
|-damage|p1a: Dragonite|206\/323
|
|-heal|p2a: Clefable|294\/393|[from] item: Leftovers
|turn|6
|
|switch|p1a: Scizor|Scizor, F|281\/281
|move|p2a: Clefable|Moonlight|p2a: Clefable
|-heal|p2a: Clefable|393\/393
|
|turn|7
|
|move|p1a: Scizor|Bullet Punch|p2a: Clefable
|-supereffective|p2a: Clefable
|-damage|p2a: Clefable|231\/393
|move|p2a: Clefable|Calm Mind|p2a: Clefable
|-boost|p2a: Clefable|spa|1
|-boost|p2a: Clefable|spd|1
|
|-heal|p2a: Clefable|255\/393|[from] item: Leftovers
|turn|8
|
|move|p1a: Scizor|Toxic|p2a: Clefable
|-status|p2a: Clefable|tox
|move|p2a: Clefable|Moonlight|p2a: Clefable
|-heal|p2a: Clefable|393\/393 tox
|
|-damage|p2a: Clefable|369\/393 tox|[from] psn
|turn|9
|
|move|p1a: Scizor|Bullet Punch|p2a: Clefable
|-crit|p2a: Clefable
|-supereffective|p2a: Clefable
|-damage|p2a: Clefable|117\/393 tox
|move|p2a: Clefable|Aromatherapy|p2a: Clefable
|-cureteam|p2a: Clefable|[from] move: Aromatherapy
|
|-heal|p2a: Clefable|141\/393|[from] item: Leftovers
|turn|10
|
|switch|p2a: Gliscor|Gliscor, M|353\/353
|move|p1a: Scizor|Bullet Punch|p2a: Gliscor
|-damage|p2a: Gliscor|292\/353
|
|-status|p2a: Gliscor|tox|[from] item: Toxic Orb
|turn|11
|
|move|p2a: Gliscor|Stealth Rock|p1a: Scizor
|-sidestart|p1: johnny tots|move: Stealth Rock
|move|p1a: Scizor|Swords Dance|p1a: Scizor
|-boost|p1a: Scizor|atk|2
|
|-heal|p2a: Gliscor|336\/353 tox|[from] ability: Poison Heal
|turn|12
|
|move|p2a: Gliscor|Taunt|p1a: Scizor
|-start|p1a: Scizor|move: Taunt
|cant|p1a: Scizor|move: Taunt|Defog
|
|-heal|p2a: Gliscor|353\/353 tox|[from] ability: Poison Heal
|turn|13
|
|move|p1a: Scizor|Bullet Punch|p2a: Gliscor
|-damage|p2a: Gliscor|244\/353 tox
|move|p2a: Gliscor|Earthquake|p1a: Scizor
|-damage|p1a: Scizor|196\/281
|
|-heal|p1a: Scizor|213\/281|[from] item: Leftovers
|-heal|p2a: Gliscor|288\/353 tox|[from] ability: Poison Heal
|turn|14
|
|move|p1a: Scizor|Bullet Punch|p2a: Gliscor
|-crit|p2a: Gliscor
|-damage|p2a: Gliscor|110\/353 tox
|move|p2a: Gliscor|Earthquake|p1a: Scizor
|-damage|p1a: Scizor|135\/281
|
|-heal|p1a: Scizor|152\/281|[from] item: Leftovers
|-heal|p2a: Gliscor|154\/353 tox|[from] ability: Poison Heal
|-end|p1a: Scizor|move: Taunt
|turn|15
|
|move|p1a: Scizor|Bullet Punch|p2a: Gliscor
|-damage|p2a: Gliscor|46\/353 tox
|move|p2a: Gliscor|Taunt|p1a: Scizor
|-start|p1a: Scizor|move: Taunt
|
|-heal|p1a: Scizor|169\/281|[from] item: Leftovers
|-heal|p2a: Gliscor|90\/353 tox|[from] ability: Poison Heal
|turn|16
|
|switch|p2a: Excadrill|Excadrill, F|424\/424
|-ability|p2a: Excadrill|Mold Breaker
|move|p1a: Scizor|Bullet Punch|p2a: Excadrill
|-resisted|p2a: Excadrill
|-damage|p2a: Excadrill|298\/424
|
|-heal|p2a: Excadrill|324\/424|[from] item: Leftovers
|-heal|p1a: Scizor|186\/281|[from] item: Leftovers
|turn|17
|
|move|p1a: Scizor|Bullet Punch|p2a: Excadrill
|-resisted|p2a: Excadrill
|-damage|p2a: Excadrill|177\/424
|move|p2a: Excadrill|Earthquake|p1a: Scizor
|-damage|p1a: Scizor|84\/281
|
|-heal|p2a: Excadrill|203\/424|[from] item: Leftovers
|-heal|p1a: Scizor|101\/281|[from] item: Leftovers
|turn|18
|
|switch|p1a: Landorus-Therian|Landorus-Therian, M|319\/319
|-damage|p1a: Landorus-Therian|280\/319|[from] Stealth Rock
|-ability|p1a: Landorus-Therian|Intimidate|[of] p2a: Excadrill
|-unboost|p2a: Excadrill|atk|1
|move|p2a: Excadrill|Earthquake|p1a: Landorus-Therian
|-immune|p1a: Landorus-Therian|[msg]
|
|-heal|p1a: Landorus-Therian|299\/319|[from] item: Leftovers
|-heal|p2a: Excadrill|229\/424|[from] item: Leftovers
|turn|19
|
|switch|p2a: Sableye|Sableye, M|303\/303
|move|p1a: Landorus-Therian|Swords Dance|p1a: Landorus-Therian
|-boost|p1a: Landorus-Therian|atk|2
|
|-heal|p1a: Landorus-Therian|318\/319|[from] item: Leftovers
|turn|20
|
|detailschange|p2a: Sableye|Sableye-Mega, M
|message|Sableye has Mega Evolved into Mega Sableye!
|move|p2a: Sableye|Will-O-Wisp|p1a: Landorus-Therian
|-status|p1a: Landorus-Therian|brn
|move|p1a: Landorus-Therian|Swords Dance|p1a: Landorus-Therian
|-boost|p1a: Landorus-Therian|atk|2
|
|-heal|p1a: Landorus-Therian|319\/319 brn|[from] item: Leftovers
|-damage|p1a: Landorus-Therian|280\/319 brn|[from] brn
|turn|21
|
|move|p1a: Landorus-Therian|Earthquake|p2a: Sableye
|-damage|p2a: Sableye|80\/303
|move|p2a: Sableye|Foul Play|p1a: Landorus-Therian
|-damage|p1a: Landorus-Therian|0 fnt
|faint|p1a: Landorus-Therian
|
|
|switch|p1a: Dragonite|Dragonite, M|206\/323
|-damage|p1a: Dragonite|126\/323|[from] Stealth Rock
|turn|22
|
|switch|p2a: Talonflame|Talonflame, M|345\/345
|move|p1a: Dragonite|Earthquake|p2a: Talonflame
|-immune|p2a: Talonflame|[msg]
|
|turn|23
|
|move|p2a: Talonflame|Brave Bird|p1a: Dragonite
|-damage|p1a: Dragonite|0 fnt
|-damage|p2a: Talonflame|303\/345|[from] recoil|[of] p1a: Dragonite
|faint|p1a: Dragonite
|
|-heal|p2a: Talonflame|324\/345|[from] item: Leftovers
|
|switch|p1a: Thundurus-Therian|Thundurus-Therian, M|262\/299 brn
|-damage|p1a: Thundurus-Therian|188\/299 brn|[from] Stealth Rock
|turn|24
|
|move|p2a: Talonflame|Roost|p2a: Talonflame
|-heal|p2a: Talonflame|345\/345
|move|p1a: Thundurus-Therian|Nasty Plot|p1a: Thundurus-Therian
|-boost|p1a: Thundurus-Therian|spa|2
|
|-heal|p1a: Thundurus-Therian|206\/299 brn|[from] item: Leftovers
|-damage|p1a: Thundurus-Therian|169\/299 brn|[from] brn
|turn|25
|
|switch|p2a: Excadrill|Excadrill, F|229\/424
|-ability|p2a: Excadrill|Mold Breaker
|move|p1a: Thundurus-Therian|Thunderbolt|p2a: Excadrill
|-immune|p2a: Excadrill|[msg]
|
|-heal|p1a: Thundurus-Therian|187\/299 brn|[from] item: Leftovers
|-heal|p2a: Excadrill|255\/424|[from] item: Leftovers
|-damage|p1a: Thundurus-Therian|150\/299 brn|[from] brn
|turn|26
|
|move|p1a: Thundurus-Therian|Hidden Power|p2a: Excadrill
|-damage|p2a: Excadrill|108\/424
|move|p2a: Excadrill|Iron Head|p1a: Thundurus-Therian
|-resisted|p1a: Thundurus-Therian
|-damage|p1a: Thundurus-Therian|78\/299 brn
|
|-heal|p1a: Thundurus-Therian|96\/299 brn|[from] item: Leftovers
|-heal|p2a: Excadrill|134\/424|[from] item: Leftovers
|-damage|p1a: Thundurus-Therian|59\/299 brn|[from] brn
|turn|27
|
|switch|p2a: Clefable|Clefable, F|141\/393
|move|p1a: Thundurus-Therian|Hidden Power|p2a: Clefable
|-damage|p2a: Clefable|60\/393
|
|-heal|p1a: Thundurus-Therian|77\/299 brn|[from] item: Leftovers
|-heal|p2a: Clefable|84\/393|[from] item: Leftovers
|-damage|p1a: Thundurus-Therian|40\/299 brn|[from] brn
|turn|28
|
|switch|p2a: Excadrill|Excadrill, F|134\/424
|-ability|p2a: Excadrill|Mold Breaker
|move|p1a: Thundurus-Therian|Thunderbolt|p2a: Excadrill
|-immune|p2a: Excadrill|[msg]
|
|-heal|p1a: Thundurus-Therian|58\/299 brn|[from] item: Leftovers
|-heal|p2a: Excadrill|160\/424|[from] item: Leftovers
|-damage|p1a: Thundurus-Therian|21\/299 brn|[from] brn
|turn|29
|
|move|p1a: Thundurus-Therian|Thunderbolt|p2a: Excadrill
|-immune|p2a: Excadrill|[msg]
|move|p2a: Excadrill|Iron Head|p1a: Thundurus-Therian
|-resisted|p1a: Thundurus-Therian
|-damage|p1a: Thundurus-Therian|0 fnt
|faint|p1a: Thundurus-Therian
|
|-heal|p2a: Excadrill|186\/424|[from] item: Leftovers
|
|switch|p1a: Gyarados|Gyarados, M|331\/331
|-damage|p1a: Gyarados|249\/331|[from] Stealth Rock
|turn|30
|
|switch|p2a: Manaphy|Manaphy|403\/403
|move|p1a: Gyarados|Dragon Dance|p1a: Gyarados
|-boost|p1a: Gyarados|atk|1
|-boost|p1a: Gyarados|spe|1
|
|turn|31
|
|move|p1a: Gyarados|Taunt|p2a: Manaphy
|-start|p2a: Manaphy|move: Taunt
|move|p2a: Manaphy|Scald|p1a: Gyarados
|-resisted|p1a: Gyarados
|-damage|p1a: Gyarados|203\/331
|-status|p1a: Gyarados|brn
|-enditem|p1a: Gyarados|Lum Berry|[eat]
|-curestatus|p1a: Gyarados|brn
|
|turn|32
|
|move|p1a: Gyarados|Dragon Dance|p1a: Gyarados
|-boost|p1a: Gyarados|atk|1
|-boost|p1a: Gyarados|spe|1
|move|p2a: Manaphy|Scald|p1a: Gyarados
|-resisted|p1a: Gyarados
|-damage|p1a: Gyarados|156\/331
|-status|p1a: Gyarados|brn
|
|-damage|p1a: Gyarados|115\/331 brn|[from] brn
|turn|33
|c|âjohnny tots|wow
|
|move|p1a: Gyarados|Earthquake|p2a: Manaphy
|-damage|p2a: Manaphy|284\/403
|move|p2a: Manaphy|Scald|p1a: Gyarados
|-resisted|p1a: Gyarados
|-damage|p1a: Gyarados|71\/331 brn
|
|-heal|p2a: Manaphy|309\/403|[from] item: Leftovers
|-damage|p1a: Gyarados|30\/331 brn|[from] brn
|-end|p2a: Manaphy|move: Taunt
|turn|34
|
|move|p1a: Gyarados|Taunt|p2a: Manaphy
|-start|p2a: Manaphy|move: Taunt
|move|p2a: Manaphy|U-turn|p1a: Gyarados
|-resisted|p1a: Gyarados
|-damage|p1a: Gyarados|5\/331 brn
|
|switch|p2a: Talonflame|Talonflame, M|345\/345
|
|-damage|p1a: Gyarados|0 fnt|[from] brn
|faint|p1a: Gyarados
|
|switch|p1a: Charizard|Charizard, M|297\/297
|-damage|p1a: Charizard|149\/297|[from] Stealth Rock
|turn|35
|
|detailschange|p1a: Charizard|Charizard-Mega-X, M
|message|Charizard has Mega Evolved into Mega Charizard!
|move|p2a: Talonflame|Brave Bird|p1a: Charizard
|-damage|p1a: Charizard|13\/297
|-damage|p2a: Talonflame|300\/345|[from] recoil|[of] p1a: Charizard
|move|p1a: Charizard|Dragon Claw|p2a: Talonflame
|-damage|p2a: Talonflame|29\/345
|
|-heal|p2a: Talonflame|50\/345|[from] item: Leftovers
|turn|36
|
|move|p2a: Talonflame|Brave Bird|p1a: Charizard
|-damage|p1a: Charizard|0 fnt
|-damage|p2a: Talonflame|46\/345|[from] recoil|[of] p1a: Charizard
|faint|p1a: Charizard
|
|-heal|p2a: Talonflame|67\/345|[from] item: Leftovers
|
|switch|p1a: Scizor|Scizor, F|101\/281
|-damage|p1a: Scizor|66\/281|[from] Stealth Rock
|turn|37
|
|move|p2a: Talonflame|Brave Bird|p1a: Scizor
|-damage|p1a: Scizor|0 fnt
|-damage|p2a: Talonflame|45\/345|[from] recoil|[of] p1a: Scizor
|faint|p1a: Scizor
|
|win|PokeHD
|raw|Ladder updating...
|raw|johnny tots's rating: 1569 &rarr; <strong>1545<\/strong><br \/>(-24 for losing)
|raw|PokeHD's rating: 1488 &rarr; <strong>1513<\/strong><br \/>(+25 for winning)
|leave|johnny tots
|player|p1