|join|PokeHD
|join|bonetobewild
|player|p1|PokeHD|101
|player|p2|bonetobewild|189
|gametype|singles
|gen|6
|tier|OU
|rated
|clearpoke
|poke|p1|Sableye, M
|poke|p1|Excadrill, F
|poke|p1|Manaphy
|poke|p1|Gliscor, F
|poke|p1|Talonflame, M
|poke|p1|Clefable, M
|poke|p2|Garchomp, F
|poke|p2|Jolteon, M
|poke|p2|Heatran, M
|poke|p2|Skarmory, F
|poke|p2|Mew
|poke|p2|Gyarados, M
|rule|Swagger Clause: Swagger is banned
|rule|Baton Pass Clause: Limit one PokÃ©mon knowing Baton Pass
|rule|Sleep Clause Mod: Limit one foe put to sleep
|rule|Species Clause: Limit one of each PokÃ©mon
|rule|OHKO Clause: OHKO moves are banned
|rule|Moody Clause: Moody is banned
|rule|Evasion Moves Clause: Evasion moves are banned
|rule|Endless Battle Clause: Forcing endless battles is banned
|rule|HP Percentage Mod: HP is shown in percentages
|teampreview
|
|start
|switch|p1a: Talonflame|Talonflame, M|345\/345
|switch|p2a: Gyarados|Gyarados, M|332\/332
|-ability|p2a: Gyarados|Intimidate|[of] p1a: Talonflame
|-unboost|p1a: Talonflame|atk|1
|turn|1
|
|move|p1a: Talonflame|Will-O-Wisp|p2a: Gyarados
|-status|p2a: Gyarados|brn
|move|p2a: Gyarados|Waterfall|p1a: Talonflame
|-supereffective|p1a: Talonflame
|-damage|p1a: Talonflame|145\/345
|
|-heal|p1a: Talonflame|166\/345|[from] item: Leftovers
|-damage|p2a: Gyarados|291\/332 brn|[from] brn
|turn|2
|
|switch|p2a: Heatran|Heatran, M|386\/386
|move|p1a: Talonflame|Roost|p1a: Talonflame
|-heal|p1a: Talonflame|339\/345
|
|-heal|p1a: Talonflame|345\/345|[from] item: Leftovers
|turn|3
|
|move|p1a: Talonflame|Taunt|p2a: Heatran
|-start|p2a: Heatran|move: Taunt
|cant|p2a: Heatran|move: Taunt|Stealth Rock
|
|turn|4
|
|switch|p1a: Manaphy|Manaphy|403\/403
|move|p2a: Heatran|Lava Plume|p1a: Manaphy
|-resisted|p1a: Manaphy
|-damage|p1a: Manaphy|359\/403
|
|-heal|p1a: Manaphy|384\/403|[from] item: Leftovers
|turn|5
|
|switch|p2a: Mew|Mew|400\/400
|move|p1a: Manaphy|Scald|p2a: Mew
|-damage|p2a: Mew|327\/400
|-status|p2a: Mew|brn
|-status|p1a: Manaphy|brn
|
|-heal|p2a: Mew|352\/400 brn|[from] item: Leftovers
|-heal|p1a: Manaphy|403\/403 brn|[from] item: Leftovers
|-damage|p2a: Mew|302\/400 brn|[from] brn
|-damage|p1a: Manaphy|353\/403 brn|[from] brn
|turn|6
|
|move|p2a: Mew|Heal Bell|p2a: Mew
|-cureteam|p2a: Mew|[from] move: HealBell
|move|p1a: Manaphy|Rain Dance|p1a: Manaphy
|-weather|RainDance
|
|-weather|RainDance|[upkeep]
|-heal|p2a: Mew|327\/400|[from] item: Leftovers
|-curestatus|p1a: Manaphy|brn
|-heal|p1a: Manaphy|378\/403|[from] item: Leftovers
|turn|7
|
|move|p1a: Manaphy|U-turn|p2a: Mew
|-supereffective|p2a: Mew
|-damage|p2a: Mew|235\/400
|
|switch|p1a: Talonflame|Talonflame, M|345\/345
|move|p2a: Mew|Roar|p1a: Talonflame
|drag|p1a: Manaphy|Manaphy|378\/403
|
|-weather|RainDance|[upkeep]
|-heal|p2a: Mew|260\/400|[from] item: Leftovers
|-heal|p1a: Manaphy|403\/403|[from] item: Leftovers
|turn|8
|
|switch|p2a: Gyarados|Gyarados, M|291\/332
|-ability|p2a: Gyarados|Intimidate|[of] p1a: Manaphy
|-unboost|p1a: Manaphy|atk|1
|move|p1a: Manaphy|Scald|p2a: Gyarados
|-crit|p2a: Gyarados
|-resisted|p2a: Gyarados
|-damage|p2a: Gyarados|180\/332
|-status|p2a: Gyarados|brn
|
|-weather|RainDance|[upkeep]
|-damage|p2a: Gyarados|139\/332 brn|[from] brn
|turn|9
|
|switch|p2a: Heatran|Heatran, M|386\/386
|move|p1a: Manaphy|U-turn|p2a: Heatran
|-resisted|p2a: Heatran
|-damage|p2a: Heatran|378\/386
|
|switch|p1a: Excadrill|Excadrill, F|424\/424
|-ability|p1a: Excadrill|Mold Breaker
|
|-weather|RainDance|[upkeep]
|-heal|p2a: Heatran|386\/386|[from] item: Leftovers
|turn|10
|
|switch|p1a: Talonflame|Talonflame, M|345\/345
|switch|p2a: Skarmory|Skarmory, F|334\/334
|
|-weather|none
|turn|11
|
|move|p1a: Talonflame|Taunt|p2a: Skarmory
|-start|p2a: Skarmory|move: Taunt
|cant|p2a: Skarmory|move: Taunt|Toxic
|
|turn|12
|
|switch|p1a: Manaphy|Manaphy|403\/403
|switch|p2a: Garchomp|Garchomp, F|357\/357
|
|turn|13
|
|move|p2a: Garchomp|Dragon Claw|p1a: Manaphy
|-damage|p1a: Manaphy|252\/403
|move|p1a: Manaphy|Scald|p2a: Garchomp
|-damage|p2a: Garchomp|246\/357
|
|-heal|p1a: Manaphy|277\/403|[from] item: Leftovers
|turn|14
|
|switch|p2a: Mew|Mew|260\/400
|move|p1a: Manaphy|Rain Dance|p1a: Manaphy
|-weather|RainDance
|
|-weather|RainDance|[upkeep]
|-heal|p2a: Mew|285\/400|[from] item: Leftovers
|-heal|p1a: Manaphy|302\/403|[from] item: Leftovers
|turn|15
|
|move|p2a: Mew|Roost|p2a: Mew
|-heal|p2a: Mew|400\/400
|move|p1a: Manaphy|U-turn|p2a: Mew
|-supereffective|p2a: Mew
|-damage|p2a: Mew|318\/400
|
|switch|p1a: Sableye|Sableye, M|303\/303
|
|-weather|RainDance|[upkeep]
|-heal|p2a: Mew|343\/400|[from] item: Leftovers
|turn|16
|
|switch|p2a: Jolteon|Jolteon, M|284\/284
|detailschange|p1a: Sableye|Sableye-Mega, M
|message|Sableye has Mega Evolved into Mega Sableye!
|move|p1a: Sableye|Knock Off|p2a: Jolteon
|-damage|p2a: Jolteon|136\/284
|-enditem|p2a: Jolteon|Life Orb|[from] move: Knock Off|[of] p1a: Sableye
|
|-weather|RainDance|[upkeep]
|turn|17
|
|switch|p1a: Excadrill|Excadrill, F|424\/424
|-ability|p1a: Excadrill|Mold Breaker
|move|p2a: Jolteon|Volt Switch|p1a: Excadrill
|-immune|p1a: Excadrill|[msg]
|
|-weather|RainDance|[upkeep]
|turn|18
|
|move|p2a: Jolteon|Hidden Power|p1a: Excadrill
|-damage|p1a: Excadrill|361\/424
|move|p1a: Excadrill|Earthquake|p2a: Jolteon
|-supereffective|p2a: Jolteon
|-damage|p2a: Jolteon|0 fnt
|faint|p2a: Jolteon
|
|-weather|none
|-heal|p1a: Excadrill|387\/424|[from] item: Leftovers
|
|switch|p2a: Mew|Mew|343\/400
|turn|19
|
|move|p2a: Mew|Heal Bell|p2a: Mew
|-cureteam|p2a: Mew|[from] move: HealBell
|move|p1a: Excadrill|Iron Head|p2a: Mew
|-damage|p2a: Mew|241\/400
|
|-heal|p2a: Mew|266\/400|[from] item: Leftovers
|-heal|p1a: Excadrill|413\/424|[from] item: Leftovers
|turn|20
|
|move|p2a: Mew|Will-O-Wisp|p1a: Excadrill
|-status|p1a: Excadrill|brn
|move|p1a: Excadrill|Toxic|p2a: Mew
|-status|p2a: Mew|tox
|
|-heal|p2a: Mew|291\/400 tox|[from] item: Leftovers
|-heal|p1a: Excadrill|424\/424 brn|[from] item: Leftovers
|-damage|p2a: Mew|266\/400 tox|[from] psn
|-damage|p1a: Excadrill|371\/424 brn|[from] brn
|turn|21
|
|switch|p1a: Clefable|Clefable, M|393\/393
|move|p2a: Mew|Heal Bell|p2a: Mew
|-cureteam|p2a: Mew|[from] move: HealBell
|
|-heal|p2a: Mew|291\/400|[from] item: Leftovers
|turn|22
|
|switch|p2a: Heatran|Heatran, M|386\/386
|move|p1a: Clefable|Aromatherapy|p1a: Clefable
|-cureteam|p1a: Clefable|[from] move: Aromatherapy
|
|turn|23
|
|switch|p1a: Excadrill|Excadrill, F|371\/424
|-ability|p1a: Excadrill|Mold Breaker
|move|p2a: Heatran|Stealth Rock|p1a: Excadrill
|-sidestart|p1: PokeHD|move: Stealth Rock
|
|-heal|p1a: Excadrill|397\/424|[from] item: Leftovers
|turn|24
|
|switch|p2a: Gyarados|Gyarados, M|139\/332
|-ability|p2a: Gyarados|Intimidate|[of] p1a: Excadrill
|-unboost|p1a: Excadrill|atk|1
|move|p1a: Excadrill|Earthquake|p2a: Gyarados
|-immune|p2a: Gyarados|[msg]
|
|-heal|p1a: Excadrill|423\/424|[from] item: Leftovers
|turn|25
|
|move|p2a: Gyarados|Waterfall|p1a: Excadrill
|-crit|p1a: Excadrill
|-supereffective|p1a: Excadrill
|-damage|p1a: Excadrill|0 fnt
|faint|p1a: Excadrill
|
|
|switch|p1a: Clefable|Clefable, M|393\/393
|-damage|p1a: Clefable|344\/393|[from] Stealth Rock
|turn|26
|
|switch|p2a: Heatran|Heatran, M|386\/386
|move|p1a: Clefable|Calm Mind|p1a: Clefable
|-boost|p1a: Clefable|spa|1
|-boost|p1a: Clefable|spd|1
|
|-heal|p1a: Clefable|368\/393|[from] item: Leftovers
|turn|27
|
|move|p1a: Clefable|Moonblast|p2a: Heatran
|-resisted|p2a: Heatran
|-damage|p2a: Heatran|356\/386
|-unboost|p2a: Heatran|spa|1
|move|p2a: Heatran|Roar|p1a: Clefable
|drag|p1a: Sableye|Sableye-Mega, M|303\/303
|-damage|p1a: Sableye|266\/303|[from] Stealth Rock
|
|-heal|p2a: Heatran|380\/386|[from] item: Leftovers
|turn|28
|
|switch|p2a: Mew|Mew|291\/400
|move|p1a: Sableye|Knock Off|p2a: Mew
|-supereffective|p2a: Mew
|-damage|p2a: Mew|123\/400
|-enditem|p2a: Mew|Leftovers|[from] move: Knock Off|[of] p1a: Sableye
|
|turn|29
|
|switch|p1a: Talonflame|Talonflame, M|345\/345
|-damage|p1a: Talonflame|173\/345|[from] Stealth Rock
|move|p2a: Mew|Roost|p2a: Mew
|-heal|p2a: Mew|323\/400
|
|-heal|p1a: Talonflame|194\/345|[from] item: Leftovers
|turn|30
|
|move|p1a: Talonflame|Taunt|p2a: Mew
|-start|p2a: Mew|move: Taunt
|cant|p2a: Mew|move: Taunt|Roar
|
|-heal|p1a: Talonflame|215\/345|[from] item: Leftovers
|turn|31
|
|switch|p2a: Gyarados|Gyarados, M|139\/332
|-ability|p2a: Gyarados|Intimidate|[of] p1a: Talonflame
|-unboost|p1a: Talonflame|atk|1
|move|p1a: Talonflame|Brave Bird|p2a: Gyarados
|-damage|p2a: Gyarados|0 fnt
|-damage|p1a: Talonflame|169\/345|[from] recoil|[of] p2a: Gyarados
|faint|p2a: Gyarados
|
|-heal|p1a: Talonflame|190\/345|[from] item: Leftovers
|
|switch|p2a: Heatran|Heatran, M|380\/386
|turn|32
|
|move|p1a: Talonflame|Taunt|p2a: Heatran
|-start|p2a: Heatran|move: Taunt
|move|p2a: Heatran|Lava Plume|p1a: Talonflame
|-resisted|p1a: Talonflame
|-damage|p1a: Talonflame|113\/345
|
|-heal|p1a: Talonflame|134\/345|[from] item: Leftovers
|-heal|p2a: Heatran|386\/386|[from] item: Leftovers
|turn|33
|
|switch|p2a: Garchomp|Garchomp, F|246\/357
|move|p1a: Talonflame|Roost|p1a: Talonflame
|-heal|p1a: Talonflame|307\/345
|
|-heal|p1a: Talonflame|328\/345|[from] item: Leftovers
|turn|34
|
|move|p2a: Garchomp|Dragon Claw|p1a: Talonflame
|-damage|p1a: Talonflame|132\/345
|move|p1a: Talonflame|Will-O-Wisp|p2a: Garchomp
|-status|p2a: Garchomp|brn
|
|-heal|p1a: Talonflame|153\/345|[from] item: Leftovers
|-damage|p2a: Garchomp|202\/357 brn|[from] brn
|turn|35
|
|switch|p2a: Mew|Mew|323\/400
|move|p1a: Talonflame|Roost|p1a: Talonflame
|-heal|p1a: Talonflame|326\/345
|
|-heal|p1a: Talonflame|345\/345|[from] item: Leftovers
|turn|36
|
|move|p1a: Talonflame|Taunt|p2a: Mew
|-start|p2a: Mew|move: Taunt
|cant|p2a: Mew|move: Taunt|Heal Bell
|
|turn|37
|
|switch|p2a: Skarmory|Skarmory, F|334\/334
|move|p1a: Talonflame|Brave Bird|p2a: Skarmory
|-resisted|p2a: Skarmory
|-damage|p2a: Skarmory|299\/334
|-damage|p1a: Talonflame|288\/345|[from] item: Rocky Helmet|[of] p2a: Skarmory
|-damage|p1a: Talonflame|276\/345|[from] recoil|[of] p2a: Skarmory
|
|-heal|p1a: Talonflame|297\/345|[from] item: Leftovers
|turn|38
|
|switch|p2a: Heatran|Heatran, M|386\/386
|move|p1a: Talonflame|Will-O-Wisp|p2a: Heatran
|-start|p2a: Heatran|ability: Flash Fire
|
|-heal|p1a: Talonflame|318\/345|[from] item: Leftovers
|turn|39
|
|switch|p1a: Manaphy|Manaphy|302\/403
|-damage|p1a: Manaphy|252\/403|[from] Stealth Rock
|move|p2a: Heatran|Lava Plume|p1a: Manaphy
|-resisted|p1a: Manaphy
|-damage|p1a: Manaphy|193\/403
|
|-heal|p1a: Manaphy|218\/403|[from] item: Leftovers
|turn|40
|
|switch|p2a: Skarmory|Skarmory, F|299\/334
|move|p1a: Manaphy|Rain Dance|p1a: Manaphy
|-weather|RainDance
|
|-weather|RainDance|[upkeep]
|-heal|p1a: Manaphy|243\/403|[from] item: Leftovers
|turn|41
|
|move|p1a: Manaphy|Scald|p2a: Skarmory
|-damage|p2a: Skarmory|98\/334
|move|p2a: Skarmory|Toxic|p1a: Manaphy
|-status|p1a: Manaphy|tox
|
|-weather|RainDance|[upkeep]
|-curestatus|p1a: Manaphy|tox
|-heal|p1a: Manaphy|268\/403|[from] item: Leftovers
|turn|42
|
|move|p1a: Manaphy|Scald|p2a: Skarmory
|-damage|p2a: Skarmory|0 fnt
|faint|p2a: Skarmory
|
|-weather|RainDance|[upkeep]
|-heal|p1a: Manaphy|293\/403|[from] item: Leftovers
|
|switch|p2a: Mew|Mew|323\/400
|turn|43
|
|move|p1a: Manaphy|Scald|p2a: Mew
|-damage|p2a: Mew|203\/400
|move|p2a: Mew|Roar|p1a: Manaphy
|drag|p1a: Talonflame|Talonflame, M|318\/345
|-damage|p1a: Talonflame|146\/345|[from] Stealth Rock
|
|-weather|RainDance|[upkeep]
|-heal|p1a: Talonflame|167\/345|[from] item: Leftovers
|turn|44
|
|switch|p2a: Heatran|Heatran, M|386\/386
|move|p1a: Talonflame|Taunt|p2a: Heatran
|-start|p2a: Heatran|move: Taunt
|
|-weather|none
|-heal|p1a: Talonflame|188\/345|[from] item: Leftovers
|turn|45
|
|move|p1a: Talonflame|Roost|p1a: Talonflame
|-heal|p1a: Talonflame|345\/345
|move|p2a: Heatran|Earth Power|p1a: Talonflame
|-supereffective|p1a: Talonflame
|-damage|p1a: Talonflame|97\/345
|
|-heal|p1a: Talonflame|118\/345|[from] item: Leftovers
|turn|46
|
|move|p1a: Talonflame|Brave Bird|p2a: Heatran
|-resisted|p2a: Heatran
|-damage|p2a: Heatran|311\/386
|-damage|p1a: Talonflame|93\/345|[from] recoil|[of] p2a: Heatran
|move|p2a: Heatran|Earth Power|p1a: Talonflame
|-immune|p1a: Talonflame|[msg]
|
|-heal|p1a: Talonflame|114\/345|[from] item: Leftovers
|-heal|p2a: Heatran|335\/386|[from] item: Leftovers
|turn|47
|
|move|p1a: Talonflame|Roost|p1a: Talonflame
|-heal|p1a: Talonflame|287\/345
|move|p2a: Heatran|Earth Power|p1a: Talonflame
|-supereffective|p1a: Talonflame
|-damage|p1a: Talonflame|41\/345
|
|-heal|p1a: Talonflame|62\/345|[from] item: Leftovers
|-heal|p2a: Heatran|359\/386|[from] item: Leftovers
|-end|p2a: Heatran|move: Taunt
|turn|48
|
|move|p1a: Talonflame|Brave Bird|p2a: Heatran
|-resisted|p2a: Heatran
|-damage|p2a: Heatran|273\/386
|-damage|p1a: Talonflame|34\/345|[from] recoil|[of] p2a: Heatran
|move|p2a: Heatran|Lava Plume|p1a: Talonflame
|-resisted|p1a: Talonflame
|-damage|p1a: Talonflame|0 fnt
|faint|p1a: Talonflame
|
|-heal|p2a: Heatran|297\/386|[from] item: Leftovers
|
|switch|p1a: Gliscor|Gliscor, F|353\/353
|-damage|p1a: Gliscor|309\/353|[from] Stealth Rock
|turn|49
|
|switch|p2a: Mew|Mew|203\/400
|move|p1a: Gliscor|Earthquake|p2a: Mew
|-damage|p2a: Mew|100\/400
|
|-status|p1a: Gliscor|tox|[from] item: Toxic Orb
|turn|50
|
|move|p2a: Mew|Roost|p2a: Mew
|-heal|p2a: Mew|300\/400
|move|p1a: Gliscor|Taunt|p2a: Mew
|-start|p2a: Mew|move: Taunt
|
|-heal|p1a: Gliscor|353\/353 tox|[from] ability: Poison Heal
|turn|51
|c|âbonetobewild|._:
|c|âbonetobewild|3 pokemon know taunt?
|c|âPokeHD|Yes xD
|
|switch|p2a: Garchomp|Garchomp, F|202\/357 brn
|move|p1a: Gliscor|Earthquake|p2a: Garchomp
|-damage|p2a: Garchomp|84\/357 brn
|
|-damage|p2a: Garchomp|40\/357 brn|[from] brn
|turn|52
|
|switch|p2a: Mew|Mew|300\/400
|move|p1a: Gliscor|Stealth Rock|p2a: Mew
|-sidestart|p2: bonetobewild|move: Stealth Rock
|
|turn|53
|
|move|p2a: Mew|Heal Bell|p2a: Mew
|-cureteam|p2a: Mew|[from] move: HealBell
|move|p1a: Gliscor|Taunt|p2a: Mew
|-start|p2a: Mew|move: Taunt
|
|turn|54
|
|switch|p2a: Garchomp|Garchomp, F|40\/357
|-damage|p2a: Garchomp|18\/357|[from] Stealth Rock
|move|p1a: Gliscor|Earthquake|p2a: Garchomp
|-damage|p2a: Garchomp|0 fnt
|faint|p2a: Garchomp
|
|
|switch|p2a: Heatran|Heatran, M|297\/386
|-damage|p2a: Heatran|249\/386|[from] Stealth Rock
|turn|55
|
|move|p1a: Gliscor|Earthquake|p2a: Heatran
|-supereffective|p2a: Heatran
|-damage|p2a: Heatran|0 fnt
|faint|p2a: Heatran
|
|
|switch|p2a: Mew|Mew|300\/400
|-damage|p2a: Mew|250\/400|[from] Stealth Rock
|turn|56
|
|move|p2a: Mew|Roost|p2a: Mew
|-heal|p2a: Mew|400\/400
|move|p1a: Gliscor|Taunt|p2a: Mew
|-start|p2a: Mew|move: Taunt
|
|turn|57
|
|-activate|p2a: Mew|move: Struggle
|move|p2a: Mew|Struggle|p1a: Gliscor
|-damage|p1a: Gliscor|331\/353 tox
|-damage|p2a: Mew|300\/400
|move|p1a: Gliscor|U-turn|p2a: Mew
|-supereffective|p2a: Mew
|-damage|p2a: Mew|204\/400
|
|switch|p1a: Clefable|Clefable, M|368\/393
|-damage|p1a: Clefable|319\/393|[from] Stealth Rock
|
|-heal|p1a: Clefable|343\/393|[from] item: Leftovers
|turn|58
|
|-activate|p2a: Mew|move: Struggle
|move|p2a: Mew|Struggle|p1a: Clefable
|-damage|p1a: Clefable|309\/393
|-damage|p2a: Mew|104\/400
|move|p1a: Clefable|Calm Mind|p1a: Clefable
|-boost|p1a: Clefable|spa|1
|-boost|p1a: Clefable|spd|1
|
|-heal|p1a: Clefable|333\/393|[from] item: Leftovers
|turn|59
|
|-activate|p2a: Mew|move: Struggle
|move|p2a: Mew|Struggle|p1a: Clefable
|-crit|p1a: Clefable
|-damage|p1a: Clefable|280\/393
|-damage|p2a: Mew|4\/400
|move|p1a: Clefable|Moonblast|p2a: Mew
|-damage|p2a: Mew|0 fnt
|faint|p2a: Mew
|
|win|PokeHD
|raw|Ladder updating...
|raw|PokeHD's rating: 1403 &rarr; <strong>1420<\/strong><br \/>(+17 for winning)
|raw|bonetobewild's rating: 1349 &rarr; <strong>1332<\/strong><br \/>(-17 for losing)
|leave|bonetobewild
|player|p2