|join|PokeHD
|join|PikachuCandy
|c|âPikachuCandy|gl hf
|player|p1|PokeHD|170
|player|p2|PikachuCandy|155
|gametype|singles
|gen|6
|tier|OU
|rated
|clearpoke
|poke|p1|Sableye, F
|poke|p1|Excadrill, F
|poke|p1|Manaphy
|poke|p1|Gliscor, M
|poke|p1|Talonflame, F
|poke|p1|Clefable, F
|poke|p2|Landorus-Therian, M
|poke|p2|Mandibuzz, F
|poke|p2|Wobbuffet, M, shiny
|poke|p2|Garchomp, M, shiny
|poke|p2|Kyurem-Black, shiny
|poke|p2|Gardevoir, F, shiny
|rule|Swagger Clause: Swagger is banned
|rule|Baton Pass Clause: Limit one PokÃ©mon knowing Baton Pass
|rule|Sleep Clause Mod: Limit one foe put to sleep
|rule|Species Clause: Limit one of each PokÃ©mon
|rule|OHKO Clause: OHKO moves are banned
|rule|Moody Clause: Moody is banned
|rule|Evasion Moves Clause: Evasion moves are banned
|rule|Endless Battle Clause: Forcing endless battles is banned
|rule|HP Percentage Mod: HP is shown in percentages
|teampreview
|
|start
|switch|p1a: Sableye|Sableye, F|303\/303
|switch|p2a: DustFairy|Gardevoir, F, shiny|301\/301
|turn|1
|
|switch|p1a: Excadrill|Excadrill, F|424\/424
|-ability|p1a: Excadrill|Mold Breaker
|detailschange|p2a: DustFairy|Gardevoir-Mega, F, shiny
|-mega|p2a: DustFairy|Gardevoir|Gardevoirite
|move|p2a: DustFairy|Substitute|p2a: DustFairy
|-start|p2a: DustFairy|Substitute
|-damage|p2a: DustFairy|226\/301
|
|turn|2
|
|move|p2a: DustFairy|Hidden Power|p1a: Excadrill
|-supereffective|p1a: Excadrill
|-damage|p1a: Excadrill|266\/424
|move|p1a: Excadrill|Iron Head|p2a: DustFairy
|-supereffective|p2a: DustFairy
|-end|p2a: DustFairy|Substitute
|
|-heal|p1a: Excadrill|292\/424|[from] item: Leftovers
|turn|3
|
|switch|p2a: Wiz BITG|Mandibuzz, F|424\/424
|move|p1a: Excadrill|Toxic|p2a: Wiz BITG
|-status|p2a: Wiz BITG|tox
|
|-heal|p1a: Excadrill|318\/424|[from] item: Leftovers
|-damage|p2a: Wiz BITG|398\/424 tox|[from] psn
|turn|4
|
|switch|p1a: Sableye|Sableye, F|303\/303
|move|p2a: Wiz BITG|Taunt|p1a: Sableye
|-start|p1a: Sableye|move: Taunt
|
|-heal|p2a: Wiz BITG|424\/424 tox|[from] item: Leftovers
|-damage|p2a: Wiz BITG|372\/424 tox|[from] psn
|turn|5
|
|switch|p2a: BubbleTea|Wobbuffet, M, shiny|584\/584
|detailschange|p1a: Sableye|Sableye-Mega, F
|-mega|p1a: Sableye|Sableye|Sablenite
|move|p1a: Sableye|Knock Off|p2a: BubbleTea
|-supereffective|p2a: BubbleTea
|-damage|p2a: BubbleTea|294\/584
|-enditem|p2a: BubbleTea|Leftovers|[from] move: Knock Off|[of] p1a: Sableye
|
|turn|6
|
|move|p2a: BubbleTea|Destiny Bond|p2a: BubbleTea
|-singlemove|p2a: BubbleTea|Destiny Bond
|move|p1a: Sableye|Knock Off|p2a: BubbleTea
|-supereffective|p2a: BubbleTea
|-damage|p2a: BubbleTea|88\/584
|
|turn|7
|
|move|p2a: BubbleTea|Destiny Bond|p2a: BubbleTea
|-singlemove|p2a: BubbleTea|Destiny Bond
|move|p1a: Sableye|Foul Play|p2a: BubbleTea
|-supereffective|p2a: BubbleTea
|-damage|p2a: BubbleTea|0 fnt
|faint|p2a: BubbleTea
|-activate|p2a: BubbleTea|Destiny Bond
|faint|p1a: Sableye
|
|
|switch|p2a: Teriyaki|Kyurem-Black, shiny|453\/453
|switch|p1a: Clefable|Clefable, F|393\/393
|-ability|p2a: Teriyaki|Teravolt
|turn|8
|
|move|p2a: Teriyaki|Substitute|p2a: Teriyaki
|-start|p2a: Teriyaki|Substitute
|-damage|p2a: Teriyaki|340\/453
|move|p1a: Clefable|Calm Mind|p1a: Clefable
|-boost|p1a: Clefable|spa|1
|-boost|p1a: Clefable|spd|1
|
|-heal|p2a: Teriyaki|368\/453|[from] item: Leftovers
|turn|9
|
|move|p2a: Teriyaki|Iron Head|p1a: Clefable
|-supereffective|p1a: Clefable
|-damage|p1a: Clefable|221\/393
|move|p1a: Clefable|Moonblast|p2a: Teriyaki
|-supereffective|p2a: Teriyaki
|-end|p2a: Teriyaki|Substitute
|
|-heal|p2a: Teriyaki|396\/453|[from] item: Leftovers
|-heal|p1a: Clefable|245\/393|[from] item: Leftovers
|turn|10
|
|move|p2a: Teriyaki|Iron Head|p1a: Clefable
|-supereffective|p1a: Clefable
|-damage|p1a: Clefable|77\/393
|cant|p1a: Clefable|flinch
|
|-heal|p2a: Teriyaki|424\/453|[from] item: Leftovers
|-heal|p1a: Clefable|101\/393|[from] item: Leftovers
|turn|11
|c|âPikachuCandy|ice
|c|âPikachuCandy|beam
|c|âPikachuCandy|stab
|
|move|p2a: Teriyaki|Iron Head|p1a: Clefable
|-supereffective|p1a: Clefable
|-damage|p1a: Clefable|0 fnt
|faint|p1a: Clefable
|
|-heal|p2a: Teriyaki|452\/453|[from] item: Leftovers
|
|switch|p1a: Talonflame|Talonflame, F|345\/345
|turn|12
|
|switch|p2a: Wiz BITG|Mandibuzz, F|372\/424 tox
|move|p1a: Talonflame|Will-O-Wisp|p2a: Wiz BITG
|-fail|p2a: Wiz BITG
|
|-heal|p2a: Wiz BITG|398\/424 tox|[from] item: Leftovers
|-damage|p2a: Wiz BITG|372\/424 tox|[from] psn
|turn|13
|
|move|p1a: Talonflame|Taunt|p2a: Wiz BITG
|-start|p2a: Wiz BITG|move: Taunt
|move|p2a: Wiz BITG|Foul Play|p1a: Talonflame
|-damage|p1a: Talonflame|155\/345
|
|-heal|p1a: Talonflame|176\/345|[from] item: Leftovers
|-heal|p2a: Wiz BITG|398\/424 tox|[from] item: Leftovers
|-damage|p2a: Wiz BITG|346\/424 tox|[from] psn
|turn|14
|
|move|p1a: Talonflame|Roost|p1a: Talonflame
|-heal|p1a: Talonflame|345\/345
|move|p2a: Wiz BITG|Foul Play|p1a: Talonflame
|-damage|p1a: Talonflame|177\/345
|
|-heal|p1a: Talonflame|198\/345|[from] item: Leftovers
|-heal|p2a: Wiz BITG|372\/424 tox|[from] item: Leftovers
|-damage|p2a: Wiz BITG|294\/424 tox|[from] psn
|turn|15
|
|move|p1a: Talonflame|Roost|p1a: Talonflame
|-heal|p1a: Talonflame|345\/345
|move|p2a: Wiz BITG|Foul Play|p1a: Talonflame
|-damage|p1a: Talonflame|162\/345
|
|-heal|p1a: Talonflame|183\/345|[from] item: Leftovers
|-heal|p2a: Wiz BITG|320\/424 tox|[from] item: Leftovers
|-damage|p2a: Wiz BITG|216\/424 tox|[from] psn
|-end|p2a: Wiz BITG|move: Taunt
|turn|16
|
|move|p1a: Talonflame|Taunt|p2a: Wiz BITG
|-start|p2a: Wiz BITG|move: Taunt
|move|p2a: Wiz BITG|Foul Play|p1a: Talonflame
|-damage|p1a: Talonflame|0 fnt
|faint|p1a: Talonflame
|
|-heal|p2a: Wiz BITG|242\/424 tox|[from] item: Leftovers
|-damage|p2a: Wiz BITG|112\/424 tox|[from] psn
|-message|PokeHD forfeited.
|leave|PokeHD
|
|switch|p1a: Excadrill|Excadrill, F|318\/424
|-ability|p1a: Excadrill|Mold Breaker
|turn|17
|c|âPikachuCandy|gg
|
|win|PikachuCandy
|raw|Ladder updating...
|player|p1
|raw|PokeHD's rating: 1483 &rarr; <strong>1464<\/strong><br \/>(-19 for losing)
|raw|PikachuCandy's rating: 1504 &rarr; <strong>1523<\/strong><br \/>(+19 for winning)