|join|PokeHD
|join|Hotrodbunny
|player|p1|PokeHD|169
|player|p2|Hotrodbunny|252
|gametype|singles
|gen|6
|tier|OU (suspect test)
|rated
|clearpoke
|poke|p1|Sableye, F
|poke|p1|Excadrill, F
|poke|p1|Manaphy
|poke|p1|Gliscor, M
|poke|p1|Talonflame, F
|poke|p1|Clefable, M
|poke|p2|Dragonite, F
|poke|p2|Weavile, M
|poke|p2|Rotom-Wash
|poke|p2|Pidgeot, F
|poke|p2|Ferrothorn, F
|poke|p2|Sylveon, M
|rule|Swagger Clause: Swagger is banned
|rule|Baton Pass Clause: Limit one PokÃ©mon knowing Baton Pass
|rule|Sleep Clause Mod: Limit one foe put to sleep
|rule|Species Clause: Limit one of each PokÃ©mon
|rule|OHKO Clause: OHKO moves are banned
|rule|Moody Clause: Moody is banned
|rule|Evasion Moves Clause: Evasion moves are banned
|rule|Endless Battle Clause: Forcing endless battles is banned
|rule|HP Percentage Mod: HP is shown in percentages
|teampreview
|
|start
|switch|p1a: Sableye|Sableye, F|303\/303
|switch|p2a: Sylveon|Sylveon, M|394\/394
|turn|1
|
|switch|p1a: Excadrill|Excadrill, F|424\/424
|-ability|p1a: Excadrill|Mold Breaker
|move|p2a: Sylveon|Hyper Voice|p1a: Excadrill
|-resisted|p1a: Excadrill
|-damage|p1a: Excadrill|348\/424
|
|-heal|p1a: Excadrill|374\/424|[from] item: Leftovers
|turn|2
|
|switch|p1a: Talonflame|Talonflame, F|345\/345
|switch|p2a: Ferrothorn|Ferrothorn, F|352\/352
|
|turn|3
|
|switch|p2a: Rotom-Wash|Rotom-Wash|303\/303
|move|p1a: Talonflame|Will-O-Wisp|p2a: Rotom-Wash
|-status|p2a: Rotom-Wash|brn
|
|-damage|p2a: Rotom-Wash|266\/303 brn|[from] brn
|turn|4
|
|switch|p1a: Clefable|Clefable, M|393\/393
|move|p2a: Rotom-Wash|Hydro Pump|p1a: Clefable
|-damage|p1a: Clefable|239\/393
|
|-heal|p1a: Clefable|263\/393|[from] item: Leftovers
|-damage|p2a: Rotom-Wash|229\/303 brn|[from] brn
|turn|5
|
|move|p2a: Rotom-Wash|Hydro Pump|p1a: Clefable
|-damage|p1a: Clefable|119\/393
|move|p1a: Clefable|Moonlight|p1a: Clefable
|-heal|p1a: Clefable|315\/393
|
|-heal|p1a: Clefable|339\/393|[from] item: Leftovers
|-damage|p2a: Rotom-Wash|192\/303 brn|[from] brn
|turn|6
|
|switch|p1a: Sableye|Sableye, F|303\/303
|move|p2a: Rotom-Wash|Volt Switch|p1a: Sableye
|-damage|p1a: Sableye|219\/303
|
|switch|p2a: Sylveon|Sylveon, M|394\/394
|
|turn|7
|
|detailschange|p1a: Sableye|Sableye-Mega, F
|-mega|p1a: Sableye|Sableye|Sablenite
|move|p1a: Sableye|Recover|p1a: Sableye
|-heal|p1a: Sableye|303\/303
|move|p2a: Sylveon|Hyper Voice|p1a: Sableye
|-supereffective|p1a: Sableye
|-damage|p1a: Sableye|103\/303
|
|turn|8
|
|switch|p1a: Excadrill|Excadrill, F|374\/424
|-ability|p1a: Excadrill|Mold Breaker
|move|p2a: Sylveon|Hyper Voice|p1a: Excadrill
|-resisted|p1a: Excadrill
|-damage|p1a: Excadrill|298\/424
|
|-heal|p1a: Excadrill|324\/424|[from] item: Leftovers
|turn|9
|
|switch|p2a: Rotom-Wash|Rotom-Wash|192\/303 brn
|move|p1a: Excadrill|Earthquake|p2a: Rotom-Wash
|-supereffective|p2a: Rotom-Wash
|-damage|p2a: Rotom-Wash|0 fnt
|faint|p2a: Rotom-Wash
|
|-heal|p1a: Excadrill|350\/424|[from] item: Leftovers
|
|switch|p2a: sweggy bird|Pidgeot, F|307\/307
|turn|10
|
|switch|p1a: Manaphy|Manaphy|403\/403
|detailschange|p2a: sweggy bird|Pidgeot-Mega, F
|-mega|p2a: sweggy bird|Pidgeot|Pidgeotite
|move|p2a: sweggy bird|Heat Wave|p1a: Manaphy
|-resisted|p1a: Manaphy
|-damage|p1a: Manaphy|359\/403
|
|-heal|p1a: Manaphy|384\/403|[from] item: Leftovers
|turn|11
|
|move|p2a: sweggy bird|Hurricane|p1a: Manaphy
|-damage|p1a: Manaphy|218\/403
|move|p1a: Manaphy|Scald|p2a: sweggy bird
|-damage|p2a: sweggy bird|187\/307
|
|-heal|p1a: Manaphy|243\/403|[from] item: Leftovers
|turn|12
|
|switch|p2a: Ferrothorn|Ferrothorn, F|352\/352
|move|p1a: Manaphy|U-turn|p2a: Ferrothorn
|-damage|p2a: Ferrothorn|314\/352
|-damage|p1a: Manaphy|193\/403|[from] ability: Iron Barbs|[of] p2a: Ferrothorn
|-damage|p1a: Manaphy|126\/403|[from] item: Rocky Helmet|[of] p2a: Ferrothorn
|
|switch|p1a: Sableye|Sableye-Mega, F|103\/303
|
|turn|13
|
|switch|p2a: Sylveon|Sylveon, M|394\/394
|move|p1a: Sableye|Recover|p1a: Sableye
|-heal|p1a: Sableye|255\/303
|
|turn|14
|
|switch|p1a: Excadrill|Excadrill, F|350\/424
|-ability|p1a: Excadrill|Mold Breaker
|move|p2a: Sylveon|Hyper Voice|p1a: Excadrill
|-resisted|p1a: Excadrill
|-damage|p1a: Excadrill|282\/424
|
|-heal|p1a: Excadrill|308\/424|[from] item: Leftovers
|turn|15
|
|move|p1a: Excadrill|Earthquake|p2a: Sylveon
|-damage|p2a: Sylveon|241\/394
|move|p2a: Sylveon|Wish|p2a: Sylveon
|
|-heal|p1a: Excadrill|334\/424|[from] item: Leftovers
|-heal|p2a: Sylveon|265\/394|[from] item: Leftovers
|turn|16
|
|switch|p2a: sweggy bird|Pidgeot-Mega, F|187\/307
|move|p1a: Excadrill|Iron Head|p2a: sweggy bird
|-damage|p2a: sweggy bird|40\/307
|
|-heal|p2a: sweggy bird|237\/307|[from] move: Wish|[wisher] Sylveon
|-heal|p1a: Excadrill|360\/424|[from] item: Leftovers
|turn|17
|
|move|p2a: sweggy bird|Heat Wave|p1a: Excadrill
|-supereffective|p1a: Excadrill
|-damage|p1a: Excadrill|124\/424
|move|p1a: Excadrill|Iron Head|p2a: sweggy bird
|-damage|p2a: sweggy bird|89\/307
|
|-heal|p1a: Excadrill|150\/424|[from] item: Leftovers
|turn|18
|
|switch|p1a: Talonflame|Talonflame, F|345\/345
|move|p2a: sweggy bird|Heat Wave|p1a: Talonflame
|-resisted|p1a: Talonflame
|-damage|p1a: Talonflame|256\/345
|
|-heal|p1a: Talonflame|277\/345|[from] item: Leftovers
|turn|19
|
|switch|p2a: Dragonite|Dragonite, F|324\/324
|move|p1a: Talonflame|Brave Bird|p2a: Dragonite
|-damage|p2a: Dragonite|235\/324
|-damage|p1a: Talonflame|248\/345|[from] recoil|[of] p2a: Dragonite
|
|-heal|p1a: Talonflame|269\/345|[from] item: Leftovers
|turn|20
|
|move|p1a: Talonflame|Will-O-Wisp|p2a: Dragonite
|-status|p2a: Dragonite|brn
|-enditem|p2a: Dragonite|Lum Berry|[eat]
|-curestatus|p2a: Dragonite|brn
|move|p2a: Dragonite|Dragon Dance|p2a: Dragonite
|-boost|p2a: Dragonite|atk|1
|-boost|p2a: Dragonite|spe|1
|
|-heal|p1a: Talonflame|290\/345|[from] item: Leftovers
|turn|21
|
|switch|p1a: Clefable|Clefable, M|339\/393
|move|p2a: Dragonite|Extreme Speed|p1a: Clefable
|-damage|p1a: Clefable|244\/393
|
|-heal|p1a: Clefable|268\/393|[from] item: Leftovers
|turn|22
|
|switch|p2a: Sylveon|Sylveon, M|265\/394
|move|p1a: Clefable|Moonlight|p1a: Clefable
|-heal|p1a: Clefable|393\/393
|
|-heal|p2a: Sylveon|289\/394|[from] item: Leftovers
|turn|23
|
|switch|p1a: Talonflame|Talonflame, F|290\/345
|move|p2a: Sylveon|Wish|p2a: Sylveon
|
|-heal|p1a: Talonflame|311\/345|[from] item: Leftovers
|-heal|p2a: Sylveon|313\/394|[from] item: Leftovers
|turn|24
|
|switch|p2a: sweggy bird|Pidgeot-Mega, F|89\/307
|move|p1a: Talonflame|Will-O-Wisp|p2a: sweggy bird
|-status|p2a: sweggy bird|brn
|
|-heal|p2a: sweggy bird|286\/307 brn|[from] move: Wish|[wisher] Sylveon
|-heal|p1a: Talonflame|332\/345|[from] item: Leftovers
|-damage|p2a: sweggy bird|248\/307 brn|[from] brn
|turn|25
|
|switch|p1a: Manaphy|Manaphy|126\/403
|move|p2a: sweggy bird|Hurricane|p1a: Manaphy
|-damage|p1a: Manaphy|0 fnt
|faint|p1a: Manaphy
|
|-damage|p2a: sweggy bird|210\/307 brn|[from] brn
|
|switch|p1a: Gliscor|Gliscor, M|353\/353
|turn|26
|
|move|p2a: sweggy bird|Hurricane|p1a: Gliscor
|-damage|p1a: Gliscor|77\/353
|-start|p1a: Gliscor|confusion
|-activate|p1a: Gliscor|confusion
|move|p1a: Gliscor|Stealth Rock|p2a: sweggy bird
|-sidestart|p2: Hotrodbunny|move: Stealth Rock
|
|-damage|p2a: sweggy bird|172\/307 brn|[from] brn
|-status|p1a: Gliscor|tox|[from] item: Toxic Orb
|turn|27
|
|switch|p1a: Sableye|Sableye-Mega, F|255\/303
|move|p2a: sweggy bird|Heat Wave|p1a: Sableye
|-damage|p1a: Sableye|178\/303
|
|-damage|p2a: sweggy bird|134\/307 brn|[from] brn
|turn|28
|
|move|p2a: sweggy bird|Defog|p1a: Sableye
|move|p1a: Sableye|Defog|p2a: sweggy bird|[from]Magic Bounce
|-unboost|p2a: sweggy bird|evasion|1
|-sideend|p2: Hotrodbunny|Stealth Rock|[from] move: Defog|[of] p2a: sweggy bird
|move|p1a: Sableye|Recover|p1a: Sableye
|-heal|p1a: Sableye|303\/303
|
|-damage|p2a: sweggy bird|96\/307 brn|[from] brn
|turn|29
|
|switch|p2a: Sylveon|Sylveon, M|313\/394
|move|p1a: Sableye|Knock Off|p2a: Sylveon
|-resisted|p2a: Sylveon
|-damage|p2a: Sylveon|264\/394
|-enditem|p2a: Sylveon|Leftovers|[from] move: Knock Off|[of] p1a: Sableye
|
|turn|30
|
|switch|p1a: Talonflame|Talonflame, F|332\/345
|move|p2a: Sylveon|Hyper Voice|p1a: Talonflame
|-resisted|p1a: Talonflame
|-damage|p1a: Talonflame|224\/345
|
|-heal|p1a: Talonflame|245\/345|[from] item: Leftovers
|turn|31
|
|move|p2a: Sylveon|Protect|p2a: Sylveon
|-singleturn|p2a: Sylveon|Protect
|move|p1a: Talonflame|Roost|p1a: Talonflame
|-heal|p1a: Talonflame|345\/345
|
|turn|32
|
|switch|p2a: sweggy bird|Pidgeot-Mega, F|96\/307 brn
|move|p1a: Talonflame|Taunt|p2a: sweggy bird
|-start|p2a: sweggy bird|move: Taunt
|
|-damage|p2a: sweggy bird|58\/307 brn|[from] brn
|turn|33
|
|move|p1a: Talonflame|Brave Bird|p2a: sweggy bird
|-damage|p2a: sweggy bird|0 fnt
|-damage|p1a: Talonflame|326\/345|[from] recoil|[of] p2a: sweggy bird
|faint|p2a: sweggy bird
|
|-heal|p1a: Talonflame|345\/345|[from] item: Leftovers
|
|switch|p2a: Weavile|Weavile, M|281\/281
|-ability|p2a: Weavile|Pressure
|turn|34
|
|switch|p1a: Gliscor|Gliscor, M|77\/353 tox
|move|p2a: Weavile|Knock Off|p1a: Gliscor
|-damage|p1a: Gliscor|0 fnt
|-enditem|p1a: Gliscor|Toxic Orb|[from] move: Knock Off|[of] p2a: Weavile
|faint|p1a: Gliscor
|
|
|switch|p1a: Clefable|Clefable, M|393\/393
|turn|35
|
|move|p2a: Weavile|Knock Off|p1a: Clefable
|-resisted|p1a: Clefable
|-damage|p1a: Clefable|324\/393
|-enditem|p1a: Clefable|Leftovers|[from] move: Knock Off|[of] p2a: Weavile
|move|p1a: Clefable|Moonblast|p2a: Weavile
|-supereffective|p2a: Weavile
|-damage|p2a: Weavile|45\/281
|
|turn|36
|
|move|p2a: Weavile|Icicle Crash|p1a: Clefable
|-damage|p1a: Clefable|209\/393
|move|p1a: Clefable|Moonblast|p2a: Weavile
|-supereffective|p2a: Weavile
|-damage|p2a: Weavile|0 fnt
|faint|p2a: Weavile
|
|
|switch|p2a: Ferrothorn|Ferrothorn, F|314\/352
|turn|37
|
|switch|p1a: Sableye|Sableye-Mega, F|303\/303
|move|p2a: Ferrothorn|Gyro Ball|p1a: Sableye
|-damage|p1a: Sableye|257\/303
|
|turn|38
|
|switch|p2a: Sylveon|Sylveon, M|264\/394
|move|p1a: Sableye|Will-O-Wisp|p2a: Sylveon
|-status|p2a: Sylveon|brn
|
|-damage|p2a: Sylveon|215\/394 brn|[from] brn
|turn|39
|
|switch|p1a: Talonflame|Talonflame, F|345\/345
|move|p2a: Sylveon|Wish|p2a: Sylveon
|
|-damage|p2a: Sylveon|166\/394 brn|[from] brn
|turn|40
|
|move|p1a: Talonflame|Will-O-Wisp|p2a: Sylveon
|-fail|p2a: Sylveon|brn
|move|p2a: Sylveon|Heal Bell|p2a: Sylveon
|-cureteam|p2a: Sylveon|[from] move: HealBell
|
|-heal|p2a: Sylveon|363\/394|[from] move: Wish|[wisher] Sylveon
|turn|41
|
|move|p1a: Talonflame|Brave Bird|p2a: Sylveon
|-damage|p2a: Sylveon|195\/394
|-damage|p1a: Talonflame|290\/345|[from] recoil|[of] p2a: Sylveon
|move|p2a: Sylveon|Hyper Voice|p1a: Talonflame
|-resisted|p1a: Talonflame
|-damage|p1a: Talonflame|182\/345
|
|-heal|p1a: Talonflame|203\/345|[from] item: Leftovers
|turn|42
|
|move|p1a: Talonflame|Taunt|p2a: Sylveon
|-start|p2a: Sylveon|move: Taunt
|move|p2a: Sylveon|Hyper Voice|p1a: Talonflame
|-resisted|p1a: Talonflame
|-damage|p1a: Talonflame|107\/345
|
|-heal|p1a: Talonflame|128\/345|[from] item: Leftovers
|turn|43
|
|switch|p2a: Ferrothorn|Ferrothorn, F|314\/352
|move|p1a: Talonflame|Roost|p1a: Talonflame
|-heal|p1a: Talonflame|301\/345
|
|-heal|p1a: Talonflame|322\/345|[from] item: Leftovers
|turn|44
|
|switch|p2a: Sylveon|Sylveon, M|195\/394
|move|p1a: Talonflame|Taunt|p2a: Sylveon
|-start|p2a: Sylveon|move: Taunt
|
|-heal|p1a: Talonflame|343\/345|[from] item: Leftovers
|turn|45
|
|switch|p2a: Ferrothorn|Ferrothorn, F|314\/352
|move|p1a: Talonflame|Will-O-Wisp|p2a: Ferrothorn
|-status|p2a: Ferrothorn|brn
|
|-heal|p1a: Talonflame|345\/345|[from] item: Leftovers
|-damage|p2a: Ferrothorn|270\/352 brn|[from] brn
|turn|46
|
|move|p1a: Talonflame|Taunt|p2a: Ferrothorn
|-start|p2a: Ferrothorn|move: Taunt
|move|p2a: Ferrothorn|Gyro Ball|p1a: Talonflame
|-resisted|p1a: Talonflame
|-damage|p1a: Talonflame|291\/345
|
|-heal|p1a: Talonflame|312\/345|[from] item: Leftovers
|-damage|p2a: Ferrothorn|226\/352 brn|[from] brn
|turn|47
|
|switch|p2a: Dragonite|Dragonite, F|235\/324
|move|p1a: Talonflame|Taunt|p2a: Dragonite
|-start|p2a: Dragonite|move: Taunt
|
|-heal|p1a: Talonflame|333\/345|[from] item: Leftovers
|turn|48
|
|move|p2a: Dragonite|Extreme Speed|p1a: Talonflame
|-damage|p1a: Talonflame|188\/345
|move|p1a: Talonflame|Will-O-Wisp|p2a: Dragonite
|-status|p2a: Dragonite|brn
|
|-heal|p1a: Talonflame|209\/345|[from] item: Leftovers
|-damage|p2a: Dragonite|195\/324 brn|[from] brn
|turn|49
|
|switch|p2a: Sylveon|Sylveon, M|195\/394
|move|p1a: Talonflame|Roost|p1a: Talonflame
|-heal|p1a: Talonflame|345\/345
|
|turn|50
|
|move|p2a: Sylveon|Protect|p2a: Sylveon
|-singleturn|p2a: Sylveon|Protect
|move|p1a: Talonflame|Taunt|p2a: Sylveon
|-activate|p2a: Sylveon|Protect
|
|turn|51
|
|move|p1a: Talonflame|Taunt|p2a: Sylveon
|-start|p2a: Sylveon|move: Taunt
|cant|p2a: Sylveon|move: Taunt|Heal Bell
|
|turn|52
|
|switch|p2a: Ferrothorn|Ferrothorn, F|226\/352 brn
|move|p1a: Talonflame|Brave Bird|p2a: Ferrothorn
|-damage|p2a: Ferrothorn|99\/352 brn
|-damage|p1a: Talonflame|302\/345|[from] ability: Iron Barbs|[of] p2a: Ferrothorn
|-damage|p1a: Talonflame|245\/345|[from] item: Rocky Helmet|[of] p2a: Ferrothorn
|-damage|p1a: Talonflame|203\/345|[from] recoil|[of] p2a: Ferrothorn
|
|-heal|p1a: Talonflame|224\/345|[from] item: Leftovers
|-damage|p2a: Ferrothorn|55\/352 brn|[from] brn
|turn|53
|
|move|p1a: Talonflame|Taunt|p2a: Ferrothorn
|-start|p2a: Ferrothorn|move: Taunt
|move|p2a: Ferrothorn|Gyro Ball|p1a: Talonflame
|-resisted|p1a: Talonflame
|-damage|p1a: Talonflame|167\/345
|
|-heal|p1a: Talonflame|188\/345|[from] item: Leftovers
|-damage|p2a: Ferrothorn|11\/352 brn|[from] brn
|turn|54
|
|move|p1a: Talonflame|Roost|p1a: Talonflame
|-heal|p1a: Talonflame|345\/345
|move|p2a: Ferrothorn|Gyro Ball|p1a: Talonflame
|-resisted|p1a: Talonflame
|-damage|p1a: Talonflame|291\/345
|
|-heal|p1a: Talonflame|312\/345|[from] item: Leftovers
|-damage|p2a: Ferrothorn|0 fnt|[from] brn
|faint|p2a: Ferrothorn
|
|switch|p2a: Dragonite|Dragonite, F|195\/324 brn
|turn|55
|
|move|p1a: Talonflame|Taunt|p2a: Dragonite
|-start|p2a: Dragonite|move: Taunt
|move|p2a: Dragonite|Outrage|p1a: Talonflame
|-damage|p1a: Talonflame|159\/345
|
|-heal|p1a: Talonflame|180\/345|[from] item: Leftovers
|-damage|p2a: Dragonite|155\/324 brn|[from] brn
|turn|56
|
|move|p1a: Talonflame|Roost|p1a: Talonflame
|-heal|p1a: Talonflame|345\/345
|move|p2a: Dragonite|Outrage|p1a: Talonflame
|-damage|p1a: Talonflame|200\/345
|
|-heal|p1a: Talonflame|221\/345|[from] item: Leftovers
|-damage|p2a: Dragonite|115\/324 brn|[from] brn
|turn|57
|
|move|p1a: Talonflame|Roost|p1a: Talonflame
|-heal|p1a: Talonflame|345\/345
|move|p2a: Dragonite|Outrage|p1a: Talonflame
|-damage|p1a: Talonflame|194\/345
|
|-end|p2a: Dragonite|rampage
|-start|p2a: Dragonite|confusion
|-heal|p1a: Talonflame|215\/345|[from] item: Leftovers
|-damage|p2a: Dragonite|75\/324 brn|[from] brn
|-end|p2a: Dragonite|move: Taunt
|turn|58
|
|move|p1a: Talonflame|Roost|p1a: Talonflame
|-heal|p1a: Talonflame|345\/345
|-activate|p2a: Dragonite|confusion
|move|p2a: Dragonite|Outrage|p1a: Talonflame
|-damage|p1a: Talonflame|183\/345
|
|-heal|p1a: Talonflame|204\/345|[from] item: Leftovers
|-damage|p2a: Dragonite|35\/324 brn|[from] brn
|turn|59
|
|move|p1a: Talonflame|Roost|p1a: Talonflame
|-heal|p1a: Talonflame|345\/345
|-end|p2a: Dragonite|confusion
|move|p2a: Dragonite|Outrage|p1a: Talonflame
|-damage|p1a: Talonflame|194\/345
|
|-heal|p1a: Talonflame|215\/345|[from] item: Leftovers
|-damage|p2a: Dragonite|0 fnt|[from] brn
|faint|p2a: Dragonite
|
|switch|p2a: Sylveon|Sylveon, M|195\/394
|turn|60
|
|move|p1a: Talonflame|Will-O-Wisp|p2a: Sylveon
|-status|p2a: Sylveon|brn
|move|p2a: Sylveon|Hyper Voice|p1a: Talonflame
|-resisted|p1a: Talonflame
|-damage|p1a: Talonflame|122\/345
|
|-heal|p1a: Talonflame|143\/345|[from] item: Leftovers
|-damage|p2a: Sylveon|146\/394 brn|[from] brn
|turn|61
|
|move|p1a: Talonflame|Taunt|p2a: Sylveon
|-start|p2a: Sylveon|move: Taunt
|move|p2a: Sylveon|Hyper Voice|p1a: Talonflame
|-resisted|p1a: Talonflame
|-damage|p1a: Talonflame|44\/345
|
|-heal|p1a: Talonflame|65\/345|[from] item: Leftovers
|-damage|p2a: Sylveon|97\/394 brn|[from] brn
|turn|62
|
|move|p1a: Talonflame|Brave Bird|p2a: Sylveon
|-damage|p2a: Sylveon|0 fnt
|-damage|p1a: Talonflame|33\/345|[from] recoil|[of] p2a: Sylveon
|faint|p2a: Sylveon
|
|win|PokeHD
|raw|Ladder updating...
|c|âPokeHD|gg
|raw|PokeHD's rating: 1248 &rarr; <strong>1267<\/strong><br \/>(+19 for winning)
|raw|Hotrodbunny's rating: 1163 &rarr; <strong>1144<\/strong><br \/>(-19 for losing)
|c|âHotrodbunny|gg
|leave|Hotrodbunny