|join|I ABR I
|join|Davon
|player|p1|I ABR I|290
|player|p2|Davon|75
|gametype|singles
|gen|6
|tier|ORAS OU
|rated
|rule|Sleep Clause Mod: Limit one foe put to sleep
|rule|Species Clause: Limit one of each PokÃ©mon
|rule|OHKO Clause: OHKO moves are banned
|rule|Moody Clause: Moody is banned
|rule|Evasion Moves Clause: Evasion moves are banned
|rule|Endless Battle Clause: Forcing endless battles is banned
|rule|HP Percentage Mod: HP is shown in percentages
|clearpoke
|poke|p1|Sableye, M
|poke|p1|Tentacruel, M
|poke|p1|Porygon2
|poke|p1|Sylveon, M
|poke|p1|Skarmory, M
|poke|p1|Bronzong
|poke|p2|Suicune
|poke|p2|Sceptile, F
|poke|p2|Jirachi
|poke|p2|Zapdos
|poke|p2|Clefable, M
|poke|p2|Landorus-Therian, M
|rule|Swagger Clause: Swagger is banned
|rule|Baton Pass Clause: Limit one PokÃ©mon knowing Baton Pass
|teampreview
|
|start
|switch|p1a: Tentacruel|Tentacruel, M|361\/361
|switch|p2a: Clefable|Clefable, M|394\/394
|turn|1
|
|switch|p2a: Suicune|Suicune|404\/404
|-ability|p2a: Suicune|Pressure
|move|p1a: Tentacruel|Toxic Spikes|p2a: Suicune
|-sidestart|p2: Davon|move: Toxic Spikes
|
|turn|2
|
|move|p1a: Tentacruel|Acid Spray|p2a: Suicune
|-damage|p2a: Suicune|367\/404
|-unboost|p2a: Suicune|spd|2
|move|p2a: Suicune|Calm Mind|p2a: Suicune
|-boost|p2a: Suicune|spa|1
|-boost|p2a: Suicune|spd|1
|
|-heal|p2a: Suicune|392\/404|[from] item: Leftovers
|turn|3
|
|switch|p2a: Landorus-Therian|Landorus-Therian, M|337\/337
|-ability|p2a: Landorus-Therian|Intimidate|[of] p1a: Tentacruel
|-unboost|p1a: Tentacruel|atk|1
|move|p1a: Tentacruel|Acid Spray|p2a: Landorus-Therian
|-resisted|p2a: Landorus-Therian
|-damage|p2a: Landorus-Therian|315\/337
|-unboost|p2a: Landorus-Therian|spd|2
|
|turn|4
|
|switch|p1a: Skarmory|Skarmory, M|333\/333
|move|p2a: Landorus-Therian|U-turn|p1a: Skarmory
|-resisted|p1a: Skarmory
|-damage|p1a: Skarmory|319\/333
|
|switch|p2a: Zapdos|Zapdos|369\/369
|-ability|p2a: Zapdos|Pressure
|
|turn|5
|
|switch|p1a: Sableye|Sableye, M|303\/303
|move|p2a: Zapdos|Defog|p1a: Sableye
|-unboost|p1a: Sableye|evasion|1
|-sideend|p2: Davon|Toxic Spikes|[from] move: Defog|[of] p2a: Zapdos
|
|turn|6
|
|switch|p2a: Clefable|Clefable, M|394\/394
|detailschange|p1a: Sableye|Sableye-Mega, M
|message|Sableye has Mega Evolved into Mega Sableye!
|move|p1a: Sableye|Knock Off|p2a: Clefable
|-resisted|p2a: Clefable
|-damage|p2a: Clefable|341\/394
|-enditem|p2a: Clefable|Leftovers|[from] move: Knock Off|[of] p1a: Sableye
|
|turn|7
|
|switch|p2a: Zapdos|Zapdos|369\/369
|-ability|p2a: Zapdos|Pressure
|switch|p1a: Tentacruel|Tentacruel, M|361\/361
|
|turn|8
|
|switch|p1a: Porygon2|Porygon2|373\/373
|-ability|p1a: Porygon2|Pressure|[from] ability: Trace|[of] p2a: Zapdos
|-ability|p1a: Porygon2|Pressure
|move|p2a: Zapdos|Thunderbolt|p1a: Porygon2
|-damage|p1a: Porygon2|289\/373
|
|turn|9
|
|switch|p2a: Jirachi|Jirachi|404\/404
|move|p1a: Porygon2|Toxic|p2a: Jirachi|[miss]
|-miss|p1a: Porygon2|p2a: Jirachi
|
|turn|10
|
|switch|p1a: Sableye|Sableye-Mega, M|303\/303
|move|p2a: Jirachi|Substitute|p2a: Jirachi
|-start|p2a: Jirachi|Substitute
|-damage|p2a: Jirachi|303\/404
|
|-heal|p2a: Jirachi|328\/404|[from] item: Leftovers
|turn|11
|
|move|p2a: Jirachi|Iron Head|p1a: Sableye
|-damage|p1a: Sableye|245\/303
|cant|p1a: Sableye|flinch
|
|-heal|p2a: Jirachi|353\/404|[from] item: Leftovers
|turn|12
|
|switch|p1a: Skarmory|Skarmory, M|319\/333
|move|p2a: Jirachi|Iron Head|p1a: Skarmory
|-resisted|p1a: Skarmory
|-damage|p1a: Skarmory|287\/333
|
|-heal|p2a: Jirachi|378\/404|[from] item: Leftovers
|turn|13
|
|move|p2a: Jirachi|Fire Punch|p1a: Skarmory
|-supereffective|p1a: Skarmory
|-damage|p1a: Skarmory|219\/333
|move|p1a: Skarmory|Stealth Rock|p2a: Jirachi
|-sidestart|p2: Davon|move: Stealth Rock
|
|-heal|p2a: Jirachi|403\/404|[from] item: Leftovers
|turn|14
|
|move|p2a: Jirachi|Fire Punch|p1a: Skarmory
|-supereffective|p1a: Skarmory
|-damage|p1a: Skarmory|151\/333
|move|p1a: Skarmory|Roost|p1a: Skarmory
|-heal|p1a: Skarmory|318\/333
|
|-heal|p2a: Jirachi|404\/404|[from] item: Leftovers
|turn|15
|
|move|p2a: Jirachi|Fire Punch|p1a: Skarmory
|-supereffective|p1a: Skarmory
|-damage|p1a: Skarmory|236\/333
|move|p1a: Skarmory|Whirlwind|p2a: Jirachi
|drag|p2a: Clefable|Clefable, M|341\/394
|
|turn|16
|
|switch|p1a: Tentacruel|Tentacruel, M|361\/361
|switch|p2a: Landorus-Therian|Landorus-Therian, M|315\/337
|-damage|p2a: Landorus-Therian|273\/337|[from] Stealth Rock
|-ability|p2a: Landorus-Therian|Intimidate|[of] p1a: Tentacruel
|-unboost|p1a: Tentacruel|atk|1
|
|turn|17
|
|switch|p1a: Skarmory|Skarmory, M|236\/333
|move|p2a: Landorus-Therian|U-turn|p1a: Skarmory
|-resisted|p1a: Skarmory
|-damage|p1a: Skarmory|222\/333
|
|switch|p2a: Zapdos|Zapdos|369\/369
|-damage|p2a: Zapdos|277\/369|[from] Stealth Rock
|-ability|p2a: Zapdos|Pressure
|
|-heal|p2a: Zapdos|300\/369|[from] item: Leftovers
|turn|18
|
|switch|p1a: Porygon2|Porygon2|289\/373
|-ability|p1a: Porygon2|Pressure|[from] ability: Trace|[of] p2a: Zapdos
|-ability|p1a: Porygon2|Pressure
|move|p2a: Zapdos|Defog|p1a: Porygon2
|-unboost|p1a: Porygon2|evasion|1
|-sideend|p2: Davon|Stealth Rock|[from] move: Defog|[of] p2a: Zapdos
|
|-heal|p2a: Zapdos|323\/369|[from] item: Leftovers
|turn|19
|
|switch|p2a: Clefable|Clefable, M|341\/394
|switch|p1a: Skarmory|Skarmory, M|222\/333
|
|turn|20
|
|move|p1a: Skarmory|Roost|p1a: Skarmory
|-heal|p1a: Skarmory|333\/333
|move|p2a: Clefable|Fire Blast|p1a: Skarmory
|-supereffective|p1a: Skarmory
|-damage|p1a: Skarmory|103\/333
|
|turn|21
|
|switch|p1a: Tentacruel|Tentacruel, M|361\/361
|switch|p2a: Landorus-Therian|Landorus-Therian, M|273\/337
|-ability|p2a: Landorus-Therian|Intimidate|[of] p1a: Tentacruel
|-unboost|p1a: Tentacruel|atk|1
|
|turn|22
|
|move|p2a: Landorus-Therian|Knock Off|p1a: Tentacruel
|-damage|p1a: Tentacruel|231\/361
|-enditem|p1a: Tentacruel|Black Sludge|[from] move: Knock Off|[of] p2a: Landorus-Therian
|move|p1a: Tentacruel|Scald|p2a: Landorus-Therian
|-supereffective|p2a: Landorus-Therian
|-damage|p2a: Landorus-Therian|75\/337
|-status|p2a: Landorus-Therian|brn
|
|-damage|p2a: Landorus-Therian|33\/337 brn|[from] brn
|turn|23
|
|move|p2a: Landorus-Therian|Knock Off|p1a: Tentacruel
|-damage|p1a: Tentacruel|182\/361
|move|p1a: Tentacruel|Scald|p2a: Landorus-Therian
|-supereffective|p2a: Landorus-Therian
|-damage|p2a: Landorus-Therian|0 fnt
|faint|p2a: Landorus-Therian
|
|join|Ox the Fox
|-message|I ABR I forfeited.
|leave|I ABR I
|
|win|Davon
|raw|Ladder updating...
|player|p1
|raw|I ABR I's rating: 1520 &rarr; <strong>1496<\/strong><br \/>(-24 for losing)
|raw|Davon's rating: 1442 &rarr; <strong>1466<\/strong><br \/>(+24 for winning)