|join|sis puella magi!
|join|I ABR I
|player|p1|sis puella magi!|34
|player|p2|I ABR I|290
|gametype|singles
|gen|6
|tier|ORAS OU
|rated
|rule|Sleep Clause Mod: Limit one foe put to sleep
|rule|Species Clause: Limit one of each PokÃ©mon
|rule|OHKO Clause: OHKO moves are banned
|rule|Moody Clause: Moody is banned
|rule|Evasion Moves Clause: Evasion moves are banned
|rule|Endless Battle Clause: Forcing endless battles is banned
|rule|HP Percentage Mod: HP is shown in percentages
|clearpoke
|poke|p1|Diancie
|poke|p1|Rotom-Wash
|poke|p1|Scizor, M
|poke|p1|Gardevoir, F
|poke|p1|Ferrothorn, F
|poke|p1|Breloom, F
|poke|p2|Sableye, M
|poke|p2|Tentacruel, M
|poke|p2|Porygon2
|poke|p2|Sylveon, M
|poke|p2|Skarmory, M
|poke|p2|Bronzong
|rule|Swagger Clause: Swagger is banned
|rule|Baton Pass Clause: Limit one PokÃ©mon knowing Baton Pass
|teampreview
|join|Jukain
|join|Ol'DirtyHabastard
|join|IAmGingy
|join|lt8m xtra
|
|start
|switch|p1a: Breloom|Breloom, F|262\/262
|switch|p2a: Sableye|Sableye, M|303\/303
|turn|1
|
|detailschange|p2a: Sableye|Sableye-Mega, M
|message|Sableye has Mega Evolved into Mega Sableye!
|move|p2a: Sableye|Will-O-Wisp|p1a: Breloom
|-status|p1a: Breloom|brn
|move|p1a: Breloom|Bullet Seed|p2a: Sableye
|-damage|p2a: Sableye|281\/303
|-crit|p2a: Sableye
|-damage|p2a: Sableye|250\/303
|-damage|p2a: Sableye|231\/303
|-hitcount|p2a: Sableye|3
|
|-damage|p1a: Breloom|230\/262 brn|[from] brn
|turn|2
|c|âI ABR I|zong bout to pull thru
|
|switch|p1a: Diancie|Diancie|304\/304
|move|p2a: Sableye|Recover|p2a: Sableye
|-heal|p2a: Sableye|303\/303
|
|turn|3
|join|Plz time stall (ã)
|
|switch|p2a: Bronzong|Bronzong|337\/337
|detailschange|p1a: Diancie|Diancie-Mega
|message|Diancie has Mega Evolved into Mega Diancie!
|move|p1a: Diancie|Moonblast|p2a: Bronzong
|-resisted|p2a: Bronzong
|-damage|p2a: Bronzong|271\/337
|
|-heal|p2a: Bronzong|292\/337|[from] item: Leftovers
|turn|4
|join|loserbaby
|
|switch|p1a: Ferrothorn|Ferrothorn, F|352\/352
|move|p2a: Bronzong|Iron Head|p1a: Ferrothorn
|-resisted|p1a: Ferrothorn
|-damage|p1a: Ferrothorn|327\/352
|-damage|p2a: Bronzong|250\/337|[from] ability: Iron Barbs|[of] p1a: Ferrothorn
|-damage|p2a: Bronzong|194\/337|[from] item: Rocky Helmet|[of] p1a: Ferrothorn
|
|-heal|p2a: Bronzong|215\/337|[from] item: Leftovers
|turn|5
|c|âI ABR I|sigh
|c|âI ABR I|aids sets
|
|switch|p2a: Sableye|Sableye-Mega, M|303\/303
|switch|p1a: Gardevoir|Gardevoir, F|278\/278
|-ability|p1a: Gardevoir|Magic Bounce|[from] ability: Trace|[of] p2a: Sableye
|
|turn|6
|c|âI ABR I|at least he dies faster
|
|switch|p2a: Bronzong|Bronzong|215\/337
|move|p1a: Gardevoir|Trick|p2a: Bronzong
|-activate|p1a: Gardevoir|move: Trick|[of] p2a: Bronzong
|-item|p2a: Bronzong|Choice Scarf|[from] move: Trick
|-item|p1a: Gardevoir|Leftovers|[from] move: Trick
|
|turn|7
|c|âI ABR I|wow
|
|switch|p1a: Ferrothorn|Ferrothorn, F|327\/352
|switch|p2a: Sableye|Sableye-Mega, M|303\/303
|
|turn|8
|c|+Jukain|lol dude scarf
|
|switch|p1a: Gardevoir|Gardevoir, F|278\/278
|-ability|p1a: Gardevoir|Magic Bounce|[from] ability: Trace|[of] p2a: Sableye
|move|p2a: Sableye|Foul Play|p1a: Gardevoir
|-damage|p1a: Gardevoir|184\/278
|
|-heal|p1a: Gardevoir|201\/278|[from] item: Leftovers
|turn|9
|c|+Jukain|aint that bad
|
|switch|p2a: Bronzong|Bronzong|215\/337
|move|p1a: Gardevoir|Moonblast|p2a: Bronzong
|-resisted|p2a: Bronzong
|-damage|p2a: Bronzong|160\/337
|
|-heal|p1a: Gardevoir|218\/278|[from] item: Leftovers
|turn|10
|c|+Jukain|lolol trace bounce
|c|+Jukain|not even bad
|
|switch|p1a: Ferrothorn|Ferrothorn, F|327\/352
|move|p2a: Bronzong|Rest|p2a: Bronzong
|-status|p2a: Bronzong|slp
|-heal|p2a: Bronzong|337\/337 slp|[silent]
|-status|p2a: Bronzong|slp|[from] move: Rest
|
|turn|11
|
|switch|p2a: Sableye|Sableye-Mega, M|303\/303
|switch|p1a: Rotom-Wash|Rotom-Wash|304\/304
|
|turn|12
|
|move|p1a: Rotom-Wash|Volt Switch|p2a: Sableye
|-damage|p2a: Sableye|140\/303
|
|switch|p1a: Gardevoir|Gardevoir, F|218\/278
|-ability|p1a: Gardevoir|Magic Bounce|[from] ability: Trace|[of] p2a: Sableye
|move|p2a: Sableye|Knock Off|p1a: Gardevoir
|-damage|p1a: Gardevoir|86\/278
|-enditem|p1a: Gardevoir|Leftovers|[from] move: Knock Off|[of] p2a: Sableye
|
|turn|13
|c|âI ABR I|sigh
|c|âI ABR I|great players
|c|+Jukain|lol
|c| Plz time stall (ã)|lo
|c|âI ABR I|everywhere i turn
|
|switch|p2a: Bronzong|Bronzong|337\/337 slp
|move|p1a: Gardevoir|Moonblast|p2a: Bronzong
|-resisted|p2a: Bronzong
|-damage|p2a: Bronzong|281\/337 slp
|
|turn|14
|join|sugarhigh
|
|switch|p1a: Scizor|Scizor, M|344\/344
|cant|p2a: Bronzong|slp
|move|p2a: Bronzong|Sleep Talk|p2a: Bronzong
|move|p2a: Bronzong|Iron Head|p1a: Scizor|[from]Sleep Talk
|-crit|p1a: Scizor
|-resisted|p1a: Scizor
|-damage|p1a: Scizor|278\/344
|
|turn|15
|c| Ol'DirtyHabastard|WTF why did it take so much???
|c|âI ABR I|specs
|c| IAmGingy|specs
|c| Ol'DirtyHabastard|the volt switch 
|c| IAmGingy|tom
|
|switch|p2a: Skarmory|Skarmory, M|333\/333
|move|p1a: Scizor|U-turn|p2a: Skarmory
|-resisted|p2a: Skarmory
|-damage|p2a: Skarmory|306\/333
|c|+Jukain|lol
|c| Ol'DirtyHabastard|oh shit
|c|+Jukain|sad part is
|
|switch|p1a: Rotom-Wash|Rotom-Wash|304\/304
|
|turn|16
|c|âI ABR I|is he fucking
|c|+Jukain|this niggas like
|c|âI ABR I|all choiced
|c|+Jukain|#1
|c|+Jukain|on the ladder
|c| IAmGingy|i think this is pretty funny
|
|switch|p2a: Bronzong|Bronzong|281\/337 slp
|move|p1a: Rotom-Wash|Volt Switch|p2a: Bronzong
|-damage|p2a: Bronzong|172\/337 slp
|c|âI ABR I|this isnt funny
|
|switch|p1a: Scizor|Scizor, M|278\/344
|
|turn|17
|
|move|p1a: Scizor|Knock Off|p2a: Bronzong
|-supereffective|p2a: Bronzong
|-damage|p2a: Bronzong|0 fnt
|-enditem|p2a: Bronzong|Choice Scarf|[from] move: Knock Off|[of] p1a: Scizor
|faint|p2a: Bronzong
|
|c|+Jukain|lo
|
|switch|p2a: Sableye|Sableye-Mega, M|140\/303
|turn|18
|c|+Jukain|l
|c|+Jukain|this is over
|
|switch|p1a: Ferrothorn|Ferrothorn, F|327\/352
|move|p2a: Sableye|Recover|p2a: Sableye
|-heal|p2a: Sableye|292\/303
|
|turn|19
|c| Plz time stall (ã)|loolol
|c|âI ABR I|i cant
|c|+Jukain|:]
|c| IAmGingy|sis puella magi!	1757	
|
|switch|p1a: Rotom-Wash|Rotom-Wash|304\/304
|move|p2a: Sableye|Knock Off|p1a: Rotom-Wash
|-damage|p1a: Rotom-Wash|205\/304
|-enditem|p1a: Rotom-Wash|Choice Specs|[from] move: Knock Off|[of] p2a: Sableye
|
|turn|20
|
|move|p1a: Rotom-Wash|Volt Switch|p2a: Sableye
|-damage|p2a: Sableye|192\/303
|c| Plz time stall (ã)|specs
|c| Plz time stall (ã)|ftw
|
|switch|p1a: Gardevoir|Gardevoir, F|86\/278
|-ability|p1a: Gardevoir|Magic Bounce|[from] ability: Trace|[of] p2a: Sableye
|move|p2a: Sableye|Recover|p2a: Sableye
|-heal|p2a: Sableye|303\/303
|
|turn|21
|c| IAmGingy|doesnt
|c| IAmGingy|diancie
|c|âI ABR I|n
|c| IAmGingy|6-0 w\/o zong
|c|+Jukain|he need to get in diancie free
|c| IAmGingy|well
|c| IAmGingy|there
|leave|lt8m xtra
|c|âI ABR I|also uh
|join|craing ;_;
|c| IAmGingy|was his chance
|c|âI ABR I|sylv walls it
|c|+Jukain|he has diamond storm
|c|+Jukain|imo
|c|+Jukain|not a wall...
|c| Ol'DirtyHabastard|or cm psyshock
|
|switch|p2a: Sylveon|Sylveon, M|393\/393
|move|p1a: Gardevoir|Trick|p2a: Sylveon
|-activate|p1a: Gardevoir|move: Trick|[of] p2a: Sylveon
|-item|p1a: Gardevoir|Leftovers|[from] move: Trick
|
|-heal|p1a: Gardevoir|103\/278|[from] item: Leftovers
|turn|22
|
|move|p1a: Gardevoir|Psyshock|p2a: Sylveon
|-damage|p2a: Sylveon|203\/393
|move|p2a: Sylveon|Wish|p2a: Sylveon
|
|-heal|p1a: Gardevoir|120\/278|[from] item: Leftovers
|turn|23
|c| IAmGingy|this mans just taking
|c| IAmGingy|ur items
|
|move|p1a: Gardevoir|Psyshock|p2a: Sylveon
|-damage|p2a: Sylveon|0 fnt
|faint|p2a: Sylveon
|
|-heal|p1a: Gardevoir|137\/278|[from] item: Leftovers
|c|âI ABR I|those rolls
|c| IAmGingy|like nobodys buisness
|
|switch|p2a: Skarmory|Skarmory, M|306\/333
|turn|24
|c| IAmGingy|yumE
|
|move|p1a: Gardevoir|Moonblast|p2a: Skarmory
|-resisted|p2a: Skarmory
|-damage|p2a: Skarmory|198\/333
|move|p2a: Skarmory|Stealth Rock|p1a: Gardevoir
|move|p1a: Gardevoir|Stealth Rock|p2a: Skarmory|[from]Magic Bounce
|-sidestart|p2: I ABR I|move: Stealth Rock
|
|-heal|p1a: Gardevoir|154\/278|[from] item: Leftovers
|turn|25
|c|âI ABR I|chokes
|c|+Jukain|LO
|c|âI ABR I|hold up
|c|+Jukain|L
|c|âI ABR I|hold the fuck u
|join|daftmau5
|c|âI ABR I|fuck this
|-message|I ABR I forfeited.
|
|win|sis puella magi!
|raw|Ladder updating...
|leave|I ABR I
|player|p2
|c|âsis puella magi!|gg
|c| IAmGingy|wait
|raw|sis puella magi!'s rating: 1757 &rarr; <strong>1769<\/strong><br \/>(+12 for winning)
|raw|I ABR I's rating: 1623 &rarr; <strong>1610<\/strong><br \/>(-13 for losing)
|c| IAmGingy|what
|c| IAmGingy|happened
|leave|craing ;_;
|c| IAmGingy|dafuq
|leave|Jukain
|leave|Ol'DirtyHabastard
|c| Plz time stall (ã)|wtf
|join|starmaster
|leave|IAmGingy
|leave|Plz time stall (ã)
|leave|sugarhigh
|leave|starmaster