|join|I ABR I
|join|not_forgotten
|player|p1|I ABR I|290
|player|p2|not_forgotten|162
|gametype|singles
|gen|6
|tier|OU
|rated
|clearpoke
|poke|p1|Jirachi
|poke|p1|Politoed, M
|poke|p1|Terrakion
|poke|p1|Kingdra, M
|poke|p1|Seismitoad, M
|poke|p1|Altaria, M
|poke|p2|Gardevoir, F
|poke|p2|Landorus-Therian, M
|poke|p2|Mandibuzz, F
|poke|p2|Lanturn, M
|poke|p2|Dragalge, M, shiny
|poke|p2|Scizor, M
|rule|Swagger Clause: Swagger is banned
|rule|Baton Pass Clause: Limit one PokÃ©mon knowing Baton Pass
|rule|Sleep Clause Mod: Limit one foe put to sleep
|rule|Species Clause: Limit one of each PokÃ©mon
|rule|OHKO Clause: OHKO moves are banned
|rule|Moody Clause: Moody is banned
|rule|Evasion Moves Clause: Evasion moves are banned
|rule|Endless Battle Clause: Forcing endless battles is banned
|rule|HP Percentage Mod: HP is shown in percentages
|teampreview
|
|start
|switch|p1a: Jirachi|Jirachi|351\/351
|switch|p2a: Scizor|Scizor, M|343\/343
|turn|1
|
|move|p1a: Jirachi|U-turn|p2a: Scizor
|-resisted|p2a: Scizor
|-damage|p2a: Scizor|311\/343
|join|Super Mario Bros
|
|switch|p1a: Terrakion|Terrakion|323\/323
|move|p2a: Scizor|Knock Off|p1a: Terrakion
|-resisted|p1a: Terrakion
|-damage|p1a: Terrakion|219\/323
|-boost|p1a: Terrakion|atk|1|[from] ability: Justified
|-enditem|p1a: Terrakion|Focus Sash|[from] move: Knock Off|[of] p2a: Scizor
|
|turn|2
|join|Squirrelll
|
|switch|p2a: Landorus-Therian|Landorus-Therian, M|382\/382
|-ability|p2a: Landorus-Therian|Intimidate|[of] p1a: Terrakion
|-unboost|p1a: Terrakion|atk|1
|move|p1a: Terrakion|Stealth Rock|p2a: Landorus-Therian
|-sidestart|p2: not_forgotten|move: Stealth Rock
|
|turn|3
|
|move|p1a: Terrakion|Taunt|p2a: Landorus-Therian
|-start|p2a: Landorus-Therian|move: Taunt
|cant|p2a: Landorus-Therian|move: Taunt|Stealth Rock
|
|turn|4
|
|switch|p1a: Politoed|Politoed, M|383\/383
|-weather|RainDance
|move|p2a: Landorus-Therian|Earthquake|p1a: Politoed
|-damage|p1a: Politoed|184\/383
|
|-weather|RainDance|[upkeep]
|turn|5
|
|switch|p2a: Lanturn|Lanturn, M|454\/454
|-damage|p2a: Lanturn|398\/454|[from] Stealth Rock
|switch|p1a: Seismitoad|Seismitoad, M|351\/351
|
|-weather|RainDance|[upkeep]
|-heal|p2a: Lanturn|426\/454|[from] item: Leftovers
|turn|6
|
|switch|p2a: Mandibuzz|Mandibuzz, F|424\/424
|-damage|p2a: Mandibuzz|318\/424|[from] Stealth Rock
|move|p1a: Seismitoad|Surf|p2a: Mandibuzz
|-damage|p2a: Mandibuzz|61\/424
|-damage|p1a: Seismitoad|316\/351|[from] item: Life Orb
|
|-weather|RainDance|[upkeep]
|-heal|p2a: Mandibuzz|87\/424|[from] item: Leftovers
|turn|7
|
|move|p1a: Seismitoad|Surf|p2a: Mandibuzz
|-damage|p2a: Mandibuzz|0 fnt
|-damage|p1a: Seismitoad|281\/351|[from] item: Life Orb
|faint|p2a: Mandibuzz
|
|-weather|RainDance|[upkeep]
|
|switch|p2a: Lanturn|Lanturn, M|426\/454
|-damage|p2a: Lanturn|370\/454|[from] Stealth Rock
|turn|8
|
|move|p1a: Seismitoad|Earth Power|p2a: Lanturn
|-supereffective|p2a: Lanturn
|-damage|p2a: Lanturn|87\/454
|-unboost|p2a: Lanturn|spd|1
|-damage|p1a: Seismitoad|246\/351|[from] item: Life Orb
|move|p2a: Lanturn|Scald|p1a: Seismitoad
|-damage|p1a: Seismitoad|101\/351
|
|-weather|RainDance|[upkeep]
|-heal|p2a: Lanturn|115\/454|[from] item: Leftovers
|turn|9
|
|move|p1a: Seismitoad|Earth Power|p2a: Lanturn
|-supereffective|p2a: Lanturn
|-damage|p2a: Lanturn|0 fnt
|-damage|p1a: Seismitoad|66\/351|[from] item: Life Orb
|faint|p2a: Lanturn
|
|-weather|RainDance|[upkeep]
|
|switch|p2a: Scizor|Scizor, M|311\/343
|-damage|p2a: Scizor|269\/343|[from] Stealth Rock
|turn|10
|
|switch|p1a: Jirachi|Jirachi|351\/351
|move|p2a: Scizor|Bullet Punch|p1a: Jirachi
|-resisted|p1a: Jirachi
|-damage|p1a: Jirachi|257\/351
|
|-weather|RainDance|[upkeep]
|turn|11
|
|switch|p2a: Landorus-Therian|Landorus-Therian, M|382\/382
|-damage|p2a: Landorus-Therian|335\/382|[from] Stealth Rock
|-ability|p2a: Landorus-Therian|Intimidate|[of] p1a: Jirachi
|-unboost|p1a: Jirachi|atk|1
|move|p1a: Jirachi|Healing Wish|p1a: Jirachi
|faint|p1a: Jirachi
|
|-weather|none
|-heal|p2a: Landorus-Therian|358\/382|[from] item: Leftovers
|
|switch|p1a: Seismitoad|Seismitoad, M|66\/351
|-heal|p1a: Seismitoad|351\/351|[from] move: Healing Wish
|turn|12
|
|switch|p1a: Politoed|Politoed, M|184\/383
|-weather|RainDance
|move|p2a: Landorus-Therian|Earthquake|p1a: Politoed
|-damage|p1a: Politoed|0 fnt
|faint|p1a: Politoed
|
|-weather|RainDance|[upkeep]
|-heal|p2a: Landorus-Therian|381\/382|[from] item: Leftovers
|
|switch|p1a: Kingdra|Kingdra, M|301\/301
|turn|13
|
|move|p1a: Kingdra|Surf|p2a: Landorus-Therian
|-supereffective|p2a: Landorus-Therian
|-damage|p2a: Landorus-Therian|0 fnt
|faint|p2a: Landorus-Therian
|
|-weather|RainDance|[upkeep]
|
|switch|p2a: Dragalge|Dragalge, M, shiny|298\/298
|-damage|p2a: Dragalge|261\/298|[from] Stealth Rock
|turn|14
|
|move|p1a: Kingdra|Surf|p2a: Dragalge
|-resisted|p2a: Dragalge
|-damage|p2a: Dragalge|131\/298
|move|p2a: Dragalge|Draco Meteor|p1a: Kingdra
|-supereffective|p1a: Kingdra
|-damage|p1a: Kingdra|0 fnt
|-unboost|p2a: Dragalge|spa|2
|faint|p1a: Kingdra
|
|-weather|RainDance|[upkeep]
|
|switch|p1a: Terrakion|Terrakion|219\/323
|turn|15
|
|move|p1a: Terrakion|Stone Edge|p2a: Dragalge
|-damage|p2a: Dragalge|0 fnt
|faint|p2a: Dragalge
|
|-weather|RainDance|[upkeep]
|
|switch|p2a: Scizor|Scizor, M|269\/343
|-damage|p2a: Scizor|227\/343|[from] Stealth Rock
|turn|16
|
|switch|p1a: Altaria|Altaria, M|301\/301
|move|p2a: Scizor|Bullet Punch|p1a: Altaria
|-damage|p1a: Altaria|124\/301
|
|-weather|RainDance|[upkeep]
|turn|17
|
|move|p2a: Scizor|Bullet Punch|p1a: Altaria
|-damage|p1a: Altaria|0 fnt
|faint|p1a: Altaria
|
|-weather|RainDance|[upkeep]
|
|switch|p1a: Seismitoad|Seismitoad, M|351\/351
|turn|18
|
|switch|p2a: Gardevoir|Gardevoir, F|283\/283
|-damage|p2a: Gardevoir|248\/283|[from] Stealth Rock
|-ability|p2a: Gardevoir|Swift Swim|[from] ability: Trace|[of] p1a: Seismitoad
|move|p1a: Seismitoad|Surf|p2a: Gardevoir
|-damage|p2a: Gardevoir|32\/283
|-damage|p1a: Seismitoad|316\/351|[from] item: Life Orb
|
|-weather|RainDance|[upkeep]
|turn|19
|
|detailschange|p2a: Gardevoir|Gardevoir-Mega, F
|message|Gardevoir has Mega Evolved into Mega Gardevoir!
|move|p2a: Gardevoir|Hyper Voice|p1a: Seismitoad
|-damage|p1a: Seismitoad|19\/351
|move|p1a: Seismitoad|Surf|p2a: Gardevoir
|-damage|p2a: Gardevoir|0 fnt
|-damage|p1a: Seismitoad|0 fnt|[from] item: Life Orb
|faint|p2a: Gardevoir
|faint|p1a: Seismitoad
|
|-weather|none
|-message|I ABR I forfeited.
|
|win|not_forgotten
|raw|Ladder updating...
|leave|I ABR I
|player|p1