|join|much professional
|join|I ABR I
|player|p1|much professional|266
|player|p2|I ABR I|291
|gametype|singles
|gen|6
|tier|OU
|rated
|clearpoke
|poke|p1|Latias, F
|poke|p1|Espeon, M
|poke|p1|Xatu, M
|poke|p1|Clefable, M
|poke|p1|Manaphy
|poke|p1|Scolipede, M
|poke|p2|Diggersby, M, shiny
|poke|p2|Scizor, M
|poke|p2|Latios, M
|poke|p2|Landorus, M
|poke|p2|Breloom, M
|poke|p2|Heatran, M
|rule|Swagger Clause: Swagger is banned
|rule|Baton Pass Clause: Limit one PokÃ©mon knowing Baton Pass
|rule|Sleep Clause Mod: Limit one foe put to sleep
|rule|Species Clause: Limit one of each PokÃ©mon
|rule|OHKO Clause: OHKO moves are banned
|rule|Moody Clause: Moody is banned
|rule|Evasion Moves Clause: Evasion moves are banned
|rule|Endless Battle Clause: Forcing endless battles is banned
|rule|HP Percentage Mod: HP is shown in percentages
|teampreview
|join|SeventyFive
|c|âI ABR I|nigga
|c| SeventyFive|oh my
|c|âI ABR I|y u so gay
|c| SeventyFive|nigga
|join|Gizmo
|join|Flan76
|c| SeventyFive|gtfo
|
|start
|switch|p1a: Scolipede|Scolipede, M|323\/323
|switch|p2a: Heatran|Heatran, M|323\/323
|-item|p2a: Heatran|Air Balloon
|turn|1
|join|WECAMEASROMANS
|
|move|p1a: Scolipede|Substitute|p1a: Scolipede
|-start|p1a: Scolipede|Substitute
|-damage|p1a: Scolipede|243\/323
|move|p2a: Heatran|Stealth Rock|p1a: Scolipede
|-sidestart|p1: much professional|move: Stealth Rock
|
|-boost|p1a: Scolipede|spe|1|[from] ability: Speed Boost
|turn|2
|
|move|p1a: Scolipede|Protect|p1a: Scolipede
|-singleturn|p1a: Scolipede|Protect
|move|p2a: Heatran|Lava Plume|p1a: Scolipede
|-activate|p1a: Scolipede|Protect
|
|-boost|p1a: Scolipede|spe|1|[from] ability: Speed Boost
|turn|3
|c| SeventyFive|have u ever asked ur bitch for other bitches?
|
|move|p1a: Scolipede|Iron Defense|p1a: Scolipede
|-boost|p1a: Scolipede|def|2
|move|p2a: Heatran|Lava Plume|p1a: Scolipede
|-crit|p1a: Scolipede
|-supereffective|p1a: Scolipede
|-end|p1a: Scolipede|Substitute
|
|-boost|p1a: Scolipede|spe|1|[from] ability: Speed Boost
|turn|4
|c|âI ABR I|this is gay shit
|c|âI ABR I|imho tbh
|c|âI ABR I|js
|
|switch|p2a: Breloom|Breloom, M|261\/261
|move|p1a: Scolipede|Baton Pass|p1a: Scolipede
|
|switch|p1a: Latias|Latias, F|363\/363
|-damage|p1a: Latias|318\/363|[from] Stealth Rock
|
|turn|5
|
|detailschange|p1a: Latias|Latias-Mega, F
|message|Latias has Mega Evolved into Mega Latias!
|move|p1a: Latias|Substitute|p1a: Latias
|-start|p1a: Latias|Substitute
|-damage|p1a: Latias|228\/363
|move|p2a: Breloom|Rock Tomb|p1a: Latias
|-activate|p1a: Latias|Substitute|[damage]
|
|turn|6
|
|move|p1a: Latias|Calm Mind|p1a: Latias
|-boost|p1a: Latias|spa|1
|-boost|p1a: Latias|spd|1
|move|p2a: Breloom|Swords Dance|p2a: Breloom
|-boost|p2a: Breloom|atk|2
|
|turn|7
|
|move|p1a: Latias|Stored Power|p2a: Breloom
|-supereffective|p2a: Breloom
|-enditem|p2a: Breloom|Focus Sash
|-damage|p2a: Breloom|1\/261
|move|p2a: Breloom|Bullet Seed|p1a: Latias
|-resisted|p1a: Latias
|-activate|p1a: Latias|Substitute|[damage]
|-resisted|p1a: Latias
|-activate|p1a: Latias|Substitute|[damage]
|-resisted|p1a: Latias
|-end|p1a: Latias|Substitute
|-hitcount|p1a: Latias|3
|
|turn|8
|c| WECAMEASROMANS|woah what
|c| WECAMEASROMANS|abr
|c| WECAMEASROMANS|what kinda set is that
|c|âI ABR I|?
|c|âI ABR I|sash sd
|c| WECAMEASROMANS|sd + rock tomb?
|c|âI ABR I|no spore
|c|âmuch professional|cool set
|c|âI ABR I|ty
|c|âI ABR I|but ur still a big ol poopyhead
|c|âmuch professional|i personally like spore
|
|move|p1a: Latias|Substitute|p1a: Latias
|-start|p1a: Latias|Substitute
|-damage|p1a: Latias|138\/363
|move|p2a: Breloom|Bullet Seed|p1a: Latias
|-resisted|p1a: Latias
|-activate|p1a: Latias|Substitute|[damage]
|-resisted|p1a: Latias
|-activate|p1a: Latias|Substitute|[damage]
|-hitcount|p1a: Latias|2
|
|turn|9
|join|Ox the Fox
|
|move|p2a: Breloom|Mach Punch|p1a: Latias
|-resisted|p1a: Latias
|-activate|p1a: Latias|Substitute|[damage]
|move|p1a: Latias|Roost|p1a: Latias
|-heal|p1a: Latias|320\/363
|
|turn|10
|c| Flan76|.
|c|âI ABR I|what
|join|Murkrow Jupiter
|c| Flan76|.
|
|move|p1a: Latias|Calm Mind|p1a: Latias
|-boost|p1a: Latias|spa|1
|-boost|p1a: Latias|spd|1
|move|p2a: Breloom|Bullet Seed|p1a: Latias
|-resisted|p1a: Latias
|-end|p1a: Latias|Substitute
|-resisted|p1a: Latias
|-damage|p1a: Latias|295\/363
|-hitcount|p1a: Latias|2
|
|turn|11
|c| Ox the Fox|FUCK YOU MUCH PROJESSIONAL
|
|move|p1a: Latias|Substitute|p1a: Latias
|-start|p1a: Latias|Substitute
|-damage|p1a: Latias|205\/363
|move|p2a: Breloom|Rock Tomb|p1a: Latias
|-activate|p1a: Latias|Substitute|[damage]
|
|turn|12
|c| Ox the Fox|chomp on a dick
|c|âI ABR I|this is
|c|âI ABR I|gay shit
|
|move|p2a: Breloom|Mach Punch|p1a: Latias
|-resisted|p1a: Latias
|-end|p1a: Latias|Substitute
|move|p1a: Latias|Stored Power|p2a: Breloom
|-supereffective|p2a: Breloom
|-damage|p2a: Breloom|0 fnt
|faint|p2a: Breloom
|
|c|âmuch professional|oh hey
|c|âI ABR I|ngl
|c|âmuch professional|ox the fox
|c| Ox the Fox|hi
|c|âmuch professional|long time no battle
|c| Ox the Fox|yup
|
|switch|p2a: Latios|Latios, M|301\/301
|turn|13
|c| Ox the Fox|i rekt u
|
|move|p1a: Latias|Substitute|p1a: Latias
|-start|p1a: Latias|Substitute
|-damage|p1a: Latias|115\/363
|move|p2a: Latios|Memento|p1a: Latias
|
|turn|14
|c| Ox the Fox|noob
|c|âI ABR I|fuck
|c| Ox the Fox|lol
|c| WECAMEASROMANS|HAHAHAHA
|c| Flan76|lolololl
|-message|I ABR I forfeited.
|
|move|p1a: Latias|Stored Power|p2a: Latios
|-resisted|p2a: Latios
|-damage|p2a: Latios|5\/301
|move|p2a: Latios|Memento|p1a: Latias
|
|turn|15
|leave|I ABR I
|
|win|much professional
|raw|Ladder updating...
|player|p2
|c| Ox the Fox|abr i always beat this fool
|c|âmuch professional|lol
|c| Flan76|-
|leave|WECAMEASROMANS
|c| Ox the Fox|hnng
|leave|Ox the Fox
|c|âmuch professional|gg
|raw|much professional's rating: 1753 &rarr; <strong>1772<\/strong><br \/>(+19 for winning)
|raw|I ABR I's rating: 1744 &rarr; <strong>1725<\/strong><br \/>(-19 for losing)
|leave|Flan76
|leave|much professional
|player|p1
|join|Flan76
|leave|Flan76
|leave|SeventyFive