|join|I ABR I
|join|robofiend
|player|p1|I ABR I|291
|player|p2|robofiend|51
|gametype|singles
|gen|6
|tier|OU
|rated
|clearpoke
|poke|p1|Sableye, M
|poke|p1|Clefable, M
|poke|p1|Starmie
|poke|p1|Bronzong
|poke|p1|Azumarill, M
|poke|p1|Shaymin
|poke|p2|Landorus-Therian, M
|poke|p2|Keldeo
|poke|p2|Heatran, F
|poke|p2|Talonflame, M
|poke|p2|Metagross
|poke|p2|Rotom-Wash
|rule|Swagger Clause: Swagger is banned
|rule|Baton Pass Clause: Limit one PokÃ©mon knowing Baton Pass
|rule|Sleep Clause Mod: Limit one foe put to sleep
|rule|Species Clause: Limit one of each PokÃ©mon
|rule|OHKO Clause: OHKO moves are banned
|rule|Moody Clause: Moody is banned
|rule|Evasion Moves Clause: Evasion moves are banned
|rule|Endless Battle Clause: Forcing endless battles is banned
|rule|HP Percentage Mod: HP is shown in percentages
|teampreview
|
|start
|switch|p1a: Bronzong|Bronzong|336\/336
|switch|p2a: Landorus-Therian|Landorus-Therian, M|320\/320
|-ability|p2a: Landorus-Therian|Intimidate|[of] p1a: Bronzong
|-unboost|p1a: Bronzong|atk|1
|turn|1
|
|move|p2a: Landorus-Therian|Knock Off|p1a: Bronzong
|-supereffective|p1a: Bronzong
|-damage|p1a: Bronzong|112\/336
|-enditem|p1a: Bronzong|Leftovers|[from] move: Knock Off|[of] p2a: Landorus-Therian
|move|p1a: Bronzong|Stealth Rock|p2a: Landorus-Therian
|-sidestart|p2: robofiend|move: Stealth Rock
|
|turn|2
|
|switch|p1a: Sableye|Sableye, M|303\/303
|move|p2a: Landorus-Therian|Knock Off|p1a: Sableye
|-damage|p1a: Sableye|212\/303
|
|turn|3
|
|switch|p2a: Heatran|Heatran, F|386\/386
|-damage|p2a: Heatran|338\/386|[from] Stealth Rock
|detailschange|p1a: Sableye|Sableye-Mega, M
|message|Sableye has Mega Evolved into Mega Sableye!
|move|p1a: Sableye|Recover|p1a: Sableye
|-heal|p1a: Sableye|303\/303
|
|-heal|p2a: Heatran|362\/386|[from] item: Leftovers
|turn|4
|join|daftmau5
|join|Squirrelll
|join|ollopa
|
|switch|p1a: Starmie|Starmie|323\/323
|move|p2a: Heatran|Lava Plume|p1a: Starmie
|-resisted|p1a: Starmie
|-damage|p1a: Starmie|263\/323
|
|-heal|p1a: Starmie|283\/323|[from] item: Leftovers
|-heal|p2a: Heatran|386\/386|[from] item: Leftovers
|turn|5
|
|switch|p2a: Rotom-Wash|Rotom-Wash|304\/304
|-damage|p2a: Rotom-Wash|266\/304|[from] Stealth Rock
|move|p1a: Starmie|Scald|p2a: Rotom-Wash
|-resisted|p2a: Rotom-Wash
|-damage|p2a: Rotom-Wash|222\/304
|
|-heal|p1a: Starmie|303\/323|[from] item: Leftovers
|-heal|p2a: Rotom-Wash|241\/304|[from] item: Leftovers
|turn|6
|
|switch|p1a: Sableye|Sableye-Mega, M|303\/303
|move|p2a: Rotom-Wash|Volt Switch|p1a: Sableye
|-damage|p1a: Sableye|234\/303
|c|ârobofiend|...
|c|âI ABR I|what
|
|switch|p2a: Landorus-Therian|Landorus-Therian, M|320\/320
|-damage|p2a: Landorus-Therian|280\/320|[from] Stealth Rock
|-ability|p2a: Landorus-Therian|Intimidate|[of] p1a: Sableye
|-unboost|p1a: Sableye|atk|1
|
|turn|7
|
|move|p2a: Landorus-Therian|U-turn|p1a: Sableye
|-damage|p1a: Sableye|167\/303
|c|âI ABR I|that made sense.
|
|switch|p2a: Heatran|Heatran, F|386\/386
|-damage|p2a: Heatran|338\/386|[from] Stealth Rock
|move|p1a: Sableye|Recover|p1a: Sableye
|-heal|p1a: Sableye|303\/303
|
|-heal|p2a: Heatran|362\/386|[from] item: Leftovers
|turn|8
|c|ârobofiend|slow goin
|c|ârobofiend|eh
|
|switch|p1a: Starmie|Starmie|303\/323
|move|p2a: Heatran|Lava Plume|p1a: Starmie
|-resisted|p1a: Starmie
|-damage|p1a: Starmie|249\/323
|
|-heal|p1a: Starmie|269\/323|[from] item: Leftovers
|-heal|p2a: Heatran|386\/386|[from] item: Leftovers
|turn|9
|
|move|p1a: Starmie|Scald|p2a: Heatran
|-supereffective|p2a: Heatran
|-damage|p2a: Heatran|246\/386
|move|p2a: Heatran|Lava Plume|p1a: Starmie
|-resisted|p1a: Starmie
|-damage|p1a: Starmie|211\/323
|-status|p1a: Starmie|brn
|
|-heal|p1a: Starmie|231\/323 brn|[from] item: Leftovers
|-heal|p2a: Heatran|270\/386|[from] item: Leftovers
|-damage|p1a: Starmie|191\/323 brn|[from] brn
|turn|10
|join|Bulky Deoxys-A
|
|move|p1a: Starmie|Recover|p1a: Starmie
|-heal|p1a: Starmie|323\/323 brn
|move|p2a: Heatran|Lava Plume|p1a: Starmie
|-resisted|p1a: Starmie
|-damage|p1a: Starmie|271\/323 brn
|
|-heal|p1a: Starmie|291\/323 brn|[from] item: Leftovers
|-heal|p2a: Heatran|294\/386|[from] item: Leftovers
|-damage|p1a: Starmie|251\/323 brn|[from] brn
|turn|11
|
|switch|p2a: Rotom-Wash|Rotom-Wash|241\/304
|-damage|p2a: Rotom-Wash|203\/304|[from] Stealth Rock
|move|p1a: Starmie|Scald|p2a: Rotom-Wash
|-resisted|p2a: Rotom-Wash
|-damage|p2a: Rotom-Wash|166\/304
|
|-heal|p1a: Starmie|271\/323 brn|[from] item: Leftovers
|-heal|p2a: Rotom-Wash|185\/304|[from] item: Leftovers
|-damage|p1a: Starmie|231\/323 brn|[from] brn
|turn|12
|
|switch|p1a: Sableye|Sableye-Mega, M|303\/303
|move|p2a: Rotom-Wash|Pain Split|p1a: Sableye
|-sethp|p1a: Sableye|244\/303|p2a: Rotom-Wash|244\/304|[from] move: Pain Split
|
|-heal|p2a: Rotom-Wash|263\/304|[from] item: Leftovers
|turn|13
|
|move|p2a: Rotom-Wash|Volt Switch|p1a: Sableye
|-damage|p1a: Sableye|177\/303
|
|switch|p2a: Keldeo|Keldeo|323\/323
|-damage|p2a: Keldeo|303\/323|[from] Stealth Rock
|move|p1a: Sableye|Knock Off|p2a: Keldeo
|-resisted|p2a: Keldeo
|-damage|p2a: Keldeo|246\/323
|-boost|p2a: Keldeo|atk|1|[from] ability: Justified
|-enditem|p2a: Keldeo|Choice Specs|[from] move: Knock Off|[of] p1a: Sableye
|
|turn|14
|
|switch|p1a: Starmie|Starmie|231\/323
|move|p2a: Keldeo|Hidden Power|p1a: Starmie
|-supereffective|p1a: Starmie
|-damage|p1a: Starmie|83\/323
|
|-heal|p1a: Starmie|103\/323|[from] item: Leftovers
|turn|15
|c|âI ABR I|nb
|leave|Bulky Deoxys-A
|
|switch|p1a: Clefable|Clefable, M|393\/393
|move|p2a: Keldeo|Hidden Power|p1a: Clefable
|-damage|p1a: Clefable|333\/393
|
|-heal|p1a: Clefable|357\/393|[from] item: Leftovers
|turn|16
|
|switch|p2a: Metagross|Metagross|301\/301
|-damage|p2a: Metagross|283\/301|[from] Stealth Rock
|move|p1a: Clefable|Moonblast|p2a: Metagross
|-resisted|p2a: Metagross
|-damage|p2a: Metagross|223\/301
|
|-heal|p1a: Clefable|381\/393|[from] item: Leftovers
|turn|17
|
|switch|p1a: Bronzong|Bronzong|112\/336
|detailschange|p2a: Metagross|Metagross-Mega
|message|Metagross has Mega Evolved into Mega Metagross!
|move|p2a: Metagross|Meteor Mash|p1a: Bronzong
|-resisted|p1a: Bronzong
|-damage|p1a: Bronzong|9\/336
|
|turn|18
|
|move|p2a: Metagross|Meteor Mash|p1a: Bronzong
|-resisted|p1a: Bronzong
|-damage|p1a: Bronzong|0 fnt
|faint|p1a: Bronzong
|
|c| daftmau5|nice and broken
|
|switch|p1a: Sableye|Sableye-Mega, M|177\/303
|turn|19
|c| daftmau5|by standard offence
|
|switch|p2a: Heatran|Heatran, F|294\/386
|-damage|p2a: Heatran|246\/386|[from] Stealth Rock
|move|p1a: Sableye|Recover|p1a: Sableye
|-heal|p1a: Sableye|303\/303
|
|-heal|p2a: Heatran|270\/386|[from] item: Leftovers
|turn|20
|c|âI ABR I|knocking off his specs
|c|âI ABR I|kinda hurt me
|c|âI ABR I|lol
|c| Squirrelll|no spinner talonflame sucks imo
|c|âI ABR I|no1 runs hp elec
|
|switch|p1a: Starmie|Starmie|103\/323
|move|p2a: Heatran|Lava Plume|p1a: Starmie
|-resisted|p1a: Starmie
|-damage|p1a: Starmie|43\/323
|-status|p1a: Starmie|brn
|
|-heal|p1a: Starmie|63\/323 brn|[from] item: Leftovers
|-heal|p2a: Heatran|294\/386|[from] item: Leftovers
|-damage|p1a: Starmie|23\/323 brn|[from] brn
|turn|21
|join|stazler
|c| daftmau5|specs elec is good
|c|âI ABR I|icy doe
|
|move|p1a: Starmie|Recover|p1a: Starmie
|-heal|p1a: Starmie|185\/323 brn
|move|p2a: Heatran|Earth Power|p1a: Starmie
|-damage|p1a: Starmie|97\/323 brn
|
|-heal|p1a: Starmie|117\/323 brn|[from] item: Leftovers
|-heal|p2a: Heatran|318\/386|[from] item: Leftovers
|-damage|p1a: Starmie|77\/323 brn|[from] brn
|turn|22
|c| Squirrelll|yeah icy is too good
|c|âI ABR I|letting me heal...
|
|move|p1a: Starmie|Recover|p1a: Starmie
|-heal|p1a: Starmie|239\/323 brn
|move|p2a: Heatran|Earth Power|p1a: Starmie
|-damage|p1a: Starmie|160\/323 brn
|
|-heal|p1a: Starmie|180\/323 brn|[from] item: Leftovers
|-heal|p2a: Heatran|342\/386|[from] item: Leftovers
|-damage|p1a: Starmie|140\/323 brn|[from] brn
|turn|23
|c|âI ABR I|ill take it
|
|move|p1a: Starmie|Recover|p1a: Starmie
|-heal|p1a: Starmie|302\/323 brn
|move|p2a: Heatran|Earth Power|p1a: Starmie
|-damage|p1a: Starmie|210\/323 brn
|
|-heal|p1a: Starmie|230\/323 brn|[from] item: Leftovers
|-heal|p2a: Heatran|366\/386|[from] item: Leftovers
|-damage|p1a: Starmie|190\/323 brn|[from] brn
|turn|24
|c| daftmau5|he's getting lefties back
|
|move|p1a: Starmie|Scald|p2a: Heatran
|-supereffective|p2a: Heatran
|-damage|p2a: Heatran|234\/386
|move|p2a: Heatran|Stealth Rock|p1a: Starmie
|-sidestart|p1: I ABR I|move: Stealth Rock
|
|-heal|p1a: Starmie|210\/323 brn|[from] item: Leftovers
|-heal|p2a: Heatran|258\/386|[from] item: Leftovers
|-damage|p1a: Starmie|170\/323 brn|[from] brn
|turn|25
|c| daftmau5|and wasting your recover
|
|move|p1a: Starmie|Rapid Spin|p2a: Heatran
|-resisted|p2a: Heatran
|-damage|p2a: Heatran|256\/386
|-sideend|p1: I ABR I|Stealth Rock|[from] move: Rapid Spin|[of] p1a: Starmie
|move|p2a: Heatran|Earth Power|p1a: Starmie
|-damage|p1a: Starmie|84\/323 brn
|
|-heal|p1a: Starmie|104\/323 brn|[from] item: Leftovers
|-heal|p2a: Heatran|280\/386|[from] item: Leftovers
|-damage|p1a: Starmie|64\/323 brn|[from] brn
|turn|26
|c| daftmau5|0%
|c| daftmau5|lol
|c|âI ABR I|this is why
|c| Squirrelll|you need to run the reflect type
|c|âI ABR I|we need volcanion
|
|move|p1a: Starmie|Recover|p1a: Starmie
|-heal|p1a: Starmie|226\/323 brn
|move|p2a: Heatran|Stealth Rock|p1a: Starmie
|-sidestart|p1: I ABR I|move: Stealth Rock
|
|-heal|p1a: Starmie|246\/323 brn|[from] item: Leftovers
|-heal|p2a: Heatran|304\/386|[from] item: Leftovers
|-damage|p1a: Starmie|206\/323 brn|[from] brn
|turn|27
|c|âI ABR I|i also need
|c|âI ABR I|psyshock
|c|âI ABR I|for keldeo
|c|âI ABR I|lol
|
|move|p1a: Starmie|Recover|p1a: Starmie
|-heal|p1a: Starmie|323\/323 brn
|move|p2a: Heatran|Earth Power|p1a: Starmie
|-damage|p1a: Starmie|239\/323 brn
|
|-heal|p1a: Starmie|259\/323 brn|[from] item: Leftovers
|-heal|p2a: Heatran|328\/386|[from] item: Leftovers
|-damage|p1a: Starmie|219\/323 brn|[from] brn
|turn|28
|c| Squirrelll|you dont have psyshock wtf
|c| Squirrelll|lol
|c|âI ABR I|im saying
|c|âI ABR I|u cant have
|c|âI ABR I|psy and reflect
|c|âI ABR I|and reflect type here would get me killed.
|
|move|p1a: Starmie|Rapid Spin|p2a: Heatran
|-resisted|p2a: Heatran
|-damage|p2a: Heatran|326\/386
|-sideend|p1: I ABR I|Stealth Rock|[from] move: Rapid Spin|[of] p1a: Starmie
|move|p2a: Heatran|Earth Power|p1a: Starmie
|-damage|p1a: Starmie|140\/323 brn
|
|-heal|p1a: Starmie|160\/323 brn|[from] item: Leftovers
|-heal|p2a: Heatran|350\/386|[from] item: Leftovers
|-damage|p1a: Starmie|120\/323 brn|[from] brn
|turn|29
|c| daftmau5|could just run rest tenta
|c| daftmau5|instead of starmie
|
|move|p1a: Starmie|Recover|p1a: Starmie
|-heal|p1a: Starmie|282\/323 brn
|move|p2a: Heatran|Earth Power|p1a: Starmie
|-damage|p1a: Starmie|202\/323 brn
|
|-heal|p1a: Starmie|222\/323 brn|[from] item: Leftovers
|-heal|p2a: Heatran|374\/386|[from] item: Leftovers
|-damage|p1a: Starmie|182\/323 brn|[from] brn
|turn|30
|c|âI ABR I|tenta gets perma burned
|c|âI ABR I|hello
|c| daftmau5|"rest"
|c|ârobofiend|then you die to ep
|c| daftmau5|hello
|c|ârobofiend|lol rest
|c| Squirrelll|well this current start gets you kiled too lol
|c| daftmau5|but then you're not pursuit weak
|
|switch|p1a: Sableye|Sableye-Mega, M|303\/303
|move|p2a: Heatran|Stealth Rock|p1a: Sableye
|move|p1a: Sableye|Stealth Rock|p2a: Heatran|[from]Magic Bounce
|-fail|p2a: Heatran
|
|-heal|p2a: Heatran|386\/386|[from] item: Leftovers
|turn|31
|c|ârobofiend|ugh
|c| Squirrelll|strat*
|
|move|p2a: Heatran|Lava Plume|p1a: Sableye
|-damage|p1a: Sableye|207\/303
|move|p1a: Sableye|Knock Off|p2a: Heatran
|-damage|p2a: Heatran|287\/386
|-enditem|p2a: Heatran|Leftovers|[from] move: Knock Off|[of] p1a: Sableye
|
|turn|32
|c|âI ABR I|ok gg
|c|âI ABR I|whew
|
|move|p2a: Heatran|Lava Plume|p1a: Sableye
|-damage|p1a: Sableye|123\/303
|move|p1a: Sableye|Recover|p1a: Sableye
|-heal|p1a: Sableye|275\/303
|
|turn|33
|c|âI ABR I|good enough
|
|switch|p1a: Starmie|Starmie|182\/323
|move|p2a: Heatran|Lava Plume|p1a: Starmie
|-resisted|p1a: Starmie
|-damage|p1a: Starmie|123\/323
|
|-heal|p1a: Starmie|143\/323|[from] item: Leftovers
|turn|34
|c| daftmau5|gottem
|
|move|p1a: Starmie|Recover|p1a: Starmie
|-heal|p1a: Starmie|305\/323
|move|p2a: Heatran|Stealth Rock|p1a: Starmie
|-sidestart|p1: I ABR I|move: Stealth Rock
|
|-heal|p1a: Starmie|323\/323|[from] item: Leftovers
|turn|35
|
|switch|p2a: Landorus-Therian|Landorus-Therian, M|280\/320
|-damage|p2a: Landorus-Therian|240\/320|[from] Stealth Rock
|-ability|p2a: Landorus-Therian|Intimidate|[of] p1a: Starmie
|-unboost|p1a: Starmie|atk|1
|move|p1a: Starmie|Rapid Spin|p2a: Landorus-Therian
|-damage|p2a: Landorus-Therian|232\/320
|-sideend|p1: I ABR I|Stealth Rock|[from] move: Rapid Spin|[of] p1a: Starmie
|
|turn|36
|
|switch|p1a: Sableye|Sableye-Mega, M|275\/303
|move|p2a: Landorus-Therian|U-turn|p1a: Sableye
|-damage|p1a: Sableye|212\/303
|
|switch|p2a: Keldeo|Keldeo|246\/323
|-damage|p2a: Keldeo|226\/323|[from] Stealth Rock
|
|turn|37
|leave|stazler
|
|switch|p1a: Starmie|Starmie|323\/323
|move|p2a: Keldeo|Scald|p1a: Starmie
|-crit|p1a: Starmie
|-resisted|p1a: Starmie
|-damage|p1a: Starmie|219\/323
|
|-heal|p1a: Starmie|239\/323|[from] item: Leftovers
|turn|38
|join|Cold Summerr
|
|move|p2a: Keldeo|Scald|p1a: Starmie
|-resisted|p1a: Starmie
|-damage|p1a: Starmie|174\/323
|move|p1a: Starmie|Psyshock|p2a: Keldeo
|-supereffective|p2a: Keldeo
|-damage|p2a: Keldeo|34\/323
|
|-heal|p1a: Starmie|194\/323|[from] item: Leftovers
|turn|39
|c| daftmau5|breh you have shaymin
|c| daftmau5|literally risked the 2hko
|c|âI ABR I|i mean
|c| daftmau5|for no reason
|
|move|p2a: Keldeo|Hidden Power|p1a: Starmie
|-supereffective|p1a: Starmie
|-damage|p1a: Starmie|52\/323
|move|p1a: Starmie|Recover|p1a: Starmie
|-heal|p1a: Starmie|214\/323
|
|-heal|p1a: Starmie|234\/323|[from] item: Leftovers
|turn|40
|c|âI ABR I|im gaining hp
|c| daftmau5|if he didn't scald
|
|move|p2a: Keldeo|Hidden Power|p1a: Starmie
|-supereffective|p1a: Starmie
|-damage|p1a: Starmie|102\/323
|move|p1a: Starmie|Recover|p1a: Starmie
|-heal|p1a: Starmie|264\/323
|
|-heal|p1a: Starmie|284\/323|[from] item: Leftovers
|turn|41
|c| daftmau5|and used hp elec twice
|c| daftmau5|you died
|c| daftmau5|was a bad play
|c|âI ABR I|ur right
|
|switch|p2a: Landorus-Therian|Landorus-Therian, M|232\/320
|-damage|p2a: Landorus-Therian|192\/320|[from] Stealth Rock
|-ability|p2a: Landorus-Therian|Intimidate|[of] p1a: Starmie
|-unboost|p1a: Starmie|atk|1
|switch|p1a: Shaymin|Shaymin|403\/403
|
|turn|42
|c|âI ABR I|i dont need shaymin
|c| daftmau5|you have the counter lol
|
|move|p2a: Landorus-Therian|U-turn|p1a: Shaymin
|-supereffective|p1a: Shaymin
|-damage|p1a: Shaymin|281\/403
|c|âI ABR I|man i check the shit
|c| daftmau5|zero
|c| daftmau5|damage
|c|âI ABR I|out of keldeo
|c|âI ABR I|lmao
|
|switch|p2a: Heatran|Heatran, F|287\/386
|-damage|p2a: Heatran|239\/386|[from] Stealth Rock
|move|p1a: Shaymin|Giga Drain|p2a: Heatran
|-resisted|p2a: Heatran
|-damage|p2a: Heatran|224\/386
|-heal|p1a: Shaymin|289\/403|[from] drain|[of] p2a: Heatran
|
|-heal|p1a: Shaymin|314\/403|[from] item: Leftovers
|turn|43
|c|âI ABR I|i have
|c|âI ABR I|4 solid checks
|c|âI ABR I|haha
|c|ârobofiend|haha
|c|ârobofiend|FUCK
|c|ârobofiend|i need to get rid of that lil pony
|
|switch|p1a: Starmie|Starmie|284\/323
|move|p2a: Heatran|Lava Plume|p1a: Starmie
|-resisted|p1a: Starmie
|-damage|p1a: Starmie|232\/323
|
|-heal|p1a: Starmie|252\/323|[from] item: Leftovers
|turn|44
|c|âI ABR I|nah
|c|âI ABR I|im just
|c|âI ABR I|super prepared
|c|âI ABR I|its not u
|
|move|p1a: Starmie|Scald|p2a: Heatran
|-supereffective|p2a: Heatran
|-damage|p2a: Heatran|80\/386
|move|p2a: Heatran|Lava Plume|p1a: Starmie
|-resisted|p1a: Starmie
|-damage|p1a: Starmie|192\/323
|
|-heal|p1a: Starmie|212\/323|[from] item: Leftovers
|turn|45
|c|ârobofiend|it's been more and more useless lately
|c| Cold Summerr|its natural cure
|c|âI ABR I|btw
|c|ârobofiend|duh
|c|ârobofiend|i lost
|c| Cold Summerr|theres no point in burning it
|c|âI ABR I|this is my meta check
|
|switch|p2a: Rotom-Wash|Rotom-Wash|263\/304
|-damage|p2a: Rotom-Wash|225\/304|[from] Stealth Rock
|move|p1a: Starmie|Scald|p2a: Rotom-Wash
|-resisted|p2a: Rotom-Wash
|-damage|p2a: Rotom-Wash|185\/304
|
|-heal|p1a: Starmie|232\/323|[from] item: Leftovers
|-heal|p2a: Rotom-Wash|204\/304|[from] item: Leftovers
|turn|46
|
|switch|p1a: Shaymin|Shaymin|314\/403
|move|p2a: Rotom-Wash|Volt Switch|p1a: Shaymin
|-resisted|p1a: Shaymin
|-damage|p1a: Shaymin|275\/403
|
|switch|p2a: Talonflame|Talonflame, M|360\/360
|-damage|p2a: Talonflame|180\/360|[from] Stealth Rock
|-enditem|p2a: Talonflame|Sitrus Berry|[eat]
|-heal|p2a: Talonflame|270\/360|[from] item: Sitrus Berry
|
|-heal|p1a: Shaymin|300\/403|[from] item: Leftovers
|turn|47
|
|switch|p1a: Azumarill|Azumarill, M|403\/403
|move|p2a: Talonflame|Swords Dance|p2a: Talonflame
|-boost|p2a: Talonflame|atk|2
|
|turn|48
|c|âI ABR I|oooo
|c|ârobofiend|OOO
|
|move|p2a: Talonflame|Acrobatics|p1a: Azumarill
|-damage|p1a: Azumarill|76\/403
|move|p1a: Azumarill|Toxic|p2a: Talonflame
|-status|p2a: Talonflame|tox
|
|-heal|p1a: Azumarill|101\/403|[from] item: Leftovers
|-damage|p2a: Talonflame|248\/360 tox|[from] psn
|turn|49
|c|âI ABR I|nb azu
|c|ârobofiend|wot
|c| daftmau5|bulked
|
|move|p2a: Talonflame|Acrobatics|p1a: Azumarill
|-crit|p1a: Azumarill
|-damage|p1a: Azumarill|0 fnt
|faint|p1a: Azumarill
|
|-damage|p2a: Talonflame|204\/360 tox|[from] psn
|c|âI ABR I|im not even
|c|âI ABR I|invested in def
|c|âI ABR I|talon is a huge threat
|c|ârobofiend|hah
|c| daftmau5|you have clef
|c| daftmau5|hello
|c|ârobofiend|lesgooo
|
|switch|p1a: Clefable|Clefable, M|381\/393
|turn|50
|
|move|p2a: Talonflame|Flare Blitz|p1a: Clefable
|-damage|p1a: Clefable|206\/393
|-damage|p2a: Talonflame|146\/360 tox|[from] recoil|[of] p1a: Clefable
|move|p1a: Clefable|Moonlight|p1a: Clefable
|-heal|p1a: Clefable|393\/393
|
|-damage|p2a: Talonflame|80\/360 tox|[from] psn
|turn|51
|c|âI ABR I|ok good enough
|c|âI ABR I|and sab beats
|c|âI ABR I|non boosting
|c|âI ABR I|so we good
|
|move|p2a: Talonflame|Flare Blitz|p1a: Clefable
|-crit|p1a: Clefable
|-damage|p1a: Clefable|125\/393
|-damage|p2a: Talonflame|0 fnt|[from] recoil|[of] p1a: Clefable
|faint|p2a: Talonflame
|move|p1a: Clefable|Moonlight|p1a: Clefable
|-heal|p1a: Clefable|321\/393
|
|-heal|p1a: Clefable|345\/393|[from] item: Leftovers
|join|Demandred
|
|switch|p2a: Metagross|Metagross-Mega|223\/301
|-damage|p2a: Metagross|205\/301|[from] Stealth Rock
|turn|52
|c| daftmau5|get the +1
|c| daftmau5|pls
|c|ârobofiend|pls die
|c|âI ABR I|gottem
|c| daftmau5|i believe in you robofiend
|
|move|p2a: Metagross|Meteor Mash|p1a: Clefable
|-crit|p1a: Clefable
|-supereffective|p1a: Clefable
|-damage|p1a: Clefable|0 fnt
|faint|p1a: Clefable
|
|c| daftmau5|the +1 is incoming
|
|switch|p1a: Starmie|Starmie|232\/323
|turn|53
|c|ârobofiend|damn
|
|switch|p2a: Rotom-Wash|Rotom-Wash|204\/304
|-damage|p2a: Rotom-Wash|166\/304|[from] Stealth Rock
|move|p1a: Starmie|Scald|p2a: Rotom-Wash
|-resisted|p2a: Rotom-Wash
|-damage|p2a: Rotom-Wash|123\/304
|
|-heal|p1a: Starmie|252\/323|[from] item: Leftovers
|-heal|p2a: Rotom-Wash|142\/304|[from] item: Leftovers
|turn|54
|c|âI ABR I|i have the counter
|c|âI ABR I|idt he can 3hko me
|join|1bundesliga
|c|ârobofiend|is your star phys defensive
|c|âI ABR I|it has
|c|âI ABR I|248 hp
|c|âI ABR I|100+ def
|c|âI ABR I|160 spdef
|c|ârobofiend|aha
|c|ârobofiend|maybe i'll swap scrotom
|c|ârobofiend|or smelldeo
|c| daftmau5|if you switch into mash and he gets the +1 next time
|c|âI ABR I|yo
|c|âI ABR I|even at +1
|c|âI ABR I|idt he can 2hko me
|c| daftmau5|like mash + eq?
|c|ârobofiend|calc or gtfo
|c|âI ABR I|eq
|c|âI ABR I|it does under 35 every time
|c|âI ABR I|iirc
|c| daftmau5|just zen headbutt flinch
|c| daftmau5|problem solved
|c|âI ABR I|itll do
|c|âI ABR I|literally 20
|c| daftmau5|timered
|
|switch|p1a: Sableye|Sableye-Mega, M|212\/303
|move|p2a: Rotom-Wash|Volt Switch|p1a: Sableye
|-damage|p1a: Sableye|146\/303
|c|ârobofiend|psych
|c|ârobofiend|gottum
|c|âI ABR I|dont do that
|c| daftmau5|alright catch this mash
|c| daftmau5|and get the +1
|c| daftmau5|we gotta find out
|c|ârobofiend|sorry was doing calcs
|c|âI ABR I|im telling u
|
|switch|p2a: Metagross|Metagross-Mega|205\/301
|-damage|p2a: Metagross|187\/301|[from] Stealth Rock
|
|turn|55
|c|âI ABR I|it wont matter
|c|ârobofiend|it will
|c|âI ABR I|pls trust me
|
|move|p2a: Metagross|Meteor Mash|p1a: Sableye
|-damage|p1a: Sableye|0 fnt
|faint|p1a: Sableye
|
|
|switch|p1a: Starmie|Starmie|252\/323
|turn|56
|c|ârobofiend|uhhgg
|c|âI ABR I|use eq
|c|âI ABR I|find out
|c|âI ABR I|ur faster
|c|ârobofiend|i already checked
|
|switch|p2a: Heatran|Heatran, F|80\/386
|-damage|p2a: Heatran|32\/386|[from] Stealth Rock
|move|p1a: Starmie|Scald|p2a: Heatran
|-supereffective|p2a: Heatran
|-damage|p2a: Heatran|0 fnt
|faint|p2a: Heatran
|
|-heal|p1a: Starmie|272\/323|[from] item: Leftovers
|c|ârobofiend|i lose
|c|âI ABR I|how much does eq do
|c|âI ABR I|35 max?
|c|ârobofiend|35 avg
|
|switch|p2a: Landorus-Therian|Landorus-Therian, M|192\/320
|-damage|p2a: Landorus-Therian|152\/320|[from] Stealth Rock
|-ability|p2a: Landorus-Therian|Intimidate|[of] p1a: Starmie
|-unboost|p1a: Starmie|atk|1
|turn|57
|c|âI ABR I|nb
|
|switch|p1a: Shaymin|Shaymin|300\/403
|move|p2a: Landorus-Therian|Knock Off|p1a: Shaymin
|-damage|p1a: Shaymin|214\/403
|-enditem|p1a: Shaymin|Leftovers|[from] move: Knock Off|[of] p2a: Landorus-Therian
|
|turn|58
|
|switch|p2a: Keldeo|Keldeo|34\/323
|-damage|p2a: Keldeo|14\/323|[from] Stealth Rock
|move|p1a: Shaymin|Giga Drain|p2a: Keldeo
|-supereffective|p2a: Keldeo
|-damage|p2a: Keldeo|0 fnt
|-heal|p1a: Shaymin|221\/403|[from] drain|[of] p2a: Keldeo
|faint|p2a: Keldeo
|
|
|switch|p2a: Landorus-Therian|Landorus-Therian, M|152\/320
|-damage|p2a: Landorus-Therian|112\/320|[from] Stealth Rock
|-ability|p2a: Landorus-Therian|Intimidate|[of] p1a: Shaymin
|-unboost|p1a: Shaymin|atk|1
|turn|59
|c| daftmau5|metagross achieve
|
|move|p2a: Landorus-Therian|U-turn|p1a: Shaymin
|-supereffective|p1a: Shaymin
|-damage|p1a: Shaymin|79\/403
|
|switch|p2a: Metagross|Metagross-Mega|187\/301
|-damage|p2a: Metagross|169\/301|[from] Stealth Rock
|move|p1a: Shaymin|Rest|p1a: Shaymin
|-status|p1a: Shaymin|slp
|-heal|p1a: Shaymin|403\/403 slp|[silent]
|-status|p1a: Shaymin|slp|[from] move: Rest
|
|turn|60
|c|âI ABR I|nah nah
|
|move|p2a: Metagross|Meteor Mash|p1a: Shaymin
|-damage|p1a: Shaymin|243\/403 slp
|-boost|p2a: Metagross|atk|1
|cant|p1a: Shaymin|slp
|move|p1a: Shaymin|Sleep Talk|p1a: Shaymin
|move|p1a: Shaymin|Giga Drain|p2a: Metagross|[from]Sleep Talk
|-resisted|p2a: Metagross
|-damage|p2a: Metagross|131\/301
|-heal|p1a: Shaymin|262\/403 slp|[from] drain|[of] p2a: Metagross
|
|turn|61
|c|ârobofiend|YESS
|c| daftmau5|it's happening
|c| daftmau5|lmfao
|c| Cold Summerr|lel
|c|âI ABR I|wrong move
|c|âI ABR I|dont get
|c|âI ABR I|another boost
|c| daftmau5|PLS
|c| daftmau5|GET
|
|move|p2a: Metagross|Meteor Mash|p1a: Shaymin
|-damage|p1a: Shaymin|21\/403 slp
|-boost|p2a: Metagross|atk|1
|cant|p1a: Shaymin|slp
|move|p1a: Shaymin|Sleep Talk|p1a: Shaymin
|move|p1a: Shaymin|Rest|p1a: Shaymin|[from]Sleep Talk
|-fail|p1a: Shaymin
|
|turn|62
|c| daftmau5|IT AGAIN
|c|âI ABR I|hax
|c| daftmau5|YES
|c|ârobofiend|GG
|c|âI ABR I|ing
|c| daftmau5|LOOOOOOOL
|c|âI ABR I|fgt
|c| daftmau5|deserved
|c| Cold Summerr|get gud
|
|move|p2a: Metagross|Earthquake|p1a: Shaymin
|-crit|p1a: Shaymin
|-resisted|p1a: Shaymin
|-damage|p1a: Shaymin|0 fnt
|faint|p1a: Shaymin
|
|c|âI ABR I|r u srrs
|
|switch|p1a: Starmie|Starmie|272\/323
|turn|63
|c| daftmau5|get fucking destroyed
|c|ârobofiend|lmao right now
|c|âI ABR I|the only 2
|
|move|p2a: Metagross|Earthquake|p1a: Starmie
|-damage|p1a: Starmie|24\/323
|move|p1a: Starmie|Scald|p2a: Metagross
|-damage|p2a: Metagross|43\/301
|
|-heal|p1a: Starmie|44\/323|[from] item: Leftovers
|turn|64
|c|âI ABR I|that he needed
|c| daftmau5|ahhh
|c|âI ABR I|rip
|c| daftmau5|this was
|c|âI ABR I|hax
|c| daftmau5|a quality battle
|-message|I ABR I forfeited.
|
|win|robofiend
|raw|Ladder updating...
|leave|I ABR I
|player|p1
|c| daftmau5|wp robofiend
|raw|I ABR I's rating: 1546 &rarr; <strong>1522<\/strong><br \/>(-24 for losing)
|raw|robofiend's rating: 1467 &rarr; <strong>1491<\/strong><br \/>(+24 for winning)
|c|ârobofiend|rofl
|c|ârobofiend|metagross acheive
|leave|Cold Summerr
|leave|daftmau5