|join|Planet Hell
|join|I ABR I
|player|p1|Planet Hell|190
|player|p2|I ABR I|290
|gametype|singles
|gen|6
|tier|OU
|rated
|clearpoke
|poke|p1|Rotom-Wash
|poke|p1|Greninja, M
|poke|p1|Landorus-Therian, M
|poke|p1|Empoleon, F
|poke|p1|Metagross
|poke|p1|Gengar, M
|poke|p2|Excadrill, M
|poke|p2|Lopunny, F
|poke|p2|Gengar, M
|poke|p2|Bisharp, M
|poke|p2|Dragonite, M
|poke|p2|Greninja, M
|rule|Swagger Clause: Swagger is banned
|rule|Baton Pass Clause: Limit one PokÃ©mon knowing Baton Pass
|rule|Sleep Clause Mod: Limit one foe put to sleep
|rule|Species Clause: Limit one of each PokÃ©mon
|rule|OHKO Clause: OHKO moves are banned
|rule|Moody Clause: Moody is banned
|rule|Evasion Moves Clause: Evasion moves are banned
|rule|Endless Battle Clause: Forcing endless battles is banned
|rule|HP Percentage Mod: HP is shown in percentages
|teampreview
|
|start
|switch|p1a: Landorus-Therian|Landorus-Therian, M|325\/325
|switch|p2a: Excadrill|Excadrill, M|361\/361
|-ability|p1a: Landorus-Therian|Intimidate|[of] p2a: Excadrill
|-unboost|p2a: Excadrill|atk|1
|-ability|p2a: Excadrill|Mold Breaker
|turn|1
|
|move|p1a: Landorus-Therian|Superpower|p2a: Excadrill
|-supereffective|p2a: Excadrill
|-enditem|p2a: Excadrill|Focus Sash
|-damage|p2a: Excadrill|1\/361
|-unboost|p1a: Landorus-Therian|atk|1
|-unboost|p1a: Landorus-Therian|def|1
|move|p2a: Excadrill|Stealth Rock|p1a: Landorus-Therian
|-sidestart|p1: Planet Hell|move: Stealth Rock
|
|turn|2
|
|switch|p2a: Gengar|Gengar, M|261\/261
|move|p1a: Landorus-Therian|Superpower|p2a: Gengar
|-immune|p2a: Gengar|[msg]
|
|turn|3
|
|switch|p1a: Rotom-Wash|Rotom-Wash|304\/304
|-damage|p1a: Rotom-Wash|266\/304|[from] Stealth Rock
|move|p2a: Gengar|Focus Blast|p1a: Rotom-Wash
|-damage|p1a: Rotom-Wash|102\/304
|-damage|p2a: Gengar|235\/261|[from] item: Life Orb
|
|-heal|p1a: Rotom-Wash|121\/304|[from] item: Leftovers
|turn|4
|
|move|p2a: Gengar|Shadow Ball|p1a: Rotom-Wash
|-damage|p1a: Rotom-Wash|0 fnt
|-damage|p2a: Gengar|209\/261|[from] item: Life Orb
|faint|p1a: Rotom-Wash
|
|
|switch|p1a: Greninja|Greninja, M|285\/285
|-damage|p1a: Greninja|250\/285|[from] Stealth Rock
|turn|5
|
|switch|p2a: Excadrill|Excadrill, M|1\/361
|-ability|p2a: Excadrill|Mold Breaker
|move|p1a: Greninja|Spikes|p2a: Excadrill
|-start|p1a: Greninja|typechange|Ground|[from] Protean
|-sidestart|p2: I ABR I|Spikes
|
|turn|6
|
|move|p1a: Greninja|Ice Beam|p2a: Excadrill
|-start|p1a: Greninja|typechange|Ice|[from] Protean
|-damage|p2a: Excadrill|0 fnt
|-damage|p1a: Greninja|222\/285|[from] item: Life Orb
|faint|p2a: Excadrill
|
|
|switch|p2a: Lopunny|Lopunny, F|271\/271
|-damage|p2a: Lopunny|238\/271|[from] Spikes
|turn|7
|
|switch|p1a: Metagross|Metagross|302\/302
|-damage|p1a: Metagross|284\/302|[from] Stealth Rock
|detailschange|p2a: Lopunny|Lopunny-Mega, F
|message|Lopunny has Mega Evolved into Mega Lopunny!
|move|p2a: Lopunny|Return|p1a: Metagross
|-resisted|p1a: Metagross
|-damage|p1a: Metagross|209\/302
|
|turn|8
|
|switch|p2a: Greninja|Greninja, M|285\/285
|-damage|p2a: Greninja|250\/285|[from] Spikes
|detailschange|p1a: Metagross|Metagross-Mega
|message|Metagross has Mega Evolved into Mega Metagross!
|move|p1a: Metagross|Earthquake|p2a: Greninja
|-damage|p2a: Greninja|85\/285
|
|turn|9
|
|switch|p1a: Empoleon|Empoleon, F|371\/371
|-damage|p1a: Empoleon|348\/371|[from] Stealth Rock
|move|p2a: Greninja|Hydro Pump|p1a: Empoleon
|-start|p2a: Greninja|typechange|Water|[from] Protean
|-resisted|p1a: Empoleon
|-damage|p1a: Empoleon|271\/371
|-damage|p2a: Greninja|57\/285|[from] item: Life Orb
|
|-heal|p1a: Empoleon|294\/371|[from] item: Leftovers
|turn|10
|
|switch|p2a: Bisharp|Bisharp, M|271\/271
|-damage|p2a: Bisharp|238\/271|[from] Spikes
|move|p1a: Empoleon|Stealth Rock|p2a: Bisharp
|-sidestart|p2: I ABR I|move: Stealth Rock
|
|-heal|p1a: Empoleon|317\/371|[from] item: Leftovers
|turn|11
|
|switch|p2a: Greninja|Greninja, M|57\/285
|-damage|p2a: Greninja|22\/285|[from] Spikes
|-damage|p2a: Greninja|0 fnt|[from] Stealth Rock
|faint|p2a: Greninja
|move|p1a: Empoleon|Scald|p2: Greninja|[notarget]
|-notarget
|
|-heal|p1a: Empoleon|340\/371|[from] item: Leftovers
|
|switch|p2a: Lopunny|Lopunny-Mega, F|238\/271
|-damage|p2a: Lopunny|222\/271|[from] Stealth Rock
|-damage|p2a: Lopunny|189\/271|[from] Spikes
|turn|12
|
|move|p2a: Lopunny|Substitute|p2a: Lopunny
|-start|p2a: Lopunny|Substitute
|-damage|p2a: Lopunny|122\/271
|move|p1a: Empoleon|Scald|p2a: Lopunny
|-end|p2a: Lopunny|Substitute
|
|-heal|p1a: Empoleon|363\/371|[from] item: Leftovers
|turn|13
|
|switch|p1a: Landorus-Therian|Landorus-Therian, M|325\/325
|-damage|p1a: Landorus-Therian|285\/325|[from] Stealth Rock
|-ability|p1a: Landorus-Therian|Intimidate|[of] p2a: Lopunny
|-unboost|p2a: Lopunny|atk|1
|move|p2a: Lopunny|High Jump Kick|p1a: Landorus-Therian
|-resisted|p1a: Landorus-Therian
|-damage|p1a: Landorus-Therian|205\/325
|
|turn|14
|
|move|p1a: Landorus-Therian|U-turn|p2a: Lopunny
|-resisted|p2a: Lopunny
|-damage|p2a: Lopunny|77\/271
|
|switch|p1a: Gengar|Gengar, M|261\/261
|-damage|p1a: Gengar|229\/261|[from] Stealth Rock
|move|p2a: Lopunny|Return|p1a: Gengar
|-damage|p1a: Gengar|40\/261
|
|turn|15
|
|move|p2a: Lopunny|Return|p1a: Gengar
|-damage|p1a: Gengar|0 fnt
|faint|p1a: Gengar
|
|
|switch|p1a: Landorus-Therian|Landorus-Therian, M|205\/325
|-damage|p1a: Landorus-Therian|165\/325|[from] Stealth Rock
|-ability|p1a: Landorus-Therian|Intimidate|[of] p2a: Lopunny
|-unboost|p2a: Lopunny|atk|1
|turn|16
|
|move|p1a: Landorus-Therian|U-turn|p2a: Lopunny
|-resisted|p2a: Lopunny
|-damage|p2a: Lopunny|33\/271
|
|switch|p1a: Metagross|Metagross-Mega|209\/302
|-damage|p1a: Metagross|191\/302|[from] Stealth Rock
|move|p2a: Lopunny|Return|p1a: Metagross
|-resisted|p1a: Metagross
|-damage|p1a: Metagross|158\/302
|
|turn|17
|
|move|p2a: Lopunny|High Jump Kick|p1a: Metagross
|-crit|p1a: Metagross
|-damage|p1a: Metagross|0 fnt
|faint|p1a: Metagross
|
|
|switch|p1a: Landorus-Therian|Landorus-Therian, M|165\/325
|-damage|p1a: Landorus-Therian|125\/325|[from] Stealth Rock
|-ability|p1a: Landorus-Therian|Intimidate|[of] p2a: Lopunny
|-unboost|p2a: Lopunny|atk|1
|turn|18
|
|move|p1a: Landorus-Therian|U-turn|p2a: Lopunny
|-resisted|p2a: Lopunny
|-damage|p2a: Lopunny|0 fnt
|faint|p2a: Lopunny
|
|switch|p1a: Greninja|Greninja, M|222\/285
|-damage|p1a: Greninja|187\/285|[from] Stealth Rock
|
|
|switch|p2a: Dragonite|Dragonite, M|323\/323
|-damage|p2a: Dragonite|243\/323|[from] Stealth Rock
|turn|19
|
|switch|p1a: Empoleon|Empoleon, F|363\/371
|-damage|p1a: Empoleon|340\/371|[from] Stealth Rock
|move|p2a: Dragonite|Extreme Speed|p1a: Empoleon
|-resisted|p1a: Empoleon
|-damage|p1a: Empoleon|244\/371
|
|-heal|p1a: Empoleon|267\/371|[from] item: Leftovers
|turn|20
|
|move|p2a: Dragonite|Extreme Speed|p1a: Empoleon
|-resisted|p1a: Empoleon
|-damage|p1a: Empoleon|172\/371
|move|p1a: Empoleon|Scald|p2a: Dragonite
|-resisted|p2a: Dragonite
|-damage|p2a: Dragonite|193\/323
|-status|p2a: Dragonite|brn
|
|-heal|p1a: Empoleon|195\/371|[from] item: Leftovers
|-damage|p2a: Dragonite|153\/323 brn|[from] brn
|turn|21
|
|move|p2a: Dragonite|Extreme Speed|p1a: Empoleon
|-resisted|p1a: Empoleon
|-damage|p1a: Empoleon|152\/371
|move|p1a: Empoleon|Scald|p2a: Dragonite
|-resisted|p2a: Dragonite
|-damage|p2a: Dragonite|105\/323 brn
|
|-heal|p1a: Empoleon|175\/371|[from] item: Leftovers
|-damage|p2a: Dragonite|65\/323 brn|[from] brn
|turn|22
|
|move|p2a: Dragonite|Extreme Speed|p1a: Empoleon
|-resisted|p1a: Empoleon
|-damage|p1a: Empoleon|133\/371
|move|p1a: Empoleon|Scald|p2a: Dragonite
|-resisted|p2a: Dragonite
|-damage|p2a: Dragonite|15\/323 brn
|
|-heal|p1a: Empoleon|156\/371|[from] item: Leftovers
|-damage|p2a: Dragonite|0 fnt|[from] brn
|faint|p2a: Dragonite
|
|switch|p2a: Bisharp|Bisharp, M|238\/271
|-damage|p2a: Bisharp|205\/271|[from] Spikes
|-damage|p2a: Bisharp|189\/271|[from] Stealth Rock
|turn|23
|
|move|p2a: Bisharp|Knock Off|p1a: Empoleon
|-damage|p1a: Empoleon|0 fnt
|-enditem|p1a: Empoleon|Leftovers|[from] move: Knock Off|[of] p2a: Bisharp
|-damage|p2a: Bisharp|162\/271|[from] item: Life Orb
|faint|p1a: Empoleon
|
|
|switch|p1a: Greninja|Greninja, M|187\/285
|-damage|p1a: Greninja|152\/285|[from] Stealth Rock
|turn|24
|
|switch|p2a: Gengar|Gengar, M|209\/261
|-damage|p2a: Gengar|177\/261|[from] Stealth Rock
|move|p1a: Greninja|Hydro Pump|p2a: Gengar
|-start|p1a: Greninja|typechange|Water|[from] Protean
|-damage|p2a: Gengar|0 fnt
|-damage|p1a: Greninja|124\/285|[from] item: Life Orb
|faint|p2a: Gengar
|
|c|âI ABR I|gg
|
|switch|p2a: Bisharp|Bisharp, M|162\/271
|-damage|p2a: Bisharp|129\/271|[from] Spikes
|-damage|p2a: Bisharp|113\/271|[from] Stealth Rock
|turn|25
|
|move|p2a: Bisharp|Sucker Punch|p1a: Greninja
|-fail|p1a: Greninja
|move|p1a: Greninja|Spikes|p2a: Bisharp
|-start|p1a: Greninja|typechange|Ground|[from] Protean
|-sidestart|p2: I ABR I|Spikes
|
|turn|26
|
|move|p2a: Bisharp|Sucker Punch|p1a: Greninja
|-fail|p1a: Greninja
|move|p1a: Greninja|Spikes|p2a: Bisharp
|-sidestart|p2: I ABR I|Spikes
|
|turn|27
|
|move|p2a: Bisharp|Sucker Punch|p1a: Greninja
|-fail|p1a: Greninja
|move|p1a: Greninja|Spikes|p2a: Bisharp
|-fail|p2a: Bisharp
|
|turn|28
|
|switch|p1a: Landorus-Therian|Landorus-Therian, M|125\/325
|-damage|p1a: Landorus-Therian|85\/325|[from] Stealth Rock
|-ability|p1a: Landorus-Therian|Intimidate|[of] p2a: Bisharp
|-unboost|p2a: Bisharp|atk|1
|-boost|p2a: Bisharp|atk|2|[from] ability: Defiant
|move|p2a: Bisharp|Sucker Punch|p1a: Landorus-Therian
|-fail|p1a: Landorus-Therian
|
|turn|29
|
|move|p2a: Bisharp|Sucker Punch|p1a: Landorus-Therian
|-crit|p1a: Landorus-Therian
|-damage|p1a: Landorus-Therian|0 fnt
|-damage|p2a: Bisharp|86\/271|[from] item: Life Orb
|faint|p1a: Landorus-Therian
|
|
|switch|p1a: Greninja|Greninja, M|124\/285
|-damage|p1a: Greninja|89\/285|[from] Stealth Rock
|turn|30
|
|move|p2a: Bisharp|Sucker Punch|p1a: Greninja
|-fail|p1a: Greninja
|move|p1a: Greninja|Spikes|p2a: Bisharp
|-start|p1a: Greninja|typechange|Ground|[from] Protean
|-fail|p2a: Bisharp
|
|turn|31
|
|move|p1a: Greninja|Hidden Power|p2a: Bisharp
|-start|p1a: Greninja|typechange|Fire|[from] Protean
|-supereffective|p2a: Bisharp
|-damage|p2a: Bisharp|0 fnt
|-damage|p1a: Greninja|61\/285|[from] item: Life Orb
|faint|p2a: Bisharp
|
|win|Planet Hell
|raw|Ladder updating...
|c|âI ABR I|WOW
|c|âPlanet Hell|gg
|c|âI ABR I|nb
|raw|Planet Hell's rating: 1679 &rarr; <strong>1691<\/strong><br \/>(+12 for winning)
|raw|I ABR I's rating: 1531 &rarr; <strong>1519<\/strong><br \/>(-12 for losing)
|leave|I ABR I
|player|p2