|join|I ABR I
|join|zeroLP
|player|p1|I ABR I|291
|player|p2|zeroLP|66
|gametype|singles
|gen|6
|tier|OU
|rated
|clearpoke
|poke|p1|Politoed, M
|poke|p1|Kingdra, M
|poke|p1|Seismitoad, M
|poke|p1|Terrakion
|poke|p1|Latios, M
|poke|p1|Jirachi
|poke|p2|Politoed, F
|poke|p2|Swampert, F
|poke|p2|Klefki, F
|poke|p2|Manaphy
|poke|p2|Latias, F
|poke|p2|Tornadus-Therian, M
|rule|Swagger Clause: Swagger is banned
|rule|Baton Pass Clause: Limit one PokÃ©mon knowing Baton Pass
|rule|Sleep Clause Mod: Limit one foe put to sleep
|rule|Species Clause: Limit one of each PokÃ©mon
|rule|OHKO Clause: OHKO moves are banned
|rule|Moody Clause: Moody is banned
|rule|Evasion Moves Clause: Evasion moves are banned
|rule|Endless Battle Clause: Forcing endless battles is banned
|rule|HP Percentage Mod: HP is shown in percentages
|teampreview
|
|start
|switch|p1a: Terrakion|Terrakion|323\/323
|switch|p2a: Tornadus-Therian|Tornadus-Therian, M|299\/299
|turn|1
|
|move|p2a: Tornadus-Therian|U-turn|p1a: Terrakion
|-resisted|p1a: Terrakion
|-damage|p1a: Terrakion|276\/323
|-damage|p2a: Tornadus-Therian|270\/299|[from] item: Life Orb
|
|switch|p2a: Kis to the Kingdom|Klefki, F|318\/318
|move|p1a: Terrakion|Stealth Rock|p2a: Kis to the Kingdom
|-sidestart|p2: zeroLP|move: Stealth Rock
|
|turn|2
|
|move|p2a: Kis to the Kingdom|Reflect|p2a: Kis to the Kingdom
|-sidestart|p2: zeroLP|Reflect
|move|p1a: Terrakion|Close Combat|p2a: Kis to the Kingdom
|-damage|p2a: Kis to the Kingdom|236\/318
|-unboost|p1a: Terrakion|def|1
|-unboost|p1a: Terrakion|spd|1
|
|turn|3
|
|move|p2a: Kis to the Kingdom|Thunder Wave|p1a: Terrakion
|-status|p1a: Terrakion|par
|move|p1a: Terrakion|Taunt|p2a: Kis to the Kingdom
|-start|p2a: Kis to the Kingdom|move: Taunt
|
|turn|4
|
|switch|p2a: Swampert|Swampert, F|367\/367
|-damage|p2a: Swampert|345\/367|[from] Stealth Rock
|cant|p1a: Terrakion|par
|
|turn|5
|
|detailschange|p2a: Swampert|Swampert-Mega, F
|message|Swampert has Mega Evolved into Mega Swampert!
|move|p2a: Swampert|Waterfall|p1a: Terrakion
|-supereffective|p1a: Terrakion
|-damage|p1a: Terrakion|0 fnt
|faint|p1a: Terrakion
|
|
|switch|p1a: Politoed|Politoed, M|383\/383
|-weather|RainDance
|turn|6
|
|switch|p2a: Manaphy|Manaphy|404\/404
|-damage|p2a: Manaphy|354\/404|[from] Stealth Rock
|switch|p1a: Latios|Latios, M|301\/301
|
|-weather|RainDance|[upkeep]
|-heal|p2a: Manaphy|379\/404|[from] item: Leftovers
|turn|7
|
|switch|p2a: Kis to the Kingdom|Klefki, F|236\/318
|-damage|p2a: Kis to the Kingdom|217\/318|[from] Stealth Rock
|detailschange|p1a: Latios|Latios-Mega, M
|message|Latios has Mega Evolved into Mega Latios!
|move|p1a: Latios|Dragon Pulse|p2a: Kis to the Kingdom
|-immune|p2a: Kis to the Kingdom|[msg]
|
|-weather|RainDance|[upkeep]
|turn|8
|
|switch|p1a: Seismitoad|Seismitoad, M|351\/351
|move|p2a: Kis to the Kingdom|Light Screen|p2a: Kis to the Kingdom
|-sidestart|p2: zeroLP|move: Light Screen
|
|-weather|RainDance|[upkeep]
|turn|9
|
|switch|p2a: Manaphy|Manaphy|379\/404
|-damage|p2a: Manaphy|329\/404|[from] Stealth Rock
|move|p1a: Seismitoad|Earth Power|p2a: Manaphy
|-damage|p2a: Manaphy|247\/404
|-damage|p1a: Seismitoad|316\/351|[from] item: Life Orb
|
|-weather|RainDance|[upkeep]
|-heal|p2a: Manaphy|272\/404|[from] item: Leftovers
|-sideend|p2: zeroLP|Reflect
|turn|10
|
|move|p1a: Seismitoad|Knock Off|p2a: Manaphy
|-damage|p2a: Manaphy|191\/404
|-enditem|p2a: Manaphy|Leftovers|[from] move: Knock Off|[of] p1a: Seismitoad
|-damage|p1a: Seismitoad|281\/351|[from] item: Life Orb
|move|p2a: Manaphy|Tail Glow|p2a: Manaphy
|-boost|p2a: Manaphy|spa|3
|
|-weather|RainDance|[upkeep]
|turn|11
|
|switch|p1a: Latios|Latios-Mega, M|301\/301
|move|p2a: Manaphy|Rest|p2a: Manaphy
|-status|p2a: Manaphy|slp
|-heal|p2a: Manaphy|404\/404 slp|[silent]
|-status|p2a: Manaphy|slp|[from] move: Rest
|
|-weather|RainDance|[upkeep]
|-curestatus|p2a: Manaphy|slp
|turn|12
|
|move|p1a: Latios|Calm Mind|p1a: Latios
|-boost|p1a: Latios|spa|1
|-boost|p1a: Latios|spd|1
|move|p2a: Manaphy|Scald|p1a: Latios
|-resisted|p1a: Latios
|-damage|p1a: Latios|163\/301
|-status|p1a: Latios|brn
|
|-weather|RainDance|[upkeep]
|-damage|p1a: Latios|126\/301 brn|[from] brn
|turn|13
|
|move|p1a: Latios|Psyshock|p2a: Manaphy
|-damage|p2a: Manaphy|274\/404
|move|p2a: Manaphy|Scald|p1a: Latios
|-resisted|p1a: Latios
|-damage|p1a: Latios|0 fnt
|faint|p1a: Latios
|
|-weather|none
|
|switch|p1a: Kingdra|Kingdra, M|301\/301
|turn|14
|
|switch|p2a: Kis to the Kingdom|Klefki, F|217\/318
|-damage|p2a: Kis to the Kingdom|198\/318|[from] Stealth Rock
|move|p1a: Kingdra|Draco Meteor|p2a: Kis to the Kingdom
|-immune|p2a: Kis to the Kingdom|[msg]
|
|turn|15
|
|switch|p1a: Politoed|Politoed, M|383\/383
|-weather|RainDance
|move|p2a: Kis to the Kingdom|Reflect|p2a: Kis to the Kingdom
|-sidestart|p2: zeroLP|Reflect
|
|-weather|RainDance|[upkeep]
|-sideend|p2: zeroLP|move: Light Screen
|turn|16
|
|move|p2a: Kis to the Kingdom|Light Screen|p2a: Kis to the Kingdom
|-sidestart|p2: zeroLP|move: Light Screen
|move|p1a: Politoed|Encore|p2a: Kis to the Kingdom
|-start|p2a: Kis to the Kingdom|Encore
|
|-weather|RainDance|[upkeep]
|turn|17
|
|switch|p1a: Jirachi|Jirachi|341\/341
|switch|p2a: Manaphy|Manaphy|274\/404
|-damage|p2a: Manaphy|224\/404|[from] Stealth Rock
|
|-weather|RainDance|[upkeep]
|turn|18
|
|move|p1a: Jirachi|U-turn|p2a: Manaphy
|-damage|p2a: Manaphy|189\/404
|
|switch|p1a: Kingdra|Kingdra, M|301\/301
|move|p2a: Manaphy|Tail Glow|p2a: Manaphy
|-boost|p2a: Manaphy|spa|3
|
|-weather|RainDance|[upkeep]
|turn|19
|
|move|p1a: Kingdra|Draco Meteor|p2a: Manaphy
|-damage|p2a: Manaphy|49\/404
|-unboost|p1a: Kingdra|spa|2
|move|p2a: Manaphy|Rest|p2a: Manaphy
|-status|p2a: Manaphy|slp
|-heal|p2a: Manaphy|404\/404 slp|[silent]
|-status|p2a: Manaphy|slp|[from] move: Rest
|
|-weather|RainDance|[upkeep]
|-curestatus|p2a: Manaphy|slp
|turn|20
|-message|I ABR I forfeited.
|
|win|zeroLP
|raw|Ladder updating...
|leave|I ABR I
|player|p1
|raw|I ABR I's rating: 1466 &rarr; <strong>1444<\/strong><br \/>(-22 for losing)
|raw|zeroLP's rating: 1437 &rarr; <strong>1459<\/strong><br \/>(+22 for winning)