|join|Based Godfish
|join|I ABR I
|player|p1|Based Godfish|144
|player|p2|I ABR I|291
|gametype|singles
|gen|6
|tier|OU
|rated
|clearpoke
|poke|p1|Diancie
|poke|p1|Talonflame, F
|poke|p1|Rotom-Wash
|poke|p1|Roserade, M
|poke|p1|Excadrill, F
|poke|p1|Keldeo
|poke|p2|Sableye, M
|poke|p2|Clefable, M
|poke|p2|Azumarill, M
|poke|p2|Chesnaught, M
|poke|p2|Bronzong
|poke|p2|Quagsire, M
|rule|Swagger Clause: Swagger is banned
|rule|Baton Pass Clause: Limit one PokÃ©mon knowing Baton Pass
|rule|Sleep Clause Mod: Limit one foe put to sleep
|rule|Species Clause: Limit one of each PokÃ©mon
|rule|OHKO Clause: OHKO moves are banned
|rule|Moody Clause: Moody is banned
|rule|Evasion Moves Clause: Evasion moves are banned
|rule|Endless Battle Clause: Forcing endless battles is banned
|rule|HP Percentage Mod: HP is shown in percentages
|teampreview
|c|âI ABR I|sup pat
|c|âBased Godfish|oh hi ABR
|c|âI ABR I|like my new stall?
|c|âBased Godfish|how's it going?
|c|âBased Godfish|yes i do
|c|âI ABR I|p good, u
|join|Alvadora
|c|âBased Godfish|very nice :o
|join|Squirrelll
|c|âBased Godfish|i've been pretty nice
|
|start
|switch|p1a: Diancie|Diancie|258\/258
|switch|p2a: Azumarill|Azumarill, M|403\/403
|turn|1
|c| Squirrelll|a roserade
|c| Squirrelll|the keldeo counter
|
|switch|p1a: Rotom-Wash|Rotom-Wash|274\/274
|move|p2a: Azumarill|Scald|p1a: Rotom-Wash
|-resisted|p1a: Rotom-Wash
|-damage|p1a: Rotom-Wash|243\/274
|
|turn|2
|
|move|p1a: Rotom-Wash|Volt Switch|p2a: Azumarill
|-supereffective|p2a: Azumarill
|-damage|p2a: Azumarill|227\/403
|
|switch|p1a: Roserade|Roserade, M|262\/262
|move|p2a: Azumarill|Toxic|p1a: Roserade
|-fail|p1a: Roserade
|
|-heal|p2a: Azumarill|252\/403|[from] item: Leftovers
|turn|3
|c| Squirrelll|and azum
|
|switch|p2a: Sableye|Sableye, M|303\/303
|move|p1a: Roserade|Spikes|p2a: Sableye
|-sidestart|p2: I ABR I|Spikes
|
|turn|4
|
|detailschange|p2a: Sableye|Sableye-Mega, M
|message|Sableye has Mega Evolved into Mega Sableye!
|move|p1a: Roserade|Giga Drain|p2a: Sableye
|-damage|p2a: Sableye|209\/303
|move|p2a: Sableye|Knock Off|p1a: Roserade
|-damage|p1a: Roserade|127\/262
|-enditem|p1a: Roserade|Black Sludge|[from] move: Knock Off|[of] p2a: Sableye
|
|turn|5
|
|switch|p1a: Diancie|Diancie|258\/258
|move|p2a: Sableye|Recover|p2a: Sableye
|-heal|p2a: Sableye|303\/303
|
|turn|6
|
|switch|p2a: Bronzong|Bronzong|336\/336
|detailschange|p1a: Diancie|Diancie-Mega
|message|Diancie has Mega Evolved into Mega Diancie!
|move|p1a: Diancie|Moonblast|p2a: Bronzong
|-resisted|p2a: Bronzong
|-damage|p2a: Bronzong|269\/336
|
|-heal|p2a: Bronzong|290\/336|[from] item: Leftovers
|turn|7
|
|switch|p1a: Keldeo|Keldeo|323\/323
|move|p2a: Bronzong|Stealth Rock|p1a: Keldeo
|-sidestart|p1: Based Godfish|move: Stealth Rock
|
|-heal|p2a: Bronzong|311\/336|[from] item: Leftovers
|turn|8
|
|switch|p2a: Azumarill|Azumarill, M|252\/403
|-damage|p2a: Azumarill|202\/403|[from] Spikes
|move|p1a: Keldeo|Scald|p2a: Azumarill
|-crit|p2a: Azumarill
|-resisted|p2a: Azumarill
|-damage|p2a: Azumarill|89\/403
|-status|p2a: Azumarill|brn
|-damage|p1a: Keldeo|291\/323|[from] item: Life Orb
|
|-heal|p2a: Azumarill|114\/403 brn|[from] item: Leftovers
|-damage|p2a: Azumarill|64\/403 brn|[from] brn
|turn|9
|c|âI ABR I|damn
|c|âI ABR I|thats actually
|c|âI ABR I|super annoying
|c|âBased Godfish|:\/ yea
|
|move|p1a: Keldeo|Hidden Power|p2a: Azumarill
|-supereffective|p2a: Azumarill
|-damage|p2a: Azumarill|0 fnt
|-damage|p1a: Keldeo|259\/323|[from] item: Life Orb
|faint|p2a: Azumarill
|
|c|âI ABR I|i have resttalk
|c|âI ABR I|o ncm
|c|âI ABR I|nvm
|
|switch|p2a: Clefable|Clefable, M|393\/393
|-damage|p2a: Clefable|344\/393|[from] Spikes
|turn|10
|
|switch|p1a: Excadrill|Excadrill, F|375\/375
|-damage|p1a: Excadrill|364\/375|[from] Stealth Rock
|-ability|p1a: Excadrill|Mold Breaker
|move|p2a: Clefable|Moonlight|p2a: Clefable
|-heal|p2a: Clefable|393\/393
|
|turn|11
|
|switch|p2a: Chesnaught|Chesnaught, M|379\/379
|-damage|p2a: Chesnaught|332\/379|[from] Spikes
|move|p1a: Excadrill|Earthquake|p2a: Chesnaught
|-resisted|p2a: Chesnaught
|-damage|p2a: Chesnaught|272\/379
|
|-heal|p2a: Chesnaught|295\/379|[from] item: Leftovers
|turn|12
|
|switch|p1a: Diancie|Diancie-Mega|258\/258
|-damage|p1a: Diancie|226\/258|[from] Stealth Rock
|move|p2a: Chesnaught|Drain Punch|p1a: Diancie
|-damage|p1a: Diancie|136\/258
|-heal|p2a: Chesnaught|340\/379|[from] drain|[of] p1a: Diancie
|
|-heal|p2a: Chesnaught|363\/379|[from] item: Leftovers
|turn|13
|
|switch|p1a: Excadrill|Excadrill, F|364\/375
|-damage|p1a: Excadrill|353\/375|[from] Stealth Rock
|-ability|p1a: Excadrill|Mold Breaker
|move|p2a: Chesnaught|Spiky Shield|p2a: Chesnaught
|-fail|p2a: Chesnaught
|
|-heal|p2a: Chesnaught|379\/379|[from] item: Leftovers
|turn|14
|
|switch|p1a: Rotom-Wash|Rotom-Wash|243\/274
|-damage|p1a: Rotom-Wash|209\/274|[from] Stealth Rock
|move|p2a: Chesnaught|Drain Punch|p1a: Rotom-Wash
|-damage|p1a: Rotom-Wash|127\/274
|
|turn|15
|
|move|p2a: Chesnaught|Spiky Shield|p2a: Chesnaught
|-singleturn|p2a: Chesnaught|move: Protect
|move|p1a: Rotom-Wash|Will-O-Wisp|p2a: Chesnaught
|-activate|p2a: Chesnaught|move: Protect
|
|turn|16
|c|âI ABR I|chesto?
|
|switch|p2a: Sableye|Sableye-Mega, M|303\/303
|-damage|p2a: Sableye|266\/303|[from] Spikes
|move|p1a: Rotom-Wash|Will-O-Wisp|p2a: Sableye
|move|p2a: Sableye|Will-O-Wisp|p1a: Rotom-Wash|[from]Magic Bounce
|-status|p1a: Rotom-Wash|brn
|
|-damage|p1a: Rotom-Wash|93\/274 brn|[from] brn
|turn|17
|join|Chillingtilnoon
|join|Im not a kid
|leave|Chillingtilnoon
|
|switch|p1a: Diancie|Diancie-Mega|136\/258
|-damage|p1a: Diancie|104\/258|[from] Stealth Rock
|move|p2a: Sableye|Knock Off|p1a: Diancie
|-resisted|p1a: Diancie
|-damage|p1a: Diancie|74\/258
|
|turn|18
|
|switch|p2a: Bronzong|Bronzong|311\/336
|move|p1a: Diancie|Moonblast|p2a: Bronzong
|-resisted|p2a: Bronzong
|-damage|p2a: Bronzong|247\/336
|
|-heal|p2a: Bronzong|268\/336|[from] item: Leftovers
|turn|19
|
|switch|p1a: Excadrill|Excadrill, F|353\/375
|-damage|p1a: Excadrill|342\/375|[from] Stealth Rock
|-ability|p1a: Excadrill|Mold Breaker
|move|p2a: Bronzong|Earthquake|p1a: Excadrill
|-supereffective|p1a: Excadrill
|-damage|p1a: Excadrill|118\/375
|
|-heal|p2a: Bronzong|289\/336|[from] item: Leftovers
|turn|20
|
|switch|p2a: Chesnaught|Chesnaught, M|379\/379
|-damage|p2a: Chesnaught|332\/379|[from] Spikes
|move|p1a: Excadrill|Earthquake|p2a: Chesnaught
|-resisted|p2a: Chesnaught
|-damage|p2a: Chesnaught|272\/379
|
|-heal|p2a: Chesnaught|295\/379|[from] item: Leftovers
|turn|21
|
|move|p1a: Excadrill|Rapid Spin|p2a: Chesnaught
|-damage|p2a: Chesnaught|281\/379
|-sideend|p1: Based Godfish|Stealth Rock|[from] move: Rapid Spin|[of] p1a: Excadrill
|move|p2a: Chesnaught|Drain Punch|p1a: Excadrill
|-supereffective|p1a: Excadrill
|-damage|p1a: Excadrill|0 fnt
|-heal|p2a: Chesnaught|340\/379|[from] drain|[of] p1a: Excadrill
|faint|p1a: Excadrill
|
|-heal|p2a: Chesnaught|363\/379|[from] item: Leftovers
|
|switch|p1a: Talonflame|Talonflame, F|305\/305
|turn|22
|
|move|p2a: Chesnaught|Spiky Shield|p2a: Chesnaught
|-singleturn|p2a: Chesnaught|move: Protect
|move|p1a: Talonflame|Flare Blitz|p2a: Chesnaught
|-activate|p2a: Chesnaught|move: Protect
|-damage|p1a: Talonflame|267\/305|[from] Spiky Shield|[of] p2a: Chesnaught
|
|-heal|p2a: Chesnaught|379\/379|[from] item: Leftovers
|turn|23
|join|LarryBusJr
|
|switch|p2a: Quagsire|Quagsire, M|393\/393
|-damage|p2a: Quagsire|344\/393|[from] Spikes
|move|p1a: Talonflame|Flare Blitz|p2a: Quagsire
|-crit|p2a: Quagsire
|-resisted|p2a: Quagsire
|-damage|p2a: Quagsire|203\/393
|-damage|p1a: Talonflame|220\/305|[from] recoil|[of] p2a: Quagsire
|
|-heal|p2a: Quagsire|227\/393|[from] item: Leftovers
|turn|24
|
|switch|p1a: Roserade|Roserade, M|127\/262
|move|p2a: Quagsire|Recover|p2a: Quagsire
|-heal|p2a: Quagsire|393\/393
|
|turn|25
|
|switch|p2a: Bronzong|Bronzong|289\/336
|move|p1a: Roserade|Sleep Powder|p2a: Bronzong
|-status|p2a: Bronzong|slp
|
|-heal|p2a: Bronzong|310\/336 slp|[from] item: Leftovers
|turn|26
|c|âI ABR I|ic
|
|move|p1a: Roserade|Spikes|p2a: Bronzong
|-sidestart|p2: I ABR I|Spikes
|cant|p2a: Bronzong|slp
|
|-heal|p2a: Bronzong|331\/336 slp|[from] item: Leftovers
|turn|27
|
|switch|p1a: Talonflame|Talonflame, F|220\/305
|cant|p2a: Bronzong|slp
|
|-heal|p2a: Bronzong|336\/336 slp|[from] item: Leftovers
|turn|28
|
|move|p1a: Talonflame|Flare Blitz|p2a: Bronzong
|-supereffective|p2a: Bronzong
|-damage|p2a: Bronzong|0 fnt
|-damage|p1a: Talonflame|109\/305|[from] recoil|[of] p2a: Bronzong
|faint|p2a: Bronzong
|
|c|âI ABR I|zzz
|c|âI ABR I|sleep turns
|
|switch|p2a: Quagsire|Quagsire, M|393\/393
|-damage|p2a: Quagsire|328\/393|[from] Spikes
|turn|29
|
|switch|p1a: Rotom-Wash|Rotom-Wash|93\/274 brn
|move|p2a: Quagsire|Scald|p1a: Rotom-Wash
|-resisted|p1a: Rotom-Wash
|-damage|p1a: Rotom-Wash|60\/274 brn
|
|-heal|p2a: Quagsire|352\/393|[from] item: Leftovers
|-damage|p1a: Rotom-Wash|26\/274 brn|[from] brn
|turn|30
|
|switch|p2a: Sableye|Sableye-Mega, M|266\/303
|-damage|p2a: Sableye|216\/303|[from] Spikes
|move|p1a: Rotom-Wash|Trick|p2a: Sableye
|-fail|p2a: Sableye
|
|-damage|p1a: Rotom-Wash|0 fnt|[from] brn
|faint|p1a: Rotom-Wash
|
|switch|p1a: Diancie|Diancie-Mega|74\/258
|turn|31
|join|Mistaken
|
|switch|p2a: Chesnaught|Chesnaught, M|379\/379
|-damage|p2a: Chesnaught|316\/379|[from] Spikes
|move|p1a: Diancie|Moonblast|p2a: Chesnaught
|-supereffective|p2a: Chesnaught
|-damage|p2a: Chesnaught|0 fnt
|faint|p2a: Chesnaught
|
|join|Gizmoâ
|
|switch|p2a: Clefable|Clefable, M|393\/393
|-damage|p2a: Clefable|328\/393|[from] Spikes
|turn|32
|leave|LarryBusJr
|leave|Mistaken
|
|switch|p1a: Roserade|Roserade, M|127\/262
|move|p2a: Clefable|Moonblast|p1a: Roserade
|-resisted|p1a: Roserade
|-damage|p1a: Roserade|73\/262
|
|-heal|p2a: Clefable|352\/393|[from] item: Leftovers
|turn|33
|
|move|p1a: Roserade|Sludge Bomb|p2a: Clefable
|-supereffective|p2a: Clefable
|-damage|p2a: Clefable|76\/393
|move|p2a: Clefable|Moonblast|p1a: Roserade
|-resisted|p1a: Roserade
|-damage|p1a: Roserade|24\/262
|
|-heal|p2a: Clefable|100\/393|[from] item: Leftovers
|turn|34
|-message|I ABR I forfeited.
|
|win|Based Godfish
|raw|Ladder updating...
|leave|I ABR I
|player|p2
|raw|Based Godfish's rating: 1600 &rarr; <strong>1615<\/strong><br \/>(+15 for winning)
|raw|I ABR I's rating: 1506 &rarr; <strong>1491<\/strong><br \/>(-15 for losing)
|c|âBased Godfish|gg
|c|âBased Godfish|:]