|join|I ABR I
|join|Riana Salvatore
|player|p1|I ABR I|290
|player|p2|Riana Salvatore|34
|gametype|singles
|gen|6
|tier|OU
|rated
|clearpoke
|poke|p1|Victini
|poke|p1|Terrakion
|poke|p1|Latias, F
|poke|p1|Gyarados, M
|poke|p1|Raikou
|poke|p1|Azumarill, M
|poke|p2|Altaria, F
|poke|p2|Dugtrio, M
|poke|p2|Greninja, M
|poke|p2|Landorus-Therian, M
|poke|p2|Magnezone
|poke|p2|Latias, F
|rule|Swagger Clause: Swagger is banned
|rule|Baton Pass Clause: Limit one PokÃ©mon knowing Baton Pass
|rule|Sleep Clause Mod: Limit one foe put to sleep
|rule|Species Clause: Limit one of each PokÃ©mon
|rule|OHKO Clause: OHKO moves are banned
|rule|Moody Clause: Moody is banned
|rule|Evasion Moves Clause: Evasion moves are banned
|rule|Endless Battle Clause: Forcing endless battles is banned
|rule|HP Percentage Mod: HP is shown in percentages
|teampreview
|
|start
|switch|p1a: Victini|Victini|341\/341
|switch|p2a: Greninja|Greninja, M|285\/285
|turn|1
|
|move|p2a: Greninja|Surf|p1a: Victini
|-start|p2a: Greninja|typechange|Water|[from] Protean
|-supereffective|p1a: Victini
|-damage|p1a: Victini|45\/341
|move|p1a: Victini|Grass Knot|p2a: Greninja
|-supereffective|p2a: Greninja
|-damage|p2a: Greninja|125\/285
|
|turn|2
|
|switch|p2a: Magnezone|Magnezone|281\/281
|move|p1a: Victini|Quick Attack|p2a: Magnezone
|-resisted|p2a: Magnezone
|-damage|p2a: Magnezone|268\/281
|
|turn|3
|
|move|p2a: Magnezone|Volt Switch|p1a: Victini
|-damage|p1a: Victini|0 fnt
|faint|p1a: Victini
|
|switch|p2a: Greninja|Greninja, M|125\/285
|
|
|switch|p1a: Terrakion|Terrakion|323\/323
|turn|4
|
|move|p2a: Greninja|U-turn|p1a: Terrakion
|-start|p2a: Greninja|typechange|Bug|[from] Protean
|-resisted|p1a: Terrakion
|-damage|p1a: Terrakion|281\/323
|
|switch|p2a: Dugtrio|Dugtrio, M|212\/212
|move|p1a: Terrakion|Stealth Rock|p2a: Dugtrio
|-sidestart|p2: Riana Salvatore|move: Stealth Rock
|
|turn|5
|
|move|p2a: Dugtrio|Earthquake|p1a: Terrakion
|-supereffective|p1a: Terrakion
|-damage|p1a: Terrakion|21\/323
|move|p1a: Terrakion|Close Combat|p2a: Dugtrio
|-enditem|p2a: Dugtrio|Focus Sash
|-damage|p2a: Dugtrio|1\/212
|-unboost|p1a: Terrakion|def|1
|-unboost|p1a: Terrakion|spd|1
|
|turn|6
|
|move|p2a: Dugtrio|Earthquake|p1a: Terrakion
|-supereffective|p1a: Terrakion
|-damage|p1a: Terrakion|0 fnt
|faint|p1a: Terrakion
|
|
|switch|p1a: Gyarados|Gyarados, M|331\/331
|-ability|p1a: Gyarados|Intimidate|[of] p2a: Dugtrio
|-unboost|p2a: Dugtrio|atk|1
|turn|7
|
|switch|p2a: Latias|Latias, F|301\/301
|-damage|p2a: Latias|264\/301|[from] Stealth Rock
|move|p1a: Gyarados|Dragon Dance|p1a: Gyarados
|-boost|p1a: Gyarados|atk|1
|-boost|p1a: Gyarados|spe|1
|
|-heal|p2a: Latias|282\/301|[from] item: Leftovers
|turn|8
|join|lil manaphy
|
|detailschange|p1a: Gyarados|Gyarados-Mega, M
|message|Gyarados has Mega Evolved into Mega Gyarados!
|-ability|p1a: Gyarados|Mold Breaker
|move|p1a: Gyarados|Crunch|p2a: Latias
|-supereffective|p2a: Latias
|-damage|p2a: Latias|0 fnt
|faint|p2a: Latias
|
|
|switch|p2a: Altaria|Altaria, F|291\/291
|-damage|p2a: Altaria|219\/291|[from] Stealth Rock
|-ability|p2a: Altaria|Cloud Nine
|turn|9
|join|Silverbacks
|
|switch|p1a: Raikou|Raikou|329\/329
|-ability|p1a: Raikou|Pressure
|move|p2a: Altaria|Dragon Dance|p2a: Altaria
|-boost|p2a: Altaria|atk|1
|-boost|p2a: Altaria|spe|1
|
|turn|10
|
|detailschange|p2a: Altaria|Altaria-Mega, F
|message|Altaria has Mega Evolved into Mega Altaria!
|move|p2a: Altaria|Return|p1a: Raikou
|-crit|p1a: Raikou
|-damage|p1a: Raikou|0 fnt
|faint|p1a: Raikou
|
|
|switch|p1a: Azumarill|Azumarill, M|355\/355
|turn|11
|
|move|p2a: Altaria|Return|p1a: Azumarill
|-damage|p1a: Azumarill|0 fnt
|faint|p1a: Azumarill
|
|c|âI ABR I|rip
|c|âI ABR I|thought i would live
|
|switch|p1a: Latias|Latias, F|319\/319
|turn|12
|
|move|p2a: Altaria|Return|p1a: Latias
|-supereffective|p1a: Latias
|-damage|p1a: Latias|0 fnt
|faint|p1a: Latias
|
|-message|I ABR I forfeited.
|
|win|Riana Salvatore
|raw|Ladder updating...
|leave|I ABR I
|player|p1
|raw|I ABR I's rating: 1531 &rarr; <strong>1507<\/strong><br \/>(-24 for losing)
|raw|Riana Salvatore's rating: 1458 &rarr; <strong>1482<\/strong><br \/>(+24 for winning)
|leave|Silverbacks
|leave|Riana Salvatore
|player|p2
|join|Riana Salvatore