|join|I ABR I
|join|Risky Chance
|c|âRisky Chance|gl
|player|p1|I ABR I|291
|player|p2|Risky Chance|117
|gametype|singles
|gen|6
|tier|OU
|rated
|clearpoke
|poke|p1|Politoed, M
|poke|p1|Metagross
|poke|p1|Kabutops, M
|poke|p1|Kingdra, M
|poke|p1|Latias, F
|poke|p1|Garchomp, M
|poke|p2|Heliolisk, M
|poke|p2|Excadrill, F
|poke|p2|Ferrothorn, M
|poke|p2|Alomomola, F
|poke|p2|Keldeo
|poke|p2|Heatran, F
|rule|Swagger Clause: Swagger is banned
|rule|Baton Pass Clause: Limit one PokÃ©mon knowing Baton Pass
|rule|Sleep Clause Mod: Limit one foe put to sleep
|rule|Species Clause: Limit one of each PokÃ©mon
|rule|OHKO Clause: OHKO moves are banned
|rule|Moody Clause: Moody is banned
|rule|Evasion Moves Clause: Evasion moves are banned
|rule|Endless Battle Clause: Forcing endless battles is banned
|rule|HP Percentage Mod: HP is shown in percentages
|teampreview
|c|âI ABR I|u2
|
|start
|switch|p1a: Garchomp|Garchomp, M|357\/357
|switch|p2a: Keldeo|Keldeo|386\/386
|turn|1
|
|move|p2a: Keldeo|Substitute|p2a: Keldeo
|-start|p2a: Keldeo|Substitute
|-damage|p2a: Keldeo|290\/386
|move|p1a: Garchomp|Stealth Rock|p2a: Keldeo
|-sidestart|p2: Risky Chance|move: Stealth Rock
|
|-heal|p2a: Keldeo|314\/386|[from] item: Leftovers
|turn|2
|
|switch|p1a: Latias|Latias, F|319\/319
|move|p2a: Keldeo|Scald|p1a: Latias
|-resisted|p1a: Latias
|-damage|p1a: Latias|271\/319
|
|-heal|p2a: Keldeo|338\/386|[from] item: Leftovers
|turn|3
|
|move|p1a: Latias|Psyshock|p2a: Keldeo
|-crit|p2a: Keldeo
|-supereffective|p2a: Keldeo
|-end|p2a: Keldeo|Substitute
|-damage|p1a: Latias|240\/319|[from] item: Life Orb
|move|p2a: Keldeo|Scald|p1a: Latias
|-resisted|p1a: Latias
|-damage|p1a: Latias|195\/319
|
|-heal|p2a: Keldeo|362\/386|[from] item: Leftovers
|turn|4
|
|switch|p1a: Politoed|Politoed, M|383\/383
|-weather|RainDance
|switch|p2a: Ferrothorn|Ferrothorn, M|352\/352
|-damage|p2a: Ferrothorn|330\/352|[from] Stealth Rock
|
|-weather|RainDance|[upkeep]
|turn|5
|
|move|p1a: Politoed|Scald|p2a: Ferrothorn
|-resisted|p2a: Ferrothorn
|-damage|p2a: Ferrothorn|278\/352
|-status|p2a: Ferrothorn|brn
|move|p2a: Ferrothorn|Stealth Rock|p1a: Politoed
|-sidestart|p1: I ABR I|move: Stealth Rock
|
|-weather|RainDance|[upkeep]
|-damage|p2a: Ferrothorn|234\/352 brn|[from] brn
|turn|6
|
|move|p1a: Politoed|Encore|p2a: Ferrothorn
|-start|p2a: Ferrothorn|Encore
|move|p2a: Ferrothorn|Stealth Rock|p1a: Politoed
|-fail|p1a: Politoed
|
|-weather|RainDance|[upkeep]
|-damage|p2a: Ferrothorn|190\/352 brn|[from] brn
|turn|7
|
|switch|p2a: Heliolisk|Heliolisk, M|265\/265
|-damage|p2a: Heliolisk|232\/265|[from] Stealth Rock
|move|p1a: Politoed|Scald|p2a: Heliolisk
|-heal|p2a: Heliolisk|265\/265|[from] ability: Dry Skin|[of] p1a: Politoed
|
|-weather|RainDance|[upkeep]
|turn|8
|
|switch|p1a: Latias|Latias, F|195\/319
|-damage|p1a: Latias|156\/319|[from] Stealth Rock
|move|p2a: Heliolisk|Glare|p1a: Latias
|-status|p1a: Latias|par
|
|-weather|RainDance|[upkeep]
|turn|9
|
|move|p2a: Heliolisk|Volt Switch|p1a: Latias
|-resisted|p1a: Latias
|-damage|p1a: Latias|114\/319 par
|
|switch|p2a: Ferrothorn|Ferrothorn, M|190\/352 brn
|-damage|p2a: Ferrothorn|168\/352 brn|[from] Stealth Rock
|move|p1a: Latias|Draco Meteor|p2a: Ferrothorn
|-resisted|p2a: Ferrothorn
|-damage|p2a: Ferrothorn|48\/352 brn
|-unboost|p1a: Latias|spa|2
|-damage|p1a: Latias|83\/319 par|[from] item: Life Orb
|
|-weather|RainDance|[upkeep]
|-damage|p2a: Ferrothorn|4\/352 brn|[from] brn
|turn|10
|
|switch|p2a: Excadrill|Excadrill, F|393\/393
|-damage|p2a: Excadrill|381\/393|[from] Stealth Rock
|-ability|p2a: Excadrill|Mold Breaker
|move|p1a: Latias|Psyshock|p2a: Excadrill
|-resisted|p2a: Excadrill
|-damage|p2a: Excadrill|332\/393
|-damage|p1a: Latias|52\/319 par|[from] item: Life Orb
|
|-weather|RainDance|[upkeep]
|-heal|p2a: Excadrill|356\/393|[from] item: Leftovers
|turn|11
|
|switch|p1a: Garchomp|Garchomp, M|357\/357
|-damage|p1a: Garchomp|335\/357|[from] Stealth Rock
|move|p2a: Excadrill|Rapid Spin|p1a: Garchomp
|-damage|p1a: Garchomp|308\/357
|-damage|p2a: Excadrill|307\/393|[from] ability: Rough Skin|[of] p1a: Garchomp
|-sideend|p2: Risky Chance|Stealth Rock|[from] move: Rapid Spin|[of] p2a: Excadrill
|
|-weather|none
|-heal|p2a: Excadrill|331\/393|[from] item: Leftovers
|turn|12
|
|switch|p2a: Heliolisk|Heliolisk, M|265\/265
|move|p1a: Garchomp|Stealth Rock|p2a: Heliolisk
|-sidestart|p2: Risky Chance|move: Stealth Rock
|
|turn|13
|
|switch|p1a: Politoed|Politoed, M|383\/383
|-damage|p1a: Politoed|336\/383|[from] Stealth Rock
|-weather|RainDance
|move|p2a: Heliolisk|Glare|p1a: Politoed
|-status|p1a: Politoed|par
|
|-weather|RainDance|[upkeep]
|turn|14
|
|switch|p1a: Latias|Latias, F|52\/319 par
|-damage|p1a: Latias|13\/319 par|[from] Stealth Rock
|move|p2a: Heliolisk|Electric Terrain|p2a: Heliolisk
|-fieldstart|move: Electric Terrain
|
|-weather|RainDance|[upkeep]
|turn|15
|
|move|p2a: Heliolisk|Thunderbolt|p1a: Latias
|-resisted|p1a: Latias
|-damage|p1a: Latias|0 fnt
|faint|p1a: Latias
|
|-weather|RainDance|[upkeep]
|join|Gizmo
|join|Ox the Box
|c|âI ABR I|i just
|c|âI ABR I|dont understand
|
|switch|p1a: Kingdra|Kingdra, M|291\/291
|-damage|p1a: Kingdra|255\/291|[from] Stealth Rock
|turn|16
|
|move|p1a: Kingdra|Draco Meteor|p2a: Heliolisk
|-enditem|p2a: Heliolisk|Focus Sash
|-damage|p2a: Heliolisk|1\/265
|-unboost|p1a: Kingdra|spa|2
|-damage|p1a: Kingdra|226\/291|[from] item: Life Orb
|move|p2a: Heliolisk|Glare|p1a: Kingdra
|-status|p1a: Kingdra|par
|
|-weather|RainDance|[upkeep]
|-heal|p2a: Heliolisk|34\/265|[from] ability: Dry Skin
|turn|17
|c|âI ABR I|lmao
|c|âI ABR I|best set ever
|
|move|p2a: Heliolisk|Thunderbolt|p1a: Kingdra
|-damage|p1a: Kingdra|0 fnt
|faint|p1a: Kingdra
|
|-weather|RainDance|[upkeep]
|-heal|p2a: Heliolisk|67\/265|[from] ability: Dry Skin
|-message|I ABR I forfeited.
|leave|I ABR I
|
|switch|p1a: Kabutops|Kabutops, M|261\/261
|-damage|p1a: Kabutops|229\/261|[from] Stealth Rock
|turn|18
|
|win|Risky Chance
|raw|Ladder updating...
|player|p1
|raw|I ABR I's rating: 1683 &rarr; <strong>1650<\/strong><br \/>(-33 for losing)
|raw|Risky Chance's rating: 1411 &rarr; <strong>1444<\/strong><br \/>(+33 for winning)