|join|lil manaphy
|join|I ABR I
|player|p1|lil manaphy|9
|player|p2|I ABR I|291
|gametype|singles
|gen|6
|tier|OU
|rated
|clearpoke
|poke|p1|Lopunny, F
|poke|p1|Rotom-Wash
|poke|p1|Gothitelle, F
|poke|p1|Celebi
|poke|p1|Heatran, M
|poke|p1|Mandibuzz, F
|poke|p2|Venusaur, M
|poke|p2|Starmie
|poke|p2|Gliscor, M, shiny
|poke|p2|Jirachi
|poke|p2|Keldeo
|poke|p2|Tyranitar, M
|rule|Swagger Clause: Swagger is banned
|rule|Baton Pass Clause: Limit one PokÃ©mon knowing Baton Pass
|rule|Sleep Clause Mod: Limit one foe put to sleep
|rule|Species Clause: Limit one of each PokÃ©mon
|rule|OHKO Clause: OHKO moves are banned
|rule|Moody Clause: Moody is banned
|rule|Evasion Moves Clause: Evasion moves are banned
|rule|Endless Battle Clause: Forcing endless battles is banned
|rule|HP Percentage Mod: HP is shown in percentages
|teampreview
|join|WECAMEASROMANS
|c|âI ABR I|hello
|join|SeventyFive
|c| SeventyFive|go abr !
|c|âI ABR I|this goth
|join|RedKingAlmighty
|join|Yuttt.ttttt
|
|start
|switch|p1a: Lopunny|Lopunny, F|271\/271
|switch|p2a: Keldeo|Keldeo|323\/323
|turn|1
|c|âI ABR I|is gonna piss me off
|join|Scotti
|
|detailschange|p1a: Lopunny|Lopunny-Mega, F
|-mega|p1a: Lopunny|Lopunny|Lopunnite
|move|p1a: Lopunny|Fake Out|p2a: Keldeo
|-damage|p2a: Keldeo|248\/323
|cant|p2a: Keldeo|flinch
|
|turn|2
|join|daftmau5
|
|switch|p1a: Celebi|Celebi|404\/404
|switch|p2a: Gliscor|Gliscor, M, shiny|352\/352
|
|-status|p2a: Gliscor|tox|[from] item: Toxic Orb
|turn|3
|
|move|p1a: Celebi|Giga Drain|p2a: Gliscor
|-damage|p2a: Gliscor|264\/352 tox
|move|p2a: Gliscor|Stealth Rock|p1a: Celebi
|-sidestart|p1: lil manaphy|move: Stealth Rock
|
|-heal|p2a: Gliscor|308\/352 tox|[from] ability: Poison Heal
|turn|4
|c| WECAMEASROMANS|thank god it only gets one kill
|c| Scotti|mana do we have a connection
|
|move|p1a: Celebi|Giga Drain|p2a: Gliscor
|-damage|p2a: Gliscor|211\/352 tox
|move|p2a: Gliscor|Knock Off|p1a: Celebi
|-supereffective|p1a: Celebi
|-damage|p1a: Celebi|260\/404
|-enditem|p1a: Celebi|Leftovers|[from] move: Knock Off|[of] p2a: Gliscor
|
|-heal|p2a: Gliscor|255\/352 tox|[from] ability: Poison Heal
|turn|5
|
|switch|p2a: Venusaur|Venusaur, M|363\/363
|move|p1a: Celebi|Recover|p1a: Celebi
|-heal|p1a: Celebi|404\/404
|
|turn|6
|
|detailschange|p2a: Venusaur|Venusaur-Mega, M
|-mega|p2a: Venusaur|Venusaur|Venusaurite
|move|p1a: Celebi|Baton Pass|p1a: Celebi
|
|switch|p1a: Heatran|Heatran, M|385\/385
|-damage|p1a: Heatran|337\/385|[from] Stealth Rock
|move|p2a: Venusaur|Sludge Bomb|p1a: Heatran
|-immune|p1a: Heatran|[msg]
|
|-heal|p1a: Heatran|361\/385|[from] item: Leftovers
|turn|7
|c|âI ABR I|go goth
|
|switch|p2a: Starmie|Starmie|323\/323
|move|p1a: Heatran|Stealth Rock|p2a: Starmie
|-sidestart|p2: I ABR I|move: Stealth Rock
|
|-heal|p1a: Heatran|385\/385|[from] item: Leftovers
|turn|8
|
|switch|p1a: Rotom-Wash|Rotom-Wash|303\/303
|-damage|p1a: Rotom-Wash|266\/303|[from] Stealth Rock
|move|p2a: Starmie|Reflect Type|p1a: Rotom-Wash
|-start|p2a: Starmie|typechange|[from] move: Reflect Type|[of] p1a: Rotom-Wash
|
|-heal|p1a: Rotom-Wash|284\/303|[from] item: Leftovers
|turn|9
|
|move|p2a: Starmie|Rapid Spin|p1a: Rotom-Wash
|-damage|p1a: Rotom-Wash|278\/303
|-sideend|p2: I ABR I|Stealth Rock|[from] move: Rapid Spin|[of] p2a: Starmie
|move|p1a: Rotom-Wash|Volt Switch|p2a: Starmie
|-damage|p2a: Starmie|235\/323
|
|switch|p1a: Gothitelle|Gothitelle, F|301\/301
|-damage|p1a: Gothitelle|264\/301|[from] Stealth Rock
|
|-heal|p2a: Starmie|255\/323|[from] item: Leftovers
|turn|10
|
|move|p2a: Starmie|Scald|p1a: Gothitelle
|-damage|p1a: Gothitelle|173\/301
|move|p1a: Gothitelle|Trick|p2a: Starmie
|-activate|p1a: Gothitelle|move: Trick|[of] p2a: Starmie
|-item|p2a: Starmie|Choice Scarf|[from] move: Trick
|-item|p1a: Gothitelle|Leftovers|[from] move: Trick
|
|-heal|p1a: Gothitelle|191\/301|[from] item: Leftovers
|turn|11
|join|lsm1301gb
|
|move|p2a: Starmie|Scald|p1a: Gothitelle
|-damage|p1a: Gothitelle|101\/301
|move|p1a: Gothitelle|Calm Mind|p1a: Gothitelle
|-boost|p1a: Gothitelle|spa|1
|-boost|p1a: Gothitelle|spd|1
|
|-heal|p1a: Gothitelle|119\/301|[from] item: Leftovers
|turn|12
|
|move|p2a: Starmie|Scald|p1a: Gothitelle
|-damage|p1a: Gothitelle|61\/301
|move|p1a: Gothitelle|Rest|p1a: Gothitelle
|-status|p1a: Gothitelle|slp
|-heal|p1a: Gothitelle|301\/301 slp|[silent]
|-status|p1a: Gothitelle|slp|[from] move: Rest
|
|turn|13
|
|move|p2a: Starmie|Scald|p1a: Gothitelle
|-damage|p1a: Gothitelle|241\/301 slp
|cant|p1a: Gothitelle|slp
|
|-heal|p1a: Gothitelle|259\/301 slp|[from] item: Leftovers
|turn|14
|
|move|p2a: Starmie|Scald|p1a: Gothitelle
|-damage|p1a: Gothitelle|204\/301 slp
|cant|p1a: Gothitelle|slp
|
|-heal|p1a: Gothitelle|222\/301 slp|[from] item: Leftovers
|turn|15
|
|move|p2a: Starmie|Scald|p1a: Gothitelle
|-damage|p1a: Gothitelle|159\/301 slp
|-curestatus|p1a: Gothitelle|slp
|move|p1a: Gothitelle|Calm Mind|p1a: Gothitelle
|-boost|p1a: Gothitelle|spa|1
|-boost|p1a: Gothitelle|spd|1
|
|-heal|p1a: Gothitelle|177\/301|[from] item: Leftovers
|turn|16
|c| daftmau5|i bet you look forward to wasting 24 pp
|c| daftmau5|every battle
|c|âI ABR I|just kill me
|c|âI ABR I|i have
|c|âI ABR I|ttar
|leave|RedKingAlmighty
|
|move|p2a: Starmie|Scald|p1a: Gothitelle
|-damage|p1a: Gothitelle|135\/301
|-status|p1a: Gothitelle|brn
|move|p1a: Gothitelle|Rest|p1a: Gothitelle
|-status|p1a: Gothitelle|slp
|-heal|p1a: Gothitelle|301\/301 slp|[silent]
|-status|p1a: Gothitelle|slp|[from] move: Rest
|
|turn|17
|join|Braken ToTheStars
|
|move|p2a: Starmie|Scald|p1a: Gothitelle
|-damage|p1a: Gothitelle|256\/301 slp
|cant|p1a: Gothitelle|slp
|
|-heal|p1a: Gothitelle|274\/301 slp|[from] item: Leftovers
|turn|18
|c|âI ABR I|whats the point
|c| WECAMEASROMANS|if shes smart she wont kill your starmie
|c| Scotti|make him struggle
|
|move|p2a: Starmie|Scald|p1a: Gothitelle
|-damage|p1a: Gothitelle|234\/301 slp
|cant|p1a: Gothitelle|slp
|
|-heal|p1a: Gothitelle|252\/301 slp|[from] item: Leftovers
|turn|19
|c| WECAMEASROMANS|she'll just waste your PP
|join|chickennooodsa
|
|move|p2a: Starmie|Scald|p1a: Gothitelle
|-damage|p1a: Gothitelle|212\/301 slp
|-curestatus|p1a: Gothitelle|slp
|move|p1a: Gothitelle|Rest|p1a: Gothitelle
|-status|p1a: Gothitelle|slp
|-heal|p1a: Gothitelle|301\/301 slp|[silent]
|-status|p1a: Gothitelle|slp|[from] move: Rest
|
|turn|20
|
|move|p2a: Starmie|Scald|p1a: Gothitelle
|-damage|p1a: Gothitelle|261\/301 slp
|cant|p1a: Gothitelle|slp
|
|-heal|p1a: Gothitelle|279\/301 slp|[from] item: Leftovers
|turn|21
|c|âI ABR I|is this
|c|âI ABR I|really competitive
|c|âI ABR I|fuck smgon
|
|move|p2a: Starmie|Scald|p1a: Gothitelle
|-damage|p1a: Gothitelle|237\/301 slp
|cant|p1a: Gothitelle|slp
|
|-heal|p1a: Gothitelle|255\/301 slp|[from] item: Leftovers
|turn|22
|c|âI ABR I|smogon
|
|move|p2a: Starmie|Scald|p1a: Gothitelle
|-damage|p1a: Gothitelle|213\/301 slp
|-curestatus|p1a: Gothitelle|slp
|move|p1a: Gothitelle|Calm Mind|p1a: Gothitelle
|-boost|p1a: Gothitelle|spa|1
|-boost|p1a: Gothitelle|spd|1
|
|-heal|p1a: Gothitelle|231\/301|[from] item: Leftovers
|turn|23
|c| Scotti|go lil mana
|
|move|p2a: Starmie|Scald|p1a: Gothitelle
|-damage|p1a: Gothitelle|192\/301
|move|p1a: Gothitelle|Calm Mind|p1a: Gothitelle
|-boost|p1a: Gothitelle|spa|1
|-boost|p1a: Gothitelle|spd|1
|
|-heal|p1a: Gothitelle|210\/301|[from] item: Leftovers
|turn|24
|
|move|p2a: Starmie|Scald|p1a: Gothitelle
|-damage|p1a: Gothitelle|183\/301
|-status|p1a: Gothitelle|brn
|move|p1a: Gothitelle|Rest|p1a: Gothitelle
|-status|p1a: Gothitelle|slp
|-heal|p1a: Gothitelle|301\/301 slp|[silent]
|-status|p1a: Gothitelle|slp|[from] move: Rest
|
|turn|25
|
|move|p2a: Starmie|Scald|p1a: Gothitelle
|-damage|p1a: Gothitelle|273\/301 slp
|cant|p1a: Gothitelle|slp
|
|-heal|p1a: Gothitelle|291\/301 slp|[from] item: Leftovers
|turn|26
|
|move|p2a: Starmie|Scald|p1a: Gothitelle
|-damage|p1a: Gothitelle|261\/301 slp
|cant|p1a: Gothitelle|slp
|
|-heal|p1a: Gothitelle|279\/301 slp|[from] item: Leftovers
|turn|27
|
|move|p2a: Starmie|Scald|p1a: Gothitelle
|-damage|p1a: Gothitelle|252\/301 slp
|-curestatus|p1a: Gothitelle|slp
|move|p1a: Gothitelle|Calm Mind|p1a: Gothitelle
|-boost|p1a: Gothitelle|spa|1
|-boost|p1a: Gothitelle|spd|1
|
|-heal|p1a: Gothitelle|270\/301|[from] item: Leftovers
|turn|28
|leave|lsm1301gb
|c| SeventyFive|this game
|
|move|p2a: Starmie|Scald|p1a: Gothitelle
|-damage|p1a: Gothitelle|245\/301
|move|p1a: Gothitelle|Calm Mind|p1a: Gothitelle
|-boost|p1a: Gothitelle|spa|1
|-boost|p1a: Gothitelle|spd|1
|
|-heal|p1a: Gothitelle|263\/301|[from] item: Leftovers
|turn|29
|c| chickennooodsa|is aids
|c| chickennooodsa|as fuck
|leave|chickennooodsa
|c|âI ABR I|blame
|c|âI ABR I|shadow tag
|c|âI ABR I|worse than gren.
|
|move|p2a: Starmie|Scald|p1a: Gothitelle
|-damage|p1a: Gothitelle|239\/301
|move|p1a: Gothitelle|Rest|p1a: Gothitelle
|-status|p1a: Gothitelle|slp
|-heal|p1a: Gothitelle|301\/301 slp|[silent]
|-status|p1a: Gothitelle|slp|[from] move: Rest
|
|turn|30
|
|move|p2a: Starmie|Scald|p1a: Gothitelle
|-damage|p1a: Gothitelle|277\/301 slp
|cant|p1a: Gothitelle|slp
|
|-heal|p1a: Gothitelle|295\/301 slp|[from] item: Leftovers
|turn|31
|c| WECAMEASROMANS|lol shadow tag is borked as shit
|c| Braken ToTheStars|pp stall
|c|âI ABR I|ikr
|
|move|p2a: Starmie|Scald|p1a: Gothitelle
|-damage|p1a: Gothitelle|273\/301 slp
|cant|p1a: Gothitelle|slp
|
|-heal|p1a: Gothitelle|291\/301 slp|[from] item: Leftovers
|turn|32
|c|âI ABR I|no outplaying
|c|âI ABR I|no predicting
|c|âI ABR I|just gothing
|
|move|p2a: Starmie|Scald|p1a: Gothitelle
|-damage|p1a: Gothitelle|270\/301 slp
|-curestatus|p1a: Gothitelle|slp
|move|p1a: Gothitelle|Calm Mind|p1a: Gothitelle
|-fail|p1a: Gothitelle
|
|-heal|p1a: Gothitelle|288\/301|[from] item: Leftovers
|turn|33
|c|âI ABR I|surely i dont wanna go into my ttar on a rotom
|c|âI ABR I|to predict goth
|
|move|p2a: Starmie|Scald|p1a: Gothitelle
|-damage|p1a: Gothitelle|266\/301
|move|p1a: Gothitelle|Rest|p1a: Gothitelle
|-status|p1a: Gothitelle|slp
|-heal|p1a: Gothitelle|301\/301 slp|[silent]
|-status|p1a: Gothitelle|slp|[from] move: Rest
|
|turn|34
|c| Yuttt.ttttt|well its cuz u got outpredicted or w\/e once
|c|âI ABR I|no
|c| Yuttt.ttttt|this is just the flotsam
|c|âI ABR I|i cant go to my rotom checks
|c|âI ABR I|like venu
|c|âI ABR I|cuz then it gets trapped
|
|move|p2a: Starmie|Struggle|p1a: Gothitelle
|-damage|p1a: Gothitelle|277\/301 slp
|-damage|p2a: Starmie|175\/323
|cant|p1a: Gothitelle|slp
|
|-heal|p1a: Gothitelle|295\/301 slp|[from] item: Leftovers
|turn|35
|c| WECAMEASROMANS|well actually you can sac your venu to goth
|c| Yuttt.ttttt|not saying i dont agree
|
|move|p2a: Starmie|Struggle|p1a: Gothitelle
|-damage|p1a: Gothitelle|271\/301 slp
|-damage|p2a: Starmie|95\/323
|cant|p1a: Gothitelle|slp
|
|-heal|p1a: Gothitelle|289\/301 slp|[from] item: Leftovers
|turn|36
|c| Yuttt.ttttt|but
|c| WECAMEASROMANS|then kill the goth with ttar
|c| Yuttt.ttttt|its like saying
|c|âI ABR I|and then
|c|âI ABR I|lop has fun
|c|âI ABR I|lol
|
|move|p2a: Starmie|Struggle|p1a: Gothitelle
|-damage|p1a: Gothitelle|265\/301 slp
|-damage|p2a: Starmie|15\/323
|-curestatus|p1a: Gothitelle|slp
|move|p1a: Gothitelle|Calm Mind|p1a: Gothitelle
|-fail|p1a: Gothitelle
|
|-heal|p1a: Gothitelle|283\/301|[from] item: Leftovers
|turn|37
|leave|I ABR I
|player|p2
|c| WECAMEASROMANS|ik
|c| Yuttt.ttttt|"i cant go to ferrothorn on rotom-w"
|c| Yuttt.ttttt|because it can carry
|join|I ABR I
|c| Yuttt.ttttt|hp fire
|player|p2|I ABR I|291
|
|move|p2a: Starmie|Struggle|p1a: Gothitelle
|-damage|p1a: Gothitelle|257\/301
|-damage|p2a: Starmie|0 fnt
|faint|p2a: Starmie
|move|p1a: Gothitelle|Calm Mind|p1a: Gothitelle
|-fail|p1a: Gothitelle
|
|-heal|p1a: Gothitelle|275\/301|[from] item: Leftovers
|c|âlil manaphy|whoops
|c| WECAMEASROMANS|?????????????
|c| WECAMEASROMANS|LOL WHY DID YOU NOT SWITCH
|c| WECAMEASROMANS|omg mana
|
|switch|p2a: Tyranitar|Tyranitar, M|341\/341
|-weather|Sandstorm
|turn|38
|c| Yuttt.ttttt|skillful
|c| Yuttt.ttttt|plays
|c|âI ABR I|its ok
|c|âI ABR I|i dont know
|c|âI ABR I|if goth can beat venu
|c|âI ABR I|1v1
|
|move|p2a: Tyranitar|Pursuit|p1a: Gothitelle|[from]Pursuit
|-supereffective|p1a: Gothitelle
|-damage|p1a: Gothitelle|0 fnt
|faint|p1a: Gothitelle
|
|-weather|Sandstorm|[upkeep]
|
|switch|p1a: Mandibuzz|Mandibuzz, F|423\/423
|-damage|p1a: Mandibuzz|318\/423|[from] Stealth Rock
|turn|39
|c| Yuttt.ttttt|nice
|c| Yuttt.ttttt|play
|c|âI ABR I|im highly defensive
|
|switch|p2a: Gliscor|Gliscor, M, shiny|255\/352 tox
|move|p1a: Mandibuzz|Defog|p2a: Gliscor
|-unboost|p2a: Gliscor|evasion|1
|-sideend|p1: lil manaphy|Stealth Rock|[from] move: Defog|[of] p1a: Mandibuzz
|
|-weather|Sandstorm|[upkeep]
|-heal|p2a: Gliscor|299\/352 tox|[from] ability: Poison Heal
|turn|40
|
|move|p2a: Gliscor|Stealth Rock|p1a: Mandibuzz
|-sidestart|p1: lil manaphy|move: Stealth Rock
|move|p1a: Mandibuzz|Taunt|p2a: Gliscor
|-start|p2a: Gliscor|move: Taunt
|
|-weather|Sandstorm|[upkeep]
|-heal|p2a: Gliscor|343\/352 tox|[from] ability: Poison Heal
|turn|41
|
|move|p2a: Gliscor|Knock Off|p1a: Mandibuzz
|-resisted|p1a: Mandibuzz
|-damage|p1a: Mandibuzz|295\/423
|-damage|p2a: Gliscor|285\/352 tox|[from] item: Rocky Helmet|[of] p1a: Mandibuzz
|-enditem|p1a: Mandibuzz|Rocky Helmet|[from] move: Knock Off|[of] p2a: Gliscor
|move|p1a: Mandibuzz|Defog|p2a: Gliscor
|-unboost|p2a: Gliscor|evasion|1
|-sideend|p1: lil manaphy|Stealth Rock|[from] move: Defog|[of] p1a: Mandibuzz
|
|-weather|Sandstorm|[upkeep]
|-heal|p2a: Gliscor|329\/352 tox|[from] ability: Poison Heal
|turn|42
|
|switch|p2a: Venusaur|Venusaur-Mega, M|363\/363
|move|p1a: Mandibuzz|Roost|p1a: Mandibuzz
|-heal|p1a: Mandibuzz|423\/423
|
|-weather|none
|turn|43
|
|switch|p1a: Heatran|Heatran, M|385\/385
|move|p2a: Venusaur|Sludge Bomb|p1a: Heatran
|-immune|p1a: Heatran|[msg]
|
|turn|44
|
|switch|p2a: Gliscor|Gliscor, M, shiny|329\/352 tox
|move|p1a: Heatran|Stealth Rock|p2a: Gliscor
|-sidestart|p2: I ABR I|move: Stealth Rock
|
|-heal|p2a: Gliscor|352\/352 tox|[from] ability: Poison Heal
|turn|45
|
|switch|p1a: Rotom-Wash|Rotom-Wash|278\/303
|move|p2a: Gliscor|Stealth Rock|p1a: Rotom-Wash
|-sidestart|p1: lil manaphy|move: Stealth Rock
|
|-heal|p1a: Rotom-Wash|296\/303|[from] item: Leftovers
|turn|46
|
|move|p2a: Gliscor|Knock Off|p1a: Rotom-Wash
|-damage|p1a: Rotom-Wash|242\/303
|-enditem|p1a: Rotom-Wash|Leftovers|[from] move: Knock Off|[of] p2a: Gliscor
|move|p1a: Rotom-Wash|Hydro Pump|p2a: Gliscor|[miss]
|-miss|p1a: Rotom-Wash|p2a: Gliscor
|
|turn|47
|c| WECAMEASROMANS|skill
|
|switch|p2a: Venusaur|Venusaur-Mega, M|363\/363
|-damage|p2a: Venusaur|318\/363|[from] Stealth Rock
|move|p1a: Rotom-Wash|Hydro Pump|p2a: Venusaur
|-resisted|p2a: Venusaur
|-damage|p2a: Venusaur|259\/363
|
|turn|48
|
|switch|p1a: Heatran|Heatran, M|385\/385
|-damage|p1a: Heatran|337\/385|[from] Stealth Rock
|move|p2a: Venusaur|Giga Drain|p1a: Heatran
|-resisted|p1a: Heatran
|-damage|p1a: Heatran|319\/385
|-heal|p2a: Venusaur|268\/363|[from] drain|[of] p1a: Heatran
|
|-heal|p1a: Heatran|343\/385|[from] item: Leftovers
|turn|49
|
|switch|p2a: Gliscor|Gliscor, M, shiny|352\/352 tox
|-damage|p2a: Gliscor|308\/352 tox|[from] Stealth Rock
|move|p1a: Heatran|Lava Plume|p2a: Gliscor
|-damage|p2a: Gliscor|179\/352 tox
|
|-heal|p1a: Heatran|367\/385|[from] item: Leftovers
|-heal|p2a: Gliscor|223\/352 tox|[from] ability: Poison Heal
|turn|50
|
|switch|p1a: Rotom-Wash|Rotom-Wash|242\/303
|-damage|p1a: Rotom-Wash|205\/303|[from] Stealth Rock
|move|p2a: Gliscor|Taunt|p1a: Rotom-Wash
|-start|p1a: Rotom-Wash|move: Taunt
|
|-heal|p2a: Gliscor|267\/352 tox|[from] ability: Poison Heal
|turn|51
|
|switch|p2a: Venusaur|Venusaur-Mega, M|268\/363
|-damage|p2a: Venusaur|223\/363|[from] Stealth Rock
|move|p1a: Rotom-Wash|Hydro Pump|p2a: Venusaur
|-resisted|p2a: Venusaur
|-damage|p2a: Venusaur|168\/363
|
|turn|52
|
|switch|p1a: Heatran|Heatran, M|367\/385
|-damage|p1a: Heatran|319\/385|[from] Stealth Rock
|move|p2a: Venusaur|Synthesis|p2a: Venusaur
|-heal|p2a: Venusaur|349\/363
|
|-heal|p1a: Heatran|343\/385|[from] item: Leftovers
|turn|53
|
|switch|p2a: Gliscor|Gliscor, M, shiny|267\/352 tox
|-damage|p2a: Gliscor|223\/352 tox|[from] Stealth Rock
|move|p1a: Heatran|Lava Plume|p2a: Gliscor
|-damage|p2a: Gliscor|103\/352 tox
|
|-heal|p1a: Heatran|367\/385|[from] item: Leftovers
|-heal|p2a: Gliscor|147\/352 tox|[from] ability: Poison Heal
|turn|54
|
|switch|p1a: Rotom-Wash|Rotom-Wash|205\/303
|-damage|p1a: Rotom-Wash|168\/303|[from] Stealth Rock
|move|p2a: Gliscor|Roost|p2a: Gliscor
|-heal|p2a: Gliscor|323\/352 tox
|
|-heal|p2a: Gliscor|352\/352 tox|[from] ability: Poison Heal
|turn|55
|
|move|p2a: Gliscor|Taunt|p1a: Rotom-Wash
|-start|p1a: Rotom-Wash|move: Taunt
|cant|p1a: Rotom-Wash|move: Taunt|Pain Split
|
|turn|56
|
|switch|p2a: Jirachi|Jirachi|404\/404
|-damage|p2a: Jirachi|379\/404|[from] Stealth Rock
|move|p1a: Rotom-Wash|Hydro Pump|p2a: Jirachi
|-damage|p2a: Jirachi|244\/404
|
|-heal|p2a: Jirachi|269\/404|[from] item: Leftovers
|turn|57
|
|move|p2a: Jirachi|Toxic|p1a: Rotom-Wash
|-status|p1a: Rotom-Wash|tox
|move|p1a: Rotom-Wash|Volt Switch|p2a: Jirachi
|-damage|p2a: Jirachi|185\/404
|
|switch|p1a: Heatran|Heatran, M|367\/385
|-damage|p1a: Heatran|319\/385|[from] Stealth Rock
|
|-heal|p2a: Jirachi|210\/404|[from] item: Leftovers
|-heal|p1a: Heatran|343\/385|[from] item: Leftovers
|turn|58
|join|Dragonite VII
|c| Dragonite VII|Looks solid
|c|âI ABR I|:)
|
|switch|p2a: Gliscor|Gliscor, M, shiny|352\/352 tox
|-damage|p2a: Gliscor|308\/352 tox|[from] Stealth Rock
|move|p1a: Heatran|Lava Plume|p2a: Gliscor
|-damage|p2a: Gliscor|175\/352 tox
|
|-heal|p1a: Heatran|367\/385|[from] item: Leftovers
|-heal|p2a: Gliscor|219\/352 tox|[from] ability: Poison Heal
|turn|59
|
|switch|p1a: Celebi|Celebi|404\/404
|-damage|p1a: Celebi|354\/404|[from] Stealth Rock
|move|p2a: Gliscor|Taunt|p1a: Celebi
|-start|p1a: Celebi|move: Taunt
|
|-heal|p2a: Gliscor|263\/352 tox|[from] ability: Poison Heal
|turn|60
|
|switch|p2a: Tyranitar|Tyranitar, M|341\/341
|-damage|p2a: Tyranitar|299\/341|[from] Stealth Rock
|-weather|Sandstorm
|move|p1a: Celebi|Giga Drain|p2a: Tyranitar
|-supereffective|p2a: Tyranitar
|-damage|p2a: Tyranitar|177\/341
|-heal|p1a: Celebi|404\/404|[from] drain|[of] p2a: Tyranitar
|
|-weather|Sandstorm|[upkeep]
|-damage|p1a: Celebi|379\/404|[from] Sandstorm
|turn|61
|
|move|p2a: Tyranitar|Crunch|p1a: Celebi
|-supereffective|p1a: Celebi
|-damage|p1a: Celebi|73\/404
|move|p1a: Celebi|Giga Drain|p2a: Tyranitar
|-supereffective|p2a: Tyranitar
|-damage|p2a: Tyranitar|55\/341
|-heal|p1a: Celebi|134\/404|[from] drain|[of] p2a: Tyranitar
|
|-weather|Sandstorm|[upkeep]
|-damage|p1a: Celebi|109\/404|[from] Sandstorm
|turn|62
|
|switch|p1a: Lopunny|Lopunny-Mega, F|271\/271
|-damage|p1a: Lopunny|255\/271|[from] Stealth Rock
|move|p2a: Tyranitar|Crunch|p1a: Lopunny
|-resisted|p1a: Lopunny
|-damage|p1a: Lopunny|182\/271
|
|-weather|Sandstorm|[upkeep]
|-damage|p1a: Lopunny|166\/271|[from] Sandstorm
|turn|63
|
|move|p1a: Lopunny|Power-Up Punch|p2a: Tyranitar
|-supereffective|p2a: Tyranitar
|-damage|p2a: Tyranitar|0 fnt
|-boost|p1a: Lopunny|atk|1
|faint|p2a: Tyranitar
|
|-weather|Sandstorm|[upkeep]
|-damage|p1a: Lopunny|150\/271|[from] Sandstorm
|c| daftmau5|shiet
|c| Yuttt.ttttt|los ruh roh
|c|âlil manaphy|better be scarf keldeo
|c|âI ABR I|nah
|c|âI ABR I|venu should tank
|c|âI ABR I|ez pz
|c| Dragonite VII|ehhh
|c| daftmau5|uh
|c| Dragonite VII|mana, u scrub. get in the room
|c| Dragonite VII|jesus
|c| Yuttt.ttttt|just dodge hyrdo pumps with gliscor
|c| Scotti|lel watch venu die
|c|âI ABR I|nah the issue is sand
|c| daftmau5|gggggggg
|c| Yuttt.ttttt|time out
|c| Yuttt.ttttt|imo
|c|âI ABR I|hmm
|c| Scotti|mana win for me <3
|c| Yuttt.ttttt|whats ht edecision .-.
|
|switch|p2a: Venusaur|Venusaur-Mega, M|349\/363
|-damage|p2a: Venusaur|304\/363|[from] Stealth Rock
|turn|64
|c| Yuttt.ttttt|either you are scarf keldeo
|c| Yuttt.ttttt|or u go venus
|c| Yuttt.ttttt|and hope to win
|c|âI ABR I|its ok i got this
|c|âI ABR I|dw
|c| Scotti|lel crit
|c|âI ABR I|ill take
|c| daftmau5|if this lives, i call min roll
|c|âI ABR I|48
|c| Scotti|crit crit crit
|
|move|p1a: Lopunny|Return|p2a: Venusaur
|-damage|p2a: Venusaur|123\/363
|move|p2a: Venusaur|Giga Drain|p1a: Lopunny
|-damage|p1a: Lopunny|38\/271
|-heal|p2a: Venusaur|179\/363|[from] drain|[of] p1a: Lopunny
|
|-weather|none
|turn|65
|c|âI ABR I|that was
|c|âI ABR I|a high roll
|c|âlil manaphy|welp
|c| Scotti|go mana crit
|
|move|p1a: Lopunny|Return|p2a: Venusaur
|-damage|p2a: Venusaur|0 fnt
|faint|p2a: Venusaur
|
|c| Scotti|or that
|c|âI ABR I|2 high rolls
|c|âI ABR I|nice
|c| Scotti|yes
|c| Yuttt.ttttt|adamant
|c| Yuttt.ttttt|imo
|
|switch|p2a: Gliscor|Gliscor, M, shiny|263\/352 tox
|-damage|p2a: Gliscor|219\/352 tox|[from] Stealth Rock
|turn|66
|c| daftmau5|+1 252+ Atk Mega Lopunny Return vs. 252 HP \/ 252+ Def Mega Venusaur: 178-210 (48.9 - 57.6%) -- guaranteed 2HKO after Stealth Rock
|c| Scotti|ice punch my luv
|c|âI ABR I|adamant?
|c| daftmau5|who runs jolly lop
|
|move|p1a: Lopunny|Return|p2a: Gliscor
|-damage|p2a: Gliscor|29\/352 tox
|move|p2a: Gliscor|Knock Off|p1a: Lopunny
|-resisted|p1a: Lopunny
|-damage|p1a: Lopunny|14\/271
|
|-heal|p2a: Gliscor|73\/352 tox|[from] ability: Poison Heal
|turn|67
|c| daftmau5|gren got banned bruz
|c|âlil manaphy|LOL
|c|âI ABR I|welp
|c| Scotti|lel
|c| Dragonite VII|haha
|c|âlil manaphy|oh wait u dont have eq
|c|âI ABR I|this is the calc
|c|âlil manaphy|duh...
|c|âI ABR I|+1 252 Atk Mega Lopunny Return vs. 248 HP \/ 240+ Def Mega Venusaur: 162-192 (44.6 - 52.8%) -- 24.6% chance to 2HKO
|c|âlil manaphy|then yeap gg
|c|âI ABR I|i woulda preferred
|c| daftmau5|mana, you're adamant right?
|c|âI ABR I|lower rolls
|c|âI ABR I|and maybe
|c|âI ABR I|no goth
|c|âI ABR I|so i can spin
|c|âI ABR I|but uk
|c|âI ABR I|stag is cool
|c|âI ABR I|"gg"
|c| Dragonite VII|ik
|-message|I ABR I forfeited.
|c| Scotti|i luv you mana your my idol
|leave|I ABR I
|
|win|lil manaphy
|raw|Ladder updating...
|player|p2
|raw|lil manaphy's rating: 1794 &rarr; <strong>1805<\/strong><br \/>(+11 for winning)
|raw|I ABR I's rating: 1623 &rarr; <strong>1612<\/strong><br \/>(-11 for losing)