|join|mathiuszero23
|join|I ABR I
|player|p1|mathiuszero23|238
|player|p2|I ABR I|291
|gametype|singles
|gen|6
|tier|OU (suspect test)
|rated
|clearpoke
|poke|p1|Aerodactyl, M, shiny
|poke|p1|Volcarona, F, shiny
|poke|p1|Weezing, M, shiny
|poke|p1|Galvantula, M, shiny
|poke|p1|Venusaur, M
|poke|p1|Garchomp, M, shiny
|poke|p2|Politoed, M
|poke|p2|Keldeo
|poke|p2|Kabutops, M
|poke|p2|Raikou
|poke|p2|Metagross
|poke|p2|Garchomp, M
|rule|Swagger Clause: Swagger is banned
|rule|Baton Pass Clause: Limit one PokÃ©mon knowing Baton Pass
|rule|Sleep Clause Mod: Limit one foe put to sleep
|rule|Species Clause: Limit one of each PokÃ©mon
|rule|OHKO Clause: OHKO moves are banned
|rule|Moody Clause: Moody is banned
|rule|Evasion Moves Clause: Evasion moves are banned
|rule|Endless Battle Clause: Forcing endless battles is banned
|rule|HP Percentage Mod: HP is shown in percentages
|teampreview
|join|cosine180
|join|jake5
|
|start
|switch|p1a: Aerodactyl|Aerodactyl, M, shiny|322\/322
|switch|p2a: Garchomp|Garchomp, M|357\/357
|-ability|p1a: Aerodactyl|Unnerve|p2: I ABR I
|turn|1
|
|move|p2a: Garchomp|Dragon Claw|p1a: Aerodactyl
|-damage|p1a: Aerodactyl|153\/322
|move|p1a: Aerodactyl|Stealth Rock|p2a: Garchomp
|-sidestart|p2: I ABR I|move: Stealth Rock
|
|turn|2
|c|âI ABR I|oh
|
|move|p2a: Garchomp|Stealth Rock|p1a: Aerodactyl
|-sidestart|p1: mathiuszero23|move: Stealth Rock
|move|p1a: Aerodactyl|Ice Fang|p2a: Garchomp
|-supereffective|p2a: Garchomp
|-damage|p2a: Garchomp|125\/357
|
|turn|3
|c|âI ABR I|ok then
|c|âI ABR I|whoops
|join|RedKingAlmighty
|c|âI ABR I|no rough skin
|
|move|p2a: Garchomp|Dragon Claw|p1a: Aerodactyl
|-damage|p1a: Aerodactyl|0 fnt
|faint|p1a: Aerodactyl
|
|c| cosine180|why the fuck
|
|switch|p1a: Galvantula|Galvantula, M, shiny|282\/282
|-damage|p1a: Galvantula|212\/282|[from] Stealth Rock
|turn|4
|c| cosine180|did u just outspeed
|c| jake5|lol chomp is faster
|c|âI ABR I|idk man
|
|switch|p2a: Politoed|Politoed, M|383\/383
|-damage|p2a: Politoed|336\/383|[from] Stealth Rock
|-weather|RainDance
|move|p1a: Galvantula|Sticky Web|p2a: Politoed
|-sidestart|p2: I ABR I|move: Sticky Web
|
|-weather|RainDance|[upkeep]
|turn|5
|c| cosine180|inb4 u outspeed this too
|
|switch|p2a: Garchomp|Garchomp, M|125\/357
|-activate|p2a: Garchomp|move: Sticky Web
|-unboost|p2a: Garchomp|spe|1
|-damage|p2a: Garchomp|103\/357|[from] Stealth Rock
|move|p1a: Galvantula|Thunder|p2a: Garchomp
|-immune|p2a: Garchomp|[msg]
|
|-weather|RainDance|[upkeep]
|turn|6
|join|Pryda
|
|move|p1a: Galvantula|Energy Ball|p2a: Garchomp
|-damage|p2a: Garchomp|0 fnt
|-damage|p1a: Galvantula|184\/282|[from] item: Life Orb
|faint|p2a: Garchomp
|
|-weather|RainDance|[upkeep]
|
|switch|p2a: Kabutops|Kabutops, M|261\/261
|-damage|p2a: Kabutops|229\/261|[from] Stealth Rock
|-activate|p2a: Kabutops|move: Sticky Web
|-unboost|p2a: Kabutops|spe|1
|turn|7
|
|move|p1a: Galvantula|Thunder|p2a: Kabutops
|-supereffective|p2a: Kabutops
|-damage|p2a: Kabutops|0 fnt
|-damage|p1a: Galvantula|156\/282|[from] item: Life Orb
|faint|p2a: Kabutops
|
|-weather|RainDance|[upkeep]
|c|âI ABR I|uh
|c| cosine180|ite
|c|âI ABR I|wait a sec
|c|âI ABR I|is +1 kabu
|c|âI ABR I|not faster
|join|praj.pran
|c|âI ABR I|?
|
|switch|p2a: Metagross|Metagross|301\/301
|-damage|p2a: Metagross|283\/301|[from] Stealth Rock
|-activate|p2a: Metagross|move: Sticky Web
|-fail|p2a: Metagross|unboost|[from] ability: Clear Body|[of] p2a: Metagross
|turn|8
|c| Pryda|it's not +1
|c| cosine180|yea
|
|detailschange|p2a: Metagross|Metagross-Mega
|-mega|p2a: Metagross|Metagross|Metagrossite
|move|p1a: Galvantula|Bug Buzz|p2a: Metagross
|-damage|p2a: Metagross|137\/301
|-damage|p1a: Galvantula|128\/282|[from] item: Life Orb
|move|p2a: Metagross|Meteor Mash|p1a: Galvantula
|-resisted|p1a: Galvantula
|-damage|p1a: Galvantula|0 fnt
|faint|p1a: Galvantula
|
|-weather|RainDance|[upkeep]
|c|âI ABR I|tru
|c|âI ABR I|welp
|c|âI ABR I|i feel like im slacking on the swift swimmers
|c| Pryda|for example
|c| Pryda|if Kingdra hits
|c|âI ABR I|yea ik
|c| Pryda|262
|
|switch|p1a: Garchomp|Garchomp, M, shiny|358\/358
|-damage|p1a: Garchomp|336\/358|[from] Stealth Rock
|turn|9
|c|âI ABR I|.6667
|c|âI ABR I|times 2
|c|âI ABR I|or
|c| Pryda|y
|c|âI ABR I|no
|c|âI ABR I|yea
|c| Pryda|sorry 263
|c| Pryda|263*1.5=394.5
|
|switch|p2a: Raikou|Raikou|329\/329
|-activate|p2a: Raikou|move: Sticky Web
|-unboost|p2a: Raikou|spe|1
|-damage|p2a: Raikou|288\/329|[from] Stealth Rock
|-ability|p2a: Raikou|Pressure
|move|p1a: Garchomp|Earthquake|p2a: Raikou
|-supereffective|p2a: Raikou
|-damage|p2a: Raikou|0 fnt
|faint|p2a: Raikou
|
|-weather|RainDance|[upkeep]
|c| Pryda|whereas
|c| cosine180|u have 3 ground weaknesses
|c| cosine180|and no resists
|
|switch|p2a: Keldeo|Keldeo|323\/323
|-damage|p2a: Keldeo|303\/323|[from] Stealth Rock
|-activate|p2a: Keldeo|move: Sticky Web
|-unboost|p2a: Keldeo|spe|1
|turn|10
|c| Pryda|263*2*0.6666
|c| Pryda|=350
|c|âI ABR I|another
|c|âI ABR I|good point
|c|âI ABR I|ill rebuild lol
|
|switch|p1a: Venusaur|Venusaur, M|331\/331
|-damage|p1a: Venusaur|290\/331|[from] Stealth Rock
|move|p2a: Keldeo|Hydro Pump|p1a: Venusaur
|-resisted|p1a: Venusaur
|-damage|p1a: Venusaur|103\/331
|
|-weather|RainDance|[upkeep]
|turn|11
|c| cosine180|blown back
|join|Dark380
|c|âI ABR I|i told u
|c|âI ABR I|this is fun
|c|âI ABR I|lol
|
|detailschange|p1a: Venusaur|Venusaur-Mega, M
|-mega|p1a: Venusaur|Venusaur|Venusaurite
|move|p2a: Keldeo|Hydro Pump|p1a: Venusaur|[miss]
|-miss|p2a: Keldeo|p1a: Venusaur
|move|p1a: Venusaur|Giga Drain|p2a: Keldeo
|-supereffective|p2a: Keldeo
|-damage|p2a: Keldeo|85\/323
|-heal|p1a: Venusaur|212\/331|[from] drain|[of] p2a: Keldeo
|
|-weather|none
|turn|12
|c|âI ABR I|lemme start with
|c|âI ABR I|poli keld
|c|âI ABR I|1 more time
|-message|I ABR I forfeited.
|leave|I ABR I
|c| cosine180|i still dont like kldeo
|c| cosine180|on rain
|leave|Pryda
|
|win|mathiuszero23
|raw|Ladder updating...
|player|p2
|raw|mathiuszero23's rating: 1076 &rarr; <strong>1108<\/strong><br \/>(+32 for winning)
|raw|I ABR I's rating: 1125 &rarr; <strong>1096<\/strong><br \/>(-29 for losing)
|leave|cosine180
|leave|mathiuszero23
|player|p1
|leave|Dark380
|leave|jake5
|leave|praj.pran