|join|I ABR I
|join|New Light
|player|p1|I ABR I|291
|player|p2|New Light|156
|gametype|singles
|gen|6
|tier|OU (suspect test)
|rated
|clearpoke
|poke|p1|Politoed, M
|poke|p1|Keldeo
|poke|p1|Manectric, M
|poke|p1|Kabutops, M
|poke|p1|Tornadus-Therian, M
|poke|p1|Garchomp, M
|poke|p2|Jynx, F
|poke|p2|Regice, shiny
|poke|p2|Avalugg, F, shiny
|poke|p2|Froslass, F
|poke|p2|Kyurem-Black, shiny
|poke|p2|Piloswine, M
|rule|Swagger Clause: Swagger is banned
|rule|Baton Pass Clause: Limit one PokÃ©mon knowing Baton Pass
|rule|Sleep Clause Mod: Limit one foe put to sleep
|rule|Species Clause: Limit one of each PokÃ©mon
|rule|OHKO Clause: OHKO moves are banned
|rule|Moody Clause: Moody is banned
|rule|Evasion Moves Clause: Evasion moves are banned
|rule|Endless Battle Clause: Forcing endless battles is banned
|rule|HP Percentage Mod: HP is shown in percentages
|teampreview
|join|Ox the Fox
|
|start
|switch|p1a: Garchomp|Garchomp, M|357\/357
|switch|p2a: Shadynasty|Jynx, F|272\/272
|turn|1
|
|move|p1a: Garchomp|Stealth Rock|p2a: Shadynasty
|-sidestart|p2: New Light|move: Stealth Rock
|move|p2a: Shadynasty|Ice Beam|p1a: Garchomp
|-supereffective|p1a: Garchomp
|-damage|p1a: Garchomp|0 fnt
|faint|p1a: Garchomp
|
|join|no reqs for u
|
|switch|p1a: Manectric|Manectric, M|281\/281
|turn|2
|join|PoweredByRevenge
|
|switch|p2a: Piloswine|Piloswine, M|404\/404
|-damage|p2a: Piloswine|354\/404|[from] Stealth Rock
|detailschange|p1a: Manectric|Manectric-Mega, M
|-mega|p1a: Manectric|Manectric|Manectite
|-ability|p1a: Manectric|Intimidate|[of] p2a: Piloswine
|-unboost|p2a: Piloswine|atk|1
|move|p1a: Manectric|Volt Switch|p2a: Piloswine
|-immune|p2a: Piloswine|[msg]
|
|turn|3
|
|switch|p1a: Keldeo|Keldeo|323\/323
|move|p2a: Piloswine|Earthquake|p1a: Keldeo
|-damage|p1a: Keldeo|206\/323
|
|turn|4
|
|move|p1a: Keldeo|Scald|p2a: Piloswine
|-supereffective|p2a: Piloswine
|-damage|p2a: Piloswine|0 fnt
|faint|p2a: Piloswine
|
|
|switch|p2a: Shadynasty|Jynx, F|272\/272
|-damage|p2a: Shadynasty|204\/272|[from] Stealth Rock
|turn|5
|
|move|p1a: Keldeo|Scald|p2a: Shadynasty
|-heal|p2a: Shadynasty|272\/272|[from] ability: Dry Skin|[of] p1a: Keldeo
|move|p2a: Shadynasty|Lovely Kiss|p1a: Keldeo
|-status|p1a: Keldeo|slp
|
|turn|6
|c| no reqs for u|,
|c|âI ABR I|,
|c|âI ABR I|am i supposed to k
|c|âI ABR I|what this shit does
|
|switch|p1a: Politoed|Politoed, M|383\/383
|-weather|RainDance
|move|p2a: Shadynasty|Ice Beam|p1a: Politoed
|-resisted|p1a: Politoed
|-damage|p1a: Politoed|329\/383
|
|-weather|RainDance|[upkeep]
|turn|7
|join|CleanerThanRotom-W
|
|switch|p2a: Regice|Regice, shiny|364\/364
|-damage|p2a: Regice|273\/364|[from] Stealth Rock
|move|p1a: Politoed|Scald|p2a: Regice
|-damage|p2a: Regice|212\/364
|-status|p2a: Regice|brn
|
|-weather|RainDance|[upkeep]
|-heal|p2a: Regice|234\/364 brn|[from] item: Leftovers
|-damage|p2a: Regice|189\/364 brn|[from] brn
|turn|8
|join|Starmei
|c| Ox the Fox|jynx has dry skin
|c| no reqs for u|(still has dry skin)
|
|switch|p1a: Keldeo|Keldeo|206\/323 slp
|move|p2a: Regice|Thunderbolt|p1a: Keldeo
|-supereffective|p1a: Keldeo
|-damage|p1a: Keldeo|46\/323 slp
|
|-weather|RainDance|[upkeep]
|-heal|p2a: Regice|211\/364 brn|[from] item: Leftovers
|-damage|p2a: Regice|166\/364 brn|[from] brn
|turn|9
|c|âI ABR I|whats a prediction
|c| no reqs for u|damn this man is out here
|c|âI ABR I|jk i totally forgot
|c| Ox the Fox|lol
|
|cant|p1a: Keldeo|slp
|move|p2a: Regice|Rest|p2a: Regice
|-status|p2a: Regice|slp
|-heal|p2a: Regice|364\/364 slp|[silent]
|-status|p2a: Regice|slp|[from] move: Rest
|
|-weather|RainDance|[upkeep]
|turn|10
|c|âI ABR I|im not rly playing rn
|c|âI ABR I|r u shittin me
|c| Ox the Fox|abr confirmed to have an attention span of 2 turns
|c|âI ABR I|im
|c|âI ABR I|not taking this seriously
|c|âI ABR I|oxen
|
|-curestatus|p1a: Keldeo|slp
|move|p1a: Keldeo|Secret Sword|p2a: Regice
|-supereffective|p2a: Regice
|-damage|p2a: Regice|0 fnt
|faint|p2a: Regice
|
|-weather|RainDance|[upkeep]
|c|âI ABR I|we out here
|
|switch|p2a: Avalugg|Avalugg, F, shiny|394\/394
|-damage|p2a: Avalugg|296\/394|[from] Stealth Rock
|turn|11
|c|âI ABR I|watch it live
|c|âI ABR I|if it spins i cry
|c| Starmei|~~.~~
|c| no reqs for u|ez
|
|move|p1a: Keldeo|Secret Sword|p2a: Avalugg
|-crit|p2a: Avalugg
|-supereffective|p2a: Avalugg
|-damage|p2a: Avalugg|0 fnt
|faint|p2a: Avalugg
|
|-weather|RainDance|[upkeep]
|c| no reqs for u|hacker
|c|âI ABR I|can u calc
|c|âI ABR I|ill calc
|c|âI ABR I|252 SpA Choice Specs Keldeo Secret Sword vs. 248 HP \/ 252+ Def Avalugg: 192-228 (48.8 - 58%) -- 50.8% chance to 2HKO after Leftovers recovery
|c|âI ABR I|oml
|
|switch|p2a: Froslass|Froslass, F|344\/344
|-damage|p2a: Froslass|258\/344|[from] Stealth Rock
|turn|12
|
|move|p2a: Froslass|Spikes|p1a: Keldeo
|-sidestart|p1: I ABR I|Spikes
|move|p1a: Keldeo|Secret Sword|p2a: Froslass
|-immune|p2a: Froslass|[msg]
|
|-weather|RainDance|[upkeep]
|turn|13
|
|switch|p1a: Tornadus-Therian|Tornadus-Therian, M|299\/299
|move|p2a: Froslass|Spikes|p1a: Tornadus-Therian
|-sidestart|p1: I ABR I|Spikes
|
|-weather|none
|turn|14
|
|move|p1a: Tornadus-Therian|Knock Off|p2a: Froslass
|-supereffective|p2a: Froslass
|-damage|p2a: Froslass|58\/344
|-start|p1a: Tornadus-Therian|Disable|Knock Off
|-enditem|p2a: Froslass|Focus Sash|[from] move: Knock Off|[of] p1a: Tornadus-Therian
|move|p2a: Froslass|Thunder Wave|p1a: Tornadus-Therian
|-status|p1a: Tornadus-Therian|par
|
|turn|15
|c|âI ABR I|im surprised i won this
|leave|Starmei
|c|âI ABR I|dude pls kill me already
|
|switch|p1a: Politoed|Politoed, M|329\/383
|-damage|p1a: Politoed|266\/383|[from] Spikes
|-weather|RainDance
|move|p2a: Froslass|Spikes|p1a: Politoed
|-sidestart|p1: I ABR I|Spikes
|
|-weather|RainDance|[upkeep]
|turn|16
|
|switch|p1a: Keldeo|Keldeo|46\/323
|-damage|p1a: Keldeo|0 fnt|[from] Spikes
|faint|p1a: Keldeo
|move|p2a: Froslass|Taunt|p1: Keldeo|[notarget]
|-notarget
|
|-weather|RainDance|[upkeep]
|
|switch|p1a: Kabutops|Kabutops, M|261\/261
|-damage|p1a: Kabutops|196\/261|[from] Spikes
|turn|17
|c|âI ABR I|shit do i have to hit a stone edge
|c| no reqs for u|yh
|c|âI ABR I|ugh
|
|switch|p2a: Shadynasty|Jynx, F|272\/272
|-damage|p2a: Shadynasty|204\/272|[from] Stealth Rock
|move|p1a: Kabutops|Waterfall|p2a: Shadynasty
|-heal|p2a: Shadynasty|272\/272|[from] ability: Dry Skin|[of] p1a: Kabutops
|
|-weather|RainDance|[upkeep]
|turn|18
|c|âI ABR I|fuck its sash
|c|âI ABR I|isnt it
|c| no reqs for u|pls be sash
|
|switch|p1a: Tornadus-Therian|Tornadus-Therian, M|299\/299 par
|move|p2a: Shadynasty|Lovely Kiss|p1a: Tornadus-Therian
|-fail|p1a: Tornadus-Therian
|
|-weather|RainDance|[upkeep]
|turn|19
|c|âNew Light|it might be sash
|c|âI ABR I|it definitely is
|c| no reqs for u|yh
|c| no reqs for u|hurricane here
|
|move|p2a: Shadynasty|Ice Beam|p1a: Tornadus-Therian
|-supereffective|p1a: Tornadus-Therian
|-damage|p1a: Tornadus-Therian|65\/299 par
|move|p1a: Tornadus-Therian|Knock Off|p2a: Shadynasty
|-supereffective|p2a: Shadynasty
|-enditem|p2a: Shadynasty|Focus Sash
|-damage|p2a: Shadynasty|1\/272
|
|-weather|RainDance|[upkeep]
|-heal|p2a: Shadynasty|35\/272|[from] ability: Dry Skin
|turn|20
|c| no reqs for u|o
|c|âI ABR I|beautiful
|
|move|p2a: Shadynasty|Ice Beam|p1a: Tornadus-Therian
|-supereffective|p1a: Tornadus-Therian
|-damage|p1a: Tornadus-Therian|0 fnt
|faint|p1a: Tornadus-Therian
|
|-weather|RainDance|[upkeep]
|-heal|p2a: Shadynasty|69\/272|[from] ability: Dry Skin
|
|switch|p1a: Kabutops|Kabutops, M|196\/261
|-damage|p1a: Kabutops|131\/261|[from] Spikes
|turn|21
|c| no reqs for u|inb4 froslass
|c|âI ABR I|just make a move,,,
|join|Cosine180
|c|âNew Light|it's lag
|c|âNew Light|I went
|
|move|p1a: Kabutops|Low Kick|p2a: Shadynasty
|-crit|p2a: Shadynasty
|-damage|p2a: Shadynasty|0 fnt
|-damage|p1a: Kabutops|105\/261|[from] item: Life Orb
|faint|p2a: Shadynasty
|
|-weather|RainDance|[upkeep]
|c|âI ABR I|did crit matter?
|c|âNew Light|obvs
|c|âNew Light|!data jynx
|c|~|\/data-pokemon Jynx

|
|switch|p2a: Kyurem-Black|Kyurem-Black, shiny|391\/391
|-damage|p2a: Kyurem-Black|294\/391|[from] Stealth Rock
|-ability|p2a: Kyurem-Black|Teravolt
|turn|22
|
|switch|p2a: Froslass|Froslass, F|58\/344
|-damage|p2a: Froslass|0 fnt|[from] Stealth Rock
|faint|p2a: Froslass
|move|p1a: Kabutops|Low Kick|p2: Froslass|[notarget]
|-notarget
|
|-weather|none
|c| Cosine180|o
|c| Cosine180|50\/50
|c|âI ABR I|sub kyub
|c|âI ABR I|if real
|
|switch|p2a: Kyurem-Black|Kyurem-Black, shiny|294\/391
|-damage|p2a: Kyurem-Black|197\/391|[from] Stealth Rock
|-ability|p2a: Kyurem-Black|Teravolt
|turn|23
|join|king of spycrabs
|c| Cosine180|plsss sub
|c|âI ABR I|hm
|c| Cosine180|or ice beam
|c| Cosine180|and stall out turns
|c| Cosine180|imo
|join|AM
|
|switch|p1a: Politoed|Politoed, M|266\/383
|-damage|p1a: Politoed|171\/383|[from] Spikes
|-weather|RainDance
|move|p2a: Kyurem-Black|Outrage|p1a: Politoed
|-damage|p1a: Politoed|0 fnt
|faint|p1a: Politoed
|
|-weather|RainDance|[upkeep]
|join|Omegasization
|c| Cosine180|aww
|c|âI ABR I|tbh
|c| Cosine180|this was way too close
|c|âI ABR I|the better play was manec
|c|âI ABR I|cuz if he subbed
|
|switch|p1a: Kabutops|Kabutops, M|105\/261
|-damage|p1a: Kabutops|40\/261|[from] Spikes
|turn|24
|c|âI ABR I|overheat could break
|c| Cosine180|well u gotta get rain back up
|c|âI ABR I|poli has encore
|c| Cosine180|u wait u have encore right
|join|Henry
|c|âI ABR I|idk
|c|âI ABR I|he could have
|c|âI ABR I|subbed on my over
|
|move|p1a: Kabutops|Low Kick|p2a: Kyurem-Black
|-supereffective|p2a: Kyurem-Black
|-damage|p2a: Kyurem-Black|0 fnt
|-damage|p1a: Kabutops|14\/261|[from] item: Life Orb
|faint|p2a: Kyurem-Black
|
|win|I ABR I
|raw|Ladder updating...
|raw|I ABR I's rating: 1387 &rarr; <strong>1414<\/strong><br \/>(+27 for winning)
|raw|New Light's rating: 1515 &rarr; <strong>1488<\/strong><br \/>(-27 for losing)
|leave|CleanerThanRotom-W
|leave|AM
|leave|I ABR I
|leave|Cosine180
|leave|Omegasization
|leave|Henry
|player|p1