|join|nintendistagamer
|join|lil manaphy
|player|p1|nintendistagamer|137
|player|p2|lil manaphy|9
|gametype|singles
|gen|6
|tier|OU
|rated
|clearpoke
|poke|p1|Metagross
|poke|p1|Bisharp, M
|poke|p1|Clefable, M
|poke|p1|Keldeo-Resolute
|poke|p1|Landorus-Therian, M
|poke|p1|Latios, M
|poke|p2|Gardevoir, F
|poke|p2|Keldeo
|poke|p2|Amoonguss, F
|poke|p2|Chansey, F
|poke|p2|Mandibuzz, F
|poke|p2|Landorus-Therian, M
|rule|Swagger Clause: Swagger is banned
|rule|Baton Pass Clause: Limit one PokÃ©mon knowing Baton Pass
|rule|Sleep Clause Mod: Limit one foe put to sleep
|rule|Species Clause: Limit one of each PokÃ©mon
|rule|OHKO Clause: OHKO moves are banned
|rule|Moody Clause: Moody is banned
|rule|Evasion Moves Clause: Evasion moves are banned
|rule|Endless Battle Clause: Forcing endless battles is banned
|rule|HP Percentage Mod: HP is shown in percentages
|teampreview
|
|start
|switch|p1a: Metagross|Metagross|301\/301
|switch|p2a: Gardevoir|Gardevoir, F|277\/277
|-ability|p2a: Gardevoir|Clear Body|[from] ability: Trace|[of] p1a: Metagross
|turn|1
|
|switch|p2a: Mandibuzz|Mandibuzz, F|423\/423
|detailschange|p1a: Metagross|Metagross-Mega
|-mega|p1a: Metagross|Metagross|Metagrossite
|move|p1a: Metagross|Meteor Mash|p2a: Mandibuzz
|-damage|p2a: Mandibuzz|269\/423
|-damage|p1a: Metagross|251\/301|[from] item: Rocky Helmet|[of] p2a: Mandibuzz
|
|turn|2
|join|kuvkugv
|leave|kuvkugv
|
|switch|p1a: Keldeo-Resolute|Keldeo-Resolute|323\/323
|move|p2a: Mandibuzz|Roost|p2a: Mandibuzz
|-heal|p2a: Mandibuzz|423\/423
|
|turn|3
|
|switch|p1a: Latios|Latios, M|301\/301
|switch|p2a: Amoonguss|Amoonguss, F|432\/432
|
|turn|4
|
|switch|p1a: Bisharp|Bisharp, M|271\/271
|switch|p2a: Chansey|Chansey, F|703\/703
|
|turn|5
|
|switch|p2a: Keldeo|Keldeo|323\/323
|move|p1a: Bisharp|Knock Off|p2a: Keldeo
|-resisted|p2a: Keldeo
|-damage|p2a: Keldeo|205\/323
|-boost|p2a: Keldeo|atk|1|[from] ability: Justified
|-enditem|p2a: Keldeo|Leftovers|[from] move: Knock Off|[of] p1a: Bisharp
|-damage|p1a: Bisharp|244\/271|[from] item: Life Orb
|
|turn|6
|
|switch|p1a: Latios|Latios, M|301\/301
|move|p2a: Keldeo|Scald|p1a: Latios
|-resisted|p1a: Latios
|-damage|p1a: Latios|231\/301
|
|turn|7
|
|switch|p2a: Chansey|Chansey, F|703\/703
|move|p1a: Latios|Psyshock|p2a: Chansey
|-damage|p2a: Chansey|457\/703
|-damage|p1a: Latios|201\/301|[from] item: Life Orb
|
|turn|8
|
|switch|p1a: Bisharp|Bisharp, M|244\/271
|move|p2a: Chansey|Soft-Boiled|p2a: Chansey
|-heal|p2a: Chansey|703\/703
|
|turn|9
|join|Luis coco
|
|switch|p2a: Amoonguss|Amoonguss, F|432\/432
|move|p1a: Bisharp|Swords Dance|p1a: Bisharp
|-boost|p1a: Bisharp|atk|2
|
|turn|10
|join|BabyI'mBanded
|
|move|p1a: Bisharp|Knock Off|p2a: Amoonguss
|-damage|p2a: Amoonguss|11\/432
|-enditem|p2a: Amoonguss|Black Sludge|[from] move: Knock Off|[of] p1a: Bisharp
|-damage|p1a: Bisharp|217\/271|[from] item: Life Orb
|move|p2a: Amoonguss|Spore|p1a: Bisharp
|-status|p1a: Bisharp|slp
|
|turn|11
|c|ânintendistagamer|ta porra
|
|switch|p2a: Gardevoir|Gardevoir, F|277\/277
|-ability|p2a: Gardevoir|Defiant|[from] ability: Trace|[of] p1a: Bisharp
|cant|p1a: Bisharp|slp
|
|turn|12
|c| Luis coco|iron head
|c| Luis coco|'-'
|c|ânintendistagamer|knock off Ã© mais forte
|
|detailschange|p2a: Gardevoir|Gardevoir-Mega, F
|-mega|p2a: Gardevoir|Gardevoir|Gardevoirite
|-curestatus|p1a: Bisharp|slp
|move|p1a: Bisharp|Sucker Punch|p2a: Gardevoir
|-damage|p2a: Gardevoir|0 fnt
|-damage|p1a: Bisharp|190\/271|[from] item: Life Orb
|faint|p2a: Gardevoir
|
|c|ânintendistagamer|ele tava com item ainda
|c|ânintendistagamer|:3
|
|switch|p2a: Keldeo|Keldeo|205\/323
|turn|13
|c|âlil manaphy|ugh lame
|-message|lil manaphy forfeited.
|leave|lil manaphy
|c|ânintendistagamer|kkkkkkkk
|
|win|nintendistagamer
|raw|Ladder updating...
|player|p2