|join|lil manaphy
|join|bsuuuu
|player|p1|lil manaphy|9
|player|p2|bsuuuu|43
|gametype|singles
|gen|6
|tier|OU
|rated
|clearpoke
|poke|p1|Gardevoir, M
|poke|p1|Keldeo
|poke|p1|Amoonguss, M
|poke|p1|Chansey, F
|poke|p1|Mandibuzz, F
|poke|p1|Landorus-Therian, M
|poke|p2|Metagross
|poke|p2|Talonflame, F
|poke|p2|Magneton
|poke|p2|Latias, F
|poke|p2|Mew
|poke|p2|Slowbro, F
|rule|Swagger Clause: Swagger is banned
|rule|Baton Pass Clause: Limit one PokÃ©mon knowing Baton Pass
|rule|Sleep Clause Mod: Limit one foe put to sleep
|rule|Species Clause: Limit one of each PokÃ©mon
|rule|OHKO Clause: OHKO moves are banned
|rule|Moody Clause: Moody is banned
|rule|Evasion Moves Clause: Evasion moves are banned
|rule|Endless Battle Clause: Forcing endless battles is banned
|rule|HP Percentage Mod: HP is shown in percentages
|teampreview
|c|âbsuuuu|nuuu
|c|âbsuuuu|top ladder-er :[
|
|start
|switch|p1a: Gardevoir|Gardevoir, M|277\/277
|switch|p2a: Mew|Mew|403\/403
|-ability|p1a: Gardevoir|Synchronize|[from] ability: Trace|[of] p2a: Mew
|turn|1
|
|switch|p2a: Magneton|Magneton|241\/241
|detailschange|p1a: Gardevoir|Gardevoir-Mega, M
|-mega|p1a: Gardevoir|Gardevoir|Gardevoirite
|move|p1a: Gardevoir|Taunt|p2a: Magneton
|-start|p2a: Magneton|move: Taunt
|
|turn|2
|
|switch|p1a: Landorus-Therian|Landorus-Therian, M|382\/382
|-ability|p1a: Landorus-Therian|Intimidate|[of] p2a: Magneton
|-unboost|p2a: Magneton|atk|1
|move|p2a: Magneton|Volt Switch|p1a: Landorus-Therian
|-immune|p1a: Landorus-Therian|[msg]
|
|turn|3
|
|switch|p2a: Slowbro|Slowbro, F|393\/393
|move|p1a: Landorus-Therian|U-turn|p2a: Slowbro
|-supereffective|p2a: Slowbro
|-damage|p2a: Slowbro|287\/393
|
|switch|p1a: Gardevoir|Gardevoir-Mega, M|277\/277
|
|-heal|p2a: Slowbro|311\/393|[from] item: Leftovers
|turn|4
|
|move|p1a: Gardevoir|Hyper Voice|p2a: Slowbro
|-damage|p2a: Slowbro|19\/393
|move|p2a: Slowbro|Thunder Wave|p1a: Gardevoir
|-status|p1a: Gardevoir|par
|
|-heal|p2a: Slowbro|43\/393|[from] item: Leftovers
|turn|5
|
|switch|p2a: Metagross|Metagross|302\/302
|cant|p1a: Gardevoir|par
|
|turn|6
|
|switch|p1a: Mandibuzz|Mandibuzz, F|423\/423
|detailschange|p2a: Metagross|Metagross-Mega
|-mega|p2a: Metagross|Metagross|Metagrossite
|move|p2a: Metagross|Meteor Mash|p1a: Mandibuzz
|-damage|p1a: Mandibuzz|264\/423
|-damage|p2a: Metagross|252\/302|[from] item: Rocky Helmet|[of] p1a: Mandibuzz
|-boost|p2a: Metagross|atk|1
|
|turn|7
|
|switch|p2a: Magneton|Magneton|241\/241
|switch|p1a: Landorus-Therian|Landorus-Therian, M|382\/382
|-ability|p1a: Landorus-Therian|Intimidate|[of] p2a: Magneton
|-unboost|p2a: Magneton|atk|1
|
|turn|8
|
|switch|p2a: Talonflame|Talonflame, F|319\/319
|move|p1a: Landorus-Therian|U-turn|p2a: Talonflame
|-resisted|p2a: Talonflame
|-damage|p2a: Talonflame|292\/319
|
|switch|p1a: Mandibuzz|Mandibuzz, F|264\/423
|
|turn|9
|
|switch|p2a: Mew|Mew|403\/403
|move|p1a: Mandibuzz|Roost|p1a: Mandibuzz
|-heal|p1a: Mandibuzz|423\/423
|
|turn|10
|
|move|p2a: Mew|Knock Off|p1a: Mandibuzz
|-resisted|p1a: Mandibuzz
|-damage|p1a: Mandibuzz|396\/423
|-damage|p2a: Mew|336\/403|[from] item: Rocky Helmet|[of] p1a: Mandibuzz
|-enditem|p1a: Mandibuzz|Rocky Helmet|[from] move: Knock Off|[of] p2a: Mew
|move|p1a: Mandibuzz|Taunt|p2a: Mew
|-start|p2a: Mew|move: Taunt
|
|-heal|p2a: Mew|361\/403|[from] item: Leftovers
|turn|11
|
|switch|p2a: Magneton|Magneton|241\/241
|switch|p1a: Landorus-Therian|Landorus-Therian, M|382\/382
|-ability|p1a: Landorus-Therian|Intimidate|[of] p2a: Magneton
|-unboost|p2a: Magneton|atk|1
|
|turn|12
|c|âbsuuuu|why is lando t always the switch in
|
|move|p2a: Magneton|Flash Cannon|p1a: Landorus-Therian
|-damage|p1a: Landorus-Therian|220\/382
|-unboost|p1a: Landorus-Therian|spd|1
|move|p1a: Landorus-Therian|Stealth Rock|p2a: Magneton
|-sidestart|p2: bsuuuu|move: Stealth Rock
|
|-heal|p1a: Landorus-Therian|243\/382|[from] item: Leftovers
|turn|13
|
|switch|p2a: Latias|Latias, F|305\/305
|-damage|p2a: Latias|267\/305|[from] Stealth Rock
|switch|p1a: Keldeo|Keldeo|323\/323
|
|turn|14
|
|switch|p1a: Gardevoir|Gardevoir-Mega, M|277\/277 par
|move|p2a: Latias|Defog|p1a: Gardevoir
|-unboost|p1a: Gardevoir|evasion|1
|-sideend|p2: bsuuuu|Stealth Rock|[from] move: Defog|[of] p2a: Latias
|
|turn|15
|
|switch|p2a: Magneton|Magneton|241\/241
|move|p1a: Gardevoir|Hyper Voice|p2a: Magneton
|-resisted|p2a: Magneton
|-damage|p2a: Magneton|79\/241
|
|turn|16
|
|switch|p1a: Amoonguss|Amoonguss, M|432\/432
|move|p2a: Magneton|Volt Switch|p1a: Amoonguss
|-resisted|p1a: Amoonguss
|-damage|p1a: Amoonguss|366\/432
|
|switch|p2a: Mew|Mew|361\/403
|
|-heal|p2a: Mew|386\/403|[from] item: Leftovers
|-heal|p1a: Amoonguss|393\/432|[from] item: Black Sludge
|turn|17
|
|move|p2a: Mew|Will-O-Wisp|p1a: Amoonguss
|-status|p1a: Amoonguss|brn
|move|p1a: Amoonguss|Spore|p2a: Mew
|-status|p2a: Mew|slp
|
|-heal|p2a: Mew|403\/403 slp|[from] item: Leftovers
|-heal|p1a: Amoonguss|420\/432 brn|[from] item: Black Sludge
|-damage|p1a: Amoonguss|366\/432 brn|[from] brn
|turn|18
|
|switch|p1a: Keldeo|Keldeo|323\/323
|cant|p2a: Mew|slp
|
|turn|19
|
|switch|p2a: Slowbro|Slowbro, F|174\/393
|move|p1a: Keldeo|Substitute|p1a: Keldeo
|-start|p1a: Keldeo|Substitute
|-damage|p1a: Keldeo|243\/323
|
|-heal|p1a: Keldeo|263\/323|[from] item: Leftovers
|-heal|p2a: Slowbro|198\/393|[from] item: Leftovers
|turn|20
|
|move|p1a: Keldeo|Calm Mind|p1a: Keldeo
|-boost|p1a: Keldeo|spa|1
|-boost|p1a: Keldeo|spd|1
|move|p2a: Slowbro|Psyshock|p1a: Keldeo
|-supereffective|p1a: Keldeo
|-end|p1a: Keldeo|Substitute
|
|-heal|p1a: Keldeo|283\/323|[from] item: Leftovers
|-heal|p2a: Slowbro|222\/393|[from] item: Leftovers
|turn|21
|
|move|p1a: Keldeo|Substitute|p1a: Keldeo
|-start|p1a: Keldeo|Substitute
|-damage|p1a: Keldeo|203\/323
|move|p2a: Slowbro|Psyshock|p1a: Keldeo
|-supereffective|p1a: Keldeo
|-end|p1a: Keldeo|Substitute
|
|-heal|p1a: Keldeo|223\/323|[from] item: Leftovers
|-heal|p2a: Slowbro|246\/393|[from] item: Leftovers
|turn|22
|
|move|p1a: Keldeo|Scald|p2a: Slowbro
|-resisted|p2a: Slowbro
|-damage|p2a: Slowbro|129\/393
|move|p2a: Slowbro|Psyshock|p1a: Keldeo
|-supereffective|p1a: Keldeo
|-damage|p1a: Keldeo|35\/323
|
|-heal|p1a: Keldeo|55\/323|[from] item: Leftovers
|-heal|p2a: Slowbro|153\/393|[from] item: Leftovers
|turn|23
|
|switch|p1a: Chansey|Chansey, F|703\/703
|move|p2a: Slowbro|Slack Off|p2a: Slowbro
|-heal|p2a: Slowbro|350\/393
|
|-heal|p2a: Slowbro|374\/393|[from] item: Leftovers
|turn|24
|
|switch|p2a: Mew|Mew|403\/403 slp
|move|p1a: Chansey|Wish|p1a: Chansey
|
|turn|25
|
|switch|p1a: Keldeo|Keldeo|55\/323
|cant|p2a: Mew|slp
|
|-heal|p1a: Keldeo|323\/323|[from] move: Wish|[wisher] Chansey
|turn|26
|
|switch|p2a: Slowbro|Slowbro, F|393\/393
|move|p1a: Keldeo|Substitute|p1a: Keldeo
|-start|p1a: Keldeo|Substitute
|-damage|p1a: Keldeo|243\/323
|
|-heal|p1a: Keldeo|263\/323|[from] item: Leftovers
|turn|27
|
|move|p1a: Keldeo|Scald|p2a: Slowbro
|-resisted|p2a: Slowbro
|-damage|p2a: Slowbro|315\/393
|move|p2a: Slowbro|Psyshock|p1a: Keldeo
|-supereffective|p1a: Keldeo
|-end|p1a: Keldeo|Substitute
|
|-heal|p1a: Keldeo|283\/323|[from] item: Leftovers
|-heal|p2a: Slowbro|339\/393|[from] item: Leftovers
|turn|28
|
|switch|p1a: Chansey|Chansey, F|703\/703
|move|p2a: Slowbro|Psyshock|p1a: Chansey
|-damage|p1a: Chansey|583\/703
|
|-heal|p2a: Slowbro|363\/393|[from] item: Leftovers
|turn|29
|
|switch|p2a: Mew|Mew|403\/403 slp
|move|p1a: Chansey|Seismic Toss|p2a: Mew
|-damage|p2a: Mew|303\/403 slp
|
|-heal|p2a: Mew|328\/403 slp|[from] item: Leftovers
|turn|30
|
|switch|p1a: Landorus-Therian|Landorus-Therian, M|243\/382
|-ability|p1a: Landorus-Therian|Intimidate|[of] p2a: Mew
|-unboost|p2a: Mew|atk|1
|-curestatus|p2a: Mew|slp
|move|p2a: Mew|Knock Off|p1a: Landorus-Therian
|-crit|p1a: Landorus-Therian
|-damage|p1a: Landorus-Therian|148\/382
|-enditem|p1a: Landorus-Therian|Leftovers|[from] move: Knock Off|[of] p2a: Mew
|
|-heal|p2a: Mew|353\/403|[from] item: Leftovers
|turn|31
|
|move|p2a: Mew|Will-O-Wisp|p1a: Landorus-Therian
|-status|p1a: Landorus-Therian|brn
|move|p1a: Landorus-Therian|Stealth Rock|p2a: Mew
|-sidestart|p2: bsuuuu|move: Stealth Rock
|
|-heal|p2a: Mew|378\/403|[from] item: Leftovers
|-damage|p1a: Landorus-Therian|101\/382 brn|[from] brn
|turn|32
|
|switch|p2a: Slowbro|Slowbro, F|393\/393
|-damage|p2a: Slowbro|344\/393|[from] Stealth Rock
|move|p1a: Landorus-Therian|U-turn|p2a: Slowbro
|-supereffective|p2a: Slowbro
|-damage|p2a: Slowbro|292\/393
|
|switch|p1a: Gardevoir|Gardevoir-Mega, M|277\/277 par
|
|-heal|p2a: Slowbro|316\/393|[from] item: Leftovers
|turn|33
|
|switch|p2a: Magneton|Magneton|79\/241
|-damage|p2a: Magneton|64\/241|[from] Stealth Rock
|move|p1a: Gardevoir|Hyper Voice|p2a: Magneton
|-resisted|p2a: Magneton
|-damage|p2a: Magneton|0 fnt
|faint|p2a: Magneton
|
|
|switch|p2a: Metagross|Metagross-Mega|252\/302
|-damage|p2a: Metagross|234\/302|[from] Stealth Rock
|turn|34
|
|switch|p1a: Mandibuzz|Mandibuzz, F|396\/423
|move|p2a: Metagross|Meteor Mash|p1a: Mandibuzz
|-damage|p1a: Mandibuzz|245\/423
|
|turn|35
|
|switch|p2a: Slowbro|Slowbro, F|393\/393
|-damage|p2a: Slowbro|344\/393|[from] Stealth Rock
|move|p1a: Mandibuzz|Roost|p1a: Mandibuzz
|-heal|p1a: Mandibuzz|423\/423
|
|-heal|p2a: Slowbro|368\/393|[from] item: Leftovers
|turn|36
|
|switch|p1a: Chansey|Chansey, F|583\/703
|move|p2a: Slowbro|Scald|p1a: Chansey
|-damage|p1a: Chansey|523\/703
|-status|p1a: Chansey|brn
|
|-heal|p2a: Slowbro|392\/393|[from] item: Leftovers
|-damage|p1a: Chansey|436\/703 brn|[from] brn
|turn|37
|
|switch|p1a: Gardevoir|Gardevoir-Mega, M|277\/277 par
|switch|p2a: Latias|Latias, F|267\/305
|-damage|p2a: Latias|229\/305|[from] Stealth Rock
|
|turn|38
|
|move|p2a: Latias|Defog|p1a: Gardevoir
|-unboost|p1a: Gardevoir|evasion|1
|-sideend|p2: bsuuuu|Stealth Rock|[from] move: Defog|[of] p2a: Latias
|move|p1a: Gardevoir|Hyper Voice|p2a: Latias
|-supereffective|p2a: Latias
|-damage|p2a: Latias|0 fnt
|faint|p2a: Latias
|
|
|switch|p2a: Talonflame|Talonflame, F|292\/319
|turn|39
|
|switch|p1a: Mandibuzz|Mandibuzz, F|423\/423
|move|p2a: Talonflame|U-turn|p1a: Mandibuzz
|-damage|p1a: Mandibuzz|377\/423
|
|switch|p2a: Mew|Mew|378\/403
|
|-heal|p2a: Mew|403\/403|[from] item: Leftovers
|turn|40
|
|switch|p1a: Landorus-Therian|Landorus-Therian, M|101\/382 brn
|-ability|p1a: Landorus-Therian|Intimidate|[of] p2a: Mew
|-unboost|p2a: Mew|atk|1
|move|p2a: Mew|Will-O-Wisp|p1a: Landorus-Therian
|-fail|p1a: Landorus-Therian|brn
|
|-damage|p1a: Landorus-Therian|54\/382 brn|[from] brn
|turn|41
|
|move|p2a: Mew|Knock Off|p1a: Landorus-Therian
|-damage|p1a: Landorus-Therian|28\/382 brn
|move|p1a: Landorus-Therian|Stealth Rock|p2a: Mew
|-sidestart|p2: bsuuuu|move: Stealth Rock
|
|-damage|p1a: Landorus-Therian|0 fnt|[from] brn
|faint|p1a: Landorus-Therian
|
|switch|p1a: Keldeo|Keldeo|283\/323
|turn|42
|
|switch|p2a: Slowbro|Slowbro, F|393\/393
|-damage|p2a: Slowbro|344\/393|[from] Stealth Rock
|move|p1a: Keldeo|Scald|p2a: Slowbro
|-resisted|p2a: Slowbro
|-damage|p2a: Slowbro|269\/393
|
|-heal|p1a: Keldeo|303\/323|[from] item: Leftovers
|-heal|p2a: Slowbro|293\/393|[from] item: Leftovers
|turn|43
|
|switch|p1a: Chansey|Chansey, F|436\/703
|move|p2a: Slowbro|Thunder Wave|p1a: Chansey
|-status|p1a: Chansey|par
|
|-heal|p2a: Slowbro|317\/393|[from] item: Leftovers
|turn|44
|
|switch|p2a: Mew|Mew|403\/403
|-damage|p2a: Mew|353\/403|[from] Stealth Rock
|move|p1a: Chansey|Thunder Wave|p2a: Mew
|-status|p2a: Mew|par
|
|-heal|p2a: Mew|378\/403 par|[from] item: Leftovers
|turn|45
|
|move|p2a: Mew|Heal Bell|p2a: Mew
|-cureteam|p2a: Mew|[from] move: HealBell
|move|p1a: Chansey|Soft-Boiled|p1a: Chansey
|-heal|p1a: Chansey|703\/703 par
|
|-heal|p2a: Mew|403\/403|[from] item: Leftovers
|turn|46
|
|switch|p1a: Amoonguss|Amoonguss, M|432\/432 brn
|move|p2a: Mew|Knock Off|p1a: Amoonguss
|-damage|p1a: Amoonguss|368\/432 brn
|-enditem|p1a: Amoonguss|Black Sludge|[from] move: Knock Off|[of] p2a: Mew
|
|-damage|p1a: Amoonguss|314\/432 brn|[from] brn
|turn|47
|
|switch|p2a: Talonflame|Talonflame, F|292\/319
|-damage|p2a: Talonflame|133\/319|[from] Stealth Rock
|move|p1a: Amoonguss|Spore|p2a: Talonflame
|-status|p2a: Talonflame|slp
|
|-damage|p1a: Amoonguss|260\/432 brn|[from] brn
|turn|48
|
|switch|p2a: Mew|Mew|403\/403
|-damage|p2a: Mew|353\/403|[from] Stealth Rock
|switch|p1a: Mandibuzz|Mandibuzz, F|377\/423
|
|-heal|p2a: Mew|378\/403|[from] item: Leftovers
|turn|49
|
|switch|p1a: Gardevoir|Gardevoir-Mega, M|277\/277 par
|move|p2a: Mew|Will-O-Wisp|p1a: Gardevoir
|-fail|p1a: Gardevoir
|
|-heal|p2a: Mew|403\/403|[from] item: Leftovers
|turn|50
|
|move|p2a: Mew|Knock Off|p1a: Gardevoir
|-crit|p1a: Gardevoir
|-damage|p1a: Gardevoir|175\/277 par
|move|p1a: Gardevoir|Hyper Voice|p2a: Mew
|-damage|p2a: Mew|210\/403
|
|-heal|p2a: Mew|235\/403|[from] item: Leftovers
|turn|51
|c|âbsuuuu|whittling time
|
|move|p2a: Mew|Knock Off|p1a: Gardevoir
|-damage|p1a: Gardevoir|98\/277 par
|cant|p1a: Gardevoir|par
|
|-heal|p2a: Mew|260\/403|[from] item: Leftovers
|turn|52
|
|switch|p1a: Amoonguss|Amoonguss, M|404\/432 brn
|move|p2a: Mew|Knock Off|p1a: Amoonguss
|-crit|p1a: Amoonguss
|-damage|p1a: Amoonguss|331\/432 brn
|
|-heal|p2a: Mew|285\/403|[from] item: Leftovers
|-damage|p1a: Amoonguss|277\/432 brn|[from] brn
|turn|53
|
|move|p2a: Mew|Soft-Boiled|p2a: Mew
|-heal|p2a: Mew|403\/403
|move|p1a: Amoonguss|Giga Drain|p2a: Mew
|-damage|p2a: Mew|343\/403
|-heal|p1a: Amoonguss|307\/432 brn|[from] drain|[of] p2a: Mew
|
|-heal|p2a: Mew|368\/403|[from] item: Leftovers
|-damage|p1a: Amoonguss|253\/432 brn|[from] brn
|turn|54
|
|switch|p1a: Chansey|Chansey, F|703\/703
|move|p2a: Mew|Knock Off|p1a: Chansey
|-damage|p1a: Chansey|599\/703
|-enditem|p1a: Chansey|Eviolite|[from] move: Knock Off|[of] p2a: Mew
|
|-heal|p2a: Mew|393\/403|[from] item: Leftovers
|turn|55
|
|switch|p2a: Metagross|Metagross-Mega|234\/302
|-damage|p2a: Metagross|216\/302|[from] Stealth Rock
|move|p1a: Chansey|Thunder Wave|p2a: Metagross
|-status|p2a: Metagross|par
|
|turn|56
|
|switch|p1a: Mandibuzz|Mandibuzz, F|377\/423
|switch|p2a: Slowbro|Slowbro, F|393\/393
|-damage|p2a: Slowbro|344\/393|[from] Stealth Rock
|
|-heal|p2a: Slowbro|368\/393|[from] item: Leftovers
|turn|57
|
|switch|p1a: Chansey|Chansey, F|599\/703
|move|p2a: Slowbro|Scald|p1a: Chansey
|-damage|p1a: Chansey|512\/703
|-status|p1a: Chansey|brn
|
|-heal|p2a: Slowbro|392\/393|[from] item: Leftovers
|-damage|p1a: Chansey|425\/703 brn|[from] brn
|turn|58
|
|move|p1a: Chansey|Soft-Boiled|p1a: Chansey
|-heal|p1a: Chansey|703\/703 brn
|move|p2a: Slowbro|Psyshock|p1a: Chansey
|-damage|p1a: Chansey|532\/703 brn
|
|-heal|p2a: Slowbro|393\/393|[from] item: Leftovers
|-damage|p1a: Chansey|445\/703 brn|[from] brn
|turn|59
|
|move|p1a: Chansey|Thunder Wave|p2a: Slowbro
|-status|p2a: Slowbro|par
|move|p2a: Slowbro|Psyshock|p1a: Chansey
|-damage|p1a: Chansey|252\/703 brn
|
|-damage|p1a: Chansey|165\/703 brn|[from] brn
|turn|60
|
|move|p1a: Chansey|Soft-Boiled|p1a: Chansey
|-heal|p1a: Chansey|517\/703 brn
|cant|p2a: Slowbro|par
|
|-damage|p1a: Chansey|430\/703 brn|[from] brn
|turn|61
|
|switch|p1a: Amoonguss|Amoonguss, M|397\/432 brn
|cant|p2a: Slowbro|par
|
|-damage|p1a: Amoonguss|343\/432 brn|[from] brn
|turn|62
|
|move|p1a: Amoonguss|Giga Drain|p2a: Slowbro
|-supereffective|p2a: Slowbro
|-damage|p2a: Slowbro|219\/393 par
|-heal|p1a: Amoonguss|430\/432 brn|[from] drain|[of] p2a: Slowbro
|move|p2a: Slowbro|Psyshock|p1a: Amoonguss
|-supereffective|p1a: Amoonguss
|-damage|p1a: Amoonguss|262\/432 brn
|
|-heal|p2a: Slowbro|243\/393 par|[from] item: Leftovers
|-damage|p1a: Amoonguss|208\/432 brn|[from] brn
|turn|63
|c|âbsuuuu|the damage
|
|switch|p2a: Mew|Mew|393\/403
|-damage|p2a: Mew|343\/403|[from] Stealth Rock
|move|p1a: Amoonguss|Giga Drain|p2a: Mew
|-damage|p2a: Mew|279\/403
|-heal|p1a: Amoonguss|240\/432 brn|[from] drain|[of] p2a: Mew
|
|-heal|p2a: Mew|304\/403|[from] item: Leftovers
|-damage|p1a: Amoonguss|186\/432 brn|[from] brn
|turn|64
|
|switch|p1a: Chansey|Chansey, F|430\/703
|move|p2a: Mew|Will-O-Wisp|p1a: Chansey
|-status|p1a: Chansey|brn
|
|-heal|p2a: Mew|329\/403|[from] item: Leftovers
|-damage|p1a: Chansey|343\/703 brn|[from] brn
|turn|65
|
|move|p2a: Mew|Knock Off|p1a: Chansey
|-damage|p1a: Chansey|249\/703 brn
|move|p1a: Chansey|Soft-Boiled|p1a: Chansey
|-heal|p1a: Chansey|601\/703 brn
|
|-heal|p2a: Mew|354\/403|[from] item: Leftovers
|-damage|p1a: Chansey|514\/703 brn|[from] brn
|turn|66
|
|move|p2a: Mew|Knock Off|p1a: Chansey
|-damage|p1a: Chansey|412\/703 brn
|move|p1a: Chansey|Thunder Wave|p2a: Mew
|-status|p2a: Mew|par
|
|-heal|p2a: Mew|379\/403 par|[from] item: Leftovers
|-damage|p1a: Chansey|325\/703 brn|[from] brn
|turn|67
|
|move|p1a: Chansey|Soft-Boiled|p1a: Chansey
|-heal|p1a: Chansey|677\/703 brn
|move|p2a: Mew|Heal Bell|p2a: Mew
|-cureteam|p2a: Mew|[from] move: HealBell
|
|-heal|p2a: Mew|403\/403|[from] item: Leftovers
|-damage|p1a: Chansey|590\/703 brn|[from] brn
|turn|68
|
|switch|p2a: Metagross|Metagross-Mega|216\/302
|-damage|p2a: Metagross|198\/302|[from] Stealth Rock
|move|p1a: Chansey|Thunder Wave|p2a: Metagross
|-status|p2a: Metagross|par
|
|-damage|p1a: Chansey|503\/703 brn|[from] brn
|turn|69
|
|switch|p1a: Mandibuzz|Mandibuzz, F|377\/423
|cant|p2a: Metagross|par
|
|turn|70
|
|switch|p2a: Slowbro|Slowbro, F|374\/393
|-damage|p2a: Slowbro|325\/393|[from] Stealth Rock
|move|p1a: Mandibuzz|Taunt|p2a: Slowbro
|-start|p2a: Slowbro|move: Taunt
|
|-heal|p2a: Slowbro|349\/393|[from] item: Leftovers
|turn|71
|
|switch|p1a: Chansey|Chansey, F|503\/703
|switch|p2a: Metagross|Metagross-Mega|198\/302 par
|-damage|p2a: Metagross|180\/302 par|[from] Stealth Rock
|
|turn|72
|
|switch|p1a: Mandibuzz|Mandibuzz, F|377\/423
|move|p2a: Metagross|Meteor Mash|p1a: Mandibuzz
|-damage|p1a: Mandibuzz|206\/423
|
|turn|73
|
|move|p1a: Mandibuzz|Foul Play|p2a: Metagross
|-crit|p2a: Metagross
|-supereffective|p2a: Metagross
|-damage|p2a: Metagross|0 fnt
|faint|p2a: Metagross
|
|
|switch|p2a: Mew|Mew|403\/403
|-damage|p2a: Mew|353\/403|[from] Stealth Rock
|turn|74
|
|switch|p1a: Chansey|Chansey, F|503\/703
|move|p2a: Mew|Will-O-Wisp|p1a: Chansey|[miss]
|-miss|p2a: Mew|p1a: Chansey
|
|-heal|p2a: Mew|378\/403|[from] item: Leftovers
|turn|75
|
|move|p2a: Mew|Will-O-Wisp|p1a: Chansey|[miss]
|-miss|p2a: Mew|p1a: Chansey
|move|p1a: Chansey|Thunder Wave|p2a: Mew
|-status|p2a: Mew|par
|-status|p1a: Chansey|par
|
|-heal|p2a: Mew|403\/403 par|[from] item: Leftovers
|turn|76
|
|move|p2a: Mew|Heal Bell|p2a: Mew
|-cureteam|p2a: Mew|[from] move: HealBell
|move|p1a: Chansey|Seismic Toss|p2a: Mew
|-damage|p2a: Mew|303\/403
|
|-heal|p2a: Mew|328\/403|[from] item: Leftovers
|turn|77
|
|move|p2a: Mew|Knock Off|p1a: Chansey
|-damage|p1a: Chansey|406\/703 par
|move|p1a: Chansey|Thunder Wave|p2a: Mew
|-status|p2a: Mew|par
|
|-heal|p2a: Mew|353\/403 par|[from] item: Leftovers
|turn|78
|
|move|p2a: Mew|Knock Off|p1a: Chansey
|-damage|p1a: Chansey|312\/703 par
|move|p1a: Chansey|Soft-Boiled|p1a: Chansey
|-heal|p1a: Chansey|664\/703 par
|
|-heal|p2a: Mew|378\/403 par|[from] item: Leftovers
|turn|79
|
|switch|p1a: Keldeo|Keldeo|303\/323
|move|p2a: Mew|Knock Off|p1a: Keldeo
|-resisted|p1a: Keldeo
|-damage|p1a: Keldeo|264\/323
|-boost|p1a: Keldeo|atk|1|[from] ability: Justified
|-enditem|p1a: Keldeo|Leftovers|[from] move: Knock Off|[of] p2a: Mew
|
|-heal|p2a: Mew|403\/403 par|[from] item: Leftovers
|turn|80
|
|switch|p2a: Slowbro|Slowbro, F|393\/393
|-damage|p2a: Slowbro|344\/393|[from] Stealth Rock
|move|p1a: Keldeo|Scald|p2a: Slowbro
|-resisted|p2a: Slowbro
|-damage|p2a: Slowbro|260\/393
|
|-heal|p2a: Slowbro|284\/393|[from] item: Leftovers
|turn|81
|
|switch|p1a: Chansey|Chansey, F|664\/703
|move|p2a: Slowbro|Scald|p1a: Chansey
|-damage|p1a: Chansey|570\/703
|-status|p1a: Chansey|brn
|
|-heal|p2a: Slowbro|308\/393|[from] item: Leftovers
|-damage|p1a: Chansey|483\/703 brn|[from] brn
|turn|82
|
|switch|p2a: Mew|Mew|403\/403 par
|-damage|p2a: Mew|353\/403 par|[from] Stealth Rock
|move|p1a: Chansey|Thunder Wave|p2a: Mew
|-fail|p2a: Mew|par
|
|-heal|p2a: Mew|378\/403 par|[from] item: Leftovers
|-damage|p1a: Chansey|396\/703 brn|[from] brn
|turn|83
|
|move|p1a: Chansey|Soft-Boiled|p1a: Chansey
|-heal|p1a: Chansey|703\/703 brn
|move|p2a: Mew|Will-O-Wisp|p1a: Chansey
|-fail|p1a: Chansey|brn
|
|-heal|p2a: Mew|403\/403 par|[from] item: Leftovers
|-damage|p1a: Chansey|616\/703 brn|[from] brn
|turn|84
|
|move|p1a: Chansey|Wish|p1a: Chansey
|move|p2a: Mew|Will-O-Wisp|p1a: Chansey
|-fail|p1a: Chansey|brn
|
|-damage|p1a: Chansey|529\/703 brn|[from] brn
|turn|85
|
|switch|p1a: Gardevoir|Gardevoir-Mega, M|98\/277 par
|cant|p2a: Mew|par
|
|-heal|p1a: Gardevoir|277\/277 par|[from] move: Wish|[wisher] Chansey
|turn|86
|c|âbsuuuu|crit plz
|
|cant|p1a: Gardevoir|par
|cant|p2a: Mew|par
|
|turn|87
|
|move|p1a: Gardevoir|Taunt|p2a: Mew
|-start|p2a: Mew|move: Taunt
|cant|p2a: Mew|move: Taunt|Heal Bell
|
|turn|88
|-message|bsuuuu forfeited.
|
|win|lil manaphy
|raw|Ladder updating...
|leave|bsuuuu
|player|p2
|raw|lil manaphy's rating: 1741 &rarr; <strong>1756<\/strong><br \/>(+15 for winning)
|raw|bsuuuu's rating: 1661 &rarr; <strong>1646<\/strong><br \/>(-15 for losing)