|join|lil manaphy
|join|Aggron
|player|p1|lil manaphy|9
|player|p2|Aggron|17
|gametype|singles
|gen|6
|tier|OU
|rated
|clearpoke
|poke|p1|Gardevoir, M
|poke|p1|Keldeo
|poke|p1|Amoonguss, F
|poke|p1|Chansey, F
|poke|p1|Mandibuzz, F
|poke|p1|Landorus-Therian, M
|poke|p2|Sceptile, M
|poke|p2|Azumarill, F
|poke|p2|Bisharp, M
|poke|p2|Crobat, M
|poke|p2|Magnezone
|poke|p2|Sylveon, F
|rule|Swagger Clause: Swagger is banned
|rule|Baton Pass Clause: Limit one PokÃ©mon knowing Baton Pass
|rule|Sleep Clause Mod: Limit one foe put to sleep
|rule|Species Clause: Limit one of each PokÃ©mon
|rule|OHKO Clause: OHKO moves are banned
|rule|Moody Clause: Moody is banned
|rule|Evasion Moves Clause: Evasion moves are banned
|rule|Endless Battle Clause: Forcing endless battles is banned
|rule|HP Percentage Mod: HP is shown in percentages
|teampreview
|c|âAggron|hf
|join|Eric Wrona
|
|start
|switch|p1a: Keldeo|Keldeo|323\/323
|switch|p2a: Sceptile|Sceptile, M|282\/282
|turn|1
|
|switch|p2a: Sylveon|Sylveon, F|384\/384
|switch|p1a: Amoonguss|Amoonguss, F|432\/432
|
|turn|2
|
|switch|p1a: Chansey|Chansey, F|703\/703
|move|p2a: Sylveon|Baton Pass|p2a: Sylveon
|
|switch|p2a: Bisharp|Bisharp, M|272\/272
|
|turn|3
|
|switch|p1a: Mandibuzz|Mandibuzz, F|423\/423
|move|p2a: Bisharp|Knock Off|p1a: Mandibuzz
|-resisted|p1a: Mandibuzz
|-damage|p1a: Mandibuzz|333\/423
|-damage|p2a: Bisharp|227\/272|[from] item: Rocky Helmet|[of] p1a: Mandibuzz
|-enditem|p1a: Mandibuzz|Rocky Helmet|[from] move: Knock Off|[of] p2a: Bisharp
|-damage|p2a: Bisharp|200\/272|[from] item: Life Orb
|
|turn|4
|
|switch|p2a: Sylveon|Sylveon, F|384\/384
|move|p1a: Mandibuzz|Foul Play|p2a: Sylveon
|-resisted|p2a: Sylveon
|-damage|p2a: Sylveon|351\/384
|
|-heal|p2a: Sylveon|375\/384|[from] item: Leftovers
|turn|5
|
|switch|p1a: Amoonguss|Amoonguss, F|432\/432
|move|p2a: Sylveon|Hyper Voice|p1a: Amoonguss
|-resisted|p1a: Amoonguss
|-damage|p1a: Amoonguss|345\/432
|
|-heal|p2a: Sylveon|384\/384|[from] item: Leftovers
|-heal|p1a: Amoonguss|372\/432|[from] item: Black Sludge
|turn|6
|
|move|p2a: Sylveon|Baton Pass|p2a: Sylveon
|
|switch|p2a: Magnezone|Magnezone|313\/313
|-item|p2a: Magnezone|Air Balloon
|move|p1a: Amoonguss|Spore|p2a: Magnezone
|-status|p2a: Magnezone|slp
|
|-heal|p1a: Amoonguss|399\/432|[from] item: Black Sludge
|turn|7
|
|switch|p1a: Landorus-Therian|Landorus-Therian, M|382\/382
|-ability|p1a: Landorus-Therian|Intimidate|[of] p2a: Magnezone
|-unboost|p2a: Magnezone|atk|1
|cant|p2a: Magnezone|slp
|
|turn|8
|
|move|p1a: Landorus-Therian|Stealth Rock|p2a: Magnezone
|-sidestart|p2: Aggron|move: Stealth Rock
|-curestatus|p2a: Magnezone|slp
|move|p2a: Magnezone|Flash Cannon|p1a: Landorus-Therian
|-damage|p1a: Landorus-Therian|181\/382
|
|-heal|p1a: Landorus-Therian|204\/382|[from] item: Leftovers
|turn|9
|
|move|p1a: Landorus-Therian|U-turn|p2a: Magnezone
|-resisted|p2a: Magnezone
|-damage|p2a: Magnezone|279\/313
|-enditem|p2a: Magnezone|Air Balloon
|
|switch|p1a: Amoonguss|Amoonguss, F|432\/432
|move|p2a: Magnezone|Volt Switch|p1a: Amoonguss
|-resisted|p1a: Amoonguss
|-damage|p1a: Amoonguss|355\/432
|
|switch|p2a: Crobat|Crobat, M|352\/352
|-damage|p2a: Crobat|264\/352|[from] Stealth Rock
|
|-heal|p2a: Crobat|286\/352|[from] item: Black Sludge
|-heal|p1a: Amoonguss|382\/432|[from] item: Black Sludge
|turn|10
|
|switch|p1a: Landorus-Therian|Landorus-Therian, M|204\/382
|-ability|p1a: Landorus-Therian|Intimidate|[of] p2a: Crobat
|-unboost|p2a: Crobat|atk|1
|move|p2a: Crobat|Defog|p1a: Landorus-Therian
|-unboost|p1a: Landorus-Therian|evasion|1
|-sideend|p2: Aggron|Stealth Rock|[from] move: Defog|[of] p2a: Crobat
|
|-heal|p2a: Crobat|308\/352|[from] item: Black Sludge
|-heal|p1a: Landorus-Therian|227\/382|[from] item: Leftovers
|turn|11
|
|move|p2a: Crobat|U-turn|p1a: Landorus-Therian
|-resisted|p1a: Landorus-Therian
|-damage|p1a: Landorus-Therian|212\/382
|
|switch|p2a: Sceptile|Sceptile, M|282\/282
|move|p1a: Landorus-Therian|Stealth Rock|p2a: Sceptile
|-sidestart|p2: Aggron|move: Stealth Rock
|
|-heal|p1a: Landorus-Therian|235\/382|[from] item: Leftovers
|turn|12
|join|Dragon Stone
|
|switch|p1a: Chansey|Chansey, F|703\/703
|detailschange|p2a: Sceptile|Sceptile-Mega, M
|-mega|p2a: Sceptile|Sceptile|Sceptilite
|move|p2a: Sceptile|Dragon Pulse|p1a: Chansey
|-damage|p1a: Chansey|591\/703
|
|turn|13
|join|Alldaalts
|
|move|p2a: Sceptile|Substitute|p2a: Sceptile
|-start|p2a: Sceptile|Substitute
|-damage|p2a: Sceptile|212\/282
|move|p1a: Chansey|Seismic Toss|p2a: Sceptile
|-end|p2a: Sceptile|Substitute
|
|turn|14
|
|move|p2a: Sceptile|Giga Drain|p1a: Chansey
|-damage|p1a: Chansey|501\/703
|-heal|p2a: Sceptile|257\/282|[from] drain|[of] p1a: Chansey
|move|p1a: Chansey|Seismic Toss|p2a: Sceptile
|-damage|p2a: Sceptile|157\/282
|
|turn|15
|leave|Eric Wrona
|
|move|p2a: Sceptile|Giga Drain|p1a: Chansey
|-damage|p1a: Chansey|408\/703
|-heal|p2a: Sceptile|204\/282|[from] drain|[of] p1a: Chansey
|move|p1a: Chansey|Soft-Boiled|p1a: Chansey
|-heal|p1a: Chansey|703\/703
|
|turn|16
|
|switch|p2a: Crobat|Crobat, M|308\/352
|-damage|p2a: Crobat|220\/352|[from] Stealth Rock
|move|p1a: Chansey|Seismic Toss|p2a: Crobat
|-damage|p2a: Crobat|120\/352
|
|-heal|p2a: Crobat|142\/352|[from] item: Black Sludge
|turn|17
|
|switch|p1a: Landorus-Therian|Landorus-Therian, M|235\/382
|-ability|p1a: Landorus-Therian|Intimidate|[of] p2a: Crobat
|-unboost|p2a: Crobat|atk|1
|move|p2a: Crobat|Defog|p1a: Landorus-Therian
|-unboost|p1a: Landorus-Therian|evasion|1
|-sideend|p2: Aggron|Stealth Rock|[from] move: Defog|[of] p2a: Crobat
|
|-heal|p2a: Crobat|164\/352|[from] item: Black Sludge
|-heal|p1a: Landorus-Therian|258\/382|[from] item: Leftovers
|turn|18
|
|move|p2a: Crobat|Roost|p2a: Crobat
|-heal|p2a: Crobat|340\/352
|move|p1a: Landorus-Therian|Stealth Rock|p2a: Crobat
|-sidestart|p2: Aggron|move: Stealth Rock
|
|-heal|p2a: Crobat|352\/352|[from] item: Black Sludge
|-heal|p1a: Landorus-Therian|281\/382|[from] item: Leftovers
|turn|19
|
|move|p2a: Crobat|Defog|p1a: Landorus-Therian
|-unboost|p1a: Landorus-Therian|evasion|1
|-sideend|p2: Aggron|Stealth Rock|[from] move: Defog|[of] p2a: Crobat
|move|p1a: Landorus-Therian|Stone Edge|p2a: Crobat
|-supereffective|p2a: Crobat
|-damage|p2a: Crobat|90\/352
|
|-heal|p2a: Crobat|112\/352|[from] item: Black Sludge
|-heal|p1a: Landorus-Therian|304\/382|[from] item: Leftovers
|turn|20
|
|move|p2a: Crobat|U-turn|p1a: Landorus-Therian
|-crit|p1a: Landorus-Therian
|-resisted|p1a: Landorus-Therian
|-damage|p1a: Landorus-Therian|270\/382
|
|switch|p2a: Azumarill|Azumarill, F|382\/382
|move|p1a: Landorus-Therian|Earthquake|p2a: Azumarill
|-damage|p2a: Azumarill|180\/382
|
|-heal|p1a: Landorus-Therian|293\/382|[from] item: Leftovers
|turn|21
|
|move|p2a: Azumarill|Aqua Jet|p1a: Landorus-Therian
|-crit|p1a: Landorus-Therian
|-supereffective|p1a: Landorus-Therian
|-damage|p1a: Landorus-Therian|0 fnt
|faint|p1a: Landorus-Therian
|
|
|switch|p1a: Gardevoir|Gardevoir, M|277\/277
|-ability|p1a: Gardevoir|Huge Power|[from] ability: Trace|[of] p2a: Azumarill
|turn|22
|
|switch|p2a: Magnezone|Magnezone|279\/313
|detailschange|p1a: Gardevoir|Gardevoir-Mega, M
|-mega|p1a: Gardevoir|Gardevoir|Gardevoirite
|move|p1a: Gardevoir|Hyper Voice|p2a: Magnezone
|-crit|p2a: Magnezone
|-resisted|p2a: Magnezone
|-damage|p2a: Magnezone|85\/313
|
|turn|23
|
|move|p1a: Gardevoir|Hyper Voice|p2a: Magnezone
|-resisted|p2a: Magnezone
|-damage|p2a: Magnezone|0 fnt
|faint|p2a: Magnezone
|
|
|switch|p2a: Crobat|Crobat, M|112\/352
|turn|24
|
|move|p2a: Crobat|U-turn|p1a: Gardevoir
|-damage|p1a: Gardevoir|190\/277
|
|switch|p2a: Bisharp|Bisharp, M|200\/272
|move|p1a: Gardevoir|Psyshock|p2a: Bisharp
|-immune|p2a: Bisharp|[msg]
|
|turn|25
|
|switch|p1a: Keldeo|Keldeo|323\/323
|move|p2a: Bisharp|Stealth Rock|p1a: Keldeo
|-sidestart|p1: lil manaphy|move: Stealth Rock
|
|turn|26
|
|move|p1a: Keldeo|Scald|p2a: Bisharp
|-damage|p2a: Bisharp|7\/272
|move|p2a: Bisharp|Knock Off|p1a: Keldeo
|-resisted|p1a: Keldeo
|-damage|p1a: Keldeo|181\/323
|-boost|p1a: Keldeo|atk|1|[from] ability: Justified
|-enditem|p1a: Keldeo|Leftovers|[from] move: Knock Off|[of] p2a: Bisharp
|-damage|p2a: Bisharp|0 fnt|[from] item: Life Orb
|faint|p2a: Bisharp
|
|
|switch|p2a: Sceptile|Sceptile-Mega, M|204\/282
|turn|27
|
|switch|p1a: Chansey|Chansey, F|703\/703
|-damage|p1a: Chansey|616\/703|[from] Stealth Rock
|move|p2a: Sceptile|Dragon Pulse|p1a: Chansey
|-crit|p1a: Chansey
|-damage|p1a: Chansey|450\/703
|
|turn|28
|
|switch|p2a: Sylveon|Sylveon, F|384\/384
|move|p1a: Chansey|Soft-Boiled|p1a: Chansey
|-heal|p1a: Chansey|703\/703
|
|turn|29
|
|move|p2a: Sylveon|Wish|p2a: Sylveon
|move|p1a: Chansey|Thunder Wave|p2a: Sylveon
|-status|p2a: Sylveon|par
|
|turn|30
|
|move|p1a: Chansey|Seismic Toss|p2a: Sylveon
|-damage|p2a: Sylveon|284\/384 par
|move|p2a: Sylveon|Baton Pass|p2a: Sylveon
|
|switch|p2a: Azumarill|Azumarill, F|180\/382
|
|-heal|p2a: Azumarill|372\/382|[from] move: Wish|[wisher] Sylveon
|turn|31
|leave|Dragon Stone
|
|switch|p2a: Crobat|Crobat, M|112\/352
|move|p1a: Chansey|Thunder Wave|p2a: Crobat
|-status|p2a: Crobat|par
|
|-heal|p2a: Crobat|134\/352 par|[from] item: Black Sludge
|turn|32
|c|âAggron|shit
|
|move|p1a: Chansey|Seismic Toss|p2a: Crobat
|-damage|p2a: Crobat|34\/352 par
|move|p2a: Crobat|Roost|p2a: Crobat
|-heal|p2a: Crobat|210\/352 par
|
|-heal|p2a: Crobat|232\/352 par|[from] item: Black Sludge
|turn|33
|
|switch|p1a: Mandibuzz|Mandibuzz, F|333\/423
|-damage|p1a: Mandibuzz|228\/423|[from] Stealth Rock
|move|p2a: Crobat|U-turn|p1a: Mandibuzz
|-damage|p1a: Mandibuzz|186\/423
|
|switch|p2a: Azumarill|Azumarill, F|372\/382
|
|turn|34
|
|move|p1a: Mandibuzz|Defog|p2a: Azumarill
|-unboost|p2a: Azumarill|evasion|1
|-sideend|p1: lil manaphy|Stealth Rock|[from] move: Defog|[of] p1a: Mandibuzz
|move|p2a: Azumarill|Play Rough|p1a: Mandibuzz
|-supereffective|p1a: Mandibuzz
|-damage|p1a: Mandibuzz|0 fnt
|faint|p1a: Mandibuzz
|
|
|switch|p1a: Amoonguss|Amoonguss, F|432\/432
|turn|35
|
|switch|p2a: Crobat|Crobat, M|232\/352 par
|move|p1a: Amoonguss|Giga Drain|p2a: Crobat
|-resisted|p2a: Crobat
|-damage|p2a: Crobat|209\/352 par
|
|-heal|p2a: Crobat|231\/352 par|[from] item: Black Sludge
|turn|36
|
|switch|p1a: Gardevoir|Gardevoir-Mega, M|190\/277
|move|p2a: Crobat|U-turn|p1a: Gardevoir
|-damage|p1a: Gardevoir|105\/277
|
|switch|p2a: Azumarill|Azumarill, F|372\/382
|
|turn|37
|
|switch|p1a: Amoonguss|Amoonguss, F|432\/432
|move|p2a: Azumarill|Play Rough|p1a: Amoonguss
|-resisted|p1a: Amoonguss
|-damage|p1a: Amoonguss|291\/432
|
|-heal|p1a: Amoonguss|318\/432|[from] item: Black Sludge
|turn|38
|
|switch|p1a: Gardevoir|Gardevoir-Mega, M|105\/277
|move|p2a: Azumarill|Play Rough|p1a: Gardevoir
|-damage|p1a: Gardevoir|0 fnt
|faint|p1a: Gardevoir
|
|
|switch|p1a: Amoonguss|Amoonguss, F|432\/432
|turn|39
|
|switch|p2a: Crobat|Crobat, M|231\/352 par
|move|p1a: Amoonguss|Giga Drain|p2a: Crobat
|-resisted|p2a: Crobat
|-damage|p2a: Crobat|210\/352 par
|
|-heal|p2a: Crobat|232\/352 par|[from] item: Black Sludge
|turn|40
|
|move|p1a: Amoonguss|Hidden Power|p2a: Crobat
|-damage|p2a: Crobat|180\/352 par
|move|p2a: Crobat|Brave Bird|p1a: Amoonguss
|-supereffective|p1a: Amoonguss
|-damage|p1a: Amoonguss|178\/432
|-damage|p2a: Crobat|96\/352 par|[from] recoil|[of] p1a: Amoonguss
|
|-heal|p1a: Amoonguss|205\/432|[from] item: Black Sludge
|-heal|p2a: Crobat|118\/352 par|[from] item: Black Sludge
|turn|41
|
|switch|p1a: Chansey|Chansey, F|703\/703
|move|p2a: Crobat|Roost|p2a: Crobat
|-heal|p2a: Crobat|294\/352 par
|
|-heal|p2a: Crobat|316\/352 par|[from] item: Black Sludge
|turn|42
|
|move|p1a: Chansey|Seismic Toss|p2a: Crobat
|-damage|p2a: Crobat|216\/352 par
|move|p2a: Crobat|U-turn|p1a: Chansey
|-damage|p1a: Chansey|624\/703
|
|switch|p2a: Azumarill|Azumarill, F|372\/382
|
|turn|43
|
|move|p2a: Azumarill|Superpower|p1a: Chansey
|-supereffective|p1a: Chansey
|-damage|p1a: Chansey|0 fnt
|-unboost|p2a: Azumarill|atk|1
|-unboost|p2a: Azumarill|def|1
|faint|p1a: Chansey
|
|-message|lil manaphy forfeited.
|leave|lil manaphy
|
|win|Aggron
|raw|Ladder updating...
|player|p1
|raw|lil manaphy's rating: 1782 &rarr; <strong>1752<\/strong><br \/>(-30 for losing)
|raw|Aggron's rating: 1602 &rarr; <strong>1632<\/strong><br \/>(+30 for winning)