|join|lil manaphy
|join|Inescapable Blue
|player|p1|lil manaphy|9
|player|p2|Inescapable Blue|290
|gametype|singles
|gen|6
|tier|OU
|rated
|clearpoke
|poke|p1|Gardevoir, F
|poke|p1|Keldeo
|poke|p1|Amoonguss, F
|poke|p1|Chansey, F
|poke|p1|Mandibuzz, F
|poke|p1|Landorus-Therian, M
|poke|p2|Politoed, M
|poke|p2|Swampert, F
|poke|p2|Kingdra, F
|poke|p2|Klefki, F
|poke|p2|Thundurus, M
|poke|p2|Breloom, F
|rule|Swagger Clause: Swagger is banned
|rule|Baton Pass Clause: Limit one PokÃ©mon knowing Baton Pass
|rule|Sleep Clause Mod: Limit one foe put to sleep
|rule|Species Clause: Limit one of each PokÃ©mon
|rule|OHKO Clause: OHKO moves are banned
|rule|Moody Clause: Moody is banned
|rule|Evasion Moves Clause: Evasion moves are banned
|rule|Endless Battle Clause: Forcing endless battles is banned
|rule|HP Percentage Mod: HP is shown in percentages
|teampreview
|
|start
|switch|p1a: Keldeo|Keldeo|323\/323
|switch|p2a: Politoed|Politoed, M|383\/383
|-weather|RainDance
|turn|1
|
|move|p1a: Keldeo|Substitute|p1a: Keldeo
|-start|p1a: Keldeo|Substitute
|-damage|p1a: Keldeo|243\/323
|move|p2a: Politoed|Encore|p1a: Keldeo
|-start|p1a: Keldeo|Encore
|
|-weather|RainDance|[upkeep]
|-heal|p1a: Keldeo|263\/323|[from] item: Leftovers
|turn|2
|
|switch|p1a: Chansey|Chansey, F|703\/703
|switch|p2a: Thundurus|Thundurus, M|299\/299
|
|-weather|RainDance|[upkeep]
|turn|3
|
|switch|p1a: Amoonguss|Amoonguss, F|432\/432
|move|p2a: Thundurus|Knock Off|p1a: Amoonguss
|-damage|p1a: Amoonguss|325\/432
|-enditem|p1a: Amoonguss|Black Sludge|[from] move: Knock Off|[of] p2a: Thundurus
|-damage|p2a: Thundurus|270\/299|[from] item: Life Orb
|
|-weather|RainDance|[upkeep]
|turn|4
|
|move|p2a: Thundurus|Hidden Power|p1a: Amoonguss
|-supereffective|p1a: Amoonguss
|-damage|p1a: Amoonguss|127\/432
|-damage|p2a: Thundurus|241\/299|[from] item: Life Orb
|move|p1a: Amoonguss|Spore|p2a: Thundurus
|-status|p2a: Thundurus|slp
|
|-weather|RainDance|[upkeep]
|turn|5
|
|switch|p2a: Klefki|Klefki, F|318\/318
|switch|p1a: Landorus-Therian|Landorus-Therian, M|382\/382
|-ability|p1a: Landorus-Therian|Intimidate|[of] p2a: Klefki
|-unboost|p2a: Klefki|atk|1
|
|-weather|RainDance|[upkeep]
|turn|6
|
|move|p2a: Klefki|Spikes|p1a: Landorus-Therian
|-sidestart|p1: lil manaphy|Spikes
|move|p1a: Landorus-Therian|Stealth Rock|p2a: Klefki
|-sidestart|p2: Inescapable Blue|move: Stealth Rock
|
|-weather|RainDance|[upkeep]
|turn|7
|
|switch|p2a: Swampert|Swampert, F|341\/341
|-damage|p2a: Swampert|320\/341|[from] Stealth Rock
|move|p1a: Landorus-Therian|Earthquake|p2a: Swampert
|-damage|p2a: Swampert|142\/341
|
|-weather|RainDance|[upkeep]
|turn|8
|
|detailschange|p2a: Swampert|Swampert-Mega, F
|-mega|p2a: Swampert|Swampert|Swampertite
|move|p1a: Landorus-Therian|Earthquake|p2a: Swampert
|-damage|p2a: Swampert|0 fnt
|faint|p2a: Swampert
|
|-weather|none
|leave|Inescapable Blue
|player|p2
|-message|inescapableblue lost due to inactivity.
|
|win|lil manaphy
|raw|Ladder updating...
|raw|lil manaphy's rating: 1737 &rarr; <strong>1748<\/strong><br \/>(+11 for winning)
|raw|Inescapable Blue's rating: 1579 &rarr; <strong>1568<\/strong><br \/>(-11 for losing)