|join|lil manaphy
|join|EnterSmurf123
|player|p1|lil manaphy|9
|player|p2|EnterSmurf123|265
|gametype|singles
|gen|6
|tier|OU
|rated
|clearpoke
|poke|p1|Gardevoir, F
|poke|p1|Keldeo
|poke|p1|Amoonguss, M
|poke|p1|Chansey, F
|poke|p1|Mandibuzz, F
|poke|p1|Landorus-Therian, M
|poke|p2|Politoed, M
|poke|p2|Swampert, M
|poke|p2|Kingdra, M
|poke|p2|Tornadus-Therian, M
|poke|p2|Ferrothorn, F
|poke|p2|Conkeldurr, M
|rule|Swagger Clause: Swagger is banned
|rule|Baton Pass Clause: Limit one PokÃ©mon knowing Baton Pass
|rule|Sleep Clause Mod: Limit one foe put to sleep
|rule|Species Clause: Limit one of each PokÃ©mon
|rule|OHKO Clause: OHKO moves are banned
|rule|Moody Clause: Moody is banned
|rule|Evasion Moves Clause: Evasion moves are banned
|rule|Endless Battle Clause: Forcing endless battles is banned
|rule|HP Percentage Mod: HP is shown in percentages
|teampreview
|c|âEnterSmurf123|aw
|c|âEnterSmurf123|hello :)
|c|âEnterSmurf123|i was GoodNicksAreGone
|c|âEnterSmurf123|or BanChanseyPlease
|c|âEnterSmurf123|i don't know if u remember me
|
|start
|switch|p1a: Gardevoir|Gardevoir, F|277\/277
|switch|p2a: Politoed|Politoed, M|383\/383
|-ability|p1a: Gardevoir|Drizzle|[from] ability: Trace|[of] p2a: Politoed
|-weather|RainDance
|turn|1
|
|switch|p2a: Ferrothorn|Ferrothorn, F|351\/351
|detailschange|p1a: Gardevoir|Gardevoir-Mega, F
|-mega|p1a: Gardevoir|Gardevoir|Gardevoirite
|move|p1a: Gardevoir|Hyper Voice|p2a: Ferrothorn
|-resisted|p2a: Ferrothorn
|-damage|p2a: Ferrothorn|264\/351
|
|-weather|RainDance|[upkeep]
|-heal|p2a: Ferrothorn|285\/351|[from] item: Leftovers
|turn|2
|
|switch|p1a: Landorus-Therian|Landorus-Therian, M|382\/382
|-ability|p1a: Landorus-Therian|Intimidate|[of] p2a: Ferrothorn
|-unboost|p2a: Ferrothorn|atk|1
|move|p2a: Ferrothorn|Protect|p2a: Ferrothorn
|-fail|p2a: Ferrothorn
|
|-weather|RainDance|[upkeep]
|-heal|p2a: Ferrothorn|306\/351|[from] item: Leftovers
|turn|3
|
|move|p1a: Landorus-Therian|Stealth Rock|p2a: Ferrothorn
|-sidestart|p2: EnterSmurf123|move: Stealth Rock
|move|p2a: Ferrothorn|Stealth Rock|p1a: Landorus-Therian
|-sidestart|p1: lil manaphy|move: Stealth Rock
|
|-weather|RainDance|[upkeep]
|-heal|p2a: Ferrothorn|327\/351|[from] item: Leftovers
|turn|4
|
|move|p1a: Landorus-Therian|Earthquake|p2a: Ferrothorn
|-damage|p2a: Ferrothorn|198\/351
|move|p2a: Ferrothorn|Gyro Ball|p1a: Landorus-Therian
|-damage|p1a: Landorus-Therian|304\/382
|
|-weather|RainDance|[upkeep]
|-heal|p1a: Landorus-Therian|327\/382|[from] item: Leftovers
|-heal|p2a: Ferrothorn|219\/351|[from] item: Leftovers
|turn|5
|
|move|p2a: Ferrothorn|Protect|p2a: Ferrothorn
|-singleturn|p2a: Ferrothorn|Protect
|move|p1a: Landorus-Therian|Earthquake|p2a: Ferrothorn
|-activate|p2a: Ferrothorn|Protect
|
|-weather|none
|-heal|p1a: Landorus-Therian|350\/382|[from] item: Leftovers
|-heal|p2a: Ferrothorn|240\/351|[from] item: Leftovers
|turn|6
|
|move|p1a: Landorus-Therian|Earthquake|p2a: Ferrothorn
|-damage|p2a: Ferrothorn|110\/351
|move|p2a: Ferrothorn|Leech Seed|p1a: Landorus-Therian
|-start|p1a: Landorus-Therian|move: Leech Seed
|
|-heal|p1a: Landorus-Therian|373\/382|[from] item: Leftovers
|-heal|p2a: Ferrothorn|131\/351|[from] item: Leftovers
|-damage|p1a: Landorus-Therian|326\/382|[from] Leech Seed|[of] p2a: Ferrothorn
|-heal|p2a: Ferrothorn|178\/351|[silent]
|turn|7
|
|switch|p1a: Amoonguss|Amoonguss, M|432\/432
|-damage|p1a: Amoonguss|378\/432|[from] Stealth Rock
|move|p2a: Ferrothorn|Leech Seed|p1a: Amoonguss
|-immune|p1a: Amoonguss|[msg]
|
|-heal|p1a: Amoonguss|405\/432|[from] item: Black Sludge
|-heal|p2a: Ferrothorn|199\/351|[from] item: Leftovers
|turn|8
|
|move|p2a: Ferrothorn|Protect|p2a: Ferrothorn
|-singleturn|p2a: Ferrothorn|Protect
|move|p1a: Amoonguss|Hidden Power|p2a: Ferrothorn
|-activate|p2a: Ferrothorn|Protect
|
|-heal|p1a: Amoonguss|432\/432|[from] item: Black Sludge
|-heal|p2a: Ferrothorn|220\/351|[from] item: Leftovers
|turn|9
|
|move|p1a: Amoonguss|Hidden Power|p2a: Ferrothorn
|-supereffective|p2a: Ferrothorn
|-damage|p2a: Ferrothorn|112\/351
|move|p2a: Ferrothorn|Gyro Ball|p1a: Amoonguss
|-damage|p1a: Amoonguss|392\/432
|
|-heal|p1a: Amoonguss|419\/432|[from] item: Black Sludge
|-heal|p2a: Ferrothorn|133\/351|[from] item: Leftovers
|turn|10
|
|move|p2a: Ferrothorn|Protect|p2a: Ferrothorn
|-singleturn|p2a: Ferrothorn|Protect
|move|p1a: Amoonguss|Hidden Power|p2a: Ferrothorn
|-activate|p2a: Ferrothorn|Protect
|
|-heal|p1a: Amoonguss|432\/432|[from] item: Black Sludge
|-heal|p2a: Ferrothorn|154\/351|[from] item: Leftovers
|turn|11
|
|switch|p2a: Politoed|Politoed, M|383\/383
|-damage|p2a: Politoed|336\/383|[from] Stealth Rock
|-weather|RainDance
|move|p1a: Amoonguss|Hidden Power|p2a: Politoed
|-resisted|p2a: Politoed
|-damage|p2a: Politoed|329\/383
|
|-weather|RainDance|[upkeep]
|turn|12
|
|move|p2a: Politoed|Encore|p1a: Amoonguss
|-start|p1a: Amoonguss|Encore
|move|p1a: Amoonguss|Hidden Power|p2a: Politoed
|-resisted|p2a: Politoed
|-damage|p2a: Politoed|321\/383
|
|-weather|RainDance|[upkeep]
|turn|13
|
|switch|p2a: Swampert|Swampert, M|341\/341
|-damage|p2a: Swampert|320\/341|[from] Stealth Rock
|switch|p1a: Chansey|Chansey, F|703\/703
|-damage|p1a: Chansey|616\/703|[from] Stealth Rock
|
|-weather|RainDance|[upkeep]
|turn|14
|
|switch|p1a: Amoonguss|Amoonguss, M|432\/432
|-damage|p1a: Amoonguss|378\/432|[from] Stealth Rock
|detailschange|p2a: Swampert|Swampert-Mega, M
|-mega|p2a: Swampert|Swampert|Swampertite
|move|p2a: Swampert|Power-Up Punch|p1a: Amoonguss
|-resisted|p1a: Amoonguss
|-damage|p1a: Amoonguss|349\/432
|-boost|p2a: Swampert|atk|1
|
|-weather|RainDance|[upkeep]
|-heal|p1a: Amoonguss|376\/432|[from] item: Black Sludge
|turn|15
|
|move|p2a: Swampert|Earthquake|p1a: Amoonguss
|-damage|p1a: Amoonguss|87\/432
|move|p1a: Amoonguss|Giga Drain|p2a: Swampert
|-supereffective|p2a: Swampert
|-damage|p2a: Swampert|32\/341
|-heal|p1a: Amoonguss|231\/432|[from] drain|[of] p2a: Swampert
|
|-weather|RainDance|[upkeep]
|-heal|p1a: Amoonguss|258\/432|[from] item: Black Sludge
|turn|16
|
|switch|p1a: Landorus-Therian|Landorus-Therian, M|326\/382
|-damage|p1a: Landorus-Therian|279\/382|[from] Stealth Rock
|-ability|p1a: Landorus-Therian|Intimidate|[of] p2a: Swampert
|-unboost|p2a: Swampert|atk|1
|move|p2a: Swampert|Waterfall|p1a: Landorus-Therian
|-supereffective|p1a: Landorus-Therian
|-damage|p1a: Landorus-Therian|0 fnt
|faint|p1a: Landorus-Therian
|
|-weather|RainDance|[upkeep]
|
|switch|p1a: Amoonguss|Amoonguss, M|402\/432
|-damage|p1a: Amoonguss|348\/432|[from] Stealth Rock
|turn|17
|
|move|p2a: Swampert|Earthquake|p1a: Amoonguss
|-damage|p1a: Amoonguss|168\/432
|move|p1a: Amoonguss|Giga Drain|p2a: Swampert
|-supereffective|p2a: Swampert
|-damage|p2a: Swampert|0 fnt
|-heal|p1a: Amoonguss|184\/432|[from] drain|[of] p2a: Swampert
|faint|p2a: Swampert
|
|-weather|RainDance|[upkeep]
|-heal|p1a: Amoonguss|211\/432|[from] item: Black Sludge
|
|switch|p2a: Kingdra|Kingdra, M|291\/291
|-damage|p2a: Kingdra|255\/291|[from] Stealth Rock
|turn|18
|
|move|p2a: Kingdra|Draco Meteor|p1a: Amoonguss
|-damage|p1a: Amoonguss|0 fnt
|-unboost|p2a: Kingdra|spa|2
|-damage|p2a: Kingdra|226\/291|[from] item: Life Orb
|faint|p1a: Amoonguss
|
|-weather|none
|
|switch|p1a: Gardevoir|Gardevoir-Mega, F|277\/277
|-damage|p1a: Gardevoir|243\/277|[from] Stealth Rock
|turn|19
|
|switch|p2a: Ferrothorn|Ferrothorn, F|154\/351
|-damage|p2a: Ferrothorn|133\/351|[from] Stealth Rock
|move|p1a: Gardevoir|Hyper Voice|p2a: Ferrothorn
|-resisted|p2a: Ferrothorn
|-damage|p2a: Ferrothorn|40\/351
|
|-heal|p2a: Ferrothorn|61\/351|[from] item: Leftovers
|turn|20
|
|move|p2a: Ferrothorn|Protect|p2a: Ferrothorn
|-singleturn|p2a: Ferrothorn|Protect
|move|p1a: Gardevoir|Hyper Voice|p2a: Ferrothorn
|-activate|p2a: Ferrothorn|Protect
|
|-heal|p2a: Ferrothorn|82\/351|[from] item: Leftovers
|turn|21
|
|move|p1a: Gardevoir|Hyper Voice|p2a: Ferrothorn
|-resisted|p2a: Ferrothorn
|-damage|p2a: Ferrothorn|0 fnt
|faint|p2a: Ferrothorn
|
|
|switch|p2a: Politoed|Politoed, M|321\/383
|-damage|p2a: Politoed|274\/383|[from] Stealth Rock
|-weather|RainDance
|turn|22
|
|switch|p2a: Tornadus-Therian|Tornadus-Therian, M|299\/299
|-damage|p2a: Tornadus-Therian|225\/299|[from] Stealth Rock
|move|p1a: Gardevoir|Hyper Voice|p2a: Tornadus-Therian
|-damage|p2a: Tornadus-Therian|0 fnt
|faint|p2a: Tornadus-Therian
|
|-weather|RainDance|[upkeep]
|
|switch|p2a: Kingdra|Kingdra, M|226\/291
|-damage|p2a: Kingdra|190\/291|[from] Stealth Rock
|turn|23
|
|switch|p1a: Chansey|Chansey, F|616\/703
|-damage|p1a: Chansey|529\/703|[from] Stealth Rock
|move|p2a: Kingdra|Waterfall|p1a: Chansey
|-damage|p1a: Chansey|266\/703
|-damage|p2a: Kingdra|161\/291|[from] item: Life Orb
|
|-weather|RainDance|[upkeep]
|turn|24
|
|move|p2a: Kingdra|Hydro Pump|p1a: Chansey
|-damage|p1a: Chansey|36\/703
|-damage|p2a: Kingdra|132\/291|[from] item: Life Orb
|move|p1a: Chansey|Soft-Boiled|p1a: Chansey
|-heal|p1a: Chansey|388\/703
|
|-weather|RainDance|[upkeep]
|turn|25
|
|move|p2a: Kingdra|Waterfall|p1a: Chansey
|-damage|p1a: Chansey|145\/703
|-damage|p2a: Kingdra|103\/291|[from] item: Life Orb
|move|p1a: Chansey|Soft-Boiled|p1a: Chansey
|-heal|p1a: Chansey|497\/703
|
|-weather|RainDance|[upkeep]
|turn|26
|
|switch|p2a: Conkeldurr|Conkeldurr, M|351\/351
|-damage|p2a: Conkeldurr|330\/351|[from] Stealth Rock
|move|p1a: Chansey|Seismic Toss|p2a: Conkeldurr
|-damage|p2a: Conkeldurr|230\/351
|
|-weather|RainDance|[upkeep]
|turn|27
|
|switch|p1a: Mandibuzz|Mandibuzz, F|423\/423
|-damage|p1a: Mandibuzz|318\/423|[from] Stealth Rock
|move|p2a: Conkeldurr|Knock Off|p1a: Mandibuzz
|-resisted|p1a: Mandibuzz
|-damage|p1a: Mandibuzz|272\/423
|-damage|p2a: Conkeldurr|172\/351|[from] item: Rocky Helmet|[of] p1a: Mandibuzz
|-enditem|p1a: Mandibuzz|Rocky Helmet|[from] move: Knock Off|[of] p2a: Conkeldurr
|
|-weather|RainDance|[upkeep]
|turn|28
|
|move|p1a: Mandibuzz|Foul Play|p2a: Conkeldurr
|-resisted|p2a: Conkeldurr
|-damage|p2a: Conkeldurr|72\/351
|move|p2a: Conkeldurr|Drain Punch|p1a: Mandibuzz
|-damage|p1a: Mandibuzz|169\/423
|-heal|p2a: Conkeldurr|124\/351|[from] drain|[of] p1a: Mandibuzz
|
|-weather|RainDance|[upkeep]
|turn|29
|
|move|p1a: Mandibuzz|Foul Play|p2a: Conkeldurr
|-resisted|p2a: Conkeldurr
|-damage|p2a: Conkeldurr|26\/351
|move|p2a: Conkeldurr|Drain Punch|p1a: Mandibuzz
|-damage|p1a: Mandibuzz|67\/423
|-heal|p2a: Conkeldurr|77\/351|[from] drain|[of] p1a: Mandibuzz
|
|-weather|none
|turn|30
|
|move|p1a: Mandibuzz|Foul Play|p2a: Conkeldurr
|-resisted|p2a: Conkeldurr
|-damage|p2a: Conkeldurr|0 fnt
|faint|p2a: Conkeldurr
|
|
|switch|p2a: Politoed|Politoed, M|274\/383
|-damage|p2a: Politoed|227\/383|[from] Stealth Rock
|-weather|RainDance
|turn|31
|
|move|p2a: Politoed|Scald|p1a: Mandibuzz
|-damage|p1a: Mandibuzz|0 fnt
|faint|p1a: Mandibuzz
|
|-weather|RainDance|[upkeep]
|
|switch|p1a: Gardevoir|Gardevoir-Mega, F|243\/277
|-damage|p1a: Gardevoir|209\/277|[from] Stealth Rock
|turn|32
|
|move|p1a: Gardevoir|Hyper Voice|p2a: Politoed
|-damage|p2a: Politoed|32\/383
|move|p2a: Politoed|Scald|p1a: Gardevoir
|-damage|p1a: Gardevoir|101\/277
|
|-weather|RainDance|[upkeep]
|turn|33
|
|move|p1a: Gardevoir|Hyper Voice|p2a: Politoed
|-damage|p2a: Politoed|0 fnt
|faint|p2a: Politoed
|
|-weather|RainDance|[upkeep]
|
|switch|p2a: Kingdra|Kingdra, M|103\/291
|-damage|p2a: Kingdra|67\/291|[from] Stealth Rock
|turn|34
|
|move|p2a: Kingdra|Waterfall|p1a: Gardevoir
|-damage|p1a: Gardevoir|0 fnt
|-damage|p2a: Kingdra|38\/291|[from] item: Life Orb
|faint|p1a: Gardevoir
|
|-weather|RainDance|[upkeep]
|
|switch|p1a: Chansey|Chansey, F|497\/703
|-damage|p1a: Chansey|410\/703|[from] Stealth Rock
|turn|35
|
|move|p2a: Kingdra|Waterfall|p1a: Chansey
|-crit|p1a: Chansey
|-damage|p1a: Chansey|58\/703
|-damage|p2a: Kingdra|9\/291|[from] item: Life Orb
|cant|p1a: Chansey|flinch
|
|-weather|RainDance|[upkeep]
|turn|36
|c|âEnterSmurf123|ah
|c|âEnterSmurf123|got killed by life orb
|c|âEnterSmurf123|gg
|
|move|p2a: Kingdra|Waterfall|p1a: Chansey
|-damage|p1a: Chansey|0 fnt
|-damage|p2a: Kingdra|0 fnt|[from] item: Life Orb
|faint|p1a: Chansey
|faint|p2a: Kingdra
|
|win|lil manaphy
|raw|Ladder updating...
|raw|lil manaphy's rating: 1706 &rarr; <strong>1719<\/strong><br \/>(+13 for winning)
|raw|EnterSmurf123's rating: 1575 &rarr; <strong>1563<\/strong><br \/>(-12 for losing)
|leave|EnterSmurf123
|player|p2