|join|lil manaphy
|join|subzeromkx
|player|p1|lil manaphy|9
|player|p2|subzeromkx|20
|gametype|singles
|gen|6
|tier|OU
|rated
|clearpoke
|poke|p1|Gardevoir, M
|poke|p1|Keldeo
|poke|p1|Amoonguss, F
|poke|p1|Chansey, F
|poke|p1|Mandibuzz, F
|poke|p1|Landorus-Therian, M
|poke|p2|Celebi
|poke|p2|Gardevoir, F
|poke|p2|Bisharp, F
|poke|p2|Azumarill, F
|poke|p2|Latias, F
|poke|p2|Garchomp, F
|rule|Swagger Clause: Swagger is banned
|rule|Baton Pass Clause: Limit one PokÃ©mon knowing Baton Pass
|rule|Sleep Clause Mod: Limit one foe put to sleep
|rule|Species Clause: Limit one of each PokÃ©mon
|rule|OHKO Clause: OHKO moves are banned
|rule|Moody Clause: Moody is banned
|rule|Evasion Moves Clause: Evasion moves are banned
|rule|Endless Battle Clause: Forcing endless battles is banned
|rule|HP Percentage Mod: HP is shown in percentages
|teampreview
|
|start
|switch|p1a: Gardevoir|Gardevoir, M|277\/277
|switch|p2a: Celebi|Celebi|403\/403
|-ability|p1a: Gardevoir|Natural Cure|[from] ability: Trace|[of] p2a: Celebi
|turn|1
|
|detailschange|p1a: Gardevoir|Gardevoir-Mega, M
|-mega|p1a: Gardevoir|Gardevoir|Gardevoirite
|move|p1a: Gardevoir|Taunt|p2a: Celebi
|-start|p2a: Celebi|move: Taunt
|cant|p2a: Celebi|move: Taunt|Thunder Wave
|
|turn|2
|
|move|p1a: Gardevoir|Hyper Voice|p2a: Celebi
|-damage|p2a: Celebi|184\/403
|move|p2a: Celebi|Giga Drain|p1a: Gardevoir
|-damage|p1a: Gardevoir|210\/277
|-heal|p2a: Celebi|218\/403|[from] drain|[of] p1a: Gardevoir
|
|-heal|p2a: Celebi|243\/403|[from] item: Leftovers
|turn|3
|
|move|p1a: Gardevoir|Hyper Voice|p2a: Celebi
|-damage|p2a: Celebi|45\/403
|move|p2a: Celebi|Giga Drain|p1a: Gardevoir
|-damage|p1a: Gardevoir|146\/277
|-heal|p2a: Celebi|77\/403|[from] drain|[of] p1a: Gardevoir
|
|-heal|p2a: Celebi|102\/403|[from] item: Leftovers
|-end|p2a: Celebi|move: Taunt
|turn|4
|
|move|p1a: Gardevoir|Hyper Voice|p2a: Celebi
|-damage|p2a: Celebi|0 fnt
|faint|p2a: Celebi
|
|
|switch|p2a: Gardevoir|Gardevoir, F|314\/314
|-ability|p2a: Gardevoir|Pixilate|[from] ability: Trace|[of] p1a: Gardevoir
|turn|5
|
|detailschange|p2a: Gardevoir|Gardevoir-Mega, F
|-mega|p2a: Gardevoir|Gardevoir|Gardevoirite
|move|p1a: Gardevoir|Hyper Voice|p2a: Gardevoir
|-crit|p2a: Gardevoir
|-damage|p2a: Gardevoir|31\/314
|move|p2a: Gardevoir|Hyper Voice|p1a: Gardevoir
|-damage|p1a: Gardevoir|0 fnt
|faint|p1a: Gardevoir
|
|
|switch|p1a: Keldeo|Keldeo|323\/323
|turn|6
|
|switch|p2a: Latias|Latias, F|319\/319
|move|p1a: Keldeo|Scald|p2a: Latias
|-resisted|p2a: Latias
|-damage|p2a: Latias|262\/319
|
|turn|7
|
|switch|p2a: Azumarill|Azumarill, F|363\/363
|switch|p1a: Chansey|Chansey, F|703\/703
|
|turn|8
|
|move|p2a: Azumarill|Play Rough|p1a: Chansey
|-damage|p1a: Chansey|298\/703
|move|p1a: Chansey|Thunder Wave|p2a: Azumarill
|-status|p2a: Azumarill|par
|
|turn|9
|
|move|p1a: Chansey|Soft-Boiled|p1a: Chansey
|-heal|p1a: Chansey|650\/703
|move|p2a: Azumarill|Play Rough|p1a: Chansey
|-damage|p1a: Chansey|253\/703
|
|turn|10
|
|move|p1a: Chansey|Soft-Boiled|p1a: Chansey
|-heal|p1a: Chansey|605\/703
|cant|p2a: Azumarill|par
|
|turn|11
|
|switch|p1a: Amoonguss|Amoonguss, F|432\/432
|switch|p2a: Kisame|Garchomp, F|420\/420
|
|turn|12
|
|switch|p1a: Landorus-Therian|Landorus-Therian, M|382\/382
|-ability|p1a: Landorus-Therian|Intimidate|[of] p2a: Kisame
|-unboost|p2a: Kisame|atk|1
|move|p2a: Kisame|Stealth Rock|p1a: Landorus-Therian
|-sidestart|p1: lil manaphy|move: Stealth Rock
|
|turn|13
|
|switch|p2a: Latias|Latias, F|262\/319
|move|p1a: Landorus-Therian|Stealth Rock|p2a: Latias
|-sidestart|p2: subzeromkx|move: Stealth Rock
|
|turn|14
|
|switch|p1a: Chansey|Chansey, F|605\/703
|-damage|p1a: Chansey|518\/703|[from] Stealth Rock
|move|p2a: Latias|Draco Meteor|p1a: Chansey
|-damage|p1a: Chansey|370\/703
|-unboost|p2a: Latias|spa|2
|-damage|p2a: Latias|231\/319|[from] item: Life Orb
|
|turn|15
|
|move|p2a: Latias|Healing Wish|p2a: Latias
|faint|p2a: Latias
|move|p1a: Chansey|Soft-Boiled|p1a: Chansey
|-heal|p1a: Chansey|703\/703
|
|
|switch|p2a: Gardevoir|Gardevoir-Mega, F|31\/314
|-heal|p2a: Gardevoir|314\/314|[from] move: Healing Wish
|-damage|p2a: Gardevoir|275\/314|[from] Stealth Rock
|turn|16
|
|switch|p2a: Azumarill|Azumarill, F|363\/363 par
|-damage|p2a: Azumarill|318\/363 par|[from] Stealth Rock
|move|p1a: Chansey|Seismic Toss|p2a: Azumarill
|-damage|p2a: Azumarill|218\/363 par
|
|turn|17
|
|switch|p1a: Amoonguss|Amoonguss, F|432\/432
|-damage|p1a: Amoonguss|378\/432|[from] Stealth Rock
|move|p2a: Azumarill|Superpower|p1a: Amoonguss
|-resisted|p1a: Amoonguss
|-damage|p1a: Amoonguss|262\/432
|-unboost|p2a: Azumarill|atk|1
|-unboost|p2a: Azumarill|def|1
|
|-heal|p1a: Amoonguss|289\/432|[from] item: Black Sludge
|turn|18
|
|switch|p2a: Bisharp|Bisharp, F|272\/272
|-damage|p2a: Bisharp|255\/272|[from] Stealth Rock
|move|p1a: Amoonguss|Giga Drain|p2a: Bisharp
|-resisted|p2a: Bisharp
|-damage|p2a: Bisharp|207\/272
|-heal|p1a: Amoonguss|313\/432|[from] drain|[of] p2a: Bisharp
|
|-heal|p1a: Amoonguss|340\/432|[from] item: Black Sludge
|turn|19
|
|move|p2a: Bisharp|Knock Off|p1a: Amoonguss
|-damage|p1a: Amoonguss|122\/432
|-enditem|p1a: Amoonguss|Black Sludge|[from] move: Knock Off|[of] p2a: Bisharp
|-damage|p2a: Bisharp|180\/272|[from] item: Life Orb
|move|p1a: Amoonguss|Spore|p2a: Bisharp
|-status|p2a: Bisharp|slp
|
|turn|20
|
|switch|p1a: Chansey|Chansey, F|703\/703
|-damage|p1a: Chansey|616\/703|[from] Stealth Rock
|cant|p2a: Bisharp|slp
|
|turn|21
|
|switch|p1a: Keldeo|Keldeo|323\/323
|-damage|p1a: Keldeo|303\/323|[from] Stealth Rock
|cant|p2a: Bisharp|slp
|
|-heal|p1a: Keldeo|323\/323|[from] item: Leftovers
|turn|22
|
|switch|p2a: Azumarill|Azumarill, F|218\/363 par
|-damage|p2a: Azumarill|173\/363 par|[from] Stealth Rock
|move|p1a: Keldeo|Secret Sword|p2a: Azumarill
|-resisted|p2a: Azumarill
|-damage|p2a: Azumarill|83\/363 par
|
|turn|23
|
|move|p1a: Keldeo|Substitute|p1a: Keldeo
|-start|p1a: Keldeo|Substitute
|-damage|p1a: Keldeo|243\/323
|move|p2a: Azumarill|Play Rough|p1a: Keldeo
|-supereffective|p1a: Keldeo
|-end|p1a: Keldeo|Substitute
|
|-heal|p1a: Keldeo|263\/323|[from] item: Leftovers
|turn|24
|
|move|p1a: Keldeo|Secret Sword|p2a: Azumarill
|-resisted|p2a: Azumarill
|-damage|p2a: Azumarill|0 fnt
|faint|p2a: Azumarill
|
|-heal|p1a: Keldeo|283\/323|[from] item: Leftovers
|
|switch|p2a: Gardevoir|Gardevoir-Mega, F|275\/314
|-damage|p2a: Gardevoir|236\/314|[from] Stealth Rock
|turn|25
|
|switch|p1a: Amoonguss|Amoonguss, F|266\/432
|-damage|p1a: Amoonguss|212\/432|[from] Stealth Rock
|move|p2a: Gardevoir|Psyshock|p1a: Amoonguss
|-supereffective|p1a: Amoonguss
|-damage|p1a: Amoonguss|0 fnt
|faint|p1a: Amoonguss
|
|
|switch|p1a: Chansey|Chansey, F|616\/703
|-damage|p1a: Chansey|529\/703|[from] Stealth Rock
|turn|26
|
|switch|p2a: Kisame|Garchomp, F|420\/420
|-damage|p2a: Kisame|394\/420|[from] Stealth Rock
|move|p1a: Chansey|Seismic Toss|p2a: Kisame
|-damage|p2a: Kisame|294\/420
|-damage|p1a: Chansey|442\/703|[from] ability: Rough Skin|[of] p2a: Kisame
|-damage|p1a: Chansey|325\/703|[from] item: Rocky Helmet|[of] p2a: Kisame
|
|turn|27
|
|switch|p2a: Bisharp|Bisharp, F|180\/272 slp
|-damage|p2a: Bisharp|163\/272 slp|[from] Stealth Rock
|move|p1a: Chansey|Soft-Boiled|p1a: Chansey
|-heal|p1a: Chansey|677\/703
|
|turn|28
|
|switch|p2a: Gardevoir|Gardevoir-Mega, F|236\/314
|-damage|p2a: Gardevoir|197\/314|[from] Stealth Rock
|switch|p1a: Keldeo|Keldeo|283\/323
|-damage|p1a: Keldeo|263\/323|[from] Stealth Rock
|
|-heal|p1a: Keldeo|283\/323|[from] item: Leftovers
|turn|29
|
|switch|p1a: Chansey|Chansey, F|677\/703
|-damage|p1a: Chansey|590\/703|[from] Stealth Rock
|move|p2a: Gardevoir|Psyshock|p1a: Chansey
|-damage|p1a: Chansey|335\/703
|
|turn|30
|
|move|p2a: Gardevoir|Taunt|p1a: Chansey
|-start|p1a: Chansey|move: Taunt
|cant|p1a: Chansey|move: Taunt|Soft-Boiled
|
|turn|31
|
|switch|p2a: Kisame|Garchomp, F|294\/420
|-damage|p2a: Kisame|268\/420|[from] Stealth Rock
|move|p1a: Chansey|Seismic Toss|p2a: Kisame
|-damage|p2a: Kisame|168\/420
|-damage|p1a: Chansey|248\/703|[from] ability: Rough Skin|[of] p2a: Kisame
|-damage|p1a: Chansey|131\/703|[from] item: Rocky Helmet|[of] p2a: Kisame
|
|turn|32
|
|move|p2a: Kisame|Earthquake|p1a: Chansey
|-damage|p1a: Chansey|0 fnt
|faint|p1a: Chansey
|
|
|switch|p1a: Keldeo|Keldeo|283\/323
|-damage|p1a: Keldeo|263\/323|[from] Stealth Rock
|turn|33
|
|move|p1a: Keldeo|Scald|p2a: Kisame
|-damage|p2a: Kisame|0 fnt
|faint|p2a: Kisame
|
|-heal|p1a: Keldeo|283\/323|[from] item: Leftovers
|
|switch|p2a: Gardevoir|Gardevoir-Mega, F|197\/314
|-damage|p2a: Gardevoir|158\/314|[from] Stealth Rock
|turn|34
|
|move|p1a: Keldeo|Scald|p2a: Gardevoir
|-damage|p2a: Gardevoir|41\/314
|move|p2a: Gardevoir|Hyper Voice|p1a: Keldeo
|-crit|p1a: Keldeo
|-supereffective|p1a: Keldeo
|-damage|p1a: Keldeo|0 fnt
|faint|p1a: Keldeo
|
|
|switch|p1a: Landorus-Therian|Landorus-Therian, M|382\/382
|-damage|p1a: Landorus-Therian|335\/382|[from] Stealth Rock
|-ability|p1a: Landorus-Therian|Intimidate|[of] p2a: Gardevoir
|-unboost|p2a: Gardevoir|atk|1
|turn|35
|
|move|p2a: Gardevoir|Hyper Voice|p1a: Landorus-Therian
|-damage|p1a: Landorus-Therian|8\/382
|move|p1a: Landorus-Therian|Earthquake|p2a: Gardevoir
|-damage|p2a: Gardevoir|0 fnt
|faint|p2a: Gardevoir
|
|-heal|p1a: Landorus-Therian|31\/382|[from] item: Leftovers
|-message|subzeromkx forfeited.
|
|win|lil manaphy
|raw|Ladder updating...
|leave|subzeromkx
|player|p2
|raw|lil manaphy's rating: 1736 &rarr; <strong>1754<\/strong><br \/>(+18 for winning)
|raw|subzeromkx's rating: 1702 &rarr; <strong>1684<\/strong><br \/>(-18 for losing)