|join|lil manaphy
|join|brewplanner
|player|p1|lil manaphy|9
|player|p2|brewplanner|163
|gametype|singles
|gen|6
|tier|OU
|rated
|clearpoke
|poke|p1|Lopunny, M
|poke|p1|Rotom-Wash
|poke|p1|Gothitelle, F
|poke|p1|Celebi
|poke|p1|Heatran, F
|poke|p1|Mandibuzz, F
|poke|p2|Garchomp, M
|poke|p2|Thundurus, M
|poke|p2|Heatran, F
|poke|p2|Gardevoir, F
|poke|p2|Gyarados, F
|poke|p2|Donphan, F
|rule|Swagger Clause: Swagger is banned
|rule|Baton Pass Clause: Limit one PokÃ©mon knowing Baton Pass
|rule|Sleep Clause Mod: Limit one foe put to sleep
|rule|Species Clause: Limit one of each PokÃ©mon
|rule|OHKO Clause: OHKO moves are banned
|rule|Moody Clause: Moody is banned
|rule|Evasion Moves Clause: Evasion moves are banned
|rule|Endless Battle Clause: Forcing endless battles is banned
|rule|HP Percentage Mod: HP is shown in percentages
|teampreview
|join|Psynergy.G
|
|start
|switch|p1a: Gothitelle|Gothitelle, F|301\/301
|switch|p2a: Thundurus|Thundurus, M|299\/299
|turn|1
|
|move|p2a: Thundurus|Thunder Wave|p1a: Gothitelle
|-status|p1a: Gothitelle|par
|cant|p1a: Gothitelle|par
|
|turn|2
|
|switch|p1a: Celebi|Celebi|404\/404
|move|p2a: Thundurus|Thunderbolt|p1a: Celebi
|-resisted|p1a: Celebi
|-damage|p1a: Celebi|329\/404
|-damage|p2a: Thundurus|270\/299|[from] item: Life Orb
|
|-heal|p1a: Celebi|354\/404|[from] item: Leftovers
|turn|3
|
|move|p2a: Thundurus|Hidden Power|p1a: Celebi
|-crit|p1a: Celebi
|-supereffective|p1a: Celebi
|-damage|p1a: Celebi|151\/404
|-damage|p2a: Thundurus|241\/299|[from] item: Life Orb
|move|p1a: Celebi|Baton Pass|p1a: Celebi
|
|switch|p1a: Heatran|Heatran, F|384\/384
|
|turn|4
|
|switch|p2a: Donphan|Donphan, F|384\/384
|move|p1a: Heatran|Stealth Rock|p2a: Donphan
|-sidestart|p2: brewplanner|move: Stealth Rock
|
|turn|5
|
|switch|p1a: Rotom-Wash|Rotom-Wash|303\/303
|move|p2a: Donphan|Rapid Spin|p1a: Rotom-Wash
|-damage|p1a: Rotom-Wash|285\/303
|-sideend|p2: brewplanner|Stealth Rock|[from] move: Rapid Spin|[of] p2a: Donphan
|
|-heal|p1a: Rotom-Wash|303\/303|[from] item: Leftovers
|turn|6
|
|switch|p2a: Thundurus|Thundurus, M|241\/299
|move|p1a: Rotom-Wash|Hydro Pump|p2a: Thundurus
|-crit|p2a: Thundurus
|-damage|p2a: Thundurus|0 fnt
|faint|p2a: Thundurus
|
|
|switch|p2a: Garchomp|Garchomp, M|357\/357
|turn|7
|
|switch|p1a: Mandibuzz|Mandibuzz, F|423\/423
|move|p2a: Garchomp|Swords Dance|p2a: Garchomp
|-boost|p2a: Garchomp|atk|2
|
|turn|8
|
|move|p2a: Garchomp|Outrage|p1a: Mandibuzz
|-crit|p1a: Mandibuzz
|-damage|p1a: Mandibuzz|6\/423
|-damage|p2a: Garchomp|298\/357|[from] item: Rocky Helmet|[of] p1a: Mandibuzz
|move|p1a: Mandibuzz|Foul Play|p2a: Garchomp
|-damage|p2a: Garchomp|0 fnt
|-damage|p1a: Mandibuzz|0 fnt|[from] ability: Rough Skin|[of] p2a: Garchomp
|faint|p1a: Mandibuzz
|faint|p2a: Garchomp
|
|join|The Ess of Johan
|
|switch|p1a: Lopunny|Lopunny, M|271\/271
|switch|p2a: Heatran|Heatran, F|386\/386
|turn|9
|
|detailschange|p1a: Lopunny|Lopunny-Mega, M
|-mega|p1a: Lopunny|Lopunny|Lopunnite
|move|p1a: Lopunny|Fake Out|p2a: Heatran
|-resisted|p2a: Heatran
|-damage|p2a: Heatran|350\/386
|cant|p2a: Heatran|flinch
|
|-heal|p2a: Heatran|374\/386|[from] item: Leftovers
|turn|10
|
|switch|p1a: Rotom-Wash|Rotom-Wash|303\/303
|move|p2a: Heatran|Protect|p2a: Heatran
|-fail|p2a: Heatran
|
|-heal|p2a: Heatran|386\/386|[from] item: Leftovers
|turn|11
|
|move|p1a: Rotom-Wash|Hydro Pump|p2a: Heatran
|-supereffective|p2a: Heatran
|-damage|p2a: Heatran|210\/386
|move|p2a: Heatran|Stealth Rock|p1a: Rotom-Wash
|-sidestart|p1: lil manaphy|move: Stealth Rock
|
|-heal|p2a: Heatran|234\/386|[from] item: Leftovers
|turn|12
|
|move|p2a: Heatran|Protect|p2a: Heatran
|-singleturn|p2a: Heatran|Protect
|move|p1a: Rotom-Wash|Hydro Pump|p2a: Heatran
|-activate|p2a: Heatran|Protect
|
|-heal|p2a: Heatran|258\/386|[from] item: Leftovers
|turn|13
|
|move|p1a: Rotom-Wash|Hydro Pump|p2a: Heatran
|-supereffective|p2a: Heatran
|-damage|p2a: Heatran|82\/386
|move|p2a: Heatran|Toxic|p1a: Rotom-Wash
|-status|p1a: Rotom-Wash|tox
|
|-heal|p2a: Heatran|106\/386|[from] item: Leftovers
|-damage|p1a: Rotom-Wash|285\/303 tox|[from] psn
|turn|14
|join|000 alger
|join|Zamrock tst
|
|move|p2a: Heatran|Protect|p2a: Heatran
|-singleturn|p2a: Heatran|Protect
|move|p1a: Rotom-Wash|Volt Switch|p2a: Heatran
|-activate|p2a: Heatran|Protect
|
|-heal|p1a: Rotom-Wash|303\/303 tox|[from] item: Leftovers
|-heal|p2a: Heatran|130\/386|[from] item: Leftovers
|-damage|p1a: Rotom-Wash|267\/303 tox|[from] psn
|turn|15
|
|move|p2a: Heatran|Protect|p2a: Heatran
|-singleturn|p2a: Heatran|Protect
|move|p1a: Rotom-Wash|Hydro Pump|p2a: Heatran
|-activate|p2a: Heatran|Protect
|
|-heal|p1a: Rotom-Wash|285\/303 tox|[from] item: Leftovers
|-heal|p2a: Heatran|154\/386|[from] item: Leftovers
|-damage|p1a: Rotom-Wash|231\/303 tox|[from] psn
|turn|16
|c| 000 alger|that double protect though
|
|move|p2a: Heatran|Protect|p2a: Heatran
|-fail|p2a: Heatran
|move|p1a: Rotom-Wash|Volt Switch|p2a: Heatran
|-damage|p2a: Heatran|90\/386
|
|switch|p1a: Heatran|Heatran, F|384\/384
|-damage|p1a: Heatran|336\/384|[from] Stealth Rock
|
|-heal|p1a: Heatran|360\/384|[from] item: Leftovers
|-heal|p2a: Heatran|114\/386|[from] item: Leftovers
|turn|17
|
|switch|p2a: Donphan|Donphan, F|384\/384
|move|p1a: Heatran|Stealth Rock|p2a: Donphan
|-sidestart|p2: brewplanner|move: Stealth Rock
|
|-heal|p1a: Heatran|384\/384|[from] item: Leftovers
|turn|18
|
|switch|p1a: Rotom-Wash|Rotom-Wash|231\/303 tox
|-damage|p1a: Rotom-Wash|194\/303 tox|[from] Stealth Rock
|move|p2a: Donphan|Rapid Spin|p1a: Rotom-Wash
|-damage|p1a: Rotom-Wash|175\/303 tox
|-sideend|p2: brewplanner|Stealth Rock|[from] move: Rapid Spin|[of] p2a: Donphan
|
|-heal|p1a: Rotom-Wash|193\/303 tox|[from] item: Leftovers
|-damage|p1a: Rotom-Wash|175\/303 tox|[from] psn
|turn|19
|
|switch|p2a: Heatran|Heatran, F|114\/386
|move|p1a: Rotom-Wash|Hydro Pump|p2a: Heatran|[miss]
|-miss|p1a: Rotom-Wash|p2a: Heatran
|
|-heal|p1a: Rotom-Wash|193\/303 tox|[from] item: Leftovers
|-heal|p2a: Heatran|138\/386|[from] item: Leftovers
|-damage|p1a: Rotom-Wash|157\/303 tox|[from] psn
|turn|20
|join|Avarice87
|
|switch|p1a: Heatran|Heatran, F|384\/384
|-damage|p1a: Heatran|336\/384|[from] Stealth Rock
|move|p2a: Heatran|Lava Plume|p1a: Heatran
|-start|p1a: Heatran|ability: Flash Fire
|
|-heal|p1a: Heatran|360\/384|[from] item: Leftovers
|-heal|p2a: Heatran|162\/386|[from] item: Leftovers
|turn|21
|c| Avarice87|go Mana
|
|switch|p2a: Donphan|Donphan, F|384\/384
|move|p1a: Heatran|Stealth Rock|p2a: Donphan
|-sidestart|p2: brewplanner|move: Stealth Rock
|
|-heal|p1a: Heatran|384\/384|[from] item: Leftovers
|turn|22
|
|move|p1a: Heatran|Lava Plume|p2a: Donphan
|-damage|p2a: Donphan|216\/384
|move|p2a: Donphan|Rapid Spin|p1a: Heatran
|-resisted|p1a: Heatran
|-damage|p1a: Heatran|372\/384
|-sideend|p2: brewplanner|Stealth Rock|[from] move: Rapid Spin|[of] p2a: Donphan
|
|-heal|p1a: Heatran|384\/384|[from] item: Leftovers
|turn|23
|
|switch|p1a: Rotom-Wash|Rotom-Wash|157\/303 tox
|-damage|p1a: Rotom-Wash|120\/303 tox|[from] Stealth Rock
|move|p2a: Donphan|Earthquake|p1a: Rotom-Wash
|-immune|p1a: Rotom-Wash|[msg]
|
|-heal|p1a: Rotom-Wash|138\/303 tox|[from] item: Leftovers
|-damage|p1a: Rotom-Wash|120\/303 tox|[from] psn
|turn|24
|
|switch|p2a: Heatran|Heatran, F|162\/386
|move|p1a: Rotom-Wash|Hydro Pump|p2a: Heatran
|-supereffective|p2a: Heatran
|-damage|p2a: Heatran|0 fnt
|faint|p2a: Heatran
|
|-heal|p1a: Rotom-Wash|138\/303 tox|[from] item: Leftovers
|-damage|p1a: Rotom-Wash|102\/303 tox|[from] psn
|
|switch|p2a: Gyarados|Gyarados, F|331\/331
|-ability|p2a: Gyarados|Intimidate|[of] p1a: Rotom-Wash
|-unboost|p1a: Rotom-Wash|atk|1
|turn|25
|
|switch|p2a: Gardevoir|Gardevoir, F|277\/277
|-ability|p2a: Gardevoir|Levitate|[from] ability: Trace|[of] p1a: Rotom-Wash
|move|p1a: Rotom-Wash|Volt Switch|p2a: Gardevoir
|-damage|p2a: Gardevoir|195\/277
|leave|000 alger
|
|switch|p1a: Lopunny|Lopunny-Mega, M|271\/271
|-damage|p1a: Lopunny|255\/271|[from] Stealth Rock
|
|turn|26
|
|move|p1a: Lopunny|Fake Out|p2a: Gardevoir
|-damage|p2a: Gardevoir|93\/277
|cant|p2a: Gardevoir|flinch
|
|turn|27
|c|âbrewplanner|thats what i get for having no switch ins
|
|switch|p1a: Heatran|Heatran, F|384\/384
|-damage|p1a: Heatran|336\/384|[from] Stealth Rock
|move|p2a: Gardevoir|Memento|p1a: Heatran
|-unboost|p1a: Heatran|atk|2
|-unboost|p1a: Heatran|spa|2
|faint|p2a: Gardevoir
|
|-heal|p1a: Heatran|360\/384|[from] item: Leftovers
|
|switch|p2a: Gyarados|Gyarados, F|331\/331
|-ability|p2a: Gyarados|Intimidate|[of] p1a: Heatran
|-unboost|p1a: Heatran|atk|1
|turn|28
|
|move|p1a: Heatran|Taunt|p2a: Gyarados
|-start|p2a: Gyarados|move: Taunt
|cant|p2a: Gyarados|move: Taunt|Dragon Dance
|
|-heal|p1a: Heatran|384\/384|[from] item: Leftovers
|turn|29
|
|move|p1a: Heatran|Toxic|p2a: Gyarados
|-status|p2a: Gyarados|tox
|move|p2a: Gyarados|Waterfall|p1a: Heatran
|-supereffective|p1a: Heatran
|-damage|p1a: Heatran|102\/384
|
|-heal|p1a: Heatran|126\/384|[from] item: Leftovers
|-damage|p2a: Gyarados|311\/331 tox|[from] psn
|turn|30
|
|switch|p2a: Donphan|Donphan, F|216\/384
|move|p1a: Heatran|Stealth Rock|p2a: Donphan
|-sidestart|p2: brewplanner|move: Stealth Rock
|
|-heal|p1a: Heatran|150\/384|[from] item: Leftovers
|turn|31
|
|move|p1a: Heatran|Lava Plume|p2a: Donphan
|-damage|p2a: Donphan|152\/384
|move|p2a: Donphan|Earthquake|p1a: Heatran
|-crit|p1a: Heatran
|-supereffective|p1a: Heatran
|-damage|p1a: Heatran|0 fnt
|faint|p1a: Heatran
|
|
|switch|p1a: Celebi|Celebi|151\/404
|-damage|p1a: Celebi|101\/404|[from] Stealth Rock
|turn|32
|
|move|p1a: Celebi|Giga Drain|p2a: Donphan
|-crit|p2a: Donphan
|-supereffective|p2a: Donphan
|-damage|p2a: Donphan|0 fnt
|-heal|p1a: Celebi|177\/404|[from] drain|[of] p2a: Donphan
|faint|p2a: Donphan
|
|-heal|p1a: Celebi|202\/404|[from] item: Leftovers
|
|switch|p2a: Gyarados|Gyarados, F|311\/331 tox
|-damage|p2a: Gyarados|229\/331 tox|[from] Stealth Rock
|-ability|p2a: Gyarados|Intimidate|[of] p1a: Celebi
|-unboost|p1a: Celebi|atk|1
|turn|33
|join|i hate garbage
|
|move|p2a: Gyarados|Dragon Dance|p2a: Gyarados
|-boost|p2a: Gyarados|atk|1
|-boost|p2a: Gyarados|spe|1
|move|p1a: Celebi|Giga Drain|p2a: Gyarados
|-crit|p2a: Gyarados
|-damage|p2a: Gyarados|90\/331 tox
|-heal|p1a: Celebi|272\/404|[from] drain|[of] p2a: Gyarados
|
|-heal|p1a: Celebi|297\/404|[from] item: Leftovers
|-damage|p2a: Gyarados|70\/331 tox|[from] psn
|turn|34
|
|detailschange|p2a: Gyarados|Gyarados-Mega, F
|-mega|p2a: Gyarados|Gyarados|Gyaradosite
|-ability|p2a: Gyarados|Mold Breaker
|move|p2a: Gyarados|Crunch|p1a: Celebi
|-supereffective|p1a: Celebi
|-damage|p1a: Celebi|0 fnt
|faint|p1a: Celebi
|
|-damage|p2a: Gyarados|30\/331 tox|[from] psn
|
|switch|p1a: Lopunny|Lopunny-Mega, M|255\/271
|-damage|p1a: Lopunny|239\/271|[from] Stealth Rock
|turn|35
|
|move|p1a: Lopunny|Fake Out|p2a: Gyarados
|-damage|p2a: Gyarados|0 fnt
|faint|p2a: Gyarados
|
|win|lil manaphy
|raw|Ladder updating...
|raw|lil manaphy's rating: 1790 &rarr; <strong>1804<\/strong><br \/>(+14 for winning)
|raw|brewplanner's rating: 1676 &rarr; <strong>1663<\/strong><br \/>(-13 for losing)