|join|lil manaphy
|join|austin power
|player|p1|lil manaphy|9
|player|p2|austin power|134
|gametype|singles
|gen|6
|tier|OU
|rated
|clearpoke
|poke|p1|Gardevoir, M
|poke|p1|Keldeo
|poke|p1|Amoonguss, F
|poke|p1|Chansey, F
|poke|p1|Mandibuzz, F
|poke|p1|Landorus-Therian, M
|poke|p2|Venusaur, F
|poke|p2|Quagsire, M
|poke|p2|Gothitelle, F
|poke|p2|Skarmory, F
|poke|p2|Chansey, F
|poke|p2|Clefable, M
|rule|Swagger Clause: Swagger is banned
|rule|Baton Pass Clause: Limit one PokÃ©mon knowing Baton Pass
|rule|Sleep Clause Mod: Limit one foe put to sleep
|rule|Species Clause: Limit one of each PokÃ©mon
|rule|OHKO Clause: OHKO moves are banned
|rule|Moody Clause: Moody is banned
|rule|Evasion Moves Clause: Evasion moves are banned
|rule|Endless Battle Clause: Forcing endless battles is banned
|rule|HP Percentage Mod: HP is shown in percentages
|teampreview
|
|start
|switch|p1a: Landorus-Therian|Landorus-Therian, M|382\/382
|switch|p2a: Venusaur|Venusaur, F|347\/347
|-ability|p1a: Landorus-Therian|Intimidate|[of] p2a: Venusaur
|-unboost|p2a: Venusaur|atk|1
|turn|1
|
|detailschange|p2a: Venusaur|Venusaur-Mega, F
|-mega|p2a: Venusaur|Venusaur|Venusaurite
|move|p1a: Landorus-Therian|Stealth Rock|p2a: Venusaur
|-sidestart|p2: austin power|move: Stealth Rock
|move|p2a: Venusaur|Sleep Powder|p1a: Landorus-Therian
|-status|p1a: Landorus-Therian|slp
|
|turn|2
|join|gyarad0site
|join|Yuttt.mackerel
|join|Cosine180
|join|ljhkhkhkhk
|
|switch|p1a: Gardevoir|Gardevoir, M|277\/277
|-ability|p1a: Gardevoir|Thick Fat|[from] ability: Trace|[of] p2a: Venusaur
|switch|p2a: Chansey|Chansey, F|704\/704
|-damage|p2a: Chansey|616\/704|[from] Stealth Rock
|
|turn|3
|join|Cienight
|join|Venancio12
|c| Yuttt.mackerel|psyshock
|c| Yuttt.mackerel|on double
|
|switch|p1a: Keldeo|Keldeo|323\/323
|move|p2a: Chansey|Thunder Wave|p1a: Keldeo
|-status|p1a: Keldeo|par
|
|turn|4
|join|Dragon Stone
|
|switch|p2a: Gothitelle|Gothitelle, F|282\/282
|-damage|p2a: Gothitelle|247\/282|[from] Stealth Rock
|switch|p1a: Gardevoir|Gardevoir, M|277\/277
|-ability|p1a: Gardevoir|Shadow Tag|[from] ability: Trace|[of] p2a: Gothitelle
|
|turn|5
|join|Inflikted
|
|switch|p2a: Clefable|Clefable, M|375\/375
|detailschange|p1a: Gardevoir|Gardevoir-Mega, M
|-mega|p1a: Gardevoir|Gardevoir|Gardevoirite
|move|p1a: Gardevoir|Psyshock|p2a: Clefable
|-damage|p2a: Clefable|186\/375
|
|-heal|p2a: Clefable|209\/375|[from] item: Leftovers
|turn|6
|join|Ox the Box
|c| Yuttt.mackerel|rofl
|c| Ox the Box|how mana really peacks the ladder
|c| Yuttt.mackerel|shadow tag gardevoir where
|
|move|p1a: Gardevoir|Hyper Voice|p2a: Clefable
|-damage|p2a: Clefable|23\/375
|move|p2a: Clefable|Soft-Boiled|p2a: Clefable
|-heal|p2a: Clefable|211\/375
|
|-heal|p2a: Clefable|234\/375|[from] item: Leftovers
|turn|7
|c| Ox the Box|%lil manaphy: http:\/\/play.pokemonshowdown.com\/battle-ou-204493429 help
|c| Ox the Box|blast here
|
|move|p1a: Gardevoir|Taunt|p2a: Clefable
|-start|p2a: Clefable|move: Taunt
|cant|p2a: Clefable|move: Taunt|Soft-Boiled
|
|-heal|p2a: Clefable|257\/375|[from] item: Leftovers
|turn|8
|c| Ox the Box|Ox the Box: blast here
|c| Ox the Box|zzz
|
|switch|p2a: Skarmory|Skarmory, F|334\/334
|-damage|p2a: Skarmory|293\/334|[from] Stealth Rock
|move|p1a: Gardevoir|Psyshock|p2a: Skarmory
|-resisted|p2a: Skarmory
|-damage|p2a: Skarmory|247\/334
|
|turn|9
|c| Yuttt.mackerel|Ox the Box: Ox the Box: blast here
|c| Cosine180|more counters
|c| Ox the Box|Yuttt.mackerel: Ox the Box: Ox the Box: blast here
|
|switch|p2a: Clefable|Clefable, M|257\/375
|move|p1a: Gardevoir|Taunt|p2a: Clefable
|-start|p2a: Clefable|move: Taunt
|
|-heal|p2a: Clefable|280\/375|[from] item: Leftovers
|turn|10
|c| Yuttt.mackerel|rofl we suck
|c| Cosine180|PLAYS
|join|TheBlueSun
|join|Justin T4
|
|switch|p2a: Skarmory|Skarmory, F|247\/334
|-damage|p2a: Skarmory|206\/334|[from] Stealth Rock
|move|p1a: Gardevoir|Psyshock|p2a: Skarmory
|-resisted|p2a: Skarmory
|-damage|p2a: Skarmory|154\/334
|
|turn|11
|join|ThE0testing
|
|move|p1a: Gardevoir|Hyper Voice|p2a: Skarmory
|-resisted|p2a: Skarmory
|-damage|p2a: Skarmory|0 fnt
|faint|p2a: Skarmory
|
|
|switch|p2a: Chansey|Chansey, F|616\/704
|-damage|p2a: Chansey|528\/704|[from] Stealth Rock
|turn|12
|
|switch|p1a: Keldeo|Keldeo|323\/323 par
|move|p2a: Chansey|Thunder Wave|p1a: Keldeo
|-fail|p1a: Keldeo|par
|
|turn|13
|
|move|p2a: Chansey|Soft-Boiled|p2a: Chansey
|-heal|p2a: Chansey|704\/704
|move|p1a: Keldeo|Secret Sword|p2a: Chansey
|-supereffective|p2a: Chansey
|-damage|p2a: Chansey|0 fnt
|faint|p2a: Chansey
|
|-message|austin power forfeited.
|leave|austin power
|c| Cosine180|wth
|
|win|lil manaphy
|raw|Ladder updating...
|player|p2
|c| Cosine180|nice chansey spread
|raw|lil manaphy's rating: 1849 &rarr; <strong>1858<\/strong><br \/>(+9 for winning)
|raw|austin power's rating: 1639 &rarr; <strong>1630<\/strong><br \/>(-9 for losing)
|c| Cosine180|,,
|leave|Cosine180
|leave|Ox the Box
|leave|TheBlueSun
|leave|gyarad0site
|join|leremyju
|leave|Justin T4