|join|lil manaphy
|join|ShinMarko
|join|Cosine180
|player|p1|lil manaphy|37
|player|p2|ShinMarko|290
|gametype|singles
|gen|6
|tier|OU
|rated
|clearpoke
|poke|p1|Gardevoir, M
|poke|p1|Keldeo
|poke|p1|Amoonguss, M
|poke|p1|Chansey, F
|poke|p1|Mandibuzz, F
|poke|p1|Landorus-Therian, M
|poke|p2|Ferrothorn, M
|poke|p2|Mew, shiny
|poke|p2|Landorus-Therian, M
|poke|p2|Talonflame, F
|poke|p2|Latios, M
|poke|p2|Gyarados, F
|rule|Swagger Clause: Swagger is banned
|rule|Baton Pass Clause: Limit one PokÃ©mon knowing Baton Pass
|rule|Sleep Clause Mod: Limit one foe put to sleep
|rule|Species Clause: Limit one of each PokÃ©mon
|rule|OHKO Clause: OHKO moves are banned
|rule|Moody Clause: Moody is banned
|rule|Evasion Moves Clause: Evasion moves are banned
|rule|Endless Battle Clause: Forcing endless battles is banned
|rule|HP Percentage Mod: HP is shown in percentages
|teampreview
|join|Cienight
|c| Cienight|oh finally
|
|start
|switch|p1a: Landorus-Therian|Landorus-Therian, M|382\/382
|switch|p2a: Mew|Mew, shiny|404\/404
|-ability|p1a: Landorus-Therian|Intimidate|[of] p2a: Mew
|-unboost|p2a: Mew|atk|1
|turn|1
|c| Cienight|atta girl
|c| Cosine180|GO MANA! n_n
|join|cakecore
|c| Cosine180|nasty plot
|c| Cosine180|right here
|
|switch|p2a: Ferrothorn|Ferrothorn, M|352\/352
|move|p1a: Landorus-Therian|Stealth Rock|p2a: Ferrothorn
|-sidestart|p2: ShinMarko|move: Stealth Rock
|
|turn|2
|
|move|p1a: Landorus-Therian|U-turn|p2a: Ferrothorn
|-damage|p2a: Ferrothorn|306\/352
|-damage|p1a: Landorus-Therian|335\/382|[from] ability: Iron Barbs|[of] p2a: Ferrothorn
|
|switch|p1a: Amoonguss|Amoonguss, M|432\/432
|move|p2a: Ferrothorn|Stealth Rock|p1a: Amoonguss
|-sidestart|p1: lil manaphy|move: Stealth Rock
|
|-heal|p2a: Ferrothorn|328\/352|[from] item: Leftovers
|turn|3
|join|Praj.pran
|
|move|p2a: Ferrothorn|Protect|p2a: Ferrothorn
|-singleturn|p2a: Ferrothorn|Protect
|move|p1a: Amoonguss|Hidden Power|p2a: Ferrothorn
|-activate|p2a: Ferrothorn|Protect
|
|-heal|p2a: Ferrothorn|350\/352|[from] item: Leftovers
|turn|4
|
|switch|p2a: Mew|Mew, shiny|404\/404
|-damage|p2a: Mew|354\/404|[from] Stealth Rock
|move|p1a: Amoonguss|Spore|p2a: Mew
|-status|p2a: Mew|slp
|
|-heal|p2a: Mew|379\/404 slp|[from] item: Leftovers
|turn|5
|
|switch|p1a: Gardevoir|Gardevoir, M|277\/277
|-damage|p1a: Gardevoir|243\/277|[from] Stealth Rock
|-ability|p1a: Gardevoir|Synchronize|[from] ability: Trace|[of] p2a: Mew
|cant|p2a: Mew|slp
|
|-heal|p2a: Mew|404\/404 slp|[from] item: Leftovers
|turn|6
|join|Ox the Box
|
|detailschange|p1a: Gardevoir|Gardevoir-Mega, M
|-mega|p1a: Gardevoir|Gardevoir|Gardevoirite
|move|p1a: Gardevoir|Hyper Voice|p2a: Mew
|-damage|p2a: Mew|233\/404 slp
|-curestatus|p2a: Mew|slp
|move|p2a: Mew|Will-O-Wisp|p1a: Gardevoir
|-status|p1a: Gardevoir|brn
|
|-heal|p2a: Mew|258\/404|[from] item: Leftovers
|-damage|p1a: Gardevoir|209\/277 brn|[from] brn
|turn|7
|
|move|p1a: Gardevoir|Taunt|p2a: Mew
|-start|p2a: Mew|move: Taunt
|cant|p2a: Mew|move: Taunt|Soft-Boiled
|
|-heal|p2a: Mew|283\/404|[from] item: Leftovers
|-damage|p1a: Gardevoir|175\/277 brn|[from] brn
|turn|8
|join|craing
|join|gyarad0site
|leave|craing
|
|switch|p2a: Ferrothorn|Ferrothorn, M|350\/352
|-damage|p2a: Ferrothorn|328\/352|[from] Stealth Rock
|move|p1a: Gardevoir|Hyper Voice|p2a: Ferrothorn
|-resisted|p2a: Ferrothorn
|-damage|p2a: Ferrothorn|235\/352
|
|-heal|p2a: Ferrothorn|257\/352|[from] item: Leftovers
|-damage|p1a: Gardevoir|141\/277 brn|[from] brn
|turn|9
|join|gobosox
|c| Ox the Box|go mew predicted mandibuzz
|c| Ox the Box|*latios
|
|switch|p1a: Amoonguss|Amoonguss, M|432\/432
|-damage|p1a: Amoonguss|378\/432|[from] Stealth Rock
|switch|p2a: Mew|Mew, shiny|283\/404
|-damage|p2a: Mew|233\/404|[from] Stealth Rock
|
|-heal|p2a: Mew|258\/404|[from] item: Leftovers
|-heal|p1a: Amoonguss|405\/432|[from] item: Black Sludge
|turn|10
|join|leremyju
|c| Ox the Box|Ox the Box: *latios
|
|switch|p1a: Landorus-Therian|Landorus-Therian, M|335\/382
|-damage|p1a: Landorus-Therian|288\/382|[from] Stealth Rock
|-ability|p1a: Landorus-Therian|Intimidate|[of] p2a: Mew
|-unboost|p2a: Mew|atk|1
|move|p2a: Mew|Taunt|p1a: Landorus-Therian
|-start|p1a: Landorus-Therian|move: Taunt
|
|-heal|p2a: Mew|283\/404|[from] item: Leftovers
|-heal|p1a: Landorus-Therian|311\/382|[from] item: Leftovers
|turn|11
|join|RS Swept
|
|move|p2a: Mew|Soft-Boiled|p2a: Mew
|-heal|p2a: Mew|404\/404
|move|p1a: Landorus-Therian|U-turn|p2a: Mew
|-supereffective|p2a: Mew
|-damage|p2a: Mew|262\/404
|
|switch|p1a: Keldeo|Keldeo|323\/323
|-damage|p1a: Keldeo|303\/323|[from] Stealth Rock
|
|-heal|p1a: Keldeo|323\/323|[from] item: Leftovers
|-heal|p2a: Mew|287\/404|[from] item: Leftovers
|turn|12
|join|Milliesucksdick69
|
|move|p1a: Keldeo|Substitute|p1a: Keldeo
|-start|p1a: Keldeo|Substitute
|-damage|p1a: Keldeo|243\/323
|move|p2a: Mew|Knock Off|p1a: Keldeo
|-resisted|p1a: Keldeo
|-activate|p1a: Keldeo|Substitute|[damage]
|
|-heal|p1a: Keldeo|263\/323|[from] item: Leftovers
|-heal|p2a: Mew|312\/404|[from] item: Leftovers
|turn|13
|leave|Milliesucksdick69
|join|Milliesucksdick69
|
|switch|p2a: Latios|Latios, M|301\/301
|-damage|p2a: Latios|264\/301|[from] Stealth Rock
|move|p1a: Keldeo|Calm Mind|p1a: Keldeo
|-boost|p1a: Keldeo|spa|1
|-boost|p1a: Keldeo|spd|1
|
|-heal|p1a: Keldeo|283\/323|[from] item: Leftovers
|turn|14
|
|move|p2a: Latios|Psyshock|p1a: Keldeo
|-supereffective|p1a: Keldeo
|-end|p1a: Keldeo|Substitute
|-damage|p2a: Latios|234\/301|[from] item: Life Orb
|move|p1a: Keldeo|Secret Sword|p2a: Latios
|-resisted|p2a: Latios
|-damage|p2a: Latios|105\/301
|
|-heal|p1a: Keldeo|303\/323|[from] item: Leftovers
|turn|15
|join|Inflikted
|
|switch|p1a: Chansey|Chansey, F|703\/703
|-damage|p1a: Chansey|616\/703|[from] Stealth Rock
|move|p2a: Latios|Draco Meteor|p1a: Chansey
|-damage|p1a: Chansey|425\/703
|-unboost|p2a: Latios|spa|2
|-damage|p2a: Latios|75\/301|[from] item: Life Orb
|
|turn|16
|join|Dragon Stone
|join|innovamania
|
|switch|p2a: Mew|Mew, shiny|312\/404
|-damage|p2a: Mew|262\/404|[from] Stealth Rock
|move|p1a: Chansey|Wish|p1a: Chansey
|
|-heal|p2a: Mew|287\/404|[from] item: Leftovers
|turn|17
|
|switch|p1a: Gardevoir|Gardevoir-Mega, M|141\/277 brn
|-damage|p1a: Gardevoir|107\/277 brn|[from] Stealth Rock
|move|p2a: Mew|Knock Off|p1a: Gardevoir
|-damage|p1a: Gardevoir|28\/277 brn
|
|-heal|p1a: Gardevoir|277\/277 brn|[from] move: Wish|[wisher] Chansey
|-heal|p2a: Mew|312\/404|[from] item: Leftovers
|-damage|p1a: Gardevoir|243\/277 brn|[from] brn
|turn|18
|c| leremyju|If ur real go for focus blast
|
|move|p1a: Gardevoir|Hyper Voice|p2a: Mew
|-damage|p2a: Mew|134\/404
|move|p2a: Mew|Knock Off|p1a: Gardevoir
|-damage|p1a: Gardevoir|169\/277 brn
|
|-heal|p2a: Mew|159\/404|[from] item: Leftovers
|-damage|p1a: Gardevoir|135\/277 brn|[from] brn
|turn|19
|c|âlil manaphy|im real...
|c| leremyju|No
|c| leremyju|ur not
|join|Yuttt.mackerel
|
|move|p1a: Gardevoir|Hyper Voice|p2a: Mew
|-damage|p2a: Mew|0 fnt
|faint|p2a: Mew
|
|-damage|p1a: Gardevoir|101\/277 brn|[from] brn
|c|âlil manaphy|see real
|-message|ShinMarko forfeited.
|leave|ShinMarko
|
|win|lil manaphy
|raw|Ladder updating...
|player|p2
|c| Ox the Box|wasn't that the only play
|raw|lil manaphy's rating: 1843 &rarr; <strong>1849<\/strong><br \/>(+6 for winning)
|raw|ShinMarko's rating: 1551 &rarr; <strong>1545<\/strong><br \/>(-6 for losing)
|leave|gobosox
|c|âlil manaphy|only play i really had to make i guess
|leave|Cienight
|c|âlil manaphy|very linear battle
|leave|Inflikted
|leave|Ox the Box