|join|lil manaphy
|join|Stoned Snorlax
|player|p1|lil manaphy|9
|player|p2|Stoned Snorlax|102
|gametype|singles
|gen|6
|tier|OU
|rated
|clearpoke
|poke|p1|Gardevoir, M
|poke|p1|Keldeo-Resolute
|poke|p1|Chansey, F
|poke|p1|Mandibuzz, F
|poke|p1|Amoonguss, F
|poke|p1|Landorus-Therian, M
|poke|p2|Lopunny, F
|poke|p2|Excadrill, F
|poke|p2|Talonflame, M
|poke|p2|Celebi
|poke|p2|Tyranitar, M
|poke|p2|Keldeo-Resolute
|rule|Swagger Clause: Swagger is banned
|rule|Baton Pass Clause: Limit one PokÃ©mon knowing Baton Pass
|rule|Sleep Clause Mod: Limit one foe put to sleep
|rule|Species Clause: Limit one of each PokÃ©mon
|rule|OHKO Clause: OHKO moves are banned
|rule|Moody Clause: Moody is banned
|rule|Evasion Moves Clause: Evasion moves are banned
|rule|Endless Battle Clause: Forcing endless battles is banned
|rule|HP Percentage Mod: HP is shown in percentages
|teampreview
|join|m00n's blanket
|
|start
|switch|p1a: Keldeo-Resolute|Keldeo-Resolute|323\/323
|switch|p2a: Denver|Keldeo-Resolute|323\/323
|turn|1
|join|PikachuCandy
|
|switch|p2a: Celery|Celebi|403\/403
|switch|p1a: Amoonguss|Amoonguss, F|432\/432
|
|turn|2
|join|Yuttt.ttttt
|c|âStoned Snorlax|why so many spectators....
|
|switch|p1a: Landorus-Therian|Landorus-Therian, M|382\/382
|-ability|p1a: Landorus-Therian|Intimidate|[of] p2a: Celery
|-unboost|p2a: Celery|atk|1
|move|p2a: Celery|Earth Power|p1a: Landorus-Therian
|-immune|p1a: Landorus-Therian|[msg]
|
|turn|3
|join|All together Now
|c| PikachuCandy|cuss of manaphy
|c|âStoned Snorlax|whose he
|c| Yuttt.ttttt|n
|
|move|p2a: Celery|Recover|p2a: Celery
|-fail|p2a: Celery
|move|p1a: Landorus-Therian|Stealth Rock|p2a: Celery
|-sidestart|p2: Stoned Snorlax|move: Stealth Rock
|
|turn|4
|c| Yuttt.ttttt|its me
|c| Yuttt.ttttt|im famous
|c| PikachuCandy|she's a savage in ou stall
|c|âStoned Snorlax|clearly
|c| Yuttt.ttttt|...
|
|move|p2a: Celery|Giga Drain|p1a: Landorus-Therian
|-damage|p1a: Landorus-Therian|271\/382
|move|p1a: Landorus-Therian|U-turn|p2a: Celery
|-supereffective|p2a: Celery
|-damage|p2a: Celery|163\/403
|c| Yuttt.ttttt|I'm of the masculine persuasion
|
|switch|p1a: Gardevoir|Gardevoir, M|277\/277
|-ability|p1a: Gardevoir|Natural Cure|[from] ability: Trace|[of] p2a: Celery
|
|-heal|p2a: Celery|188\/403|[from] item: Leftovers
|turn|5
|
|switch|p2a: Dinosaur|Tyranitar, M|399\/399
|-damage|p2a: Dinosaur|350\/399|[from] Stealth Rock
|-weather|Sandstorm
|detailschange|p1a: Gardevoir|Gardevoir-Mega, M
|-mega|p1a: Gardevoir|Gardevoir|Gardevoirite
|move|p1a: Gardevoir|Taunt|p2a: Dinosaur
|-start|p2a: Dinosaur|move: Taunt
|
|-weather|Sandstorm|[upkeep]
|-damage|p1a: Gardevoir|260\/277|[from] sandstorm
|turn|6
|
|switch|p2a: Oil|Excadrill, F|361\/361
|-damage|p2a: Oil|350\/361|[from] Stealth Rock
|move|p1a: Gardevoir|Hyper Voice|p2a: Oil
|-resisted|p2a: Oil
|-damage|p2a: Oil|189\/361
|
|-weather|Sandstorm|[upkeep]
|-damage|p1a: Gardevoir|243\/277|[from] sandstorm
|turn|7
|
|switch|p1a: Landorus-Therian|Landorus-Therian, M|271\/382
|-ability|p1a: Landorus-Therian|Intimidate|[of] p2a: Oil
|-unboost|p2a: Oil|atk|1
|move|p2a: Oil|Iron Head|p1a: Landorus-Therian
|-damage|p1a: Landorus-Therian|157\/382
|-damage|p2a: Oil|153\/361|[from] item: Life Orb
|
|-weather|Sandstorm|[upkeep]
|-heal|p1a: Landorus-Therian|180\/382|[from] item: Leftovers
|turn|8
|join|Jefo
|
|move|p2a: Oil|Iron Head|p1a: Landorus-Therian
|-damage|p1a: Landorus-Therian|66\/382
|-damage|p2a: Oil|117\/361|[from] item: Life Orb
|cant|p1a: Landorus-Therian|flinch
|
|-weather|Sandstorm|[upkeep]
|-heal|p1a: Landorus-Therian|89\/382|[from] item: Leftovers
|turn|9
|
|switch|p1a: Mandibuzz|Mandibuzz, F|423\/423
|move|p2a: Oil|Iron Head|p1a: Mandibuzz
|-damage|p1a: Mandibuzz|326\/423
|-damage|p2a: Oil|57\/361|[from] item: Rocky Helmet|[of] p1a: Mandibuzz
|-damage|p2a: Oil|21\/361|[from] item: Life Orb
|
|-weather|Sandstorm|[upkeep]
|turn|10
|
|move|p2a: Oil|Rapid Spin|p1a: Mandibuzz
|-damage|p1a: Mandibuzz|308\/423
|-damage|p2a: Oil|0 fnt|[from] item: Rocky Helmet|[of] p1a: Mandibuzz
|faint|p2a: Oil
|move|p1a: Mandibuzz|Roost|p1a: Mandibuzz
|-heal|p1a: Mandibuzz|423\/423
|
|-weather|Sandstorm|[upkeep]
|c|âStoned Snorlax|does spin not work if i faint?
|c| PikachuCandy|nope
|c| PikachuCandy|Idk why, it's a dumb thing
|leave|Jefo
|
|switch|p2a: Dinosaur|Tyranitar, M|350\/399
|-damage|p2a: Dinosaur|301\/399|[from] Stealth Rock
|turn|11
|
|switch|p1a: Keldeo-Resolute|Keldeo-Resolute|323\/323
|move|p2a: Dinosaur|Stealth Rock|p1a: Keldeo-Resolute
|-sidestart|p1: lil manaphy|move: Stealth Rock
|
|-weather|Sandstorm|[upkeep]
|-damage|p1a: Keldeo-Resolute|303\/323|[from] sandstorm
|-heal|p1a: Keldeo-Resolute|323\/323|[from] item: Leftovers
|turn|12
|
|switch|p1a: Gardevoir|Gardevoir-Mega, M|243\/277
|-damage|p1a: Gardevoir|209\/277|[from] Stealth Rock
|switch|p2a: Celery|Celebi|188\/403
|-damage|p2a: Celery|138\/403|[from] Stealth Rock
|
|-weather|none
|-heal|p2a: Celery|163\/403|[from] item: Leftovers
|turn|13
|
|move|p1a: Gardevoir|Hyper Voice|p2a: Celery
|-damage|p2a: Celery|0 fnt
|faint|p2a: Celery
|
|
|switch|p2a: Shlopunny|Lopunny, F|271\/271
|-damage|p2a: Shlopunny|238\/271|[from] Stealth Rock
|turn|14
|
|switch|p1a: Landorus-Therian|Landorus-Therian, M|89\/382
|-damage|p1a: Landorus-Therian|42\/382|[from] Stealth Rock
|-ability|p1a: Landorus-Therian|Intimidate|[of] p2a: Shlopunny
|-unboost|p2a: Shlopunny|atk|1
|detailschange|p2a: Shlopunny|Lopunny-Mega, F
|-mega|p2a: Shlopunny|Lopunny|Lopunnite
|move|p2a: Shlopunny|Power-Up Punch|p1a: Landorus-Therian
|-resisted|p1a: Landorus-Therian
|-damage|p1a: Landorus-Therian|24\/382
|-boost|p2a: Shlopunny|atk|1
|
|-heal|p1a: Landorus-Therian|47\/382|[from] item: Leftovers
|turn|15
|
|move|p2a: Shlopunny|Frustration|p1a: Landorus-Therian
|-crit|p1a: Landorus-Therian
|-damage|p1a: Landorus-Therian|0 fnt
|faint|p1a: Landorus-Therian
|
|
|switch|p1a: Amoonguss|Amoonguss, F|432\/432
|-damage|p1a: Amoonguss|378\/432|[from] Stealth Rock
|turn|16
|c| PikachuCandy|inb4 ice punch
|c| PikachuCandy|hidden power psychic
|
|switch|p2a: Dinosaur|Tyranitar, M|301\/399
|-damage|p2a: Dinosaur|252\/399|[from] Stealth Rock
|-weather|Sandstorm
|move|p1a: Amoonguss|Spore|p2a: Dinosaur
|-status|p2a: Dinosaur|slp
|
|-weather|Sandstorm|[upkeep]
|-damage|p1a: Amoonguss|351\/432|[from] sandstorm
|-heal|p1a: Amoonguss|378\/432|[from] item: Black Sludge
|turn|17
|
|switch|p2a: Burdman|Talonflame, M|359\/359
|-damage|p2a: Burdman|180\/359|[from] Stealth Rock
|move|p1a: Amoonguss|Giga Drain|p2a: Burdman
|-resisted|p2a: Burdman
|-damage|p2a: Burdman|156\/359
|-heal|p1a: Amoonguss|390\/432|[from] drain|[of] p2a: Burdman
|
|-weather|Sandstorm|[upkeep]
|-damage|p2a: Burdman|134\/359|[from] sandstorm
|-damage|p1a: Amoonguss|363\/432|[from] sandstorm
|-heal|p2a: Burdman|156\/359|[from] item: Leftovers
|-heal|p1a: Amoonguss|390\/432|[from] item: Black Sludge
|turn|18
|
|switch|p1a: Chansey|Chansey, F|703\/703
|-damage|p1a: Chansey|616\/703|[from] Stealth Rock
|move|p2a: Burdman|Roost|p2a: Burdman
|-heal|p2a: Burdman|336\/359
|
|-weather|Sandstorm|[upkeep]
|-damage|p2a: Burdman|314\/359|[from] sandstorm
|-damage|p1a: Chansey|573\/703|[from] sandstorm
|-heal|p2a: Burdman|336\/359|[from] item: Leftovers
|turn|19
|
|move|p2a: Burdman|Taunt|p1a: Chansey
|-start|p1a: Chansey|move: Taunt
|cant|p1a: Chansey|move: Taunt|Thunder Wave
|
|-weather|Sandstorm|[upkeep]
|-damage|p2a: Burdman|314\/359|[from] sandstorm
|-damage|p1a: Chansey|530\/703|[from] sandstorm
|-heal|p2a: Burdman|336\/359|[from] item: Leftovers
|turn|20
|
|switch|p1a: Mandibuzz|Mandibuzz, F|423\/423
|-damage|p1a: Mandibuzz|318\/423|[from] Stealth Rock
|move|p2a: Burdman|Brave Bird|p1a: Mandibuzz
|-damage|p1a: Mandibuzz|191\/423
|-damage|p2a: Burdman|277\/359|[from] item: Rocky Helmet|[of] p1a: Mandibuzz
|-damage|p2a: Burdman|235\/359|[from] recoil|[of] p1a: Mandibuzz
|
|-weather|Sandstorm|[upkeep]
|-damage|p2a: Burdman|213\/359|[from] sandstorm
|-heal|p2a: Burdman|235\/359|[from] item: Leftovers
|turn|21
|
|switch|p2a: Denver|Keldeo-Resolute|323\/323
|-damage|p2a: Denver|303\/323|[from] Stealth Rock
|move|p1a: Mandibuzz|Foul Play|p2a: Denver
|-resisted|p2a: Denver
|-damage|p2a: Denver|264\/323
|-boost|p2a: Denver|atk|1|[from] ability: Justified
|
|-weather|Sandstorm|[upkeep]
|-damage|p2a: Denver|244\/323|[from] sandstorm
|turn|22
|
|move|p2a: Denver|Hydro Pump|p1a: Mandibuzz|[miss]
|-miss|p2a: Denver|p1a: Mandibuzz
|move|p1a: Mandibuzz|Roost|p1a: Mandibuzz
|-heal|p1a: Mandibuzz|403\/423
|
|-weather|Sandstorm|[upkeep]
|-damage|p2a: Denver|224\/323|[from] sandstorm
|turn|23
|
|switch|p2a: Shlopunny|Lopunny-Mega, F|238\/271
|-damage|p2a: Shlopunny|222\/271|[from] Stealth Rock
|switch|p1a: Amoonguss|Amoonguss, F|432\/432
|-damage|p1a: Amoonguss|378\/432|[from] Stealth Rock
|
|-weather|none
|-heal|p1a: Amoonguss|405\/432|[from] item: Black Sludge
|turn|24
|
|move|p2a: Shlopunny|Frustration|p1a: Amoonguss
|-crit|p1a: Amoonguss
|-damage|p1a: Amoonguss|138\/432
|move|p1a: Amoonguss|Giga Drain|p2a: Shlopunny
|-damage|p2a: Shlopunny|140\/271
|-heal|p1a: Amoonguss|179\/432|[from] drain|[of] p2a: Shlopunny
|
|-heal|p1a: Amoonguss|206\/432|[from] item: Black Sludge
|turn|25
|leave|Yuttt.ttttt
|
|switch|p2a: Burdman|Talonflame, M|235\/359
|-damage|p2a: Burdman|56\/359|[from] Stealth Rock
|move|p1a: Amoonguss|Giga Drain|p2a: Burdman
|-resisted|p2a: Burdman
|-damage|p2a: Burdman|31\/359
|-heal|p1a: Amoonguss|219\/432|[from] drain|[of] p2a: Burdman
|
|-heal|p2a: Burdman|53\/359|[from] item: Leftovers
|-heal|p1a: Amoonguss|246\/432|[from] item: Black Sludge
|turn|26
|
|switch|p1a: Mandibuzz|Mandibuzz, F|403\/423
|-damage|p1a: Mandibuzz|298\/423|[from] Stealth Rock
|move|p2a: Burdman|Roost|p2a: Burdman
|-heal|p2a: Burdman|233\/359
|
|-heal|p2a: Burdman|255\/359|[from] item: Leftovers
|turn|27
|
|switch|p2a: Denver|Keldeo-Resolute|224\/323
|-damage|p2a: Denver|204\/323|[from] Stealth Rock
|move|p1a: Mandibuzz|Foul Play|p2a: Denver
|-resisted|p2a: Denver
|-damage|p2a: Denver|165\/323
|-boost|p2a: Denver|atk|1|[from] ability: Justified
|
|turn|28
|
|switch|p1a: Amoonguss|Amoonguss, F|390\/432
|-damage|p1a: Amoonguss|336\/432|[from] Stealth Rock
|move|p2a: Denver|Scald|p1a: Amoonguss
|-resisted|p1a: Amoonguss
|-damage|p1a: Amoonguss|252\/432
|
|-heal|p1a: Amoonguss|279\/432|[from] item: Black Sludge
|turn|29
|
|switch|p2a: Burdman|Talonflame, M|255\/359
|-damage|p2a: Burdman|76\/359|[from] Stealth Rock
|move|p1a: Amoonguss|Clear Smog|p2a: Burdman
|-damage|p2a: Burdman|12\/359
|-clearboost|p2a: Burdman
|
|-heal|p2a: Burdman|34\/359|[from] item: Leftovers
|-heal|p1a: Amoonguss|306\/432|[from] item: Black Sludge
|turn|30
|
|switch|p1a: Mandibuzz|Mandibuzz, F|298\/423
|-damage|p1a: Mandibuzz|193\/423|[from] Stealth Rock
|move|p2a: Burdman|Roost|p2a: Burdman
|-heal|p2a: Burdman|214\/359
|
|-heal|p2a: Burdman|236\/359|[from] item: Leftovers
|turn|31
|join|oml it's too ez
|
|move|p2a: Burdman|Taunt|p1a: Mandibuzz
|-start|p1a: Mandibuzz|move: Taunt
|move|p1a: Mandibuzz|Foul Play|p2a: Burdman
|-damage|p2a: Burdman|41\/359
|
|-heal|p2a: Burdman|63\/359|[from] item: Leftovers
|turn|32
|
|move|p2a: Burdman|Roost|p2a: Burdman
|-heal|p2a: Burdman|243\/359
|move|p1a: Mandibuzz|Foul Play|p2a: Burdman
|-damage|p2a: Burdman|48\/359
|
|-heal|p2a: Burdman|70\/359|[from] item: Leftovers
|turn|33
|
|move|p2a: Burdman|Roost|p2a: Burdman
|-heal|p2a: Burdman|250\/359
|move|p1a: Mandibuzz|Foul Play|p2a: Burdman
|-damage|p2a: Burdman|67\/359
|
|-heal|p2a: Burdman|89\/359|[from] item: Leftovers
|-end|p1a: Mandibuzz|move: Taunt
|turn|34
|
|move|p2a: Burdman|Roost|p2a: Burdman
|-heal|p2a: Burdman|269\/359
|move|p1a: Mandibuzz|Foul Play|p2a: Burdman
|-damage|p2a: Burdman|74\/359
|
|-heal|p2a: Burdman|96\/359|[from] item: Leftovers
|turn|35
|
|move|p2a: Burdman|Roost|p2a: Burdman
|-heal|p2a: Burdman|276\/359
|move|p1a: Mandibuzz|Roost|p1a: Mandibuzz
|-heal|p1a: Mandibuzz|405\/423
|
|-heal|p2a: Burdman|298\/359|[from] item: Leftovers
|turn|36
|c| PikachuCandy|use the taunt
|c|âStoned Snorlax|why if i lose talon i lose
|c| PikachuCandy|talking to manaphy
|c|âStoned Snorlax|i needed that hydro pump
|c| PikachuCandy|but as for you, hmm
|c| PikachuCandy|ttar
|c|âStoned Snorlax|keldeo comes in
|c|âStoned Snorlax|guaranteed kill
|c| PikachuCandy|sleepy tar
|c| PikachuCandy|Well Idk
|c|âStoned Snorlax|yeah its over
|c| PikachuCandy|Keldeo is a counter too
|c|âlil manaphy|sorry bout the hydro miss
|c|âlil manaphy|it mattered
|c| PikachuCandy|well check
|c| PikachuCandy|and chasey
|c| PikachuCandy|chansey should be banned
|c|âStoned Snorlax|LOL
|c|âStoned Snorlax|serperior beats chanse
|c| PikachuCandy|that shyts too bulky
|
|switch|p2a: Dinosaur|Tyranitar, M|252\/399 slp
|-damage|p2a: Dinosaur|203\/399 slp|[from] Stealth Rock
|-weather|Sandstorm
|move|p1a: Mandibuzz|Defog|p2a: Dinosaur
|-unboost|p2a: Dinosaur|evasion|1
|-sideend|p2: Stoned Snorlax|Stealth Rock|[from] move: Defog|[of] p2a: Dinosaur
|-sideend|p1: lil manaphy|Stealth Rock|[from] move: Defog|[of] p1a: Mandibuzz
|
|-weather|Sandstorm|[upkeep]
|turn|37
|c|âStoned Snorlax|manaphy you in OST?
|
|switch|p1a: Keldeo-Resolute|Keldeo-Resolute|323\/323
|cant|p2a: Dinosaur|slp
|
|-weather|Sandstorm|[upkeep]
|-damage|p1a: Keldeo-Resolute|303\/323|[from] sandstorm
|-heal|p1a: Keldeo-Resolute|323\/323|[from] item: Leftovers
|turn|38
|c| PikachuCandy|she is
|
|move|p1a: Keldeo-Resolute|Secret Sword|p2a: Dinosaur
|-supereffective|p2a: Dinosaur
|-damage|p2a: Dinosaur|0 fnt
|faint|p2a: Dinosaur
|
|-weather|Sandstorm|[upkeep]
|-damage|p1a: Keldeo-Resolute|303\/323|[from] sandstorm
|-heal|p1a: Keldeo-Resolute|323\/323|[from] item: Leftovers
|
|switch|p2a: Shlopunny|Lopunny-Mega, F|140\/271
|turn|39
|c|âlil manaphy|am i
|c|âlil manaphy|what that
|c|âlil manaphy|whats that
|
|switch|p1a: Amoonguss|Amoonguss, F|432\/432
|move|p2a: Shlopunny|Fake Out|p1a: Amoonguss
|-damage|p1a: Amoonguss|363\/432
|
|-weather|Sandstorm|[upkeep]
|-damage|p2a: Shlopunny|124\/271|[from] sandstorm
|-damage|p1a: Amoonguss|336\/432|[from] sandstorm
|-heal|p1a: Amoonguss|363\/432|[from] item: Black Sludge
|turn|40
|c|âStoned Snorlax|gg
|c| PikachuCandy|Overpowered Stall trolls
|
|move|p2a: Shlopunny|Frustration|p1a: Amoonguss
|-damage|p1a: Amoonguss|198\/432
|move|p1a: Amoonguss|Spore|p2a: Shlopunny
|-status|p2a: Shlopunny|slp
|
|-weather|Sandstorm|[upkeep]
|-damage|p2a: Shlopunny|108\/271 slp|[from] sandstorm
|-damage|p1a: Amoonguss|171\/432|[from] sandstorm
|-heal|p1a: Amoonguss|198\/432|[from] item: Black Sludge
|turn|41
|c|âlil manaphy|ew no
|
|switch|p1a: Mandibuzz|Mandibuzz, F|405\/423
|cant|p2a: Shlopunny|slp
|
|-weather|Sandstorm|[upkeep]
|-damage|p2a: Shlopunny|92\/271 slp|[from] sandstorm
|turn|42
|
|cant|p2a: Shlopunny|slp
|move|p1a: Mandibuzz|Foul Play|p2a: Shlopunny
|-resisted|p2a: Shlopunny
|-damage|p2a: Shlopunny|0 fnt
|faint|p2a: Shlopunny
|
|-weather|Sandstorm|[upkeep]
|
|switch|p2a: Denver|Keldeo-Resolute|165\/323
|turn|43
|
|switch|p1a: Amoonguss|Amoonguss, F|342\/432
|move|p2a: Denver|Secret Sword|p1a: Amoonguss
|-resisted|p1a: Amoonguss
|-damage|p1a: Amoonguss|272\/432
|
|-weather|none
|-heal|p1a: Amoonguss|299\/432|[from] item: Black Sludge
|turn|44
|
|move|p2a: Denver|Secret Sword|p1a: Amoonguss
|-resisted|p1a: Amoonguss
|-damage|p1a: Amoonguss|231\/432
|move|p1a: Amoonguss|Giga Drain|p2a: Denver
|-supereffective|p2a: Denver
|-damage|p2a: Denver|7\/323
|-heal|p1a: Amoonguss|310\/432|[from] drain|[of] p2a: Denver
|
|-heal|p1a: Amoonguss|337\/432|[from] item: Black Sludge
|turn|45
|
|move|p2a: Denver|Secret Sword|p1a: Amoonguss
|-resisted|p1a: Amoonguss
|-damage|p1a: Amoonguss|266\/432
|move|p1a: Amoonguss|Giga Drain|p2a: Denver
|-supereffective|p2a: Denver
|-damage|p2a: Denver|0 fnt
|-heal|p1a: Amoonguss|270\/432|[from] drain|[of] p2a: Denver
|faint|p2a: Denver
|
|-heal|p1a: Amoonguss|297\/432|[from] item: Black Sludge
|
|switch|p2a: Burdman|Talonflame, M|298\/359
|turn|46
|
|switch|p1a: Mandibuzz|Mandibuzz, F|405\/423
|move|p2a: Burdman|Swords Dance|p2a: Burdman
|-boost|p2a: Burdman|atk|2
|
|-heal|p2a: Burdman|320\/359|[from] item: Leftovers
|turn|47
|
|move|p2a: Burdman|Brave Bird|p1a: Mandibuzz
|-damage|p1a: Mandibuzz|176\/423
|-damage|p2a: Burdman|261\/359|[from] item: Rocky Helmet|[of] p1a: Mandibuzz
|-damage|p2a: Burdman|185\/359|[from] recoil|[of] p1a: Mandibuzz
|move|p1a: Mandibuzz|Foul Play|p2a: Burdman
|-damage|p2a: Burdman|0 fnt
|faint|p2a: Burdman
|
|win|lil manaphy
|raw|Ladder updating...
|c| PikachuCandy|cya swagaphy and snorlax
|raw|lil manaphy's rating: 1787 &rarr; <strong>1796<\/strong><br \/>(+9 for winning)
|raw|Stoned Snorlax's rating: 1570 &rarr; <strong>1561<\/strong><br \/>(-9 for losing)
|leave|PikachuCandy
|c|âStoned Snorlax|gg
|leave|lil manaphy
|player|p1