|join|lil manaphy
|join|Fizz
|player|p1|lil manaphy|9
|player|p2|Fizz|121
|gametype|singles
|gen|6
|tier|OU
|rated
|clearpoke
|poke|p1|Gardevoir, F
|poke|p1|Keldeo
|poke|p1|Amoonguss, M
|poke|p1|Chansey, F
|poke|p1|Mandibuzz, F
|poke|p1|Landorus-Therian, M
|poke|p2|Kyurem-Black
|poke|p2|Heracross, M
|poke|p2|Clefable, F
|poke|p2|Ferrothorn, M
|poke|p2|Zapdos
|poke|p2|Emboar, F
|rule|Swagger Clause: Swagger is banned
|rule|Baton Pass Clause: Limit one PokÃ©mon knowing Baton Pass
|rule|Sleep Clause Mod: Limit one foe put to sleep
|rule|Species Clause: Limit one of each PokÃ©mon
|rule|OHKO Clause: OHKO moves are banned
|rule|Moody Clause: Moody is banned
|rule|Evasion Moves Clause: Evasion moves are banned
|rule|Endless Battle Clause: Forcing endless battles is banned
|rule|HP Percentage Mod: HP is shown in percentages
|teampreview
|
|start
|switch|p1a: Landorus-Therian|Landorus-Therian, M|382\/382
|switch|p2a: Kyurem-Black|Kyurem-Black|391\/391
|-ability|p2a: Kyurem-Black|Teravolt
|-ability|p1a: Landorus-Therian|Intimidate|[of] p2a: Kyurem-Black
|-unboost|p2a: Kyurem-Black|atk|1
|turn|1
|
|switch|p1a: Chansey|Chansey, F|703\/703
|move|p2a: Kyurem-Black|Ice Beam|p1a: Chansey
|-damage|p1a: Chansey|603\/703
|
|turn|2
|
|switch|p2a: Heracross|Heracross, M|301\/301
|move|p1a: Chansey|Thunder Wave|p2a: Heracross
|-status|p2a: Heracross|par
|
|turn|3
|
|switch|p1a: Landorus-Therian|Landorus-Therian, M|382\/382
|-ability|p1a: Landorus-Therian|Intimidate|[of] p2a: Heracross
|-unboost|p2a: Heracross|atk|1
|detailschange|p2a: Heracross|Heracross-Mega, M
|-mega|p2a: Heracross|Heracross|Heracronite
|move|p2a: Heracross|Rock Blast|p1a: Landorus-Therian
|-damage|p1a: Landorus-Therian|362\/382
|-damage|p1a: Landorus-Therian|342\/382
|-damage|p1a: Landorus-Therian|322\/382
|-damage|p1a: Landorus-Therian|302\/382
|-damage|p1a: Landorus-Therian|283\/382
|-hitcount|p1a: Landorus-Therian|5
|
|-heal|p1a: Landorus-Therian|306\/382|[from] item: Leftovers
|turn|4
|
|switch|p2a: Ferrothorn|Ferrothorn, M|352\/352
|move|p1a: Landorus-Therian|Stealth Rock|p2a: Ferrothorn
|-sidestart|p2: Fizz|move: Stealth Rock
|
|-heal|p1a: Landorus-Therian|329\/382|[from] item: Leftovers
|turn|5
|
|move|p1a: Landorus-Therian|Earthquake|p2a: Ferrothorn
|-damage|p2a: Ferrothorn|246\/352
|move|p2a: Ferrothorn|Leech Seed|p1a: Landorus-Therian
|-start|p1a: Landorus-Therian|move: Leech Seed
|
|-heal|p1a: Landorus-Therian|352\/382|[from] item: Leftovers
|-heal|p2a: Ferrothorn|268\/352|[from] item: Leftovers
|-damage|p1a: Landorus-Therian|305\/382|[from] Leech Seed|[of] p2a: Ferrothorn
|-heal|p2a: Ferrothorn|315\/352|[silent]
|turn|6
|
|switch|p1a: Amoonguss|Amoonguss, M|432\/432
|move|p2a: Ferrothorn|Stealth Rock|p1a: Amoonguss
|-sidestart|p1: lil manaphy|move: Stealth Rock
|
|-heal|p2a: Ferrothorn|337\/352|[from] item: Leftovers
|turn|7
|
|switch|p2a: Emboar|Emboar, F|423\/423
|-damage|p2a: Emboar|371\/423|[from] Stealth Rock
|move|p1a: Amoonguss|Hidden Power|p2a: Emboar
|-resisted|p2a: Emboar
|-damage|p2a: Emboar|343\/423
|
|-heal|p2a: Emboar|369\/423|[from] item: Leftovers
|turn|8
|
|switch|p1a: Mandibuzz|Mandibuzz, F|423\/423
|-damage|p1a: Mandibuzz|318\/423|[from] Stealth Rock
|move|p2a: Emboar|Flare Blitz|p1a: Mandibuzz
|-damage|p1a: Mandibuzz|119\/423
|-damage|p2a: Emboar|299\/423|[from] item: Rocky Helmet|[of] p1a: Mandibuzz
|-damage|p2a: Emboar|233\/423|[from] recoil|[of] p1a: Mandibuzz
|
|-heal|p2a: Emboar|259\/423|[from] item: Leftovers
|turn|9
|
|move|p1a: Mandibuzz|Roost|p1a: Mandibuzz
|-heal|p1a: Mandibuzz|331\/423
|move|p2a: Emboar|Superpower|p1a: Mandibuzz
|-supereffective|p1a: Mandibuzz
|-damage|p1a: Mandibuzz|1\/423
|-damage|p2a: Emboar|189\/423|[from] item: Rocky Helmet|[of] p1a: Mandibuzz
|-unboost|p2a: Emboar|atk|1
|-unboost|p2a: Emboar|def|1
|
|-heal|p2a: Emboar|215\/423|[from] item: Leftovers
|turn|10
|
|move|p1a: Mandibuzz|Roost|p1a: Mandibuzz
|-heal|p1a: Mandibuzz|213\/423
|move|p2a: Emboar|Superpower|p1a: Mandibuzz
|-supereffective|p1a: Mandibuzz
|-damage|p1a: Mandibuzz|0 fnt
|-damage|p2a: Emboar|145\/423|[from] item: Rocky Helmet|[of] p1a: Mandibuzz
|-unboost|p2a: Emboar|atk|1
|-unboost|p2a: Emboar|def|1
|faint|p1a: Mandibuzz
|
|-heal|p2a: Emboar|171\/423|[from] item: Leftovers
|
|switch|p1a: Keldeo|Keldeo|323\/323
|-damage|p1a: Keldeo|303\/323|[from] Stealth Rock
|turn|11
|
|move|p1a: Keldeo|Scald|p2a: Emboar
|-supereffective|p2a: Emboar
|-damage|p2a: Emboar|0 fnt
|faint|p2a: Emboar
|
|-heal|p1a: Keldeo|323\/323|[from] item: Leftovers
|
|switch|p2a: Ferrothorn|Ferrothorn, M|337\/352
|-damage|p2a: Ferrothorn|315\/352|[from] Stealth Rock
|turn|12
|
|switch|p2a: Zapdos|Zapdos|384\/384
|-damage|p2a: Zapdos|288\/384|[from] Stealth Rock
|-ability|p2a: Zapdos|Pressure
|move|p1a: Keldeo|Secret Sword|p2a: Zapdos
|-resisted|p2a: Zapdos
|-damage|p2a: Zapdos|225\/384
|
|-heal|p2a: Zapdos|249\/384|[from] item: Leftovers
|turn|13
|
|move|p1a: Keldeo|Calm Mind|p1a: Keldeo
|-boost|p1a: Keldeo|spa|1
|-boost|p1a: Keldeo|spd|1
|move|p2a: Zapdos|Thunderbolt|p1a: Keldeo
|-supereffective|p1a: Keldeo
|-damage|p1a: Keldeo|135\/323
|
|-heal|p1a: Keldeo|155\/323|[from] item: Leftovers
|-heal|p2a: Zapdos|273\/384|[from] item: Leftovers
|turn|14
|
|switch|p2a: Kyurem-Black|Kyurem-Black|391\/391
|-damage|p2a: Kyurem-Black|294\/391|[from] Stealth Rock
|-ability|p2a: Kyurem-Black|Teravolt
|move|p1a: Keldeo|Scald|p2a: Kyurem-Black
|-resisted|p2a: Kyurem-Black
|-damage|p2a: Kyurem-Black|177\/391
|
|-heal|p1a: Keldeo|175\/323|[from] item: Leftovers
|turn|15
|
|switch|p1a: Chansey|Chansey, F|603\/703
|-damage|p1a: Chansey|516\/703|[from] Stealth Rock
|move|p2a: Kyurem-Black|Fusion Bolt|p1a: Chansey
|-damage|p1a: Chansey|355\/703
|
|turn|16
|
|switch|p2a: Zapdos|Zapdos|273\/384
|-damage|p2a: Zapdos|177\/384|[from] Stealth Rock
|-ability|p2a: Zapdos|Pressure
|move|p1a: Chansey|Soft-Boiled|p1a: Chansey
|-heal|p1a: Chansey|703\/703
|
|-heal|p2a: Zapdos|201\/384|[from] item: Leftovers
|turn|17
|
|switch|p1a: Gardevoir|Gardevoir, F|277\/277
|-damage|p1a: Gardevoir|243\/277|[from] Stealth Rock
|-ability|p1a: Gardevoir|Pressure|[from] ability: Trace|[of] p2a: Zapdos
|-ability|p1a: Gardevoir|Pressure
|move|p2a: Zapdos|Defog|p1a: Gardevoir
|-unboost|p1a: Gardevoir|evasion|1
|-sideend|p1: lil manaphy|Stealth Rock|[from] move: Defog|[of] p1a: Gardevoir
|-sideend|p2: Fizz|Stealth Rock|[from] move: Defog|[of] p2a: Zapdos
|
|-heal|p2a: Zapdos|225\/384|[from] item: Leftovers
|turn|18
|
|detailschange|p1a: Gardevoir|Gardevoir-Mega, F
|-mega|p1a: Gardevoir|Gardevoir|Gardevoirite
|move|p1a: Gardevoir|Hyper Voice|p2a: Zapdos
|-crit|p2a: Zapdos
|-damage|p2a: Zapdos|0 fnt
|faint|p2a: Zapdos
|
|
|switch|p2a: Kyurem-Black|Kyurem-Black|177\/391
|-ability|p2a: Kyurem-Black|Teravolt
|turn|19
|
|switch|p1a: Chansey|Chansey, F|703\/703
|move|p2a: Kyurem-Black|Fusion Bolt|p1a: Chansey
|-damage|p1a: Chansey|536\/703
|
|turn|20
|
|switch|p2a: Clefable|Clefable, F|394\/394
|move|p1a: Chansey|Seismic Toss|p2a: Clefable
|-damage|p2a: Clefable|294\/394
|
|-heal|p2a: Clefable|318\/394|[from] item: Leftovers
|turn|21
|
|move|p2a: Clefable|Heal Bell|p2a: Clefable
|-cureteam|p2a: Clefable|[from] move: HealBell
|move|p1a: Chansey|Thunder Wave|p2a: Clefable
|-status|p2a: Clefable|par
|
|-heal|p2a: Clefable|342\/394 par|[from] item: Leftovers
|turn|22
|
|switch|p2a: Ferrothorn|Ferrothorn, M|315\/352
|move|p1a: Chansey|Soft-Boiled|p1a: Chansey
|-heal|p1a: Chansey|703\/703
|
|-heal|p2a: Ferrothorn|337\/352|[from] item: Leftovers
|turn|23
|
|switch|p1a: Landorus-Therian|Landorus-Therian, M|305\/382
|-ability|p1a: Landorus-Therian|Intimidate|[of] p2a: Ferrothorn
|-unboost|p2a: Ferrothorn|atk|1
|move|p2a: Ferrothorn|Stealth Rock|p1a: Landorus-Therian
|-sidestart|p1: lil manaphy|move: Stealth Rock
|
|-heal|p1a: Landorus-Therian|328\/382|[from] item: Leftovers
|-heal|p2a: Ferrothorn|352\/352|[from] item: Leftovers
|turn|24
|
|move|p1a: Landorus-Therian|Stealth Rock|p2a: Ferrothorn
|-sidestart|p2: Fizz|move: Stealth Rock
|move|p2a: Ferrothorn|Leech Seed|p1a: Landorus-Therian
|-start|p1a: Landorus-Therian|move: Leech Seed
|
|-heal|p1a: Landorus-Therian|351\/382|[from] item: Leftovers
|-damage|p1a: Landorus-Therian|304\/382|[from] Leech Seed|[of] p2a: Ferrothorn
|turn|25
|
|switch|p1a: Amoonguss|Amoonguss, M|432\/432
|-damage|p1a: Amoonguss|378\/432|[from] Stealth Rock
|move|p2a: Ferrothorn|Power Whip|p1a: Amoonguss
|-resisted|p1a: Amoonguss
|-damage|p1a: Amoonguss|357\/432
|
|-heal|p1a: Amoonguss|384\/432|[from] item: Black Sludge
|turn|26
|
|switch|p2a: Clefable|Clefable, F|342\/394 par
|-damage|p2a: Clefable|293\/394 par|[from] Stealth Rock
|move|p1a: Amoonguss|Hidden Power|p2a: Clefable
|-damage|p2a: Clefable|249\/394 par
|
|-heal|p1a: Amoonguss|411\/432|[from] item: Black Sludge
|-heal|p2a: Clefable|273\/394 par|[from] item: Leftovers
|turn|27
|
|switch|p1a: Gardevoir|Gardevoir-Mega, F|243\/277
|-damage|p1a: Gardevoir|209\/277|[from] Stealth Rock
|move|p2a: Clefable|Calm Mind|p2a: Clefable
|-boost|p2a: Clefable|spa|1
|-boost|p2a: Clefable|spd|1
|
|-heal|p2a: Clefable|297\/394 par|[from] item: Leftovers
|turn|28
|
|move|p1a: Gardevoir|Hyper Voice|p2a: Clefable
|-damage|p2a: Clefable|126\/394 par
|move|p2a: Clefable|Moonblast|p1a: Gardevoir
|-damage|p1a: Gardevoir|80\/277
|
|-heal|p2a: Clefable|150\/394 par|[from] item: Leftovers
|turn|29
|
|move|p1a: Gardevoir|Hyper Voice|p2a: Clefable
|-damage|p2a: Clefable|0 fnt
|faint|p2a: Clefable
|
|
|switch|p2a: Kyurem-Black|Kyurem-Black|177\/391
|-damage|p2a: Kyurem-Black|80\/391|[from] Stealth Rock
|-ability|p2a: Kyurem-Black|Teravolt
|turn|30
|
|switch|p1a: Chansey|Chansey, F|703\/703
|-damage|p1a: Chansey|616\/703|[from] Stealth Rock
|move|p2a: Kyurem-Black|Dragon Claw|p1a: Chansey
|-damage|p1a: Chansey|426\/703
|
|turn|31
|
|switch|p2a: Ferrothorn|Ferrothorn, M|352\/352
|-damage|p2a: Ferrothorn|330\/352|[from] Stealth Rock
|move|p1a: Chansey|Soft-Boiled|p1a: Chansey
|-heal|p1a: Chansey|703\/703
|
|-heal|p2a: Ferrothorn|352\/352|[from] item: Leftovers
|turn|32
|
|switch|p1a: Amoonguss|Amoonguss, M|432\/432
|-damage|p1a: Amoonguss|378\/432|[from] Stealth Rock
|switch|p2a: Heracross|Heracross-Mega, M|301\/301
|-damage|p2a: Heracross|264\/301|[from] Stealth Rock
|
|-heal|p1a: Amoonguss|405\/432|[from] item: Black Sludge
|turn|33
|
|move|p2a: Heracross|Substitute|p2a: Heracross
|-start|p2a: Heracross|Substitute
|-damage|p2a: Heracross|189\/301
|move|p1a: Amoonguss|Spore|p2a: Heracross
|
|-heal|p1a: Amoonguss|432\/432|[from] item: Black Sludge
|turn|34
|
|switch|p1a: Landorus-Therian|Landorus-Therian, M|304\/382
|-damage|p1a: Landorus-Therian|257\/382|[from] Stealth Rock
|-activate|p2a: Heracross|Substitute|ability: Intimidate|[of] p1a: Landorus-Therian
|move|p2a: Heracross|Pin Missile|p1a: Landorus-Therian
|-resisted|p1a: Landorus-Therian
|-damage|p1a: Landorus-Therian|233\/382
|-resisted|p1a: Landorus-Therian
|-damage|p1a: Landorus-Therian|210\/382
|-crit|p1a: Landorus-Therian
|-resisted|p1a: Landorus-Therian
|-damage|p1a: Landorus-Therian|175\/382
|-crit|p1a: Landorus-Therian
|-resisted|p1a: Landorus-Therian
|-damage|p1a: Landorus-Therian|142\/382
|-resisted|p1a: Landorus-Therian
|-damage|p1a: Landorus-Therian|118\/382
|-hitcount|p1a: Landorus-Therian|5
|
|-heal|p1a: Landorus-Therian|141\/382|[from] item: Leftovers
|turn|35
|
|move|p2a: Heracross|Rock Blast|p1a: Landorus-Therian|[miss]
|-miss|p2a: Heracross|p1a: Landorus-Therian
|move|p1a: Landorus-Therian|U-turn|p2a: Heracross
|-resisted|p2a: Heracross
|-activate|p2a: Heracross|Substitute|[damage]
|
|switch|p1a: Gardevoir|Gardevoir-Mega, F|80\/277
|-damage|p1a: Gardevoir|46\/277|[from] Stealth Rock
|
|turn|36
|
|switch|p2a: Ferrothorn|Ferrothorn, M|352\/352
|-damage|p2a: Ferrothorn|330\/352|[from] Stealth Rock
|move|p1a: Gardevoir|Hyper Voice|p2a: Ferrothorn
|-resisted|p2a: Ferrothorn
|-damage|p2a: Ferrothorn|227\/352
|
|-heal|p2a: Ferrothorn|249\/352|[from] item: Leftovers
|turn|37
|
|switch|p1a: Amoonguss|Amoonguss, M|432\/432
|-damage|p1a: Amoonguss|378\/432|[from] Stealth Rock
|move|p2a: Ferrothorn|Gyro Ball|p1a: Amoonguss
|-damage|p1a: Amoonguss|315\/432
|
|-heal|p1a: Amoonguss|342\/432|[from] item: Black Sludge
|-heal|p2a: Ferrothorn|271\/352|[from] item: Leftovers
|turn|38
|
|switch|p2a: Kyurem-Black|Kyurem-Black|80\/391
|-damage|p2a: Kyurem-Black|0 fnt|[from] Stealth Rock
|faint|p2a: Kyurem-Black
|move|p1a: Amoonguss|Hidden Power|p2: Kyurem-Black|[notarget]
|-notarget
|
|-heal|p1a: Amoonguss|369\/432|[from] item: Black Sludge
|
|switch|p2a: Heracross|Heracross-Mega, M|189\/301
|-damage|p2a: Heracross|152\/301|[from] Stealth Rock
|turn|39
|
|move|p2a: Heracross|Rock Blast|p1a: Amoonguss
|-damage|p1a: Amoonguss|336\/432
|-damage|p1a: Amoonguss|301\/432
|-damage|p1a: Amoonguss|263\/432
|-damage|p1a: Amoonguss|226\/432
|-damage|p1a: Amoonguss|191\/432
|-hitcount|p1a: Amoonguss|5
|move|p1a: Amoonguss|Hidden Power|p2a: Heracross
|-supereffective|p2a: Heracross
|-damage|p2a: Heracross|80\/301
|
|-heal|p1a: Amoonguss|218\/432|[from] item: Black Sludge
|turn|40
|
|switch|p1a: Landorus-Therian|Landorus-Therian, M|141\/382
|-damage|p1a: Landorus-Therian|94\/382|[from] Stealth Rock
|-ability|p1a: Landorus-Therian|Intimidate|[of] p2a: Heracross
|-unboost|p2a: Heracross|atk|1
|move|p2a: Heracross|Substitute|p2a: Heracross
|-start|p2a: Heracross|Substitute
|-damage|p2a: Heracross|5\/301
|
|-heal|p1a: Landorus-Therian|117\/382|[from] item: Leftovers
|turn|41
|
|move|p2a: Heracross|Rock Blast|p1a: Landorus-Therian
|-damage|p1a: Landorus-Therian|97\/382
|-damage|p1a: Landorus-Therian|74\/382
|-damage|p1a: Landorus-Therian|54\/382
|-damage|p1a: Landorus-Therian|32\/382
|-damage|p1a: Landorus-Therian|10\/382
|-hitcount|p1a: Landorus-Therian|5
|move|p1a: Landorus-Therian|Earthquake|p2a: Heracross
|-resisted|p2a: Heracross
|-activate|p2a: Heracross|Substitute|[damage]
|
|-heal|p1a: Landorus-Therian|33\/382|[from] item: Leftovers
|turn|42
|
|move|p2a: Heracross|Rock Blast|p1a: Landorus-Therian
|-damage|p1a: Landorus-Therian|11\/382
|-damage|p1a: Landorus-Therian|0 fnt
|-hitcount|p1a: Landorus-Therian|2
|faint|p1a: Landorus-Therian
|
|
|switch|p1a: Gardevoir|Gardevoir-Mega, F|46\/277
|-damage|p1a: Gardevoir|12\/277|[from] Stealth Rock
|turn|43
|
|move|p1a: Gardevoir|Hyper Voice|p2a: Heracross
|-supereffective|p2a: Heracross
|-damage|p2a: Heracross|0 fnt
|faint|p2a: Heracross
|
|
|switch|p2a: Ferrothorn|Ferrothorn, M|271\/352
|-damage|p2a: Ferrothorn|249\/352|[from] Stealth Rock
|turn|44
|
|move|p1a: Gardevoir|Focus Blast|p2a: Ferrothorn
|-supereffective|p2a: Ferrothorn
|-damage|p2a: Ferrothorn|0 fnt
|faint|p2a: Ferrothorn
|
|win|lil manaphy
|raw|Ladder updating...
|c|âFizz|gg
|raw|lil manaphy's rating: 1724 &rarr; <strong>1741<\/strong><br \/>(+17 for winning)
|raw|Fizz's rating: 1664 &rarr; <strong>1648<\/strong><br \/>(-16 for losing)