|join|lil manaphy
|join|mightyking34
|join|WECAMEASROMANS
|player|p1|lil manaphy|9
|player|p2|mightyking34|52
|gametype|singles
|gen|6
|tier|OU
|rated
|clearpoke
|poke|p1|Lopunny, F
|poke|p1|Rotom-Wash
|poke|p1|Gothitelle, F
|poke|p1|Celebi
|poke|p1|Heatran, M
|poke|p1|Mandibuzz, F
|poke|p2|Chesnaught, M
|poke|p2|Heatran, F
|poke|p2|Landorus-Therian, M
|poke|p2|Rotom-Wash
|poke|p2|Excadrill, M
|poke|p2|Sylveon, M
|rule|Swagger Clause: Swagger is banned
|rule|Baton Pass Clause: Limit one PokÃ©mon knowing Baton Pass
|rule|Sleep Clause Mod: Limit one foe put to sleep
|rule|Species Clause: Limit one of each PokÃ©mon
|rule|OHKO Clause: OHKO moves are banned
|rule|Moody Clause: Moody is banned
|rule|Evasion Moves Clause: Evasion moves are banned
|rule|Endless Battle Clause: Forcing endless battles is banned
|rule|HP Percentage Mod: HP is shown in percentages
|teampreview
|leave|WECAMEASROMANS
|
|start
|switch|p1a: Lopunny|Lopunny, F|271\/271
|switch|p2a: Rotom-Wash|Rotom-Wash|304\/304
|turn|1
|
|detailschange|p1a: Lopunny|Lopunny-Mega, F
|-mega|p1a: Lopunny|Lopunny|Lopunnite
|move|p2a: Rotom-Wash|Protect|p2a: Rotom-Wash
|-singleturn|p2a: Rotom-Wash|Protect
|move|p1a: Lopunny|Fake Out|p2a: Rotom-Wash
|-activate|p2a: Rotom-Wash|Protect
|
|turn|2
|
|switch|p1a: Celebi|Celebi|404\/404
|move|p2a: Rotom-Wash|Volt Switch|p1a: Celebi
|-crit|p1a: Celebi
|-resisted|p1a: Celebi
|-damage|p1a: Celebi|354\/404
|
|switch|p2a: Landorus-Therian|Landorus-Therian, M|319\/319
|-ability|p2a: Landorus-Therian|Intimidate|[of] p1a: Celebi
|-unboost|p1a: Celebi|atk|1
|
|-heal|p1a: Celebi|379\/404|[from] item: Leftovers
|turn|3
|
|switch|p1a: Mandibuzz|Mandibuzz, F|423\/423
|move|p2a: Landorus-Therian|U-turn|p1a: Mandibuzz
|-damage|p1a: Mandibuzz|360\/423
|-damage|p2a: Landorus-Therian|266\/319|[from] item: Rocky Helmet|[of] p1a: Mandibuzz
|
|switch|p2a: Rotom-Wash|Rotom-Wash|304\/304
|
|turn|4
|
|switch|p1a: Celebi|Celebi|379\/404
|move|p2a: Rotom-Wash|Volt Switch|p1a: Celebi
|-resisted|p1a: Celebi
|-damage|p1a: Celebi|350\/404
|join|habajiga
|
|switch|p2a: Landorus-Therian|Landorus-Therian, M|266\/319
|-ability|p2a: Landorus-Therian|Intimidate|[of] p1a: Celebi
|-unboost|p1a: Celebi|atk|1
|
|-heal|p1a: Celebi|375\/404|[from] item: Leftovers
|turn|5
|
|switch|p1a: Rotom-Wash|Rotom-Wash|303\/303
|move|p2a: Landorus-Therian|Knock Off|p1a: Rotom-Wash
|-damage|p1a: Rotom-Wash|219\/303
|-enditem|p1a: Rotom-Wash|Leftovers|[from] move: Knock Off|[of] p2a: Landorus-Therian
|
|turn|6
|
|switch|p2a: Heatran|Heatran, F|386\/386
|move|p1a: Rotom-Wash|Volt Switch|p2a: Heatran
|-damage|p2a: Heatran|326\/386
|
|switch|p1a: Gothitelle|Gothitelle, F|301\/301
|
|-heal|p2a: Heatran|350\/386|[from] item: Leftovers
|turn|7
|
|move|p2a: Heatran|Protect|p2a: Heatran
|-singleturn|p2a: Heatran|Protect
|move|p1a: Gothitelle|Trick|p2a: Heatran
|-activate|p2a: Heatran|Protect
|
|-heal|p2a: Heatran|374\/386|[from] item: Leftovers
|turn|8
|
|move|p1a: Gothitelle|Trick|p2a: Heatran
|-activate|p1a: Gothitelle|move: Trick|[of] p2a: Heatran
|-item|p2a: Heatran|Choice Scarf|[from] move: Trick
|-item|p1a: Gothitelle|Leftovers|[from] move: Trick
|move|p2a: Heatran|Toxic|p1a: Gothitelle
|-status|p1a: Gothitelle|tox
|
|-damage|p1a: Gothitelle|283\/301 tox|[from] psn
|turn|9
|
|move|p2a: Heatran|Toxic|p1a: Gothitelle
|-fail|p1a: Gothitelle|tox
|move|p1a: Gothitelle|Calm Mind|p1a: Gothitelle
|-boost|p1a: Gothitelle|spa|1
|-boost|p1a: Gothitelle|spd|1
|
|-heal|p1a: Gothitelle|301\/301 tox|[from] item: Leftovers
|-damage|p1a: Gothitelle|265\/301 tox|[from] psn
|turn|10
|
|move|p2a: Heatran|Toxic|p1a: Gothitelle
|-fail|p1a: Gothitelle|tox
|move|p1a: Gothitelle|Calm Mind|p1a: Gothitelle
|-boost|p1a: Gothitelle|spa|1
|-boost|p1a: Gothitelle|spd|1
|
|-heal|p1a: Gothitelle|283\/301 tox|[from] item: Leftovers
|-damage|p1a: Gothitelle|229\/301 tox|[from] psn
|turn|11
|
|move|p2a: Heatran|Toxic|p1a: Gothitelle
|-fail|p1a: Gothitelle|tox
|move|p1a: Gothitelle|Calm Mind|p1a: Gothitelle
|-boost|p1a: Gothitelle|spa|1
|-boost|p1a: Gothitelle|spd|1
|
|-heal|p1a: Gothitelle|247\/301 tox|[from] item: Leftovers
|-damage|p1a: Gothitelle|175\/301 tox|[from] psn
|turn|12
|
|move|p2a: Heatran|Toxic|p1a: Gothitelle|[miss]
|-miss|p2a: Heatran|p1a: Gothitelle
|move|p1a: Gothitelle|Calm Mind|p1a: Gothitelle
|-boost|p1a: Gothitelle|spa|1
|-boost|p1a: Gothitelle|spd|1
|
|-heal|p1a: Gothitelle|193\/301 tox|[from] item: Leftovers
|-damage|p1a: Gothitelle|103\/301 tox|[from] psn
|turn|13
|
|move|p2a: Heatran|Toxic|p1a: Gothitelle
|-fail|p1a: Gothitelle|tox
|move|p1a: Gothitelle|Rest|p1a: Gothitelle
|-status|p1a: Gothitelle|slp
|-heal|p1a: Gothitelle|301\/301 slp|[silent]
|-status|p1a: Gothitelle|slp|[from] move: Rest
|
|turn|14
|
|move|p2a: Heatran|Toxic|p1a: Gothitelle
|-fail|p1a: Gothitelle
|cant|p1a: Gothitelle|slp
|
|turn|15
|
|move|p2a: Heatran|Toxic|p1a: Gothitelle
|-fail|p1a: Gothitelle
|cant|p1a: Gothitelle|slp
|
|turn|16
|
|move|p2a: Heatran|Toxic|p1a: Gothitelle
|-fail|p1a: Gothitelle
|-curestatus|p1a: Gothitelle|slp
|move|p1a: Gothitelle|Calm Mind|p1a: Gothitelle
|-boost|p1a: Gothitelle|spa|1
|-boost|p1a: Gothitelle|spd|1
|
|turn|17
|
|move|p2a: Heatran|Toxic|p1a: Gothitelle
|-status|p1a: Gothitelle|tox
|move|p1a: Gothitelle|Calm Mind|p1a: Gothitelle
|-boost|p1a: Gothitelle|spa|1
|-boost|p1a: Gothitelle|spd|1
|
|-damage|p1a: Gothitelle|283\/301 tox|[from] psn
|turn|18
|
|move|p2a: Heatran|Toxic|p1a: Gothitelle
|-fail|p1a: Gothitelle|tox
|move|p1a: Gothitelle|Psychic|p2a: Heatran
|-resisted|p2a: Heatran
|-damage|p2a: Heatran|190\/386
|
|-heal|p1a: Gothitelle|301\/301 tox|[from] item: Leftovers
|-damage|p1a: Gothitelle|265\/301 tox|[from] psn
|turn|19
|
|move|p2a: Heatran|Toxic|p1a: Gothitelle
|-fail|p1a: Gothitelle|tox
|move|p1a: Gothitelle|Psychic|p2a: Heatran
|-resisted|p2a: Heatran
|-damage|p2a: Heatran|4\/386
|
|-heal|p1a: Gothitelle|283\/301 tox|[from] item: Leftovers
|-damage|p1a: Gothitelle|229\/301 tox|[from] psn
|turn|20
|
|move|p2a: Heatran|Toxic|p1a: Gothitelle
|-fail|p1a: Gothitelle|tox
|move|p1a: Gothitelle|Rest|p1a: Gothitelle
|-status|p1a: Gothitelle|slp
|-heal|p1a: Gothitelle|301\/301 slp|[silent]
|-status|p1a: Gothitelle|slp|[from] move: Rest
|
|turn|21
|
|move|p2a: Heatran|Toxic|p1a: Gothitelle
|-fail|p1a: Gothitelle
|cant|p1a: Gothitelle|slp
|
|turn|22
|
|move|p2a: Heatran|Toxic|p1a: Gothitelle
|-fail|p1a: Gothitelle
|cant|p1a: Gothitelle|slp
|
|turn|23
|
|move|p2a: Heatran|Toxic|p1a: Gothitelle
|-fail|p1a: Gothitelle
|-curestatus|p1a: Gothitelle|slp
|move|p1a: Gothitelle|Trick|p2a: Heatran
|-activate|p1a: Gothitelle|move: Trick|[of] p2a: Heatran
|-item|p2a: Heatran|Leftovers|[from] move: Trick
|-item|p1a: Gothitelle|Choice Scarf|[from] move: Trick
|
|-heal|p2a: Heatran|28\/386|[from] item: Leftovers
|turn|24
|
|move|p2a: Heatran|Protect|p2a: Heatran
|-singleturn|p2a: Heatran|Protect
|move|p1a: Gothitelle|Psychic|p2a: Heatran
|-activate|p2a: Heatran|Protect
|
|-heal|p2a: Heatran|52\/386|[from] item: Leftovers
|turn|25
|
|move|p2a: Heatran|Protect|p2a: Heatran
|-singleturn|p2a: Heatran|Protect
|move|p1a: Gothitelle|Psychic|p2a: Heatran
|-activate|p2a: Heatran|Protect
|
|-heal|p2a: Heatran|76\/386|[from] item: Leftovers
|turn|26
|
|move|p2a: Heatran|Protect|p2a: Heatran
|-fail|p2a: Heatran
|move|p1a: Gothitelle|Psychic|p2a: Heatran
|-resisted|p2a: Heatran
|-damage|p2a: Heatran|0 fnt
|faint|p2a: Heatran
|
|
|switch|p2a: Excadrill|Excadrill, M|362\/362
|-ability|p2a: Excadrill|Mold Breaker
|turn|27
|
|move|p1a: Gothitelle|Psychic|p2a: Excadrill
|-resisted|p2a: Excadrill
|-damage|p2a: Excadrill|119\/362
|move|p2a: Excadrill|Earthquake|p1a: Gothitelle
|-damage|p1a: Gothitelle|112\/301
|
|turn|28
|
|move|p1a: Gothitelle|Psychic|p2a: Excadrill
|-crit|p2a: Excadrill
|-resisted|p2a: Excadrill
|-damage|p2a: Excadrill|0 fnt
|faint|p2a: Excadrill
|
|
|switch|p2a: Landorus-Therian|Landorus-Therian, M|266\/319
|-ability|p2a: Landorus-Therian|Intimidate|[of] p1a: Gothitelle
|-unboost|p1a: Gothitelle|atk|1
|turn|29
|
|switch|p1a: Mandibuzz|Mandibuzz, F|360\/423
|move|p2a: Landorus-Therian|U-turn|p1a: Mandibuzz
|-damage|p1a: Mandibuzz|300\/423
|-damage|p2a: Landorus-Therian|213\/319|[from] item: Rocky Helmet|[of] p1a: Mandibuzz
|
|switch|p2a: Chesnaught|Chesnaught, M|380\/380
|
|turn|30
|
|switch|p1a: Celebi|Celebi|375\/404
|move|p2a: Chesnaught|Leech Seed|p1a: Celebi
|-immune|p1a: Celebi|[msg]
|
|-heal|p1a: Celebi|400\/404|[from] item: Leftovers
|turn|31
|
|switch|p1a: Gothitelle|Gothitelle, F|112\/301
|move|p2a: Chesnaught|Spikes|p1a: Gothitelle
|-sidestart|p1: lil manaphy|Spikes
|
|turn|32
|
|move|p2a: Chesnaught|Spiky Shield|p2a: Chesnaught
|-singleturn|p2a: Chesnaught|move: Protect
|move|p1a: Gothitelle|Psychic|p2a: Chesnaught
|-activate|p2a: Chesnaught|move: Protect
|
|turn|33
|
|move|p1a: Gothitelle|Psychic|p2a: Chesnaught
|-supereffective|p2a: Chesnaught
|-damage|p2a: Chesnaught|80\/380
|move|p2a: Chesnaught|Leech Seed|p1a: Gothitelle
|-start|p1a: Gothitelle|move: Leech Seed
|
|-heal|p2a: Chesnaught|103\/380|[from] item: Leftovers
|-damage|p1a: Gothitelle|75\/301|[from] Leech Seed|[of] p2a: Chesnaught
|-heal|p2a: Chesnaught|140\/380|[silent]
|turn|34
|
|move|p2a: Chesnaught|Spiky Shield|p2a: Chesnaught
|-singleturn|p2a: Chesnaught|move: Protect
|move|p1a: Gothitelle|Psychic|p2a: Chesnaught
|-activate|p2a: Chesnaught|move: Protect
|
|-heal|p2a: Chesnaught|163\/380|[from] item: Leftovers
|-damage|p1a: Gothitelle|38\/301|[from] Leech Seed|[of] p2a: Chesnaught
|-heal|p2a: Chesnaught|200\/380|[silent]
|turn|35
|
|move|p2a: Chesnaught|Spiky Shield|p2a: Chesnaught
|-fail|p2a: Chesnaught
|move|p1a: Gothitelle|Psychic|p2a: Chesnaught
|-supereffective|p2a: Chesnaught
|-damage|p2a: Chesnaught|0 fnt
|faint|p2a: Chesnaught
|
|
|switch|p2a: Rotom-Wash|Rotom-Wash|304\/304
|turn|36
|
|move|p1a: Gothitelle|Psychic|p2a: Rotom-Wash
|-damage|p2a: Rotom-Wash|187\/304
|move|p2a: Rotom-Wash|Volt Switch|p1a: Gothitelle
|-damage|p1a: Gothitelle|0 fnt
|faint|p1a: Gothitelle
|
|switch|p2a: Landorus-Therian|Landorus-Therian, M|213\/319
|
|
|switch|p1a: Mandibuzz|Mandibuzz, F|300\/423
|turn|37
|
|move|p2a: Landorus-Therian|Knock Off|p1a: Mandibuzz
|-resisted|p1a: Mandibuzz
|-damage|p1a: Mandibuzz|258\/423
|-damage|p2a: Landorus-Therian|160\/319|[from] item: Rocky Helmet|[of] p1a: Mandibuzz
|-enditem|p1a: Mandibuzz|Rocky Helmet|[from] move: Knock Off|[of] p2a: Landorus-Therian
|move|p1a: Mandibuzz|Defog|p2a: Landorus-Therian
|-unboost|p2a: Landorus-Therian|evasion|1
|-sideend|p1: lil manaphy|Spikes|[from] move: Defog|[of] p1a: Mandibuzz
|
|turn|38
|
|switch|p2a: Rotom-Wash|Rotom-Wash|187\/304
|move|p1a: Mandibuzz|Roost|p1a: Mandibuzz
|-heal|p1a: Mandibuzz|423\/423
|
|-heal|p2a: Rotom-Wash|206\/304|[from] item: Leftovers
|turn|39
|
|switch|p1a: Celebi|Celebi|400\/404
|move|p2a: Rotom-Wash|Volt Switch|p1a: Celebi
|-resisted|p1a: Celebi
|-damage|p1a: Celebi|365\/404
|
|switch|p2a: Landorus-Therian|Landorus-Therian, M|160\/319
|-ability|p2a: Landorus-Therian|Intimidate|[of] p1a: Celebi
|-unboost|p1a: Celebi|atk|1
|
|-heal|p1a: Celebi|390\/404|[from] item: Leftovers
|turn|40
|
|switch|p1a: Rotom-Wash|Rotom-Wash|219\/303
|move|p2a: Landorus-Therian|U-turn|p1a: Rotom-Wash
|-damage|p1a: Rotom-Wash|154\/303
|
|switch|p2a: Rotom-Wash|Rotom-Wash|206\/304
|
|-heal|p2a: Rotom-Wash|225\/304|[from] item: Leftovers
|turn|41
|
|move|p2a: Rotom-Wash|Protect|p2a: Rotom-Wash
|-singleturn|p2a: Rotom-Wash|Protect
|move|p1a: Rotom-Wash|Pain Split|p2a: Rotom-Wash
|-activate|p2a: Rotom-Wash|Protect
|
|-heal|p2a: Rotom-Wash|244\/304|[from] item: Leftovers
|turn|42
|
|switch|p2a: Landorus-Therian|Landorus-Therian, M|160\/319
|-ability|p2a: Landorus-Therian|Intimidate|[of] p1a: Rotom-Wash
|-unboost|p1a: Rotom-Wash|atk|1
|move|p1a: Rotom-Wash|Pain Split|p2a: Landorus-Therian
|-sethp|p2a: Landorus-Therian|157\/319|p1a: Rotom-Wash|157\/303|[from] move: Pain Split
|
|turn|43
|
|move|p2a: Landorus-Therian|U-turn|p1a: Rotom-Wash
|-damage|p1a: Rotom-Wash|97\/303
|
|switch|p2a: Sylveon|Sylveon, M|394\/394
|move|p1a: Rotom-Wash|Hydro Pump|p2a: Sylveon
|-damage|p2a: Sylveon|313\/394
|
|-heal|p2a: Sylveon|337\/394|[from] item: Leftovers
|turn|44
|
|move|p1a: Rotom-Wash|Pain Split|p2a: Sylveon
|-sethp|p2a: Sylveon|217\/394|p1a: Rotom-Wash|217\/303|[from] move: Pain Split
|move|p2a: Sylveon|Wish|p2a: Sylveon
|
|-heal|p2a: Sylveon|241\/394|[from] item: Leftovers
|turn|45
|
|switch|p2a: Landorus-Therian|Landorus-Therian, M|157\/319
|-ability|p2a: Landorus-Therian|Intimidate|[of] p1a: Rotom-Wash
|-unboost|p1a: Rotom-Wash|atk|1
|move|p1a: Rotom-Wash|Hydro Pump|p2a: Landorus-Therian|[miss]
|-miss|p1a: Rotom-Wash|p2a: Landorus-Therian
|
|-heal|p2a: Landorus-Therian|319\/319|[from] move: Wish|[wisher] Sylveon
|turn|46
|
|move|p2a: Landorus-Therian|U-turn|p1a: Rotom-Wash
|-damage|p1a: Rotom-Wash|147\/303
|
|switch|p2a: Sylveon|Sylveon, M|241\/394
|move|p1a: Rotom-Wash|Volt Switch|p2a: Sylveon
|-damage|p2a: Sylveon|193\/394
|join|A2tehBR
|
|switch|p1a: Heatran|Heatran, M|384\/384
|
|-heal|p2a: Sylveon|217\/394|[from] item: Leftovers
|turn|47
|
|move|p1a: Heatran|Stealth Rock|p2a: Sylveon
|-sidestart|p2: mightyking34|move: Stealth Rock
|move|p2a: Sylveon|Wish|p2a: Sylveon
|
|-heal|p2a: Sylveon|241\/394|[from] item: Leftovers
|turn|48
|-message|mightyking34 forfeited.
|leave|mightyking34
|leave|A2tehBR
|
|win|lil manaphy
|raw|Ladder updating...
|player|p2
|raw|lil manaphy's rating: 1798 &rarr; <strong>1811<\/strong><br \/>(+13 for winning)
|raw|mightyking34's rating: 1670 &rarr; <strong>1657<\/strong><br \/>(-13 for losing)