|join|lil manaphy
|join|All together Now
|player|p1|lil manaphy|9
|player|p2|All together Now|162
|gametype|singles
|gen|6
|tier|OU
|rated
|clearpoke
|poke|p1|Gardevoir, M
|poke|p1|Keldeo-Resolute
|poke|p1|Chansey, F
|poke|p1|Mandibuzz, F
|poke|p1|Amoonguss, M
|poke|p1|Landorus-Therian, M
|poke|p2|Ampharos, M
|poke|p2|Ferrothorn, F
|poke|p2|Azumarill, F
|poke|p2|Clefable, F
|poke|p2|Conkeldurr, F
|poke|p2|Latios, M
|rule|Swagger Clause: Swagger is banned
|rule|Baton Pass Clause: Limit one PokÃ©mon knowing Baton Pass
|rule|Sleep Clause Mod: Limit one foe put to sleep
|rule|Species Clause: Limit one of each PokÃ©mon
|rule|OHKO Clause: OHKO moves are banned
|rule|Moody Clause: Moody is banned
|rule|Evasion Moves Clause: Evasion moves are banned
|rule|Endless Battle Clause: Forcing endless battles is banned
|rule|HP Percentage Mod: HP is shown in percentages
|teampreview
|c|âAll together Now|out of all people
|c|âAll together Now|i get you
|c|âAll together Now|-.-
|c|âAll together Now|glhf
|
|start
|switch|p1a: Landorus-Therian|Landorus-Therian, M|382\/382
|switch|p2a: Hug Me|Ferrothorn, F|352\/352
|-ability|p1a: Landorus-Therian|Intimidate|[of] p2a: Hug Me
|-unboost|p2a: Hug Me|atk|1
|turn|1
|
|move|p1a: Landorus-Therian|Stealth Rock|p2a: Hug Me
|-sidestart|p2: All together Now|move: Stealth Rock
|move|p2a: Hug Me|Stealth Rock|p1a: Landorus-Therian
|-sidestart|p1: lil manaphy|move: Stealth Rock
|
|turn|2
|
|switch|p1a: Amoonguss|Amoonguss, M|432\/432
|-damage|p1a: Amoonguss|378\/432|[from] Stealth Rock
|move|p2a: Hug Me|Leech Seed|p1a: Amoonguss
|-immune|p1a: Amoonguss|[msg]
|
|-heal|p1a: Amoonguss|405\/432|[from] item: Black Sludge
|turn|3
|join|LordKuvira
|
|move|p1a: Amoonguss|Hidden Power|p2a: Hug Me
|-crit|p2a: Hug Me
|-supereffective|p2a: Hug Me
|-damage|p2a: Hug Me|172\/352
|move|p2a: Hug Me|Gyro Ball|p1a: Amoonguss
|-damage|p1a: Amoonguss|366\/432
|
|-heal|p1a: Amoonguss|393\/432|[from] item: Black Sludge
|-heal|p2a: Hug Me|194\/352|[from] item: Leftovers
|turn|4
|
|move|p1a: Amoonguss|Hidden Power|p2a: Hug Me
|-supereffective|p2a: Hug Me
|-damage|p2a: Hug Me|70\/352
|move|p2a: Hug Me|Gyro Ball|p1a: Amoonguss
|-damage|p1a: Amoonguss|354\/432
|
|-heal|p1a: Amoonguss|381\/432|[from] item: Black Sludge
|-heal|p2a: Hug Me|92\/352|[from] item: Leftovers
|turn|5
|join|m00n's blanket
|
|switch|p2a: Jetz|Latios, M|301\/301
|-damage|p2a: Jetz|264\/301|[from] Stealth Rock
|move|p1a: Amoonguss|Hidden Power|p2a: Jetz
|-resisted|p2a: Jetz
|-damage|p2a: Jetz|245\/301
|
|-heal|p1a: Amoonguss|408\/432|[from] item: Black Sludge
|turn|6
|
|switch|p2a: PowerHouze|Ampharos, M|384\/384
|-damage|p2a: PowerHouze|336\/384|[from] Stealth Rock
|move|p1a: Amoonguss|Spore|p2a: PowerHouze
|-status|p2a: PowerHouze|slp
|
|-heal|p1a: Amoonguss|432\/432|[from] item: Black Sludge
|turn|7
|
|switch|p1a: Gardevoir|Gardevoir, M|277\/277
|-damage|p1a: Gardevoir|243\/277|[from] Stealth Rock
|-ability|p1a: Gardevoir|Static|[from] ability: Trace|[of] p2a: PowerHouze
|detailschange|p2a: PowerHouze|Ampharos-Mega, M
|-mega|p2a: PowerHouze|Ampharos|Ampharosite
|-ability|p2a: PowerHouze|Mold Breaker
|cant|p2a: PowerHouze|slp
|
|turn|8
|
|switch|p2a: Hug Me|Ferrothorn, F|92\/352
|-damage|p2a: Hug Me|70\/352|[from] Stealth Rock
|detailschange|p1a: Gardevoir|Gardevoir-Mega, M
|-mega|p1a: Gardevoir|Gardevoir|Gardevoirite
|move|p1a: Gardevoir|Hyper Voice|p2a: Hug Me
|-resisted|p2a: Hug Me
|-damage|p2a: Hug Me|0 fnt
|faint|p2a: Hug Me
|
|
|switch|p2a: WATER BOMB|Azumarill, F|383\/383
|-damage|p2a: WATER BOMB|336\/383|[from] Stealth Rock
|turn|9
|
|switch|p1a: Amoonguss|Amoonguss, M|432\/432
|-damage|p1a: Amoonguss|378\/432|[from] Stealth Rock
|move|p2a: WATER BOMB|Belly Drum|p2a: WATER BOMB
|-damage|p2a: WATER BOMB|145\/383
|-setboost|p2a: WATER BOMB|atk|6|[from] move: Belly Drum
|-enditem|p2a: WATER BOMB|Sitrus Berry|[eat]
|-heal|p2a: WATER BOMB|240\/383|[from] item: Sitrus Berry
|
|-heal|p1a: Amoonguss|405\/432|[from] item: Black Sludge
|turn|10
|
|switch|p1a: Landorus-Therian|Landorus-Therian, M|382\/382
|-damage|p1a: Landorus-Therian|335\/382|[from] Stealth Rock
|-ability|p1a: Landorus-Therian|Intimidate|[of] p2a: WATER BOMB
|-unboost|p2a: WATER BOMB|atk|1
|move|p2a: WATER BOMB|Play Rough|p1a: Landorus-Therian
|-damage|p1a: Landorus-Therian|0 fnt
|faint|p1a: Landorus-Therian
|
|
|switch|p1a: Mandibuzz|Mandibuzz, F|423\/423
|-damage|p1a: Mandibuzz|318\/423|[from] Stealth Rock
|turn|11
|
|move|p1a: Mandibuzz|Foul Play|p2a: WATER BOMB
|-resisted|p2a: WATER BOMB
|-damage|p2a: WATER BOMB|30\/383
|move|p2a: WATER BOMB|Play Rough|p1a: Mandibuzz
|-crit|p1a: Mandibuzz
|-supereffective|p1a: Mandibuzz
|-damage|p1a: Mandibuzz|0 fnt
|-damage|p2a: WATER BOMB|0 fnt|[from] item: Rocky Helmet|[of] p1a: Mandibuzz
|faint|p2a: WATER BOMB
|faint|p1a: Mandibuzz
|
|
|switch|p1a: Gardevoir|Gardevoir-Mega, M|243\/277
|switch|p2a: PowerHouze|Ampharos-Mega, M|336\/384 slp
|-damage|p1a: Gardevoir|209\/277|[from] Stealth Rock
|-damage|p2a: PowerHouze|288\/384 slp|[from] Stealth Rock
|-ability|p2a: PowerHouze|Mold Breaker
|turn|12
|join|Jefo
|
|switch|p2a: Unawared|Clefable, F|394\/394
|-damage|p2a: Unawared|345\/394|[from] Stealth Rock
|move|p1a: Gardevoir|Hyper Voice|p2a: Unawared
|-damage|p2a: Unawared|102\/394
|
|-heal|p2a: Unawared|126\/394|[from] item: Leftovers
|turn|13
|
|move|p1a: Gardevoir|Hyper Voice|p2a: Unawared
|-damage|p2a: Unawared|0 fnt
|faint|p2a: Unawared
|
|
|switch|p2a: Jetz|Latios, M|245\/301
|-damage|p2a: Jetz|208\/301|[from] Stealth Rock
|turn|14
|
|move|p2a: Jetz|Psyshock|p1a: Gardevoir
|-resisted|p1a: Gardevoir
|-damage|p1a: Gardevoir|73\/277
|-damage|p2a: Jetz|178\/301|[from] item: Life Orb
|move|p1a: Gardevoir|Hyper Voice|p2a: Jetz
|-supereffective|p2a: Jetz
|-damage|p2a: Jetz|0 fnt
|faint|p2a: Jetz
|
|
|switch|p2a: Dead.|Conkeldurr, F|381\/381
|-damage|p2a: Dead.|358\/381|[from] Stealth Rock
|turn|15
|
|move|p2a: Dead.|Mach Punch|p1a: Gardevoir
|-resisted|p1a: Gardevoir
|-damage|p1a: Gardevoir|45\/277
|move|p1a: Gardevoir|Hyper Voice|p2a: Dead.
|-supereffective|p2a: Dead.
|-damage|p2a: Dead.|0 fnt
|faint|p2a: Dead.
|
|c|âAll together Now|gg
|-message|All together Now forfeited.
|leave|All together Now
|
|win|lil manaphy
|raw|Ladder updating...
|player|p2
|raw|lil manaphy's rating: 1754 &rarr; <strong>1760<\/strong><br \/>(+6 for winning)
|raw|All together Now's rating: 1453 &rarr; <strong>1447<\/strong><br \/>(-6 for losing)
|leave|lil manaphy
|player|p1
|leave|Jefo
|leave|m00n's blanket