|join|lil manaphy
|join|lmnt93
|player|p1|lil manaphy|9
|player|p2|lmnt93|209
|gametype|singles
|gen|6
|tier|OU
|rated
|clearpoke
|poke|p1|Gardevoir, F
|poke|p1|Keldeo-Resolute
|poke|p1|Chansey, F
|poke|p1|Mandibuzz, F
|poke|p1|Amoonguss, M
|poke|p1|Landorus-Therian, M
|poke|p2|Talonflame, F
|poke|p2|Amoonguss, F, shiny
|poke|p2|Alakazam, F
|poke|p2|Heatran, M
|poke|p2|Conkeldurr, M
|poke|p2|Crobat, F, shiny
|rule|Swagger Clause: Swagger is banned
|rule|Baton Pass Clause: Limit one PokÃ©mon knowing Baton Pass
|rule|Sleep Clause Mod: Limit one foe put to sleep
|rule|Species Clause: Limit one of each PokÃ©mon
|rule|OHKO Clause: OHKO moves are banned
|rule|Moody Clause: Moody is banned
|rule|Evasion Moves Clause: Evasion moves are banned
|rule|Endless Battle Clause: Forcing endless battles is banned
|rule|HP Percentage Mod: HP is shown in percentages
|teampreview
|
|start
|switch|p1a: Keldeo-Resolute|Keldeo-Resolute|323\/323
|switch|p2a: Heatran|Heatran, M|386\/386
|-item|p2a: Heatran|Air Balloon
|turn|1
|
|switch|p2a: PLS|Amoonguss, F, shiny|432\/432
|move|p1a: Keldeo-Resolute|Scald|p2a: PLS
|-resisted|p2a: PLS
|-damage|p2a: PLS|357\/432
|
|turn|2
|
|switch|p1a: Landorus-Therian|Landorus-Therian, M|382\/382
|-ability|p1a: Landorus-Therian|Intimidate|[of] p2a: PLS
|-unboost|p2a: PLS|atk|1
|move|p2a: PLS|Giga Drain|p1a: Landorus-Therian
|-damage|p1a: Landorus-Therian|286\/382
|-heal|p2a: PLS|405\/432|[from] drain|[of] p1a: Landorus-Therian
|
|-heal|p1a: Landorus-Therian|309\/382|[from] item: Leftovers
|turn|3
|
|move|p1a: Landorus-Therian|U-turn|p2a: PLS
|-damage|p2a: PLS|329\/432
|-damage|p1a: Landorus-Therian|246\/382|[from] item: Rocky Helmet|[of] p2a: PLS
|
|switch|p1a: Mandibuzz|Mandibuzz, F|423\/423
|move|p2a: PLS|Spore|p1a: Mandibuzz
|-fail|p1a: Mandibuzz
|
|turn|4
|join|All together Now
|
|switch|p2a: Heatran|Heatran, M|386\/386
|-item|p2a: Heatran|Air Balloon
|move|p1a: Mandibuzz|Taunt|p2a: Heatran
|-start|p2a: Heatran|move: Taunt
|
|turn|5
|
|switch|p1a: Gardevoir|Gardevoir, F|277\/277
|-ability|p1a: Gardevoir|Flash Fire|[from] ability: Trace|[of] p2a: Heatran
|move|p2a: Heatran|Lava Plume|p1a: Gardevoir
|-start|p1a: Gardevoir|ability: Flash Fire
|
|turn|6
|
|switch|p2a: Crobat|Crobat, F, shiny|342\/342
|move|p1a: Gardevoir|Psyshock|p2a: Crobat
|-supereffective|p2a: Crobat
|-damage|p2a: Crobat|36\/342
|
|-heal|p2a: Crobat|57\/342|[from] item: Black Sludge
|turn|7
|
|move|p2a: Crobat|Cross Poison|p1a: Gardevoir
|-supereffective|p1a: Gardevoir
|-damage|p1a: Gardevoir|31\/277
|move|p1a: Gardevoir|Psyshock|p2a: Crobat
|-supereffective|p2a: Crobat
|-damage|p2a: Crobat|0 fnt
|faint|p2a: Crobat
|
|
|switch|p2a: Heatran|Heatran, M|386\/386
|-item|p2a: Heatran|Air Balloon
|turn|8
|
|move|p1a: Gardevoir|Taunt|p2a: Heatran
|-start|p2a: Heatran|move: Taunt
|cant|p2a: Heatran|move: Taunt|Stealth Rock
|
|turn|9
|
|move|p1a: Gardevoir|Psyshock|p2a: Heatran
|-crit|p2a: Heatran
|-resisted|p2a: Heatran
|-damage|p2a: Heatran|306\/386
|-enditem|p2a: Heatran|Air Balloon
|move|p2a: Heatran|Lava Plume|p1a: Gardevoir
|-immune|p1a: Gardevoir|[msg]
|
|turn|10
|
|move|p1a: Gardevoir|Focus Blast|p2a: Heatran
|-supereffective|p2a: Heatran
|-damage|p2a: Heatran|74\/386
|move|p2a: Heatran|Earth Power|p1a: Gardevoir
|-damage|p1a: Gardevoir|0 fnt
|faint|p1a: Gardevoir
|
|-end|p2a: Heatran|move: Taunt
|leave|lmnt93
|join|FunkyCrackudoCat
|player|p2
|join|lmnt93
|player|p2|lmnt93|209
|c| FunkyCrackudoCat|lag?
|
|switch|p1a: Keldeo-Resolute|Keldeo-Resolute|323\/323
|turn|11
|
|move|p1a: Keldeo-Resolute|Scald|p2a: Heatran
|-supereffective|p2a: Heatran
|-damage|p2a: Heatran|0 fnt
|faint|p2a: Heatran
|
|leave|All together Now
|
|switch|p2a: Alakazam|Alakazam, F|252\/252
|turn|12
|
|switch|p1a: Chansey|Chansey, F|703\/703
|detailschange|p2a: Alakazam|Alakazam-Mega, F
|-mega|p2a: Alakazam|Alakazam|Alakazite
|-ability|p2a: Alakazam|Natural Cure|[from] ability: Trace|[of] p1a: Chansey
|move|p2a: Alakazam|Protect|p2a: Alakazam
|-fail|p2a: Alakazam
|
|turn|13
|
|move|p2a: Alakazam|Psyshock|p1a: Chansey
|-damage|p1a: Chansey|426\/703
|move|p1a: Chansey|Seismic Toss|p2a: Alakazam
|-damage|p2a: Alakazam|152\/252
|
|turn|14
|
|switch|p2a: Conkeldurr|Conkeldurr, M|351\/351
|move|p1a: Chansey|Soft-Boiled|p1a: Chansey
|-heal|p1a: Chansey|703\/703
|
|turn|15
|
|switch|p1a: Amoonguss|Amoonguss, M|432\/432
|move|p2a: Conkeldurr|Knock Off|p1a: Amoonguss
|-damage|p1a: Amoonguss|328\/432
|-enditem|p1a: Amoonguss|Black Sludge|[from] move: Knock Off|[of] p2a: Conkeldurr
|
|turn|16
|
|move|p2a: Conkeldurr|Ice Punch|p1a: Amoonguss
|-supereffective|p1a: Amoonguss
|-damage|p1a: Amoonguss|182\/432
|move|p1a: Amoonguss|Spore|p2a: Conkeldurr
|-status|p2a: Conkeldurr|slp
|
|turn|17
|
|switch|p2a: Cuyaya|Talonflame, F|298\/298
|switch|p1a: Landorus-Therian|Landorus-Therian, M|246\/382
|-ability|p1a: Landorus-Therian|Intimidate|[of] p2a: Cuyaya
|-unboost|p2a: Cuyaya|atk|1
|
|-heal|p1a: Landorus-Therian|269\/382|[from] item: Leftovers
|turn|18
|
|switch|p2a: PLS|Amoonguss, F, shiny|432\/432
|move|p1a: Landorus-Therian|Stone Edge|p2a: PLS
|-damage|p2a: PLS|324\/432
|
|-heal|p1a: Landorus-Therian|292\/382|[from] item: Leftovers
|turn|19
|
|move|p1a: Landorus-Therian|Stealth Rock|p2a: PLS
|-sidestart|p2: lmnt93|move: Stealth Rock
|move|p2a: PLS|Foul Play|p1a: Landorus-Therian
|-damage|p1a: Landorus-Therian|213\/382
|
|-heal|p1a: Landorus-Therian|236\/382|[from] item: Leftovers
|turn|20
|
|switch|p1a: Mandibuzz|Mandibuzz, F|423\/423
|switch|p2a: Alakazam|Alakazam-Mega, F|152\/252
|-damage|p2a: Alakazam|121\/252|[from] Stealth Rock
|-ability|p2a: Alakazam|Overcoat|[from] ability: Trace|[of] p1a: Mandibuzz
|
|turn|21
|leave|FunkyCrackudoCat
|
|switch|p1a: Chansey|Chansey, F|703\/703
|move|p2a: Alakazam|Protect|p2a: Alakazam
|-fail|p2a: Alakazam
|
|turn|22
|
|move|p2a: Alakazam|Protect|p2a: Alakazam
|-singleturn|p2a: Alakazam|Protect
|move|p1a: Chansey|Seismic Toss|p2a: Alakazam
|-activate|p2a: Alakazam|Protect
|
|turn|23
|
|move|p2a: Alakazam|Disable|p1a: Chansey
|-start|p1a: Chansey|Disable|Seismic Toss
|cant|p1a: Chansey|Disable|Seismic Toss
|
|turn|24
|
|move|p2a: Alakazam|Psyshock|p1a: Chansey
|-damage|p1a: Chansey|435\/703
|move|p1a: Chansey|Thunder Wave|p2a: Alakazam
|-status|p2a: Alakazam|par
|
|turn|25
|
|move|p1a: Chansey|Soft-Boiled|p1a: Chansey
|-heal|p1a: Chansey|703\/703
|move|p2a: Alakazam|Psyshock|p1a: Chansey
|-damage|p1a: Chansey|423\/703
|
|turn|26
|
|switch|p2a: Conkeldurr|Conkeldurr, M|351\/351 slp
|-damage|p2a: Conkeldurr|330\/351 slp|[from] Stealth Rock
|move|p1a: Chansey|Soft-Boiled|p1a: Chansey
|-heal|p1a: Chansey|703\/703
|
|-end|p1a: Chansey|Disable
|turn|27
|leave|lmnt93
|player|p2
|-message|lmnt93 lost due to inactivity.
|
|win|lil manaphy
|raw|Ladder updating...
|raw|lil manaphy's rating: 1747 &rarr; <strong>1754<\/strong><br \/>(+7 for winning)
|raw|lmnt93's rating: 1477 &rarr; <strong>1470<\/strong><br \/>(-7 for losing)
|leave|lil manaphy
|player|p1