|join|lil manaphy
|join|simpleharmonic
|player|p1|lil manaphy|9
|player|p2|simpleharmonic|25
|gametype|singles
|gen|6
|tier|OU
|rated
|clearpoke
|poke|p1|Gardevoir, M
|poke|p1|Keldeo
|poke|p1|Amoonguss, M
|poke|p1|Chansey, F
|poke|p1|Mandibuzz, F
|poke|p1|Landorus-Therian, M
|poke|p2|Heracross, F
|poke|p2|Landorus, M
|poke|p2|Heatran, F
|poke|p2|Rotom-Wash
|poke|p2|Latios, M
|poke|p2|Scizor, M
|rule|Swagger Clause: Swagger is banned
|rule|Baton Pass Clause: Limit one PokÃ©mon knowing Baton Pass
|rule|Sleep Clause Mod: Limit one foe put to sleep
|rule|Species Clause: Limit one of each PokÃ©mon
|rule|OHKO Clause: OHKO moves are banned
|rule|Moody Clause: Moody is banned
|rule|Evasion Moves Clause: Evasion moves are banned
|rule|Endless Battle Clause: Forcing endless battles is banned
|rule|HP Percentage Mod: HP is shown in percentages
|teampreview
|
|start
|switch|p1a: Keldeo|Keldeo|323\/323
|switch|p2a: Scizor|Scizor, M|343\/343
|turn|1
|
|switch|p2a: Rotom-Wash|Rotom-Wash|303\/303
|move|p1a: Keldeo|Scald|p2a: Rotom-Wash
|-resisted|p2a: Rotom-Wash
|-damage|p2a: Rotom-Wash|234\/303
|
|-heal|p2a: Rotom-Wash|252\/303|[from] item: Leftovers
|turn|2
|
|switch|p1a: Amoonguss|Amoonguss, M|432\/432
|move|p2a: Rotom-Wash|Volt Switch|p1a: Amoonguss
|-resisted|p1a: Amoonguss
|-damage|p1a: Amoonguss|378\/432
|
|switch|p2a: Latios|Latios, M|301\/301
|
|-heal|p1a: Amoonguss|405\/432|[from] item: Black Sludge
|turn|3
|
|switch|p1a: Chansey|Chansey, F|703\/703
|move|p2a: Latios|Trick|p1a: Chansey
|-activate|p2a: Latios|move: Trick|[of] p1a: Chansey
|-item|p1a: Chansey|Choice Scarf|[from] move: Trick
|-item|p2a: Latios|Eviolite|[from] move: Trick
|
|turn|4
|
|switch|p2a: Scizor|Scizor, M|343\/343
|move|p1a: Chansey|Thunder Wave|p2a: Scizor
|-status|p2a: Scizor|par
|
|turn|5
|
|switch|p1a: Landorus-Therian|Landorus-Therian, M|382\/382
|-ability|p1a: Landorus-Therian|Intimidate|[of] p2a: Scizor
|-unboost|p2a: Scizor|atk|1
|detailschange|p2a: Scizor|Scizor-Mega, M
|-mega|p2a: Scizor|Scizor|Scizorite
|move|p2a: Scizor|Knock Off|p1a: Landorus-Therian
|-damage|p1a: Landorus-Therian|318\/382
|-enditem|p1a: Landorus-Therian|Leftovers|[from] move: Knock Off|[of] p2a: Scizor
|
|turn|6
|
|move|p1a: Landorus-Therian|Stealth Rock|p2a: Scizor
|-sidestart|p2: simpleharmonic|move: Stealth Rock
|move|p2a: Scizor|Swords Dance|p2a: Scizor
|-boost|p2a: Scizor|atk|2
|
|turn|7
|
|switch|p1a: Mandibuzz|Mandibuzz, F|423\/423
|move|p2a: Scizor|Knock Off|p1a: Mandibuzz
|-resisted|p1a: Mandibuzz
|-damage|p1a: Mandibuzz|359\/423
|-damage|p2a: Scizor|286\/343 par|[from] item: Rocky Helmet|[of] p1a: Mandibuzz
|-enditem|p1a: Mandibuzz|Rocky Helmet|[from] move: Knock Off|[of] p2a: Scizor
|
|turn|8
|
|switch|p2a: Rotom-Wash|Rotom-Wash|252\/303
|-damage|p2a: Rotom-Wash|215\/303|[from] Stealth Rock
|move|p1a: Mandibuzz|Foul Play|p2a: Rotom-Wash
|-damage|p2a: Rotom-Wash|166\/303
|
|-heal|p2a: Rotom-Wash|184\/303|[from] item: Leftovers
|turn|9
|
|switch|p1a: Amoonguss|Amoonguss, M|432\/432
|move|p2a: Rotom-Wash|Pain Split|p1a: Amoonguss
|-sethp|p1a: Amoonguss|308\/432|p2a: Rotom-Wash|303\/303|[from] move: Pain Split
|
|-heal|p1a: Amoonguss|335\/432|[from] item: Black Sludge
|turn|10
|
|move|p2a: Rotom-Wash|Volt Switch|p1a: Amoonguss
|-resisted|p1a: Amoonguss
|-damage|p1a: Amoonguss|281\/432
|
|switch|p2a: Scizor|Scizor-Mega, M|286\/343 par
|-damage|p2a: Scizor|244\/343 par|[from] Stealth Rock
|move|p1a: Amoonguss|Spore|p2a: Scizor
|-fail|p2a: Scizor
|
|-heal|p1a: Amoonguss|308\/432|[from] item: Black Sludge
|turn|11
|
|move|p1a: Amoonguss|Spore|p2a: Scizor
|-fail|p2a: Scizor
|cant|p2a: Scizor|par
|
|-heal|p1a: Amoonguss|335\/432|[from] item: Black Sludge
|turn|12
|
|move|p1a: Amoonguss|Hidden Power|p2a: Scizor
|-supereffective|p2a: Scizor
|-damage|p2a: Scizor|100\/343 par
|move|p2a: Scizor|Knock Off|p1a: Amoonguss
|-damage|p1a: Amoonguss|234\/432
|-enditem|p1a: Amoonguss|Black Sludge|[from] move: Knock Off|[of] p2a: Scizor
|
|turn|13
|
|move|p1a: Amoonguss|Hidden Power|p2a: Scizor
|-supereffective|p2a: Scizor
|-damage|p2a: Scizor|0 fnt
|faint|p2a: Scizor
|
|
|switch|p2a: Landorus|Landorus, M|319\/319
|-damage|p2a: Landorus|280\/319|[from] Stealth Rock
|turn|14
|
|switch|p1a: Chansey|Chansey, F|703\/703
|move|p2a: Landorus|Sludge Wave|p1a: Chansey
|-damage|p1a: Chansey|533\/703
|
|turn|15
|
|move|p2a: Landorus|Focus Blast|p1a: Chansey|[miss]
|-miss|p2a: Landorus|p1a: Chansey
|move|p1a: Chansey|Seismic Toss|p2a: Landorus
|-damage|p2a: Landorus|180\/319
|
|turn|16
|
|move|p2a: Landorus|Focus Blast|p1a: Chansey
|-supereffective|p1a: Chansey
|-damage|p1a: Chansey|148\/703
|move|p1a: Chansey|Seismic Toss|p2a: Landorus
|-damage|p2a: Landorus|80\/319
|
|turn|17
|
|move|p2a: Landorus|Earth Power|p1a: Chansey
|-crit|p1a: Chansey
|-damage|p1a: Chansey|0 fnt
|faint|p1a: Chansey
|
|
|switch|p1a: Keldeo|Keldeo|323\/323
|turn|18
|
|switch|p2a: Latios|Latios, M|301\/301
|-damage|p2a: Latios|264\/301|[from] Stealth Rock
|move|p1a: Keldeo|Scald|p2a: Latios
|-resisted|p2a: Latios
|-damage|p2a: Latios|193\/301
|-status|p2a: Latios|brn
|
|-damage|p2a: Latios|156\/301 brn|[from] brn
|turn|19
|
|switch|p1a: Gardevoir|Gardevoir, M|277\/277
|-ability|p1a: Gardevoir|Levitate|[from] ability: Trace|[of] p2a: Latios
|move|p2a: Latios|Defog|p1a: Gardevoir
|-unboost|p1a: Gardevoir|evasion|1
|-sideend|p2: simpleharmonic|Stealth Rock|[from] move: Defog|[of] p2a: Latios
|
|-damage|p2a: Latios|119\/301 brn|[from] brn
|turn|20
|
|switch|p2a: Heatran|Heatran, F|385\/385
|move|p1a: Gardevoir|Focus Blast|p2a: Heatran|[miss]
|-miss|p1a: Gardevoir|p2a: Heatran
|
|turn|21
|
|switch|p1a: Landorus-Therian|Landorus-Therian, M|318\/382
|-ability|p1a: Landorus-Therian|Intimidate|[of] p2a: Heatran
|-unboost|p2a: Heatran|atk|1
|move|p2a: Heatran|Stealth Rock|p1a: Landorus-Therian
|-sidestart|p1: lil manaphy|move: Stealth Rock
|
|turn|22
|
|move|p1a: Landorus-Therian|Stealth Rock|p2a: Heatran
|-sidestart|p2: simpleharmonic|move: Stealth Rock
|move|p2a: Heatran|Lava Plume|p1a: Landorus-Therian
|-damage|p1a: Landorus-Therian|164\/382
|
|turn|23
|
|switch|p2a: Rotom-Wash|Rotom-Wash|303\/303
|-damage|p2a: Rotom-Wash|266\/303|[from] Stealth Rock
|move|p1a: Landorus-Therian|Earthquake|p2a: Rotom-Wash
|-immune|p2a: Rotom-Wash|[msg]
|
|-heal|p2a: Rotom-Wash|284\/303|[from] item: Leftovers
|turn|24
|
|move|p1a: Landorus-Therian|U-turn|p2a: Rotom-Wash
|-damage|p2a: Rotom-Wash|225\/303
|
|switch|p1a: Amoonguss|Amoonguss, M|378\/432
|-damage|p1a: Amoonguss|324\/432|[from] Stealth Rock
|move|p2a: Rotom-Wash|Volt Switch|p1a: Amoonguss
|-resisted|p1a: Amoonguss
|-damage|p1a: Amoonguss|269\/432
|
|switch|p2a: Latios|Latios, M|119\/301 brn
|-damage|p2a: Latios|82\/301 brn|[from] Stealth Rock
|
|-damage|p2a: Latios|45\/301 brn|[from] brn
|turn|25
|
|switch|p1a: Gardevoir|Gardevoir, M|277\/277
|-damage|p1a: Gardevoir|243\/277|[from] Stealth Rock
|-ability|p1a: Gardevoir|Levitate|[from] ability: Trace|[of] p2a: Latios
|move|p2a: Latios|Draco Meteor|p1a: Gardevoir
|-immune|p1a: Gardevoir|[msg]
|
|-damage|p2a: Latios|8\/301 brn|[from] brn
|turn|26
|
|move|p2a: Latios|Defog|p1a: Gardevoir
|-unboost|p1a: Gardevoir|evasion|1
|-sideend|p1: lil manaphy|Stealth Rock|[from] move: Defog|[of] p1a: Gardevoir
|-sideend|p2: simpleharmonic|Stealth Rock|[from] move: Defog|[of] p2a: Latios
|move|p1a: Gardevoir|Taunt|p2a: Latios
|-start|p2a: Latios|move: Taunt
|
|-damage|p2a: Latios|0 fnt|[from] brn
|faint|p2a: Latios
|
|switch|p2a: Landorus|Landorus, M|80\/319
|turn|27
|
|detailschange|p1a: Gardevoir|Gardevoir-Mega, M
|-mega|p1a: Gardevoir|Gardevoir|Gardevoirite
|move|p2a: Landorus|Sludge Wave|p1a: Gardevoir
|-supereffective|p1a: Gardevoir
|-damage|p1a: Gardevoir|0 fnt
|faint|p1a: Gardevoir
|
|
|switch|p1a: Keldeo|Keldeo|323\/323
|turn|28
|
|move|p1a: Keldeo|Scald|p2a: Landorus
|-supereffective|p2a: Landorus
|-damage|p2a: Landorus|0 fnt
|faint|p2a: Landorus
|
|
|switch|p2a: Heracross|Heracross, F|309\/309
|turn|29
|
|switch|p1a: Landorus-Therian|Landorus-Therian, M|164\/382
|-ability|p1a: Landorus-Therian|Intimidate|[of] p2a: Heracross
|-unboost|p2a: Heracross|atk|1
|move|p2a: Heracross|Megahorn|p1a: Landorus-Therian
|-resisted|p1a: Landorus-Therian
|-damage|p1a: Landorus-Therian|86\/382
|
|turn|30
|
|move|p2a: Heracross|Megahorn|p1a: Landorus-Therian
|-resisted|p1a: Landorus-Therian
|-damage|p1a: Landorus-Therian|8\/382
|move|p1a: Landorus-Therian|Stealth Rock|p2a: Heracross
|-sidestart|p2: simpleharmonic|move: Stealth Rock
|
|turn|31
|
|switch|p1a: Mandibuzz|Mandibuzz, F|359\/423
|move|p2a: Heracross|Megahorn|p1a: Mandibuzz
|-damage|p1a: Mandibuzz|218\/423
|
|turn|32
|-message|simpleharmonic forfeited.
|
|win|lil manaphy
|raw|Ladder updating...
|leave|simpleharmonic
|player|p2
|raw|lil manaphy's rating: 1734 &rarr; <strong>1746<\/strong><br \/>(+12 for winning)
|raw|simpleharmonic's rating: 1581 &rarr; <strong>1569<\/strong><br \/>(-12 for losing)