|join|smurferino333
|join|lil manaphy
|player|p1|smurferino333|290
|player|p2|lil manaphy|9
|gametype|singles
|gen|6
|tier|OU
|rated
|clearpoke
|poke|p1|Landorus-Therian, M
|poke|p1|Excadrill, F
|poke|p1|Rotom-Wash
|poke|p1|Charizard, F
|poke|p1|Dragonite, M
|poke|p1|Hippowdon, F
|poke|p2|Gardevoir, M
|poke|p2|Keldeo
|poke|p2|Amoonguss, F
|poke|p2|Chansey, F
|poke|p2|Mandibuzz, F
|poke|p2|Landorus-Therian, M
|rule|Swagger Clause: Swagger is banned
|rule|Baton Pass Clause: Limit one PokÃ©mon knowing Baton Pass
|rule|Sleep Clause Mod: Limit one foe put to sleep
|rule|Species Clause: Limit one of each PokÃ©mon
|rule|OHKO Clause: OHKO moves are banned
|rule|Moody Clause: Moody is banned
|rule|Evasion Moves Clause: Evasion moves are banned
|rule|Endless Battle Clause: Forcing endless battles is banned
|rule|HP Percentage Mod: HP is shown in percentages
|teampreview
|
|start
|switch|p1a: Rotom-Wash|Rotom-Wash|303\/303
|switch|p2a: Keldeo|Keldeo|323\/323
|turn|1
|
|switch|p2a: Amoonguss|Amoonguss, F|432\/432
|move|p1a: Rotom-Wash|Volt Switch|p2a: Amoonguss
|-resisted|p2a: Amoonguss
|-damage|p2a: Amoonguss|363\/432
|
|switch|p1a: Hippowdon|Hippowdon, F|420\/420
|-weather|Sandstorm
|
|-weather|Sandstorm|[upkeep]
|-damage|p2a: Amoonguss|336\/432|[from] sandstorm
|-heal|p2a: Amoonguss|363\/432|[from] item: Black Sludge
|turn|2
|
|switch|p2a: Landorus-Therian|Landorus-Therian, M|382\/382
|-ability|p2a: Landorus-Therian|Intimidate|[of] p1a: Hippowdon
|-unboost|p1a: Hippowdon|atk|1
|move|p1a: Hippowdon|Stealth Rock|p2a: Landorus-Therian
|-sidestart|p2: lil manaphy|move: Stealth Rock
|
|-weather|Sandstorm|[upkeep]
|turn|3
|join|haunter
|c|âsmurferino333|i have a question
|
|move|p2a: Landorus-Therian|Stealth Rock|p1a: Hippowdon
|-sidestart|p1: smurferino333|move: Stealth Rock
|move|p1a: Hippowdon|Toxic|p2a: Landorus-Therian
|-status|p2a: Landorus-Therian|tox
|
|-weather|Sandstorm|[upkeep]
|-damage|p2a: Landorus-Therian|359\/382 tox|[from] psn
|turn|4
|c|âsmurferino333|has assault vest ammoonguss ever been a thing
|c|âsmurferino333|i mean you can't use spore with it
|c|âsmurferino333|but a friend claims it's good
|join|cosine180
|
|move|p2a: Landorus-Therian|U-turn|p1a: Hippowdon
|-damage|p1a: Hippowdon|374\/420
|
|switch|p2a: Amoonguss|Amoonguss, F|432\/432
|-damage|p2a: Amoonguss|378\/432|[from] Stealth Rock
|move|p1a: Hippowdon|Toxic|p2a: Amoonguss
|-fail|p2a: Amoonguss
|
|-weather|Sandstorm|[upkeep]
|-damage|p2a: Amoonguss|351\/432|[from] sandstorm
|-heal|p1a: Hippowdon|400\/420|[from] item: Leftovers
|-heal|p2a: Amoonguss|378\/432|[from] item: Black Sludge
|turn|5
|
|move|p1a: Hippowdon|Earthquake|p2a: Amoonguss
|-damage|p2a: Amoonguss|294\/432
|move|p2a: Amoonguss|Spore|p1a: Hippowdon
|-status|p1a: Hippowdon|slp
|
|-weather|none
|-heal|p1a: Hippowdon|420\/420 slp|[from] item: Leftovers
|-heal|p2a: Amoonguss|321\/432|[from] item: Black Sludge
|turn|6
|
|switch|p1a: Excadrill|Excadrill, F|361\/361
|-damage|p1a: Excadrill|350\/361|[from] Stealth Rock
|switch|p2a: Keldeo|Keldeo|323\/323
|-damage|p2a: Keldeo|303\/323|[from] Stealth Rock
|
|-heal|p2a: Keldeo|323\/323|[from] item: Leftovers
|turn|7
|join|L0NE
|
|move|p2a: Keldeo|Secret Sword|p1a: Excadrill
|-supereffective|p1a: Excadrill
|-damage|p1a: Excadrill|0 fnt
|faint|p1a: Excadrill
|
|c|âsmurferino333|wtf
|c|âsmurferino333|i pressed cancel button
|c|âsmurferino333|dodgy piece of shit
|
|switch|p1a: Rotom-Wash|Rotom-Wash|303\/303
|-damage|p1a: Rotom-Wash|266\/303|[from] Stealth Rock
|turn|8
|
|move|p2a: Keldeo|Substitute|p2a: Keldeo
|-start|p2a: Keldeo|Substitute
|-damage|p2a: Keldeo|243\/323
|move|p1a: Rotom-Wash|Volt Switch|p2a: Keldeo
|-supereffective|p2a: Keldeo
|-end|p2a: Keldeo|Substitute
|join|gizmo
|
|switch|p1a: Dragonite|Dragonite, M|323\/323
|-damage|p1a: Dragonite|243\/323|[from] Stealth Rock
|
|-heal|p2a: Keldeo|263\/323|[from] item: Leftovers
|turn|9
|
|switch|p2a: Landorus-Therian|Landorus-Therian, M|359\/382 tox
|-damage|p2a: Landorus-Therian|312\/382 tox|[from] Stealth Rock
|-ability|p2a: Landorus-Therian|Intimidate|[of] p1a: Dragonite
|-unboost|p1a: Dragonite|atk|1
|move|p1a: Dragonite|Dragon Dance|p1a: Dragonite
|-boost|p1a: Dragonite|atk|1
|-boost|p1a: Dragonite|spe|1
|
|-heal|p2a: Landorus-Therian|335\/382 tox|[from] item: Leftovers
|-damage|p2a: Landorus-Therian|312\/382 tox|[from] psn
|turn|10
|
|move|p1a: Dragonite|Dragon Dance|p1a: Dragonite
|-boost|p1a: Dragonite|atk|1
|-boost|p1a: Dragonite|spe|1
|move|p2a: Landorus-Therian|U-turn|p1a: Dragonite
|-resisted|p1a: Dragonite
|-damage|p1a: Dragonite|204\/323
|
|switch|p2a: Mandibuzz|Mandibuzz, F|423\/423
|-damage|p2a: Mandibuzz|318\/423|[from] Stealth Rock
|
|turn|11
|
|move|p1a: Dragonite|Dragon Claw|p2a: Mandibuzz
|-damage|p2a: Mandibuzz|159\/423
|-damage|p1a: Dragonite|151\/323|[from] item: Rocky Helmet|[of] p2a: Mandibuzz
|move|p2a: Mandibuzz|Foul Play|p1a: Dragonite
|-damage|p1a: Dragonite|0 fnt
|faint|p1a: Dragonite
|
|
|switch|p1a: Rotom-Wash|Rotom-Wash|266\/303
|-damage|p1a: Rotom-Wash|229\/303|[from] Stealth Rock
|turn|12
|
|move|p1a: Rotom-Wash|Volt Switch|p2a: Mandibuzz
|-supereffective|p2a: Mandibuzz
|-damage|p2a: Mandibuzz|0 fnt
|faint|p2a: Mandibuzz
|
|switch|p1a: Landorus-Therian|Landorus-Therian, M|319\/319
|-damage|p1a: Landorus-Therian|280\/319|[from] Stealth Rock
|
|
|switch|p2a: Landorus-Therian|Landorus-Therian, M|312\/382 tox
|-damage|p2a: Landorus-Therian|265\/382 tox|[from] Stealth Rock
|-ability|p2a: Landorus-Therian|Intimidate|[of] p1a: Landorus-Therian
|-unboost|p1a: Landorus-Therian|atk|1
|turn|13
|
|move|p1a: Landorus-Therian|U-turn|p2a: Landorus-Therian
|-resisted|p2a: Landorus-Therian
|-damage|p2a: Landorus-Therian|242\/382 tox
|
|switch|p1a: Rotom-Wash|Rotom-Wash|229\/303
|-damage|p1a: Rotom-Wash|192\/303|[from] Stealth Rock
|move|p2a: Landorus-Therian|U-turn|p1a: Rotom-Wash
|-damage|p1a: Rotom-Wash|122\/303
|
|switch|p2a: Gardevoir|Gardevoir, M|277\/277
|-damage|p2a: Gardevoir|243\/277|[from] Stealth Rock
|-ability|p2a: Gardevoir|Levitate|[from] ability: Trace|[of] p1a: Rotom-Wash
|
|-heal|p1a: Rotom-Wash|140\/303|[from] item: Leftovers
|turn|14
|
|detailschange|p2a: Gardevoir|Gardevoir-Mega, M
|-mega|p2a: Gardevoir|Gardevoir|Gardevoirite
|move|p2a: Gardevoir|Hyper Voice|p1a: Rotom-Wash
|-damage|p1a: Rotom-Wash|0 fnt
|faint|p1a: Rotom-Wash
|
|
|switch|p1a: Landorus-Therian|Landorus-Therian, M|280\/319
|-damage|p1a: Landorus-Therian|241\/319|[from] Stealth Rock
|-ability|p1a: Landorus-Therian|Intimidate|[of] p2a: Gardevoir
|-unboost|p2a: Gardevoir|atk|1
|turn|15
|
|switch|p2a: Landorus-Therian|Landorus-Therian, M|242\/382 tox
|-damage|p2a: Landorus-Therian|195\/382 tox|[from] Stealth Rock
|-ability|p2a: Landorus-Therian|Intimidate|[of] p1a: Landorus-Therian
|-unboost|p1a: Landorus-Therian|atk|1
|move|p1a: Landorus-Therian|Earthquake|p2a: Landorus-Therian
|-immune|p2a: Landorus-Therian|[msg]
|
|-heal|p2a: Landorus-Therian|218\/382 tox|[from] item: Leftovers
|-damage|p2a: Landorus-Therian|195\/382 tox|[from] psn
|turn|16
|
|move|p1a: Landorus-Therian|Earthquake|p2a: Landorus-Therian
|-immune|p2a: Landorus-Therian|[msg]
|move|p2a: Landorus-Therian|U-turn|p1a: Landorus-Therian
|-resisted|p1a: Landorus-Therian
|-damage|p1a: Landorus-Therian|201\/319
|c|âsmurferino333|i fucking pressed cancel again
|c|âsmurferino333|wtf
|
|switch|p2a: Keldeo|Keldeo|263\/323
|-damage|p2a: Keldeo|243\/323|[from] Stealth Rock
|
|-heal|p2a: Keldeo|263\/323|[from] item: Leftovers
|turn|17
|
|move|p1a: Landorus-Therian|Earthquake|p2a: Keldeo
|-damage|p2a: Keldeo|119\/323
|move|p2a: Keldeo|Scald|p1a: Landorus-Therian
|-supereffective|p1a: Landorus-Therian
|-damage|p1a: Landorus-Therian|0 fnt
|faint|p1a: Landorus-Therian
|
|-heal|p2a: Keldeo|139\/323|[from] item: Leftovers
|
|switch|p1a: Hippowdon|Hippowdon, F|420\/420 slp
|-damage|p1a: Hippowdon|394\/420 slp|[from] Stealth Rock
|-weather|Sandstorm
|turn|18
|
|move|p2a: Keldeo|Calm Mind|p2a: Keldeo
|-boost|p2a: Keldeo|spa|1
|-boost|p2a: Keldeo|spd|1
|cant|p1a: Hippowdon|slp
|
|-weather|Sandstorm|[upkeep]
|-damage|p2a: Keldeo|119\/323|[from] sandstorm
|-heal|p2a: Keldeo|139\/323|[from] item: Leftovers
|-heal|p1a: Hippowdon|420\/420 slp|[from] item: Leftovers
|turn|19
|
|move|p2a: Keldeo|Scald|p1a: Hippowdon
|-supereffective|p1a: Hippowdon
|-damage|p1a: Hippowdon|0 fnt
|faint|p1a: Hippowdon
|
|-weather|Sandstorm|[upkeep]
|-damage|p2a: Keldeo|119\/323|[from] sandstorm
|-heal|p2a: Keldeo|139\/323|[from] item: Leftovers
|c|âlil manaphy|gg
|
|switch|p1a: Charizard|Charizard, F|297\/297
|-damage|p1a: Charizard|149\/297|[from] Stealth Rock
|turn|20
|
|detailschange|p1a: Charizard|Charizard-Mega-X, F
|-mega|p1a: Charizard|Charizard|Charizardite X
|move|p2a: Keldeo|Scald|p1a: Charizard
|-damage|p1a: Charizard|0 fnt
|faint|p1a: Charizard
|
|win|lil manaphy
|raw|Ladder updating...
|raw|smurferino333's rating: 1586 &rarr; <strong>1572<\/strong><br \/>(-14 for losing)
|raw|lil manaphy's rating: 1694 &rarr; <strong>1708<\/strong><br \/>(+14 for winning)
|c|âsmurferino333|gg