|join|lil manaphy
|join|EnDoubleU
|player|p1|lil manaphy|9
|player|p2|EnDoubleU|167
|gametype|singles
|gen|6
|tier|OU
|rated
|clearpoke
|poke|p1|Gardevoir, M
|poke|p1|Keldeo
|poke|p1|Amoonguss, M
|poke|p1|Chansey, F
|poke|p1|Mandibuzz, F
|poke|p1|Landorus-Therian, M
|poke|p2|Emboar, M
|poke|p2|Dragonite, M
|poke|p2|Charizard, F
|poke|p2|Bisharp, F
|poke|p2|Zapdos, shiny
|poke|p2|Landorus-Therian, M
|rule|Swagger Clause: Swagger is banned
|rule|Baton Pass Clause: Limit one PokÃ©mon knowing Baton Pass
|rule|Sleep Clause Mod: Limit one foe put to sleep
|rule|Species Clause: Limit one of each PokÃ©mon
|rule|OHKO Clause: OHKO moves are banned
|rule|Moody Clause: Moody is banned
|rule|Evasion Moves Clause: Evasion moves are banned
|rule|Endless Battle Clause: Forcing endless battles is banned
|rule|HP Percentage Mod: HP is shown in percentages
|teampreview
|
|start
|switch|p1a: Landorus-Therian|Landorus-Therian, M|382\/382
|switch|p2a: Charizard|Charizard, F|298\/298
|-ability|p1a: Landorus-Therian|Intimidate|[of] p2a: Charizard
|-unboost|p2a: Charizard|atk|1
|turn|1
|
|switch|p2a: Landorus-Therian|Landorus-Therian, M|382\/382
|-ability|p2a: Landorus-Therian|Intimidate|[of] p1a: Landorus-Therian
|-unboost|p1a: Landorus-Therian|atk|1
|move|p1a: Landorus-Therian|Stealth Rock|p2a: Landorus-Therian
|-sidestart|p2: EnDoubleU|move: Stealth Rock
|
|turn|2
|
|move|p1a: Landorus-Therian|U-turn|p2a: Landorus-Therian
|-resisted|p2a: Landorus-Therian
|-damage|p2a: Landorus-Therian|357\/382
|
|switch|p1a: Keldeo|Keldeo|323\/323
|move|p2a: Landorus-Therian|Stealth Rock|p1a: Keldeo
|-sidestart|p1: lil manaphy|move: Stealth Rock
|
|-heal|p2a: Landorus-Therian|380\/382|[from] item: Leftovers
|turn|3
|
|switch|p2a: Dragonite|Dragonite, M|338\/338
|-damage|p2a: Dragonite|254\/338|[from] Stealth Rock
|move|p1a: Keldeo|Scald|p2a: Dragonite
|-resisted|p2a: Dragonite
|-damage|p2a: Dragonite|185\/338
|-status|p2a: Dragonite|brn
|
|-damage|p2a: Dragonite|143\/338 brn|[from] brn
|turn|4
|
|move|p2a: Dragonite|Extreme Speed|p1a: Keldeo
|-damage|p1a: Keldeo|242\/323
|move|p1a: Keldeo|Substitute|p1a: Keldeo
|-start|p1a: Keldeo|Substitute
|-damage|p1a: Keldeo|162\/323
|
|-heal|p1a: Keldeo|182\/323|[from] item: Leftovers
|-damage|p2a: Dragonite|101\/338 brn|[from] brn
|turn|5
|
|move|p2a: Dragonite|Extreme Speed|p1a: Keldeo
|-end|p1a: Keldeo|Substitute
|move|p1a: Keldeo|Secret Sword|p2a: Dragonite
|-resisted|p2a: Dragonite
|-damage|p2a: Dragonite|20\/338 brn
|
|-heal|p1a: Keldeo|202\/323|[from] item: Leftovers
|-damage|p2a: Dragonite|0 fnt|[from] brn
|faint|p2a: Dragonite
|
|switch|p2a: Zapdos|Zapdos, shiny|383\/383
|-damage|p2a: Zapdos|288\/383|[from] Stealth Rock
|-ability|p2a: Zapdos|Pressure
|turn|6
|
|switch|p1a: Gardevoir|Gardevoir, M|277\/277
|-damage|p1a: Gardevoir|243\/277|[from] Stealth Rock
|-ability|p1a: Gardevoir|Pressure|[from] ability: Trace|[of] p2a: Zapdos
|-ability|p1a: Gardevoir|Pressure
|move|p2a: Zapdos|Defog|p1a: Gardevoir
|-unboost|p1a: Gardevoir|evasion|1
|-sideend|p1: lil manaphy|Stealth Rock|[from] move: Defog|[of] p1a: Gardevoir
|-sideend|p2: EnDoubleU|Stealth Rock|[from] move: Defog|[of] p2a: Zapdos
|
|-heal|p2a: Zapdos|311\/383|[from] item: Leftovers
|turn|7
|
|detailschange|p1a: Gardevoir|Gardevoir-Mega, M
|-mega|p1a: Gardevoir|Gardevoir|Gardevoirite
|move|p1a: Gardevoir|Hyper Voice|p2a: Zapdos
|-damage|p2a: Zapdos|58\/383
|move|p2a: Zapdos|U-turn|p1a: Gardevoir
|-damage|p1a: Gardevoir|183\/277
|
|switch|p2a: Charizard|Charizard, F|298\/298
|
|turn|8
|
|switch|p1a: Landorus-Therian|Landorus-Therian, M|382\/382
|-ability|p1a: Landorus-Therian|Intimidate|[of] p2a: Charizard
|-unboost|p2a: Charizard|atk|1
|detailschange|p2a: Charizard|Charizard-Mega-Y, F
|-mega|p2a: Charizard|Charizard|Charizardite Y
|-weather|SunnyDay
|move|p2a: Charizard|Fire Blast|p1a: Landorus-Therian
|-damage|p1a: Landorus-Therian|0 fnt
|faint|p1a: Landorus-Therian
|
|-weather|SunnyDay|[upkeep]
|
|switch|p1a: Chansey|Chansey, F|703\/703
|turn|9
|
|switch|p2a: Emboar|Emboar, M|362\/362
|move|p1a: Chansey|Seismic Toss|p2a: Emboar
|-damage|p2a: Emboar|262\/362
|
|-weather|SunnyDay|[upkeep]
|turn|10
|
|switch|p1a: Mandibuzz|Mandibuzz, F|423\/423
|move|p2a: Emboar|Flare Blitz|p1a: Mandibuzz
|-damage|p1a: Mandibuzz|47\/423
|-damage|p2a: Emboar|202\/362|[from] item: Rocky Helmet|[of] p1a: Mandibuzz
|-damage|p2a: Emboar|78\/362|[from] recoil|[of] p1a: Mandibuzz
|-damage|p2a: Emboar|42\/362|[from] item: Life Orb
|
|-weather|SunnyDay|[upkeep]
|turn|11
|
|move|p2a: Emboar|Flare Blitz|p1a: Mandibuzz
|-damage|p1a: Mandibuzz|0 fnt
|-damage|p2a: Emboar|0 fnt|[from] item: Rocky Helmet|[of] p1a: Mandibuzz
|faint|p2a: Emboar
|faint|p1a: Mandibuzz
|
|-weather|SunnyDay|[upkeep]
|
|switch|p2a: Charizard|Charizard-Mega-Y, F|298\/298
|switch|p1a: Gardevoir|Gardevoir-Mega, M|183\/277
|turn|12
|
|switch|p1a: Chansey|Chansey, F|703\/703
|move|p2a: Charizard|Fire Blast|p1a: Chansey
|-damage|p1a: Chansey|496\/703
|
|-weather|none
|turn|13
|
|switch|p2a: Bisharp|Bisharp, F|333\/333
|move|p1a: Chansey|Soft-Boiled|p1a: Chansey
|-heal|p1a: Chansey|703\/703
|
|turn|14
|
|switch|p1a: Amoonguss|Amoonguss, M|432\/432
|move|p2a: Bisharp|Knock Off|p1a: Amoonguss
|-damage|p1a: Amoonguss|267\/432
|-enditem|p1a: Amoonguss|Black Sludge|[from] move: Knock Off|[of] p2a: Bisharp
|
|turn|15
|
|switch|p2a: Landorus-Therian|Landorus-Therian, M|380\/382
|-ability|p2a: Landorus-Therian|Intimidate|[of] p1a: Amoonguss
|-unboost|p1a: Amoonguss|atk|1
|move|p1a: Amoonguss|Spore|p2a: Landorus-Therian
|-status|p2a: Landorus-Therian|slp
|
|-heal|p2a: Landorus-Therian|382\/382 slp|[from] item: Leftovers
|turn|16
|
|switch|p2a: Charizard|Charizard-Mega-Y, F|298\/298
|-weather|SunnyDay
|switch|p1a: Gardevoir|Gardevoir-Mega, M|183\/277
|
|-weather|SunnyDay|[upkeep]
|turn|17
|
|switch|p1a: Chansey|Chansey, F|703\/703
|switch|p2a: Bisharp|Bisharp, F|333\/333
|
|-weather|SunnyDay|[upkeep]
|turn|18
|
|move|p2a: Bisharp|Pursuit|p1a: Chansey|[from]Pursuit
|-damage|p1a: Chansey|508\/703
|switch|p1a: Amoonguss|Amoonguss, M|411\/432
|
|-weather|SunnyDay|[upkeep]
|turn|19
|
|switch|p2a: Landorus-Therian|Landorus-Therian, M|382\/382 slp
|-ability|p2a: Landorus-Therian|Intimidate|[of] p1a: Amoonguss
|-unboost|p1a: Amoonguss|atk|1
|move|p1a: Amoonguss|Hidden Power|p2a: Landorus-Therian
|-damage|p2a: Landorus-Therian|316\/382 slp
|
|-weather|SunnyDay|[upkeep]
|-heal|p2a: Landorus-Therian|339\/382 slp|[from] item: Leftovers
|turn|20
|
|switch|p1a: Gardevoir|Gardevoir-Mega, M|183\/277
|cant|p2a: Landorus-Therian|slp
|
|-weather|none
|-heal|p2a: Landorus-Therian|362\/382 slp|[from] item: Leftovers
|turn|21
|
|switch|p2a: Zapdos|Zapdos, shiny|58\/383
|-ability|p2a: Zapdos|Pressure
|move|p1a: Gardevoir|Hyper Voice|p2a: Zapdos
|-damage|p2a: Zapdos|0 fnt
|faint|p2a: Zapdos
|
|
|switch|p2a: Charizard|Charizard-Mega-Y, F|298\/298
|-weather|SunnyDay
|turn|22
|
|switch|p2a: Bisharp|Bisharp, F|333\/333
|switch|p1a: Chansey|Chansey, F|508\/703
|
|-weather|SunnyDay|[upkeep]
|turn|23
|
|move|p2a: Bisharp|Pursuit|p1a: Chansey|[from]Pursuit
|-damage|p1a: Chansey|306\/703
|switch|p1a: Amoonguss|Amoonguss, M|432\/432
|
|-weather|SunnyDay|[upkeep]
|turn|24
|
|switch|p2a: Landorus-Therian|Landorus-Therian, M|362\/382 slp
|-ability|p2a: Landorus-Therian|Intimidate|[of] p1a: Amoonguss
|-unboost|p1a: Amoonguss|atk|1
|switch|p1a: Keldeo|Keldeo|202\/323
|
|-weather|SunnyDay|[upkeep]
|-heal|p1a: Keldeo|222\/323|[from] item: Leftovers
|-heal|p2a: Landorus-Therian|382\/382 slp|[from] item: Leftovers
|turn|25
|
|move|p1a: Keldeo|Scald|p2a: Landorus-Therian
|-supereffective|p2a: Landorus-Therian
|-damage|p2a: Landorus-Therian|224\/382 slp
|cant|p2a: Landorus-Therian|slp
|
|-weather|SunnyDay|[upkeep]
|-heal|p1a: Keldeo|242\/323|[from] item: Leftovers
|-heal|p2a: Landorus-Therian|247\/382 slp|[from] item: Leftovers
|turn|26
|
|move|p1a: Keldeo|Substitute|p1a: Keldeo
|-start|p1a: Keldeo|Substitute
|-damage|p1a: Keldeo|162\/323
|-curestatus|p2a: Landorus-Therian|slp
|move|p2a: Landorus-Therian|U-turn|p1a: Keldeo
|-resisted|p1a: Keldeo
|-activate|p1a: Keldeo|Substitute|[damage]
|
|switch|p2a: Charizard|Charizard-Mega-Y, F|298\/298
|
|-weather|none
|-heal|p1a: Keldeo|182\/323|[from] item: Leftovers
|turn|27
|-message|EnDoubleU forfeited.
|
|win|lil manaphy
|raw|Ladder updating...
|leave|EnDoubleU
|player|p2
|raw|lil manaphy's rating: 1719 &rarr; <strong>1737<\/strong><br \/>(+18 for winning)
|raw|EnDoubleU's rating: 1685 &rarr; <strong>1667<\/strong><br \/>(-18 for losing)