|join|taposek
|join|Biellb
|player|p1|taposek|52
|player|p2|Biellb|1
|gametype|singles
|gen|6
|tier|OU
|rated
|clearpoke
|poke|p1|Gengar, F
|poke|p1|Arcanine, M
|poke|p1|Togekiss, M
|poke|p1|Raikou
|poke|p1|Greninja, M
|poke|p1|Lucario, M
|poke|p2|Smeargle, M, shiny
|poke|p2|Scolipede, M, shiny
|poke|p2|Sylveon, F
|poke|p2|Espeon, M
|poke|p2|Vaporeon, F
|poke|p2|Zapdos, shiny
|rule|Sleep Clause Mod: Limit one foe put to sleep
|rule|Species Clause: Limit one of each Pokemon
|rule|OHKO Clause: OHKO moves are banned
|rule|Moody Clause: Moody is banned
|rule|Evasion Moves Clause: Evasion moves are banned
|rule|Endless Battle Clause: Forcing endless battles is banned.
|rule|HP Percentage Mod: HP is reported as percentages
|teampreview
|
|start
|switch|p1a: Gengar|Gengar, F|262\/262
|switch|p2a: Scolipede|Scolipede, M, shiny|321\/321
|turn|1
|
|move|p2a: Scolipede|Protect|p2a: Scolipede
|-singleturn|p2a: Scolipede|Protect
|move|p1a: Gengar|Shadow Ball|p2a: Scolipede
|-activate|p2a: Scolipede|Protect
|
|-boost|p2a: Scolipede|spe|1|[from] ability: Speed Boost
|turn|2
|
|move|p2a: Scolipede|Substitute|p2a: Scolipede
|-start|p2a: Scolipede|Substitute
|-damage|p2a: Scolipede|241\/321
|move|p1a: Gengar|Hypnosis|p2a: Scolipede
|
|-boost|p2a: Scolipede|spe|1|[from] ability: Speed Boost
|turn|3
|
|move|p2a: Scolipede|Protect|p2a: Scolipede
|-singleturn|p2a: Scolipede|Protect
|move|p1a: Gengar|Focus Blast|p2a: Scolipede
|-activate|p2a: Scolipede|Protect
|
|-boost|p2a: Scolipede|spe|1|[from] ability: Speed Boost
|turn|4
|
|move|p2a: Scolipede|Baton Pass|p2a: Scolipede
|
|switch|p2a: Espeon|Espeon, M|334\/334
|move|p1a: Gengar|Shadow Ball|p2a: Espeon
|-supereffective|p2a: Espeon
|-end|p2a: Espeon|Substitute
|
|turn|5
|
|move|p2a: Espeon|Baton Pass|p2a: Espeon
|
|switch|p2a: Sylveon|Sylveon, F|385\/385
|move|p1a: Gengar|Shadow Ball|p2a: Sylveon
|-damage|p2a: Sylveon|288\/385
|
|-heal|p2a: Sylveon|312\/385|[from] item: Leftovers
|turn|6
|
|move|p2a: Sylveon|Calm Mind|p2a: Sylveon
|-boost|p2a: Sylveon|spa|1
|-boost|p2a: Sylveon|spd|1
|move|p1a: Gengar|Shadow Ball|p2a: Sylveon
|-damage|p2a: Sylveon|242\/385
|
|-heal|p2a: Sylveon|266\/385|[from] item: Leftovers
|turn|7
|
|move|p2a: Sylveon|Calm Mind|p2a: Sylveon
|-boost|p2a: Sylveon|spa|1
|-boost|p2a: Sylveon|spd|1
|move|p1a: Gengar|Hypnosis|p2a: Sylveon|[miss]
|-miss|p1a: Gengar|p2a: Sylveon
|
|-heal|p2a: Sylveon|290\/385|[from] item: Leftovers
|turn|8
|
|move|p2a: Sylveon|Stored Power|p1a: Gengar
|-supereffective|p1a: Gengar
|-enditem|p1a: Gengar|Focus Sash
|-damage|p1a: Gengar|1\/262
|move|p1a: Gengar|Hypnosis|p2a: Sylveon|[miss]
|-miss|p1a: Gengar|p2a: Sylveon
|
|-heal|p2a: Sylveon|314\/385|[from] item: Leftovers
|turn|9
|
|move|p2a: Sylveon|Stored Power|p1a: Gengar
|-supereffective|p1a: Gengar
|-damage|p1a: Gengar|0 fnt
|faint|p1a: Gengar
|
|-heal|p2a: Sylveon|338\/385|[from] item: Leftovers
|
|switch|p1a: Arcanine|Arcanine, M|322\/322
|-ability|p1a: Arcanine|Intimidate|[of] p2a: Sylveon
|-unboost|p2a: Sylveon|atk|1
|turn|10
|
|move|p2a: Sylveon|Baton Pass|p2a: Sylveon
|
|switch|p2a: Vaporeon|Vaporeon, F|464\/464
|move|p1a: Arcanine|Wild Charge|p2a: Vaporeon
|-crit|p2a: Vaporeon
|-supereffective|p2a: Vaporeon
|-damage|p2a: Vaporeon|82\/464
|-damage|p1a: Arcanine|226\/322|[from] recoil|[of] p2a: Vaporeon
|-damage|p1a: Arcanine|194\/322|[from] item: Life Orb
|
|-heal|p2a: Vaporeon|111\/464|[from] item: Leftovers
|turn|11
|
|move|p1a: Arcanine|Extreme Speed|p2a: Vaporeon
|-damage|p2a: Vaporeon|0 fnt
|-damage|p1a: Arcanine|162\/322|[from] item: Life Orb
|faint|p2a: Vaporeon
|
|
|switch|p2a: Smeargle|Smeargle, M, shiny|273\/273
|turn|12
|
|move|p1a: Arcanine|Close Combat|p2a: Smeargle
|-supereffective|p2a: Smeargle
|-enditem|p2a: Smeargle|Focus Sash
|-damage|p2a: Smeargle|1\/273
|-unboost|p1a: Arcanine|def|1
|-unboost|p1a: Arcanine|spd|1
|-damage|p1a: Arcanine|130\/322|[from] item: Life Orb
|move|p2a: Smeargle|Quiver Dance|p2a: Smeargle
|-boost|p2a: Smeargle|spa|1
|-boost|p2a: Smeargle|spd|1
|-boost|p2a: Smeargle|spe|1
|
|turn|13
|
|move|p1a: Arcanine|Extreme Speed|p2a: Smeargle
|-damage|p2a: Smeargle|0 fnt
|-damage|p1a: Arcanine|98\/322|[from] item: Life Orb
|faint|p2a: Smeargle
|
|
|switch|p2a: Espeon|Espeon, M|334\/334
|turn|14
|
|move|p1a: Arcanine|Flare Blitz|p2a: Espeon
|-damage|p2a: Espeon|83\/334
|-damage|p1a: Arcanine|15\/322|[from] recoil|[of] p2a: Espeon
|-damage|p1a: Arcanine|0 fnt|[from] item: Life Orb
|faint|p1a: Arcanine
|move|p2a: Espeon|Calm Mind|p2a: Espeon
|-boost|p2a: Espeon|spa|1
|-boost|p2a: Espeon|spd|1
|
|-heal|p2a: Espeon|103\/334|[from] item: Leftovers
|
|switch|p1a: Lucario|Lucario, M|281\/281
|turn|15
|
|move|p1a: Lucario|Extreme Speed|p2a: Espeon
|-damage|p2a: Espeon|16\/334
|move|p2a: Espeon|Morning Sun|p2a: Espeon
|-heal|p2a: Espeon|183\/334
|
|-heal|p2a: Espeon|203\/334|[from] item: Leftovers
|turn|16
|
|switch|p1a: Greninja|Greninja, M|286\/286
|move|p2a: Espeon|Calm Mind|p2a: Espeon
|-boost|p2a: Espeon|spa|1
|-boost|p2a: Espeon|spd|1
|
|-heal|p2a: Espeon|223\/334|[from] item: Leftovers
|turn|17
|
|-start|p1a: Greninja|typechange|Dark|[from] Protean
|move|p1a: Greninja|Dark Pulse|p2a: Espeon
|-supereffective|p2a: Espeon
|-damage|p2a: Espeon|72\/334
|-damage|p1a: Greninja|258\/286|[from] item: Life Orb
|move|p2a: Espeon|Calm Mind|p2a: Espeon
|-boost|p2a: Espeon|spa|1
|-boost|p2a: Espeon|spd|1
|
|-heal|p2a: Espeon|92\/334|[from] item: Leftovers
|turn|18
|
|move|p1a: Greninja|Dark Pulse|p2a: Espeon
|-supereffective|p2a: Espeon
|-damage|p2a: Espeon|0 fnt
|-damage|p1a: Greninja|230\/286|[from] item: Life Orb
|faint|p2a: Espeon
|
|
|switch|p2a: Scolipede|Scolipede, M, shiny|241\/321
|turn|19
|
|move|p2a: Scolipede|Protect|p2a: Scolipede
|-singleturn|p2a: Scolipede|Protect
|-start|p1a: Greninja|typechange|Water|[from] Protean
|move|p1a: Greninja|Hydro Pump|p2a: Scolipede
|-activate|p2a: Scolipede|Protect
|
|-boost|p2a: Scolipede|spe|1|[from] ability: Speed Boost
|turn|20
|
|move|p2a: Scolipede|Substitute|p2a: Scolipede
|-start|p2a: Scolipede|Substitute
|-damage|p2a: Scolipede|161\/321
|move|p1a: Greninja|Hydro Pump|p2a: Scolipede
|-end|p2a: Scolipede|Substitute
|-damage|p1a: Greninja|202\/286|[from] item: Life Orb
|
|-boost|p2a: Scolipede|spe|1|[from] ability: Speed Boost
|turn|21
|
|move|p2a: Scolipede|Protect|p2a: Scolipede
|-singleturn|p2a: Scolipede|Protect
|-start|p1a: Greninja|typechange|Ice|[from] Protean
|move|p1a: Greninja|Ice Beam|p2a: Scolipede
|-activate|p2a: Scolipede|Protect
|
|-boost|p2a: Scolipede|spe|1|[from] ability: Speed Boost
|turn|22
|
|move|p2a: Scolipede|Baton Pass|p2a: Scolipede
|
|switch|p2a: Sylveon|Sylveon, F|338\/385
|-start|p1a: Greninja|typechange|Water|[from] Protean
|move|p1a: Greninja|Hydro Pump|p2a: Sylveon
|-damage|p2a: Sylveon|186\/385
|-damage|p1a: Greninja|174\/286|[from] item: Life Orb
|
|-heal|p2a: Sylveon|210\/385|[from] item: Leftovers
|turn|23
|
|switch|p1a: Togekiss|Togekiss, M|330\/330
|move|p2a: Sylveon|Calm Mind|p2a: Sylveon
|-boost|p2a: Sylveon|spa|1
|-boost|p2a: Sylveon|spd|1
|
|-heal|p2a: Sylveon|234\/385|[from] item: Leftovers
|turn|24
|
|move|p2a: Sylveon|Baton Pass|p2a: Sylveon
|
|switch|p2a: Zapdos|Zapdos, shiny|348\/348
|-ability|p2a: Zapdos|Pressure
|move|p1a: Togekiss|Thunder Wave|p2a: Zapdos
|-fail|p2a: Zapdos
|
|turn|25
|
|switch|p1a: Raikou|Raikou|322\/322
|-ability|p1a: Raikou|Pressure
|move|p2a: Zapdos|Charge|p2a: Zapdos
|-boost|p2a: Zapdos|spd|1
|-activate|p2a: Zapdos|move: Charge
|
|turn|26
|
|move|p2a: Zapdos|Thunderbolt|p1a: Raikou
|-resisted|p1a: Raikou
|-damage|p1a: Raikou|0 fnt
|-damage|p2a: Zapdos|314\/348|[from] item: Life Orb
|faint|p1a: Raikou
|
|
|switch|p1a: Lucario|Lucario, M|281\/281
|turn|27
|
|move|p2a: Zapdos|Heat Wave|p1a: Lucario
|-supereffective|p1a: Lucario
|-enditem|p1a: Lucario|Focus Sash
|-damage|p1a: Lucario|1\/281
|-damage|p2a: Zapdos|280\/348|[from] item: Life Orb
|move|p1a: Lucario|Ice Punch|p2a: Zapdos
|-supereffective|p2a: Zapdos
|-damage|p2a: Zapdos|88\/348
|
|turn|28
|
|move|p1a: Lucario|Extreme Speed|p2a: Zapdos
|-damage|p2a: Zapdos|0 fnt
|faint|p2a: Zapdos
|
|
|switch|p2a: Scolipede|Scolipede, M, shiny|161\/321
|turn|29
|
|switch|p1a: Togekiss|Togekiss, M|330\/330
|move|p2a: Scolipede|Protect|p2a: Scolipede
|-fail|p2a: Scolipede
|
|-boost|p2a: Scolipede|spe|1|[from] ability: Speed Boost
|turn|30
|
|move|p2a: Scolipede|Substitute|p2a: Scolipede
|-start|p2a: Scolipede|Substitute
|-damage|p2a: Scolipede|81\/321
|move|p1a: Togekiss|Air Slash|p2a: Scolipede|[miss]
|-miss|p1a: Togekiss|p2a: Scolipede
|
|-boost|p2a: Scolipede|spe|1|[from] ability: Speed Boost
|turn|31
|
|move|p2a: Scolipede|Protect|p2a: Scolipede
|-singleturn|p2a: Scolipede|Protect
|move|p1a: Togekiss|Air Slash|p2a: Scolipede
|-activate|p2a: Scolipede|Protect
|
|-boost|p2a: Scolipede|spe|1|[from] ability: Speed Boost
|turn|32
|
|move|p2a: Scolipede|Baton Pass|p2a: Scolipede
|
|switch|p2a: Sylveon|Sylveon, F|234\/385
|move|p1a: Togekiss|Air Slash|p2a: Sylveon
|-end|p2a: Sylveon|Substitute
|
|-heal|p2a: Sylveon|258\/385|[from] item: Leftovers
|turn|33
|
|move|p2a: Sylveon|Calm Mind|p2a: Sylveon
|-boost|p2a: Sylveon|spa|1
|-boost|p2a: Sylveon|spd|1
|move|p1a: Togekiss|Thunder Wave|p2a: Sylveon
|-status|p2a: Sylveon|par
|
|-heal|p2a: Sylveon|282\/385 par|[from] item: Leftovers
|turn|34
|
|move|p1a: Togekiss|Air Slash|p2a: Sylveon
|-damage|p2a: Sylveon|209\/385 par
|cant|p2a: Sylveon|flinch
|
|-heal|p2a: Sylveon|233\/385 par|[from] item: Leftovers
|turn|35
|
|move|p1a: Togekiss|Air Slash|p2a: Sylveon
|-damage|p2a: Sylveon|166\/385 par
|cant|p2a: Sylveon|flinch
|
|-heal|p2a: Sylveon|190\/385 par|[from] item: Leftovers
|turn|36
|chat|taposek|man fuck teams like yours
|
|move|p1a: Togekiss|Air Slash|p2a: Sylveon
|-damage|p2a: Sylveon|120\/385 par
|move|p2a: Sylveon|Calm Mind|p2a: Sylveon
|-boost|p2a: Sylveon|spa|1
|-boost|p2a: Sylveon|spd|1
|
|-heal|p2a: Sylveon|144\/385 par|[from] item: Leftovers
|turn|37
|
|move|p1a: Togekiss|Air Slash|p2a: Sylveon
|-damage|p2a: Sylveon|90\/385 par
|cant|p2a: Sylveon|flinch
|
|-heal|p2a: Sylveon|114\/385 par|[from] item: Leftovers
|turn|38
|
|move|p1a: Togekiss|Air Slash|p2a: Sylveon
|-damage|p2a: Sylveon|59\/385 par
|cant|p2a: Sylveon|flinch
|
|-heal|p2a: Sylveon|83\/385 par|[from] item: Leftovers
|turn|39
|
|move|p1a: Togekiss|Air Slash|p2a: Sylveon
|-damage|p2a: Sylveon|32\/385 par
|cant|p2a: Sylveon|flinch
|
|-heal|p2a: Sylveon|56\/385 par|[from] item: Leftovers
|turn|40
|
|move|p1a: Togekiss|Air Slash|p2a: Sylveon
|-damage|p2a: Sylveon|4\/385 par
|cant|p2a: Sylveon|par
|
|-heal|p2a: Sylveon|28\/385 par|[from] item: Leftovers
|turn|41
|chat|taposek|DIE MOTHERFUCKER
|
|move|p1a: Togekiss|Air Slash|p2a: Sylveon
|-damage|p2a: Sylveon|0 fnt
|faint|p2a: Sylveon
|
|
|switch|p2a: Scolipede|Scolipede, M, shiny|81\/321
|turn|42
|chat|taposek|gg
|
|move|p2a: Scolipede|Substitute|p2a: Scolipede
|-start|p2a: Scolipede|Substitute
|-damage|p2a: Scolipede|1\/321
|move|p1a: Togekiss|Air Slash|p2a: Scolipede
|-supereffective|p2a: Scolipede
|-end|p2a: Scolipede|Substitute
|
|-boost|p2a: Scolipede|spe|1|[from] ability: Speed Boost
|turn|43
|
|move|p2a: Scolipede|Iron Defense|p2a: Scolipede
|-boost|p2a: Scolipede|def|2
|move|p1a: Togekiss|Aura Sphere|p2a: Scolipede
|-resisted|p2a: Scolipede
|-damage|p2a: Scolipede|0 fnt
|faint|p2a: Scolipede
|
|win|taposek
|raw|Ladder updating...
|raw|taposek's rating: 1605 &rarr; <strong>1625<\/strong><br \/>(+20 for winning)
|raw|Biellb's rating: 1604 &rarr; <strong>1584<\/strong><br \/>(-20 for losing)