|join|taposek
|join|LuminousDarkness2
|player|p1|taposek|52
|player|p2|LuminousDarkness2|1
|gametype|singles
|gen|6
|tier|OU
|rated
|clearpoke
|poke|p1|Arcanine, F
|poke|p1|Gengar, F
|poke|p1|Togekiss, M
|poke|p1|Raikou
|poke|p1|Lucario, M
|poke|p1|Greninja, F
|poke|p2|Meloetta
|poke|p2|Excadrill, M
|poke|p2|Thundurus, M
|poke|p2|Gardevoir, F
|poke|p2|Landorus-Therian, M
|poke|p2|Scizor, M
|rule|Swagger Clause: Swagger is banned
|rule|Baton Pass Clause: Limit one PokÃ©mon knowing Baton Pass
|rule|Sleep Clause Mod: Limit one foe put to sleep
|rule|Species Clause: Limit one of each PokÃ©mon
|rule|OHKO Clause: OHKO moves are banned
|rule|Moody Clause: Moody is banned
|rule|Evasion Moves Clause: Evasion moves are banned
|rule|Endless Battle Clause: Forcing endless battles is banned
|rule|HP Percentage Mod: HP is shown in percentages
|teampreview
|
|start
|switch|p1a: Gengar|Gengar, F|262\/262
|switch|p2a: Landorus-Therian|Landorus-Therian, M|320\/320
|-ability|p2a: Landorus-Therian|Intimidate|[of] p1a: Gengar
|-unboost|p1a: Gengar|atk|1
|turn|1
|
|move|p2a: Landorus-Therian|Knock Off|p1a: Gengar
|-supereffective|p1a: Gengar
|-enditem|p1a: Gengar|Focus Sash
|-damage|p1a: Gengar|1\/262
|move|p1a: Gengar|Hypnosis|p2a: Landorus-Therian|[miss]
|-miss|p1a: Gengar|p2a: Landorus-Therian
|
|turn|2
|
|switch|p1a: Lucario|Lucario, M|281\/281
|move|p2a: Landorus-Therian|Knock Off|p1a: Lucario
|-resisted|p1a: Lucario
|-damage|p1a: Lucario|191\/281
|-enditem|p1a: Lucario|Focus Sash|[from] move: Knock Off|[of] p2a: Landorus-Therian
|
|turn|3
|
|switch|p2a: Excadrill|Excadrill, M|362\/362
|-ability|p2a: Excadrill|Mold Breaker
|move|p1a: Lucario|Ice Punch|p2a: Excadrill
|-damage|p2a: Excadrill|244\/362
|
|turn|4
|
|move|p2a: Excadrill|Earthquake|p1a: Lucario
|-supereffective|p1a: Lucario
|-damage|p1a: Lucario|0 fnt
|faint|p1a: Lucario
|
|
|switch|p1a: Gengar|Gengar, F|1\/262
|turn|5
|
|move|p2a: Excadrill|Earthquake|p1a: Gengar
|-supereffective|p1a: Gengar
|-damage|p1a: Gengar|0 fnt
|faint|p1a: Gengar
|
|
|switch|p1a: Togekiss|Togekiss, M|319\/319
|turn|6
|
|switch|p2a: Landorus-Therian|Landorus-Therian, M|320\/320
|-ability|p2a: Landorus-Therian|Intimidate|[of] p1a: Togekiss
|-unboost|p1a: Togekiss|atk|1
|switch|p1a: Greninja|Greninja, F|286\/286
|
|turn|7
|
|switch|p1a: Togekiss|Togekiss, M|319\/319
|move|p2a: Landorus-Therian|U-turn|p1a: Togekiss
|-resisted|p1a: Togekiss
|-damage|p1a: Togekiss|296\/319
|
|switch|p2a: Thundurus|Thundurus, M|300\/300
|
|-heal|p1a: Togekiss|315\/319|[from] item: Leftovers
|turn|8
|
|switch|p1a: Raikou|Raikou|322\/322
|-ability|p1a: Raikou|Pressure
|move|p2a: Thundurus|Thunderbolt|p1a: Raikou
|-resisted|p1a: Raikou
|-damage|p1a: Raikou|223\/322
|-damage|p2a: Thundurus|270\/300|[from] item: Life Orb
|
|-heal|p1a: Raikou|243\/322|[from] item: Leftovers
|turn|9
|
|move|p1a: Raikou|Calm Mind|p1a: Raikou
|-boost|p1a: Raikou|spa|1
|-boost|p1a: Raikou|spd|1
|move|p2a: Thundurus|Focus Blast|p1a: Raikou
|-damage|p1a: Raikou|114\/322
|-damage|p2a: Thundurus|240\/300|[from] item: Life Orb
|
|-heal|p1a: Raikou|134\/322|[from] item: Leftovers
|turn|10
|
|switch|p2a: Landorus-Therian|Landorus-Therian, M|320\/320
|-ability|p2a: Landorus-Therian|Intimidate|[of] p1a: Raikou
|-unboost|p1a: Raikou|atk|1
|move|p1a: Raikou|Hidden Power|p2a: Landorus-Therian
|-supereffective|p2a: Landorus-Therian
|-damage|p2a: Landorus-Therian|0 fnt
|faint|p2a: Landorus-Therian
|
|-heal|p1a: Raikou|154\/322|[from] item: Leftovers
|
|switch|p2a: Excadrill|Excadrill, M|244\/362
|-ability|p2a: Excadrill|Mold Breaker
|turn|11
|
|switch|p1a: Togekiss|Togekiss, M|315\/319
|move|p2a: Excadrill|Earthquake|p1a: Togekiss
|-immune|p1a: Togekiss|[msg]
|
|-heal|p1a: Togekiss|319\/319|[from] item: Leftovers
|turn|12
|
|switch|p2a: Thundurus|Thundurus, M|240\/300
|move|p1a: Togekiss|Air Slash|p2a: Thundurus
|-resisted|p2a: Thundurus
|-damage|p2a: Thundurus|164\/300
|
|turn|13
|
|switch|p1a: Raikou|Raikou|154\/322
|-ability|p1a: Raikou|Pressure
|move|p2a: Thundurus|Focus Blast|p1a: Raikou|[miss]
|-miss|p2a: Thundurus|p1a: Raikou
|
|-heal|p1a: Raikou|174\/322|[from] item: Leftovers
|turn|14
|
|move|p1a: Raikou|Hidden Power|p2a: Thundurus
|-supereffective|p2a: Thundurus
|-damage|p2a: Thundurus|18\/300
|move|p2a: Thundurus|Focus Blast|p1a: Raikou
|-damage|p1a: Raikou|0 fnt
|-damage|p2a: Thundurus|0 fnt|[from] item: Life Orb
|faint|p1a: Raikou
|faint|p2a: Thundurus
|
|
|switch|p1a: Arcanine|Arcanine, F|322\/322
|switch|p2a: Scizor|Scizor, M|344\/344
|-ability|p1a: Arcanine|Intimidate|[of] p2a: Scizor
|-unboost|p2a: Scizor|atk|1
|turn|15
|
|move|p1a: Arcanine|Flare Blitz|p2a: Scizor
|-supereffective|p2a: Scizor
|-damage|p2a: Scizor|0 fnt
|-damage|p1a: Arcanine|208\/322|[from] recoil|[of] p2a: Scizor
|-damage|p1a: Arcanine|176\/322|[from] item: Life Orb
|faint|p2a: Scizor
|
|
|switch|p2a: Excadrill|Excadrill, M|244\/362
|-ability|p2a: Excadrill|Mold Breaker
|turn|16
|
|move|p2a: Excadrill|Rock Slide|p1a: Arcanine
|-supereffective|p1a: Arcanine
|-damage|p1a: Arcanine|0 fnt
|faint|p1a: Arcanine
|
|
|switch|p1a: Greninja|Greninja, F|286\/286
|turn|17
|
|switch|p2a: Meloetta|Meloetta|341\/341
|move|p1a: Greninja|Hydro Pump|p2a: Meloetta
|-start|p1a: Greninja|typechange|Water|[from] Protean
|-damage|p2a: Meloetta|166\/341
|-damage|p1a: Greninja|258\/286|[from] item: Life Orb
|
|turn|18
|
|move|p1a: Greninja|Dark Pulse|p2a: Meloetta
|-start|p1a: Greninja|typechange|Dark|[from] Protean
|-supereffective|p2a: Meloetta
|-damage|p2a: Meloetta|0 fnt
|-damage|p1a: Greninja|230\/286|[from] item: Life Orb
|faint|p2a: Meloetta
|
|
|switch|p2a: Gardevoir|Gardevoir, F|295\/295
|turn|19
|
|detailschange|p2a: Gardevoir|Gardevoir-Mega, F
|message|Gardevoir has Mega Evolved into Mega Gardevoir!
|move|p1a: Greninja|Hydro Pump|p2a: Gardevoir|[miss]
|-start|p1a: Greninja|typechange|Water|[from] Protean
|-miss|p1a: Greninja|p2a: Gardevoir
|move|p2a: Gardevoir|Hyper Voice|p1a: Greninja
|-crit|p1a: Greninja
|-damage|p1a: Greninja|0 fnt
|faint|p1a: Greninja
|
|
|switch|p1a: Togekiss|Togekiss, M|319\/319
|turn|20
|
|move|p2a: Gardevoir|Hyper Voice|p1a: Togekiss
|-damage|p1a: Togekiss|97\/319
|move|p1a: Togekiss|Thunder Wave|p2a: Gardevoir
|-status|p2a: Gardevoir|par
|
|-heal|p1a: Togekiss|116\/319|[from] item: Leftovers
|turn|21
|
|move|p1a: Togekiss|Roost|p1a: Togekiss
|-heal|p1a: Togekiss|276\/319
|cant|p2a: Gardevoir|par
|
|-heal|p1a: Togekiss|295\/319|[from] item: Leftovers
|turn|22
|
|move|p1a: Togekiss|Air Slash|p2a: Gardevoir
|-damage|p2a: Gardevoir|184\/295 par
|move|p2a: Gardevoir|Hyper Voice|p1a: Togekiss
|-damage|p1a: Togekiss|94\/319
|
|-heal|p1a: Togekiss|113\/319|[from] item: Leftovers
|turn|23
|
|move|p1a: Togekiss|Roost|p1a: Togekiss
|-heal|p1a: Togekiss|273\/319
|cant|p2a: Gardevoir|par
|
|-heal|p1a: Togekiss|292\/319|[from] item: Leftovers
|turn|24
|
|move|p1a: Togekiss|Air Slash|p2a: Gardevoir
|-crit|p2a: Gardevoir
|-damage|p2a: Gardevoir|31\/295 par
|cant|p2a: Gardevoir|flinch
|
|-heal|p1a: Togekiss|311\/319|[from] item: Leftovers
|turn|25
|
|move|p1a: Togekiss|Air Slash|p2a: Gardevoir
|-damage|p2a: Gardevoir|0 fnt
|faint|p2a: Gardevoir
|
|-heal|p1a: Togekiss|319\/319|[from] item: Leftovers
|
|switch|p2a: Excadrill|Excadrill, M|244\/362
|-ability|p2a: Excadrill|Mold Breaker
|turn|26
|
|move|p2a: Excadrill|Iron Head|p1a: Togekiss
|-supereffective|p1a: Togekiss
|-damage|p1a: Togekiss|53\/319
|move|p1a: Togekiss|Aura Sphere|p2a: Excadrill
|-supereffective|p2a: Excadrill
|-damage|p2a: Excadrill|0 fnt
|faint|p2a: Excadrill
|
|win|taposek
|raw|Ladder updating...
|raw|taposek's rating: 1454 &rarr; <strong>1473<\/strong><br \/>(+19 for winning)
|raw|LuminousDarkness2's rating: 1445 &rarr; <strong>1426<\/strong><br \/>(-19 for losing)
|c|âtaposek|fuck you
|leave|LuminousDarkness2
|player|p2