|join|Aminiscent
|join|taposek
|player|p1|Aminiscent|223
|player|p2|taposek|52
|gametype|singles
|gen|6
|tier|OU
|rated
|clearpoke
|poke|p1|Bisharp, M
|poke|p1|Gengar, M
|poke|p1|Manectric, F
|poke|p1|Landorus-Therian, M
|poke|p1|Mamoswine, F
|poke|p1|Azumarill, M
|poke|p2|Arcanine, F
|poke|p2|Gengar, M
|poke|p2|Togekiss, F
|poke|p2|Raikou
|poke|p2|Lucario, F
|poke|p2|Greninja, M
|rule|Swagger Clause: Swagger is banned
|rule|Baton Pass Clause: Limit one PokÃ©mon knowing Baton Pass
|rule|Sleep Clause Mod: Limit one foe put to sleep
|rule|Species Clause: Limit one of each PokÃ©mon
|rule|OHKO Clause: OHKO moves are banned
|rule|Moody Clause: Moody is banned
|rule|Evasion Moves Clause: Evasion moves are banned
|rule|Endless Battle Clause: Forcing endless battles is banned
|rule|HP Percentage Mod: HP is shown in percentages
|teampreview
|
|start
|switch|p1a: Mamoswine|Mamoswine, F|381\/381
|switch|p2a: Gengar|Gengar, M|262\/262
|turn|1
|
|move|p2a: Gengar|Focus Blast|p1a: Mamoswine
|-supereffective|p1a: Mamoswine
|-enditem|p1a: Mamoswine|Focus Sash
|-damage|p1a: Mamoswine|1\/381
|-unboost|p1a: Mamoswine|spd|1
|move|p1a: Mamoswine|Stealth Rock|p2a: Gengar
|-sidestart|p2: taposek|move: Stealth Rock
|
|turn|2
|
|move|p1a: Mamoswine|Ice Shard|p2a: Gengar
|-damage|p2a: Gengar|145\/262
|move|p2a: Gengar|Shadow Ball|p1a: Mamoswine
|-damage|p1a: Mamoswine|0 fnt
|faint|p1a: Mamoswine
|
|
|switch|p1a: Bisharp|Bisharp, M|278\/278
|turn|3
|
|move|p1a: Bisharp|Sucker Punch|p2a: Gengar
|-fail|p2a: Gengar
|move|p2a: Gengar|Destiny Bond|p2a: Gengar
|-singlemove|p2a: Gengar|Destiny Bond
|
|turn|4
|
|move|p1a: Bisharp|Sucker Punch|p2a: Gengar
|-supereffective|p2a: Gengar
|-damage|p2a: Gengar|0 fnt
|-damage|p1a: Bisharp|251\/278|[from] item: Life Orb
|faint|p2a: Gengar
|-activate|p2a: Gengar|Destiny Bond
|faint|p1a: Bisharp
|
|
|switch|p2a: Greninja|Greninja, M|286\/286
|switch|p1a: Manectric|Manectric, F|281\/281
|-damage|p2a: Greninja|251\/286|[from] Stealth Rock
|turn|5
|
|detailschange|p1a: Manectric|Manectric-Mega, F
|message|Manectric has Mega Evolved into Mega Manectric!
|-ability|p1a: Manectric|Intimidate|[of] p2a: Greninja
|-unboost|p2a: Greninja|atk|1
|move|p2a: Greninja|Grass Knot|p1a: Manectric
|-start|p2a: Greninja|typechange|Grass|[from] Protean
|-damage|p1a: Manectric|137\/281
|-damage|p2a: Greninja|223\/286|[from] item: Life Orb
|move|p1a: Manectric|Volt Switch|p2a: Greninja
|-resisted|p2a: Greninja
|-damage|p2a: Greninja|133\/286
|
|switch|p1a: Landorus-Therian|Landorus-Therian, M|328\/328
|-ability|p1a: Landorus-Therian|Intimidate|[of] p2a: Greninja
|-unboost|p2a: Greninja|atk|1
|
|turn|6
|
|move|p1a: Landorus-Therian|U-turn|p2a: Greninja
|-supereffective|p2a: Greninja
|-damage|p2a: Greninja|0 fnt
|faint|p2a: Greninja
|
|switch|p1a: Gengar|Gengar, M|262\/262
|
|
|switch|p2a: Arcanine|Arcanine, F|322\/322
|-damage|p2a: Arcanine|242\/322|[from] Stealth Rock
|-ability|p2a: Arcanine|Intimidate|[of] p1a: Gengar
|-unboost|p1a: Gengar|atk|1
|turn|7
|
|move|p1a: Gengar|Shadow Ball|p2a: Arcanine
|-damage|p2a: Arcanine|3\/322
|-damage|p1a: Gengar|236\/262|[from] item: Life Orb
|move|p2a: Arcanine|Flare Blitz|p1a: Gengar
|-damage|p1a: Gengar|0 fnt
|-damage|p2a: Arcanine|0 fnt|[from] recoil|[of] p1a: Gengar
|faint|p1a: Gengar
|faint|p2a: Arcanine
|
|
|switch|p2a: Raikou|Raikou|322\/322
|switch|p1a: Azumarill|Azumarill, M|342\/342
|-damage|p2a: Raikou|282\/322|[from] Stealth Rock
|-ability|p2a: Raikou|Pressure
|turn|8
|
|switch|p1a: Landorus-Therian|Landorus-Therian, M|328\/328
|-ability|p1a: Landorus-Therian|Intimidate|[of] p2a: Raikou
|-unboost|p2a: Raikou|atk|1
|move|p2a: Raikou|Substitute|p2a: Raikou
|-start|p2a: Raikou|Substitute
|-damage|p2a: Raikou|202\/322
|
|-heal|p2a: Raikou|222\/322|[from] item: Leftovers
|turn|9
|
|move|p1a: Landorus-Therian|Earthquake|p2a: Raikou
|-supereffective|p2a: Raikou
|-end|p2a: Raikou|Substitute
|move|p2a: Raikou|Hidden Power|p1a: Landorus-Therian
|-supereffective|p1a: Landorus-Therian
|-damage|p1a: Landorus-Therian|12\/328
|
|-heal|p2a: Raikou|242\/322|[from] item: Leftovers
|turn|10
|
|switch|p1a: Manectric|Manectric-Mega, F|137\/281
|-ability|p1a: Manectric|Intimidate|[of] p2a: Raikou
|-unboost|p2a: Raikou|atk|1
|switch|p2a: Togekiss|Togekiss, F|331\/331
|-damage|p2a: Togekiss|249\/331|[from] Stealth Rock
|
|-heal|p2a: Togekiss|269\/331|[from] item: Leftovers
|turn|11
|
|move|p1a: Manectric|Thunderbolt|p2a: Togekiss
|-supereffective|p2a: Togekiss
|-damage|p2a: Togekiss|9\/331
|move|p2a: Togekiss|Roost|p2a: Togekiss
|-heal|p2a: Togekiss|175\/331
|
|-heal|p2a: Togekiss|195\/331|[from] item: Leftovers
|turn|12
|
|switch|p2a: Raikou|Raikou|242\/322
|-damage|p2a: Raikou|202\/322|[from] Stealth Rock
|-ability|p2a: Raikou|Pressure
|move|p1a: Manectric|Thunderbolt|p2a: Raikou
|-resisted|p2a: Raikou
|-damage|p2a: Raikou|114\/322
|
|-heal|p2a: Raikou|134\/322|[from] item: Leftovers
|turn|13
|
|move|p1a: Manectric|Volt Switch|p2a: Raikou
|-resisted|p2a: Raikou
|-damage|p2a: Raikou|70\/322
|
|switch|p1a: Landorus-Therian|Landorus-Therian, M|12\/328
|-ability|p1a: Landorus-Therian|Intimidate|[of] p2a: Raikou
|-unboost|p2a: Raikou|atk|1
|move|p2a: Raikou|Hidden Power|p1a: Landorus-Therian
|-supereffective|p1a: Landorus-Therian
|-damage|p1a: Landorus-Therian|0 fnt
|faint|p1a: Landorus-Therian
|
|-heal|p2a: Raikou|90\/322|[from] item: Leftovers
|
|switch|p1a: Azumarill|Azumarill, M|342\/342
|turn|14
|
|move|p1a: Azumarill|Aqua Jet|p2a: Raikou
|-damage|p2a: Raikou|0 fnt
|faint|p2a: Raikou
|
|
|switch|p2a: Togekiss|Togekiss, F|195\/331
|-damage|p2a: Togekiss|113\/331|[from] Stealth Rock
|turn|15
|
|move|p1a: Azumarill|Play Rough|p2a: Togekiss
|-damage|p2a: Togekiss|0 fnt
|faint|p2a: Togekiss
|
|
|switch|p2a: Lucario|Lucario, F|281\/281
|-damage|p2a: Lucario|273\/281|[from] Stealth Rock
|turn|16
|
|move|p2a: Lucario|Ice Punch|p1a: Azumarill
|-resisted|p1a: Azumarill
|-damage|p1a: Azumarill|295\/342
|move|p1a: Azumarill|Play Rough|p2a: Lucario|[miss]
|-miss|p1a: Azumarill|p2a: Lucario
|
|turn|17
|
|move|p2a: Lucario|Ice Punch|p1a: Azumarill
|-resisted|p1a: Azumarill
|-damage|p1a: Azumarill|249\/342
|-status|p1a: Azumarill|frz
|cant|p1a: Azumarill|frz
|
|turn|18
|
|move|p2a: Lucario|Swords Dance|p2a: Lucario
|-boost|p2a: Lucario|atk|2
|cant|p1a: Azumarill|frz
|
|turn|19
|
|move|p2a: Lucario|Extreme Speed|p1a: Azumarill
|-damage|p1a: Azumarill|51\/342 frz
|-enditem|p1a: Azumarill|Sitrus Berry|[eat]
|-heal|p1a: Azumarill|136\/342 frz|[from] item: Sitrus Berry
|-curestatus|p1a: Azumarill|frz
|move|p1a: Azumarill|Play Rough|p2a: Lucario
|-damage|p2a: Lucario|32\/281
|
|turn|20
|c|âAminiscent|amazing
|c|âAminiscent|simple
|c|âAminiscent|amazing
|
|switch|p1a: Manectric|Manectric-Mega, F|137\/281
|-ability|p1a: Manectric|Intimidate|[of] p2a: Lucario
|-unboost|p2a: Lucario|atk|1
|move|p2a: Lucario|Extreme Speed|p1a: Manectric
|-damage|p1a: Manectric|0 fnt
|faint|p1a: Manectric
|
|
|switch|p1a: Azumarill|Azumarill, M|136\/342
|turn|21
|c|âAminiscent|you're trash
|c|âAminiscent|poopyhead
|
|move|p2a: Lucario|Extreme Speed|p1a: Azumarill
|-damage|p1a: Azumarill|0 fnt
|faint|p1a: Azumarill
|
|win|taposek
|raw|Ladder updating...