|join|Bolt_up
|join|taposek
|player|p1|Bolt_up|101
|player|p2|taposek|52
|gametype|singles
|gen|6
|tier|OU
|rated
|clearpoke
|poke|p1|Venusaur, F, shiny
|poke|p1|Talonflame, F, shiny
|poke|p1|Gengar, F
|poke|p1|Latios, M
|poke|p1|Landorus-Therian, M, shiny
|poke|p1|Ferrothorn, F
|poke|p2|Arcanine, M
|poke|p2|Gengar, F
|poke|p2|Togekiss, F
|poke|p2|Raikou
|poke|p2|Greninja, M
|poke|p2|Lucario, F
|rule|Swagger Clause: Swagger is banned
|rule|Baton Pass Clause: Limit one PokÃ©mon knowing Baton Pass
|rule|Sleep Clause Mod: Limit one foe put to sleep
|rule|Species Clause: Limit one of each PokÃ©mon
|rule|OHKO Clause: OHKO moves are banned
|rule|Moody Clause: Moody is banned
|rule|Evasion Moves Clause: Evasion moves are banned
|rule|Endless Battle Clause: Forcing endless battles is banned
|rule|HP Percentage Mod: HP is shown in percentages
|teampreview
|
|start
|switch|p1a: Ferrothorn|Ferrothorn, F|352\/352
|switch|p2a: Gengar|Gengar, F|262\/262
|turn|1
|
|move|p2a: Gengar|Focus Blast|p1a: Ferrothorn
|-crit|p1a: Ferrothorn
|-supereffective|p1a: Ferrothorn
|-damage|p1a: Ferrothorn|0 fnt
|faint|p1a: Ferrothorn
|
|
|switch|p1a: Landorus-Therian|Landorus-Therian, M, shiny|337\/337
|-ability|p1a: Landorus-Therian|Intimidate|[of] p2a: Gengar
|-unboost|p2a: Gengar|atk|1
|turn|2
|
|move|p2a: Gengar|Hypnosis|p1a: Landorus-Therian
|-status|p1a: Landorus-Therian|slp
|cant|p1a: Landorus-Therian|slp
|
|turn|3
|
|switch|p1a: Talonflame|Talonflame, F, shiny|326\/326
|move|p2a: Gengar|Shadow Ball|p1a: Talonflame
|-damage|p1a: Talonflame|146\/326
|
|turn|4
|
|move|p1a: Talonflame|Roost|p1a: Talonflame
|-heal|p1a: Talonflame|309\/326
|move|p2a: Gengar|Shadow Ball|p1a: Talonflame
|-damage|p1a: Talonflame|137\/326
|
|turn|5
|
|move|p1a: Talonflame|Brave Bird|p2a: Gengar
|-damage|p2a: Gengar|22\/262
|-damage|p1a: Talonflame|58\/326|[from] recoil|[of] p2a: Gengar
|move|p2a: Gengar|Shadow Ball|p1a: Talonflame
|-damage|p1a: Talonflame|0 fnt
|faint|p1a: Talonflame
|
|
|switch|p1a: Venusaur|Venusaur, F, shiny|351\/351
|turn|6
|
|detailschange|p1a: Venusaur|Venusaur-Mega, F, shiny
|message|Venusaur has Mega Evolved into Mega Venusaur!
|move|p2a: Gengar|Destiny Bond|p2a: Gengar
|-singlemove|p2a: Gengar|Destiny Bond
|move|p1a: Venusaur|Hidden Power|p2a: Gengar
|-damage|p2a: Gengar|0 fnt
|faint|p2a: Gengar
|-activate|p2a: Gengar|Destiny Bond
|faint|p1a: Venusaur
|
|c|âtaposek|GEN IV GAR
|c|âtaposek|IS BEST GAR
|
|switch|p2a: Greninja|Greninja, M|286\/286
|switch|p1a: Landorus-Therian|Landorus-Therian, M, shiny|337\/337 slp
|-ability|p1a: Landorus-Therian|Intimidate|[of] p2a: Greninja
|-unboost|p2a: Greninja|atk|1
|turn|7
|
|move|p2a: Greninja|Ice Beam|p1a: Landorus-Therian
|-start|p2a: Greninja|typechange|Ice|[from] Protean
|-supereffective|p1a: Landorus-Therian
|-damage|p1a: Landorus-Therian|0 fnt
|-damage|p2a: Greninja|258\/286|[from] item: Life Orb
|faint|p1a: Landorus-Therian
|
|
|switch|p1a: Latios|Latios, M|302\/302
|turn|8
|
|move|p2a: Greninja|Dark Pulse|p1a: Latios
|-start|p2a: Greninja|typechange|Dark|[from] Protean
|-supereffective|p1a: Latios
|-damage|p1a: Latios|26\/302
|-damage|p2a: Greninja|230\/286|[from] item: Life Orb
|cant|p1a: Latios|flinch
|
|turn|9
|
|move|p2a: Greninja|Dark Pulse|p1a: Latios
|-supereffective|p1a: Latios
|-damage|p1a: Latios|0 fnt
|-damage|p2a: Greninja|202\/286|[from] item: Life Orb
|faint|p1a: Latios
|
|
|switch|p1a: Gengar|Gengar, F|262\/262
|turn|10
|
|move|p2a: Greninja|Dark Pulse|p1a: Gengar
|-supereffective|p1a: Gengar
|-damage|p1a: Gengar|0 fnt
|-damage|p2a: Greninja|174\/286|[from] item: Life Orb
|faint|p1a: Gengar
|
|win|taposek
|raw|Ladder updating...
|leave|Bolt_up
|player|p1