|join|Sandnigg123
|join|taposek
|player|p1|Sandnigg123|266
|player|p2|taposek|265
|gametype|singles
|gen|6
|tier|OU
|rated
|clearpoke
|poke|p1|Greninja, F
|poke|p1|Dragonite, M
|poke|p1|Excadrill, M
|poke|p1|Bisharp, M
|poke|p1|Diggersby, M
|poke|p1|Lopunny, M
|poke|p2|Arcanine, M
|poke|p2|Gengar, F
|poke|p2|Togekiss, F
|poke|p2|Raikou
|poke|p2|Lucario, F
|poke|p2|Greninja, M
|rule|Swagger Clause: Swagger is banned
|rule|Baton Pass Clause: Limit one PokÃ©mon knowing Baton Pass
|rule|Sleep Clause Mod: Limit one foe put to sleep
|rule|Species Clause: Limit one of each PokÃ©mon
|rule|OHKO Clause: OHKO moves are banned
|rule|Moody Clause: Moody is banned
|rule|Evasion Moves Clause: Evasion moves are banned
|rule|Endless Battle Clause: Forcing endless battles is banned
|rule|HP Percentage Mod: HP is shown in percentages
|teampreview
|
|start
|switch|p1a: Excadrill|Excadrill, M|362\/362
|switch|p2a: Gengar|Gengar, F|262\/262
|-ability|p1a: Excadrill|Mold Breaker
|turn|1
|
|move|p2a: Gengar|Focus Blast|p1a: Excadrill
|-supereffective|p1a: Excadrill
|-enditem|p1a: Excadrill|Focus Sash
|-damage|p1a: Excadrill|1\/362
|-unboost|p1a: Excadrill|spd|1
|move|p1a: Excadrill|Stealth Rock|p2a: Gengar
|-sidestart|p2: taposek|move: Stealth Rock
|
|turn|2
|
|move|p2a: Gengar|Shadow Ball|p1a: Excadrill
|-damage|p1a: Excadrill|0 fnt
|faint|p1a: Excadrill
|
|
|switch|p1a: Lopunny|Lopunny, M|272\/272
|turn|3
|
|detailschange|p1a: Lopunny|Lopunny-Mega, M
|-mega|p1a: Lopunny|Lopunny|Lopunnite
|move|p1a: Lopunny|Fake Out|p2a: Gengar
|-damage|p2a: Gengar|145\/262
|cant|p2a: Gengar|flinch
|
|turn|4
|
|move|p1a: Lopunny|Return|p2a: Gengar
|-damage|p2a: Gengar|0 fnt
|faint|p2a: Gengar
|
|
|switch|p2a: Togekiss|Togekiss, F|331\/331
|-damage|p2a: Togekiss|249\/331|[from] Stealth Rock
|turn|5
|
|switch|p1a: Diggersby|Diggersby, M|311\/311
|move|p2a: Togekiss|Aura Sphere|p1a: Diggersby
|-supereffective|p1a: Diggersby
|-damage|p1a: Diggersby|85\/311
|
|-heal|p2a: Togekiss|269\/331|[from] item: Leftovers
|turn|6
|
|move|p1a: Diggersby|Return|p2a: Togekiss
|-damage|p2a: Togekiss|0 fnt
|-damage|p1a: Diggersby|54\/311|[from] item: Life Orb
|faint|p2a: Togekiss
|
|
|switch|p2a: Raikou|Raikou|322\/322
|-damage|p2a: Raikou|282\/322|[from] Stealth Rock
|-ability|p2a: Raikou|Pressure
|turn|7
|
|move|p1a: Diggersby|Quick Attack|p2a: Raikou
|-damage|p2a: Raikou|117\/322
|-damage|p1a: Diggersby|23\/311|[from] item: Life Orb
|move|p2a: Raikou|Hidden Power|p1a: Diggersby
|-supereffective|p1a: Diggersby
|-damage|p1a: Diggersby|0 fnt
|faint|p1a: Diggersby
|
|-heal|p2a: Raikou|137\/322|[from] item: Leftovers
|
|switch|p1a: Lopunny|Lopunny-Mega, M|272\/272
|turn|8
|
|move|p1a: Lopunny|Return|p2a: Raikou
|-damage|p2a: Raikou|0 fnt
|faint|p2a: Raikou
|
|
|switch|p2a: Lucario|Lucario, F|281\/281
|-damage|p2a: Lucario|273\/281|[from] Stealth Rock
|turn|9
|
|move|p1a: Lopunny|High Jump Kick|p2a: Lucario
|-supereffective|p2a: Lucario
|-damage|p2a: Lucario|0 fnt
|faint|p2a: Lucario
|
|-message|taposek forfeited.
|leave|taposek
|
|win|Sandnigg123
|raw|Ladder updating...
|player|p2
|raw|Sandnigg123's rating: 1492 &rarr; <strong>1511<\/strong><br \/>(+19 for winning)
|raw|taposek's rating: 1477 &rarr; <strong>1457<\/strong><br \/>(-20 for losing)