|join|bloodyloliokachan
|join|taposek
|player|p1|bloodyloliokachan|155
|player|p2|taposek|52
|gametype|singles
|gen|6
|tier|OU
|rated
|clearpoke
|poke|p1|Gardevoir, F
|poke|p1|Bisharp, M
|poke|p1|Landorus-Therian, M
|poke|p1|Talonflame, M
|poke|p1|Keldeo
|poke|p1|Magnezone
|poke|p2|Gengar, M
|poke|p2|Arcanine, M
|poke|p2|Togekiss, M
|poke|p2|Raikou
|poke|p2|Greninja, F
|poke|p2|Lucario, M
|rule|Swagger Clause: Swagger is banned
|rule|Baton Pass Clause: Limit one PokÃ©mon knowing Baton Pass
|rule|Sleep Clause Mod: Limit one foe put to sleep
|rule|Species Clause: Limit one of each PokÃ©mon
|rule|OHKO Clause: OHKO moves are banned
|rule|Moody Clause: Moody is banned
|rule|Evasion Moves Clause: Evasion moves are banned
|rule|Endless Battle Clause: Forcing endless battles is banned
|rule|HP Percentage Mod: HP is shown in percentages
|teampreview
|
|start
|switch|p1a: Arch Bisharp|Bisharp, M|272\/272
|switch|p2a: Gengar|Gengar, M|262\/262
|turn|1
|
|move|p2a: Gengar|Focus Blast|p1a: Arch Bisharp|[miss]
|-miss|p2a: Gengar|p1a: Arch Bisharp
|move|p1a: Arch Bisharp|Knock Off|p2a: Gengar
|-supereffective|p2a: Gengar
|-enditem|p2a: Gengar|Focus Sash
|-damage|p2a: Gengar|1\/262
|
|turn|2
|
|move|p1a: Arch Bisharp|Sucker Punch|p2a: Gengar
|-fail|p2a: Gengar
|move|p2a: Gengar|Destiny Bond|p2a: Gengar
|-singlemove|p2a: Gengar|Destiny Bond
|
|turn|3
|
|switch|p1a: Killer Bee|Landorus-Therian, M|319\/319
|-ability|p1a: Killer Bee|Intimidate|[of] p2a: Gengar
|-unboost|p2a: Gengar|atk|1
|move|p2a: Gengar|Focus Blast|p1a: Killer Bee|[miss]
|-miss|p2a: Gengar|p1a: Killer Bee
|
|turn|4
|
|move|p1a: Killer Bee|U-turn|p2a: Gengar
|-resisted|p2a: Gengar
|-damage|p2a: Gengar|0 fnt
|faint|p2a: Gengar
|
|switch|p1a: Firebird v0.6|Talonflame, M|297\/297
|
|
|switch|p2a: Raikou|Raikou|322\/322
|-ability|p2a: Raikou|Pressure
|turn|5
|
|switch|p1a: Killer Bee|Landorus-Therian, M|319\/319
|-ability|p1a: Killer Bee|Intimidate|[of] p2a: Raikou
|-unboost|p2a: Raikou|atk|1
|move|p2a: Raikou|Substitute|p2a: Raikou
|-start|p2a: Raikou|Substitute
|-damage|p2a: Raikou|242\/322
|
|-heal|p2a: Raikou|262\/322|[from] item: Leftovers
|turn|6
|
|move|p1a: Killer Bee|Earthquake|p2a: Raikou
|-supereffective|p2a: Raikou
|-end|p2a: Raikou|Substitute
|move|p2a: Raikou|Hidden Power|p1a: Killer Bee
|-supereffective|p1a: Killer Bee
|-damage|p1a: Killer Bee|27\/319
|
|-heal|p2a: Raikou|282\/322|[from] item: Leftovers
|turn|7
|
|switch|p1a: Swagnezone|Magnezone|281\/281
|switch|p2a: Togekiss|Togekiss, M|329\/329
|
|turn|8
|
|switch|p2a: Raikou|Raikou|282\/322
|-ability|p2a: Raikou|Pressure
|move|p1a: Swagnezone|Thunderbolt|p2a: Raikou
|-resisted|p2a: Raikou
|-damage|p2a: Raikou|206\/322
|
|-heal|p2a: Raikou|226\/322|[from] item: Leftovers
|turn|9
|
|switch|p1a: GARNiDELiA|Gardevoir, F|277\/277
|-ability|p1a: GARNiDELiA|Pressure|[from] ability: Trace|[of] p2a: Raikou
|-ability|p1a: GARNiDELiA|Pressure
|move|p2a: Raikou|Substitute|p2a: Raikou
|-start|p2a: Raikou|Substitute
|-damage|p2a: Raikou|146\/322
|
|-heal|p2a: Raikou|166\/322|[from] item: Leftovers
|turn|10
|
|detailschange|p1a: GARNiDELiA|Gardevoir-Mega, F
|message|Gardevoir has Mega Evolved into Mega Gardevoir!
|move|p2a: Raikou|Thunderbolt|p1a: GARNiDELiA
|-crit|p1a: GARNiDELiA
|-damage|p1a: GARNiDELiA|105\/277
|move|p1a: GARNiDELiA|Hyper Voice|p2a: Raikou
|-damage|p2a: Raikou|0 fnt
|faint|p2a: Raikou
|
|
|switch|p2a: Greninja|Greninja, F|286\/286
|turn|11
|
|move|p1a: GARNiDELiA|Protect|p1a: GARNiDELiA
|-singleturn|p1a: GARNiDELiA|Protect
|move|p2a: Greninja|Dark Pulse|p1a: GARNiDELiA
|-start|p2a: Greninja|typechange|Dark|[from] Protean
|-activate|p1a: GARNiDELiA|Protect
|
|turn|12
|
|move|p2a: Greninja|Grass Knot|p1a: GARNiDELiA
|-start|p2a: Greninja|typechange|Grass|[from] Protean
|-damage|p1a: GARNiDELiA|18\/277
|-damage|p2a: Greninja|258\/286|[from] item: Life Orb
|move|p1a: GARNiDELiA|Hyper Voice|p2a: Greninja
|-damage|p2a: Greninja|0 fnt
|faint|p2a: Greninja
|
|
|switch|p2a: Lucario|Lucario, M|281\/281
|turn|13
|
|move|p1a: GARNiDELiA|Protect|p1a: GARNiDELiA
|-singleturn|p1a: GARNiDELiA|Protect
|move|p2a: Lucario|Swords Dance|p2a: Lucario
|-boost|p2a: Lucario|atk|2
|
|turn|14
|
|move|p2a: Lucario|Extreme Speed|p1a: GARNiDELiA
|-damage|p1a: GARNiDELiA|0 fnt
|faint|p1a: GARNiDELiA
|
|
|switch|p1a: Firebird v0.6|Talonflame, M|297\/297
|turn|15
|
|move|p1a: Firebird v0.6|Flare Blitz|p2a: Lucario
|-supereffective|p2a: Lucario
|-enditem|p2a: Lucario|Focus Sash
|-damage|p2a: Lucario|1\/281
|-damage|p1a: Firebird v0.6|205\/297|[from] recoil|[of] p2a: Lucario
|move|p2a: Lucario|Swords Dance|p2a: Lucario
|-boost|p2a: Lucario|atk|2
|
|turn|16
|
|move|p2a: Lucario|Extreme Speed|p1a: Firebird v0.6
|-damage|p1a: Firebird v0.6|0 fnt
|faint|p1a: Firebird v0.6
|
|
|switch|p1a: Arch Bisharp|Bisharp, M|272\/272
|turn|17
|
|move|p2a: Lucario|Extreme Speed|p1a: Arch Bisharp
|-resisted|p1a: Arch Bisharp
|-damage|p1a: Arch Bisharp|142\/272
|move|p1a: Arch Bisharp|Sucker Punch|p2a: Lucario
|-fail|p2a: Lucario
|
|turn|18
|
|move|p2a: Lucario|Close Combat|p1a: Arch Bisharp
|-supereffective|p1a: Arch Bisharp
|-damage|p1a: Arch Bisharp|0 fnt
|-unboost|p2a: Lucario|def|1
|-unboost|p2a: Lucario|spd|1
|faint|p1a: Arch Bisharp
|
|c|âtaposek|^^
|
|switch|p1a: Ride Like the Wind|Keldeo|323\/323
|turn|19
|
|move|p2a: Lucario|Extreme Speed|p1a: Ride Like the Wind
|-damage|p1a: Ride Like the Wind|42\/323
|move|p1a: Ride Like the Wind|Scald|p2a: Lucario
|-damage|p2a: Lucario|0 fnt
|faint|p2a: Lucario
|
|
|switch|p2a: Arcanine|Arcanine, M|322\/322
|-ability|p2a: Arcanine|Intimidate|[of] p1a: Ride Like the Wind
|-unboost|p1a: Ride Like the Wind|atk|1
|turn|20
|
|move|p2a: Arcanine|Extreme Speed|p1a: Ride Like the Wind
|-damage|p1a: Ride Like the Wind|0 fnt
|-damage|p2a: Arcanine|290\/322|[from] item: Life Orb
|faint|p1a: Ride Like the Wind
|
|
|switch|p1a: Killer Bee|Landorus-Therian, M|27\/319
|-ability|p1a: Killer Bee|Intimidate|[of] p2a: Arcanine
|-unboost|p2a: Arcanine|atk|1
|turn|21
|
|move|p2a: Arcanine|Extreme Speed|p1a: Killer Bee
|-damage|p1a: Killer Bee|0 fnt
|-damage|p2a: Arcanine|258\/322|[from] item: Life Orb
|faint|p1a: Killer Bee
|
|
|switch|p1a: Swagnezone|Magnezone|281\/281
|turn|22
|
|move|p1a: Swagnezone|Thunderbolt|p2a: Arcanine
|-damage|p2a: Arcanine|51\/322
|move|p2a: Arcanine|Flare Blitz|p1a: Swagnezone
|-supereffective|p1a: Swagnezone
|-damage|p1a: Swagnezone|13\/281
|-damage|p2a: Arcanine|0 fnt|[from] recoil|[of] p1a: Swagnezone
|faint|p2a: Arcanine
|
|
|switch|p2a: Togekiss|Togekiss, M|329\/329
|turn|23
|
|move|p1a: Swagnezone|Thunderbolt|p2a: Togekiss
|-supereffective|p2a: Togekiss
|-damage|p2a: Togekiss|83\/329
|move|p2a: Togekiss|Aura Sphere|p1a: Swagnezone
|-supereffective|p1a: Swagnezone
|-damage|p1a: Swagnezone|0 fnt
|faint|p1a: Swagnezone
|
|win|taposek
|raw|Ladder updating...
|c|âbloodyloliokachan|gg
|c|âtaposek|gg
|raw|Ladder (probably) updated, but score could not be retrieved (timeout).
|raw|Ladder (probably) updated, but score could not be retrieved (Error: socket hang up).