|join|Eruvala
|join|misterbort
|player|p1|Eruvala|70
|player|p2|misterbort|256
|gametype|singles
|gen|6
|tier|UU
|rated
|rule|Sleep Clause Mod: Limit one foe put to sleep
|rule|Species Clause: Limit one of each PokÃ©mon
|rule|OHKO Clause: OHKO moves are banned
|rule|Moody Clause: Moody is banned
|rule|Evasion Moves Clause: Evasion moves are banned
|rule|Endless Battle Clause: Forcing endless battles is banned
|rule|HP Percentage Mod: HP is shown in percentages
|clearpoke
|poke|p1|Alakazam, M
|poke|p1|Aerodactyl, F, shiny
|poke|p1|Slurpuff, M, shiny
|poke|p1|Rotom-Heat
|poke|p1|Haxorus, F
|poke|p1|Combusken, F
|poke|p2|Blastoise, F
|poke|p2|Espeon, F
|poke|p2|Bronzong
|poke|p2|Toxicroak, M
|poke|p2|Machamp, M
|poke|p2|Slurpuff, F
|rule|Swagger Clause: Swagger is banned
|rule|Baton Pass Clause: Limit one PokÃ©mon knowing Baton Pass
|teampreview
|
|start
|switch|p1a: Aerodactyl|Aerodactyl, F, shiny|301\/301
|switch|p2a: Espeon|Espeon, F|334\/334
|turn|1
|
|switch|p2a: Bronzong|Bronzong|338\/338
|move|p1a: Aerodactyl|Rock Slide|p2a: Bronzong
|-resisted|p2a: Bronzong
|-damage|p2a: Bronzong|292\/338
|
|-heal|p2a: Bronzong|313\/338|[from] item: Leftovers
|turn|2
|
|move|p1a: Aerodactyl|Taunt|p2a: Bronzong
|-start|p2a: Bronzong|move: Taunt
|cant|p2a: Bronzong|move: Taunt|Toxic
|
|-heal|p2a: Bronzong|334\/338|[from] item: Leftovers
|turn|3
|
|move|p1a: Aerodactyl|Stealth Rock|p2a: Bronzong
|-sidestart|p2: misterbort|move: Stealth Rock
|move|p2a: Bronzong|Gyro Ball|p1a: Aerodactyl
|-supereffective|p1a: Aerodactyl
|-enditem|p1a: Aerodactyl|Focus Sash
|-damage|p1a: Aerodactyl|1\/301
|
|-heal|p2a: Bronzong|338\/338|[from] item: Leftovers
|turn|4
|
|switch|p1a: Combusken|Combusken, F|324\/324
|move|p2a: Bronzong|Gyro Ball|p1a: Combusken
|-resisted|p1a: Combusken
|-damage|p1a: Combusken|278\/324
|
|-end|p2a: Bronzong|move: Taunt
|turn|5
|
|move|p1a: Combusken|Swords Dance|p1a: Combusken
|-boost|p1a: Combusken|atk|2
|move|p2a: Bronzong|Earthquake|p1a: Combusken
|-supereffective|p1a: Combusken
|-damage|p1a: Combusken|140\/324
|
|-boost|p1a: Combusken|spe|1|[from] ability: Speed Boost
|turn|6
|
|move|p1a: Combusken|Protect|p1a: Combusken
|-singleturn|p1a: Combusken|Protect
|move|p2a: Bronzong|Earthquake|p1a: Combusken
|-activate|p1a: Combusken|Protect
|
|-boost|p1a: Combusken|spe|1|[from] ability: Speed Boost
|turn|7
|
|move|p1a: Combusken|Baton Pass|p1a: Combusken
|
|switch|p1a: Haxorus|Haxorus, F|321\/321
|-ability|p1a: Haxorus|Mold Breaker
|move|p2a: Bronzong|Earthquake|p1a: Haxorus
|-damage|p1a: Haxorus|248\/321
|
|turn|8
|
|move|p2a: Bronzong|Protect|p2a: Bronzong
|-singleturn|p2a: Bronzong|Protect
|move|p1a: Haxorus|Earthquake|p2a: Bronzong
|-activate|p2a: Bronzong|Protect
|
|turn|9
|c|âEruvala|Let the bodies hit the floor
|c|âEruvala|Let the bodies hit the floor
|c|âEruvala|Let the bodies hit the tss tss tss
|c|âEruvala|FLOOOOOOOOOOOOOR
|
|move|p1a: Haxorus|Earthquake|p2a: Bronzong
|-crit|p2a: Bronzong
|-supereffective|p2a: Bronzong
|-damage|p2a: Bronzong|0 fnt
|faint|p2a: Bronzong
|
|
|switch|p2a: Toxicroak|Toxicroak, M|307\/307
|-damage|p2a: Toxicroak|288\/307|[from] Stealth Rock
|turn|10
|
|move|p2a: Toxicroak|Sucker Punch|p1a: Haxorus
|-damage|p1a: Haxorus|110\/321
|move|p1a: Haxorus|Earthquake|p2a: Toxicroak
|-supereffective|p2a: Toxicroak
|-damage|p2a: Toxicroak|0 fnt
|faint|p2a: Toxicroak
|
|
|switch|p2a: Machamp|Machamp, M|363\/363
|-damage|p2a: Machamp|341\/363|[from] Stealth Rock
|turn|11
|
|move|p2a: Machamp|Bullet Punch|p1a: Haxorus
|-damage|p1a: Haxorus|54\/321
|move|p1a: Haxorus|Dual Chop|p2a: Machamp
|-damage|p2a: Machamp|143\/363
|-damage|p2a: Machamp|0 fnt
|-hitcount|p2a: Machamp|2
|faint|p2a: Machamp
|
|
|switch|p2a: Blastoise|Blastoise, F|346\/346
|-damage|p2a: Blastoise|303\/346|[from] Stealth Rock
|turn|12
|
|detailschange|p2a: Blastoise|Blastoise-Mega, F
|-mega|p2a: Blastoise|Blastoise|Blastoisinite
|move|p1a: Haxorus|Dual Chop|p2a: Blastoise
|-damage|p2a: Blastoise|147\/346
|-damage|p2a: Blastoise|0 fnt
|-hitcount|p2a: Blastoise|2
|faint|p2a: Blastoise
|
|c|âmisterbort|i forgot mold breaker
|c|âEruvala|Most do
|
|switch|p2a: Slurpuff|Slurpuff, F|306\/306
|-damage|p2a: Slurpuff|268\/306|[from] Stealth Rock
|turn|13
|c|âEruvala|rotoms cri, especially heat
|
|move|p1a: Haxorus|Poison Jab|p2a: Slurpuff
|-supereffective|p2a: Slurpuff
|-damage|p2a: Slurpuff|0 fnt
|faint|p2a: Slurpuff
|
|
|switch|p2a: Espeon|Espeon, F|334\/334
|-damage|p2a: Espeon|293\/334|[from] Stealth Rock
|turn|14
|c|âmisterbort|gg
|c|âEruvala|gg
|-message|misterbort forfeited.
|leave|misterbort
|
|win|Eruvala
|raw|Ladder updating...
|player|p2
|raw|Eruvala's rating: 1280 &rarr; <strong>1306<\/strong><br \/>(+26 for winning)
|raw|misterbort's rating: 1290 &rarr; <strong>1264<\/strong><br \/>(-26 for losing)