|join|Melaniaccia
|join|spec n
|player|p1|Melaniaccia|52
|player|p2|spec n|140
|gametype|singles
|gen|6
|tier|OU
|clearpoke
|poke|p1|Mightyena, M, shiny
|poke|p1|Swampert, M, shiny
|poke|p1|Gardevoir, M, shiny
|poke|p1|Venusaur, M, shiny
|poke|p1|Skarmory, M, shiny
|poke|p1|Dragonite, M, shiny
|poke|p2|Talonflame, F
|poke|p2|Clefable, M
|poke|p2|Rotom-Wash
|poke|p2|Heatran, M
|poke|p2|Scizor, M
|poke|p2|Medicham, F
|rule|Swagger Clause: Swagger is banned
|rule|Baton Pass Clause: Limit one PokÃ©mon knowing Baton Pass
|rule|Sleep Clause Mod: Limit one foe put to sleep
|rule|Species Clause: Limit one of each PokÃ©mon
|rule|OHKO Clause: OHKO moves are banned
|rule|Moody Clause: Moody is banned
|rule|Evasion Moves Clause: Evasion moves are banned
|rule|Endless Battle Clause: Forcing endless battles is banned
|rule|HP Percentage Mod: HP is shown in percentages
|teampreview
|
|start
|switch|p1a: Swampert|Swampert, M, shiny|403\/403
|switch|p2a: Heatran|Heatran, M|386\/386
|turn|1
|c|âspec n|non gioco da un po', torno qua dopo mesi
|
|switch|p2a: Rotom-Wash|Rotom-Wash|304\/304
|detailschange|p1a: Swampert|Swampert-Mega, M, shiny
|message|Swampert has Mega Evolved into Mega Swampert!
|move|p1a: Swampert|Hydro Pump|p2a: Rotom-Wash
|-resisted|p2a: Rotom-Wash
|-damage|p2a: Rotom-Wash|248\/304
|
|turn|2
|
|switch|p1a: Venusaur|Venusaur, M, shiny|364\/364
|move|p2a: Rotom-Wash|Will-O-Wisp|p1a: Venusaur
|-status|p1a: Venusaur|brn
|
|-damage|p1a: Venusaur|319\/364 brn|[from] brn
|turn|3
|c|âspec n|quindi potrei commettere qualche errore
|
|switch|p2a: Heatran|Heatran, M|386\/386
|move|p1a: Venusaur|Toxic|p2a: Heatran
|-fail|p2a: Heatran
|
|-heal|p1a: Venusaur|341\/364 brn|[from] item: Leftovers
|-damage|p1a: Venusaur|296\/364 brn|[from] brn
|turn|4
|c|âMelaniaccia|io sono alle prime armi
|c|âMelaniaccia|tranquillo
|
|move|p1a: Venusaur|Protect|p1a: Venusaur
|-singleturn|p1a: Venusaur|Protect
|move|p2a: Heatran|Stealth Rock|p1a: Venusaur
|-sidestart|p1: Melaniaccia|move: Stealth Rock
|
|-heal|p1a: Venusaur|318\/364 brn|[from] item: Leftovers
|-damage|p1a: Venusaur|273\/364 brn|[from] brn
|turn|5
|c|âspec n|tra l'altro ero un voiced qui, devono aver resettato qualcosa
|
|switch|p1a: Swampert|Swampert-Mega, M, shiny|403\/403
|-damage|p1a: Swampert|378\/403|[from] Stealth Rock
|move|p2a: Heatran|Roar|p1a: Swampert
|drag|p1a: Gardevoir|Gardevoir, M, shiny|340\/340
|-damage|p1a: Gardevoir|298\/340|[from] Stealth Rock
|
|turn|6
|
|move|p1a: Gardevoir|Hypnosis|p2a: Heatran|[miss]
|-miss|p1a: Gardevoir|p2a: Heatran
|move|p2a: Heatran|Toxic|p1a: Gardevoir
|-status|p1a: Gardevoir|tox
|
|-damage|p1a: Gardevoir|277\/340 tox|[from] psn
|turn|7
|
|switch|p2a: Scizor|Scizor, M|344\/344
|move|p1a: Gardevoir|Hypnosis|p2a: Scizor
|-status|p2a: Scizor|slp
|
|-damage|p1a: Gardevoir|235\/340 tox|[from] psn
|turn|8
|
|move|p1a: Gardevoir|Calm Mind|p1a: Gardevoir
|-boost|p1a: Gardevoir|spa|1
|-boost|p1a: Gardevoir|spd|1
|cant|p2a: Scizor|slp
|
|-damage|p1a: Gardevoir|172\/340 tox|[from] psn
|turn|9
|
|-curestatus|p2a: Scizor|slp
|move|p2a: Scizor|Bullet Punch|p1a: Gardevoir
|-supereffective|p1a: Gardevoir
|-damage|p1a: Gardevoir|0 fnt
|faint|p1a: Gardevoir
|
|
|switch|p1a: Dragonite|Dragonite, M, shiny|323\/323
|-damage|p1a: Dragonite|243\/323|[from] Stealth Rock
|turn|10
|
|move|p1a: Dragonite|Fire Punch|p2a: Scizor
|-supereffective|p2a: Scizor
|-damage|p2a: Scizor|0 fnt
|faint|p2a: Scizor
|
|
|switch|p2a: Rotom-Wash|Rotom-Wash|248\/304
|turn|11
|
|move|p2a: Rotom-Wash|Will-O-Wisp|p1a: Dragonite
|-status|p1a: Dragonite|brn
|move|p1a: Dragonite|Dragon Dance|p1a: Dragonite
|-boost|p1a: Dragonite|atk|1
|-boost|p1a: Dragonite|spe|1
|
|-damage|p1a: Dragonite|203\/323 brn|[from] brn
|turn|12
|
|switch|p2a: Clefable|Clefable, M|394\/394
|move|p1a: Dragonite|Dragon Claw|p2a: Clefable
|-immune|p2a: Clefable|[msg]
|
|-damage|p1a: Dragonite|163\/323 brn|[from] brn
|turn|13
|
|move|p1a: Dragonite|Fire Punch|p2a: Clefable
|-damage|p2a: Clefable|329\/394
|move|p2a: Clefable|Calm Mind|p2a: Clefable
|-boost|p2a: Clefable|spa|1
|-boost|p2a: Clefable|spd|1
|
|-heal|p2a: Clefable|353\/394|[from] item: Leftovers
|-damage|p1a: Dragonite|123\/323 brn|[from] brn
|turn|14
|
|move|p1a: Dragonite|Thunderbolt|p2a: Clefable
|-damage|p2a: Clefable|300\/394
|move|p2a: Clefable|Calm Mind|p2a: Clefable
|-boost|p2a: Clefable|spa|1
|-boost|p2a: Clefable|spd|1
|
|-heal|p2a: Clefable|324\/394|[from] item: Leftovers
|-damage|p1a: Dragonite|83\/323 brn|[from] brn
|turn|15
|c|âspec n|un consiglio
|c|âspec n|a dragonite metti solo mosse fisiche
|c|âspec n|ne guadagna
|
|move|p1a: Dragonite|Thunderbolt|p2a: Clefable
|-damage|p2a: Clefable|286\/394
|move|p2a: Clefable|Calm Mind|p2a: Clefable
|-boost|p2a: Clefable|spa|1
|-boost|p2a: Clefable|spd|1
|
|-heal|p2a: Clefable|310\/394|[from] item: Leftovers
|-damage|p1a: Dragonite|43\/323 brn|[from] brn
|turn|16
|
|switch|p1a: Skarmory|Skarmory, M, shiny|334\/334
|-damage|p1a: Skarmory|293\/334|[from] Stealth Rock
|move|p2a: Clefable|Calm Mind|p2a: Clefable
|-boost|p2a: Clefable|spa|1
|-boost|p2a: Clefable|spd|1
|
|-heal|p2a: Clefable|334\/394|[from] item: Leftovers
|turn|17
|
|move|p1a: Skarmory|Flash Cannon|p2a: Clefable
|-supereffective|p2a: Clefable
|-damage|p2a: Clefable|285\/394
|-damage|p1a: Skarmory|260\/334|[from] item: Life Orb
|move|p2a: Clefable|Flamethrower|p1a: Skarmory
|-supereffective|p1a: Skarmory
|-damage|p1a: Skarmory|0 fnt
|faint|p1a: Skarmory
|
|-heal|p2a: Clefable|309\/394|[from] item: Leftovers
|
|switch|p1a: Dragonite|Dragonite, M, shiny|43\/323 brn
|-damage|p1a: Dragonite|0 fnt|[from] Stealth Rock
|faint|p1a: Dragonite
|
|switch|p1a: Mightyena|Mightyena, M, shiny|344\/344
|-damage|p1a: Mightyena|301\/344|[from] Stealth Rock
|turn|18
|
|move|p1a: Mightyena|Poison Fang|p2a: Clefable
|-supereffective|p2a: Clefable
|-damage|p2a: Clefable|247\/394
|move|p2a: Clefable|Moonblast|p1a: Mightyena
|-supereffective|p1a: Mightyena
|-damage|p1a: Mightyena|0 fnt
|faint|p1a: Mightyena
|
|-heal|p2a: Clefable|271\/394|[from] item: Leftovers
|
|switch|p1a: Venusaur|Venusaur, M, shiny|273\/364 brn
|-damage|p1a: Venusaur|228\/364 brn|[from] Stealth Rock
|turn|19
|
|move|p1a: Venusaur|Toxic|p2a: Clefable
|-status|p2a: Clefable|tox
|move|p2a: Clefable|Flamethrower|p1a: Venusaur
|-supereffective|p1a: Venusaur
|-damage|p1a: Venusaur|0 fnt
|faint|p1a: Venusaur
|
|-heal|p2a: Clefable|295\/394 tox|[from] item: Leftovers
|
|switch|p1a: Swampert|Swampert-Mega, M, shiny|378\/403
|-damage|p1a: Swampert|353\/403|[from] Stealth Rock
|turn|20
|c|âspec n|gg
|
|move|p1a: Swampert|Ice Beam|p2a: Clefable
|-damage|p2a: Clefable|271\/394 tox
|move|p2a: Clefable|Moonblast|p1a: Swampert
|-damage|p1a: Swampert|125\/403
|-unboost|p1a: Swampert|spa|1
|
|-heal|p2a: Clefable|295\/394 tox|[from] item: Leftovers
|turn|21
|
|move|p1a: Swampert|Mega Punch|p2a: Clefable
|-damage|p2a: Clefable|210\/394 tox
|move|p2a: Clefable|Moonblast|p1a: Swampert
|-damage|p1a: Swampert|0 fnt
|faint|p1a: Swampert
|
|win|spec n
|leave|Melaniaccia
|player|p1
|join|Trouble In UranuS