|join|Reverb
|join|spec m
|player|p1|Reverb|#reverb
|player|p2|spec m|92
|gametype|singles
|gen|6
|tier|OU
|rated
|clearpoke
|poke|p1|Empoleon, F
|poke|p1|Tyranitar, M
|poke|p1|Charizard, M
|poke|p1|Keldeo
|poke|p1|Kyurem-Black
|poke|p1|Landorus-Therian, M
|poke|p2|Excadrill, M
|poke|p2|Hippowdon, M
|poke|p2|Garchomp, F
|poke|p2|Landorus, M
|poke|p2|Gastrodon, M
|poke|p2|Mamoswine, F
|rule|Swagger Clause: Swagger is banned
|rule|Baton Pass Clause: Limit one PokÃ©mon knowing Baton Pass
|rule|Sleep Clause Mod: Limit one foe put to sleep
|rule|Species Clause: Limit one of each PokÃ©mon
|rule|OHKO Clause: OHKO moves are banned
|rule|Moody Clause: Moody is banned
|rule|Evasion Moves Clause: Evasion moves are banned
|rule|Endless Battle Clause: Forcing endless battles is banned
|rule|HP Percentage Mod: HP is shown in percentages
|teampreview
|
|start
|switch|p1a: Keldeo|Keldeo|323\/323
|switch|p2a: Hippowdon|Hippowdon, M|420\/420
|-weather|Sandstorm
|turn|1
|join|Pure Demize
|join|Druides
|
|switch|p2a: Landorus|Landorus, M|320\/320
|move|p1a: Keldeo|Secret Sword|p2a: Landorus
|-resisted|p2a: Landorus
|-damage|p2a: Landorus|188\/320
|
|-weather|Sandstorm|[upkeep]
|-damage|p1a: Keldeo|303\/323|[from] Sandstorm
|turn|2
|
|switch|p1a: Landorus-Therian|Landorus-Therian, M|327\/327
|-ability|p1a: Landorus-Therian|Intimidate|[of] p2a: Landorus
|-unboost|p2a: Landorus|atk|1
|move|p2a: Landorus|Gravity|p2a: Landorus
|-fieldstart|move: Gravity
|
|-weather|Sandstorm|[upkeep]
|turn|3
|
|move|p1a: Landorus-Therian|U-turn|p2a: Landorus
|-resisted|p2a: Landorus
|-damage|p2a: Landorus|143\/320
|
|switch|p1a: Tyranitar|Tyranitar, M|383\/383
|move|p2a: Landorus|Earth Power|p1a: Tyranitar
|-supereffective|p1a: Tyranitar
|-damage|p1a: Tyranitar|45\/383
|
|-weather|Sandstorm|[upkeep]
|turn|4
|
|switch|p1a: Landorus-Therian|Landorus-Therian, M|327\/327
|-ability|p1a: Landorus-Therian|Intimidate|[of] p2a: Landorus
|-unboost|p2a: Landorus|atk|1
|move|p2a: Landorus|Earth Power|p1a: Landorus-Therian
|-crit|p1a: Landorus-Therian
|-damage|p1a: Landorus-Therian|0 fnt
|faint|p1a: Landorus-Therian
|
|-weather|Sandstorm|[upkeep]
|
|switch|p1a: Keldeo|Keldeo|303\/323
|turn|5
|
|switch|p2a: Gastrodon|Gastrodon, M|426\/426
|move|p1a: Keldeo|Icy Wind|p2a: Gastrodon
|-damage|p2a: Gastrodon|353\/426
|-unboost|p2a: Gastrodon|spe|1
|
|-weather|Sandstorm|[upkeep]
|-damage|p1a: Keldeo|283\/323|[from] Sandstorm
|-heal|p2a: Gastrodon|379\/426|[from] item: Leftovers
|turn|6
|
|switch|p1a: Empoleon|Empoleon, F|372\/372
|move|p2a: Gastrodon|Scald|p1a: Empoleon
|-resisted|p1a: Empoleon
|-damage|p1a: Empoleon|333\/372
|
|-weather|Sandstorm|[upkeep]
|-heal|p1a: Empoleon|356\/372|[from] item: Leftovers
|-heal|p2a: Gastrodon|405\/426|[from] item: Leftovers
|-fieldend|move: Gravity
|turn|7
|
|move|p1a: Empoleon|Stealth Rock|p2a: Gastrodon
|-sidestart|p2: spec m|move: Stealth Rock
|move|p2a: Gastrodon|Scald|p1a: Empoleon
|-resisted|p1a: Empoleon
|-damage|p1a: Empoleon|314\/372
|
|-weather|Sandstorm|[upkeep]
|-heal|p1a: Empoleon|337\/372|[from] item: Leftovers
|-heal|p2a: Gastrodon|426\/426|[from] item: Leftovers
|turn|8
|
|switch|p1a: Tyranitar|Tyranitar, M|45\/383
|move|p2a: Gastrodon|Scald|p1a: Tyranitar
|-supereffective|p1a: Tyranitar
|-damage|p1a: Tyranitar|0 fnt
|faint|p1a: Tyranitar
|
|-weather|none
|
|switch|p1a: Charizard|Charizard, M|297\/297
|turn|9
|
|detailschange|p1a: Charizard|Charizard-Mega-Y, M
|message|Charizard has Mega Evolved into Mega Charizard!
|-weather|SunnyDay
|move|p2a: Gastrodon|Protect|p2a: Gastrodon
|-singleturn|p2a: Gastrodon|Protect
|move|p1a: Charizard|Solar Beam|p2a: Gastrodon|[still]
|-prepare|p1a: Charizard|Solar Beam|p2a: Gastrodon
|-anim|p1a: Charizard|Solar Beam|p2a: Gastrodon
|-activate|p2a: Gastrodon|Protect
|
|-weather|SunnyDay|[upkeep]
|turn|10
|
|switch|p2a: Hippowdon|Hippowdon, M|420\/420
|-damage|p2a: Hippowdon|394\/420|[from] Stealth Rock
|-weather|Sandstorm
|move|p1a: Charizard|Fire Blast|p2a: Hippowdon
|-damage|p2a: Hippowdon|67\/420
|
|-weather|Sandstorm|[upkeep]
|-damage|p1a: Charizard|279\/297|[from] Sandstorm
|turn|11
|
|switch|p2a: Gastrodon|Gastrodon, M|426\/426
|-damage|p2a: Gastrodon|400\/426|[from] Stealth Rock
|move|p1a: Charizard|Fire Blast|p2a: Gastrodon
|-resisted|p2a: Gastrodon
|-damage|p2a: Gastrodon|302\/426
|
|-weather|Sandstorm|[upkeep]
|-damage|p1a: Charizard|261\/297|[from] Sandstorm
|-heal|p2a: Gastrodon|328\/426|[from] item: Leftovers
|turn|12
|
|switch|p1a: Empoleon|Empoleon, F|337\/372
|move|p2a: Gastrodon|Toxic|p1a: Empoleon
|-fail|p1a: Empoleon
|
|-weather|Sandstorm|[upkeep]
|-heal|p1a: Empoleon|360\/372|[from] item: Leftovers
|-heal|p2a: Gastrodon|354\/426|[from] item: Leftovers
|turn|13
|
|switch|p1a: Charizard|Charizard-Mega-Y, M|261\/297
|-weather|SunnyDay
|move|p2a: Gastrodon|Scald|p1a: Charizard
|-supereffective|p1a: Charizard
|-damage|p1a: Charizard|181\/297
|
|-weather|SunnyDay|[upkeep]
|-heal|p2a: Gastrodon|380\/426|[from] item: Leftovers
|turn|14
|
|switch|p2a: Hippowdon|Hippowdon, M|67\/420
|-damage|p2a: Hippowdon|41\/420|[from] Stealth Rock
|-weather|Sandstorm
|move|p1a: Charizard|Solar Beam|p2a: Hippowdon|[still]
|-prepare|p1a: Charizard|Solar Beam|p2a: Hippowdon
|
|-weather|Sandstorm|[upkeep]
|-damage|p1a: Charizard|163\/297|[from] Sandstorm
|turn|15
|
|switch|p2a: Landorus|Landorus, M|143\/320
|-damage|p2a: Landorus|103\/320|[from] Stealth Rock
|move|p1a: Charizard|Solar Beam|p2a: Landorus
|-damage|p2a: Landorus|0 fnt
|faint|p2a: Landorus
|
|-weather|Sandstorm|[upkeep]
|-damage|p1a: Charizard|145\/297|[from] Sandstorm
|
|switch|p2a: Excadrill|Excadrill, M|361\/361
|-damage|p2a: Excadrill|350\/361|[from] Stealth Rock
|turn|16
|
|switch|p1a: Empoleon|Empoleon, F|360\/372
|move|p2a: Excadrill|Rock Slide|p1a: Empoleon
|-resisted|p1a: Empoleon
|-damage|p1a: Empoleon|303\/372
|-damage|p2a: Excadrill|314\/361|[from] item: Life Orb
|
|-weather|Sandstorm|[upkeep]
|-heal|p1a: Empoleon|326\/372|[from] item: Leftovers
|turn|17
|
|switch|p1a: Charizard|Charizard-Mega-Y, M|145\/297
|-weather|SunnyDay
|move|p2a: Excadrill|Earthquake|p1a: Charizard
|-immune|p1a: Charizard|[msg]
|
|-weather|SunnyDay|[upkeep]
|turn|18
|
|switch|p2a: Hippowdon|Hippowdon, M|41\/420
|-damage|p2a: Hippowdon|15\/420|[from] Stealth Rock
|-weather|Sandstorm
|move|p1a: Charizard|Fire Blast|p2a: Hippowdon
|-damage|p2a: Hippowdon|0 fnt
|faint|p2a: Hippowdon
|
|-weather|Sandstorm|[upkeep]
|-damage|p1a: Charizard|127\/297|[from] Sandstorm
|
|switch|p2a: Garchomp|Garchomp, F|357\/357
|-damage|p2a: Garchomp|335\/357|[from] Stealth Rock
|turn|19
|
|move|p2a: Garchomp|Outrage|p1a: Charizard
|-damage|p1a: Charizard|0 fnt
|faint|p1a: Charizard
|
|-weather|Sandstorm|[upkeep]
|
|switch|p1a: Empoleon|Empoleon, F|326\/372
|turn|20
|join|mouse de frank
|
|move|p2a: Garchomp|Outrage|p1a: Empoleon
|-resisted|p1a: Empoleon
|-damage|p1a: Empoleon|242\/372
|move|p1a: Empoleon|Scald|p2a: Garchomp
|-damage|p2a: Garchomp|211\/357
|
|-end|p2a: Garchomp|rampage
|-start|p2a: Garchomp|confusion
|-weather|Sandstorm|[upkeep]
|-heal|p1a: Empoleon|265\/372|[from] item: Leftovers
|turn|21
|join|3GM
|
|detailschange|p2a: Garchomp|Garchomp-Mega, F
|message|Garchomp has Mega Evolved into Mega Garchomp!
|-activate|p2a: Garchomp|confusion
|-damage|p2a: Garchomp|157\/357|[from] confusion
|move|p1a: Empoleon|Scald|p2a: Garchomp
|-crit|p2a: Garchomp
|-damage|p2a: Garchomp|9\/357
|
|-weather|Sandstorm|[upkeep]
|-heal|p1a: Empoleon|288\/372|[from] item: Leftovers
|turn|22
|
|-activate|p2a: Garchomp|confusion
|move|p2a: Garchomp|Earthquake|p1a: Empoleon
|-supereffective|p1a: Empoleon
|-damage|p1a: Empoleon|0 fnt
|faint|p1a: Empoleon
|
|-weather|Sandstorm|[upkeep]
|
|switch|p1a: Keldeo|Keldeo|283\/323
|turn|23
|
|move|p1a: Keldeo|Secret Sword|p2a: Garchomp
|-damage|p2a: Garchomp|0 fnt
|faint|p2a: Garchomp
|
|-weather|Sandstorm|[upkeep]
|-damage|p1a: Keldeo|263\/323|[from] Sandstorm
|
|switch|p2a: Excadrill|Excadrill, M|314\/361
|-damage|p2a: Excadrill|303\/361|[from] Stealth Rock
|turn|24
|
|move|p2a: Excadrill|Earthquake|p1a: Keldeo
|-damage|p1a: Keldeo|0 fnt
|-damage|p2a: Excadrill|267\/361|[from] item: Life Orb
|faint|p1a: Keldeo
|
|-weather|Sandstorm|[upkeep]
|c| 3GM|the dmg
|
|switch|p1a: Kyurem-Black|Kyurem-Black|391\/391
|-ability|p1a: Kyurem-Black|Teravolt
|turn|25
|c|âReverb|yeah i messed up
|
|move|p2a: Excadrill|Iron Head|p1a: Kyurem-Black
|-crit|p1a: Kyurem-Black
|-supereffective|p1a: Kyurem-Black
|-damage|p1a: Kyurem-Black|0 fnt
|-damage|p2a: Excadrill|231\/361|[from] item: Life Orb
|faint|p1a: Kyurem-Black
|
|win|spec m
|raw|Ladder updating...
|raw|Reverb's rating: 1729 &rarr; <strong>1698<\/strong><br \/>(-31 for losing)
|raw|spec m's rating: 1519 &rarr; <strong>1549<\/strong><br \/>(+30 for winning)
|c|âspec m|yup
|c|âspec m|gg
|c|âReverb|idk why i stayed in
|leave|3GM
|c|âReverb|gg
|leave|mouse de frank
|leave|Reverb
|player|p1
|leave|Pure Demize
|join|Bigfilip 92
|join|chakyxt
|c| Bigfilip 92|rewverb
|c|âspec m|e chi Ã¨?
|c| Bigfilip 92|Ã¨ un italaino stra powa
|c| Bigfilip 92|in uber
|c|âspec m|ah
|c|âspec m|buono a sapersi
|c| Bigfilip 92|e ha da un bel po  quell'avatar figo
|join|it's fighting time
|leave|Druides
|c| Bigfilip 92|che ci faccia  in ou no idea
|c|âspec m|va bhe
|c|âspec m|pace
|c| Bigfilip 92|ed Ã¨ global mode
|leave|Bigfilip 92
|join|ghiljk
|leave|ghiljk
|leave|it's fighting time
|player|p2|Guest 202604|92
|join|spec l
|player|p2|spec l|92
|player|p2|Guest 202604|92
|join|spec n
|player|p2|spec n|92