|join|IPLSessions
|join|spec n
|player|p1|IPLSessions|169
|player|p2|spec n|163
|gametype|singles
|gen|6
|tier|OU
|rated
|clearpoke
|poke|p1|Heracross, M
|poke|p1|Rotom-Wash
|poke|p1|Heatran, F
|poke|p1|Skarmory, F
|poke|p1|Sylveon, F
|poke|p1|Diggersby, M
|poke|p2|Metagross
|poke|p2|Gengar, M, shiny
|poke|p2|Keldeo-Resolute
|poke|p2|Landorus-Therian, M
|poke|p2|Raikou
|poke|p2|Heatran, M
|rule|Swagger Clause: Swagger is banned
|rule|Baton Pass Clause: Limit one PokÃ©mon knowing Baton Pass
|rule|Sleep Clause Mod: Limit one foe put to sleep
|rule|Species Clause: Limit one of each PokÃ©mon
|rule|OHKO Clause: OHKO moves are banned
|rule|Moody Clause: Moody is banned
|rule|Evasion Moves Clause: Evasion moves are banned
|rule|Endless Battle Clause: Forcing endless battles is banned
|rule|HP Percentage Mod: HP is shown in percentages
|teampreview
|
|start
|switch|p1a: Rotom-Wash|Rotom-Wash|303\/303
|switch|p2a: Landorus-Therian|Landorus-Therian, M|381\/381
|-ability|p2a: Landorus-Therian|Intimidate|[of] p1a: Rotom-Wash
|-unboost|p1a: Rotom-Wash|atk|1
|turn|1
|
|move|p2a: Landorus-Therian|U-turn|p1a: Rotom-Wash
|-damage|p1a: Rotom-Wash|238\/303
|
|switch|p2a: Raikou|Raikou|321\/321
|-ability|p2a: Raikou|Pressure
|move|p1a: Rotom-Wash|Hydro Pump|p2a: Raikou|[miss]
|-miss|p1a: Rotom-Wash|p2a: Raikou
|
|-heal|p1a: Rotom-Wash|256\/303|[from] item: Leftovers
|turn|2
|
|switch|p1a: Heatran|Heatran, F|385\/385
|move|p2a: Raikou|Calm Mind|p2a: Raikou
|-boost|p2a: Raikou|spa|1
|-boost|p2a: Raikou|spd|1
|
|turn|3
|
|move|p2a: Raikou|Substitute|p2a: Raikou
|-start|p2a: Raikou|Substitute
|-damage|p2a: Raikou|241\/321
|move|p1a: Heatran|Earth Power|p2a: Raikou
|-supereffective|p2a: Raikou
|-end|p2a: Raikou|Substitute
|
|-heal|p2a: Raikou|261\/321|[from] item: Leftovers
|turn|4
|
|switch|p2a: Landorus-Therian|Landorus-Therian, M|381\/381
|-ability|p2a: Landorus-Therian|Intimidate|[of] p1a: Heatran
|-unboost|p1a: Heatran|atk|1
|move|p1a: Heatran|Earth Power|p2a: Landorus-Therian
|-immune|p2a: Landorus-Therian|[msg]
|
|turn|5
|join|Bigfilip 92
|
|switch|p1a: Skarmory|Skarmory, F|333\/333
|move|p2a: Landorus-Therian|Stealth Rock|p1a: Skarmory
|-sidestart|p1: IPLSessions|move: Stealth Rock
|
|turn|6
|
|move|p2a: Landorus-Therian|U-turn|p1a: Skarmory
|-resisted|p1a: Skarmory
|-damage|p1a: Skarmory|320\/333
|-damage|p2a: Landorus-Therian|318\/381|[from] item: Rocky Helmet|[of] p1a: Skarmory
|
|switch|p2a: Raikou|Raikou|261\/321
|-ability|p2a: Raikou|Pressure
|move|p1a: Skarmory|Defog|p2a: Raikou
|-unboost|p2a: Raikou|evasion|1
|-sideend|p1: IPLSessions|Stealth Rock|[from] move: Defog|[of] p1a: Skarmory
|
|-heal|p2a: Raikou|281\/321|[from] item: Leftovers
|turn|7
|
|switch|p1a: Heatran|Heatran, F|385\/385
|move|p2a: Raikou|Thunderbolt|p1a: Heatran
|-crit|p1a: Heatran
|-damage|p1a: Heatran|232\/385
|
|-heal|p2a: Raikou|301\/321|[from] item: Leftovers
|-heal|p1a: Heatran|256\/385|[from] item: Leftovers
|turn|8
|
|move|p2a: Raikou|Substitute|p2a: Raikou
|-start|p2a: Raikou|Substitute
|-damage|p2a: Raikou|221\/321
|move|p1a: Heatran|Taunt|p2a: Raikou
|-start|p2a: Raikou|move: Taunt
|
|-heal|p2a: Raikou|241\/321|[from] item: Leftovers
|-heal|p1a: Heatran|280\/385|[from] item: Leftovers
|turn|9
|
|move|p2a: Raikou|Thunderbolt|p1a: Heatran
|-damage|p1a: Heatran|181\/385
|move|p1a: Heatran|Earth Power|p2a: Raikou
|-supereffective|p2a: Raikou
|-end|p2a: Raikou|Substitute
|
|-heal|p2a: Raikou|261\/321|[from] item: Leftovers
|-heal|p1a: Heatran|205\/385|[from] item: Leftovers
|turn|10
|
|switch|p2a: Keldeo-Resolute|Keldeo-Resolute|323\/323
|move|p1a: Heatran|Lava Plume|p2a: Keldeo-Resolute
|-resisted|p2a: Keldeo-Resolute
|-damage|p2a: Keldeo-Resolute|259\/323
|
|-heal|p2a: Keldeo-Resolute|279\/323|[from] item: Leftovers
|-heal|p1a: Heatran|229\/385|[from] item: Leftovers
|turn|11
|
|switch|p1a: Rotom-Wash|Rotom-Wash|256\/303
|move|p2a: Keldeo-Resolute|Secret Sword|p1a: Rotom-Wash
|-damage|p1a: Rotom-Wash|151\/303
|
|-heal|p2a: Keldeo-Resolute|299\/323|[from] item: Leftovers
|-heal|p1a: Rotom-Wash|169\/303|[from] item: Leftovers
|turn|12
|
|move|p2a: Keldeo-Resolute|Substitute|p2a: Keldeo-Resolute
|-start|p2a: Keldeo-Resolute|Substitute
|-damage|p2a: Keldeo-Resolute|219\/323
|move|p1a: Rotom-Wash|Pain Split|p2a: Keldeo-Resolute
|
|-heal|p2a: Keldeo-Resolute|239\/323|[from] item: Leftovers
|-heal|p1a: Rotom-Wash|187\/303|[from] item: Leftovers
|turn|13
|
|move|p2a: Keldeo-Resolute|Secret Sword|p1a: Rotom-Wash
|-damage|p1a: Rotom-Wash|73\/303
|move|p1a: Rotom-Wash|Volt Switch|p2a: Keldeo-Resolute
|-supereffective|p2a: Keldeo-Resolute
|-end|p2a: Keldeo-Resolute|Substitute
|
|switch|p1a: Sylveon|Sylveon, F|392\/392
|
|-heal|p2a: Keldeo-Resolute|259\/323|[from] item: Leftovers
|turn|14
|
|switch|p2a: Heatran|Heatran, M|386\/386
|move|p1a: Sylveon|Hyper Voice|p2a: Heatran
|-resisted|p2a: Heatran
|-damage|p2a: Heatran|324\/386
|
|-heal|p2a: Heatran|348\/386|[from] item: Leftovers
|turn|15
|
|switch|p2a: Landorus-Therian|Landorus-Therian, M|318\/381
|-ability|p2a: Landorus-Therian|Intimidate|[of] p1a: Sylveon
|-unboost|p1a: Sylveon|atk|1
|switch|p1a: Rotom-Wash|Rotom-Wash|73\/303
|
|-heal|p2a: Landorus-Therian|341\/381|[from] item: Leftovers
|-heal|p1a: Rotom-Wash|91\/303|[from] item: Leftovers
|turn|16
|
|move|p2a: Landorus-Therian|Knock Off|p1a: Rotom-Wash
|-crit|p1a: Rotom-Wash
|-damage|p1a: Rotom-Wash|0 fnt
|-enditem|p1a: Rotom-Wash|Leftovers|[from] move: Knock Off|[of] p2a: Landorus-Therian
|faint|p1a: Rotom-Wash
|
|-heal|p2a: Landorus-Therian|364\/381|[from] item: Leftovers
|
|switch|p1a: Sylveon|Sylveon, F|392\/392
|turn|17
|
|switch|p2a: Heatran|Heatran, M|348\/386
|move|p1a: Sylveon|Hyper Voice|p2a: Heatran
|-resisted|p2a: Heatran
|-damage|p2a: Heatran|288\/386
|
|-heal|p2a: Heatran|312\/386|[from] item: Leftovers
|turn|18
|
|switch|p1a: Heatran|Heatran, F|229\/385
|move|p2a: Heatran|Earth Power|p1a: Heatran
|-supereffective|p1a: Heatran
|-damage|p1a: Heatran|0 fnt
|faint|p1a: Heatran
|
|-heal|p2a: Heatran|336\/386|[from] item: Leftovers
|
|switch|p1a: Diggersby|Diggersby, M|311\/311
|turn|19
|c| Bigfilip 92|dietro il sub fai le peggio porcate
|
|switch|p1a: Heracross|Heracross, M|301\/301
|switch|p2a: Landorus-Therian|Landorus-Therian, M|364\/381
|-ability|p2a: Landorus-Therian|Intimidate|[of] p1a: Heracross
|-unboost|p1a: Heracross|atk|1
|
|-heal|p2a: Landorus-Therian|381\/381|[from] item: Leftovers
|turn|20
|c|âspec n|giÃ 
|
|detailschange|p1a: Heracross|Heracross-Mega, M
|-mega|p1a: Heracross|Heracross|Heracronite
|move|p1a: Heracross|Bullet Seed|p2a: Landorus-Therian
|-damage|p2a: Landorus-Therian|353\/381
|-crit|p2a: Landorus-Therian
|-damage|p2a: Landorus-Therian|288\/381
|-damage|p2a: Landorus-Therian|258\/381
|-damage|p2a: Landorus-Therian|228\/381
|-damage|p2a: Landorus-Therian|200\/381
|-hitcount|p2a: Landorus-Therian|5
|move|p2a: Landorus-Therian|Stealth Rock|p1a: Heracross
|-sidestart|p1: IPLSessions|move: Stealth Rock
|
|-heal|p2a: Landorus-Therian|223\/381|[from] item: Leftovers
|turn|21
|c| Bigfilip 92|e obblighi sempre lo switch
|join|InSoMn
|
|switch|p1a: Skarmory|Skarmory, F|320\/333
|-damage|p1a: Skarmory|279\/333|[from] Stealth Rock
|move|p2a: Landorus-Therian|U-turn|p1a: Skarmory
|-resisted|p1a: Skarmory
|-damage|p1a: Skarmory|265\/333
|-damage|p2a: Landorus-Therian|160\/381|[from] item: Rocky Helmet|[of] p1a: Skarmory
|
|switch|p2a: Heatran|Heatran, M|336\/386
|
|-heal|p2a: Heatran|360\/386|[from] item: Leftovers
|turn|22
|
|switch|p1a: Sylveon|Sylveon, F|392\/392
|-damage|p1a: Sylveon|343\/392|[from] Stealth Rock
|move|p2a: Heatran|Lava Plume|p1a: Sylveon
|-damage|p1a: Sylveon|235\/392
|-status|p1a: Sylveon|brn
|
|-heal|p2a: Heatran|384\/386|[from] item: Leftovers
|-damage|p1a: Sylveon|186\/392 brn|[from] brn
|turn|23
|join|nicholas99
|-message|IPLSessions forfeited.
|
|win|spec n
|raw|Ladder updating...
|leave|IPLSessions
|player|p1
|raw|IPLSessions's rating: 1553 &rarr; <strong>1534<\/strong><br \/>(-19 for losing)
|raw|spec n's rating: 1579 &rarr; <strong>1597<\/strong><br \/>(+18 for winning)
|c| nicholas99|gg
|c|âspec n|gg
|leave|nicholas99
|leave|InSoMn
|leave|Bigfilip 92
|join|InSoMn
|leave|InSoMn