|join|spec n
|join|The Fedora Man
|player|p1|spec n|92
|player|p2|The Fedora Man|52
|gametype|singles
|gen|6
|tier|OU (suspect test)
|rated
|clearpoke
|poke|p1|Breloom, F
|poke|p1|Slowbro, M
|poke|p1|Heatran, F
|poke|p1|Gardevoir, F
|poke|p1|Rotom-Wash
|poke|p1|Scizor, F
|poke|p2|Zapdos
|poke|p2|Toxicroak, F
|poke|p2|Altaria, F
|poke|p2|Claydol, shiny
|poke|p2|Rotom-Heat
|poke|p2|Bisharp, F
|rule|Swagger Clause: Swagger is banned
|rule|Baton Pass Clause: Limit one PokÃ©mon knowing Baton Pass
|rule|Sleep Clause Mod: Limit one foe put to sleep
|rule|Species Clause: Limit one of each PokÃ©mon
|rule|OHKO Clause: OHKO moves are banned
|rule|Moody Clause: Moody is banned
|rule|Evasion Moves Clause: Evasion moves are banned
|rule|Endless Battle Clause: Forcing endless battles is banned
|rule|HP Percentage Mod: HP is shown in percentages
|teampreview
|join|Clefairy
|join|SLS10
|join|EvioliteDewott
|c| EvioliteDewott|DICKS
|join|MrWhite
|
|start
|switch|p1a: Rotom-Wash|Rotom-Wash|298\/298
|switch|p2a: zap7|Zapdos|358\/358
|-ability|p2a: zap7|Pressure
|turn|1
|c| MrWhite|I came here to fuck bitches and watch pokemon
|c| MrWhite|and I can't see bitches here
|join|Big the Hedgehog
|
|switch|p2a: sky toad|Altaria, F|329\/329
|move|p1a: Rotom-Wash|Trick|p2a: sky toad
|-fail|p2a: sky toad
|
|turn|2
|c| Big the Hedgehog|LOL
|join|Scotteh
|
|switch|p1a: Scizor|Scizor, F|344\/344
|switch|p2a: zap7|Zapdos|358\/358
|-ability|p2a: zap7|Pressure
|
|turn|3
|join|TITRATION
|
|switch|p1a: Heatran|Heatran, F|386\/386
|move|p2a: zap7|Heat Wave|p1a: Heatran
|-start|p1a: Heatran|ability: Flash Fire
|
|turn|4
|c| MrWhite|podraced son
|
|move|p2a: zap7|Thunderbolt|p1a: Heatran
|-damage|p1a: Heatran|225\/386
|-damage|p2a: zap7|323\/358|[from] item: Life Orb
|move|p1a: Heatran|Stealth Rock|p2a: zap7
|-sidestart|p2: The Fedora Man|move: Stealth Rock
|
|-heal|p1a: Heatran|249\/386|[from] item: Leftovers
|turn|5
|
|move|p1a: Heatran|Protect|p1a: Heatran
|-singleturn|p1a: Heatran|Protect
|move|p2a: zap7|Thunderbolt|p1a: Heatran
|-activate|p1a: Heatran|Protect
|
|-heal|p1a: Heatran|273\/386|[from] item: Leftovers
|turn|6
|join|SamuelBest3
|
|move|p2a: zap7|Thunderbolt|p1a: Heatran
|-damage|p1a: Heatran|109\/386
|-damage|p2a: zap7|288\/358|[from] item: Life Orb
|move|p1a: Heatran|Lava Plume|p2a: zap7
|-damage|p2a: zap7|62\/358
|
|-heal|p1a: Heatran|133\/386|[from] item: Leftovers
|turn|7
|
|move|p1a: Heatran|Protect|p1a: Heatran
|-singleturn|p1a: Heatran|Protect
|move|p2a: zap7|Thunderbolt|p1a: Heatran
|-activate|p1a: Heatran|Protect
|
|-heal|p1a: Heatran|157\/386|[from] item: Leftovers
|turn|8
|
|move|p1a: Heatran|Protect|p1a: Heatran
|-fail|p1a: Heatran
|move|p2a: zap7|Thunderbolt|p1a: Heatran
|-damage|p1a: Heatran|0 fnt
|-damage|p2a: zap7|27\/358|[from] item: Life Orb
|faint|p1a: Heatran
|
|
|switch|p1a: Breloom|Breloom, F|261\/261
|turn|9
|
|switch|p2a: frog meme|Toxicroak, F|307\/307
|-damage|p2a: frog meme|288\/307|[from] Stealth Rock
|move|p1a: Breloom|Mach Punch|p2a: frog meme
|-resisted|p2a: frog meme
|-damage|p2a: frog meme|178\/307
|-damage|p1a: Breloom|235\/261|[from] item: Life Orb
|
|-heal|p2a: frog meme|197\/307|[from] item: Black Sludge
|turn|10
|
|move|p2a: frog meme|Drain Punch|p1a: Breloom
|-damage|p1a: Breloom|94\/261
|-heal|p2a: frog meme|268\/307|[from] drain|[of] p1a: Breloom
|move|p1a: Breloom|Spore|p2a: frog meme
|-status|p2a: frog meme|slp
|
|-heal|p2a: frog meme|287\/307 slp|[from] item: Black Sludge
|turn|11
|
|switch|p1a: Gardevoir|Gardevoir, F|277\/277
|-ability|p1a: Gardevoir|Dry Skin|[from] ability: Trace|[of] p2a: frog meme
|cant|p2a: frog meme|slp
|
|-heal|p2a: frog meme|306\/307 slp|[from] item: Black Sludge
|turn|12
|
|switch|p2a: thanks owle|Claydol, shiny|324\/324
|-damage|p2a: thanks owle|304\/324|[from] Stealth Rock
|detailschange|p1a: Gardevoir|Gardevoir-Mega, F
|-mega|p1a: Gardevoir|Gardevoir|Gardevoirite
|move|p1a: Gardevoir|Psyshock|p2a: thanks owle
|-resisted|p2a: thanks owle
|-damage|p2a: thanks owle|222\/324
|
|-heal|p2a: thanks owle|242\/324|[from] item: Leftovers
|turn|13
|leave|Big the Hedgehog
|
|move|p1a: Gardevoir|Hyper Voice|p2a: thanks owle
|-damage|p2a: thanks owle|97\/324
|move|p2a: thanks owle|Rapid Spin|p1a: Gardevoir
|-damage|p1a: Gardevoir|263\/277
|-sideend|p2: The Fedora Man|Stealth Rock|[from] move: Rapid Spin|[of] p2a: thanks owle
|
|-heal|p2a: thanks owle|117\/324|[from] item: Leftovers
|turn|14
|
|switch|p2a: ghost oven|Rotom-Heat|303\/303
|move|p1a: Gardevoir|Hyper Voice|p2a: ghost oven
|-resisted|p2a: ghost oven
|-damage|p2a: ghost oven|184\/303
|
|-heal|p2a: ghost oven|202\/303|[from] item: Leftovers
|turn|15
|
|switch|p1a: Rotom-Wash|Rotom-Wash|298\/298
|move|p2a: ghost oven|Will-O-Wisp|p1a: Rotom-Wash
|-status|p1a: Rotom-Wash|brn
|
|-heal|p2a: ghost oven|220\/303|[from] item: Leftovers
|-damage|p1a: Rotom-Wash|261\/298 brn|[from] brn
|turn|16
|c| MrWhite|rekt
|
|switch|p2a: sky toad|Altaria, F|329\/329
|move|p1a: Rotom-Wash|Volt Switch|p2a: sky toad
|-crit|p2a: sky toad
|-damage|p2a: sky toad|187\/329
|leave|SLS10
|join|Spurdo Sparde
|leave|MrWhite
|
|switch|p1a: Gardevoir|Gardevoir-Mega, F|263\/277
|
|turn|17
|
|switch|p2a: ghost oven|Rotom-Heat|220\/303
|move|p1a: Gardevoir|Hyper Voice|p2a: ghost oven
|-resisted|p2a: ghost oven
|-damage|p2a: ghost oven|93\/303
|
|-heal|p2a: ghost oven|111\/303|[from] item: Leftovers
|turn|18
|c| Spurdo Sparde|nice resist
|
|move|p1a: Gardevoir|Hyper Voice|p2a: ghost oven
|-resisted|p2a: ghost oven
|-damage|p2a: ghost oven|0 fnt
|faint|p2a: ghost oven
|
|c|âThe Fedora Man|thanks
|c| Spurdo Sparde|.......kid
|leave|EvioliteDewott
|
|switch|p2a: le 5050 man|Bisharp, F|271\/271
|turn|19
|
|move|p1a: Gardevoir|Hyper Voice|p2a: le 5050 man
|-damage|p2a: le 5050 man|0 fnt
|faint|p2a: le 5050 man
|
|join|Big the Hedgehog
|
|switch|p2a: zap7|Zapdos|27\/358
|-ability|p2a: zap7|Pressure
|turn|20
|leave|Big the Hedgehog
|
|move|p1a: Gardevoir|Psyshock|p2a: zap7
|-damage|p2a: zap7|0 fnt
|faint|p2a: zap7
|
|c| TITRATION|g
|c| TITRATION|g
|c| Spurdo Sparde|ggggggggggggggggggggggggggg
|
|switch|p2a: sky toad|Altaria, F|187\/329
|turn|21
|
|detailschange|p2a: sky toad|Altaria-Mega, F
|-mega|p2a: sky toad|Altaria|Altarianite
|move|p1a: Gardevoir|Hyper Voice|p2a: sky toad
|-supereffective|p2a: sky toad
|-damage|p2a: sky toad|0 fnt
|faint|p2a: sky toad
|
|c|âspec n|rekt
|c|âThe Fedora Man|lmao reminder you went weeping over spectators
|c|+Clefairy|oh its thaat guy
|
|switch|p2a: frog meme|Toxicroak, F|306\/307 slp
|turn|22
|c|+Clefairy|lmao
|c|âspec n|lol who cares
|
|move|p1a: Gardevoir|Psyshock|p2a: frog meme
|-supereffective|p2a: frog meme
|-damage|p2a: frog meme|0 fnt
|faint|p2a: frog meme
|
|
|switch|p2a: thanks owle|Claydol, shiny|117\/324
|turn|23
|leave|Clefairy
|
|move|p1a: Gardevoir|Hyper Voice|p2a: thanks owle
|-damage|p2a: thanks owle|0 fnt
|faint|p2a: thanks owle
|
|win|spec n
|raw|Ladder updating...
|raw|spec n's rating: 1465 &rarr; <strong>1479<\/strong><br \/>(+14 for winning)
|raw|The Fedora Man's rating: 1364 &rarr; <strong>1349<\/strong><br \/>(-15 for losing)
|leave|Spurdo Sparde
|c|âThe Fedora Man|http:\/\/replay.pokemonshowdown.com\/oususpecttest-196597332
|leave|The Fedora Man
|player|p2
|leave|TITRATION