|join|spec n
|join|DieFirstWinLater
|player|p1|spec n|92
|player|p2|DieFirstWinLater|102
|gametype|singles
|gen|6
|tier|OU (suspect test)
|rated
|clearpoke
|poke|p1|Breloom, F
|poke|p1|Slowbro, F
|poke|p1|Heatran, F
|poke|p1|Gardevoir, F
|poke|p1|Rotom-Wash
|poke|p1|Scizor, M
|poke|p2|Alakazam, M
|poke|p2|Landorus-Therian, M
|poke|p2|Crawdaunt, F
|poke|p2|Latias, F
|poke|p2|Scizor, M
|poke|p2|Terrakion
|rule|Swagger Clause: Swagger is banned
|rule|Baton Pass Clause: Limit one PokÃ©mon knowing Baton Pass
|rule|Sleep Clause Mod: Limit one foe put to sleep
|rule|Species Clause: Limit one of each PokÃ©mon
|rule|OHKO Clause: OHKO moves are banned
|rule|Moody Clause: Moody is banned
|rule|Evasion Moves Clause: Evasion moves are banned
|rule|Endless Battle Clause: Forcing endless battles is banned
|rule|HP Percentage Mod: HP is shown in percentages
|teampreview
|
|start
|switch|p1a: Rotom-Wash|Rotom-Wash|298\/298
|switch|p2a: Terrakion|Terrakion|323\/323
|turn|1
|join|angel0mike
|
|move|p2a: Terrakion|Taunt|p1a: Rotom-Wash
|-start|p1a: Rotom-Wash|move: Taunt
|cant|p1a: Rotom-Wash|move: Taunt|Trick
|
|turn|2
|
|move|p2a: Terrakion|Stealth Rock|p1a: Rotom-Wash
|-sidestart|p1: spec n|move: Stealth Rock
|move|p1a: Rotom-Wash|Volt Switch|p2a: Terrakion
|-damage|p2a: Terrakion|199\/323
|c| angel0mike|lol
|
|switch|p1a: Scizor|Scizor, M|344\/344
|-damage|p1a: Scizor|301\/344|[from] Stealth Rock
|
|-heal|p1a: Scizor|322\/344|[from] item: Leftovers
|turn|3
|join|Phoenix09
|
|switch|p2a: Landorus-Therian|Landorus-Therian, M|319\/319
|-ability|p2a: Landorus-Therian|Intimidate|[of] p1a: Scizor
|-unboost|p1a: Scizor|atk|1
|move|p1a: Scizor|Defog|p2a: Landorus-Therian
|-unboost|p2a: Landorus-Therian|evasion|1
|-sideend|p1: spec n|Stealth Rock|[from] move: Defog|[of] p1a: Scizor
|
|-heal|p1a: Scizor|343\/344|[from] item: Leftovers
|turn|4
|c| Phoenix09|eccolo
|c|âspec n|cazzo mi chiamavano di lÃ  e non ho pensato a spore
|c|âspec n|porco giuda
|c| angel0mike|italiani
|c| angel0mike|pizza
|
|move|p2a: Landorus-Therian|U-turn|p1a: Scizor
|-resisted|p1a: Scizor
|-damage|p1a: Scizor|294\/344
|c| angel0mike|rissoto
|c|âDieFirstWinLater|peperonni
|c|âspec n|.-.
|c|âspec n|we 're mexicans
|
|switch|p2a: Scizor|Scizor, M|296\/296
|move|p1a: Scizor|U-turn|p2a: Scizor
|-resisted|p2a: Scizor
|-damage|p2a: Scizor|253\/296
|c| Phoenix09|LOL
|c|âDieFirstWinLater|nop
|c| angel0mike|somos espaÃ±oles
|
|switch|p1a: Rotom-Wash|Rotom-Wash|298\/298
|
|turn|5
|c| angel0mike|este tio es tomto
|c|âspec n|ah
|c|âspec n|paella
|c|âDieFirstWinLater|u are pepperoni
|c| Phoenix09|PIZZA PANE PASTA SPAGUETI PEPERONNI RISSOTO
|c| angel0mike|u are italian
|c| angel0mike|PASTA SPAGUETTI
|c|âspec n|PAELLA
|
|move|p1a: Rotom-Wash|Volt Switch|p2a: Scizor
|-damage|p2a: Scizor|118\/296
|c| Phoenix09|**PAELLA**
|c| angel0mike|LONG LIVE PASTA
|
|switch|p1a: Scizor|Scizor, M|294\/344
|move|p2a: Scizor|Knock Off|p1a: Scizor
|-damage|p1a: Scizor|91\/344
|-enditem|p1a: Scizor|Leftovers|[from] move: Knock Off|[of] p2a: Scizor
|
|turn|6
|c| angel0mike|**PIZZA ECCO**
|c|âDieFirstWinLater|long live knock off
|
|move|p1a: Scizor|Bullet Punch|p2a: Scizor
|-resisted|p2a: Scizor
|-damage|p2a: Scizor|55\/296
|move|p2a: Scizor|Knock Off|p1a: Scizor
|-damage|p1a: Scizor|0 fnt
|faint|p1a: Scizor
|
|c| angel0mike|SPEC N NUB
|
|switch|p1a: Breloom|Breloom, F|261\/261
|turn|7
|c| angel0mike|jajaja
|c|âspec n|no
|
|move|p1a: Breloom|Spore|p2a: Scizor
|-status|p2a: Scizor|slp
|cant|p2a: Scizor|slp
|
|turn|8
|join|useless trainer
|c|âspec n|just MACCHERONI
|c| Phoenix09|ANGEL0MIKE DO YOU LIKE RISSOTO'
|c| angel0mike|I LOVE RISSOTO
|
|switch|p2a: Landorus-Therian|Landorus-Therian, M|319\/319
|-ability|p2a: Landorus-Therian|Intimidate|[of] p1a: Breloom
|-unboost|p1a: Breloom|atk|1
|move|p1a: Breloom|Bullet Seed|p2a: Landorus-Therian
|-damage|p2a: Landorus-Therian|253\/319
|-damage|p2a: Landorus-Therian|189\/319
|-damage|p2a: Landorus-Therian|118\/319
|-damage|p2a: Landorus-Therian|54\/319
|-damage|p2a: Landorus-Therian|0 fnt
|-hitcount|p2a: Landorus-Therian|5
|-damage|p1a: Breloom|235\/261|[from] item: Life Orb
|faint|p2a: Landorus-Therian
|
|c| angel0mike|ITALIAN
|c| Phoenix09|RISSOTO IS THE WAY
|c|âspec n|LOL
|
|switch|p2a: Alakazam|Alakazam, M|260\/260
|turn|9
|leave|useless trainer
|
|switch|p1a: Heatran|Heatran, F|386\/386
|detailschange|p2a: Alakazam|Alakazam-Mega, M
|-mega|p2a: Alakazam|Alakazam|Alakazite
|-ability|p2a: Alakazam|Flash Fire|[from] ability: Trace|[of] p1a: Heatran
|move|p2a: Alakazam|Psyshock|p1a: Heatran
|-resisted|p1a: Heatran
|-damage|p1a: Heatran|305\/386
|
|-heal|p1a: Heatran|329\/386|[from] item: Leftovers
|turn|10
|c| Phoenix09|spagueti :9
|c| angel0mike|LE TIENES EL FLASH
|c| angel0mike|TE TIRA LAVA Y OBV
|c|âspec n|i bulletseeded your anus!
|c| Phoenix09|LOL
|
|move|p2a: Alakazam|Focus Blast|p1a: Heatran
|-supereffective|p1a: Heatran
|-damage|p1a: Heatran|57\/386
|move|p1a: Heatran|Lava Plume|p2a: Alakazam
|-start|p2a: Alakazam|ability: Flash Fire
|
|-heal|p1a: Heatran|81\/386|[from] item: Leftovers
|turn|11
|c| angel0mike|JAJAJAJJA
|c| angel0mike|AJJAJAJAJA
|c|âDieFirstWinLater|great plays
|c|âspec n|ah
|c| angel0mike|AJAJAJAJAJAJJAJAJAJAAJ
|c|âspec n|bene
|c| angel0mike|bene
|c| angel0mike|pizza
|c|âspec n|lol
|c| angel0mike|italiani
|c| angel0mike|baya baya
|
|switch|p1a: Slowbro|Slowbro, F|394\/394
|move|p2a: Alakazam|Shadow Ball|p1a: Slowbro
|-supereffective|p1a: Slowbro
|-damage|p1a: Slowbro|122\/394
|
|-heal|p1a: Slowbro|146\/394|[from] item: Leftovers
|turn|12
|c| angel0mike|y agana espaÃ±a
|c|âDieFirstWinLater|baya baya i gana espaÃ±a
|c| Phoenix09|pizza italiani pepperonio
|
|switch|p1a: Heatran|Heatran, F|81\/386
|move|p2a: Alakazam|Shadow Ball|p1a: Heatran
|-damage|p1a: Heatran|0 fnt
|faint|p1a: Heatran
|
|c| Phoenix09|slurp
|c| Phoenix09|:9
|c|âDieFirstWinLater|da plays are rial
|c|âspec n|YOU NO LIKE PIZZA
|c|âDieFirstWinLater|so rial
|c| angel0mike|op
|
|switch|p1a: Gardevoir|Gardevoir, F|277\/277
|-ability|p1a: Gardevoir|Flash Fire|[from] ability: Trace|[of] p2a: Alakazam
|turn|13
|c|âDieFirstWinLater|my anaconda dont
|c| Phoenix09|pizza luigi!
|c|âDieFirstWinLater|my anaconda dont
|
|switch|p2a: Terrakion|Terrakion|199\/323
|detailschange|p1a: Gardevoir|Gardevoir-Mega, F
|-mega|p1a: Gardevoir|Gardevoir|Gardevoirite
|move|p1a: Gardevoir|Hyper Voice|p2a: Terrakion
|-supereffective|p2a: Terrakion
|-damage|p2a: Terrakion|0 fnt
|faint|p2a: Terrakion
|
|c|âspec n|STOP CALCULATING
|c| angel0mike|nub
|
|switch|p2a: Latias|Latias, F|309\/309
|turn|14
|c|âspec n|YOU NOOBS
|c|âDieFirstWinLater|i'm winning u
|c| Phoenix09|angel0 do you like pepperonio?
|c|âDieFirstWinLater|stfu
|
|switch|p1a: Rotom-Wash|Rotom-Wash|298\/298
|move|p2a: Latias|Healing Wish|p2a: Latias
|faint|p2a: Latias
|
|c| angel0mike|i do
|
|switch|p2a: Scizor|Scizor, M|55\/296 slp
|-heal|p2a: Scizor|296\/296|[from] move: Healing Wish
|turn|15
|
|switch|p2a: Crawdaunt|Crawdaunt, F|269\/269
|move|p1a: Rotom-Wash|Will-O-Wisp|p2a: Crawdaunt
|-status|p2a: Crawdaunt|brn
|
|-damage|p2a: Crawdaunt|236\/269 brn|[from] brn
|turn|16
|c| angel0mike|sad
|
|switch|p1a: Slowbro|Slowbro, F|277\/394
|move|p2a: Crawdaunt|Knock Off|p1a: Slowbro
|-supereffective|p1a: Slowbro
|-damage|p1a: Slowbro|59\/394
|-enditem|p1a: Slowbro|Leftovers|[from] move: Knock Off|[of] p2a: Crawdaunt
|-damage|p2a: Crawdaunt|210\/269 brn|[from] item: Life Orb
|
|-damage|p2a: Crawdaunt|177\/269 brn|[from] brn
|turn|17
|c| Phoenix09|:'(
|c| angel0mike|not a counter
|c| angel0mike|sd
|
|move|p2a: Crawdaunt|Knock Off|p1a: Slowbro
|-crit|p1a: Slowbro
|-supereffective|p1a: Slowbro
|-damage|p1a: Slowbro|0 fnt
|-damage|p2a: Crawdaunt|151\/269 brn|[from] item: Life Orb
|faint|p1a: Slowbro
|
|-damage|p2a: Crawdaunt|118\/269 brn|[from] brn
|c|âDieFirstWinLater|lo peor de todo es que es specs
|c| angel0mike|ah no
|c| angel0mike|el bree
|
|switch|p1a: Rotom-Wash|Rotom-Wash|298\/298
|turn|18
|
|move|p1a: Rotom-Wash|Volt Switch|p2a: Crawdaunt
|-supereffective|p2a: Crawdaunt
|-damage|p2a: Crawdaunt|0 fnt
|faint|p2a: Crawdaunt
|
|switch|p1a: Gardevoir|Gardevoir-Mega, F|277\/277
|
|
|switch|p2a: Scizor|Scizor, M|296\/296
|turn|19
|
|switch|p1a: Breloom|Breloom, F|235\/261
|move|p2a: Scizor|U-turn|p1a: Breloom
|-damage|p1a: Breloom|0 fnt
|faint|p1a: Breloom
|
|switch|p2a: Alakazam|Alakazam-Mega, M|260\/260
|
|c|âDieFirstWinLater|dam girl
|
|switch|p1a: Gardevoir|Gardevoir-Mega, F|277\/277
|-ability|p2a: Alakazam|Pixilate|[from] ability: Trace|[of] p1a: Gardevoir
|turn|20
|
|switch|p2a: Scizor|Scizor, M|296\/296
|move|p1a: Gardevoir|Hyper Voice|p2a: Scizor
|-resisted|p2a: Scizor
|-damage|p2a: Scizor|161\/296
|
|turn|21
|
|move|p2a: Scizor|Bullet Punch|p1a: Gardevoir
|-supereffective|p1a: Gardevoir
|-damage|p1a: Gardevoir|0 fnt
|faint|p1a: Gardevoir
|
|c| angel0mike|ke nuf
|c|âspec n|YOU STILL EAT PAELLA
|-message|spec n forfeited.
|
|win|DieFirstWinLater
|raw|Ladder updating...
|leave|spec n
|c|âDieFirstWinLater|ok
|player|p1
|raw|spec n's rating: 1355 &rarr; <strong>1328<\/strong><br \/>(-27 for losing)
|raw|DieFirstWinLater's rating: 1217 &rarr; <strong>1251<\/strong><br \/>(+34 for winning)
|c| angel0mike|AND U PIZZA
|c| angel0mike|me toka
|c|âDieFirstWinLater|my anaconda own
|leave|angel0mike