|join|baril roll
|join|fuck christmas
|player|p1|baril roll|1
|player|p2|fuck christmas|281
|gametype|singles
|gen|4
|tier|[Gen 4] OU
|rule|Sleep Clause Mod: Limit one foe put to sleep
|rule|Species Clause: Limit one of each PokÃ©mon
|rule|OHKO Clause: OHKO moves are banned
|rule|Moody Clause: Moody is banned
|rule|Evasion Moves Clause: Evasion moves are banned
|rule|Endless Battle Clause: Forcing endless battles is banned
|rule|HP Percentage Mod: HP is reported as percentages
|
|start
|switch|p1a: Smeargle|Smeargle, M|252\/252
|switch|p2a: Heatran|Heatran, M|332\/332
|turn|1
|join|XxKeyboardxX
|join|Pollywog13
|join|Flan76
|join|Psychological
|join|davidragon1
|join|julianna
|join|zypherzai
|join|Plays 5 Days
|join|KingTripleA_2
|join|fewoeinfwgw
|chat|Psychological|lfgi
|chat|Flan76|GL to both these nigs
|join|Visualize
|chat|XxKeyboardxX|agreed
|chat|baril roll|yahh yeet YAHH
|chat|Psychological|no bl to baril
|chat|Psychological|:]]]
|chat|baril roll|porra
|
|move|p1a: Smeargle|Spore|p2a: Heatran
|-status|p2a: Heatran|slp
|cant|p2a: Heatran|slp
|
|turn|2
|chat|baril roll|no espeeko english
|chat|davidragon1|baril roll 1-0s his way to finals
|join|asdgadfga
|chat|baril roll|my team is all
|chat|baril roll|endevour
|chat|baril roll|that why
|
|switch|p2a: Breloom|Breloom, M|320\/320
|move|p1a: Smeargle|Stealth Rock|p2a: Breloom
|-sidestart|p2: fuck christmas|move: Stealth Rock
|
|-status|p2a: Breloom|tox|[from] item: Toxic Orb
|turn|3
|join|aterrorain
|
|move|p1a: Smeargle|Explosion|p2a: Breloom
|-damage|p2a: Breloom|34\/320 tox
|faint|p1a: Smeargle
|move|p2a: Breloom|Leech Seed|p1: Smeargle|[notarget]
|-notarget
|
|-heal|p2a: Breloom|74\/320 tox|[from] ability: Poison Heal
|
|switch|p1a: Milotic|Milotic, M|332\/332
|turn|4
|join|irl cat
|chat|asdgadfga|br na final?
|join|ixDragons
|chat|baril roll|sim
|join|the getback
|join|niekeijzenga
|chat|irl cat|XMAS PLS
|chat|irl cat|WIN FOR THE KIDS
|join|AlmightyJeffwinger
|
|switch|p2a: Rotom-Heat|Rotom-Heat|304\/304
|-damage|p2a: Rotom-Heat|266\/304|[from] Stealth Rock
|move|p1a: Milotic|Ice Beam|p2a: Rotom-Heat
|-damage|p2a: Rotom-Heat|175\/304
|
|-heal|p2a: Rotom-Heat|194\/304|[from] item: Leftovers
|turn|5
|chat|asdgadfga|pod cre
|chat|baril roll|taco
|chat|asdgadfga|TACO TACO
|chat|the getback|why can't I see the teams
|chat|the getback|wtf
|chat|the getback|??
|chat|Psychological|gen 4
|chat|the getback|????
|chat|the getback|???
|chat|the getback|oh
|
|move|p1a: Milotic|Hydro Pump|p2a: Rotom-Heat
|-damage|p2a: Rotom-Heat|28\/304
|move|p2a: Rotom-Heat|Thunderbolt|p1a: Milotic
|-supereffective|p1a: Milotic
|-damage|p1a: Milotic|138\/332
|
|-heal|p1a: Milotic|158\/332|[from] item: Leftovers
|-heal|p2a: Rotom-Heat|47\/304|[from] item: Leftovers
|turn|6
|chat|irl cat|its gen4 bruh
|chat|Psychological|lrn2pkmn
|chat|baril roll|cmon cuzzo
|
|move|p1a: Milotic|Ice Beam|p2a: Rotom-Heat
|-damage|p2a: Rotom-Heat|0 fnt
|faint|p2a: Rotom-Heat
|
|-heal|p1a: Milotic|178\/332|[from] item: Leftovers
|chat|the getback|my fault cuzzo
|chat|the getback|I was lackin
|
|switch|p2a: Jirachi|Jirachi|341\/341
|-damage|p2a: Jirachi|320\/341|[from] Stealth Rock
|turn|7
|chat|baril roll|sheeit fam
|chat|baril roll|getcho fanny str8
|chat|Visualize|FAM
|
|switch|p1a: Scizor|Scizor, M|282\/282
|move|p2a: Jirachi|Thunderbolt|p1a: Scizor
|-damage|p1a: Scizor|190\/282
|
|turn|8
|
|switch|p2a: Swampert|Swampert, M|404\/404
|-damage|p2a: Swampert|379\/404|[from] Stealth Rock
|move|p1a: Scizor|U-turn|p2a: Swampert
|-damage|p2a: Swampert|279\/404
|
|switch|p1a: Sceptile|Sceptile, F|282\/282
|
|-heal|p2a: Swampert|304\/404|[from] item: Leftovers
|turn|9
|
|switch|p2a: Blissey|Blissey, F|714\/714
|-damage|p2a: Blissey|625\/714|[from] Stealth Rock
|move|p1a: Sceptile|Hidden Power|p2a: Blissey
|-damage|p2a: Blissey|559\/714
|-damage|p1a: Sceptile|254\/282|[from] item: Life Orb
|
|-heal|p2a: Blissey|603\/714|[from] item: Leftovers
|turn|10
|chat|XxKeyboardxX|lol 3rd gen starters?
|leave|aterrorain
|chat|baril roll|its ogre
|chat|fuck christmas|idk how to save reveals lol
|
|switch|p1a: Scizor|Scizor, M|190\/282
|move|p2a: Blissey|Thunder Wave|p1a: Scizor
|-status|p1a: Scizor|par
|
|-heal|p2a: Blissey|647\/714|[from] item: Leftovers
|turn|11
|chat|fuck christmas|I'm playing this like gen 6
|chat|baril roll|dam
|
|switch|p2a: Swampert|Swampert, M|304\/404
|-damage|p2a: Swampert|279\/404|[from] Stealth Rock
|move|p1a: Scizor|U-turn|p2a: Swampert
|-crit|p2a: Swampert
|-damage|p2a: Swampert|72\/404
|chat|baril roll|u did reveal me
|chat|baril roll|i never wudda saw blissey cummin
|
|switch|p1a: Gengar|Gengar, M|261\/261
|
|-heal|p2a: Swampert|97\/404|[from] item: Leftovers
|turn|12
|join|Sugar K Leonard
|
|move|p1a: Gengar|Shadow Ball|p2a: Swampert
|-damage|p2a: Swampert|0 fnt
|-damage|p1a: Gengar|235\/261|[from] item: Life Orb
|faint|p2a: Swampert
|
|
|switch|p2a: Blissey|Blissey, F|647\/714
|-damage|p2a: Blissey|558\/714|[from] Stealth Rock
|turn|13
|
|move|p1a: Gengar|Explosion|p2a: Blissey
|-damage|p2a: Blissey|0 fnt
|faint|p2a: Blissey
|faint|p1a: Gengar
|
|join|Novafan365
|chat|baril roll|FUCKO EL BLISSEY
|chat|Sugar K Leonard|oh
|chat|fuck christmas|LOL
|join|Mediocremon
|join|Peabnut Bubber
|chat|niekeijzenga|lol
|
|switch|p2a: Jirachi|Jirachi|320\/341
|-damage|p2a: Jirachi|299\/341|[from] Stealth Rock
|switch|p1a: Infernape|Infernape, F|293\/293
|turn|14
|chat|davidragon1|gen 4 seems really good actually :o
|chat|baril roll|THATS HOW U REVEAL
|chat|baril roll|APE
|chat|Psychological|l0l\
|chat|Psychological|l0l
|
|move|p1a: Infernape|Flare Blitz|p2a: Jirachi
|-supereffective|p2a: Jirachi
|-damage|p2a: Jirachi|0 fnt
|-damage|p1a: Infernape|194\/293|[from] recoil|[of] p2a: Jirachi
|faint|p2a: Jirachi
|
|chat|Sugar K Leonard|I like the enthusiasm
|
|switch|p2a: Heatran|Heatran, M|332\/332 slp
|-damage|p2a: Heatran|291\/332 slp|[from] Stealth Rock
|turn|15
|chat|baril roll|RAWRRR
|chat|Mediocremon|k\
|chat|niekeijzenga|gg
|chat|asdgadfga|HUEHEUHEU
|chat|fuck christmas|ahh I'm gettin nice and popped :') shoulda kept tran awake
|chat|davidragon1|infernape got dat coverage
|chat|baril roll|MILOTIC CUTIE 2D FISH THAT GETS ME AROUSED
|
|switch|p1a: Milotic|Milotic, M|178\/332
|cant|p2a: Heatran|slp
|
|-heal|p1a: Milotic|198\/332|[from] item: Leftovers
|turn|16
|chat|baril roll|FINISH THIS
|chat|baril roll|LOLITA
|
|move|p1a: Milotic|Hydro Pump|p2a: Heatran
|-supereffective|p2a: Heatran
|-damage|p2a: Heatran|0 fnt
|faint|p2a: Heatran
|
|-heal|p1a: Milotic|218\/332|[from] item: Leftovers
|chat|asdgadfga|HUEHUEHUE
|chat|irl cat|XMAS U CAN WIN
|chat|irl cat|BELIEVE
|chat|XxKeyboardxX|gg
|chat|irl cat|I BELIEVE
|
|switch|p2a: Breloom|Breloom, M|74\/320 tox
|-damage|p2a: Breloom|54\/320 tox|[from] Stealth Rock
|turn|17
|chat|irl cat|I BELIEVE
|chat|irl cat|I BELIEVE
|chat|baril roll|FAST 
|chat|XxKeyboardxX|its gg
|
|move|p1a: Milotic|Ice Beam|p2a: Breloom
|-supereffective|p2a: Breloom
|-damage|p2a: Breloom|0 fnt
|faint|p2a: Breloom
|
|win|baril roll
|chat|asdgadfga|HUEHUE BRBRBR HUE
|chat|irl cat|DAMN
|leave|Psychological
|chat|baril roll|POPPED
|chat|fuck christmas|gg n_n
|chat|irl cat|xmas ;_;
|chat|irl cat|gg
|leave|KingTripleA_2
|leave|davidragon1