|join|RS Cocaine
|join|fuck christmas
|player|p1|RS Cocaine|29
|player|p2|fuck christmas|281
|gametype|singles
|gen|4
|tier|[Gen 4] OU
|rule|Sleep Clause Mod: Limit one foe put to sleep
|rule|Species Clause: Limit one of each PokÃ©mon
|rule|OHKO Clause: OHKO moves are banned
|rule|Moody Clause: Moody is banned
|rule|Evasion Moves Clause: Evasion moves are banned
|rule|Endless Battle Clause: Forcing endless battles is banned
|rule|HP Percentage Mod: HP is reported as percentages
|
|start
|switch|p1a: Jirachi|Jirachi|349\/349
|switch|p2a: Heatran|Heatran, M|332\/332
|turn|1
|join|AzulaBlaze
|join|niekeijzenga
|join|Plays 5 Days
|join|XxKeyboardxX
|join|KingTripleA_2
|join|fewoeinfwgw
|join|BLOWN LIKE CAPONE
|join|Queen of GameFAQs
|join|Pollywog13
|join|Ken Valbrandur
|join|Jabron Lames
|join|AlmightyJeffwinger
|
|move|p1a: Jirachi|Hidden Power|p2a: Heatran
|-supereffective|p2a: Heatran
|-damage|p2a: Heatran|24\/332
|move|p2a: Heatran|Overheat|p1a: Jirachi
|-supereffective|p1a: Jirachi
|-damage|p1a: Jirachi|0 fnt
|-unboost|p2a: Heatran|spa|2
|faint|p1a: Jirachi
|
|chat|XxKeyboardxX|sup guys
|join|Swagy P
|join|Static37
|join|bforrester16
|join|A Waltz For Two
|join|Stringel
|chat|Queen of GameFAQs|hai :3
|leave|Stringel
|join|asdgadfga
|
|switch|p1a: Kingdra|Kingdra, F, shiny|297\/297
|turn|2
|chat|XxKeyboardxX|who you rooting for?
|
|switch|p2a: Swampert|Swampert, M|404\/404
|move|p1a: Kingdra|Dragon Dance|p1a: Kingdra
|-boost|p1a: Kingdra|atk|1
|-boost|p1a: Kingdra|spe|1
|
|turn|3
|chat|Queen of GameFAQs|i dunno
|join|churos
|chat|Queen of GameFAQs|im just here
|chat|BLOWN LIKE CAPONE|both aids players
|chat|A Waltz For Two|^
|
|move|p1a: Kingdra|Waterfall|p2a: Swampert
|-damage|p2a: Swampert|263\/404
|cant|p2a: Swampert|flinch
|
|-heal|p2a: Swampert|288\/404|[from] item: Leftovers
|turn|4
|join|tst_100
|chat|Queen of GameFAQs|where are the pokes battling?
|chat|Queen of GameFAQs|Limbo?
|
|move|p1a: Kingdra|Waterfall|p2a: Swampert
|-damage|p2a: Swampert|140\/404
|cant|p2a: Swampert|flinch
|
|-heal|p2a: Swampert|165\/404|[from] item: Leftovers
|turn|5
|chat|bforrester16|uh oh
|
|move|p1a: Kingdra|Waterfall|p2a: Swampert
|-crit|p2a: Swampert
|-damage|p2a: Swampert|0 fnt
|faint|p2a: Swampert
|
|chat|BLOWN LIKE CAPONE|lol
|chat|fuck christmas|LOL
|chat|KingTripleA_2|:\/
|chat|bforrester16|the hax
|chat|Queen of GameFAQs|in the universe of Limbo, pokemon are forced to fight to the death
|chat|Queen of GameFAQs|:c
|join|Sugar K Leonard
|chat|fuck christmas|wtf am I supposed to do now
|chat|Queen of GameFAQs|send out a poke
|chat|AlmightyJeffwinger|lose
|chat|Queen of GameFAQs|duh
|chat|Swagy P|lose
|chat|RS Cocaine|just forfeit and hide your team
|chat|Sugar K Leonard|.\/forfeit
|chat|RS Cocaine|ez mode
|chat|fuck christmas|:')
|
|switch|p2a: Breloom|Breloom, M|320\/320
|turn|6
|chat|Queen of GameFAQs|why chu giving up so early? :c
|
|move|p1a: Kingdra|Dragon Dance|p1a: Kingdra
|-boost|p1a: Kingdra|atk|1
|-boost|p1a: Kingdra|spe|1
|move|p2a: Breloom|Spore|p1a: Kingdra
|-status|p1a: Kingdra|slp
|-enditem|p1a: Kingdra|Lum Berry|[eat]
|-curestatus|p1a: Kingdra|slp
|
|-status|p2a: Breloom|tox|[from] item: Toxic Orb
|turn|7
|chat|Queen of GameFAQs|oh
|chat|Queen of GameFAQs|nvm
|join|Visualize
|chat|XxKeyboardxX|go RS
|
|switch|p2a: Jirachi|Jirachi|341\/341
|move|p1a: Kingdra|Outrage|p2a: Jirachi
|-resisted|p2a: Jirachi
|-damage|p2a: Jirachi|144\/341
|
|turn|8
|chat|Queen of GameFAQs|BOOM
|join|aterrorain
|join|shartruce2
|
|switch|p2a: Heatran|Heatran, M|24\/332
|move|p1a: Kingdra|Outrage|p2a: Heatran
|-resisted|p2a: Heatran
|-damage|p2a: Heatran|0 fnt
|faint|p2a: Heatran
|
|-end|p1a: Kingdra|rampage
|-start|p1a: Kingdra|confusion
|join|baril roll
|
|switch|p2a: Rotom-Heat|Rotom-Heat|304\/304
|turn|9
|join|ChoiceBird
|
|-activate|p1a: Kingdra|confusion
|-damage|p1a: Kingdra|203\/297|[from] confusion
|move|p2a: Rotom-Heat|Thunder Wave|p1a: Kingdra
|-status|p1a: Kingdra|par
|
|turn|10
|
|move|p2a: Rotom-Heat|Substitute|p2a: Rotom-Heat
|-start|p2a: Rotom-Heat|Substitute
|-damage|p2a: Rotom-Heat|228\/304
|-activate|p1a: Kingdra|confusion
|move|p1a: Kingdra|Waterfall|p2a: Rotom-Heat
|-end|p2a: Rotom-Heat|Substitute
|
|-heal|p2a: Rotom-Heat|247\/304|[from] item: Leftovers
|turn|11
|join|Nog
|chat|Queen of GameFAQs|ded
|chat|AlmightyJeffwinger|return of parafusion
|
|move|p2a: Rotom-Heat|Substitute|p2a: Rotom-Heat
|-start|p2a: Rotom-Heat|Substitute
|-damage|p2a: Rotom-Heat|171\/304
|-activate|p1a: Kingdra|confusion
|-damage|p1a: Kingdra|117\/297 par|[from] confusion
|
|-heal|p2a: Rotom-Heat|190\/304|[from] item: Leftovers
|turn|12
|chat|Queen of GameFAQs|^
|chat|AlmightyJeffwinger|need dat swag play
|chat|XxKeyboardxX|parafusion is soo annoying
|
|move|p2a: Rotom-Heat|Thunderbolt|p1a: Kingdra
|-damage|p1a: Kingdra|2\/297 par
|-activate|p1a: Kingdra|confusion
|move|p1a: Kingdra|Waterfall|p2a: Rotom-Heat
|-end|p2a: Rotom-Heat|Substitute
|
|-heal|p2a: Rotom-Heat|209\/304|[from] item: Leftovers
|turn|13
|chat|Queen of GameFAQs|^
|chat|Queen of GameFAQs|dangit battle text
|chat|Queen of GameFAQs|stahp
|chat|fuck christmas|this game is ridiculously haxy
|chat|Queen of GameFAQs|ikr
|
|move|p2a: Rotom-Heat|Substitute|p2a: Rotom-Heat
|-start|p2a: Rotom-Heat|Substitute
|-damage|p2a: Rotom-Heat|133\/304
|-end|p1a: Kingdra|confusion
|move|p1a: Kingdra|Waterfall|p2a: Rotom-Heat
|-end|p2a: Rotom-Heat|Substitute
|
|-heal|p2a: Rotom-Heat|152\/304|[from] item: Leftovers
|turn|14
|chat|Queen of GameFAQs|i wonder how Kingdra feels
|
|move|p2a: Rotom-Heat|Thunderbolt|p1a: Kingdra
|-damage|p1a: Kingdra|0 fnt
|faint|p1a: Kingdra
|
|-heal|p2a: Rotom-Heat|171\/304|[from] item: Leftovers
|chat|Queen of GameFAQs|just barely alive, and paralyzed
|chat|Queen of GameFAQs|oh, now its ded
|chat|churos|s
|chat|Queen of GameFAQs|RIP
|chat|XxKeyboardxX|yep
|
|switch|p1a: Dragonite|Dragonite, F|323\/323
|turn|15
|chat|Queen of GameFAQs|Dragon guy!
|chat|AlmightyJeffwinger|inb4 lum again
|chat|Queen of GameFAQs|^
|raw|<div class="broadcast-red"><b>Moderated chat was set to +!<\/b><br \/>Only users of rank + and higher can talk.<\/div>
|leave|Queen of GameFAQs
|
|move|p1a: Dragonite|Outrage|p2a: Rotom-Heat
|-damage|p2a: Rotom-Heat|0 fnt
|faint|p2a: Rotom-Heat
|
|
|switch|p2a: Jirachi|Jirachi|144\/341
|turn|16
|leave|baril roll
|
|move|p2a: Jirachi|Iron Head|p1a: Dragonite
|-damage|p1a: Dragonite|206\/323
|move|p1a: Dragonite|Outrage|p2a: Jirachi
|-resisted|p2a: Jirachi
|-damage|p2a: Jirachi|0 fnt
|faint|p2a: Jirachi
|
|-end|p1a: Dragonite|rampage
|-start|p1a: Dragonite|confusion
|
|switch|p2a: Breloom|Breloom, M|320\/320 tox
|turn|17
|
|switch|p1a: Magnezone|Magnezone|293\/293
|move|p2a: Breloom|Substitute|p2a: Breloom
|-start|p2a: Breloom|Substitute
|-damage|p2a: Breloom|240\/320 tox
|
|-heal|p2a: Breloom|280\/320 tox|[from] ability: Poison Heal
|turn|18
|
|move|p1a: Magnezone|Flash Cannon|p2a: Breloom
|-end|p2a: Breloom|Substitute
|move|p2a: Breloom|Spore|p1a: Magnezone
|-status|p1a: Magnezone|slp
|
|-heal|p2a: Breloom|320\/320 tox|[from] ability: Poison Heal
|turn|19
|
|switch|p1a: Dragonite|Dragonite, F|206\/323
|move|p2a: Breloom|Substitute|p2a: Breloom
|-start|p2a: Breloom|Substitute
|-damage|p2a: Breloom|240\/320 tox
|
|-heal|p2a: Breloom|280\/320 tox|[from] ability: Poison Heal
|turn|20
|
|move|p1a: Dragonite|Fire Punch|p2a: Breloom
|-supereffective|p2a: Breloom
|-end|p2a: Breloom|Substitute
|move|p2a: Breloom|Substitute|p2a: Breloom
|-start|p2a: Breloom|Substitute
|-damage|p2a: Breloom|200\/320 tox
|
|-heal|p2a: Breloom|240\/320 tox|[from] ability: Poison Heal
|turn|21
|
|move|p1a: Dragonite|Fire Punch|p2a: Breloom
|-supereffective|p2a: Breloom
|-end|p2a: Breloom|Substitute
|move|p2a: Breloom|Leech Seed|p1a: Dragonite|[miss]
|-miss|p2a: Breloom|p1a: Dragonite
|
|-heal|p2a: Breloom|280\/320 tox|[from] ability: Poison Heal
|turn|22
|leave|A Waltz For Two
|join|FreeAegislash2014
|
|switch|p2a: Blissey|Blissey, F|714\/714
|move|p1a: Dragonite|Fire Punch|p2a: Blissey
|-damage|p2a: Blissey|462\/714
|
|-heal|p2a: Blissey|506\/714|[from] item: Leftovers
|turn|23
|
|switch|p1a: Flygon|Flygon, F|301\/301
|move|p2a: Blissey|Soft-Boiled|p2a: Blissey
|-heal|p2a: Blissey|714\/714
|
|turn|24
|
|move|p1a: Flygon|Outrage|p2a: Blissey
|-damage|p2a: Blissey|339\/714
|move|p2a: Blissey|Ice Beam|p1a: Flygon
|-supereffective|p1a: Flygon
|-damage|p1a: Flygon|9\/301
|
|-heal|p2a: Blissey|383\/714|[from] item: Leftovers
|turn|25
|
|move|p1a: Flygon|Outrage|p2a: Blissey
|-damage|p2a: Blissey|58\/714
|move|p2a: Blissey|Soft-Boiled|p2a: Blissey
|-heal|p2a: Blissey|415\/714
|
|-end|p1a: Flygon|rampage
|-start|p1a: Flygon|confusion
|-heal|p2a: Blissey|459\/714|[from] item: Leftovers
|turn|26
|
|-activate|p1a: Flygon|confusion
|move|p1a: Flygon|Outrage|p2a: Blissey
|-damage|p2a: Blissey|92\/714
|move|p2a: Blissey|Soft-Boiled|p2a: Blissey
|-heal|p2a: Blissey|449\/714
|
|-heal|p2a: Blissey|493\/714|[from] item: Leftovers
|turn|27
|
|-activate|p1a: Flygon|confusion
|move|p1a: Flygon|Outrage|p2a: Blissey
|-damage|p2a: Blissey|129\/714
|move|p2a: Blissey|Soft-Boiled|p2a: Blissey
|-heal|p2a: Blissey|486\/714
|
|-end|p1a: Flygon|rampage
|-heal|p2a: Blissey|530\/714|[from] item: Leftovers
|turn|28
|join|Psychological
|
|-activate|p1a: Flygon|confusion
|move|p1a: Flygon|Outrage|p2a: Blissey
|-damage|p2a: Blissey|190\/714
|move|p2a: Blissey|Soft-Boiled|p2a: Blissey
|-heal|p2a: Blissey|547\/714
|
|-heal|p2a: Blissey|591\/714|[from] item: Leftovers
|turn|29
|
|-activate|p1a: Flygon|confusion
|-damage|p1a: Flygon|0 fnt|[from] confusion
|faint|p1a: Flygon
|move|p2a: Blissey|Soft-Boiled|p2a: Blissey
|-heal|p2a: Blissey|714\/714
|
|
|switch|p1a: Dragonite|Dragonite, F|206\/323
|turn|30
|join|LzrGunPewPew
|
|move|p1a: Dragonite|Outrage|p2a: Blissey
|-damage|p2a: Blissey|32\/714
|move|p2a: Blissey|Ice Beam|p1a: Dragonite
|-supereffective|p1a: Dragonite
|-damage|p1a: Dragonite|0 fnt
|faint|p1a: Dragonite
|
|-heal|p2a: Blissey|76\/714|[from] item: Leftovers
|join|sugarhigh
|
|switch|p1a: Scizor|Scizor, F|343\/343
|turn|31
|
|move|p1a: Scizor|Bullet Punch|p2a: Blissey
|-damage|p2a: Blissey|0 fnt
|faint|p2a: Blissey
|
|
|switch|p2a: Breloom|Breloom, M|280\/320 tox
|turn|32
|join|Pablochu
|
|move|p1a: Scizor|Swords Dance|p1a: Scizor
|-boost|p1a: Scizor|atk|2
|move|p2a: Breloom|Leech Seed|p1a: Scizor
|-start|p1a: Scizor|move: Leech Seed
|
|-damage|p1a: Scizor|301\/343|[from] Leech Seed|[of] p2a: Breloom
|-heal|p2a: Breloom|320\/320 tox|[silent]
|turn|33
|
|move|p1a: Scizor|Bullet Punch|p2a: Breloom
|-damage|p2a: Breloom|113\/320 tox
|move|p2a: Breloom|Substitute|p2a: Breloom
|-start|p2a: Breloom|Substitute
|-damage|p2a: Breloom|33\/320 tox
|
|-damage|p1a: Scizor|259\/343|[from] Leech Seed|[of] p2a: Breloom
|-heal|p2a: Breloom|75\/320 tox|[silent]
|-heal|p2a: Breloom|115\/320 tox|[from] ability: Poison Heal
|turn|34
|
|-singleturn|p2a: Breloom|move: Focus Punch
|move|p1a: Scizor|Bullet Punch|p2a: Breloom
|-end|p2a: Breloom|Substitute
|move|p2a: Breloom|Focus Punch|p1a: Scizor
|-damage|p1a: Scizor|40\/343
|
|-damage|p1a: Scizor|0 fnt|[from] Leech Seed|[of] p2a: Breloom
|-heal|p2a: Breloom|155\/320 tox|[silent]
|-heal|p2a: Breloom|195\/320 tox|[from] ability: Poison Heal
|faint|p1a: Scizor
|chat|RS Cocaine|oh fuck
|chat|RS Cocaine|blew it
|
|switch|p1a: Magnezone|Magnezone|293\/293 slp
|turn|35
|chat|fuck christmas|don't fuckin wake
|
|-singleturn|p2a: Breloom|move: Focus Punch
|cant|p1a: Magnezone|slp
|move|p2a: Breloom|Focus Punch|p1a: Magnezone
|-supereffective|p1a: Magnezone
|-damage|p1a: Magnezone|0 fnt
|faint|p1a: Magnezone
|
|win|fuck christmas
|join|The DragonKnight
|chat|fuck christmas|gg
|leave|Nog
|chat|RS Cocaine|gg
|leave|fewoeinfwgw
|leave|fuck christmas
|player|p2
|leave|Ken Valbrandur
|leave|Swagy P
|leave|RS Cocaine
|player|p1
|leave|Psychological
|leave|Pollywog13
|leave|The DragonKnight
|leave|aterrorain
|leave|Visualize
|leave|Static37
|leave|Sugar K Leonard
|leave|niekeijzenga
|leave|KingTripleA_2
|leave|churos
|leave|LzrGunPewPew
|leave|AlmightyJeffwinger
|leave|AzulaBlaze
|leave|BLOWN LIKE CAPONE
|leave|Plays 5 Days
|leave|XxKeyboardxX
|leave|asdgadfga
|leave|Pablochu
|leave|Jabron Lames
|leave|tst_100
|join|Ken Valbrandur
|leave|FreeAegislash2014
|leave|Ken Valbrandur
|join|Ken Valbrandur
|leave|Ken Valbrandur
|join|Psychological
|leave|Psychological
|join|fuck christmas