|join|qwazz
|join|fuck christmas
|player|p1|qwazz|102
|player|p2|fuck christmas|281
|gametype|singles
|gen|6
|tier|OU
|rated
|clearpoke
|poke|p1|Beedrill, F
|poke|p1|Rotom-Wash
|poke|p1|Landorus-Therian, M
|poke|p1|Bisharp, M
|poke|p1|Chesnaught, M
|poke|p1|Heatran, M
|poke|p2|Tyranitar, M
|poke|p2|Thundurus, M
|poke|p2|Excadrill, F
|poke|p2|Keldeo
|poke|p2|Slowbro, F
|poke|p2|Skarmory, F
|rule|Swagger Clause: Swagger is banned
|rule|Baton Pass Clause: Limit one PokÃ©mon knowing Baton Pass
|rule|Sleep Clause Mod: Limit one foe put to sleep
|rule|Species Clause: Limit one of each PokÃ©mon
|rule|OHKO Clause: OHKO moves are banned
|rule|Moody Clause: Moody is banned
|rule|Evasion Moves Clause: Evasion moves are banned
|rule|Endless Battle Clause: Forcing endless battles is banned
|rule|HP Percentage Mod: HP is shown in percentages
|teampreview
|
|start
|switch|p1a: Heatran|Heatran, M|386\/386
|switch|p2a: Skarmory|Skarmory, F|334\/334
|turn|1
|
|switch|p2a: Keldeo|Keldeo|323\/323
|move|p1a: Heatran|Stealth Rock|p2a: Keldeo
|-sidestart|p2: fuck christmas|move: Stealth Rock
|
|turn|2
|
|switch|p1a: Rotom-Wash|Rotom-Wash|304\/304
|move|p2a: Keldeo|Secret Sword|p1a: Rotom-Wash
|-damage|p1a: Rotom-Wash|133\/304
|
|-heal|p1a: Rotom-Wash|152\/304|[from] item: Leftovers
|turn|3
|c|âqwazz|ouch
|
|switch|p2a: Skarmory|Skarmory, F|334\/334
|-damage|p2a: Skarmory|293\/334|[from] Stealth Rock
|switch|p1a: Landorus-Therian|Landorus-Therian, M|325\/325
|-ability|p1a: Landorus-Therian|Intimidate|[of] p2a: Skarmory
|-unboost|p2a: Skarmory|atk|1
|
|turn|4
|c|âqwazz|godi
|c|âqwazz|fuck
|
|switch|p1a: Rotom-Wash|Rotom-Wash|152\/304
|move|p2a: Skarmory|Stealth Rock|p1a: Rotom-Wash
|-sidestart|p1: qwazz|move: Stealth Rock
|
|-heal|p1a: Rotom-Wash|171\/304|[from] item: Leftovers
|turn|5
|c|âqwazz|why am i so bad
|c|âfuck christmas|?
|c|âfuck christmas|you aren't even bad lol
|c|âqwazz|that was so obvious
|
|switch|p2a: Excadrill|Excadrill, F|362\/362
|-damage|p2a: Excadrill|351\/362|[from] Stealth Rock
|move|p1a: Rotom-Wash|Pain Split|p2a: Excadrill
|-sethp|p2a: Excadrill|261\/362|p1a: Rotom-Wash|261\/304|[from] move: Pain Split
|
|-heal|p1a: Rotom-Wash|280\/304|[from] item: Leftovers
|turn|6
|
|switch|p2a: Slowbro|Slowbro, F|394\/394
|-damage|p2a: Slowbro|345\/394|[from] Stealth Rock
|move|p1a: Rotom-Wash|Will-O-Wisp|p2a: Slowbro
|-status|p2a: Slowbro|brn
|
|-heal|p1a: Rotom-Wash|299\/304|[from] item: Leftovers
|-damage|p2a: Slowbro|296\/394 brn|[from] brn
|turn|7
|c|âfuck christmas|rotom-w just wins against me tho
|c|âfuck christmas|so you'll probably win
|c|âqwazz|not really
|
|move|p1a: Rotom-Wash|Will-O-Wisp|p2a: Slowbro
|-fail|p2a: Slowbro|brn
|move|p2a: Slowbro|Slack Off|p2a: Slowbro
|-heal|p2a: Slowbro|394\/394 brn
|
|-heal|p1a: Rotom-Wash|304\/304|[from] item: Leftovers
|-damage|p2a: Slowbro|345\/394 brn|[from] brn
|turn|8
|c|âqwazz|thundy exists
|c|âqwazz|fk
|
|move|p1a: Rotom-Wash|Volt Switch|p2a: Slowbro
|-supereffective|p2a: Slowbro
|-damage|p2a: Slowbro|133\/394 brn
|
|switch|p1a: Chesnaught|Chesnaught, M|380\/380
|-damage|p1a: Chesnaught|357\/380|[from] Stealth Rock
|move|p2a: Slowbro|Slack Off|p2a: Slowbro
|-heal|p2a: Slowbro|330\/394 brn
|
|-heal|p1a: Chesnaught|380\/380|[from] item: Leftovers
|-damage|p2a: Slowbro|281\/394 brn|[from] brn
|turn|9
|
|move|p1a: Chesnaught|Spikes|p2a: Slowbro
|-sidestart|p2: fuck christmas|Spikes
|move|p2a: Slowbro|Psychic|p1a: Chesnaught
|-supereffective|p1a: Chesnaught
|-damage|p1a: Chesnaught|39\/380
|
|-heal|p1a: Chesnaught|62\/380|[from] item: Leftovers
|-damage|p2a: Slowbro|232\/394 brn|[from] brn
|turn|10
|
|switch|p2a: Skarmory|Skarmory, F|293\/334
|-damage|p2a: Skarmory|252\/334|[from] Stealth Rock
|move|p1a: Chesnaught|Spiky Shield|p1a: Chesnaught
|-fail|p1a: Chesnaught
|
|-heal|p1a: Chesnaught|85\/380|[from] item: Leftovers
|turn|11
|
|move|p1a: Chesnaught|Leech Seed|p2a: Skarmory
|-start|p2a: Skarmory|move: Leech Seed
|move|p2a: Skarmory|Whirlwind|p1a: Chesnaught
|drag|p1a: Heatran|Heatran, M|386\/386
|-damage|p1a: Heatran|338\/386|[from] Stealth Rock
|
|-heal|p1a: Heatran|362\/386|[from] item: Leftovers
|-damage|p2a: Skarmory|211\/334|[from] Leech Seed|[of] p1a: Heatran
|-heal|p1a: Heatran|386\/386|[silent]
|turn|12
|
|switch|p2a: Keldeo|Keldeo|323\/323
|-damage|p2a: Keldeo|303\/323|[from] Stealth Rock
|-damage|p2a: Keldeo|263\/323|[from] Spikes
|move|p1a: Heatran|Toxic|p2a: Keldeo
|-status|p2a: Keldeo|tox
|
|-damage|p2a: Keldeo|243\/323 tox|[from] psn
|turn|13
|c|âqwazz|im a dumbasss
|
|move|p2a: Keldeo|Secret Sword|p1a: Heatran
|-supereffective|p1a: Heatran
|-damage|p1a: Heatran|0 fnt
|faint|p1a: Heatran
|
|-damage|p2a: Keldeo|203\/323 tox|[from] psn
|
|switch|p1a: Landorus-Therian|Landorus-Therian, M|325\/325
|-damage|p1a: Landorus-Therian|285\/325|[from] Stealth Rock
|-ability|p1a: Landorus-Therian|Intimidate|[of] p2a: Keldeo
|-unboost|p2a: Keldeo|atk|1
|turn|14
|
|switch|p2a: Skarmory|Skarmory, F|211\/334
|-damage|p2a: Skarmory|170\/334|[from] Stealth Rock
|move|p1a: Landorus-Therian|U-turn|p2a: Skarmory
|-resisted|p2a: Skarmory
|-damage|p2a: Skarmory|156\/334
|-damage|p1a: Landorus-Therian|231\/325|[from] item: Rocky Helmet|[of] p2a: Skarmory
|
|switch|p1a: Rotom-Wash|Rotom-Wash|304\/304
|-damage|p1a: Rotom-Wash|266\/304|[from] Stealth Rock
|
|-heal|p1a: Rotom-Wash|285\/304|[from] item: Leftovers
|turn|15
|
|switch|p2a: Excadrill|Excadrill, F|261\/362
|-damage|p2a: Excadrill|250\/362|[from] Stealth Rock
|-damage|p2a: Excadrill|205\/362|[from] Spikes
|move|p1a: Rotom-Wash|Will-O-Wisp|p2a: Excadrill
|-status|p2a: Excadrill|brn
|
|-heal|p1a: Rotom-Wash|304\/304|[from] item: Leftovers
|-damage|p2a: Excadrill|160\/362 brn|[from] brn
|turn|16
|
|move|p2a: Excadrill|Rapid Spin|p1a: Rotom-Wash
|-damage|p1a: Rotom-Wash|290\/304
|-sideend|p2: fuck christmas|Spikes|[from] move: Rapid Spin|[of] p2a: Excadrill
|-sideend|p2: fuck christmas|Stealth Rock|[from] move: Rapid Spin|[of] p2a: Excadrill
|-damage|p2a: Excadrill|124\/362 brn|[from] item: Life Orb
|move|p1a: Rotom-Wash|Hidden Power|p2a: Excadrill
|-damage|p2a: Excadrill|53\/362 brn
|
|-heal|p1a: Rotom-Wash|304\/304|[from] item: Leftovers
|-damage|p2a: Excadrill|8\/362 brn|[from] brn
|turn|17
|
|move|p2a: Excadrill|Rock Slide|p1a: Rotom-Wash
|-crit|p1a: Rotom-Wash
|-damage|p1a: Rotom-Wash|235\/304
|-damage|p2a: Excadrill|0 fnt|[from] item: Life Orb
|faint|p2a: Excadrill
|move|p1a: Rotom-Wash|Volt Switch|p2: Excadrill|[notarget]
|-notarget
|
|-heal|p1a: Rotom-Wash|254\/304|[from] item: Leftovers
|
|switch|p2a: Thundurus|Thundurus, M|299\/299
|turn|18
|
|switch|p1a: Chesnaught|Chesnaught, M|85\/380
|-damage|p1a: Chesnaught|62\/380|[from] Stealth Rock
|move|p2a: Thundurus|Thunderbolt|p1a: Chesnaught
|-resisted|p1a: Chesnaught
|-damage|p1a: Chesnaught|0 fnt
|-damage|p2a: Thundurus|270\/299|[from] item: Life Orb
|faint|p1a: Chesnaught
|
|
|switch|p1a: Landorus-Therian|Landorus-Therian, M|231\/325
|-damage|p1a: Landorus-Therian|191\/325|[from] Stealth Rock
|-ability|p1a: Landorus-Therian|Intimidate|[of] p2a: Thundurus
|-unboost|p2a: Thundurus|atk|1
|turn|19
|
|switch|p2a: Skarmory|Skarmory, F|156\/334
|move|p1a: Landorus-Therian|Stone Edge|p2a: Skarmory
|-crit|p2a: Skarmory
|-damage|p2a: Skarmory|51\/334
|
|turn|20
|c|âqwazz|pls
|c|âqwazz|no miss
|c|âfuck christmas|but
|c|âqwazz|ill do anythingzarel
|c|âfuck christmas|you crit me,,,
|
|move|p1a: Landorus-Therian|Stone Edge|p2a: Skarmory
|-damage|p2a: Skarmory|0 fnt
|faint|p2a: Skarmory
|
|
|switch|p2a: Tyranitar|Tyranitar, M|342\/342
|-weather|Sandstorm
|turn|21
|c|âqwazz|Thank you oh mighty one
|
|switch|p1a: Rotom-Wash|Rotom-Wash|254\/304
|-damage|p1a: Rotom-Wash|216\/304|[from] Stealth Rock
|detailschange|p2a: Tyranitar|Tyranitar-Mega, M
|message|Tyranitar has Mega Evolved into Mega Tyranitar!
|move|p2a: Tyranitar|Dragon Dance|p2a: Tyranitar
|-boost|p2a: Tyranitar|atk|1
|-boost|p2a: Tyranitar|spe|1
|
|-weather|Sandstorm|[upkeep]
|-damage|p1a: Rotom-Wash|197\/304|[from] sandstorm
|-heal|p1a: Rotom-Wash|216\/304|[from] item: Leftovers
|turn|22
|c|âqwazz|fk
|c|âqwazz|its ogre hombre
|
|move|p2a: Tyranitar|Crunch|p1a: Rotom-Wash
|-damage|p1a: Rotom-Wash|5\/304
|move|p1a: Rotom-Wash|Will-O-Wisp|p2a: Tyranitar
|-status|p2a: Tyranitar|brn
|
|-weather|Sandstorm|[upkeep]
|-damage|p1a: Rotom-Wash|0 fnt|[from] sandstorm
|-damage|p2a: Tyranitar|300\/342 brn|[from] brn
|faint|p1a: Rotom-Wash
|
|switch|p1a: Landorus-Therian|Landorus-Therian, M|191\/325
|-damage|p1a: Landorus-Therian|151\/325|[from] Stealth Rock
|-ability|p1a: Landorus-Therian|Intimidate|[of] p2a: Tyranitar
|-unboost|p2a: Tyranitar|atk|1
|turn|23
|c|âqwazz|mmmm
|
|move|p1a: Landorus-Therian|U-turn|p2a: Tyranitar
|-supereffective|p2a: Tyranitar
|-damage|p2a: Tyranitar|176\/342 brn
|
|switch|p1a: Bisharp|Bisharp, M|291\/291
|-damage|p1a: Bisharp|273\/291|[from] Stealth Rock
|move|p2a: Tyranitar|Ice Punch|p1a: Bisharp
|-resisted|p1a: Bisharp
|-damage|p1a: Bisharp|246\/291
|
|-weather|Sandstorm|[upkeep]
|-damage|p2a: Tyranitar|134\/342 brn|[from] brn
|turn|24
|c|âqwazz|we can do this
|c|âqwazz|pls
|c|âqwazz|pls
|
|move|p2a: Tyranitar|Ice Punch|p1a: Bisharp
|-resisted|p1a: Bisharp
|-damage|p1a: Bisharp|220\/291
|move|p1a: Bisharp|Swords Dance|p1a: Bisharp
|-boost|p1a: Bisharp|atk|2
|
|-weather|Sandstorm|[upkeep]
|-damage|p2a: Tyranitar|92\/342 brn|[from] brn
|turn|25
|
|move|p2a: Tyranitar|Earthquake|p1a: Bisharp
|-supereffective|p1a: Bisharp
|-damage|p1a: Bisharp|54\/291
|move|p1a: Bisharp|Swords Dance|p1a: Bisharp
|-boost|p1a: Bisharp|atk|2
|
|-weather|none
|-damage|p2a: Tyranitar|50\/342 brn|[from] brn
|turn|26
|
|move|p1a: Bisharp|Sucker Punch|p2a: Tyranitar
|-resisted|p2a: Tyranitar
|-damage|p2a: Tyranitar|0 fnt
|faint|p2a: Tyranitar
|
|c|âqwazz|pls
|
|switch|p2a: Keldeo|Keldeo|203\/323 tox
|turn|27
|
|move|p1a: Bisharp|Sucker Punch|p2a: Keldeo
|-resisted|p2a: Keldeo
|-damage|p2a: Keldeo|0 fnt
|faint|p2a: Keldeo
|
|c|âqwazz|pls
|
|switch|p2a: Thundurus|Thundurus, M|270\/299
|turn|28
|
|move|p2a: Thundurus|Thunder Wave|p1a: Bisharp
|-status|p1a: Bisharp|par
|move|p1a: Bisharp|Sucker Punch|p2a: Thundurus
|-fail|p2a: Thundurus
|
|turn|29
|c|âqwazz|fk
|
|move|p2a: Thundurus|Thunder Wave|p1a: Bisharp
|-fail|p1a: Bisharp|par
|move|p1a: Bisharp|Sucker Punch|p2a: Thundurus
|-fail|p2a: Thundurus
|
|turn|30
|c|âqwazz|the mind games are here
|
|move|p2a: Thundurus|Thunder Wave|p1a: Bisharp
|-fail|p1a: Bisharp|par
|move|p1a: Bisharp|Sucker Punch|p2a: Thundurus
|-fail|p2a: Thundurus
|
|turn|31
|
|move|p2a: Thundurus|Thunder Wave|p1a: Bisharp
|-fail|p1a: Bisharp|par
|move|p1a: Bisharp|Sucker Punch|p2a: Thundurus
|-fail|p2a: Thundurus
|
|turn|32
|c|âqwazz|pls
|
|move|p2a: Thundurus|Thunder Wave|p1a: Bisharp
|-fail|p1a: Bisharp|par
|cant|p1a: Bisharp|par
|
|turn|33
|c|âqwazz|pls
|
|move|p2a: Thundurus|Thunder Wave|p1a: Bisharp
|-fail|p1a: Bisharp|par
|move|p1a: Bisharp|Sucker Punch|p2a: Thundurus
|-fail|p2a: Thundurus
|
|turn|34
|
|move|p2a: Thundurus|Thunder Wave|p1a: Bisharp
|-fail|p1a: Bisharp|par
|move|p1a: Bisharp|Knock Off|p2a: Thundurus
|-damage|p2a: Thundurus|0 fnt
|-enditem|p2a: Thundurus|Life Orb|[from] move: Knock Off|[of] p1a: Bisharp
|faint|p2a: Thundurus
|
|c|âqwazz|yassssssssss
|
|switch|p2a: Slowbro|Slowbro, F|363\/394 brn
|turn|35
|
|move|p1a: Bisharp|Sucker Punch|p2a: Slowbro
|-supereffective|p2a: Slowbro
|-damage|p2a: Slowbro|0 fnt
|faint|p2a: Slowbro
|
|win|qwazz
|raw|Ladder updating...
|raw|qwazz's rating: 1506 &rarr; <strong>1519<\/strong><br \/>(+13 for winning)
|raw|fuck christmas's rating: 1389 &rarr; <strong>1376<\/strong><br \/>(-13 for losing)
|c|âqwazz|!!!
|leave|fuck christmas
|player|p2