|join|Julian
|join|fuck christmas
|player|p1|Julian|#scene
|player|p2|fuck christmas|281
|gametype|singles
|gen|6
|tier|OU
|rated
|clearpoke
|poke|p1|Gliscor, M
|poke|p1|Alomomola, F
|poke|p1|Charizard, F
|poke|p1|Chansey, F
|poke|p1|Quagsire, F
|poke|p1|Skarmory, F
|poke|p2|Scizor, F
|poke|p2|Raikou
|poke|p2|Talonflame, M
|poke|p2|Landorus-Therian, M
|poke|p2|Terrakion
|poke|p2|Greninja, F
|rule|Swagger Clause: Swagger is banned
|rule|Baton Pass Clause: Limit one PokÃ©mon knowing Baton Pass
|rule|Sleep Clause Mod: Limit one foe put to sleep
|rule|Species Clause: Limit one of each PokÃ©mon
|rule|OHKO Clause: OHKO moves are banned
|rule|Moody Clause: Moody is banned
|rule|Evasion Moves Clause: Evasion moves are banned
|rule|Endless Battle Clause: Forcing endless battles is banned
|rule|HP Percentage Mod: HP is reported as percentages
|teampreview
|
|start
|switch|p1a: Gliscor|Gliscor, M|354\/354
|switch|p2a: Landorus-Therian|Landorus-Therian, M|325\/325
|-ability|p2a: Landorus-Therian|Intimidate|[of] p1a: Gliscor
|-unboost|p1a: Gliscor|atk|1
|turn|1
|
|move|p2a: Landorus-Therian|Knock Off|p1a: Gliscor
|-damage|p1a: Gliscor|246\/354
|-enditem|p1a: Gliscor|Toxic Orb|[from] move: Knock Off|[of] p2a: Landorus-Therian
|move|p1a: Gliscor|Toxic|p2a: Landorus-Therian
|-status|p2a: Landorus-Therian|tox
|
|-damage|p2a: Landorus-Therian|305\/325 tox|[from] psn
|turn|2
|join|queenofrandoms
|
|switch|p2a: Scizor|Scizor, F|335\/335
|switch|p1a: Skarmory|Skarmory, F|334\/334
|
|turn|3
|join|The Captain
|
|detailschange|p2a: Scizor|Scizor-Mega, F
|message|Scizor has Mega Evolved into Mega Scizor!
|move|p1a: Skarmory|Spikes|p2a: Scizor
|-sidestart|p2: fuck christmas|Spikes
|move|p2a: Scizor|U-turn|p1a: Skarmory
|-resisted|p1a: Skarmory
|-damage|p1a: Skarmory|315\/334
|chat|Julian|how do i forget sr
|chat|queenofrandoms|oml
|chat|queenofrandoms|:<
|
|switch|p2a: Talonflame|Talonflame, M|309\/309
|
|turn|4
|
|switch|p1a: Quagsire|Quagsire, F|394\/394
|move|p2a: Talonflame|U-turn|p1a: Quagsire
|-damage|p1a: Quagsire|311\/394
|chat|queenofrandoms|quag sounds so good in theory
|join|Abreuvoir
|chat|queenofrandoms|but i hate it every time i use it
|chat|Julian|:\/
|
|switch|p2a: Greninja|Greninja, F|285\/285
|-damage|p2a: Greninja|250\/285|[from] Spikes
|
|-heal|p1a: Quagsire|335\/394|[from] item: Leftovers
|turn|5
|chat|Abreuvoir|quag is gud. :P
|
|switch|p2a: Scizor|Scizor-Mega, F|335\/335
|-damage|p2a: Scizor|294\/335|[from] Spikes
|switch|p1a: Chansey|Chansey, F|704\/704
|
|turn|6
|chat|Abreuvoir|it's so sturdy lol
|
|switch|p1a: Alomomola|Alomomola, F|497\/497
|move|p2a: Scizor|Defog|p1a: Alomomola
|-unboost|p1a: Alomomola|evasion|1
|-sideend|p2: fuck christmas|Spikes|[from] move: Defog|[of] p2a: Scizor
|
|turn|7
|
|move|p2a: Scizor|U-turn|p1a: Alomomola
|-damage|p1a: Alomomola|374\/497
|chat|queenofrandoms|**reveal** soak
|chat|Julian|n
|chat|Julian|lol
|
|switch|p2a: Raikou|Raikou|322\/322
|-ability|p2a: Raikou|Pressure
|move|p1a: Alomomola|Knock Off|p2a: Raikou
|-damage|p2a: Raikou|253\/322
|-enditem|p2a: Raikou|Choice Specs|[from] move: Knock Off|[of] p1a: Alomomola
|
|-heal|p1a: Alomomola|405\/497|[from] item: Leftovers
|turn|8
|leave|Abreuvoir
|chat|fuck christmas|ahh
|chat|Julian|specs kou
|chat|fuck christmas|quagsire manhandles this team
|chat|fuck christmas|as does gastrodon
|chat|Julian|lel
|chat|fuck christmas|fuckin
|chat|Julian|indeed
|
|switch|p2a: Greninja|Greninja, F|250\/285
|switch|p1a: Quagsire|Quagsire, F|335\/394
|
|-heal|p1a: Quagsire|359\/394|[from] item: Leftovers
|turn|9
|chat|The Captain|"my team is quagsire weak"
|join|PFC)nurideen
|
|switch|p2a: Talonflame|Talonflame, M|309\/309
|switch|p1a: Alomomola|Alomomola, F|497\/497
|
|turn|10
|chat|PFC)nurideen|julian ne need to chat for a sec
|chat|PFC)nurideen|wait :)
|
|move|p2a: Talonflame|U-turn|p1a: Alomomola
|-damage|p1a: Alomomola|411\/497
|
|switch|p2a: Raikou|Raikou|253\/322
|-ability|p2a: Raikou|Pressure
|move|p1a: Alomomola|Scald|p2a: Raikou
|-damage|p2a: Raikou|205\/322
|
|-heal|p1a: Alomomola|442\/497|[from] item: Leftovers
|turn|11
|chat|fuck christmas|I'm gonna put
|chat|fuck christmas|tosic
|chat|fuck christmas|on specs raikou
|chat|fuck christmas|:')
|chat|Julian|quay is usually paired wih
|
|switch|p1a: Quagsire|Quagsire, F|359\/394
|move|p2a: Raikou|Shadow Ball|p1a: Quagsire
|-damage|p1a: Quagsire|232\/394
|-unboost|p1a: Quagsire|spd|1
|
|-heal|p1a: Quagsire|256\/394|[from] item: Leftovers
|turn|12
|chat|Julian|chancey
|chat|fuck christmas|yeah but heal bell runs out
|chat|fuck christmas|and chansey dies
|chat|The Captain|Julian your team doesnt have clefable
|
|switch|p1a: Chansey|Chansey, F|704\/704
|move|p2a: Raikou|Volt Switch|p1a: Chansey
|-damage|p1a: Chansey|635\/704
|chat|Julian|rof
|
|switch|p2a: Terrakion|Terrakion|323\/323
|
|turn|13
|
|switch|p1a: Gliscor|Gliscor, M|246\/354
|move|p2a: Terrakion|Stealth Rock|p1a: Gliscor
|-sidestart|p1: Julian|move: Stealth Rock
|
|turn|14
|
|move|p2a: Terrakion|Taunt|p1a: Gliscor
|-start|p1a: Gliscor|move: Taunt
|cant|p1a: Gliscor|move: Taunt|Toxic
|
|turn|15
|
|switch|p2a: Scizor|Scizor-Mega, F|294\/335
|switch|p1a: Skarmory|Skarmory, F|315\/334
|-damage|p1a: Skarmory|274\/334|[from] Stealth Rock
|
|turn|16
|chat|The Captain|no toxic orb what ??
|
|move|p2a: Scizor|U-turn|p1a: Skarmory
|-resisted|p1a: Skarmory
|-damage|p1a: Skarmory|254\/334
|join|kloshitteroladelo
|
|switch|p2a: Raikou|Raikou|205\/322
|-ability|p2a: Raikou|Pressure
|move|p1a: Skarmory|Defog|p2a: Raikou
|-unboost|p2a: Raikou|evasion|1
|-sideend|p1: Julian|Stealth Rock|[from] move: Defog|[of] p1a: Skarmory
|
|turn|17
|chat|fuck christmas|knocked off
|chat|The Captain|oh I missed a knock off
|
|switch|p1a: Quagsire|Quagsire, F|256\/394
|move|p2a: Raikou|Volt Switch|p1a: Quagsire
|-immune|p1a: Quagsire|[msg]
|
|-heal|p1a: Quagsire|280\/394|[from] item: Leftovers
|turn|18
|
|move|p2a: Raikou|Shadow Ball|p1a: Quagsire
|-damage|p1a: Quagsire|145\/394
|-unboost|p1a: Quagsire|spd|1
|move|p1a: Quagsire|Scald|p2a: Raikou
|-damage|p2a: Raikou|142\/322
|
|-heal|p1a: Quagsire|169\/394|[from] item: Leftovers
|turn|19
|
|switch|p1a: Alomomola|Alomomola, F|497\/497
|move|p2a: Raikou|Volt Switch|p1a: Alomomola
|-supereffective|p1a: Alomomola
|-damage|p1a: Alomomola|173\/497
|
|switch|p2a: Terrakion|Terrakion|323\/323
|
|-heal|p1a: Alomomola|204\/497|[from] item: Leftovers
|turn|20
|
|switch|p1a: Skarmory|Skarmory, F|254\/334
|move|p2a: Terrakion|Close Combat|p1a: Skarmory
|-damage|p1a: Skarmory|121\/334
|-unboost|p2a: Terrakion|def|1
|-unboost|p2a: Terrakion|spd|1
|
|turn|21
|
|switch|p1a: Gliscor|Gliscor, M|246\/354
|move|p2a: Terrakion|Stealth Rock|p1a: Gliscor
|-sidestart|p1: Julian|move: Stealth Rock
|
|turn|22
|join|craing ;_;
|leave|craing ;_;
|leave|PFC)nurideen
|
|switch|p2a: Scizor|Scizor-Mega, F|294\/335
|move|p1a: Gliscor|Earthquake|p2a: Scizor
|-damage|p2a: Scizor|210\/335
|
|turn|23
|
|move|p2a: Scizor|Bullet Punch|p1a: Gliscor
|-damage|p1a: Gliscor|155\/354
|move|p1a: Gliscor|Roost|p1a: Gliscor
|-heal|p1a: Gliscor|332\/354
|
|turn|24
|
|switch|p1a: Alomomola|Alomomola, F|369\/497
|-damage|p1a: Alomomola|307\/497|[from] Stealth Rock
|move|p2a: Scizor|Roost|p2a: Scizor
|-heal|p2a: Scizor|335\/335
|
|-heal|p1a: Alomomola|338\/497|[from] item: Leftovers
|turn|25
|
|move|p2a: Scizor|U-turn|p1a: Alomomola
|-damage|p1a: Alomomola|214\/497
|
|switch|p2a: Raikou|Raikou|142\/322
|-ability|p2a: Raikou|Pressure
|move|p1a: Alomomola|Scald|p2a: Raikou
|-damage|p2a: Raikou|96\/322
|
|-heal|p1a: Alomomola|245\/497|[from] item: Leftovers
|turn|26
|
|switch|p1a: Quagsire|Quagsire, F|169\/394
|-damage|p1a: Quagsire|145\/394|[from] Stealth Rock
|move|p2a: Raikou|Volt Switch|p1a: Quagsire
|-immune|p1a: Quagsire|[msg]
|
|-heal|p1a: Quagsire|169\/394|[from] item: Leftovers
|turn|27
|chat|fuck christmas|ahh nb
|
|move|p2a: Raikou|Shadow Ball|p1a: Quagsire
|-damage|p1a: Quagsire|34\/394
|move|p1a: Quagsire|Recover|p1a: Quagsire
|-heal|p1a: Quagsire|231\/394
|
|-heal|p1a: Quagsire|255\/394|[from] item: Leftovers
|turn|28
|
|move|p2a: Raikou|Shadow Ball|p1a: Quagsire
|-damage|p1a: Quagsire|110\/394
|move|p1a: Quagsire|Recover|p1a: Quagsire
|-heal|p1a: Quagsire|307\/394
|
|-heal|p1a: Quagsire|331\/394|[from] item: Leftovers
|turn|29
|
|move|p2a: Raikou|Shadow Ball|p1a: Quagsire
|-damage|p1a: Quagsire|183\/394
|move|p1a: Quagsire|Earthquake|p2a: Raikou
|-supereffective|p2a: Raikou
|-damage|p2a: Raikou|0 fnt
|faint|p2a: Raikou
|
|-heal|p1a: Quagsire|207\/394|[from] item: Leftovers
|
|switch|p2a: Greninja|Greninja, F|250\/285
|turn|30
|
|switch|p2a: Terrakion|Terrakion|323\/323
|switch|p1a: Chansey|Chansey, F|635\/704
|-damage|p1a: Chansey|547\/704|[from] Stealth Rock
|
|turn|31
|
|switch|p1a: Gliscor|Gliscor, M|332\/354
|-damage|p1a: Gliscor|288\/354|[from] Stealth Rock
|move|p2a: Terrakion|Stone Edge|p1a: Gliscor
|-damage|p1a: Gliscor|153\/354
|
|turn|32
|
|switch|p2a: Talonflame|Talonflame, M|309\/309
|move|p1a: Gliscor|Roost|p1a: Gliscor
|-heal|p1a: Gliscor|330\/354
|
|turn|33
|
|switch|p2a: Scizor|Scizor-Mega, F|335\/335
|move|p1a: Gliscor|Toxic|p2a: Scizor
|-fail|p2a: Scizor
|
|turn|34
|
|switch|p1a: Charizard|Charizard, F|359\/359
|-damage|p1a: Charizard|180\/359|[from] Stealth Rock
|move|p2a: Scizor|U-turn|p1a: Charizard
|-resisted|p1a: Charizard
|-damage|p1a: Charizard|139\/359
|
|switch|p2a: Terrakion|Terrakion|323\/323
|
|turn|35
|
|switch|p1a: Alomomola|Alomomola, F|410\/497
|-damage|p1a: Alomomola|348\/497|[from] Stealth Rock
|move|p2a: Terrakion|Stone Edge|p1a: Alomomola
|-damage|p1a: Alomomola|200\/497
|
|-heal|p1a: Alomomola|231\/497|[from] item: Leftovers
|turn|36
|
|move|p2a: Terrakion|Taunt|p1a: Alomomola
|-start|p1a: Alomomola|move: Taunt
|move|p1a: Alomomola|Scald|p2a: Terrakion
|-supereffective|p2a: Terrakion
|-damage|p2a: Terrakion|225\/323
|
|-heal|p1a: Alomomola|262\/497|[from] item: Leftovers
|turn|37
|
|switch|p2a: Landorus-Therian|Landorus-Therian, M|305\/325 tox
|-ability|p2a: Landorus-Therian|Intimidate|[of] p1a: Alomomola
|-unboost|p1a: Alomomola|atk|1
|move|p1a: Alomomola|Scald|p2a: Landorus-Therian
|-supereffective|p2a: Landorus-Therian
|-damage|p2a: Landorus-Therian|189\/325 tox
|
|-heal|p1a: Alomomola|293\/497|[from] item: Leftovers
|-damage|p2a: Landorus-Therian|169\/325 tox|[from] psn
|turn|38
|
|move|p2a: Landorus-Therian|Knock Off|p1a: Alomomola
|-damage|p1a: Alomomola|186\/497
|-enditem|p1a: Alomomola|Leftovers|[from] move: Knock Off|[of] p2a: Landorus-Therian
|move|p1a: Alomomola|Knock Off|p2a: Landorus-Therian
|-damage|p2a: Landorus-Therian|129\/325 tox
|-enditem|p2a: Landorus-Therian|Choice Scarf|[from] move: Knock Off|[of] p1a: Alomomola
|
|-damage|p2a: Landorus-Therian|89\/325 tox|[from] psn
|-end|p1a: Alomomola|move: Taunt
|turn|39
|join|chaos
|
|switch|p1a: Gliscor|Gliscor, M|330\/354
|-damage|p1a: Gliscor|286\/354|[from] Stealth Rock
|move|p2a: Landorus-Therian|Earthquake|p1a: Gliscor
|-immune|p1a: Gliscor|[msg]
|
|-damage|p2a: Landorus-Therian|29\/325 tox|[from] psn
|turn|40
|
|move|p2a: Landorus-Therian|U-turn|p1a: Gliscor
|-resisted|p1a: Gliscor
|-damage|p1a: Gliscor|251\/354
|
|switch|p2a: Scizor|Scizor-Mega, F|335\/335
|move|p1a: Gliscor|Roost|p1a: Gliscor
|-heal|p1a: Gliscor|354\/354
|
|turn|41
|
|move|p1a: Gliscor|Taunt|p2a: Scizor
|-start|p2a: Scizor|move: Taunt
|move|p2a: Scizor|U-turn|p1a: Gliscor
|-resisted|p1a: Gliscor
|-damage|p1a: Gliscor|301\/354
|
|switch|p2a: Greninja|Greninja, F|250\/285
|
|turn|42
|
|move|p2a: Greninja|Hydro Pump|p1a: Gliscor
|-start|p2a: Greninja|typechange|Water|[from] Protean
|-supereffective|p1a: Gliscor
|-damage|p1a: Gliscor|0 fnt
|-damage|p2a: Greninja|222\/285|[from] item: Life Orb
|faint|p1a: Gliscor
|
|
|switch|p1a: Chansey|Chansey, F|547\/704
|-damage|p1a: Chansey|459\/704|[from] Stealth Rock
|turn|43
|
|switch|p2a: Landorus-Therian|Landorus-Therian, M|29\/325 tox
|-ability|p2a: Landorus-Therian|Intimidate|[of] p1a: Chansey
|-unboost|p1a: Chansey|atk|1
|switch|p1a: Skarmory|Skarmory, F|121\/334
|-damage|p1a: Skarmory|80\/334|[from] Stealth Rock
|
|-damage|p2a: Landorus-Therian|9\/325 tox|[from] psn
|turn|44
|
|move|p2a: Landorus-Therian|Stone Edge|p1a: Skarmory|[miss]
|-miss|p2a: Landorus-Therian|p1a: Skarmory
|move|p1a: Skarmory|Roost|p1a: Skarmory
|-heal|p1a: Skarmory|247\/334
|
|-damage|p2a: Landorus-Therian|0 fnt|[from] psn
|faint|p2a: Landorus-Therian
|chat|fuck christmas|lolin
|chat|queenofrandoms|awk
|
|switch|p2a: Talonflame|Talonflame, M|309\/309
|turn|45
|chat|Julian|ima
|
|switch|p1a: Alomomola|Alomomola, F|351\/497
|-damage|p1a: Alomomola|289\/497|[from] Stealth Rock
|move|p2a: Talonflame|Flare Blitz|p1a: Alomomola
|-resisted|p1a: Alomomola
|-damage|p1a: Alomomola|183\/497
|-damage|p2a: Talonflame|274\/309|[from] recoil|[of] p1a: Alomomola
|
|turn|46
|join|Avocado Alkov
|chat|Julian|use mew over
|chat|Julian|quG
|chat|The Captain|uggh
|
|switch|p2a: Greninja|Greninja, F|222\/285
|move|p1a: Alomomola|Wish|p1a: Alomomola
|
|turn|47
|chat|The Captain|dont be a pink core user
|
|switch|p1a: Chansey|Chansey, F|459\/704
|-damage|p1a: Chansey|371\/704|[from] Stealth Rock
|move|p2a: Greninja|Extrasensory|p1a: Chansey
|-start|p2a: Greninja|typechange|Psychic|[from] Protean
|-damage|p1a: Chansey|276\/704
|-damage|p2a: Greninja|194\/285|[from] item: Life Orb
|
|-heal|p1a: Chansey|524\/704|[from] move: Wish|[wisher] Alomomola
|turn|48
|chat|chaos|whats pink core mean
|chat|The Captain|using pink mons
|
|switch|p2a: Scizor|Scizor-Mega, F|335\/335
|switch|p1a: Skarmory|Skarmory, F|247\/334
|-damage|p1a: Skarmory|206\/334|[from] Stealth Rock
|
|turn|49
|chat|Avocado Alkov|chansey alomomola mew
|chat|Avocado Alkov|the bulky pink
|chat|fuck christmas|clef
|chat|The Captain|incredibly gayass core
|chat|chaos|fuck the fish
|
|move|p2a: Scizor|U-turn|p1a: Skarmory
|-resisted|p1a: Skarmory
|-damage|p1a: Skarmory|188\/334
|
|switch|p2a: Talonflame|Talonflame, M|274\/309
|move|p1a: Skarmory|Defog|p2a: Talonflame
|-unboost|p2a: Talonflame|evasion|1
|-sideend|p1: Julian|Stealth Rock|[from] move: Defog|[of] p1a: Skarmory
|
|turn|50
|
|move|p2a: Talonflame|Brave Bird|p1a: Skarmory
|-resisted|p1a: Skarmory
|-damage|p1a: Skarmory|110\/334
|-damage|p2a: Talonflame|248\/309|[from] recoil|[of] p1a: Skarmory
|move|p1a: Skarmory|Roost|p1a: Skarmory
|-heal|p1a: Skarmory|277\/334
|
|turn|51
|chat|Julian|rof
|chat|fuck christmas|:')
|chat|queenofrandoms|plays
|
|switch|p2a: Scizor|Scizor-Mega, F|335\/335
|switch|p1a: Alomomola|Alomomola, F|348\/497
|
|turn|52
|chat|fuck christmas|that skarm should be dead tho
|chat|fuck christmas|js
|chat|fuck christmas|:]
|leave|kloshitteroladelo
|
|move|p2a: Scizor|U-turn|p1a: Alomomola
|-damage|p1a: Alomomola|231\/497
|
|switch|p2a: Greninja|Greninja, F|194\/285
|move|p1a: Alomomola|Scald|p2a: Greninja
|-resisted|p2a: Greninja
|-damage|p2a: Greninja|161\/285
|-status|p2a: Greninja|brn
|
|-damage|p2a: Greninja|126\/285 brn|[from] brn
|turn|53
|chat|queenofrandoms|he trained it gud
|
|switch|p1a: Chansey|Chansey, F|524\/704
|move|p2a: Greninja|Extrasensory|p1a: Chansey
|-start|p2a: Greninja|typechange|Psychic|[from] Protean
|-damage|p1a: Chansey|427\/704
|-damage|p2a: Greninja|98\/285 brn|[from] item: Life Orb
|
|-damage|p2a: Greninja|63\/285 brn|[from] brn
|turn|54
|
|switch|p2a: Terrakion|Terrakion|225\/323
|move|p1a: Chansey|Soft-Boiled|p1a: Chansey
|-heal|p1a: Chansey|704\/704
|
|turn|55
|
|switch|p1a: Skarmory|Skarmory, F|277\/334
|move|p2a: Terrakion|Stealth Rock|p1a: Skarmory
|-sidestart|p1: Julian|move: Stealth Rock
|
|turn|56
|join|Kushalos
|
|move|p2a: Terrakion|Taunt|p1a: Skarmory
|-start|p1a: Skarmory|move: Taunt
|cant|p1a: Skarmory|move: Taunt|Roost
|
|turn|57
|chat|Julian|ok
|chat|Julian|gg
|chat|Julian|ima
|chat|Julian|fix some stuff
|-message|Julian forfeited.
|
|win|fuck christmas
|raw|Ladder updating...
|raw|Julian's rating: 1864 &rarr; <strong>1836<\/strong><br \/>(-28 for losing)
|raw|fuck christmas's rating: 1723 &rarr; <strong>1751<\/strong><br \/>(+28 for winning)
|leave|Julian
|player|p1
|leave|fuck christmas
|player|p2
|leave|queenofrandoms
|leave|The Captain
|leave|Avocado Alkov
|leave|chaos
|join|loyal shot