|join|shadymon
|join|fuck christmas
|player|p1|shadymon|166
|player|p2|fuck christmas|281
|gametype|singles
|gen|6
|tier|OU
|rated
|clearpoke
|poke|p1|Mamoswine, M
|poke|p1|Azumarill, F
|poke|p1|Charizard, F
|poke|p1|Rotom-Wash
|poke|p1|Excadrill, M
|poke|p1|Aegislash, M
|poke|p2|Charizard, M
|poke|p2|Azelf
|poke|p2|Diancie
|poke|p2|Excadrill, F
|poke|p2|Thundurus, M
|poke|p2|Keldeo
|rule|Swagger Clause: Swagger is banned
|rule|Baton Pass Clause: Limit one PokÃ©mon knowing Baton Pass
|rule|Sleep Clause Mod: Limit one foe put to sleep
|rule|Species Clause: Limit one of each PokÃ©mon
|rule|OHKO Clause: OHKO moves are banned
|rule|Moody Clause: Moody is banned
|rule|Evasion Moves Clause: Evasion moves are banned
|rule|Endless Battle Clause: Forcing endless battles is banned
|rule|HP Percentage Mod: HP is reported as percentages
|teampreview
|chat|shadymon|lol is diancie good?
|chat|fuck christmas|average
|chat|fuck christmas|haha
|
|start
|switch|p1a: Rotom-Wash|Rotom-Wash|303\/303
|switch|p2a: Azelf|Azelf|291\/291
|turn|1
|chat|fuck christmas|good counter to talonflame
|
|move|p2a: Azelf|Stealth Rock|p1a: Rotom-Wash
|-sidestart|p1: shadymon|move: Stealth Rock
|move|p1a: Rotom-Wash|Volt Switch|p2a: Azelf
|-damage|p2a: Azelf|185\/291
|
|switch|p1a: Aegislash|Aegislash, M|324\/324
|-damage|p1a: Aegislash|304\/324|[from] Stealth Rock
|
|-heal|p1a: Aegislash|324\/324|[from] item: Leftovers
|turn|2
|
|switch|p2a: Charizard|Charizard, M|297\/297
|-formechange|p1a: Aegislash|Aegislash-Blade
|move|p1a: Aegislash|Shadow Ball|p2a: Charizard
|-damage|p2a: Charizard|101\/297
|
|turn|3
|chat|shadymon|good enough for ou?
|chat|fuck christmas|possible
|chat|fuck christmas|only if used properly tho
|chat|fuck christmas|so probably uu
|
|detailschange|p2a: Charizard|Charizard-Mega-Y, M
|message|Charizard has Mega Evolved into Mega Charizard!
|-weather|SunnyDay
|-formechange|p1a: Aegislash|Aegislash
|move|p1a: Aegislash|King's Shield|p1a: Aegislash
|-singleturn|p1a: Aegislash|Protect
|move|p2a: Charizard|Roost|p2a: Charizard
|-heal|p2a: Charizard|250\/297
|
|-weather|SunnyDay|[upkeep]
|turn|4
|
|switch|p1a: Rotom-Wash|Rotom-Wash|303\/303
|-damage|p1a: Rotom-Wash|266\/303|[from] Stealth Rock
|move|p2a: Charizard|Fire Blast|p1a: Rotom-Wash|[miss]
|-miss|p2a: Charizard|p1a: Rotom-Wash
|
|-weather|SunnyDay|[upkeep]
|turn|5
|
|switch|p2a: Excadrill|Excadrill, F|362\/362
|-ability|p2a: Excadrill|Mold Breaker
|move|p1a: Rotom-Wash|Volt Switch|p2a: Excadrill
|-immune|p2a: Excadrill|[msg]
|
|-weather|SunnyDay|[upkeep]
|turn|6
|
|move|p2a: Excadrill|Earthquake|p1a: Rotom-Wash
|-supereffective|p1a: Rotom-Wash
|-damage|p1a: Rotom-Wash|2\/303
|move|p1a: Rotom-Wash|Will-O-Wisp|p2a: Excadrill|[miss]
|-miss|p1a: Rotom-Wash|p2a: Excadrill
|
|-weather|SunnyDay|[upkeep]
|turn|7
|chat|shadymon|LOL fk
|
|move|p2a: Excadrill|Earthquake|p1a: Rotom-Wash
|-supereffective|p1a: Rotom-Wash
|-damage|p1a: Rotom-Wash|0 fnt
|faint|p1a: Rotom-Wash
|
|-weather|none
|chat|fuck christmas|that 1 percent tho
|chat|fuck christmas|:[[
|
|switch|p1a: Azumarill|Azumarill, F|345\/345
|-damage|p1a: Azumarill|302\/345|[from] Stealth Rock
|turn|8
|
|switch|p2a: Azelf|Azelf|185\/291
|move|p1a: Azumarill|Waterfall|p2a: Azelf
|-damage|p2a: Azelf|0 fnt
|faint|p2a: Azelf
|
|
|switch|p2a: Charizard|Charizard-Mega-Y, M|250\/297
|-weather|SunnyDay
|turn|9
|
|move|p2a: Charizard|Solar Beam|p1a: Azumarill|[still]
|-prepare|p2a: Charizard|Solar Beam|p1a: Azumarill
|-anim|p2a: Charizard|Solar Beam|p1a: Azumarill
|-supereffective|p1a: Azumarill
|-damage|p1a: Azumarill|90\/345
|move|p1a: Azumarill|Waterfall|p2a: Charizard
|-supereffective|p2a: Charizard
|-damage|p2a: Charizard|0 fnt
|faint|p2a: Charizard
|
|-weather|SunnyDay|[upkeep]
|
|switch|p2a: Thundurus|Thundurus, M|299\/299
|turn|10
|
|switch|p1a: Mamoswine|Mamoswine, M|361\/361
|-damage|p1a: Mamoswine|316\/361|[from] Stealth Rock
|move|p2a: Thundurus|Thunderbolt|p1a: Mamoswine
|-immune|p1a: Mamoswine|[msg]
|
|-weather|SunnyDay|[upkeep]
|turn|11
|
|move|p1a: Mamoswine|Ice Shard|p2a: Thundurus
|-crit|p2a: Thundurus
|-supereffective|p2a: Thundurus
|-damage|p2a: Thundurus|0 fnt
|faint|p2a: Thundurus
|
|-weather|SunnyDay|[upkeep]
|
|switch|p2a: Keldeo|Keldeo|323\/323
|turn|12
|chat|fuck christmas|wow haha
|chat|fuck christmas|uhh
|chat|shadymon|lol srry
|chat|fuck christmas|no not that
|chat|fuck christmas|you didn't think keld was coming in?
|chat|shadymon|i thought about it
|chat|shadymon|decided not to risk it
|
|move|p1a: Mamoswine|Ice Shard|p2a: Keldeo
|-resisted|p2a: Keldeo
|-damage|p2a: Keldeo|281\/323
|move|p2a: Keldeo|Secret Sword|p1a: Mamoswine
|-supereffective|p1a: Mamoswine
|-damage|p1a: Mamoswine|0 fnt
|-damage|p2a: Keldeo|249\/323|[from] item: Life Orb
|faint|p1a: Mamoswine
|
|-weather|SunnyDay|[upkeep]
|
|switch|p1a: Aegislash|Aegislash, M|324\/324
|-damage|p1a: Aegislash|304\/324|[from] Stealth Rock
|turn|13
|
|switch|p2a: Diancie|Diancie|304\/304
|-formechange|p1a: Aegislash|Aegislash-Blade
|move|p1a: Aegislash|Shadow Ball|p2a: Diancie
|-damage|p2a: Diancie|217\/304
|
|-weather|none
|-heal|p1a: Aegislash|324\/324|[from] item: Leftovers
|turn|14
|chat|shadymon|lol bulky af
|
|-formechange|p1a: Aegislash|Aegislash
|move|p1a: Aegislash|King's Shield|p1a: Aegislash
|-singleturn|p1a: Aegislash|Protect
|move|p2a: Diancie|Hidden Power|p1a: Aegislash
|-activate|p1a: Aegislash|Protect
|
|turn|15
|chat|shadymon|holy crap that lag
|
|-formechange|p1a: Aegislash|Aegislash-Blade
|move|p1a: Aegislash|Shadow Ball|p2a: Diancie
|-damage|p2a: Diancie|127\/304
|move|p2a: Diancie|Hidden Power|p1a: Aegislash
|-supereffective|p1a: Aegislash
|-damage|p1a: Aegislash|84\/324
|
|-heal|p1a: Aegislash|104\/324|[from] item: Leftovers
|turn|16
|chat|fuck christmas|yeah haha the lag is pretty bad
|
|switch|p1a: Azumarill|Azumarill, F|90\/345
|-damage|p1a: Azumarill|47\/345|[from] Stealth Rock
|move|p2a: Diancie|Hidden Power|p1a: Azumarill
|-resisted|p1a: Azumarill
|-damage|p1a: Azumarill|27\/345
|
|turn|17
|
|move|p1a: Azumarill|Play Rough|p2a: Diancie
|-damage|p2a: Diancie|0 fnt
|faint|p2a: Diancie
|
|
|switch|p2a: Keldeo|Keldeo|249\/323
|turn|18
|
|move|p1a: Azumarill|Aqua Jet|p2a: Keldeo
|-resisted|p2a: Keldeo
|-damage|p2a: Keldeo|202\/323
|move|p2a: Keldeo|Secret Sword|p1a: Azumarill
|-resisted|p1a: Azumarill
|-damage|p1a: Azumarill|0 fnt
|-damage|p2a: Keldeo|170\/323|[from] item: Life Orb
|faint|p1a: Azumarill
|
|
|switch|p1a: Excadrill|Excadrill, M|362\/362
|-damage|p1a: Excadrill|351\/362|[from] Stealth Rock
|-ability|p1a: Excadrill|Mold Breaker
|turn|19
|chat|fuck christmas|ahh hahaha
|chat|fuck christmas|you're scarf
|
|move|p1a: Excadrill|Earthquake|p2a: Keldeo
|-damage|p2a: Keldeo|0 fnt
|faint|p2a: Keldeo
|
|chat|shadymon|lol so are you, right
|chat|fuck christmas|gg
|
|switch|p2a: Excadrill|Excadrill, F|362\/362
|-ability|p2a: Excadrill|Mold Breaker
|turn|20
|chat|shadymon|gg
|chat|fuck christmas|yeah
|chat|fuck christmas|I was hoping you weren't tho
|
|move|p2a: Excadrill|Earthquake|p1a: Excadrill
|-supereffective|p1a: Excadrill
|-damage|p1a: Excadrill|0 fnt
|faint|p1a: Excadrill
|
|
|switch|p1a: Charizard|Charizard, F|333\/333
|-damage|p1a: Charizard|167\/333|[from] Stealth Rock
|turn|21
|chat|fuck christmas|gg
|chat|shadymon|gg 
|
|move|p2a: Excadrill|Earthquake|p1a: Charizard
|-immune|p1a: Charizard|[msg]
|move|p1a: Charizard|Dragon Dance|p1a: Charizard
|-boost|p1a: Charizard|atk|1
|-boost|p1a: Charizard|spe|1
|
|turn|22
|
|move|p2a: Excadrill|Earthquake|p1a: Charizard
|-immune|p1a: Charizard|[msg]
|move|p1a: Charizard|Flare Blitz|p2a: Excadrill
|-supereffective|p2a: Excadrill
|-damage|p2a: Excadrill|0 fnt
|-damage|p1a: Charizard|48\/333|[from] recoil|[of] p2a: Excadrill
|faint|p2a: Excadrill
|
|win|shadymon
|raw|Ladder updating...
|raw|shadymon's rating: 1616 &rarr; <strong>1639<\/strong><br \/>(+23 for winning)
|raw|fuck christmas's rating: 1672 &rarr; <strong>1649<\/strong><br \/>(-23 for losing)
|leave|fuck christmas
|player|p2