|join|Mob Barley
|join|fuck christmas
|player|p1|Mob Barley|161
|player|p2|fuck christmas|281
|gametype|singles
|gen|6
|tier|OU
|rated
|clearpoke
|poke|p1|Diggersby, M, shiny
|poke|p1|Magnezone, shiny
|poke|p1|Gardevoir, F
|poke|p1|Terrakion, shiny
|poke|p1|Azumarill, M
|poke|p1|Mandibuzz, F, shiny
|poke|p2|Garchomp, F
|poke|p2|Thundurus, M
|poke|p2|Mamoswine, F
|poke|p2|Manaphy
|poke|p2|Hitmontop, M
|poke|p2|Magnezone
|rule|Swagger Clause: Swagger is banned
|rule|Baton Pass Clause: Limit one PokÃ©mon knowing Baton Pass
|rule|Sleep Clause Mod: Limit one foe put to sleep
|rule|Species Clause: Limit one of each PokÃ©mon
|rule|OHKO Clause: OHKO moves are banned
|rule|Moody Clause: Moody is banned
|rule|Evasion Moves Clause: Evasion moves are banned
|rule|Endless Battle Clause: Forcing endless battles is banned
|rule|HP Percentage Mod: HP is shown in percentages
|teampreview
|
|start
|switch|p1a: Water Bomb|Azumarill, M|345\/345
|switch|p2a: Mamoswine|Mamoswine, F|361\/361
|turn|1
|join|Sporeles
|
|switch|p2a: Magnezone|Magnezone|344\/344
|move|p1a: Water Bomb|Waterfall|p2a: Magnezone
|-damage|p2a: Magnezone|188\/344
|
|turn|2
|
|switch|p1a: Magneto|Magnezone, shiny|281\/281
|move|p2a: Magnezone|Flash Cannon|p1a: Magneto
|-resisted|p1a: Magneto
|-damage|p1a: Magneto|218\/281
|
|turn|3
|
|move|p1a: Magneto|Hidden Power|p2a: Magnezone
|-crit|p2a: Magnezone
|-supereffective|p2a: Magnezone
|-damage|p2a: Magnezone|0 fnt
|faint|p2a: Magnezone
|
|
|switch|p2a: Mamoswine|Mamoswine, F|361\/361
|turn|4
|
|switch|p1a: Vulture Aid|Mandibuzz, F, shiny|423\/423
|move|p2a: Mamoswine|Stealth Rock|p1a: Vulture Aid
|-sidestart|p1: Mob Barley|move: Stealth Rock
|
|turn|5
|
|move|p2a: Mamoswine|Icicle Crash|p1a: Vulture Aid
|-supereffective|p1a: Vulture Aid
|-damage|p1a: Vulture Aid|193\/423
|move|p1a: Vulture Aid|Defog|p2a: Mamoswine
|-unboost|p2a: Mamoswine|evasion|1
|-sideend|p1: Mob Barley|Stealth Rock|[from] move: Defog|[of] p1a: Vulture Aid
|
|turn|6
|
|move|p2a: Mamoswine|Stealth Rock|p1a: Vulture Aid
|-sidestart|p1: Mob Barley|move: Stealth Rock
|move|p1a: Vulture Aid|Foul Play|p2a: Mamoswine
|-damage|p2a: Mamoswine|153\/361
|
|turn|7
|
|switch|p1a: Water Bomb|Azumarill, M|345\/345
|-damage|p1a: Water Bomb|302\/345|[from] Stealth Rock
|move|p2a: Mamoswine|Icicle Crash|p1a: Water Bomb|[miss]
|-miss|p2a: Mamoswine|p1a: Water Bomb
|
|turn|8
|
|switch|p2a: Manaphy|Manaphy|341\/341
|move|p1a: Water Bomb|Aqua Jet|p2a: Manaphy
|-resisted|p2a: Manaphy
|-damage|p2a: Manaphy|300\/341
|
|-heal|p2a: Manaphy|321\/341|[from] item: Leftovers
|turn|9
|
|move|p2a: Manaphy|Surf|p1a: Water Bomb
|-resisted|p1a: Water Bomb
|-damage|p1a: Water Bomb|261\/345
|move|p1a: Water Bomb|Knock Off|p2a: Manaphy
|-damage|p2a: Manaphy|183\/341
|-enditem|p2a: Manaphy|Leftovers|[from] move: Knock Off|[of] p1a: Water Bomb
|
|turn|10
|
|move|p2a: Manaphy|Tail Glow|p2a: Manaphy
|-boost|p2a: Manaphy|spa|3
|move|p1a: Water Bomb|Play Rough|p2a: Manaphy
|-damage|p2a: Manaphy|0 fnt
|faint|p2a: Manaphy
|
|
|switch|p2a: Thundurus|Thundurus, M|299\/299
|turn|11
|
|move|p2a: Thundurus|Superpower|p1a: Water Bomb
|-resisted|p1a: Water Bomb
|-damage|p1a: Water Bomb|179\/345
|-unboost|p2a: Thundurus|atk|1
|-unboost|p2a: Thundurus|def|1
|-damage|p2a: Thundurus|270\/299|[from] item: Life Orb
|move|p1a: Water Bomb|Waterfall|p2a: Thundurus
|-damage|p2a: Thundurus|0 fnt
|faint|p2a: Thundurus
|
|
|switch|p2a: Garchomp|Garchomp, F|358\/358
|turn|12
|
|switch|p1a: Vulture Aid|Mandibuzz, F, shiny|193\/423
|-damage|p1a: Vulture Aid|88\/423|[from] Stealth Rock
|move|p2a: Garchomp|Earthquake|p1a: Vulture Aid
|-immune|p1a: Vulture Aid|[msg]
|
|turn|13
|
|move|p2a: Garchomp|Dragon Claw|p1a: Vulture Aid
|-damage|p1a: Vulture Aid|0 fnt
|-damage|p2a: Garchomp|299\/358|[from] item: Rocky Helmet|[of] p1a: Vulture Aid
|faint|p1a: Vulture Aid
|
|-heal|p2a: Garchomp|321\/358|[from] item: Leftovers
|
|switch|p1a: Red Bull|Terrakion, shiny|323\/323
|-damage|p1a: Red Bull|303\/323|[from] Stealth Rock
|turn|14
|
|switch|p2a: Hitmontop|Hitmontop, M|304\/304
|-ability|p2a: Hitmontop|Intimidate|[of] p1a: Red Bull
|-unboost|p1a: Red Bull|atk|1
|move|p1a: Red Bull|Close Combat|p2a: Hitmontop
|-damage|p2a: Hitmontop|151\/304
|-unboost|p1a: Red Bull|def|1
|-unboost|p1a: Red Bull|spd|1
|
|turn|15
|
|move|p1a: Red Bull|Close Combat|p2a: Hitmontop
|-damage|p2a: Hitmontop|0 fnt
|-unboost|p1a: Red Bull|def|1
|-unboost|p1a: Red Bull|spd|1
|faint|p2a: Hitmontop
|
|
|switch|p2a: Garchomp|Garchomp, F|321\/358
|turn|16
|
|move|p1a: Red Bull|Close Combat|p2a: Garchomp
|-damage|p2a: Garchomp|177\/358
|-damage|p1a: Red Bull|263\/323|[from] ability: Rough Skin|[of] p2a: Garchomp
|-unboost|p1a: Red Bull|def|1
|-unboost|p1a: Red Bull|spd|1
|move|p2a: Garchomp|Swords Dance|p2a: Garchomp
|-boost|p2a: Garchomp|atk|2
|
|-heal|p2a: Garchomp|199\/358|[from] item: Leftovers
|turn|17
|c|âfuck christmas|worst game I've played in fucking years
|c|âfuck christmas|,,,
|
|move|p1a: Red Bull|Close Combat|p2a: Garchomp
|-damage|p2a: Garchomp|61\/358
|-damage|p1a: Red Bull|223\/323|[from] ability: Rough Skin|[of] p2a: Garchomp
|-unboost|p1a: Red Bull|def|1
|-unboost|p1a: Red Bull|spd|1
|move|p2a: Garchomp|Earthquake|p1a: Red Bull
|-supereffective|p1a: Red Bull
|-damage|p1a: Red Bull|0 fnt
|faint|p1a: Red Bull
|
|-heal|p2a: Garchomp|83\/358|[from] item: Leftovers
|join|mynX~
|c|âfuck christmas|although random ass plays by the opp doesn't help :')
|
|switch|p1a: Bugs|Diggersby, M, shiny|311\/311
|-damage|p1a: Bugs|292\/311|[from] Stealth Rock
|turn|18
|c|âMob Barley|i can live ur thundys t bolt
|c|âMob Barley|u dont know how good av is
|c|âMob Barley|it does 62-79
|c|âMob Barley|i had 76
|c|âMob Barley|it was in my favor, the games about numbers
|
|move|p1a: Bugs|Quick Attack|p2a: Garchomp
|-damage|p2a: Garchomp|0 fnt
|-damage|p1a: Bugs|254\/311|[from] ability: Rough Skin|[of] p2a: Garchomp
|faint|p2a: Garchomp
|
|c|âfuck christmas|aight man haha
|c|âfuck christmas|gg
|
|switch|p2a: Mamoswine|Mamoswine, F|153\/361
|turn|19
|c|âMob Barley|gg x max hater
|
|move|p1a: Bugs|Quick Attack|p2a: Mamoswine
|-damage|p2a: Mamoswine|0 fnt
|faint|p2a: Mamoswine
|
|win|Mob Barley
|raw|Ladder updating...
|c|âfuck christmas|n_n
|raw|Mob Barley's rating: 1861 &rarr; <strong>1875<\/strong><br \/>(+14 for winning)
|raw|fuck christmas's rating: 1743 &rarr; <strong>1730<\/strong><br \/>(-13 for losing)
|leave|fuck christmas
|player|p2
|leave|Mob Barley
|player|p1