|join|Kiluren
|join|fuck christmas
|player|p1|Kiluren|25
|player|p2|fuck christmas|281
|gametype|singles
|gen|6
|tier|OU
|clearpoke
|poke|p1|Pinsir, M
|poke|p1|Raikou, shiny
|poke|p1|Bisharp, M, shiny
|poke|p1|Garchomp, M, shiny
|poke|p1|Greninja, M, shiny
|poke|p1|Latias, F, shiny
|poke|p2|Garchomp, F
|poke|p2|Manectric, M
|poke|p2|Azumarill, M
|poke|p2|Ferrothorn, F
|poke|p2|Manaphy
|poke|p2|Latios, M
|rule|Swagger Clause: Swagger is banned
|rule|Baton Pass Clause: Limit one PokÃ©mon knowing Baton Pass
|rule|Sleep Clause Mod: Limit one foe put to sleep
|rule|Species Clause: Limit one of each PokÃ©mon
|rule|OHKO Clause: OHKO moves are banned
|rule|Moody Clause: Moody is banned
|rule|Evasion Moves Clause: Evasion moves are banned
|rule|Endless Battle Clause: Forcing endless battles is banned
|rule|HP Percentage Mod: HP is shown in percentages
|teampreview
|join|chumped
|join|Awesomepic
|join|Richie BITG
|c|âKiluren|gl
|join|Cftc
|join|Nuzz
|leave|Awesomepic
|join|Noulis
|join|etaoi
|join|silverbackkap
|join|Bugbot
|join|raekwonthagod
|join|DOGE EBINEST
|join|Boss Bum
|c| Richie BITG|This is the battle of the century folks
|join|PC9
|join|vapporeon
|join|Châmpion SHAD0W
|c| vapporeon|o
|c| Richie BITG|Tune in at Channel 9
|join|MCBarrett
|join|xcitement
|join|VOD lolazo
|join|Pleased
|c| Châmpion SHAD0W|GO BRO !!!!!!!!
|c| DOGE EBINEST|epic
|join|Yuttt
|join|tyb99
|join|Bobug817
|c|âKiluren|Imma just put on modchat
|c|âfuck christmas|you too
|join|Draeden
|join|Super Blooper
|c| Noulis|raikou all the way
|c|âfuck christmas|:]
|join|Frântier Silvy
|join|terry41
|raw|<div class="broadcast-red"><b>Moderated chat was set to +!<\/b><br \/>Only users of rank + and higher can talk.<\/div>
|join|7ate9
|join|Cutey Sylveon
|
|start
|switch|p1a: Garchomp|Garchomp, M, shiny|358\/358
|switch|p2a: Azumarill|Azumarill, M|404\/404
|turn|1
|join|Saberz
|c|+MCBarrett|based bisharp ftw imo
|c|âfuck christmas|why modchat ?_?
|join|gbhsjkl.
|leave|Boss Bum
|join|halaballa
|c|âfuck christmas|I enjoy distractions
|c|âKiluren|Cos people from my league here
|c|âKiluren|And spammers
|c|âKiluren|~~Evil~~
|
|move|p1a: Garchomp|Earthquake|p2a: Azumarill
|-damage|p2a: Azumarill|184\/404
|move|p2a: Azumarill|Play Rough|p1a: Garchomp
|-supereffective|p1a: Garchomp
|-enditem|p1a: Garchomp|Focus Sash
|-damage|p1a: Garchomp|1\/358
|-damage|p2a: Azumarill|134\/404|[from] ability: Rough Skin|[of] p1a: Garchomp
|
|turn|2
|join|CoreMaker
|join|RotomSock
|join|sk8rgurl
Yuttt was promoted to Room Voice by fuck christmas.
|
|move|p1a: Garchomp|Stealth Rock|p2a: Azumarill
|-sidestart|p2: fuck christmas|move: Stealth Rock
|move|p2a: Azumarill|Play Rough|p1a: Garchomp|[miss]
|-miss|p2a: Azumarill|p1a: Garchomp
|
|turn|3
|join|LT1A 808
|leave|terry41
|join|luigiswimmer
|c|+Yuttt|:}
|join|In For The Kill
|
|switch|p2a: Latios|Latios, M|302\/302
|-damage|p2a: Latios|265\/302|[from] Stealth Rock
|move|p1a: Garchomp|Earthquake|p2a: Latios
|-immune|p2a: Latios|[msg]
|
|turn|4
|c|âKiluren|Urm ..
|c|âKiluren|AJ??
|
|move|p2a: Latios|Psyshock|p1a: Garchomp
|-damage|p1a: Garchomp|0 fnt
|-damage|p2a: Latios|235\/302|[from] item: Life Orb
|faint|p1a: Garchomp
|
|
|switch|p1a: Bisharp|Bisharp, M, shiny|272\/272
|turn|5
|join|Parisian Goldfish
|join|Iachi Uchiha
|join|GLâHead Atlas
|join|Z-Champ-Edjim
|
|move|p2a: Latios|Draco Meteor|p1a: Bisharp
|-resisted|p1a: Bisharp
|-damage|p1a: Bisharp|68\/272
|-unboost|p2a: Latios|spa|2
|-damage|p2a: Latios|205\/302|[from] item: Life Orb
|move|p1a: Bisharp|Pursuit|p2a: Latios
|-supereffective|p2a: Latios
|-damage|p2a: Latios|0 fnt
|faint|p2a: Latios
|
|join|AceStarThe3rd
|join|Lana Del Phox
|
|switch|p2a: Ferrothorn|Ferrothorn, F|352\/352
|-damage|p2a: Ferrothorn|330\/352|[from] Stealth Rock
|turn|6
|
|move|p1a: Bisharp|Knock Off|p2a: Ferrothorn
|-damage|p2a: Ferrothorn|203\/352
|-damage|p1a: Bisharp|34\/272|[from] ability: Iron Barbs|[of] p2a: Ferrothorn
|-enditem|p2a: Ferrothorn|Leftovers|[from] move: Knock Off|[of] p1a: Bisharp
|move|p2a: Ferrothorn|Stealth Rock|p1a: Bisharp
|-sidestart|p1: Kiluren|move: Stealth Rock
|
|turn|7
|
|switch|p1a: Greninja|Greninja, M, shiny|286\/286
|-damage|p1a: Greninja|251\/286|[from] Stealth Rock
|move|p2a: Ferrothorn|Power Whip|p1a: Greninja
|-supereffective|p1a: Greninja
|-damage|p1a: Greninja|0 fnt
|faint|p1a: Greninja
|
|c|âKiluren|.. :\/
|c|âKiluren|Oops
|c|âfuck christmas|:')
|c|âKiluren|XD
|join|yesman1234
|
|switch|p1a: Pinsir|Pinsir, M|271\/271
|-damage|p1a: Pinsir|204\/271|[from] Stealth Rock
|turn|8
|
|switch|p2a: Azumarill|Azumarill, M|134\/404
|-damage|p2a: Azumarill|84\/404|[from] Stealth Rock
|move|p1a: Pinsir|Close Combat|p2a: Azumarill
|-crit|p2a: Azumarill
|-resisted|p2a: Azumarill
|-damage|p2a: Azumarill|0 fnt
|-unboost|p1a: Pinsir|def|1
|-unboost|p1a: Pinsir|spd|1
|faint|p2a: Azumarill
|-boost|p1a: Pinsir|atk|1|[from] ability: Moxie
|
|
|switch|p2a: Manectric|Manectric, M|281\/281
|-damage|p2a: Manectric|246\/281|[from] Stealth Rock
|turn|9
|join|Blacklag
|c|âKiluren|Imma block pms cos people trying to give me hints
|leave|yesman1234
|
|switch|p1a: Latias|Latias, F, shiny|302\/302
|-damage|p1a: Latias|265\/302|[from] Stealth Rock
|move|p2a: Manectric|Volt Switch|p1a: Latias
|-resisted|p1a: Latias
|-damage|p1a: Latias|220\/302
|join|dedic
|c|âfuck christmas|fuck
|c|âfuck christmas|I keep forgetting to mega
|c|âfuck christmas|,,
|c|âKiluren|Lol
|leave|PC9
|join|Homiedino
|leave|GLâHead Atlas
|
|switch|p2a: Ferrothorn|Ferrothorn, F|203\/352
|-damage|p2a: Ferrothorn|181\/352|[from] Stealth Rock
|
|turn|10
|leave|7ate9
|leave|xcitement
|
|move|p1a: Latias|Defog|p2a: Ferrothorn
|-unboost|p2a: Ferrothorn|evasion|1
|-sideend|p2: fuck christmas|Stealth Rock|[from] move: Defog|[of] p2a: Ferrothorn
|-sideend|p1: Kiluren|Stealth Rock|[from] move: Defog|[of] p1a: Latias
|move|p2a: Ferrothorn|Leech Seed|p1a: Latias
|-start|p1a: Latias|move: Leech Seed
|
|-damage|p1a: Latias|183\/302|[from] Leech Seed|[of] p2a: Ferrothorn
|-heal|p2a: Ferrothorn|218\/352|[silent]
|turn|11
|
|switch|p1a: Pinsir|Pinsir, M|204\/271
|move|p2a: Ferrothorn|Stealth Rock|p1a: Pinsir
|-sidestart|p1: Kiluren|move: Stealth Rock
|
|turn|12
|join|LT1B gr8itch
|join|G123Rocks
|
|move|p1a: Pinsir|Close Combat|p2a: Ferrothorn
|-supereffective|p2a: Ferrothorn
|-damage|p2a: Ferrothorn|66\/352
|-damage|p1a: Pinsir|171\/271|[from] ability: Iron Barbs|[of] p2a: Ferrothorn
|-unboost|p1a: Pinsir|def|1
|-unboost|p1a: Pinsir|spd|1
|move|p2a: Ferrothorn|Thunder Wave|p1a: Pinsir
|-status|p1a: Pinsir|par
|
|turn|13
|c|âKiluren|Wow
|c|âKiluren|I'm genuinley suprised
|c|âKiluren|XD
|
|move|p2a: Ferrothorn|Power Whip|p1a: Pinsir
|-crit|p1a: Pinsir
|-resisted|p1a: Pinsir
|-damage|p1a: Pinsir|14\/271 par
|cant|p1a: Pinsir|par
|
|turn|14
|c|âKiluren|And crit
|c|âKiluren|Ofc
|join|The Vivillon
|leave|luigiswimmer
|c|âfuck christmas|wouldn't have mattered
|leave|The Vivillon
|c|âfuck christmas|let's be honest
|c|âfuck christmas|:]
|
|detailschange|p1a: Pinsir|Pinsir-Mega, M
|message|Pinsir has Mega Evolved into Mega Pinsir!
|move|p1a: Pinsir|Quick Attack|p2a: Ferrothorn
|-damage|p2a: Ferrothorn|3\/352
|-damage|p1a: Pinsir|0 fnt|[from] ability: Iron Barbs|[of] p2a: Ferrothorn
|faint|p1a: Pinsir
|move|p2a: Ferrothorn|Power Whip|p1: Pinsir|[notarget]
|-notarget
|
|c|+Yuttt|no rest
|
|switch|p1a: Latias|Latias, F, shiny|183\/302
|-damage|p1a: Latias|146\/302|[from] Stealth Rock
|turn|15
|join|VOD lolazo
|
|move|p1a: Latias|Dragon Pulse|p2a: Ferrothorn
|-resisted|p2a: Ferrothorn
|-damage|p2a: Ferrothorn|0 fnt
|-damage|p1a: Latias|116\/302|[from] item: Life Orb
|faint|p2a: Ferrothorn
|
|
|switch|p2a: Manaphy|Manaphy|341\/341
|turn|16
|
|move|p1a: Latias|Dragon Pulse|p2a: Manaphy
|-damage|p2a: Manaphy|162\/341
|-damage|p1a: Latias|86\/302|[from] item: Life Orb
|move|p2a: Manaphy|Ice Beam|p1a: Latias
|-supereffective|p1a: Latias
|-damage|p1a: Latias|0 fnt
|faint|p1a: Latias
|
|-heal|p2a: Manaphy|183\/341|[from] item: Leftovers
|join|lt1a rh156
|
|switch|p1a: Bisharp|Bisharp, M, shiny|34\/272
|-damage|p1a: Bisharp|17\/272|[from] Stealth Rock
|turn|17
|join|baenail
|
|move|p1a: Bisharp|Sucker Punch|p2a: Manaphy
|-damage|p2a: Manaphy|0 fnt
|faint|p2a: Manaphy
|
|
|switch|p2a: Garchomp|Garchomp, F|358\/358
|turn|18
|
|move|p1a: Bisharp|Sucker Punch|p2a: Garchomp
|-fail|p2a: Garchomp
|move|p2a: Garchomp|Substitute|p2a: Garchomp
|-start|p2a: Garchomp|Substitute
|-damage|p2a: Garchomp|269\/358
|
|-heal|p2a: Garchomp|291\/358|[from] item: Leftovers
|turn|19
|
|move|p1a: Bisharp|Sucker Punch|p2a: Garchomp
|-end|p2a: Garchomp|Substitute
|move|p2a: Garchomp|Earthquake|p1a: Bisharp
|-supereffective|p1a: Bisharp
|-damage|p1a: Bisharp|0 fnt
|faint|p1a: Bisharp
|
|-heal|p2a: Garchomp|313\/358|[from] item: Leftovers
|
|switch|p1a: Raikou|Raikou, shiny|321\/321
|-damage|p1a: Raikou|281\/321|[from] Stealth Rock
|-ability|p1a: Raikou|Pressure
|turn|20
|c|âKiluren|GG
|
|move|p1a: Raikou|Hidden Power|p2a: Garchomp
|-supereffective|p2a: Garchomp
|-damage|p2a: Garchomp|0 fnt
|faint|p2a: Garchomp
|
|c|âKiluren|Oh .. I cant see your team
|join|Haha44
|c|âKiluren|Dammit
|c|âKiluren|Who do you have left??
|join|xcitement
|
|switch|p2a: Manectric|Manectric, M|246\/281
|turn|21
|
|detailschange|p2a: Manectric|Manectric-Mega, M
|message|Manectric has Mega Evolved into Mega Manectric!
|-ability|p2a: Manectric|Intimidate|[of] p1a: Raikou
|-unboost|p1a: Raikou|atk|1
|move|p1a: Raikou|Hidden Power|p2a: Manectric
|-damage|p2a: Manectric|131\/281
|move|p2a: Manectric|Flamethrower|p1a: Raikou
|-damage|p1a: Raikou|170\/321
|-status|p1a: Raikou|brn
|
|-damage|p1a: Raikou|130\/321 brn|[from] brn
|turn|22
|c|âKiluren|Burn
|c|âKiluren|Really??
|c|âKiluren|I could have won as well
|c|âfuck christmas|I would still win
|c|âKiluren|..
|c|âfuck christmas|LOL
|
|move|p2a: Manectric|Flamethrower|p1a: Raikou
|-damage|p1a: Raikou|23\/321 brn
|move|p1a: Raikou|Hidden Power|p2a: Manectric
|-damage|p2a: Manectric|12\/281
|
|-damage|p1a: Raikou|0 fnt|[from] brn
|faint|p1a: Raikou
|
|win|fuck christmas
|c|+MCBarrett|justice crit ftw
|c|âfuck christmas|aight man
|c|âfuck christmas|gg
|c|âKiluren|wp
|c|âfuck christmas|:]
|leave|fuck christmas
|player|p2
|leave|Kiluren
|player|p1
|leave|In For The Kill
|join|will i lose
|leave|Parisian Goldfish
|leave|MCBarrett
|leave|LT1A 808
|leave|Noulis
|leave|Frântier Silvy
|leave|DOGE EBINEST
|leave|Haha44
|leave|tyb99
|leave|Pleased
|leave|will i lose
|leave|dedic
|leave|Bobug817
|leave|silverbackkap
|leave|Nuzz
|leave|Cutey Sylveon
|leave|CoreMaker
|leave|Draeden
|leave|gbhsjkl.
|leave|Saberz
|join|they call me 190
|leave|sk8rgurl
|leave|Homiedino
|leave|Bugbot
|leave|raekwonthagod
|leave|VOD lolazo
|leave|Z-Champ-Edjim
|leave|chumped
|leave|etaoi
|leave|vapporeon
|leave|baenail
|leave|they call me 190
|leave|LT1B gr8itch
|join|Frântier Silvy
|leave|Frântier Silvy
|leave|G123Rocks
|join|Kiluren
|leave|lt1a rh156
|leave|RotomSock
|leave|Richie BITG
|leave|Kiluren
|join|Kiluren
|leave|Blacklag