|join|Zezima
|join|fuck christmas
|player|p1|Zezima|45
|player|p2|fuck christmas|281
|gametype|singles
|gen|6
|tier|OU
|clearpoke
|poke|p1|Smeargle, M
|poke|p1|Cloyster, F
|poke|p1|Landorus-Therian, M
|poke|p1|Chansey, F
|poke|p1|Medicham, F
|poke|p1|Latias, F
|poke|p2|Suicune
|poke|p2|Scizor, M
|poke|p2|Landorus-Therian, M
|poke|p2|Mew
|poke|p2|Heatran, M
|poke|p2|Latios, M
|rule|Swagger Clause: Swagger is banned
|rule|Baton Pass Clause: Limit one PokÃ©mon knowing Baton Pass
|rule|Sleep Clause Mod: Limit one foe put to sleep
|rule|Species Clause: Limit one of each PokÃ©mon
|rule|OHKO Clause: OHKO moves are banned
|rule|Moody Clause: Moody is banned
|rule|Evasion Moves Clause: Evasion moves are banned
|rule|Endless Battle Clause: Forcing endless battles is banned
|rule|HP Percentage Mod: HP is shown in percentages
|teampreview
|join|Wolf Turds
|join|lll NOLO lll
|join|yrs
|join|IAmGingy
|join|bald guy
|c| yrs|wow
|c| yrs|sash smash
|c| yrs|bp
|c|âZezima|no
|
|start
|switch|p1a: Landorus-Therian|Landorus-Therian, M|320\/320
|switch|p2a: Mew|Mew|404\/404
|-ability|p1a: Landorus-Therian|Intimidate|[of] p2a: Mew
|-unboost|p2a: Mew|atk|1
|turn|1
|c| yrs|yeah
|c|âZezima|that illegal..
|c| yrs|somehting like that
|
|move|p1a: Landorus-Therian|Knock Off|p2a: Mew
|-supereffective|p2a: Mew
|-damage|p2a: Mew|136\/404
|-enditem|p2a: Mew|Leftovers|[from] move: Knock Off|[of] p1a: Landorus-Therian
|move|p2a: Mew|Will-O-Wisp|p1a: Landorus-Therian
|-status|p1a: Landorus-Therian|brn
|
|-damage|p1a: Landorus-Therian|280\/320 brn|[from] brn
|turn|2
|
|switch|p1a: Smeargle|Smeargle, M|314\/314
|move|p2a: Mew|Soft-Boiled|p2a: Mew
|-heal|p2a: Mew|338\/404
|
|turn|3
|c| IAmGingy|i beat dks tean
|
|move|p2a: Mew|Taunt|p1a: Smeargle
|-start|p1a: Smeargle|move: Taunt
|cant|p1a: Smeargle|move: Taunt|Spore
|
|turn|4
|c| IAmGingy|with mega hera and kyub
|c| yrs|lol
|c| IAmGingy|n_n
|c|âfuck christmas|probs got lucky
|c|âfuck christmas|yn
|c| IAmGingy|n
|c| yrs|n
|c| yrs|skill
|c|âZezima|forgot mew a stall breaker
|
|switch|p1a: Landorus-Therian|Landorus-Therian, M|280\/320 brn
|-ability|p1a: Landorus-Therian|Intimidate|[of] p2a: Mew
|-unboost|p2a: Mew|atk|1
|move|p2a: Mew|Will-O-Wisp|p1a: Landorus-Therian
|-fail|p1a: Landorus-Therian|brn
|
|-damage|p1a: Landorus-Therian|240\/320 brn|[from] brn
|turn|5
|c| yrs|omgh
|
|move|p1a: Landorus-Therian|U-turn|p2a: Mew
|-supereffective|p2a: Mew
|-damage|p2a: Mew|250\/404
|c| yrs|mew rapes youw whole team
|
|switch|p1a: Smeargle|Smeargle, M|314\/314
|move|p2a: Mew|Will-O-Wisp|p1a: Smeargle
|-status|p1a: Smeargle|brn
|
|-damage|p1a: Smeargle|275\/314 brn|[from] brn
|turn|6
|c|âfuck christmas|e
|c|âfuck christmas|z
|join|MawileApocalypse
|c| yrs|yeah
|join|TheHannt
|c|âZezima|it does lol
|join|itrenga
|c| yrs|dont use semegle irts trash
|c| yrs|so is closter
|c| yrs|and chancey ism for stall
|
|switch|p1a: Medicham|Medicham, F|261\/261
|move|p2a: Mew|Taunt|p1a: Medicham
|-start|p1a: Medicham|move: Taunt
|
|turn|7
|c| yrs|sub?
|c| yrs|lol
|
|switch|p2a: Landorus-Therian|Landorus-Therian, M|325\/325
|-ability|p2a: Landorus-Therian|Intimidate|[of] p1a: Medicham
|-unboost|p1a: Medicham|atk|1
|detailschange|p1a: Medicham|Medicham-Mega, F
|message|Medicham has Mega Evolved into Mega Medicham!
|move|p1a: Medicham|Zen Headbutt|p2a: Landorus-Therian
|-crit|p2a: Landorus-Therian
|-damage|p2a: Landorus-Therian|0 fnt
|faint|p2a: Landorus-Therian
|
|join|U got Solid Snake
|c| yrs|i wouldnt personally use
|c| yrs|medicham 
|c|âfuck christmas|okkk
|c|âZezima|lmao at that crit
|join|Twitch.tv\/Trxuma
|c| yrs|its crap as well
|c| yrs|well imo'
|c| yrs|better megas out there
|c|âZezima|bruh yrs idc if i lose i just testing this team out lol
|
|switch|p2a: Mew|Mew|250\/404
|turn|8
|
|switch|p1a: Smeargle|Smeargle, M|275\/314 brn
|move|p2a: Mew|Will-O-Wisp|p1a: Smeargle
|-fail|p1a: Smeargle|brn
|
|-damage|p1a: Smeargle|236\/314 brn|[from] brn
|turn|9
|c| yrs|now crit
|c| yrs|lol
|
|switch|p1a: Landorus-Therian|Landorus-Therian, M|240\/320 brn
|-ability|p1a: Landorus-Therian|Intimidate|[of] p2a: Mew
|-unboost|p2a: Mew|atk|1
|move|p2a: Mew|Taunt|p1a: Landorus-Therian
|-start|p1a: Landorus-Therian|move: Taunt
|
|-damage|p1a: Landorus-Therian|200\/320 brn|[from] brn
|turn|10
|
|move|p1a: Landorus-Therian|U-turn|p2a: Mew
|-supereffective|p2a: Mew
|-damage|p2a: Mew|164\/404
|join|How to losee
|
|switch|p1a: Latias|Latias, F|302\/302
|move|p2a: Mew|Soft-Boiled|p2a: Mew
|-heal|p2a: Mew|366\/404
|
|turn|11
|leave|Wolf Turds
|c| yrs|draco doe shit
|c| yrs|to sp.,def mew
|c| How to losee|You guys know how to lose?
|c| How to losee|right
|c| yrs|just like that^
|
|move|p1a: Latias|Healing Wish|p1a: Latias
|faint|p1a: Latias
|move|p2a: Mew|Soft-Boiled|p2a: Mew
|-heal|p2a: Mew|404\/404
|
|
|switch|p1a: Landorus-Therian|Landorus-Therian, M|200\/320 brn
|-heal|p1a: Landorus-Therian|320\/320|[from] move: Healing Wish
|-ability|p1a: Landorus-Therian|Intimidate|[of] p2a: Mew
|-unboost|p2a: Mew|atk|1
|turn|12
|join|XperimentTeams
|c| yrs|gp for crit explosion
|c| yrs|go
|
|switch|p2a: Heatran|Heatran, M|379\/379
|move|p1a: Landorus-Therian|U-turn|p2a: Heatran
|-resisted|p2a: Heatran
|-damage|p2a: Heatran|360\/379
|
|switch|p1a: Medicham|Medicham-Mega, F|261\/261
|
|-heal|p2a: Heatran|379\/379|[from] item: Leftovers
|turn|13
|
|switch|p2a: Latios|Latios, M|301\/301
|move|p1a: Medicham|High Jump Kick|p2a: Latios
|-resisted|p2a: Latios
|-damage|p2a: Latios|77\/301
|
|turn|14
|c| How to losee|stfu yrs
|
|switch|p2a: Mew|Mew|404\/404
|switch|p1a: Smeargle|Smeargle, M|236\/314 brn
|
|-damage|p1a: Smeargle|197\/314 brn|[from] brn
|turn|15
|c| How to losee|You dont even know how to lose kid
|
|move|p2a: Mew|Taunt|p1a: Smeargle
|-start|p1a: Smeargle|move: Taunt
|cant|p1a: Smeargle|move: Taunt|Spore
|
|-damage|p1a: Smeargle|158\/314 brn|[from] brn
|turn|16
|c|âZezima|kk putting magic coat on my smeargle
|c|âZezima|fk that lol
|c| yrs|kk
|
|move|p2a: Mew|Will-O-Wisp|p1a: Smeargle
|-fail|p1a: Smeargle|brn
|-activate|p1a: Smeargle|move: Struggle
|move|p1a: Smeargle|Struggle|p2a: Mew
|-damage|p2a: Mew|398\/404
|-damage|p1a: Smeargle|80\/314 brn
|
|-damage|p1a: Smeargle|41\/314 brn|[from] brn
|turn|17
|c| bald guy|struggle llf
|
|move|p2a: Mew|Knock Off|p1a: Smeargle
|-damage|p1a: Smeargle|0 fnt
|-enditem|p1a: Smeargle|White Herb|[from] move: Knock Off|[of] p2a: Mew
|faint|p1a: Smeargle
|
|
|switch|p1a: Landorus-Therian|Landorus-Therian, M|320\/320
|-ability|p1a: Landorus-Therian|Intimidate|[of] p2a: Mew
|-unboost|p2a: Mew|atk|1
|turn|18
|
|move|p1a: Landorus-Therian|U-turn|p2a: Mew
|-supereffective|p2a: Mew
|-damage|p2a: Mew|210\/404
|
|switch|p1a: Chansey|Chansey, F|704\/704
|move|p2a: Mew|Will-O-Wisp|p1a: Chansey
|-status|p1a: Chansey|brn
|
|-damage|p1a: Chansey|616\/704 brn|[from] brn
|turn|19
|
|move|p2a: Mew|Taunt|p1a: Chansey
|-start|p1a: Chansey|move: Taunt
|move|p1a: Chansey|Seismic Toss|p2a: Mew
|-damage|p2a: Mew|110\/404
|
|-damage|p1a: Chansey|528\/704 brn|[from] brn
|turn|20
|leave|Twitch.tv\/Trxuma
|
|switch|p1a: Landorus-Therian|Landorus-Therian, M|320\/320
|-ability|p1a: Landorus-Therian|Intimidate|[of] p2a: Mew
|-unboost|p2a: Mew|atk|1
|move|p2a: Mew|Soft-Boiled|p2a: Mew
|-heal|p2a: Mew|312\/404
|
|turn|21
|
|move|p1a: Landorus-Therian|U-turn|p2a: Mew
|-crit|p2a: Mew
|-supereffective|p2a: Mew
|-damage|p2a: Mew|40\/404
|
|switch|p1a: Chansey|Chansey, F|528\/704
|move|p2a: Mew|Soft-Boiled|p2a: Mew
|-heal|p2a: Mew|242\/404
|
|turn|22
|
|move|p2a: Mew|Taunt|p1a: Chansey
|-start|p1a: Chansey|move: Taunt
|move|p1a: Chansey|Seismic Toss|p2a: Mew
|-damage|p2a: Mew|142\/404
|
|turn|23
|
|move|p2a: Mew|Soft-Boiled|p2a: Mew
|-heal|p2a: Mew|344\/404
|move|p1a: Chansey|Seismic Toss|p2a: Mew
|-damage|p2a: Mew|244\/404
|
|turn|24
|
|move|p2a: Mew|Will-O-Wisp|p1a: Chansey|[miss]
|-miss|p2a: Mew|p1a: Chansey
|move|p1a: Chansey|Seismic Toss|p2a: Mew
|-damage|p2a: Mew|144\/404
|
|-end|p1a: Chansey|move: Taunt
|turn|25
|
|move|p2a: Mew|Taunt|p1a: Chansey
|-start|p1a: Chansey|move: Taunt
|move|p1a: Chansey|Seismic Toss|p2a: Mew
|-damage|p2a: Mew|44\/404
|
|turn|26
|leave|IAmGingy
|
|move|p2a: Mew|Soft-Boiled|p2a: Mew
|-heal|p2a: Mew|246\/404
|move|p1a: Chansey|Seismic Toss|p2a: Mew
|-damage|p2a: Mew|146\/404
|
|turn|27
|join|Raheim
|c|âZezima|come on chansey this nigga call you fat crit him already
|
|move|p2a: Mew|Soft-Boiled|p2a: Mew
|-heal|p2a: Mew|348\/404
|move|p1a: Chansey|Seismic Toss|p2a: Mew
|-damage|p2a: Mew|248\/404
|
|-end|p1a: Chansey|move: Taunt
|turn|28
|join|sweet Rikku
|
|move|p2a: Mew|Taunt|p1a: Chansey
|-start|p1a: Chansey|move: Taunt
|move|p1a: Chansey|Seismic Toss|p2a: Mew
|-damage|p2a: Mew|148\/404
|
|turn|29
|c| yrs|seismic toss can crit... :_:
|join|zapp.zapp
|
|move|p2a: Mew|Soft-Boiled|p2a: Mew
|-heal|p2a: Mew|350\/404
|move|p1a: Chansey|Seismic Toss|p2a: Mew
|-damage|p2a: Mew|250\/404
|
|turn|30
|
|switch|p2a: Scizor|Scizor, M|343\/343
|move|p1a: Chansey|Seismic Toss|p2a: Scizor
|-damage|p2a: Scizor|243\/343
|
|-end|p1a: Chansey|move: Taunt
|turn|31
|leave|MawileApocalypse
|c| yrs|just end it quick
|
|detailschange|p2a: Scizor|Scizor-Mega, M
|message|Scizor has Mega Evolved into Mega Scizor!
|move|p2a: Scizor|Swords Dance|p2a: Scizor
|-boost|p2a: Scizor|atk|2
|move|p1a: Chansey|Thunder Wave|p2a: Scizor
|-status|p2a: Scizor|par
|
|turn|32
|c| yrs|and sd
|c| yrs|dont para pols
|c| yrs|pl
|c| yrs|s
|c| yrs|lol
|
|move|p2a: Scizor|Bullet Punch|p1a: Chansey
|-damage|p1a: Chansey|203\/704
|move|p1a: Chansey|Seismic Toss|p2a: Scizor
|-damage|p2a: Scizor|143\/343 par
|
|turn|33
|
|cant|p2a: Scizor|par
|move|p1a: Chansey|Seismic Toss|p2a: Scizor
|-damage|p2a: Scizor|43\/343 par
|
|turn|34
|
|move|p2a: Scizor|Bullet Punch|p1a: Chansey
|-damage|p1a: Chansey|0 fnt
|faint|p1a: Chansey
|
|c| yrs|oh shit
|c|âZezima|ok
|
|switch|p1a: Medicham|Medicham-Mega, F|261\/261
|turn|35
|
|move|p1a: Medicham|Fake Out|p2a: Scizor
|-resisted|p2a: Scizor
|-damage|p2a: Scizor|14\/343 par
|cant|p2a: Scizor|flinch
|
|turn|36
|
|switch|p1a: Cloyster|Cloyster, F|304\/304
|move|p2a: Scizor|Bullet Punch|p1a: Cloyster
|-damage|p1a: Cloyster|180\/304
|
|turn|37
|
|move|p1a: Cloyster|Ice Shard|p2a: Scizor
|-resisted|p2a: Scizor
|-damage|p2a: Scizor|0 fnt
|faint|p2a: Scizor
|
|join|Banette is life
|c| yrs|shwll smash if real
|
|switch|p2a: Suicune|Suicune|399\/399
|-ability|p2a: Suicune|Pressure
|turn|38
|
|move|p2a: Suicune|Scald|p1a: Cloyster
|-resisted|p1a: Cloyster
|-damage|p1a: Cloyster|125\/304
|move|p1a: Cloyster|Icicle Spear|p2a: Suicune
|-resisted|p2a: Suicune
|-damage|p2a: Suicune|385\/399
|-resisted|p2a: Suicune
|-damage|p2a: Suicune|372\/399
|-resisted|p2a: Suicune
|-damage|p2a: Suicune|358\/399
|-resisted|p2a: Suicune
|-damage|p2a: Suicune|344\/399
|-resisted|p2a: Suicune
|-damage|p2a: Suicune|329\/399
|-hitcount|p2a: Suicune|5
|
|-heal|p2a: Suicune|353\/399|[from] item: Leftovers
|turn|39
|c|âfuck christmas|wait
|c|âfuck christmas|are you
|c|âfuck christmas|defensive
|c|âZezima|lmao
|
|move|p2a: Suicune|Calm Mind|p2a: Suicune
|-boost|p2a: Suicune|spa|1
|-boost|p2a: Suicune|spd|1
|move|p1a: Cloyster|Razor Shell|p2a: Suicune
|-resisted|p2a: Suicune
|-damage|p2a: Suicune|316\/399
|
|-heal|p2a: Suicune|340\/399|[from] item: Leftovers
|turn|40
|c| zapp.zapp|suicune is weak 
|c| Banette is life|wtf
|c|âfuck christmas|LOL
|c| How to losee|lol now you made this nigga calm mind
|c| zapp.zapp|without setup
|c|âfuck christmas|cloyster is already a shit mon
|
|move|p2a: Suicune|Calm Mind|p2a: Suicune
|-boost|p2a: Suicune|spa|1
|-boost|p2a: Suicune|spd|1
|move|p1a: Cloyster|Icicle Spear|p2a: Suicune
|-resisted|p2a: Suicune
|-damage|p2a: Suicune|327\/399
|-resisted|p2a: Suicune
|-damage|p2a: Suicune|312\/399
|-crit|p2a: Suicune
|-resisted|p2a: Suicune
|-damage|p2a: Suicune|292\/399
|-resisted|p2a: Suicune
|-damage|p2a: Suicune|277\/399
|-resisted|p2a: Suicune
|-damage|p2a: Suicune|262\/399
|-hitcount|p2a: Suicune|5
|
|-heal|p2a: Suicune|286\/399|[from] item: Leftovers
|turn|41
|c| yrs|yup
|c| zapp.zapp|its over
|c| zapp.zapp|gg
|c| Banette is life|ggggg
|c|âZezima|kill my cloyster alredy lol
|
|move|p2a: Suicune|Calm Mind|p2a: Suicune
|-boost|p2a: Suicune|spa|1
|-boost|p2a: Suicune|spd|1
|move|p1a: Cloyster|Icicle Spear|p2a: Suicune
|-resisted|p2a: Suicune
|-damage|p2a: Suicune|273\/399
|-resisted|p2a: Suicune
|-damage|p2a: Suicune|259\/399
|-resisted|p2a: Suicune
|-damage|p2a: Suicune|246\/399
|-resisted|p2a: Suicune
|-damage|p2a: Suicune|231\/399
|-resisted|p2a: Suicune
|-damage|p2a: Suicune|217\/399
|-hitcount|p2a: Suicune|5
|
|-heal|p2a: Suicune|241\/399|[from] item: Leftovers
|turn|42
|c| Banette is life|cloyster is ass if not shell smash
|c|âfuck christmas|you could also forfeit :oo
|c| XperimentTeams|Na it gonna torture you before the sweep
|
|move|p2a: Suicune|Rest|p2a: Suicune
|-status|p2a: Suicune|slp
|-heal|p2a: Suicune|399\/399 slp|[silent]
|-status|p2a: Suicune|slp|[from] move: Rest
|move|p1a: Cloyster|Icicle Spear|p2a: Suicune
|-resisted|p2a: Suicune
|-damage|p2a: Suicune|384\/399 slp
|-resisted|p2a: Suicune
|-damage|p2a: Suicune|370\/399 slp
|-resisted|p2a: Suicune
|-damage|p2a: Suicune|357\/399 slp
|-resisted|p2a: Suicune
|-damage|p2a: Suicune|343\/399 slp
|-resisted|p2a: Suicune
|-damage|p2a: Suicune|328\/399 slp
|-hitcount|p2a: Suicune|5
|
|-heal|p2a: Suicune|352\/399 slp|[from] item: Leftovers
|turn|43
|c| Banette is life|or kings rock lmao
|c| bald guy|kings rock cloyster is so scummy
|
|cant|p2a: Suicune|slp
|move|p2a: Suicune|Sleep Talk|p2a: Suicune
|move|p2a: Suicune|Scald|p1a: Cloyster|[from]Sleep Talk
|-resisted|p1a: Cloyster
|-damage|p1a: Cloyster|0 fnt
|faint|p1a: Cloyster
|
|-heal|p2a: Suicune|376\/399 slp|[from] item: Leftovers
|leave|Raheim
|c|âZezima|inb4 thunder punch medi
|c| XperimentTeams|^ doesn't have it 
|
|switch|p1a: Medicham|Medicham-Mega, F|261\/261
|turn|44
|
|move|p1a: Medicham|Fake Out|p2a: Suicune
|-damage|p2a: Suicune|325\/399 slp
|cant|p2a: Suicune|slp
|cant|p2a: Suicune|flinch
|
|-heal|p2a: Suicune|349\/399 slp|[from] item: Leftovers
|turn|45
|
|move|p1a: Medicham|High Jump Kick|p2a: Suicune
|-damage|p2a: Suicune|75\/399 slp
|-curestatus|p2a: Suicune|slp
|move|p2a: Suicune|Scald|p1a: Medicham
|-damage|p1a: Medicham|12\/261
|
|-heal|p2a: Suicune|99\/399|[from] item: Leftovers
|turn|46
|
|move|p1a: Medicham|High Jump Kick|p2a: Suicune|[miss]
|-miss|p1a: Medicham|p2a: Suicune
|-damage|p1a: Medicham|0 fnt|[from] highjumpkick
|faint|p1a: Medicham
|move|p2a: Suicune|Scald|p1: Medicham|[notarget]
|-notarget
|
|-heal|p2a: Suicune|123\/399|[from] item: Leftovers
|c| bald guy|lol
|c|âZezima|okkkkk
|c| TheHannt|Ha
|c|âfuck christmas|ayy lmao
|c| zapp.zapp|lel
|
|switch|p1a: Landorus-Therian|Landorus-Therian, M|320\/320
|-ability|p1a: Landorus-Therian|Intimidate|[of] p2a: Suicune
|-unboost|p2a: Suicune|atk|1
|turn|47
|c| bald guy|classic
|c|âfuck christmas|ez
|c| bald guy|2ez
|c| Banette is life|holy shit it lived and lmfao
|
|move|p1a: Landorus-Therian|Knock Off|p2a: Suicune
|-damage|p2a: Suicune|33\/399
|-enditem|p2a: Suicune|Leftovers|[from] move: Knock Off|[of] p1a: Landorus-Therian
|move|p2a: Suicune|Scald|p1a: Landorus-Therian
|-crit|p1a: Landorus-Therian
|-supereffective|p1a: Landorus-Therian
|-damage|p1a: Landorus-Therian|0 fnt
|faint|p1a: Landorus-Therian
|
|win|fuck christmas
|c|âZezima|gg
|c| yrs|lives eq
|c|âfuck christmas|gg
|leave|zapp.zapp
|leave|fuck christmas
|player|p2
|leave|Zezima
|player|p1
|leave|XperimentTeams
|leave|bald guy
|leave|yrs
|leave|Banette is life
|leave|sweet Rikku
|leave|TheHannt