|join|lil manaphy
|join|fuck christmas
|player|p1|lil manaphy|37
|player|p2|fuck christmas|281
|gametype|singles
|gen|6
|tier|OU
|rated
|clearpoke
|poke|p1|Gardevoir, F, shiny
|poke|p1|Mandibuzz, F
|poke|p1|Amoonguss, M
|poke|p1|Chansey, F
|poke|p1|Keldeo
|poke|p1|Landorus-Therian, M
|poke|p2|Scizor, F
|poke|p2|Raikou
|poke|p2|Talonflame, M
|poke|p2|Landorus-Therian, M
|poke|p2|Terrakion
|poke|p2|Greninja, F
|rule|Swagger Clause: Swagger is banned
|rule|Baton Pass Clause: Limit one PokÃ©mon knowing Baton Pass
|rule|Sleep Clause Mod: Limit one foe put to sleep
|rule|Species Clause: Limit one of each PokÃ©mon
|rule|OHKO Clause: OHKO moves are banned
|rule|Moody Clause: Moody is banned
|rule|Evasion Moves Clause: Evasion moves are banned
|rule|Endless Battle Clause: Forcing endless battles is banned
|rule|HP Percentage Mod: HP is reported as percentages
|teampreview
|
|start
|switch|p1a: Landorus-Therian|Landorus-Therian, M|382\/382
|switch|p2a: Landorus-Therian|Landorus-Therian, M|325\/325
|-ability|p2a: Landorus-Therian|Intimidate|[of] p1a: Landorus-Therian
|-unboost|p1a: Landorus-Therian|atk|1
|-ability|p1a: Landorus-Therian|Intimidate|[of] p2a: Landorus-Therian
|-unboost|p2a: Landorus-Therian|atk|1
|turn|1
|
|move|p2a: Landorus-Therian|U-turn|p1a: Landorus-Therian
|-resisted|p1a: Landorus-Therian
|-damage|p1a: Landorus-Therian|361\/382
|
|switch|p2a: Scizor|Scizor, F|335\/335
|move|p1a: Landorus-Therian|Stealth Rock|p2a: Scizor
|-sidestart|p2: fuck christmas|move: Stealth Rock
|
|-heal|p1a: Landorus-Therian|382\/382|[from] item: Leftovers
|turn|2
|
|detailschange|p2a: Scizor|Scizor-Mega, F
|message|Scizor has Mega Evolved into Mega Scizor!
|move|p1a: Landorus-Therian|U-turn|p2a: Scizor
|-resisted|p2a: Scizor
|-damage|p2a: Scizor|314\/335
|join|GamingIsCool
|
|switch|p1a: Zoe|Amoonguss, M|432\/432
|move|p2a: Scizor|Defog|p1a: Zoe
|-unboost|p1a: Zoe|evasion|1
|-sideend|p2: fuck christmas|Stealth Rock|[from] move: Defog|[of] p2a: Scizor
|
|turn|3
|chat|GamingIsCool|Christmas is good actually
|leave|GamingIsCool
|
|move|p2a: Scizor|U-turn|p1a: Zoe
|-damage|p1a: Zoe|303\/432
|chat|fuck christmas|LOL
|
|switch|p2a: Landorus-Therian|Landorus-Therian, M|325\/325
|-ability|p2a: Landorus-Therian|Intimidate|[of] p1a: Zoe
|-unboost|p1a: Zoe|atk|1
|move|p1a: Zoe|Spore|p2a: Landorus-Therian
|-status|p2a: Landorus-Therian|slp
|
|-heal|p1a: Zoe|330\/432|[from] item: Black Sludge
|turn|4
|
|switch|p2a: Scizor|Scizor-Mega, F|314\/335
|switch|p1a: Keldeo|Keldeo|323\/323
|
|turn|5
|
|move|p1a: Keldeo|Scald|p2a: Scizor
|-crit|p2a: Scizor
|-damage|p2a: Scizor|133\/335
|move|p2a: Scizor|Roost|p2a: Scizor
|-heal|p2a: Scizor|301\/335
|
|turn|6
|
|move|p1a: Keldeo|Scald|p2a: Scizor
|-damage|p2a: Scizor|174\/335
|move|p2a: Scizor|U-turn|p1a: Keldeo
|-resisted|p1a: Keldeo
|-damage|p1a: Keldeo|242\/323
|
|switch|p2a: Raikou|Raikou|322\/322
|-ability|p2a: Raikou|Pressure
|
|-heal|p1a: Keldeo|262\/323|[from] item: Leftovers
|turn|7
|
|switch|p1a: Landorus-Therian|Landorus-Therian, M|382\/382
|-ability|p1a: Landorus-Therian|Intimidate|[of] p2a: Raikou
|-unboost|p2a: Raikou|atk|1
|move|p2a: Raikou|Volt Switch|p1a: Landorus-Therian
|-immune|p1a: Landorus-Therian|[msg]
|
|turn|8
|
|move|p2a: Raikou|Volt Switch|p1a: Landorus-Therian
|-immune|p1a: Landorus-Therian|[msg]
|move|p1a: Landorus-Therian|Earthquake|p2a: Raikou
|-crit|p2a: Raikou
|-supereffective|p2a: Raikou
|-damage|p2a: Raikou|0 fnt
|faint|p2a: Raikou
|
|chat|fuck christmas|uhh
|chat|fuck christmas|why would you keep lando in
|chat|fuck christmas|LOL
|
|switch|p2a: Greninja|Greninja, F|285\/285
|turn|9
|chat|fuck christmas|straight ohko with hp ice
|chat|fuck christmas|?_?
|
|switch|p2a: Terrakion|Terrakion|323\/323
|switch|p1a: Chansey|Chansey, F|704\/704
|
|turn|10
|
|switch|p1a: Landorus-Therian|Landorus-Therian, M|382\/382
|-ability|p1a: Landorus-Therian|Intimidate|[of] p2a: Terrakion
|-unboost|p2a: Terrakion|atk|1
|move|p2a: Terrakion|Stealth Rock|p1a: Landorus-Therian
|-sidestart|p1: lil manaphy|move: Stealth Rock
|
|turn|11
|
|move|p2a: Terrakion|Taunt|p1a: Landorus-Therian
|-start|p1a: Landorus-Therian|move: Taunt
|move|p1a: Landorus-Therian|Earthquake|p2a: Terrakion
|-supereffective|p2a: Terrakion
|-enditem|p2a: Terrakion|Focus Sash
|-damage|p2a: Terrakion|1\/323
|
|turn|12
|
|switch|p2a: Scizor|Scizor-Mega, F|174\/335
|move|p1a: Landorus-Therian|Earthquake|p2a: Scizor
|-damage|p2a: Scizor|63\/335
|
|turn|13
|chat|lil manaphy|jesus
|
|move|p2a: Scizor|Bullet Punch|p1a: Landorus-Therian
|-damage|p1a: Landorus-Therian|295\/382
|move|p1a: Landorus-Therian|Earthquake|p2a: Scizor
|-damage|p2a: Scizor|0 fnt
|faint|p2a: Scizor
|
|-heal|p1a: Landorus-Therian|318\/382|[from] item: Leftovers
|-end|p1a: Landorus-Therian|move: Taunt
|chat|lil manaphy|gg
|
|switch|p2a: Greninja|Greninja, F|285\/285
|turn|14
|chat|fuck christmas|LOL
|chat|fuck christmas|I guess it was a gg
|chat|fuck christmas|idk if you just spam eq and don't really care about lando dying
|chat|fuck christmas|:\/
|chat|lil manaphy|its true
|
|switch|p1a: Chansey|Chansey, F|704\/704
|-damage|p1a: Chansey|616\/704|[from] Stealth Rock
|move|p2a: Greninja|Ice Beam|p1a: Chansey
|-start|p2a: Greninja|typechange|Ice|[from] Protean
|-damage|p1a: Chansey|495\/704
|-damage|p2a: Greninja|257\/285|[from] item: Life Orb
|
|turn|15
|
|switch|p2a: Talonflame|Talonflame, M|309\/309
|move|p1a: Chansey|Soft-Boiled|p1a: Chansey
|-heal|p1a: Chansey|704\/704
|
|turn|16
|
|switch|p1a: Landorus-Therian|Landorus-Therian, M|318\/382
|-damage|p1a: Landorus-Therian|271\/382|[from] Stealth Rock
|-ability|p1a: Landorus-Therian|Intimidate|[of] p2a: Talonflame
|-unboost|p2a: Talonflame|atk|1
|move|p2a: Talonflame|Brave Bird|p1a: Landorus-Therian
|-damage|p1a: Landorus-Therian|144\/382
|-damage|p2a: Talonflame|267\/309|[from] recoil|[of] p1a: Landorus-Therian
|
|-heal|p1a: Landorus-Therian|167\/382|[from] item: Leftovers
|turn|17
|
|switch|p2a: Terrakion|Terrakion|1\/323
|move|p1a: Landorus-Therian|Stealth Rock|p2a: Terrakion
|-sidestart|p2: fuck christmas|move: Stealth Rock
|
|-heal|p1a: Landorus-Therian|190\/382|[from] item: Leftovers
|turn|18
|
|move|p2a: Terrakion|Stone Edge|p1a: Landorus-Therian
|-crit|p1a: Landorus-Therian
|-damage|p1a: Landorus-Therian|0 fnt
|faint|p1a: Landorus-Therian
|
|
|switch|p1a: Zoe|Amoonguss, M|432\/432
|-damage|p1a: Zoe|378\/432|[from] Stealth Rock
|turn|19
|
|move|p2a: Terrakion|Stone Edge|p1a: Zoe
|-damage|p1a: Zoe|219\/432
|move|p1a: Zoe|Giga Drain|p2a: Terrakion
|-supereffective|p2a: Terrakion
|-damage|p2a: Terrakion|0 fnt
|-heal|p1a: Zoe|220\/432|[from] drain|[of] p2a: Terrakion
|faint|p2a: Terrakion
|
|-heal|p1a: Zoe|247\/432|[from] item: Black Sludge
|chat|lil manaphy|smh no more 6-0
|
|switch|p2a: Greninja|Greninja, F|257\/285
|-damage|p2a: Greninja|222\/285|[from] Stealth Rock
|turn|20
|chat|fuck christmas|:')
|
|switch|p2a: Talonflame|Talonflame, M|267\/309
|-damage|p2a: Talonflame|113\/309|[from] Stealth Rock
|switch|p1a: Chansey|Chansey, F|704\/704
|-damage|p1a: Chansey|616\/704|[from] Stealth Rock
|
|turn|21
|chat|fuck christmas|4-0
|chat|fuck christmas|lgi
|
|move|p2a: Talonflame|Brave Bird|p1a: Chansey
|-damage|p1a: Chansey|279\/704
|-damage|p2a: Talonflame|2\/309|[from] recoil|[of] p1a: Chansey
|move|p1a: Chansey|Seismic Toss|p2a: Talonflame
|-damage|p2a: Talonflame|0 fnt
|faint|p2a: Talonflame
|
|
|switch|p2a: Landorus-Therian|Landorus-Therian, M|325\/325 slp
|-damage|p2a: Landorus-Therian|285\/325 slp|[from] Stealth Rock
|-ability|p2a: Landorus-Therian|Intimidate|[of] p1a: Chansey
|-unboost|p1a: Chansey|atk|1
|turn|22
|
|cant|p2a: Landorus-Therian|slp
|move|p1a: Chansey|Soft-Boiled|p1a: Chansey
|-heal|p1a: Chansey|631\/704
|
|turn|23
|
|switch|p1a: Keldeo|Keldeo|262\/323
|-damage|p1a: Keldeo|242\/323|[from] Stealth Rock
|cant|p2a: Landorus-Therian|slp
|
|-heal|p1a: Keldeo|262\/323|[from] item: Leftovers
|turn|24
|
|cant|p2a: Landorus-Therian|slp
|move|p1a: Keldeo|Scald|p2a: Landorus-Therian
|-supereffective|p2a: Landorus-Therian
|-damage|p2a: Landorus-Therian|0 fnt
|faint|p2a: Landorus-Therian
|
|-heal|p1a: Keldeo|282\/323|[from] item: Leftovers
|
|switch|p2a: Greninja|Greninja, F|222\/285
|-damage|p2a: Greninja|187\/285|[from] Stealth Rock
|turn|25
|
|switch|p1a: Chansey|Chansey, F|631\/704
|-damage|p1a: Chansey|543\/704|[from] Stealth Rock
|move|p2a: Greninja|Extrasensory|p1a: Chansey
|-start|p2a: Greninja|typechange|Psychic|[from] Protean
|-damage|p1a: Chansey|444\/704
|-damage|p2a: Greninja|159\/285|[from] item: Life Orb
|
|turn|26
|chat|fuck christmas|dumb af plays with lando
|chat|fuck christmas|but w.e
|chat|fuck christmas|gg
|-message|fuck christmas forfeited.
|
|win|lil manaphy
|raw|Ladder updating...
|chat|lil manaphy|obviously it wasnt dumb
|raw|lil manaphy's rating: 2011 &rarr; <strong>2018<\/strong><br \/>(+7 for winning)
|raw|fuck christmas's rating: 1751 &rarr; <strong>1744<\/strong><br \/>(-7 for losing)
|chat|fuck christmas|k
|leave|fuck christmas
|player|p2