|join|fuck christmas
|join|lil manaphy
|player|p1|fuck christmas|281
|player|p2|lil manaphy|272
|gametype|singles
|gen|6
|tier|OU
|rated
|clearpoke
|poke|p1|Alakazam, M
|poke|p1|Skarmory, M
|poke|p1|Keldeo-Resolute
|poke|p1|Garchomp, M
|poke|p1|Heatran, M
|poke|p1|Breloom, M
|poke|p2|Gardevoir, F, shiny
|poke|p2|Mandibuzz, F
|poke|p2|Amoonguss, M
|poke|p2|Chansey, F
|poke|p2|Keldeo
|poke|p2|Landorus-Therian, M
|rule|Swagger Clause: Swagger is banned
|rule|Baton Pass Clause: Limit one PokÃ©mon knowing Baton Pass
|rule|Sleep Clause Mod: Limit one foe put to sleep
|rule|Species Clause: Limit one of each PokÃ©mon
|rule|OHKO Clause: OHKO moves are banned
|rule|Moody Clause: Moody is banned
|rule|Evasion Moves Clause: Evasion moves are banned
|rule|Endless Battle Clause: Forcing endless battles is banned
|rule|HP Percentage Mod: HP is reported as percentages
|teampreview
|
|start
|switch|p1a: Heatran|Heatran, M|386\/386
|switch|p2a: Landorus-Therian|Landorus-Therian, M|382\/382
|-ability|p2a: Landorus-Therian|Intimidate|[of] p1a: Heatran
|-unboost|p1a: Heatran|atk|1
|turn|1
|
|switch|p1a: Skarmory|Skarmory, M|334\/334
|move|p2a: Landorus-Therian|Earthquake|p1a: Skarmory
|-immune|p1a: Skarmory|[msg]
|
|turn|2
|
|move|p2a: Landorus-Therian|Stealth Rock|p1a: Skarmory
|-sidestart|p1: fuck christmas|move: Stealth Rock
|move|p1a: Skarmory|Defog|p2a: Landorus-Therian
|-unboost|p2a: Landorus-Therian|evasion|1
|-sideend|p1: fuck christmas|Stealth Rock|[from] move: Defog|[of] p1a: Skarmory
|
|turn|3
|join|N0L0 <3s Altaria
|
|move|p2a: Landorus-Therian|Stealth Rock|p1a: Skarmory
|-sidestart|p1: fuck christmas|move: Stealth Rock
|move|p1a: Skarmory|Defog|p2a: Landorus-Therian
|-unboost|p2a: Landorus-Therian|evasion|1
|-sideend|p1: fuck christmas|Stealth Rock|[from] move: Defog|[of] p1a: Skarmory
|
|turn|4
|join|churos1.5
|
|move|p2a: Landorus-Therian|Stealth Rock|p1a: Skarmory
|-sidestart|p1: fuck christmas|move: Stealth Rock
|move|p1a: Skarmory|Whirlwind|p2a: Landorus-Therian
|drag|p2a: Chansey|Chansey, F|704\/704
|
|turn|5
|
|switch|p2a: Landorus-Therian|Landorus-Therian, M|382\/382
|-ability|p2a: Landorus-Therian|Intimidate|[of] p1a: Skarmory
|-unboost|p1a: Skarmory|atk|1
|move|p1a: Skarmory|Defog|p2a: Landorus-Therian
|-unboost|p2a: Landorus-Therian|evasion|1
|-sideend|p1: fuck christmas|Stealth Rock|[from] move: Defog|[of] p1a: Skarmory
|
|turn|6
|join|Funnelby
|
|switch|p1a: Keldeo-Resolute|Keldeo-Resolute|323\/323
|move|p2a: Landorus-Therian|Stealth Rock|p1a: Keldeo-Resolute
|-sidestart|p1: fuck christmas|move: Stealth Rock
|
|turn|7
|
|switch|p2a: Zoe|Amoonguss, M|432\/432
|move|p1a: Keldeo-Resolute|Scald|p2a: Zoe
|-resisted|p2a: Zoe
|-damage|p2a: Zoe|328\/432
|-status|p2a: Zoe|brn
|-damage|p1a: Keldeo-Resolute|291\/323|[from] item: Life Orb
|
|-heal|p2a: Zoe|355\/432 brn|[from] item: Black Sludge
|-damage|p2a: Zoe|301\/432 brn|[from] brn
|turn|8
|chat|churos1.5|manaphy u should challenge the fronteir 
|join|Escavalier
|
|move|p1a: Keldeo-Resolute|Taunt|p2a: Zoe
|-start|p2a: Zoe|move: Taunt
|cant|p2a: Zoe|move: Taunt|Spore
|
|-heal|p2a: Zoe|328\/432 brn|[from] item: Black Sludge
|-damage|p2a: Zoe|274\/432 brn|[from] brn
|turn|9
|chat|Funnelby|o.o
|chat|Escavalier|when stakes are high my king steps up
|
|switch|p1a: Heatran|Heatran, M|386\/386
|-damage|p1a: Heatran|338\/386|[from] Stealth Rock
|switch|p2a: Keldeo|Keldeo|323\/323
|
|-heal|p1a: Heatran|362\/386|[from] item: Leftovers
|turn|10
|chat|churos1.5|?
|
|move|p1a: Heatran|Protect|p1a: Heatran
|-singleturn|p1a: Heatran|Protect
|move|p2a: Keldeo|Secret Sword|p1a: Heatran
|-activate|p1a: Heatran|Protect
|
|-heal|p1a: Heatran|386\/386|[from] item: Leftovers
|turn|11
|chat|lil manaphy|smh escav you are so annoying
|
|move|p2a: Keldeo|Secret Sword|p1a: Heatran
|-supereffective|p1a: Heatran
|-damage|p1a: Heatran|108\/386
|move|p1a: Heatran|Toxic|p2a: Keldeo
|-status|p2a: Keldeo|tox
|
|-heal|p1a: Heatran|132\/386|[from] item: Leftovers
|-damage|p2a: Keldeo|303\/323 tox|[from] psn
|turn|12
|chat|lil manaphy|like genuinely i dont even like you buzz off please
|
|move|p1a: Heatran|Protect|p1a: Heatran
|-singleturn|p1a: Heatran|Protect
|move|p2a: Keldeo|Calm Mind|p2a: Keldeo
|-boost|p2a: Keldeo|spa|1
|-boost|p2a: Keldeo|spd|1
|
|-heal|p2a: Keldeo|323\/323 tox|[from] item: Leftovers
|-heal|p1a: Heatran|156\/386|[from] item: Leftovers
|-damage|p2a: Keldeo|283\/323 tox|[from] psn
|turn|13
|join|ltoi6
|chat|fuck christmas|way to be a fucking dick
|chat|Escavalier|lol
|chat|Escavalier|idm
|
|switch|p1a: Keldeo-Resolute|Keldeo-Resolute|291\/323
|-damage|p1a: Keldeo-Resolute|271\/323|[from] Stealth Rock
|move|p2a: Keldeo|Scald|p1a: Keldeo-Resolute
|-resisted|p1a: Keldeo-Resolute
|-damage|p1a: Keldeo-Resolute|157\/323
|-status|p1a: Keldeo-Resolute|brn
|
|-heal|p2a: Keldeo|303\/323 tox|[from] item: Leftovers
|-damage|p2a: Keldeo|243\/323 tox|[from] psn
|-damage|p1a: Keldeo-Resolute|117\/323 brn|[from] brn
|turn|14
|join|Based Ladder God
|
|switch|p2a: Zoe|Amoonguss, M|418\/432 brn
|move|p1a: Keldeo-Resolute|Secret Sword|p2a: Zoe
|-resisted|p2a: Zoe
|-damage|p2a: Zoe|324\/432 brn
|-damage|p1a: Keldeo-Resolute|85\/323 brn|[from] item: Life Orb
|
|-heal|p2a: Zoe|351\/432 brn|[from] item: Black Sludge
|-damage|p1a: Keldeo-Resolute|45\/323 brn|[from] brn
|-damage|p2a: Zoe|297\/432 brn|[from] brn
|turn|15
|
|move|p1a: Keldeo-Resolute|Icy Wind|p2a: Zoe
|-supereffective|p2a: Zoe
|-damage|p2a: Zoe|102\/432 brn
|-unboost|p2a: Zoe|spe|1
|-damage|p1a: Keldeo-Resolute|13\/323 brn|[from] item: Life Orb
|move|p2a: Zoe|Spore|p1a: Keldeo-Resolute
|-fail|p1a: Keldeo-Resolute
|
|-heal|p2a: Zoe|129\/432 brn|[from] item: Black Sludge
|-damage|p1a: Keldeo-Resolute|0 fnt|[from] brn
|-damage|p2a: Zoe|75\/432 brn|[from] brn
|faint|p1a: Keldeo-Resolute
|
|switch|p1a: Heatran|Heatran, M|156\/386
|-damage|p1a: Heatran|108\/386|[from] Stealth Rock
|turn|16
|
|switch|p2a: Chansey|Chansey, F|704\/704
|move|p1a: Heatran|Lava Plume|p2a: Chansey
|-damage|p2a: Chansey|632\/704
|
|-heal|p1a: Heatran|132\/386|[from] item: Leftovers
|turn|17
|
|move|p1a: Heatran|Protect|p1a: Heatran
|-singleturn|p1a: Heatran|Protect
|move|p2a: Chansey|Heal Bell|p2a: Chansey
|-cureteam|p2a: Chansey|[from] move: HealBell
|
|-heal|p1a: Heatran|156\/386|[from] item: Leftovers
|turn|18
|
|switch|p1a: Skarmory|Skarmory, M|334\/334
|-damage|p1a: Skarmory|293\/334|[from] Stealth Rock
|switch|p2a: Landorus-Therian|Landorus-Therian, M|382\/382
|-ability|p2a: Landorus-Therian|Intimidate|[of] p1a: Skarmory
|-unboost|p1a: Skarmory|atk|1
|
|turn|19
|
|move|p2a: Landorus-Therian|Stone Edge|p1a: Skarmory|[miss]
|-miss|p2a: Landorus-Therian|p1a: Skarmory
|move|p1a: Skarmory|Stealth Rock|p2a: Landorus-Therian
|-sidestart|p2: lil manaphy|move: Stealth Rock
|
|turn|20
|
|move|p2a: Landorus-Therian|Stone Edge|p1a: Skarmory
|-damage|p1a: Skarmory|228\/334
|move|p1a: Skarmory|Whirlwind|p2a: Landorus-Therian
|drag|p2a: Laveau|Mandibuzz, F|424\/424
|-damage|p2a: Laveau|318\/424|[from] Stealth Rock
|
|-heal|p2a: Laveau|344\/424|[from] item: Leftovers
|turn|21
|
|move|p2a: Laveau|Taunt|p1a: Skarmory
|-start|p1a: Skarmory|move: Taunt
|cant|p1a: Skarmory|move: Taunt|Roost
|
|-heal|p2a: Laveau|370\/424|[from] item: Leftovers
|turn|22
|
|switch|p1a: Heatran|Heatran, M|156\/386
|-damage|p1a: Heatran|108\/386|[from] Stealth Rock
|move|p2a: Laveau|Foul Play|p1a: Heatran
|-damage|p1a: Heatran|21\/386
|
|-heal|p2a: Laveau|396\/424|[from] item: Leftovers
|-heal|p1a: Heatran|45\/386|[from] item: Leftovers
|turn|23
|
|move|p2a: Laveau|Foul Play|p1a: Heatran
|-crit|p1a: Heatran
|-damage|p1a: Heatran|0 fnt
|faint|p1a: Heatran
|
|-heal|p2a: Laveau|422\/424|[from] item: Leftovers
|
|switch|p1a: Alakazam|Alakazam, M|252\/252
|turn|24
|
|detailschange|p1a: Alakazam|Alakazam-Mega, M
|message|Alakazam has Mega Evolved into Mega Alakazam!
|-ability|p1a: Alakazam|Overcoat|[from] ability: Trace|[of] p2a: Laveau
|move|p1a: Alakazam|Calm Mind|p1a: Alakazam
|-boost|p1a: Alakazam|spa|1
|-boost|p1a: Alakazam|spd|1
|move|p2a: Laveau|Foul Play|p1a: Alakazam
|-supereffective|p1a: Alakazam
|-damage|p1a: Alakazam|88\/252
|
|-heal|p2a: Laveau|424\/424|[from] item: Leftovers
|turn|25
|
|move|p1a: Alakazam|Focus Blast|p2a: Laveau
|-damage|p2a: Laveau|144\/424
|move|p2a: Laveau|Foul Play|p1a: Alakazam
|-supereffective|p1a: Alakazam
|-damage|p1a: Alakazam|0 fnt
|faint|p1a: Alakazam
|
|-heal|p2a: Laveau|170\/424|[from] item: Leftovers
|
|switch|p1a: Garchomp|Garchomp, M|358\/358
|-damage|p1a: Garchomp|336\/358|[from] Stealth Rock
|turn|26
|
|move|p1a: Garchomp|Stone Edge|p2a: Laveau
|-supereffective|p2a: Laveau
|-damage|p2a: Laveau|16\/424
|move|p2a: Laveau|Roost|p2a: Laveau
|-heal|p2a: Laveau|228\/424
|
|-heal|p2a: Laveau|254\/424|[from] item: Leftovers
|turn|27
|chat|fuck christmas|too bad you only know how to win with one team
|chat|fuck christmas|:[[
|-message|fuck christmas forfeited.
|
|win|lil manaphy
|raw|Ladder updating...
|leave|fuck christmas
|player|p1
|raw|fuck christmas's rating: 1751 &rarr; <strong>1737<\/strong><br \/>(-14 for losing)
|raw|lil manaphy's rating: 1854 &rarr; <strong>1868<\/strong><br \/>(+14 for winning)
|chat|lil manaphy|lmfao