|join|fuck christmas
|join|Leftiez
|player|p1|fuck christmas|281
|player|p2|Leftiez|95
|gametype|singles
|gen|6
|tier|OU
|clearpoke
|poke|p1|Kyurem-Black
|poke|p1|Azumarill, M
|poke|p1|Thundurus, M
|poke|p1|Mew
|poke|p1|Venusaur, M
|poke|p1|Excadrill, M
|poke|p2|Medicham, F
|poke|p2|Latios, M
|poke|p2|Landorus-Therian, M
|poke|p2|Azumarill, M
|poke|p2|Ferrothorn, F
|poke|p2|Heatran, M
|rule|Swagger Clause: Swagger is banned
|rule|Baton Pass Clause: Limit one PokÃ©mon knowing Baton Pass
|rule|Sleep Clause Mod: Limit one foe put to sleep
|rule|Species Clause: Limit one of each PokÃ©mon
|rule|OHKO Clause: OHKO moves are banned
|rule|Moody Clause: Moody is banned
|rule|Evasion Moves Clause: Evasion moves are banned
|rule|Endless Battle Clause: Forcing endless battles is banned
|rule|HP Percentage Mod: HP is shown in percentages
|teampreview
|join|TheBlueSun Test
|join|Appreciation
|join|hrrngman
|join|feirenzy
|join|Nog
|join|lce Kyub
|join|Fly Spam
|c|+Nog|leftiez n_n
|c| Appreciation|ill tell u guys
|c|âLeftiez|nog <3
|c| Appreciation|one thing
|join|Masati Rain
|c| Appreciation|mega venu and mega medicham
|c| Appreciation|ik ik im a scouter
|c| Appreciation|XDDDDDd
|
|start
|switch|p1a: Azumarill|Azumarill, M|404\/404
|switch|p2a: Heatran|Heatran, M|324\/324
|turn|1
|join|GROMINET
|join|AceStarThe3rd
|c|+Nog|good joke,,,
|c| Appreciation|and probably scarf exca..
|
|switch|p2a: Azumarill|Azumarill, M|374\/374
|move|p1a: Azumarill|Superpower|p2a: Azumarill
|-resisted|p2a: Azumarill
|-damage|p2a: Azumarill|244\/374
|-unboost|p1a: Azumarill|atk|1
|-unboost|p1a: Azumarill|def|1
|
|turn|2
|c| Appreciation|or is it AV?
|c| Appreciation|we will never find out..
|join|miibe
|join|The Broken Ball
|
|switch|p2a: Heatran|Heatran, M|324\/324
|switch|p1a: Venusaur|Venusaur, M|364\/364
|
|turn|3
|c| Appreciation|lefties do u handle mew easily
|join|Biz
|c| Appreciation|z*
|c| Appreciation|kek
|
|switch|p1a: Azumarill|Azumarill, M|404\/404
|move|p2a: Heatran|Lava Plume|p1a: Azumarill
|-resisted|p1a: Azumarill
|-damage|p1a: Azumarill|312\/404
|-status|p1a: Azumarill|brn
|
|-damage|p1a: Azumarill|262\/404 brn|[from] brn
|turn|4
|c| AceStarThe3rd|oops
|c| AceStarThe3rd|LOL
|c|âLeftiez|got em
|c| Appreciation|>had a mew
|c| Appreciation|has
|c| The Broken Ball|oof
|c| Appreciation|A MEW
|join|l123
|c|+Nog|i use azumarill as my burn absorber too
|
|switch|p2a: Ferrothorn|Ferrothorn, F|352\/352
|move|p1a: Azumarill|Waterfall|p2a: Ferrothorn
|-resisted|p2a: Ferrothorn
|-damage|p2a: Ferrothorn|303\/352
|-damage|p1a: Azumarill|212\/404 brn|[from] ability: Iron Barbs|[of] p2a: Ferrothorn
|
|-heal|p2a: Ferrothorn|325\/352|[from] item: Leftovers
|-damage|p1a: Azumarill|162\/404 brn|[from] brn
|turn|5
|join|Hendon't
|leave|l123
|
|switch|p1a: Venusaur|Venusaur, M|364\/364
|move|p2a: Ferrothorn|Stealth Rock|p1a: Venusaur
|-sidestart|p1: fuck christmas|move: Stealth Rock
|
|-heal|p2a: Ferrothorn|347\/352|[from] item: Leftovers
|turn|6
|
|switch|p2a: Latios|Latios, M|304\/304
|detailschange|p1a: Venusaur|Venusaur-Mega, M
|message|Venusaur has Mega Evolved into Mega Venusaur!
|move|p1a: Venusaur|Sludge Bomb|p2a: Latios
|-damage|p2a: Latios|144\/304
|
|turn|7
|
|switch|p2a: Heatran|Heatran, M|324\/324
|switch|p1a: Azumarill|Azumarill, M|162\/404 brn
|-damage|p1a: Azumarill|112\/404 brn|[from] Stealth Rock
|
|-damage|p1a: Azumarill|62\/404 brn|[from] brn
|turn|8
|
|move|p2a: Heatran|Lava Plume|p1a: Azumarill
|-resisted|p1a: Azumarill
|-damage|p1a: Azumarill|0 fnt
|faint|p1a: Azumarill
|
|
|switch|p1a: Kyurem-Black|Kyurem-Black|454\/454
|-damage|p1a: Kyurem-Black|341\/454|[from] Stealth Rock
|-ability|p1a: Kyurem-Black|Teravolt
|turn|9
|
|switch|p2a: Landorus-Therian|Landorus-Therian, M|325\/325
|-ability|p2a: Landorus-Therian|Intimidate|[of] p1a: Kyurem-Black
|-unboost|p1a: Kyurem-Black|atk|1
|move|p1a: Kyurem-Black|Earth Power|p2a: Landorus-Therian
|-immune|p2a: Landorus-Therian|[msg]
|
|turn|10
|
|move|p2a: Landorus-Therian|U-turn|p1a: Kyurem-Black
|-damage|p1a: Kyurem-Black|273\/454
|
|switch|p2a: Azumarill|Azumarill, M|244\/374
|move|p1a: Kyurem-Black|Roost|p1a: Kyurem-Black
|-heal|p1a: Kyurem-Black|454\/454
|
|turn|11
|
|switch|p1a: Venusaur|Venusaur-Mega, M|364\/364
|-damage|p1a: Venusaur|319\/364|[from] Stealth Rock
|switch|p2a: Ferrothorn|Ferrothorn, F|347\/352
|
|-heal|p2a: Ferrothorn|352\/352|[from] item: Leftovers
|turn|12
|
|switch|p2a: Heatran|Heatran, M|324\/324
|move|p1a: Venusaur|Hidden Power|p2a: Heatran
|-start|p2a: Heatran|ability: Flash Fire
|
|turn|13
|
|switch|p1a: Mew|Mew|404\/404
|-damage|p1a: Mew|354\/404|[from] Stealth Rock
|move|p2a: Heatran|Lava Plume|p1a: Mew
|-damage|p1a: Mew|197\/404
|
|-heal|p1a: Mew|222\/404|[from] item: Leftovers
|turn|14
|
|move|p2a: Heatran|Lava Plume|p1a: Mew
|-damage|p1a: Mew|62\/404
|move|p1a: Mew|Stealth Rock|p2a: Heatran
|-sidestart|p2: Leftiez|move: Stealth Rock
|
|-heal|p1a: Mew|87\/404|[from] item: Leftovers
|turn|15
|
|move|p2a: Heatran|Lava Plume|p1a: Mew
|-damage|p1a: Mew|0 fnt
|faint|p1a: Mew
|
|
|switch|p1a: Excadrill|Excadrill, M|362\/362
|-damage|p1a: Excadrill|351\/362|[from] Stealth Rock
|-ability|p1a: Excadrill|Mold Breaker
|turn|16
|
|switch|p2a: Latios|Latios, M|144\/304
|-damage|p2a: Latios|106\/304|[from] Stealth Rock
|move|p1a: Excadrill|Earthquake|p2a: Latios
|-damage|p2a: Latios|0 fnt
|faint|p2a: Latios
|
|
|switch|p2a: Landorus-Therian|Landorus-Therian, M|325\/325
|-damage|p2a: Landorus-Therian|285\/325|[from] Stealth Rock
|-ability|p2a: Landorus-Therian|Intimidate|[of] p1a: Excadrill
|-unboost|p1a: Excadrill|atk|1
|turn|17
|leave|TheBlueSun Test
|
|switch|p1a: Venusaur|Venusaur-Mega, M|319\/364
|-damage|p1a: Venusaur|274\/364|[from] Stealth Rock
|move|p2a: Landorus-Therian|U-turn|p1a: Venusaur
|-damage|p1a: Venusaur|191\/364
|
|switch|p2a: Medicham|Medicham, F|262\/262
|-damage|p2a: Medicham|246\/262|[from] Stealth Rock
|
|turn|18
|join|shartruce2
|join|Raycaza
|join|Draeden
|
|detailschange|p2a: Medicham|Medicham-Mega, F
|message|Medicham has Mega Evolved into Mega Medicham!
|move|p2a: Medicham|Substitute|p2a: Medicham
|-start|p2a: Medicham|Substitute
|-damage|p2a: Medicham|181\/262
|move|p1a: Venusaur|Sludge Bomb|p2a: Medicham
|-end|p2a: Medicham|Substitute
|
|turn|19
|
|switch|p1a: Excadrill|Excadrill, M|351\/362
|-damage|p1a: Excadrill|340\/362|[from] Stealth Rock
|-ability|p1a: Excadrill|Mold Breaker
|move|p2a: Medicham|Zen Headbutt|p1a: Excadrill
|-resisted|p1a: Excadrill
|-damage|p1a: Excadrill|166\/362
|
|turn|20
|join|SHyoqui
|
|switch|p2a: Landorus-Therian|Landorus-Therian, M|285\/325
|-damage|p2a: Landorus-Therian|245\/325|[from] Stealth Rock
|-ability|p2a: Landorus-Therian|Intimidate|[of] p1a: Excadrill
|-unboost|p1a: Excadrill|atk|1
|move|p1a: Excadrill|Earthquake|p2a: Landorus-Therian
|-immune|p2a: Landorus-Therian|[msg]
|
|turn|21
|
|move|p2a: Landorus-Therian|U-turn|p1a: Excadrill
|-resisted|p1a: Excadrill
|-damage|p1a: Excadrill|104\/362
|
|switch|p2a: Ferrothorn|Ferrothorn, F|352\/352
|-damage|p2a: Ferrothorn|330\/352|[from] Stealth Rock
|move|p1a: Excadrill|Earthquake|p2a: Ferrothorn
|-damage|p2a: Ferrothorn|242\/352
|
|-heal|p2a: Ferrothorn|264\/352|[from] item: Leftovers
|turn|22
|join|Mouzourides
|
|switch|p2a: Landorus-Therian|Landorus-Therian, M|245\/325
|-damage|p2a: Landorus-Therian|205\/325|[from] Stealth Rock
|-ability|p2a: Landorus-Therian|Intimidate|[of] p1a: Excadrill
|-unboost|p1a: Excadrill|atk|1
|move|p1a: Excadrill|Earthquake|p2a: Landorus-Therian
|-immune|p2a: Landorus-Therian|[msg]
|
|turn|23
|
|move|p2a: Landorus-Therian|Earthquake|p1a: Excadrill
|-supereffective|p1a: Excadrill
|-damage|p1a: Excadrill|0 fnt
|faint|p1a: Excadrill
|
|
|switch|p1a: Thundurus|Thundurus, M|299\/299
|-damage|p1a: Thundurus|225\/299|[from] Stealth Rock
|turn|24
|leave|SHyoqui
|
|switch|p2a: Azumarill|Azumarill, M|244\/374
|-damage|p2a: Azumarill|198\/374|[from] Stealth Rock
|move|p1a: Thundurus|Superpower|p2a: Azumarill
|-resisted|p2a: Azumarill
|-damage|p2a: Azumarill|132\/374
|-unboost|p1a: Thundurus|atk|1
|-unboost|p1a: Thundurus|def|1
|-damage|p1a: Thundurus|196\/299|[from] item: Life Orb
|
|turn|25
|join|elpolero
|
|switch|p1a: Venusaur|Venusaur-Mega, M|191\/364
|-damage|p1a: Venusaur|146\/364|[from] Stealth Rock
|move|p2a: Azumarill|Aqua Jet|p1a: Venusaur
|-resisted|p1a: Venusaur
|-damage|p1a: Venusaur|111\/364
|
|turn|26
|join|l123
|join|CyndaKill_SH
|leave|GROMINET
|join|srinator
|join|zapp.zapp
|join|GROMINET
|join|saido
|
|switch|p2a: Heatran|Heatran, M|324\/324
|-damage|p2a: Heatran|284\/324|[from] Stealth Rock
|move|p1a: Venusaur|Synthesis|p1a: Venusaur
|-heal|p1a: Venusaur|293\/364
|
|turn|27
|
|move|p2a: Heatran|Lava Plume|p1a: Venusaur
|-supereffective|p1a: Venusaur
|-damage|p1a: Venusaur|155\/364
|-status|p1a: Venusaur|brn
|move|p1a: Venusaur|Synthesis|p1a: Venusaur
|-heal|p1a: Venusaur|337\/364 brn
|
|-damage|p1a: Venusaur|292\/364 brn|[from] brn
|turn|28
|join|xos
|
|switch|p1a: Kyurem-Black|Kyurem-Black|454\/454
|-damage|p1a: Kyurem-Black|341\/454|[from] Stealth Rock
|-ability|p1a: Kyurem-Black|Teravolt
|move|p2a: Heatran|Lava Plume|p1a: Kyurem-Black
|-damage|p1a: Kyurem-Black|152\/454
|
|turn|29
|join|BarS123
|leave|xos
|join|xos
|c|âLeftiez|gg
|c|âfuck christmas|is this scarf lava plume tran
|join|Tyranitarnation
|c|âfuck christmas|rofl
|c|âLeftiez|y
|c|âfuck christmas|nice
|
|move|p2a: Heatran|Lava Plume|p1a: Kyurem-Black
|-damage|p1a: Kyurem-Black|0 fnt
|faint|p1a: Kyurem-Black
|
|join|SubjectHalalX
|leave|CyndaKill_SH
|
|switch|p1a: Thundurus|Thundurus, M|196\/299
|-damage|p1a: Thundurus|122\/299|[from] Stealth Rock
|turn|30
|leave|BarS123
|
|move|p2a: Heatran|Lava Plume|p1a: Thundurus
|-damage|p1a: Thundurus|0 fnt
|faint|p1a: Thundurus
|
|leave|SubjectHalalX
|
|switch|p1a: Venusaur|Venusaur-Mega, M|292\/364 brn
|-damage|p1a: Venusaur|247\/364 brn|[from] Stealth Rock
|turn|31
|c|âfuck christmas|yumE
|c|âfuck christmas|gettin nice n rekt
|c|âfuck christmas|:')
|
|move|p2a: Heatran|Lava Plume|p1a: Venusaur
|-supereffective|p1a: Venusaur
|-damage|p1a: Venusaur|109\/364 brn
|move|p1a: Venusaur|Giga Drain|p2a: Heatran
|-crit|p2a: Heatran
|-resisted|p2a: Heatran
|-damage|p2a: Heatran|231\/324
|-heal|p1a: Venusaur|136\/364 brn|[from] drain|[of] p2a: Heatran
|
|-damage|p1a: Venusaur|91\/364 brn|[from] brn
|turn|32
|
|move|p2a: Heatran|Lava Plume|p1a: Venusaur
|-supereffective|p1a: Venusaur
|-damage|p1a: Venusaur|0 fnt
|faint|p1a: Venusaur
|
|win|Leftiez
|leave|fuck christmas
|player|p1
|leave|Leftiez
|player|p2
|leave|Fly Spam
|leave|srinator
|leave|miibe
|leave|l123
|leave|Raycaza
|leave|Biz
|join|kloshitteroladelo
|leave|xos
|leave|zapp.zapp
|leave|elpolero
|leave|saido
|leave|Draeden
|leave|Nog
|leave|Mouzourides
|leave|kloshitteroladelo
|leave|Tyranitarnation
|leave|hrrngman
|leave|Appreciation
|leave|GROMINET
|leave|The Broken Ball
|leave|feirenzy
|leave|shartruce2
|leave|Hendon't
|leave|Volcasexy
|join|mikv
|leave|mikv
|join|mikv
|leave|mikv
|join|IceyCold
|join|PotatoCybes
|leave|PotatoCybes
|leave|IceyCold
|join|Toxic Volt
|leave|Toxic Volt
|join|Satanic Gecko
|join|CleanerThanRotom-W
|leave|CleanerThanRotom-W
|leave|Satanic Gecko
|join|Satanic Gecko
|join|CleanerThanRotom-W
|leave|CleanerThanRotom-W
|join|Deoxys Speed LOL
|leave|Deoxys Speed LOL
|join|CleanerThanRotom-W
|leave|CleanerThanRotom-W
|join|The Lord Jet
|leave|The Lord Jet
|join|Done Goofed
|leave|Done Goofed
|leave|Masati Rain
|join|Masati Rain
|leave|Masati Rain
|join|LT1A Gizmozian
|leave|LT1A Gizmozian
|join|Done Goofed
|leave|Done Goofed
|join|Done Goofed
|leave|Done Goofed
|leave|Satanic Gecko
|join|CleanerThanRotom-W
|leave|CleanerThanRotom-W
|join|LT2E jacks0n