|join|fuck christmas
|join|satanslilboy1
|player|p1|fuck christmas|281
|player|p2|satanslilboy1|101
|gametype|singles
|gen|6
|tier|OU
|rated
|clearpoke
|poke|p1|Tyranitar, F
|poke|p1|Zapdos
|poke|p1|Excadrill, F
|poke|p1|Keldeo
|poke|p1|Slowbro, M
|poke|p1|Skarmory, M
|poke|p2|Beedrill, F
|poke|p2|Talonflame, M
|poke|p2|Magnezone
|poke|p2|Mew
|poke|p2|Conkeldurr, F
|poke|p2|Rotom-Wash
|rule|Swagger Clause: Swagger is banned
|rule|Baton Pass Clause: Limit one PokÃ©mon knowing Baton Pass
|rule|Sleep Clause Mod: Limit one foe put to sleep
|rule|Species Clause: Limit one of each PokÃ©mon
|rule|OHKO Clause: OHKO moves are banned
|rule|Moody Clause: Moody is banned
|rule|Evasion Moves Clause: Evasion moves are banned
|rule|Endless Battle Clause: Forcing endless battles is banned
|rule|HP Percentage Mod: HP is shown in percentages
|teampreview
|
|start
|switch|p1a: Zapdos|Zapdos|383\/383
|switch|p2a: Rotom-Wash|Rotom-Wash|304\/304
|-ability|p1a: Zapdos|Pressure
|turn|1
|join|CleanerThanRotom-W
|
|move|p1a: Zapdos|Substitute|p1a: Zapdos
|-start|p1a: Zapdos|Substitute
|-damage|p1a: Zapdos|288\/383
|move|p2a: Rotom-Wash|Will-O-Wisp|p1a: Zapdos|[miss]
|-miss|p2a: Rotom-Wash|p1a: Zapdos
|
|-heal|p1a: Zapdos|311\/383|[from] item: Leftovers
|turn|2
|join|Murkrow Jupiter
|join|i came from leddit
|leave|i came from leddit
|
|move|p1a: Zapdos|Toxic|p2a: Rotom-Wash
|-status|p2a: Rotom-Wash|tox
|move|p2a: Rotom-Wash|Volt Switch|p1a: Zapdos
|-activate|p1a: Zapdos|Substitute|[damage]
|
|switch|p2a: Mew|Mew|404\/404
|
|-heal|p1a: Zapdos|334\/383|[from] item: Leftovers
|turn|3
|
|move|p2a: Mew|Taunt|p1a: Zapdos
|-start|p1a: Zapdos|move: Taunt
|move|p1a: Zapdos|Discharge|p2a: Mew
|-crit|p2a: Mew
|-damage|p2a: Mew|226\/404
|
|-heal|p2a: Mew|251\/404|[from] item: Leftovers
|-heal|p1a: Zapdos|357\/383|[from] item: Leftovers
|turn|4
|
|move|p2a: Mew|Stealth Rock|p1a: Zapdos
|-sidestart|p1: fuck christmas|move: Stealth Rock
|move|p1a: Zapdos|Discharge|p2a: Mew
|-damage|p2a: Mew|131\/404
|-status|p2a: Mew|par
|
|-heal|p1a: Zapdos|380\/383|[from] item: Leftovers
|-heal|p2a: Mew|156\/404 par|[from] item: Leftovers
|turn|5
|
|switch|p2a: Magnezone|Magnezone|282\/282
|move|p1a: Zapdos|Discharge|p2a: Magnezone
|-crit|p2a: Magnezone
|-resisted|p2a: Magnezone
|-damage|p2a: Magnezone|180\/282
|
|-heal|p1a: Zapdos|383\/383|[from] item: Leftovers
|-end|p1a: Zapdos|move: Taunt
|turn|6
|
|move|p2a: Magnezone|Thunderbolt|p1a: Zapdos
|-end|p1a: Zapdos|Substitute
|move|p1a: Zapdos|Substitute|p1a: Zapdos
|-start|p1a: Zapdos|Substitute
|-damage|p1a: Zapdos|288\/383
|
|-heal|p1a: Zapdos|311\/383|[from] item: Leftovers
|turn|7
|
|switch|p1a: Excadrill|Excadrill, F|362\/362
|-damage|p1a: Excadrill|351\/362|[from] Stealth Rock
|move|p2a: Magnezone|Thunderbolt|p1a: Excadrill
|-immune|p1a: Excadrill|[msg]
|
|turn|8
|
|switch|p2a: Talonflame|Talonflame, M|298\/298
|move|p1a: Excadrill|Rapid Spin|p2a: Talonflame
|-damage|p2a: Talonflame|246\/298
|-sideend|p1: fuck christmas|Stealth Rock|[from] move: Rapid Spin|[of] p1a: Excadrill
|-damage|p1a: Excadrill|315\/362|[from] item: Life Orb
|
|turn|9
|
|switch|p1a: Slowbro|Slowbro, M|394\/394
|move|p2a: Talonflame|U-turn|p1a: Slowbro
|-supereffective|p1a: Slowbro
|-damage|p1a: Slowbro|246\/394
|
|switch|p2a: Beedrill|Beedrill, F|272\/272
|
|turn|10
|
|switch|p1a: Skarmory|Skarmory, M|334\/334
|detailschange|p2a: Beedrill|Beedrill-Mega, F
|message|Beedrill has Mega Evolved into Mega Beedrill!
|move|p2a: Beedrill|U-turn|p1a: Skarmory
|-resisted|p1a: Skarmory
|-damage|p1a: Skarmory|306\/334
|-damage|p2a: Beedrill|227\/272|[from] item: Rocky Helmet|[of] p1a: Skarmory
|
|switch|p2a: Magnezone|Magnezone|180\/282
|
|turn|11
|
|move|p2a: Magnezone|Volt Switch|p1a: Skarmory
|-crit|p1a: Skarmory
|-supereffective|p1a: Skarmory
|-damage|p1a: Skarmory|0 fnt
|faint|p1a: Skarmory
|
|switch|p2a: Beedrill|Beedrill-Mega, F|227\/272
|
|join|JY Test
|
|switch|p1a: Zapdos|Zapdos|311\/383
|-ability|p1a: Zapdos|Pressure
|turn|12
|
|move|p2a: Beedrill|U-turn|p1a: Zapdos
|-crit|p1a: Zapdos
|-resisted|p1a: Zapdos
|-damage|p1a: Zapdos|140\/383
|
|switch|p2a: Magnezone|Magnezone|180\/282
|move|p1a: Zapdos|Discharge|p2a: Magnezone
|-resisted|p2a: Magnezone
|-damage|p2a: Magnezone|118\/282
|
|-heal|p1a: Zapdos|163\/383|[from] item: Leftovers
|turn|13
|
|move|p2a: Magnezone|Volt Switch|p1a: Zapdos
|-damage|p1a: Zapdos|67\/383
|
|switch|p2a: Conkeldurr|Conkeldurr, F|414\/414
|move|p1a: Zapdos|Roost|p1a: Zapdos
|-heal|p1a: Zapdos|259\/383
|
|-heal|p1a: Zapdos|282\/383|[from] item: Leftovers
|turn|14
|
|switch|p1a: Slowbro|Slowbro, M|377\/394
|move|p2a: Conkeldurr|Knock Off|p1a: Slowbro
|-supereffective|p1a: Slowbro
|-damage|p1a: Slowbro|171\/394
|-enditem|p1a: Slowbro|Expert Belt|[from] move: Knock Off|[of] p2a: Conkeldurr
|
|turn|15
|
|switch|p2a: Magnezone|Magnezone|118\/282
|move|p1a: Slowbro|Slack Off|p1a: Slowbro
|-heal|p1a: Slowbro|368\/394
|
|turn|16
|
|switch|p2a: Beedrill|Beedrill-Mega, F|227\/272
|switch|p1a: Excadrill|Excadrill, F|315\/362
|
|turn|17
|
|switch|p1a: Zapdos|Zapdos|282\/383
|-ability|p1a: Zapdos|Pressure
|move|p2a: Beedrill|Drill Run|p1a: Zapdos
|-immune|p1a: Zapdos|[msg]
|
|-heal|p1a: Zapdos|305\/383|[from] item: Leftovers
|turn|18
|
|move|p2a: Beedrill|U-turn|p1a: Zapdos
|-resisted|p1a: Zapdos
|-damage|p1a: Zapdos|187\/383
|
|switch|p2a: Conkeldurr|Conkeldurr, F|414\/414
|move|p1a: Zapdos|Discharge|p2a: Conkeldurr
|-damage|p2a: Conkeldurr|297\/414
|-status|p2a: Conkeldurr|par
|
|-heal|p1a: Zapdos|210\/383|[from] item: Leftovers
|turn|19
|
|switch|p1a: Slowbro|Slowbro, M|394\/394
|move|p2a: Conkeldurr|Knock Off|p1a: Slowbro
|-supereffective|p1a: Slowbro
|-damage|p1a: Slowbro|200\/394
|
|turn|20
|
|move|p1a: Slowbro|Psychic|p2a: Conkeldurr
|-supereffective|p2a: Conkeldurr
|-damage|p2a: Conkeldurr|63\/414 par
|move|p2a: Conkeldurr|Knock Off|p1a: Slowbro
|-supereffective|p1a: Slowbro
|-damage|p1a: Slowbro|12\/394
|
|turn|21
|
|switch|p2a: Magnezone|Magnezone|118\/282
|move|p1a: Slowbro|Psychic|p2a: Magnezone
|-resisted|p2a: Magnezone
|-damage|p2a: Magnezone|55\/282
|
|turn|22
|
|switch|p1a: Zapdos|Zapdos|210\/383
|-ability|p1a: Zapdos|Pressure
|move|p2a: Magnezone|Hidden Power|p1a: Zapdos
|-damage|p1a: Zapdos|159\/383
|
|-heal|p1a: Zapdos|182\/383|[from] item: Leftovers
|turn|23
|
|switch|p2a: Rotom-Wash|Rotom-Wash|304\/304 tox
|move|p1a: Zapdos|Roost|p1a: Zapdos
|-heal|p1a: Zapdos|374\/383
|
|-heal|p1a: Zapdos|383\/383|[from] item: Leftovers
|-damage|p2a: Rotom-Wash|285\/304 tox|[from] psn
|turn|24
|
|move|p1a: Zapdos|Substitute|p1a: Zapdos
|-start|p1a: Zapdos|Substitute
|-damage|p1a: Zapdos|288\/383
|move|p2a: Rotom-Wash|Hydro Pump|p1a: Zapdos
|-end|p1a: Zapdos|Substitute
|
|-heal|p1a: Zapdos|311\/383|[from] item: Leftovers
|-heal|p2a: Rotom-Wash|304\/304 tox|[from] item: Leftovers
|-damage|p2a: Rotom-Wash|266\/304 tox|[from] psn
|turn|25
|
|move|p1a: Zapdos|Substitute|p1a: Zapdos
|-start|p1a: Zapdos|Substitute
|-damage|p1a: Zapdos|216\/383
|move|p2a: Rotom-Wash|Hydro Pump|p1a: Zapdos
|-end|p1a: Zapdos|Substitute
|
|-heal|p1a: Zapdos|239\/383|[from] item: Leftovers
|-heal|p2a: Rotom-Wash|285\/304 tox|[from] item: Leftovers
|-damage|p2a: Rotom-Wash|228\/304 tox|[from] psn
|turn|26
|
|move|p1a: Zapdos|Substitute|p1a: Zapdos
|-start|p1a: Zapdos|Substitute
|-damage|p1a: Zapdos|144\/383
|move|p2a: Rotom-Wash|Hydro Pump|p1a: Zapdos
|-end|p1a: Zapdos|Substitute
|
|-heal|p1a: Zapdos|167\/383|[from] item: Leftovers
|-heal|p2a: Rotom-Wash|247\/304 tox|[from] item: Leftovers
|-damage|p2a: Rotom-Wash|171\/304 tox|[from] psn
|turn|27
|
|move|p1a: Zapdos|Substitute|p1a: Zapdos
|-start|p1a: Zapdos|Substitute
|-damage|p1a: Zapdos|72\/383
|move|p2a: Rotom-Wash|Volt Switch|p1a: Zapdos
|-crit|p1a: Zapdos
|-end|p1a: Zapdos|Substitute
|
|switch|p2a: Beedrill|Beedrill-Mega, F|227\/272
|
|-heal|p1a: Zapdos|95\/383|[from] item: Leftovers
|turn|28
|c|âfuck christmas|,,
|
|switch|p1a: Keldeo|Keldeo|323\/323
|move|p2a: Beedrill|Poison Jab|p1a: Keldeo
|-damage|p1a: Keldeo|51\/323
|
|turn|29
|
|switch|p2a: Conkeldurr|Conkeldurr, F|63\/414 par
|move|p1a: Keldeo|Scald|p2a: Conkeldurr
|-crit|p2a: Conkeldurr
|-damage|p2a: Conkeldurr|0 fnt
|faint|p2a: Conkeldurr
|
|
|switch|p2a: Talonflame|Talonflame, M|246\/298
|turn|30
|
|move|p2a: Talonflame|Brave Bird|p1a: Keldeo
|-supereffective|p1a: Keldeo
|-damage|p1a: Keldeo|0 fnt
|-damage|p2a: Talonflame|229\/298|[from] recoil|[of] p1a: Keldeo
|faint|p1a: Keldeo
|
|
|switch|p1a: Tyranitar|Tyranitar, F|342\/342
|-weather|Sandstorm
|turn|31
|
|switch|p2a: Rotom-Wash|Rotom-Wash|171\/304 tox
|detailschange|p1a: Tyranitar|Tyranitar-Mega, F
|message|Tyranitar has Mega Evolved into Mega Tyranitar!
|move|p1a: Tyranitar|Dragon Dance|p1a: Tyranitar
|-boost|p1a: Tyranitar|atk|1
|-boost|p1a: Tyranitar|spe|1
|
|-weather|Sandstorm|[upkeep]
|-damage|p2a: Rotom-Wash|152\/304 tox|[from] sandstorm
|-heal|p2a: Rotom-Wash|171\/304 tox|[from] item: Leftovers
|-damage|p2a: Rotom-Wash|152\/304 tox|[from] psn
|turn|32
|
|move|p1a: Tyranitar|Crunch|p2a: Rotom-Wash
|-damage|p2a: Rotom-Wash|0 fnt
|faint|p2a: Rotom-Wash
|
|-weather|Sandstorm|[upkeep]
|
|switch|p2a: Beedrill|Beedrill-Mega, F|227\/272
|turn|33
|
|switch|p1a: Slowbro|Slowbro, M|143\/394
|move|p2a: Beedrill|U-turn|p1a: Slowbro
|-supereffective|p1a: Slowbro
|-damage|p1a: Slowbro|0 fnt
|faint|p1a: Slowbro
|
|switch|p2a: Talonflame|Talonflame, M|229\/298
|
|-weather|Sandstorm|[upkeep]
|-damage|p2a: Talonflame|211\/298|[from] sandstorm
|
|switch|p1a: Excadrill|Excadrill, F|315\/362
|turn|34
|join|toneloni97
|
|move|p2a: Talonflame|Tailwind|p2a: Talonflame
|-sidestart|p2: satanslilboy1|move: Tailwind
|move|p1a: Excadrill|Rock Slide|p2a: Talonflame
|-crit|p2a: Talonflame
|-supereffective|p2a: Talonflame
|-damage|p2a: Talonflame|0 fnt
|-damage|p1a: Excadrill|279\/362|[from] item: Life Orb
|faint|p2a: Talonflame
|
|-weather|Sandstorm|[upkeep]
|join|loverss gotta love
|
|switch|p2a: Beedrill|Beedrill-Mega, F|227\/272
|turn|35
|
|switch|p1a: Zapdos|Zapdos|95\/383
|-ability|p1a: Zapdos|Pressure
|move|p2a: Beedrill|Knock Off|p1a: Zapdos
|-damage|p1a: Zapdos|0 fnt
|-enditem|p1a: Zapdos|Leftovers|[from] move: Knock Off|[of] p2a: Beedrill
|faint|p1a: Zapdos
|
|-weather|none
|
|switch|p1a: Tyranitar|Tyranitar-Mega, F|342\/342
|-weather|Sandstorm
|turn|36
|
|move|p2a: Beedrill|U-turn|p1a: Tyranitar
|-supereffective|p1a: Tyranitar
|-damage|p1a: Tyranitar|70\/342
|
|switch|p2a: Magnezone|Magnezone|55\/282
|move|p1a: Tyranitar|Crunch|p2a: Magnezone
|-damage|p2a: Magnezone|0 fnt
|faint|p2a: Magnezone
|
|-weather|Sandstorm|[upkeep]
|
|switch|p2a: Beedrill|Beedrill-Mega, F|227\/272
|turn|37
|
|move|p2a: Beedrill|Drill Run|p1a: Tyranitar
|-supereffective|p1a: Tyranitar
|-damage|p1a: Tyranitar|0 fnt
|faint|p1a: Tyranitar
|
|-weather|Sandstorm|[upkeep]
|-damage|p2a: Beedrill|210\/272|[from] sandstorm
|-sideend|p2: satanslilboy1|move: Tailwind
|
|switch|p1a: Excadrill|Excadrill, F|279\/362
|turn|38
|
|switch|p2a: Mew|Mew|156\/404 par
|move|p1a: Excadrill|Earthquake|p2a: Mew
|-damage|p2a: Mew|0 fnt
|-damage|p1a: Excadrill|243\/362|[from] item: Life Orb
|faint|p2a: Mew
|
|-weather|Sandstorm|[upkeep]
|
|switch|p2a: Beedrill|Beedrill-Mega, F|210\/272
|turn|39
|
|move|p1a: Excadrill|Earthquake|p2a: Beedrill
|-crit|p2a: Beedrill
|-damage|p2a: Beedrill|0 fnt
|-damage|p1a: Excadrill|207\/362|[from] item: Life Orb
|faint|p2a: Beedrill
|
|win|fuck christmas
|raw|Ladder updating...
|c|âsatanslilboy1|gg
|c|âfuck christmas|gg
|leave|satanslilboy1
|player|p2
|raw|fuck christmas's rating: 1482 &rarr; <strong>1500<\/strong><br \/>(+18 for winning)
|raw|satanslilboy1's rating: 1447 &rarr; <strong>1429<\/strong><br \/>(-18 for losing)
|leave|JY Test