|join|Chocolove
|join|fuck christmas
|player|p1|Chocolove|3
|player|p2|fuck christmas|281
|gametype|singles
|gen|6
|tier|OU
|rated
|clearpoke
|poke|p1|Zygarde
|poke|p1|Rotom-Wash
|poke|p1|Bisharp, M
|poke|p1|Venusaur, M
|poke|p1|Aerodactyl, F, shiny
|poke|p1|Thundurus-Therian, M
|poke|p2|Gardevoir, M
|poke|p2|Victini
|poke|p2|Rotom-Wash
|poke|p2|Landorus-Therian, M
|poke|p2|Skarmory, F
|poke|p2|Tyranitar, M
|rule|Swagger Clause: Swagger is banned
|rule|Baton Pass Clause: Limit one PokÃ©mon knowing Baton Pass
|rule|Sleep Clause Mod: Limit one foe put to sleep
|rule|Species Clause: Limit one of each PokÃ©mon
|rule|OHKO Clause: OHKO moves are banned
|rule|Moody Clause: Moody is banned
|rule|Evasion Moves Clause: Evasion moves are banned
|rule|Endless Battle Clause: Forcing endless battles is banned
|rule|HP Percentage Mod: HP is shown in percentages
|teampreview
|
|start
|switch|p1a: Tesla|Rotom-Wash|304\/304
|switch|p2a: Gardevoir|Gardevoir, M|340\/340
|-ability|p2a: Gardevoir|Levitate|[from] ability: Trace|[of] p1a: Tesla
|turn|1
|
|detailschange|p2a: Gardevoir|Gardevoir-Mega, M
|message|Gardevoir has Mega Evolved into Mega Gardevoir!
|move|p1a: Tesla|Will-O-Wisp|p2a: Gardevoir
|-status|p2a: Gardevoir|brn
|move|p2a: Gardevoir|Hyper Voice|p1a: Tesla
|-damage|p1a: Tesla|33\/304
|
|-heal|p1a: Tesla|52\/304|[from] item: Leftovers
|-damage|p2a: Gardevoir|298\/340 brn|[from] brn
|turn|2
|
|move|p2a: Gardevoir|Hyper Voice|p1a: Tesla
|-damage|p1a: Tesla|0 fnt
|faint|p1a: Tesla
|
|-damage|p2a: Gardevoir|256\/340 brn|[from] brn
|
|switch|p1a: Pink Ranger|Aerodactyl, F, shiny|302\/302
|-ability|p1a: Pink Ranger|Pressure
|turn|3
|
|switch|p2a: Skarmory|Skarmory, F|334\/334
|move|p1a: Pink Ranger|Stealth Rock|p2a: Skarmory
|-sidestart|p2: fuck christmas|move: Stealth Rock
|
|turn|4
|
|move|p1a: Pink Ranger|Taunt|p2a: Skarmory
|-start|p2a: Skarmory|move: Taunt
|cant|p2a: Skarmory|move: Taunt|Defog
|
|turn|5
|
|switch|p1a: Zeus|Thundurus-Therian, M|338\/338
|switch|p2a: Landorus-Therian|Landorus-Therian, M|320\/320
|-damage|p2a: Landorus-Therian|280\/320|[from] Stealth Rock
|-ability|p2a: Landorus-Therian|Intimidate|[of] p1a: Zeus
|-unboost|p1a: Zeus|atk|1
|
|-heal|p2a: Landorus-Therian|300\/320|[from] item: Leftovers
|turn|6
|
|switch|p2a: Tyranitar|Tyranitar, M|341\/341
|-damage|p2a: Tyranitar|299\/341|[from] Stealth Rock
|-weather|Sandstorm
|move|p1a: Zeus|Hidden Power|p2a: Tyranitar
|-damage|p2a: Tyranitar|239\/341
|
|-weather|Sandstorm|[upkeep]
|-damage|p1a: Zeus|317\/338|[from] sandstorm
|-heal|p1a: Zeus|338\/338|[from] item: Leftovers
|turn|7
|
|switch|p1a: Tyler Durden|Bisharp, M|272\/272
|move|p2a: Tyranitar|Stone Edge|p1a: Tyler Durden
|-resisted|p1a: Tyler Durden
|-damage|p1a: Tyler Durden|185\/272
|
|-weather|Sandstorm|[upkeep]
|turn|8
|
|switch|p2a: Skarmory|Skarmory, F|334\/334
|-damage|p2a: Skarmory|293\/334|[from] Stealth Rock
|move|p1a: Tyler Durden|Swords Dance|p1a: Tyler Durden
|-boost|p1a: Tyler Durden|atk|2
|
|-weather|Sandstorm|[upkeep]
|turn|9
|
|move|p1a: Tyler Durden|Knock Off|p2a: Skarmory
|-damage|p2a: Skarmory|38\/334
|-damage|p1a: Tyler Durden|140\/272|[from] item: Rocky Helmet|[of] p2a: Skarmory
|-enditem|p2a: Skarmory|Rocky Helmet|[from] move: Knock Off|[of] p1a: Tyler Durden
|-damage|p1a: Tyler Durden|113\/272|[from] item: Life Orb
|move|p2a: Skarmory|Whirlwind|p1a: Tyler Durden
|drag|p1a: Pink Ranger|Aerodactyl, F, shiny|302\/302
|-ability|p1a: Pink Ranger|Pressure
|
|-weather|Sandstorm|[upkeep]
|turn|10
|
|move|p1a: Pink Ranger|Stone Edge|p2a: Skarmory
|-damage|p2a: Skarmory|0 fnt
|faint|p2a: Skarmory
|
|-weather|none
|
|switch|p2a: Landorus-Therian|Landorus-Therian, M|300\/320
|-damage|p2a: Landorus-Therian|260\/320|[from] Stealth Rock
|-ability|p2a: Landorus-Therian|Intimidate|[of] p1a: Pink Ranger
|-unboost|p1a: Pink Ranger|atk|1
|turn|11
|
|move|p1a: Pink Ranger|Taunt|p2a: Landorus-Therian
|-start|p2a: Landorus-Therian|move: Taunt
|cant|p2a: Landorus-Therian|move: Taunt|Stealth Rock
|
|-heal|p2a: Landorus-Therian|280\/320|[from] item: Leftovers
|turn|12
|
|switch|p1a: Tyler Durden|Bisharp, M|113\/272
|move|p2a: Landorus-Therian|Earthquake|p1a: Tyler Durden
|-supereffective|p1a: Tyler Durden
|-damage|p1a: Tyler Durden|0 fnt
|faint|p1a: Tyler Durden
|
|-heal|p2a: Landorus-Therian|300\/320|[from] item: Leftovers
|
|switch|p1a: I wish I had arms|Zygarde|420\/420
|-ability|p1a: I wish I had arms|Aura Break
|turn|13
|
|move|p2a: Landorus-Therian|U-turn|p1a: I wish I had arms
|-damage|p1a: I wish I had arms|342\/420
|
|switch|p2a: Rotom-Wash|Rotom-Wash|304\/304
|-damage|p2a: Rotom-Wash|266\/304|[from] Stealth Rock
|move|p1a: I wish I had arms|Coil|p1a: I wish I had arms
|-boost|p1a: I wish I had arms|atk|1
|-boost|p1a: I wish I had arms|def|1
|-boost|p1a: I wish I had arms|accuracy|1
|
|-heal|p1a: I wish I had arms|368\/420|[from] item: Leftovers
|-heal|p2a: Rotom-Wash|285\/304|[from] item: Leftovers
|turn|14
|
|switch|p1a: Tropicaliente|Venusaur, M|363\/363
|move|p2a: Rotom-Wash|Will-O-Wisp|p1a: Tropicaliente
|-status|p1a: Tropicaliente|brn
|
|-heal|p2a: Rotom-Wash|304\/304|[from] item: Leftovers
|-damage|p1a: Tropicaliente|318\/363 brn|[from] brn
|turn|15
|
|detailschange|p1a: Tropicaliente|Venusaur-Mega, M
|message|Venusaur has Mega Evolved into Mega Venusaur!
|move|p2a: Rotom-Wash|Volt Switch|p1a: Tropicaliente
|-resisted|p1a: Tropicaliente
|-damage|p1a: Tropicaliente|280\/363 brn
|
|switch|p2a: Victini|Victini|341\/341
|-damage|p2a: Victini|256\/341|[from] Stealth Rock
|move|p1a: Tropicaliente|Leech Seed|p2a: Victini
|-start|p2a: Victini|move: Leech Seed
|
|-damage|p2a: Victini|214\/341|[from] Leech Seed|[of] p1a: Tropicaliente
|-heal|p1a: Tropicaliente|322\/363 brn|[silent]
|-damage|p1a: Tropicaliente|277\/363 brn|[from] brn
|turn|16
|
|switch|p1a: Pink Ranger|Aerodactyl, F, shiny|302\/302
|-ability|p1a: Pink Ranger|Pressure
|move|p2a: Victini|U-turn|p1a: Pink Ranger
|-resisted|p1a: Pink Ranger
|-damage|p1a: Pink Ranger|230\/302
|
|switch|p2a: Landorus-Therian|Landorus-Therian, M|300\/320
|-damage|p2a: Landorus-Therian|260\/320|[from] Stealth Rock
|-ability|p2a: Landorus-Therian|Intimidate|[of] p1a: Pink Ranger
|-unboost|p1a: Pink Ranger|atk|1
|
|-heal|p2a: Landorus-Therian|280\/320|[from] item: Leftovers
|turn|17
|join|Jollipop
|
|move|p1a: Pink Ranger|Stone Edge|p2a: Landorus-Therian
|-damage|p2a: Landorus-Therian|171\/320
|move|p2a: Landorus-Therian|Stealth Rock|p1a: Pink Ranger
|-sidestart|p1: Chocolove|move: Stealth Rock
|
|-heal|p2a: Landorus-Therian|191\/320|[from] item: Leftovers
|turn|18
|
|move|p1a: Pink Ranger|Stone Edge|p2a: Landorus-Therian
|-damage|p2a: Landorus-Therian|88\/320
|move|p2a: Landorus-Therian|Stone Edge|p1a: Pink Ranger
|-supereffective|p1a: Pink Ranger
|-damage|p1a: Pink Ranger|0 fnt
|faint|p1a: Pink Ranger
|
|-heal|p2a: Landorus-Therian|108\/320|[from] item: Leftovers
|leave|Jollipop
|
|switch|p1a: Zeus|Thundurus-Therian, M|338\/338
|-damage|p1a: Zeus|254\/338|[from] Stealth Rock
|turn|19
|
|switch|p2a: Tyranitar|Tyranitar, M|239\/341
|-damage|p2a: Tyranitar|197\/341|[from] Stealth Rock
|-weather|Sandstorm
|move|p1a: Zeus|Nasty Plot|p1a: Zeus
|-boost|p1a: Zeus|spa|2
|
|-weather|Sandstorm|[upkeep]
|-damage|p1a: Zeus|233\/338|[from] sandstorm
|-heal|p1a: Zeus|254\/338|[from] item: Leftovers
|turn|20
|
|move|p2a: Tyranitar|Stone Edge|p1a: Zeus|[miss]
|-miss|p2a: Tyranitar|p1a: Zeus
|move|p1a: Zeus|Thunderbolt|p2a: Tyranitar
|-damage|p2a: Tyranitar|0 fnt
|faint|p2a: Tyranitar
|
|-weather|Sandstorm|[upkeep]
|-damage|p1a: Zeus|233\/338|[from] sandstorm
|-heal|p1a: Zeus|254\/338|[from] item: Leftovers
|c|âfuck christmas|LOL
|c|âfuck christmas|LOOOOOL
|c|âfuck christmas|fuck this game
|c|âfuck christmas|holy shit
|
|switch|p2a: Rotom-Wash|Rotom-Wash|304\/304
|-damage|p2a: Rotom-Wash|266\/304|[from] Stealth Rock
|turn|21
|c|âfuck christmas|did that really just happen
|c|âfuck christmas|fuckin losing to random ass shitty players
|
|move|p1a: Zeus|Agility|p1a: Zeus
|-boost|p1a: Zeus|spe|2
|move|p2a: Rotom-Wash|Hydro Pump|p1a: Zeus
|-damage|p1a: Zeus|85\/338
|
|-weather|Sandstorm|[upkeep]
|-damage|p1a: Zeus|64\/338|[from] sandstorm
|-damage|p2a: Rotom-Wash|247\/304|[from] sandstorm
|-heal|p1a: Zeus|85\/338|[from] item: Leftovers
|-heal|p2a: Rotom-Wash|266\/304|[from] item: Leftovers
|turn|22
|
|move|p1a: Zeus|Thunderbolt|p2a: Rotom-Wash
|-damage|p2a: Rotom-Wash|17\/304
|move|p2a: Rotom-Wash|Hydro Pump|p1a: Zeus
|-damage|p1a: Zeus|0 fnt
|faint|p1a: Zeus
|
|-weather|Sandstorm|[upkeep]
|-damage|p2a: Rotom-Wash|0 fnt|[from] sandstorm
|faint|p2a: Rotom-Wash
|
|switch|p2a: Landorus-Therian|Landorus-Therian, M|108\/320
|-damage|p2a: Landorus-Therian|68\/320|[from] Stealth Rock
|switch|p1a: I wish I had arms|Zygarde|368\/420
|-damage|p1a: I wish I had arms|342\/420|[from] Stealth Rock
|-ability|p2a: Landorus-Therian|Intimidate|[of] p1a: I wish I had arms
|-unboost|p1a: I wish I had arms|atk|1
|-ability|p1a: I wish I had arms|Aura Break
|turn|23
|
|move|p2a: Landorus-Therian|Earthquake|p1a: I wish I had arms
|-damage|p1a: I wish I had arms|189\/420
|move|p1a: I wish I had arms|Coil|p1a: I wish I had arms
|-boost|p1a: I wish I had arms|atk|1
|-boost|p1a: I wish I had arms|def|1
|-boost|p1a: I wish I had arms|accuracy|1
|
|-weather|none
|-heal|p2a: Landorus-Therian|88\/320|[from] item: Leftovers
|-heal|p1a: I wish I had arms|215\/420|[from] item: Leftovers
|turn|24
|
|move|p2a: Landorus-Therian|Earthquake|p1a: I wish I had arms
|-damage|p1a: I wish I had arms|109\/420
|move|p1a: I wish I had arms|Coil|p1a: I wish I had arms
|-boost|p1a: I wish I had arms|atk|1
|-boost|p1a: I wish I had arms|def|1
|-boost|p1a: I wish I had arms|accuracy|1
|
|-heal|p2a: Landorus-Therian|108\/320|[from] item: Leftovers
|-heal|p1a: I wish I had arms|135\/420|[from] item: Leftovers
|turn|25
|
|move|p2a: Landorus-Therian|Earthquake|p1a: I wish I had arms
|-damage|p1a: I wish I had arms|57\/420
|move|p1a: I wish I had arms|Coil|p1a: I wish I had arms
|-boost|p1a: I wish I had arms|atk|1
|-boost|p1a: I wish I had arms|def|1
|-boost|p1a: I wish I had arms|accuracy|1
|
|-heal|p2a: Landorus-Therian|128\/320|[from] item: Leftovers
|-heal|p1a: I wish I had arms|83\/420|[from] item: Leftovers
|turn|26
|
|move|p1a: I wish I had arms|Extreme Speed|p2a: Landorus-Therian
|-damage|p2a: Landorus-Therian|0 fnt
|faint|p2a: Landorus-Therian
|
|-heal|p1a: I wish I had arms|109\/420|[from] item: Leftovers
|
|switch|p2a: Gardevoir|Gardevoir-Mega, M|256\/340 brn
|-damage|p2a: Gardevoir|214\/340 brn|[from] Stealth Rock
|turn|27
|
|move|p1a: I wish I had arms|Extreme Speed|p2a: Gardevoir
|-damage|p2a: Gardevoir|0 fnt
|faint|p2a: Gardevoir
|
|-heal|p1a: I wish I had arms|135\/420|[from] item: Leftovers
|
|switch|p2a: Victini|Victini|214\/341
|-damage|p2a: Victini|129\/341|[from] Stealth Rock
|turn|28
|
|move|p1a: I wish I had arms|Extreme Speed|p2a: Victini
|-damage|p2a: Victini|0 fnt
|faint|p2a: Victini
|
|win|Chocolove
|raw|Ladder updating...
|raw|Chocolove's rating: 1708 &rarr; <strong>1727<\/strong><br \/>(+19 for winning)
|raw|fuck christmas's rating: 1697 &rarr; <strong>1678<\/strong><br \/>(-19 for losing)
|c|âfuck christmas|:')
|c|âfuck christmas|so bad
|leave|fuck christmas
|player|p2