|join|FEARSOME MAW
|join|fuck christmas
|player|p1|FEARSOME MAW|135
|player|p2|fuck christmas|281
|gametype|singles
|gen|6
|tier|OU
|rated
|clearpoke
|poke|p1|Chesnaught, M
|poke|p1|Heatran, M
|poke|p1|Tyranitar, F
|poke|p1|Azumarill, M
|poke|p1|Aerodactyl, M
|poke|p1|Raikou
|poke|p2|Landorus-Therian, M
|poke|p2|Mamoswine, F
|poke|p2|Scizor, F
|poke|p2|Blastoise, F
|poke|p2|Sylveon, F
|poke|p2|Latios, M
|rule|Swagger Clause: Swagger is banned
|rule|Baton Pass Clause: Limit one PokÃ©mon knowing Baton Pass
|rule|Sleep Clause Mod: Limit one foe put to sleep
|rule|Species Clause: Limit one of each PokÃ©mon
|rule|OHKO Clause: OHKO moves are banned
|rule|Moody Clause: Moody is banned
|rule|Evasion Moves Clause: Evasion moves are banned
|rule|Endless Battle Clause: Forcing endless battles is banned
|rule|HP Percentage Mod: HP is shown in percentages
|teampreview
|
|start
|switch|p1a: Azumarill|Azumarill, M|388\/388
|switch|p2a: Mamoswine|Mamoswine, F|361\/361
|turn|1
|
|move|p2a: Mamoswine|Earthquake|p1a: Azumarill
|-damage|p1a: Azumarill|150\/388
|move|p1a: Azumarill|Waterfall|p2a: Mamoswine
|-supereffective|p2a: Mamoswine
|-enditem|p2a: Mamoswine|Focus Sash
|-damage|p2a: Mamoswine|1\/361
|
|turn|2
|
|switch|p2a: Scizor|Scizor, F|281\/281
|move|p1a: Azumarill|Aqua Jet|p2a: Scizor
|-damage|p2a: Scizor|200\/281
|
|turn|3
|
|switch|p1a: Chesnaught|Chesnaught, M|380\/380
|move|p2a: Scizor|Superpower|p1a: Chesnaught
|-damage|p1a: Chesnaught|241\/380
|-unboost|p2a: Scizor|atk|1
|-unboost|p2a: Scizor|def|1
|-damage|p2a: Scizor|172\/281|[from] item: Life Orb
|
|-heal|p1a: Chesnaught|264\/380|[from] item: Leftovers
|turn|4
|
|switch|p2a: Sylveon|Sylveon, F|394\/394
|move|p1a: Chesnaught|Spikes|p2a: Sylveon
|-sidestart|p2: fuck christmas|Spikes
|
|-heal|p1a: Chesnaught|287\/380|[from] item: Leftovers
|turn|5
|
|switch|p1a: Heatran|Heatran, M|323\/323
|switch|p2a: Blastoise|Blastoise, F|362\/362
|-damage|p2a: Blastoise|317\/362|[from] Spikes
|
|turn|6
|
|switch|p1a: Raikou|Raikou|321\/321
|-ability|p1a: Raikou|Pressure
|detailschange|p2a: Blastoise|Blastoise-Mega, F
|message|Blastoise has Mega Evolved into Mega Blastoise!
|move|p2a: Blastoise|Rapid Spin|p1a: Raikou
|-damage|p1a: Raikou|301\/321
|-sideend|p2: fuck christmas|Spikes|[from] move: Rapid Spin|[of] p2a: Blastoise
|
|turn|7
|
|switch|p2a: Mamoswine|Mamoswine, F|1\/361
|move|p1a: Raikou|Volt Switch|p2a: Mamoswine
|-immune|p2a: Mamoswine|[msg]
|
|turn|8
|
|move|p1a: Raikou|Shadow Ball|p2a: Mamoswine
|-crit|p2a: Mamoswine
|-damage|p2a: Mamoswine|0 fnt
|faint|p2a: Mamoswine
|
|
|switch|p2a: Latios|Latios, M|302\/302
|turn|9
|
|move|p2a: Latios|Draco Meteor|p1a: Raikou
|-damage|p1a: Raikou|141\/321
|-unboost|p2a: Latios|spa|2
|move|p1a: Raikou|Shadow Ball|p2a: Latios
|-supereffective|p2a: Latios
|-damage|p2a: Latios|144\/302
|
|turn|10
|
|switch|p2a: Landorus-Therian|Landorus-Therian, M|319\/319
|-ability|p2a: Landorus-Therian|Intimidate|[of] p1a: Raikou
|-unboost|p1a: Raikou|atk|1
|move|p1a: Raikou|Volt Switch|p2a: Landorus-Therian
|-immune|p2a: Landorus-Therian|[msg]
|
|turn|11
|
|switch|p1a: Chesnaught|Chesnaught, M|287\/380
|move|p2a: Landorus-Therian|Knock Off|p1a: Chesnaught
|-resisted|p1a: Chesnaught
|-damage|p1a: Chesnaught|226\/380
|-enditem|p1a: Chesnaught|Leftovers|[from] move: Knock Off|[of] p2a: Landorus-Therian
|-damage|p2a: Landorus-Therian|288\/319|[from] item: Life Orb
|
|turn|12
|
|switch|p2a: Sylveon|Sylveon, F|394\/394
|move|p1a: Chesnaught|Leech Seed|p2a: Sylveon
|-start|p2a: Sylveon|move: Leech Seed
|
|-damage|p2a: Sylveon|345\/394|[from] Leech Seed|[of] p1a: Chesnaught
|-heal|p1a: Chesnaught|275\/380|[silent]
|turn|13
|
|move|p1a: Chesnaught|Spikes|p2a: Sylveon
|-sidestart|p2: fuck christmas|Spikes
|move|p2a: Sylveon|Hyper Voice|p1a: Chesnaught
|-supereffective|p1a: Chesnaught
|-damage|p1a: Chesnaught|0 fnt
|faint|p1a: Chesnaught
|
|-heal|p2a: Sylveon|369\/394|[from] item: Leftovers
|
|switch|p1a: Heatran|Heatran, M|323\/323
|turn|14
|
|switch|p2a: Blastoise|Blastoise-Mega, F|317\/362
|-damage|p2a: Blastoise|272\/362|[from] Spikes
|move|p1a: Heatran|Will-O-Wisp|p2a: Blastoise
|-status|p2a: Blastoise|brn
|
|-damage|p2a: Blastoise|227\/362 brn|[from] brn
|turn|15
|
|switch|p1a: Azumarill|Azumarill, M|150\/388
|move|p2a: Blastoise|Rapid Spin|p1a: Azumarill
|-damage|p1a: Azumarill|139\/388
|-sideend|p2: fuck christmas|Spikes|[from] move: Rapid Spin|[of] p2a: Blastoise
|
|-damage|p2a: Blastoise|182\/362 brn|[from] brn
|turn|16
|
|switch|p2a: Scizor|Scizor, F|172\/281
|move|p1a: Azumarill|Play Rough|p2a: Scizor
|-resisted|p2a: Scizor
|-damage|p2a: Scizor|73\/281
|
|turn|17
|
|move|p2a: Scizor|Bullet Punch|p1a: Azumarill
|-damage|p1a: Azumarill|0 fnt
|-damage|p2a: Scizor|45\/281|[from] item: Life Orb
|faint|p1a: Azumarill
|
|
|switch|p1a: Heatran|Heatran, M|323\/323
|turn|18
|
|switch|p1a: Raikou|Raikou|141\/321
|-ability|p1a: Raikou|Pressure
|move|p2a: Scizor|Superpower|p1a: Raikou
|-damage|p1a: Raikou|0 fnt
|-unboost|p2a: Scizor|atk|1
|-unboost|p2a: Scizor|def|1
|-damage|p2a: Scizor|17\/281|[from] item: Life Orb
|faint|p1a: Raikou
|
|
|switch|p1a: Heatran|Heatran, M|323\/323
|turn|19
|
|move|p1a: Heatran|Flash Cannon|p2a: Scizor
|-resisted|p2a: Scizor
|-damage|p2a: Scizor|0 fnt
|faint|p2a: Scizor
|
|
|switch|p2a: Landorus-Therian|Landorus-Therian, M|288\/319
|-ability|p2a: Landorus-Therian|Intimidate|[of] p1a: Heatran
|-unboost|p1a: Heatran|atk|1
|turn|20
|
|switch|p1a: Aerodactyl|Aerodactyl, M|302\/302
|move|p2a: Landorus-Therian|Gravity|p2a: Landorus-Therian
|-fieldstart|move: Gravity
|
|turn|21
|
|detailschange|p1a: Aerodactyl|Aerodactyl-Mega, M
|message|Aerodactyl has Mega Evolved into Mega Aerodactyl!
|move|p1a: Aerodactyl|Aqua Tail|p2a: Landorus-Therian
|-supereffective|p2a: Landorus-Therian
|-damage|p2a: Landorus-Therian|0 fnt
|faint|p2a: Landorus-Therian
|
|
|switch|p2a: Blastoise|Blastoise-Mega, F|182\/362 brn
|turn|22
|
|move|p1a: Aerodactyl|Stone Edge|p2a: Blastoise
|-damage|p2a: Blastoise|0 fnt
|faint|p2a: Blastoise
|
|
|switch|p2a: Latios|Latios, M|144\/302
|turn|23
|
|move|p2a: Latios|Draco Meteor|p1a: Aerodactyl
|-damage|p1a: Aerodactyl|59\/302
|-unboost|p2a: Latios|spa|2
|move|p1a: Aerodactyl|Stone Edge|p2a: Latios
|-damage|p2a: Latios|0 fnt
|faint|p2a: Latios
|
|
|switch|p2a: Sylveon|Sylveon, F|369\/394
|turn|24
|
|move|p1a: Aerodactyl|Iron Head|p2a: Sylveon
|-supereffective|p2a: Sylveon
|-damage|p2a: Sylveon|0 fnt
|faint|p2a: Sylveon
|
|win|FEARSOME MAW
|raw|Ladder updating...
|raw|FEARSOME MAW's rating: 1656 &rarr; <strong>1670<\/strong><br \/>(+14 for winning)
|raw|fuck christmas's rating: 1548 &rarr; <strong>1534<\/strong><br \/>(-14 for losing)
|leave|fuck christmas
|player|p2