|join|Test Trainer Siroc
|join|fuck christmas
|player|p1|Test Trainer Siroc|101
|player|p2|fuck christmas|281
|gametype|singles
|gen|6
|tier|OU
|rated
|clearpoke
|poke|p1|Archeops, F
|poke|p1|Rotom-Wash
|poke|p1|Flygon, M
|poke|p1|Whimsicott, F
|poke|p1|Jolteon, F
|poke|p1|Beedrill, M
|poke|p2|Gyarados, F
|poke|p2|Ferrothorn, F
|poke|p2|Mew
|poke|p2|Zapdos
|poke|p2|Garchomp, F
|poke|p2|Landorus, M
|rule|Swagger Clause: Swagger is banned
|rule|Baton Pass Clause: Limit one PokÃ©mon knowing Baton Pass
|rule|Sleep Clause Mod: Limit one foe put to sleep
|rule|Species Clause: Limit one of each PokÃ©mon
|rule|OHKO Clause: OHKO moves are banned
|rule|Moody Clause: Moody is banned
|rule|Evasion Moves Clause: Evasion moves are banned
|rule|Endless Battle Clause: Forcing endless battles is banned
|rule|HP Percentage Mod: HP is shown in percentages
|teampreview
|
|start
|switch|p1a: Rotom-Wash|Rotom-Wash|303\/303
|switch|p2a: Zapdos|Zapdos|384\/384
|-ability|p2a: Zapdos|Pressure
|turn|1
|
|switch|p1a: Jolteon|Jolteon, F|291\/291
|move|p2a: Zapdos|Toxic|p1a: Jolteon
|-status|p1a: Jolteon|tox
|
|-damage|p1a: Jolteon|273\/291 tox|[from] psn
|turn|2
|
|switch|p2a: Ferrothorn|Ferrothorn, F|352\/352
|move|p1a: Jolteon|Heal Bell|p1a: Jolteon
|-cureteam|p1a: Jolteon|[from] move: HealBell
|
|turn|3
|
|switch|p1a: Flygon|Flygon, M|346\/346
|move|p2a: Ferrothorn|Stealth Rock|p1a: Flygon
|-sidestart|p1: Test Trainer Siroc|move: Stealth Rock
|
|turn|4
|
|switch|p2a: Zapdos|Zapdos|384\/384
|-ability|p2a: Zapdos|Pressure
|move|p1a: Flygon|Fire Blast|p2a: Zapdos
|-damage|p2a: Zapdos|293\/384
|
|-heal|p2a: Zapdos|317\/384|[from] item: Leftovers
|turn|5
|
|switch|p1a: Jolteon|Jolteon, F|273\/291
|-damage|p1a: Jolteon|237\/291|[from] Stealth Rock
|move|p2a: Zapdos|Toxic|p1a: Jolteon
|-status|p1a: Jolteon|tox
|
|-heal|p2a: Zapdos|341\/384|[from] item: Leftovers
|-damage|p1a: Jolteon|219\/291 tox|[from] psn
|turn|6
|
|switch|p2a: Ferrothorn|Ferrothorn, F|352\/352
|move|p1a: Jolteon|Wish|p1a: Jolteon
|
|-damage|p1a: Jolteon|183\/291 tox|[from] psn
|turn|7
|
|move|p1a: Jolteon|Heal Bell|p1a: Jolteon
|-cureteam|p1a: Jolteon|[from] move: HealBell
|move|p2a: Ferrothorn|Leech Seed|p1a: Jolteon
|-start|p1a: Jolteon|move: Leech Seed
|
|-heal|p1a: Jolteon|291\/291|[from] move: Wish|[wisher] Jolteon
|-damage|p1a: Jolteon|255\/291|[from] Leech Seed|[of] p2a: Ferrothorn
|turn|8
|
|switch|p1a: Flygon|Flygon, M|346\/346
|-damage|p1a: Flygon|325\/346|[from] Stealth Rock
|move|p2a: Ferrothorn|Leech Seed|p1a: Flygon
|-start|p1a: Flygon|move: Leech Seed
|
|-damage|p1a: Flygon|282\/346|[from] Leech Seed|[of] p2a: Ferrothorn
|turn|9
|
|switch|p2a: Zapdos|Zapdos|341\/384
|-ability|p2a: Zapdos|Pressure
|move|p1a: Flygon|Defog|p2a: Zapdos
|-unboost|p2a: Zapdos|evasion|1
|-sideend|p1: Test Trainer Siroc|Stealth Rock|[from] move: Defog|[of] p1a: Flygon
|
|-heal|p2a: Zapdos|365\/384|[from] item: Leftovers
|-damage|p1a: Flygon|239\/346|[from] Leech Seed|[of] p2a: Zapdos
|-heal|p2a: Zapdos|384\/384|[silent]
|turn|10
|
|switch|p1a: Beedrill|Beedrill, M|293\/293
|move|p2a: Zapdos|Toxic|p1a: Beedrill
|-fail|p1a: Beedrill
|
|turn|11
|
|switch|p2a: Ferrothorn|Ferrothorn, F|352\/352
|detailschange|p1a: Beedrill|Beedrill-Mega, M
|message|Beedrill has Mega Evolved into Mega Beedrill!
|move|p1a: Beedrill|Knock Off|p2a: Ferrothorn
|-damage|p2a: Ferrothorn|269\/352
|-damage|p1a: Beedrill|257\/293|[from] ability: Iron Barbs|[of] p2a: Ferrothorn
|-enditem|p2a: Ferrothorn|Shed Shell|[from] move: Knock Off|[of] p1a: Beedrill
|
|turn|12
|c|âTest Trainer Siroc|i need to speed things up
|
|move|p1a: Beedrill|U-turn|p2a: Ferrothorn
|-damage|p2a: Ferrothorn|147\/352
|-damage|p1a: Beedrill|221\/293|[from] ability: Iron Barbs|[of] p2a: Ferrothorn
|
|switch|p1a: Flygon|Flygon, M|239\/346
|move|p2a: Ferrothorn|Stealth Rock|p1a: Flygon
|-sidestart|p1: Test Trainer Siroc|move: Stealth Rock
|
|turn|13
|
|move|p1a: Flygon|Defog|p2a: Ferrothorn
|-unboost|p2a: Ferrothorn|evasion|1
|-sideend|p1: Test Trainer Siroc|Stealth Rock|[from] move: Defog|[of] p1a: Flygon
|move|p2a: Ferrothorn|Leech Seed|p1a: Flygon
|-start|p1a: Flygon|move: Leech Seed
|
|-damage|p1a: Flygon|196\/346|[from] Leech Seed|[of] p2a: Ferrothorn
|-heal|p2a: Ferrothorn|190\/352|[silent]
|turn|14
|
|switch|p2a: Mew|Mew|404\/404
|move|p1a: Flygon|Fire Blast|p2a: Mew
|-damage|p2a: Mew|345\/404
|
|-heal|p2a: Mew|370\/404|[from] item: Leftovers
|-damage|p1a: Flygon|153\/346|[from] Leech Seed|[of] p2a: Mew
|-heal|p2a: Mew|404\/404|[silent]
|turn|15
|
|switch|p1a: Rotom-Wash|Rotom-Wash|303\/303
|move|p2a: Mew|Knock Off|p1a: Rotom-Wash
|-damage|p1a: Rotom-Wash|245\/303
|-enditem|p1a: Rotom-Wash|Leftovers|[from] move: Knock Off|[of] p2a: Mew
|
|turn|16
|
|move|p2a: Mew|Taunt|p1a: Rotom-Wash
|-start|p1a: Rotom-Wash|move: Taunt
|cant|p1a: Rotom-Wash|move: Taunt|Will-O-Wisp
|
|turn|17
|
|move|p2a: Mew|Will-O-Wisp|p1a: Rotom-Wash|[miss]
|-miss|p2a: Mew|p1a: Rotom-Wash
|move|p1a: Rotom-Wash|Volt Switch|p2a: Mew
|-damage|p2a: Mew|340\/404
|
|switch|p1a: Beedrill|Beedrill-Mega, M|221\/293
|
|-heal|p2a: Mew|365\/404|[from] item: Leftovers
|turn|18
|
|switch|p2a: Zapdos|Zapdos|384\/384
|-ability|p2a: Zapdos|Pressure
|move|p1a: Beedrill|U-turn|p2a: Zapdos
|-resisted|p2a: Zapdos
|-damage|p2a: Zapdos|304\/384
|
|switch|p1a: Archeops|Archeops, F|311\/311
|
|-heal|p2a: Zapdos|328\/384|[from] item: Leftovers
|turn|19
|
|switch|p2a: Ferrothorn|Ferrothorn, F|190\/352
|move|p1a: Archeops|U-turn|p2a: Ferrothorn
|-damage|p2a: Ferrothorn|122\/352
|-damage|p1a: Archeops|273\/311|[from] ability: Iron Barbs|[of] p2a: Ferrothorn
|
|switch|p1a: Beedrill|Beedrill-Mega, M|221\/293
|
|turn|20
|
|move|p1a: Beedrill|U-turn|p2a: Ferrothorn
|-damage|p2a: Ferrothorn|0 fnt
|-damage|p1a: Beedrill|185\/293|[from] ability: Iron Barbs|[of] p2a: Ferrothorn
|faint|p2a: Ferrothorn
|
|switch|p1a: Archeops|Archeops, F|273\/311
|
|
|switch|p2a: Mew|Mew|365\/404
|turn|21
|
|move|p1a: Archeops|U-turn|p2a: Mew
|-supereffective|p2a: Mew
|-damage|p2a: Mew|193\/404
|
|switch|p1a: Jolteon|Jolteon, F|255\/291
|move|p2a: Mew|Will-O-Wisp|p1a: Jolteon
|-status|p1a: Jolteon|brn
|
|-heal|p2a: Mew|218\/404|[from] item: Leftovers
|-damage|p1a: Jolteon|219\/291 brn|[from] brn
|turn|22
|
|move|p1a: Jolteon|Wish|p1a: Jolteon
|move|p2a: Mew|Soft-Boiled|p2a: Mew
|-heal|p2a: Mew|404\/404
|
|-damage|p1a: Jolteon|183\/291 brn|[from] brn
|turn|23
|
|move|p1a: Jolteon|Heal Bell|p1a: Jolteon
|-cureteam|p1a: Jolteon|[from] move: HealBell
|move|p2a: Mew|Knock Off|p1a: Jolteon
|-damage|p1a: Jolteon|63\/291
|-enditem|p1a: Jolteon|Life Orb|[from] move: Knock Off|[of] p2a: Mew
|
|-heal|p1a: Jolteon|208\/291|[from] move: Wish|[wisher] Jolteon
|turn|24
|
|switch|p2a: Garchomp|Garchomp, F|358\/358
|move|p1a: Jolteon|Wish|p1a: Jolteon
|
|turn|25
|
|switch|p1a: Whimsicott|Whimsicott, F|322\/322
|move|p2a: Garchomp|Dragon Claw|p1a: Whimsicott
|-immune|p1a: Whimsicott|[msg]
|
|turn|26
|
|switch|p2a: Mew|Mew|404\/404
|move|p1a: Whimsicott|U-turn|p2a: Mew
|-supereffective|p2a: Mew
|-damage|p2a: Mew|320\/404
|
|switch|p1a: Beedrill|Beedrill-Mega, M|185\/293
|
|-heal|p2a: Mew|345\/404|[from] item: Leftovers
|turn|27
|
|switch|p2a: Zapdos|Zapdos|328\/384
|-ability|p2a: Zapdos|Pressure
|move|p1a: Beedrill|Knock Off|p2a: Zapdos
|-damage|p2a: Zapdos|219\/384
|-enditem|p2a: Zapdos|Leftovers|[from] move: Knock Off|[of] p1a: Beedrill
|
|turn|28
|
|move|p1a: Beedrill|Poison Jab|p2a: Zapdos
|-damage|p2a: Zapdos|51\/384
|move|p2a: Zapdos|Roost|p2a: Zapdos
|-heal|p2a: Zapdos|243\/384
|
|turn|29
|
|move|p1a: Beedrill|Poison Jab|p2a: Zapdos
|-damage|p2a: Zapdos|69\/384
|move|p2a: Zapdos|Discharge|p1a: Beedrill
|-damage|p1a: Beedrill|55\/293
|
|turn|30
|
|switch|p2a: Garchomp|Garchomp, F|358\/358
|move|p1a: Beedrill|Knock Off|p2a: Garchomp
|-damage|p2a: Garchomp|223\/358
|-damage|p1a: Beedrill|19\/293|[from] ability: Rough Skin|[of] p2a: Garchomp
|-enditem|p2a: Garchomp|Life Orb|[from] move: Knock Off|[of] p1a: Beedrill
|
|turn|31
|
|switch|p1a: Whimsicott|Whimsicott, F|322\/322
|move|p2a: Garchomp|Dragon Claw|p1a: Whimsicott
|-immune|p1a: Whimsicott|[msg]
|
|turn|32
|
|switch|p2a: Zapdos|Zapdos|69\/384
|-ability|p2a: Zapdos|Pressure
|move|p1a: Whimsicott|Encore|p2a: Zapdos
|-fail|p2a: Zapdos
|
|turn|33
|
|move|p1a: Whimsicott|U-turn|p2a: Zapdos
|-resisted|p2a: Zapdos
|-damage|p2a: Zapdos|52\/384
|c|âTest Trainer Siroc|hmm
|
|switch|p1a: Jolteon|Jolteon, F|208\/291
|move|p2a: Zapdos|Roost|p2a: Zapdos
|-heal|p2a: Zapdos|244\/384
|
|turn|34
|
|switch|p2a: Landorus|Landorus, M|319\/319
|move|p1a: Jolteon|Wish|p1a: Jolteon
|
|turn|35
|
|move|p1a: Jolteon|Hidden Power|p2a: Landorus
|-supereffective|p2a: Landorus
|-damage|p2a: Landorus|23\/319
|move|p2a: Landorus|Psychic|p1a: Jolteon
|-damage|p1a: Jolteon|40\/291
|
|-heal|p1a: Jolteon|185\/291|[from] move: Wish|[wisher] Jolteon
|turn|36
|
|switch|p2a: Mew|Mew|345\/404
|move|p1a: Jolteon|Hidden Power|p2a: Mew
|-damage|p2a: Mew|300\/404
|
|-heal|p2a: Mew|325\/404|[from] item: Leftovers
|turn|37
|
|move|p1a: Jolteon|Wish|p1a: Jolteon
|move|p2a: Mew|Will-O-Wisp|p1a: Jolteon
|-status|p1a: Jolteon|brn
|
|-heal|p2a: Mew|350\/404|[from] item: Leftovers
|-damage|p1a: Jolteon|149\/291 brn|[from] brn
|turn|38
|
|move|p1a: Jolteon|Heal Bell|p1a: Jolteon
|-cureteam|p1a: Jolteon|[from] move: HealBell
|move|p2a: Mew|Will-O-Wisp|p1a: Jolteon|[miss]
|-miss|p2a: Mew|p1a: Jolteon
|
|-heal|p1a: Jolteon|291\/291|[from] move: Wish|[wisher] Jolteon
|-heal|p2a: Mew|375\/404|[from] item: Leftovers
|turn|39
|
|switch|p2a: Gyarados|Gyarados, F|332\/332
|-ability|p2a: Gyarados|Intimidate|[of] p1a: Jolteon
|-unboost|p1a: Jolteon|atk|1
|move|p1a: Jolteon|Wish|p1a: Jolteon
|
|turn|40
|
|detailschange|p2a: Gyarados|Gyarados-Mega, F
|message|Gyarados has Mega Evolved into Mega Gyarados!
|-ability|p2a: Gyarados|Mold Breaker
|move|p1a: Jolteon|Volt Switch|p2a: Gyarados
|-supereffective|p2a: Gyarados
|-damage|p2a: Gyarados|150\/332
|
|switch|p1a: Whimsicott|Whimsicott, F|322\/322
|move|p2a: Gyarados|Dragon Dance|p2a: Gyarados
|-boost|p2a: Gyarados|atk|1
|-boost|p2a: Gyarados|spe|1
|
|turn|41
|
|move|p1a: Whimsicott|Encore|p2a: Gyarados
|-start|p2a: Gyarados|Encore
|move|p2a: Gyarados|Dragon Dance|p2a: Gyarados
|-boost|p2a: Gyarados|atk|1
|-boost|p2a: Gyarados|spe|1
|
|turn|42
|
|switch|p2a: Zapdos|Zapdos|244\/384
|-ability|p2a: Zapdos|Pressure
|move|p1a: Whimsicott|Moonblast|p2a: Zapdos
|-damage|p2a: Zapdos|141\/384
|
|turn|43
|
|move|p1a: Whimsicott|Moonblast|p2a: Zapdos
|-damage|p2a: Zapdos|45\/384
|move|p2a: Zapdos|Roost|p2a: Zapdos
|-heal|p2a: Zapdos|237\/384
|
|turn|44
|
|move|p1a: Whimsicott|Encore|p2a: Zapdos
|-start|p2a: Zapdos|Encore
|move|p2a: Zapdos|Roost|p2a: Zapdos
|-heal|p2a: Zapdos|384\/384
|
|turn|45
|
|switch|p2a: Mew|Mew|375\/404
|move|p1a: Whimsicott|Moonblast|p2a: Mew
|-damage|p2a: Mew|311\/404
|
|-heal|p2a: Mew|336\/404|[from] item: Leftovers
|turn|46
|
|move|p1a: Whimsicott|Stun Spore|p2a: Mew
|-status|p2a: Mew|par
|-status|p1a: Whimsicott|par
|move|p2a: Mew|Taunt|p1a: Whimsicott
|-start|p1a: Whimsicott|move: Taunt
|
|-heal|p2a: Mew|361\/404 par|[from] item: Leftovers
|turn|47
|
|move|p1a: Whimsicott|U-turn|p2a: Mew
|-supereffective|p2a: Mew
|-damage|p2a: Mew|279\/404 par
|
|switch|p1a: Jolteon|Jolteon, F|291\/291
|cant|p2a: Mew|par
|
|-heal|p2a: Mew|304\/404 par|[from] item: Leftovers
|turn|48
|
|move|p1a: Jolteon|Wish|p1a: Jolteon
|cant|p2a: Mew|par
|
|-heal|p2a: Mew|329\/404 par|[from] item: Leftovers
|turn|49
|
|move|p1a: Jolteon|Volt Switch|p2a: Mew
|-damage|p2a: Mew|256\/404 par
|
|switch|p1a: Beedrill|Beedrill-Mega, M|19\/293
|move|p2a: Mew|Will-O-Wisp|p1a: Beedrill
|-status|p1a: Beedrill|brn
|
|-heal|p1a: Beedrill|164\/293 brn|[from] move: Wish|[wisher] Jolteon
|-heal|p2a: Mew|281\/404 par|[from] item: Leftovers
|-damage|p1a: Beedrill|128\/293 brn|[from] brn
|turn|50
|
|move|p1a: Beedrill|U-turn|p2a: Mew
|-supereffective|p2a: Mew
|-damage|p2a: Mew|101\/404 par
|
|switch|p1a: Archeops|Archeops, F|273\/311
|move|p2a: Mew|Knock Off|p1a: Archeops
|-damage|p1a: Archeops|173\/311
|-enditem|p1a: Archeops|Choice Scarf|[from] move: Knock Off|[of] p2a: Mew
|
|-heal|p2a: Mew|126\/404 par|[from] item: Leftovers
|turn|51
|c|âTest Trainer Siroc|im free!
|
|move|p1a: Archeops|Stealth Rock|p2a: Mew
|-sidestart|p2: fuck christmas|move: Stealth Rock
|move|p2a: Mew|Soft-Boiled|p2a: Mew
|-heal|p2a: Mew|328\/404 par
|
|-heal|p2a: Mew|353\/404 par|[from] item: Leftovers
|turn|52
|
|move|p1a: Archeops|U-turn|p2a: Mew
|-supereffective|p2a: Mew
|-damage|p2a: Mew|163\/404 par
|
|switch|p1a: Jolteon|Jolteon, F|291\/291
|move|p2a: Mew|Will-O-Wisp|p1a: Jolteon|[miss]
|-miss|p2a: Mew|p1a: Jolteon
|
|-heal|p2a: Mew|188\/404 par|[from] item: Leftovers
|turn|53
|
|move|p1a: Jolteon|Heal Bell|p1a: Jolteon
|-cureteam|p1a: Jolteon|[from] move: HealBell
|move|p2a: Mew|Soft-Boiled|p2a: Mew
|-heal|p2a: Mew|390\/404 par
|
|-heal|p2a: Mew|404\/404 par|[from] item: Leftovers
|turn|54
|-message|fuck christmas forfeited.
|
|win|Test Trainer Siroc
|raw|Ladder updating...
|leave|fuck christmas
|player|p2