|join|fuck christmas
|join|noobslayerlol
|player|p1|fuck christmas|281
|player|p2|noobslayerlol|101
|gametype|singles
|gen|6
|tier|OU
|rated
|clearpoke
|poke|p1|Deoxys-Speed
|poke|p1|Greninja, M
|poke|p1|Bisharp, F
|poke|p1|Aegislash, F
|poke|p1|Mawile, F
|poke|p1|Keldeo
|poke|p2|Thundurus, M
|poke|p2|Greninja, F
|poke|p2|Aegislash, F
|poke|p2|Venusaur, F
|poke|p2|Victini
|poke|p2|Skarmory, M
|rule|Swagger Clause: Swagger is banned
|rule|Baton Pass Clause: Limit three PokÃ©mon knowing Baton Pass
|rule|Sleep Clause Mod: Limit one foe put to sleep
|rule|Species Clause: Limit one of each PokÃ©mon
|rule|OHKO Clause: OHKO moves are banned
|rule|Moody Clause: Moody is banned
|rule|Evasion Moves Clause: Evasion moves are banned
|rule|Endless Battle Clause: Forcing endless battles is banned
|rule|HP Percentage Mod: HP is reported as percentages
|teampreview
|
|start
|switch|p1a: Deoxys-Speed|Deoxys-Speed|304\/304
|switch|p2a: Aegislash|Aegislash, F|323\/323
|-ability|p1a: Deoxys-Speed|Pressure
|turn|1
|
|switch|p1a: Bisharp|Bisharp, F|272\/272
|move|p2a: Aegislash|Substitute|p2a: Aegislash
|-start|p2a: Aegislash|Substitute
|-damage|p2a: Aegislash|243\/323
|
|-heal|p2a: Aegislash|263\/323|[from] item: Leftovers
|turn|2
|
|move|p1a: Bisharp|Knock Off|p2a: Aegislash
|-supereffective|p2a: Aegislash
|-end|p2a: Aegislash|Substitute
|-damage|p1a: Bisharp|245\/272|[from] item: Life Orb
|-formechange|p2a: Aegislash|Aegislash-Blade
|move|p2a: Aegislash|Sacred Sword|p1a: Bisharp
|-supereffective|p1a: Bisharp
|-damage|p1a: Bisharp|0 fnt
|faint|p1a: Bisharp
|
|-heal|p2a: Aegislash|283\/323|[from] item: Leftovers
|
|switch|p1a: Mawile|Mawile, F|304\/304
|-ability|p1a: Mawile|Intimidate|[of] p2a: Aegislash
|-unboost|p2a: Aegislash|atk|1
|turn|3
|
|detailschange|p1a: Mawile|Mawile-Mega, F
|message|Mawile has Mega Evolved into Mega Mawile!
|move|p2a: Aegislash|Shadow Ball|p1a: Mawile
|-damage|p1a: Mawile|132\/304
|move|p1a: Mawile|Swords Dance|p1a: Mawile
|-boost|p1a: Mawile|atk|2
|
|-heal|p2a: Aegislash|303\/323|[from] item: Leftovers
|turn|4
|
|move|p2a: Aegislash|Substitute|p2a: Aegislash
|-start|p2a: Aegislash|Substitute
|-damage|p2a: Aegislash|223\/323
|move|p1a: Mawile|Fire Fang|p2a: Aegislash
|-supereffective|p2a: Aegislash
|-end|p2a: Aegislash|Substitute
|
|-heal|p2a: Aegislash|243\/323|[from] item: Leftovers
|turn|5
|
|move|p1a: Mawile|Sucker Punch|p2a: Aegislash
|-fail|p2a: Aegislash
|move|p2a: Aegislash|Substitute|p2a: Aegislash
|-start|p2a: Aegislash|Substitute
|-damage|p2a: Aegislash|163\/323
|
|-heal|p2a: Aegislash|183\/323|[from] item: Leftovers
|turn|6
|
|move|p1a: Mawile|Sucker Punch|p2a: Aegislash
|-supereffective|p2a: Aegislash
|-end|p2a: Aegislash|Substitute
|move|p2a: Aegislash|Shadow Ball|p1a: Mawile
|-damage|p1a: Mawile|0 fnt
|faint|p1a: Mawile
|
|-heal|p2a: Aegislash|203\/323|[from] item: Leftovers
|
|switch|p1a: Greninja|Greninja, M|286\/286
|turn|7
|
|-formechange|p2a: Aegislash|Aegislash
|move|p2a: Aegislash|King's Shield|p2a: Aegislash
|-singleturn|p2a: Aegislash|Protect
|-start|p1a: Greninja|typechange|Dark|[from] Protean
|move|p1a: Greninja|Dark Pulse|p2a: Aegislash
|-activate|p2a: Aegislash|Protect
|
|-heal|p2a: Aegislash|223\/323|[from] item: Leftovers
|turn|8
|
|switch|p2a: Venusaur|Venusaur, F|302\/302
|move|p1a: Greninja|Dark Pulse|p2a: Venusaur
|-damage|p2a: Venusaur|211\/302
|
|turn|9
|
|detailschange|p2a: Venusaur|Venusaur-Mega, F
|message|Venusaur has Mega Evolved into Mega Venusaur!
|-start|p1a: Greninja|typechange|Psychic|[from] Protean
|move|p1a: Greninja|Extrasensory|p2a: Venusaur
|-supereffective|p2a: Venusaur
|-damage|p2a: Venusaur|53\/302
|move|p2a: Venusaur|Giga Drain|p1a: Greninja
|-damage|p1a: Greninja|145\/286
|-heal|p2a: Venusaur|124\/302|[from] drain|[of] p1a: Greninja
|
|turn|10
|
|-start|p1a: Greninja|typechange|Dark|[from] Protean
|move|p1a: Greninja|Dark Pulse|p2a: Venusaur
|-damage|p2a: Venusaur|46\/302
|move|p2a: Venusaur|Giga Drain|p1a: Greninja
|-damage|p1a: Greninja|0 fnt
|-heal|p2a: Venusaur|119\/302|[from] drain|[of] p1a: Greninja
|faint|p1a: Greninja
|
|
|switch|p1a: Deoxys-Speed|Deoxys-Speed|304\/304
|-ability|p1a: Deoxys-Speed|Pressure
|turn|11
|
|move|p1a: Deoxys-Speed|Taunt|p2a: Venusaur
|-start|p2a: Venusaur|move: Taunt
|move|p2a: Venusaur|Sludge Bomb|p1a: Deoxys-Speed
|-damage|p1a: Deoxys-Speed|169\/304
|
|turn|12
|
|move|p1a: Deoxys-Speed|Stealth Rock|p2a: Venusaur
|-sidestart|p2: noobslayerlol|move: Stealth Rock
|move|p2a: Venusaur|Sludge Bomb|p1a: Deoxys-Speed
|-damage|p1a: Deoxys-Speed|42\/304
|
|turn|13
|
|move|p1a: Deoxys-Speed|Spikes|p2a: Venusaur
|-sidestart|p2: noobslayerlol|Spikes
|move|p2a: Venusaur|Giga Drain|p1a: Deoxys-Speed
|-damage|p1a: Deoxys-Speed|0 fnt
|-heal|p2a: Venusaur|140\/302|[from] drain|[of] p1a: Deoxys-Speed
|faint|p1a: Deoxys-Speed
|
|-end|p2a: Venusaur|move: Taunt
|
|switch|p1a: Aegislash|Aegislash, F|324\/324
|-item|p1a: Aegislash|Air Balloon
|turn|14
|
|move|p2a: Venusaur|Hidden Power|p1a: Aegislash
|-supereffective|p1a: Aegislash
|-damage|p1a: Aegislash|258\/324
|-enditem|p1a: Aegislash|Air Balloon
|-formechange|p1a: Aegislash|Aegislash-Blade
|move|p1a: Aegislash|Shadow Ball|p2a: Venusaur
|-damage|p2a: Venusaur|49\/302
|
|turn|15
|
|move|p1a: Aegislash|Shadow Sneak|p2a: Venusaur
|-damage|p2a: Venusaur|0 fnt
|faint|p2a: Venusaur
|
|
|switch|p2a: Skarmory|Skarmory, M|334\/334
|-damage|p2a: Skarmory|293\/334|[from] Stealth Rock
|turn|16
|
|move|p2a: Skarmory|Defog|p1a: Aegislash
|-unboost|p1a: Aegislash|evasion|1
|-sideend|p2: noobslayerlol|Spikes|[from] move: Defog|[of] p2a: Skarmory
|-sideend|p2: noobslayerlol|Stealth Rock|[from] move: Defog|[of] p2a: Skarmory
|move|p1a: Aegislash|Shadow Ball|p2a: Skarmory
|-damage|p2a: Skarmory|109\/334
|
|turn|17
|
|move|p2a: Skarmory|Stealth Rock|p1a: Aegislash
|-sidestart|p1: fuck christmas|move: Stealth Rock
|move|p1a: Aegislash|Shadow Ball|p2a: Skarmory
|-damage|p2a: Skarmory|0 fnt
|faint|p2a: Skarmory
|
|
|switch|p2a: Greninja|Greninja, F|286\/286
|turn|18
|
|-formechange|p1a: Aegislash|Aegislash
|move|p1a: Aegislash|King's Shield|p1a: Aegislash
|-singleturn|p1a: Aegislash|Protect
|-start|p2a: Greninja|typechange|Dark|[from] Protean
|move|p2a: Greninja|Dark Pulse|p1a: Aegislash
|-activate|p1a: Aegislash|Protect
|
|turn|19
|
|move|p2a: Greninja|Dark Pulse|p1a: Aegislash
|-supereffective|p1a: Aegislash
|-damage|p1a: Aegislash|94\/324
|-damage|p2a: Greninja|258\/286|[from] item: Life Orb
|-formechange|p1a: Aegislash|Aegislash-Blade
|move|p1a: Aegislash|Iron Head|p2a: Greninja
|-damage|p2a: Greninja|65\/286
|
|turn|20
|
|move|p1a: Aegislash|Shadow Sneak|p2a: Greninja
|-resisted|p2a: Greninja
|-damage|p2a: Greninja|16\/286
|move|p2a: Greninja|Dark Pulse|p1a: Aegislash
|-supereffective|p1a: Aegislash
|-damage|p1a: Aegislash|0 fnt
|-damage|p2a: Greninja|0 fnt|[from] item: Life Orb
|faint|p1a: Aegislash
|faint|p2a: Greninja
|
|chat|noobslayerlol|gg
|
|switch|p1a: Keldeo|Keldeo|323\/323
|-damage|p1a: Keldeo|303\/323|[from] Stealth Rock
|switch|p2a: Aegislash|Aegislash, F|223\/323
|turn|21
|
|move|p1a: Keldeo|Hydro Pump|p2a: Aegislash
|-damage|p2a: Aegislash|111\/323
|-formechange|p2a: Aegislash|Aegislash-Blade
|move|p2a: Aegislash|Shadow Ball|p1a: Keldeo
|-damage|p1a: Keldeo|143\/323
|
|-heal|p2a: Aegislash|131\/323|[from] item: Leftovers
|turn|22
|-message|fuck christmas forfeited.
|
|win|noobslayerlol
|raw|Ladder updating...
|leave|fuck christmas
|player|p1
|raw|fuck christmas's rating: 1725 &rarr; <strong>1706<\/strong><br \/>(-19 for losing)
|raw|noobslayerlol's rating: 1741 &rarr; <strong>1760<\/strong><br \/>(+19 for winning)