|join|Aka DH
|join|fuck christmas
|player|p1|Aka DH|68
|player|p2|fuck christmas|281
|gametype|singles
|gen|6
|tier|OU
|rated
|clearpoke
|poke|p1|Chansey, F
|poke|p1|Keldeo
|poke|p1|Heatran, M
|poke|p1|Skarmory, F
|poke|p1|Bisharp, M
|poke|p1|Venusaur, M
|poke|p2|Alakazam, F
|poke|p2|Skarmory, M
|poke|p2|Keldeo-Resolute
|poke|p2|Garchomp, M
|poke|p2|Heatran, M
|poke|p2|Terrakion
|rule|Swagger Clause: Swagger is banned
|rule|Baton Pass Clause: Limit one PokÃ©mon knowing Baton Pass
|rule|Sleep Clause Mod: Limit one foe put to sleep
|rule|Species Clause: Limit one of each PokÃ©mon
|rule|OHKO Clause: OHKO moves are banned
|rule|Moody Clause: Moody is banned
|rule|Evasion Moves Clause: Evasion moves are banned
|rule|Endless Battle Clause: Forcing endless battles is banned
|rule|HP Percentage Mod: HP is reported as percentages
|teampreview
|join|Call me Trice
|join|Christcrusher
|
|start
|switch|p1a: Venusaur|Venusaur, M|364\/364
|switch|p2a: Keldeo-Resolute|Keldeo-Resolute|323\/323
|turn|1
|chat|Christcrusher|hi
|chat|Call me Trice|hi
|raw|<div class="broadcast-red"><b>Moderated chat was set to +!<\/b><br \/>Only users of rank + and higher can talk.<\/div>
|
|switch|p2a: Heatran|Heatran, M|386\/386
|detailschange|p1a: Venusaur|Venusaur-Mega, M
|message|Venusaur has Mega Evolved into Mega Venusaur!
|move|p1a: Venusaur|Giga Drain|p2a: Heatran
|-resisted|p2a: Heatran
|-damage|p2a: Heatran|367\/386
|
|-heal|p2a: Heatran|386\/386|[from] item: Leftovers
|turn|2
|leave|Christcrusher
|
|switch|p1a: Heatran|Heatran, M|340\/340
|-item|p1a: Heatran|Air Balloon
|move|p2a: Heatran|Taunt|p1a: Heatran
|-start|p1a: Heatran|move: Taunt
|
|turn|3
|
|switch|p1a: Keldeo|Keldeo|323\/323
|switch|p2a: Keldeo-Resolute|Keldeo-Resolute|323\/323
|
|turn|4
|
|switch|p1a: Venusaur|Venusaur-Mega, M|364\/364
|move|p2a: Keldeo-Resolute|Secret Sword|p1a: Venusaur
|-resisted|p1a: Venusaur
|-damage|p1a: Venusaur|298\/364
|-damage|p2a: Keldeo-Resolute|291\/323|[from] item: Life Orb
|
|turn|5
|
|switch|p2a: Skarmory|Skarmory, M|334\/334
|move|p1a: Venusaur|Leech Seed|p2a: Skarmory
|-start|p2a: Skarmory|move: Leech Seed
|
|-damage|p2a: Skarmory|293\/334|[from] Leech Seed|[of] p1a: Venusaur
|-heal|p1a: Venusaur|339\/364|[silent]
|turn|6
|
|move|p1a: Venusaur|Giga Drain|p2a: Skarmory
|-resisted|p2a: Skarmory
|-damage|p2a: Skarmory|261\/334
|-heal|p1a: Venusaur|355\/364|[from] drain|[of] p2a: Skarmory
|move|p2a: Skarmory|Stealth Rock|p1a: Venusaur
|-sidestart|p1: Aka DH|move: Stealth Rock
|
|-damage|p2a: Skarmory|220\/334|[from] Leech Seed|[of] p1a: Venusaur
|-heal|p1a: Venusaur|364\/364|[silent]
|turn|7
|
|switch|p1a: Heatran|Heatran, M|340\/340
|-damage|p1a: Heatran|298\/340|[from] Stealth Rock
|-item|p1a: Heatran|Air Balloon
|switch|p2a: Heatran|Heatran, M|386\/386
|
|turn|8
|
|switch|p2a: Terrakion|Terrakion|323\/323
|move|p1a: Heatran|Stealth Rock|p2a: Terrakion
|-sidestart|p2: fuck christmas|move: Stealth Rock
|
|turn|9
|
|switch|p1a: Venusaur|Venusaur-Mega, M|364\/364
|-damage|p1a: Venusaur|319\/364|[from] Stealth Rock
|move|p2a: Terrakion|Swords Dance|p2a: Terrakion
|-boost|p2a: Terrakion|atk|2
|
|turn|10
|
|move|p2a: Terrakion|Stone Edge|p1a: Venusaur
|-damage|p1a: Venusaur|114\/364
|move|p1a: Venusaur|Giga Drain|p2a: Terrakion
|-supereffective|p2a: Terrakion
|-damage|p2a: Terrakion|113\/323
|-heal|p1a: Venusaur|219\/364|[from] drain|[of] p2a: Terrakion
|
|turn|11
|
|move|p2a: Terrakion|Stone Edge|p1a: Venusaur
|-damage|p1a: Venusaur|2\/364
|move|p1a: Venusaur|Giga Drain|p2a: Terrakion
|-supereffective|p2a: Terrakion
|-damage|p2a: Terrakion|0 fnt
|-heal|p1a: Venusaur|59\/364|[from] drain|[of] p2a: Terrakion
|faint|p2a: Terrakion
|
|
|switch|p2a: Alakazam|Alakazam, F|252\/252
|turn|12
|
|detailschange|p2a: Alakazam|Alakazam-Mega, F
|message|Alakazam has Mega Evolved into Mega Alakazam!
|-ability|p2a: Alakazam|Thick Fat|[from] ability: Trace|[of] p1a: Venusaur
|move|p2a: Alakazam|Psychic|p1a: Venusaur
|-supereffective|p1a: Venusaur
|-damage|p1a: Venusaur|0 fnt
|faint|p1a: Venusaur
|
|
|switch|p1a: Chansey|Chansey, F|685\/685
|-damage|p1a: Chansey|600\/685|[from] Stealth Rock
|turn|13
|
|switch|p2a: Heatran|Heatran, M|386\/386
|-damage|p2a: Heatran|338\/386|[from] Stealth Rock
|move|p1a: Chansey|Seismic Toss|p2a: Heatran
|-damage|p2a: Heatran|238\/386
|
|-heal|p2a: Heatran|262\/386|[from] item: Leftovers
|turn|14
|
|move|p2a: Heatran|Protect|p2a: Heatran
|-singleturn|p2a: Heatran|Protect
|move|p1a: Chansey|Seismic Toss|p2a: Heatran
|-activate|p2a: Heatran|Protect
|
|-heal|p2a: Heatran|286\/386|[from] item: Leftovers
|turn|15
|
|move|p2a: Heatran|Toxic|p1a: Chansey
|-status|p1a: Chansey|tox
|move|p1a: Chansey|Thunder Wave|p2a: Heatran
|-status|p2a: Heatran|par
|
|-heal|p2a: Heatran|310\/386 par|[from] item: Leftovers
|-damage|p1a: Chansey|558\/685 tox|[from] psn
|turn|16
|
|move|p1a: Chansey|Seismic Toss|p2a: Heatran
|-damage|p2a: Heatran|210\/386 par
|move|p2a: Heatran|Toxic|p1a: Chansey|[miss]
|-miss|p2a: Heatran|p1a: Chansey
|
|-heal|p2a: Heatran|234\/386 par|[from] item: Leftovers
|-damage|p1a: Chansey|474\/685 tox|[from] psn
|turn|17
|
|switch|p1a: Keldeo|Keldeo|323\/323
|-damage|p1a: Keldeo|303\/323|[from] Stealth Rock
|move|p2a: Heatran|Taunt|p1a: Keldeo
|-start|p1a: Keldeo|move: Taunt
|
|-heal|p1a: Keldeo|323\/323|[from] item: Leftovers
|-heal|p2a: Heatran|258\/386 par|[from] item: Leftovers
|turn|18
|
|move|p1a: Keldeo|Scald|p2a: Heatran
|-supereffective|p2a: Heatran
|-damage|p2a: Heatran|58\/386 par
|move|p2a: Heatran|Toxic|p1a: Keldeo
|-status|p1a: Keldeo|tox
|
|-heal|p2a: Heatran|82\/386 par|[from] item: Leftovers
|-damage|p1a: Keldeo|303\/323 tox|[from] psn
|turn|19
|
|move|p2a: Heatran|Protect|p2a: Heatran
|-singleturn|p2a: Heatran|Protect
|move|p1a: Keldeo|Scald|p2a: Heatran
|-activate|p2a: Heatran|Protect
|
|-heal|p1a: Keldeo|323\/323 tox|[from] item: Leftovers
|-heal|p2a: Heatran|106\/386 par|[from] item: Leftovers
|-damage|p1a: Keldeo|283\/323 tox|[from] psn
|turn|20
|
|switch|p2a: Skarmory|Skarmory, M|220\/334
|-damage|p2a: Skarmory|179\/334|[from] Stealth Rock
|move|p1a: Keldeo|Secret Sword|p2a: Skarmory
|-damage|p2a: Skarmory|89\/334
|
|-heal|p1a: Keldeo|303\/323 tox|[from] item: Leftovers
|-damage|p1a: Keldeo|243\/323 tox|[from] psn
|-end|p1a: Keldeo|move: Taunt
|turn|21
|
|move|p1a: Keldeo|Scald|p2a: Skarmory
|-crit|p2a: Skarmory
|-damage|p2a: Skarmory|0 fnt
|faint|p2a: Skarmory
|
|-heal|p1a: Keldeo|263\/323 tox|[from] item: Leftovers
|-damage|p1a: Keldeo|183\/323 tox|[from] psn
|
|switch|p2a: Alakazam|Alakazam-Mega, F|252\/252
|-damage|p2a: Alakazam|221\/252|[from] Stealth Rock
|-ability|p2a: Alakazam|Justified|[from] ability: Trace|[of] p1a: Keldeo
|turn|22
|
|switch|p2a: Keldeo-Resolute|Keldeo-Resolute|291\/323
|-damage|p2a: Keldeo-Resolute|271\/323|[from] Stealth Rock
|switch|p1a: Heatran|Heatran, M|298\/340
|-damage|p1a: Heatran|256\/340|[from] Stealth Rock
|-item|p1a: Heatran|Air Balloon
|
|turn|23
|
|move|p2a: Keldeo-Resolute|Secret Sword|p1a: Heatran
|-supereffective|p1a: Heatran
|-damage|p1a: Heatran|0 fnt
|-enditem|p1a: Heatran|Air Balloon
|-damage|p2a: Keldeo-Resolute|239\/323|[from] item: Life Orb
|faint|p1a: Heatran
|
|
|switch|p1a: Skarmory|Skarmory, F|334\/334
|-damage|p1a: Skarmory|293\/334|[from] Stealth Rock
|turn|24
|
|switch|p2a: Heatran|Heatran, M|106\/386 par
|-damage|p2a: Heatran|58\/386 par|[from] Stealth Rock
|move|p1a: Skarmory|Spikes|p2a: Heatran
|-sidestart|p2: fuck christmas|Spikes
|
|-heal|p2a: Heatran|82\/386 par|[from] item: Leftovers
|turn|25
|
|move|p1a: Skarmory|Spikes|p2a: Heatran
|-sidestart|p2: fuck christmas|Spikes
|cant|p2a: Heatran|par
|
|-heal|p2a: Heatran|106\/386 par|[from] item: Leftovers
|turn|26
|
|switch|p1a: Chansey|Chansey, F|474\/685
|-damage|p1a: Chansey|389\/685|[from] Stealth Rock
|cant|p2a: Heatran|par
|
|-heal|p2a: Heatran|130\/386 par|[from] item: Leftovers
|turn|27
|
|move|p1a: Chansey|Aromatherapy|p1a: Chansey
|-cureteam|p1a: Chansey|[from] move: Aromatherapy
|move|p2a: Heatran|Toxic|p1a: Chansey|[miss]
|-miss|p2a: Heatran|p1a: Chansey
|
|-heal|p2a: Heatran|154\/386 par|[from] item: Leftovers
|turn|28
|chat|fuck christmas|haha
|chat|fuck christmas|fucking
|chat|fuck christmas|ridiculous
|
|move|p1a: Chansey|Soft-Boiled|p1a: Chansey
|-heal|p1a: Chansey|685\/685
|move|p2a: Heatran|Taunt|p1a: Chansey
|-start|p1a: Chansey|move: Taunt
|
|-heal|p2a: Heatran|178\/386 par|[from] item: Leftovers
|turn|29
|
|move|p2a: Heatran|Protect|p2a: Heatran
|-singleturn|p2a: Heatran|Protect
|move|p1a: Chansey|Seismic Toss|p2a: Heatran
|-activate|p2a: Heatran|Protect
|
|-heal|p2a: Heatran|202\/386 par|[from] item: Leftovers
|turn|30
|
|move|p1a: Chansey|Seismic Toss|p2a: Heatran
|-damage|p2a: Heatran|102\/386 par
|move|p2a: Heatran|Toxic|p1a: Chansey
|-status|p1a: Chansey|tox
|
|-heal|p2a: Heatran|126\/386 par|[from] item: Leftovers
|-damage|p1a: Chansey|643\/685 tox|[from] psn
|turn|31
|
|move|p2a: Heatran|Protect|p2a: Heatran
|-singleturn|p2a: Heatran|Protect
|move|p1a: Chansey|Seismic Toss|p2a: Heatran
|-activate|p2a: Heatran|Protect
|
|-heal|p2a: Heatran|150\/386 par|[from] item: Leftovers
|-damage|p1a: Chansey|559\/685 tox|[from] psn
|-end|p1a: Chansey|move: Taunt
|turn|32
|
|move|p1a: Chansey|Aromatherapy|p1a: Chansey
|-cureteam|p1a: Chansey|[from] move: Aromatherapy
|cant|p2a: Heatran|par
|
|-heal|p2a: Heatran|174\/386 par|[from] item: Leftovers
|turn|33
|
|move|p1a: Chansey|Seismic Toss|p2a: Heatran
|-damage|p2a: Heatran|74\/386 par
|move|p2a: Heatran|Toxic|p1a: Chansey
|-status|p1a: Chansey|tox
|
|-heal|p2a: Heatran|98\/386 par|[from] item: Leftovers
|-damage|p1a: Chansey|517\/685 tox|[from] psn
|turn|34
|
|switch|p1a: Keldeo|Keldeo|183\/323
|-damage|p1a: Keldeo|163\/323|[from] Stealth Rock
|move|p2a: Heatran|Taunt|p1a: Keldeo
|-start|p1a: Keldeo|move: Taunt
|
|-heal|p1a: Keldeo|183\/323|[from] item: Leftovers
|-heal|p2a: Heatran|122\/386 par|[from] item: Leftovers
|turn|35
|
|move|p1a: Keldeo|Secret Sword|p2a: Heatran
|-supereffective|p2a: Heatran
|-damage|p2a: Heatran|0 fnt
|faint|p2a: Heatran
|
|-heal|p1a: Keldeo|203\/323|[from] item: Leftovers
|
|switch|p2a: Alakazam|Alakazam-Mega, F|221\/252
|-damage|p2a: Alakazam|190\/252|[from] Stealth Rock
|-damage|p2a: Alakazam|148\/252|[from] Spikes
|-ability|p2a: Alakazam|Justified|[from] ability: Trace|[of] p1a: Keldeo
|turn|36
|
|switch|p1a: Chansey|Chansey, F|517\/685
|-damage|p1a: Chansey|432\/685|[from] Stealth Rock
|move|p2a: Alakazam|Focus Blast|p1a: Chansey
|-supereffective|p1a: Chansey
|-damage|p1a: Chansey|232\/685
|
|turn|37
|
|switch|p2a: Keldeo-Resolute|Keldeo-Resolute|239\/323
|-damage|p2a: Keldeo-Resolute|186\/323|[from] Spikes
|-damage|p2a: Keldeo-Resolute|166\/323|[from] Stealth Rock
|move|p1a: Chansey|Thunder Wave|p2a: Keldeo-Resolute
|-status|p2a: Keldeo-Resolute|par
|
|turn|38
|
|move|p1a: Chansey|Seismic Toss|p2a: Keldeo-Resolute
|-damage|p2a: Keldeo-Resolute|66\/323 par
|move|p2a: Keldeo-Resolute|Secret Sword|p1a: Chansey
|-supereffective|p1a: Chansey
|-damage|p1a: Chansey|0 fnt
|-damage|p2a: Keldeo-Resolute|34\/323 par|[from] item: Life Orb
|faint|p1a: Chansey
|
|
|switch|p1a: Bisharp|Bisharp, M|334\/334
|-damage|p1a: Bisharp|314\/334|[from] Stealth Rock
|turn|39
|
|move|p1a: Bisharp|Knock Off|p2a: Keldeo-Resolute
|-crit|p2a: Keldeo-Resolute
|-resisted|p2a: Keldeo-Resolute
|-damage|p2a: Keldeo-Resolute|0 fnt
|-enditem|p2a: Keldeo-Resolute|Life Orb|[from] move: Knock Off|[of] p1a: Bisharp
|faint|p2a: Keldeo-Resolute
|
|-heal|p1a: Bisharp|334\/334|[from] item: Leftovers
|
|switch|p2a: Garchomp|Garchomp, M|358\/358
|-damage|p2a: Garchomp|299\/358|[from] Spikes
|-damage|p2a: Garchomp|277\/358|[from] Stealth Rock
|turn|40
|
|switch|p2a: Alakazam|Alakazam-Mega, F|148\/252
|-damage|p2a: Alakazam|106\/252|[from] Spikes
|-damage|p2a: Alakazam|75\/252|[from] Stealth Rock
|-ability|p2a: Alakazam|Defiant|[from] ability: Trace|[of] p1a: Bisharp
|switch|p1a: Skarmory|Skarmory, F|293\/334
|-damage|p1a: Skarmory|252\/334|[from] Stealth Rock
|
|turn|41
|chat|fuck christmas|this skarm should be dead
|chat|fuck christmas|twice
|chat|fuck christmas|:')
|
|move|p2a: Alakazam|Focus Blast|p1a: Skarmory
|-damage|p1a: Skarmory|58\/334
|move|p1a: Skarmory|Whirlwind|p2a: Alakazam
|drag|p2a: Garchomp|Garchomp, M|277\/358
|-damage|p2a: Garchomp|218\/358|[from] Spikes
|-damage|p2a: Garchomp|196\/358|[from] Stealth Rock
|
|turn|42
|
|move|p2a: Garchomp|Stone Edge|p1a: Skarmory
|-damage|p1a: Skarmory|0 fnt
|faint|p1a: Skarmory
|
|
|switch|p1a: Keldeo|Keldeo|203\/323
|-damage|p1a: Keldeo|183\/323|[from] Stealth Rock
|turn|43
|
|move|p2a: Garchomp|Stone Edge|p1a: Keldeo
|-resisted|p1a: Keldeo
|-damage|p1a: Keldeo|122\/323
|move|p1a: Keldeo|Scald|p2a: Garchomp
|-damage|p2a: Garchomp|24\/358
|
|-heal|p1a: Keldeo|142\/323|[from] item: Leftovers
|turn|44
|
|move|p2a: Garchomp|Stone Edge|p1a: Keldeo
|-resisted|p1a: Keldeo
|-damage|p1a: Keldeo|79\/323
|move|p1a: Keldeo|Scald|p2a: Garchomp
|-damage|p2a: Garchomp|0 fnt
|faint|p2a: Garchomp
|
|-heal|p1a: Keldeo|99\/323|[from] item: Leftovers
|
|switch|p2a: Alakazam|Alakazam-Mega, F|75\/252
|-damage|p2a: Alakazam|33\/252|[from] Spikes
|-damage|p2a: Alakazam|2\/252|[from] Stealth Rock
|-ability|p2a: Alakazam|Justified|[from] ability: Trace|[of] p1a: Keldeo
|turn|45
|
|move|p2a: Alakazam|Psychic|p1a: Keldeo
|-supereffective|p1a: Keldeo
|-damage|p1a: Keldeo|0 fnt
|faint|p1a: Keldeo
|
|
|switch|p1a: Bisharp|Bisharp, M|334\/334
|-damage|p1a: Bisharp|314\/334|[from] Stealth Rock
|turn|46
|
|move|p1a: Bisharp|Sucker Punch|p2a: Alakazam
|-fail|p2a: Alakazam
|move|p2a: Alakazam|Calm Mind|p2a: Alakazam
|-boost|p2a: Alakazam|spa|1
|-boost|p2a: Alakazam|spd|1
|
|-heal|p1a: Bisharp|334\/334|[from] item: Leftovers
|turn|47
|
|move|p1a: Bisharp|Sucker Punch|p2a: Alakazam
|-fail|p2a: Alakazam
|move|p2a: Alakazam|Calm Mind|p2a: Alakazam
|-boost|p2a: Alakazam|spa|1
|-boost|p2a: Alakazam|spd|1
|
|turn|48
|
|move|p1a: Bisharp|Sucker Punch|p2a: Alakazam
|-fail|p2a: Alakazam
|move|p2a: Alakazam|Calm Mind|p2a: Alakazam
|-boost|p2a: Alakazam|spa|1
|-boost|p2a: Alakazam|spd|1
|
|turn|49
|
|move|p1a: Bisharp|Sucker Punch|p2a: Alakazam
|-fail|p2a: Alakazam
|move|p2a: Alakazam|Calm Mind|p2a: Alakazam
|-boost|p2a: Alakazam|spa|1
|-boost|p2a: Alakazam|spd|1
|
|turn|50
|
|move|p1a: Bisharp|Sucker Punch|p2a: Alakazam
|-fail|p2a: Alakazam
|move|p2a: Alakazam|Calm Mind|p2a: Alakazam
|-boost|p2a: Alakazam|spa|1
|-boost|p2a: Alakazam|spd|1
|
|turn|51
|
|move|p1a: Bisharp|Sucker Punch|p2a: Alakazam
|-fail|p2a: Alakazam
|move|p2a: Alakazam|Calm Mind|p2a: Alakazam
|-boost|p2a: Alakazam|spa|1
|-boost|p2a: Alakazam|spd|1
|
|turn|52
|
|move|p2a: Alakazam|Calm Mind|p2a: Alakazam
|-fail|p2a: Alakazam
|move|p1a: Bisharp|Knock Off|p2a: Alakazam
|-supereffective|p2a: Alakazam
|-damage|p2a: Alakazam|0 fnt
|faint|p2a: Alakazam
|
|win|Aka DH
|raw|Ladder updating...
|raw|Aka DH's rating: 1905 &rarr; <strong>1917<\/strong><br \/>(+12 for winning)
|raw|fuck christmas's rating: 1746 &rarr; <strong>1734<\/strong><br \/>(-12 for losing)
|leave|fuck christmas
|player|p2
|leave|Call me Trice