|join|CleanerThanRotom-W
|join|fuck christmas
|player|p1|CleanerThanRotom-W|226
|player|p2|fuck christmas|281
|gametype|singles
|gen|6
|tier|OU
|clearpoke
|poke|p1|Politoed, M
|poke|p1|Kingdra, F
|poke|p1|Heracross, M
|poke|p1|Ferrothorn, M
|poke|p1|Kabutops, F
|poke|p1|Latias, F
|poke|p2|Suicune
|poke|p2|Scizor, M
|poke|p2|Landorus-Therian, M
|poke|p2|Mew
|poke|p2|Heatran, M
|poke|p2|Latios, M
|rule|Swagger Clause: Swagger is banned
|rule|Baton Pass Clause: Limit one PokÃ©mon knowing Baton Pass
|rule|Sleep Clause Mod: Limit one foe put to sleep
|rule|Species Clause: Limit one of each PokÃ©mon
|rule|OHKO Clause: OHKO moves are banned
|rule|Moody Clause: Moody is banned
|rule|Evasion Moves Clause: Evasion moves are banned
|rule|Endless Battle Clause: Forcing endless battles is banned
|rule|HP Percentage Mod: HP is shown in percentages
|teampreview
|join|Banette is life
|join|lt6v flan
|join|XperimentTeams
|join|IAmGingy
|join|TheHannt
|join|Lurk God
|join|sweet Rikku
|c| lt6v flan|ayy lmaomy nigga fc about to go ion
|
|start
|switch|p1a: Cosine180|Heracross, M|330\/330
|switch|p2a: Latios|Latios, M|301\/301
|turn|1
|join|Studying
|join|Edwardo M
|c|âfuck christmas|:]]]
|join|Timid Quil
|join|yrs
|join|Cosine180
|c|âfuck christmas|about to get bopped thoo
|c| yrs|ah
|c| yrs|that rain team
|
|switch|p1a: jake5alt5|Ferrothorn, M|352\/352
|move|p2a: Latios|Draco Meteor|p1a: jake5alt5
|-resisted|p1a: jake5alt5
|-damage|p1a: jake5alt5|214\/352
|-unboost|p2a: Latios|spa|2
|-damage|p2a: Latios|271\/301|[from] item: Life Orb
|
|-heal|p1a: jake5alt5|236\/352|[from] item: Leftovers
|turn|2
|join|jdog714
|join|bald guy
|leave|jdog714
|
|switch|p2a: Heatran|Heatran, M|379\/379
|move|p1a: jake5alt5|Stealth Rock|p2a: Heatran
|-sidestart|p2: fuck christmas|move: Stealth Rock
|
|-heal|p1a: jake5alt5|258\/352|[from] item: Leftovers
|turn|3
|join|zapp.zapp
|join|How to losee
|leave|Studying
|c| bald guy|what is this, gen 5?
|join|Dark_380
|c| How to losee|No
|c|âCleanerThanRotom-W|gen 3
|
|switch|p1a: NoSwitchIns|Kingdra, F|297\/297
|move|p2a: Heatran|Toxic|p1a: NoSwitchIns
|-status|p1a: NoSwitchIns|tox
|
|-damage|p1a: NoSwitchIns|279\/297 tox|[from] psn
|turn|4
|join|Dylan0
|c| lt6v flan|gen 1 lc nu
|join|Sharpteeth
|c| bald guy|lol
|
|switch|p1a: Cosine180|Heracross, M|330\/330
|switch|p2a: Latios|Latios, M|271\/301
|-damage|p2a: Latios|234\/301|[from] Stealth Rock
|
|turn|5
|c| XperimentTeams|Gen 7 
|c|âfuck christmas|wait this is gen 3
|c|âfuck christmas|wtf
|c|âfuck christmas|I thought we were in gen 1
|c| Banette is life|your mom is gen 3
|join|adoYx
|
|switch|p1a: jake5alt5|Ferrothorn, M|258\/352
|move|p2a: Latios|Draco Meteor|p1a: jake5alt5|[miss]
|-miss|p2a: Latios|p1a: jake5alt5
|
|-heal|p1a: jake5alt5|280\/352|[from] item: Leftovers
|turn|6
|c|âfuck christmas|nice dodge,,
|
|switch|p1a: Cosine180|Heracross, M|330\/330
|move|p2a: Latios|Defog|p1a: Cosine180
|-unboost|p1a: Cosine180|evasion|1
|-sideend|p2: fuck christmas|Stealth Rock|[from] move: Defog|[of] p2a: Latios
|
|turn|7
|
|switch|p1a: jake5alt5|Ferrothorn, M|280\/352
|move|p2a: Latios|Draco Meteor|p1a: jake5alt5
|-resisted|p1a: jake5alt5
|-damage|p1a: jake5alt5|142\/352
|-unboost|p2a: Latios|spa|2
|-damage|p2a: Latios|204\/301|[from] item: Life Orb
|
|-heal|p1a: jake5alt5|164\/352|[from] item: Leftovers
|turn|8
|c|âCleanerThanRotom-W|lol all these lays
|c|âCleanerThanRotom-W|*plays
|c|âfuck christmas|:]
|join|uCan'tSeeMe
|
|switch|p2a: Mew|Mew|404\/404
|move|p1a: jake5alt5|Stealth Rock|p2a: Mew
|-sidestart|p2: fuck christmas|move: Stealth Rock
|
|-heal|p1a: jake5alt5|186\/352|[from] item: Leftovers
|turn|9
|
|switch|p1a: Cosine180|Heracross, M|330\/330
|move|p2a: Mew|Knock Off|p1a: Cosine180
|-resisted|p1a: Cosine180
|-damage|p1a: Cosine180|298\/330
|
|turn|10
|c|âCleanerThanRotom-W|what do i have for mega latios
|c| Sharpteeth|still saying mew needs a signature move
|
|switch|p1a: DeathFodder|Politoed, M|383\/383
|-weather|RainDance
|move|p2a: Mew|Will-O-Wisp|p1a: DeathFodder|[miss]
|-miss|p2a: Mew|p1a: DeathFodder
|
|-weather|RainDance|[upkeep]
|turn|11
|c| Sharpteeth|that burns and taunts with +1 priority
|
|switch|p1a: Cosine180|Heracross, M|298\/330
|move|p2a: Mew|Knock Off|p1a: Cosine180
|-resisted|p1a: Cosine180
|-damage|p1a: Cosine180|264\/330
|
|-weather|RainDance|[upkeep]
|turn|12
|
|move|p2a: Mew|Will-O-Wisp|p1a: Cosine180
|-status|p1a: Cosine180|brn
|move|p1a: Cosine180|Pin Missile|p2a: Mew
|-crit|p2a: Mew
|-supereffective|p2a: Mew
|-damage|p2a: Mew|204\/404
|-supereffective|p2a: Mew
|-damage|p2a: Mew|58\/404
|-hitcount|p2a: Mew|2
|
|-weather|RainDance|[upkeep]
|-heal|p2a: Mew|83\/404|[from] item: Leftovers
|-damage|p1a: Cosine180|223\/330 brn|[from] brn
|turn|13
|c|âCleanerThanRotom-W|lol
|c|âfuck christmas|ayy nb
|join|dfgjhrt
|
|switch|p2a: Landorus-Therian|Landorus-Therian, M|325\/325
|-damage|p2a: Landorus-Therian|285\/325|[from] Stealth Rock
|-ability|p2a: Landorus-Therian|Intimidate|[of] p1a: Cosine180
|-unboost|p1a: Cosine180|atk|1
|move|p1a: Cosine180|Bullet Seed|p2a: Landorus-Therian
|-damage|p2a: Landorus-Therian|249\/325
|-damage|p2a: Landorus-Therian|214\/325
|-crit|p2a: Landorus-Therian
|-damage|p2a: Landorus-Therian|130\/325
|-damage|p2a: Landorus-Therian|95\/325
|-damage|p2a: Landorus-Therian|56\/325
|-hitcount|p2a: Landorus-Therian|5
|
|-weather|RainDance|[upkeep]
|-damage|p1a: Cosine180|182\/330 brn|[from] brn
|turn|14
|join|hxh zx
|c| Sharpteeth|"resisted"
|c| Sharpteeth|lol
|c|âCleanerThanRotom-W|nice guts skill link hera
|c|âCleanerThanRotom-W|its neutral btw
|c| XperimentTeams|Neutral
|
|move|p2a: Landorus-Therian|Earthquake|p1a: Cosine180
|-resisted|p1a: Cosine180
|-damage|p1a: Cosine180|56\/330 brn
|move|p1a: Cosine180|Bullet Seed|p2a: Landorus-Therian
|-damage|p2a: Landorus-Therian|21\/325
|-damage|p2a: Landorus-Therian|0 fnt
|-hitcount|p2a: Landorus-Therian|2
|faint|p2a: Landorus-Therian
|
|-weather|RainDance|[upkeep]
|-damage|p1a: Cosine180|15\/330 brn|[from] brn
|
|switch|p2a: Scizor|Scizor, M|343\/343
|-damage|p2a: Scizor|301\/343|[from] Stealth Rock
|turn|15
|c| Sharpteeth|it's resisted
|leave|TheHannt
|c|âfuck christmas|bullet seed?
|c|âfuck christmas|is neutral lol
|c| How to losee|^
|
|switch|p1a: DeathFodder|Politoed, M|383\/383
|detailschange|p2a: Scizor|Scizor-Mega, M
|message|Scizor has Mega Evolved into Mega Scizor!
|move|p2a: Scizor|Bullet Punch|p1a: DeathFodder
|-resisted|p1a: DeathFodder
|-damage|p1a: DeathFodder|338\/383
|
|-weather|RainDance|[upkeep]
|turn|16
|c| zapp.zapp|bullet seed is neutral lol
|c| Sharpteeth|IT'S
|c| How to losee|its neutal
|c| How to losee|lol
|c| Sharpteeth|RESISTED
|join|ORAS ALT 2
|c| Sharpteeth|next one who disagrees gets dqed
|c| Sharpteeth|...
|
|switch|p2a: Suicune|Suicune|399\/399
|-damage|p2a: Suicune|350\/399|[from] Stealth Rock
|-ability|p2a: Suicune|Pressure
|switch|p1a: Dark_380|Latias, F|301\/301
|
|-weather|RainDance|[upkeep]
|-heal|p2a: Suicune|374\/399|[from] item: Leftovers
|turn|17
|c| How to losee|do it kid
|join|Cinco Diablo
|c| zapp.zapp|powa aboose
|
|switch|p2a: Heatran|Heatran, M|379\/379
|-damage|p2a: Heatran|332\/379|[from] Stealth Rock
|move|p1a: Dark_380|Healing Wish|p1a: Dark_380
|faint|p1a: Dark_380
|
|-weather|none
|-heal|p2a: Heatran|355\/379|[from] item: Leftovers
|
|switch|p1a: Cosine180|Heracross, M|15\/330 brn
|-heal|p1a: Cosine180|330\/330|[from] move: Healing Wish
|turn|18
|leave|Dylan0
|c|âfuck christmas|LOL
|c| Dark_380|every time
|c|âfuck christmas|FUCK
|c|âfuck christmas|OFF
|c| Dark_380|fgt
|leave|Cinco Diablo
|c|âCleanerThanRotom-W|cosine does too much work to sack him
|c| How to losee|LOL
|c|âCleanerThanRotom-W|:J
|c| How to losee|Fuck christmas BRO
|
|detailschange|p1a: Cosine180|Heracross-Mega, M
|message|Heracross has Mega Evolved into Mega Heracross!
|move|p1a: Cosine180|Close Combat|p2a: Heatran
|-supereffective|p2a: Heatran
|-damage|p2a: Heatran|0 fnt
|-unboost|p1a: Cosine180|def|1
|-unboost|p1a: Cosine180|spd|1
|faint|p2a: Heatran
|
|join|Ill leave
|c| Sharpteeth|quick
|
|switch|p2a: Latios|Latios, M|204\/301
|-damage|p2a: Latios|167\/301|[from] Stealth Rock
|turn|19
|c| Sharpteeth|switch to something
|c| Sharpteeth|that resists bug and fighting
|
|switch|p2a: Mew|Mew|83\/404
|-damage|p2a: Mew|33\/404|[from] Stealth Rock
|switch|p1a: jake5alt5|Ferrothorn, M|186\/352
|
|-heal|p2a: Mew|58\/404|[from] item: Leftovers
|-heal|p1a: jake5alt5|208\/352|[from] item: Leftovers
|turn|20
|c| Sharpteeth|like Landorus-T
|c| Sharpteeth|also resists grass too
|c| Sharpteeth|as a bonus
|leave|ORAS ALT 2
|
|switch|p1a: DeathFodder|Politoed, M|338\/383
|-weather|RainDance
|move|p2a: Mew|Soft-Boiled|p2a: Mew
|-heal|p2a: Mew|260\/404
|
|-weather|RainDance|[upkeep]
|-heal|p2a: Mew|285\/404|[from] item: Leftovers
|turn|21
|
|switch|p1a: NoSwitchIns|Kingdra, F|279\/297 tox
|move|p2a: Mew|Will-O-Wisp|p1a: NoSwitchIns|[miss]
|-miss|p2a: Mew|p1a: NoSwitchIns
|
|-weather|RainDance|[upkeep]
|-heal|p2a: Mew|310\/404|[from] item: Leftovers
|-damage|p1a: NoSwitchIns|261\/297 tox|[from] psn
|turn|22
|
|move|p1a: NoSwitchIns|Surf|p2a: Mew
|-damage|p2a: Mew|45\/404
|move|p2a: Mew|Soft-Boiled|p2a: Mew
|-heal|p2a: Mew|247\/404
|
|-weather|RainDance|[upkeep]
|-heal|p2a: Mew|272\/404|[from] item: Leftovers
|-damage|p1a: NoSwitchIns|225\/297 tox|[from] psn
|turn|23
|
|move|p1a: NoSwitchIns|Surf|p2a: Mew
|-damage|p2a: Mew|0 fnt
|faint|p2a: Mew
|
|-weather|RainDance|[upkeep]
|-damage|p1a: NoSwitchIns|171\/297 tox|[from] psn
|c| Banette is life|boom
|c|âfuck christmas|lame
|c|âfuck christmas|where's the min\/max
|
|switch|p2a: Suicune|Suicune|374\/399
|-damage|p2a: Suicune|325\/399|[from] Stealth Rock
|-ability|p2a: Suicune|Pressure
|turn|24
|c| yrs|that was max\
|c|âCleanerThanRotom-W|shoutouts to cosine180 for these amazing nicknames
|c|âCleanerThanRotom-W|...
|c| Cosine180|:]
|c| yrs|and use scald
|
|switch|p1a: jake5alt5|Ferrothorn, M|208\/352
|move|p2a: Suicune|Calm Mind|p2a: Suicune
|-boost|p2a: Suicune|spa|1
|-boost|p2a: Suicune|spd|1
|
|-weather|RainDance|[upkeep]
|-heal|p2a: Suicune|349\/399|[from] item: Leftovers
|-heal|p1a: jake5alt5|230\/352|[from] item: Leftovers
|turn|25
|c| yrs|its better
|c| yrs|for burns
|c| yrs|not thatmuch power increase
|c| How to losee|^
|c| yrs|burns are helpful
|
|move|p2a: Suicune|Calm Mind|p2a: Suicune
|-boost|p2a: Suicune|spa|1
|-boost|p2a: Suicune|spd|1
|move|p1a: jake5alt5|Leech Seed|p2a: Suicune
|-start|p2a: Suicune|move: Leech Seed
|
|-weather|RainDance|[upkeep]
|-heal|p2a: Suicune|373\/399|[from] item: Leftovers
|-heal|p1a: jake5alt5|252\/352|[from] item: Leftovers
|-damage|p2a: Suicune|324\/399|[from] Leech Seed|[of] p1a: jake5alt5
|-heal|p1a: jake5alt5|301\/352|[silent]
|turn|26
|c| How to losee|yup
|c| yrs|trust me
|c| Banette is life|boom
|
|switch|p1a: DeathFodder|Politoed, M|338\/383
|move|p2a: Suicune|Scald|p1a: DeathFodder
|-resisted|p1a: DeathFodder
|-damage|p1a: DeathFodder|200\/383
|-status|p1a: DeathFodder|brn
|
|-weather|RainDance|[upkeep]
|-heal|p2a: Suicune|348\/399|[from] item: Leftovers
|-damage|p2a: Suicune|299\/399|[from] Leech Seed|[of] p1a: DeathFodder
|-heal|p1a: DeathFodder|249\/383 brn|[silent]
|-damage|p1a: DeathFodder|202\/383 brn|[from] brn
|turn|27
|c| yrs|just trying to help you guys
|join|MawileApocalypse
|
|move|p2a: Suicune|Scald|p1a: DeathFodder
|-resisted|p1a: DeathFodder
|-damage|p1a: DeathFodder|74\/383 brn
|move|p1a: DeathFodder|Perish Song|p1a: DeathFodder
|-fieldactivate|move: Perish Song
|
|-start|p2a: Suicune|perish3
|-start|p1a: DeathFodder|perish3
|-weather|none
|-heal|p2a: Suicune|323\/399|[from] item: Leftovers
|-damage|p2a: Suicune|274\/399|[from] Leech Seed|[of] p1a: DeathFodder
|-heal|p1a: DeathFodder|123\/383 brn|[silent]
|-damage|p1a: DeathFodder|76\/383 brn|[from] brn
|turn|28
|join|TheHannt
|
|switch|p1a: jake5alt5|Ferrothorn, M|301\/352
|move|p2a: Suicune|Scald|p1a: jake5alt5
|-crit|p1a: jake5alt5
|-resisted|p1a: jake5alt5
|-damage|p1a: jake5alt5|188\/352
|-status|p1a: jake5alt5|brn
|
|-start|p2a: Suicune|perish2
|-heal|p2a: Suicune|298\/399|[from] item: Leftovers
|-heal|p1a: jake5alt5|210\/352 brn|[from] item: Leftovers
|-damage|p2a: Suicune|249\/399|[from] Leech Seed|[of] p1a: jake5alt5
|-heal|p1a: jake5alt5|259\/352 brn|[silent]
|-damage|p1a: jake5alt5|215\/352 brn|[from] brn
|turn|29
|c| Sharpteeth|protect the rain setter!
|c| Sharpteeth|at all costs!
|c|âfuck christmas|ayy nice burns
|
|switch|p2a: Scizor|Scizor-Mega, M|301\/343
|-damage|p2a: Scizor|259\/343|[from] Stealth Rock
|switch|p1a: DeathFodder|Politoed, M|76\/383 brn
|-weather|RainDance
|
|-weather|RainDance|[upkeep]
|-damage|p1a: DeathFodder|29\/383 brn|[from] brn
|turn|30
|join|FacuGamerOMG
|
|switch|p1a: Cosine180|Heracross-Mega, M|330\/330
|move|p2a: Scizor|Swords Dance|p2a: Scizor
|-boost|p2a: Scizor|atk|2
|
|-weather|RainDance|[upkeep]
|turn|31
|c| yrs|if this doesnt burn
|c| yrs|bp
|c| yrs|okay
|
|switch|p1a: jake5alt5|Ferrothorn, M|215\/352 brn
|move|p2a: Scizor|Bullet Punch|p1a: jake5alt5
|-resisted|p1a: jake5alt5
|-damage|p1a: jake5alt5|153\/352 brn
|-damage|p2a: Scizor|217\/343|[from] ability: Iron Barbs|[of] p1a: jake5alt5
|
|-weather|RainDance|[upkeep]
|-heal|p1a: jake5alt5|175\/352 brn|[from] item: Leftovers
|-damage|p1a: jake5alt5|131\/352 brn|[from] brn
|turn|32
|c| yrs|now sd
|c| yrs|and you have it
|c| lt6v flan|sub
|c| lt6v flan|sub\
|c| yrs|btw
|c| lt6v flan|sub\
|c| lt6v flan|sub\
|c| lt6v flan|sub\
|c| zapp.zapp|dance again
|c| lt6v flan|sub
|c| yrs|if you had bulky zor
|c| yrs|it lives
|c| yrs|cc
|
|switch|p1a: NoSwitchIns|Kingdra, F|171\/297 tox
|move|p2a: Scizor|Swords Dance|p2a: Scizor
|-boost|p2a: Scizor|atk|2
|
|-weather|RainDance|[upkeep]
|-damage|p1a: NoSwitchIns|153\/297 tox|[from] psn
|turn|33
|c| lt6v flan|sub
|c| yrs|k
|c| yrs|gg
|
|move|p2a: Scizor|Bullet Punch|p1a: NoSwitchIns
|-resisted|p1a: NoSwitchIns
|-damage|p1a: NoSwitchIns|0 fnt
|faint|p1a: NoSwitchIns
|
|-weather|RainDance|[upkeep]
|
|switch|p1a: Cosine180|Heracross-Mega, M|330\/330
|turn|34
|join|Mouzourides
|c| lt6v flan|nah
|c| How to losee|subbbbbbbbbb
|c| lt6v flan|hera takes on
|c| lt6v flan|one
|
|move|p2a: Scizor|Bullet Punch|p1a: Cosine180
|-damage|p1a: Cosine180|24\/330
|move|p1a: Cosine180|Close Combat|p2a: Scizor
|-damage|p2a: Scizor|0 fnt
|-unboost|p1a: Cosine180|def|1
|-unboost|p1a: Cosine180|spd|1
|faint|p2a: Scizor
|
|-weather|RainDance|[upkeep]
|c| yrs|it might live
|c|âfuck christmas|ahh lame
|
|switch|p2a: Latios|Latios, M|167\/301
|-damage|p2a: Latios|130\/301|[from] Stealth Rock
|turn|35
|c|âCleanerThanRotom-W|lol
|c| zapp.zapp|cross too op
|c|âCleanerThanRotom-W|cosine
|c|âCleanerThanRotom-W|our spread came thru
|c| yrs|only if i had tol dyou my spread
|c| yrs|ihave a great spread
|c| yrs|on zor
|
|switch|p1a: DeathFodder|Politoed, M|29\/383 brn
|move|p2a: Latios|Psyshock|p1a: DeathFodder
|-damage|p1a: DeathFodder|0 fnt
|-damage|p2a: Latios|100\/301|[from] item: Life Orb
|faint|p1a: DeathFodder
|
|-weather|RainDance|[upkeep]
|join|jeremy st
|c| yrs|took me like a month of calcs
|
|switch|p1a: ImAThreat|Kabutops, F|262\/262
|turn|36
|leave|jeremy st
|
|switch|p2a: Suicune|Suicune|249\/399
|-damage|p2a: Suicune|200\/399|[from] Stealth Rock
|-ability|p2a: Suicune|Pressure
|move|p1a: ImAThreat|Waterfall|p2a: Suicune
|-resisted|p2a: Suicune
|-damage|p2a: Suicune|110\/399
|-damage|p1a: ImAThreat|236\/262|[from] item: Life Orb
|
|-weather|none
|-heal|p2a: Suicune|134\/399|[from] item: Leftovers
|turn|37
|c| yrs|now we have gg
|c| IAmGingy|nah
|
|move|p1a: ImAThreat|Stone Edge|p2a: Suicune
|-damage|p2a: Suicune|0 fnt
|-damage|p1a: ImAThreat|210\/262|[from] item: Life Orb
|faint|p2a: Suicune
|
|c| yrs|lol miss
|c| How to losee|nope
|c|âfuck christmas|,,,
|c| IAmGingy|depends
|
|switch|p2a: Latios|Latios, M|100\/301
|-damage|p2a: Latios|63\/301|[from] Stealth Rock
|turn|38
|c| zapp.zapp|lati wins it from here
|c| Cosine180|no.
|c|âCleanerThanRotom-W|not really zapp
|c| IAmGingy|no...
|
|move|p1a: ImAThreat|Aqua Jet|p2a: Latios
|-resisted|p2a: Latios
|-damage|p2a: Latios|6\/301
|-damage|p1a: ImAThreat|184\/262|[from] item: Life Orb
|move|p2a: Latios|Recover|p2a: Latios
|-heal|p2a: Latios|157\/301
|
|turn|39
|c|âfuck christmas|ayyyy
|c| Banette is life|does he beat ferro?
|c|âCleanerThanRotom-W|k nvm
|c| yrs|k
|c| yrs|pls psychic
|c| yrs|pls have it
|c| IAmGingy|ah it did happen
|c| yrs|it kills
|c| IAmGingy|not bad
|c| yrs|psychock dont
|c| yrs|btw thats sp.def ferro
|
|switch|p1a: Cosine180|Heracross-Mega, M|24\/330
|move|p2a: Latios|Draco Meteor|p1a: Cosine180
|-damage|p1a: Cosine180|0 fnt
|-unboost|p2a: Latios|spa|2
|-damage|p2a: Latios|127\/301|[from] item: Life Orb
|faint|p1a: Cosine180
|
|join|Veex
|
|switch|p1a: jake5alt5|Ferrothorn, M|131\/352 brn
|turn|40
|
|move|p2a: Latios|Recover|p2a: Latios
|-heal|p2a: Latios|278\/301
|move|p1a: jake5alt5|Leech Seed|p2a: Latios
|-start|p2a: Latios|move: Leech Seed
|
|-heal|p1a: jake5alt5|153\/352 brn|[from] item: Leftovers
|-damage|p2a: Latios|241\/301|[from] Leech Seed|[of] p1a: jake5alt5
|-heal|p1a: jake5alt5|190\/352 brn|[silent]
|-damage|p1a: jake5alt5|146\/352 brn|[from] brn
|turn|41
|c| Banette is life|that special drop tho
|c| zapp.zapp|ok thats gg
|join|Dylan0
|c| Cosine180|why wouldnt u psyshock
|c|âfuck christmas|fuck
|
|move|p2a: Latios|Psyshock|p1a: jake5alt5
|-resisted|p1a: jake5alt5
|-damage|p1a: jake5alt5|119\/352 brn
|-damage|p2a: Latios|211\/301|[from] item: Life Orb
|move|p1a: jake5alt5|Gyro Ball|p2a: Latios
|-damage|p2a: Latios|111\/301
|
|-heal|p1a: jake5alt5|141\/352 brn|[from] item: Leftovers
|-damage|p2a: Latios|74\/301|[from] Leech Seed|[of] p1a: jake5alt5
|-heal|p1a: jake5alt5|178\/352 brn|[silent]
|-damage|p1a: jake5alt5|134\/352 brn|[from] brn
|turn|42
|c| Cosine180|earlier
|c|âfuck christmas|psychock doesn't kill
|leave|Dylan0
|c| Cosine180|kabu?
|c|âCleanerThanRotom-W|^
|c|âfuck christmas|20 percent to kill
|c| Cosine180|from 71%?
|join|Dylan0
|c| yrs|yes
|c|âCleanerThanRotom-W|tbh
|c| yrs|ill shoe you calc
|c|âCleanerThanRotom-W|u had to risk it
|c|âCleanerThanRotom-W|lol
|c|âfuck christmas|does 65 to 73
|join|FEARSOME MAW
|c|âCleanerThanRotom-W|otherwise this happens
|c|âfuck christmas|it was at 71
|c| Cosine180|oh wow it was aroll
|c| Cosine180|ya
|
|move|p2a: Latios|Recover|p2a: Latios
|-heal|p2a: Latios|225\/301
|move|p1a: jake5alt5|Gyro Ball|p2a: Latios
|-damage|p2a: Latios|125\/301
|
|-heal|p1a: jake5alt5|156\/352 brn|[from] item: Leftovers
|-damage|p2a: Latios|88\/301|[from] Leech Seed|[of] p1a: jake5alt5
|-heal|p1a: jake5alt5|193\/352 brn|[silent]
|-damage|p1a: jake5alt5|149\/352 brn|[from] brn
|turn|43
|c| yrs|thats why we un psychic
|c| yrs|ladies and gents
|
|move|p2a: Latios|Recover|p2a: Latios
|-heal|p2a: Latios|239\/301
|move|p1a: jake5alt5|Gyro Ball|p2a: Latios
|-damage|p2a: Latios|146\/301
|
|-heal|p1a: jake5alt5|171\/352 brn|[from] item: Leftovers
|-damage|p2a: Latios|109\/301|[from] Leech Seed|[of] p1a: jake5alt5
|-heal|p1a: jake5alt5|208\/352 brn|[silent]
|-damage|p1a: jake5alt5|164\/352 brn|[from] brn
|turn|44
|c|âfuck christmas|yeah gg
|join|Demandred
|c|âfuck christmas|:]
|c|âCleanerThanRotom-W|gg
|-message|fuck christmas forfeited.
|
|win|CleanerThanRotom-W
|c|âCleanerThanRotom-W|:J
|leave|CleanerThanRotom-W
|player|p1
|leave|Veex
|leave|bald guy
|leave|fuck christmas
|player|p2
|leave|Dylan0
|leave|sweet Rikku
|leave|FacuGamerOMG
|leave|Cosine180
|leave|IAmGingy
|leave|Banette is life
|leave|Sharpteeth
|leave|Demandred
|leave|Timid Quil
|leave|dfgjhrt
|leave|zapp.zapp
|leave|Lurk God
|leave|TheHannt
|leave|lt6v flan
|leave|MawileApocalypse
|leave|adoYx
|leave|hxh zx
|leave|Ill leave