|join|Tappor v2
|join|fuck christmas
|player|p1|Tappor v2|146
|player|p2|fuck christmas|281
|gametype|singles
|gen|6
|tier|OU (suspect test)
|rated
|clearpoke
|poke|p1|Cryogonal
|poke|p1|Sableye, M
|poke|p1|Clefable, M
|poke|p1|Seismitoad, M
|poke|p1|Slowbro, M
|poke|p1|Breloom, F
|poke|p2|Thundurus, M
|poke|p2|Scizor, M
|poke|p2|Diancie
|poke|p2|Infernape, M
|poke|p2|Keldeo-Resolute
|poke|p2|Diggersby, M
|rule|Swagger Clause: Swagger is banned
|rule|Baton Pass Clause: Limit one PokÃ©mon knowing Baton Pass
|rule|Sleep Clause Mod: Limit one foe put to sleep
|rule|Species Clause: Limit one of each PokÃ©mon
|rule|OHKO Clause: OHKO moves are banned
|rule|Moody Clause: Moody is banned
|rule|Evasion Moves Clause: Evasion moves are banned
|rule|Endless Battle Clause: Forcing endless battles is banned
|rule|HP Percentage Mod: HP is shown in percentages
|teampreview
|
|start
|switch|p1a: Seismitoad|Seismitoad, M|414\/414
|switch|p2a: Infernape|Infernape, M|293\/293
|turn|1
|
|move|p2a: Infernape|Taunt|p1a: Seismitoad
|-start|p1a: Seismitoad|move: Taunt
|cant|p1a: Seismitoad|move: Taunt|Stealth Rock
|
|turn|2
|
|move|p2a: Infernape|Stealth Rock|p1a: Seismitoad
|-sidestart|p1: Tappor v2|move: Stealth Rock
|move|p1a: Seismitoad|Earth Power|p2a: Infernape
|-supereffective|p2a: Infernape
|-damage|p2a: Infernape|33\/293
|
|turn|3
|
|switch|p1a: Slowbro|Slowbro, M|393\/393
|-damage|p1a: Slowbro|344\/393|[from] Stealth Rock
|move|p2a: Infernape|Close Combat|p1a: Slowbro
|-resisted|p1a: Slowbro
|-damage|p1a: Slowbro|284\/393
|-damage|p2a: Infernape|0 fnt|[from] item: Rocky Helmet|[of] p1a: Slowbro
|faint|p2a: Infernape
|
|
|switch|p2a: Scizor|Scizor, M|298\/298
|turn|4
|
|switch|p1a: Clefable|Clefable, M|394\/394
|move|p2a: Scizor|U-turn|p1a: Clefable
|-crit|p1a: Clefable
|-resisted|p1a: Clefable
|-damage|p1a: Clefable|258\/394
|
|switch|p2a: Diggersby|Diggersby, M|311\/311
|
|-heal|p1a: Clefable|282\/394|[from] item: Leftovers
|turn|5
|
|switch|p1a: Slowbro|Slowbro, M|393\/393
|-damage|p1a: Slowbro|344\/393|[from] Stealth Rock
|move|p2a: Diggersby|Earthquake|p1a: Slowbro
|-damage|p1a: Slowbro|153\/393
|-damage|p2a: Diggersby|280\/311|[from] item: Life Orb
|
|turn|6
|
|switch|p1a: Sableye|Sableye, M|304\/304
|-damage|p1a: Sableye|266\/304|[from] Stealth Rock
|move|p2a: Diggersby|Frustration|p1a: Sableye
|-immune|p1a: Sableye|[msg]
|
|turn|7
|
|switch|p2a: Thundurus|Thundurus, M|299\/299
|move|p1a: Sableye|Will-O-Wisp|p2a: Thundurus|[miss]
|-miss|p1a: Sableye|p2a: Thundurus
|
|turn|8
|
|switch|p1a: Seismitoad|Seismitoad, M|414\/414
|-damage|p1a: Seismitoad|389\/414|[from] Stealth Rock
|move|p2a: Thundurus|Taunt|p1a: Seismitoad
|-start|p1a: Seismitoad|move: Taunt
|
|-heal|p1a: Seismitoad|414\/414|[from] item: Leftovers
|turn|9
|
|switch|p2a: Keldeo-Resolute|Keldeo-Resolute|323\/323
|move|p1a: Seismitoad|Scald|p2a: Keldeo-Resolute
|-resisted|p2a: Keldeo-Resolute
|-damage|p2a: Keldeo-Resolute|278\/323
|
|turn|10
|
|switch|p2a: Diancie|Diancie|241\/241
|move|p1a: Seismitoad|Scald|p2a: Diancie
|-supereffective|p2a: Diancie
|-damage|p2a: Diancie|127\/241
|-status|p2a: Diancie|brn
|
|-damage|p2a: Diancie|97\/241 brn|[from] brn
|turn|11
|
|detailschange|p2a: Diancie|Diancie-Mega
|-mega|p2a: Diancie|Diancie|Diancite
|move|p2a: Diancie|Moonblast|p1a: Seismitoad
|-crit|p1a: Seismitoad
|-damage|p1a: Seismitoad|29\/414
|move|p1a: Seismitoad|Earth Power|p2a: Diancie
|-supereffective|p2a: Diancie
|-damage|p2a: Diancie|0 fnt
|faint|p2a: Diancie
|
|-heal|p1a: Seismitoad|54\/414|[from] item: Leftovers
|-end|p1a: Seismitoad|move: Taunt
|
|switch|p2a: Thundurus|Thundurus, M|299\/299
|turn|12
|
|switch|p1a: Cryogonal|Cryogonal|281\/281
|-damage|p1a: Cryogonal|211\/281|[from] Stealth Rock
|move|p2a: Thundurus|Hidden Power|p1a: Cryogonal
|-resisted|p1a: Cryogonal
|-damage|p1a: Cryogonal|186\/281
|
|turn|13
|
|move|p1a: Cryogonal|Freeze-Dry|p2a: Thundurus
|-supereffective|p2a: Thundurus
|-damage|p2a: Thundurus|59\/299
|move|p2a: Thundurus|Volt Switch|p1a: Cryogonal
|-damage|p1a: Cryogonal|71\/281
|
|switch|p2a: Scizor|Scizor, M|298\/298
|
|turn|14
|
|move|p1a: Cryogonal|Freeze-Dry|p2a: Scizor
|-resisted|p2a: Scizor
|-damage|p2a: Scizor|239\/298
|move|p2a: Scizor|U-turn|p1a: Cryogonal
|-damage|p1a: Cryogonal|0 fnt
|faint|p1a: Cryogonal
|
|switch|p2a: Thundurus|Thundurus, M|59\/299
|
|
|switch|p1a: Breloom|Breloom, F|261\/261
|-damage|p1a: Breloom|245\/261|[from] Stealth Rock
|turn|15
|
|switch|p2a: Scizor|Scizor, M|239\/298
|move|p1a: Breloom|Mach Punch|p2a: Scizor
|-damage|p2a: Scizor|109\/298
|-damage|p1a: Breloom|219\/261|[from] item: Life Orb
|
|turn|16
|
|move|p1a: Breloom|Mach Punch|p2a: Scizor
|-damage|p2a: Scizor|0 fnt
|-damage|p1a: Breloom|193\/261|[from] item: Life Orb
|faint|p2a: Scizor
|
|
|switch|p2a: Keldeo-Resolute|Keldeo-Resolute|278\/323
|turn|17
|
|switch|p2a: Thundurus|Thundurus, M|59\/299
|switch|p1a: Seismitoad|Seismitoad, M|54\/414
|-damage|p1a: Seismitoad|29\/414|[from] Stealth Rock
|
|-heal|p1a: Seismitoad|54\/414|[from] item: Leftovers
|turn|18
|
|move|p2a: Thundurus|Hidden Power|p1a: Seismitoad
|-damage|p1a: Seismitoad|0 fnt
|faint|p1a: Seismitoad
|
|
|switch|p1a: Breloom|Breloom, F|193\/261
|-damage|p1a: Breloom|177\/261|[from] Stealth Rock
|turn|19
|
|switch|p2a: Keldeo-Resolute|Keldeo-Resolute|278\/323
|move|p1a: Breloom|Mach Punch|p2a: Keldeo-Resolute
|-damage|p2a: Keldeo-Resolute|130\/323
|-damage|p1a: Breloom|151\/261|[from] item: Life Orb
|
|turn|20
|
|move|p1a: Breloom|Mach Punch|p2a: Keldeo-Resolute
|-damage|p2a: Keldeo-Resolute|0 fnt
|-damage|p1a: Breloom|125\/261|[from] item: Life Orb
|faint|p2a: Keldeo-Resolute
|
|
|switch|p2a: Diggersby|Diggersby, M|280\/311
|turn|21
|
|move|p1a: Breloom|Mach Punch|p2a: Diggersby
|-supereffective|p2a: Diggersby
|-damage|p2a: Diggersby|0 fnt
|-damage|p1a: Breloom|99\/261|[from] item: Life Orb
|faint|p2a: Diggersby
|
|
|switch|p2a: Thundurus|Thundurus, M|59\/299
|turn|22
|
|move|p1a: Breloom|Mach Punch|p2a: Thundurus
|-resisted|p2a: Thundurus
|-damage|p2a: Thundurus|0 fnt
|-damage|p1a: Breloom|73\/261|[from] item: Life Orb
|faint|p2a: Thundurus
|
|win|Tappor v2
|raw|Ladder updating...
|raw|Tappor v2's rating: 1402 &rarr; <strong>1424<\/strong><br \/>(+22 for winning)
|raw|fuck christmas's rating: 1427 &rarr; <strong>1406<\/strong><br \/>(-21 for losing)
|leave|fuck christmas
|player|p2