|join|fuck christmas
|join|lil manaphy
|player|p1|fuck christmas|281
|player|p2|lil manaphy|34
|gametype|singles
|gen|6
|tier|OU (suspect test)
|rated
|clearpoke
|poke|p1|Pinsir, F
|poke|p1|Keldeo
|poke|p1|Excadrill, F
|poke|p1|Gengar, F
|poke|p1|Thundurus, M
|poke|p1|Scizor, F
|poke|p2|Diancie
|poke|p2|Ferrothorn, F
|poke|p2|Wobbuffet, M
|poke|p2|Landorus-Therian, M
|poke|p2|Conkeldurr, F
|poke|p2|Mandibuzz, F
|rule|Swagger Clause: Swagger is banned
|rule|Baton Pass Clause: Limit one PokÃ©mon knowing Baton Pass
|rule|Sleep Clause Mod: Limit one foe put to sleep
|rule|Species Clause: Limit one of each PokÃ©mon
|rule|OHKO Clause: OHKO moves are banned
|rule|Moody Clause: Moody is banned
|rule|Evasion Moves Clause: Evasion moves are banned
|rule|Endless Battle Clause: Forcing endless battles is banned
|rule|HP Percentage Mod: HP is shown in percentages
|teampreview
|
|start
|switch|p1a: Thundurus|Thundurus, M|299\/299
|switch|p2a: Conkeldurr|Conkeldurr, F|352\/352
|turn|1
|
|move|p1a: Thundurus|Volt Switch|p2a: Conkeldurr
|-crit|p2a: Conkeldurr
|-damage|p2a: Conkeldurr|204\/352
|
|switch|p1a: Keldeo|Keldeo|323\/323
|move|p2a: Conkeldurr|Knock Off|p1a: Keldeo
|-resisted|p1a: Keldeo
|-damage|p1a: Keldeo|254\/323
|-boost|p1a: Keldeo|atk|1|[from] ability: Justified
|-enditem|p1a: Keldeo|Life Orb|[from] move: Knock Off|[of] p2a: Conkeldurr
|
|turn|2
|
|switch|p1a: Thundurus|Thundurus, M|299\/299
|move|p2a: Conkeldurr|Drain Punch|p1a: Thundurus
|-crit|p1a: Thundurus
|-resisted|p1a: Thundurus
|-damage|p1a: Thundurus|130\/299
|-heal|p2a: Conkeldurr|289\/352|[from] drain|[of] p1a: Thundurus
|
|turn|3
|
|move|p1a: Thundurus|Volt Switch|p2a: Conkeldurr
|-damage|p2a: Conkeldurr|189\/352
|
|switch|p1a: Scizor|Scizor, F|343\/343
|move|p2a: Conkeldurr|Drain Punch|p1a: Scizor
|-damage|p1a: Scizor|199\/343
|-heal|p2a: Conkeldurr|261\/352|[from] drain|[of] p1a: Scizor
|
|turn|4
|
|move|p1a: Scizor|Bullet Punch|p2a: Conkeldurr
|-damage|p2a: Conkeldurr|68\/352
|move|p2a: Conkeldurr|Drain Punch|p1a: Scizor
|-damage|p1a: Scizor|34\/343
|-heal|p2a: Conkeldurr|151\/352|[from] drain|[of] p1a: Scizor
|
|turn|5
|
|switch|p1a: Keldeo|Keldeo|254\/323
|switch|p2a: Ferrothorn|Ferrothorn, F|352\/352
|
|turn|6
|
|move|p1a: Keldeo|Taunt|p2a: Ferrothorn
|-start|p2a: Ferrothorn|move: Taunt
|move|p2a: Ferrothorn|Power Whip|p1a: Keldeo
|-supereffective|p1a: Keldeo
|-damage|p1a: Keldeo|0 fnt
|faint|p1a: Keldeo
|
|
|switch|p1a: Gengar|Gengar, F|261\/261
|turn|7
|
|switch|p2a: Conkeldurr|Conkeldurr, F|151\/352
|move|p1a: Gengar|Focus Blast|p2a: Conkeldurr|[miss]
|-miss|p1a: Gengar|p2a: Conkeldurr
|
|turn|8
|
|move|p1a: Gengar|Focus Blast|p2a: Conkeldurr|[miss]
|-miss|p1a: Gengar|p2a: Conkeldurr
|move|p2a: Conkeldurr|Knock Off|p1a: Gengar
|-supereffective|p1a: Gengar
|-damage|p1a: Gengar|0 fnt
|-enditem|p1a: Gengar|Choice Scarf|[from] move: Knock Off|[of] p2a: Conkeldurr
|faint|p1a: Gengar
|
|
|switch|p1a: Pinsir|Pinsir, F|271\/271
|turn|9
|
|switch|p2a: Mandibuzz|Mandibuzz, F|424\/424
|detailschange|p1a: Pinsir|Pinsir-Mega, F
|-mega|p1a: Pinsir|Pinsir|Pinsirite
|move|p1a: Pinsir|Frustration|p2a: Mandibuzz
|-damage|p2a: Mandibuzz|201\/424
|
|-heal|p2a: Mandibuzz|227\/424|[from] item: Leftovers
|turn|10
|
|move|p1a: Pinsir|Frustration|p2a: Mandibuzz
|-damage|p2a: Mandibuzz|25\/424
|move|p2a: Mandibuzz|Roost|p2a: Mandibuzz
|-heal|p2a: Mandibuzz|237\/424
|
|-heal|p2a: Mandibuzz|263\/424|[from] item: Leftovers
|turn|11
|
|switch|p1a: Thundurus|Thundurus, M|130\/299
|move|p2a: Mandibuzz|Foul Play|p1a: Thundurus
|-damage|p1a: Thundurus|0 fnt
|faint|p1a: Thundurus
|
|-heal|p2a: Mandibuzz|289\/424|[from] item: Leftovers
|
|switch|p1a: Excadrill|Excadrill, F|361\/361
|-item|p1a: Excadrill|Air Balloon
|turn|12
|c|âfuck christmas|rofl
|c|âfuck christmas|gettin 6-0ed by mana
|c|âfuck christmas|I must
|c|âfuck christmas|really
|c|âfuck christmas|suck
|c|âfuck christmas|:')
|-message|fuck christmas forfeited.
|leave|fuck christmas
|
|win|lil manaphy
|raw|Ladder updating...
|player|p1
|raw|fuck christmas's rating: 1422 &rarr; <strong>1402<\/strong><br \/>(-20 for losing)
|raw|lil manaphy's rating: 1429 &rarr; <strong>1449<\/strong><br \/>(+20 for winning)