|join|PKMN Trainer JW
|join|fuck christmas
|player|p1|PKMN Trainer JW|240
|player|p2|fuck christmas|281
|gametype|singles
|gen|6
|tier|OU (suspect test)
|rated
|clearpoke
|poke|p1|Umbreon, M, shiny
|poke|p1|Gengar, M
|poke|p1|Infernape, M
|poke|p1|Garchomp, M
|poke|p1|Blastoise, M
|poke|p1|Mawile, F
|poke|p2|Terrakion
|poke|p2|Reuniclus, M
|poke|p2|Scizor, F
|poke|p2|Manaphy
|poke|p2|Deoxys-Speed
|poke|p2|Garchomp, F
|rule|Swagger Clause: Swagger is banned
|rule|Baton Pass Clause: Limit 3 pokemon knowing Baton Pass
|rule|Sleep Clause Mod: Limit one foe put to sleep
|rule|Species Clause: Limit one of each Pokemon
|rule|OHKO Clause: OHKO moves are banned
|rule|Moody Clause: Moody is banned
|rule|Evasion Moves Clause: Evasion moves are banned
|rule|Endless Battle Clause: Forcing endless battles is banned
|rule|HP Percentage Mod: HP is reported as percentages
|teampreview
|
|start
|switch|p1a: Iron Maiden|Mawile, F|303\/303
|switch|p2a: Deoxys-Speed|Deoxys-Speed|299\/299
|-ability|p2a: Deoxys-Speed|Pressure
|-ability|p1a: Iron Maiden|Intimidate|[of] p2a: Deoxys-Speed
|-unboost|p2a: Deoxys-Speed|atk|1
|turn|1
|
|detailschange|p1a: Iron Maiden|Mawile-Mega, F
|message|Mawile has Mega Evolved into Mega Mawile!
|move|p2a: Deoxys-Speed|Taunt|p1a: Iron Maiden
|-start|p1a: Iron Maiden|move: Taunt
|move|p1a: Iron Maiden|Play Rough|p2a: Deoxys-Speed|[miss]
|-miss|p1a: Iron Maiden|p2a: Deoxys-Speed
|
|turn|2
|
|move|p2a: Deoxys-Speed|Stealth Rock|p1a: Iron Maiden
|-sidestart|p1: PKMN Trainer JW|move: Stealth Rock
|move|p1a: Iron Maiden|Play Rough|p2a: Deoxys-Speed
|-crit|p2a: Deoxys-Speed
|-enditem|p2a: Deoxys-Speed|Focus Sash
|-damage|p2a: Deoxys-Speed|1\/299
|
|turn|3
|
|switch|p2a: Scizor|Scizor, F|339\/339
|switch|p1a: Wallturtle|Blastoise, M|361\/361
|-damage|p1a: Wallturtle|316\/361|[from] Stealth Rock
|
|turn|4
|
|switch|p2a: Manaphy|Manaphy|341\/341
|move|p1a: Wallturtle|Rapid Spin|p2a: Manaphy
|-damage|p2a: Manaphy|330\/341
|-sideend|p1: PKMN Trainer JW|Stealth Rock|[from] move: Rapid Spin|[of] p1a: Wallturtle
|
|-heal|p2a: Manaphy|341\/341|[from] item: Leftovers
|turn|5
|
|switch|p1a: Iron Maiden|Mawile-Mega, F|303\/303
|move|p2a: Manaphy|Tail Glow|p2a: Manaphy
|-boost|p2a: Manaphy|spa|3
|
|turn|6
|
|move|p1a: Iron Maiden|Sucker Punch|p2a: Manaphy
|-damage|p2a: Manaphy|164\/341
|move|p2a: Manaphy|Surf|p1a: Iron Maiden
|-damage|p1a: Iron Maiden|0 fnt
|faint|p1a: Iron Maiden
|
|-heal|p2a: Manaphy|185\/341|[from] item: Leftovers
|
|switch|p1a: Nape|Infernape, M|293\/293
|turn|7
|
|switch|p2a: Reuniclus|Reuniclus, M|424\/424
|move|p1a: Nape|Fake Out|p2a: Reuniclus
|-damage|p2a: Reuniclus|387\/424
|
|turn|8
|
|switch|p2a: Terrakion|Terrakion|323\/323
|move|p1a: Nape|Stealth Rock|p2a: Terrakion
|-sidestart|p2: fuck christmas|move: Stealth Rock
|
|turn|9
|
|switch|p2a: Reuniclus|Reuniclus, M|387\/424
|move|p1a: Nape|Close Combat|p2a: Reuniclus
|-resisted|p2a: Reuniclus
|-damage|p2a: Reuniclus|301\/424
|-unboost|p1a: Nape|def|1
|-unboost|p1a: Nape|spd|1
|
|turn|10
|
|switch|p1a: Black Sabbath|Umbreon, M, shiny|393\/393
|move|p2a: Reuniclus|Psyshock|p1a: Black Sabbath
|-immune|p1a: Black Sabbath|[msg]
|
|turn|11
|
|switch|p2a: Deoxys-Speed|Deoxys-Speed|1\/299
|-damage|p2a: Deoxys-Speed|0 fnt|[from] Stealth Rock
|faint|p2a: Deoxys-Speed
|move|p1a: Black Sabbath|Wish|p1a: Black Sabbath
|
|
|switch|p2a: Terrakion|Terrakion|323\/323
|-damage|p2a: Terrakion|303\/323|[from] Stealth Rock
|turn|12
|
|switch|p1a: Wallturtle|Blastoise, M|316\/361
|move|p2a: Terrakion|Close Combat|p1a: Wallturtle
|-damage|p1a: Wallturtle|109\/361
|-damage|p2a: Terrakion|250\/323|[from] item: Rocky Helmet|[of] p1a: Wallturtle
|-unboost|p2a: Terrakion|def|1
|-unboost|p2a: Terrakion|spd|1
|-damage|p2a: Terrakion|218\/323|[from] item: Life Orb
|
|-heal|p1a: Wallturtle|305\/361|[from] move: Wish|[wisher] Black Sabbath
|turn|13
|
|switch|p2a: Reuniclus|Reuniclus, M|301\/424
|move|p1a: Wallturtle|Scald|p2a: Reuniclus
|-damage|p2a: Reuniclus|201\/424
|
|turn|14
|
|switch|p1a: Black Sabbath|Umbreon, M, shiny|393\/393
|move|p2a: Reuniclus|Recover|p2a: Reuniclus
|-heal|p2a: Reuniclus|413\/424
|
|turn|15
|
|switch|p2a: Scizor|Scizor, F|339\/339
|-damage|p2a: Scizor|297\/339|[from] Stealth Rock
|move|p1a: Black Sabbath|Wish|p1a: Black Sabbath
|
|turn|16
|
|switch|p1a: Wallturtle|Blastoise, M|305\/361
|detailschange|p2a: Scizor|Scizor-Mega, F
|message|Scizor has Mega Evolved into Mega Scizor!
|move|p2a: Scizor|Knock Off|p1a: Wallturtle
|-damage|p1a: Wallturtle|200\/361
|-damage|p2a: Scizor|241\/339|[from] item: Rocky Helmet|[of] p1a: Wallturtle
|-enditem|p1a: Wallturtle|Rocky Helmet|[from] move: Knock Off|[of] p2a: Scizor
|
|-heal|p1a: Wallturtle|361\/361|[from] move: Wish|[wisher] Black Sabbath
|turn|17
|
|switch|p2a: Reuniclus|Reuniclus, M|413\/424
|move|p1a: Wallturtle|Scald|p2a: Reuniclus
|-damage|p2a: Reuniclus|314\/424
|
|turn|18
|
|switch|p1a: Black Sabbath|Umbreon, M, shiny|393\/393
|move|p2a: Reuniclus|Calm Mind|p2a: Reuniclus
|-boost|p2a: Reuniclus|spa|1
|-boost|p2a: Reuniclus|spd|1
|
|turn|19
|
|move|p1a: Black Sabbath|Wish|p1a: Black Sabbath
|move|p2a: Reuniclus|Shadow Ball|p1a: Black Sabbath
|-resisted|p1a: Black Sabbath
|-damage|p1a: Black Sabbath|348\/393
|
|-heal|p1a: Black Sabbath|372\/393|[from] item: Leftovers
|turn|20
|
|move|p1a: Black Sabbath|Foul Play|p2a: Reuniclus
|-supereffective|p2a: Reuniclus
|-damage|p2a: Reuniclus|198\/424
|move|p2a: Reuniclus|Psyshock|p1a: Black Sabbath
|-immune|p1a: Black Sabbath|[msg]
|
|-heal|p1a: Black Sabbath|393\/393|[from] move: Wish|[wisher] Black Sabbath
|turn|21
|
|move|p1a: Black Sabbath|Wish|p1a: Black Sabbath
|move|p2a: Reuniclus|Recover|p2a: Reuniclus
|-heal|p2a: Reuniclus|410\/424
|
|turn|22
|
|move|p1a: Black Sabbath|Foul Play|p2a: Reuniclus
|-supereffective|p2a: Reuniclus
|-damage|p2a: Reuniclus|294\/424
|move|p2a: Reuniclus|Calm Mind|p2a: Reuniclus
|-boost|p2a: Reuniclus|spa|1
|-boost|p2a: Reuniclus|spd|1
|
|turn|23
|
|move|p1a: Black Sabbath|Foul Play|p2a: Reuniclus
|-supereffective|p2a: Reuniclus
|-damage|p2a: Reuniclus|166\/424
|move|p2a: Reuniclus|Calm Mind|p2a: Reuniclus
|-boost|p2a: Reuniclus|spa|1
|-boost|p2a: Reuniclus|spd|1
|
|turn|24
|
|move|p1a: Black Sabbath|Foul Play|p2a: Reuniclus
|-supereffective|p2a: Reuniclus
|-damage|p2a: Reuniclus|52\/424
|move|p2a: Reuniclus|Recover|p2a: Reuniclus
|-heal|p2a: Reuniclus|264\/424
|
|turn|25
|
|move|p1a: Black Sabbath|Foul Play|p2a: Reuniclus
|-supereffective|p2a: Reuniclus
|-damage|p2a: Reuniclus|138\/424
|move|p2a: Reuniclus|Recover|p2a: Reuniclus
|-heal|p2a: Reuniclus|350\/424
|
|turn|26
|
|move|p1a: Black Sabbath|Foul Play|p2a: Reuniclus
|-supereffective|p2a: Reuniclus
|-damage|p2a: Reuniclus|230\/424
|move|p2a: Reuniclus|Calm Mind|p2a: Reuniclus
|-boost|p2a: Reuniclus|spa|1
|-boost|p2a: Reuniclus|spd|1
|
|turn|27
|
|move|p1a: Black Sabbath|Foul Play|p2a: Reuniclus
|-supereffective|p2a: Reuniclus
|-damage|p2a: Reuniclus|108\/424
|move|p2a: Reuniclus|Recover|p2a: Reuniclus
|-heal|p2a: Reuniclus|320\/424
|
|turn|28
|
|move|p1a: Black Sabbath|Foul Play|p2a: Reuniclus
|-supereffective|p2a: Reuniclus
|-damage|p2a: Reuniclus|198\/424
|move|p2a: Reuniclus|Recover|p2a: Reuniclus
|-heal|p2a: Reuniclus|410\/424
|
|turn|29
|
|move|p1a: Black Sabbath|Foul Play|p2a: Reuniclus
|-supereffective|p2a: Reuniclus
|-damage|p2a: Reuniclus|282\/424
|move|p2a: Reuniclus|Calm Mind|p2a: Reuniclus
|-boost|p2a: Reuniclus|spa|1
|-boost|p2a: Reuniclus|spd|1
|
|turn|30
|
|move|p1a: Black Sabbath|Foul Play|p2a: Reuniclus
|-supereffective|p2a: Reuniclus
|-damage|p2a: Reuniclus|162\/424
|move|p2a: Reuniclus|Calm Mind|p2a: Reuniclus
|-boost|p2a: Reuniclus|spa|1
|-boost|p2a: Reuniclus|spd|1
|
|turn|31
|
|move|p1a: Black Sabbath|Foul Play|p2a: Reuniclus
|-supereffective|p2a: Reuniclus
|-damage|p2a: Reuniclus|30\/424
|move|p2a: Reuniclus|Recover|p2a: Reuniclus
|-heal|p2a: Reuniclus|242\/424
|
|turn|32
|
|move|p1a: Black Sabbath|Foul Play|p2a: Reuniclus
|-supereffective|p2a: Reuniclus
|-damage|p2a: Reuniclus|110\/424
|move|p2a: Reuniclus|Recover|p2a: Reuniclus
|-heal|p2a: Reuniclus|322\/424
|
|turn|33
|
|move|p1a: Black Sabbath|Foul Play|p2a: Reuniclus
|-supereffective|p2a: Reuniclus
|-damage|p2a: Reuniclus|188\/424
|move|p2a: Reuniclus|Recover|p2a: Reuniclus
|-heal|p2a: Reuniclus|400\/424
|
|turn|34
|
|move|p1a: Black Sabbath|Foul Play|p2a: Reuniclus
|-supereffective|p2a: Reuniclus
|-damage|p2a: Reuniclus|286\/424
|move|p2a: Reuniclus|Shadow Ball|p1a: Black Sabbath
|-resisted|p1a: Black Sabbath
|-damage|p1a: Black Sabbath|268\/393
|
|-heal|p1a: Black Sabbath|292\/393|[from] item: Leftovers
|turn|35
|
|move|p1a: Black Sabbath|Foul Play|p2a: Reuniclus
|-supereffective|p2a: Reuniclus
|-damage|p2a: Reuniclus|160\/424
|move|p2a: Reuniclus|Recover|p2a: Reuniclus
|-heal|p2a: Reuniclus|372\/424
|
|-heal|p1a: Black Sabbath|316\/393|[from] item: Leftovers
|turn|36
|
|move|p1a: Black Sabbath|Foul Play|p2a: Reuniclus
|-crit|p2a: Reuniclus
|-supereffective|p2a: Reuniclus
|-damage|p2a: Reuniclus|192\/424
|move|p2a: Reuniclus|Shadow Ball|p1a: Black Sabbath
|-resisted|p1a: Black Sabbath
|-damage|p1a: Black Sabbath|193\/393
|
|-heal|p1a: Black Sabbath|217\/393|[from] item: Leftovers
|turn|37
|
|move|p1a: Black Sabbath|Foul Play|p2a: Reuniclus
|-supereffective|p2a: Reuniclus
|-damage|p2a: Reuniclus|64\/424
|move|p2a: Reuniclus|Recover|p2a: Reuniclus
|-heal|p2a: Reuniclus|276\/424
|
|-heal|p1a: Black Sabbath|241\/393|[from] item: Leftovers
|turn|38
|
|move|p1a: Black Sabbath|Foul Play|p2a: Reuniclus
|-supereffective|p2a: Reuniclus
|-damage|p2a: Reuniclus|148\/424
|move|p2a: Reuniclus|Recover|p2a: Reuniclus
|-heal|p2a: Reuniclus|360\/424
|
|-heal|p1a: Black Sabbath|265\/393|[from] item: Leftovers
|turn|39
|
|move|p1a: Black Sabbath|Wish|p1a: Black Sabbath
|move|p2a: Reuniclus|Shadow Ball|p1a: Black Sabbath
|-resisted|p1a: Black Sabbath
|-damage|p1a: Black Sabbath|156\/393
|-unboost|p1a: Black Sabbath|spd|1
|
|-heal|p1a: Black Sabbath|180\/393|[from] item: Leftovers
|turn|40
|
|move|p1a: Black Sabbath|Foul Play|p2a: Reuniclus
|-supereffective|p2a: Reuniclus
|-damage|p2a: Reuniclus|234\/424
|move|p2a: Reuniclus|Shadow Ball|p1a: Black Sabbath
|-resisted|p1a: Black Sabbath
|-damage|p1a: Black Sabbath|15\/393
|
|-heal|p1a: Black Sabbath|211\/393|[from] move: Wish|[wisher] Black Sabbath
|-heal|p1a: Black Sabbath|235\/393|[from] item: Leftovers
|turn|41
|
|move|p1a: Black Sabbath|Wish|p1a: Black Sabbath
|move|p2a: Reuniclus|Recover|p2a: Reuniclus
|-heal|p2a: Reuniclus|424\/424
|
|-heal|p1a: Black Sabbath|259\/393|[from] item: Leftovers
|turn|42
|
|move|p1a: Black Sabbath|Foul Play|p2a: Reuniclus
|-supereffective|p2a: Reuniclus
|-damage|p2a: Reuniclus|292\/424
|move|p2a: Reuniclus|Shadow Ball|p1a: Black Sabbath
|-resisted|p1a: Black Sabbath
|-damage|p1a: Black Sabbath|94\/393
|
|-heal|p1a: Black Sabbath|290\/393|[from] move: Wish|[wisher] Black Sabbath
|-heal|p1a: Black Sabbath|314\/393|[from] item: Leftovers
|turn|43
|
|move|p1a: Black Sabbath|Foul Play|p2a: Reuniclus
|-supereffective|p2a: Reuniclus
|-damage|p2a: Reuniclus|172\/424
|move|p2a: Reuniclus|Shadow Ball|p1a: Black Sabbath
|-resisted|p1a: Black Sabbath
|-damage|p1a: Black Sabbath|122\/393
|
|-heal|p1a: Black Sabbath|146\/393|[from] item: Leftovers
|turn|44
|
|move|p1a: Black Sabbath|Foul Play|p2a: Reuniclus
|-supereffective|p2a: Reuniclus
|-damage|p2a: Reuniclus|52\/424
|move|p2a: Reuniclus|Recover|p2a: Reuniclus
|-heal|p2a: Reuniclus|264\/424
|
|-heal|p1a: Black Sabbath|170\/393|[from] item: Leftovers
|turn|45
|
|move|p1a: Black Sabbath|Protect|p1a: Black Sabbath
|-singleturn|p1a: Black Sabbath|Protect
|move|p2a: Reuniclus|Shadow Ball|p1a: Black Sabbath
|-activate|p1a: Black Sabbath|Protect
|
|-heal|p1a: Black Sabbath|194\/393|[from] item: Leftovers
|turn|46
|
|move|p1a: Black Sabbath|Wish|p1a: Black Sabbath
|move|p2a: Reuniclus|Recover|p2a: Reuniclus
|-heal|p2a: Reuniclus|424\/424
|
|-heal|p1a: Black Sabbath|218\/393|[from] item: Leftovers
|turn|47
|
|move|p1a: Black Sabbath|Foul Play|p2a: Reuniclus
|-supereffective|p2a: Reuniclus
|-damage|p2a: Reuniclus|296\/424
|move|p2a: Reuniclus|Shadow Ball|p1a: Black Sabbath
|-resisted|p1a: Black Sabbath
|-damage|p1a: Black Sabbath|52\/393
|
|-heal|p1a: Black Sabbath|248\/393|[from] move: Wish|[wisher] Black Sabbath
|-heal|p1a: Black Sabbath|272\/393|[from] item: Leftovers
|turn|48
|
|move|p1a: Black Sabbath|Foul Play|p2a: Reuniclus
|-supereffective|p2a: Reuniclus
|-damage|p2a: Reuniclus|170\/424
|move|p2a: Reuniclus|Shadow Ball|p1a: Black Sabbath
|-resisted|p1a: Black Sabbath
|-damage|p1a: Black Sabbath|99\/393
|
|-heal|p1a: Black Sabbath|123\/393|[from] item: Leftovers
|turn|49
|chat|fuck christmas|what
|chat|fuck christmas|are you not out of foul plays yet
|chat|fuck christmas|T.T
|
|switch|p1a: Wallturtle|Blastoise, M|361\/361
|move|p2a: Reuniclus|Recover|p2a: Reuniclus
|-heal|p2a: Reuniclus|382\/424
|
|turn|50
|
|move|p1a: Wallturtle|Haze|p1a: Wallturtle
|-clearallboost
|move|p2a: Reuniclus|Psyshock|p1a: Wallturtle
|-damage|p1a: Wallturtle|256\/361
|
|turn|51
|chat|fuck christmas|fuck
|chat|fuck christmas|off
|chat|fuck christmas|m8
|
|switch|p1a: Black Sabbath|Umbreon, M, shiny|123\/393
|switch|p2a: Terrakion|Terrakion|218\/323
|-damage|p2a: Terrakion|198\/323|[from] Stealth Rock
|
|-heal|p1a: Black Sabbath|147\/393|[from] item: Leftovers
|turn|52
|chat|fuck christmas|LOL
|
|switch|p1a: Wallturtle|Blastoise, M|256\/361
|move|p2a: Terrakion|Stone Edge|p1a: Wallturtle
|-damage|p1a: Wallturtle|79\/361
|-damage|p2a: Terrakion|166\/323|[from] item: Life Orb
|
|turn|53
|
|move|p2a: Terrakion|Earthquake|p1a: Wallturtle
|-damage|p1a: Wallturtle|0 fnt
|-damage|p2a: Terrakion|134\/323|[from] item: Life Orb
|faint|p1a: Wallturtle
|
|
|switch|p1a: U mad?|Gengar, M|262\/262
|turn|54
|chat|fuck christmas|yeah I'm mad
|chat|fuck christmas|T.T
|
|move|p1a: U mad?|Shadow Ball|p2a: Terrakion
|-damage|p2a: Terrakion|0 fnt
|faint|p2a: Terrakion
|
|
|switch|p2a: Scizor|Scizor-Mega, F|241\/339
|-damage|p2a: Scizor|199\/339|[from] Stealth Rock
|turn|55
|
|move|p2a: Scizor|Bullet Punch|p1a: U mad?
|-damage|p1a: U mad?|81\/262
|move|p1a: U mad?|Shadow Ball|p2a: Scizor
|-damage|p2a: Scizor|63\/339
|
|-heal|p1a: U mad?|97\/262|[from] item: Black Sludge
|turn|56
|
|move|p2a: Scizor|Bullet Punch|p1a: U mad?
|-damage|p1a: U mad?|0 fnt
|faint|p1a: U mad?
|
|
|switch|p1a: Chomp|Garchomp, M|357\/357
|turn|57
|
|move|p2a: Scizor|Bullet Punch|p1a: Chomp
|-damage|p1a: Chomp|215\/357
|-damage|p2a: Scizor|21\/339|[from] ability: Rough Skin|[of] p1a: Chomp
|move|p1a: Chomp|Earthquake|p2a: Scizor
|-damage|p2a: Scizor|0 fnt
|faint|p2a: Scizor
|
|
|switch|p2a: Garchomp|Garchomp, F|358\/358
|-damage|p2a: Garchomp|336\/358|[from] Stealth Rock
|turn|58
|
|switch|p1a: Black Sabbath|Umbreon, M, shiny|147\/393
|move|p2a: Garchomp|Dragon Claw|p1a: Black Sabbath
|-damage|p1a: Black Sabbath|21\/393
|
|-heal|p1a: Black Sabbath|45\/393|[from] item: Leftovers
|turn|59
|
|move|p2a: Garchomp|Dragon Claw|p1a: Black Sabbath
|-damage|p1a: Black Sabbath|0 fnt
|faint|p1a: Black Sabbath
|
|
|switch|p1a: Chomp|Garchomp, M|215\/357
|turn|60
|
|move|p1a: Chomp|Outrage|p2a: Garchomp
|-supereffective|p2a: Garchomp
|-damage|p2a: Garchomp|0 fnt
|-damage|p1a: Chomp|171\/357|[from] ability: Rough Skin|[of] p2a: Garchomp
|faint|p2a: Garchomp
|
|chat|fuck christmas|and you win the speed tie?
|
|switch|p2a: Reuniclus|Reuniclus, M|382\/424
|turn|61
|chat|PKMN Trainer JW|sorry
|chat|PKMN Trainer JW|=\/
|chat|PKMN Trainer JW|i miss play rough on turn 1
|chat|fuck christmas|I'm just mad cause of your haze blastoise LOL
|chat|fuck christmas|that miss didn't matter though
|chat|fuck christmas|you got rocks off anyway
|chat|PKMN Trainer JW|go
|
|switch|p2a: Manaphy|Manaphy|185\/341
|-damage|p2a: Manaphy|143\/341|[from] Stealth Rock
|move|p1a: Chomp|Outrage|p2a: Manaphy
|-damage|p2a: Manaphy|0 fnt
|faint|p2a: Manaphy
|
|chat|PKMN Trainer JW|:p
|chat|fuck christmas|I'm thinking
|chat|fuck christmas|relax bro
|
|switch|p2a: Reuniclus|Reuniclus, M|382\/424
|turn|62
|chat|fuck christmas|not even two turn
|chat|fuck christmas|k
|
|move|p1a: Chomp|Outrage|p2a: Reuniclus
|-damage|p2a: Reuniclus|207\/424
|move|p2a: Reuniclus|Psyshock|p1a: Chomp
|-damage|p1a: Chomp|11\/357
|
|-end|p1a: Chomp|rampage
|-start|p1a: Chomp|confusion
|turn|63
|
|switch|p1a: Nape|Infernape, M|293\/293
|move|p2a: Reuniclus|Psyshock|p1a: Nape
|-supereffective|p1a: Nape
|-enditem|p1a: Nape|Focus Sash
|-damage|p1a: Nape|1\/293
|
|turn|64
|chat|PKMN Trainer JW|yeah
|chat|PKMN Trainer JW|gg
|chat|fuck christmas|nah not really
|
|move|p1a: Nape|Fake Out|p2a: Reuniclus
|-damage|p2a: Reuniclus|174\/424
|cant|p2a: Reuniclus|flinch
|
|turn|65
|chat|fuck christmas|but gg anyway
|
|move|p1a: Nape|Overheat|p2a: Reuniclus
|-damage|p2a: Reuniclus|0 fnt
|-unboost|p1a: Nape|spa|2
|faint|p2a: Reuniclus
|
|win|PKMN Trainer JW
|raw|Ladder updating...
|raw|PKMN Trainer JW's rating: 1416 &rarr; <strong>1430<\/strong><br \/>(+14 for winning)
|raw|fuck christmas's rating: 1312 &rarr; <strong>1298<\/strong><br \/>(-14 for losing)
|leave|fuck christmas
|player|p2