|join|KratDD
|join|fuck christmas
|player|p1|KratDD|288
|player|p2|fuck christmas|281
|gametype|singles
|gen|6
|tier|OU (suspect test)
|rated
|clearpoke
|poke|p1|Gyarados, F, shiny
|poke|p1|Gothitelle, F
|poke|p1|Quagsire, F
|poke|p1|Heatran, F
|poke|p1|Mandibuzz, F
|poke|p1|Chansey, F
|poke|p2|Terrakion
|poke|p2|Reuniclus, F
|poke|p2|Scizor, F
|poke|p2|Manaphy
|poke|p2|Deoxys-Speed
|poke|p2|Garchomp, M
|rule|Swagger Clause: Swagger is banned
|rule|Baton Pass Clause: Limit 3 pokemon knowing Baton Pass
|rule|Sleep Clause Mod: Limit one foe put to sleep
|rule|Species Clause: Limit one of each Pokemon
|rule|OHKO Clause: OHKO moves are banned
|rule|Moody Clause: Moody is banned
|rule|Evasion Moves Clause: Evasion moves are banned
|rule|Endless Battle Clause: Forcing endless battles is banned
|rule|HP Percentage Mod: HP is reported as percentages
|teampreview
|join|Gizmozian
|join|SansNickel
|chat|Gizmozian|o3o hi
|chat|fuck christmas|n_n
|
|start
|switch|p1a: Mandibuzz|Mandibuzz, F|423\/423
|switch|p2a: Deoxys-Speed|Deoxys-Speed|304\/304
|-ability|p2a: Deoxys-Speed|Pressure
|turn|1
|
|move|p2a: Deoxys-Speed|Stealth Rock|p1a: Mandibuzz
|-sidestart|p1: KratDD|move: Stealth Rock
|move|p1a: Mandibuzz|Foul Play|p2a: Deoxys-Speed
|-supereffective|p2a: Deoxys-Speed
|-damage|p2a: Deoxys-Speed|64\/304
|
|turn|2
|chat|Gizmozian|There was no need for an introduction because all already know who i am.
|
|switch|p2a: Terrakion|Terrakion|323\/323
|move|p1a: Mandibuzz|Foul Play|p2a: Terrakion
|-resisted|p2a: Terrakion
|-damage|p2a: Terrakion|229\/323
|-boost|p2a: Terrakion|atk|1|[from] ability: Justified
|
|turn|3
|chat|Gizmozian|They call me "ctc"
|join|Muk
|
|switch|p1a: Quagsire|Quagsire, F|392\/392
|-damage|p1a: Quagsire|368\/392|[from] Stealth Rock
|move|p2a: Terrakion|Stone Edge|p1a: Quagsire
|-resisted|p1a: Quagsire
|-damage|p1a: Quagsire|272\/392
|-damage|p2a: Terrakion|197\/323|[from] item: Life Orb
|
|-heal|p1a: Quagsire|296\/392|[from] item: Leftovers
|turn|4
|chat|Gizmozian|muk :o
|
|switch|p2a: Manaphy|Manaphy|341\/341
|move|p1a: Quagsire|Recover|p1a: Quagsire
|-heal|p1a: Quagsire|392\/392
|
|turn|5
|
|switch|p2a: Terrakion|Terrakion|197\/323
|switch|p1a: Gothitelle|Gothitelle, F|281\/281
|-damage|p1a: Gothitelle|246\/281|[from] Stealth Rock
|
|turn|6
|
|move|p1a: Gothitelle|Psyshock|p2a: Terrakion
|-supereffective|p2a: Terrakion
|-damage|p2a: Terrakion|0 fnt
|faint|p2a: Terrakion
|
|
|switch|p2a: Scizor|Scizor, F|344\/344
|turn|7
|
|switch|p1a: Heatran|Heatran, F|385\/385
|-damage|p1a: Heatran|337\/385|[from] Stealth Rock
|detailschange|p2a: Scizor|Scizor-Mega, F
|message|Scizor has Mega Evolved into Mega Scizor!
|move|p2a: Scizor|Knock Off|p1a: Heatran
|-damage|p1a: Heatran|213\/385
|-enditem|p1a: Heatran|Leftovers|[from] move: Knock Off|[of] p2a: Scizor
|
|turn|8
|chat|Gizmozian|christmas you want deos gone?
|
|switch|p2a: Garchomp|Garchomp, M|358\/358
|move|p1a: Heatran|Will-O-Wisp|p2a: Garchomp
|-status|p2a: Garchomp|brn
|
|-damage|p2a: Garchomp|314\/358 brn|[from] brn
|turn|9
|chat|SansNickel|oooooooh
|chat|Muk|"christmas"
|chat|fuck christmas|fuck
|chat|Gizmozian|oh i'm sorry
|chat|fuck christmas|nah I wan't deo-d gone
|chat|Gizmozian|fuck do you want deos gone o3o
|chat|SansNickel|idk nobody calls him fuck
|chat|Muk|fuck you want deos gone?
|chat|Muk|^
|chat|fuck christmas|LOL
|chat|SansNickel|not sure if he was referring to game
|chat|SansNickel|or to chat
|
|switch|p2a: Deoxys-Speed|Deoxys-Speed|64\/304
|-ability|p2a: Deoxys-Speed|Pressure
|switch|p1a: Mandibuzz|Mandibuzz, F|423\/423
|-damage|p1a: Mandibuzz|318\/423|[from] Stealth Rock
|
|-heal|p1a: Mandibuzz|344\/423|[from] item: Leftovers
|turn|10
|
|move|p2a: Deoxys-Speed|Taunt|p1a: Mandibuzz
|-start|p1a: Mandibuzz|move: Taunt
|cant|p1a: Mandibuzz|move: Taunt|Defog
|
|-heal|p1a: Mandibuzz|370\/423|[from] item: Leftovers
|turn|11
|chat|Gizmozian|i wish deo s was stronger tbh
|chat|Gizmozian|like base 110
|
|switch|p2a: Manaphy|Manaphy|341\/341
|move|p1a: Mandibuzz|Foul Play|p2a: Manaphy
|-damage|p2a: Manaphy|247\/341
|
|-heal|p2a: Manaphy|268\/341|[from] item: Leftovers
|-heal|p1a: Mandibuzz|396\/423|[from] item: Leftovers
|turn|12
|chat|Gizmozian|now that's broken
|chat|fuck christmas|then it would def need a ban lol
|chat|Gizmozian|i would shit all of my pants if it was base 110
|
|switch|p2a: Scizor|Scizor-Mega, F|344\/344
|switch|p1a: Gothitelle|Gothitelle, F|246\/281
|-damage|p1a: Gothitelle|211\/281|[from] Stealth Rock
|
|turn|13
|
|switch|p1a: Mandibuzz|Mandibuzz, F|396\/423
|-damage|p1a: Mandibuzz|291\/423|[from] Stealth Rock
|move|p2a: Scizor|Knock Off|p1a: Mandibuzz
|-resisted|p1a: Mandibuzz
|-damage|p1a: Mandibuzz|238\/423
|-enditem|p1a: Mandibuzz|Leftovers|[from] move: Knock Off|[of] p2a: Scizor
|
|turn|14
|chat|Gizmozian|i never ladder on suspect
|chat|Gizmozian|i should.
|
|switch|p2a: Manaphy|Manaphy|268\/341
|move|p1a: Mandibuzz|Defog|p2a: Manaphy
|-unboost|p2a: Manaphy|evasion|1
|-sideend|p1: KratDD|Stealth Rock|[from] move: Defog|[of] p1a: Mandibuzz
|
|-heal|p2a: Manaphy|289\/341|[from] item: Leftovers
|turn|15
|chat|Gizmozian|too much work tho
|chat|fuck christmas|yeah my gxe is horrible
|chat|SansNickel|81.3 n_n
|
|move|p2a: Manaphy|Ice Beam|p1a: Mandibuzz
|-supereffective|p1a: Mandibuzz
|-damage|p1a: Mandibuzz|72\/423
|-status|p1a: Mandibuzz|frz
|cant|p1a: Mandibuzz|frz
|
|-heal|p2a: Manaphy|310\/341|[from] item: Leftovers
|turn|16
|chat|SansNickel|nb
|chat|Gizmozian|i went 10-1 cuz i was testing teams
|chat|Gizmozian|on suspect
|
|switch|p2a: Scizor|Scizor-Mega, F|344\/344
|cant|p1a: Mandibuzz|frz
|
|turn|17
|chat|Gizmozian|only got 1000 coil from that
|chat|Gizmozian|so lame
|
|move|p2a: Scizor|Bullet Punch|p1a: Mandibuzz
|-damage|p1a: Mandibuzz|0 fnt
|faint|p1a: Mandibuzz
|
|
|switch|p1a: Heatran|Heatran, F|213\/385
|turn|18
|
|switch|p2a: Deoxys-Speed|Deoxys-Speed|64\/304
|-ability|p2a: Deoxys-Speed|Pressure
|move|p1a: Heatran|Lava Plume|p2a: Deoxys-Speed
|-damage|p2a: Deoxys-Speed|0 fnt
|faint|p2a: Deoxys-Speed
|
|chat|Muk|wait, is that the manaphy set that shits on stall
|chat|Muk|the one with rain dance
|chat|Gizmozian|nah
|chat|fuck christmas|no :(
|chat|Muk|;_;
|chat|fuck christmas|I wish sometimes
|chat|Gizmozian|muk
|chat|Gizmozian|you read my mind
|
|switch|p2a: Manaphy|Manaphy|310\/341
|turn|19
|chat|Muk|lol
|chat|Gizmozian|i was just about to ask that
|
|move|p2a: Manaphy|Surf|p1a: Heatran
|-supereffective|p1a: Heatran
|-damage|p1a: Heatran|21\/385
|move|p1a: Heatran|Stealth Rock|p2a: Manaphy
|-sidestart|p2: fuck christmas|move: Stealth Rock
|
|-heal|p2a: Manaphy|331\/341|[from] item: Leftovers
|turn|20
|chat|Gizmozian|wait
|chat|SansNickel|weak af
|
|move|p2a: Manaphy|Surf|p1a: Heatran
|-supereffective|p1a: Heatran
|-damage|p1a: Heatran|0 fnt
|faint|p1a: Heatran
|
|-heal|p2a: Manaphy|341\/341|[from] item: Leftovers
|chat|Gizmozian|if it's cm
|chat|Muk|lol
|chat|Gizmozian|why run surf
|
|switch|p1a: Gothitelle|Gothitelle, F|211\/281
|turn|21
|chat|Gizmozian|run scald like a man
|chat|fuck christmas|it's not calm mind lol
|chat|Gizmozian|oh wtf
|
|move|p1a: Gothitelle|Trick|p2a: Manaphy
|-activate|p1a: Gothitelle|move: Trick|[of] p2a: Manaphy
|-item|p2a: Manaphy|Choice Scarf|[from] move: Trick
|-item|p1a: Gothitelle|Leftovers|[from] move: Trick
|move|p2a: Manaphy|Surf|p1a: Gothitelle
|-damage|p1a: Gothitelle|91\/281
|
|-heal|p1a: Gothitelle|108\/281|[from] item: Leftovers
|turn|22
|chat|SansNickel|nice tbolt
|chat|Gizmozian|it's not anything but useless now
|chat|fuck christmas|^^
|chat|fuck christmas|@sans
|
|switch|p1a: Chansey|Chansey, F|703\/703
|move|p2a: Manaphy|Surf|p1a: Chansey
|-damage|p1a: Chansey|615\/703
|
|turn|23
|
|switch|p2a: Reuniclus|Reuniclus, F|424\/424
|move|p1a: Chansey|Seismic Toss|p2a: Reuniclus
|-damage|p2a: Reuniclus|324\/424
|
|turn|24
|
|move|p1a: Chansey|Thunder Wave|p2a: Reuniclus
|-status|p2a: Reuniclus|par
|cant|p2a: Reuniclus|par
|
|turn|25
|chat|fuck christmas|here we go
|chat|fuck christmas|hate t-wave chans
|chat|fuck christmas|and deo-d
|
|move|p1a: Chansey|Seismic Toss|p2a: Reuniclus
|-damage|p2a: Reuniclus|224\/424 par
|move|p2a: Reuniclus|Shadow Ball|p1a: Chansey
|-immune|p1a: Chansey|[msg]
|
|turn|26
|chat|SansNickel|twave is the worst move
|chat|SansNickel|in the game
|
|move|p1a: Chansey|Seismic Toss|p2a: Reuniclus
|-damage|p2a: Reuniclus|124\/424 par
|move|p2a: Reuniclus|Recover|p2a: Reuniclus
|-heal|p2a: Reuniclus|336\/424 par
|
|turn|27
|chat|Gizmozian|you guys
|
|switch|p1a: Gothitelle|Gothitelle, F|108\/281
|move|p2a: Reuniclus|Recover|p2a: Reuniclus
|-heal|p2a: Reuniclus|424\/424 par
|
|-heal|p1a: Gothitelle|125\/281|[from] item: Leftovers
|turn|28
|chat|Gizmozian|i just learned yesterday that paralysis cuts speed to 25%
|
|move|p1a: Gothitelle|Thunderbolt|p2a: Reuniclus
|-damage|p2a: Reuniclus|321\/424 par
|cant|p2a: Reuniclus|par
|
|-heal|p1a: Gothitelle|142\/281|[from] item: Leftovers
|turn|29
|chat|Gizmozian|i always thought it was half
|chat|fuck christmas|fk off
|chat|Gizmozian|my whole world crumbled
|chat|Muk|lol
|chat|fuck christmas|@krat
|
|move|p1a: Gothitelle|Thunderbolt|p2a: Reuniclus
|-damage|p2a: Reuniclus|215\/424 par
|move|p2a: Reuniclus|Shadow Ball|p1a: Gothitelle
|-supereffective|p1a: Gothitelle
|-damage|p1a: Gothitelle|0 fnt
|faint|p1a: Gothitelle
|
|chat|KratDD|oo
|
|switch|p1a: Gyarados|Gyarados, F, shiny|333\/333
|-ability|p1a: Gyarados|Intimidate|[of] p2a: Reuniclus
|-unboost|p2a: Reuniclus|atk|1
|turn|30
|chat|fuck christmas|n_n
|chat|fuck christmas|nothing personal
|chat|Muk|i'm pretty sure i always thought the chance of full para was 30%, not 25%
|chat|Muk|up until several months ago
|chat|SansNickel|i dont see why full para exists
|
|switch|p2a: Garchomp|Garchomp, M|314\/358 brn
|-damage|p2a: Garchomp|292\/358 brn|[from] Stealth Rock
|detailschange|p1a: Gyarados|Gyarados-Mega, F, shiny
|message|Gyarados has Mega Evolved into Mega Gyarados!
|-ability|p1a: Gyarados|Mold Breaker
|move|p1a: Gyarados|Substitute|p1a: Gyarados
|-start|p1a: Gyarados|Substitute
|-damage|p1a: Gyarados|250\/333
|
|-damage|p2a: Garchomp|248\/358 brn|[from] brn
|turn|31
|chat|Gizmozian|pokemon is an endless mystery
|chat|SansNickel|it's not like burn does crit burn damage every 4th turn
|chat|Gizmozian|i don't understand why freezing exists
|
|move|p2a: Garchomp|Outrage|p1a: Gyarados
|-end|p1a: Gyarados|Substitute
|move|p1a: Gyarados|Dragon Dance|p1a: Gyarados
|-boost|p1a: Gyarados|atk|1
|-boost|p1a: Gyarados|spe|1
|
|-damage|p2a: Garchomp|204\/358 brn|[from] brn
|turn|32
|
|move|p2a: Garchomp|Outrage|p1a: Gyarados
|-damage|p1a: Gyarados|150\/333
|move|p1a: Gyarados|Dragon Dance|p1a: Gyarados
|-boost|p1a: Gyarados|atk|1
|-boost|p1a: Gyarados|spe|1
|
|-end|p2a: Garchomp|rampage
|-start|p2a: Garchomp|confusion
|-damage|p2a: Garchomp|160\/358 brn|[from] brn
|turn|33
|chat|Gizmozian|it's literally the dumbest thing in the game
|chat|Gizmozian|being frozen
|join|Nani Man
|join|innovamania
|
|move|p1a: Gyarados|Earthquake|p2a: Garchomp
|-crit|p2a: Garchomp
|-damage|p2a: Garchomp|0 fnt
|faint|p2a: Garchomp
|
|chat|SansNickel|i guess they have to make the game entertaining
|
|switch|p2a: Manaphy|Manaphy|341\/341
|-damage|p2a: Manaphy|299\/341|[from] Stealth Rock
|turn|34
|chat|SansNickel|aka there's always a chance at a comeback
|chat|Gizmozian|shit 
|
|move|p1a: Gyarados|Earthquake|p2a: Manaphy
|-damage|p2a: Manaphy|1\/341
|move|p2a: Manaphy|Energy Ball|p1a: Gyarados
|-supereffective|p1a: Gyarados
|-damage|p1a: Gyarados|6\/333
|
|turn|35
|chat|Gizmozian|wtf
|chat|KratDD|wow
|chat|Muk|lawl
|chat|Gizmozian|well in that case
|
|move|p1a: Gyarados|Earthquake|p2a: Manaphy
|-damage|p2a: Manaphy|0 fnt
|faint|p2a: Manaphy
|
|chat|fuck christmas|considering all your paras
|
|switch|p2a: Scizor|Scizor-Mega, F|344\/344
|-damage|p2a: Scizor|301\/344|[from] Stealth Rock
|turn|36
|chat|Gizmozian|burn should do something extra
|chat|Gizmozian|like double burn
|
|switch|p1a: Quagsire|Quagsire, F|392\/392
|move|p2a: Scizor|Bullet Punch|p1a: Quagsire
|-resisted|p1a: Quagsire
|-damage|p1a: Quagsire|337\/392
|
|-heal|p1a: Quagsire|361\/392|[from] item: Leftovers
|turn|37
|
|switch|p2a: Reuniclus|Reuniclus, F|215\/424 par
|move|p1a: Quagsire|Scald|p2a: Reuniclus
|-damage|p2a: Reuniclus|134\/424 par
|
|-heal|p1a: Quagsire|385\/392|[from] item: Leftovers
|turn|38
|
|move|p1a: Quagsire|Earthquake|p2a: Reuniclus
|-damage|p2a: Reuniclus|46\/424 par
|cant|p2a: Reuniclus|par
|
|-heal|p1a: Quagsire|392\/392|[from] item: Leftovers
|turn|39
|chat|SansNickel|lol
|chat|Muk|i completely expected that
|chat|Nani Man|based
|chat|Muk|completely
|
|move|p1a: Quagsire|Earthquake|p2a: Reuniclus
|-damage|p2a: Reuniclus|0 fnt
|faint|p2a: Reuniclus
|
|chat|KratDD|Ã¨.Ã¨
|
|switch|p2a: Scizor|Scizor-Mega, F|301\/344
|-damage|p2a: Scizor|258\/344|[from] Stealth Rock
|turn|40
|chat|SansNickel|inb4 burn
|chat|SansNickel|on first scald
|chat|fuck christmas|reun wins
|chat|fuck christmas|so bas
|chat|fuck christmas|bad*
|chat|Gizmozian|rest in peace christams
|
|move|p2a: Scizor|Knock Off|p1a: Quagsire
|-damage|p1a: Quagsire|285\/392
|-enditem|p1a: Quagsire|Leftovers|[from] move: Knock Off|[of] p2a: Scizor
|move|p1a: Quagsire|Scald|p2a: Scizor
|-damage|p2a: Scizor|194\/344
|
|turn|41
|
|move|p2a: Scizor|Roost|p2a: Scizor
|-heal|p2a: Scizor|344\/344
|move|p1a: Quagsire|Recover|p1a: Quagsire
|-heal|p1a: Quagsire|392\/392
|
|turn|42
|join|Hanyuu furude
|chat|Gizmozian|no way you can stall out quag
|
|move|p2a: Scizor|Knock Off|p1a: Quagsire
|-damage|p1a: Quagsire|316\/392
|move|p1a: Quagsire|Scald|p2a: Scizor
|-damage|p2a: Scizor|274\/344
|
|turn|43
|chat|fuck christmas|no burn
|chat|Nani Man|**reveal** grass punch
|chat|Gizmozian|you have the pp for it i think
|chat|fuck christmas|that's how
|leave|innovamania
|chat|fuck christmas|LOL
|
|move|p2a: Scizor|Knock Off|p1a: Quagsire
|-damage|p1a: Quagsire|233\/392
|move|p1a: Quagsire|Scald|p2a: Scizor
|-damage|p2a: Scizor|210\/344
|-status|p2a: Scizor|brn
|
|-damage|p2a: Scizor|167\/344 brn|[from] brn
|turn|44
|chat|Gizmozian|HAHA
|join|innovamania
|chat|Gizmozian|no burn
|chat|Gizmozian|that's funny
|chat|fuck christmas|welp
|-message|fuck christmas forfeited.
|
|win|KratDD
|raw|Ladder updating...
|raw|KratDD's rating: 1385 &rarr; <strong>1401<\/strong><br \/>(+16 for winning)
|raw|fuck christmas's rating: 1310 &rarr; <strong>1295<\/strong><br \/>(-15 for losing)
|leave|KratDD
|player|p1
|leave|Nani Man
|chat|Gizmozian|scald has an 80% burn chance
|leave|fuck christmas
|player|p2
|chat|SansNickel|where is the SD