|join|xela187
|join|fuck christmas
|player|p1|xela187|53
|player|p2|fuck christmas|281
|gametype|singles
|gen|6
|tier|OU (suspect test)
|clearpoke
|poke|p1|Gliscor, F
|poke|p1|Heatran, F
|poke|p1|Scizor, F
|poke|p1|Clefable, M
|poke|p1|Raikou
|poke|p1|Azumarill, M
|poke|p2|Clefable, M
|poke|p2|Ferrothorn, F
|poke|p2|Garchomp, M
|poke|p2|Tyranitar, F
|poke|p2|Keldeo
|poke|p2|Latios, M
|rule|Swagger Clause: Swagger is banned
|rule|Baton Pass Clause: Limit one PokÃ©mon knowing Baton Pass
|rule|Sleep Clause Mod: Limit one foe put to sleep
|rule|Species Clause: Limit one of each PokÃ©mon
|rule|OHKO Clause: OHKO moves are banned
|rule|Moody Clause: Moody is banned
|rule|Evasion Moves Clause: Evasion moves are banned
|rule|Endless Battle Clause: Forcing endless battles is banned
|rule|HP Percentage Mod: HP is shown in percentages
|teampreview
|
|start
|switch|p1a: Gliscor|Gliscor, F|352\/352
|switch|p2a: Keldeo|Keldeo|323\/323
|turn|1
|join|PBBB
|join|IAmSmokingWeed
|
|move|p1a: Gliscor|Protect|p1a: Gliscor
|-singleturn|p1a: Gliscor|Protect
|move|p2a: Keldeo|Scald|p1a: Gliscor
|-activate|p1a: Gliscor|Protect
|
|-status|p1a: Gliscor|tox|[from] item: Toxic Orb
|turn|2
|join|a lunatic dude
|chat|IAmSmokingWeed|fuck christmas
|
|switch|p1a: Azumarill|Azumarill, M|404\/404
|move|p2a: Keldeo|Scald|p1a: Azumarill
|-resisted|p1a: Azumarill
|-damage|p1a: Azumarill|284\/404
|
|turn|3
|chat|IAmSmokingWeed|what a weird name
|join|swankChair
|chat|fuck christmas|:]
|
|switch|p2a: Ferrothorn|Ferrothorn, F|352\/352
|move|p1a: Azumarill|Play Rough|p2a: Ferrothorn
|-resisted|p2a: Ferrothorn
|-damage|p2a: Ferrothorn|293\/352
|-damage|p1a: Azumarill|234\/404|[from] ability: Iron Barbs|[of] p2a: Ferrothorn
|
|-heal|p2a: Ferrothorn|315\/352|[from] item: Leftovers
|turn|4
|join|bad mudafugga
|
|switch|p1a: Heatran|Heatran, F|386\/386
|switch|p2a: Keldeo|Keldeo|323\/323
|
|turn|5
|chat|a lunatic dude|fuck christmas if you are an atheist you should like christmas actually
|chat|fuck christmas|?_?
|chat|fuck christmas|why
|chat|PBBB|jesus was asummer baby
|chat|a lunatic dude|we simply took a date when ''A GOD'' was born and made it an excuse to eat like mofos and buy kinect
|chat|PBBB|december 25th is a roman pagan holiday
|chat|fuck christmas|LOL
|chat|a lunatic dude|i like it for that reason
|
|switch|p1a: Azumarill|Azumarill, M|234\/404
|move|p2a: Keldeo|Scald|p1a: Azumarill
|-resisted|p1a: Azumarill
|-damage|p1a: Azumarill|114\/404
|-status|p1a: Azumarill|brn
|-enditem|p1a: Azumarill|Sitrus Berry|[eat]
|-heal|p1a: Azumarill|215\/404 brn|[from] item: Sitrus Berry
|
|-damage|p1a: Azumarill|165\/404 brn|[from] brn
|turn|6
|chat|PBBB|the christams tree was part of the pagan holiday in ancient rome. something with saggitarrius i think
|
|switch|p2a: Ferrothorn|Ferrothorn, F|315\/352
|move|p1a: Azumarill|Superpower|p2a: Ferrothorn
|-supereffective|p2a: Ferrothorn
|-damage|p2a: Ferrothorn|209\/352
|-damage|p1a: Azumarill|115\/404 brn|[from] ability: Iron Barbs|[of] p2a: Ferrothorn
|-unboost|p1a: Azumarill|atk|1
|-unboost|p1a: Azumarill|def|1
|
|-heal|p2a: Ferrothorn|231\/352|[from] item: Leftovers
|-damage|p1a: Azumarill|65\/404 brn|[from] brn
|turn|7
|
|move|p1a: Azumarill|Superpower|p2a: Ferrothorn
|-crit|p2a: Ferrothorn
|-supereffective|p2a: Ferrothorn
|-damage|p2a: Ferrothorn|81\/352
|-damage|p1a: Azumarill|15\/404 brn|[from] ability: Iron Barbs|[of] p2a: Ferrothorn
|-unboost|p1a: Azumarill|atk|1
|-unboost|p1a: Azumarill|def|1
|move|p2a: Ferrothorn|Stealth Rock|p1a: Azumarill
|-sidestart|p1: xela187|move: Stealth Rock
|
|-heal|p2a: Ferrothorn|103\/352|[from] item: Leftovers
|-damage|p1a: Azumarill|0 fnt|[from] brn
|faint|p1a: Azumarill
|chat|PBBB|crits ignore the burn attack drop right?
|chat|a lunatic dude|i mean christmas was the day jesus was born now we totaly neglected jesus and made it christmas the day we spend money and eat
|chat|fuck christmas|yea
|chat|a lunatic dude|i like that
|chat|fuck christmas|:[[
|chat|fuck christmas|HACXX
|chat|fuck christmas|!!
|chat|a lunatic dude|lel
|
|switch|p1a: Heatran|Heatran, F|386\/386
|-damage|p1a: Heatran|338\/386|[from] Stealth Rock
|turn|8
|chat|IAmSmokingWeed|christmas is about santa
|chat|IAmSmokingWeed|santa is coming
|
|switch|p2a: Keldeo|Keldeo|323\/323
|move|p1a: Heatran|Stealth Rock|p2a: Keldeo
|-sidestart|p2: fuck christmas|move: Stealth Rock
|
|-heal|p1a: Heatran|362\/386|[from] item: Leftovers
|turn|9
|chat|fuck christmas|he sees you when you're sleeping
|chat|a lunatic dude|santa is christian
|chat|a lunatic dude|so no
|chat|fuck christmas|christmas is actually about rape
|
|move|p2a: Keldeo|Scald|p1a: Heatran
|-supereffective|p1a: Heatran
|-damage|p1a: Heatran|78\/386
|move|p1a: Heatran|Roar|p2a: Keldeo
|drag|p2a: Tyranitar|Tyranitar, F|342\/342
|-damage|p2a: Tyranitar|300\/342|[from] Stealth Rock
|-weather|Sandstorm
|
|-weather|Sandstorm|[upkeep]
|-heal|p1a: Heatran|102\/386|[from] item: Leftovers
|turn|10
|leave|swankChair
|chat|PBBB|such holiday spiritina online pkemon chat in august
|
|detailschange|p2a: Tyranitar|Tyranitar-Mega, F
|message|Tyranitar has Mega Evolved into Mega Tyranitar!
|move|p2a: Tyranitar|Dragon Dance|p2a: Tyranitar
|-boost|p2a: Tyranitar|atk|1
|-boost|p2a: Tyranitar|spe|1
|move|p1a: Heatran|Earth Power|p2a: Tyranitar
|-supereffective|p2a: Tyranitar
|-damage|p2a: Tyranitar|192\/342
|
|-weather|Sandstorm|[upkeep]
|-heal|p1a: Heatran|126\/386|[from] item: Leftovers
|turn|11
|chat|IAmSmokingWeed|fuck christmas
|chat|IAmSmokingWeed|wth are you talking about
|chat|fuck christmas|have you not heard that song
|chat|fuck christmas|?_?
|chat|fuck christmas|it's creepy af
|
|move|p2a: Tyranitar|Crunch|p1a: Heatran
|-damage|p1a: Heatran|0 fnt
|faint|p1a: Heatran
|
|-weather|Sandstorm|[upkeep]
|chat|fuck christmas|nvm
|chat|IAmSmokingWeed|he knows when you're awake
|chat|fuck christmas|:')
|
|switch|p1a: Clefable|Clefable, M|394\/394
|-damage|p1a: Clefable|345\/394|[from] Stealth Rock
|turn|12
|chat|fuck christmas|yea exactly
|chat|IAmSmokingWeed|you better be good for goodness sake
|chat|fuck christmas|LOL
|chat|IAmSmokingWeed|or else
|chat|IAmSmokingWeed|( Í¡Â° ÍÊ Í¡Â°)
|chat|fuck christmas|:')))))
|
|move|p2a: Tyranitar|Earthquake|p1a: Clefable
|-damage|p1a: Clefable|206\/394
|move|p1a: Clefable|Moonblast|p2a: Tyranitar
|-supereffective|p2a: Tyranitar
|-damage|p2a: Tyranitar|78\/342
|
|-weather|Sandstorm|[upkeep]
|-damage|p1a: Clefable|182\/394|[from] sandstorm
|-heal|p1a: Clefable|206\/394|[from] item: Leftovers
|turn|13
|
|move|p2a: Tyranitar|Dragon Dance|p2a: Tyranitar
|-boost|p2a: Tyranitar|atk|1
|-boost|p2a: Tyranitar|spe|1
|move|p1a: Clefable|Wish|p1a: Clefable
|
|-weather|none
|-heal|p1a: Clefable|230\/394|[from] item: Leftovers
|turn|14
|
|move|p2a: Tyranitar|Earthquake|p1a: Clefable
|-damage|p1a: Clefable|103\/394
|move|p1a: Clefable|Moonblast|p2a: Tyranitar
|-supereffective|p2a: Tyranitar
|-damage|p2a: Tyranitar|0 fnt
|faint|p2a: Tyranitar
|
|-heal|p1a: Clefable|300\/394|[from] move: Wish|[wisher] Clefable
|-heal|p1a: Clefable|324\/394|[from] item: Leftovers
|
|switch|p2a: Latios|Latios, M|302\/302
|-damage|p2a: Latios|265\/302|[from] Stealth Rock
|turn|15
|
|move|p1a: Clefable|Protect|p1a: Clefable
|-singleturn|p1a: Clefable|Protect
|move|p2a: Latios|Psyshock|p1a: Clefable
|-activate|p1a: Clefable|Protect
|
|-heal|p1a: Clefable|348\/394|[from] item: Leftovers
|turn|16
|
|switch|p2a: Keldeo|Keldeo|323\/323
|-damage|p2a: Keldeo|303\/323|[from] Stealth Rock
|move|p1a: Clefable|Thunder Wave|p2a: Keldeo
|-status|p2a: Keldeo|par
|
|-heal|p1a: Clefable|372\/394|[from] item: Leftovers
|turn|17
|
|switch|p2a: Clefable|Clefable, M|394\/394
|move|p1a: Clefable|Moonblast|p2a: Clefable
|-damage|p2a: Clefable|282\/394
|-unboost|p2a: Clefable|spa|1
|
|-heal|p2a: Clefable|306\/394|[from] item: Leftovers
|-heal|p1a: Clefable|394\/394|[from] item: Leftovers
|turn|18
|
|switch|p1a: Scizor|Scizor, F|343\/343
|-damage|p1a: Scizor|301\/343|[from] Stealth Rock
|move|p2a: Clefable|Calm Mind|p2a: Clefable
|-boost|p2a: Clefable|spa|1
|-boost|p2a: Clefable|spd|1
|
|-heal|p2a: Clefable|330\/394|[from] item: Leftovers
|turn|19
|
|switch|p2a: Ferrothorn|Ferrothorn, F|103\/352
|-damage|p2a: Ferrothorn|81\/352|[from] Stealth Rock
|detailschange|p1a: Scizor|Scizor-Mega, F
|message|Scizor has Mega Evolved into Mega Scizor!
|move|p1a: Scizor|Bullet Punch|p2a: Ferrothorn
|-resisted|p2a: Ferrothorn
|-damage|p2a: Ferrothorn|46\/352
|-damage|p1a: Scizor|259\/343|[from] ability: Iron Barbs|[of] p2a: Ferrothorn
|
|-heal|p2a: Ferrothorn|68\/352|[from] item: Leftovers
|turn|20
|join|Draeden
|
|move|p1a: Scizor|U-turn|p2a: Ferrothorn
|-crit|p2a: Ferrothorn
|-damage|p2a: Ferrothorn|0 fnt
|-damage|p1a: Scizor|217\/343|[from] ability: Iron Barbs|[of] p2a: Ferrothorn
|faint|p2a: Ferrothorn
|
|switch|p1a: Clefable|Clefable, M|394\/394
|-damage|p1a: Clefable|345\/394|[from] Stealth Rock
|
|-heal|p1a: Clefable|369\/394|[from] item: Leftovers
|join|Funnelby
|
|switch|p2a: Clefable|Clefable, M|330\/394
|turn|21
|
|switch|p1a: Scizor|Scizor-Mega, F|217\/343
|-damage|p1a: Scizor|175\/343|[from] Stealth Rock
|move|p2a: Clefable|Flamethrower|p1a: Scizor
|-supereffective|p1a: Scizor
|-damage|p1a: Scizor|0 fnt
|faint|p1a: Scizor
|
|-heal|p2a: Clefable|354\/394|[from] item: Leftovers
|leave|PBBB
|
|switch|p1a: Raikou|Raikou|329\/329
|-damage|p1a: Raikou|288\/329|[from] Stealth Rock
|-ability|p1a: Raikou|Pressure
|turn|22
|
|move|p1a: Raikou|Thunderbolt|p2a: Clefable
|-crit|p2a: Clefable
|-damage|p2a: Clefable|14\/394
|move|p2a: Clefable|Soft-Boiled|p2a: Clefable
|-heal|p2a: Clefable|211\/394
|
|-heal|p2a: Clefable|235\/394|[from] item: Leftovers
|turn|23
|
|switch|p2a: Garchomp|Garchomp, M|358\/358
|-damage|p2a: Garchomp|336\/358|[from] Stealth Rock
|move|p1a: Raikou|Thunderbolt|p2a: Garchomp
|-immune|p2a: Garchomp|[msg]
|
|turn|24
|
|switch|p2a: Latios|Latios, M|265\/302
|-damage|p2a: Latios|228\/302|[from] Stealth Rock
|switch|p1a: Clefable|Clefable, M|369\/394
|-damage|p1a: Clefable|320\/394|[from] Stealth Rock
|
|-heal|p1a: Clefable|344\/394|[from] item: Leftovers
|turn|25
|join|hashining
|
|move|p2a: Latios|Psyshock|p1a: Clefable
|-damage|p1a: Clefable|151\/394
|move|p1a: Clefable|Moonblast|p2a: Latios
|-supereffective|p2a: Latios
|-damage|p2a: Latios|22\/302
|-unboost|p2a: Latios|spa|1
|
|-heal|p1a: Clefable|175\/394|[from] item: Leftovers
|turn|26
|
|switch|p2a: Clefable|Clefable, M|235\/394
|move|p1a: Clefable|Wish|p1a: Clefable
|
|-heal|p1a: Clefable|199\/394|[from] item: Leftovers
|-heal|p2a: Clefable|259\/394|[from] item: Leftovers
|turn|27
|leave|Funnelby
|
|move|p1a: Clefable|Moonblast|p2a: Clefable
|-damage|p2a: Clefable|145\/394
|move|p2a: Clefable|Calm Mind|p2a: Clefable
|-boost|p2a: Clefable|spa|1
|-boost|p2a: Clefable|spd|1
|
|-heal|p1a: Clefable|394\/394|[from] move: Wish|[wisher] Clefable
|-heal|p2a: Clefable|169\/394|[from] item: Leftovers
|turn|28
|chat|IAmSmokingWeed|clefable is such a cunt
|
|switch|p1a: Raikou|Raikou|288\/329
|-damage|p1a: Raikou|247\/329|[from] Stealth Rock
|-ability|p1a: Raikou|Pressure
|move|p2a: Clefable|Soft-Boiled|p2a: Clefable
|-heal|p2a: Clefable|366\/394
|
|-heal|p2a: Clefable|390\/394|[from] item: Leftovers
|turn|29
|chat|IAmSmokingWeed|its over anyway
|
|move|p1a: Raikou|Thunderbolt|p2a: Clefable
|-crit|p2a: Clefable
|-damage|p2a: Clefable|59\/394
|move|p2a: Clefable|Calm Mind|p2a: Clefable
|-boost|p2a: Clefable|spa|1
|-boost|p2a: Clefable|spd|1
|
|-heal|p2a: Clefable|83\/394|[from] item: Leftovers
|turn|30
|chat|IAmSmokingWeed|lol
|chat|fuck christmas|guess not
|
|switch|p1a: Clefable|Clefable, M|394\/394
|-damage|p1a: Clefable|345\/394|[from] Stealth Rock
|switch|p2a: Garchomp|Garchomp, M|336\/358
|-damage|p2a: Garchomp|314\/358|[from] Stealth Rock
|
|-heal|p1a: Clefable|369\/394|[from] item: Leftovers
|turn|31
|leave|bad mudafugga
|
|switch|p2a: Latios|Latios, M|22\/302
|-damage|p2a: Latios|0 fnt|[from] Stealth Rock
|faint|p2a: Latios
|move|p1a: Clefable|Moonblast|p2: Latios|[notarget]
|-notarget
|
|-heal|p1a: Clefable|393\/394|[from] item: Leftovers
|
|switch|p2a: Clefable|Clefable, M|83\/394
|turn|32
|
|switch|p1a: Raikou|Raikou|247\/329
|-damage|p1a: Raikou|206\/329|[from] Stealth Rock
|-ability|p1a: Raikou|Pressure
|move|p2a: Clefable|Soft-Boiled|p2a: Clefable
|-heal|p2a: Clefable|280\/394
|
|-heal|p2a: Clefable|304\/394|[from] item: Leftovers
|turn|33
|
|move|p1a: Raikou|Thunderbolt|p2a: Clefable
|-damage|p2a: Clefable|63\/394
|move|p2a: Clefable|Soft-Boiled|p2a: Clefable
|-heal|p2a: Clefable|260\/394
|
|-heal|p2a: Clefable|284\/394|[from] item: Leftovers
|turn|34
|
|move|p1a: Raikou|Thunderbolt|p2a: Clefable
|-damage|p2a: Clefable|40\/394
|move|p2a: Clefable|Soft-Boiled|p2a: Clefable
|-heal|p2a: Clefable|237\/394
|
|-heal|p2a: Clefable|261\/394|[from] item: Leftovers
|turn|35
|join|Special Jirachi
|
|switch|p2a: Garchomp|Garchomp, M|314\/358
|-damage|p2a: Garchomp|292\/358|[from] Stealth Rock
|move|p1a: Raikou|Thunderbolt|p2a: Garchomp
|-immune|p2a: Garchomp|[msg]
|
|turn|36
|
|switch|p1a: Clefable|Clefable, M|393\/394
|-damage|p1a: Clefable|344\/394|[from] Stealth Rock
|move|p2a: Garchomp|Earthquake|p1a: Clefable
|-damage|p1a: Clefable|173\/394
|
|-heal|p1a: Clefable|197\/394|[from] item: Leftovers
|turn|37
|
|switch|p2a: Clefable|Clefable, M|261\/394
|move|p1a: Clefable|Wish|p1a: Clefable
|
|-heal|p2a: Clefable|285\/394|[from] item: Leftovers
|-heal|p1a: Clefable|221\/394|[from] item: Leftovers
|turn|38
|chat|Special Jirachi|nigga FUCK CHRISTMAS
|
|switch|p1a: Raikou|Raikou|206\/329
|-damage|p1a: Raikou|165\/329|[from] Stealth Rock
|-ability|p1a: Raikou|Pressure
|move|p2a: Clefable|Calm Mind|p2a: Clefable
|-boost|p2a: Clefable|spa|1
|-boost|p2a: Clefable|spd|1
|
|-heal|p1a: Raikou|329\/329|[from] move: Wish|[wisher] Clefable
|-heal|p2a: Clefable|309\/394|[from] item: Leftovers
|turn|39
|chat|fuck christmas|:]]
|
|move|p1a: Raikou|Thunderbolt|p2a: Clefable
|-damage|p2a: Clefable|147\/394
|move|p2a: Clefable|Soft-Boiled|p2a: Clefable
|-heal|p2a: Clefable|344\/394
|
|-heal|p2a: Clefable|368\/394|[from] item: Leftovers
|turn|40
|
|move|p1a: Raikou|Thunderbolt|p2a: Clefable
|-damage|p2a: Clefable|220\/394
|move|p2a: Clefable|Calm Mind|p2a: Clefable
|-boost|p2a: Clefable|spa|1
|-boost|p2a: Clefable|spd|1
|
|-heal|p2a: Clefable|244\/394|[from] item: Leftovers
|turn|41
|leave|hashining
|
|move|p1a: Raikou|Thunderbolt|p2a: Clefable
|-damage|p2a: Clefable|129\/394
|move|p2a: Clefable|Soft-Boiled|p2a: Clefable
|-heal|p2a: Clefable|326\/394
|
|-heal|p2a: Clefable|350\/394|[from] item: Leftovers
|turn|42
|
|move|p1a: Raikou|Thunderbolt|p2a: Clefable
|-damage|p2a: Clefable|221\/394
|move|p2a: Clefable|Moonblast|p1a: Raikou
|-damage|p1a: Raikou|100\/329
|
|-heal|p2a: Clefable|245\/394|[from] item: Leftovers
|turn|43
|
|move|p1a: Raikou|Thunderbolt|p2a: Clefable
|-damage|p2a: Clefable|131\/394
|move|p2a: Clefable|Soft-Boiled|p2a: Clefable
|-heal|p2a: Clefable|328\/394
|
|-heal|p2a: Clefable|352\/394|[from] item: Leftovers
|turn|44
|
|move|p1a: Raikou|Thunderbolt|p2a: Clefable
|-damage|p2a: Clefable|220\/394
|move|p2a: Clefable|Moonblast|p1a: Raikou
|-damage|p1a: Raikou|0 fnt
|faint|p1a: Raikou
|
|-heal|p2a: Clefable|244\/394|[from] item: Leftovers
|
|switch|p1a: Gliscor|Gliscor, F|352\/352 tox
|-damage|p1a: Gliscor|308\/352 tox|[from] Stealth Rock
|turn|45
|
|move|p1a: Gliscor|Earthquake|p2a: Clefable
|-damage|p2a: Clefable|141\/394
|move|p2a: Clefable|Moonblast|p1a: Gliscor
|-damage|p1a: Gliscor|41\/352 tox
|-unboost|p1a: Gliscor|spa|1
|
|-heal|p2a: Clefable|165\/394|[from] item: Leftovers
|-heal|p1a: Gliscor|85\/352 tox|[from] ability: Poison Heal
|turn|46
|
|move|p1a: Gliscor|Earthquake|p2a: Clefable
|-crit|p2a: Clefable
|-damage|p2a: Clefable|29\/394
|move|p2a: Clefable|Soft-Boiled|p2a: Clefable
|-heal|p2a: Clefable|226\/394
|
|-heal|p2a: Clefable|250\/394|[from] item: Leftovers
|-heal|p1a: Gliscor|129\/352 tox|[from] ability: Poison Heal
|turn|47
|
|move|p1a: Gliscor|Earthquake|p2a: Clefable
|-damage|p2a: Clefable|153\/394
|move|p2a: Clefable|Soft-Boiled|p2a: Clefable
|-heal|p2a: Clefable|350\/394
|
|-heal|p2a: Clefable|374\/394|[from] item: Leftovers
|-heal|p1a: Gliscor|173\/352 tox|[from] ability: Poison Heal
|turn|48
|chat|a lunatic dude|damit it has been 10 turns and noonw lost a pkmn
|
|move|p1a: Gliscor|Earthquake|p2a: Clefable
|-damage|p2a: Clefable|280\/394
|move|p2a: Clefable|Moonblast|p1a: Gliscor
|-damage|p1a: Gliscor|0 fnt
|faint|p1a: Gliscor
|
|-heal|p2a: Clefable|304\/394|[from] item: Leftovers
|
|switch|p1a: Clefable|Clefable, M|221\/394
|-damage|p1a: Clefable|172\/394|[from] Stealth Rock
|turn|49
|chat|a lunatic dude|OH DAT PREDICTION
|chat|a lunatic dude|OR NOT
|
|move|p2a: Clefable|Moonblast|p1a: Clefable
|-crit|p1a: Clefable
|-damage|p1a: Clefable|0 fnt
|faint|p1a: Clefable
|
|win|fuck christmas
|chat|fuck christmas|gg
|leave|fuck christmas
|player|p2
|chat|xela187|gg
|leave|Draeden
|leave|xela187
|player|p1
|leave|Special Jirachi
|join|championgary1998
|chat|championgary1998|lol
|leave|championgary1998
|leave|a lunatic dude