|join|97eml1
|join|Dayanne
|player|p1|97eml1|170
|player|p2|Dayanne|34
|gametype|singles
|gen|6
|tier|ORAS OU
|rated
|rule|Sleep Clause Mod: Limit one foe put to sleep
|rule|Species Clause: Limit one of each PokÃ©mon
|rule|OHKO Clause: OHKO moves are banned
|rule|Moody Clause: Moody is banned
|rule|Evasion Moves Clause: Evasion moves are banned
|rule|Endless Battle Clause: Forcing endless battles is banned
|rule|HP Percentage Mod: HP is shown in percentages
|clearpoke
|poke|p1|Metagross
|poke|p1|Chansey, F
|poke|p1|Weavile, M
|poke|p1|Zygarde
|poke|p1|Slurpuff, M
|poke|p1|Zapdos
|poke|p2|Chansey, F
|poke|p2|Zapdos
|poke|p2|Scizor, F
|poke|p2|Clefable, M
|poke|p2|Gliscor, M
|poke|p2|Slowbro, M
|rule|Swagger Clause: Swagger is banned
|rule|Baton Pass Clause: Limit one PokÃ©mon knowing Baton Pass
|teampreview
|
|start
|switch|p1a: Weavile|Weavile, M|287\/287
|switch|p2a: Slowbro|Slowbro, M|394\/394
|turn|1
|
|switch|p2a: Scizor|Scizor, F|344\/344
|move|p1a: Weavile|Knock Off|p2a: Scizor
|-crit|p2a: Scizor
|-damage|p2a: Scizor|180\/344
|-damage|p1a: Weavile|259\/287|[from] item: Life Orb
|
|turn|2
|
|switch|p1a: Zapdos|Zapdos|384\/384
|-ability|p1a: Zapdos|Pressure
|detailschange|p2a: Scizor|Scizor-Mega, F
|message|Scizor has Mega Evolved into Mega Scizor!
|move|p2a: Scizor|Roost|p2a: Scizor
|-heal|p2a: Scizor|344\/344
|
|turn|3
|c|âDayanne|why
|
|switch|p2a: Gliscor|Gliscor, M|352\/352
|move|p1a: Zapdos|Heat Wave|p2a: Gliscor
|-damage|p2a: Gliscor|262\/352
|
|-status|p2a: Gliscor|tox|[from] item: Toxic Orb
|turn|4
|c|âDayanne|why
|
|switch|p1a: Metagross|Metagross|302\/302
|move|p2a: Gliscor|Knock Off|p1a: Metagross
|-supereffective|p1a: Metagross
|-damage|p1a: Metagross|218\/302
|
|-heal|p2a: Gliscor|306\/352 tox|[from] ability: Poison Heal
|turn|5
|
|switch|p2a: Slowbro|Slowbro, M|394\/394
|detailschange|p1a: Metagross|Metagross-Mega
|message|Metagross has Mega Evolved into Mega Metagross!
|move|p1a: Metagross|Ice Punch|p2a: Slowbro
|-resisted|p2a: Slowbro
|-damage|p2a: Slowbro|353\/394
|
|-heal|p2a: Slowbro|377\/394|[from] item: Leftovers
|turn|6
|
|switch|p1a: Chansey|Chansey, F|704\/704
|move|p2a: Slowbro|Scald|p1a: Chansey
|-damage|p1a: Chansey|649\/704
|-status|p1a: Chansey|brn
|
|-heal|p2a: Slowbro|394\/394|[from] item: Leftovers
|-damage|p1a: Chansey|561\/704 brn|[from] brn
|turn|7
|
|switch|p2a: Chansey|Chansey, F|704\/704
|move|p1a: Chansey|Wish|p1a: Chansey
|
|-damage|p1a: Chansey|473\/704 brn|[from] brn
|turn|8
|
|move|p2a: Chansey|Stealth Rock|p1a: Chansey
|-sidestart|p1: 97eml1|move: Stealth Rock
|move|p1a: Chansey|Heal Bell|p1a: Chansey
|-cureteam|p1a: Chansey|[from] move: HealBell
|
|-heal|p1a: Chansey|704\/704|[from] move: Wish|[wisher] Chansey
|turn|9
|
|switch|p2a: Gliscor|Gliscor, M|306\/352 tox
|move|p1a: Chansey|Wish|p1a: Chansey
|
|-heal|p2a: Gliscor|350\/352 tox|[from] ability: Poison Heal
|turn|10
|
|switch|p1a: Metagross|Metagross-Mega|218\/302
|-damage|p1a: Metagross|200\/302|[from] Stealth Rock
|move|p2a: Gliscor|Taunt|p1a: Metagross
|-start|p1a: Metagross|move: Taunt
|
|-heal|p1a: Metagross|302\/302|[from] move: Wish|[wisher] Chansey
|-heal|p2a: Gliscor|352\/352 tox|[from] ability: Poison Heal
|turn|11
|
|switch|p1a: Zapdos|Zapdos|384\/384
|-damage|p1a: Zapdos|288\/384|[from] Stealth Rock
|-ability|p1a: Zapdos|Pressure
|switch|p2a: Slowbro|Slowbro, M|394\/394
|
|-heal|p1a: Zapdos|312\/384|[from] item: Leftovers
|turn|12
|
|move|p1a: Zapdos|Defog|p2a: Slowbro
|-unboost|p2a: Slowbro|evasion|1
|-sideend|p1: 97eml1|Stealth Rock|[from] move: Defog|[of] p1a: Zapdos
|move|p2a: Slowbro|Scald|p1a: Zapdos
|-damage|p1a: Zapdos|207\/384
|
|-heal|p1a: Zapdos|231\/384|[from] item: Leftovers
|turn|13
|
|switch|p2a: Chansey|Chansey, F|704\/704
|move|p1a: Zapdos|Roost|p1a: Zapdos
|-heal|p1a: Zapdos|384\/384
|
|turn|14
|
|move|p1a: Zapdos|Discharge|p2a: Chansey
|-damage|p2a: Chansey|632\/704
|move|p2a: Chansey|Stealth Rock|p1a: Zapdos
|-sidestart|p1: 97eml1|move: Stealth Rock
|
|turn|15
|
|move|p1a: Zapdos|Defog|p2a: Chansey
|-unboost|p2a: Chansey|evasion|1
|-sideend|p1: 97eml1|Stealth Rock|[from] move: Defog|[of] p1a: Zapdos
|move|p2a: Chansey|Seismic Toss|p1a: Zapdos
|-damage|p1a: Zapdos|284\/384
|
|-heal|p1a: Zapdos|308\/384|[from] item: Leftovers
|turn|16
|
|move|p1a: Zapdos|Discharge|p2a: Chansey
|-damage|p2a: Chansey|559\/704
|move|p2a: Chansey|Stealth Rock|p1a: Zapdos
|-sidestart|p1: 97eml1|move: Stealth Rock
|
|-heal|p1a: Zapdos|332\/384|[from] item: Leftovers
|turn|17
|
|move|p1a: Zapdos|Defog|p2a: Chansey
|-unboost|p2a: Chansey|evasion|1
|-sideend|p1: 97eml1|Stealth Rock|[from] move: Defog|[of] p1a: Zapdos
|move|p2a: Chansey|Seismic Toss|p1a: Zapdos
|-damage|p1a: Zapdos|232\/384
|
|-heal|p1a: Zapdos|256\/384|[from] item: Leftovers
|turn|18
|
|switch|p1a: Metagross|Metagross-Mega|302\/302
|move|p2a: Chansey|Seismic Toss|p1a: Metagross
|-damage|p1a: Metagross|202\/302
|
|turn|19
|
|switch|p2a: Slowbro|Slowbro, M|394\/394
|move|p1a: Metagross|Hammer Arm|p2a: Slowbro
|-resisted|p2a: Slowbro
|-damage|p2a: Slowbro|336\/394
|-unboost|p1a: Metagross|spe|1
|
|-heal|p2a: Slowbro|360\/394|[from] item: Leftovers
|turn|20
|
|switch|p1a: Zapdos|Zapdos|256\/384
|-ability|p1a: Zapdos|Pressure
|switch|p2a: Chansey|Chansey, F|559\/704
|
|-heal|p1a: Zapdos|280\/384|[from] item: Leftovers
|turn|21
|
|move|p1a: Zapdos|Roost|p1a: Zapdos
|-heal|p1a: Zapdos|384\/384
|move|p2a: Chansey|Seismic Toss|p1a: Zapdos
|-damage|p1a: Zapdos|284\/384
|
|-heal|p1a: Zapdos|308\/384|[from] item: Leftovers
|turn|22
|
|switch|p1a: Zygarde|Zygarde|420\/420
|-ability|p1a: Zygarde|Aura Break
|move|p2a: Chansey|Stealth Rock|p1a: Zygarde
|-sidestart|p1: 97eml1|move: Stealth Rock
|
|turn|23
|
|switch|p2a: Clefable|Clefable, M|394\/394
|move|p1a: Zygarde|Dragon Dance|p1a: Zygarde
|-boost|p1a: Zygarde|atk|1
|-boost|p1a: Zygarde|spe|1
|
|turn|24
|
|move|p1a: Zygarde|Earthquake|p2a: Clefable
|-crit|p2a: Clefable
|-damage|p2a: Clefable|180\/394
|move|p2a: Clefable|Moonblast|p1a: Zygarde
|-supereffective|p1a: Zygarde
|-damage|p1a: Zygarde|204\/420
|-unboost|p1a: Zygarde|spa|1
|
|-heal|p1a: Zygarde|230\/420|[from] item: Leftovers
|-heal|p2a: Clefable|204\/394|[from] item: Leftovers
|turn|25
|
|switch|p1a: Metagross|Metagross-Mega|202\/302
|-damage|p1a: Metagross|184\/302|[from] Stealth Rock
|move|p2a: Clefable|Moonlight|p2a: Clefable
|-heal|p2a: Clefable|394\/394
|
|turn|26
|
|switch|p1a: Zapdos|Zapdos|308\/384
|-damage|p1a: Zapdos|212\/384|[from] Stealth Rock
|-ability|p1a: Zapdos|Pressure
|switch|p2a: Slowbro|Slowbro, M|394\/394
|
|-heal|p1a: Zapdos|236\/384|[from] item: Leftovers
|turn|27
|
|move|p1a: Zapdos|Discharge|p2a: Slowbro
|-supereffective|p2a: Slowbro
|-damage|p2a: Slowbro|140\/394
|move|p2a: Slowbro|Scald|p1a: Zapdos
|-damage|p1a: Zapdos|139\/384
|
|-heal|p1a: Zapdos|163\/384|[from] item: Leftovers
|-heal|p2a: Slowbro|164\/394|[from] item: Leftovers
|turn|28
|
|switch|p2a: Gliscor|Gliscor, M|352\/352 tox
|move|p1a: Zapdos|Defog|p2a: Gliscor
|-unboost|p2a: Gliscor|evasion|1
|-sideend|p1: 97eml1|Stealth Rock|[from] move: Defog|[of] p1a: Zapdos
|
|-heal|p1a: Zapdos|187\/384|[from] item: Leftovers
|turn|29
|
|move|p2a: Gliscor|Taunt|p1a: Zapdos
|-start|p1a: Zapdos|move: Taunt
|cant|p1a: Zapdos|move: Taunt|Roost
|
|-heal|p1a: Zapdos|211\/384|[from] item: Leftovers
|turn|30
|
|switch|p1a: Weavile|Weavile, M|259\/287
|move|p2a: Gliscor|Knock Off|p1a: Weavile
|-resisted|p1a: Weavile
|-damage|p1a: Weavile|210\/287
|-enditem|p1a: Weavile|Life Orb|[from] move: Knock Off|[of] p2a: Gliscor
|
|turn|31
|
|switch|p2a: Scizor|Scizor-Mega, F|344\/344
|move|p1a: Weavile|Knock Off|p2a: Scizor
|-crit|p2a: Scizor
|-damage|p2a: Scizor|247\/344
|
|turn|32
|
|switch|p1a: Zapdos|Zapdos|211\/384
|-ability|p1a: Zapdos|Pressure
|switch|p2a: Gliscor|Gliscor, M|352\/352 tox
|
|-heal|p1a: Zapdos|235\/384|[from] item: Leftovers
|turn|33
|
|move|p2a: Gliscor|Knock Off|p1a: Zapdos
|-damage|p1a: Zapdos|176\/384
|-enditem|p1a: Zapdos|Leftovers|[from] move: Knock Off|[of] p2a: Gliscor
|move|p1a: Zapdos|Roost|p1a: Zapdos
|-heal|p1a: Zapdos|368\/384
|
|turn|34
|
|move|p2a: Gliscor|Earthquake|p1a: Zapdos
|-immune|p1a: Zapdos|[msg]
|move|p1a: Zapdos|Heat Wave|p2a: Gliscor
|-damage|p2a: Gliscor|261\/352 tox
|
|-heal|p2a: Gliscor|305\/352 tox|[from] ability: Poison Heal
|turn|35
|
|switch|p1a: Weavile|Weavile, M|210\/287
|move|p2a: Gliscor|Knock Off|p1a: Weavile
|-resisted|p1a: Weavile
|-damage|p1a: Weavile|173\/287
|-item|p1a: Weavile|Toxic Orb|[from] ability: Pickpocket
|-enditem|p1a: Weavile|Toxic Orb|[from] move: Knock Off|[of] p2a: Gliscor
|
|-heal|p2a: Gliscor|349\/352 tox|[from] ability: Poison Heal
|turn|36
|
|switch|p2a: Scizor|Scizor-Mega, F|247\/344
|move|p1a: Weavile|Knock Off|p2a: Scizor
|-damage|p2a: Scizor|178\/344
|
|turn|37
|
|move|p1a: Weavile|Knock Off|p2a: Scizor
|-damage|p2a: Scizor|115\/344
|move|p2a: Scizor|Roost|p2a: Scizor
|-heal|p2a: Scizor|287\/344
|
|turn|38
|
|switch|p1a: Zapdos|Zapdos|368\/384
|-ability|p1a: Zapdos|Pressure
|move|p2a: Scizor|Swords Dance|p2a: Scizor
|-boost|p2a: Scizor|atk|2
|
|turn|39
|
|switch|p2a: Chansey|Chansey, F|559\/704
|move|p1a: Zapdos|Heat Wave|p2a: Chansey
|-crit|p2a: Chansey
|-damage|p2a: Chansey|478\/704
|
|turn|40
|
|switch|p1a: Slurpuff|Slurpuff, M|350\/350
|move|p2a: Chansey|Seismic Toss|p1a: Slurpuff
|-damage|p1a: Slurpuff|250\/350
|
|turn|41
|
|move|p1a: Slurpuff|Belly Drum|p1a: Slurpuff
|-damage|p1a: Slurpuff|75\/350
|-setboost|p1a: Slurpuff|atk|6|[from] move: Belly Drum
|-enditem|p1a: Slurpuff|Sitrus Berry|[eat]
|-heal|p1a: Slurpuff|162\/350|[from] item: Sitrus Berry
|move|p2a: Chansey|Stealth Rock|p1a: Slurpuff
|-sidestart|p1: 97eml1|move: Stealth Rock
|
|turn|42
|
|switch|p2a: Clefable|Clefable, M|394\/394
|move|p1a: Slurpuff|Drain Punch|p2a: Clefable
|-resisted|p2a: Clefable
|-damage|p2a: Clefable|365\/394
|-heal|p1a: Slurpuff|177\/350|[from] drain|[of] p2a: Clefable
|
|-heal|p2a: Clefable|389\/394|[from] item: Leftovers
|turn|43
|
|move|p1a: Slurpuff|Play Rough|p2a: Clefable
|-damage|p2a: Clefable|283\/394
|move|p2a: Clefable|Thunder Wave|p1a: Slurpuff
|-status|p1a: Slurpuff|par
|
|-heal|p2a: Clefable|307\/394|[from] item: Leftovers
|turn|44
|-message|97eml1 forfeited.
|
|win|Dayanne
|raw|Ladder updating...
|raw|97eml1's rating: 1000 &rarr; <strong>1000<\/strong><br \/>(+0 for losing)
|raw|Dayanne's rating: 1033 &rarr; <strong>1065<\/strong><br \/>(+32 for winning)
|leave|97eml1
|player|p1