|join|Dayanne
|join|Morales4life
|player|p1|Dayanne|34
|player|p2|Morales4life|265
|gametype|singles
|gen|6
|tier|ORAS OU
|rated
|rule|Sleep Clause Mod: Limit one foe put to sleep
|rule|Species Clause: Limit one of each PokÃ©mon
|rule|OHKO Clause: OHKO moves are banned
|rule|Moody Clause: Moody is banned
|rule|Evasion Moves Clause: Evasion moves are banned
|rule|Endless Battle Clause: Forcing endless battles is banned
|rule|HP Percentage Mod: HP is shown in percentages
|clearpoke
|poke|p1|Chansey, F
|poke|p1|Zapdos
|poke|p1|Scizor, M
|poke|p1|Clefable, M
|poke|p1|Gliscor, F
|poke|p1|Slowbro, F
|poke|p2|Sceptile, M, shiny
|poke|p2|Goodra, M, shiny
|poke|p2|Thundurus-Therian, M, shiny
|poke|p2|Slowbro, M, shiny
|poke|p2|Excadrill, F, shiny
|poke|p2|Tyranitar, F
|rule|Swagger Clause: Swagger is banned
|rule|Baton Pass Clause: Limit one PokÃ©mon knowing Baton Pass
|teampreview
|
|start
|switch|p1a: Slowbro|Slowbro, F|394\/394
|switch|p2a: Goodra|Goodra, M, shiny|381\/381
|turn|1
|
|move|p2a: Goodra|Sludge Wave|p1a: Slowbro
|-damage|p1a: Slowbro|266\/394
|move|p1a: Slowbro|Thunder Wave|p2a: Goodra
|-status|p2a: Goodra|par
|
|-heal|p1a: Slowbro|290\/394|[from] item: Leftovers
|turn|2
|
|switch|p1a: Chansey|Chansey, F|704\/704
|cant|p2a: Goodra|par
|
|turn|3
|
|move|p1a: Chansey|Stealth Rock|p2a: Goodra
|-sidestart|p2: Morales4life|move: Stealth Rock
|move|p2a: Goodra|Draco Meteor|p1a: Chansey
|-damage|p1a: Chansey|554\/704
|-unboost|p2a: Goodra|spa|2
|
|turn|4
|
|switch|p2a: Tyranitar|Tyranitar, F|404\/404
|-damage|p2a: Tyranitar|354\/404|[from] Stealth Rock
|-weather|Sandstorm
|move|p1a: Chansey|Seismic Toss|p2a: Tyranitar
|-damage|p2a: Tyranitar|254\/404
|
|-weather|Sandstorm|[upkeep]
|-damage|p1a: Chansey|510\/704|[from] sandstorm
|turn|5
|
|move|p2a: Tyranitar|Stealth Rock|p1a: Chansey
|-sidestart|p1: Dayanne|move: Stealth Rock
|move|p1a: Chansey|Soft-Boiled|p1a: Chansey
|-heal|p1a: Chansey|704\/704
|
|-weather|Sandstorm|[upkeep]
|-damage|p1a: Chansey|660\/704|[from] sandstorm
|turn|6
|
|switch|p2a: Excadrill|Excadrill, F, shiny|362\/362
|-damage|p2a: Excadrill|351\/362|[from] Stealth Rock
|move|p1a: Chansey|Seismic Toss|p2a: Excadrill
|-damage|p2a: Excadrill|251\/362
|
|-weather|Sandstorm|[upkeep]
|-damage|p1a: Chansey|616\/704|[from] sandstorm
|turn|7
|
|move|p2a: Excadrill|Earthquake|p1a: Chansey
|-damage|p1a: Chansey|296\/704
|-damage|p2a: Excadrill|215\/362|[from] item: Life Orb
|move|p1a: Chansey|Seismic Toss|p2a: Excadrill
|-damage|p2a: Excadrill|115\/362
|
|-weather|Sandstorm|[upkeep]
|-damage|p1a: Chansey|252\/704|[from] sandstorm
|turn|8
|
|switch|p1a: Slowbro|Slowbro, F|394\/394
|-damage|p1a: Slowbro|345\/394|[from] Stealth Rock
|move|p2a: Excadrill|Earthquake|p1a: Slowbro
|-damage|p1a: Slowbro|177\/394
|-damage|p2a: Excadrill|79\/362|[from] item: Life Orb
|
|-weather|Sandstorm|[upkeep]
|-damage|p1a: Slowbro|153\/394|[from] sandstorm
|-heal|p1a: Slowbro|177\/394|[from] item: Leftovers
|turn|9
|
|switch|p2a: Sceptile|Sceptile, M, shiny|282\/282
|-damage|p2a: Sceptile|247\/282|[from] Stealth Rock
|move|p1a: Slowbro|Slack Off|p1a: Slowbro
|-heal|p1a: Slowbro|374\/394
|
|-weather|Sandstorm|[upkeep]
|-damage|p2a: Sceptile|230\/282|[from] sandstorm
|-damage|p1a: Slowbro|350\/394|[from] sandstorm
|-heal|p1a: Slowbro|374\/394|[from] item: Leftovers
|turn|10
|
|switch|p1a: Gliscor|Gliscor, F|352\/352
|-damage|p1a: Gliscor|308\/352|[from] Stealth Rock
|detailschange|p2a: Sceptile|Sceptile-Mega, M, shiny
|message|Sceptile has Mega Evolved into Mega Sceptile!
|move|p2a: Sceptile|Substitute|p2a: Sceptile
|-start|p2a: Sceptile|Substitute
|-damage|p2a: Sceptile|160\/282
|
|-weather|Sandstorm|[upkeep]
|-damage|p2a: Sceptile|143\/282|[from] sandstorm
|-status|p1a: Gliscor|tox|[from] item: Toxic Orb
|turn|11
|
|move|p2a: Sceptile|Giga Drain|p1a: Gliscor
|-damage|p1a: Gliscor|185\/352 tox
|-heal|p2a: Sceptile|205\/282|[from] drain|[of] p1a: Gliscor
|move|p1a: Gliscor|Earthquake|p2a: Sceptile
|-resisted|p2a: Sceptile
|-end|p2a: Sceptile|Substitute
|
|-weather|none
|-heal|p1a: Gliscor|229\/352 tox|[from] ability: Poison Heal
|turn|12
|
|move|p2a: Sceptile|Giga Drain|p1a: Gliscor
|-damage|p1a: Gliscor|96\/352 tox
|-heal|p2a: Sceptile|272\/282|[from] drain|[of] p1a: Gliscor
|move|p1a: Gliscor|Earthquake|p2a: Sceptile
|-crit|p2a: Sceptile
|-resisted|p2a: Sceptile
|-damage|p2a: Sceptile|169\/282
|
|-heal|p1a: Gliscor|140\/352 tox|[from] ability: Poison Heal
|turn|13
|
|move|p2a: Sceptile|Giga Drain|p1a: Gliscor
|-damage|p1a: Gliscor|0 fnt
|-heal|p2a: Sceptile|239\/282|[from] drain|[of] p1a: Gliscor
|faint|p1a: Gliscor
|
|
|switch|p1a: Chansey|Chansey, F|252\/704
|-damage|p1a: Chansey|164\/704|[from] Stealth Rock
|turn|14
|
|move|p2a: Sceptile|Substitute|p2a: Sceptile
|-start|p2a: Sceptile|Substitute
|-damage|p2a: Sceptile|169\/282
|move|p1a: Chansey|Soft-Boiled|p1a: Chansey
|-heal|p1a: Chansey|516\/704
|
|turn|15
|
|move|p2a: Sceptile|Focus Blast|p1a: Chansey
|-supereffective|p1a: Chansey
|-damage|p1a: Chansey|336\/704
|move|p1a: Chansey|Soft-Boiled|p1a: Chansey
|-heal|p1a: Chansey|688\/704
|
|turn|16
|
|switch|p2a: Slowbro|Slowbro, M, shiny|394\/394
|-damage|p2a: Slowbro|345\/394|[from] Stealth Rock
|move|p1a: Chansey|Seismic Toss|p2a: Slowbro
|-damage|p2a: Slowbro|245\/394
|
|-heal|p2a: Slowbro|269\/394|[from] item: Leftovers
|turn|17
|
|switch|p1a: Slowbro|Slowbro, F|394\/394
|-damage|p1a: Slowbro|345\/394|[from] Stealth Rock
|move|p2a: Slowbro|Toxic|p1a: Slowbro
|-status|p1a: Slowbro|tox
|
|-heal|p1a: Slowbro|369\/394 tox|[from] item: Leftovers
|-heal|p2a: Slowbro|293\/394|[from] item: Leftovers
|-damage|p1a: Slowbro|345\/394 tox|[from] psn
|turn|18
|
|switch|p2a: Sceptile|Sceptile-Mega, M, shiny|169\/282
|-damage|p2a: Sceptile|134\/282|[from] Stealth Rock
|move|p1a: Slowbro|Thunder Wave|p2a: Sceptile
|-boost|p2a: Sceptile|spa|1|[from] ability: Lightning Rod
|
|-heal|p1a: Slowbro|369\/394 tox|[from] item: Leftovers
|-damage|p1a: Slowbro|321\/394 tox|[from] psn
|turn|19
|
|switch|p1a: Chansey|Chansey, F|688\/704
|-damage|p1a: Chansey|600\/704|[from] Stealth Rock
|move|p2a: Sceptile|Giga Drain|p1a: Chansey
|-damage|p1a: Chansey|461\/704
|-heal|p2a: Sceptile|204\/282|[from] drain|[of] p1a: Chansey
|
|turn|20
|
|move|p2a: Sceptile|Focus Blast|p1a: Chansey
|-supereffective|p1a: Chansey
|-damage|p1a: Chansey|157\/704
|move|p1a: Chansey|Soft-Boiled|p1a: Chansey
|-heal|p1a: Chansey|509\/704
|
|turn|21
|
|switch|p2a: Slowbro|Slowbro, M, shiny|394\/394
|-damage|p2a: Slowbro|345\/394|[from] Stealth Rock
|move|p1a: Chansey|Soft-Boiled|p1a: Chansey
|-heal|p1a: Chansey|704\/704
|
|-heal|p2a: Slowbro|369\/394|[from] item: Leftovers
|turn|22
|
|switch|p2a: Sceptile|Sceptile-Mega, M, shiny|204\/282
|-damage|p2a: Sceptile|169\/282|[from] Stealth Rock
|move|p1a: Chansey|Heal Bell|p1a: Chansey
|-cureteam|p1a: Chansey|[from] move: HealBell
|
|turn|23
|
|move|p2a: Sceptile|Substitute|p2a: Sceptile
|-start|p2a: Sceptile|Substitute
|-damage|p2a: Sceptile|99\/282
|move|p1a: Chansey|Seismic Toss|p2a: Sceptile
|-end|p2a: Sceptile|Substitute
|
|turn|24
|
|move|p2a: Sceptile|Giga Drain|p1a: Chansey
|-damage|p1a: Chansey|602\/704
|-heal|p2a: Sceptile|150\/282|[from] drain|[of] p1a: Chansey
|move|p1a: Chansey|Seismic Toss|p2a: Sceptile
|-damage|p2a: Sceptile|50\/282
|
|turn|25
|
|switch|p2a: Slowbro|Slowbro, M, shiny|394\/394
|-damage|p2a: Slowbro|345\/394|[from] Stealth Rock
|move|p1a: Chansey|Seismic Toss|p2a: Slowbro
|-damage|p2a: Slowbro|245\/394
|
|-heal|p2a: Slowbro|269\/394|[from] item: Leftovers
|turn|26
|
|move|p1a: Chansey|Stealth Rock|p2a: Slowbro
|-fail|p2a: Slowbro
|move|p2a: Slowbro|Toxic|p1a: Chansey
|-status|p1a: Chansey|tox
|
|-heal|p2a: Slowbro|293\/394|[from] item: Leftovers
|-damage|p1a: Chansey|558\/704 tox|[from] psn
|turn|27
|
|move|p1a: Chansey|Seismic Toss|p2a: Slowbro
|-damage|p2a: Slowbro|193\/394
|move|p2a: Slowbro|Slack Off|p2a: Slowbro
|-heal|p2a: Slowbro|390\/394
|
|-heal|p2a: Slowbro|394\/394|[from] item: Leftovers
|-damage|p1a: Chansey|470\/704 tox|[from] psn
|turn|28
|
|switch|p2a: Tyranitar|Tyranitar, F|254\/404
|-damage|p2a: Tyranitar|204\/404|[from] Stealth Rock
|-weather|Sandstorm
|move|p1a: Chansey|Soft-Boiled|p1a: Chansey
|-heal|p1a: Chansey|704\/704 tox
|
|-weather|Sandstorm|[upkeep]
|-damage|p1a: Chansey|660\/704 tox|[from] sandstorm
|-damage|p1a: Chansey|528\/704 tox|[from] psn
|turn|29
|
|move|p2a: Tyranitar|Pursuit|p1a: Chansey|[from]Pursuit
|-damage|p1a: Chansey|374\/704 tox
|switch|p1a: Slowbro|Slowbro, F|394\/394
|-damage|p1a: Slowbro|345\/394|[from] Stealth Rock
|
|-weather|Sandstorm|[upkeep]
|-damage|p1a: Slowbro|321\/394|[from] sandstorm
|-heal|p1a: Slowbro|345\/394|[from] item: Leftovers
|turn|30
|
|move|p2a: Tyranitar|Crunch|p1a: Slowbro
|-supereffective|p1a: Slowbro
|-damage|p1a: Slowbro|183\/394
|-unboost|p1a: Slowbro|def|1
|move|p1a: Slowbro|Scald|p2a: Tyranitar
|-supereffective|p2a: Tyranitar
|-damage|p2a: Tyranitar|112\/404
|
|-weather|Sandstorm|[upkeep]
|-damage|p1a: Slowbro|159\/394|[from] sandstorm
|-heal|p1a: Slowbro|183\/394|[from] item: Leftovers
|turn|31
|
|move|p2a: Tyranitar|Crunch|p1a: Slowbro
|-supereffective|p1a: Slowbro
|-damage|p1a: Slowbro|0 fnt
|faint|p1a: Slowbro
|
|-weather|Sandstorm|[upkeep]
|
|switch|p1a: Scizor|Scizor, M|344\/344
|-damage|p1a: Scizor|301\/344|[from] Stealth Rock
|turn|32
|
|detailschange|p1a: Scizor|Scizor-Mega, M
|message|Scizor has Mega Evolved into Mega Scizor!
|move|p1a: Scizor|Bullet Punch|p2a: Tyranitar
|-supereffective|p2a: Tyranitar
|-damage|p2a: Tyranitar|0 fnt
|faint|p2a: Tyranitar
|
|-weather|Sandstorm|[upkeep]
|
|switch|p2a: Thundurus-Therian|Thundurus-Therian, M, shiny|300\/300
|-damage|p2a: Thundurus-Therian|225\/300|[from] Stealth Rock
|turn|33
|
|move|p2a: Thundurus-Therian|Volt Switch|p1a: Scizor
|-damage|p1a: Scizor|154\/344
|
|switch|p2a: Slowbro|Slowbro, M, shiny|394\/394
|-damage|p2a: Slowbro|345\/394|[from] Stealth Rock
|move|p1a: Scizor|Swords Dance|p1a: Scizor
|-boost|p1a: Scizor|atk|2
|
|-weather|Sandstorm|[upkeep]
|-damage|p2a: Slowbro|321\/394|[from] sandstorm
|-heal|p2a: Slowbro|345\/394|[from] item: Leftovers
|turn|34
|
|move|p1a: Scizor|Roost|p1a: Scizor
|-heal|p1a: Scizor|326\/344
|move|p2a: Slowbro|Scald|p1a: Scizor
|-damage|p1a: Scizor|223\/344
|
|-weather|Sandstorm|[upkeep]
|-damage|p2a: Slowbro|321\/394|[from] sandstorm
|-heal|p2a: Slowbro|345\/394|[from] item: Leftovers
|turn|35
|
|move|p1a: Scizor|Swords Dance|p1a: Scizor
|-boost|p1a: Scizor|atk|2
|move|p2a: Slowbro|Scald|p1a: Scizor
|-damage|p1a: Scizor|124\/344
|
|-weather|none
|-heal|p2a: Slowbro|369\/394|[from] item: Leftovers
|turn|36
|
|move|p1a: Scizor|Roost|p1a: Scizor
|-heal|p1a: Scizor|296\/344
|move|p2a: Slowbro|Scald|p1a: Scizor
|-damage|p1a: Scizor|193\/344
|
|-heal|p2a: Slowbro|393\/394|[from] item: Leftovers
|turn|37
|
|move|p1a: Scizor|Roost|p1a: Scizor
|-heal|p1a: Scizor|344\/344
|move|p2a: Slowbro|Scald|p1a: Scizor
|-crit|p1a: Scizor
|-damage|p1a: Scizor|205\/344
|
|-heal|p2a: Slowbro|394\/394|[from] item: Leftovers
|turn|38
|
|switch|p1a: Chansey|Chansey, F|374\/704
|-damage|p1a: Chansey|286\/704|[from] Stealth Rock
|move|p2a: Slowbro|Ice Beam|p1a: Chansey
|-crit|p1a: Chansey
|-damage|p1a: Chansey|215\/704
|
|turn|39
|
|move|p1a: Chansey|Soft-Boiled|p1a: Chansey
|-heal|p1a: Chansey|567\/704
|move|p2a: Slowbro|Scald|p1a: Chansey
|-damage|p1a: Chansey|500\/704
|
|turn|40
|
|switch|p1a: Zapdos|Zapdos|384\/384
|-damage|p1a: Zapdos|288\/384|[from] Stealth Rock
|-ability|p1a: Zapdos|Pressure
|move|p2a: Slowbro|Toxic|p1a: Zapdos
|-status|p1a: Zapdos|tox
|
|-heal|p1a: Zapdos|312\/384 tox|[from] item: Leftovers
|-damage|p1a: Zapdos|288\/384 tox|[from] psn
|turn|41
|
|switch|p2a: Excadrill|Excadrill, F, shiny|79\/362
|-damage|p2a: Excadrill|68\/362|[from] Stealth Rock
|move|p1a: Zapdos|Defog|p2a: Excadrill
|-unboost|p2a: Excadrill|evasion|1
|-sideend|p2: Morales4life|Stealth Rock|[from] move: Defog|[of] p2a: Excadrill
|-sideend|p1: Dayanne|Stealth Rock|[from] move: Defog|[of] p1a: Zapdos
|
|-heal|p1a: Zapdos|312\/384 tox|[from] item: Leftovers
|-damage|p1a: Zapdos|264\/384 tox|[from] psn
|turn|42
|
|switch|p1a: Scizor|Scizor-Mega, M|205\/344
|move|p2a: Excadrill|Iron Head|p1a: Scizor
|-resisted|p1a: Scizor
|-damage|p1a: Scizor|143\/344
|-damage|p2a: Excadrill|32\/362|[from] item: Life Orb
|
|turn|43
|
|move|p1a: Scizor|Bullet Punch|p2a: Excadrill
|-resisted|p2a: Excadrill
|-damage|p2a: Excadrill|0 fnt
|faint|p2a: Excadrill
|
|
|switch|p2a: Goodra|Goodra, M, shiny|381\/381 par
|turn|44
|
|switch|p1a: Chansey|Chansey, F|500\/704
|cant|p2a: Goodra|par
|
|turn|45
|
|switch|p2a: Slowbro|Slowbro, M, shiny|394\/394
|move|p1a: Chansey|Stealth Rock|p2a: Slowbro
|-sidestart|p2: Morales4life|move: Stealth Rock
|
|turn|46
|-message|Morales4life forfeited.
|
|win|Dayanne
|raw|Ladder updating...
|leave|Morales4life
|player|p2
|raw|Dayanne's rating: 1096 &rarr; <strong>1121<\/strong><br \/>(+25 for winning)
|raw|Morales4life's rating: 1092 &rarr; <strong>1069<\/strong><br \/>(-23 for losing)