|join|Dayanne
|join|killar45
|player|p1|Dayanne|37
|player|p2|killar45|1
|gametype|singles
|gen|6
|tier|OU
|rated
|clearpoke
|poke|p1|Chansey, F
|poke|p1|Zapdos
|poke|p1|Scizor, M
|poke|p1|Clefable, F
|poke|p1|Gliscor, M
|poke|p1|Slowbro, M
|poke|p2|Beedrill, M
|poke|p2|Azelf, shiny
|poke|p2|Hydreigon, M
|poke|p2|Excadrill, M
|poke|p2|Talonflame, F
|poke|p2|Greninja, M
|rule|Swagger Clause: Swagger is banned
|rule|Baton Pass Clause: Limit one PokÃ©mon knowing Baton Pass
|rule|Sleep Clause Mod: Limit one foe put to sleep
|rule|Species Clause: Limit one of each PokÃ©mon
|rule|OHKO Clause: OHKO moves are banned
|rule|Moody Clause: Moody is banned
|rule|Evasion Moves Clause: Evasion moves are banned
|rule|Endless Battle Clause: Forcing endless battles is banned
|rule|HP Percentage Mod: HP is shown in percentages
|teampreview
|
|start
|switch|p1a: Zapdos|Zapdos|384\/384
|switch|p2a: Azelf|Azelf, shiny|354\/354
|-ability|p1a: Zapdos|Pressure
|turn|1
|
|move|p2a: Azelf|Stealth Rock|p1a: Zapdos
|-sidestart|p1: Dayanne|move: Stealth Rock
|move|p1a: Zapdos|Volt Switch|p2a: Azelf
|-damage|p2a: Azelf|228\/354
|
|switch|p1a: Slowbro|Slowbro, M|394\/394
|-damage|p1a: Slowbro|345\/394|[from] Stealth Rock
|
|-heal|p1a: Slowbro|369\/394|[from] item: Leftovers
|turn|2
|
|move|p2a: Azelf|Taunt|p1a: Slowbro
|-start|p1a: Slowbro|move: Taunt
|cant|p1a: Slowbro|move: Taunt|Thunder Wave
|
|-heal|p1a: Slowbro|393\/394|[from] item: Leftovers
|turn|3
|
|move|p2a: Azelf|Reflect|p2a: Azelf
|-sidestart|p2: killar45|Reflect
|move|p1a: Slowbro|Scald|p2a: Azelf
|-damage|p2a: Azelf|110\/354
|
|-heal|p1a: Slowbro|394\/394|[from] item: Leftovers
|turn|4
|
|move|p2a: Azelf|Light Screen|p2a: Azelf
|-sidestart|p2: killar45|move: Light Screen
|move|p1a: Slowbro|Scald|p2a: Azelf
|-damage|p2a: Azelf|44\/354
|
|-end|p1a: Slowbro|move: Taunt
|turn|5
|
|move|p2a: Azelf|Taunt|p1a: Slowbro
|-start|p1a: Slowbro|move: Taunt
|move|p1a: Slowbro|Scald|p2a: Azelf
|-damage|p2a: Azelf|0 fnt
|faint|p2a: Azelf
|
|
|switch|p2a: Beedrill|Beedrill, M|272\/272
|turn|6
|
|detailschange|p2a: Beedrill|Beedrill-Mega, M
|message|Beedrill has Mega Evolved into Mega Beedrill!
|move|p2a: Beedrill|U-turn|p1a: Slowbro
|-supereffective|p1a: Slowbro
|-damage|p1a: Slowbro|154\/394
|
|switch|p2a: Hydreigon|Hydreigon, M|325\/325
|move|p1a: Slowbro|Scald|p2a: Hydreigon
|-resisted|p2a: Hydreigon
|-damage|p2a: Hydreigon|294\/325
|
|-heal|p1a: Slowbro|178\/394|[from] item: Leftovers
|turn|7
|
|switch|p2a: Greninja|Greninja, M|285\/285
|switch|p1a: Chansey|Chansey, F|704\/704
|-damage|p1a: Chansey|616\/704|[from] Stealth Rock
|
|turn|8
|
|move|p2a: Greninja|Low Kick|p1a: Chansey
|-start|p2a: Greninja|typechange|Fighting|[from] Protean
|-supereffective|p1a: Chansey
|-damage|p1a: Chansey|335\/704
|-damage|p2a: Greninja|257\/285|[from] item: Life Orb
|move|p1a: Chansey|Stealth Rock|p2a: Greninja
|-sidestart|p2: killar45|move: Stealth Rock
|
|turn|9
|
|move|p2a: Greninja|Dark Pulse|p1a: Chansey
|-start|p2a: Greninja|typechange|Dark|[from] Protean
|-damage|p1a: Chansey|248\/704
|-damage|p2a: Greninja|229\/285|[from] item: Life Orb
|cant|p1a: Chansey|flinch
|
|turn|10
|c|âkillar45|lel
|
|switch|p1a: Clefable|Clefable, F|394\/394
|-damage|p1a: Clefable|345\/394|[from] Stealth Rock
|move|p2a: Greninja|Low Kick|p1a: Clefable
|-start|p2a: Greninja|typechange|Fighting|[from] Protean
|-resisted|p1a: Clefable
|-damage|p1a: Clefable|294\/394
|-damage|p2a: Greninja|201\/285|[from] item: Life Orb
|
|-heal|p1a: Clefable|318\/394|[from] item: Leftovers
|-sideend|p2: killar45|Reflect
|turn|11
|
|move|p1a: Clefable|Protect|p1a: Clefable
|-singleturn|p1a: Clefable|Protect
|move|p2a: Greninja|Gunk Shot|p1a: Clefable
|-start|p2a: Greninja|typechange|Poison|[from] Protean
|-activate|p1a: Clefable|Protect
|
|-heal|p1a: Clefable|342\/394|[from] item: Leftovers
|-sideend|p2: killar45|move: Light Screen
|turn|12
|
|switch|p2a: Excadrill|Excadrill, M|362\/362
|-damage|p2a: Excadrill|351\/362|[from] Stealth Rock
|-ability|p2a: Excadrill|Mold Breaker
|switch|p1a: Gliscor|Gliscor, M|352\/352
|-damage|p1a: Gliscor|308\/352|[from] Stealth Rock
|
|-status|p1a: Gliscor|tox|[from] item: Toxic Orb
|turn|13
|
|move|p2a: Excadrill|Rapid Spin|p1a: Gliscor
|-damage|p1a: Gliscor|289\/352 tox
|-sideend|p2: killar45|Stealth Rock|[from] move: Rapid Spin|[of] p2a: Excadrill
|move|p1a: Gliscor|Earthquake|p2a: Excadrill
|-supereffective|p2a: Excadrill
|-damage|p2a: Excadrill|3\/362
|
|-heal|p1a: Gliscor|333\/352 tox|[from] ability: Poison Heal
|turn|14
|
|switch|p2a: Hydreigon|Hydreigon, M|294\/325
|move|p1a: Gliscor|Knock Off|p2a: Hydreigon
|-resisted|p2a: Hydreigon
|-damage|p2a: Hydreigon|257\/325
|-enditem|p2a: Hydreigon|Life Orb|[from] move: Knock Off|[of] p1a: Gliscor
|
|-heal|p1a: Gliscor|352\/352 tox|[from] ability: Poison Heal
|turn|15
|c|âkillar45|well damn
|
|switch|p1a: Zapdos|Zapdos|384\/384
|-damage|p1a: Zapdos|288\/384|[from] Stealth Rock
|-ability|p1a: Zapdos|Pressure
|move|p2a: Hydreigon|Dark Pulse|p1a: Zapdos
|-damage|p1a: Zapdos|126\/384
|
|-heal|p1a: Zapdos|150\/384|[from] item: Leftovers
|turn|16
|
|move|p2a: Hydreigon|Dark Pulse|p1a: Zapdos
|-damage|p1a: Zapdos|0 fnt
|faint|p1a: Zapdos
|
|
|switch|p1a: Chansey|Chansey, F|248\/704
|-damage|p1a: Chansey|160\/704|[from] Stealth Rock
|turn|17
|
|move|p2a: Hydreigon|Superpower|p1a: Chansey
|-supereffective|p1a: Chansey
|-damage|p1a: Chansey|0 fnt
|-unboost|p2a: Hydreigon|atk|1
|-unboost|p2a: Hydreigon|def|1
|faint|p1a: Chansey
|
|
|switch|p1a: Slowbro|Slowbro, M|309\/394
|-damage|p1a: Slowbro|260\/394|[from] Stealth Rock
|turn|18
|
|switch|p1a: Clefable|Clefable, F|342\/394
|-damage|p1a: Clefable|293\/394|[from] Stealth Rock
|move|p2a: Hydreigon|Dark Pulse|p1a: Clefable
|-resisted|p1a: Clefable
|-damage|p1a: Clefable|221\/394
|
|-heal|p1a: Clefable|245\/394|[from] item: Leftovers
|turn|19
|
|switch|p2a: Excadrill|Excadrill, M|3\/362
|-ability|p2a: Excadrill|Mold Breaker
|move|p1a: Clefable|Wish|p1a: Clefable
|
|-heal|p1a: Clefable|269\/394|[from] item: Leftovers
|turn|20
|
|move|p1a: Clefable|Protect|p1a: Clefable
|-singleturn|p1a: Clefable|Protect
|move|p2a: Excadrill|Earthquake|p1a: Clefable
|-activate|p1a: Clefable|Protect
|
|-heal|p1a: Clefable|394\/394|[from] move: Wish|[wisher] Clefable
|turn|21
|
|switch|p1a: Scizor|Scizor, M|344\/344
|-damage|p1a: Scizor|301\/344|[from] Stealth Rock
|move|p2a: Excadrill|Earthquake|p1a: Scizor
|-damage|p1a: Scizor|162\/344
|
|turn|22
|
|detailschange|p1a: Scizor|Scizor-Mega, M
|message|Scizor has Mega Evolved into Mega Scizor!
|move|p2a: Excadrill|Earthquake|p1a: Scizor
|-damage|p1a: Scizor|65\/344
|move|p1a: Scizor|Roost|p1a: Scizor
|-heal|p1a: Scizor|237\/344
|
|turn|23
|
|switch|p2a: Talonflame|Talonflame, F|345\/345
|move|p1a: Scizor|Roost|p1a: Scizor
|-heal|p1a: Scizor|344\/344
|
|turn|24
|
|switch|p2a: Greninja|Greninja, M|201\/285
|switch|p1a: Slowbro|Slowbro, M|391\/394
|-damage|p1a: Slowbro|342\/394|[from] Stealth Rock
|
|-heal|p1a: Slowbro|366\/394|[from] item: Leftovers
|turn|25
|
|switch|p1a: Scizor|Scizor-Mega, M|344\/344
|-damage|p1a: Scizor|301\/344|[from] Stealth Rock
|move|p2a: Greninja|Dark Pulse|p1a: Scizor
|-start|p2a: Greninja|typechange|Dark|[from] Protean
|-damage|p1a: Scizor|183\/344
|-damage|p2a: Greninja|173\/285|[from] item: Life Orb
|
|turn|26
|
|move|p2a: Greninja|Low Kick|p1a: Scizor
|-start|p2a: Greninja|typechange|Fighting|[from] Protean
|-damage|p1a: Scizor|70\/344
|-damage|p2a: Greninja|145\/285|[from] item: Life Orb
|move|p1a: Scizor|Roost|p1a: Scizor
|-heal|p1a: Scizor|242\/344
|
|turn|27
|
|switch|p2a: Hydreigon|Hydreigon, M|257\/325
|move|p1a: Scizor|Bullet Punch|p2a: Hydreigon
|-damage|p2a: Hydreigon|148\/325
|
|turn|28
|
|switch|p1a: Clefable|Clefable, F|394\/394
|-damage|p1a: Clefable|345\/394|[from] Stealth Rock
|move|p2a: Hydreigon|Fire Blast|p1a: Clefable|[miss]
|-miss|p2a: Hydreigon|p1a: Clefable
|
|-heal|p1a: Clefable|369\/394|[from] item: Leftovers
|turn|29
|c|âkillar45|:\/
|
|switch|p2a: Excadrill|Excadrill, M|3\/362
|-ability|p2a: Excadrill|Mold Breaker
|move|p1a: Clefable|Moonblast|p2a: Excadrill
|-resisted|p2a: Excadrill
|-damage|p2a: Excadrill|0 fnt
|faint|p2a: Excadrill
|
|-heal|p1a: Clefable|393\/394|[from] item: Leftovers
|
|switch|p2a: Beedrill|Beedrill-Mega, M|272\/272
|turn|30
|
|switch|p1a: Scizor|Scizor-Mega, M|242\/344
|-damage|p1a: Scizor|199\/344|[from] Stealth Rock
|move|p2a: Beedrill|U-turn|p1a: Scizor
|-resisted|p1a: Scizor
|-damage|p1a: Scizor|149\/344
|
|switch|p2a: Talonflame|Talonflame, F|345\/345
|
|turn|31
|
|move|p2a: Talonflame|Brave Bird|p1a: Scizor
|-damage|p1a: Scizor|15\/344
|-damage|p2a: Talonflame|301\/345|[from] recoil|[of] p1a: Scizor
|-damage|p2a: Talonflame|267\/345|[from] item: Life Orb
|move|p1a: Scizor|Roost|p1a: Scizor
|-heal|p1a: Scizor|187\/344
|
|turn|32
|
|move|p2a: Talonflame|Swords Dance|p2a: Talonflame
|-boost|p2a: Talonflame|atk|2
|move|p1a: Scizor|Roost|p1a: Scizor
|-heal|p1a: Scizor|344\/344
|
|turn|33
|
|switch|p1a: Clefable|Clefable, F|393\/394
|-damage|p1a: Clefable|344\/394|[from] Stealth Rock
|move|p2a: Talonflame|Swords Dance|p2a: Talonflame
|-boost|p2a: Talonflame|atk|2
|
|-heal|p1a: Clefable|368\/394|[from] item: Leftovers
|turn|34
|
|switch|p2a: Beedrill|Beedrill-Mega, M|272\/272
|move|p1a: Clefable|Moonblast|p2a: Beedrill
|-resisted|p2a: Beedrill
|-damage|p2a: Beedrill|203\/272
|
|-heal|p1a: Clefable|392\/394|[from] item: Leftovers
|turn|35
|
|switch|p1a: Scizor|Scizor-Mega, M|344\/344
|-damage|p1a: Scizor|301\/344|[from] Stealth Rock
|move|p2a: Beedrill|U-turn|p1a: Scizor
|-resisted|p1a: Scizor
|-damage|p1a: Scizor|250\/344
|
|switch|p2a: Talonflame|Talonflame, F|267\/345
|
|turn|36
|
|switch|p1a: Slowbro|Slowbro, M|394\/394
|-damage|p1a: Slowbro|345\/394|[from] Stealth Rock
|move|p2a: Talonflame|Flare Blitz|p1a: Slowbro
|-resisted|p1a: Slowbro
|-damage|p1a: Slowbro|267\/394
|-damage|p2a: Talonflame|241\/345|[from] recoil|[of] p1a: Slowbro
|-damage|p2a: Talonflame|207\/345|[from] item: Life Orb
|
|-heal|p1a: Slowbro|291\/394|[from] item: Leftovers
|turn|37
|
|switch|p2a: Beedrill|Beedrill-Mega, M|203\/272
|move|p1a: Slowbro|Thunder Wave|p2a: Beedrill
|-status|p2a: Beedrill|par
|
|-heal|p1a: Slowbro|315\/394|[from] item: Leftovers
|turn|38
|
|switch|p1a: Scizor|Scizor-Mega, M|250\/344
|-damage|p1a: Scizor|207\/344|[from] Stealth Rock
|move|p2a: Beedrill|U-turn|p1a: Scizor
|-resisted|p1a: Scizor
|-damage|p1a: Scizor|151\/344
|
|switch|p2a: Talonflame|Talonflame, F|207\/345
|
|turn|39
|
|switch|p1a: Slowbro|Slowbro, M|394\/394
|-damage|p1a: Slowbro|345\/394|[from] Stealth Rock
|move|p2a: Talonflame|Swords Dance|p2a: Talonflame
|-boost|p2a: Talonflame|atk|2
|
|-heal|p1a: Slowbro|369\/394|[from] item: Leftovers
|turn|40
|
|move|p2a: Talonflame|Brave Bird|p1a: Slowbro
|-damage|p1a: Slowbro|57\/394
|-damage|p2a: Talonflame|104\/345|[from] recoil|[of] p1a: Slowbro
|-damage|p2a: Talonflame|70\/345|[from] item: Life Orb
|move|p1a: Slowbro|Scald|p2a: Talonflame
|-supereffective|p2a: Talonflame
|-damage|p2a: Talonflame|0 fnt
|faint|p2a: Talonflame
|
|-heal|p1a: Slowbro|81\/394|[from] item: Leftovers
|
|switch|p2a: Beedrill|Beedrill-Mega, M|203\/272 par
|turn|41
|
|switch|p1a: Clefable|Clefable, F|392\/394
|-damage|p1a: Clefable|343\/394|[from] Stealth Rock
|cant|p2a: Beedrill|par
|
|-heal|p1a: Clefable|367\/394|[from] item: Leftovers
|turn|42
|
|move|p1a: Clefable|Protect|p1a: Clefable
|-singleturn|p1a: Clefable|Protect
|cant|p2a: Beedrill|par
|
|-heal|p1a: Clefable|391\/394|[from] item: Leftovers
|turn|43
|c|âkillar45|lol wow
|
|switch|p1a: Scizor|Scizor-Mega, M|151\/344
|-damage|p1a: Scizor|108\/344|[from] Stealth Rock
|move|p2a: Beedrill|Poison Jab|p1a: Scizor
|-immune|p1a: Scizor|[msg]
|
|turn|44
|
|move|p1a: Scizor|Roost|p1a: Scizor
|-heal|p1a: Scizor|280\/344
|cant|p2a: Beedrill|par
|
|turn|45
|
|move|p1a: Scizor|Swords Dance|p1a: Scizor
|-boost|p1a: Scizor|atk|2
|cant|p2a: Beedrill|par
|
|turn|46
|c|âkillar45|such bs
|
|move|p1a: Scizor|Swords Dance|p1a: Scizor
|-boost|p1a: Scizor|atk|2
|move|p2a: Beedrill|U-turn|p1a: Scizor
|-resisted|p1a: Scizor
|-damage|p1a: Scizor|222\/344
|-message|killar45 forfeited.
|
|win|Dayanne
|raw|Ladder updating...
|leave|killar45
|player|p2
|raw|Dayanne's rating: 1637 &rarr; <strong>1651<\/strong><br \/>(+14 for winning)
|raw|killar45's rating: 1536 &rarr; <strong>1521<\/strong><br \/>(-15 for losing)