|join|Dayanne
|join|Mistakess
|player|p1|Dayanne|37
|player|p2|Mistakess|249
|gametype|singles
|gen|6
|tier|OU
|rated
|clearpoke
|poke|p1|Chansey, F
|poke|p1|Zapdos
|poke|p1|Scizor, M
|poke|p1|Clefable, F
|poke|p1|Gliscor, M
|poke|p1|Slowbro, M
|poke|p2|Diancie
|poke|p2|Rotom-Wash
|poke|p2|Scizor, F
|poke|p2|Landorus-Therian, M
|poke|p2|Keldeo
|poke|p2|Magnezone
|rule|Swagger Clause: Swagger is banned
|rule|Baton Pass Clause: Limit one PokÃ©mon knowing Baton Pass
|rule|Sleep Clause Mod: Limit one foe put to sleep
|rule|Species Clause: Limit one of each PokÃ©mon
|rule|OHKO Clause: OHKO moves are banned
|rule|Moody Clause: Moody is banned
|rule|Evasion Moves Clause: Evasion moves are banned
|rule|Endless Battle Clause: Forcing endless battles is banned
|rule|HP Percentage Mod: HP is shown in percentages
|teampreview
|
|start
|switch|p1a: Slowbro|Slowbro, M|394\/394
|switch|p2a: Wrath|Landorus-Therian, M|324\/324
|-ability|p2a: Wrath|Intimidate|[of] p1a: Slowbro
|-unboost|p1a: Slowbro|atk|1
|turn|1
|
|move|p2a: Wrath|U-turn|p1a: Slowbro
|-supereffective|p1a: Slowbro
|-damage|p1a: Slowbro|266\/394
|
|switch|p2a: Gluttony|Rotom-Wash|304\/304
|move|p1a: Slowbro|Scald|p2a: Gluttony
|-resisted|p2a: Gluttony
|-damage|p2a: Gluttony|270\/304
|
|-heal|p2a: Gluttony|289\/304|[from] item: Leftovers
|-heal|p1a: Slowbro|290\/394|[from] item: Leftovers
|turn|2
|
|switch|p1a: Chansey|Chansey, F|704\/704
|move|p2a: Gluttony|Will-O-Wisp|p1a: Chansey
|-status|p1a: Chansey|brn
|
|-heal|p2a: Gluttony|304\/304|[from] item: Leftovers
|-damage|p1a: Chansey|616\/704 brn|[from] brn
|turn|3
|
|switch|p1a: Gliscor|Gliscor, M|352\/352
|move|p2a: Gluttony|Pain Split|p1a: Gliscor
|-sethp|p1a: Gliscor|328\/352|p2a: Gluttony|304\/304|[from] move: Pain Split
|
|-status|p1a: Gliscor|tox|[from] item: Toxic Orb
|turn|4
|
|switch|p1a: Chansey|Chansey, F|616\/704
|move|p2a: Gluttony|Hydro Pump|p1a: Chansey
|-damage|p1a: Chansey|531\/704
|
|turn|5
|
|move|p2a: Gluttony|Volt Switch|p1a: Chansey
|-damage|p1a: Chansey|477\/704
|
|switch|p2a: Greed|Scizor, F|344\/344
|move|p1a: Chansey|Stealth Rock|p2a: Greed
|-sidestart|p2: Mistakess|move: Stealth Rock
|
|turn|6
|
|switch|p1a: Zapdos|Zapdos|384\/384
|-ability|p1a: Zapdos|Pressure
|move|p2a: Greed|Swords Dance|p2a: Greed
|-boost|p2a: Greed|atk|2
|
|turn|7
|
|switch|p2a: Gluttony|Rotom-Wash|304\/304
|-damage|p2a: Gluttony|266\/304|[from] Stealth Rock
|move|p1a: Zapdos|Heat Wave|p2a: Gluttony
|-miss|p1a: Zapdos|p2a: Gluttony
|
|-heal|p2a: Gluttony|285\/304|[from] item: Leftovers
|turn|8
|
|move|p1a: Zapdos|Volt Switch|p2a: Gluttony
|-damage|p2a: Gluttony|215\/304
|
|switch|p1a: Gliscor|Gliscor, M|328\/352 tox
|move|p2a: Gluttony|Pain Split|p1a: Gliscor
|-sethp|p1a: Gliscor|271\/352 tox|p2a: Gluttony|271\/304|[from] move: Pain Split
|
|-heal|p2a: Gluttony|290\/304|[from] item: Leftovers
|-heal|p1a: Gliscor|315\/352 tox|[from] ability: Poison Heal
|turn|9
|
|move|p1a: Gliscor|Knock Off|p2a: Gluttony
|-damage|p2a: Gluttony|223\/304
|-enditem|p2a: Gluttony|Leftovers|[from] move: Knock Off|[of] p1a: Gliscor
|move|p2a: Gluttony|Hydro Pump|p1a: Gliscor
|-supereffective|p1a: Gliscor
|-damage|p1a: Gliscor|73\/352 tox
|
|-heal|p1a: Gliscor|117\/352 tox|[from] ability: Poison Heal
|turn|10
|
|switch|p2a: Lust|Diancie|241\/241
|-damage|p2a: Lust|211\/241|[from] Stealth Rock
|move|p1a: Gliscor|Roost|p1a: Gliscor
|-heal|p1a: Gliscor|293\/352 tox
|
|-heal|p1a: Gliscor|337\/352 tox|[from] ability: Poison Heal
|turn|11
|
|detailschange|p2a: Lust|Diancie-Mega
|message|Diancie has Mega Evolved into Mega Diancie!
|move|p2a: Lust|Protect|p2a: Lust
|-singleturn|p2a: Lust|Protect
|move|p1a: Gliscor|Earthquake|p2a: Lust
|-activate|p2a: Lust|Protect
|
|-heal|p1a: Gliscor|352\/352 tox|[from] ability: Poison Heal
|turn|12
|
|move|p2a: Lust|Moonblast|p1a: Gliscor
|-crit|p1a: Gliscor
|-damage|p1a: Gliscor|55\/352 tox
|move|p1a: Gliscor|Earthquake|p2a: Lust
|-supereffective|p2a: Lust
|-damage|p2a: Lust|5\/241
|
|-heal|p1a: Gliscor|99\/352 tox|[from] ability: Poison Heal
|turn|13
|
|switch|p1a: Slowbro|Slowbro, M|394\/394
|move|p2a: Lust|Moonblast|p1a: Slowbro
|-damage|p1a: Slowbro|144\/394
|-unboost|p1a: Slowbro|spa|1
|
|-heal|p1a: Slowbro|168\/394|[from] item: Leftovers
|turn|14
|
|switch|p1a: Chansey|Chansey, F|477\/704
|move|p2a: Lust|Moonblast|p1a: Chansey
|-damage|p1a: Chansey|341\/704
|
|turn|15
|
|move|p2a: Lust|Diamond Storm|p1a: Chansey
|-damage|p1a: Chansey|110\/704
|move|p1a: Chansey|Soft-Boiled|p1a: Chansey
|-heal|p1a: Chansey|462\/704
|
|turn|16
|
|move|p2a: Lust|Moonblast|p1a: Chansey
|-damage|p1a: Chansey|338\/704
|-unboost|p1a: Chansey|spa|1
|move|p1a: Chansey|Soft-Boiled|p1a: Chansey
|-heal|p1a: Chansey|690\/704
|
|turn|17
|-message|Mistakess forfeited.
|
|win|Dayanne
|raw|Ladder updating...
|leave|Mistakess
|player|p2
|raw|Dayanne's rating: 1651 &rarr; <strong>1663<\/strong><br \/>(+12 for winning)
|raw|Mistakess's rating: 1503 &rarr; <strong>1491<\/strong><br \/>(-12 for losing)