|join|Dayanne
|join|Pancia
|player|p1|Dayanne|37
|player|p2|Pancia|171
|gametype|singles
|gen|6
|tier|OU
|rated
|clearpoke
|poke|p1|Chansey, F
|poke|p1|Zapdos
|poke|p1|Scizor, F
|poke|p1|Clefable, F
|poke|p1|Gliscor, M
|poke|p1|Slowbro, M
|poke|p2|Thundurus, M, shiny
|poke|p2|Medicham, F
|poke|p2|Azumarill, M
|poke|p2|Mandibuzz, F
|poke|p2|Alakazam, F
|poke|p2|Rotom-Heat
|rule|Swagger Clause: Swagger is banned
|rule|Baton Pass Clause: Limit one PokÃ©mon knowing Baton Pass
|rule|Sleep Clause Mod: Limit one foe put to sleep
|rule|Species Clause: Limit one of each PokÃ©mon
|rule|OHKO Clause: OHKO moves are banned
|rule|Moody Clause: Moody is banned
|rule|Evasion Moves Clause: Evasion moves are banned
|rule|Endless Battle Clause: Forcing endless battles is banned
|rule|HP Percentage Mod: HP is shown in percentages
|teampreview
|
|start
|switch|p1a: Slowbro|Slowbro, M|394\/394
|switch|p2a: Thundurus|Thundurus, M, shiny|362\/362
|turn|1
|
|switch|p1a: Clefable|Clefable, F|394\/394
|move|p2a: Thundurus|Taunt|p1a: Clefable
|-start|p1a: Clefable|move: Taunt
|
|turn|2
|
|switch|p2a: Azumarill|Azumarill, M|404\/404
|move|p1a: Clefable|Moonblast|p2a: Azumarill
|-damage|p2a: Azumarill|322\/404
|
|turn|3
|
|switch|p1a: Slowbro|Slowbro, M|394\/394
|move|p2a: Azumarill|Iron Tail|p1a: Slowbro
|-resisted|p1a: Slowbro
|-damage|p1a: Slowbro|347\/394
|
|-heal|p1a: Slowbro|371\/394|[from] item: Leftovers
|turn|4
|
|switch|p2a: Alakazam|Alakazam, F|252\/252
|move|p1a: Slowbro|Scald|p2a: Alakazam
|-crit|p2a: Alakazam
|-damage|p2a: Alakazam|150\/252
|-status|p2a: Alakazam|brn
|
|-heal|p1a: Slowbro|394\/394|[from] item: Leftovers
|turn|5
|
|switch|p1a: Chansey|Chansey, F|704\/704
|move|p2a: Alakazam|Energy Ball|p1a: Chansey
|-damage|p1a: Chansey|634\/704
|
|turn|6
|
|switch|p2a: Medicham|Medicham, F|261\/261
|move|p1a: Chansey|Stealth Rock|p2a: Medicham
|-sidestart|p2: Pancia|move: Stealth Rock
|
|turn|7
|
|switch|p1a: Slowbro|Slowbro, M|394\/394
|detailschange|p2a: Medicham|Medicham-Mega, F
|message|Medicham has Mega Evolved into Mega Medicham!
|move|p2a: Medicham|Ice Punch|p1a: Slowbro
|-resisted|p1a: Slowbro
|-damage|p1a: Slowbro|347\/394
|
|-heal|p1a: Slowbro|371\/394|[from] item: Leftovers
|turn|8
|
|switch|p2a: Mandibuzz|Mandibuzz, F|420\/420
|-damage|p2a: Mandibuzz|315\/420|[from] Stealth Rock
|move|p1a: Slowbro|Scald|p2a: Mandibuzz
|-damage|p2a: Mandibuzz|224\/420
|
|-heal|p2a: Mandibuzz|250\/420|[from] item: Leftovers
|-heal|p1a: Slowbro|394\/394|[from] item: Leftovers
|turn|9
|
|switch|p1a: Gliscor|Gliscor, M|352\/352
|move|p2a: Mandibuzz|Roost|p2a: Mandibuzz
|-heal|p2a: Mandibuzz|420\/420
|
|-status|p1a: Gliscor|tox|[from] item: Toxic Orb
|turn|10
|
|move|p1a: Gliscor|Taunt|p2a: Mandibuzz
|-start|p2a: Mandibuzz|move: Taunt
|cant|p2a: Mandibuzz|move: Taunt|Defog
|
|turn|11
|
|move|p1a: Gliscor|Knock Off|p2a: Mandibuzz
|-resisted|p2a: Mandibuzz
|-damage|p2a: Mandibuzz|386\/420
|-enditem|p2a: Mandibuzz|Leftovers|[from] move: Knock Off|[of] p1a: Gliscor
|move|p2a: Mandibuzz|Foul Play|p1a: Gliscor
|-crit|p1a: Gliscor
|-damage|p1a: Gliscor|208\/352 tox
|
|-heal|p1a: Gliscor|252\/352 tox|[from] ability: Poison Heal
|turn|12
|
|move|p1a: Gliscor|Knock Off|p2a: Mandibuzz
|-resisted|p2a: Mandibuzz
|-damage|p2a: Mandibuzz|365\/420
|move|p2a: Mandibuzz|Foul Play|p1a: Gliscor
|-damage|p1a: Gliscor|170\/352 tox
|
|-heal|p1a: Gliscor|214\/352 tox|[from] ability: Poison Heal
|-end|p2a: Mandibuzz|move: Taunt
|turn|13
|
|move|p1a: Gliscor|Taunt|p2a: Mandibuzz
|-start|p2a: Mandibuzz|move: Taunt
|move|p2a: Mandibuzz|Foul Play|p1a: Gliscor
|-damage|p1a: Gliscor|120\/352 tox
|
|-heal|p1a: Gliscor|164\/352 tox|[from] ability: Poison Heal
|turn|14
|
|switch|p2a: Medicham|Medicham-Mega, F|261\/261
|-damage|p2a: Medicham|245\/261|[from] Stealth Rock
|move|p1a: Gliscor|Roost|p1a: Gliscor
|-heal|p1a: Gliscor|340\/352 tox
|
|-heal|p1a: Gliscor|352\/352 tox|[from] ability: Poison Heal
|turn|15
|
|switch|p2a: Thundurus|Thundurus, M, shiny|362\/362
|-damage|p2a: Thundurus|272\/362|[from] Stealth Rock
|switch|p1a: Slowbro|Slowbro, M|394\/394
|
|-heal|p2a: Thundurus|294\/362|[from] item: Leftovers
|turn|16
|
|switch|p2a: Medicham|Medicham-Mega, F|245\/261
|-damage|p2a: Medicham|229\/261|[from] Stealth Rock
|switch|p1a: Clefable|Clefable, F|394\/394
|
|turn|17
|
|move|p2a: Medicham|Bullet Punch|p1a: Clefable
|-supereffective|p1a: Clefable
|-damage|p1a: Clefable|266\/394
|move|p1a: Clefable|Moonblast|p2a: Medicham
|-supereffective|p2a: Medicham
|-damage|p2a: Medicham|0 fnt
|faint|p2a: Medicham
|
|-heal|p1a: Clefable|290\/394|[from] item: Leftovers
|
|switch|p2a: Azumarill|Azumarill, M|322\/404
|-damage|p2a: Azumarill|272\/404|[from] Stealth Rock
|turn|18
|
|move|p1a: Clefable|Moonblast|p2a: Azumarill
|-crit|p2a: Azumarill
|-damage|p2a: Azumarill|154\/404
|move|p2a: Azumarill|Iron Tail|p1a: Clefable
|-supereffective|p1a: Clefable
|-damage|p1a: Clefable|38\/394
|
|-heal|p1a: Clefable|62\/394|[from] item: Leftovers
|turn|19
|
|switch|p2a: Alakazam|Alakazam, F|150\/252 brn
|move|p1a: Clefable|Protect|p1a: Clefable
|-fail|p1a: Clefable
|
|-heal|p1a: Clefable|86\/394|[from] item: Leftovers
|turn|20
|
|move|p1a: Clefable|Protect|p1a: Clefable
|-singleturn|p1a: Clefable|Protect
|move|p2a: Alakazam|Psychic|p1a: Clefable
|-activate|p1a: Clefable|Protect
|
|-heal|p1a: Clefable|110\/394|[from] item: Leftovers
|turn|21
|
|switch|p1a: Scizor|Scizor, F|344\/344
|move|p2a: Alakazam|Psychic|p1a: Scizor
|-resisted|p1a: Scizor
|-damage|p1a: Scizor|241\/344
|
|turn|22
|
|switch|p2a: Rotom-Heat|Rotom-Heat|304\/304
|-damage|p2a: Rotom-Heat|228\/304|[from] Stealth Rock
|detailschange|p1a: Scizor|Scizor-Mega, F
|message|Scizor has Mega Evolved into Mega Scizor!
|move|p1a: Scizor|Roost|p1a: Scizor
|-heal|p1a: Scizor|344\/344
|
|turn|23
|
|switch|p1a: Gliscor|Gliscor, M|352\/352 tox
|move|p2a: Rotom-Heat|Volt Switch|p1a: Gliscor
|-immune|p1a: Gliscor|[msg]
|
|turn|24
|
|move|p1a: Gliscor|Knock Off|p2a: Rotom-Heat
|-crit|p2a: Rotom-Heat
|-damage|p2a: Rotom-Heat|116\/304
|-enditem|p2a: Rotom-Heat|Expert Belt|[from] move: Knock Off|[of] p1a: Gliscor
|move|p2a: Rotom-Heat|Overheat|p1a: Gliscor
|-damage|p1a: Gliscor|207\/352 tox
|-unboost|p2a: Rotom-Heat|spa|2
|
|-heal|p1a: Gliscor|251\/352 tox|[from] ability: Poison Heal
|turn|25
|
|move|p1a: Gliscor|Taunt|p2a: Rotom-Heat
|-start|p2a: Rotom-Heat|move: Taunt
|cant|p2a: Rotom-Heat|move: Taunt|Pain Split
|
|-heal|p1a: Gliscor|295\/352 tox|[from] ability: Poison Heal
|turn|26
|
|switch|p2a: Mandibuzz|Mandibuzz, F|365\/420
|-damage|p2a: Mandibuzz|260\/420|[from] Stealth Rock
|move|p1a: Gliscor|Knock Off|p2a: Mandibuzz
|-resisted|p2a: Mandibuzz
|-damage|p2a: Mandibuzz|241\/420
|
|-heal|p1a: Gliscor|339\/352 tox|[from] ability: Poison Heal
|turn|27
|
|move|p1a: Gliscor|Taunt|p2a: Mandibuzz
|-start|p2a: Mandibuzz|move: Taunt
|move|p2a: Mandibuzz|Foul Play|p1a: Gliscor
|-damage|p1a: Gliscor|248\/352 tox
|
|-heal|p1a: Gliscor|292\/352 tox|[from] ability: Poison Heal
|turn|28
|
|move|p1a: Gliscor|Knock Off|p2a: Mandibuzz
|-resisted|p2a: Mandibuzz
|-damage|p2a: Mandibuzz|219\/420
|move|p2a: Mandibuzz|Foul Play|p1a: Gliscor
|-damage|p1a: Gliscor|205\/352 tox
|
|-heal|p1a: Gliscor|249\/352 tox|[from] ability: Poison Heal
|turn|29
|
|move|p1a: Gliscor|Knock Off|p2a: Mandibuzz
|-resisted|p2a: Mandibuzz
|-damage|p2a: Mandibuzz|199\/420
|move|p2a: Mandibuzz|Foul Play|p1a: Gliscor
|-damage|p1a: Gliscor|162\/352 tox
|
|-heal|p1a: Gliscor|206\/352 tox|[from] ability: Poison Heal
|-end|p2a: Mandibuzz|move: Taunt
|turn|30
|
|move|p1a: Gliscor|Taunt|p2a: Mandibuzz
|-start|p2a: Mandibuzz|move: Taunt
|move|p2a: Mandibuzz|Foul Play|p1a: Gliscor
|-damage|p1a: Gliscor|109\/352 tox
|
|-heal|p1a: Gliscor|153\/352 tox|[from] ability: Poison Heal
|turn|31
|
|move|p1a: Gliscor|Roost|p1a: Gliscor
|-heal|p1a: Gliscor|329\/352 tox
|move|p2a: Mandibuzz|Foul Play|p1a: Gliscor
|-damage|p1a: Gliscor|238\/352 tox
|
|-heal|p1a: Gliscor|282\/352 tox|[from] ability: Poison Heal
|turn|32
|
|move|p1a: Gliscor|Knock Off|p2a: Mandibuzz
|-resisted|p2a: Mandibuzz
|-damage|p2a: Mandibuzz|179\/420
|move|p2a: Mandibuzz|Foul Play|p1a: Gliscor
|-damage|p1a: Gliscor|194\/352 tox
|
|-heal|p1a: Gliscor|238\/352 tox|[from] ability: Poison Heal
|-end|p2a: Mandibuzz|move: Taunt
|turn|33
|
|move|p1a: Gliscor|Knock Off|p2a: Mandibuzz
|-resisted|p2a: Mandibuzz
|-damage|p2a: Mandibuzz|159\/420
|move|p2a: Mandibuzz|Foul Play|p1a: Gliscor
|-damage|p1a: Gliscor|144\/352 tox
|
|-heal|p1a: Gliscor|188\/352 tox|[from] ability: Poison Heal
|turn|34
|
|move|p1a: Gliscor|Taunt|p2a: Mandibuzz
|-start|p2a: Mandibuzz|move: Taunt
|move|p2a: Mandibuzz|Foul Play|p1a: Gliscor
|-damage|p1a: Gliscor|98\/352 tox
|
|-heal|p1a: Gliscor|142\/352 tox|[from] ability: Poison Heal
|turn|35
|
|switch|p2a: Thundurus|Thundurus, M, shiny|294\/362
|-damage|p2a: Thundurus|204\/362|[from] Stealth Rock
|move|p1a: Gliscor|Roost|p1a: Gliscor
|-heal|p1a: Gliscor|318\/352 tox
|
|-heal|p2a: Thundurus|226\/362|[from] item: Leftovers
|-heal|p1a: Gliscor|352\/352 tox|[from] ability: Poison Heal
|turn|36
|
|move|p2a: Thundurus|Taunt|p1a: Gliscor
|-start|p1a: Gliscor|move: Taunt
|move|p1a: Gliscor|Knock Off|p2a: Thundurus
|-damage|p2a: Thundurus|146\/362
|-enditem|p2a: Thundurus|Leftovers|[from] move: Knock Off|[of] p1a: Gliscor
|
|turn|37
|
|switch|p1a: Chansey|Chansey, F|634\/704
|move|p2a: Thundurus|Hidden Power|p1a: Chansey
|-damage|p1a: Chansey|597\/704
|
|turn|38
|
|move|p2a: Thundurus|Taunt|p1a: Chansey
|-start|p1a: Chansey|move: Taunt
|move|p1a: Chansey|Seismic Toss|p2a: Thundurus
|-damage|p2a: Thundurus|46\/362
|
|turn|39
|
|move|p2a: Thundurus|Thunder Wave|p1a: Chansey
|-status|p1a: Chansey|par
|move|p1a: Chansey|Seismic Toss|p2a: Thundurus
|-damage|p2a: Thundurus|0 fnt
|faint|p2a: Thundurus
|
|
|switch|p2a: Azumarill|Azumarill, M|154\/404
|-damage|p2a: Azumarill|104\/404|[from] Stealth Rock
|turn|40
|-message|Pancia forfeited.
|
|win|Dayanne
|raw|Ladder updating...
|leave|Pancia
|player|p2
|raw|Dayanne's rating: 1461 &rarr; <strong>1478<\/strong><br \/>(+17 for winning)
|raw|Pancia's rating: 1402 &rarr; <strong>1386<\/strong><br \/>(-16 for losing)