|join|Dayanne
|join|lt8b -lucario-
|player|p1|Dayanne|37
|player|p2|lt8b -lucario-|102
|gametype|singles
|gen|6
|tier|OU
|rated
|clearpoke
|poke|p1|Chansey, F
|poke|p1|Zapdos
|poke|p1|Scizor, M
|poke|p1|Clefable, F
|poke|p1|Gliscor, M
|poke|p1|Slowbro, M
|poke|p2|Slowbro, F
|poke|p2|Landorus-Therian, M
|poke|p2|Latios, M
|poke|p2|Clefable, F
|poke|p2|Scizor, F
|poke|p2|Keldeo
|rule|Swagger Clause: Swagger is banned
|rule|Baton Pass Clause: Limit one PokÃ©mon knowing Baton Pass
|rule|Sleep Clause Mod: Limit one foe put to sleep
|rule|Species Clause: Limit one of each PokÃ©mon
|rule|OHKO Clause: OHKO moves are banned
|rule|Moody Clause: Moody is banned
|rule|Evasion Moves Clause: Evasion moves are banned
|rule|Endless Battle Clause: Forcing endless battles is banned
|rule|HP Percentage Mod: HP is shown in percentages
|teampreview
|
|start
|switch|p1a: Slowbro|Slowbro, M|394\/394
|switch|p2a: Landorus-Therian|Landorus-Therian, M|382\/382
|-ability|p2a: Landorus-Therian|Intimidate|[of] p1a: Slowbro
|-unboost|p1a: Slowbro|atk|1
|turn|1
|
|switch|p1a: Gliscor|Gliscor, M|352\/352
|move|p2a: Landorus-Therian|Toxic|p1a: Gliscor
|-status|p1a: Gliscor|tox
|
|turn|2
|
|move|p1a: Gliscor|Taunt|p2a: Landorus-Therian
|-start|p2a: Landorus-Therian|move: Taunt
|cant|p2a: Landorus-Therian|move: Taunt|Stealth Rock
|
|turn|3
|
|move|p1a: Gliscor|Knock Off|p2a: Landorus-Therian
|-damage|p2a: Landorus-Therian|325\/382
|-enditem|p2a: Landorus-Therian|Leftovers|[from] move: Knock Off|[of] p1a: Gliscor
|move|p2a: Landorus-Therian|U-turn|p1a: Gliscor
|-resisted|p1a: Gliscor
|-damage|p1a: Gliscor|318\/352 tox
|
|switch|p2a: Keldeo|Keldeo|323\/323
|
|-heal|p1a: Gliscor|352\/352 tox|[from] ability: Poison Heal
|turn|4
|
|switch|p2a: Latios|Latios, M|301\/301
|switch|p1a: Slowbro|Slowbro, M|394\/394
|
|turn|5
|
|switch|p1a: Scizor|Scizor, M|344\/344
|move|p2a: Latios|Psyshock|p1a: Scizor
|-resisted|p1a: Scizor
|-damage|p1a: Scizor|293\/344
|
|turn|6
|
|switch|p2a: Landorus-Therian|Landorus-Therian, M|325\/382
|-ability|p2a: Landorus-Therian|Intimidate|[of] p1a: Scizor
|-unboost|p1a: Scizor|atk|1
|switch|p1a: Slowbro|Slowbro, M|394\/394
|
|turn|7
|
|move|p2a: Landorus-Therian|Stealth Rock|p1a: Slowbro
|-sidestart|p1: Dayanne|move: Stealth Rock
|move|p1a: Slowbro|Scald|p2a: Landorus-Therian
|-supereffective|p2a: Landorus-Therian
|-damage|p2a: Landorus-Therian|119\/382
|-status|p2a: Landorus-Therian|brn
|
|-damage|p2a: Landorus-Therian|72\/382 brn|[from] brn
|turn|8
|
|switch|p1a: Gliscor|Gliscor, M|352\/352 tox
|-damage|p1a: Gliscor|308\/352 tox|[from] Stealth Rock
|move|p2a: Landorus-Therian|U-turn|p1a: Gliscor
|-resisted|p1a: Gliscor
|-damage|p1a: Gliscor|293\/352 tox
|
|switch|p2a: Keldeo|Keldeo|323\/323
|
|-heal|p1a: Gliscor|337\/352 tox|[from] ability: Poison Heal
|turn|9
|
|switch|p1a: Slowbro|Slowbro, M|394\/394
|-damage|p1a: Slowbro|345\/394|[from] Stealth Rock
|move|p2a: Keldeo|Scald|p1a: Slowbro
|-resisted|p1a: Slowbro
|-damage|p1a: Slowbro|267\/394
|
|-heal|p1a: Slowbro|291\/394|[from] item: Leftovers
|turn|10
|
|switch|p2a: Slowbro|Slowbro, F|394\/394
|move|p1a: Slowbro|Thunder Wave|p2a: Slowbro
|-status|p2a: Slowbro|par
|
|-heal|p1a: Slowbro|315\/394|[from] item: Leftovers
|turn|11
|
|switch|p1a: Chansey|Chansey, F|704\/704
|-damage|p1a: Chansey|616\/704|[from] Stealth Rock
|move|p2a: Slowbro|Scald|p1a: Chansey
|-damage|p1a: Chansey|556\/704
|
|turn|12
|
|switch|p2a: Clefable|Clefable, F|394\/394
|move|p1a: Chansey|Stealth Rock|p2a: Clefable
|-sidestart|p2: lt8b -lucario-|move: Stealth Rock
|
|turn|13
|
|switch|p1a: Clefable|Clefable, F|394\/394
|-damage|p1a: Clefable|345\/394|[from] Stealth Rock
|move|p2a: Clefable|Calm Mind|p2a: Clefable
|-boost|p2a: Clefable|spa|1
|-boost|p2a: Clefable|spd|1
|
|-heal|p1a: Clefable|369\/394|[from] item: Leftovers
|turn|14
|
|move|p1a: Clefable|Thunder Wave|p2a: Clefable
|-status|p2a: Clefable|par
|cant|p2a: Clefable|par
|
|-heal|p1a: Clefable|393\/394|[from] item: Leftovers
|turn|15
|
|switch|p2a: Scizor|Scizor, F|330\/330
|-damage|p2a: Scizor|289\/330|[from] Stealth Rock
|move|p1a: Clefable|Calm Mind|p1a: Clefable
|-boost|p1a: Clefable|spa|1
|-boost|p1a: Clefable|spd|1
|
|-heal|p1a: Clefable|394\/394|[from] item: Leftovers
|turn|16
|
|detailschange|p2a: Scizor|Scizor-Mega, F
|message|Scizor has Mega Evolved into Mega Scizor!
|move|p2a: Scizor|Bullet Punch|p1a: Clefable
|-supereffective|p1a: Clefable
|-damage|p1a: Clefable|178\/394
|move|p1a: Clefable|Thunder Wave|p2a: Scizor
|-status|p2a: Scizor|par
|
|-heal|p1a: Clefable|202\/394|[from] item: Leftovers
|turn|17
|
|switch|p1a: Zapdos|Zapdos|384\/384
|-damage|p1a: Zapdos|288\/384|[from] Stealth Rock
|-ability|p1a: Zapdos|Pressure
|move|p2a: Scizor|Bullet Punch|p1a: Zapdos
|-resisted|p1a: Zapdos
|-damage|p1a: Zapdos|243\/384
|
|-heal|p1a: Zapdos|267\/384|[from] item: Leftovers
|turn|18
|join|Mega Ridley
|
|move|p1a: Zapdos|Defog|p2a: Scizor
|-unboost|p2a: Scizor|evasion|1
|-sideend|p2: lt8b -lucario-|Stealth Rock|[from] move: Defog|[of] p2a: Scizor
|-sideend|p1: Dayanne|Stealth Rock|[from] move: Defog|[of] p1a: Zapdos
|move|p2a: Scizor|Knock Off|p1a: Zapdos
|-damage|p1a: Zapdos|162\/384
|-enditem|p1a: Zapdos|Leftovers|[from] move: Knock Off|[of] p2a: Scizor
|
|turn|19
|
|switch|p2a: Latios|Latios, M|301\/301
|move|p1a: Zapdos|Roost|p1a: Zapdos
|-heal|p1a: Zapdos|354\/384
|
|turn|20
|
|switch|p1a: Scizor|Scizor, M|293\/344
|move|p2a: Latios|Draco Meteor|p1a: Scizor
|-resisted|p1a: Scizor
|-damage|p1a: Scizor|152\/344
|-unboost|p2a: Latios|spa|2
|
|turn|21
|
|switch|p2a: Keldeo|Keldeo|323\/323
|detailschange|p1a: Scizor|Scizor-Mega, M
|message|Scizor has Mega Evolved into Mega Scizor!
|move|p1a: Scizor|Roost|p1a: Scizor
|-heal|p1a: Scizor|324\/344
|
|turn|22
|
|switch|p1a: Slowbro|Slowbro, M|394\/394
|move|p2a: Keldeo|Scald|p1a: Slowbro
|-resisted|p1a: Slowbro
|-damage|p1a: Slowbro|302\/394
|
|-heal|p1a: Slowbro|326\/394|[from] item: Leftovers
|turn|23
|
|switch|p2a: Slowbro|Slowbro, F|394\/394 par
|move|p1a: Slowbro|Psyshock|p2a: Slowbro
|-resisted|p2a: Slowbro
|-damage|p2a: Slowbro|364\/394 par
|
|-heal|p1a: Slowbro|350\/394|[from] item: Leftovers
|-heal|p2a: Slowbro|388\/394 par|[from] item: Leftovers
|turn|24
|
|switch|p1a: Chansey|Chansey, F|556\/704
|switch|p2a: Keldeo|Keldeo|323\/323
|
|turn|25
|
|switch|p1a: Slowbro|Slowbro, M|394\/394
|move|p2a: Keldeo|Secret Sword|p1a: Slowbro
|-resisted|p1a: Slowbro
|-damage|p1a: Slowbro|347\/394
|
|-heal|p1a: Slowbro|371\/394|[from] item: Leftovers
|turn|26
|
|switch|p2a: Slowbro|Slowbro, F|394\/394 par
|move|p1a: Slowbro|Scald|p2a: Slowbro
|-resisted|p2a: Slowbro
|-damage|p2a: Slowbro|342\/394 par
|
|-heal|p1a: Slowbro|394\/394|[from] item: Leftovers
|-heal|p2a: Slowbro|366\/394 par|[from] item: Leftovers
|turn|27
|leave|Mega Ridley
|
|switch|p1a: Chansey|Chansey, F|556\/704
|switch|p2a: Keldeo|Keldeo|323\/323
|
|turn|28
|
|switch|p2a: Slowbro|Slowbro, F|394\/394 par
|switch|p1a: Slowbro|Slowbro, M|394\/394
|
|turn|29
|
|switch|p1a: Chansey|Chansey, F|556\/704
|switch|p2a: Scizor|Scizor-Mega, F|289\/330 par
|
|turn|30
|
|move|p1a: Chansey|Stealth Rock|p2a: Scizor
|-sidestart|p2: lt8b -lucario-|move: Stealth Rock
|cant|p2a: Scizor|par
|
|turn|31
|join|KratosSnake
|c|âlt8b -lucario-|fuck
|
|switch|p1a: Zapdos|Zapdos|354\/384
|-ability|p1a: Zapdos|Pressure
|cant|p2a: Scizor|par
|
|turn|32
|c|âlt8b -lucario-|ffs
|
|switch|p2a: Clefable|Clefable, F|394\/394 par
|move|p1a: Zapdos|Volt Switch|p2a: Clefable
|-damage|p2a: Clefable|307\/394 par
|
|switch|p1a: Gliscor|Gliscor, M|337\/352 tox
|
|-heal|p2a: Clefable|331\/394 par|[from] item: Leftovers
|-heal|p1a: Gliscor|352\/352 tox|[from] ability: Poison Heal
|turn|33
|
|switch|p2a: Keldeo|Keldeo|323\/323
|-damage|p2a: Keldeo|303\/323|[from] Stealth Rock
|move|p1a: Gliscor|Taunt|p2a: Keldeo
|-start|p2a: Keldeo|move: Taunt
|
|-heal|p2a: Keldeo|323\/323|[from] item: Leftovers
|turn|34
|
|move|p2a: Keldeo|Scald|p1a: Gliscor
|-supereffective|p1a: Gliscor
|-damage|p1a: Gliscor|100\/352 tox
|move|p1a: Gliscor|Knock Off|p2a: Keldeo
|-resisted|p2a: Keldeo
|-damage|p2a: Keldeo|282\/323
|-boost|p2a: Keldeo|atk|1|[from] ability: Justified
|-enditem|p2a: Keldeo|Leftovers|[from] move: Knock Off|[of] p1a: Gliscor
|
|-heal|p1a: Gliscor|144\/352 tox|[from] ability: Poison Heal
|turn|35
|
|switch|p1a: Slowbro|Slowbro, M|394\/394
|move|p2a: Keldeo|Scald|p1a: Slowbro
|-resisted|p1a: Slowbro
|-damage|p1a: Slowbro|302\/394
|
|-heal|p1a: Slowbro|326\/394|[from] item: Leftovers
|turn|36
|
|switch|p2a: Slowbro|Slowbro, F|394\/394 par
|-damage|p2a: Slowbro|345\/394 par|[from] Stealth Rock
|move|p1a: Slowbro|Psyshock|p2a: Slowbro
|-resisted|p2a: Slowbro
|-damage|p2a: Slowbro|312\/394 par
|
|-heal|p1a: Slowbro|350\/394|[from] item: Leftovers
|-heal|p2a: Slowbro|336\/394 par|[from] item: Leftovers
|turn|37
|
|switch|p1a: Clefable|Clefable, F|202\/394
|switch|p2a: Clefable|Clefable, F|331\/394 par
|
|-heal|p1a: Clefable|226\/394|[from] item: Leftovers
|-heal|p2a: Clefable|355\/394 par|[from] item: Leftovers
|turn|38
|
|switch|p2a: Scizor|Scizor-Mega, F|289\/330 par
|-damage|p2a: Scizor|248\/330 par|[from] Stealth Rock
|move|p1a: Clefable|Calm Mind|p1a: Clefable
|-boost|p1a: Clefable|spa|1
|-boost|p1a: Clefable|spd|1
|
|-heal|p1a: Clefable|250\/394|[from] item: Leftovers
|turn|39
|
|switch|p1a: Zapdos|Zapdos|354\/384
|-ability|p1a: Zapdos|Pressure
|move|p2a: Scizor|Swords Dance|p2a: Scizor
|-boost|p2a: Scizor|atk|2
|
|turn|40
|
|switch|p2a: Clefable|Clefable, F|355\/394 par
|move|p1a: Zapdos|Heat Wave|p2a: Clefable
|-damage|p2a: Clefable|277\/394 par
|
|-heal|p2a: Clefable|301\/394 par|[from] item: Leftovers
|turn|41
|
|move|p1a: Zapdos|Volt Switch|p2a: Clefable
|-damage|p2a: Clefable|216\/394 par
|
|switch|p1a: Clefable|Clefable, F|250\/394
|cant|p2a: Clefable|par
|
|-heal|p1a: Clefable|274\/394|[from] item: Leftovers
|-heal|p2a: Clefable|240\/394 par|[from] item: Leftovers
|turn|42
|
|switch|p2a: Scizor|Scizor-Mega, F|248\/330 par
|-damage|p2a: Scizor|207\/330 par|[from] Stealth Rock
|move|p1a: Clefable|Moonblast|p2a: Scizor
|-resisted|p2a: Scizor
|-damage|p2a: Scizor|158\/330 par
|-unboost|p2a: Scizor|spa|1
|
|-heal|p1a: Clefable|298\/394|[from] item: Leftovers
|turn|43
|
|switch|p1a: Zapdos|Zapdos|354\/384
|-ability|p1a: Zapdos|Pressure
|move|p2a: Scizor|Roost|p2a: Scizor
|-heal|p2a: Scizor|323\/330 par
|
|turn|44
|
|switch|p2a: Clefable|Clefable, F|240\/394 par
|move|p1a: Zapdos|Volt Switch|p2a: Clefable
|-crit|p2a: Clefable
|-damage|p2a: Clefable|96\/394 par
|
|switch|p1a: Gliscor|Gliscor, M|144\/352 tox
|
|-heal|p2a: Clefable|120\/394 par|[from] item: Leftovers
|-heal|p1a: Gliscor|188\/352 tox|[from] ability: Poison Heal
|turn|45
|-message|lt8b -lucario- forfeited.
|
|win|Dayanne
|raw|Ladder updating...
|leave|lt8b -lucario-
|player|p2
|raw|Dayanne's rating: 1836 &rarr; <strong>1852<\/strong><br \/>(+16 for winning)
|raw|lt8b -lucario-'s rating: 1768 &rarr; <strong>1751<\/strong><br \/>(-17 for losing)