|join|Dayanne
|join|miscfit
|player|p1|Dayanne|37
|player|p2|miscfit|102
|gametype|singles
|gen|6
|tier|OU
|rated
|clearpoke
|poke|p1|Chansey, F
|poke|p1|Zapdos
|poke|p1|Scizor, M
|poke|p1|Clefable, F
|poke|p1|Gliscor, M
|poke|p1|Slowbro, M
|poke|p2|Klefki, M
|poke|p2|Altaria, M
|poke|p2|Scizor, M
|poke|p2|Chandelure, F
|poke|p2|Chatot, M
|poke|p2|Scolipede, M
|rule|Swagger Clause: Swagger is banned
|rule|Baton Pass Clause: Limit one PokÃ©mon knowing Baton Pass
|rule|Sleep Clause Mod: Limit one foe put to sleep
|rule|Species Clause: Limit one of each PokÃ©mon
|rule|OHKO Clause: OHKO moves are banned
|rule|Moody Clause: Moody is banned
|rule|Evasion Moves Clause: Evasion moves are banned
|rule|Endless Battle Clause: Forcing endless battles is banned
|rule|HP Percentage Mod: HP is shown in percentages
|teampreview
|
|start
|switch|p1a: Zapdos|Zapdos|384\/384
|switch|p2a: Klefki|Klefki, M|318\/318
|-ability|p1a: Zapdos|Pressure
|turn|1
|
|move|p2a: Klefki|Light Screen|p2a: Klefki
|-sidestart|p2: miscfit|move: Light Screen
|move|p1a: Zapdos|Heat Wave|p2a: Klefki
|-supereffective|p2a: Klefki
|-damage|p2a: Klefki|240\/318
|
|turn|2
|
|move|p2a: Klefki|Reflect|p2a: Klefki
|-sidestart|p2: miscfit|Reflect
|move|p1a: Zapdos|Heat Wave|p2a: Klefki
|-supereffective|p2a: Klefki
|-damage|p2a: Klefki|159\/318
|
|turn|3
|
|switch|p2a: Chandelure|Chandelure, F|262\/262
|move|p1a: Zapdos|Defog|p2a: Chandelure
|-unboost|p2a: Chandelure|evasion|1
|-sideend|p2: miscfit|Reflect
|-sideend|p2: miscfit|Reflect|[from] move: Defog|[of] p2a: Chandelure
|-sideend|p2: miscfit|move: Light Screen
|-sideend|p2: miscfit|Light Screen|[from] move: Defog|[of] p2a: Chandelure
|
|turn|4
|
|move|p2a: Chandelure|Hidden Power|p1a: Zapdos
|-supereffective|p1a: Zapdos
|-damage|p1a: Zapdos|202\/384
|move|p1a: Zapdos|Volt Switch|p2a: Chandelure
|-damage|p2a: Chandelure|159\/262
|
|switch|p1a: Gliscor|Gliscor, M|352\/352
|
|-status|p1a: Gliscor|tox|[from] item: Toxic Orb
|turn|5
|
|move|p2a: Chandelure|Hidden Power|p1a: Gliscor
|-supereffective|p1a: Gliscor
|-damage|p1a: Gliscor|52\/352 tox
|move|p1a: Gliscor|Knock Off|p2a: Chandelure
|-crit|p2a: Chandelure
|-supereffective|p2a: Chandelure
|-damage|p2a: Chandelure|0 fnt
|-enditem|p2a: Chandelure|Choice Scarf|[from] move: Knock Off|[of] p1a: Gliscor
|faint|p2a: Chandelure
|
|-heal|p1a: Gliscor|96\/352 tox|[from] ability: Poison Heal
|
|switch|p2a: Altaria|Altaria, M|292\/292
|turn|6
|
|switch|p1a: Clefable|Clefable, F|394\/394
|move|p2a: Altaria|Dragon Dance|p2a: Altaria
|-boost|p2a: Altaria|atk|1
|-boost|p2a: Altaria|spe|1
|
|turn|7
|
|detailschange|p2a: Altaria|Altaria-Mega, M
|message|Altaria has Mega Evolved into Mega Altaria!
|move|p2a: Altaria|Dragon Dance|p2a: Altaria
|-boost|p2a: Altaria|atk|1
|-boost|p2a: Altaria|spe|1
|move|p1a: Clefable|Moonblast|p2a: Altaria
|-supereffective|p2a: Altaria
|-damage|p2a: Altaria|80\/292
|
|turn|8
|
|move|p2a: Altaria|Return|p1a: Clefable
|-damage|p1a: Clefable|199\/394
|move|p1a: Clefable|Moonblast|p2a: Altaria
|-supereffective|p2a: Altaria
|-damage|p2a: Altaria|0 fnt
|faint|p2a: Altaria
|
|-heal|p1a: Clefable|223\/394|[from] item: Leftovers
|
|switch|p2a: Klefki|Klefki, M|159\/318
|turn|9
|
|switch|p1a: Zapdos|Zapdos|202\/384
|-ability|p1a: Zapdos|Pressure
|move|p2a: Klefki|Light Screen|p2a: Klefki
|-sidestart|p2: miscfit|move: Light Screen
|
|-heal|p1a: Zapdos|226\/384|[from] item: Leftovers
|turn|10
|
|move|p2a: Klefki|Spikes|p1a: Zapdos
|-sidestart|p1: Dayanne|Spikes
|move|p1a: Zapdos|Heat Wave|p2a: Klefki
|-supereffective|p2a: Klefki
|-damage|p2a: Klefki|81\/318
|
|-heal|p1a: Zapdos|250\/384|[from] item: Leftovers
|turn|11
|
|move|p2a: Klefki|Spikes|p1a: Zapdos
|-sidestart|p1: Dayanne|Spikes
|move|p1a: Zapdos|Defog|p2a: Klefki
|-unboost|p2a: Klefki|evasion|1
|-sideend|p2: miscfit|move: Light Screen
|-sideend|p2: miscfit|Light Screen|[from] move: Defog|[of] p2a: Klefki
|-sideend|p1: Dayanne|Spikes|[from] move: Defog|[of] p1a: Zapdos
|
|-heal|p1a: Zapdos|274\/384|[from] item: Leftovers
|turn|12
|
|move|p2a: Klefki|Light Screen|p2a: Klefki
|-sidestart|p2: miscfit|move: Light Screen
|move|p1a: Zapdos|Heat Wave|p2a: Klefki
|-supereffective|p2a: Klefki
|-damage|p2a: Klefki|0 fnt
|faint|p2a: Klefki
|
|-heal|p1a: Zapdos|298\/384|[from] item: Leftovers
|
|switch|p2a: Scizor|Scizor, M|305\/305
|turn|13
|
|move|p1a: Zapdos|Heat Wave|p2a: Scizor
|-supereffective|p2a: Scizor
|-damage|p2a: Scizor|131\/305
|move|p2a: Scizor|Bug Bite|p1a: Zapdos
|-resisted|p1a: Zapdos
|-damage|p1a: Zapdos|228\/384
|
|-heal|p1a: Zapdos|252\/384|[from] item: Leftovers
|turn|14
|-message|miscfit forfeited.
|
|win|Dayanne
|raw|Ladder updating...
|leave|miscfit
|player|p2