|join|cbreeze01
|join|Dayanne
|player|p1|cbreeze01|262
|player|p2|Dayanne|37
|gametype|singles
|gen|6
|tier|OU
|rated
|clearpoke
|poke|p1|Sceptile, M
|poke|p1|Quagsire, M
|poke|p1|Heatran, M
|poke|p1|Conkeldurr, F
|poke|p1|Thundurus, M
|poke|p1|Excadrill, F
|poke|p2|Chansey, F
|poke|p2|Zapdos
|poke|p2|Scizor, F
|poke|p2|Clefable, F
|poke|p2|Gliscor, M
|poke|p2|Slowbro, M
|rule|Swagger Clause: Swagger is banned
|rule|Baton Pass Clause: Limit one PokÃ©mon knowing Baton Pass
|rule|Sleep Clause Mod: Limit one foe put to sleep
|rule|Species Clause: Limit one of each PokÃ©mon
|rule|OHKO Clause: OHKO moves are banned
|rule|Moody Clause: Moody is banned
|rule|Evasion Moves Clause: Evasion moves are banned
|rule|Endless Battle Clause: Forcing endless battles is banned
|rule|HP Percentage Mod: HP is shown in percentages
|teampreview
|
|start
|switch|p1a: Thundurus|Thundurus, M|300\/300
|switch|p2a: Slowbro|Slowbro, M|394\/394
|turn|1
|
|switch|p2a: Clefable|Clefable, F|394\/394
|move|p1a: Thundurus|Volt Switch|p2a: Clefable
|-damage|p2a: Clefable|256\/394
|
|switch|p1a: Excadrill|Excadrill, F|362\/362
|-ability|p1a: Excadrill|Mold Breaker
|-item|p1a: Excadrill|Air Balloon
|
|-heal|p2a: Clefable|280\/394|[from] item: Leftovers
|turn|2
|
|move|p2a: Clefable|Protect|p2a: Clefable
|-singleturn|p2a: Clefable|Protect
|move|p1a: Excadrill|Iron Head|p2a: Clefable
|-activate|p2a: Clefable|Protect
|
|-heal|p2a: Clefable|304\/394|[from] item: Leftovers
|turn|3
|
|switch|p2a: Slowbro|Slowbro, M|394\/394
|move|p1a: Excadrill|Iron Head|p2a: Slowbro
|-resisted|p2a: Slowbro
|-damage|p2a: Slowbro|340\/394
|
|-heal|p2a: Slowbro|364\/394|[from] item: Leftovers
|turn|4
|
|switch|p1a: Thundurus|Thundurus, M|300\/300
|move|p2a: Slowbro|Scald|p1a: Thundurus
|-damage|p1a: Thundurus|180\/300
|-status|p1a: Thundurus|brn
|
|-heal|p2a: Slowbro|388\/394|[from] item: Leftovers
|-damage|p1a: Thundurus|143\/300 brn|[from] brn
|turn|5
|
|switch|p2a: Gliscor|Gliscor, M|352\/352
|move|p1a: Thundurus|Volt Switch|p2a: Gliscor
|-immune|p2a: Gliscor|[msg]
|
|-damage|p1a: Thundurus|106\/300 brn|[from] brn
|-status|p2a: Gliscor|tox|[from] item: Toxic Orb
|turn|6
|
|switch|p2a: Chansey|Chansey, F|704\/704
|move|p1a: Thundurus|Hidden Power|p2a: Chansey
|-damage|p2a: Chansey|662\/704
|
|-damage|p1a: Thundurus|69\/300 brn|[from] brn
|turn|7
|
|switch|p2a: Gliscor|Gliscor, M|352\/352 tox
|move|p1a: Thundurus|Volt Switch|p2a: Gliscor
|-immune|p2a: Gliscor|[msg]
|
|-damage|p1a: Thundurus|32\/300 brn|[from] brn
|turn|8
|
|switch|p2a: Chansey|Chansey, F|662\/704
|move|p1a: Thundurus|Volt Switch|p2a: Chansey
|-damage|p2a: Chansey|578\/704
|
|switch|p1a: Conkeldurr|Conkeldurr, F|414\/414
|
|turn|9
|
|switch|p2a: Slowbro|Slowbro, M|394\/394
|move|p1a: Conkeldurr|Knock Off|p2a: Slowbro
|-supereffective|p2a: Slowbro
|-damage|p2a: Slowbro|200\/394
|-enditem|p2a: Slowbro|Leftovers|[from] move: Knock Off|[of] p1a: Conkeldurr
|
|turn|10
|
|switch|p1a: Quagsire|Quagsire, M|394\/394
|move|p2a: Slowbro|Slack Off|p2a: Slowbro
|-heal|p2a: Slowbro|394\/394
|
|turn|11
|
|switch|p2a: Chansey|Chansey, F|578\/704
|move|p1a: Quagsire|Toxic|p2a: Chansey
|-status|p2a: Chansey|tox
|
|-damage|p2a: Chansey|534\/704 tox|[from] psn
|turn|12
|
|switch|p1a: Conkeldurr|Conkeldurr, F|414\/414
|move|p2a: Chansey|Stealth Rock|p1a: Conkeldurr
|-sidestart|p1: cbreeze01|move: Stealth Rock
|
|-damage|p2a: Chansey|446\/704 tox|[from] psn
|turn|13
|
|switch|p2a: Scizor|Scizor, F|344\/344
|switch|p1a: Sceptile|Sceptile, M|281\/281
|-damage|p1a: Sceptile|246\/281|[from] Stealth Rock
|
|turn|14
|
|switch|p1a: Heatran|Heatran, M|385\/385
|-damage|p1a: Heatran|337\/385|[from] Stealth Rock
|detailschange|p2a: Scizor|Scizor-Mega, F
|message|Scizor has Mega Evolved into Mega Scizor!
|move|p2a: Scizor|Superpower|p1a: Heatran
|-supereffective|p1a: Heatran
|-damage|p1a: Heatran|65\/385
|-unboost|p2a: Scizor|atk|1
|-unboost|p2a: Scizor|def|1
|
|-heal|p1a: Heatran|89\/385|[from] item: Leftovers
|turn|15
|
|switch|p2a: Gliscor|Gliscor, M|352\/352 tox
|move|p1a: Heatran|Lava Plume|p2a: Gliscor
|-damage|p2a: Gliscor|244\/352 tox
|
|-heal|p1a: Heatran|113\/385|[from] item: Leftovers
|-heal|p2a: Gliscor|288\/352 tox|[from] ability: Poison Heal
|turn|16
|
|switch|p1a: Excadrill|Excadrill, F|362\/362
|-damage|p1a: Excadrill|351\/362|[from] Stealth Rock
|-ability|p1a: Excadrill|Mold Breaker
|-item|p1a: Excadrill|Air Balloon
|move|p2a: Gliscor|Knock Off|p1a: Excadrill
|-damage|p1a: Excadrill|233\/362
|-enditem|p1a: Excadrill|Air Balloon
|
|-heal|p2a: Gliscor|332\/352 tox|[from] ability: Poison Heal
|turn|17
|
|move|p1a: Excadrill|Rapid Spin|p2a: Gliscor
|-damage|p2a: Gliscor|308\/352 tox
|-sideend|p1: cbreeze01|Stealth Rock|[from] move: Rapid Spin|[of] p1a: Excadrill
|move|p2a: Gliscor|Earthquake|p1a: Excadrill
|-supereffective|p1a: Excadrill
|-damage|p1a: Excadrill|0 fnt
|faint|p1a: Excadrill
|
|-heal|p2a: Gliscor|352\/352 tox|[from] ability: Poison Heal
|
|switch|p1a: Thundurus|Thundurus, M|32\/300 brn
|turn|18
|
|move|p1a: Thundurus|Hidden Power|p2a: Gliscor
|-supereffective|p2a: Gliscor
|-damage|p2a: Gliscor|54\/352 tox
|move|p2a: Gliscor|Roost|p2a: Gliscor
|-heal|p2a: Gliscor|230\/352 tox
|
|-damage|p1a: Thundurus|0 fnt|[from] brn
|-heal|p2a: Gliscor|274\/352 tox|[from] ability: Poison Heal
|faint|p1a: Thundurus
|
|switch|p1a: Sceptile|Sceptile, M|246\/281
|turn|19
|
|switch|p2a: Scizor|Scizor-Mega, F|344\/344
|detailschange|p1a: Sceptile|Sceptile-Mega, M
|message|Sceptile has Mega Evolved into Mega Sceptile!
|move|p1a: Sceptile|Giga Drain|p2a: Scizor
|-resisted|p2a: Scizor
|-damage|p2a: Scizor|310\/344
|-heal|p1a: Sceptile|263\/281|[from] drain|[of] p2a: Scizor
|
|turn|20
|
|switch|p1a: Quagsire|Quagsire, M|394\/394
|move|p2a: Scizor|Bullet Punch|p1a: Quagsire
|-resisted|p1a: Quagsire
|-damage|p1a: Quagsire|352\/394
|
|-heal|p1a: Quagsire|376\/394|[from] item: Leftovers
|turn|21
|
|switch|p2a: Chansey|Chansey, F|446\/704
|move|p1a: Quagsire|Scald|p2a: Chansey
|-damage|p2a: Chansey|406\/704
|
|-heal|p1a: Quagsire|394\/394|[from] item: Leftovers
|turn|22
|
|move|p2a: Chansey|Soft-Boiled|p2a: Chansey
|-heal|p2a: Chansey|704\/704
|move|p1a: Quagsire|Toxic|p2a: Chansey
|-status|p2a: Chansey|tox
|
|-damage|p2a: Chansey|660\/704 tox|[from] psn
|turn|23
|
|switch|p1a: Sceptile|Sceptile-Mega, M|263\/281
|move|p2a: Chansey|Stealth Rock|p1a: Sceptile
|-sidestart|p1: cbreeze01|move: Stealth Rock
|
|-damage|p2a: Chansey|572\/704 tox|[from] psn
|turn|24
|
|move|p1a: Sceptile|Drain Punch|p2a: Chansey
|-supereffective|p2a: Chansey
|-damage|p2a: Chansey|392\/704 tox
|-heal|p1a: Sceptile|281\/281|[from] drain|[of] p2a: Chansey
|move|p2a: Chansey|Heal Bell|p2a: Chansey
|-cureteam|p2a: Chansey|[from] move: HealBell
|
|turn|25
|
|switch|p1a: Conkeldurr|Conkeldurr, F|414\/414
|-damage|p1a: Conkeldurr|389\/414|[from] Stealth Rock
|switch|p2a: Scizor|Scizor-Mega, F|310\/344
|
|turn|26
|
|move|p2a: Scizor|Swords Dance|p2a: Scizor
|-boost|p2a: Scizor|atk|2
|move|p1a: Conkeldurr|Drain Punch|p2a: Scizor
|-damage|p2a: Scizor|226\/344
|-heal|p1a: Conkeldurr|414\/414|[from] drain|[of] p2a: Scizor
|
|turn|27
|
|switch|p1a: Quagsire|Quagsire, M|394\/394
|-damage|p1a: Quagsire|370\/394|[from] Stealth Rock
|move|p2a: Scizor|Roost|p2a: Scizor
|-heal|p2a: Scizor|344\/344
|
|-heal|p1a: Quagsire|394\/394|[from] item: Leftovers
|turn|28
|
|switch|p2a: Chansey|Chansey, F|392\/704
|move|p1a: Quagsire|Scald|p2a: Chansey
|-damage|p2a: Chansey|350\/704
|
|turn|29
|
|move|p2a: Chansey|Soft-Boiled|p2a: Chansey
|-heal|p2a: Chansey|702\/704
|move|p1a: Quagsire|Toxic|p2a: Chansey
|-status|p2a: Chansey|tox
|
|-damage|p2a: Chansey|658\/704 tox|[from] psn
|turn|30
|
|switch|p2a: Gliscor|Gliscor, M|274\/352
|switch|p1a: Conkeldurr|Conkeldurr, F|414\/414
|-damage|p1a: Conkeldurr|389\/414|[from] Stealth Rock
|
|-status|p2a: Gliscor|tox|[from] item: Toxic Orb
|turn|31
|
|switch|p2a: Slowbro|Slowbro, M|394\/394
|move|p1a: Conkeldurr|Ice Punch|p2a: Slowbro
|-resisted|p2a: Slowbro
|-damage|p2a: Slowbro|357\/394
|
|turn|32
|
|move|p1a: Conkeldurr|Knock Off|p2a: Slowbro
|-supereffective|p2a: Slowbro
|-damage|p2a: Slowbro|239\/394
|move|p2a: Slowbro|Scald|p1a: Conkeldurr
|-damage|p1a: Conkeldurr|298\/414
|
|turn|33
|
|move|p1a: Conkeldurr|Knock Off|p2a: Slowbro
|-supereffective|p2a: Slowbro
|-damage|p2a: Slowbro|111\/394
|move|p2a: Slowbro|Slack Off|p2a: Slowbro
|-heal|p2a: Slowbro|308\/394
|
|turn|34
|
|move|p1a: Conkeldurr|Knock Off|p2a: Slowbro
|-supereffective|p2a: Slowbro
|-damage|p2a: Slowbro|186\/394
|move|p2a: Slowbro|Psyshock|p1a: Conkeldurr
|-supereffective|p1a: Conkeldurr
|-damage|p1a: Conkeldurr|94\/414
|
|turn|35
|
|switch|p1a: Sceptile|Sceptile-Mega, M|281\/281
|-damage|p1a: Sceptile|246\/281|[from] Stealth Rock
|move|p2a: Slowbro|Slack Off|p2a: Slowbro
|-heal|p2a: Slowbro|383\/394
|
|turn|36
|
|switch|p2a: Scizor|Scizor-Mega, F|344\/344
|move|p1a: Sceptile|Giga Drain|p2a: Scizor
|-resisted|p2a: Scizor
|-damage|p2a: Scizor|311\/344
|-heal|p1a: Sceptile|263\/281|[from] drain|[of] p2a: Scizor
|
|turn|37
|
|switch|p1a: Quagsire|Quagsire, M|394\/394
|-damage|p1a: Quagsire|370\/394|[from] Stealth Rock
|move|p2a: Scizor|Swords Dance|p2a: Scizor
|-boost|p2a: Scizor|atk|2
|
|-heal|p1a: Quagsire|394\/394|[from] item: Leftovers
|turn|38
|
|switch|p2a: Gliscor|Gliscor, M|274\/352 tox
|move|p1a: Quagsire|Toxic|p2a: Gliscor
|-fail|p2a: Gliscor|tox
|
|-heal|p2a: Gliscor|318\/352 tox|[from] ability: Poison Heal
|turn|39
|
|move|p2a: Gliscor|Knock Off|p1a: Quagsire
|-damage|p1a: Quagsire|338\/394
|-enditem|p1a: Quagsire|Leftovers|[from] move: Knock Off|[of] p2a: Gliscor
|move|p1a: Quagsire|Scald|p2a: Gliscor
|-supereffective|p2a: Gliscor
|-damage|p2a: Gliscor|198\/352 tox
|
|-heal|p2a: Gliscor|242\/352 tox|[from] ability: Poison Heal
|turn|40
|
|move|p2a: Gliscor|Earthquake|p1a: Quagsire
|-damage|p1a: Quagsire|242\/394
|move|p1a: Quagsire|Scald|p2a: Gliscor
|-supereffective|p2a: Gliscor
|-damage|p2a: Gliscor|126\/352 tox
|
|-heal|p2a: Gliscor|170\/352 tox|[from] ability: Poison Heal
|turn|41
|
|move|p2a: Gliscor|Roost|p2a: Gliscor
|-heal|p2a: Gliscor|346\/352 tox
|move|p1a: Quagsire|Scald|p2a: Gliscor
|-supereffective|p2a: Gliscor
|-damage|p2a: Gliscor|226\/352 tox
|
|-heal|p2a: Gliscor|270\/352 tox|[from] ability: Poison Heal
|turn|42
|-message|cbreeze01 forfeited.
|
|win|Dayanne
|raw|Ladder updating...
|leave|cbreeze01
|player|p1
|raw|cbreeze01's rating: 1378 &rarr; <strong>1356<\/strong><br \/>(-22 for losing)
|raw|Dayanne's rating: 1338 &rarr; <strong>1360<\/strong><br \/>(+22 for winning)