|join|Dayanne
|join|dannydarko
|player|p1|Dayanne|37
|player|p2|dannydarko|163
|gametype|singles
|gen|6
|tier|OU
|rated
|clearpoke
|poke|p1|Chansey, F
|poke|p1|Zapdos
|poke|p1|Scizor, F
|poke|p1|Clefable, F
|poke|p1|Gliscor, M
|poke|p1|Slowbro, M
|poke|p2|Blissey, F
|poke|p2|Skarmory, F
|poke|p2|Gothitelle, M
|poke|p2|Rotom-Wash
|poke|p2|Ferrothorn, F
|poke|p2|Togekiss, M
|rule|Swagger Clause: Swagger is banned
|rule|Baton Pass Clause: Limit one PokÃ©mon knowing Baton Pass
|rule|Sleep Clause Mod: Limit one foe put to sleep
|rule|Species Clause: Limit one of each PokÃ©mon
|rule|OHKO Clause: OHKO moves are banned
|rule|Moody Clause: Moody is banned
|rule|Evasion Moves Clause: Evasion moves are banned
|rule|Endless Battle Clause: Forcing endless battles is banned
|rule|HP Percentage Mod: HP is shown in percentages
|teampreview
|
|start
|switch|p1a: Gliscor|Gliscor, M|352\/352
|switch|p2a: Gothitelle|Gothitelle, M|301\/301
|turn|1
|
|move|p2a: Gothitelle|Trick|p1a: Gliscor
|-activate|p2a: Gothitelle|move: Trick|[of] p1a: Gliscor
|-item|p1a: Gliscor|Choice Scarf|[from] move: Trick
|-item|p2a: Gothitelle|Toxic Orb|[from] move: Trick
|move|p1a: Gliscor|Knock Off|p2a: Gothitelle
|-supereffective|p2a: Gothitelle
|-damage|p2a: Gothitelle|197\/301
|-enditem|p2a: Gothitelle|Toxic Orb|[from] move: Knock Off|[of] p1a: Gliscor
|
|turn|2
|
|move|p1a: Gliscor|Knock Off|p2a: Gothitelle
|-supereffective|p2a: Gothitelle
|-damage|p2a: Gothitelle|119\/301
|move|p2a: Gothitelle|Psychic|p1a: Gliscor
|-damage|p1a: Gliscor|264\/352
|-unboost|p1a: Gliscor|spd|1
|
|turn|3
|
|move|p1a: Gliscor|Knock Off|p2a: Gothitelle
|-supereffective|p2a: Gothitelle
|-damage|p2a: Gothitelle|47\/301
|move|p2a: Gothitelle|Rest|p2a: Gothitelle
|-status|p2a: Gothitelle|slp
|-heal|p2a: Gothitelle|301\/301 slp|[silent]
|-status|p2a: Gothitelle|slp|[from] move: Rest
|
|turn|4
|
|move|p1a: Gliscor|Knock Off|p2a: Gothitelle
|-supereffective|p2a: Gothitelle
|-damage|p2a: Gothitelle|229\/301 slp
|cant|p2a: Gothitelle|slp
|
|turn|5
|
|switch|p2a: Ferrothorn|Ferrothorn, F|352\/352
|move|p1a: Gliscor|Knock Off|p2a: Ferrothorn
|-crit|p2a: Ferrothorn
|-damage|p2a: Ferrothorn|291\/352
|-damage|p1a: Gliscor|220\/352|[from] ability: Iron Barbs|[of] p2a: Ferrothorn
|-damage|p1a: Gliscor|162\/352|[from] item: Rocky Helmet|[of] p2a: Ferrothorn
|-enditem|p2a: Ferrothorn|Rocky Helmet|[from] move: Knock Off|[of] p1a: Gliscor
|
|turn|6
|
|switch|p1a: Zapdos|Zapdos|384\/384
|-ability|p1a: Zapdos|Pressure
|move|p2a: Ferrothorn|Leech Seed|p1a: Zapdos
|-start|p1a: Zapdos|move: Leech Seed
|
|-damage|p1a: Zapdos|336\/384|[from] Leech Seed|[of] p2a: Ferrothorn
|-heal|p2a: Ferrothorn|339\/352|[silent]
|turn|7
|
|switch|p2a: Blissey|Blissey, F|714\/714
|move|p1a: Zapdos|Heat Wave|p2a: Blissey
|-damage|p2a: Blissey|646\/714
|
|-heal|p1a: Zapdos|360\/384|[from] item: Leftovers
|-heal|p2a: Blissey|690\/714|[from] item: Leftovers
|-damage|p1a: Zapdos|312\/384|[from] Leech Seed|[of] p2a: Blissey
|-heal|p2a: Blissey|714\/714|[silent]
|turn|8
|
|move|p1a: Zapdos|Volt Switch|p2a: Blissey
|-damage|p2a: Blissey|644\/714
|
|switch|p1a: Chansey|Chansey, F|704\/704
|move|p2a: Blissey|Seismic Toss|p1a: Chansey
|-damage|p1a: Chansey|604\/704
|
|-heal|p2a: Blissey|688\/714|[from] item: Leftovers
|turn|9
|
|switch|p2a: Gothitelle|Gothitelle, M|229\/301 slp
|move|p1a: Chansey|Stealth Rock|p2a: Gothitelle
|-sidestart|p2: dannydarko|move: Stealth Rock
|
|turn|10
|
|cant|p2a: Gothitelle|slp
|move|p1a: Chansey|Seismic Toss|p2a: Gothitelle
|-damage|p2a: Gothitelle|129\/301 slp
|
|turn|11
|
|switch|p2a: Ferrothorn|Ferrothorn, F|339\/352
|-damage|p2a: Ferrothorn|317\/352|[from] Stealth Rock
|move|p1a: Chansey|Seismic Toss|p2a: Ferrothorn
|-damage|p2a: Ferrothorn|217\/352
|-damage|p1a: Chansey|516\/704|[from] ability: Iron Barbs|[of] p2a: Ferrothorn
|
|turn|12
|
|switch|p1a: Zapdos|Zapdos|312\/384
|-ability|p1a: Zapdos|Pressure
|move|p2a: Ferrothorn|Leech Seed|p1a: Zapdos
|-start|p1a: Zapdos|move: Leech Seed
|
|-heal|p1a: Zapdos|336\/384|[from] item: Leftovers
|-damage|p1a: Zapdos|288\/384|[from] Leech Seed|[of] p2a: Ferrothorn
|-heal|p2a: Ferrothorn|265\/352|[silent]
|turn|13
|
|switch|p2a: Blissey|Blissey, F|688\/714
|-damage|p2a: Blissey|599\/714|[from] Stealth Rock
|move|p1a: Zapdos|Volt Switch|p2a: Blissey
|-damage|p2a: Blissey|526\/714
|
|switch|p1a: Scizor|Scizor, F|344\/344
|
|-heal|p2a: Blissey|570\/714|[from] item: Leftovers
|turn|14
|
|detailschange|p1a: Scizor|Scizor-Mega, F
|message|Scizor has Mega Evolved into Mega Scizor!
|move|p2a: Blissey|Protect|p2a: Blissey
|-singleturn|p2a: Blissey|Protect
|move|p1a: Scizor|Swords Dance|p1a: Scizor
|-boost|p1a: Scizor|atk|2
|
|-heal|p2a: Blissey|614\/714|[from] item: Leftovers
|turn|15
|
|switch|p2a: Skarmory|Skarmory, F|334\/334
|-damage|p2a: Skarmory|293\/334|[from] Stealth Rock
|move|p1a: Scizor|Superpower|p2a: Skarmory
|-damage|p2a: Skarmory|131\/334
|-damage|p1a: Scizor|287\/344|[from] item: Rocky Helmet|[of] p2a: Skarmory
|-unboost|p1a: Scizor|atk|1
|-unboost|p1a: Scizor|def|1
|
|turn|16
|
|move|p1a: Scizor|Superpower|p2a: Skarmory
|-damage|p2a: Skarmory|26\/334
|-damage|p1a: Scizor|230\/344|[from] item: Rocky Helmet|[of] p2a: Skarmory
|-unboost|p1a: Scizor|atk|1
|-unboost|p1a: Scizor|def|1
|move|p2a: Skarmory|Roost|p2a: Skarmory
|-heal|p2a: Skarmory|193\/334
|
|turn|17
|
|move|p1a: Scizor|Roost|p1a: Scizor
|-heal|p1a: Scizor|344\/344
|move|p2a: Skarmory|Defog|p1a: Scizor
|-unboost|p1a: Scizor|evasion|1
|-sideend|p2: dannydarko|Stealth Rock|[from] move: Defog|[of] p2a: Skarmory
|
|turn|18
|
|move|p1a: Scizor|Swords Dance|p1a: Scizor
|-boost|p1a: Scizor|atk|2
|move|p2a: Skarmory|Toxic|p1a: Scizor
|-fail|p1a: Scizor
|
|turn|19
|
|move|p1a: Scizor|Swords Dance|p1a: Scizor
|-boost|p1a: Scizor|atk|2
|move|p2a: Skarmory|Roost|p2a: Skarmory
|-heal|p2a: Skarmory|334\/334
|
|turn|20
|
|move|p1a: Scizor|Swords Dance|p1a: Scizor
|-boost|p1a: Scizor|atk|2
|move|p2a: Skarmory|Whirlwind|p1a: Scizor
|drag|p1a: Clefable|Clefable, F|394\/394
|
|turn|21
|
|switch|p2a: Blissey|Blissey, F|614\/714
|switch|p1a: Zapdos|Zapdos|288\/384
|-ability|p1a: Zapdos|Pressure
|
|-heal|p1a: Zapdos|312\/384|[from] item: Leftovers
|-heal|p2a: Blissey|658\/714|[from] item: Leftovers
|turn|22
|
|move|p1a: Zapdos|Volt Switch|p2a: Blissey
|-damage|p2a: Blissey|586\/714
|
|switch|p1a: Chansey|Chansey, F|516\/704
|move|p2a: Blissey|Seismic Toss|p1a: Chansey
|-damage|p1a: Chansey|416\/704
|
|-heal|p2a: Blissey|630\/714|[from] item: Leftovers
|turn|23
|
|move|p2a: Blissey|Wish|p2a: Blissey
|move|p1a: Chansey|Seismic Toss|p2a: Blissey
|-damage|p2a: Blissey|530\/714
|
|-heal|p2a: Blissey|574\/714|[from] item: Leftovers
|turn|24
|
|switch|p2a: Gothitelle|Gothitelle, M|129\/301 slp
|switch|p1a: Scizor|Scizor-Mega, F|344\/344
|
|-heal|p2a: Gothitelle|301\/301 slp|[from] move: Wish|[wisher] Blissey
|turn|25
|
|switch|p2a: Skarmory|Skarmory, F|334\/334
|move|p1a: Scizor|Swords Dance|p1a: Scizor
|-boost|p1a: Scizor|atk|2
|
|turn|26
|
|move|p1a: Scizor|Swords Dance|p1a: Scizor
|-boost|p1a: Scizor|atk|2
|move|p2a: Skarmory|Whirlwind|p1a: Scizor
|drag|p1a: Zapdos|Zapdos|312\/384
|-ability|p1a: Zapdos|Pressure
|
|-heal|p1a: Zapdos|336\/384|[from] item: Leftovers
|turn|27
|
|switch|p2a: Blissey|Blissey, F|574\/714
|move|p1a: Zapdos|Volt Switch|p2a: Blissey
|-damage|p2a: Blissey|495\/714
|
|switch|p1a: Scizor|Scizor-Mega, F|344\/344
|
|-heal|p2a: Blissey|539\/714|[from] item: Leftovers
|turn|28
|
|switch|p1a: Zapdos|Zapdos|336\/384
|-ability|p1a: Zapdos|Pressure
|switch|p2a: Skarmory|Skarmory, F|334\/334
|
|-heal|p1a: Zapdos|360\/384|[from] item: Leftovers
|turn|29
|
|move|p1a: Zapdos|Volt Switch|p2a: Skarmory
|-supereffective|p2a: Skarmory
|-damage|p2a: Skarmory|52\/334
|
|switch|p1a: Scizor|Scizor-Mega, F|344\/344
|move|p2a: Skarmory|Roost|p2a: Skarmory
|-heal|p2a: Skarmory|219\/334
|
|turn|30
|
|move|p1a: Scizor|Swords Dance|p1a: Scizor
|-boost|p1a: Scizor|atk|2
|move|p2a: Skarmory|Roost|p2a: Skarmory
|-heal|p2a: Skarmory|334\/334
|
|turn|31
|
|move|p1a: Scizor|Superpower|p2a: Skarmory
|-damage|p2a: Skarmory|195\/334
|-damage|p1a: Scizor|287\/344|[from] item: Rocky Helmet|[of] p2a: Skarmory
|-unboost|p1a: Scizor|atk|1
|-unboost|p1a: Scizor|def|1
|move|p2a: Skarmory|Whirlwind|p1a: Scizor
|drag|p1a: Clefable|Clefable, F|394\/394
|
|turn|32
|
|switch|p2a: Blissey|Blissey, F|539\/714
|switch|p1a: Zapdos|Zapdos|360\/384
|-ability|p1a: Zapdos|Pressure
|
|-heal|p1a: Zapdos|384\/384|[from] item: Leftovers
|-heal|p2a: Blissey|583\/714|[from] item: Leftovers
|turn|33
|
|move|p1a: Zapdos|Volt Switch|p2a: Blissey
|-damage|p2a: Blissey|502\/714
|
|switch|p1a: Scizor|Scizor-Mega, F|287\/344
|move|p2a: Blissey|Seismic Toss|p1a: Scizor
|-damage|p1a: Scizor|187\/344
|
|-heal|p2a: Blissey|546\/714|[from] item: Leftovers
|turn|34
|
|switch|p2a: Skarmory|Skarmory, F|195\/334
|move|p1a: Scizor|Roost|p1a: Scizor
|-heal|p1a: Scizor|344\/344
|
|turn|35
|
|move|p1a: Scizor|Swords Dance|p1a: Scizor
|-boost|p1a: Scizor|atk|2
|move|p2a: Skarmory|Whirlwind|p1a: Scizor
|drag|p1a: Slowbro|Slowbro, M|394\/394
|
|turn|36
|
|switch|p2a: Togekiss|Togekiss, M|374\/374
|move|p1a: Slowbro|Scald|p2a: Togekiss
|-damage|p2a: Togekiss|295\/374
|
|-heal|p2a: Togekiss|318\/374|[from] item: Leftovers
|turn|37
|
|move|p2a: Togekiss|Thunder Wave|p1a: Slowbro
|-status|p1a: Slowbro|par
|move|p1a: Slowbro|Thunder Wave|p2a: Togekiss
|-status|p2a: Togekiss|par
|
|-heal|p2a: Togekiss|341\/374 par|[from] item: Leftovers
|turn|38
|
|switch|p1a: Zapdos|Zapdos|384\/384
|-ability|p1a: Zapdos|Pressure
|move|p2a: Togekiss|Heal Bell|p2a: Togekiss
|-cureteam|p2a: Togekiss|[from] move: HealBell
|
|-heal|p2a: Togekiss|364\/374|[from] item: Leftovers
|turn|39
|
|switch|p2a: Blissey|Blissey, F|546\/714
|move|p1a: Zapdos|Volt Switch|p2a: Blissey
|-damage|p2a: Blissey|467\/714
|
|switch|p1a: Scizor|Scizor-Mega, F|344\/344
|
|-heal|p2a: Blissey|511\/714|[from] item: Leftovers
|turn|40
|
|switch|p1a: Zapdos|Zapdos|384\/384
|-ability|p1a: Zapdos|Pressure
|switch|p2a: Skarmory|Skarmory, F|195\/334
|
|turn|41
|
|switch|p2a: Blissey|Blissey, F|511\/714
|move|p1a: Zapdos|Volt Switch|p2a: Blissey
|-damage|p2a: Blissey|433\/714
|
|switch|p1a: Scizor|Scizor-Mega, F|344\/344
|
|-heal|p2a: Blissey|477\/714|[from] item: Leftovers
|turn|42
|
|switch|p1a: Zapdos|Zapdos|384\/384
|-ability|p1a: Zapdos|Pressure
|move|p2a: Blissey|Protect|p2a: Blissey
|-fail|p2a: Blissey
|
|-heal|p2a: Blissey|521\/714|[from] item: Leftovers
|turn|43
|
|move|p1a: Zapdos|Volt Switch|p2a: Blissey
|-damage|p2a: Blissey|449\/714
|
|switch|p1a: Scizor|Scizor-Mega, F|344\/344
|move|p2a: Blissey|Seismic Toss|p1a: Scizor
|-damage|p1a: Scizor|244\/344
|
|-heal|p2a: Blissey|493\/714|[from] item: Leftovers
|turn|44
|
|switch|p1a: Zapdos|Zapdos|384\/384
|-ability|p1a: Zapdos|Pressure
|switch|p2a: Rotom-Wash|Rotom-Wash|304\/304
|
|turn|45
|
|move|p1a: Zapdos|Volt Switch|p2a: Rotom-Wash
|-damage|p2a: Rotom-Wash|210\/304
|
|switch|p1a: Chansey|Chansey, F|416\/704
|move|p2a: Rotom-Wash|Will-O-Wisp|p1a: Chansey|[miss]
|-miss|p2a: Rotom-Wash|p1a: Chansey
|
|-heal|p2a: Rotom-Wash|229\/304|[from] item: Leftovers
|turn|46
|
|switch|p2a: Gothitelle|Gothitelle, M|301\/301
|switch|p1a: Gliscor|Gliscor, M|162\/352
|
|turn|47
|
|move|p1a: Gliscor|Earthquake|p2a: Gothitelle
|-damage|p2a: Gothitelle|210\/301
|move|p2a: Gothitelle|Trick|p1a: Gliscor
|-activate|p2a: Gothitelle|move: Trick|[of] p1a: Gliscor
|-item|p2a: Gothitelle|Choice Scarf|[from] move: Trick
|
|turn|48
|
|switch|p2a: Ferrothorn|Ferrothorn, F|265\/352
|move|p1a: Gliscor|Roost|p1a: Gliscor
|-heal|p1a: Gliscor|338\/352
|
|turn|49
|
|move|p1a: Gliscor|Taunt|p2a: Ferrothorn
|-start|p2a: Ferrothorn|move: Taunt
|cant|p2a: Ferrothorn|move: Taunt|Leech Seed
|
|turn|50
|
|move|p1a: Gliscor|Knock Off|p2a: Ferrothorn
|-crit|p2a: Ferrothorn
|-damage|p2a: Ferrothorn|217\/352
|-damage|p1a: Gliscor|294\/352|[from] ability: Iron Barbs|[of] p2a: Ferrothorn
|move|p2a: Ferrothorn|Power Whip|p1a: Gliscor
|-damage|p1a: Gliscor|183\/352
|
|turn|51
|
|switch|p1a: Zapdos|Zapdos|384\/384
|-ability|p1a: Zapdos|Pressure
|switch|p2a: Skarmory|Skarmory, F|195\/334
|
|turn|52
|
|switch|p2a: Blissey|Blissey, F|493\/714
|move|p1a: Zapdos|Volt Switch|p2a: Blissey
|-damage|p2a: Blissey|415\/714
|
|switch|p1a: Gliscor|Gliscor, M|183\/352
|
|-heal|p2a: Blissey|459\/714|[from] item: Leftovers
|turn|53
|
|switch|p2a: Ferrothorn|Ferrothorn, F|217\/352
|move|p1a: Gliscor|Knock Off|p2a: Ferrothorn
|-damage|p2a: Ferrothorn|188\/352
|-damage|p1a: Gliscor|139\/352|[from] ability: Iron Barbs|[of] p2a: Ferrothorn
|
|turn|54
|
|move|p1a: Gliscor|Taunt|p2a: Ferrothorn
|-start|p2a: Ferrothorn|move: Taunt
|move|p2a: Ferrothorn|Power Whip|p1a: Gliscor|[miss]
|-miss|p2a: Ferrothorn|p1a: Gliscor
|
|turn|55
|
|switch|p1a: Zapdos|Zapdos|384\/384
|-ability|p1a: Zapdos|Pressure
|switch|p2a: Rotom-Wash|Rotom-Wash|229\/304
|
|-heal|p2a: Rotom-Wash|248\/304|[from] item: Leftovers
|turn|56
|
|move|p1a: Zapdos|Volt Switch|p2a: Rotom-Wash
|-damage|p2a: Rotom-Wash|157\/304
|
|switch|p1a: Clefable|Clefable, F|394\/394
|move|p2a: Rotom-Wash|Pain Split|p1a: Clefable
|-sethp|p1a: Clefable|275\/394|p2a: Rotom-Wash|275\/304|[from] move: Pain Split
|
|-heal|p2a: Rotom-Wash|294\/304|[from] item: Leftovers
|-heal|p1a: Clefable|299\/394|[from] item: Leftovers
|turn|57
|
|move|p2a: Rotom-Wash|Volt Switch|p1a: Clefable
|-damage|p1a: Clefable|209\/394
|
|switch|p2a: Gothitelle|Gothitelle, M|210\/301
|move|p1a: Clefable|Wish|p1a: Clefable
|
|-heal|p1a: Clefable|233\/394|[from] item: Leftovers
|turn|58
|
|move|p2a: Gothitelle|Trick|p1a: Clefable
|-activate|p2a: Gothitelle|move: Trick|[of] p1a: Clefable
|-item|p1a: Clefable|Choice Scarf|[from] move: Trick
|-item|p2a: Gothitelle|Leftovers|[from] move: Trick
|move|p1a: Clefable|Moonblast|p2a: Gothitelle
|-crit|p2a: Gothitelle
|-damage|p2a: Gothitelle|78\/301
|
|-heal|p1a: Clefable|394\/394|[from] move: Wish|[wisher] Clefable
|-heal|p2a: Gothitelle|96\/301|[from] item: Leftovers
|turn|59
|
|switch|p2a: Blissey|Blissey, F|459\/714
|move|p1a: Clefable|Moonblast|p2a: Blissey
|-damage|p2a: Blissey|372\/714
|-unboost|p2a: Blissey|spa|1
|
|-heal|p2a: Blissey|416\/714|[from] item: Leftovers
|turn|60
|
|switch|p1a: Gliscor|Gliscor, M|139\/352
|move|p2a: Blissey|Wish|p2a: Blissey
|
|-heal|p2a: Blissey|460\/714|[from] item: Leftovers
|turn|61
|
|switch|p2a: Ferrothorn|Ferrothorn, F|188\/352
|move|p1a: Gliscor|Roost|p1a: Gliscor
|-heal|p1a: Gliscor|315\/352
|
|-heal|p2a: Ferrothorn|352\/352|[from] move: Wish|[wisher] Blissey
|turn|62
|
|switch|p2a: Rotom-Wash|Rotom-Wash|294\/304
|move|p1a: Gliscor|Taunt|p2a: Rotom-Wash
|-start|p2a: Rotom-Wash|move: Taunt
|
|-heal|p2a: Rotom-Wash|304\/304|[from] item: Leftovers
|turn|63
|
|move|p1a: Gliscor|Knock Off|p2a: Rotom-Wash
|-damage|p2a: Rotom-Wash|256\/304
|-enditem|p2a: Rotom-Wash|Leftovers|[from] move: Knock Off|[of] p1a: Gliscor
|move|p2a: Rotom-Wash|Volt Switch|p1a: Gliscor
|-immune|p1a: Gliscor|[msg]
|
|turn|64
|
|switch|p1a: Chansey|Chansey, F|416\/704
|move|p2a: Rotom-Wash|Hydro Pump|p1a: Chansey
|-damage|p1a: Chansey|322\/704
|
|turn|65
|
|move|p2a: Rotom-Wash|Volt Switch|p1a: Chansey
|-damage|p1a: Chansey|264\/704
|
|switch|p2a: Ferrothorn|Ferrothorn, F|352\/352
|move|p1a: Chansey|Soft-Boiled|p1a: Chansey
|-heal|p1a: Chansey|616\/704
|
|turn|66
|
|switch|p1a: Zapdos|Zapdos|384\/384
|-ability|p1a: Zapdos|Pressure
|move|p2a: Ferrothorn|Stealth Rock|p1a: Zapdos
|-sidestart|p1: Dayanne|move: Stealth Rock
|
|turn|67
|
|switch|p2a: Blissey|Blissey, F|460\/714
|move|p1a: Zapdos|Defog|p2a: Blissey
|-unboost|p2a: Blissey|evasion|1
|-sideend|p1: Dayanne|Stealth Rock|[from] move: Defog|[of] p1a: Zapdos
|
|-heal|p2a: Blissey|504\/714|[from] item: Leftovers
|turn|68
|
|move|p1a: Zapdos|Volt Switch|p2a: Blissey
|-damage|p2a: Blissey|431\/714
|
|switch|p1a: Gliscor|Gliscor, M|315\/352
|move|p2a: Blissey|Seismic Toss|p1a: Gliscor
|-damage|p1a: Gliscor|215\/352
|
|-heal|p2a: Blissey|475\/714|[from] item: Leftovers
|turn|69
|
|switch|p2a: Ferrothorn|Ferrothorn, F|352\/352
|move|p1a: Gliscor|Taunt|p2a: Ferrothorn
|-start|p2a: Ferrothorn|move: Taunt
|
|turn|70
|
|switch|p1a: Zapdos|Zapdos|384\/384
|-ability|p1a: Zapdos|Pressure
|move|p2a: Ferrothorn|Gyro Ball|p1a: Zapdos
|-resisted|p1a: Zapdos
|-damage|p1a: Zapdos|318\/384
|
|-heal|p1a: Zapdos|342\/384|[from] item: Leftovers
|turn|71
|
|switch|p2a: Blissey|Blissey, F|475\/714
|move|p1a: Zapdos|Volt Switch|p2a: Blissey
|-crit|p2a: Blissey
|-damage|p2a: Blissey|358\/714
|
|switch|p1a: Gliscor|Gliscor, M|215\/352
|
|-heal|p2a: Blissey|402\/714|[from] item: Leftovers
|turn|72
|
|switch|p2a: Rotom-Wash|Rotom-Wash|256\/304
|move|p1a: Gliscor|Knock Off|p2a: Rotom-Wash
|-damage|p2a: Rotom-Wash|224\/304
|
|turn|73
|
|switch|p2a: Gothitelle|Gothitelle, M|96\/301
|move|p1a: Gliscor|Roost|p1a: Gliscor
|-heal|p1a: Gliscor|352\/352
|
|-heal|p2a: Gothitelle|114\/301|[from] item: Leftovers
|turn|74
|
|switch|p2a: Ferrothorn|Ferrothorn, F|352\/352
|move|p1a: Gliscor|Knock Off|p2a: Ferrothorn
|-damage|p2a: Ferrothorn|322\/352
|-damage|p1a: Gliscor|308\/352|[from] ability: Iron Barbs|[of] p2a: Ferrothorn
|
|turn|75
|
|move|p1a: Gliscor|Taunt|p2a: Ferrothorn
|-start|p2a: Ferrothorn|move: Taunt
|cant|p2a: Ferrothorn|move: Taunt|Leech Seed
|
|turn|76
|
|switch|p2a: Rotom-Wash|Rotom-Wash|224\/304
|move|p1a: Gliscor|Knock Off|p2a: Rotom-Wash
|-damage|p2a: Rotom-Wash|191\/304
|
|turn|77
|
|switch|p1a: Clefable|Clefable, F|394\/394
|move|p2a: Rotom-Wash|Hydro Pump|p1a: Clefable
|-damage|p1a: Clefable|244\/394
|
|turn|78
|
|switch|p1a: Zapdos|Zapdos|342\/384
|-ability|p1a: Zapdos|Pressure
|move|p2a: Rotom-Wash|Volt Switch|p1a: Zapdos
|-damage|p1a: Zapdos|242\/384
|
|switch|p2a: Blissey|Blissey, F|402\/714
|
|-heal|p1a: Zapdos|266\/384|[from] item: Leftovers
|-heal|p2a: Blissey|446\/714|[from] item: Leftovers
|turn|79
|
|move|p1a: Zapdos|Volt Switch|p2a: Blissey
|-damage|p2a: Blissey|365\/714
|
|switch|p1a: Gliscor|Gliscor, M|308\/352
|move|p2a: Blissey|Wish|p2a: Blissey
|
|-heal|p2a: Blissey|409\/714|[from] item: Leftovers
|turn|80
|
|switch|p1a: Chansey|Chansey, F|616\/704
|switch|p2a: Rotom-Wash|Rotom-Wash|191\/304
|
|-heal|p2a: Rotom-Wash|304\/304|[from] move: Wish|[wisher] Blissey
|turn|81
|
|move|p2a: Rotom-Wash|Will-O-Wisp|p1a: Chansey
|-status|p1a: Chansey|brn
|move|p1a: Chansey|Seismic Toss|p2a: Rotom-Wash
|-damage|p2a: Rotom-Wash|204\/304
|
|-damage|p1a: Chansey|528\/704 brn|[from] brn
|turn|82
|
|move|p2a: Rotom-Wash|Volt Switch|p1a: Chansey
|-damage|p1a: Chansey|476\/704 brn
|
|switch|p2a: Gothitelle|Gothitelle, M|114\/301
|move|p1a: Chansey|Stealth Rock|p2a: Gothitelle
|-sidestart|p2: dannydarko|move: Stealth Rock
|
|-heal|p2a: Gothitelle|132\/301|[from] item: Leftovers
|-damage|p1a: Chansey|388\/704 brn|[from] brn
|turn|83
|
|move|p2a: Gothitelle|Psychic|p1a: Chansey
|-damage|p1a: Chansey|327\/704 brn
|-unboost|p1a: Chansey|spd|1
|move|p1a: Chansey|Soft-Boiled|p1a: Chansey
|-heal|p1a: Chansey|679\/704 brn
|
|-heal|p2a: Gothitelle|150\/301|[from] item: Leftovers
|-damage|p1a: Chansey|591\/704 brn|[from] brn
|turn|84
|
|move|p2a: Gothitelle|Psychic|p1a: Chansey
|-damage|p1a: Chansey|492\/704 brn
|move|p1a: Chansey|Heal Bell|p1a: Chansey
|-cureteam|p1a: Chansey|[from] move: HealBell
|
|-heal|p2a: Gothitelle|168\/301|[from] item: Leftovers
|turn|85
|
|move|p2a: Gothitelle|Signal Beam|p1a: Chansey
|-damage|p1a: Chansey|441\/704
|move|p1a: Chansey|Seismic Toss|p2a: Gothitelle
|-damage|p2a: Gothitelle|68\/301
|
|-heal|p2a: Gothitelle|86\/301|[from] item: Leftovers
|turn|86
|
|move|p2a: Gothitelle|Rest|p2a: Gothitelle
|-status|p2a: Gothitelle|slp
|-heal|p2a: Gothitelle|301\/301 slp|[silent]
|-status|p2a: Gothitelle|slp|[from] move: Rest
|move|p1a: Chansey|Seismic Toss|p2a: Gothitelle
|-damage|p2a: Gothitelle|201\/301 slp
|
|-heal|p2a: Gothitelle|219\/301 slp|[from] item: Leftovers
|turn|87
|
|switch|p2a: Skarmory|Skarmory, F|195\/334
|-damage|p2a: Skarmory|154\/334|[from] Stealth Rock
|move|p1a: Chansey|Seismic Toss|p2a: Skarmory
|-damage|p2a: Skarmory|54\/334
|-damage|p1a: Chansey|324\/704|[from] item: Rocky Helmet|[of] p2a: Skarmory
|
|turn|88
|
|move|p2a: Skarmory|Roost|p2a: Skarmory
|-heal|p2a: Skarmory|221\/334
|move|p1a: Chansey|Seismic Toss|p2a: Skarmory
|-damage|p2a: Skarmory|121\/334
|-damage|p1a: Chansey|207\/704|[from] item: Rocky Helmet|[of] p2a: Skarmory
|
|turn|89
|
|move|p2a: Skarmory|Defog|p1a: Chansey
|-unboost|p1a: Chansey|evasion|1
|-sideend|p2: dannydarko|Stealth Rock|[from] move: Defog|[of] p2a: Skarmory
|move|p1a: Chansey|Soft-Boiled|p1a: Chansey
|-heal|p1a: Chansey|559\/704
|
|turn|90
|
|switch|p1a: Zapdos|Zapdos|266\/384
|-ability|p1a: Zapdos|Pressure
|move|p2a: Skarmory|Toxic|p1a: Zapdos|[miss]
|-miss|p2a: Skarmory|p1a: Zapdos
|
|-heal|p1a: Zapdos|290\/384|[from] item: Leftovers
|turn|91
|
|switch|p2a: Blissey|Blissey, F|409\/714
|move|p1a: Zapdos|Volt Switch|p2a: Blissey
|-damage|p2a: Blissey|333\/714
|
|switch|p1a: Scizor|Scizor-Mega, F|244\/344
|
|-heal|p2a: Blissey|377\/714|[from] item: Leftovers
|turn|92
|
|switch|p2a: Skarmory|Skarmory, F|121\/334
|move|p1a: Scizor|Swords Dance|p1a: Scizor
|-boost|p1a: Scizor|atk|2
|
|turn|93
|
|switch|p2a: Togekiss|Togekiss, M|364\/374
|move|p1a: Scizor|Superpower|p2a: Togekiss
|-resisted|p2a: Togekiss
|-damage|p2a: Togekiss|298\/374
|-unboost|p1a: Scizor|atk|1
|-unboost|p1a: Scizor|def|1
|
|-heal|p2a: Togekiss|321\/374|[from] item: Leftovers
|turn|94
|
|switch|p2a: Ferrothorn|Ferrothorn, F|322\/352
|move|p1a: Scizor|Swords Dance|p1a: Scizor
|-boost|p1a: Scizor|atk|2
|
|turn|95
|
|move|p1a: Scizor|Superpower|p2a: Ferrothorn
|-supereffective|p2a: Ferrothorn
|-damage|p2a: Ferrothorn|0 fnt
|-damage|p1a: Scizor|201\/344|[from] ability: Iron Barbs|[of] p2a: Ferrothorn
|-unboost|p1a: Scizor|atk|1
|-unboost|p1a: Scizor|def|1
|faint|p2a: Ferrothorn
|
|
|switch|p2a: Togekiss|Togekiss, M|321\/374
|turn|96
|
|move|p1a: Scizor|Bullet Punch|p2a: Togekiss
|-supereffective|p2a: Togekiss
|-damage|p2a: Togekiss|0 fnt
|faint|p2a: Togekiss
|
|-message|dannydarko forfeited.
|
|win|Dayanne
|raw|Ladder updating...
|leave|dannydarko
|player|p2