|join|elliwg6
|join|Dayanne
|player|p1|elliwg6|241
|player|p2|Dayanne|37
|gametype|singles
|gen|6
|tier|OU
|rated
|clearpoke
|poke|p1|Tornadus-Therian, M
|poke|p1|Politoed, F, shiny
|poke|p1|Kingdra, M
|poke|p1|Ferrothorn, M
|poke|p1|Swampert, F
|poke|p1|Kabutops, F
|poke|p2|Chansey, F
|poke|p2|Zapdos
|poke|p2|Scizor, M
|poke|p2|Clefable, F
|poke|p2|Gliscor, M
|poke|p2|Slowbro, M
|rule|Swagger Clause: Swagger is banned
|rule|Baton Pass Clause: Limit one PokÃ©mon knowing Baton Pass
|rule|Sleep Clause Mod: Limit one foe put to sleep
|rule|Species Clause: Limit one of each PokÃ©mon
|rule|OHKO Clause: OHKO moves are banned
|rule|Moody Clause: Moody is banned
|rule|Evasion Moves Clause: Evasion moves are banned
|rule|Endless Battle Clause: Forcing endless battles is banned
|rule|HP Percentage Mod: HP is shown in percentages
|teampreview
|
|start
|switch|p1a: Tornadus-Therian|Tornadus-Therian, M|309\/309
|switch|p2a: Zapdos|Zapdos|384\/384
|-ability|p2a: Zapdos|Pressure
|turn|1
|
|move|p1a: Tornadus-Therian|U-turn|p2a: Zapdos
|-resisted|p2a: Zapdos
|-damage|p2a: Zapdos|353\/384
|-damage|p1a: Tornadus-Therian|279\/309|[from] item: Life Orb
|
|switch|p1a: Swampert|Swampert, F|366\/366
|move|p2a: Zapdos|Heat Wave|p1a: Swampert
|-resisted|p1a: Swampert
|-damage|p1a: Swampert|317\/366
|
|-heal|p2a: Zapdos|377\/384|[from] item: Leftovers
|turn|2
|
|switch|p2a: Slowbro|Slowbro, M|394\/394
|detailschange|p1a: Swampert|Swampert-Mega, F
|message|Swampert has Mega Evolved into Mega Swampert!
|move|p1a: Swampert|Rain Dance|p1a: Swampert
|-weather|RainDance
|
|-weather|RainDance|[upkeep]
|turn|3
|
|move|p1a: Swampert|Earthquake|p2a: Slowbro
|-damage|p2a: Slowbro|246\/394
|move|p2a: Slowbro|Scald|p1a: Swampert
|-damage|p1a: Swampert|176\/366
|
|-weather|RainDance|[upkeep]
|-heal|p2a: Slowbro|270\/394|[from] item: Leftovers
|turn|4
|
|switch|p1a: Ferrothorn|Ferrothorn, M|352\/352
|move|p2a: Slowbro|Scald|p1a: Ferrothorn
|-resisted|p1a: Ferrothorn
|-damage|p1a: Ferrothorn|301\/352
|-status|p1a: Ferrothorn|brn
|
|-weather|RainDance|[upkeep]
|-heal|p2a: Slowbro|294\/394|[from] item: Leftovers
|-heal|p1a: Ferrothorn|323\/352 brn|[from] item: Leftovers
|-damage|p1a: Ferrothorn|279\/352 brn|[from] brn
|turn|5
|
|switch|p2a: Zapdos|Zapdos|377\/384
|-ability|p2a: Zapdos|Pressure
|move|p1a: Ferrothorn|Leech Seed|p2a: Zapdos
|-start|p2a: Zapdos|move: Leech Seed
|
|-weather|RainDance|[upkeep]
|-heal|p2a: Zapdos|384\/384|[from] item: Leftovers
|-heal|p1a: Ferrothorn|301\/352 brn|[from] item: Leftovers
|-damage|p2a: Zapdos|336\/384|[from] Leech Seed|[of] p1a: Ferrothorn
|-heal|p1a: Ferrothorn|349\/352 brn|[silent]
|-damage|p1a: Ferrothorn|305\/352 brn|[from] brn
|turn|6
|
|switch|p1a: Swampert|Swampert-Mega, F|176\/366
|move|p2a: Zapdos|Heat Wave|p1a: Swampert
|-miss|p2a: Zapdos|p1a: Swampert
|
|-weather|none
|-heal|p2a: Zapdos|360\/384|[from] item: Leftovers
|-damage|p2a: Zapdos|312\/384|[from] Leech Seed|[of] p1a: Swampert
|-heal|p1a: Swampert|224\/366|[silent]
|turn|7
|
|switch|p2a: Slowbro|Slowbro, M|394\/394
|move|p1a: Swampert|Rain Dance|p1a: Swampert
|-weather|RainDance
|
|-weather|RainDance|[upkeep]
|turn|8
|
|switch|p1a: Politoed|Politoed, F, shiny|384\/384
|move|p2a: Slowbro|Scald|p1a: Politoed
|-resisted|p1a: Politoed
|-damage|p1a: Politoed|336\/384
|
|-weather|RainDance|[upkeep]
|turn|9
|
|switch|p2a: Chansey|Chansey, F|704\/704
|move|p1a: Politoed|Toxic|p2a: Chansey
|-status|p2a: Chansey|tox
|
|-weather|RainDance|[upkeep]
|-damage|p2a: Chansey|660\/704 tox|[from] psn
|turn|10
|
|switch|p1a: Kabutops|Kabutops, F|261\/261
|move|p2a: Chansey|Stealth Rock|p1a: Kabutops
|-sidestart|p1: elliwg6|move: Stealth Rock
|
|-weather|RainDance|[upkeep]
|-damage|p2a: Chansey|572\/704 tox|[from] psn
|turn|11
|
|switch|p2a: Slowbro|Slowbro, M|394\/394
|move|p1a: Kabutops|Waterfall|p2a: Slowbro
|-resisted|p2a: Slowbro
|-damage|p2a: Slowbro|298\/394
|-damage|p1a: Kabutops|235\/261|[from] item: Life Orb
|
|-weather|none
|-heal|p2a: Slowbro|322\/394|[from] item: Leftovers
|turn|12
|
|move|p1a: Kabutops|Rapid Spin|p2a: Slowbro
|-damage|p2a: Slowbro|299\/394
|-sideend|p1: elliwg6|Stealth Rock|[from] move: Rapid Spin|[of] p1a: Kabutops
|-damage|p1a: Kabutops|209\/261|[from] item: Life Orb
|move|p2a: Slowbro|Scald|p1a: Kabutops
|-damage|p1a: Kabutops|82\/261
|
|-heal|p2a: Slowbro|323\/394|[from] item: Leftovers
|turn|13
|
|switch|p1a: Politoed|Politoed, F, shiny|336\/384
|-weather|RainDance
|move|p2a: Slowbro|Scald|p1a: Politoed
|-resisted|p1a: Politoed
|-damage|p1a: Politoed|285\/384
|-status|p1a: Politoed|brn
|
|-weather|RainDance|[upkeep]
|-heal|p2a: Slowbro|347\/394|[from] item: Leftovers
|-damage|p1a: Politoed|237\/384 brn|[from] brn
|turn|14
|
|switch|p2a: Chansey|Chansey, F|572\/704
|move|p1a: Politoed|Scald|p2a: Chansey
|-damage|p2a: Chansey|491\/704
|
|-weather|RainDance|[upkeep]
|-damage|p1a: Politoed|189\/384 brn|[from] brn
|turn|15
|
|move|p1a: Politoed|Hypnosis|p2a: Chansey|[miss]
|-miss|p1a: Politoed|p2a: Chansey
|move|p2a: Chansey|Stealth Rock|p1a: Politoed
|-sidestart|p1: elliwg6|move: Stealth Rock
|
|-weather|RainDance|[upkeep]
|-damage|p1a: Politoed|141\/384 brn|[from] brn
|turn|16
|
|switch|p1a: Ferrothorn|Ferrothorn, M|305\/352 brn
|-damage|p1a: Ferrothorn|283\/352 brn|[from] Stealth Rock
|move|p2a: Chansey|Seismic Toss|p1a: Ferrothorn
|-damage|p1a: Ferrothorn|183\/352 brn
|-damage|p2a: Chansey|403\/704|[from] ability: Iron Barbs|[of] p1a: Ferrothorn
|
|-weather|RainDance|[upkeep]
|-heal|p1a: Ferrothorn|205\/352 brn|[from] item: Leftovers
|-damage|p1a: Ferrothorn|161\/352 brn|[from] brn
|turn|17
|
|move|p2a: Chansey|Soft-Boiled|p2a: Chansey
|-heal|p2a: Chansey|704\/704
|move|p1a: Ferrothorn|Stealth Rock|p2a: Chansey
|-sidestart|p2: Dayanne|move: Stealth Rock
|
|-weather|RainDance|[upkeep]
|-heal|p1a: Ferrothorn|183\/352 brn|[from] item: Leftovers
|-damage|p1a: Ferrothorn|139\/352 brn|[from] brn
|turn|18
|
|move|p2a: Chansey|Seismic Toss|p1a: Ferrothorn
|-damage|p1a: Ferrothorn|39\/352 brn
|-damage|p2a: Chansey|616\/704|[from] ability: Iron Barbs|[of] p1a: Ferrothorn
|move|p1a: Ferrothorn|Spikes|p2a: Chansey
|-sidestart|p2: Dayanne|Spikes
|
|-weather|RainDance|[upkeep]
|-heal|p1a: Ferrothorn|61\/352 brn|[from] item: Leftovers
|-damage|p1a: Ferrothorn|17\/352 brn|[from] brn
|turn|19
|
|move|p2a: Chansey|Seismic Toss|p1a: Ferrothorn
|-damage|p1a: Ferrothorn|0 fnt
|-damage|p2a: Chansey|528\/704|[from] ability: Iron Barbs|[of] p1a: Ferrothorn
|faint|p1a: Ferrothorn
|
|-weather|RainDance|[upkeep]
|
|switch|p1a: Swampert|Swampert-Mega, F|224\/366
|-damage|p1a: Swampert|202\/366|[from] Stealth Rock
|turn|20
|
|switch|p2a: Slowbro|Slowbro, M|394\/394
|-damage|p2a: Slowbro|345\/394|[from] Stealth Rock
|-damage|p2a: Slowbro|296\/394|[from] Spikes
|move|p1a: Swampert|Earthquake|p2a: Slowbro
|-damage|p2a: Slowbro|146\/394
|
|-weather|none
|-heal|p2a: Slowbro|170\/394|[from] item: Leftovers
|turn|21
|
|move|p1a: Swampert|Earthquake|p2a: Slowbro
|-damage|p2a: Slowbro|28\/394
|move|p2a: Slowbro|Slack Off|p2a: Slowbro
|-heal|p2a: Slowbro|225\/394
|
|-heal|p2a: Slowbro|249\/394|[from] item: Leftovers
|turn|22
|
|move|p1a: Swampert|Earthquake|p2a: Slowbro
|-damage|p2a: Slowbro|98\/394
|move|p2a: Slowbro|Slack Off|p2a: Slowbro
|-heal|p2a: Slowbro|295\/394
|
|-heal|p2a: Slowbro|319\/394|[from] item: Leftovers
|turn|23
|
|switch|p1a: Politoed|Politoed, F, shiny|141\/384 brn
|-damage|p1a: Politoed|93\/384 brn|[from] Stealth Rock
|-weather|RainDance
|move|p2a: Slowbro|Scald|p1a: Politoed
|-resisted|p1a: Politoed
|-damage|p1a: Politoed|41\/384 brn
|
|-weather|RainDance|[upkeep]
|-heal|p2a: Slowbro|343\/394|[from] item: Leftovers
|-damage|p1a: Politoed|0 fnt|[from] brn
|faint|p1a: Politoed
|
|switch|p1a: Kingdra|Kingdra, M|307\/307
|-damage|p1a: Kingdra|269\/307|[from] Stealth Rock
|turn|24
|
|switch|p2a: Gliscor|Gliscor, M|352\/352
|-damage|p2a: Gliscor|308\/352|[from] Stealth Rock
|move|p1a: Kingdra|Agility|p1a: Kingdra
|-boost|p1a: Kingdra|spe|2
|
|-weather|RainDance|[upkeep]
|-status|p2a: Gliscor|tox|[from] item: Toxic Orb
|turn|25
|
|move|p1a: Kingdra|Focus Energy|p1a: Kingdra
|-start|p1a: Kingdra|move: Focus Energy
|move|p2a: Gliscor|Earthquake|p1a: Kingdra
|-damage|p1a: Kingdra|148\/307
|
|-weather|RainDance|[upkeep]
|-heal|p2a: Gliscor|352\/352 tox|[from] ability: Poison Heal
|turn|26
|
|move|p1a: Kingdra|Surf|p2a: Gliscor
|-crit|p2a: Gliscor
|-supereffective|p2a: Gliscor
|-damage|p2a: Gliscor|0 fnt
|faint|p2a: Gliscor
|
|-weather|RainDance|[upkeep]
|
|switch|p2a: Chansey|Chansey, F|528\/704
|-damage|p2a: Chansey|440\/704|[from] Spikes
|-damage|p2a: Chansey|352\/704|[from] Stealth Rock
|turn|27
|c|âelliwg6|get out dem brooms!
|
|move|p1a: Kingdra|Draco Meteor|p2a: Chansey
|-crit|p2a: Chansey
|-damage|p2a: Chansey|55\/704
|-unboost|p1a: Kingdra|spa|2
|move|p2a: Chansey|Soft-Boiled|p2a: Chansey
|-heal|p2a: Chansey|407\/704
|
|-weather|RainDance|[upkeep]
|turn|28
|
|move|p1a: Kingdra|Draco Meteor|p2a: Chansey
|-crit|p2a: Chansey
|-damage|p2a: Chansey|109\/704
|-unboost|p1a: Kingdra|spa|2
|move|p2a: Chansey|Soft-Boiled|p2a: Chansey
|-heal|p2a: Chansey|461\/704
|
|-weather|RainDance|[upkeep]
|turn|29
|c|âelliwg6|NOOOO
|
|switch|p1a: Swampert|Swampert-Mega, F|202\/366
|-damage|p1a: Swampert|180\/366|[from] Stealth Rock
|move|p2a: Chansey|Soft-Boiled|p2a: Chansey
|-heal|p2a: Chansey|704\/704
|
|-weather|RainDance|[upkeep]
|turn|30
|
|switch|p2a: Slowbro|Slowbro, M|394\/394
|-damage|p2a: Slowbro|345\/394|[from] Spikes
|-damage|p2a: Slowbro|296\/394|[from] Stealth Rock
|move|p1a: Swampert|Earthquake|p2a: Slowbro
|-damage|p2a: Slowbro|154\/394
|
|-weather|none
|-heal|p2a: Slowbro|178\/394|[from] item: Leftovers
|turn|31
|
|switch|p2a: Zapdos|Zapdos|312\/384
|-damage|p2a: Zapdos|216\/384|[from] Stealth Rock
|-ability|p2a: Zapdos|Pressure
|move|p1a: Swampert|Earthquake|p2a: Zapdos
|-immune|p2a: Zapdos|[msg]
|
|-heal|p2a: Zapdos|240\/384|[from] item: Leftovers
|turn|32
|
|move|p2a: Zapdos|Defog|p1a: Swampert
|-unboost|p1a: Swampert|evasion|1
|-sideend|p1: elliwg6|Stealth Rock|[from] move: Defog|[of] p1a: Swampert
|-sideend|p2: Dayanne|Spikes|[from] move: Defog|[of] p2a: Zapdos
|-sideend|p2: Dayanne|Stealth Rock|[from] move: Defog|[of] p2a: Zapdos
|move|p1a: Swampert|Ice Punch|p2a: Zapdos
|-supereffective|p2a: Zapdos
|-damage|p2a: Zapdos|76\/384
|
|-heal|p2a: Zapdos|100\/384|[from] item: Leftovers
|turn|33
|
|move|p2a: Zapdos|Roost|p2a: Zapdos
|-heal|p2a: Zapdos|292\/384
|move|p1a: Swampert|Ice Punch|p2a: Zapdos
|-damage|p2a: Zapdos|204\/384
|
|-heal|p2a: Zapdos|228\/384|[from] item: Leftovers
|turn|34
|c|âelliwg6|god you are so annoyin
|c|âelliwg6|g
|
|move|p2a: Zapdos|Roost|p2a: Zapdos
|-heal|p2a: Zapdos|384\/384
|move|p1a: Swampert|Waterfall|p2a: Zapdos
|-damage|p2a: Zapdos|239\/384
|
|-heal|p2a: Zapdos|263\/384|[from] item: Leftovers
|turn|35
|
|switch|p2a: Slowbro|Slowbro, M|309\/394
|move|p1a: Swampert|Rain Dance|p1a: Swampert
|-weather|RainDance
|
|-weather|RainDance|[upkeep]
|-heal|p2a: Slowbro|333\/394|[from] item: Leftovers
|turn|36
|
|switch|p1a: Tornadus-Therian|Tornadus-Therian, M|309\/309
|move|p2a: Slowbro|Scald|p1a: Tornadus-Therian
|-damage|p1a: Tornadus-Therian|123\/309
|-status|p1a: Tornadus-Therian|brn
|
|-weather|RainDance|[upkeep]
|-heal|p2a: Slowbro|357\/394|[from] item: Leftovers
|-damage|p1a: Tornadus-Therian|85\/309 brn|[from] brn
|turn|37
|
|switch|p2a: Chansey|Chansey, F|704\/704
|move|p1a: Tornadus-Therian|Hurricane|p2a: Chansey
|-crit|p2a: Chansey
|-damage|p2a: Chansey|501\/704
|-damage|p1a: Tornadus-Therian|55\/309 brn|[from] item: Life Orb
|
|-weather|RainDance|[upkeep]
|-damage|p1a: Tornadus-Therian|17\/309 brn|[from] brn
|turn|38
|
|move|p1a: Tornadus-Therian|Taunt|p2a: Chansey
|-start|p2a: Chansey|move: Taunt
|cant|p2a: Chansey|move: Taunt|Soft-Boiled
|
|-weather|RainDance|[upkeep]
|-damage|p1a: Tornadus-Therian|0 fnt|[from] brn
|faint|p1a: Tornadus-Therian
|
|switch|p1a: Kingdra|Kingdra, M|148\/307
|turn|39
|
|move|p1a: Kingdra|Focus Energy|p1a: Kingdra
|-start|p1a: Kingdra|move: Focus Energy
|move|p2a: Chansey|Seismic Toss|p1a: Kingdra
|-damage|p1a: Kingdra|48\/307
|
|-weather|none
|turn|40
|
|move|p1a: Kingdra|Draco Meteor|p2a: Chansey
|-crit|p2a: Chansey
|-damage|p2a: Chansey|189\/704
|-unboost|p1a: Kingdra|spa|2
|move|p2a: Chansey|Seismic Toss|p1a: Kingdra
|-damage|p1a: Kingdra|0 fnt
|faint|p1a: Kingdra
|
|-end|p2a: Chansey|move: Taunt
|c|âelliwg6|gg pal
|-message|elliwg6 forfeited.
|
|win|Dayanne
|raw|Ladder updating...
|leave|elliwg6
|player|p1
|raw|elliwg6's rating: 1502 &rarr; <strong>1485<\/strong><br \/>(-17 for losing)
|raw|Dayanne's rating: 1558 &rarr; <strong>1574<\/strong><br \/>(+16 for winning)