|join|Dayanne
|join|Guesst_50790
|player|p1|Dayanne|37
|player|p2|Guesst_50790|162
|gametype|singles
|gen|6
|tier|OU
|rated
|clearpoke
|poke|p1|Chansey, F
|poke|p1|Zapdos
|poke|p1|Scizor, F
|poke|p1|Clefable, F
|poke|p1|Gliscor, M
|poke|p1|Slowbro, M
|poke|p2|Azumarill, F
|poke|p2|Talonflame, M
|poke|p2|Diancie
|poke|p2|Keldeo
|poke|p2|Latias, F
|poke|p2|Thundurus, M
|rule|Swagger Clause: Swagger is banned
|rule|Baton Pass Clause: Limit one PokÃ©mon knowing Baton Pass
|rule|Sleep Clause Mod: Limit one foe put to sleep
|rule|Species Clause: Limit one of each PokÃ©mon
|rule|OHKO Clause: OHKO moves are banned
|rule|Moody Clause: Moody is banned
|rule|Evasion Moves Clause: Evasion moves are banned
|rule|Endless Battle Clause: Forcing endless battles is banned
|rule|HP Percentage Mod: HP is shown in percentages
|teampreview
|
|start
|switch|p1a: Slowbro|Slowbro, M|394\/394
|switch|p2a: Talonflame|Talonflame, M|298\/298
|turn|1
|
|move|p2a: Talonflame|Swords Dance|p2a: Talonflame
|-boost|p2a: Talonflame|atk|2
|move|p1a: Slowbro|Scald|p2a: Talonflame
|-supereffective|p2a: Talonflame
|-damage|p2a: Talonflame|32\/298
|
|turn|2
|
|move|p2a: Talonflame|Acrobatics|p1a: Slowbro
|-damage|p1a: Slowbro|199\/394
|move|p1a: Slowbro|Scald|p2a: Talonflame
|-supereffective|p2a: Talonflame
|-damage|p2a: Talonflame|0 fnt
|faint|p2a: Talonflame
|
|-heal|p1a: Slowbro|223\/394|[from] item: Leftovers
|
|switch|p2a: Thundurus|Thundurus, M|299\/299
|turn|3
|
|switch|p1a: Gliscor|Gliscor, M|352\/352
|move|p2a: Thundurus|Knock Off|p1a: Gliscor
|-damage|p1a: Gliscor|261\/352
|-enditem|p1a: Gliscor|Toxic Orb|[from] move: Knock Off|[of] p2a: Thundurus
|
|turn|4
|
|move|p2a: Thundurus|Hidden Power|p1a: Gliscor
|-supereffective|p1a: Gliscor
|-damage|p1a: Gliscor|65\/352
|move|p1a: Gliscor|Knock Off|p2a: Thundurus
|-damage|p2a: Thundurus|184\/299
|-enditem|p2a: Thundurus|Leftovers|[from] move: Knock Off|[of] p1a: Gliscor
|
|turn|5
|
|switch|p1a: Scizor|Scizor, F|344\/344
|move|p2a: Thundurus|Knock Off|p1a: Scizor
|-damage|p1a: Scizor|293\/344
|
|turn|6
|
|detailschange|p1a: Scizor|Scizor-Mega, F
|message|Scizor has Mega Evolved into Mega Scizor!
|move|p2a: Thundurus|Thunder Wave|p1a: Scizor
|-status|p1a: Scizor|par
|move|p1a: Scizor|Roost|p1a: Scizor
|-heal|p1a: Scizor|344\/344 par
|
|turn|7
|
|switch|p2a: Keldeo|Keldeo|323\/323
|move|p1a: Scizor|Bullet Punch|p2a: Keldeo
|-crit|p2a: Keldeo
|-resisted|p2a: Keldeo
|-damage|p2a: Keldeo|239\/323
|
|turn|8
|
|switch|p2a: Diancie|Diancie|241\/241
|switch|p1a: Slowbro|Slowbro, M|354\/394
|
|-heal|p1a: Slowbro|378\/394|[from] item: Leftovers
|turn|9
|
|detailschange|p2a: Diancie|Diancie-Mega
|message|Diancie has Mega Evolved into Mega Diancie!
|move|p2a: Diancie|Stealth Rock|p1a: Slowbro
|-sidestart|p1: Dayanne|move: Stealth Rock
|move|p1a: Slowbro|Scald|p2a: Diancie
|-supereffective|p2a: Diancie
|-damage|p2a: Diancie|53\/241
|
|-heal|p1a: Slowbro|394\/394|[from] item: Leftovers
|turn|10
|
|move|p2a: Diancie|Moonblast|p1a: Slowbro
|-damage|p1a: Slowbro|166\/394
|move|p1a: Slowbro|Scald|p2a: Diancie
|-supereffective|p2a: Diancie
|-damage|p2a: Diancie|0 fnt
|faint|p2a: Diancie
|
|-heal|p1a: Slowbro|190\/394|[from] item: Leftovers
|
|switch|p2a: Azumarill|Azumarill, F|404\/404
|turn|11
|
|switch|p1a: Clefable|Clefable, F|394\/394
|-damage|p1a: Clefable|345\/394|[from] Stealth Rock
|move|p2a: Azumarill|Belly Drum|p2a: Azumarill
|-damage|p2a: Azumarill|202\/404
|-setboost|p2a: Azumarill|atk|6|[from] move: Belly Drum
|-enditem|p2a: Azumarill|Sitrus Berry|[eat]
|-heal|p2a: Azumarill|303\/404|[from] item: Sitrus Berry
|
|-heal|p1a: Clefable|369\/394|[from] item: Leftovers
|turn|12
|
|move|p1a: Clefable|Moonblast|p2a: Azumarill
|-damage|p2a: Azumarill|176\/404
|-unboost|p2a: Azumarill|spa|1
|move|p2a: Azumarill|Play Rough|p1a: Clefable
|-damage|p1a: Clefable|204\/394
|
|-heal|p1a: Clefable|228\/394|[from] item: Leftovers
|turn|13
|-message|Guesst_50790 forfeited.
|
|win|Dayanne
|raw|Ladder updating...
|leave|Guesst_50790
|player|p2
|raw|Dayanne's rating: 1731 &rarr; <strong>1742<\/strong><br \/>(+11 for winning)
|raw|Guesst_50790's rating: 1568 &rarr; <strong>1557<\/strong><br \/>(-11 for losing)