|join|Dayanne
|join|iplaytennislol
|player|p1|Dayanne|37
|player|p2|iplaytennislol|175
|gametype|singles
|gen|6
|tier|OU
|rated
|clearpoke
|poke|p1|Chansey, F
|poke|p1|Zapdos
|poke|p1|Scizor, F
|poke|p1|Clefable, F
|poke|p1|Gliscor, M
|poke|p1|Slowbro, M
|poke|p2|Excadrill, F
|poke|p2|Azelf
|poke|p2|Pinsir, M
|poke|p2|Thundurus, M
|poke|p2|Keldeo
|poke|p2|Kyurem-Black
|rule|Swagger Clause: Swagger is banned
|rule|Baton Pass Clause: Limit one PokÃ©mon knowing Baton Pass
|rule|Sleep Clause Mod: Limit one foe put to sleep
|rule|Species Clause: Limit one of each PokÃ©mon
|rule|OHKO Clause: OHKO moves are banned
|rule|Moody Clause: Moody is banned
|rule|Evasion Moves Clause: Evasion moves are banned
|rule|Endless Battle Clause: Forcing endless battles is banned
|rule|HP Percentage Mod: HP is shown in percentages
|teampreview
|c|âiplaytennislol|stall w\/o mega sableye
|c|âiplaytennislol|i guess thats a little better
|
|start
|switch|p1a: Slowbro|Slowbro, M|394\/394
|switch|p2a: Azelf|Azelf|291\/291
|turn|1
|
|move|p2a: Azelf|Stealth Rock|p1a: Slowbro
|-sidestart|p1: Dayanne|move: Stealth Rock
|move|p1a: Slowbro|Scald|p2a: Azelf
|-damage|p2a: Azelf|168\/291
|
|turn|2
|
|move|p2a: Azelf|Taunt|p1a: Slowbro
|-start|p1a: Slowbro|move: Taunt
|move|p1a: Slowbro|Scald|p2a: Azelf
|-damage|p2a: Azelf|45\/291
|
|turn|3
|
|move|p2a: Azelf|Explosion|p1a: Slowbro
|-damage|p1a: Slowbro|239\/394
|faint|p2a: Azelf
|move|p1a: Slowbro|Scald|p2: Azelf|[notarget]
|-notarget
|
|-heal|p1a: Slowbro|263\/394|[from] item: Leftovers
|
|switch|p2a: Kyurem-Black|Kyurem-Black|391\/391
|-ability|p2a: Kyurem-Black|Teravolt
|turn|4
|
|switch|p1a: Scizor|Scizor, F|344\/344
|-damage|p1a: Scizor|301\/344|[from] Stealth Rock
|move|p2a: Kyurem-Black|Fusion Bolt|p1a: Scizor
|-damage|p1a: Scizor|152\/344
|-damage|p2a: Kyurem-Black|352\/391|[from] item: Life Orb
|
|turn|5
|
|switch|p2a: Keldeo|Keldeo|323\/323
|detailschange|p1a: Scizor|Scizor-Mega, F
|message|Scizor has Mega Evolved into Mega Scizor!
|move|p1a: Scizor|Bullet Punch|p2a: Keldeo
|-resisted|p2a: Keldeo
|-damage|p2a: Keldeo|266\/323
|
|turn|6
|join|UpsNoich
|
|switch|p1a: Slowbro|Slowbro, M|394\/394
|-damage|p1a: Slowbro|345\/394|[from] Stealth Rock
|move|p2a: Keldeo|Scald|p1a: Slowbro
|-resisted|p1a: Slowbro
|-damage|p1a: Slowbro|227\/394
|
|-heal|p1a: Slowbro|251\/394|[from] item: Leftovers
|turn|7
|
|move|p2a: Keldeo|Scald|p1a: Slowbro
|-resisted|p1a: Slowbro
|-damage|p1a: Slowbro|134\/394
|move|p1a: Slowbro|Scald|p2a: Keldeo
|-resisted|p2a: Keldeo
|-damage|p2a: Keldeo|215\/323
|
|-heal|p1a: Slowbro|158\/394|[from] item: Leftovers
|turn|8
|
|move|p2a: Keldeo|Scald|p1a: Slowbro
|-resisted|p1a: Slowbro
|-damage|p1a: Slowbro|36\/394
|move|p1a: Slowbro|Slack Off|p1a: Slowbro
|-heal|p1a: Slowbro|233\/394
|
|-heal|p1a: Slowbro|257\/394|[from] item: Leftovers
|turn|9
|
|switch|p2a: Kyurem-Black|Kyurem-Black|352\/391
|-ability|p2a: Kyurem-Black|Teravolt
|move|p1a: Slowbro|Psyshock|p2a: Kyurem-Black
|-damage|p2a: Kyurem-Black|261\/391
|
|-heal|p1a: Slowbro|281\/394|[from] item: Leftovers
|turn|10
|
|move|p2a: Kyurem-Black|Fusion Bolt|p1a: Slowbro
|-supereffective|p1a: Slowbro
|-damage|p1a: Slowbro|8\/394
|-damage|p2a: Kyurem-Black|222\/391|[from] item: Life Orb
|move|p1a: Slowbro|Thunder Wave|p2a: Kyurem-Black
|-status|p2a: Kyurem-Black|par
|
|-heal|p1a: Slowbro|32\/394|[from] item: Leftovers
|turn|11
|c|âiplaytennislol|zzzzzzz
|
|switch|p1a: Scizor|Scizor-Mega, F|152\/344
|-damage|p1a: Scizor|109\/344|[from] Stealth Rock
|move|p2a: Kyurem-Black|Fusion Bolt|p1a: Scizor
|-damage|p1a: Scizor|0 fnt
|-damage|p2a: Kyurem-Black|183\/391 par|[from] item: Life Orb
|faint|p1a: Scizor
|
|c| UpsNoich|gliscor
|
|switch|p1a: Clefable|Clefable, F|394\/394
|-damage|p1a: Clefable|345\/394|[from] Stealth Rock
|turn|12
|c| UpsNoich|eartqk
|
|move|p1a: Clefable|Moonblast|p2a: Kyurem-Black
|-supereffective|p2a: Kyurem-Black
|-damage|p2a: Kyurem-Black|0 fnt
|faint|p2a: Kyurem-Black
|
|-heal|p1a: Clefable|369\/394|[from] item: Leftovers
|
|switch|p2a: Excadrill|Excadrill, F|362\/362
|-ability|p2a: Excadrill|Mold Breaker
|turn|13
|c| UpsNoich|ou isso =D
|
|switch|p2a: Keldeo|Keldeo|215\/323
|switch|p1a: Gliscor|Gliscor, M|352\/352
|-damage|p1a: Gliscor|308\/352|[from] Stealth Rock
|
|-status|p1a: Gliscor|tox|[from] item: Toxic Orb
|turn|14
|
|switch|p1a: Chansey|Chansey, F|704\/704
|-damage|p1a: Chansey|616\/704|[from] Stealth Rock
|move|p2a: Keldeo|Scald|p1a: Chansey
|-damage|p1a: Chansey|477\/704
|
|turn|15
|
|switch|p2a: Pinsir|Pinsir, M|271\/271
|switch|p1a: Zapdos|Zapdos|384\/384
|-damage|p1a: Zapdos|288\/384|[from] Stealth Rock
|-ability|p1a: Zapdos|Pressure
|
|-heal|p1a: Zapdos|312\/384|[from] item: Leftovers
|turn|16
|
|switch|p2a: Excadrill|Excadrill, F|362\/362
|-ability|p2a: Excadrill|Mold Breaker
|move|p1a: Zapdos|Defog|p2a: Excadrill
|-unboost|p2a: Excadrill|evasion|1
|-sideend|p1: Dayanne|Stealth Rock|[from] move: Defog|[of] p1a: Zapdos
|
|-heal|p1a: Zapdos|336\/384|[from] item: Leftovers
|turn|17
|
|switch|p2a: Keldeo|Keldeo|215\/323
|move|p1a: Zapdos|Heat Wave|p2a: Keldeo
|-resisted|p2a: Keldeo
|-damage|p2a: Keldeo|170\/323
|-status|p2a: Keldeo|brn
|
|-heal|p1a: Zapdos|360\/384|[from] item: Leftovers
|-damage|p2a: Keldeo|130\/323 brn|[from] brn
|turn|18
|
|switch|p1a: Slowbro|Slowbro, M|163\/394
|move|p2a: Keldeo|Scald|p1a: Slowbro
|-resisted|p1a: Slowbro
|-damage|p1a: Slowbro|31\/394
|
|-heal|p1a: Slowbro|55\/394|[from] item: Leftovers
|-damage|p2a: Keldeo|90\/323 brn|[from] brn
|turn|19
|c|âiplaytennislol|fuck this cold water
|
|switch|p1a: Chansey|Chansey, F|477\/704
|move|p2a: Keldeo|Scald|p1a: Chansey
|-damage|p1a: Chansey|350\/704
|-status|p1a: Chansey|brn
|
|-damage|p2a: Keldeo|50\/323 brn|[from] brn
|-damage|p1a: Chansey|262\/704 brn|[from] brn
|turn|20
|c|âiplaytennislol|fuck stall
|c|âiplaytennislol|zzzzzz
|-message|iplaytennislol forfeited.
|
|win|Dayanne
|raw|Ladder updating...
|leave|iplaytennislol
|player|p2
|raw|Dayanne's rating: 1711 &rarr; <strong>1732<\/strong><br \/>(+21 for winning)
|raw|iplaytennislol's rating: 1726 &rarr; <strong>1705<\/strong><br \/>(-21 for losing)