|join|Dayanne
|join|Hawlucho
|player|p1|Dayanne|37
|player|p2|Hawlucho|294
|gametype|singles
|gen|6
|tier|OU
|rated
|clearpoke
|poke|p1|Chansey, F
|poke|p1|Zapdos
|poke|p1|Scizor, M
|poke|p1|Clefable, F
|poke|p1|Gliscor, M
|poke|p1|Slowbro, M
|poke|p2|Heracross, F
|poke|p2|Thundurus, M
|poke|p2|Heatran, F
|poke|p2|Sylveon, M
|poke|p2|Tentacruel, F
|poke|p2|Chesnaught, F
|rule|Swagger Clause: Swagger is banned
|rule|Baton Pass Clause: Limit one PokÃ©mon knowing Baton Pass
|rule|Sleep Clause Mod: Limit one foe put to sleep
|rule|Species Clause: Limit one of each PokÃ©mon
|rule|OHKO Clause: OHKO moves are banned
|rule|Moody Clause: Moody is banned
|rule|Evasion Moves Clause: Evasion moves are banned
|rule|Endless Battle Clause: Forcing endless battles is banned
|rule|HP Percentage Mod: HP is shown in percentages
|teampreview
|
|start
|switch|p1a: Gliscor|Gliscor, M|352\/352
|switch|p2a: Heracross|Heracross, F|308\/308
|turn|1
|
|switch|p2a: Tentacruel|Tentacruel, F|364\/364
|move|p1a: Gliscor|Knock Off|p2a: Tentacruel
|-damage|p2a: Tentacruel|257\/364
|-enditem|p2a: Tentacruel|Black Sludge|[from] move: Knock Off|[of] p1a: Gliscor
|
|-status|p1a: Gliscor|tox|[from] item: Toxic Orb
|turn|2
|
|move|p1a: Gliscor|Knock Off|p2a: Tentacruel
|-damage|p2a: Tentacruel|191\/364
|move|p2a: Tentacruel|Scald|p1a: Gliscor
|-supereffective|p1a: Gliscor
|-damage|p1a: Gliscor|218\/352 tox
|
|-heal|p1a: Gliscor|262\/352 tox|[from] ability: Poison Heal
|turn|3
|
|switch|p2a: Thundurus|Thundurus, M|299\/299
|move|p1a: Gliscor|Earthquake|p2a: Thundurus
|-immune|p2a: Thundurus|[msg]
|
|-heal|p1a: Gliscor|306\/352 tox|[from] ability: Poison Heal
|turn|4
|
|switch|p1a: Chansey|Chansey, F|704\/704
|move|p2a: Thundurus|Hidden Power|p1a: Chansey
|-damage|p1a: Chansey|662\/704
|
|turn|5
|
|move|p2a: Thundurus|Knock Off|p1a: Chansey
|-damage|p1a: Chansey|554\/704
|-enditem|p1a: Chansey|Eviolite|[from] move: Knock Off|[of] p2a: Thundurus
|move|p1a: Chansey|Stealth Rock|p2a: Thundurus
|-sidestart|p2: Hawlucho|move: Stealth Rock
|
|turn|6
|
|switch|p2a: Chesnaught|Chesnaught, F|380\/380
|-damage|p2a: Chesnaught|357\/380|[from] Stealth Rock
|switch|p1a: Gliscor|Gliscor, M|306\/352 tox
|
|-heal|p2a: Chesnaught|380\/380|[from] item: Leftovers
|-heal|p1a: Gliscor|350\/352 tox|[from] ability: Poison Heal
|turn|7
|
|move|p1a: Gliscor|Taunt|p2a: Chesnaught
|-start|p2a: Chesnaught|move: Taunt
|cant|p2a: Chesnaught|move: Taunt|Leech Seed
|
|-heal|p1a: Gliscor|352\/352 tox|[from] ability: Poison Heal
|turn|8
|
|switch|p2a: Thundurus|Thundurus, M|299\/299
|-damage|p2a: Thundurus|225\/299|[from] Stealth Rock
|move|p1a: Gliscor|Knock Off|p2a: Thundurus
|-damage|p2a: Thundurus|114\/299
|-enditem|p2a: Thundurus|Leftovers|[from] move: Knock Off|[of] p1a: Gliscor
|
|turn|9
|
|switch|p2a: Tentacruel|Tentacruel, F|191\/364
|-damage|p2a: Tentacruel|146\/364|[from] Stealth Rock
|switch|p1a: Chansey|Chansey, F|554\/704
|
|turn|10
|
|move|p2a: Tentacruel|Rapid Spin|p1a: Chansey
|-damage|p1a: Chansey|534\/704
|-sideend|p2: Hawlucho|Stealth Rock|[from] move: Rapid Spin|[of] p2a: Tentacruel
|move|p1a: Chansey|Seismic Toss|p2a: Tentacruel
|-damage|p2a: Tentacruel|46\/364
|
|turn|11
|
|move|p2a: Tentacruel|Toxic Spikes|p1a: Chansey
|-sidestart|p1: Dayanne|move: Toxic Spikes
|move|p1a: Chansey|Stealth Rock|p2a: Tentacruel
|-sidestart|p2: Hawlucho|move: Stealth Rock
|
|turn|12
|
|switch|p1a: Zapdos|Zapdos|384\/384
|-ability|p1a: Zapdos|Pressure
|move|p2a: Tentacruel|Rapid Spin|p1a: Zapdos
|-damage|p1a: Zapdos|376\/384
|-sideend|p2: Hawlucho|Stealth Rock|[from] move: Rapid Spin|[of] p2a: Tentacruel
|
|-heal|p1a: Zapdos|384\/384|[from] item: Leftovers
|turn|13
|
|move|p1a: Zapdos|Defog|p2a: Tentacruel
|-unboost|p2a: Tentacruel|evasion|1
|-sideend|p1: Dayanne|Toxic Spikes|[from] move: Defog|[of] p1a: Zapdos
|move|p2a: Tentacruel|Toxic Spikes|p1a: Zapdos
|-sidestart|p1: Dayanne|move: Toxic Spikes
|
|turn|14
|
|move|p1a: Zapdos|Defog|p2a: Tentacruel
|-unboost|p2a: Tentacruel|evasion|1
|-sideend|p1: Dayanne|Toxic Spikes|[from] move: Defog|[of] p1a: Zapdos
|move|p2a: Tentacruel|Toxic Spikes|p1a: Zapdos
|-sidestart|p1: Dayanne|move: Toxic Spikes
|
|turn|15
|
|move|p1a: Zapdos|Volt Switch|p2a: Tentacruel
|-supereffective|p2a: Tentacruel
|-damage|p2a: Tentacruel|0 fnt
|faint|p2a: Tentacruel
|
|switch|p1a: Gliscor|Gliscor, M|352\/352 tox
|
|
|switch|p2a: Sylveon|Sylveon, M|394\/394
|turn|16
|
|switch|p2a: Heracross|Heracross, F|308\/308
|move|p1a: Gliscor|Knock Off|p2a: Heracross
|-resisted|p2a: Heracross
|-damage|p2a: Heracross|277\/308
|
|turn|17
|
|detailschange|p2a: Heracross|Heracross-Mega, F
|-mega|p2a: Heracross|Heracross|Heracronite
|move|p2a: Heracross|Bullet Seed|p1a: Gliscor
|-damage|p1a: Gliscor|314\/352 tox
|-damage|p1a: Gliscor|279\/352 tox
|-damage|p1a: Gliscor|245\/352 tox
|-crit|p1a: Gliscor
|-damage|p1a: Gliscor|192\/352 tox
|-damage|p1a: Gliscor|158\/352 tox
|-hitcount|p1a: Gliscor|5
|move|p1a: Gliscor|Earthquake|p2a: Heracross
|-resisted|p2a: Heracross
|-damage|p2a: Heracross|224\/308
|
|-heal|p1a: Gliscor|202\/352 tox|[from] ability: Poison Heal
|turn|18
|
|move|p1a: Gliscor|Roost|p1a: Gliscor
|-heal|p1a: Gliscor|352\/352 tox
|move|p2a: Heracross|Rock Blast|p1a: Gliscor
|-resisted|p1a: Gliscor
|-damage|p1a: Gliscor|334\/352 tox
|-resisted|p1a: Gliscor
|-damage|p1a: Gliscor|318\/352 tox
|-resisted|p1a: Gliscor
|-damage|p1a: Gliscor|300\/352 tox
|-resisted|p1a: Gliscor
|-damage|p1a: Gliscor|281\/352 tox
|-resisted|p1a: Gliscor
|-damage|p1a: Gliscor|264\/352 tox
|-hitcount|p1a: Gliscor|5
|
|-heal|p1a: Gliscor|308\/352 tox|[from] ability: Poison Heal
|turn|19
|
|switch|p1a: Zapdos|Zapdos|384\/384
|-ability|p1a: Zapdos|Pressure
|move|p2a: Heracross|Bullet Seed|p1a: Zapdos
|-resisted|p1a: Zapdos
|-damage|p1a: Zapdos|367\/384
|-resisted|p1a: Zapdos
|-damage|p1a: Zapdos|351\/384
|-resisted|p1a: Zapdos
|-damage|p1a: Zapdos|333\/384
|-resisted|p1a: Zapdos
|-damage|p1a: Zapdos|316\/384
|-resisted|p1a: Zapdos
|-damage|p1a: Zapdos|299\/384
|-hitcount|p1a: Zapdos|5
|
|-heal|p1a: Zapdos|323\/384|[from] item: Leftovers
|turn|20
|
|move|p2a: Heracross|Rock Blast|p1a: Zapdos
|-supereffective|p1a: Zapdos
|-damage|p1a: Zapdos|253\/384
|-supereffective|p1a: Zapdos
|-damage|p1a: Zapdos|175\/384
|-supereffective|p1a: Zapdos
|-damage|p1a: Zapdos|103\/384
|-crit|p1a: Zapdos
|-supereffective|p1a: Zapdos
|-damage|p1a: Zapdos|0 fnt
|-hitcount|p1a: Zapdos|4
|faint|p1a: Zapdos
|
|
|switch|p1a: Scizor|Scizor, M|344\/344
|turn|21
|
|switch|p2a: Heatran|Heatran, F|386\/386
|detailschange|p1a: Scizor|Scizor-Mega, M
|-mega|p1a: Scizor|Scizor|Scizorite
|move|p1a: Scizor|Roost|p1a: Scizor
|-fail|p1a: Scizor
|
|turn|22
|
|switch|p1a: Gliscor|Gliscor, M|308\/352 tox
|move|p2a: Heatran|Stealth Rock|p1a: Gliscor
|-sidestart|p1: Dayanne|move: Stealth Rock
|
|-heal|p1a: Gliscor|352\/352 tox|[from] ability: Poison Heal
|turn|23
|
|switch|p2a: Thundurus|Thundurus, M|114\/299
|move|p1a: Gliscor|Knock Off|p2a: Thundurus
|-damage|p2a: Thundurus|35\/299
|
|turn|24
|
|switch|p1a: Chansey|Chansey, F|534\/704
|-damage|p1a: Chansey|446\/704|[from] Stealth Rock
|-status|p1a: Chansey|psn
|move|p2a: Thundurus|Thunder Wave|p1a: Chansey
|-fail|p1a: Chansey
|
|-damage|p1a: Chansey|358\/704 psn|[from] psn
|turn|25
|
|move|p2a: Thundurus|Thunderbolt|p1a: Chansey
|-damage|p1a: Chansey|208\/704 psn
|move|p1a: Chansey|Stealth Rock|p2a: Thundurus
|-sidestart|p2: Hawlucho|move: Stealth Rock
|
|-damage|p1a: Chansey|120\/704 psn|[from] psn
|turn|26
|
|move|p2a: Thundurus|Thunderbolt|p1a: Chansey
|-damage|p1a: Chansey|0 fnt
|faint|p1a: Chansey
|
|
|switch|p1a: Scizor|Scizor-Mega, M|344\/344
|-damage|p1a: Scizor|301\/344|[from] Stealth Rock
|turn|27
|
|move|p2a: Thundurus|Thunder Wave|p1a: Scizor
|-status|p1a: Scizor|par
|move|p1a: Scizor|Bullet Punch|p2a: Thundurus
|-crit|p2a: Thundurus
|-resisted|p2a: Thundurus
|-damage|p2a: Thundurus|0 fnt
|faint|p2a: Thundurus
|
|
|switch|p2a: Heatran|Heatran, F|386\/386
|-damage|p2a: Heatran|338\/386|[from] Stealth Rock
|turn|28
|
|switch|p2a: Heracross|Heracross-Mega, F|224\/308
|-damage|p2a: Heracross|186\/308|[from] Stealth Rock
|switch|p1a: Gliscor|Gliscor, M|352\/352 tox
|-damage|p1a: Gliscor|308\/352 tox|[from] Stealth Rock
|
|-heal|p1a: Gliscor|352\/352 tox|[from] ability: Poison Heal
|turn|29
|
|move|p1a: Gliscor|Earthquake|p2a: Heracross
|-resisted|p2a: Heracross
|-damage|p2a: Heracross|138\/308
|move|p2a: Heracross|Bullet Seed|p1a: Gliscor
|-damage|p1a: Gliscor|316\/352 tox
|-damage|p1a: Gliscor|281\/352 tox
|-damage|p1a: Gliscor|244\/352 tox
|-damage|p1a: Gliscor|211\/352 tox
|-damage|p1a: Gliscor|176\/352 tox
|-hitcount|p1a: Gliscor|5
|
|-heal|p1a: Gliscor|220\/352 tox|[from] ability: Poison Heal
|turn|30
|
|move|p1a: Gliscor|Roost|p1a: Gliscor
|-heal|p1a: Gliscor|352\/352 tox
|move|p2a: Heracross|Bullet Seed|p1a: Gliscor
|-crit|p1a: Gliscor
|-supereffective|p1a: Gliscor
|-damage|p1a: Gliscor|254\/352 tox
|-supereffective|p1a: Gliscor
|-damage|p1a: Gliscor|186\/352 tox
|-supereffective|p1a: Gliscor
|-damage|p1a: Gliscor|112\/352 tox
|-supereffective|p1a: Gliscor
|-damage|p1a: Gliscor|40\/352 tox
|-supereffective|p1a: Gliscor
|-damage|p1a: Gliscor|0 fnt
|-hitcount|p1a: Gliscor|5
|faint|p1a: Gliscor
|
|
|switch|p1a: Clefable|Clefable, F|394\/394
|-damage|p1a: Clefable|345\/394|[from] Stealth Rock
|-status|p1a: Clefable|psn
|turn|31
|
|switch|p2a: Heatran|Heatran, F|338\/386
|-damage|p2a: Heatran|290\/386|[from] Stealth Rock
|move|p1a: Clefable|Moonblast|p2a: Heatran
|-resisted|p2a: Heatran
|-damage|p2a: Heatran|271\/386
|
|-heal|p2a: Heatran|295\/386|[from] item: Leftovers
|-heal|p1a: Clefable|369\/394 psn|[from] item: Leftovers
|-damage|p1a: Clefable|320\/394 psn|[from] psn
|turn|32
|
|switch|p1a: Slowbro|Slowbro, M|394\/394
|-damage|p1a: Slowbro|345\/394|[from] Stealth Rock
|-status|p1a: Slowbro|psn
|move|p2a: Heatran|Toxic|p1a: Slowbro
|-fail|p1a: Slowbro
|
|-heal|p2a: Heatran|319\/386|[from] item: Leftovers
|-heal|p1a: Slowbro|369\/394 psn|[from] item: Leftovers
|-damage|p1a: Slowbro|320\/394 psn|[from] psn
|turn|33
|c|âHawlucho|why do i have toxic lol
|
|move|p1a: Slowbro|Thunder Wave|p2a: Heatran
|-status|p2a: Heatran|par
|cant|p2a: Heatran|par
|
|-heal|p1a: Slowbro|344\/394 psn|[from] item: Leftovers
|-heal|p2a: Heatran|343\/386 par|[from] item: Leftovers
|-damage|p1a: Slowbro|295\/394 psn|[from] psn
|turn|34
|c|âHawlucho|fast bro?
|c|âHawlucho|hmmm...
|c|âHawlucho|scarf?
|
|move|p1a: Slowbro|Thunder Wave|p2a: Heatran
|-fail|p2a: Heatran|par
|cant|p2a: Heatran|par
|
|-heal|p1a: Slowbro|319\/394 psn|[from] item: Leftovers
|-heal|p2a: Heatran|367\/386 par|[from] item: Leftovers
|-damage|p1a: Slowbro|270\/394 psn|[from] psn
|turn|35
|c|âHawlucho|wtf
|c|âHawlucho|how did you outspeed?
|
|move|p1a: Slowbro|Scald|p2a: Heatran
|-supereffective|p2a: Heatran
|-damage|p2a: Heatran|229\/386 par
|cant|p2a: Heatran|par
|
|-heal|p1a: Slowbro|294\/394 psn|[from] item: Leftovers
|-heal|p2a: Heatran|253\/386 par|[from] item: Leftovers
|-damage|p1a: Slowbro|245\/394 psn|[from] psn
|turn|36
|
|switch|p2a: Chesnaught|Chesnaught, F|380\/380
|-damage|p2a: Chesnaught|357\/380|[from] Stealth Rock
|move|p1a: Slowbro|Scald|p2a: Chesnaught
|-resisted|p2a: Chesnaught
|-damage|p2a: Chesnaught|303\/380
|
|-heal|p2a: Chesnaught|326\/380|[from] item: Leftovers
|-heal|p1a: Slowbro|269\/394 psn|[from] item: Leftovers
|-damage|p1a: Slowbro|220\/394 psn|[from] psn
|turn|37
|
|move|p2a: Chesnaught|Wood Hammer|p1a: Slowbro
|-supereffective|p1a: Slowbro
|-damage|p1a: Slowbro|16\/394 psn
|-damage|p2a: Chesnaught|259\/380|[from] recoil|[of] p1a: Slowbro
|move|p1a: Slowbro|Scald|p2a: Chesnaught
|-resisted|p2a: Chesnaught
|-damage|p2a: Chesnaught|202\/380
|
|-heal|p2a: Chesnaught|225\/380|[from] item: Leftovers
|-heal|p1a: Slowbro|40\/394 psn|[from] item: Leftovers
|-damage|p1a: Slowbro|0 fnt|[from] psn
|faint|p1a: Slowbro
|
|switch|p1a: Scizor|Scizor-Mega, M|301\/344 par
|-damage|p1a: Scizor|258\/344 par|[from] Stealth Rock
|turn|38
|
|switch|p2a: Heatran|Heatran, F|253\/386 par
|-damage|p2a: Heatran|205\/386 par|[from] Stealth Rock
|move|p1a: Scizor|Swords Dance|p1a: Scizor
|-boost|p1a: Scizor|atk|2
|
|-heal|p2a: Heatran|229\/386 par|[from] item: Leftovers
|turn|39
|
|cant|p1a: Scizor|par
|move|p2a: Heatran|Lava Plume|p1a: Scizor
|-supereffective|p1a: Scizor
|-damage|p1a: Scizor|0 fnt
|faint|p1a: Scizor
|
|-heal|p2a: Heatran|253\/386 par|[from] item: Leftovers
|c|âHawlucho|sorry fren
|-message|Dayanne forfeited.
|
|win|Hawlucho
|raw|Ladder updating...
|leave|Dayanne
|player|p1
|raw|Dayanne's rating: 1767 &rarr; <strong>1735<\/strong><br \/>(-32 for losing)
|raw|Hawlucho's rating: 1519 &rarr; <strong>1551<\/strong><br \/>(+32 for winning)