|join|Relic Stone
|join|Dayanne
|player|p1|Relic Stone|151
|player|p2|Dayanne|37
|gametype|singles
|gen|6
|tier|OU
|rated
|clearpoke
|poke|p1|Gengar, M
|poke|p1|Meloetta
|poke|p1|Conkeldurr, M
|poke|p1|Gyarados, M
|poke|p1|Ferrothorn, M
|poke|p1|Landorus, M
|poke|p2|Chansey, F
|poke|p2|Zapdos
|poke|p2|Scizor, F
|poke|p2|Clefable, F
|poke|p2|Gliscor, M
|poke|p2|Slowbro, M
|rule|Swagger Clause: Swagger is banned
|rule|Baton Pass Clause: Limit one PokÃ©mon knowing Baton Pass
|rule|Sleep Clause Mod: Limit one foe put to sleep
|rule|Species Clause: Limit one of each PokÃ©mon
|rule|OHKO Clause: OHKO moves are banned
|rule|Moody Clause: Moody is banned
|rule|Evasion Moves Clause: Evasion moves are banned
|rule|Endless Battle Clause: Forcing endless battles is banned
|rule|HP Percentage Mod: HP is shown in percentages
|teampreview
|
|start
|switch|p1a: Enten|Landorus, M|319\/319
|switch|p2a: Zapdos|Zapdos|384\/384
|-ability|p2a: Zapdos|Pressure
|turn|1
|
|move|p1a: Enten|Rock Slide|p2a: Zapdos
|-supereffective|p2a: Zapdos
|-damage|p2a: Zapdos|194\/384
|move|p2a: Zapdos|Heat Wave|p1a: Enten
|-damage|p1a: Enten|195\/319
|-status|p1a: Enten|brn
|
|-heal|p2a: Zapdos|218\/384|[from] item: Leftovers
|-damage|p1a: Enten|156\/319 brn|[from] brn
|turn|2
|
|move|p1a: Enten|Psychic|p2a: Zapdos
|-damage|p2a: Zapdos|40\/384
|move|p2a: Zapdos|Roost|p2a: Zapdos
|-heal|p2a: Zapdos|232\/384
|
|-heal|p2a: Zapdos|256\/384|[from] item: Leftovers
|-damage|p1a: Enten|117\/319 brn|[from] brn
|turn|3
|c|âRelic Stone|FUCKING BURN
|
|switch|p1a: Heihachi|Conkeldurr, M|383\/383
|move|p2a: Zapdos|Roost|p2a: Zapdos
|-heal|p2a: Zapdos|384\/384
|
|turn|4
|
|move|p2a: Zapdos|Volt Switch|p1a: Heihachi
|-damage|p1a: Heihachi|320\/383
|
|switch|p2a: Slowbro|Slowbro, M|394\/394
|move|p1a: Heihachi|Knock Off|p2a: Slowbro
|-supereffective|p2a: Slowbro
|-damage|p2a: Slowbro|252\/394
|-enditem|p2a: Slowbro|Leftovers|[from] move: Knock Off|[of] p1a: Heihachi
|
|turn|5
|
|switch|p1a: Phantom|Gengar, M|262\/262
|move|p2a: Slowbro|Thunder Wave|p1a: Phantom
|-status|p1a: Phantom|par
|
|turn|6
|
|switch|p2a: Chansey|Chansey, F|704\/704
|move|p1a: Phantom|Shadow Ball|p2a: Chansey
|-immune|p2a: Chansey|[msg]
|
|turn|7
|
|switch|p1a: Tytannial|Ferrothorn, M|352\/352
|move|p2a: Chansey|Stealth Rock|p1a: Tytannial
|-sidestart|p1: Relic Stone|move: Stealth Rock
|
|turn|8
|
|switch|p2a: Zapdos|Zapdos|384\/384
|-ability|p2a: Zapdos|Pressure
|move|p1a: Tytannial|Stealth Rock|p2a: Zapdos
|-sidestart|p2: Dayanne|move: Stealth Rock
|
|turn|9
|
|move|p2a: Zapdos|Heat Wave|p1a: Tytannial
|-supereffective|p1a: Tytannial
|-damage|p1a: Tytannial|52\/352
|move|p1a: Tytannial|Leech Seed|p2a: Zapdos
|-start|p2a: Zapdos|move: Leech Seed
|
|-damage|p2a: Zapdos|336\/384|[from] Leech Seed|[of] p1a: Tytannial
|-heal|p1a: Tytannial|100\/352|[silent]
|turn|10
|
|move|p2a: Zapdos|Defog|p1a: Tytannial
|-unboost|p1a: Tytannial|evasion|1
|-sideend|p1: Relic Stone|Stealth Rock|[from] move: Defog|[of] p1a: Tytannial
|-sideend|p2: Dayanne|Stealth Rock|[from] move: Defog|[of] p2a: Zapdos
|move|p1a: Tytannial|Spikes|p2a: Zapdos
|-sidestart|p2: Dayanne|Spikes
|
|-heal|p2a: Zapdos|360\/384|[from] item: Leftovers
|-damage|p2a: Zapdos|312\/384|[from] Leech Seed|[of] p1a: Tytannial
|-heal|p1a: Tytannial|148\/352|[silent]
|turn|11
|
|switch|p1a: Enten|Landorus, M|117\/319 brn
|move|p2a: Zapdos|Heat Wave|p1a: Enten
|-miss|p2a: Zapdos|p1a: Enten
|
|-heal|p2a: Zapdos|336\/384|[from] item: Leftovers
|-damage|p2a: Zapdos|288\/384|[from] Leech Seed|[of] p1a: Enten
|-heal|p1a: Enten|165\/319 brn|[silent]
|-damage|p1a: Enten|126\/319 brn|[from] brn
|turn|12
|
|switch|p2a: Gliscor|Gliscor, M|352\/352
|move|p1a: Enten|Psychic|p2a: Gliscor
|-damage|p2a: Gliscor|203\/352
|
|-damage|p1a: Enten|87\/319 brn|[from] brn
|-status|p2a: Gliscor|tox|[from] item: Toxic Orb
|turn|13
|join|Alldaalts
|
|move|p1a: Enten|Psychic|p2a: Gliscor
|-damage|p2a: Gliscor|54\/352 tox
|move|p2a: Gliscor|Roost|p2a: Gliscor
|-heal|p2a: Gliscor|230\/352 tox
|
|-damage|p1a: Enten|48\/319 brn|[from] brn
|-heal|p2a: Gliscor|274\/352 tox|[from] ability: Poison Heal
|turn|14
|c|âRelic Stone|alldaalts.. heatwave burned my rock slide fucking lando
|c|âRelic Stone|what am i even supposed to do now
|
|move|p1a: Enten|Psychic|p2a: Gliscor
|-damage|p2a: Gliscor|125\/352 tox
|move|p2a: Gliscor|Roost|p2a: Gliscor
|-heal|p2a: Gliscor|301\/352 tox
|
|-damage|p1a: Enten|9\/319 brn|[from] brn
|-heal|p2a: Gliscor|345\/352 tox|[from] ability: Poison Heal
|turn|15
|
|move|p1a: Enten|Psychic|p2a: Gliscor
|-damage|p2a: Gliscor|190\/352 tox
|move|p2a: Gliscor|Roost|p2a: Gliscor
|-heal|p2a: Gliscor|352\/352 tox
|
|-damage|p1a: Enten|0 fnt|[from] brn
|faint|p1a: Enten
|
|switch|p1a: Predator|Gyarados, M|363\/363
|-ability|p1a: Predator|Intimidate|[of] p2a: Gliscor
|-unboost|p2a: Gliscor|atk|1
|turn|16
|
|switch|p2a: Zapdos|Zapdos|288\/384
|-ability|p2a: Zapdos|Pressure
|move|p1a: Predator|Substitute|p1a: Predator
|-start|p1a: Predator|Substitute
|-damage|p1a: Predator|273\/363
|
|-heal|p2a: Zapdos|312\/384|[from] item: Leftovers
|turn|17
|
|move|p1a: Predator|Dragon Dance|p1a: Predator
|-boost|p1a: Predator|atk|1
|-boost|p1a: Predator|spe|1
|move|p2a: Zapdos|Defog|p1a: Predator
|-sideend|p2: Dayanne|Spikes|[from] move: Defog|[of] p2a: Zapdos
|
|-heal|p2a: Zapdos|336\/384|[from] item: Leftovers
|turn|18
|
|move|p1a: Predator|Waterfall|p2a: Zapdos
|-damage|p2a: Zapdos|174\/384
|move|p2a: Zapdos|Volt Switch|p1a: Predator
|-supereffective|p1a: Predator
|-end|p1a: Predator|Substitute
|
|switch|p2a: Clefable|Clefable, F|394\/394
|
|turn|19
|
|move|p1a: Predator|Waterfall|p2a: Clefable
|-damage|p2a: Clefable|277\/394
|move|p2a: Clefable|Moonblast|p1a: Predator
|-damage|p1a: Predator|168\/363
|-unboost|p1a: Predator|spa|1
|
|-heal|p2a: Clefable|301\/394|[from] item: Leftovers
|turn|20
|
|move|p1a: Predator|Waterfall|p2a: Clefable
|-damage|p2a: Clefable|186\/394
|cant|p2a: Clefable|flinch
|
|-heal|p2a: Clefable|210\/394|[from] item: Leftovers
|turn|21
|
|move|p1a: Predator|Waterfall|p2a: Clefable
|-damage|p2a: Clefable|101\/394
|cant|p2a: Clefable|flinch
|
|-heal|p2a: Clefable|125\/394|[from] item: Leftovers
|turn|22
|
|detailschange|p1a: Predator|Gyarados-Mega, M
|-mega|p1a: Predator|Gyarados|Gyaradosite
|-ability|p1a: Predator|Mold Breaker
|move|p2a: Clefable|Protect|p2a: Clefable
|-singleturn|p2a: Clefable|Protect
|move|p1a: Predator|Waterfall|p2a: Clefable
|-activate|p2a: Clefable|Protect
|
|-heal|p2a: Clefable|149\/394|[from] item: Leftovers
|turn|23
|
|move|p1a: Predator|Waterfall|p2a: Clefable
|-damage|p2a: Clefable|0 fnt
|faint|p2a: Clefable
|
|
|switch|p2a: Scizor|Scizor, F|344\/344
|turn|24
|
|detailschange|p2a: Scizor|Scizor-Mega, F
|-mega|p2a: Scizor|Scizor|Scizorite
|move|p1a: Predator|Waterfall|p2a: Scizor
|-damage|p2a: Scizor|211\/344
|move|p2a: Scizor|Superpower|p1a: Predator
|-crit|p1a: Predator
|-supereffective|p1a: Predator
|-damage|p1a: Predator|0 fnt
|-unboost|p2a: Scizor|atk|1
|-unboost|p2a: Scizor|def|1
|faint|p1a: Predator
|
|
|switch|p1a: Tytannial|Ferrothorn, M|148\/352
|turn|25
|
|switch|p2a: Zapdos|Zapdos|174\/384
|-ability|p2a: Zapdos|Pressure
|move|p1a: Tytannial|Leech Seed|p2a: Zapdos
|-start|p2a: Zapdos|move: Leech Seed
|
|-heal|p2a: Zapdos|198\/384|[from] item: Leftovers
|-damage|p2a: Zapdos|150\/384|[from] Leech Seed|[of] p1a: Tytannial
|-heal|p1a: Tytannial|196\/352|[silent]
|turn|26
|
|switch|p1a: Heihachi|Conkeldurr, M|320\/383
|move|p2a: Zapdos|Roost|p2a: Zapdos
|-heal|p2a: Zapdos|342\/384
|
|-heal|p2a: Zapdos|366\/384|[from] item: Leftovers
|-damage|p2a: Zapdos|318\/384|[from] Leech Seed|[of] p1a: Heihachi
|-heal|p1a: Heihachi|368\/383|[silent]
|turn|27
|
|move|p2a: Zapdos|Volt Switch|p1a: Heihachi
|-damage|p1a: Heihachi|310\/383
|
|switch|p2a: Scizor|Scizor-Mega, F|211\/344
|move|p1a: Heihachi|Knock Off|p2a: Scizor
|-damage|p2a: Scizor|163\/344
|
|turn|28
|
|move|p2a: Scizor|Roost|p2a: Scizor
|-heal|p2a: Scizor|335\/344
|move|p1a: Heihachi|Ice Punch|p2a: Scizor
|-crit|p2a: Scizor
|-resisted|p2a: Scizor
|-damage|p2a: Scizor|295\/344
|
|turn|29
|
|move|p2a: Scizor|Swords Dance|p2a: Scizor
|-boost|p2a: Scizor|atk|2
|move|p1a: Heihachi|Ice Punch|p2a: Scizor
|-resisted|p2a: Scizor
|-damage|p2a: Scizor|271\/344
|
|turn|30
|
|move|p2a: Scizor|Swords Dance|p2a: Scizor
|-boost|p2a: Scizor|atk|2
|move|p1a: Heihachi|Ice Punch|p2a: Scizor
|-resisted|p2a: Scizor
|-damage|p2a: Scizor|244\/344
|
|turn|31
|
|move|p2a: Scizor|Swords Dance|p2a: Scizor
|-boost|p2a: Scizor|atk|2
|move|p1a: Heihachi|Ice Punch|p2a: Scizor
|-resisted|p2a: Scizor
|-damage|p2a: Scizor|217\/344
|
|turn|32
|-message|Relic Stone forfeited.
|leave|Relic Stone
|
|win|Dayanne
|raw|Ladder updating...
|player|p1
|raw|Relic Stone's rating: 1624 &rarr; <strong>1608<\/strong><br \/>(-16 for losing)
|raw|Dayanne's rating: 1690 &rarr; <strong>1706<\/strong><br \/>(+16 for winning)