|join|Hogbackfoshmen
|join|Dayanne
|player|p1|Hogbackfoshmen|2
|player|p2|Dayanne|37
|gametype|singles
|gen|6
|tier|OU
|rated
|clearpoke
|poke|p1|Thundurus, M, shiny
|poke|p1|Slowbro, M
|poke|p1|Ferrothorn, F
|poke|p1|Conkeldurr, F, shiny
|poke|p1|Chansey, F
|poke|p1|Gengar, F, shiny
|poke|p2|Chansey, F
|poke|p2|Zapdos
|poke|p2|Scizor, M
|poke|p2|Clefable, F
|poke|p2|Gliscor, M
|poke|p2|Slowbro, M
|rule|Swagger Clause: Swagger is banned
|rule|Baton Pass Clause: Limit one PokÃ©mon knowing Baton Pass
|rule|Sleep Clause Mod: Limit one foe put to sleep
|rule|Species Clause: Limit one of each PokÃ©mon
|rule|OHKO Clause: OHKO moves are banned
|rule|Moody Clause: Moody is banned
|rule|Evasion Moves Clause: Evasion moves are banned
|rule|Endless Battle Clause: Forcing endless battles is banned
|rule|HP Percentage Mod: HP is shown in percentages
|teampreview
|
|start
|switch|p1a: ZeusIsMad|Thundurus, M, shiny|300\/300
|switch|p2a: Gliscor|Gliscor, M|352\/352
|turn|1
|
|switch|p2a: Chansey|Chansey, F|704\/704
|move|p1a: ZeusIsMad|Hidden Power|p2a: Chansey
|-damage|p2a: Chansey|647\/704
|-damage|p1a: ZeusIsMad|270\/300|[from] item: Life Orb
|
|turn|2
|
|move|p1a: ZeusIsMad|Knock Off|p2a: Chansey
|-damage|p2a: Chansey|473\/704
|-enditem|p2a: Chansey|Eviolite|[from] move: Knock Off|[of] p1a: ZeusIsMad
|-damage|p1a: ZeusIsMad|240\/300|[from] item: Life Orb
|move|p2a: Chansey|Stealth Rock|p1a: ZeusIsMad
|-sidestart|p1: Hogbackfoshmen|move: Stealth Rock
|
|turn|3
|
|switch|p2a: Gliscor|Gliscor, M|352\/352
|move|p1a: ZeusIsMad|Superpower|p2a: Gliscor
|-resisted|p2a: Gliscor
|-damage|p2a: Gliscor|294\/352
|-unboost|p1a: ZeusIsMad|atk|1
|-unboost|p1a: ZeusIsMad|def|1
|-damage|p1a: ZeusIsMad|210\/300|[from] item: Life Orb
|
|-status|p2a: Gliscor|tox|[from] item: Toxic Orb
|turn|4
|
|switch|p2a: Clefable|Clefable, F|394\/394
|move|p1a: ZeusIsMad|Hidden Power|p2a: Clefable
|-damage|p2a: Clefable|300\/394
|-damage|p1a: ZeusIsMad|180\/300|[from] item: Life Orb
|
|-heal|p2a: Clefable|324\/394|[from] item: Leftovers
|turn|5
|
|switch|p1a: Ferrothorn|Ferrothorn, F|352\/352
|-damage|p1a: Ferrothorn|330\/352|[from] Stealth Rock
|move|p2a: Clefable|Moonblast|p1a: Ferrothorn
|-resisted|p1a: Ferrothorn
|-damage|p1a: Ferrothorn|293\/352
|
|-heal|p2a: Clefable|348\/394|[from] item: Leftovers
|turn|6
|
|switch|p2a: Zapdos|Zapdos|384\/384
|-ability|p2a: Zapdos|Pressure
|move|p1a: Ferrothorn|Stealth Rock|p2a: Zapdos
|-sidestart|p2: Dayanne|move: Stealth Rock
|
|turn|7
|
|switch|p1a: AnnoyinBabyMama|Chansey, F|681\/681
|-damage|p1a: AnnoyinBabyMama|596\/681|[from] Stealth Rock
|move|p2a: Zapdos|Heat Wave|p1a: AnnoyinBabyMama
|-damage|p1a: AnnoyinBabyMama|540\/681
|
|turn|8
|
|move|p2a: Zapdos|Defog|p1a: AnnoyinBabyMama
|-unboost|p1a: AnnoyinBabyMama|evasion|1
|-sideend|p1: Hogbackfoshmen|Stealth Rock|[from] move: Defog|[of] p1a: AnnoyinBabyMama
|-sideend|p2: Dayanne|Stealth Rock|[from] move: Defog|[of] p2a: Zapdos
|move|p1a: AnnoyinBabyMama|Seismic Toss|p2a: Zapdos
|-damage|p2a: Zapdos|284\/384
|
|-heal|p2a: Zapdos|308\/384|[from] item: Leftovers
|turn|9
|
|move|p2a: Zapdos|Volt Switch|p1a: AnnoyinBabyMama
|-damage|p1a: AnnoyinBabyMama|482\/681
|
|switch|p2a: Chansey|Chansey, F|473\/704
|move|p1a: AnnoyinBabyMama|Wish|p1a: AnnoyinBabyMama
|
|turn|10
|
|switch|p1a: Ferrothorn|Ferrothorn, F|293\/352
|switch|p2a: Zapdos|Zapdos|308\/384
|-ability|p2a: Zapdos|Pressure
|
|-heal|p1a: Ferrothorn|352\/352|[from] move: Wish|[wisher] AnnoyinBabyMama
|-heal|p2a: Zapdos|332\/384|[from] item: Leftovers
|turn|11
|
|switch|p1a: AnnoyinBabyMama|Chansey, F|482\/681
|move|p2a: Zapdos|Heat Wave|p1a: AnnoyinBabyMama
|-damage|p1a: AnnoyinBabyMama|430\/681
|
|-heal|p2a: Zapdos|356\/384|[from] item: Leftovers
|turn|12
|
|move|p2a: Zapdos|Volt Switch|p1a: AnnoyinBabyMama
|-damage|p1a: AnnoyinBabyMama|376\/681
|
|switch|p2a: Chansey|Chansey, F|473\/704
|move|p1a: AnnoyinBabyMama|Wish|p1a: AnnoyinBabyMama
|
|turn|13
|
|move|p2a: Chansey|Stealth Rock|p1a: AnnoyinBabyMama
|-sidestart|p1: Hogbackfoshmen|move: Stealth Rock
|move|p1a: AnnoyinBabyMama|Toxic|p2a: Chansey
|-status|p2a: Chansey|tox
|
|-heal|p1a: AnnoyinBabyMama|681\/681|[from] move: Wish|[wisher] AnnoyinBabyMama
|-damage|p2a: Chansey|429\/704 tox|[from] psn
|turn|14
|
|switch|p2a: Gliscor|Gliscor, M|294\/352 tox
|switch|p1a: Ferrothorn|Ferrothorn, F|352\/352
|-damage|p1a: Ferrothorn|330\/352|[from] Stealth Rock
|
|-heal|p2a: Gliscor|338\/352 tox|[from] ability: Poison Heal
|turn|15
|
|move|p2a: Gliscor|Taunt|p1a: Ferrothorn
|-start|p1a: Ferrothorn|move: Taunt
|cant|p1a: Ferrothorn|move: Taunt|Stealth Rock
|
|-heal|p2a: Gliscor|352\/352 tox|[from] ability: Poison Heal
|turn|16
|
|switch|p1a: UncleRucus|Conkeldurr, F, shiny|401\/401
|-damage|p1a: UncleRucus|376\/401|[from] Stealth Rock
|move|p2a: Gliscor|Knock Off|p1a: UncleRucus
|-resisted|p1a: UncleRucus
|-damage|p1a: UncleRucus|341\/401
|-enditem|p1a: UncleRucus|Assault Vest|[from] move: Knock Off|[of] p2a: Gliscor
|
|turn|17
|
|switch|p2a: Slowbro|Slowbro, M|394\/394
|move|p1a: UncleRucus|Knock Off|p2a: Slowbro
|-supereffective|p2a: Slowbro
|-damage|p2a: Slowbro|228\/394
|-enditem|p2a: Slowbro|Leftovers|[from] move: Knock Off|[of] p1a: UncleRucus
|
|turn|18
|
|switch|p1a: Ferrothorn|Ferrothorn, F|330\/352
|-damage|p1a: Ferrothorn|308\/352|[from] Stealth Rock
|move|p2a: Slowbro|Thunder Wave|p1a: Ferrothorn
|-status|p1a: Ferrothorn|par
|
|turn|19
|
|switch|p2a: Zapdos|Zapdos|356\/384
|-ability|p2a: Zapdos|Pressure
|move|p1a: Ferrothorn|Stealth Rock|p2a: Zapdos
|-sidestart|p2: Dayanne|move: Stealth Rock
|
|-heal|p2a: Zapdos|380\/384|[from] item: Leftovers
|turn|20
|
|switch|p1a: AnnoyinBabyMama|Chansey, F|681\/681
|-damage|p1a: AnnoyinBabyMama|596\/681|[from] Stealth Rock
|move|p2a: Zapdos|Defog|p1a: AnnoyinBabyMama
|-unboost|p1a: AnnoyinBabyMama|evasion|1
|-sideend|p1: Hogbackfoshmen|Stealth Rock|[from] move: Defog|[of] p1a: AnnoyinBabyMama
|-sideend|p2: Dayanne|Stealth Rock|[from] move: Defog|[of] p2a: Zapdos
|
|-heal|p2a: Zapdos|384\/384|[from] item: Leftovers
|turn|21
|
|move|p2a: Zapdos|Volt Switch|p1a: AnnoyinBabyMama
|-damage|p1a: AnnoyinBabyMama|538\/681
|
|switch|p2a: Chansey|Chansey, F|429\/704
|move|p1a: AnnoyinBabyMama|Wish|p1a: AnnoyinBabyMama
|
|turn|22
|
|switch|p1a: ZeusIsMad|Thundurus, M, shiny|180\/300
|move|p2a: Chansey|Soft-Boiled|p2a: Chansey
|-heal|p2a: Chansey|704\/704
|
|-heal|p1a: ZeusIsMad|300\/300|[from] move: Wish|[wisher] AnnoyinBabyMama
|turn|23
|
|switch|p2a: Gliscor|Gliscor, M|352\/352 tox
|move|p1a: ZeusIsMad|Superpower|p2a: Gliscor
|-resisted|p2a: Gliscor
|-damage|p2a: Gliscor|292\/352 tox
|-unboost|p1a: ZeusIsMad|atk|1
|-unboost|p1a: ZeusIsMad|def|1
|-damage|p1a: ZeusIsMad|270\/300|[from] item: Life Orb
|
|-heal|p2a: Gliscor|336\/352 tox|[from] ability: Poison Heal
|turn|24
|
|switch|p2a: Chansey|Chansey, F|704\/704
|move|p1a: ZeusIsMad|Hidden Power|p2a: Chansey
|-damage|p2a: Chansey|630\/704
|-damage|p1a: ZeusIsMad|240\/300|[from] item: Life Orb
|
|turn|25
|
|switch|p1a: Ferrothorn|Ferrothorn, F|308\/352 par
|move|p2a: Chansey|Soft-Boiled|p2a: Chansey
|-heal|p2a: Chansey|704\/704
|
|turn|26
|
|switch|p2a: Zapdos|Zapdos|384\/384
|-ability|p2a: Zapdos|Pressure
|move|p1a: Ferrothorn|Stealth Rock|p2a: Zapdos
|-sidestart|p2: Dayanne|move: Stealth Rock
|
|turn|27
|
|switch|p1a: AnnoyinBabyMama|Chansey, F|538\/681
|move|p2a: Zapdos|Defog|p1a: AnnoyinBabyMama
|-unboost|p1a: AnnoyinBabyMama|evasion|1
|-sideend|p2: Dayanne|Stealth Rock|[from] move: Defog|[of] p2a: Zapdos
|
|turn|28
|
|move|p2a: Zapdos|Volt Switch|p1a: AnnoyinBabyMama
|-damage|p1a: AnnoyinBabyMama|483\/681
|
|switch|p2a: Gliscor|Gliscor, M|336\/352 tox
|move|p1a: AnnoyinBabyMama|Wish|p1a: AnnoyinBabyMama
|
|-heal|p2a: Gliscor|352\/352 tox|[from] ability: Poison Heal
|turn|29
|
|move|p1a: AnnoyinBabyMama|Protect|p1a: AnnoyinBabyMama
|-singleturn|p1a: AnnoyinBabyMama|Protect
|move|p2a: Gliscor|Knock Off|p1a: AnnoyinBabyMama
|-activate|p1a: AnnoyinBabyMama|Protect
|
|-heal|p1a: AnnoyinBabyMama|681\/681|[from] move: Wish|[wisher] AnnoyinBabyMama
|turn|30
|
|switch|p1a: Ferrothorn|Ferrothorn, F|308\/352 par
|move|p2a: Gliscor|Taunt|p1a: Ferrothorn
|-start|p1a: Ferrothorn|move: Taunt
|
|turn|31
|
|switch|p2a: Chansey|Chansey, F|704\/704
|switch|p1a: UncleRucus|Conkeldurr, F, shiny|341\/401
|
|turn|32
|
|switch|p2a: Slowbro|Slowbro, M|359\/394
|move|p1a: UncleRucus|Knock Off|p2a: Slowbro
|-supereffective|p2a: Slowbro
|-damage|p2a: Slowbro|247\/394
|
|turn|33
|
|switch|p1a: ZeusIsMad|Thundurus, M, shiny|240\/300
|switch|p2a: Zapdos|Zapdos|384\/384
|-ability|p2a: Zapdos|Pressure
|
|turn|34
|
|move|p1a: ZeusIsMad|Knock Off|p2a: Zapdos
|-damage|p2a: Zapdos|290\/384
|-enditem|p2a: Zapdos|Leftovers|[from] move: Knock Off|[of] p1a: ZeusIsMad
|-damage|p1a: ZeusIsMad|210\/300|[from] item: Life Orb
|move|p2a: Zapdos|Volt Switch|p1a: ZeusIsMad
|-crit|p1a: ZeusIsMad
|-damage|p1a: ZeusIsMad|17\/300
|
|switch|p2a: Scizor|Scizor, M|344\/344
|
|turn|35
|
|switch|p1a: Ferrothorn|Ferrothorn, F|308\/352 par
|detailschange|p2a: Scizor|Scizor-Mega, M
|-mega|p2a: Scizor|Scizor|Scizorite
|move|p2a: Scizor|Swords Dance|p2a: Scizor
|-boost|p2a: Scizor|atk|2
|
|turn|36
|
|move|p2a: Scizor|Superpower|p1a: Ferrothorn
|-supereffective|p1a: Ferrothorn
|-damage|p1a: Ferrothorn|0 fnt
|-damage|p2a: Scizor|301\/344|[from] ability: Iron Barbs|[of] p1a: Ferrothorn
|-damage|p2a: Scizor|244\/344|[from] item: Rocky Helmet|[of] p1a: Ferrothorn
|-unboost|p2a: Scizor|atk|1
|-unboost|p2a: Scizor|def|1
|faint|p1a: Ferrothorn
|
|
|switch|p1a: ImSlowBro|Slowbro, M|394\/394
|turn|37
|
|switch|p2a: Chansey|Chansey, F|704\/704
|detailschange|p1a: ImSlowBro|Slowbro-Mega, M
|-mega|p1a: ImSlowBro|Slowbro|Slowbronite
|move|p1a: ImSlowBro|Scald|p2a: Chansey
|-damage|p2a: Chansey|596\/704
|-status|p2a: Chansey|brn
|
|-damage|p2a: Chansey|508\/704 brn|[from] brn
|turn|38
|
|move|p2a: Chansey|Stealth Rock|p1a: ImSlowBro
|-sidestart|p1: Hogbackfoshmen|move: Stealth Rock
|move|p1a: ImSlowBro|Calm Mind|p1a: ImSlowBro
|-boost|p1a: ImSlowBro|spa|1
|-boost|p1a: ImSlowBro|spd|1
|
|-damage|p2a: Chansey|420\/704 brn|[from] brn
|turn|39
|
|switch|p2a: Clefable|Clefable, F|348\/394
|move|p1a: ImSlowBro|Psyshock|p2a: Clefable
|-damage|p2a: Clefable|242\/394
|
|-heal|p2a: Clefable|266\/394|[from] item: Leftovers
|turn|40
|
|move|p2a: Clefable|Protect|p2a: Clefable
|-singleturn|p2a: Clefable|Protect
|move|p1a: ImSlowBro|Scald|p2a: Clefable
|-activate|p2a: Clefable|Protect
|
|-heal|p2a: Clefable|290\/394|[from] item: Leftovers
|turn|41
|
|move|p2a: Clefable|Calm Mind|p2a: Clefable
|-boost|p2a: Clefable|spa|1
|-boost|p2a: Clefable|spd|1
|move|p1a: ImSlowBro|Scald|p2a: Clefable
|-damage|p2a: Clefable|206\/394
|-status|p2a: Clefable|brn
|
|-heal|p2a: Clefable|230\/394 brn|[from] item: Leftovers
|-damage|p2a: Clefable|181\/394 brn|[from] brn
|turn|42
|
|move|p2a: Clefable|Wish|p2a: Clefable
|move|p1a: ImSlowBro|Calm Mind|p1a: ImSlowBro
|-boost|p1a: ImSlowBro|spa|1
|-boost|p1a: ImSlowBro|spd|1
|
|-heal|p2a: Clefable|205\/394 brn|[from] item: Leftovers
|-damage|p2a: Clefable|156\/394 brn|[from] brn
|turn|43
|
|move|p2a: Clefable|Calm Mind|p2a: Clefable
|-boost|p2a: Clefable|spa|1
|-boost|p2a: Clefable|spd|1
|move|p1a: ImSlowBro|Psyshock|p2a: Clefable
|-damage|p2a: Clefable|62\/394 brn
|
|-heal|p2a: Clefable|259\/394 brn|[from] move: Wish|[wisher] Clefable
|-heal|p2a: Clefable|283\/394 brn|[from] item: Leftovers
|-damage|p2a: Clefable|234\/394 brn|[from] brn
|turn|44
|
|move|p2a: Clefable|Wish|p2a: Clefable
|move|p1a: ImSlowBro|Psyshock|p2a: Clefable
|-damage|p2a: Clefable|126\/394 brn
|
|-heal|p2a: Clefable|150\/394 brn|[from] item: Leftovers
|-damage|p2a: Clefable|101\/394 brn|[from] brn
|turn|45
|
|switch|p1a: Nightmare|Gengar, F, shiny|262\/262
|-damage|p1a: Nightmare|230\/262|[from] Stealth Rock
|move|p2a: Clefable|Protect|p2a: Clefable
|-fail|p2a: Clefable
|
|-heal|p2a: Clefable|298\/394 brn|[from] move: Wish|[wisher] Clefable
|-heal|p2a: Clefable|322\/394 brn|[from] item: Leftovers
|-damage|p2a: Clefable|273\/394 brn|[from] brn
|turn|46
|
|switch|p2a: Gliscor|Gliscor, M|352\/352 tox
|move|p1a: Nightmare|Trick|p2a: Gliscor
|-activate|p1a: Nightmare|move: Trick|[of] p2a: Gliscor
|-item|p2a: Gliscor|Choice Specs|[from] move: Trick
|-item|p1a: Nightmare|Toxic Orb|[from] move: Trick
|
|turn|47
|
|switch|p1a: ZeusIsMad|Thundurus, M, shiny|17\/300
|-damage|p1a: ZeusIsMad|0 fnt|[from] Stealth Rock
|faint|p1a: ZeusIsMad
|move|p2a: Gliscor|Knock Off|p1: ZeusIsMad|[notarget]
|-notarget
|
|
|switch|p1a: ImSlowBro|Slowbro-Mega, M|394\/394
|-damage|p1a: ImSlowBro|345\/394|[from] Stealth Rock
|turn|48
|
|switch|p2a: Zapdos|Zapdos|290\/384
|-ability|p2a: Zapdos|Pressure
|move|p1a: ImSlowBro|Psyshock|p2a: Zapdos
|-damage|p2a: Zapdos|190\/384
|
|turn|49
|
|switch|p1a: AnnoyinBabyMama|Chansey, F|681\/681
|-damage|p1a: AnnoyinBabyMama|596\/681|[from] Stealth Rock
|move|p2a: Zapdos|Volt Switch|p1a: AnnoyinBabyMama
|-damage|p1a: AnnoyinBabyMama|538\/681
|
|switch|p2a: Chansey|Chansey, F|420\/704
|
|turn|50
|
|move|p2a: Chansey|Heal Bell|p2a: Chansey
|-cureteam|p2a: Chansey|[from] move: HealBell
|move|p1a: AnnoyinBabyMama|Wish|p1a: AnnoyinBabyMama
|
|turn|51
|
|switch|p2a: Scizor|Scizor-Mega, M|244\/344
|move|p1a: AnnoyinBabyMama|Seismic Toss|p2a: Scizor
|-damage|p2a: Scizor|144\/344
|
|-heal|p1a: AnnoyinBabyMama|681\/681|[from] move: Wish|[wisher] AnnoyinBabyMama
|turn|52
|
|switch|p1a: ImSlowBro|Slowbro-Mega, M|345\/394
|-damage|p1a: ImSlowBro|296\/394|[from] Stealth Rock
|move|p2a: Scizor|Roost|p2a: Scizor
|-heal|p2a: Scizor|316\/344
|
|turn|53
|
|switch|p2a: Zapdos|Zapdos|190\/384
|-ability|p2a: Zapdos|Pressure
|move|p1a: ImSlowBro|Scald|p2a: Zapdos
|-damage|p2a: Zapdos|72\/384
|-status|p2a: Zapdos|brn
|
|-damage|p2a: Zapdos|24\/384 brn|[from] brn
|turn|54
|
|switch|p1a: AnnoyinBabyMama|Chansey, F|681\/681
|-damage|p1a: AnnoyinBabyMama|596\/681|[from] Stealth Rock
|move|p2a: Zapdos|Roost|p2a: Zapdos
|-heal|p2a: Zapdos|216\/384 brn
|
|-damage|p2a: Zapdos|168\/384 brn|[from] brn
|turn|55
|
|move|p2a: Zapdos|Volt Switch|p1a: AnnoyinBabyMama
|-damage|p1a: AnnoyinBabyMama|541\/681
|
|switch|p2a: Gliscor|Gliscor, M|352\/352
|move|p1a: AnnoyinBabyMama|Seismic Toss|p2a: Gliscor
|-damage|p2a: Gliscor|252\/352
|
|turn|56
|
|switch|p1a: UncleRucus|Conkeldurr, F, shiny|341\/401
|-damage|p1a: UncleRucus|316\/401|[from] Stealth Rock
|move|p2a: Gliscor|Knock Off|p1a: UncleRucus
|-resisted|p1a: UncleRucus
|-damage|p1a: UncleRucus|292\/401
|
|turn|57
|
|switch|p2a: Slowbro|Slowbro, M|378\/394
|move|p1a: UncleRucus|Ice Punch|p2a: Slowbro
|-resisted|p2a: Slowbro
|-damage|p2a: Slowbro|345\/394
|
|turn|58
|
|switch|p1a: AnnoyinBabyMama|Chansey, F|541\/681
|-damage|p1a: AnnoyinBabyMama|456\/681|[from] Stealth Rock
|move|p2a: Slowbro|Scald|p1a: AnnoyinBabyMama
|-damage|p1a: AnnoyinBabyMama|396\/681
|
|turn|59
|
|move|p1a: AnnoyinBabyMama|Wish|p1a: AnnoyinBabyMama
|move|p2a: Slowbro|Psyshock|p1a: AnnoyinBabyMama
|-damage|p1a: AnnoyinBabyMama|269\/681
|
|turn|60
|
|switch|p2a: Gliscor|Gliscor, M|252\/352
|move|p1a: AnnoyinBabyMama|Seismic Toss|p2a: Gliscor
|-damage|p2a: Gliscor|152\/352
|
|-heal|p1a: AnnoyinBabyMama|609\/681|[from] move: Wish|[wisher] AnnoyinBabyMama
|turn|61
|
|move|p1a: AnnoyinBabyMama|Protect|p1a: AnnoyinBabyMama
|-singleturn|p1a: AnnoyinBabyMama|Protect
|move|p2a: Gliscor|Roost|p2a: Gliscor
|-heal|p2a: Gliscor|328\/352
|
|turn|62
|
|switch|p2a: Chansey|Chansey, F|420\/704
|move|p1a: AnnoyinBabyMama|Wish|p1a: AnnoyinBabyMama
|
|turn|63
|
|switch|p1a: ImSlowBro|Slowbro-Mega, M|296\/394
|-damage|p1a: ImSlowBro|247\/394|[from] Stealth Rock
|switch|p2a: Gliscor|Gliscor, M|328\/352
|
|-heal|p1a: ImSlowBro|394\/394|[from] move: Wish|[wisher] AnnoyinBabyMama
|turn|64
|
|switch|p2a: Chansey|Chansey, F|420\/704
|move|p1a: ImSlowBro|Scald|p2a: Chansey
|-damage|p2a: Chansey|309\/704
|
|turn|65
|
|move|p2a: Chansey|Soft-Boiled|p2a: Chansey
|-heal|p2a: Chansey|661\/704
|move|p1a: ImSlowBro|Calm Mind|p1a: ImSlowBro
|-boost|p1a: ImSlowBro|spa|1
|-boost|p1a: ImSlowBro|spd|1
|
|turn|66
|
|switch|p2a: Clefable|Clefable, F|273\/394
|move|p1a: ImSlowBro|Scald|p2a: Clefable
|-damage|p2a: Clefable|147\/394
|-status|p2a: Clefable|brn
|
|-heal|p2a: Clefable|171\/394 brn|[from] item: Leftovers
|-damage|p2a: Clefable|122\/394 brn|[from] brn
|turn|67
|
|switch|p2a: Chansey|Chansey, F|661\/704
|move|p1a: ImSlowBro|Psyshock|p2a: Chansey
|-damage|p2a: Chansey|300\/704
|
|turn|68
|
|switch|p2a: Slowbro|Slowbro, M|394\/394
|move|p1a: ImSlowBro|Psyshock|p2a: Slowbro
|-resisted|p2a: Slowbro
|-damage|p2a: Slowbro|335\/394
|
|turn|69
|
|move|p1a: ImSlowBro|Scald|p2a: Slowbro
|-resisted|p2a: Slowbro
|-damage|p2a: Slowbro|230\/394
|-status|p2a: Slowbro|brn
|move|p2a: Slowbro|Scald|p1a: ImSlowBro
|-resisted|p1a: ImSlowBro
|-damage|p1a: ImSlowBro|361\/394
|-status|p1a: ImSlowBro|brn
|
|-damage|p2a: Slowbro|181\/394 brn|[from] brn
|-damage|p1a: ImSlowBro|312\/394 brn|[from] brn
|turn|70
|
|move|p1a: ImSlowBro|Calm Mind|p1a: ImSlowBro
|-boost|p1a: ImSlowBro|spa|1
|-boost|p1a: ImSlowBro|spd|1
|move|p2a: Slowbro|Slack Off|p2a: Slowbro
|-heal|p2a: Slowbro|378\/394 brn
|
|-damage|p1a: ImSlowBro|263\/394 brn|[from] brn
|-damage|p2a: Slowbro|329\/394 brn|[from] brn
|turn|71
|
|move|p2a: Slowbro|Psyshock|p1a: ImSlowBro
|-resisted|p1a: ImSlowBro
|-damage|p1a: ImSlowBro|239\/394 brn
|move|p1a: ImSlowBro|Calm Mind|p1a: ImSlowBro
|-boost|p1a: ImSlowBro|spa|1
|-boost|p1a: ImSlowBro|spd|1
|
|-damage|p2a: Slowbro|280\/394 brn|[from] brn
|-damage|p1a: ImSlowBro|190\/394 brn|[from] brn
|turn|72
|
|move|p1a: ImSlowBro|Slack Off|p1a: ImSlowBro
|-heal|p1a: ImSlowBro|387\/394 brn
|move|p2a: Slowbro|Slack Off|p2a: Slowbro
|-heal|p2a: Slowbro|394\/394 brn
|
|-damage|p1a: ImSlowBro|338\/394 brn|[from] brn
|-damage|p2a: Slowbro|345\/394 brn|[from] brn
|turn|73
|
|move|p2a: Slowbro|Psyshock|p1a: ImSlowBro
|-resisted|p1a: ImSlowBro
|-damage|p1a: ImSlowBro|311\/394 brn
|move|p1a: ImSlowBro|Calm Mind|p1a: ImSlowBro
|-boost|p1a: ImSlowBro|spa|1
|-boost|p1a: ImSlowBro|spd|1
|
|-damage|p2a: Slowbro|296\/394 brn|[from] brn
|-damage|p1a: ImSlowBro|262\/394 brn|[from] brn
|turn|74
|
|switch|p2a: Chansey|Chansey, F|300\/704
|move|p1a: ImSlowBro|Calm Mind|p1a: ImSlowBro
|-boost|p1a: ImSlowBro|spa|1
|-boost|p1a: ImSlowBro|spd|1
|
|-damage|p1a: ImSlowBro|213\/394 brn|[from] brn
|turn|75
|
|move|p2a: Chansey|Heal Bell|p2a: Chansey
|-cureteam|p2a: Chansey|[from] move: HealBell
|move|p1a: ImSlowBro|Psyshock|p2a: Chansey
|-damage|p2a: Chansey|0 fnt
|faint|p2a: Chansey
|
|-damage|p1a: ImSlowBro|164\/394 brn|[from] brn
|
|switch|p2a: Clefable|Clefable, F|122\/394
|turn|76
|
|move|p2a: Clefable|Moonblast|p1a: ImSlowBro
|-damage|p1a: ImSlowBro|52\/394 brn
|move|p1a: ImSlowBro|Psyshock|p2a: Clefable
|-damage|p2a: Clefable|11\/394
|
|-heal|p2a: Clefable|35\/394|[from] item: Leftovers
|-damage|p1a: ImSlowBro|3\/394 brn|[from] brn
|turn|77
|
|move|p2a: Clefable|Moonblast|p1a: ImSlowBro
|-damage|p1a: ImSlowBro|0 fnt
|faint|p1a: ImSlowBro
|
|-heal|p2a: Clefable|59\/394|[from] item: Leftovers
|
|switch|p1a: Nightmare|Gengar, F, shiny|230\/262
|-damage|p1a: Nightmare|198\/262|[from] Stealth Rock
|turn|78
|
|move|p1a: Nightmare|Shadow Ball|p2a: Clefable
|-damage|p2a: Clefable|0 fnt
|faint|p2a: Clefable
|
|
|switch|p2a: Gliscor|Gliscor, M|328\/352
|turn|79
|
|switch|p1a: UncleRucus|Conkeldurr, F, shiny|292\/401
|-damage|p1a: UncleRucus|267\/401|[from] Stealth Rock
|move|p2a: Gliscor|Knock Off|p1a: UncleRucus
|-resisted|p1a: UncleRucus
|-damage|p1a: UncleRucus|241\/401
|
|turn|80
|
|switch|p2a: Scizor|Scizor-Mega, M|316\/344
|move|p1a: UncleRucus|Drain Punch|p2a: Scizor
|-damage|p2a: Scizor|219\/344
|-heal|p1a: UncleRucus|290\/401|[from] drain|[of] p2a: Scizor
|
|turn|81
|
|move|p2a: Scizor|Swords Dance|p2a: Scizor
|-boost|p2a: Scizor|atk|2
|move|p1a: UncleRucus|Drain Punch|p2a: Scizor
|-damage|p2a: Scizor|131\/344
|-heal|p1a: UncleRucus|334\/401|[from] drain|[of] p2a: Scizor
|
|turn|82
|
|move|p2a: Scizor|Roost|p2a: Scizor
|-heal|p2a: Scizor|303\/344
|move|p1a: UncleRucus|Drain Punch|p2a: Scizor
|-damage|p2a: Scizor|219\/344
|-heal|p1a: UncleRucus|376\/401|[from] drain|[of] p2a: Scizor
|
|turn|83
|
|move|p2a: Scizor|Roost|p2a: Scizor
|-heal|p2a: Scizor|344\/344
|move|p1a: UncleRucus|Ice Punch|p2a: Scizor
|-resisted|p2a: Scizor
|-damage|p2a: Scizor|316\/344
|
|turn|84
|
|move|p2a: Scizor|Swords Dance|p2a: Scizor
|-boost|p2a: Scizor|atk|2
|move|p1a: UncleRucus|Drain Punch|p2a: Scizor
|-damage|p2a: Scizor|228\/344
|-heal|p1a: UncleRucus|401\/401|[from] drain|[of] p2a: Scizor
|
|turn|85
|
|move|p2a: Scizor|Bullet Punch|p1a: UncleRucus
|-damage|p1a: UncleRucus|110\/401
|move|p1a: UncleRucus|Drain Punch|p2a: Scizor
|-damage|p2a: Scizor|138\/344
|-heal|p1a: UncleRucus|155\/401|[from] drain|[of] p2a: Scizor
|
|turn|86
|
|move|p2a: Scizor|Bullet Punch|p1a: UncleRucus
|-damage|p1a: UncleRucus|0 fnt
|faint|p1a: UncleRucus
|
|
|switch|p1a: AnnoyinBabyMama|Chansey, F|609\/681
|-damage|p1a: AnnoyinBabyMama|524\/681|[from] Stealth Rock
|turn|87
|
|move|p2a: Scizor|Superpower|p1a: AnnoyinBabyMama
|-supereffective|p1a: AnnoyinBabyMama
|-damage|p1a: AnnoyinBabyMama|0 fnt
|-unboost|p2a: Scizor|atk|1
|-unboost|p2a: Scizor|def|1
|faint|p1a: AnnoyinBabyMama
|
|-message|Hogbackfoshmen forfeited.
|
|win|Dayanne
|raw|Ladder updating...
|leave|Hogbackfoshmen
|player|p1
|raw|Hogbackfoshmen's rating: 1730 &rarr; <strong>1710<\/strong><br \/>(-20 for losing)
|raw|Dayanne's rating: 1734 &rarr; <strong>1754<\/strong><br \/>(+20 for winning)