|join|Dayanne
|join|lil manaphy
|player|p1|Dayanne|37
|player|p2|lil manaphy|37
|gametype|singles
|gen|6
|tier|OU
|rated
|clearpoke
|poke|p1|Chansey, F
|poke|p1|Zapdos
|poke|p1|Scizor, F
|poke|p1|Clefable, F
|poke|p1|Gliscor, M
|poke|p1|Slowbro, M
|poke|p2|Lopunny, M
|poke|p2|Manaphy
|poke|p2|Scizor, F
|poke|p2|Celebi
|poke|p2|Heatran, M
|poke|p2|Mandibuzz, F
|rule|Swagger Clause: Swagger is banned
|rule|Baton Pass Clause: Limit one PokÃ©mon knowing Baton Pass
|rule|Sleep Clause Mod: Limit one foe put to sleep
|rule|Species Clause: Limit one of each PokÃ©mon
|rule|OHKO Clause: OHKO moves are banned
|rule|Moody Clause: Moody is banned
|rule|Evasion Moves Clause: Evasion moves are banned
|rule|Endless Battle Clause: Forcing endless battles is banned
|rule|HP Percentage Mod: HP is shown in percentages
|teampreview
|c|âDayanne|oh no
|join|Calm Stone
|join|WECAMEASROMANS
|join|LordWienerButt
|join|haunter
|join|praj.pran
|join|Dragonite VII
|c|âlil manaphy|hi
|
|start
|switch|p1a: Gliscor|Gliscor, M|352\/352
|switch|p2a: Heatran|Heatran, M|386\/386
|turn|1
|c| Calm Stone|Twins...
|c|âDayanne|gl mana
|join|Eric Wrona
|join|TheJFrenzy1
|c| Calm Stone|Gl Hf..
|join|TheLaughingCats
|join|Braken ToTheStars
|
|switch|p2a: Scizor|Scizor, F|343\/343
|move|p1a: Gliscor|Earthquake|p2a: Scizor
|-damage|p2a: Scizor|238\/343
|
|-status|p1a: Gliscor|tox|[from] item: Toxic Orb
|turn|2
|leave|Braken ToTheStars
|join|SeventyFive
|
|move|p1a: Gliscor|Knock Off|p2a: Scizor
|-damage|p2a: Scizor|162\/343
|-enditem|p2a: Scizor|Choice Band|[from] move: Knock Off|[of] p1a: Gliscor
|move|p2a: Scizor|U-turn|p1a: Gliscor
|-resisted|p1a: Gliscor
|-damage|p1a: Gliscor|295\/352 tox
|
|switch|p2a: small|Manaphy|341\/341
|
|-heal|p1a: Gliscor|339\/352 tox|[from] ability: Poison Heal
|turn|3
|
|move|p2a: small|Tail Glow|p2a: small
|-boost|p2a: small|spa|3
|move|p1a: Gliscor|Knock Off|p2a: small
|-damage|p2a: small|273\/341
|-enditem|p2a: small|Leftovers|[from] move: Knock Off|[of] p1a: Gliscor
|
|-heal|p1a: Gliscor|352\/352 tox|[from] ability: Poison Heal
|turn|4
|
|switch|p1a: Clefable|Clefable, F|394\/394
|move|p2a: small|Tail Glow|p2a: small
|-boost|p2a: small|spa|3
|
|turn|5
|join|Cienight
|
|move|p2a: small|Rain Dance|p2a: small
|-weather|RainDance
|move|p1a: Clefable|Calm Mind|p1a: Clefable
|-boost|p1a: Clefable|spa|1
|-boost|p1a: Clefable|spd|1
|
|-weather|RainDance|[upkeep]
|turn|6
|
|move|p2a: small|Scald|p1a: Clefable
|-damage|p1a: Clefable|250\/394
|-status|p1a: Clefable|brn
|move|p1a: Clefable|Moonblast|p2a: small
|-crit|p2a: small
|-damage|p2a: small|36\/341
|
|-weather|RainDance|[upkeep]
|-heal|p1a: Clefable|274\/394 brn|[from] item: Leftovers
|-damage|p1a: Clefable|225\/394 brn|[from] brn
|turn|7
|c|âlil manaphy|nooooooooooooooooo
|c| Cienight|rip le dreams
|c| Calm Stone|...
|join|Draeden
|
|switch|p2a: Scizor|Scizor, F|162\/343
|move|p1a: Clefable|Wish|p1a: Clefable
|
|-weather|RainDance|[upkeep]
|-heal|p1a: Clefable|249\/394 brn|[from] item: Leftovers
|-damage|p1a: Clefable|200\/394 brn|[from] brn
|turn|8
|leave|WECAMEASROMANS
|join|Bisharp-Mega
|
|move|p1a: Clefable|Protect|p1a: Clefable
|-singleturn|p1a: Clefable|Protect
|move|p2a: Scizor|Bullet Punch|p1a: Clefable
|-activate|p1a: Clefable|Protect
|
|-weather|RainDance|[upkeep]
|-heal|p1a: Clefable|394\/394 brn|[from] move: Wish|[wisher] Clefable
|-damage|p1a: Clefable|345\/394 brn|[from] brn
|turn|9
|join|Jefo
|
|switch|p1a: Zapdos|Zapdos|384\/384
|-ability|p1a: Zapdos|Pressure
|move|p2a: Scizor|U-turn|p1a: Zapdos
|-resisted|p1a: Zapdos
|-damage|p1a: Zapdos|324\/384
|
|switch|p2a: Heatran|Heatran, M|386\/386
|
|-weather|none
|-heal|p1a: Zapdos|348\/384|[from] item: Leftovers
|turn|10
|join|gyarad0site
|
|move|p1a: Zapdos|Volt Switch|p2a: Heatran
|-damage|p2a: Heatran|311\/386
|
|switch|p1a: Chansey|Chansey, F|704\/704
|move|p2a: Heatran|Stealth Rock|p1a: Chansey
|-sidestart|p1: Dayanne|move: Stealth Rock
|
|-heal|p2a: Heatran|335\/386|[from] item: Leftovers
|turn|11
|leave|Bisharp-Mega
|
|switch|p2a: Lopunny|Lopunny, M|271\/271
|move|p1a: Chansey|Seismic Toss|p2a: Lopunny
|-damage|p2a: Lopunny|171\/271
|
|turn|12
|
|switch|p1a: Slowbro|Slowbro, M|394\/394
|-damage|p1a: Slowbro|345\/394|[from] Stealth Rock
|detailschange|p2a: Lopunny|Lopunny-Mega, M
|-mega|p2a: Lopunny|Lopunny|Lopunnite
|move|p2a: Lopunny|Power-Up Punch|p1a: Slowbro
|-resisted|p1a: Slowbro
|-damage|p1a: Slowbro|318\/394
|-boost|p2a: Lopunny|atk|1
|
|-heal|p1a: Slowbro|342\/394|[from] item: Leftovers
|turn|13
|
|move|p2a: Lopunny|Return|p1a: Slowbro
|-damage|p1a: Slowbro|138\/394
|move|p1a: Slowbro|Psyshock|p2a: Lopunny
|-supereffective|p2a: Lopunny
|-damage|p2a: Lopunny|0 fnt
|faint|p2a: Lopunny
|
|-heal|p1a: Slowbro|162\/394|[from] item: Leftovers
|join|bad players
|c|âlil manaphy|ugh
|
|switch|p2a: Scizor|Scizor, F|162\/343
|turn|14
|c|âlil manaphy|that crit
|c|âlil manaphy|sucked
|
|move|p2a: Scizor|Pursuit|p1a: Slowbro|[from]Pursuit
|-supereffective|p1a: Slowbro
|-damage|p1a: Slowbro|22\/394
|switch|p1a: Gliscor|Gliscor, M|352\/352 tox
|-damage|p1a: Gliscor|308\/352 tox|[from] Stealth Rock
|
|-heal|p1a: Gliscor|352\/352 tox|[from] ability: Poison Heal
|turn|15
|c| TheJFrenzy1|what crit?
|c|âlil manaphy|on manaphy
|c| Calm Stone|on manaphy
|c| praj.pran|moonblast
|
|switch|p2a: Celebi|Celebi|404\/404
|move|p1a: Gliscor|Earthquake|p2a: Celebi
|-resisted|p2a: Celebi
|-damage|p2a: Celebi|350\/404
|
|-heal|p2a: Celebi|375\/404|[from] item: Leftovers
|turn|16
|c| TheJFrenzy1|o that crit
|c| TheJFrenzy1|yeah that was shite
|
|move|p2a: Celebi|Baton Pass|p2a: Celebi
|
|switch|p2a: Mandibuzz|Mandibuzz, F|423\/423
|move|p1a: Gliscor|Knock Off|p2a: Mandibuzz
|-resisted|p2a: Mandibuzz
|-damage|p2a: Mandibuzz|399\/423
|-damage|p1a: Gliscor|294\/352 tox|[from] item: Rocky Helmet|[of] p2a: Mandibuzz
|-enditem|p2a: Mandibuzz|Rocky Helmet|[from] move: Knock Off|[of] p1a: Gliscor
|
|-heal|p1a: Gliscor|338\/352 tox|[from] ability: Poison Heal
|turn|17
|
|move|p1a: Gliscor|Taunt|p2a: Mandibuzz
|-start|p2a: Mandibuzz|move: Taunt
|cant|p2a: Mandibuzz|move: Taunt|Taunt
|
|-heal|p1a: Gliscor|352\/352 tox|[from] ability: Poison Heal
|turn|18
|join|BattleXV
|
|switch|p2a: Celebi|Celebi|375\/404
|move|p1a: Gliscor|Knock Off|p2a: Celebi
|-supereffective|p2a: Celebi
|-damage|p2a: Celebi|231\/404
|-enditem|p2a: Celebi|Leftovers|[from] move: Knock Off|[of] p1a: Gliscor
|
|turn|19
|
|switch|p1a: Chansey|Chansey, F|704\/704
|-damage|p1a: Chansey|616\/704|[from] Stealth Rock
|move|p2a: Celebi|Recover|p2a: Celebi
|-heal|p2a: Celebi|404\/404
|
|turn|20
|
|switch|p2a: Scizor|Scizor, F|162\/343
|move|p1a: Chansey|Stealth Rock|p2a: Scizor
|-sidestart|p2: lil manaphy|move: Stealth Rock
|
|turn|21
|
|move|p2a: Scizor|Superpower|p1a: Chansey
|-supereffective|p1a: Chansey
|-damage|p1a: Chansey|190\/704
|-unboost|p2a: Scizor|atk|1
|-unboost|p2a: Scizor|def|1
|move|p1a: Chansey|Heal Bell|p1a: Chansey
|-cureteam|p1a: Chansey|[from] move: HealBell
|
|turn|22
|c| Calm Stone|..
|c| BattleXV|..
|
|move|p2a: Scizor|Pursuit|p1a: Chansey
|-damage|p1a: Chansey|123\/704
|move|p1a: Chansey|Soft-Boiled|p1a: Chansey
|-heal|p1a: Chansey|475\/704
|
|turn|23
|c| BattleXV|Miss click?
|-message|lil manaphy forfeited.
|leave|lil manaphy
|
|win|Dayanne
|raw|Ladder updating...
|player|p2
|raw|Dayanne's rating: 1757 &rarr; <strong>1779<\/strong><br \/>(+22 for winning)
|raw|lil manaphy's rating: 1795 &rarr; <strong>1773<\/strong><br \/>(-22 for losing)
|leave|TheLaughingCats
|leave|gyarad0site
|leave|BattleXV
|leave|TheJFrenzy1
|join|gizmo~