|join|Friytrr
|join|Dayanne
|player|p1|Friytrr|2
|player|p2|Dayanne|37
|gametype|singles
|gen|6
|tier|OU
|rated
|clearpoke
|poke|p1|Chansey, F
|poke|p1|Skarmory, M
|poke|p1|Quagsire, M
|poke|p1|Cresselia, F
|poke|p1|Gothitelle, F
|poke|p1|Sableye, M
|poke|p2|Chansey, F
|poke|p2|Zapdos
|poke|p2|Scizor, M
|poke|p2|Clefable, F
|poke|p2|Gliscor, M
|poke|p2|Slowbro, M
|rule|Swagger Clause: Swagger is banned
|rule|Baton Pass Clause: Limit one PokÃ©mon knowing Baton Pass
|rule|Sleep Clause Mod: Limit one foe put to sleep
|rule|Species Clause: Limit one of each PokÃ©mon
|rule|OHKO Clause: OHKO moves are banned
|rule|Moody Clause: Moody is banned
|rule|Evasion Moves Clause: Evasion moves are banned
|rule|Endless Battle Clause: Forcing endless battles is banned
|rule|HP Percentage Mod: HP is shown in percentages
|teampreview
|c|âFriytrr|glhf :)
|c|âDayanne|u2
|
|start
|switch|p1a: Gold-diggers|Sableye, M|303\/303
|switch|p2a: Zapdos|Zapdos|384\/384
|-ability|p2a: Zapdos|Pressure
|turn|1
|
|move|p1a: Gold-diggers|Will-O-Wisp|p2a: Zapdos
|-status|p2a: Zapdos|brn
|move|p2a: Zapdos|Volt Switch|p1a: Gold-diggers
|-damage|p1a: Gold-diggers|188\/303
|
|switch|p2a: Gliscor|Gliscor, M|352\/352
|
|-status|p2a: Gliscor|tox|[from] item: Toxic Orb
|turn|2
|
|detailschange|p1a: Gold-diggers|Sableye-Mega, M
|-mega|p1a: Gold-diggers|Sableye|Sablenite
|move|p1a: Gold-diggers|Recover|p1a: Gold-diggers
|-heal|p1a: Gold-diggers|303\/303
|move|p2a: Gliscor|Earthquake|p1a: Gold-diggers
|-damage|p1a: Gold-diggers|234\/303
|
|turn|3
|
|move|p2a: Gliscor|Knock Off|p1a: Gold-diggers
|-damage|p1a: Gold-diggers|199\/303
|move|p1a: Gold-diggers|Calm Mind|p1a: Gold-diggers
|-boost|p1a: Gold-diggers|spa|1
|-boost|p1a: Gold-diggers|spd|1
|
|turn|4
|
|switch|p2a: Clefable|Clefable, F|394\/394
|move|p1a: Gold-diggers|Calm Mind|p1a: Gold-diggers
|-boost|p1a: Gold-diggers|spa|1
|-boost|p1a: Gold-diggers|spd|1
|
|turn|5
|
|move|p2a: Clefable|Calm Mind|p2a: Clefable
|-boost|p2a: Clefable|spa|1
|-boost|p2a: Clefable|spd|1
|move|p1a: Gold-diggers|Snarl|p2a: Clefable
|-crit|p2a: Clefable
|-resisted|p2a: Clefable
|-damage|p2a: Clefable|346\/394
|-unboost|p2a: Clefable|spa|1
|
|-heal|p2a: Clefable|370\/394|[from] item: Leftovers
|turn|6
|
|move|p2a: Clefable|Moonblast|p1a: Gold-diggers
|-supereffective|p1a: Gold-diggers
|-damage|p1a: Gold-diggers|25\/303
|move|p1a: Gold-diggers|Recover|p1a: Gold-diggers
|-heal|p1a: Gold-diggers|177\/303
|
|-heal|p2a: Clefable|394\/394|[from] item: Leftovers
|turn|7
|
|switch|p1a: 1 inch neck|Gothitelle, F|301\/301
|move|p2a: Clefable|Moonblast|p1a: 1 inch neck
|-damage|p1a: 1 inch neck|195\/301
|
|turn|8
|
|move|p2a: Clefable|Protect|p2a: Clefable
|-singleturn|p2a: Clefable|Protect
|move|p1a: 1 inch neck|Trick|p2a: Clefable
|-activate|p2a: Clefable|Protect
|
|turn|9
|
|move|p1a: 1 inch neck|Trick|p2a: Clefable
|-activate|p1a: 1 inch neck|move: Trick|[of] p2a: Clefable
|-item|p2a: Clefable|Choice Scarf|[from] move: Trick
|-item|p1a: 1 inch neck|Leftovers|[from] move: Trick
|move|p2a: Clefable|Moonblast|p1a: 1 inch neck
|-damage|p1a: 1 inch neck|101\/301
|-unboost|p1a: 1 inch neck|spa|1
|
|-heal|p1a: 1 inch neck|119\/301|[from] item: Leftovers
|turn|10
|
|switch|p1a: Hardboiled|Chansey, F|641\/641
|move|p2a: Clefable|Moonblast|p1a: Hardboiled
|-damage|p1a: Hardboiled|583\/641
|
|turn|11
|
|switch|p2a: Chansey|Chansey, F|704\/704
|move|p1a: Hardboiled|Stealth Rock|p2a: Chansey
|-sidestart|p2: Dayanne|move: Stealth Rock
|
|turn|12
|
|switch|p1a: 1 inch neck|Gothitelle, F|119\/301
|move|p2a: Chansey|Stealth Rock|p1a: 1 inch neck
|-sidestart|p1: Friytrr|move: Stealth Rock
|
|-heal|p1a: 1 inch neck|137\/301|[from] item: Leftovers
|turn|13
|
|move|p1a: 1 inch neck|Trick|p2a: Chansey
|-activate|p1a: 1 inch neck|move: Trick|[of] p2a: Chansey
|-item|p2a: Chansey|Leftovers|[from] move: Trick
|-item|p1a: 1 inch neck|Eviolite|[from] move: Trick
|move|p2a: Chansey|Seismic Toss|p1a: 1 inch neck
|-damage|p1a: 1 inch neck|37\/301
|
|turn|14
|
|move|p1a: 1 inch neck|Rest|p1a: 1 inch neck
|-status|p1a: 1 inch neck|slp
|-heal|p1a: 1 inch neck|301\/301 slp|[silent]
|-status|p1a: 1 inch neck|slp|[from] move: Rest
|move|p2a: Chansey|Seismic Toss|p1a: 1 inch neck
|-damage|p1a: 1 inch neck|201\/301 slp
|
|turn|15
|
|switch|p1a: Gold-diggers|Sableye-Mega, M|177\/303
|-damage|p1a: Gold-diggers|140\/303|[from] Stealth Rock
|move|p2a: Chansey|Seismic Toss|p1a: Gold-diggers
|-immune|p1a: Gold-diggers|[msg]
|
|turn|16
|
|switch|p2a: Slowbro|Slowbro, M|394\/394
|-damage|p2a: Slowbro|345\/394|[from] Stealth Rock
|move|p1a: Gold-diggers|Recover|p1a: Gold-diggers
|-heal|p1a: Gold-diggers|292\/303
|
|-heal|p2a: Slowbro|369\/394|[from] item: Leftovers
|turn|17
|
|move|p2a: Slowbro|Scald|p1a: Gold-diggers
|-damage|p1a: Gold-diggers|220\/303
|-status|p1a: Gold-diggers|brn
|move|p1a: Gold-diggers|Will-O-Wisp|p2a: Slowbro|[miss]
|-miss|p1a: Gold-diggers|p2a: Slowbro
|
|-heal|p2a: Slowbro|393\/394|[from] item: Leftovers
|-damage|p1a: Gold-diggers|183\/303 brn|[from] brn
|turn|18
|
|switch|p2a: Gliscor|Gliscor, M|352\/352 tox
|-damage|p2a: Gliscor|308\/352 tox|[from] Stealth Rock
|move|p1a: Gold-diggers|Recover|p1a: Gold-diggers
|-heal|p1a: Gold-diggers|303\/303 brn
|
|-heal|p2a: Gliscor|352\/352 tox|[from] ability: Poison Heal
|-damage|p1a: Gold-diggers|266\/303 brn|[from] brn
|turn|19
|
|switch|p1a: Sweet Dreams|Cresselia, F|443\/443
|-damage|p1a: Sweet Dreams|388\/443|[from] Stealth Rock
|move|p2a: Gliscor|Earthquake|p1a: Sweet Dreams
|-immune|p1a: Sweet Dreams|[msg]
|
|-heal|p1a: Sweet Dreams|415\/443|[from] item: Leftovers
|turn|20
|
|move|p2a: Gliscor|Knock Off|p1a: Sweet Dreams
|-supereffective|p1a: Sweet Dreams
|-damage|p1a: Sweet Dreams|319\/443
|-enditem|p1a: Sweet Dreams|Leftovers|[from] move: Knock Off|[of] p2a: Gliscor
|move|p1a: Sweet Dreams|Skill Swap|p2a: Gliscor
|-activate|p1a: Sweet Dreams|move: Skill Swap|Poison Heal|Levitate|[of] p2a: Gliscor
|
|-damage|p2a: Gliscor|286\/352 tox|[from] psn
|turn|21
|
|switch|p2a: Scizor|Scizor, M|344\/344
|-damage|p2a: Scizor|301\/344|[from] Stealth Rock
|move|p1a: Sweet Dreams|Thunder Wave|p2a: Scizor
|-status|p2a: Scizor|par
|
|turn|22
|
|switch|p1a: Bravest Bird|Skarmory, M|333\/333
|-damage|p1a: Bravest Bird|292\/333|[from] Stealth Rock
|switch|p2a: Gliscor|Gliscor, M|286\/352 tox
|-damage|p2a: Gliscor|242\/352 tox|[from] Stealth Rock
|
|-heal|p2a: Gliscor|286\/352 tox|[from] ability: Poison Heal
|turn|23
|
|move|p2a: Gliscor|Taunt|p1a: Bravest Bird
|-start|p1a: Bravest Bird|move: Taunt
|cant|p1a: Bravest Bird|move: Taunt|Spikes
|
|-heal|p2a: Gliscor|330\/352 tox|[from] ability: Poison Heal
|turn|24
|
|switch|p1a: I luv Mary|Quagsire, M|393\/393
|-damage|p1a: I luv Mary|369\/393|[from] Stealth Rock
|move|p2a: Gliscor|Knock Off|p1a: I luv Mary
|-damage|p1a: I luv Mary|312\/393
|-enditem|p1a: I luv Mary|Leftovers|[from] move: Knock Off|[of] p2a: Gliscor
|
|-heal|p2a: Gliscor|352\/352 tox|[from] ability: Poison Heal
|turn|25
|
|move|p2a: Gliscor|Earthquake|p1a: I luv Mary
|-damage|p1a: I luv Mary|216\/393
|move|p1a: I luv Mary|Scald|p2a: Gliscor
|-crit|p2a: Gliscor
|-supereffective|p2a: Gliscor
|-damage|p2a: Gliscor|172\/352 tox
|
|-heal|p2a: Gliscor|216\/352 tox|[from] ability: Poison Heal
|turn|26
|
|move|p2a: Gliscor|Taunt|p1a: I luv Mary
|-start|p1a: I luv Mary|move: Taunt
|cant|p1a: I luv Mary|move: Taunt|Recover
|
|-heal|p2a: Gliscor|260\/352 tox|[from] ability: Poison Heal
|turn|27
|
|switch|p1a: Sweet Dreams|Cresselia, F|319\/443
|-damage|p1a: Sweet Dreams|264\/443|[from] Stealth Rock
|move|p2a: Gliscor|Earthquake|p1a: Sweet Dreams
|-immune|p1a: Sweet Dreams|[msg]
|
|-heal|p2a: Gliscor|304\/352 tox|[from] ability: Poison Heal
|turn|28
|
|switch|p1a: Gold-diggers|Sableye-Mega, M|266\/303 brn
|-damage|p1a: Gold-diggers|229\/303 brn|[from] Stealth Rock
|move|p2a: Gliscor|Taunt|p1a: Gold-diggers
|move|p1a: Gold-diggers|Taunt|p2a: Gliscor|[from]Magic Bounce
|-start|p2a: Gliscor|move: Taunt
|
|-heal|p2a: Gliscor|348\/352 tox|[from] ability: Poison Heal
|-damage|p1a: Gold-diggers|192\/303 brn|[from] brn
|turn|29
|
|move|p2a: Gliscor|Earthquake|p1a: Gold-diggers
|-damage|p1a: Gold-diggers|116\/303 brn
|move|p1a: Gold-diggers|Recover|p1a: Gold-diggers
|-heal|p1a: Gold-diggers|268\/303 brn
|
|-heal|p2a: Gliscor|352\/352 tox|[from] ability: Poison Heal
|-damage|p1a: Gold-diggers|231\/303 brn|[from] brn
|turn|30
|
|switch|p1a: Sweet Dreams|Cresselia, F|264\/443
|-damage|p1a: Sweet Dreams|209\/443|[from] Stealth Rock
|move|p2a: Gliscor|Earthquake|p1a: Sweet Dreams
|-immune|p1a: Sweet Dreams|[msg]
|
|turn|31
|
|move|p2a: Gliscor|Knock Off|p1a: Sweet Dreams
|-supereffective|p1a: Sweet Dreams
|-damage|p1a: Sweet Dreams|151\/443
|move|p1a: Sweet Dreams|Skill Swap|p2a: Gliscor
|-activate|p1a: Sweet Dreams|move: Skill Swap|Poison Heal|Levitate|[of] p2a: Gliscor
|
|-damage|p2a: Gliscor|132\/352 tox|[from] psn
|-end|p2a: Gliscor|move: Taunt
|turn|32
|
|switch|p2a: Chansey|Chansey, F|704\/704
|-damage|p2a: Chansey|616\/704|[from] Stealth Rock
|move|p1a: Sweet Dreams|Moonlight|p1a: Sweet Dreams
|-heal|p1a: Sweet Dreams|372\/443
|
|-heal|p2a: Chansey|660\/704|[from] item: Leftovers
|turn|33
|
|switch|p1a: Bravest Bird|Skarmory, M|292\/333
|-damage|p1a: Bravest Bird|251\/333|[from] Stealth Rock
|switch|p2a: Gliscor|Gliscor, M|132\/352 tox
|-damage|p2a: Gliscor|88\/352 tox|[from] Stealth Rock
|
|-heal|p2a: Gliscor|132\/352 tox|[from] ability: Poison Heal
|turn|34
|
|switch|p1a: Gold-diggers|Sableye-Mega, M|231\/303 brn
|-damage|p1a: Gold-diggers|194\/303 brn|[from] Stealth Rock
|move|p2a: Gliscor|Taunt|p1a: Gold-diggers
|move|p1a: Gold-diggers|Taunt|p2a: Gliscor|[from]Magic Bounce
|-start|p2a: Gliscor|move: Taunt
|
|-heal|p2a: Gliscor|176\/352 tox|[from] ability: Poison Heal
|-damage|p1a: Gold-diggers|157\/303 brn|[from] brn
|turn|35
|
|move|p2a: Gliscor|Earthquake|p1a: Gold-diggers
|-damage|p1a: Gold-diggers|81\/303 brn
|move|p1a: Gold-diggers|Recover|p1a: Gold-diggers
|-heal|p1a: Gold-diggers|233\/303 brn
|
|-heal|p2a: Gliscor|220\/352 tox|[from] ability: Poison Heal
|-damage|p1a: Gold-diggers|196\/303 brn|[from] brn
|turn|36
|
|switch|p1a: Bravest Bird|Skarmory, M|251\/333
|-damage|p1a: Bravest Bird|210\/333|[from] Stealth Rock
|move|p2a: Gliscor|Knock Off|p1a: Bravest Bird
|-damage|p1a: Bravest Bird|170\/333
|-enditem|p1a: Bravest Bird|Shed Shell|[from] move: Knock Off|[of] p2a: Gliscor
|
|-heal|p2a: Gliscor|264\/352 tox|[from] ability: Poison Heal
|turn|37
|
|move|p2a: Gliscor|Knock Off|p1a: Bravest Bird
|-damage|p1a: Bravest Bird|144\/333
|move|p1a: Bravest Bird|Roost|p1a: Bravest Bird
|-heal|p1a: Bravest Bird|311\/333
|
|-heal|p2a: Gliscor|308\/352 tox|[from] ability: Poison Heal
|-end|p2a: Gliscor|move: Taunt
|turn|38
|
|move|p2a: Gliscor|Earthquake|p1a: Bravest Bird
|-immune|p1a: Bravest Bird|[msg]
|move|p1a: Bravest Bird|Spikes|p2a: Gliscor
|-sidestart|p2: Dayanne|Spikes
|
|-heal|p2a: Gliscor|352\/352 tox|[from] ability: Poison Heal
|turn|39
|
|move|p2a: Gliscor|Taunt|p1a: Bravest Bird
|-start|p1a: Bravest Bird|move: Taunt
|cant|p1a: Bravest Bird|move: Taunt|Spikes
|
|turn|40
|
|switch|p2a: Zapdos|Zapdos|384\/384 brn
|-damage|p2a: Zapdos|288\/384 brn|[from] Stealth Rock
|-ability|p2a: Zapdos|Pressure
|move|p1a: Bravest Bird|Brave Bird|p2a: Zapdos
|-resisted|p2a: Zapdos
|-damage|p2a: Zapdos|243\/384 brn
|-damage|p1a: Bravest Bird|296\/333|[from] recoil|[of] p2a: Zapdos
|
|-heal|p2a: Zapdos|267\/384 brn|[from] item: Leftovers
|-damage|p2a: Zapdos|219\/384 brn|[from] brn
|turn|41
|
|switch|p1a: Sweet Dreams|Cresselia, F|372\/443
|-damage|p1a: Sweet Dreams|317\/443|[from] Stealth Rock
|move|p2a: Zapdos|Defog|p1a: Sweet Dreams
|-unboost|p1a: Sweet Dreams|evasion|1
|-sideend|p1: Friytrr|Stealth Rock|[from] move: Defog|[of] p1a: Sweet Dreams
|-sideend|p2: Dayanne|Spikes|[from] move: Defog|[of] p2a: Zapdos
|-sideend|p2: Dayanne|Stealth Rock|[from] move: Defog|[of] p2a: Zapdos
|
|-heal|p2a: Zapdos|243\/384 brn|[from] item: Leftovers
|-damage|p2a: Zapdos|195\/384 brn|[from] brn
|turn|42
|
|switch|p1a: Hardboiled|Chansey, F|583\/641
|move|p2a: Zapdos|Roost|p2a: Zapdos
|-heal|p2a: Zapdos|384\/384 brn
|
|-damage|p2a: Zapdos|336\/384 brn|[from] brn
|turn|43
|
|move|p2a: Zapdos|Volt Switch|p1a: Hardboiled
|-damage|p1a: Hardboiled|535\/641
|
|switch|p2a: Chansey|Chansey, F|660\/704
|move|p1a: Hardboiled|Heal Bell|p1a: Hardboiled
|-cureteam|p1a: Hardboiled|[from] move: HealBell
|
|-heal|p2a: Chansey|704\/704|[from] item: Leftovers
|turn|44
|
|switch|p1a: Gold-diggers|Sableye-Mega, M|196\/303
|move|p2a: Chansey|Stealth Rock|p1a: Gold-diggers
|move|p1a: Gold-diggers|Stealth Rock|p2a: Chansey|[from]Magic Bounce
|-sidestart|p2: Dayanne|move: Stealth Rock
|
|turn|45
|
|move|p2a: Chansey|Stealth Rock|p1a: Gold-diggers
|move|p1a: Gold-diggers|Stealth Rock|p2a: Chansey|[from]Magic Bounce
|-fail|p2a: Chansey
|move|p1a: Gold-diggers|Will-O-Wisp|p2a: Chansey
|-status|p2a: Chansey|brn
|
|-damage|p2a: Chansey|616\/704 brn|[from] brn
|turn|46
|
|move|p2a: Chansey|Stealth Rock|p1a: Gold-diggers
|move|p1a: Gold-diggers|Stealth Rock|p2a: Chansey|[from]Magic Bounce
|-fail|p2a: Chansey
|move|p1a: Gold-diggers|Calm Mind|p1a: Gold-diggers
|-boost|p1a: Gold-diggers|spa|1
|-boost|p1a: Gold-diggers|spd|1
|
|-heal|p2a: Chansey|660\/704 brn|[from] item: Leftovers
|-damage|p2a: Chansey|572\/704 brn|[from] brn
|turn|47
|
|switch|p2a: Clefable|Clefable, F|394\/394
|-damage|p2a: Clefable|345\/394|[from] Stealth Rock
|move|p1a: Gold-diggers|Will-O-Wisp|p2a: Clefable
|-status|p2a: Clefable|brn
|
|-damage|p2a: Clefable|296\/394 brn|[from] brn
|turn|48
|
|switch|p1a: Hardboiled|Chansey, F|535\/641
|move|p2a: Clefable|Moonblast|p1a: Hardboiled
|-damage|p1a: Hardboiled|478\/641
|
|-damage|p2a: Clefable|247\/394 brn|[from] brn
|turn|49
|
|switch|p2a: Chansey|Chansey, F|572\/704
|-damage|p2a: Chansey|484\/704|[from] Stealth Rock
|move|p1a: Hardboiled|Seismic Toss|p2a: Chansey
|-damage|p2a: Chansey|384\/704
|
|-heal|p2a: Chansey|428\/704|[from] item: Leftovers
|turn|50
|
|switch|p1a: Gold-diggers|Sableye-Mega, M|196\/303
|move|p2a: Chansey|Heal Bell|p2a: Chansey
|-cureteam|p2a: Chansey|[from] move: HealBell
|
|-heal|p2a: Chansey|472\/704|[from] item: Leftovers
|turn|51
|
|move|p2a: Chansey|Soft-Boiled|p2a: Chansey
|-heal|p2a: Chansey|704\/704
|move|p1a: Gold-diggers|Will-O-Wisp|p2a: Chansey
|-status|p2a: Chansey|brn
|
|-damage|p2a: Chansey|616\/704 brn|[from] brn
|turn|52
|
|move|p2a: Chansey|Seismic Toss|p1a: Gold-diggers
|-immune|p1a: Gold-diggers|[msg]
|move|p1a: Gold-diggers|Will-O-Wisp|p2a: Chansey|[miss]
|-miss|p1a: Gold-diggers|p2a: Chansey
|
|-heal|p2a: Chansey|660\/704 brn|[from] item: Leftovers
|-damage|p2a: Chansey|572\/704 brn|[from] brn
|turn|53
|
|move|p2a: Chansey|Seismic Toss|p1a: Gold-diggers
|-immune|p1a: Gold-diggers|[msg]
|move|p1a: Gold-diggers|Recover|p1a: Gold-diggers
|-heal|p1a: Gold-diggers|303\/303
|
|-heal|p2a: Chansey|616\/704 brn|[from] item: Leftovers
|-damage|p2a: Chansey|528\/704 brn|[from] brn
|turn|54
|
|switch|p2a: Gliscor|Gliscor, M|352\/352
|-damage|p2a: Gliscor|308\/352|[from] Stealth Rock
|move|p1a: Gold-diggers|Calm Mind|p1a: Gold-diggers
|-boost|p1a: Gold-diggers|spa|1
|-boost|p1a: Gold-diggers|spd|1
|
|-status|p2a: Gliscor|tox|[from] item: Toxic Orb
|turn|55
|
|switch|p2a: Clefable|Clefable, F|247\/394
|-damage|p2a: Clefable|198\/394|[from] Stealth Rock
|move|p1a: Gold-diggers|Calm Mind|p1a: Gold-diggers
|-boost|p1a: Gold-diggers|spa|1
|-boost|p1a: Gold-diggers|spd|1
|
|turn|56
|
|move|p2a: Clefable|Moonblast|p1a: Gold-diggers
|-supereffective|p1a: Gold-diggers
|-damage|p1a: Gold-diggers|123\/303
|move|p1a: Gold-diggers|Snarl|p2a: Clefable
|-resisted|p2a: Clefable
|-damage|p2a: Clefable|166\/394
|-unboost|p2a: Clefable|spa|1
|
|turn|57
|
|move|p2a: Clefable|Moonblast|p1a: Gold-diggers
|-supereffective|p1a: Gold-diggers
|-damage|p1a: Gold-diggers|0 fnt
|faint|p1a: Gold-diggers
|
|
|switch|p1a: 1 inch neck|Gothitelle, F|201\/301
|turn|58
|
|move|p1a: 1 inch neck|Psyshock|p2a: Clefable
|-damage|p2a: Clefable|73\/394
|move|p2a: Clefable|Moonblast|p1a: 1 inch neck
|-damage|p1a: 1 inch neck|138\/301
|-unboost|p1a: 1 inch neck|spa|1
|
|turn|59
|
|move|p1a: 1 inch neck|Calm Mind|p1a: 1 inch neck
|-boost|p1a: 1 inch neck|spa|1
|-boost|p1a: 1 inch neck|spd|1
|move|p2a: Clefable|Moonblast|p1a: 1 inch neck
|-damage|p1a: 1 inch neck|74\/301
|
|turn|60
|
|move|p1a: 1 inch neck|Rest|p1a: 1 inch neck
|-status|p1a: 1 inch neck|slp
|-heal|p1a: 1 inch neck|301\/301 slp|[silent]
|-status|p1a: 1 inch neck|slp|[from] move: Rest
|move|p2a: Clefable|Moonblast|p1a: 1 inch neck
|-damage|p1a: 1 inch neck|237\/301 slp
|
|turn|61
|
|cant|p1a: 1 inch neck|slp
|move|p2a: Clefable|Moonblast|p1a: 1 inch neck
|-damage|p1a: 1 inch neck|173\/301 slp
|-unboost|p1a: 1 inch neck|spa|1
|
|turn|62
|
|cant|p1a: 1 inch neck|slp
|move|p2a: Clefable|Moonblast|p1a: 1 inch neck
|-damage|p1a: 1 inch neck|106\/301 slp
|
|turn|63
|
|-curestatus|p1a: 1 inch neck|slp
|move|p1a: 1 inch neck|Psyshock|p2a: Clefable
|-crit|p2a: Clefable
|-damage|p2a: Clefable|0 fnt
|faint|p2a: Clefable
|
|
|switch|p2a: Scizor|Scizor, M|301\/344
|-damage|p2a: Scizor|258\/344|[from] Stealth Rock
|turn|64
|
|switch|p1a: I luv Mary|Quagsire, M|216\/393
|detailschange|p2a: Scizor|Scizor-Mega, M
|-mega|p2a: Scizor|Scizor|Scizorite
|move|p2a: Scizor|Swords Dance|p2a: Scizor
|-boost|p2a: Scizor|atk|2
|
|turn|65
|
|switch|p2a: Zapdos|Zapdos|336\/384
|-damage|p2a: Zapdos|240\/384|[from] Stealth Rock
|-ability|p2a: Zapdos|Pressure
|move|p1a: I luv Mary|Recover|p1a: I luv Mary
|-heal|p1a: I luv Mary|393\/393
|
|-heal|p2a: Zapdos|264\/384|[from] item: Leftovers
|turn|66
|
|move|p2a: Zapdos|Defog|p1a: I luv Mary
|-unboost|p1a: I luv Mary|evasion|1
|-sideend|p2: Dayanne|Stealth Rock|[from] move: Defog|[of] p2a: Zapdos
|move|p1a: I luv Mary|Toxic|p2a: Zapdos
|-status|p2a: Zapdos|tox
|
|-heal|p2a: Zapdos|288\/384 tox|[from] item: Leftovers
|-damage|p2a: Zapdos|264\/384 tox|[from] psn
|turn|67
|
|switch|p2a: Gliscor|Gliscor, M|308\/352 tox
|move|p1a: I luv Mary|Encore|p2a: Gliscor
|-fail|p2a: Gliscor
|
|-heal|p2a: Gliscor|352\/352 tox|[from] ability: Poison Heal
|turn|68
|
|move|p2a: Gliscor|Taunt|p1a: I luv Mary
|-start|p1a: I luv Mary|move: Taunt
|move|p1a: I luv Mary|Scald|p2a: Gliscor
|-crit|p2a: Gliscor
|-supereffective|p2a: Gliscor
|-damage|p2a: Gliscor|154\/352 tox
|
|-heal|p2a: Gliscor|198\/352 tox|[from] ability: Poison Heal
|turn|69
|
|move|p2a: Gliscor|Knock Off|p1a: I luv Mary
|-damage|p1a: I luv Mary|355\/393
|move|p1a: I luv Mary|Scald|p2a: Gliscor
|-supereffective|p2a: Gliscor
|-damage|p2a: Gliscor|78\/352 tox
|
|-heal|p2a: Gliscor|122\/352 tox|[from] ability: Poison Heal
|turn|70
|
|move|p2a: Gliscor|Roost|p2a: Gliscor
|-heal|p2a: Gliscor|298\/352 tox
|move|p1a: I luv Mary|Scald|p2a: Gliscor
|-supereffective|p2a: Gliscor
|-damage|p2a: Gliscor|182\/352 tox
|
|-heal|p2a: Gliscor|226\/352 tox|[from] ability: Poison Heal
|-end|p1a: I luv Mary|move: Taunt
|turn|71
|
|move|p2a: Gliscor|Taunt|p1a: I luv Mary
|-start|p1a: I luv Mary|move: Taunt
|move|p1a: I luv Mary|Scald|p2a: Gliscor
|-supereffective|p2a: Gliscor
|-damage|p2a: Gliscor|94\/352 tox
|
|-heal|p2a: Gliscor|138\/352 tox|[from] ability: Poison Heal
|turn|72
|
|move|p2a: Gliscor|Roost|p2a: Gliscor
|-heal|p2a: Gliscor|314\/352 tox
|move|p1a: I luv Mary|Scald|p2a: Gliscor
|-supereffective|p2a: Gliscor
|-damage|p2a: Gliscor|200\/352 tox
|
|-heal|p2a: Gliscor|244\/352 tox|[from] ability: Poison Heal
|turn|73
|
|move|p2a: Gliscor|Earthquake|p1a: I luv Mary
|-damage|p1a: I luv Mary|262\/393
|move|p1a: I luv Mary|Scald|p2a: Gliscor
|-supereffective|p2a: Gliscor
|-damage|p2a: Gliscor|118\/352 tox
|
|-heal|p2a: Gliscor|162\/352 tox|[from] ability: Poison Heal
|-end|p1a: I luv Mary|move: Taunt
|turn|74
|
|move|p2a: Gliscor|Roost|p2a: Gliscor
|-heal|p2a: Gliscor|338\/352 tox
|move|p1a: I luv Mary|Scald|p2a: Gliscor
|-supereffective|p2a: Gliscor
|-damage|p2a: Gliscor|218\/352 tox
|
|-heal|p2a: Gliscor|262\/352 tox|[from] ability: Poison Heal
|turn|75
|
|switch|p1a: Sweet Dreams|Cresselia, F|317\/443
|move|p2a: Gliscor|Taunt|p1a: Sweet Dreams
|-start|p1a: Sweet Dreams|move: Taunt
|
|-heal|p2a: Gliscor|306\/352 tox|[from] ability: Poison Heal
|turn|76
|
|switch|p1a: Bravest Bird|Skarmory, M|296\/333
|move|p2a: Gliscor|Knock Off|p1a: Bravest Bird
|-damage|p1a: Bravest Bird|267\/333
|
|-heal|p2a: Gliscor|350\/352 tox|[from] ability: Poison Heal
|turn|77
|
|move|p2a: Gliscor|Taunt|p1a: Bravest Bird
|-start|p1a: Bravest Bird|move: Taunt
|move|p1a: Bravest Bird|Brave Bird|p2a: Gliscor
|-damage|p2a: Gliscor|247\/352 tox
|-damage|p1a: Bravest Bird|233\/333|[from] recoil|[of] p2a: Gliscor
|
|-heal|p2a: Gliscor|291\/352 tox|[from] ability: Poison Heal
|turn|78
|
|switch|p1a: I luv Mary|Quagsire, M|262\/393
|move|p2a: Gliscor|Knock Off|p1a: I luv Mary
|-damage|p1a: I luv Mary|222\/393
|
|-heal|p2a: Gliscor|335\/352 tox|[from] ability: Poison Heal
|turn|79
|
|move|p2a: Gliscor|Taunt|p1a: I luv Mary
|-start|p1a: I luv Mary|move: Taunt
|move|p1a: I luv Mary|Scald|p2a: Gliscor
|-supereffective|p2a: Gliscor
|-damage|p2a: Gliscor|215\/352 tox
|
|-heal|p2a: Gliscor|259\/352 tox|[from] ability: Poison Heal
|turn|80
|
|switch|p1a: Bravest Bird|Skarmory, M|233\/333
|move|p2a: Gliscor|Knock Off|p1a: Bravest Bird
|-damage|p1a: Bravest Bird|205\/333
|
|-heal|p2a: Gliscor|303\/352 tox|[from] ability: Poison Heal
|turn|81
|
|move|p2a: Gliscor|Taunt|p1a: Bravest Bird
|-start|p1a: Bravest Bird|move: Taunt
|cant|p1a: Bravest Bird|move: Taunt|Roost
|
|-heal|p2a: Gliscor|347\/352 tox|[from] ability: Poison Heal
|turn|82
|
|move|p2a: Gliscor|Knock Off|p1a: Bravest Bird
|-damage|p1a: Bravest Bird|178\/333
|move|p1a: Bravest Bird|Brave Bird|p2a: Gliscor
|-damage|p2a: Gliscor|251\/352 tox
|-damage|p1a: Bravest Bird|146\/333|[from] recoil|[of] p2a: Gliscor
|
|-heal|p2a: Gliscor|295\/352 tox|[from] ability: Poison Heal
|turn|83
|
|switch|p1a: I luv Mary|Quagsire, M|222\/393
|move|p2a: Gliscor|Knock Off|p1a: I luv Mary
|-damage|p1a: I luv Mary|181\/393
|
|-heal|p2a: Gliscor|339\/352 tox|[from] ability: Poison Heal
|turn|84
|
|move|p2a: Gliscor|Taunt|p1a: I luv Mary
|-start|p1a: I luv Mary|move: Taunt
|move|p1a: I luv Mary|Scald|p2a: Gliscor
|-crit|p2a: Gliscor
|-supereffective|p2a: Gliscor
|-damage|p2a: Gliscor|147\/352 tox
|
|-heal|p2a: Gliscor|191\/352 tox|[from] ability: Poison Heal
|turn|85
|
|move|p2a: Gliscor|Knock Off|p1a: I luv Mary
|-damage|p1a: I luv Mary|144\/393
|move|p1a: I luv Mary|Scald|p2a: Gliscor
|-crit|p2a: Gliscor
|-supereffective|p2a: Gliscor
|-damage|p2a: Gliscor|21\/352 tox
|
|-heal|p2a: Gliscor|65\/352 tox|[from] ability: Poison Heal
|turn|86
|
|switch|p1a: Sweet Dreams|Cresselia, F|317\/443
|move|p2a: Gliscor|Roost|p2a: Gliscor
|-heal|p2a: Gliscor|241\/352 tox
|
|-heal|p2a: Gliscor|285\/352 tox|[from] ability: Poison Heal
|turn|87
|
|move|p2a: Gliscor|Knock Off|p1a: Sweet Dreams
|-supereffective|p1a: Sweet Dreams
|-damage|p1a: Sweet Dreams|257\/443
|move|p1a: Sweet Dreams|Skill Swap|p2a: Gliscor
|-activate|p1a: Sweet Dreams|move: Skill Swap|Poison Heal|Levitate|[of] p2a: Gliscor
|
|-damage|p2a: Gliscor|0 fnt|[from] psn
|faint|p2a: Gliscor
|c|âDayanne|missclick
|c|âFriytrr|Oh  :?
|
|switch|p2a: Scizor|Scizor-Mega, M|258\/344
|turn|88
|
|move|p1a: Sweet Dreams|Thunder Wave|p2a: Scizor
|-status|p2a: Scizor|par
|cant|p2a: Scizor|par
|
|turn|89
|
|move|p1a: Sweet Dreams|Moonlight|p1a: Sweet Dreams
|-heal|p1a: Sweet Dreams|443\/443
|cant|p2a: Scizor|par
|
|turn|90
|
|switch|p1a: 1 inch neck|Gothitelle, F|106\/301
|move|p2a: Scizor|Swords Dance|p2a: Scizor
|-boost|p2a: Scizor|atk|2
|
|turn|91
|
|cant|p2a: Scizor|par
|move|p1a: 1 inch neck|Psyshock|p2a: Scizor
|-resisted|p2a: Scizor
|-damage|p2a: Scizor|224\/344 par
|
|turn|92
|
|move|p1a: 1 inch neck|Psyshock|p2a: Scizor
|-resisted|p2a: Scizor
|-damage|p2a: Scizor|191\/344 par
|move|p2a: Scizor|Roost|p2a: Scizor
|-heal|p2a: Scizor|344\/344 par
|
|turn|93
|
|move|p1a: 1 inch neck|Psyshock|p2a: Scizor
|-resisted|p2a: Scizor
|-damage|p2a: Scizor|310\/344 par
|cant|p2a: Scizor|par
|
|turn|94
|
|move|p1a: 1 inch neck|Psyshock|p2a: Scizor
|-resisted|p2a: Scizor
|-damage|p2a: Scizor|280\/344 par
|move|p2a: Scizor|Swords Dance|p2a: Scizor
|-boost|p2a: Scizor|atk|2
|
|turn|95
|
|move|p1a: 1 inch neck|Psyshock|p2a: Scizor
|-resisted|p2a: Scizor
|-damage|p2a: Scizor|249\/344 par
|move|p2a: Scizor|Swords Dance|p2a: Scizor
|-boost|p2a: Scizor|atk|2
|
|turn|96
|
|move|p1a: 1 inch neck|Psyshock|p2a: Scizor
|-resisted|p2a: Scizor
|-damage|p2a: Scizor|214\/344 par
|cant|p2a: Scizor|par
|
|turn|97
|
|move|p1a: 1 inch neck|Psyshock|p2a: Scizor
|-resisted|p2a: Scizor
|-damage|p2a: Scizor|183\/344 par
|move|p2a: Scizor|Roost|p2a: Scizor
|-heal|p2a: Scizor|344\/344 par
|
|turn|98
|
|cant|p2a: Scizor|par
|move|p1a: 1 inch neck|Psyshock|p2a: Scizor
|-resisted|p2a: Scizor
|-damage|p2a: Scizor|311\/344 par
|
|turn|99
|
|move|p2a: Scizor|Bullet Punch|p1a: 1 inch neck
|-damage|p1a: 1 inch neck|0 fnt
|faint|p1a: 1 inch neck
|
|
|switch|p1a: I luv Mary|Quagsire, M|144\/393
|turn|100
|
|move|p2a: Scizor|Bullet Punch|p1a: I luv Mary
|-resisted|p1a: I luv Mary
|-damage|p1a: I luv Mary|101\/393
|move|p1a: I luv Mary|Recover|p1a: I luv Mary
|-heal|p1a: I luv Mary|298\/393
|
|turn|101
|
|move|p2a: Scizor|Bullet Punch|p1a: I luv Mary
|-resisted|p1a: I luv Mary
|-damage|p1a: I luv Mary|261\/393
|move|p1a: I luv Mary|Encore|p2a: Scizor
|-start|p2a: Scizor|Encore
|
|turn|102
|
|move|p2a: Scizor|Bullet Punch|p1a: I luv Mary
|-resisted|p1a: I luv Mary
|-damage|p1a: I luv Mary|219\/393
|move|p1a: I luv Mary|Scald|p2a: Scizor
|-crit|p2a: Scizor
|-damage|p2a: Scizor|211\/344 par
|
|turn|103
|
|move|p2a: Scizor|Bullet Punch|p1a: I luv Mary
|-resisted|p1a: I luv Mary
|-damage|p1a: I luv Mary|180\/393
|move|p1a: I luv Mary|Recover|p1a: I luv Mary
|-heal|p1a: I luv Mary|377\/393
|
|turn|104
|
|switch|p2a: Chansey|Chansey, F|528\/704
|move|p1a: I luv Mary|Scald|p2a: Chansey
|-damage|p2a: Chansey|461\/704
|
|-heal|p2a: Chansey|505\/704|[from] item: Leftovers
|turn|105
|
|switch|p1a: Bravest Bird|Skarmory, M|146\/333
|move|p2a: Chansey|Stealth Rock|p1a: Bravest Bird
|-sidestart|p1: Friytrr|move: Stealth Rock
|
|-heal|p2a: Chansey|549\/704|[from] item: Leftovers
|turn|106
|
|move|p1a: Bravest Bird|Roost|p1a: Bravest Bird
|-heal|p1a: Bravest Bird|313\/333
|move|p2a: Chansey|Heal Bell|p2a: Chansey
|-cureteam|p2a: Chansey|[from] move: HealBell
|
|-heal|p2a: Chansey|593\/704|[from] item: Leftovers
|turn|107
|
|switch|p2a: Zapdos|Zapdos|264\/384
|-ability|p2a: Zapdos|Pressure
|move|p1a: Bravest Bird|Spikes|p2a: Zapdos
|-sidestart|p2: Dayanne|Spikes
|
|-heal|p2a: Zapdos|288\/384|[from] item: Leftovers
|turn|108
|
|switch|p1a: Hardboiled|Chansey, F|478\/641
|-damage|p1a: Hardboiled|398\/641|[from] Stealth Rock
|move|p2a: Zapdos|Volt Switch|p1a: Hardboiled
|-damage|p1a: Hardboiled|350\/641
|
|switch|p2a: Scizor|Scizor-Mega, M|211\/344
|-damage|p2a: Scizor|168\/344|[from] Spikes
|
|turn|109
|
|move|p2a: Scizor|Superpower|p1a: Hardboiled
|-supereffective|p1a: Hardboiled
|-damage|p1a: Hardboiled|0 fnt
|-unboost|p2a: Scizor|atk|1
|-unboost|p2a: Scizor|def|1
|faint|p1a: Hardboiled
|
|
|switch|p1a: Bravest Bird|Skarmory, M|313\/333
|-damage|p1a: Bravest Bird|272\/333|[from] Stealth Rock
|turn|110
|
|move|p2a: Scizor|Roost|p2a: Scizor
|-heal|p2a: Scizor|340\/344
|move|p1a: Bravest Bird|Spikes|p2a: Scizor
|-sidestart|p2: Dayanne|Spikes
|
|turn|111
|
|switch|p2a: Zapdos|Zapdos|288\/384
|-ability|p2a: Zapdos|Pressure
|switch|p1a: I luv Mary|Quagsire, M|377\/393
|-damage|p1a: I luv Mary|353\/393|[from] Stealth Rock
|
|-heal|p2a: Zapdos|312\/384|[from] item: Leftovers
|turn|112
|
|move|p2a: Zapdos|Defog|p1a: I luv Mary
|-unboost|p1a: I luv Mary|evasion|1
|-sideend|p1: Friytrr|Stealth Rock|[from] move: Defog|[of] p1a: I luv Mary
|-sideend|p2: Dayanne|Spikes|[from] move: Defog|[of] p2a: Zapdos
|move|p1a: I luv Mary|Toxic|p2a: Zapdos
|-status|p2a: Zapdos|tox
|
|-heal|p2a: Zapdos|336\/384 tox|[from] item: Leftovers
|-damage|p2a: Zapdos|312\/384 tox|[from] psn
|turn|113
|
|switch|p2a: Slowbro|Slowbro, M|394\/394
|move|p1a: I luv Mary|Toxic|p2a: Slowbro
|-status|p2a: Slowbro|tox
|
|-damage|p2a: Slowbro|370\/394 tox|[from] psn
|turn|114
|
|switch|p1a: Sweet Dreams|Cresselia, F|443\/443
|move|p2a: Slowbro|Scald|p1a: Sweet Dreams
|-damage|p1a: Sweet Dreams|373\/443
|
|-heal|p2a: Slowbro|394\/394 tox|[from] item: Leftovers
|-damage|p2a: Slowbro|346\/394 tox|[from] psn
|turn|115
|
|move|p1a: Sweet Dreams|Skill Swap|p2a: Slowbro
|-activate|p1a: Sweet Dreams|move: Skill Swap|Regenerator|Levitate|[of] p2a: Slowbro
|move|p2a: Slowbro|Scald|p1a: Sweet Dreams
|-damage|p1a: Sweet Dreams|291\/443
|
|-heal|p2a: Slowbro|370\/394 tox|[from] item: Leftovers
|-damage|p2a: Slowbro|298\/394 tox|[from] psn
|turn|116
|
|switch|p2a: Chansey|Chansey, F|593\/704
|move|p1a: Sweet Dreams|Psyshock|p2a: Chansey
|-damage|p2a: Chansey|452\/704
|
|-heal|p2a: Chansey|496\/704|[from] item: Leftovers
|turn|117
|
|move|p1a: Sweet Dreams|Skill Swap|p2a: Chansey
|-activate|p1a: Sweet Dreams|move: Skill Swap|Natural Cure|Regenerator|[of] p2a: Chansey
|move|p2a: Chansey|Stealth Rock|p1a: Sweet Dreams
|-sidestart|p1: Friytrr|move: Stealth Rock
|
|-heal|p2a: Chansey|540\/704|[from] item: Leftovers
|turn|118
|
|move|p1a: Sweet Dreams|Thunder Wave|p2a: Chansey
|-status|p2a: Chansey|par
|cant|p2a: Chansey|par
|
|-heal|p2a: Chansey|584\/704 par|[from] item: Leftovers
|turn|119
|
|move|p1a: Sweet Dreams|Psyshock|p2a: Chansey
|-damage|p2a: Chansey|433\/704 par
|move|p2a: Chansey|Heal Bell|p2a: Chansey
|-cureteam|p2a: Chansey|[from] move: HealBell
|
|-heal|p2a: Chansey|477\/704|[from] item: Leftovers
|turn|120
|
|switch|p1a: I luv Mary|Quagsire, M|353\/393
|-damage|p1a: I luv Mary|329\/393|[from] Stealth Rock
|switch|p2a: Zapdos|Zapdos|312\/384
|-ability|p2a: Zapdos|Pressure
|
|-heal|p2a: Zapdos|336\/384|[from] item: Leftovers
|turn|121
|
|switch|p2a: Chansey|Chansey, F|704\/704
|move|p1a: I luv Mary|Toxic|p2a: Chansey
|-status|p2a: Chansey|tox
|
|-damage|p2a: Chansey|660\/704 tox|[from] psn
|turn|122
|
|switch|p2a: Zapdos|Zapdos|336\/384
|-ability|p2a: Zapdos|Pressure
|move|p1a: I luv Mary|Scald|p2a: Zapdos
|-damage|p2a: Zapdos|266\/384
|
|-heal|p2a: Zapdos|290\/384|[from] item: Leftovers
|turn|123
|
|switch|p2a: Scizor|Scizor-Mega, M|340\/344
|move|p1a: I luv Mary|Scald|p2a: Scizor
|-damage|p2a: Scizor|268\/344
|
|turn|124
|
|switch|p2a: Chansey|Chansey, F|660\/704
|move|p1a: I luv Mary|Scald|p2a: Chansey
|-damage|p2a: Chansey|590\/704
|
|-heal|p2a: Chansey|634\/704|[from] item: Leftovers
|turn|125
|
|move|p2a: Chansey|Seismic Toss|p1a: I luv Mary
|-damage|p1a: I luv Mary|229\/393
|move|p1a: I luv Mary|Scald|p2a: Chansey
|-damage|p2a: Chansey|568\/704
|
|-heal|p2a: Chansey|612\/704|[from] item: Leftovers
|turn|126
|
|move|p2a: Chansey|Seismic Toss|p1a: I luv Mary
|-damage|p1a: I luv Mary|129\/393
|move|p1a: I luv Mary|Recover|p1a: I luv Mary
|-heal|p1a: I luv Mary|326\/393
|
|-heal|p2a: Chansey|656\/704|[from] item: Leftovers
|turn|127
|
|switch|p2a: Zapdos|Zapdos|290\/384
|-ability|p2a: Zapdos|Pressure
|switch|p1a: Bravest Bird|Skarmory, M|272\/333
|-damage|p1a: Bravest Bird|231\/333|[from] Stealth Rock
|
|-heal|p2a: Zapdos|314\/384|[from] item: Leftovers
|turn|128
|
|switch|p1a: I luv Mary|Quagsire, M|326\/393
|-damage|p1a: I luv Mary|302\/393|[from] Stealth Rock
|move|p2a: Zapdos|Heat Wave|p1a: I luv Mary
|-resisted|p1a: I luv Mary
|-damage|p1a: I luv Mary|242\/393
|
|-heal|p2a: Zapdos|338\/384|[from] item: Leftovers
|turn|129
|
|move|p2a: Zapdos|Heat Wave|p1a: I luv Mary
|-resisted|p1a: I luv Mary
|-damage|p1a: I luv Mary|179\/393
|move|p1a: I luv Mary|Toxic|p2a: Zapdos
|-status|p2a: Zapdos|tox
|
|-heal|p2a: Zapdos|362\/384 tox|[from] item: Leftovers
|-damage|p2a: Zapdos|338\/384 tox|[from] psn
|turn|130
|
|move|p2a: Zapdos|Heat Wave|p1a: I luv Mary
|-resisted|p1a: I luv Mary
|-damage|p1a: I luv Mary|116\/393
|move|p1a: I luv Mary|Recover|p1a: I luv Mary
|-heal|p1a: I luv Mary|313\/393
|
|-heal|p2a: Zapdos|362\/384 tox|[from] item: Leftovers
|-damage|p2a: Zapdos|314\/384 tox|[from] psn
|turn|131
|
|move|p2a: Zapdos|Heat Wave|p1a: I luv Mary
|-resisted|p1a: I luv Mary
|-damage|p1a: I luv Mary|254\/393
|move|p1a: I luv Mary|Scald|p2a: Zapdos
|-damage|p2a: Zapdos|242\/384 tox
|
|-heal|p2a: Zapdos|266\/384 tox|[from] item: Leftovers
|-damage|p2a: Zapdos|194\/384 tox|[from] psn
|turn|132
|
|move|p2a: Zapdos|Roost|p2a: Zapdos
|-heal|p2a: Zapdos|384\/384 tox
|move|p1a: I luv Mary|Toxic|p2a: Zapdos
|-fail|p2a: Zapdos|tox
|
|-damage|p2a: Zapdos|288\/384 tox|[from] psn
|turn|133
|
|switch|p2a: Scizor|Scizor-Mega, M|268\/344
|move|p1a: I luv Mary|Scald|p2a: Scizor
|-damage|p2a: Scizor|204\/344
|
|turn|134
|
|move|p2a: Scizor|Roost|p2a: Scizor
|-heal|p2a: Scizor|344\/344
|move|p1a: I luv Mary|Scald|p2a: Scizor
|-damage|p2a: Scizor|274\/344
|
|turn|135
|
|switch|p2a: Chansey|Chansey, F|656\/704
|move|p1a: I luv Mary|Scald|p2a: Chansey
|-damage|p2a: Chansey|589\/704
|
|-heal|p2a: Chansey|633\/704|[from] item: Leftovers
|turn|136
|
|switch|p2a: Zapdos|Zapdos|288\/384 tox
|-ability|p2a: Zapdos|Pressure
|move|p1a: I luv Mary|Encore|p2a: Zapdos
|-fail|p2a: Zapdos
|
|-heal|p2a: Zapdos|312\/384 tox|[from] item: Leftovers
|-damage|p2a: Zapdos|288\/384 tox|[from] psn
|turn|137
|
|move|p2a: Zapdos|Heat Wave|p1a: I luv Mary
|-resisted|p1a: I luv Mary
|-damage|p1a: I luv Mary|195\/393
|move|p1a: I luv Mary|Encore|p2a: Zapdos
|-start|p2a: Zapdos|Encore
|
|-heal|p2a: Zapdos|312\/384 tox|[from] item: Leftovers
|-damage|p2a: Zapdos|264\/384 tox|[from] psn
|turn|138
|
|move|p2a: Zapdos|Heat Wave|p1a: I luv Mary
|-resisted|p1a: I luv Mary
|-damage|p1a: I luv Mary|128\/393
|move|p1a: I luv Mary|Recover|p1a: I luv Mary
|-heal|p1a: I luv Mary|325\/393
|
|-heal|p2a: Zapdos|288\/384 tox|[from] item: Leftovers
|-damage|p2a: Zapdos|216\/384 tox|[from] psn
|turn|139
|
|switch|p2a: Chansey|Chansey, F|633\/704
|move|p1a: I luv Mary|Scald|p2a: Chansey
|-damage|p2a: Chansey|569\/704
|-status|p2a: Chansey|brn
|
|-heal|p2a: Chansey|613\/704 brn|[from] item: Leftovers
|-damage|p2a: Chansey|525\/704 brn|[from] brn
|turn|140
|
|move|p2a: Chansey|Heal Bell|p2a: Chansey
|-cureteam|p2a: Chansey|[from] move: HealBell
|move|p1a: I luv Mary|Encore|p2a: Chansey
|-start|p2a: Chansey|Encore
|
|-heal|p2a: Chansey|569\/704|[from] item: Leftovers
|turn|141
|
|switch|p2a: Scizor|Scizor-Mega, M|274\/344
|switch|p1a: Sweet Dreams|Cresselia, F|291\/443
|-damage|p1a: Sweet Dreams|236\/443|[from] Stealth Rock
|
|turn|142
|
|switch|p2a: Zapdos|Zapdos|216\/384
|-ability|p2a: Zapdos|Pressure
|move|p1a: Sweet Dreams|Thunder Wave|p2a: Zapdos
|-fail|p2a: Zapdos
|
|-heal|p2a: Zapdos|240\/384|[from] item: Leftovers
|turn|143
|
|move|p2a: Zapdos|Heat Wave|p1a: Sweet Dreams
|-miss|p2a: Zapdos|p1a: Sweet Dreams
|move|p1a: Sweet Dreams|Thunder Wave|p2a: Zapdos
|-fail|p2a: Zapdos
|
|-heal|p2a: Zapdos|264\/384|[from] item: Leftovers
|turn|144
|
|move|p2a: Zapdos|Heat Wave|p1a: Sweet Dreams
|-damage|p1a: Sweet Dreams|162\/443
|move|p1a: Sweet Dreams|Thunder Wave|p2a: Zapdos
|-fail|p2a: Zapdos
|
|-heal|p2a: Zapdos|288\/384|[from] item: Leftovers
|turn|145
|
|move|p2a: Zapdos|Heat Wave|p1a: Sweet Dreams
|-damage|p1a: Sweet Dreams|93\/443
|move|p1a: Sweet Dreams|Skill Swap|p2a: Zapdos
|-activate|p1a: Sweet Dreams|move: Skill Swap|Pressure|Levitate|[of] p2a: Zapdos
|-ability|p1a: Sweet Dreams|Pressure
|
|-heal|p2a: Zapdos|312\/384|[from] item: Leftovers
|turn|146
|
|move|p2a: Zapdos|Heat Wave|p1a: Sweet Dreams
|-damage|p1a: Sweet Dreams|22\/443
|move|p1a: Sweet Dreams|Moonlight|p1a: Sweet Dreams
|-heal|p1a: Sweet Dreams|243\/443
|
|-heal|p2a: Zapdos|336\/384|[from] item: Leftovers
|turn|147
|
|move|p2a: Zapdos|Volt Switch|p1a: Sweet Dreams
|-damage|p1a: Sweet Dreams|161\/443
|
|switch|p2a: Slowbro|Slowbro, M|298\/394
|move|p1a: Sweet Dreams|Thunder Wave|p2a: Slowbro
|-status|p2a: Slowbro|par
|
|-heal|p2a: Slowbro|322\/394 par|[from] item: Leftovers
|turn|148
|
|move|p1a: Sweet Dreams|Moonlight|p1a: Sweet Dreams
|-heal|p1a: Sweet Dreams|382\/443
|move|p2a: Slowbro|Scald|p1a: Sweet Dreams
|-damage|p1a: Sweet Dreams|300\/443
|
|-heal|p2a: Slowbro|346\/394 par|[from] item: Leftovers
|turn|149
|
|switch|p1a: Bravest Bird|Skarmory, M|231\/333
|-damage|p1a: Bravest Bird|190\/333|[from] Stealth Rock
|cant|p2a: Slowbro|par
|
|-heal|p2a: Slowbro|370\/394 par|[from] item: Leftovers
|turn|150
|
|move|p1a: Bravest Bird|Defog|p2a: Slowbro
|-unboost|p2a: Slowbro|evasion|1
|-sideend|p1: Friytrr|Stealth Rock|[from] move: Defog|[of] p1a: Bravest Bird
|move|p2a: Slowbro|Scald|p1a: Bravest Bird
|-damage|p1a: Bravest Bird|70\/333
|
|-heal|p2a: Slowbro|394\/394 par|[from] item: Leftovers
|turn|151
|
|move|p1a: Bravest Bird|Roost|p1a: Bravest Bird
|-heal|p1a: Bravest Bird|237\/333
|move|p2a: Slowbro|Scald|p1a: Bravest Bird
|-damage|p1a: Bravest Bird|108\/333
|
|turn|152
|
|move|p1a: Bravest Bird|Roost|p1a: Bravest Bird
|-heal|p1a: Bravest Bird|275\/333
|move|p2a: Slowbro|Scald|p1a: Bravest Bird
|-damage|p1a: Bravest Bird|158\/333
|
|turn|153
|
|move|p1a: Bravest Bird|Roost|p1a: Bravest Bird
|-heal|p1a: Bravest Bird|325\/333
|cant|p2a: Slowbro|par
|
|turn|154
|
|move|p1a: Bravest Bird|Spikes|p2a: Slowbro
|-sidestart|p2: Dayanne|Spikes
|cant|p2a: Slowbro|par
|
|turn|155
|
|switch|p2a: Zapdos|Zapdos|336\/384
|-ability|p2a: Zapdos|Pressure
|move|p1a: Bravest Bird|Spikes|p2a: Zapdos
|-sidestart|p2: Dayanne|Spikes
|
|-heal|p2a: Zapdos|360\/384|[from] item: Leftovers
|turn|156
|
|switch|p1a: Sweet Dreams|Cresselia, F|300\/443
|move|p2a: Zapdos|Defog|p1a: Sweet Dreams
|-unboost|p1a: Sweet Dreams|evasion|1
|-sideend|p2: Dayanne|Spikes|[from] move: Defog|[of] p2a: Zapdos
|
|-heal|p2a: Zapdos|384\/384|[from] item: Leftovers
|turn|157
|
|move|p2a: Zapdos|Volt Switch|p1a: Sweet Dreams
|-damage|p1a: Sweet Dreams|222\/443
|
|switch|p2a: Slowbro|Slowbro, M|394\/394 par
|move|p1a: Sweet Dreams|Skill Swap|p2a: Slowbro
|-activate|p1a: Sweet Dreams|move: Skill Swap|Regenerator|Levitate|[of] p2a: Slowbro
|
|turn|158
|
|switch|p1a: I luv Mary|Quagsire, M|325\/393
|move|p2a: Slowbro|Scald|p1a: I luv Mary
|-damage|p1a: I luv Mary|187\/393
|-status|p1a: I luv Mary|brn
|
|-damage|p1a: I luv Mary|138\/393 brn|[from] brn
|turn|159
|c|âFriytrr|gg, I can't win this
|-message|Friytrr forfeited.
|
|win|Dayanne
|raw|Ladder updating...
|raw|Friytrr's rating: 1637 &rarr; <strong>1616<\/strong><br \/>(-21 for losing)
|raw|Dayanne's rating: 1626 &rarr; <strong>1646<\/strong><br \/>(+20 for winning)
|leave|Friytrr
|player|p1