|join|FlashyJoey
|join|Dayanne
|player|p1|FlashyJoey|33
|player|p2|Dayanne|37
|gametype|singles
|gen|6
|tier|OU
|rated
|clearpoke
|poke|p1|Starmie
|poke|p1|Chesnaught, F
|poke|p1|Talonflame, F
|poke|p1|Excadrill, F
|poke|p1|Tyranitar, M
|poke|p1|Gardevoir, F
|poke|p2|Chansey, F
|poke|p2|Zapdos
|poke|p2|Scizor, M
|poke|p2|Clefable, F
|poke|p2|Gliscor, M
|poke|p2|Slowbro, M
|rule|Swagger Clause: Swagger is banned
|rule|Baton Pass Clause: Limit one PokÃ©mon knowing Baton Pass
|rule|Sleep Clause Mod: Limit one foe put to sleep
|rule|Species Clause: Limit one of each PokÃ©mon
|rule|OHKO Clause: OHKO moves are banned
|rule|Moody Clause: Moody is banned
|rule|Evasion Moves Clause: Evasion moves are banned
|rule|Endless Battle Clause: Forcing endless battles is banned
|rule|HP Percentage Mod: HP is shown in percentages
|teampreview
|join|Mistaken
|
|start
|switch|p1a: Gardevoir|Gardevoir, F|277\/277
|switch|p2a: Slowbro|Slowbro, M|394\/394
|-ability|p1a: Gardevoir|Regenerator|[from] ability: Trace|[of] p2a: Slowbro
|turn|1
|
|switch|p1a: Starmie|Starmie|323\/323
|move|p2a: Slowbro|Thunder Wave|p1a: Starmie
|-status|p1a: Starmie|par
|
|turn|2
|
|switch|p1a: Tyranitar|Tyranitar, M|341\/341
|-weather|Sandstorm
|move|p2a: Slowbro|Thunder Wave|p1a: Tyranitar
|-status|p1a: Tyranitar|par
|
|-weather|Sandstorm|[upkeep]
|-damage|p2a: Slowbro|370\/394|[from] sandstorm
|-heal|p2a: Slowbro|394\/394|[from] item: Leftovers
|turn|3
|
|move|p2a: Slowbro|Scald|p1a: Tyranitar
|-crit|p1a: Tyranitar
|-supereffective|p1a: Tyranitar
|-damage|p1a: Tyranitar|135\/341 par
|move|p1a: Tyranitar|Stone Edge|p2a: Slowbro
|-damage|p2a: Slowbro|271\/394
|
|-weather|Sandstorm|[upkeep]
|-damage|p2a: Slowbro|247\/394|[from] sandstorm
|-heal|p2a: Slowbro|271\/394|[from] item: Leftovers
|turn|4
|
|switch|p1a: Starmie|Starmie|323\/323
|move|p2a: Slowbro|Scald|p1a: Starmie
|-resisted|p1a: Starmie
|-damage|p1a: Starmie|274\/323
|
|-weather|Sandstorm|[upkeep]
|-damage|p1a: Starmie|254\/323|[from] sandstorm
|-damage|p2a: Slowbro|247\/394|[from] sandstorm
|-heal|p1a: Starmie|274\/323|[from] item: Leftovers
|-heal|p2a: Slowbro|271\/394|[from] item: Leftovers
|turn|5
|
|switch|p2a: Chansey|Chansey, F|704\/704
|move|p1a: Starmie|Scald|p2a: Chansey
|-damage|p2a: Chansey|640\/704
|
|-weather|Sandstorm|[upkeep]
|-damage|p1a: Starmie|254\/323|[from] sandstorm
|-damage|p2a: Chansey|596\/704|[from] sandstorm
|-heal|p1a: Starmie|274\/323|[from] item: Leftovers
|turn|6
|
|switch|p1a: Tyranitar|Tyranitar, M|135\/341 par
|move|p2a: Chansey|Stealth Rock|p1a: Tyranitar
|-sidestart|p1: FlashyJoey|move: Stealth Rock
|
|-weather|Sandstorm|[upkeep]
|-damage|p2a: Chansey|552\/704|[from] sandstorm
|turn|7
|
|switch|p2a: Gliscor|Gliscor, M|352\/352
|move|p1a: Tyranitar|Stealth Rock|p2a: Gliscor
|-sidestart|p2: Dayanne|move: Stealth Rock
|
|-weather|Sandstorm|[upkeep]
|-status|p2a: Gliscor|tox|[from] item: Toxic Orb
|turn|8
|
|switch|p1a: Gardevoir|Gardevoir, F|277\/277
|-damage|p1a: Gardevoir|243\/277|[from] Stealth Rock
|-ability|p1a: Gardevoir|Poison Heal|[from] ability: Trace|[of] p2a: Gliscor
|move|p2a: Gliscor|Knock Off|p1a: Gardevoir
|-damage|p1a: Gardevoir|173\/277
|
|-weather|Sandstorm|[upkeep]
|-damage|p1a: Gardevoir|156\/277|[from] sandstorm
|turn|9
|
|detailschange|p1a: Gardevoir|Gardevoir-Mega, F
|-mega|p1a: Gardevoir|Gardevoir|Gardevoirite
|move|p1a: Gardevoir|Hyper Voice|p2a: Gliscor
|-damage|p2a: Gliscor|105\/352 tox
|move|p2a: Gliscor|Earthquake|p1a: Gardevoir
|-damage|p1a: Gardevoir|0 fnt
|faint|p1a: Gardevoir
|
|-weather|none
|-heal|p2a: Gliscor|149\/352 tox|[from] ability: Poison Heal
|join|AdityaKhuntia
|
|switch|p1a: Excadrill|Excadrill, F|361\/361
|-damage|p1a: Excadrill|350\/361|[from] Stealth Rock
|turn|10
|
|move|p1a: Excadrill|Earthquake|p2a: Gliscor
|-immune|p2a: Gliscor|[msg]
|move|p2a: Gliscor|Earthquake|p1a: Excadrill
|-supereffective|p1a: Excadrill
|-damage|p1a: Excadrill|0 fnt
|faint|p1a: Excadrill
|
|-heal|p2a: Gliscor|193\/352 tox|[from] ability: Poison Heal
|-message|FlashyJoey forfeited.
|
|win|Dayanne
|raw|Ladder updating...
|leave|FlashyJoey
|player|p1
|raw|FlashyJoey's rating: 1668 &rarr; <strong>1652<\/strong><br \/>(-16 for losing)
|raw|Dayanne's rating: 1736 &rarr; <strong>1752<\/strong><br \/>(+16 for winning)
|c|âDayanne|nice predict
|c| Mistaken|lol