|join|Dayanne
|join|empolion
|player|p1|Dayanne|37
|player|p2|empolion|169
|gametype|singles
|gen|6
|tier|OU
|rated
|clearpoke
|poke|p1|Chansey, F
|poke|p1|Zapdos
|poke|p1|Scizor, F
|poke|p1|Clefable, F
|poke|p1|Gliscor, M
|poke|p1|Slowbro, M
|poke|p2|Metagross, shiny
|poke|p2|Umbreon, F
|poke|p2|Landorus-Therian, M
|poke|p2|Azumarill, F, shiny
|poke|p2|Greninja, F, shiny
|poke|p2|Heatran, F, shiny
|rule|Swagger Clause: Swagger is banned
|rule|Baton Pass Clause: Limit one PokÃ©mon knowing Baton Pass
|rule|Sleep Clause Mod: Limit one foe put to sleep
|rule|Species Clause: Limit one of each PokÃ©mon
|rule|OHKO Clause: OHKO moves are banned
|rule|Moody Clause: Moody is banned
|rule|Evasion Moves Clause: Evasion moves are banned
|rule|Endless Battle Clause: Forcing endless battles is banned
|rule|HP Percentage Mod: HP is shown in percentages
|teampreview
|
|start
|switch|p1a: Slowbro|Slowbro, M|394\/394
|switch|p2a: Greninja|Greninja, F, shiny|285\/285
|turn|1
|
|switch|p1a: Chansey|Chansey, F|704\/704
|move|p2a: Greninja|U-turn|p1a: Chansey
|-start|p2a: Greninja|typechange|Bug|[from] Protean
|-damage|p1a: Chansey|564\/704
|-damage|p2a: Greninja|257\/285|[from] item: Life Orb
|
|switch|p2a: Metagross|Metagross, shiny|302\/302
|
|turn|2
|
|switch|p1a: Slowbro|Slowbro, M|394\/394
|detailschange|p2a: Metagross|Metagross-Mega, shiny
|-mega|p2a: Metagross|Metagross|Metagrossite
|move|p2a: Metagross|Earthquake|p1a: Slowbro
|-crit|p1a: Slowbro
|-damage|p1a: Slowbro|240\/394
|
|-heal|p1a: Slowbro|264\/394|[from] item: Leftovers
|turn|3
|
|switch|p2a: Azumarill|Azumarill, F, shiny|404\/404
|move|p1a: Slowbro|Thunder Wave|p2a: Azumarill
|-status|p2a: Azumarill|par
|
|-heal|p1a: Slowbro|288\/394|[from] item: Leftovers
|turn|4
|
|switch|p1a: Scizor|Scizor, F|344\/344
|move|p2a: Azumarill|Belly Drum|p2a: Azumarill
|-damage|p2a: Azumarill|202\/404 par
|-setboost|p2a: Azumarill|atk|6|[from] move: Belly Drum
|-enditem|p2a: Azumarill|Sitrus Berry|[eat]
|-heal|p2a: Azumarill|303\/404 par|[from] item: Sitrus Berry
|
|turn|5
|
|switch|p1a: Clefable|Clefable, F|394\/394
|move|p2a: Azumarill|Superpower|p1a: Clefable
|-resisted|p1a: Clefable
|-damage|p1a: Clefable|324\/394
|-unboost|p2a: Azumarill|atk|1
|-unboost|p2a: Azumarill|def|1
|
|-heal|p1a: Clefable|348\/394|[from] item: Leftovers
|turn|6
|
|move|p1a: Clefable|Moonblast|p2a: Azumarill
|-damage|p2a: Azumarill|183\/404 par
|move|p2a: Azumarill|Play Rough|p1a: Clefable
|-damage|p1a: Clefable|182\/394
|
|-heal|p1a: Clefable|206\/394|[from] item: Leftovers
|turn|7
|
|move|p1a: Clefable|Protect|p1a: Clefable
|-singleturn|p1a: Clefable|Protect
|move|p2a: Azumarill|Play Rough|p1a: Clefable
|-activate|p1a: Clefable|Protect
|
|-heal|p1a: Clefable|230\/394|[from] item: Leftovers
|turn|8
|
|move|p1a: Clefable|Wish|p1a: Clefable
|move|p2a: Azumarill|Play Rough|p1a: Clefable
|-damage|p1a: Clefable|47\/394
|-unboost|p1a: Clefable|atk|1
|
|-heal|p1a: Clefable|71\/394|[from] item: Leftovers
|turn|9
|
|move|p1a: Clefable|Protect|p1a: Clefable
|-singleturn|p1a: Clefable|Protect
|cant|p2a: Azumarill|par
|
|-heal|p1a: Clefable|268\/394|[from] move: Wish|[wisher] Clefable
|-heal|p1a: Clefable|292\/394|[from] item: Leftovers
|turn|10
|
|move|p1a: Clefable|Wish|p1a: Clefable
|move|p2a: Azumarill|Play Rough|p1a: Clefable
|-damage|p1a: Clefable|133\/394
|
|-heal|p1a: Clefable|157\/394|[from] item: Leftovers
|turn|11
|
|switch|p2a: Greninja|Greninja, F, shiny|257\/285
|move|p1a: Clefable|Protect|p1a: Clefable
|-fail|p1a: Clefable
|
|-heal|p1a: Clefable|354\/394|[from] move: Wish|[wisher] Clefable
|-heal|p1a: Clefable|378\/394|[from] item: Leftovers
|turn|12
|
|move|p1a: Clefable|Protect|p1a: Clefable
|-singleturn|p1a: Clefable|Protect
|move|p2a: Greninja|Gunk Shot|p1a: Clefable
|-start|p2a: Greninja|typechange|Poison|[from] Protean
|-activate|p1a: Clefable|Protect
|
|-heal|p1a: Clefable|394\/394|[from] item: Leftovers
|turn|13
|
|switch|p1a: Scizor|Scizor, F|344\/344
|move|p2a: Greninja|U-turn|p1a: Scizor
|-start|p2a: Greninja|typechange|Bug|[from] Protean
|-resisted|p1a: Scizor
|-damage|p1a: Scizor|308\/344
|-damage|p2a: Greninja|229\/285|[from] item: Life Orb
|
|switch|p2a: Heatran|Heatran, F, shiny|386\/386
|-item|p2a: Heatran|Air Balloon
|
|turn|14
|
|switch|p1a: Gliscor|Gliscor, M|352\/352
|move|p2a: Heatran|Hidden Power|p1a: Gliscor
|-supereffective|p1a: Gliscor
|-damage|p1a: Gliscor|124\/352
|
|-status|p1a: Gliscor|tox|[from] item: Toxic Orb
|turn|15
|
|switch|p1a: Chansey|Chansey, F|564\/704
|move|p2a: Heatran|Hidden Power|p1a: Chansey
|-damage|p1a: Chansey|524\/704
|
|turn|16
|
|move|p2a: Heatran|Taunt|p1a: Chansey
|-start|p1a: Chansey|move: Taunt
|cant|p1a: Chansey|move: Taunt|Stealth Rock
|
|turn|17
|
|switch|p2a: Metagross|Metagross-Mega, shiny|302\/302
|move|p1a: Chansey|Seismic Toss|p2a: Metagross
|-damage|p2a: Metagross|202\/302
|
|turn|18
|
|switch|p1a: Slowbro|Slowbro, M|394\/394
|move|p2a: Metagross|Earthquake|p1a: Slowbro
|-damage|p1a: Slowbro|299\/394
|
|-heal|p1a: Slowbro|323\/394|[from] item: Leftovers
|turn|19
|
|switch|p2a: Azumarill|Azumarill, F, shiny|183\/404 par
|move|p1a: Slowbro|Scald|p2a: Azumarill
|-resisted|p2a: Azumarill
|-damage|p2a: Azumarill|123\/404 par
|
|-heal|p1a: Slowbro|347\/394|[from] item: Leftovers
|turn|20
|
|switch|p1a: Scizor|Scizor, F|308\/344
|cant|p2a: Azumarill|par
|
|turn|21
|
|detailschange|p1a: Scizor|Scizor-Mega, F
|-mega|p1a: Scizor|Scizor|Scizorite
|move|p2a: Azumarill|Aqua Jet|p1a: Scizor
|-damage|p1a: Scizor|259\/344
|move|p1a: Scizor|Swords Dance|p1a: Scizor
|-boost|p1a: Scizor|atk|2
|
|turn|22
|
|switch|p2a: Landorus-Therian|Landorus-Therian, M|382\/382
|-ability|p2a: Landorus-Therian|Intimidate|[of] p1a: Scizor
|-unboost|p1a: Scizor|atk|1
|move|p1a: Scizor|Roost|p1a: Scizor
|-heal|p1a: Scizor|344\/344
|
|turn|23
|
|move|p2a: Landorus-Therian|Stealth Rock|p1a: Scizor
|-sidestart|p1: Dayanne|move: Stealth Rock
|move|p1a: Scizor|Swords Dance|p1a: Scizor
|-boost|p1a: Scizor|atk|2
|
|turn|24
|
|move|p2a: Landorus-Therian|Earthquake|p1a: Scizor
|-damage|p1a: Scizor|232\/344
|move|p1a: Scizor|Superpower|p2a: Landorus-Therian
|-resisted|p2a: Landorus-Therian
|-damage|p2a: Landorus-Therian|203\/382
|-unboost|p1a: Scizor|atk|1
|-unboost|p1a: Scizor|def|1
|
|-heal|p2a: Landorus-Therian|226\/382|[from] item: Leftovers
|turn|25
|
|move|p2a: Landorus-Therian|Earthquake|p1a: Scizor
|-damage|p1a: Scizor|39\/344
|move|p1a: Scizor|Roost|p1a: Scizor
|-heal|p1a: Scizor|211\/344
|
|-heal|p2a: Landorus-Therian|249\/382|[from] item: Leftovers
|turn|26
|
|switch|p1a: Gliscor|Gliscor, M|124\/352 tox
|-damage|p1a: Gliscor|80\/352 tox|[from] Stealth Rock
|move|p2a: Landorus-Therian|Earthquake|p1a: Gliscor
|-immune|p1a: Gliscor|[msg]
|
|-heal|p2a: Landorus-Therian|272\/382|[from] item: Leftovers
|-heal|p1a: Gliscor|124\/352 tox|[from] ability: Poison Heal
|turn|27
|
|move|p1a: Gliscor|Roost|p1a: Gliscor
|-heal|p1a: Gliscor|300\/352 tox
|move|p2a: Landorus-Therian|Knock Off|p1a: Gliscor
|-damage|p1a: Gliscor|186\/352 tox
|-enditem|p1a: Gliscor|Toxic Orb|[from] move: Knock Off|[of] p2a: Landorus-Therian
|
|-heal|p2a: Landorus-Therian|295\/382|[from] item: Leftovers
|-heal|p1a: Gliscor|230\/352 tox|[from] ability: Poison Heal
|turn|28
|
|move|p1a: Gliscor|Knock Off|p2a: Landorus-Therian
|-damage|p2a: Landorus-Therian|213\/382
|-enditem|p2a: Landorus-Therian|Leftovers|[from] move: Knock Off|[of] p1a: Gliscor
|move|p2a: Landorus-Therian|U-turn|p1a: Gliscor
|-resisted|p1a: Gliscor
|-damage|p1a: Gliscor|187\/352 tox
|
|switch|p2a: Greninja|Greninja, F, shiny|229\/285
|
|-heal|p1a: Gliscor|231\/352 tox|[from] ability: Poison Heal
|turn|29
|
|switch|p1a: Scizor|Scizor-Mega, F|211\/344
|-damage|p1a: Scizor|168\/344|[from] Stealth Rock
|move|p2a: Greninja|U-turn|p1a: Scizor
|-start|p2a: Greninja|typechange|Bug|[from] Protean
|-resisted|p1a: Scizor
|-damage|p1a: Scizor|137\/344
|-damage|p2a: Greninja|201\/285|[from] item: Life Orb
|
|switch|p2a: Heatran|Heatran, F, shiny|386\/386
|-item|p2a: Heatran|Air Balloon
|
|turn|30
|
|switch|p1a: Chansey|Chansey, F|524\/704
|-damage|p1a: Chansey|436\/704|[from] Stealth Rock
|move|p2a: Heatran|Lava Plume|p1a: Chansey
|-damage|p1a: Chansey|354\/704
|
|turn|31
|
|move|p2a: Heatran|Taunt|p1a: Chansey
|-start|p1a: Chansey|move: Taunt
|move|p1a: Chansey|Seismic Toss|p2a: Heatran
|-damage|p2a: Heatran|286\/386
|-enditem|p2a: Heatran|Air Balloon
|
|turn|32
|
|switch|p2a: Metagross|Metagross-Mega, shiny|202\/302
|move|p1a: Chansey|Seismic Toss|p2a: Metagross
|-damage|p2a: Metagross|102\/302
|
|turn|33
|
|switch|p2a: Umbreon|Umbreon, F|394\/394
|switch|p1a: Slowbro|Slowbro, M|394\/394
|-damage|p1a: Slowbro|345\/394|[from] Stealth Rock
|
|-heal|p1a: Slowbro|369\/394|[from] item: Leftovers
|turn|34
|
|switch|p1a: Zapdos|Zapdos|384\/384
|-damage|p1a: Zapdos|288\/384|[from] Stealth Rock
|-ability|p1a: Zapdos|Pressure
|move|p2a: Umbreon|Foul Play|p1a: Zapdos
|-damage|p1a: Zapdos|227\/384
|
|-heal|p1a: Zapdos|251\/384|[from] item: Leftovers
|turn|35
|
|move|p1a: Zapdos|Defog|p2a: Umbreon
|-unboost|p2a: Umbreon|evasion|1
|-sideend|p1: Dayanne|Stealth Rock|[from] move: Defog|[of] p1a: Zapdos
|move|p2a: Umbreon|Toxic|p1a: Zapdos
|-status|p1a: Zapdos|tox
|
|-heal|p1a: Zapdos|275\/384 tox|[from] item: Leftovers
|-damage|p1a: Zapdos|251\/384 tox|[from] psn
|turn|36
|
|move|p1a: Zapdos|Volt Switch|p2a: Umbreon
|-damage|p2a: Umbreon|333\/394
|
|switch|p1a: Chansey|Chansey, F|354\/704
|move|p2a: Umbreon|Wish|p2a: Umbreon
|
|-heal|p2a: Umbreon|357\/394|[from] item: Leftovers
|turn|37
|
|switch|p2a: Metagross|Metagross-Mega, shiny|102\/302
|move|p1a: Chansey|Soft-Boiled|p1a: Chansey
|-heal|p1a: Chansey|704\/704
|
|-heal|p2a: Metagross|299\/302|[from] move: Wish|[wisher] Umbreon
|turn|38
|
|move|p2a: Metagross|Meteor Mash|p1a: Chansey
|-damage|p1a: Chansey|344\/704
|-boost|p2a: Metagross|atk|1
|move|p1a: Chansey|Stealth Rock|p2a: Metagross
|-sidestart|p2: empolion|move: Stealth Rock
|
|turn|39
|
|switch|p1a: Slowbro|Slowbro, M|394\/394
|move|p2a: Metagross|Earthquake|p1a: Slowbro
|-crit|p1a: Slowbro
|-damage|p1a: Slowbro|195\/394
|
|-heal|p1a: Slowbro|219\/394|[from] item: Leftovers
|turn|40
|
|move|p2a: Metagross|Earthquake|p1a: Slowbro
|-damage|p1a: Slowbro|74\/394
|move|p1a: Slowbro|Thunder Wave|p2a: Metagross
|-status|p2a: Metagross|par
|
|-heal|p1a: Slowbro|98\/394|[from] item: Leftovers
|turn|41
|
|move|p1a: Slowbro|Slack Off|p1a: Slowbro
|-heal|p1a: Slowbro|295\/394
|move|p2a: Metagross|Earthquake|p1a: Slowbro
|-damage|p1a: Slowbro|159\/394
|
|-heal|p1a: Slowbro|183\/394|[from] item: Leftovers
|turn|42
|
|move|p1a: Slowbro|Slack Off|p1a: Slowbro
|-heal|p1a: Slowbro|380\/394
|move|p2a: Metagross|Earthquake|p1a: Slowbro
|-damage|p1a: Slowbro|229\/394
|
|-heal|p1a: Slowbro|253\/394|[from] item: Leftovers
|turn|43
|
|move|p1a: Slowbro|Scald|p2a: Metagross
|-damage|p2a: Metagross|209\/302 par
|move|p2a: Metagross|Meteor Mash|p1a: Slowbro
|-resisted|p1a: Slowbro
|-damage|p1a: Slowbro|121\/394
|
|-heal|p1a: Slowbro|145\/394|[from] item: Leftovers
|turn|44
|
|move|p1a: Slowbro|Slack Off|p1a: Slowbro
|-heal|p1a: Slowbro|342\/394
|move|p2a: Metagross|Meteor Mash|p1a: Slowbro
|-resisted|p1a: Slowbro
|-damage|p1a: Slowbro|223\/394
|-boost|p2a: Metagross|atk|1
|
|-heal|p1a: Slowbro|247\/394|[from] item: Leftovers
|turn|45
|
|switch|p1a: Zapdos|Zapdos|251\/384 tox
|-ability|p1a: Zapdos|Pressure
|cant|p2a: Metagross|par
|
|-heal|p1a: Zapdos|275\/384 tox|[from] item: Leftovers
|-damage|p1a: Zapdos|251\/384 tox|[from] psn
|turn|46
|
|move|p1a: Zapdos|Heat Wave|p2a: Metagross
|-supereffective|p2a: Metagross
|-damage|p2a: Metagross|45\/302 par
|cant|p2a: Metagross|par
|
|-heal|p1a: Zapdos|275\/384 tox|[from] item: Leftovers
|-damage|p1a: Zapdos|227\/384 tox|[from] psn
|turn|47
|
|move|p2a: Metagross|Bullet Punch|p1a: Zapdos
|-resisted|p1a: Zapdos
|-damage|p1a: Zapdos|133\/384 tox
|move|p1a: Zapdos|Volt Switch|p2a: Metagross
|-damage|p2a: Metagross|0 fnt
|faint|p2a: Metagross
|
|switch|p1a: Gliscor|Gliscor, M|231\/352 tox
|
|-heal|p1a: Gliscor|275\/352 tox|[from] ability: Poison Heal
|
|switch|p2a: Landorus-Therian|Landorus-Therian, M|213\/382
|-damage|p2a: Landorus-Therian|166\/382|[from] Stealth Rock
|-ability|p2a: Landorus-Therian|Intimidate|[of] p1a: Gliscor
|-unboost|p1a: Gliscor|atk|1
|turn|48
|
|move|p1a: Gliscor|Taunt|p2a: Landorus-Therian
|-start|p2a: Landorus-Therian|move: Taunt
|cant|p2a: Landorus-Therian|move: Taunt|Stealth Rock
|
|-heal|p1a: Gliscor|319\/352 tox|[from] ability: Poison Heal
|turn|49
|
|switch|p2a: Azumarill|Azumarill, F, shiny|123\/404 par
|-damage|p2a: Azumarill|73\/404 par|[from] Stealth Rock
|move|p1a: Gliscor|Knock Off|p2a: Azumarill
|-resisted|p2a: Azumarill
|-damage|p2a: Azumarill|53\/404 par
|
|-heal|p1a: Gliscor|352\/352 tox|[from] ability: Poison Heal
|turn|50
|
|cant|p2a: Azumarill|par
|move|p1a: Gliscor|Earthquake|p2a: Azumarill
|-damage|p2a: Azumarill|0 fnt
|faint|p2a: Azumarill
|
|
|switch|p2a: Greninja|Greninja, F, shiny|201\/285
|-damage|p2a: Greninja|166\/285|[from] Stealth Rock
|turn|51
|
|switch|p1a: Slowbro|Slowbro, M|378\/394
|move|p2a: Greninja|Hydro Pump|p1a: Slowbro|[miss]
|-start|p2a: Greninja|typechange|Water|[from] Protean
|-miss|p2a: Greninja|p1a: Slowbro
|
|-heal|p1a: Slowbro|394\/394|[from] item: Leftovers
|turn|52
|
|move|p2a: Greninja|U-turn|p1a: Slowbro
|-start|p2a: Greninja|typechange|Bug|[from] Protean
|-supereffective|p1a: Slowbro
|-damage|p1a: Slowbro|243\/394
|-damage|p2a: Greninja|138\/285|[from] item: Life Orb
|
|switch|p2a: Umbreon|Umbreon, F|357\/394
|-damage|p2a: Umbreon|308\/394|[from] Stealth Rock
|move|p1a: Slowbro|Psyshock|p2a: Umbreon
|-immune|p2a: Umbreon|[msg]
|
|-heal|p2a: Umbreon|332\/394|[from] item: Leftovers
|-heal|p1a: Slowbro|267\/394|[from] item: Leftovers
|turn|53
|
|switch|p2a: Greninja|Greninja, F, shiny|138\/285
|-damage|p2a: Greninja|103\/285|[from] Stealth Rock
|switch|p1a: Gliscor|Gliscor, M|352\/352 tox
|
|turn|54
|
|switch|p1a: Slowbro|Slowbro, M|394\/394
|move|p2a: Greninja|Hydro Pump|p1a: Slowbro|[miss]
|-start|p2a: Greninja|typechange|Water|[from] Protean
|-miss|p2a: Greninja|p1a: Slowbro
|
|turn|55
|-message|empolion forfeited.
|
|win|Dayanne
|raw|Ladder updating...
|leave|empolion
|player|p2
|raw|Dayanne's rating: 1641 &rarr; <strong>1653<\/strong><br \/>(+12 for winning)
|raw|empolion's rating: 1489 &rarr; <strong>1477<\/strong><br \/>(-12 for losing)