|join|Dayanne
|join|Here to GG
|player|p1|Dayanne|37
|player|p2|Here to GG|266
|gametype|singles
|gen|6
|tier|OU
|rated
|clearpoke
|poke|p1|Chansey, F
|poke|p1|Zapdos
|poke|p1|Scizor, M
|poke|p1|Clefable, F
|poke|p1|Gliscor, M
|poke|p1|Slowbro, M
|poke|p2|Metagross
|poke|p2|Landorus, M
|poke|p2|Bisharp, F
|poke|p2|Talonflame, M
|poke|p2|Latios, M
|poke|p2|Crawdaunt, F
|rule|Swagger Clause: Swagger is banned
|rule|Baton Pass Clause: Limit one PokÃ©mon knowing Baton Pass
|rule|Sleep Clause Mod: Limit one foe put to sleep
|rule|Species Clause: Limit one of each PokÃ©mon
|rule|OHKO Clause: OHKO moves are banned
|rule|Moody Clause: Moody is banned
|rule|Evasion Moves Clause: Evasion moves are banned
|rule|Endless Battle Clause: Forcing endless battles is banned
|rule|HP Percentage Mod: HP is shown in percentages
|teampreview
|
|start
|switch|p1a: Slowbro|Slowbro, M|394\/394
|switch|p2a: Metagross|Metagross|301\/301
|turn|1
|
|switch|p2a: Crawdaunt|Crawdaunt, F|267\/267
|move|p1a: Slowbro|Thunder Wave|p2a: Crawdaunt
|-status|p2a: Crawdaunt|par
|
|turn|2
|c|âHere to GG|yeeh
|c|âHere to GG|no burns today
|
|switch|p1a: Scizor|Scizor, M|344\/344
|move|p2a: Crawdaunt|Crabhammer|p1a: Scizor
|-damage|p1a: Scizor|86\/344
|
|turn|3
|
|switch|p2a: Talonflame|Talonflame, M|297\/297
|detailschange|p1a: Scizor|Scizor-Mega, M
|-mega|p1a: Scizor|Scizor|Scizorite
|move|p1a: Scizor|Superpower|p2a: Talonflame
|-resisted|p2a: Talonflame
|-damage|p2a: Talonflame|210\/297
|-unboost|p1a: Scizor|atk|1
|-unboost|p1a: Scizor|def|1
|
|turn|4
|
|switch|p1a: Slowbro|Slowbro, M|394\/394
|move|p2a: Talonflame|U-turn|p1a: Slowbro
|-supereffective|p1a: Slowbro
|-damage|p1a: Slowbro|266\/394
|
|switch|p2a: Crawdaunt|Crawdaunt, F|267\/267 par
|
|-heal|p1a: Slowbro|290\/394|[from] item: Leftovers
|turn|5
|
|switch|p1a: Clefable|Clefable, F|394\/394
|move|p2a: Crawdaunt|Knock Off|p1a: Clefable
|-resisted|p1a: Clefable
|-damage|p1a: Clefable|227\/394
|-enditem|p1a: Clefable|Leftovers|[from] move: Knock Off|[of] p2a: Crawdaunt
|
|turn|6
|
|switch|p2a: Metagross|Metagross|301\/301
|move|p1a: Clefable|Wish|p1a: Clefable
|
|turn|7
|
|detailschange|p2a: Metagross|Metagross-Mega
|-mega|p2a: Metagross|Metagross|Metagrossite
|move|p1a: Clefable|Protect|p1a: Clefable
|-singleturn|p1a: Clefable|Protect
|move|p2a: Metagross|Hammer Arm|p1a: Clefable
|-activate|p1a: Clefable|Protect
|
|-heal|p1a: Clefable|394\/394|[from] move: Wish|[wisher] Clefable
|turn|8
|
|switch|p2a: Crawdaunt|Crawdaunt, F|267\/267 par
|switch|p1a: Slowbro|Slowbro, M|394\/394
|
|turn|9
|
|switch|p1a: Clefable|Clefable, F|394\/394
|move|p2a: Crawdaunt|Crabhammer|p1a: Clefable
|-damage|p1a: Clefable|78\/394
|
|turn|10
|
|switch|p2a: Landorus|Landorus, M|319\/319
|move|p1a: Clefable|Wish|p1a: Clefable
|
|turn|11
|
|move|p1a: Clefable|Protect|p1a: Clefable
|-singleturn|p1a: Clefable|Protect
|move|p2a: Landorus|Sludge Wave|p1a: Clefable
|-activate|p1a: Clefable|Protect
|
|-heal|p1a: Clefable|275\/394|[from] move: Wish|[wisher] Clefable
|turn|12
|
|switch|p1a: Gliscor|Gliscor, M|352\/352
|move|p2a: Landorus|Knock Off|p1a: Gliscor
|-crit|p1a: Gliscor
|-damage|p1a: Gliscor|201\/352
|-enditem|p1a: Gliscor|Toxic Orb|[from] move: Knock Off|[of] p2a: Landorus
|-damage|p2a: Landorus|288\/319|[from] item: Life Orb
|
|turn|13
|
|move|p2a: Landorus|Focus Blast|p1a: Gliscor
|-resisted|p1a: Gliscor
|-damage|p1a: Gliscor|98\/352
|move|p1a: Gliscor|Roost|p1a: Gliscor
|-heal|p1a: Gliscor|274\/352
|
|turn|14
|
|switch|p2a: Metagross|Metagross-Mega|301\/301
|move|p1a: Gliscor|Knock Off|p2a: Metagross
|-supereffective|p2a: Metagross
|-damage|p2a: Metagross|229\/301
|
|turn|15
|
|switch|p2a: Crawdaunt|Crawdaunt, F|267\/267 par
|switch|p1a: Slowbro|Slowbro, M|394\/394
|
|turn|16
|
|switch|p1a: Scizor|Scizor-Mega, M|86\/344
|move|p2a: Crawdaunt|Knock Off|p1a: Scizor
|-damage|p1a: Scizor|0 fnt
|faint|p1a: Scizor
|
|
|switch|p1a: Zapdos|Zapdos|384\/384
|-ability|p1a: Zapdos|Pressure
|turn|17
|
|switch|p2a: Latios|Latios, M|301\/301
|move|p1a: Zapdos|Heat Wave|p2a: Latios
|-resisted|p2a: Latios
|-damage|p2a: Latios|261\/301
|-status|p2a: Latios|brn
|
|-damage|p2a: Latios|224\/301 brn|[from] brn
|turn|18
|
|switch|p2a: Landorus|Landorus, M|288\/319
|switch|p1a: Chansey|Chansey, F|704\/704
|
|turn|19
|
|switch|p2a: Crawdaunt|Crawdaunt, F|267\/267 par
|move|p1a: Chansey|Stealth Rock|p2a: Crawdaunt
|-sidestart|p2: Here to GG|move: Stealth Rock
|
|turn|20
|
|move|p1a: Chansey|Seismic Toss|p2a: Crawdaunt
|-damage|p2a: Crawdaunt|167\/267 par
|move|p2a: Crawdaunt|Knock Off|p1a: Chansey
|-damage|p1a: Chansey|248\/704
|-enditem|p1a: Chansey|Eviolite|[from] move: Knock Off|[of] p2a: Crawdaunt
|
|turn|21
|
|move|p1a: Chansey|Soft-Boiled|p1a: Chansey
|-heal|p1a: Chansey|600\/704
|move|p2a: Crawdaunt|Knock Off|p1a: Chansey
|-damage|p1a: Chansey|158\/704
|
|turn|22
|
|move|p1a: Chansey|Seismic Toss|p2a: Crawdaunt
|-damage|p2a: Crawdaunt|67\/267 par
|move|p2a: Crawdaunt|Knock Off|p1a: Chansey
|-damage|p1a: Chansey|0 fnt
|faint|p1a: Chansey
|
|
|switch|p1a: Zapdos|Zapdos|384\/384
|-ability|p1a: Zapdos|Pressure
|turn|23
|
|switch|p2a: Latios|Latios, M|224\/301 brn
|-damage|p2a: Latios|187\/301 brn|[from] Stealth Rock
|move|p1a: Zapdos|Volt Switch|p2a: Latios
|-resisted|p2a: Latios
|-damage|p2a: Latios|138\/301 brn
|
|switch|p1a: Clefable|Clefable, F|275\/394
|
|-damage|p2a: Latios|101\/301 brn|[from] brn
|turn|24
|
|switch|p2a: Metagross|Metagross-Mega|229\/301
|-damage|p2a: Metagross|211\/301|[from] Stealth Rock
|move|p1a: Clefable|Wish|p1a: Clefable
|
|turn|25
|
|move|p1a: Clefable|Protect|p1a: Clefable
|-singleturn|p1a: Clefable|Protect
|move|p2a: Metagross|Meteor Mash|p1a: Clefable
|-activate|p1a: Clefable|Protect
|
|-heal|p1a: Clefable|394\/394|[from] move: Wish|[wisher] Clefable
|turn|26
|
|switch|p1a: Slowbro|Slowbro, M|394\/394
|move|p2a: Metagross|Meteor Mash|p1a: Slowbro
|-resisted|p1a: Slowbro
|-damage|p1a: Slowbro|317\/394
|-boost|p2a: Metagross|atk|1
|
|-heal|p1a: Slowbro|341\/394|[from] item: Leftovers
|turn|27
|
|switch|p2a: Crawdaunt|Crawdaunt, F|67\/267 par
|-damage|p2a: Crawdaunt|34\/267 par|[from] Stealth Rock
|move|p1a: Slowbro|Thunder Wave|p2a: Crawdaunt
|-fail|p2a: Crawdaunt|par
|
|-heal|p1a: Slowbro|365\/394|[from] item: Leftovers
|turn|28
|
|move|p2a: Crawdaunt|Aqua Jet|p1a: Slowbro
|-resisted|p1a: Slowbro
|-damage|p1a: Slowbro|313\/394
|move|p1a: Slowbro|Scald|p2a: Crawdaunt
|-resisted|p2a: Crawdaunt
|-damage|p2a: Crawdaunt|0 fnt
|faint|p2a: Crawdaunt
|
|-heal|p1a: Slowbro|337\/394|[from] item: Leftovers
|c|âHere to GG|misclick lol
|
|switch|p2a: Latios|Latios, M|101\/301 brn
|-damage|p2a: Latios|64\/301 brn|[from] Stealth Rock
|turn|29
|
|switch|p1a: Clefable|Clefable, F|394\/394
|move|p2a: Latios|Roost|p2a: Latios
|-heal|p2a: Latios|215\/301 brn
|
|-damage|p2a: Latios|178\/301 brn|[from] brn
|turn|30
|
|switch|p2a: Metagross|Metagross-Mega|211\/301
|-damage|p2a: Metagross|193\/301|[from] Stealth Rock
|move|p1a: Clefable|Moonblast|p2a: Metagross
|-resisted|p2a: Metagross
|-damage|p2a: Metagross|147\/301
|
|turn|31
|
|switch|p1a: Slowbro|Slowbro, M|394\/394
|move|p2a: Metagross|Meteor Mash|p1a: Slowbro
|-resisted|p1a: Slowbro
|-damage|p1a: Slowbro|315\/394
|
|-heal|p1a: Slowbro|339\/394|[from] item: Leftovers
|turn|32
|
|switch|p2a: Bisharp|Bisharp, F|271\/271
|-damage|p2a: Bisharp|255\/271|[from] Stealth Rock
|move|p1a: Slowbro|Scald|p2a: Bisharp
|-damage|p2a: Bisharp|135\/271
|
|-heal|p1a: Slowbro|363\/394|[from] item: Leftovers
|turn|33
|
|move|p2a: Bisharp|Pursuit|p1a: Slowbro|[from]Pursuit
|-supereffective|p1a: Slowbro
|-damage|p1a: Slowbro|169\/394
|switch|p1a: Gliscor|Gliscor, M|274\/352
|
|turn|34
|
|move|p2a: Bisharp|Stealth Rock|p1a: Gliscor
|-sidestart|p1: Dayanne|move: Stealth Rock
|move|p1a: Gliscor|Knock Off|p2a: Bisharp
|-resisted|p2a: Bisharp
|-damage|p2a: Bisharp|97\/271
|-enditem|p2a: Bisharp|Focus Sash|[from] move: Knock Off|[of] p1a: Gliscor
|
|turn|35
|
|move|p2a: Bisharp|Sucker Punch|p1a: Gliscor
|-damage|p1a: Gliscor|150\/352
|move|p1a: Gliscor|Knock Off|p2a: Bisharp
|-resisted|p2a: Bisharp
|-damage|p2a: Bisharp|72\/271
|
|turn|36
|
|switch|p2a: Metagross|Metagross-Mega|147\/301
|-damage|p2a: Metagross|129\/301|[from] Stealth Rock
|move|p1a: Gliscor|Roost|p1a: Gliscor
|-heal|p1a: Gliscor|326\/352
|
|turn|37
|
|switch|p2a: Latios|Latios, M|178\/301 brn
|-damage|p2a: Latios|141\/301 brn|[from] Stealth Rock
|switch|p1a: Slowbro|Slowbro, M|300\/394
|-damage|p1a: Slowbro|251\/394|[from] Stealth Rock
|
|-heal|p1a: Slowbro|275\/394|[from] item: Leftovers
|-damage|p2a: Latios|104\/301 brn|[from] brn
|turn|38
|
|switch|p1a: Clefable|Clefable, F|394\/394
|-damage|p1a: Clefable|345\/394|[from] Stealth Rock
|move|p2a: Latios|Psyshock|p1a: Clefable
|-damage|p1a: Clefable|196\/394
|-damage|p2a: Latios|74\/301 brn|[from] item: Life Orb
|
|-damage|p2a: Latios|37\/301 brn|[from] brn
|turn|39
|
|move|p2a: Latios|Defog|p1a: Clefable
|-unboost|p1a: Clefable|evasion|1
|-sideend|p1: Dayanne|Stealth Rock|[from] move: Defog|[of] p1a: Clefable
|-sideend|p2: Here to GG|Stealth Rock|[from] move: Defog|[of] p2a: Latios
|move|p1a: Clefable|Wish|p1a: Clefable
|
|-damage|p2a: Latios|0 fnt|[from] brn
|faint|p2a: Latios
|
|switch|p2a: Bisharp|Bisharp, F|72\/271
|turn|40
|
|move|p2a: Bisharp|Stealth Rock|p1a: Clefable
|-sidestart|p1: Dayanne|move: Stealth Rock
|move|p1a: Clefable|Moonblast|p2a: Bisharp
|-damage|p2a: Bisharp|0 fnt
|faint|p2a: Bisharp
|
|-heal|p1a: Clefable|393\/394|[from] move: Wish|[wisher] Clefable
|
|switch|p2a: Metagross|Metagross-Mega|129\/301
|turn|41
|
|switch|p2a: Landorus|Landorus, M|288\/319
|switch|p1a: Slowbro|Slowbro, M|394\/394
|-damage|p1a: Slowbro|345\/394|[from] Stealth Rock
|
|-heal|p1a: Slowbro|369\/394|[from] item: Leftovers
|turn|42
|
|switch|p2a: Metagross|Metagross-Mega|129\/301
|switch|p1a: Gliscor|Gliscor, M|326\/352
|-damage|p1a: Gliscor|282\/352|[from] Stealth Rock
|
|turn|43
|
|switch|p2a: Landorus|Landorus, M|288\/319
|switch|p1a: Slowbro|Slowbro, M|394\/394
|-damage|p1a: Slowbro|345\/394|[from] Stealth Rock
|
|-heal|p1a: Slowbro|369\/394|[from] item: Leftovers
|turn|44
|
|switch|p2a: Metagross|Metagross-Mega|129\/301
|move|p1a: Slowbro|Scald|p2a: Metagross
|-damage|p2a: Metagross|41\/301
|-status|p2a: Metagross|brn
|
|-heal|p1a: Slowbro|393\/394|[from] item: Leftovers
|-damage|p2a: Metagross|4\/301 brn|[from] brn
|turn|45
|-message|Here to GG forfeited.
|
|win|Dayanne
|raw|Ladder updating...
|leave|Here to GG
|player|p2
|raw|Dayanne's rating: 1670 &rarr; <strong>1692<\/strong><br \/>(+22 for winning)
|raw|Here to GG's rating: 1701 &rarr; <strong>1679<\/strong><br \/>(-22 for losing)