|join|Dayanne
|join|Truthster
|player|p1|Dayanne|37
|player|p2|Truthster|56
|gametype|singles
|gen|6
|tier|OU
|rated
|clearpoke
|poke|p1|Chansey, F
|poke|p1|Zapdos
|poke|p1|Scizor, M
|poke|p1|Clefable, F
|poke|p1|Gliscor, M
|poke|p1|Slowbro, M
|poke|p2|Metagross
|poke|p2|Mew
|poke|p2|Breloom, M
|poke|p2|Talonflame, M
|poke|p2|Landorus-Therian, M
|poke|p2|Kyurem-Black
|rule|Swagger Clause: Swagger is banned
|rule|Baton Pass Clause: Limit one PokÃ©mon knowing Baton Pass
|rule|Sleep Clause Mod: Limit one foe put to sleep
|rule|Species Clause: Limit one of each PokÃ©mon
|rule|OHKO Clause: OHKO moves are banned
|rule|Moody Clause: Moody is banned
|rule|Evasion Moves Clause: Evasion moves are banned
|rule|Endless Battle Clause: Forcing endless battles is banned
|rule|HP Percentage Mod: HP is shown in percentages
|teampreview
|join|Dyanna
|
|start
|switch|p1a: Slowbro|Slowbro, M|394\/394
|switch|p2a: Mew|Mew|404\/404
|turn|1
|
|move|p2a: Mew|Knock Off|p1a: Slowbro
|-supereffective|p1a: Slowbro
|-damage|p1a: Slowbro|290\/394
|-enditem|p1a: Slowbro|Leftovers|[from] move: Knock Off|[of] p2a: Mew
|move|p1a: Slowbro|Scald|p2a: Mew
|-damage|p2a: Mew|329\/404
|
|-heal|p2a: Mew|354\/404|[from] item: Leftovers
|turn|2
|
|move|p2a: Mew|Will-O-Wisp|p1a: Slowbro|[miss]
|-miss|p2a: Mew|p1a: Slowbro
|move|p1a: Slowbro|Scald|p2a: Mew
|-damage|p2a: Mew|282\/404
|-status|p2a: Mew|brn
|-status|p1a: Slowbro|brn
|
|-heal|p2a: Mew|307\/404 brn|[from] item: Leftovers
|-damage|p2a: Mew|257\/404 brn|[from] brn
|-damage|p1a: Slowbro|241\/394 brn|[from] brn
|turn|3
|
|move|p2a: Mew|Roost|p2a: Mew
|-heal|p2a: Mew|404\/404 brn
|move|p1a: Slowbro|Scald|p2a: Mew
|-damage|p2a: Mew|335\/404 brn
|
|-heal|p2a: Mew|360\/404 brn|[from] item: Leftovers
|-damage|p2a: Mew|310\/404 brn|[from] brn
|-damage|p1a: Slowbro|192\/394 brn|[from] brn
|turn|4
|
|switch|p1a: Gliscor|Gliscor, M|352\/352
|move|p2a: Mew|Roost|p2a: Mew
|-heal|p2a: Mew|404\/404 brn
|
|-damage|p2a: Mew|354\/404 brn|[from] brn
|-status|p1a: Gliscor|tox|[from] item: Toxic Orb
|turn|5
|
|switch|p2a: Metagross|Metagross|301\/301
|move|p1a: Gliscor|Knock Off|p2a: Metagross
|-supereffective|p2a: Metagross
|-damage|p2a: Metagross|219\/301
|
|turn|6
|
|switch|p1a: Scizor|Scizor, M|344\/344
|detailschange|p2a: Metagross|Metagross-Mega
|-mega|p2a: Metagross|Metagross|Metagrossite
|move|p2a: Metagross|Meteor Mash|p1a: Scizor
|-resisted|p1a: Scizor
|-damage|p1a: Scizor|259\/344
|
|turn|7
|
|detailschange|p1a: Scizor|Scizor-Mega, M
|-mega|p1a: Scizor|Scizor|Scizorite
|move|p2a: Metagross|Earthquake|p1a: Scizor
|-damage|p1a: Scizor|172\/344
|move|p1a: Scizor|Roost|p1a: Scizor
|-heal|p1a: Scizor|344\/344
|
|turn|8
|
|switch|p2a: Talonflame|Talonflame, M|297\/297
|move|p1a: Scizor|Swords Dance|p1a: Scizor
|-boost|p1a: Scizor|atk|2
|
|turn|9
|
|switch|p1a: Zapdos|Zapdos|384\/384
|-ability|p1a: Zapdos|Pressure
|move|p2a: Talonflame|Flare Blitz|p1a: Zapdos
|-damage|p1a: Zapdos|248\/384
|-damage|p2a: Talonflame|252\/297|[from] recoil|[of] p1a: Zapdos
|
|-heal|p2a: Talonflame|270\/297|[from] item: Leftovers
|-heal|p1a: Zapdos|272\/384|[from] item: Leftovers
|turn|10
|
|move|p2a: Talonflame|U-turn|p1a: Zapdos
|-resisted|p1a: Zapdos
|-damage|p1a: Zapdos|249\/384
|
|switch|p2a: Mew|Mew|354\/404 brn
|move|p1a: Zapdos|Heat Wave|p2a: Mew
|-damage|p2a: Mew|292\/404 brn
|
|-heal|p1a: Zapdos|273\/384|[from] item: Leftovers
|-heal|p2a: Mew|317\/404 brn|[from] item: Leftovers
|-damage|p2a: Mew|267\/404 brn|[from] brn
|turn|11
|
|switch|p1a: Gliscor|Gliscor, M|352\/352 tox
|move|p2a: Mew|Knock Off|p1a: Gliscor
|-damage|p1a: Gliscor|321\/352 tox
|-enditem|p1a: Gliscor|Toxic Orb|[from] move: Knock Off|[of] p2a: Mew
|
|-heal|p2a: Mew|292\/404 brn|[from] item: Leftovers
|-heal|p1a: Gliscor|352\/352 tox|[from] ability: Poison Heal
|-damage|p2a: Mew|242\/404 brn|[from] brn
|turn|12
|
|move|p1a: Gliscor|Knock Off|p2a: Mew
|-crit|p2a: Mew
|-supereffective|p2a: Mew
|-damage|p2a: Mew|10\/404 brn
|-enditem|p2a: Mew|Leftovers|[from] move: Knock Off|[of] p1a: Gliscor
|move|p2a: Mew|Roost|p2a: Mew
|-heal|p2a: Mew|212\/404 brn
|
|-damage|p2a: Mew|162\/404 brn|[from] brn
|turn|13
|
|move|p1a: Gliscor|Taunt|p2a: Mew
|-start|p2a: Mew|move: Taunt
|cant|p2a: Mew|move: Taunt|Roost
|
|-damage|p2a: Mew|112\/404 brn|[from] brn
|turn|14
|
|switch|p2a: Landorus-Therian|Landorus-Therian, M|319\/319
|-ability|p2a: Landorus-Therian|Intimidate|[of] p1a: Gliscor
|-unboost|p1a: Gliscor|atk|1
|move|p1a: Gliscor|Knock Off|p2a: Landorus-Therian
|-damage|p2a: Landorus-Therian|266\/319
|-enditem|p2a: Landorus-Therian|Life Orb|[from] move: Knock Off|[of] p1a: Gliscor
|
|turn|15
|
|move|p2a: Landorus-Therian|Stone Edge|p1a: Gliscor|[miss]
|-miss|p2a: Landorus-Therian|p1a: Gliscor
|move|p1a: Gliscor|Taunt|p2a: Landorus-Therian
|-start|p2a: Landorus-Therian|move: Taunt
|
|turn|16
|
|move|p2a: Landorus-Therian|Stone Edge|p1a: Gliscor
|-damage|p1a: Gliscor|252\/352 tox
|move|p1a: Gliscor|Knock Off|p2a: Landorus-Therian
|-damage|p2a: Landorus-Therian|228\/319
|
|-heal|p1a: Gliscor|296\/352 tox|[from] ability: Poison Heal
|turn|17
|
|switch|p2a: Metagross|Metagross-Mega|219\/301
|switch|p1a: Scizor|Scizor-Mega, M|344\/344
|
|turn|18
|
|switch|p2a: Mew|Mew|112\/404 brn
|move|p1a: Scizor|Swords Dance|p1a: Scizor
|-boost|p1a: Scizor|atk|2
|
|-damage|p2a: Mew|62\/404 brn|[from] brn
|turn|19
|
|move|p1a: Scizor|Bullet Punch|p2a: Mew
|-damage|p2a: Mew|0 fnt
|faint|p2a: Mew
|
|
|switch|p2a: Talonflame|Talonflame, M|270\/297
|turn|20
|
|switch|p1a: Slowbro|Slowbro, M|323\/394 brn
|move|p2a: Talonflame|Flare Blitz|p1a: Slowbro
|-resisted|p1a: Slowbro
|-damage|p1a: Slowbro|266\/394 brn
|-damage|p2a: Talonflame|251\/297|[from] recoil|[of] p1a: Slowbro
|
|-heal|p2a: Talonflame|269\/297|[from] item: Leftovers
|-damage|p1a: Slowbro|217\/394 brn|[from] brn
|turn|21
|
|move|p2a: Talonflame|U-turn|p1a: Slowbro
|-supereffective|p1a: Slowbro
|-damage|p1a: Slowbro|137\/394 brn
|
|switch|p2a: Kyurem-Black|Kyurem-Black|454\/454
|-ability|p2a: Kyurem-Black|Teravolt
|move|p1a: Slowbro|Thunder Wave|p2a: Kyurem-Black
|-status|p2a: Kyurem-Black|par
|
|-damage|p1a: Slowbro|88\/394 brn|[from] brn
|turn|22
|
|switch|p1a: Chansey|Chansey, F|704\/704
|move|p2a: Kyurem-Black|Fusion Bolt|p1a: Chansey
|-damage|p1a: Chansey|496\/704
|
|turn|23
|
|move|p1a: Chansey|Stealth Rock|p2a: Kyurem-Black
|-sidestart|p2: Truthster|move: Stealth Rock
|move|p2a: Kyurem-Black|Iron Head|p1a: Chansey
|-damage|p1a: Chansey|323\/704
|
|turn|24
|
|move|p1a: Chansey|Soft-Boiled|p1a: Chansey
|-heal|p1a: Chansey|675\/704
|move|p2a: Kyurem-Black|Iron Head|p1a: Chansey
|-damage|p1a: Chansey|502\/704
|
|turn|25
|
|move|p1a: Chansey|Seismic Toss|p2a: Kyurem-Black
|-damage|p2a: Kyurem-Black|354\/454 par
|move|p2a: Kyurem-Black|Fusion Bolt|p1a: Chansey
|-damage|p1a: Chansey|290\/704
|
|-heal|p2a: Kyurem-Black|382\/454 par|[from] item: Leftovers
|turn|26
|
|switch|p1a: Scizor|Scizor-Mega, M|344\/344
|cant|p2a: Kyurem-Black|par
|
|-heal|p2a: Kyurem-Black|410\/454 par|[from] item: Leftovers
|turn|27
|
|switch|p2a: Landorus-Therian|Landorus-Therian, M|228\/319
|-damage|p2a: Landorus-Therian|189\/319|[from] Stealth Rock
|-ability|p2a: Landorus-Therian|Intimidate|[of] p1a: Scizor
|-unboost|p1a: Scizor|atk|1
|move|p1a: Scizor|Swords Dance|p1a: Scizor
|-boost|p1a: Scizor|atk|2
|
|turn|28
|
|move|p2a: Landorus-Therian|Stone Edge|p1a: Scizor|[miss]
|-miss|p2a: Landorus-Therian|p1a: Scizor
|move|p1a: Scizor|Swords Dance|p1a: Scizor
|-boost|p1a: Scizor|atk|2
|
|turn|29
|
|move|p2a: Landorus-Therian|Stone Edge|p1a: Scizor
|-crit|p1a: Scizor
|-damage|p1a: Scizor|240\/344
|move|p1a: Scizor|Swords Dance|p1a: Scizor
|-boost|p1a: Scizor|atk|2
|
|turn|30
|
|switch|p2a: Metagross|Metagross-Mega|219\/301
|-damage|p2a: Metagross|201\/301|[from] Stealth Rock
|move|p1a: Scizor|Roost|p1a: Scizor
|-heal|p1a: Scizor|344\/344
|
|turn|31
|
|move|p1a: Scizor|Bullet Punch|p2a: Metagross
|-crit|p2a: Metagross
|-resisted|p2a: Metagross
|-damage|p2a: Metagross|18\/301
|move|p2a: Metagross|Earthquake|p1a: Scizor
|-damage|p1a: Scizor|261\/344
|
|turn|32
|-message|Truthster forfeited.
|
|win|Dayanne
|raw|Ladder updating...
|leave|Truthster
|player|p2
|raw|Dayanne's rating: 1684 &rarr; <strong>1700<\/strong><br \/>(+16 for winning)
|raw|Truthster's rating: 1608 &rarr; <strong>1593<\/strong><br \/>(-15 for losing)