|join|Dayanne
|join|The TurtleLord
|player|p1|Dayanne|37
|player|p2|The TurtleLord|294
|gametype|singles
|gen|6
|tier|OU
|rated
|clearpoke
|poke|p1|Chansey, F
|poke|p1|Zapdos
|poke|p1|Scizor, M
|poke|p1|Clefable, F
|poke|p1|Gliscor, M
|poke|p1|Slowbro, M
|poke|p2|Gyarados, M
|poke|p2|Gengar, M, shiny
|poke|p2|Tornadus-Therian, M
|poke|p2|Heatran, M
|poke|p2|Ferrothorn, M
|poke|p2|Slowbro, M
|rule|Swagger Clause: Swagger is banned
|rule|Baton Pass Clause: Limit one PokÃ©mon knowing Baton Pass
|rule|Sleep Clause Mod: Limit one foe put to sleep
|rule|Species Clause: Limit one of each PokÃ©mon
|rule|OHKO Clause: OHKO moves are banned
|rule|Moody Clause: Moody is banned
|rule|Evasion Moves Clause: Evasion moves are banned
|rule|Endless Battle Clause: Forcing endless battles is banned
|rule|HP Percentage Mod: HP is shown in percentages
|teampreview
|c|âThe TurtleLord|gl
|c|âDayanne|gl
|
|start
|switch|p1a: Gliscor|Gliscor, M|352\/352
|switch|p2a: Magic Bus|Heatran, M|385\/385
|turn|1
|join|GreatLuke
|
|switch|p2a: Beast Of Burden|Ferrothorn, M|351\/351
|move|p1a: Gliscor|Earthquake|p2a: Beast Of Burden
|-damage|p2a: Beast Of Burden|278\/351
|
|-heal|p2a: Beast Of Burden|299\/351|[from] item: Leftovers
|-status|p1a: Gliscor|tox|[from] item: Toxic Orb
|turn|2
|
|move|p1a: Gliscor|Taunt|p2a: Beast Of Burden
|-start|p2a: Beast Of Burden|move: Taunt
|cant|p2a: Beast Of Burden|move: Taunt|Leech Seed
|
|-heal|p2a: Beast Of Burden|320\/351|[from] item: Leftovers
|turn|3
|
|switch|p2a: Substitute|Gyarados, M|331\/331
|-ability|p2a: Substitute|Intimidate|[of] p1a: Gliscor
|-unboost|p1a: Gliscor|atk|1
|move|p1a: Gliscor|Knock Off|p2a: Substitute
|-crit|p2a: Substitute
|-damage|p2a: Substitute|242\/331
|
|turn|4
|
|switch|p2a: Spirit In The Sky|Tornadus-Therian, M|332\/332
|switch|p1a: Zapdos|Zapdos|384\/384
|-ability|p1a: Zapdos|Pressure
|
|turn|5
|
|move|p2a: Spirit In The Sky|U-turn|p1a: Zapdos
|-resisted|p1a: Zapdos
|-damage|p1a: Zapdos|360\/384
|
|switch|p2a: Magic Bus|Heatran, M|385\/385
|move|p1a: Zapdos|Volt Switch|p2a: Magic Bus
|-damage|p2a: Magic Bus|312\/385
|
|switch|p1a: Gliscor|Gliscor, M|352\/352 tox
|
|-heal|p2a: Magic Bus|336\/385|[from] item: Leftovers
|turn|6
|
|switch|p2a: Pinball Wizard|Slowbro, M|393\/393
|move|p1a: Gliscor|Earthquake|p2a: Pinball Wizard
|-damage|p2a: Pinball Wizard|309\/393
|
|-heal|p2a: Pinball Wizard|333\/393|[from] item: Leftovers
|turn|7
|
|move|p1a: Gliscor|Knock Off|p2a: Pinball Wizard
|-supereffective|p2a: Pinball Wizard
|-damage|p2a: Pinball Wizard|233\/393
|-enditem|p2a: Pinball Wizard|Leftovers|[from] move: Knock Off|[of] p1a: Gliscor
|move|p2a: Pinball Wizard|Scald|p1a: Gliscor
|-supereffective|p1a: Gliscor
|-damage|p1a: Gliscor|176\/352 tox
|
|-heal|p1a: Gliscor|220\/352 tox|[from] ability: Poison Heal
|turn|8
|join|3y3brows on fleek
|
|switch|p1a: Slowbro|Slowbro, M|394\/394
|move|p2a: Pinball Wizard|Scald|p1a: Slowbro
|-resisted|p1a: Slowbro
|-damage|p1a: Slowbro|340\/394
|
|-heal|p1a: Slowbro|364\/394|[from] item: Leftovers
|turn|9
|
|switch|p2a: Beast Of Burden|Ferrothorn, M|320\/351
|switch|p1a: Gliscor|Gliscor, M|220\/352 tox
|
|-heal|p2a: Beast Of Burden|341\/351|[from] item: Leftovers
|-heal|p1a: Gliscor|264\/352 tox|[from] ability: Poison Heal
|turn|10
|c| 3y3brows on fleek|no more lopunny ;[
|
|move|p1a: Gliscor|Knock Off|p2a: Beast Of Burden
|-damage|p2a: Beast Of Burden|293\/351
|-damage|p1a: Gliscor|220\/352 tox|[from] ability: Iron Barbs|[of] p2a: Beast Of Burden
|-enditem|p2a: Beast Of Burden|Leftovers|[from] move: Knock Off|[of] p1a: Gliscor
|move|p2a: Beast Of Burden|Gyro Ball|p1a: Gliscor
|-damage|p1a: Gliscor|91\/352 tox
|
|-heal|p1a: Gliscor|135\/352 tox|[from] ability: Poison Heal
|turn|11
|
|move|p1a: Gliscor|Taunt|p2a: Beast Of Burden
|-start|p2a: Beast Of Burden|move: Taunt
|move|p2a: Beast Of Burden|Gyro Ball|p1a: Gliscor
|-damage|p1a: Gliscor|0 fnt
|faint|p1a: Gliscor
|
|c|âThe TurtleLord|ok good
|
|switch|p1a: Zapdos|Zapdos|360\/384
|-ability|p1a: Zapdos|Pressure
|turn|12
|c|âThe TurtleLord|lucifer shall now burn in hell
|
|switch|p2a: Magic Bus|Heatran, M|336\/385
|move|p1a: Zapdos|Volt Switch|p2a: Magic Bus
|-damage|p2a: Magic Bus|266\/385
|
|switch|p1a: Slowbro|Slowbro, M|394\/394
|
|-heal|p2a: Magic Bus|290\/385|[from] item: Leftovers
|turn|13
|
|move|p2a: Magic Bus|Toxic|p1a: Slowbro
|-status|p1a: Slowbro|tox
|move|p1a: Slowbro|Thunder Wave|p2a: Magic Bus
|-status|p2a: Magic Bus|par
|
|-heal|p2a: Magic Bus|314\/385 par|[from] item: Leftovers
|-damage|p1a: Slowbro|370\/394 tox|[from] psn
|turn|14
|
|move|p1a: Slowbro|Scald|p2a: Magic Bus
|-supereffective|p2a: Magic Bus
|-damage|p2a: Magic Bus|174\/385 par
|move|p2a: Magic Bus|Stealth Rock|p1a: Slowbro
|-sidestart|p1: Dayanne|move: Stealth Rock
|
|-heal|p1a: Slowbro|394\/394 tox|[from] item: Leftovers
|-heal|p2a: Magic Bus|198\/385 par|[from] item: Leftovers
|-damage|p1a: Slowbro|346\/394 tox|[from] psn
|turn|15
|
|switch|p1a: Zapdos|Zapdos|360\/384
|-damage|p1a: Zapdos|264\/384|[from] Stealth Rock
|-ability|p1a: Zapdos|Pressure
|switch|p2a: Pinball Wizard|Slowbro, M|364\/393
|
|-heal|p1a: Zapdos|288\/384|[from] item: Leftovers
|turn|16
|
|switch|p2a: Magic Bus|Heatran, M|198\/385 par
|move|p1a: Zapdos|Defog|p2a: Magic Bus
|-unboost|p2a: Magic Bus|evasion|1
|-sideend|p1: Dayanne|Stealth Rock|[from] move: Defog|[of] p1a: Zapdos
|
|-heal|p1a: Zapdos|312\/384|[from] item: Leftovers
|-heal|p2a: Magic Bus|222\/385 par|[from] item: Leftovers
|turn|17
|
|move|p1a: Zapdos|Volt Switch|p2a: Magic Bus
|-damage|p2a: Magic Bus|147\/385 par
|
|switch|p1a: Chansey|Chansey, F|704\/704
|cant|p2a: Magic Bus|par
|
|-heal|p2a: Magic Bus|171\/385 par|[from] item: Leftovers
|turn|18
|
|move|p1a: Chansey|Seismic Toss|p2a: Magic Bus
|-damage|p2a: Magic Bus|71\/385 par
|cant|p2a: Magic Bus|par
|
|-heal|p2a: Magic Bus|95\/385 par|[from] item: Leftovers
|turn|19
|c|âThe TurtleLord|oh come on
|c|âThe TurtleLord|:\/
|
|switch|p2a: Beast Of Burden|Ferrothorn, M|293\/351
|move|p1a: Chansey|Seismic Toss|p2a: Beast Of Burden
|-damage|p2a: Beast Of Burden|193\/351
|-damage|p1a: Chansey|616\/704|[from] ability: Iron Barbs|[of] p2a: Beast Of Burden
|
|turn|20
|
|switch|p1a: Zapdos|Zapdos|312\/384
|-ability|p1a: Zapdos|Pressure
|move|p2a: Beast Of Burden|Leech Seed|p1a: Zapdos
|-start|p1a: Zapdos|move: Leech Seed
|
|-heal|p1a: Zapdos|336\/384|[from] item: Leftovers
|-damage|p1a: Zapdos|288\/384|[from] Leech Seed|[of] p2a: Beast Of Burden
|-heal|p2a: Beast Of Burden|241\/351|[silent]
|turn|21
|
|move|p1a: Zapdos|Volt Switch|p2a: Beast Of Burden
|-resisted|p2a: Beast Of Burden
|-damage|p2a: Beast Of Burden|204\/351
|
|switch|p1a: Scizor|Scizor, M|344\/344
|move|p2a: Beast Of Burden|Spikes|p1a: Scizor
|-sidestart|p1: Dayanne|Spikes
|
|turn|22
|join|WaitTilYesterday
|
|detailschange|p1a: Scizor|Scizor-Mega, M
|-mega|p1a: Scizor|Scizor|Scizorite
|move|p1a: Scizor|Swords Dance|p1a: Scizor
|-boost|p1a: Scizor|atk|2
|move|p2a: Beast Of Burden|Leech Seed|p1a: Scizor
|-start|p1a: Scizor|move: Leech Seed
|
|-damage|p1a: Scizor|301\/344|[from] Leech Seed|[of] p2a: Beast Of Burden
|-heal|p2a: Beast Of Burden|247\/351|[silent]
|turn|23
|
|switch|p2a: Pinball Wizard|Slowbro, M|393\/393
|move|p1a: Scizor|Superpower|p2a: Pinball Wizard
|-resisted|p2a: Pinball Wizard
|-damage|p2a: Pinball Wizard|299\/393
|-unboost|p1a: Scizor|atk|1
|-unboost|p1a: Scizor|def|1
|
|-damage|p1a: Scizor|258\/344|[from] Leech Seed|[of] p2a: Pinball Wizard
|-heal|p2a: Pinball Wizard|342\/393|[silent]
|turn|24
|
|switch|p1a: Zapdos|Zapdos|288\/384
|-ability|p1a: Zapdos|Pressure
|switch|p2a: Substitute|Gyarados, M|242\/331
|-ability|p2a: Substitute|Intimidate|[of] p1a: Zapdos
|-unboost|p1a: Zapdos|atk|1
|
|-heal|p1a: Zapdos|312\/384|[from] item: Leftovers
|turn|25
|
|detailschange|p2a: Substitute|Gyarados-Mega, M
|-mega|p2a: Substitute|Gyarados|Gyaradosite
|-ability|p2a: Substitute|Mold Breaker
|move|p2a: Substitute|Waterfall|p1a: Zapdos
|-damage|p1a: Zapdos|153\/384
|move|p1a: Zapdos|Volt Switch|p2a: Substitute
|-supereffective|p2a: Substitute
|-damage|p2a: Substitute|84\/331
|
|switch|p1a: Scizor|Scizor-Mega, M|258\/344
|-damage|p1a: Scizor|215\/344|[from] Spikes
|
|turn|26
|
|move|p2a: Substitute|Waterfall|p1a: Scizor
|-damage|p1a: Scizor|109\/344
|move|p1a: Scizor|Roost|p1a: Scizor
|-heal|p1a: Scizor|281\/344
|
|turn|27
|
|move|p2a: Substitute|Dragon Dance|p2a: Substitute
|-boost|p2a: Substitute|atk|1
|-boost|p2a: Substitute|spe|1
|move|p1a: Scizor|Superpower|p2a: Substitute
|-supereffective|p2a: Substitute
|-damage|p2a: Substitute|0 fnt
|-unboost|p1a: Scizor|atk|1
|-unboost|p1a: Scizor|def|1
|faint|p2a: Substitute
|
|
|switch|p2a: Pinball Wizard|Slowbro, M|393\/393
|turn|28
|
|switch|p1a: Zapdos|Zapdos|153\/384
|-ability|p1a: Zapdos|Pressure
|move|p2a: Pinball Wizard|Scald|p1a: Zapdos
|-damage|p1a: Zapdos|45\/384
|
|-heal|p1a: Zapdos|69\/384|[from] item: Leftovers
|turn|29
|
|switch|p2a: Spirit In The Sky|Tornadus-Therian, M|332\/332
|move|p1a: Zapdos|Roost|p1a: Zapdos
|-heal|p1a: Zapdos|261\/384
|
|-heal|p1a: Zapdos|285\/384|[from] item: Leftovers
|turn|30
|
|move|p2a: Spirit In The Sky|Knock Off|p1a: Zapdos
|-damage|p1a: Zapdos|222\/384
|-enditem|p1a: Zapdos|Leftovers|[from] move: Knock Off|[of] p2a: Spirit In The Sky
|move|p1a: Zapdos|Defog|p2a: Spirit In The Sky
|-unboost|p2a: Spirit In The Sky|evasion|1
|-sideend|p1: Dayanne|Spikes|[from] move: Defog|[of] p1a: Zapdos
|
|turn|31
|
|move|p2a: Spirit In The Sky|U-turn|p1a: Zapdos
|-resisted|p1a: Zapdos
|-damage|p1a: Zapdos|201\/384
|
|switch|p2a: Baba O'Reily|Gengar, M, shiny|261\/261
|move|p1a: Zapdos|Volt Switch|p2a: Baba O'Reily
|-damage|p2a: Baba O'Reily|141\/261
|
|switch|p1a: Scizor|Scizor-Mega, M|281\/344
|
|turn|32
|
|switch|p2a: Pinball Wizard|Slowbro, M|393\/393
|move|p1a: Scizor|Bullet Punch|p2a: Pinball Wizard
|-crit|p2a: Pinball Wizard
|-resisted|p2a: Pinball Wizard
|-damage|p2a: Pinball Wizard|342\/393
|
|turn|33
|
|switch|p1a: Zapdos|Zapdos|201\/384
|-ability|p1a: Zapdos|Pressure
|switch|p2a: Magic Bus|Heatran, M|95\/385 par
|
|-heal|p2a: Magic Bus|119\/385 par|[from] item: Leftovers
|turn|34
|
|move|p1a: Zapdos|Volt Switch|p2a: Magic Bus
|-crit|p2a: Magic Bus
|-damage|p2a: Magic Bus|7\/385 par
|
|switch|p1a: Chansey|Chansey, F|616\/704
|move|p2a: Magic Bus|Toxic|p1a: Chansey
|-status|p1a: Chansey|tox
|
|-heal|p2a: Magic Bus|31\/385 par|[from] item: Leftovers
|-damage|p1a: Chansey|572\/704 tox|[from] psn
|turn|35
|
|move|p1a: Chansey|Stealth Rock|p2a: Magic Bus
|-sidestart|p2: The TurtleLord|move: Stealth Rock
|move|p2a: Magic Bus|Stealth Rock|p1a: Chansey
|-sidestart|p1: Dayanne|move: Stealth Rock
|
|-heal|p2a: Magic Bus|55\/385 par|[from] item: Leftovers
|-damage|p1a: Chansey|484\/704 tox|[from] psn
|turn|36
|
|switch|p2a: Baba O'Reily|Gengar, M, shiny|141\/261
|-damage|p2a: Baba O'Reily|109\/261|[from] Stealth Rock
|move|p1a: Chansey|Seismic Toss|p2a: Baba O'Reily
|-immune|p2a: Baba O'Reily|[msg]
|
|-damage|p1a: Chansey|352\/704 tox|[from] psn
|turn|37
|
|move|p2a: Baba O'Reily|Focus Blast|p1a: Chansey
|-supereffective|p1a: Chansey
|-damage|p1a: Chansey|100\/704 tox
|-damage|p2a: Baba O'Reily|83\/261|[from] item: Life Orb
|move|p1a: Chansey|Soft-Boiled|p1a: Chansey
|-heal|p1a: Chansey|452\/704 tox
|
|-damage|p1a: Chansey|276\/704 tox|[from] psn
|turn|38
|
|move|p2a: Baba O'Reily|Pain Split|p1a: Chansey
|-sethp|p1a: Chansey|179\/704 tox|p2a: Baba O'Reily|179\/261|[from] move: Pain Split
|move|p1a: Chansey|Soft-Boiled|p1a: Chansey
|-heal|p1a: Chansey|531\/704 tox
|
|-damage|p1a: Chansey|311\/704 tox|[from] psn
|turn|39
|
|switch|p1a: Clefable|Clefable, F|394\/394
|-damage|p1a: Clefable|345\/394|[from] Stealth Rock
|move|p2a: Baba O'Reily|Focus Blast|p1a: Clefable
|-resisted|p1a: Clefable
|-damage|p1a: Clefable|236\/394
|-damage|p2a: Baba O'Reily|153\/261|[from] item: Life Orb
|
|-heal|p1a: Clefable|260\/394|[from] item: Leftovers
|turn|40
|
|switch|p1a: Scizor|Scizor-Mega, M|281\/344
|-damage|p1a: Scizor|238\/344|[from] Stealth Rock
|move|p2a: Baba O'Reily|Shadow Ball|p1a: Scizor
|-damage|p1a: Scizor|39\/344
|-damage|p2a: Baba O'Reily|127\/261|[from] item: Life Orb
|
|turn|41
|
|switch|p2a: Pinball Wizard|Slowbro, M|393\/393
|-damage|p2a: Pinball Wizard|344\/393|[from] Stealth Rock
|move|p1a: Scizor|Bullet Punch|p2a: Pinball Wizard
|-resisted|p2a: Pinball Wizard
|-damage|p2a: Pinball Wizard|307\/393
|
|turn|42
|
|move|p1a: Scizor|Roost|p1a: Scizor
|-heal|p1a: Scizor|211\/344
|move|p2a: Pinball Wizard|Scald|p1a: Scizor
|-damage|p1a: Scizor|114\/344
|
|turn|43
|
|move|p1a: Scizor|Roost|p1a: Scizor
|-heal|p1a: Scizor|286\/344
|move|p2a: Pinball Wizard|Scald|p1a: Scizor
|-damage|p1a: Scizor|187\/344
|
|turn|44
|c|âThe TurtleLord|lack of burns v disapointing
|
|move|p1a: Scizor|Roost|p1a: Scizor
|-heal|p1a: Scizor|344\/344
|move|p2a: Pinball Wizard|Scald|p1a: Scizor
|-damage|p1a: Scizor|254\/344
|
|turn|45
|c|âThe TurtleLord|oh come on
|c|âThe TurtleLord|this is not scald
|
|switch|p1a: Zapdos|Zapdos|201\/384
|-damage|p1a: Zapdos|105\/384|[from] Stealth Rock
|-ability|p1a: Zapdos|Pressure
|move|p2a: Pinball Wizard|Scald|p1a: Zapdos
|-damage|p1a: Zapdos|0 fnt
|faint|p1a: Zapdos
|
|
|switch|p1a: Chansey|Chansey, F|311\/704
|-damage|p1a: Chansey|223\/704|[from] Stealth Rock
|turn|46
|
|switch|p2a: Baba O'Reily|Gengar, M, shiny|127\/261
|-damage|p2a: Baba O'Reily|95\/261|[from] Stealth Rock
|move|p1a: Chansey|Soft-Boiled|p1a: Chansey
|-heal|p1a: Chansey|575\/704
|
|turn|47
|
|move|p2a: Baba O'Reily|Pain Split|p1a: Chansey
|-sethp|p1a: Chansey|335\/704|p2a: Baba O'Reily|261\/261|[from] move: Pain Split
|move|p1a: Chansey|Soft-Boiled|p1a: Chansey
|-heal|p1a: Chansey|687\/704
|
|turn|48
|
|switch|p2a: Spirit In The Sky|Tornadus-Therian, M|332\/332
|-damage|p2a: Spirit In The Sky|249\/332|[from] Stealth Rock
|move|p1a: Chansey|Seismic Toss|p2a: Spirit In The Sky
|-damage|p2a: Spirit In The Sky|149\/332
|
|turn|49
|
|switch|p1a: Slowbro|Slowbro, M|394\/394 tox
|-damage|p1a: Slowbro|345\/394 tox|[from] Stealth Rock
|move|p2a: Spirit In The Sky|Knock Off|p1a: Slowbro
|-supereffective|p1a: Slowbro
|-damage|p1a: Slowbro|237\/394 tox
|-enditem|p1a: Slowbro|Leftovers|[from] move: Knock Off|[of] p2a: Spirit In The Sky
|
|-damage|p1a: Slowbro|213\/394 tox|[from] psn
|turn|50
|
|switch|p1a: Scizor|Scizor-Mega, M|254\/344
|-damage|p1a: Scizor|211\/344|[from] Stealth Rock
|move|p2a: Spirit In The Sky|U-turn|p1a: Scizor
|-resisted|p1a: Scizor
|-damage|p1a: Scizor|196\/344
|
|switch|p2a: Pinball Wizard|Slowbro, M|393\/393
|-damage|p2a: Pinball Wizard|344\/393|[from] Stealth Rock
|
|turn|51
|
|move|p1a: Scizor|Roost|p1a: Scizor
|-heal|p1a: Scizor|344\/344
|move|p2a: Pinball Wizard|Scald|p1a: Scizor
|-damage|p1a: Scizor|257\/344
|-status|p1a: Scizor|brn
|
|-damage|p1a: Scizor|214\/344 brn|[from] brn
|turn|52
|c|âThe TurtleLord|finally
|
|switch|p1a: Chansey|Chansey, F|687\/704
|-damage|p1a: Chansey|599\/704|[from] Stealth Rock
|move|p2a: Pinball Wizard|Scald|p1a: Chansey
|-damage|p1a: Chansey|535\/704
|
|turn|53
|
|switch|p2a: Beast Of Burden|Ferrothorn, M|247\/351
|-damage|p2a: Beast Of Burden|226\/351|[from] Stealth Rock
|move|p1a: Chansey|Heal Bell|p1a: Chansey
|-cureteam|p1a: Chansey|[from] move: HealBell
|
|turn|54
|
|switch|p1a: Scizor|Scizor-Mega, M|214\/344
|-damage|p1a: Scizor|171\/344|[from] Stealth Rock
|move|p2a: Beast Of Burden|Leech Seed|p1a: Scizor
|-start|p1a: Scizor|move: Leech Seed
|
|-damage|p1a: Scizor|128\/344|[from] Leech Seed|[of] p2a: Beast Of Burden
|-heal|p2a: Beast Of Burden|269\/351|[silent]
|turn|55
|
|move|p1a: Scizor|Roost|p1a: Scizor
|-heal|p1a: Scizor|300\/344
|move|p2a: Beast Of Burden|Spikes|p1a: Scizor
|-sidestart|p1: Dayanne|Spikes
|
|-damage|p1a: Scizor|257\/344|[from] Leech Seed|[of] p2a: Beast Of Burden
|-heal|p2a: Beast Of Burden|312\/351|[silent]
|turn|56
|
|switch|p2a: Pinball Wizard|Slowbro, M|393\/393
|-damage|p2a: Pinball Wizard|344\/393|[from] Stealth Rock
|move|p1a: Scizor|Superpower|p2a: Pinball Wizard
|-resisted|p2a: Pinball Wizard
|-damage|p2a: Pinball Wizard|297\/393
|-unboost|p1a: Scizor|atk|1
|-unboost|p1a: Scizor|def|1
|
|-damage|p1a: Scizor|214\/344|[from] Leech Seed|[of] p2a: Pinball Wizard
|-heal|p2a: Pinball Wizard|340\/393|[silent]
|turn|57
|c| 3y3brows on fleek|sry dayanne
|c| 3y3brows on fleek|thats game imo
|
|switch|p1a: Slowbro|Slowbro, M|344\/394
|-damage|p1a: Slowbro|295\/394|[from] Stealth Rock
|-damage|p1a: Slowbro|246\/394|[from] Spikes
|move|p2a: Pinball Wizard|Scald|p1a: Slowbro
|-resisted|p1a: Slowbro
|-damage|p1a: Slowbro|192\/394
|
|turn|58
|
|move|p1a: Slowbro|Scald|p2a: Pinball Wizard
|-crit|p2a: Pinball Wizard
|-resisted|p2a: Pinball Wizard
|-damage|p2a: Pinball Wizard|259\/393
|move|p2a: Pinball Wizard|Scald|p1a: Slowbro
|-resisted|p1a: Slowbro
|-damage|p1a: Slowbro|133\/394
|
|turn|59
|
|move|p2a: Pinball Wizard|Scald|p1a: Slowbro
|-resisted|p1a: Slowbro
|-damage|p1a: Slowbro|76\/394
|-status|p1a: Slowbro|brn
|move|p1a: Slowbro|Thunder Wave|p2a: Pinball Wizard
|-status|p2a: Pinball Wizard|par
|
|-damage|p1a: Slowbro|27\/394 brn|[from] brn
|turn|60
|join|Prankster
|
|switch|p2a: Baba O'Reily|Gengar, M, shiny|261\/261
|-damage|p2a: Baba O'Reily|229\/261|[from] Stealth Rock
|move|p1a: Slowbro|Slack Off|p1a: Slowbro
|-heal|p1a: Slowbro|224\/394 brn
|
|-damage|p1a: Slowbro|175\/394 brn|[from] brn
|turn|61
|c|âThe TurtleLord|hi prankster
|
|move|p2a: Baba O'Reily|Shadow Ball|p1a: Slowbro
|-supereffective|p1a: Slowbro
|-damage|p1a: Slowbro|0 fnt
|-damage|p2a: Baba O'Reily|203\/261|[from] item: Life Orb
|faint|p1a: Slowbro
|
|
|switch|p1a: Scizor|Scizor-Mega, M|214\/344
|-damage|p1a: Scizor|171\/344|[from] Spikes
|-damage|p1a: Scizor|128\/344|[from] Stealth Rock
|turn|62
|c| 3y3brows on fleek|pain split gar is dank
|
|switch|p2a: Pinball Wizard|Slowbro, M|390\/393 par
|-damage|p2a: Pinball Wizard|341\/393 par|[from] Stealth Rock
|move|p1a: Scizor|Bullet Punch|p2a: Pinball Wizard
|-resisted|p2a: Pinball Wizard
|-damage|p2a: Pinball Wizard|303\/393 par
|
|turn|63
|
|move|p1a: Scizor|Roost|p1a: Scizor
|-heal|p1a: Scizor|300\/344
|move|p2a: Pinball Wizard|Scald|p1a: Scizor
|-damage|p1a: Scizor|203\/344
|-status|p1a: Scizor|brn
|
|-damage|p1a: Scizor|160\/344 brn|[from] brn
|turn|64
|
|move|p1a: Scizor|Roost|p1a: Scizor
|-heal|p1a: Scizor|332\/344 brn
|move|p2a: Pinball Wizard|Scald|p1a: Scizor
|-crit|p1a: Scizor
|-damage|p1a: Scizor|190\/344 brn
|
|-damage|p1a: Scizor|147\/344 brn|[from] brn
|turn|65
|
|switch|p2a: Beast Of Burden|Ferrothorn, M|312\/351
|-damage|p2a: Beast Of Burden|291\/351|[from] Stealth Rock
|move|p1a: Scizor|Roost|p1a: Scizor
|-heal|p1a: Scizor|319\/344 brn
|
|-damage|p1a: Scizor|276\/344 brn|[from] brn
|turn|66
|
|move|p1a: Scizor|Swords Dance|p1a: Scizor
|-boost|p1a: Scizor|atk|2
|move|p2a: Beast Of Burden|Leech Seed|p1a: Scizor
|-start|p1a: Scizor|move: Leech Seed
|
|-damage|p1a: Scizor|233\/344 brn|[from] Leech Seed|[of] p2a: Beast Of Burden
|-heal|p2a: Beast Of Burden|334\/351|[silent]
|-damage|p1a: Scizor|190\/344 brn|[from] brn
|turn|67
|
|switch|p2a: Pinball Wizard|Slowbro, M|393\/393 par
|-damage|p2a: Pinball Wizard|344\/393 par|[from] Stealth Rock
|move|p1a: Scizor|Roost|p1a: Scizor
|-heal|p1a: Scizor|344\/344 brn
|
|-damage|p1a: Scizor|301\/344 brn|[from] Leech Seed|[of] p2a: Pinball Wizard
|-heal|p2a: Pinball Wizard|387\/393 par|[silent]
|-damage|p1a: Scizor|258\/344 brn|[from] brn
|turn|68
|
|switch|p1a: Chansey|Chansey, F|535\/704
|-damage|p1a: Chansey|447\/704|[from] Spikes
|-damage|p1a: Chansey|359\/704|[from] Stealth Rock
|move|p2a: Pinball Wizard|Scald|p1a: Chansey
|-crit|p1a: Chansey
|-damage|p1a: Chansey|266\/704
|
|turn|69
|c|âThe TurtleLord|sorry think im lagging
|c|âDayanne|zzzzz
|
|switch|p2a: Baba O'Reily|Gengar, M, shiny|203\/261
|-damage|p2a: Baba O'Reily|171\/261|[from] Stealth Rock
|move|p1a: Chansey|Soft-Boiled|p1a: Chansey
|-heal|p1a: Chansey|618\/704
|
|turn|70
|
|move|p2a: Baba O'Reily|Focus Blast|p1a: Chansey
|-supereffective|p1a: Chansey
|-damage|p1a: Chansey|397\/704
|-damage|p2a: Baba O'Reily|145\/261|[from] item: Life Orb
|move|p1a: Chansey|Heal Bell|p1a: Chansey
|-cureteam|p1a: Chansey|[from] move: HealBell
|
|turn|71
|
|move|p2a: Baba O'Reily|Shadow Ball|p1a: Chansey
|-immune|p1a: Chansey|[msg]
|move|p1a: Chansey|Soft-Boiled|p1a: Chansey
|-heal|p1a: Chansey|704\/704
|
|turn|72
|
|move|p2a: Baba O'Reily|Pain Split|p1a: Chansey
|-sethp|p1a: Chansey|424\/704|p2a: Baba O'Reily|261\/261|[from] move: Pain Split
|move|p1a: Chansey|Seismic Toss|p2a: Baba O'Reily
|-immune|p2a: Baba O'Reily|[msg]
|
|turn|73
|
|switch|p2a: Beast Of Burden|Ferrothorn, M|334\/351
|-damage|p2a: Beast Of Burden|313\/351|[from] Stealth Rock
|move|p1a: Chansey|Soft-Boiled|p1a: Chansey
|-heal|p1a: Chansey|704\/704
|
|turn|74
|
|switch|p1a: Scizor|Scizor-Mega, M|258\/344
|-damage|p1a: Scizor|215\/344|[from] Spikes
|-damage|p1a: Scizor|172\/344|[from] Stealth Rock
|move|p2a: Beast Of Burden|Spikes|p1a: Scizor
|-sidestart|p1: Dayanne|Spikes
|
|turn|75
|
|switch|p2a: Pinball Wizard|Slowbro, M|393\/393 par
|-damage|p2a: Pinball Wizard|344\/393 par|[from] Stealth Rock
|move|p1a: Scizor|Roost|p1a: Scizor
|-heal|p1a: Scizor|344\/344
|
|turn|76
|
|move|p1a: Scizor|Swords Dance|p1a: Scizor
|-boost|p1a: Scizor|atk|2
|move|p2a: Pinball Wizard|Scald|p1a: Scizor
|-damage|p1a: Scizor|251\/344
|
|turn|77
|
|move|p1a: Scizor|Swords Dance|p1a: Scizor
|-boost|p1a: Scizor|atk|2
|move|p2a: Pinball Wizard|Scald|p1a: Scizor
|-damage|p1a: Scizor|164\/344
|
|turn|78
|
|move|p1a: Scizor|Roost|p1a: Scizor
|-heal|p1a: Scizor|336\/344
|cant|p2a: Pinball Wizard|par
|
|turn|79
|c|âThe TurtleLord|come on burn where u at
|
|move|p1a: Scizor|Swords Dance|p1a: Scizor
|-boost|p1a: Scizor|atk|2
|move|p2a: Pinball Wizard|Scald|p1a: Scizor
|-damage|p1a: Scizor|240\/344
|
|turn|80
|c| 3y3brows on fleek|uh oh
|c|âDayanne|u win
|
|move|p1a: Scizor|Bullet Punch|p2a: Pinball Wizard
|-resisted|p2a: Pinball Wizard
|-damage|p2a: Pinball Wizard|199\/393 par
|move|p2a: Pinball Wizard|Scald|p1a: Scizor
|-damage|p1a: Scizor|152\/344
|
|turn|81
|c|âDayanne|a very long time
|c| 3y3brows on fleek|wow
|c| 3y3brows on fleek|unlucky
|
|move|p1a: Scizor|Roost|p1a: Scizor
|-heal|p1a: Scizor|324\/344
|move|p2a: Pinball Wizard|Slack Off|p2a: Pinball Wizard
|-heal|p2a: Pinball Wizard|393\/393 par
|
|turn|82
|
|move|p1a: Scizor|Bullet Punch|p2a: Pinball Wizard
|-resisted|p2a: Pinball Wizard
|-damage|p2a: Pinball Wizard|249\/393 par
|cant|p2a: Pinball Wizard|par
|
|turn|83
|
|move|p1a: Scizor|Bullet Punch|p2a: Pinball Wizard
|-resisted|p2a: Pinball Wizard
|-damage|p2a: Pinball Wizard|105\/393 par
|move|p2a: Pinball Wizard|Slack Off|p2a: Pinball Wizard
|-heal|p2a: Pinball Wizard|302\/393 par
|
|turn|84
|
|move|p1a: Scizor|Bullet Punch|p2a: Pinball Wizard
|-resisted|p2a: Pinball Wizard
|-damage|p2a: Pinball Wizard|175\/393 par
|move|p2a: Pinball Wizard|Scald|p1a: Scizor
|-damage|p1a: Scizor|234\/344
|
|turn|85
|c| GreatLuke|scald 0% burn confirmed
|
|move|p1a: Scizor|Superpower|p2a: Pinball Wizard
|-resisted|p2a: Pinball Wizard
|-damage|p2a: Pinball Wizard|2\/393 par
|-unboost|p1a: Scizor|atk|1
|-unboost|p1a: Scizor|def|1
|cant|p2a: Pinball Wizard|par
|
|turn|86
|c|âThe TurtleLord|:[
|
|switch|p2a: Magic Bus|Heatran, M|55\/385 par
|-damage|p2a: Magic Bus|7\/385 par|[from] Stealth Rock
|move|p1a: Scizor|Bullet Punch|p2a: Magic Bus
|-resisted|p2a: Magic Bus
|-damage|p2a: Magic Bus|0 fnt
|faint|p2a: Magic Bus
|
|c|âDayanne|burn 3 times
|c|âDayanne|zor
|
|switch|p2a: Pinball Wizard|Slowbro, M|133\/393 par
|-damage|p2a: Pinball Wizard|84\/393 par|[from] Stealth Rock
|turn|87
|
|switch|p2a: Spirit In The Sky|Tornadus-Therian, M|259\/332
|-damage|p2a: Spirit In The Sky|176\/332|[from] Stealth Rock
|move|p1a: Scizor|Bullet Punch|p2a: Spirit In The Sky
|-damage|p2a: Spirit In The Sky|0 fnt
|faint|p2a: Spirit In The Sky
|
|
|switch|p2a: Pinball Wizard|Slowbro, M|215\/393 par
|-damage|p2a: Pinball Wizard|166\/393 par|[from] Stealth Rock
|turn|88
|
|move|p1a: Scizor|Bullet Punch|p2a: Pinball Wizard
|-resisted|p2a: Pinball Wizard
|-damage|p2a: Pinball Wizard|56\/393 par
|cant|p2a: Pinball Wizard|par
|
|turn|89
|c|âThe TurtleLord|oh come on
|c|âThe TurtleLord|lol
|
|switch|p2a: Beast Of Burden|Ferrothorn, M|313\/351
|-damage|p2a: Beast Of Burden|292\/351|[from] Stealth Rock
|move|p1a: Scizor|Superpower|p2a: Beast Of Burden
|-supereffective|p2a: Beast Of Burden
|-damage|p2a: Beast Of Burden|0 fnt
|-damage|p1a: Scizor|191\/344|[from] ability: Iron Barbs|[of] p2a: Beast Of Burden
|-unboost|p1a: Scizor|atk|1
|-unboost|p1a: Scizor|def|1
|faint|p2a: Beast Of Burden
|
|leave|Prankster
|
|switch|p2a: Pinball Wizard|Slowbro, M|187\/393 par
|-damage|p2a: Pinball Wizard|138\/393 par|[from] Stealth Rock
|turn|90
|
|move|p1a: Scizor|Bullet Punch|p2a: Pinball Wizard
|-resisted|p2a: Pinball Wizard
|-damage|p2a: Pinball Wizard|33\/393 par
|cant|p2a: Pinball Wizard|par
|
|turn|91
|c|âThe TurtleLord|ok
|c|âThe TurtleLord|honestly..
|-message|The TurtleLord forfeited.
|c|âThe TurtleLord|:[
|
|win|Dayanne
|raw|Ladder updating...
|raw|Dayanne's rating: 1709 &rarr; <strong>1719<\/strong><br \/>(+10 for winning)
|raw|The TurtleLord's rating: 1517 &rarr; <strong>1507<\/strong><br \/>(-10 for losing)
|c|âThe TurtleLord|stupid hax
|c|âThe TurtleLord|gg
|leave|The TurtleLord
|player|p2
|c|âDayanne|nice job zor
|c|âDayanne|im bad today