|join|Dayanne
|join|korekara
|player|p1|Dayanne|37
|player|p2|korekara|102
|gametype|singles
|gen|6
|tier|OU
|rated
|clearpoke
|poke|p1|Chansey, F
|poke|p1|Zapdos
|poke|p1|Scizor, M
|poke|p1|Clefable, F
|poke|p1|Gliscor, M
|poke|p1|Slowbro, M
|poke|p2|Manectric, M
|poke|p2|Celebi
|poke|p2|Keldeo
|poke|p2|Landorus-Therian, M
|poke|p2|Klefki, F
|poke|p2|Latias, F
|rule|Swagger Clause: Swagger is banned
|rule|Baton Pass Clause: Limit one PokÃ©mon knowing Baton Pass
|rule|Sleep Clause Mod: Limit one foe put to sleep
|rule|Species Clause: Limit one of each PokÃ©mon
|rule|OHKO Clause: OHKO moves are banned
|rule|Moody Clause: Moody is banned
|rule|Evasion Moves Clause: Evasion moves are banned
|rule|Endless Battle Clause: Forcing endless battles is banned
|rule|HP Percentage Mod: HP is shown in percentages
|teampreview
|
|start
|switch|p1a: Slowbro|Slowbro, M|394\/394
|switch|p2a: Manectric|Manectric, M|281\/281
|turn|1
|
|switch|p1a: Gliscor|Gliscor, M|352\/352
|detailschange|p2a: Manectric|Manectric-Mega, M
|-mega|p2a: Manectric|Manectric|Manectite
|-ability|p2a: Manectric|Intimidate|[of] p1a: Gliscor
|-unboost|p1a: Gliscor|atk|1
|move|p2a: Manectric|Volt Switch|p1a: Gliscor
|-immune|p1a: Gliscor|[msg]
|
|-status|p1a: Gliscor|tox|[from] item: Toxic Orb
|turn|2
|
|switch|p2a: Landorus-Therian|Landorus-Therian, M|382\/382
|-ability|p2a: Landorus-Therian|Intimidate|[of] p1a: Gliscor
|-unboost|p1a: Gliscor|atk|1
|switch|p1a: Chansey|Chansey, F|704\/704
|
|turn|3
|
|move|p2a: Landorus-Therian|Stealth Rock|p1a: Chansey
|-sidestart|p1: Dayanne|move: Stealth Rock
|move|p1a: Chansey|Stealth Rock|p2a: Landorus-Therian
|-sidestart|p2: korekara|move: Stealth Rock
|
|turn|4
|
|switch|p1a: Gliscor|Gliscor, M|352\/352 tox
|-damage|p1a: Gliscor|308\/352 tox|[from] Stealth Rock
|move|p2a: Landorus-Therian|U-turn|p1a: Gliscor
|-resisted|p1a: Gliscor
|-damage|p1a: Gliscor|275\/352 tox
|
|switch|p2a: Keldeo|Keldeo|323\/323
|-damage|p2a: Keldeo|303\/323|[from] Stealth Rock
|
|-heal|p1a: Gliscor|319\/352 tox|[from] ability: Poison Heal
|turn|5
|
|switch|p1a: Slowbro|Slowbro, M|394\/394
|-damage|p1a: Slowbro|345\/394|[from] Stealth Rock
|move|p2a: Keldeo|Scald|p1a: Slowbro
|-resisted|p1a: Slowbro
|-damage|p1a: Slowbro|212\/394
|-status|p1a: Slowbro|brn
|
|-heal|p1a: Slowbro|236\/394 brn|[from] item: Leftovers
|-damage|p1a: Slowbro|187\/394 brn|[from] brn
|turn|6
|
|switch|p2a: Celebi|Celebi|403\/403
|-damage|p2a: Celebi|353\/403|[from] Stealth Rock
|switch|p1a: Chansey|Chansey, F|704\/704
|-damage|p1a: Chansey|616\/704|[from] Stealth Rock
|
|turn|7
|
|move|p2a: Celebi|Baton Pass|p2a: Celebi
|
|switch|p2a: Klefki|Klefki, F|318\/318
|-damage|p2a: Klefki|299\/318|[from] Stealth Rock
|move|p1a: Chansey|Heal Bell|p1a: Chansey
|-cureteam|p1a: Chansey|[from] move: HealBell
|
|-heal|p2a: Klefki|318\/318|[from] item: Leftovers
|turn|8
|
|switch|p1a: Zapdos|Zapdos|384\/384
|-damage|p1a: Zapdos|288\/384|[from] Stealth Rock
|-ability|p1a: Zapdos|Pressure
|move|p2a: Klefki|Spikes|p1a: Zapdos
|-sidestart|p1: Dayanne|Spikes
|
|-heal|p1a: Zapdos|312\/384|[from] item: Leftovers
|turn|9
|
|move|p2a: Klefki|Toxic|p1a: Zapdos
|-status|p1a: Zapdos|tox
|move|p1a: Zapdos|Defog|p2a: Klefki
|-unboost|p2a: Klefki|evasion|1
|-sideend|p2: korekara|Stealth Rock|[from] move: Defog|[of] p2a: Klefki
|-sideend|p1: Dayanne|Spikes|[from] move: Defog|[of] p1a: Zapdos
|-sideend|p1: Dayanne|Stealth Rock|[from] move: Defog|[of] p1a: Zapdos
|
|-heal|p1a: Zapdos|336\/384 tox|[from] item: Leftovers
|-damage|p1a: Zapdos|312\/384 tox|[from] psn
|turn|10
|
|switch|p2a: Landorus-Therian|Landorus-Therian, M|382\/382
|-ability|p2a: Landorus-Therian|Intimidate|[of] p1a: Zapdos
|-unboost|p1a: Zapdos|atk|1
|move|p1a: Zapdos|Heat Wave|p2a: Landorus-Therian
|-miss|p1a: Zapdos|p2a: Landorus-Therian
|
|-heal|p1a: Zapdos|336\/384 tox|[from] item: Leftovers
|-damage|p1a: Zapdos|288\/384 tox|[from] psn
|turn|11
|
|switch|p1a: Gliscor|Gliscor, M|319\/352
|move|p2a: Landorus-Therian|U-turn|p1a: Gliscor
|-resisted|p1a: Gliscor
|-damage|p1a: Gliscor|288\/352
|
|switch|p2a: Keldeo|Keldeo|303\/323
|
|-status|p1a: Gliscor|tox|[from] item: Toxic Orb
|turn|12
|
|switch|p1a: Slowbro|Slowbro, M|318\/394
|move|p2a: Keldeo|Scald|p1a: Slowbro
|-resisted|p1a: Slowbro
|-damage|p1a: Slowbro|189\/394
|
|-heal|p1a: Slowbro|213\/394|[from] item: Leftovers
|turn|13
|
|switch|p2a: Celebi|Celebi|353\/403
|move|p1a: Slowbro|Thunder Wave|p2a: Celebi
|-status|p2a: Celebi|par
|
|-heal|p1a: Slowbro|237\/394|[from] item: Leftovers
|turn|14
|
|switch|p1a: Chansey|Chansey, F|616\/704
|cant|p2a: Celebi|par
|
|turn|15
|
|move|p1a: Chansey|Stealth Rock|p2a: Celebi
|-sidestart|p2: korekara|move: Stealth Rock
|move|p2a: Celebi|Baton Pass|p2a: Celebi
|
|switch|p2a: Klefki|Klefki, F|318\/318
|-damage|p2a: Klefki|299\/318|[from] Stealth Rock
|
|-heal|p2a: Klefki|318\/318|[from] item: Leftovers
|turn|16
|
|switch|p1a: Gliscor|Gliscor, M|288\/352 tox
|move|p2a: Klefki|Heal Block|p1a: Gliscor
|-start|p1a: Gliscor|move: Heal Block
|
|turn|17
|
|switch|p2a: Landorus-Therian|Landorus-Therian, M|382\/382
|-damage|p2a: Landorus-Therian|335\/382|[from] Stealth Rock
|-ability|p2a: Landorus-Therian|Intimidate|[of] p1a: Gliscor
|-unboost|p1a: Gliscor|atk|1
|move|p1a: Gliscor|Taunt|p2a: Landorus-Therian
|-start|p2a: Landorus-Therian|move: Taunt
|
|-heal|p2a: Landorus-Therian|358\/382|[from] item: Leftovers
|turn|18
|
|move|p1a: Gliscor|Knock Off|p2a: Landorus-Therian
|-damage|p2a: Landorus-Therian|318\/382
|-enditem|p2a: Landorus-Therian|Leftovers|[from] move: Knock Off|[of] p1a: Gliscor
|move|p2a: Landorus-Therian|U-turn|p1a: Gliscor
|-resisted|p1a: Gliscor
|-damage|p1a: Gliscor|255\/352 tox
|
|switch|p2a: Keldeo|Keldeo|303\/323
|-damage|p2a: Keldeo|283\/323|[from] Stealth Rock
|
|turn|19
|
|switch|p1a: Slowbro|Slowbro, M|368\/394
|move|p2a: Keldeo|Scald|p1a: Slowbro
|-resisted|p1a: Slowbro
|-damage|p1a: Slowbro|235\/394
|
|-heal|p1a: Slowbro|259\/394|[from] item: Leftovers
|turn|20
|
|move|p2a: Keldeo|Scald|p1a: Slowbro
|-resisted|p1a: Slowbro
|-damage|p1a: Slowbro|134\/394
|move|p1a: Slowbro|Thunder Wave|p2a: Keldeo
|-status|p2a: Keldeo|par
|
|-heal|p1a: Slowbro|158\/394|[from] item: Leftovers
|turn|21
|
|move|p1a: Slowbro|Slack Off|p1a: Slowbro
|-heal|p1a: Slowbro|355\/394
|move|p2a: Keldeo|Scald|p1a: Slowbro
|-resisted|p1a: Slowbro
|-damage|p1a: Slowbro|238\/394
|-status|p1a: Slowbro|brn
|
|-heal|p1a: Slowbro|262\/394 brn|[from] item: Leftovers
|-damage|p1a: Slowbro|213\/394 brn|[from] brn
|turn|22
|
|switch|p1a: Chansey|Chansey, F|616\/704
|switch|p2a: Celebi|Celebi|353\/403
|-damage|p2a: Celebi|303\/403|[from] Stealth Rock
|
|turn|23
|
|move|p2a: Celebi|Heal Bell|p2a: Celebi
|-cureteam|p2a: Celebi|[from] move: HealBell
|move|p1a: Chansey|Heal Bell|p1a: Chansey
|-cureteam|p1a: Chansey|[from] move: HealBell
|
|turn|24
|
|switch|p2a: Klefki|Klefki, F|318\/318
|-damage|p2a: Klefki|299\/318|[from] Stealth Rock
|move|p1a: Chansey|Seismic Toss|p2a: Klefki
|-damage|p2a: Klefki|199\/318
|
|-heal|p2a: Klefki|218\/318|[from] item: Leftovers
|turn|25
|
|move|p2a: Klefki|Spikes|p1a: Chansey
|-sidestart|p1: Dayanne|Spikes
|move|p1a: Chansey|Seismic Toss|p2a: Klefki
|-damage|p2a: Klefki|118\/318
|
|-heal|p2a: Klefki|137\/318|[from] item: Leftovers
|turn|26
|
|switch|p1a: Zapdos|Zapdos|288\/384
|-ability|p1a: Zapdos|Pressure
|move|p2a: Klefki|Spikes|p1a: Zapdos
|-sidestart|p1: Dayanne|Spikes
|
|-heal|p1a: Zapdos|312\/384|[from] item: Leftovers
|-heal|p2a: Klefki|156\/318|[from] item: Leftovers
|turn|27
|
|move|p2a: Klefki|Toxic|p1a: Zapdos
|-status|p1a: Zapdos|tox
|move|p1a: Zapdos|Defog|p2a: Klefki
|-unboost|p2a: Klefki|evasion|1
|-sideend|p2: korekara|Stealth Rock|[from] move: Defog|[of] p2a: Klefki
|-sideend|p1: Dayanne|Spikes|[from] move: Defog|[of] p1a: Zapdos
|
|-heal|p1a: Zapdos|336\/384 tox|[from] item: Leftovers
|-heal|p2a: Klefki|175\/318|[from] item: Leftovers
|-damage|p1a: Zapdos|312\/384 tox|[from] psn
|turn|28
|
|switch|p2a: Latias|Latias, F|319\/319
|move|p1a: Zapdos|Heat Wave|p2a: Latias
|-resisted|p2a: Latias
|-damage|p2a: Latias|282\/319
|
|-heal|p1a: Zapdos|336\/384 tox|[from] item: Leftovers
|-damage|p1a: Zapdos|288\/384 tox|[from] psn
|turn|29
|
|switch|p2a: Keldeo|Keldeo|283\/323
|switch|p1a: Chansey|Chansey, F|616\/704
|
|turn|30
|
|switch|p2a: Manectric|Manectric-Mega, M|281\/281
|-ability|p2a: Manectric|Intimidate|[of] p1a: Chansey
|-unboost|p1a: Chansey|atk|1
|switch|p1a: Slowbro|Slowbro, M|344\/394
|
|-heal|p1a: Slowbro|368\/394|[from] item: Leftovers
|turn|31
|
|switch|p1a: Chansey|Chansey, F|616\/704
|move|p2a: Manectric|Volt Switch|p1a: Chansey
|-damage|p1a: Chansey|528\/704
|
|switch|p2a: Keldeo|Keldeo|283\/323
|
|turn|32
|
|switch|p1a: Slowbro|Slowbro, M|394\/394
|move|p2a: Keldeo|Hydro Pump|p1a: Slowbro
|-resisted|p1a: Slowbro
|-damage|p1a: Slowbro|214\/394
|
|-heal|p1a: Slowbro|238\/394|[from] item: Leftovers
|turn|33
|
|switch|p2a: Manectric|Manectric-Mega, M|281\/281
|-ability|p2a: Manectric|Intimidate|[of] p1a: Slowbro
|-unboost|p1a: Slowbro|atk|1
|move|p1a: Slowbro|Psyshock|p2a: Manectric
|-damage|p2a: Manectric|178\/281
|
|-heal|p1a: Slowbro|262\/394|[from] item: Leftovers
|turn|34
|
|switch|p1a: Chansey|Chansey, F|528\/704
|move|p2a: Manectric|Volt Switch|p1a: Chansey
|-damage|p1a: Chansey|447\/704
|
|switch|p2a: Keldeo|Keldeo|283\/323
|
|turn|35
|
|switch|p1a: Slowbro|Slowbro, M|393\/394
|move|p2a: Keldeo|Hydro Pump|p1a: Slowbro
|-resisted|p1a: Slowbro
|-damage|p1a: Slowbro|209\/394
|
|-heal|p1a: Slowbro|233\/394|[from] item: Leftovers
|turn|36
|
|switch|p2a: Celebi|Celebi|303\/403
|move|p1a: Slowbro|Scald|p2a: Celebi
|-resisted|p2a: Celebi
|-damage|p2a: Celebi|266\/403
|
|-heal|p1a: Slowbro|257\/394|[from] item: Leftovers
|turn|37
|
|switch|p1a: Gliscor|Gliscor, M|255\/352
|move|p2a: Celebi|Baton Pass|p2a: Celebi
|
|switch|p2a: Keldeo|Keldeo|283\/323
|
|-status|p1a: Gliscor|tox|[from] item: Toxic Orb
|turn|38
|
|switch|p1a: Chansey|Chansey, F|447\/704
|move|p2a: Keldeo|Scald|p1a: Chansey
|-damage|p1a: Chansey|314\/704
|-status|p1a: Chansey|brn
|
|-damage|p1a: Chansey|226\/704 brn|[from] brn
|turn|39
|
|switch|p2a: Landorus-Therian|Landorus-Therian, M|318\/382
|-ability|p2a: Landorus-Therian|Intimidate|[of] p1a: Chansey
|-unboost|p1a: Chansey|atk|1
|move|p1a: Chansey|Soft-Boiled|p1a: Chansey
|-heal|p1a: Chansey|578\/704 brn
|
|-damage|p1a: Chansey|490\/704 brn|[from] brn
|turn|40
|
|move|p2a: Landorus-Therian|Stealth Rock|p1a: Chansey
|-sidestart|p1: Dayanne|move: Stealth Rock
|move|p1a: Chansey|Stealth Rock|p2a: Landorus-Therian
|-sidestart|p2: korekara|move: Stealth Rock
|
|-damage|p1a: Chansey|402\/704 brn|[from] brn
|turn|41
|
|move|p2a: Landorus-Therian|U-turn|p1a: Chansey
|-damage|p1a: Chansey|300\/704 brn
|
|switch|p2a: Klefki|Klefki, F|175\/318
|-damage|p2a: Klefki|156\/318|[from] Stealth Rock
|move|p1a: Chansey|Soft-Boiled|p1a: Chansey
|-heal|p1a: Chansey|652\/704 brn
|
|-heal|p2a: Klefki|175\/318|[from] item: Leftovers
|-damage|p1a: Chansey|564\/704 brn|[from] brn
|turn|42
|
|move|p2a: Klefki|Heal Block|p1a: Chansey
|-start|p1a: Chansey|move: Heal Block
|move|p1a: Chansey|Heal Bell|p1a: Chansey
|-cureteam|p1a: Chansey|[from] move: HealBell
|
|-heal|p2a: Klefki|194\/318|[from] item: Leftovers
|turn|43
|
|switch|p1a: Zapdos|Zapdos|288\/384
|-damage|p1a: Zapdos|192\/384|[from] Stealth Rock
|-ability|p1a: Zapdos|Pressure
|move|p2a: Klefki|Toxic|p1a: Zapdos
|-status|p1a: Zapdos|tox
|
|-heal|p1a: Zapdos|216\/384 tox|[from] item: Leftovers
|-heal|p2a: Klefki|213\/318|[from] item: Leftovers
|-damage|p1a: Zapdos|192\/384 tox|[from] psn
|turn|44
|
|move|p1a: Zapdos|Roost|p1a: Zapdos
|-heal|p1a: Zapdos|384\/384 tox
|move|p2a: Klefki|Play Rough|p1a: Zapdos
|-damage|p1a: Zapdos|308\/384 tox
|
|-heal|p1a: Zapdos|332\/384 tox|[from] item: Leftovers
|-heal|p2a: Klefki|232\/318|[from] item: Leftovers
|-damage|p1a: Zapdos|284\/384 tox|[from] psn
|turn|45
|
|switch|p2a: Latias|Latias, F|282\/319
|-damage|p2a: Latias|243\/319|[from] Stealth Rock
|move|p1a: Zapdos|Heat Wave|p2a: Latias
|-resisted|p2a: Latias
|-damage|p2a: Latias|204\/319
|
|-heal|p1a: Zapdos|308\/384 tox|[from] item: Leftovers
|-damage|p1a: Zapdos|236\/384 tox|[from] psn
|turn|46
|
|switch|p2a: Klefki|Klefki, F|232\/318
|-damage|p2a: Klefki|213\/318|[from] Stealth Rock
|switch|p1a: Chansey|Chansey, F|564\/704
|-damage|p1a: Chansey|476\/704|[from] Stealth Rock
|
|-heal|p2a: Klefki|232\/318|[from] item: Leftovers
|turn|47
|
|switch|p1a: Gliscor|Gliscor, M|255\/352
|-damage|p1a: Gliscor|211\/352|[from] Stealth Rock
|move|p2a: Klefki|Spikes|p1a: Gliscor
|-sidestart|p1: Dayanne|Spikes
|
|-heal|p2a: Klefki|251\/318|[from] item: Leftovers
|-status|p1a: Gliscor|tox|[from] item: Toxic Orb
|turn|48
|
|move|p2a: Klefki|Spikes|p1a: Gliscor
|-sidestart|p1: Dayanne|Spikes
|move|p1a: Gliscor|Knock Off|p2a: Klefki
|-resisted|p2a: Klefki
|-damage|p2a: Klefki|212\/318
|-enditem|p2a: Klefki|Leftovers|[from] move: Knock Off|[of] p1a: Gliscor
|
|-heal|p1a: Gliscor|255\/352 tox|[from] ability: Poison Heal
|turn|49
|
|switch|p1a: Zapdos|Zapdos|236\/384 tox
|-damage|p1a: Zapdos|140\/384 tox|[from] Stealth Rock
|-ability|p1a: Zapdos|Pressure
|switch|p2a: Landorus-Therian|Landorus-Therian, M|318\/382
|-damage|p2a: Landorus-Therian|271\/382|[from] Stealth Rock
|-ability|p2a: Landorus-Therian|Intimidate|[of] p1a: Zapdos
|-unboost|p1a: Zapdos|atk|1
|
|-heal|p1a: Zapdos|164\/384 tox|[from] item: Leftovers
|-damage|p1a: Zapdos|140\/384 tox|[from] psn
|turn|50
|
|move|p1a: Zapdos|Defog|p2a: Landorus-Therian
|-unboost|p2a: Landorus-Therian|evasion|1
|-sideend|p2: korekara|Stealth Rock|[from] move: Defog|[of] p2a: Landorus-Therian
|-sideend|p1: Dayanne|Spikes|[from] move: Defog|[of] p1a: Zapdos
|-sideend|p1: Dayanne|Stealth Rock|[from] move: Defog|[of] p1a: Zapdos
|move|p2a: Landorus-Therian|Stone Edge|p1a: Zapdos
|-supereffective|p1a: Zapdos
|-damage|p1a: Zapdos|0 fnt
|faint|p1a: Zapdos
|
|
|switch|p1a: Slowbro|Slowbro, M|388\/394
|turn|51
|
|move|p2a: Landorus-Therian|U-turn|p1a: Slowbro
|-supereffective|p1a: Slowbro
|-damage|p1a: Slowbro|294\/394
|
|switch|p2a: Celebi|Celebi|266\/403
|move|p1a: Slowbro|Scald|p2a: Celebi
|-crit|p2a: Celebi
|-resisted|p2a: Celebi
|-damage|p2a: Celebi|212\/403
|
|-heal|p1a: Slowbro|318\/394|[from] item: Leftovers
|turn|52
|
|switch|p1a: Scizor|Scizor, M|344\/344
|move|p2a: Celebi|Recover|p2a: Celebi
|-heal|p2a: Celebi|403\/403
|
|turn|53
|
|switch|p2a: Landorus-Therian|Landorus-Therian, M|271\/382
|-ability|p2a: Landorus-Therian|Intimidate|[of] p1a: Scizor
|-unboost|p1a: Scizor|atk|1
|detailschange|p1a: Scizor|Scizor-Mega, M
|-mega|p1a: Scizor|Scizor|Scizorite
|move|p1a: Scizor|Swords Dance|p1a: Scizor
|-boost|p1a: Scizor|atk|2
|
|turn|54
|
|move|p1a: Scizor|Swords Dance|p1a: Scizor
|-boost|p1a: Scizor|atk|2
|move|p2a: Landorus-Therian|U-turn|p1a: Scizor
|-resisted|p1a: Scizor
|-damage|p1a: Scizor|321\/344
|
|switch|p2a: Manectric|Manectric-Mega, M|178\/281
|-ability|p2a: Manectric|Intimidate|[of] p1a: Scizor
|-unboost|p1a: Scizor|atk|1
|
|turn|55
|
|switch|p2a: Landorus-Therian|Landorus-Therian, M|271\/382
|-ability|p2a: Landorus-Therian|Intimidate|[of] p1a: Scizor
|-unboost|p1a: Scizor|atk|1
|switch|p1a: Chansey|Chansey, F|476\/704
|
|turn|56
|
|move|p2a: Landorus-Therian|Stealth Rock|p1a: Chansey
|-sidestart|p1: Dayanne|move: Stealth Rock
|move|p1a: Chansey|Stealth Rock|p2a: Landorus-Therian
|-sidestart|p2: korekara|move: Stealth Rock
|
|turn|57
|
|move|p2a: Landorus-Therian|U-turn|p1a: Chansey
|-damage|p1a: Chansey|371\/704
|
|switch|p2a: Klefki|Klefki, F|212\/318
|-damage|p2a: Klefki|193\/318|[from] Stealth Rock
|move|p1a: Chansey|Seismic Toss|p2a: Klefki
|-damage|p2a: Klefki|93\/318
|
|turn|58
|
|move|p2a: Klefki|Spikes|p1a: Chansey
|-sidestart|p1: Dayanne|Spikes
|move|p1a: Chansey|Seismic Toss|p2a: Klefki
|-damage|p2a: Klefki|0 fnt
|faint|p2a: Klefki
|
|
|switch|p2a: Keldeo|Keldeo|283\/323
|-damage|p2a: Keldeo|263\/323|[from] Stealth Rock
|turn|59
|
|move|p2a: Keldeo|Hydro Pump|p1a: Chansey
|-crit|p1a: Chansey
|-damage|p1a: Chansey|103\/704
|move|p1a: Chansey|Soft-Boiled|p1a: Chansey
|-heal|p1a: Chansey|455\/704
|
|turn|60
|
|move|p2a: Keldeo|Hydro Pump|p1a: Chansey|[miss]
|-miss|p2a: Keldeo|p1a: Chansey
|move|p1a: Chansey|Soft-Boiled|p1a: Chansey
|-heal|p1a: Chansey|704\/704
|
|turn|61
|-message|korekara forfeited.
|
|win|Dayanne
|raw|Ladder updating...
|leave|korekara
|player|p2
|raw|Dayanne's rating: 1757 &rarr; <strong>1766<\/strong><br \/>(+9 for winning)
|raw|korekara's rating: 1533 &rarr; <strong>1524<\/strong><br \/>(-9 for losing)