|join|Dayanne
|join|cpt.sully
|player|p1|Dayanne|37
|player|p2|cpt.sully|278
|gametype|singles
|gen|6
|tier|OU
|rated
|clearpoke
|poke|p1|Chansey, F
|poke|p1|Zapdos
|poke|p1|Scizor, M
|poke|p1|Clefable, F
|poke|p1|Gliscor, M
|poke|p1|Slowbro, M
|poke|p2|Slowbro, F
|poke|p2|Magnezone
|poke|p2|Talonflame, M
|poke|p2|Garchomp, M
|poke|p2|Greninja, M
|poke|p2|Ferrothorn, F
|rule|Swagger Clause: Swagger is banned
|rule|Baton Pass Clause: Limit one PokÃ©mon knowing Baton Pass
|rule|Sleep Clause Mod: Limit one foe put to sleep
|rule|Species Clause: Limit one of each PokÃ©mon
|rule|OHKO Clause: OHKO moves are banned
|rule|Moody Clause: Moody is banned
|rule|Evasion Moves Clause: Evasion moves are banned
|rule|Endless Battle Clause: Forcing endless battles is banned
|rule|HP Percentage Mod: HP is shown in percentages
|teampreview
|
|start
|switch|p1a: Slowbro|Slowbro, M|394\/394
|switch|p2a: Ferrothorn|Ferrothorn, F|289\/289
|turn|1
|
|switch|p1a: Zapdos|Zapdos|384\/384
|-ability|p1a: Zapdos|Pressure
|move|p2a: Ferrothorn|Leech Seed|p1a: Zapdos
|-start|p1a: Zapdos|move: Leech Seed
|
|-damage|p1a: Zapdos|336\/384|[from] Leech Seed|[of] p2a: Ferrothorn
|turn|2
|
|move|p2a: Ferrothorn|Protect|p2a: Ferrothorn
|-singleturn|p2a: Ferrothorn|Protect
|move|p1a: Zapdos|Heat Wave|p2a: Ferrothorn
|-activate|p2a: Ferrothorn|Protect
|
|-heal|p1a: Zapdos|360\/384|[from] item: Leftovers
|-damage|p1a: Zapdos|312\/384|[from] Leech Seed|[of] p2a: Ferrothorn
|turn|3
|
|switch|p2a: Talonflame|Talonflame, M|297\/297
|move|p1a: Zapdos|Volt Switch|p2a: Talonflame
|-supereffective|p2a: Talonflame
|-damage|p2a: Talonflame|63\/297
|
|switch|p1a: Gliscor|Gliscor, M|352\/352
|
|-status|p1a: Gliscor|tox|[from] item: Toxic Orb
|turn|4
|
|move|p2a: Talonflame|Roost|p2a: Talonflame
|-heal|p2a: Talonflame|212\/297
|move|p1a: Gliscor|Earthquake|p2a: Talonflame
|-supereffective|p2a: Talonflame
|-damage|p2a: Talonflame|0 fnt
|faint|p2a: Talonflame
|
|
|switch|p2a: Slowbro|Slowbro, F|394\/394
|turn|5
|
|detailschange|p2a: Slowbro|Slowbro-Mega, F
|-mega|p2a: Slowbro|Slowbro|Slowbronite
|move|p1a: Gliscor|Taunt|p2a: Slowbro
|-start|p2a: Slowbro|move: Taunt
|move|p2a: Slowbro|Scald|p1a: Gliscor
|-supereffective|p1a: Gliscor
|-damage|p1a: Gliscor|118\/352 tox
|
|-heal|p1a: Gliscor|162\/352 tox|[from] ability: Poison Heal
|turn|6
|
|switch|p1a: Chansey|Chansey, F|704\/704
|move|p2a: Slowbro|Scald|p1a: Chansey
|-damage|p1a: Chansey|632\/704
|
|turn|7
|
|switch|p2a: Ferrothorn|Ferrothorn, F|289\/289
|move|p1a: Chansey|Stealth Rock|p2a: Ferrothorn
|-sidestart|p2: cpt.sully|move: Stealth Rock
|
|turn|8
|
|switch|p1a: Gliscor|Gliscor, M|162\/352 tox
|move|p2a: Ferrothorn|Stealth Rock|p1a: Gliscor
|-sidestart|p1: Dayanne|move: Stealth Rock
|
|-heal|p1a: Gliscor|206\/352 tox|[from] ability: Poison Heal
|turn|9
|
|move|p1a: Gliscor|Knock Off|p2a: Ferrothorn
|-damage|p2a: Ferrothorn|233\/289
|-damage|p1a: Gliscor|162\/352 tox|[from] ability: Iron Barbs|[of] p2a: Ferrothorn
|-enditem|p2a: Ferrothorn|Leftovers|[from] move: Knock Off|[of] p1a: Gliscor
|move|p2a: Ferrothorn|Gyro Ball|p1a: Gliscor
|-crit|p1a: Gliscor
|-damage|p1a: Gliscor|0 fnt
|faint|p1a: Gliscor
|
|
|switch|p1a: Zapdos|Zapdos|312\/384
|-damage|p1a: Zapdos|216\/384|[from] Stealth Rock
|-ability|p1a: Zapdos|Pressure
|turn|10
|
|move|p2a: Ferrothorn|Protect|p2a: Ferrothorn
|-singleturn|p2a: Ferrothorn|Protect
|move|p1a: Zapdos|Heat Wave|p2a: Ferrothorn
|-activate|p2a: Ferrothorn|Protect
|
|-heal|p1a: Zapdos|240\/384|[from] item: Leftovers
|turn|11
|
|switch|p2a: Garchomp|Garchomp, M|357\/357
|-damage|p2a: Garchomp|335\/357|[from] Stealth Rock
|move|p1a: Zapdos|Defog|p2a: Garchomp
|-unboost|p2a: Garchomp|evasion|1
|-sideend|p2: cpt.sully|Stealth Rock|[from] move: Defog|[of] p2a: Garchomp
|-sideend|p1: Dayanne|Stealth Rock|[from] move: Defog|[of] p1a: Zapdos
|
|-heal|p1a: Zapdos|264\/384|[from] item: Leftovers
|turn|12
|
|switch|p1a: Clefable|Clefable, F|394\/394
|move|p2a: Garchomp|Stone Edge|p1a: Clefable
|-damage|p1a: Clefable|273\/394
|
|-heal|p1a: Clefable|297\/394|[from] item: Leftovers
|turn|13
|
|switch|p2a: Ferrothorn|Ferrothorn, F|233\/289
|move|p1a: Clefable|Wish|p1a: Clefable
|
|-heal|p1a: Clefable|321\/394|[from] item: Leftovers
|turn|14
|
|switch|p1a: Zapdos|Zapdos|264\/384
|-ability|p1a: Zapdos|Pressure
|move|p2a: Ferrothorn|Leech Seed|p1a: Zapdos
|-start|p1a: Zapdos|move: Leech Seed
|
|-heal|p1a: Zapdos|384\/384|[from] move: Wish|[wisher] Clefable
|-damage|p1a: Zapdos|336\/384|[from] Leech Seed|[of] p2a: Ferrothorn
|-heal|p2a: Ferrothorn|281\/289|[silent]
|turn|15
|
|switch|p1a: Clefable|Clefable, F|321\/394
|switch|p2a: Garchomp|Garchomp, M|335\/357
|
|-heal|p1a: Clefable|345\/394|[from] item: Leftovers
|turn|16
|
|move|p2a: Garchomp|Earthquake|p1a: Clefable
|-damage|p1a: Clefable|173\/394
|move|p1a: Clefable|Moonblast|p2a: Garchomp
|-supereffective|p2a: Garchomp
|-damage|p2a: Garchomp|101\/357
|
|-heal|p1a: Clefable|197\/394|[from] item: Leftovers
|turn|17
|
|switch|p2a: Magnezone|Magnezone|281\/281
|move|p1a: Clefable|Wish|p1a: Clefable
|
|-heal|p1a: Clefable|221\/394|[from] item: Leftovers
|turn|18
|
|move|p1a: Clefable|Protect|p1a: Clefable
|-singleturn|p1a: Clefable|Protect
|move|p2a: Magnezone|Volt Switch|p1a: Clefable
|-activate|p1a: Clefable|Protect
|
|-heal|p1a: Clefable|394\/394|[from] move: Wish|[wisher] Clefable
|turn|19
|
|move|p2a: Magnezone|Volt Switch|p1a: Clefable
|-damage|p1a: Clefable|184\/394
|
|switch|p2a: Ferrothorn|Ferrothorn, F|281\/289
|move|p1a: Clefable|Wish|p1a: Clefable
|
|-heal|p1a: Clefable|208\/394|[from] item: Leftovers
|turn|20
|
|move|p1a: Clefable|Protect|p1a: Clefable
|-singleturn|p1a: Clefable|Protect
|move|p2a: Ferrothorn|Stealth Rock|p1a: Clefable
|-sidestart|p1: Dayanne|move: Stealth Rock
|
|-heal|p1a: Clefable|394\/394|[from] move: Wish|[wisher] Clefable
|turn|21
|
|switch|p1a: Zapdos|Zapdos|336\/384
|-damage|p1a: Zapdos|240\/384|[from] Stealth Rock
|-ability|p1a: Zapdos|Pressure
|move|p2a: Ferrothorn|Leech Seed|p1a: Zapdos
|-start|p1a: Zapdos|move: Leech Seed
|
|-heal|p1a: Zapdos|264\/384|[from] item: Leftovers
|-damage|p1a: Zapdos|216\/384|[from] Leech Seed|[of] p2a: Ferrothorn
|-heal|p2a: Ferrothorn|289\/289|[silent]
|turn|22
|
|switch|p2a: Garchomp|Garchomp, M|101\/357
|move|p1a: Zapdos|Roost|p1a: Zapdos
|-heal|p1a: Zapdos|384\/384
|
|-damage|p1a: Zapdos|336\/384|[from] Leech Seed|[of] p2a: Garchomp
|-heal|p2a: Garchomp|149\/357|[silent]
|turn|23
|
|switch|p1a: Slowbro|Slowbro, M|394\/394
|-damage|p1a: Slowbro|345\/394|[from] Stealth Rock
|move|p2a: Garchomp|Earthquake|p1a: Slowbro
|-damage|p1a: Slowbro|218\/394
|
|-heal|p1a: Slowbro|242\/394|[from] item: Leftovers
|turn|24
|
|switch|p2a: Magnezone|Magnezone|281\/281
|move|p1a: Slowbro|Scald|p2a: Magnezone
|-damage|p2a: Magnezone|184\/281
|
|-heal|p1a: Slowbro|266\/394|[from] item: Leftovers
|turn|25
|
|switch|p1a: Chansey|Chansey, F|632\/704
|-damage|p1a: Chansey|544\/704|[from] Stealth Rock
|move|p2a: Magnezone|Thunderbolt|p1a: Chansey
|-damage|p1a: Chansey|384\/704
|
|turn|26
|
|move|p2a: Magnezone|Thunderbolt|p1a: Chansey
|-damage|p1a: Chansey|204\/704
|move|p1a: Chansey|Soft-Boiled|p1a: Chansey
|-heal|p1a: Chansey|556\/704
|
|turn|27
|
|switch|p2a: Ferrothorn|Ferrothorn, F|289\/289
|move|p1a: Chansey|Seismic Toss|p2a: Ferrothorn
|-damage|p2a: Ferrothorn|189\/289
|-damage|p1a: Chansey|468\/704|[from] ability: Iron Barbs|[of] p2a: Ferrothorn
|
|turn|28
|
|switch|p1a: Zapdos|Zapdos|336\/384
|-damage|p1a: Zapdos|240\/384|[from] Stealth Rock
|-ability|p1a: Zapdos|Pressure
|move|p2a: Ferrothorn|Leech Seed|p1a: Zapdos
|-start|p1a: Zapdos|move: Leech Seed
|
|-heal|p1a: Zapdos|264\/384|[from] item: Leftovers
|-damage|p1a: Zapdos|216\/384|[from] Leech Seed|[of] p2a: Ferrothorn
|-heal|p2a: Ferrothorn|237\/289|[silent]
|turn|29
|
|switch|p2a: Garchomp|Garchomp, M|149\/357
|move|p1a: Zapdos|Defog|p2a: Garchomp
|-unboost|p2a: Garchomp|evasion|1
|-sideend|p1: Dayanne|Stealth Rock|[from] move: Defog|[of] p1a: Zapdos
|
|-heal|p1a: Zapdos|240\/384|[from] item: Leftovers
|-damage|p1a: Zapdos|192\/384|[from] Leech Seed|[of] p2a: Garchomp
|-heal|p2a: Garchomp|197\/357|[silent]
|turn|30
|
|switch|p1a: Slowbro|Slowbro, M|394\/394
|move|p2a: Garchomp|Earthquake|p1a: Slowbro
|-damage|p1a: Slowbro|267\/394
|
|-heal|p1a: Slowbro|291\/394|[from] item: Leftovers
|turn|31
|
|switch|p2a: Ferrothorn|Ferrothorn, F|237\/289
|switch|p1a: Zapdos|Zapdos|192\/384
|-ability|p1a: Zapdos|Pressure
|
|-heal|p1a: Zapdos|216\/384|[from] item: Leftovers
|turn|32
|
|move|p1a: Zapdos|Roost|p1a: Zapdos
|-heal|p1a: Zapdos|384\/384
|move|p2a: Ferrothorn|Leech Seed|p1a: Zapdos
|-start|p1a: Zapdos|move: Leech Seed
|
|-damage|p1a: Zapdos|336\/384|[from] Leech Seed|[of] p2a: Ferrothorn
|-heal|p2a: Ferrothorn|285\/289|[silent]
|turn|33
|
|move|p2a: Ferrothorn|Protect|p2a: Ferrothorn
|-singleturn|p2a: Ferrothorn|Protect
|move|p1a: Zapdos|Heat Wave|p2a: Ferrothorn
|-activate|p2a: Ferrothorn|Protect
|
|-heal|p1a: Zapdos|360\/384|[from] item: Leftovers
|-damage|p1a: Zapdos|312\/384|[from] Leech Seed|[of] p2a: Ferrothorn
|-heal|p2a: Ferrothorn|289\/289|[silent]
|turn|34
|
|move|p1a: Zapdos|Heat Wave|p2a: Ferrothorn
|-supereffective|p2a: Ferrothorn
|-damage|p2a: Ferrothorn|53\/289
|-status|p2a: Ferrothorn|brn
|move|p2a: Ferrothorn|Stealth Rock|p1a: Zapdos
|-sidestart|p1: Dayanne|move: Stealth Rock
|
|-heal|p1a: Zapdos|336\/384|[from] item: Leftovers
|-damage|p1a: Zapdos|288\/384|[from] Leech Seed|[of] p2a: Ferrothorn
|-heal|p2a: Ferrothorn|101\/289 brn|[silent]
|-damage|p2a: Ferrothorn|65\/289 brn|[from] brn
|turn|35
|
|move|p1a: Zapdos|Defog|p2a: Ferrothorn
|-unboost|p2a: Ferrothorn|evasion|1
|-sideend|p1: Dayanne|Stealth Rock|[from] move: Defog|[of] p1a: Zapdos
|move|p2a: Ferrothorn|Leech Seed|p1a: Zapdos
|-fail|p1a: Zapdos
|
|-heal|p1a: Zapdos|312\/384|[from] item: Leftovers
|-damage|p1a: Zapdos|264\/384|[from] Leech Seed|[of] p2a: Ferrothorn
|-heal|p2a: Ferrothorn|113\/289 brn|[silent]
|-damage|p2a: Ferrothorn|77\/289 brn|[from] brn
|turn|36
|
|move|p2a: Ferrothorn|Protect|p2a: Ferrothorn
|-singleturn|p2a: Ferrothorn|Protect
|move|p1a: Zapdos|Heat Wave|p2a: Ferrothorn
|-activate|p2a: Ferrothorn|Protect
|
|-heal|p1a: Zapdos|288\/384|[from] item: Leftovers
|-damage|p1a: Zapdos|240\/384|[from] Leech Seed|[of] p2a: Ferrothorn
|-heal|p2a: Ferrothorn|125\/289 brn|[silent]
|-damage|p2a: Ferrothorn|89\/289 brn|[from] brn
|turn|37
|
|move|p1a: Zapdos|Heat Wave|p2a: Ferrothorn
|-supereffective|p2a: Ferrothorn
|-damage|p2a: Ferrothorn|0 fnt
|faint|p2a: Ferrothorn
|
|-heal|p1a: Zapdos|264\/384|[from] item: Leftovers
|
|switch|p2a: Greninja|Greninja, M|285\/285
|turn|38
|
|switch|p1a: Slowbro|Slowbro, M|394\/394
|move|p2a: Greninja|Scald|p1a: Slowbro
|-start|p2a: Greninja|typechange|Water|[from] Protean
|-resisted|p1a: Slowbro
|-damage|p1a: Slowbro|299\/394
|-status|p1a: Slowbro|brn
|-damage|p2a: Greninja|257\/285|[from] item: Life Orb
|
|-heal|p1a: Slowbro|323\/394 brn|[from] item: Leftovers
|-damage|p1a: Slowbro|274\/394 brn|[from] brn
|turn|39
|
|switch|p1a: Chansey|Chansey, F|468\/704
|move|p2a: Greninja|Dark Pulse|p1a: Chansey
|-start|p2a: Greninja|typechange|Dark|[from] Protean
|-damage|p1a: Chansey|365\/704
|-damage|p2a: Greninja|229\/285|[from] item: Life Orb
|
|turn|40
|
|move|p2a: Greninja|Scald|p1a: Chansey
|-start|p2a: Greninja|typechange|Water|[from] Protean
|-damage|p1a: Chansey|266\/704
|-damage|p2a: Greninja|201\/285|[from] item: Life Orb
|move|p1a: Chansey|Soft-Boiled|p1a: Chansey
|-heal|p1a: Chansey|618\/704
|
|turn|41
|
|switch|p2a: Garchomp|Garchomp, M|197\/357
|move|p1a: Chansey|Stealth Rock|p2a: Garchomp
|-sidestart|p2: cpt.sully|move: Stealth Rock
|
|turn|42
|
|switch|p2a: Slowbro|Slowbro-Mega, F|394\/394
|-damage|p2a: Slowbro|345\/394|[from] Stealth Rock
|move|p1a: Chansey|Soft-Boiled|p1a: Chansey
|-heal|p1a: Chansey|704\/704
|
|turn|43
|
|move|p1a: Chansey|Heal Bell|p1a: Chansey
|-cureteam|p1a: Chansey|[from] move: HealBell
|move|p2a: Slowbro|Calm Mind|p2a: Slowbro
|-boost|p2a: Slowbro|spa|1
|-boost|p2a: Slowbro|spd|1
|
|turn|44
|
|switch|p1a: Clefable|Clefable, F|394\/394
|move|p2a: Slowbro|Psyshock|p1a: Clefable
|-damage|p1a: Clefable|282\/394
|
|-heal|p1a: Clefable|306\/394|[from] item: Leftovers
|turn|45
|
|move|p1a: Clefable|Calm Mind|p1a: Clefable
|-boost|p1a: Clefable|spa|1
|-boost|p1a: Clefable|spd|1
|move|p2a: Slowbro|Scald|p1a: Clefable
|-damage|p1a: Clefable|215\/394
|
|-heal|p1a: Clefable|239\/394|[from] item: Leftovers
|turn|46
|
|move|p1a: Clefable|Calm Mind|p1a: Clefable
|-boost|p1a: Clefable|spa|1
|-boost|p1a: Clefable|spd|1
|move|p2a: Slowbro|Scald|p1a: Clefable
|-damage|p1a: Clefable|170\/394
|
|-heal|p1a: Clefable|194\/394|[from] item: Leftovers
|turn|47
|c|âcpt.sully|BURN
|
|move|p1a: Clefable|Wish|p1a: Clefable
|move|p2a: Slowbro|Calm Mind|p2a: Slowbro
|-boost|p2a: Slowbro|spa|1
|-boost|p2a: Slowbro|spd|1
|
|-heal|p1a: Clefable|218\/394|[from] item: Leftovers
|turn|48
|
|move|p1a: Clefable|Moonblast|p2a: Slowbro
|-damage|p2a: Slowbro|80\/394
|move|p2a: Slowbro|Calm Mind|p2a: Slowbro
|-boost|p2a: Slowbro|spa|1
|-boost|p2a: Slowbro|spd|1
|
|-heal|p1a: Clefable|394\/394|[from] move: Wish|[wisher] Clefable
|turn|49
|c|âcpt.sully|i got fucked
|
|move|p1a: Clefable|Moonblast|p2a: Slowbro
|-damage|p2a: Slowbro|0 fnt
|faint|p2a: Slowbro
|
|
|switch|p2a: Magnezone|Magnezone|184\/281
|-damage|p2a: Magnezone|167\/281|[from] Stealth Rock
|turn|50
|
|move|p1a: Clefable|Protect|p1a: Clefable
|-singleturn|p1a: Clefable|Protect
|move|p2a: Magnezone|Flash Cannon|p1a: Clefable
|-activate|p1a: Clefable|Protect
|
|turn|51
|
|switch|p1a: Zapdos|Zapdos|264\/384
|-ability|p1a: Zapdos|Pressure
|move|p2a: Magnezone|Flash Cannon|p1a: Zapdos
|-resisted|p1a: Zapdos
|-damage|p1a: Zapdos|145\/384
|
|-heal|p1a: Zapdos|169\/384|[from] item: Leftovers
|turn|52
|
|move|p1a: Zapdos|Roost|p1a: Zapdos
|-heal|p1a: Zapdos|361\/384
|move|p2a: Magnezone|Flash Cannon|p1a: Zapdos
|-resisted|p1a: Zapdos
|-damage|p1a: Zapdos|234\/384
|
|-heal|p1a: Zapdos|258\/384|[from] item: Leftovers
|turn|53
|
|switch|p2a: Garchomp|Garchomp, M|197\/357
|-damage|p2a: Garchomp|175\/357|[from] Stealth Rock
|move|p1a: Zapdos|Heat Wave|p2a: Garchomp
|-resisted|p2a: Garchomp
|-damage|p2a: Garchomp|126\/357
|
|-heal|p1a: Zapdos|282\/384|[from] item: Leftovers
|turn|54
|
|switch|p2a: Magnezone|Magnezone|167\/281
|-damage|p2a: Magnezone|150\/281|[from] Stealth Rock
|switch|p1a: Slowbro|Slowbro, M|394\/394
|
|turn|55
|
|switch|p1a: Chansey|Chansey, F|704\/704
|move|p2a: Magnezone|Flash Cannon|p1a: Chansey
|-damage|p1a: Chansey|548\/704
|
|turn|56
|c|âDayanne|gg
|
|switch|p2a: Garchomp|Garchomp, M|126\/357
|-damage|p2a: Garchomp|104\/357|[from] Stealth Rock
|move|p1a: Chansey|Seismic Toss|p2a: Garchomp
|-damage|p2a: Garchomp|4\/357
|-damage|p1a: Chansey|460\/704|[from] ability: Rough Skin|[of] p2a: Garchomp
|
|turn|57
|
|switch|p1a: Slowbro|Slowbro, M|394\/394
|move|p2a: Garchomp|Outrage|p1a: Slowbro
|-damage|p1a: Slowbro|247\/394
|
|-heal|p1a: Slowbro|271\/394|[from] item: Leftovers
|turn|58
|
|move|p2a: Garchomp|Outrage|p1a: Slowbro
|-damage|p1a: Slowbro|103\/394
|move|p1a: Slowbro|Scald|p2a: Garchomp
|-damage|p2a: Garchomp|0 fnt
|faint|p2a: Garchomp
|
|-heal|p1a: Slowbro|127\/394|[from] item: Leftovers
|
|switch|p2a: Greninja|Greninja, M|201\/285
|-damage|p2a: Greninja|166\/285|[from] Stealth Rock
|turn|59
|
|switch|p1a: Chansey|Chansey, F|460\/704
|move|p2a: Greninja|Dark Pulse|p1a: Chansey
|-start|p2a: Greninja|typechange|Dark|[from] Protean
|-damage|p1a: Chansey|359\/704
|-damage|p2a: Greninja|138\/285|[from] item: Life Orb
|
|turn|60
|
|move|p2a: Greninja|Scald|p1a: Chansey
|-start|p2a: Greninja|typechange|Water|[from] Protean
|-damage|p1a: Chansey|262\/704
|-status|p1a: Chansey|brn
|-damage|p2a: Greninja|110\/285|[from] item: Life Orb
|move|p1a: Chansey|Soft-Boiled|p1a: Chansey
|-heal|p1a: Chansey|614\/704 brn
|
|-damage|p1a: Chansey|526\/704 brn|[from] brn
|turn|61
|-message|cpt.sully forfeited.
|leave|cpt.sully
|
|win|Dayanne
|raw|Ladder updating...
|player|p2
|raw|Dayanne's rating: 1628 &rarr; <strong>1641<\/strong><br \/>(+13 for winning)
|raw|cpt.sully's rating: 1501 &rarr; <strong>1488<\/strong><br \/>(-13 for losing)