|join|Sableyestall
|join|oml it's too ez
|player|p1|Sableyestall|276
|player|p2|oml it's too ez|98
|gametype|singles
|gen|6
|tier|OU
|clearpoke
|poke|p1|Diancie
|poke|p1|Magnezone
|poke|p1|Talonflame, M
|poke|p1|Rotom-Wash
|poke|p1|Chansey, F
|poke|p1|Latias, F
|poke|p2|Latios, M
|poke|p2|Scizor, M
|poke|p2|Weavile, M
|poke|p2|Greninja, F
|poke|p2|Venusaur, F
|poke|p2|Landorus-Therian, M
|rule|Swagger Clause: Swagger is banned
|rule|Baton Pass Clause: Limit one PokÃ©mon knowing Baton Pass
|rule|Sleep Clause Mod: Limit one foe put to sleep
|rule|Species Clause: Limit one of each PokÃ©mon
|rule|OHKO Clause: OHKO moves are banned
|rule|Moody Clause: Moody is banned
|rule|Evasion Moves Clause: Evasion moves are banned
|rule|Endless Battle Clause: Forcing endless battles is banned
|rule|HP Percentage Mod: HP is shown in percentages
|teampreview
|join|TTM Jolt
|
|start
|switch|p1a: Rotom-Wash|Rotom-Wash|304\/304
|switch|p2a: Venusaur|Venusaur, F|364\/364
|turn|1
|
|switch|p1a: Latias|Latias, F|301\/301
|detailschange|p2a: Venusaur|Venusaur-Mega, F
|-mega|p2a: Venusaur|Venusaur|Venusaurite
|move|p2a: Venusaur|Leech Seed|p1a: Latias
|-start|p1a: Latias|move: Leech Seed
|
|-damage|p1a: Latias|264\/301|[from] Leech Seed|[of] p2a: Venusaur
|turn|2
|
|switch|p1a: Magnezone|Magnezone|281\/281
|switch|p2a: Scizor|Scizor, M|343\/343
|
|turn|3
|c|âoml it's too ez|good double
|c|âSableyestall|thanks
|c|âoml it's too ez|ur actually good lol jkjk
|c|âSableyestall|:)
|c|âSableyestall|this isnt even my stong style
|c|âoml it's too ez|minez too
|
|move|p1a: Magnezone|Hidden Power|p2a: Scizor
|-supereffective|p2a: Scizor
|-damage|p2a: Scizor|15\/343
|move|p2a: Scizor|Superpower|p1a: Magnezone
|-supereffective|p1a: Magnezone
|-damage|p1a: Magnezone|0 fnt
|-unboost|p2a: Scizor|atk|1
|-unboost|p2a: Scizor|def|1
|faint|p1a: Magnezone
|
|c|âoml it's too ez|i thought i bring x\/y balence team
|
|switch|p1a: Talonflame|Talonflame, M|297\/297
|turn|4
|c|âoml it's too ez|but u getting damage on scizor is good
|c|âoml it's too ez|u probs gonna u turn huh
|c|âoml it's too ez|or wil
|
|switch|p2a: Landorus-Therian|Landorus-Therian, M|354\/354
|-ability|p2a: Landorus-Therian|Intimidate|[of] p1a: Talonflame
|-unboost|p1a: Talonflame|atk|1
|move|p1a: Talonflame|U-turn|p2a: Landorus-Therian
|-resisted|p2a: Landorus-Therian
|-damage|p2a: Landorus-Therian|329\/354
|
|switch|p1a: Rotom-Wash|Rotom-Wash|304\/304
|
|-heal|p2a: Landorus-Therian|351\/354|[from] item: Leftovers
|turn|5
|
|move|p2a: Landorus-Therian|U-turn|p1a: Rotom-Wash
|-damage|p1a: Rotom-Wash|253\/304
|
|switch|p2a: Latios|Latios, M|301\/301
|move|p1a: Rotom-Wash|Will-O-Wisp|p2a: Latios
|-status|p2a: Latios|brn
|
|-heal|p1a: Rotom-Wash|272\/304|[from] item: Leftovers
|-damage|p2a: Latios|264\/301 brn|[from] brn
|turn|6
|
|switch|p2a: Weavile|Weavile, M|287\/287
|-ability|p2a: Weavile|Pressure
|switch|p1a: Chansey|Chansey, F|641\/641
|
|turn|7
|
|switch|p1a: Diancie|Diancie|241\/241
|move|p2a: Weavile|Knock Off|p1a: Diancie
|-resisted|p1a: Diancie
|-damage|p1a: Diancie|188\/241
|-damage|p2a: Weavile|259\/287|[from] item: Life Orb
|
|turn|8
|
|switch|p2a: Venusaur|Venusaur-Mega, F|364\/364
|detailschange|p1a: Diancie|Diancie-Mega
|-mega|p1a: Diancie|Diancie|Diancite
|move|p1a: Diancie|Diamond Storm|p2a: Venusaur
|-damage|p2a: Venusaur|205\/364
|-boost|p1a: Diancie|def|1
|
|turn|9
|c|âoml it's too ez|diamond storm?
|c|âoml it's too ez|y no ancient power
|c|âSableyestall|mmhmm
|c|âSableyestall|fuck that
|c|âoml it's too ez|lol does the same thing almost
|c|âoml it's too ez|and more accurate
|c|âSableyestall|do u get the defense boost?
|c|âoml it's too ez|yes
|c|âoml it's too ez|all stat boost
|c|âSableyestall|40% less chance
|c|âoml it's too ez|!data anicent power
No Pokemon, item, move, ability or nature named 'anicent power' was found. Showing the data of 'Ancient Power' instead.
|c|~|\/data-move Ancient Power

|c|âoml it's too ez|ahh
|
|switch|p1a: Talonflame|Talonflame, M|297\/297
|move|p2a: Venusaur|Leech Seed|p1a: Talonflame|[miss]
|-miss|p2a: Venusaur|p1a: Talonflame
|
|turn|10
|c|âSableyestall|plus its a 40 higher bst
|
|move|p1a: Talonflame|U-turn|p2a: Venusaur
|-damage|p2a: Venusaur|131\/364
|
|switch|p1a: Latias|Latias, F|264\/301
|move|p2a: Venusaur|Leech Seed|p1a: Latias|[miss]
|-miss|p2a: Venusaur|p1a: Latias
|
|-heal|p1a: Latias|282\/301|[from] item: Leftovers
|turn|11
|c|âSableyestall|rekt
|c|âoml it's too ez|hehe
|
|switch|p2a: Greninja|Greninja, F|285\/285
|move|p1a: Latias|Psyshock|p2a: Greninja
|-immune|p2a: Greninja|[msg]
|
|-heal|p1a: Latias|300\/301|[from] item: Leftovers
|turn|12
|
|switch|p2a: Weavile|Weavile, M|259\/287
|-ability|p2a: Weavile|Pressure
|move|p1a: Latias|Draco Meteor|p2a: Weavile
|-damage|p2a: Weavile|3\/287
|-unboost|p1a: Latias|spa|2
|
|-heal|p1a: Latias|301\/301|[from] item: Leftovers
|turn|13
|c|âoml it's too ez|?
|c|âoml it's too ez|no chansey ?
|c|âSableyestall|nope
|
|move|p2a: Weavile|Low Kick|p1a: Latias
|-resisted|p1a: Latias
|-damage|p1a: Latias|257\/301
|-damage|p2a: Weavile|0 fnt|[from] item: Life Orb
|faint|p2a: Weavile
|move|p1a: Latias|Draco Meteor|p2: Weavile|[notarget]
|-notarget
|
|-heal|p1a: Latias|275\/301|[from] item: Leftovers
|c|âoml it's too ez|wtf lol
|c|âoml it's too ez|u got me
|
|switch|p2a: Greninja|Greninja, F|285\/285
|turn|14
|c|âoml it's too ez|rally thought diance there
|
|switch|p1a: Chansey|Chansey, F|641\/641
|move|p2a: Greninja|Ice Beam|p1a: Chansey
|-start|p2a: Greninja|typechange|Ice|[from] Protean
|-damage|p1a: Chansey|558\/641
|-damage|p2a: Greninja|257\/285|[from] item: Life Orb
|
|turn|15
|
|switch|p2a: Landorus-Therian|Landorus-Therian, M|351\/354
|-ability|p2a: Landorus-Therian|Intimidate|[of] p1a: Chansey
|-unboost|p1a: Chansey|atk|1
|move|p1a: Chansey|Stealth Rock|p2a: Landorus-Therian
|-sidestart|p2: oml it's too ez|move: Stealth Rock
|
|-heal|p2a: Landorus-Therian|354\/354|[from] item: Leftovers
|turn|16
|
|move|p2a: Landorus-Therian|Stealth Rock|p1a: Chansey
|-sidestart|p1: Sableyestall|move: Stealth Rock
|move|p1a: Chansey|Toxic|p2a: Landorus-Therian
|-status|p2a: Landorus-Therian|tox
|
|-damage|p2a: Landorus-Therian|332\/354 tox|[from] psn
|turn|17
|
|move|p2a: Landorus-Therian|U-turn|p1a: Chansey
|-damage|p1a: Chansey|453\/641
|
|switch|p2a: Latios|Latios, M|264\/301 brn
|-damage|p2a: Latios|227\/301 brn|[from] Stealth Rock
|move|p1a: Chansey|Seismic Toss|p2a: Latios
|-damage|p2a: Latios|127\/301 brn
|
|-damage|p2a: Latios|90\/301 brn|[from] brn
|turn|18
|c|âoml it's too ez|im assumming diance
|c|âSableyestall|ok
|
|move|p2a: Latios|Trick|p1a: Chansey
|-activate|p2a: Latios|move: Trick|[of] p1a: Chansey
|-item|p1a: Chansey|Choice Scarf|[from] move: Trick
|-item|p2a: Latios|Eviolite|[from] move: Trick
|move|p1a: Chansey|Soft-Boiled|p1a: Chansey
|-heal|p1a: Chansey|641\/641
|
|-damage|p2a: Latios|53\/301 brn|[from] brn
|turn|19
|
|switch|p1a: Latias|Latias, F|275\/301
|-damage|p1a: Latias|238\/301|[from] Stealth Rock
|move|p2a: Latios|Defog|p1a: Latias
|-unboost|p1a: Latias|evasion|1
|-sideend|p1: Sableyestall|Stealth Rock|[from] move: Defog|[of] p1a: Latias
|-sideend|p2: oml it's too ez|Stealth Rock|[from] move: Defog|[of] p2a: Latios
|
|-heal|p1a: Latias|256\/301|[from] item: Leftovers
|-damage|p2a: Latios|16\/301 brn|[from] brn
|turn|20
|
|switch|p1a: Chansey|Chansey, F|641\/641
|move|p2a: Latios|Psyshock|p1a: Chansey
|-damage|p1a: Chansey|335\/641
|
|-damage|p2a: Latios|0 fnt|[from] brn
|faint|p2a: Latios
|c|âoml it's too ez|u wanna play best out of 2?
|c|âSableyestall|sure
|
|switch|p2a: Scizor|Scizor, M|15\/343
|turn|21
|c|âoml it's too ez|sry i bought a x\/y team
|c|âSableyestall|its cool
|
|move|p1a: Chansey|Seismic Toss|p2a: Scizor
|-damage|p2a: Scizor|0 fnt
|faint|p2a: Scizor
|
|
|switch|p2a: Venusaur|Venusaur-Mega, F|131\/364
|turn|22
|
|switch|p1a: Diancie|Diancie-Mega|188\/241
|switch|p2a: Landorus-Therian|Landorus-Therian, M|332\/354 tox
|-ability|p2a: Landorus-Therian|Intimidate|[of] p1a: Diancie
|-unboost|p1a: Diancie|atk|1
|
|-heal|p2a: Landorus-Therian|354\/354 tox|[from] item: Leftovers
|-damage|p2a: Landorus-Therian|332\/354 tox|[from] psn
|turn|23
|
|switch|p1a: Latias|Latias, F|256\/301
|move|p2a: Landorus-Therian|Earthquake|p1a: Latias
|-immune|p1a: Latias|[msg]
|
|-heal|p1a: Latias|274\/301|[from] item: Leftovers
|-heal|p2a: Landorus-Therian|354\/354 tox|[from] item: Leftovers
|-damage|p2a: Landorus-Therian|310\/354 tox|[from] psn
|turn|24
|c|âoml it's too ez|fuq the cancel button
|c|âSableyestall|XD
|
|move|p1a: Latias|Draco Meteor|p2a: Landorus-Therian
|-damage|p2a: Landorus-Therian|78\/354 tox
|-unboost|p1a: Latias|spa|2
|move|p2a: Landorus-Therian|U-turn|p1a: Latias
|-supereffective|p1a: Latias
|-damage|p1a: Latias|118\/301
|c|âSableyestall|i think thats gg
|
|switch|p2a: Greninja|Greninja, F|257\/285
|
|-heal|p1a: Latias|136\/301|[from] item: Leftovers
|turn|25
|
|switch|p1a: Chansey|Chansey, F|335\/641
|move|p2a: Greninja|Ice Beam|p1a: Chansey
|-start|p2a: Greninja|typechange|Ice|[from] Protean
|-damage|p1a: Chansey|209\/641
|-damage|p2a: Greninja|229\/285|[from] item: Life Orb
|
|turn|26
|c|âoml it's too ez|twave?
|
|move|p2a: Greninja|Gunk Shot|p1a: Chansey
|-start|p2a: Greninja|typechange|Poison|[from] Protean
|-damage|p1a: Chansey|0 fnt
|-damage|p2a: Greninja|201\/285|[from] item: Life Orb
|faint|p1a: Chansey
|
|c|âSableyestall|no
|c|âoml it's too ez|toxic?
|
|switch|p1a: Talonflame|Talonflame, M|297\/297
|turn|27
|c|âoml it's too ez|or soft boil stall
|c|âoml it's too ez|gg talonfalme wins now
|leave|oml it's too ez
|c|âSableyestall|gg
|
|move|p1a: Talonflame|Brave Bird|p2a: Greninja
|-damage|p2a: Greninja|0 fnt
|-damage|p1a: Talonflame|231\/297|[from] recoil|[of] p2a: Greninja
|faint|p2a: Greninja
|
|player|p2
|leave|TTM Jolt
|-message|Player 2 lost due to inactivity.
|
|win|Sableyestall
|join|Jolteon AYE