|join|oml it's too ez
|join|F U BP
|player|p1|oml it's too ez|264
|player|p2|F U BP|290
|gametype|singles
|gen|6
|tier|OU
|clearpoke
|poke|p1|Tyranitar, M
|poke|p1|Amoonguss, M
|poke|p1|Charizard, M
|poke|p1|Chansey, F
|poke|p1|Skarmory, F
|poke|p1|Clefable, F
|poke|p2|Heatran, M
|poke|p2|Scizor, M
|poke|p2|Sylveon, M
|poke|p2|Latios, M
|poke|p2|Rotom-Wash
|poke|p2|Landorus-Therian, M
|rule|Swagger Clause: Swagger is banned
|rule|Baton Pass Clause: Limit one PokÃ©mon knowing Baton Pass
|rule|Sleep Clause Mod: Limit one foe put to sleep
|rule|Species Clause: Limit one of each PokÃ©mon
|rule|OHKO Clause: OHKO moves are banned
|rule|Moody Clause: Moody is banned
|rule|Evasion Moves Clause: Evasion moves are banned
|rule|Endless Battle Clause: Forcing endless battles is banned
|rule|HP Percentage Mod: HP is shown in percentages
|teampreview
|join|SableyeStall
|raw|<div class="broadcast-red"><b>Moderated chat was set to +!<\/b><br \/>Only users of rank + and higher can talk.<\/div>
SableyeStall was promoted to Room Voice by oml it's too ez.
|c|âF U BP|so I am playing hallu. excellent.
|c|+SableyeStall|:)
|c|âoml it's too ez|hurry up boi
|
|start
|switch|p1a: Charizard|Charizard, M|359\/359
|switch|p2a: Landorus-Therian|Landorus-Therian, M|328\/328
|-ability|p2a: Landorus-Therian|Intimidate|[of] p1a: Charizard
|-unboost|p1a: Charizard|atk|1
|turn|1
|c|âF U BP|you run stall, I will take my damn time
|
|switch|p1a: Skarmory|Skarmory, F|333\/333
|move|p2a: Landorus-Therian|U-turn|p1a: Skarmory
|-resisted|p1a: Skarmory
|-damage|p1a: Skarmory|321\/333
|
|switch|p2a: Heatran|Heatran, M|323\/323
|
|turn|2
|
|switch|p1a: Chansey|Chansey, F|642\/642
|move|p2a: Heatran|Stealth Rock|p1a: Chansey
|-sidestart|p1: oml it's too ez|move: Stealth Rock
|
|turn|3
|
|switch|p2a: Scizor|Scizor, M|343\/343
|move|p1a: Chansey|Seismic Toss|p2a: Scizor
|-damage|p2a: Scizor|243\/343
|
|turn|4
|
|switch|p1a: Skarmory|Skarmory, F|321\/333
|-damage|p1a: Skarmory|280\/333|[from] Stealth Rock
|detailschange|p2a: Scizor|Scizor-Mega, M
|-mega|p2a: Scizor|Scizor|Scizorite
|move|p2a: Scizor|Swords Dance|p2a: Scizor
|-boost|p2a: Scizor|atk|2
|
|turn|5
|
|move|p2a: Scizor|Superpower|p1a: Skarmory
|-damage|p1a: Skarmory|120\/333
|-unboost|p2a: Scizor|atk|1
|-unboost|p2a: Scizor|def|1
|move|p1a: Skarmory|Defog|p2a: Scizor
|-unboost|p2a: Scizor|evasion|1
|-sideend|p1: oml it's too ez|Stealth Rock|[from] move: Defog|[of] p1a: Skarmory
|
|turn|6
|
|move|p2a: Scizor|Swords Dance|p2a: Scizor
|-boost|p2a: Scizor|atk|2
|move|p1a: Skarmory|Roost|p1a: Skarmory
|-heal|p1a: Skarmory|287\/333
|
|turn|7
|
|switch|p1a: Charizard|Charizard, M|359\/359
|move|p2a: Scizor|Superpower|p1a: Charizard
|-resisted|p1a: Charizard
|-damage|p1a: Charizard|222\/359
|-unboost|p2a: Scizor|atk|1
|-unboost|p2a: Scizor|def|1
|
|turn|8
|
|switch|p2a: Heatran|Heatran, M|323\/323
|detailschange|p1a: Charizard|Charizard-Mega-Y, M
|-mega|p1a: Charizard|Charizard|Charizardite Y
|-weather|SunnyDay
|move|p1a: Charizard|Roost|p1a: Charizard
|-heal|p1a: Charizard|359\/359
|
|-weather|SunnyDay|[upkeep]
|turn|9
|
|move|p2a: Heatran|Stealth Rock|p1a: Charizard
|-sidestart|p1: oml it's too ez|move: Stealth Rock
|move|p1a: Charizard|Focus Blast|p2a: Heatran
|-supereffective|p2a: Heatran
|-damage|p2a: Heatran|39\/323
|
|-weather|SunnyDay|[upkeep]
|-heal|p2a: Heatran|59\/323|[from] item: Leftovers
|turn|10
|
|switch|p2a: Latios|Latios, M|302\/302
|switch|p1a: Tyranitar|Tyranitar, M|404\/404
|-damage|p1a: Tyranitar|354\/404|[from] Stealth Rock
|-weather|Sandstorm
|
|-weather|Sandstorm|[upkeep]
|-damage|p2a: Latios|284\/302|[from] sandstorm
|-heal|p1a: Tyranitar|379\/404|[from] item: Leftovers
|turn|11
|c|âoml it's too ez|predicted
|c|âoml it's too ez|ahh
|
|move|p1a: Tyranitar|Pursuit|p2a: Latios|[from]Pursuit
|-supereffective|p2a: Latios
|-damage|p2a: Latios|0 fnt
|faint|p2a: Latios
|
|-weather|Sandstorm|[upkeep]
|-heal|p1a: Tyranitar|404\/404|[from] item: Leftovers
|
|switch|p2a: Landorus-Therian|Landorus-Therian, M|328\/328
|-ability|p2a: Landorus-Therian|Intimidate|[of] p1a: Tyranitar
|-unboost|p1a: Tyranitar|atk|1
|turn|12
|
|move|p2a: Landorus-Therian|U-turn|p1a: Tyranitar
|-supereffective|p1a: Tyranitar
|-damage|p1a: Tyranitar|280\/404
|
|switch|p2a: Scizor|Scizor-Mega, M|243\/343
|move|p1a: Tyranitar|Ice Beam|p2a: Scizor
|-resisted|p2a: Scizor
|-damage|p2a: Scizor|208\/343
|-status|p2a: Scizor|frz
|
|-weather|Sandstorm|[upkeep]
|-heal|p1a: Tyranitar|305\/404|[from] item: Leftovers
|turn|13
|c|âF U BP|>___>
|c|âoml it's too ez|didnt matter
|c|âF U BP|want a bet?
|c|+SableyeStall|Ballsy plays gets hax
|
|switch|p2a: Sylveon|Sylveon, M|390\/390
|move|p1a: Tyranitar|Stealth Rock|p2a: Sylveon
|-sidestart|p2: F U BP|move: Stealth Rock
|
|-weather|Sandstorm|[upkeep]
|-damage|p2a: Sylveon|366\/390|[from] sandstorm
|-heal|p2a: Sylveon|390\/390|[from] item: Leftovers
|-heal|p1a: Tyranitar|330\/404|[from] item: Leftovers
|turn|14
|c|âoml it's too ez|told u to forfeit
|c|âoml it's too ez|but nooo
|join|TTM Styx
|
|switch|p1a: Skarmory|Skarmory, F|287\/333
|-damage|p1a: Skarmory|246\/333|[from] Stealth Rock
|move|p2a: Sylveon|Heal Bell|p2a: Sylveon
|-cureteam|p2a: Sylveon|[from] move: HealBell
|
|-weather|none
|turn|15
|
|switch|p2a: Rotom-Wash|Rotom-Wash|304\/304
|-damage|p2a: Rotom-Wash|266\/304|[from] Stealth Rock
|move|p1a: Skarmory|Spikes|p2a: Rotom-Wash
|-sidestart|p2: F U BP|Spikes
|
|-heal|p2a: Rotom-Wash|285\/304|[from] item: Leftovers
|turn|16
|
|switch|p1a: Chansey|Chansey, F|642\/642
|-damage|p1a: Chansey|562\/642|[from] Stealth Rock
|move|p2a: Rotom-Wash|Volt Switch|p1a: Chansey
|-crit|p1a: Chansey
|-damage|p1a: Chansey|499\/642
|
|switch|p2a: Scizor|Scizor-Mega, M|208\/343
|-damage|p2a: Scizor|166\/343|[from] Spikes
|-damage|p2a: Scizor|124\/343|[from] Stealth Rock
|
|turn|17
|
|switch|p1a: Charizard|Charizard-Mega-Y, M|359\/359
|-damage|p1a: Charizard|180\/359|[from] Stealth Rock
|-weather|SunnyDay
|move|p2a: Scizor|Roost|p2a: Scizor
|-heal|p2a: Scizor|296\/343
|
|-weather|SunnyDay|[upkeep]
|turn|18
|c|âoml it's too ez|take ur time
|c|âoml it's too ez|no need to rush
|c|âF U BP|kk
|c|+SableyeStall|super power bullet punch op
|
|switch|p2a: Rotom-Wash|Rotom-Wash|285\/304
|-damage|p2a: Rotom-Wash|247\/304|[from] Stealth Rock
|move|p1a: Charizard|Roost|p1a: Charizard
|-heal|p1a: Charizard|359\/359
|
|-weather|SunnyDay|[upkeep]
|-heal|p2a: Rotom-Wash|266\/304|[from] item: Leftovers
|turn|19
|c|âF U BP|bulky zard y.. just sweeps me without lati
|c|âF U BP|didn't think you had focus blast
|c|+SableyeStall|:P
|c|âoml it's too ez|:]
|
|switch|p1a: Amoonguss|Amoonguss, M|432\/432
|-damage|p1a: Amoonguss|378\/432|[from] Stealth Rock
|move|p2a: Rotom-Wash|Volt Switch|p1a: Amoonguss
|-resisted|p1a: Amoonguss
|-damage|p1a: Amoonguss|324\/432
|
|switch|p2a: Landorus-Therian|Landorus-Therian, M|328\/328
|-damage|p2a: Landorus-Therian|287\/328|[from] Stealth Rock
|-ability|p2a: Landorus-Therian|Intimidate|[of] p1a: Amoonguss
|-unboost|p1a: Amoonguss|atk|1
|
|-weather|SunnyDay|[upkeep]
|-heal|p1a: Amoonguss|351\/432|[from] item: Black Sludge
|turn|20
|
|move|p2a: Landorus-Therian|Earthquake|p1a: Amoonguss
|-damage|p1a: Amoonguss|189\/432
|move|p1a: Amoonguss|Spore|p2a: Landorus-Therian
|-status|p2a: Landorus-Therian|slp
|
|-weather|SunnyDay|[upkeep]
|-heal|p1a: Amoonguss|216\/432|[from] item: Black Sludge
|turn|21
|
|switch|p2a: Scizor|Scizor-Mega, M|296\/343
|-damage|p2a: Scizor|254\/343|[from] Stealth Rock
|-damage|p2a: Scizor|212\/343|[from] Spikes
|move|p1a: Amoonguss|Hidden Power|p2a: Scizor
|-supereffective|p2a: Scizor
|-damage|p2a: Scizor|0 fnt
|faint|p2a: Scizor
|
|-weather|none
|-heal|p1a: Amoonguss|243\/432|[from] item: Black Sludge
|leave|F U BP
|player|p2
|c|+SableyeStall|BIG DAMAGE
|leave|TTM Styx
|-message|Player 2 lost due to inactivity.
|
|win|oml it's too ez
|join|TTM Styx
|c|+SableyeStall|gg
|c|âoml it's too ez|:]
|leave|TTM Styx
|leave|oml it's too ez
|player|p1