|join|Cheeseboy628
|join|oml it's too ez
|player|p1|Cheeseboy628|284
|player|p2|oml it's too ez|2
|gametype|singles
|gen|6
|tier|OU
|clearpoke
|poke|p1|Charizard, F
|poke|p1|Excadrill, F
|poke|p1|Tyranitar, F
|poke|p1|Gardevoir, M
|poke|p1|Rotom-Wash
|poke|p1|Kyurem-Black
|poke|p2|Clefable, M
|poke|p2|Tyranitar, M
|poke|p2|Mew
|poke|p2|Gyarados, F
|poke|p2|Excadrill, F
|poke|p2|Keldeo
|rule|Swagger Clause: Swagger is banned
|rule|Baton Pass Clause: Limit one PokÃ©mon knowing Baton Pass
|rule|Sleep Clause Mod: Limit one foe put to sleep
|rule|Species Clause: Limit one of each PokÃ©mon
|rule|OHKO Clause: OHKO moves are banned
|rule|Moody Clause: Moody is banned
|rule|Evasion Moves Clause: Evasion moves are banned
|rule|Endless Battle Clause: Forcing endless battles is banned
|rule|HP Percentage Mod: HP is shown in percentages
|teampreview
|
|start
|switch|p1a: Charizard|Charizard, F|297\/297
|switch|p2a: Mew|Mew|404\/404
|turn|1
|
|switch|p2a: Tyranitar|Tyranitar, M|404\/404
|-weather|Sandstorm
|detailschange|p1a: Charizard|Charizard-Mega-Y, F
|-mega|p1a: Charizard|Charizard|Charizardite Y
|-weather|SunnyDay
|move|p1a: Charizard|Fire Blast|p2a: Tyranitar|[miss]
|-miss|p1a: Charizard|p2a: Tyranitar
|
|-weather|SunnyDay|[upkeep]
|turn|2
|
|move|p1a: Charizard|Focus Blast|p2a: Tyranitar
|-supereffective|p2a: Tyranitar
|-damage|p2a: Tyranitar|0 fnt
|faint|p2a: Tyranitar
|
|-weather|SunnyDay|[upkeep]
|
|switch|p2a: Gyarados|Gyarados, F|343\/343
|-ability|p2a: Gyarados|Intimidate|[of] p1a: Charizard
|-unboost|p1a: Charizard|atk|1
|turn|3
|
|switch|p1a: Kyurem-Black|Kyurem-Black|391\/391
|-ability|p1a: Kyurem-Black|Teravolt
|move|p2a: Gyarados|Waterfall|p1a: Kyurem-Black
|-resisted|p1a: Kyurem-Black
|-damage|p1a: Kyurem-Black|352\/391
|
|-weather|SunnyDay|[upkeep]
|turn|4
|
|switch|p2a: Clefable|Clefable, M|394\/394
|move|p1a: Kyurem-Black|Fusion Bolt|p2a: Clefable
|-damage|p2a: Clefable|220\/394
|-damage|p1a: Kyurem-Black|313\/391|[from] item: Life Orb
|
|-weather|SunnyDay|[upkeep]
|-heal|p2a: Clefable|244\/394|[from] item: Leftovers
|turn|5
|
|switch|p1a: Charizard|Charizard-Mega-Y, F|297\/297
|move|p2a: Clefable|Soft-Boiled|p2a: Clefable
|-heal|p2a: Clefable|394\/394
|
|-weather|none
|turn|6
|c|âoml it's too ez|is it just 1 match?
|c|âoml it's too ez|or like best 2 out of 3?
|c|âCheeseboy628|just 1
|c|âoml it's too ez|k
|
|switch|p1a: Gardevoir|Gardevoir, M|277\/277
|-ability|p1a: Gardevoir|Magic Guard|[from] ability: Trace|[of] p2a: Clefable
|move|p2a: Clefable|Calm Mind|p2a: Clefable
|-boost|p2a: Clefable|spa|1
|-boost|p2a: Clefable|spd|1
|
|turn|7
|
|move|p1a: Gardevoir|Trick|p2a: Clefable
|-activate|p1a: Gardevoir|move: Trick|[of] p2a: Clefable
|-item|p2a: Clefable|Choice Scarf|[from] move: Trick
|-item|p1a: Gardevoir|Leftovers|[from] move: Trick
|move|p2a: Clefable|Moonblast|p1a: Gardevoir
|-damage|p1a: Gardevoir|145\/277
|
|-heal|p1a: Gardevoir|162\/277|[from] item: Leftovers
|turn|8
|
|switch|p1a: Excadrill|Excadrill, F|361\/361
|switch|p2a: Gyarados|Gyarados, F|343\/343
|-ability|p2a: Gyarados|Intimidate|[of] p1a: Excadrill
|-unboost|p1a: Excadrill|atk|1
|
|turn|9
|
|switch|p1a: Kyurem-Black|Kyurem-Black|313\/391
|-ability|p1a: Kyurem-Black|Teravolt
|switch|p2a: Keldeo|Keldeo|323\/323
|
|turn|10
|
|switch|p1a: Gardevoir|Gardevoir, M|162\/277
|-ability|p1a: Gardevoir|Justified|[from] ability: Trace|[of] p2a: Keldeo
|move|p2a: Keldeo|Secret Sword|p1a: Gardevoir
|-resisted|p1a: Gardevoir
|-damage|p1a: Gardevoir|88\/277
|
|-heal|p1a: Gardevoir|105\/277|[from] item: Leftovers
|turn|11
|
|switch|p2a: Mew|Mew|404\/404
|move|p1a: Gardevoir|Trick|p2a: Mew
|-activate|p1a: Gardevoir|move: Trick|[of] p2a: Mew
|-item|p2a: Mew|Leftovers|[from] move: Trick
|-item|p1a: Gardevoir|Leftovers|[from] move: Trick
|
|-heal|p1a: Gardevoir|122\/277|[from] item: Leftovers
|turn|12
|c|âCheeseboy628|I'm a genius lol
|c|âoml it's too ez|i woudlve done the same play
|c|âoml it's too ez|:]]]]
|
|switch|p1a: Excadrill|Excadrill, F|361\/361
|switch|p2a: Gyarados|Gyarados, F|343\/343
|-ability|p2a: Gyarados|Intimidate|[of] p1a: Excadrill
|-unboost|p1a: Excadrill|atk|1
|
|turn|13
|
|switch|p1a: Kyurem-Black|Kyurem-Black|313\/391
|-ability|p1a: Kyurem-Black|Teravolt
|move|p2a: Gyarados|Dragon Dance|p2a: Gyarados
|-boost|p2a: Gyarados|atk|1
|-boost|p2a: Gyarados|spe|1
|
|turn|14
|c|âoml it's too ez|fudgge
|c|âoml it's too ez|i clicked cancel :[
|
|switch|p2a: Excadrill|Excadrill, F|361\/361
|-item|p2a: Excadrill|Air Balloon
|move|p1a: Kyurem-Black|Fusion Bolt|p2a: Excadrill
|-immune|p2a: Excadrill|[msg]
|
|turn|15
|
|switch|p1a: Rotom-Wash|Rotom-Wash|303\/303
|switch|p2a: Mew|Mew|404\/404
|
|turn|16
|
|move|p2a: Mew|Will-O-Wisp|p1a: Rotom-Wash
|-status|p1a: Rotom-Wash|brn
|move|p1a: Rotom-Wash|Volt Switch|p2a: Mew
|-crit|p2a: Mew
|-damage|p2a: Mew|269\/404
|
|switch|p1a: Charizard|Charizard-Mega-Y, F|297\/297
|-weather|SunnyDay
|
|-weather|SunnyDay|[upkeep]
|-heal|p2a: Mew|294\/404|[from] item: Leftovers
|turn|17
|
|move|p1a: Charizard|Fire Blast|p2a: Mew
|-damage|p2a: Mew|0 fnt
|faint|p2a: Mew
|
|-weather|SunnyDay|[upkeep]
|
|switch|p2a: Gyarados|Gyarados, F|343\/343
|-ability|p2a: Gyarados|Intimidate|[of] p1a: Charizard
|-unboost|p1a: Charizard|atk|1
|turn|18
|
|switch|p1a: Kyurem-Black|Kyurem-Black|313\/391
|-ability|p1a: Kyurem-Black|Teravolt
|move|p2a: Gyarados|Waterfall|p1a: Kyurem-Black
|-resisted|p1a: Kyurem-Black
|-damage|p1a: Kyurem-Black|277\/391
|
|-weather|SunnyDay|[upkeep]
|turn|19
|
|switch|p1a: Excadrill|Excadrill, F|361\/361
|switch|p2a: Excadrill|Excadrill, F|361\/361
|-item|p2a: Excadrill|Air Balloon
|
|-weather|SunnyDay|[upkeep]
|turn|20
|
|switch|p1a: Rotom-Wash|Rotom-Wash|303\/303 brn
|switch|p2a: Clefable|Clefable, M|394\/394
|
|-weather|none
|-damage|p1a: Rotom-Wash|266\/303 brn|[from] brn
|turn|21
|
|move|p2a: Clefable|Moonblast|p1a: Rotom-Wash
|-damage|p1a: Rotom-Wash|167\/303 brn
|move|p1a: Rotom-Wash|Volt Switch|p2a: Clefable
|-damage|p2a: Clefable|324\/394
|c|âoml it's too ez|i think i lost to charizard
|
|switch|p1a: Excadrill|Excadrill, F|361\/361
|
|turn|22
|
|switch|p2a: Keldeo|Keldeo|323\/323
|move|p1a: Excadrill|Stealth Rock|p2a: Keldeo
|-sidestart|p2: oml it's too ez|move: Stealth Rock
|
|turn|23
|
|switch|p1a: Gardevoir|Gardevoir, M|122\/277
|-ability|p1a: Gardevoir|Justified|[from] ability: Trace|[of] p2a: Keldeo
|move|p2a: Keldeo|Hydro Pump|p1a: Gardevoir
|-damage|p1a: Gardevoir|0 fnt
|faint|p1a: Gardevoir
|
|
|switch|p1a: Rotom-Wash|Rotom-Wash|167\/303 brn
|turn|24
|
|switch|p2a: Excadrill|Excadrill, F|361\/361
|-damage|p2a: Excadrill|350\/361|[from] Stealth Rock
|-item|p2a: Excadrill|Air Balloon
|move|p1a: Rotom-Wash|Volt Switch|p2a: Excadrill
|-immune|p2a: Excadrill|[msg]
|
|-damage|p1a: Rotom-Wash|130\/303 brn|[from] brn
|turn|25
|
|move|p2a: Excadrill|Rapid Spin|p1a: Rotom-Wash
|-damage|p1a: Rotom-Wash|110\/303 brn
|-sideend|p2: oml it's too ez|Stealth Rock|[from] move: Rapid Spin|[of] p2a: Excadrill
|move|p1a: Rotom-Wash|Rest|p1a: Rotom-Wash
|-status|p1a: Rotom-Wash|slp
|-heal|p1a: Rotom-Wash|303\/303 slp|[silent]
|-status|p1a: Rotom-Wash|slp|[from] move: Rest
|-enditem|p1a: Rotom-Wash|Chesto Berry|[eat]
|-curestatus|p1a: Rotom-Wash|slp
|
|turn|26
|
|switch|p2a: Clefable|Clefable, M|324\/394
|move|p1a: Rotom-Wash|Volt Switch|p2a: Clefable
|-damage|p2a: Clefable|252\/394
|
|switch|p1a: Excadrill|Excadrill, F|361\/361
|
|turn|27
|
|switch|p2a: Gyarados|Gyarados, F|343\/343
|-ability|p2a: Gyarados|Intimidate|[of] p1a: Excadrill
|-unboost|p1a: Excadrill|atk|1
|move|p1a: Excadrill|Stealth Rock|p2a: Gyarados
|-sidestart|p2: oml it's too ez|move: Stealth Rock
|
|turn|28
|join|TTM Jolt
|c| TTM Jolt|You guys aren't in the same pool xD but it's all good
|
|switch|p1a: Kyurem-Black|Kyurem-Black|277\/391
|-ability|p1a: Kyurem-Black|Teravolt
|move|p2a: Gyarados|Dragon Dance|p2a: Gyarados
|-boost|p2a: Gyarados|atk|1
|-boost|p2a: Gyarados|spe|1
|
|turn|29
|c|âoml it's too ez|y dosent the cancel button wrk anymore :[
|c|âCheeseboy628|haha so it doesn't count?
|c| TTM Jolt|nope xD
|c|âCheeseboy628|haha alright XD
|c| TTM Jolt|good practice though
|c|âCheeseboy628|practice is good anyway!
|c| TTM Jolt|^
|
|detailschange|p2a: Gyarados|Gyarados-Mega, F
|-mega|p2a: Gyarados|Gyarados|Gyaradosite
|-ability|p2a: Gyarados|Mold Breaker
|move|p2a: Gyarados|Earthquake|p1a: Kyurem-Black
|-damage|p1a: Kyurem-Black|63\/391
|move|p1a: Kyurem-Black|Fusion Bolt|p2a: Gyarados
|-supereffective|p2a: Gyarados
|-damage|p2a: Gyarados|2\/343
|-damage|p1a: Kyurem-Black|24\/391|[from] item: Life Orb
|
|turn|30
|
|switch|p1a: Tyranitar|Tyranitar, F|403\/403
|-weather|Sandstorm
|move|p2a: Gyarados|Waterfall|p1a: Tyranitar
|-supereffective|p1a: Tyranitar
|-damage|p1a: Tyranitar|0 fnt
|faint|p1a: Tyranitar
|
|-weather|Sandstorm|[upkeep]
|-damage|p2a: Gyarados|0 fnt|[from] sandstorm
|faint|p2a: Gyarados
|
|switch|p1a: Charizard|Charizard-Mega-Y, F|297\/297
|switch|p2a: Excadrill|Excadrill, F|350\/361
|-damage|p2a: Excadrill|339\/361|[from] Stealth Rock
|-item|p2a: Excadrill|Air Balloon
|-weather|SunnyDay
|turn|31
|
|move|p1a: Charizard|Fire Blast|p2a: Excadrill
|-supereffective|p2a: Excadrill
|-damage|p2a: Excadrill|0 fnt
|-enditem|p2a: Excadrill|Air Balloon
|faint|p2a: Excadrill
|
|-weather|SunnyDay|[upkeep]
|c|âoml it's too ez|gg
|c|âCheeseboy628|gg
|
|switch|p2a: Keldeo|Keldeo|323\/323
|-damage|p2a: Keldeo|303\/323|[from] Stealth Rock
|turn|32
|c|âoml it's too ez|naw bout to crit everything and doge everything
|c|âCheeseboy628|aw yiss
|
|move|p2a: Keldeo|Hydro Pump|p1a: Charizard
|-supereffective|p1a: Charizard
|-damage|p1a: Charizard|57\/297
|move|p1a: Charizard|Solar Beam|p2a: Keldeo|[still]
|-prepare|p1a: Charizard|Solar Beam|p2a: Keldeo
|-anim|p1a: Charizard|Solar Beam|p2a: Keldeo
|-supereffective|p2a: Keldeo
|-damage|p2a: Keldeo|0 fnt
|faint|p2a: Keldeo
|
|-weather|SunnyDay|[upkeep]
|
|switch|p2a: Clefable|Clefable, M|252\/394
|turn|33
|
|move|p1a: Charizard|Fire Blast|p2a: Clefable
|-damage|p2a: Clefable|0 fnt
|faint|p2a: Clefable
|
|win|Cheeseboy628
|c|âoml it's too ez|gg
|c|âCheeseboy628|gg man
|c|âoml it's too ez|did i do good ?
|c|âCheeseboy628|you bet!
|c|âoml it's too ez|:]
|c|âCheeseboy628|:]
|leave|oml it's too ez
|player|p2
|c| TTM Jolt|nice match guys
|leave|TTM Jolt
|join|oml it's too ez