|join|chimpact
|join|oml it's too ez
|player|p1|chimpact|234
|player|p2|oml it's too ez|9
|gametype|singles
|gen|6
|tier|OU
|clearpoke
|poke|p1|Charizard, M
|poke|p1|Tyranitar, F
|poke|p1|Gliscor, F
|poke|p1|Starmie
|poke|p1|Jirachi
|poke|p1|Clefable, F
|poke|p2|Landorus-Therian, M
|poke|p2|Mew
|poke|p2|Heatran, F
|poke|p2|Venusaur, F
|poke|p2|Raikou
|poke|p2|Keldeo-Resolute
|rule|Swagger Clause: Swagger is banned
|rule|Baton Pass Clause: Limit one PokÃ©mon knowing Baton Pass
|rule|Sleep Clause Mod: Limit one foe put to sleep
|rule|Species Clause: Limit one of each PokÃ©mon
|rule|OHKO Clause: OHKO moves are banned
|rule|Moody Clause: Moody is banned
|rule|Evasion Moves Clause: Evasion moves are banned
|rule|Endless Battle Clause: Forcing endless battles is banned
|rule|HP Percentage Mod: HP is shown in percentages
|teampreview
|join|king 49
|join|amp'dpharos
|join|Sworn
|join|We Lit
|join|DJWebb
|join|derdouga
|join|thesomeguy
|
|start
|switch|p1a: Katara|Starmie|323\/323
|switch|p2a: i-turn|Landorus-Therian, M|375\/375
|-ability|p2a: i-turn|Intimidate|[of] p1a: Katara
|-unboost|p1a: Katara|atk|1
|turn|1
|join|TTM Jolt
|join|ruddy420
|c| TTM Jolt|GO JOSEPH
|c| ruddy420|:]
|
|move|p1a: Katara|Scald|p2a: i-turn
|-supereffective|p2a: i-turn
|-damage|p2a: i-turn|163\/375
|move|p2a: i-turn|U-turn|p1a: Katara
|-supereffective|p1a: Katara
|-damage|p1a: Katara|163\/323
|
|switch|p2a: President|Raikou|321\/321
|-ability|p2a: President|Pressure
|
|-heal|p1a: Katara|183\/323|[from] item: Leftovers
|turn|2
|
|switch|p1a: Bumi|Tyranitar, F|353\/353
|-weather|Sandstorm
|move|p2a: President|Volt Switch|p1a: Bumi
|-damage|p1a: Bumi|236\/353
|join|the Jaiho's lover
|
|switch|p2a: Im So Horny|Keldeo-Resolute|323\/323
|
|-weather|Sandstorm|[upkeep]
|-damage|p2a: Im So Horny|303\/323|[from] sandstorm
|-heal|p2a: Im So Horny|323\/323|[from] item: Leftovers
|turn|3
|
|switch|p1a: Yue|Clefable, F|394\/394
|switch|p2a: He Ran|Heatran, F|385\/385
|
|-weather|Sandstorm|[upkeep]
|turn|4
|c| DJWebb|double back to raikou
|c| thesomeguy|Sorry but what room is chimp in or is he not in one at all?
|c| DJWebb|idm
|join|Sky'sthelimit
|
|switch|p2a: President|Raikou|321\/321
|-ability|p2a: President|Pressure
|move|p1a: Yue|Thunder Wave|p2a: President
|-fail|p2a: President
|
|-weather|Sandstorm|[upkeep]
|-damage|p2a: President|301\/321|[from] sandstorm
|turn|5
|leave|thesomeguy
|c|âoml it's too ez|mmhmmmh
|c|âoml it's too ez|thought starmie
|c| TTM Jolt|get played chimpact
|join|TTM Styx
|join|FathaFingLing
|join|Tokyo Tom
|join|TTM Jolt TTM
|
|move|p2a: President|Volt Switch|p1a: Yue
|-damage|p1a: Yue|241\/394
|c| TTM Jolt TTM|greetings
|c|âoml it's too ez|bet he twaved again
|join|IKFC The Team
|
|switch|p2a: He Ran|Heatran, F|385\/385
|move|p1a: Yue|Thunder Wave|p2a: He Ran
|-status|p2a: He Ran|par
|
|-weather|Sandstorm|[upkeep]
|-heal|p1a: Yue|265\/394|[from] item: Leftovers
|turn|6
|c| Tokyo Tom|is your moxie infinite, man?
|c| DJWebb|you can't just do that lol
|c|âoml it's too ez|fuuqq
|c| Sworn|why wouldnt you go into lando
|c|âoml it's too ez|scared he cm
|
|switch|p2a: President|Raikou|301\/321
|-ability|p2a: President|Pressure
|move|p1a: Yue|Calm Mind|p1a: Yue
|-boost|p1a: Yue|spa|1
|-boost|p1a: Yue|spd|1
|
|-weather|none
|-heal|p1a: Yue|289\/394|[from] item: Leftovers
|turn|7
|c|âoml it's too ez|like that
|c| DJWebb|doesn't he need like +3 to be a threat to heatran?
|c| Sworn|^
|
|move|p2a: President|Thunderbolt|p1a: Yue
|-damage|p1a: Yue|150\/394
|move|p1a: Yue|Soft-Boiled|p1a: Yue
|-heal|p1a: Yue|347\/394
|
|-heal|p1a: Yue|371\/394|[from] item: Leftovers
|turn|8
|
|switch|p2a: He Ran|Heatran, F|385\/385 par
|move|p1a: Yue|Moonblast|p2a: He Ran
|-resisted|p2a: He Ran
|-damage|p2a: He Ran|359\/385 par
|
|-heal|p1a: Yue|394\/394|[from] item: Leftovers
|-heal|p2a: He Ran|383\/385 par|[from] item: Leftovers
|turn|9
|c| Sworn|dont predict if you dont have to
|c|âoml it's too ez|kk
|c|âoml it's too ez|just wanna be real
|
|move|p1a: Yue|Calm Mind|p1a: Yue
|-boost|p1a: Yue|spa|1
|-boost|p1a: Yue|spd|1
|cant|p2a: He Ran|par
|
|-heal|p2a: He Ran|385\/385 par|[from] item: Leftovers
|turn|10
|c| DJWebb|lucky and bad
|
|switch|p1a: Momo|Gliscor, F|352\/352
|move|p2a: He Ran|Taunt|p1a: Momo
|-start|p1a: Momo|move: Taunt
|
|-status|p1a: Momo|tox|[from] item: Toxic Orb
|turn|11
|c| ruddy420|gg
|c| DJWebb|chimpact\/10
|c| Sworn|lol^
|
|switch|p2a: Nig Drain|Venusaur, F|349\/349
|move|p1a: Momo|Knock Off|p2a: Nig Drain
|-damage|p2a: Nig Drain|288\/349
|
|turn|12
|
|switch|p1a: Aang|Jirachi|403\/403
|switch|p2a: i-turn|Landorus-Therian, M|163\/375
|-ability|p2a: i-turn|Intimidate|[of] p1a: Aang
|-unboost|p1a: Aang|atk|1
|
|-heal|p2a: i-turn|186\/375|[from] item: Leftovers
|turn|13
|leave|We Lit
|
|move|p1a: Aang|Stealth Rock|p2a: i-turn
|-sidestart|p2: oml it's too ez|move: Stealth Rock
|move|p2a: i-turn|Stealth Rock|p1a: Aang
|-sidestart|p1: chimpact|move: Stealth Rock
|
|-heal|p2a: i-turn|209\/375|[from] item: Leftovers
|turn|14
|
|switch|p1a: Momo|Gliscor, F|352\/352 tox
|-damage|p1a: Momo|308\/352 tox|[from] Stealth Rock
|move|p2a: i-turn|U-turn|p1a: Momo
|-resisted|p1a: Momo
|-damage|p1a: Momo|284\/352 tox
|
|switch|p2a: Im So Horny|Keldeo-Resolute|323\/323
|-damage|p2a: Im So Horny|303\/323|[from] Stealth Rock
|
|-heal|p2a: Im So Horny|323\/323|[from] item: Leftovers
|-heal|p1a: Momo|328\/352 tox|[from] ability: Poison Heal
|turn|15
|
|switch|p1a: Yue|Clefable, F|394\/394
|move|p2a: Im So Horny|Scald|p1a: Yue
|-damage|p1a: Yue|268\/394
|
|-heal|p1a: Yue|292\/394|[from] item: Leftovers
|turn|16
|c| amp'dpharos|that keld name oO
|c|âoml it's too ez|bet he doubled
|join|el boy
|
|switch|p2a: He Ran|Heatran, F|385\/385 par
|-damage|p2a: He Ran|337\/385 par|[from] Stealth Rock
|switch|p1a: Katara|Starmie|183\/323
|-damage|p1a: Katara|143\/323|[from] Stealth Rock
|
|-heal|p1a: Katara|163\/323|[from] item: Leftovers
|-heal|p2a: He Ran|361\/385 par|[from] item: Leftovers
|turn|17
|c| Sworn|is mysoginistic
|c|âoml it's too ez|fudge
|c|âoml it's too ez|i gotta go with my guts
|
|move|p2a: He Ran|Protect|p2a: He Ran
|-singleturn|p2a: He Ran|Protect
|move|p1a: Katara|Rapid Spin|p2a: He Ran
|-activate|p2a: He Ran|Protect
|
|-heal|p1a: Katara|183\/323|[from] item: Leftovers
|-heal|p2a: He Ran|385\/385 par|[from] item: Leftovers
|turn|18
|
|switch|p2a: President|Raikou|301\/321
|-damage|p2a: President|261\/321|[from] Stealth Rock
|-ability|p2a: President|Pressure
|move|p1a: Katara|Rapid Spin|p2a: President
|-damage|p2a: President|247\/321
|-sideend|p1: chimpact|Stealth Rock|[from] move: Rapid Spin|[of] p1a: Katara
|
|-heal|p1a: Katara|203\/323|[from] item: Leftovers
|turn|19
|c| DJWebb|thou shalt not spin
|
|switch|p1a: Aang|Jirachi|403\/403
|move|p2a: President|Thunderbolt|p1a: Aang
|-damage|p1a: Aang|247\/403
|
|-heal|p1a: Aang|272\/403|[from] item: Leftovers
|turn|20
|join|racrido
|
|switch|p2a: He Ran|Heatran, F|385\/385 par
|-damage|p2a: He Ran|337\/385 par|[from] Stealth Rock
|move|p1a: Aang|Wish|p1a: Aang
|
|-heal|p1a: Aang|297\/403|[from] item: Leftovers
|-heal|p2a: He Ran|361\/385 par|[from] item: Leftovers
|turn|21
|
|switch|p1a: Momo|Gliscor, F|328\/352 tox
|switch|p2a: President|Raikou|247\/321
|-damage|p2a: President|207\/321|[from] Stealth Rock
|-ability|p2a: President|Pressure
|
|-heal|p1a: Momo|352\/352 tox|[from] move: Wish|[wisher] Aang
|turn|22
|
|switch|p1a: Bumi|Tyranitar, F|236\/353
|-weather|Sandstorm
|move|p2a: President|Hidden Power|p1a: Bumi
|-damage|p1a: Bumi|167\/353
|
|-weather|Sandstorm|[upkeep]
|-damage|p2a: President|187\/321|[from] sandstorm
|turn|23
|c|âoml it's too ez|did i just lose turn 23?
|
|switch|p2a: i-turn|Landorus-Therian, M|209\/375
|-damage|p2a: i-turn|163\/375|[from] Stealth Rock
|-ability|p2a: i-turn|Intimidate|[of] p1a: Bumi
|-unboost|p1a: Bumi|atk|1
|move|p1a: Bumi|Crunch|p2a: i-turn
|-damage|p2a: i-turn|91\/375
|
|-weather|Sandstorm|[upkeep]
|-heal|p2a: i-turn|114\/375|[from] item: Leftovers
|turn|24
|join|BLOODY ZELDA
|
|switch|p1a: Momo|Gliscor, F|352\/352 tox
|move|p2a: i-turn|Stealth Rock|p1a: Momo
|-sidestart|p1: chimpact|move: Stealth Rock
|
|-weather|Sandstorm|[upkeep]
|-heal|p2a: i-turn|137\/375|[from] item: Leftovers
|turn|25
|
|switch|p2a: Nig Drain|Venusaur, F|288\/349
|-damage|p2a: Nig Drain|245\/349|[from] Stealth Rock
|move|p1a: Momo|Knock Off|p2a: Nig Drain
|-damage|p2a: Nig Drain|188\/349
|
|-weather|Sandstorm|[upkeep]
|-damage|p2a: Nig Drain|167\/349|[from] sandstorm
|turn|26
|
|detailschange|p2a: Nig Drain|Venusaur-Mega, F
|-mega|p2a: Nig Drain|Venusaur|Venusaurite
|move|p1a: Momo|Taunt|p2a: Nig Drain
|-start|p2a: Nig Drain|move: Taunt
|cant|p2a: Nig Drain|move: Taunt|Synthesis
|
|-weather|none
|turn|27
|join|Fukboii23
|
|switch|p1a: Aang|Jirachi|297\/403
|-damage|p1a: Aang|272\/403|[from] Stealth Rock
|move|p2a: Nig Drain|Hidden Power|p1a: Aang
|-supereffective|p1a: Aang
|-damage|p1a: Aang|158\/403
|
|-heal|p1a: Aang|183\/403|[from] item: Leftovers
|turn|28
|c| Sworn|yikes damage
|c| DJWebb|this venu is low
|c|âoml it's too ez|see i wanna say hes gonna double to starmie
|
|switch|p2a: He Ran|Heatran, F|361\/385 par
|-damage|p2a: He Ran|313\/385 par|[from] Stealth Rock
|move|p1a: Aang|Wish|p1a: Aang
|
|-heal|p1a: Aang|208\/403|[from] item: Leftovers
|-heal|p2a: He Ran|337\/385 par|[from] item: Leftovers
|turn|29
|join|Stoned Snorlax
|
|switch|p2a: Moo|Mew|403\/403
|-damage|p2a: Moo|353\/403|[from] Stealth Rock
|move|p1a: Aang|U-turn|p2a: Moo
|-supereffective|p2a: Moo
|-damage|p2a: Moo|251\/403
|
|switch|p1a: Momo|Gliscor, F|352\/352 tox
|-damage|p1a: Momo|308\/352 tox|[from] Stealth Rock
|
|-heal|p1a: Momo|352\/352 tox|[from] move: Wish|[wisher] Aang
|-heal|p2a: Moo|276\/403|[from] item: Leftovers
|turn|30
|c| Stoned Snorlax|MOOOOOOO
|
|switch|p2a: Im So Horny|Keldeo-Resolute|323\/323
|-damage|p2a: Im So Horny|303\/323|[from] Stealth Rock
|move|p1a: Momo|Knock Off|p2a: Im So Horny
|-resisted|p2a: Im So Horny
|-damage|p2a: Im So Horny|265\/323
|-boost|p2a: Im So Horny|atk|1|[from] ability: Justified
|-enditem|p2a: Im So Horny|Leftovers|[from] move: Knock Off|[of] p1a: Momo
|
|turn|31
|c| Sworn|ez my pal, theres no need to predict this much
|c| DJWebb|joey just retweeted
|c| DJWebb|is he about to come thru?
|
|switch|p1a: Katara|Starmie|203\/323
|-damage|p1a: Katara|163\/323|[from] Stealth Rock
|move|p2a: Im So Horny|Scald|p1a: Katara
|-resisted|p1a: Katara
|-damage|p1a: Katara|82\/323
|
|-heal|p1a: Katara|102\/323|[from] item: Leftovers
|turn|32
|
|move|p1a: Katara|Rapid Spin|p2a: Im So Horny
|-damage|p2a: Im So Horny|252\/323
|-sideend|p1: chimpact|Stealth Rock|[from] move: Rapid Spin|[of] p1a: Katara
|move|p2a: Im So Horny|Scald|p1a: Katara
|-crit|p1a: Katara
|-resisted|p1a: Katara
|-damage|p1a: Katara|0 fnt
|faint|p1a: Katara
|
|c|âoml it's too ez|:[
|
|switch|p1a: Zuko|Charizard, M|301\/301
|turn|33
|
|switch|p2a: He Ran|Heatran, F|337\/385 par
|-damage|p2a: He Ran|289\/385 par|[from] Stealth Rock
|detailschange|p1a: Zuko|Charizard-Mega-Y, M
|-mega|p1a: Zuko|Charizard|Charizardite Y
|-weather|SunnyDay
|move|p1a: Zuko|Solar Beam|p2a: He Ran|[still]
|-prepare|p1a: Zuko|Solar Beam|p2a: He Ran
|-anim|p1a: Zuko|Solar Beam|p2a: He Ran
|-resisted|p2a: He Ran
|-damage|p2a: He Ran|255\/385 par
|
|-weather|SunnyDay|[upkeep]
|-heal|p2a: He Ran|279\/385 par|[from] item: Leftovers
|turn|34
|c| DJWebb|damage
|c| Stoned Snorlax|watch for the EQ
|
|move|p1a: Zuko|Focus Blast|p2a: He Ran|[miss]
|-miss|p1a: Zuko|p2a: He Ran
|cant|p2a: He Ran|par
|
|-weather|SunnyDay|[upkeep]
|-heal|p2a: He Ran|303\/385 par|[from] item: Leftovers
|turn|35
|c| DJWebb|great turn
|c| DJWebb|pokemon\/10
|c|âoml it's too ez|it was better for me djwebb sry chimp
|c|âoml it's too ez|i just wasted a turn of sun and got leftives
|
|switch|p1a: Momo|Gliscor, F|352\/352 tox
|cant|p2a: He Ran|par
|
|-weather|SunnyDay|[upkeep]
|-heal|p2a: He Ran|327\/385 par|[from] item: Leftovers
|turn|36
|c| DJWebb|lol
|c| DJWebb|can't move
|
|switch|p2a: Im So Horny|Keldeo-Resolute|252\/323
|-damage|p2a: Im So Horny|232\/323|[from] Stealth Rock
|move|p1a: Momo|Knock Off|p2a: Im So Horny
|-resisted|p2a: Im So Horny
|-damage|p2a: Im So Horny|207\/323
|-boost|p2a: Im So Horny|atk|1|[from] ability: Justified
|
|-weather|SunnyDay|[upkeep]
|turn|37
|c| DJWebb|is this gen 1 random battle?
|c|âoml it's too ez|yes
|c| DJWebb|:]
|
|switch|p2a: He Ran|Heatran, F|327\/385 par
|-damage|p2a: He Ran|279\/385 par|[from] Stealth Rock
|switch|p1a: Yue|Clefable, F|292\/394
|
|-weather|none
|-heal|p1a: Yue|316\/394|[from] item: Leftovers
|-heal|p2a: He Ran|303\/385 par|[from] item: Leftovers
|turn|38
|c| Sworn|i mean isnt keldeo gen 2 this is so weird
|
|switch|p1a: Momo|Gliscor, F|352\/352 tox
|move|p2a: He Ran|Taunt|p1a: Momo
|-start|p1a: Momo|move: Taunt
|
|-heal|p2a: He Ran|327\/385 par|[from] item: Leftovers
|turn|39
|
|switch|p2a: i-turn|Landorus-Therian, M|137\/375
|-damage|p2a: i-turn|91\/375|[from] Stealth Rock
|-ability|p2a: i-turn|Intimidate|[of] p1a: Momo
|-unboost|p1a: Momo|atk|1
|move|p1a: Momo|Knock Off|p2a: i-turn
|-damage|p2a: i-turn|55\/375
|-enditem|p2a: i-turn|Leftovers|[from] move: Knock Off|[of] p1a: Momo
|
|turn|40
|c|âoml it's too ez|missclick
|c| Sworn|or was it
|c|âoml it's too ez|naw im just bad
|
|move|p1a: Momo|Knock Off|p2a: i-turn
|-crit|p2a: i-turn
|-damage|p2a: i-turn|0 fnt
|faint|p2a: i-turn
|
|
|switch|p2a: Nig Drain|Venusaur-Mega, F|167\/349
|-damage|p2a: Nig Drain|124\/349|[from] Stealth Rock
|turn|41
|c| DJWebb|wow
|
|switch|p1a: Zuko|Charizard-Mega-Y, M|301\/301
|-weather|SunnyDay
|move|p2a: Nig Drain|Giga Drain|p1a: Zuko
|-resisted|p1a: Zuko
|-damage|p1a: Zuko|272\/301
|-heal|p2a: Nig Drain|139\/349|[from] drain|[of] p1a: Zuko
|
|-weather|SunnyDay|[upkeep]
|turn|42
|
|switch|p1a: Momo|Gliscor, F|352\/352 tox
|move|p2a: Nig Drain|Sludge Bomb|p1a: Momo
|-resisted|p1a: Momo
|-damage|p1a: Momo|249\/352 tox
|
|-weather|SunnyDay|[upkeep]
|-heal|p1a: Momo|293\/352 tox|[from] ability: Poison Heal
|turn|43
|c| DJWebb|wait why did that KO do so much?
|c| TTM Jolt|BALLS OF STEEL
|c| racrido|He really did it.
|c| DJWebb|shouldn't crit no item do about the same as no crit w\/ item?
|c|âoml it's too ez|knew hes was gonna focus blast or doubled
|c| TTM Jolt TTM|balls deep ftw
|
|switch|p1a: Zuko|Charizard-Mega-Y, M|272\/301
|move|p2a: Nig Drain|Giga Drain|p1a: Zuko
|-crit|p1a: Zuko
|-resisted|p1a: Zuko
|-damage|p1a: Zuko|224\/301
|-heal|p2a: Nig Drain|163\/349|[from] drain|[of] p1a: Zuko
|
|-weather|SunnyDay|[upkeep]
|turn|44
|c|âoml it's too ez|cause tran so odvi
|c| Sworn|whats a crit
|c|âoml it's too ez|never seen 1
|c| DJWebb|he gives you sun and you don't synthesis
|
|switch|p2a: He Ran|Heatran, F|327\/385 par
|-damage|p2a: He Ran|279\/385 par|[from] Stealth Rock
|move|p1a: Zuko|Flamethrower|p2a: He Ran
|-start|p2a: He Ran|ability: Flash Fire
|
|-weather|SunnyDay|[upkeep]
|-heal|p2a: He Ran|303\/385 par|[from] item: Leftovers
|turn|45
|c|âoml it's too ez|thought hes gonna taunt with gliscor
|c|âoml it's too ez|like last time
|c| racrido|The mind games.
|
|move|p1a: Zuko|Focus Blast|p2a: He Ran|[miss]
|-miss|p1a: Zuko|p2a: He Ran
|move|p2a: He Ran|Lava Plume|p1a: Zuko
|-crit|p1a: Zuko
|-resisted|p1a: Zuko
|-damage|p1a: Zuko|33\/301
|
|-weather|none
|-heal|p2a: He Ran|327\/385 par|[from] item: Leftovers
|turn|46
|c| Sworn|0\/2
|c|âoml it's too ez|im sry
|c|âoml it's too ez|jk im never sry
|c| DJWebb|embrace it :]
|
|move|p1a: Zuko|Roost|p1a: Zuko
|-heal|p1a: Zuko|184\/301
|cant|p2a: He Ran|par
|
|-heal|p2a: He Ran|351\/385 par|[from] item: Leftovers
|turn|47
|c| DJWebb|lol
|
|move|p1a: Zuko|Roost|p1a: Zuko
|-heal|p1a: Zuko|301\/301
|cant|p2a: He Ran|par
|
|-heal|p2a: He Ran|375\/385 par|[from] item: Leftovers
|turn|48
|c| DJWebb|what a great game
|
|switch|p1a: Momo|Gliscor, F|293\/352 tox
|cant|p2a: He Ran|par
|
|-heal|p2a: He Ran|385\/385 par|[from] item: Leftovers
|-heal|p1a: Momo|337\/352 tox|[from] ability: Poison Heal
|turn|49
|c|âoml it's too ez|mhmm
|c| Sworn|doesnt matter
|c|âoml it's too ez|are rocks up i cant seem them
|c| Stoned Snorlax|turn 49 and its 5-5
|c| Sworn|he knows your spread
|c| amp'dpharos|yup
|c|âoml it's too ez|i lose a mon :[
|
|switch|p2a: Moo|Mew|276\/403
|-damage|p2a: Moo|226\/403|[from] Stealth Rock
|move|p1a: Momo|Earthquake|p2a: Moo
|-damage|p2a: Moo|121\/403
|
|-heal|p2a: Moo|146\/403|[from] item: Leftovers
|-heal|p1a: Momo|352\/352 tox|[from] ability: Poison Heal
|turn|50
|c| DJWebb|chimp's rocks are up
|
|move|p2a: Moo|Soft-Boiled|p2a: Moo
|-heal|p2a: Moo|348\/403
|move|p1a: Momo|Knock Off|p2a: Moo
|-supereffective|p2a: Moo
|-damage|p2a: Moo|194\/403
|-enditem|p2a: Moo|Leftovers|[from] move: Knock Off|[of] p1a: Momo
|
|turn|51
|
|switch|p1a: Zuko|Charizard-Mega-Y, M|301\/301
|-weather|SunnyDay
|move|p2a: Moo|Defog|p1a: Zuko
|-unboost|p1a: Zuko|evasion|1
|-sideend|p2: oml it's too ez|Stealth Rock|[from] move: Defog|[of] p2a: Moo
|
|-weather|SunnyDay|[upkeep]
|turn|52
|
|switch|p2a: He Ran|Heatran, F|385\/385 par
|move|p1a: Zuko|Flamethrower|p2a: He Ran
|-start|p2a: He Ran|ability: Flash Fire
|
|-weather|SunnyDay|[upkeep]
|turn|53
|
|move|p1a: Zuko|Focus Blast|p2a: He Ran
|-supereffective|p2a: He Ran
|-damage|p2a: He Ran|153\/385 par
|move|p2a: He Ran|Lava Plume|p1a: Zuko
|-resisted|p1a: Zuko
|-damage|p1a: Zuko|186\/301
|
|-weather|SunnyDay|[upkeep]
|-heal|p2a: He Ran|177\/385 par|[from] item: Leftovers
|turn|54
|c| DJWebb|will zard ever hit a focus mis?
|c| DJWebb|he gets 1
|c|âoml it's too ez|y does that do so much
|
|switch|p1a: Momo|Gliscor, F|352\/352 tox
|switch|p2a: Moo|Mew|194\/403
|
|-weather|SunnyDay|[upkeep]
|turn|55
|c| TTM Styx|modest most likely
|
|move|p2a: Moo|Soft-Boiled|p2a: Moo
|-heal|p2a: Moo|396\/403
|move|p1a: Momo|Taunt|p2a: Moo
|-start|p2a: Moo|move: Taunt
|
|-weather|none
|turn|56
|
|switch|p2a: Nig Drain|Venusaur-Mega, F|163\/349
|move|p1a: Momo|Earthquake|p2a: Nig Drain
|-damage|p2a: Nig Drain|73\/349
|
|turn|57
|c| DJWebb|don't most of the base 100 megas run non +speed natures?
|
|move|p1a: Momo|Earthquake|p2a: Nig Drain
|-damage|p2a: Nig Drain|0 fnt
|faint|p2a: Nig Drain
|
|
|switch|p2a: Im So Horny|Keldeo-Resolute|207\/323
|turn|58
|
|switch|p1a: Yue|Clefable, F|316\/394
|move|p2a: Im So Horny|Calm Mind|p2a: Im So Horny
|-boost|p2a: Im So Horny|spa|1
|-boost|p2a: Im So Horny|spd|1
|
|-heal|p1a: Yue|340\/394|[from] item: Leftovers
|turn|59
|
|move|p2a: Im So Horny|Scald|p1a: Yue
|-damage|p1a: Yue|166\/394
|move|p1a: Yue|Calm Mind|p1a: Yue
|-boost|p1a: Yue|spa|1
|-boost|p1a: Yue|spd|1
|
|-heal|p1a: Yue|190\/394|[from] item: Leftovers
|turn|60
|c| DJWebb|crit incominh
|c| DJWebb|incoming*
|
|switch|p2a: He Ran|Heatran, F|177\/385 par
|move|p1a: Yue|Thunder Wave|p2a: He Ran
|-fail|p2a: He Ran|par
|
|-heal|p1a: Yue|214\/394|[from] item: Leftovers
|-heal|p2a: He Ran|201\/385 par|[from] item: Leftovers
|turn|61
|c| Stoned Snorlax|nice play
|
|move|p1a: Yue|Soft-Boiled|p1a: Yue
|-heal|p1a: Yue|394\/394
|move|p2a: He Ran|Taunt|p1a: Yue
|-start|p1a: Yue|move: Taunt
|
|-heal|p2a: He Ran|225\/385 par|[from] item: Leftovers
|turn|62
|c| DJWebb|oml i called it for you
|c| DJWebb|wouldn't even have been hax
|c| DJWebb|all you had to do was scald :]
|
|switch|p2a: Im So Horny|Keldeo-Resolute|207\/323
|move|p1a: Yue|Moonblast|p2a: Im So Horny
|-supereffective|p2a: Im So Horny
|-damage|p2a: Im So Horny|0 fnt
|faint|p2a: Im So Horny
|
|c|âoml it's too ez|NOOO
|c|âoml it's too ez|gg
|c| racrido|Ah.
|c| ruddy420|:]
|c|âchimpact|gg
|-message|oml it's too ez forfeited.
|
|win|chimpact
|leave|DJWebb
|leave|chimpact
|player|p1
|leave|TTM Styx
|leave|king 49
|leave|racrido
|leave|TTM Jolt
|leave|Sworn