|join|oml it's too ez
|join|Hallucination
|player|p1|oml it's too ez|9
|player|p2|Hallucination|102
|gametype|singles
|gen|6
|tier|OU
|clearpoke
|poke|p1|Gyarados, F
|poke|p1|Gengar, F
|poke|p1|Crawdaunt, F
|poke|p1|Sylveon, F
|poke|p1|Heatran, M
|poke|p1|Zapdos
|poke|p2|Tyranitar, M
|poke|p2|Amoonguss, M
|poke|p2|Charizard, F
|poke|p2|Chansey, F
|poke|p2|Skarmory, F
|poke|p2|Clefable, M
|rule|Swagger Clause: Swagger is banned
|rule|Baton Pass Clause: Limit one PokÃ©mon knowing Baton Pass
|rule|Sleep Clause Mod: Limit one foe put to sleep
|rule|Species Clause: Limit one of each PokÃ©mon
|rule|OHKO Clause: OHKO moves are banned
|rule|Moody Clause: Moody is banned
|rule|Evasion Moves Clause: Evasion moves are banned
|rule|Endless Battle Clause: Forcing endless battles is banned
|rule|HP Percentage Mod: HP is shown in percentages
|teampreview
|join|reqs boii
|c| reqs boii|hallu
|c| reqs boii|u done fucked up
|c| reqs boii|u passed him this team before u know
|c| reqs boii|u just got fucking exploited
|c|âHallucination|I dont care if he knows
|c|âHallucination|I didnt fucking this this asshole would make me wait to team counter
|c|âHallucination|Which is pretty jew
|c|âHallucination|I was expecting goth
|join|stilltheking
|c| stilltheking|oooooooo
|c|âHallucination|because goth fucking wrecks stall
|c| reqs boii|why are u using ur dual weather stall anyway?
|c|âHallucination|pursuit trap
|c|âHallucination|i dont have a pursuit scizor team
|c| reqs boii|just use that bloo team
|c| reqs boii|zard y + tae
|c|âHallucination|nah fuck this
|c| reqs boii|tar*
|c| reqs boii|no hallu
|c| reqs boii|u're a ma
|c|âHallucination|Josephs getting kicked if he loses with craw
|c| reqs boii|n
|c| stilltheking|crab is gonna do work
|c|âHallucination|&gengar
|
|start
|switch|p1a: Gengar|Gengar, F|261\/261
|switch|p2a: Chansey|Chansey, F|642\/642
|turn|1
|
|switch|p2a: Amoonguss|Amoonguss, M|432\/432
|move|p1a: Gengar|Focus Blast|p2a: Amoonguss
|-resisted|p2a: Amoonguss
|-damage|p2a: Amoonguss|324\/432
|-damage|p1a: Gengar|235\/261|[from] item: Life Orb
|
|-heal|p2a: Amoonguss|351\/432|[from] item: Black Sludge
|turn|2
|
|move|p1a: Gengar|Taunt|p2a: Amoonguss
|-start|p2a: Amoonguss|move: Taunt
|cant|p2a: Amoonguss|move: Taunt|Spore
|
|-heal|p2a: Amoonguss|378\/432|[from] item: Black Sludge
|turn|3
|
|switch|p1a: Heatran|Heatran, M|386\/386
|move|p2a: Amoonguss|Giga Drain|p1a: Heatran
|-resisted|p1a: Heatran
|-damage|p1a: Heatran|372\/386
|-heal|p2a: Amoonguss|385\/432|[from] drain|[of] p1a: Heatran
|
|-heal|p1a: Heatran|386\/386|[from] item: Leftovers
|-heal|p2a: Amoonguss|412\/432|[from] item: Black Sludge
|turn|4
|c| reqs boii|hallu wreck this nigga
|c| stilltheking|lol
|c|âHallucination|ill be a god if i do
|c|âHallucination|But srs
|c| stilltheking|im just here to see craw do work
|c|âHallucination|Give me a reason why I shouldnt think this guy is a poopyhead
|c| reqs boii|a who?
|c|âHallucination|a fa ggot
|
|switch|p2a: Tyranitar|Tyranitar, M|404\/404
|-weather|Sandstorm
|move|p1a: Heatran|Taunt|p2a: Tyranitar
|-start|p2a: Tyranitar|move: Taunt
|
|-weather|Sandstorm|[upkeep]
|turn|5
|c| reqs boii|:]
|c| reqs boii|that's what i like to see
|
|switch|p1a: Sylveon|Sylveon, F|390\/390
|move|p2a: Tyranitar|Stone Edge|p1a: Sylveon
|-damage|p1a: Sylveon|206\/390
|
|-weather|Sandstorm|[upkeep]
|-damage|p1a: Sylveon|182\/390|[from] sandstorm
|-heal|p1a: Sylveon|206\/390|[from] item: Leftovers
|turn|6
|
|switch|p2a: Charizard|Charizard, F|359\/359
|move|p1a: Sylveon|Wish|p1a: Sylveon
|
|-weather|Sandstorm|[upkeep]
|-damage|p2a: Charizard|337\/359|[from] sandstorm
|-damage|p1a: Sylveon|182\/390|[from] sandstorm
|-heal|p1a: Sylveon|206\/390|[from] item: Leftovers
|turn|7
|c| stilltheking|x
|c| stilltheking|i bet
|c| stilltheking|:p
|
|switch|p1a: Gyarados|Gyarados, F|331\/331
|-ability|p1a: Gyarados|Intimidate|[of] p2a: Charizard
|-unboost|p2a: Charizard|atk|1
|detailschange|p2a: Charizard|Charizard-Mega-Y, F
|-mega|p2a: Charizard|Charizard|Charizardite Y
|-weather|SunnyDay
|move|p2a: Charizard|Will-O-Wisp|p1a: Gyarados
|-status|p1a: Gyarados|brn
|
|-weather|SunnyDay|[upkeep]
|-damage|p1a: Gyarados|290\/331 brn|[from] brn
|turn|8
|c| stilltheking|LOL
|c| stilltheking|in the ass
|c|âHallucination|so bad
|c| reqs boii|joseph
|c|âHallucination|try to fuck with my prediction jewboi
|c| reqs boii|joseph u know his team
|c|âHallucination|Not real enough to go into tran after I ghosted ur win over jolt ;P
|c| reqs boii|how the fuck
|c| reqs boii|joseph u're disappointing me fren
|c| reqs boii|,,.,,
|c|âHallucination|he knows it has focus blast
|c|âHallucination|he got all jewish and shit
|
|switch|p1a: Heatran|Heatran, M|386\/386
|switch|p2a: Amoonguss|Amoonguss, M|432\/432
|
|-weather|SunnyDay|[upkeep]
|turn|9
|join|AuroCords
|
|switch|p2a: Chansey|Chansey, F|642\/642
|move|p1a: Heatran|Stealth Rock|p2a: Chansey
|-sidestart|p2: Hallucination|move: Stealth Rock
|
|-weather|SunnyDay|[upkeep]
|turn|10
|c| reqs boii|hallu do u have rocks up
|c| reqs boii|my showdown is buggy so i cant see the pebble
|c|âHallucination|no
|c|âHallucination|such fag much wow
|c| stilltheking|ok
|
|switch|p1a: Gengar|Gengar, F|235\/261
|switch|p2a: Tyranitar|Tyranitar, M|404\/404
|-damage|p2a: Tyranitar|354\/404|[from] Stealth Rock
|-weather|Sandstorm
|
|-weather|Sandstorm|[upkeep]
|-damage|p1a: Gengar|219\/261|[from] sandstorm
|-heal|p2a: Tyranitar|379\/404|[from] item: Leftovers
|turn|11
|
|switch|p2a: Amoonguss|Amoonguss, M|432\/432
|-damage|p2a: Amoonguss|378\/432|[from] Stealth Rock
|move|p1a: Gengar|Focus Blast|p2a: Amoonguss|[miss]
|-miss|p1a: Gengar|p2a: Amoonguss
|
|-weather|Sandstorm|[upkeep]
|-damage|p1a: Gengar|203\/261|[from] sandstorm
|-damage|p2a: Amoonguss|351\/432|[from] sandstorm
|-heal|p2a: Amoonguss|378\/432|[from] item: Black Sludge
|turn|12
|c|âHallucination|nooooo
|c|âHallucination|that %
|c|âHallucination|So bad
|
|move|p1a: Gengar|Shadow Ball|p2a: Amoonguss
|-damage|p2a: Amoonguss|143\/432
|-damage|p1a: Gengar|177\/261|[from] item: Life Orb
|move|p2a: Amoonguss|Giga Drain|p1a: Gengar
|-resisted|p1a: Gengar
|-damage|p1a: Gengar|132\/261
|-heal|p2a: Amoonguss|166\/432|[from] drain|[of] p1a: Gengar
|
|-weather|Sandstorm|[upkeep]
|-damage|p1a: Gengar|116\/261|[from] sandstorm
|-damage|p2a: Amoonguss|139\/432|[from] sandstorm
|-heal|p2a: Amoonguss|166\/432|[from] item: Black Sludge
|turn|13
|c|âHallucination|much wow
|c| reqs boii|lmao shrekt
|leave|AuroCords
|
|switch|p2a: Chansey|Chansey, F|642\/642
|-damage|p2a: Chansey|562\/642|[from] Stealth Rock
|move|p1a: Gengar|Shadow Ball|p2a: Chansey
|-immune|p2a: Chansey|[msg]
|
|-weather|Sandstorm|[upkeep]
|-damage|p1a: Gengar|100\/261|[from] sandstorm
|-damage|p2a: Chansey|522\/642|[from] sandstorm
|turn|14
|
|switch|p2a: Amoonguss|Amoonguss, M|310\/432
|-damage|p2a: Amoonguss|256\/432|[from] Stealth Rock
|move|p1a: Gengar|Taunt|p2a: Amoonguss
|-start|p2a: Amoonguss|move: Taunt
|
|-weather|none
|-heal|p2a: Amoonguss|283\/432|[from] item: Black Sludge
|turn|15
|
|switch|p2a: Tyranitar|Tyranitar, M|379\/404
|-damage|p2a: Tyranitar|329\/404|[from] Stealth Rock
|-weather|Sandstorm
|move|p1a: Gengar|Shadow Ball|p2a: Tyranitar
|-resisted|p2a: Tyranitar
|-damage|p2a: Tyranitar|271\/404
|-damage|p1a: Gengar|74\/261|[from] item: Life Orb
|
|-weather|Sandstorm|[upkeep]
|-damage|p1a: Gengar|58\/261|[from] sandstorm
|-heal|p2a: Tyranitar|296\/404|[from] item: Leftovers
|turn|16
|
|switch|p2a: Chansey|Chansey, F|522\/642
|-damage|p2a: Chansey|442\/642|[from] Stealth Rock
|move|p1a: Gengar|Focus Blast|p2a: Chansey|[miss]
|-miss|p1a: Gengar|p2a: Chansey
|
|-weather|Sandstorm|[upkeep]
|-damage|p1a: Gengar|42\/261|[from] sandstorm
|-damage|p2a: Chansey|402\/642|[from] sandstorm
|turn|17
|c|âHallucination|wtf
|
|switch|p1a: Sylveon|Sylveon, F|206\/390
|switch|p2a: Amoonguss|Amoonguss, M|427\/432
|-damage|p2a: Amoonguss|373\/432|[from] Stealth Rock
|
|-weather|Sandstorm|[upkeep]
|-damage|p1a: Sylveon|182\/390|[from] sandstorm
|-damage|p2a: Amoonguss|346\/432|[from] sandstorm
|-heal|p1a: Sylveon|206\/390|[from] item: Leftovers
|-heal|p2a: Amoonguss|373\/432|[from] item: Black Sludge
|turn|18
|
|move|p1a: Sylveon|Protect|p1a: Sylveon
|-singleturn|p1a: Sylveon|Protect
|move|p2a: Amoonguss|Spore|p1a: Sylveon
|-activate|p1a: Sylveon|Protect
|
|-weather|Sandstorm|[upkeep]
|-damage|p1a: Sylveon|182\/390|[from] sandstorm
|-damage|p2a: Amoonguss|346\/432|[from] sandstorm
|-heal|p1a: Sylveon|206\/390|[from] item: Leftovers
|-heal|p2a: Amoonguss|373\/432|[from] item: Black Sludge
|turn|19
|
|switch|p1a: Gengar|Gengar, F|42\/261
|move|p2a: Amoonguss|Spore|p1a: Gengar
|-status|p1a: Gengar|slp
|
|-weather|none
|-heal|p2a: Amoonguss|400\/432|[from] item: Black Sludge
|turn|20
|
|switch|p1a: Sylveon|Sylveon, F|206\/390
|move|p2a: Amoonguss|Giga Drain|p1a: Sylveon
|-damage|p1a: Sylveon|157\/390
|-heal|p2a: Amoonguss|425\/432|[from] drain|[of] p1a: Sylveon
|
|-heal|p1a: Sylveon|181\/390|[from] item: Leftovers
|-heal|p2a: Amoonguss|432\/432|[from] item: Black Sludge
|turn|21
|
|switch|p2a: Chansey|Chansey, F|402\/642
|-damage|p2a: Chansey|322\/642|[from] Stealth Rock
|move|p1a: Sylveon|Wish|p1a: Sylveon
|
|-heal|p1a: Sylveon|205\/390|[from] item: Leftovers
|turn|22
|
|move|p1a: Sylveon|Heal Bell|p1a: Sylveon
|-cureteam|p1a: Sylveon|[from] move: HealBell
|move|p2a: Chansey|Soft-Boiled|p2a: Chansey
|-heal|p2a: Chansey|642\/642
|
|-heal|p1a: Sylveon|390\/390|[from] move: Wish|[wisher] Sylveon
|turn|23
|
|switch|p2a: Skarmory|Skarmory, F|333\/333
|-damage|p2a: Skarmory|292\/333|[from] Stealth Rock
|move|p1a: Sylveon|Wish|p1a: Sylveon
|
|turn|24
|
|switch|p1a: Heatran|Heatran, M|386\/386
|move|p2a: Skarmory|Brave Bird|p1a: Heatran
|-resisted|p1a: Heatran
|-damage|p1a: Heatran|326\/386
|-damage|p2a: Skarmory|272\/333|[from] recoil|[of] p1a: Heatran
|
|-heal|p1a: Heatran|386\/386|[from] move: Wish|[wisher] Sylveon
|turn|25
|
|switch|p2a: Chansey|Chansey, F|642\/642
|-damage|p2a: Chansey|562\/642|[from] Stealth Rock
|move|p1a: Heatran|Taunt|p2a: Chansey
|-start|p2a: Chansey|move: Taunt
|
|turn|26
|
|move|p1a: Heatran|Lava Plume|p2a: Chansey
|-damage|p2a: Chansey|498\/642
|move|p2a: Chansey|Seismic Toss|p1a: Heatran
|-damage|p1a: Heatran|286\/386
|
|-heal|p1a: Heatran|310\/386|[from] item: Leftovers
|turn|27
|
|move|p1a: Heatran|Lava Plume|p2a: Chansey
|-damage|p2a: Chansey|437\/642
|move|p2a: Chansey|Seismic Toss|p1a: Heatran
|-damage|p1a: Heatran|210\/386
|
|-heal|p1a: Heatran|234\/386|[from] item: Leftovers
|turn|28
|
|move|p1a: Heatran|Lava Plume|p2a: Chansey
|-damage|p2a: Chansey|374\/642
|-status|p2a: Chansey|brn
|move|p2a: Chansey|Seismic Toss|p1a: Heatran
|-damage|p1a: Heatran|134\/386
|
|-heal|p1a: Heatran|158\/386|[from] item: Leftovers
|-damage|p2a: Chansey|294\/642 brn|[from] brn
|-end|p2a: Chansey|move: Taunt
|turn|29
|
|switch|p2a: Tyranitar|Tyranitar, M|296\/404
|-damage|p2a: Tyranitar|246\/404|[from] Stealth Rock
|-weather|Sandstorm
|move|p1a: Heatran|Taunt|p2a: Tyranitar
|-start|p2a: Tyranitar|move: Taunt
|
|-weather|Sandstorm|[upkeep]
|-heal|p1a: Heatran|182\/386|[from] item: Leftovers
|-heal|p2a: Tyranitar|271\/404|[from] item: Leftovers
|turn|30
|c| stilltheking|go hallu
|c| stilltheking|#teamhallu
|c| stilltheking|hallegend
|
|move|p2a: Tyranitar|Pursuit|p1a: Heatran|[from]Pursuit
|-damage|p1a: Heatran|70\/386
|switch|p1a: Sylveon|Sylveon, F|390\/390
|
|-weather|Sandstorm|[upkeep]
|-damage|p1a: Sylveon|366\/390|[from] sandstorm
|-heal|p1a: Sylveon|390\/390|[from] item: Leftovers
|-heal|p2a: Tyranitar|296\/404|[from] item: Leftovers
|turn|31
|
|switch|p1a: Gyarados|Gyarados, F|290\/331
|-ability|p1a: Gyarados|Intimidate|[of] p2a: Tyranitar
|-unboost|p2a: Tyranitar|atk|1
|move|p2a: Tyranitar|Stone Edge|p1a: Gyarados|[miss]
|-miss|p2a: Tyranitar|p1a: Gyarados
|
|-weather|Sandstorm|[upkeep]
|-damage|p1a: Gyarados|270\/331|[from] sandstorm
|-heal|p2a: Tyranitar|321\/404|[from] item: Leftovers
|turn|32
|c|âHallucination|So fucking bad
|c|âHallucination|-1 0 Atk Tyranitar Stone Edge vs. 88 HP \/ 4 Def Gyarados: 224-266 (63.4 - 75.3%) -- guaranteed 2HKO after sandstorm damage and Leftovers recovery
|
|switch|p2a: Amoonguss|Amoonguss, M|432\/432
|-damage|p2a: Amoonguss|378\/432|[from] Stealth Rock
|detailschange|p1a: Gyarados|Gyarados-Mega, F
|-mega|p1a: Gyarados|Gyarados|Gyaradosite
|-ability|p1a: Gyarados|Mold Breaker
|move|p1a: Gyarados|Dragon Dance|p1a: Gyarados
|-boost|p1a: Gyarados|atk|1
|-boost|p1a: Gyarados|spe|1
|
|-weather|Sandstorm|[upkeep]
|-damage|p1a: Gyarados|250\/331|[from] sandstorm
|-damage|p2a: Amoonguss|351\/432|[from] sandstorm
|-heal|p2a: Amoonguss|378\/432|[from] item: Black Sludge
|turn|33
|
|move|p1a: Gyarados|Taunt|p2a: Amoonguss
|-start|p2a: Amoonguss|move: Taunt
|cant|p2a: Amoonguss|move: Taunt|Spore
|
|-weather|none
|-heal|p2a: Amoonguss|405\/432|[from] item: Black Sludge
|turn|34
|
|switch|p1a: Heatran|Heatran, M|70\/386
|move|p2a: Amoonguss|Giga Drain|p1a: Heatran
|-resisted|p1a: Heatran
|-damage|p1a: Heatran|58\/386
|-heal|p2a: Amoonguss|411\/432|[from] drain|[of] p1a: Heatran
|
|-heal|p1a: Heatran|82\/386|[from] item: Leftovers
|-heal|p2a: Amoonguss|432\/432|[from] item: Black Sludge
|turn|35
|
|switch|p2a: Tyranitar|Tyranitar, M|321\/404
|-damage|p2a: Tyranitar|271\/404|[from] Stealth Rock
|-weather|Sandstorm
|move|p1a: Heatran|Lava Plume|p2a: Tyranitar
|-resisted|p2a: Tyranitar
|-damage|p2a: Tyranitar|232\/404
|
|-weather|Sandstorm|[upkeep]
|-heal|p1a: Heatran|106\/386|[from] item: Leftovers
|-heal|p2a: Tyranitar|257\/404|[from] item: Leftovers
|turn|36
|
|move|p1a: Heatran|Toxic|p2a: Tyranitar
|-status|p2a: Tyranitar|tox
|move|p2a: Tyranitar|Stone Edge|p1a: Heatran
|-damage|p1a: Heatran|0 fnt
|faint|p1a: Heatran
|
|-weather|Sandstorm|[upkeep]
|-heal|p2a: Tyranitar|282\/404 tox|[from] item: Leftovers
|-damage|p2a: Tyranitar|257\/404 tox|[from] psn
|
|switch|p1a: Crawdaunt|Crawdaunt, F|267\/267
|turn|37
|
|move|p1a: Crawdaunt|Waterfall|p2a: Tyranitar
|-supereffective|p2a: Tyranitar
|-damage|p2a: Tyranitar|0 fnt
|-damage|p1a: Crawdaunt|241\/267|[from] item: Life Orb
|faint|p2a: Tyranitar
|
|-weather|Sandstorm|[upkeep]
|-damage|p1a: Crawdaunt|225\/267|[from] sandstorm
|
|switch|p2a: Amoonguss|Amoonguss, M|432\/432
|-damage|p2a: Amoonguss|378\/432|[from] Stealth Rock
|turn|38
|
|move|p1a: Crawdaunt|Knock Off|p2a: Amoonguss
|-damage|p2a: Amoonguss|136\/432
|-enditem|p2a: Amoonguss|Black Sludge|[from] move: Knock Off|[of] p1a: Crawdaunt
|-damage|p1a: Crawdaunt|199\/267|[from] item: Life Orb
|move|p2a: Amoonguss|Giga Drain|p1a: Crawdaunt
|-supereffective|p1a: Crawdaunt
|-damage|p1a: Crawdaunt|0 fnt
|-heal|p2a: Amoonguss|236\/432|[from] drain|[of] p1a: Crawdaunt
|faint|p1a: Crawdaunt
|
|-weather|Sandstorm|[upkeep]
|-damage|p2a: Amoonguss|209\/432|[from] sandstorm
|c|âHallucination|1 counter gone
|
|switch|p1a: Gengar|Gengar, F|42\/261
|turn|39
|
|switch|p2a: Skarmory|Skarmory, F|272\/333
|-damage|p2a: Skarmory|231\/333|[from] Stealth Rock
|move|p1a: Gengar|Shadow Ball|p2a: Skarmory
|-damage|p2a: Skarmory|0 fnt
|-damage|p1a: Gengar|16\/261|[from] item: Life Orb
|faint|p2a: Skarmory
|
|-weather|none
|c| stilltheking|ah gay i missed it
|
|switch|p2a: Chansey|Chansey, F|294\/642
|-damage|p2a: Chansey|214\/642|[from] Stealth Rock
|turn|40
|
|move|p1a: Gengar|Taunt|p2a: Chansey
|-start|p2a: Chansey|move: Taunt
|cant|p2a: Chansey|move: Taunt|Soft-Boiled
|
|turn|41
|c| stilltheking|oh, crab really didnt do that much work
|c| stilltheking|ok fine
|c|âHallucination|if I win this tho
|c| stilltheking|if you win
|c| stilltheking|god confirmed
|join|The Parallex
|c|âHallucination|:)))
|
|move|p1a: Gengar|Shadow Ball|p2a: Chansey
|-immune|p2a: Chansey|[msg]
|move|p2a: Chansey|Seismic Toss|p1a: Gengar
|-immune|p1a: Gengar|[msg]
|
|turn|42
|
|move|p1a: Gengar|Shadow Ball|p2a: Chansey
|-immune|p2a: Chansey|[msg]
|move|p2a: Chansey|Seismic Toss|p1a: Gengar
|-immune|p1a: Gengar|[msg]
|
|-end|p2a: Chansey|move: Taunt
|turn|43
|
|move|p1a: Gengar|Taunt|p2a: Chansey
|-start|p2a: Chansey|move: Taunt
|cant|p2a: Chansey|move: Taunt|Soft-Boiled
|
|turn|44
|
|move|p1a: Gengar|Taunt|p2a: Chansey
|-fail|p2a: Chansey
|move|p2a: Chansey|Seismic Toss|p1a: Gengar
|-immune|p1a: Gengar|[msg]
|
|turn|45
|c| reqs boii|oml it's too ez
|c| reqs boii|as my nigga joseph would say
|
|switch|p1a: Gyarados|Gyarados-Mega, F|250\/331
|-ability|p1a: Gyarados|Mold Breaker
|move|p2a: Chansey|Seismic Toss|p1a: Gyarados
|-damage|p1a: Gyarados|150\/331
|
|-end|p2a: Chansey|move: Taunt
|turn|46
|
|switch|p2a: Clefable|Clefable, M|393\/393
|-damage|p2a: Clefable|344\/393|[from] Stealth Rock
|move|p1a: Gyarados|Crunch|p2a: Clefable
|-resisted|p2a: Clefable
|-damage|p2a: Clefable|262\/393
|
|-heal|p2a: Clefable|286\/393|[from] item: Leftovers
|turn|47
|
|move|p1a: Gyarados|Waterfall|p2a: Clefable
|-damage|p2a: Clefable|139\/393
|cant|p2a: Clefable|flinch
|
|-heal|p2a: Clefable|163\/393|[from] item: Leftovers
|turn|48
|
|move|p1a: Gyarados|Taunt|p2a: Clefable
|-start|p2a: Clefable|move: Taunt
|move|p2a: Clefable|Moonblast|p1a: Gyarados
|-supereffective|p1a: Gyarados
|-damage|p1a: Gyarados|0 fnt
|faint|p1a: Gyarados
|
|-heal|p2a: Clefable|187\/393|[from] item: Leftovers
|c|âHallucination|ur bad
|
|switch|p1a: Sylveon|Sylveon, F|390\/390
|turn|49
|
|move|p2a: Clefable|Moonblast|p1a: Sylveon
|-damage|p1a: Sylveon|314\/390
|move|p1a: Sylveon|Wish|p1a: Sylveon
|
|-heal|p2a: Clefable|211\/393|[from] item: Leftovers
|-heal|p1a: Sylveon|338\/390|[from] item: Leftovers
|turn|50
|
|move|p2a: Clefable|Moonblast|p1a: Sylveon
|-damage|p1a: Sylveon|260\/390
|move|p1a: Sylveon|Hyper Voice|p2a: Clefable
|-damage|p2a: Clefable|12\/393
|
|-heal|p1a: Sylveon|390\/390|[from] move: Wish|[wisher] Sylveon
|-heal|p2a: Clefable|36\/393|[from] item: Leftovers
|-end|p2a: Clefable|move: Taunt
|turn|51
|c| reqs boii|joseph if u lose this
|
|move|p2a: Clefable|Toxic|p1a: Sylveon
|-status|p1a: Sylveon|tox
|move|p1a: Sylveon|Wish|p1a: Sylveon
|
|-heal|p2a: Clefable|60\/393|[from] item: Leftovers
|-damage|p1a: Sylveon|366\/390 tox|[from] psn
|turn|52
|
|move|p2a: Clefable|Moonblast|p1a: Sylveon
|-damage|p1a: Sylveon|285\/390 tox
|-unboost|p1a: Sylveon|spa|1
|move|p1a: Sylveon|Heal Bell|p1a: Sylveon
|-cureteam|p1a: Sylveon|[from] move: HealBell
|
|-heal|p1a: Sylveon|390\/390|[from] move: Wish|[wisher] Sylveon
|-heal|p2a: Clefable|84\/393|[from] item: Leftovers
|turn|53
|
|move|p2a: Clefable|Wish|p2a: Clefable
|move|p1a: Sylveon|Wish|p1a: Sylveon
|
|-heal|p2a: Clefable|108\/393|[from] item: Leftovers
|turn|54
|
|move|p2a: Clefable|Moonblast|p1a: Sylveon
|-damage|p1a: Sylveon|318\/390
|move|p1a: Sylveon|Hyper Voice|p2a: Clefable
|-damage|p2a: Clefable|0 fnt
|faint|p2a: Clefable
|
|-heal|p1a: Sylveon|390\/390|[from] move: Wish|[wisher] Sylveon
|
|switch|p2a: Charizard|Charizard-Mega-Y, F|337\/359
|-damage|p2a: Charizard|158\/359|[from] Stealth Rock
|-weather|SunnyDay
|turn|55
|
|move|p2a: Charizard|Roost|p2a: Charizard
|-heal|p2a: Charizard|338\/359
|move|p1a: Sylveon|Wish|p1a: Sylveon
|
|-weather|SunnyDay|[upkeep]
|turn|56
|
|switch|p1a: Zapdos|Zapdos|383\/383
|-ability|p1a: Zapdos|Pressure
|move|p2a: Charizard|Flamethrower|p1a: Zapdos
|-crit|p1a: Zapdos
|-damage|p1a: Zapdos|28\/383
|
|-weather|SunnyDay|[upkeep]
|-heal|p1a: Zapdos|223\/383|[from] move: Wish|[wisher] Sylveon
|-heal|p1a: Zapdos|246\/383|[from] item: Leftovers
|turn|57
|
|move|p2a: Charizard|Flamethrower|p1a: Zapdos
|-damage|p1a: Zapdos|0 fnt
|faint|p1a: Zapdos
|
|-weather|SunnyDay|[upkeep]
|-message|oml it's too ez forfeited.
|c|âHallucination|gg pussy
|
|win|Hallucination
|leave|oml it's too ez
|player|p1