|join|AuroCords
|join|oml it's too ez
|player|p1|AuroCords|170
|player|p2|oml it's too ez|9
|gametype|singles
|gen|6
|tier|OU
|clearpoke
|poke|p1|Alomomola, F
|poke|p1|Clefable, F
|poke|p1|Gengar, F, shiny
|poke|p1|Gliscor, F, shiny
|poke|p1|Gyarados, F
|poke|p1|Zapdos, shiny
|poke|p2|Landorus-Therian, M
|poke|p2|Mew
|poke|p2|Heatran, F
|poke|p2|Venusaur, M
|poke|p2|Raikou
|poke|p2|Keldeo-Resolute
|rule|Swagger Clause: Swagger is banned
|rule|Baton Pass Clause: Limit one PokÃ©mon knowing Baton Pass
|rule|Sleep Clause Mod: Limit one foe put to sleep
|rule|Species Clause: Limit one of each PokÃ©mon
|rule|OHKO Clause: OHKO moves are banned
|rule|Moody Clause: Moody is banned
|rule|Evasion Moves Clause: Evasion moves are banned
|rule|Endless Battle Clause: Forcing endless battles is banned
|rule|HP Percentage Mod: HP is shown in percentages
|teampreview
|c|âAuroCords|lets see if this actually can do anything hah
|
|start
|switch|p1a: Cord|Gliscor, F, shiny|352\/352
|switch|p2a: President|Raikou|321\/321
|-ability|p2a: President|Pressure
|turn|1
|
|move|p1a: Cord|Protect|p1a: Cord
|-singleturn|p1a: Cord|Protect
|move|p2a: President|Volt Switch|p1a: Cord
|-immune|p1a: Cord|[msg]
|
|-status|p1a: Cord|tox|[from] item: Toxic Orb
|turn|2
|
|switch|p2a: Nig Drain|Venusaur, M|349\/349
|move|p1a: Cord|Stealth Rock|p2a: Nig Drain
|-sidestart|p2: oml it's too ez|move: Stealth Rock
|
|turn|3
|
|switch|p1a: Pus|Gengar, F, shiny|261\/261
|detailschange|p2a: Nig Drain|Venusaur-Mega, M
|-mega|p2a: Nig Drain|Venusaur|Venusaurite
|move|p2a: Nig Drain|Sludge Bomb|p1a: Pus
|-resisted|p1a: Pus
|-damage|p1a: Pus|204\/261
|
|-heal|p1a: Pus|220\/261|[from] item: Black Sludge
|turn|4
|
|switch|p2a: He Ran|Heatran, F|385\/385
|-damage|p2a: He Ran|337\/385|[from] Stealth Rock
|move|p1a: Pus|Shadow Ball|p2a: He Ran
|-damage|p2a: He Ran|237\/385
|
|-heal|p1a: Pus|236\/261|[from] item: Black Sludge
|-heal|p2a: He Ran|261\/385|[from] item: Leftovers
|turn|5
|
|switch|p1a: Cord|Gliscor, F, shiny|352\/352 tox
|switch|p2a: Nig Drain|Venusaur-Mega, M|349\/349
|-damage|p2a: Nig Drain|306\/349|[from] Stealth Rock
|
|turn|6
|
|move|p1a: Cord|Earthquake|p2a: Nig Drain
|-damage|p2a: Nig Drain|219\/349
|move|p2a: Nig Drain|Giga Drain|p1a: Cord
|-damage|p1a: Cord|228\/352 tox
|-heal|p2a: Nig Drain|281\/349|[from] drain|[of] p1a: Cord
|
|-heal|p1a: Cord|272\/352 tox|[from] ability: Poison Heal
|turn|7
|
|move|p1a: Cord|Protect|p1a: Cord
|-singleturn|p1a: Cord|Protect
|move|p2a: Nig Drain|Giga Drain|p1a: Cord
|-activate|p1a: Cord|Protect
|
|-heal|p1a: Cord|316\/352 tox|[from] ability: Poison Heal
|turn|8
|
|switch|p1a: Pus|Gengar, F, shiny|236\/261
|move|p2a: Nig Drain|Giga Drain|p1a: Pus
|-resisted|p1a: Pus
|-damage|p1a: Pus|151\/261
|-heal|p2a: Nig Drain|324\/349|[from] drain|[of] p1a: Pus
|
|-heal|p1a: Pus|167\/261|[from] item: Black Sludge
|turn|9
|
|move|p1a: Pus|Will-O-Wisp|p2a: Nig Drain
|-status|p2a: Nig Drain|brn
|move|p2a: Nig Drain|Giga Drain|p1a: Pus
|-resisted|p1a: Pus
|-damage|p1a: Pus|74\/261
|-heal|p2a: Nig Drain|349\/349 brn|[from] drain|[of] p1a: Pus
|
|-heal|p1a: Pus|90\/261|[from] item: Black Sludge
|-damage|p2a: Nig Drain|306\/349 brn|[from] brn
|turn|10
|
|switch|p1a: Cord|Gliscor, F, shiny|316\/352 tox
|move|p2a: Nig Drain|Sludge Bomb|p1a: Cord
|-resisted|p1a: Cord
|-damage|p1a: Cord|237\/352 tox
|
|-heal|p1a: Cord|281\/352 tox|[from] ability: Poison Heal
|-damage|p2a: Nig Drain|263\/349 brn|[from] brn
|turn|11
|
|switch|p2a: Im So Horny|Keldeo-Resolute|323\/323
|-damage|p2a: Im So Horny|303\/323|[from] Stealth Rock
|move|p1a: Cord|Earthquake|p2a: Im So Horny
|-damage|p2a: Im So Horny|182\/323
|
|-heal|p2a: Im So Horny|202\/323|[from] item: Leftovers
|-heal|p1a: Cord|325\/352 tox|[from] ability: Poison Heal
|turn|12
|
|switch|p1a: Mom|Alomomola, F|501\/501
|move|p2a: Im So Horny|Scald|p1a: Mom
|-resisted|p1a: Mom
|-damage|p1a: Mom|414\/501
|-status|p1a: Mom|brn
|
|-heal|p2a: Im So Horny|222\/323|[from] item: Leftovers
|-heal|p1a: Mom|445\/501 brn|[from] item: Leftovers
|-damage|p1a: Mom|383\/501 brn|[from] brn
|turn|13
|
|move|p2a: Im So Horny|Substitute|p2a: Im So Horny
|-start|p2a: Im So Horny|Substitute
|-damage|p2a: Im So Horny|142\/323
|move|p1a: Mom|Toxic|p2a: Im So Horny
|
|-heal|p2a: Im So Horny|162\/323|[from] item: Leftovers
|-heal|p1a: Mom|414\/501 brn|[from] item: Leftovers
|-damage|p1a: Mom|352\/501 brn|[from] brn
|turn|14
|
|move|p2a: Im So Horny|Calm Mind|p2a: Im So Horny
|-boost|p2a: Im So Horny|spa|1
|-boost|p2a: Im So Horny|spd|1
|move|p1a: Mom|Wish|p1a: Mom
|
|-heal|p2a: Im So Horny|182\/323|[from] item: Leftovers
|-heal|p1a: Mom|383\/501 brn|[from] item: Leftovers
|-damage|p1a: Mom|321\/501 brn|[from] brn
|turn|15
|
|switch|p1a: Dos|Zapdos, shiny|384\/384
|-ability|p1a: Dos|Pressure
|move|p2a: Im So Horny|Calm Mind|p2a: Im So Horny
|-boost|p2a: Im So Horny|spa|1
|-boost|p2a: Im So Horny|spd|1
|
|-heal|p2a: Im So Horny|202\/323|[from] item: Leftovers
|turn|16
|
|move|p2a: Im So Horny|Scald|p1a: Dos
|-damage|p1a: Dos|93\/384
|move|p1a: Dos|Thunderbolt|p2a: Im So Horny
|-supereffective|p2a: Im So Horny
|-end|p2a: Im So Horny|Substitute
|
|-heal|p2a: Im So Horny|222\/323|[from] item: Leftovers
|-heal|p1a: Dos|117\/384|[from] item: Leftovers
|turn|17
|
|move|p2a: Im So Horny|Scald|p1a: Dos
|-damage|p1a: Dos|0 fnt
|faint|p1a: Dos
|
|-heal|p2a: Im So Horny|242\/323|[from] item: Leftovers
|
|switch|p1a: Bus|Clefable, F|394\/394
|turn|18
|
|move|p2a: Im So Horny|Scald|p1a: Bus
|-damage|p1a: Bus|148\/394
|move|p1a: Bus|Thunder Wave|p2a: Im So Horny
|-status|p2a: Im So Horny|par
|
|-heal|p2a: Im So Horny|262\/323 par|[from] item: Leftovers
|turn|19
|
|move|p1a: Bus|Moonblast|p2a: Im So Horny
|-supereffective|p2a: Im So Horny
|-damage|p2a: Im So Horny|67\/323 par
|-unboost|p2a: Im So Horny|spa|1
|move|p2a: Im So Horny|Scald|p1a: Bus
|-damage|p1a: Bus|0 fnt
|faint|p1a: Bus
|
|-heal|p2a: Im So Horny|87\/323 par|[from] item: Leftovers
|
|switch|p1a: Pus|Gengar, F, shiny|90\/261
|turn|20
|
|move|p1a: Pus|Shadow Ball|p2a: Im So Horny
|-damage|p2a: Im So Horny|8\/323 par
|cant|p2a: Im So Horny|par
|
|-heal|p1a: Pus|106\/261|[from] item: Black Sludge
|-heal|p2a: Im So Horny|28\/323 par|[from] item: Leftovers
|turn|21
|
|move|p1a: Pus|Shadow Ball|p2a: Im So Horny
|-damage|p2a: Im So Horny|0 fnt
|faint|p2a: Im So Horny
|
|-heal|p1a: Pus|122\/261|[from] item: Black Sludge
|
|switch|p2a: President|Raikou|321\/321
|-damage|p2a: President|281\/321|[from] Stealth Rock
|-ability|p2a: President|Pressure
|turn|22
|
|switch|p1a: Mom|Alomomola, F|488\/501 brn
|move|p2a: President|Shadow Ball|p1a: Mom
|-damage|p1a: Mom|349\/501 brn
|
|-heal|p1a: Mom|380\/501 brn|[from] item: Leftovers
|-damage|p1a: Mom|318\/501 brn|[from] brn
|turn|23
|
|switch|p2a: Moo|Mew|403\/403
|-damage|p2a: Moo|353\/403|[from] Stealth Rock
|move|p1a: Mom|Wish|p1a: Mom
|
|-heal|p2a: Moo|378\/403|[from] item: Leftovers
|-heal|p1a: Mom|349\/501 brn|[from] item: Leftovers
|-damage|p1a: Mom|287\/501 brn|[from] brn
|turn|24
|
|move|p2a: Moo|Knock Off|p1a: Mom
|-damage|p1a: Mom|219\/501 brn
|-enditem|p1a: Mom|Leftovers|[from] move: Knock Off|[of] p2a: Moo
|move|p1a: Mom|Toxic|p2a: Moo
|-status|p2a: Moo|tox
|
|-heal|p1a: Mom|469\/501 brn|[from] move: Wish|[wisher] Mom
|-heal|p2a: Moo|403\/403 tox|[from] item: Leftovers
|-damage|p2a: Moo|378\/403 tox|[from] psn
|-damage|p1a: Mom|407\/501 brn|[from] brn
|turn|25
|
|move|p2a: Moo|Defog|p1a: Mom
|-unboost|p1a: Mom|evasion|1
|-sideend|p2: oml it's too ez|Stealth Rock|[from] move: Defog|[of] p2a: Moo
|move|p1a: Mom|Wish|p1a: Mom
|
|-heal|p2a: Moo|403\/403 tox|[from] item: Leftovers
|-damage|p2a: Moo|353\/403 tox|[from] psn
|-damage|p1a: Mom|345\/501 brn|[from] brn
|turn|26
|
|switch|p2a: Nig Drain|Venusaur-Mega, M|263\/349 brn
|switch|p1a: Cord|Gliscor, F, shiny|325\/352 tox
|
|-heal|p1a: Cord|352\/352 tox|[from] move: Wish|[wisher] Mom
|-damage|p2a: Nig Drain|220\/349 brn|[from] brn
|turn|27
|
|move|p1a: Cord|Earthquake|p2a: Nig Drain
|-damage|p2a: Nig Drain|121\/349 brn
|move|p2a: Nig Drain|Giga Drain|p1a: Cord
|-damage|p1a: Cord|234\/352 tox
|-heal|p2a: Nig Drain|180\/349 brn|[from] drain|[of] p1a: Cord
|
|-heal|p1a: Cord|278\/352 tox|[from] ability: Poison Heal
|-damage|p2a: Nig Drain|137\/349 brn|[from] brn
|turn|28
|
|move|p1a: Cord|Earthquake|p2a: Nig Drain
|-damage|p2a: Nig Drain|35\/349 brn
|move|p2a: Nig Drain|Synthesis|p2a: Nig Drain
|-heal|p2a: Nig Drain|209\/349 brn
|
|-heal|p1a: Cord|322\/352 tox|[from] ability: Poison Heal
|-damage|p2a: Nig Drain|166\/349 brn|[from] brn
|turn|29
|
|move|p1a: Cord|Stealth Rock|p2a: Nig Drain
|-sidestart|p2: oml it's too ez|move: Stealth Rock
|move|p2a: Nig Drain|Giga Drain|p1a: Cord
|-crit|p1a: Cord
|-damage|p1a: Cord|136\/352 tox
|-heal|p2a: Nig Drain|259\/349 brn|[from] drain|[of] p1a: Cord
|
|-heal|p1a: Cord|180\/352 tox|[from] ability: Poison Heal
|-damage|p2a: Nig Drain|216\/349 brn|[from] brn
|turn|30
|
|move|p1a: Cord|Protect|p1a: Cord
|-singleturn|p1a: Cord|Protect
|move|p2a: Nig Drain|Synthesis|p2a: Nig Drain
|-heal|p2a: Nig Drain|349\/349 brn
|
|-heal|p1a: Cord|224\/352 tox|[from] ability: Poison Heal
|-damage|p2a: Nig Drain|306\/349 brn|[from] brn
|turn|31
|
|move|p1a: Cord|Earthquake|p2a: Nig Drain
|-damage|p2a: Nig Drain|207\/349 brn
|move|p2a: Nig Drain|Giga Drain|p1a: Cord
|-crit|p1a: Cord
|-damage|p1a: Cord|43\/352 tox
|-heal|p2a: Nig Drain|298\/349 brn|[from] drain|[of] p1a: Cord
|
|-heal|p1a: Cord|87\/352 tox|[from] ability: Poison Heal
|-damage|p2a: Nig Drain|255\/349 brn|[from] brn
|turn|32
|
|move|p1a: Cord|Protect|p1a: Cord
|-singleturn|p1a: Cord|Protect
|move|p2a: Nig Drain|Giga Drain|p1a: Cord
|-activate|p1a: Cord|Protect
|
|-heal|p1a: Cord|131\/352 tox|[from] ability: Poison Heal
|-damage|p2a: Nig Drain|212\/349 brn|[from] brn
|turn|33
|
|switch|p1a: Pus|Gengar, F, shiny|122\/261
|move|p2a: Nig Drain|Giga Drain|p1a: Pus
|-resisted|p1a: Pus
|-damage|p1a: Pus|40\/261
|-heal|p2a: Nig Drain|253\/349 brn|[from] drain|[of] p1a: Pus
|
|-heal|p1a: Pus|56\/261|[from] item: Black Sludge
|-damage|p2a: Nig Drain|210\/349 brn|[from] brn
|turn|34
|
|move|p1a: Pus|Shadow Ball|p2a: Nig Drain
|-crit|p2a: Nig Drain
|-damage|p2a: Nig Drain|33\/349 brn
|move|p2a: Nig Drain|Giga Drain|p1a: Pus
|-resisted|p1a: Pus
|-damage|p1a: Pus|0 fnt
|-heal|p2a: Nig Drain|61\/349 brn|[from] drain|[of] p1a: Pus
|faint|p1a: Pus
|
|-damage|p2a: Nig Drain|18\/349 brn|[from] brn
|
|switch|p1a: Cord|Gliscor, F, shiny|131\/352 tox
|turn|35
|
|move|p1a: Cord|Knock Off|p2a: Nig Drain
|-damage|p2a: Nig Drain|0 fnt
|faint|p2a: Nig Drain
|
|-heal|p1a: Cord|175\/352 tox|[from] ability: Poison Heal
|
|switch|p2a: President|Raikou|281\/321
|-damage|p2a: President|241\/321|[from] Stealth Rock
|-ability|p2a: President|Pressure
|turn|36
|
|move|p1a: Cord|Protect|p1a: Cord
|-singleturn|p1a: Cord|Protect
|move|p2a: President|Hidden Power|p1a: Cord
|-activate|p1a: Cord|Protect
|
|-heal|p1a: Cord|219\/352 tox|[from] ability: Poison Heal
|turn|37
|
|switch|p2a: He Ran|Heatran, F|261\/385
|-damage|p2a: He Ran|213\/385|[from] Stealth Rock
|switch|p1a: Mom|Alomomola, F|501\/501 brn
|
|-heal|p2a: He Ran|237\/385|[from] item: Leftovers
|-damage|p1a: Mom|439\/501 brn|[from] brn
|turn|38
|
|move|p2a: He Ran|Taunt|p1a: Mom
|-start|p1a: Mom|move: Taunt
|move|p1a: Mom|Scald|p2a: He Ran
|-supereffective|p2a: He Ran
|-damage|p2a: He Ran|177\/385
|
|-heal|p2a: He Ran|201\/385|[from] item: Leftovers
|-damage|p1a: Mom|377\/501 brn|[from] brn
|turn|39
|
|switch|p1a: Cord|Gliscor, F, shiny|219\/352 tox
|move|p2a: He Ran|Protect|p2a: He Ran
|-fail|p2a: He Ran
|
|-heal|p2a: He Ran|225\/385|[from] item: Leftovers
|-heal|p1a: Cord|263\/352 tox|[from] ability: Poison Heal
|turn|40
|
|switch|p2a: i-turn|Landorus-Therian, M|375\/375
|-damage|p2a: i-turn|329\/375|[from] Stealth Rock
|-ability|p2a: i-turn|Intimidate|[of] p1a: Cord
|-unboost|p1a: Cord|atk|1
|move|p1a: Cord|Knock Off|p2a: i-turn
|-damage|p2a: i-turn|293\/375
|-enditem|p2a: i-turn|Leftovers|[from] move: Knock Off|[of] p1a: Cord
|
|-heal|p1a: Cord|307\/352 tox|[from] ability: Poison Heal
|turn|41
|
|move|p1a: Cord|Knock Off|p2a: i-turn
|-damage|p2a: i-turn|268\/375
|move|p2a: i-turn|Stealth Rock|p1a: Cord
|-sidestart|p1: AuroCords|move: Stealth Rock
|
|-heal|p1a: Cord|351\/352 tox|[from] ability: Poison Heal
|turn|42
|
|move|p1a: Cord|Knock Off|p2a: i-turn
|-crit|p2a: i-turn
|-damage|p2a: i-turn|209\/375
|move|p2a: i-turn|Stone Edge|p1a: Cord
|-damage|p1a: Cord|257\/352 tox
|
|-heal|p1a: Cord|301\/352 tox|[from] ability: Poison Heal
|turn|43
|
|move|p1a: Cord|Knock Off|p2a: i-turn
|-damage|p2a: i-turn|185\/375
|move|p2a: i-turn|U-turn|p1a: Cord
|-resisted|p1a: Cord
|-damage|p1a: Cord|269\/352 tox
|
|switch|p2a: President|Raikou|241\/321
|-damage|p2a: President|201\/321|[from] Stealth Rock
|-ability|p2a: President|Pressure
|
|-heal|p1a: Cord|313\/352 tox|[from] ability: Poison Heal
|turn|44
|
|move|p1a: Cord|Protect|p1a: Cord
|-singleturn|p1a: Cord|Protect
|move|p2a: President|Hidden Power|p1a: Cord
|-activate|p1a: Cord|Protect
|
|-heal|p1a: Cord|352\/352 tox|[from] ability: Poison Heal
|turn|45
|
|switch|p1a: Mom|Alomomola, F|501\/501 brn
|-damage|p1a: Mom|439\/501 brn|[from] Stealth Rock
|move|p2a: President|Hidden Power|p1a: Mom
|-resisted|p1a: Mom
|-damage|p1a: Mom|382\/501 brn
|
|-damage|p1a: Mom|320\/501 brn|[from] brn
|turn|46
|
|switch|p2a: He Ran|Heatran, F|225\/385
|-damage|p2a: He Ran|177\/385|[from] Stealth Rock
|move|p1a: Mom|Wish|p1a: Mom
|
|-heal|p2a: He Ran|201\/385|[from] item: Leftovers
|-damage|p1a: Mom|258\/501 brn|[from] brn
|turn|47
|
|move|p2a: He Ran|Taunt|p1a: Mom
|-start|p1a: Mom|move: Taunt
|move|p1a: Mom|Scald|p2a: He Ran
|-supereffective|p2a: He Ran
|-damage|p2a: He Ran|139\/385
|
|-heal|p1a: Mom|501\/501 brn|[from] move: Wish|[wisher] Mom
|-heal|p2a: He Ran|163\/385|[from] item: Leftovers
|-damage|p1a: Mom|439\/501 brn|[from] brn
|turn|48
|
|move|p2a: He Ran|Taunt|p1a: Mom
|-fail|p1a: Mom
|move|p1a: Mom|Scald|p2a: He Ran
|-supereffective|p2a: He Ran
|-damage|p2a: He Ran|95\/385
|
|-heal|p2a: He Ran|119\/385|[from] item: Leftovers
|-damage|p1a: Mom|377\/501 brn|[from] brn
|turn|49
|
|switch|p1a: Cord|Gliscor, F, shiny|352\/352 tox
|-damage|p1a: Cord|308\/352 tox|[from] Stealth Rock
|move|p2a: He Ran|Protect|p2a: He Ran
|-fail|p2a: He Ran
|
|-heal|p2a: He Ran|143\/385|[from] item: Leftovers
|-heal|p1a: Cord|352\/352 tox|[from] ability: Poison Heal
|turn|50
|
|switch|p2a: Moo|Mew|353\/403 tox
|-damage|p2a: Moo|303\/403 tox|[from] Stealth Rock
|move|p1a: Cord|Knock Off|p2a: Moo
|-supereffective|p2a: Moo
|-damage|p2a: Moo|159\/403 tox
|-enditem|p2a: Moo|Leftovers|[from] move: Knock Off|[of] p1a: Cord
|
|-damage|p2a: Moo|134\/403 tox|[from] psn
|turn|51
|-message|oml it's too ez forfeited.
|leave|oml it's too ez
|
|win|AuroCords
|player|p2