|join|ExpertOccultist
|join|oml it's too ez
|player|p1|ExpertOccultist|52
|player|p2|oml it's too ez|264
|gametype|singles
|gen|6
|tier|OU
|rated
|clearpoke
|poke|p1|Metagross, shiny
|poke|p1|Breloom, M
|poke|p1|Heatran, F, shiny
|poke|p1|Manaphy, shiny
|poke|p1|Hydreigon, F, shiny
|poke|p1|Landorus-Therian, M
|poke|p2|Landorus-Therian, M
|poke|p2|Mew
|poke|p2|Heatran, M
|poke|p2|Venusaur, F
|poke|p2|Raikou
|poke|p2|Keldeo-Resolute
|rule|Swagger Clause: Swagger is banned
|rule|Baton Pass Clause: Limit one PokÃ©mon knowing Baton Pass
|rule|Sleep Clause Mod: Limit one foe put to sleep
|rule|Species Clause: Limit one of each PokÃ©mon
|rule|OHKO Clause: OHKO moves are banned
|rule|Moody Clause: Moody is banned
|rule|Evasion Moves Clause: Evasion moves are banned
|rule|Endless Battle Clause: Forcing endless battles is banned
|rule|HP Percentage Mod: HP is shown in percentages
|teampreview
|
|start
|switch|p1a: Kitty Meow Meow|Landorus-Therian, M|319\/319
|switch|p2a: i-turn|Landorus-Therian, M|375\/375
|-ability|p1a: Kitty Meow Meow|Intimidate|[of] p2a: i-turn
|-unboost|p2a: i-turn|atk|1
|-ability|p2a: i-turn|Intimidate|[of] p1a: Kitty Meow Meow
|-unboost|p1a: Kitty Meow Meow|atk|1
|turn|1
|
|move|p1a: Kitty Meow Meow|Knock Off|p2a: i-turn
|-damage|p2a: i-turn|313\/375
|-enditem|p2a: i-turn|Leftovers|[from] move: Knock Off|[of] p1a: Kitty Meow Meow
|move|p2a: i-turn|Stealth Rock|p1a: Kitty Meow Meow
|-sidestart|p1: ExpertOccultist|move: Stealth Rock
|
|turn|2
|
|switch|p1a: Super Goo|Manaphy, shiny|365\/365
|-damage|p1a: Super Goo|320\/365|[from] Stealth Rock
|switch|p2a: Nig Drain|Venusaur, F|349\/349
|
|-heal|p1a: Super Goo|342\/365|[from] item: Leftovers
|turn|3
|
|switch|p1a: God Monster|Heatran, F, shiny|333\/333
|-damage|p1a: God Monster|292\/333|[from] Stealth Rock
|switch|p2a: Im So Horny|Keldeo-Resolute|323\/323
|
|-heal|p1a: God Monster|312\/333|[from] item: Leftovers
|turn|4
|
|switch|p1a: Hypno Sex Ray|Breloom, M|261\/261
|-damage|p1a: Hypno Sex Ray|245\/261|[from] Stealth Rock
|move|p2a: Im So Horny|Substitute|p2a: Im So Horny
|-start|p2a: Im So Horny|Substitute
|-damage|p2a: Im So Horny|243\/323
|
|-heal|p2a: Im So Horny|263\/323|[from] item: Leftovers
|turn|5
|
|move|p2a: Im So Horny|Secret Sword|p1a: Hypno Sex Ray
|-damage|p1a: Hypno Sex Ray|55\/261
|move|p1a: Hypno Sex Ray|Bullet Seed|p2a: Im So Horny
|-supereffective|p2a: Im So Horny
|-end|p2a: Im So Horny|Substitute
|-supereffective|p2a: Im So Horny
|-damage|p2a: Im So Horny|99\/323
|-hitcount|p2a: Im So Horny|2
|
|-heal|p2a: Im So Horny|119\/323|[from] item: Leftovers
|turn|6
|
|switch|p2a: Nig Drain|Venusaur, F|349\/349
|move|p1a: Hypno Sex Ray|Mach Punch|p2a: Nig Drain
|-resisted|p2a: Nig Drain
|-damage|p2a: Nig Drain|274\/349
|
|turn|7
|
|detailschange|p2a: Nig Drain|Venusaur-Mega, F
|-mega|p2a: Nig Drain|Venusaur|Venusaurite
|move|p1a: Hypno Sex Ray|Rock Tomb|p2a: Nig Drain
|-damage|p2a: Nig Drain|181\/349
|-unboost|p2a: Nig Drain|spe|1
|move|p2a: Nig Drain|Giga Drain|p1a: Hypno Sex Ray
|-crit|p1a: Hypno Sex Ray
|-resisted|p1a: Hypno Sex Ray
|-damage|p1a: Hypno Sex Ray|0 fnt
|-heal|p2a: Nig Drain|209\/349|[from] drain|[of] p1a: Hypno Sex Ray
|faint|p1a: Hypno Sex Ray
|
|
|switch|p1a: God Monster|Heatran, F, shiny|312\/333
|-damage|p1a: God Monster|271\/333|[from] Stealth Rock
|turn|8
|
|switch|p2a: Im So Horny|Keldeo-Resolute|119\/323
|move|p1a: God Monster|Stealth Rock|p2a: Im So Horny
|-sidestart|p2: oml it's too ez|move: Stealth Rock
|
|-heal|p2a: Im So Horny|139\/323|[from] item: Leftovers
|-heal|p1a: God Monster|291\/333|[from] item: Leftovers
|turn|9
|
|move|p2a: Im So Horny|Secret Sword|p1a: God Monster
|-supereffective|p1a: God Monster
|-damage|p1a: God Monster|0 fnt
|faint|p1a: God Monster
|
|-heal|p2a: Im So Horny|159\/323|[from] item: Leftovers
|
|switch|p1a: Kitty Meow Meow|Landorus-Therian, M|319\/319
|-damage|p1a: Kitty Meow Meow|280\/319|[from] Stealth Rock
|-ability|p1a: Kitty Meow Meow|Intimidate|[of] p2a: Im So Horny
|-unboost|p2a: Im So Horny|atk|1
|turn|10
|
|switch|p2a: i-turn|Landorus-Therian, M|313\/375
|-damage|p2a: i-turn|267\/375|[from] Stealth Rock
|-ability|p2a: i-turn|Intimidate|[of] p1a: Kitty Meow Meow
|-unboost|p1a: Kitty Meow Meow|atk|1
|move|p1a: Kitty Meow Meow|U-turn|p2a: i-turn
|-resisted|p2a: i-turn
|-damage|p2a: i-turn|242\/375
|
|switch|p1a: Witchcraft Rock|Hydreigon, F, shiny|326\/326
|-damage|p1a: Witchcraft Rock|286\/326|[from] Stealth Rock
|
|turn|11
|
|switch|p2a: He Ran|Heatran, M|385\/385
|-damage|p2a: He Ran|337\/385|[from] Stealth Rock
|move|p1a: Witchcraft Rock|Draco Meteor|p2a: He Ran
|-resisted|p2a: He Ran
|-damage|p2a: He Ran|258\/385
|-unboost|p1a: Witchcraft Rock|spa|2
|
|-heal|p2a: He Ran|282\/385|[from] item: Leftovers
|turn|12
|
|move|p1a: Witchcraft Rock|U-turn|p2a: He Ran
|-resisted|p2a: He Ran
|-damage|p2a: He Ran|270\/385
|
|switch|p1a: Super Goo|Manaphy, shiny|342\/365
|-damage|p1a: Super Goo|297\/365|[from] Stealth Rock
|move|p2a: He Ran|Toxic|p1a: Super Goo
|-status|p1a: Super Goo|tox
|
|-heal|p1a: Super Goo|319\/365 tox|[from] item: Leftovers
|-heal|p2a: He Ran|294\/385|[from] item: Leftovers
|-damage|p1a: Super Goo|297\/365 tox|[from] psn
|turn|13
|
|switch|p2a: President|Raikou|321\/321
|-damage|p2a: President|281\/321|[from] Stealth Rock
|-ability|p2a: President|Pressure
|move|p1a: Super Goo|Rain Dance|p1a: Super Goo
|-weather|RainDance
|
|-weather|RainDance|[upkeep]
|-curestatus|p1a: Super Goo|tox
|-heal|p1a: Super Goo|319\/365|[from] item: Leftovers
|turn|14
|
|switch|p1a: Kitty Meow Meow|Landorus-Therian, M|280\/319
|-damage|p1a: Kitty Meow Meow|241\/319|[from] Stealth Rock
|-ability|p1a: Kitty Meow Meow|Intimidate|[of] p2a: President
|-unboost|p2a: President|atk|1
|move|p2a: President|Thunderbolt|p1a: Kitty Meow Meow
|-immune|p1a: Kitty Meow Meow|[msg]
|
|-weather|RainDance|[upkeep]
|turn|15
|
|move|p1a: Kitty Meow Meow|U-turn|p2a: President
|-damage|p2a: President|174\/321
|c|âoml it's too ez|dragon thing
|c|âoml it's too ez|:]
|
|switch|p1a: Cramp Stomp|Metagross, shiny|302\/302
|-damage|p1a: Cramp Stomp|284\/302|[from] Stealth Rock
|move|p2a: President|Thunderbolt|p1a: Cramp Stomp
|-damage|p1a: Cramp Stomp|43\/302
|
|-weather|RainDance|[upkeep]
|turn|16
|
|switch|p1a: Kitty Meow Meow|Landorus-Therian, M|241\/319
|-damage|p1a: Kitty Meow Meow|202\/319|[from] Stealth Rock
|-ability|p1a: Kitty Meow Meow|Intimidate|[of] p2a: President
|-unboost|p2a: President|atk|1
|move|p2a: President|Thunderbolt|p1a: Kitty Meow Meow
|-immune|p1a: Kitty Meow Meow|[msg]
|
|-weather|RainDance|[upkeep]
|turn|17
|
|switch|p2a: Nig Drain|Venusaur-Mega, F|209\/349
|-damage|p2a: Nig Drain|166\/349|[from] Stealth Rock
|move|p1a: Kitty Meow Meow|U-turn|p2a: Nig Drain
|-damage|p2a: Nig Drain|92\/349
|
|switch|p1a: Witchcraft Rock|Hydreigon, F, shiny|286\/326
|-damage|p1a: Witchcraft Rock|246\/326|[from] Stealth Rock
|
|-weather|none
|turn|18
|
|move|p1a: Witchcraft Rock|Dark Pulse|p2a: Nig Drain
|-damage|p2a: Nig Drain|0 fnt
|faint|p2a: Nig Drain
|
|
|switch|p2a: Im So Horny|Keldeo-Resolute|159\/323
|-damage|p2a: Im So Horny|139\/323|[from] Stealth Rock
|turn|19
|
|switch|p1a: Kitty Meow Meow|Landorus-Therian, M|202\/319
|-damage|p1a: Kitty Meow Meow|163\/319|[from] Stealth Rock
|-ability|p1a: Kitty Meow Meow|Intimidate|[of] p2a: Im So Horny
|-unboost|p2a: Im So Horny|atk|1
|move|p2a: Im So Horny|Secret Sword|p1a: Kitty Meow Meow
|-resisted|p1a: Kitty Meow Meow
|-damage|p1a: Kitty Meow Meow|79\/319
|
|-heal|p2a: Im So Horny|159\/323|[from] item: Leftovers
|turn|20
|
|switch|p2a: i-turn|Landorus-Therian, M|242\/375
|-damage|p2a: i-turn|196\/375|[from] Stealth Rock
|-ability|p2a: i-turn|Intimidate|[of] p1a: Kitty Meow Meow
|-unboost|p1a: Kitty Meow Meow|atk|1
|move|p1a: Kitty Meow Meow|Earthquake|p2a: i-turn
|-immune|p2a: i-turn|[msg]
|
|turn|21
|
|move|p1a: Kitty Meow Meow|Earthquake|p2a: i-turn
|-immune|p2a: i-turn|[msg]
|move|p2a: i-turn|U-turn|p1a: Kitty Meow Meow
|-resisted|p1a: Kitty Meow Meow
|-damage|p1a: Kitty Meow Meow|36\/319
|
|switch|p2a: Moo|Mew|403\/403
|-damage|p2a: Moo|353\/403|[from] Stealth Rock
|
|-heal|p2a: Moo|378\/403|[from] item: Leftovers
|turn|22
|
|move|p1a: Kitty Meow Meow|Earthquake|p2a: Moo
|-damage|p2a: Moo|260\/403
|move|p2a: Moo|Defog|p1a: Kitty Meow Meow
|-unboost|p1a: Kitty Meow Meow|evasion|1
|-sideend|p1: ExpertOccultist|Stealth Rock|[from] move: Defog|[of] p1a: Kitty Meow Meow
|-sideend|p2: oml it's too ez|Stealth Rock|[from] move: Defog|[of] p2a: Moo
|
|-heal|p2a: Moo|285\/403|[from] item: Leftovers
|turn|23
|
|switch|p1a: Witchcraft Rock|Hydreigon, F, shiny|246\/326
|move|p2a: Moo|Soft-Boiled|p2a: Moo
|-heal|p2a: Moo|403\/403
|
|turn|24
|
|move|p1a: Witchcraft Rock|Dark Pulse|p2a: Moo
|-supereffective|p2a: Moo
|-damage|p2a: Moo|151\/403
|move|p2a: Moo|Will-O-Wisp|p1a: Witchcraft Rock
|-status|p1a: Witchcraft Rock|brn
|
|-heal|p2a: Moo|176\/403|[from] item: Leftovers
|-damage|p1a: Witchcraft Rock|206\/326 brn|[from] brn
|turn|25
|
|switch|p2a: He Ran|Heatran, M|294\/385
|move|p1a: Witchcraft Rock|Draco Meteor|p2a: He Ran
|-resisted|p2a: He Ran
|-damage|p2a: He Ran|216\/385
|-unboost|p1a: Witchcraft Rock|spa|2
|
|-heal|p2a: He Ran|240\/385|[from] item: Leftovers
|-damage|p1a: Witchcraft Rock|166\/326 brn|[from] brn
|turn|26
|
|move|p1a: Witchcraft Rock|U-turn|p2a: He Ran
|-resisted|p2a: He Ran
|-damage|p2a: He Ran|234\/385
|
|switch|p1a: Kitty Meow Meow|Landorus-Therian, M|36\/319
|-ability|p1a: Kitty Meow Meow|Intimidate|[of] p2a: He Ran
|-unboost|p2a: He Ran|atk|1
|move|p2a: He Ran|Taunt|p1a: Kitty Meow Meow
|-start|p1a: Kitty Meow Meow|move: Taunt
|
|-heal|p2a: He Ran|258\/385|[from] item: Leftovers
|turn|27
|
|move|p2a: He Ran|Protect|p2a: He Ran
|-singleturn|p2a: He Ran|Protect
|move|p1a: Kitty Meow Meow|U-turn|p2a: He Ran
|-activate|p2a: He Ran|Protect
|
|-heal|p2a: He Ran|282\/385|[from] item: Leftovers
|turn|28
|
|move|p1a: Kitty Meow Meow|U-turn|p2a: He Ran
|-resisted|p2a: He Ran
|-damage|p2a: He Ran|263\/385
|
|switch|p1a: Witchcraft Rock|Hydreigon, F, shiny|166\/326 brn
|move|p2a: He Ran|Lava Plume|p1a: Witchcraft Rock
|-resisted|p1a: Witchcraft Rock
|-damage|p1a: Witchcraft Rock|119\/326 brn
|
|-heal|p2a: He Ran|287\/385|[from] item: Leftovers
|-damage|p1a: Witchcraft Rock|79\/326 brn|[from] brn
|turn|29
|
|move|p2a: He Ran|Protect|p2a: He Ran
|-singleturn|p2a: He Ran|Protect
|move|p1a: Witchcraft Rock|U-turn|p2a: He Ran
|-activate|p2a: He Ran|Protect
|
|-heal|p2a: He Ran|311\/385|[from] item: Leftovers
|-damage|p1a: Witchcraft Rock|39\/326 brn|[from] brn
|turn|30
|
|move|p1a: Witchcraft Rock|Dark Pulse|p2a: He Ran
|-damage|p2a: He Ran|202\/385
|cant|p2a: He Ran|flinch
|
|-heal|p2a: He Ran|226\/385|[from] item: Leftovers
|-damage|p1a: Witchcraft Rock|0 fnt|[from] brn
|faint|p1a: Witchcraft Rock
|
|switch|p1a: Cramp Stomp|Metagross, shiny|43\/302
|turn|31
|
|detailschange|p1a: Cramp Stomp|Metagross-Mega, shiny
|-mega|p1a: Cramp Stomp|Metagross|Metagrossite
|move|p1a: Cramp Stomp|Hammer Arm|p2a: He Ran
|-supereffective|p2a: He Ran
|-damage|p2a: He Ran|0 fnt
|-unboost|p1a: Cramp Stomp|spe|1
|faint|p2a: He Ran
|
|
|switch|p2a: Im So Horny|Keldeo-Resolute|159\/323
|turn|32
|
|switch|p1a: Kitty Meow Meow|Landorus-Therian, M|36\/319
|-ability|p1a: Kitty Meow Meow|Intimidate|[of] p2a: Im So Horny
|-unboost|p2a: Im So Horny|atk|1
|move|p2a: Im So Horny|Secret Sword|p1a: Kitty Meow Meow
|-resisted|p1a: Kitty Meow Meow
|-damage|p1a: Kitty Meow Meow|0 fnt
|faint|p1a: Kitty Meow Meow
|
|-heal|p2a: Im So Horny|179\/323|[from] item: Leftovers
|
|switch|p1a: Cramp Stomp|Metagross-Mega, shiny|43\/302
|turn|33
|
|switch|p2a: i-turn|Landorus-Therian, M|196\/375
|-ability|p2a: i-turn|Intimidate|[of] p1a: Cramp Stomp
|-unboost|p1a: Cramp Stomp|atk|1
|move|p1a: Cramp Stomp|Zen Headbutt|p2a: i-turn
|-damage|p2a: i-turn|85\/375
|
|turn|34
|
|move|p1a: Cramp Stomp|Meteor Mash|p2a: i-turn
|-damage|p2a: i-turn|0 fnt
|faint|p2a: i-turn
|
|
|switch|p2a: President|Raikou|174\/321
|-ability|p2a: President|Pressure
|turn|35
|
|switch|p1a: Super Goo|Manaphy, shiny|319\/365
|move|p2a: President|Thunderbolt|p1a: Super Goo
|-crit|p1a: Super Goo
|-supereffective|p1a: Super Goo
|-damage|p1a: Super Goo|0 fnt
|faint|p1a: Super Goo
|
|
|switch|p1a: Cramp Stomp|Metagross-Mega, shiny|43\/302
|turn|36
|
|move|p2a: President|Thunderbolt|p1a: Cramp Stomp
|-crit|p1a: Cramp Stomp
|-damage|p1a: Cramp Stomp|0 fnt
|faint|p1a: Cramp Stomp
|
|win|oml it's too ez
|raw|Ladder updating...
|c|âExpertOccultist|gg
|c|âoml it's too ez|gg
|raw|ExpertOccultist's rating: 1614 &rarr; <strong>1590<\/strong><br \/>(-24 for losing)
|raw|oml it&apos;s too ez's rating: 1548 &rarr; <strong>1572<\/strong><br \/>(+24 for winning)
|leave|ExpertOccultist
|player|p1