|join|Turducken64
|join|oml it's too ez
|player|p1|Turducken64|10
|player|p2|oml it's too ez|9
|gametype|singles
|gen|6
|tier|OU
|rated
|clearpoke
|poke|p1|Gardevoir, M, shiny
|poke|p1|Keldeo
|poke|p1|Heatran, M
|poke|p1|Amoonguss, M
|poke|p1|Zapdos
|poke|p1|Weavile, M
|poke|p2|Garchomp, M
|poke|p2|Slowbro, M
|poke|p2|Clefable, F
|poke|p2|Heatran, F
|poke|p2|Tornadus-Therian, M
|poke|p2|Amoonguss, F
|rule|Swagger Clause: Swagger is banned
|rule|Baton Pass Clause: Limit one PokÃ©mon knowing Baton Pass
|rule|Sleep Clause Mod: Limit one foe put to sleep
|rule|Species Clause: Limit one of each PokÃ©mon
|rule|OHKO Clause: OHKO moves are banned
|rule|Moody Clause: Moody is banned
|rule|Evasion Moves Clause: Evasion moves are banned
|rule|Endless Battle Clause: Forcing endless battles is banned
|rule|HP Percentage Mod: HP is shown in percentages
|teampreview
|
|start
|switch|p1a: Amoonguss|Amoonguss, M|431\/431
|switch|p2a: Garchomp|Garchomp, M|420\/420
|turn|1
|c|âTurducken64|the regen core:)
|
|move|p2a: Garchomp|Stealth Rock|p1a: Amoonguss
|-sidestart|p1: Turducken64|move: Stealth Rock
|move|p1a: Amoonguss|Spore|p2a: Garchomp
|-status|p2a: Garchomp|slp
|
|turn|2
|
|switch|p2a: Tornadus-Therian|Tornadus-Therian, M|299\/299
|switch|p1a: Zapdos|Zapdos|383\/383
|-damage|p1a: Zapdos|288\/383|[from] Stealth Rock
|-ability|p1a: Zapdos|Pressure
|
|-heal|p1a: Zapdos|311\/383|[from] item: Leftovers
|turn|3
|
|move|p2a: Tornadus-Therian|Taunt|p1a: Zapdos
|-start|p1a: Zapdos|move: Taunt
|cant|p1a: Zapdos|move: Taunt|Defog
|
|-heal|p1a: Zapdos|334\/383|[from] item: Leftovers
|turn|4
|
|switch|p2a: Amoonguss|Amoonguss, F|431\/431
|move|p1a: Zapdos|Volt Switch|p2a: Amoonguss
|-resisted|p2a: Amoonguss
|-damage|p2a: Amoonguss|366\/431
|
|switch|p1a: Gardevoir|Gardevoir, M, shiny|297\/297
|-damage|p1a: Gardevoir|260\/297|[from] Stealth Rock
|-ability|p1a: Gardevoir|Regenerator|[from] ability: Trace|[of] p2a: Amoonguss
|
|-heal|p2a: Amoonguss|392\/431|[from] item: Black Sludge
|turn|5
|
|switch|p2a: Heatran|Heatran, F|384\/384
|detailschange|p1a: Gardevoir|Gardevoir-Mega, M, shiny
|-mega|p1a: Gardevoir|Gardevoir|Gardevoirite
|move|p1a: Gardevoir|Psyshock|p2a: Heatran
|-resisted|p2a: Heatran
|-damage|p2a: Heatran|291\/384
|
|-heal|p2a: Heatran|315\/384|[from] item: Leftovers
|turn|6
|
|move|p2a: Heatran|Protect|p2a: Heatran
|-singleturn|p2a: Heatran|Protect
|move|p1a: Gardevoir|Focus Blast|p2a: Heatran
|-activate|p2a: Heatran|Protect
|
|-heal|p2a: Heatran|339\/384|[from] item: Leftovers
|turn|7
|
|move|p1a: Gardevoir|Focus Blast|p2a: Heatran|[miss]
|-miss|p1a: Gardevoir|p2a: Heatran
|move|p2a: Heatran|Lava Plume|p1a: Gardevoir
|-damage|p1a: Gardevoir|175\/297
|
|-heal|p2a: Heatran|363\/384|[from] item: Leftovers
|turn|8
|
|move|p2a: Heatran|Protect|p2a: Heatran
|-singleturn|p2a: Heatran|Protect
|move|p1a: Gardevoir|Focus Blast|p2a: Heatran
|-activate|p2a: Heatran|Protect
|
|-heal|p2a: Heatran|384\/384|[from] item: Leftovers
|turn|9
|
|move|p1a: Gardevoir|Focus Blast|p2a: Heatran
|-supereffective|p2a: Heatran
|-damage|p2a: Heatran|108\/384
|-unboost|p2a: Heatran|spd|1
|move|p2a: Heatran|Toxic|p1a: Gardevoir
|-status|p1a: Gardevoir|tox
|
|-heal|p2a: Heatran|132\/384|[from] item: Leftovers
|-damage|p1a: Gardevoir|157\/297 tox|[from] psn
|turn|10
|
|switch|p1a: Keldeo|Keldeo|323\/323
|-damage|p1a: Keldeo|303\/323|[from] Stealth Rock
|move|p2a: Heatran|Protect|p2a: Heatran
|-fail|p2a: Heatran
|
|-heal|p1a: Keldeo|323\/323|[from] item: Leftovers
|-heal|p2a: Heatran|156\/384|[from] item: Leftovers
|turn|11
|
|switch|p2a: Slowbro|Slowbro, M|393\/393
|move|p1a: Keldeo|Substitute|p1a: Keldeo
|-start|p1a: Keldeo|Substitute
|-damage|p1a: Keldeo|243\/323
|
|-heal|p1a: Keldeo|263\/323|[from] item: Leftovers
|turn|12
|
|move|p1a: Keldeo|Calm Mind|p1a: Keldeo
|-boost|p1a: Keldeo|spa|1
|-boost|p1a: Keldeo|spd|1
|move|p2a: Slowbro|Psyshock|p1a: Keldeo
|-supereffective|p1a: Keldeo
|-end|p1a: Keldeo|Substitute
|
|-heal|p1a: Keldeo|283\/323|[from] item: Leftovers
|turn|13
|
|switch|p1a: Zapdos|Zapdos|334\/383
|-damage|p1a: Zapdos|239\/383|[from] Stealth Rock
|-ability|p1a: Zapdos|Pressure
|move|p2a: Slowbro|Psyshock|p1a: Zapdos
|-damage|p1a: Zapdos|161\/383
|
|-heal|p1a: Zapdos|184\/383|[from] item: Leftovers
|turn|14
|
|switch|p2a: Clefable|Clefable, F|394\/394
|move|p1a: Zapdos|Roost|p1a: Zapdos
|-heal|p1a: Zapdos|376\/383
|
|-heal|p1a: Zapdos|383\/383|[from] item: Leftovers
|turn|15
|
|move|p1a: Zapdos|Defog|p2a: Clefable
|-unboost|p2a: Clefable|evasion|1
|-sideend|p1: Turducken64|Stealth Rock|[from] move: Defog|[of] p1a: Zapdos
|move|p2a: Clefable|Heal Bell|p2a: Clefable
|-cureteam|p2a: Clefable|[from] move: HealBell
|
|turn|16
|
|move|p1a: Zapdos|Volt Switch|p2a: Clefable
|-damage|p2a: Clefable|277\/394
|
|switch|p1a: Heatran|Heatran, M|385\/385
|move|p2a: Clefable|Wish|p2a: Clefable
|
|-heal|p2a: Clefable|301\/394|[from] item: Leftovers
|turn|17
|
|switch|p2a: Heatran|Heatran, F|156\/384
|move|p1a: Heatran|Stealth Rock|p2a: Heatran
|-sidestart|p2: oml it's too ez|move: Stealth Rock
|
|-heal|p2a: Heatran|353\/384|[from] move: Wish|[wisher] Clefable
|-heal|p2a: Heatran|377\/384|[from] item: Leftovers
|turn|18
|
|switch|p1a: Keldeo|Keldeo|283\/323
|move|p2a: Heatran|Taunt|p1a: Keldeo
|-start|p1a: Keldeo|move: Taunt
|
|-heal|p1a: Keldeo|303\/323|[from] item: Leftovers
|-heal|p2a: Heatran|384\/384|[from] item: Leftovers
|turn|19
|
|switch|p1a: Heatran|Heatran, M|385\/385
|switch|p2a: Slowbro|Slowbro, M|393\/393
|-damage|p2a: Slowbro|344\/393|[from] Stealth Rock
|
|turn|20
|
|move|p1a: Heatran|Toxic|p2a: Slowbro
|-status|p2a: Slowbro|tox
|move|p2a: Slowbro|Scald|p1a: Heatran
|-supereffective|p1a: Heatran
|-damage|p1a: Heatran|247\/385
|
|-heal|p1a: Heatran|271\/385|[from] item: Leftovers
|-damage|p2a: Slowbro|320\/393 tox|[from] psn
|turn|21
|
|switch|p1a: Zapdos|Zapdos|383\/383
|-ability|p1a: Zapdos|Pressure
|switch|p2a: Garchomp|Garchomp, M|420\/420
|-damage|p2a: Garchomp|394\/420|[from] Stealth Rock
|
|turn|22
|
|move|p1a: Zapdos|Heat Wave|p2a: Garchomp
|-resisted|p2a: Garchomp
|-damage|p2a: Garchomp|345\/420
|move|p2a: Garchomp|Stealth Rock|p1a: Zapdos
|-sidestart|p1: Turducken64|move: Stealth Rock
|
|turn|23
|c|âoml it's too ez|are u really trying to burn me -.-
|
|move|p1a: Zapdos|Defog|p2a: Garchomp
|-unboost|p2a: Garchomp|evasion|1
|-sideend|p2: oml it's too ez|Stealth Rock|[from] move: Defog|[of] p2a: Garchomp
|-sideend|p1: Turducken64|Stealth Rock|[from] move: Defog|[of] p1a: Zapdos
|move|p2a: Garchomp|Toxic|p1a: Zapdos|[miss]
|-miss|p2a: Garchomp|p1a: Zapdos
|
|turn|24
|
|switch|p1a: Amoonguss|Amoonguss, M|431\/431
|move|p2a: Garchomp|Stealth Rock|p1a: Amoonguss
|-sidestart|p1: Turducken64|move: Stealth Rock
|
|turn|25
|
|switch|p2a: Amoonguss|Amoonguss, F|431\/431
|move|p1a: Amoonguss|Spore|p2a: Amoonguss
|-fail|p2a: Amoonguss
|
|turn|26
|c|âTurducken64|nope
|c|âoml it's too ez|then y u heat wave -.- dont say u predicted amoongus plz
|
|switch|p2a: Heatran|Heatran, F|384\/384
|switch|p1a: Zapdos|Zapdos|383\/383
|-damage|p1a: Zapdos|288\/383|[from] Stealth Rock
|-ability|p1a: Zapdos|Pressure
|
|-heal|p1a: Zapdos|311\/383|[from] item: Leftovers
|turn|27
|
|move|p1a: Zapdos|Defog|p2a: Heatran
|-unboost|p2a: Heatran|evasion|1
|-sideend|p1: Turducken64|Stealth Rock|[from] move: Defog|[of] p1a: Zapdos
|move|p2a: Heatran|Toxic|p1a: Zapdos
|-status|p1a: Zapdos|tox
|
|-heal|p1a: Zapdos|334\/383 tox|[from] item: Leftovers
|-damage|p1a: Zapdos|311\/383 tox|[from] psn
|turn|28
|leave|Turducken64
|player|p1
|join|Turducken64
|player|p1|Turducken64|10
|
|switch|p2a: Garchomp|Garchomp, M|345\/420
|move|p1a: Zapdos|Volt Switch|p2a: Garchomp
|-immune|p2a: Garchomp|[msg]
|
|-heal|p1a: Zapdos|334\/383 tox|[from] item: Leftovers
|-damage|p1a: Zapdos|288\/383 tox|[from] psn
|turn|29
|
|switch|p1a: Weavile|Weavile, M|301\/301
|-ability|p1a: Weavile|Pressure
|move|p2a: Garchomp|Stealth Rock|p1a: Weavile
|-sidestart|p1: Turducken64|move: Stealth Rock
|
|turn|30
|
|switch|p2a: Clefable|Clefable, F|301\/394
|move|p1a: Weavile|Low Kick|p2a: Clefable
|-resisted|p2a: Clefable
|-damage|p2a: Clefable|259\/394
|-damage|p1a: Weavile|271\/301|[from] item: Life Orb
|
|-heal|p2a: Clefable|283\/394|[from] item: Leftovers
|turn|31
|
|switch|p1a: Amoonguss|Amoonguss, M|431\/431
|-damage|p1a: Amoonguss|378\/431|[from] Stealth Rock
|move|p2a: Clefable|Wish|p2a: Clefable
|
|-heal|p2a: Clefable|307\/394|[from] item: Leftovers
|-heal|p1a: Amoonguss|404\/431|[from] item: Black Sludge
|turn|32
|
|move|p2a: Clefable|Protect|p2a: Clefable
|-singleturn|p2a: Clefable|Protect
|move|p1a: Amoonguss|Spore|p2a: Clefable
|-activate|p2a: Clefable|Protect
|
|-heal|p2a: Clefable|394\/394|[from] move: Wish|[wisher] Clefable
|-heal|p1a: Amoonguss|430\/431|[from] item: Black Sludge
|turn|33
|
|switch|p2a: Amoonguss|Amoonguss, F|431\/431
|move|p1a: Amoonguss|Giga Drain|p2a: Amoonguss
|-crit|p2a: Amoonguss
|-resisted|p2a: Amoonguss
|-damage|p2a: Amoonguss|395\/431
|-heal|p1a: Amoonguss|431\/431|[from] drain|[of] p2a: Amoonguss
|
|-heal|p2a: Amoonguss|421\/431|[from] item: Black Sludge
|turn|34
|
|move|p2a: Amoonguss|Spore|p1a: Amoonguss
|-fail|p1a: Amoonguss
|move|p1a: Amoonguss|Clear Smog|p2a: Amoonguss
|-damage|p2a: Amoonguss|357\/431
|-clearboost|p2a: Amoonguss
|
|-heal|p2a: Amoonguss|383\/431|[from] item: Black Sludge
|turn|35
|
|move|p2a: Amoonguss|Spore|p1a: Amoonguss
|-fail|p1a: Amoonguss
|move|p1a: Amoonguss|Clear Smog|p2a: Amoonguss
|-damage|p2a: Amoonguss|320\/431
|-clearboost|p2a: Amoonguss
|
|-heal|p2a: Amoonguss|346\/431|[from] item: Black Sludge
|turn|36
|
|move|p2a: Amoonguss|Sludge Bomb|p1a: Amoonguss
|-damage|p1a: Amoonguss|332\/431
|move|p1a: Amoonguss|Clear Smog|p2a: Amoonguss
|-damage|p2a: Amoonguss|280\/431
|-clearboost|p2a: Amoonguss
|
|-heal|p2a: Amoonguss|306\/431|[from] item: Black Sludge
|-heal|p1a: Amoonguss|358\/431|[from] item: Black Sludge
|turn|37
|
|move|p2a: Amoonguss|Sludge Bomb|p1a: Amoonguss
|-crit|p1a: Amoonguss
|-damage|p1a: Amoonguss|205\/431
|move|p1a: Amoonguss|Clear Smog|p2a: Amoonguss
|-damage|p2a: Amoonguss|242\/431
|-clearboost|p2a: Amoonguss
|
|-heal|p2a: Amoonguss|268\/431|[from] item: Black Sludge
|-heal|p1a: Amoonguss|231\/431|[from] item: Black Sludge
|turn|38
|
|switch|p1a: Keldeo|Keldeo|303\/323
|-damage|p1a: Keldeo|283\/323|[from] Stealth Rock
|move|p2a: Amoonguss|Spore|p1a: Keldeo
|-status|p1a: Keldeo|slp
|
|-heal|p1a: Keldeo|303\/323 slp|[from] item: Leftovers
|-heal|p2a: Amoonguss|294\/431|[from] item: Black Sludge
|turn|39
|
|switch|p1a: Heatran|Heatran, M|271\/385
|-damage|p1a: Heatran|223\/385|[from] Stealth Rock
|move|p2a: Amoonguss|Giga Drain|p1a: Heatran
|-resisted|p1a: Heatran
|-damage|p1a: Heatran|210\/385
|-heal|p2a: Amoonguss|301\/431|[from] drain|[of] p1a: Heatran
|
|-heal|p1a: Heatran|234\/385|[from] item: Leftovers
|-heal|p2a: Amoonguss|327\/431|[from] item: Black Sludge
|turn|40
|
|switch|p2a: Heatran|Heatran, F|384\/384
|move|p1a: Heatran|Stealth Rock|p2a: Heatran
|-sidestart|p2: oml it's too ez|move: Stealth Rock
|
|-heal|p1a: Heatran|258\/385|[from] item: Leftovers
|turn|41
|
|move|p1a: Heatran|Protect|p1a: Heatran
|-singleturn|p1a: Heatran|Protect
|move|p2a: Heatran|Taunt|p1a: Heatran
|-activate|p1a: Heatran|Protect
|
|-heal|p1a: Heatran|282\/385|[from] item: Leftovers
|turn|42
|
|switch|p1a: Keldeo|Keldeo|303\/323 slp
|-damage|p1a: Keldeo|283\/323 slp|[from] Stealth Rock
|move|p2a: Heatran|Lava Plume|p1a: Keldeo
|-resisted|p1a: Keldeo
|-damage|p1a: Keldeo|214\/323 slp
|
|-heal|p1a: Keldeo|234\/323 slp|[from] item: Leftovers
|turn|43
|
|switch|p2a: Clefable|Clefable, F|394\/394
|-damage|p2a: Clefable|345\/394|[from] Stealth Rock
|cant|p1a: Keldeo|slp
|
|-heal|p1a: Keldeo|254\/323 slp|[from] item: Leftovers
|-heal|p2a: Clefable|369\/394|[from] item: Leftovers
|turn|44
|
|switch|p1a: Amoonguss|Amoonguss, M|374\/431
|-damage|p1a: Amoonguss|321\/431|[from] Stealth Rock
|move|p2a: Clefable|Heal Bell|p2a: Clefable
|-cureteam|p2a: Clefable|[from] move: HealBell
|
|-heal|p2a: Clefable|393\/394|[from] item: Leftovers
|-heal|p1a: Amoonguss|347\/431|[from] item: Black Sludge
|turn|45
|
|switch|p2a: Amoonguss|Amoonguss, F|431\/431
|-damage|p2a: Amoonguss|378\/431|[from] Stealth Rock
|move|p1a: Amoonguss|Spore|p2a: Amoonguss
|-fail|p2a: Amoonguss
|
|-heal|p2a: Amoonguss|404\/431|[from] item: Black Sludge
|-heal|p1a: Amoonguss|373\/431|[from] item: Black Sludge
|turn|46
|
|switch|p2a: Heatran|Heatran, F|384\/384
|-damage|p2a: Heatran|336\/384|[from] Stealth Rock
|switch|p1a: Zapdos|Zapdos|288\/383 tox
|-damage|p1a: Zapdos|193\/383 tox|[from] Stealth Rock
|-ability|p1a: Zapdos|Pressure
|
|-heal|p1a: Zapdos|216\/383 tox|[from] item: Leftovers
|-heal|p2a: Heatran|360\/384|[from] item: Leftovers
|-damage|p1a: Zapdos|193\/383 tox|[from] psn
|turn|47
|
|move|p1a: Zapdos|Defog|p2a: Heatran
|-unboost|p2a: Heatran|evasion|1
|-sideend|p2: oml it's too ez|Stealth Rock|[from] move: Defog|[of] p2a: Heatran
|-sideend|p1: Turducken64|Stealth Rock|[from] move: Defog|[of] p1a: Zapdos
|move|p2a: Heatran|Lava Plume|p1a: Zapdos
|-damage|p1a: Zapdos|57\/383 tox
|
|-heal|p1a: Zapdos|80\/383 tox|[from] item: Leftovers
|-heal|p2a: Heatran|384\/384|[from] item: Leftovers
|-damage|p1a: Zapdos|34\/383 tox|[from] psn
|turn|48
|
|switch|p2a: Garchomp|Garchomp, M|345\/420
|move|p1a: Zapdos|Roost|p1a: Zapdos
|-heal|p1a: Zapdos|226\/383 tox
|
|-heal|p1a: Zapdos|249\/383 tox|[from] item: Leftovers
|-damage|p1a: Zapdos|180\/383 tox|[from] psn
|turn|49
|
|switch|p1a: Weavile|Weavile, M|271\/301
|-ability|p1a: Weavile|Pressure
|move|p2a: Garchomp|Stealth Rock|p1a: Weavile
|-sidestart|p1: Turducken64|move: Stealth Rock
|
|turn|50
|
|move|p1a: Weavile|Icicle Crash|p2a: Garchomp
|-supereffective|p2a: Garchomp
|-damage|p2a: Garchomp|0 fnt
|-damage|p1a: Weavile|241\/301|[from] item: Life Orb
|faint|p2a: Garchomp
|
|
|switch|p2a: Clefable|Clefable, F|393\/394
|turn|51
|
|switch|p1a: Heatran|Heatran, M|282\/385
|-damage|p1a: Heatran|234\/385|[from] Stealth Rock
|switch|p2a: Slowbro|Slowbro, M|393\/393
|
|-heal|p1a: Heatran|258\/385|[from] item: Leftovers
|turn|52
|
|switch|p1a: Amoonguss|Amoonguss, M|431\/431
|-damage|p1a: Amoonguss|378\/431|[from] Stealth Rock
|move|p2a: Slowbro|Scald|p1a: Amoonguss
|-resisted|p1a: Amoonguss
|-damage|p1a: Amoonguss|324\/431
|
|-heal|p1a: Amoonguss|350\/431|[from] item: Black Sludge
|turn|53
|
|switch|p2a: Amoonguss|Amoonguss, F|431\/431
|move|p1a: Amoonguss|Spore|p2a: Amoonguss
|-fail|p2a: Amoonguss
|
|-heal|p1a: Amoonguss|376\/431|[from] item: Black Sludge
|turn|54
|
|switch|p2a: Heatran|Heatran, F|384\/384
|switch|p1a: Heatran|Heatran, M|258\/385
|-damage|p1a: Heatran|210\/385|[from] Stealth Rock
|
|-heal|p1a: Heatran|234\/385|[from] item: Leftovers
|turn|55
|
|switch|p1a: Gardevoir|Gardevoir-Mega, M, shiny|157\/297 tox
|-damage|p1a: Gardevoir|120\/297 tox|[from] Stealth Rock
|move|p2a: Heatran|Taunt|p1a: Gardevoir
|-start|p1a: Gardevoir|move: Taunt
|
|-damage|p1a: Gardevoir|102\/297 tox|[from] psn
|turn|56
|
|move|p2a: Heatran|Protect|p2a: Heatran
|-singleturn|p2a: Heatran|Protect
|move|p1a: Gardevoir|Focus Blast|p2a: Heatran
|-activate|p2a: Heatran|Protect
|
|-damage|p1a: Gardevoir|66\/297 tox|[from] psn
|turn|57
|
|switch|p2a: Clefable|Clefable, F|393\/394
|move|p1a: Gardevoir|Focus Blast|p2a: Clefable
|-resisted|p2a: Clefable
|-damage|p2a: Clefable|296\/394
|
|-heal|p2a: Clefable|320\/394|[from] item: Leftovers
|-damage|p1a: Gardevoir|12\/297 tox|[from] psn
|turn|58
|
|move|p2a: Clefable|Protect|p2a: Clefable
|-singleturn|p2a: Clefable|Protect
|move|p1a: Gardevoir|Focus Blast|p2a: Clefable
|-activate|p2a: Clefable|Protect
|
|-heal|p2a: Clefable|344\/394|[from] item: Leftovers
|-damage|p1a: Gardevoir|0 fnt|[from] psn
|faint|p1a: Gardevoir
|
|switch|p1a: Keldeo|Keldeo|254\/323 slp
|-damage|p1a: Keldeo|234\/323 slp|[from] Stealth Rock
|turn|59
|
|switch|p1a: Amoonguss|Amoonguss, M|431\/431
|-damage|p1a: Amoonguss|378\/431|[from] Stealth Rock
|move|p2a: Clefable|Moonblast|p1a: Amoonguss
|-resisted|p1a: Amoonguss
|-damage|p1a: Amoonguss|320\/431
|
|-heal|p2a: Clefable|368\/394|[from] item: Leftovers
|-heal|p1a: Amoonguss|346\/431|[from] item: Black Sludge
|turn|60
|
|switch|p2a: Amoonguss|Amoonguss, F|431\/431
|switch|p1a: Heatran|Heatran, M|234\/385
|-damage|p1a: Heatran|186\/385|[from] Stealth Rock
|
|-heal|p1a: Heatran|210\/385|[from] item: Leftovers
|turn|61
|
|switch|p2a: Heatran|Heatran, F|384\/384
|move|p1a: Heatran|Stealth Rock|p2a: Heatran
|-sidestart|p2: oml it's too ez|move: Stealth Rock
|
|-heal|p1a: Heatran|234\/385|[from] item: Leftovers
|turn|62
|
|switch|p2a: Slowbro|Slowbro, M|393\/393
|-damage|p2a: Slowbro|344\/393|[from] Stealth Rock
|move|p1a: Heatran|Protect|p1a: Heatran
|-fail|p1a: Heatran
|
|-heal|p1a: Heatran|258\/385|[from] item: Leftovers
|turn|63
|
|move|p1a: Heatran|Toxic|p2a: Slowbro
|-status|p2a: Slowbro|tox
|move|p2a: Slowbro|Scald|p1a: Heatran
|-supereffective|p1a: Heatran
|-damage|p1a: Heatran|124\/385
|
|-heal|p1a: Heatran|148\/385|[from] item: Leftovers
|-damage|p2a: Slowbro|320\/393 tox|[from] psn
|turn|64
|
|move|p1a: Heatran|Protect|p1a: Heatran
|-singleturn|p1a: Heatran|Protect
|move|p2a: Slowbro|Scald|p1a: Heatran
|-activate|p1a: Heatran|Protect
|
|-heal|p1a: Heatran|172\/385|[from] item: Leftovers
|-damage|p2a: Slowbro|272\/393 tox|[from] psn
|turn|65
|
|switch|p1a: Keldeo|Keldeo|234\/323 slp
|-damage|p1a: Keldeo|214\/323 slp|[from] Stealth Rock
|move|p2a: Slowbro|Scald|p1a: Keldeo
|-resisted|p1a: Keldeo
|-damage|p1a: Keldeo|163\/323 slp
|
|-heal|p1a: Keldeo|183\/323 slp|[from] item: Leftovers
|-damage|p2a: Slowbro|200\/393 tox|[from] psn
|turn|66
|
|switch|p1a: Amoonguss|Amoonguss, M|431\/431
|-damage|p1a: Amoonguss|378\/431|[from] Stealth Rock
|switch|p2a: Clefable|Clefable, F|368\/394
|-damage|p2a: Clefable|319\/394|[from] Stealth Rock
|
|-heal|p2a: Clefable|343\/394|[from] item: Leftovers
|-heal|p1a: Amoonguss|404\/431|[from] item: Black Sludge
|turn|67
|
|switch|p2a: Amoonguss|Amoonguss, F|431\/431
|-damage|p2a: Amoonguss|378\/431|[from] Stealth Rock
|move|p1a: Amoonguss|Spore|p2a: Amoonguss
|-fail|p2a: Amoonguss
|
|-heal|p2a: Amoonguss|404\/431|[from] item: Black Sludge
|-heal|p1a: Amoonguss|430\/431|[from] item: Black Sludge
|turn|68
|
|switch|p2a: Tornadus-Therian|Tornadus-Therian, M|299\/299
|-damage|p2a: Tornadus-Therian|225\/299|[from] Stealth Rock
|switch|p1a: Heatran|Heatran, M|172\/385
|-damage|p1a: Heatran|124\/385|[from] Stealth Rock
|
|-heal|p1a: Heatran|148\/385|[from] item: Leftovers
|turn|69
|
|move|p1a: Heatran|Protect|p1a: Heatran
|-singleturn|p1a: Heatran|Protect
|move|p2a: Tornadus-Therian|Superpower|p1a: Heatran
|-activate|p1a: Heatran|Protect
|
|-heal|p1a: Heatran|172\/385|[from] item: Leftovers
|turn|70
|
|switch|p1a: Amoonguss|Amoonguss, M|431\/431
|-damage|p1a: Amoonguss|378\/431|[from] Stealth Rock
|move|p2a: Tornadus-Therian|Superpower|p1a: Amoonguss
|-resisted|p1a: Amoonguss
|-damage|p1a: Amoonguss|310\/431
|-unboost|p2a: Tornadus-Therian|atk|1
|-unboost|p2a: Tornadus-Therian|def|1
|-damage|p2a: Tornadus-Therian|196\/299|[from] item: Life Orb
|
|-heal|p1a: Amoonguss|336\/431|[from] item: Black Sludge
|turn|71
|
|switch|p1a: Zapdos|Zapdos|180\/383 tox
|-damage|p1a: Zapdos|85\/383 tox|[from] Stealth Rock
|-ability|p1a: Zapdos|Pressure
|move|p2a: Tornadus-Therian|Hurricane|p1a: Zapdos
|-crit|p1a: Zapdos
|-resisted|p1a: Zapdos
|-damage|p1a: Zapdos|0 fnt
|-damage|p2a: Tornadus-Therian|167\/299|[from] item: Life Orb
|faint|p1a: Zapdos
|
|
|switch|p1a: Heatran|Heatran, M|172\/385
|-damage|p1a: Heatran|124\/385|[from] Stealth Rock
|turn|72
|
|move|p1a: Heatran|Protect|p1a: Heatran
|-singleturn|p1a: Heatran|Protect
|move|p2a: Tornadus-Therian|Superpower|p1a: Heatran
|-activate|p1a: Heatran|Protect
|
|-heal|p1a: Heatran|148\/385|[from] item: Leftovers
|turn|73
|
|switch|p2a: Heatran|Heatran, F|384\/384
|-damage|p2a: Heatran|336\/384|[from] Stealth Rock
|move|p1a: Heatran|Lava Plume|p2a: Heatran
|-start|p2a: Heatran|ability: Flash Fire
|
|-heal|p1a: Heatran|172\/385|[from] item: Leftovers
|-heal|p2a: Heatran|360\/384|[from] item: Leftovers
|turn|74
|
|move|p1a: Heatran|Protect|p1a: Heatran
|-singleturn|p1a: Heatran|Protect
|move|p2a: Heatran|Taunt|p1a: Heatran
|-activate|p1a: Heatran|Protect
|
|-heal|p1a: Heatran|196\/385|[from] item: Leftovers
|-heal|p2a: Heatran|384\/384|[from] item: Leftovers
|turn|75
|
|switch|p2a: Slowbro|Slowbro, M|331\/393 tox
|-damage|p2a: Slowbro|282\/393 tox|[from] Stealth Rock
|move|p1a: Heatran|Stealth Rock|p2a: Slowbro
|-fail|p2a: Slowbro
|
|-heal|p1a: Heatran|220\/385|[from] item: Leftovers
|-damage|p2a: Slowbro|258\/393 tox|[from] psn
|turn|76
|
|move|p1a: Heatran|Protect|p1a: Heatran
|-singleturn|p1a: Heatran|Protect
|move|p2a: Slowbro|Scald|p1a: Heatran
|-activate|p1a: Heatran|Protect
|
|-heal|p1a: Heatran|244\/385|[from] item: Leftovers
|-damage|p2a: Slowbro|210\/393 tox|[from] psn
|turn|77
|
|switch|p1a: Amoonguss|Amoonguss, M|431\/431
|-damage|p1a: Amoonguss|378\/431|[from] Stealth Rock
|move|p2a: Slowbro|Psyshock|p1a: Amoonguss
|-supereffective|p1a: Amoonguss
|-damage|p1a: Amoonguss|180\/431
|
|-heal|p1a: Amoonguss|206\/431|[from] item: Black Sludge
|-damage|p2a: Slowbro|138\/393 tox|[from] psn
|turn|78
|
|switch|p2a: Tornadus-Therian|Tornadus-Therian, M|266\/299
|-damage|p2a: Tornadus-Therian|192\/299|[from] Stealth Rock
|switch|p1a: Heatran|Heatran, M|244\/385
|-damage|p1a: Heatran|196\/385|[from] Stealth Rock
|
|-heal|p1a: Heatran|220\/385|[from] item: Leftovers
|turn|79
|
|move|p1a: Heatran|Protect|p1a: Heatran
|-singleturn|p1a: Heatran|Protect
|move|p2a: Tornadus-Therian|Superpower|p1a: Heatran
|-activate|p1a: Heatran|Protect
|
|-heal|p1a: Heatran|244\/385|[from] item: Leftovers
|turn|80
|
|move|p2a: Tornadus-Therian|Superpower|p1a: Heatran
|-supereffective|p1a: Heatran
|-damage|p1a: Heatran|0 fnt
|-unboost|p2a: Tornadus-Therian|atk|1
|-unboost|p2a: Tornadus-Therian|def|1
|-damage|p2a: Tornadus-Therian|163\/299|[from] item: Life Orb
|faint|p1a: Heatran
|
|
|switch|p1a: Weavile|Weavile, M|241\/301
|-damage|p1a: Weavile|166\/301|[from] Stealth Rock
|-ability|p1a: Weavile|Pressure
|turn|81
|
|switch|p2a: Clefable|Clefable, F|343\/394
|-damage|p2a: Clefable|294\/394|[from] Stealth Rock
|move|p1a: Weavile|Icicle Crash|p2a: Clefable
|-damage|p2a: Clefable|133\/394
|-damage|p1a: Weavile|136\/301|[from] item: Life Orb
|
|-heal|p2a: Clefable|157\/394|[from] item: Leftovers
|turn|82
|
|move|p2a: Clefable|Protect|p2a: Clefable
|-singleturn|p2a: Clefable|Protect
|move|p1a: Weavile|Icicle Crash|p2a: Clefable
|-activate|p2a: Clefable|Protect
|
|-heal|p2a: Clefable|181\/394|[from] item: Leftovers
|turn|83
|
|move|p1a: Weavile|Icicle Crash|p2a: Clefable
|-damage|p2a: Clefable|24\/394
|-damage|p1a: Weavile|106\/301|[from] item: Life Orb
|move|p2a: Clefable|Wish|p2a: Clefable
|
|-heal|p2a: Clefable|48\/394|[from] item: Leftovers
|turn|84
|
|move|p2a: Clefable|Protect|p2a: Clefable
|-singleturn|p2a: Clefable|Protect
|move|p1a: Weavile|Icicle Crash|p2a: Clefable
|-activate|p2a: Clefable|Protect
|
|-heal|p2a: Clefable|245\/394|[from] move: Wish|[wisher] Clefable
|-heal|p2a: Clefable|269\/394|[from] item: Leftovers
|turn|85
|
|move|p1a: Weavile|Icicle Crash|p2a: Clefable
|-damage|p2a: Clefable|108\/394
|-damage|p1a: Weavile|76\/301|[from] item: Life Orb
|cant|p2a: Clefable|flinch
|
|-heal|p2a: Clefable|132\/394|[from] item: Leftovers
|turn|86
|
|move|p2a: Clefable|Protect|p2a: Clefable
|-singleturn|p2a: Clefable|Protect
|move|p1a: Weavile|Icicle Crash|p2a: Clefable
|-activate|p2a: Clefable|Protect
|
|-heal|p2a: Clefable|156\/394|[from] item: Leftovers
|turn|87
|
|move|p1a: Weavile|Icicle Crash|p2a: Clefable
|-damage|p2a: Clefable|0 fnt
|-damage|p1a: Weavile|46\/301|[from] item: Life Orb
|faint|p2a: Clefable
|
|
|switch|p2a: Slowbro|Slowbro, M|269\/393 tox
|-damage|p2a: Slowbro|220\/393 tox|[from] Stealth Rock
|turn|88
|
|detailschange|p2a: Slowbro|Slowbro-Mega, M
|-mega|p2a: Slowbro|Slowbro|Slowbronite
|move|p1a: Weavile|Knock Off|p2a: Slowbro
|-supereffective|p2a: Slowbro
|-damage|p2a: Slowbro|95\/393 tox
|-damage|p1a: Weavile|16\/301|[from] item: Life Orb
|move|p2a: Slowbro|Slack Off|p2a: Slowbro
|-heal|p2a: Slowbro|292\/393 tox
|
|-damage|p2a: Slowbro|268\/393 tox|[from] psn
|turn|89
|
|move|p1a: Weavile|Knock Off|p2a: Slowbro
|-supereffective|p2a: Slowbro
|-damage|p2a: Slowbro|141\/393 tox
|-damage|p1a: Weavile|0 fnt|[from] item: Life Orb
|faint|p1a: Weavile
|move|p2a: Slowbro|Slack Off|p2a: Slowbro
|-heal|p2a: Slowbro|338\/393 tox
|
|-damage|p2a: Slowbro|290\/393 tox|[from] psn
|
|switch|p1a: Keldeo|Keldeo|183\/323 slp
|-damage|p1a: Keldeo|163\/323 slp|[from] Stealth Rock
|turn|90
|
|-curestatus|p1a: Keldeo|slp
|move|p1a: Keldeo|Calm Mind|p1a: Keldeo
|-boost|p1a: Keldeo|spa|1
|-boost|p1a: Keldeo|spd|1
|move|p2a: Slowbro|Psyshock|p1a: Keldeo
|-crit|p1a: Keldeo
|-supereffective|p1a: Keldeo
|-damage|p1a: Keldeo|0 fnt
|faint|p1a: Keldeo
|
|-damage|p2a: Slowbro|218\/393 tox|[from] psn
|-message|Turducken64 forfeited.
|
|win|oml it's too ez
|raw|Ladder updating...
|leave|Turducken64
|player|p1
|raw|Turducken64's rating: 1640 &rarr; <strong>1614<\/strong><br \/>(-26 for losing)
|raw|oml it&apos;s too ez's rating: 1538 &rarr; <strong>1564<\/strong><br \/>(+26 for winning)