|join|Cienight
|join|oml it's too ez
|player|p1|Cienight|75
|player|p2|oml it's too ez|9
|gametype|singles
|gen|6
|tier|OU
|rated
|clearpoke
|poke|p1|Azumarill, F
|poke|p1|Ferrothorn, M
|poke|p1|Landorus-Therian, M, shiny
|poke|p1|Latias, F
|poke|p1|Charizard, M
|poke|p1|Mew
|poke|p2|Garchomp, F
|poke|p2|Slowbro, F
|poke|p2|Clefable, M
|poke|p2|Heatran, F
|poke|p2|Tornadus-Therian, M
|poke|p2|Amoonguss, F
|rule|Swagger Clause: Swagger is banned
|rule|Baton Pass Clause: Limit one PokÃ©mon knowing Baton Pass
|rule|Sleep Clause Mod: Limit one foe put to sleep
|rule|Species Clause: Limit one of each PokÃ©mon
|rule|OHKO Clause: OHKO moves are banned
|rule|Moody Clause: Moody is banned
|rule|Evasion Moves Clause: Evasion moves are banned
|rule|Endless Battle Clause: Forcing endless battles is banned
|rule|HP Percentage Mod: HP is shown in percentages
|teampreview
|c|âoml it's too ez|http:\/\/showdown-afd.psim.us\/battle-ou-205399260
|
|start
|switch|p1a: Mew|Mew|400\/400
|switch|p2a: Garchomp|Garchomp, F|420\/420
|turn|1
|join|Minority Suspect
|leave|Minority Suspect
|
|move|p1a: Mew|Taunt|p2a: Garchomp
|-start|p2a: Garchomp|move: Taunt
|cant|p2a: Garchomp|move: Taunt|Stealth Rock
|
|turn|2
|join|Haruno
|
|switch|p2a: Heatran|Heatran, F|384\/384
|move|p1a: Mew|Knock Off|p2a: Heatran
|-damage|p2a: Heatran|314\/384
|-enditem|p2a: Heatran|Leftovers|[from] move: Knock Off|[of] p1a: Mew
|
|turn|3
|
|move|p1a: Mew|Taunt|p2a: Heatran
|-start|p2a: Heatran|move: Taunt
|move|p2a: Heatran|Lava Plume|p1a: Mew
|-damage|p1a: Mew|306\/400
|-status|p1a: Mew|brn
|
|-heal|p1a: Mew|331\/400 brn|[from] item: Leftovers
|-damage|p1a: Mew|281\/400 brn|[from] brn
|turn|4
|leave|Haruno
|
|switch|p1a: Charizard|Charizard, M|297\/297
|switch|p2a: Tornadus-Therian|Tornadus-Therian, M|299\/299
|
|turn|5
|
|switch|p2a: Garchomp|Garchomp, F|420\/420
|detailschange|p1a: Charizard|Charizard-Mega-X, M
|-mega|p1a: Charizard|Charizard|Charizardite X
|move|p1a: Charizard|Dragon Claw|p2a: Garchomp
|-supereffective|p2a: Garchomp
|-damage|p2a: Garchomp|106\/420
|-damage|p1a: Charizard|260\/297|[from] ability: Rough Skin|[of] p2a: Garchomp
|-damage|p1a: Charizard|211\/297|[from] item: Rocky Helmet|[of] p2a: Garchomp
|
|turn|6
|
|switch|p2a: Slowbro|Slowbro, F|393\/393
|move|p1a: Charizard|Dragon Claw|p2a: Slowbro
|-damage|p2a: Slowbro|242\/393
|
|turn|7
|join|boltsandbombers
|
|switch|p1a: Ferrothorn|Ferrothorn, M|349\/349
|switch|p2a: Heatran|Heatran, F|314\/384
|
|turn|8
|
|switch|p1a: Azumarill|Azumarill, F|363\/363
|move|p2a: Heatran|Lava Plume|p1a: Azumarill
|-resisted|p1a: Azumarill
|-damage|p1a: Azumarill|290\/363
|
|turn|9
|
|move|p2a: Heatran|Lava Plume|p1a: Azumarill
|-resisted|p1a: Azumarill
|-damage|p1a: Azumarill|219\/363
|move|p1a: Azumarill|Play Rough|p2a: Heatran
|-crit|p2a: Heatran
|-resisted|p2a: Heatran
|-damage|p2a: Heatran|213\/384
|
|turn|10
|c|âoml it's too ez|i cancled
|
|switch|p2a: Amoonguss|Amoonguss, F|431\/431
|switch|p1a: Charizard|Charizard-Mega-X, M|211\/297
|
|turn|11
|join|Kai Neahnung
|
|move|p1a: Charizard|Dragon Dance|p1a: Charizard
|-boost|p1a: Charizard|atk|1
|-boost|p1a: Charizard|spe|1
|move|p2a: Amoonguss|Spore|p1a: Charizard
|-status|p1a: Charizard|slp
|
|turn|12
|
|switch|p1a: Ferrothorn|Ferrothorn, M|349\/349
|switch|p2a: Slowbro|Slowbro, F|373\/393
|
|turn|13
|
|move|p2a: Slowbro|Scald|p1a: Ferrothorn
|-resisted|p1a: Ferrothorn
|-damage|p1a: Ferrothorn|310\/349
|move|p1a: Ferrothorn|Stealth Rock|p2a: Slowbro
|-sidestart|p2: oml it's too ez|move: Stealth Rock
|
|-heal|p1a: Ferrothorn|331\/349|[from] item: Leftovers
|turn|14
|
|move|p2a: Slowbro|Scald|p1a: Ferrothorn
|-resisted|p1a: Ferrothorn
|-damage|p1a: Ferrothorn|295\/349
|-status|p1a: Ferrothorn|brn
|move|p1a: Ferrothorn|Leech Seed|p2a: Slowbro
|-start|p2a: Slowbro|move: Leech Seed
|
|-heal|p1a: Ferrothorn|316\/349 brn|[from] item: Leftovers
|-damage|p2a: Slowbro|324\/393|[from] Leech Seed|[of] p1a: Ferrothorn
|-heal|p1a: Ferrothorn|349\/349 brn|[silent]
|-damage|p1a: Ferrothorn|306\/349 brn|[from] brn
|turn|15
|
|switch|p2a: Clefable|Clefable, M|394\/394
|-damage|p2a: Clefable|345\/394|[from] Stealth Rock
|switch|p1a: Latias|Latias, F|301\/301
|
|-heal|p2a: Clefable|369\/394|[from] item: Leftovers
|turn|16
|
|switch|p1a: Azumarill|Azumarill, F|219\/363
|move|p2a: Clefable|Wish|p2a: Clefable
|
|-heal|p2a: Clefable|393\/394|[from] item: Leftovers
|turn|17
|
|switch|p1a: Charizard|Charizard-Mega-X, M|211\/297 slp
|move|p2a: Clefable|Moonblast|p1a: Charizard
|-damage|p1a: Charizard|82\/297 slp
|
|-heal|p2a: Clefable|394\/394|[from] move: Wish|[wisher] Clefable
|turn|18
|
|switch|p1a: Ferrothorn|Ferrothorn, M|306\/349 brn
|move|p2a: Clefable|Moonblast|p1a: Ferrothorn
|-resisted|p1a: Ferrothorn
|-damage|p1a: Ferrothorn|261\/349 brn
|
|-heal|p1a: Ferrothorn|282\/349 brn|[from] item: Leftovers
|-damage|p1a: Ferrothorn|239\/349 brn|[from] brn
|turn|19
|
|move|p2a: Clefable|Wish|p2a: Clefable
|move|p1a: Ferrothorn|Leech Seed|p2a: Clefable
|-start|p2a: Clefable|move: Leech Seed
|
|-heal|p1a: Ferrothorn|260\/349 brn|[from] item: Leftovers
|-damage|p2a: Clefable|345\/394|[from] Leech Seed|[of] p1a: Ferrothorn
|-heal|p1a: Ferrothorn|309\/349 brn|[silent]
|-damage|p1a: Ferrothorn|266\/349 brn|[from] brn
|turn|20
|
|switch|p2a: Heatran|Heatran, F|213\/384
|-damage|p2a: Heatran|165\/384|[from] Stealth Rock
|move|p1a: Ferrothorn|Power Whip|p2a: Heatran
|-resisted|p2a: Heatran
|-damage|p2a: Heatran|150\/384
|
|-heal|p2a: Heatran|347\/384|[from] move: Wish|[wisher] Clefable
|-heal|p1a: Ferrothorn|287\/349 brn|[from] item: Leftovers
|-damage|p1a: Ferrothorn|244\/349 brn|[from] brn
|turn|21
|
|switch|p1a: Azumarill|Azumarill, F|219\/363
|move|p2a: Heatran|Lava Plume|p1a: Azumarill
|-resisted|p1a: Azumarill
|-damage|p1a: Azumarill|147\/363
|-status|p1a: Azumarill|brn
|
|-damage|p1a: Azumarill|102\/363 brn|[from] brn
|turn|22
|-message|Cienight forfeited.
|leave|Cienight
|
|win|oml it's too ez
|raw|Ladder updating...
|player|p1
|raw|Cienight's rating: 1603 &rarr; <strong>1580<\/strong><br \/>(-23 for losing)
|raw|oml it&apos;s too ez's rating: 1554 &rarr; <strong>1577<\/strong><br \/>(+23 for winning)
|leave|Kai Neahnung