|join|Deen Gay
|join|oml it's too ez
|player|p1|Deen Gay|263
|player|p2|oml it's too ez|102
|gametype|singles
|gen|6
|tier|OU
|rated
|clearpoke
|poke|p1|Diancie
|poke|p1|Azelf
|poke|p1|Landorus-Therian, M
|poke|p1|Thundurus, M
|poke|p1|Greninja, F
|poke|p1|Bisharp, F
|poke|p2|Landorus-Therian, M
|poke|p2|Mew
|poke|p2|Heatran, M
|poke|p2|Venusaur, F
|poke|p2|Raikou
|poke|p2|Keldeo-Resolute
|rule|Swagger Clause: Swagger is banned
|rule|Baton Pass Clause: Limit one PokÃ©mon knowing Baton Pass
|rule|Sleep Clause Mod: Limit one foe put to sleep
|rule|Species Clause: Limit one of each PokÃ©mon
|rule|OHKO Clause: OHKO moves are banned
|rule|Moody Clause: Moody is banned
|rule|Evasion Moves Clause: Evasion moves are banned
|rule|Endless Battle Clause: Forcing endless battles is banned
|rule|HP Percentage Mod: HP is shown in percentages
|teampreview
|
|start
|switch|p1a: Azelf|Azelf|291\/291
|switch|p2a: He Ran|Heatran, M|385\/385
|turn|1
|
|move|p1a: Azelf|Taunt|p2a: He Ran
|-start|p2a: He Ran|move: Taunt
|move|p2a: He Ran|Lava Plume|p1a: Azelf
|-damage|p1a: Azelf|119\/291
|
|turn|2
|
|move|p1a: Azelf|Stealth Rock|p2a: He Ran
|-sidestart|p2: oml it's too ez|move: Stealth Rock
|move|p2a: He Ran|Lava Plume|p1a: Azelf
|-crit|p1a: Azelf
|-damage|p1a: Azelf|0 fnt
|faint|p1a: Azelf
|
|
|switch|p1a: Landorus-Therian|Landorus-Therian, M|319\/319
|-ability|p1a: Landorus-Therian|Intimidate|[of] p2a: He Ran
|-unboost|p2a: He Ran|atk|1
|turn|3
|
|move|p1a: Landorus-Therian|Earthquake|p2a: He Ran
|-supereffective|p2a: He Ran
|-damage|p2a: He Ran|0 fnt
|faint|p2a: He Ran
|
|
|switch|p2a: i-turn|Landorus-Therian, M|375\/375
|-damage|p2a: i-turn|329\/375|[from] Stealth Rock
|-ability|p2a: i-turn|Intimidate|[of] p1a: Landorus-Therian
|-unboost|p1a: Landorus-Therian|atk|1
|turn|4
|
|switch|p1a: Thundurus|Thundurus, M|299\/299
|move|p2a: i-turn|Stealth Rock|p1a: Thundurus
|-sidestart|p1: Deen Gay|move: Stealth Rock
|
|-heal|p2a: i-turn|352\/375|[from] item: Leftovers
|turn|5
|
|switch|p2a: President|Raikou|321\/321
|-damage|p2a: President|281\/321|[from] Stealth Rock
|-ability|p2a: President|Pressure
|move|p1a: Thundurus|Hidden Power|p2a: President
|-damage|p2a: President|185\/321
|-damage|p1a: Thundurus|270\/299|[from] item: Life Orb
|
|turn|6
|c|âoml it's too ez|stay in :]]
|c|âoml it's too ez|not lando
|
|switch|p1a: Bisharp|Bisharp, F|279\/279
|-damage|p1a: Bisharp|262\/279|[from] Stealth Rock
|move|p2a: President|Thunderbolt|p1a: Bisharp
|-damage|p1a: Bisharp|0 fnt
|faint|p1a: Bisharp
|
|
|switch|p1a: Landorus-Therian|Landorus-Therian, M|319\/319
|-damage|p1a: Landorus-Therian|280\/319|[from] Stealth Rock
|-ability|p1a: Landorus-Therian|Intimidate|[of] p2a: President
|-unboost|p2a: President|atk|1
|turn|7
|
|switch|p2a: i-turn|Landorus-Therian, M|352\/375
|-damage|p2a: i-turn|306\/375|[from] Stealth Rock
|-ability|p2a: i-turn|Intimidate|[of] p1a: Landorus-Therian
|-unboost|p1a: Landorus-Therian|atk|1
|move|p1a: Landorus-Therian|U-turn|p2a: i-turn
|-resisted|p2a: i-turn
|-damage|p2a: i-turn|281\/375
|
|switch|p1a: Thundurus|Thundurus, M|270\/299
|-damage|p1a: Thundurus|196\/299|[from] Stealth Rock
|
|-heal|p2a: i-turn|304\/375|[from] item: Leftovers
|turn|8
|
|switch|p2a: Moo|Mew|403\/403
|-damage|p2a: Moo|353\/403|[from] Stealth Rock
|move|p1a: Thundurus|Hidden Power|p2a: Moo
|-damage|p2a: Moo|285\/403
|-damage|p1a: Thundurus|167\/299|[from] item: Life Orb
|
|-heal|p2a: Moo|310\/403|[from] item: Leftovers
|turn|9
|
|move|p1a: Thundurus|Thunderbolt|p2a: Moo
|-damage|p2a: Moo|145\/403
|-damage|p1a: Thundurus|138\/299|[from] item: Life Orb
|move|p2a: Moo|Will-O-Wisp|p1a: Thundurus
|-status|p1a: Thundurus|brn
|
|-heal|p2a: Moo|170\/403|[from] item: Leftovers
|-damage|p1a: Thundurus|101\/299 brn|[from] brn
|turn|10
|
|move|p1a: Thundurus|Thunderbolt|p2a: Moo
|-damage|p2a: Moo|5\/403
|-damage|p1a: Thundurus|72\/299 brn|[from] item: Life Orb
|move|p2a: Moo|Soft-Boiled|p2a: Moo
|-heal|p2a: Moo|207\/403
|
|-heal|p2a: Moo|232\/403|[from] item: Leftovers
|-damage|p1a: Thundurus|35\/299 brn|[from] brn
|turn|11
|
|switch|p2a: i-turn|Landorus-Therian, M|304\/375
|-damage|p2a: i-turn|258\/375|[from] Stealth Rock
|-ability|p2a: i-turn|Intimidate|[of] p1a: Thundurus
|-unboost|p1a: Thundurus|atk|1
|move|p1a: Thundurus|Thunderbolt|p2a: i-turn
|-immune|p2a: i-turn|[msg]
|
|-heal|p2a: i-turn|281\/375|[from] item: Leftovers
|-damage|p1a: Thundurus|0 fnt|[from] brn
|faint|p1a: Thundurus
|
|switch|p1a: Greninja|Greninja, F|285\/285
|-damage|p1a: Greninja|250\/285|[from] Stealth Rock
|turn|12
|
|switch|p2a: Moo|Mew|232\/403
|-damage|p2a: Moo|182\/403|[from] Stealth Rock
|move|p1a: Greninja|Ice Beam|p2a: Moo
|-start|p1a: Greninja|typechange|Ice|[from] Protean
|-damage|p2a: Moo|34\/403
|-damage|p1a: Greninja|222\/285|[from] item: Life Orb
|
|-heal|p2a: Moo|59\/403|[from] item: Leftovers
|turn|13
|
|move|p1a: Greninja|Dark Pulse|p2a: Moo
|-start|p1a: Greninja|typechange|Dark|[from] Protean
|-crit|p2a: Moo
|-supereffective|p2a: Moo
|-damage|p2a: Moo|0 fnt
|-damage|p1a: Greninja|194\/285|[from] item: Life Orb
|faint|p2a: Moo
|
|
|switch|p2a: Nig Drain|Venusaur, F|349\/349
|-damage|p2a: Nig Drain|306\/349|[from] Stealth Rock
|turn|14
|
|switch|p1a: Landorus-Therian|Landorus-Therian, M|280\/319
|-damage|p1a: Landorus-Therian|241\/319|[from] Stealth Rock
|-ability|p1a: Landorus-Therian|Intimidate|[of] p2a: Nig Drain
|-unboost|p2a: Nig Drain|atk|1
|detailschange|p2a: Nig Drain|Venusaur-Mega, F
|-mega|p2a: Nig Drain|Venusaur|Venusaurite
|move|p2a: Nig Drain|Giga Drain|p1a: Landorus-Therian
|-damage|p1a: Landorus-Therian|81\/319
|-heal|p2a: Nig Drain|349\/349|[from] drain|[of] p1a: Landorus-Therian
|
|turn|15
|
|switch|p2a: President|Raikou|185\/321
|-damage|p2a: President|145\/321|[from] Stealth Rock
|-ability|p2a: President|Pressure
|move|p1a: Landorus-Therian|Earthquake|p2a: President
|-supereffective|p2a: President
|-damage|p2a: President|0 fnt
|faint|p2a: President
|
|
|switch|p2a: i-turn|Landorus-Therian, M|281\/375
|-damage|p2a: i-turn|235\/375|[from] Stealth Rock
|-ability|p2a: i-turn|Intimidate|[of] p1a: Landorus-Therian
|-unboost|p1a: Landorus-Therian|atk|1
|turn|16
|
|move|p1a: Landorus-Therian|Earthquake|p2a: i-turn
|-immune|p2a: i-turn|[msg]
|move|p2a: i-turn|Earthquake|p1a: Landorus-Therian
|-immune|p1a: Landorus-Therian|[msg]
|
|-heal|p2a: i-turn|258\/375|[from] item: Leftovers
|turn|17
|c|âoml it's too ez|yes
|c|âoml it's too ez|let me get leftives
|
|move|p1a: Landorus-Therian|Earthquake|p2a: i-turn
|-immune|p2a: i-turn|[msg]
|move|p2a: i-turn|Earthquake|p1a: Landorus-Therian
|-immune|p1a: Landorus-Therian|[msg]
|
|-heal|p2a: i-turn|281\/375|[from] item: Leftovers
|turn|18
|
|move|p1a: Landorus-Therian|Earthquake|p2a: i-turn
|-immune|p2a: i-turn|[msg]
|move|p2a: i-turn|Stealth Rock|p1a: Landorus-Therian
|-fail|p1a: Landorus-Therian
|
|-heal|p2a: i-turn|304\/375|[from] item: Leftovers
|turn|19
|
|move|p1a: Landorus-Therian|Earthquake|p2a: i-turn
|-immune|p2a: i-turn|[msg]
|move|p2a: i-turn|Earthquake|p1a: Landorus-Therian
|-immune|p1a: Landorus-Therian|[msg]
|
|-heal|p2a: i-turn|327\/375|[from] item: Leftovers
|turn|20
|
|move|p1a: Landorus-Therian|Earthquake|p2a: i-turn
|-immune|p2a: i-turn|[msg]
|move|p2a: i-turn|Stone Edge|p1a: Landorus-Therian
|-damage|p1a: Landorus-Therian|0 fnt
|faint|p1a: Landorus-Therian
|
|-heal|p2a: i-turn|350\/375|[from] item: Leftovers
|
|switch|p1a: Greninja|Greninja, F|194\/285
|-damage|p1a: Greninja|159\/285|[from] Stealth Rock
|turn|21
|
|move|p1a: Greninja|Ice Beam|p2a: i-turn
|-start|p1a: Greninja|typechange|Ice|[from] Protean
|-supereffective|p2a: i-turn
|-damage|p2a: i-turn|0 fnt
|-damage|p1a: Greninja|131\/285|[from] item: Life Orb
|faint|p2a: i-turn
|
|
|switch|p2a: Nig Drain|Venusaur-Mega, F|349\/349
|-damage|p2a: Nig Drain|306\/349|[from] Stealth Rock
|turn|22
|
|move|p1a: Greninja|Ice Beam|p2a: Nig Drain
|-supereffective|p2a: Nig Drain
|-damage|p2a: Nig Drain|166\/349
|-status|p2a: Nig Drain|frz
|-damage|p1a: Greninja|103\/285|[from] item: Life Orb
|-curestatus|p2a: Nig Drain|frz
|move|p2a: Nig Drain|Giga Drain|p1a: Greninja
|-damage|p1a: Greninja|0 fnt
|-heal|p2a: Nig Drain|218\/349|[from] drain|[of] p1a: Greninja
|faint|p1a: Greninja
|
|
|switch|p1a: Diancie|Diancie|241\/241
|-damage|p1a: Diancie|211\/241|[from] Stealth Rock
|turn|23
|c|âoml it's too ez|protect
|c|âoml it's too ez|on the giga
|c|âoml it's too ez|:]]
|
|detailschange|p1a: Diancie|Diancie-Mega
|-mega|p1a: Diancie|Diancie|Diancite
|move|p2a: Nig Drain|Giga Drain|p1a: Diancie
|-supereffective|p1a: Diancie
|-damage|p1a: Diancie|0 fnt
|-heal|p2a: Nig Drain|324\/349|[from] drain|[of] p1a: Diancie
|faint|p1a: Diancie
|
|win|oml it's too ez
|raw|Ladder updating...
|raw|Deen Gay's rating: 1531 &rarr; <strong>1513<\/strong><br \/>(-18 for losing)
|raw|oml it&apos;s too ez's rating: 1563 &rarr; <strong>1581<\/strong><br \/>(+18 for winning)
|leave|Deen Gay
|player|p1