|join|PragaSV
|join|oml it's too ez
|player|p1|PragaSV|80
|player|p2|oml it's too ez|272
|gametype|singles
|gen|6
|tier|OU
|clearpoke
|poke|p1|Charizard, F
|poke|p1|Landorus, M, shiny
|poke|p1|Magnezone, shiny
|poke|p1|Chesnaught, M
|poke|p1|Empoleon, F, shiny
|poke|p1|Talonflame, M, shiny
|poke|p2|Garchomp, F
|poke|p2|Slowbro, M
|poke|p2|Clefable, F
|poke|p2|Heatran, F
|poke|p2|Tornadus-Therian, M
|poke|p2|Amoonguss, F
|rule|Swagger Clause: Swagger is banned
|rule|Baton Pass Clause: Limit one PokÃ©mon knowing Baton Pass
|rule|Sleep Clause Mod: Limit one foe put to sleep
|rule|Species Clause: Limit one of each PokÃ©mon
|rule|OHKO Clause: OHKO moves are banned
|rule|Moody Clause: Moody is banned
|rule|Evasion Moves Clause: Evasion moves are banned
|rule|Endless Battle Clause: Forcing endless battles is banned
|rule|HP Percentage Mod: HP is shown in percentages
|teampreview
|join|NJNP
|join|abcdefghitony
|c|âoml it's too ez|wait wat m8
|join|Vrin
|c|âPragaSV|same team?
|c|âoml it's too ez|ur in the tour
|join|iEcho
|join|julianna
|join|terry41
|join|gherhj
|c|âoml it's too ez|come on
|join|thespiritinthesky
|c|âPragaSV|SAME TEAM?
|join|Minnow
|join|Hallucination
|join|WishingJirachi7
|join|TryHorN
|c|âoml it's too ez|wats the problem?
|c|âoml it's too ez|now u know the team
|c| julianna|sample team
|c|âoml it's too ez|if u lose then ur bad
|c|âoml it's too ez|jk
|c| iEcho|rofll
|c| julianna|shots fired
|c|âoml it's too ez|now click empoleon
|c|âoml it's too ez|and be happy
|c| julianna|ok sir
|
|start
|switch|p1a: Gaia|Landorus, M, shiny|319\/319
|switch|p2a: Garchomp|Garchomp, F|420\/420
|turn|1
|
|move|p1a: Gaia|Earth Power|p2a: Garchomp
|-damage|p2a: Garchomp|126\/420
|move|p2a: Garchomp|Stealth Rock|p1a: Gaia
|-sidestart|p1: PragaSV|move: Stealth Rock
|
|turn|2
|join|REDxLOTUS
|
|switch|p2a: Tornadus-Therian|Tornadus-Therian, M|299\/299
|move|p1a: Gaia|Hidden Power|p2a: Tornadus-Therian
|-supereffective|p2a: Tornadus-Therian
|-damage|p2a: Tornadus-Therian|70\/299
|-damage|p1a: Gaia|288\/319|[from] item: Life Orb
|
|turn|3
|c|âoml it's too ez|ohhh
|c| julianna|oh shit
|c| julianna|hp electric
|c|âoml it's too ez|he dosent see a slowbrooo
|c| julianna|run dude
|join|alt7777777
|c|âoml it's too ez|ohh hp eletric
|c|âoml it's too ez|makes sence
|
|move|p2a: Tornadus-Therian|Hurricane|p1a: Gaia
|-damage|p1a: Gaia|37\/319
|-damage|p2a: Tornadus-Therian|41\/299|[from] item: Life Orb
|move|p1a: Gaia|Sludge Wave|p2a: Tornadus-Therian
|-damage|p2a: Tornadus-Therian|0 fnt
|faint|p2a: Tornadus-Therian
|
|
|switch|p2a: Slowbro|Slowbro, M|393\/393
|turn|4
|c|âoml it's too ez|im tired of this game
|c|âoml it's too ez|im winning here
|c| WishingJirachi7|hp electric?
|
|switch|p1a: Jason|Magnezone, shiny|281\/281
|-damage|p1a: Jason|264\/281|[from] Stealth Rock
|detailschange|p2a: Slowbro|Slowbro-Mega, M
|-mega|p2a: Slowbro|Slowbro|Slowbronite
|move|p2a: Slowbro|Calm Mind|p2a: Slowbro
|-boost|p2a: Slowbro|spa|1
|-boost|p2a: Slowbro|spd|1
|
|turn|5
|c| WishingJirachi7|doesn't sludge wave do more?
|
|switch|p2a: Garchomp|Garchomp, F|126\/420
|move|p1a: Jason|Thunderbolt|p2a: Garchomp
|-immune|p2a: Garchomp|[msg]
|
|turn|6
|c|âoml it's too ez|live
|c| julianna|cro'd
|c|âoml it's too ez|ahh
|
|switch|p1a: Gaia|Landorus, M, shiny|37\/319
|-damage|p1a: Gaia|0 fnt|[from] Stealth Rock
|faint|p1a: Gaia
|move|p2a: Garchomp|Toxic|p1: Gaia|[notarget]
|-notarget
|
|c| julianna|noice
|c| julianna|toxic!
|c| Minnow|toxic?
|c| julianna|the reveal
|
|switch|p1a: Empoleon|Empoleon, F, shiny|372\/372
|-damage|p1a: Empoleon|349\/372|[from] Stealth Rock
|turn|7
|c| thespiritinthesky|lead chomp
|c| NJNP|legit bulky chomp
|c| Minnow|ah ok
|c| julianna|toxic is such a good move on attackers
|c| iEcho|toxic chomp
|
|move|p2a: Garchomp|Earthquake|p1a: Empoleon
|-supereffective|p1a: Empoleon
|-damage|p1a: Empoleon|0 fnt
|faint|p1a: Empoleon
|
|c| TheSkyAboveUs|i ahve this team
|c| julianna|DAMAGE
|c|âoml it's too ez|adamnt bud [:
|leave|terry41
|c| iEcho|lolololl
|leave|abcdefghitony
|c|âPragaSV|omgf
|c|âPragaSV|omfg
|c| julianna|omg the adamant chomp
|c| julianna|its over
|c| NJNP|running adament on bulky chomp.
|c| NJNP|ok.
|c|âoml it's too ez|now u cant defog
|c|âoml it's too ez|yay
|c| WishingJirachi7|wut
|c|âoml it's too ez|sry im just a 5 year old
|
|switch|p1a: Jason|Magnezone, shiny|264\/281
|-damage|p1a: Jason|247\/281|[from] Stealth Rock
|turn|8
|c|âoml it's too ez|clicking moves
|
|move|p1a: Jason|Volt Switch|p2a: Garchomp
|-immune|p2a: Garchomp|[msg]
|move|p2a: Garchomp|Earthquake|p1a: Jason
|-supereffective|p1a: Jason
|-damage|p1a: Jason|0 fnt
|faint|p1a: Jason
|
|c| TheSkyAboveUs|why would it be jolly if its bulky
|c| julianna|OMG
|c|âoml it's too ez|yay
|c| Minnow|lol
|c| TryHorN|wtf
|c| julianna|its too god like
|
|switch|p1a: Festus|Charizard, F|297\/297
|-damage|p1a: Festus|149\/297|[from] Stealth Rock
|turn|9
|c|âoml it's too ez|i mean
|c|âoml it's too ez|chesnaught
|c|âoml it's too ez|ok
|c| julianna|the adamant chomp has 3 kills
|
|detailschange|p1a: Festus|Charizard-Mega-X, F
|-mega|p1a: Festus|Charizard|Charizardite X
|move|p1a: Festus|Dragon Claw|p2a: Garchomp
|-supereffective|p2a: Garchomp
|-damage|p2a: Garchomp|0 fnt
|-damage|p1a: Festus|112\/297|[from] ability: Rough Skin|[of] p2a: Garchomp
|-damage|p1a: Festus|63\/297|[from] item: Rocky Helmet|[of] p2a: Garchomp
|faint|p2a: Garchomp
|
|c| julianna|too much rocky helmet
|
|switch|p2a: Heatran|Heatran, F|384\/384
|turn|10
|c| REDxLOTUS|that garchomp
|c| REDxLOTUS|had everything
|
|move|p1a: Festus|Roost|p1a: Festus
|-heal|p1a: Festus|212\/297
|move|p2a: Heatran|Taunt|p1a: Festus
|-start|p1a: Festus|move: Taunt
|
|turn|11
|c| iEcho|eq incoming
|c| julianna|thats some serious work it put in
|c| iEcho|oo
|c| julianna|oo
|c| iEcho|nb nb
|c| TheSkyAboveUs|oo
|
|move|p1a: Festus|Dragon Claw|p2a: Heatran
|-resisted|p2a: Heatran
|-damage|p2a: Heatran|299\/384
|move|p2a: Heatran|Toxic|p1a: Festus
|-status|p1a: Festus|tox
|
|-heal|p2a: Heatran|323\/384|[from] item: Leftovers
|-damage|p1a: Festus|194\/297 tox|[from] psn
|turn|12
|
|move|p1a: Festus|Dragon Claw|p2a: Heatran
|-resisted|p2a: Heatran
|-damage|p2a: Heatran|226\/384
|move|p2a: Heatran|Toxic|p1a: Festus|[miss]
|-miss|p2a: Heatran|p1a: Festus
|
|-heal|p2a: Heatran|250\/384|[from] item: Leftovers
|-damage|p1a: Festus|158\/297 tox|[from] psn
|turn|13
|c| REDxLOTUS|toxic, rocks, eq, dclaw.. rocky helm, adamant, bulk
|c| julianna|nice solid toxic
|
|switch|p1a: Pan|Chesnaught, M|379\/379
|-damage|p1a: Pan|356\/379|[from] Stealth Rock
|move|p2a: Heatran|Protect|p2a: Heatran
|-fail|p2a: Heatran
|
|-heal|p2a: Heatran|274\/384|[from] item: Leftovers
|turn|14
|c| julianna|nice solid more toxic
|c|âoml it's too ez|ohh
|c| WishingJirachi7|overpredict much?
|c|âoml it's too ez|free spike
|c|âoml it's too ez|naw just want leftives
|c| REDxLOTUS|choke
|
|switch|p2a: Clefable|Clefable, F|394\/394
|move|p1a: Pan|Hammer Arm|p2a: Clefable
|-resisted|p2a: Clefable
|-damage|p2a: Clefable|346\/394
|-unboost|p1a: Pan|spe|1
|
|-heal|p2a: Clefable|370\/394|[from] item: Leftovers
|turn|15
|c| julianna|hammered
|c| TheSkyAboveUs|he called it
|
|switch|p2a: Heatran|Heatran, F|274\/384
|switch|p1a: FrankZhang|Talonflame, M, shiny|297\/297
|-damage|p1a: FrankZhang|149\/297|[from] Stealth Rock
|
|-heal|p2a: Heatran|298\/384|[from] item: Leftovers
|turn|16
|leave|alt7777777
|c| REDxLOTUS|dear god this is brutal
|
|move|p1a: FrankZhang|U-turn|p2a: Heatran
|-resisted|p2a: Heatran
|-damage|p2a: Heatran|284\/384
|c|âPragaSV|the plays
|c| julianna|turned
|
|switch|p1a: Pan|Chesnaught, M|356\/379
|-damage|p1a: Pan|333\/379|[from] Stealth Rock
|move|p2a: Heatran|Toxic|p1a: Pan
|-status|p1a: Pan|tox
|
|-heal|p2a: Heatran|308\/384|[from] item: Leftovers
|-damage|p1a: Pan|310\/379 tox|[from] psn
|turn|17
|c|âoml it's too ez|oh no
|c| julianna|got em
|
|switch|p2a: Clefable|Clefable, F|370\/394
|move|p1a: Pan|Synthesis|p1a: Pan
|-heal|p1a: Pan|379\/379 tox
|
|-heal|p2a: Clefable|394\/394|[from] item: Leftovers
|-damage|p1a: Pan|333\/379 tox|[from] psn
|turn|18
|
|switch|p1a: FrankZhang|Talonflame, M, shiny|149\/297
|-damage|p1a: FrankZhang|1\/297|[from] Stealth Rock
|move|p2a: Clefable|Moonblast|p1a: FrankZhang
|-resisted|p1a: FrankZhang
|-damage|p1a: FrankZhang|0 fnt
|faint|p1a: FrankZhang
|
|
|switch|p1a: Festus|Charizard-Mega-X, F|158\/297 tox
|-damage|p1a: Festus|84\/297 tox|[from] Stealth Rock
|turn|19
|c|âoml it's too ez|dmg
|c| REDxLOTUS|tran at that moment could have just spammed fire
|c| julianna|damage
|c| TryHorN|pragasv
|
|switch|p2a: Heatran|Heatran, F|308\/384
|move|p1a: Festus|Roost|p1a: Festus
|-heal|p1a: Festus|233\/297 tox
|
|-heal|p2a: Heatran|332\/384|[from] item: Leftovers
|-damage|p1a: Festus|215\/297 tox|[from] psn
|turn|20
|c| TheSkyAboveUs|if only u were
|c| TryHorN|thats why frank zhang
|c| TryHorN|died
|c| TryHorN|in the books
|c|âoml it's too ez|dd
|c| TheSkyAboveUs|gg
|c| TryHorN|percy jackson outclasses him
|
|move|p1a: Festus|Dragon Claw|p2a: Heatran
|-resisted|p2a: Heatran
|-damage|p2a: Heatran|235\/384
|move|p2a: Heatran|Taunt|p1a: Festus
|-start|p1a: Festus|move: Taunt
|
|-heal|p2a: Heatran|259\/384|[from] item: Leftovers
|-damage|p1a: Festus|179\/297 tox|[from] psn
|turn|21
|c| REDxLOTUS|omg
|c|âPragaSV|gg
|join|BChen
|-message|PragaSV forfeited.
|
|win|oml it's too ez
|c| julianna|amazing
|c| REDxLOTUS|that tran set too
|leave|BChen
|leave|WishingJirachi7
|c|âoml it's too ez|thx
|c| Hallucination|yo
|leave|TheSkyAboveUs
|c| Hallucination|joseph
|c| REDxLOTUS|ilu
|leave|PragaSV
|c|âoml it's too ez|?
|c| Hallucination|ur up against my boy now
|player|p1
|c| julianna|rmt your team i want
|leave|Minnow
|c| Hallucination|he already has
|leave|iEcho
|c|âoml it's too ez|who?
|c| julianna|link sir
|c|âoml it's too ez|its muted
|c| julianna|you sir
|c|âoml it's too ez|cause of remeydey
|c| Hallucination|http:\/\/www.nintendoplus.com\/forums\/rate-my-team\/228672.htm#post2823730
|c|âoml it's too ez|me sir?
|c|âoml it's too ez|ohh that
|c|âoml it's too ez|lol
|c| julianna|yes you sir
|leave|thespiritinthesky
|leave|NJNP
|leave|julianna
|leave|Hallucination
|leave|TryHorN
|leave|Vrin