|join|oml it's too ez
|join|Stoned Zard
|player|p1|oml it's too ez|272
|player|p2|Stoned Zard|176
|gametype|singles
|gen|6
|tier|OU
|clearpoke
|poke|p1|Keldeo
|poke|p1|Garchomp, M
|poke|p1|Manaphy
|poke|p1|Latios, M
|poke|p1|Landorus-Therian, M
|poke|p1|Metagross
|poke|p2|Diancie, shiny
|poke|p2|Hydreigon, F
|poke|p2|Magnezone
|poke|p2|Jirachi
|poke|p2|Azumarill, F
|poke|p2|Landorus-Therian, M
|rule|Swagger Clause: Swagger is banned
|rule|Baton Pass Clause: Limit one PokÃ©mon knowing Baton Pass
|rule|Sleep Clause Mod: Limit one foe put to sleep
|rule|Species Clause: Limit one of each PokÃ©mon
|rule|OHKO Clause: OHKO moves are banned
|rule|Moody Clause: Moody is banned
|rule|Evasion Moves Clause: Evasion moves are banned
|rule|Endless Battle Clause: Forcing endless battles is banned
|rule|HP Percentage Mod: HP is shown in percentages
|teampreview
|c|âoml it's too ez|pssh
|c|âoml it's too ez|diance weak
|c|âoml it's too ez|manaphy weak
|c|âStoned Zard|now i want toget  back in my free time
|c|âStoned Zard|i was in the 1600s man... :[
|c|âoml it's too ez|lando t weak
|c|âoml it's too ez|thats kewl
|c|âStoned Zard|before oras tho :[
|c|âoml it's too ez|but thats not rly high
|c|âStoned Zard|name was nick2000
|c|âStoned Zard|it was for me lol
|c|âoml it's too ez|hehe
|c|âStoned Zard|i mean nicko2000
|c|âStoned Zard|i predict lando
|c|âStoned Zard|or chomp but mostly lando
|c|âoml it's too ez|k
|
|start
|switch|p1a: Manaphy|Manaphy|403\/403
|switch|p2a: Landorus-Therian|Landorus-Therian, M|379\/379
|-ability|p2a: Landorus-Therian|Intimidate|[of] p1a: Manaphy
|-unboost|p1a: Manaphy|atk|1
|turn|1
|c|âStoned Zard|oh... i see
|
|switch|p2a: assbag|Magnezone|343\/343
|move|p1a: Manaphy|Scald|p2a: assbag
|-damage|p2a: assbag|244\/343
|
|turn|2
|
|switch|p1a: Garchomp|Garchomp, M|358\/358
|switch|p2a: Landorus-Therian|Landorus-Therian, M|379\/379
|-ability|p2a: Landorus-Therian|Intimidate|[of] p1a: Garchomp
|-unboost|p1a: Garchomp|atk|1
|
|turn|3
|c|âStoned Zard|:]
|c|âoml it's too ez|dosent matter [:
|
|move|p1a: Garchomp|Stealth Rock|p2a: Landorus-Therian
|-sidestart|p2: Stoned Zard|move: Stealth Rock
|move|p2a: Landorus-Therian|Stealth Rock|p1a: Garchomp
|-sidestart|p1: oml it's too ez|move: Stealth Rock
|
|turn|4
|c|âoml it's too ez|u turn
|c|âStoned Zard|i once saw hp ice on chomp
|c|âStoned Zard|o.O
|
|move|p1a: Garchomp|Swords Dance|p1a: Garchomp
|-boost|p1a: Garchomp|atk|2
|move|p2a: Landorus-Therian|U-turn|p1a: Garchomp
|-damage|p1a: Garchomp|278\/358
|-damage|p2a: Landorus-Therian|332\/379|[from] ability: Rough Skin|[of] p1a: Garchomp
|c|âoml it's too ez|thats pokebank
|
|switch|p2a: Sum Boooooooty|Diancie, shiny|241\/241
|-damage|p2a: Sum Boooooooty|211\/241|[from] Stealth Rock
|
|turn|5
|
|switch|p1a: Metagross|Metagross|322\/322
|-damage|p1a: Metagross|302\/322|[from] Stealth Rock
|detailschange|p2a: Sum Boooooooty|Diancie-Mega, shiny
|-mega|p2a: Sum Boooooooty|Diancie|Diancite
|move|p2a: Sum Boooooooty|Protect|p2a: Sum Boooooooty
|-fail|p2a: Sum Boooooooty
|
|turn|6
|c|âStoned Zard|:\/
|c|âoml it's too ez|bullet
|c|âoml it's too ez|[:
|
|switch|p2a: Remember...|Jirachi|404\/404
|-damage|p2a: Remember...|379\/404|[from] Stealth Rock
|detailschange|p1a: Metagross|Metagross-Mega
|-mega|p1a: Metagross|Metagross|Metagrossite
|move|p1a: Metagross|Meteor Mash|p2a: Remember...
|-resisted|p2a: Remember...
|-damage|p2a: Remember...|277\/404
|
|-heal|p2a: Remember...|302\/404|[from] item: Leftovers
|turn|7
|
|switch|p1a: Garchomp|Garchomp, M|278\/358
|-damage|p1a: Garchomp|256\/358|[from] Stealth Rock
|move|p2a: Remember...|U-turn|p1a: Garchomp
|-damage|p1a: Garchomp|200\/358
|-damage|p2a: Remember...|252\/404|[from] ability: Rough Skin|[of] p1a: Garchomp
|c|âoml it's too ez|tbh idk y u uturn
|
|switch|p2a: Sum Boooooooty|Diancie-Mega, shiny|211\/241
|-damage|p2a: Sum Boooooooty|181\/241|[from] Stealth Rock
|
|turn|8
|c|âStoned Zard|for that
|c|âoml it's too ez|ur just taking more rocks and skin dmg
|c|âStoned Zard|xD
|
|move|p2a: Sum Boooooooty|Earth Power|p1a: Garchomp
|-damage|p1a: Garchomp|62\/358
|move|p1a: Garchomp|Earthquake|p2a: Sum Boooooooty
|-supereffective|p2a: Sum Boooooooty
|-damage|p2a: Sum Boooooooty|0 fnt
|faint|p2a: Sum Boooooooty
|
|c|âStoned Zard|:\/
|c|âoml it's too ez|LOL
|c|âoml it's too ez|u gotta learn
|
|switch|p2a: Landorus-Therian|Landorus-Therian, M|332\/379
|-damage|p2a: Landorus-Therian|285\/379|[from] Stealth Rock
|-ability|p2a: Landorus-Therian|Intimidate|[of] p1a: Garchomp
|-unboost|p1a: Garchomp|atk|1
|turn|9
|c|âoml it's too ez|when u have to predict
|c|âoml it's too ez|and when u dont
|
|switch|p1a: Landorus-Therian|Landorus-Therian, M|319\/319
|-damage|p1a: Landorus-Therian|280\/319|[from] Stealth Rock
|-ability|p1a: Landorus-Therian|Intimidate|[of] p2a: Landorus-Therian
|-unboost|p2a: Landorus-Therian|atk|1
|move|p2a: Landorus-Therian|Earthquake|p1a: Landorus-Therian
|-immune|p1a: Landorus-Therian|[msg]
|
|-heal|p2a: Landorus-Therian|308\/379|[from] item: Leftovers
|turn|10
|c|âStoned Zard|yeah...
|
|move|p1a: Landorus-Therian|U-turn|p2a: Landorus-Therian
|-resisted|p2a: Landorus-Therian
|-damage|p2a: Landorus-Therian|271\/379
|
|switch|p1a: Garchomp|Garchomp, M|62\/358
|-damage|p1a: Garchomp|40\/358|[from] Stealth Rock
|move|p2a: Landorus-Therian|U-turn|p1a: Garchomp
|-damage|p1a: Garchomp|0 fnt
|-damage|p2a: Landorus-Therian|224\/379|[from] ability: Rough Skin|[of] p1a: Garchomp
|faint|p1a: Garchomp
|
|switch|p2a: Remember...|Jirachi|252\/404
|-damage|p2a: Remember...|227\/404|[from] Stealth Rock
|
|-heal|p2a: Remember...|252\/404|[from] item: Leftovers
|
|switch|p1a: Manaphy|Manaphy|403\/403
|-damage|p1a: Manaphy|353\/403|[from] Stealth Rock
|turn|11
|
|move|p1a: Manaphy|Substitute|p1a: Manaphy
|-start|p1a: Manaphy|Substitute
|-damage|p1a: Manaphy|253\/403
|move|p2a: Remember...|Wish|p2a: Remember...
|
|-heal|p1a: Manaphy|278\/403|[from] item: Leftovers
|-heal|p2a: Remember...|277\/404|[from] item: Leftovers
|turn|12
|
|move|p1a: Manaphy|Calm Mind|p1a: Manaphy
|-boost|p1a: Manaphy|spa|1
|-boost|p1a: Manaphy|spd|1
|move|p2a: Remember...|U-turn|p1a: Manaphy
|-activate|p1a: Manaphy|Substitute|[damage]
|
|switch|p2a: assbag|Magnezone|244\/343
|-damage|p2a: assbag|223\/343|[from] Stealth Rock
|
|-heal|p2a: assbag|343\/343|[from] move: Wish|[wisher] Remember...
|-heal|p1a: Manaphy|303\/403|[from] item: Leftovers
|turn|13
|c|âoml it's too ez|tbolt
|c|âoml it's too ez|or predict lando?
|c|âoml it's too ez|tbolt prob
|c|âoml it's too ez|then predict lando next turn
|c|âStoned Zard|specs
|c|âStoned Zard|:\/
|
|move|p1a: Manaphy|Scald|p2a: assbag
|-damage|p2a: assbag|175\/343
|move|p2a: assbag|Thunderbolt|p1a: Manaphy
|-crit|p1a: Manaphy
|-supereffective|p1a: Manaphy
|-end|p1a: Manaphy|Substitute
|
|-heal|p1a: Manaphy|328\/403|[from] item: Leftovers
|turn|14
|
|switch|p2a: Chubbs|Azumarill, F|381\/381
|-damage|p2a: Chubbs|334\/381|[from] Stealth Rock
|move|p1a: Manaphy|Substitute|p1a: Manaphy
|-start|p1a: Manaphy|Substitute
|-damage|p1a: Manaphy|228\/403
|
|-heal|p1a: Manaphy|253\/403|[from] item: Leftovers
|turn|15
|c|âStoned Zard|ugh
|c|âoml it's too ez|play muk
|c|âoml it's too ez|[:
|c|âStoned Zard|lost
|
|switch|p2a: Remember...|Jirachi|277\/404
|-damage|p2a: Remember...|252\/404|[from] Stealth Rock
|move|p1a: Manaphy|Acid Armor|p1a: Manaphy
|-boost|p1a: Manaphy|def|2
|
|-heal|p1a: Manaphy|278\/403|[from] item: Leftovers
|-heal|p2a: Remember...|277\/404|[from] item: Leftovers
|turn|16
|c|âStoned Zard|?
|c|âoml it's too ez|its a set
|c|âoml it's too ez|i wanted to try
|c|âoml it's too ez|this is not my team
|c|âStoned Zard|eball tg scald raind
|c|âStoned Zard|alright
|
|move|p1a: Manaphy|Calm Mind|p1a: Manaphy
|-boost|p1a: Manaphy|spa|1
|-boost|p1a: Manaphy|spd|1
|move|p2a: Remember...|Wish|p2a: Remember...
|
|-heal|p1a: Manaphy|303\/403|[from] item: Leftovers
|-heal|p2a: Remember...|302\/404|[from] item: Leftovers
|turn|17
|c|âStoned Zard|i lost
|c|âStoned Zard|again
|c|âoml it's too ez|dont quit
|c|âoml it's too ez|[:
|
|move|p1a: Manaphy|Scald|p2a: Remember...
|-damage|p2a: Remember...|166\/404
|move|p2a: Remember...|U-turn|p1a: Manaphy
|-activate|p1a: Manaphy|Substitute|[damage]
|
|switch|p2a: BW2 God|Hydreigon, F|325\/325
|-damage|p2a: BW2 God|285\/325|[from] Stealth Rock
|
|-heal|p2a: BW2 God|325\/325|[from] move: Wish|[wisher] Remember...
|-heal|p1a: Manaphy|328\/403|[from] item: Leftovers
|turn|18
|c|âoml it's too ez|play the entire game plz
|c|âStoned Zard|life orb
|
|move|p2a: BW2 God|Dark Pulse|p1a: Manaphy
|-end|p1a: Manaphy|Substitute
|-damage|p2a: BW2 God|293\/325|[from] item: Life Orb
|move|p1a: Manaphy|Substitute|p1a: Manaphy
|-start|p1a: Manaphy|Substitute
|-damage|p1a: Manaphy|228\/403
|
|-heal|p1a: Manaphy|253\/403|[from] item: Leftovers
|turn|19
|
|move|p2a: BW2 God|Dark Pulse|p1a: Manaphy
|-activate|p1a: Manaphy|Substitute|[damage]
|-damage|p2a: BW2 God|261\/325|[from] item: Life Orb
|move|p1a: Manaphy|Scald|p2a: BW2 God
|-resisted|p2a: BW2 God
|-damage|p2a: BW2 God|163\/325
|-status|p2a: BW2 God|brn
|
|-heal|p1a: Manaphy|278\/403|[from] item: Leftovers
|-damage|p2a: BW2 God|123\/325 brn|[from] brn
|turn|20
|c|âStoned Zard|omg
|
|move|p2a: BW2 God|Dark Pulse|p1a: Manaphy
|-end|p1a: Manaphy|Substitute
|-damage|p2a: BW2 God|91\/325 brn|[from] item: Life Orb
|move|p1a: Manaphy|Substitute|p1a: Manaphy
|-start|p1a: Manaphy|Substitute
|-damage|p1a: Manaphy|178\/403
|
|-heal|p1a: Manaphy|203\/403|[from] item: Leftovers
|-damage|p2a: BW2 God|51\/325 brn|[from] brn
|turn|21
|c|âoml it's too ez|mmhmm dosent really matter but sry
|
|move|p2a: BW2 God|Draco Meteor|p1a: Manaphy
|-end|p1a: Manaphy|Substitute
|-unboost|p2a: BW2 God|spa|2
|-damage|p2a: BW2 God|19\/325 brn|[from] item: Life Orb
|move|p1a: Manaphy|Calm Mind|p1a: Manaphy
|-boost|p1a: Manaphy|spa|1
|-boost|p1a: Manaphy|spd|1
|
|-heal|p1a: Manaphy|228\/403|[from] item: Leftovers
|-damage|p2a: BW2 God|0 fnt|[from] brn
|faint|p2a: BW2 God
|
|switch|p2a: assbag|Magnezone|175\/343
|-damage|p2a: assbag|154\/343|[from] Stealth Rock
|turn|22
|c|âStoned Zard|cant win
|
|move|p1a: Manaphy|Scald|p2a: assbag
|-crit|p2a: assbag
|-damage|p2a: assbag|0 fnt
|faint|p2a: assbag
|
|-heal|p1a: Manaphy|253\/403|[from] item: Leftovers
|
|switch|p2a: Remember...|Jirachi|166\/404
|-damage|p2a: Remember...|141\/404|[from] Stealth Rock
|turn|23
|
|move|p1a: Manaphy|Substitute|p1a: Manaphy
|-start|p1a: Manaphy|Substitute
|-damage|p1a: Manaphy|153\/403
|move|p2a: Remember...|Thunder Wave|p1a: Manaphy
|
|-heal|p1a: Manaphy|178\/403|[from] item: Leftovers
|-heal|p2a: Remember...|166\/404|[from] item: Leftovers
|turn|24
|
|move|p1a: Manaphy|Acid Armor|p1a: Manaphy
|-boost|p1a: Manaphy|def|2
|move|p2a: Remember...|Wish|p2a: Remember...
|
|-heal|p1a: Manaphy|203\/403|[from] item: Leftovers
|-heal|p2a: Remember...|191\/404|[from] item: Leftovers
|turn|25
|c|âStoned Zard|bruh lol
|
|move|p1a: Manaphy|Acid Armor|p1a: Manaphy
|-boost|p1a: Manaphy|def|2
|move|p2a: Remember...|Iron Head|p1a: Manaphy
|-resisted|p1a: Manaphy
|-activate|p1a: Manaphy|Substitute|[damage]
|
|-heal|p2a: Remember...|393\/404|[from] move: Wish|[wisher] Remember...
|-heal|p1a: Manaphy|228\/403|[from] item: Leftovers
|-heal|p2a: Remember...|404\/404|[from] item: Leftovers
|turn|26
|c|âoml it's too ez|lemme get 2 plus 6
|c|âStoned Zard|nub?
|c|âoml it's too ez|its a joke
|c|âStoned Zard|lol :P
|
|move|p1a: Manaphy|Calm Mind|p1a: Manaphy
|-boost|p1a: Manaphy|spa|1
|-boost|p1a: Manaphy|spd|1
|move|p2a: Remember...|Iron Head|p1a: Manaphy
|-resisted|p1a: Manaphy
|-activate|p1a: Manaphy|Substitute|[damage]
|
|-heal|p1a: Manaphy|253\/403|[from] item: Leftovers
|turn|27
|c|âStoned Zard|i have to build a new team...
|c|âStoned Zard|but nothing counters everything...
|
|move|p1a: Manaphy|Calm Mind|p1a: Manaphy
|-boost|p1a: Manaphy|spa|1
|-boost|p1a: Manaphy|spd|1
|move|p2a: Remember...|Iron Head|p1a: Manaphy
|-resisted|p1a: Manaphy
|-activate|p1a: Manaphy|Substitute|[damage]
|
|-heal|p1a: Manaphy|278\/403|[from] item: Leftovers
|turn|28
|
|move|p1a: Manaphy|Calm Mind|p1a: Manaphy
|-boost|p1a: Manaphy|spa|1
|-boost|p1a: Manaphy|spd|1
|move|p2a: Remember...|Iron Head|p1a: Manaphy
|-resisted|p1a: Manaphy
|-activate|p1a: Manaphy|Substitute|[damage]
|
|-heal|p1a: Manaphy|303\/403|[from] item: Leftovers
|turn|29
|c|âStoned Zard|the battle is over
|
|move|p1a: Manaphy|Scald|p2a: Remember...
|-damage|p2a: Remember...|148\/404
|move|p2a: Remember...|Iron Head|p1a: Manaphy
|-resisted|p1a: Manaphy
|-activate|p1a: Manaphy|Substitute|[damage]
|
|-heal|p1a: Manaphy|328\/403|[from] item: Leftovers
|-heal|p2a: Remember...|173\/404|[from] item: Leftovers
|turn|30
|c|âStoned Zard|:[
|
|move|p1a: Manaphy|Scald|p2a: Remember...
|-damage|p2a: Remember...|0 fnt
|faint|p2a: Remember...
|
|-heal|p1a: Manaphy|353\/403|[from] item: Leftovers
|c|âoml it's too ez|]:
|c|âStoned Zard|you play on wifi?
|
|switch|p2a: Chubbs|Azumarill, F|334\/381
|-damage|p2a: Chubbs|287\/381|[from] Stealth Rock
|turn|31
|c|âoml it's too ez|use too
|c|âoml it's too ez|i didnt beat or yet lol
|c|âStoned Zard|use too? how come?
|
|move|p1a: Manaphy|Scald|p2a: Chubbs
|-resisted|p2a: Chubbs
|-damage|p2a: Chubbs|143\/381
|move|p2a: Chubbs|Play Rough|p1a: Manaphy
|-crit|p1a: Manaphy
|-end|p1a: Manaphy|Substitute
|
|-heal|p1a: Manaphy|378\/403|[from] item: Leftovers
|turn|32
|c|âoml it's too ez|showdown is ezier
|c|âStoned Zard|PO is faster
|c|âoml it's too ez|showdwon looks cooler and is faster then wifi [:
|c|âoml it's too ez|besides i can play in school
|c|âStoned Zard|let me build a team that i put some more effort into alright? :]
|c|âStoned Zard|lol
|
|move|p1a: Manaphy|Scald|p2a: Chubbs
|-resisted|p2a: Chubbs
|-damage|p2a: Chubbs|0 fnt
|faint|p2a: Chubbs
|
|-heal|p1a: Manaphy|403\/403|[from] item: Leftovers
|
|switch|p2a: Landorus-Therian|Landorus-Therian, M|224\/379
|-damage|p2a: Landorus-Therian|177\/379|[from] Stealth Rock
|-ability|p2a: Landorus-Therian|Intimidate|[of] p1a: Manaphy
|-unboost|p1a: Manaphy|atk|1
|turn|33
|
|move|p1a: Manaphy|Scald|p2a: Landorus-Therian
|-supereffective|p2a: Landorus-Therian
|-damage|p2a: Landorus-Therian|0 fnt
|faint|p2a: Landorus-Therian
|
|win|oml it's too ez