|join|burgerfresser
|join|oml it's too ez
|player|p1|burgerfresser|260
|player|p2|oml it's too ez|9
|gametype|singles
|gen|6
|tier|OU
|rated
|clearpoke
|poke|p1|Gardevoir, M, shiny
|poke|p1|Keldeo-Resolute
|poke|p1|Mandibuzz, F
|poke|p1|Entei, shiny
|poke|p1|Celebi
|poke|p1|Landorus-Therian, M
|poke|p2|Garchomp, M
|poke|p2|Slowbro, M
|poke|p2|Clefable, F
|poke|p2|Heatran, F
|poke|p2|Tornadus-Therian, M
|poke|p2|Amoonguss, M
|rule|Swagger Clause: Swagger is banned
|rule|Baton Pass Clause: Limit one PokÃ©mon knowing Baton Pass
|rule|Sleep Clause Mod: Limit one foe put to sleep
|rule|Species Clause: Limit one of each PokÃ©mon
|rule|OHKO Clause: OHKO moves are banned
|rule|Moody Clause: Moody is banned
|rule|Evasion Moves Clause: Evasion moves are banned
|rule|Endless Battle Clause: Forcing endless battles is banned
|rule|HP Percentage Mod: HP is shown in percentages
|teampreview
|
|start
|switch|p1a: Keldeo-Resolute|Keldeo-Resolute|323\/323
|switch|p2a: Garchomp|Garchomp, M|420\/420
|turn|1
|join|Trauer
|c| Trauer|omg burgers such a nubÂ¨
|join|AdvanceShip
|c|âburgerfresser|ikr
|
|move|p1a: Keldeo-Resolute|Scald|p2a: Garchomp
|-damage|p2a: Garchomp|159\/420
|-status|p2a: Garchomp|brn
|move|p2a: Garchomp|Stealth Rock|p1a: Keldeo-Resolute
|-sidestart|p1: burgerfresser|move: Stealth Rock
|
|-damage|p2a: Garchomp|107\/420 brn|[from] brn
|turn|2
|c| Trauer|omg such hax
|
|switch|p2a: Slowbro|Slowbro, M|393\/393
|move|p1a: Keldeo-Resolute|Scald|p2a: Slowbro
|-resisted|p2a: Slowbro
|-damage|p2a: Slowbro|290\/393
|
|turn|3
|c|âburgerfresser|yeah he really should stfu
|c|âoml it's too ez|look at ur keyboard and between y and i you will find some 1 who needs to be quiet [:
|c| Trauer|between y and i are a lot of letters ._.
|
|switch|p1a: Celebi|Celebi|404\/404
|-damage|p1a: Celebi|354\/404|[from] Stealth Rock
|switch|p2a: Heatran|Heatran, F|384\/384
|
|-heal|p1a: Celebi|379\/404|[from] item: Leftovers
|turn|4
|c| Trauer|if youd take the most direct path itd be
|c| Trauer|xcvghj
|c|âburgerfresser|lmao
|c|âoml it's too ez|lol
|c|âoml it's too ez|u got me
|
|move|p1a: Celebi|Stealth Rock|p2a: Heatran
|-sidestart|p2: oml it's too ez|move: Stealth Rock
|move|p2a: Heatran|Lava Plume|p1a: Celebi
|-supereffective|p1a: Celebi
|-damage|p1a: Celebi|193\/404
|-status|p1a: Celebi|brn
|
|-heal|p1a: Celebi|218\/404 brn|[from] item: Leftovers
|-damage|p1a: Celebi|168\/404 brn|[from] brn
|turn|5
|
|switch|p1a: Keldeo-Resolute|Keldeo-Resolute|323\/323
|-damage|p1a: Keldeo-Resolute|303\/323|[from] Stealth Rock
|move|p2a: Heatran|Toxic|p1a: Keldeo-Resolute
|-status|p1a: Keldeo-Resolute|tox
|
|-damage|p1a: Keldeo-Resolute|283\/323 tox|[from] psn
|turn|6
|c|âburgerfresser|plays 4 days
|
|move|p2a: Heatran|Protect|p2a: Heatran
|-singleturn|p2a: Heatran|Protect
|move|p1a: Keldeo-Resolute|Scald|p2a: Heatran
|-activate|p2a: Heatran|Protect
|
|-damage|p1a: Keldeo-Resolute|243\/323 tox|[from] psn
|turn|7
|c|âoml it's too ez|there all average
|c|âoml it's too ez|[:
|c|âoml it's too ez|so are u gonna double
|
|switch|p1a: Gardevoir|Gardevoir, M, shiny|277\/277
|-damage|p1a: Gardevoir|243\/277|[from] Stealth Rock
|-ability|p1a: Gardevoir|Flash Fire|[from] ability: Trace|[of] p2a: Heatran
|switch|p2a: Amoonguss|Amoonguss, M|431\/431
|-damage|p2a: Amoonguss|378\/431|[from] Stealth Rock
|
|-heal|p2a: Amoonguss|404\/431|[from] item: Black Sludge
|turn|8
|
|move|p1a: Gardevoir|Taunt|p2a: Amoonguss
|-start|p2a: Amoonguss|move: Taunt
|cant|p2a: Amoonguss|move: Taunt|Spore
|
|-heal|p2a: Amoonguss|430\/431|[from] item: Black Sludge
|turn|9
|c|âoml it's too ez|ohhhhh
|c|âoml it's too ez|plays 4 days
|c| AdvanceShip|its too ez
|
|switch|p2a: Heatran|Heatran, F|384\/384
|-damage|p2a: Heatran|336\/384|[from] Stealth Rock
|move|p1a: Gardevoir|Psyshock|p2a: Heatran
|-resisted|p2a: Heatran
|-damage|p2a: Heatran|266\/384
|
|-heal|p2a: Heatran|290\/384|[from] item: Leftovers
|turn|10
|join|Stoned Zard
|
|move|p2a: Heatran|Protect|p2a: Heatran
|-singleturn|p2a: Heatran|Protect
|move|p1a: Gardevoir|Taunt|p2a: Heatran
|-activate|p2a: Heatran|Protect
|
|-heal|p2a: Heatran|314\/384|[from] item: Leftovers
|turn|11
|c| Stoned Zard|yo :]
|c|âoml it's too ez|:]
|c| Trauer|[:
|c| Trauer|#Rebel
|
|move|p1a: Gardevoir|Focus Blast|p2a: Heatran
|-supereffective|p2a: Heatran
|-damage|p2a: Heatran|130\/384
|move|p2a: Heatran|Lava Plume|p1a: Gardevoir
|-start|p1a: Gardevoir|ability: Flash Fire
|
|-heal|p2a: Heatran|154\/384|[from] item: Leftovers
|turn|12
|c| Stoned Zard|:D
|c| Trauer|lol
|c|âoml it's too ez|wat?
|c|âoml it's too ez|oh
|c|âburgerfresser|its to easy :D
|c|âoml it's too ez|im an idiot
|c|âoml it's too ez|lol
|
|move|p2a: Heatran|Protect|p2a: Heatran
|-singleturn|p2a: Heatran|Protect
|move|p1a: Gardevoir|Focus Blast|p2a: Heatran
|-activate|p2a: Heatran|Protect
|
|-heal|p2a: Heatran|178\/384|[from] item: Leftovers
|turn|13
|c| AdvanceShip|lol this game wont give you any points tho
|
|switch|p2a: Clefable|Clefable, F|394\/394
|-damage|p2a: Clefable|345\/394|[from] Stealth Rock
|move|p1a: Gardevoir|Focus Blast|p2a: Clefable|[miss]
|-miss|p1a: Gardevoir|p2a: Clefable
|
|-heal|p2a: Clefable|369\/394|[from] item: Leftovers
|turn|14
|c|âburgerfresser|nvm
|
|detailschange|p1a: Gardevoir|Gardevoir-Mega, M, shiny
|-mega|p1a: Gardevoir|Gardevoir|Gardevoirite
|move|p1a: Gardevoir|Taunt|p2a: Clefable
|-start|p2a: Clefable|move: Taunt
|cant|p2a: Clefable|move: Taunt|Wish
|
|-heal|p2a: Clefable|393\/394|[from] item: Leftovers
|turn|15
|c|âoml it's too ez|stop being good
|c|âoml it's too ez|dammit
|c|âoml it's too ez|lol
|c|âburgerfresser|lol
|
|move|p1a: Gardevoir|Psyshock|p2a: Clefable
|-damage|p2a: Clefable|236\/394
|move|p2a: Clefable|Moonblast|p1a: Gardevoir
|-damage|p1a: Gardevoir|161\/277
|-unboost|p1a: Gardevoir|spa|1
|
|-heal|p2a: Clefable|260\/394|[from] item: Leftovers
|turn|16
|c|âoml it's too ez|ahh didnt matter
|c|âoml it's too ez|jk
|join|GodLysopp
|
|switch|p2a: Slowbro|Slowbro, M|393\/393
|-damage|p2a: Slowbro|344\/393|[from] Stealth Rock
|move|p1a: Gardevoir|Hyper Voice|p2a: Slowbro
|-damage|p2a: Slowbro|181\/393
|
|turn|17
|c|âburgerfresser|you knew my spread, it didn't matter
|c| Trauer|burger you forgot the names
|leave|GodLysopp
|c| Trauer|n_n
|c| Trauer|im disap
|
|switch|p1a: Celebi|Celebi|168\/404
|-damage|p1a: Celebi|118\/404|[from] Stealth Rock
|move|p2a: Slowbro|Slack Off|p2a: Slowbro
|-heal|p2a: Slowbro|378\/393
|
|-heal|p1a: Celebi|143\/404|[from] item: Leftovers
|turn|18
|
|switch|p2a: Tornadus-Therian|Tornadus-Therian, M|299\/299
|-damage|p2a: Tornadus-Therian|225\/299|[from] Stealth Rock
|move|p1a: Celebi|Recover|p1a: Celebi
|-heal|p1a: Celebi|345\/404
|
|-heal|p1a: Celebi|370\/404|[from] item: Leftovers
|turn|19
|c|âoml it's too ez|sack ur gard
|c|âburgerfresser|this thing
|c|âburgerfresser|is to good atm
|c|âoml it's too ez|http:\/\/showdown-afd.psim.us\/battle-ou-205401309
|c| AdvanceShip|its A-
|
|switch|p1a: Landorus-Therian|Landorus-Therian, M|319\/319
|-damage|p1a: Landorus-Therian|280\/319|[from] Stealth Rock
|-ability|p1a: Landorus-Therian|Intimidate|[of] p2a: Tornadus-Therian
|-unboost|p2a: Tornadus-Therian|atk|1
|move|p2a: Tornadus-Therian|Hurricane|p1a: Landorus-Therian|[miss]
|-miss|p2a: Tornadus-Therian|p1a: Landorus-Therian
|
|turn|20
|c|âoml it's too ez|allgm
|c|âoml it's too ez|bakb
|c|âoml it's too ez|ahhh
|c| Stoned Zard|xD
|c|âoml it's too ez|im good
|c|âburgerfresser|who gives a fuck about viability ranking?._.
|c|âoml it's too ez|^^^
|
|switch|p2a: Garchomp|Garchomp, M|107\/420 brn
|-damage|p2a: Garchomp|81\/420 brn|[from] Stealth Rock
|move|p1a: Landorus-Therian|U-turn|p2a: Garchomp
|-damage|p2a: Garchomp|0 fnt
|-damage|p1a: Landorus-Therian|241\/319|[from] ability: Rough Skin|[of] p2a: Garchomp
|-damage|p1a: Landorus-Therian|188\/319|[from] item: Rocky Helmet|[of] p2a: Garchomp
|faint|p2a: Garchomp
|c| Stoned Zard|these pictures lol
|
|switch|p1a: Mandibuzz|Mandibuzz, F|424\/424
|-damage|p1a: Mandibuzz|318\/424|[from] Stealth Rock
|
|-heal|p1a: Mandibuzz|344\/424|[from] item: Leftovers
|
|switch|p2a: Slowbro|Slowbro, M|393\/393
|-damage|p2a: Slowbro|344\/393|[from] Stealth Rock
|turn|21
|c|âoml it's too ez|do u have taunt on this too
|c| Stoned Zard|XD
|c|âburgerfresser|aren't those the aprils fool sprites?
|
|detailschange|p2a: Slowbro|Slowbro-Mega, M
|-mega|p2a: Slowbro|Slowbro|Slowbronite
|move|p1a: Mandibuzz|Taunt|p2a: Slowbro
|-start|p2a: Slowbro|move: Taunt
|cant|p2a: Slowbro|move: Taunt|Calm Mind
|
|-heal|p1a: Mandibuzz|370\/424|[from] item: Leftovers
|turn|22
|c|âoml it's too ez|NOOOOOOO
|c|âoml it's too ez|yeah
|
|switch|p1a: Celebi|Celebi|370\/404
|-damage|p1a: Celebi|320\/404|[from] Stealth Rock
|switch|p2a: Heatran|Heatran, F|178\/384
|-damage|p2a: Heatran|130\/384|[from] Stealth Rock
|
|-heal|p1a: Celebi|345\/404|[from] item: Leftovers
|-heal|p2a: Heatran|154\/384|[from] item: Leftovers
|turn|23
|
|switch|p1a: Keldeo-Resolute|Keldeo-Resolute|243\/323 tox
|-damage|p1a: Keldeo-Resolute|223\/323 tox|[from] Stealth Rock
|move|p2a: Heatran|Lava Plume|p1a: Keldeo-Resolute
|-resisted|p1a: Keldeo-Resolute
|-damage|p1a: Keldeo-Resolute|160\/323 tox
|
|-heal|p2a: Heatran|178\/384|[from] item: Leftovers
|-damage|p1a: Keldeo-Resolute|140\/323 tox|[from] psn
|turn|24
|
|switch|p2a: Amoonguss|Amoonguss, M|431\/431
|-damage|p2a: Amoonguss|378\/431|[from] Stealth Rock
|move|p1a: Keldeo-Resolute|Scald|p2a: Amoonguss
|-resisted|p2a: Amoonguss
|-damage|p2a: Amoonguss|257\/431
|
|-heal|p2a: Amoonguss|283\/431|[from] item: Black Sludge
|-damage|p1a: Keldeo-Resolute|100\/323 tox|[from] psn
|turn|25
|c|âburgerfresser|y u no burn >.>
|
|move|p1a: Keldeo-Resolute|Scald|p2a: Amoonguss
|-resisted|p2a: Amoonguss
|-damage|p2a: Amoonguss|164\/431
|move|p2a: Amoonguss|Giga Drain|p1a: Keldeo-Resolute
|-supereffective|p1a: Keldeo-Resolute
|-damage|p1a: Keldeo-Resolute|0 fnt
|-heal|p2a: Amoonguss|214\/431|[from] drain|[of] p1a: Keldeo-Resolute
|faint|p1a: Keldeo-Resolute
|
|-heal|p2a: Amoonguss|240\/431|[from] item: Black Sludge
|
|switch|p1a: Entei|Entei, shiny|371\/371
|-damage|p1a: Entei|279\/371|[from] Stealth Rock
|-ability|p1a: Entei|Pressure
|turn|26
|
|switch|p2a: Tornadus-Therian|Tornadus-Therian, M|299\/299
|-damage|p2a: Tornadus-Therian|225\/299|[from] Stealth Rock
|move|p1a: Entei|Stone Edge|p2a: Tornadus-Therian
|-supereffective|p2a: Tornadus-Therian
|-damage|p2a: Tornadus-Therian|0 fnt
|faint|p2a: Tornadus-Therian
|
|
|switch|p2a: Slowbro|Slowbro-Mega, M|344\/393
|-damage|p2a: Slowbro|295\/393|[from] Stealth Rock
|turn|27
|
|switch|p1a: Gardevoir|Gardevoir-Mega, M, shiny|161\/277
|-damage|p1a: Gardevoir|127\/277|[from] Stealth Rock
|move|p2a: Slowbro|Calm Mind|p2a: Slowbro
|-boost|p2a: Slowbro|spa|1
|-boost|p2a: Slowbro|spd|1
|
|turn|28
|
|move|p1a: Gardevoir|Hyper Voice|p2a: Slowbro
|-damage|p2a: Slowbro|157\/393
|move|p2a: Slowbro|Slack Off|p2a: Slowbro
|-heal|p2a: Slowbro|354\/393
|
|turn|29
|
|move|p1a: Gardevoir|Taunt|p2a: Slowbro
|-start|p2a: Slowbro|move: Taunt
|cant|p2a: Slowbro|move: Taunt|Calm Mind
|
|turn|30
|c|âoml it's too ez|come on bro
|c|âoml it's too ez|u gotta stop [:
|
|move|p1a: Gardevoir|Hyper Voice|p2a: Slowbro
|-damage|p2a: Slowbro|198\/393
|move|p2a: Slowbro|Scald|p1a: Gardevoir
|-damage|p1a: Gardevoir|0 fnt
|faint|p1a: Gardevoir
|
|c|âoml it's too ez|plz
|
|switch|p1a: Celebi|Celebi|345\/404
|-damage|p1a: Celebi|295\/404|[from] Stealth Rock
|turn|31
|
|switch|p1a: Landorus-Therian|Landorus-Therian, M|188\/319
|-damage|p1a: Landorus-Therian|149\/319|[from] Stealth Rock
|-ability|p1a: Landorus-Therian|Intimidate|[of] p2a: Slowbro
|-unboost|p2a: Slowbro|atk|1
|switch|p2a: Heatran|Heatran, F|178\/384
|-damage|p2a: Heatran|130\/384|[from] Stealth Rock
|
|-heal|p2a: Heatran|154\/384|[from] item: Leftovers
|turn|32
|
|move|p2a: Heatran|Protect|p2a: Heatran
|-singleturn|p2a: Heatran|Protect
|move|p1a: Landorus-Therian|Earthquake|p2a: Heatran
|-activate|p2a: Heatran|Protect
|
|-heal|p2a: Heatran|178\/384|[from] item: Leftovers
|turn|33
|
|switch|p2a: Amoonguss|Amoonguss, M|383\/431
|-damage|p2a: Amoonguss|330\/431|[from] Stealth Rock
|move|p1a: Landorus-Therian|Earthquake|p2a: Amoonguss
|-damage|p2a: Amoonguss|152\/431
|
|-heal|p2a: Amoonguss|178\/431|[from] item: Black Sludge
|turn|34
|c|âburgerfresser|7.8\/to much counters
|
|switch|p1a: Mandibuzz|Mandibuzz, F|370\/424
|-damage|p1a: Mandibuzz|264\/424|[from] Stealth Rock
|move|p2a: Amoonguss|Giga Drain|p1a: Mandibuzz
|-resisted|p1a: Mandibuzz
|-damage|p1a: Mandibuzz|230\/424
|-heal|p2a: Amoonguss|195\/431|[from] drain|[of] p1a: Mandibuzz
|
|-heal|p1a: Mandibuzz|256\/424|[from] item: Leftovers
|-heal|p2a: Amoonguss|221\/431|[from] item: Black Sludge
|turn|35
|
|switch|p2a: Heatran|Heatran, F|178\/384
|-damage|p2a: Heatran|130\/384|[from] Stealth Rock
|move|p1a: Mandibuzz|Taunt|p2a: Heatran
|-start|p2a: Heatran|move: Taunt
|
|-heal|p1a: Mandibuzz|282\/424|[from] item: Leftovers
|-heal|p2a: Heatran|154\/384|[from] item: Leftovers
|turn|36
|
|move|p1a: Mandibuzz|Foul Play|p2a: Heatran
|-damage|p2a: Heatran|84\/384
|move|p2a: Heatran|Lava Plume|p1a: Mandibuzz
|-damage|p1a: Mandibuzz|174\/424
|-status|p1a: Mandibuzz|brn
|
|-heal|p1a: Mandibuzz|200\/424 brn|[from] item: Leftovers
|-heal|p2a: Heatran|108\/384|[from] item: Leftovers
|-damage|p1a: Mandibuzz|147\/424 brn|[from] brn
|turn|37
|
|move|p1a: Mandibuzz|Foul Play|p2a: Heatran
|-damage|p2a: Heatran|68\/384
|move|p2a: Heatran|Lava Plume|p1a: Mandibuzz
|-crit|p1a: Mandibuzz
|-damage|p1a: Mandibuzz|0 fnt
|faint|p1a: Mandibuzz
|
|-heal|p2a: Heatran|92\/384|[from] item: Leftovers
|
|switch|p1a: Landorus-Therian|Landorus-Therian, M|149\/319
|-damage|p1a: Landorus-Therian|110\/319|[from] Stealth Rock
|-ability|p1a: Landorus-Therian|Intimidate|[of] p2a: Heatran
|-unboost|p2a: Heatran|atk|1
|turn|38
|
|switch|p2a: Clefable|Clefable, F|260\/394
|-damage|p2a: Clefable|211\/394|[from] Stealth Rock
|move|p1a: Landorus-Therian|Knock Off|p2a: Clefable
|-resisted|p2a: Clefable
|-damage|p2a: Clefable|160\/394
|-enditem|p2a: Clefable|Leftovers|[from] move: Knock Off|[of] p1a: Landorus-Therian
|
|turn|39
|
|switch|p1a: Entei|Entei, shiny|279\/371
|-damage|p1a: Entei|187\/371|[from] Stealth Rock
|-ability|p1a: Entei|Pressure
|move|p2a: Clefable|Wish|p2a: Clefable
|
|turn|40
|
|switch|p2a: Slowbro|Slowbro-Mega, M|198\/393
|-damage|p2a: Slowbro|149\/393|[from] Stealth Rock
|move|p1a: Entei|Stone Edge|p2a: Slowbro
|-damage|p2a: Slowbro|55\/393
|
|-heal|p2a: Slowbro|252\/393|[from] move: Wish|[wisher] Clefable
|turn|41
|c|âburgerfresser|prob gg :s
|
|switch|p1a: Celebi|Celebi|295\/404
|-damage|p1a: Celebi|245\/404|[from] Stealth Rock
|move|p2a: Slowbro|Calm Mind|p2a: Slowbro
|-boost|p2a: Slowbro|spa|1
|-boost|p2a: Slowbro|spd|1
|
|-heal|p1a: Celebi|270\/404|[from] item: Leftovers
|turn|42
|c|âburgerfresser|crit Â°^Â°
|c|âoml it's too ez|crit me
|
|move|p1a: Celebi|Giga Drain|p2a: Slowbro
|-supereffective|p2a: Slowbro
|-damage|p2a: Slowbro|150\/393
|-heal|p1a: Celebi|321\/404|[from] drain|[of] p2a: Slowbro
|move|p2a: Slowbro|Slack Off|p2a: Slowbro
|-heal|p2a: Slowbro|347\/393
|
|-heal|p1a: Celebi|346\/404|[from] item: Leftovers
|turn|43
|c|âoml it's too ez|oh wait u cant
|c|âoml it's too ez|ha
|-message|burgerfresser forfeited.
|
|win|oml it's too ez
|raw|Ladder updating...
|raw|burgerfresser's rating: 1742 &rarr; <strong>1713<\/strong><br \/>(-29 for losing)
|raw|oml it&apos;s too ez's rating: 1577 &rarr; <strong>1605<\/strong><br \/>(+28 for winning)
|c|âoml it's too ez|sry
|c|âoml it's too ez|im a bully