|join|slipster
|join|oml it's too ez
|player|p1|slipster|1
|player|p2|oml it's too ez|9
|gametype|singles
|gen|6
|tier|OU
|clearpoke
|poke|p1|Landorus-Therian, M, shiny
|poke|p1|Jellicent, F
|poke|p1|Talonflame, M, shiny
|poke|p1|Kyurem-Black
|poke|p1|Aggron, F
|poke|p1|Florges, F, shiny
|poke|p2|Garchomp, F
|poke|p2|Slowbro, M
|poke|p2|Clefable, M
|poke|p2|Heatran, F
|poke|p2|Tornadus-Therian, M
|poke|p2|Amoonguss, F
|rule|Swagger Clause: Swagger is banned
|rule|Baton Pass Clause: Limit one PokÃ©mon knowing Baton Pass
|rule|Sleep Clause Mod: Limit one foe put to sleep
|rule|Species Clause: Limit one of each PokÃ©mon
|rule|OHKO Clause: OHKO moves are banned
|rule|Moody Clause: Moody is banned
|rule|Evasion Moves Clause: Evasion moves are banned
|rule|Endless Battle Clause: Forcing endless battles is banned
|rule|HP Percentage Mod: HP is shown in percentages
|teampreview
|
|start
|switch|p1a: Jellicent|Jellicent, F|403\/403
|switch|p2a: Garchomp|Garchomp, F|420\/420
|turn|1
|c|âslipster|gl hf
|c|âoml it's too ez|same besides the gl part
|
|move|p2a: Garchomp|Stealth Rock|p1a: Jellicent
|-sidestart|p1: slipster|move: Stealth Rock
|move|p1a: Jellicent|Will-O-Wisp|p2a: Garchomp|[miss]
|-miss|p1a: Jellicent|p2a: Garchomp
|
|turn|2
|c|âslipster|thanks :l
|
|move|p2a: Garchomp|Toxic|p1a: Jellicent
|-status|p1a: Jellicent|tox
|move|p1a: Jellicent|Confuse Ray|p2a: Garchomp
|-start|p2a: Garchomp|confusion
|
|-damage|p1a: Jellicent|378\/403 tox|[from] psn
|turn|3
|
|switch|p2a: Amoonguss|Amoonguss, F|431\/431
|move|p1a: Jellicent|Will-O-Wisp|p2a: Amoonguss
|-status|p2a: Amoonguss|brn
|
|-damage|p1a: Jellicent|328\/403 tox|[from] psn
|-damage|p2a: Amoonguss|378\/431 brn|[from] brn
|turn|4
|
|move|p1a: Jellicent|Protect|p1a: Jellicent
|-singleturn|p1a: Jellicent|Protect
|move|p2a: Amoonguss|Giga Drain|p1a: Jellicent
|-activate|p1a: Jellicent|Protect
|
|-heal|p2a: Amoonguss|404\/431 brn|[from] item: Black Sludge
|-damage|p1a: Jellicent|253\/403 tox|[from] psn
|-damage|p2a: Amoonguss|351\/431 brn|[from] brn
|turn|5
|
|switch|p1a: Talonflame|Talonflame, M, shiny|298\/298
|-damage|p1a: Talonflame|149\/298|[from] Stealth Rock
|move|p2a: Amoonguss|Spore|p1a: Talonflame
|-status|p1a: Talonflame|slp
|
|-heal|p2a: Amoonguss|377\/431 brn|[from] item: Black Sludge
|-damage|p2a: Amoonguss|324\/431 brn|[from] brn
|turn|6
|
|switch|p1a: Aggron|Aggron, F|343\/343
|-damage|p1a: Aggron|322\/343|[from] Stealth Rock
|switch|p2a: Garchomp|Garchomp, F|420\/420
|
|turn|7
|c|âoml it's too ez|lando
|
|detailschange|p1a: Aggron|Aggron-Mega, F
|-mega|p1a: Aggron|Aggron|Aggronite
|move|p2a: Garchomp|Earthquake|p1a: Aggron
|-supereffective|p1a: Aggron
|-damage|p1a: Aggron|208\/343
|move|p1a: Aggron|Stealth Rock|p2a: Garchomp
|-sidestart|p2: oml it's too ez|move: Stealth Rock
|
|turn|8
|
|move|p2a: Garchomp|Earthquake|p1a: Aggron
|-supereffective|p1a: Aggron
|-damage|p1a: Aggron|87\/343
|move|p1a: Aggron|Earthquake|p2a: Garchomp
|-damage|p2a: Garchomp|337\/420
|
|turn|9
|
|switch|p1a: Landorus-Therian|Landorus-Therian, M, shiny|319\/319
|-damage|p1a: Landorus-Therian|280\/319|[from] Stealth Rock
|-ability|p1a: Landorus-Therian|Intimidate|[of] p2a: Garchomp
|-unboost|p2a: Garchomp|atk|1
|move|p2a: Garchomp|Earthquake|p1a: Landorus-Therian
|-immune|p1a: Landorus-Therian|[msg]
|
|turn|10
|
|switch|p2a: Slowbro|Slowbro, M|393\/393
|-damage|p2a: Slowbro|344\/393|[from] Stealth Rock
|move|p1a: Landorus-Therian|Knock Off|p2a: Slowbro
|-supereffective|p2a: Slowbro
|-damage|p2a: Slowbro|146\/393
|
|turn|11
|
|switch|p2a: Amoonguss|Amoonguss, F|431\/431 brn
|-damage|p2a: Amoonguss|378\/431 brn|[from] Stealth Rock
|move|p1a: Landorus-Therian|Knock Off|p2a: Amoonguss
|-crit|p2a: Amoonguss
|-damage|p2a: Amoonguss|81\/431 brn
|-enditem|p2a: Amoonguss|Black Sludge|[from] move: Knock Off|[of] p1a: Landorus-Therian
|
|-damage|p2a: Amoonguss|28\/431 brn|[from] brn
|turn|12
|
|move|p1a: Landorus-Therian|Knock Off|p2a: Amoonguss
|-damage|p2a: Amoonguss|0 fnt
|faint|p2a: Amoonguss
|
|
|switch|p2a: Slowbro|Slowbro, M|277\/393
|-damage|p2a: Slowbro|228\/393|[from] Stealth Rock
|turn|13
|
|detailschange|p2a: Slowbro|Slowbro-Mega, M
|-mega|p2a: Slowbro|Slowbro|Slowbronite
|move|p1a: Landorus-Therian|Knock Off|p2a: Slowbro
|-supereffective|p2a: Slowbro
|-damage|p2a: Slowbro|92\/393
|move|p2a: Slowbro|Slack Off|p2a: Slowbro
|-heal|p2a: Slowbro|289\/393
|
|turn|14
|
|move|p1a: Landorus-Therian|Knock Off|p2a: Slowbro
|-supereffective|p2a: Slowbro
|-damage|p2a: Slowbro|161\/393
|move|p2a: Slowbro|Calm Mind|p2a: Slowbro
|-boost|p2a: Slowbro|spa|1
|-boost|p2a: Slowbro|spd|1
|
|turn|15
|c|âoml it's too ez|dont crit plz
|c|âslipster|crit plz
|
|move|p1a: Landorus-Therian|Knock Off|p2a: Slowbro
|-supereffective|p2a: Slowbro
|-damage|p2a: Slowbro|25\/393
|move|p2a: Slowbro|Slack Off|p2a: Slowbro
|-heal|p2a: Slowbro|222\/393
|
|turn|16
|
|move|p1a: Landorus-Therian|Knock Off|p2a: Slowbro
|-supereffective|p2a: Slowbro
|-damage|p2a: Slowbro|100\/393
|move|p2a: Slowbro|Slack Off|p2a: Slowbro
|-heal|p2a: Slowbro|297\/393
|
|turn|17
|
|move|p1a: Landorus-Therian|Knock Off|p2a: Slowbro
|-supereffective|p2a: Slowbro
|-damage|p2a: Slowbro|177\/393
|move|p2a: Slowbro|Slack Off|p2a: Slowbro
|-heal|p2a: Slowbro|374\/393
|
|turn|18
|
|move|p1a: Landorus-Therian|Knock Off|p2a: Slowbro
|-supereffective|p2a: Slowbro
|-damage|p2a: Slowbro|240\/393
|move|p2a: Slowbro|Calm Mind|p2a: Slowbro
|-boost|p2a: Slowbro|spa|1
|-boost|p2a: Slowbro|spd|1
|
|turn|19
|
|switch|p1a: Jellicent|Jellicent, F|253\/403 tox
|-damage|p1a: Jellicent|203\/403 tox|[from] Stealth Rock
|move|p2a: Slowbro|Slack Off|p2a: Slowbro
|-heal|p2a: Slowbro|393\/393
|
|-damage|p1a: Jellicent|178\/403 tox|[from] psn
|-enditem|p1a: Jellicent|Sitrus Berry|[eat]
|-heal|p1a: Jellicent|278\/403 tox|[from] item: Sitrus Berry
|turn|20
|
|move|p1a: Jellicent|Confuse Ray|p2a: Slowbro
|-start|p2a: Slowbro|confusion
|-activate|p2a: Slowbro|confusion
|move|p2a: Slowbro|Calm Mind|p2a: Slowbro
|-boost|p2a: Slowbro|spa|1
|-boost|p2a: Slowbro|spd|1
|
|-damage|p1a: Jellicent|228\/403 tox|[from] psn
|turn|21
|
|switch|p1a: Florges|Florges, F, shiny|359\/359
|-damage|p1a: Florges|315\/359|[from] Stealth Rock
|-end|p2a: Slowbro|confusion
|move|p2a: Slowbro|Calm Mind|p2a: Slowbro
|-boost|p2a: Slowbro|spa|1
|-boost|p2a: Slowbro|spd|1
|
|-heal|p1a: Florges|337\/359|[from] item: Leftovers
|turn|22
|
|move|p1a: Florges|Toxic|p2a: Slowbro
|-status|p2a: Slowbro|tox
|move|p2a: Slowbro|Psyshock|p1a: Florges
|-damage|p1a: Florges|0 fnt
|faint|p1a: Florges
|
|-damage|p2a: Slowbro|369\/393 tox|[from] psn
|
|switch|p1a: Aggron|Aggron-Mega, F|87\/343
|-damage|p1a: Aggron|66\/343|[from] Stealth Rock
|turn|23
|
|move|p1a: Aggron|Heavy Slam|p2a: Slowbro
|-resisted|p2a: Slowbro
|-damage|p2a: Slowbro|338\/393 tox
|move|p2a: Slowbro|Scald|p1a: Aggron
|-damage|p1a: Aggron|0 fnt
|faint|p1a: Aggron
|
|-damage|p2a: Slowbro|290\/393 tox|[from] psn
|
|switch|p1a: Kyurem-Black|Kyurem-Black|391\/391
|-damage|p1a: Kyurem-Black|294\/391|[from] Stealth Rock
|-ability|p1a: Kyurem-Black|Teravolt
|turn|24
|
|move|p1a: Kyurem-Black|Fusion Bolt|p2a: Slowbro
|-supereffective|p2a: Slowbro
|-damage|p2a: Slowbro|154\/393 tox
|move|p2a: Slowbro|Psyshock|p1a: Kyurem-Black
|-damage|p1a: Kyurem-Black|0 fnt
|faint|p1a: Kyurem-Black
|
|-damage|p2a: Slowbro|82\/393 tox|[from] psn
|
|switch|p1a: Landorus-Therian|Landorus-Therian, M, shiny|280\/319
|-damage|p1a: Landorus-Therian|241\/319|[from] Stealth Rock
|-ability|p1a: Landorus-Therian|Intimidate|[of] p2a: Slowbro
|-unboost|p2a: Slowbro|atk|1
|turn|25
|
|move|p1a: Landorus-Therian|Knock Off|p2a: Slowbro
|-supereffective|p2a: Slowbro
|-damage|p2a: Slowbro|0 fnt
|faint|p2a: Slowbro
|
|
|switch|p2a: Clefable|Clefable, M|394\/394
|-damage|p2a: Clefable|345\/394|[from] Stealth Rock
|turn|26
|
|move|p2a: Clefable|Protect|p2a: Clefable
|-singleturn|p2a: Clefable|Protect
|move|p1a: Landorus-Therian|Knock Off|p2a: Clefable
|-activate|p2a: Clefable|Protect
|
|-heal|p2a: Clefable|369\/394|[from] item: Leftovers
|turn|27
|
|move|p1a: Landorus-Therian|Knock Off|p2a: Clefable
|-resisted|p2a: Clefable
|-damage|p2a: Clefable|285\/394
|-enditem|p2a: Clefable|Leftovers|[from] move: Knock Off|[of] p1a: Landorus-Therian
|move|p2a: Clefable|Wish|p2a: Clefable
|
|turn|28
|
|switch|p1a: Jellicent|Jellicent, F|228\/403 tox
|-damage|p1a: Jellicent|178\/403 tox|[from] Stealth Rock
|move|p2a: Clefable|Moonblast|p1a: Jellicent
|-damage|p1a: Jellicent|102\/403 tox
|-unboost|p1a: Jellicent|spa|1
|
|-heal|p2a: Clefable|394\/394|[from] move: Wish|[wisher] Clefable
|-damage|p1a: Jellicent|77\/403 tox|[from] psn
|turn|29
|
|move|p2a: Clefable|Moonblast|p1a: Jellicent
|-damage|p1a: Jellicent|0 fnt
|faint|p1a: Jellicent
|
|
|switch|p1a: Landorus-Therian|Landorus-Therian, M, shiny|241\/319
|-damage|p1a: Landorus-Therian|202\/319|[from] Stealth Rock
|-ability|p1a: Landorus-Therian|Intimidate|[of] p2a: Clefable
|-unboost|p2a: Clefable|atk|1
|turn|30
|
|move|p2a: Clefable|Protect|p2a: Clefable
|-singleturn|p2a: Clefable|Protect
|move|p1a: Landorus-Therian|Earthquake|p2a: Clefable
|-activate|p2a: Clefable|Protect
|
|turn|31
|
|switch|p2a: Tornadus-Therian|Tornadus-Therian, M|299\/299
|-damage|p2a: Tornadus-Therian|225\/299|[from] Stealth Rock
|move|p1a: Landorus-Therian|Earthquake|p2a: Tornadus-Therian
|-immune|p2a: Tornadus-Therian|[msg]
|
|turn|32
|
|switch|p1a: Talonflame|Talonflame, M, shiny|149\/298 slp
|-damage|p1a: Talonflame|0 fnt|[from] Stealth Rock
|faint|p1a: Talonflame
|move|p2a: Tornadus-Therian|Hurricane|p1: Talonflame|[notarget]
|-notarget
|
|
|switch|p1a: Landorus-Therian|Landorus-Therian, M, shiny|202\/319
|-damage|p1a: Landorus-Therian|163\/319|[from] Stealth Rock
|-ability|p1a: Landorus-Therian|Intimidate|[of] p2a: Tornadus-Therian
|-unboost|p2a: Tornadus-Therian|atk|1
|turn|33
|
|move|p2a: Tornadus-Therian|Knock Off|p1a: Landorus-Therian
|-damage|p1a: Landorus-Therian|89\/319
|-enditem|p1a: Landorus-Therian|Choice Band|[from] move: Knock Off|[of] p2a: Tornadus-Therian
|-damage|p2a: Tornadus-Therian|196\/299|[from] item: Life Orb
|move|p1a: Landorus-Therian|Stone Edge|p2a: Tornadus-Therian
|-supereffective|p2a: Tornadus-Therian
|-damage|p2a: Tornadus-Therian|0 fnt
|faint|p2a: Tornadus-Therian
|
|
|switch|p2a: Clefable|Clefable, M|394\/394
|-damage|p2a: Clefable|345\/394|[from] Stealth Rock
|turn|34
|
|move|p2a: Clefable|Protect|p2a: Clefable
|-singleturn|p2a: Clefable|Protect
|move|p1a: Landorus-Therian|Stone Edge|p2a: Clefable
|-activate|p2a: Clefable|Protect
|
|turn|35
|
|move|p1a: Landorus-Therian|Earthquake|p2a: Clefable
|-damage|p2a: Clefable|165\/394
|move|p2a: Clefable|Wish|p2a: Clefable
|
|turn|36
|
|move|p2a: Clefable|Protect|p2a: Clefable
|-singleturn|p2a: Clefable|Protect
|move|p1a: Landorus-Therian|Earthquake|p2a: Clefable
|-activate|p2a: Clefable|Protect
|
|-heal|p2a: Clefable|362\/394|[from] move: Wish|[wisher] Clefable
|turn|37
|
|move|p1a: Landorus-Therian|Stone Edge|p2a: Clefable
|-crit|p2a: Clefable
|-damage|p2a: Clefable|175\/394
|move|p2a: Clefable|Moonblast|p1a: Landorus-Therian
|-damage|p1a: Landorus-Therian|0 fnt
|faint|p1a: Landorus-Therian
|
|win|oml it's too ez