|join|BlogBoy
|join|oml it's too ez
|player|p1|BlogBoy|32
|player|p2|oml it's too ez|9
|gametype|singles
|gen|6
|tier|OU
|clearpoke
|poke|p1|Mew
|poke|p1|Garchomp, F
|poke|p1|Scizor, M
|poke|p1|Rotom-Wash
|poke|p1|Sylveon, F
|poke|p1|Talonflame, F
|poke|p2|Garchomp, F
|poke|p2|Slowbro, F
|poke|p2|Clefable, F
|poke|p2|Heatran, F
|poke|p2|Tornadus-Therian, M
|poke|p2|Amoonguss, M
|rule|Swagger Clause: Swagger is banned
|rule|Baton Pass Clause: Limit one PokÃ©mon knowing Baton Pass
|rule|Sleep Clause Mod: Limit one foe put to sleep
|rule|Species Clause: Limit one of each PokÃ©mon
|rule|OHKO Clause: OHKO moves are banned
|rule|Moody Clause: Moody is banned
|rule|Evasion Moves Clause: Evasion moves are banned
|rule|Endless Battle Clause: Forcing endless battles is banned
|rule|HP Percentage Mod: HP is shown in percentages
|teampreview
|join|reqs boii
|c| reqs boii|joseph
|join|Hallucination
|c| reqs boii|should i do it?
|
|start
|switch|p1a: Mew|Mew|404\/404
|switch|p2a: Garchomp|Garchomp, F|420\/420
|turn|1
|join|stilltheking
|
|move|p1a: Mew|Knock Off|p2a: Garchomp
|-damage|p2a: Garchomp|360\/420
|-damage|p1a: Mew|354\/404|[from] ability: Rough Skin|[of] p2a: Garchomp
|-damage|p1a: Mew|287\/404|[from] item: Rocky Helmet|[of] p2a: Garchomp
|-enditem|p2a: Garchomp|Rocky Helmet|[from] move: Knock Off|[of] p1a: Mew
|move|p2a: Garchomp|Stealth Rock|p1a: Mew
|-sidestart|p1: BlogBoy|move: Stealth Rock
|
|-heal|p1a: Mew|312\/404|[from] item: Leftovers
|turn|2
|c| stilltheking|go get him
|c| Hallucination|blog im making a team with that core m8
|
|switch|p2a: Heatran|Heatran, F|384\/384
|move|p1a: Mew|Soft-Boiled|p1a: Mew
|-heal|p1a: Mew|404\/404
|
|turn|3
|c| Hallucination|Scizorflame
|c|âBlogBoy|hmmmmmmmmmmmmmmmm
|
|move|p1a: Mew|Taunt|p2a: Heatran
|-start|p2a: Heatran|move: Taunt
|move|p2a: Heatran|Lava Plume|p1a: Mew
|-damage|p1a: Mew|290\/404
|
|-heal|p1a: Mew|315\/404|[from] item: Leftovers
|turn|4
|c|âBlogBoy|it works as an offensive core
|
|move|p1a: Mew|Knock Off|p2a: Heatran
|-damage|p2a: Heatran|310\/384
|-enditem|p2a: Heatran|Leftovers|[from] move: Knock Off|[of] p1a: Mew
|move|p2a: Heatran|Lava Plume|p1a: Mew
|-damage|p1a: Mew|195\/404
|
|-heal|p1a: Mew|220\/404|[from] item: Leftovers
|turn|5
|
|move|p1a: Mew|Soft-Boiled|p1a: Mew
|-heal|p1a: Mew|404\/404
|move|p2a: Heatran|Lava Plume|p1a: Mew
|-damage|p1a: Mew|280\/404
|
|-heal|p1a: Mew|305\/404|[from] item: Leftovers
|-end|p2a: Heatran|move: Taunt
|turn|6
|
|switch|p1a: Garchomp|Garchomp, F|357\/357
|-damage|p1a: Garchomp|335\/357|[from] Stealth Rock
|move|p2a: Heatran|Lava Plume|p1a: Garchomp
|-resisted|p1a: Garchomp
|-damage|p1a: Garchomp|270\/357
|
|turn|7
|
|switch|p2a: Amoonguss|Amoonguss, M|431\/431
|move|p1a: Garchomp|Stealth Rock|p2a: Amoonguss
|-sidestart|p2: oml it's too ez|move: Stealth Rock
|
|turn|8
|
|move|p1a: Garchomp|Fire Blast|p2a: Amoonguss
|-supereffective|p2a: Amoonguss
|-damage|p2a: Amoonguss|283\/431
|move|p2a: Amoonguss|Spore|p1a: Garchomp
|-status|p1a: Garchomp|slp
|
|-heal|p2a: Amoonguss|309\/431|[from] item: Black Sludge
|turn|9
|
|switch|p1a: Mew|Mew|305\/404
|-damage|p1a: Mew|255\/404|[from] Stealth Rock
|switch|p2a: Slowbro|Slowbro, F|393\/393
|-damage|p2a: Slowbro|344\/393|[from] Stealth Rock
|
|-heal|p1a: Mew|280\/404|[from] item: Leftovers
|turn|10
|c| reqs boii|joseph = gay
|c| reqs boii|jk
|
|move|p1a: Mew|Taunt|p2a: Slowbro
|-start|p2a: Slowbro|move: Taunt
|move|p2a: Slowbro|Scald|p1a: Mew
|-damage|p1a: Mew|180\/404
|
|-heal|p1a: Mew|205\/404|[from] item: Leftovers
|turn|11
|
|switch|p2a: Tornadus-Therian|Tornadus-Therian, M|299\/299
|-damage|p2a: Tornadus-Therian|225\/299|[from] Stealth Rock
|move|p1a: Mew|Will-O-Wisp|p2a: Tornadus-Therian
|-status|p2a: Tornadus-Therian|brn
|
|-heal|p1a: Mew|230\/404|[from] item: Leftovers
|-damage|p2a: Tornadus-Therian|188\/299 brn|[from] brn
|turn|12
|c| Hallucination|PREDICTED
|
|switch|p1a: Rotom-Wash|Rotom-Wash|303\/303
|-damage|p1a: Rotom-Wash|266\/303|[from] Stealth Rock
|move|p2a: Tornadus-Therian|Taunt|p1a: Rotom-Wash
|-start|p1a: Rotom-Wash|move: Taunt
|
|-damage|p2a: Tornadus-Therian|151\/299 brn|[from] brn
|turn|13
|
|switch|p2a: Garchomp|Garchomp, F|360\/420
|-damage|p2a: Garchomp|334\/420|[from] Stealth Rock
|move|p1a: Rotom-Wash|Volt Switch|p2a: Garchomp
|-immune|p2a: Garchomp|[msg]
|
|turn|14
|c| Hallucination|blog im teaching you how to predict after this
|
|switch|p1a: Scizor|Scizor, M|344\/344
|-damage|p1a: Scizor|301\/344|[from] Stealth Rock
|move|p2a: Garchomp|Toxic|p1a: Scizor
|-fail|p1a: Scizor
|
|turn|15
|
|detailschange|p1a: Scizor|Scizor-Mega, M
|-mega|p1a: Scizor|Scizor|Scizorite
|move|p2a: Garchomp|Earthquake|p1a: Scizor
|-damage|p1a: Scizor|217\/344
|move|p1a: Scizor|Defog|p2a: Garchomp
|-unboost|p2a: Garchomp|evasion|1
|-sideend|p2: oml it's too ez|Stealth Rock|[from] move: Defog|[of] p2a: Garchomp
|-sideend|p1: BlogBoy|Stealth Rock|[from] move: Defog|[of] p1a: Scizor
|
|turn|16
|
|switch|p2a: Heatran|Heatran, F|310\/384
|move|p1a: Scizor|Roost|p1a: Scizor
|-heal|p1a: Scizor|344\/344
|
|turn|17
|c|âBlogBoy|hmmmm
|
|switch|p1a: Rotom-Wash|Rotom-Wash|266\/303
|move|p2a: Heatran|Taunt|p1a: Rotom-Wash
|-start|p1a: Rotom-Wash|move: Taunt
|
|turn|18
|
|switch|p2a: Clefable|Clefable, F|394\/394
|move|p1a: Rotom-Wash|Hydro Pump|p2a: Clefable
|-damage|p2a: Clefable|76\/394
|
|-heal|p2a: Clefable|100\/394|[from] item: Leftovers
|turn|19
|c| Hallucination|LOL
|join|AuroCords
|
|switch|p1a: Scizor|Scizor-Mega, M|344\/344
|switch|p2a: Slowbro|Slowbro, F|393\/393
|
|turn|20
|c| AuroCords|hi brew
AuroCords was promoted to Room Voice by oml it's too ez.
|c| stilltheking|lul
|c|âBlogBoy|poop
|
|switch|p2a: Heatran|Heatran, F|310\/384
|move|p1a: Scizor|U-turn|p2a: Heatran
|-resisted|p2a: Heatran
|-damage|p2a: Heatran|283\/384
|c| stilltheking|go blog
|c| stilltheking|i believe in you
|c| stilltheking|#teamblog
|
|switch|p1a: Rotom-Wash|Rotom-Wash|266\/303
|
|turn|21
|c| Hallucination|#teamblog
|
|move|p2a: Heatran|Protect|p2a: Heatran
|-singleturn|p2a: Heatran|Protect
|move|p1a: Rotom-Wash|Hydro Pump|p2a: Heatran
|-activate|p2a: Heatran|Protect
|
|turn|22
|
|switch|p1a: Mew|Mew|230\/404
|switch|p2a: Slowbro|Slowbro, F|393\/393
|
|-heal|p1a: Mew|255\/404|[from] item: Leftovers
|turn|23
|
|switch|p2a: Tornadus-Therian|Tornadus-Therian, M|250\/299 brn
|move|p1a: Mew|Taunt|p2a: Tornadus-Therian
|-start|p2a: Tornadus-Therian|move: Taunt
|
|-heal|p1a: Mew|280\/404|[from] item: Leftovers
|-damage|p2a: Tornadus-Therian|213\/299 brn|[from] brn
|turn|24
|
|switch|p1a: Sylveon|Sylveon, F|390\/390
|move|p2a: Tornadus-Therian|Hurricane|p1a: Sylveon
|-damage|p1a: Sylveon|244\/390
|-start|p1a: Sylveon|confusion
|-damage|p2a: Tornadus-Therian|184\/299 brn|[from] item: Life Orb
|
|-heal|p1a: Sylveon|268\/390|[from] item: Leftovers
|-damage|p2a: Tornadus-Therian|147\/299 brn|[from] brn
|turn|25
|
|switch|p2a: Amoonguss|Amoonguss, M|431\/431
|switch|p1a: Scizor|Scizor-Mega, M|344\/344
|
|turn|26
|
|move|p1a: Scizor|U-turn|p2a: Amoonguss
|-damage|p2a: Amoonguss|320\/431
|
|switch|p1a: Talonflame|Talonflame, F|327\/327
|move|p2a: Amoonguss|Sludge Bomb|p1a: Talonflame
|-damage|p1a: Talonflame|207\/327
|
|-heal|p2a: Amoonguss|346\/431|[from] item: Black Sludge
|turn|27
|
|switch|p2a: Heatran|Heatran, F|283\/384
|move|p1a: Talonflame|Swords Dance|p1a: Talonflame
|-boost|p1a: Talonflame|atk|2
|
|turn|28
|
|move|p1a: Talonflame|Brave Bird|p2a: Heatran
|-resisted|p2a: Heatran
|-damage|p2a: Heatran|100\/384
|-damage|p1a: Talonflame|147\/327|[from] recoil|[of] p2a: Heatran
|move|p2a: Heatran|Taunt|p1a: Talonflame
|-start|p1a: Talonflame|move: Taunt
|
|turn|29
|
|switch|p2a: Garchomp|Garchomp, F|334\/420
|move|p1a: Talonflame|Brave Bird|p2a: Garchomp
|-damage|p2a: Garchomp|9\/420
|-damage|p1a: Talonflame|107\/327|[from] ability: Rough Skin|[of] p2a: Garchomp
|-damage|p1a: Talonflame|0 fnt|[from] recoil|[of] p2a: Garchomp
|faint|p1a: Talonflame
|
|c|+AuroCords|gone
|c| reqs boii|gaw
|c| reqs boii|gawn
|
|switch|p1a: Scizor|Scizor-Mega, M|344\/344
|turn|30
|c| stilltheking|go blog boy
|c| stilltheking|beat this fool
|
|move|p2a: Garchomp|Stealth Rock|p1a: Scizor
|-sidestart|p1: BlogBoy|move: Stealth Rock
|move|p1a: Scizor|U-turn|p2a: Garchomp
|-damage|p2a: Garchomp|0 fnt
|-damage|p1a: Scizor|301\/344|[from] ability: Rough Skin|[of] p2a: Garchomp
|faint|p2a: Garchomp
|c| stilltheking|oooo
|c| stilltheking|plays 2 real
|c| reqs boii|THE PLAYS
|c| reqs boii|it's 2ez
|
|switch|p1a: Rotom-Wash|Rotom-Wash|266\/303
|-damage|p1a: Rotom-Wash|229\/303|[from] Stealth Rock
|
|c| reqs boii|what does blogboy have for amoon?
|c| reqs boii|nothin
|
|switch|p2a: Heatran|Heatran, F|100\/384
|turn|31
|
|move|p2a: Heatran|Protect|p2a: Heatran
|-singleturn|p2a: Heatran|Protect
|move|p1a: Rotom-Wash|Volt Switch|p2a: Heatran
|-activate|p2a: Heatran|Protect
|
|turn|32
|
|move|p1a: Rotom-Wash|Volt Switch|p2a: Heatran
|-damage|p2a: Heatran|0 fnt
|faint|p2a: Heatran
|
|switch|p1a: Mew|Mew|280\/404
|-damage|p1a: Mew|230\/404|[from] Stealth Rock
|
|-heal|p1a: Mew|255\/404|[from] item: Leftovers
|
|switch|p2a: Tornadus-Therian|Tornadus-Therian, M|246\/299 brn
|turn|33
|
|move|p2a: Tornadus-Therian|Knock Off|p1a: Mew
|-supereffective|p1a: Mew
|-damage|p1a: Mew|167\/404
|-enditem|p1a: Mew|Leftovers|[from] move: Knock Off|[of] p2a: Tornadus-Therian
|-damage|p2a: Tornadus-Therian|217\/299 brn|[from] item: Life Orb
|move|p1a: Mew|Knock Off|p2a: Tornadus-Therian
|-damage|p2a: Tornadus-Therian|117\/299 brn
|-enditem|p2a: Tornadus-Therian|Life Orb|[from] move: Knock Off|[of] p1a: Mew
|
|-damage|p2a: Tornadus-Therian|80\/299 brn|[from] brn
|turn|34
|c| reqs boii|auracords
|c| reqs boii|are u still here?
|
|switch|p1a: Scizor|Scizor-Mega, M|301\/344
|-damage|p1a: Scizor|258\/344|[from] Stealth Rock
|move|p2a: Tornadus-Therian|Taunt|p1a: Scizor
|-start|p1a: Scizor|move: Taunt
|
|-damage|p2a: Tornadus-Therian|43\/299 brn|[from] brn
|turn|35
|
|switch|p2a: Amoonguss|Amoonguss, M|431\/431
|move|p1a: Scizor|Bullet Punch|p2a: Amoonguss
|-damage|p2a: Amoonguss|341\/431
|
|-heal|p2a: Amoonguss|367\/431|[from] item: Black Sludge
|turn|36
|c|+AuroCords|im here :]
|c| reqs boii|could u unmute my boii  oml it's too ez?
|c| reqs boii|apperently he was muted for no reason
|c| reqs boii|:[
|c|âBlogBoy|hmmmmmmmmmmmm
|c|+AuroCords|i'd love to but i don't know how hah
|c| reqs boii|for real?
|c| reqs boii|lmao
|
|move|p1a: Scizor|U-turn|p2a: Amoonguss
|-damage|p2a: Amoonguss|256\/431
|c|+AuroCords|do you?
|
|switch|p1a: Mew|Mew|167\/404
|-damage|p1a: Mew|117\/404|[from] Stealth Rock
|move|p2a: Amoonguss|Hidden Power|p1a: Mew
|-damage|p1a: Mew|78\/404
|
|-heal|p2a: Amoonguss|282\/431|[from] item: Black Sludge
|turn|37
|c| reqs boii|naah
|c| reqs boii|im not a mod
|c|+AuroCords|me neither
|c| stilltheking|hm
|c| stilltheking|this thing is an issue
|c|+AuroCords|i don't know who promoted me to rv
|c|+AuroCords|guess ez
|
|switch|p2a: Tornadus-Therian|Tornadus-Therian, M|142\/299 brn
|move|p1a: Mew|Soft-Boiled|p1a: Mew
|-heal|p1a: Mew|280\/404
|
|-damage|p2a: Tornadus-Therian|105\/299 brn|[from] brn
|turn|38
|
|move|p2a: Tornadus-Therian|Taunt|p1a: Mew
|-start|p1a: Mew|move: Taunt
|move|p1a: Mew|Knock Off|p2a: Tornadus-Therian
|-damage|p2a: Tornadus-Therian|43\/299 brn
|
|-damage|p2a: Tornadus-Therian|6\/299 brn|[from] brn
|turn|39
|
|switch|p1a: Rotom-Wash|Rotom-Wash|229\/303
|-damage|p1a: Rotom-Wash|192\/303|[from] Stealth Rock
|move|p2a: Tornadus-Therian|Hurricane|p1a: Rotom-Wash
|-crit|p1a: Rotom-Wash
|-resisted|p1a: Rotom-Wash
|-damage|p1a: Rotom-Wash|63\/303
|
|-damage|p2a: Tornadus-Therian|0 fnt|[from] brn
|faint|p2a: Tornadus-Therian
|
|switch|p2a: Amoonguss|Amoonguss, M|425\/431
|turn|40
|c| stilltheking|rekt
|
|move|p1a: Rotom-Wash|Trick|p2a: Amoonguss
|-activate|p1a: Rotom-Wash|move: Trick|[of] p2a: Amoonguss
|-item|p2a: Amoonguss|Choice Specs|[from] move: Trick
|-item|p1a: Rotom-Wash|Black Sludge|[from] move: Trick
|move|p2a: Amoonguss|Hidden Power|p1a: Rotom-Wash
|-crit|p1a: Rotom-Wash
|-resisted|p1a: Rotom-Wash
|-damage|p1a: Rotom-Wash|16\/303
|
|-damage|p1a: Rotom-Wash|0 fnt|[from] item: Black Sludge
|faint|p1a: Rotom-Wash
|c| reqs boii|bad'
|c| reqs boii|gottem
|c| stilltheking|LOL
|c| stilltheking|BOP
|c| reqs boii|PREDICTED IMO
|c| reqs boii|TBH
|c| stilltheking|why would you stay in when you know he's specs haha
|
|switch|p1a: Sylveon|Sylveon, F|268\/390
|-damage|p1a: Sylveon|220\/390|[from] Stealth Rock
|turn|41
|
|switch|p2a: Clefable|Clefable, F|100\/394
|move|p1a: Sylveon|Heal Bell|p1a: Sylveon
|-cureteam|p1a: Sylveon|[from] move: HealBell
|
|-heal|p1a: Sylveon|244\/390|[from] item: Leftovers
|-heal|p2a: Clefable|124\/394|[from] item: Leftovers
|turn|42
|c| Hallucination|LOL
|c| stilltheking|blog is blatently running the  1337 sylveon set
|c| stilltheking|that beats mega bro
|c| reqs boii|AYEEEEEEEEEEEEEEEEEEEE
|c| Hallucination|SPEED TIE?
|c| reqs boii|JOSEPH BOUTTA GET SMASHED
|c| reqs boii|HELLA QUICK
|
|move|p1a: Sylveon|Hyper Voice|p2a: Clefable
|-damage|p2a: Clefable|0 fnt
|faint|p2a: Clefable
|
|-heal|p1a: Sylveon|268\/390|[from] item: Leftovers
|c| reqs boii|YUMMMM
|c| Hallucination|OH SHIT Oooooooooooooo
|c| reqs boii|EQWOJR3OQPJFOIWEJFEIWLFW
|
|switch|p2a: Slowbro|Slowbro, F|393\/393
|turn|43
|c| reqs boii|nah, slowbro just wins
|c| reqs boii|lol
|
|switch|p1a: Mew|Mew|280\/404
|-damage|p1a: Mew|230\/404|[from] Stealth Rock
|detailschange|p2a: Slowbro|Slowbro-Mega, F
|-mega|p2a: Slowbro|Slowbro|Slowbronite
|move|p2a: Slowbro|Calm Mind|p2a: Slowbro
|-boost|p2a: Slowbro|spa|1
|-boost|p2a: Slowbro|spd|1
|
|turn|44
|c| reqs boii|unless he has toxic on sylveon
|c| stilltheking|ebola
|c| reqs boii|it's aids
|c| reqs boii|get it right
|
|move|p1a: Mew|Will-O-Wisp|p2a: Slowbro|[miss]
|-miss|p1a: Mew|p2a: Slowbro
|move|p2a: Slowbro|Scald|p1a: Mew
|-damage|p1a: Mew|46\/404
|
|turn|45
|c| Hallucination|ohmai
|c| reqs boii|so luckE
|
|move|p1a: Mew|Taunt|p2a: Slowbro
|-start|p2a: Slowbro|move: Taunt
|move|p2a: Slowbro|Scald|p1a: Mew
|-damage|p1a: Mew|0 fnt
|faint|p1a: Mew
|
|c| reqs boii|im tired of this luckE ass player
|c| reqs boii|oml
|
|switch|p1a: Garchomp|Garchomp, F|270\/357
|-damage|p1a: Garchomp|248\/357|[from] Stealth Rock
|turn|46
|
|switch|p2a: Amoonguss|Amoonguss, M|431\/431
|move|p1a: Garchomp|Earthquake|p2a: Amoonguss
|-damage|p2a: Amoonguss|274\/431
|
|turn|47
|c| Hallucination|lols
|c|+AuroCords|lol
|c| reqs boii|players*********
|leave|Hallucination
|
|move|p1a: Garchomp|Fire Blast|p2a: Amoonguss
|-supereffective|p2a: Amoonguss
|-damage|p2a: Amoonguss|104\/431
|move|p2a: Amoonguss|Spore|p1a: Garchomp
|-status|p1a: Garchomp|slp
|
|turn|48
|c| reqs boii|blogboy u've been using the same team for the past 3 weeks
|c| reqs boii|:[
|
|switch|p1a: Scizor|Scizor-Mega, M|258\/344
|-damage|p1a: Scizor|215\/344|[from] Stealth Rock
|switch|p2a: Slowbro|Slowbro-Mega, F|393\/393
|
|turn|49
|c| reqs boii|hmmmmmmmmmmmmmmm
|c| reqs boii|poop
|
|move|p1a: Scizor|U-turn|p2a: Slowbro
|-supereffective|p2a: Slowbro
|-damage|p2a: Slowbro|289\/393
|c|âBlogBoy|yeah needed that will o wisp
|
|switch|p1a: Sylveon|Sylveon, F|268\/390
|-damage|p1a: Sylveon|220\/390|[from] Stealth Rock
|move|p2a: Slowbro|Scald|p1a: Sylveon
|-damage|p1a: Sylveon|144\/390
|-status|p1a: Sylveon|brn
|
|-heal|p1a: Sylveon|168\/390 brn|[from] item: Leftovers
|-damage|p1a: Sylveon|120\/390 brn|[from] brn
|turn|50
|c| reqs boii|he has refresh
|c|âBlogBoy|if he does it would be game either way then
|
|move|p1a: Sylveon|Heal Bell|p1a: Sylveon
|-cureteam|p1a: Sylveon|[from] move: HealBell
|move|p2a: Slowbro|Slack Off|p2a: Slowbro
|-heal|p2a: Slowbro|393\/393
|
|-heal|p1a: Sylveon|144\/390|[from] item: Leftovers
|turn|51
|
|move|p1a: Sylveon|Hyper Voice|p2a: Slowbro
|-damage|p2a: Slowbro|195\/393
|move|p2a: Slowbro|Calm Mind|p2a: Slowbro
|-boost|p2a: Slowbro|spa|1
|-boost|p2a: Slowbro|spd|1
|
|-heal|p1a: Sylveon|168\/390|[from] item: Leftovers
|turn|52
|c| stilltheking|man you should have hyper voiced before
|c| reqs boii|god damn
|c| reqs boii|that did a lopt
|
|switch|p1a: Scizor|Scizor-Mega, M|215\/344
|-damage|p1a: Scizor|172\/344|[from] Stealth Rock
|move|p2a: Slowbro|Slack Off|p2a: Slowbro
|-heal|p2a: Slowbro|392\/393
|
|turn|53
|c| reqs boii|lot*
|c| stilltheking|yeah i told you
|c| stilltheking|thats the legit set
|c|+AuroCords|it's over o-o
|c| reqs boii|yep
|
|move|p1a: Scizor|U-turn|p2a: Slowbro
|-supereffective|p2a: Slowbro
|-damage|p2a: Slowbro|284\/393
|c| reqs boii|unless he can crit
|
|switch|p1a: Garchomp|Garchomp, F|248\/357
|-damage|p1a: Garchomp|226\/357|[from] Stealth Rock
|move|p2a: Slowbro|Scald|p1a: Garchomp
|-damage|p1a: Garchomp|9\/357
|
|turn|54
|c| reqs boii|nevermind :]]]
|c| stilltheking|xD
|c|+AuroCords|are crit jokes too old already?
|
|move|p1a: Garchomp|Earthquake|p2a: Slowbro
|-damage|p2a: Slowbro|193\/393
|move|p2a: Slowbro|Slack Off|p2a: Slowbro
|-heal|p2a: Slowbro|390\/393
|
|turn|55
|c| reqs boii|naah
|c| stilltheking|gg both
|c|+AuroCords|"a crit could save him.. o wait"
|
|move|p1a: Garchomp|Earthquake|p2a: Slowbro
|-damage|p2a: Slowbro|311\/393
|move|p2a: Slowbro|Scald|p1a: Garchomp
|-damage|p1a: Garchomp|0 fnt
|faint|p1a: Garchomp
|
|
|switch|p1a: Scizor|Scizor-Mega, M|172\/344
|-damage|p1a: Scizor|129\/344|[from] Stealth Rock
|turn|56
|c|+AuroCords|wp both!
|
|move|p1a: Scizor|U-turn|p2a: Slowbro
|-supereffective|p2a: Slowbro
|-damage|p2a: Slowbro|195\/393
|
|switch|p1a: Sylveon|Sylveon, F|168\/390
|-damage|p1a: Sylveon|120\/390|[from] Stealth Rock
|move|p2a: Slowbro|Scald|p1a: Sylveon
|-damage|p1a: Sylveon|0 fnt
|faint|p1a: Sylveon
|
|
|switch|p1a: Scizor|Scizor-Mega, M|129\/344
|-damage|p1a: Scizor|86\/344|[from] Stealth Rock
|turn|57
|
|move|p1a: Scizor|U-turn|p2a: Slowbro
|-supereffective|p2a: Slowbro
|-damage|p2a: Slowbro|81\/393
|move|p2a: Slowbro|Scald|p1a: Scizor
|-damage|p1a: Scizor|0 fnt
|faint|p1a: Scizor
|
|win|oml it's too ez
|c| reqs boii|yum
|leave|oml it's too ez
|leave|reqs boii
|player|p2
|leave|stilltheking
|leave|AuroCords
|join|AuroCords
|leave|AuroCords
|join|oml it's too ez