|join|oml it's too ez
|join|jtdfhjk
|player|p1|oml it's too ez|2
|player|p2|jtdfhjk|2
|gametype|singles
|gen|6
|tier|OU (suspect test)
|rated
|clearpoke
|poke|p1|Ferrothorn, F
|poke|p1|Slowbro, M
|poke|p1|Heatran, M
|poke|p1|Gyarados, F
|poke|p1|Latios, M
|poke|p1|Clefable, M
|poke|p2|Heracross, M
|poke|p2|Kingdra, M
|poke|p2|Kabutops, M
|poke|p2|Celebi
|poke|p2|Politoed, F
|poke|p2|Thundurus, M
|rule|Swagger Clause: Swagger is banned
|rule|Baton Pass Clause: Limit one PokÃ©mon knowing Baton Pass
|rule|Sleep Clause Mod: Limit one foe put to sleep
|rule|Species Clause: Limit one of each PokÃ©mon
|rule|OHKO Clause: OHKO moves are banned
|rule|Moody Clause: Moody is banned
|rule|Evasion Moves Clause: Evasion moves are banned
|rule|Endless Battle Clause: Forcing endless battles is banned
|rule|HP Percentage Mod: HP is shown in percentages
|teampreview
|
|start
|switch|p1a: Ferrothorn|Ferrothorn, F|351\/351
|switch|p2a: Heracross|Heracross, M|301\/301
|turn|1
|
|switch|p1a: Gyarados|Gyarados, F|343\/343
|-ability|p1a: Gyarados|Intimidate|[of] p2a: Heracross
|-unboost|p2a: Heracross|atk|1
|detailschange|p2a: Heracross|Heracross-Mega, M
|-mega|p2a: Heracross|Heracross|Heracronite
|move|p2a: Heracross|Close Combat|p1a: Gyarados
|-resisted|p1a: Gyarados
|-damage|p1a: Gyarados|237\/343
|-unboost|p2a: Heracross|def|1
|-unboost|p2a: Heracross|spd|1
|
|turn|2
|
|detailschange|p1a: Gyarados|Gyarados-Mega, F
|-mega|p1a: Gyarados|Gyarados|Gyaradosite
|-ability|p1a: Gyarados|Mold Breaker
|move|p2a: Heracross|Rock Blast|p1a: Gyarados
|-damage|p1a: Gyarados|212\/343
|-damage|p1a: Gyarados|189\/343
|-damage|p1a: Gyarados|164\/343
|-damage|p1a: Gyarados|139\/343
|-damage|p1a: Gyarados|114\/343
|-hitcount|p1a: Gyarados|5
|move|p1a: Gyarados|Waterfall|p2a: Heracross
|-damage|p2a: Heracross|48\/301
|
|turn|3
|
|move|p2a: Heracross|Pin Missile|p1a: Gyarados
|-supereffective|p1a: Gyarados
|-damage|p1a: Gyarados|40\/343
|-supereffective|p1a: Gyarados
|-damage|p1a: Gyarados|0 fnt
|-hitcount|p1a: Gyarados|2
|faint|p1a: Gyarados
|
|
|switch|p1a: Latios|Latios, M|301\/301
|turn|4
|
|switch|p2a: Celebi|Celebi|404\/404
|move|p1a: Latios|Psyshock|p2a: Celebi
|-resisted|p2a: Celebi
|-damage|p2a: Celebi|322\/404
|-damage|p1a: Latios|271\/301|[from] item: Life Orb
|
|-heal|p2a: Celebi|347\/404|[from] item: Leftovers
|turn|5
|
|switch|p1a: Heatran|Heatran, M|385\/385
|move|p2a: Celebi|Baton Pass|p2a: Celebi
|
|switch|p2a: Heracross|Heracross-Mega, M|48\/301
|
|turn|6
|
|switch|p1a: Ferrothorn|Ferrothorn, F|351\/351
|move|p2a: Heracross|Close Combat|p1a: Ferrothorn
|-supereffective|p1a: Ferrothorn
|-damage|p1a: Ferrothorn|0 fnt
|-damage|p2a: Heracross|11\/301|[from] ability: Iron Barbs|[of] p1a: Ferrothorn
|-unboost|p2a: Heracross|def|1
|-unboost|p2a: Heracross|spd|1
|faint|p1a: Ferrothorn
|
|
|switch|p1a: Latios|Latios, M|271\/301
|turn|7
|
|switch|p1a: Heatran|Heatran, M|385\/385
|switch|p2a: Politoed|Politoed, F|384\/384
|-weather|RainDance
|
|-weather|RainDance|[upkeep]
|turn|8
|-message|oml it's too ez forfeited.
|leave|oml it's too ez
|
|win|jtdfhjk
|raw|Ladder updating...
|player|p1
|raw|oml it&apos;s too ez's rating: 1096 &rarr; <strong>1065<\/strong><br \/>(-31 for losing)
|raw|jtdfhjk's rating: 1000 &rarr; <strong>1051<\/strong><br \/>(+51 for winning)