|join|sonyfan
|join|oml it's too ez
|player|p1|sonyfan|101
|player|p2|oml it's too ez|264
|gametype|singles
|gen|6
|tier|OU (suspect test)
|rated
|clearpoke
|poke|p1|Shuckle, F
|poke|p1|Rotom-Wash
|poke|p1|Tyranitar, F
|poke|p1|Starmie
|poke|p1|Volcarona, M
|poke|p1|Garchomp, M
|poke|p2|Landorus-Therian, M
|poke|p2|Mew
|poke|p2|Heatran, F
|poke|p2|Venusaur, F
|poke|p2|Raikou
|poke|p2|Keldeo-Resolute
|rule|Swagger Clause: Swagger is banned
|rule|Baton Pass Clause: Limit one PokÃ©mon knowing Baton Pass
|rule|Sleep Clause Mod: Limit one foe put to sleep
|rule|Species Clause: Limit one of each PokÃ©mon
|rule|OHKO Clause: OHKO moves are banned
|rule|Moody Clause: Moody is banned
|rule|Evasion Moves Clause: Evasion moves are banned
|rule|Endless Battle Clause: Forcing endless battles is banned
|rule|HP Percentage Mod: HP is shown in percentages
|teampreview
|
|start
|switch|p1a: Shuckle|Shuckle, F|243\/243
|switch|p2a: Im So Horny|Keldeo-Resolute|323\/323
|turn|1
|
|move|p2a: Im So Horny|Substitute|p2a: Im So Horny
|-start|p2a: Im So Horny|Substitute
|-damage|p2a: Im So Horny|243\/323
|move|p1a: Shuckle|Sticky Web|p2a: Im So Horny
|-sidestart|p2: oml it's too ez|move: Sticky Web
|
|-heal|p2a: Im So Horny|263\/323|[from] item: Leftovers
|turn|2
|
|move|p2a: Im So Horny|Scald|p1a: Shuckle
|-supereffective|p1a: Shuckle
|-damage|p1a: Shuckle|127\/243
|move|p1a: Shuckle|Encore|p2a: Im So Horny
|-start|p2a: Im So Horny|Encore
|
|-heal|p2a: Im So Horny|283\/323|[from] item: Leftovers
|turn|3
|
|move|p2a: Im So Horny|Scald|p1a: Shuckle
|-supereffective|p1a: Shuckle
|-damage|p1a: Shuckle|0 fnt
|faint|p1a: Shuckle
|
|-heal|p2a: Im So Horny|303\/323|[from] item: Leftovers
|
|switch|p1a: Starmie|Starmie|259\/259
|turn|4
|
|move|p1a: Starmie|Gravity|p1a: Starmie
|-fieldstart|move: Gravity
|move|p2a: Im So Horny|Scald|p1a: Starmie
|-resisted|p1a: Starmie
|-damage|p1a: Starmie|181\/259
|
|-heal|p2a: Im So Horny|323\/323|[from] item: Leftovers
|turn|5
|
|move|p1a: Starmie|Psyshock|p2a: Im So Horny
|-supereffective|p2a: Im So Horny
|-end|p2a: Im So Horny|Substitute
|-damage|p1a: Starmie|156\/259|[from] item: Life Orb
|move|p2a: Im So Horny|Scald|p1a: Starmie
|-resisted|p1a: Starmie
|-damage|p1a: Starmie|70\/259
|
|-end|p2a: Im So Horny|Encore
|turn|6
|
|switch|p2a: Moo|Mew|403\/403
|-activate|p2a: Moo|move: Sticky Web
|-unboost|p2a: Moo|spe|1
|move|p1a: Starmie|Psyshock|p2a: Moo
|-resisted|p2a: Moo
|-damage|p2a: Moo|296\/403
|-damage|p1a: Starmie|45\/259|[from] item: Life Orb
|
|-heal|p2a: Moo|321\/403|[from] item: Leftovers
|turn|7
|
|move|p1a: Starmie|Hydro Pump|p2a: Moo
|-crit|p2a: Moo
|-damage|p2a: Moo|56\/403
|-damage|p1a: Starmie|20\/259|[from] item: Life Orb
|move|p2a: Moo|Defog|p1a: Starmie
|-unboost|p1a: Starmie|evasion|1
|-sideend|p2: oml it's too ez|Sticky Web|[from] move: Defog|[of] p2a: Moo
|
|-heal|p2a: Moo|81\/403|[from] item: Leftovers
|turn|8
|
|move|p1a: Starmie|Hydro Pump|p2a: Moo
|-damage|p2a: Moo|0 fnt
|-damage|p1a: Starmie|0 fnt|[from] item: Life Orb
|faint|p2a: Moo
|faint|p1a: Starmie
|
|-fieldend|move: Gravity
|
|switch|p2a: Nig Drain|Venusaur, F|349\/349
|switch|p1a: Rotom-Wash|Rotom-Wash|301\/301
|turn|9
|
|detailschange|p2a: Nig Drain|Venusaur-Mega, F
|-mega|p2a: Nig Drain|Venusaur|Venusaurite
|move|p2a: Nig Drain|Giga Drain|p1a: Rotom-Wash
|-supereffective|p1a: Rotom-Wash
|-damage|p1a: Rotom-Wash|61\/301
|move|p1a: Rotom-Wash|Will-O-Wisp|p2a: Nig Drain
|-status|p2a: Nig Drain|brn
|
|-damage|p2a: Nig Drain|306\/349 brn|[from] brn
|turn|10
|
|switch|p1a: Tyranitar|Tyranitar, F|341\/341
|-weather|Sandstorm
|move|p2a: Nig Drain|Sludge Bomb|p1a: Tyranitar
|-resisted|p1a: Tyranitar
|-damage|p1a: Tyranitar|284\/341
|
|-weather|Sandstorm|[upkeep]
|-damage|p2a: Nig Drain|285\/349 brn|[from] sandstorm
|-damage|p2a: Nig Drain|242\/349 brn|[from] brn
|turn|11
|
|switch|p1a: Volcarona|Volcarona, M|333\/333
|move|p2a: Nig Drain|Giga Drain|p1a: Volcarona
|-resisted|p1a: Volcarona
|-damage|p1a: Volcarona|302\/333
|-heal|p2a: Nig Drain|258\/349 brn|[from] drain|[of] p1a: Volcarona
|
|-weather|Sandstorm|[upkeep]
|-damage|p1a: Volcarona|282\/333|[from] sandstorm
|-damage|p2a: Nig Drain|237\/349 brn|[from] sandstorm
|-damage|p2a: Nig Drain|194\/349 brn|[from] brn
|turn|12
|
|move|p1a: Volcarona|Quiver Dance|p1a: Volcarona
|-boost|p1a: Volcarona|spa|1
|-boost|p1a: Volcarona|spd|1
|-boost|p1a: Volcarona|spe|1
|move|p2a: Nig Drain|Giga Drain|p1a: Volcarona
|-resisted|p1a: Volcarona
|-damage|p1a: Volcarona|259\/333
|-heal|p2a: Nig Drain|206\/349 brn|[from] drain|[of] p1a: Volcarona
|
|-weather|Sandstorm|[upkeep]
|-damage|p1a: Volcarona|239\/333|[from] sandstorm
|-damage|p2a: Nig Drain|185\/349 brn|[from] sandstorm
|-damage|p2a: Nig Drain|142\/349 brn|[from] brn
|turn|13
|
|move|p1a: Volcarona|Quiver Dance|p1a: Volcarona
|-boost|p1a: Volcarona|spa|1
|-boost|p1a: Volcarona|spd|1
|-boost|p1a: Volcarona|spe|1
|move|p2a: Nig Drain|Sludge Bomb|p1a: Volcarona
|-damage|p1a: Volcarona|158\/333
|
|-weather|Sandstorm|[upkeep]
|-damage|p1a: Volcarona|138\/333|[from] sandstorm
|-damage|p2a: Nig Drain|121\/349 brn|[from] sandstorm
|-damage|p2a: Nig Drain|78\/349 brn|[from] brn
|turn|14
|
|switch|p2a: He Ran|Heatran, F|385\/385
|move|p1a: Volcarona|Fire Blast|p2a: He Ran
|-start|p2a: He Ran|ability: Flash Fire
|
|-weather|none
|turn|15
|
|move|p1a: Volcarona|Hidden Power|p2a: He Ran
|-supereffective|p2a: He Ran
|-damage|p2a: He Ran|0 fnt
|faint|p2a: He Ran
|
|
|switch|p2a: i-turn|Landorus-Therian, M|375\/375
|-ability|p2a: i-turn|Intimidate|[of] p1a: Volcarona
|-unboost|p1a: Volcarona|atk|1
|turn|16
|
|move|p1a: Volcarona|Fire Blast|p2a: i-turn
|-damage|p2a: i-turn|0 fnt
|faint|p2a: i-turn
|
|-message|oml it's too ez forfeited.
|
|win|sonyfan
|raw|Ladder updating...
|leave|oml it's too ez
|player|p2
|raw|sonyfan's rating: 1522 &rarr; <strong>1535<\/strong><br \/>(+13 for winning)
|raw|oml it&apos;s too ez's rating: 1391 &rarr; <strong>1378<\/strong><br \/>(-13 for losing)
|join|Varok
|c|âsonyfan|2 late ;_;
|leave|sonyfan
|player|p1
|join|kmnk
|join|TheSkyAboveUs
|join|Sucker Lunch
|leave|Sucker Lunch
|c| TheSkyAboveUs|bulky volc?
|leave|TheSkyAboveUs
|join|Lady Biscotti
|join|TheSkyAboveUs