|join|HENRY
|join|oml it's too ez
|player|p1|HENRY|56
|player|p2|oml it's too ez|264
|gametype|singles
|gen|6
|tier|OU (suspect test)
|clearpoke
|poke|p1|Slowbro, F
|poke|p1|Tyranitar, M
|poke|p1|Landorus-Therian, M
|poke|p1|Clefable, F
|poke|p1|Jirachi
|poke|p1|Keldeo-Resolute
|poke|p2|Landorus-Therian, M
|poke|p2|Mew
|poke|p2|Heatran, F
|poke|p2|Venusaur, M
|poke|p2|Raikou
|poke|p2|Keldeo-Resolute
|rule|Swagger Clause: Swagger is banned
|rule|Baton Pass Clause: Limit one PokÃ©mon knowing Baton Pass
|rule|Sleep Clause Mod: Limit one foe put to sleep
|rule|Species Clause: Limit one of each PokÃ©mon
|rule|OHKO Clause: OHKO moves are banned
|rule|Moody Clause: Moody is banned
|rule|Evasion Moves Clause: Evasion moves are banned
|rule|Endless Battle Clause: Forcing endless battles is banned
|rule|HP Percentage Mod: HP is shown in percentages
|teampreview
|c|âoml it's too ez|hf bro
|
|start
|switch|p1a: Jirachi|Jirachi|403\/403
|switch|p2a: Landorus-Therian|Landorus-Therian, M|375\/375
|-ability|p2a: Landorus-Therian|Intimidate|[of] p1a: Jirachi
|-unboost|p1a: Jirachi|atk|1
|turn|1
|
|move|p1a: Jirachi|Stealth Rock|p2a: Landorus-Therian
|-sidestart|p2: oml it's too ez|move: Stealth Rock
|move|p2a: Landorus-Therian|Stealth Rock|p1a: Jirachi
|-sidestart|p1: HENRY|move: Stealth Rock
|
|turn|2
|
|move|p1a: Jirachi|U-turn|p2a: Landorus-Therian
|-resisted|p2a: Landorus-Therian
|-damage|p2a: Landorus-Therian|361\/375
|
|switch|p1a: Clefable|Clefable, F|394\/394
|-damage|p1a: Clefable|345\/394|[from] Stealth Rock
|move|p2a: Landorus-Therian|U-turn|p1a: Clefable
|-resisted|p1a: Clefable
|-damage|p1a: Clefable|313\/394
|
|switch|p2a: Venusaur|Venusaur, M|349\/349
|-damage|p2a: Venusaur|306\/349|[from] Stealth Rock
|
|-heal|p1a: Clefable|337\/394|[from] item: Leftovers
|turn|3
|
|detailschange|p2a: Venusaur|Venusaur-Mega, M
|-mega|p2a: Venusaur|Venusaur|Venusaurite
|move|p1a: Clefable|Protect|p1a: Clefable
|-singleturn|p1a: Clefable|Protect
|move|p2a: Venusaur|Hidden Power|p1a: Clefable
|-activate|p1a: Clefable|Protect
|
|-heal|p1a: Clefable|361\/394|[from] item: Leftovers
|turn|4
|
|switch|p1a: Jirachi|Jirachi|403\/403
|-damage|p1a: Jirachi|378\/403|[from] Stealth Rock
|move|p2a: Venusaur|Sludge Bomb|p1a: Jirachi
|-immune|p1a: Jirachi|[msg]
|
|-heal|p1a: Jirachi|403\/403|[from] item: Leftovers
|turn|5
|
|move|p1a: Jirachi|Iron Head|p2a: Venusaur
|-damage|p2a: Venusaur|219\/349
|cant|p2a: Venusaur|flinch
|
|turn|6
|
|switch|p2a: Heatran|Heatran, F|385\/385
|-damage|p2a: Heatran|337\/385|[from] Stealth Rock
|move|p1a: Jirachi|Iron Head|p2a: Heatran
|-resisted|p2a: Heatran
|-damage|p2a: Heatran|313\/385
|
|-heal|p2a: Heatran|337\/385|[from] item: Leftovers
|turn|7
|
|switch|p1a: Keldeo-Resolute|Keldeo-Resolute|323\/323
|-damage|p1a: Keldeo-Resolute|303\/323|[from] Stealth Rock
|move|p2a: Heatran|Toxic|p1a: Keldeo-Resolute
|-status|p1a: Keldeo-Resolute|tox
|
|-heal|p1a: Keldeo-Resolute|323\/323 tox|[from] item: Leftovers
|-heal|p2a: Heatran|361\/385|[from] item: Leftovers
|-damage|p1a: Keldeo-Resolute|303\/323 tox|[from] psn
|turn|8
|
|switch|p2a: Venusaur|Venusaur-Mega, M|219\/349
|-damage|p2a: Venusaur|176\/349|[from] Stealth Rock
|move|p1a: Keldeo-Resolute|Calm Mind|p1a: Keldeo-Resolute
|-boost|p1a: Keldeo-Resolute|spa|1
|-boost|p1a: Keldeo-Resolute|spd|1
|
|-heal|p1a: Keldeo-Resolute|323\/323 tox|[from] item: Leftovers
|-damage|p1a: Keldeo-Resolute|283\/323 tox|[from] psn
|turn|9
|
|switch|p1a: Jirachi|Jirachi|403\/403
|-damage|p1a: Jirachi|378\/403|[from] Stealth Rock
|move|p2a: Venusaur|Synthesis|p2a: Venusaur
|-heal|p2a: Venusaur|349\/349
|
|-heal|p1a: Jirachi|403\/403|[from] item: Leftovers
|turn|10
|
|switch|p2a: Landorus-Therian|Landorus-Therian, M|361\/375
|-damage|p2a: Landorus-Therian|315\/375|[from] Stealth Rock
|-ability|p2a: Landorus-Therian|Intimidate|[of] p1a: Jirachi
|-unboost|p1a: Jirachi|atk|1
|move|p1a: Jirachi|Iron Head|p2a: Landorus-Therian
|-crit|p2a: Landorus-Therian
|-damage|p2a: Landorus-Therian|201\/375
|
|-heal|p2a: Landorus-Therian|224\/375|[from] item: Leftovers
|turn|11
|join|Supaaa
|
|move|p1a: Jirachi|U-turn|p2a: Landorus-Therian
|-resisted|p2a: Landorus-Therian
|-damage|p2a: Landorus-Therian|210\/375
|join|Myliltony
|
|switch|p1a: Landorus-Therian|Landorus-Therian, M|319\/319
|-damage|p1a: Landorus-Therian|280\/319|[from] Stealth Rock
|-ability|p1a: Landorus-Therian|Intimidate|[of] p2a: Landorus-Therian
|-unboost|p2a: Landorus-Therian|atk|1
|move|p2a: Landorus-Therian|U-turn|p1a: Landorus-Therian
|-resisted|p1a: Landorus-Therian
|-damage|p1a: Landorus-Therian|253\/319
|
|switch|p2a: Venusaur|Venusaur-Mega, M|349\/349
|-damage|p2a: Venusaur|306\/349|[from] Stealth Rock
|
|turn|12
|
|move|p1a: Landorus-Therian|U-turn|p2a: Venusaur
|-damage|p2a: Venusaur|223\/349
|
|switch|p1a: Jirachi|Jirachi|403\/403
|-damage|p1a: Jirachi|378\/403|[from] Stealth Rock
|move|p2a: Venusaur|Hidden Power|p1a: Jirachi
|-supereffective|p1a: Jirachi
|-damage|p1a: Jirachi|250\/403
|
|-heal|p1a: Jirachi|275\/403|[from] item: Leftovers
|turn|13
|
|move|p1a: Jirachi|U-turn|p2a: Venusaur
|-damage|p2a: Venusaur|179\/349
|
|switch|p1a: Landorus-Therian|Landorus-Therian, M|253\/319
|-damage|p1a: Landorus-Therian|214\/319|[from] Stealth Rock
|-ability|p1a: Landorus-Therian|Intimidate|[of] p2a: Venusaur
|-unboost|p2a: Venusaur|atk|1
|move|p2a: Venusaur|Synthesis|p2a: Venusaur
|-heal|p2a: Venusaur|349\/349
|
|turn|14
|
|move|p1a: Landorus-Therian|U-turn|p2a: Venusaur
|-damage|p2a: Venusaur|268\/349
|
|switch|p1a: Jirachi|Jirachi|275\/403
|-damage|p1a: Jirachi|250\/403|[from] Stealth Rock
|move|p2a: Venusaur|Hidden Power|p1a: Jirachi
|-supereffective|p1a: Jirachi
|-damage|p1a: Jirachi|124\/403
|
|-heal|p1a: Jirachi|149\/403|[from] item: Leftovers
|turn|15
|leave|Myliltony
|
|switch|p2a: Heatran|Heatran, F|361\/385
|-damage|p2a: Heatran|313\/385|[from] Stealth Rock
|move|p1a: Jirachi|Iron Head|p2a: Heatran
|-resisted|p2a: Heatran
|-damage|p2a: Heatran|291\/385
|
|-heal|p1a: Jirachi|174\/403|[from] item: Leftovers
|-heal|p2a: Heatran|315\/385|[from] item: Leftovers
|turn|16
|
|move|p1a: Jirachi|U-turn|p2a: Heatran
|-resisted|p2a: Heatran
|-damage|p2a: Heatran|301\/385
|
|switch|p1a: Keldeo-Resolute|Keldeo-Resolute|283\/323 tox
|-damage|p1a: Keldeo-Resolute|263\/323 tox|[from] Stealth Rock
|move|p2a: Heatran|Lava Plume|p1a: Keldeo-Resolute
|-resisted|p1a: Keldeo-Resolute
|-damage|p1a: Keldeo-Resolute|203\/323 tox
|
|-heal|p1a: Keldeo-Resolute|223\/323 tox|[from] item: Leftovers
|-heal|p2a: Heatran|325\/385|[from] item: Leftovers
|-damage|p1a: Keldeo-Resolute|203\/323 tox|[from] psn
|turn|17
|leave|Supaaa
|join|reqs boii
|c| reqs boii|GALLAIDS
|c| reqs boii|shigt
|c| reqs boii|shit
|c| reqs boii|wrong battle
|
|switch|p2a: Moo|Mew|403\/403
|-damage|p2a: Moo|353\/403|[from] Stealth Rock
|move|p1a: Keldeo-Resolute|Scald|p2a: Moo
|-damage|p2a: Moo|245\/403
|-status|p2a: Moo|brn
|
|-heal|p1a: Keldeo-Resolute|223\/323 tox|[from] item: Leftovers
|-heal|p2a: Moo|270\/403 brn|[from] item: Leftovers
|-damage|p1a: Keldeo-Resolute|183\/323 tox|[from] psn
|-damage|p2a: Moo|220\/403 brn|[from] brn
|turn|18
|
|move|p1a: Keldeo-Resolute|Substitute|p1a: Keldeo-Resolute
|-start|p1a: Keldeo-Resolute|Substitute
|-damage|p1a: Keldeo-Resolute|103\/323 tox
|move|p2a: Moo|Soft-Boiled|p2a: Moo
|-heal|p2a: Moo|403\/403 brn
|
|-heal|p1a: Keldeo-Resolute|123\/323 tox|[from] item: Leftovers
|-damage|p1a: Keldeo-Resolute|63\/323 tox|[from] psn
|-damage|p2a: Moo|353\/403 brn|[from] brn
|turn|19
|c|âHENRY|ugh misclick
|c|âoml it's too ez|:[
|c| reqs boii|:{
|c|âoml it's too ez|btw werent u in olt
|c|âHENRY|yes
|c| reqs boii|is this some tour match?]
|c|âoml it's too ez|didnt tom bus knock u out?
|c|âoml it's too ez|yee
|
|switch|p1a: Clefable|Clefable, F|361\/394
|-damage|p1a: Clefable|312\/394|[from] Stealth Rock
|move|p2a: Moo|Defog|p1a: Clefable
|-unboost|p1a: Clefable|evasion|1
|-sideend|p1: HENRY|Stealth Rock|[from] move: Defog|[of] p1a: Clefable
|-sideend|p2: oml it's too ez|Stealth Rock|[from] move: Defog|[of] p2a: Moo
|
|-heal|p2a: Moo|378\/403 brn|[from] item: Leftovers
|-heal|p1a: Clefable|336\/394|[from] item: Leftovers
|-damage|p2a: Moo|328\/403 brn|[from] brn
|turn|20
|c| reqs boii|farm league?
|c|âoml it's too ez|naw just a ou tour
|c|âHENRY|no im in spl
|c|âoml it's too ez|lucky u
|c|âoml it's too ez|:]]]
|c| reqs boii|might as well just turn off the timer
|
|switch|p2a: Venusaur|Venusaur-Mega, M|268\/349
|move|p1a: Clefable|Wish|p1a: Clefable
|
|-heal|p1a: Clefable|360\/394|[from] item: Leftovers
|turn|21
|c|âoml it's too ez|heal bell
|
|switch|p2a: Heatran|Heatran, F|325\/385
|switch|p1a: Jirachi|Jirachi|174\/403
|
|-heal|p1a: Jirachi|371\/403|[from] move: Wish|[wisher] Clefable
|-heal|p1a: Jirachi|396\/403|[from] item: Leftovers
|-heal|p2a: Heatran|349\/385|[from] item: Leftovers
|turn|22
|
|switch|p1a: Clefable|Clefable, F|360\/394
|move|p2a: Heatran|Lava Plume|p1a: Clefable
|-damage|p1a: Clefable|230\/394
|
|-heal|p2a: Heatran|373\/385|[from] item: Leftovers
|-heal|p1a: Clefable|254\/394|[from] item: Leftovers
|turn|23
|
|move|p2a: Heatran|Taunt|p1a: Clefable
|-start|p1a: Clefable|move: Taunt
|cant|p1a: Clefable|move: Taunt|Wish
|
|-heal|p2a: Heatran|385\/385|[from] item: Leftovers
|-heal|p1a: Clefable|278\/394|[from] item: Leftovers
|turn|24
|
|switch|p1a: Slowbro|Slowbro, F|391\/391
|move|p2a: Heatran|Lava Plume|p1a: Slowbro
|-resisted|p1a: Slowbro
|-damage|p1a: Slowbro|325\/391
|
|turn|25
|
|detailschange|p1a: Slowbro|Slowbro-Mega, F
|-mega|p1a: Slowbro|Slowbro|Slowbronite
|move|p2a: Heatran|Toxic|p1a: Slowbro
|-status|p1a: Slowbro|tox
|move|p1a: Slowbro|Calm Mind|p1a: Slowbro
|-boost|p1a: Slowbro|spa|1
|-boost|p1a: Slowbro|spd|1
|
|-damage|p1a: Slowbro|301\/391 tox|[from] psn
|turn|26
|c| reqs boii|i should've signed up
|
|move|p2a: Heatran|Taunt|p1a: Slowbro
|-start|p1a: Slowbro|move: Taunt
|move|p1a: Slowbro|Psyshock|p2a: Heatran
|-resisted|p2a: Heatran
|-damage|p2a: Heatran|296\/385
|
|-heal|p2a: Heatran|320\/385|[from] item: Leftovers
|-damage|p1a: Slowbro|253\/391 tox|[from] psn
|turn|27
|c| reqs boii|and knocked u out joe
|c| reqs boii|:]
|c|âoml it's too ez|:[
|
|move|p2a: Heatran|Protect|p2a: Heatran
|-singleturn|p2a: Heatran|Protect
|move|p1a: Slowbro|Scald|p2a: Heatran
|-activate|p2a: Heatran|Protect
|
|-heal|p2a: Heatran|344\/385|[from] item: Leftovers
|-damage|p1a: Slowbro|181\/391 tox|[from] psn
|turn|28
|
|move|p2a: Heatran|Lava Plume|p1a: Slowbro
|-resisted|p1a: Slowbro
|-damage|p1a: Slowbro|135\/391 tox
|move|p1a: Slowbro|Scald|p2a: Heatran
|-crit|p2a: Heatran
|-supereffective|p2a: Heatran
|-damage|p2a: Heatran|0 fnt
|faint|p2a: Heatran
|
|-damage|p1a: Slowbro|39\/391 tox|[from] psn
|-end|p1a: Slowbro|move: Taunt
|
|switch|p2a: Raikou|Raikou|321\/321
|-ability|p2a: Raikou|Pressure
|turn|29
|c|âoml it's too ez|wait did i just lose
|c|âoml it's too ez|fuuu
|c| reqs boii|no
|
|switch|p1a: Tyranitar|Tyranitar, M|341\/341
|-weather|Sandstorm
|move|p2a: Raikou|Volt Switch|p1a: Tyranitar
|-damage|p1a: Tyranitar|221\/341
|
|switch|p2a: Keldeo-Resolute|Keldeo-Resolute|323\/323
|
|-weather|Sandstorm|[upkeep]
|-damage|p2a: Keldeo-Resolute|303\/323|[from] sandstorm
|-heal|p2a: Keldeo-Resolute|323\/323|[from] item: Leftovers
|turn|30
|join|Space2D
|
|move|p1a: Tyranitar|Superpower|p2a: Keldeo-Resolute
|-damage|p2a: Keldeo-Resolute|158\/323
|-unboost|p1a: Tyranitar|atk|1
|-unboost|p1a: Tyranitar|def|1
|move|p2a: Keldeo-Resolute|Scald|p1a: Tyranitar
|-supereffective|p1a: Tyranitar
|-damage|p1a: Tyranitar|41\/341
|-status|p1a: Tyranitar|brn
|
|-weather|Sandstorm|[upkeep]
|-damage|p2a: Keldeo-Resolute|138\/323|[from] sandstorm
|-heal|p2a: Keldeo-Resolute|158\/323|[from] item: Leftovers
|-damage|p1a: Tyranitar|0 fnt|[from] brn
|faint|p1a: Tyranitar
|
|switch|p1a: Landorus-Therian|Landorus-Therian, M|214\/319
|-ability|p1a: Landorus-Therian|Intimidate|[of] p2a: Keldeo-Resolute
|-unboost|p2a: Keldeo-Resolute|atk|1
|turn|31
|
|switch|p2a: Landorus-Therian|Landorus-Therian, M|210\/375
|-ability|p2a: Landorus-Therian|Intimidate|[of] p1a: Landorus-Therian
|-unboost|p1a: Landorus-Therian|atk|1
|move|p1a: Landorus-Therian|U-turn|p2a: Landorus-Therian
|-resisted|p2a: Landorus-Therian
|-damage|p2a: Landorus-Therian|188\/375
|
|switch|p1a: Clefable|Clefable, F|278\/394
|
|-weather|Sandstorm|[upkeep]
|-damage|p1a: Clefable|254\/394|[from] sandstorm
|-heal|p2a: Landorus-Therian|211\/375|[from] item: Leftovers
|-heal|p1a: Clefable|278\/394|[from] item: Leftovers
|turn|32
|
|move|p2a: Landorus-Therian|Stealth Rock|p1a: Clefable
|-sidestart|p1: HENRY|move: Stealth Rock
|move|p1a: Clefable|Wish|p1a: Clefable
|
|-weather|Sandstorm|[upkeep]
|-damage|p1a: Clefable|254\/394|[from] sandstorm
|-heal|p2a: Landorus-Therian|234\/375|[from] item: Leftovers
|-heal|p1a: Clefable|278\/394|[from] item: Leftovers
|turn|33
|
|move|p2a: Landorus-Therian|Earthquake|p1a: Clefable
|-damage|p1a: Clefable|140\/394
|move|p1a: Clefable|Heal Bell|p1a: Clefable
|-cureteam|p1a: Clefable|[from] move: HealBell
|
|-weather|none
|-heal|p1a: Clefable|337\/394|[from] move: Wish|[wisher] Clefable
|-heal|p2a: Landorus-Therian|257\/375|[from] item: Leftovers
|-heal|p1a: Clefable|361\/394|[from] item: Leftovers
|turn|34
|
|move|p2a: Landorus-Therian|U-turn|p1a: Clefable
|-resisted|p1a: Clefable
|-damage|p1a: Clefable|326\/394
|
|switch|p2a: Venusaur|Venusaur-Mega, M|268\/349
|move|p1a: Clefable|Moonblast|p2a: Venusaur
|-resisted|p2a: Venusaur
|-damage|p2a: Venusaur|219\/349
|-unboost|p2a: Venusaur|spa|1
|
|-heal|p1a: Clefable|350\/394|[from] item: Leftovers
|turn|35
|leave|Space2D
|
|switch|p2a: Landorus-Therian|Landorus-Therian, M|257\/375
|-ability|p2a: Landorus-Therian|Intimidate|[of] p1a: Clefable
|-unboost|p1a: Clefable|atk|1
|switch|p1a: Jirachi|Jirachi|396\/403
|-damage|p1a: Jirachi|371\/403|[from] Stealth Rock
|
|-heal|p1a: Jirachi|396\/403|[from] item: Leftovers
|-heal|p2a: Landorus-Therian|280\/375|[from] item: Leftovers
|turn|36
|join|Space2D
|
|move|p1a: Jirachi|Stealth Rock|p2a: Landorus-Therian
|-sidestart|p2: oml it's too ez|move: Stealth Rock
|move|p2a: Landorus-Therian|U-turn|p1a: Jirachi
|-damage|p1a: Jirachi|324\/403
|
|switch|p2a: Raikou|Raikou|321\/321
|-damage|p2a: Raikou|281\/321|[from] Stealth Rock
|-ability|p2a: Raikou|Pressure
|
|-heal|p1a: Jirachi|349\/403|[from] item: Leftovers
|turn|37
|
|switch|p1a: Keldeo-Resolute|Keldeo-Resolute|63\/323
|-damage|p1a: Keldeo-Resolute|43\/323|[from] Stealth Rock
|move|p2a: Raikou|Thunderbolt|p1a: Keldeo-Resolute
|-supereffective|p1a: Keldeo-Resolute
|-damage|p1a: Keldeo-Resolute|0 fnt
|faint|p1a: Keldeo-Resolute
|
|
|switch|p1a: Landorus-Therian|Landorus-Therian, M|214\/319
|-damage|p1a: Landorus-Therian|175\/319|[from] Stealth Rock
|-ability|p1a: Landorus-Therian|Intimidate|[of] p2a: Raikou
|-unboost|p2a: Raikou|atk|1
|turn|38
|c|âHENRY|clicked bro e_e
|c|âoml it's too ez|dont u love the cancel button
|c| reqs boii|cancel doesnt work
|c| reqs boii|it's an elusion
|c| reqs boii|illusion**
|
|move|p1a: Landorus-Therian|Knock Off|p2a: Raikou
|-damage|p2a: Raikou|133\/321
|-enditem|p2a: Raikou|Choice Specs|[from] move: Knock Off|[of] p1a: Landorus-Therian
|move|p2a: Raikou|Thunderbolt|p1a: Landorus-Therian
|-immune|p1a: Landorus-Therian|[msg]
|
|turn|39
|c|âoml it's too ez|fuu
|c| reqs boii|LMAO
|c| reqs boii|10\/10
|
|switch|p1a: Slowbro|Slowbro-Mega, F|39\/391
|-damage|p1a: Slowbro|0 fnt|[from] Stealth Rock
|faint|p1a: Slowbro
|switch|p2a: Venusaur|Venusaur-Mega, M|219\/349
|-damage|p2a: Venusaur|176\/349|[from] Stealth Rock
|
|
|switch|p1a: Jirachi|Jirachi|349\/403
|-damage|p1a: Jirachi|324\/403|[from] Stealth Rock
|turn|40
|c|âoml it's too ez|y isnt my keldeo specs :[
|
|switch|p2a: Landorus-Therian|Landorus-Therian, M|280\/375
|-damage|p2a: Landorus-Therian|234\/375|[from] Stealth Rock
|-ability|p2a: Landorus-Therian|Intimidate|[of] p1a: Jirachi
|-unboost|p1a: Jirachi|atk|1
|move|p1a: Jirachi|Iron Head|p2a: Landorus-Therian
|-damage|p2a: Landorus-Therian|185\/375
|
|-heal|p1a: Jirachi|349\/403|[from] item: Leftovers
|-heal|p2a: Landorus-Therian|208\/375|[from] item: Leftovers
|turn|41
|c|âoml it's too ez|cancel plz wrk
|
|move|p1a: Jirachi|Iron Head|p2a: Landorus-Therian
|-damage|p2a: Landorus-Therian|160\/375
|cant|p2a: Landorus-Therian|flinch
|
|-heal|p1a: Jirachi|374\/403|[from] item: Leftovers
|-heal|p2a: Landorus-Therian|183\/375|[from] item: Leftovers
|turn|42
|
|move|p1a: Jirachi|Iron Head|p2a: Landorus-Therian
|-damage|p2a: Landorus-Therian|131\/375
|move|p2a: Landorus-Therian|U-turn|p1a: Jirachi
|-damage|p1a: Jirachi|298\/403
|c|âoml it's too ez|y are u so good
|c|âoml it's too ez|:]]]
|c| reqs boii|that's just a bad play LMAO
|c|âHENRY|cant really break venu with this team
|c|âHENRY|doesnt matter
|c|âoml it's too ez|flicnh flinch and flinch
|
|switch|p2a: Moo|Mew|328\/403 brn
|-damage|p2a: Moo|278\/403 brn|[from] Stealth Rock
|
|-heal|p2a: Moo|303\/403 brn|[from] item: Leftovers
|-heal|p1a: Jirachi|323\/403|[from] item: Leftovers
|-damage|p2a: Moo|253\/403 brn|[from] brn
|turn|43
|
|move|p2a: Moo|Knock Off|p1a: Jirachi
|-supereffective|p1a: Jirachi
|-damage|p1a: Jirachi|259\/403
|-enditem|p1a: Jirachi|Leftovers|[from] move: Knock Off|[of] p2a: Moo
|move|p1a: Jirachi|U-turn|p2a: Moo
|-supereffective|p2a: Moo
|-damage|p2a: Moo|177\/403 brn
|c|âoml it's too ez|stop timer
|c| reqs boii|yeah
|c|âoml it's too ez|ahh
|c| reqs boii|showdown might lag
|c|âoml it's too ez|playz
|c| reqs boii|and shenanigans
|
|switch|p1a: Clefable|Clefable, F|350\/394
|-damage|p1a: Clefable|301\/394|[from] Stealth Rock
|
|-heal|p2a: Moo|202\/403 brn|[from] item: Leftovers
|-heal|p1a: Clefable|325\/394|[from] item: Leftovers
|-damage|p2a: Moo|152\/403 brn|[from] brn
|turn|44
|
|move|p2a: Moo|Soft-Boiled|p2a: Moo
|-heal|p2a: Moo|354\/403 brn
|move|p1a: Clefable|Wish|p1a: Clefable
|
|-heal|p2a: Moo|379\/403 brn|[from] item: Leftovers
|-heal|p1a: Clefable|349\/394|[from] item: Leftovers
|-damage|p2a: Moo|329\/403 brn|[from] brn
|turn|45
|
|move|p2a: Moo|Will-O-Wisp|p1a: Clefable
|-status|p1a: Clefable|brn
|move|p1a: Clefable|Moonblast|p2a: Moo
|-crit|p2a: Moo
|-damage|p2a: Moo|199\/403 brn
|-unboost|p2a: Moo|spa|1
|
|-heal|p1a: Clefable|394\/394 brn|[from] move: Wish|[wisher] Clefable
|-heal|p2a: Moo|224\/403 brn|[from] item: Leftovers
|-damage|p2a: Moo|174\/403 brn|[from] brn
|-damage|p1a: Clefable|345\/394 brn|[from] brn
|turn|46
|
|move|p2a: Moo|Soft-Boiled|p2a: Moo
|-heal|p2a: Moo|376\/403 brn
|move|p1a: Clefable|Wish|p1a: Clefable
|
|-heal|p2a: Moo|401\/403 brn|[from] item: Leftovers
|-heal|p1a: Clefable|369\/394 brn|[from] item: Leftovers
|-damage|p2a: Moo|351\/403 brn|[from] brn
|-damage|p1a: Clefable|320\/394 brn|[from] brn
|turn|47
|c|âHENRY|dont have time gg
|-message|HENRY forfeited.
|leave|HENRY
|c|âoml it's too ez|:]
|c| reqs boii|u got lucky
|
|win|oml it's too ez
|leave|Space2D
|player|p1
|join|allinu
|leave|oml it's too ez