|join|X TREE
|join|Mega Nymphali
|player|p1|X TREE|169
|player|p2|Mega Nymphali|168
|gametype|singles
|gen|6
|tier|OU
|rated
|clearpoke
|poke|p1|Kyurem-Black
|poke|p1|Scizor, F
|poke|p1|Azumarill, M
|poke|p1|Landorus-Therian, M
|poke|p1|Infernape, M
|poke|p1|Rotom-Wash
|poke|p2|Medicham, F
|poke|p2|Landorus-Therian, M
|poke|p2|Sylveon, F
|poke|p2|Heatran, M
|poke|p2|Gothitelle, F
|poke|p2|Zapdos
|rule|Swagger Clause: Swagger is banned
|rule|Baton Pass Clause: Limit one PokÃ©mon knowing Baton Pass
|rule|Sleep Clause Mod: Limit one foe put to sleep
|rule|Species Clause: Limit one of each PokÃ©mon
|rule|OHKO Clause: OHKO moves are banned
|rule|Moody Clause: Moody is banned
|rule|Evasion Moves Clause: Evasion moves are banned
|rule|Endless Battle Clause: Forcing endless battles is banned
|rule|HP Percentage Mod: HP is shown in percentages
|teampreview
|
|start
|switch|p1a: Ed|Landorus-Therian, M|319\/319
|switch|p2a: Zapdos|Zapdos|384\/384
|-ability|p1a: Ed|Intimidate|[of] p2a: Zapdos
|-unboost|p2a: Zapdos|atk|1
|-ability|p2a: Zapdos|Pressure
|turn|1
|
|move|p1a: Ed|U-turn|p2a: Zapdos
|-resisted|p2a: Zapdos
|-damage|p2a: Zapdos|346\/384
|-damage|p1a: Ed|266\/319|[from] item: Rocky Helmet|[of] p2a: Zapdos
|
|switch|p1a: Eddy|Rotom-Wash|241\/241
|move|p2a: Zapdos|Hidden Power|p1a: Eddy
|-resisted|p1a: Eddy
|-damage|p1a: Eddy|214\/241
|
|turn|2
|
|move|p1a: Eddy|Trick|p2a: Zapdos
|-activate|p1a: Eddy|move: Trick|[of] p2a: Zapdos
|-item|p2a: Zapdos|Choice Scarf|[from] move: Trick
|-item|p1a: Eddy|Rocky Helmet|[from] move: Trick
|move|p2a: Zapdos|Volt Switch|p1a: Eddy
|-damage|p1a: Eddy|114\/241
|
|switch|p2a: Medicham|Medicham, F|262\/262
|
|turn|3
|
|detailschange|p2a: Medicham|Medicham-Mega, F
|message|Medicham has Mega Evolved into Mega Medicham!
|move|p1a: Eddy|Will-O-Wisp|p2a: Medicham
|-status|p2a: Medicham|brn
|move|p2a: Medicham|Drain Punch|p1a: Eddy
|-damage|p1a: Eddy|6\/241
|-damage|p2a: Medicham|219\/262 brn|[from] item: Rocky Helmet|[of] p1a: Eddy
|
|-damage|p2a: Medicham|187\/262 brn|[from] brn
|turn|4
|
|switch|p1a: Jimmy|Azumarill, M|401\/401
|move|p2a: Medicham|Bullet Punch|p1a: Jimmy
|-damage|p1a: Jimmy|354\/401
|
|-damage|p2a: Medicham|155\/262 brn|[from] brn
|turn|5
|
|switch|p2a: Zapdos|Zapdos|346\/384
|-ability|p2a: Zapdos|Pressure
|move|p1a: Jimmy|Waterfall|p2a: Zapdos
|-damage|p2a: Zapdos|202\/384
|
|turn|6
|
|switch|p1a: Ed|Landorus-Therian, M|266\/319
|-ability|p1a: Ed|Intimidate|[of] p2a: Zapdos
|-unboost|p2a: Zapdos|atk|1
|move|p2a: Zapdos|Roost|p2a: Zapdos
|-heal|p2a: Zapdos|384\/384
|
|turn|7
|
|switch|p2a: Heatran|Heatran, M|386\/386
|move|p1a: Ed|U-turn|p2a: Heatran
|-resisted|p2a: Heatran
|-damage|p2a: Heatran|365\/386
|
|switch|p1a: Eddy|Rotom-Wash|6\/241
|
|-heal|p2a: Heatran|386\/386|[from] item: Leftovers
|turn|8
|
|switch|p2a: Nymphali|Sylveon, F|394\/394
|move|p1a: Eddy|Hydro Pump|p2a: Nymphali|[miss]
|-miss|p1a: Eddy|p2a: Nymphali
|
|turn|9
|
|move|p1a: Eddy|Will-O-Wisp|p2a: Nymphali
|-status|p2a: Nymphali|brn
|move|p2a: Nymphali|Heal Bell|p2a: Nymphali
|-cureteam|p2a: Nymphali|[from] move: HealBell
|
|turn|10
|
|move|p1a: Eddy|Will-O-Wisp|p2a: Nymphali
|-status|p2a: Nymphali|brn
|move|p2a: Nymphali|Wish|p2a: Nymphali
|
|-damage|p2a: Nymphali|345\/394 brn|[from] brn
|turn|11
|
|move|p1a: Eddy|Volt Switch|p2a: Nymphali
|-damage|p2a: Nymphali|284\/394 brn
|
|switch|p1a: Edd|Scizor, F|331\/331
|move|p2a: Nymphali|Hyper Voice|p1a: Edd
|-resisted|p1a: Edd
|-damage|p1a: Edd|244\/331
|
|-heal|p2a: Nymphali|394\/394 brn|[from] move: Wish|[wisher] Nymphali
|-damage|p2a: Nymphali|345\/394 brn|[from] brn
|turn|12
|
|switch|p2a: Zapdos|Zapdos|384\/384
|-ability|p2a: Zapdos|Pressure
|detailschange|p1a: Edd|Scizor-Mega, F
|message|Scizor has Mega Evolved into Mega Scizor!
|move|p1a: Edd|U-turn|p2a: Zapdos
|-resisted|p2a: Zapdos
|-damage|p2a: Zapdos|324\/384
|
|switch|p1a: Rolf|Infernape, M|293\/293
|
|turn|13
|
|move|p2a: Zapdos|Volt Switch|p1a: Rolf
|-damage|p1a: Rolf|139\/293
|
|switch|p2a: Landorus-Therian|Landorus-Therian, M|320\/320
|-ability|p2a: Landorus-Therian|Intimidate|[of] p1a: Rolf
|-unboost|p1a: Rolf|atk|1
|move|p1a: Rolf|Stealth Rock|p2a: Landorus-Therian
|-sidestart|p2: Mega Nymphali|move: Stealth Rock
|
|turn|14
|
|switch|p1a: Edd|Scizor-Mega, F|244\/331
|move|p2a: Landorus-Therian|Rock Tomb|p1a: Edd
|-damage|p1a: Edd|185\/331
|-unboost|p1a: Edd|spe|1
|
|turn|15
|
|switch|p2a: Heatran|Heatran, M|386\/386
|-damage|p2a: Heatran|338\/386|[from] Stealth Rock
|move|p1a: Edd|Roost|p1a: Edd
|-heal|p1a: Edd|331\/331
|
|-heal|p2a: Heatran|362\/386|[from] item: Leftovers
|turn|16
|
|switch|p1a: Jimmy|Azumarill, M|354\/401
|move|p2a: Heatran|Stealth Rock|p1a: Jimmy
|-sidestart|p1: X TREE|move: Stealth Rock
|
|-heal|p2a: Heatran|386\/386|[from] item: Leftovers
|turn|17
|
|move|p2a: Heatran|Will-O-Wisp|p1a: Jimmy
|-status|p1a: Jimmy|brn
|move|p1a: Jimmy|Waterfall|p2a: Heatran
|-crit|p2a: Heatran
|-supereffective|p2a: Heatran
|-damage|p2a: Heatran|150\/386
|
|-heal|p2a: Heatran|174\/386|[from] item: Leftovers
|-damage|p1a: Jimmy|304\/401 brn|[from] brn
|turn|18
|c|âX TREE|misclick
|
|move|p2a: Heatran|Lava Plume|p1a: Jimmy
|-resisted|p1a: Jimmy
|-damage|p1a: Jimmy|256\/401 brn
|move|p1a: Jimmy|Waterfall|p2a: Heatran
|-supereffective|p2a: Heatran
|-damage|p2a: Heatran|6\/386
|
|-heal|p2a: Heatran|30\/386|[from] item: Leftovers
|-damage|p1a: Jimmy|206\/401 brn|[from] brn
|turn|19
|
|switch|p2a: Gothitelle|Gothitelle, F|344\/344
|-damage|p2a: Gothitelle|301\/344|[from] Stealth Rock
|move|p1a: Jimmy|Waterfall|p2a: Gothitelle
|-damage|p2a: Gothitelle|217\/344
|
|-damage|p1a: Jimmy|156\/401 brn|[from] brn
|turn|20
|
|move|p2a: Gothitelle|Psyshock|p1a: Jimmy
|-damage|p1a: Jimmy|38\/401 brn
|move|p1a: Jimmy|Waterfall|p2a: Gothitelle
|-damage|p2a: Gothitelle|120\/344
|
|-damage|p1a: Jimmy|0 fnt|[from] brn
|faint|p1a: Jimmy
|
|switch|p1a: Ed|Landorus-Therian, M|266\/319
|-damage|p1a: Ed|227\/319|[from] Stealth Rock
|-ability|p1a: Ed|Intimidate|[of] p2a: Gothitelle
|-unboost|p2a: Gothitelle|atk|1
|turn|21
|
|switch|p2a: Zapdos|Zapdos|324\/384
|-damage|p2a: Zapdos|228\/384|[from] Stealth Rock
|-ability|p2a: Zapdos|Pressure
|move|p1a: Ed|U-turn|p2a: Zapdos
|-resisted|p2a: Zapdos
|-damage|p2a: Zapdos|193\/384
|
|switch|p1a: Kevin|Kyurem-Black|405\/405
|-damage|p1a: Kevin|304\/405|[from] Stealth Rock
|-ability|p1a: Kevin|Teravolt
|
|-heal|p1a: Kevin|329\/405|[from] item: Leftovers
|turn|22
|
|move|p2a: Zapdos|Heat Wave|p1a: Kevin
|-damage|p1a: Kevin|225\/405
|move|p1a: Kevin|Ice Beam|p2a: Zapdos
|-supereffective|p2a: Zapdos
|-damage|p2a: Zapdos|0 fnt
|faint|p2a: Zapdos
|
|-heal|p1a: Kevin|250\/405|[from] item: Leftovers
|
|switch|p2a: Medicham|Medicham-Mega, F|155\/262
|-damage|p2a: Medicham|139\/262|[from] Stealth Rock
|turn|23
|
|switch|p1a: Eddy|Rotom-Wash|6\/241
|-damage|p1a: Eddy|0 fnt|[from] Stealth Rock
|faint|p1a: Eddy
|move|p2a: Medicham|Drain Punch|p1: Eddy|[notarget]
|-notarget
|
|
|switch|p1a: Rolf|Infernape, M|139\/293
|-damage|p1a: Rolf|103\/293|[from] Stealth Rock
|turn|24
|
|switch|p2a: Heatran|Heatran, M|30\/386
|-damage|p2a: Heatran|0 fnt|[from] Stealth Rock
|faint|p2a: Heatran
|move|p1a: Rolf|Fire Blast|p2: Heatran|[notarget]
|-notarget
|
|
|switch|p2a: Nymphali|Sylveon, F|345\/394 brn
|-damage|p2a: Nymphali|296\/394 brn|[from] Stealth Rock
|turn|25
|
|move|p1a: Rolf|U-turn|p2a: Nymphali
|-resisted|p2a: Nymphali
|-damage|p2a: Nymphali|258\/394 brn
|
|switch|p1a: Edd|Scizor-Mega, F|331\/331
|-damage|p1a: Edd|290\/331|[from] Stealth Rock
|move|p2a: Nymphali|Wish|p2a: Nymphali
|
|-heal|p2a: Nymphali|282\/394 brn|[from] item: Leftovers
|-damage|p2a: Nymphali|233\/394 brn|[from] brn
|turn|26
|join|Wait2Seconds
|
|switch|p2a: Medicham|Medicham-Mega, F|139\/262
|-damage|p2a: Medicham|123\/262|[from] Stealth Rock
|move|p1a: Edd|Bullet Punch|p2a: Medicham
|-damage|p2a: Medicham|0 fnt
|faint|p2a: Medicham
|
|
|switch|p2a: Landorus-Therian|Landorus-Therian, M|320\/320
|-damage|p2a: Landorus-Therian|280\/320|[from] Stealth Rock
|-ability|p2a: Landorus-Therian|Intimidate|[of] p1a: Edd
|-unboost|p1a: Edd|atk|1
|turn|27
|join|PNF
|leave|PNF
|c|âX TREE|why people joining?
|c|âMega Nymphali|i dont know
|c|âMega Nymphali|but gg, u win ;)
|c|âX TREE|gg
|
|move|p2a: Landorus-Therian|Earthquake|p1a: Edd
|-damage|p1a: Edd|149\/331
|move|p1a: Edd|Defog|p2a: Landorus-Therian
|-unboost|p2a: Landorus-Therian|evasion|1
|-sideend|p2: Mega Nymphali|Stealth Rock|[from] move: Defog|[of] p2a: Landorus-Therian
|-sideend|p1: X TREE|Stealth Rock|[from] move: Defog|[of] p1a: Edd
|
|turn|28
|
|switch|p2a: Gothitelle|Gothitelle, F|120\/344
|switch|p1a: Rolf|Infernape, M|103\/293
|
|turn|29
|join|Kine
|leave|Kine
|
|move|p2a: Gothitelle|Psyshock|p1a: Rolf
|-supereffective|p1a: Rolf
|-damage|p1a: Rolf|0 fnt
|faint|p1a: Rolf
|
|
|switch|p1a: Edd|Scizor-Mega, F|149\/331
|turn|30
|
|move|p2a: Gothitelle|Psyshock|p1a: Edd
|-resisted|p1a: Edd
|-damage|p1a: Edd|118\/331
|move|p1a: Edd|Roost|p1a: Edd
|-heal|p1a: Edd|284\/331
|
|turn|31
|
|move|p2a: Gothitelle|Psyshock|p1a: Edd
|-resisted|p1a: Edd
|-damage|p1a: Edd|248\/331
|move|p1a: Edd|U-turn|p2a: Gothitelle
|-supereffective|p2a: Gothitelle
|-damage|p2a: Gothitelle|0 fnt
|faint|p2a: Gothitelle
|
|switch|p1a: Ed|Landorus-Therian, M|227\/319
|
|
|switch|p2a: Landorus-Therian|Landorus-Therian, M|280\/320
|-ability|p2a: Landorus-Therian|Intimidate|[of] p1a: Ed
|-unboost|p1a: Ed|atk|1
|turn|32
|
|move|p1a: Ed|Knock Off|p2a: Landorus-Therian
|-damage|p2a: Landorus-Therian|195\/320
|-enditem|p2a: Landorus-Therian|Choice Scarf|[from] move: Knock Off|[of] p1a: Ed
|move|p2a: Landorus-Therian|Knock Off|p1a: Ed
|-damage|p1a: Ed|97\/319
|-enditem|p1a: Ed|Choice Scarf|[from] move: Knock Off|[of] p2a: Landorus-Therian
|
|turn|33
|
|move|p1a: Ed|Knock Off|p2a: Landorus-Therian
|-damage|p2a: Landorus-Therian|129\/320
|move|p2a: Landorus-Therian|Rock Tomb|p1a: Ed|[miss]
|-miss|p2a: Landorus-Therian|p1a: Ed
|
|turn|34
|
|move|p1a: Ed|U-turn|p2a: Landorus-Therian
|-resisted|p2a: Landorus-Therian
|-damage|p2a: Landorus-Therian|95\/320
|
|switch|p1a: Edd|Scizor-Mega, F|248\/331
|move|p2a: Landorus-Therian|Rock Tomb|p1a: Edd
|-damage|p1a: Edd|190\/331
|-unboost|p1a: Edd|spe|1
|
|turn|35
|
|move|p1a: Edd|Bullet Punch|p2a: Landorus-Therian
|-damage|p2a: Landorus-Therian|0 fnt
|faint|p2a: Landorus-Therian
|
|
|switch|p2a: Nymphali|Sylveon, F|233\/394 brn
|turn|36
|
|move|p1a: Edd|Bullet Punch|p2a: Nymphali
|-supereffective|p2a: Nymphali
|-damage|p2a: Nymphali|0 fnt
|faint|p2a: Nymphali
|
|win|X TREE
|raw|Ladder updating...
|raw|X TREE's rating: 1754 &rarr; <strong>1773<\/strong><br \/>(+19 for winning)
|raw|Mega Nymphali's rating: 1734 &rarr; <strong>1715<\/strong><br \/>(-19 for losing)
|c|âX TREE|gg
|leave|Mega Nymphali
|player|p2
|leave|X TREE
|player|p1
|join|Zenadark
|leave|Wait2Seconds
|join|santaK