|join|L33tGengar
|join|X TREE
|player|p1|L33tGengar|101
|player|p2|X TREE|1
|gametype|singles
|gen|6
|tier|OU
|rated
|clearpoke
|poke|p1|Gengar, M
|poke|p1|Porygon2
|poke|p1|Gyarados, M
|poke|p1|Thundurus, M
|poke|p1|Espeon, F
|poke|p1|Terrakion
|poke|p2|Kyurem-Black
|poke|p2|Scizor, M
|poke|p2|Azumarill, M
|poke|p2|Landorus-Therian, M
|poke|p2|Infernape, M
|poke|p2|Rotom-Wash
|rule|Swagger Clause: Swagger is banned
|rule|Baton Pass Clause: Limit one PokÃ©mon knowing Baton Pass
|rule|Sleep Clause Mod: Limit one foe put to sleep
|rule|Species Clause: Limit one of each PokÃ©mon
|rule|OHKO Clause: OHKO moves are banned
|rule|Moody Clause: Moody is banned
|rule|Evasion Moves Clause: Evasion moves are banned
|rule|Endless Battle Clause: Forcing endless battles is banned
|rule|HP Percentage Mod: HP is shown in percentages
|teampreview
|
|start
|switch|p1a: Espeon|Espeon, F|334\/334
|switch|p2a: Ed|Landorus-Therian, M|319\/319
|-ability|p2a: Ed|Intimidate|[of] p1a: Espeon
|-unboost|p1a: Espeon|atk|1
|turn|1
|
|switch|p1a: Gyarados|Gyarados, M|370\/370
|-ability|p1a: Gyarados|Intimidate|[of] p2a: Ed
|-unboost|p2a: Ed|atk|1
|move|p2a: Ed|U-turn|p1a: Gyarados
|-resisted|p1a: Gyarados
|-damage|p1a: Gyarados|340\/370
|
|switch|p2a: Eddy|Rotom-Wash|241\/241
|
|turn|2
|
|detailschange|p1a: Gyarados|Gyarados-Mega, M
|message|Gyarados has Mega Evolved into Mega Gyarados!
|-ability|p1a: Gyarados|Mold Breaker
|move|p2a: Eddy|Volt Switch|p1a: Gyarados
|-supereffective|p1a: Gyarados
|-damage|p1a: Gyarados|170\/370
|
|switch|p2a: Ed|Landorus-Therian, M|319\/319
|-ability|p2a: Ed|Intimidate|[of] p1a: Gyarados
|-unboost|p1a: Gyarados|atk|1
|move|p1a: Gyarados|Dragon Dance|p1a: Gyarados
|-boost|p1a: Gyarados|atk|1
|-boost|p1a: Gyarados|spe|1
|
|turn|3
|
|move|p2a: Ed|U-turn|p1a: Gyarados
|-supereffective|p1a: Gyarados
|-damage|p1a: Gyarados|26\/370
|
|switch|p2a: Jimmy|Azumarill, M|401\/401
|move|p1a: Gyarados|Waterfall|p2a: Jimmy
|-resisted|p2a: Jimmy
|-damage|p2a: Jimmy|301\/401
|
|turn|4
|
|move|p2a: Jimmy|Aqua Jet|p1a: Gyarados
|-resisted|p1a: Gyarados
|-damage|p1a: Gyarados|0 fnt
|faint|p1a: Gyarados
|
|
|switch|p1a: Thundurus|Thundurus, M|299\/299
|turn|5
|
|move|p2a: Jimmy|Aqua Jet|p1a: Thundurus
|-damage|p1a: Thundurus|184\/299
|move|p1a: Thundurus|Knock Off|p2a: Jimmy
|-resisted|p2a: Jimmy
|-damage|p2a: Jimmy|248\/401
|-enditem|p2a: Jimmy|Assault Vest|[from] move: Knock Off|[of] p1a: Thundurus
|
|turn|6
|
|move|p2a: Jimmy|Aqua Jet|p1a: Thundurus
|-damage|p1a: Thundurus|66\/299
|move|p1a: Thundurus|Thunderbolt|p2a: Jimmy
|-supereffective|p2a: Jimmy
|-damage|p2a: Jimmy|0 fnt
|faint|p2a: Jimmy
|
|
|switch|p2a: Eddy|Rotom-Wash|241\/241
|turn|7
|
|switch|p1a: Porygon2|Porygon2|374\/374
|-ability|p1a: Porygon2|Levitate|[from] ability: Trace|[of] p2a: Eddy
|move|p2a: Eddy|Volt Switch|p1a: Porygon2
|-damage|p1a: Porygon2|302\/374
|
|switch|p2a: Edd|Scizor, M|331\/331
|
|turn|8
|
|detailschange|p2a: Edd|Scizor-Mega, M
|message|Scizor has Mega Evolved into Mega Scizor!
|move|p2a: Edd|U-turn|p1a: Porygon2
|-damage|p1a: Porygon2|220\/374
|
|switch|p2a: Eddy|Rotom-Wash|241\/241
|move|p1a: Porygon2|Recover|p1a: Porygon2
|-heal|p1a: Porygon2|374\/374
|
|turn|9
|
|switch|p1a: Terrakion|Terrakion|323\/323
|move|p2a: Eddy|Trick|p1a: Terrakion
|-activate|p2a: Eddy|move: Trick|[of] p1a: Terrakion
|-item|p1a: Terrakion|Choice Scarf|[from] move: Trick
|-item|p2a: Eddy|Lum Berry|[from] move: Trick
|
|turn|10
|
|move|p1a: Terrakion|Stealth Rock|p2a: Eddy
|-sidestart|p2: X TREE|move: Stealth Rock
|move|p2a: Eddy|Will-O-Wisp|p1a: Terrakion|[miss]
|-miss|p2a: Eddy|p1a: Terrakion
|
|turn|11
|
|switch|p1a: Espeon|Espeon, F|334\/334
|move|p2a: Eddy|Volt Switch|p1a: Espeon
|-crit|p1a: Espeon
|-damage|p1a: Espeon|168\/334
|
|switch|p2a: Ed|Landorus-Therian, M|319\/319
|-damage|p2a: Ed|280\/319|[from] Stealth Rock
|-ability|p2a: Ed|Intimidate|[of] p1a: Espeon
|-unboost|p1a: Espeon|atk|1
|
|turn|12
|
|switch|p1a: Terrakion|Terrakion|323\/323
|move|p2a: Ed|U-turn|p1a: Terrakion
|-resisted|p1a: Terrakion
|-damage|p1a: Terrakion|274\/323
|
|switch|p2a: Edd|Scizor-Mega, M|331\/331
|-damage|p2a: Edd|290\/331|[from] Stealth Rock
|
|turn|13
|
|switch|p1a: Porygon2|Porygon2|374\/374
|-ability|p1a: Porygon2|Technician|[from] ability: Trace|[of] p2a: Edd
|move|p2a: Edd|Defog|p1a: Porygon2
|-unboost|p1a: Porygon2|evasion|1
|-sideend|p2: X TREE|Stealth Rock|[from] move: Defog|[of] p2a: Edd
|
|turn|14
|
|move|p2a: Edd|U-turn|p1a: Porygon2
|-damage|p1a: Porygon2|292\/374
|
|switch|p2a: Eddy|Rotom-Wash|241\/241
|move|p1a: Porygon2|Toxic|p2a: Eddy
|-status|p2a: Eddy|tox
|-enditem|p2a: Eddy|Lum Berry|[eat]
|-curestatus|p2a: Eddy|tox
|
|turn|15
|chat|X TREE|lol
|
|switch|p1a: Terrakion|Terrakion|274\/323
|move|p2a: Eddy|Trick|p1a: Terrakion
|-activate|p2a: Eddy|move: Trick|[of] p1a: Terrakion
|-item|p2a: Eddy|Choice Scarf|[from] move: Trick
|
|turn|16
|chat|L33tGengar|lol
|chat|L33tGengar|my lum berry :(
|
|move|p2a: Eddy|Hydro Pump|p1a: Terrakion
|-supereffective|p1a: Terrakion
|-damage|p1a: Terrakion|0 fnt
|faint|p1a: Terrakion
|
|
|switch|p1a: Espeon|Espeon, F|168\/334
|turn|17
|
|move|p2a: Eddy|Hydro Pump|p1a: Espeon
|-crit|p1a: Espeon
|-damage|p1a: Espeon|0 fnt
|faint|p1a: Espeon
|
|chat|L33tGengar|oh no :(
|-message|L33tGengar forfeited.
|
|win|X TREE
|raw|Ladder updating...
|raw|L33tGengar's rating: 1790 &rarr; <strong>1765<\/strong><br \/>(-25 for losing)
|raw|X TREE's rating: 1701 &rarr; <strong>1726<\/strong><br \/>(+25 for winning)
|leave|L33tGengar
|player|p1