|join|uCan'tBeatMeeee
|join|X TREE
|player|p1|uCan'tBeatMeeee|285
|player|p2|X TREE|266
|gametype|singles
|gen|6
|tier|OU
|rated
|clearpoke
|poke|p1|Landorus-Therian, M
|poke|p1|Ferrothorn, M
|poke|p1|Mew
|poke|p1|Gardevoir, F
|poke|p1|Tyranitar, F
|poke|p1|Keldeo-Resolute
|poke|p2|Kyurem-Black
|poke|p2|Scizor, F
|poke|p2|Azumarill, F
|poke|p2|Landorus-Therian, M
|poke|p2|Infernape, F
|poke|p2|Rotom-Wash
|rule|Swagger Clause: Swagger is banned
|rule|Baton Pass Clause: Limit one PokÃ©mon knowing Baton Pass
|rule|Sleep Clause Mod: Limit one foe put to sleep
|rule|Species Clause: Limit one of each PokÃ©mon
|rule|OHKO Clause: OHKO moves are banned
|rule|Moody Clause: Moody is banned
|rule|Evasion Moves Clause: Evasion moves are banned
|rule|Endless Battle Clause: Forcing endless battles is banned
|rule|HP Percentage Mod: HP is shown in percentages
|teampreview
|
|start
|switch|p1a: Landorus-Therian|Landorus-Therian, M|354\/354
|switch|p2a: Eddy|Rotom-Wash|241\/241
|-ability|p1a: Landorus-Therian|Intimidate|[of] p2a: Eddy
|-unboost|p2a: Eddy|atk|1
|turn|1
|
|move|p2a: Eddy|Will-O-Wisp|p1a: Landorus-Therian
|-status|p1a: Landorus-Therian|brn
|move|p1a: Landorus-Therian|U-turn|p2a: Eddy
|-damage|p2a: Eddy|198\/241
|
|switch|p1a: Gardevoir|Gardevoir, F|286\/286
|-ability|p1a: Gardevoir|Levitate|[from] ability: Trace|[of] p2a: Eddy
|
|turn|2
|
|switch|p2a: Edd|Scizor, F|331\/331
|detailschange|p1a: Gardevoir|Gardevoir-Mega, F
|message|Gardevoir has Mega Evolved into Mega Gardevoir!
|move|p1a: Gardevoir|Focus Blast|p2a: Edd
|-damage|p2a: Edd|124\/331
|
|turn|3
|
|switch|p1a: Ferrothorn|Ferrothorn, M|352\/352
|detailschange|p2a: Edd|Scizor-Mega, F
|message|Scizor has Mega Evolved into Mega Scizor!
|move|p2a: Edd|Bullet Punch|p1a: Ferrothorn
|-resisted|p1a: Ferrothorn
|-damage|p1a: Ferrothorn|307\/352
|-damage|p2a: Edd|83\/331|[from] ability: Iron Barbs|[of] p1a: Ferrothorn
|
|-heal|p1a: Ferrothorn|329\/352|[from] item: Leftovers
|turn|4
|
|move|p2a: Edd|Roost|p2a: Edd
|-heal|p2a: Edd|249\/331
|move|p1a: Ferrothorn|Stealth Rock|p2a: Edd
|-sidestart|p2: X TREE|move: Stealth Rock
|
|-heal|p1a: Ferrothorn|351\/352|[from] item: Leftovers
|turn|5
|
|switch|p1a: Keldeo-Resolute|Keldeo-Resolute|322\/322
|move|p2a: Edd|Defog|p1a: Keldeo-Resolute
|-unboost|p1a: Keldeo-Resolute|evasion|1
|-sideend|p2: X TREE|Stealth Rock|[from] move: Defog|[of] p2a: Edd
|
|turn|6
|
|switch|p2a: Jimmy|Azumarill, F|401\/401
|move|p1a: Keldeo-Resolute|Scald|p2a: Jimmy
|-crit|p2a: Jimmy
|-resisted|p2a: Jimmy
|-damage|p2a: Jimmy|272\/401
|
|turn|7
|
|move|p1a: Keldeo-Resolute|Scald|p2a: Jimmy
|-resisted|p2a: Jimmy
|-damage|p2a: Jimmy|186\/401
|move|p2a: Jimmy|Superpower|p1a: Keldeo-Resolute
|-damage|p1a: Keldeo-Resolute|139\/322
|-unboost|p2a: Jimmy|atk|1
|-unboost|p2a: Jimmy|def|1
|
|turn|8
|
|switch|p1a: Ferrothorn|Ferrothorn, M|351\/352
|move|p2a: Jimmy|Play Rough|p1a: Ferrothorn|[miss]
|-miss|p2a: Jimmy|p1a: Ferrothorn
|
|-heal|p1a: Ferrothorn|352\/352|[from] item: Leftovers
|turn|9
|
|switch|p2a: Rolf|Infernape, F|293\/293
|move|p1a: Ferrothorn|Stealth Rock|p2a: Rolf
|-sidestart|p2: X TREE|move: Stealth Rock
|
|turn|10
|
|switch|p1a: Landorus-Therian|Landorus-Therian, M|354\/354 brn
|-ability|p1a: Landorus-Therian|Intimidate|[of] p2a: Rolf
|-unboost|p2a: Rolf|atk|1
|move|p2a: Rolf|Fire Blast|p1a: Landorus-Therian
|-damage|p1a: Landorus-Therian|119\/354 brn
|
|-damage|p1a: Landorus-Therian|75\/354 brn|[from] brn
|turn|11
|
|switch|p2a: Edd|Scizor-Mega, F|249\/331
|-damage|p2a: Edd|208\/331|[from] Stealth Rock
|move|p1a: Landorus-Therian|U-turn|p2a: Edd
|-resisted|p2a: Edd
|-damage|p2a: Edd|189\/331
|
|switch|p1a: Keldeo-Resolute|Keldeo-Resolute|139\/322
|
|turn|12
|
|switch|p2a: Jimmy|Azumarill, F|186\/401
|-damage|p2a: Jimmy|136\/401|[from] Stealth Rock
|move|p1a: Keldeo-Resolute|Scald|p2a: Jimmy
|-resisted|p2a: Jimmy
|-damage|p2a: Jimmy|46\/401
|
|turn|13
|
|move|p2a: Jimmy|Aqua Jet|p1a: Keldeo-Resolute
|-resisted|p1a: Keldeo-Resolute
|-damage|p1a: Keldeo-Resolute|95\/322
|move|p1a: Keldeo-Resolute|Scald|p2a: Jimmy
|-resisted|p2a: Jimmy
|-damage|p2a: Jimmy|0 fnt
|faint|p2a: Jimmy
|
|
|switch|p2a: Kevin|Kyurem-Black|405\/405
|-damage|p2a: Kevin|304\/405|[from] Stealth Rock
|-ability|p2a: Kevin|Teravolt
|turn|14
|
|switch|p1a: Ferrothorn|Ferrothorn, M|352\/352
|move|p2a: Kevin|Fusion Bolt|p1a: Ferrothorn
|-resisted|p1a: Ferrothorn
|-damage|p1a: Ferrothorn|314\/352
|
|-heal|p2a: Kevin|329\/405|[from] item: Leftovers
|-heal|p1a: Ferrothorn|336\/352|[from] item: Leftovers
|turn|15
|
|switch|p2a: Rolf|Infernape, F|293\/293
|-damage|p2a: Rolf|257\/293|[from] Stealth Rock
|move|p1a: Ferrothorn|Leech Seed|p2a: Rolf
|-start|p2a: Rolf|move: Leech Seed
|
|-heal|p1a: Ferrothorn|352\/352|[from] item: Leftovers
|-damage|p2a: Rolf|221\/293|[from] Leech Seed|[of] p1a: Ferrothorn
|turn|16
|
|switch|p1a: Mew|Mew|404\/404
|move|p2a: Rolf|Fire Blast|p1a: Mew
|-damage|p1a: Mew|247\/404
|
|-heal|p1a: Mew|272\/404|[from] item: Leftovers
|-damage|p2a: Rolf|185\/293|[from] Leech Seed|[of] p1a: Mew
|-heal|p1a: Mew|308\/404|[silent]
|turn|17
|
|move|p2a: Rolf|U-turn|p1a: Mew
|-supereffective|p1a: Mew
|-damage|p1a: Mew|186\/404
|
|switch|p2a: Ed|Landorus-Therian, M|319\/319
|-damage|p2a: Ed|280\/319|[from] Stealth Rock
|-ability|p2a: Ed|Intimidate|[of] p1a: Mew
|-unboost|p1a: Mew|atk|1
|move|p1a: Mew|Knock Off|p2a: Ed
|-damage|p2a: Ed|226\/319
|-enditem|p2a: Ed|Choice Scarf|[from] move: Knock Off|[of] p1a: Mew
|
|-heal|p1a: Mew|211\/404|[from] item: Leftovers
|turn|18
|
|switch|p1a: Ferrothorn|Ferrothorn, M|352\/352
|move|p2a: Ed|Knock Off|p1a: Ferrothorn
|-damage|p1a: Ferrothorn|269\/352
|-damage|p2a: Ed|187\/319|[from] ability: Iron Barbs|[of] p1a: Ferrothorn
|-enditem|p1a: Ferrothorn|Leftovers|[from] move: Knock Off|[of] p2a: Ed
|
|turn|19
|
|move|p2a: Ed|Earthquake|p1a: Ferrothorn
|-damage|p1a: Ferrothorn|142\/352
|move|p1a: Ferrothorn|Leech Seed|p2a: Ed
|-start|p2a: Ed|move: Leech Seed
|
|-damage|p2a: Ed|148\/319|[from] Leech Seed|[of] p1a: Ferrothorn
|-heal|p1a: Ferrothorn|181\/352|[silent]
|turn|20
|
|switch|p2a: Rolf|Infernape, F|185\/293
|-damage|p2a: Rolf|149\/293|[from] Stealth Rock
|move|p1a: Ferrothorn|Gyro Ball|p2a: Rolf
|-resisted|p2a: Rolf
|-damage|p2a: Rolf|43\/293
|
|turn|21
|
|switch|p1a: Landorus-Therian|Landorus-Therian, M|75\/354 brn
|-ability|p1a: Landorus-Therian|Intimidate|[of] p2a: Rolf
|-unboost|p2a: Rolf|atk|1
|move|p2a: Rolf|Fire Blast|p1a: Landorus-Therian
|-damage|p1a: Landorus-Therian|0 fnt
|faint|p1a: Landorus-Therian
|
|
|switch|p1a: Mew|Mew|211\/404
|turn|22
|
|move|p2a: Rolf|Fire Blast|p1a: Mew
|-damage|p1a: Mew|0 fnt
|faint|p1a: Mew
|
|
|switch|p1a: Keldeo-Resolute|Keldeo-Resolute|95\/322
|turn|23
|
|move|p2a: Rolf|Vacuum Wave|p1a: Keldeo-Resolute
|-damage|p1a: Keldeo-Resolute|32\/322
|move|p1a: Keldeo-Resolute|Secret Sword|p2a: Rolf
|-damage|p2a: Rolf|0 fnt
|faint|p2a: Rolf
|
|
|switch|p2a: Eddy|Rotom-Wash|198\/241
|-damage|p2a: Eddy|168\/241|[from] Stealth Rock
|turn|24
|
|switch|p1a: Tyranitar|Tyranitar, F|342\/342
|-weather|Sandstorm
|move|p2a: Eddy|Volt Switch|p1a: Tyranitar
|-damage|p1a: Tyranitar|267\/342
|
|switch|p2a: Ed|Landorus-Therian, M|148\/319
|-damage|p2a: Ed|109\/319|[from] Stealth Rock
|-ability|p2a: Ed|Intimidate|[of] p1a: Tyranitar
|-unboost|p1a: Tyranitar|atk|1
|
|-weather|Sandstorm|[upkeep]
|turn|25
|
|switch|p1a: Ferrothorn|Ferrothorn, M|181\/352
|move|p2a: Ed|Earthquake|p1a: Ferrothorn
|-damage|p1a: Ferrothorn|49\/352
|
|-weather|Sandstorm|[upkeep]
|turn|26
|
|move|p2a: Ed|Earthquake|p1a: Ferrothorn
|-damage|p1a: Ferrothorn|0 fnt
|faint|p1a: Ferrothorn
|
|-weather|Sandstorm|[upkeep]
|
|switch|p1a: Keldeo-Resolute|Keldeo-Resolute|32\/322
|turn|27
|
|move|p1a: Keldeo-Resolute|Scald|p2a: Ed
|-supereffective|p2a: Ed
|-damage|p2a: Ed|0 fnt
|faint|p2a: Ed
|
|-weather|Sandstorm|[upkeep]
|-damage|p1a: Keldeo-Resolute|12\/322|[from] sandstorm
|
|switch|p2a: Edd|Scizor-Mega, F|189\/331
|-damage|p2a: Edd|148\/331|[from] Stealth Rock
|turn|28
|
|move|p2a: Edd|Bullet Punch|p1a: Keldeo-Resolute
|-resisted|p1a: Keldeo-Resolute
|-damage|p1a: Keldeo-Resolute|0 fnt
|faint|p1a: Keldeo-Resolute
|
|-weather|none
|
|switch|p1a: Tyranitar|Tyranitar, F|267\/342
|-weather|Sandstorm
|turn|29
|
|switch|p2a: Kevin|Kyurem-Black|329\/405
|-damage|p2a: Kevin|228\/405|[from] Stealth Rock
|-ability|p2a: Kevin|Teravolt
|move|p1a: Tyranitar|Crunch|p2a: Kevin
|-damage|p2a: Kevin|0 fnt
|faint|p2a: Kevin
|
|-weather|Sandstorm|[upkeep]
|
|switch|p2a: Eddy|Rotom-Wash|168\/241
|-damage|p2a: Eddy|138\/241|[from] Stealth Rock
|turn|30
|
|switch|p1a: Gardevoir|Gardevoir-Mega, F|286\/286
|move|p2a: Eddy|Hydro Pump|p1a: Gardevoir
|-damage|p1a: Gardevoir|144\/286
|
|-weather|Sandstorm|[upkeep]
|-damage|p2a: Eddy|123\/241|[from] sandstorm
|-damage|p1a: Gardevoir|127\/286|[from] sandstorm
|turn|31
|
|move|p2a: Eddy|Hydro Pump|p1a: Gardevoir
|-damage|p1a: Gardevoir|1\/286
|move|p1a: Gardevoir|Hyper Voice|p2a: Eddy
|-damage|p2a: Eddy|0 fnt
|faint|p2a: Eddy
|
|-weather|Sandstorm|[upkeep]
|-damage|p1a: Gardevoir|0 fnt|[from] sandstorm
|faint|p1a: Gardevoir
|
|switch|p1a: Tyranitar|Tyranitar, F|267\/342
|switch|p2a: Edd|Scizor-Mega, F|148\/331
|-damage|p2a: Edd|107\/331|[from] Stealth Rock
|turn|32
|
|move|p1a: Tyranitar|Crunch|p2a: Edd
|-damage|p2a: Edd|0 fnt
|faint|p2a: Edd
|
|win|uCan'tBeatMeeee
|raw|Ladder updating...
|raw|uCan&apos;tBeatMeeee's rating: 1815 &rarr; <strong>1831<\/strong><br \/>(+16 for winning)
|raw|X TREE's rating: 1752 &rarr; <strong>1736<\/strong><br \/>(-16 for losing)
|c|âuCan'tBeatMeeee|gg
|c|âX TREE|g
|leave|X TREE
|player|p2