|join|BasedBurakki
|join|X TREE
|player|p1|BasedBurakki|168
|player|p2|X TREE|266
|gametype|singles
|gen|6
|tier|OU
|rated
|clearpoke
|poke|p1|Tyranitar, F
|poke|p1|Excadrill, F
|poke|p1|Gengar, M
|poke|p1|Charizard, F
|poke|p1|Rotom-Wash
|poke|p1|Breloom, F
|poke|p2|Kyurem-Black
|poke|p2|Scizor, F
|poke|p2|Azumarill, F
|poke|p2|Landorus-Therian, M
|poke|p2|Infernape, F
|poke|p2|Rotom-Wash
|rule|Swagger Clause: Swagger is banned
|rule|Baton Pass Clause: Limit one PokÃ©mon knowing Baton Pass
|rule|Sleep Clause Mod: Limit one foe put to sleep
|rule|Species Clause: Limit one of each PokÃ©mon
|rule|OHKO Clause: OHKO moves are banned
|rule|Moody Clause: Moody is banned
|rule|Evasion Moves Clause: Evasion moves are banned
|rule|Endless Battle Clause: Forcing endless battles is banned
|rule|HP Percentage Mod: HP is shown in percentages
|teampreview
|
|start
|switch|p1a: Rotom-Wash|Rotom-Wash|304\/304
|switch|p2a: Rolf|Infernape, F|293\/293
|turn|1
|
|switch|p2a: Eddy|Rotom-Wash|241\/241
|move|p1a: Rotom-Wash|Volt Switch|p2a: Eddy
|-damage|p2a: Eddy|165\/241
|
|switch|p1a: Tyranitar|Tyranitar, F|404\/404
|-weather|Sandstorm
|
|-weather|Sandstorm|[upkeep]
|-damage|p2a: Eddy|150\/241|[from] sandstorm
|turn|2
|
|move|p2a: Eddy|Volt Switch|p1a: Tyranitar
|-damage|p1a: Tyranitar|355\/404
|
|switch|p2a: Ed|Landorus-Therian, M|319\/319
|-ability|p2a: Ed|Intimidate|[of] p1a: Tyranitar
|-unboost|p1a: Tyranitar|atk|1
|move|p1a: Tyranitar|Stealth Rock|p2a: Ed
|-sidestart|p2: X TREE|move: Stealth Rock
|
|-weather|Sandstorm|[upkeep]
|turn|3
|
|switch|p1a: Breloom|Breloom, F|323\/323
|move|p2a: Ed|U-turn|p1a: Breloom
|-damage|p1a: Breloom|250\/323
|
|switch|p2a: Rolf|Infernape, F|293\/293
|-damage|p2a: Rolf|257\/293|[from] Stealth Rock
|
|-weather|Sandstorm|[upkeep]
|-damage|p2a: Rolf|239\/293|[from] sandstorm
|-damage|p1a: Breloom|230\/323|[from] sandstorm
|-status|p1a: Breloom|tox|[from] item: Toxic Orb
|turn|4
|
|switch|p1a: Rotom-Wash|Rotom-Wash|304\/304
|move|p2a: Rolf|Stealth Rock|p1a: Rotom-Wash
|-sidestart|p1: BasedBurakki|move: Stealth Rock
|
|-weather|Sandstorm|[upkeep]
|-damage|p2a: Rolf|221\/293|[from] sandstorm
|-damage|p1a: Rotom-Wash|285\/304|[from] sandstorm
|turn|5
|
|move|p2a: Rolf|U-turn|p1a: Rotom-Wash
|-damage|p1a: Rotom-Wash|242\/304
|
|switch|p2a: Kevin|Kyurem-Black|405\/405
|-damage|p2a: Kevin|304\/405|[from] Stealth Rock
|-ability|p2a: Kevin|Teravolt
|move|p1a: Rotom-Wash|Hydro Pump|p2a: Kevin|[miss]
|-miss|p1a: Rotom-Wash|p2a: Kevin
|
|-weather|Sandstorm|[upkeep]
|-damage|p2a: Kevin|279\/405|[from] sandstorm
|-damage|p1a: Rotom-Wash|223\/304|[from] sandstorm
|-heal|p2a: Kevin|304\/405|[from] item: Leftovers
|turn|6
|
|switch|p1a: Tyranitar|Tyranitar, F|355\/404
|-damage|p1a: Tyranitar|305\/404|[from] Stealth Rock
|move|p2a: Kevin|Substitute|p2a: Kevin
|-start|p2a: Kevin|Substitute
|-damage|p2a: Kevin|203\/405
|
|-weather|Sandstorm|[upkeep]
|-damage|p2a: Kevin|178\/405|[from] sandstorm
|-heal|p2a: Kevin|203\/405|[from] item: Leftovers
|turn|7
|
|move|p2a: Kevin|Earth Power|p1a: Tyranitar
|-supereffective|p1a: Tyranitar
|-damage|p1a: Tyranitar|199\/404
|move|p1a: Tyranitar|Stone Edge|p2a: Kevin|[miss]
|-miss|p1a: Tyranitar|p2a: Kevin
|
|-weather|Sandstorm|[upkeep]
|-damage|p2a: Kevin|178\/405|[from] sandstorm
|-heal|p2a: Kevin|203\/405|[from] item: Leftovers
|turn|8
|
|move|p2a: Kevin|Fusion Bolt|p1a: Tyranitar
|-damage|p1a: Tyranitar|77\/404
|move|p1a: Tyranitar|Stone Edge|p2a: Kevin|[miss]
|-miss|p1a: Tyranitar|p2a: Kevin
|
|-weather|none
|-heal|p2a: Kevin|228\/405|[from] item: Leftovers
|turn|9
|c|âBasedBurakki|bs
|c|âX TREE|sorry
|
|move|p2a: Kevin|Earth Power|p1a: Tyranitar
|-supereffective|p1a: Tyranitar
|-damage|p1a: Tyranitar|0 fnt
|faint|p1a: Tyranitar
|
|-heal|p2a: Kevin|253\/405|[from] item: Leftovers
|c|âBasedBurakki|dw it happens
|
|switch|p1a: Excadrill|Excadrill, F|362\/362
|-damage|p1a: Excadrill|351\/362|[from] Stealth Rock
|-item|p1a: Excadrill|Air Balloon
|turn|10
|
|move|p2a: Kevin|Ice Beam|p1a: Excadrill
|-damage|p1a: Excadrill|119\/362
|-enditem|p1a: Excadrill|Air Balloon
|move|p1a: Excadrill|Iron Head|p2a: Kevin
|-supereffective|p2a: Kevin
|-end|p2a: Kevin|Substitute
|
|-heal|p2a: Kevin|278\/405|[from] item: Leftovers
|turn|11
|
|switch|p1a: Gengar|Gengar, M|262\/262
|-damage|p1a: Gengar|230\/262|[from] Stealth Rock
|move|p2a: Kevin|Ice Beam|p1a: Gengar
|-damage|p1a: Gengar|10\/262
|
|-heal|p2a: Kevin|303\/405|[from] item: Leftovers
|turn|12
|
|switch|p2a: Jimmy|Azumarill, F|401\/401
|-damage|p2a: Jimmy|351\/401|[from] Stealth Rock
|move|p1a: Gengar|Sludge Wave|p2a: Jimmy
|-crit|p2a: Jimmy
|-supereffective|p2a: Jimmy
|-damage|p2a: Jimmy|0 fnt
|-damage|p1a: Gengar|0 fnt|[from] item: Life Orb
|faint|p2a: Jimmy
|faint|p1a: Gengar
|
|
|switch|p2a: Rolf|Infernape, F|221\/293
|-damage|p2a: Rolf|185\/293|[from] Stealth Rock
|switch|p1a: Charizard|Charizard, F|297\/297
|-damage|p1a: Charizard|149\/297|[from] Stealth Rock
|turn|13
|
|switch|p1a: Breloom|Breloom, F|230\/323 tox
|-damage|p1a: Breloom|210\/323 tox|[from] Stealth Rock
|move|p2a: Rolf|U-turn|p1a: Breloom
|-damage|p1a: Breloom|164\/323 tox
|
|switch|p2a: Ed|Landorus-Therian, M|319\/319
|-damage|p2a: Ed|280\/319|[from] Stealth Rock
|-ability|p2a: Ed|Intimidate|[of] p1a: Breloom
|-unboost|p1a: Breloom|atk|1
|
|-heal|p1a: Breloom|204\/323 tox|[from] ability: Poison Heal
|turn|14
|
|move|p2a: Ed|U-turn|p1a: Breloom
|-damage|p1a: Breloom|131\/323 tox
|
|switch|p2a: Rolf|Infernape, F|185\/293
|-damage|p2a: Rolf|149\/293|[from] Stealth Rock
|move|p1a: Breloom|Substitute|p1a: Breloom
|-start|p1a: Breloom|Substitute
|-damage|p1a: Breloom|51\/323 tox
|
|-heal|p1a: Breloom|91\/323 tox|[from] ability: Poison Heal
|turn|15
|
|-singleturn|p1a: Breloom|move: Focus Punch
|move|p2a: Rolf|Fire Blast|p1a: Breloom
|-supereffective|p1a: Breloom
|-end|p1a: Breloom|Substitute
|move|p1a: Breloom|Focus Punch|p2a: Rolf
|-damage|p2a: Rolf|0 fnt
|faint|p2a: Rolf
|
|-heal|p1a: Breloom|131\/323 tox|[from] ability: Poison Heal
|
|switch|p2a: Ed|Landorus-Therian, M|280\/319
|-damage|p2a: Ed|241\/319|[from] Stealth Rock
|-ability|p2a: Ed|Intimidate|[of] p1a: Breloom
|-unboost|p1a: Breloom|atk|1
|turn|16
|
|move|p2a: Ed|U-turn|p1a: Breloom
|-crit|p1a: Breloom
|-damage|p1a: Breloom|21\/323 tox
|
|switch|p2a: Edd|Scizor, F|331\/331
|-damage|p2a: Edd|290\/331|[from] Stealth Rock
|move|p1a: Breloom|Spore|p2a: Edd
|-status|p2a: Edd|slp
|
|-heal|p1a: Breloom|61\/323 tox|[from] ability: Poison Heal
|turn|17
|
|detailschange|p2a: Edd|Scizor-Mega, F
|message|Scizor has Mega Evolved into Mega Scizor!
|cant|p2a: Edd|slp
|move|p1a: Breloom|Leech Seed|p2a: Edd
|-start|p2a: Edd|move: Leech Seed
|
|-damage|p2a: Edd|249\/331 slp|[from] Leech Seed|[of] p1a: Breloom
|-heal|p1a: Breloom|102\/323 tox|[silent]
|-heal|p1a: Breloom|142\/323 tox|[from] ability: Poison Heal
|turn|18
|
|cant|p2a: Edd|slp
|move|p1a: Breloom|Substitute|p1a: Breloom
|-start|p1a: Breloom|Substitute
|-damage|p1a: Breloom|62\/323 tox
|
|-damage|p2a: Edd|208\/331 slp|[from] Leech Seed|[of] p1a: Breloom
|-heal|p1a: Breloom|103\/323 tox|[silent]
|-heal|p1a: Breloom|143\/323 tox|[from] ability: Poison Heal
|turn|19
|
|cant|p2a: Edd|slp
|move|p1a: Breloom|Spore|p2a: Edd
|-fail|p2a: Edd|slp
|
|-damage|p2a: Edd|167\/331 slp|[from] Leech Seed|[of] p1a: Breloom
|-heal|p1a: Breloom|184\/323 tox|[silent]
|-heal|p1a: Breloom|224\/323 tox|[from] ability: Poison Heal
|turn|20
|
|-curestatus|p2a: Edd|slp
|move|p2a: Edd|U-turn|p1a: Breloom
|-end|p1a: Breloom|Substitute
|
|switch|p2a: Eddy|Rotom-Wash|150\/241
|-damage|p2a: Eddy|120\/241|[from] Stealth Rock
|move|p1a: Breloom|Spore|p2a: Eddy
|-status|p2a: Eddy|slp
|
|-heal|p1a: Breloom|264\/323 tox|[from] ability: Poison Heal
|turn|21
|
|switch|p2a: Edd|Scizor-Mega, F|167\/331
|-damage|p2a: Edd|126\/331|[from] Stealth Rock
|move|p1a: Breloom|Substitute|p1a: Breloom
|-start|p1a: Breloom|Substitute
|-damage|p1a: Breloom|184\/323 tox
|
|-heal|p1a: Breloom|224\/323 tox|[from] ability: Poison Heal
|turn|22
|
|move|p2a: Edd|Roost|p2a: Edd
|-heal|p2a: Edd|292\/331
|move|p1a: Breloom|Leech Seed|p2a: Edd
|-start|p2a: Edd|move: Leech Seed
|
|-damage|p2a: Edd|251\/331|[from] Leech Seed|[of] p1a: Breloom
|-heal|p1a: Breloom|265\/323 tox|[silent]
|-heal|p1a: Breloom|305\/323 tox|[from] ability: Poison Heal
|turn|23
|
|-singleturn|p1a: Breloom|move: Focus Punch
|move|p2a: Edd|U-turn|p1a: Breloom
|-end|p1a: Breloom|Substitute
|
|switch|p2a: Ed|Landorus-Therian, M|241\/319
|-damage|p2a: Ed|202\/319|[from] Stealth Rock
|-ability|p2a: Ed|Intimidate|[of] p1a: Breloom
|-unboost|p1a: Breloom|atk|1
|move|p1a: Breloom|Focus Punch|p2a: Ed
|-resisted|p2a: Ed
|-damage|p2a: Ed|150\/319
|
|-heal|p1a: Breloom|323\/323 tox|[from] ability: Poison Heal
|turn|24
|
|move|p2a: Ed|U-turn|p1a: Breloom
|-damage|p1a: Breloom|250\/323 tox
|
|switch|p2a: Edd|Scizor-Mega, F|251\/331
|-damage|p2a: Edd|210\/331|[from] Stealth Rock
|move|p1a: Breloom|Leech Seed|p2a: Edd
|-start|p2a: Edd|move: Leech Seed
|
|-damage|p2a: Edd|169\/331|[from] Leech Seed|[of] p1a: Breloom
|-heal|p1a: Breloom|291\/323 tox|[silent]
|-heal|p1a: Breloom|323\/323 tox|[from] ability: Poison Heal
|turn|25
|
|switch|p1a: Excadrill|Excadrill, F|119\/362
|-damage|p1a: Excadrill|108\/362|[from] Stealth Rock
|move|p2a: Edd|U-turn|p1a: Excadrill
|-crit|p1a: Excadrill
|-resisted|p1a: Excadrill
|-damage|p1a: Excadrill|0 fnt
|faint|p1a: Excadrill
|c|âBasedBurakki|ohh
|c|âX TREE|?
|
|switch|p2a: Ed|Landorus-Therian, M|150\/319
|-damage|p2a: Ed|111\/319|[from] Stealth Rock
|
|
|switch|p1a: Breloom|Breloom, F|323\/323 tox
|-damage|p1a: Breloom|303\/323 tox|[from] Stealth Rock
|turn|26
|
|move|p2a: Ed|U-turn|p1a: Breloom
|-damage|p1a: Breloom|225\/323 tox
|
|switch|p2a: Eddy|Rotom-Wash|120\/241 slp
|-damage|p2a: Eddy|90\/241 slp|[from] Stealth Rock
|move|p1a: Breloom|Leech Seed|p2a: Eddy
|-start|p2a: Eddy|move: Leech Seed
|
|-damage|p2a: Eddy|60\/241 slp|[from] Leech Seed|[of] p1a: Breloom
|-heal|p1a: Breloom|255\/323 tox|[silent]
|-heal|p1a: Breloom|295\/323 tox|[from] ability: Poison Heal
|turn|27
|c|âBasedBurakki|the crit was a bit annoying
|c|âX TREE|i'm max attack so i'm not sure it mattered
|
|cant|p2a: Eddy|slp
|move|p1a: Breloom|Substitute|p1a: Breloom
|-start|p1a: Breloom|Substitute
|-damage|p1a: Breloom|215\/323 tox
|
|-damage|p2a: Eddy|30\/241 slp|[from] Leech Seed|[of] p1a: Breloom
|-heal|p1a: Breloom|245\/323 tox|[silent]
|-heal|p1a: Breloom|285\/323 tox|[from] ability: Poison Heal
|turn|28
|c|âBasedBurakki|oh
|
|-singleturn|p1a: Breloom|move: Focus Punch
|switch|p2a: Edd|Scizor-Mega, F|169\/331
|-damage|p2a: Edd|128\/331|[from] Stealth Rock
|move|p1a: Breloom|Focus Punch|p2a: Edd
|-damage|p2a: Edd|0 fnt
|faint|p2a: Edd
|
|-heal|p1a: Breloom|323\/323 tox|[from] ability: Poison Heal
|c|âX TREE|darn i choked this away
|c|âBasedBurakki|yeah
|
|switch|p2a: Ed|Landorus-Therian, M|111\/319
|-damage|p2a: Ed|72\/319|[from] Stealth Rock
|-activate|p1a: Breloom|Substitute|ability: Intimidate|[of] p2a: Ed
|turn|29
|c|âBasedBurakki|although I still had charizard
|c|âBasedBurakki|since his hp is odd
|c|âBasedBurakki|he can take two sr switch-ins
|c|âBasedBurakki|instead of one
|
|move|p2a: Ed|U-turn|p1a: Breloom
|-activate|p1a: Breloom|Substitute|[damage]
|
|switch|p2a: Eddy|Rotom-Wash|30\/241 slp
|-damage|p2a: Eddy|0 fnt|[from] Stealth Rock
|faint|p2a: Eddy
|move|p1a: Breloom|Spore|p2: Eddy|[notarget]
|-notarget
|
|
|switch|p2a: Kevin|Kyurem-Black|303\/405
|-damage|p2a: Kevin|202\/405|[from] Stealth Rock
|-ability|p2a: Kevin|Teravolt
|turn|30
|
|-singleturn|p1a: Breloom|move: Focus Punch
|move|p2a: Kevin|Substitute|p2a: Kevin
|-start|p2a: Kevin|Substitute
|-damage|p2a: Kevin|101\/405
|move|p1a: Breloom|Focus Punch|p2a: Kevin
|-supereffective|p2a: Kevin
|-end|p2a: Kevin|Substitute
|
|-heal|p2a: Kevin|126\/405|[from] item: Leftovers
|turn|31
|
|-singleturn|p1a: Breloom|move: Focus Punch
|move|p2a: Kevin|Ice Beam|p1a: Breloom
|-supereffective|p1a: Breloom
|-end|p1a: Breloom|Substitute
|move|p1a: Breloom|Focus Punch|p2a: Kevin
|-supereffective|p2a: Kevin
|-damage|p2a: Kevin|0 fnt
|faint|p2a: Kevin
|
|c|âX TREE|gg
|
|switch|p2a: Ed|Landorus-Therian, M|72\/319
|-damage|p2a: Ed|33\/319|[from] Stealth Rock
|-ability|p2a: Ed|Intimidate|[of] p1a: Breloom
|-unboost|p1a: Breloom|atk|1
|turn|32
|c|âBasedBurakki|gg
|
|move|p2a: Ed|Knock Off|p1a: Breloom
|-resisted|p1a: Breloom
|-damage|p1a: Breloom|270\/323 tox
|-enditem|p1a: Breloom|Toxic Orb|[from] move: Knock Off|[of] p2a: Ed
|move|p1a: Breloom|Leech Seed|p2a: Ed
|-start|p2a: Ed|move: Leech Seed
|
|-damage|p2a: Ed|0 fnt|[from] Leech Seed|[of] p1a: Breloom
|-heal|p1a: Breloom|303\/323 tox|[silent]
|-heal|p1a: Breloom|323\/323 tox|[from] ability: Poison Heal
|faint|p2a: Ed
|
|win|BasedBurakki
|raw|Ladder updating...
|raw|BasedBurakki's rating: 1679 &rarr; <strong>1703<\/strong><br \/>(+24 for winning)
|raw|X TREE's rating: 1738 &rarr; <strong>1715<\/strong><br \/>(-23 for losing)
|leave|X TREE
|player|p2