|join|COOLdude513
|join|X TREE
|player|p1|COOLdude513|161
|player|p2|X TREE|1
|gametype|singles
|gen|6
|tier|OU
|rated
|clearpoke
|poke|p1|Pinsir, M
|poke|p1|Landorus-Therian, M
|poke|p1|Magnezone
|poke|p1|Clefable, M
|poke|p1|Latias, F
|poke|p1|Vaporeon, F
|poke|p2|Gengar, F
|poke|p2|Ferrothorn, M
|poke|p2|Espeon, M
|poke|p2|Smeargle, M
|poke|p2|Torterra, F
|poke|p2|Diancie
|rule|Swagger Clause: Swagger is banned
|rule|Baton Pass Clause: Limit one PokÃ©mon knowing Baton Pass
|rule|Sleep Clause Mod: Limit one foe put to sleep
|rule|Species Clause: Limit one of each PokÃ©mon
|rule|OHKO Clause: OHKO moves are banned
|rule|Moody Clause: Moody is banned
|rule|Evasion Moves Clause: Evasion moves are banned
|rule|Endless Battle Clause: Forcing endless battles is banned
|rule|HP Percentage Mod: HP is shown in percentages
|teampreview
|c|âX TREE|yo wats gud doe
|c|âCOOLdude513|nothin much just playing pokemon lol
|c|âX TREE|imma cool dude 2
|
|start
|switch|p1a: Come at me bro|Landorus-Therian, M|319\/319
|switch|p2a: Gengar|Gengar, F|324\/324
|-ability|p1a: Come at me bro|Intimidate|[of] p2a: Gengar
|-unboost|p2a: Gengar|atk|1
|turn|1
|
|move|p1a: Come at me bro|U-turn|p2a: Gengar
|-resisted|p2a: Gengar
|-damage|p2a: Gengar|282\/324
|
|switch|p1a: Nami|Vaporeon, F|464\/464
|move|p2a: Gengar|Confuse Ray|p1a: Nami
|-start|p1a: Nami|confusion
|
|turn|2
|
|switch|p1a: Come at me bro|Landorus-Therian, M|319\/319
|-ability|p1a: Come at me bro|Intimidate|[of] p2a: Gengar
|-unboost|p2a: Gengar|atk|1
|move|p2a: Gengar|Dark Pulse|p1a: Come at me bro
|-damage|p1a: Come at me bro|228\/319
|
|turn|3
|
|switch|p2a: Diancie|Diancie|304\/304
|move|p1a: Come at me bro|Stealth Rock|p2a: Diancie
|-sidestart|p2: X TREE|move: Stealth Rock
|
|turn|4
|
|switch|p1a: iPull|Magnezone|324\/324
|move|p2a: Diancie|Sunny Day|p2a: Diancie
|-weather|SunnyDay
|
|-weather|SunnyDay|[upkeep]
|turn|5
|
|move|p1a: iPull|Flash Cannon|p2a: Diancie
|-supereffective|p2a: Diancie
|-damage|p2a: Diancie|0 fnt
|faint|p2a: Diancie
|
|-weather|SunnyDay|[upkeep]
|c|âX TREE|wtf HP fighting would have killed
|
|switch|p2a: Torterra|Torterra, F|394\/394
|-damage|p2a: Torterra|370\/394|[from] Stealth Rock
|turn|6
|c|âCOOLdude513|hp fighting?
|c|âCOOLdude513|you have hp fighting on diancie?
|c|âX TREE|yee
|
|switch|p1a: GET BOPPED|Pinsir, M|271\/271
|move|p2a: Torterra|Light Screen|p2a: Torterra
|-sidestart|p2: X TREE|move: Light Screen
|
|-weather|SunnyDay|[upkeep]
|turn|7
|
|detailschange|p1a: GET BOPPED|Pinsir-Mega, M
|message|Pinsir has Mega Evolved into Mega Pinsir!
|move|p1a: GET BOPPED|Return|p2a: Torterra
|-supereffective|p2a: Torterra
|-damage|p2a: Torterra|0 fnt
|faint|p2a: Torterra
|
|-weather|SunnyDay|[upkeep]
|
|switch|p2a: Ferrothorn|Ferrothorn, M|289\/289
|-damage|p2a: Ferrothorn|271\/289|[from] Stealth Rock
|turn|8
|
|move|p1a: GET BOPPED|Swords Dance|p1a: GET BOPPED
|-boost|p1a: GET BOPPED|atk|2
|move|p2a: Ferrothorn|Solar Beam|p1a: GET BOPPED|[still]
|-prepare|p2a: Ferrothorn|Solar Beam|p1a: GET BOPPED
|-anim|p2a: Ferrothorn|Solar Beam|p1a: GET BOPPED
|-resisted|p1a: GET BOPPED
|-damage|p1a: GET BOPPED|247\/271
|
|-weather|none
|turn|9
|c|âX TREE|eyy hitemup
|c|âCOOLdude513|solarbeam ferrothorn new meta lol
|
|move|p1a: GET BOPPED|Swords Dance|p1a: GET BOPPED
|-boost|p1a: GET BOPPED|atk|2
|move|p2a: Ferrothorn|Rock Polish|p2a: Ferrothorn
|-boost|p2a: Ferrothorn|spe|2
|
|turn|10
|
|move|p1a: GET BOPPED|Close Combat|p2a: Ferrothorn
|-supereffective|p2a: Ferrothorn
|-damage|p2a: Ferrothorn|0 fnt
|-damage|p1a: GET BOPPED|214\/271|[from] ability: Iron Barbs|[of] p2a: Ferrothorn
|-unboost|p1a: GET BOPPED|def|1
|-unboost|p1a: GET BOPPED|spd|1
|faint|p2a: Ferrothorn
|
|-sideend|p2: X TREE|move: Light Screen
|
|switch|p2a: Espeon|Espeon, M|271\/271
|-damage|p2a: Espeon|238\/271|[from] Stealth Rock
|-item|p2a: Espeon|Air Balloon
|turn|11
|
|move|p2a: Espeon|Quick Attack|p1a: GET BOPPED
|-damage|p1a: GET BOPPED|175\/271
|move|p1a: GET BOPPED|Quick Attack|p2a: Espeon
|-damage|p2a: Espeon|0 fnt
|-enditem|p2a: Espeon|Air Balloon
|faint|p2a: Espeon
|
|c|âX TREE|how dafuq is that so strong
|
|switch|p2a: Smeargle|Smeargle, M|314\/314
|-damage|p2a: Smeargle|275\/314|[from] Stealth Rock
|turn|12
|c|âCOOLdude513|is this an rpg team?
|c|âCOOLdude513|its stab
|c|âCOOLdude513|aerialiate
|c|âX TREE|imma stab u
|
|move|p2a: Smeargle|Detect|p2a: Smeargle
|-singleturn|p2a: Smeargle|Protect
|move|p1a: GET BOPPED|Quick Attack|p2a: Smeargle
|-activate|p2a: Smeargle|Protect
|
|turn|13
|
|move|p1a: GET BOPPED|Return|p2a: Smeargle
|-damage|p2a: Smeargle|0 fnt
|faint|p2a: Smeargle
|
|
|switch|p2a: Gengar|Gengar, F|282\/324
|-damage|p2a: Gengar|242\/324|[from] Stealth Rock
|turn|14
|
|move|p1a: GET BOPPED|Quick Attack|p2a: Gengar
|-damage|p2a: Gengar|0 fnt
|faint|p2a: Gengar
|
|win|COOLdude513
|raw|Ladder updating...
|raw|COOLdude513's rating: 1717 &rarr; <strong>1742<\/strong><br \/>(+25 for winning)
|raw|X TREE's rating: 1811 &rarr; <strong>1786<\/strong><br \/>(-25 for losing)
|c|âX TREE|gg
|c|âCOOLdude513|gg