|join|Dizzy Puppet 23
|join|X TREE
|player|p1|Dizzy Puppet 23|79
|player|p2|X TREE|257
|gametype|singles
|gen|6
|tier|OU
|rated
|clearpoke
|poke|p1|Smeargle, F, shiny
|poke|p1|Whimsicott, M, shiny
|poke|p1|Azelf, shiny
|poke|p1|Wobbuffet, M
|poke|p1|Porygon-Z, shiny
|poke|p1|Mew
|poke|p2|Kyurem-Black
|poke|p2|Scizor, F
|poke|p2|Azumarill, F
|poke|p2|Landorus-Therian, M
|poke|p2|Infernape, M
|poke|p2|Rotom-Wash
|rule|Swagger Clause: Swagger is banned
|rule|Baton Pass Clause: Limit one PokÃ©mon knowing Baton Pass
|rule|Sleep Clause Mod: Limit one foe put to sleep
|rule|Species Clause: Limit one of each PokÃ©mon
|rule|OHKO Clause: OHKO moves are banned
|rule|Moody Clause: Moody is banned
|rule|Evasion Moves Clause: Evasion moves are banned
|rule|Endless Battle Clause: Forcing endless battles is banned
|rule|HP Percentage Mod: HP is shown in percentages
|teampreview
|
|start
|switch|p1a: Mew|Mew|404\/404
|switch|p2a: Eddy|Rotom-Wash|241\/241
|turn|1
|
|move|p2a: Eddy|Trick|p1a: Mew
|-activate|p2a: Eddy|move: Trick|[of] p1a: Mew
|-item|p1a: Mew|Choice Scarf|[from] move: Trick
|-item|p2a: Eddy|Red Card|[from] move: Trick
|move|p1a: Mew|Stealth Rock|p2a: Eddy
|-sidestart|p2: X TREE|move: Stealth Rock
|
|turn|2
|
|switch|p1a: Wobbuffet|Wobbuffet, M|584\/584
|move|p2a: Eddy|Volt Switch|p1a: Wobbuffet
|-damage|p1a: Wobbuffet|428\/584
|
|switch|p2a: Edd|Scizor, F|331\/331
|-damage|p2a: Edd|290\/331|[from] Stealth Rock
|
|-heal|p1a: Wobbuffet|464\/584|[from] item: Leftovers
|turn|3
|
|detailschange|p2a: Edd|Scizor-Mega, F
|message|Scizor has Mega Evolved into Mega Scizor!
|move|p2a: Edd|Defog|p1a: Wobbuffet
|-unboost|p1a: Wobbuffet|evasion|1
|-sideend|p2: X TREE|Stealth Rock|[from] move: Defog|[of] p2a: Edd
|move|p1a: Wobbuffet|Encore|p2a: Edd
|-start|p2a: Edd|Encore
|
|-heal|p1a: Wobbuffet|500\/584|[from] item: Leftovers
|turn|4
|
|move|p2a: Edd|Defog|p1a: Wobbuffet
|-unboost|p1a: Wobbuffet|evasion|1
|move|p1a: Wobbuffet|Destiny Bond|p1a: Wobbuffet
|-singlemove|p1a: Wobbuffet|Destiny Bond
|
|-heal|p1a: Wobbuffet|536\/584|[from] item: Leftovers
|turn|5
|
|move|p2a: Edd|Defog|p1a: Wobbuffet
|-unboost|p1a: Wobbuffet|evasion|1
|move|p1a: Wobbuffet|Destiny Bond|p1a: Wobbuffet
|-singlemove|p1a: Wobbuffet|Destiny Bond
|
|-heal|p1a: Wobbuffet|572\/584|[from] item: Leftovers
|turn|6
|
|move|p2a: Edd|Defog|p1a: Wobbuffet
|-unboost|p1a: Wobbuffet|evasion|1
|move|p1a: Wobbuffet|Encore|p2a: Edd
|-fail|p2a: Edd
|
|-heal|p1a: Wobbuffet|584\/584|[from] item: Leftovers
|-end|p2a: Edd|Encore
|turn|7
|
|move|p2a: Edd|Defog|p1a: Wobbuffet
|-unboost|p1a: Wobbuffet|evasion|1
|move|p1a: Wobbuffet|Counter|p2a: Edd
|-fail|p2a: Edd
|
|turn|8
|
|move|p2a: Edd|Defog|p1a: Wobbuffet
|-unboost|p1a: Wobbuffet|evasion|1
|move|p1a: Wobbuffet|Counter|p2a: Edd
|-fail|p2a: Edd
|
|turn|9
|
|move|p2a: Edd|Defog|p1a: Wobbuffet
|move|p1a: Wobbuffet|Counter|p2a: Edd
|-fail|p2a: Edd
|
|turn|10
|
|move|p2a: Edd|Defog|p1a: Wobbuffet
|move|p1a: Wobbuffet|Counter|p2a: Edd
|-fail|p2a: Edd
|
|turn|11
|
|move|p2a: Edd|Defog|p1a: Wobbuffet
|move|p1a: Wobbuffet|Counter|p2a: Edd
|-fail|p2a: Edd
|
|turn|12
|
|move|p2a: Edd|Defog|p1a: Wobbuffet
|move|p1a: Wobbuffet|Counter|p2a: Edd
|-fail|p2a: Edd
|
|turn|13
|
|move|p2a: Edd|Defog|p1a: Wobbuffet
|move|p1a: Wobbuffet|Counter|p2a: Edd
|-fail|p2a: Edd
|
|turn|14
|
|move|p2a: Edd|Defog|p1a: Wobbuffet
|move|p1a: Wobbuffet|Counter|p2a: Edd
|-fail|p2a: Edd
|
|turn|15
|
|move|p2a: Edd|Defog|p1a: Wobbuffet
|move|p1a: Wobbuffet|Counter|p2a: Edd
|-fail|p2a: Edd
|
|turn|16
|
|move|p2a: Edd|Roost|p2a: Edd
|-heal|p2a: Edd|331\/331
|move|p1a: Wobbuffet|Counter|p2a: Edd
|-fail|p2a: Edd
|
|turn|17
|
|move|p2a: Edd|Defog|p1a: Wobbuffet
|move|p1a: Wobbuffet|Counter|p2a: Edd
|-fail|p2a: Edd
|
|turn|18
|
|move|p2a: Edd|Defog|p1a: Wobbuffet
|move|p1a: Wobbuffet|Counter|p2a: Edd
|-fail|p2a: Edd
|
|turn|19
|
|switch|p1a: Azelf|Azelf, shiny|354\/354
|move|p2a: Edd|Defog|p1a: Azelf
|-unboost|p1a: Azelf|evasion|1
|
|turn|20
|
|move|p1a: Azelf|Taunt|p2a: Edd
|-start|p2a: Edd|move: Taunt
|move|p2a: Edd|U-turn|p1a: Azelf
|-supereffective|p1a: Azelf
|-damage|p1a: Azelf|0 fnt
|faint|p1a: Azelf
|
|switch|p2a: Kevin|Kyurem-Black|405\/405
|-ability|p2a: Kevin|Teravolt
|
|
|switch|p1a: Wobbuffet|Wobbuffet, M|584\/584
|turn|21
|
|move|p2a: Kevin|Substitute|p2a: Kevin
|-start|p2a: Kevin|Substitute
|-damage|p2a: Kevin|304\/405
|move|p1a: Wobbuffet|Counter|p2a: Kevin
|-fail|p2a: Kevin
|
|-heal|p2a: Kevin|329\/405|[from] item: Leftovers
|turn|22
|
|move|p2a: Kevin|Ice Beam|p1a: Wobbuffet
|-damage|p1a: Wobbuffet|352\/584
|move|p1a: Wobbuffet|Mirror Coat|p2a: Kevin
|-end|p2a: Kevin|Substitute
|
|-heal|p2a: Kevin|354\/405|[from] item: Leftovers
|-heal|p1a: Wobbuffet|388\/584|[from] item: Leftovers
|turn|23
|
|move|p2a: Kevin|Substitute|p2a: Kevin
|-start|p2a: Kevin|Substitute
|-damage|p2a: Kevin|253\/405
|move|p1a: Wobbuffet|Mirror Coat|p2a: Kevin
|-fail|p2a: Kevin
|
|-heal|p2a: Kevin|278\/405|[from] item: Leftovers
|-heal|p1a: Wobbuffet|424\/584|[from] item: Leftovers
|turn|24
|
|move|p2a: Kevin|Fusion Bolt|p1a: Wobbuffet
|-damage|p1a: Wobbuffet|295\/584
|move|p1a: Wobbuffet|Mirror Coat|p2a: Kevin
|-fail|p2a: Kevin
|
|-heal|p2a: Kevin|303\/405|[from] item: Leftovers
|-heal|p1a: Wobbuffet|331\/584|[from] item: Leftovers
|turn|25
|
|move|p2a: Kevin|Ice Beam|p1a: Wobbuffet
|-damage|p1a: Wobbuffet|66\/584
|move|p1a: Wobbuffet|Mirror Coat|p2a: Kevin
|-end|p2a: Kevin|Substitute
|
|-heal|p2a: Kevin|328\/405|[from] item: Leftovers
|-heal|p1a: Wobbuffet|102\/584|[from] item: Leftovers
|turn|26
|
|move|p2a: Kevin|Ice Beam|p1a: Wobbuffet
|-damage|p1a: Wobbuffet|0 fnt
|faint|p1a: Wobbuffet
|
|-heal|p2a: Kevin|353\/405|[from] item: Leftovers
|
|switch|p1a: Whimsicott|Whimsicott, M, shiny|324\/324
|turn|27
|
|move|p1a: Whimsicott|Tailwind|p1a: Whimsicott
|-sidestart|p1: Dizzy Puppet 23|move: Tailwind
|move|p2a: Kevin|Ice Beam|p1a: Whimsicott
|-supereffective|p1a: Whimsicott
|-enditem|p1a: Whimsicott|Focus Sash
|-damage|p1a: Whimsicott|1\/324
|
|-heal|p2a: Kevin|378\/405|[from] item: Leftovers
|turn|28
|
|switch|p2a: Ed|Landorus-Therian, M|319\/319
|-ability|p2a: Ed|Intimidate|[of] p1a: Whimsicott
|-unboost|p1a: Whimsicott|atk|1
|move|p1a: Whimsicott|Memento|p2a: Ed
|-unboost|p2a: Ed|atk|2
|-unboost|p2a: Ed|spa|2
|faint|p1a: Whimsicott
|
|
|switch|p1a: Smeargle|Smeargle, F, shiny|273\/273
|turn|29
|
|move|p2a: Ed|Knock Off|p1a: Smeargle
|-damage|p1a: Smeargle|193\/273
|-enditem|p1a: Smeargle|Power Herb|[from] move: Knock Off|[of] p2a: Ed
|move|p1a: Smeargle|Geomancy|p1a: Smeargle|[still]
|-prepare|p1a: Smeargle|Geomancy|p1a: Smeargle
|
|turn|30
|
|switch|p2a: Edd|Scizor-Mega, F|331\/331
|move|p1a: Smeargle|Geomancy|p1a: Smeargle
|-boost|p1a: Smeargle|spa|2
|-boost|p1a: Smeargle|spd|2
|-boost|p1a: Smeargle|spe|2
|
|-sideend|p1: Dizzy Puppet 23|move: Tailwind
|turn|31
|
|move|p2a: Edd|Bullet Punch|p1a: Smeargle
|-damage|p1a: Smeargle|25\/273
|move|p1a: Smeargle|Cotton Guard|p1a: Smeargle
|-boost|p1a: Smeargle|def|3
|
|turn|32
|c|âX TREE|get rekt
|-message|Dizzy Puppet 23 forfeited.
|
|win|X TREE
|raw|Ladder updating...
|leave|Dizzy Puppet 23
|player|p1
|raw|Dizzy Puppet 23's rating: 1645 &rarr; <strong>1628<\/strong><br \/>(-17 for losing)
|raw|X TREE's rating: 1691 &rarr; <strong>1708<\/strong><br \/>(+17 for winning)