|join|X TREE
|join|TheBlueSun
|player|p1|X TREE|265
|player|p2|TheBlueSun|15
|gametype|singles
|gen|6
|tier|OU
|rated
|clearpoke
|poke|p1|Kyurem-Black
|poke|p1|Scizor, F
|poke|p1|Azumarill, F
|poke|p1|Landorus-Therian, M
|poke|p1|Infernape, M
|poke|p1|Rotom-Wash
|poke|p2|Pinsir, F
|poke|p2|Thundurus, M
|poke|p2|Terrakion
|poke|p2|Talonflame, M
|poke|p2|Dragonite, F
|poke|p2|Starmie
|rule|Swagger Clause: Swagger is banned
|rule|Baton Pass Clause: Limit one PokÃ©mon knowing Baton Pass
|rule|Sleep Clause Mod: Limit one foe put to sleep
|rule|Species Clause: Limit one of each PokÃ©mon
|rule|OHKO Clause: OHKO moves are banned
|rule|Moody Clause: Moody is banned
|rule|Evasion Moves Clause: Evasion moves are banned
|rule|Endless Battle Clause: Forcing endless battles is banned
|rule|HP Percentage Mod: HP is shown in percentages
|teampreview
|c|âTheBlueSun|gl hf
|c|âX TREE|u2
|
|start
|switch|p1a: Eddy|Rotom-Wash|241\/241
|switch|p2a: Drop that bucket|Terrakion|323\/323
|turn|1
|
|move|p1a: Eddy|Volt Switch|p2a: Drop that bucket
|-damage|p2a: Drop that bucket|214\/323
|
|switch|p1a: Ed|Landorus-Therian, M|319\/319
|-ability|p1a: Ed|Intimidate|[of] p2a: Drop that bucket
|-unboost|p2a: Drop that bucket|atk|1
|move|p2a: Drop that bucket|Taunt|p1a: Ed
|-start|p1a: Ed|move: Taunt
|
|turn|2
|
|switch|p2a: Essential Smell|Thundurus, M|299\/299
|move|p1a: Ed|U-turn|p2a: Essential Smell
|-resisted|p2a: Essential Smell
|-damage|p2a: Essential Smell|235\/299
|
|switch|p1a: Eddy|Rotom-Wash|241\/241
|
|turn|3
|
|switch|p2a: Shiny Waves|Starmie|261\/261
|move|p1a: Eddy|Volt Switch|p2a: Shiny Waves
|-supereffective|p2a: Shiny Waves
|-damage|p2a: Shiny Waves|33\/261
|
|switch|p1a: Ed|Landorus-Therian, M|319\/319
|-ability|p1a: Ed|Intimidate|[of] p2a: Shiny Waves
|-unboost|p2a: Shiny Waves|atk|1
|
|turn|4
|
|switch|p2a: Essential Smell|Thundurus, M|235\/299
|move|p1a: Ed|U-turn|p2a: Essential Smell
|-resisted|p2a: Essential Smell
|-damage|p2a: Essential Smell|174\/299
|
|switch|p1a: Jimmy|Azumarill, F|401\/401
|
|turn|5
|
|switch|p2a: Shiny Waves|Starmie|33\/261
|move|p1a: Jimmy|Waterfall|p2a: Shiny Waves
|-resisted|p2a: Shiny Waves
|-damage|p2a: Shiny Waves|0 fnt
|faint|p2a: Shiny Waves
|
|
|switch|p2a: Drop that bucket|Terrakion|214\/323
|turn|6
|
|switch|p1a: Ed|Landorus-Therian, M|319\/319
|-ability|p1a: Ed|Intimidate|[of] p2a: Drop that bucket
|-unboost|p2a: Drop that bucket|atk|1
|move|p2a: Drop that bucket|Stealth Rock|p1a: Ed
|-sidestart|p1: X TREE|move: Stealth Rock
|
|turn|7
|
|move|p1a: Ed|U-turn|p2a: Drop that bucket
|-resisted|p2a: Drop that bucket
|-damage|p2a: Drop that bucket|162\/323
|
|switch|p1a: Edd|Scizor, F|331\/331
|-damage|p1a: Edd|290\/331|[from] Stealth Rock
|move|p2a: Drop that bucket|Close Combat|p1a: Edd
|-damage|p1a: Edd|148\/331
|-unboost|p2a: Drop that bucket|def|1
|-unboost|p2a: Drop that bucket|spd|1
|
|turn|8
|
|detailschange|p1a: Edd|Scizor-Mega, F
|message|Scizor has Mega Evolved into Mega Scizor!
|move|p1a: Edd|Bullet Punch|p2a: Drop that bucket
|-supereffective|p2a: Drop that bucket
|-damage|p2a: Drop that bucket|0 fnt
|faint|p2a: Drop that bucket
|
|
|switch|p2a: Lazy Bookseller|Talonflame, M|357\/357
|turn|9
|
|switch|p2a: Cheeseburger|Dragonite, F|385\/385
|move|p1a: Edd|U-turn|p2a: Cheeseburger
|-resisted|p2a: Cheeseburger
|-damage|p2a: Cheeseburger|349\/385
|
|switch|p1a: Kevin|Kyurem-Black|405\/405
|-damage|p1a: Kevin|304\/405|[from] Stealth Rock
|-ability|p1a: Kevin|Teravolt
|
|-heal|p1a: Kevin|329\/405|[from] item: Leftovers
|turn|10
|
|move|p2a: Cheeseburger|Extreme Speed|p1a: Kevin
|-damage|p1a: Kevin|144\/405
|move|p1a: Kevin|Substitute|p1a: Kevin
|-start|p1a: Kevin|Substitute
|-damage|p1a: Kevin|43\/405
|
|-heal|p1a: Kevin|68\/405|[from] item: Leftovers
|turn|11
|
|move|p2a: Cheeseburger|Extreme Speed|p1a: Kevin
|-end|p1a: Kevin|Substitute
|move|p1a: Kevin|Ice Beam|p2a: Cheeseburger
|-supereffective|p2a: Cheeseburger
|-damage|p2a: Cheeseburger|0 fnt
|faint|p2a: Cheeseburger
|
|-heal|p1a: Kevin|93\/405|[from] item: Leftovers
|
|switch|p2a: Essential Smell|Thundurus, M|174\/299
|turn|12
|
|move|p2a: Essential Smell|Focus Blast|p1a: Kevin|[miss]
|-miss|p2a: Essential Smell|p1a: Kevin
|move|p1a: Kevin|Ice Beam|p2a: Essential Smell
|-supereffective|p2a: Essential Smell
|-damage|p2a: Essential Smell|0 fnt
|faint|p2a: Essential Smell
|
|-heal|p1a: Kevin|118\/405|[from] item: Leftovers
|
|switch|p2a: Overview now|Pinsir, F|271\/271
|-ability|p2a: Overview now|Mold Breaker
|turn|13
|
|move|p2a: Overview now|Earthquake|p1a: Kevin
|-damage|p1a: Kevin|0 fnt
|faint|p1a: Kevin
|
|
|switch|p1a: Ed|Landorus-Therian, M|319\/319
|-damage|p1a: Ed|280\/319|[from] Stealth Rock
|-ability|p1a: Ed|Intimidate|[of] p2a: Overview now
|-unboost|p2a: Overview now|atk|1
|turn|14
|
|detailschange|p2a: Overview now|Pinsir-Mega, F
|message|Pinsir has Mega Evolved into Mega Pinsir!
|move|p1a: Ed|Stone Edge|p2a: Overview now
|-supereffective|p2a: Overview now
|-damage|p2a: Overview now|0 fnt
|faint|p2a: Overview now
|
|
|switch|p2a: Lazy Bookseller|Talonflame, M|357\/357
|turn|15
|
|move|p1a: Ed|Stone Edge|p2a: Lazy Bookseller
|-supereffective|p2a: Lazy Bookseller
|-damage|p2a: Lazy Bookseller|0 fnt
|faint|p2a: Lazy Bookseller
|
|win|X TREE
|raw|Ladder updating...
|raw|X TREE's rating: 1780 &rarr; <strong>1796<\/strong><br \/>(+16 for winning)
|raw|TheBlueSun's rating: 1695 &rarr; <strong>1680<\/strong><br \/>(-15 for losing)
|c|âTheBlueSun|gg
|c|âX TREE|gg