|join|Vaporeon for Ubers
|join|X TREE
|player|p1|Vaporeon for Ubers|167
|player|p2|X TREE|1
|gametype|singles
|gen|6
|tier|OU
|rated
|clearpoke
|poke|p1|Dragonite, M
|poke|p1|Starmie
|poke|p1|Heatran, M
|poke|p1|Breloom, M
|poke|p1|Pinsir, F
|poke|p1|Sylveon, F
|poke|p2|Kyurem-Black
|poke|p2|Scizor, F
|poke|p2|Azumarill, F
|poke|p2|Landorus-Therian, M
|poke|p2|Infernape, M
|poke|p2|Rotom-Wash
|rule|Swagger Clause: Swagger is banned
|rule|Baton Pass Clause: Limit one PokÃ©mon knowing Baton Pass
|rule|Sleep Clause Mod: Limit one foe put to sleep
|rule|Species Clause: Limit one of each PokÃ©mon
|rule|OHKO Clause: OHKO moves are banned
|rule|Moody Clause: Moody is banned
|rule|Evasion Moves Clause: Evasion moves are banned
|rule|Endless Battle Clause: Forcing endless battles is banned
|rule|HP Percentage Mod: HP is shown in percentages
|teampreview
|chat|Vaporeon for Ubers|gl hf
|chat|X TREE|u2
|
|start
|switch|p1a: Starmie|Starmie|323\/323
|switch|p2a: Rolf|Infernape, M|293\/293
|turn|1
|
|switch|p2a: Eddy|Rotom-Wash|241\/241
|move|p1a: Starmie|Psyshock|p2a: Eddy
|-damage|p2a: Eddy|153\/241
|
|turn|2
|
|move|p2a: Eddy|Volt Switch|p1a: Starmie
|-supereffective|p1a: Starmie
|-damage|p1a: Starmie|89\/323
|
|switch|p2a: Ed|Landorus-Therian, M|319\/319
|-ability|p2a: Ed|Intimidate|[of] p1a: Starmie
|-unboost|p1a: Starmie|atk|1
|move|p1a: Starmie|Recover|p1a: Starmie
|-heal|p1a: Starmie|251\/323
|
|-heal|p1a: Starmie|271\/323|[from] item: Leftovers
|turn|3
|
|move|p2a: Ed|U-turn|p1a: Starmie
|-supereffective|p1a: Starmie
|-damage|p1a: Starmie|59\/323
|
|switch|p2a: Eddy|Rotom-Wash|153\/241
|move|p1a: Starmie|Scald|p2a: Eddy
|-resisted|p2a: Eddy
|-damage|p2a: Eddy|111\/241
|-status|p2a: Eddy|brn
|
|-heal|p1a: Starmie|79\/323|[from] item: Leftovers
|-damage|p2a: Eddy|81\/241 brn|[from] brn
|turn|4
|
|switch|p1a: Sylveon|Sylveon, F|394\/394
|move|p2a: Eddy|Volt Switch|p1a: Sylveon
|-damage|p1a: Sylveon|310\/394
|
|switch|p2a: Edd|Scizor, F|331\/331
|
|-heal|p1a: Sylveon|334\/394|[from] item: Leftovers
|turn|5
|
|switch|p1a: Heatran|Heatran, M|386\/386
|detailschange|p2a: Edd|Scizor-Mega, F
|message|Scizor has Mega Evolved into Mega Scizor!
|move|p2a: Edd|U-turn|p1a: Heatran
|-resisted|p1a: Heatran
|-damage|p1a: Heatran|352\/386
|join|beanstheoremV.2
|
|switch|p2a: Ed|Landorus-Therian, M|319\/319
|-ability|p2a: Ed|Intimidate|[of] p1a: Heatran
|-unboost|p1a: Heatran|atk|1
|
|-heal|p1a: Heatran|376\/386|[from] item: Leftovers
|turn|6
|join|bluri
|raw|<div class="broadcast-red"><b>Moderated chat was set to +!<\/b><br \/>Only users of rank + and higher can talk.<\/div>
|leave|bluri
beanstheoremV.2 was promoted to Room Voice by Vaporeon for Ubers.
|chat|beanstheoremV.2|:D
|
|switch|p1a: Sylveon|Sylveon, F|334\/394
|move|p2a: Ed|Earthquake|p1a: Sylveon
|-damage|p1a: Sylveon|154\/394
|
|-heal|p1a: Sylveon|178\/394|[from] item: Leftovers
|turn|7
|chat|Vaporeon for Ubers|ouch
|
|switch|p2a: Jimmy|Azumarill, F|401\/401
|move|p1a: Sylveon|Protect|p1a: Sylveon
|-fail|p1a: Sylveon
|
|-heal|p1a: Sylveon|202\/394|[from] item: Leftovers
|turn|8
|chat|beanstheoremV.2|its not banded, cause thats how much it does to hippo
|chat|Vaporeon for Ubers|it's scarfed
|chat|beanstheoremV.2|*duh*
|
|move|p1a: Sylveon|Wish|p1a: Sylveon
|move|p2a: Jimmy|Play Rough|p1a: Sylveon
|-damage|p1a: Sylveon|33\/394
|
|-heal|p1a: Sylveon|57\/394|[from] item: Leftovers
|turn|9
|chat|Vaporeon for Ubers|belly drum when
|
|switch|p2a: Edd|Scizor-Mega, F|331\/331
|move|p1a: Sylveon|Protect|p1a: Sylveon
|-fail|p1a: Sylveon
|
|-heal|p1a: Sylveon|254\/394|[from] move: Wish|[wisher] Sylveon
|-heal|p1a: Sylveon|278\/394|[from] item: Leftovers
|turn|10
|
|switch|p1a: Heatran|Heatran, M|376\/386
|move|p2a: Edd|Bullet Punch|p1a: Heatran
|-resisted|p1a: Heatran
|-damage|p1a: Heatran|343\/386
|
|-heal|p1a: Heatran|367\/386|[from] item: Leftovers
|turn|11
|
|switch|p2a: Rolf|Infernape, M|293\/293
|move|p1a: Heatran|Stealth Rock|p2a: Rolf
|-sidestart|p2: X TREE|move: Stealth Rock
|
|-heal|p1a: Heatran|386\/386|[from] item: Leftovers
|turn|12
|
|switch|p1a: Starmie|Starmie|79\/323
|move|p2a: Rolf|Stealth Rock|p1a: Starmie
|-sidestart|p1: Vaporeon for Ubers|move: Stealth Rock
|
|-heal|p1a: Starmie|99\/323|[from] item: Leftovers
|turn|13
|join|Jwlen
|
|switch|p2a: Jimmy|Azumarill, F|401\/401
|-damage|p2a: Jimmy|351\/401|[from] Stealth Rock
|move|p1a: Starmie|Recover|p1a: Starmie
|-heal|p1a: Starmie|261\/323
|
|-heal|p1a: Starmie|281\/323|[from] item: Leftovers
|turn|14
|
|move|p1a: Starmie|Rapid Spin|p2a: Jimmy
|-damage|p2a: Jimmy|336\/401
|-sideend|p1: Vaporeon for Ubers|Stealth Rock|[from] move: Rapid Spin|[of] p1a: Starmie
|move|p2a: Jimmy|Play Rough|p1a: Starmie
|-damage|p1a: Starmie|74\/323
|
|-heal|p1a: Starmie|94\/323|[from] item: Leftovers
|turn|15
|
|move|p1a: Starmie|Psyshock|p2a: Jimmy
|-damage|p2a: Jimmy|219\/401
|move|p2a: Jimmy|Play Rough|p1a: Starmie
|-damage|p1a: Starmie|0 fnt
|faint|p1a: Starmie
|
|chat|beanstheoremV.2|oof
|
|switch|p1a: Pinsir|Pinsir, F|271\/271
|turn|16
|join|bluri
|leave|bluri
|chat|Vaporeon for Ubers|pls dont time out
|chat|Vaporeon for Ubers|this is getting intereting
|chat|Vaporeon for Ubers|interesting*
|chat|X TREE|sorry
|
|move|p1a: Pinsir|Swords Dance|p1a: Pinsir
|-boost|p1a: Pinsir|atk|2
|move|p2a: Jimmy|Waterfall|p1a: Pinsir
|-damage|p1a: Pinsir|111\/271
|
|turn|17
|chat|beanstheoremV.2|:l
|chat|Vaporeon for Ubers|pls come back
|chat|Vaporeon for Ubers|oh cool
|
|detailschange|p1a: Pinsir|Pinsir-Mega, F
|message|Pinsir has Mega Evolved into Mega Pinsir!
|move|p1a: Pinsir|Frustration|p2a: Jimmy
|-damage|p2a: Jimmy|0 fnt
|faint|p2a: Jimmy
|
|
|switch|p2a: Ed|Landorus-Therian, M|319\/319
|-damage|p2a: Ed|280\/319|[from] Stealth Rock
|-ability|p2a: Ed|Intimidate|[of] p1a: Pinsir
|-unboost|p1a: Pinsir|atk|1
|turn|18
|
|switch|p1a: Sylveon|Sylveon, F|278\/394
|move|p2a: Ed|Stone Edge|p1a: Sylveon
|-damage|p1a: Sylveon|160\/394
|
|-heal|p1a: Sylveon|184\/394|[from] item: Leftovers
|turn|19
|
|switch|p2a: Eddy|Rotom-Wash|81\/241 brn
|-damage|p2a: Eddy|51\/241 brn|[from] Stealth Rock
|move|p1a: Sylveon|Wish|p1a: Sylveon
|
|-heal|p1a: Sylveon|208\/394|[from] item: Leftovers
|-damage|p2a: Eddy|21\/241 brn|[from] brn
|turn|20
|
|switch|p2a: Edd|Scizor-Mega, F|331\/331
|-damage|p2a: Edd|290\/331|[from] Stealth Rock
|move|p1a: Sylveon|Protect|p1a: Sylveon
|-fail|p1a: Sylveon
|
|-heal|p1a: Sylveon|394\/394|[from] move: Wish|[wisher] Sylveon
|turn|21
|
|move|p2a: Edd|Defog|p1a: Sylveon
|-unboost|p1a: Sylveon|evasion|1
|-sideend|p2: X TREE|Stealth Rock|[from] move: Defog|[of] p2a: Edd
|move|p1a: Sylveon|Wish|p1a: Sylveon
|
|turn|22
|
|switch|p1a: Pinsir|Pinsir-Mega, F|111\/271
|move|p2a: Edd|U-turn|p1a: Pinsir
|-resisted|p1a: Pinsir
|-damage|p1a: Pinsir|52\/271
|
|switch|p2a: Ed|Landorus-Therian, M|280\/319
|-ability|p2a: Ed|Intimidate|[of] p1a: Pinsir
|-unboost|p1a: Pinsir|atk|1
|
|-heal|p1a: Pinsir|249\/271|[from] move: Wish|[wisher] Sylveon
|turn|23
|chat|beanstheoremV.2|uhhh
|leave|X TREE
|player|p2
|join|X TREE
|player|p2|X TREE|1
|
|switch|p1a: Sylveon|Sylveon, F|394\/394
|move|p2a: Ed|U-turn|p1a: Sylveon
|-resisted|p1a: Sylveon
|-damage|p1a: Sylveon|348\/394
|leave|Jwlen
|chat|X TREE|my connection is bad
|chat|Vaporeon for Ubers|lol dw
|
|switch|p2a: Rolf|Infernape, M|293\/293
|
|-heal|p1a: Sylveon|372\/394|[from] item: Leftovers
|turn|24
|
|move|p2a: Rolf|Stealth Rock|p1a: Sylveon
|-sidestart|p1: Vaporeon for Ubers|move: Stealth Rock
|move|p1a: Sylveon|Hyper Voice|p2a: Rolf
|-damage|p2a: Rolf|74\/293
|
|-heal|p1a: Sylveon|394\/394|[from] item: Leftovers
|turn|25
|
|move|p2a: Rolf|Fire Blast|p1a: Sylveon
|-damage|p1a: Sylveon|172\/394
|move|p1a: Sylveon|Wish|p1a: Sylveon
|
|-heal|p1a: Sylveon|196\/394|[from] item: Leftovers
|turn|26
|
|move|p1a: Sylveon|Protect|p1a: Sylveon
|-singleturn|p1a: Sylveon|Protect
|move|p2a: Rolf|U-turn|p1a: Sylveon
|-activate|p1a: Sylveon|Protect
|
|-heal|p1a: Sylveon|393\/394|[from] move: Wish|[wisher] Sylveon
|-heal|p1a: Sylveon|394\/394|[from] item: Leftovers
|turn|27
|
|move|p2a: Rolf|U-turn|p1a: Sylveon
|-resisted|p1a: Sylveon
|-damage|p1a: Sylveon|365\/394
|
|switch|p2a: Edd|Scizor-Mega, F|290\/331
|move|p1a: Sylveon|Hyper Voice|p2a: Edd
|-resisted|p2a: Edd
|-damage|p2a: Edd|212\/331
|
|-heal|p1a: Sylveon|389\/394|[from] item: Leftovers
|turn|28
|
|move|p2a: Edd|Bullet Punch|p1a: Sylveon
|-supereffective|p1a: Sylveon
|-damage|p1a: Sylveon|125\/394
|move|p1a: Sylveon|Wish|p1a: Sylveon
|
|-heal|p1a: Sylveon|149\/394|[from] item: Leftovers
|turn|29
|
|move|p1a: Sylveon|Protect|p1a: Sylveon
|-singleturn|p1a: Sylveon|Protect
|move|p2a: Edd|Bullet Punch|p1a: Sylveon
|-activate|p1a: Sylveon|Protect
|
|-heal|p1a: Sylveon|346\/394|[from] move: Wish|[wisher] Sylveon
|-heal|p1a: Sylveon|370\/394|[from] item: Leftovers
|turn|30
|
|move|p2a: Edd|U-turn|p1a: Sylveon
|-crit|p1a: Sylveon
|-resisted|p1a: Sylveon
|-damage|p1a: Sylveon|253\/394
|
|switch|p2a: Eddy|Rotom-Wash|21\/241 brn
|move|p1a: Sylveon|Wish|p1a: Sylveon
|
|-heal|p1a: Sylveon|277\/394|[from] item: Leftovers
|-damage|p2a: Eddy|0 fnt|[from] brn
|faint|p2a: Eddy
|
|switch|p2a: Edd|Scizor-Mega, F|212\/331
|turn|31
|
|switch|p1a: Pinsir|Pinsir-Mega, F|249\/271
|-damage|p1a: Pinsir|114\/271|[from] Stealth Rock
|move|p2a: Edd|Bullet Punch|p1a: Pinsir
|-damage|p1a: Pinsir|3\/271
|
|-heal|p1a: Pinsir|200\/271|[from] move: Wish|[wisher] Sylveon
|turn|32
|
|move|p2a: Edd|Bullet Punch|p1a: Pinsir
|-damage|p1a: Pinsir|86\/271
|move|p1a: Pinsir|Frustration|p2a: Edd
|-damage|p2a: Edd|7\/331
|
|turn|33
|
|switch|p2a: Ed|Landorus-Therian, M|280\/319
|-ability|p2a: Ed|Intimidate|[of] p1a: Pinsir
|-unboost|p1a: Pinsir|atk|1
|move|p1a: Pinsir|Quick Attack|p2a: Ed
|-damage|p2a: Ed|207\/319
|
|turn|34
|
|move|p1a: Pinsir|Quick Attack|p2a: Ed
|-damage|p2a: Ed|131\/319
|move|p2a: Ed|Stone Edge|p1a: Pinsir
|-supereffective|p1a: Pinsir
|-damage|p1a: Pinsir|0 fnt
|faint|p1a: Pinsir
|
|
|switch|p1a: Breloom|Breloom, M|262\/262
|-damage|p1a: Breloom|246\/262|[from] Stealth Rock
|turn|35
|
|switch|p2a: Rolf|Infernape, M|74\/293
|move|p1a: Breloom|Spore|p2a: Rolf
|-status|p2a: Rolf|slp
|
|turn|36
|
|cant|p2a: Rolf|slp
|move|p1a: Breloom|Rock Tomb|p2a: Rolf
|-damage|p2a: Rolf|0 fnt
|faint|p2a: Rolf
|
|
|switch|p2a: Kevin|Kyurem-Black|405\/405
|-ability|p2a: Kevin|Teravolt
|turn|37
|
|move|p1a: Breloom|Mach Punch|p2a: Kevin
|-supereffective|p2a: Kevin
|-damage|p2a: Kevin|159\/405
|move|p2a: Kevin|Ice Beam|p1a: Breloom
|-supereffective|p1a: Breloom
|-damage|p1a: Breloom|0 fnt
|faint|p1a: Breloom
|
|-heal|p2a: Kevin|184\/405|[from] item: Leftovers
|
|switch|p1a: Heatran|Heatran, M|386\/386
|-damage|p1a: Heatran|338\/386|[from] Stealth Rock
|turn|38
|
|move|p2a: Kevin|Earth Power|p1a: Heatran
|-supereffective|p1a: Heatran
|-damage|p1a: Heatran|50\/386
|move|p1a: Heatran|Lava Plume|p2a: Kevin
|-damage|p2a: Kevin|49\/405
|-status|p2a: Kevin|brn
|
|-heal|p2a: Kevin|74\/405 brn|[from] item: Leftovers
|-heal|p1a: Heatran|74\/386|[from] item: Leftovers
|-damage|p2a: Kevin|24\/405 brn|[from] brn
|turn|39
|
|move|p2a: Kevin|Earth Power|p1a: Heatran
|-supereffective|p1a: Heatran
|-damage|p1a: Heatran|0 fnt
|faint|p1a: Heatran
|
|-heal|p2a: Kevin|49\/405 brn|[from] item: Leftovers
|-damage|p2a: Kevin|0 fnt|[from] brn
|faint|p2a: Kevin
|
|switch|p2a: Edd|Scizor-Mega, F|7\/331
|switch|p1a: Sylveon|Sylveon, F|277\/394
|-damage|p1a: Sylveon|228\/394|[from] Stealth Rock
|turn|40
|chat|Vaporeon for Ubers|fuck me
|
|switch|p1a: Dragonite|Dragonite, M|341\/341
|-damage|p1a: Dragonite|256\/341|[from] Stealth Rock
|move|p2a: Edd|Roost|p2a: Edd
|-heal|p2a: Edd|173\/331
|
|turn|41
|
|switch|p2a: Ed|Landorus-Therian, M|131\/319
|-ability|p2a: Ed|Intimidate|[of] p1a: Dragonite
|-unboost|p1a: Dragonite|atk|1
|move|p1a: Dragonite|Fire Punch|p2a: Ed
|-damage|p2a: Ed|24\/319
|
|turn|42
|leave|Vaporeon for Ubers
|
|switch|p1a: Sylveon|Sylveon, F|228\/394
|-damage|p1a: Sylveon|179\/394|[from] Stealth Rock
|move|p2a: Ed|Stone Edge|p1a: Sylveon
|-damage|p1a: Sylveon|61\/394
|
|-heal|p1a: Sylveon|85\/394|[from] item: Leftovers
|turn|43
|chat|Vaporeon for Ubers|welp that was the game-winning 50\/50
|player|p1
|join|Vaporeon for Ubers
|chat|Vaporeon for Ubers|uh
|player|p1|Vaporeon for Ubers|167
|
|switch|p2a: Edd|Scizor-Mega, F|173\/331
|move|p1a: Sylveon|Protect|p1a: Sylveon
|-fail|p1a: Sylveon
|
|-heal|p1a: Sylveon|109\/394|[from] item: Leftovers
|turn|44
|chat|X TREE|maybe its showdown
|chat|Vaporeon for Ubers|i keep losing these 50\/50s
|chat|Vaporeon for Ubers|fuck me
|chat|Vaporeon for Ubers|gg
|chat|X TREE|gg
|
|move|p2a: Edd|Bullet Punch|p1a: Sylveon
|-supereffective|p1a: Sylveon
|-damage|p1a: Sylveon|0 fnt
|faint|p1a: Sylveon
|
|
|switch|p1a: Dragonite|Dragonite, M|256\/341
|-damage|p1a: Dragonite|171\/341|[from] Stealth Rock
|turn|45
|leave|beanstheoremV.2
|
|move|p2a: Edd|Bullet Punch|p1a: Dragonite
|-damage|p1a: Dragonite|45\/341
|move|p1a: Dragonite|Fire Punch|p2a: Edd
|-supereffective|p2a: Edd
|-damage|p2a: Edd|0 fnt
|faint|p2a: Edd
|
|
|switch|p2a: Ed|Landorus-Therian, M|24\/319
|-ability|p2a: Ed|Intimidate|[of] p1a: Dragonite
|-unboost|p1a: Dragonite|atk|1
|turn|46
|
|move|p2a: Ed|Knock Off|p1a: Dragonite
|-damage|p1a: Dragonite|0 fnt
|-enditem|p1a: Dragonite|Choice Band|[from] move: Knock Off|[of] p2a: Ed
|faint|p1a: Dragonite
|
|win|X TREE
|raw|Ladder updating...
|raw|Vaporeon for Ubers's rating: 1637 &rarr; <strong>1618<\/strong><br \/>(-19 for losing)
|raw|X TREE's rating: 1653 &rarr; <strong>1672<\/strong><br \/>(+19 for winning)
|chat|Vaporeon for Ubers|gg :P
|leave|Vaporeon for Ubers
|player|p1