|join|Friytrr
|join|X TREE
|player|p1|Friytrr|1
|player|p2|X TREE|257
|gametype|singles
|gen|6
|tier|OU
|rated
|clearpoke
|poke|p1|Scolipede, M
|poke|p1|Lopunny, M
|poke|p1|Mew
|poke|p1|Rotom-Wash
|poke|p1|Bisharp, M
|poke|p1|Chandelure, M
|poke|p2|Altaria, M, shiny
|poke|p2|Chesnaught, F, shiny
|poke|p2|Starmie, shiny
|poke|p2|Volcarona, F, shiny
|poke|p2|Chansey, F, shiny
|poke|p2|Hippowdon, F, shiny
|rule|Swagger Clause: Swagger is banned
|rule|Baton Pass Clause: Limit one PokÃ©mon knowing Baton Pass
|rule|Sleep Clause Mod: Limit one foe put to sleep
|rule|Species Clause: Limit one of each PokÃ©mon
|rule|OHKO Clause: OHKO moves are banned
|rule|Moody Clause: Moody is banned
|rule|Evasion Moves Clause: Evasion moves are banned
|rule|Endless Battle Clause: Forcing endless battles is banned
|rule|HP Percentage Mod: HP is shown in percentages
|teampreview
|
|start
|switch|p1a: Scolipede|Scolipede, M|261\/261
|switch|p2a: Volcarona|Volcarona, F, shiny|373\/373
|turn|1
|
|move|p1a: Scolipede|Toxic Spikes|p2a: Volcarona
|-sidestart|p2: X TREE|move: Toxic Spikes
|move|p2a: Volcarona|Quiver Dance|p2a: Volcarona
|-boost|p2a: Volcarona|spa|1
|-boost|p2a: Volcarona|spd|1
|-boost|p2a: Volcarona|spe|1
|
|-boost|p1a: Scolipede|spe|1|[from] ability: Speed Boost
|turn|2
|
|move|p1a: Scolipede|Spikes|p2a: Volcarona
|-sidestart|p2: X TREE|Spikes
|move|p2a: Volcarona|Bug Buzz|p1a: Scolipede
|-resisted|p1a: Scolipede
|-damage|p1a: Scolipede|114\/261
|
|-boost|p1a: Scolipede|spe|1|[from] ability: Speed Boost
|turn|3
|
|move|p1a: Scolipede|Endeavor|p2a: Volcarona
|-damage|p2a: Volcarona|114\/373
|move|p2a: Volcarona|Quiver Dance|p2a: Volcarona
|-boost|p2a: Volcarona|spa|1
|-boost|p2a: Volcarona|spd|1
|-boost|p2a: Volcarona|spe|1
|
|-heal|p2a: Volcarona|137\/373|[from] item: Leftovers
|-boost|p1a: Scolipede|spe|1|[from] ability: Speed Boost
|turn|4
|
|move|p1a: Scolipede|Spikes|p2a: Volcarona
|-sidestart|p2: X TREE|Spikes
|move|p2a: Volcarona|Fiery Dance|p1a: Scolipede
|-supereffective|p1a: Scolipede
|-damage|p1a: Scolipede|0 fnt
|-boost|p2a: Volcarona|spa|1
|faint|p1a: Scolipede
|
|-heal|p2a: Volcarona|160\/373|[from] item: Leftovers
|
|switch|p1a: Chandelure|Chandelure, M|261\/261
|turn|5
|
|move|p2a: Volcarona|Roost|p2a: Volcarona
|-heal|p2a: Volcarona|347\/373
|move|p1a: Chandelure|Shadow Ball|p2a: Volcarona
|-damage|p2a: Volcarona|266\/373
|
|-heal|p2a: Volcarona|289\/373|[from] item: Leftovers
|turn|6
|
|switch|p1a: Rotom-Wash|Rotom-Wash|303\/303
|move|p2a: Volcarona|Bug Buzz|p1a: Rotom-Wash
|-crit|p1a: Rotom-Wash
|-damage|p1a: Rotom-Wash|0 fnt
|faint|p1a: Rotom-Wash
|
|-heal|p2a: Volcarona|312\/373|[from] item: Leftovers
|
|switch|p1a: Chandelure|Chandelure, M|261\/261
|turn|7
|
|move|p2a: Volcarona|Bug Buzz|p1a: Chandelure
|-crit|p1a: Chandelure
|-resisted|p1a: Chandelure
|-damage|p1a: Chandelure|118\/261
|move|p1a: Chandelure|Trick|p2a: Volcarona
|-activate|p1a: Chandelure|move: Trick|[of] p2a: Volcarona
|-item|p2a: Volcarona|Choice Scarf|[from] move: Trick
|-item|p1a: Chandelure|Leftovers|[from] move: Trick
|
|-heal|p1a: Chandelure|134\/261|[from] item: Leftovers
|turn|8
|
|move|p2a: Volcarona|Bug Buzz|p1a: Chandelure
|-resisted|p1a: Chandelure
|-damage|p1a: Chandelure|46\/261
|move|p1a: Chandelure|Fire Blast|p2a: Volcarona
|-damage|p2a: Volcarona|200\/373
|
|-heal|p1a: Chandelure|62\/261|[from] item: Leftovers
|turn|9
|
|move|p2a: Volcarona|Bug Buzz|p1a: Chandelure
|-resisted|p1a: Chandelure
|-damage|p1a: Chandelure|0 fnt
|faint|p1a: Chandelure
|
|
|switch|p1a: Bisharp|Bisharp, M|333\/333
|turn|10
|
|move|p1a: Bisharp|Sucker Punch|p2a: Volcarona
|-damage|p2a: Volcarona|28\/373
|move|p2a: Volcarona|Bug Buzz|p1a: Bisharp
|-damage|p1a: Bisharp|0 fnt
|faint|p1a: Bisharp
|
|
|switch|p1a: Lopunny|Lopunny, M|295\/295
|turn|11
|
|detailschange|p1a: Lopunny|Lopunny-Mega, M
|-mega|p1a: Lopunny|Lopunny|Lopunnite
|move|p1a: Lopunny|Fake Out|p2a: Volcarona
|-damage|p2a: Volcarona|0 fnt
|faint|p2a: Volcarona
|
|
|switch|p2a: Starmie|Starmie, shiny|323\/323
|-damage|p2a: Starmie|270\/323|[from] Spikes
|-status|p2a: Starmie|psn
|turn|12
|
|move|p1a: Lopunny|Frustration|p2a: Starmie
|-damage|p2a: Starmie|36\/323 psn
|move|p2a: Starmie|Rapid Spin|p1a: Lopunny
|-damage|p1a: Lopunny|284\/295
|-sideend|p2: X TREE|Spikes|[from] move: Rapid Spin|[of] p2a: Starmie
|-sideend|p2: X TREE|Toxic Spikes|[from] move: Rapid Spin|[of] p2a: Starmie
|
|-heal|p2a: Starmie|56\/323 psn|[from] item: Leftovers
|-damage|p2a: Starmie|16\/323 psn|[from] psn
|turn|13
|
|switch|p2a: Chesnaught|Chesnaught, F, shiny|379\/379
|move|p1a: Lopunny|High Jump Kick|p2a: Chesnaught
|-damage|p2a: Chesnaught|231\/379
|
|-heal|p2a: Chesnaught|254\/379|[from] item: Leftovers
|turn|14
|
|switch|p1a: Mew|Mew|403\/403
|move|p2a: Chesnaught|Drain Punch|p1a: Mew
|-resisted|p1a: Mew
|-damage|p1a: Mew|353\/403
|-heal|p2a: Chesnaught|279\/379|[from] drain|[of] p1a: Mew
|
|-heal|p1a: Mew|378\/403|[from] item: Leftovers
|-heal|p2a: Chesnaught|302\/379|[from] item: Leftovers
|turn|15
|
|switch|p2a: Altaria|Altaria, M, shiny|353\/353
|move|p1a: Mew|Stealth Rock|p2a: Altaria
|-sidestart|p2: X TREE|move: Stealth Rock
|
|-heal|p1a: Mew|403\/403|[from] item: Leftovers
|turn|16
|
|detailschange|p2a: Altaria|Altaria-Mega, M, shiny
|-mega|p2a: Altaria|Altaria|Altarianite
|move|p1a: Mew|Will-O-Wisp|p2a: Altaria
|-status|p2a: Altaria|brn
|move|p2a: Altaria|Dragon Dance|p2a: Altaria
|-boost|p2a: Altaria|atk|1
|-boost|p2a: Altaria|spe|1
|
|-damage|p2a: Altaria|309\/353 brn|[from] brn
|turn|17
|
|move|p2a: Altaria|Heal Bell|p2a: Altaria
|-cureteam|p2a: Altaria|[from] move: HealBell
|move|p1a: Mew|Taunt|p2a: Altaria
|-start|p2a: Altaria|move: Taunt
|
|turn|18
|
|move|p2a: Altaria|Frustration|p1a: Mew
|-damage|p1a: Mew|165\/403
|move|p1a: Mew|Will-O-Wisp|p2a: Altaria
|-status|p2a: Altaria|brn
|
|-heal|p1a: Mew|190\/403|[from] item: Leftovers
|-damage|p2a: Altaria|265\/353 brn|[from] brn
|turn|19
|
|move|p2a: Altaria|Frustration|p1a: Mew
|-damage|p1a: Mew|52\/403
|move|p1a: Mew|Roost|p1a: Mew
|-heal|p1a: Mew|254\/403
|
|-heal|p1a: Mew|279\/403|[from] item: Leftovers
|-damage|p2a: Altaria|221\/353 brn|[from] brn
|turn|20
|
|move|p2a: Altaria|Frustration|p1a: Mew
|-crit|p1a: Mew
|-damage|p1a: Mew|99\/403
|move|p1a: Mew|Roost|p1a: Mew
|-heal|p1a: Mew|301\/403
|
|-heal|p1a: Mew|326\/403|[from] item: Leftovers
|-damage|p2a: Altaria|177\/353 brn|[from] brn
|-end|p2a: Altaria|move: Taunt
|turn|21
|
|move|p2a: Altaria|Heal Bell|p2a: Altaria
|-cureteam|p2a: Altaria|[from] move: HealBell
|move|p1a: Mew|Taunt|p2a: Altaria
|-start|p2a: Altaria|move: Taunt
|
|-heal|p1a: Mew|351\/403|[from] item: Leftovers
|turn|22
|
|move|p2a: Altaria|Frustration|p1a: Mew
|-damage|p1a: Mew|99\/403
|move|p1a: Mew|Will-O-Wisp|p2a: Altaria|[miss]
|-miss|p1a: Mew|p2a: Altaria
|
|-heal|p1a: Mew|124\/403|[from] item: Leftovers
|turn|23
|
|move|p2a: Altaria|Frustration|p1a: Mew
|-damage|p1a: Mew|0 fnt
|faint|p1a: Mew
|
|
|switch|p1a: Lopunny|Lopunny-Mega, M|284\/295
|turn|24
|
|move|p1a: Lopunny|Fake Out|p2a: Altaria
|-damage|p2a: Altaria|119\/353
|cant|p2a: Altaria|flinch
|
|-end|p2a: Altaria|move: Taunt
|turn|25
|
|switch|p2a: Starmie|Starmie, shiny|16\/323
|-damage|p2a: Starmie|0 fnt|[from] Stealth Rock
|faint|p2a: Starmie
|move|p1a: Lopunny|Frustration|p2: Starmie|[notarget]
|-notarget
|
|
|switch|p2a: Chesnaught|Chesnaught, F, shiny|302\/379
|-damage|p2a: Chesnaught|279\/379|[from] Stealth Rock
|turn|26
|
|move|p2a: Chesnaught|Spiky Shield|p2a: Chesnaught
|-singleturn|p2a: Chesnaught|move: Protect
|move|p1a: Lopunny|High Jump Kick|p2a: Chesnaught
|-activate|p2a: Chesnaught|move: Protect
|-damage|p1a: Lopunny|248\/295|[from] Spiky Shield|[of] p2a: Chesnaught
|-damage|p1a: Lopunny|101\/295|[from] highjumpkick
|
|-heal|p2a: Chesnaught|302\/379|[from] item: Leftovers
|turn|27
|
|move|p1a: Lopunny|High Jump Kick|p2a: Chesnaught
|-damage|p2a: Chesnaught|140\/379
|move|p2a: Chesnaught|Drain Punch|p1a: Lopunny
|-supereffective|p1a: Lopunny
|-damage|p1a: Lopunny|0 fnt
|-heal|p2a: Chesnaught|191\/379|[from] drain|[of] p1a: Lopunny
|faint|p1a: Lopunny
|
|win|X TREE
|raw|Ladder updating...
|raw|Friytrr's rating: 1524 &rarr; <strong>1500<\/strong><br \/>(-24 for losing)
|raw|X TREE's rating: 1453 &rarr; <strong>1477<\/strong><br \/>(+24 for winning)
|c|âX TREE|gg
|c|âFriytrr|gg
|leave|Friytrr
|player|p1