|join|N1GHTRE1N
|join|X TREE
|player|p1|N1GHTRE1N|209
|player|p2|X TREE|257
|gametype|singles
|gen|6
|tier|OU
|clearpoke
|poke|p1|Sableye, M
|poke|p1|Chansey, F
|poke|p1|Skarmory, M
|poke|p1|Quagsire, M
|poke|p1|Mandibuzz, F
|poke|p1|Ferrothorn, M
|poke|p2|Altaria, F, shiny
|poke|p2|Chesnaught, M, shiny
|poke|p2|Starmie, shiny
|poke|p2|Volcarona, M, shiny
|poke|p2|Skarmory, M, shiny
|poke|p2|Tornadus-Therian, M, shiny
|rule|Swagger Clause: Swagger is banned
|rule|Baton Pass Clause: Limit one PokÃ©mon knowing Baton Pass
|rule|Sleep Clause Mod: Limit one foe put to sleep
|rule|Species Clause: Limit one of each PokÃ©mon
|rule|OHKO Clause: OHKO moves are banned
|rule|Moody Clause: Moody is banned
|rule|Evasion Moves Clause: Evasion moves are banned
|rule|Endless Battle Clause: Forcing endless battles is banned
|rule|HP Percentage Mod: HP is shown in percentages
|teampreview
|
|start
|switch|p1a: Sableye|Sableye, M|304\/304
|switch|p2a: Altaria|Altaria, F, shiny|353\/353
|turn|1
|
|switch|p1a: Ferrothorn|Ferrothorn, M|352\/352
|detailschange|p2a: Altaria|Altaria-Mega, F, shiny
|-mega|p2a: Altaria|Altaria|Altarianite
|move|p2a: Altaria|Frustration|p1a: Ferrothorn
|-resisted|p1a: Ferrothorn
|-damage|p1a: Ferrothorn|292\/352
|-damage|p2a: Altaria|309\/353|[from] ability: Iron Barbs|[of] p1a: Ferrothorn
|
|turn|2
|join|trinitrotoluene
|
|switch|p2a: Chesnaught|Chesnaught, M, shiny|379\/379
|move|p1a: Ferrothorn|Protect|p1a: Ferrothorn
|-fail|p1a: Ferrothorn
|
|turn|3
|
|switch|p1a: Sableye|Sableye, M|304\/304
|move|p2a: Chesnaught|Spikes|p1a: Sableye
|-sidestart|p1: N1GHTRE1N|Spikes
|
|turn|4
|c|%trinitrotoluene|x tree with the volcarona stall :o
|
|switch|p2a: Altaria|Altaria-Mega, F, shiny|309\/353
|detailschange|p1a: Sableye|Sableye-Mega, M
|-mega|p1a: Sableye|Sableye|Sablenite
|move|p1a: Sableye|Will-O-Wisp|p2a: Altaria
|-status|p2a: Altaria|brn
|
|-damage|p2a: Altaria|265\/353 brn|[from] brn
|turn|5
|c|âN1GHTRE1N|lol
|
|switch|p1a: Ferrothorn|Ferrothorn, M|292\/352
|-damage|p1a: Ferrothorn|248\/352|[from] Spikes
|move|p2a: Altaria|Heal Bell|p2a: Altaria
|-cureteam|p2a: Altaria|[from] move: HealBell
|
|turn|6
|c|%trinitrotoluene|nah, but that's actually really cool.
|c|%trinitrotoluene|volcarona is one of my favorite mons, so it makes me happy to see more people use it.
|
|switch|p2a: Volcarona|Volcarona, M, shiny|373\/373
|move|p1a: Ferrothorn|Stealth Rock|p2a: Volcarona
|-sidestart|p2: X TREE|move: Stealth Rock
|
|turn|7
|
|switch|p1a: Chansey|Chansey, F|704\/704
|-damage|p1a: Chansey|616\/704|[from] Spikes
|move|p2a: Volcarona|Fiery Dance|p1a: Chansey
|-damage|p1a: Chansey|537\/704
|
|turn|8
|join|Alter
|
|switch|p2a: Tornadus-Therian|Tornadus-Therian, M, shiny|333\/333
|-damage|p2a: Tornadus-Therian|250\/333|[from] Stealth Rock
|move|p1a: Chansey|Toxic|p2a: Tornadus-Therian
|-status|p2a: Tornadus-Therian|tox
|
|-damage|p2a: Tornadus-Therian|230\/333 tox|[from] psn
|turn|9
|
|switch|p1a: Quagsire|Quagsire, M|394\/394
|-damage|p1a: Quagsire|345\/394|[from] Spikes
|move|p2a: Tornadus-Therian|Knock Off|p1a: Quagsire
|-crit|p1a: Quagsire
|-damage|p1a: Quagsire|265\/394
|-enditem|p1a: Quagsire|Leftovers|[from] move: Knock Off|[of] p2a: Tornadus-Therian
|
|-damage|p2a: Tornadus-Therian|190\/333 tox|[from] psn
|turn|10
|leave|Alter
|
|switch|p2a: Starmie|Starmie, shiny|323\/323
|-damage|p2a: Starmie|283\/323|[from] Stealth Rock
|move|p1a: Quagsire|Toxic|p2a: Starmie
|-status|p2a: Starmie|tox
|
|-heal|p2a: Starmie|303\/323 tox|[from] item: Leftovers
|-damage|p2a: Starmie|283\/323 tox|[from] psn
|turn|11
|
|switch|p1a: Chansey|Chansey, F|537\/704
|-damage|p1a: Chansey|449\/704|[from] Spikes
|move|p2a: Starmie|Scald|p1a: Chansey
|-damage|p1a: Chansey|385\/704
|
|-heal|p2a: Starmie|303\/323 tox|[from] item: Leftovers
|-damage|p2a: Starmie|263\/323 tox|[from] psn
|turn|12
|
|switch|p1a: Sableye|Sableye-Mega, M|304\/304
|-damage|p1a: Sableye|266\/304|[from] Spikes
|move|p2a: Starmie|Rapid Spin|p1a: Sableye
|-immune|p1a: Sableye|[msg]
|
|-heal|p2a: Starmie|283\/323 tox|[from] item: Leftovers
|-damage|p2a: Starmie|223\/323 tox|[from] psn
|turn|13
|
|switch|p2a: Altaria|Altaria-Mega, F, shiny|265\/353
|-damage|p2a: Altaria|221\/353|[from] Stealth Rock
|move|p1a: Sableye|Recover|p1a: Sableye
|-heal|p1a: Sableye|304\/304
|
|turn|14
|
|switch|p1a: Ferrothorn|Ferrothorn, M|248\/352
|-damage|p1a: Ferrothorn|204\/352|[from] Spikes
|move|p2a: Altaria|Roost|p2a: Altaria
|-heal|p2a: Altaria|353\/353
|
|turn|15
|
|switch|p2a: Chesnaught|Chesnaught, M, shiny|379\/379
|-damage|p2a: Chesnaught|356\/379|[from] Stealth Rock
|move|p1a: Ferrothorn|Leech Seed|p2a: Chesnaught
|-immune|p2a: Chesnaught|[msg]
|
|-heal|p2a: Chesnaught|379\/379|[from] item: Leftovers
|turn|16
|
|switch|p2a: Altaria|Altaria-Mega, F, shiny|353\/353
|-damage|p2a: Altaria|309\/353|[from] Stealth Rock
|switch|p1a: Sableye|Sableye-Mega, M|304\/304
|-damage|p1a: Sableye|266\/304|[from] Spikes
|
|turn|17
|c|âN1GHTRE1N|lmao
|
|switch|p1a: Ferrothorn|Ferrothorn, M|204\/352
|-damage|p1a: Ferrothorn|160\/352|[from] Spikes
|move|p2a: Altaria|Frustration|p1a: Ferrothorn
|-resisted|p1a: Ferrothorn
|-damage|p1a: Ferrothorn|106\/352
|-damage|p2a: Altaria|265\/353|[from] ability: Iron Barbs|[of] p1a: Ferrothorn
|
|turn|18
|
|switch|p2a: Skarmory|Skarmory, M, shiny|333\/333
|-damage|p2a: Skarmory|292\/333|[from] Stealth Rock
|move|p1a: Ferrothorn|Protect|p1a: Ferrothorn
|-fail|p1a: Ferrothorn
|
|turn|19
|
|switch|p1a: Sableye|Sableye-Mega, M|266\/304
|-damage|p1a: Sableye|228\/304|[from] Spikes
|move|p2a: Skarmory|Brave Bird|p1a: Sableye
|-damage|p1a: Sableye|156\/304
|-damage|p2a: Skarmory|268\/333|[from] recoil|[of] p1a: Sableye
|
|turn|20
|
|switch|p2a: Volcarona|Volcarona, M, shiny|373\/373
|-damage|p2a: Volcarona|187\/373|[from] Stealth Rock
|move|p1a: Sableye|Will-O-Wisp|p2a: Volcarona
|-fail|p2a: Volcarona
|
|-heal|p2a: Volcarona|210\/373|[from] item: Leftovers
|turn|21
|
|switch|p1a: Chansey|Chansey, F|385\/704
|-damage|p1a: Chansey|297\/704|[from] Spikes
|move|p2a: Volcarona|Fiery Dance|p1a: Chansey
|-damage|p1a: Chansey|222\/704
|-boost|p2a: Volcarona|spa|1
|
|-heal|p2a: Volcarona|233\/373|[from] item: Leftovers
|turn|22
|c|âN1GHTRE1N|dang
|
|move|p2a: Volcarona|Fiery Dance|p1a: Chansey
|-damage|p1a: Chansey|110\/704
|-boost|p2a: Volcarona|spa|1
|move|p1a: Chansey|Soft-Boiled|p1a: Chansey
|-heal|p1a: Chansey|462\/704
|
|-heal|p2a: Volcarona|256\/373|[from] item: Leftovers
|turn|23
|join|Latias tho
|c|âN1GHTRE1N|these predictions are real
|leave|Latias tho
|
|move|p2a: Volcarona|Bug Buzz|p1a: Chansey
|-damage|p1a: Chansey|290\/704
|move|p1a: Chansey|Toxic|p2a: Volcarona
|-status|p2a: Volcarona|tox
|
|-heal|p2a: Volcarona|279\/373 tox|[from] item: Leftovers
|-damage|p2a: Volcarona|256\/373 tox|[from] psn
|turn|24
|join|JelloPiranha
|c|âN1GHTRE1N|smh
|
|switch|p2a: Starmie|Starmie, shiny|223\/323
|-damage|p2a: Starmie|183\/323|[from] Stealth Rock
|move|p1a: Chansey|Soft-Boiled|p1a: Chansey
|-heal|p1a: Chansey|642\/704
|
|-heal|p2a: Starmie|203\/323|[from] item: Leftovers
|turn|25
|c|âX TREE|i think i lost
|c|âN1GHTRE1N|sad thing is im tired and doing this shit
|c|âN1GHTRE1N|smh
|c|âN1GHTRE1N|also don't be ashamed i took my time into building this
|
|switch|p1a: Sableye|Sableye-Mega, M|156\/304
|-damage|p1a: Sableye|118\/304|[from] Spikes
|move|p2a: Starmie|Rapid Spin|p1a: Sableye
|-immune|p1a: Sableye|[msg]
|
|-heal|p2a: Starmie|223\/323|[from] item: Leftovers
|turn|26
|
|move|p2a: Starmie|Scald|p1a: Sableye
|-crit|p1a: Sableye
|-damage|p1a: Sableye|0 fnt
|faint|p1a: Sableye
|
|-heal|p2a: Starmie|243\/323|[from] item: Leftovers
|c|âN1GHTRE1N|that crit
|
|switch|p1a: Ferrothorn|Ferrothorn, M|106\/352
|-damage|p1a: Ferrothorn|62\/352|[from] Spikes
|turn|27
|c|âX TREE|sorry about that
|c|âN1GHTRE1N|its good
|
|switch|p2a: Chesnaught|Chesnaught, M, shiny|379\/379
|-damage|p2a: Chesnaught|356\/379|[from] Stealth Rock
|move|p1a: Ferrothorn|Leech Seed|p2a: Chesnaught
|-immune|p2a: Chesnaught|[msg]
|
|-heal|p2a: Chesnaught|379\/379|[from] item: Leftovers
|turn|28
|
|switch|p1a: Mandibuzz|Mandibuzz, F|424\/424
|move|p2a: Chesnaught|Drain Punch|p1a: Mandibuzz
|-damage|p1a: Mandibuzz|361\/424
|
|-heal|p1a: Mandibuzz|387\/424|[from] item: Leftovers
|turn|29
|
|move|p1a: Mandibuzz|Toxic|p2a: Chesnaught
|-status|p2a: Chesnaught|tox
|move|p2a: Chesnaught|Leech Seed|p1a: Mandibuzz
|-start|p1a: Mandibuzz|move: Leech Seed
|
|-heal|p1a: Mandibuzz|413\/424|[from] item: Leftovers
|-damage|p1a: Mandibuzz|360\/424|[from] Leech Seed|[of] p2a: Chesnaught
|-damage|p2a: Chesnaught|356\/379 tox|[from] psn
|turn|30
|
|switch|p1a: Skarmory|Skarmory, M|334\/334
|switch|p2a: Altaria|Altaria-Mega, F, shiny|265\/353
|-damage|p2a: Altaria|221\/353|[from] Stealth Rock
|
|turn|31
|
|move|p2a: Altaria|Heal Bell|p2a: Altaria
|-cureteam|p2a: Altaria|[from] move: HealBell
|move|p1a: Skarmory|Whirlwind|p2a: Altaria
|drag|p2a: Starmie|Starmie, shiny|243\/323
|-damage|p2a: Starmie|203\/323|[from] Stealth Rock
|
|-heal|p2a: Starmie|223\/323|[from] item: Leftovers
|turn|32
|
|switch|p1a: Chansey|Chansey, F|642\/704
|-damage|p1a: Chansey|554\/704|[from] Spikes
|move|p2a: Starmie|Rapid Spin|p1a: Chansey
|-damage|p1a: Chansey|541\/704
|-sideend|p2: X TREE|Stealth Rock|[from] move: Rapid Spin|[of] p2a: Starmie
|
|-heal|p2a: Starmie|243\/323|[from] item: Leftovers
|turn|33
|
|switch|p2a: Altaria|Altaria-Mega, F, shiny|221\/353
|move|p1a: Chansey|Seismic Toss|p2a: Altaria
|-damage|p2a: Altaria|121\/353
|
|turn|34
|
|move|p2a: Altaria|Roost|p2a: Altaria
|-heal|p2a: Altaria|298\/353
|move|p1a: Chansey|Seismic Toss|p2a: Altaria
|-damage|p2a: Altaria|198\/353
|
|turn|35
|
|switch|p1a: Ferrothorn|Ferrothorn, M|62\/352
|-damage|p1a: Ferrothorn|18\/352|[from] Spikes
|move|p2a: Altaria|Frustration|p1a: Ferrothorn
|-resisted|p1a: Ferrothorn
|-damage|p1a: Ferrothorn|0 fnt
|-damage|p2a: Altaria|154\/353|[from] ability: Iron Barbs|[of] p1a: Ferrothorn
|faint|p1a: Ferrothorn
|
|c|âN1GHTRE1N|this is a tough battle
|
|switch|p1a: Quagsire|Quagsire, M|265\/394
|-damage|p1a: Quagsire|216\/394|[from] Spikes
|turn|36
|
|switch|p2a: Starmie|Starmie, shiny|243\/323
|move|p1a: Quagsire|Scald|p2a: Starmie
|-resisted|p2a: Starmie
|-damage|p2a: Starmie|204\/323
|-status|p2a: Starmie|brn
|
|-heal|p2a: Starmie|224\/323 brn|[from] item: Leftovers
|-damage|p2a: Starmie|184\/323 brn|[from] brn
|turn|37
|
|switch|p2a: Tornadus-Therian|Tornadus-Therian, M, shiny|301\/333
|move|p1a: Quagsire|Recover|p1a: Quagsire
|-heal|p1a: Quagsire|394\/394
|
|turn|38
|c|âX TREE|yeah idk how to break quag
|
|move|p2a: Tornadus-Therian|Hurricane|p1a: Quagsire|[miss]
|-miss|p2a: Tornadus-Therian|p1a: Quagsire
|move|p1a: Quagsire|Toxic|p2a: Tornadus-Therian
|-status|p2a: Tornadus-Therian|tox
|
|-damage|p2a: Tornadus-Therian|281\/333 tox|[from] psn
|turn|39
|c|âN1GHTRE1N|that hurricane miss
|
|move|p2a: Tornadus-Therian|Knock Off|p1a: Quagsire
|-damage|p1a: Quagsire|359\/394
|move|p1a: Quagsire|Recover|p1a: Quagsire
|-heal|p1a: Quagsire|394\/394
|
|-damage|p2a: Tornadus-Therian|241\/333 tox|[from] psn
|turn|40
|
|move|p2a: Tornadus-Therian|U-turn|p1a: Quagsire
|-damage|p1a: Quagsire|357\/394
|
|switch|p2a: Starmie|Starmie, shiny|184\/323
|move|p1a: Quagsire|Scald|p2a: Starmie
|-resisted|p2a: Starmie
|-damage|p2a: Starmie|145\/323
|-status|p2a: Starmie|brn
|
|-heal|p2a: Starmie|165\/323 brn|[from] item: Leftovers
|-damage|p2a: Starmie|125\/323 brn|[from] brn
|turn|41
|
|move|p2a: Starmie|Recover|p2a: Starmie
|-heal|p2a: Starmie|287\/323 brn
|move|p1a: Quagsire|Earthquake|p2a: Starmie
|-damage|p2a: Starmie|173\/323 brn
|
|-heal|p2a: Starmie|193\/323 brn|[from] item: Leftovers
|-damage|p2a: Starmie|153\/323 brn|[from] brn
|turn|42
|
|switch|p2a: Chesnaught|Chesnaught, M, shiny|356\/379
|move|p1a: Quagsire|Scald|p2a: Chesnaught
|-resisted|p2a: Chesnaught
|-damage|p2a: Chesnaught|314\/379
|
|-heal|p2a: Chesnaught|337\/379|[from] item: Leftovers
|turn|43
|
|switch|p2a: Starmie|Starmie, shiny|153\/323
|switch|p1a: Skarmory|Skarmory, M|334\/334
|
|-heal|p2a: Starmie|173\/323|[from] item: Leftovers
|turn|44
|c|âN1GHTRE1N|jello you still here
|
|switch|p1a: Chansey|Chansey, F|541\/704
|-damage|p1a: Chansey|453\/704|[from] Spikes
|move|p2a: Starmie|Scald|p1a: Chansey
|-damage|p1a: Chansey|390\/704
|
|-heal|p2a: Starmie|193\/323|[from] item: Leftovers
|turn|45
|
|move|p2a: Starmie|Scald|p1a: Chansey
|-damage|p1a: Chansey|333\/704
|move|p1a: Chansey|Toxic|p2a: Starmie
|-status|p2a: Starmie|tox
|
|-heal|p2a: Starmie|213\/323 tox|[from] item: Leftovers
|-damage|p2a: Starmie|193\/323 tox|[from] psn
|turn|46
|
|move|p2a: Starmie|Scald|p1a: Chansey
|-damage|p1a: Chansey|272\/704
|move|p1a: Chansey|Soft-Boiled|p1a: Chansey
|-heal|p1a: Chansey|624\/704
|
|-heal|p2a: Starmie|213\/323 tox|[from] item: Leftovers
|-damage|p2a: Starmie|173\/323 tox|[from] psn
|turn|47
|
|switch|p2a: Volcarona|Volcarona, M, shiny|256\/373
|move|p1a: Chansey|Seismic Toss|p2a: Volcarona
|-damage|p2a: Volcarona|156\/373
|
|-heal|p2a: Volcarona|179\/373|[from] item: Leftovers
|turn|48
|
|move|p2a: Volcarona|Roost|p2a: Volcarona
|-heal|p2a: Volcarona|366\/373
|move|p1a: Chansey|Toxic|p2a: Volcarona
|-status|p2a: Volcarona|tox
|
|-heal|p2a: Volcarona|373\/373 tox|[from] item: Leftovers
|-damage|p2a: Volcarona|350\/373 tox|[from] psn
|turn|49
|
|switch|p2a: Skarmory|Skarmory, M, shiny|268\/333
|move|p1a: Chansey|Seismic Toss|p2a: Skarmory
|-damage|p2a: Skarmory|168\/333
|
|turn|50
|
|move|p2a: Skarmory|Stealth Rock|p1a: Chansey
|-sidestart|p1: N1GHTRE1N|move: Stealth Rock
|move|p1a: Chansey|Seismic Toss|p2a: Skarmory
|-damage|p2a: Skarmory|68\/333
|
|turn|51
|
|move|p2a: Skarmory|Roost|p2a: Skarmory
|-heal|p2a: Skarmory|235\/333
|move|p1a: Chansey|Seismic Toss|p2a: Skarmory
|-damage|p2a: Skarmory|135\/333
|
|turn|52
|
|move|p2a: Skarmory|Roost|p2a: Skarmory
|-heal|p2a: Skarmory|302\/333
|move|p1a: Chansey|Seismic Toss|p2a: Skarmory
|-damage|p2a: Skarmory|202\/333
|
|turn|53
|
|move|p2a: Skarmory|Toxic|p1a: Chansey
|-status|p1a: Chansey|tox
|move|p1a: Chansey|Seismic Toss|p2a: Skarmory
|-damage|p2a: Skarmory|102\/333
|
|-damage|p1a: Chansey|580\/704 tox|[from] psn
|turn|54
|
|switch|p1a: Skarmory|Skarmory, M|334\/334
|-damage|p1a: Skarmory|293\/334|[from] Stealth Rock
|move|p2a: Skarmory|Roost|p2a: Skarmory
|-heal|p2a: Skarmory|269\/333
|
|turn|55
|
|switch|p2a: Starmie|Starmie, shiny|173\/323
|move|p1a: Skarmory|Stealth Rock|p2a: Starmie
|-sidestart|p2: X TREE|move: Stealth Rock
|
|-heal|p2a: Starmie|193\/323|[from] item: Leftovers
|turn|56
|
|switch|p2a: Chesnaught|Chesnaught, M, shiny|337\/379
|-damage|p2a: Chesnaught|314\/379|[from] Stealth Rock
|move|p1a: Skarmory|Brave Bird|p2a: Chesnaught
|-supereffective|p2a: Chesnaught
|-damage|p2a: Chesnaught|14\/379
|-damage|p1a: Skarmory|194\/334|[from] recoil|[of] p2a: Chesnaught
|
|-heal|p2a: Chesnaught|37\/379|[from] item: Leftovers
|turn|57
|join|awesome86
|
|move|p2a: Chesnaught|Spiky Shield|p2a: Chesnaught
|-singleturn|p2a: Chesnaught|move: Protect
|move|p1a: Skarmory|Brave Bird|p2a: Chesnaught
|-activate|p2a: Chesnaught|move: Protect
|-damage|p1a: Skarmory|153\/334|[from] Spiky Shield|[of] p2a: Chesnaught
|
|-heal|p2a: Chesnaught|60\/379|[from] item: Leftovers
|turn|58
|c| JelloPiranha|I physically cringed there.
|c|âN1GHTRE1N|lol
|c|âX TREE|i got impatient
|
|switch|p2a: Skarmory|Skarmory, M, shiny|269\/333
|-damage|p2a: Skarmory|228\/333|[from] Stealth Rock
|move|p1a: Skarmory|Roost|p1a: Skarmory
|-heal|p1a: Skarmory|320\/334
|
|turn|59
|c|âN1GHTRE1N|patience is the key to stall
|
|move|p2a: Skarmory|Brave Bird|p1a: Skarmory
|-resisted|p1a: Skarmory
|-damage|p1a: Skarmory|284\/334
|-damage|p2a: Skarmory|216\/333|[from] recoil|[of] p1a: Skarmory
|move|p1a: Skarmory|Whirlwind|p2a: Skarmory
|drag|p2a: Tornadus-Therian|Tornadus-Therian, M, shiny|333\/333 tox
|-damage|p2a: Tornadus-Therian|250\/333 tox|[from] Stealth Rock
|
|-damage|p2a: Tornadus-Therian|230\/333 tox|[from] psn
|turn|60
|
|move|p2a: Tornadus-Therian|Knock Off|p1a: Skarmory
|-damage|p1a: Skarmory|242\/334
|-enditem|p1a: Skarmory|Shed Shell|[from] move: Knock Off|[of] p2a: Tornadus-Therian
|move|p1a: Skarmory|Whirlwind|p2a: Tornadus-Therian
|drag|p2a: Altaria|Altaria-Mega, F, shiny|154\/353
|-damage|p2a: Altaria|110\/353|[from] Stealth Rock
|
|turn|61
|
|move|p2a: Altaria|Roost|p2a: Altaria
|-heal|p2a: Altaria|287\/353
|move|p1a: Skarmory|Whirlwind|p2a: Altaria
|drag|p2a: Tornadus-Therian|Tornadus-Therian, M, shiny|333\/333 tox
|-damage|p2a: Tornadus-Therian|250\/333 tox|[from] Stealth Rock
|
|-damage|p2a: Tornadus-Therian|230\/333 tox|[from] psn
|turn|62
|
|move|p2a: Tornadus-Therian|Focus Blast|p1a: Skarmory|[miss]
|-miss|p2a: Tornadus-Therian|p1a: Skarmory
|move|p1a: Skarmory|Whirlwind|p2a: Tornadus-Therian
|drag|p2a: Altaria|Altaria-Mega, F, shiny|287\/353
|-damage|p2a: Altaria|243\/353|[from] Stealth Rock
|
|turn|63
|
|move|p2a: Altaria|Heal Bell|p2a: Altaria
|-cureteam|p2a: Altaria|[from] move: HealBell
|move|p1a: Skarmory|Brave Bird|p2a: Altaria
|-damage|p2a: Altaria|155\/353
|-damage|p1a: Skarmory|213\/334|[from] recoil|[of] p2a: Altaria
|
|turn|64
|
|move|p2a: Altaria|Roost|p2a: Altaria
|-heal|p2a: Altaria|332\/353
|move|p1a: Skarmory|Whirlwind|p2a: Altaria
|drag|p2a: Skarmory|Skarmory, M, shiny|216\/333
|-damage|p2a: Skarmory|175\/333|[from] Stealth Rock
|
|turn|65
|
|move|p2a: Skarmory|Brave Bird|p1a: Skarmory
|-resisted|p1a: Skarmory
|-damage|p1a: Skarmory|178\/334
|-damage|p2a: Skarmory|163\/333|[from] recoil|[of] p1a: Skarmory
|move|p1a: Skarmory|Whirlwind|p2a: Skarmory
|drag|p2a: Altaria|Altaria-Mega, F, shiny|332\/353
|-damage|p2a: Altaria|288\/353|[from] Stealth Rock
|
|turn|66
|c|âN1GHTRE1N|yup
|
|move|p2a: Altaria|Frustration|p1a: Skarmory
|-resisted|p1a: Skarmory
|-damage|p1a: Skarmory|125\/334
|move|p1a: Skarmory|Roost|p1a: Skarmory
|-heal|p1a: Skarmory|292\/334
|
|turn|67
|
|move|p2a: Altaria|Frustration|p1a: Skarmory
|-resisted|p1a: Skarmory
|-damage|p1a: Skarmory|244\/334
|move|p1a: Skarmory|Whirlwind|p2a: Altaria
|drag|p2a: Volcarona|Volcarona, M, shiny|350\/373
|-damage|p2a: Volcarona|164\/373|[from] Stealth Rock
|
|-heal|p2a: Volcarona|187\/373|[from] item: Leftovers
|turn|68
|
|move|p2a: Volcarona|Fiery Dance|p1a: Skarmory
|-supereffective|p1a: Skarmory
|-damage|p1a: Skarmory|0 fnt
|faint|p1a: Skarmory
|
|-heal|p2a: Volcarona|210\/373|[from] item: Leftovers
|c|âN1GHTRE1N|well
|c|âN1GHTRE1N|i thought i outsped
|
|switch|p1a: Mandibuzz|Mandibuzz, F|360\/424
|-damage|p1a: Mandibuzz|254\/424|[from] Stealth Rock
|turn|69
|c|âX TREE|how much speed do you run?
|c|âN1GHTRE1N|:\/
|
|switch|p2a: Altaria|Altaria-Mega, F, shiny|288\/353
|-damage|p2a: Altaria|244\/353|[from] Stealth Rock
|move|p1a: Mandibuzz|Defog|p2a: Altaria
|-unboost|p2a: Altaria|evasion|1
|-sideend|p2: X TREE|Stealth Rock|[from] move: Defog|[of] p2a: Altaria
|-sideend|p1: N1GHTRE1N|Spikes|[from] move: Defog|[of] p1a: Mandibuzz
|-sideend|p1: N1GHTRE1N|Stealth Rock|[from] move: Defog|[of] p1a: Mandibuzz
|
|-heal|p1a: Mandibuzz|280\/424|[from] item: Leftovers
|turn|70
|c|âN1GHTRE1N|idk
|
|switch|p1a: Quagsire|Quagsire, M|357\/394
|move|p2a: Altaria|Frustration|p1a: Quagsire
|-damage|p1a: Quagsire|224\/394
|
|turn|71
|c|âX TREE|i hit 250 with volc
|
|switch|p2a: Starmie|Starmie, shiny|193\/323
|move|p1a: Quagsire|Scald|p2a: Starmie
|-resisted|p2a: Starmie
|-damage|p2a: Starmie|159\/323
|-status|p2a: Starmie|brn
|
|-heal|p2a: Starmie|179\/323 brn|[from] item: Leftovers
|-damage|p2a: Starmie|139\/323 brn|[from] brn
|turn|72
|c|âN1GHTRE1N|nvm
|
|switch|p2a: Chesnaught|Chesnaught, M, shiny|60\/379
|move|p1a: Quagsire|Earthquake|p2a: Chesnaught
|-resisted|p2a: Chesnaught
|-damage|p2a: Chesnaught|32\/379
|
|-heal|p2a: Chesnaught|55\/379|[from] item: Leftovers
|turn|73
|
|move|p2a: Chesnaught|Spiky Shield|p2a: Chesnaught
|-singleturn|p2a: Chesnaught|move: Protect
|move|p1a: Quagsire|Scald|p2a: Chesnaught
|-activate|p2a: Chesnaught|move: Protect
|
|-heal|p2a: Chesnaught|78\/379|[from] item: Leftovers
|turn|74
|
|move|p2a: Chesnaught|Leech Seed|p1a: Quagsire
|-start|p1a: Quagsire|move: Leech Seed
|move|p1a: Quagsire|Scald|p2a: Chesnaught
|-resisted|p2a: Chesnaught
|-damage|p2a: Chesnaught|33\/379
|-status|p2a: Chesnaught|brn
|
|-heal|p2a: Chesnaught|56\/379 brn|[from] item: Leftovers
|-damage|p1a: Quagsire|175\/394|[from] Leech Seed|[of] p2a: Chesnaught
|-heal|p2a: Chesnaught|105\/379 brn|[silent]
|-damage|p2a: Chesnaught|58\/379 brn|[from] brn
|turn|75
|
|switch|p2a: Altaria|Altaria-Mega, F, shiny|244\/353
|switch|p1a: Mandibuzz|Mandibuzz, F|280\/424
|
|-heal|p1a: Mandibuzz|306\/424|[from] item: Leftovers
|turn|76
|join|bubbletea
|c|âN1GHTRE1N|shit
|c|âN1GHTRE1N|gg
|c|âX TREE|gg
|
|move|p2a: Altaria|Frustration|p1a: Mandibuzz
|-supereffective|p1a: Mandibuzz
|-damage|p1a: Mandibuzz|60\/424
|move|p1a: Mandibuzz|Foul Play|p2a: Altaria
|-resisted|p2a: Altaria
|-damage|p2a: Altaria|201\/353
|
|-heal|p1a: Mandibuzz|86\/424|[from] item: Leftovers
|turn|77
|
|move|p2a: Altaria|Frustration|p1a: Mandibuzz
|-supereffective|p1a: Mandibuzz
|-damage|p1a: Mandibuzz|0 fnt
|faint|p1a: Mandibuzz
|
|
|switch|p1a: Chansey|Chansey, F|580\/704
|turn|78
|c|âN1GHTRE1N|guess chansey vs megataria
|
|switch|p2a: Skarmory|Skarmory, M, shiny|163\/333
|move|p1a: Chansey|Toxic|p2a: Skarmory
|-fail|p2a: Skarmory
|
|turn|79
|c|âX TREE|quag beats altaria
|
|switch|p1a: Quagsire|Quagsire, M|175\/394
|move|p2a: Skarmory|Stealth Rock|p1a: Quagsire
|-sidestart|p1: N1GHTRE1N|move: Stealth Rock
|
|turn|80
|c|âN1GHTRE1N|how?
|
|move|p2a: Skarmory|Toxic|p1a: Quagsire
|-status|p1a: Quagsire|tox
|move|p1a: Quagsire|Scald|p2a: Skarmory
|-damage|p2a: Skarmory|75\/333
|
|-damage|p1a: Quagsire|151\/394 tox|[from] psn
|turn|81
|c|âX TREE|i use up all my heal bells
|c|âN1GHTRE1N|wow
|
|move|p2a: Skarmory|Roost|p2a: Skarmory
|-heal|p2a: Skarmory|242\/333
|move|p1a: Quagsire|Recover|p1a: Quagsire
|-heal|p1a: Quagsire|348\/394 tox
|
|-damage|p1a: Quagsire|300\/394 tox|[from] psn
|turn|82
|c|âX TREE|well i will if i set up vs quag
|
|switch|p1a: Chansey|Chansey, F|580\/704
|-damage|p1a: Chansey|492\/704|[from] Stealth Rock
|move|p2a: Skarmory|Brave Bird|p1a: Chansey
|-damage|p1a: Chansey|324\/704
|-damage|p2a: Skarmory|187\/333|[from] recoil|[of] p1a: Chansey
|
|turn|83
|
|switch|p2a: Altaria|Altaria-Mega, F, shiny|201\/353
|move|p1a: Chansey|Soft-Boiled|p1a: Chansey
|-heal|p1a: Chansey|676\/704
|
|turn|84
|
|move|p2a: Altaria|Heal Bell|p2a: Altaria
|-cureteam|p2a: Altaria|[from] move: HealBell
|move|p1a: Chansey|Toxic|p2a: Altaria
|-status|p2a: Altaria|tox
|
|-damage|p2a: Altaria|179\/353 tox|[from] psn
|turn|85
|c|âN1GHTRE1N|was that last one
|c|âX TREE|no i have 4 more
|
|switch|p2a: Tornadus-Therian|Tornadus-Therian, M, shiny|333\/333
|move|p1a: Chansey|Toxic|p2a: Tornadus-Therian
|-status|p2a: Tornadus-Therian|tox
|
|-damage|p2a: Tornadus-Therian|313\/333 tox|[from] psn
|turn|86
|
|switch|p1a: Quagsire|Quagsire, M|300\/394 tox
|-damage|p1a: Quagsire|276\/394 tox|[from] Stealth Rock
|move|p2a: Tornadus-Therian|Knock Off|p1a: Quagsire
|-damage|p1a: Quagsire|242\/394 tox
|
|-damage|p2a: Tornadus-Therian|273\/333 tox|[from] psn
|-damage|p1a: Quagsire|218\/394 tox|[from] psn
|turn|87
|c|âN1GHTRE1N|nope
|
|move|p2a: Tornadus-Therian|U-turn|p1a: Quagsire
|-crit|p1a: Quagsire
|-damage|p1a: Quagsire|156\/394 tox
|
|switch|p2a: Chesnaught|Chesnaught, M, shiny|58\/379
|move|p1a: Quagsire|Scald|p2a: Chesnaught
|-resisted|p2a: Chesnaught
|-damage|p2a: Chesnaught|12\/379
|-status|p2a: Chesnaught|brn
|
|-heal|p2a: Chesnaught|35\/379 brn|[from] item: Leftovers
|-damage|p2a: Chesnaught|0 fnt|[from] brn
|-damage|p1a: Quagsire|108\/394 tox|[from] psn
|faint|p2a: Chesnaught
|c|âN1GHTRE1N|ooh
|
|switch|p2a: Altaria|Altaria-Mega, F, shiny|179\/353 tox
|turn|88
|c|âN1GHTRE1N|this could be the changer
|
|move|p2a: Altaria|Frustration|p1a: Quagsire
|-damage|p1a: Quagsire|0 fnt
|faint|p1a: Quagsire
|
|-damage|p2a: Altaria|157\/353 tox|[from] psn
|c|âN1GHTRE1N|nope
|
|switch|p1a: Chansey|Chansey, F|676\/704
|-damage|p1a: Chansey|588\/704|[from] Stealth Rock
|turn|89
|
|switch|p2a: Tornadus-Therian|Tornadus-Therian, M, shiny|333\/333 tox
|move|p1a: Chansey|Seismic Toss|p2a: Tornadus-Therian
|-damage|p2a: Tornadus-Therian|233\/333 tox
|
|-damage|p2a: Tornadus-Therian|213\/333 tox|[from] psn
|turn|90
|c|âX TREE|gg
|c|âN1GHTRE1N|not over yet
|
|move|p2a: Tornadus-Therian|Knock Off|p1a: Chansey
|-damage|p1a: Chansey|500\/704
|-enditem|p1a: Chansey|Eviolite|[from] move: Knock Off|[of] p2a: Tornadus-Therian
|move|p1a: Chansey|Seismic Toss|p2a: Tornadus-Therian
|-damage|p2a: Tornadus-Therian|113\/333 tox
|
|-damage|p2a: Tornadus-Therian|73\/333 tox|[from] psn
|turn|91
|
|move|p2a: Tornadus-Therian|Focus Blast|p1a: Chansey
|-supereffective|p1a: Chansey
|-damage|p1a: Chansey|278\/704
|move|p1a: Chansey|Soft-Boiled|p1a: Chansey
|-heal|p1a: Chansey|630\/704
|
|-damage|p2a: Tornadus-Therian|13\/333 tox|[from] psn
|turn|92
|leave|JelloPiranha
|
|move|p2a: Tornadus-Therian|U-turn|p1a: Chansey
|-damage|p1a: Chansey|538\/704
|
|switch|p2a: Skarmory|Skarmory, M, shiny|187\/333
|move|p1a: Chansey|Seismic Toss|p2a: Skarmory
|-damage|p2a: Skarmory|87\/333
|
|turn|93
|c|âN1GHTRE1N|im going to laugh if i clutch with chansey
|
|move|p2a: Skarmory|Roost|p2a: Skarmory
|-heal|p2a: Skarmory|254\/333
|move|p1a: Chansey|Soft-Boiled|p1a: Chansey
|-heal|p1a: Chansey|704\/704
|
|turn|94
|c|âX TREE|do you have heal bell?
|c|âN1GHTRE1N|yes
|
|move|p2a: Skarmory|Toxic|p1a: Chansey|[miss]
|-miss|p2a: Skarmory|p1a: Chansey
|move|p1a: Chansey|Seismic Toss|p2a: Skarmory
|-damage|p2a: Skarmory|154\/333
|
|turn|95
|
|move|p2a: Skarmory|Toxic|p1a: Chansey
|-status|p1a: Chansey|tox
|move|p1a: Chansey|Seismic Toss|p2a: Skarmory
|-damage|p2a: Skarmory|54\/333
|
|-damage|p1a: Chansey|660\/704 tox|[from] psn
|turn|96
|c|âN1GHTRE1N|8 to
|
|move|p2a: Skarmory|Roost|p2a: Skarmory
|-heal|p2a: Skarmory|221\/333
|move|p1a: Chansey|Heal Bell|p1a: Chansey
|-cureteam|p1a: Chansey|[from] move: HealBell
|
|turn|97
|c|âX TREE|12 more toxics :P
|
|move|p2a: Skarmory|Toxic|p1a: Chansey
|-status|p1a: Chansey|tox
|move|p1a: Chansey|Seismic Toss|p2a: Skarmory
|-damage|p2a: Skarmory|121\/333
|
|-damage|p1a: Chansey|616\/704 tox|[from] psn
|turn|98
|c|âN1GHTRE1N|xD
|
|move|p2a: Skarmory|Roost|p2a: Skarmory
|-heal|p2a: Skarmory|288\/333
|move|p1a: Chansey|Seismic Toss|p2a: Skarmory
|-damage|p2a: Skarmory|188\/333
|
|-damage|p1a: Chansey|528\/704 tox|[from] psn
|turn|99
|
|move|p2a: Skarmory|Brave Bird|p1a: Chansey
|-crit|p1a: Chansey
|-damage|p1a: Chansey|200\/704 tox
|-damage|p2a: Skarmory|80\/333|[from] recoil|[of] p1a: Chansey
|move|p1a: Chansey|Soft-Boiled|p1a: Chansey
|-heal|p1a: Chansey|552\/704 tox
|
|-damage|p1a: Chansey|420\/704 tox|[from] psn
|turn|100
|
|move|p2a: Skarmory|Roost|p2a: Skarmory
|-heal|p2a: Skarmory|247\/333
|move|p1a: Chansey|Heal Bell|p1a: Chansey
|-cureteam|p1a: Chansey|[from] move: HealBell
|
|turn|101
|
|move|p2a: Skarmory|Toxic|p1a: Chansey|[miss]
|-miss|p2a: Skarmory|p1a: Chansey
|move|p1a: Chansey|Soft-Boiled|p1a: Chansey
|-heal|p1a: Chansey|704\/704
|
|turn|102
|
|move|p2a: Skarmory|Toxic|p1a: Chansey
|-status|p1a: Chansey|tox
|move|p1a: Chansey|Seismic Toss|p2a: Skarmory
|-damage|p2a: Skarmory|147\/333
|
|-damage|p1a: Chansey|660\/704 tox|[from] psn
|turn|103
|c|âN1GHTRE1N|lel
|
|move|p2a: Skarmory|Roost|p2a: Skarmory
|-heal|p2a: Skarmory|314\/333
|move|p1a: Chansey|Seismic Toss|p2a: Skarmory
|-damage|p2a: Skarmory|214\/333
|
|-damage|p1a: Chansey|572\/704 tox|[from] psn
|turn|104
|
|move|p2a: Skarmory|Brave Bird|p1a: Chansey
|-damage|p1a: Chansey|337\/704 tox
|-damage|p2a: Skarmory|136\/333|[from] recoil|[of] p1a: Chansey
|move|p1a: Chansey|Heal Bell|p1a: Chansey
|-cureteam|p1a: Chansey|[from] move: HealBell
|
|turn|105
|
|move|p2a: Skarmory|Toxic|p1a: Chansey
|-status|p1a: Chansey|tox
|move|p1a: Chansey|Soft-Boiled|p1a: Chansey
|-heal|p1a: Chansey|689\/704 tox
|
|-damage|p1a: Chansey|645\/704 tox|[from] psn
|turn|106
|
|move|p2a: Skarmory|Roost|p2a: Skarmory
|-heal|p2a: Skarmory|303\/333
|move|p1a: Chansey|Seismic Toss|p2a: Skarmory
|-damage|p2a: Skarmory|203\/333
|
|-damage|p1a: Chansey|557\/704 tox|[from] psn
|turn|107
|
|move|p2a: Skarmory|Brave Bird|p1a: Chansey
|-damage|p1a: Chansey|341\/704 tox
|-damage|p2a: Skarmory|132\/333|[from] recoil|[of] p1a: Chansey
|move|p1a: Chansey|Soft-Boiled|p1a: Chansey
|-heal|p1a: Chansey|693\/704 tox
|
|-damage|p1a: Chansey|561\/704 tox|[from] psn
|turn|108
|leave|bubbletea
|
|move|p2a: Skarmory|Roost|p2a: Skarmory
|-heal|p2a: Skarmory|299\/333
|move|p1a: Chansey|Heal Bell|p1a: Chansey
|-cureteam|p1a: Chansey|[from] move: HealBell
|
|turn|109
|c|âN1GHTRE1N|holy crap this stall
|c| awesome86|gg
|
|move|p2a: Skarmory|Toxic|p1a: Chansey
|-status|p1a: Chansey|tox
|move|p1a: Chansey|Seismic Toss|p2a: Skarmory
|-damage|p2a: Skarmory|199\/333
|
|-damage|p1a: Chansey|517\/704 tox|[from] psn
|turn|110
|
|move|p2a: Skarmory|Brave Bird|p1a: Chansey
|-damage|p1a: Chansey|298\/704 tox
|-damage|p2a: Skarmory|127\/333|[from] recoil|[of] p1a: Chansey
|move|p1a: Chansey|Seismic Toss|p2a: Skarmory
|-damage|p2a: Skarmory|27\/333
|
|-damage|p1a: Chansey|210\/704 tox|[from] psn
|turn|111
|
|move|p2a: Skarmory|Brave Bird|p1a: Chansey
|-damage|p1a: Chansey|0 fnt
|-damage|p2a: Skarmory|0 fnt|[from] recoil|[of] p1a: Chansey
|faint|p1a: Chansey
|faint|p2a: Skarmory
|
|win|X TREE
|c|âN1GHTRE1N|gg
|c| awesome86|gg
|c|âX TREE|gg
|c|âN1GHTRE1N|holy shit
|c|âN1GHTRE1N|111 turns
|c|âX TREE|this is my 1st game over 100 turns
|c|âN1GHTRE1N|ikr
|c|âX TREE|stall is weird
|c|âX TREE|ive never tried it before
|c|âN1GHTRE1N|its not once you get used to it
|c|âX TREE|well i gotta sleep
|c|âX TREE|cya
|c|âN1GHTRE1N|gg