|join|X TREE
|join|Ace Trainer Apollo
|player|p1|X TREE|101
|player|p2|Ace Trainer Apollo|2
|gametype|singles
|gen|6
|tier|OU
|rated
|clearpoke
|poke|p1|Altaria, M, shiny
|poke|p1|Chesnaught, F, shiny
|poke|p1|Starmie, shiny
|poke|p1|Volcarona, F, shiny
|poke|p1|Chansey, F, shiny
|poke|p1|Hippowdon, M, shiny
|poke|p2|Archeops, F
|poke|p2|Rotom-Wash
|poke|p2|Flygon, M
|poke|p2|Whimsicott, F
|poke|p2|Jolteon, F
|poke|p2|Beedrill, M
|rule|Swagger Clause: Swagger is banned
|rule|Baton Pass Clause: Limit one PokÃ©mon knowing Baton Pass
|rule|Sleep Clause Mod: Limit one foe put to sleep
|rule|Species Clause: Limit one of each PokÃ©mon
|rule|OHKO Clause: OHKO moves are banned
|rule|Moody Clause: Moody is banned
|rule|Evasion Moves Clause: Evasion moves are banned
|rule|Endless Battle Clause: Forcing endless battles is banned
|rule|HP Percentage Mod: HP is shown in percentages
|teampreview
|
|start
|switch|p1a: Starmie|Starmie, shiny|323\/323
|switch|p2a: Mr. Clean|Rotom-Wash|303\/303
|turn|1
|
|switch|p1a: Chansey|Chansey, F, shiny|641\/641
|move|p2a: Mr. Clean|Volt Switch|p1a: Chansey
|-damage|p1a: Chansey|593\/641
|c|âX TREE|that's a pretty cool team
|
|switch|p2a: No.15|Beedrill, M|293\/293
|
|turn|2
|c|âAce Trainer Apollo|ty
|
|detailschange|p2a: No.15|Beedrill-Mega, M
|-mega|p2a: No.15|Beedrill|Beedrillite
|move|p2a: No.15|Knock Off|p1a: Chansey
|-damage|p1a: Chansey|436\/641
|-enditem|p1a: Chansey|Eviolite|[from] move: Knock Off|[of] p2a: No.15
|move|p1a: Chansey|Stealth Rock|p2a: No.15
|-sidestart|p2: Ace Trainer Apollo|move: Stealth Rock
|
|turn|3
|c|âAce Trainer Apollo|i put a lot of time and effort into it
|
|move|p2a: No.15|Knock Off|p1a: Chansey
|-damage|p1a: Chansey|279\/641
|move|p1a: Chansey|Soft-Boiled|p1a: Chansey
|-heal|p1a: Chansey|600\/641
|
|turn|4
|
|move|p2a: No.15|Poison Jab|p1a: Chansey
|-damage|p1a: Chansey|200\/641
|move|p1a: Chansey|Thunder Wave|p2a: No.15
|-status|p2a: No.15|par
|
|turn|5
|
|switch|p1a: Hippowdon|Hippowdon, M, shiny|419\/419
|-weather|Sandstorm
|move|p2a: No.15|U-turn|p1a: Hippowdon
|-damage|p1a: Hippowdon|295\/419
|c|âAce Trainer Apollo|u like playing games with my pokemon?
|
|switch|p2a: Antlione|Flygon, M|346\/346
|-damage|p2a: Antlione|325\/346|[from] Stealth Rock
|
|-weather|Sandstorm|[upkeep]
|-heal|p1a: Hippowdon|321\/419|[from] item: Leftovers
|turn|6
|
|move|p2a: Antlione|Defog|p1a: Hippowdon
|-unboost|p1a: Hippowdon|evasion|1
|-sideend|p2: Ace Trainer Apollo|Stealth Rock|[from] move: Defog|[of] p2a: Antlione
|move|p1a: Hippowdon|Toxic|p2a: Antlione
|-status|p2a: Antlione|tox
|-enditem|p2a: Antlione|Lum Berry|[eat]
|-curestatus|p2a: Antlione|tox
|
|-weather|Sandstorm|[upkeep]
|-heal|p1a: Hippowdon|347\/419|[from] item: Leftovers
|turn|7
|c|âAce Trainer Apollo|can only do that once
|c|âAce Trainer Apollo|but its all i need
|
|switch|p2a: Mr. Clean|Rotom-Wash|303\/303
|move|p1a: Hippowdon|Toxic|p2a: Mr. Clean
|-status|p2a: Mr. Clean|tox
|
|-weather|Sandstorm|[upkeep]
|-damage|p2a: Mr. Clean|285\/303 tox|[from] sandstorm
|-heal|p2a: Mr. Clean|303\/303 tox|[from] item: Leftovers
|-heal|p1a: Hippowdon|373\/419|[from] item: Leftovers
|-damage|p2a: Mr. Clean|285\/303 tox|[from] psn
|turn|8
|
|switch|p1a: Altaria|Altaria, M, shiny|353\/353
|move|p2a: Mr. Clean|Will-O-Wisp|p1a: Altaria
|-status|p1a: Altaria|brn
|
|-weather|Sandstorm|[upkeep]
|-damage|p2a: Mr. Clean|267\/303 tox|[from] sandstorm
|-damage|p1a: Altaria|331\/353 brn|[from] sandstorm
|-heal|p2a: Mr. Clean|285\/303 tox|[from] item: Leftovers
|-damage|p2a: Mr. Clean|249\/303 tox|[from] psn
|-damage|p1a: Altaria|287\/353 brn|[from] brn
|turn|9
|
|detailschange|p1a: Altaria|Altaria-Mega, M, shiny
|-mega|p1a: Altaria|Altaria|Altarianite
|move|p2a: Mr. Clean|Volt Switch|p1a: Altaria
|-resisted|p1a: Altaria
|-damage|p1a: Altaria|253\/353 brn
|
|switch|p2a: Whimsi|Whimsicott, F|322\/322
|move|p1a: Altaria|Heal Bell|p1a: Altaria
|-cureteam|p1a: Altaria|[from] move: HealBell
|
|-weather|none
|turn|10
|
|switch|p1a: Volcarona|Volcarona, F, shiny|373\/373
|move|p2a: Whimsi|Moonblast|p1a: Volcarona
|-resisted|p1a: Volcarona
|-damage|p1a: Volcarona|330\/373
|-unboost|p1a: Volcarona|spa|1
|
|-heal|p1a: Volcarona|353\/373|[from] item: Leftovers
|turn|11
|c|âAce Trainer Apollo|i
|c|âAce Trainer Apollo|didnt see that coming
|
|switch|p2a: Aero|Archeops, F|311\/311
|move|p1a: Volcarona|Fiery Dance|p2a: Aero
|-resisted|p2a: Aero
|-damage|p2a: Aero|258\/311
|-boost|p1a: Volcarona|spa|1
|
|-heal|p1a: Volcarona|373\/373|[from] item: Leftovers
|turn|12
|
|switch|p1a: Hippowdon|Hippowdon, M, shiny|373\/419
|-weather|Sandstorm
|move|p2a: Aero|Stealth Rock|p1a: Hippowdon
|-sidestart|p1: X TREE|move: Stealth Rock
|
|-weather|Sandstorm|[upkeep]
|-heal|p1a: Hippowdon|399\/419|[from] item: Leftovers
|turn|13
|c|âX TREE|the switch into volc?
|c|âAce Trainer Apollo|yea
|c|âAce Trainer Apollo|forogt fire has a wooping 6 resisst
|
|switch|p2a: Mr. Clean|Rotom-Wash|249\/303 tox
|move|p1a: Hippowdon|Stone Edge|p2a: Mr. Clean
|-damage|p2a: Mr. Clean|185\/303 tox
|
|-weather|Sandstorm|[upkeep]
|-damage|p2a: Mr. Clean|167\/303 tox|[from] sandstorm
|-heal|p2a: Mr. Clean|185\/303 tox|[from] item: Leftovers
|-heal|p1a: Hippowdon|419\/419|[from] item: Leftovers
|-damage|p2a: Mr. Clean|167\/303 tox|[from] psn
|turn|14
|c|âX TREE|i tried to make a "different" team
|c|âX TREE|like not regular stall
|
|switch|p1a: Altaria|Altaria-Mega, M, shiny|253\/353
|-damage|p1a: Altaria|209\/353|[from] Stealth Rock
|move|p2a: Mr. Clean|Volt Switch|p1a: Altaria
|-resisted|p1a: Altaria
|-damage|p1a: Altaria|175\/353
|c|âAce Trainer Apollo|its hard thouch
|c|âAce Trainer Apollo|team building is hard
|
|switch|p2a: Jolt|Jolteon, F|291\/291
|
|-weather|Sandstorm|[upkeep]
|-damage|p2a: Jolt|273\/291|[from] sandstorm
|-damage|p1a: Altaria|153\/353|[from] sandstorm
|turn|15
|c|âX TREE|yeah gengar shits on mine
|c|âAce Trainer Apollo|diggersby fucks me up
|c|âAce Trainer Apollo|good thing its that uncommon thing
|c|âAce Trainer Apollo|gengar now thats a prob
|
|switch|p1a: Chansey|Chansey, F, shiny|200\/641
|-damage|p1a: Chansey|120\/641|[from] Stealth Rock
|move|p2a: Jolt|Heal Bell|p2a: Jolt
|-cureteam|p2a: Jolt|[from] move: HealBell
|
|-weather|Sandstorm|[upkeep]
|-damage|p2a: Jolt|255\/291|[from] sandstorm
|-damage|p1a: Chansey|80\/641|[from] sandstorm
|turn|16
|
|move|p2a: Jolt|Volt Switch|p1a: Chansey
|-damage|p1a: Chansey|0 fnt
|-damage|p2a: Jolt|226\/291|[from] item: Life Orb
|faint|p1a: Chansey
|
|switch|p2a: No.15|Beedrill-Mega, M|293\/293
|
|-weather|none
|
|switch|p1a: Hippowdon|Hippowdon, M, shiny|419\/419
|-damage|p1a: Hippowdon|393\/419|[from] Stealth Rock
|-weather|Sandstorm
|turn|17
|
|move|p2a: No.15|U-turn|p1a: Hippowdon
|-crit|p1a: Hippowdon
|-damage|p1a: Hippowdon|217\/419
|
|switch|p2a: Mr. Clean|Rotom-Wash|167\/303
|move|p1a: Hippowdon|Toxic|p2a: Mr. Clean
|-status|p2a: Mr. Clean|tox
|
|-weather|Sandstorm|[upkeep]
|-damage|p2a: Mr. Clean|149\/303 tox|[from] sandstorm
|-heal|p2a: Mr. Clean|167\/303 tox|[from] item: Leftovers
|-heal|p1a: Hippowdon|243\/419|[from] item: Leftovers
|-damage|p2a: Mr. Clean|149\/303 tox|[from] psn
|turn|18
|
|switch|p1a: Starmie|Starmie, shiny|323\/323
|-damage|p1a: Starmie|283\/323|[from] Stealth Rock
|move|p2a: Mr. Clean|Pain Split|p1a: Starmie
|-sethp|p1a: Starmie|216\/323|p2a: Mr. Clean|216\/303 tox|[from] move: Pain Split
|
|-weather|Sandstorm|[upkeep]
|-damage|p1a: Starmie|196\/323|[from] sandstorm
|-damage|p2a: Mr. Clean|198\/303 tox|[from] sandstorm
|-heal|p1a: Starmie|216\/323|[from] item: Leftovers
|-heal|p2a: Mr. Clean|216\/303 tox|[from] item: Leftovers
|-damage|p2a: Mr. Clean|180\/303 tox|[from] psn
|turn|19
|join|HerpDerpFlurp
|
|move|p1a: Starmie|Reflect Type|p2a: Mr. Clean
|-start|p1a: Starmie|typechange|[from] move: Reflect Type|[of] p2a: Mr. Clean
|move|p2a: Mr. Clean|Volt Switch|p1a: Starmie
|-damage|p1a: Starmie|114\/323
|
|switch|p2a: No.15|Beedrill-Mega, M|293\/293
|
|-weather|Sandstorm|[upkeep]
|-damage|p2a: No.15|275\/293|[from] sandstorm
|-damage|p1a: Starmie|94\/323|[from] sandstorm
|-heal|p1a: Starmie|114\/323|[from] item: Leftovers
|turn|20
|leave|HerpDerpFlurp
|
|move|p2a: No.15|Knock Off|p1a: Starmie
|-damage|p1a: Starmie|0 fnt
|-enditem|p1a: Starmie|Leftovers|[from] move: Knock Off|[of] p2a: No.15
|faint|p1a: Starmie
|
|-weather|Sandstorm|[upkeep]
|-damage|p2a: No.15|257\/293|[from] sandstorm
|
|switch|p1a: Hippowdon|Hippowdon, M, shiny|243\/419
|-damage|p1a: Hippowdon|217\/419|[from] Stealth Rock
|turn|21
|
|move|p2a: No.15|U-turn|p1a: Hippowdon
|-damage|p1a: Hippowdon|91\/419
|
|switch|p2a: Whimsi|Whimsicott, F|322\/322
|move|p1a: Hippowdon|Slack Off|p1a: Hippowdon
|-heal|p1a: Hippowdon|301\/419
|
|-weather|none
|-heal|p1a: Hippowdon|327\/419|[from] item: Leftovers
|turn|22
|
|switch|p1a: Volcarona|Volcarona, F, shiny|373\/373
|-damage|p1a: Volcarona|187\/373|[from] Stealth Rock
|move|p2a: Whimsi|Stun Spore|p1a: Volcarona|[miss]
|-miss|p2a: Whimsi|p1a: Volcarona
|
|-heal|p1a: Volcarona|210\/373|[from] item: Leftovers
|turn|23
|c|âAce Trainer Apollo|hmm
|c|âAce Trainer Apollo|this complicates things
|
|switch|p2a: Aero|Archeops, F|258\/311
|move|p1a: Volcarona|Bug Buzz|p2a: Aero
|-resisted|p2a: Aero
|-damage|p2a: Aero|153\/311
|
|-heal|p1a: Volcarona|233\/373|[from] item: Leftovers
|turn|24
|
|switch|p1a: Hippowdon|Hippowdon, M, shiny|327\/419
|-damage|p1a: Hippowdon|301\/419|[from] Stealth Rock
|-weather|Sandstorm
|move|p2a: Aero|Head Smash|p1a: Hippowdon|[miss]
|-miss|p2a: Aero|p1a: Hippowdon
|
|-weather|Sandstorm|[upkeep]
|-heal|p1a: Hippowdon|327\/419|[from] item: Leftovers
|turn|25
|c|âAce Trainer Apollo|thats just the icing on the cake
|c|âX TREE|how much would it have done?
|c|âX TREE|im fully phys def
|c|âAce Trainer Apollo|enough to break archeops neck
|
|switch|p2a: Antlione|Flygon, M|325\/346
|move|p1a: Hippowdon|Stone Edge|p2a: Antlione
|-resisted|p2a: Antlione
|-damage|p2a: Antlione|275\/346
|
|-weather|Sandstorm|[upkeep]
|-heal|p1a: Hippowdon|353\/419|[from] item: Leftovers
|turn|26
|c|âAce Trainer Apollo|full def eh;
|
|move|p2a: Antlione|Hidden Power|p1a: Hippowdon
|-supereffective|p1a: Hippowdon
|-damage|p1a: Hippowdon|235\/419
|move|p1a: Hippowdon|Toxic|p2a: Antlione
|-status|p2a: Antlione|tox
|
|-weather|Sandstorm|[upkeep]
|-heal|p1a: Hippowdon|261\/419|[from] item: Leftovers
|-damage|p2a: Antlione|254\/346 tox|[from] psn
|turn|27
|
|switch|p2a: Mr. Clean|Rotom-Wash|180\/303 tox
|move|p1a: Hippowdon|Slack Off|p1a: Hippowdon
|-heal|p1a: Hippowdon|419\/419
|
|-weather|Sandstorm|[upkeep]
|-damage|p2a: Mr. Clean|162\/303 tox|[from] sandstorm
|-heal|p2a: Mr. Clean|180\/303 tox|[from] item: Leftovers
|-damage|p2a: Mr. Clean|162\/303 tox|[from] psn
|turn|28
|
|switch|p1a: Altaria|Altaria-Mega, M, shiny|153\/353
|-damage|p1a: Altaria|109\/353|[from] Stealth Rock
|move|p2a: Mr. Clean|Will-O-Wisp|p1a: Altaria
|-status|p1a: Altaria|brn
|
|-weather|none
|-heal|p2a: Mr. Clean|180\/303 tox|[from] item: Leftovers
|-damage|p2a: Mr. Clean|144\/303 tox|[from] psn
|-damage|p1a: Altaria|65\/353 brn|[from] brn
|turn|29
|
|switch|p2a: No.15|Beedrill-Mega, M|257\/293
|move|p1a: Altaria|Roost|p1a: Altaria
|-heal|p1a: Altaria|242\/353 brn
|
|-damage|p1a: Altaria|198\/353 brn|[from] brn
|turn|30
|
|switch|p1a: Hippowdon|Hippowdon, M, shiny|419\/419
|-damage|p1a: Hippowdon|393\/419|[from] Stealth Rock
|-weather|Sandstorm
|move|p2a: No.15|Knock Off|p1a: Hippowdon
|-damage|p1a: Hippowdon|315\/419
|-enditem|p1a: Hippowdon|Leftovers|[from] move: Knock Off|[of] p2a: No.15
|
|-weather|Sandstorm|[upkeep]
|-damage|p2a: No.15|239\/293|[from] sandstorm
|turn|31
|c|âAce Trainer Apollo|there we go
|
|move|p2a: No.15|U-turn|p1a: Hippowdon
|-damage|p1a: Hippowdon|185\/419
|
|switch|p2a: Whimsi|Whimsicott, F|322\/322
|move|p1a: Hippowdon|Stone Edge|p2a: Whimsi
|-damage|p2a: Whimsi|234\/322
|
|-weather|Sandstorm|[upkeep]
|-damage|p2a: Whimsi|214\/322|[from] sandstorm
|turn|32
|
|switch|p1a: Altaria|Altaria-Mega, M, shiny|198\/353 brn
|-damage|p1a: Altaria|154\/353 brn|[from] Stealth Rock
|move|p2a: Whimsi|Encore|p1a: Altaria
|-fail|p1a: Altaria
|
|-weather|Sandstorm|[upkeep]
|-damage|p2a: Whimsi|194\/322|[from] sandstorm
|-damage|p1a: Altaria|132\/353 brn|[from] sandstorm
|-damage|p1a: Altaria|88\/353 brn|[from] brn
|turn|33
|c|âAce Trainer Apollo|hm
|
|move|p2a: Whimsi|Moonblast|p1a: Altaria
|-supereffective|p1a: Altaria
|-damage|p1a: Altaria|0 fnt
|faint|p1a: Altaria
|
|-weather|Sandstorm|[upkeep]
|-damage|p2a: Whimsi|174\/322|[from] sandstorm
|c|âX TREE|gg i got rekt
|c|âAce Trainer Apollo|gg
|
|switch|p1a: Volcarona|Volcarona, F, shiny|233\/373
|-damage|p1a: Volcarona|47\/373|[from] Stealth Rock
|turn|34
|
|switch|p2a: Aero|Archeops, F|153\/311
|move|p1a: Volcarona|Roost|p1a: Volcarona
|-heal|p1a: Volcarona|234\/373
|
|-weather|none
|-heal|p1a: Volcarona|257\/373|[from] item: Leftovers
|turn|35
|
|switch|p1a: Hippowdon|Hippowdon, M, shiny|185\/419
|-damage|p1a: Hippowdon|159\/419|[from] Stealth Rock
|-weather|Sandstorm
|move|p2a: Aero|U-turn|p1a: Hippowdon
|-damage|p1a: Hippowdon|129\/419
|
|switch|p2a: No.15|Beedrill-Mega, M|239\/293
|
|-weather|Sandstorm|[upkeep]
|-damage|p2a: No.15|221\/293|[from] sandstorm
|turn|36
|
|move|p2a: No.15|U-turn|p1a: Hippowdon
|-damage|p1a: Hippowdon|0 fnt
|faint|p1a: Hippowdon
|
|switch|p2a: Aero|Archeops, F|153\/311
|
|-weather|Sandstorm|[upkeep]
|
|switch|p1a: Chesnaught|Chesnaught, F, shiny|379\/379
|-damage|p1a: Chesnaught|356\/379|[from] Stealth Rock
|turn|37
|
|switch|p2a: Whimsi|Whimsicott, F|174\/322
|move|p1a: Chesnaught|Spiky Shield|p1a: Chesnaught
|-fail|p1a: Chesnaught
|
|-weather|Sandstorm|[upkeep]
|-damage|p2a: Whimsi|154\/322|[from] sandstorm
|-damage|p1a: Chesnaught|333\/379|[from] sandstorm
|-heal|p1a: Chesnaught|356\/379|[from] item: Leftovers
|-enditem|p2a: Whimsi|Sitrus Berry|[eat]
|-heal|p2a: Whimsi|234\/322|[from] item: Sitrus Berry
|turn|38
|
|move|p1a: Chesnaught|Spiky Shield|p1a: Chesnaught
|-singleturn|p1a: Chesnaught|move: Protect
|move|p2a: Whimsi|Moonblast|p1a: Chesnaught
|-activate|p1a: Chesnaught|move: Protect
|
|-weather|Sandstorm|[upkeep]
|-damage|p2a: Whimsi|214\/322|[from] sandstorm
|-damage|p1a: Chesnaught|333\/379|[from] sandstorm
|-heal|p1a: Chesnaught|356\/379|[from] item: Leftovers
|turn|39
|c|âAce Trainer Apollo|urgh
|
|switch|p1a: Volcarona|Volcarona, F, shiny|257\/373
|-damage|p1a: Volcarona|71\/373|[from] Stealth Rock
|move|p2a: Whimsi|Moonblast|p1a: Volcarona
|-resisted|p1a: Volcarona
|-damage|p1a: Volcarona|26\/373
|
|-weather|none
|-heal|p1a: Volcarona|49\/373|[from] item: Leftovers
|turn|40
|
|switch|p2a: Aero|Archeops, F|153\/311
|move|p1a: Volcarona|Roost|p1a: Volcarona
|-heal|p1a: Volcarona|236\/373
|
|-heal|p1a: Volcarona|259\/373|[from] item: Leftovers
|turn|41
|
|switch|p1a: Chesnaught|Chesnaught, F, shiny|356\/379
|-damage|p1a: Chesnaught|333\/379|[from] Stealth Rock
|move|p2a: Aero|Head Smash|p1a: Chesnaught|[miss]
|-miss|p2a: Aero|p1a: Chesnaught
|
|-heal|p1a: Chesnaught|356\/379|[from] item: Leftovers
|turn|42
|c|âAce Trainer Apollo|dont make me bring my beedrill out now
|c|âX TREE|plz don't 6-0
|c|âX TREE|i beg for mercy
|c|âAce Trainer Apollo|ill do it
|c|âX TREE|lol
|
|switch|p2a: Whimsi|Whimsicott, F|214\/322
|move|p1a: Chesnaught|Drain Punch|p2a: Whimsi
|-resisted|p2a: Whimsi
|-damage|p2a: Whimsi|172\/322
|-heal|p1a: Chesnaught|377\/379|[from] drain|[of] p2a: Whimsi
|
|-heal|p1a: Chesnaught|379\/379|[from] item: Leftovers
|turn|43
|c|âAce Trainer Apollo|beedrill loves chesnuts
|
|switch|p1a: Volcarona|Volcarona, F, shiny|259\/373
|-damage|p1a: Volcarona|73\/373|[from] Stealth Rock
|move|p2a: Whimsi|Encore|p1a: Volcarona
|-fail|p1a: Volcarona
|
|-heal|p1a: Volcarona|96\/373|[from] item: Leftovers
|turn|44
|
|switch|p2a: Aero|Archeops, F|153\/311
|move|p1a: Volcarona|Roost|p1a: Volcarona
|-heal|p1a: Volcarona|283\/373
|
|-heal|p1a: Volcarona|306\/373|[from] item: Leftovers
|turn|45
|
|switch|p1a: Chesnaught|Chesnaught, F, shiny|379\/379
|-damage|p1a: Chesnaught|356\/379|[from] Stealth Rock
|move|p2a: Aero|U-turn|p1a: Chesnaught
|-crit|p1a: Chesnaught
|-damage|p1a: Chesnaught|310\/379
|c|âAce Trainer Apollo|im bringing the heat
|
|switch|p2a: No.15|Beedrill-Mega, M|221\/293
|
|-heal|p1a: Chesnaught|333\/379|[from] item: Leftovers
|turn|46
|
|move|p1a: Chesnaught|Spiky Shield|p1a: Chesnaught
|-singleturn|p1a: Chesnaught|move: Protect
|move|p2a: No.15|Poison Jab|p1a: Chesnaught
|-activate|p1a: Chesnaught|move: Protect
|-damage|p2a: No.15|185\/293|[from] Spiky Shield|[of] p1a: Chesnaught
|
|-heal|p1a: Chesnaught|356\/379|[from] item: Leftovers
|turn|47
|
|move|p2a: No.15|Poison Jab|p1a: Chesnaught
|-crit|p1a: Chesnaught
|-supereffective|p1a: Chesnaught
|-damage|p1a: Chesnaught|0 fnt
|faint|p1a: Chesnaught
|
|c|âAce Trainer Apollo|gg
|c|âX TREE|gg
|
|switch|p1a: Volcarona|Volcarona, F, shiny|306\/373
|-damage|p1a: Volcarona|120\/373|[from] Stealth Rock
|turn|48
|
|move|p2a: No.15|Poison Jab|p1a: Volcarona
|-damage|p1a: Volcarona|0 fnt
|faint|p1a: Volcarona
|
|win|Ace Trainer Apollo
|raw|Ladder updating...
|raw|X TREE's rating: 1562 &rarr; <strong>1542<\/strong><br \/>(-20 for losing)
|raw|Ace Trainer Apollo's rating: 1564 &rarr; <strong>1584<\/strong><br \/>(+20 for winning)