|join|I'm Bi...sharp
|join|X TREE
|player|p1|I'm Bi...sharp|268
|player|p2|X TREE|265
|gametype|singles
|gen|6
|tier|OU
|rated
|clearpoke
|poke|p1|Keldeo
|poke|p1|Metagross
|poke|p1|Zapdos
|poke|p1|Clefable, F
|poke|p1|Latias, F
|poke|p1|Togekiss, F
|poke|p2|Altaria, M
|poke|p2|Chesnaught, F
|poke|p2|Starmie
|poke|p2|Volcarona, F
|poke|p2|Chansey, F
|poke|p2|Hippowdon, M
|rule|Swagger Clause: Swagger is banned
|rule|Baton Pass Clause: Limit one PokÃ©mon knowing Baton Pass
|rule|Sleep Clause Mod: Limit one foe put to sleep
|rule|Species Clause: Limit one of each PokÃ©mon
|rule|OHKO Clause: OHKO moves are banned
|rule|Moody Clause: Moody is banned
|rule|Evasion Moves Clause: Evasion moves are banned
|rule|Endless Battle Clause: Forcing endless battles is banned
|rule|HP Percentage Mod: HP is shown in percentages
|teampreview
|c|âX TREE|gl hf
|c|âI'm Bi...sharp|u2
|
|start
|switch|p1a: Togekiss|Togekiss, F|311\/311
|switch|p2a: Altaria|Altaria, M|353\/353
|turn|1
|
|switch|p2a: Chansey|Chansey, F|641\/641
|move|p1a: Togekiss|Air Slash|p2a: Chansey
|-damage|p2a: Chansey|575\/641
|
|turn|2
|
|switch|p1a: Clefable|Clefable, F|393\/393
|move|p2a: Chansey|Thunder Wave|p1a: Clefable
|-status|p1a: Clefable|par
|
|turn|3
|
|move|p2a: Chansey|Stealth Rock|p1a: Clefable
|-sidestart|p1: I'm Bi...sharp|move: Stealth Rock
|move|p1a: Clefable|Stealth Rock|p2a: Chansey
|-sidestart|p2: X TREE|move: Stealth Rock
|
|turn|4
|
|move|p2a: Chansey|Seismic Toss|p1a: Clefable
|-damage|p1a: Clefable|293\/393 par
|move|p1a: Clefable|Thunder Wave|p2a: Chansey
|-status|p2a: Chansey|par
|
|-heal|p1a: Clefable|317\/393 par|[from] item: Leftovers
|turn|5
|
|switch|p1a: Latias|Latias, F|319\/319
|-damage|p1a: Latias|280\/319|[from] Stealth Rock
|switch|p2a: Hippowdon|Hippowdon, M|419\/419
|-damage|p2a: Hippowdon|393\/419|[from] Stealth Rock
|-weather|Sandstorm
|
|-weather|Sandstorm|[upkeep]
|-damage|p1a: Latias|261\/319|[from] sandstorm
|-heal|p2a: Hippowdon|419\/419|[from] item: Leftovers
|turn|6
|
|switch|p2a: Chansey|Chansey, F|575\/641
|-damage|p2a: Chansey|495\/641|[from] Stealth Rock
|move|p1a: Latias|Defog|p2a: Chansey
|-unboost|p2a: Chansey|evasion|1
|-sideend|p2: X TREE|Stealth Rock|[from] move: Defog|[of] p2a: Chansey
|-sideend|p1: I'm Bi...sharp|Stealth Rock|[from] move: Defog|[of] p1a: Latias
|
|-weather|Sandstorm|[upkeep]
|-damage|p1a: Latias|242\/319|[from] sandstorm
|-damage|p2a: Chansey|455\/641|[from] sandstorm
|turn|7
|
|switch|p1a: Zapdos|Zapdos|383\/383
|-ability|p1a: Zapdos|Pressure
|move|p2a: Chansey|Thunder Wave|p1a: Zapdos
|-fail|p1a: Zapdos
|
|-weather|Sandstorm|[upkeep]
|-damage|p1a: Zapdos|360\/383|[from] sandstorm
|-damage|p2a: Chansey|415\/641|[from] sandstorm
|-heal|p1a: Zapdos|383\/383|[from] item: Leftovers
|turn|8
|
|move|p1a: Zapdos|Volt Switch|p2a: Chansey
|-damage|p2a: Chansey|361\/641
|
|switch|p1a: Togekiss|Togekiss, F|311\/311
|move|p2a: Chansey|Soft-Boiled|p2a: Chansey
|-heal|p2a: Chansey|641\/641
|
|-weather|Sandstorm|[upkeep]
|-damage|p1a: Togekiss|292\/311|[from] sandstorm
|-damage|p2a: Chansey|601\/641|[from] sandstorm
|turn|9
|
|move|p1a: Togekiss|Trick|p2a: Chansey
|-activate|p1a: Togekiss|move: Trick|[of] p2a: Chansey
|-item|p2a: Chansey|Choice Scarf|[from] move: Trick
|-item|p1a: Togekiss|Eviolite|[from] move: Trick
|move|p2a: Chansey|Thunder Wave|p1a: Togekiss
|-status|p1a: Togekiss|par
|
|-weather|none
|turn|10
|
|switch|p2a: Altaria|Altaria, M|353\/353
|cant|p1a: Togekiss|par
|
|turn|11
|
|detailschange|p2a: Altaria|Altaria-Mega, M
|-mega|p2a: Altaria|Altaria|Altarianite
|move|p2a: Altaria|Frustration|p1a: Togekiss
|-damage|p1a: Togekiss|106\/311 par
|move|p1a: Togekiss|Dazzling Gleam|p2a: Altaria
|-supereffective|p2a: Altaria
|-damage|p2a: Altaria|107\/353
|
|turn|12
|
|switch|p2a: Volcarona|Volcarona, F|373\/373
|move|p1a: Togekiss|Dazzling Gleam|p2a: Volcarona
|-resisted|p2a: Volcarona
|-damage|p2a: Volcarona|314\/373
|
|-heal|p2a: Volcarona|337\/373|[from] item: Leftovers
|turn|13
|
|move|p2a: Volcarona|Quiver Dance|p2a: Volcarona
|-boost|p2a: Volcarona|spa|1
|-boost|p2a: Volcarona|spd|1
|-boost|p2a: Volcarona|spe|1
|move|p1a: Togekiss|Air Slash|p2a: Volcarona
|-supereffective|p2a: Volcarona
|-damage|p2a: Volcarona|167\/373
|
|-heal|p2a: Volcarona|190\/373|[from] item: Leftovers
|turn|14
|
|move|p2a: Volcarona|Quiver Dance|p2a: Volcarona
|-boost|p2a: Volcarona|spa|1
|-boost|p2a: Volcarona|spd|1
|-boost|p2a: Volcarona|spe|1
|move|p1a: Togekiss|Air Slash|p2a: Volcarona
|-supereffective|p2a: Volcarona
|-damage|p2a: Volcarona|58\/373
|
|-heal|p2a: Volcarona|81\/373|[from] item: Leftovers
|turn|15
|
|move|p2a: Volcarona|Roost|p2a: Volcarona
|-heal|p2a: Volcarona|268\/373
|move|p1a: Togekiss|Air Slash|p2a: Volcarona
|-supereffective|p2a: Volcarona
|-damage|p2a: Volcarona|148\/373
|
|-heal|p2a: Volcarona|171\/373|[from] item: Leftovers
|turn|16
|
|switch|p1a: Clefable|Clefable, F|317\/393 par
|move|p2a: Volcarona|Roost|p2a: Volcarona
|-heal|p2a: Volcarona|358\/373
|
|-heal|p2a: Volcarona|373\/373|[from] item: Leftovers
|-heal|p1a: Clefable|341\/393 par|[from] item: Leftovers
|turn|17
|
|move|p2a: Volcarona|Fiery Dance|p1a: Clefable
|-crit|p1a: Clefable
|-damage|p1a: Clefable|194\/393 par
|-boost|p2a: Volcarona|spa|1
|move|p1a: Clefable|Thunder Wave|p2a: Volcarona
|-status|p2a: Volcarona|par
|
|-heal|p1a: Clefable|218\/393 par|[from] item: Leftovers
|turn|18
|
|switch|p2a: Chansey|Chansey, F|601\/641
|move|p1a: Clefable|Moonlight|p1a: Clefable
|-heal|p1a: Clefable|393\/393 par
|
|turn|19
|
|switch|p1a: Metagross|Metagross|301\/301
|move|p2a: Chansey|Stealth Rock|p1a: Metagross
|-sidestart|p1: I'm Bi...sharp|move: Stealth Rock
|
|turn|20
|
|switch|p2a: Hippowdon|Hippowdon, M|419\/419
|-weather|Sandstorm
|detailschange|p1a: Metagross|Metagross-Mega
|-mega|p1a: Metagross|Metagross|Metagrossite
|move|p1a: Metagross|Zen Headbutt|p2a: Hippowdon
|-damage|p2a: Hippowdon|296\/419
|
|-weather|Sandstorm|[upkeep]
|-heal|p2a: Hippowdon|322\/419|[from] item: Leftovers
|turn|21
|
|switch|p1a: Zapdos|Zapdos|383\/383
|-damage|p1a: Zapdos|288\/383|[from] Stealth Rock
|-ability|p1a: Zapdos|Pressure
|move|p2a: Hippowdon|Earthquake|p1a: Zapdos
|-immune|p1a: Zapdos|[msg]
|
|-weather|Sandstorm|[upkeep]
|-damage|p1a: Zapdos|265\/383|[from] sandstorm
|-heal|p1a: Zapdos|288\/383|[from] item: Leftovers
|-heal|p2a: Hippowdon|348\/419|[from] item: Leftovers
|turn|22
|
|move|p1a: Zapdos|Roost|p1a: Zapdos
|-heal|p1a: Zapdos|383\/383
|move|p2a: Hippowdon|Toxic|p1a: Zapdos
|-status|p1a: Zapdos|tox
|
|-weather|Sandstorm|[upkeep]
|-damage|p1a: Zapdos|360\/383 tox|[from] sandstorm
|-heal|p1a: Zapdos|383\/383 tox|[from] item: Leftovers
|-heal|p2a: Hippowdon|374\/419|[from] item: Leftovers
|-damage|p1a: Zapdos|360\/383 tox|[from] psn
|turn|23
|
|switch|p1a: Latias|Latias, F|242\/319
|-damage|p1a: Latias|203\/319|[from] Stealth Rock
|move|p2a: Hippowdon|Stone Edge|p1a: Latias|[miss]
|-miss|p2a: Hippowdon|p1a: Latias
|
|-weather|Sandstorm|[upkeep]
|-damage|p1a: Latias|184\/319|[from] sandstorm
|-heal|p2a: Hippowdon|400\/419|[from] item: Leftovers
|turn|24
|
|switch|p2a: Chansey|Chansey, F|601\/641
|move|p1a: Latias|Defog|p2a: Chansey
|-unboost|p2a: Chansey|evasion|1
|-sideend|p1: I'm Bi...sharp|Stealth Rock|[from] move: Defog|[of] p1a: Latias
|
|-weather|none
|turn|25
|
|switch|p1a: Keldeo|Keldeo|323\/323
|move|p2a: Chansey|Stealth Rock|p1a: Keldeo
|-sidestart|p1: I'm Bi...sharp|move: Stealth Rock
|
|turn|26
|
|switch|p2a: Starmie|Starmie|323\/323
|move|p1a: Keldeo|Scald|p2a: Starmie
|-resisted|p2a: Starmie
|-damage|p2a: Starmie|248\/323
|
|-heal|p2a: Starmie|268\/323|[from] item: Leftovers
|turn|27
|
|switch|p1a: Metagross|Metagross-Mega|301\/301
|-damage|p1a: Metagross|283\/301|[from] Stealth Rock
|move|p2a: Starmie|Scald|p1a: Metagross
|-damage|p1a: Metagross|178\/301
|
|-heal|p2a: Starmie|288\/323|[from] item: Leftovers
|turn|28
|
|switch|p2a: Hippowdon|Hippowdon, M|400\/419
|-weather|Sandstorm
|move|p1a: Metagross|Grass Knot|p2a: Hippowdon
|-supereffective|p2a: Hippowdon
|-damage|p2a: Hippowdon|48\/419
|
|-weather|Sandstorm|[upkeep]
|-heal|p2a: Hippowdon|74\/419|[from] item: Leftovers
|turn|29
|
|switch|p2a: Volcarona|Volcarona, F|373\/373 par
|move|p1a: Metagross|Zen Headbutt|p2a: Volcarona
|-damage|p2a: Volcarona|166\/373 par
|
|-weather|Sandstorm|[upkeep]
|-damage|p2a: Volcarona|143\/373 par|[from] sandstorm
|-heal|p2a: Volcarona|166\/373 par|[from] item: Leftovers
|turn|30
|
|switch|p2a: Hippowdon|Hippowdon, M|74\/419
|move|p1a: Metagross|Zen Headbutt|p2a: Hippowdon
|-damage|p2a: Hippowdon|0 fnt
|faint|p2a: Hippowdon
|
|-weather|Sandstorm|[upkeep]
|
|switch|p2a: Starmie|Starmie|288\/323
|turn|31
|
|switch|p1a: Togekiss|Togekiss, F|106\/311 par
|-damage|p1a: Togekiss|29\/311 par|[from] Stealth Rock
|move|p2a: Starmie|Scald|p1a: Togekiss
|-damage|p1a: Togekiss|0 fnt
|faint|p1a: Togekiss
|
|-weather|Sandstorm|[upkeep]
|-damage|p2a: Starmie|268\/323|[from] sandstorm
|-heal|p2a: Starmie|288\/323|[from] item: Leftovers
|
|switch|p1a: Zapdos|Zapdos|360\/383 tox
|-damage|p1a: Zapdos|265\/383 tox|[from] Stealth Rock
|-ability|p1a: Zapdos|Pressure
|turn|32
|
|switch|p2a: Chansey|Chansey, F|601\/641
|move|p1a: Zapdos|Volt Switch|p2a: Chansey
|-crit|p2a: Chansey
|-damage|p2a: Chansey|481\/641
|
|switch|p1a: Clefable|Clefable, F|393\/393 par
|-damage|p1a: Clefable|344\/393 par|[from] Stealth Rock
|
|-weather|none
|-heal|p1a: Clefable|368\/393 par|[from] item: Leftovers
|turn|33
|
|switch|p2a: Starmie|Starmie|288\/323
|cant|p1a: Clefable|par
|
|-heal|p2a: Starmie|308\/323|[from] item: Leftovers
|-heal|p1a: Clefable|392\/393 par|[from] item: Leftovers
|turn|34
|join|ShedinjaLO
|
|move|p2a: Starmie|Scald|p1a: Clefable
|-damage|p1a: Clefable|307\/393 par
|cant|p1a: Clefable|par
|
|-heal|p2a: Starmie|323\/323|[from] item: Leftovers
|-heal|p1a: Clefable|331\/393 par|[from] item: Leftovers
|turn|35
|
|move|p2a: Starmie|Scald|p1a: Clefable
|-damage|p1a: Clefable|253\/393 par
|move|p1a: Clefable|Stealth Rock|p2a: Starmie
|-sidestart|p2: X TREE|move: Stealth Rock
|
|-heal|p1a: Clefable|277\/393 par|[from] item: Leftovers
|turn|36
|
|move|p2a: Starmie|Rapid Spin|p1a: Clefable
|-crit|p1a: Clefable
|-damage|p1a: Clefable|259\/393 par
|-sideend|p2: X TREE|Stealth Rock|[from] move: Rapid Spin|[of] p2a: Starmie
|move|p1a: Clefable|Thunder Wave|p2a: Starmie
|-status|p2a: Starmie|par
|
|-heal|p1a: Clefable|283\/393 par|[from] item: Leftovers
|turn|37
|
|move|p2a: Starmie|Scald|p1a: Clefable
|-damage|p1a: Clefable|207\/393 par
|move|p1a: Clefable|Moonlight|p1a: Clefable
|-heal|p1a: Clefable|393\/393 par
|
|turn|38
|
|move|p2a: Starmie|Scald|p1a: Clefable
|-damage|p1a: Clefable|315\/393 par
|move|p1a: Clefable|Moonblast|p2a: Starmie
|-damage|p2a: Starmie|191\/323 par
|-unboost|p2a: Starmie|spa|1
|
|-heal|p2a: Starmie|211\/323 par|[from] item: Leftovers
|-heal|p1a: Clefable|339\/393 par|[from] item: Leftovers
|turn|39
|
|cant|p2a: Starmie|par
|move|p1a: Clefable|Moonblast|p2a: Starmie
|-damage|p2a: Starmie|100\/323 par
|
|-heal|p2a: Starmie|120\/323 par|[from] item: Leftovers
|-heal|p1a: Clefable|363\/393 par|[from] item: Leftovers
|turn|40
|
|move|p2a: Starmie|Recover|p2a: Starmie
|-heal|p2a: Starmie|282\/323 par
|move|p1a: Clefable|Moonblast|p2a: Starmie
|-crit|p2a: Starmie
|-damage|p2a: Starmie|84\/323 par
|
|-heal|p2a: Starmie|104\/323 par|[from] item: Leftovers
|-heal|p1a: Clefable|387\/393 par|[from] item: Leftovers
|turn|41
|
|move|p2a: Starmie|Recover|p2a: Starmie
|-heal|p2a: Starmie|266\/323 par
|move|p1a: Clefable|Moonblast|p2a: Starmie
|-damage|p2a: Starmie|134\/323 par
|-unboost|p2a: Starmie|spa|1
|
|-heal|p2a: Starmie|154\/323 par|[from] item: Leftovers
|-heal|p1a: Clefable|393\/393 par|[from] item: Leftovers
|turn|42
|
|switch|p2a: Volcarona|Volcarona, F|166\/373 par
|move|p1a: Clefable|Moonblast|p2a: Volcarona
|-resisted|p2a: Volcarona
|-damage|p2a: Volcarona|117\/373 par
|-unboost|p2a: Volcarona|spa|1
|
|-heal|p2a: Volcarona|140\/373 par|[from] item: Leftovers
|turn|43
|
|switch|p1a: Keldeo|Keldeo|323\/323
|-damage|p1a: Keldeo|303\/323|[from] Stealth Rock
|move|p2a: Volcarona|Roost|p2a: Volcarona
|-heal|p2a: Volcarona|327\/373 par
|
|-heal|p1a: Keldeo|323\/323|[from] item: Leftovers
|-heal|p2a: Volcarona|350\/373 par|[from] item: Leftovers
|turn|44
|
|switch|p2a: Chansey|Chansey, F|481\/641
|move|p1a: Keldeo|Scald|p2a: Chansey
|-damage|p2a: Chansey|372\/641
|-status|p2a: Chansey|brn
|
|-damage|p2a: Chansey|292\/641 brn|[from] brn
|turn|45
|
|move|p1a: Keldeo|Substitute|p1a: Keldeo
|-start|p1a: Keldeo|Substitute
|-damage|p1a: Keldeo|243\/323
|move|p2a: Chansey|Seismic Toss|p1a: Keldeo
|-end|p1a: Keldeo|Substitute
|
|-heal|p1a: Keldeo|263\/323|[from] item: Leftovers
|-damage|p2a: Chansey|212\/641 brn|[from] brn
|turn|46
|
|move|p1a: Keldeo|Secret Sword|p2a: Chansey
|-crit|p2a: Chansey
|-supereffective|p2a: Chansey
|-damage|p2a: Chansey|0 fnt
|faint|p2a: Chansey
|
|-heal|p1a: Keldeo|283\/323|[from] item: Leftovers
|
|switch|p2a: Altaria|Altaria-Mega, M|107\/353
|turn|47
|
|switch|p1a: Latias|Latias, F|184\/319
|-damage|p1a: Latias|145\/319|[from] Stealth Rock
|move|p2a: Altaria|Roost|p2a: Altaria
|-heal|p2a: Altaria|284\/353
|
|turn|48
|
|move|p1a: Latias|Defog|p2a: Altaria
|-unboost|p2a: Altaria|evasion|1
|-sideend|p1: I'm Bi...sharp|Stealth Rock|[from] move: Defog|[of] p1a: Latias
|move|p2a: Altaria|Heal Bell|p2a: Altaria
|-cureteam|p2a: Altaria|[from] move: HealBell
|
|turn|49
|
|move|p1a: Latias|Psyshock|p2a: Altaria
|-damage|p2a: Altaria|158\/353
|-damage|p1a: Latias|114\/319|[from] item: Life Orb
|move|p2a: Altaria|Frustration|p1a: Latias
|-supereffective|p1a: Latias
|-damage|p1a: Latias|0 fnt
|faint|p1a: Latias
|
|
|switch|p1a: Metagross|Metagross-Mega|178\/301
|turn|50
|
|switch|p2a: Volcarona|Volcarona, F|350\/373
|move|p1a: Metagross|Zen Headbutt|p2a: Volcarona
|-damage|p2a: Volcarona|157\/373
|-status|p1a: Metagross|brn
|
|-heal|p2a: Volcarona|180\/373|[from] item: Leftovers
|-damage|p1a: Metagross|141\/301 brn|[from] brn
|turn|51
|c|âI'm Bi...sharp|sick
|c|âX TREE|30% chance
|
|switch|p1a: Clefable|Clefable, F|393\/393 par
|move|p2a: Volcarona|Roost|p2a: Volcarona
|-heal|p2a: Volcarona|367\/373
|
|-heal|p2a: Volcarona|373\/373|[from] item: Leftovers
|turn|52
|c|âI'm Bi...sharp|exactly.
|c|âX TREE|and you did it twice
|c|âX TREE|so there was a 49% chance not to get burned
|
|switch|p2a: Starmie|Starmie|154\/323
|move|p1a: Clefable|Thunder Wave|p2a: Starmie
|-status|p2a: Starmie|par
|
|-heal|p2a: Starmie|174\/323 par|[from] item: Leftovers
|turn|53
|c|âI'm Bi...sharp|winning 50\/50s...
|c|âI'm Bi...sharp|skill
|c|âI'm Bi...sharp|kk doll
|c|âI'm Bi...sharp|:]
|
|move|p2a: Starmie|Recover|p2a: Starmie
|-heal|p2a: Starmie|323\/323 par
|move|p1a: Clefable|Moonblast|p2a: Starmie
|-damage|p2a: Starmie|191\/323 par
|
|-heal|p2a: Starmie|211\/323 par|[from] item: Leftovers
|turn|54
|
|move|p2a: Starmie|Scald|p1a: Clefable
|-damage|p1a: Clefable|308\/393 par
|cant|p1a: Clefable|par
|
|-heal|p2a: Starmie|231\/323 par|[from] item: Leftovers
|-heal|p1a: Clefable|332\/393 par|[from] item: Leftovers
|turn|55
|
|move|p2a: Starmie|Scald|p1a: Clefable
|-damage|p1a: Clefable|244\/393 par
|move|p1a: Clefable|Stealth Rock|p2a: Starmie
|-sidestart|p2: X TREE|move: Stealth Rock
|
|-heal|p2a: Starmie|251\/323 par|[from] item: Leftovers
|-heal|p1a: Clefable|268\/393 par|[from] item: Leftovers
|turn|56
|
|switch|p1a: Zapdos|Zapdos|265\/383 tox
|-ability|p1a: Zapdos|Pressure
|move|p2a: Starmie|Rapid Spin|p1a: Zapdos
|-damage|p1a: Zapdos|257\/383 tox
|-sideend|p2: X TREE|Stealth Rock|[from] move: Rapid Spin|[of] p2a: Starmie
|
|-heal|p1a: Zapdos|280\/383 tox|[from] item: Leftovers
|-heal|p2a: Starmie|271\/323 par|[from] item: Leftovers
|-damage|p1a: Zapdos|257\/383 tox|[from] psn
|turn|57
|leave|ShedinjaLO
|join|ShedinjaLO
|leave|ShedinjaLO
|
|switch|p2a: Volcarona|Volcarona, F|373\/373
|move|p1a: Zapdos|Volt Switch|p2a: Volcarona
|-damage|p2a: Volcarona|280\/373
|
|switch|p1a: Keldeo|Keldeo|283\/323
|
|-heal|p1a: Keldeo|303\/323|[from] item: Leftovers
|-heal|p2a: Volcarona|303\/373|[from] item: Leftovers
|turn|58
|
|switch|p2a: Altaria|Altaria-Mega, M|158\/353
|move|p1a: Keldeo|Scald|p2a: Altaria
|-resisted|p2a: Altaria
|-damage|p2a: Altaria|91\/353
|
|-heal|p1a: Keldeo|323\/323|[from] item: Leftovers
|turn|59
|
|switch|p1a: Metagross|Metagross-Mega|141\/301 brn
|move|p2a: Altaria|Roost|p2a: Altaria
|-heal|p2a: Altaria|268\/353
|
|-damage|p1a: Metagross|104\/301 brn|[from] brn
|turn|60
|
|switch|p2a: Chesnaught|Chesnaught, F|379\/379
|move|p1a: Metagross|Zen Headbutt|p2a: Chesnaught
|-supereffective|p2a: Chesnaught
|-damage|p2a: Chesnaught|259\/379
|
|-heal|p2a: Chesnaught|282\/379|[from] item: Leftovers
|-damage|p1a: Metagross|67\/301 brn|[from] brn
|turn|61
|
|move|p1a: Metagross|Zen Headbutt|p2a: Chesnaught
|-supereffective|p2a: Chesnaught
|-damage|p2a: Chesnaught|156\/379
|move|p2a: Chesnaught|Spikes|p1a: Metagross
|-sidestart|p1: I'm Bi...sharp|Spikes
|
|-heal|p2a: Chesnaught|179\/379|[from] item: Leftovers
|-damage|p1a: Metagross|30\/301 brn|[from] brn
|turn|62
|
|move|p2a: Chesnaught|Spiky Shield|p2a: Chesnaught
|-singleturn|p2a: Chesnaught|move: Protect
|move|p1a: Metagross|Zen Headbutt|p2a: Chesnaught
|-activate|p2a: Chesnaught|move: Protect
|-damage|p1a: Metagross|0 fnt|[from] Spiky Shield|[of] p2a: Chesnaught
|faint|p1a: Metagross
|
|-heal|p2a: Chesnaught|202\/379|[from] item: Leftovers
|
|switch|p1a: Zapdos|Zapdos|257\/383 tox
|-ability|p1a: Zapdos|Pressure
|turn|63
|
|switch|p2a: Altaria|Altaria-Mega, M|268\/353
|move|p1a: Zapdos|Heat Wave|p2a: Altaria
|-resisted|p2a: Altaria
|-damage|p2a: Altaria|232\/353
|-status|p2a: Altaria|brn
|
|-heal|p1a: Zapdos|280\/383 tox|[from] item: Leftovers
|-damage|p1a: Zapdos|257\/383 tox|[from] psn
|-damage|p2a: Altaria|188\/353 brn|[from] brn
|turn|64
|
|move|p1a: Zapdos|Hidden Power|p2a: Altaria
|-supereffective|p2a: Altaria
|-damage|p2a: Altaria|82\/353 brn
|move|p2a: Altaria|Heal Bell|p2a: Altaria
|-cureteam|p2a: Altaria|[from] move: HealBell
|
|-heal|p1a: Zapdos|280\/383 tox|[from] item: Leftovers
|-damage|p1a: Zapdos|234\/383 tox|[from] psn
|turn|65
|
|switch|p2a: Volcarona|Volcarona, F|303\/373
|move|p1a: Zapdos|Hidden Power|p2a: Volcarona
|-resisted|p2a: Volcarona
|-damage|p2a: Volcarona|277\/373
|
|-heal|p2a: Volcarona|300\/373|[from] item: Leftovers
|-heal|p1a: Zapdos|257\/383 tox|[from] item: Leftovers
|-damage|p1a: Zapdos|188\/383 tox|[from] psn
|turn|66
|
|move|p2a: Volcarona|Quiver Dance|p2a: Volcarona
|-boost|p2a: Volcarona|spa|1
|-boost|p2a: Volcarona|spd|1
|-boost|p2a: Volcarona|spe|1
|move|p1a: Zapdos|Volt Switch|p2a: Volcarona
|-damage|p2a: Volcarona|242\/373
|
|switch|p1a: Clefable|Clefable, F|268\/393 par
|-damage|p1a: Clefable|219\/393 par|[from] Spikes
|
|-heal|p2a: Volcarona|265\/373|[from] item: Leftovers
|-heal|p1a: Clefable|243\/393 par|[from] item: Leftovers
|turn|67
|
|move|p2a: Volcarona|Fiery Dance|p1a: Clefable
|-damage|p1a: Clefable|138\/393 par
|-boost|p2a: Volcarona|spa|1
|cant|p1a: Clefable|par
|
|-heal|p2a: Volcarona|288\/373|[from] item: Leftovers
|-heal|p1a: Clefable|162\/393 par|[from] item: Leftovers
|turn|68
|
|move|p2a: Volcarona|Fiery Dance|p1a: Clefable
|-damage|p1a: Clefable|59\/393 par
|move|p1a: Clefable|Moonlight|p1a: Clefable
|-heal|p1a: Clefable|255\/393 par
|
|-heal|p2a: Volcarona|311\/373|[from] item: Leftovers
|-heal|p1a: Clefable|279\/393 par|[from] item: Leftovers
|turn|69
|
|move|p2a: Volcarona|Quiver Dance|p2a: Volcarona
|-boost|p2a: Volcarona|spa|1
|-boost|p2a: Volcarona|spd|1
|-boost|p2a: Volcarona|spe|1
|move|p1a: Clefable|Thunder Wave|p2a: Volcarona
|-status|p2a: Volcarona|par
|
|-heal|p2a: Volcarona|334\/373 par|[from] item: Leftovers
|-heal|p1a: Clefable|303\/393 par|[from] item: Leftovers
|turn|70
|
|move|p2a: Volcarona|Quiver Dance|p2a: Volcarona
|-boost|p2a: Volcarona|spa|1
|-boost|p2a: Volcarona|spd|1
|-boost|p2a: Volcarona|spe|1
|move|p1a: Clefable|Stealth Rock|p2a: Volcarona
|-sidestart|p2: X TREE|move: Stealth Rock
|
|-heal|p2a: Volcarona|357\/373 par|[from] item: Leftovers
|-heal|p1a: Clefable|327\/393 par|[from] item: Leftovers
|turn|71
|
|move|p2a: Volcarona|Quiver Dance|p2a: Volcarona
|-boost|p2a: Volcarona|spa|1
|-boost|p2a: Volcarona|spd|1
|-boost|p2a: Volcarona|spe|1
|move|p1a: Clefable|Moonblast|p2a: Volcarona
|-resisted|p2a: Volcarona
|-damage|p2a: Volcarona|301\/373 par
|-unboost|p2a: Volcarona|spa|1
|
|-heal|p2a: Volcarona|324\/373 par|[from] item: Leftovers
|-heal|p1a: Clefable|351\/393 par|[from] item: Leftovers
|turn|72
|
|move|p2a: Volcarona|Quiver Dance|p2a: Volcarona
|-boost|p2a: Volcarona|spa|1
|-boost|p2a: Volcarona|spd|1
|-boost|p2a: Volcarona|spe|1
|move|p1a: Clefable|Moonblast|p2a: Volcarona
|-resisted|p2a: Volcarona
|-damage|p2a: Volcarona|273\/373 par
|-unboost|p2a: Volcarona|spa|1
|
|-heal|p2a: Volcarona|296\/373 par|[from] item: Leftovers
|-heal|p1a: Clefable|375\/393 par|[from] item: Leftovers
|turn|73
|
|move|p2a: Volcarona|Quiver Dance|p2a: Volcarona
|-boost|p2a: Volcarona|spa|1
|-boost|p2a: Volcarona|spd|1
|-boost|p2a: Volcarona|spe|1
|move|p1a: Clefable|Thunder Wave|p2a: Volcarona
|-fail|p2a: Volcarona|par
|
|-heal|p2a: Volcarona|319\/373 par|[from] item: Leftovers
|-heal|p1a: Clefable|393\/393 par|[from] item: Leftovers
|turn|74
|
|move|p2a: Volcarona|Fiery Dance|p1a: Clefable
|-damage|p1a: Clefable|296\/393 par
|-boost|p2a: Volcarona|spa|1
|move|p1a: Clefable|Thunder Wave|p2a: Volcarona
|-fail|p2a: Volcarona|par
|
|-heal|p2a: Volcarona|342\/373 par|[from] item: Leftovers
|-heal|p1a: Clefable|320\/393 par|[from] item: Leftovers
|turn|75
|
|cant|p2a: Volcarona|par
|cant|p1a: Clefable|par
|
|-heal|p2a: Volcarona|365\/373 par|[from] item: Leftovers
|-heal|p1a: Clefable|344\/393 par|[from] item: Leftovers
|turn|76
|
|cant|p2a: Volcarona|par
|move|p1a: Clefable|Moonblast|p2a: Volcarona
|-resisted|p2a: Volcarona
|-damage|p2a: Volcarona|310\/373 par
|
|-heal|p2a: Volcarona|333\/373 par|[from] item: Leftovers
|-heal|p1a: Clefable|368\/393 par|[from] item: Leftovers
|turn|77
|
|cant|p2a: Volcarona|par
|cant|p1a: Clefable|par
|
|-heal|p2a: Volcarona|356\/373 par|[from] item: Leftovers
|-heal|p1a: Clefable|392\/393 par|[from] item: Leftovers
|turn|78
|
|cant|p2a: Volcarona|par
|move|p1a: Clefable|Moonblast|p2a: Volcarona
|-resisted|p2a: Volcarona
|-damage|p2a: Volcarona|305\/373 par
|
|-heal|p2a: Volcarona|328\/373 par|[from] item: Leftovers
|-heal|p1a: Clefable|393\/393 par|[from] item: Leftovers
|turn|79
|
|move|p2a: Volcarona|Fiery Dance|p1a: Clefable
|-damage|p1a: Clefable|279\/393 par
|cant|p1a: Clefable|par
|
|-heal|p2a: Volcarona|351\/373 par|[from] item: Leftovers
|-heal|p1a: Clefable|303\/393 par|[from] item: Leftovers
|turn|80
|
|move|p2a: Volcarona|Fiery Dance|p1a: Clefable
|-damage|p1a: Clefable|191\/393 par
|move|p1a: Clefable|Moonblast|p2a: Volcarona
|-resisted|p2a: Volcarona
|-damage|p2a: Volcarona|300\/373 par
|
|-heal|p2a: Volcarona|323\/373 par|[from] item: Leftovers
|-heal|p1a: Clefable|215\/393 par|[from] item: Leftovers
|turn|81
|
|move|p2a: Volcarona|Fiery Dance|p1a: Clefable
|-damage|p1a: Clefable|112\/393 par
|move|p1a: Clefable|Moonlight|p1a: Clefable
|-heal|p1a: Clefable|308\/393 par
|
|-heal|p2a: Volcarona|346\/373 par|[from] item: Leftovers
|-heal|p1a: Clefable|332\/393 par|[from] item: Leftovers
|turn|82
|
|move|p2a: Volcarona|Fiery Dance|p1a: Clefable
|-damage|p1a: Clefable|218\/393 par
|move|p1a: Clefable|Moonblast|p2a: Volcarona
|-resisted|p2a: Volcarona
|-damage|p2a: Volcarona|295\/373 par
|-unboost|p2a: Volcarona|spa|1
|
|-heal|p2a: Volcarona|318\/373 par|[from] item: Leftovers
|-heal|p1a: Clefable|242\/393 par|[from] item: Leftovers
|turn|83
|
|switch|p1a: Zapdos|Zapdos|188\/383 tox
|-ability|p1a: Zapdos|Pressure
|move|p2a: Volcarona|Fiery Dance|p1a: Zapdos
|-crit|p1a: Zapdos
|-damage|p1a: Zapdos|0 fnt
|-boost|p2a: Volcarona|spa|1
|faint|p1a: Zapdos
|
|-heal|p2a: Volcarona|341\/373 par|[from] item: Leftovers
|c|âX TREE|?
|
|switch|p1a: Keldeo|Keldeo|323\/323
|-damage|p1a: Keldeo|283\/323|[from] Spikes
|turn|84
|c|âI'm Bi...sharp|got tired
|
|move|p1a: Keldeo|Substitute|p1a: Keldeo
|-start|p1a: Keldeo|Substitute
|-damage|p1a: Keldeo|203\/323
|move|p2a: Volcarona|Bug Buzz|p1a: Keldeo
|-resisted|p1a: Keldeo
|-damage|p1a: Keldeo|0 fnt
|faint|p1a: Keldeo
|
|-heal|p2a: Volcarona|364\/373 par|[from] item: Leftovers
|c|âI'm Bi...sharp|and bored
|c|âX TREE|gg
|
|switch|p1a: Clefable|Clefable, F|242\/393 par
|-damage|p1a: Clefable|193\/393 par|[from] Spikes
|turn|85
|c|âI'm Bi...sharp|worst spent time of my life tbh
|-message|I'm Bi...sharp forfeited.
|
|win|X TREE
|raw|Ladder updating...