|join|Mawile Fan
|join|X TREE
|player|p1|Mawile Fan|167
|player|p2|X TREE|101
|gametype|singles
|gen|6
|tier|OU
|rated
|clearpoke
|poke|p1|Charizard, M
|poke|p1|Umbreon, M, shiny
|poke|p1|Gengar, M, shiny
|poke|p1|Empoleon, M
|poke|p1|Rotom-Mow
|poke|p1|Landorus-Therian, M
|poke|p2|Altaria, F, shiny
|poke|p2|Chesnaught, F, shiny
|poke|p2|Starmie, shiny
|poke|p2|Volcarona, M, shiny
|poke|p2|Chansey, F, shiny
|poke|p2|Hippowdon, M, shiny
|rule|Swagger Clause: Swagger is banned
|rule|Baton Pass Clause: Limit one PokÃ©mon knowing Baton Pass
|rule|Sleep Clause Mod: Limit one foe put to sleep
|rule|Species Clause: Limit one of each PokÃ©mon
|rule|OHKO Clause: OHKO moves are banned
|rule|Moody Clause: Moody is banned
|rule|Evasion Moves Clause: Evasion moves are banned
|rule|Endless Battle Clause: Forcing endless battles is banned
|rule|HP Percentage Mod: HP is shown in percentages
|teampreview
|
|start
|switch|p1a: Cortacabezas|Rotom-Mow|241\/241
|switch|p2a: Altaria|Altaria, F, shiny|353\/353
|turn|1
|
|detailschange|p2a: Altaria|Altaria-Mega, F, shiny
|-mega|p2a: Altaria|Altaria|Altarianite
|move|p1a: Cortacabezas|Volt Switch|p2a: Altaria
|-resisted|p2a: Altaria
|-damage|p2a: Altaria|308\/353
|
|switch|p1a: Imperator|Empoleon, M|371\/371
|move|p2a: Altaria|Frustration|p1a: Imperator
|-resisted|p1a: Imperator
|-damage|p1a: Imperator|278\/371
|
|-heal|p1a: Imperator|301\/371|[from] item: Leftovers
|turn|2
|
|switch|p2a: Starmie|Starmie, shiny|323\/323
|switch|p1a: Landorus-Therian|Landorus-Therian, M|381\/381
|-ability|p1a: Landorus-Therian|Intimidate|[of] p2a: Starmie
|-unboost|p2a: Starmie|atk|1
|
|turn|3
|
|switch|p1a: Imperator|Empoleon, M|301\/371
|move|p2a: Starmie|Scald|p1a: Imperator
|-resisted|p1a: Imperator
|-damage|p1a: Imperator|268\/371
|-status|p1a: Imperator|brn
|
|-heal|p1a: Imperator|291\/371 brn|[from] item: Leftovers
|-damage|p1a: Imperator|245\/371 brn|[from] brn
|turn|4
|
|move|p2a: Starmie|Scald|p1a: Imperator
|-resisted|p1a: Imperator
|-damage|p1a: Imperator|209\/371 brn
|move|p1a: Imperator|Stealth Rock|p2a: Starmie
|-sidestart|p2: X TREE|move: Stealth Rock
|
|-heal|p1a: Imperator|232\/371 brn|[from] item: Leftovers
|-damage|p1a: Imperator|186\/371 brn|[from] brn
|turn|5
|
|switch|p1a: Dark Eeveeto|Umbreon, M, shiny|393\/393
|move|p2a: Starmie|Scald|p1a: Dark Eeveeto
|-damage|p1a: Dark Eeveeto|327\/393
|-status|p1a: Dark Eeveeto|brn
|-status|p2a: Starmie|brn
|
|-heal|p1a: Dark Eeveeto|351\/393 brn|[from] item: Leftovers
|-damage|p2a: Starmie|283\/323 brn|[from] brn
|-damage|p1a: Dark Eeveeto|302\/393 brn|[from] brn
|turn|6
|
|move|p2a: Starmie|Rapid Spin|p1a: Dark Eeveeto
|-crit|p1a: Dark Eeveeto
|-damage|p1a: Dark Eeveeto|296\/393 brn
|-sideend|p2: X TREE|Stealth Rock|[from] move: Rapid Spin|[of] p2a: Starmie
|move|p1a: Dark Eeveeto|Heal Bell|p1a: Dark Eeveeto
|-cureteam|p1a: Dark Eeveeto|[from] move: HealBell
|
|-heal|p2a: Starmie|303\/323 brn|[from] item: Leftovers
|-heal|p1a: Dark Eeveeto|320\/393|[from] item: Leftovers
|-damage|p2a: Starmie|263\/323 brn|[from] brn
|turn|7
|
|switch|p2a: Altaria|Altaria-Mega, F, shiny|308\/353
|move|p1a: Dark Eeveeto|Wish|p1a: Dark Eeveeto
|
|-heal|p1a: Dark Eeveeto|344\/393|[from] item: Leftovers
|turn|8
|
|switch|p1a: Imperator|Empoleon, M|186\/371
|move|p2a: Altaria|Dragon Dance|p2a: Altaria
|-boost|p2a: Altaria|atk|1
|-boost|p2a: Altaria|spe|1
|
|-heal|p1a: Imperator|371\/371|[from] move: Wish|[wisher] Dark Eeveeto
|turn|9
|
|move|p2a: Altaria|Dragon Dance|p2a: Altaria
|-boost|p2a: Altaria|atk|1
|-boost|p2a: Altaria|spe|1
|move|p1a: Imperator|Roar|p2a: Altaria
|drag|p2a: Starmie|Starmie, shiny|263\/323
|
|-heal|p2a: Starmie|283\/323|[from] item: Leftovers
|turn|10
|
|move|p2a: Starmie|Scald|p1a: Imperator
|-resisted|p1a: Imperator
|-damage|p1a: Imperator|340\/371
|move|p1a: Imperator|Stealth Rock|p2a: Starmie
|-sidestart|p2: X TREE|move: Stealth Rock
|
|-heal|p2a: Starmie|303\/323|[from] item: Leftovers
|-heal|p1a: Imperator|363\/371|[from] item: Leftovers
|turn|11
|
|move|p2a: Starmie|Scald|p1a: Imperator
|-resisted|p1a: Imperator
|-damage|p1a: Imperator|330\/371
|move|p1a: Imperator|Scald|p2a: Starmie
|-resisted|p2a: Starmie
|-damage|p2a: Starmie|248\/323
|-status|p2a: Starmie|brn
|
|-heal|p2a: Starmie|268\/323 brn|[from] item: Leftovers
|-heal|p1a: Imperator|353\/371|[from] item: Leftovers
|-damage|p2a: Starmie|228\/323 brn|[from] brn
|turn|12
|
|move|p2a: Starmie|Rapid Spin|p1a: Imperator
|-resisted|p1a: Imperator
|-damage|p1a: Imperator|350\/371
|-sideend|p2: X TREE|Stealth Rock|[from] move: Rapid Spin|[of] p2a: Starmie
|move|p1a: Imperator|Scald|p2a: Starmie
|-resisted|p2a: Starmie
|-damage|p2a: Starmie|168\/323 brn
|
|-heal|p2a: Starmie|188\/323 brn|[from] item: Leftovers
|-heal|p1a: Imperator|371\/371|[from] item: Leftovers
|-damage|p2a: Starmie|148\/323 brn|[from] brn
|turn|13
|
|move|p2a: Starmie|Recover|p2a: Starmie
|-heal|p2a: Starmie|310\/323 brn
|move|p1a: Imperator|Stealth Rock|p2a: Starmie
|-sidestart|p2: X TREE|move: Stealth Rock
|
|-heal|p2a: Starmie|323\/323 brn|[from] item: Leftovers
|-damage|p2a: Starmie|283\/323 brn|[from] brn
|turn|14
|
|move|p2a: Starmie|Scald|p1a: Imperator
|-resisted|p1a: Imperator
|-damage|p1a: Imperator|338\/371
|move|p1a: Imperator|Roar|p2a: Starmie
|drag|p2a: Chansey|Chansey, F, shiny|641\/641
|-damage|p2a: Chansey|561\/641|[from] Stealth Rock
|
|-heal|p1a: Imperator|361\/371|[from] item: Leftovers
|turn|15
|
|move|p1a: Imperator|Scald|p2a: Chansey
|-damage|p2a: Chansey|504\/641
|move|p2a: Chansey|Stealth Rock|p1a: Imperator
|-sidestart|p1: Mawile Fan|move: Stealth Rock
|
|-heal|p1a: Imperator|371\/371|[from] item: Leftovers
|turn|16
|
|move|p2a: Chansey|Thunder Wave|p1a: Imperator
|-status|p1a: Imperator|par
|move|p1a: Imperator|Roar|p2a: Chansey
|drag|p2a: Chesnaught|Chesnaught, F, shiny|379\/379
|-damage|p2a: Chesnaught|356\/379|[from] Stealth Rock
|
|-heal|p2a: Chesnaught|379\/379|[from] item: Leftovers
|turn|17
|
|switch|p1a: Gengarin|Gengar, M, shiny|261\/261
|-damage|p1a: Gengarin|229\/261|[from] Stealth Rock
|move|p2a: Chesnaught|Leech Seed|p1a: Gengarin
|-start|p1a: Gengarin|move: Leech Seed
|
|-damage|p1a: Gengarin|197\/261|[from] Leech Seed|[of] p2a: Chesnaught
|turn|18
|
|switch|p1a: Cortacabezas|Rotom-Mow|241\/241
|-damage|p1a: Cortacabezas|211\/241|[from] Stealth Rock
|move|p2a: Chesnaught|Spiky Shield|p2a: Chesnaught
|-fail|p2a: Chesnaught
|
|turn|19
|
|move|p2a: Chesnaught|Spiky Shield|p2a: Chesnaught
|-singleturn|p2a: Chesnaught|move: Protect
|move|p1a: Cortacabezas|Volt Switch|p2a: Chesnaught
|-activate|p2a: Chesnaught|move: Protect
|
|turn|20
|
|move|p1a: Cortacabezas|Volt Switch|p2a: Chesnaught
|-resisted|p2a: Chesnaught
|-damage|p2a: Chesnaught|313\/379
|
|switch|p1a: Landorus-Therian|Landorus-Therian, M|381\/381
|-damage|p1a: Landorus-Therian|334\/381|[from] Stealth Rock
|-ability|p1a: Landorus-Therian|Intimidate|[of] p2a: Chesnaught
|-unboost|p2a: Chesnaught|atk|1
|move|p2a: Chesnaught|Leech Seed|p1a: Landorus-Therian|[miss]
|-miss|p2a: Chesnaught|p1a: Landorus-Therian
|
|-heal|p2a: Chesnaught|336\/379|[from] item: Leftovers
|turn|21
|
|move|p2a: Chesnaught|Spiky Shield|p2a: Chesnaught
|-singleturn|p2a: Chesnaught|move: Protect
|move|p1a: Landorus-Therian|Knock Off|p2a: Chesnaught
|-activate|p2a: Chesnaught|move: Protect
|-damage|p1a: Landorus-Therian|287\/381|[from] Spiky Shield|[of] p2a: Chesnaught
|
|-heal|p2a: Chesnaught|359\/379|[from] item: Leftovers
|turn|22
|
|switch|p2a: Altaria|Altaria-Mega, F, shiny|308\/353
|-damage|p2a: Altaria|264\/353|[from] Stealth Rock
|move|p1a: Landorus-Therian|Knock Off|p2a: Altaria
|-resisted|p2a: Altaria
|-damage|p2a: Altaria|234\/353
|
|turn|23
|
|move|p1a: Landorus-Therian|Earthquake|p2a: Altaria
|-damage|p2a: Altaria|84\/353
|move|p2a: Altaria|Frustration|p1a: Landorus-Therian
|-damage|p1a: Landorus-Therian|89\/381
|
|turn|24
|
|switch|p1a: Gengarin|Gengar, M, shiny|197\/261
|-damage|p1a: Gengarin|165\/261|[from] Stealth Rock
|switch|p2a: Chesnaught|Chesnaught, F, shiny|359\/379
|-damage|p2a: Chesnaught|336\/379|[from] Stealth Rock
|
|-heal|p2a: Chesnaught|359\/379|[from] item: Leftovers
|turn|25
|
|switch|p2a: Hippowdon|Hippowdon, M, shiny|419\/419
|-damage|p2a: Hippowdon|393\/419|[from] Stealth Rock
|-weather|Sandstorm
|move|p1a: Gengarin|Sludge Wave|p2a: Hippowdon
|-resisted|p2a: Hippowdon
|-damage|p2a: Hippowdon|276\/419
|
|-weather|Sandstorm|[upkeep]
|-damage|p1a: Gengarin|149\/261|[from] sandstorm
|-heal|p2a: Hippowdon|302\/419|[from] item: Leftovers
|turn|26
|
|move|p1a: Gengarin|Shadow Ball|p2a: Hippowdon
|-damage|p2a: Hippowdon|106\/419
|move|p2a: Hippowdon|Stone Edge|p1a: Gengarin
|-damage|p1a: Gengarin|17\/261
|
|-weather|Sandstorm|[upkeep]
|-damage|p1a: Gengarin|1\/261|[from] sandstorm
|-heal|p2a: Hippowdon|132\/419|[from] item: Leftovers
|turn|27
|
|move|p1a: Gengarin|Sludge Wave|p2a: Hippowdon
|-resisted|p2a: Hippowdon
|-damage|p2a: Hippowdon|19\/419
|move|p2a: Hippowdon|Slack Off|p2a: Hippowdon
|-heal|p2a: Hippowdon|229\/419
|
|-weather|Sandstorm|[upkeep]
|-damage|p1a: Gengarin|0 fnt|[from] sandstorm
|-heal|p2a: Hippowdon|255\/419|[from] item: Leftovers
|faint|p1a: Gengarin
|
|switch|p1a: Cortacabezas|Rotom-Mow|211\/241
|-damage|p1a: Cortacabezas|181\/241|[from] Stealth Rock
|turn|28
|
|move|p1a: Cortacabezas|Trick|p2a: Hippowdon
|-activate|p1a: Cortacabezas|move: Trick|[of] p2a: Hippowdon
|-item|p2a: Hippowdon|Choice Scarf|[from] move: Trick
|-item|p1a: Cortacabezas|Leftovers|[from] move: Trick
|move|p2a: Hippowdon|Toxic|p1a: Cortacabezas
|-status|p1a: Cortacabezas|tox
|
|-weather|Sandstorm|[upkeep]
|-damage|p1a: Cortacabezas|166\/241 tox|[from] sandstorm
|-heal|p1a: Cortacabezas|181\/241 tox|[from] item: Leftovers
|-damage|p1a: Cortacabezas|166\/241 tox|[from] psn
|turn|29
|
|move|p1a: Cortacabezas|Leaf Storm|p2a: Hippowdon
|-supereffective|p2a: Hippowdon
|-damage|p2a: Hippowdon|0 fnt
|-unboost|p1a: Cortacabezas|spa|2
|faint|p2a: Hippowdon
|
|-weather|none
|-heal|p1a: Cortacabezas|181\/241 tox|[from] item: Leftovers
|-damage|p1a: Cortacabezas|151\/241 tox|[from] psn
|
|switch|p2a: Chesnaught|Chesnaught, F, shiny|359\/379
|-damage|p2a: Chesnaught|336\/379|[from] Stealth Rock
|turn|30
|
|switch|p1a: Dark Eeveeto|Umbreon, M, shiny|344\/393
|-damage|p1a: Dark Eeveeto|295\/393|[from] Stealth Rock
|move|p2a: Chesnaught|Drain Punch|p1a: Dark Eeveeto
|-supereffective|p1a: Dark Eeveeto
|-damage|p1a: Dark Eeveeto|173\/393
|-heal|p2a: Chesnaught|379\/379|[from] drain|[of] p1a: Dark Eeveeto
|
|-heal|p1a: Dark Eeveeto|197\/393|[from] item: Leftovers
|turn|31
|
|move|p2a: Chesnaught|Spikes|p1a: Dark Eeveeto
|-sidestart|p1: Mawile Fan|Spikes
|move|p1a: Dark Eeveeto|Heal Bell|p1a: Dark Eeveeto
|-cureteam|p1a: Dark Eeveeto|[from] move: HealBell
|
|-heal|p1a: Dark Eeveeto|221\/393|[from] item: Leftovers
|turn|32
|
|move|p2a: Chesnaught|Drain Punch|p1a: Dark Eeveeto
|-crit|p1a: Dark Eeveeto
|-supereffective|p1a: Dark Eeveeto
|-damage|p1a: Dark Eeveeto|21\/393
|move|p1a: Dark Eeveeto|Wish|p1a: Dark Eeveeto
|
|-heal|p1a: Dark Eeveeto|45\/393|[from] item: Leftovers
|turn|33
|
|move|p1a: Dark Eeveeto|Protect|p1a: Dark Eeveeto
|-singleturn|p1a: Dark Eeveeto|Protect
|move|p2a: Chesnaught|Spikes|p1a: Dark Eeveeto
|-sidestart|p1: Mawile Fan|Spikes
|
|-heal|p1a: Dark Eeveeto|241\/393|[from] move: Wish|[wisher] Dark Eeveeto
|-heal|p1a: Dark Eeveeto|265\/393|[from] item: Leftovers
|turn|34
|
|move|p2a: Chesnaught|Drain Punch|p1a: Dark Eeveeto
|-supereffective|p1a: Dark Eeveeto
|-damage|p1a: Dark Eeveeto|139\/393
|move|p1a: Dark Eeveeto|Wish|p1a: Dark Eeveeto
|
|-heal|p1a: Dark Eeveeto|163\/393|[from] item: Leftovers
|turn|35
|
|move|p1a: Dark Eeveeto|Protect|p1a: Dark Eeveeto
|-singleturn|p1a: Dark Eeveeto|Protect
|move|p2a: Chesnaught|Drain Punch|p1a: Dark Eeveeto
|-activate|p1a: Dark Eeveeto|Protect
|
|-heal|p1a: Dark Eeveeto|359\/393|[from] move: Wish|[wisher] Dark Eeveeto
|-heal|p1a: Dark Eeveeto|383\/393|[from] item: Leftovers
|turn|36
|
|move|p2a: Chesnaught|Spikes|p1a: Dark Eeveeto
|-sidestart|p1: Mawile Fan|Spikes
|move|p1a: Dark Eeveeto|Wish|p1a: Dark Eeveeto
|
|-heal|p1a: Dark Eeveeto|393\/393|[from] item: Leftovers
|turn|37
|
|switch|p1a: Cortacabezas|Rotom-Mow|151\/241
|-damage|p1a: Cortacabezas|121\/241|[from] Stealth Rock
|move|p2a: Chesnaught|Drain Punch|p1a: Cortacabezas
|-damage|p1a: Cortacabezas|36\/241
|
|-heal|p1a: Cortacabezas|232\/241|[from] move: Wish|[wisher] Dark Eeveeto
|-heal|p1a: Cortacabezas|241\/241|[from] item: Leftovers
|turn|38
|
|move|p1a: Cortacabezas|Thunderbolt|p2a: Chesnaught
|-resisted|p2a: Chesnaught
|-damage|p2a: Chesnaught|295\/379
|move|p2a: Chesnaught|Drain Punch|p1a: Cortacabezas
|-damage|p1a: Cortacabezas|147\/241
|-heal|p2a: Chesnaught|342\/379|[from] drain|[of] p1a: Cortacabezas
|
|-heal|p1a: Cortacabezas|162\/241|[from] item: Leftovers
|-heal|p2a: Chesnaught|365\/379|[from] item: Leftovers
|turn|39
|
|move|p1a: Cortacabezas|Volt Switch|p2a: Chesnaught
|-resisted|p2a: Chesnaught
|-damage|p2a: Chesnaught|294\/379
|
|switch|p1a: Carbonizador|Charizard, M|321\/321
|-damage|p1a: Carbonizador|161\/321|[from] Stealth Rock
|move|p2a: Chesnaught|Drain Punch|p1a: Carbonizador
|-resisted|p1a: Carbonizador
|-damage|p1a: Carbonizador|103\/321
|-heal|p2a: Chesnaught|323\/379|[from] drain|[of] p1a: Carbonizador
|
|-heal|p2a: Chesnaught|346\/379|[from] item: Leftovers
|turn|40
|
|switch|p2a: Chansey|Chansey, F, shiny|504\/641
|-damage|p2a: Chansey|424\/641|[from] Stealth Rock
|detailschange|p1a: Carbonizador|Charizard-Mega-X, M
|-mega|p1a: Carbonizador|Charizard|Charizardite X
|move|p1a: Carbonizador|Roost|p1a: Carbonizador
|-heal|p1a: Carbonizador|264\/321
|
|turn|41
|
|switch|p1a: Imperator|Empoleon, M|371\/371
|-damage|p1a: Imperator|279\/371|[from] Spikes
|-damage|p1a: Imperator|256\/371|[from] Stealth Rock
|move|p2a: Chansey|Thunder Wave|p1a: Imperator
|-status|p1a: Imperator|par
|
|-heal|p1a: Imperator|279\/371 par|[from] item: Leftovers
|turn|42
|
|switch|p2a: Altaria|Altaria-Mega, F, shiny|84\/353
|-damage|p2a: Altaria|40\/353|[from] Stealth Rock
|move|p1a: Imperator|Defog|p2a: Altaria
|-unboost|p2a: Altaria|evasion|1
|-sideend|p2: X TREE|Stealth Rock|[from] move: Defog|[of] p2a: Altaria
|-sideend|p1: Mawile Fan|Spikes|[from] move: Defog|[of] p1a: Imperator
|-sideend|p1: Mawile Fan|Stealth Rock|[from] move: Defog|[of] p1a: Imperator
|
|-heal|p1a: Imperator|302\/371 par|[from] item: Leftovers
|turn|43
|
|switch|p1a: Carbonizador|Charizard-Mega-X, M|264\/321
|move|p2a: Altaria|Roost|p2a: Altaria
|-heal|p2a: Altaria|217\/353
|
|turn|44
|
|switch|p1a: Imperator|Empoleon, M|302\/371 par
|move|p2a: Altaria|Roost|p2a: Altaria
|-heal|p2a: Altaria|353\/353
|
|-heal|p1a: Imperator|325\/371 par|[from] item: Leftovers
|turn|45
|
|move|p2a: Altaria|Frustration|p1a: Imperator
|-resisted|p1a: Imperator
|-damage|p1a: Imperator|229\/371 par
|move|p1a: Imperator|Scald|p2a: Altaria
|-resisted|p2a: Altaria
|-damage|p2a: Altaria|308\/353
|
|-heal|p1a: Imperator|252\/371 par|[from] item: Leftovers
|turn|46
|
|move|p2a: Altaria|Frustration|p1a: Imperator
|-resisted|p1a: Imperator
|-damage|p1a: Imperator|162\/371 par
|move|p1a: Imperator|Roar|p2a: Altaria
|drag|p2a: Chansey|Chansey, F, shiny|424\/641
|
|-heal|p1a: Imperator|185\/371 par|[from] item: Leftovers
|turn|47
|
|move|p2a: Chansey|Stealth Rock|p1a: Imperator
|-sidestart|p1: Mawile Fan|move: Stealth Rock
|move|p1a: Imperator|Stealth Rock|p2a: Chansey
|-sidestart|p2: X TREE|move: Stealth Rock
|
|-heal|p1a: Imperator|208\/371 par|[from] item: Leftovers
|turn|48
|
|move|p2a: Chansey|Seismic Toss|p1a: Imperator
|-damage|p1a: Imperator|108\/371 par
|move|p1a: Imperator|Roar|p2a: Chansey
|drag|p2a: Chesnaught|Chesnaught, F, shiny|346\/379
|-damage|p2a: Chesnaught|323\/379|[from] Stealth Rock
|
|-heal|p2a: Chesnaught|346\/379|[from] item: Leftovers
|-heal|p1a: Imperator|131\/371 par|[from] item: Leftovers
|turn|49
|
|move|p2a: Chesnaught|Drain Punch|p1a: Imperator
|-supereffective|p1a: Imperator
|-damage|p1a: Imperator|0 fnt
|-heal|p2a: Chesnaught|379\/379|[from] drain|[of] p1a: Imperator
|faint|p1a: Imperator
|
|
|switch|p1a: Carbonizador|Charizard-Mega-X, M|264\/321
|-damage|p1a: Carbonizador|184\/321|[from] Stealth Rock
|turn|50
|
|switch|p2a: Chansey|Chansey, F, shiny|424\/641
|-damage|p2a: Chansey|344\/641|[from] Stealth Rock
|move|p1a: Carbonizador|Dragon Dance|p1a: Carbonizador
|-boost|p1a: Carbonizador|atk|1
|-boost|p1a: Carbonizador|spe|1
|
|turn|51
|
|move|p1a: Carbonizador|Flare Blitz|p2a: Chansey
|-crit|p2a: Chansey
|-damage|p2a: Chansey|0 fnt
|-damage|p1a: Carbonizador|70\/321|[from] recoil|[of] p2a: Chansey
|faint|p2a: Chansey
|
|
|switch|p2a: Altaria|Altaria-Mega, F, shiny|308\/353
|-damage|p2a: Altaria|264\/353|[from] Stealth Rock
|turn|52
|
|move|p1a: Carbonizador|Flare Blitz|p2a: Altaria
|-resisted|p2a: Altaria
|-damage|p2a: Altaria|99\/353
|-damage|p1a: Carbonizador|16\/321|[from] recoil|[of] p2a: Altaria
|move|p2a: Altaria|Roost|p2a: Altaria
|-heal|p2a: Altaria|276\/353
|
|turn|53
|
|move|p1a: Carbonizador|Roost|p1a: Carbonizador
|-heal|p1a: Carbonizador|177\/321
|move|p2a: Altaria|Roost|p2a: Altaria
|-heal|p2a: Altaria|353\/353
|
|turn|54
|
|move|p1a: Carbonizador|Roost|p1a: Carbonizador
|-heal|p1a: Carbonizador|321\/321
|move|p2a: Altaria|Frustration|p1a: Carbonizador
|-damage|p1a: Carbonizador|164\/321
|
|turn|55
|
|move|p1a: Carbonizador|Dragon Dance|p1a: Carbonizador
|-boost|p1a: Carbonizador|atk|1
|-boost|p1a: Carbonizador|spe|1
|move|p2a: Altaria|Frustration|p1a: Carbonizador
|-damage|p1a: Carbonizador|10\/321
|
|turn|56
|
|move|p1a: Carbonizador|Roost|p1a: Carbonizador
|-heal|p1a: Carbonizador|171\/321
|move|p2a: Altaria|Frustration|p1a: Carbonizador
|-damage|p1a: Carbonizador|26\/321
|
|turn|57
|
|move|p1a: Carbonizador|Roost|p1a: Carbonizador
|-heal|p1a: Carbonizador|187\/321
|move|p2a: Altaria|Frustration|p1a: Carbonizador
|-damage|p1a: Carbonizador|19\/321
|
|turn|58
|
|move|p1a: Carbonizador|Flare Blitz|p2a: Altaria
|-resisted|p2a: Altaria
|-damage|p2a: Altaria|140\/353
|-damage|p1a: Carbonizador|0 fnt|[from] recoil|[of] p2a: Altaria
|faint|p1a: Carbonizador
|move|p2a: Altaria|Frustration|p1: Carbonizador|[notarget]
|-notarget
|
|
|switch|p1a: Landorus-Therian|Landorus-Therian, M|89\/381
|-damage|p1a: Landorus-Therian|42\/381|[from] Stealth Rock
|-ability|p1a: Landorus-Therian|Intimidate|[of] p2a: Altaria
|-unboost|p2a: Altaria|atk|1
|turn|59
|
|switch|p2a: Chesnaught|Chesnaught, F, shiny|379\/379
|-damage|p2a: Chesnaught|356\/379|[from] Stealth Rock
|move|p1a: Landorus-Therian|Earthquake|p2a: Chesnaught
|-resisted|p2a: Chesnaught
|-damage|p2a: Chesnaught|302\/379
|
|-heal|p2a: Chesnaught|325\/379|[from] item: Leftovers
|turn|60
|
|switch|p1a: Dark Eeveeto|Umbreon, M, shiny|393\/393
|-damage|p1a: Dark Eeveeto|344\/393|[from] Stealth Rock
|move|p2a: Chesnaught|Drain Punch|p1a: Dark Eeveeto
|-supereffective|p1a: Dark Eeveeto
|-damage|p1a: Dark Eeveeto|222\/393
|-heal|p2a: Chesnaught|379\/379|[from] drain|[of] p1a: Dark Eeveeto
|
|-heal|p1a: Dark Eeveeto|246\/393|[from] item: Leftovers
|turn|61
|
|move|p2a: Chesnaught|Spikes|p1a: Dark Eeveeto
|-sidestart|p1: Mawile Fan|Spikes
|move|p1a: Dark Eeveeto|Wish|p1a: Dark Eeveeto
|
|-heal|p1a: Dark Eeveeto|270\/393|[from] item: Leftovers
|turn|62
|
|move|p2a: Chesnaught|Drain Punch|p1a: Dark Eeveeto
|-supereffective|p1a: Dark Eeveeto
|-damage|p1a: Dark Eeveeto|148\/393
|move|p1a: Dark Eeveeto|Foul Play|p2a: Chesnaught
|-resisted|p2a: Chesnaught
|-damage|p2a: Chesnaught|340\/379
|
|-heal|p1a: Dark Eeveeto|344\/393|[from] move: Wish|[wisher] Dark Eeveeto
|-heal|p2a: Chesnaught|363\/379|[from] item: Leftovers
|-heal|p1a: Dark Eeveeto|368\/393|[from] item: Leftovers
|turn|63
|
|move|p2a: Chesnaught|Spikes|p1a: Dark Eeveeto
|-sidestart|p1: Mawile Fan|Spikes
|move|p1a: Dark Eeveeto|Wish|p1a: Dark Eeveeto
|
|-heal|p2a: Chesnaught|379\/379|[from] item: Leftovers
|-heal|p1a: Dark Eeveeto|392\/393|[from] item: Leftovers
|turn|64
|
|switch|p1a: Cortacabezas|Rotom-Mow|162\/241
|-damage|p1a: Cortacabezas|132\/241|[from] Stealth Rock
|move|p2a: Chesnaught|Drain Punch|p1a: Cortacabezas
|-damage|p1a: Cortacabezas|36\/241
|
|-heal|p1a: Cortacabezas|232\/241|[from] move: Wish|[wisher] Dark Eeveeto
|-heal|p1a: Cortacabezas|241\/241|[from] item: Leftovers
|turn|65
|
|move|p1a: Cortacabezas|Thunderbolt|p2a: Chesnaught
|-resisted|p2a: Chesnaught
|-damage|p2a: Chesnaught|297\/379
|-status|p2a: Chesnaught|par
|move|p2a: Chesnaught|Spikes|p1a: Cortacabezas
|-sidestart|p1: Mawile Fan|Spikes
|
|-heal|p2a: Chesnaught|320\/379 par|[from] item: Leftovers
|turn|66
|
|move|p1a: Cortacabezas|Thunderbolt|p2a: Chesnaught
|-resisted|p2a: Chesnaught
|-damage|p2a: Chesnaught|227\/379 par
|cant|p2a: Chesnaught|par
|
|-heal|p2a: Chesnaught|250\/379 par|[from] item: Leftovers
|turn|67
|
|move|p1a: Cortacabezas|Thunderbolt|p2a: Chesnaught
|-resisted|p2a: Chesnaught
|-damage|p2a: Chesnaught|165\/379 par
|move|p2a: Chesnaught|Drain Punch|p1a: Cortacabezas
|-damage|p1a: Cortacabezas|147\/241
|-heal|p2a: Chesnaught|212\/379 par|[from] drain|[of] p1a: Cortacabezas
|
|-heal|p1a: Cortacabezas|162\/241|[from] item: Leftovers
|-heal|p2a: Chesnaught|235\/379 par|[from] item: Leftovers
|turn|68
|
|move|p1a: Cortacabezas|Thunderbolt|p2a: Chesnaught
|-resisted|p2a: Chesnaught
|-damage|p2a: Chesnaught|153\/379 par
|move|p2a: Chesnaught|Drain Punch|p1a: Cortacabezas
|-damage|p1a: Cortacabezas|68\/241
|-heal|p2a: Chesnaught|200\/379 par|[from] drain|[of] p1a: Cortacabezas
|
|-heal|p1a: Cortacabezas|83\/241|[from] item: Leftovers
|-heal|p2a: Chesnaught|223\/379 par|[from] item: Leftovers
|turn|69
|
|move|p1a: Cortacabezas|Thunderbolt|p2a: Chesnaught
|-resisted|p2a: Chesnaught
|-damage|p2a: Chesnaught|133\/379 par
|move|p2a: Chesnaught|Drain Punch|p1a: Cortacabezas
|-damage|p1a: Cortacabezas|0 fnt
|-heal|p2a: Chesnaught|175\/379 par|[from] drain|[of] p1a: Cortacabezas
|faint|p1a: Cortacabezas
|
|-heal|p2a: Chesnaught|198\/379 par|[from] item: Leftovers
|-message|Mawile Fan forfeited.
|leave|Mawile Fan
|
|win|X TREE
|raw|Ladder updating...
|player|p1