|join|StarZabRighT
|join|X TREE
|player|p1|StarZabRighT|274
|player|p2|X TREE|265
|gametype|singles
|gen|6
|tier|OU
|rated
|clearpoke
|poke|p1|Chansey, F
|poke|p1|Charizard, F
|poke|p1|Tyranitar, M
|poke|p1|Skarmory, M
|poke|p1|Latios, M
|poke|p1|Azumarill, F
|poke|p2|Altaria, M
|poke|p2|Chesnaught, M
|poke|p2|Starmie
|poke|p2|Volcarona, M
|poke|p2|Chansey, F
|poke|p2|Hippowdon, M
|rule|Swagger Clause: Swagger is banned
|rule|Baton Pass Clause: Limit one PokÃ©mon knowing Baton Pass
|rule|Sleep Clause Mod: Limit one foe put to sleep
|rule|Species Clause: Limit one of each PokÃ©mon
|rule|OHKO Clause: OHKO moves are banned
|rule|Moody Clause: Moody is banned
|rule|Evasion Moves Clause: Evasion moves are banned
|rule|Endless Battle Clause: Forcing endless battles is banned
|rule|HP Percentage Mod: HP is shown in percentages
|teampreview
|
|start
|switch|p1a: Latios|Latios, M|301\/301
|switch|p2a: Altaria|Altaria, M|353\/353
|turn|1
|
|switch|p1a: Skarmory|Skarmory, M|333\/333
|detailschange|p2a: Altaria|Altaria-Mega, M
|-mega|p2a: Altaria|Altaria|Altarianite
|move|p2a: Altaria|Frustration|p1a: Skarmory
|-resisted|p1a: Skarmory
|-damage|p1a: Skarmory|285\/333
|
|turn|2
|
|switch|p2a: Starmie|Starmie|323\/323
|move|p1a: Skarmory|Stealth Rock|p2a: Starmie
|-sidestart|p2: X TREE|move: Stealth Rock
|
|turn|3
|
|switch|p1a: Tyranitar|Tyranitar, M|341\/341
|-weather|Sandstorm
|move|p2a: Starmie|Reflect Type|p1a: Tyranitar
|-start|p2a: Starmie|typechange|[from] move: Reflect Type|[of] p1a: Tyranitar
|
|-weather|Sandstorm|[upkeep]
|turn|4
|
|switch|p2a: Chesnaught|Chesnaught, M|379\/379
|-damage|p2a: Chesnaught|356\/379|[from] Stealth Rock
|move|p1a: Tyranitar|Earthquake|p2a: Chesnaught
|-resisted|p2a: Chesnaught
|-damage|p2a: Chesnaught|315\/379
|
|-weather|Sandstorm|[upkeep]
|-damage|p2a: Chesnaught|292\/379|[from] sandstorm
|-heal|p2a: Chesnaught|315\/379|[from] item: Leftovers
|turn|5
|
|switch|p1a: Charizard|Charizard, F|297\/297
|move|p2a: Chesnaught|Leech Seed|p1a: Charizard
|-start|p1a: Charizard|move: Leech Seed
|
|-weather|Sandstorm|[upkeep]
|-damage|p1a: Charizard|279\/297|[from] sandstorm
|-damage|p2a: Chesnaught|292\/379|[from] sandstorm
|-heal|p2a: Chesnaught|315\/379|[from] item: Leftovers
|-damage|p1a: Charizard|242\/297|[from] Leech Seed|[of] p2a: Chesnaught
|-heal|p2a: Chesnaught|352\/379|[silent]
|turn|6
|
|switch|p2a: Altaria|Altaria-Mega, M|353\/353
|-damage|p2a: Altaria|309\/353|[from] Stealth Rock
|detailschange|p1a: Charizard|Charizard-Mega-Y, F
|-mega|p1a: Charizard|Charizard|Charizardite Y
|-weather|SunnyDay
|move|p1a: Charizard|Flamethrower|p2a: Altaria
|-resisted|p2a: Altaria
|-damage|p2a: Altaria|177\/353
|
|-weather|SunnyDay|[upkeep]
|-damage|p1a: Charizard|205\/297|[from] Leech Seed|[of] p2a: Altaria
|-heal|p2a: Altaria|214\/353|[silent]
|turn|7
|
|switch|p1a: Skarmory|Skarmory, M|285\/333
|move|p2a: Altaria|Roost|p2a: Altaria
|-heal|p2a: Altaria|353\/353
|
|-weather|SunnyDay|[upkeep]
|turn|8
|
|switch|p2a: Chansey|Chansey, F|641\/641
|-damage|p2a: Chansey|561\/641|[from] Stealth Rock
|move|p1a: Skarmory|Whirlwind|p2a: Chansey
|drag|p2a: Altaria|Altaria-Mega, M|353\/353
|-damage|p2a: Altaria|309\/353|[from] Stealth Rock
|
|-weather|SunnyDay|[upkeep]
|turn|9
|
|move|p2a: Altaria|Frustration|p1a: Skarmory
|-resisted|p1a: Skarmory
|-damage|p1a: Skarmory|233\/333
|move|p1a: Skarmory|Whirlwind|p2a: Altaria
|drag|p2a: Chesnaught|Chesnaught, M|352\/379
|-damage|p2a: Chesnaught|329\/379|[from] Stealth Rock
|
|-weather|SunnyDay|[upkeep]
|-heal|p2a: Chesnaught|352\/379|[from] item: Leftovers
|turn|10
|
|switch|p1a: Charizard|Charizard-Mega-Y, F|205\/297
|move|p2a: Chesnaught|Spiky Shield|p2a: Chesnaught
|-fail|p2a: Chesnaught
|
|-weather|none
|-heal|p2a: Chesnaught|375\/379|[from] item: Leftovers
|turn|11
|
|switch|p2a: Chansey|Chansey, F|561\/641
|-damage|p2a: Chansey|481\/641|[from] Stealth Rock
|move|p1a: Charizard|Roost|p1a: Charizard
|-heal|p1a: Charizard|297\/297
|
|turn|12
|
|switch|p1a: Tyranitar|Tyranitar, M|341\/341
|-weather|Sandstorm
|move|p2a: Chansey|Thunder Wave|p1a: Tyranitar
|-status|p1a: Tyranitar|par
|
|-weather|Sandstorm|[upkeep]
|-damage|p2a: Chansey|441\/641|[from] sandstorm
|turn|13
|
|move|p2a: Chansey|Soft-Boiled|p2a: Chansey
|-heal|p2a: Chansey|641\/641
|cant|p1a: Tyranitar|par
|
|-weather|Sandstorm|[upkeep]
|-damage|p2a: Chansey|601\/641|[from] sandstorm
|turn|14
|
|move|p2a: Chansey|Stealth Rock|p1a: Tyranitar
|-sidestart|p1: StarZabRighT|move: Stealth Rock
|move|p1a: Tyranitar|Pursuit|p2a: Chansey
|-damage|p2a: Chansey|504\/641
|
|-weather|Sandstorm|[upkeep]
|-damage|p2a: Chansey|464\/641|[from] sandstorm
|turn|15
|
|switch|p1a: Azumarill|Azumarill, F|404\/404
|-damage|p1a: Azumarill|354\/404|[from] Stealth Rock
|move|p2a: Chansey|Thunder Wave|p1a: Azumarill
|-status|p1a: Azumarill|par
|
|-weather|Sandstorm|[upkeep]
|-damage|p2a: Chansey|424\/641|[from] sandstorm
|-damage|p1a: Azumarill|329\/404 par|[from] sandstorm
|turn|16
|
|move|p2a: Chansey|Soft-Boiled|p2a: Chansey
|-heal|p2a: Chansey|641\/641
|move|p1a: Azumarill|Knock Off|p2a: Chansey
|-damage|p2a: Chansey|455\/641
|-enditem|p2a: Chansey|Eviolite|[from] move: Knock Off|[of] p1a: Azumarill
|
|-weather|none
|turn|17
|
|switch|p1a: Chansey|Chansey, F|643\/643
|-damage|p1a: Chansey|563\/643|[from] Stealth Rock
|move|p2a: Chansey|Soft-Boiled|p2a: Chansey
|-heal|p2a: Chansey|641\/641
|
|turn|18
|
|switch|p2a: Hippowdon|Hippowdon, M|419\/419
|-damage|p2a: Hippowdon|393\/419|[from] Stealth Rock
|-weather|Sandstorm
|move|p1a: Chansey|Heal Bell|p1a: Chansey
|-cureteam|p1a: Chansey|[from] move: HealBell
|
|-weather|Sandstorm|[upkeep]
|-damage|p1a: Chansey|523\/643|[from] sandstorm
|-heal|p2a: Hippowdon|419\/419|[from] item: Leftovers
|turn|19
|
|move|p1a: Chansey|Toxic|p2a: Hippowdon
|-status|p2a: Hippowdon|tox
|move|p2a: Hippowdon|Toxic|p1a: Chansey
|-status|p1a: Chansey|tox
|
|-weather|Sandstorm|[upkeep]
|-damage|p1a: Chansey|483\/643 tox|[from] sandstorm
|-damage|p1a: Chansey|443\/643 tox|[from] psn
|-damage|p2a: Hippowdon|393\/419 tox|[from] psn
|turn|20
|
|move|p1a: Chansey|Seismic Toss|p2a: Hippowdon
|-damage|p2a: Hippowdon|293\/419 tox
|move|p2a: Hippowdon|Stone Edge|p1a: Chansey|[miss]
|-miss|p2a: Hippowdon|p1a: Chansey
|
|-weather|Sandstorm|[upkeep]
|-damage|p1a: Chansey|403\/643 tox|[from] sandstorm
|-heal|p2a: Hippowdon|319\/419 tox|[from] item: Leftovers
|-damage|p1a: Chansey|323\/643 tox|[from] psn
|-damage|p2a: Hippowdon|267\/419 tox|[from] psn
|turn|21
|
|switch|p2a: Chansey|Chansey, F|641\/641
|-damage|p2a: Chansey|561\/641|[from] Stealth Rock
|move|p1a: Chansey|Soft-Boiled|p1a: Chansey
|-heal|p1a: Chansey|643\/643 tox
|
|-weather|Sandstorm|[upkeep]
|-damage|p2a: Chansey|521\/641|[from] sandstorm
|-damage|p1a: Chansey|603\/643 tox|[from] sandstorm
|-damage|p1a: Chansey|483\/643 tox|[from] psn
|turn|22
|
|switch|p2a: Chesnaught|Chesnaught, M|375\/379
|-damage|p2a: Chesnaught|352\/379|[from] Stealth Rock
|switch|p1a: Tyranitar|Tyranitar, M|341\/341
|-damage|p1a: Tyranitar|299\/341|[from] Stealth Rock
|
|-weather|none
|-heal|p2a: Chesnaught|375\/379|[from] item: Leftovers
|turn|23
|
|switch|p1a: Latios|Latios, M|301\/301
|-damage|p1a: Latios|264\/301|[from] Stealth Rock
|move|p2a: Chesnaught|Leech Seed|p1a: Latios
|-start|p1a: Latios|move: Leech Seed
|
|-heal|p2a: Chesnaught|379\/379|[from] item: Leftovers
|-damage|p1a: Latios|227\/301|[from] Leech Seed|[of] p2a: Chesnaught
|turn|24
|
|move|p2a: Chesnaught|Spiky Shield|p2a: Chesnaught
|-singleturn|p2a: Chesnaught|move: Protect
|move|p1a: Latios|Defog|p2a: Chesnaught
|-activate|p2a: Chesnaught|move: Protect
|
|-damage|p1a: Latios|190\/301|[from] Leech Seed|[of] p2a: Chesnaught
|turn|25
|
|switch|p2a: Hippowdon|Hippowdon, M|267\/419 tox
|-damage|p2a: Hippowdon|241\/419 tox|[from] Stealth Rock
|-weather|Sandstorm
|move|p1a: Latios|Defog|p2a: Hippowdon
|-unboost|p2a: Hippowdon|evasion|1
|-sideend|p2: X TREE|Stealth Rock|[from] move: Defog|[of] p2a: Hippowdon
|-sideend|p1: StarZabRighT|Stealth Rock|[from] move: Defog|[of] p1a: Latios
|
|-weather|Sandstorm|[upkeep]
|-damage|p1a: Latios|172\/301|[from] sandstorm
|-heal|p2a: Hippowdon|267\/419 tox|[from] item: Leftovers
|-damage|p1a: Latios|135\/301|[from] Leech Seed|[of] p2a: Hippowdon
|-heal|p2a: Hippowdon|304\/419 tox|[silent]
|-damage|p2a: Hippowdon|278\/419 tox|[from] psn
|turn|26
|
|switch|p2a: Chansey|Chansey, F|521\/641
|move|p1a: Latios|Draco Meteor|p2a: Chansey
|-damage|p2a: Chansey|271\/641
|-unboost|p1a: Latios|spa|2
|-damage|p1a: Latios|105\/301|[from] item: Life Orb
|
|-weather|Sandstorm|[upkeep]
|-damage|p1a: Latios|87\/301|[from] sandstorm
|-damage|p2a: Chansey|231\/641|[from] sandstorm
|-damage|p1a: Latios|50\/301|[from] Leech Seed|[of] p2a: Chansey
|-heal|p2a: Chansey|268\/641|[silent]
|turn|27
|
|switch|p1a: Tyranitar|Tyranitar, M|299\/341
|move|p2a: Chansey|Soft-Boiled|p2a: Chansey
|-heal|p2a: Chansey|589\/641
|
|-weather|Sandstorm|[upkeep]
|-damage|p2a: Chansey|549\/641|[from] sandstorm
|turn|28
|
|switch|p1a: Charizard|Charizard-Mega-Y, F|297\/297
|-weather|SunnyDay
|switch|p2a: Chesnaught|Chesnaught, M|379\/379
|
|-weather|SunnyDay|[upkeep]
|turn|29
|
|switch|p2a: Chansey|Chansey, F|549\/641
|move|p1a: Charizard|Flamethrower|p2a: Chansey
|-damage|p2a: Chansey|332\/641
|
|-weather|SunnyDay|[upkeep]
|turn|30
|
|move|p1a: Charizard|Focus Blast|p2a: Chansey
|-supereffective|p2a: Chansey
|-damage|p2a: Chansey|82\/641
|move|p2a: Chansey|Soft-Boiled|p2a: Chansey
|-heal|p2a: Chansey|403\/641
|
|-weather|SunnyDay|[upkeep]
|turn|31
|
|switch|p1a: Azumarill|Azumarill, F|329\/404
|move|p2a: Chansey|Thunder Wave|p1a: Azumarill
|-status|p1a: Azumarill|par
|
|-weather|SunnyDay|[upkeep]
|turn|32
|
|switch|p2a: Hippowdon|Hippowdon, M|278\/419 tox
|-weather|Sandstorm
|switch|p1a: Chansey|Chansey, F|483\/643
|
|-weather|Sandstorm|[upkeep]
|-damage|p1a: Chansey|443\/643|[from] sandstorm
|-heal|p2a: Hippowdon|304\/419 tox|[from] item: Leftovers
|-damage|p2a: Hippowdon|278\/419 tox|[from] psn
|turn|33
|
|switch|p2a: Chansey|Chansey, F|403\/641
|move|p1a: Chansey|Heal Bell|p1a: Chansey
|-cureteam|p1a: Chansey|[from] move: HealBell
|
|-weather|Sandstorm|[upkeep]
|-damage|p2a: Chansey|363\/641|[from] sandstorm
|-damage|p1a: Chansey|403\/643|[from] sandstorm
|turn|34
|
|move|p2a: Chansey|Stealth Rock|p1a: Chansey
|-sidestart|p1: StarZabRighT|move: Stealth Rock
|move|p1a: Chansey|Toxic|p2a: Chansey|[miss]
|-miss|p1a: Chansey|p2a: Chansey
|
|-weather|Sandstorm|[upkeep]
|-damage|p2a: Chansey|323\/641|[from] sandstorm
|-damage|p1a: Chansey|363\/643|[from] sandstorm
|turn|35
|
|move|p2a: Chansey|Soft-Boiled|p2a: Chansey
|-heal|p2a: Chansey|641\/641
|move|p1a: Chansey|Toxic|p2a: Chansey
|-status|p2a: Chansey|tox
|
|-weather|Sandstorm|[upkeep]
|-damage|p2a: Chansey|601\/641 tox|[from] sandstorm
|-damage|p1a: Chansey|323\/643|[from] sandstorm
|-damage|p2a: Chansey|561\/641 tox|[from] psn
|turn|36
|
|move|p2a: Chansey|Thunder Wave|p1a: Chansey
|-status|p1a: Chansey|par
|move|p1a: Chansey|Soft-Boiled|p1a: Chansey
|-heal|p1a: Chansey|643\/643 par
|
|-weather|none
|-damage|p2a: Chansey|481\/641 tox|[from] psn
|turn|37
|
|switch|p2a: Altaria|Altaria-Mega, M|309\/353
|move|p1a: Chansey|Heal Bell|p1a: Chansey
|-cureteam|p1a: Chansey|[from] move: HealBell
|
|turn|38
|
|switch|p1a: Skarmory|Skarmory, M|233\/333
|-damage|p1a: Skarmory|192\/333|[from] Stealth Rock
|move|p2a: Altaria|Frustration|p1a: Skarmory
|-resisted|p1a: Skarmory
|-damage|p1a: Skarmory|143\/333
|
|turn|39
|
|switch|p2a: Volcarona|Volcarona, M|373\/373
|move|p1a: Skarmory|Roost|p1a: Skarmory
|-heal|p1a: Skarmory|310\/333
|
|turn|40
|
|switch|p2a: Chesnaught|Chesnaught, M|379\/379
|switch|p1a: Tyranitar|Tyranitar, M|299\/341
|-damage|p1a: Tyranitar|257\/341|[from] Stealth Rock
|-weather|Sandstorm
|
|-weather|Sandstorm|[upkeep]
|-damage|p2a: Chesnaught|356\/379|[from] sandstorm
|-heal|p2a: Chesnaught|379\/379|[from] item: Leftovers
|turn|41
|
|switch|p1a: Skarmory|Skarmory, M|310\/333
|-damage|p1a: Skarmory|269\/333|[from] Stealth Rock
|move|p2a: Chesnaught|Leech Seed|p1a: Skarmory
|-start|p1a: Skarmory|move: Leech Seed
|
|-weather|Sandstorm|[upkeep]
|-damage|p2a: Chesnaught|356\/379|[from] sandstorm
|-heal|p2a: Chesnaught|379\/379|[from] item: Leftovers
|-damage|p1a: Skarmory|228\/333|[from] Leech Seed|[of] p2a: Chesnaught
|turn|42
|
|switch|p2a: Starmie|Starmie|323\/323
|move|p1a: Skarmory|Stealth Rock|p2a: Starmie
|-sidestart|p2: X TREE|move: Stealth Rock
|
|-weather|Sandstorm|[upkeep]
|-damage|p2a: Starmie|303\/323|[from] sandstorm
|-heal|p2a: Starmie|323\/323|[from] item: Leftovers
|-damage|p1a: Skarmory|187\/333|[from] Leech Seed|[of] p2a: Starmie
|turn|43
|
|switch|p1a: Tyranitar|Tyranitar, M|257\/341
|-damage|p1a: Tyranitar|215\/341|[from] Stealth Rock
|move|p2a: Starmie|Reflect Type|p1a: Tyranitar
|-start|p2a: Starmie|typechange|[from] move: Reflect Type|[of] p1a: Tyranitar
|
|-weather|Sandstorm|[upkeep]
|turn|44
|
|move|p1a: Tyranitar|Stone Edge|p2a: Starmie
|-damage|p2a: Starmie|97\/323
|move|p2a: Starmie|Recover|p2a: Starmie
|-heal|p2a: Starmie|259\/323
|
|-weather|none
|-heal|p2a: Starmie|279\/323|[from] item: Leftovers
|turn|45
|
|move|p1a: Tyranitar|Stone Edge|p2a: Starmie
|-damage|p2a: Starmie|63\/323
|move|p2a: Starmie|Recover|p2a: Starmie
|-heal|p2a: Starmie|225\/323
|
|-heal|p2a: Starmie|245\/323|[from] item: Leftovers
|turn|46
|
|switch|p2a: Chesnaught|Chesnaught, M|379\/379
|-damage|p2a: Chesnaught|356\/379|[from] Stealth Rock
|move|p1a: Tyranitar|Stone Edge|p2a: Chesnaught
|-resisted|p2a: Chesnaught
|-damage|p2a: Chesnaught|300\/379
|
|-heal|p2a: Chesnaught|323\/379|[from] item: Leftovers
|turn|47
|
|switch|p1a: Charizard|Charizard-Mega-Y, F|297\/297
|-damage|p1a: Charizard|149\/297|[from] Stealth Rock
|-weather|SunnyDay
|move|p2a: Chesnaught|Leech Seed|p1a: Charizard|[miss]
|-miss|p2a: Chesnaught|p1a: Charizard
|
|-weather|SunnyDay|[upkeep]
|-heal|p2a: Chesnaught|346\/379|[from] item: Leftovers
|turn|48
|
|switch|p2a: Chansey|Chansey, F|481\/641
|-damage|p2a: Chansey|401\/641|[from] Stealth Rock
|move|p1a: Charizard|Flamethrower|p2a: Chansey
|-damage|p2a: Chansey|176\/641
|
|-weather|SunnyDay|[upkeep]
|turn|49
|
|move|p1a: Charizard|Flamethrower|p2a: Chansey
|-damage|p2a: Chansey|0 fnt
|faint|p2a: Chansey
|
|-weather|SunnyDay|[upkeep]
|
|switch|p2a: Altaria|Altaria-Mega, M|309\/353
|-damage|p2a: Altaria|265\/353|[from] Stealth Rock
|turn|50
|
|switch|p1a: Skarmory|Skarmory, M|187\/333
|-damage|p1a: Skarmory|146\/333|[from] Stealth Rock
|move|p2a: Altaria|Dragon Dance|p2a: Altaria
|-boost|p2a: Altaria|atk|1
|-boost|p2a: Altaria|spe|1
|
|-weather|SunnyDay|[upkeep]
|turn|51
|
|move|p2a: Altaria|Frustration|p1a: Skarmory
|-resisted|p1a: Skarmory
|-damage|p1a: Skarmory|70\/333
|move|p1a: Skarmory|Roost|p1a: Skarmory
|-heal|p1a: Skarmory|237\/333
|
|-weather|none
|turn|52
|
|move|p2a: Altaria|Dragon Dance|p2a: Altaria
|-boost|p2a: Altaria|atk|1
|-boost|p2a: Altaria|spe|1
|move|p1a: Skarmory|Roost|p1a: Skarmory
|-heal|p1a: Skarmory|333\/333
|
|turn|53
|
|move|p2a: Altaria|Frustration|p1a: Skarmory
|-resisted|p1a: Skarmory
|-damage|p1a: Skarmory|231\/333
|move|p1a: Skarmory|Counter|p2a: Altaria
|-damage|p2a: Altaria|61\/353
|
|turn|54
|
|move|p2a: Altaria|Roost|p2a: Altaria
|-heal|p2a: Altaria|238\/353
|move|p1a: Skarmory|Roost|p1a: Skarmory
|-heal|p1a: Skarmory|333\/333
|
|turn|55
|
|move|p2a: Altaria|Roost|p2a: Altaria
|-heal|p2a: Altaria|353\/353
|move|p1a: Skarmory|Whirlwind|p2a: Altaria
|drag|p2a: Chesnaught|Chesnaught, M|346\/379
|-damage|p2a: Chesnaught|323\/379|[from] Stealth Rock
|
|-heal|p2a: Chesnaught|346\/379|[from] item: Leftovers
|turn|56
|
|move|p2a: Chesnaught|Leech Seed|p1a: Skarmory
|-start|p1a: Skarmory|move: Leech Seed
|move|p1a: Skarmory|Whirlwind|p2a: Chesnaught
|drag|p2a: Starmie|Starmie|245\/323
|-damage|p2a: Starmie|205\/323|[from] Stealth Rock
|
|-heal|p2a: Starmie|225\/323|[from] item: Leftovers
|-damage|p1a: Skarmory|292\/333|[from] Leech Seed|[of] p2a: Starmie
|-heal|p2a: Starmie|266\/323|[silent]
|turn|57
|
|switch|p1a: Tyranitar|Tyranitar, M|215\/341
|-damage|p1a: Tyranitar|173\/341|[from] Stealth Rock
|-weather|Sandstorm
|move|p2a: Starmie|Reflect Type|p1a: Tyranitar
|-start|p2a: Starmie|typechange|[from] move: Reflect Type|[of] p1a: Tyranitar
|
|-weather|Sandstorm|[upkeep]
|-heal|p2a: Starmie|286\/323|[from] item: Leftovers
|turn|58
|
|switch|p2a: Chesnaught|Chesnaught, M|346\/379
|-damage|p2a: Chesnaught|323\/379|[from] Stealth Rock
|move|p1a: Tyranitar|Stone Edge|p2a: Chesnaught
|-resisted|p2a: Chesnaught
|-damage|p2a: Chesnaught|263\/379
|
|-weather|Sandstorm|[upkeep]
|-damage|p2a: Chesnaught|240\/379|[from] sandstorm
|-heal|p2a: Chesnaught|263\/379|[from] item: Leftovers
|turn|59
|
|switch|p1a: Azumarill|Azumarill, F|329\/404
|-damage|p1a: Azumarill|279\/404|[from] Stealth Rock
|move|p2a: Chesnaught|Leech Seed|p1a: Azumarill
|-start|p1a: Azumarill|move: Leech Seed
|
|-weather|Sandstorm|[upkeep]
|-damage|p2a: Chesnaught|240\/379|[from] sandstorm
|-damage|p1a: Azumarill|254\/404|[from] sandstorm
|-heal|p2a: Chesnaught|263\/379|[from] item: Leftovers
|-damage|p1a: Azumarill|204\/404|[from] Leech Seed|[of] p2a: Chesnaught
|-heal|p2a: Chesnaught|313\/379|[silent]
|turn|60
|
|switch|p1a: Skarmory|Skarmory, M|292\/333
|-damage|p1a: Skarmory|251\/333|[from] Stealth Rock
|move|p2a: Chesnaught|Spiky Shield|p2a: Chesnaught
|-fail|p2a: Chesnaught
|
|-weather|Sandstorm|[upkeep]
|-damage|p2a: Chesnaught|290\/379|[from] sandstorm
|-heal|p2a: Chesnaught|313\/379|[from] item: Leftovers
|turn|61
|
|move|p1a: Skarmory|Roost|p1a: Skarmory
|-heal|p1a: Skarmory|333\/333
|move|p2a: Chesnaught|Spikes|p1a: Skarmory
|-sidestart|p1: StarZabRighT|Spikes
|
|-weather|none
|-heal|p2a: Chesnaught|336\/379|[from] item: Leftovers
|turn|62
|
|move|p2a: Chesnaught|Leech Seed|p1a: Skarmory
|-start|p1a: Skarmory|move: Leech Seed
|move|p1a: Skarmory|Whirlwind|p2a: Chesnaught
|drag|p2a: Hippowdon|Hippowdon, M|278\/419 tox
|-damage|p2a: Hippowdon|252\/419 tox|[from] Stealth Rock
|-weather|Sandstorm
|
|-weather|Sandstorm|[upkeep]
|-heal|p2a: Hippowdon|278\/419 tox|[from] item: Leftovers
|-damage|p1a: Skarmory|292\/333|[from] Leech Seed|[of] p2a: Hippowdon
|-heal|p2a: Hippowdon|319\/419 tox|[silent]
|-damage|p2a: Hippowdon|293\/419 tox|[from] psn
|turn|63
|
|switch|p2a: Starmie|Starmie|286\/323
|-damage|p2a: Starmie|246\/323|[from] Stealth Rock
|move|p1a: Skarmory|Whirlwind|p2a: Starmie
|drag|p2a: Hippowdon|Hippowdon, M|293\/419 tox
|-damage|p2a: Hippowdon|267\/419 tox|[from] Stealth Rock
|
|-weather|Sandstorm|[upkeep]
|-heal|p2a: Hippowdon|293\/419 tox|[from] item: Leftovers
|-damage|p1a: Skarmory|251\/333|[from] Leech Seed|[of] p2a: Hippowdon
|-heal|p2a: Hippowdon|334\/419 tox|[silent]
|-damage|p2a: Hippowdon|308\/419 tox|[from] psn
|turn|64
|
|switch|p2a: Chesnaught|Chesnaught, M|336\/379
|-damage|p2a: Chesnaught|313\/379|[from] Stealth Rock
|move|p1a: Skarmory|Roost|p1a: Skarmory
|-heal|p1a: Skarmory|333\/333
|
|-weather|Sandstorm|[upkeep]
|-damage|p2a: Chesnaught|290\/379|[from] sandstorm
|-heal|p2a: Chesnaught|313\/379|[from] item: Leftovers
|-damage|p1a: Skarmory|292\/333|[from] Leech Seed|[of] p2a: Chesnaught
|-heal|p2a: Chesnaught|354\/379|[silent]
|turn|65
|
|move|p2a: Chesnaught|Drain Punch|p1a: Skarmory
|-damage|p1a: Skarmory|243\/333
|-heal|p2a: Chesnaught|379\/379|[from] drain|[of] p1a: Skarmory
|move|p1a: Skarmory|Whirlwind|p2a: Chesnaught
|drag|p2a: Altaria|Altaria-Mega, M|353\/353
|-damage|p2a: Altaria|309\/353|[from] Stealth Rock
|
|-weather|Sandstorm|[upkeep]
|-damage|p2a: Altaria|287\/353|[from] sandstorm
|-damage|p1a: Skarmory|202\/333|[from] Leech Seed|[of] p2a: Altaria
|-heal|p2a: Altaria|328\/353|[silent]
|turn|66
|
|move|p2a: Altaria|Frustration|p1a: Skarmory
|-resisted|p1a: Skarmory
|-damage|p1a: Skarmory|154\/333
|move|p1a: Skarmory|Roost|p1a: Skarmory
|-heal|p1a: Skarmory|321\/333
|
|-weather|none
|-damage|p1a: Skarmory|280\/333|[from] Leech Seed|[of] p2a: Altaria
|-heal|p2a: Altaria|353\/353|[silent]
|turn|67
|
|move|p2a: Altaria|Frustration|p1a: Skarmory
|-resisted|p1a: Skarmory
|-damage|p1a: Skarmory|234\/333
|move|p1a: Skarmory|Roost|p1a: Skarmory
|-heal|p1a: Skarmory|333\/333
|
|-damage|p1a: Skarmory|292\/333|[from] Leech Seed|[of] p2a: Altaria
|turn|68
|
|switch|p1a: Tyranitar|Tyranitar, M|173\/341
|-damage|p1a: Tyranitar|131\/341|[from] Stealth Rock
|-damage|p1a: Tyranitar|89\/341|[from] Spikes
|-weather|Sandstorm
|move|p2a: Altaria|Dragon Dance|p2a: Altaria
|-boost|p2a: Altaria|atk|1
|-boost|p2a: Altaria|spe|1
|
|-weather|Sandstorm|[upkeep]
|-damage|p2a: Altaria|331\/353|[from] sandstorm
|turn|69
|
|move|p1a: Tyranitar|Stone Edge|p2a: Altaria
|-damage|p2a: Altaria|196\/353
|move|p2a: Altaria|Dragon Dance|p2a: Altaria
|-boost|p2a: Altaria|atk|1
|-boost|p2a: Altaria|spe|1
|
|-weather|Sandstorm|[upkeep]
|-damage|p2a: Altaria|174\/353|[from] sandstorm
|turn|70
|
|move|p2a: Altaria|Roost|p2a: Altaria
|-heal|p2a: Altaria|351\/353
|move|p1a: Tyranitar|Stone Edge|p2a: Altaria
|-damage|p2a: Altaria|224\/353
|
|-weather|Sandstorm|[upkeep]
|-damage|p2a: Altaria|202\/353|[from] sandstorm
|turn|71
|
|move|p2a: Altaria|Dragon Dance|p2a: Altaria
|-boost|p2a: Altaria|atk|1
|-boost|p2a: Altaria|spe|1
|move|p1a: Tyranitar|Stone Edge|p2a: Altaria|[miss]
|-miss|p1a: Tyranitar|p2a: Altaria
|
|-weather|Sandstorm|[upkeep]
|-damage|p2a: Altaria|180\/353|[from] sandstorm
|turn|72
|
|switch|p1a: Skarmory|Skarmory, M|292\/333
|-damage|p1a: Skarmory|251\/333|[from] Stealth Rock
|move|p2a: Altaria|Roost|p2a: Altaria
|-heal|p2a: Altaria|353\/353
|
|-weather|none
|turn|73
|
|move|p2a: Altaria|Dragon Dance|p2a: Altaria
|-boost|p2a: Altaria|atk|1
|-boost|p2a: Altaria|spe|1
|move|p1a: Skarmory|Counter|p2a: Altaria
|-fail|p2a: Altaria
|
|turn|74
|
|move|p2a: Altaria|Dragon Dance|p2a: Altaria
|-boost|p2a: Altaria|atk|1
|-boost|p2a: Altaria|spe|1
|move|p1a: Skarmory|Whirlwind|p2a: Altaria
|drag|p2a: Starmie|Starmie|246\/323
|-damage|p2a: Starmie|206\/323|[from] Stealth Rock
|
|-heal|p2a: Starmie|226\/323|[from] item: Leftovers
|turn|75
|
|switch|p1a: Chansey|Chansey, F|643\/643
|-damage|p1a: Chansey|563\/643|[from] Stealth Rock
|-damage|p1a: Chansey|483\/643|[from] Spikes
|move|p2a: Starmie|Scald|p1a: Chansey
|-damage|p1a: Chansey|435\/643
|-status|p1a: Chansey|brn
|
|-heal|p2a: Starmie|246\/323|[from] item: Leftovers
|-damage|p1a: Chansey|355\/643 brn|[from] brn
|turn|76
|
|move|p2a: Starmie|Rapid Spin|p1a: Chansey
|-damage|p1a: Chansey|342\/643 brn
|-sideend|p2: X TREE|Stealth Rock|[from] move: Rapid Spin|[of] p2a: Starmie
|move|p1a: Chansey|Soft-Boiled|p1a: Chansey
|-heal|p1a: Chansey|643\/643 brn
|
|-heal|p2a: Starmie|266\/323|[from] item: Leftovers
|-damage|p1a: Chansey|563\/643 brn|[from] brn
|turn|77
|
|move|p2a: Starmie|Scald|p1a: Chansey
|-damage|p1a: Chansey|509\/643 brn
|move|p1a: Chansey|Toxic|p2a: Starmie
|-status|p2a: Starmie|tox
|
|-heal|p2a: Starmie|286\/323 tox|[from] item: Leftovers
|-damage|p2a: Starmie|266\/323 tox|[from] psn
|-damage|p1a: Chansey|429\/643 brn|[from] brn
|turn|78
|
|switch|p2a: Chesnaught|Chesnaught, M|379\/379
|move|p1a: Chansey|Soft-Boiled|p1a: Chansey
|-heal|p1a: Chansey|643\/643 brn
|
|-damage|p1a: Chansey|563\/643 brn|[from] brn
|turn|79
|
|move|p2a: Chesnaught|Drain Punch|p1a: Chansey
|-supereffective|p1a: Chansey
|-damage|p1a: Chansey|309\/643 brn
|move|p1a: Chansey|Toxic|p2a: Chesnaught
|-status|p2a: Chesnaught|tox
|
|-damage|p2a: Chesnaught|356\/379 tox|[from] psn
|-damage|p1a: Chansey|229\/643 brn|[from] brn
|turn|80
|
|switch|p2a: Starmie|Starmie|266\/323
|switch|p1a: Skarmory|Skarmory, M|251\/333
|-damage|p1a: Skarmory|210\/333|[from] Stealth Rock
|
|-heal|p2a: Starmie|286\/323|[from] item: Leftovers
|turn|81
|
|move|p2a: Starmie|Reflect Type|p1a: Skarmory
|-start|p2a: Starmie|typechange|[from] move: Reflect Type|[of] p1a: Skarmory
|move|p1a: Skarmory|Roost|p1a: Skarmory
|-heal|p1a: Skarmory|333\/333
|
|-heal|p2a: Starmie|306\/323|[from] item: Leftovers
|turn|82
|
|switch|p1a: Chansey|Chansey, F|229\/643
|-damage|p1a: Chansey|149\/643|[from] Spikes
|-damage|p1a: Chansey|69\/643|[from] Stealth Rock
|move|p2a: Starmie|Scald|p1a: Chansey
|-damage|p1a: Chansey|35\/643
|-status|p1a: Chansey|brn
|
|-heal|p2a: Starmie|323\/323|[from] item: Leftovers
|-damage|p1a: Chansey|0 fnt|[from] brn
|faint|p1a: Chansey
|
|switch|p1a: Tyranitar|Tyranitar, M|89\/341
|-damage|p1a: Tyranitar|47\/341|[from] Spikes
|-damage|p1a: Tyranitar|5\/341|[from] Stealth Rock
|-weather|Sandstorm
|turn|83
|
|move|p1a: Tyranitar|Stone Edge|p2a: Starmie
|-damage|p2a: Starmie|97\/323
|move|p2a: Starmie|Scald|p1a: Tyranitar
|-supereffective|p1a: Tyranitar
|-damage|p1a: Tyranitar|0 fnt
|faint|p1a: Tyranitar
|
|-weather|Sandstorm|[upkeep]
|-heal|p2a: Starmie|117\/323|[from] item: Leftovers
|
|switch|p1a: Azumarill|Azumarill, F|204\/404
|-damage|p1a: Azumarill|154\/404|[from] Spikes
|-damage|p1a: Azumarill|104\/404|[from] Stealth Rock
|-enditem|p1a: Azumarill|Sitrus Berry|[eat]
|-heal|p1a: Azumarill|205\/404|[from] item: Sitrus Berry
|turn|84
|
|switch|p2a: Hippowdon|Hippowdon, M|308\/419 tox
|move|p1a: Azumarill|Aqua Jet|p2a: Hippowdon
|-supereffective|p2a: Hippowdon
|-damage|p2a: Hippowdon|198\/419 tox
|
|-weather|Sandstorm|[upkeep]
|-damage|p1a: Azumarill|180\/404|[from] sandstorm
|-heal|p2a: Hippowdon|224\/419 tox|[from] item: Leftovers
|-damage|p2a: Hippowdon|198\/419 tox|[from] psn
|turn|85
|
|move|p1a: Azumarill|Play Rough|p2a: Hippowdon|[miss]
|-miss|p1a: Azumarill|p2a: Hippowdon
|move|p2a: Hippowdon|Earthquake|p1a: Azumarill
|-damage|p1a: Azumarill|23\/404
|
|-weather|Sandstorm|[upkeep]
|-damage|p1a: Azumarill|0 fnt|[from] sandstorm
|-heal|p2a: Hippowdon|224\/419 tox|[from] item: Leftovers
|-damage|p2a: Hippowdon|172\/419 tox|[from] psn
|faint|p1a: Azumarill
|
|switch|p1a: Latios|Latios, M|50\/301
|-damage|p1a: Latios|13\/301|[from] Stealth Rock
|turn|86
|c|âX TREE|that's exactly what i didn't want lol
|
|move|p1a: Latios|Defog|p2a: Hippowdon
|-unboost|p2a: Hippowdon|evasion|1
|-sideend|p1: StarZabRighT|Spikes|[from] move: Defog|[of] p1a: Latios
|-sideend|p1: StarZabRighT|Stealth Rock|[from] move: Defog|[of] p1a: Latios
|move|p2a: Hippowdon|Slack Off|p2a: Hippowdon
|-heal|p2a: Hippowdon|382\/419 tox
|
|-weather|Sandstorm|[upkeep]
|-damage|p1a: Latios|0 fnt|[from] sandstorm
|-heal|p2a: Hippowdon|408\/419 tox|[from] item: Leftovers
|-damage|p2a: Hippowdon|330\/419 tox|[from] psn
|faint|p1a: Latios
|c|âStarZabRighT|lol
|c|âX TREE|that's why i tried to stay in with starmie as much as possible
|
|switch|p1a: Skarmory|Skarmory, M|333\/333
|turn|87
|c|âStarZabRighT|now char comes through
|
|switch|p2a: Volcarona|Volcarona, M|373\/373
|move|p1a: Skarmory|Whirlwind|p2a: Volcarona
|drag|p2a: Hippowdon|Hippowdon, M|330\/419 tox
|
|-weather|none
|-heal|p2a: Hippowdon|356\/419 tox|[from] item: Leftovers
|-damage|p2a: Hippowdon|330\/419 tox|[from] psn
|turn|88
|
|switch|p2a: Altaria|Altaria-Mega, M|353\/353
|move|p1a: Skarmory|Stealth Rock|p2a: Altaria
|-sidestart|p2: X TREE|move: Stealth Rock
|
|turn|89
|
|move|p2a: Altaria|Heal Bell|p2a: Altaria
|-cureteam|p2a: Altaria|[from] move: HealBell
|move|p1a: Skarmory|Whirlwind|p2a: Altaria
|drag|p2a: Hippowdon|Hippowdon, M|330\/419
|-damage|p2a: Hippowdon|304\/419|[from] Stealth Rock
|-weather|Sandstorm
|
|-weather|Sandstorm|[upkeep]
|-heal|p2a: Hippowdon|330\/419|[from] item: Leftovers
|turn|90
|
|move|p2a: Hippowdon|Stone Edge|p1a: Skarmory
|-damage|p1a: Skarmory|287\/333
|move|p1a: Skarmory|Whirlwind|p2a: Hippowdon
|drag|p2a: Chesnaught|Chesnaught, M|356\/379
|-damage|p2a: Chesnaught|333\/379|[from] Stealth Rock
|
|-weather|Sandstorm|[upkeep]
|-damage|p2a: Chesnaught|310\/379|[from] sandstorm
|-heal|p2a: Chesnaught|333\/379|[from] item: Leftovers
|turn|91
|
|switch|p1a: Charizard|Charizard-Mega-Y, F|149\/297
|-weather|SunnyDay
|move|p2a: Chesnaught|Leech Seed|p1a: Charizard
|-start|p1a: Charizard|move: Leech Seed
|
|-weather|SunnyDay|[upkeep]
|-heal|p2a: Chesnaught|356\/379|[from] item: Leftovers
|-damage|p1a: Charizard|112\/297|[from] Leech Seed|[of] p2a: Chesnaught
|-heal|p2a: Chesnaught|379\/379|[silent]
|turn|92
|
|switch|p2a: Hippowdon|Hippowdon, M|330\/419
|-damage|p2a: Hippowdon|304\/419|[from] Stealth Rock
|-weather|Sandstorm
|move|p1a: Charizard|Roost|p1a: Charizard
|-heal|p1a: Charizard|261\/297
|
|-weather|Sandstorm|[upkeep]
|-damage|p1a: Charizard|243\/297|[from] sandstorm
|-heal|p2a: Hippowdon|330\/419|[from] item: Leftovers
|-damage|p1a: Charizard|206\/297|[from] Leech Seed|[of] p2a: Hippowdon
|-heal|p2a: Hippowdon|367\/419|[silent]
|turn|93
|
|switch|p1a: Skarmory|Skarmory, M|287\/333
|switch|p2a: Volcarona|Volcarona, M|373\/373
|-damage|p2a: Volcarona|187\/373|[from] Stealth Rock
|
|-weather|Sandstorm|[upkeep]
|-damage|p2a: Volcarona|164\/373|[from] sandstorm
|-heal|p2a: Volcarona|187\/373|[from] item: Leftovers
|turn|94
|c|âStarZabRighT|this has been an awseome match so far
|
|switch|p1a: Charizard|Charizard-Mega-Y, F|206\/297
|-weather|SunnyDay
|move|p2a: Volcarona|Quiver Dance|p2a: Volcarona
|-boost|p2a: Volcarona|spa|1
|-boost|p2a: Volcarona|spd|1
|-boost|p2a: Volcarona|spe|1
|
|-weather|SunnyDay|[upkeep]
|-heal|p2a: Volcarona|210\/373|[from] item: Leftovers
|turn|95
|c|âStarZabRighT|plz no hp rock
|
|move|p2a: Volcarona|Roost|p2a: Volcarona
|-heal|p2a: Volcarona|373\/373
|move|p1a: Charizard|Flamethrower|p2a: Volcarona
|-damage|p2a: Volcarona|189\/373
|
|-weather|SunnyDay|[upkeep]
|-heal|p2a: Volcarona|212\/373|[from] item: Leftovers
|turn|96
|c|âStarZabRighT|ty god
|
|move|p2a: Volcarona|Quiver Dance|p2a: Volcarona
|-boost|p2a: Volcarona|spa|1
|-boost|p2a: Volcarona|spd|1
|-boost|p2a: Volcarona|spe|1
|move|p1a: Charizard|Flamethrower|p2a: Volcarona
|-damage|p2a: Volcarona|74\/373
|
|-weather|SunnyDay|[upkeep]
|-heal|p2a: Volcarona|97\/373|[from] item: Leftovers
|turn|97
|c|âX TREE|no crit plz
|c|âStarZabRighT|i need a crit
|
|move|p2a: Volcarona|Roost|p2a: Volcarona
|-heal|p2a: Volcarona|284\/373
|move|p1a: Charizard|Flamethrower|p2a: Volcarona
|-damage|p2a: Volcarona|152\/373
|
|-weather|SunnyDay|[upkeep]
|-heal|p2a: Volcarona|175\/373|[from] item: Leftovers
|turn|98
|
|move|p2a: Volcarona|Bug Buzz|p1a: Charizard
|-resisted|p1a: Charizard
|-damage|p1a: Charizard|143\/297
|move|p1a: Charizard|Flamethrower|p2a: Volcarona
|-damage|p2a: Volcarona|37\/373
|
|-weather|none
|-heal|p2a: Volcarona|60\/373|[from] item: Leftovers
|turn|99
|
|move|p2a: Volcarona|Roost|p2a: Volcarona
|-heal|p2a: Volcarona|247\/373
|move|p1a: Charizard|Roost|p1a: Charizard
|-heal|p1a: Charizard|292\/297
|
|-heal|p2a: Volcarona|270\/373|[from] item: Leftovers
|turn|100
|
|move|p2a: Volcarona|Fiery Dance|p1a: Charizard
|-resisted|p1a: Charizard
|-damage|p1a: Charizard|181\/297
|-boost|p2a: Volcarona|spa|1
|move|p1a: Charizard|Flamethrower|p2a: Volcarona
|-damage|p2a: Volcarona|183\/373
|
|-heal|p2a: Volcarona|206\/373|[from] item: Leftovers
|turn|101
|c|âX TREE|volc is underrated on stall
|c|âStarZabRighT|yeah
|
|move|p2a: Volcarona|Roost|p2a: Volcarona
|-heal|p2a: Volcarona|373\/373
|move|p1a: Charizard|Roost|p1a: Charizard
|-heal|p1a: Charizard|297\/297
|
|turn|102
|
|switch|p1a: Skarmory|Skarmory, M|287\/333
|move|p2a: Volcarona|Fiery Dance|p1a: Skarmory
|-supereffective|p1a: Skarmory
|-damage|p1a: Skarmory|0 fnt
|-boost|p2a: Volcarona|spa|1
|faint|p1a: Skarmory
|
|c|âX TREE|better than clef imo
|
|switch|p1a: Charizard|Charizard-Mega-Y, F|297\/297
|-weather|SunnyDay
|turn|103
|
|move|p2a: Volcarona|Fiery Dance|p1a: Charizard
|-resisted|p1a: Charizard
|-damage|p1a: Charizard|76\/297
|-boost|p2a: Volcarona|spa|1
|move|p1a: Charizard|Flamethrower|p2a: Volcarona
|-damage|p2a: Volcarona|247\/373
|
|-weather|SunnyDay|[upkeep]
|-heal|p2a: Volcarona|270\/373|[from] item: Leftovers
|turn|104
|c|âStarZabRighT|shit gg
|c|âX TREE|gg
|
|move|p2a: Volcarona|Fiery Dance|p1a: Charizard
|-resisted|p1a: Charizard
|-damage|p1a: Charizard|0 fnt
|-boost|p2a: Volcarona|spa|1
|faint|p1a: Charizard
|
|win|X TREE
|raw|Ladder updating...
|raw|StarZabRighT's rating: 1592 &rarr; <strong>1573<\/strong><br \/>(-19 for losing)
|raw|X TREE's rating: 1605 &rarr; <strong>1624<\/strong><br \/>(+19 for winning)
|leave|StarZabRighT
|join|StarZabRighT
|leave|StarZabRighT