|join|Kirbles
|join|X TREE
|player|p1|Kirbles|89
|player|p2|X TREE|257
|gametype|singles
|gen|6
|tier|OU (suspect test)
|rated
|clearpoke
|poke|p1|Metagross
|poke|p1|Forretress, F
|poke|p1|Gengar, M
|poke|p1|Klefki, M
|poke|p1|Celebi
|poke|p1|Landorus-Therian, M
|poke|p2|Politoed, M, shiny
|poke|p2|Swampert, M, shiny
|poke|p2|Tornadus-Therian, M, shiny
|poke|p2|Chesnaught, F, shiny
|poke|p2|Starmie, shiny
|poke|p2|Empoleon, M, shiny
|rule|Swagger Clause: Swagger is banned
|rule|Baton Pass Clause: Limit one PokÃ©mon knowing Baton Pass
|rule|Sleep Clause Mod: Limit one foe put to sleep
|rule|Species Clause: Limit one of each PokÃ©mon
|rule|OHKO Clause: OHKO moves are banned
|rule|Moody Clause: Moody is banned
|rule|Evasion Moves Clause: Evasion moves are banned
|rule|Endless Battle Clause: Forcing endless battles is banned
|rule|HP Percentage Mod: HP is shown in percentages
|teampreview
|
|start
|switch|p1a: Forretress|Forretress, F|354\/354
|switch|p2a: Kevin|Swampert, M, shiny|341\/341
|turn|1
|
|detailschange|p2a: Kevin|Swampert-Mega, M, shiny
|-mega|p2a: Kevin|Swampert|Swampertite
|move|p2a: Kevin|Earthquake|p1a: Forretress
|-damage|p1a: Forretress|248\/354
|move|p1a: Forretress|Stealth Rock|p2a: Kevin
|-sidestart|p2: X TREE|move: Stealth Rock
|
|-heal|p1a: Forretress|270\/354|[from] item: Leftovers
|turn|2
|
|switch|p2a: Rolf|Empoleon, M, shiny|371\/371
|-damage|p2a: Rolf|348\/371|[from] Stealth Rock
|switch|p1a: Celebi|Celebi|342\/342
|
|turn|3
|
|move|p1a: Celebi|Nasty Plot|p1a: Celebi
|-boost|p1a: Celebi|spa|2
|move|p2a: Rolf|Roar|p1a: Celebi
|drag|p1a: Forretress|Forretress, F|270\/354
|
|-heal|p1a: Forretress|292\/354|[from] item: Leftovers
|turn|4
|
|move|p2a: Rolf|Stealth Rock|p1a: Forretress
|-sidestart|p1: Kirbles|move: Stealth Rock
|move|p1a: Forretress|Volt Switch|p2a: Rolf
|-supereffective|p2a: Rolf
|-damage|p2a: Rolf|282\/371
|
|switch|p1a: Klefki|Klefki, M|318\/318
|-damage|p1a: Klefki|299\/318|[from] Stealth Rock
|
|-heal|p1a: Klefki|318\/318|[from] item: Leftovers
|turn|5
|
|switch|p2a: Kevin|Swampert-Mega, M, shiny|341\/341
|-damage|p2a: Kevin|320\/341|[from] Stealth Rock
|move|p1a: Klefki|Spikes|p2a: Kevin
|-sidestart|p2: X TREE|Spikes
|
|turn|6
|
|switch|p1a: Celebi|Celebi|342\/342
|-damage|p1a: Celebi|300\/342|[from] Stealth Rock
|move|p2a: Kevin|Ice Punch|p1a: Celebi
|-supereffective|p1a: Celebi
|-damage|p1a: Celebi|106\/342
|
|-heal|p1a: Celebi|127\/342|[from] item: Leftovers
|turn|7
|
|switch|p2a: Eddy|Tornadus-Therian, M, shiny|301\/301
|-damage|p2a: Eddy|226\/301|[from] Stealth Rock
|move|p1a: Celebi|Giga Drain|p2a: Eddy
|-resisted|p2a: Eddy
|-damage|p2a: Eddy|157\/301
|-heal|p1a: Celebi|162\/342|[from] drain|[of] p2a: Eddy
|
|-heal|p1a: Celebi|183\/342|[from] item: Leftovers
|turn|8
|
|switch|p1a: Forretress|Forretress, F|292\/354
|-damage|p1a: Forretress|248\/354|[from] Stealth Rock
|move|p2a: Eddy|Knock Off|p1a: Forretress
|-damage|p1a: Forretress|187\/354
|-enditem|p1a: Forretress|Leftovers|[from] move: Knock Off|[of] p2a: Eddy
|-damage|p2a: Eddy|127\/301|[from] item: Life Orb
|
|turn|9
|
|move|p2a: Eddy|Hurricane|p1a: Forretress
|-damage|p1a: Forretress|0 fnt
|-damage|p2a: Eddy|97\/301|[from] item: Life Orb
|faint|p1a: Forretress
|
|
|switch|p1a: Landorus-Therian|Landorus-Therian, M|319\/319
|-damage|p1a: Landorus-Therian|280\/319|[from] Stealth Rock
|-ability|p1a: Landorus-Therian|Intimidate|[of] p2a: Eddy
|-unboost|p2a: Eddy|atk|1
|turn|10
|
|switch|p2a: Edd|Chesnaught, F, shiny|379\/379
|-damage|p2a: Edd|356\/379|[from] Stealth Rock
|-damage|p2a: Edd|309\/379|[from] Spikes
|move|p1a: Landorus-Therian|Knock Off|p2a: Edd
|-resisted|p2a: Edd
|-damage|p2a: Edd|268\/379
|-enditem|p2a: Edd|Leftovers|[from] move: Knock Off|[of] p1a: Landorus-Therian
|
|turn|11
|
|switch|p1a: Gengar|Gengar, M|261\/261
|-damage|p1a: Gengar|229\/261|[from] Stealth Rock
|switch|p2a: Eddy|Tornadus-Therian, M, shiny|197\/301
|-damage|p2a: Eddy|122\/301|[from] Stealth Rock
|
|turn|12
|
|move|p2a: Eddy|Knock Off|p1a: Gengar
|-supereffective|p1a: Gengar
|-damage|p1a: Gengar|0 fnt
|-enditem|p1a: Gengar|Choice Specs|[from] move: Knock Off|[of] p2a: Eddy
|-damage|p2a: Eddy|92\/301|[from] item: Life Orb
|faint|p1a: Gengar
|
|-message|Kirbles forfeited.
|leave|Kirbles
|
|win|X TREE
|raw|Ladder updating...
|player|p1
|raw|Kirbles's rating: 1311 &rarr; <strong>1291<\/strong><br \/>(-20 for losing)
|raw|X TREE's rating: 1310 &rarr; <strong>1331<\/strong><br \/>(+21 for winning)