|join|X TREE
|join|remove cis scum
|player|p1|X TREE|257
|player|p2|remove cis scum|23
|gametype|singles
|gen|6
|tier|OU (suspect test)
|rated
|clearpoke
|poke|p1|Politoed, M, shiny
|poke|p1|Swampert, M, shiny
|poke|p1|Tornadus-Therian, M, shiny
|poke|p1|Chesnaught, F, shiny
|poke|p1|Starmie, shiny
|poke|p1|Empoleon, M, shiny
|poke|p2|Gardevoir, M
|poke|p2|Heatran, F
|poke|p2|Chesnaught, F
|poke|p2|Manaphy
|poke|p2|Starmie
|poke|p2|Talonflame, M
|rule|Swagger Clause: Swagger is banned
|rule|Baton Pass Clause: Limit one PokÃ©mon knowing Baton Pass
|rule|Sleep Clause Mod: Limit one foe put to sleep
|rule|Species Clause: Limit one of each PokÃ©mon
|rule|OHKO Clause: OHKO moves are banned
|rule|Moody Clause: Moody is banned
|rule|Evasion Moves Clause: Evasion moves are banned
|rule|Endless Battle Clause: Forcing endless battles is banned
|rule|HP Percentage Mod: HP is shown in percentages
|teampreview
|join|Annie-May
|join|NJim
|c| Annie-May|s-sanic?
|
|start
|switch|p1a: Rolf|Empoleon, M, shiny|371\/371
|switch|p2a: Gardevoir|Gardevoir, M|277\/277
|-ability|p2a: Gardevoir|Torrent|[from] ability: Trace|[of] p1a: Rolf
|turn|1
|join|Ni-Pur
|c| Annie-May|GEE, TREE
|c| Annie-May|HOW COME YOUR MOM LETS YOU HAVE __**SIX**__ SHINIES
|
|detailschange|p2a: Gardevoir|Gardevoir-Mega, M
|-mega|p2a: Gardevoir|Gardevoir|Gardevoirite
|move|p2a: Gardevoir|Taunt|p1a: Rolf
|-start|p1a: Rolf|move: Taunt
|cant|p1a: Rolf|move: Taunt|Stealth Rock
|
|turn|2
|
|switch|p1a: Ed|Politoed, M, shiny|383\/383
|-weather|RainDance
|move|p2a: Gardevoir|Focus Blast|p1a: Ed
|-damage|p1a: Ed|270\/383
|
|-weather|RainDance|[upkeep]
|turn|3
|c| Annie-May|le spdef froge
|
|switch|p2a: Manaphy|Manaphy|341\/341
|move|p1a: Ed|Rest|p1a: Ed
|-status|p1a: Ed|slp
|-heal|p1a: Ed|383\/383 slp|[silent]
|-status|p1a: Ed|slp|[from] move: Rest
|
|-weather|RainDance|[upkeep]
|turn|4
|
|switch|p1a: Nazz|Starmie, shiny|261\/261
|move|p2a: Manaphy|Tail Glow|p2a: Manaphy
|-boost|p2a: Manaphy|spa|3
|
|-weather|RainDance|[upkeep]
|turn|5
|
|move|p1a: Nazz|Thunder|p2a: Manaphy
|-supereffective|p2a: Manaphy
|-damage|p2a: Manaphy|42\/341
|-damage|p1a: Nazz|235\/261|[from] item: Life Orb
|move|p2a: Manaphy|Surf|p1a: Nazz
|-resisted|p1a: Nazz
|-damage|p1a: Nazz|0 fnt
|faint|p1a: Nazz
|
|-weather|RainDance|[upkeep]
|-heal|p2a: Manaphy|63\/341|[from] item: Leftovers
|
|switch|p1a: Eddy|Tornadus-Therian, M, shiny|301\/301
|turn|6
|leave|Annie-May
|
|switch|p2a: Heatran|Heatran, F|385\/385
|move|p1a: Eddy|Hurricane|p2a: Heatran
|-resisted|p2a: Heatran
|-damage|p2a: Heatran|304\/385
|-start|p2a: Heatran|confusion
|-damage|p1a: Eddy|271\/301|[from] item: Life Orb
|
|-weather|RainDance|[upkeep]
|-heal|p2a: Heatran|328\/385|[from] item: Leftovers
|turn|7
|
|move|p1a: Eddy|Taunt|p2a: Heatran
|-start|p2a: Heatran|move: Taunt
|-activate|p2a: Heatran|confusion
|-damage|p2a: Heatran|303\/385|[from] confusion
|
|-weather|RainDance|[upkeep]
|-heal|p2a: Heatran|327\/385|[from] item: Leftovers
|turn|8
|
|move|p1a: Eddy|Focus Blast|p2a: Heatran
|-supereffective|p2a: Heatran
|-damage|p2a: Heatran|98\/385
|-damage|p1a: Eddy|241\/301|[from] item: Life Orb
|-activate|p2a: Heatran|confusion
|move|p2a: Heatran|Lava Plume|p1a: Eddy
|-crit|p1a: Eddy
|-damage|p1a: Eddy|129\/301
|
|-weather|RainDance|[upkeep]
|-heal|p2a: Heatran|122\/385|[from] item: Leftovers
|turn|9
|
|switch|p2a: Manaphy|Manaphy|63\/341
|move|p1a: Eddy|Focus Blast|p2a: Manaphy
|-damage|p2a: Manaphy|0 fnt
|-damage|p1a: Eddy|99\/301|[from] item: Life Orb
|faint|p2a: Manaphy
|
|-weather|none
|
|switch|p2a: Talonflame|Talonflame, M|309\/309
|turn|10
|
|switch|p1a: Rolf|Empoleon, M, shiny|371\/371
|move|p2a: Talonflame|Swords Dance|p2a: Talonflame
|-boost|p2a: Talonflame|atk|2
|
|turn|11
|
|move|p2a: Talonflame|Flare Blitz|p1a: Rolf
|-damage|p1a: Rolf|103\/371
|-damage|p2a: Talonflame|221\/309|[from] recoil|[of] p1a: Rolf
|move|p1a: Rolf|Scald|p2a: Talonflame
|-supereffective|p2a: Talonflame
|-damage|p2a: Talonflame|0 fnt
|faint|p2a: Talonflame
|
|
|switch|p2a: Gardevoir|Gardevoir-Mega, M|277\/277
|turn|12
|
|switch|p1a: Edd|Chesnaught, F, shiny|379\/379
|move|p2a: Gardevoir|Focus Blast|p1a: Edd
|-immune|p1a: Edd|[msg]|[from] Bulletproof
|
|turn|13
|
|move|p2a: Gardevoir|Hyper Voice|p1a: Edd
|-supereffective|p1a: Edd
|-damage|p1a: Edd|0 fnt
|faint|p1a: Edd
|
|
|switch|p1a: Ed|Politoed, M, shiny|383\/383 slp
|-weather|RainDance
|turn|14
|
|switch|p1a: Rolf|Empoleon, M, shiny|103\/371
|move|p2a: Gardevoir|Hyper Voice|p1a: Rolf
|-resisted|p1a: Rolf
|-damage|p1a: Rolf|0 fnt
|faint|p1a: Rolf
|
|-weather|RainDance|[upkeep]
|
|switch|p1a: Kevin|Swampert, M, shiny|341\/341
|turn|15
|
|switch|p2a: Heatran|Heatran, F|122\/385
|detailschange|p1a: Kevin|Swampert-Mega, M, shiny
|-mega|p1a: Kevin|Swampert|Swampertite
|move|p1a: Kevin|Waterfall|p2a: Heatran
|-supereffective|p2a: Heatran
|-damage|p2a: Heatran|0 fnt
|faint|p2a: Heatran
|
|-weather|RainDance|[upkeep]
|
|switch|p2a: Chesnaught|Chesnaught, F|373\/373
|turn|16
|
|switch|p1a: Eddy|Tornadus-Therian, M, shiny|199\/301
|move|p2a: Chesnaught|Wood Hammer|p1a: Eddy
|-resisted|p1a: Eddy
|-damage|p1a: Eddy|94\/301
|-damage|p2a: Chesnaught|338\/373|[from] recoil|[of] p1a: Eddy
|
|-weather|RainDance|[upkeep]
|-heal|p2a: Chesnaught|361\/373|[from] item: Leftovers
|turn|17
|
|switch|p2a: Starmie|Starmie|261\/261
|move|p1a: Eddy|Hurricane|p2a: Starmie
|-damage|p2a: Starmie|0 fnt
|-damage|p1a: Eddy|64\/301|[from] item: Life Orb
|faint|p2a: Starmie
|
|-weather|RainDance|[upkeep]
|
|switch|p2a: Gardevoir|Gardevoir-Mega, M|277\/277
|turn|18
|
|switch|p1a: Kevin|Swampert-Mega, M, shiny|341\/341
|move|p2a: Gardevoir|Hyper Voice|p1a: Kevin
|-damage|p1a: Kevin|103\/341
|
|-weather|RainDance|[upkeep]
|turn|19
|
|switch|p2a: Chesnaught|Chesnaught, F|361\/373
|move|p1a: Kevin|Waterfall|p2a: Chesnaught
|-resisted|p2a: Chesnaught
|-damage|p2a: Chesnaught|268\/373
|
|-weather|RainDance|[upkeep]
|-heal|p2a: Chesnaught|291\/373|[from] item: Leftovers
|turn|20
|
|switch|p1a: Eddy|Tornadus-Therian, M, shiny|164\/301
|move|p2a: Chesnaught|Wood Hammer|p1a: Eddy
|-resisted|p1a: Eddy
|-damage|p1a: Eddy|65\/301
|-damage|p2a: Chesnaught|258\/373|[from] recoil|[of] p1a: Eddy
|
|-weather|RainDance|[upkeep]
|-heal|p2a: Chesnaught|281\/373|[from] item: Leftovers
|turn|21
|
|move|p1a: Eddy|Hurricane|p2a: Chesnaught
|-supereffective|p2a: Chesnaught
|-damage|p2a: Chesnaught|0 fnt
|-damage|p1a: Eddy|35\/301|[from] item: Life Orb
|faint|p2a: Chesnaught
|
|-weather|none
|
|switch|p2a: Gardevoir|Gardevoir-Mega, M|277\/277
|turn|22
|
|switch|p1a: Ed|Politoed, M, shiny|383\/383 slp
|-weather|RainDance
|move|p2a: Gardevoir|Hyper Voice|p1a: Ed
|-damage|p1a: Ed|193\/383 slp
|
|-weather|RainDance|[upkeep]
|turn|23
|
|move|p2a: Gardevoir|Psyshock|p1a: Ed
|-damage|p1a: Ed|0 fnt
|faint|p1a: Ed
|
|-weather|RainDance|[upkeep]
|
|switch|p1a: Kevin|Swampert-Mega, M, shiny|103\/341
|turn|24
|c|âX TREE|gg
|
|move|p1a: Kevin|Waterfall|p2a: Gardevoir
|-damage|p2a: Gardevoir|0 fnt
|faint|p2a: Gardevoir
|
|win|X TREE
|raw|Ladder updating...
|raw|X TREE's rating: 1294 &rarr; <strong>1314<\/strong><br \/>(+20 for winning)
|raw|remove cis scum's rating: 1226 &rarr; <strong>1206<\/strong><br \/>(-20 for losing)
|leave|remove cis scum
|player|p2