|join|lobe.
|join|swaggyc__25
|player|p1|lobe.|284
|player|p2|swaggyc__25|159
|gametype|singles
|gen|6
|tier|ORAS OU
|rated
|rule|Sleep Clause Mod: Limit one foe put to sleep
|rule|Species Clause: Limit one of each PokÃ©mon
|rule|OHKO Clause: OHKO moves are banned
|rule|Moody Clause: Moody is banned
|rule|Evasion Moves Clause: Evasion moves are banned
|rule|Endless Battle Clause: Forcing endless battles is banned
|rule|HP Percentage Mod: HP is shown in percentages
|clearpoke
|poke|p1|Metagross, shiny
|poke|p1|Ferrothorn, M
|poke|p1|Gothitelle, M
|poke|p1|Latios, M
|poke|p1|Rotom-Wash
|poke|p1|Heatran, M
|poke|p2|Politoed, M
|poke|p2|Ferrothorn, M
|poke|p2|Kabutops, F
|poke|p2|Gothitelle, M
|poke|p2|Noivern, F
|poke|p2|Swampert, M
|rule|Swagger Clause: Swagger is banned
|rule|Baton Pass Clause: Limit one PokÃ©mon knowing Baton Pass
|teampreview
|
|start
|switch|p1a: Gothitelle|Gothitelle, M|282\/282
|switch|p2a: Noivern|Noivern, F|311\/311
|turn|1
|
|switch|p1a: Heatran|Heatran, M|386\/386
|move|p2a: Noivern|U-turn|p1a: Heatran
|-resisted|p1a: Heatran
|-damage|p1a: Heatran|376\/386
|
|switch|p2a: Swampert|Swampert, M|341\/341
|
|-heal|p1a: Heatran|386\/386|[from] item: Leftovers
|turn|2
|
|switch|p1a: Rotom-Wash|Rotom-Wash|304\/304
|detailschange|p2a: Swampert|Swampert-Mega, M
|message|Swampert has Mega Evolved into Mega Swampert!
|move|p2a: Swampert|Waterfall|p1a: Rotom-Wash
|-resisted|p1a: Rotom-Wash
|-damage|p1a: Rotom-Wash|246\/304
|
|-heal|p1a: Rotom-Wash|265\/304|[from] item: Leftovers
|turn|3
|
|switch|p2a: Ferrothorn|Ferrothorn, M|352\/352
|move|p1a: Rotom-Wash|Volt Switch|p2a: Ferrothorn
|-resisted|p2a: Ferrothorn
|-damage|p2a: Ferrothorn|322\/352
|
|switch|p1a: Heatran|Heatran, M|386\/386
|
|-heal|p2a: Ferrothorn|344\/352|[from] item: Leftovers
|turn|4
|
|switch|p2a: Politoed|Politoed, M|384\/384
|-weather|RainDance
|move|p1a: Heatran|Lava Plume|p2a: Politoed
|-resisted|p2a: Politoed
|-damage|p2a: Politoed|356\/384
|
|-weather|RainDance|[upkeep]
|turn|5
|
|switch|p1a: Ferrothorn|Ferrothorn, M|352\/352
|move|p2a: Politoed|Scald|p1a: Ferrothorn
|-resisted|p1a: Ferrothorn
|-damage|p1a: Ferrothorn|298\/352
|
|-weather|RainDance|[upkeep]
|-heal|p1a: Ferrothorn|320\/352|[from] item: Leftovers
|turn|6
|
|switch|p2a: Gothitelle|Gothitelle, M|301\/301
|move|p1a: Ferrothorn|Stealth Rock|p2a: Gothitelle
|-sidestart|p2: swaggyc__25|move: Stealth Rock
|
|-weather|RainDance|[upkeep]
|-heal|p1a: Ferrothorn|342\/352|[from] item: Leftovers
|turn|7
|
|move|p2a: Gothitelle|Trick|p1a: Ferrothorn
|-activate|p2a: Gothitelle|move: Trick|[of] p1a: Ferrothorn
|-item|p1a: Ferrothorn|Choice Scarf|[from] move: Trick
|-item|p2a: Gothitelle|Leftovers|[from] move: Trick
|move|p1a: Ferrothorn|Gyro Ball|p2a: Gothitelle
|-damage|p2a: Gothitelle|192\/301
|
|-weather|RainDance|[upkeep]
|-heal|p2a: Gothitelle|210\/301|[from] item: Leftovers
|turn|8
|
|switch|p2a: Ferrothorn|Ferrothorn, M|344\/352
|-damage|p2a: Ferrothorn|322\/352|[from] Stealth Rock
|move|p1a: Ferrothorn|Gyro Ball|p2a: Ferrothorn
|-resisted|p2a: Ferrothorn
|-damage|p2a: Ferrothorn|314\/352
|-damage|p1a: Ferrothorn|298\/352|[from] ability: Iron Barbs|[of] p2a: Ferrothorn
|
|-weather|RainDance|[upkeep]
|-heal|p2a: Ferrothorn|336\/352|[from] item: Leftovers
|turn|9
|
|switch|p1a: Gothitelle|Gothitelle, M|282\/282
|move|p2a: Ferrothorn|Stealth Rock|p1a: Gothitelle
|-sidestart|p1: lobe.|move: Stealth Rock
|
|-weather|RainDance|[upkeep]
|-heal|p2a: Ferrothorn|352\/352|[from] item: Leftovers
|turn|10
|
|move|p1a: Gothitelle|Trick|p2a: Ferrothorn
|-activate|p1a: Gothitelle|move: Trick|[of] p2a: Ferrothorn
|-item|p2a: Ferrothorn|Choice Scarf|[from] move: Trick
|-item|p1a: Gothitelle|Leftovers|[from] move: Trick
|move|p2a: Ferrothorn|Leech Seed|p1a: Gothitelle|[miss]
|-miss|p2a: Ferrothorn|p1a: Gothitelle
|
|-weather|RainDance|[upkeep]
|turn|11
|
|switch|p1a: Ferrothorn|Ferrothorn, M|298\/352
|-damage|p1a: Ferrothorn|276\/352|[from] Stealth Rock
|move|p2a: Ferrothorn|Leech Seed|p1a: Ferrothorn
|-immune|p1a: Ferrothorn|[msg]
|
|-weather|none
|turn|12
|
|move|p1a: Ferrothorn|Spikes|p2a: Ferrothorn
|-sidestart|p2: swaggyc__25|Spikes
|move|p2a: Ferrothorn|Leech Seed|p1a: Ferrothorn
|-immune|p1a: Ferrothorn|[msg]
|
|turn|13
|
|switch|p2a: Noivern|Noivern, F|311\/311
|-damage|p2a: Noivern|234\/311|[from] Stealth Rock
|move|p1a: Ferrothorn|Spikes|p2a: Noivern
|-sidestart|p2: swaggyc__25|Spikes
|
|turn|14
|
|switch|p1a: Heatran|Heatran, M|386\/386
|-damage|p1a: Heatran|338\/386|[from] Stealth Rock
|move|p2a: Noivern|Hurricane|p1a: Heatran|[miss]
|-miss|p2a: Noivern|p1a: Heatran
|
|-heal|p1a: Heatran|362\/386|[from] item: Leftovers
|turn|15
|
|switch|p2a: Politoed|Politoed, M|356\/384
|-damage|p2a: Politoed|308\/384|[from] Stealth Rock
|-damage|p2a: Politoed|244\/384|[from] Spikes
|-weather|RainDance
|move|p1a: Heatran|Roar|p2a: Politoed
|drag|p2a: Noivern|Noivern, F|234\/311
|-damage|p2a: Noivern|157\/311|[from] Stealth Rock
|
|-weather|RainDance|[upkeep]
|-heal|p1a: Heatran|386\/386|[from] item: Leftovers
|turn|16
|
|move|p1a: Heatran|Protect|p1a: Heatran
|-singleturn|p1a: Heatran|Protect
|move|p2a: Noivern|Focus Blast|p1a: Heatran
|-activate|p1a: Heatran|Protect
|
|-weather|RainDance|[upkeep]
|turn|17
|
|switch|p1a: Gothitelle|Gothitelle, M|282\/282
|-damage|p1a: Gothitelle|247\/282|[from] Stealth Rock
|move|p2a: Noivern|Focus Blast|p1a: Gothitelle
|-resisted|p1a: Gothitelle
|-damage|p1a: Gothitelle|161\/282
|
|-weather|RainDance|[upkeep]
|-heal|p1a: Gothitelle|178\/282|[from] item: Leftovers
|turn|18
|
|move|p2a: Noivern|Focus Blast|p1a: Gothitelle
|-resisted|p1a: Gothitelle
|-damage|p1a: Gothitelle|93\/282
|move|p1a: Gothitelle|Thunderbolt|p2a: Noivern
|-damage|p2a: Noivern|59\/311
|
|-weather|RainDance|[upkeep]
|-heal|p1a: Gothitelle|110\/282|[from] item: Leftovers
|turn|19
|
|move|p2a: Noivern|Focus Blast|p1a: Gothitelle
|-resisted|p1a: Gothitelle
|-damage|p1a: Gothitelle|26\/282
|-unboost|p1a: Gothitelle|spd|1
|move|p1a: Gothitelle|Psyshock|p2a: Noivern
|-damage|p2a: Noivern|0 fnt
|faint|p2a: Noivern
|
|-weather|RainDance|[upkeep]
|-heal|p1a: Gothitelle|43\/282|[from] item: Leftovers
|c|âlobe.|the accuracy
|
|switch|p2a: Swampert|Swampert-Mega, M|341\/341
|-damage|p2a: Swampert|285\/341|[from] Spikes
|-damage|p2a: Swampert|264\/341|[from] Stealth Rock
|turn|20
|
|switch|p1a: Ferrothorn|Ferrothorn, M|276\/352
|-damage|p1a: Ferrothorn|254\/352|[from] Stealth Rock
|move|p2a: Swampert|Power-Up Punch|p1a: Ferrothorn
|-supereffective|p1a: Ferrothorn
|-damage|p1a: Ferrothorn|188\/352
|-damage|p2a: Swampert|222\/341|[from] ability: Iron Barbs|[of] p1a: Ferrothorn
|-boost|p2a: Swampert|atk|1
|
|-weather|RainDance|[upkeep]
|turn|21
|
|move|p2a: Swampert|Earthquake|p1a: Ferrothorn
|-crit|p1a: Ferrothorn
|-damage|p1a: Ferrothorn|0 fnt
|faint|p1a: Ferrothorn
|
|-weather|RainDance|[upkeep]
|
|switch|p1a: Heatran|Heatran, M|386\/386
|-damage|p1a: Heatran|338\/386|[from] Stealth Rock
|turn|22
|
|move|p1a: Heatran|Protect|p1a: Heatran
|-singleturn|p1a: Heatran|Protect
|move|p2a: Swampert|Waterfall|p1a: Heatran
|-activate|p1a: Heatran|Protect
|
|-weather|none
|-heal|p1a: Heatran|362\/386|[from] item: Leftovers
|turn|23
|
|switch|p1a: Rotom-Wash|Rotom-Wash|265\/304
|-damage|p1a: Rotom-Wash|227\/304|[from] Stealth Rock
|move|p2a: Swampert|Waterfall|p1a: Rotom-Wash
|-resisted|p1a: Rotom-Wash
|-damage|p1a: Rotom-Wash|150\/304
|
|-heal|p1a: Rotom-Wash|169\/304|[from] item: Leftovers
|turn|24
|
|switch|p2a: Ferrothorn|Ferrothorn, M|352\/352
|-damage|p2a: Ferrothorn|294\/352|[from] Spikes
|-damage|p2a: Ferrothorn|272\/352|[from] Stealth Rock
|move|p1a: Rotom-Wash|Will-O-Wisp|p2a: Ferrothorn|[miss]
|-miss|p1a: Rotom-Wash|p2a: Ferrothorn
|
|-heal|p1a: Rotom-Wash|188\/304|[from] item: Leftovers
|turn|25
|
|move|p1a: Rotom-Wash|Will-O-Wisp|p2a: Ferrothorn
|-status|p2a: Ferrothorn|brn
|move|p2a: Ferrothorn|Leech Seed|p1a: Rotom-Wash
|-start|p1a: Rotom-Wash|move: Leech Seed
|
|-heal|p1a: Rotom-Wash|207\/304|[from] item: Leftovers
|-damage|p1a: Rotom-Wash|169\/304|[from] Leech Seed|[of] p2a: Ferrothorn
|-heal|p2a: Ferrothorn|310\/352 brn|[silent]
|-damage|p2a: Ferrothorn|266\/352 brn|[from] brn
|turn|26
|
|move|p1a: Rotom-Wash|Volt Switch|p2a: Ferrothorn
|-resisted|p2a: Ferrothorn
|-damage|p2a: Ferrothorn|236\/352 brn
|
|switch|p1a: Heatran|Heatran, M|362\/386
|-damage|p1a: Heatran|314\/386|[from] Stealth Rock
|move|p2a: Ferrothorn|Leech Seed|p1a: Heatran
|-start|p1a: Heatran|move: Leech Seed
|
|-heal|p1a: Heatran|338\/386|[from] item: Leftovers
|-damage|p1a: Heatran|290\/386|[from] Leech Seed|[of] p2a: Ferrothorn
|-heal|p2a: Ferrothorn|284\/352 brn|[silent]
|-damage|p2a: Ferrothorn|240\/352 brn|[from] brn
|turn|27
|
|switch|p2a: Politoed|Politoed, M|244\/384
|-damage|p2a: Politoed|180\/384|[from] Spikes
|-damage|p2a: Politoed|132\/384|[from] Stealth Rock
|-weather|RainDance
|move|p1a: Heatran|Lava Plume|p2a: Politoed
|-resisted|p2a: Politoed
|-damage|p2a: Politoed|101\/384
|
|-weather|RainDance|[upkeep]
|-heal|p1a: Heatran|314\/386|[from] item: Leftovers
|-damage|p1a: Heatran|266\/386|[from] Leech Seed|[of] p2a: Politoed
|-heal|p2a: Politoed|149\/384|[silent]
|turn|28
|
|switch|p1a: Gothitelle|Gothitelle, M|43\/282
|-damage|p1a: Gothitelle|8\/282|[from] Stealth Rock
|move|p2a: Politoed|Scald|p1a: Gothitelle
|-damage|p1a: Gothitelle|0 fnt
|faint|p1a: Gothitelle
|
|-weather|RainDance|[upkeep]
|
|switch|p1a: Metagross|Metagross, shiny|302\/302
|-damage|p1a: Metagross|284\/302|[from] Stealth Rock
|turn|29
|
|switch|p2a: Ferrothorn|Ferrothorn, M|240\/352 brn
|-damage|p2a: Ferrothorn|182\/352 brn|[from] Spikes
|-damage|p2a: Ferrothorn|160\/352 brn|[from] Stealth Rock
|detailschange|p1a: Metagross|Metagross-Mega, shiny
|message|Metagross has Mega Evolved into Mega Metagross!
|move|p1a: Metagross|Earthquake|p2a: Ferrothorn
|-damage|p2a: Ferrothorn|54\/352 brn
|
|-weather|RainDance|[upkeep]
|-damage|p2a: Ferrothorn|10\/352 brn|[from] brn
|turn|30
|
|move|p1a: Metagross|Agility|p1a: Metagross
|-boost|p1a: Metagross|spe|2
|move|p2a: Ferrothorn|Leech Seed|p1a: Metagross|[miss]
|-miss|p2a: Ferrothorn|p1a: Metagross
|
|-weather|RainDance|[upkeep]
|-damage|p2a: Ferrothorn|0 fnt|[from] brn
|faint|p2a: Ferrothorn
|c|âlobe.|:]
|
|switch|p2a: Swampert|Swampert-Mega, M|222\/341
|-damage|p2a: Swampert|201\/341|[from] Stealth Rock
|-damage|p2a: Swampert|145\/341|[from] Spikes
|turn|31
|
|move|p1a: Metagross|Earthquake|p2a: Swampert
|-damage|p2a: Swampert|6\/341
|move|p2a: Swampert|Waterfall|p1a: Metagross
|-damage|p1a: Metagross|103\/302
|
|-weather|RainDance|[upkeep]
|turn|32
|
|switch|p2a: Gothitelle|Gothitelle, M|210\/301
|-damage|p2a: Gothitelle|173\/301|[from] Stealth Rock
|-damage|p2a: Gothitelle|123\/301|[from] Spikes
|move|p1a: Metagross|Earthquake|p2a: Gothitelle
|-damage|p2a: Gothitelle|0 fnt
|faint|p2a: Gothitelle
|
|-weather|RainDance|[upkeep]
|
|switch|p2a: Kabutops|Kabutops, F|261\/261
|-damage|p2a: Kabutops|229\/261|[from] Stealth Rock
|-damage|p2a: Kabutops|186\/261|[from] Spikes
|turn|33
|
|move|p2a: Kabutops|Aqua Jet|p1a: Metagross
|-damage|p1a: Metagross|0 fnt
|-damage|p2a: Kabutops|160\/261|[from] item: Life Orb
|faint|p1a: Metagross
|
|-weather|RainDance|[upkeep]
|
|switch|p1a: Rotom-Wash|Rotom-Wash|169\/304
|-damage|p1a: Rotom-Wash|131\/304|[from] Stealth Rock
|turn|34
|
|move|p2a: Kabutops|Stone Edge|p1a: Rotom-Wash
|-damage|p1a: Rotom-Wash|0 fnt
|-damage|p2a: Kabutops|134\/261|[from] item: Life Orb
|faint|p1a: Rotom-Wash
|
|-weather|none
|
|switch|p1a: Latios|Latios, M|302\/302
|-damage|p1a: Latios|265\/302|[from] Stealth Rock
|turn|35
|
|switch|p2a: Politoed|Politoed, M|149\/384
|-damage|p2a: Politoed|85\/384|[from] Spikes
|-damage|p2a: Politoed|37\/384|[from] Stealth Rock
|-weather|RainDance
|move|p1a: Latios|Psyshock|p2a: Politoed
|-damage|p2a: Politoed|0 fnt
|-damage|p1a: Latios|235\/302|[from] item: Life Orb
|faint|p2a: Politoed
|
|-weather|RainDance|[upkeep]
|
|switch|p2a: Kabutops|Kabutops, F|134\/261
|-damage|p2a: Kabutops|102\/261|[from] Stealth Rock
|-damage|p2a: Kabutops|59\/261|[from] Spikes
|turn|36
|
|switch|p1a: Heatran|Heatran, M|266\/386
|-damage|p1a: Heatran|218\/386|[from] Stealth Rock
|move|p2a: Kabutops|Stone Edge|p1a: Heatran|[miss]
|-miss|p2a: Kabutops|p1a: Heatran
|
|-weather|RainDance|[upkeep]
|-heal|p1a: Heatran|242\/386|[from] item: Leftovers
|turn|37
|
|move|p1a: Heatran|Protect|p1a: Heatran
|-singleturn|p1a: Heatran|Protect
|move|p2a: Kabutops|Waterfall|p1a: Heatran
|-activate|p1a: Heatran|Protect
|
|-weather|RainDance|[upkeep]
|-heal|p1a: Heatran|266\/386|[from] item: Leftovers
|turn|38
|
|move|p2a: Kabutops|Low Kick|p1a: Heatran
|-supereffective|p1a: Heatran
|-damage|p1a: Heatran|0 fnt
|-damage|p2a: Kabutops|33\/261|[from] item: Life Orb
|faint|p1a: Heatran
|
|-weather|RainDance|[upkeep]
|
|switch|p1a: Latios|Latios, M|235\/302
|-damage|p1a: Latios|198\/302|[from] Stealth Rock
|turn|39
|
|move|p2a: Kabutops|Stone Edge|p1a: Latios|[miss]
|-miss|p2a: Kabutops|p1a: Latios
|move|p1a: Latios|Psyshock|p2a: Kabutops
|-damage|p2a: Kabutops|0 fnt
|-damage|p1a: Latios|168\/302|[from] item: Life Orb
|faint|p2a: Kabutops
|
|-weather|RainDance|[upkeep]
|c|âlobe.|:]
|c|âlobe.|gg
|c|âswaggyc__25|wow
|
|switch|p2a: Swampert|Swampert-Mega, M|6\/341
|-damage|p2a: Swampert|0 fnt|[from] Stealth Rock
|faint|p2a: Swampert
|
|win|lobe.
|raw|Ladder updating...
|raw|lobe.'s rating: 1270 &rarr; <strong>1302<\/strong><br \/>(+32 for winning)
|raw|swaggyc__25's rating: 1369 &rarr; <strong>1344<\/strong><br \/>(-25 for losing)
|leave|swaggyc__25
|player|p2