|join|kimpy7
|join|swaggyc__25
|player|p1|kimpy7|2
|player|p2|swaggyc__25|146
|gametype|singles
|gen|6
|tier|ORAS OU
|rated
|rule|Sleep Clause Mod: Limit one foe put to sleep
|rule|Species Clause: Limit one of each PokÃ©mon
|rule|OHKO Clause: OHKO moves are banned
|rule|Moody Clause: Moody is banned
|rule|Evasion Moves Clause: Evasion moves are banned
|rule|Endless Battle Clause: Forcing endless battles is banned
|rule|HP Percentage Mod: HP is shown in percentages
|clearpoke
|poke|p1|Salamence, M
|poke|p1|Latias, F
|poke|p1|Magnezone
|poke|p1|Rotom-Wash
|poke|p1|Landorus-Therian, M
|poke|p1|Keldeo
|poke|p2|Politoed, M
|poke|p2|Ludicolo, F
|poke|p2|Kabutops, F
|poke|p2|Ferrothorn, M
|poke|p2|Conkeldurr, F
|poke|p2|Swampert, F
|rule|Swagger Clause: Swagger is banned
|rule|Baton Pass Clause: Limit one PokÃ©mon knowing Baton Pass
|teampreview
|
|start
|switch|p1a: Latias|Latias, F|302\/302
|switch|p2a: Ferrothorn|Ferrothorn, M|352\/352
|turn|1
|
|switch|p1a: Magnezone|Magnezone|344\/344
|move|p2a: Ferrothorn|Stealth Rock|p1a: Magnezone
|-sidestart|p1: kimpy7|move: Stealth Rock
|
|turn|2
|
|switch|p2a: Politoed|Politoed, M|384\/384
|-weather|RainDance
|move|p1a: Magnezone|Hidden Power|p2a: Politoed
|-resisted|p2a: Politoed
|-damage|p2a: Politoed|353\/384
|
|-weather|RainDance|[upkeep]
|turn|3
|
|switch|p2a: Ludicolo|Ludicolo, F|302\/302
|switch|p1a: Rotom-Wash|Rotom-Wash|304\/304
|-damage|p1a: Rotom-Wash|266\/304|[from] Stealth Rock
|
|-weather|RainDance|[upkeep]
|-heal|p1a: Rotom-Wash|285\/304|[from] item: Leftovers
|turn|4
|
|move|p2a: Ludicolo|Giga Drain|p1a: Rotom-Wash
|-crit|p1a: Rotom-Wash
|-supereffective|p1a: Rotom-Wash
|-damage|p1a: Rotom-Wash|0 fnt
|-damage|p2a: Ludicolo|272\/302|[from] item: Life Orb
|faint|p1a: Rotom-Wash
|
|-weather|RainDance|[upkeep]
|
|switch|p1a: Magnezone|Magnezone|344\/344
|-damage|p1a: Magnezone|323\/344|[from] Stealth Rock
|turn|5
|
|move|p2a: Ludicolo|Hydro Pump|p1a: Magnezone
|-damage|p1a: Magnezone|0 fnt
|-damage|p2a: Ludicolo|242\/302|[from] item: Life Orb
|faint|p1a: Magnezone
|
|-weather|RainDance|[upkeep]
|
|switch|p1a: Latias|Latias, F|302\/302
|-damage|p1a: Latias|265\/302|[from] Stealth Rock
|turn|6
|
|move|p2a: Ludicolo|Ice Beam|p1a: Latias
|-supereffective|p1a: Latias
|-damage|p1a: Latias|88\/302
|-damage|p2a: Ludicolo|212\/302|[from] item: Life Orb
|move|p1a: Latias|Draco Meteor|p2a: Ludicolo
|-damage|p2a: Ludicolo|0 fnt
|-unboost|p1a: Latias|spa|2
|-damage|p1a: Latias|58\/302|[from] item: Life Orb
|faint|p2a: Ludicolo
|
|-weather|RainDance|[upkeep]
|join|MrHardNips
|
|switch|p2a: Swampert|Swampert, F|341\/341
|turn|7
|
|detailschange|p2a: Swampert|Swampert-Mega, F
|message|Swampert has Mega Evolved into Mega Swampert!
|move|p1a: Latias|Draco Meteor|p2a: Swampert
|-damage|p2a: Swampert|220\/341
|-unboost|p1a: Latias|spa|2
|-damage|p1a: Latias|28\/302|[from] item: Life Orb
|move|p2a: Swampert|Power-Up Punch|p1a: Latias
|-resisted|p1a: Latias
|-damage|p1a: Latias|0 fnt
|-boost|p2a: Swampert|atk|1
|faint|p1a: Latias
|
|-weather|RainDance|[upkeep]
|
|switch|p1a: Keldeo|Keldeo|323\/323
|-damage|p1a: Keldeo|303\/323|[from] Stealth Rock
|turn|8
|
|move|p1a: Keldeo|Hydro Pump|p2a: Swampert
|-damage|p2a: Swampert|0 fnt
|faint|p2a: Swampert
|
|-weather|RainDance|[upkeep]
|
|switch|p2a: Ferrothorn|Ferrothorn, M|352\/352
|turn|9
|
|switch|p1a: Landorus-Therian|Landorus-Therian, M|382\/382
|-damage|p1a: Landorus-Therian|335\/382|[from] Stealth Rock
|-ability|p1a: Landorus-Therian|Intimidate|[of] p2a: Ferrothorn
|-unboost|p2a: Ferrothorn|atk|1
|move|p2a: Ferrothorn|Thunder Wave|p1a: Landorus-Therian
|-immune|p1a: Landorus-Therian|[msg]
|
|-weather|none
|-heal|p1a: Landorus-Therian|358\/382|[from] item: Leftovers
|turn|10
|leave|MrHardNips
|
|move|p1a: Landorus-Therian|U-turn|p2a: Ferrothorn
|-crit|p2a: Ferrothorn
|-damage|p2a: Ferrothorn|265\/352
|-damage|p1a: Landorus-Therian|311\/382|[from] ability: Iron Barbs|[of] p2a: Ferrothorn
|
|switch|p1a: Salamence|Salamence, M|331\/331
|-damage|p1a: Salamence|249\/331|[from] Stealth Rock
|-ability|p1a: Salamence|Intimidate|[of] p2a: Ferrothorn
|-unboost|p2a: Ferrothorn|atk|1
|move|p2a: Ferrothorn|Leech Seed|p1a: Salamence
|-start|p1a: Salamence|move: Leech Seed
|
|-damage|p1a: Salamence|208\/331|[from] Leech Seed|[of] p2a: Ferrothorn
|-heal|p2a: Ferrothorn|306\/352|[silent]
|turn|11
|
|switch|p1a: Landorus-Therian|Landorus-Therian, M|311\/382
|-damage|p1a: Landorus-Therian|264\/382|[from] Stealth Rock
|-ability|p1a: Landorus-Therian|Intimidate|[of] p2a: Ferrothorn
|-unboost|p2a: Ferrothorn|atk|1
|switch|p2a: Politoed|Politoed, M|353\/384
|-weather|RainDance
|
|-weather|RainDance|[upkeep]
|-heal|p1a: Landorus-Therian|287\/382|[from] item: Leftovers
|turn|12
|
|move|p1a: Landorus-Therian|Earthquake|p2a: Politoed
|-damage|p2a: Politoed|211\/384
|move|p2a: Politoed|Toxic|p1a: Landorus-Therian
|-status|p1a: Landorus-Therian|tox
|
|-weather|RainDance|[upkeep]
|-heal|p1a: Landorus-Therian|310\/382 tox|[from] item: Leftovers
|-damage|p1a: Landorus-Therian|287\/382 tox|[from] psn
|turn|13
|
|move|p1a: Landorus-Therian|Earthquake|p2a: Politoed
|-damage|p2a: Politoed|73\/384
|move|p2a: Politoed|Scald|p1a: Landorus-Therian
|-supereffective|p1a: Landorus-Therian
|-damage|p1a: Landorus-Therian|0 fnt
|faint|p1a: Landorus-Therian
|
|-weather|RainDance|[upkeep]
|
|switch|p1a: Keldeo|Keldeo|303\/323
|-damage|p1a: Keldeo|283\/323|[from] Stealth Rock
|turn|14
|
|switch|p2a: Ferrothorn|Ferrothorn, M|306\/352
|move|p1a: Keldeo|Secret Sword|p2a: Ferrothorn
|-supereffective|p2a: Ferrothorn
|-damage|p2a: Ferrothorn|64\/352
|
|-weather|RainDance|[upkeep]
|turn|15
|
|move|p1a: Keldeo|Secret Sword|p2a: Ferrothorn
|-supereffective|p2a: Ferrothorn
|-damage|p2a: Ferrothorn|0 fnt
|faint|p2a: Ferrothorn
|
|-weather|RainDance|[upkeep]
|
|switch|p2a: Conkeldurr|Conkeldurr, F|414\/414
|turn|16
|
|switch|p1a: Salamence|Salamence, M|208\/331
|-damage|p1a: Salamence|126\/331|[from] Stealth Rock
|-ability|p1a: Salamence|Intimidate|[of] p2a: Conkeldurr
|-unboost|p2a: Conkeldurr|atk|1
|move|p2a: Conkeldurr|Drain Punch|p1a: Salamence
|-resisted|p1a: Salamence
|-damage|p1a: Salamence|61\/331
|
|-weather|RainDance|[upkeep]
|turn|17
|
|detailschange|p1a: Salamence|Salamence-Mega, M
|message|Salamence has Mega Evolved into Mega Salamence!
|move|p1a: Salamence|Return|p2a: Conkeldurr
|-supereffective|p2a: Conkeldurr
|-damage|p2a: Conkeldurr|0 fnt
|faint|p2a: Conkeldurr
|
|-weather|RainDance|[upkeep]
|
|switch|p2a: Kabutops|Kabutops, F|262\/262
|turn|18
|
|switch|p1a: Keldeo|Keldeo|283\/323
|-damage|p1a: Keldeo|263\/323|[from] Stealth Rock
|move|p2a: Kabutops|Waterfall|p1a: Keldeo
|-resisted|p1a: Keldeo
|-damage|p1a: Keldeo|115\/323
|-damage|p2a: Kabutops|236\/262|[from] item: Life Orb
|
|-weather|none
|turn|19
|
|switch|p2a: Politoed|Politoed, M|73\/384
|-weather|RainDance
|move|p1a: Keldeo|Secret Sword|p2a: Politoed
|-damage|p2a: Politoed|0 fnt
|faint|p2a: Politoed
|
|-weather|RainDance|[upkeep]
|
|switch|p2a: Kabutops|Kabutops, F|236\/262
|turn|20
|
|move|p2a: Kabutops|Aqua Jet|p1a: Keldeo
|-resisted|p1a: Keldeo
|-damage|p1a: Keldeo|34\/323
|-damage|p2a: Kabutops|210\/262|[from] item: Life Orb
|move|p1a: Keldeo|Secret Sword|p2a: Kabutops
|-supereffective|p2a: Kabutops
|-damage|p2a: Kabutops|0 fnt
|faint|p2a: Kabutops
|
|win|kimpy7
|raw|Ladder updating...
|raw|kimpy7's rating: 1433 &rarr; <strong>1450<\/strong><br \/>(+17 for winning)
|raw|swaggyc__25's rating: 1382 &rarr; <strong>1365<\/strong><br \/>(-17 for losing)
|c|âkimpy7|gg
|c|âswaggyc__25|gg