|join|Patodragon.v30
|join|swaggyc__25
|player|p1|Patodragon.v30|170
|player|p2|swaggyc__25|147
|gametype|singles
|gen|6
|tier|ORAS OU
|rated
|rule|Sleep Clause Mod: Limit one foe put to sleep
|rule|Species Clause: Limit one of each PokÃ©mon
|rule|OHKO Clause: OHKO moves are banned
|rule|Moody Clause: Moody is banned
|rule|Evasion Moves Clause: Evasion moves are banned
|rule|Endless Battle Clause: Forcing endless battles is banned
|rule|HP Percentage Mod: HP is shown in percentages
|clearpoke
|poke|p1|Salamence, F
|poke|p1|Magnezone
|poke|p1|Magneton, shiny
|poke|p1|Wobbuffet, F, shiny
|poke|p1|Gothitelle, F
|poke|p1|Dugtrio, M
|poke|p2|Politoed, M
|poke|p2|Ferrothorn, M
|poke|p2|Omastar, M
|poke|p2|Gothitelle, M
|poke|p2|Greninja, M
|poke|p2|Swampert, F
|rule|Swagger Clause: Swagger is banned
|rule|Baton Pass Clause: Limit one PokÃ©mon knowing Baton Pass
|teampreview
|
|start
|switch|p1a: NOT UBER|Wobbuffet, F, shiny|529\/529
|switch|p2a: Greninja|Greninja, M|285\/285
|turn|1
|
|switch|p1a: NOT UBER|Magneton, shiny|242\/242
|move|p2a: Greninja|U-turn|p1a: NOT UBER
|-start|p2a: Greninja|typechange|Bug|[from] Protean
|-resisted|p1a: NOT UBER
|-damage|p1a: NOT UBER|201\/242
|
|switch|p2a: Ferrothorn|Ferrothorn, M|352\/352
|
|turn|2
|c|âswaggyc__25|wtf this team is disgusting
|
|switch|p2a: Swampert|Swampert, F|341\/341
|move|p1a: NOT UBER|Volt Switch|p2a: Swampert
|-immune|p2a: Swampert|[msg]
|
|turn|3
|
|switch|p1a: UBER|Salamence, F|391\/391
|-ability|p1a: UBER|Intimidate|[of] p2a: Swampert
|-unboost|p2a: Swampert|atk|1
|detailschange|p2a: Swampert|Swampert-Mega, F
|message|Swampert has Mega Evolved into Mega Swampert!
|move|p2a: Swampert|Waterfall|p1a: UBER
|-resisted|p1a: UBER
|-damage|p1a: UBER|326\/391
|
|turn|4
|
|switch|p1a: NOT UBER|Wobbuffet, F, shiny|529\/529
|move|p2a: Swampert|Ice Punch|p1a: NOT UBER
|-crit|p1a: NOT UBER
|-damage|p1a: NOT UBER|366\/529
|
|turn|5
|
|move|p2a: Swampert|Earthquake|p1a: NOT UBER
|-damage|p1a: NOT UBER|218\/529
|-enditem|p1a: NOT UBER|Sitrus Berry|[eat]
|-heal|p1a: NOT UBER|350\/529|[from] item: Sitrus Berry
|move|p1a: NOT UBER|Counter|p2a: Swampert
|-damage|p2a: Swampert|45\/341
|
|turn|6
|
|move|p2a: Swampert|Earthquake|p1a: NOT UBER
|-damage|p1a: NOT UBER|209\/529
|move|p1a: NOT UBER|Counter|p2a: Swampert
|-damage|p2a: Swampert|0 fnt
|faint|p2a: Swampert
|
|
|switch|p2a: Greninja|Greninja, M|285\/285
|turn|7
|
|move|p2a: Greninja|U-turn|p1a: NOT UBER
|-start|p2a: Greninja|typechange|Bug|[from] Protean
|-supereffective|p1a: NOT UBER
|-damage|p1a: NOT UBER|41\/529
|
|switch|p2a: Politoed|Politoed, M|384\/384
|-weather|RainDance
|move|p1a: NOT UBER|Counter|p2a: Politoed
|-damage|p2a: Politoed|48\/384
|
|-weather|RainDance|[upkeep]
|turn|8
|
|move|p2a: Politoed|Scald|p1a: NOT UBER
|-damage|p1a: NOT UBER|0 fnt
|faint|p1a: NOT UBER
|
|-weather|RainDance|[upkeep]
|
|switch|p1a: NOT UBER|Dugtrio, M|212\/212
|turn|9
|
|move|p1a: NOT UBER|Stealth Rock|p2a: Politoed
|-sidestart|p2: swaggyc__25|move: Stealth Rock
|move|p2a: Politoed|Scald|p1a: NOT UBER
|-supereffective|p1a: NOT UBER
|-enditem|p1a: NOT UBER|Focus Sash
|-damage|p1a: NOT UBER|1\/212
|
|-weather|RainDance|[upkeep]
|turn|10
|
|switch|p1a: FUCK STALL|Gothitelle, F|301\/301
|move|p2a: Politoed|Scald|p1a: FUCK STALL
|-damage|p1a: FUCK STALL|178\/301
|-status|p1a: FUCK STALL|brn
|
|-weather|RainDance|[upkeep]
|-damage|p1a: FUCK STALL|141\/301 brn|[from] brn
|turn|11
|
|move|p1a: FUCK STALL|Rest|p1a: FUCK STALL
|-status|p1a: FUCK STALL|slp
|-heal|p1a: FUCK STALL|301\/301 slp|[silent]
|-status|p1a: FUCK STALL|slp|[from] move: Rest
|move|p2a: Politoed|Encore|p1a: FUCK STALL
|-start|p1a: FUCK STALL|Encore
|
|-weather|RainDance|[upkeep]
|turn|12
|
|cant|p1a: FUCK STALL|slp
|move|p2a: Politoed|Scald|p1a: FUCK STALL
|-damage|p1a: FUCK STALL|184\/301 slp
|
|-weather|RainDance|[upkeep]
|turn|13
|
|cant|p1a: FUCK STALL|slp
|move|p2a: Politoed|Scald|p1a: FUCK STALL
|-damage|p1a: FUCK STALL|72\/301 slp
|
|-weather|RainDance|[upkeep]
|turn|14
|
|switch|p1a: NOT UBER|Dugtrio, M|1\/212
|move|p2a: Politoed|Scald|p1a: NOT UBER
|-supereffective|p1a: NOT UBER
|-damage|p1a: NOT UBER|0 fnt
|faint|p1a: NOT UBER
|
|-weather|none
|
|switch|p1a: FUCK STALL|Gothitelle, F|72\/301 slp
|turn|15
|
|-curestatus|p1a: FUCK STALL|slp
|move|p1a: FUCK STALL|Thunderbolt|p2a: Politoed
|-supereffective|p2a: Politoed
|-damage|p2a: Politoed|0 fnt
|faint|p2a: Politoed
|
|
|switch|p2a: Ferrothorn|Ferrothorn, M|352\/352
|-damage|p2a: Ferrothorn|330\/352|[from] Stealth Rock
|turn|16
|
|switch|p1a: NOT UBER|Magnezone|313\/313
|-item|p1a: NOT UBER|Air Balloon
|move|p2a: Ferrothorn|Stealth Rock|p1a: NOT UBER
|-sidestart|p1: Patodragon.v30|move: Stealth Rock
|
|turn|17
|
|move|p1a: NOT UBER|Hidden Power|p2a: Ferrothorn
|-supereffective|p2a: Ferrothorn
|-damage|p2a: Ferrothorn|130\/352
|move|p2a: Ferrothorn|Leech Seed|p1a: NOT UBER|[miss]
|-miss|p2a: Ferrothorn|p1a: NOT UBER
|
|turn|18
|
|switch|p2a: Gothitelle|Gothitelle, M|301\/301
|-damage|p2a: Gothitelle|264\/301|[from] Stealth Rock
|move|p1a: NOT UBER|Hidden Power|p2a: Gothitelle
|-damage|p2a: Gothitelle|195\/301
|
|turn|19
|
|move|p2a: Gothitelle|Trick|p1a: NOT UBER
|-activate|p2a: Gothitelle|move: Trick|[of] p1a: NOT UBER
|-item|p1a: NOT UBER|Choice Scarf|[from] move: Trick
|-item|p2a: Gothitelle|Air Balloon
|-item|p2a: Gothitelle|Air Balloon|[from] move: Trick
|move|p1a: NOT UBER|Thunderbolt|p2a: Gothitelle
|-damage|p2a: Gothitelle|32\/301
|-enditem|p2a: Gothitelle|Air Balloon
|
|turn|20
|
|move|p1a: NOT UBER|Thunderbolt|p2a: Gothitelle
|-damage|p2a: Gothitelle|0 fnt
|faint|p2a: Gothitelle
|
|
|switch|p2a: Ferrothorn|Ferrothorn, M|130\/352
|-damage|p2a: Ferrothorn|108\/352|[from] Stealth Rock
|turn|21
|
|switch|p1a: FUCK STALL|Gothitelle, F|72\/301
|-damage|p1a: FUCK STALL|35\/301|[from] Stealth Rock
|move|p2a: Ferrothorn|Leech Seed|p1a: FUCK STALL
|-start|p1a: FUCK STALL|move: Leech Seed
|
|-damage|p1a: FUCK STALL|0 fnt|[from] Leech Seed|[of] p2a: Ferrothorn
|-heal|p2a: Ferrothorn|143\/352|[silent]
|faint|p1a: FUCK STALL
|
|switch|p1a: UBER|Salamence, F|326\/391
|-damage|p1a: UBER|229\/391|[from] Stealth Rock
|-ability|p1a: UBER|Intimidate|[of] p2a: Ferrothorn
|-unboost|p2a: Ferrothorn|atk|1
|turn|22
|
|detailschange|p1a: UBER|Salamence-Mega, F
|message|Salamence has Mega Evolved into Mega Salamence!
|move|p1a: UBER|Dragon Dance|p1a: UBER
|-boost|p1a: UBER|atk|1
|-boost|p1a: UBER|spe|1
|move|p2a: Ferrothorn|Gyro Ball|p1a: UBER
|-damage|p1a: UBER|147\/391
|
|turn|23
|
|move|p1a: UBER|Dragon Dance|p1a: UBER
|-boost|p1a: UBER|atk|1
|-boost|p1a: UBER|spe|1
|move|p2a: Ferrothorn|Thunder Wave|p1a: UBER
|-status|p1a: UBER|par
|
|turn|24
|
|move|p1a: UBER|Refresh|p1a: UBER
|-curestatus|p1a: UBER|par
|move|p2a: Ferrothorn|Gyro Ball|p1a: UBER
|-damage|p1a: UBER|72\/391
|
|turn|25
|
|move|p1a: UBER|Roost|p1a: UBER
|-heal|p1a: UBER|268\/391
|move|p2a: Ferrothorn|Gyro Ball|p1a: UBER
|-damage|p1a: UBER|189\/391
|
|turn|26
|
|move|p1a: UBER|Dragon Dance|p1a: UBER
|-boost|p1a: UBER|atk|1
|-boost|p1a: UBER|spe|1
|move|p2a: Ferrothorn|Thunder Wave|p1a: UBER
|-status|p1a: UBER|par
|
|turn|27
|
|cant|p1a: UBER|par
|move|p2a: Ferrothorn|Gyro Ball|p1a: UBER
|-damage|p1a: UBER|126\/391 par
|
|turn|28
|
|move|p1a: UBER|Refresh|p1a: UBER
|-curestatus|p1a: UBER|par
|move|p2a: Ferrothorn|Gyro Ball|p1a: UBER
|-damage|p1a: UBER|48\/391
|
|turn|29
|
|move|p1a: UBER|Roost|p1a: UBER
|-heal|p1a: UBER|244\/391
|move|p2a: Ferrothorn|Thunder Wave|p1a: UBER
|-status|p1a: UBER|par
|
|turn|30
|
|move|p1a: UBER|Refresh|p1a: UBER
|-curestatus|p1a: UBER|par
|move|p2a: Ferrothorn|Leech Seed|p1a: UBER
|-start|p1a: UBER|move: Leech Seed
|
|-damage|p1a: UBER|196\/391|[from] Leech Seed|[of] p2a: Ferrothorn
|-heal|p2a: Ferrothorn|191\/352|[silent]
|turn|31
|
|move|p1a: UBER|Frustration|p2a: Ferrothorn
|-damage|p2a: Ferrothorn|0 fnt
|-damage|p1a: UBER|148\/391|[from] ability: Iron Barbs|[of] p2a: Ferrothorn
|faint|p2a: Ferrothorn
|
|-message|swaggyc__25 forfeited.
|
|win|Patodragon.v30
|raw|Ladder updating...
|leave|swaggyc__25
|player|p2
|raw|Patodragon.v30's rating: 1560 &rarr; <strong>1577<\/strong><br \/>(+17 for winning)
|raw|swaggyc__25's rating: 1508 &rarr; <strong>1491<\/strong><br \/>(-17 for losing)