|join|Snippyro
|join|swaggyc__25
|player|p1|Snippyro|101
|player|p2|swaggyc__25|147
|gametype|singles
|gen|6
|tier|ORAS OU
|rated
|rule|Sleep Clause Mod: Limit one foe put to sleep
|rule|Species Clause: Limit one of each PokÃ©mon
|rule|OHKO Clause: OHKO moves are banned
|rule|Moody Clause: Moody is banned
|rule|Evasion Moves Clause: Evasion moves are banned
|rule|Endless Battle Clause: Forcing endless battles is banned
|rule|HP Percentage Mod: HP is shown in percentages
|clearpoke
|poke|p1|Exploud, M
|poke|p1|Cloyster, M, shiny
|poke|p1|Darmanitan, M
|poke|p1|Landorus, M
|poke|p1|Dragonite, M, shiny
|poke|p1|Ferrothorn, F
|poke|p2|Politoed, M
|poke|p2|Ferrothorn, M
|poke|p2|Kabutops, F
|poke|p2|Gothitelle, F
|poke|p2|Greninja, M
|poke|p2|Swampert, F
|rule|Swagger Clause: Swagger is banned
|rule|Baton Pass Clause: Limit one PokÃ©mon knowing Baton Pass
|teampreview
|c|âSnippyro|GL :(
|c|âSnippyro|:) *
|c|âswaggyc__25|u2
|
|start
|switch|p1a: Blueberry|Cloyster, M, shiny|241\/241
|switch|p2a: Greninja|Greninja, M|285\/285
|turn|1
|c|âSnippyro|lol misclick of the year
|
|switch|p1a: Shrubbery|Ferrothorn, F|352\/352
|move|p2a: Greninja|U-turn|p1a: Shrubbery
|-start|p2a: Greninja|typechange|Bug|[from] Protean
|-damage|p1a: Shrubbery|304\/352
|-damage|p2a: Greninja|250\/285|[from] ability: Iron Barbs|[of] p1a: Shrubbery
|-damage|p2a: Greninja|203\/285|[from] item: Rocky Helmet|[of] p1a: Shrubbery
|
|switch|p2a: Gothitelle|Gothitelle, F|301\/301
|
|turn|2
|
|move|p2a: Gothitelle|Trick|p1a: Shrubbery
|-activate|p2a: Gothitelle|move: Trick|[of] p1a: Shrubbery
|-item|p1a: Shrubbery|Choice Scarf|[from] move: Trick
|-item|p2a: Gothitelle|Rocky Helmet|[from] move: Trick
|move|p1a: Shrubbery|Leech Seed|p2a: Gothitelle
|-start|p2a: Gothitelle|move: Leech Seed
|
|-damage|p2a: Gothitelle|264\/301|[from] Leech Seed|[of] p1a: Shrubbery
|-heal|p1a: Shrubbery|341\/352|[silent]
|turn|3
|
|switch|p2a: Ferrothorn|Ferrothorn, M|352\/352
|move|p1a: Shrubbery|Leech Seed|p2a: Ferrothorn
|-immune|p2a: Ferrothorn|[msg]
|
|turn|4
|
|switch|p1a: Kryptonite|Dragonite, M, shiny|329\/329
|move|p2a: Ferrothorn|Stealth Rock|p1a: Kryptonite
|-sidestart|p1: Snippyro|move: Stealth Rock
|
|turn|5
|
|move|p1a: Kryptonite|Dragon Dance|p1a: Kryptonite
|-boost|p1a: Kryptonite|atk|1
|-boost|p1a: Kryptonite|spe|1
|move|p2a: Ferrothorn|Thunder Wave|p1a: Kryptonite
|-status|p1a: Kryptonite|par
|
|turn|6
|
|cant|p1a: Kryptonite|par
|move|p2a: Ferrothorn|Leech Seed|p1a: Kryptonite
|-start|p1a: Kryptonite|move: Leech Seed
|
|-damage|p1a: Kryptonite|288\/329 par|[from] Leech Seed|[of] p2a: Ferrothorn
|turn|7
|
|switch|p2a: Politoed|Politoed, M|384\/384
|-weather|RainDance
|cant|p1a: Kryptonite|par
|
|-weather|RainDance|[upkeep]
|-damage|p1a: Kryptonite|247\/329 par|[from] Leech Seed|[of] p2a: Politoed
|turn|8
|
|move|p2a: Politoed|Encore|p1a: Kryptonite
|-start|p1a: Kryptonite|Encore
|move|p1a: Kryptonite|Dragon Dance|p1a: Kryptonite
|-boost|p1a: Kryptonite|atk|1
|-boost|p1a: Kryptonite|spe|1
|
|-weather|RainDance|[upkeep]
|-damage|p1a: Kryptonite|206\/329 par|[from] Leech Seed|[of] p2a: Politoed
|turn|9
|
|switch|p2a: Greninja|Greninja, M|203\/285
|move|p1a: Kryptonite|Dragon Dance|p1a: Kryptonite
|-boost|p1a: Kryptonite|atk|1
|-boost|p1a: Kryptonite|spe|1
|
|-weather|RainDance|[upkeep]
|-damage|p1a: Kryptonite|165\/329 par|[from] Leech Seed|[of] p2a: Greninja
|-heal|p2a: Greninja|244\/285|[silent]
|turn|10
|
|move|p2a: Greninja|Ice Beam|p1a: Kryptonite
|-start|p2a: Greninja|typechange|Ice|[from] Protean
|-supereffective|p1a: Kryptonite
|-damage|p1a: Kryptonite|0 fnt
|faint|p1a: Kryptonite
|
|-weather|RainDance|[upkeep]
|
|switch|p1a: BoomBeast|Exploud, M|349\/349
|-damage|p1a: BoomBeast|306\/349|[from] Stealth Rock
|turn|11
|
|switch|p2a: Ferrothorn|Ferrothorn, M|352\/352
|move|p1a: BoomBeast|Boomburst|p2a: Ferrothorn
|-resisted|p2a: Ferrothorn
|-damage|p2a: Ferrothorn|241\/352
|
|-weather|RainDance|[upkeep]
|turn|12
|
|move|p1a: BoomBeast|Boomburst|p2a: Ferrothorn
|-resisted|p2a: Ferrothorn
|-damage|p2a: Ferrothorn|128\/352
|move|p2a: Ferrothorn|Thunder Wave|p1a: BoomBeast
|-status|p1a: BoomBeast|par
|
|-weather|RainDance|[upkeep]
|turn|13
|
|cant|p1a: BoomBeast|par
|move|p2a: Ferrothorn|Leech Seed|p1a: BoomBeast
|-start|p1a: BoomBeast|move: Leech Seed
|
|-weather|RainDance|[upkeep]
|-damage|p1a: BoomBeast|263\/349 par|[from] Leech Seed|[of] p2a: Ferrothorn
|-heal|p2a: Ferrothorn|171\/352|[silent]
|turn|14
|
|switch|p1a: Terrible|Landorus, M|320\/320
|-damage|p1a: Terrible|280\/320|[from] Stealth Rock
|move|p2a: Ferrothorn|Leech Seed|p1a: Terrible
|-start|p1a: Terrible|move: Leech Seed
|
|-weather|none
|-damage|p1a: Terrible|240\/320|[from] Leech Seed|[of] p2a: Ferrothorn
|-heal|p2a: Ferrothorn|211\/352|[silent]
|turn|15
|
|switch|p2a: Gothitelle|Gothitelle, F|264\/301
|move|p1a: Terrible|Earth Power|p2a: Gothitelle
|-damage|p2a: Gothitelle|26\/301
|
|-damage|p1a: Terrible|200\/320|[from] Leech Seed|[of] p2a: Gothitelle
|-heal|p2a: Gothitelle|66\/301|[silent]
|turn|16
|
|move|p1a: Terrible|Earth Power|p2a: Gothitelle
|-damage|p2a: Gothitelle|0 fnt
|faint|p2a: Gothitelle
|
|
|switch|p2a: Politoed|Politoed, M|384\/384
|-weather|RainDance
|turn|17
|
|switch|p1a: BoomBeast|Exploud, M|263\/349 par
|-damage|p1a: BoomBeast|220\/349 par|[from] Stealth Rock
|move|p2a: Politoed|Scald|p1a: BoomBeast
|-damage|p1a: BoomBeast|84\/349 par
|
|-weather|RainDance|[upkeep]
|turn|18
|
|move|p2a: Politoed|Scald|p1a: BoomBeast
|-damage|p1a: BoomBeast|0 fnt
|faint|p1a: BoomBeast
|
|-weather|RainDance|[upkeep]
|
|switch|p1a: Shrubbery|Ferrothorn, F|341\/352
|-damage|p1a: Shrubbery|319\/352|[from] Stealth Rock
|turn|19
|
|switch|p2a: Ferrothorn|Ferrothorn, M|211\/352
|move|p1a: Shrubbery|Stealth Rock|p2a: Ferrothorn
|-sidestart|p2: swaggyc__25|move: Stealth Rock
|
|-weather|RainDance|[upkeep]
|turn|20
|
|move|p1a: Shrubbery|Stealth Rock|p2a: Ferrothorn
|-fail|p2a: Ferrothorn
|move|p2a: Ferrothorn|Leech Seed|p1a: Shrubbery
|-immune|p1a: Shrubbery|[msg]
|
|-weather|RainDance|[upkeep]
|turn|21
|
|switch|p1a: Terrible|Landorus, M|200\/320
|-damage|p1a: Terrible|160\/320|[from] Stealth Rock
|move|p2a: Ferrothorn|Thunder Wave|p1a: Terrible
|-immune|p1a: Terrible|[msg]
|
|-weather|RainDance|[upkeep]
|turn|22
|
|move|p1a: Terrible|Earth Power|p2a: Ferrothorn
|-damage|p2a: Ferrothorn|54\/352
|move|p2a: Ferrothorn|Leech Seed|p1a: Terrible|[miss]
|-miss|p2a: Ferrothorn|p1a: Terrible
|
|-weather|RainDance|[upkeep]
|turn|23
|
|move|p1a: Terrible|Earth Power|p2a: Ferrothorn
|-damage|p2a: Ferrothorn|0 fnt
|faint|p2a: Ferrothorn
|
|-weather|RainDance|[upkeep]
|
|switch|p2a: Greninja|Greninja, M|244\/285
|-damage|p2a: Greninja|209\/285|[from] Stealth Rock
|turn|24
|
|move|p2a: Greninja|U-turn|p1a: Terrible
|-start|p2a: Greninja|typechange|Bug|[from] Protean
|-resisted|p1a: Terrible
|-damage|p1a: Terrible|118\/320
|
|switch|p2a: Swampert|Swampert, F|341\/341
|-damage|p2a: Swampert|320\/341|[from] Stealth Rock
|move|p1a: Terrible|Earth Power|p2a: Swampert
|-damage|p2a: Swampert|69\/341
|
|-weather|none
|turn|25
|
|switch|p2a: Politoed|Politoed, M|384\/384
|-damage|p2a: Politoed|336\/384|[from] Stealth Rock
|-weather|RainDance
|move|p1a: Terrible|Earth Power|p2a: Politoed
|-damage|p2a: Politoed|93\/384
|
|-weather|RainDance|[upkeep]
|turn|26
|
|move|p1a: Terrible|Earth Power|p2a: Politoed
|-damage|p2a: Politoed|0 fnt
|faint|p2a: Politoed
|
|-weather|RainDance|[upkeep]
|
|switch|p2a: Kabutops|Kabutops, F|262\/262
|-damage|p2a: Kabutops|230\/262|[from] Stealth Rock
|turn|27
|
|move|p2a: Kabutops|Waterfall|p1a: Terrible
|-supereffective|p1a: Terrible
|-damage|p1a: Terrible|0 fnt
|-damage|p2a: Kabutops|204\/262|[from] item: Life Orb
|faint|p1a: Terrible
|
|-weather|RainDance|[upkeep]
|
|switch|p1a: Shrubbery|Ferrothorn, F|319\/352
|-damage|p1a: Shrubbery|297\/352|[from] Stealth Rock
|turn|28
|
|move|p2a: Kabutops|Low Kick|p1a: Shrubbery
|-supereffective|p1a: Shrubbery
|-damage|p1a: Shrubbery|110\/352
|-damage|p2a: Kabutops|172\/262|[from] ability: Iron Barbs|[of] p1a: Shrubbery
|-damage|p2a: Kabutops|146\/262|[from] item: Life Orb
|move|p1a: Shrubbery|Power Whip|p2a: Kabutops
|-supereffective|p2a: Kabutops
|-damage|p2a: Kabutops|0 fnt
|faint|p2a: Kabutops
|
|-weather|RainDance|[upkeep]
|
|switch|p2a: Swampert|Swampert, F|69\/341
|-damage|p2a: Swampert|48\/341|[from] Stealth Rock
|turn|29
|
|detailschange|p2a: Swampert|Swampert-Mega, F
|message|Swampert has Mega Evolved into Mega Swampert!
|move|p2a: Swampert|Earthquake|p1a: Shrubbery
|-damage|p1a: Shrubbery|0 fnt
|faint|p1a: Shrubbery
|
|-weather|RainDance|[upkeep]
|
|switch|p1a: Blueberry|Cloyster, M, shiny|241\/241
|-damage|p1a: Blueberry|181\/241|[from] Stealth Rock
|turn|30
|
|move|p2a: Swampert|Earthquake|p1a: Blueberry
|-damage|p1a: Blueberry|60\/241
|move|p1a: Blueberry|Shell Smash|p1a: Blueberry
|-boost|p1a: Blueberry|atk|2
|-boost|p1a: Blueberry|spa|2
|-boost|p1a: Blueberry|spe|2
|-unboost|p1a: Blueberry|def|1
|-unboost|p1a: Blueberry|spd|1
|
|-weather|RainDance|[upkeep]
|turn|31
|
|move|p1a: Blueberry|Icicle Spear|p2a: Swampert
|-damage|p2a: Swampert|0 fnt
|-hitcount|p2a: Swampert|1
|faint|p2a: Swampert
|
|-weather|RainDance|[upkeep]
|
|switch|p2a: Greninja|Greninja, M|209\/285
|-damage|p2a: Greninja|174\/285|[from] Stealth Rock
|turn|32
|
|move|p2a: Greninja|Hydro Pump|p1a: Blueberry
|-start|p2a: Greninja|typechange|Water|[from] Protean
|-resisted|p1a: Blueberry
|-damage|p1a: Blueberry|0 fnt
|faint|p1a: Blueberry
|
|-weather|none
|
|switch|p1a: Awesomonkey|Darmanitan, M|351\/351
|-damage|p1a: Awesomonkey|264\/351|[from] Stealth Rock
|turn|33
|c|âSnippyro|GG
|
|move|p2a: Greninja|Hydro Pump|p1a: Awesomonkey|[miss]
|-miss|p2a: Greninja|p1a: Awesomonkey
|move|p1a: Awesomonkey|Flare Blitz|p2a: Greninja
|-resisted|p2a: Greninja
|-damage|p2a: Greninja|0 fnt
|-damage|p1a: Awesomonkey|207\/351|[from] recoil|[of] p2a: Greninja
|faint|p2a: Greninja
|
|win|Snippyro
|raw|Ladder updating...
|raw|Snippyro's rating: 1471 &rarr; <strong>1488<\/strong><br \/>(+17 for winning)
|raw|swaggyc__25's rating: 1418 &rarr; <strong>1401<\/strong><br \/>(-17 for losing)
|c|âSnippyro|so close
|c|âswaggyc__25|i love this game