|join|dont know why
|join|swaggyc__25
|player|p1|dont know why|1
|player|p2|swaggyc__25|148
|gametype|singles
|gen|6
|tier|ORAS OU
|rated
|rule|Sleep Clause Mod: Limit one foe put to sleep
|rule|Species Clause: Limit one of each PokÃ©mon
|rule|OHKO Clause: OHKO moves are banned
|rule|Moody Clause: Moody is banned
|rule|Evasion Moves Clause: Evasion moves are banned
|rule|Endless Battle Clause: Forcing endless battles is banned
|rule|HP Percentage Mod: HP is shown in percentages
|clearpoke
|poke|p1|Salamence, M
|poke|p1|Ditto
|poke|p1|Heatran, F
|poke|p1|Slowbro, M
|poke|p1|Latios, M
|poke|p1|Breloom, F
|poke|p2|Politoed, M
|poke|p2|Bronzong
|poke|p2|Kabutops, M
|poke|p2|Gothitelle, F
|poke|p2|Noivern, F
|poke|p2|Swampert, M
|rule|Swagger Clause: Swagger is banned
|rule|Baton Pass Clause: Limit one PokÃ©mon knowing Baton Pass
|teampreview
|
|start
|switch|p1a: Breloom|Breloom, F|262\/262
|switch|p2a: Gothitelle|Gothitelle, F|301\/301
|turn|1
|
|move|p2a: Gothitelle|Trick|p1a: Breloom
|-activate|p2a: Gothitelle|move: Trick|[of] p1a: Breloom
|-item|p1a: Breloom|Choice Scarf|[from] move: Trick
|-item|p2a: Gothitelle|Focus Sash|[from] move: Trick
|move|p1a: Breloom|Bullet Seed|p2a: Gothitelle
|-damage|p2a: Gothitelle|222\/301
|-damage|p2a: Gothitelle|144\/301
|-hitcount|p2a: Gothitelle|2
|
|turn|2
|
|switch|p2a: Bronzong|Bronzong|338\/338
|move|p1a: Breloom|Bullet Seed|p2a: Bronzong
|-resisted|p2a: Bronzong
|-damage|p2a: Bronzong|306\/338
|-resisted|p2a: Bronzong
|-damage|p2a: Bronzong|273\/338
|-resisted|p2a: Bronzong
|-damage|p2a: Bronzong|239\/338
|-resisted|p2a: Bronzong
|-damage|p2a: Bronzong|207\/338
|-hitcount|p2a: Bronzong|4
|
|-heal|p2a: Bronzong|228\/338|[from] item: Leftovers
|turn|3
|
|switch|p1a: Heatran|Heatran, F|386\/386
|move|p2a: Bronzong|Stealth Rock|p1a: Heatran
|-sidestart|p1: dont know why|move: Stealth Rock
|
|-heal|p2a: Bronzong|249\/338|[from] item: Leftovers
|turn|4
|
|switch|p2a: Politoed|Politoed, M|384\/384
|-weather|RainDance
|move|p1a: Heatran|Stealth Rock|p2a: Politoed
|-sidestart|p2: swaggyc__25|move: Stealth Rock
|
|-weather|RainDance|[upkeep]
|turn|5
|join|just a fren
|
|switch|p1a: Latios|Latios, M|302\/302
|-damage|p1a: Latios|265\/302|[from] Stealth Rock
|move|p2a: Politoed|Scald|p1a: Latios
|-resisted|p1a: Latios
|-damage|p1a: Latios|207\/302
|
|-weather|RainDance|[upkeep]
|turn|6
|
|switch|p2a: Bronzong|Bronzong|249\/338
|-damage|p2a: Bronzong|228\/338|[from] Stealth Rock
|move|p1a: Latios|Defog|p2a: Bronzong
|-unboost|p2a: Bronzong|evasion|1
|-sideend|p2: swaggyc__25|Stealth Rock|[from] move: Defog|[of] p2a: Bronzong
|-sideend|p1: dont know why|Stealth Rock|[from] move: Defog|[of] p1a: Latios
|
|-weather|RainDance|[upkeep]
|-heal|p2a: Bronzong|249\/338|[from] item: Leftovers
|turn|7
|
|move|p1a: Latios|Surf|p2a: Bronzong
|-damage|p2a: Bronzong|143\/338
|move|p2a: Bronzong|Stealth Rock|p1a: Latios
|-sidestart|p1: dont know why|move: Stealth Rock
|
|-weather|RainDance|[upkeep]
|-heal|p2a: Bronzong|164\/338|[from] item: Leftovers
|turn|8
|
|move|p1a: Latios|Surf|p2a: Bronzong
|-damage|p2a: Bronzong|63\/338
|move|p2a: Bronzong|Gyro Ball|p1a: Latios
|-damage|p1a: Latios|27\/302
|
|-weather|RainDance|[upkeep]
|-heal|p2a: Bronzong|84\/338|[from] item: Leftovers
|turn|9
|
|move|p1a: Latios|Defog|p2a: Bronzong
|-unboost|p2a: Bronzong|evasion|1
|-sideend|p1: dont know why|Stealth Rock|[from] move: Defog|[of] p1a: Latios
|move|p2a: Bronzong|Stealth Rock|p1a: Latios
|-sidestart|p1: dont know why|move: Stealth Rock
|
|-weather|RainDance|[upkeep]
|-heal|p2a: Bronzong|105\/338|[from] item: Leftovers
|turn|10
|
|move|p1a: Latios|Draco Meteor|p2a: Bronzong
|-resisted|p2a: Bronzong
|-damage|p2a: Bronzong|30\/338
|-unboost|p1a: Latios|spa|2
|move|p2a: Bronzong|Gyro Ball|p1a: Latios
|-damage|p1a: Latios|0 fnt
|faint|p1a: Latios
|
|-weather|RainDance|[upkeep]
|-heal|p2a: Bronzong|51\/338|[from] item: Leftovers
|
|switch|p1a: Heatran|Heatran, F|386\/386
|-damage|p1a: Heatran|338\/386|[from] Stealth Rock
|turn|11
|
|switch|p2a: Swampert|Swampert, M|349\/349
|move|p1a: Heatran|Stealth Rock|p2a: Swampert
|-sidestart|p2: swaggyc__25|move: Stealth Rock
|
|-weather|none
|-heal|p1a: Heatran|362\/386|[from] item: Leftovers
|turn|12
|
|switch|p2a: Gothitelle|Gothitelle, F|144\/301
|-damage|p2a: Gothitelle|107\/301|[from] Stealth Rock
|switch|p1a: Slowbro|Slowbro, M|394\/394
|-damage|p1a: Slowbro|345\/394|[from] Stealth Rock
|
|-heal|p1a: Slowbro|369\/394|[from] item: Leftovers
|turn|13
|
|move|p2a: Gothitelle|Thunderbolt|p1a: Slowbro
|-supereffective|p1a: Slowbro
|-damage|p1a: Slowbro|161\/394
|move|p1a: Slowbro|Scald|p2a: Gothitelle
|-damage|p2a: Gothitelle|14\/301
|-status|p2a: Gothitelle|brn
|
|-heal|p1a: Slowbro|185\/394|[from] item: Leftovers
|-damage|p2a: Gothitelle|0 fnt|[from] brn
|faint|p2a: Gothitelle
|
|switch|p2a: Noivern|Noivern, F|311\/311
|-damage|p2a: Noivern|234\/311|[from] Stealth Rock
|turn|14
|
|switch|p1a: Heatran|Heatran, F|362\/386
|-damage|p1a: Heatran|314\/386|[from] Stealth Rock
|move|p2a: Noivern|U-turn|p1a: Heatran
|-resisted|p1a: Heatran
|-damage|p1a: Heatran|304\/386
|
|switch|p2a: Politoed|Politoed, M|384\/384
|-damage|p2a: Politoed|336\/384|[from] Stealth Rock
|-weather|RainDance
|
|-weather|RainDance|[upkeep]
|-heal|p1a: Heatran|328\/386|[from] item: Leftovers
|turn|15
|
|move|p1a: Heatran|Toxic|p2a: Politoed
|-status|p2a: Politoed|tox
|move|p2a: Politoed|Scald|p1a: Heatran
|-supereffective|p1a: Heatran
|-damage|p1a: Heatran|152\/386
|
|-weather|RainDance|[upkeep]
|-heal|p1a: Heatran|176\/386|[from] item: Leftovers
|-damage|p2a: Politoed|312\/384 tox|[from] psn
|turn|16
|
|switch|p1a: Slowbro|Slowbro, M|316\/394
|-damage|p1a: Slowbro|267\/394|[from] Stealth Rock
|move|p2a: Politoed|Toxic|p1a: Slowbro
|-status|p1a: Slowbro|tox
|
|-weather|RainDance|[upkeep]
|-heal|p1a: Slowbro|291\/394 tox|[from] item: Leftovers
|-damage|p2a: Politoed|264\/384 tox|[from] psn
|-damage|p1a: Slowbro|267\/394 tox|[from] psn
|turn|17
|
|switch|p1a: Breloom|Breloom, F|262\/262
|-damage|p1a: Breloom|246\/262|[from] Stealth Rock
|move|p2a: Politoed|Encore|p1a: Breloom
|-fail|p1a: Breloom
|
|-weather|RainDance|[upkeep]
|-damage|p2a: Politoed|192\/384 tox|[from] psn
|turn|18
|
|switch|p2a: Bronzong|Bronzong|51\/338
|-damage|p2a: Bronzong|30\/338|[from] Stealth Rock
|move|p1a: Breloom|Bullet Seed|p2a: Bronzong
|-resisted|p2a: Bronzong
|-damage|p2a: Bronzong|0 fnt
|-hitcount|p2a: Bronzong|1
|faint|p2a: Bronzong
|
|-weather|RainDance|[upkeep]
|
|switch|p2a: Noivern|Noivern, F|234\/311
|-damage|p2a: Noivern|157\/311|[from] Stealth Rock
|turn|19
|
|switch|p1a: Heatran|Heatran, F|176\/386
|-damage|p1a: Heatran|128\/386|[from] Stealth Rock
|move|p2a: Noivern|Focus Blast|p1a: Heatran|[miss]
|-miss|p2a: Noivern|p1a: Heatran
|
|-weather|RainDance|[upkeep]
|-heal|p1a: Heatran|152\/386|[from] item: Leftovers
|turn|20
|
|switch|p1a: Ditto|Ditto|300\/300
|-damage|p1a: Ditto|263\/300|[from] Stealth Rock
|-transform|p1a: Ditto|p2a: Noivern
|move|p2a: Noivern|Focus Blast|p1a: Ditto
|-resisted|p1a: Ditto
|-damage|p1a: Ditto|153\/300
|-unboost|p1a: Ditto|spd|1
|
|-weather|RainDance|[upkeep]
|turn|21
|
|move|p1a: Ditto|U-turn|p2a: Noivern
|-resisted|p2a: Noivern
|-damage|p2a: Noivern|128\/311
|
|switch|p1a: Heatran|Heatran, F|152\/386
|-damage|p1a: Heatran|104\/386|[from] Stealth Rock
|move|p2a: Noivern|Focus Blast|p1a: Heatran
|-supereffective|p1a: Heatran
|-damage|p1a: Heatran|0 fnt
|faint|p1a: Heatran
|
|-weather|none
|
|switch|p1a: Ditto|Ditto|153\/300
|-damage|p1a: Ditto|116\/300|[from] Stealth Rock
|-transform|p1a: Ditto|p2a: Noivern
|turn|22
|
|switch|p2a: Politoed|Politoed, M|192\/384 tox
|-damage|p2a: Politoed|144\/384 tox|[from] Stealth Rock
|-weather|RainDance
|move|p1a: Ditto|Draco Meteor|p2a: Politoed
|-damage|p2a: Politoed|0 fnt
|-unboost|p1a: Ditto|spa|2
|faint|p2a: Politoed
|
|-weather|RainDance|[upkeep]
|
|switch|p2a: Noivern|Noivern, F|128\/311
|-damage|p2a: Noivern|51\/311|[from] Stealth Rock
|turn|23
|
|move|p1a: Ditto|Draco Meteor|p2a: Noivern
|-supereffective|p2a: Noivern
|-damage|p2a: Noivern|0 fnt
|-unboost|p1a: Ditto|spa|2
|faint|p2a: Noivern
|
|-weather|RainDance|[upkeep]
|
|switch|p2a: Swampert|Swampert, M|349\/349
|-damage|p2a: Swampert|328\/349|[from] Stealth Rock
|turn|24
|
|switch|p1a: Slowbro|Slowbro, M|394\/394 tox
|-damage|p1a: Slowbro|345\/394 tox|[from] Stealth Rock
|detailschange|p2a: Swampert|Swampert-Mega, M
|message|Swampert has Mega Evolved into Mega Swampert!
|move|p2a: Swampert|Earthquake|p1a: Slowbro
|-damage|p1a: Slowbro|204\/394 tox
|
|-weather|RainDance|[upkeep]
|-heal|p1a: Slowbro|228\/394 tox|[from] item: Leftovers
|-damage|p1a: Slowbro|204\/394 tox|[from] psn
|turn|25
|
|move|p2a: Swampert|Earthquake|p1a: Slowbro
|-damage|p1a: Slowbro|51\/394 tox
|move|p1a: Slowbro|Scald|p2a: Swampert
|-damage|p2a: Swampert|199\/349
|
|-weather|RainDance|[upkeep]
|-heal|p1a: Slowbro|75\/394 tox|[from] item: Leftovers
|-damage|p1a: Slowbro|27\/394 tox|[from] psn
|turn|26
|
|switch|p1a: Salamence|Salamence, M|331\/331
|-damage|p1a: Salamence|249\/331|[from] Stealth Rock
|-ability|p1a: Salamence|Intimidate|[of] p2a: Swampert
|-unboost|p2a: Swampert|atk|1
|move|p2a: Swampert|Ice Punch|p1a: Salamence
|-supereffective|p1a: Salamence
|-damage|p1a: Salamence|0 fnt
|faint|p1a: Salamence
|
|-weather|RainDance|[upkeep]
|
|switch|p1a: Slowbro|Slowbro, M|158\/394 tox
|-damage|p1a: Slowbro|109\/394 tox|[from] Stealth Rock
|turn|27
|
|move|p2a: Swampert|Earthquake|p1a: Slowbro
|-damage|p1a: Slowbro|6\/394 tox
|move|p1a: Slowbro|Slack Off|p1a: Slowbro
|-heal|p1a: Slowbro|203\/394 tox
|
|-weather|RainDance|[upkeep]
|-heal|p1a: Slowbro|227\/394 tox|[from] item: Leftovers
|-damage|p1a: Slowbro|203\/394 tox|[from] psn
|turn|28
|
|move|p2a: Swampert|Earthquake|p1a: Slowbro
|-damage|p1a: Slowbro|109\/394 tox
|move|p1a: Slowbro|Slack Off|p1a: Slowbro
|-heal|p1a: Slowbro|306\/394 tox
|
|-weather|RainDance|[upkeep]
|-heal|p1a: Slowbro|330\/394 tox|[from] item: Leftovers
|-damage|p1a: Slowbro|282\/394 tox|[from] psn
|turn|29
|
|move|p2a: Swampert|Earthquake|p1a: Slowbro
|-damage|p1a: Slowbro|180\/394 tox
|move|p1a: Slowbro|Scald|p2a: Swampert
|-damage|p2a: Swampert|60\/349
|
|-weather|none
|-heal|p1a: Slowbro|204\/394 tox|[from] item: Leftovers
|-damage|p1a: Slowbro|132\/394 tox|[from] psn
|turn|30
|
|switch|p1a: Ditto|Ditto|116\/300
|-damage|p1a: Ditto|79\/300|[from] Stealth Rock
|-transform|p1a: Ditto|p2a: Swampert
|move|p2a: Swampert|Earthquake|p1a: Ditto
|-damage|p1a: Ditto|0 fnt
|faint|p1a: Ditto
|
|
|switch|p1a: Breloom|Breloom, F|246\/262
|-damage|p1a: Breloom|230\/262|[from] Stealth Rock
|turn|31
|
|move|p1a: Breloom|Bullet Seed|p2a: Swampert
|-supereffective|p2a: Swampert
|-damage|p2a: Swampert|0 fnt
|-hitcount|p2a: Swampert|1
|faint|p2a: Swampert
|
|c|âswaggyc__25|gg
|
|switch|p2a: Kabutops|Kabutops, M|261\/261
|-damage|p2a: Kabutops|229\/261|[from] Stealth Rock
|turn|32
|
|move|p2a: Kabutops|Aqua Jet|p1a: Breloom
|-resisted|p1a: Breloom
|-damage|p1a: Breloom|179\/262
|-damage|p2a: Kabutops|203\/261|[from] item: Life Orb
|move|p1a: Breloom|Bullet Seed|p2a: Kabutops
|-supereffective|p2a: Kabutops
|-damage|p2a: Kabutops|0 fnt
|-hitcount|p2a: Kabutops|1
|faint|p2a: Kabutops
|
|win|dont know why
|raw|Ladder updating...
|raw|dont know why's rating: 1347 &rarr; <strong>1371<\/strong><br \/>(+24 for winning)
|raw|swaggyc__25's rating: 1422 &rarr; <strong>1398<\/strong><br \/>(-24 for losing)
|leave|swaggyc__25
|player|p2
|leave|just a fren
|leave|dont know why
|player|p1
|join|dont know why