|join|plaid02
|join|swaggyc__25
|player|p1|plaid02|102
|player|p2|swaggyc__25|164
|gametype|singles
|gen|6
|tier|OU
|rated
|clearpoke
|poke|p1|Gallade, M, shiny
|poke|p1|Greninja, M, shiny
|poke|p1|Scizor, F
|poke|p1|Landorus-Therian, M
|poke|p1|Heatran, F
|poke|p1|Latios, M
|poke|p2|Sceptile, F
|poke|p2|Talonflame, F
|poke|p2|Rotom-Wash
|poke|p2|Hippowdon, M
|poke|p2|Starmie
|poke|p2|Scizor, M
|rule|Swagger Clause: Swagger is banned
|rule|Baton Pass Clause: Limit one PokÃ©mon knowing Baton Pass
|rule|Sleep Clause Mod: Limit one foe put to sleep
|rule|Species Clause: Limit one of each PokÃ©mon
|rule|OHKO Clause: OHKO moves are banned
|rule|Moody Clause: Moody is banned
|rule|Evasion Moves Clause: Evasion moves are banned
|rule|Endless Battle Clause: Forcing endless battles is banned
|rule|HP Percentage Mod: HP is shown in percentages
|teampreview
|leave|swaggyc__25
|player|p2
|join|swaggyc__25
|player|p2|swaggyc__25|164
|teampreview
|
|start
|switch|p1a: Latios|Latios, M|302\/302
|switch|p2a: Talonflame|Talonflame, F|297\/297
|turn|1
|
|switch|p1a: Heatran|Heatran, F|386\/386
|move|p2a: Talonflame|U-turn|p1a: Heatran
|-resisted|p1a: Heatran
|-damage|p1a: Heatran|361\/386
|
|switch|p2a: Hippowdon|Hippowdon, M|420\/420
|
|-heal|p1a: Heatran|385\/386|[from] item: Leftovers
|turn|2
|
|switch|p1a: Landorus-Therian|Landorus-Therian, M|382\/382
|-ability|p1a: Landorus-Therian|Intimidate|[of] p2a: Hippowdon
|-unboost|p2a: Hippowdon|atk|1
|move|p2a: Hippowdon|Stealth Rock|p1a: Landorus-Therian
|-sidestart|p1: plaid02|move: Stealth Rock
|
|turn|3
|
|move|p1a: Landorus-Therian|Stealth Rock|p2a: Hippowdon
|-sidestart|p2: swaggyc__25|move: Stealth Rock
|move|p2a: Hippowdon|Toxic|p1a: Landorus-Therian
|-status|p1a: Landorus-Therian|tox
|
|-damage|p1a: Landorus-Therian|359\/382 tox|[from] psn
|turn|4
|
|move|p1a: Landorus-Therian|U-turn|p2a: Hippowdon
|-damage|p2a: Hippowdon|369\/420
|
|switch|p1a: Latios|Latios, M|302\/302
|-damage|p1a: Latios|265\/302|[from] Stealth Rock
|move|p2a: Hippowdon|Roar|p1a: Latios
|drag|p1a: Greninja|Greninja, M, shiny|285\/285
|-damage|p1a: Greninja|250\/285|[from] Stealth Rock
|
|-heal|p2a: Hippowdon|395\/420|[from] item: Leftovers
|turn|5
|
|switch|p2a: Rotom-Wash|Rotom-Wash|293\/293
|-damage|p2a: Rotom-Wash|257\/293|[from] Stealth Rock
|move|p1a: Greninja|Gunk Shot|p2a: Rotom-Wash
|-start|p1a: Greninja|typechange|Poison|[from] Protean
|-damage|p2a: Rotom-Wash|82\/293
|-status|p2a: Rotom-Wash|psn
|-damage|p1a: Greninja|222\/285|[from] item: Life Orb
|
|-heal|p2a: Rotom-Wash|100\/293 psn|[from] item: Leftovers
|-damage|p2a: Rotom-Wash|64\/293 psn|[from] psn
|turn|6
|
|move|p1a: Greninja|Dark Pulse|p2a: Rotom-Wash
|-start|p1a: Greninja|typechange|Dark|[from] Protean
|-damage|p2a: Rotom-Wash|0 fnt
|-damage|p1a: Greninja|194\/285|[from] item: Life Orb
|faint|p2a: Rotom-Wash
|
|
|switch|p2a: Scizor|Scizor, M|344\/344
|-damage|p2a: Scizor|301\/344|[from] Stealth Rock
|turn|7
|
|switch|p1a: Landorus-Therian|Landorus-Therian, M|359\/382 tox
|-damage|p1a: Landorus-Therian|312\/382 tox|[from] Stealth Rock
|-ability|p1a: Landorus-Therian|Intimidate|[of] p2a: Scizor
|-unboost|p2a: Scizor|atk|1
|move|p2a: Scizor|U-turn|p1a: Landorus-Therian
|-resisted|p1a: Landorus-Therian
|-damage|p1a: Landorus-Therian|262\/382 tox
|
|switch|p2a: Sceptile|Sceptile, F|281\/281
|-damage|p2a: Sceptile|246\/281|[from] Stealth Rock
|
|-heal|p1a: Landorus-Therian|285\/382 tox|[from] item: Leftovers
|-damage|p1a: Landorus-Therian|262\/382 tox|[from] psn
|turn|8
|
|detailschange|p2a: Sceptile|Sceptile-Mega, F
|message|Sceptile has Mega Evolved into Mega Sceptile!
|move|p2a: Sceptile|Dragon Pulse|p1a: Landorus-Therian
|-crit|p1a: Landorus-Therian
|-damage|p1a: Landorus-Therian|0 fnt
|faint|p1a: Landorus-Therian
|
|
|switch|p1a: Scizor|Scizor, F|344\/344
|-damage|p1a: Scizor|301\/344|[from] Stealth Rock
|turn|9
|
|move|p1a: Scizor|Pursuit|p2a: Sceptile|[from]Pursuit
|-damage|p2a: Sceptile|34\/281
|switch|p2a: Scizor|Scizor, M|301\/344
|-damage|p2a: Scizor|258\/344|[from] Stealth Rock
|
|turn|10
|
|switch|p1a: Heatran|Heatran, F|385\/386
|-damage|p1a: Heatran|337\/386|[from] Stealth Rock
|move|p2a: Scizor|Superpower|p1a: Heatran
|-supereffective|p1a: Heatran
|-damage|p1a: Heatran|0 fnt
|-unboost|p2a: Scizor|atk|1
|-unboost|p2a: Scizor|def|1
|faint|p1a: Heatran
|
|
|switch|p1a: Gallade|Gallade, M, shiny|277\/277
|-damage|p1a: Gallade|260\/277|[from] Stealth Rock
|turn|11
|
|detailschange|p1a: Gallade|Gallade-Mega, M, shiny
|message|Gallade has Mega Evolved into Mega Gallade!
|move|p1a: Gallade|Knock Off|p2a: Scizor
|-damage|p2a: Scizor|52\/344
|-enditem|p2a: Scizor|Choice Band|[from] move: Knock Off|[of] p1a: Gallade
|move|p2a: Scizor|Superpower|p1a: Gallade
|-resisted|p1a: Gallade
|-damage|p1a: Gallade|203\/277
|-unboost|p2a: Scizor|atk|1
|-unboost|p2a: Scizor|def|1
|
|turn|12
|
|move|p1a: Gallade|Swords Dance|p1a: Gallade
|-boost|p1a: Gallade|atk|2
|move|p2a: Scizor|Superpower|p1a: Gallade
|-resisted|p1a: Gallade
|-damage|p1a: Gallade|159\/277
|-unboost|p2a: Scizor|atk|1
|-unboost|p2a: Scizor|def|1
|
|turn|13
|
|move|p1a: Gallade|Knock Off|p2a: Scizor
|-damage|p2a: Scizor|0 fnt
|faint|p2a: Scizor
|
|
|switch|p2a: Starmie|Starmie|261\/261
|-damage|p2a: Starmie|229\/261|[from] Stealth Rock
|turn|14
|
|move|p2a: Starmie|Rapid Spin|p1a: Gallade
|-damage|p1a: Gallade|143\/277
|-sideend|p2: swaggyc__25|Stealth Rock|[from] move: Rapid Spin|[of] p2a: Starmie
|-damage|p2a: Starmie|203\/261|[from] item: Life Orb
|move|p1a: Gallade|Knock Off|p2a: Starmie
|-supereffective|p2a: Starmie
|-damage|p2a: Starmie|0 fnt
|-enditem|p2a: Starmie|Life Orb|[from] move: Knock Off|[of] p1a: Gallade
|faint|p2a: Starmie
|
|leave|swaggyc__25
|player|p2
|join|swaggyc__25
|player|p2|swaggyc__25|164
|
|switch|p2a: Talonflame|Talonflame, F|297\/297
|turn|15
|
|move|p2a: Talonflame|Brave Bird|p1a: Gallade
|-supereffective|p1a: Gallade
|-damage|p1a: Gallade|0 fnt
|-damage|p2a: Talonflame|250\/297|[from] recoil|[of] p1a: Gallade
|faint|p1a: Gallade
|
|
|switch|p1a: Scizor|Scizor, F|301\/344
|-damage|p1a: Scizor|258\/344|[from] Stealth Rock
|turn|16
|
|move|p1a: Scizor|Pursuit|p2a: Talonflame|[from]Pursuit
|-damage|p2a: Talonflame|27\/297
|switch|p2a: Hippowdon|Hippowdon, M|395\/420
|
|-heal|p2a: Hippowdon|420\/420|[from] item: Leftovers
|turn|17
|
|switch|p1a: Latios|Latios, M|265\/302
|-damage|p1a: Latios|228\/302|[from] Stealth Rock
|move|p2a: Hippowdon|Roar|p1a: Latios
|drag|p1a: Scizor|Scizor, F|258\/344
|-damage|p1a: Scizor|215\/344|[from] Stealth Rock
|
|turn|18
|
|move|p1a: Scizor|Superpower|p2a: Hippowdon
|-damage|p2a: Hippowdon|269\/420
|-unboost|p1a: Scizor|atk|1
|-unboost|p1a: Scizor|def|1
|move|p2a: Hippowdon|Roar|p1a: Scizor
|drag|p1a: Greninja|Greninja, M, shiny|194\/285
|-damage|p1a: Greninja|159\/285|[from] Stealth Rock
|
|-heal|p2a: Hippowdon|295\/420|[from] item: Leftovers
|turn|19
|
|move|p1a: Greninja|Ice Beam|p2a: Hippowdon
|-start|p1a: Greninja|typechange|Ice|[from] Protean
|-supereffective|p2a: Hippowdon
|-damage|p2a: Hippowdon|0 fnt
|-damage|p1a: Greninja|131\/285|[from] item: Life Orb
|faint|p2a: Hippowdon
|
|
|switch|p2a: Sceptile|Sceptile-Mega, F|34\/281
|turn|20
|
|move|p2a: Sceptile|Focus Blast|p1a: Greninja
|-supereffective|p1a: Greninja
|-damage|p1a: Greninja|0 fnt
|faint|p1a: Greninja
|
|
|switch|p1a: Latios|Latios, M|228\/302
|-damage|p1a: Latios|191\/302|[from] Stealth Rock
|turn|21
|
|move|p1a: Latios|Psyshock|p2a: Sceptile
|-damage|p2a: Sceptile|0 fnt
|faint|p2a: Sceptile
|
|
|switch|p2a: Talonflame|Talonflame, F|27\/297
|turn|22
|
|move|p2a: Talonflame|Brave Bird|p1a: Latios
|-damage|p1a: Latios|0 fnt
|-damage|p2a: Talonflame|0 fnt|[from] recoil|[of] p1a: Latios
|faint|p1a: Latios
|faint|p2a: Talonflame
|
|win|plaid02
|raw|Ladder updating...