|join|salindy13
|join|swaggyc__25
|player|p1|salindy13|137
|player|p2|swaggyc__25|2
|gametype|singles
|gen|6
|tier|OU
|rated
|clearpoke
|poke|p1|Skarmory, M
|poke|p1|Aromatisse, F
|poke|p1|Celebi
|poke|p1|Starmie
|poke|p1|Charizard, M
|poke|p1|Lucario, M
|poke|p2|Heracross, M
|poke|p2|Garchomp, F
|poke|p2|Haxorus, M
|poke|p2|Rotom-Wash
|poke|p2|Scizor, M
|poke|p2|Clefable, F
|rule|Swagger Clause: Swagger is banned
|rule|Baton Pass Clause: Limit one PokÃ©mon knowing Baton Pass
|rule|Sleep Clause Mod: Limit one foe put to sleep
|rule|Species Clause: Limit one of each PokÃ©mon
|rule|OHKO Clause: OHKO moves are banned
|rule|Moody Clause: Moody is banned
|rule|Evasion Moves Clause: Evasion moves are banned
|rule|Endless Battle Clause: Forcing endless battles is banned
|rule|HP Percentage Mod: HP is shown in percentages
|teampreview
|
|start
|switch|p1a: Skarmory|Skarmory, M|334\/334
|switch|p2a: Rotom-Wash|Rotom-Wash|304\/304
|turn|1
|c|âswaggyc__25|gl
|c|âsalindy13|u2
|
|move|p2a: Rotom-Wash|Volt Switch|p1a: Skarmory
|-supereffective|p1a: Skarmory
|-damage|p1a: Skarmory|86\/334
|
|switch|p2a: Clefable|Clefable, F|394\/394
|move|p1a: Skarmory|Stealth Rock|p2a: Clefable
|-sidestart|p2: swaggyc__25|move: Stealth Rock
|
|-heal|p1a: Skarmory|106\/334|[from] item: Leftovers
|turn|2
|
|move|p1a: Skarmory|Roost|p1a: Skarmory
|-heal|p1a: Skarmory|273\/334
|move|p2a: Clefable|Fire Blast|p1a: Skarmory
|-supereffective|p1a: Skarmory
|-damage|p1a: Skarmory|63\/334
|
|-heal|p1a: Skarmory|83\/334|[from] item: Leftovers
|turn|3
|
|move|p1a: Skarmory|Roost|p1a: Skarmory
|-heal|p1a: Skarmory|250\/334
|move|p2a: Clefable|Calm Mind|p2a: Clefable
|-boost|p2a: Clefable|spa|1
|-boost|p2a: Clefable|spd|1
|
|-heal|p1a: Skarmory|270\/334|[from] item: Leftovers
|turn|4
|
|move|p2a: Clefable|Fire Blast|p1a: Skarmory
|-supereffective|p1a: Skarmory
|-damage|p1a: Skarmory|0 fnt
|faint|p1a: Skarmory
|
|
|switch|p1a: Lucario|Lucario, M|282\/282
|turn|5
|
|move|p1a: Lucario|Nasty Plot|p1a: Lucario
|-boost|p1a: Lucario|spa|2
|move|p2a: Clefable|Fire Blast|p1a: Lucario|[miss]
|-miss|p2a: Clefable|p1a: Lucario
|
|turn|6
|
|move|p1a: Lucario|Flash Cannon|p2a: Clefable
|-supereffective|p2a: Clefable
|-damage|p2a: Clefable|16\/394
|move|p2a: Clefable|Fire Blast|p1a: Lucario
|-supereffective|p1a: Lucario
|-enditem|p1a: Lucario|Focus Sash
|-damage|p1a: Lucario|1\/282
|
|-heal|p2a: Clefable|40\/394|[from] item: Leftovers
|turn|7
|
|move|p1a: Lucario|Aura Sphere|p2a: Clefable
|-resisted|p2a: Clefable
|-damage|p2a: Clefable|0 fnt
|faint|p2a: Clefable
|
|
|switch|p2a: Scizor|Scizor, M|344\/344
|-damage|p2a: Scizor|301\/344|[from] Stealth Rock
|turn|8
|
|move|p2a: Scizor|Bullet Punch|p1a: Lucario
|-resisted|p1a: Lucario
|-damage|p1a: Lucario|0 fnt
|faint|p1a: Lucario
|
|
|switch|p1a: Charizard|Charizard, M|298\/298
|turn|9
|
|switch|p2a: Rotom-Wash|Rotom-Wash|304\/304
|-damage|p2a: Rotom-Wash|266\/304|[from] Stealth Rock
|move|p1a: Charizard|Dragon Dance|p1a: Charizard
|-boost|p1a: Charizard|atk|1
|-boost|p1a: Charizard|spe|1
|
|-heal|p2a: Rotom-Wash|285\/304|[from] item: Leftovers
|turn|10
|
|detailschange|p1a: Charizard|Charizard-Mega-X, M
|message|Charizard has Mega Evolved into Mega Charizard!
|move|p1a: Charizard|Dragon Dance|p1a: Charizard
|-boost|p1a: Charizard|atk|1
|-boost|p1a: Charizard|spe|1
|move|p2a: Rotom-Wash|Hydro Pump|p1a: Charizard
|-damage|p1a: Charizard|153\/298
|
|-heal|p2a: Rotom-Wash|304\/304|[from] item: Leftovers
|turn|11
|
|move|p1a: Charizard|Dragon Claw|p2a: Rotom-Wash
|-damage|p2a: Rotom-Wash|0 fnt
|faint|p2a: Rotom-Wash
|
|
|switch|p2a: Heracross|Heracross, M|301\/301
|-damage|p2a: Heracross|264\/301|[from] Stealth Rock
|turn|12
|
|switch|p2a: Garchomp|Garchomp, F|357\/357
|-damage|p2a: Garchomp|335\/357|[from] Stealth Rock
|move|p1a: Charizard|Fire Punch|p2a: Garchomp
|-resisted|p2a: Garchomp
|-damage|p2a: Garchomp|124\/357
|-damage|p1a: Charizard|116\/298|[from] ability: Rough Skin|[of] p2a: Garchomp
|
|turn|13
|
|move|p1a: Charizard|Fire Punch|p2a: Garchomp
|-resisted|p2a: Garchomp
|-damage|p2a: Garchomp|0 fnt
|-damage|p1a: Charizard|79\/298|[from] ability: Rough Skin|[of] p2a: Garchomp
|faint|p2a: Garchomp
|
|
|switch|p2a: Scizor|Scizor, M|301\/344
|-damage|p2a: Scizor|258\/344|[from] Stealth Rock
|turn|14
|
|move|p2a: Scizor|Bullet Punch|p1a: Charizard
|-resisted|p1a: Charizard
|-damage|p1a: Charizard|1\/298
|move|p1a: Charizard|Fire Punch|p2a: Scizor
|-supereffective|p2a: Scizor
|-damage|p2a: Scizor|0 fnt
|faint|p2a: Scizor
|
|c|âswaggyc__25|gg
|-message|swaggyc__25 forfeited.
|
|win|salindy13
|raw|Ladder updating...
|c|âsalindy13|gg
|leave|swaggyc__25
|player|p2