|join|swaggyc__25
|join|Fh27
|player|p1|swaggyc__25|160
|player|p2|Fh27|166
|gametype|singles
|gen|6
|tier|OU
|rated
|clearpoke
|poke|p1|Politoed, M
|poke|p1|Ludicolo, M
|poke|p1|Kabutops, F
|poke|p1|Mamoswine, F
|poke|p1|Greninja, M
|poke|p1|Swampert, M
|poke|p2|Talonflame, M
|poke|p2|Celebi
|poke|p2|Bisharp, F
|poke|p2|Starmie
|poke|p2|Garchomp, F
|poke|p2|Clefable, M
|rule|Swagger Clause: Swagger is banned
|rule|Baton Pass Clause: Limit one PokÃ©mon knowing Baton Pass
|rule|Sleep Clause Mod: Limit one foe put to sleep
|rule|Species Clause: Limit one of each PokÃ©mon
|rule|OHKO Clause: OHKO moves are banned
|rule|Moody Clause: Moody is banned
|rule|Evasion Moves Clause: Evasion moves are banned
|rule|Endless Battle Clause: Forcing endless battles is banned
|rule|HP Percentage Mod: HP is shown in percentages
|teampreview
|join|firelove
|
|start
|switch|p1a: Greninja|Greninja, M|285\/285
|switch|p2a: Clefable|Clefable, M|394\/394
|turn|1
|leave|firelove
|
|switch|p2a: Bisharp|Bisharp, F|271\/271
|move|p1a: Greninja|U-turn|p2a: Bisharp
|-start|p1a: Greninja|typechange|Bug|[from] Protean
|-damage|p2a: Bisharp|192\/271
|
|switch|p1a: Mamoswine|Mamoswine, F|361\/361
|
|turn|2
|
|switch|p2a: Starmie|Starmie|324\/324
|move|p1a: Mamoswine|Earthquake|p2a: Starmie
|-damage|p2a: Starmie|128\/324
|
|-heal|p2a: Starmie|148\/324|[from] item: Leftovers
|turn|3
|
|move|p2a: Starmie|Scald|p1a: Mamoswine
|-supereffective|p1a: Mamoswine
|-damage|p1a: Mamoswine|55\/361
|move|p1a: Mamoswine|Earthquake|p2a: Starmie
|-damage|p2a: Starmie|0 fnt
|faint|p2a: Starmie
|
|
|switch|p2a: Talonflame|Talonflame, M|319\/319
|turn|4
|
|move|p2a: Talonflame|Brave Bird|p1a: Mamoswine
|-damage|p1a: Mamoswine|0 fnt
|-damage|p2a: Talonflame|301\/319|[from] recoil|[of] p1a: Mamoswine
|faint|p1a: Mamoswine
|
|
|switch|p1a: Politoed|Politoed, M|384\/384
|-weather|RainDance
|turn|5
|
|switch|p2a: Celebi|Celebi|404\/404
|move|p1a: Politoed|Scald|p2a: Celebi
|-resisted|p2a: Celebi
|-damage|p2a: Celebi|339\/404
|
|-weather|RainDance|[upkeep]
|-heal|p2a: Celebi|364\/404|[from] item: Leftovers
|turn|6
|
|switch|p1a: Ludicolo|Ludicolo, M|301\/301
|move|p2a: Celebi|Giga Drain|p1a: Ludicolo
|-crit|p1a: Ludicolo
|-damage|p1a: Ludicolo|171\/301
|-heal|p2a: Celebi|404\/404|[from] drain|[of] p1a: Ludicolo
|
|-weather|RainDance|[upkeep]
|turn|7
|
|switch|p2a: Talonflame|Talonflame, M|301\/319
|move|p1a: Ludicolo|Ice Beam|p2a: Talonflame
|-damage|p2a: Talonflame|135\/319
|-damage|p1a: Ludicolo|141\/301|[from] item: Life Orb
|
|-weather|RainDance|[upkeep]
|turn|8
|
|switch|p1a: Kabutops|Kabutops, F|261\/261
|move|p2a: Talonflame|Brave Bird|p1a: Kabutops
|-crit|p1a: Kabutops
|-resisted|p1a: Kabutops
|-damage|p1a: Kabutops|117\/261
|-damage|p2a: Talonflame|87\/319|[from] recoil|[of] p1a: Kabutops
|
|-weather|RainDance|[upkeep]
|turn|9
|
|switch|p2a: Garchomp|Garchomp, F|357\/357
|move|p1a: Kabutops|Waterfall|p2a: Garchomp
|-damage|p2a: Garchomp|83\/357
|-damage|p1a: Kabutops|85\/261|[from] ability: Rough Skin|[of] p2a: Garchomp
|-damage|p1a: Kabutops|59\/261|[from] item: Life Orb
|
|-weather|RainDance|[upkeep]
|turn|10
|
|move|p1a: Kabutops|Waterfall|p2a: Garchomp
|-damage|p2a: Garchomp|0 fnt
|-damage|p1a: Kabutops|27\/261|[from] ability: Rough Skin|[of] p2a: Garchomp
|-damage|p1a: Kabutops|1\/261|[from] item: Life Orb
|faint|p2a: Garchomp
|
|-weather|RainDance|[upkeep]
|
|switch|p2a: Talonflame|Talonflame, M|87\/319
|turn|11
|
|switch|p2a: Celebi|Celebi|404\/404
|move|p1a: Kabutops|Aqua Jet|p2a: Celebi
|-resisted|p2a: Celebi
|-damage|p2a: Celebi|352\/404
|-damage|p1a: Kabutops|0 fnt|[from] item: Life Orb
|faint|p1a: Kabutops
|
|-weather|RainDance|[upkeep]
|-heal|p2a: Celebi|377\/404|[from] item: Leftovers
|
|switch|p1a: Greninja|Greninja, M|285\/285
|turn|12
|
|switch|p2a: Bisharp|Bisharp, F|192\/271
|move|p1a: Greninja|U-turn|p2a: Bisharp
|-start|p1a: Greninja|typechange|Bug|[from] Protean
|-damage|p2a: Bisharp|119\/271
|
|switch|p1a: Swampert|Swampert, M|341\/341
|
|-weather|none
|turn|13
|
|switch|p2a: Celebi|Celebi|377\/404
|detailschange|p1a: Swampert|Swampert-Mega, M
|message|Swampert has Mega Evolved into Mega Swampert!
|move|p1a: Swampert|Waterfall|p2a: Celebi
|-resisted|p2a: Celebi
|-damage|p2a: Celebi|309\/404
|
|-heal|p2a: Celebi|334\/404|[from] item: Leftovers
|turn|14
|
|switch|p1a: Ludicolo|Ludicolo, M|141\/301
|move|p2a: Celebi|Giga Drain|p1a: Ludicolo
|-damage|p1a: Ludicolo|44\/301
|-heal|p2a: Celebi|383\/404|[from] drain|[of] p1a: Ludicolo
|
|-heal|p2a: Celebi|404\/404|[from] item: Leftovers
|turn|15
|
|move|p2a: Celebi|Giga Drain|p1a: Ludicolo
|-damage|p1a: Ludicolo|0 fnt
|faint|p1a: Ludicolo
|
|
|switch|p1a: Greninja|Greninja, M|285\/285
|turn|16
|
|switch|p2a: Clefable|Clefable, M|394\/394
|move|p1a: Greninja|U-turn|p2a: Clefable
|-start|p1a: Greninja|typechange|Bug|[from] Protean
|-resisted|p2a: Clefable
|-damage|p2a: Clefable|357\/394
|
|switch|p1a: Politoed|Politoed, M|384\/384
|-weather|RainDance
|
|-weather|RainDance|[upkeep]
|-heal|p2a: Clefable|381\/394|[from] item: Leftovers
|turn|17
|
|switch|p1a: Swampert|Swampert-Mega, M|341\/341
|move|p2a: Clefable|Moonblast|p1a: Swampert
|-damage|p1a: Swampert|247\/341
|-unboost|p1a: Swampert|spa|1
|
|-weather|RainDance|[upkeep]
|-heal|p2a: Clefable|394\/394|[from] item: Leftovers
|turn|18
|
|switch|p2a: Celebi|Celebi|404\/404
|move|p1a: Swampert|Waterfall|p2a: Celebi
|-resisted|p2a: Celebi
|-damage|p2a: Celebi|310\/404
|
|-weather|RainDance|[upkeep]
|-heal|p2a: Celebi|335\/404|[from] item: Leftovers
|turn|19
|
|move|p1a: Swampert|Ice Punch|p2a: Celebi
|-supereffective|p2a: Celebi
|-damage|p2a: Celebi|155\/404
|move|p2a: Celebi|Giga Drain|p1a: Swampert
|-supereffective|p1a: Swampert
|-damage|p1a: Swampert|0 fnt
|-heal|p2a: Celebi|279\/404|[from] drain|[of] p1a: Swampert
|faint|p1a: Swampert
|
|-weather|RainDance|[upkeep]
|-heal|p2a: Celebi|304\/404|[from] item: Leftovers
|
|switch|p1a: Greninja|Greninja, M|285\/285
|turn|20
|
|switch|p2a: Clefable|Clefable, M|394\/394
|move|p1a: Greninja|U-turn|p2a: Clefable
|-start|p1a: Greninja|typechange|Bug|[from] Protean
|-resisted|p2a: Clefable
|-damage|p2a: Clefable|361\/394
|
|switch|p1a: Politoed|Politoed, M|384\/384
|
|-weather|RainDance|[upkeep]
|-heal|p2a: Clefable|385\/394|[from] item: Leftovers
|turn|21
|
|move|p1a: Politoed|Scald|p2a: Clefable
|-damage|p2a: Clefable|250\/394
|move|p2a: Clefable|Moonblast|p1a: Politoed
|-damage|p1a: Politoed|270\/384
|
|-weather|RainDance|[upkeep]
|-heal|p2a: Clefable|274\/394|[from] item: Leftovers
|turn|22
|
|move|p1a: Politoed|Scald|p2a: Clefable
|-crit|p2a: Clefable
|-damage|p2a: Clefable|64\/394
|-status|p2a: Clefable|brn
|move|p2a: Clefable|Moonblast|p1a: Politoed
|-damage|p1a: Politoed|165\/384
|
|-weather|RainDance|[upkeep]
|-heal|p2a: Clefable|88\/394 brn|[from] item: Leftovers
|turn|23
|
|move|p1a: Politoed|Scald|p2a: Clefable
|-damage|p2a: Clefable|0 fnt
|faint|p2a: Clefable
|
|-weather|none
|
|switch|p2a: Celebi|Celebi|304\/404
|turn|24
|
|move|p2a: Celebi|Giga Drain|p1a: Politoed
|-supereffective|p1a: Politoed
|-damage|p1a: Politoed|0 fnt
|-heal|p2a: Celebi|387\/404|[from] drain|[of] p1a: Politoed
|faint|p1a: Politoed
|
|-heal|p2a: Celebi|404\/404|[from] item: Leftovers
|
|switch|p1a: Greninja|Greninja, M|285\/285
|turn|25
|
|move|p1a: Greninja|U-turn|p2a: Celebi
|-start|p1a: Greninja|typechange|Bug|[from] Protean
|-supereffective|p2a: Celebi
|-damage|p2a: Celebi|140\/404
|move|p2a: Celebi|Giga Drain|p1a: Greninja
|-resisted|p1a: Greninja
|-damage|p1a: Greninja|220\/285
|-heal|p2a: Celebi|173\/404|[from] drain|[of] p1a: Greninja
|
|-heal|p2a: Celebi|198\/404|[from] item: Leftovers
|turn|26
|
|move|p1a: Greninja|U-turn|p2a: Celebi
|-supereffective|p2a: Celebi
|-damage|p2a: Celebi|0 fnt
|faint|p2a: Celebi
|
|
|switch|p2a: Bisharp|Bisharp, F|119\/271
|turn|27
|
|move|p2a: Bisharp|Sucker Punch|p1a: Greninja
|-damage|p1a: Greninja|24\/285
|move|p1a: Greninja|U-turn|p2a: Bisharp
|-damage|p2a: Bisharp|34\/271
|
|turn|28
|-message|swaggyc__25 forfeited.
|
|win|Fh27
|raw|Ladder updating...
|leave|swaggyc__25
|player|p1
|raw|swaggyc__25's rating: 1503 &rarr; <strong>1481<\/strong><br \/>(-22 for losing)
|raw|Fh27's rating: 1468 &rarr; <strong>1490<\/strong><br \/>(+22 for winning)