|join|5th
|join|estralita
|player|p1|5th|52
|player|p2|estralita|265
|gametype|singles
|gen|6
|tier|ORAS OU
|rated
|rule|Sleep Clause Mod: Limit one foe put to sleep
|rule|Species Clause: Limit one of each PokÃ©mon
|rule|OHKO Clause: OHKO moves are banned
|rule|Moody Clause: Moody is banned
|rule|Evasion Moves Clause: Evasion moves are banned
|rule|Endless Battle Clause: Forcing endless battles is banned
|rule|HP Percentage Mod: HP is shown in percentages
|clearpoke
|poke|p1|Metagross
|poke|p1|Rotom-Wash
|poke|p1|Ferrothorn, M
|poke|p1|Landorus-Therian, M
|poke|p1|Keldeo
|poke|p1|Latias, F
|poke|p2|Sylveon, F
|poke|p2|Heatran, M
|poke|p2|Aerodactyl, M
|poke|p2|Celebi
|poke|p2|Azumarill, F
|poke|p2|Skarmory, F
|rule|Swagger Clause: Swagger is banned
|rule|Baton Pass Clause: Limit one PokÃ©mon knowing Baton Pass
|teampreview
|
|start
|switch|p1a: Landorus-Therian|Landorus-Therian, M|319\/319
|switch|p2a: Skarmory|Skarmory, F|334\/334
|-ability|p1a: Landorus-Therian|Intimidate|[of] p2a: Skarmory
|-unboost|p2a: Skarmory|atk|1
|turn|1
|
|move|p1a: Landorus-Therian|U-turn|p2a: Skarmory
|-resisted|p2a: Skarmory
|-damage|p2a: Skarmory|322\/334
|-damage|p1a: Landorus-Therian|266\/319|[from] item: Rocky Helmet|[of] p2a: Skarmory
|
|switch|p1a: Rotom-Wash|Rotom-Wash|303\/303
|move|p2a: Skarmory|Stealth Rock|p1a: Rotom-Wash
|-sidestart|p1: 5th|move: Stealth Rock
|
|turn|2
|
|switch|p2a: Sylveon|Sylveon, F|394\/394
|move|p1a: Rotom-Wash|Volt Switch|p2a: Sylveon
|-damage|p2a: Sylveon|340\/394
|
|switch|p1a: Metagross|Metagross|301\/301
|-damage|p1a: Metagross|283\/301|[from] Stealth Rock
|
|-heal|p2a: Sylveon|364\/394|[from] item: Leftovers
|turn|3
|
|switch|p2a: Skarmory|Skarmory, F|322\/334
|detailschange|p1a: Metagross|Metagross-Mega
|message|Metagross has Mega Evolved into Mega Metagross!
|move|p1a: Metagross|Meteor Mash|p2a: Skarmory
|-resisted|p2a: Skarmory
|-damage|p2a: Skarmory|255\/334
|-damage|p1a: Metagross|233\/301|[from] item: Rocky Helmet|[of] p2a: Skarmory
|
|turn|4
|
|switch|p1a: Rotom-Wash|Rotom-Wash|303\/303
|-damage|p1a: Rotom-Wash|266\/303|[from] Stealth Rock
|move|p2a: Skarmory|Whirlwind|p1a: Rotom-Wash
|drag|p1a: Landorus-Therian|Landorus-Therian, M|266\/319
|-damage|p1a: Landorus-Therian|227\/319|[from] Stealth Rock
|-ability|p1a: Landorus-Therian|Intimidate|[of] p2a: Skarmory
|-unboost|p2a: Skarmory|atk|1
|
|turn|5
|
|switch|p1a: Rotom-Wash|Rotom-Wash|266\/303
|-damage|p1a: Rotom-Wash|229\/303|[from] Stealth Rock
|move|p2a: Skarmory|Roost|p2a: Skarmory
|-heal|p2a: Skarmory|334\/334
|
|-heal|p1a: Rotom-Wash|247\/303|[from] item: Leftovers
|turn|6
|
|switch|p2a: Celebi|Celebi|396\/396
|move|p1a: Rotom-Wash|Will-O-Wisp|p2a: Celebi
|-status|p2a: Celebi|brn
|
|-heal|p1a: Rotom-Wash|265\/303|[from] item: Leftovers
|-damage|p2a: Celebi|347\/396 brn|[from] brn
|turn|7
|
|switch|p1a: Ferrothorn|Ferrothorn, M|352\/352
|-damage|p1a: Ferrothorn|330\/352|[from] Stealth Rock
|move|p2a: Celebi|Leaf Storm|p1a: Ferrothorn
|-resisted|p1a: Ferrothorn
|-damage|p1a: Ferrothorn|275\/352
|-unboost|p2a: Celebi|spa|2
|-damage|p2a: Celebi|308\/396 brn|[from] item: Life Orb
|
|-heal|p1a: Ferrothorn|297\/352|[from] item: Leftovers
|-damage|p2a: Celebi|259\/396 brn|[from] brn
|turn|8
|
|switch|p2a: Heatran|Heatran, M|323\/323
|switch|p1a: Latias|Latias, F|301\/301
|-damage|p1a: Latias|264\/301|[from] Stealth Rock
|
|turn|9
|
|move|p2a: Heatran|Flash Cannon|p1a: Latias
|-damage|p1a: Latias|158\/301
|move|p1a: Latias|Defog|p2a: Heatran
|-unboost|p2a: Heatran|evasion|1
|-sideend|p1: 5th|Stealth Rock|[from] move: Defog|[of] p1a: Latias
|
|turn|10
|
|switch|p2a: Azumarill|Azumarill, F|401\/401
|switch|p1a: Keldeo|Keldeo|323\/323
|
|turn|11
|
|move|p1a: Keldeo|Substitute|p1a: Keldeo
|-start|p1a: Keldeo|Substitute
|-damage|p1a: Keldeo|243\/323
|move|p2a: Azumarill|Play Rough|p1a: Keldeo
|-supereffective|p1a: Keldeo
|-end|p1a: Keldeo|Substitute
|
|-heal|p1a: Keldeo|263\/323|[from] item: Leftovers
|turn|12
|
|switch|p1a: Ferrothorn|Ferrothorn, M|297\/352
|move|p2a: Azumarill|Play Rough|p1a: Ferrothorn
|-resisted|p1a: Ferrothorn
|-damage|p1a: Ferrothorn|234\/352
|-damage|p2a: Azumarill|351\/401|[from] ability: Iron Barbs|[of] p1a: Ferrothorn
|
|-heal|p1a: Ferrothorn|256\/352|[from] item: Leftovers
|turn|13
|
|switch|p2a: Celebi|Celebi|259\/396
|move|p1a: Ferrothorn|Stealth Rock|p2a: Celebi
|-sidestart|p2: estralita|move: Stealth Rock
|
|-heal|p1a: Ferrothorn|278\/352|[from] item: Leftovers
|turn|14
|
|move|p1a: Ferrothorn|Protect|p1a: Ferrothorn
|-singleturn|p1a: Ferrothorn|Protect
|move|p2a: Celebi|Hidden Power|p1a: Ferrothorn
|-activate|p1a: Ferrothorn|Protect
|
|-heal|p1a: Ferrothorn|300\/352|[from] item: Leftovers
|turn|15
|
|switch|p1a: Latias|Latias, F|158\/301
|move|p2a: Celebi|Recover|p2a: Celebi
|-heal|p2a: Celebi|396\/396
|
|turn|16
|
|switch|p1a: Landorus-Therian|Landorus-Therian, M|227\/319
|-ability|p1a: Landorus-Therian|Intimidate|[of] p2a: Celebi
|-unboost|p2a: Celebi|atk|1
|switch|p2a: Sylveon|Sylveon, F|364\/394
|-damage|p2a: Sylveon|315\/394|[from] Stealth Rock
|
|-heal|p2a: Sylveon|339\/394|[from] item: Leftovers
|turn|17
|
|switch|p1a: Rotom-Wash|Rotom-Wash|265\/303
|move|p2a: Sylveon|Hyper Voice|p1a: Rotom-Wash
|-damage|p1a: Rotom-Wash|117\/303
|
|-heal|p1a: Rotom-Wash|135\/303|[from] item: Leftovers
|-heal|p2a: Sylveon|363\/394|[from] item: Leftovers
|turn|18
|
|move|p1a: Rotom-Wash|Pain Split|p2a: Sylveon
|-sethp|p2a: Sylveon|249\/394|p1a: Rotom-Wash|249\/303|[from] move: Pain Split
|move|p2a: Sylveon|Hyper Voice|p1a: Rotom-Wash
|-damage|p1a: Rotom-Wash|116\/303
|
|-heal|p1a: Rotom-Wash|134\/303|[from] item: Leftovers
|-heal|p2a: Sylveon|273\/394|[from] item: Leftovers
|turn|19
|
|move|p1a: Rotom-Wash|Volt Switch|p2a: Sylveon
|-damage|p2a: Sylveon|225\/394
|
|switch|p1a: Metagross|Metagross-Mega|233\/301
|move|p2a: Sylveon|Wish|p2a: Sylveon
|
|-heal|p2a: Sylveon|249\/394|[from] item: Leftovers
|turn|20
|
|switch|p1a: Rotom-Wash|Rotom-Wash|134\/303
|switch|p2a: Heatran|Heatran, M|323\/323
|-damage|p2a: Heatran|283\/323|[from] Stealth Rock
|
|-heal|p2a: Heatran|323\/323|[from] move: Wish|[wisher] Sylveon
|-heal|p1a: Rotom-Wash|152\/303|[from] item: Leftovers
|turn|21
|
|switch|p2a: Celebi|Celebi|396\/396
|-damage|p2a: Celebi|347\/396|[from] Stealth Rock
|move|p1a: Rotom-Wash|Pain Split|p2a: Celebi
|-sethp|p2a: Celebi|249\/396|p1a: Rotom-Wash|249\/303|[from] move: Pain Split
|
|-heal|p1a: Rotom-Wash|267\/303|[from] item: Leftovers
|turn|22
|
|switch|p1a: Ferrothorn|Ferrothorn, M|300\/352
|move|p2a: Celebi|Recover|p2a: Celebi
|-heal|p2a: Celebi|396\/396
|
|-heal|p1a: Ferrothorn|322\/352|[from] item: Leftovers
|turn|23
|
|move|p1a: Ferrothorn|Protect|p1a: Ferrothorn
|-singleturn|p1a: Ferrothorn|Protect
|move|p2a: Celebi|Psychic|p1a: Ferrothorn
|-activate|p1a: Ferrothorn|Protect
|
|-heal|p1a: Ferrothorn|344\/352|[from] item: Leftovers
|turn|24
|
|switch|p1a: Keldeo|Keldeo|263\/323
|move|p2a: Celebi|Hidden Power|p1a: Keldeo
|-resisted|p1a: Keldeo
|-damage|p1a: Keldeo|218\/323
|-damage|p2a: Celebi|357\/396|[from] item: Life Orb
|
|-heal|p1a: Keldeo|238\/323|[from] item: Leftovers
|turn|25
|
|switch|p1a: Ferrothorn|Ferrothorn, M|344\/352
|move|p2a: Celebi|Psychic|p1a: Ferrothorn
|-resisted|p1a: Ferrothorn
|-damage|p1a: Ferrothorn|269\/352
|-damage|p2a: Celebi|318\/396|[from] item: Life Orb
|
|-heal|p1a: Ferrothorn|291\/352|[from] item: Leftovers
|turn|26
|
|switch|p1a: Landorus-Therian|Landorus-Therian, M|227\/319
|-ability|p1a: Landorus-Therian|Intimidate|[of] p2a: Celebi
|-unboost|p2a: Celebi|atk|1
|move|p2a: Celebi|Recover|p2a: Celebi
|-heal|p2a: Celebi|396\/396
|
|turn|27
|
|switch|p2a: Skarmory|Skarmory, F|334\/334
|-damage|p2a: Skarmory|293\/334|[from] Stealth Rock
|move|p1a: Landorus-Therian|Knock Off|p2a: Skarmory
|-damage|p2a: Skarmory|226\/334
|-damage|p1a: Landorus-Therian|174\/319|[from] item: Rocky Helmet|[of] p2a: Skarmory
|-enditem|p2a: Skarmory|Rocky Helmet|[from] move: Knock Off|[of] p1a: Landorus-Therian
|
|turn|28
|
|switch|p1a: Rotom-Wash|Rotom-Wash|267\/303
|move|p2a: Skarmory|Defog|p1a: Rotom-Wash
|-unboost|p1a: Rotom-Wash|evasion|1
|-sideend|p2: estralita|Stealth Rock|[from] move: Defog|[of] p2a: Skarmory
|
|-heal|p1a: Rotom-Wash|285\/303|[from] item: Leftovers
|turn|29
|
|switch|p2a: Celebi|Celebi|396\/396
|move|p1a: Rotom-Wash|Volt Switch|p2a: Celebi
|-resisted|p2a: Celebi
|-damage|p2a: Celebi|352\/396
|
|switch|p1a: Landorus-Therian|Landorus-Therian, M|174\/319
|-ability|p1a: Landorus-Therian|Intimidate|[of] p2a: Celebi
|-unboost|p2a: Celebi|atk|1
|
|turn|30
|
|move|p1a: Landorus-Therian|U-turn|p2a: Celebi
|-supereffective|p2a: Celebi
|-damage|p2a: Celebi|16\/396
|
|switch|p1a: Latias|Latias, F|158\/301
|move|p2a: Celebi|Leaf Storm|p1a: Latias
|-crit|p1a: Latias
|-resisted|p1a: Latias
|-damage|p1a: Latias|3\/301
|-unboost|p2a: Celebi|spa|2
|-damage|p2a: Celebi|0 fnt|[from] item: Life Orb
|faint|p2a: Celebi
|
|
|switch|p2a: Aerodactyl|Aerodactyl, M|301\/301
|turn|31
|
|detailschange|p2a: Aerodactyl|Aerodactyl-Mega, M
|message|Aerodactyl has Mega Evolved into Mega Aerodactyl!
|move|p2a: Aerodactyl|Aerial Ace|p1a: Latias
|-damage|p1a: Latias|0 fnt
|faint|p1a: Latias
|
|
|switch|p1a: Landorus-Therian|Landorus-Therian, M|174\/319
|-ability|p1a: Landorus-Therian|Intimidate|[of] p2a: Aerodactyl
|-unboost|p2a: Aerodactyl|atk|1
|turn|32
|
|move|p1a: Landorus-Therian|U-turn|p2a: Aerodactyl
|-crit|p2a: Aerodactyl
|-resisted|p2a: Aerodactyl
|-damage|p2a: Aerodactyl|221\/301
|
|switch|p1a: Rotom-Wash|Rotom-Wash|285\/303
|move|p2a: Aerodactyl|Ice Fang|p1a: Rotom-Wash
|-resisted|p1a: Rotom-Wash
|-damage|p1a: Rotom-Wash|261\/303
|
|-heal|p1a: Rotom-Wash|279\/303|[from] item: Leftovers
|turn|33
|
|switch|p2a: Heatran|Heatran, M|323\/323
|move|p1a: Rotom-Wash|Will-O-Wisp|p2a: Heatran
|-start|p2a: Heatran|ability: Flash Fire
|
|-heal|p1a: Rotom-Wash|297\/303|[from] item: Leftovers
|turn|34
|
|switch|p2a: Sylveon|Sylveon, F|249\/394
|move|p1a: Rotom-Wash|Hydro Pump|p2a: Sylveon
|-damage|p2a: Sylveon|174\/394
|
|-heal|p1a: Rotom-Wash|303\/303|[from] item: Leftovers
|-heal|p2a: Sylveon|198\/394|[from] item: Leftovers
|turn|35
|
|move|p1a: Rotom-Wash|Volt Switch|p2a: Sylveon
|-damage|p2a: Sylveon|144\/394
|
|switch|p1a: Ferrothorn|Ferrothorn, M|291\/352
|move|p2a: Sylveon|Wish|p2a: Sylveon
|
|-heal|p2a: Sylveon|168\/394|[from] item: Leftovers
|-heal|p1a: Ferrothorn|313\/352|[from] item: Leftovers
|turn|36
|
|move|p2a: Sylveon|Protect|p2a: Sylveon
|-singleturn|p2a: Sylveon|Protect
|move|p1a: Ferrothorn|Leech Seed|p2a: Sylveon
|-activate|p2a: Sylveon|Protect
|
|-heal|p2a: Sylveon|365\/394|[from] move: Wish|[wisher] Sylveon
|-heal|p2a: Sylveon|389\/394|[from] item: Leftovers
|-heal|p1a: Ferrothorn|335\/352|[from] item: Leftovers
|turn|37
|
|move|p2a: Sylveon|Wish|p2a: Sylveon
|move|p1a: Ferrothorn|Stealth Rock|p2a: Sylveon
|-sidestart|p2: estralita|move: Stealth Rock
|
|-heal|p2a: Sylveon|394\/394|[from] item: Leftovers
|-heal|p1a: Ferrothorn|352\/352|[from] item: Leftovers
|turn|38
|
|switch|p2a: Azumarill|Azumarill, F|351\/401
|-damage|p2a: Azumarill|301\/401|[from] Stealth Rock
|move|p1a: Ferrothorn|Leech Seed|p2a: Azumarill
|-start|p2a: Azumarill|move: Leech Seed
|
|-heal|p2a: Azumarill|401\/401|[from] move: Wish|[wisher] Sylveon
|-damage|p2a: Azumarill|351\/401|[from] Leech Seed|[of] p1a: Ferrothorn
|turn|39
|
|move|p1a: Ferrothorn|Protect|p1a: Ferrothorn
|-singleturn|p1a: Ferrothorn|Protect
|move|p2a: Azumarill|Knock Off|p1a: Ferrothorn
|-activate|p1a: Ferrothorn|Protect
|
|-damage|p2a: Azumarill|301\/401|[from] Leech Seed|[of] p1a: Ferrothorn
|turn|40
|
|move|p2a: Azumarill|Knock Off|p1a: Ferrothorn
|-damage|p1a: Ferrothorn|255\/352
|-damage|p2a: Azumarill|251\/401|[from] ability: Iron Barbs|[of] p1a: Ferrothorn
|-enditem|p1a: Ferrothorn|Leftovers|[from] move: Knock Off|[of] p2a: Azumarill
|move|p1a: Ferrothorn|Gyro Ball|p2a: Azumarill
|-damage|p2a: Azumarill|137\/401
|
|-damage|p2a: Azumarill|87\/401|[from] Leech Seed|[of] p1a: Ferrothorn
|-heal|p1a: Ferrothorn|305\/352|[silent]
|turn|41
|
|switch|p2a: Heatran|Heatran, M|323\/323
|-damage|p2a: Heatran|283\/323|[from] Stealth Rock
|move|p1a: Ferrothorn|Leech Seed|p2a: Heatran|[miss]
|-miss|p1a: Ferrothorn|p2a: Heatran
|
|turn|42
|
|switch|p1a: Rotom-Wash|Rotom-Wash|303\/303
|move|p2a: Heatran|Overheat|p1a: Rotom-Wash
|-resisted|p1a: Rotom-Wash
|-damage|p1a: Rotom-Wash|197\/303
|-unboost|p2a: Heatran|spa|2
|
|-heal|p1a: Rotom-Wash|215\/303|[from] item: Leftovers
|turn|43
|
|switch|p2a: Sylveon|Sylveon, F|394\/394
|-damage|p2a: Sylveon|345\/394|[from] Stealth Rock
|move|p1a: Rotom-Wash|Volt Switch|p2a: Sylveon
|-damage|p2a: Sylveon|291\/394
|
|switch|p1a: Metagross|Metagross-Mega|233\/301
|
|-heal|p2a: Sylveon|315\/394|[from] item: Leftovers
|turn|44
|
|switch|p2a: Heatran|Heatran, M|283\/323
|-damage|p2a: Heatran|243\/323|[from] Stealth Rock
|move|p1a: Metagross|Meteor Mash|p2a: Heatran
|-resisted|p2a: Heatran
|-damage|p2a: Heatran|186\/323
|-boost|p1a: Metagross|atk|1
|
|turn|45
|
|switch|p1a: Rotom-Wash|Rotom-Wash|215\/303
|move|p2a: Heatran|Earth Power|p1a: Rotom-Wash
|-immune|p1a: Rotom-Wash|[msg]
|
|-heal|p1a: Rotom-Wash|233\/303|[from] item: Leftovers
|turn|46
|
|switch|p2a: Sylveon|Sylveon, F|315\/394
|-damage|p2a: Sylveon|266\/394|[from] Stealth Rock
|move|p1a: Rotom-Wash|Volt Switch|p2a: Sylveon
|-damage|p2a: Sylveon|214\/394
|
|switch|p1a: Metagross|Metagross-Mega|233\/301
|
|-heal|p2a: Sylveon|238\/394|[from] item: Leftovers
|turn|47
|
|switch|p2a: Skarmory|Skarmory, F|226\/334
|-damage|p2a: Skarmory|185\/334|[from] Stealth Rock
|move|p1a: Metagross|Meteor Mash|p2a: Skarmory
|-crit|p2a: Skarmory
|-resisted|p2a: Skarmory
|-damage|p2a: Skarmory|89\/334
|
|turn|48
|
|switch|p1a: Rotom-Wash|Rotom-Wash|233\/303
|move|p2a: Skarmory|Roost|p2a: Skarmory
|-heal|p2a: Skarmory|256\/334
|
|-heal|p1a: Rotom-Wash|251\/303|[from] item: Leftovers
|turn|49
|
|switch|p2a: Sylveon|Sylveon, F|238\/394
|-damage|p2a: Sylveon|189\/394|[from] Stealth Rock
|move|p1a: Rotom-Wash|Volt Switch|p2a: Sylveon
|-damage|p2a: Sylveon|137\/394
|
|switch|p1a: Metagross|Metagross-Mega|233\/301
|
|-heal|p2a: Sylveon|161\/394|[from] item: Leftovers
|turn|50
|
|move|p2a: Sylveon|Protect|p2a: Sylveon
|-singleturn|p2a: Sylveon|Protect
|move|p1a: Metagross|Meteor Mash|p2a: Sylveon
|-activate|p2a: Sylveon|Protect
|
|-heal|p2a: Sylveon|185\/394|[from] item: Leftovers
|turn|51
|
|switch|p1a: Rotom-Wash|Rotom-Wash|251\/303
|switch|p2a: Skarmory|Skarmory, F|256\/334
|-damage|p2a: Skarmory|215\/334|[from] Stealth Rock
|
|-heal|p1a: Rotom-Wash|269\/303|[from] item: Leftovers
|turn|52
|
|switch|p2a: Sylveon|Sylveon, F|185\/394
|-damage|p2a: Sylveon|136\/394|[from] Stealth Rock
|move|p1a: Rotom-Wash|Volt Switch|p2a: Sylveon
|-damage|p2a: Sylveon|85\/394
|
|switch|p1a: Metagross|Metagross-Mega|233\/301
|
|-heal|p2a: Sylveon|109\/394|[from] item: Leftovers
|turn|53
|
|move|p2a: Sylveon|Protect|p2a: Sylveon
|-singleturn|p2a: Sylveon|Protect
|move|p1a: Metagross|Meteor Mash|p2a: Sylveon
|-activate|p2a: Sylveon|Protect
|
|-heal|p2a: Sylveon|133\/394|[from] item: Leftovers
|turn|54
|
|move|p1a: Metagross|Meteor Mash|p2a: Sylveon
|-supereffective|p2a: Sylveon
|-damage|p2a: Sylveon|0 fnt
|faint|p2a: Sylveon
|
|
|switch|p2a: Aerodactyl|Aerodactyl-Mega, M|221\/301
|-damage|p2a: Aerodactyl|146\/301|[from] Stealth Rock
|turn|55
|
|move|p1a: Metagross|Bullet Punch|p2a: Aerodactyl
|-supereffective|p2a: Aerodactyl
|-damage|p2a: Aerodactyl|0 fnt
|faint|p2a: Aerodactyl
|
|
|switch|p2a: Skarmory|Skarmory, F|215\/334
|-damage|p2a: Skarmory|174\/334|[from] Stealth Rock
|turn|56
|
|switch|p1a: Rotom-Wash|Rotom-Wash|269\/303
|move|p2a: Skarmory|Defog|p1a: Rotom-Wash
|-unboost|p1a: Rotom-Wash|evasion|1
|-sideend|p2: estralita|Stealth Rock|[from] move: Defog|[of] p2a: Skarmory
|
|-heal|p1a: Rotom-Wash|287\/303|[from] item: Leftovers
|turn|57
|
|move|p1a: Rotom-Wash|Volt Switch|p2a: Skarmory
|-crit|p2a: Skarmory
|-supereffective|p2a: Skarmory
|-damage|p2a: Skarmory|0 fnt
|faint|p2a: Skarmory
|
|switch|p1a: Keldeo|Keldeo|238\/323
|
|-heal|p1a: Keldeo|258\/323|[from] item: Leftovers
|
|switch|p2a: Azumarill|Azumarill, F|87\/401
|turn|58
|
|switch|p1a: Ferrothorn|Ferrothorn, M|305\/352
|move|p2a: Azumarill|Play Rough|p1a: Ferrothorn
|-resisted|p1a: Ferrothorn
|-damage|p1a: Ferrothorn|240\/352
|-damage|p2a: Azumarill|37\/401|[from] ability: Iron Barbs|[of] p1a: Ferrothorn
|
|turn|59
|
|move|p2a: Azumarill|Waterfall|p1a: Ferrothorn
|-crit|p1a: Ferrothorn
|-resisted|p1a: Ferrothorn
|-damage|p1a: Ferrothorn|153\/352
|-damage|p2a: Azumarill|0 fnt|[from] ability: Iron Barbs|[of] p1a: Ferrothorn
|faint|p2a: Azumarill
|move|p1a: Ferrothorn|Leech Seed|p2: Azumarill|[notarget]
|-notarget
|
|
|switch|p2a: Heatran|Heatran, M|186\/323
|turn|60
|
|switch|p1a: Rotom-Wash|Rotom-Wash|287\/303
|move|p2a: Heatran|Overheat|p1a: Rotom-Wash
|-resisted|p1a: Rotom-Wash
|-damage|p1a: Rotom-Wash|183\/303
|-unboost|p2a: Heatran|spa|2
|
|-heal|p1a: Rotom-Wash|201\/303|[from] item: Leftovers
|turn|61
|
|move|p2a: Heatran|Overheat|p1a: Rotom-Wash
|-resisted|p1a: Rotom-Wash
|-damage|p1a: Rotom-Wash|144\/303
|-unboost|p2a: Heatran|spa|2
|move|p1a: Rotom-Wash|Hydro Pump|p2a: Heatran
|-supereffective|p2a: Heatran
|-damage|p2a: Heatran|0 fnt
|faint|p2a: Heatran
|
|win|5th
|raw|Ladder updating...
|raw|5th's rating: 1241 &rarr; <strong>1271<\/strong><br \/>(+30 for winning)
|raw|estralita's rating: 1303 &rarr; <strong>1279<\/strong><br \/>(-24 for losing)
|c|âestralita|gg
|c|â5th|gg
|leave|estralita
|player|p2