|join|the frog squad
|join|french eat frogs
|player|p1|the frog squad|96
|player|p2|french eat frogs|199
|gametype|singles
|gen|6
|tier|OU
|clearpoke
|poke|p1|Azelf
|poke|p1|Frogadier, M
|poke|p1|Greninja, M
|poke|p1|Charizard, M
|poke|p1|Landorus-Therian, M
|poke|p1|Thundurus, M
|poke|p2|Sceptile, M
|poke|p2|Heatran, M
|poke|p2|Manaphy
|poke|p2|Landorus-Therian, M
|poke|p2|Latios, M
|poke|p2|Rotom-Wash
|rule|Swagger Clause: Swagger is banned
|rule|Baton Pass Clause: Limit one PokÃ©mon knowing Baton Pass
|rule|Sleep Clause Mod: Limit one foe put to sleep
|rule|Species Clause: Limit one of each PokÃ©mon
|rule|OHKO Clause: OHKO moves are banned
|rule|Moody Clause: Moody is banned
|rule|Evasion Moves Clause: Evasion moves are banned
|rule|Endless Battle Clause: Forcing endless battles is banned
|rule|HP Percentage Mod: HP is shown in percentages
|teampreview
|
|start
|switch|p1a: Azelf|Azelf|291\/291
|switch|p2a: Rotom-Wash|Rotom-Wash|303\/303
|turn|1
|
|move|p1a: Azelf|Stealth Rock|p2a: Rotom-Wash
|-sidestart|p2: french eat frogs|move: Stealth Rock
|move|p2a: Rotom-Wash|Volt Switch|p1a: Azelf
|-damage|p1a: Azelf|173\/291
|join|xFour
|join|testnamedos
|
|switch|p2a: Landorus-Therian|Landorus-Therian, M|319\/319
|-damage|p2a: Landorus-Therian|280\/319|[from] Stealth Rock
|-ability|p2a: Landorus-Therian|Intimidate|[of] p1a: Azelf
|-unboost|p1a: Azelf|atk|1
|
|turn|2
|join|ser slaking
|join|QuagGod
|join|LordRay
|join|thebigjens
|join|Draeden
|join|Jeevs
|join|HowlingFang
|join|TheEndVGC
|join|c423qew
|join|Kama Sutra
|
|move|p2a: Landorus-Therian|U-turn|p1a: Azelf
|-supereffective|p1a: Azelf
|-damage|p1a: Azelf|0 fnt
|faint|p1a: Azelf
|c| Draeden|Dat name tho
|join|SexyQuads
|leave|HowlingFang
|join|thespiritinthesky
|join|riraiteu
|leave|Jeevs
|join|Gizmo
|join|kerthorok
|c| SexyQuads|THIS MATCH
|join|elknightoscuro
|c| SexyQuads|IS IMPORTANT
|join|emcee23
|
|switch|p2a: Rotom-Wash|Rotom-Wash|303\/303
|-damage|p2a: Rotom-Wash|266\/303|[from] Stealth Rock
|
|-heal|p2a: Rotom-Wash|284\/303|[from] item: Leftovers
|c| SexyQuads|AS IMPORTANT AS DRAEDENS SEX LIFE
|
|switch|p1a: Frogadier|Frogadier, M|249\/249
|turn|3
|c|âthe frog squad|i totally don't have hp grass
|c| SexyQuads|LETS ALL GET POPCORN AND ENJOY OURSELFS
|c|âthe frog squad|trust me
|c| Gizmo|damn
|c|âfrench eat frogs|Fuck what does this thing do
|c| Draeden|Tru Story
|c| Gizmo|shots..
|join|u5ev
|join|Traprick Swayze
|join|Antitrolling
|leave|Kama Sutra
|
|move|p1a: Frogadier|Dark Pulse|p2a: Rotom-Wash
|-start|p1a: Frogadier|typechange|Dark|[from] Protean
|-damage|p2a: Rotom-Wash|155\/303
|-damage|p1a: Frogadier|225\/249|[from] item: Life Orb
|move|p2a: Rotom-Wash|Will-O-Wisp|p1a: Frogadier
|-status|p1a: Frogadier|brn
|
|-heal|p2a: Rotom-Wash|173\/303|[from] item: Leftovers
|-damage|p1a: Frogadier|194\/249 brn|[from] brn
|turn|4
|join|habajiga
|join|branflakes325
|c|âthe frog squad|rip
|join|PikachuCandy
|join|UnknownLefty95
|join|swogmaster
|c| PikachuCandy|whut
|join|IwG
|join|Xblade619
|leave|kerthorok
|join|ult
|
|move|p1a: Frogadier|Hidden Power|p2a: Rotom-Wash
|-start|p1a: Frogadier|typechange|Grass|[from] Protean
|-supereffective|p2a: Rotom-Wash
|-damage|p2a: Rotom-Wash|0 fnt
|-damage|p1a: Frogadier|170\/249 brn|[from] item: Life Orb
|faint|p2a: Rotom-Wash
|
|-damage|p1a: Frogadier|139\/249 brn|[from] brn
|join|i came from leddit
|c| Xblade619|ayy
|c| PikachuCandy|Money and time well spent into watching this match
|
|switch|p2a: Landorus-Therian|Landorus-Therian, M|280\/319
|-damage|p2a: Landorus-Therian|241\/319|[from] Stealth Rock
|-ability|p2a: Landorus-Therian|Intimidate|[of] p1a: Frogadier
|-unboost|p1a: Frogadier|atk|1
|turn|5
|c| ser slaking|oh shit
|c| Xblade619|my nigga frogider
|join|Churmp rEqs
|c| ser slaking|proteon frogadier
|join|Yuttt.ttttt
|leave|swogmaster
|c|âthe frog squad|you did well froggy
|c| Yuttt.ttttt|important?!
|c|âthe frog squad|im proud of u
|join|whimsicottzekrom
|
|move|p2a: Landorus-Therian|U-turn|p1a: Frogadier
|-supereffective|p1a: Frogadier
|-damage|p1a: Frogadier|0 fnt
|faint|p1a: Frogadier
|c| SexyQuads|So which one of you is richie
|join|baron9115545
|c| PikachuCandy|>Suspect Frogadier
|c|âthe frog squad|rip
|c| Xblade619|LOL
|leave|whimsicottzekrom
|c| Xblade619|im out
|leave|Xblade619
|c| SexyQuads|Tell me, Why does he wear the mask?
|leave|PikachuCandy
|leave|baron9115545
|join|Xblade619
|leave|Antitrolling
|join|King Time Stall
|leave|Xblade619
|join|shartruce2
|join|AlldaAlts
|
|switch|p2a: Latios|Latios, M|301\/301
|-damage|p2a: Latios|264\/301|[from] Stealth Rock
|
|leave|branflakes325
|
|switch|p1a: Greninja|Greninja, M|285\/285
|turn|6
|c| shartruce2|lol
|c|âfrench eat frogs|Colbur Berry go
|c| shartruce2|frogadier
|join|Requim
|leave|AlldaAlts
|join|HumanRotom
|leave|Churmp rEqs
|
|move|p1a: Greninja|Hydro Pump|p2a: Latios
|-start|p1a: Greninja|typechange|Water|[from] Protean
|-resisted|p2a: Latios
|-damage|p2a: Latios|167\/301
|-damage|p1a: Greninja|257\/285|[from] item: Life Orb
|move|p2a: Latios|Hidden Power|p1a: Greninja
|-damage|p1a: Greninja|141\/285
|-damage|p2a: Latios|137\/301|[from] item: Life Orb
|
|turn|7
|c|âthe frog squad|predicted
|join|Kalim
|join|Biz
|
|move|p1a: Greninja|Gunk Shot|p2a: Latios
|-start|p1a: Greninja|typechange|Poison|[from] Protean
|-damage|p2a: Latios|0 fnt
|-damage|p1a: Greninja|113\/285|[from] item: Life Orb
|faint|p2a: Latios
|
|join|SharpAsAttack
|join|buttpirate53
|c| SexyQuads|HP Psychic imo
|
|switch|p2a: Landorus-Therian|Landorus-Therian, M|241\/319
|-damage|p2a: Landorus-Therian|202\/319|[from] Stealth Rock
|-ability|p2a: Landorus-Therian|Intimidate|[of] p1a: Greninja
|-unboost|p1a: Greninja|atk|1
|turn|8
|leave|xFour
|
|switch|p1a: Landorus-Therian|Landorus-Therian, M|369\/369
|-ability|p1a: Landorus-Therian|Intimidate|[of] p2a: Landorus-Therian
|-unboost|p2a: Landorus-Therian|atk|1
|move|p2a: Landorus-Therian|U-turn|p1a: Landorus-Therian
|-crit|p1a: Landorus-Therian
|-resisted|p1a: Landorus-Therian
|-damage|p1a: Landorus-Therian|297\/369
|leave|buttpirate53
|
|switch|p2a: Manaphy|Manaphy|365\/365
|-damage|p2a: Manaphy|320\/365|[from] Stealth Rock
|
|-heal|p2a: Manaphy|342\/365|[from] item: Leftovers
|-heal|p1a: Landorus-Therian|320\/369|[from] item: Leftovers
|turn|9
|leave|Kalim
|leave|Traprick Swayze
|
|switch|p1a: Thundurus|Thundurus, M|299\/299
|move|p2a: Manaphy|Scald|p1a: Thundurus
|-damage|p1a: Thundurus|158\/299
|-status|p1a: Thundurus|brn
|
|-heal|p2a: Manaphy|364\/365|[from] item: Leftovers
|-damage|p1a: Thundurus|121\/299 brn|[from] brn
|turn|10
|c| SexyQuads|ARE YOU GUYS GONNA TELL ME
|
|switch|p2a: Heatran|Heatran, M|386\/386
|-damage|p2a: Heatran|338\/386|[from] Stealth Rock
|move|p1a: Thundurus|Hidden Power|p2a: Heatran
|-resisted|p2a: Heatran
|-damage|p2a: Heatran|322\/386
|-damage|p1a: Thundurus|92\/299 brn|[from] item: Life Orb
|
|-heal|p2a: Heatran|346\/386|[from] item: Leftovers
|-damage|p1a: Thundurus|55\/299 brn|[from] brn
|turn|11
|c| SexyQuads|WHICH ONE OF YOU IS RICHIE AND WHY DOES HE WEAR THE MASK
|c| SharpAsAttack|because he's dual frogging...
|leave|HumanRotom
|
|move|p1a: Thundurus|Focus Blast|p2a: Heatran|[miss]
|-miss|p1a: Thundurus|p2a: Heatran
|move|p2a: Heatran|Stealth Rock|p1a: Thundurus
|-sidestart|p1: the frog squad|move: Stealth Rock
|
|-heal|p2a: Heatran|370\/386|[from] item: Leftovers
|-damage|p1a: Thundurus|18\/299 brn|[from] brn
|turn|12
|c|âthe frog squad|rip
|leave|UnknownLefty95
|c|âfrench eat frogs|well trainec
|c|âfrench eat frogs|d*
|
|move|p1a: Thundurus|Focus Blast|p2a: Heatran
|-supereffective|p2a: Heatran
|-damage|p2a: Heatran|139\/386
|-damage|p1a: Thundurus|0 fnt|[from] item: Life Orb
|faint|p1a: Thundurus
|move|p2a: Heatran|Lava Plume|p1: Thundurus|[notarget]
|-notarget
|
|-heal|p2a: Heatran|163\/386|[from] item: Leftovers
|
|switch|p1a: Greninja|Greninja, M|113\/285
|-damage|p1a: Greninja|78\/285|[from] Stealth Rock
|turn|13
|
|move|p1a: Greninja|Hydro Pump|p2a: Heatran
|-start|p1a: Greninja|typechange|Water|[from] Protean
|-supereffective|p2a: Heatran
|-damage|p2a: Heatran|0 fnt
|-damage|p1a: Greninja|50\/285|[from] item: Life Orb
|faint|p2a: Heatran
|
|
|switch|p2a: Landorus-Therian|Landorus-Therian, M|202\/319
|-damage|p2a: Landorus-Therian|163\/319|[from] Stealth Rock
|-ability|p2a: Landorus-Therian|Intimidate|[of] p1a: Greninja
|-unboost|p1a: Greninja|atk|1
|turn|14
|
|move|p2a: Landorus-Therian|U-turn|p1a: Greninja
|-damage|p1a: Greninja|0 fnt
|faint|p1a: Greninja
|
|switch|p2a: Sceptile|Sceptile, M|299\/299
|-damage|p2a: Sceptile|262\/299|[from] Stealth Rock
|
|
|switch|p1a: Landorus-Therian|Landorus-Therian, M|320\/369
|-damage|p1a: Landorus-Therian|274\/369|[from] Stealth Rock
|-ability|p1a: Landorus-Therian|Intimidate|[of] p2a: Sceptile
|-unboost|p2a: Sceptile|atk|1
|turn|15
|c| u5ev|well i mean
|c| u5ev|french does eat frogs
|c| SexyQuads|Obviously wasnt thinking
|c| SexyQuads|FROG SQUAD YOU JUST FUCKED YOURSELF
|
|detailschange|p2a: Sceptile|Sceptile-Mega, M
|-mega|p2a: Sceptile|Sceptile|Sceptilite
|move|p2a: Sceptile|Giga Drain|p1a: Landorus-Therian
|-damage|p1a: Landorus-Therian|97\/369
|-heal|p2a: Sceptile|299\/299|[from] drain|[of] p1a: Landorus-Therian
|move|p1a: Landorus-Therian|Stone Edge|p2a: Sceptile|[miss]
|-miss|p1a: Landorus-Therian|p2a: Sceptile
|
|-heal|p1a: Landorus-Therian|120\/369|[from] item: Leftovers
|turn|16
|
|move|p2a: Sceptile|Dragon Pulse|p1a: Landorus-Therian
|-damage|p1a: Landorus-Therian|0 fnt
|faint|p1a: Landorus-Therian
|
|c| u5ev|M ISSED
|c| u5ev|gg
|
|switch|p1a: Charizard|Charizard, M|297\/297
|-damage|p1a: Charizard|149\/297|[from] Stealth Rock
|turn|17
|
|move|p2a: Sceptile|Dragon Pulse|p1a: Charizard
|-damage|p1a: Charizard|0 fnt
|faint|p1a: Charizard
|
|win|french eat frogs
|leave|SexyQuads
|c|âthe frog squad|rip
|c|âfrench eat frogs|gg
|leave|i came from leddit
|c|âthe frog squad|g_g
|c| riraiteu|wait is drain common on m scep
|leave|Biz
|leave|french eat frogs
|player|p2
|leave|the frog squad
|c| SharpAsAttack|yeah
|leave|u5ev
|player|p1
|leave|ult
|leave|thebigjens
|c| riraiteu|hmm
|leave|SharpAsAttack
|c| shartruce2|on sub yeah
|leave|emcee23
|c| riraiteu|figured energy ball
|c| riraiteu|ohhh he has sub
|c| riraiteu|aight cool
|c| shartruce2|4 attacks is either energy ball or leaf storm
|leave|TheEndVGC
|leave|thespiritinthesky
|c| shartruce2|sub has giga
|c| riraiteu|yeeeee
|leave|testnamedos
|leave|riraiteu
|leave|c423qew
|leave|shartruce2
|leave|LordRay
|leave|Draeden
|leave|elknightoscuro
|leave|Requim
|leave|King Time Stall
|leave|Yuttt.ttttt
|leave|Gizmo
|leave|QuagGod