|join|5th
|join|lil manaphy
|player|p1|5th|52
|player|p2|lil manaphy|8
|gametype|singles
|gen|6
|tier|OU
|rated
|clearpoke
|poke|p1|Metagross
|poke|p1|Rotom-Wash
|poke|p1|Ferrothorn, M
|poke|p1|Landorus-Therian, M
|poke|p1|Keldeo
|poke|p1|Latias, F
|poke|p2|Lopunny, F
|poke|p2|Rotom-Wash
|poke|p2|Gothitelle, M
|poke|p2|Mandibuzz, F
|poke|p2|Heatran, F
|poke|p2|Celebi
|rule|Swagger Clause: Swagger is banned
|rule|Baton Pass Clause: Limit one PokÃ©mon knowing Baton Pass
|rule|Sleep Clause Mod: Limit one foe put to sleep
|rule|Species Clause: Limit one of each PokÃ©mon
|rule|OHKO Clause: OHKO moves are banned
|rule|Moody Clause: Moody is banned
|rule|Evasion Moves Clause: Evasion moves are banned
|rule|Endless Battle Clause: Forcing endless battles is banned
|rule|HP Percentage Mod: HP is shown in percentages
|teampreview
|
|start
|switch|p1a: Rotom-Wash|Rotom-Wash|303\/303
|switch|p2a: Lopunny|Lopunny, F|271\/271
|turn|1
|
|detailschange|p2a: Lopunny|Lopunny-Mega, F
|message|Lopunny has Mega Evolved into Mega Lopunny!
|move|p2a: Lopunny|Fake Out|p1a: Rotom-Wash
|-damage|p1a: Rotom-Wash|246\/303
|cant|p1a: Rotom-Wash|flinch
|
|-heal|p1a: Rotom-Wash|264\/303|[from] item: Leftovers
|turn|2
|
|switch|p2a: Celebi|Celebi|404\/404
|move|p1a: Rotom-Wash|Volt Switch|p2a: Celebi
|-resisted|p2a: Celebi
|-damage|p2a: Celebi|374\/404
|
|switch|p1a: Landorus-Therian|Landorus-Therian, M|319\/319
|-ability|p1a: Landorus-Therian|Intimidate|[of] p2a: Celebi
|-unboost|p2a: Celebi|atk|1
|
|-heal|p2a: Celebi|399\/404|[from] item: Leftovers
|turn|3
|
|switch|p2a: Rotom-Wash|Rotom-Wash|303\/303
|move|p1a: Landorus-Therian|U-turn|p2a: Rotom-Wash
|-damage|p2a: Rotom-Wash|243\/303
|
|switch|p1a: Rotom-Wash|Rotom-Wash|264\/303
|
|-heal|p2a: Rotom-Wash|261\/303|[from] item: Leftovers
|-heal|p1a: Rotom-Wash|282\/303|[from] item: Leftovers
|turn|4
|
|move|p1a: Rotom-Wash|Volt Switch|p2a: Rotom-Wash
|-damage|p2a: Rotom-Wash|186\/303
|
|switch|p1a: Latias|Latias, F|301\/301
|move|p2a: Rotom-Wash|Will-O-Wisp|p1a: Latias
|-status|p1a: Latias|brn
|
|-heal|p2a: Rotom-Wash|204\/303|[from] item: Leftovers
|-damage|p1a: Latias|264\/301 brn|[from] brn
|turn|5
|
|switch|p2a: Celebi|Celebi|399\/404
|move|p1a: Latias|Draco Meteor|p2a: Celebi|[miss]
|-miss|p1a: Latias|p2a: Celebi
|
|-heal|p2a: Celebi|404\/404|[from] item: Leftovers
|-damage|p1a: Latias|227\/301 brn|[from] brn
|turn|6
|
|switch|p1a: Landorus-Therian|Landorus-Therian, M|319\/319
|-ability|p1a: Landorus-Therian|Intimidate|[of] p2a: Celebi
|-unboost|p2a: Celebi|atk|1
|move|p2a: Celebi|Recover|p2a: Celebi
|-fail|p2a: Celebi
|
|turn|7
|
|switch|p2a: Mandibuzz|Mandibuzz, F|424\/424
|move|p1a: Landorus-Therian|U-turn|p2a: Mandibuzz
|-damage|p2a: Mandibuzz|365\/424
|
|switch|p1a: Rotom-Wash|Rotom-Wash|282\/303
|
|-heal|p1a: Rotom-Wash|300\/303|[from] item: Leftovers
|-heal|p2a: Mandibuzz|391\/424|[from] item: Leftovers
|turn|8
|
|switch|p2a: Celebi|Celebi|404\/404
|move|p1a: Rotom-Wash|Volt Switch|p2a: Celebi
|-crit|p2a: Celebi
|-resisted|p2a: Celebi
|-damage|p2a: Celebi|355\/404
|
|switch|p1a: Landorus-Therian|Landorus-Therian, M|319\/319
|-ability|p1a: Landorus-Therian|Intimidate|[of] p2a: Celebi
|-unboost|p2a: Celebi|atk|1
|
|-heal|p2a: Celebi|380\/404|[from] item: Leftovers
|turn|9
|
|switch|p2a: Rotom-Wash|Rotom-Wash|204\/303
|move|p1a: Landorus-Therian|U-turn|p2a: Rotom-Wash
|-damage|p2a: Rotom-Wash|141\/303
|
|switch|p1a: Latias|Latias, F|227\/301 brn
|
|-heal|p2a: Rotom-Wash|159\/303|[from] item: Leftovers
|-damage|p1a: Latias|190\/301 brn|[from] brn
|turn|10
|
|switch|p1a: Landorus-Therian|Landorus-Therian, M|319\/319
|-ability|p1a: Landorus-Therian|Intimidate|[of] p2a: Rotom-Wash
|-unboost|p2a: Rotom-Wash|atk|1
|switch|p2a: Heatran|Heatran, F|386\/386
|
|turn|11
|
|move|p2a: Heatran|Protect|p2a: Heatran
|-singleturn|p2a: Heatran|Protect
|move|p1a: Landorus-Therian|U-turn|p2a: Heatran
|-activate|p2a: Heatran|Protect
|
|turn|12
|
|move|p1a: Landorus-Therian|U-turn|p2a: Heatran
|-resisted|p2a: Heatran
|-damage|p2a: Heatran|364\/386
|
|switch|p1a: Rotom-Wash|Rotom-Wash|300\/303
|move|p2a: Heatran|Stealth Rock|p1a: Rotom-Wash
|-sidestart|p1: 5th|move: Stealth Rock
|
|-heal|p1a: Rotom-Wash|303\/303|[from] item: Leftovers
|-heal|p2a: Heatran|386\/386|[from] item: Leftovers
|turn|13
|
|move|p1a: Rotom-Wash|Volt Switch|p2a: Heatran
|-damage|p2a: Heatran|326\/386
|
|switch|p1a: Latias|Latias, F|190\/301 brn
|-damage|p1a: Latias|153\/301 brn|[from] Stealth Rock
|move|p2a: Heatran|Toxic|p1a: Latias
|-fail|p1a: Latias
|
|-heal|p2a: Heatran|350\/386|[from] item: Leftovers
|-damage|p1a: Latias|116\/301 brn|[from] brn
|turn|14
|
|move|p1a: Latias|Defog|p2a: Heatran
|-unboost|p2a: Heatran|evasion|1
|-sideend|p1: 5th|Stealth Rock|[from] move: Defog|[of] p1a: Latias
|move|p2a: Heatran|Lava Plume|p1a: Latias
|-resisted|p1a: Latias
|-damage|p1a: Latias|68\/301 brn
|
|-heal|p2a: Heatran|374\/386|[from] item: Leftovers
|-damage|p1a: Latias|31\/301 brn|[from] brn
|turn|15
|
|move|p1a: Latias|Draco Meteor|p2a: Heatran
|-resisted|p2a: Heatran
|-damage|p2a: Heatran|287\/386
|-unboost|p1a: Latias|spa|2
|-damage|p1a: Latias|1\/301 brn|[from] item: Life Orb
|move|p2a: Heatran|Stealth Rock|p1a: Latias
|-sidestart|p1: 5th|move: Stealth Rock
|
|-heal|p2a: Heatran|311\/386|[from] item: Leftovers
|-damage|p1a: Latias|0 fnt|[from] brn
|faint|p1a: Latias
|
|switch|p1a: Metagross|Metagross|301\/301
|-damage|p1a: Metagross|283\/301|[from] Stealth Rock
|turn|16
|
|switch|p2a: Mandibuzz|Mandibuzz, F|391\/424
|detailschange|p1a: Metagross|Metagross-Mega
|message|Metagross has Mega Evolved into Mega Metagross!
|move|p1a: Metagross|Earthquake|p2a: Mandibuzz
|-immune|p2a: Mandibuzz|[msg]
|
|-heal|p2a: Mandibuzz|417\/424|[from] item: Leftovers
|turn|17
|
|switch|p1a: Rotom-Wash|Rotom-Wash|303\/303
|-damage|p1a: Rotom-Wash|266\/303|[from] Stealth Rock
|move|p2a: Mandibuzz|Foul Play|p1a: Rotom-Wash
|-damage|p1a: Rotom-Wash|229\/303
|
|-heal|p1a: Rotom-Wash|247\/303|[from] item: Leftovers
|-heal|p2a: Mandibuzz|424\/424|[from] item: Leftovers
|turn|18
|
|move|p1a: Rotom-Wash|Will-O-Wisp|p2a: Mandibuzz
|-status|p2a: Mandibuzz|brn
|move|p2a: Mandibuzz|Roost|p2a: Mandibuzz
|-fail|p2a: Mandibuzz
|
|-heal|p1a: Rotom-Wash|265\/303|[from] item: Leftovers
|-damage|p2a: Mandibuzz|371\/424 brn|[from] brn
|turn|19
|
|switch|p2a: Celebi|Celebi|380\/404
|move|p1a: Rotom-Wash|Hydro Pump|p2a: Celebi
|-resisted|p2a: Celebi
|-damage|p2a: Celebi|326\/404
|
|-heal|p2a: Celebi|351\/404|[from] item: Leftovers
|-heal|p1a: Rotom-Wash|283\/303|[from] item: Leftovers
|turn|20
|
|switch|p1a: Ferrothorn|Ferrothorn, M|352\/352
|-damage|p1a: Ferrothorn|330\/352|[from] Stealth Rock
|move|p2a: Celebi|Giga Drain|p1a: Ferrothorn
|-resisted|p1a: Ferrothorn
|-damage|p1a: Ferrothorn|315\/352
|-heal|p2a: Celebi|359\/404|[from] drain|[of] p1a: Ferrothorn
|
|-heal|p2a: Celebi|384\/404|[from] item: Leftovers
|-heal|p1a: Ferrothorn|337\/352|[from] item: Leftovers
|turn|21
|
|move|p2a: Celebi|Baton Pass|p2a: Celebi
|
|switch|p2a: Gothitelle|Gothitelle, M|301\/301
|move|p1a: Ferrothorn|Stealth Rock|p2a: Gothitelle
|-sidestart|p2: lil manaphy|move: Stealth Rock
|
|-heal|p1a: Ferrothorn|352\/352|[from] item: Leftovers
|turn|22
|
|move|p2a: Gothitelle|Trick|p1a: Ferrothorn
|-activate|p2a: Gothitelle|move: Trick|[of] p1a: Ferrothorn
|-item|p1a: Ferrothorn|Choice Scarf|[from] move: Trick
|-item|p2a: Gothitelle|Leftovers|[from] move: Trick
|move|p1a: Ferrothorn|Gyro Ball|p2a: Gothitelle
|-damage|p2a: Gothitelle|184\/301
|
|-heal|p2a: Gothitelle|202\/301|[from] item: Leftovers
|turn|23
|
|switch|p2a: Rotom-Wash|Rotom-Wash|159\/303
|-damage|p2a: Rotom-Wash|122\/303|[from] Stealth Rock
|move|p1a: Ferrothorn|Gyro Ball|p2a: Rotom-Wash
|-resisted|p2a: Rotom-Wash
|-damage|p2a: Rotom-Wash|103\/303
|
|-heal|p2a: Rotom-Wash|121\/303|[from] item: Leftovers
|turn|24
|
|switch|p1a: Rotom-Wash|Rotom-Wash|283\/303
|-damage|p1a: Rotom-Wash|246\/303|[from] Stealth Rock
|move|p2a: Rotom-Wash|Pain Split|p1a: Rotom-Wash
|-sethp|p1a: Rotom-Wash|183\/303|p2a: Rotom-Wash|183\/303|[from] move: Pain Split
|
|-heal|p2a: Rotom-Wash|201\/303|[from] item: Leftovers
|-heal|p1a: Rotom-Wash|201\/303|[from] item: Leftovers
|turn|25
|
|switch|p2a: Celebi|Celebi|384\/404
|-damage|p2a: Celebi|334\/404|[from] Stealth Rock
|move|p1a: Rotom-Wash|Volt Switch|p2a: Celebi
|-resisted|p2a: Celebi
|-damage|p2a: Celebi|301\/404
|
|switch|p1a: Landorus-Therian|Landorus-Therian, M|319\/319
|-damage|p1a: Landorus-Therian|280\/319|[from] Stealth Rock
|-ability|p1a: Landorus-Therian|Intimidate|[of] p2a: Celebi
|-unboost|p2a: Celebi|atk|1
|
|-heal|p2a: Celebi|326\/404|[from] item: Leftovers
|turn|26
|
|switch|p2a: Rotom-Wash|Rotom-Wash|201\/303
|-damage|p2a: Rotom-Wash|164\/303|[from] Stealth Rock
|move|p1a: Landorus-Therian|U-turn|p2a: Rotom-Wash
|-damage|p2a: Rotom-Wash|105\/303
|
|switch|p1a: Metagross|Metagross-Mega|283\/301
|-damage|p1a: Metagross|265\/301|[from] Stealth Rock
|
|-heal|p2a: Rotom-Wash|123\/303|[from] item: Leftovers
|turn|27
|
|switch|p1a: Rotom-Wash|Rotom-Wash|201\/303
|-damage|p1a: Rotom-Wash|164\/303|[from] Stealth Rock
|switch|p2a: Mandibuzz|Mandibuzz, F|371\/424 brn
|-damage|p2a: Mandibuzz|265\/424 brn|[from] Stealth Rock
|
|-heal|p1a: Rotom-Wash|182\/303|[from] item: Leftovers
|-heal|p2a: Mandibuzz|291\/424 brn|[from] item: Leftovers
|-damage|p2a: Mandibuzz|238\/424 brn|[from] brn
|turn|28
|
|move|p1a: Rotom-Wash|Volt Switch|p2a: Mandibuzz
|-supereffective|p2a: Mandibuzz
|-damage|p2a: Mandibuzz|64\/424 brn
|
|switch|p1a: Keldeo|Keldeo|323\/323
|-damage|p1a: Keldeo|303\/323|[from] Stealth Rock
|move|p2a: Mandibuzz|Roost|p2a: Mandibuzz
|-heal|p2a: Mandibuzz|276\/424 brn
|
|-heal|p1a: Keldeo|323\/323|[from] item: Leftovers
|-heal|p2a: Mandibuzz|302\/424 brn|[from] item: Leftovers
|-damage|p2a: Mandibuzz|249\/424 brn|[from] brn
|turn|29
|
|switch|p2a: Celebi|Celebi|326\/404
|-damage|p2a: Celebi|276\/404|[from] Stealth Rock
|move|p1a: Keldeo|Substitute|p1a: Keldeo
|-start|p1a: Keldeo|Substitute
|-damage|p1a: Keldeo|243\/323
|
|-heal|p1a: Keldeo|263\/323|[from] item: Leftovers
|-heal|p2a: Celebi|301\/404|[from] item: Leftovers
|turn|30
|
|move|p1a: Keldeo|Scald|p2a: Celebi
|-resisted|p2a: Celebi
|-damage|p2a: Celebi|251\/404
|-status|p2a: Celebi|brn
|move|p2a: Celebi|Giga Drain|p1a: Keldeo
|-supereffective|p1a: Keldeo
|-end|p1a: Keldeo|Substitute
|-heal|p2a: Celebi|291\/404 brn|[from] drain|[of] p1a: Keldeo
|
|-heal|p1a: Keldeo|283\/323|[from] item: Leftovers
|-heal|p2a: Celebi|316\/404 brn|[from] item: Leftovers
|-damage|p2a: Celebi|266\/404 brn|[from] brn
|turn|31
|
|switch|p1a: Ferrothorn|Ferrothorn, M|352\/352
|-damage|p1a: Ferrothorn|330\/352|[from] Stealth Rock
|move|p2a: Celebi|Baton Pass|p2a: Celebi
|
|switch|p2a: Heatran|Heatran, F|311\/386
|-damage|p2a: Heatran|263\/386|[from] Stealth Rock
|
|-heal|p2a: Heatran|287\/386|[from] item: Leftovers
|turn|32
|
|switch|p2a: Lopunny|Lopunny-Mega, F|271\/271
|-damage|p2a: Lopunny|255\/271|[from] Stealth Rock
|switch|p1a: Rotom-Wash|Rotom-Wash|182\/303
|-damage|p1a: Rotom-Wash|145\/303|[from] Stealth Rock
|
|-heal|p1a: Rotom-Wash|163\/303|[from] item: Leftovers
|turn|33
|
|switch|p1a: Ferrothorn|Ferrothorn, M|330\/352
|-damage|p1a: Ferrothorn|308\/352|[from] Stealth Rock
|move|p2a: Lopunny|Fake Out|p1a: Ferrothorn
|-crit|p1a: Ferrothorn
|-resisted|p1a: Ferrothorn
|-damage|p1a: Ferrothorn|266\/352
|-damage|p2a: Lopunny|222\/271|[from] ability: Iron Barbs|[of] p1a: Ferrothorn
|
|turn|34
|
|switch|p2a: Gothitelle|Gothitelle, M|202\/301
|-damage|p2a: Gothitelle|165\/301|[from] Stealth Rock
|move|p1a: Ferrothorn|Gyro Ball|p2a: Gothitelle
|-damage|p2a: Gothitelle|42\/301
|
|-heal|p2a: Gothitelle|60\/301|[from] item: Leftovers
|turn|35
|
|move|p2a: Gothitelle|Rest|p2a: Gothitelle
|-status|p2a: Gothitelle|slp
|-heal|p2a: Gothitelle|301\/301 slp|[silent]
|-status|p2a: Gothitelle|slp|[from] move: Rest
|move|p1a: Ferrothorn|Gyro Ball|p2a: Gothitelle
|-damage|p2a: Gothitelle|178\/301 slp
|
|-heal|p2a: Gothitelle|196\/301 slp|[from] item: Leftovers
|turn|36
|
|switch|p2a: Heatran|Heatran, F|287\/386
|-damage|p2a: Heatran|239\/386|[from] Stealth Rock
|move|p1a: Ferrothorn|Gyro Ball|p2a: Heatran
|-resisted|p2a: Heatran
|-damage|p2a: Heatran|220\/386
|
|-heal|p2a: Heatran|244\/386|[from] item: Leftovers
|turn|37
|
|move|p2a: Heatran|Toxic|p1a: Ferrothorn
|-fail|p1a: Ferrothorn
|move|p1a: Ferrothorn|Gyro Ball|p2a: Heatran
|-resisted|p2a: Heatran
|-damage|p2a: Heatran|223\/386
|
|-heal|p2a: Heatran|247\/386|[from] item: Leftovers
|turn|38
|
|switch|p1a: Rotom-Wash|Rotom-Wash|163\/303
|-damage|p1a: Rotom-Wash|126\/303|[from] Stealth Rock
|move|p2a: Heatran|Toxic|p1a: Rotom-Wash
|-status|p1a: Rotom-Wash|tox
|
|-heal|p1a: Rotom-Wash|144\/303 tox|[from] item: Leftovers
|-heal|p2a: Heatran|271\/386|[from] item: Leftovers
|-damage|p1a: Rotom-Wash|126\/303 tox|[from] psn
|turn|39
|
|move|p2a: Heatran|Protect|p2a: Heatran
|-singleturn|p2a: Heatran|Protect
|move|p1a: Rotom-Wash|Volt Switch|p2a: Heatran
|-activate|p2a: Heatran|Protect
|
|-heal|p1a: Rotom-Wash|144\/303 tox|[from] item: Leftovers
|-heal|p2a: Heatran|295\/386|[from] item: Leftovers
|-damage|p1a: Rotom-Wash|108\/303 tox|[from] psn
|turn|40
|
|switch|p2a: Celebi|Celebi|266\/404
|-damage|p2a: Celebi|216\/404|[from] Stealth Rock
|move|p1a: Rotom-Wash|Hydro Pump|p2a: Celebi
|-resisted|p2a: Celebi
|-damage|p2a: Celebi|162\/404
|
|-heal|p2a: Celebi|187\/404|[from] item: Leftovers
|-heal|p1a: Rotom-Wash|126\/303 tox|[from] item: Leftovers
|-damage|p1a: Rotom-Wash|72\/303 tox|[from] psn
|turn|41
|
|move|p2a: Celebi|Giga Drain|p1a: Rotom-Wash
|-crit|p1a: Rotom-Wash
|-supereffective|p1a: Rotom-Wash
|-damage|p1a: Rotom-Wash|0 fnt
|-heal|p2a: Celebi|223\/404|[from] drain|[of] p1a: Rotom-Wash
|faint|p1a: Rotom-Wash
|
|-heal|p2a: Celebi|248\/404|[from] item: Leftovers
|
|switch|p1a: Landorus-Therian|Landorus-Therian, M|280\/319
|-damage|p1a: Landorus-Therian|241\/319|[from] Stealth Rock
|-ability|p1a: Landorus-Therian|Intimidate|[of] p2a: Celebi
|-unboost|p2a: Celebi|atk|1
|turn|42
|
|switch|p2a: Heatran|Heatran, F|295\/386
|-damage|p2a: Heatran|247\/386|[from] Stealth Rock
|move|p1a: Landorus-Therian|U-turn|p2a: Heatran
|-resisted|p2a: Heatran
|-damage|p2a: Heatran|226\/386
|
|switch|p1a: Metagross|Metagross-Mega|265\/301
|-damage|p1a: Metagross|247\/301|[from] Stealth Rock
|
|-heal|p2a: Heatran|250\/386|[from] item: Leftovers
|turn|43
|
|switch|p2a: Rotom-Wash|Rotom-Wash|123\/303
|-damage|p2a: Rotom-Wash|86\/303|[from] Stealth Rock
|move|p1a: Metagross|Earthquake|p2a: Rotom-Wash
|-immune|p2a: Rotom-Wash|[msg]
|
|-heal|p2a: Rotom-Wash|104\/303|[from] item: Leftovers
|turn|44
|
|switch|p2a: Mandibuzz|Mandibuzz, F|249\/424 brn
|-damage|p2a: Mandibuzz|143\/424 brn|[from] Stealth Rock
|move|p1a: Metagross|Zen Headbutt|p2a: Mandibuzz
|-immune|p2a: Mandibuzz|[msg]
|
|-heal|p2a: Mandibuzz|169\/424 brn|[from] item: Leftovers
|-damage|p2a: Mandibuzz|116\/424 brn|[from] brn
|turn|45
|
|move|p1a: Metagross|Meteor Mash|p2a: Mandibuzz
|-damage|p2a: Mandibuzz|0 fnt
|-boost|p1a: Metagross|atk|1
|faint|p2a: Mandibuzz
|
|
|switch|p2a: Lopunny|Lopunny-Mega, F|222\/271
|-damage|p2a: Lopunny|206\/271|[from] Stealth Rock
|turn|46
|
|switch|p1a: Ferrothorn|Ferrothorn, M|266\/352
|-damage|p1a: Ferrothorn|244\/352|[from] Stealth Rock
|move|p2a: Lopunny|Fake Out|p1a: Ferrothorn
|-resisted|p1a: Ferrothorn
|-damage|p1a: Ferrothorn|217\/352
|-damage|p2a: Lopunny|173\/271|[from] ability: Iron Barbs|[of] p1a: Ferrothorn
|
|turn|47
|
|move|p1a: Ferrothorn|Protect|p1a: Ferrothorn
|-singleturn|p1a: Ferrothorn|Protect
|move|p2a: Lopunny|High Jump Kick|p1a: Ferrothorn
|-activate|p1a: Ferrothorn|Protect
|-damage|p2a: Lopunny|38\/271|[from] highjumpkick
|
|turn|48
|
|move|p1a: Ferrothorn|Protect|p1a: Ferrothorn
|-fail|p1a: Ferrothorn
|move|p2a: Lopunny|High Jump Kick|p1a: Ferrothorn
|-supereffective|p1a: Ferrothorn
|-damage|p1a: Ferrothorn|0 fnt
|-damage|p2a: Lopunny|5\/271|[from] ability: Iron Barbs|[of] p1a: Ferrothorn
|faint|p1a: Ferrothorn
|
|
|switch|p1a: Landorus-Therian|Landorus-Therian, M|241\/319
|-damage|p1a: Landorus-Therian|202\/319|[from] Stealth Rock
|-ability|p1a: Landorus-Therian|Intimidate|[of] p2a: Lopunny
|-unboost|p2a: Lopunny|atk|1
|turn|49
|
|move|p1a: Landorus-Therian|U-turn|p2a: Lopunny
|-resisted|p2a: Lopunny
|-damage|p2a: Lopunny|0 fnt
|faint|p2a: Lopunny
|
|switch|p1a: Metagross|Metagross-Mega|247\/301
|-damage|p1a: Metagross|229\/301|[from] Stealth Rock
|
|
|switch|p2a: Rotom-Wash|Rotom-Wash|104\/303
|-damage|p2a: Rotom-Wash|67\/303|[from] Stealth Rock
|turn|50
|
|move|p1a: Metagross|Zen Headbutt|p2a: Rotom-Wash
|-damage|p2a: Rotom-Wash|0 fnt
|faint|p2a: Rotom-Wash
|
|-message|lil manaphy forfeited.
|
|win|5th
|raw|Ladder updating...
|leave|lil manaphy
|player|p2
|raw|5th's rating: 1599 &rarr; <strong>1622<\/strong><br \/>(+23 for winning)
|raw|lil manaphy's rating: 1638 &rarr; <strong>1616<\/strong><br \/>(-22 for losing)