|join|XxDarkDevil3xX
|join|5th
|player|p1|XxDarkDevil3xX|274
|player|p2|5th|52
|gametype|singles
|gen|6
|tier|OU
|clearpoke
|poke|p1|Camerupt, M, shiny
|poke|p1|Cofagrigus, M
|poke|p1|Magnezone
|poke|p1|Conkeldurr, M, shiny
|poke|p1|Cresselia, F
|poke|p1|Azumarill, M
|poke|p2|Metagross
|poke|p2|Rotom-Wash
|poke|p2|Ferrothorn, F
|poke|p2|Landorus-Therian, M
|poke|p2|Keldeo
|poke|p2|Latias, F
|rule|Swagger Clause: Swagger is banned
|rule|Baton Pass Clause: Limit one PokÃ©mon knowing Baton Pass
|rule|Sleep Clause Mod: Limit one foe put to sleep
|rule|Species Clause: Limit one of each PokÃ©mon
|rule|OHKO Clause: OHKO moves are banned
|rule|Moody Clause: Moody is banned
|rule|Evasion Moves Clause: Evasion moves are banned
|rule|Endless Battle Clause: Forcing endless battles is banned
|rule|HP Percentage Mod: HP is shown in percentages
|teampreview
|join|sda gb
|join|TRAPNATION
|join|Specs Fake-Out
|
|start
|switch|p1a: Azumarill|Azumarill, M|404\/404
|switch|p2a: Rotom-Wash|Rotom-Wash|303\/303
|turn|1
|join|Diancie sweep
|join|TheSkyAboveUs
|
|switch|p1a: Conkeldurr|Conkeldurr, M, shiny|414\/414
|move|p2a: Rotom-Wash|Volt Switch|p1a: Conkeldurr
|-damage|p1a: Conkeldurr|335\/414
|
|switch|p2a: Metagross|Metagross|301\/301
|
|turn|2
|
|switch|p1a: Cofagrigus|Cofagrigus, M|320\/320
|detailschange|p2a: Metagross|Metagross-Mega
|message|Metagross has Mega Evolved into Mega Metagross!
|move|p2a: Metagross|Zen Headbutt|p1a: Cofagrigus
|-damage|p1a: Cofagrigus|208\/320
|-endability|p2a: Metagross|toughclaws|[from] Mummy
|-ability|p2a: Metagross|Mummy|[from] Mummy
|
|-heal|p1a: Cofagrigus|228\/320|[from] item: Leftovers
|turn|3
|
|switch|p2a: Rotom-Wash|Rotom-Wash|303\/303
|move|p1a: Cofagrigus|Trick Room|p1a: Cofagrigus
|-fieldstart|move: Trick Room|[of] p1a: Cofagrigus
|
|-heal|p1a: Cofagrigus|248\/320|[from] item: Leftovers
|turn|4
|
|move|p1a: Cofagrigus|Will-O-Wisp|p2a: Rotom-Wash|[miss]
|-miss|p1a: Cofagrigus|p2a: Rotom-Wash
|move|p2a: Rotom-Wash|Will-O-Wisp|p1a: Cofagrigus|[miss]
|-miss|p2a: Rotom-Wash|p1a: Cofagrigus
|
|-heal|p1a: Cofagrigus|268\/320|[from] item: Leftovers
|turn|5
|c| sda gb|nice
|leave|TRAPNATION
|
|move|p1a: Cofagrigus|Will-O-Wisp|p2a: Rotom-Wash
|-status|p2a: Rotom-Wash|brn
|move|p2a: Rotom-Wash|Volt Switch|p1a: Cofagrigus
|-damage|p1a: Cofagrigus|187\/320
|
|switch|p2a: Metagross|Metagross-Mega|301\/301
|
|-heal|p1a: Cofagrigus|207\/320|[from] item: Leftovers
|turn|6
|c| TheSkyAboveUs|Free burn?
|
|switch|p1a: Magnezone|Magnezone|344\/344
|-item|p1a: Magnezone|Air Balloon
|switch|p2a: Rotom-Wash|Rotom-Wash|303\/303 brn
|
|-damage|p2a: Rotom-Wash|266\/303 brn|[from] brn
|turn|7
|
|move|p1a: Magnezone|Flash Cannon|p2a: Rotom-Wash
|-resisted|p2a: Rotom-Wash
|-damage|p2a: Rotom-Wash|230\/303 brn
|move|p2a: Rotom-Wash|Volt Switch|p1a: Magnezone
|-crit|p1a: Magnezone
|-resisted|p1a: Magnezone
|-damage|p1a: Magnezone|273\/344
|-enditem|p1a: Magnezone|Air Balloon
|
|switch|p2a: Landorus-Therian|Landorus-Therian, M|319\/319
|-ability|p2a: Landorus-Therian|Intimidate|[of] p1a: Magnezone
|-unboost|p1a: Magnezone|atk|1
|
|-fieldend|move: Trick Room
|turn|8
|c| TheSkyAboveUs|Just broke ur ballon for no reason
|leave|Diancie sweep
|leave|TheSkyAboveUs
|join|Two-Head Eagle
|
|switch|p1a: Cofagrigus|Cofagrigus, M|207\/320
|move|p2a: Landorus-Therian|U-turn|p1a: Cofagrigus
|-resisted|p1a: Cofagrigus
|-damage|p1a: Cofagrigus|182\/320
|-endability|p2a: Landorus-Therian|intimidate|[from] Mummy
|-ability|p2a: Landorus-Therian|Mummy|[from] Mummy
|
|switch|p2a: Keldeo|Keldeo|323\/323
|
|-heal|p1a: Cofagrigus|202\/320|[from] item: Leftovers
|turn|9
|leave|Two-Head Eagle
|
|switch|p1a: Cresselia|Cresselia, F|444\/444
|move|p2a: Keldeo|Scald|p1a: Cresselia
|-damage|p1a: Cresselia|365\/444
|
|-heal|p1a: Cresselia|392\/444|[from] item: Leftovers
|turn|10
|
|switch|p2a: Ferrothorn|Ferrothorn, F|352\/352
|move|p1a: Cresselia|Trick Room|p1a: Cresselia
|-fieldstart|move: Trick Room|[of] p1a: Cresselia
|
|-heal|p1a: Cresselia|419\/444|[from] item: Leftovers
|turn|11
|
|switch|p2a: Rotom-Wash|Rotom-Wash|230\/303 brn
|switch|p1a: Magnezone|Magnezone|273\/344
|
|-heal|p2a: Rotom-Wash|248\/303 brn|[from] item: Leftovers
|-damage|p2a: Rotom-Wash|211\/303 brn|[from] brn
|turn|12
|
|move|p1a: Magnezone|Volt Switch|p2a: Rotom-Wash
|-damage|p2a: Rotom-Wash|76\/303 brn
|
|switch|p1a: Camerupt|Camerupt, M, shiny|344\/344
|move|p2a: Rotom-Wash|Pain Split|p1a: Camerupt
|-sethp|p1a: Camerupt|210\/344|p2a: Rotom-Wash|210\/303 brn|[from] move: Pain Split
|
|-heal|p2a: Rotom-Wash|228\/303 brn|[from] item: Leftovers
|-damage|p2a: Rotom-Wash|191\/303 brn|[from] brn
|turn|13
|
|switch|p1a: Cresselia|Cresselia, F|419\/444
|move|p2a: Rotom-Wash|Hydro Pump|p1a: Cresselia
|-damage|p1a: Cresselia|341\/444
|
|-heal|p1a: Cresselia|368\/444|[from] item: Leftovers
|-heal|p2a: Rotom-Wash|209\/303 brn|[from] item: Leftovers
|-damage|p2a: Rotom-Wash|172\/303 brn|[from] brn
|turn|14
|
|move|p1a: Cresselia|Psychic|p2a: Rotom-Wash
|-damage|p2a: Rotom-Wash|93\/303 brn
|move|p2a: Rotom-Wash|Pain Split|p1a: Cresselia
|-sethp|p1a: Cresselia|230\/444|p2a: Rotom-Wash|230\/303 brn|[from] move: Pain Split
|
|-heal|p1a: Cresselia|257\/444|[from] item: Leftovers
|-heal|p2a: Rotom-Wash|248\/303 brn|[from] item: Leftovers
|-damage|p2a: Rotom-Wash|211\/303 brn|[from] brn
|-fieldend|move: Trick Room
|turn|15
|
|move|p2a: Rotom-Wash|Volt Switch|p1a: Cresselia
|-damage|p1a: Cresselia|202\/444
|join|beejesus
|
|switch|p2a: Landorus-Therian|Landorus-Therian, M|319\/319
|-ability|p2a: Landorus-Therian|Intimidate|[of] p1a: Cresselia
|-unboost|p1a: Cresselia|atk|1
|move|p1a: Cresselia|Trick Room|p1a: Cresselia
|-fieldstart|move: Trick Room|[of] p1a: Cresselia
|
|-heal|p1a: Cresselia|229\/444|[from] item: Leftovers
|turn|16
|
|switch|p1a: Cofagrigus|Cofagrigus, M|202\/320
|move|p2a: Landorus-Therian|U-turn|p1a: Cofagrigus
|-resisted|p1a: Cofagrigus
|-damage|p1a: Cofagrigus|174\/320
|-endability|p2a: Landorus-Therian|intimidate|[from] Mummy
|-ability|p2a: Landorus-Therian|Mummy|[from] Mummy
|
|switch|p2a: Rotom-Wash|Rotom-Wash|211\/303 brn
|
|-heal|p1a: Cofagrigus|194\/320|[from] item: Leftovers
|-heal|p2a: Rotom-Wash|229\/303 brn|[from] item: Leftovers
|-damage|p2a: Rotom-Wash|192\/303 brn|[from] brn
|turn|17
|
|move|p1a: Cofagrigus|Hex|p2a: Rotom-Wash
|-damage|p2a: Rotom-Wash|32\/303 brn
|move|p2a: Rotom-Wash|Hydro Pump|p1a: Cofagrigus
|-damage|p1a: Cofagrigus|76\/320
|
|-heal|p1a: Cofagrigus|96\/320|[from] item: Leftovers
|-heal|p2a: Rotom-Wash|50\/303 brn|[from] item: Leftovers
|-damage|p2a: Rotom-Wash|13\/303 brn|[from] brn
|turn|18
|
|switch|p2a: Keldeo|Keldeo|323\/323
|move|p1a: Cofagrigus|Hex|p2a: Keldeo
|-damage|p2a: Keldeo|230\/323
|
|-heal|p1a: Cofagrigus|116\/320|[from] item: Leftovers
|-heal|p2a: Keldeo|250\/323|[from] item: Leftovers
|turn|19
|
|move|p1a: Cofagrigus|Pain Split|p2a: Keldeo
|-sethp|p2a: Keldeo|183\/323|p1a: Cofagrigus|183\/320|[from] move: Pain Split
|move|p2a: Keldeo|Scald|p1a: Cofagrigus
|-damage|p1a: Cofagrigus|56\/320
|
|-heal|p1a: Cofagrigus|76\/320|[from] item: Leftovers
|-heal|p2a: Keldeo|203\/323|[from] item: Leftovers
|-fieldend|move: Trick Room
|turn|20
|
|switch|p1a: Conkeldurr|Conkeldurr, M, shiny|335\/414
|move|p2a: Keldeo|Scald|p1a: Conkeldurr
|-damage|p1a: Conkeldurr|193\/414
|-status|p1a: Conkeldurr|brn
|
|-heal|p2a: Keldeo|223\/323|[from] item: Leftovers
|-damage|p1a: Conkeldurr|142\/414 brn|[from] brn
|turn|21
|
|switch|p1a: Cresselia|Cresselia, F|229\/444
|move|p2a: Keldeo|Secret Sword|p1a: Cresselia
|-resisted|p1a: Cresselia
|-damage|p1a: Cresselia|168\/444
|
|-heal|p2a: Keldeo|243\/323|[from] item: Leftovers
|-heal|p1a: Cresselia|195\/444|[from] item: Leftovers
|turn|22
|
|move|p2a: Keldeo|Scald|p1a: Cresselia
|-crit|p1a: Cresselia
|-damage|p1a: Cresselia|69\/444
|move|p1a: Cresselia|Moonlight|p1a: Cresselia
|-heal|p1a: Cresselia|291\/444
|
|-heal|p2a: Keldeo|263\/323|[from] item: Leftovers
|-heal|p1a: Cresselia|318\/444|[from] item: Leftovers
|turn|23
|
|switch|p2a: Landorus-Therian|Landorus-Therian, M|319\/319
|-ability|p2a: Landorus-Therian|Intimidate|[of] p1a: Cresselia
|-unboost|p1a: Cresselia|atk|1
|move|p1a: Cresselia|Trick Room|p1a: Cresselia
|-fieldstart|move: Trick Room|[of] p1a: Cresselia
|
|-heal|p1a: Cresselia|345\/444|[from] item: Leftovers
|turn|24
|
|move|p1a: Cresselia|Toxic|p2a: Landorus-Therian
|-status|p2a: Landorus-Therian|tox
|move|p2a: Landorus-Therian|U-turn|p1a: Cresselia
|-supereffective|p1a: Cresselia
|-damage|p1a: Cresselia|201\/444
|
|switch|p2a: Keldeo|Keldeo|263\/323
|
|-heal|p1a: Cresselia|228\/444|[from] item: Leftovers
|-heal|p2a: Keldeo|283\/323|[from] item: Leftovers
|turn|25
|
|switch|p2a: Metagross|Metagross-Mega|301\/301
|move|p1a: Cresselia|Toxic|p2a: Metagross
|-fail|p2a: Metagross
|
|-heal|p1a: Cresselia|255\/444|[from] item: Leftovers
|turn|26
|join|TRAPNATION
|
|switch|p1a: Cofagrigus|Cofagrigus, M|76\/320
|move|p2a: Metagross|Meteor Mash|p1a: Cofagrigus
|-damage|p1a: Cofagrigus|0 fnt
|-endability|p2a: Metagross|toughclaws|[from] Mummy
|-ability|p2a: Metagross|Mummy|[from] Mummy
|faint|p1a: Cofagrigus
|
|
|switch|p1a: Camerupt|Camerupt, M, shiny|210\/344
|turn|27
|
|switch|p2a: Latias|Latias, F|301\/301
|detailschange|p1a: Camerupt|Camerupt-Mega, M, shiny
|message|Camerupt has Mega Evolved into Mega Camerupt!
|move|p1a: Camerupt|Fire Blast|p2a: Latias
|-crit|p2a: Latias
|-resisted|p2a: Latias
|-damage|p2a: Latias|108\/301
|
|-fieldend|move: Trick Room
|turn|28
|leave|sda gb
|
|switch|p1a: Cresselia|Cresselia, F|255\/444
|move|p2a: Latias|Psyshock|p1a: Cresselia
|-resisted|p1a: Cresselia
|-damage|p1a: Cresselia|189\/444
|-damage|p2a: Latias|78\/301|[from] item: Life Orb
|
|-heal|p1a: Cresselia|216\/444|[from] item: Leftovers
|turn|29
|leave|beejesus
|
|move|p2a: Latias|Draco Meteor|p1a: Cresselia
|-damage|p1a: Cresselia|44\/444
|-unboost|p2a: Latias|spa|2
|-damage|p2a: Latias|48\/301|[from] item: Life Orb
|move|p1a: Cresselia|Moonlight|p1a: Cresselia
|-heal|p1a: Cresselia|266\/444
|
|-heal|p1a: Cresselia|293\/444|[from] item: Leftovers
|turn|30
|
|move|p2a: Latias|Healing Wish|p2a: Latias
|faint|p2a: Latias
|move|p1a: Cresselia|Trick Room|p1a: Cresselia
|-fieldstart|move: Trick Room|[of] p1a: Cresselia
|
|-heal|p1a: Cresselia|320\/444|[from] item: Leftovers
|
|switch|p2a: Rotom-Wash|Rotom-Wash|13\/303 brn
|-heal|p2a: Rotom-Wash|303\/303|[from] move: Healing Wish
|turn|31
|join|Two-Head Eagle
|
|switch|p1a: Camerupt|Camerupt-Mega, M, shiny|210\/344
|switch|p2a: Metagross|Metagross-Mega|301\/301
|
|turn|32
|
|switch|p2a: Rotom-Wash|Rotom-Wash|303\/303
|move|p1a: Camerupt|Hidden Power|p2a: Rotom-Wash
|-supereffective|p2a: Rotom-Wash
|-damage|p2a: Rotom-Wash|155\/303
|
|-heal|p2a: Rotom-Wash|173\/303|[from] item: Leftovers
|turn|33
|
|move|p1a: Camerupt|Hidden Power|p2a: Rotom-Wash
|-supereffective|p2a: Rotom-Wash
|-damage|p2a: Rotom-Wash|1\/303
|move|p2a: Rotom-Wash|Hydro Pump|p1a: Camerupt|[miss]
|-miss|p2a: Rotom-Wash|p1a: Camerupt
|
|-heal|p2a: Rotom-Wash|19\/303|[from] item: Leftovers
|turn|34
|c| TRAPNATION|nb
|c|â5th|welp
|
|move|p1a: Camerupt|Fire Blast|p2a: Rotom-Wash
|-resisted|p2a: Rotom-Wash
|-damage|p2a: Rotom-Wash|0 fnt
|faint|p2a: Rotom-Wash
|
|-fieldend|move: Trick Room
|
|switch|p2a: Metagross|Metagross-Mega|301\/301
|turn|35
|c| Specs Fake-Out|risking the miss lol
|
|switch|p1a: Conkeldurr|Conkeldurr, M, shiny|142\/414 brn
|move|p2a: Metagross|Meteor Mash|p1a: Conkeldurr
|-damage|p1a: Conkeldurr|0 fnt
|faint|p1a: Conkeldurr
|
|
|switch|p1a: Cresselia|Cresselia, F|320\/444
|turn|36
|leave|Two-Head Eagle
|
|move|p2a: Metagross|Meteor Mash|p1a: Cresselia|[miss]
|-miss|p2a: Metagross|p1a: Cresselia
|move|p1a: Cresselia|Trick Room|p1a: Cresselia
|-fieldstart|move: Trick Room|[of] p1a: Cresselia
|
|-heal|p1a: Cresselia|347\/444|[from] item: Leftovers
|turn|37
|c| TRAPNATION|cress is a bitch
|
|switch|p1a: Magnezone|Magnezone|273\/344
|move|p2a: Metagross|Earthquake|p1a: Magnezone
|-supereffective|p1a: Magnezone
|-damage|p1a: Magnezone|0 fnt
|faint|p1a: Magnezone
|
|
|switch|p1a: Camerupt|Camerupt-Mega, M, shiny|210\/344
|turn|38
|
|switch|p2a: Landorus-Therian|Landorus-Therian, M|319\/319 tox
|-ability|p2a: Landorus-Therian|Intimidate|[of] p1a: Camerupt
|-unboost|p1a: Camerupt|atk|1
|move|p1a: Camerupt|Earth Power|p2a: Landorus-Therian
|-immune|p2a: Landorus-Therian|[msg]
|
|-damage|p2a: Landorus-Therian|300\/319 tox|[from] psn
|turn|39
|c| Specs Fake-Out|no switch ins
|c| Specs Fake-Out|fire blast was free damage
|c| TRAPNATION|^
|c| Specs Fake-Out|...
|
|move|p1a: Camerupt|Fire Blast|p2a: Landorus-Therian
|-damage|p2a: Landorus-Therian|0 fnt
|faint|p2a: Landorus-Therian
|
|
|switch|p2a: Ferrothorn|Ferrothorn, F|352\/352
|turn|40
|
|switch|p2a: Keldeo|Keldeo|283\/323
|move|p1a: Camerupt|Fire Blast|p2a: Keldeo
|-resisted|p2a: Keldeo
|-damage|p2a: Keldeo|133\/323
|
|-heal|p2a: Keldeo|153\/323|[from] item: Leftovers
|-fieldend|move: Trick Room
|turn|41
|
|move|p2a: Keldeo|Scald|p1a: Camerupt
|-supereffective|p1a: Camerupt
|-damage|p1a: Camerupt|0 fnt
|faint|p1a: Camerupt
|
|-heal|p2a: Keldeo|173\/323|[from] item: Leftovers
|
|switch|p1a: Azumarill|Azumarill, M|404\/404
|turn|42
|
|switch|p2a: Ferrothorn|Ferrothorn, F|352\/352
|move|p1a: Azumarill|Superpower|p2a: Ferrothorn
|-supereffective|p2a: Ferrothorn
|-damage|p2a: Ferrothorn|0 fnt
|-damage|p1a: Azumarill|354\/404|[from] ability: Iron Barbs|[of] p2a: Ferrothorn
|-unboost|p1a: Azumarill|atk|1
|-unboost|p1a: Azumarill|def|1
|faint|p2a: Ferrothorn
|
|
|switch|p2a: Metagross|Metagross-Mega|301\/301
|turn|43
|
|switch|p1a: Cresselia|Cresselia, F|347\/444
|move|p2a: Metagross|Meteor Mash|p1a: Cresselia
|-damage|p1a: Cresselia|149\/444
|
|-heal|p1a: Cresselia|176\/444|[from] item: Leftovers
|turn|44
|
|move|p2a: Metagross|Meteor Mash|p1a: Cresselia
|-damage|p1a: Cresselia|0 fnt
|faint|p1a: Cresselia
|
|
|switch|p1a: Azumarill|Azumarill, M|354\/404
|turn|45
|
|move|p2a: Metagross|Meteor Mash|p1a: Azumarill
|-damage|p1a: Azumarill|87\/404
|move|p1a: Azumarill|Waterfall|p2a: Metagross
|-damage|p2a: Metagross|109\/301
|
|turn|46
|c|âXxDarkDevil3xX|gg
|c| TRAPNATION|gg
|leave|TRAPNATION
|c|â5th|gg
|
|move|p2a: Metagross|Meteor Mash|p1a: Azumarill|[miss]
|-miss|p2a: Metagross|p1a: Azumarill
|move|p1a: Azumarill|Waterfall|p2a: Metagross
|-damage|p2a: Metagross|0 fnt
|faint|p2a: Metagross
|
|
|switch|p2a: Keldeo|Keldeo|173\/323
|turn|47
|c| Specs Fake-Out|lmao
|c|â5th|90 acc stop
|c|â5th|pls
|
|move|p2a: Keldeo|Secret Sword|p1a: Azumarill
|-resisted|p1a: Azumarill
|-damage|p1a: Azumarill|1\/404
|move|p1a: Azumarill|Waterfall|p2a: Keldeo
|-resisted|p2a: Keldeo
|-damage|p2a: Keldeo|37\/323
|
|-heal|p2a: Keldeo|57\/323|[from] item: Leftovers
|turn|48
|
|move|p2a: Keldeo|Scald|p1a: Azumarill
|-resisted|p1a: Azumarill
|-damage|p1a: Azumarill|0 fnt
|faint|p1a: Azumarill
|
|win|5th