|join|5th
|join|sonyfan
|player|p1|5th|20
|player|p2|sonyfan|101
|gametype|singles
|gen|6
|tier|OU
|clearpoke
|poke|p1|Sceptile, F
|poke|p1|Heatran, M
|poke|p1|Manaphy
|poke|p1|Landorus-Therian, M
|poke|p1|Clefable, M
|poke|p1|Rotom-Wash
|poke|p2|Beedrill, F, shiny
|poke|p2|Magnezone
|poke|p2|Garchomp, F
|poke|p2|Diggersby, F, shiny
|poke|p2|Latias, F
|poke|p2|Azumarill, F
|rule|Swagger Clause: Swagger is banned
|rule|Baton Pass Clause: Limit one PokÃ©mon knowing Baton Pass
|rule|Sleep Clause Mod: Limit one foe put to sleep
|rule|Species Clause: Limit one of each PokÃ©mon
|rule|OHKO Clause: OHKO moves are banned
|rule|Moody Clause: Moody is banned
|rule|Evasion Moves Clause: Evasion moves are banned
|rule|Endless Battle Clause: Forcing endless battles is banned
|rule|HP Percentage Mod: HP is shown in percentages
|teampreview
|join|CHABObaba
|join|pye
|c|â5th|glhf
|
|start
|switch|p1a: Rotom-Wash|Rotom-Wash|303\/303
|switch|p2a: Bee|Beedrill, F, shiny|271\/271
|turn|1
|c|âsonyfan|gl hf
|join|Zagmzp
|
|detailschange|p2a: Bee|Beedrill-Mega, F, shiny
|message|Beedrill has Mega Evolved into Mega Beedrill!
|move|p2a: Bee|U-turn|p1a: Rotom-Wash
|-damage|p1a: Rotom-Wash|171\/303
|join|dfgdgfdg
|
|switch|p2a: Latias|Latias, F|309\/309
|move|p1a: Rotom-Wash|Will-O-Wisp|p2a: Latias
|-status|p2a: Latias|brn
|
|-heal|p1a: Rotom-Wash|189\/303|[from] item: Leftovers
|-damage|p2a: Latias|271\/309 brn|[from] brn
|turn|2
|join|Jamel
|c|â5th|finally the bee isn't a giant
|
|switch|p1a: Clefable|Clefable, M|393\/393
|move|p2a: Latias|Surf|p1a: Clefable
|-damage|p1a: Clefable|270\/393
|-damage|p2a: Latias|241\/309 brn|[from] item: Life Orb
|
|-heal|p1a: Clefable|294\/393|[from] item: Leftovers
|-damage|p2a: Latias|203\/309 brn|[from] brn
|turn|3
|leave|CHABObaba
|
|switch|p2a: Magnezone|Magnezone|281\/281
|move|p1a: Clefable|Wish|p1a: Clefable
|
|-heal|p1a: Clefable|318\/393|[from] item: Leftovers
|turn|4
|join|VanilliteCone
|
|switch|p1a: Rotom-Wash|Rotom-Wash|189\/303
|move|p2a: Magnezone|Volt Switch|p1a: Rotom-Wash
|-damage|p1a: Rotom-Wash|80\/303
|
|switch|p2a: Bee|Beedrill-Mega, F, shiny|271\/271
|
|-heal|p1a: Rotom-Wash|276\/303|[from] move: Wish|[wisher] Clefable
|-heal|p1a: Rotom-Wash|294\/303|[from] item: Leftovers
|turn|5
|
|move|p2a: Bee|U-turn|p1a: Rotom-Wash
|-crit|p1a: Rotom-Wash
|-damage|p1a: Rotom-Wash|92\/303
|
|switch|p2a: dragon|Garchomp, F|357\/357
|move|p1a: Rotom-Wash|Volt Switch|p2a: dragon
|-immune|p2a: dragon|[msg]
|
|-heal|p1a: Rotom-Wash|110\/303|[from] item: Leftovers
|turn|6
|leave|dfgdgfdg
|join|UnB0lievable
|
|move|p2a: dragon|Dragon Claw|p1a: Rotom-Wash
|-damage|p1a: Rotom-Wash|11\/303
|move|p1a: Rotom-Wash|Will-O-Wisp|p2a: dragon
|-status|p2a: dragon|brn
|-enditem|p2a: dragon|Lum Berry|[eat]
|-curestatus|p2a: dragon|brn
|
|-heal|p1a: Rotom-Wash|29\/303|[from] item: Leftovers
|turn|7
|
|move|p2a: dragon|Dragon Claw|p1a: Rotom-Wash
|-damage|p1a: Rotom-Wash|0 fnt
|faint|p1a: Rotom-Wash
|
|
|switch|p1a: Sceptile|Sceptile, F|299\/299
|turn|8
|
|detailschange|p1a: Sceptile|Sceptile-Mega, F
|message|Sceptile has Mega Evolved into Mega Sceptile!
|move|p1a: Sceptile|Substitute|p1a: Sceptile
|-start|p1a: Sceptile|Substitute
|-damage|p1a: Sceptile|225\/299
|move|p2a: dragon|Dragon Claw|p1a: Sceptile
|-supereffective|p1a: Sceptile
|-end|p1a: Sceptile|Substitute
|
|turn|9
|
|move|p1a: Sceptile|Dragon Pulse|p2a: dragon
|-supereffective|p2a: dragon
|-damage|p2a: dragon|1\/357
|move|p2a: dragon|Dragon Claw|p1a: Sceptile
|-supereffective|p1a: Sceptile
|-damage|p1a: Sceptile|0 fnt
|faint|p1a: Sceptile
|
|c|â5th|ah
|c| Jamel|wtf
|c|âsonyfan|fuck da bulk xb
|c|â5th|calc'd it wrong
|c|â5th|:(
|c| Zagmzp|bawlk
|c|â5th|or you have hp
|
|switch|p1a: Landorus-Therian|Landorus-Therian, M|319\/319
|-ability|p1a: Landorus-Therian|Intimidate|[of] p2a: dragon
|-unboost|p2a: dragon|atk|1
|turn|10
|c| VanilliteCone|is that a specific ev to avoid that?
|c|âsonyfan|no i just invested 4 evs in special defense XD
|c|â5th|ah
|
|switch|p2a: Latias|Latias, F|203\/309 brn
|move|p1a: Landorus-Therian|U-turn|p2a: Latias
|-crit|p2a: Latias
|-supereffective|p2a: Latias
|-damage|p2a: Latias|0 fnt
|faint|p2a: Latias
|c|â5th|dumb calc gave me the wrong nature
|leave|pye
|c|â5th|haha
|c|â5th|my fault, though
|c|â5th|should've checked
|c| VanilliteCone|I was thinking he might be sashed anyway though
|
|switch|p1a: Clefable|Clefable, M|318\/393
|
|-heal|p1a: Clefable|342\/393|[from] item: Leftovers
|c|â5th|He had Lum
|c| VanilliteCone|oh yeah
|
|switch|p2a: dragon|Garchomp, F|1\/357
|turn|11
|leave|Jamel
|c|âsonyfan|4 evs in special defense can tank u hidden power ice manectric
|
|move|p2a: dragon|Stealth Rock|p1a: Clefable
|-sidestart|p1: 5th|move: Stealth Rock
|move|p1a: Clefable|Wish|p1a: Clefable
|
|-heal|p1a: Clefable|366\/393|[from] item: Leftovers
|turn|12
|
|switch|p2a: Magnezone|Magnezone|281\/281
|move|p1a: Clefable|Moonblast|p2a: Magnezone
|-resisted|p2a: Magnezone
|-damage|p2a: Magnezone|218\/281
|
|-heal|p1a: Clefable|393\/393|[from] move: Wish|[wisher] Clefable
|turn|13
|
|move|p1a: Clefable|Protect|p1a: Clefable
|-singleturn|p1a: Clefable|Protect
|move|p2a: Magnezone|Flash Cannon|p1a: Clefable
|-activate|p1a: Clefable|Protect
|
|turn|14
|
|switch|p2a: dragon|Garchomp, F|1\/357
|switch|p1a: Heatran|Heatran, M|386\/386
|-damage|p1a: Heatran|338\/386|[from] Stealth Rock
|
|-heal|p1a: Heatran|362\/386|[from] item: Leftovers
|turn|15
|
|switch|p1a: Landorus-Therian|Landorus-Therian, M|319\/319
|-damage|p1a: Landorus-Therian|280\/319|[from] Stealth Rock
|-ability|p1a: Landorus-Therian|Intimidate|[of] p2a: dragon
|-unboost|p2a: dragon|atk|1
|move|p2a: dragon|Earthquake|p1a: Landorus-Therian
|-immune|p1a: Landorus-Therian|[msg]
|
|turn|16
|
|move|p1a: Landorus-Therian|U-turn|p2a: dragon
|-damage|p2a: dragon|0 fnt
|-damage|p1a: Landorus-Therian|241\/319|[from] ability: Rough Skin|[of] p2a: dragon
|faint|p2a: dragon
|
|switch|p1a: Clefable|Clefable, M|393\/393
|-damage|p1a: Clefable|344\/393|[from] Stealth Rock
|
|-heal|p1a: Clefable|368\/393|[from] item: Leftovers
|c|âsonyfan|so i was thinking that was bulky lando
|
|switch|p2a: Bee|Beedrill-Mega, F, shiny|271\/271
|turn|17
|c|â5th|;o
|
|switch|p1a: Heatran|Heatran, M|362\/386
|-damage|p1a: Heatran|314\/386|[from] Stealth Rock
|move|p2a: Bee|Poison Jab|p1a: Heatran
|-immune|p1a: Heatran|[msg]
|
|-heal|p1a: Heatran|338\/386|[from] item: Leftovers
|turn|18
|
|move|p2a: Bee|U-turn|p1a: Heatran
|-resisted|p1a: Heatran
|-damage|p1a: Heatran|296\/386
|
|switch|p2a: clyde|Diggersby, F, shiny|309\/309
|move|p1a: Heatran|Stealth Rock|p2a: clyde
|-sidestart|p2: sonyfan|move: Stealth Rock
|
|-heal|p1a: Heatran|320\/386|[from] item: Leftovers
|turn|19
|
|switch|p1a: Manaphy|Manaphy|365\/365
|-damage|p1a: Manaphy|320\/365|[from] Stealth Rock
|move|p2a: clyde|Earthquake|p1a: Manaphy
|-damage|p1a: Manaphy|91\/365
|
|-heal|p1a: Manaphy|113\/365|[from] item: Leftovers
|turn|20
|
|move|p1a: Manaphy|Scald|p2a: clyde
|-supereffective|p2a: clyde
|-enditem|p2a: clyde|Focus Sash
|-damage|p2a: clyde|1\/309
|move|p2a: clyde|Earthquake|p1a: Manaphy
|-damage|p1a: Manaphy|0 fnt
|faint|p1a: Manaphy
|
|
|switch|p1a: Landorus-Therian|Landorus-Therian, M|241\/319
|-damage|p1a: Landorus-Therian|202\/319|[from] Stealth Rock
|-ability|p1a: Landorus-Therian|Intimidate|[of] p2a: clyde
|-unboost|p2a: clyde|atk|1
|turn|21
|
|move|p2a: clyde|Quick Attack|p1a: Landorus-Therian
|-damage|p1a: Landorus-Therian|132\/319
|move|p1a: Landorus-Therian|U-turn|p2a: clyde
|-crit|p2a: clyde
|-damage|p2a: clyde|0 fnt
|faint|p2a: clyde
|
|switch|p1a: Clefable|Clefable, M|368\/393
|-damage|p1a: Clefable|319\/393|[from] Stealth Rock
|
|-heal|p1a: Clefable|343\/393|[from] item: Leftovers
|
|switch|p2a: Bee|Beedrill-Mega, F, shiny|271\/271
|-damage|p2a: Bee|204\/271|[from] Stealth Rock
|turn|22
|
|move|p1a: Clefable|Protect|p1a: Clefable
|-singleturn|p1a: Clefable|Protect
|move|p2a: Bee|Knock Off|p1a: Clefable
|-activate|p1a: Clefable|Protect
|
|-heal|p1a: Clefable|367\/393|[from] item: Leftovers
|turn|23
|
|switch|p1a: Heatran|Heatran, M|320\/386
|-damage|p1a: Heatran|272\/386|[from] Stealth Rock
|move|p2a: Bee|Poison Jab|p1a: Heatran
|-immune|p1a: Heatran|[msg]
|
|-heal|p1a: Heatran|296\/386|[from] item: Leftovers
|turn|24
|
|move|p2a: Bee|Knock Off|p1a: Heatran
|-damage|p1a: Heatran|175\/386
|-enditem|p1a: Heatran|Leftovers|[from] move: Knock Off|[of] p2a: Bee
|move|p1a: Heatran|Lava Plume|p2a: Bee
|-supereffective|p2a: Bee
|-damage|p2a: Bee|0 fnt
|faint|p2a: Bee
|
|join|Maiora
|
|switch|p2a: bunny|Azumarill, F|380\/380
|-damage|p2a: bunny|333\/380|[from] Stealth Rock
|turn|25
|
|move|p1a: Heatran|Toxic|p2a: bunny
|-status|p2a: bunny|tox
|move|p2a: bunny|Belly Drum|p2a: bunny
|-damage|p2a: bunny|143\/380 tox
|-setboost|p2a: bunny|atk|6|[from] move: Belly Drum
|-enditem|p2a: bunny|Sitrus Berry|[eat]
|-heal|p2a: bunny|238\/380 tox|[from] item: Sitrus Berry
|
|-damage|p2a: bunny|215\/380 tox|[from] psn
|turn|26
|
|move|p1a: Heatran|Lava Plume|p2a: bunny
|-resisted|p2a: bunny
|-damage|p2a: bunny|143\/380 tox
|move|p2a: bunny|Play Rough|p1a: Heatran
|-resisted|p1a: Heatran
|-damage|p1a: Heatran|0 fnt
|faint|p1a: Heatran
|
|-damage|p2a: bunny|97\/380 tox|[from] psn
|
|switch|p1a: Clefable|Clefable, M|367\/393
|-damage|p1a: Clefable|318\/393|[from] Stealth Rock
|turn|27
|c|â5th|THANK GOD I BROUGHT UNAWARE CLEF
|
|switch|p2a: Magnezone|Magnezone|218\/281
|-damage|p2a: Magnezone|201\/281|[from] Stealth Rock
|move|p1a: Clefable|Moonblast|p2a: Magnezone
|-resisted|p2a: Magnezone
|-damage|p2a: Magnezone|147\/281
|-unboost|p2a: Magnezone|spa|1
|
|-heal|p1a: Clefable|342\/393|[from] item: Leftovers
|turn|28
|
|move|p1a: Clefable|Protect|p1a: Clefable
|-singleturn|p1a: Clefable|Protect
|move|p2a: Magnezone|Flash Cannon|p1a: Clefable
|-activate|p1a: Clefable|Protect
|
|-heal|p1a: Clefable|366\/393|[from] item: Leftovers
|turn|29
|c| VanilliteCone|^ he switched, that could have been a bluff lol
|c|â5th|Ik
|join|CHABObaba
|c|âsonyfan|U wil win cause that special drop S: the game punish 4 playing well );
|c|â5th|Hm, idk
|c|â5th|unless you're scarf
|c|â5th|then maybe
|c| UnB0lievable|isnt it unaware to the drop tho?
|c|â5th|oh
|c|â5th|yeah
|c|â5th|haha
|c|âsonyfan|oh lol haha i forgot that
|
|move|p2a: Magnezone|Flash Cannon|p1a: Clefable
|-supereffective|p1a: Clefable
|-damage|p1a: Clefable|42\/393
|move|p1a: Clefable|Wish|p1a: Clefable
|
|-heal|p1a: Clefable|66\/393|[from] item: Leftovers
|turn|30
|
|move|p1a: Clefable|Protect|p1a: Clefable
|-singleturn|p1a: Clefable|Protect
|move|p2a: Magnezone|Flash Cannon|p1a: Clefable
|-activate|p1a: Clefable|Protect
|
|-heal|p1a: Clefable|262\/393|[from] move: Wish|[wisher] Clefable
|-heal|p1a: Clefable|286\/393|[from] item: Leftovers
|turn|31
|c|âsonyfan|great match one of the best in long time
|
|move|p2a: Magnezone|Flash Cannon|p1a: Clefable
|-supereffective|p1a: Clefable
|-damage|p1a: Clefable|0 fnt
|faint|p1a: Clefable
|
|c|â5th|Yeah, good match
|c|â5th|should've played a bit more carefully though
|c|â5th|haha
|c| Zagmzp|did landy not live a flash cannon?
|leave|VanilliteCone
|c|â5th|Nah
|
|switch|p1a: Landorus-Therian|Landorus-Therian, M|132\/319
|-damage|p1a: Landorus-Therian|93\/319|[from] Stealth Rock
|-ability|p1a: Landorus-Therian|Intimidate|[of] p2a: Magnezone
|-unboost|p2a: Magnezone|atk|1
|turn|32
|c| Zagmzp|of sr
|c|âsonyfan|Lando couldnt
|
|move|p1a: Landorus-Therian|Earthquake|p2a: Magnezone
|-supereffective|p2a: Magnezone
|-damage|p2a: Magnezone|0 fnt
|faint|p2a: Magnezone
|
|
|switch|p2a: bunny|Azumarill, F|97\/380 tox
|-damage|p2a: bunny|50\/380 tox|[from] Stealth Rock
|turn|33
|c|â5th|well, gl
|c|âsonyfan|well gg xb
|
|move|p2a: bunny|Aqua Jet|p1a: Landorus-Therian
|-supereffective|p1a: Landorus-Therian
|-damage|p1a: Landorus-Therian|0 fnt
|faint|p1a: Landorus-Therian
|
|win|sonyfan
|c| Zagmzp|reveal protect
|leave|5th
|player|p1