|join|5th
|join|Edwardo M
|player|p1|5th|52
|player|p2|Edwardo M|260
|gametype|singles
|gen|6
|tier|OU
|clearpoke
|poke|p1|Metagross
|poke|p1|Rotom-Wash
|poke|p1|Ferrothorn, F
|poke|p1|Landorus-Therian, M
|poke|p1|Keldeo
|poke|p1|Latias, F
|poke|p2|Chesnaught, M, shiny
|poke|p2|Clefable, F
|poke|p2|Skarmory, F, shiny
|poke|p2|Tentacruel, F
|poke|p2|Talonflame, M, shiny
|poke|p2|Ampharos, M
|rule|Swagger Clause: Swagger is banned
|rule|Baton Pass Clause: Limit one PokÃ©mon knowing Baton Pass
|rule|Sleep Clause Mod: Limit one foe put to sleep
|rule|Species Clause: Limit one of each PokÃ©mon
|rule|OHKO Clause: OHKO moves are banned
|rule|Moody Clause: Moody is banned
|rule|Evasion Moves Clause: Evasion moves are banned
|rule|Endless Battle Clause: Forcing endless battles is banned
|rule|HP Percentage Mod: HP is shown in percentages
|teampreview
|join|Zagmzp
|join|Louisxd
|c|âEdwardo M|gl and hf
|join|piikaa
|c|â5th|alright, last one before I eat
|c|â5th|Same
|c|â5th|Amphy <3
|join|Marshmallon
|
|start
|switch|p1a: Rotom-Wash|Rotom-Wash|303\/303
|switch|p2a: Skarmory|Skarmory, F, shiny|334\/334
|turn|1
|join|ninjapingu
|
|switch|p2a: Ampharos|Ampharos, M|376\/376
|move|p1a: Rotom-Wash|Volt Switch|p2a: Ampharos
|-crit|p2a: Ampharos
|-resisted|p2a: Ampharos
|-damage|p2a: Ampharos|312\/376
|join|kjhjkhkjhkhkhj
|
|switch|p1a: Landorus-Therian|Landorus-Therian, M|319\/319
|-ability|p1a: Landorus-Therian|Intimidate|[of] p2a: Ampharos
|-unboost|p2a: Ampharos|atk|1
|
|turn|2
|join|Jeevs
|c| Jeevs|gogo 5th
|
|switch|p2a: Chesnaught|Chesnaught, M, shiny|380\/380
|move|p1a: Landorus-Therian|Earthquake|p2a: Chesnaught
|-resisted|p2a: Chesnaught
|-damage|p2a: Chesnaught|317\/380
|
|-heal|p2a: Chesnaught|340\/380|[from] item: Leftovers
|turn|3
|
|switch|p1a: Ferrothorn|Ferrothorn, F|352\/352
|move|p2a: Chesnaught|Leech Seed|p1a: Ferrothorn
|-immune|p1a: Ferrothorn|[msg]
|
|-heal|p2a: Chesnaught|363\/380|[from] item: Leftovers
|turn|4
|
|switch|p1a: Landorus-Therian|Landorus-Therian, M|319\/319
|-ability|p1a: Landorus-Therian|Intimidate|[of] p2a: Chesnaught
|-unboost|p2a: Chesnaught|atk|1
|move|p2a: Chesnaught|Spikes|p1a: Landorus-Therian
|-sidestart|p1: 5th|Spikes
|
|-heal|p2a: Chesnaught|380\/380|[from] item: Leftovers
|turn|5
|
|move|p2a: Chesnaught|Spiky Shield|p2a: Chesnaught
|-singleturn|p2a: Chesnaught|move: Protect
|move|p1a: Landorus-Therian|U-turn|p2a: Chesnaught
|-activate|p2a: Chesnaught|move: Protect
|-damage|p1a: Landorus-Therian|280\/319|[from] Spiky Shield|[of] p2a: Chesnaught
|
|turn|6
|
|switch|p2a: Skarmory|Skarmory, F, shiny|334\/334
|move|p1a: Landorus-Therian|U-turn|p2a: Skarmory
|-resisted|p2a: Skarmory
|-damage|p2a: Skarmory|322\/334
|-damage|p1a: Landorus-Therian|227\/319|[from] item: Rocky Helmet|[of] p2a: Skarmory
|
|switch|p1a: Rotom-Wash|Rotom-Wash|303\/303
|
|turn|7
|
|switch|p2a: Ampharos|Ampharos, M|312\/376
|move|p1a: Rotom-Wash|Will-O-Wisp|p2a: Ampharos
|-status|p2a: Ampharos|brn
|
|-damage|p2a: Ampharos|265\/376 brn|[from] brn
|turn|8
|c| Louisxd|amp clef skar core
|c| Louisxd|i saw that somewhere
|
|switch|p1a: Ferrothorn|Ferrothorn, F|352\/352
|-damage|p1a: Ferrothorn|308\/352|[from] Spikes
|detailschange|p2a: Ampharos|Ampharos-Mega, M
|message|Ampharos has Mega Evolved into Mega Ampharos!
|-ability|p2a: Ampharos|Mold Breaker
|move|p2a: Ampharos|Volt Switch|p1a: Ferrothorn
|-resisted|p1a: Ferrothorn
|-damage|p1a: Ferrothorn|257\/352
|join|WaltrWite
|join|Vecinex
|
|switch|p2a: Talonflame|Talonflame, M, shiny|359\/359
|
|-heal|p1a: Ferrothorn|279\/352|[from] item: Leftovers
|turn|9
|
|switch|p1a: Rotom-Wash|Rotom-Wash|303\/303
|move|p2a: Talonflame|Will-O-Wisp|p1a: Rotom-Wash
|-status|p1a: Rotom-Wash|brn
|
|-damage|p1a: Rotom-Wash|266\/303 brn|[from] brn
|turn|10
|c|â5th|o
|c| Zagmzp|mega ampharos is here
|c|â5th|not this talon
|c|â5th|:(
|
|switch|p2a: Ampharos|Ampharos-Mega, M|265\/376 brn
|-ability|p2a: Ampharos|Mold Breaker
|move|p1a: Rotom-Wash|Volt Switch|p2a: Ampharos
|-resisted|p2a: Ampharos
|-damage|p2a: Ampharos|244\/376 brn
|
|switch|p1a: Landorus-Therian|Landorus-Therian, M|227\/319
|-ability|p1a: Landorus-Therian|Intimidate|[of] p2a: Ampharos
|-unboost|p2a: Ampharos|atk|1
|
|-damage|p2a: Ampharos|197\/376 brn|[from] brn
|turn|11
|
|switch|p2a: Skarmory|Skarmory, F, shiny|322\/334
|move|p1a: Landorus-Therian|U-turn|p2a: Skarmory
|-resisted|p2a: Skarmory
|-damage|p2a: Skarmory|309\/334
|-damage|p1a: Landorus-Therian|174\/319|[from] item: Rocky Helmet|[of] p2a: Skarmory
|
|switch|p1a: Rotom-Wash|Rotom-Wash|266\/303 brn
|
|-heal|p1a: Rotom-Wash|284\/303 brn|[from] item: Leftovers
|-damage|p1a: Rotom-Wash|247\/303 brn|[from] brn
|turn|12
|
|switch|p2a: Chesnaught|Chesnaught, M, shiny|380\/380
|move|p1a: Rotom-Wash|Volt Switch|p2a: Chesnaught
|-resisted|p2a: Chesnaught
|-damage|p2a: Chesnaught|330\/380
|
|switch|p1a: Metagross|Metagross|301\/301
|-damage|p1a: Metagross|264\/301|[from] Spikes
|
|-heal|p2a: Chesnaught|353\/380|[from] item: Leftovers
|turn|13
|
|switch|p1a: Rotom-Wash|Rotom-Wash|247\/303 brn
|switch|p2a: Skarmory|Skarmory, F, shiny|309\/334
|
|-heal|p1a: Rotom-Wash|265\/303 brn|[from] item: Leftovers
|-damage|p1a: Rotom-Wash|228\/303 brn|[from] brn
|turn|14
|
|switch|p2a: Ampharos|Ampharos-Mega, M|197\/376 brn
|-ability|p2a: Ampharos|Mold Breaker
|move|p1a: Rotom-Wash|Volt Switch|p2a: Ampharos
|-resisted|p2a: Ampharos
|-damage|p2a: Ampharos|176\/376 brn
|leave|Zagmzp
|c|âEdwardo M|the volt turn is real
|
|switch|p1a: Latias|Latias, F|301\/301
|
|-damage|p2a: Ampharos|129\/376 brn|[from] brn
|turn|15
|c|â5th|Also did I miss something or why are all skarms running helmet lately
|
|move|p1a: Latias|Psyshock|p2a: Ampharos
|-damage|p2a: Ampharos|12\/376 brn
|-damage|p1a: Latias|271\/301|[from] item: Life Orb
|move|p2a: Ampharos|Rest|p2a: Ampharos
|-status|p2a: Ampharos|slp
|-heal|p2a: Ampharos|376\/376 slp|[silent]
|-status|p2a: Ampharos|slp|[from] move: Rest
|
|turn|16
|c| Louisxd|bcause yes
|c| Louisxd|thats life
|c| Jeevs|wow
|c|âEdwardo M|Ok
|c| Louisxd|lol
|c|âEdwardo M|its declared
|c| piikaa|why is Talon not Natural Gift
|c| piikaa|Grass Gift RIP Rotom
|leave|piikaa
|c|âEdwardo M|phisycalle defensive ampharos is good
|c|â5th|It's RestTalk
|c|â5th|I believe
|c|âEdwardo M|yup
|c|âEdwardo M|well
|c|âEdwardo M|kinf od
|leave|kjhjkhkjhkhkhj
|
|switch|p1a: Metagross|Metagross|264\/301
|-damage|p1a: Metagross|227\/301|[from] Spikes
|switch|p2a: Clefable|Clefable, F|394\/394
|
|turn|17
|
|switch|p1a: Rotom-Wash|Rotom-Wash|228\/303 brn
|switch|p2a: Skarmory|Skarmory, F, shiny|309\/334
|
|-heal|p1a: Rotom-Wash|246\/303 brn|[from] item: Leftovers
|-damage|p1a: Rotom-Wash|209\/303 brn|[from] brn
|turn|18
|
|move|p1a: Rotom-Wash|Volt Switch|p2a: Skarmory
|-supereffective|p2a: Skarmory
|-damage|p2a: Skarmory|93\/334
|
|switch|p1a: Latias|Latias, F|271\/301
|move|p2a: Skarmory|Stealth Rock|p1a: Latias
|-sidestart|p1: 5th|move: Stealth Rock
|
|turn|19
|
|switch|p2a: Clefable|Clefable, F|394\/394
|move|p1a: Latias|Defog|p2a: Clefable
|-unboost|p2a: Clefable|evasion|1
|-sideend|p1: 5th|Spikes|[from] move: Defog|[of] p1a: Latias
|-sideend|p1: 5th|Stealth Rock|[from] move: Defog|[of] p1a: Latias
|
|turn|20
|
|switch|p1a: Metagross|Metagross|227\/301
|move|p2a: Clefable|Flamethrower|p1a: Metagross
|-supereffective|p1a: Metagross
|-damage|p1a: Metagross|73\/301
|
|turn|21
|leave|Marshmallon
|
|switch|p1a: Rotom-Wash|Rotom-Wash|209\/303 brn
|switch|p2a: Talonflame|Talonflame, M, shiny|359\/359
|
|-heal|p1a: Rotom-Wash|227\/303 brn|[from] item: Leftovers
|-damage|p1a: Rotom-Wash|190\/303 brn|[from] brn
|turn|22
|
|switch|p2a: Ampharos|Ampharos-Mega, M|376\/376 slp
|-ability|p2a: Ampharos|Mold Breaker
|move|p1a: Rotom-Wash|Volt Switch|p2a: Ampharos
|-resisted|p2a: Ampharos
|-damage|p2a: Ampharos|355\/376 slp
|
|switch|p1a: Metagross|Metagross|73\/301
|
|turn|23
|
|switch|p1a: Rotom-Wash|Rotom-Wash|190\/303 brn
|switch|p2a: Chesnaught|Chesnaught, M, shiny|353\/380
|
|-heal|p1a: Rotom-Wash|208\/303 brn|[from] item: Leftovers
|-heal|p2a: Chesnaught|376\/380|[from] item: Leftovers
|-damage|p1a: Rotom-Wash|171\/303 brn|[from] brn
|turn|24
|
|move|p2a: Chesnaught|Spiky Shield|p2a: Chesnaught
|-singleturn|p2a: Chesnaught|move: Protect
|move|p1a: Rotom-Wash|Volt Switch|p2a: Chesnaught
|-activate|p2a: Chesnaught|move: Protect
|
|-heal|p1a: Rotom-Wash|189\/303 brn|[from] item: Leftovers
|-heal|p2a: Chesnaught|380\/380|[from] item: Leftovers
|-damage|p1a: Rotom-Wash|152\/303 brn|[from] brn
|turn|25
|
|switch|p2a: Ampharos|Ampharos-Mega, M|355\/376 slp
|-ability|p2a: Ampharos|Mold Breaker
|move|p1a: Rotom-Wash|Will-O-Wisp|p2a: Ampharos
|-fail|p2a: Ampharos
|
|-heal|p1a: Rotom-Wash|170\/303 brn|[from] item: Leftovers
|-damage|p1a: Rotom-Wash|133\/303 brn|[from] brn
|turn|26
|
|move|p1a: Rotom-Wash|Pain Split|p2a: Ampharos
|-sethp|p2a: Ampharos|244\/376 slp|p1a: Rotom-Wash|244\/303 brn|[from] move: Pain Split
|cant|p2a: Ampharos|slp
|
|-heal|p1a: Rotom-Wash|262\/303 brn|[from] item: Leftovers
|-damage|p1a: Rotom-Wash|225\/303 brn|[from] brn
|turn|27
|
|move|p1a: Rotom-Wash|Volt Switch|p2a: Ampharos
|-resisted|p2a: Ampharos
|-damage|p2a: Ampharos|224\/376 slp
|
|switch|p1a: Landorus-Therian|Landorus-Therian, M|174\/319
|-ability|p1a: Landorus-Therian|Intimidate|[of] p2a: Ampharos
|-unboost|p2a: Ampharos|atk|1
|cant|p2a: Ampharos|slp
|
|turn|28
|
|switch|p2a: Chesnaught|Chesnaught, M, shiny|380\/380
|move|p1a: Landorus-Therian|U-turn|p2a: Chesnaught
|-damage|p2a: Chesnaught|324\/380
|
|switch|p1a: Latias|Latias, F|271\/301
|
|-heal|p2a: Chesnaught|347\/380|[from] item: Leftovers
|turn|29
|
|move|p1a: Latias|Psyshock|p2a: Chesnaught
|-supereffective|p2a: Chesnaught
|-damage|p2a: Chesnaught|149\/380
|-damage|p1a: Latias|241\/301|[from] item: Life Orb
|move|p2a: Chesnaught|Leech Seed|p1a: Latias
|-start|p1a: Latias|move: Leech Seed
|
|-heal|p2a: Chesnaught|172\/380|[from] item: Leftovers
|-damage|p1a: Latias|204\/301|[from] Leech Seed|[of] p2a: Chesnaught
|-heal|p2a: Chesnaught|209\/380|[silent]
|turn|30
|
|switch|p1a: Metagross|Metagross|73\/301
|move|p2a: Chesnaught|Spiky Shield|p2a: Chesnaught
|-fail|p2a: Chesnaught
|
|-heal|p2a: Chesnaught|232\/380|[from] item: Leftovers
|turn|31
|
|switch|p1a: Rotom-Wash|Rotom-Wash|225\/303 brn
|move|p2a: Chesnaught|Spiky Shield|p2a: Chesnaught
|-fail|p2a: Chesnaught
|
|-heal|p1a: Rotom-Wash|243\/303 brn|[from] item: Leftovers
|-heal|p2a: Chesnaught|255\/380|[from] item: Leftovers
|-damage|p1a: Rotom-Wash|206\/303 brn|[from] brn
|turn|32
|
|switch|p2a: Ampharos|Ampharos-Mega, M|224\/376 slp
|-ability|p2a: Ampharos|Mold Breaker
|move|p1a: Rotom-Wash|Volt Switch|p2a: Ampharos
|-resisted|p2a: Ampharos
|-damage|p2a: Ampharos|205\/376 slp
|
|switch|p1a: Landorus-Therian|Landorus-Therian, M|174\/319
|-ability|p1a: Landorus-Therian|Intimidate|[of] p2a: Ampharos
|-unboost|p2a: Ampharos|atk|1
|
|turn|33
|
|move|p1a: Landorus-Therian|U-turn|p2a: Ampharos
|-damage|p2a: Ampharos|137\/376 slp
|
|switch|p1a: Ferrothorn|Ferrothorn, F|279\/352
|-curestatus|p2a: Ampharos|slp
|move|p2a: Ampharos|Volt Switch|p1a: Ferrothorn
|-resisted|p1a: Ferrothorn
|-damage|p1a: Ferrothorn|224\/352
|
|switch|p2a: Clefable|Clefable, F|394\/394
|
|-heal|p1a: Ferrothorn|246\/352|[from] item: Leftovers
|turn|34
|
|switch|p1a: Rotom-Wash|Rotom-Wash|206\/303 brn
|move|p2a: Clefable|Calm Mind|p2a: Clefable
|-boost|p2a: Clefable|spa|1
|-boost|p2a: Clefable|spd|1
|
|-heal|p1a: Rotom-Wash|224\/303 brn|[from] item: Leftovers
|-damage|p1a: Rotom-Wash|187\/303 brn|[from] brn
|turn|35
|
|move|p1a: Rotom-Wash|Volt Switch|p2a: Clefable
|-damage|p2a: Clefable|346\/394
|
|switch|p1a: Ferrothorn|Ferrothorn, F|246\/352
|move|p2a: Clefable|Flamethrower|p1a: Ferrothorn
|-supereffective|p1a: Ferrothorn
|-damage|p1a: Ferrothorn|0 fnt
|faint|p1a: Ferrothorn
|
|-heal|p2a: Clefable|370\/394|[from] item: Leftovers
|
|switch|p1a: Metagross|Metagross|73\/301
|turn|36
|
|switch|p2a: Talonflame|Talonflame, M, shiny|359\/359
|detailschange|p1a: Metagross|Metagross-Mega
|message|Metagross has Mega Evolved into Mega Metagross!
|move|p1a: Metagross|Meteor Mash|p2a: Talonflame
|-resisted|p2a: Talonflame
|-damage|p2a: Talonflame|195\/359
|
|-heal|p2a: Talonflame|217\/359|[from] item: Leftovers
|turn|37
|
|switch|p1a: Rotom-Wash|Rotom-Wash|187\/303 brn
|switch|p2a: Ampharos|Ampharos-Mega, M|137\/376
|-ability|p2a: Ampharos|Mold Breaker
|
|-heal|p1a: Rotom-Wash|205\/303 brn|[from] item: Leftovers
|-damage|p1a: Rotom-Wash|168\/303 brn|[from] brn
|turn|38
|
|move|p1a: Rotom-Wash|Volt Switch|p2a: Ampharos
|-resisted|p2a: Ampharos
|-damage|p2a: Ampharos|119\/376
|
|switch|p1a: Landorus-Therian|Landorus-Therian, M|174\/319
|-ability|p1a: Landorus-Therian|Intimidate|[of] p2a: Ampharos
|-unboost|p2a: Ampharos|atk|1
|move|p2a: Ampharos|Dragon Pulse|p1a: Landorus-Therian
|-damage|p1a: Landorus-Therian|0 fnt
|faint|p1a: Landorus-Therian
|
|c|â5th|ah
|c|â5th|rip
|
|switch|p1a: Metagross|Metagross-Mega|73\/301
|turn|39
|
|switch|p2a: Skarmory|Skarmory, F, shiny|93\/334
|move|p1a: Metagross|Earthquake|p2a: Skarmory
|-immune|p2a: Skarmory|[msg]
|
|turn|40
|
|switch|p1a: Rotom-Wash|Rotom-Wash|168\/303 brn
|move|p2a: Skarmory|Roost|p2a: Skarmory
|-heal|p2a: Skarmory|260\/334
|
|-heal|p1a: Rotom-Wash|186\/303 brn|[from] item: Leftovers
|-damage|p1a: Rotom-Wash|149\/303 brn|[from] brn
|turn|41
|
|switch|p2a: Clefable|Clefable, F|370\/394
|move|p1a: Rotom-Wash|Volt Switch|p2a: Clefable
|-damage|p2a: Clefable|288\/394
|leave|Louisxd
|
|switch|p1a: Metagross|Metagross-Mega|73\/301
|
|-heal|p2a: Clefable|312\/394|[from] item: Leftovers
|turn|42
|join|XxDarkDevil3xX
|
|switch|p2a: Skarmory|Skarmory, F, shiny|260\/334
|move|p1a: Metagross|Meteor Mash|p2a: Skarmory
|-resisted|p2a: Skarmory
|-damage|p2a: Skarmory|195\/334
|-damage|p1a: Metagross|23\/301|[from] item: Rocky Helmet|[of] p2a: Skarmory
|
|turn|43
|
|switch|p1a: Rotom-Wash|Rotom-Wash|149\/303 brn
|switch|p2a: Clefable|Clefable, F|312\/394
|
|-heal|p1a: Rotom-Wash|167\/303 brn|[from] item: Leftovers
|-heal|p2a: Clefable|336\/394|[from] item: Leftovers
|-damage|p1a: Rotom-Wash|130\/303 brn|[from] brn
|turn|44
|
|move|p1a: Rotom-Wash|Volt Switch|p2a: Clefable
|-damage|p2a: Clefable|257\/394
|
|switch|p1a: Latias|Latias, F|204\/301
|move|p2a: Clefable|Moonblast|p1a: Latias
|-supereffective|p1a: Latias
|-damage|p1a: Latias|24\/301
|-unboost|p1a: Latias|spa|1
|
|-heal|p2a: Clefable|281\/394|[from] item: Leftovers
|turn|45
|
|move|p1a: Latias|Healing Wish|p1a: Latias
|faint|p1a: Latias
|move|p2a: Clefable|Soft-Boiled|p2a: Clefable
|-heal|p2a: Clefable|394\/394
|
|
|switch|p1a: Metagross|Metagross-Mega|23\/301
|-heal|p1a: Metagross|301\/301|[from] move: Healing Wish
|turn|46
|
|switch|p1a: Rotom-Wash|Rotom-Wash|130\/303 brn
|switch|p2a: Skarmory|Skarmory, F, shiny|195\/334
|
|-heal|p1a: Rotom-Wash|148\/303 brn|[from] item: Leftovers
|-damage|p1a: Rotom-Wash|111\/303 brn|[from] brn
|turn|47
|
|switch|p2a: Ampharos|Ampharos-Mega, M|119\/376
|-ability|p2a: Ampharos|Mold Breaker
|move|p1a: Rotom-Wash|Volt Switch|p2a: Ampharos
|-resisted|p2a: Ampharos
|-damage|p2a: Ampharos|99\/376
|
|switch|p1a: Keldeo|Keldeo|323\/323
|
|turn|48
|
|switch|p2a: Tentacruel|Tentacruel, F|364\/364
|move|p1a: Keldeo|Secret Sword|p2a: Tentacruel
|-resisted|p2a: Tentacruel
|-damage|p2a: Tentacruel|292\/364
|
|-heal|p2a: Tentacruel|314\/364|[from] item: Black Sludge
|turn|49
|c|âEdwardo M|this is a new team, well not literally a new team but it still needs
|c|âEdwardo M|help
|c|âEdwardo M|so
|c|âEdwardo M|advice is useful
|join|TRAPNATION
|leave|Vecinex
|c|âEdwardo M|you there?
|c|â5th|Yeah
|c|â5th|just had to step away for bit
|
|move|p1a: Keldeo|Substitute|p1a: Keldeo
|-start|p1a: Keldeo|Substitute
|-damage|p1a: Keldeo|243\/323
|move|p2a: Tentacruel|Knock Off|p1a: Keldeo
|-resisted|p1a: Keldeo
|-activate|p1a: Keldeo|Substitute|[damage]
|
|-heal|p1a: Keldeo|263\/323|[from] item: Leftovers
|-heal|p2a: Tentacruel|336\/364|[from] item: Black Sludge
|turn|50
|c|âEdwardo M|FUCK
|c|âEdwardo M|YOU HAVE THAT SET
|
|switch|p2a: Talonflame|Talonflame, M, shiny|217\/359
|move|p1a: Keldeo|Scald|p2a: Talonflame
|-supereffective|p2a: Talonflame
|-damage|p2a: Talonflame|0 fnt
|faint|p2a: Talonflame
|
|-heal|p1a: Keldeo|283\/323|[from] item: Leftovers
|
|switch|p2a: Ampharos|Ampharos-Mega, M|99\/376
|-ability|p2a: Ampharos|Mold Breaker
|turn|51
|
|move|p1a: Keldeo|Secret Sword|p2a: Ampharos
|-damage|p2a: Ampharos|0 fnt
|faint|p2a: Ampharos
|
|-heal|p1a: Keldeo|303\/323|[from] item: Leftovers
|
|switch|p2a: Clefable|Clefable, F|394\/394
|turn|52
|
|switch|p1a: Metagross|Metagross-Mega|301\/301
|move|p2a: Clefable|Calm Mind|p2a: Clefable
|-boost|p2a: Clefable|spa|1
|-boost|p2a: Clefable|spd|1
|
|turn|53
|
|switch|p1a: Rotom-Wash|Rotom-Wash|111\/303 brn
|switch|p2a: Skarmory|Skarmory, F, shiny|195\/334
|
|-heal|p1a: Rotom-Wash|129\/303 brn|[from] item: Leftovers
|-damage|p1a: Rotom-Wash|92\/303 brn|[from] brn
|turn|54
|
|switch|p2a: Chesnaught|Chesnaught, M, shiny|255\/380
|move|p1a: Rotom-Wash|Pain Split|p2a: Chesnaught
|-sethp|p2a: Chesnaught|173\/380|p1a: Rotom-Wash|173\/303 brn|[from] move: Pain Split
|
|-heal|p1a: Rotom-Wash|191\/303 brn|[from] item: Leftovers
|-heal|p2a: Chesnaught|196\/380|[from] item: Leftovers
|-damage|p1a: Rotom-Wash|154\/303 brn|[from] brn
|turn|55
|join|PLEASE MURDER ME
|
|move|p1a: Rotom-Wash|Will-O-Wisp|p2a: Chesnaught
|-status|p2a: Chesnaught|brn
|move|p2a: Chesnaught|Wood Hammer|p1a: Rotom-Wash
|-supereffective|p1a: Rotom-Wash
|-damage|p1a: Rotom-Wash|44\/303 brn
|-damage|p2a: Chesnaught|160\/380 brn|[from] recoil|[of] p1a: Rotom-Wash
|
|-heal|p1a: Rotom-Wash|62\/303 brn|[from] item: Leftovers
|-heal|p2a: Chesnaught|183\/380 brn|[from] item: Leftovers
|-damage|p1a: Rotom-Wash|25\/303 brn|[from] brn
|-damage|p2a: Chesnaught|136\/380 brn|[from] brn
|turn|56
|
|switch|p1a: Keldeo|Keldeo|303\/323
|move|p2a: Chesnaught|Spiky Shield|p2a: Chesnaught
|-fail|p2a: Chesnaught
|
|-heal|p1a: Keldeo|323\/323|[from] item: Leftovers
|-heal|p2a: Chesnaught|159\/380 brn|[from] item: Leftovers
|-damage|p2a: Chesnaught|112\/380 brn|[from] brn
|turn|57
|leave|PLEASE MURDER ME
|
|switch|p1a: Metagross|Metagross-Mega|301\/301
|switch|p2a: Tentacruel|Tentacruel, F|336\/364
|
|-heal|p2a: Tentacruel|358\/364|[from] item: Black Sludge
|turn|58
|
|switch|p1a: Rotom-Wash|Rotom-Wash|25\/303 brn
|switch|p2a: Skarmory|Skarmory, F, shiny|195\/334
|
|-heal|p1a: Rotom-Wash|43\/303 brn|[from] item: Leftovers
|-damage|p1a: Rotom-Wash|6\/303 brn|[from] brn
|turn|59
|
|switch|p2a: Chesnaught|Chesnaught, M, shiny|112\/380 brn
|move|p1a: Rotom-Wash|Pain Split|p2a: Chesnaught
|-sethp|p2a: Chesnaught|59\/380 brn|p1a: Rotom-Wash|59\/303 brn|[from] move: Pain Split
|
|-heal|p1a: Rotom-Wash|77\/303 brn|[from] item: Leftovers
|-heal|p2a: Chesnaught|82\/380 brn|[from] item: Leftovers
|-damage|p1a: Rotom-Wash|40\/303 brn|[from] brn
|-damage|p2a: Chesnaught|35\/380 brn|[from] brn
|turn|60
|
|switch|p1a: Keldeo|Keldeo|323\/323
|move|p2a: Chesnaught|Leech Seed|p1a: Keldeo
|-start|p1a: Keldeo|move: Leech Seed
|
|-heal|p2a: Chesnaught|58\/380 brn|[from] item: Leftovers
|-damage|p1a: Keldeo|283\/323|[from] Leech Seed|[of] p2a: Chesnaught
|-heal|p2a: Chesnaught|98\/380 brn|[silent]
|-damage|p2a: Chesnaught|51\/380 brn|[from] brn
|turn|61
|
|switch|p1a: Metagross|Metagross-Mega|301\/301
|move|p2a: Chesnaught|Leech Seed|p1a: Metagross
|-start|p1a: Metagross|move: Leech Seed
|
|-heal|p2a: Chesnaught|74\/380 brn|[from] item: Leftovers
|-damage|p1a: Metagross|264\/301|[from] Leech Seed|[of] p2a: Chesnaught
|-heal|p2a: Chesnaught|111\/380 brn|[silent]
|-damage|p2a: Chesnaught|64\/380 brn|[from] brn
|turn|62
|
|switch|p1a: Keldeo|Keldeo|283\/323
|move|p2a: Chesnaught|Leech Seed|p1a: Keldeo
|-start|p1a: Keldeo|move: Leech Seed
|
|-heal|p1a: Keldeo|303\/323|[from] item: Leftovers
|-heal|p2a: Chesnaught|87\/380 brn|[from] item: Leftovers
|-damage|p1a: Keldeo|263\/323|[from] Leech Seed|[of] p2a: Chesnaught
|-heal|p2a: Chesnaught|127\/380 brn|[silent]
|-damage|p2a: Chesnaught|80\/380 brn|[from] brn
|turn|63
|c|â5th|haha
|c|âEdwardo M|i cant beleive am making thise plays
|
|switch|p2a: Tentacruel|Tentacruel, F|358\/364
|move|p1a: Keldeo|Scald|p2a: Tentacruel
|-resisted|p2a: Tentacruel
|-damage|p2a: Tentacruel|300\/364
|
|-heal|p1a: Keldeo|283\/323|[from] item: Leftovers
|-heal|p2a: Tentacruel|322\/364|[from] item: Black Sludge
|-damage|p1a: Keldeo|243\/323|[from] Leech Seed|[of] p2a: Tentacruel
|-heal|p2a: Tentacruel|362\/364|[silent]
|turn|64
|c|âEdwardo M|brb man
|c|âEdwardo M|it will be quick
|c|â5th|k
|c| Jeevs|(potty break)
|leave|TRAPNATION
|c| Jeevs|so i wanted to buy ORAS today
|c| Jeevs|but i figure i should wait until i'm not broke anymore
|c|â5th|lol
|join|alb_prova
|join|qwazz
|c| Jeevs|but ice keeps going on about it
|join|UnBolievable
|leave|XxDarkDevil3xX
|c| qwazz|reveal extrasensory keldeo
|c|â5th|How much do you have, Jeevs?
|c| UnBolievable|whats with all the chesnaughts?
|
|switch|p1a: Rotom-Wash|Rotom-Wash|40\/303 brn
|switch|p2a: Clefable|Clefable, F|394\/394
|
|-heal|p1a: Rotom-Wash|58\/303 brn|[from] item: Leftovers
|-damage|p1a: Rotom-Wash|21\/303 brn|[from] brn
|turn|65
|c| Jeevs|i have about 200 excluding credit cards
|c| Jeevs|but christmsa season soon
|c|â5th|o
|join|elkaribou
|join|CaptainUnknown
|leave|elkaribou
|leave|CaptainUnknown
|
|switch|p2a: Chesnaught|Chesnaught, M, shiny|80\/380 brn
|move|p1a: Rotom-Wash|Volt Switch|p2a: Chesnaught
|-resisted|p2a: Chesnaught
|-damage|p2a: Chesnaught|30\/380 brn
|
|switch|p1a: Keldeo|Keldeo|243\/323
|
|-heal|p1a: Keldeo|263\/323|[from] item: Leftovers
|-heal|p2a: Chesnaught|53\/380 brn|[from] item: Leftovers
|-damage|p2a: Chesnaught|6\/380 brn|[from] brn
|turn|66
|
|switch|p2a: Clefable|Clefable, F|394\/394
|move|p1a: Keldeo|Substitute|p1a: Keldeo
|-start|p1a: Keldeo|Substitute
|-damage|p1a: Keldeo|183\/323
|
|-heal|p1a: Keldeo|203\/323|[from] item: Leftovers
|turn|67
|
|switch|p1a: Metagross|Metagross-Mega|264\/301
|move|p2a: Clefable|Calm Mind|p2a: Clefable
|-boost|p2a: Clefable|spa|1
|-boost|p2a: Clefable|spd|1
|
|turn|68
|
|switch|p2a: Skarmory|Skarmory, F, shiny|195\/334
|move|p1a: Metagross|Meteor Mash|p2a: Skarmory|[miss]
|-miss|p1a: Metagross|p2a: Skarmory
|
|turn|69
|
|switch|p1a: Rotom-Wash|Rotom-Wash|21\/303 brn
|move|p2a: Skarmory|Brave Bird|p1a: Rotom-Wash
|-resisted|p1a: Rotom-Wash
|-damage|p1a: Rotom-Wash|0 fnt
|-damage|p2a: Skarmory|188\/334|[from] recoil|[of] p1a: Rotom-Wash
|faint|p1a: Rotom-Wash
|
|
|switch|p1a: Keldeo|Keldeo|203\/323
|turn|70
|
|switch|p2a: Clefable|Clefable, F|394\/394
|move|p1a: Keldeo|Calm Mind|p1a: Keldeo
|-boost|p1a: Keldeo|spa|1
|-boost|p1a: Keldeo|spd|1
|
|-heal|p1a: Keldeo|223\/323|[from] item: Leftovers
|turn|71
|
|move|p1a: Keldeo|Scald|p2a: Clefable
|-damage|p2a: Clefable|187\/394
|-status|p2a: Clefable|brn
|move|p2a: Clefable|Moonblast|p1a: Keldeo
|-supereffective|p1a: Keldeo
|-damage|p1a: Keldeo|61\/323
|
|-heal|p1a: Keldeo|81\/323|[from] item: Leftovers
|-heal|p2a: Clefable|211\/394 brn|[from] item: Leftovers
|turn|72
|c|â5th|Is it a roll?
|c|âEdwardo M|i think it is
|c|â5th|assuming you're 96 spdef calm
|c|â5th|;_;
|
|move|p1a: Keldeo|Scald|p2a: Clefable
|-damage|p2a: Clefable|31\/394 brn
|move|p2a: Clefable|Moonblast|p1a: Keldeo
|-supereffective|p1a: Keldeo
|-damage|p1a: Keldeo|0 fnt
|faint|p1a: Keldeo
|
|-heal|p2a: Clefable|55\/394 brn|[from] item: Leftovers
|c|âEdwardo M|yup
|c|â5th|ye
|
|switch|p1a: Metagross|Metagross-Mega|264\/301
|turn|73
|c|âEdwardo M|96 calm
|c|âEdwardo M|gg man
|c|âEdwardo M|aweosme game
|c|â5th|gg
|c|âEdwardo M|do you have a smogon account?
|c|â5th|Maybe
|
|move|p1a: Metagross|Meteor Mash|p2a: Clefable
|-supereffective|p2a: Clefable
|-damage|p2a: Clefable|0 fnt
|-boost|p1a: Metagross|atk|1
|faint|p2a: Clefable
|
|
|switch|p2a: Skarmory|Skarmory, F, shiny|188\/334
|turn|74
|
|move|p1a: Metagross|Meteor Mash|p2a: Skarmory
|-resisted|p2a: Skarmory
|-damage|p2a: Skarmory|97\/334
|-damage|p1a: Metagross|214\/301|[from] item: Rocky Helmet|[of] p2a: Skarmory
|move|p2a: Skarmory|Roost|p2a: Skarmory
|-heal|p2a: Skarmory|264\/334
|
|turn|75
|
|move|p1a: Metagross|Meteor Mash|p2a: Skarmory
|-resisted|p2a: Skarmory
|-damage|p2a: Skarmory|162\/334
|-damage|p1a: Metagross|164\/301|[from] item: Rocky Helmet|[of] p2a: Skarmory
|move|p2a: Skarmory|Roost|p2a: Skarmory
|-heal|p2a: Skarmory|329\/334
|
|turn|76
|c|âEdwardo M|i would like to follow you
|
|move|p1a: Metagross|Meteor Mash|p2a: Skarmory
|-resisted|p2a: Skarmory
|-damage|p2a: Skarmory|224\/334
|-damage|p1a: Metagross|114\/301|[from] item: Rocky Helmet|[of] p2a: Skarmory
|move|p2a: Skarmory|Roost|p2a: Skarmory
|-heal|p2a: Skarmory|334\/334
|
|turn|77
|c|â5th|:O
|
|move|p1a: Metagross|Meteor Mash|p2a: Skarmory
|-resisted|p2a: Skarmory
|-damage|p2a: Skarmory|232\/334
|-damage|p1a: Metagross|64\/301|[from] item: Rocky Helmet|[of] p2a: Skarmory
|move|p2a: Skarmory|Roost|p2a: Skarmory
|-heal|p2a: Skarmory|334\/334
|
|turn|78
|c|â5th|reveal tpunch
|
|move|p1a: Metagross|Meteor Mash|p2a: Skarmory|[miss]
|-miss|p1a: Metagross|p2a: Skarmory
|move|p2a: Skarmory|Roost|p2a: Skarmory
|-fail|p2a: Skarmory
|
|turn|79
|c|â5th|ah
|c|â5th|well, gg
|
|move|p1a: Metagross|Meteor Mash|p2a: Skarmory
|-resisted|p2a: Skarmory
|-damage|p2a: Skarmory|235\/334
|-damage|p1a: Metagross|14\/301|[from] item: Rocky Helmet|[of] p2a: Skarmory
|move|p2a: Skarmory|Roost|p2a: Skarmory
|-heal|p2a: Skarmory|334\/334
|
|turn|80
|c|âEdwardo M|gg
|
|move|p1a: Metagross|Meteor Mash|p2a: Skarmory
|-resisted|p2a: Skarmory
|-damage|p2a: Skarmory|241\/334
|-damage|p1a: Metagross|0 fnt|[from] item: Rocky Helmet|[of] p2a: Skarmory
|faint|p1a: Metagross
|
|win|Edwardo M
|c| Jeevs|RIP we barely knew ye
|c| qwazz|thunder punch super crit!!!
|c| qwazz|damn
|leave|5th
|c|âEdwardo M|advice?
|player|p1
|leave|Jeevs
|leave|alb_prova
|leave|qwazz
|leave|ninjapingu
|leave|Edwardo M
|player|p2
|join|Edwardo M