|join|5th
|join|Murkrow Jupiter
|player|p1|5th|20
|player|p2|Murkrow Jupiter|87
|gametype|singles
|gen|6
|tier|OU
|clearpoke
|poke|p1|Metagross
|poke|p1|Rotom-Wash
|poke|p1|Ferrothorn, F
|poke|p1|Landorus-Therian, M
|poke|p1|Keldeo
|poke|p1|Latias, F
|poke|p2|Ferrothorn, M, shiny
|poke|p2|Latios, M, shiny
|poke|p2|Politoed, M
|poke|p2|Swampert, M
|poke|p2|Toxicroak, M
|poke|p2|Kingdra, M
|rule|Swagger Clause: Swagger is banned
|rule|Baton Pass Clause: Limit one PokÃ©mon knowing Baton Pass
|rule|Sleep Clause Mod: Limit one foe put to sleep
|rule|Species Clause: Limit one of each PokÃ©mon
|rule|OHKO Clause: OHKO moves are banned
|rule|Moody Clause: Moody is banned
|rule|Evasion Moves Clause: Evasion moves are banned
|rule|Endless Battle Clause: Forcing endless battles is banned
|rule|HP Percentage Mod: HP is shown in percentages
|teampreview
|join|Failosophy
|join|Rekzz
|join|Breast Player
|join|racingkiller88
|join|Frickett
|join|ollopa
|join|DerpaniteX
|join|gg fagget
|c|â5th|glhf
|join|stockholm negro
|join|hashtag fabulous
|c| Rekzz|5th ur name is inaccurate
|c|âMurkrow Jupiter|u2
|join|Scotti
|c| Rekzz|you are at least 4th
|join|Starship Princess
|join|gina lisa86
|join|stormsky25
|c|âMurkrow Jupiter|is a great band
|join|TyranitarTerror
|c| ollopa|toxicroak
|join|Sike2303
|c| Scotti|http:\/\/ocl.freeforums.net\/thread\/2\/ocl-back?page=2
|join|Veruin
|join|bunnytokki
|leave|Starship Princess
|c| Rekzz|btw, murkrow, do you have a massive hard-on for ferrothorn or what
|join|Starship Princess
|c|âMurkrow Jupiter|solid shit son what can i say
|join|sdgsdsdg
|
|start
|switch|p1a: Rotom-Wash|Rotom-Wash|303\/303
|switch|p2a: Barachois|Ferrothorn, M, shiny|352\/352
|turn|1
|c| ollopa|burn it with fire
|leave|gg fagget
|
|move|p1a: Rotom-Wash|Will-O-Wisp|p2a: Barachois
|-status|p2a: Barachois|brn
|move|p2a: Barachois|Stealth Rock|p1a: Rotom-Wash
|-sidestart|p1: 5th|move: Stealth Rock
|
|-damage|p2a: Barachois|308\/352 brn|[from] brn
|turn|2
|c| Rekzz|burn it with da fire
|join|Based Chef
|join|albinopolarbear7
|join|JYP skuukzky
|join|Based QuagGod
|join|aj112354
|c| stormsky25|its not going to do anything
|
|switch|p2a: Delta|Politoed, M|384\/384
|-weather|RainDance
|move|p1a: Rotom-Wash|Volt Switch|p2a: Delta
|-supereffective|p2a: Delta
|-damage|p2a: Delta|250\/384
|c| Rekzz|one day, I am just going to bring an all fire team and challenge you with it
|c| Rekzz|just so that you can't use that thing
|
|switch|p1a: Latias|Latias, F|301\/301
|-damage|p1a: Latias|264\/301|[from] Stealth Rock
|
|-weather|RainDance|[upkeep]
|turn|3
|
|move|p1a: Latias|Draco Meteor|p2a: Delta|[miss]
|-miss|p1a: Latias|p2a: Delta
|move|p2a: Delta|Rest|p2a: Delta
|-status|p2a: Delta|slp
|-heal|p2a: Delta|384\/384 slp|[silent]
|-status|p2a: Delta|slp|[from] move: Rest
|
|-weather|RainDance|[upkeep]
|turn|4
|join|King Of Time Stall
|c| Rekzz|damn
|c| Rekzz|2 EZ
|
|switch|p2a: Swamp|Swampert, M|367\/367
|move|p1a: Latias|Defog|p2a: Swamp
|-unboost|p2a: Swamp|evasion|1
|-sideend|p1: 5th|Stealth Rock|[from] move: Defog|[of] p1a: Latias
|
|-weather|RainDance|[upkeep]
|turn|5
|c| Rekzz|watch the b8
|c| Rekzz|watch it
|
|switch|p1a: Rotom-Wash|Rotom-Wash|303\/303
|detailschange|p2a: Swamp|Swampert-Mega, M
|-mega|p2a: Swamp|Swampert|Swampertite
|move|p2a: Swamp|Protect|p2a: Swamp
|-fail|p2a: Swamp
|
|-weather|RainDance|[upkeep]
|turn|6
|join|Insane Pigmask
|join|Gghhh
|
|switch|p2a: Barachois|Ferrothorn, M, shiny|308\/352 brn
|move|p1a: Rotom-Wash|Hydro Pump|p2a: Barachois
|-resisted|p2a: Barachois
|-damage|p2a: Barachois|234\/352 brn
|
|-weather|RainDance|[upkeep]
|-heal|p2a: Barachois|256\/352 brn|[from] item: Leftovers
|-damage|p2a: Barachois|212\/352 brn|[from] brn
|turn|7
|join|TheJFrenzy1
|
|move|p1a: Rotom-Wash|Volt Switch|p2a: Barachois
|-resisted|p2a: Barachois
|-damage|p2a: Barachois|181\/352 brn
|join|JDynasty
|c| TheJFrenzy1|my boi MJ in semis :]
|c|âMurkrow Jupiter|lol
|
|switch|p1a: Ferrothorn|Ferrothorn, F|352\/352
|move|p2a: Barachois|Stealth Rock|p1a: Ferrothorn
|-sidestart|p1: 5th|move: Stealth Rock
|
|-weather|RainDance|[upkeep]
|-heal|p2a: Barachois|203\/352 brn|[from] item: Leftovers
|-damage|p2a: Barachois|159\/352 brn|[from] brn
|turn|8
|c| King Of Time Stall|lol
|c| ollopa|seed or rocks hmm
|c| Rekzz|damn I didn't know your name was mary jane
|
|switch|p2a: Marsh|Toxicroak, M|307\/307
|move|p1a: Ferrothorn|Gyro Ball|p2a: Marsh
|-damage|p2a: Marsh|91\/307
|
|-weather|RainDance|[upkeep]
|-heal|p2a: Marsh|129\/307|[from] ability: Dry Skin
|turn|9
|
|switch|p1a: Landorus-Therian|Landorus-Therian, M|319\/319
|-damage|p1a: Landorus-Therian|280\/319|[from] Stealth Rock
|-ability|p1a: Landorus-Therian|Intimidate|[of] p2a: Marsh
|-unboost|p2a: Marsh|atk|1
|move|p2a: Marsh|Drain Punch|p1a: Landorus-Therian
|-resisted|p1a: Landorus-Therian
|-damage|p1a: Landorus-Therian|229\/319
|-heal|p2a: Marsh|155\/307|[from] drain|[of] p1a: Landorus-Therian
|-damage|p2a: Marsh|125\/307|[from] item: Life Orb
|
|-weather|none
|turn|10
|
|switch|p1a: Keldeo|Keldeo|323\/323
|-damage|p1a: Keldeo|303\/323|[from] Stealth Rock
|switch|p2a: Delta|Politoed, M|384\/384 slp
|-weather|RainDance
|
|-weather|RainDance|[upkeep]
|-heal|p1a: Keldeo|323\/323|[from] item: Leftovers
|turn|11
|c| Rekzz|EZ PZ
|leave|Gghhh
|
|switch|p2a: Lagoon|Latios, M, shiny|301\/301
|move|p1a: Keldeo|Secret Sword|p2a: Lagoon
|-resisted|p2a: Lagoon
|-damage|p2a: Lagoon|205\/301
|
|-weather|RainDance|[upkeep]
|turn|12
|join|mudkipz9001
|
|switch|p2a: Marsh|Toxicroak, M|125\/307
|switch|p1a: Ferrothorn|Ferrothorn, F|352\/352
|-damage|p1a: Ferrothorn|330\/352|[from] Stealth Rock
|
|-weather|RainDance|[upkeep]
|-heal|p2a: Marsh|163\/307|[from] ability: Dry Skin
|-heal|p1a: Ferrothorn|352\/352|[from] item: Leftovers
|turn|13
|join|Sir Slaking
|
|move|p2a: Marsh|Drain Punch|p1a: Ferrothorn
|-supereffective|p1a: Ferrothorn
|-damage|p1a: Ferrothorn|147\/352
|-heal|p2a: Marsh|266\/307|[from] drain|[of] p1a: Ferrothorn
|-damage|p2a: Marsh|228\/307|[from] ability: Iron Barbs|[of] p1a: Ferrothorn
|-damage|p2a: Marsh|198\/307|[from] item: Life Orb
|move|p1a: Ferrothorn|Gyro Ball|p2a: Marsh
|-damage|p2a: Marsh|0 fnt
|faint|p2a: Marsh
|
|-weather|RainDance|[upkeep]
|-heal|p1a: Ferrothorn|169\/352|[from] item: Leftovers
|
|switch|p2a: Estuary|Kingdra, M|301\/301
|turn|14
|
|move|p1a: Ferrothorn|Protect|p1a: Ferrothorn
|-singleturn|p1a: Ferrothorn|Protect
|move|p2a: Estuary|Hydro Pump|p1a: Ferrothorn
|-activate|p1a: Ferrothorn|Protect
|
|-weather|RainDance|[upkeep]
|-heal|p1a: Ferrothorn|191\/352|[from] item: Leftovers
|turn|15
|leave|Sir Slaking
|join|weepeverybattle
|join|Zamrock
|
|move|p2a: Estuary|Hydro Pump|p1a: Ferrothorn
|-resisted|p1a: Ferrothorn
|-damage|p1a: Ferrothorn|59\/352
|move|p1a: Ferrothorn|Leech Seed|p2a: Estuary
|-start|p2a: Estuary|move: Leech Seed
|
|-weather|RainDance|[upkeep]
|-heal|p1a: Ferrothorn|81\/352|[from] item: Leftovers
|-damage|p2a: Estuary|264\/301|[from] Leech Seed|[of] p1a: Ferrothorn
|-heal|p1a: Ferrothorn|118\/352|[silent]
|turn|16
|c| Rekzz|if real, double leech seed
|c| ollopa|^
|
|move|p1a: Ferrothorn|Protect|p1a: Ferrothorn
|-singleturn|p1a: Ferrothorn|Protect
|move|p2a: Estuary|Hydro Pump|p1a: Ferrothorn
|-activate|p1a: Ferrothorn|Protect
|
|-weather|RainDance|[upkeep]
|-heal|p1a: Ferrothorn|140\/352|[from] item: Leftovers
|-damage|p2a: Estuary|227\/301|[from] Leech Seed|[of] p1a: Ferrothorn
|-heal|p1a: Ferrothorn|177\/352|[silent]
|turn|17
|c|âMurkrow Jupiter|wow
|join|CyzayoxSilver
|c| Based Chef|noice
|c| Rekzz|he ain't give no facks
|c| Based Chef|double protect
|join|Touymato
|
|move|p2a: Estuary|Hydro Pump|p1a: Ferrothorn
|-resisted|p1a: Ferrothorn
|-damage|p1a: Ferrothorn|45\/352
|move|p1a: Ferrothorn|Gyro Ball|p2a: Estuary
|-resisted|p2a: Estuary
|-damage|p2a: Estuary|134\/301
|
|-weather|none
|-heal|p1a: Ferrothorn|67\/352|[from] item: Leftovers
|-damage|p2a: Estuary|97\/301|[from] Leech Seed|[of] p1a: Ferrothorn
|-heal|p1a: Ferrothorn|104\/352|[silent]
|turn|18
|
|switch|p2a: Delta|Politoed, M|384\/384 slp
|-weather|RainDance
|move|p1a: Ferrothorn|Leech Seed|p2a: Delta
|-start|p2a: Delta|move: Leech Seed
|
|-weather|RainDance|[upkeep]
|-heal|p1a: Ferrothorn|126\/352|[from] item: Leftovers
|-damage|p2a: Delta|336\/384 slp|[from] Leech Seed|[of] p1a: Ferrothorn
|-heal|p1a: Ferrothorn|174\/352|[silent]
|turn|19
|
|switch|p2a: Barachois|Ferrothorn, M, shiny|159\/352 brn
|move|p1a: Ferrothorn|Leech Seed|p2a: Barachois
|-immune|p2a: Barachois|[msg]
|
|-weather|RainDance|[upkeep]
|-heal|p2a: Barachois|181\/352 brn|[from] item: Leftovers
|-heal|p1a: Ferrothorn|196\/352|[from] item: Leftovers
|-damage|p2a: Barachois|137\/352 brn|[from] brn
|turn|20
|c| Based Chef|ooooo
|
|switch|p2a: Estuary|Kingdra, M|97\/301
|move|p1a: Ferrothorn|Protect|p1a: Ferrothorn
|-fail|p1a: Ferrothorn
|
|-weather|RainDance|[upkeep]
|-heal|p1a: Ferrothorn|218\/352|[from] item: Leftovers
|turn|21
|
|move|p1a: Ferrothorn|Protect|p1a: Ferrothorn
|-singleturn|p1a: Ferrothorn|Protect
|move|p2a: Estuary|Scald|p1a: Ferrothorn
|-activate|p1a: Ferrothorn|Protect
|
|-weather|RainDance|[upkeep]
|-heal|p1a: Ferrothorn|240\/352|[from] item: Leftovers
|turn|22
|c| ollopa|who can kill his ferro on the rain team :0
|c| DerpaniteX|how are u going to kill ferro
|c| Rekzz|he needs to get chip off
|join|PhobiaYT
|join|xtraDOLLARshine
|c| Scotti|my boi 5th puttin in work
|c| xtraDOLLARshine|SCOUTING
|
|move|p2a: Estuary|Scald|p1a: Ferrothorn
|-resisted|p1a: Ferrothorn
|-damage|p1a: Ferrothorn|132\/352
|move|p1a: Ferrothorn|Leech Seed|p2a: Estuary|[miss]
|-miss|p1a: Ferrothorn|p2a: Estuary
|
|-weather|RainDance|[upkeep]
|-heal|p1a: Ferrothorn|154\/352|[from] item: Leftovers
|turn|23
|c|âMurkrow Jupiter|ol
|c| Zamrock|SCOUTING
|c| Rekzz|OOH
|c|âMurkrow Jupiter|lol
|
|move|p1a: Ferrothorn|Protect|p1a: Ferrothorn
|-singleturn|p1a: Ferrothorn|Protect
|move|p2a: Estuary|Scald|p1a: Ferrothorn
|-activate|p1a: Ferrothorn|Protect
|
|-weather|RainDance|[upkeep]
|-heal|p1a: Ferrothorn|176\/352|[from] item: Leftovers
|turn|24
|join|Taipei
|
|move|p2a: Estuary|Scald|p1a: Ferrothorn
|-crit|p1a: Ferrothorn
|-resisted|p1a: Ferrothorn
|-damage|p1a: Ferrothorn|22\/352
|move|p1a: Ferrothorn|Leech Seed|p2a: Estuary
|-start|p2a: Estuary|move: Leech Seed
|
|-weather|RainDance|[upkeep]
|-heal|p1a: Ferrothorn|44\/352|[from] item: Leftovers
|-damage|p2a: Estuary|60\/301|[from] Leech Seed|[of] p1a: Ferrothorn
|-heal|p1a: Ferrothorn|81\/352|[silent]
|turn|25
|c|âMurkrow Jupiter|what a prick
|c| Rekzz|was expecting critburn
|c| TheJFrenzy1|aw
|
|switch|p2a: Swamp|Swampert-Mega, M|367\/367
|move|p1a: Ferrothorn|Protect|p1a: Ferrothorn
|-fail|p1a: Ferrothorn
|
|-weather|none
|-heal|p1a: Ferrothorn|103\/352|[from] item: Leftovers
|turn|26
|c| PhobiaYT|>Scouting even though scouting isn't even a rule
|c| Rekzz|disappointed
|c| TheJFrenzy1|wheres the crit burn
|c| DerpaniteX|inb4 power up pwnch
|c| xtraDOLLARshine|swampy without tha drizzle
|c|âMurkrow Jupiter|gives no fucks
|
|switch|p1a: Rotom-Wash|Rotom-Wash|303\/303
|-damage|p1a: Rotom-Wash|266\/303|[from] Stealth Rock
|move|p2a: Swamp|Earthquake|p1a: Rotom-Wash
|-immune|p1a: Rotom-Wash|[msg]
|
|-heal|p1a: Rotom-Wash|284\/303|[from] item: Leftovers
|turn|27
|c| xtraDOLLARshine|sub up
|c| Rekzz|manual rain + protect + stab I bet
|c| Rekzz|EZ
|
|switch|p2a: Delta|Politoed, M|336\/384 slp
|-weather|RainDance
|move|p1a: Rotom-Wash|Volt Switch|p2a: Delta
|-supereffective|p2a: Delta
|-damage|p2a: Delta|208\/384 slp
|c| TheJFrenzy1|wheres the superpower fren?
|
|switch|p1a: Ferrothorn|Ferrothorn, F|103\/352
|-damage|p1a: Ferrothorn|81\/352|[from] Stealth Rock
|
|-weather|RainDance|[upkeep]
|-heal|p1a: Ferrothorn|103\/352|[from] item: Leftovers
|turn|28
|c|âMurkrow Jupiter|coming on after this game
|c| xtraDOLLARshine|i fink u shud put
|c| xtraDOLLARshine|omastar > kingdra
|c| Taipei|-_-
|c| xtraDOLLARshine|4 talona flames
|c| Taipei|_-_
|c|âMurkrow Jupiter|yeah
|c|âMurkrow Jupiter|lol
|c|âMurkrow Jupiter|gud point
|c| Taipei|>.<
|c| Rekzz|I think you need heatran on this tbh
|c| Taipei|<.>
|c| Rekzz|for the burns obviously
|c|â5th|Tran on Rain
|c|â5th|._.
|
|cant|p2a: Delta|slp
|move|p1a: Ferrothorn|Leech Seed|p2a: Delta
|-start|p2a: Delta|move: Leech Seed
|
|-weather|RainDance|[upkeep]
|-heal|p1a: Ferrothorn|125\/352|[from] item: Leftovers
|-damage|p2a: Delta|160\/384 slp|[from] Leech Seed|[of] p1a: Ferrothorn
|-heal|p1a: Ferrothorn|173\/352|[silent]
|turn|29
|c| Taipei|...
|c| Rekzz|:)
|c| Taipei|...
|c| Taipei|...
|
|switch|p2a: Estuary|Kingdra, M|60\/301
|move|p1a: Ferrothorn|Leech Seed|p2a: Estuary|[miss]
|-miss|p1a: Ferrothorn|p2a: Estuary
|
|-weather|RainDance|[upkeep]
|-heal|p1a: Ferrothorn|195\/352|[from] item: Leftovers
|turn|30
|c| DerpaniteX|ferro is kind of problem for ur team huh lol
|c| Zamrock|lol
|c| Rekzz|EZ miss
|
|move|p1a: Ferrothorn|Protect|p1a: Ferrothorn
|-singleturn|p1a: Ferrothorn|Protect
|move|p2a: Estuary|Scald|p1a: Ferrothorn
|-activate|p1a: Ferrothorn|Protect
|
|-weather|RainDance|[upkeep]
|-heal|p1a: Ferrothorn|217\/352|[from] item: Leftovers
|turn|31
|c|âMurkrow Jupiter|fgt
|
|move|p2a: Estuary|Scald|p1a: Ferrothorn
|-resisted|p1a: Ferrothorn
|-damage|p1a: Ferrothorn|111\/352
|-status|p1a: Ferrothorn|brn
|move|p1a: Ferrothorn|Gyro Ball|p2a: Estuary
|-resisted|p2a: Estuary
|-damage|p2a: Estuary|19\/301
|
|-weather|RainDance|[upkeep]
|-heal|p1a: Ferrothorn|133\/352 brn|[from] item: Leftovers
|-damage|p1a: Ferrothorn|89\/352 brn|[from] brn
|turn|32
|c| TheJFrenzy1|no shit Sherlock DerpaniteX
|c|âMurkrow Jupiter|die
|c|â5th|:(
|c| Rekzz|YUM
|c| Taipei|hory shet
|c| Taipei|hory shet
|c| racingkiller88|finally a burn lol
|c| Zamrock|get
|c|âMurkrow Jupiter|bout fucking time
|c| Scotti|murk stahp haxin mah boi
|c| Zamrock|ur rocks up now
|
|move|p2a: Estuary|Scald|p1a: Ferrothorn
|-crit|p1a: Ferrothorn
|-resisted|p1a: Ferrothorn
|-damage|p1a: Ferrothorn|0 fnt
|faint|p1a: Ferrothorn
|
|-weather|RainDance|[upkeep]
|c| Taipei|-_-
|c|âMurkrow Jupiter|pop
|c| racingkiller88|and a crit
|c| Taipei|;
|c| TheJFrenzy1|;
|c| Scotti|you fgt
|c| TheJFrenzy1|-
|c| TheJFrenzy1|;
|c| Scotti|also zam nice vid
|c|âMurkrow Jupiter|would have died anyway
|
|switch|p1a: Metagross|Metagross|301\/301
|-damage|p1a: Metagross|283\/301|[from] Stealth Rock
|turn|33
|c| Scotti|murk stfu
|c|âMurkrow Jupiter|did 30% last time
|c| Zamrock|thx n_n
|c|âMurkrow Jupiter|lmao
|join|keldiety
|c| Rekzz|does that even take the scald
|
|switch|p2a: Barachois|Ferrothorn, M, shiny|137\/352 brn
|detailschange|p1a: Metagross|Metagross-Mega
|-mega|p1a: Metagross|Metagross|Metagrossite
|move|p1a: Metagross|Bullet Punch|p2a: Barachois
|-resisted|p2a: Barachois
|-damage|p2a: Barachois|102\/352 brn
|-damage|p1a: Metagross|246\/301|[from] ability: Iron Barbs|[of] p2a: Barachois
|
|-weather|RainDance|[upkeep]
|-heal|p2a: Barachois|124\/352 brn|[from] item: Leftovers
|-damage|p2a: Barachois|80\/352 brn|[from] brn
|turn|34
|c| TheJFrenzy1|no but it bp's
|leave|sdgsdsdg
|
|move|p1a: Metagross|Earthquake|p2a: Barachois
|-damage|p2a: Barachois|0 fnt
|faint|p2a: Barachois
|
|-weather|none
|
|switch|p2a: Delta|Politoed, M|160\/384 slp
|-weather|RainDance
|turn|35
|
|move|p1a: Metagross|Zen Headbutt|p2a: Delta
|-damage|p2a: Delta|0 fnt
|faint|p2a: Delta
|
|-weather|RainDance|[upkeep]
|c| Zamrock|drop
|
|switch|p2a: Swamp|Swampert-Mega, M|367\/367
|turn|36
|c| keldiety|._.
|c| Rekzz|sack lando EZ PZ
|c| TyranitarTerror|such real
|c| keldiety|i sink gg?
|c| keldiety|rotawm
|c| racingkiller88|ferro was mvp here
|c| keldiety|is der
|c| TheJFrenzy1|just sack mega meta and lose imo
|c|â5th|lol
|c| Zamrock|this reminds me of
|c| TheJFrenzy1|I mean like c'mon guise
|
|switch|p1a: Rotom-Wash|Rotom-Wash|284\/303
|-damage|p1a: Rotom-Wash|247\/303|[from] Stealth Rock
|move|p2a: Swamp|Aqua Tail|p1a: Rotom-Wash
|-resisted|p1a: Rotom-Wash
|-damage|p1a: Rotom-Wash|139\/303
|
|-weather|RainDance|[upkeep]
|-heal|p1a: Rotom-Wash|157\/303|[from] item: Leftovers
|turn|37
|c| Zamrock|steven champion fight
|c| Zamrock|mega pert vs mega meta
|c| keldiety|defeq
|c| Zamrock|!
|c| TheJFrenzy1|!!
|c| keldiety|flinch imo
|c| Rekzz|>used mega swampert in game
|c| DerpaniteX|inb4 flinch
|c| Rekzz|>ignored based sceptile
|c| TheJFrenzy1|nah crit flinch
|c| Rekzz|fucking trash
|leave|JYP skuukzky
|c| Based Chef|OOO
|
|switch|p2a: Estuary|Kingdra, M|19\/301
|move|p1a: Rotom-Wash|Will-O-Wisp|p2a: Estuary
|-status|p2a: Estuary|brn
|
|-weather|RainDance|[upkeep]
|-heal|p1a: Rotom-Wash|175\/303|[from] item: Leftovers
|-damage|p2a: Estuary|0 fnt|[from] brn
|faint|p2a: Estuary
|c| keldiety|miss?
|c| ollopa|thats a small tail :0
|c| keldiety|NOO
|c| keldiety|y u do dis
|
|switch|p2a: Lagoon|Latios, M, shiny|205\/301
|turn|38
|c| Based Chef|aaaaaahhhh
|c| keldiety|now u gotta win spd tie
|c| keldiety|lel
|leave|Failosophy
|c| Rekzz|its spelled lagunn friend
|c| keldiety|and he can go free latias
|
|switch|p1a: Latias|Latias, F|264\/301
|-damage|p1a: Latias|227\/301|[from] Stealth Rock
|move|p2a: Lagoon|Draco Meteor|p1a: Latias|[miss]
|-miss|p2a: Lagoon|p1a: Latias
|
|-weather|RainDance|[upkeep]
|turn|39
|c| Rekzz|and it is THE LATIOS THAT PIERCES THE SKY
|c| DerpaniteX|inb4 dd\/eq set
|c| Rekzz|*HEAVENS
|c| Based QuagGod|lol
|
|move|p1a: Latias|Draco Meteor|p2a: Lagoon
|-supereffective|p2a: Lagoon
|-damage|p2a: Lagoon|0 fnt
|-unboost|p1a: Latias|spa|2
|-damage|p1a: Latias|197\/301|[from] item: Life Orb
|faint|p2a: Lagoon
|
|-weather|RainDance|[upkeep]
|c| keldiety|lawl
|join|Failosophy
|c| TheJFrenzy1|.....
|c| TheJFrenzy1|the hax
|c| King Of Time Stall|wooow
|
|switch|p2a: Swamp|Swampert-Mega, M|367\/367
|turn|40
|c| Starship Princess|rekt
|leave|Based QuagGod
|c| TheJFrenzy1|wow
|c| keldiety|hpfire\/fight?
|
|move|p2a: Swamp|Ice Punch|p1a: Latias
|-supereffective|p1a: Latias
|-damage|p1a: Latias|0 fnt
|faint|p1a: Latias
|
|-weather|RainDance|[upkeep]
|c| keldiety|oh gg
|c| Based Chef|g
|c| keldiety|jay jay
|c| Based Chef|gggggggg
|
|switch|p1a: Landorus-Therian|Landorus-Therian, M|229\/319
|-damage|p1a: Landorus-Therian|190\/319|[from] Stealth Rock
|-ability|p1a: Landorus-Therian|Intimidate|[of] p2a: Swamp
|-unboost|p2a: Swamp|atk|1
|turn|41
|
|switch|p1a: Keldeo|Keldeo|323\/323
|-damage|p1a: Keldeo|303\/323|[from] Stealth Rock
|move|p2a: Swamp|Aqua Tail|p1a: Keldeo
|-resisted|p1a: Keldeo
|-damage|p1a: Keldeo|199\/323
|
|-weather|RainDance|[upkeep]
|-heal|p1a: Keldeo|219\/323|[from] item: Leftovers
|turn|42
|c| Rekzz|look at that prediction
|
|move|p2a: Swamp|Earthquake|p1a: Keldeo
|-crit|p1a: Keldeo
|-damage|p1a: Keldeo|0 fnt
|faint|p1a: Keldeo
|
|-weather|none
|
|switch|p1a: Landorus-Therian|Landorus-Therian, M|190\/319
|-damage|p1a: Landorus-Therian|151\/319|[from] Stealth Rock
|-ability|p1a: Landorus-Therian|Intimidate|[of] p2a: Swamp
|-unboost|p2a: Swamp|atk|1
|turn|43
|
|move|p1a: Landorus-Therian|Earthquake|p2a: Swamp
|-damage|p2a: Swamp|196\/367
|move|p2a: Swamp|Aqua Tail|p1a: Landorus-Therian
|-supereffective|p1a: Landorus-Therian
|-damage|p1a: Landorus-Therian|0 fnt
|faint|p1a: Landorus-Therian
|
|
|switch|p1a: Rotom-Wash|Rotom-Wash|175\/303
|-damage|p1a: Rotom-Wash|138\/303|[from] Stealth Rock
|turn|44
|
|move|p1a: Rotom-Wash|Will-O-Wisp|p2a: Swamp
|-status|p2a: Swamp|brn
|move|p2a: Swamp|Aqua Tail|p1a: Rotom-Wash
|-resisted|p1a: Rotom-Wash
|-damage|p1a: Rotom-Wash|120\/303
|
|-heal|p1a: Rotom-Wash|138\/303|[from] item: Leftovers
|-damage|p2a: Swamp|151\/367 brn|[from] brn
|turn|45
|leave|Murkrow Jupiter
|player|p2
|c| Rekzz|^^^^^^^
|leave|Zamrock
|c| keldiety|\/\/k\/e\/l\/d\/e\/o\/ \/i\/s\/ \/b\/a\/s\/e\/d\/ \/g\/o\/d\/
|leave|Failosophy
|leave|TheJFrenzy1
|leave|DerpaniteX
|leave|keldiety
|leave|hashtag fabulous
|c| racingkiller88|gg 5th, been watching you since you beat Goomy
|leave|xtraDOLLARshine
|join|iltk29
|join|Gnaro
|leave|Starship Princess
|leave|mudkipz9001
|join|G00NY
|c| Touymato|5th, do you have pastebin for this team? I want to see if I can test it out to get reqs in the OU Suspect ladder.
|leave|racingkiller88
|join|Boikachu
|join|racingkiller88
|leave|G00NY
|join|Ferocca
|c| Rekzz|I hope they introduce a grass\/fire type
|c| Rekzz|so that ferrothorn gets fucked
|leave|Boikachu
|join|DerpaniteX
|leave|stormsky25
|join|stormsky25
|leave|stormsky25
|leave|Scotti
|leave|Frickett
|leave|Based Chef
|leave|DerpaniteX
|leave|gina lisa86
|leave|stockholm negro
|leave|JDynasty
|leave|Touymato
|-message|Player 2 lost due to inactivity.
|
|win|5th
|leave|Rekzz
|leave|racingkiller88
|leave|CyzayoxSilver
|leave|weepeverybattle
|leave|ollopa
|leave|Veruin
|leave|aj112354
|leave|PhobiaYT
|join|yiyiddd
|leave|albinopolarbear7
|leave|bunnytokki
|leave|yiyiddd
|leave|Breast Player
|leave|Ferocca