|join|Christo 666
|join|5th
|player|p1|Christo 666|265
|player|p2|5th|20
|gametype|singles
|gen|6
|tier|OU
|clearpoke
|poke|p1|Keldeo-Resolute
|poke|p1|Latias, F
|poke|p1|Garchomp, M
|poke|p1|Ferrothorn, M
|poke|p1|Tyranitar, F
|poke|p1|Clefable, F
|poke|p2|Metagross
|poke|p2|Rotom-Wash
|poke|p2|Ferrothorn, F
|poke|p2|Landorus-Therian, M
|poke|p2|Keldeo
|poke|p2|Latias, F
|rule|Swagger Clause: Swagger is banned
|rule|Baton Pass Clause: Limit one PokÃ©mon knowing Baton Pass
|rule|Sleep Clause Mod: Limit one foe put to sleep
|rule|Species Clause: Limit one of each PokÃ©mon
|rule|OHKO Clause: OHKO moves are banned
|rule|Moody Clause: Moody is banned
|rule|Evasion Moves Clause: Evasion moves are banned
|rule|Endless Battle Clause: Forcing endless battles is banned
|rule|HP Percentage Mod: HP is shown in percentages
|teampreview
|join|MittRomney2012
|join|RatchetDaddyK
|
|start
|switch|p1a: Garchomp|Garchomp, M|420\/420
|switch|p2a: Rotom-Wash|Rotom-Wash|303\/303
|turn|1
|
|move|p1a: Garchomp|Stealth Rock|p2a: Rotom-Wash
|-sidestart|p2: 5th|move: Stealth Rock
|move|p2a: Rotom-Wash|Will-O-Wisp|p1a: Garchomp
|-status|p1a: Garchomp|brn
|
|-damage|p1a: Garchomp|368\/420 brn|[from] brn
|turn|2
|join|getready4dis
|
|move|p2a: Rotom-Wash|Hydro Pump|p1a: Garchomp
|-damage|p1a: Garchomp|221\/420 brn
|move|p1a: Garchomp|Dragon Tail|p2a: Rotom-Wash
|-damage|p2a: Rotom-Wash|269\/303
|drag|p2a: Keldeo|Keldeo|323\/323
|-damage|p2a: Keldeo|303\/323|[from] Stealth Rock
|
|-heal|p2a: Keldeo|323\/323|[from] item: Leftovers
|-damage|p1a: Garchomp|169\/420 brn|[from] brn
|turn|3
|leave|getready4dis
|join|Zapatito
|
|move|p2a: Keldeo|Substitute|p2a: Keldeo
|-start|p2a: Keldeo|Substitute
|-damage|p2a: Keldeo|243\/323
|move|p1a: Garchomp|Rest|p1a: Garchomp
|-status|p1a: Garchomp|slp
|-heal|p1a: Garchomp|420\/420 slp|[silent]
|-status|p1a: Garchomp|slp|[from] move: Rest
|
|-heal|p2a: Keldeo|263\/323|[from] item: Leftovers
|turn|4
|join|Winter Schemes
|
|switch|p1a: Clefable|Clefable, F|393\/393
|move|p2a: Keldeo|Scald|p1a: Clefable
|-damage|p1a: Clefable|270\/393
|
|-heal|p2a: Keldeo|283\/323|[from] item: Leftovers
|-heal|p1a: Clefable|294\/393|[from] item: Leftovers
|turn|5
|join|lightning1870
|
|move|p2a: Keldeo|Scald|p1a: Clefable
|-damage|p1a: Clefable|162\/393
|move|p1a: Clefable|Moonblast|p2a: Keldeo
|-supereffective|p2a: Keldeo
|-end|p2a: Keldeo|Substitute
|
|-heal|p2a: Keldeo|303\/323|[from] item: Leftovers
|-heal|p1a: Clefable|186\/393|[from] item: Leftovers
|turn|6
|
|switch|p2a: Metagross|Metagross|301\/301
|-damage|p2a: Metagross|283\/301|[from] Stealth Rock
|move|p1a: Clefable|Moonblast|p2a: Metagross
|-resisted|p2a: Metagross
|-damage|p2a: Metagross|224\/301
|
|-heal|p1a: Clefable|210\/393|[from] item: Leftovers
|turn|7
|join|coris555
|
|switch|p2a: Rotom-Wash|Rotom-Wash|269\/303
|-damage|p2a: Rotom-Wash|232\/303|[from] Stealth Rock
|switch|p1a: Garchomp|Garchomp, M|420\/420 slp
|
|-heal|p2a: Rotom-Wash|250\/303|[from] item: Leftovers
|turn|8
|c| coris555|oh ha 5th
|c| coris555|hay
|c|â5th|Hey
|
|move|p2a: Rotom-Wash|Hydro Pump|p1a: Garchomp
|-damage|p1a: Garchomp|276\/420 slp
|cant|p1a: Garchomp|slp
|
|-heal|p2a: Rotom-Wash|268\/303|[from] item: Leftovers
|turn|9
|
|move|p2a: Rotom-Wash|Hydro Pump|p1a: Garchomp
|-damage|p1a: Garchomp|111\/420 slp
|cant|p1a: Garchomp|slp
|
|-heal|p2a: Rotom-Wash|286\/303|[from] item: Leftovers
|turn|10
|
|-curestatus|p1a: Garchomp|slp
|move|p1a: Garchomp|Rest|p1a: Garchomp
|-status|p1a: Garchomp|slp
|-heal|p1a: Garchomp|420\/420 slp|[silent]
|-status|p1a: Garchomp|slp|[from] move: Rest
|move|p2a: Rotom-Wash|Hydro Pump|p1a: Garchomp|[miss]
|-miss|p2a: Rotom-Wash|p1a: Garchomp
|
|-heal|p2a: Rotom-Wash|303\/303|[from] item: Leftovers
|turn|11
|
|switch|p1a: Clefable|Clefable, F|210\/393
|switch|p2a: Keldeo|Keldeo|303\/323
|-damage|p2a: Keldeo|283\/323|[from] Stealth Rock
|
|-heal|p2a: Keldeo|303\/323|[from] item: Leftovers
|-heal|p1a: Clefable|234\/393|[from] item: Leftovers
|turn|12
|
|move|p2a: Keldeo|Substitute|p2a: Keldeo
|-start|p2a: Keldeo|Substitute
|-damage|p2a: Keldeo|223\/323
|move|p1a: Clefable|Moonblast|p2a: Keldeo
|-supereffective|p2a: Keldeo
|-end|p2a: Keldeo|Substitute
|
|-heal|p2a: Keldeo|243\/323|[from] item: Leftovers
|-heal|p1a: Clefable|258\/393|[from] item: Leftovers
|turn|13
|join|Mokkan
|
|switch|p2a: Metagross|Metagross|224\/301
|-damage|p2a: Metagross|206\/301|[from] Stealth Rock
|move|p1a: Clefable|Moonblast|p2a: Metagross
|-resisted|p2a: Metagross
|-damage|p2a: Metagross|147\/301
|
|-heal|p1a: Clefable|282\/393|[from] item: Leftovers
|turn|14
|
|switch|p2a: Ferrothorn|Ferrothorn, F|352\/352
|-damage|p2a: Ferrothorn|330\/352|[from] Stealth Rock
|switch|p1a: Garchomp|Garchomp, M|420\/420 slp
|
|-heal|p2a: Ferrothorn|352\/352|[from] item: Leftovers
|turn|15
|leave|RatchetDaddyK
|
|switch|p1a: Latias|Latias, F|363\/363
|move|p2a: Ferrothorn|Stealth Rock|p1a: Latias
|-sidestart|p1: Christo 666|move: Stealth Rock
|
|turn|16
|
|detailschange|p1a: Latias|Latias-Mega, F
|message|Latias has Mega Evolved into Mega Latias!
|move|p2a: Ferrothorn|Protect|p2a: Ferrothorn
|-singleturn|p2a: Ferrothorn|Protect
|move|p1a: Latias|Substitute|p1a: Latias
|-start|p1a: Latias|Substitute
|-damage|p1a: Latias|273\/363
|
|turn|17
|
|move|p1a: Latias|Calm Mind|p1a: Latias
|-boost|p1a: Latias|spa|1
|-boost|p1a: Latias|spd|1
|move|p2a: Ferrothorn|Gyro Ball|p1a: Latias
|-end|p1a: Latias|Substitute
|
|turn|18
|
|move|p1a: Latias|Calm Mind|p1a: Latias
|-boost|p1a: Latias|spa|1
|-boost|p1a: Latias|spd|1
|move|p2a: Ferrothorn|Gyro Ball|p1a: Latias
|-damage|p1a: Latias|141\/363
|
|turn|19
|
|move|p1a: Latias|Roost|p1a: Latias
|-heal|p1a: Latias|323\/363
|move|p2a: Ferrothorn|Leech Seed|p1a: Latias
|-start|p1a: Latias|move: Leech Seed
|
|-damage|p1a: Latias|278\/363|[from] Leech Seed|[of] p2a: Ferrothorn
|turn|20
|c|âChristo 666|nice
|
|switch|p1a: Keldeo-Resolute|Keldeo-Resolute|323\/323
|-damage|p1a: Keldeo-Resolute|303\/323|[from] Stealth Rock
|move|p2a: Ferrothorn|Gyro Ball|p1a: Keldeo-Resolute
|-resisted|p1a: Keldeo-Resolute
|-damage|p1a: Keldeo-Resolute|215\/323
|
|-heal|p1a: Keldeo-Resolute|235\/323|[from] item: Leftovers
|turn|21
|
|switch|p2a: Latias|Latias, F|301\/301
|-damage|p2a: Latias|264\/301|[from] Stealth Rock
|move|p1a: Keldeo-Resolute|Substitute|p1a: Keldeo-Resolute
|-start|p1a: Keldeo-Resolute|Substitute
|-damage|p1a: Keldeo-Resolute|155\/323
|
|-heal|p1a: Keldeo-Resolute|175\/323|[from] item: Leftovers
|turn|22
|
|move|p2a: Latias|Psyshock|p1a: Keldeo-Resolute
|-supereffective|p1a: Keldeo-Resolute
|-end|p1a: Keldeo-Resolute|Substitute
|-damage|p2a: Latias|234\/301|[from] item: Life Orb
|move|p1a: Keldeo-Resolute|Scald|p2a: Latias
|-resisted|p2a: Latias
|-damage|p2a: Latias|177\/301
|
|-heal|p1a: Keldeo-Resolute|195\/323|[from] item: Leftovers
|turn|23
|join|EternusDraco
|
|switch|p1a: Tyranitar|Tyranitar, F|341\/341
|-damage|p1a: Tyranitar|299\/341|[from] Stealth Rock
|-weather|Sandstorm
|move|p2a: Latias|Psyshock|p1a: Tyranitar
|-immune|p1a: Tyranitar|[msg]
|
|-weather|Sandstorm|[upkeep]
|-damage|p2a: Latias|159\/301|[from] sandstorm
|turn|24
|c|â5th|ah
|c|â5th|didn't see tar haha
|
|move|p1a: Tyranitar|Pursuit|p2a: Latias
|-supereffective|p2a: Latias
|-damage|p2a: Latias|0 fnt
|faint|p2a: Latias
|
|-weather|Sandstorm|[upkeep]
|
|switch|p2a: Keldeo|Keldeo|243\/323
|-damage|p2a: Keldeo|223\/323|[from] Stealth Rock
|turn|25
|
|switch|p1a: Clefable|Clefable, F|282\/393
|switch|p2a: Landorus-Therian|Landorus-Therian, M|319\/319
|-damage|p2a: Landorus-Therian|280\/319|[from] Stealth Rock
|-ability|p2a: Landorus-Therian|Intimidate|[of] p1a: Clefable
|-unboost|p1a: Clefable|atk|1
|
|-weather|Sandstorm|[upkeep]
|-heal|p1a: Clefable|306\/393|[from] item: Leftovers
|turn|26
|
|move|p2a: Landorus-Therian|U-turn|p1a: Clefable
|-resisted|p1a: Clefable
|-damage|p1a: Clefable|261\/393
|
|switch|p2a: Ferrothorn|Ferrothorn, F|352\/352
|-damage|p2a: Ferrothorn|330\/352|[from] Stealth Rock
|move|p1a: Clefable|Soft-Boiled|p1a: Clefable
|-heal|p1a: Clefable|393\/393
|
|-weather|Sandstorm|[upkeep]
|-heal|p2a: Ferrothorn|352\/352|[from] item: Leftovers
|turn|27
|
|switch|p2a: Rotom-Wash|Rotom-Wash|303\/303
|-damage|p2a: Rotom-Wash|266\/303|[from] Stealth Rock
|move|p1a: Clefable|Moonblast|p2a: Rotom-Wash
|-damage|p2a: Rotom-Wash|173\/303
|
|-weather|none
|-heal|p2a: Rotom-Wash|191\/303|[from] item: Leftovers
|turn|28
|
|switch|p1a: Garchomp|Garchomp, M|420\/420 slp
|-damage|p1a: Garchomp|394\/420 slp|[from] Stealth Rock
|move|p2a: Rotom-Wash|Volt Switch|p1a: Garchomp
|-immune|p1a: Garchomp|[msg]
|
|-heal|p2a: Rotom-Wash|209\/303|[from] item: Leftovers
|turn|29
|
|switch|p2a: Ferrothorn|Ferrothorn, F|352\/352
|-damage|p2a: Ferrothorn|330\/352|[from] Stealth Rock
|cant|p1a: Garchomp|slp
|
|-heal|p2a: Ferrothorn|352\/352|[from] item: Leftovers
|turn|30
|
|move|p2a: Ferrothorn|Leech Seed|p1a: Garchomp
|-start|p1a: Garchomp|move: Leech Seed
|cant|p1a: Garchomp|slp
|
|-damage|p1a: Garchomp|342\/420 slp|[from] Leech Seed|[of] p2a: Ferrothorn
|turn|31
|
|switch|p2a: Rotom-Wash|Rotom-Wash|209\/303
|-damage|p2a: Rotom-Wash|172\/303|[from] Stealth Rock
|-curestatus|p1a: Garchomp|slp
|move|p1a: Garchomp|Dragon Tail|p2a: Rotom-Wash
|-damage|p2a: Rotom-Wash|108\/303
|drag|p2a: Metagross|Metagross|147\/301
|-damage|p2a: Metagross|129\/301|[from] Stealth Rock
|
|-damage|p1a: Garchomp|290\/420|[from] Leech Seed|[of] p2a: Metagross
|-heal|p2a: Metagross|181\/301|[silent]
|turn|32
|
|switch|p2a: Rotom-Wash|Rotom-Wash|108\/303
|-damage|p2a: Rotom-Wash|71\/303|[from] Stealth Rock
|move|p1a: Garchomp|Earthquake|p2a: Rotom-Wash
|-immune|p2a: Rotom-Wash|[msg]
|
|-heal|p2a: Rotom-Wash|89\/303|[from] item: Leftovers
|-damage|p1a: Garchomp|238\/420|[from] Leech Seed|[of] p2a: Rotom-Wash
|-heal|p2a: Rotom-Wash|141\/303|[silent]
|turn|33
|
|switch|p1a: Clefable|Clefable, F|393\/393
|move|p2a: Rotom-Wash|Will-O-Wisp|p1a: Clefable|[miss]
|-miss|p2a: Rotom-Wash|p1a: Clefable
|
|-heal|p2a: Rotom-Wash|159\/303|[from] item: Leftovers
|turn|34
|
|move|p2a: Rotom-Wash|Volt Switch|p1a: Clefable
|-damage|p1a: Clefable|317\/393
|
|switch|p2a: Ferrothorn|Ferrothorn, F|352\/352
|-damage|p2a: Ferrothorn|330\/352|[from] Stealth Rock
|move|p1a: Clefable|Calm Mind|p1a: Clefable
|-boost|p1a: Clefable|spa|1
|-boost|p1a: Clefable|spd|1
|
|-heal|p1a: Clefable|341\/393|[from] item: Leftovers
|-heal|p2a: Ferrothorn|352\/352|[from] item: Leftovers
|turn|35
|leave|Mokkan
|join|dumpy93
|
|move|p1a: Clefable|Calm Mind|p1a: Clefable
|-boost|p1a: Clefable|spa|1
|-boost|p1a: Clefable|spd|1
|move|p2a: Ferrothorn|Gyro Ball|p1a: Clefable
|-supereffective|p1a: Clefable
|-damage|p1a: Clefable|111\/393
|
|-heal|p1a: Clefable|135\/393|[from] item: Leftovers
|turn|36
|
|move|p1a: Clefable|Flamethrower|p2a: Ferrothorn
|-supereffective|p2a: Ferrothorn
|-damage|p2a: Ferrothorn|0 fnt
|faint|p2a: Ferrothorn
|
|-heal|p1a: Clefable|159\/393|[from] item: Leftovers
|
|switch|p2a: Metagross|Metagross|181\/301
|-damage|p2a: Metagross|163\/301|[from] Stealth Rock
|turn|37
|
|switch|p1a: Garchomp|Garchomp, M|238\/420
|-damage|p1a: Garchomp|212\/420|[from] Stealth Rock
|detailschange|p2a: Metagross|Metagross-Mega
|message|Metagross has Mega Evolved into Mega Metagross!
|move|p2a: Metagross|Earthquake|p1a: Garchomp
|-damage|p1a: Garchomp|98\/420
|
|turn|38
|
|move|p2a: Metagross|Earthquake|p1a: Garchomp
|-damage|p1a: Garchomp|0 fnt
|faint|p1a: Garchomp
|
|
|switch|p1a: Tyranitar|Tyranitar, F|299\/341
|-damage|p1a: Tyranitar|257\/341|[from] Stealth Rock
|-weather|Sandstorm
|turn|39
|
|move|p2a: Metagross|Bullet Punch|p1a: Tyranitar
|-supereffective|p1a: Tyranitar
|-damage|p1a: Tyranitar|77\/341
|move|p1a: Tyranitar|Crunch|p2a: Metagross
|-supereffective|p2a: Metagross
|-damage|p2a: Metagross|0 fnt
|faint|p2a: Metagross
|
|-weather|Sandstorm|[upkeep]
|
|switch|p2a: Keldeo|Keldeo|223\/323
|-damage|p2a: Keldeo|203\/323|[from] Stealth Rock
|turn|40
|
|move|p1a: Tyranitar|Crunch|p2a: Keldeo
|-resisted|p2a: Keldeo
|-damage|p2a: Keldeo|124\/323
|-boost|p2a: Keldeo|atk|1|[from] ability: Justified
|move|p2a: Keldeo|Scald|p1a: Tyranitar
|-supereffective|p1a: Tyranitar
|-damage|p1a: Tyranitar|0 fnt
|faint|p1a: Tyranitar
|
|-weather|Sandstorm|[upkeep]
|-damage|p2a: Keldeo|104\/323|[from] sandstorm
|-heal|p2a: Keldeo|124\/323|[from] item: Leftovers
|leave|Winter Schemes
|join|Doomed hi
|
|switch|p1a: Clefable|Clefable, F|159\/393
|turn|41
|
|move|p2a: Keldeo|Calm Mind|p2a: Keldeo
|-boost|p2a: Keldeo|spa|1
|-boost|p2a: Keldeo|spd|1
|move|p1a: Clefable|Moonblast|p2a: Keldeo
|-supereffective|p2a: Keldeo
|-damage|p2a: Keldeo|0 fnt
|faint|p2a: Keldeo
|
|-weather|Sandstorm|[upkeep]
|-heal|p1a: Clefable|183\/393|[from] item: Leftovers
|
|switch|p2a: Landorus-Therian|Landorus-Therian, M|280\/319
|-damage|p2a: Landorus-Therian|241\/319|[from] Stealth Rock
|-ability|p2a: Landorus-Therian|Intimidate|[of] p1a: Clefable
|-unboost|p1a: Clefable|atk|1
|turn|42
|
|move|p2a: Landorus-Therian|Earthquake|p1a: Clefable
|-crit|p1a: Clefable
|-damage|p1a: Clefable|0 fnt
|faint|p1a: Clefable
|
|-weather|Sandstorm|[upkeep]
|join|luijink
|
|switch|p1a: Latias|Latias-Mega, F|278\/363
|-damage|p1a: Latias|233\/363|[from] Stealth Rock
|turn|43
|
|switch|p2a: Rotom-Wash|Rotom-Wash|159\/303
|-damage|p2a: Rotom-Wash|122\/303|[from] Stealth Rock
|move|p1a: Latias|Substitute|p1a: Latias
|-start|p1a: Latias|Substitute
|-damage|p1a: Latias|143\/363
|
|-weather|none
|-heal|p2a: Rotom-Wash|140\/303|[from] item: Leftovers
|turn|44
|
|move|p1a: Latias|Roost|p1a: Latias
|-heal|p1a: Latias|325\/363
|move|p2a: Rotom-Wash|Volt Switch|p1a: Latias
|-resisted|p1a: Latias
|-activate|p1a: Latias|Substitute|[damage]
|
|switch|p2a: Landorus-Therian|Landorus-Therian, M|241\/319
|-damage|p2a: Landorus-Therian|202\/319|[from] Stealth Rock
|-activate|p1a: Latias|Substitute|ability: Intimidate|[of] p2a: Landorus-Therian
|
|turn|45
|
|move|p2a: Landorus-Therian|Knock Off|p1a: Latias
|-supereffective|p1a: Latias
|-end|p1a: Latias|Substitute
|move|p1a: Latias|Calm Mind|p1a: Latias
|-boost|p1a: Latias|spa|1
|-boost|p1a: Latias|spd|1
|
|turn|46
|
|move|p2a: Landorus-Therian|Knock Off|p1a: Latias
|-supereffective|p1a: Latias
|-damage|p1a: Latias|183\/363
|move|p1a: Latias|Roost|p1a: Latias
|-heal|p1a: Latias|363\/363
|
|turn|47
|
|move|p2a: Landorus-Therian|Knock Off|p1a: Latias
|-supereffective|p1a: Latias
|-damage|p1a: Latias|227\/363
|move|p1a: Latias|Stored Power|p2a: Landorus-Therian
|-damage|p2a: Landorus-Therian|21\/319
|
|turn|48
|
|move|p2a: Landorus-Therian|Knock Off|p1a: Latias
|-supereffective|p1a: Latias
|-damage|p1a: Latias|97\/363
|move|p1a: Latias|Roost|p1a: Latias
|-heal|p1a: Latias|279\/363
|
|turn|49
|
|move|p2a: Landorus-Therian|Knock Off|p1a: Latias
|-supereffective|p1a: Latias
|-damage|p1a: Latias|153\/363
|move|p1a: Latias|Stored Power|p2a: Landorus-Therian
|-damage|p2a: Landorus-Therian|0 fnt
|faint|p2a: Landorus-Therian
|
|
|switch|p2a: Rotom-Wash|Rotom-Wash|140\/303
|-damage|p2a: Rotom-Wash|103\/303|[from] Stealth Rock
|turn|50
|c|â5th|gg
|c|âChristo 666|gg
|
|move|p1a: Latias|Stored Power|p2a: Rotom-Wash
|-damage|p2a: Rotom-Wash|0 fnt
|faint|p2a: Rotom-Wash
|
|win|Christo 666