|join|5th
|join|MuhFugginMoose
|player|p1|5th|20
|player|p2|MuhFugginMoose|146
|gametype|singles
|gen|6
|tier|OU
|clearpoke
|poke|p1|Metagross
|poke|p1|Rotom-Wash
|poke|p1|Ferrothorn, F
|poke|p1|Landorus-Therian, M
|poke|p1|Keldeo
|poke|p1|Latias, F
|poke|p2|Landorus-Therian, M, shiny
|poke|p2|Lopunny, F
|poke|p2|Manaphy
|poke|p2|Zapdos
|poke|p2|Heatran, M
|poke|p2|Celebi
|rule|Swagger Clause: Swagger is banned
|rule|Baton Pass Clause: Limit one PokÃ©mon knowing Baton Pass
|rule|Sleep Clause Mod: Limit one foe put to sleep
|rule|Species Clause: Limit one of each PokÃ©mon
|rule|OHKO Clause: OHKO moves are banned
|rule|Moody Clause: Moody is banned
|rule|Evasion Moves Clause: Evasion moves are banned
|rule|Endless Battle Clause: Forcing endless battles is banned
|rule|HP Percentage Mod: HP is shown in percentages
|teampreview
|join|dfjkbv jcfk
|join|okreps
|join|Snoorunt
|join|Kilajo
|join|Zane3G
|c|â5th|glhf
|join|blahblah54321
|join|Frank Beard
|join|whatwhatxd
|join|Dec19finaletears
|join|Ferocca
|join|dada dingo
|join|Reverend
|c|âMuhFugginMoose|you too. :)
|join|Ariete
|join|Isaac1729
|join|troyalt38
|join|Erabe
|join|Magnus42
|join|you got CT'd
|join|ArchPhantom
|join|nogard23
|join|req'd by crobro
|
|start
|switch|p1a: Rotom-Wash|Rotom-Wash|303\/303
|switch|p2a: Habits|Landorus-Therian, M, shiny|341\/341
|-ability|p2a: Habits|Intimidate|[of] p1a: Rotom-Wash
|-unboost|p1a: Rotom-Wash|atk|1
|turn|1
|join|Rocklobzter
|join|Qubae
|join|Qrizby
|c| Isaac1729|May the best Landorus win
|c| ArchPhantom|Moose, pull through :]
|c|âMuhFugginMoose|I hate your team btw. ._.
|join|jake5
|c|â5th|I love yours
|join|Murkrow Jupiter
|join|thepack
|join|Uyulala
|c|âMuhFugginMoose|lol
|leave|jake5
|
|move|p2a: Habits|U-turn|p1a: Rotom-Wash
|-damage|p1a: Rotom-Wash|234\/303
|c| nogard23|i hope everyone gets haxed
|leave|troyalt38
|
|switch|p2a: Rather Be|Celebi|403\/403
|move|p1a: Rotom-Wash|Volt Switch|p2a: Rather Be
|-resisted|p2a: Rather Be
|-damage|p2a: Rather Be|370\/403
|
|switch|p1a: Landorus-Therian|Landorus-Therian, M|319\/319
|-ability|p1a: Landorus-Therian|Intimidate|[of] p2a: Rather Be
|-unboost|p2a: Rather Be|atk|1
|
|-heal|p2a: Rather Be|395\/403|[from] item: Leftovers
|turn|2
|c| Dec19finaletears|if everyone get haxed\/ no one is haxed
|join|Glitch-kun
|join|FamSlayer
|leave|Glitch-kun
|
|switch|p2a: Habits|Landorus-Therian, M, shiny|341\/341
|-ability|p2a: Habits|Intimidate|[of] p1a: Landorus-Therian
|-unboost|p1a: Landorus-Therian|atk|1
|move|p1a: Landorus-Therian|U-turn|p2a: Habits
|-resisted|p2a: Habits
|-damage|p2a: Habits|308\/341
|join|bluwing
|join|raiderrocker18
|join|Pixelmorph
|c| nogard23|i n eed 2 see thw hax
|c| dfjkbv jcfk|you get a u turn, u get a u turn, you all get u turns!
|
|switch|p1a: Rotom-Wash|Rotom-Wash|234\/303
|
|-heal|p1a: Rotom-Wash|252\/303|[from] item: Leftovers
|turn|3
|
|move|p2a: Habits|Knock Off|p1a: Rotom-Wash
|-damage|p1a: Rotom-Wash|156\/303
|-enditem|p1a: Rotom-Wash|Leftovers|[from] move: Knock Off|[of] p2a: Habits
|move|p1a: Rotom-Wash|Will-O-Wisp|p2a: Habits
|-status|p2a: Habits|brn
|
|-damage|p2a: Habits|266\/341 brn|[from] brn
|turn|4
|join|I LOVE FATE NIGHT
|join|Demandred
|join|SSB is better
|
|switch|p2a: Rather Be|Celebi|395\/403
|move|p1a: Rotom-Wash|Volt Switch|p2a: Rather Be
|-resisted|p2a: Rather Be
|-damage|p2a: Rather Be|356\/403
|
|switch|p1a: Landorus-Therian|Landorus-Therian, M|319\/319
|-ability|p1a: Landorus-Therian|Intimidate|[of] p2a: Rather Be
|-unboost|p2a: Rather Be|atk|1
|
|-heal|p2a: Rather Be|381\/403|[from] item: Leftovers
|turn|5
|leave|Kilajo
|
|switch|p2a: Habits|Landorus-Therian, M, shiny|266\/341 brn
|-ability|p2a: Habits|Intimidate|[of] p1a: Landorus-Therian
|-unboost|p1a: Landorus-Therian|atk|1
|move|p1a: Landorus-Therian|U-turn|p2a: Habits
|-resisted|p2a: Habits
|-damage|p2a: Habits|230\/341 brn
|
|switch|p1a: Rotom-Wash|Rotom-Wash|156\/303
|
|-damage|p2a: Habits|188\/341 brn|[from] brn
|turn|6
|c| dfjkbv jcfk|taking a shot for every u turn and volt switch
|c| Dec19finaletears|dont. youll die
|c| Reverend|try not to die
|c| nogard23|that lando getting worn down nice
|c| req'd by crobro|faded'
|c|âMuhFugginMoose|lol
|
|move|p2a: Habits|U-turn|p1a: Rotom-Wash
|-damage|p1a: Rotom-Wash|124\/303
|c| nogard23|im also taking shots but of that seagrams
|c| Pixelmorph|these teams need more carnivine
|c| Reverend|take a shot for every baton pass from moose's celebi too
|
|switch|p2a: Rather Be|Celebi|381\/403
|move|p1a: Rotom-Wash|Volt Switch|p2a: Rather Be
|-resisted|p2a: Rather Be
|-damage|p2a: Rather Be|346\/403
|join|Landorus
|
|switch|p1a: Landorus-Therian|Landorus-Therian, M|319\/319
|-ability|p1a: Landorus-Therian|Intimidate|[of] p2a: Rather Be
|-unboost|p2a: Rather Be|atk|1
|
|-heal|p2a: Rather Be|371\/403|[from] item: Leftovers
|turn|7
|
|switch|p2a: Habits|Landorus-Therian, M, shiny|188\/341 brn
|-ability|p2a: Habits|Intimidate|[of] p1a: Landorus-Therian
|-unboost|p1a: Landorus-Therian|atk|1
|move|p1a: Landorus-Therian|U-turn|p2a: Habits
|-resisted|p2a: Habits
|-damage|p2a: Habits|155\/341 brn
|c| FamSlayer|oh my god
|c| dfjkbv jcfk|7 shots!
|c| FamSlayer|how many turns
|c|â5th|The chain never ends, friends
|c| dfjkbv jcfk|8!
|
|switch|p1a: Rotom-Wash|Rotom-Wash|124\/303
|
|-damage|p2a: Habits|113\/341 brn|[from] brn
|turn|8
|c| blahblah54321|this.... is hillarious
|
|move|p2a: Habits|Stone Edge|p1a: Rotom-Wash|[miss]
|-miss|p2a: Habits|p1a: Rotom-Wash
|move|p1a: Rotom-Wash|Pain Split|p2a: Habits
|-sethp|p2a: Habits|118\/341 brn|p1a: Rotom-Wash|118\/303|[from] move: Pain Split
|
|-damage|p2a: Habits|76\/341 brn|[from] brn
|turn|9
|c|â5th|Noooo
|c| FamSlayer|lol
|join|trapmusicftw
|c|âMuhFugginMoose|lol, the one time
|
|switch|p1a: Metagross|Metagross|301\/301
|move|p2a: Habits|Stone Edge|p1a: Metagross
|-resisted|p1a: Metagross
|-damage|p1a: Metagross|277\/301
|
|-damage|p2a: Habits|34\/341 brn|[from] brn
|turn|10
|c| nogard23|in b4 zaptos has volt switch
|
|switch|p2a: Rather Be|Celebi|371\/403
|detailschange|p1a: Metagross|Metagross-Mega
|-mega|p1a: Metagross|Metagross|Metagrossite
|move|p1a: Metagross|Meteor Mash|p2a: Rather Be
|-damage|p2a: Rather Be|161\/403
|
|-heal|p2a: Rather Be|186\/403|[from] item: Leftovers
|turn|11
|c| I LOVE FATE NIGHT|power
|leave|SSB is better
|c| Reverend|they call me the power
|c|âMuhFugginMoose|yea, this is why I hated the team. ;~;
|join|altei
|c| blahblah54321|I cri evri tim
|leave|Landorus
|join|jles
|
|switch|p2a: Habits|Landorus-Therian, M, shiny|34\/341 brn
|-ability|p2a: Habits|Intimidate|[of] p1a: Metagross
|-unboost|p1a: Metagross|atk|1
|move|p1a: Metagross|Meteor Mash|p2a: Habits
|-damage|p2a: Habits|0 fnt
|faint|p2a: Habits
|
|c| Pixelmorph|only 270s left dude!
|
|switch|p2a: Breathe This Air|Manaphy|365\/365
|turn|12
|
|switch|p1a: Latias|Latias, F|301\/301
|move|p2a: Breathe This Air|Scald|p1a: Latias
|-resisted|p1a: Latias
|-damage|p1a: Latias|250\/301
|
|turn|13
|
|switch|p1a: Rotom-Wash|Rotom-Wash|118\/303
|switch|p2a: Arcades|Heatran, M|337\/337
|-item|p2a: Arcades|Air Balloon
|
|turn|14
|c| dfjkbv jcfk|getting ready for another shot
|
|move|p2a: Arcades|Stealth Rock|p1a: Rotom-Wash
|-sidestart|p1: 5th|move: Stealth Rock
|move|p1a: Rotom-Wash|Volt Switch|p2a: Arcades
|-damage|p2a: Arcades|250\/337
|-enditem|p2a: Arcades|Air Balloon
|c| dfjkbv jcfk|oppa
|join|Davorus
|
|switch|p1a: Keldeo|Keldeo|323\/323
|-damage|p1a: Keldeo|303\/323|[from] Stealth Rock
|
|-heal|p1a: Keldeo|323\/323|[from] item: Leftovers
|turn|15
|c| blahblah54321|No pain split?
|join|Lady Keldeo
|c| blahblah54321|:{
|
|switch|p1a: Landorus-Therian|Landorus-Therian, M|319\/319
|-damage|p1a: Landorus-Therian|280\/319|[from] Stealth Rock
|-ability|p1a: Landorus-Therian|Intimidate|[of] p2a: Arcades
|-unboost|p2a: Arcades|atk|1
|move|p2a: Arcades|Earth Power|p1a: Landorus-Therian
|-immune|p1a: Landorus-Therian|[msg]
|
|turn|16
|c| dfjkbv jcfk|here comes another
|c| I LOVE FATE NIGHT|EQ time
|
|switch|p2a: Diamond|Zapdos|383\/383
|-ability|p2a: Diamond|Pressure
|move|p1a: Landorus-Therian|Earthquake|p2a: Diamond
|-immune|p2a: Diamond|[msg]
|
|turn|17
|c| dfjkbv jcfk|I was mislead
|
|switch|p1a: Ferrothorn|Ferrothorn, F|352\/352
|-damage|p1a: Ferrothorn|330\/352|[from] Stealth Rock
|move|p2a: Diamond|Hidden Power|p1a: Ferrothorn
|-damage|p1a: Ferrothorn|282\/352
|
|-heal|p1a: Ferrothorn|304\/352|[from] item: Leftovers
|turn|18
|c| I LOVE FATE NIGHT|good switch
|c| nogard23|i wanted to take another shot 2
|c| dfjkbv jcfk|^
|
|switch|p2a: Rather Be|Celebi|186\/403
|move|p1a: Ferrothorn|Stealth Rock|p2a: Rather Be
|-sidestart|p2: MuhFugginMoose|move: Stealth Rock
|
|-heal|p2a: Rather Be|211\/403|[from] item: Leftovers
|-heal|p1a: Ferrothorn|326\/352|[from] item: Leftovers
|turn|19
|c| I LOVE FATE NIGHT|ooooh
|c| nogard23|im poring the shot
|
|switch|p1a: Landorus-Therian|Landorus-Therian, M|280\/319
|-damage|p1a: Landorus-Therian|241\/319|[from] Stealth Rock
|-ability|p1a: Landorus-Therian|Intimidate|[of] p2a: Rather Be
|-unboost|p2a: Rather Be|atk|1
|move|p2a: Rather Be|Recover|p2a: Rather Be
|-heal|p2a: Rather Be|403\/403
|
|turn|20
|c| dfjkbv jcfk|meee too
|
|switch|p2a: Diamond|Zapdos|383\/383
|-damage|p2a: Diamond|288\/383|[from] Stealth Rock
|-ability|p2a: Diamond|Pressure
|move|p1a: Landorus-Therian|U-turn|p2a: Diamond
|-resisted|p2a: Diamond
|-damage|p2a: Diamond|248\/383
|c| dfjkbv jcfk|oppa!
|leave|Davorus
|
|switch|p1a: Ferrothorn|Ferrothorn, F|326\/352
|-damage|p1a: Ferrothorn|304\/352|[from] Stealth Rock
|
|-heal|p2a: Diamond|271\/383|[from] item: Leftovers
|-heal|p1a: Ferrothorn|326\/352|[from] item: Leftovers
|turn|21
|c| nogard23|here we go
|
|move|p2a: Diamond|Defog|p1a: Ferrothorn
|-unboost|p1a: Ferrothorn|evasion|1
|-sideend|p1: 5th|Stealth Rock|[from] move: Defog|[of] p1a: Ferrothorn
|-sideend|p2: MuhFugginMoose|Stealth Rock|[from] move: Defog|[of] p2a: Diamond
|move|p1a: Ferrothorn|Leech Seed|p2a: Diamond
|-start|p2a: Diamond|move: Leech Seed
|
|-heal|p2a: Diamond|294\/383|[from] item: Leftovers
|-heal|p1a: Ferrothorn|348\/352|[from] item: Leftovers
|-damage|p2a: Diamond|247\/383|[from] Leech Seed|[of] p1a: Ferrothorn
|-heal|p1a: Ferrothorn|352\/352|[silent]
|turn|22
|join|FunSeeker
|
|switch|p2a: Arcades|Heatran, M|250\/337
|move|p1a: Ferrothorn|Stealth Rock|p2a: Arcades
|-sidestart|p2: MuhFugginMoose|move: Stealth Rock
|
|turn|23
|c| I LOVE FATE NIGHT|the rocs will stal
|
|switch|p1a: Rotom-Wash|Rotom-Wash|118\/303
|move|p2a: Arcades|Lava Plume|p1a: Rotom-Wash
|-resisted|p1a: Rotom-Wash
|-damage|p1a: Rotom-Wash|45\/303
|
|turn|24
|c| I LOVE FATE NIGHT|rocks will stay*
|leave|Magnus42
|leave|Snoorunt
|
|move|p2a: Arcades|Lava Plume|p1a: Rotom-Wash
|-resisted|p1a: Rotom-Wash
|-damage|p1a: Rotom-Wash|0 fnt
|faint|p1a: Rotom-Wash
|
|
|switch|p1a: Metagross|Metagross-Mega|277\/301
|turn|25
|
|move|p1a: Metagross|Earthquake|p2a: Arcades
|-supereffective|p2a: Arcades
|-damage|p2a: Arcades|0 fnt
|faint|p2a: Arcades
|
|
|switch|p2a: Breathe This Air|Manaphy|365\/365
|-damage|p2a: Breathe This Air|320\/365|[from] Stealth Rock
|turn|26
|c| nogard23|oh no i think its gonna be hard 2 take shots now
|c| I LOVE FATE NIGHT|tpunch reveal
|
|switch|p1a: Latias|Latias, F|250\/301
|move|p2a: Breathe This Air|Scald|p1a: Latias
|-crit|p1a: Latias
|-resisted|p1a: Latias
|-damage|p1a: Latias|177\/301
|-status|p1a: Latias|brn
|
|-heal|p2a: Breathe This Air|342\/365|[from] item: Leftovers
|-damage|p1a: Latias|140\/301 brn|[from] brn
|turn|27
|c| dfjkbv jcfk|for shame
|c|âMuhFugginMoose|lol, take a shot for ever kill gross gets
|c| dfjkbv jcfk|oh those be fightin words
|
|switch|p2a: Rather Be|Celebi|403\/403
|-damage|p2a: Rather Be|353\/403|[from] Stealth Rock
|move|p1a: Latias|Draco Meteor|p2a: Rather Be
|-damage|p2a: Rather Be|127\/403
|-unboost|p1a: Latias|spa|2
|-damage|p1a: Latias|110\/301 brn|[from] item: Life Orb
|
|-heal|p2a: Rather Be|152\/403|[from] item: Leftovers
|-damage|p1a: Latias|73\/301 brn|[from] brn
|turn|28
|
|switch|p1a: Metagross|Metagross-Mega|277\/301
|move|p2a: Rather Be|Recover|p2a: Rather Be
|-heal|p2a: Rather Be|354\/403
|
|-heal|p2a: Rather Be|379\/403|[from] item: Leftovers
|turn|29
|
|move|p1a: Metagross|Zen Headbutt|p2a: Rather Be
|-resisted|p2a: Rather Be
|-damage|p2a: Rather Be|292\/403
|cant|p2a: Rather Be|flinch
|
|-heal|p2a: Rather Be|317\/403|[from] item: Leftovers
|turn|30
|c| Pixelmorph|ay mami
|
|move|p1a: Metagross|Zen Headbutt|p2a: Rather Be
|-resisted|p2a: Rather Be
|-damage|p2a: Rather Be|236\/403
|move|p2a: Rather Be|Baton Pass|p2a: Rather Be
|c| blahblah54321|lololololol
|
|switch|p2a: Breathe This Air|Manaphy|342\/365
|-damage|p2a: Breathe This Air|297\/365|[from] Stealth Rock
|
|-heal|p2a: Breathe This Air|319\/365|[from] item: Leftovers
|turn|31
|c| nogard23|yes
|
|switch|p1a: Ferrothorn|Ferrothorn, F|352\/352
|move|p2a: Breathe This Air|Scald|p1a: Ferrothorn
|-resisted|p1a: Ferrothorn
|-damage|p1a: Ferrothorn|307\/352
|
|-heal|p2a: Breathe This Air|341\/365|[from] item: Leftovers
|-heal|p1a: Ferrothorn|329\/352|[from] item: Leftovers
|turn|32
|c| Dec19finaletears|reveal random sub
|c| dfjkbv jcfk|reveal sheer cold
|c| dfjkbv jcfk|ferrothorn
|c| trapmusicftw|reveal scald
|c| dfjkbv jcfk|I know you have it
|c| I LOVE FATE NIGHT|ferro reveal sub =D
|
|move|p2a: Breathe This Air|Scald|p1a: Ferrothorn
|-resisted|p1a: Ferrothorn
|-damage|p1a: Ferrothorn|282\/352
|move|p1a: Ferrothorn|Leech Seed|p2a: Breathe This Air
|-start|p2a: Breathe This Air|move: Leech Seed
|
|-heal|p2a: Breathe This Air|363\/365|[from] item: Leftovers
|-heal|p1a: Ferrothorn|304\/352|[from] item: Leftovers
|-damage|p2a: Breathe This Air|318\/365|[from] Leech Seed|[of] p1a: Ferrothorn
|-heal|p1a: Ferrothorn|349\/352|[silent]
|turn|33
|c| blahblah54321|Reveal Thunder Ferrothorn
|
|switch|p2a: Diamond|Zapdos|247\/383
|-damage|p2a: Diamond|152\/383|[from] Stealth Rock
|-ability|p2a: Diamond|Pressure
|switch|p1a: Keldeo|Keldeo|323\/323
|
|-heal|p2a: Diamond|175\/383|[from] item: Leftovers
|turn|34
|c| I LOVE FATE NIGHT|wow it can learn thunder
|c| dfjkbv jcfk|moose did you predict keldeo?
|c| blahblah54321|Wow it can learn scald?
|c|âMuhFugginMoose|lol, no
|
|move|p1a: Keldeo|Scald|p2a: Diamond
|-damage|p2a: Diamond|25\/383
|-status|p2a: Diamond|brn
|move|p2a: Diamond|Thunderbolt|p1a: Keldeo
|-supereffective|p1a: Keldeo
|-damage|p1a: Keldeo|35\/323
|
|-heal|p1a: Keldeo|55\/323|[from] item: Leftovers
|-heal|p2a: Diamond|48\/383 brn|[from] item: Leftovers
|-damage|p2a: Diamond|1\/383 brn|[from] brn
|turn|35
|c| I LOVE FATE NIGHT|ouch
|
|move|p1a: Keldeo|Scald|p2a: Diamond
|-damage|p2a: Diamond|0 fnt
|faint|p2a: Diamond
|
|-heal|p1a: Keldeo|75\/323|[from] item: Leftovers
|
|switch|p2a: Rather Be|Celebi|236\/403
|-damage|p2a: Rather Be|186\/403|[from] Stealth Rock
|turn|36
|c| dfjkbv jcfk|you will be avenged thunder bird
|c| I LOVE FATE NIGHT|HP ghost time
|c| I LOVE FATE NIGHT|HP bug*
|c| dfjkbv jcfk|by the onion fairy
|join|StrengthOfHeart
|
|switch|p1a: Metagross|Metagross-Mega|277\/301
|move|p2a: Rather Be|Recover|p2a: Rather Be
|-heal|p2a: Rather Be|388\/403
|
|-heal|p2a: Rather Be|403\/403|[from] item: Leftovers
|turn|37
|
|move|p1a: Metagross|Meteor Mash|p2a: Rather Be
|-damage|p2a: Rather Be|204\/403
|move|p2a: Rather Be|Baton Pass|p2a: Rather Be
|
|switch|p2a: Breathe This Air|Manaphy|318\/365
|-damage|p2a: Breathe This Air|273\/365|[from] Stealth Rock
|
|-heal|p2a: Breathe This Air|295\/365|[from] item: Leftovers
|turn|38
|join|ocarino
|c| Pixelmorph|celebi for grass\/fairy 2015
|c| dfjkbv jcfk|^
|
|switch|p1a: Ferrothorn|Ferrothorn, F|349\/352
|move|p2a: Breathe This Air|Scald|p1a: Ferrothorn
|-resisted|p1a: Ferrothorn
|-damage|p1a: Ferrothorn|307\/352
|
|-heal|p2a: Breathe This Air|317\/365|[from] item: Leftovers
|-heal|p1a: Ferrothorn|329\/352|[from] item: Leftovers
|turn|39
|join|Padapos the retard
|c| blahblah54321|f that
|c| dfjkbv jcfk|waters not that hot
|
|move|p2a: Breathe This Air|Scald|p1a: Ferrothorn
|-resisted|p1a: Ferrothorn
|-damage|p1a: Ferrothorn|285\/352
|move|p1a: Ferrothorn|Leech Seed|p2a: Breathe This Air
|-start|p2a: Breathe This Air|move: Leech Seed
|
|-heal|p2a: Breathe This Air|339\/365|[from] item: Leftovers
|-heal|p1a: Ferrothorn|307\/352|[from] item: Leftovers
|-damage|p2a: Breathe This Air|294\/365|[from] Leech Seed|[of] p1a: Ferrothorn
|-heal|p1a: Ferrothorn|352\/352|[silent]
|turn|40
|leave|altei
|c|âMuhFugginMoose|._.
|c| Erabe|To the onion Fairy!
|c| trapmusicftw|so surprising :\/
|c| dfjkbv jcfk|moose your manphy is slacking it with the burns
|c| trapmusicftw|we take scaldss for granted too much tho
|c| ocarino|...
|
|move|p2a: Breathe This Air|Scald|p1a: Ferrothorn
|-resisted|p1a: Ferrothorn
|-damage|p1a: Ferrothorn|307\/352
|-status|p1a: Ferrothorn|brn
|move|p1a: Ferrothorn|Gyro Ball|p2a: Breathe This Air
|-resisted|p2a: Breathe This Air
|-damage|p2a: Breathe This Air|249\/365
|
|-heal|p2a: Breathe This Air|271\/365|[from] item: Leftovers
|-heal|p1a: Ferrothorn|329\/352 brn|[from] item: Leftovers
|-damage|p2a: Breathe This Air|226\/365|[from] Leech Seed|[of] p1a: Ferrothorn
|-heal|p1a: Ferrothorn|352\/352 brn|[silent]
|-damage|p1a: Ferrothorn|308\/352 brn|[from] brn
|turn|41
|c| dfjkbv jcfk|finally
|c| I LOVE FATE NIGHT|finally the burn
|leave|Frank Beard
|join|X3ONMATRIX0
|c| trapmusicftw|lol, u say it like it shoulda happened first turn
|
|switch|p2a: Rather Be|Celebi|204\/403
|-damage|p2a: Rather Be|154\/403|[from] Stealth Rock
|move|p1a: Ferrothorn|Gyro Ball|p2a: Rather Be
|-damage|p2a: Rather Be|84\/403
|
|-heal|p2a: Rather Be|109\/403|[from] item: Leftovers
|-heal|p1a: Ferrothorn|330\/352 brn|[from] item: Leftovers
|-damage|p1a: Ferrothorn|286\/352 brn|[from] brn
|turn|42
|c| Isaac1729|nigga do u even no tail glow?
|
|switch|p1a: Landorus-Therian|Landorus-Therian, M|241\/319
|-ability|p1a: Landorus-Therian|Intimidate|[of] p2a: Rather Be
|-unboost|p2a: Rather Be|atk|1
|move|p2a: Rather Be|Recover|p2a: Rather Be
|-heal|p2a: Rather Be|311\/403
|
|-heal|p2a: Rather Be|336\/403|[from] item: Leftovers
|turn|43
|c| Zane3G|nig.ger
|c| Zane3G|meanie
|
|move|p1a: Landorus-Therian|U-turn|p2a: Rather Be
|-supereffective|p2a: Rather Be
|-damage|p2a: Rather Be|4\/403
|
|switch|p1a: Metagross|Metagross-Mega|277\/301
|move|p2a: Rather Be|Recover|p2a: Rather Be
|-heal|p2a: Rather Be|206\/403
|
|-heal|p2a: Rather Be|231\/403|[from] item: Leftovers
|turn|44
|c| dfjkbv jcfk|Does this celebi only know recover and baton pass!?
|c| blahblah54321|Meanieia
|c| ocarino|nah
|c| blahblah54321|Nig.geria
|
|move|p1a: Metagross|Meteor Mash|p2a: Rather Be
|-damage|p2a: Rather Be|23\/403
|move|p2a: Rather Be|Baton Pass|p2a: Rather Be
|
|switch|p2a: Breathe This Air|Manaphy|226\/365
|-damage|p2a: Breathe This Air|181\/365|[from] Stealth Rock
|
|-heal|p2a: Breathe This Air|203\/365|[from] item: Leftovers
|turn|45
|c| blahblah54321|Nigeria
|c| ocarino|baton pass - attack?
|
|switch|p1a: Ferrothorn|Ferrothorn, F|286\/352 brn
|move|p2a: Breathe This Air|Scald|p1a: Ferrothorn
|-resisted|p1a: Ferrothorn
|-damage|p1a: Ferrothorn|241\/352 brn
|
|-heal|p2a: Breathe This Air|225\/365|[from] item: Leftovers
|-heal|p1a: Ferrothorn|263\/352 brn|[from] item: Leftovers
|-damage|p1a: Ferrothorn|219\/352 brn|[from] brn
|turn|46
|c| Ariete|Setting up for the lopunny imo.
|join|M0XI3 B00ST
|c| Pixelmorph|attacking is way too mainstream
|c| dfjkbv jcfk|moose you know that celebi gets a 3rd and fourth move yes?
|c| trapmusicftw|a sub would definitely help this poor manaphy
|
|switch|p2a: Rather Be|Celebi|23\/403
|-damage|p2a: Rather Be|0 fnt|[from] Stealth Rock
|faint|p2a: Rather Be
|move|p1a: Ferrothorn|Leech Seed|p2: Rather Be|[notarget]
|-notarget
|
|-heal|p1a: Ferrothorn|241\/352 brn|[from] item: Leftovers
|-damage|p1a: Ferrothorn|197\/352 brn|[from] brn
|c|âMuhFugginMoose|it does?
|leave|Uyulala
|
|switch|p2a: Lolita|Lopunny, F|272\/272
|-damage|p2a: Lolita|238\/272|[from] Stealth Rock
|turn|47
|
|detailschange|p2a: Lolita|Lopunny-Mega, F
|-mega|p2a: Lolita|Lopunny|Lopunnite
|move|p2a: Lolita|Substitute|p2a: Lolita
|-start|p2a: Lolita|Substitute
|-damage|p2a: Lolita|170\/272
|move|p1a: Ferrothorn|Leech Seed|p2a: Lolita
|
|-heal|p1a: Ferrothorn|219\/352 brn|[from] item: Leftovers
|-damage|p1a: Ferrothorn|175\/352 brn|[from] brn
|turn|48
|c| dfjkbv jcfk|I know I was confused at first also
|c| trapmusicftw|ohhh
|
|move|p2a: Lolita|Drain Punch|p1a: Ferrothorn
|-supereffective|p1a: Ferrothorn
|-damage|p1a: Ferrothorn|0 fnt
|-heal|p2a: Lolita|258\/272|[from] drain|[of] p1a: Ferrothorn
|-damage|p2a: Lolita|224\/272|[from] ability: Iron Barbs|[of] p1a: Ferrothorn
|faint|p1a: Ferrothorn
|
|c|â5th|oh this set
|c|â5th|:(
|c| Pixelmorph|pornobunny
|c| ocarino|uh oh
|
|switch|p1a: Landorus-Therian|Landorus-Therian, M|241\/319
|-activate|p2a: Lolita|Substitute|ability: Intimidate|[of] p1a: Landorus-Therian
|turn|49
|c| Reverend|ooh that animation looks cool
|c|â5th|have mercy
|c| ocarino|houston we have a problem
|c| dfjkbv jcfk|My girlfriend likes lolita
|c| dfjkbv jcfk|I hate my girlfriend
|c| I LOVE FATE NIGHT|LOL
|c| dfjkbv jcfk|I hate that bunny
|c| blahblah54321|bro. you have issues.
|c| dfjkbv jcfk|Because I drink at 5 in the morning and my girlfriend has good fashion sense?
|c| Pixelmorph|I once dated a girl who was into lolita fashion. she also thought she was japanese.
|c|âMuhFugginMoose|don't worry, you win either way
|c| Pixelmorph|it was pree embarrassing
|c| Isaac1729|I already called chris hanson
|c| I LOVE FATE NIGHT|LOL
|c| Isaac1729|stay where you are
|c| blahblah54321|all of the above and more
|c| I LOVE FATE NIGHT|did she speak japanese?
|c| Pixelmorph|nope
|c| I LOVE FATE NIGHT|o...
|join|Swag Like Epyon
|c| dfjkbv jcfk|No she spoke bitch
|
|move|p1a: Landorus-Therian|U-turn|p2a: Lolita
|-resisted|p2a: Lolita
|-activate|p2a: Lolita|Substitute|[damage]
|
|switch|p1a: Latias|Latias, F|73\/301 brn
|move|p2a: Lolita|Frustration|p1a: Latias
|-damage|p1a: Latias|0 fnt
|faint|p1a: Latias
|
|c| ArchPhantom|Plz win moose
|c| ArchPhantom|hng
|c| I LOVE FATE NIGHT|no ice punch reveal
|c| blahblah54321|omg
|c| Murkrow Jupiter|eq
|c| Murkrow Jupiter|pls
|c|âMuhFugginMoose|don't think I can. ;~;
|c| Murkrow Jupiter|don't choke
|c| blahblah54321|is this come back town?
|c|âMuhFugginMoose|lol, I at least made it close
|c| Murkrow Jupiter|metagross wins
|c| Murkrow Jupiter|i think
|c| ArchPhantom|Calc eq damage
|c| X3ONMATRIX0|Return is like too mainstrean
|c| ArchPhantom|calc errythinguse
|c|âMuhFugginMoose|lant wins.
|
|switch|p1a: Metagross|Metagross-Mega|277\/301
|turn|50
|c| ArchPhantom|errything*
|c| Ariete|inc focus punch
|c| Ariete|the dream
|c|âMuhFugginMoose|miss pls?
|c| Murkrow Jupiter|errrr u go
|c| dfjkbv jcfk|Punch that gross!
|
|move|p2a: Lolita|Drain Punch|p1a: Metagross
|-damage|p1a: Metagross|174\/301
|-heal|p2a: Lolita|272\/272|[from] drain|[of] p1a: Metagross
|move|p1a: Metagross|Earthquake|p2a: Lolita
|-end|p2a: Lolita|Substitute
|
|turn|51
|c| Murkrow Jupiter|gud play
|c| blahblah54321|the bulk tho
|c| Pixelmorph|#faded
|c| ArchPhantom|Ah dp variant
|leave|M0XI3 B00ST
|c|âMuhFugginMoose|time to risk it for the biscuit
|
|move|p2a: Lolita|Power-Up Punch|p1a: Metagross
|-damage|p1a: Metagross|114\/301
|-boost|p2a: Lolita|atk|1
|move|p1a: Metagross|Zen Headbutt|p2a: Lolita
|-supereffective|p2a: Lolita
|-damage|p2a: Lolita|0 fnt
|faint|p2a: Lolita
|
|c| Pixelmorph|DP Mega Lopunny
|c| I LOVE FATE NIGHT|OH SHIT
|c| trapmusicftw|awww
|c| I LOVE FATE NIGHT|there all along
|c| X3ONMATRIX0|shoulda carried fire punch...
|c|âMuhFugginMoose|lol, no bisquit for me
|c| Padapos the retard|are u high?
|c| Swag Like Epyon|WHY DIDN'T YOU PRAY TO THE HAX GODS.
|leave|ArchPhantom
|c| Padapos the retard|are u fking high?
|c| Dec19finaletears|shoulda subbed till miss
|c| Dec19finaletears|imo
|
|switch|p2a: Breathe This Air|Manaphy|225\/365
|-damage|p2a: Breathe This Air|180\/365|[from] Stealth Rock
|turn|52
|c| blahblah54321|wait... why didn't you use power up punch first?????
|c| Pixelmorph|plz dont dp mega lopunny. :(
|c|âMuhFugginMoose|lant EQd me to death anyway
|c| I LOVE FATE NIGHT|^
|
|move|p1a: Metagross|Zen Headbutt|p2a: Breathe This Air
|-damage|p2a: Breathe This Air|0 fnt
|faint|p2a: Breathe This Air
|
|win|5th
|c|â5th|gg
|c| dfjkbv jcfk|GG
|c|âMuhFugginMoose|gg
|c| Zane3G|game ended when moose lost his ou lion TBH
|leave|5th
|player|p1
|leave|Dec19finaletears
|leave|Pixelmorph
|leave|dfjkbv jcfk
|c|âMuhFugginMoose|it did
|leave|StrengthOfHeart
|leave|Ferocca