|join|Miles Tails
|join|5th
|player|p1|Miles Tails|1
|player|p2|5th|20
|gametype|singles
|gen|6
|tier|OU
|clearpoke
|poke|p1|Gyarados, M, shiny
|poke|p1|Diggersby, M, shiny
|poke|p1|Latios, M
|poke|p1|Keldeo-Resolute
|poke|p1|Ferrothorn, M
|poke|p1|Landorus-Therian, M
|poke|p2|Diancie
|poke|p2|Rotom-Wash
|poke|p2|Ferrothorn, M
|poke|p2|Landorus-Therian, M
|poke|p2|Latios, M
|poke|p2|Dragalge, M
|rule|Swagger Clause: Swagger is banned
|rule|Baton Pass Clause: Limit one PokÃ©mon knowing Baton Pass
|rule|Sleep Clause Mod: Limit one foe put to sleep
|rule|Species Clause: Limit one of each PokÃ©mon
|rule|OHKO Clause: OHKO moves are banned
|rule|Moody Clause: Moody is banned
|rule|Evasion Moves Clause: Evasion moves are banned
|rule|Endless Battle Clause: Forcing endless battles is banned
|rule|HP Percentage Mod: HP is shown in percentages
|teampreview
|c|â5th|glhf
|c|âMiles Tails|u2
|join|Herr Forehead
|join|PopCornCandy
|
|start
|switch|p1a: Diggersby|Diggersby, M, shiny|311\/311
|switch|p2a: Rotom-Wash|Rotom-Wash|303\/303
|turn|1
|
|switch|p1a: Latios|Latios, M|303\/303
|move|p2a: Rotom-Wash|Will-O-Wisp|p1a: Latios
|-status|p1a: Latios|brn
|
|-damage|p1a: Latios|266\/303 brn|[from] brn
|turn|2
|leave|PopCornCandy
|
|move|p1a: Latios|Psyshock|p2a: Rotom-Wash
|-damage|p2a: Rotom-Wash|185\/303
|-damage|p1a: Latios|236\/303 brn|[from] item: Life Orb
|move|p2a: Rotom-Wash|Volt Switch|p1a: Latios
|-resisted|p1a: Latios
|-damage|p1a: Latios|194\/303 brn
|
|switch|p2a: Diancie|Diancie|257\/257
|
|-damage|p1a: Latios|157\/303 brn|[from] brn
|turn|3
|
|switch|p1a: Ferrothorn|Ferrothorn, M|352\/352
|detailschange|p2a: Diancie|Diancie-Mega
|-mega|p2a: Diancie|Diancie|Diancite
|move|p2a: Diancie|Moonblast|p1a: Ferrothorn
|-resisted|p1a: Ferrothorn
|-damage|p1a: Ferrothorn|275\/352
|
|-heal|p1a: Ferrothorn|297\/352|[from] item: Leftovers
|turn|4
|
|switch|p2a: Rotom-Wash|Rotom-Wash|185\/303
|move|p1a: Ferrothorn|Stealth Rock|p2a: Rotom-Wash
|-sidestart|p2: 5th|move: Stealth Rock
|
|-heal|p2a: Rotom-Wash|203\/303|[from] item: Leftovers
|-heal|p1a: Ferrothorn|319\/352|[from] item: Leftovers
|turn|5
|
|switch|p1a: Latios|Latios, M|157\/303 brn
|move|p2a: Rotom-Wash|Volt Switch|p1a: Latios
|-resisted|p1a: Latios
|-damage|p1a: Latios|119\/303 brn
|
|switch|p2a: Ferrothorn|Ferrothorn, M|352\/352
|-damage|p2a: Ferrothorn|330\/352|[from] Stealth Rock
|
|-heal|p2a: Ferrothorn|352\/352|[from] item: Leftovers
|-damage|p1a: Latios|82\/303 brn|[from] brn
|turn|6
|
|move|p2a: Ferrothorn|Protect|p2a: Ferrothorn
|-singleturn|p2a: Ferrothorn|Protect
|move|p1a: Latios|Hidden Power|p2a: Ferrothorn
|-activate|p2a: Ferrothorn|Protect
|
|-damage|p1a: Latios|45\/303 brn|[from] brn
|turn|7
|
|switch|p1a: Diggersby|Diggersby, M, shiny|311\/311
|switch|p2a: Diancie|Diancie-Mega|257\/257
|-damage|p2a: Diancie|225\/257|[from] Stealth Rock
|
|turn|8
|
|switch|p2a: Landorus-Therian|Landorus-Therian, M|381\/381
|-damage|p2a: Landorus-Therian|334\/381|[from] Stealth Rock
|-ability|p2a: Landorus-Therian|Intimidate|[of] p1a: Diggersby
|-unboost|p1a: Diggersby|atk|1
|move|p1a: Diggersby|Earthquake|p2a: Landorus-Therian
|-immune|p2a: Landorus-Therian|[msg]
|
|turn|9
|
|move|p1a: Diggersby|Earthquake|p2a: Landorus-Therian
|-immune|p2a: Landorus-Therian|[msg]
|move|p2a: Landorus-Therian|Stealth Rock|p1a: Diggersby
|-sidestart|p1: Miles Tails|move: Stealth Rock
|
|turn|10
|
|move|p1a: Diggersby|Frustration|p2a: Landorus-Therian
|-damage|p2a: Landorus-Therian|127\/381
|-damage|p1a: Diggersby|280\/311|[from] item: Life Orb
|move|p2a: Landorus-Therian|U-turn|p1a: Diggersby
|-damage|p1a: Diggersby|166\/311
|
|switch|p2a: Diancie|Diancie-Mega|225\/257
|-damage|p2a: Diancie|193\/257|[from] Stealth Rock
|
|turn|11
|
|switch|p1a: Latios|Latios, M|45\/303 brn
|-damage|p1a: Latios|8\/303 brn|[from] Stealth Rock
|move|p2a: Diancie|Moonblast|p1a: Latios
|-supereffective|p1a: Latios
|-damage|p1a: Latios|0 fnt
|faint|p1a: Latios
|
|
|switch|p1a: Ferrothorn|Ferrothorn, M|319\/352
|-damage|p1a: Ferrothorn|297\/352|[from] Stealth Rock
|turn|12
|
|switch|p2a: Ferrothorn|Ferrothorn, M|352\/352
|-damage|p2a: Ferrothorn|330\/352|[from] Stealth Rock
|switch|p1a: Keldeo-Resolute|Keldeo-Resolute|323\/323
|-damage|p1a: Keldeo-Resolute|303\/323|[from] Stealth Rock
|
|-heal|p1a: Keldeo-Resolute|323\/323|[from] item: Leftovers
|-heal|p2a: Ferrothorn|352\/352|[from] item: Leftovers
|turn|13
|
|switch|p2a: Latios|Latios, M|301\/301
|-damage|p2a: Latios|264\/301|[from] Stealth Rock
|move|p1a: Keldeo-Resolute|Secret Sword|p2a: Latios
|-resisted|p2a: Latios
|-damage|p2a: Latios|167\/301
|
|turn|14
|join|noob321
|
|move|p2a: Latios|Hidden Power|p1a: Keldeo-Resolute
|-resisted|p1a: Keldeo-Resolute
|-damage|p1a: Keldeo-Resolute|275\/323
|-damage|p2a: Latios|137\/301|[from] item: Life Orb
|move|p1a: Keldeo-Resolute|Secret Sword|p2a: Latios
|-resisted|p2a: Latios
|-damage|p2a: Latios|38\/301
|
|-heal|p1a: Keldeo-Resolute|295\/323|[from] item: Leftovers
|turn|15
|
|switch|p1a: Landorus-Therian|Landorus-Therian, M|319\/319
|-damage|p1a: Landorus-Therian|280\/319|[from] Stealth Rock
|-ability|p1a: Landorus-Therian|Intimidate|[of] p2a: Latios
|-unboost|p2a: Latios|atk|1
|move|p2a: Latios|Roost|p2a: Latios
|-heal|p2a: Latios|189\/301
|
|turn|16
|
|switch|p2a: Ferrothorn|Ferrothorn, M|352\/352
|-damage|p2a: Ferrothorn|330\/352|[from] Stealth Rock
|move|p1a: Landorus-Therian|U-turn|p2a: Ferrothorn
|-damage|p2a: Ferrothorn|274\/352
|-damage|p1a: Landorus-Therian|241\/319|[from] ability: Iron Barbs|[of] p2a: Ferrothorn
|
|switch|p1a: Diggersby|Diggersby, M, shiny|166\/311
|-damage|p1a: Diggersby|147\/311|[from] Stealth Rock
|
|-heal|p2a: Ferrothorn|296\/352|[from] item: Leftovers
|turn|17
|
|switch|p2a: Landorus-Therian|Landorus-Therian, M|127\/381
|-damage|p2a: Landorus-Therian|80\/381|[from] Stealth Rock
|-ability|p2a: Landorus-Therian|Intimidate|[of] p1a: Diggersby
|-unboost|p1a: Diggersby|atk|1
|move|p1a: Diggersby|Earthquake|p2a: Landorus-Therian
|-immune|p2a: Landorus-Therian|[msg]
|
|turn|18
|
|switch|p2a: Ferrothorn|Ferrothorn, M|296\/352
|-damage|p2a: Ferrothorn|274\/352|[from] Stealth Rock
|move|p1a: Diggersby|Knock Off|p2a: Ferrothorn
|-damage|p2a: Ferrothorn|190\/352
|-damage|p1a: Diggersby|109\/311|[from] ability: Iron Barbs|[of] p2a: Ferrothorn
|-enditem|p2a: Ferrothorn|Leftovers|[from] move: Knock Off|[of] p1a: Diggersby
|-damage|p1a: Diggersby|78\/311|[from] item: Life Orb
|
|turn|19
|
|switch|p2a: Landorus-Therian|Landorus-Therian, M|80\/381
|-damage|p2a: Landorus-Therian|33\/381|[from] Stealth Rock
|-ability|p2a: Landorus-Therian|Intimidate|[of] p1a: Diggersby
|-unboost|p1a: Diggersby|atk|1
|move|p1a: Diggersby|Earthquake|p2a: Landorus-Therian
|-immune|p2a: Landorus-Therian|[msg]
|
|turn|20
|
|move|p1a: Diggersby|Frustration|p2a: Landorus-Therian
|-damage|p2a: Landorus-Therian|0 fnt
|-damage|p1a: Diggersby|47\/311|[from] item: Life Orb
|faint|p2a: Landorus-Therian
|
|
|switch|p2a: Diancie|Diancie-Mega|193\/257
|-damage|p2a: Diancie|161\/257|[from] Stealth Rock
|turn|21
|
|switch|p1a: Ferrothorn|Ferrothorn, M|297\/352
|-damage|p1a: Ferrothorn|275\/352|[from] Stealth Rock
|move|p2a: Diancie|Earth Power|p1a: Ferrothorn
|-damage|p1a: Ferrothorn|178\/352
|
|-heal|p1a: Ferrothorn|200\/352|[from] item: Leftovers
|turn|22
|
|switch|p2a: Ferrothorn|Ferrothorn, M|190\/352
|-damage|p2a: Ferrothorn|168\/352|[from] Stealth Rock
|switch|p1a: Keldeo-Resolute|Keldeo-Resolute|295\/323
|-damage|p1a: Keldeo-Resolute|275\/323|[from] Stealth Rock
|
|-heal|p1a: Keldeo-Resolute|295\/323|[from] item: Leftovers
|turn|23
|
|move|p2a: Ferrothorn|Protect|p2a: Ferrothorn
|-singleturn|p2a: Ferrothorn|Protect
|move|p1a: Keldeo-Resolute|Substitute|p1a: Keldeo-Resolute
|-start|p1a: Keldeo-Resolute|Substitute
|-damage|p1a: Keldeo-Resolute|215\/323
|
|-heal|p1a: Keldeo-Resolute|235\/323|[from] item: Leftovers
|turn|24
|
|switch|p2a: Latios|Latios, M|189\/301
|-damage|p2a: Latios|152\/301|[from] Stealth Rock
|move|p1a: Keldeo-Resolute|Secret Sword|p2a: Latios
|-resisted|p2a: Latios
|-damage|p2a: Latios|65\/301
|
|-heal|p1a: Keldeo-Resolute|255\/323|[from] item: Leftovers
|turn|25
|
|move|p2a: Latios|Roost|p2a: Latios
|-heal|p2a: Latios|216\/301
|move|p1a: Keldeo-Resolute|Calm Mind|p1a: Keldeo-Resolute
|-boost|p1a: Keldeo-Resolute|spa|1
|-boost|p1a: Keldeo-Resolute|spd|1
|
|-heal|p1a: Keldeo-Resolute|275\/323|[from] item: Leftovers
|turn|26
|
|move|p2a: Latios|Psyshock|p1a: Keldeo-Resolute
|-supereffective|p1a: Keldeo-Resolute
|-end|p1a: Keldeo-Resolute|Substitute
|-damage|p2a: Latios|186\/301|[from] item: Life Orb
|move|p1a: Keldeo-Resolute|Secret Sword|p2a: Latios
|-resisted|p2a: Latios
|-damage|p2a: Latios|53\/301
|
|-heal|p1a: Keldeo-Resolute|295\/323|[from] item: Leftovers
|turn|27
|
|move|p2a: Latios|Psyshock|p1a: Keldeo-Resolute
|-supereffective|p1a: Keldeo-Resolute
|-damage|p1a: Keldeo-Resolute|0 fnt
|-damage|p2a: Latios|23\/301|[from] item: Life Orb
|faint|p1a: Keldeo-Resolute
|
|
|switch|p1a: Landorus-Therian|Landorus-Therian, M|241\/319
|-damage|p1a: Landorus-Therian|202\/319|[from] Stealth Rock
|-ability|p1a: Landorus-Therian|Intimidate|[of] p2a: Latios
|-unboost|p2a: Latios|atk|1
|turn|28
|
|move|p1a: Landorus-Therian|U-turn|p2a: Latios
|-supereffective|p2a: Latios
|-damage|p2a: Latios|0 fnt
|faint|p2a: Latios
|
|switch|p1a: Ferrothorn|Ferrothorn, M|200\/352
|-damage|p1a: Ferrothorn|178\/352|[from] Stealth Rock
|
|-heal|p1a: Ferrothorn|200\/352|[from] item: Leftovers
|
|switch|p2a: Rotom-Wash|Rotom-Wash|203\/303
|-damage|p2a: Rotom-Wash|166\/303|[from] Stealth Rock
|turn|29
|
|move|p2a: Rotom-Wash|Will-O-Wisp|p1a: Ferrothorn|[miss]
|-miss|p2a: Rotom-Wash|p1a: Ferrothorn
|move|p1a: Ferrothorn|Leech Seed|p2a: Rotom-Wash
|-start|p2a: Rotom-Wash|move: Leech Seed
|
|-heal|p2a: Rotom-Wash|184\/303|[from] item: Leftovers
|-heal|p1a: Ferrothorn|222\/352|[from] item: Leftovers
|-damage|p2a: Rotom-Wash|147\/303|[from] Leech Seed|[of] p1a: Ferrothorn
|-heal|p1a: Ferrothorn|259\/352|[silent]
|turn|30
|
|switch|p1a: Diggersby|Diggersby, M, shiny|47\/311
|-damage|p1a: Diggersby|28\/311|[from] Stealth Rock
|move|p2a: Rotom-Wash|Will-O-Wisp|p1a: Diggersby|[miss]
|-miss|p2a: Rotom-Wash|p1a: Diggersby
|
|-heal|p2a: Rotom-Wash|165\/303|[from] item: Leftovers
|-damage|p2a: Rotom-Wash|128\/303|[from] Leech Seed|[of] p1a: Diggersby
|-heal|p1a: Diggersby|65\/311|[silent]
|turn|31
|c|âMiles Tails|sorry
|c|â5th|happens
|
|switch|p2a: Ferrothorn|Ferrothorn, M|168\/352
|-damage|p2a: Ferrothorn|146\/352|[from] Stealth Rock
|move|p1a: Diggersby|Frustration|p2a: Ferrothorn
|-resisted|p2a: Ferrothorn
|-damage|p2a: Ferrothorn|47\/352
|-damage|p1a: Diggersby|27\/311|[from] ability: Iron Barbs|[of] p2a: Ferrothorn
|-damage|p1a: Diggersby|0 fnt|[from] item: Life Orb
|faint|p1a: Diggersby
|
|
|switch|p1a: Gyarados|Gyarados, M, shiny|353\/353
|-damage|p1a: Gyarados|265\/353|[from] Stealth Rock
|-ability|p1a: Gyarados|Intimidate|[of] p2a: Ferrothorn
|-unboost|p2a: Ferrothorn|atk|1
|turn|32
|
|switch|p2a: Dragalge|Dragalge, M|321\/321
|-damage|p2a: Dragalge|281\/321|[from] Stealth Rock
|move|p1a: Gyarados|Dragon Dance|p1a: Gyarados
|-boost|p1a: Gyarados|atk|1
|-boost|p1a: Gyarados|spe|1
|
|turn|33
|
|detailschange|p1a: Gyarados|Gyarados-Mega, M, shiny
|-mega|p1a: Gyarados|Gyarados|Gyaradosite
|-ability|p1a: Gyarados|Mold Breaker
|move|p1a: Gyarados|Crunch|p2a: Dragalge
|-damage|p2a: Dragalge|0 fnt
|faint|p2a: Dragalge
|
|c|â5th|hm
|c|â5th|think that's game
|
|switch|p2a: Ferrothorn|Ferrothorn, M|47\/352
|-damage|p2a: Ferrothorn|25\/352|[from] Stealth Rock
|turn|34
|
|move|p1a: Gyarados|Crunch|p2a: Ferrothorn
|-damage|p2a: Ferrothorn|0 fnt
|-damage|p1a: Gyarados|221\/353|[from] ability: Iron Barbs|[of] p2a: Ferrothorn
|faint|p2a: Ferrothorn
|
|
|switch|p2a: Diancie|Diancie-Mega|161\/257
|-damage|p2a: Diancie|129\/257|[from] Stealth Rock
|turn|35
|
|move|p1a: Gyarados|Waterfall|p2a: Diancie
|-supereffective|p2a: Diancie
|-damage|p2a: Diancie|0 fnt
|faint|p2a: Diancie
|
|
|switch|p2a: Rotom-Wash|Rotom-Wash|128\/303
|-damage|p2a: Rotom-Wash|91\/303|[from] Stealth Rock
|turn|36
|c|âMiles Tails|gg
|c|â5th|gg
|
|move|p1a: Gyarados|Crunch|p2a: Rotom-Wash
|-damage|p2a: Rotom-Wash|0 fnt
|faint|p2a: Rotom-Wash
|
|win|Miles Tails