|join|5th
|join|Jeevs
|player|p1|5th|20
|player|p2|Jeevs|52
|gametype|singles
|gen|6
|tier|OU
|clearpoke
|poke|p1|Azumarill, M
|poke|p1|Ferrothorn, M
|poke|p1|Swampert, M
|poke|p1|Politoed, M
|poke|p1|Latias, F
|poke|p2|Smeargle, F
|poke|p2|Dragonite, M
|poke|p2|Metagross
|poke|p2|Azumarill, M
|poke|p2|Gengar, M
|rule|Swagger Clause: Swagger is banned
|rule|Baton Pass Clause: Limit one PokÃ©mon knowing Baton Pass
|rule|Sleep Clause Mod: Limit one foe put to sleep
|rule|Species Clause: Limit one of each PokÃ©mon
|rule|OHKO Clause: OHKO moves are banned
|rule|Moody Clause: Moody is banned
|rule|Evasion Moves Clause: Evasion moves are banned
|rule|Endless Battle Clause: Forcing endless battles is banned
|rule|HP Percentage Mod: HP is shown in percentages
|teampreview
|c|â5th|Rain rain go away
|c|â5th|Nice Smeargle
|
|start
|switch|p1a: Politoed|Politoed, M|335\/335
|switch|p2a: Smeargle|Smeargle, F|314\/314
|-weather|RainDance
|turn|1
|
|move|p2a: Smeargle|Spore|p1a: Politoed
|-status|p1a: Politoed|slp
|cant|p1a: Politoed|slp
|
|-weather|RainDance|[upkeep]
|turn|2
|
|switch|p2a: Azumarill|Azumarill, M|391\/391
|switch|p1a: Swampert|Swampert, M|361\/361
|
|-weather|RainDance|[upkeep]
|turn|3
|
|detailschange|p1a: Swampert|Swampert-Mega, M
|-mega|p1a: Swampert|Swampert|Swampertite
|move|p1a: Swampert|Earthquake|p2a: Azumarill
|-damage|p2a: Azumarill|108\/391
|-enditem|p2a: Azumarill|Sitrus Berry|[eat]
|-heal|p2a: Azumarill|205\/391|[from] item: Sitrus Berry
|move|p2a: Azumarill|Belly Drum|p2a: Azumarill
|-damage|p2a: Azumarill|10\/391
|-setboost|p2a: Azumarill|atk|6|[from] move: Belly Drum
|
|-weather|RainDance|[upkeep]
|turn|4
|
|switch|p1a: Ferrothorn|Ferrothorn, M|352\/352
|move|p2a: Azumarill|Aqua Jet|p1a: Ferrothorn
|-resisted|p1a: Ferrothorn
|-damage|p1a: Ferrothorn|164\/352
|-damage|p2a: Azumarill|0 fnt|[from] ability: Iron Barbs|[of] p1a: Ferrothorn
|faint|p2a: Azumarill
|
|-weather|RainDance|[upkeep]
|-heal|p1a: Ferrothorn|186\/352|[from] item: Leftovers
|c|âJeevs|mega swampy sorta looks awkward with the head fins
|c|â5th|ye
|
|switch|p2a: Gengar|Gengar, M|261\/261
|turn|5
|
|move|p2a: Gengar|Focus Blast|p1a: Ferrothorn
|-supereffective|p1a: Ferrothorn
|-damage|p1a: Ferrothorn|0 fnt
|-damage|p2a: Gengar|235\/261|[from] item: Life Orb
|faint|p1a: Ferrothorn
|
|-weather|RainDance|[upkeep]
|
|switch|p1a: Swampert|Swampert-Mega, M|361\/361
|turn|6
|
|move|p1a: Swampert|Waterfall|p2a: Gengar
|-damage|p2a: Gengar|0 fnt
|faint|p2a: Gengar
|
|-weather|RainDance|[upkeep]
|
|switch|p2a: Dragonite|Dragonite, M|323\/323
|turn|7
|
|switch|p1a: Azumarill|Azumarill, M|363\/363
|move|p2a: Dragonite|Dragon Dance|p2a: Dragonite
|-boost|p2a: Dragonite|atk|1
|-boost|p2a: Dragonite|spe|1
|
|-weather|RainDance|[upkeep]
|turn|8
|
|move|p2a: Dragonite|Earthquake|p1a: Azumarill
|-damage|p1a: Azumarill|112\/363
|-enditem|p1a: Azumarill|Sitrus Berry|[eat]
|-heal|p1a: Azumarill|202\/363|[from] item: Sitrus Berry
|move|p1a: Azumarill|Play Rough|p2a: Dragonite
|-supereffective|p2a: Dragonite
|-damage|p2a: Dragonite|103\/323
|-enditem|p2a: Dragonite|Weakness Policy
|-boost|p2a: Dragonite|atk|2|[from] item: Weakness Policy
|-boost|p2a: Dragonite|spa|2|[from] item: Weakness Policy
|
|-weather|none
|turn|9
|c|â5th|oh lord
|c|â5th|Why
|c|âJeevs|OH LAWD
|
|switch|p1a: Politoed|Politoed, M|335\/335 slp
|-weather|RainDance
|move|p2a: Dragonite|Extreme Speed|p1a: Politoed
|-damage|p1a: Politoed|22\/335 slp
|
|-weather|RainDance|[upkeep]
|turn|10
|c|âJeevs|IM THE ROOKIE AND THE VET
|
|move|p2a: Dragonite|Dragon Dance|p2a: Dragonite
|-boost|p2a: Dragonite|atk|1
|-boost|p2a: Dragonite|spe|1
|cant|p1a: Politoed|slp
|
|-weather|RainDance|[upkeep]
|turn|11
|c|â5th|PLEASE
|c|âJeevs|SHOUT OUT TO THE BITCHES OUT HERE HOLDING DOWN THE SET
|
|move|p2a: Dragonite|Earthquake|p1a: Politoed
|-damage|p1a: Politoed|0 fnt
|faint|p1a: Politoed
|
|-weather|RainDance|[upkeep]
|
|switch|p1a: Swampert|Swampert-Mega, M|361\/361
|turn|12
|c|âJeevs|hm
|c|âJeevs|IDK
|c|âJeevs|!data mega-swampert
|c|~|\/data-pokemon Swampert-Mega

|
|move|p2a: Dragonite|Outrage|p1a: Swampert
|-damage|p1a: Swampert|0 fnt
|faint|p1a: Swampert
|
|-weather|RainDance|[upkeep]
|
|switch|p1a: Azumarill|Azumarill, M|202\/363
|turn|13
|
|move|p2a: Dragonite|Outrage|p1a: Azumarill
|-immune|p1a: Azumarill|[msg]
|move|p1a: Azumarill|Play Rough|p2a: Dragonite
|-supereffective|p2a: Dragonite
|-damage|p2a: Dragonite|0 fnt
|faint|p2a: Dragonite
|
|-weather|RainDance|[upkeep]
|
|switch|p2a: Smeargle|Smeargle, F|314\/314
|turn|14
|
|move|p1a: Azumarill|Aqua Jet|p2a: Smeargle
|-damage|p2a: Smeargle|5\/314
|move|p2a: Smeargle|Spore|p1a: Azumarill
|-status|p1a: Azumarill|slp
|
|-weather|RainDance|[upkeep]
|turn|15
|
|switch|p1a: Latias|Latias, F|319\/319
|move|p2a: Smeargle|Stealth Rock|p1a: Latias
|-sidestart|p1: 5th|move: Stealth Rock
|
|-weather|RainDance|[upkeep]
|turn|16
|
|move|p1a: Latias|Psyshock|p2a: Smeargle
|-damage|p2a: Smeargle|0 fnt
|-damage|p1a: Latias|288\/319|[from] item: Life Orb
|faint|p2a: Smeargle
|
|-weather|none
|
|switch|p2a: Metagross|Metagross|345\/345
|turn|17
|c|âJeevs|i might cry if you have healing wish
|c|âJeevs|pls stahp
|c|â5th|It's not like Azu can beat Gross
|
|detailschange|p2a: Metagross|Metagross-Mega
|-mega|p2a: Metagross|Metagross|Metagrossite
|move|p1a: Latias|Healing Wish|p1a: Latias
|faint|p1a: Latias
|move|p2a: Metagross|Iron Head|p1: Latias|[notarget]
|-notarget
|
|
|switch|p1a: Azumarill|Azumarill, M|202\/363 slp
|-heal|p1a: Azumarill|363\/363|[from] move: Healing Wish
|-damage|p1a: Azumarill|318\/363|[from] Stealth Rock
|turn|18
|c|âJeevs|pls stahp
|
|move|p2a: Metagross|Iron Head|p1a: Azumarill
|-damage|p1a: Azumarill|33\/363
|move|p1a: Azumarill|Knock Off|p2a: Metagross
|-supereffective|p2a: Metagross
|-damage|p2a: Metagross|221\/345
|
|turn|19
|c|â5th|Nah, I lose the minute WP activated
|c|â5th|lost*
|
|move|p1a: Azumarill|Aqua Jet|p2a: Metagross
|-damage|p2a: Metagross|164\/345
|move|p2a: Metagross|Iron Head|p1a: Azumarill
|-damage|p1a: Azumarill|0 fnt
|faint|p1a: Azumarill
|
|win|Jeevs
|c|â5th|gg
|c|âJeevs|gg
|leave|5th
|player|p1