|join|BigMambo2
|join|Parnstar
|player|p1|BigMambo2|102
|player|p2|Parnstar|119
|gametype|singles
|gen|6
|tier|UU
|rated
|rule|Sleep Clause Mod: Limit one foe put to sleep
|rule|Species Clause: Limit one of each PokÃ©mon
|rule|OHKO Clause: OHKO moves are banned
|rule|Moody Clause: Moody is banned
|rule|Evasion Moves Clause: Evasion moves are banned
|rule|Endless Battle Clause: Forcing endless battles is banned
|rule|HP Percentage Mod: HP is shown in percentages
|clearpoke
|poke|p1|Chandelure, M
|poke|p1|Blissey, F
|poke|p1|Beedrill, M
|poke|p1|Noivern, M
|poke|p1|Forretress, M
|poke|p1|Rotom-Heat
|poke|p2|Beedrill, F
|poke|p2|Arcanine, M
|poke|p2|Donphan, F
|poke|p2|Galvantula, F
|poke|p2|Dragalge, F
|poke|p2|Mienshao, F
|rule|Swagger Clause: Swagger is banned
|rule|Baton Pass Clause: Limit one PokÃ©mon knowing Baton Pass
|teampreview
|
|start
|switch|p1a: Beedrill|Beedrill, M|271\/271
|switch|p2a: Galvantula|Galvantula, F|281\/281
|turn|1
|
|detailschange|p1a: Beedrill|Beedrill-Mega, M
|-mega|p1a: Beedrill|Beedrill|Beedrillite
|move|p2a: Galvantula|Thunder Wave|p1a: Beedrill
|-status|p1a: Beedrill|par
|cant|p1a: Beedrill|par
|
|turn|2
|
|switch|p1a: Rotom-Heat|Rotom-Heat|241\/241
|move|p2a: Galvantula|Thunder|p1a: Rotom-Heat|[miss]
|-miss|p2a: Galvantula|p1a: Rotom-Heat
|
|turn|3
|
|move|p1a: Rotom-Heat|Trick|p2a: Galvantula
|-activate|p1a: Rotom-Heat|move: Trick|[of] p2a: Galvantula
|-item|p2a: Galvantula|Choice Scarf|[from] move: Trick
|-item|p1a: Rotom-Heat|Focus Sash|[from] move: Trick
|move|p2a: Galvantula|Sticky Web|p1a: Rotom-Heat
|-sidestart|p1: BigMambo2|move: Sticky Web
|
|turn|4
|
|switch|p2a: Arcanine|Arcanine, M|384\/384
|-ability|p2a: Arcanine|Intimidate|[of] p1a: Rotom-Heat
|-unboost|p1a: Rotom-Heat|atk|1
|switch|p1a: Forretress|Forretress, M|354\/354
|-activate|p1a: Forretress|move: Sticky Web
|-unboost|p1a: Forretress|spe|1
|
|turn|5
|
|move|p2a: Arcanine|Flare Blitz|p1a: Forretress
|-supereffective|p1a: Forretress
|-activate|p1a: Forretress|Sturdy
|-damage|p1a: Forretress|1\/354
|-damage|p2a: Arcanine|268\/384|[from] recoil|[of] p1a: Forretress
|move|p1a: Forretress|Counter|p2a: Arcanine
|-damage|p2a: Arcanine|0 fnt
|faint|p2a: Arcanine
|
|-heal|p1a: Forretress|23\/354|[from] item: Leftovers
|
|switch|p2a: Beedrill|Beedrill, F|271\/271
|turn|6
|
|detailschange|p2a: Beedrill|Beedrill-Mega, F
|-mega|p2a: Beedrill|Beedrill|Beedrillite
|move|p2a: Beedrill|Fell Stinger|p1a: Forretress
|-resisted|p1a: Forretress
|-damage|p1a: Forretress|1\/354
|move|p1a: Forretress|Rapid Spin|p2a: Beedrill
|-damage|p2a: Beedrill|239\/271
|-sideend|p1: BigMambo2|Sticky Web|[from] move: Rapid Spin|[of] p1a: Forretress
|
|-heal|p1a: Forretress|23\/354|[from] item: Leftovers
|turn|7
|
|switch|p1a: Chandelure|Chandelure, M|323\/323
|move|p2a: Beedrill|U-turn|p1a: Chandelure
|-resisted|p1a: Chandelure
|-damage|p1a: Chandelure|271\/323
|
|switch|p2a: Galvantula|Galvantula, F|281\/281
|
|-heal|p1a: Chandelure|291\/323|[from] item: Leftovers
|turn|8
|
|switch|p1a: Forretress|Forretress, M|23\/354
|move|p2a: Galvantula|Sticky Web|p1a: Forretress
|-sidestart|p1: BigMambo2|move: Sticky Web
|
|-heal|p1a: Forretress|45\/354|[from] item: Leftovers
|turn|9
|
|switch|p2a: Beedrill|Beedrill-Mega, F|239\/271
|move|p1a: Forretress|Rapid Spin|p2a: Beedrill
|-damage|p2a: Beedrill|208\/271
|-sideend|p1: BigMambo2|Sticky Web|[from] move: Rapid Spin|[of] p1a: Forretress
|
|-heal|p1a: Forretress|67\/354|[from] item: Leftovers
|turn|10
|
|switch|p1a: Rotom-Heat|Rotom-Heat|241\/241
|move|p2a: Beedrill|Drill Run|p1a: Rotom-Heat
|-immune|p1a: Rotom-Heat|[msg]
|
|turn|11
|
|move|p2a: Beedrill|Poison Jab|p1a: Rotom-Heat
|-damage|p1a: Rotom-Heat|43\/241
|-status|p1a: Rotom-Heat|psn
|move|p1a: Rotom-Heat|Overheat|p2a: Beedrill
|-supereffective|p2a: Beedrill
|-damage|p2a: Beedrill|0 fnt
|-unboost|p1a: Rotom-Heat|spa|2
|faint|p2a: Beedrill
|
|-damage|p1a: Rotom-Heat|13\/241 psn|[from] psn
|
|switch|p2a: Galvantula|Galvantula, F|281\/281
|turn|12
|
|move|p2a: Galvantula|Bug Buzz|p1a: Rotom-Heat
|-resisted|p1a: Rotom-Heat
|-damage|p1a: Rotom-Heat|0 fnt
|faint|p1a: Rotom-Heat
|
|
|switch|p1a: Blissey|Blissey, F|652\/652
|turn|13
|
|switch|p2a: Donphan|Donphan, F|340\/340
|move|p1a: Blissey|Toxic|p2a: Donphan
|-status|p2a: Donphan|tox
|
|-damage|p2a: Donphan|319\/340 tox|[from] psn
|turn|14
|
|move|p1a: Blissey|Wish|p1a: Blissey
|move|p2a: Donphan|Knock Off|p1a: Blissey
|-damage|p1a: Blissey|432\/652
|-enditem|p1a: Blissey|Leftovers|[from] move: Knock Off|[of] p2a: Donphan
|
|-damage|p2a: Donphan|277\/340 tox|[from] psn
|turn|15
|
|switch|p1a: Forretress|Forretress, M|67\/354
|move|p2a: Donphan|Earthquake|p1a: Forretress
|-damage|p1a: Forretress|0 fnt
|faint|p1a: Forretress
|
|-damage|p2a: Donphan|214\/340 tox|[from] psn
|
|switch|p1a: Noivern|Noivern, M|311\/311
|turn|16
|
|switch|p1a: Chandelure|Chandelure, M|291\/323
|move|p2a: Donphan|Ice Shard|p1a: Chandelure
|-resisted|p1a: Chandelure
|-damage|p1a: Chandelure|264\/323
|
|-heal|p1a: Chandelure|284\/323|[from] item: Leftovers
|-damage|p2a: Donphan|130\/340 tox|[from] psn
|turn|17
|
|switch|p1a: Noivern|Noivern, M|311\/311
|move|p2a: Donphan|Knock Off|p1a: Noivern
|-damage|p1a: Noivern|143\/311
|-enditem|p1a: Noivern|Choice Specs|[from] move: Knock Off|[of] p2a: Donphan
|
|-damage|p2a: Donphan|25\/340 tox|[from] psn
|turn|18
|
|switch|p1a: Beedrill|Beedrill-Mega, M|271\/271 par
|move|p2a: Donphan|Knock Off|p1a: Beedrill
|-damage|p1a: Beedrill|114\/271 par
|
|-damage|p2a: Donphan|0 fnt|[from] psn
|faint|p2a: Donphan
|
|switch|p2a: Galvantula|Galvantula, F|281\/281
|turn|19
|
|move|p2a: Galvantula|Sticky Web|p1a: Beedrill
|-sidestart|p1: BigMambo2|move: Sticky Web
|cant|p1a: Beedrill|par
|
|turn|20
|
|switch|p2a: Dragalge|Dragalge, F|333\/333
|cant|p1a: Beedrill|par
|
|turn|21
|
|move|p2a: Dragalge|Sludge Wave|p1a: Beedrill
|-resisted|p1a: Beedrill
|-damage|p1a: Beedrill|0 fnt
|faint|p1a: Beedrill
|
|
|switch|p1a: Noivern|Noivern, M|143\/311
|turn|22
|
|move|p1a: Noivern|Draco Meteor|p2a: Dragalge
|-supereffective|p2a: Dragalge
|-damage|p2a: Dragalge|25\/333
|-unboost|p1a: Noivern|spa|2
|move|p2a: Dragalge|Sludge Wave|p1a: Noivern
|-damage|p1a: Noivern|0 fnt
|faint|p1a: Noivern
|
|
|switch|p1a: Blissey|Blissey, F|432\/652
|-activate|p1a: Blissey|move: Sticky Web
|-unboost|p1a: Blissey|spe|1
|turn|23
|
|switch|p2a: Galvantula|Galvantula, F|281\/281
|move|p1a: Blissey|Toxic|p2a: Galvantula
|-status|p2a: Galvantula|tox
|
|-damage|p2a: Galvantula|264\/281 tox|[from] psn
|turn|24
|
|move|p2a: Galvantula|Thunder Wave|p1a: Blissey
|-status|p1a: Blissey|par
|move|p1a: Blissey|Wish|p1a: Blissey
|
|-damage|p2a: Galvantula|230\/281 tox|[from] psn
|turn|25
|
|switch|p2a: Mienshao|Mienshao, F|272\/272
|switch|p1a: Chandelure|Chandelure, M|284\/323
|-activate|p1a: Chandelure|move: Sticky Web
|-unboost|p1a: Chandelure|spe|1
|
|-heal|p1a: Chandelure|323\/323|[from] move: Wish|[wisher] Blissey
|turn|26
|
|move|p2a: Mienshao|Knock Off|p1a: Chandelure
|-supereffective|p1a: Chandelure
|-damage|p1a: Chandelure|73\/323
|-enditem|p1a: Chandelure|Leftovers|[from] move: Knock Off|[of] p2a: Mienshao
|move|p1a: Chandelure|Substitute|p1a: Chandelure
|-fail|p1a: Chandelure|move: Substitute|[weak]
|
|turn|27
|-message|BigMambo2 forfeited.
|
|win|Parnstar
|raw|Ladder updating...
|leave|BigMambo2
|player|p1
|raw|BigMambo2's rating: 1153 &rarr; <strong>1131<\/strong><br \/>(-22 for losing)
|raw|Parnstar's rating: 1194 &rarr; <strong>1216<\/strong><br \/>(+22 for winning)