|join|Not DMT
|join|BigMambo2
|player|p1|Not DMT|184
|player|p2|BigMambo2|169
|gametype|singles
|gen|6
|tier|UU
|rated
|rule|Sleep Clause Mod: Limit one foe put to sleep
|rule|Species Clause: Limit one of each PokÃ©mon
|rule|OHKO Clause: OHKO moves are banned
|rule|Moody Clause: Moody is banned
|rule|Evasion Moves Clause: Evasion moves are banned
|rule|Endless Battle Clause: Forcing endless battles is banned
|rule|HP Percentage Mod: HP is shown in percentages
|clearpoke
|poke|p1|Vaporeon, F
|poke|p1|Sceptile, M
|poke|p1|Donphan, F
|poke|p1|Jirachi
|poke|p1|Chandelure, F
|poke|p1|Nidoqueen, F
|poke|p2|Crobat, M
|poke|p2|Suicune
|poke|p2|Entei, shiny
|poke|p2|Hippowdon, M
|poke|p2|Jirachi
|poke|p2|Raikou
|rule|Swagger Clause: Swagger is banned
|rule|Baton Pass Clause: Limit one PokÃ©mon knowing Baton Pass
|teampreview
|join|Snowballin
|c| Snowballin|triple dog
|c| Snowballin|:D
|c|âNot DMT|oooooo
|c| Snowballin|no stoutland though he had the chance.
|c| Snowballin|:[
|
|start
|switch|p1a: Donphan|Donphan, F|384\/384
|switch|p2a: Entei|Entei, shiny|371\/371
|-ability|p2a: Entei|Pressure
|turn|1
|
|move|p2a: Entei|Sacred Fire|p1a: Donphan
|-damage|p1a: Donphan|143\/384
|-status|p1a: Donphan|brn
|move|p1a: Donphan|Earthquake|p2a: Entei
|-supereffective|p2a: Entei
|-damage|p2a: Entei|167\/371
|
|-damage|p1a: Donphan|95\/384 brn|[from] brn
|turn|2
|c|âNot DMT|fuck!
|join|DatGuyChuck
|
|switch|p2a: Crobat|Crobat, M|374\/374
|move|p1a: Donphan|Knock Off|p2a: Crobat
|-damage|p2a: Crobat|309\/374
|-enditem|p2a: Crobat|Black Sludge|[from] move: Knock Off|[of] p1a: Donphan
|
|-damage|p1a: Donphan|47\/384 brn|[from] brn
|turn|3
|c| DatGuyChuck|50% chance
|c| DatGuyChuck|gets angry
|
|switch|p1a: Jirachi|Jirachi|341\/341
|move|p2a: Crobat|Whirlwind|p1a: Jirachi
|drag|p1a: Donphan|Donphan, F|47\/384 brn
|
|-damage|p1a: Donphan|0 fnt|[from] brn
|faint|p1a: Donphan
|c|âNot DMT|it's unfair
|c|âNot DMT|also
|c|âNot DMT|I'm on drugs
|c|âNot DMT|why did that just ww me
|
|switch|p1a: Nidoqueen|Nidoqueen, F|358\/358
|turn|4
|join|gobosox
|
|switch|p2a: Suicune|Suicune|404\/404
|-ability|p2a: Suicune|Pressure
|move|p1a: Nidoqueen|Stealth Rock|p2a: Suicune
|-sidestart|p2: BigMambo2|move: Stealth Rock
|
|turn|5
|join|Exemption
|
|switch|p1a: Vaporeon|Vaporeon, F|464\/464
|switch|p2a: Raikou|Raikou|321\/321
|-damage|p2a: Raikou|281\/321|[from] Stealth Rock
|-ability|p2a: Raikou|Pressure
|
|turn|6
|
|move|p2a: Raikou|Volt Switch|p1a: Vaporeon
|-supereffective|p1a: Vaporeon
|-damage|p1a: Vaporeon|132\/464
|
|switch|p2a: Crobat|Crobat, M|309\/374
|-damage|p2a: Crobat|216\/374|[from] Stealth Rock
|move|p1a: Vaporeon|Scald|p2a: Crobat
|-damage|p2a: Crobat|96\/374
|-status|p2a: Crobat|brn
|
|-heal|p1a: Vaporeon|161\/464|[from] item: Leftovers
|-damage|p2a: Crobat|50\/374 brn|[from] brn
|turn|7
|
|move|p2a: Crobat|Defog|p1a: Vaporeon
|-unboost|p1a: Vaporeon|evasion|1
|-sideend|p2: BigMambo2|Stealth Rock|[from] move: Defog|[of] p2a: Crobat
|move|p1a: Vaporeon|Wish|p1a: Vaporeon
|
|-heal|p1a: Vaporeon|190\/464|[from] item: Leftovers
|-damage|p2a: Crobat|4\/374 brn|[from] brn
|turn|8
|c| Snowballin|why'd your vappy just will- the crobat
|
|move|p2a: Crobat|Roost|p2a: Crobat
|-heal|p2a: Crobat|191\/374 brn
|move|p1a: Vaporeon|Scald|p2a: Crobat
|-damage|p2a: Crobat|76\/374 brn
|
|-heal|p1a: Vaporeon|422\/464|[from] move: Wish|[wisher] Vaporeon
|-heal|p1a: Vaporeon|451\/464|[from] item: Leftovers
|-damage|p2a: Crobat|30\/374 brn|[from] brn
|turn|9
|join|Bob the Wut
|
|switch|p2a: Raikou|Raikou|281\/321
|-ability|p2a: Raikou|Pressure
|move|p1a: Vaporeon|Wish|p1a: Vaporeon
|
|-heal|p1a: Vaporeon|464\/464|[from] item: Leftovers
|turn|10
|join|BOPMONS
|c| BOPMONS|ah hah!
|c| BOPMONS|oh ho!
|c| Exemption|why so ice weak DMT
|c| BOPMONS|the triple doges!
|
|switch|p1a: Nidoqueen|Nidoqueen, F|358\/358
|move|p2a: Raikou|Extrasensory|p1a: Nidoqueen
|-supereffective|p1a: Nidoqueen
|-damage|p1a: Nidoqueen|68\/358
|
|-heal|p1a: Nidoqueen|300\/358|[from] move: Wish|[wisher] Vaporeon
|turn|11
|c|âNot DMT|nb
|c| BOPMONS|bop
|
|switch|p1a: Jirachi|Jirachi|341\/341
|move|p2a: Raikou|Extrasensory|p1a: Jirachi
|-resisted|p1a: Jirachi
|-damage|p1a: Jirachi|307\/341
|
|turn|12
|
|switch|p2a: Crobat|Crobat, M|30\/374 brn
|move|p1a: Jirachi|U-turn|p2a: Crobat
|-resisted|p2a: Crobat
|-damage|p2a: Crobat|9\/374 brn
|
|switch|p1a: Nidoqueen|Nidoqueen, F|300\/358
|
|-damage|p2a: Crobat|0 fnt|[from] brn
|faint|p2a: Crobat
|
|switch|p2a: Hippowdon|Hippowdon, M|420\/420
|-weather|Sandstorm
|turn|13
|
|move|p1a: Nidoqueen|Ice Beam|p2a: Hippowdon
|-supereffective|p2a: Hippowdon
|-damage|p2a: Hippowdon|165\/420
|move|p2a: Hippowdon|Earthquake|p1a: Nidoqueen
|-supereffective|p1a: Nidoqueen
|-damage|p1a: Nidoqueen|30\/358
|
|-weather|Sandstorm|[upkeep]
|-heal|p2a: Hippowdon|191\/420|[from] item: Leftovers
|turn|14
|join|CyndequilNU
|leave|Exemption
|
|move|p1a: Nidoqueen|Earth Power|p2a: Hippowdon
|-damage|p2a: Hippowdon|10\/420
|move|p2a: Hippowdon|Earthquake|p1a: Nidoqueen
|-supereffective|p1a: Nidoqueen
|-damage|p1a: Nidoqueen|0 fnt
|faint|p1a: Nidoqueen
|
|-weather|Sandstorm|[upkeep]
|-heal|p2a: Hippowdon|36\/420|[from] item: Leftovers
|c|âNot DMT|o
|
|switch|p1a: Sceptile|Sceptile, M|281\/281
|turn|15
|
|detailschange|p1a: Sceptile|Sceptile-Mega, M
|-mega|p1a: Sceptile|Sceptile|Sceptilite
|move|p1a: Sceptile|Dragon Pulse|p2a: Hippowdon
|-crit|p2a: Hippowdon
|-damage|p2a: Hippowdon|0 fnt
|faint|p2a: Hippowdon
|
|-weather|Sandstorm|[upkeep]
|-damage|p1a: Sceptile|264\/281|[from] sandstorm
|
|switch|p2a: Jirachi|Jirachi|397\/397
|turn|16
|
|switch|p1a: Jirachi|Jirachi|307\/341
|move|p2a: Jirachi|Iron Head|p1a: Jirachi
|-resisted|p1a: Jirachi
|-damage|p1a: Jirachi|242\/341
|
|-weather|Sandstorm|[upkeep]
|turn|17
|
|move|p1a: Jirachi|U-turn|p2a: Jirachi
|-damage|p2a: Jirachi|331\/397
|
|switch|p1a: Vaporeon|Vaporeon, F|464\/464
|move|p2a: Jirachi|Thunder Wave|p1a: Vaporeon
|-status|p1a: Vaporeon|par
|
|-weather|none
|-heal|p2a: Jirachi|355\/397|[from] item: Leftovers
|turn|18
|
|move|p2a: Jirachi|Zen Headbutt|p1a: Vaporeon
|-damage|p1a: Vaporeon|331\/464 par
|move|p1a: Vaporeon|Scald|p2a: Jirachi
|-damage|p2a: Jirachi|256\/397
|
|-heal|p2a: Jirachi|280\/397|[from] item: Leftovers
|-heal|p1a: Vaporeon|360\/464 par|[from] item: Leftovers
|turn|19
|
|move|p2a: Jirachi|Zen Headbutt|p1a: Vaporeon|[miss]
|-miss|p2a: Jirachi|p1a: Vaporeon
|cant|p1a: Vaporeon|par
|
|-heal|p2a: Jirachi|304\/397|[from] item: Leftovers
|-heal|p1a: Vaporeon|389\/464 par|[from] item: Leftovers
|turn|20
|
|move|p2a: Jirachi|Zen Headbutt|p1a: Vaporeon
|-damage|p1a: Vaporeon|259\/464 par
|cant|p1a: Vaporeon|flinch
|
|-heal|p2a: Jirachi|328\/397|[from] item: Leftovers
|-heal|p1a: Vaporeon|288\/464 par|[from] item: Leftovers
|turn|21
|
|move|p1a: Vaporeon|Protect|p1a: Vaporeon
|-singleturn|p1a: Vaporeon|Protect
|move|p2a: Jirachi|Zen Headbutt|p1a: Vaporeon
|-activate|p1a: Vaporeon|Protect
|
|-heal|p2a: Jirachi|352\/397|[from] item: Leftovers
|-heal|p1a: Vaporeon|317\/464 par|[from] item: Leftovers
|turn|22
|
|move|p2a: Jirachi|Zen Headbutt|p1a: Vaporeon
|-damage|p1a: Vaporeon|199\/464 par
|move|p1a: Vaporeon|Wish|p1a: Vaporeon
|
|-heal|p2a: Jirachi|376\/397|[from] item: Leftovers
|-heal|p1a: Vaporeon|228\/464 par|[from] item: Leftovers
|turn|23
|
|move|p2a: Jirachi|Zen Headbutt|p1a: Vaporeon
|-damage|p1a: Vaporeon|99\/464 par
|move|p1a: Vaporeon|Scald|p2a: Jirachi
|-damage|p2a: Jirachi|271\/397
|
|-heal|p1a: Vaporeon|331\/464 par|[from] move: Wish|[wisher] Vaporeon
|-heal|p2a: Jirachi|295\/397|[from] item: Leftovers
|-heal|p1a: Vaporeon|360\/464 par|[from] item: Leftovers
|turn|24
|
|move|p2a: Jirachi|Zen Headbutt|p1a: Vaporeon
|-damage|p1a: Vaporeon|231\/464 par
|cant|p1a: Vaporeon|flinch
|
|-heal|p2a: Jirachi|319\/397|[from] item: Leftovers
|-heal|p1a: Vaporeon|260\/464 par|[from] item: Leftovers
|turn|25
|
|move|p2a: Jirachi|Zen Headbutt|p1a: Vaporeon
|-damage|p1a: Vaporeon|136\/464 par
|cant|p1a: Vaporeon|flinch
|
|-heal|p2a: Jirachi|343\/397|[from] item: Leftovers
|-heal|p1a: Vaporeon|165\/464 par|[from] item: Leftovers
|turn|26
|
|move|p2a: Jirachi|Zen Headbutt|p1a: Vaporeon
|-damage|p1a: Vaporeon|36\/464 par
|move|p1a: Vaporeon|Wish|p1a: Vaporeon
|
|-heal|p2a: Jirachi|367\/397|[from] item: Leftovers
|-heal|p1a: Vaporeon|65\/464 par|[from] item: Leftovers
|turn|27
|
|switch|p1a: Jirachi|Jirachi|242\/341
|move|p2a: Jirachi|Iron Head|p1a: Jirachi
|-resisted|p1a: Jirachi
|-damage|p1a: Jirachi|175\/341
|
|-heal|p1a: Jirachi|341\/341|[from] move: Wish|[wisher] Vaporeon
|-heal|p2a: Jirachi|391\/397|[from] item: Leftovers
|turn|28
|
|move|p1a: Jirachi|Trick|p2a: Jirachi
|-activate|p1a: Jirachi|move: Trick|[of] p2a: Jirachi
|-item|p2a: Jirachi|Choice Scarf|[from] move: Trick
|-item|p1a: Jirachi|Leftovers|[from] move: Trick
|move|p2a: Jirachi|Iron Head|p1a: Jirachi
|-resisted|p1a: Jirachi
|-damage|p1a: Jirachi|271\/341
|
|-heal|p1a: Jirachi|292\/341|[from] item: Leftovers
|turn|29
|join|meowiekins
|
|move|p2a: Jirachi|Iron Head|p1a: Jirachi
|-resisted|p1a: Jirachi
|-damage|p1a: Jirachi|232\/341
|cant|p1a: Jirachi|flinch
|
|-heal|p1a: Jirachi|253\/341|[from] item: Leftovers
|turn|30
|
|move|p2a: Jirachi|Iron Head|p1a: Jirachi
|-resisted|p1a: Jirachi
|-damage|p1a: Jirachi|190\/341
|cant|p1a: Jirachi|flinch
|
|-heal|p1a: Jirachi|211\/341|[from] item: Leftovers
|turn|31
|
|move|p2a: Jirachi|Iron Head|p1a: Jirachi
|-resisted|p1a: Jirachi
|-damage|p1a: Jirachi|146\/341
|cant|p1a: Jirachi|flinch
|
|-heal|p1a: Jirachi|167\/341|[from] item: Leftovers
|turn|32
|join|Exemption
|
|move|p2a: Jirachi|Iron Head|p1a: Jirachi
|-resisted|p1a: Jirachi
|-damage|p1a: Jirachi|104\/341
|move|p1a: Jirachi|U-turn|p2a: Jirachi
|-damage|p2a: Jirachi|326\/397
|
|switch|p1a: Chandelure|Chandelure, F|261\/261
|
|turn|33
|
|switch|p2a: Suicune|Suicune|404\/404
|-ability|p2a: Suicune|Pressure
|move|p1a: Chandelure|Substitute|p1a: Chandelure
|-start|p1a: Chandelure|Substitute
|-damage|p1a: Chandelure|196\/261
|
|-heal|p1a: Chandelure|212\/261|[from] item: Leftovers
|turn|34
|
|switch|p1a: Vaporeon|Vaporeon, F|65\/464 par
|switch|p2a: Raikou|Raikou|281\/321
|-ability|p2a: Raikou|Pressure
|
|-heal|p1a: Vaporeon|94\/464 par|[from] item: Leftovers
|turn|35
|
|move|p1a: Vaporeon|Protect|p1a: Vaporeon
|-singleturn|p1a: Vaporeon|Protect
|move|p2a: Raikou|Extrasensory|p1a: Vaporeon
|-activate|p1a: Vaporeon|Protect
|
|-heal|p1a: Vaporeon|123\/464 par|[from] item: Leftovers
|turn|36
|
|switch|p1a: Jirachi|Jirachi|104\/341
|move|p2a: Raikou|Extrasensory|p1a: Jirachi
|-resisted|p1a: Jirachi
|-damage|p1a: Jirachi|72\/341
|
|-heal|p1a: Jirachi|93\/341|[from] item: Leftovers
|turn|37
|
|switch|p2a: Entei|Entei, shiny|167\/371
|-ability|p2a: Entei|Pressure
|move|p1a: Jirachi|Healing Wish|p1a: Jirachi
|faint|p1a: Jirachi
|
|
|switch|p1a: Vaporeon|Vaporeon, F|123\/464 par
|-heal|p1a: Vaporeon|464\/464|[from] move: Healing Wish
|turn|38
|
|switch|p2a: Suicune|Suicune|404\/404
|-ability|p2a: Suicune|Pressure
|move|p1a: Vaporeon|Wish|p1a: Vaporeon
|
|turn|39
|
|switch|p2a: Raikou|Raikou|281\/321
|-ability|p2a: Raikou|Pressure
|move|p1a: Vaporeon|Baton Pass|p1a: Vaporeon
|
|switch|p1a: Sceptile|Sceptile-Mega, M|264\/281
|
|-heal|p1a: Sceptile|281\/281|[from] move: Wish|[wisher] Vaporeon
|turn|40
|
|move|p1a: Sceptile|Dragon Pulse|p2a: Raikou
|-damage|p2a: Raikou|118\/321
|move|p2a: Raikou|Hidden Power|p1a: Sceptile
|-supereffective|p1a: Sceptile
|-damage|p1a: Sceptile|0 fnt
|faint|p1a: Sceptile
|
|
|switch|p1a: Chandelure|Chandelure, F|212\/261
|turn|41
|c| DatGuyChuck|destroyed
|c|âNot DMT|I got rekt
|
|switch|p2a: Suicune|Suicune|404\/404
|-ability|p2a: Suicune|Pressure
|move|p1a: Chandelure|Calm Mind|p1a: Chandelure
|-boost|p1a: Chandelure|spa|1
|-boost|p1a: Chandelure|spd|1
|
|-heal|p1a: Chandelure|228\/261|[from] item: Leftovers
|turn|42
|
|move|p1a: Chandelure|Shadow Ball|p2a: Suicune
|-damage|p2a: Suicune|203\/404
|move|p2a: Suicune|Scald|p1a: Chandelure
|-supereffective|p1a: Chandelure
|-damage|p1a: Chandelure|94\/261
|
|-heal|p1a: Chandelure|110\/261|[from] item: Leftovers
|-heal|p2a: Suicune|228\/404|[from] item: Leftovers
|turn|43
|leave|meowiekins
|
|move|p1a: Chandelure|Calm Mind|p1a: Chandelure
|-boost|p1a: Chandelure|spa|1
|-boost|p1a: Chandelure|spd|1
|move|p2a: Suicune|Scald|p1a: Chandelure
|-supereffective|p1a: Chandelure
|-damage|p1a: Chandelure|12\/261
|
|-heal|p1a: Chandelure|28\/261|[from] item: Leftovers
|-heal|p2a: Suicune|253\/404|[from] item: Leftovers
|turn|44
|
|move|p1a: Chandelure|Shadow Ball|p2a: Suicune
|-damage|p2a: Suicune|0 fnt
|faint|p2a: Suicune
|
|-heal|p1a: Chandelure|44\/261|[from] item: Leftovers
|
|switch|p2a: Raikou|Raikou|118\/321
|-ability|p2a: Raikou|Pressure
|turn|45
|
|switch|p1a: Vaporeon|Vaporeon, F|464\/464
|move|p2a: Raikou|Thunderbolt|p1a: Vaporeon
|-supereffective|p1a: Vaporeon
|-damage|p1a: Vaporeon|32\/464
|
|-heal|p1a: Vaporeon|61\/464|[from] item: Leftovers
|turn|46
|c|âNot DMT|awe
|c|âNot DMT|gg
|-message|Not DMT forfeited.
|
|win|BigMambo2
|raw|Ladder updating...
|leave|Not DMT
|player|p1
|raw|Not DMT's rating: 1422 &rarr; <strong>1395<\/strong><br \/>(-27 for losing)
|raw|BigMambo2's rating: 1297 &rarr; <strong>1330<\/strong><br \/>(+33 for winning)
|join|Not DMT
|leave|Not DMT
|leave|Snowballin
|leave|Coltestes
|leave|Cyndequil
|leave|BigMambo2
|player|p2
|join|BigMambo2
|leave|BigMambo2
|leave|DatGuyChuck
|join|DatGuyChuck
|leave|DatGuyChuck
|leave|Exemption
|leave|gobosox
|join|Snowballin