|join|benito camelo
|join|Cobalt Cluster
|player|p1|benito camelo|209
|player|p2|Cobalt Cluster|222
|gametype|singles
|gen|1
|tier|[Gen 1] OU (beta)
|rated
|rule|Sleep Clause Mod: Limit one foe put to sleep
|rule|Species Clause: Limit one of each PokÃ©mon
|rule|OHKO Clause: OHKO moves are banned
|rule|Evasion Moves Clause: Evasion moves are banned
|rule|HP Percentage Mod: HP is shown in percentages
|
|start
|switch|p1a: psycosex|Alakazam|313\/313
|switch|p2a: Tauros|Tauros|353\/353
|turn|1
|
|move|p1a: psycosex|Thunder Wave|p2a: Tauros
|-status|p2a: Tauros|par
|move|p2a: Tauros|Body Slam|p1a: psycosex
|-damage|p1a: psycosex|150\/313
|
|turn|2
|
|switch|p1a: the monster of nes|Lapras|463\/463
|cant|p2a: Tauros|par
|
|turn|3
|
|switch|p2a: Slowbro|Slowbro|393\/393
|move|p1a: the monster of nes|Confuse Ray|p2a: Slowbro
|-start|p2a: Slowbro|confusion
|
|turn|4
|
|switch|p1a: toxic is for scrub|Chansey|703\/703
|-activate|p2a: Slowbro|confusion
|-damage|p2a: Slowbro|369\/393|[from] confusion
|
|turn|5
|c|âCobalt Cluster|nice english :0
|
|move|p1a: toxic is for scrub|Thunder Wave|p2a: Slowbro
|-status|p2a: Slowbro|par
|-activate|p2a: Slowbro|confusion
|-damage|p2a: Slowbro|342\/393 par|[from] confusion
|
|turn|6
|c|âbenito camelo|shut up :'c
|c|âCobalt Cluster|no
|c|âbenito camelo|mexico
|c|âbenito camelo|rulz
|c|âbenito camelo|uwu
|c|âCobalt Cluster|okay bean n cheese
|
|move|p1a: toxic is for scrub|Ice Beam|p2a: Slowbro
|-resisted|p2a: Slowbro
|-damage|p2a: Slowbro|299\/393 par
|-activate|p2a: Slowbro|confusion
|-damage|p2a: Slowbro|273\/393 par|[from] confusion
|
|turn|7
|
|move|p1a: toxic is for scrub|Ice Beam|p2a: Slowbro
|-resisted|p2a: Slowbro
|-damage|p2a: Slowbro|231\/393 par
|cant|p2a: Slowbro|par
|
|turn|8
|
|move|p1a: toxic is for scrub|Ice Beam|p2a: Slowbro
|-resisted|p2a: Slowbro
|-damage|p2a: Slowbro|190\/393 par
|-end|p2a: Slowbro|confusion
|move|p2a: Slowbro|Thunder Wave|p1a: toxic is for scrub
|-status|p1a: toxic is for scrub|par
|
|turn|9
|
|move|p1a: toxic is for scrub|Ice Beam|p2a: Slowbro
|-resisted|p2a: Slowbro
|-damage|p2a: Slowbro|143\/393 par
|cant|p2a: Slowbro|par
|
|turn|10
|
|cant|p1a: toxic is for scrub|par
|move|p2a: Slowbro|Rest|p2a: Slowbro
|-status|p2a: Slowbro|slp
|-heal|p2a: Slowbro|393\/393 slp|[silent]
|-status|p2a: Slowbro|slp|[from] move: Rest
|
|turn|11
|c|âCobalt Cluster|finally
|c|âCobalt Cluster|geez
|
|switch|p1a: the rock pony|Rhydon|413\/413
|cant|p2a: Slowbro|slp
|
|turn|12
|
|move|p1a: the rock pony|Substitute|p1a: the rock pony
|-start|p1a: the rock pony|Substitute
|-damage|p1a: the rock pony|310\/413
|cant|p2a: Slowbro|slp
|-curestatus|p2a: Slowbro|slp
|
|turn|13
|
|move|p1a: the rock pony|Earthquake|p2a: Slowbro
|-damage|p2a: Slowbro|260\/393
|move|p2a: Slowbro|Surf|p1a: the rock pony
|-crit|p1a: the rock pony
|-supereffective|p1a: the rock pony
|-end|p1a: the rock pony|Substitute
|
|turn|14
|
|switch|p1a: toxic is for scrub|Chansey|703\/703 par
|move|p2a: Slowbro|Surf|p1a: toxic is for scrub
|-damage|p1a: toxic is for scrub|609\/703 par
|
|turn|15
|
|move|p1a: toxic is for scrub|Thunder Wave|p2a: Slowbro
|-status|p2a: Slowbro|par
|move|p2a: Slowbro|Amnesia|p2a: Slowbro
|-boost|p2a: Slowbro|spd|2
|-boost|p2a: Slowbro|spa|2
|
|turn|16
|c|âCobalt Cluster|;)
|
|switch|p1a: the monster of nes|Lapras|463\/463
|move|p2a: Slowbro|Amnesia|p2a: Slowbro
|-boost|p2a: Slowbro|spd|2
|-boost|p2a: Slowbro|spa|2
|
|turn|17
|c|âbenito camelo|lol D:
|
|move|p1a: the monster of nes|Confuse Ray|p2a: Slowbro
|-start|p2a: Slowbro|confusion
|-activate|p2a: Slowbro|confusion
|move|p2a: Slowbro|Rest|p2a: Slowbro
|-status|p2a: Slowbro|slp
|-heal|p2a: Slowbro|393\/393 slp|[silent]
|-status|p2a: Slowbro|slp|[from] move: Rest
|
|turn|18
|
|move|p1a: the monster of nes|Body Slam|p2a: Slowbro
|-damage|p2a: Slowbro|334\/393 slp
|cant|p2a: Slowbro|slp
|
|turn|19
|
|move|p1a: the monster of nes|Body Slam|p2a: Slowbro
|-damage|p2a: Slowbro|280\/393 slp
|cant|p2a: Slowbro|slp
|-curestatus|p2a: Slowbro|slp
|
|turn|20
|
|move|p1a: the monster of nes|Body Slam|p2a: Slowbro
|-damage|p2a: Slowbro|226\/393
|-activate|p2a: Slowbro|confusion
|-damage|p2a: Slowbro|199\/393|[from] confusion
|
|turn|21
|
|move|p1a: the monster of nes|Body Slam|p2a: Slowbro
|-damage|p2a: Slowbro|139\/393
|-activate|p2a: Slowbro|confusion
|move|p2a: Slowbro|Thunder Wave|p1a: the monster of nes
|-status|p1a: the monster of nes|par
|
|turn|22
|
|move|p1a: the monster of nes|Body Slam|p2a: Slowbro
|-damage|p2a: Slowbro|87\/393
|-status|p2a: Slowbro|par
|-activate|p2a: Slowbro|confusion
|-damage|p2a: Slowbro|61\/393 par|[from] confusion
|
|turn|23
|
|move|p1a: the monster of nes|Body Slam|p2a: Slowbro
|-crit|p2a: Slowbro
|-damage|p2a: Slowbro|0 fnt
|faint|p2a: Slowbro
|c|âbenito camelo|hu3hu3h
|
|switch|p2a: Zapdos|Zapdos|383\/383
|turn|24
|
|switch|p2a: Gengar|Gengar|323\/323
|switch|p1a: the rock pony|Rhydon|310\/413
|
|turn|25
|
|move|p2a: Gengar|Mega Drain|p1a: the rock pony
|-supereffective|p1a: the rock pony
|-damage|p1a: the rock pony|63\/413
|move|p1a: the rock pony|Earthquake|p2a: Gengar
|-supereffective|p2a: Gengar
|-damage|p2a: Gengar|0 fnt
|faint|p2a: Gengar
|
|switch|p2a: Tauros|Tauros|353\/353 par
|turn|26
|
|move|p1a: the rock pony|Earthquake|p2a: Tauros
|-crit|p2a: Tauros
|-damage|p2a: Tauros|70\/353 par
|move|p2a: Tauros|Earthquake|p1a: the rock pony
|-supereffective|p1a: the rock pony
|-damage|p1a: the rock pony|0 fnt
|faint|p1a: the rock pony
|
|switch|p1a: you are a scrub|Tauros|353\/353
|turn|27
|c|âCobalt Cluster|i nscrubbed your mother last night :)
|
|switch|p2a: Rhydon|Rhydon|413\/413
|move|p1a: you are a scrub|Body Slam|p2a: Rhydon
|-resisted|p2a: Rhydon
|-damage|p2a: Rhydon|372\/413
|
|turn|28
|c|âbenito camelo|ho yes
|c|âbenito camelo|xD
|
|move|p1a: you are a scrub|Earthquake|p2a: Rhydon
|-supereffective|p2a: Rhydon
|-damage|p2a: Rhydon|227\/413
|move|p2a: Rhydon|Substitute|p2a: Rhydon
|-start|p2a: Rhydon|Substitute
|-damage|p2a: Rhydon|124\/413
|
|turn|29
|
|move|p1a: you are a scrub|Earthquake|p2a: Rhydon
|-supereffective|p2a: Rhydon
|-end|p2a: Rhydon|Substitute
|move|p2a: Rhydon|Body Slam|p1a: you are a scrub
|-damage|p1a: you are a scrub|267\/353
|
|turn|30
|
|switch|p1a: the monster of nes|Lapras|463\/463 par
|move|p2a: Rhydon|Body Slam|p1a: the monster of nes
|-damage|p1a: the monster of nes|365\/463 par
|
|turn|31
|
|move|p2a: Rhydon|Rock Slide|p1a: the monster of nes|[miss]
|-miss|p2a: Rhydon
|move|p1a: the monster of nes|Ice Beam|p2a: Rhydon
|-supereffective|p2a: Rhydon
|-damage|p2a: Rhydon|0 fnt
|faint|p2a: Rhydon
|
|switch|p2a: Zapdos|Zapdos|383\/383
|turn|32
|
|move|p2a: Zapdos|Thunderbolt|p1a: the monster of nes
|-supereffective|p1a: the monster of nes
|-damage|p1a: the monster of nes|89\/463 par
|move|p1a: the monster of nes|Confuse Ray|p2a: Zapdos
|-start|p2a: Zapdos|confusion
|
|turn|33
|
|switch|p1a: you are a scrub|Tauros|267\/353
|-activate|p2a: Zapdos|confusion
|-damage|p2a: Zapdos|351\/383|[from] confusion
|
|turn|34
|
|move|p1a: you are a scrub|Blizzard|p2a: Zapdos
|-supereffective|p2a: Zapdos
|-damage|p2a: Zapdos|225\/383
|-activate|p2a: Zapdos|confusion
|-damage|p2a: Zapdos|191\/383|[from] confusion
|
|turn|35
|
|switch|p2a: Tauros|Tauros|70\/353 par
|move|p1a: you are a scrub|Body Slam|p2a: Tauros
|-damage|p2a: Tauros|0 fnt
|faint|p2a: Tauros
|
|switch|p2a: Zapdos|Zapdos|191\/383
|turn|36
|
|move|p1a: you are a scrub|Body Slam|p2a: Zapdos
|-damage|p2a: Zapdos|86\/383
|move|p2a: Zapdos|Thunderbolt|p1a: you are a scrub
|-crit|p1a: you are a scrub
|-damage|p1a: you are a scrub|0 fnt
|faint|p1a: you are a scrub
|
|switch|p1a: psycosex|Alakazam|150\/313
|turn|37
|
|move|p1a: psycosex|Psychic|p2a: Zapdos
|-damage|p2a: Zapdos|0 fnt
|faint|p2a: Zapdos
|
|switch|p2a: Dragonite|Dragonite|385\/385
|turn|38
|c|âbenito camelo|gg
|
|move|p1a: psycosex|Thunder Wave|p2a: Dragonite
|-status|p2a: Dragonite|par
|move|p2a: Dragonite|Hyper Beam|p1a: psycosex
|-damage|p1a: psycosex|0 fnt
|faint|p1a: psycosex
|
|switch|p1a: toxic is for scrub|Chansey|609\/703 par
|turn|39
|
|cant|p2a: Dragonite|par
|move|p1a: toxic is for scrub|Ice Beam|p2a: Dragonite
|-supereffective|p2a: Dragonite
|-damage|p2a: Dragonite|63\/385 par
|
|turn|40
|
|move|p2a: Dragonite|Hyper Beam|p1a: toxic is for scrub
|-damage|p1a: toxic is for scrub|232\/703 par
|move|p1a: toxic is for scrub|Ice Beam|p2a: Dragonite
|-supereffective|p2a: Dragonite
|-damage|p2a: Dragonite|0 fnt
|faint|p2a: Dragonite
|
|win|benito camelo
|raw|Ladder updating...
|raw|benito camelo's rating: 1000 &rarr; <strong>1045<\/strong><br \/>(+45 for winning)
|raw|Cobalt Cluster's rating: 1040 &rarr; <strong>1022<\/strong><br \/>(-18 for losing)
|c|âCobalt Cluster|gg