|join|BuMahdi
|join|benito camelo
|player|p1|BuMahdi|265
|player|p2|benito camelo|209
|gametype|singles
|gen|6
|tier|OU
|rated
|clearpoke
|poke|p1|Aegislash, F
|poke|p1|Mawile, F
|poke|p1|Talonflame, F
|poke|p1|Cloyster, M
|poke|p1|Greninja, M
|poke|p1|Excadrill, M
|poke|p2|Venusaur, M
|poke|p2|Excadrill, M
|poke|p2|Rotom-Wash
|poke|p2|Heatran, F
|poke|p2|Azumarill, F
|poke|p2|Clefable, M
|rule|Swagger Clause: Swagger is banned
|rule|Baton Pass Clause: Limit one PokÃ©mon knowing Baton Pass
|rule|Sleep Clause Mod: Limit one foe put to sleep
|rule|Species Clause: Limit one of each PokÃ©mon
|rule|OHKO Clause: OHKO moves are banned
|rule|Moody Clause: Moody is banned
|rule|Evasion Moves Clause: Evasion moves are banned
|rule|Endless Battle Clause: Forcing endless battles is banned
|rule|HP Percentage Mod: HP is reported as percentages
|teampreview
|
|start
|switch|p1a: Excadrill|Excadrill, M|424\/424
|switch|p2a: Rotom-Wash|Rotom-Wash|241\/241
|-ability|p1a: Excadrill|Mold Breaker
|-item|p1a: Excadrill|Air Balloon
|turn|1
|
|move|p2a: Rotom-Wash|Hydro Pump|p1a: Excadrill
|-supereffective|p1a: Excadrill
|-damage|p1a: Excadrill|0 fnt
|-enditem|p1a: Excadrill|Air Balloon
|faint|p1a: Excadrill
|
|
|switch|p1a: Greninja|Greninja, M|285\/285
|turn|2
|
|switch|p2a: Clefable|Clefable, M|394\/394
|move|p1a: Greninja|Hidden Power|p2a: Clefable
|-start|p1a: Greninja|typechange|Grass|[from] Protean
|-crit|p2a: Clefable
|-damage|p2a: Clefable|206\/394
|-damage|p1a: Greninja|257\/285|[from] item: Life Orb
|
|-heal|p2a: Clefable|230\/394|[from] item: Leftovers
|turn|3
|
|move|p2a: Clefable|Protect|p2a: Clefable
|-singleturn|p2a: Clefable|Protect
|move|p1a: Greninja|Surf|p2a: Clefable
|-start|p1a: Greninja|typechange|Water|[from] Protean
|-activate|p2a: Clefable|Protect
|
|-heal|p2a: Clefable|254\/394|[from] item: Leftovers
|turn|4
|
|switch|p1a: Mawile|Mawile, F|304\/304
|-ability|p1a: Mawile|Intimidate|[of] p2a: Clefable
|-unboost|p2a: Clefable|atk|1
|move|p2a: Clefable|Wish|p2a: Clefable
|
|-heal|p2a: Clefable|278\/394|[from] item: Leftovers
|turn|5
|
|switch|p2a: Heatran|Heatran, F|385\/385
|detailschange|p1a: Mawile|Mawile-Mega, F
|message|Mawile has Mega Evolved into Mega Mawile!
|move|p1a: Mawile|Iron Head|p2a: Heatran
|-resisted|p2a: Heatran
|-damage|p2a: Heatran|318\/385
|
|-heal|p2a: Heatran|385\/385|[from] move: Wish|[wisher] Clefable
|turn|6
|
|switch|p1a: Aegislash|Aegislash, F|324\/324
|move|p2a: Heatran|Stealth Rock|p1a: Aegislash
|-sidestart|p1: BuMahdi|move: Stealth Rock
|
|turn|7
|
|move|p2a: Heatran|Lava Plume|p1a: Aegislash
|-supereffective|p1a: Aegislash
|-damage|p1a: Aegislash|186\/324
|-enditem|p1a: Aegislash|Weakness Policy
|-boost|p1a: Aegislash|atk|2|[from] item: Weakness Policy
|-boost|p1a: Aegislash|spa|2|[from] item: Weakness Policy
|move|p1a: Aegislash|Swords Dance|p1a: Aegislash
|-boost|p1a: Aegislash|atk|2
|
|turn|8
|
|move|p2a: Heatran|Lava Plume|p1a: Aegislash
|-supereffective|p1a: Aegislash
|-damage|p1a: Aegislash|40\/324
|-status|p1a: Aegislash|brn
|-formechange|p1a: Aegislash|Aegislash-Blade
|move|p1a: Aegislash|Sacred Sword|p2a: Heatran
|-supereffective|p2a: Heatran
|-damage|p2a: Heatran|121\/385
|
|-heal|p2a: Heatran|145\/385|[from] item: Leftovers
|-damage|p1a: Aegislash|0 fnt|[from] brn
|faint|p1a: Aegislash
|
|switch|p1a: Greninja|Greninja, M|257\/285
|-damage|p1a: Greninja|222\/285|[from] Stealth Rock
|turn|9
|chat|benito camelo|owo
|
|move|p2a: Heatran|Protect|p2a: Heatran
|-singleturn|p2a: Heatran|Protect
|move|p1a: Greninja|Surf|p2a: Heatran
|-start|p1a: Greninja|typechange|Water|[from] Protean
|-activate|p2a: Heatran|Protect
|
|-heal|p2a: Heatran|169\/385|[from] item: Leftovers
|turn|10
|chat|BuMahdi|:p?
|chat|benito camelo|heatrean op
|
|switch|p2a: Venusaur|Venusaur, M|364\/364
|move|p1a: Greninja|Surf|p2a: Venusaur
|-resisted|p2a: Venusaur
|-damage|p2a: Venusaur|270\/364
|-damage|p1a: Greninja|194\/285|[from] item: Life Orb
|
|turn|11
|chat|BuMahdi|nt really :p
|
|switch|p2a: Heatran|Heatran, F|169\/385
|move|p1a: Greninja|Ice Beam|p2a: Heatran
|-start|p1a: Greninja|typechange|Ice|[from] Protean
|-resisted|p2a: Heatran
|-damage|p2a: Heatran|139\/385
|-damage|p1a: Greninja|166\/285|[from] item: Life Orb
|
|-heal|p2a: Heatran|163\/385|[from] item: Leftovers
|turn|12
|chat|benito camelo|si e_e
|chat|BuMahdi|hes just op for my team
|
|move|p2a: Heatran|Protect|p2a: Heatran
|-singleturn|p2a: Heatran|Protect
|move|p1a: Greninja|Surf|p2a: Heatran
|-start|p1a: Greninja|typechange|Water|[from] Protean
|-activate|p2a: Heatran|Protect
|
|-heal|p2a: Heatran|187\/385|[from] item: Leftovers
|turn|13
|
|switch|p2a: Rotom-Wash|Rotom-Wash|241\/241
|move|p1a: Greninja|Ice Beam|p2a: Rotom-Wash
|-start|p1a: Greninja|typechange|Ice|[from] Protean
|-resisted|p2a: Rotom-Wash
|-damage|p2a: Rotom-Wash|159\/241
|-damage|p1a: Greninja|138\/285|[from] item: Life Orb
|
|turn|14
|
|move|p2a: Rotom-Wash|Volt Switch|p1a: Greninja
|-damage|p1a: Greninja|0 fnt
|faint|p1a: Greninja
|
|switch|p2a: Venusaur|Venusaur, M|270\/364
|
|
|switch|p1a: Talonflame|Talonflame, F|360\/360
|-damage|p1a: Talonflame|180\/360|[from] Stealth Rock
|turn|15
|
|switch|p2a: Heatran|Heatran, F|187\/385
|move|p1a: Talonflame|Roost|p1a: Talonflame
|-heal|p1a: Talonflame|360\/360
|
|-heal|p2a: Heatran|211\/385|[from] item: Leftovers
|turn|16
|
|move|p1a: Talonflame|Bulk Up|p1a: Talonflame
|-boost|p1a: Talonflame|atk|1
|-boost|p1a: Talonflame|def|1
|move|p2a: Heatran|Toxic|p1a: Talonflame
|-status|p1a: Talonflame|tox
|
|-heal|p2a: Heatran|235\/385|[from] item: Leftovers
|-damage|p1a: Talonflame|338\/360 tox|[from] psn
|turn|17
|
|move|p1a: Talonflame|Bulk Up|p1a: Talonflame
|-boost|p1a: Talonflame|atk|1
|-boost|p1a: Talonflame|def|1
|move|p2a: Heatran|Lava Plume|p1a: Talonflame
|-resisted|p1a: Talonflame
|-damage|p1a: Talonflame|266\/360 tox
|
|-heal|p1a: Talonflame|288\/360 tox|[from] item: Leftovers
|-heal|p2a: Heatran|259\/385|[from] item: Leftovers
|-damage|p1a: Talonflame|244\/360 tox|[from] psn
|turn|18
|
|move|p2a: Heatran|Protect|p2a: Heatran
|-singleturn|p2a: Heatran|Protect
|move|p1a: Talonflame|Bulk Up|p1a: Talonflame
|-boost|p1a: Talonflame|atk|1
|-boost|p1a: Talonflame|def|1
|
|-heal|p1a: Talonflame|266\/360 tox|[from] item: Leftovers
|-heal|p2a: Heatran|283\/385|[from] item: Leftovers
|-damage|p1a: Talonflame|200\/360 tox|[from] psn
|turn|19
|
|switch|p2a: Clefable|Clefable, M|278\/394
|move|p1a: Talonflame|Brave Bird|p2a: Clefable
|-damage|p2a: Clefable|133\/394
|-damage|p1a: Talonflame|152\/360 tox|[from] recoil|[of] p2a: Clefable
|
|-heal|p1a: Talonflame|174\/360 tox|[from] item: Leftovers
|-heal|p2a: Clefable|157\/394|[from] item: Leftovers
|-damage|p1a: Talonflame|86\/360 tox|[from] psn
|turn|20
|
|move|p2a: Clefable|Protect|p2a: Clefable
|-singleturn|p2a: Clefable|Protect
|move|p1a: Talonflame|Flare Blitz|p2a: Clefable
|-activate|p2a: Clefable|Protect
|
|-heal|p1a: Talonflame|108\/360 tox|[from] item: Leftovers
|-heal|p2a: Clefable|181\/394|[from] item: Leftovers
|-damage|p1a: Talonflame|0 fnt|[from] psn
|faint|p1a: Talonflame
|
|switch|p1a: Mawile|Mawile-Mega, F|304\/304
|-damage|p1a: Mawile|285\/304|[from] Stealth Rock
|turn|21
|
|move|p2a: Clefable|Wish|p2a: Clefable
|move|p1a: Mawile|Swords Dance|p1a: Mawile
|-boost|p1a: Mawile|atk|2
|
|-heal|p2a: Clefable|205\/394|[from] item: Leftovers
|turn|22
|
|switch|p2a: Heatran|Heatran, F|283\/385
|move|p1a: Mawile|Iron Head|p2a: Heatran
|-resisted|p2a: Heatran
|-damage|p2a: Heatran|166\/385
|
|-heal|p2a: Heatran|363\/385|[from] move: Wish|[wisher] Clefable
|-heal|p2a: Heatran|385\/385|[from] item: Leftovers
|turn|23
|
|move|p1a: Mawile|Sucker Punch|p2a: Heatran
|-damage|p2a: Heatran|28\/385
|move|p2a: Heatran|Lava Plume|p1a: Mawile
|-supereffective|p1a: Mawile
|-damage|p1a: Mawile|37\/304
|
|-heal|p2a: Heatran|52\/385|[from] item: Leftovers
|turn|24
|
|move|p1a: Mawile|Sucker Punch|p2a: Heatran
|-damage|p2a: Heatran|0 fnt
|faint|p2a: Heatran
|
|
|switch|p2a: Azumarill|Azumarill, F|383\/383
|turn|25
|
|move|p2a: Azumarill|Aqua Jet|p1a: Mawile
|-damage|p1a: Mawile|0 fnt
|faint|p1a: Mawile
|
|
|switch|p1a: Cloyster|Cloyster, M|242\/242
|-damage|p1a: Cloyster|182\/242|[from] Stealth Rock
|turn|26
|
|switch|p2a: Venusaur|Venusaur, M|270\/364
|move|p1a: Cloyster|Shell Smash|p1a: Cloyster
|-boost|p1a: Cloyster|atk|2
|-boost|p1a: Cloyster|spa|2
|-boost|p1a: Cloyster|spe|2
|-unboost|p1a: Cloyster|def|1
|-unboost|p1a: Cloyster|spd|1
|
|turn|27
|
|detailschange|p2a: Venusaur|Venusaur-Mega, M
|message|Venusaur has Mega Evolved into Mega Venusaur!
|move|p1a: Cloyster|Icicle Spear|p2a: Venusaur
|-supereffective|p2a: Venusaur
|-damage|p2a: Venusaur|222\/364
|-supereffective|p2a: Venusaur
|-damage|p2a: Venusaur|168\/364
|-supereffective|p2a: Venusaur
|-damage|p2a: Venusaur|114\/364
|-supereffective|p2a: Venusaur
|-damage|p2a: Venusaur|60\/364
|-supereffective|p2a: Venusaur
|-damage|p2a: Venusaur|6\/364
|-hitcount|p2a: Venusaur|5
|move|p2a: Venusaur|Giga Drain|p1a: Cloyster
|-supereffective|p1a: Cloyster
|-damage|p1a: Cloyster|0 fnt
|-heal|p2a: Venusaur|97\/364|[from] drain|[of] p1a: Cloyster
|faint|p1a: Cloyster
|
|win|benito camelo
|raw|Ladder updating...
|raw|BuMahdi's rating: 1591 &rarr; <strong>1570<\/strong><br \/>(-21 for losing)
|raw|benito camelo's rating: 1561 &rarr; <strong>1582<\/strong><br \/>(+21 for winning)
|chat|benito camelo|uffff
|chat|benito camelo|GG