|join|j@bbathehut
|join|benito camelo
|player|p1|j@bbathehut|289
|player|p2|benito camelo|209
|gametype|singles
|gen|6
|tier|OU
|rated
|clearpoke
|poke|p1|Deoxys-Speed
|poke|p1|Bisharp, F
|poke|p1|Thundurus, M
|poke|p1|Keldeo
|poke|p1|Tyranitar, F
|poke|p1|Garchomp, F
|poke|p2|Klefki, M
|poke|p2|Heatran, M
|poke|p2|Gliscor, F
|poke|p2|Landorus-Therian, M
|poke|p2|Venusaur, F
|poke|p2|Togekiss, F
|rule|Sleep Clause Mod: Limit one foe put to sleep
|rule|Species Clause: Limit one of each Pokemon
|rule|OHKO Clause: OHKO moves are banned
|rule|Moody Clause: Moody is banned
|rule|Evasion Moves Clause: Evasion moves are banned
|rule|Endless Battle Clause: Forcing endless battles is banned.
|rule|HP Percentage Mod: HP is reported as percentages
|teampreview
|
|start
|switch|p1a: Keldeo|Keldeo|323\/323
|switch|p2a: Landorus-Therian|Landorus-Therian, M|320\/320
|-ability|p2a: Landorus-Therian|Intimidate|[of] p1a: Keldeo
|-unboost|p1a: Keldeo|atk|1
|turn|1
|
|switch|p2a: Venusaur|Venusaur, F|364\/364
|move|p1a: Keldeo|Hydro Pump|p2a: Venusaur
|-resisted|p2a: Venusaur
|-damage|p2a: Venusaur|255\/364
|-damage|p1a: Keldeo|291\/323|[from] item: Life Orb
|
|turn|2
|
|switch|p1a: Deoxys-Speed|Deoxys-Speed|304\/304
|-ability|p1a: Deoxys-Speed|Pressure
|-formechange|p2a: Venusaur|Venusaur-Mega
|message|Venusaur has Mega Evolved into Mega Venusaur!
|move|p2a: Venusaur|Leech Seed|p1a: Deoxys-Speed
|-start|p1a: Deoxys-Speed|move: Leech Seed
|
|-damage|p1a: Deoxys-Speed|266\/304|[from] Leech Seed|[of] p2a: Venusaur
|-heal|p2a: Venusaur|293\/364|[silent]
|turn|3
|
|move|p1a: Deoxys-Speed|Stealth Rock|p2a: Venusaur
|-sidestart|p2: benito camelo|move: Stealth Rock
|move|p2a: Venusaur|Sleep Powder|p1a: Deoxys-Speed
|-status|p1a: Deoxys-Speed|slp
|
|-damage|p1a: Deoxys-Speed|228\/304 slp|[from] Leech Seed|[of] p2a: Venusaur
|-heal|p2a: Venusaur|331\/364|[silent]
|turn|4
|chat|j@bbathehut|sry got dc'd
|chat|benito camelo|ok xD?
|
|switch|p1a: Thundurus|Thundurus, M|299\/299
|move|p2a: Venusaur|Giga Drain|p1a: Thundurus
|-resisted|p1a: Thundurus
|-damage|p1a: Thundurus|237\/299
|-heal|p2a: Venusaur|362\/364|[from] drain|[of] p1a: Thundurus
|
|turn|5
|
|switch|p2a: Heatran|Heatran, M|386\/386
|-damage|p2a: Heatran|338\/386|[from] Stealth Rock
|move|p1a: Thundurus|Thunder Wave|p2a: Heatran
|-status|p2a: Heatran|par
|
|-heal|p2a: Heatran|362\/386 par|[from] item: Leftovers
|turn|6
|
|move|p1a: Thundurus|Knock Off|p2a: Heatran
|-damage|p2a: Heatran|257\/386 par
|-enditem|p2a: Heatran|Leftovers|[from] move: Knock Off|[of] p1a: Thundurus
|-damage|p1a: Thundurus|208\/299|[from] item: Life Orb
|move|p2a: Heatran|Toxic|p1a: Thundurus
|-status|p1a: Thundurus|tox
|
|-damage|p1a: Thundurus|190\/299 tox|[from] psn
|turn|7
|
|move|p1a: Thundurus|Superpower|p2a: Heatran
|-crit|p2a: Heatran
|-supereffective|p2a: Heatran
|-damage|p2a: Heatran|0 fnt
|-unboost|p1a: Thundurus|atk|1
|-unboost|p1a: Thundurus|def|1
|-damage|p1a: Thundurus|161\/299 tox|[from] item: Life Orb
|faint|p2a: Heatran
|
|-damage|p1a: Thundurus|125\/299 tox|[from] psn
|
|switch|p2a: Landorus-Therian|Landorus-Therian, M|320\/320
|-damage|p2a: Landorus-Therian|280\/320|[from] Stealth Rock
|-ability|p2a: Landorus-Therian|Intimidate|[of] p1a: Thundurus
|-unboost|p1a: Thundurus|atk|1
|turn|8
|
|switch|p1a: Keldeo|Keldeo|291\/323
|move|p2a: Landorus-Therian|Knock Off|p1a: Keldeo
|-resisted|p1a: Keldeo
|-damage|p1a: Keldeo|217\/323
|-boost|p1a: Keldeo|atk|1|[from] ability: Justified
|-enditem|p1a: Keldeo|Life Orb|[from] move: Knock Off|[of] p2a: Landorus-Therian
|
|turn|9
|
|switch|p2a: Venusaur|Venusaur, F|362\/364
|-formechange|p2a: Venusaur|Venusaur-Mega
|-damage|p2a: Venusaur|317\/364|[from] Stealth Rock
|move|p1a: Keldeo|Icy Wind|p2a: Venusaur
|-supereffective|p2a: Venusaur
|-damage|p2a: Venusaur|265\/364
|-unboost|p2a: Venusaur|spe|1
|
|turn|10
|chat|benito camelo|:c
|
|switch|p1a: Garchomp|Garchomp, F|357\/357
|move|p2a: Venusaur|Leech Seed|p1a: Garchomp
|-start|p1a: Garchomp|move: Leech Seed
|
|-damage|p1a: Garchomp|313\/357|[from] Leech Seed|[of] p2a: Venusaur
|-heal|p2a: Venusaur|309\/364|[silent]
|turn|11
|chat|j@bbathehut|crap
|chat|j@bbathehut|sry
|chat|benito camelo|lol XD
|
|move|p1a: Garchomp|Swords Dance|p1a: Garchomp
|-boost|p1a: Garchomp|atk|2
|move|p2a: Venusaur|Giga Drain|p1a: Garchomp
|-damage|p1a: Garchomp|171\/357
|-heal|p2a: Venusaur|364\/364|[from] drain|[of] p1a: Garchomp
|
|-damage|p1a: Garchomp|127\/357|[from] Leech Seed|[of] p2a: Venusaur
|turn|12
|chat|j@bbathehut|omg that was close
|chat|benito camelo|xDD
|
|move|p1a: Garchomp|Earthquake|p2a: Venusaur
|-damage|p2a: Venusaur|111\/364
|move|p2a: Venusaur|Giga Drain|p1a: Garchomp
|-damage|p1a: Garchomp|4\/357
|-heal|p2a: Venusaur|173\/364|[from] drain|[of] p1a: Garchomp
|
|-damage|p1a: Garchomp|0 fnt|[from] Leech Seed|[of] p2a: Venusaur
|-heal|p2a: Venusaur|177\/364|[silent]
|faint|p1a: Garchomp
|chat|benito camelo|lol xDDD
|
|switch|p1a: Bisharp|Bisharp, F|272\/272
|turn|13
|
|move|p1a: Bisharp|Iron Head|p2a: Venusaur
|-damage|p2a: Venusaur|20\/364
|-damage|p1a: Bisharp|245\/272|[from] item: Life Orb
|move|p2a: Venusaur|Leech Seed|p1a: Bisharp
|-start|p1a: Bisharp|move: Leech Seed
|
|-damage|p1a: Bisharp|211\/272|[from] Leech Seed|[of] p2a: Venusaur
|-heal|p2a: Venusaur|54\/364|[silent]
|turn|14
|
|switch|p2a: keyblade|Klefki, M|318\/318
|-damage|p2a: keyblade|299\/318|[from] Stealth Rock
|move|p1a: Bisharp|Knock Off|p2a: keyblade
|-resisted|p2a: keyblade
|-damage|p2a: keyblade|203\/318
|-enditem|p2a: keyblade|Leftovers|[from] move: Knock Off|[of] p1a: Bisharp
|-damage|p1a: Bisharp|184\/272|[from] item: Life Orb
|
|-damage|p1a: Bisharp|150\/272|[from] Leech Seed|[of] p2a: keyblade
|-heal|p2a: keyblade|237\/318|[silent]
|turn|15
|
|switch|p1a: Deoxys-Speed|Deoxys-Speed|228\/304 slp
|-ability|p1a: Deoxys-Speed|Pressure
|move|p2a: keyblade|Swagger|p1a: Deoxys-Speed
|-boost|p1a: Deoxys-Speed|atk|2
|-start|p1a: Deoxys-Speed|confusion
|
|turn|16
|
|cant|p1a: Deoxys-Speed|slp
|move|p2a: keyblade|Foul Play|p1a: Deoxys-Speed
|-supereffective|p1a: Deoxys-Speed
|-damage|p1a: Deoxys-Speed|0 fnt
|faint|p1a: Deoxys-Speed
|
|chat|benito camelo|x3333
|
|switch|p1a: Keldeo|Keldeo|217\/323
|turn|17
|chat|j@bbathehut|=3=
|
|move|p2a: keyblade|Thunder Wave|p1a: Keldeo
|-status|p1a: Keldeo|par
|cant|p1a: Keldeo|par
|
|turn|18
|chat|benito camelo|yhea
|chat|benito camelo|klefki 4 ubers
|chat|benito camelo|lml
|
|move|p2a: keyblade|Swagger|p1a: Keldeo
|-boost|p1a: Keldeo|atk|2
|-start|p1a: Keldeo|confusion
|cant|p1a: Keldeo|par
|
|turn|19
|chat|j@bbathehut|omg
|
|switch|p1a: Thundurus|Thundurus, M|125\/299 tox
|move|p2a: keyblade|Substitute|p2a: keyblade
|-start|p2a: keyblade|Substitute
|-damage|p2a: keyblade|158\/318
|
|-damage|p1a: Thundurus|107\/299 tox|[from] psn
|turn|20
|
|move|p2a: keyblade|Swagger|p1a: Thundurus
|-boost|p1a: Thundurus|atk|2
|-start|p1a: Thundurus|confusion
|-activate|p1a: Thundurus|confusion
|-damage|p1a: Thundurus|0 fnt|[from] confusion
|faint|p1a: Thundurus
|
|chat|benito camelo|-w-
|
|switch|p1a: Bisharp|Bisharp, F|150\/272
|turn|21
|
|move|p2a: keyblade|Thunder Wave|p1a: Bisharp
|-status|p1a: Bisharp|par
|move|p1a: Bisharp|Iron Head|p2a: keyblade
|-end|p2a: keyblade|Substitute
|-damage|p1a: Bisharp|123\/272 par|[from] item: Life Orb
|
|turn|22
|
|move|p2a: keyblade|Swagger|p1a: Bisharp
|-boost|p1a: Bisharp|atk|2
|-start|p1a: Bisharp|confusion
|-activate|p1a: Bisharp|confusion
|move|p1a: Bisharp|Iron Head|p2a: keyblade
|-damage|p2a: keyblade|0 fnt
|-damage|p1a: Bisharp|96\/272 par|[from] item: Life Orb
|faint|p2a: keyblade
|
|chat|benito camelo|u_u
|
|switch|p2a: Togekiss|Togekiss, F|374\/374
|-damage|p2a: Togekiss|281\/374|[from] Stealth Rock
|turn|23
|
|move|p2a: Togekiss|Defog|p1a: Bisharp
|-unboost|p1a: Bisharp|evasion|1
|-boost|p1a: Bisharp|atk|2|[from] ability: Defiant
|-sideend|p2: benito camelo|Stealth Rock|[from] move: Defog|[of] p2a: Togekiss
|-activate|p1a: Bisharp|confusion
|-damage|p1a: Bisharp|0 fnt|[from] confusion
|faint|p1a: Bisharp
|
|-heal|p2a: Togekiss|304\/374|[from] item: Leftovers
|chat|benito camelo|:3
|chat|j@bbathehut|wow haha
|
|switch|p1a: Tyranitar|Tyranitar, F|342\/342
|-weather|Sandstorm
|turn|24
|chat|benito camelo|DIEEE D:
|chat|benito camelo|xD
|
|-formechange|p1a: Tyranitar|Tyranitar-Mega
|message|Tyranitar has Mega Evolved into Mega Tyranitar!
|move|p1a: Tyranitar|Dragon Dance|p1a: Tyranitar
|-boost|p1a: Tyranitar|atk|1
|-boost|p1a: Tyranitar|spe|1
|move|p2a: Togekiss|Dazzling Gleam|p1a: Tyranitar
|-crit|p1a: Tyranitar
|-supereffective|p1a: Tyranitar
|-damage|p1a: Tyranitar|102\/342
|
|-weather|Sandstorm|[upkeep]
|-damage|p2a: Togekiss|281\/374|[from] sandstorm
|-heal|p2a: Togekiss|304\/374|[from] item: Leftovers
|turn|25
|
|move|p1a: Tyranitar|Rock Slide|p2a: Togekiss
|-supereffective|p2a: Togekiss
|-damage|p2a: Togekiss|0 fnt
|faint|p2a: Togekiss
|
|-weather|Sandstorm|[upkeep]
|
|switch|p2a: Landorus-Therian|Landorus-Therian, M|280\/320
|-ability|p2a: Landorus-Therian|Intimidate|[of] p1a: Tyranitar
|-unboost|p1a: Tyranitar|atk|1
|turn|26
|
|move|p2a: Landorus-Therian|Earthquake|p1a: Tyranitar
|-supereffective|p1a: Tyranitar
|-damage|p1a: Tyranitar|0 fnt
|faint|p1a: Tyranitar
|
|-weather|Sandstorm|[upkeep]
|chat|benito camelo|XDDD
|
|switch|p1a: Keldeo|Keldeo|217\/323 par
|turn|27
|chat|j@bbathehut|scarf >:C
|chat|benito camelo|GG
|chat|benito camelo|yhea :D
|
|move|p2a: Landorus-Therian|Earthquake|p1a: Keldeo
|-damage|p1a: Keldeo|0 fnt
|faint|p1a: Keldeo
|
|win|benito camelo
|raw|Ladder updating...
|raw|j@bbathehut's rating: 1475 &rarr; <strong>1458<\/strong><br \/>(-17 for losing)
|raw|benito camelo's rating: 1528 &rarr; <strong>1545<\/strong><br \/>(+17 for winning)
|chat|benito camelo|scarf FTW xD
|chat|j@bbathehut|gg