|join|Eslott
|join|benito camelo
|player|p1|Eslott|92
|player|p2|benito camelo|209
|gametype|singles
|gen|6
|tier|OU
|clearpoke
|poke|p1|Magnezone
|poke|p1|Snorlax, F
|poke|p1|Aerodactyl, F
|poke|p1|Aegislash, F
|poke|p1|Gliscor, M
|poke|p1|Delphox, F
|poke|p2|Greninja, M
|poke|p2|Mawile, M
|poke|p2|Mandibuzz, F
|poke|p2|Heatran, F
|poke|p2|Chansey, F
|poke|p2|Conkeldurr, M
|rule|Sleep Clause Mod: Limit one foe put to sleep
|rule|Species Clause: Limit one of each Pokemon
|rule|OHKO Clause: OHKO moves are banned
|rule|Moody Clause: Moody is banned
|rule|Evasion Moves Clause: Evasion moves are banned
|rule|Endless Battle Clause: Forcing endless battles is banned.
|rule|HP Percentage Mod: HP is reported as percentages
|teampreview
|
|start
|switch|p1a: Magnezone|Magnezone|281\/281
|switch|p2a: Greninja|Greninja, M|285\/285
|turn|1
|
|switch|p2a: Conkeldurr|Conkeldurr, M|414\/414
|move|p1a: Magnezone|Thunderbolt|p2a: Conkeldurr
|-damage|p2a: Conkeldurr|146\/414
|
|turn|2
|
|switch|p2a: Chansey|Chansey, F|704\/704
|move|p1a: Magnezone|Thunderbolt|p2a: Chansey
|-damage|p2a: Chansey|596\/704
|
|turn|3
|
|move|p1a: Magnezone|Thunder Wave|p2a: Chansey
|-status|p2a: Chansey|par
|move|p2a: Chansey|Seismic Toss|p1a: Magnezone
|-damage|p1a: Magnezone|181\/281
|
|turn|4
|
|switch|p1a: Aegislash|Aegislash, F|324\/324
|move|p2a: Chansey|Aromatherapy|p2a: Chansey
|-cureteam|p2a: Chansey|[from] move: Aromatherapy
|
|turn|5
|
|switch|p2a: Mandibuzz|Mandibuzz, F|424\/424
|-formechange|p1a: Aegislash|Aegislash-Blade
|move|p1a: Aegislash|Sacred Sword|p2a: Mandibuzz
|-damage|p2a: Mandibuzz|338\/424
|
|-heal|p2a: Mandibuzz|364\/424|[from] item: Leftovers
|turn|6
|
|switch|p1a: Magnezone|Magnezone|181\/281
|move|p2a: Mandibuzz|Taunt|p1a: Magnezone
|-start|p1a: Magnezone|move: Taunt
|
|-heal|p2a: Mandibuzz|390\/424|[from] item: Leftovers
|turn|7
|
|switch|p2a: Heatran|Heatran, F|386\/386
|move|p1a: Magnezone|Thunderbolt|p2a: Heatran
|-damage|p2a: Heatran|274\/386
|-status|p2a: Heatran|par
|
|-heal|p2a: Heatran|298\/386 par|[from] item: Leftovers
|turn|8
|
|move|p1a: Magnezone|Hidden Power|p2a: Heatran
|-crit|p2a: Heatran
|-supereffective|p2a: Heatran
|-damage|p2a: Heatran|0 fnt
|faint|p2a: Heatran
|
|
|switch|p2a: Chansey|Chansey, F|596\/704
|turn|9
|
|switch|p1a: Aegislash|Aegislash, F|324\/324
|move|p2a: Chansey|Seismic Toss|p1a: Aegislash
|-immune|p1a: Aegislash|[msg]
|
|turn|10
|
|switch|p1a: Gliscor|Gliscor, M|291\/291
|switch|p2a: Mandibuzz|Mandibuzz, F|390\/424
|
|-heal|p2a: Mandibuzz|416\/424|[from] item: Leftovers
|-status|p1a: Gliscor|tox|[from] item: Toxic Orb
|turn|11
|
|move|p1a: Gliscor|Stone Edge|p2a: Mandibuzz
|-supereffective|p2a: Mandibuzz
|-damage|p2a: Mandibuzz|284\/424
|move|p2a: Mandibuzz|Taunt|p1a: Gliscor
|-start|p1a: Gliscor|move: Taunt
|
|-heal|p2a: Mandibuzz|310\/424|[from] item: Leftovers
|turn|12
|
|switch|p2a: Greninja|Greninja, M|285\/285
|move|p1a: Gliscor|Stone Edge|p2a: Greninja|[miss]
|-miss|p1a: Gliscor|p2a: Greninja
|
|turn|13
|
|switch|p1a: Magnezone|Magnezone|181\/281
|-start|p2a: Greninja|typechange|Water|[from] Protean
|move|p2a: Greninja|Hydro Pump|p1a: Magnezone|[miss]
|-miss|p2a: Greninja|p1a: Magnezone
|
|turn|14
|
|move|p2a: Greninja|Hydro Pump|p1a: Magnezone
|-damage|p1a: Magnezone|0 fnt
|-damage|p2a: Greninja|257\/285|[from] item: Life Orb
|faint|p1a: Magnezone
|
|
|switch|p1a: Aerodactyl|Aerodactyl, F|301\/301
|turn|15
|
|switch|p2a: Mandibuzz|Mandibuzz, F|310\/424
|detailschange|p1a: Aerodactyl|Aerodactyl-Mega, F
|message|Aerodactyl has Mega Evolved into Mega Aerodactyl!
|move|p1a: Aerodactyl|Double-Edge|p2a: Mandibuzz
|-damage|p2a: Mandibuzz|155\/424
|-damage|p1a: Aerodactyl|250\/301|[from] recoil|[of] p2a: Mandibuzz
|
|-heal|p2a: Mandibuzz|181\/424|[from] item: Leftovers
|turn|16
|
|move|p1a: Aerodactyl|Stone Edge|p2a: Mandibuzz
|-supereffective|p2a: Mandibuzz
|-damage|p2a: Mandibuzz|0 fnt
|faint|p2a: Mandibuzz
|
|
|switch|p2a: Mawile|Mawile, M|304\/304
|turn|17
|
|switch|p1a: Delphox|Delphox, F|291\/291
|detailschange|p2a: Mawile|Mawile-Mega, M
|message|Mawile has Mega Evolved into Mega Mawile!
|move|p2a: Mawile|Sucker Punch|p1a: Delphox
|-fail|p1a: Delphox
|
|turn|18
|
|switch|p2a: Chansey|Chansey, F|596\/704
|move|p1a: Delphox|Flamethrower|p2a: Chansey
|-damage|p2a: Chansey|497\/704
|
|turn|19
|
|switch|p1a: Aegislash|Aegislash, F|324\/324
|move|p2a: Chansey|Seismic Toss|p1a: Aegislash
|-immune|p1a: Aegislash|[msg]
|
|turn|20
|
|switch|p2a: Mawile|Mawile-Mega, M|304\/304
|-formechange|p1a: Aegislash|Aegislash-Blade
|move|p1a: Aegislash|Sacred Sword|p2a: Mawile
|-crit|p2a: Mawile
|-damage|p2a: Mawile|135\/304
|
|turn|21
|
|move|p1a: Aegislash|Sacred Sword|p2a: Mawile
|-damage|p2a: Mawile|23\/304
|move|p2a: Mawile|Swords Dance|p2a: Mawile
|-boost|p2a: Mawile|atk|2
|
|turn|22
|leave|benito camelo
|player|p2
|-message|Player 2 lost due to inactivity.
|
|win|Eslott
|join|PlushDevil
|leave|PlushDevil