|join|benito camelo
|join|BigSpore
|player|p1|benito camelo|209
|player|p2|BigSpore|93
|gametype|singles
|gen|6
|tier|OU
|clearpoke
|poke|p1|Venusaur, F
|poke|p1|Excadrill, F
|poke|p1|Rotom-Wash
|poke|p1|Heatran, M
|poke|p1|Azumarill, F
|poke|p1|Clefable, F
|poke|p2|Manectric, M, shiny
|poke|p2|Landorus-Therian, M
|poke|p2|Keldeo-Resolute
|poke|p2|Latios, M
|poke|p2|Mew, shiny
|poke|p2|Staraptor, F, shiny
|rule|Swagger Clause: Swagger is banned
|rule|Baton Pass Clause: Limit one PokÃ©mon knowing Baton Pass
|rule|Sleep Clause Mod: Limit one foe put to sleep
|rule|Species Clause: Limit one of each PokÃ©mon
|rule|OHKO Clause: OHKO moves are banned
|rule|Moody Clause: Moody is banned
|rule|Evasion Moves Clause: Evasion moves are banned
|rule|Endless Battle Clause: Forcing endless battles is banned
|rule|HP Percentage Mod: HP is shown in percentages
|teampreview
|c|âBigSpore|Ese equipo de mierda
|c|âBigSpore|te odio
|c|âbenito camelo|que wueba mew -.-
|c|âBigSpore|La neta que chinga tu madre
|c|âBigSpore|Said puto
|
|start
|switch|p1a: Rotom-Wash|Rotom-Wash|241\/241
|switch|p2a: Bird Cannon|Staraptor, F, shiny|312\/312
|turn|1
|
|switch|p2a: Bravo|Manectric, M, shiny|281\/281
|move|p1a: Rotom-Wash|Volt Switch|p2a: Bravo
|-boost|p2a: Bravo|spa|1|[from] ability: Lightningrod
|
|turn|2
|c|âbenito camelo|olvide eso xd
|
|switch|p1a: Heatran|Heatran, M|385\/385
|detailschange|p2a: Bravo|Manectric-Mega, M, shiny
|message|Manectric has Mega Evolved into Mega Manectric!
|-ability|p2a: Bravo|Intimidate|[of] p1a: Heatran
|-unboost|p1a: Heatran|atk|1
|move|p2a: Bravo|Volt Switch|p1a: Heatran
|-damage|p1a: Heatran|241\/385
|
|switch|p2a: Bird Cannon|Staraptor, F, shiny|312\/312
|
|-heal|p1a: Heatran|265\/385|[from] item: Leftovers
|turn|3
|
|move|p1a: Heatran|Protect|p1a: Heatran
|-singleturn|p1a: Heatran|Protect
|move|p2a: Bird Cannon|Close Combat|p1a: Heatran
|-activate|p1a: Heatran|Protect
|
|-heal|p1a: Heatran|289\/385|[from] item: Leftovers
|turn|4
|
|switch|p2a: Bravo|Manectric-Mega, M, shiny|281\/281
|-ability|p2a: Bravo|Intimidate|[of] p1a: Heatran
|-unboost|p1a: Heatran|atk|1
|switch|p1a: Clefable|Clefable, F|394\/394
|
|turn|5
|c|âbenito camelo|e.e
|
|move|p2a: Bravo|Thunderbolt|p1a: Clefable
|-damage|p1a: Clefable|229\/394
|move|p1a: Clefable|Moonblast|p2a: Bravo
|-damage|p2a: Bravo|163\/281
|
|-heal|p1a: Clefable|253\/394|[from] item: Leftovers
|turn|6
|
|switch|p1a: Excadrill|Excadrill, F|391\/391
|-ability|p1a: Excadrill|Mold Breaker
|move|p2a: Bravo|Volt Switch|p1a: Excadrill
|-immune|p1a: Excadrill|[msg]
|
|turn|7
|c|âBigSpore|A ver pedazo de mieda
|c|âbenito camelo|:^)
|c|âBigSpore|:c
|
|move|p2a: Bravo|Overheat|p1a: Excadrill
|-supereffective|p1a: Excadrill
|-damage|p1a: Excadrill|75\/391
|-unboost|p2a: Bravo|spa|2
|move|p1a: Excadrill|Earthquake|p2a: Bravo
|-supereffective|p2a: Bravo
|-damage|p2a: Bravo|0 fnt
|faint|p2a: Bravo
|
|c|âbenito camelo|:c
|c|âBigSpore|EWE NO
|c|âBigSpore|EL ASSAULT VEST
|c|âbenito camelo|asault vest
|c|âBigSpore|SE ME OLVIDÃ AHAHAHA
|c|âbenito camelo|que decias
|c|âbenito camelo|de que no
|c|âbenito camelo|servia
|
|switch|p2a: YOGURT|Landorus-Therian, M|320\/320
|-ability|p2a: YOGURT|Intimidate|[of] p1a: Excadrill
|-unboost|p1a: Excadrill|atk|1
|turn|8
|c|âbenito camelo|:@
|c|âbenito camelo|xD
|
|switch|p1a: Rotom-Wash|Rotom-Wash|241\/241
|move|p2a: YOGURT|Stealth Rock|p1a: Rotom-Wash
|-sidestart|p1: benito camelo|move: Stealth Rock
|
|turn|9
|c|âBigSpore|No dije que no
|c|âBigSpore|hace nos parotes
|
|switch|p2a: Mewspaper|Mew, shiny|404\/404
|move|p1a: Rotom-Wash|Hidden Power|p2a: Mewspaper
|-damage|p2a: Mewspaper|359\/404
|
|-heal|p2a: Mewspaper|384\/404|[from] item: Leftovers
|turn|10
|
|switch|p1a: Excadrill|Excadrill, F|75\/391
|-damage|p1a: Excadrill|63\/391|[from] Stealth Rock
|-ability|p1a: Excadrill|Mold Breaker
|move|p2a: Mewspaper|Knock Off|p1a: Excadrill
|-damage|p1a: Excadrill|0 fnt
|-enditem|p1a: Excadrill|Assault Vest|[from] move: Knock Off|[of] p2a: Mewspaper
|faint|p1a: Excadrill
|
|-heal|p2a: Mewspaper|404\/404|[from] item: Leftovers
|c|âBigSpore|Putizx que t emtÃ­
|
|switch|p1a: Azumarill|Azumarill, F|363\/363
|-damage|p1a: Azumarill|318\/363|[from] Stealth Rock
|turn|11
|c|âbenito camelo|:@
|
|move|p2a: Mewspaper|Will-O-Wisp|p1a: Azumarill
|-status|p1a: Azumarill|brn
|move|p1a: Azumarill|Waterfall|p2a: Mewspaper
|-damage|p2a: Mewspaper|266\/404
|
|-heal|p2a: Mewspaper|291\/404|[from] item: Leftovers
|-damage|p1a: Azumarill|273\/363 brn|[from] brn
|turn|12
|c|âbenito camelo|aac
|c|âbenito camelo|como enfadas
|c|âbenito camelo|xD
|
|switch|p1a: Rotom-Wash|Rotom-Wash|241\/241
|-damage|p1a: Rotom-Wash|211\/241|[from] Stealth Rock
|move|p2a: Mewspaper|Knock Off|p1a: Rotom-Wash
|-damage|p1a: Rotom-Wash|142\/241
|-enditem|p1a: Rotom-Wash|Choice Scarf|[from] move: Knock Off|[of] p2a: Mewspaper
|
|-heal|p2a: Mewspaper|316\/404|[from] item: Leftovers
|turn|13
|c|âBigSpore|mew ftw
|
|move|p1a: Rotom-Wash|Hydro Pump|p2a: Mewspaper
|-damage|p2a: Mewspaper|202\/404
|move|p2a: Mewspaper|Taunt|p1a: Rotom-Wash
|-start|p1a: Rotom-Wash|move: Taunt
|
|-heal|p2a: Mewspaper|227\/404|[from] item: Leftovers
|turn|14
|
|move|p1a: Rotom-Wash|Hydro Pump|p2a: Mewspaper
|-damage|p2a: Mewspaper|101\/404
|move|p2a: Mewspaper|Will-O-Wisp|p1a: Rotom-Wash
|-status|p1a: Rotom-Wash|brn
|
|-heal|p2a: Mewspaper|126\/404|[from] item: Leftovers
|-damage|p1a: Rotom-Wash|112\/241 brn|[from] brn
|turn|15
|c|âBigSpore|ewe que hice AHAHAHA
|
|move|p1a: Rotom-Wash|Hydro Pump|p2a: Mewspaper
|-damage|p2a: Mewspaper|0 fnt
|faint|p2a: Mewspaper
|
|-damage|p1a: Rotom-Wash|82\/241 brn|[from] brn
|c|âbenito camelo|morir
|c|âBigSpore|QUE FALSO
|c|âBigSpore|TENIA 32
|
|switch|p2a: Not a Brony|Keldeo-Resolute|323\/323
|turn|16
|
|move|p2a: Not a Brony|Scald|p1a: Rotom-Wash
|-resisted|p1a: Rotom-Wash
|-damage|p1a: Rotom-Wash|0 fnt
|faint|p1a: Rotom-Wash
|
|
|switch|p1a: Venusaur|Venusaur, F|364\/364
|-damage|p1a: Venusaur|319\/364|[from] Stealth Rock
|turn|17
|
|switch|p2a: NoNeedEvs|Latios, M|302\/302
|detailschange|p1a: Venusaur|Venusaur-Mega, F
|message|Venusaur has Mega Evolved into Mega Venusaur!
|move|p1a: Venusaur|Sleep Powder|p2a: NoNeedEvs
|-status|p2a: NoNeedEvs|slp
|
|turn|18
|
|switch|p2a: YOGURT|Landorus-Therian, M|320\/320
|-ability|p2a: YOGURT|Intimidate|[of] p1a: Venusaur
|-unboost|p1a: Venusaur|atk|1
|switch|p1a: Clefable|Clefable, F|253\/394
|-damage|p1a: Clefable|204\/394|[from] Stealth Rock
|
|-heal|p1a: Clefable|228\/394|[from] item: Leftovers
|turn|19
|
|move|p1a: Clefable|Protect|p1a: Clefable
|-singleturn|p1a: Clefable|Protect
|move|p2a: YOGURT|U-turn|p1a: Clefable
|-activate|p1a: Clefable|Protect
|
|-heal|p1a: Clefable|252\/394|[from] item: Leftovers
|turn|20
|
|move|p2a: YOGURT|U-turn|p1a: Clefable
|-resisted|p1a: Clefable
|-damage|p1a: Clefable|215\/394
|
|switch|p2a: Bird Cannon|Staraptor, F, shiny|312\/312
|move|p1a: Clefable|Wish|p1a: Clefable
|
|-heal|p1a: Clefable|239\/394|[from] item: Leftovers
|turn|21
|c|âbenito camelo|yuo can
|c|âbenito camelo|can't 
|c|âbenito camelo|you*
|c|âbenito camelo|xD
|c|âbenito camelo|kill this
|
|move|p1a: Clefable|Protect|p1a: Clefable
|-singleturn|p1a: Clefable|Protect
|move|p2a: Bird Cannon|Double-Edge|p1a: Clefable
|-activate|p1a: Clefable|Protect
|
|-heal|p1a: Clefable|394\/394|[from] move: Wish|[wisher] Clefable
|turn|22
|c|âBigSpore|Aprende a escribir a la verga AHAHAHA
|c|âbenito camelo|jajaja
|c|âbenito camelo|callate
|
|switch|p2a: YOGURT|Landorus-Therian, M|320\/320
|-ability|p2a: YOGURT|Intimidate|[of] p1a: Clefable
|-unboost|p1a: Clefable|atk|1
|move|p1a: Clefable|Moonblast|p2a: YOGURT
|-damage|p2a: YOGURT|182\/320
|
|turn|23
|c|âbenito camelo|bueno
|c|âbenito camelo|es band
|c|âbenito camelo|:v
|
|move|p2a: YOGURT|Earthquake|p1a: Clefable
|-damage|p1a: Clefable|213\/394
|move|p1a: Clefable|Wish|p1a: Clefable
|
|-heal|p1a: Clefable|237\/394|[from] item: Leftovers
|turn|24
|c|âBigSpore|la verguiza AHAHA
|
|switch|p2a: Bird Cannon|Staraptor, F, shiny|312\/312
|move|p1a: Clefable|Heal Bell|p1a: Clefable
|-cureteam|p1a: Clefable|[from] move: HealBell
|
|-heal|p1a: Clefable|394\/394|[from] move: Wish|[wisher] Clefable
|turn|25
|c|âbenito camelo|O:
|c|âbenito camelo|xD
|
|move|p1a: Clefable|Protect|p1a: Clefable
|-singleturn|p1a: Clefable|Protect
|move|p2a: Bird Cannon|Double-Edge|p1a: Clefable
|-activate|p1a: Clefable|Protect
|
|turn|26
|
|move|p2a: Bird Cannon|Double-Edge|p1a: Clefable
|-damage|p1a: Clefable|73\/394
|-damage|p2a: Bird Cannon|206\/312|[from] recoil|[of] p1a: Clefable
|move|p1a: Clefable|Moonblast|p2a: Bird Cannon
|-damage|p2a: Bird Cannon|38\/312
|
|-heal|p1a: Clefable|97\/394|[from] item: Leftovers
|turn|27
|
|switch|p2a: YOGURT|Landorus-Therian, M|182\/320
|-ability|p2a: YOGURT|Intimidate|[of] p1a: Clefable
|-unboost|p1a: Clefable|atk|1
|move|p1a: Clefable|Wish|p1a: Clefable
|
|-heal|p1a: Clefable|121\/394|[from] item: Leftovers
|turn|28
|c|âbenito camelo|lo sabia
|c|âbenito camelo|XD
|c|âBigSpore|SAID PEDAZO DE MIEDA
|
|switch|p2a: Bird Cannon|Staraptor, F, shiny|38\/312
|move|p1a: Clefable|Protect|p1a: Clefable
|-fail|p1a: Clefable
|
|-heal|p1a: Clefable|318\/394|[from] move: Wish|[wisher] Clefable
|-heal|p1a: Clefable|342\/394|[from] item: Leftovers
|turn|29
|c|âBigSpore|JUEGA COMO UNA PERDSONA NORMAL
|c|âbenito camelo|eso hize
|c|âbenito camelo|me arreige
|c|âbenito camelo|xD
|
|move|p1a: Clefable|Protect|p1a: Clefable
|-singleturn|p1a: Clefable|Protect
|move|p2a: Bird Cannon|Double-Edge|p1a: Clefable
|-activate|p1a: Clefable|Protect
|
|-heal|p1a: Clefable|366\/394|[from] item: Leftovers
|turn|30
|
|switch|p1a: Heatran|Heatran, M|289\/385
|-damage|p1a: Heatran|241\/385|[from] Stealth Rock
|move|p2a: Bird Cannon|Double-Edge|p1a: Heatran
|-resisted|p1a: Heatran
|-damage|p1a: Heatran|55\/385
|-damage|p2a: Bird Cannon|0 fnt|[from] recoil|[of] p1a: Heatran
|faint|p2a: Bird Cannon
|
|-heal|p1a: Heatran|79\/385|[from] item: Leftovers
|c|âbenito camelo|alm
|c|âBigSpore|staraptor
|c|âBigSpore|es uan pendejadota
|c|âbenito camelo|como quita
|
|switch|p2a: NoNeedEvs|Latios, M|302\/302 slp
|turn|31
|
|cant|p2a: NoNeedEvs|slp
|move|p1a: Heatran|Stealth Rock|p2a: NoNeedEvs
|-sidestart|p2: BigSpore|move: Stealth Rock
|
|-heal|p1a: Heatran|103\/385|[from] item: Leftovers
|turn|32
|
|switch|p1a: Clefable|Clefable, F|366\/394
|-damage|p1a: Clefable|317\/394|[from] Stealth Rock
|cant|p2a: NoNeedEvs|slp
|
|-heal|p1a: Clefable|341\/394|[from] item: Leftovers
|turn|33
|
|cant|p2a: NoNeedEvs|slp
|move|p1a: Clefable|Moonblast|p2a: NoNeedEvs
|-supereffective|p2a: NoNeedEvs
|-damage|p2a: NoNeedEvs|104\/302 slp
|
|-heal|p1a: Clefable|365\/394|[from] item: Leftovers
|turn|34
|c|âbenito camelo|IZIZ
|c|âBigSpore|ewe son mamadas
|c|âbenito camelo|IZIZ
|c|âbenito camelo|IZI
|
|-curestatus|p2a: NoNeedEvs|slp
|move|p2a: NoNeedEvs|Roost|p2a: NoNeedEvs
|-heal|p2a: NoNeedEvs|255\/302
|move|p1a: Clefable|Moonblast|p2a: NoNeedEvs
|-supereffective|p2a: NoNeedEvs
|-damage|p2a: NoNeedEvs|39\/302
|-unboost|p2a: NoNeedEvs|spa|1
|
|-heal|p1a: Clefable|389\/394|[from] item: Leftovers
|turn|35
|
|move|p2a: NoNeedEvs|Defog|p1a: Clefable
|-unboost|p1a: Clefable|evasion|1
|-sideend|p1: benito camelo|Stealth Rock|[from] move: Defog|[of] p1a: Clefable
|-sideend|p2: BigSpore|Stealth Rock|[from] move: Defog|[of] p2a: NoNeedEvs
|move|p1a: Clefable|Moonblast|p2a: NoNeedEvs
|-supereffective|p2a: NoNeedEvs
|-damage|p2a: NoNeedEvs|0 fnt
|faint|p2a: NoNeedEvs
|
|-heal|p1a: Clefable|394\/394|[from] item: Leftovers
|
|switch|p2a: Not a Brony|Keldeo-Resolute|323\/323
|turn|36
|
|move|p2a: Not a Brony|Hydro Pump|p1a: Clefable
|-damage|p1a: Clefable|72\/394
|move|p1a: Clefable|Moonblast|p2a: Not a Brony
|-supereffective|p2a: Not a Brony
|-damage|p2a: Not a Brony|101\/323
|
|-heal|p1a: Clefable|96\/394|[from] item: Leftovers
|turn|37
|c|âBigSpore|FUE PO TUS HACKS HIJO DE PUTA
|
|switch|p2a: YOGURT|Landorus-Therian, M|182\/320
|-ability|p2a: YOGURT|Intimidate|[of] p1a: Clefable
|-unboost|p1a: Clefable|atk|1
|switch|p1a: Venusaur|Venusaur-Mega, F|319\/364
|
|turn|38
|c|âbenito camelo|:v
|c|âbenito camelo|mi r4
|c|âbenito camelo|funciona
|c|âbenito camelo|:'D
|
|move|p2a: YOGURT|Earthquake|p1a: Venusaur
|-damage|p1a: Venusaur|199\/364
|move|p1a: Venusaur|Giga Drain|p2a: YOGURT
|-damage|p2a: YOGURT|55\/320
|-heal|p1a: Venusaur|263\/364|[from] drain|[of] p2a: YOGURT
|
|turn|39
|c|âbenito camelo|lastima
|leave|BigSpore
|player|p2
|-message|Player 2 lost due to inactivity.
|
|win|benito camelo