|join|benito camelo
|join|Cujo7429
|player|p1|benito camelo|209
|player|p2|Cujo7429|153
|gametype|singles
|gen|6
|tier|OU
|rated
|clearpoke
|poke|p1|Ferrothorn, M, shiny
|poke|p1|Slowbro, F, shiny
|poke|p1|Bisharp, M, shiny
|poke|p1|Manectric, F, shiny
|poke|p1|Mew, shiny
|poke|p1|Landorus-Therian, M, shiny
|poke|p2|Tyranitar, M
|poke|p2|Excadrill, F
|poke|p2|Keldeo
|poke|p2|Lopunny, M
|poke|p2|Celebi
|poke|p2|Talonflame, M
|rule|Swagger Clause: Swagger is banned
|rule|Baton Pass Clause: Limit one PokÃ©mon knowing Baton Pass
|rule|Sleep Clause Mod: Limit one foe put to sleep
|rule|Species Clause: Limit one of each PokÃ©mon
|rule|OHKO Clause: OHKO moves are banned
|rule|Moody Clause: Moody is banned
|rule|Evasion Moves Clause: Evasion moves are banned
|rule|Endless Battle Clause: Forcing endless battles is banned
|rule|HP Percentage Mod: HP is shown in percentages
|teampreview
|c|âCujo7429|good luck
|c|âbenito camelo|you too
|
|start
|switch|p1a: lolipop 3.0|Landorus-Therian, M, shiny|319\/319
|switch|p2a: Keldeo|Keldeo|323\/323
|-ability|p1a: lolipop 3.0|Intimidate|[of] p2a: Keldeo
|-unboost|p2a: Keldeo|atk|1
|turn|1
|
|switch|p1a: foolbro|Slowbro, F, shiny|394\/394
|move|p2a: Keldeo|Scald|p1a: foolbro
|-resisted|p1a: foolbro
|-damage|p1a: foolbro|309\/394
|
|-heal|p1a: foolbro|333\/394|[from] item: Leftovers
|turn|2
|
|switch|p2a: Celebi|Celebi|396\/396
|move|p1a: foolbro|Thunder Wave|p2a: Celebi
|-status|p2a: Celebi|par
|
|-heal|p1a: foolbro|357\/394|[from] item: Leftovers
|turn|3
|
|switch|p1a: bold|Manectric, F, shiny|281\/281
|move|p2a: Celebi|Earth Power|p1a: bold
|-supereffective|p1a: bold
|-damage|p1a: bold|0 fnt
|faint|p1a: bold
|
|c|âbenito camelo|lol
|c|âCujo7429|woah lol
|
|switch|p1a: hit me|Ferrothorn, M, shiny|352\/352
|turn|4
|c|âbenito camelo|sub+baton pass for talonflame
|
|switch|p2a: Tyranitar|Tyranitar, M|403\/403
|-weather|Sandstorm
|move|p1a: hit me|Stealth Rock|p2a: Tyranitar
|-sidestart|p2: Cujo7429|move: Stealth Rock
|
|-weather|Sandstorm|[upkeep]
|turn|5
|c|âCujo7429|talon gets bp? lmao
|
|move|p2a: Tyranitar|Stealth Rock|p1a: hit me
|-sidestart|p1: benito camelo|move: Stealth Rock
|move|p1a: hit me|Leech Seed|p2a: Tyranitar
|-start|p2a: Tyranitar|move: Leech Seed
|
|-weather|Sandstorm|[upkeep]
|-damage|p2a: Tyranitar|353\/403|[from] Leech Seed|[of] p1a: hit me
|turn|6
|
|switch|p2a: Celebi|Celebi|396\/396
|-damage|p2a: Celebi|347\/396|[from] Stealth Rock
|move|p1a: hit me|Gyro Ball|p2a: Celebi
|-damage|p2a: Celebi|188\/396
|
|-weather|Sandstorm|[upkeep]
|-damage|p2a: Celebi|164\/396|[from] sandstorm
|-heal|p2a: Celebi|188\/396|[from] item: Leftovers
|turn|7
|
|move|p2a: Celebi|Nasty Plot|p2a: Celebi
|-boost|p2a: Celebi|spa|2
|move|p1a: hit me|Gyro Ball|p2a: Celebi
|-damage|p2a: Celebi|14\/396
|
|-weather|Sandstorm|[upkeep]
|-damage|p2a: Celebi|0 fnt|[from] sandstorm
|faint|p2a: Celebi
|
|switch|p2a: Excadrill|Excadrill, F|361\/361
|-damage|p2a: Excadrill|350\/361|[from] Stealth Rock
|turn|8
|
|move|p2a: Excadrill|Earthquake|p1a: hit me
|-damage|p1a: hit me|180\/352
|-damage|p2a: Excadrill|314\/361|[from] item: Life Orb
|move|p1a: hit me|Leech Seed|p2a: Excadrill|[miss]
|-miss|p1a: hit me|p2a: Excadrill
|
|-weather|Sandstorm|[upkeep]
|-heal|p1a: hit me|202\/352|[from] item: Leftovers
|turn|9
|
|switch|p1a: lolipop 3.0|Landorus-Therian, M, shiny|319\/319
|-damage|p1a: lolipop 3.0|280\/319|[from] Stealth Rock
|-ability|p1a: lolipop 3.0|Intimidate|[of] p2a: Excadrill
|-unboost|p2a: Excadrill|atk|1
|move|p2a: Excadrill|Earthquake|p1a: lolipop 3.0
|-immune|p1a: lolipop 3.0|[msg]
|
|-weather|Sandstorm|[upkeep]
|turn|10
|
|move|p2a: Excadrill|Iron Head|p1a: lolipop 3.0
|-damage|p1a: lolipop 3.0|132\/319
|-damage|p2a: Excadrill|278\/361|[from] item: Life Orb
|move|p1a: lolipop 3.0|Superpower|p2a: Excadrill
|-supereffective|p2a: Excadrill
|-damage|p2a: Excadrill|0 fnt
|-unboost|p1a: lolipop 3.0|atk|1
|-unboost|p1a: lolipop 3.0|def|1
|faint|p2a: Excadrill
|
|-weather|Sandstorm|[upkeep]
|
|switch|p2a: Lopunny|Lopunny, M|271\/271
|-damage|p2a: Lopunny|238\/271|[from] Stealth Rock
|turn|11
|
|switch|p1a: biocat|Mew, shiny|404\/404
|-damage|p1a: biocat|354\/404|[from] Stealth Rock
|detailschange|p2a: Lopunny|Lopunny-Mega, M
|-mega|p2a: Lopunny|Lopunny|Lopunnite
|move|p2a: Lopunny|Fake Out|p1a: biocat
|-damage|p1a: biocat|297\/404
|
|-weather|none
|-heal|p1a: biocat|322\/404|[from] item: Leftovers
|turn|12
|
|switch|p2a: Talonflame|Talonflame, M|297\/297
|-damage|p2a: Talonflame|149\/297|[from] Stealth Rock
|move|p1a: biocat|Will-O-Wisp|p2a: Talonflame
|-fail|p2a: Talonflame
|
|-heal|p1a: biocat|347\/404|[from] item: Leftovers
|turn|13
|
|move|p2a: Talonflame|Roost|p2a: Talonflame
|-heal|p2a: Talonflame|297\/297
|move|p1a: biocat|Knock Off|p2a: Talonflame
|-damage|p2a: Talonflame|187\/297
|-enditem|p2a: Talonflame|Sharp Beak|[from] move: Knock Off|[of] p1a: biocat
|
|-heal|p1a: biocat|372\/404|[from] item: Leftovers
|turn|14
|
|switch|p1a: lolipop 3.0|Landorus-Therian, M, shiny|132\/319
|-damage|p1a: lolipop 3.0|93\/319|[from] Stealth Rock
|-ability|p1a: lolipop 3.0|Intimidate|[of] p2a: Talonflame
|-unboost|p2a: Talonflame|atk|1
|move|p2a: Talonflame|Swords Dance|p2a: Talonflame
|-boost|p2a: Talonflame|atk|2
|
|turn|15
|
|move|p2a: Talonflame|Brave Bird|p1a: lolipop 3.0
|-damage|p1a: lolipop 3.0|0 fnt
|-damage|p2a: Talonflame|156\/297|[from] recoil|[of] p1a: lolipop 3.0
|faint|p1a: lolipop 3.0
|
|
|switch|p1a: foolbro|Slowbro, F, shiny|394\/394
|-damage|p1a: foolbro|345\/394|[from] Stealth Rock
|turn|16
|
|move|p2a: Talonflame|Roost|p2a: Talonflame
|-heal|p2a: Talonflame|297\/297
|move|p1a: foolbro|Scald|p2a: Talonflame
|-supereffective|p2a: Talonflame
|-damage|p2a: Talonflame|61\/297
|
|-heal|p1a: foolbro|369\/394|[from] item: Leftovers
|turn|17
|
|move|p2a: Talonflame|Brave Bird|p1a: foolbro
|-damage|p1a: foolbro|222\/394
|-damage|p2a: Talonflame|12\/297|[from] recoil|[of] p1a: foolbro
|move|p1a: foolbro|Scald|p2a: Talonflame
|-supereffective|p2a: Talonflame
|-damage|p2a: Talonflame|0 fnt
|faint|p2a: Talonflame
|
|-heal|p1a: foolbro|246\/394|[from] item: Leftovers
|
|switch|p2a: Lopunny|Lopunny-Mega, M|238\/271
|-damage|p2a: Lopunny|222\/271|[from] Stealth Rock
|turn|18
|
|switch|p1a: hit me|Ferrothorn, M, shiny|202\/352
|-damage|p1a: hit me|180\/352|[from] Stealth Rock
|move|p2a: Lopunny|Fake Out|p1a: hit me
|-resisted|p1a: hit me
|-damage|p1a: hit me|157\/352
|-damage|p2a: Lopunny|189\/271|[from] ability: Iron Barbs|[of] p1a: hit me
|
|-heal|p1a: hit me|179\/352|[from] item: Leftovers
|turn|19
|
|move|p1a: hit me|Protect|p1a: hit me
|-singleturn|p1a: hit me|Protect
|move|p2a: Lopunny|High Jump Kick|p1a: hit me
|-activate|p1a: hit me|Protect
|-damage|p2a: Lopunny|54\/271|[from] highjumpkick
|
|-heal|p1a: hit me|201\/352|[from] item: Leftovers
|turn|20
|
|move|p1a: hit me|Protect|p1a: hit me
|-singleturn|p1a: hit me|Protect
|move|p2a: Lopunny|High Jump Kick|p1a: hit me
|-activate|p1a: hit me|Protect
|-damage|p2a: Lopunny|0 fnt|[from] highjumpkick
|faint|p2a: Lopunny
|
|-heal|p1a: hit me|223\/352|[from] item: Leftovers
|c|âbenito camelo|;)
|-message|Cujo7429 forfeited.
|leave|Cujo7429
|
|win|benito camelo
|raw|Ladder updating...
|player|p2
|raw|benito camelo's rating: 1593 &rarr; <strong>1609<\/strong><br \/>(+16 for winning)
|raw|Cujo7429's rating: 1522 &rarr; <strong>1506<\/strong><br \/>(-16 for losing)