|join|alka
|join|benito camelo
|player|p1|alka|101
|player|p2|benito camelo|209
|gametype|singles
|gen|6
|tier|OU
|clearpoke
|poke|p1|Volcarona, M
|poke|p1|Slowbro, M
|poke|p1|Breloom, M
|poke|p1|Charizard, M
|poke|p1|Empoleon, M
|poke|p1|Espeon, M
|poke|p2|Venusaur, F
|poke|p2|Heatran, F, shiny
|poke|p2|Chansey, F
|poke|p2|Skarmory, F
|poke|p2|Manaphy
|poke|p2|Bisharp, M
|rule|Swagger Clause: Swagger is banned
|rule|Baton Pass Clause: Limit one PokÃ©mon knowing Baton Pass
|rule|Sleep Clause Mod: Limit one foe put to sleep
|rule|Species Clause: Limit one of each PokÃ©mon
|rule|OHKO Clause: OHKO moves are banned
|rule|Moody Clause: Moody is banned
|rule|Evasion Moves Clause: Evasion moves are banned
|rule|Endless Battle Clause: Forcing endless battles is banned
|rule|HP Percentage Mod: HP is shown in percentages
|teampreview
|
|start
|switch|p1a: Empoleon|Empoleon, M|372\/372
|switch|p2a: microwave|Heatran, F, shiny|386\/386
|turn|1
|
|switch|p2a: the wife of devil|Chansey, F|642\/642
|switch|p1a: Espeon|Espeon, M|271\/271
|
|turn|2
|
|switch|p2a: Bisharp|Bisharp, M|319\/319
|move|p1a: Espeon|Reflect|p1a: Espeon
|-sidestart|p1: alka|Reflect
|
|turn|3
|
|move|p1a: Espeon|Hidden Power|p2a: Bisharp
|-supereffective|p2a: Bisharp
|-damage|p2a: Bisharp|199\/319
|move|p2a: Bisharp|Pursuit|p1a: Espeon
|-supereffective|p1a: Espeon
|-damage|p1a: Espeon|168\/271
|
|turn|4
|c|âbenito camelo|corre
|c|âbenito camelo|nene
|
|move|p1a: Espeon|Hidden Power|p2a: Bisharp
|-supereffective|p2a: Bisharp
|-damage|p2a: Bisharp|79\/319
|move|p2a: Bisharp|Knock Off|p1a: Espeon
|-crit|p1a: Espeon
|-supereffective|p1a: Espeon
|-damage|p1a: Espeon|0 fnt
|-enditem|p1a: Espeon|Light Clay|[from] move: Knock Off|[of] p2a: Bisharp
|faint|p1a: Espeon
|
|
|switch|p1a: Breloom|Breloom, M|324\/324
|turn|5
|c|âbenito camelo|;#
|c|âalka|valio verga
|c|âalka|ese ekipo ke tienes
|c|âalka|me da rape con venasaur
|
|switch|p2a: selvaria|Venusaur, F|359\/359
|switch|p1a: Empoleon|Empoleon, M|372\/372
|
|turn|6
|
|detailschange|p2a: selvaria|Venusaur-Mega, F
|-mega|p2a: selvaria|Venusaur|Venusaurite
|move|p2a: selvaria|Giga Drain|p1a: Empoleon
|-damage|p1a: Empoleon|267\/372
|move|p1a: Empoleon|Whirlpool|p2a: selvaria
|-resisted|p2a: selvaria
|-damage|p2a: selvaria|340\/359
|-activate|p2a: selvaria|move: Whirlpool|[of] p1a: Empoleon
|
|-heal|p1a: Empoleon|290\/372|[from] item: Leftovers
|-damage|p2a: selvaria|296\/359|[from] move: Whirlpool|[partiallytrapped]
|turn|7
|c|âbenito camelo|lol
|c|âbenito camelo|que tramas xD?
|
|move|p2a: selvaria|Giga Drain|p1a: Empoleon
|-damage|p1a: Empoleon|190\/372
|-heal|p2a: selvaria|346\/359|[from] drain|[of] p1a: Empoleon
|move|p1a: Empoleon|Stealth Rock|p2a: selvaria
|-sidestart|p2: benito camelo|move: Stealth Rock
|
|-heal|p1a: Empoleon|213\/372|[from] item: Leftovers
|-damage|p2a: selvaria|302\/359|[from] move: Whirlpool|[partiallytrapped]
|turn|8
|
|move|p1a: Empoleon|Protect|p1a: Empoleon
|-singleturn|p1a: Empoleon|Protect
|move|p2a: selvaria|Giga Drain|p1a: Empoleon
|-activate|p1a: Empoleon|Protect
|
|-heal|p1a: Empoleon|236\/372|[from] item: Leftovers
|-damage|p2a: selvaria|258\/359|[from] move: Whirlpool|[partiallytrapped]
|turn|9
|
|switch|p1a: Charizard|Charizard, M|298\/298
|move|p2a: selvaria|Giga Drain|p1a: Charizard
|-resisted|p1a: Charizard
|-damage|p1a: Charizard|255\/298
|-heal|p2a: selvaria|280\/359|[from] drain|[of] p1a: Charizard
|
|-end|p2a: selvaria|Whirlpool|[partiallytrapped]
|-sideend|p1: alka|Reflect
|turn|10
|
|switch|p2a: the wife of devil|Chansey, F|642\/642
|-damage|p2a: the wife of devil|562\/642|[from] Stealth Rock
|detailschange|p1a: Charizard|Charizard-Mega-Y, M
|-mega|p1a: Charizard|Charizard|Charizardite Y
|-weather|SunnyDay
|move|p1a: Charizard|Focus Blast|p2a: the wife of devil
|-supereffective|p2a: the wife of devil
|-damage|p2a: the wife of devil|382\/642
|
|-weather|SunnyDay|[upkeep]
|turn|11
|
|move|p1a: Charizard|Fire Blast|p2a: the wife of devil
|-damage|p2a: the wife of devil|213\/642
|move|p2a: the wife of devil|Thunder Wave|p1a: Charizard
|-status|p1a: Charizard|par
|
|-weather|SunnyDay|[upkeep]
|turn|12
|
|switch|p1a: Volcarona|Volcarona, M|374\/374
|move|p2a: the wife of devil|Soft-Boiled|p2a: the wife of devil
|-heal|p2a: the wife of devil|534\/642
|
|-weather|SunnyDay|[upkeep]
|turn|13
|c|âalka|hijo de tu madre
|leave|alka
|player|p1
|c|âbenito camelo|que pedo
|c|âbenito camelo|?
|-message|Player 1 lost due to inactivity.
|
|win|benito camelo