|join|benito camelo
|join|Professional 01
|player|p1|benito camelo|209
|player|p2|Professional 01|293
|gametype|singles
|gen|6
|tier|OU
|rated
|clearpoke
|poke|p1|Ferrothorn, M, shiny
|poke|p1|Slowbro, F, shiny
|poke|p1|Bisharp, F, shiny
|poke|p1|Manectric, M, shiny
|poke|p1|Mew, shiny
|poke|p1|Landorus-Therian, M, shiny
|poke|p2|Volcarona, M
|poke|p2|Slowbro, F
|poke|p2|Tyranitar, F
|poke|p2|Keldeo
|poke|p2|Gyarados, M
|poke|p2|Latias, F
|rule|Swagger Clause: Swagger is banned
|rule|Baton Pass Clause: Limit one PokÃ©mon knowing Baton Pass
|rule|Sleep Clause Mod: Limit one foe put to sleep
|rule|Species Clause: Limit one of each PokÃ©mon
|rule|OHKO Clause: OHKO moves are banned
|rule|Moody Clause: Moody is banned
|rule|Evasion Moves Clause: Evasion moves are banned
|rule|Endless Battle Clause: Forcing endless battles is banned
|rule|HP Percentage Mod: HP is shown in percentages
|teampreview
|
|start
|switch|p1a: lolipop 3.0|Landorus-Therian, M, shiny|319\/319
|switch|p2a: Tyranitar|Tyranitar, F|403\/403
|-ability|p1a: lolipop 3.0|Intimidate|[of] p2a: Tyranitar
|-unboost|p2a: Tyranitar|atk|1
|-weather|Sandstorm
|turn|1
|
|switch|p2a: Gyarados|Gyarados, M|349\/349
|-ability|p2a: Gyarados|Intimidate|[of] p1a: lolipop 3.0
|-unboost|p1a: lolipop 3.0|atk|1
|move|p1a: lolipop 3.0|Superpower|p2a: Gyarados
|-resisted|p2a: Gyarados
|-damage|p2a: Gyarados|284\/349
|-unboost|p1a: lolipop 3.0|atk|1
|-unboost|p1a: lolipop 3.0|def|1
|
|-weather|Sandstorm|[upkeep]
|-damage|p2a: Gyarados|263\/349|[from] sandstorm
|-heal|p2a: Gyarados|284\/349|[from] item: Leftovers
|turn|2
|
|switch|p1a: hit me|Ferrothorn, M, shiny|352\/352
|move|p2a: Gyarados|Dragon Dance|p2a: Gyarados
|-boost|p2a: Gyarados|atk|1
|-boost|p2a: Gyarados|spe|1
|
|-weather|Sandstorm|[upkeep]
|-damage|p2a: Gyarados|263\/349|[from] sandstorm
|-heal|p2a: Gyarados|284\/349|[from] item: Leftovers
|turn|3
|
|move|p2a: Gyarados|Substitute|p2a: Gyarados
|-start|p2a: Gyarados|Substitute
|-damage|p2a: Gyarados|197\/349
|move|p1a: hit me|Stealth Rock|p2a: Gyarados
|-sidestart|p2: Professional 01|move: Stealth Rock
|
|-weather|Sandstorm|[upkeep]
|-damage|p2a: Gyarados|176\/349|[from] sandstorm
|-heal|p2a: Gyarados|197\/349|[from] item: Leftovers
|turn|4
|
|move|p2a: Gyarados|Bounce|p1a: hit me|[still]
|-prepare|p2a: Gyarados|Bounce|p1a: hit me
|move|p1a: hit me|Gyro Ball|p2a: Gyarados|[miss]
|-miss|p1a: hit me|p2a: Gyarados
|
|-weather|Sandstorm|[upkeep]
|-damage|p2a: Gyarados|176\/349|[from] sandstorm
|-heal|p2a: Gyarados|197\/349|[from] item: Leftovers
|turn|5
|
|move|p2a: Gyarados|Bounce|p1a: hit me
|-damage|p1a: hit me|195\/352
|-damage|p2a: Gyarados|154\/349|[from] ability: Iron Barbs|[of] p1a: hit me
|move|p1a: hit me|Gyro Ball|p2a: Gyarados
|-resisted|p2a: Gyarados
|-end|p2a: Gyarados|Substitute
|
|-weather|none
|-heal|p2a: Gyarados|175\/349|[from] item: Leftovers
|-heal|p1a: hit me|217\/352|[from] item: Leftovers
|turn|6
|
|move|p2a: Gyarados|Bounce|p1a: hit me|[still]
|-prepare|p2a: Gyarados|Bounce|p1a: hit me
|move|p1a: hit me|Gyro Ball|p2a: Gyarados|[miss]
|-miss|p1a: hit me|p2a: Gyarados
|
|-heal|p2a: Gyarados|196\/349|[from] item: Leftovers
|-heal|p1a: hit me|239\/352|[from] item: Leftovers
|turn|7
|
|move|p2a: Gyarados|Bounce|p1a: hit me|[miss]
|-miss|p2a: Gyarados|p1a: hit me
|move|p1a: hit me|Leech Seed|p2a: Gyarados
|-start|p2a: Gyarados|move: Leech Seed
|
|-heal|p2a: Gyarados|217\/349|[from] item: Leftovers
|-heal|p1a: hit me|261\/352|[from] item: Leftovers
|-damage|p2a: Gyarados|174\/349|[from] Leech Seed|[of] p1a: hit me
|-heal|p1a: hit me|304\/352|[silent]
|turn|8
|
|switch|p2a: Latias|Latias, F|363\/363
|-damage|p2a: Latias|318\/363|[from] Stealth Rock
|move|p1a: hit me|Leech Seed|p2a: Latias|[miss]
|-miss|p1a: hit me|p2a: Latias
|
|-heal|p2a: Latias|340\/363|[from] item: Leftovers
|-heal|p1a: hit me|326\/352|[from] item: Leftovers
|turn|9
|
|move|p2a: Latias|Defog|p1a: hit me
|-unboost|p1a: hit me|evasion|1
|-sideend|p2: Professional 01|Stealth Rock|[from] move: Defog|[of] p2a: Latias
|move|p1a: hit me|Gyro Ball|p2a: Latias
|-damage|p2a: Latias|154\/363
|
|-heal|p2a: Latias|176\/363|[from] item: Leftovers
|-heal|p1a: hit me|348\/352|[from] item: Leftovers
|turn|10
|c|âbenito camelo|the battle of blind pkmn xD
|
|move|p2a: Latias|Recover|p2a: Latias
|-heal|p2a: Latias|358\/363
|move|p1a: hit me|Stealth Rock|p2a: Latias
|-sidestart|p2: Professional 01|move: Stealth Rock
|
|-heal|p2a: Latias|363\/363|[from] item: Leftovers
|-heal|p1a: hit me|352\/352|[from] item: Leftovers
|turn|11
|
|switch|p1a: mega man|Bisharp, F, shiny|271\/271
|move|p2a: Latias|Defog|p1a: mega man
|-unboost|p1a: mega man|evasion|1
|-boost|p1a: mega man|atk|2|[from] ability: Defiant
|-sideend|p2: Professional 01|Stealth Rock|[from] move: Defog|[of] p2a: Latias
|
|turn|12
|
|switch|p2a: Tyranitar|Tyranitar, F|403\/403
|-weather|Sandstorm
|move|p1a: mega man|Iron Head|p2a: Tyranitar
|-supereffective|p2a: Tyranitar
|-damage|p2a: Tyranitar|0 fnt
|-damage|p1a: mega man|244\/271|[from] item: Life Orb
|faint|p2a: Tyranitar
|
|-weather|Sandstorm|[upkeep]
|
|switch|p2a: Keldeo|Keldeo|323\/323
|turn|13
|
|switch|p1a: foolbro|Slowbro, F, shiny|394\/394
|move|p2a: Keldeo|Scald|p1a: foolbro
|-resisted|p1a: foolbro
|-damage|p1a: foolbro|298\/394
|
|-weather|Sandstorm|[upkeep]
|-damage|p2a: Keldeo|303\/323|[from] sandstorm
|-damage|p1a: foolbro|274\/394|[from] sandstorm
|-heal|p1a: foolbro|298\/394|[from] item: Leftovers
|turn|14
|
|switch|p2a: Latias|Latias, F|363\/363
|move|p1a: foolbro|Thunder Wave|p2a: Latias
|-status|p2a: Latias|par
|
|-weather|Sandstorm|[upkeep]
|-damage|p1a: foolbro|274\/394|[from] sandstorm
|-damage|p2a: Latias|341\/363 par|[from] sandstorm
|-heal|p1a: foolbro|298\/394|[from] item: Leftovers
|-heal|p2a: Latias|363\/363 par|[from] item: Leftovers
|turn|15
|
|switch|p1a: hit me|Ferrothorn, M, shiny|352\/352
|move|p2a: Latias|Thunder Wave|p1a: hit me
|-status|p1a: hit me|par
|
|-weather|Sandstorm|[upkeep]
|-damage|p2a: Latias|341\/363 par|[from] sandstorm
|-heal|p2a: Latias|363\/363 par|[from] item: Leftovers
|turn|16
|
|switch|p2a: Keldeo|Keldeo|303\/323
|move|p1a: hit me|Leech Seed|p2a: Keldeo
|-start|p2a: Keldeo|move: Leech Seed
|
|-weather|none
|-damage|p2a: Keldeo|263\/323|[from] Leech Seed|[of] p1a: hit me
|turn|17
|
|switch|p2a: Volcarona|Volcarona, M|329\/329
|switch|p1a: foolbro|Slowbro, F, shiny|394\/394
|
|turn|18
|
|switch|p2a: Latias|Latias, F|363\/363 par
|move|p1a: foolbro|Thunder Wave|p2a: Latias
|-fail|p2a: Latias|par
|
|turn|19
|
|switch|p1a: mega man|Bisharp, F, shiny|244\/271
|switch|p2a: Volcarona|Volcarona, M|329\/329
|
|turn|20
|
|move|p2a: Volcarona|Fire Blast|p1a: mega man
|-supereffective|p1a: mega man
|-damage|p1a: mega man|0 fnt
|faint|p1a: mega man
|
|
|switch|p1a: lolipop 3.0|Landorus-Therian, M, shiny|319\/319
|-ability|p1a: lolipop 3.0|Intimidate|[of] p2a: Volcarona
|-unboost|p2a: Volcarona|atk|1
|turn|21
|
|switch|p2a: Keldeo|Keldeo|263\/323
|move|p1a: lolipop 3.0|Stone Edge|p2a: Keldeo
|-crit|p2a: Keldeo
|-resisted|p2a: Keldeo
|-damage|p2a: Keldeo|159\/323
|
|turn|22
|
|switch|p1a: foolbro|Slowbro, F, shiny|394\/394
|move|p2a: Keldeo|Scald|p1a: foolbro
|-resisted|p1a: foolbro
|-damage|p1a: foolbro|310\/394
|-status|p1a: foolbro|brn
|
|-heal|p1a: foolbro|334\/394 brn|[from] item: Leftovers
|-damage|p1a: foolbro|285\/394 brn|[from] brn
|turn|23
|
|switch|p2a: Latias|Latias, F|363\/363 par
|move|p1a: foolbro|Psyshock|p2a: Latias
|-resisted|p2a: Latias
|-damage|p2a: Latias|313\/363 par
|
|-heal|p1a: foolbro|309\/394 brn|[from] item: Leftovers
|-heal|p2a: Latias|335\/363 par|[from] item: Leftovers
|-damage|p1a: foolbro|260\/394 brn|[from] brn
|turn|24
|
|move|p1a: foolbro|Scald|p2a: Latias
|-resisted|p2a: Latias
|-damage|p2a: Latias|297\/363 par
|move|p2a: Latias|Psyshock|p1a: foolbro
|-resisted|p1a: foolbro
|-damage|p1a: foolbro|225\/394 brn
|
|-heal|p1a: foolbro|249\/394 brn|[from] item: Leftovers
|-heal|p2a: Latias|319\/363 par|[from] item: Leftovers
|-damage|p1a: foolbro|200\/394 brn|[from] brn
|turn|25
|
|switch|p1a: hit me|Ferrothorn, M, shiny|352\/352 par
|switch|p2a: Slowbro|Slowbro, F|393\/393
|
|turn|26
|
|switch|p2a: Latias|Latias, F|319\/363 par
|move|p1a: hit me|Stealth Rock|p2a: Latias
|-sidestart|p2: Professional 01|move: Stealth Rock
|
|-heal|p2a: Latias|341\/363 par|[from] item: Leftovers
|turn|27
|
|move|p2a: Latias|Defog|p1a: hit me
|-unboost|p1a: hit me|evasion|1
|-sideend|p2: Professional 01|Stealth Rock|[from] move: Defog|[of] p2a: Latias
|move|p1a: hit me|Leech Seed|p2a: Latias
|-start|p2a: Latias|move: Leech Seed
|
|-heal|p2a: Latias|363\/363 par|[from] item: Leftovers
|-damage|p2a: Latias|318\/363 par|[from] Leech Seed|[of] p1a: hit me
|turn|28
|
|switch|p2a: Volcarona|Volcarona, M|329\/329
|move|p1a: hit me|Stealth Rock|p2a: Volcarona
|-sidestart|p2: Professional 01|move: Stealth Rock
|
|turn|29
|
|switch|p1a: lolipop 3.0|Landorus-Therian, M, shiny|319\/319
|-ability|p1a: lolipop 3.0|Intimidate|[of] p2a: Volcarona
|-unboost|p2a: Volcarona|atk|1
|move|p2a: Volcarona|Quiver Dance|p2a: Volcarona
|-boost|p2a: Volcarona|spa|1
|-boost|p2a: Volcarona|spd|1
|-boost|p2a: Volcarona|spe|1
|
|turn|30
|
|move|p2a: Volcarona|Fire Blast|p1a: lolipop 3.0
|-damage|p1a: lolipop 3.0|0 fnt
|faint|p1a: lolipop 3.0
|
|
|switch|p1a: foolbro|Slowbro, F, shiny|331\/394 brn
|turn|31
|
|move|p2a: Volcarona|Bug Buzz|p1a: foolbro
|-supereffective|p1a: foolbro
|-damage|p1a: foolbro|0 fnt
|faint|p1a: foolbro
|
|c|âbenito camelo|GG
|
|switch|p1a: bold|Manectric, M, shiny|281\/281
|turn|32
|c|âProfessional 01|gg
|
|detailschange|p1a: bold|Manectric-Mega, M, shiny
|-mega|p1a: bold|Manectric|Manectite
|-ability|p1a: bold|Intimidate|[of] p2a: Volcarona
|-unboost|p2a: Volcarona|atk|1
|move|p2a: Volcarona|Bug Buzz|p1a: bold
|-damage|p1a: bold|0 fnt
|faint|p1a: bold
|
|
|switch|p1a: biocat|Mew, shiny|404\/404
|turn|33
|
|move|p2a: Volcarona|Bug Buzz|p1a: biocat
|-supereffective|p1a: biocat
|-damage|p1a: biocat|0 fnt
|faint|p1a: biocat
|
|
|switch|p1a: hit me|Ferrothorn, M, shiny|352\/352 par
|turn|34
|
|move|p2a: Volcarona|Fire Blast|p1a: hit me
|-supereffective|p1a: hit me
|-damage|p1a: hit me|0 fnt
|faint|p1a: hit me
|
|win|Professional 01
|raw|Ladder updating...
|raw|benito camelo's rating: 1612 &rarr; <strong>1593<\/strong><br \/>(-19 for losing)
|raw|Professional 01's rating: 1619 &rarr; <strong>1638<\/strong><br \/>(+19 for winning)
|leave|benito camelo
|player|p1