|join|benito camelo
|join|Astro12
|player|p1|benito camelo|209
|player|p2|Astro12|266
|gametype|singles
|gen|6
|tier|OU
|rated
|clearpoke
|poke|p1|Klefki, F
|poke|p1|Goodra, F
|poke|p1|Azumarill, M
|poke|p1|Gliscor, F
|poke|p1|Aggron, M
|poke|p1|Alakazam, F
|poke|p2|Reuniclus, M
|poke|p2|Dusknoir, F
|poke|p2|Granbull, M
|poke|p2|Kabutops, F
|poke|p2|Moltres
|poke|p2|Magnezone
|rule|Sleep Clause Mod: Limit one foe put to sleep
|rule|Species Clause: Limit one of each Pokemon
|rule|OHKO Clause: OHKO moves are banned
|rule|Moody Clause: Moody is banned
|rule|Evasion Moves Clause: Evasion moves are banned
|rule|Endless Battle Clause: Forcing endless battles is banned.
|rule|HP Percentage Mod: HP is reported as percentages
|teampreview
|
|start
|switch|p1a: Aggron|Aggron, M|344\/344
|switch|p2a: Dusknoir|Dusknoir, F|283\/283
|-item|p1a: Aggron|Aggronite|[from] ability: Frisk|[of] p2a: Dusknoir|[identify]
|turn|1
|
|-formechange|p1a: Aggron|Aggron-Mega
|message|Aggron has Mega Evolved into Mega Aggron!
|move|p1a: Aggron|Stealth Rock|p2a: Dusknoir
|-sidestart|p2: Astro12|move: Stealth Rock
|move|p2a: Dusknoir|Earthquake|p1a: Aggron
|-supereffective|p1a: Aggron
|-damage|p1a: Aggron|278\/344
|
|turn|2
|
|move|p1a: Aggron|Iron Head|p2a: Dusknoir
|-damage|p2a: Dusknoir|159\/283
|cant|p2a: Dusknoir|flinch
|
|turn|3
|
|move|p1a: Aggron|Iron Head|p2a: Dusknoir
|-damage|p2a: Dusknoir|23\/283
|cant|p2a: Dusknoir|flinch
|
|turn|4
|chat|benito camelo|sorry
|chat|benito camelo|XD
|chat|Astro12|lol
|
|move|p1a: Aggron|Stone Edge|p2a: Dusknoir
|-crit|p2a: Dusknoir
|-damage|p2a: Dusknoir|0 fnt
|faint|p2a: Dusknoir
|
|chat|benito camelo|JAJAJAJ
|chat|benito camelo|hax master
|chat|benito camelo|my new name
|
|switch|p2a: Kabutops|Kabutops, F|262\/262
|-damage|p2a: Kabutops|230\/262|[from] Stealth Rock
|turn|5
|
|move|p2a: Kabutops|Superpower|p1a: Aggron
|-supereffective|p1a: Aggron
|-damage|p1a: Aggron|187\/344
|-unboost|p2a: Kabutops|atk|1
|-unboost|p2a: Kabutops|def|1
|move|p1a: Aggron|Earthquake|p2a: Kabutops
|-supereffective|p2a: Kabutops
|-damage|p2a: Kabutops|0 fnt
|faint|p2a: Kabutops
|
|
|switch|p2a: Moltres|Moltres|322\/322
|-damage|p2a: Moltres|161\/322|[from] Stealth Rock
|-ability|p2a: Moltres|Pressure
|-enditem|p2a: Moltres|Sitrus Berry|[eat]
|-heal|p2a: Moltres|241\/322|[from] item: Sitrus Berry
|turn|6
|
|move|p2a: Moltres|Flamethrower|p1a: Aggron
|-supereffective|p1a: Aggron
|-damage|p1a: Aggron|0 fnt
|faint|p1a: Aggron
|
|
|switch|p1a: Azumarill|Azumarill, M|404\/404
|turn|7
|
|move|p2a: Moltres|Hurricane|p1a: Azumarill|[miss]
|-miss|p2a: Moltres|p1a: Azumarill
|move|p1a: Azumarill|Waterfall|p2a: Moltres
|-supereffective|p2a: Moltres
|-damage|p2a: Moltres|0 fnt
|faint|p2a: Moltres
|
|
|switch|p2a: Granbull|Granbull, M|384\/384
|-damage|p2a: Granbull|336\/384|[from] Stealth Rock
|-ability|p2a: Granbull|Intimidate|[of] p1a: Azumarill
|-unboost|p1a: Azumarill|atk|1
|turn|8
|
|switch|p1a: Klefki|Klefki, F|318\/318
|move|p2a: Granbull|Wild Charge|p1a: Klefki
|-damage|p1a: Klefki|233\/318
|-damage|p2a: Granbull|315\/384|[from] recoil|[of] p1a: Klefki
|
|-heal|p1a: Klefki|252\/318|[from] item: Leftovers
|turn|9
|
|move|p1a: Klefki|Thunder Wave|p2a: Granbull
|-status|p2a: Granbull|par
|move|p2a: Granbull|Earthquake|p1a: Klefki
|-supereffective|p1a: Klefki
|-damage|p1a: Klefki|43\/318
|
|-heal|p1a: Klefki|62\/318|[from] item: Leftovers
|turn|10
|
|switch|p1a: Gliscor|Gliscor, F|354\/354
|move|p2a: Granbull|Earthquake|p1a: Gliscor
|-immune|p1a: Gliscor|[msg]
|
|-status|p1a: Gliscor|tox|[from] item: Toxic Orb
|turn|11
|
|switch|p2a: Reuniclus|Reuniclus, M|424\/424
|-damage|p2a: Reuniclus|371\/424|[from] Stealth Rock
|move|p1a: Gliscor|Earthquake|p2a: Reuniclus
|-damage|p2a: Reuniclus|230\/424
|-enditem|p2a: Reuniclus|Red Card|[of] p1a: Gliscor
|drag|p1a: Alakazam|Alakazam, F|252\/252
|
|turn|12
|
|move|p1a: Alakazam|Taunt|p2a: Reuniclus
|-start|p2a: Reuniclus|move: Taunt
|move|p2a: Reuniclus|Shadow Ball|p1a: Alakazam
|-supereffective|p1a: Alakazam
|-damage|p1a: Alakazam|42\/252
|
|turn|13
|
|move|p1a: Alakazam|Shadow Ball|p2a: Reuniclus
|-supereffective|p2a: Reuniclus
|-damage|p2a: Reuniclus|0 fnt
|faint|p2a: Reuniclus
|
|
|switch|p2a: Magnezone|Magnezone|332\/332
|-damage|p2a: Magnezone|312\/332|[from] Stealth Rock
|turn|14
|
|move|p1a: Alakazam|Focus Blast|p2a: Magnezone
|-supereffective|p2a: Magnezone
|-damage|p2a: Magnezone|0 fnt
|faint|p2a: Magnezone
|
|-message|Astro12 forfeited.
|
|win|benito camelo
|raw|Ladder updating...
|raw|benito camelo's rating: 1081 &rarr; <strong>1108<\/strong><br \/>(+27 for winning)
|raw|Astro12's rating: 1075 &rarr; <strong>1054<\/strong><br \/>(-21 for losing)
|leave|Astro12
|player|p2