|join|NorecuerdomiNick.
|join|stohsbeforehoes
|player|p1|NorecuerdomiNick.|209
|player|p2|stohsbeforehoes|110
|gametype|singles
|gen|6
|tier|OU
|rated
|clearpoke
|poke|p1|Clefable, M
|poke|p1|Lopunny, M
|poke|p1|Skarmory, F
|poke|p1|Tornadus-Therian, M
|poke|p1|Mamoswine, F
|poke|p1|Magnezone
|poke|p2|Garchomp, M
|poke|p2|Sylveon, F
|poke|p2|Breloom, F
|poke|p2|Latios, M
|poke|p2|Bisharp, F
|poke|p2|Heracross, M
|rule|Swagger Clause: Swagger is banned
|rule|Baton Pass Clause: Limit one PokÃ©mon knowing Baton Pass
|rule|Sleep Clause Mod: Limit one foe put to sleep
|rule|Species Clause: Limit one of each PokÃ©mon
|rule|OHKO Clause: OHKO moves are banned
|rule|Moody Clause: Moody is banned
|rule|Evasion Moves Clause: Evasion moves are banned
|rule|Endless Battle Clause: Forcing endless battles is banned
|rule|HP Percentage Mod: HP is shown in percentages
|teampreview
|
|start
|switch|p1a: Skarmory|Skarmory, F|292\/292
|switch|p2a: Breloom|Breloom, F|262\/262
|turn|1
|
|move|p2a: Breloom|Spore|p1a: Skarmory
|-status|p1a: Skarmory|slp
|cant|p1a: Skarmory|slp
|
|turn|2
|
|move|p2a: Breloom|Swords Dance|p2a: Breloom
|-boost|p2a: Breloom|atk|2
|cant|p1a: Skarmory|slp
|
|turn|3
|
|move|p2a: Breloom|Mach Punch|p1a: Skarmory
|-damage|p1a: Skarmory|97\/292 slp
|-damage|p2a: Breloom|219\/262|[from] item: Rocky Helmet|[of] p1a: Skarmory
|-damage|p2a: Breloom|193\/262|[from] item: Life Orb
|-curestatus|p1a: Skarmory|slp
|move|p1a: Skarmory|Drill Peck|p2a: Breloom
|-supereffective|p2a: Breloom
|-damage|p2a: Breloom|0 fnt
|faint|p2a: Breloom
|
|c|âstohsbeforehoes|sweet first turn wake
|
|switch|p2a: Bisharp|Bisharp, F|292\/292
|turn|4
|
|move|p1a: Skarmory|Roost|p1a: Skarmory
|-heal|p1a: Skarmory|243\/292
|move|p2a: Bisharp|Knock Off|p1a: Skarmory
|-damage|p1a: Skarmory|114\/292
|-damage|p2a: Bisharp|244\/292|[from] item: Rocky Helmet|[of] p1a: Skarmory
|-enditem|p1a: Skarmory|Rocky Helmet|[from] move: Knock Off|[of] p2a: Bisharp
|-damage|p2a: Bisharp|215\/292|[from] item: Life Orb
|
|turn|5
|
|switch|p2a: Garchomp|Garchomp, M|357\/357
|move|p1a: Skarmory|Roost|p1a: Skarmory
|-heal|p1a: Skarmory|260\/292
|
|turn|6
|
|move|p2a: Garchomp|Stealth Rock|p1a: Skarmory
|-sidestart|p1: NorecuerdomiNick.|move: Stealth Rock
|move|p1a: Skarmory|Roost|p1a: Skarmory
|-heal|p1a: Skarmory|292\/292
|
|turn|7
|
|move|p2a: Garchomp|Fire Blast|p1a: Skarmory|[miss]
|-miss|p2a: Garchomp|p1a: Skarmory
|move|p1a: Skarmory|Defog|p2a: Garchomp
|-unboost|p2a: Garchomp|evasion|1
|-sideend|p1: NorecuerdomiNick.|Stealth Rock|[from] move: Defog|[of] p1a: Skarmory
|
|turn|8
|
|switch|p1a: Mamoswine|Mamoswine, F|411\/411
|move|p2a: Garchomp|Fire Blast|p1a: Mamoswine
|-supereffective|p1a: Mamoswine
|-damage|p1a: Mamoswine|311\/411
|
|turn|9
|-message|stohsbeforehoes forfeited.
|
|win|NorecuerdomiNick.
|raw|Ladder updating...
|leave|stohsbeforehoes
|player|p2