|join|kanon96
|join|NorecuerdomiNick.
|player|p1|kanon96|80
|player|p2|NorecuerdomiNick.|209
|gametype|singles
|gen|6
|tier|OU
|rated
|clearpoke
|poke|p1|Charizard, F
|poke|p1|Keldeo-Resolute
|poke|p1|Mamoswine, F
|poke|p1|Bisharp, F
|poke|p1|Excadrill, M
|poke|p1|Mew
|poke|p2|Dragonite, M
|poke|p2|Blissey, F
|poke|p2|Skarmory, F
|poke|p2|Manectric, M
|poke|p2|Conkeldurr, M
|poke|p2|Clefable, F
|rule|Swagger Clause: Swagger is banned
|rule|Baton Pass Clause: Limit one PokÃ©mon knowing Baton Pass
|rule|Sleep Clause Mod: Limit one foe put to sleep
|rule|Species Clause: Limit one of each PokÃ©mon
|rule|OHKO Clause: OHKO moves are banned
|rule|Moody Clause: Moody is banned
|rule|Evasion Moves Clause: Evasion moves are banned
|rule|Endless Battle Clause: Forcing endless battles is banned
|rule|HP Percentage Mod: HP is shown in percentages
|teampreview
|
|start
|switch|p1a: Mew|Mew|404\/404
|switch|p2a: Skarmory|Skarmory, F|321\/321
|turn|1
|
|move|p1a: Mew|Taunt|p2a: Skarmory
|-start|p2a: Skarmory|move: Taunt
|cant|p2a: Skarmory|move: Taunt|Toxic
|
|turn|2
|
|switch|p2a: Clefable|Clefable, F|356\/356
|move|p1a: Mew|Will-O-Wisp|p2a: Clefable
|-status|p2a: Clefable|brn
|
|turn|3
|
|move|p1a: Mew|Taunt|p2a: Clefable
|-start|p2a: Clefable|move: Taunt
|move|p2a: Clefable|Moonblast|p1a: Mew
|-damage|p1a: Mew|227\/404
|
|-heal|p1a: Mew|252\/404|[from] item: Leftovers
|turn|4
|
|move|p1a: Mew|Knock Off|p2a: Clefable
|-resisted|p2a: Clefable
|-damage|p2a: Clefable|320\/356 brn
|-enditem|p2a: Clefable|Life Orb|[from] move: Knock Off|[of] p1a: Mew
|move|p2a: Clefable|Flamethrower|p1a: Mew
|-damage|p1a: Mew|163\/404
|
|-heal|p1a: Mew|188\/404|[from] item: Leftovers
|turn|5
|
|move|p1a: Mew|Soft-Boiled|p1a: Mew
|-heal|p1a: Mew|390\/404
|move|p2a: Clefable|Moonblast|p1a: Mew
|-crit|p1a: Mew
|-damage|p1a: Mew|195\/404
|
|-heal|p1a: Mew|220\/404|[from] item: Leftovers
|-end|p2a: Clefable|move: Taunt
|turn|6
|
|move|p1a: Mew|Soft-Boiled|p1a: Mew
|-heal|p1a: Mew|404\/404
|move|p2a: Clefable|Moonblast|p1a: Mew
|-damage|p1a: Mew|262\/404
|
|-heal|p1a: Mew|287\/404|[from] item: Leftovers
|turn|7
|
|switch|p1a: Charizard|Charizard, F|297\/297
|move|p2a: Clefable|Flamethrower|p1a: Charizard
|-resisted|p1a: Charizard
|-damage|p1a: Charizard|249\/297
|
|turn|8
|
|switch|p2a: Blissey|Blissey, F|714\/714
|detailschange|p1a: Charizard|Charizard-Mega-Y, F
|message|Charizard has Mega Evolved into Mega Charizard!
|-weather|SunnyDay
|move|p1a: Charizard|Fire Blast|p2a: Blissey
|-damage|p2a: Blissey|467\/714
|
|-weather|SunnyDay|[upkeep]
|-heal|p2a: Blissey|511\/714|[from] item: Leftovers
|turn|9
|
|switch|p1a: Mew|Mew|287\/404
|move|p2a: Blissey|Seismic Toss|p1a: Mew
|-damage|p1a: Mew|187\/404
|
|-weather|SunnyDay|[upkeep]
|-heal|p1a: Mew|212\/404|[from] item: Leftovers
|-heal|p2a: Blissey|555\/714|[from] item: Leftovers
|turn|10
|
|switch|p2a: Clefable|Clefable, F|320\/356 brn
|move|p1a: Mew|Knock Off|p2a: Clefable
|-resisted|p2a: Clefable
|-damage|p2a: Clefable|294\/356 brn
|
|-weather|SunnyDay|[upkeep]
|-heal|p1a: Mew|237\/404|[from] item: Leftovers
|turn|11
|
|move|p1a: Mew|Soft-Boiled|p1a: Mew
|-heal|p1a: Mew|404\/404
|move|p2a: Clefable|Moonblast|p1a: Mew
|-damage|p1a: Mew|268\/404
|
|-weather|SunnyDay|[upkeep]
|-heal|p1a: Mew|293\/404|[from] item: Leftovers
|turn|12
|
|move|p1a: Mew|Soft-Boiled|p1a: Mew
|-heal|p1a: Mew|404\/404
|move|p2a: Clefable|Flamethrower|p1a: Mew
|-damage|p1a: Mew|285\/404
|
|-weather|none
|-heal|p1a: Mew|310\/404|[from] item: Leftovers
|turn|13
|
|switch|p1a: Charizard|Charizard-Mega-Y, F|249\/297
|-weather|SunnyDay
|move|p2a: Clefable|Calm Mind|p2a: Clefable
|-boost|p2a: Clefable|spa|1
|-boost|p2a: Clefable|spd|1
|
|-weather|SunnyDay|[upkeep]
|turn|14
|
|move|p1a: Charizard|Fire Blast|p2a: Clefable|[miss]
|-miss|p1a: Charizard|p2a: Clefable
|move|p2a: Clefable|Calm Mind|p2a: Clefable
|-boost|p2a: Clefable|spa|1
|-boost|p2a: Clefable|spd|1
|
|-weather|SunnyDay|[upkeep]
|turn|15
|
|move|p1a: Charizard|Fire Blast|p2a: Clefable
|-damage|p2a: Clefable|119\/356 brn
|move|p2a: Clefable|Moonblast|p1a: Charizard
|-resisted|p1a: Charizard
|-damage|p1a: Charizard|138\/297
|
|-weather|SunnyDay|[upkeep]
|turn|16
|
|move|p1a: Charizard|Fire Blast|p2a: Clefable|[miss]
|-miss|p1a: Charizard|p2a: Clefable
|move|p2a: Clefable|Soft-Boiled|p2a: Clefable
|-heal|p2a: Clefable|297\/356 brn
|
|-weather|SunnyDay|[upkeep]
|turn|17
|
|move|p1a: Charizard|Roost|p1a: Charizard
|-heal|p1a: Charizard|287\/297
|move|p2a: Clefable|Soft-Boiled|p2a: Clefable
|-heal|p2a: Clefable|356\/356 brn
|
|-weather|none
|turn|18
|
|switch|p1a: Bisharp|Bisharp, F|272\/272
|move|p2a: Clefable|Calm Mind|p2a: Clefable
|-boost|p2a: Clefable|spa|1
|-boost|p2a: Clefable|spd|1
|
|turn|19
|
|move|p1a: Bisharp|Iron Head|p2a: Clefable
|-supereffective|p2a: Clefable
|-damage|p2a: Clefable|86\/356 brn
|move|p2a: Clefable|Flamethrower|p1a: Bisharp
|-supereffective|p1a: Bisharp
|-damage|p1a: Bisharp|0 fnt
|faint|p1a: Bisharp
|
|
|switch|p1a: Excadrill|Excadrill, M|362\/362
|-ability|p1a: Excadrill|Mold Breaker
|-item|p1a: Excadrill|Air Balloon
|turn|20
|
|switch|p2a: Skarmory|Skarmory, F|321\/321
|move|p1a: Excadrill|Iron Head|p2a: Skarmory
|-resisted|p2a: Skarmory
|-damage|p2a: Skarmory|277\/321
|-damage|p1a: Excadrill|302\/362|[from] item: Rocky Helmet|[of] p2a: Skarmory
|
|turn|21
|
|switch|p1a: Charizard|Charizard-Mega-Y, F|287\/297
|-weather|SunnyDay
|move|p2a: Skarmory|Drill Peck|p1a: Charizard
|-damage|p1a: Charizard|193\/297
|
|-weather|SunnyDay|[upkeep]
|turn|22
|
|switch|p2a: Blissey|Blissey, F|555\/714
|move|p1a: Charizard|Fire Blast|p2a: Blissey
|-damage|p2a: Blissey|279\/714
|-status|p2a: Blissey|brn
|
|-weather|SunnyDay|[upkeep]
|-heal|p2a: Blissey|323\/714 brn|[from] item: Leftovers
|-damage|p2a: Blissey|234\/714 brn|[from] brn
|turn|23
|
|switch|p2a: Clefable|Clefable, F|86\/356 brn
|move|p1a: Charizard|Fire Blast|p2a: Clefable
|-damage|p2a: Clefable|0 fnt
|faint|p2a: Clefable
|
|-weather|SunnyDay|[upkeep]
|
|switch|p2a: Manectric|Manectric, M|281\/281
|turn|24
|
|switch|p1a: Mamoswine|Mamoswine, F|361\/361
|detailschange|p2a: Manectric|Manectric-Mega, M
|message|Manectric has Mega Evolved into Mega Manectric!
|-ability|p2a: Manectric|Intimidate|[of] p1a: Mamoswine
|-unboost|p1a: Mamoswine|atk|1
|move|p2a: Manectric|Flamethrower|p1a: Mamoswine
|-supereffective|p1a: Mamoswine
|-damage|p1a: Mamoswine|109\/361
|
|-weather|SunnyDay|[upkeep]
|turn|25
|
|move|p1a: Mamoswine|Ice Shard|p2a: Manectric
|-damage|p2a: Manectric|214\/281
|move|p2a: Manectric|Flamethrower|p1a: Mamoswine
|-supereffective|p1a: Mamoswine
|-damage|p1a: Mamoswine|0 fnt
|faint|p1a: Mamoswine
|
|-weather|none
|
|switch|p1a: Mew|Mew|310\/404
|turn|26
|
|move|p2a: Manectric|Volt Switch|p1a: Mew
|-damage|p1a: Mew|174\/404
|
|switch|p2a: Blissey|Blissey, F|234\/714
|move|p1a: Mew|Will-O-Wisp|p2a: Blissey
|-status|p2a: Blissey|brn
|
|-heal|p1a: Mew|199\/404|[from] item: Leftovers
|-heal|p2a: Blissey|278\/714 brn|[from] item: Leftovers
|-damage|p2a: Blissey|189\/714 brn|[from] brn
|turn|27
|
|move|p1a: Mew|Taunt|p2a: Blissey
|-start|p2a: Blissey|move: Taunt
|cant|p2a: Blissey|move: Taunt|Soft-Boiled
|
|-heal|p1a: Mew|224\/404|[from] item: Leftovers
|-heal|p2a: Blissey|233\/714 brn|[from] item: Leftovers
|-damage|p2a: Blissey|144\/714 brn|[from] brn
|turn|28
|
|switch|p2a: Skarmory|Skarmory, F|277\/321
|move|p1a: Mew|Knock Off|p2a: Skarmory
|-damage|p2a: Skarmory|229\/321
|-damage|p1a: Mew|157\/404|[from] item: Rocky Helmet|[of] p2a: Skarmory
|-enditem|p2a: Skarmory|Rocky Helmet|[from] move: Knock Off|[of] p1a: Mew
|
|-heal|p1a: Mew|182\/404|[from] item: Leftovers
|turn|29
|
|switch|p2a: Manectric|Manectric-Mega, M|214\/281
|-ability|p2a: Manectric|Intimidate|[of] p1a: Mew
|-unboost|p1a: Mew|atk|1
|move|p1a: Mew|Taunt|p2a: Manectric
|-start|p2a: Manectric|move: Taunt
|
|-heal|p1a: Mew|207\/404|[from] item: Leftovers
|turn|30
|
|move|p2a: Manectric|Flamethrower|p1a: Mew
|-damage|p1a: Mew|93\/404
|move|p1a: Mew|Will-O-Wisp|p2a: Manectric
|-status|p2a: Manectric|brn
|
|-heal|p1a: Mew|118\/404|[from] item: Leftovers
|-damage|p2a: Manectric|179\/281 brn|[from] brn
|turn|31
|
|move|p2a: Manectric|Thunderbolt|p1a: Mew
|-damage|p1a: Mew|0 fnt
|faint|p1a: Mew
|
|-damage|p2a: Manectric|144\/281 brn|[from] brn
|
|switch|p1a: Charizard|Charizard-Mega-Y, F|193\/297
|-weather|SunnyDay
|turn|32
|
|move|p2a: Manectric|Thunderbolt|p1a: Charizard
|-supereffective|p1a: Charizard
|-damage|p1a: Charizard|0 fnt
|faint|p1a: Charizard
|
|-weather|SunnyDay|[upkeep]
|-damage|p2a: Manectric|109\/281 brn|[from] brn
|-end|p2a: Manectric|move: Taunt
|
|switch|p1a: Keldeo-Resolute|Keldeo-Resolute|323\/323
|turn|33
|
|move|p2a: Manectric|Thunderbolt|p1a: Keldeo-Resolute
|-crit|p1a: Keldeo-Resolute
|-supereffective|p1a: Keldeo-Resolute
|-damage|p1a: Keldeo-Resolute|0 fnt
|faint|p1a: Keldeo-Resolute
|
|-weather|SunnyDay|[upkeep]
|-damage|p2a: Manectric|74\/281 brn|[from] brn
|-message|kanon96 forfeited.
|
|win|NorecuerdomiNick.
|raw|Ladder updating...
|leave|kanon96
|player|p1