|join|NorecuerdomiNick.
|join|what13
|player|p1|NorecuerdomiNick.|209
|player|p2|what13|265
|gametype|singles
|gen|6
|tier|OU
|rated
|clearpoke
|poke|p1|Gengar, F
|poke|p1|Conkeldurr, F
|poke|p1|Ferrothorn, M
|poke|p1|Blastoise, F
|poke|p1|Talonflame, M
|poke|p1|Latios, M
|poke|p2|Sylveon, M
|poke|p2|Manectric, M
|poke|p2|Gengar, F
|poke|p2|Landorus-Therian, M
|poke|p2|Excadrill, M
|poke|p2|Heatran, F
|rule|Swagger Clause: Swagger is banned
|rule|Baton Pass Clause: Limit one PokÃ©mon knowing Baton Pass
|rule|Sleep Clause Mod: Limit one foe put to sleep
|rule|Species Clause: Limit one of each PokÃ©mon
|rule|OHKO Clause: OHKO moves are banned
|rule|Moody Clause: Moody is banned
|rule|Evasion Moves Clause: Evasion moves are banned
|rule|Endless Battle Clause: Forcing endless battles is banned
|rule|HP Percentage Mod: HP is shown in percentages
|teampreview
|
|start
|switch|p1a: Conkeldurr|Conkeldurr, F|401\/401
|switch|p2a: Manectric|Manectric, M|281\/281
|turn|1
|
|detailschange|p2a: Manectric|Manectric-Mega, M
|message|Manectric has Mega Evolved into Mega Manectric!
|-ability|p2a: Manectric|Intimidate|[of] p1a: Conkeldurr
|-unboost|p1a: Conkeldurr|atk|1
|move|p2a: Manectric|Volt Switch|p1a: Conkeldurr
|-damage|p1a: Conkeldurr|278\/401
|
|switch|p2a: Landorus-Therian|Landorus-Therian, M|319\/319
|-ability|p2a: Landorus-Therian|Intimidate|[of] p1a: Conkeldurr
|-unboost|p1a: Conkeldurr|atk|1
|move|p1a: Conkeldurr|Drain Punch|p2a: Landorus-Therian
|-resisted|p2a: Landorus-Therian
|-damage|p2a: Landorus-Therian|280\/319
|-heal|p1a: Conkeldurr|298\/401|[from] drain|[of] p2a: Landorus-Therian
|
|turn|2
|
|switch|p1a: Ferrothorn|Ferrothorn, M|352\/352
|move|p2a: Landorus-Therian|U-turn|p1a: Ferrothorn
|-damage|p1a: Ferrothorn|295\/352
|-damage|p2a: Landorus-Therian|241\/319|[from] ability: Iron Barbs|[of] p1a: Ferrothorn
|-damage|p2a: Landorus-Therian|188\/319|[from] item: Rocky Helmet|[of] p1a: Ferrothorn
|
|switch|p2a: Manectric|Manectric-Mega, M|281\/281
|-ability|p2a: Manectric|Intimidate|[of] p1a: Ferrothorn
|-unboost|p1a: Ferrothorn|atk|1
|
|turn|3
|
|move|p2a: Manectric|Flamethrower|p1a: Ferrothorn
|-supereffective|p1a: Ferrothorn
|-damage|p1a: Ferrothorn|0 fnt
|faint|p1a: Ferrothorn
|
|
|switch|p1a: Conkeldurr|Conkeldurr, F|298\/401
|turn|4
|
|move|p2a: Manectric|Volt Switch|p1a: Conkeldurr
|-damage|p1a: Conkeldurr|181\/401
|
|switch|p2a: Sylveon|Sylveon, M|394\/394
|move|p1a: Conkeldurr|Ice Punch|p2a: Sylveon
|-damage|p2a: Sylveon|256\/394
|
|turn|5
|
|switch|p1a: Gengar|Gengar, F|261\/261
|move|p2a: Sylveon|Yawn|p1a: Gengar
|-start|p1a: Gengar|move: Yawn|[of] p2a: Sylveon
|
|turn|6
|
|switch|p1a: Blastoise|Blastoise, F|343\/343
|move|p2a: Sylveon|Wish|p2a: Sylveon
|
|turn|7
|
|switch|p2a: Manectric|Manectric-Mega, M|281\/281
|-ability|p2a: Manectric|Intimidate|[of] p1a: Blastoise
|-unboost|p1a: Blastoise|atk|1
|detailschange|p1a: Blastoise|Blastoise-Mega, F
|message|Blastoise has Mega Evolved into Mega Blastoise!
|move|p1a: Blastoise|Scald|p2a: Manectric
|-damage|p2a: Manectric|86\/281
|-status|p2a: Manectric|brn
|
|-heal|p2a: Manectric|281\/281 brn|[from] move: Wish|[wisher] Sylveon
|-damage|p2a: Manectric|246\/281 brn|[from] brn
|turn|8
|
|move|p2a: Manectric|Volt Switch|p1a: Blastoise
|-crit|p1a: Blastoise
|-supereffective|p1a: Blastoise
|-damage|p1a: Blastoise|29\/343
|
|switch|p2a: Sylveon|Sylveon, M|256\/394
|move|p1a: Blastoise|Scald|p2a: Sylveon
|-damage|p2a: Sylveon|154\/394
|-enditem|p2a: Sylveon|Sitrus Berry|[eat]
|-heal|p2a: Sylveon|252\/394|[from] item: Sitrus Berry
|
|turn|9
|
|move|p1a: Blastoise|Scald|p2a: Sylveon
|-damage|p2a: Sylveon|153\/394
|move|p2a: Sylveon|Wish|p2a: Sylveon
|
|turn|10
|
|move|p1a: Blastoise|Scald|p2a: Sylveon
|-damage|p2a: Sylveon|59\/394
|-status|p2a: Sylveon|brn
|move|p2a: Sylveon|Hyper Voice|p1a: Blastoise
|-damage|p1a: Blastoise|0 fnt
|faint|p1a: Blastoise
|
|-heal|p2a: Sylveon|256\/394 brn|[from] move: Wish|[wisher] Sylveon
|-damage|p2a: Sylveon|207\/394 brn|[from] brn
|
|switch|p1a: Gengar|Gengar, F|261\/261
|turn|11
|
|switch|p2a: Heatran|Heatran, F|386\/386
|-item|p2a: Heatran|Air Balloon
|move|p1a: Gengar|Substitute|p1a: Gengar
|-start|p1a: Gengar|Substitute
|-damage|p1a: Gengar|196\/261
|
|-heal|p1a: Gengar|212\/261|[from] item: Black Sludge
|turn|12
|
|move|p1a: Gengar|Shadow Ball|p2a: Heatran
|-damage|p2a: Heatran|244\/386
|-enditem|p2a: Heatran|Air Balloon
|move|p2a: Heatran|Stealth Rock|p1a: Gengar
|-sidestart|p1: NorecuerdomiNick.|move: Stealth Rock
|
|-heal|p1a: Gengar|228\/261|[from] item: Black Sludge
|turn|13
|
|move|p1a: Gengar|Shadow Ball|p2a: Heatran
|-damage|p2a: Heatran|103\/386
|move|p2a: Heatran|Roar|p1a: Gengar
|drag|p1a: Conkeldurr|Conkeldurr, F|181\/401
|-damage|p1a: Conkeldurr|156\/401|[from] Stealth Rock
|
|turn|14
|
|switch|p2a: Landorus-Therian|Landorus-Therian, M|188\/319
|-ability|p2a: Landorus-Therian|Intimidate|[of] p1a: Conkeldurr
|-unboost|p1a: Conkeldurr|atk|1
|move|p1a: Conkeldurr|Knock Off|p2a: Landorus-Therian
|-damage|p2a: Landorus-Therian|88\/319
|-enditem|p2a: Landorus-Therian|Choice Scarf|[from] move: Knock Off|[of] p1a: Conkeldurr
|
|turn|15
|
|move|p1a: Conkeldurr|Mach Punch|p2a: Landorus-Therian
|-crit|p2a: Landorus-Therian
|-resisted|p2a: Landorus-Therian
|-damage|p2a: Landorus-Therian|23\/319
|move|p2a: Landorus-Therian|Earthquake|p1a: Conkeldurr
|-damage|p1a: Conkeldurr|0 fnt
|faint|p1a: Conkeldurr
|
|
|switch|p1a: Gengar|Gengar, F|228\/261
|-damage|p1a: Gengar|196\/261|[from] Stealth Rock
|turn|16
|
|move|p1a: Gengar|Substitute|p1a: Gengar
|-start|p1a: Gengar|Substitute
|-damage|p1a: Gengar|131\/261
|move|p2a: Landorus-Therian|Knock Off|p1a: Gengar
|-crit|p1a: Gengar
|-supereffective|p1a: Gengar
|-end|p1a: Gengar|Substitute
|
|-heal|p1a: Gengar|147\/261|[from] item: Black Sludge
|turn|17
|
|move|p1a: Gengar|Shadow Ball|p2a: Landorus-Therian
|-damage|p2a: Landorus-Therian|0 fnt
|faint|p2a: Landorus-Therian
|
|-heal|p1a: Gengar|163\/261|[from] item: Black Sludge
|
|switch|p2a: Manectric|Manectric-Mega, M|246\/281 brn
|-ability|p2a: Manectric|Intimidate|[of] p1a: Gengar
|-unboost|p1a: Gengar|atk|1
|turn|18
|
|move|p2a: Manectric|Thunderbolt|p1a: Gengar
|-damage|p1a: Gengar|0 fnt
|faint|p1a: Gengar
|
|-damage|p2a: Manectric|211\/281 brn|[from] brn
|
|switch|p1a: Latios|Latios, M|301\/301
|-damage|p1a: Latios|264\/301|[from] Stealth Rock
|turn|19
|
|switch|p2a: Excadrill|Excadrill, M|424\/424
|-ability|p2a: Excadrill|Mold Breaker
|-item|p2a: Excadrill|Air Balloon
|move|p1a: Latios|Psychic|p2a: Excadrill
|-resisted|p2a: Excadrill
|-damage|p2a: Excadrill|273\/424
|-enditem|p2a: Excadrill|Air Balloon
|-damage|p1a: Latios|234\/301|[from] item: Life Orb
|
|turn|20
|
|move|p1a: Latios|Defog|p2a: Excadrill
|-unboost|p2a: Excadrill|evasion|1
|-sideend|p1: NorecuerdomiNick.|Stealth Rock|[from] move: Defog|[of] p1a: Latios
|move|p2a: Excadrill|X-Scissor|p1a: Latios
|-supereffective|p1a: Latios
|-damage|p1a: Latios|0 fnt
|faint|p1a: Latios
|
|
|switch|p1a: Talonflame|Talonflame, M|298\/298
|turn|21
|
|switch|p2a: Manectric|Manectric-Mega, M|211\/281 brn
|-ability|p2a: Manectric|Intimidate|[of] p1a: Talonflame
|-unboost|p1a: Talonflame|atk|1
|move|p1a: Talonflame|Brave Bird|p2a: Manectric
|-resisted|p2a: Manectric
|-damage|p2a: Manectric|110\/281 brn
|-damage|p1a: Talonflame|265\/298|[from] recoil|[of] p2a: Manectric
|
|-damage|p2a: Manectric|75\/281 brn|[from] brn
|turn|22
|
|move|p1a: Talonflame|Brave Bird|p2a: Manectric
|-resisted|p2a: Manectric
|-damage|p2a: Manectric|0 fnt
|-damage|p1a: Talonflame|240\/298|[from] recoil|[of] p2a: Manectric
|faint|p2a: Manectric
|
|
|switch|p2a: Gengar|Gengar, F|262\/262
|turn|23
|
|move|p1a: Talonflame|Brave Bird|p2a: Gengar
|-damage|p2a: Gengar|0 fnt
|-damage|p1a: Talonflame|154\/298|[from] recoil|[of] p2a: Gengar
|faint|p2a: Gengar
|
|
|switch|p2a: Excadrill|Excadrill, M|273\/424
|-ability|p2a: Excadrill|Mold Breaker
|turn|24
|
|switch|p2a: Heatran|Heatran, F|103\/386
|move|p1a: Talonflame|Brave Bird|p2a: Heatran
|-resisted|p2a: Heatran
|-damage|p2a: Heatran|48\/386
|-damage|p1a: Talonflame|136\/298|[from] recoil|[of] p2a: Heatran
|
|turn|25
|
|move|p1a: Talonflame|Brave Bird|p2a: Heatran
|-resisted|p2a: Heatran
|-damage|p2a: Heatran|0 fnt
|-damage|p1a: Talonflame|120\/298|[from] recoil|[of] p2a: Heatran
|faint|p2a: Heatran
|
|
|switch|p2a: Excadrill|Excadrill, M|273\/424
|-ability|p2a: Excadrill|Mold Breaker
|turn|26
|
|move|p1a: Talonflame|Brave Bird|p2a: Excadrill
|-resisted|p2a: Excadrill
|-damage|p2a: Excadrill|140\/424
|-damage|p1a: Talonflame|76\/298|[from] recoil|[of] p2a: Excadrill
|move|p2a: Excadrill|Iron Head|p1a: Talonflame
|-resisted|p1a: Talonflame
|-damage|p1a: Talonflame|0 fnt
|faint|p1a: Talonflame
|
|win|what13
|raw|Ladder updating...
|c|âwhat13|gg
|raw|NorecuerdomiNick.'s rating: 1374 &rarr; <strong>1351<\/strong><br \/>(-23 for losing)
|raw|what13's rating: 1328 &rarr; <strong>1351<\/strong><br \/>(+23 for winning)
|leave|what13
|player|p2