|join|NorecuerdomiNick.
|join|nineup
|player|p1|NorecuerdomiNick.|209
|player|p2|nineup|266
|gametype|singles
|gen|6
|tier|OU
|rated
|clearpoke
|poke|p1|Gengar, M
|poke|p1|Conkeldurr, F
|poke|p1|Heatran, M
|poke|p1|Blastoise, M
|poke|p1|Talonflame, M
|poke|p1|Latios, M
|poke|p2|Metagross, shiny
|poke|p2|Gliscor, M, shiny
|poke|p2|Greninja, F, shiny
|poke|p2|Latias, F, shiny
|poke|p2|Heatran, F, shiny
|poke|p2|Mamoswine, F
|rule|Swagger Clause: Swagger is banned
|rule|Baton Pass Clause: Limit one PokÃ©mon knowing Baton Pass
|rule|Sleep Clause Mod: Limit one foe put to sleep
|rule|Species Clause: Limit one of each PokÃ©mon
|rule|OHKO Clause: OHKO moves are banned
|rule|Moody Clause: Moody is banned
|rule|Evasion Moves Clause: Evasion moves are banned
|rule|Endless Battle Clause: Forcing endless battles is banned
|rule|HP Percentage Mod: HP is shown in percentages
|teampreview
|
|start
|switch|p1a: Gengar|Gengar, M|261\/261
|switch|p2a: Mannie|Mamoswine, F|424\/424
|turn|1
|
|move|p1a: Gengar|Will-O-Wisp|p2a: Mannie
|-status|p2a: Mannie|brn
|move|p2a: Mannie|Stealth Rock|p1a: Gengar
|-sidestart|p1: NorecuerdomiNick.|move: Stealth Rock
|
|-damage|p2a: Mannie|371\/424 brn|[from] brn
|turn|2
|
|move|p2a: Mannie|Ice Shard|p1a: Gengar
|-damage|p1a: Gengar|219\/261
|move|p1a: Gengar|Substitute|p1a: Gengar
|-start|p1a: Gengar|Substitute
|-damage|p1a: Gengar|154\/261
|
|-heal|p1a: Gengar|170\/261|[from] item: Black Sludge
|-damage|p2a: Mannie|318\/424 brn|[from] brn
|turn|3
|
|switch|p2a: Tongue Scarfin'|Greninja, F, shiny|285\/285
|move|p1a: Gengar|Shadow Ball|p2a: Tongue Scarfin'
|-resisted|p2a: Tongue Scarfin'
|-damage|p2a: Tongue Scarfin'|186\/285
|
|-heal|p1a: Gengar|186\/261|[from] item: Black Sludge
|turn|4
|
|move|p2a: Tongue Scarfin'|Dark Pulse|p1a: Gengar
|-start|p2a: Tongue Scarfin'|typechange|Dark|[from] Protean
|-supereffective|p1a: Gengar
|-end|p1a: Gengar|Substitute
|-damage|p2a: Tongue Scarfin'|158\/285|[from] item: Life Orb
|move|p1a: Gengar|Sludge Wave|p2a: Tongue Scarfin'
|-damage|p2a: Tongue Scarfin'|0 fnt
|faint|p2a: Tongue Scarfin'
|
|-heal|p1a: Gengar|202\/261|[from] item: Black Sludge
|
|switch|p2a: Latias|Latias, F, shiny|364\/364
|turn|5
|c|ânineup|shit
|c|ânineup|wrong
|
|move|p2a: Latias|Psyshock|p1a: Gengar
|-supereffective|p1a: Gengar
|-damage|p1a: Gengar|0 fnt
|-damage|p2a: Latias|328\/364|[from] item: Life Orb
|faint|p1a: Gengar
|
|c|ânineup|lol
|c|ânineup|lost my ninja..
|
|switch|p1a: Heatran|Heatran, M|386\/386
|-damage|p1a: Heatran|338\/386|[from] Stealth Rock
|turn|6
|
|switch|p2a: Mannie|Mamoswine, F|318\/424 brn
|move|p1a: Heatran|Stealth Rock|p2a: Mannie
|-sidestart|p2: nineup|move: Stealth Rock
|
|-heal|p1a: Heatran|362\/386|[from] item: Leftovers
|-damage|p2a: Mannie|265\/424 brn|[from] brn
|turn|7
|
|switch|p1a: Blastoise|Blastoise, M|343\/343
|-damage|p1a: Blastoise|301\/343|[from] Stealth Rock
|move|p2a: Mannie|Endeavor|p1a: Blastoise
|-damage|p1a: Blastoise|265\/343
|
|-damage|p2a: Mannie|212\/424 brn|[from] brn
|turn|8
|
|detailschange|p1a: Blastoise|Blastoise-Mega, M
|message|Blastoise has Mega Evolved into Mega Blastoise!
|move|p2a: Mannie|Earthquake|p1a: Blastoise
|-damage|p1a: Blastoise|198\/343
|move|p1a: Blastoise|Rapid Spin|p2a: Mannie
|-damage|p2a: Mannie|194\/424 brn
|-sideend|p1: NorecuerdomiNick.|Stealth Rock|[from] move: Rapid Spin|[of] p1a: Blastoise
|
|-damage|p2a: Mannie|141\/424 brn|[from] brn
|turn|9
|c|ânineup|god damn it mamoswine
|c|ânineup|u have so much hp
|
|move|p2a: Mannie|Earthquake|p1a: Blastoise
|-damage|p1a: Blastoise|137\/343
|move|p1a: Blastoise|Scald|p2a: Mannie
|-supereffective|p2a: Mannie
|-damage|p2a: Mannie|0 fnt
|faint|p2a: Mannie
|
|
|switch|p2a: Latias|Latias, F, shiny|328\/364
|-damage|p2a: Latias|283\/364|[from] Stealth Rock
|turn|10
|
|move|p2a: Latias|Draco Meteor|p1a: Blastoise|[miss]
|-miss|p2a: Latias|p1a: Blastoise
|move|p1a: Blastoise|Dark Pulse|p2a: Latias
|-supereffective|p2a: Latias
|-damage|p2a: Latias|9\/364
|
|turn|11
|c|ânineup|wow.
|c|ânineup|really
|c|ânineup|really
|c|ânineup|really
|
|switch|p1a: Heatran|Heatran, M|362\/386
|move|p2a: Latias|Defog|p1a: Heatran
|-unboost|p1a: Heatran|evasion|1
|-sideend|p2: nineup|Stealth Rock|[from] move: Defog|[of] p2a: Latias
|
|-heal|p1a: Heatran|386\/386|[from] item: Leftovers
|turn|12
|
|switch|p2a: Batarang|Gliscor, M, shiny|354\/354
|move|p1a: Heatran|Stealth Rock|p2a: Batarang
|-sidestart|p2: nineup|move: Stealth Rock
|
|-status|p2a: Batarang|tox|[from] item: Toxic Orb
|turn|13
|c|ânineup|doesn't even matter
|
|move|p2a: Batarang|Substitute|p2a: Batarang
|-start|p2a: Batarang|Substitute
|-damage|p2a: Batarang|266\/354 tox
|move|p1a: Heatran|Lava Plume|p2a: Batarang
|-end|p2a: Batarang|Substitute
|
|-heal|p2a: Batarang|310\/354 tox|[from] ability: Poison Heal
|turn|14
|c|ânineup|bull shit
|
|move|p2a: Batarang|Swords Dance|p2a: Batarang
|-boost|p2a: Batarang|atk|2
|move|p1a: Heatran|Lava Plume|p2a: Batarang
|-damage|p2a: Batarang|169\/354 tox
|
|-heal|p2a: Batarang|213\/354 tox|[from] ability: Poison Heal
|turn|15
|
|move|p2a: Batarang|Swords Dance|p2a: Batarang
|-boost|p2a: Batarang|atk|2
|move|p1a: Heatran|Lava Plume|p2a: Batarang
|-damage|p2a: Batarang|66\/354 tox
|
|-heal|p2a: Batarang|110\/354 tox|[from] ability: Poison Heal
|turn|16
|
|move|p2a: Batarang|Baton Pass|p2a: Batarang
|
|switch|p2a: X Marks the Spot.|Metagross, shiny|364\/364
|-damage|p2a: X Marks the Spot.|342\/364|[from] Stealth Rock
|move|p1a: Heatran|Lava Plume|p2a: X Marks the Spot.
|-crit|p2a: X Marks the Spot.
|-supereffective|p2a: X Marks the Spot.
|-damage|p2a: X Marks the Spot.|0 fnt
|faint|p2a: X Marks the Spot.
|
|c|ânineup|are u serious
|c|ânineup|are u fucking serious
|c|ânineup|are u fucking FUCKING serious
|-message|nineup forfeited.
|
|win|NorecuerdomiNick.
|raw|Ladder updating...
|leave|nineup
|player|p2
|raw|NorecuerdomiNick.'s rating: 1347 &rarr; <strong>1366<\/strong><br \/>(+19 for winning)
|raw|nineup's rating: 1341 &rarr; <strong>1321<\/strong><br \/>(-20 for losing)