|join|NorecuerdomiNick.
|join|zeroxaxl
|player|p1|NorecuerdomiNick.|209
|player|p2|zeroxaxl|161
|gametype|singles
|gen|6
|tier|OU
|rated
|clearpoke
|poke|p1|Gengar, M
|poke|p1|Conkeldurr, M
|poke|p1|Heatran, F
|poke|p1|Blastoise, F
|poke|p1|Talonflame, M
|poke|p1|Latios, M
|poke|p2|Breloom, F
|poke|p2|Scolipede, F
|poke|p2|Dragonite, M
|poke|p2|Pinsir, F
|poke|p2|Talonflame, F
|poke|p2|Espeon, M
|rule|Swagger Clause: Swagger is banned
|rule|Baton Pass Clause: Limit one PokÃ©mon knowing Baton Pass
|rule|Sleep Clause Mod: Limit one foe put to sleep
|rule|Species Clause: Limit one of each PokÃ©mon
|rule|OHKO Clause: OHKO moves are banned
|rule|Moody Clause: Moody is banned
|rule|Evasion Moves Clause: Evasion moves are banned
|rule|Endless Battle Clause: Forcing endless battles is banned
|rule|HP Percentage Mod: HP is shown in percentages
|teampreview
|
|start
|switch|p1a: Gengar|Gengar, M|261\/261
|switch|p2a: Talonflame|Talonflame, F|298\/298
|turn|1
|
|move|p2a: Talonflame|Brave Bird|p1a: Gengar
|-damage|p1a: Gengar|6\/261
|-damage|p2a: Talonflame|214\/298|[from] recoil|[of] p1a: Gengar
|move|p1a: Gengar|Shadow Ball|p2a: Talonflame
|-damage|p2a: Talonflame|30\/298
|
|-heal|p2a: Talonflame|48\/298|[from] item: Leftovers
|-heal|p1a: Gengar|22\/261|[from] item: Black Sludge
|turn|2
|
|switch|p1a: Heatran|Heatran, F|323\/323
|move|p2a: Talonflame|Brave Bird|p1a: Heatran
|-resisted|p1a: Heatran
|-damage|p1a: Heatran|235\/323
|-damage|p2a: Talonflame|19\/298|[from] recoil|[of] p1a: Heatran
|
|-heal|p2a: Talonflame|37\/298|[from] item: Leftovers
|-heal|p1a: Heatran|255\/323|[from] item: Leftovers
|turn|3
|
|switch|p2a: Espeon|Espeon, M|272\/272
|move|p1a: Heatran|Lava Plume|p2a: Espeon
|-damage|p2a: Espeon|151\/272
|-status|p2a: Espeon|brn
|
|-heal|p2a: Espeon|168\/272 brn|[from] item: Leftovers
|-heal|p1a: Heatran|275\/323|[from] item: Leftovers
|-damage|p2a: Espeon|134\/272 brn|[from] brn
|turn|4
|
|move|p2a: Espeon|Psyshock|p1a: Heatran
|-resisted|p1a: Heatran
|-damage|p1a: Heatran|212\/323
|move|p1a: Heatran|Lava Plume|p2a: Espeon
|-damage|p2a: Espeon|5\/272 brn
|
|-heal|p2a: Espeon|22\/272 brn|[from] item: Leftovers
|-heal|p1a: Heatran|232\/323|[from] item: Leftovers
|-damage|p2a: Espeon|0 fnt|[from] brn
|faint|p2a: Espeon
|
|switch|p2a: Scolipede|Scolipede, F|324\/324
|turn|5
|
|move|p2a: Scolipede|Swords Dance|p2a: Scolipede
|-boost|p2a: Scolipede|atk|2
|move|p1a: Heatran|Stealth Rock|p2a: Scolipede
|-sidestart|p2: zeroxaxl|move: Stealth Rock
|
|-heal|p1a: Heatran|252\/323|[from] item: Leftovers
|-boost|p2a: Scolipede|spe|1|[from] ability: Speed Boost
|turn|6
|
|move|p2a: Scolipede|Protect|p2a: Scolipede
|-singleturn|p2a: Scolipede|Protect
|move|p1a: Heatran|Lava Plume|p2a: Scolipede
|-activate|p2a: Scolipede|Protect
|
|-heal|p1a: Heatran|272\/323|[from] item: Leftovers
|-boost|p2a: Scolipede|spe|1|[from] ability: Speed Boost
|turn|7
|
|move|p2a: Scolipede|Swords Dance|p2a: Scolipede
|-boost|p2a: Scolipede|atk|2
|move|p1a: Heatran|Lava Plume|p2a: Scolipede
|-supereffective|p2a: Scolipede
|-damage|p2a: Scolipede|10\/324
|
|-heal|p1a: Heatran|292\/323|[from] item: Leftovers
|-boost|p2a: Scolipede|spe|1|[from] ability: Speed Boost
|turn|8
|
|move|p2a: Scolipede|Baton Pass|p2a: Scolipede
|
|switch|p2a: Dragonite|Dragonite, M|324\/324
|-damage|p2a: Dragonite|243\/324|[from] Stealth Rock
|move|p1a: Heatran|Lava Plume|p2a: Dragonite
|-resisted|p2a: Dragonite
|-damage|p2a: Dragonite|189\/324
|
|-heal|p1a: Heatran|312\/323|[from] item: Leftovers
|turn|9
|
|move|p2a: Dragonite|Earthquake|p1a: Heatran
|-supereffective|p1a: Heatran
|-damage|p1a: Heatran|0 fnt
|faint|p1a: Heatran
|
|
|switch|p1a: Talonflame|Talonflame, M|298\/298
|turn|10
|
|move|p2a: Dragonite|Extreme Speed|p1a: Talonflame
|-damage|p1a: Talonflame|0 fnt
|faint|p1a: Talonflame
|
|
|switch|p1a: Conkeldurr|Conkeldurr, M|401\/401
|turn|11
|
|move|p2a: Dragonite|Extreme Speed|p1a: Conkeldurr
|-damage|p1a: Conkeldurr|75\/401
|move|p1a: Conkeldurr|Ice Punch|p2a: Dragonite
|-supereffective|p2a: Dragonite
|-damage|p2a: Dragonite|0 fnt
|faint|p2a: Dragonite
|
|
|switch|p2a: Scolipede|Scolipede, F|10\/324
|-damage|p2a: Scolipede|0 fnt|[from] Stealth Rock
|faint|p2a: Scolipede
|
|switch|p2a: Pinsir|Pinsir, F|272\/272
|-damage|p2a: Pinsir|204\/272|[from] Stealth Rock
|turn|12
|
|detailschange|p2a: Pinsir|Pinsir-Mega, F
|message|Pinsir has Mega Evolved into Mega Pinsir!
|move|p2a: Pinsir|Quick Attack|p1a: Conkeldurr
|-supereffective|p1a: Conkeldurr
|-damage|p1a: Conkeldurr|0 fnt
|faint|p1a: Conkeldurr
|
|
|switch|p1a: Latios|Latios, M|301\/301
|turn|13
|
|move|p2a: Pinsir|Quick Attack|p1a: Latios
|-damage|p1a: Latios|157\/301
|move|p1a: Latios|Thunderbolt|p2a: Pinsir
|-supereffective|p2a: Pinsir
|-damage|p2a: Pinsir|0 fnt
|-damage|p1a: Latios|127\/301|[from] item: Life Orb
|faint|p2a: Pinsir
|
|
|switch|p2a: Talonflame|Talonflame, F|37\/298
|-damage|p2a: Talonflame|0 fnt|[from] Stealth Rock
|faint|p2a: Talonflame
|
|switch|p2a: Breloom|Breloom, F|262\/262
|-damage|p2a: Breloom|246\/262|[from] Stealth Rock
|turn|14
|
|move|p1a: Latios|Psyshock|p2a: Breloom
|-supereffective|p2a: Breloom
|-damage|p2a: Breloom|0 fnt
|-damage|p1a: Latios|97\/301|[from] item: Life Orb
|faint|p2a: Breloom
|
|win|NorecuerdomiNick.
|raw|Ladder updating...