|join|Pitoski
|join|NorecuerdomiNick.
|player|p1|Pitoski|2
|player|p2|NorecuerdomiNick.|209
|gametype|singles
|gen|6
|tier|OU
|rated
|clearpoke
|poke|p1|Bisharp, F
|poke|p1|Landorus-Therian, M
|poke|p1|Rotom-Wash
|poke|p1|Greninja, F
|poke|p1|Volcarona, M
|poke|p1|Scizor, F
|poke|p2|Gengar, F
|poke|p2|Conkeldurr, M
|poke|p2|Heatran, M
|poke|p2|Blastoise, F
|poke|p2|Talonflame, M
|poke|p2|Latios, M
|rule|Swagger Clause: Swagger is banned
|rule|Baton Pass Clause: Limit one PokÃ©mon knowing Baton Pass
|rule|Sleep Clause Mod: Limit one foe put to sleep
|rule|Species Clause: Limit one of each PokÃ©mon
|rule|OHKO Clause: OHKO moves are banned
|rule|Moody Clause: Moody is banned
|rule|Evasion Moves Clause: Evasion moves are banned
|rule|Endless Battle Clause: Forcing endless battles is banned
|rule|HP Percentage Mod: HP is shown in percentages
|teampreview
|
|start
|switch|p1a: Landorus-Therian|Landorus-Therian, M|382\/382
|switch|p2a: Gengar|Gengar, F|261\/261
|-ability|p1a: Landorus-Therian|Intimidate|[of] p2a: Gengar
|-unboost|p2a: Gengar|atk|1
|turn|1
|
|move|p2a: Gengar|Will-O-Wisp|p1a: Landorus-Therian|[miss]
|-miss|p2a: Gengar|p1a: Landorus-Therian
|move|p1a: Landorus-Therian|Knock Off|p2a: Gengar
|-supereffective|p2a: Gengar
|-damage|p2a: Gengar|0 fnt
|-enditem|p2a: Gengar|Black Sludge|[from] move: Knock Off|[of] p1a: Landorus-Therian
|faint|p2a: Gengar
|
|
|switch|p2a: Blastoise|Blastoise, F|343\/343
|turn|2
|
|switch|p1a: Rotom-Wash|Rotom-Wash|304\/304
|detailschange|p2a: Blastoise|Blastoise-Mega, F
|message|Blastoise has Mega Evolved into Mega Blastoise!
|move|p2a: Blastoise|Dark Pulse|p1a: Rotom-Wash
|-damage|p1a: Rotom-Wash|202\/304
|
|-heal|p1a: Rotom-Wash|221\/304|[from] item: Leftovers
|turn|3
|
|switch|p2a: Conkeldurr|Conkeldurr, M|401\/401
|move|p1a: Rotom-Wash|Volt Switch|p2a: Conkeldurr
|-damage|p2a: Conkeldurr|320\/401
|
|switch|p1a: Scizor|Scizor, F|344\/344
|
|turn|4
|
|switch|p2a: Heatran|Heatran, M|386\/386
|move|p1a: Scizor|Bullet Punch|p2a: Heatran
|-resisted|p2a: Heatran
|-damage|p2a: Heatran|343\/386
|
|-heal|p2a: Heatran|367\/386|[from] item: Leftovers
|turn|5
|
|switch|p1a: Rotom-Wash|Rotom-Wash|221\/304
|move|p2a: Heatran|Stealth Rock|p1a: Rotom-Wash
|-sidestart|p1: Pitoski|move: Stealth Rock
|
|-heal|p1a: Rotom-Wash|240\/304|[from] item: Leftovers
|-heal|p2a: Heatran|386\/386|[from] item: Leftovers
|turn|6
|
|switch|p1a: Landorus-Therian|Landorus-Therian, M|382\/382
|-damage|p1a: Landorus-Therian|335\/382|[from] Stealth Rock
|-ability|p1a: Landorus-Therian|Intimidate|[of] p2a: Heatran
|-unboost|p2a: Heatran|atk|1
|move|p2a: Heatran|Toxic|p1a: Landorus-Therian
|-status|p1a: Landorus-Therian|tox
|
|-heal|p1a: Landorus-Therian|358\/382 tox|[from] item: Leftovers
|-damage|p1a: Landorus-Therian|335\/382 tox|[from] psn
|turn|7
|
|switch|p2a: Conkeldurr|Conkeldurr, M|320\/401
|move|p1a: Landorus-Therian|Stealth Rock|p2a: Conkeldurr
|-sidestart|p2: NorecuerdomiNick.|move: Stealth Rock
|
|-heal|p1a: Landorus-Therian|358\/382 tox|[from] item: Leftovers
|-damage|p1a: Landorus-Therian|312\/382 tox|[from] psn
|turn|8
|
|move|p1a: Landorus-Therian|U-turn|p2a: Conkeldurr
|-resisted|p2a: Conkeldurr
|-damage|p2a: Conkeldurr|285\/401
|
|switch|p1a: Scizor|Scizor, F|344\/344
|-damage|p1a: Scizor|301\/344|[from] Stealth Rock
|move|p2a: Conkeldurr|Drain Punch|p1a: Scizor
|-damage|p1a: Scizor|142\/344
|-heal|p2a: Conkeldurr|365\/401|[from] drain|[of] p1a: Scizor
|
|turn|9
|
|move|p1a: Scizor|U-turn|p2a: Conkeldurr
|-resisted|p2a: Conkeldurr
|-damage|p2a: Conkeldurr|269\/401
|
|switch|p1a: Landorus-Therian|Landorus-Therian, M|312\/382 tox
|-damage|p1a: Landorus-Therian|265\/382 tox|[from] Stealth Rock
|-ability|p1a: Landorus-Therian|Intimidate|[of] p2a: Conkeldurr
|-unboost|p2a: Conkeldurr|atk|1
|move|p2a: Conkeldurr|Drain Punch|p1a: Landorus-Therian
|-resisted|p1a: Landorus-Therian
|-damage|p1a: Landorus-Therian|222\/382 tox
|-heal|p2a: Conkeldurr|291\/401|[from] drain|[of] p1a: Landorus-Therian
|
|-heal|p1a: Landorus-Therian|245\/382 tox|[from] item: Leftovers
|-damage|p1a: Landorus-Therian|222\/382 tox|[from] psn
|turn|10
|
|move|p1a: Landorus-Therian|U-turn|p2a: Conkeldurr
|-resisted|p2a: Conkeldurr
|-damage|p2a: Conkeldurr|252\/401
|
|switch|p1a: Scizor|Scizor, F|142\/344
|-damage|p1a: Scizor|99\/344|[from] Stealth Rock
|move|p2a: Conkeldurr|Ice Punch|p1a: Scizor
|-crit|p1a: Scizor
|-resisted|p1a: Scizor
|-damage|p1a: Scizor|26\/344
|
|turn|11
|
|move|p1a: Scizor|Bullet Punch|p2a: Conkeldurr
|-damage|p2a: Conkeldurr|74\/401
|move|p2a: Conkeldurr|Mach Punch|p1a: Scizor
|-damage|p1a: Scizor|0 fnt
|faint|p1a: Scizor
|
|
|switch|p1a: Landorus-Therian|Landorus-Therian, M|222\/382 tox
|-damage|p1a: Landorus-Therian|175\/382 tox|[from] Stealth Rock
|-ability|p1a: Landorus-Therian|Intimidate|[of] p2a: Conkeldurr
|-unboost|p2a: Conkeldurr|atk|1
|turn|12
|
|move|p1a: Landorus-Therian|Earthquake|p2a: Conkeldurr
|-damage|p2a: Conkeldurr|0 fnt
|faint|p2a: Conkeldurr
|
|-heal|p1a: Landorus-Therian|198\/382 tox|[from] item: Leftovers
|-damage|p1a: Landorus-Therian|175\/382 tox|[from] psn
|
|switch|p2a: Blastoise|Blastoise-Mega, F|343\/343
|-damage|p2a: Blastoise|301\/343|[from] Stealth Rock
|turn|13
|
|move|p1a: Landorus-Therian|Earthquake|p2a: Blastoise
|-damage|p2a: Blastoise|171\/343
|move|p2a: Blastoise|Rapid Spin|p1a: Landorus-Therian
|-damage|p1a: Landorus-Therian|164\/382 tox
|-sideend|p2: NorecuerdomiNick.|Stealth Rock|[from] move: Rapid Spin|[of] p2a: Blastoise
|
|-heal|p1a: Landorus-Therian|187\/382 tox|[from] item: Leftovers
|-damage|p1a: Landorus-Therian|141\/382 tox|[from] psn
|turn|14
|
|move|p1a: Landorus-Therian|Stealth Rock|p2a: Blastoise
|-sidestart|p2: NorecuerdomiNick.|move: Stealth Rock
|move|p2a: Blastoise|Scald|p1a: Landorus-Therian
|-supereffective|p1a: Landorus-Therian
|-damage|p1a: Landorus-Therian|0 fnt
|faint|p1a: Landorus-Therian
|
|
|switch|p1a: Rotom-Wash|Rotom-Wash|240\/304
|-damage|p1a: Rotom-Wash|202\/304|[from] Stealth Rock
|turn|15
|
|move|p2a: Blastoise|Dark Pulse|p1a: Rotom-Wash
|-damage|p1a: Rotom-Wash|92\/304
|move|p1a: Rotom-Wash|Volt Switch|p2a: Blastoise
|-supereffective|p2a: Blastoise
|-damage|p2a: Blastoise|3\/343
|
|switch|p1a: Volcarona|Volcarona, M|312\/312
|-damage|p1a: Volcarona|156\/312|[from] Stealth Rock
|
|turn|16
|
|move|p1a: Volcarona|Fiery Dance|p2a: Blastoise
|-resisted|p2a: Blastoise
|-damage|p2a: Blastoise|0 fnt
|faint|p2a: Blastoise
|
|
|switch|p2a: Latios|Latios, M|301\/301
|-damage|p2a: Latios|264\/301|[from] Stealth Rock
|turn|17
|
|move|p2a: Latios|Dragon Pulse|p1a: Volcarona
|-damage|p1a: Volcarona|0 fnt
|-damage|p2a: Latios|234\/301|[from] item: Life Orb
|faint|p1a: Volcarona
|
|
|switch|p1a: Greninja|Greninja, F|285\/285
|-damage|p1a: Greninja|250\/285|[from] Stealth Rock
|turn|18
|
|move|p1a: Greninja|Ice Beam|p2a: Latios
|-start|p1a: Greninja|typechange|Ice|[from] Protean
|-supereffective|p2a: Latios
|-damage|p2a: Latios|0 fnt
|faint|p2a: Latios
|
|
|switch|p2a: Heatran|Heatran, M|386\/386
|-damage|p2a: Heatran|338\/386|[from] Stealth Rock
|turn|19
|
|move|p1a: Greninja|Hydro Pump|p2a: Heatran
|-start|p1a: Greninja|typechange|Water|[from] Protean
|-supereffective|p2a: Heatran
|-damage|p2a: Heatran|72\/386
|move|p2a: Heatran|Lava Plume|p1a: Greninja
|-resisted|p1a: Greninja
|-damage|p1a: Greninja|175\/285
|
|-heal|p2a: Heatran|96\/386|[from] item: Leftovers
|turn|20
|
|move|p1a: Greninja|Dark Pulse|p2a: Heatran
|-start|p1a: Greninja|typechange|Dark|[from] Protean
|-damage|p2a: Heatran|12\/386
|move|p2a: Heatran|Lava Plume|p1a: Greninja
|-damage|p1a: Greninja|31\/285
|
|-heal|p2a: Heatran|36\/386|[from] item: Leftovers
|turn|21
|
|move|p2a: Heatran|Protect|p2a: Heatran
|-singleturn|p2a: Heatran|Protect
|move|p1a: Greninja|Dark Pulse|p2a: Heatran
|-activate|p2a: Heatran|Protect
|
|-heal|p2a: Heatran|60\/386|[from] item: Leftovers
|turn|22
|
|move|p1a: Greninja|Dark Pulse|p2a: Heatran
|-damage|p2a: Heatran|0 fnt
|faint|p2a: Heatran
|
|
|switch|p2a: Talonflame|Talonflame, M|298\/298
|-damage|p2a: Talonflame|149\/298|[from] Stealth Rock
|turn|23
|
|move|p2a: Talonflame|Brave Bird|p1a: Greninja
|-damage|p1a: Greninja|0 fnt
|-damage|p2a: Talonflame|139\/298|[from] recoil|[of] p1a: Greninja
|faint|p1a: Greninja
|
|
|switch|p1a: Rotom-Wash|Rotom-Wash|92\/304
|-damage|p1a: Rotom-Wash|54\/304|[from] Stealth Rock
|turn|24
|
|move|p2a: Talonflame|Brave Bird|p1a: Rotom-Wash
|-resisted|p1a: Rotom-Wash
|-damage|p1a: Rotom-Wash|0 fnt
|-damage|p2a: Talonflame|121\/298|[from] recoil|[of] p1a: Rotom-Wash
|faint|p1a: Rotom-Wash
|
|
|switch|p1a: Bisharp|Bisharp, F|271\/271
|-damage|p1a: Bisharp|255\/271|[from] Stealth Rock
|turn|25
|
|move|p2a: Talonflame|Brave Bird|p1a: Bisharp
|-resisted|p1a: Bisharp
|-damage|p1a: Bisharp|118\/271
|-damage|p2a: Talonflame|76\/298|[from] recoil|[of] p1a: Bisharp
|move|p1a: Bisharp|Sucker Punch|p2a: Talonflame
|-fail|p2a: Talonflame
|
|turn|26
|-message|Pitoski forfeited.
|
|win|NorecuerdomiNick.
|raw|Ladder updating...
|leave|Pitoski
|player|p1