|join|NorecuerdomiNick.
|join|The Magician Z
|player|p1|NorecuerdomiNick.|209
|player|p2|The Magician Z|269
|gametype|singles
|gen|6
|tier|OU
|rated
|clearpoke
|poke|p1|Gengar, F
|poke|p1|Conkeldurr, F
|poke|p1|Heatran, M
|poke|p1|Blastoise, F
|poke|p1|Talonflame, M
|poke|p1|Latios, M
|poke|p2|Heatran, M
|poke|p2|Azumarill, F
|poke|p2|Latios, M
|poke|p2|Greninja, M
|poke|p2|Kyurem-Black
|poke|p2|Infernape, F
|rule|Swagger Clause: Swagger is banned
|rule|Baton Pass Clause: Limit one PokÃ©mon knowing Baton Pass
|rule|Sleep Clause Mod: Limit one foe put to sleep
|rule|Species Clause: Limit one of each PokÃ©mon
|rule|OHKO Clause: OHKO moves are banned
|rule|Moody Clause: Moody is banned
|rule|Evasion Moves Clause: Evasion moves are banned
|rule|Endless Battle Clause: Forcing endless battles is banned
|rule|HP Percentage Mod: HP is shown in percentages
|teampreview
|
|start
|switch|p1a: Gengar|Gengar, F|261\/261
|switch|p2a: Infernape|Infernape, F|293\/293
|turn|1
|
|move|p1a: Gengar|Substitute|p1a: Gengar
|-start|p1a: Gengar|Substitute
|-damage|p1a: Gengar|196\/261
|move|p2a: Infernape|Stealth Rock|p1a: Gengar
|-sidestart|p1: NorecuerdomiNick.|move: Stealth Rock
|
|-heal|p1a: Gengar|212\/261|[from] item: Black Sludge
|turn|2
|
|move|p1a: Gengar|Sludge Wave|p2a: Infernape
|-damage|p2a: Infernape|77\/293
|move|p2a: Infernape|Fire Blast|p1a: Gengar
|-end|p1a: Gengar|Substitute
|
|-heal|p1a: Gengar|228\/261|[from] item: Black Sludge
|turn|3
|
|switch|p2a: Heatran|Heatran, M|323\/323
|move|p1a: Gengar|Shadow Ball|p2a: Heatran
|-damage|p2a: Heatran|190\/323
|
|-heal|p1a: Gengar|244\/261|[from] item: Black Sludge
|turn|4
|
|move|p2a: Heatran|Lava Plume|p1a: Gengar
|-damage|p1a: Gengar|37\/261
|-status|p1a: Gengar|brn
|move|p1a: Gengar|Shadow Ball|p2a: Heatran
|-damage|p2a: Heatran|46\/323
|
|-heal|p1a: Gengar|53\/261 brn|[from] item: Black Sludge
|-damage|p1a: Gengar|21\/261 brn|[from] brn
|turn|5
|
|switch|p2a: Infernape|Infernape, F|77\/293
|move|p1a: Gengar|Shadow Ball|p2a: Infernape
|-damage|p2a: Infernape|0 fnt
|faint|p2a: Infernape
|
|-heal|p1a: Gengar|37\/261 brn|[from] item: Black Sludge
|-damage|p1a: Gengar|5\/261 brn|[from] brn
|
|switch|p2a: Heatran|Heatran, M|46\/323
|turn|6
|
|move|p2a: Heatran|Flash Cannon|p1a: Gengar
|-damage|p1a: Gengar|0 fnt
|faint|p1a: Gengar
|
|
|switch|p1a: Heatran|Heatran, M|386\/386
|-damage|p1a: Heatran|338\/386|[from] Stealth Rock
|turn|7
|
|switch|p2a: Azumarill|Azumarill, F|403\/403
|move|p1a: Heatran|Stealth Rock|p2a: Azumarill
|-sidestart|p2: The Magician Z|move: Stealth Rock
|
|-heal|p1a: Heatran|362\/386|[from] item: Leftovers
|turn|8
|
|move|p1a: Heatran|Toxic|p2a: Azumarill
|-status|p2a: Azumarill|tox
|move|p2a: Azumarill|Waterfall|p1a: Heatran
|-supereffective|p1a: Heatran
|-damage|p1a: Heatran|20\/386
|
|-heal|p1a: Heatran|44\/386|[from] item: Leftovers
|-damage|p2a: Azumarill|378\/403 tox|[from] psn
|turn|9
|
|move|p1a: Heatran|Protect|p1a: Heatran
|-singleturn|p1a: Heatran|Protect
|move|p2a: Azumarill|Aqua Jet|p1a: Heatran
|-activate|p1a: Heatran|Protect
|
|-heal|p1a: Heatran|68\/386|[from] item: Leftovers
|-damage|p2a: Azumarill|328\/403 tox|[from] psn
|turn|10
|
|move|p1a: Heatran|Lava Plume|p2a: Azumarill
|-resisted|p2a: Azumarill
|-damage|p2a: Azumarill|285\/403 tox
|move|p2a: Azumarill|Play Rough|p1a: Heatran
|-resisted|p1a: Heatran
|-damage|p1a: Heatran|22\/386
|
|-heal|p1a: Heatran|46\/386|[from] item: Leftovers
|-damage|p2a: Azumarill|210\/403 tox|[from] psn
|turn|11
|
|switch|p2a: Heatran|Heatran, M|46\/323
|-damage|p2a: Heatran|6\/323|[from] Stealth Rock
|move|p1a: Heatran|Protect|p1a: Heatran
|-fail|p1a: Heatran
|
|-heal|p1a: Heatran|70\/386|[from] item: Leftovers
|turn|12
|
|move|p1a: Heatran|Protect|p1a: Heatran
|-singleturn|p1a: Heatran|Protect
|move|p2a: Heatran|Earth Power|p1a: Heatran
|-activate|p1a: Heatran|Protect
|
|-heal|p1a: Heatran|94\/386|[from] item: Leftovers
|turn|13
|
|move|p2a: Heatran|Earth Power|p1a: Heatran
|-supereffective|p1a: Heatran
|-damage|p1a: Heatran|0 fnt
|faint|p1a: Heatran
|
|
|switch|p1a: Latios|Latios, M|301\/301
|-damage|p1a: Latios|264\/301|[from] Stealth Rock
|turn|14
|
|switch|p2a: Greninja|Greninja, M|286\/286
|-damage|p2a: Greninja|251\/286|[from] Stealth Rock
|move|p1a: Latios|Dragon Dance|p1a: Latios
|-boost|p1a: Latios|atk|1
|-boost|p1a: Latios|spe|1
|
|turn|15
|
|move|p1a: Latios|Dragon Pulse|p2a: Greninja
|-damage|p2a: Greninja|0 fnt
|-damage|p1a: Latios|234\/301|[from] item: Life Orb
|faint|p2a: Greninja
|
|
|switch|p2a: Azumarill|Azumarill, F|210\/403 tox
|-damage|p2a: Azumarill|160\/403 tox|[from] Stealth Rock
|turn|16
|
|move|p1a: Latios|Psychic|p2a: Azumarill
|-damage|p2a: Azumarill|0 fnt
|-damage|p1a: Latios|204\/301|[from] item: Life Orb
|faint|p2a: Azumarill
|
|
|switch|p2a: Kyurem-Black|Kyurem-Black|391\/391
|-damage|p2a: Kyurem-Black|294\/391|[from] Stealth Rock
|-ability|p2a: Kyurem-Black|Teravolt
|turn|17
|
|move|p1a: Latios|Dragon Pulse|p2a: Kyurem-Black
|-supereffective|p2a: Kyurem-Black
|-damage|p2a: Kyurem-Black|0 fnt
|-damage|p1a: Latios|174\/301|[from] item: Life Orb
|faint|p2a: Kyurem-Black
|
|
|switch|p2a: Latios|Latios, M|301\/301
|-damage|p2a: Latios|264\/301|[from] Stealth Rock
|turn|18
|-message|The Magician Z forfeited.
|
|win|NorecuerdomiNick.
|raw|Ladder updating...
|leave|The Magician Z
|player|p2