|join|NorecuerdomiNick.
|join|classfied
|player|p1|NorecuerdomiNick.|209
|player|p2|classfied|274
|gametype|singles
|gen|6
|tier|OU
|rated
|clearpoke
|poke|p1|Gengar, F
|poke|p1|Conkeldurr, M
|poke|p1|Heatran, M
|poke|p1|Blastoise, F
|poke|p1|Talonflame, F
|poke|p1|Latios, M
|poke|p2|Altaria, F
|poke|p2|Magnezone, shiny
|poke|p2|Uxie
|poke|p2|Latios, M
|poke|p2|Greninja, M
|poke|p2|Donphan, M
|rule|Swagger Clause: Swagger is banned
|rule|Baton Pass Clause: Limit one PokÃ©mon knowing Baton Pass
|rule|Sleep Clause Mod: Limit one foe put to sleep
|rule|Species Clause: Limit one of each PokÃ©mon
|rule|OHKO Clause: OHKO moves are banned
|rule|Moody Clause: Moody is banned
|rule|Evasion Moves Clause: Evasion moves are banned
|rule|Endless Battle Clause: Forcing endless battles is banned
|rule|HP Percentage Mod: HP is shown in percentages
|teampreview
|
|start
|switch|p1a: Gengar|Gengar, F|261\/261
|switch|p2a: Donphan|Donphan, M|384\/384
|turn|1
|
|switch|p2a: Greninja|Greninja, M|285\/285
|move|p1a: Gengar|Will-O-Wisp|p2a: Greninja
|-status|p2a: Greninja|brn
|
|-damage|p2a: Greninja|250\/285 brn|[from] brn
|turn|2
|
|switch|p1a: Blastoise|Blastoise, F|343\/343
|move|p2a: Greninja|Dark Pulse|p1a: Blastoise
|-start|p2a: Greninja|typechange|Dark|[from] Protean
|-damage|p1a: Blastoise|201\/343
|-damage|p2a: Greninja|222\/285 brn|[from] item: Life Orb
|
|-damage|p2a: Greninja|187\/285 brn|[from] brn
|turn|3
|
|switch|p2a: Latios|Latios, M|302\/302
|detailschange|p1a: Blastoise|Blastoise-Mega, F
|message|Blastoise has Mega Evolved into Mega Blastoise!
|move|p1a: Blastoise|Scald|p2a: Latios
|-resisted|p2a: Latios
|-damage|p2a: Latios|226\/302
|
|turn|4
|
|move|p2a: Latios|Thunderbolt|p1a: Blastoise
|-supereffective|p1a: Blastoise
|-damage|p1a: Blastoise|0 fnt
|-damage|p2a: Latios|196\/302|[from] item: Life Orb
|faint|p1a: Blastoise
|
|
|switch|p1a: Talonflame|Talonflame, F|298\/298
|turn|5
|
|switch|p2a: Donphan|Donphan, M|384\/384
|move|p1a: Talonflame|U-turn|p2a: Donphan
|-damage|p2a: Donphan|321\/384
|
|switch|p1a: Gengar|Gengar, F|261\/261
|
|-heal|p2a: Donphan|345\/384|[from] item: Leftovers
|turn|6
|
|switch|p2a: Greninja|Greninja, M|187\/285 brn
|move|p1a: Gengar|Substitute|p1a: Gengar
|-start|p1a: Gengar|Substitute
|-damage|p1a: Gengar|196\/261
|
|-heal|p1a: Gengar|212\/261|[from] item: Black Sludge
|-damage|p2a: Greninja|152\/285 brn|[from] brn
|turn|7
|
|move|p2a: Greninja|Dark Pulse|p1a: Gengar
|-start|p2a: Greninja|typechange|Dark|[from] Protean
|-supereffective|p1a: Gengar
|-end|p1a: Gengar|Substitute
|-damage|p2a: Greninja|124\/285 brn|[from] item: Life Orb
|move|p1a: Gengar|Sludge Wave|p2a: Greninja
|-damage|p2a: Greninja|0 fnt
|faint|p2a: Greninja
|
|-heal|p1a: Gengar|228\/261|[from] item: Black Sludge
|
|switch|p2a: Latios|Latios, M|196\/302
|turn|8
|
|switch|p1a: Heatran|Heatran, M|386\/386
|move|p2a: Latios|Psyshock|p1a: Heatran
|-resisted|p1a: Heatran
|-damage|p1a: Heatran|300\/386
|-damage|p2a: Latios|166\/302|[from] item: Life Orb
|
|-heal|p1a: Heatran|324\/386|[from] item: Leftovers
|turn|9
|
|switch|p2a: Altaria|Altaria, F|292\/292
|-ability|p2a: Altaria|Cloud Nine
|move|p1a: Heatran|Stealth Rock|p2a: Altaria
|-sidestart|p2: classfied|move: Stealth Rock
|
|-heal|p1a: Heatran|348\/386|[from] item: Leftovers
|turn|10
|
|detailschange|p2a: Altaria|Altaria-Mega, F
|message|Altaria has Mega Evolved into Mega Altaria!
|move|p2a: Altaria|Dragon Dance|p2a: Altaria
|-boost|p2a: Altaria|atk|1
|-boost|p2a: Altaria|spe|1
|move|p1a: Heatran|Toxic|p2a: Altaria
|-status|p2a: Altaria|tox
|
|-heal|p1a: Heatran|372\/386|[from] item: Leftovers
|-damage|p2a: Altaria|274\/292 tox|[from] psn
|turn|11
|
|move|p1a: Heatran|Protect|p1a: Heatran
|-singleturn|p1a: Heatran|Protect
|move|p2a: Altaria|Earthquake|p1a: Heatran
|-activate|p1a: Heatran|Protect
|
|-heal|p1a: Heatran|386\/386|[from] item: Leftovers
|-damage|p2a: Altaria|238\/292 tox|[from] psn
|turn|12
|
|move|p2a: Altaria|Dragon Dance|p2a: Altaria
|-boost|p2a: Altaria|atk|1
|-boost|p2a: Altaria|spe|1
|move|p1a: Heatran|Lava Plume|p2a: Altaria
|-resisted|p2a: Altaria
|-damage|p2a: Altaria|178\/292 tox
|
|-damage|p2a: Altaria|124\/292 tox|[from] psn
|turn|13
|
|move|p1a: Heatran|Protect|p1a: Heatran
|-singleturn|p1a: Heatran|Protect
|move|p2a: Altaria|Earthquake|p1a: Heatran
|-activate|p1a: Heatran|Protect
|
|-damage|p2a: Altaria|52\/292 tox|[from] psn
|turn|14
|
|switch|p1a: Talonflame|Talonflame, F|298\/298
|move|p2a: Altaria|Dragon Dance|p2a: Altaria
|-boost|p2a: Altaria|atk|1
|-boost|p2a: Altaria|spe|1
|
|-damage|p2a: Altaria|0 fnt|[from] psn
|faint|p2a: Altaria
|
|switch|p2a: Donphan|Donphan, M|345\/384
|-damage|p2a: Donphan|321\/384|[from] Stealth Rock
|turn|15
|
|move|p1a: Talonflame|U-turn|p2a: Donphan
|-damage|p2a: Donphan|256\/384
|
|switch|p1a: Gengar|Gengar, F|228\/261
|move|p2a: Donphan|Stealth Rock|p1a: Gengar
|-sidestart|p1: NorecuerdomiNick.|move: Stealth Rock
|
|-heal|p1a: Gengar|244\/261|[from] item: Black Sludge
|-heal|p2a: Donphan|280\/384|[from] item: Leftovers
|turn|16
|
|switch|p2a: Magnezone|Magnezone, shiny|282\/282
|-damage|p2a: Magnezone|265\/282|[from] Stealth Rock
|move|p1a: Gengar|Substitute|p1a: Gengar
|-start|p1a: Gengar|Substitute
|-damage|p1a: Gengar|179\/261
|
|-heal|p1a: Gengar|195\/261|[from] item: Black Sludge
|turn|17
|
|move|p1a: Gengar|Shadow Ball|p2a: Magnezone
|-damage|p2a: Magnezone|120\/282
|move|p2a: Magnezone|Thunderbolt|p1a: Gengar
|-crit|p1a: Gengar
|-end|p1a: Gengar|Substitute
|
|-heal|p1a: Gengar|211\/261|[from] item: Black Sludge
|turn|18
|
|switch|p2a: Donphan|Donphan, M|280\/384
|-damage|p2a: Donphan|256\/384|[from] Stealth Rock
|move|p1a: Gengar|Shadow Ball|p2a: Donphan
|-damage|p2a: Donphan|49\/384
|
|-heal|p1a: Gengar|227\/261|[from] item: Black Sludge
|-heal|p2a: Donphan|73\/384|[from] item: Leftovers
|turn|19
|
|move|p2a: Donphan|Ice Shard|p1a: Gengar
|-damage|p1a: Gengar|169\/261
|move|p1a: Gengar|Substitute|p1a: Gengar
|-start|p1a: Gengar|Substitute
|-damage|p1a: Gengar|104\/261
|
|-heal|p1a: Gengar|120\/261|[from] item: Black Sludge
|-heal|p2a: Donphan|97\/384|[from] item: Leftovers
|turn|20
|-message|classfied forfeited.
|
|win|NorecuerdomiNick.
|raw|Ladder updating...
|leave|classfied
|player|p2