|join|eRey27
|join|NorecuerdomiNick.
|player|p1|eRey27|102
|player|p2|NorecuerdomiNick.|209
|gametype|singles
|gen|6
|tier|OU
|rated
|clearpoke
|poke|p1|Charizard, F
|poke|p1|Azumarill, M
|poke|p1|Espeon, F
|poke|p1|Landorus-Therian, M
|poke|p1|Conkeldurr, M
|poke|p1|Rotom-Wash
|poke|p2|Gengar, M
|poke|p2|Conkeldurr, F
|poke|p2|Heatran, F
|poke|p2|Blastoise, M
|poke|p2|Talonflame, F
|poke|p2|Latios, M
|rule|Swagger Clause: Swagger is banned
|rule|Baton Pass Clause: Limit one PokÃ©mon knowing Baton Pass
|rule|Sleep Clause Mod: Limit one foe put to sleep
|rule|Species Clause: Limit one of each PokÃ©mon
|rule|OHKO Clause: OHKO moves are banned
|rule|Moody Clause: Moody is banned
|rule|Evasion Moves Clause: Evasion moves are banned
|rule|Endless Battle Clause: Forcing endless battles is banned
|rule|HP Percentage Mod: HP is shown in percentages
|teampreview
|
|start
|switch|p1a: Rotom-Wash|Rotom-Wash|242\/242
|switch|p2a: Conkeldurr|Conkeldurr, F|401\/401
|turn|1
|
|move|p1a: Rotom-Wash|Hydro Pump|p2a: Conkeldurr
|-damage|p2a: Conkeldurr|247\/401
|move|p2a: Conkeldurr|Knock Off|p1a: Rotom-Wash
|-damage|p1a: Rotom-Wash|135\/242
|-enditem|p1a: Rotom-Wash|Choice Scarf|[from] move: Knock Off|[of] p2a: Conkeldurr
|
|turn|2
|
|switch|p1a: Landorus-Therian|Landorus-Therian, M|382\/382
|-ability|p1a: Landorus-Therian|Intimidate|[of] p2a: Conkeldurr
|-unboost|p2a: Conkeldurr|atk|1
|move|p2a: Conkeldurr|Drain Punch|p1a: Landorus-Therian
|-resisted|p1a: Landorus-Therian
|-damage|p1a: Landorus-Therian|322\/382
|-heal|p2a: Conkeldurr|277\/401|[from] drain|[of] p1a: Landorus-Therian
|
|turn|3
|
|move|p1a: Landorus-Therian|Earthquake|p2a: Conkeldurr
|-damage|p2a: Conkeldurr|18\/401
|-damage|p1a: Landorus-Therian|284\/382|[from] item: Life Orb
|move|p2a: Conkeldurr|Knock Off|p1a: Landorus-Therian
|-damage|p1a: Landorus-Therian|191\/382
|-enditem|p1a: Landorus-Therian|Life Orb|[from] move: Knock Off|[of] p2a: Conkeldurr
|
|turn|4
|
|move|p2a: Conkeldurr|Mach Punch|p1a: Landorus-Therian
|-resisted|p1a: Landorus-Therian
|-damage|p1a: Landorus-Therian|161\/382
|move|p1a: Landorus-Therian|Knock Off|p2a: Conkeldurr
|-resisted|p2a: Conkeldurr
|-damage|p2a: Conkeldurr|0 fnt
|-enditem|p2a: Conkeldurr|Assault Vest|[from] move: Knock Off|[of] p1a: Landorus-Therian
|faint|p2a: Conkeldurr
|
|
|switch|p2a: Talonflame|Talonflame, F|298\/298
|turn|5
|
|switch|p1a: Rotom-Wash|Rotom-Wash|135\/242
|move|p2a: Talonflame|Brave Bird|p1a: Rotom-Wash
|-resisted|p1a: Rotom-Wash
|-damage|p1a: Rotom-Wash|30\/242
|-damage|p2a: Talonflame|263\/298|[from] recoil|[of] p1a: Rotom-Wash
|
|turn|6
|
|move|p2a: Talonflame|Brave Bird|p1a: Rotom-Wash
|-resisted|p1a: Rotom-Wash
|-damage|p1a: Rotom-Wash|0 fnt
|-damage|p2a: Talonflame|253\/298|[from] recoil|[of] p1a: Rotom-Wash
|faint|p1a: Rotom-Wash
|
|
|switch|p1a: Landorus-Therian|Landorus-Therian, M|161\/382
|-ability|p1a: Landorus-Therian|Intimidate|[of] p2a: Talonflame
|-unboost|p2a: Talonflame|atk|1
|turn|7
|
|switch|p2a: Gengar|Gengar, M|261\/261
|move|p1a: Landorus-Therian|Stone Edge|p2a: Gengar|[miss]
|-miss|p1a: Landorus-Therian|p2a: Gengar
|
|turn|8
|
|move|p2a: Gengar|Shadow Ball|p1a: Landorus-Therian
|-crit|p1a: Landorus-Therian
|-damage|p1a: Landorus-Therian|0 fnt
|faint|p1a: Landorus-Therian
|
|
|switch|p1a: Charizard|Charizard, F|297\/297
|turn|9
|
|detailschange|p1a: Charizard|Charizard-Mega-Y, F
|message|Charizard has Mega Evolved into Mega Charizard!
|-weather|SunnyDay
|move|p2a: Gengar|Sludge Wave|p1a: Charizard
|-damage|p1a: Charizard|152\/297
|move|p1a: Charizard|Flamethrower|p2a: Gengar
|-damage|p2a: Gengar|0 fnt
|faint|p2a: Gengar
|
|-weather|SunnyDay|[upkeep]
|
|switch|p2a: Latios|Latios, M|301\/301
|turn|10
|
|move|p2a: Latios|Thunderbolt|p1a: Charizard
|-supereffective|p1a: Charizard
|-damage|p1a: Charizard|0 fnt
|-damage|p2a: Latios|271\/301|[from] item: Life Orb
|faint|p1a: Charizard
|
|-weather|SunnyDay|[upkeep]
|
|switch|p1a: Conkeldurr|Conkeldurr, M|414\/414
|turn|11
|
|move|p2a: Latios|Psyshock|p1a: Conkeldurr
|-supereffective|p1a: Conkeldurr
|-damage|p1a: Conkeldurr|6\/414
|-damage|p2a: Latios|241\/301|[from] item: Life Orb
|move|p1a: Conkeldurr|Ice Punch|p2a: Latios
|-supereffective|p2a: Latios
|-damage|p2a: Latios|0 fnt
|faint|p2a: Latios
|
|-weather|SunnyDay|[upkeep]
|
|switch|p2a: Talonflame|Talonflame, F|253\/298
|turn|12
|
|move|p2a: Talonflame|Brave Bird|p1a: Conkeldurr
|-supereffective|p1a: Conkeldurr
|-damage|p1a: Conkeldurr|0 fnt
|-damage|p2a: Talonflame|251\/298|[from] recoil|[of] p1a: Conkeldurr
|faint|p1a: Conkeldurr
|
|-weather|SunnyDay|[upkeep]
|
|switch|p1a: Espeon|Espeon, F|334\/334
|turn|13
|
|switch|p2a: Heatran|Heatran, F|386\/386
|move|p1a: Espeon|Dazzling Gleam|p2a: Heatran
|-resisted|p2a: Heatran
|-damage|p2a: Heatran|373\/386
|
|-weather|none
|-heal|p2a: Heatran|386\/386|[from] item: Leftovers
|turn|14
|
|move|p1a: Espeon|Calm Mind|p1a: Espeon
|-boost|p1a: Espeon|spa|1
|-boost|p1a: Espeon|spd|1
|move|p2a: Heatran|Lava Plume|p1a: Espeon
|-crit|p1a: Espeon
|-damage|p1a: Espeon|144\/334
|-status|p1a: Espeon|brn
|
|-heal|p1a: Espeon|164\/334 brn|[from] item: Leftovers
|-damage|p1a: Espeon|123\/334 brn|[from] brn
|turn|15
|
|move|p1a: Espeon|Calm Mind|p1a: Espeon
|-boost|p1a: Espeon|spa|1
|-boost|p1a: Espeon|spd|1
|move|p2a: Heatran|Lava Plume|p1a: Espeon
|-damage|p1a: Espeon|56\/334 brn
|
|-heal|p1a: Espeon|76\/334 brn|[from] item: Leftovers
|-damage|p1a: Espeon|35\/334 brn|[from] brn
|turn|16
|
|move|p1a: Espeon|Stored Power|p2a: Heatran
|-resisted|p2a: Heatran
|-damage|p2a: Heatran|293\/386
|move|p2a: Heatran|Lava Plume|p1a: Espeon
|-damage|p1a: Espeon|0 fnt
|faint|p1a: Espeon
|
|-heal|p2a: Heatran|317\/386|[from] item: Leftovers
|
|switch|p1a: Azumarill|Azumarill, M|404\/404
|turn|17
|
|move|p1a: Azumarill|Aqua Jet|p2a: Heatran
|-supereffective|p2a: Heatran
|-damage|p2a: Heatran|149\/386
|move|p2a: Heatran|Toxic|p1a: Azumarill
|-status|p1a: Azumarill|tox
|
|-heal|p2a: Heatran|173\/386|[from] item: Leftovers
|-damage|p1a: Azumarill|379\/404 tox|[from] psn
|turn|18
|
|move|p2a: Heatran|Lava Plume|p1a: Azumarill
|-resisted|p1a: Azumarill
|-damage|p1a: Azumarill|311\/404 tox
|move|p1a: Azumarill|Belly Drum|p1a: Azumarill
|-damage|p1a: Azumarill|109\/404 tox
|-setboost|p1a: Azumarill|atk|6|[from] move: Belly Drum
|-enditem|p1a: Azumarill|Sitrus Berry|[eat]
|-heal|p1a: Azumarill|210\/404 tox|[from] item: Sitrus Berry
|
|-heal|p2a: Heatran|197\/386|[from] item: Leftovers
|-damage|p1a: Azumarill|160\/404 tox|[from] psn
|turn|19
|
|move|p2a: Heatran|Protect|p2a: Heatran
|-singleturn|p2a: Heatran|Protect
|move|p1a: Azumarill|Aqua Jet|p2a: Heatran
|-activate|p2a: Heatran|Protect
|
|-heal|p2a: Heatran|221\/386|[from] item: Leftovers
|-damage|p1a: Azumarill|85\/404 tox|[from] psn
|turn|20
|
|move|p2a: Heatran|Protect|p2a: Heatran
|-singleturn|p2a: Heatran|Protect
|move|p1a: Azumarill|Aqua Jet|p2a: Heatran
|-activate|p2a: Heatran|Protect
|
|-heal|p2a: Heatran|245\/386|[from] item: Leftovers
|-damage|p1a: Azumarill|0 fnt|[from] psn
|faint|p1a: Azumarill
|
|win|NorecuerdomiNick.
|raw|Ladder updating...
|raw|eRey27's rating: 1505 &rarr; <strong>1486<\/strong><br \/>(-19 for losing)
|raw|NorecuerdomiNick.'s rating: 1514 &rarr; <strong>1533<\/strong><br \/>(+19 for winning)
|leave|eRey27
|player|p1