|join|NorecuerdomiNick.
|join|Analog
|player|p1|NorecuerdomiNick.|209
|player|p2|Analog|169
|gametype|singles
|gen|6
|tier|OU
|rated
|clearpoke
|poke|p1|Gengar, M
|poke|p1|Conkeldurr, F
|poke|p1|Heatran, F
|poke|p1|Blastoise, M
|poke|p1|Talonflame, F
|poke|p1|Latios, M
|poke|p2|Lopunny, F
|poke|p2|Landorus, M
|poke|p2|Greninja, F
|poke|p2|Bisharp, F
|poke|p2|Thundurus, M
|poke|p2|Azelf
|rule|Swagger Clause: Swagger is banned
|rule|Baton Pass Clause: Limit one PokÃ©mon knowing Baton Pass
|rule|Sleep Clause Mod: Limit one foe put to sleep
|rule|Species Clause: Limit one of each PokÃ©mon
|rule|OHKO Clause: OHKO moves are banned
|rule|Moody Clause: Moody is banned
|rule|Evasion Moves Clause: Evasion moves are banned
|rule|Endless Battle Clause: Forcing endless battles is banned
|rule|HP Percentage Mod: HP is shown in percentages
|teampreview
|
|start
|switch|p1a: Heatran|Heatran, F|386\/386
|switch|p2a: Azelf|Azelf|291\/291
|turn|1
|
|move|p2a: Azelf|Taunt|p1a: Heatran
|-start|p1a: Heatran|move: Taunt
|cant|p1a: Heatran|move: Taunt|Stealth Rock
|
|turn|2
|leave|Analog
|player|p2
|join|Analog
|player|p2|Analog|169
|
|move|p2a: Azelf|Stealth Rock|p1a: Heatran
|-sidestart|p1: NorecuerdomiNick.|move: Stealth Rock
|move|p1a: Heatran|Lava Plume|p2a: Azelf
|-damage|p2a: Azelf|104\/291
|-status|p2a: Azelf|brn
|
|-damage|p2a: Azelf|68\/291 brn|[from] brn
|turn|3
|
|switch|p1a: Gengar|Gengar, M|261\/261
|-damage|p1a: Gengar|229\/261|[from] Stealth Rock
|move|p2a: Azelf|Explosion|p1a: Gengar
|-immune|p1a: Gengar|[msg]
|faint|p2a: Azelf
|
|-heal|p1a: Gengar|245\/261|[from] item: Black Sludge
|
|switch|p2a: Bisharp|Bisharp, F|271\/271
|turn|4
|
|move|p1a: Gengar|Will-O-Wisp|p2a: Bisharp
|-status|p2a: Bisharp|brn
|move|p2a: Bisharp|Pursuit|p1a: Gengar
|-supereffective|p1a: Gengar
|-damage|p1a: Gengar|125\/261
|
|-heal|p1a: Gengar|141\/261|[from] item: Black Sludge
|-damage|p2a: Bisharp|238\/271 brn|[from] brn
|turn|5
|
|move|p1a: Gengar|Substitute|p1a: Gengar
|-start|p1a: Gengar|Substitute
|-damage|p1a: Gengar|76\/261
|move|p2a: Bisharp|Pursuit|p1a: Gengar
|-supereffective|p1a: Gengar
|-end|p1a: Gengar|Substitute
|
|-heal|p1a: Gengar|92\/261|[from] item: Black Sludge
|-damage|p2a: Bisharp|205\/271 brn|[from] brn
|turn|6
|
|move|p1a: Gengar|Shadow Ball|p2a: Bisharp
|-resisted|p2a: Bisharp
|-damage|p2a: Bisharp|149\/271 brn
|move|p2a: Bisharp|Knock Off|p1a: Gengar
|-supereffective|p1a: Gengar
|-damage|p1a: Gengar|0 fnt
|-enditem|p1a: Gengar|Black Sludge|[from] move: Knock Off|[of] p2a: Bisharp
|faint|p1a: Gengar
|
|-damage|p2a: Bisharp|116\/271 brn|[from] brn
|
|switch|p1a: Blastoise|Blastoise, M|343\/343
|-damage|p1a: Blastoise|301\/343|[from] Stealth Rock
|turn|7
|
|detailschange|p1a: Blastoise|Blastoise-Mega, M
|message|Blastoise has Mega Evolved into Mega Blastoise!
|move|p2a: Bisharp|Knock Off|p1a: Blastoise
|-damage|p1a: Blastoise|252\/343
|move|p1a: Blastoise|Rapid Spin|p2a: Bisharp
|-resisted|p2a: Bisharp
|-damage|p2a: Bisharp|109\/271 brn
|-sideend|p1: NorecuerdomiNick.|Stealth Rock|[from] move: Rapid Spin|[of] p1a: Blastoise
|
|-damage|p2a: Bisharp|76\/271 brn|[from] brn
|turn|8
|
|move|p2a: Bisharp|Knock Off|p1a: Blastoise
|-damage|p1a: Blastoise|195\/343
|move|p1a: Blastoise|Scald|p2a: Bisharp
|-damage|p2a: Bisharp|0 fnt
|faint|p2a: Bisharp
|
|
|switch|p2a: Thundurus|Thundurus, M|299\/299
|turn|9
|
|move|p2a: Thundurus|Thunderbolt|p1a: Blastoise
|-supereffective|p1a: Blastoise
|-damage|p1a: Blastoise|0 fnt
|-damage|p2a: Thundurus|270\/299|[from] item: Life Orb
|faint|p1a: Blastoise
|
|
|switch|p1a: Heatran|Heatran, F|386\/386
|turn|10
|
|switch|p2a: Greninja|Greninja, F|285\/285
|move|p1a: Heatran|Stealth Rock|p2a: Greninja
|-sidestart|p2: Analog|move: Stealth Rock
|
|turn|11
|
|move|p2a: Greninja|Hydro Pump|p1a: Heatran|[miss]
|-start|p2a: Greninja|typechange|Water|[from] Protean
|-miss|p2a: Greninja|p1a: Heatran
|move|p1a: Heatran|Lava Plume|p2a: Greninja
|-resisted|p2a: Greninja
|-damage|p2a: Greninja|199\/285
|
|turn|12
|
|move|p2a: Greninja|Hydro Pump|p1a: Heatran
|-supereffective|p1a: Heatran
|-damage|p1a: Heatran|97\/386
|-damage|p2a: Greninja|171\/285|[from] item: Life Orb
|move|p1a: Heatran|Lava Plume|p2a: Greninja
|-resisted|p2a: Greninja
|-damage|p2a: Greninja|87\/285
|
|-heal|p1a: Heatran|121\/386|[from] item: Leftovers
|turn|13
|
|move|p2a: Greninja|Hydro Pump|p1a: Heatran
|-supereffective|p1a: Heatran
|-damage|p1a: Heatran|0 fnt
|-damage|p2a: Greninja|59\/285|[from] item: Life Orb
|faint|p1a: Heatran
|
|
|switch|p1a: Conkeldurr|Conkeldurr, F|401\/401
|turn|14
|
|move|p1a: Conkeldurr|Mach Punch|p2a: Greninja
|-damage|p2a: Greninja|0 fnt
|faint|p2a: Greninja
|
|
|switch|p2a: Landorus|Landorus, M|331\/331
|-damage|p2a: Landorus|290\/331|[from] Stealth Rock
|turn|15
|
|move|p2a: Landorus|Psychic|p1a: Conkeldurr
|-supereffective|p1a: Conkeldurr
|-damage|p1a: Conkeldurr|50\/401
|move|p1a: Conkeldurr|Ice Punch|p2a: Landorus
|-supereffective|p2a: Landorus
|-damage|p2a: Landorus|0 fnt
|faint|p2a: Landorus
|
|
|switch|p2a: Lopunny|Lopunny, F|271\/271
|-damage|p2a: Lopunny|238\/271|[from] Stealth Rock
|turn|16
|
|detailschange|p2a: Lopunny|Lopunny-Mega, F
|message|Lopunny has Mega Evolved into Mega Lopunny!
|move|p2a: Lopunny|Fake Out|p1a: Conkeldurr
|-damage|p1a: Conkeldurr|0 fnt
|faint|p1a: Conkeldurr
|
|
|switch|p1a: Talonflame|Talonflame, F|298\/298
|turn|17
|
|move|p1a: Talonflame|Brave Bird|p2a: Lopunny
|-supereffective|p2a: Lopunny
|-damage|p2a: Lopunny|0 fnt
|-damage|p1a: Talonflame|219\/298|[from] recoil|[of] p2a: Lopunny
|faint|p2a: Lopunny
|
|
|switch|p2a: Thundurus|Thundurus, M|270\/299
|-damage|p2a: Thundurus|196\/299|[from] Stealth Rock
|turn|18
|
|move|p1a: Talonflame|Brave Bird|p2a: Thundurus
|-resisted|p2a: Thundurus
|-damage|p2a: Thundurus|10\/299
|-damage|p1a: Talonflame|158\/298|[from] recoil|[of] p2a: Thundurus
|move|p2a: Thundurus|Thunderbolt|p1a: Talonflame
|-supereffective|p1a: Talonflame
|-damage|p1a: Talonflame|0 fnt
|-damage|p2a: Thundurus|0 fnt|[from] item: Life Orb
|faint|p1a: Talonflame
|faint|p2a: Thundurus
|
|win|NorecuerdomiNick.
|raw|Ladder updating...
|leave|Analog
|player|p2
|raw|NorecuerdomiNick.'s rating: 1373 &rarr; <strong>1392<\/strong><br \/>(+19 for winning)
|raw|Analog's rating: 1347 &rarr; <strong>1328<\/strong><br \/>(-19 for losing)