|join|what13
|join|NorecuerdomiNick.
|player|p1|what13|265
|player|p2|NorecuerdomiNick.|209
|gametype|singles
|gen|6
|tier|OU
|rated
|clearpoke
|poke|p1|Sylveon, M
|poke|p1|Manectric, F
|poke|p1|Gengar, F
|poke|p1|Landorus-Therian, M
|poke|p1|Excadrill, M
|poke|p1|Heatran, M
|poke|p2|Gengar, F
|poke|p2|Conkeldurr, F
|poke|p2|Heatran, F
|poke|p2|Blastoise, F
|poke|p2|Talonflame, F
|poke|p2|Latios, M
|rule|Swagger Clause: Swagger is banned
|rule|Baton Pass Clause: Limit one PokÃ©mon knowing Baton Pass
|rule|Sleep Clause Mod: Limit one foe put to sleep
|rule|Species Clause: Limit one of each PokÃ©mon
|rule|OHKO Clause: OHKO moves are banned
|rule|Moody Clause: Moody is banned
|rule|Evasion Moves Clause: Evasion moves are banned
|rule|Endless Battle Clause: Forcing endless battles is banned
|rule|HP Percentage Mod: HP is shown in percentages
|teampreview
|
|start
|switch|p1a: Landorus-Therian|Landorus-Therian, M|319\/319
|switch|p2a: Heatran|Heatran, F|386\/386
|-ability|p1a: Landorus-Therian|Intimidate|[of] p2a: Heatran
|-unboost|p2a: Heatran|atk|1
|turn|1
|
|move|p1a: Landorus-Therian|U-turn|p2a: Heatran
|-resisted|p2a: Heatran
|-damage|p2a: Heatran|364\/386
|
|switch|p1a: Heatran|Heatran, M|386\/386
|-item|p1a: Heatran|Air Balloon
|move|p2a: Heatran|Stealth Rock|p1a: Heatran
|-sidestart|p1: what13|move: Stealth Rock
|
|-heal|p2a: Heatran|386\/386|[from] item: Leftovers
|turn|2
|
|switch|p2a: Conkeldurr|Conkeldurr, F|401\/401
|move|p1a: Heatran|Stealth Rock|p2a: Conkeldurr
|-sidestart|p2: NorecuerdomiNick.|move: Stealth Rock
|
|turn|3
|
|switch|p1a: Gengar|Gengar, F|262\/262
|-damage|p1a: Gengar|230\/262|[from] Stealth Rock
|move|p2a: Conkeldurr|Knock Off|p1a: Gengar
|-supereffective|p1a: Gengar
|-damage|p1a: Gengar|0 fnt
|-enditem|p1a: Gengar|Leftovers|[from] move: Knock Off|[of] p2a: Conkeldurr
|faint|p1a: Gengar
|
|
|switch|p1a: Sylveon|Sylveon, M|394\/394
|-damage|p1a: Sylveon|345\/394|[from] Stealth Rock
|turn|4
|
|switch|p2a: Heatran|Heatran, F|386\/386
|-damage|p2a: Heatran|338\/386|[from] Stealth Rock
|move|p1a: Sylveon|Yawn|p2a: Heatran
|-start|p2a: Heatran|move: Yawn|[of] p1a: Sylveon
|
|-heal|p2a: Heatran|362\/386|[from] item: Leftovers
|turn|5
|
|switch|p2a: Conkeldurr|Conkeldurr, F|401\/401
|-damage|p2a: Conkeldurr|376\/401|[from] Stealth Rock
|move|p1a: Sylveon|Yawn|p2a: Conkeldurr
|-start|p2a: Conkeldurr|move: Yawn|[of] p1a: Sylveon
|
|turn|6
|
|switch|p1a: Landorus-Therian|Landorus-Therian, M|319\/319
|-damage|p1a: Landorus-Therian|280\/319|[from] Stealth Rock
|-ability|p1a: Landorus-Therian|Intimidate|[of] p2a: Conkeldurr
|-unboost|p2a: Conkeldurr|atk|1
|move|p2a: Conkeldurr|Knock Off|p1a: Landorus-Therian
|-damage|p1a: Landorus-Therian|181\/319
|-enditem|p1a: Landorus-Therian|Choice Scarf|[from] move: Knock Off|[of] p2a: Conkeldurr
|
|-status|p2a: Conkeldurr|slp
|turn|7
|
|move|p1a: Landorus-Therian|Knock Off|p2a: Conkeldurr
|-resisted|p2a: Conkeldurr
|-damage|p2a: Conkeldurr|312\/401 slp
|-enditem|p2a: Conkeldurr|Assault Vest|[from] move: Knock Off|[of] p1a: Landorus-Therian
|cant|p2a: Conkeldurr|slp
|
|turn|8
|
|move|p1a: Landorus-Therian|Earthquake|p2a: Conkeldurr
|-damage|p2a: Conkeldurr|114\/401 slp
|cant|p2a: Conkeldurr|slp
|
|turn|9
|
|-curestatus|p2a: Conkeldurr|slp
|move|p2a: Conkeldurr|Mach Punch|p1a: Landorus-Therian
|-crit|p1a: Landorus-Therian
|-resisted|p1a: Landorus-Therian
|-damage|p1a: Landorus-Therian|115\/319
|move|p1a: Landorus-Therian|Earthquake|p2a: Conkeldurr
|-damage|p2a: Conkeldurr|0 fnt
|faint|p2a: Conkeldurr
|
|
|switch|p2a: Gengar|Gengar, F|261\/261
|-damage|p2a: Gengar|229\/261|[from] Stealth Rock
|turn|10
|
|move|p2a: Gengar|Shadow Ball|p1a: Landorus-Therian
|-damage|p1a: Landorus-Therian|0 fnt
|faint|p1a: Landorus-Therian
|
|-heal|p2a: Gengar|245\/261|[from] item: Black Sludge
|
|switch|p1a: Heatran|Heatran, M|386\/386
|-damage|p1a: Heatran|338\/386|[from] Stealth Rock
|-item|p1a: Heatran|Air Balloon
|turn|11
|
|move|p2a: Gengar|Shadow Ball|p1a: Heatran
|-damage|p1a: Heatran|202\/386
|-enditem|p1a: Heatran|Air Balloon
|-unboost|p1a: Heatran|spd|1
|move|p1a: Heatran|Roar|p2a: Gengar
|drag|p2a: Blastoise|Blastoise, F|343\/343
|-damage|p2a: Blastoise|301\/343|[from] Stealth Rock
|
|turn|12
|
|detailschange|p2a: Blastoise|Blastoise-Mega, F
|message|Blastoise has Mega Evolved into Mega Blastoise!
|move|p2a: Blastoise|Rapid Spin|p1a: Heatran
|-resisted|p1a: Heatran
|-damage|p1a: Heatran|197\/386
|-sideend|p2: NorecuerdomiNick.|Stealth Rock|[from] move: Rapid Spin|[of] p2a: Blastoise
|move|p1a: Heatran|Roar|p2a: Blastoise
|drag|p2a: Heatran|Heatran, F|362\/386
|
|-heal|p2a: Heatran|386\/386|[from] item: Leftovers
|turn|13
|
|switch|p2a: Blastoise|Blastoise-Mega, F|301\/343
|move|p1a: Heatran|Stealth Rock|p2a: Blastoise
|-sidestart|p2: NorecuerdomiNick.|move: Stealth Rock
|
|turn|14
|
|move|p2a: Blastoise|Scald|p1a: Heatran
|-supereffective|p1a: Heatran
|-damage|p1a: Heatran|0 fnt
|faint|p1a: Heatran
|
|
|switch|p1a: Manectric|Manectric, F|281\/281
|-damage|p1a: Manectric|246\/281|[from] Stealth Rock
|turn|15
|
|detailschange|p1a: Manectric|Manectric-Mega, F
|message|Manectric has Mega Evolved into Mega Manectric!
|-ability|p1a: Manectric|Intimidate|[of] p2a: Blastoise
|-unboost|p2a: Blastoise|atk|1
|move|p1a: Manectric|Thunderbolt|p2a: Blastoise
|-supereffective|p2a: Blastoise
|-damage|p2a: Blastoise|0 fnt
|faint|p2a: Blastoise
|
|
|switch|p2a: Heatran|Heatran, F|386\/386
|-damage|p2a: Heatran|338\/386|[from] Stealth Rock
|turn|16
|
|move|p1a: Manectric|Volt Switch|p2a: Heatran
|-damage|p2a: Heatran|244\/386
|
|switch|p1a: Sylveon|Sylveon, M|345\/394
|-damage|p1a: Sylveon|296\/394|[from] Stealth Rock
|move|p2a: Heatran|Lava Plume|p1a: Sylveon
|-damage|p1a: Sylveon|218\/394
|
|-heal|p2a: Heatran|268\/386|[from] item: Leftovers
|turn|17
|
|move|p2a: Heatran|Toxic|p1a: Sylveon|[miss]
|-miss|p2a: Heatran|p1a: Sylveon
|move|p1a: Sylveon|Yawn|p2a: Heatran
|-start|p2a: Heatran|move: Yawn|[of] p1a: Sylveon
|
|-heal|p2a: Heatran|292\/386|[from] item: Leftovers
|turn|18
|
|switch|p2a: Gengar|Gengar, F|245\/261
|-damage|p2a: Gengar|213\/261|[from] Stealth Rock
|move|p1a: Sylveon|Wish|p1a: Sylveon
|
|-heal|p2a: Gengar|229\/261|[from] item: Black Sludge
|turn|19
|
|move|p2a: Gengar|Substitute|p2a: Gengar
|-start|p2a: Gengar|Substitute
|-damage|p2a: Gengar|164\/261
|move|p1a: Sylveon|Hyper Voice|p2a: Gengar
|-resisted|p2a: Gengar
|-damage|p2a: Gengar|77\/261
|
|-heal|p1a: Sylveon|394\/394|[from] move: Wish|[wisher] Sylveon
|-heal|p2a: Gengar|93\/261|[from] item: Black Sludge
|turn|20
|
|move|p2a: Gengar|Sludge Wave|p1a: Sylveon
|-supereffective|p1a: Sylveon
|-damage|p1a: Sylveon|172\/394
|-enditem|p1a: Sylveon|Sitrus Berry|[eat]
|-heal|p1a: Sylveon|270\/394|[from] item: Sitrus Berry
|move|p1a: Sylveon|Hyper Voice|p2a: Gengar
|-resisted|p2a: Gengar
|-damage|p2a: Gengar|4\/261
|
|-heal|p2a: Gengar|20\/261|[from] item: Black Sludge
|turn|21
|
|move|p2a: Gengar|Sludge Wave|p1a: Sylveon
|-supereffective|p1a: Sylveon
|-damage|p1a: Sylveon|82\/394
|move|p1a: Sylveon|Hyper Voice|p2a: Gengar
|-resisted|p2a: Gengar
|-damage|p2a: Gengar|0 fnt
|faint|p2a: Gengar
|
|
|switch|p2a: Latios|Latios, M|301\/301
|-damage|p2a: Latios|264\/301|[from] Stealth Rock
|turn|22
|
|move|p2a: Latios|Psychic|p1a: Sylveon
|-damage|p1a: Sylveon|0 fnt
|-damage|p2a: Latios|234\/301|[from] item: Life Orb
|faint|p1a: Sylveon
|
|
|switch|p1a: Excadrill|Excadrill, M|424\/424
|-damage|p1a: Excadrill|411\/424|[from] Stealth Rock
|-ability|p1a: Excadrill|Mold Breaker
|-item|p1a: Excadrill|Air Balloon
|turn|23
|
|move|p2a: Latios|Draco Meteor|p1a: Excadrill
|-resisted|p1a: Excadrill
|-damage|p1a: Excadrill|207\/424
|-enditem|p1a: Excadrill|Air Balloon
|-unboost|p2a: Latios|spa|2
|-damage|p2a: Latios|204\/301|[from] item: Life Orb
|move|p1a: Excadrill|X-Scissor|p2a: Latios
|-supereffective|p2a: Latios
|-damage|p2a: Latios|0 fnt
|faint|p2a: Latios
|
|
|switch|p2a: Talonflame|Talonflame, F|298\/298
|-damage|p2a: Talonflame|149\/298|[from] Stealth Rock
|turn|24
|
|move|p2a: Talonflame|Flare Blitz|p1a: Excadrill
|-supereffective|p1a: Excadrill
|-damage|p1a: Excadrill|0 fnt
|-damage|p2a: Talonflame|81\/298|[from] recoil|[of] p1a: Excadrill
|faint|p1a: Excadrill
|
|
|switch|p1a: Manectric|Manectric-Mega, F|246\/281
|-damage|p1a: Manectric|211\/281|[from] Stealth Rock
|-ability|p1a: Manectric|Intimidate|[of] p2a: Talonflame
|-unboost|p2a: Talonflame|atk|1
|turn|25
|
|move|p1a: Manectric|Thunderbolt|p2a: Talonflame
|-supereffective|p2a: Talonflame
|-damage|p2a: Talonflame|0 fnt
|faint|p2a: Talonflame
|
|
|switch|p2a: Heatran|Heatran, F|292\/386
|-damage|p2a: Heatran|244\/386|[from] Stealth Rock
|turn|26
|
|move|p2a: Heatran|Protect|p2a: Heatran
|-singleturn|p2a: Heatran|Protect
|move|p1a: Manectric|Thunderbolt|p2a: Heatran
|-activate|p2a: Heatran|Protect
|
|-heal|p2a: Heatran|268\/386|[from] item: Leftovers
|turn|27
|
|move|p1a: Manectric|Thunderbolt|p2a: Heatran
|-damage|p2a: Heatran|156\/386
|move|p2a: Heatran|Toxic|p1a: Manectric
|-status|p1a: Manectric|tox
|
|-heal|p2a: Heatran|180\/386|[from] item: Leftovers
|-damage|p1a: Manectric|194\/281 tox|[from] psn
|turn|28
|
|move|p2a: Heatran|Protect|p2a: Heatran
|-singleturn|p2a: Heatran|Protect
|move|p1a: Manectric|Thunderbolt|p2a: Heatran
|-activate|p2a: Heatran|Protect
|
|-heal|p2a: Heatran|204\/386|[from] item: Leftovers
|-damage|p1a: Manectric|160\/281 tox|[from] psn
|turn|29
|
|move|p1a: Manectric|Thunderbolt|p2a: Heatran
|-damage|p2a: Heatran|95\/386
|-status|p2a: Heatran|par
|move|p2a: Heatran|Lava Plume|p1a: Manectric
|-damage|p1a: Manectric|18\/281 tox
|
|-heal|p2a: Heatran|119\/386 par|[from] item: Leftovers
|-damage|p1a: Manectric|0 fnt|[from] psn
|faint|p1a: Manectric
|
|win|NorecuerdomiNick.
|raw|Ladder updating...
|raw|what13's rating: 1371 &rarr; <strong>1349<\/strong><br \/>(-22 for losing)
|raw|NorecuerdomiNick.'s rating: 1332 &rarr; <strong>1354<\/strong><br \/>(+22 for winning)
|c|âwhat13|gg
|leave|what13
|player|p1