|join|IggyRoselia
|join|Based Godfish
|player|p1|IggyRoselia|78
|player|p2|Based Godfish|144
|gametype|singles
|gen|6
|tier|OU
|rated
|clearpoke
|poke|p1|Lopunny, F
|poke|p1|Ferrothorn, M, shiny
|poke|p1|Heatran, F, shiny
|poke|p1|Greninja, M
|poke|p1|Azumarill, F, shiny
|poke|p1|Landorus-Therian, M
|poke|p2|Diancie
|poke|p2|Talonflame, M
|poke|p2|Rotom-Wash
|poke|p2|Roserade, F
|poke|p2|Excadrill, M
|poke|p2|Keldeo
|rule|Swagger Clause: Swagger is banned
|rule|Baton Pass Clause: Limit one PokÃ©mon knowing Baton Pass
|rule|Sleep Clause Mod: Limit one foe put to sleep
|rule|Species Clause: Limit one of each PokÃ©mon
|rule|OHKO Clause: OHKO moves are banned
|rule|Moody Clause: Moody is banned
|rule|Evasion Moves Clause: Evasion moves are banned
|rule|Endless Battle Clause: Forcing endless battles is banned
|rule|HP Percentage Mod: HP is shown in percentages
|teampreview
|c|âBased Godfish|gl
|c|âIggyRoselia|same
|
|start
|switch|p1a: PlayBoi|Lopunny, F|272\/272
|switch|p2a: Rotom-Wash|Rotom-Wash|291\/291
|turn|1
|
|detailschange|p1a: PlayBoi|Lopunny-Mega, F
|message|Lopunny has Mega Evolved into Mega Lopunny!
|move|p1a: PlayBoi|Fake Out|p2a: Rotom-Wash
|-damage|p2a: Rotom-Wash|227\/291
|cant|p2a: Rotom-Wash|flinch
|
|turn|2
|
|switch|p1a: Heatran|Heatran, F, shiny|357\/357
|move|p2a: Rotom-Wash|Will-O-Wisp|p1a: Heatran
|-start|p1a: Heatran|ability: Flash Fire
|
|turn|3
|
|switch|p2a: Keldeo|Keldeo|323\/323
|move|p1a: Heatran|Stealth Rock|p2a: Keldeo
|-sidestart|p2: Based Godfish|move: Stealth Rock
|
|turn|4
|
|switch|p1a: Azumarill|Azumarill, F, shiny|401\/401
|move|p2a: Keldeo|Secret Sword|p1a: Azumarill
|-resisted|p1a: Azumarill
|-damage|p1a: Azumarill|288\/401
|-damage|p2a: Keldeo|291\/323|[from] item: Life Orb
|
|turn|5
|
|move|p2a: Keldeo|Scald|p1a: Azumarill
|-resisted|p1a: Azumarill
|-damage|p1a: Azumarill|176\/401
|-damage|p2a: Keldeo|259\/323|[from] item: Life Orb
|move|p1a: Azumarill|Superpower|p2a: Keldeo
|-damage|p2a: Keldeo|0 fnt
|-unboost|p1a: Azumarill|atk|1
|-unboost|p1a: Azumarill|def|1
|faint|p2a: Keldeo
|
|join|ausogle
|
|switch|p2a: Roserade|Roserade, F|262\/262
|-damage|p2a: Roserade|230\/262|[from] Stealth Rock
|turn|6
|
|switch|p1a: Heatran|Heatran, F, shiny|357\/357
|move|p2a: Roserade|Spikes|p1a: Heatran
|-sidestart|p1: IggyRoselia|Spikes
|
|-heal|p2a: Roserade|246\/262|[from] item: Black Sludge
|turn|7
|join|Adramelek
|
|move|p2a: Roserade|Sleep Powder|p1a: Heatran
|-status|p1a: Heatran|slp
|cant|p1a: Heatran|slp
|
|-heal|p2a: Roserade|262\/262|[from] item: Black Sludge
|turn|8
|
|switch|p2a: Excadrill|Excadrill, M|375\/375
|-damage|p2a: Excadrill|364\/375|[from] Stealth Rock
|-ability|p2a: Excadrill|Mold Breaker
|-curestatus|p1a: Heatran|slp
|move|p1a: Heatran|Lava Plume|p2a: Excadrill
|-supereffective|p2a: Excadrill
|-damage|p2a: Excadrill|92\/375
|
|turn|9
|
|switch|p1a: PlayBoi|Lopunny-Mega, F|272\/272
|-damage|p1a: PlayBoi|238\/272|[from] Spikes
|move|p2a: Excadrill|Rapid Spin|p1a: PlayBoi
|-damage|p1a: PlayBoi|213\/272
|-sideend|p2: Based Godfish|Stealth Rock|[from] move: Rapid Spin|[of] p2a: Excadrill
|
|turn|10
|
|switch|p2a: Diancie|Diancie|241\/241
|move|p1a: PlayBoi|Power-Up Punch|p2a: Diancie
|-damage|p2a: Diancie|187\/241
|-boost|p1a: PlayBoi|atk|1
|
|turn|11
|
|detailschange|p2a: Diancie|Diancie-Mega
|message|Diancie has Mega Evolved into Mega Diancie!
|move|p1a: PlayBoi|High Jump Kick|p2a: Diancie|[miss]
|-miss|p1a: PlayBoi|p2a: Diancie
|-damage|p1a: PlayBoi|77\/272|[from] highjumpkick
|move|p2a: Diancie|Moonblast|p1a: PlayBoi
|-crit|p1a: PlayBoi
|-supereffective|p1a: PlayBoi
|-damage|p1a: PlayBoi|0 fnt
|faint|p1a: PlayBoi
|
|
|switch|p1a: worring about none|Ferrothorn, M, shiny|352\/352
|-damage|p1a: worring about none|308\/352|[from] Spikes
|turn|12
|
|switch|p2a: Talonflame|Talonflame, M|305\/305
|move|p1a: worring about none|Gyro Ball|p2a: Talonflame
|-resisted|p2a: Talonflame
|-damage|p2a: Talonflame|201\/305
|
|-heal|p1a: worring about none|330\/352|[from] item: Leftovers
|turn|13
|c|âIggyRoselia|of course
|
|switch|p1a: Heatran|Heatran, F, shiny|357\/357
|-damage|p1a: Heatran|313\/357|[from] Spikes
|move|p2a: Talonflame|Flare Blitz|p1a: Heatran
|-start|p1a: Heatran|ability: Flash Fire
|
|-heal|p1a: Heatran|335\/357|[from] item: Leftovers
|turn|14
|c|âIggyRoselia|i would miss
|
|switch|p2a: Diancie|Diancie-Mega|187\/241
|move|p1a: Heatran|Earth Power|p2a: Diancie
|-crit|p2a: Diancie
|-supereffective|p2a: Diancie
|-damage|p2a: Diancie|0 fnt
|faint|p2a: Diancie
|
|-heal|p1a: Heatran|357\/357|[from] item: Leftovers
|
|switch|p2a: Excadrill|Excadrill, M|92\/375
|-ability|p2a: Excadrill|Mold Breaker
|turn|15
|
|switch|p1a: worring about none|Ferrothorn, M, shiny|330\/352
|-damage|p1a: worring about none|286\/352|[from] Spikes
|move|p2a: Excadrill|Earthquake|p1a: worring about none
|-damage|p1a: worring about none|168\/352
|
|-heal|p1a: worring about none|190\/352|[from] item: Leftovers
|turn|16
|
|move|p2a: Excadrill|Earthquake|p1a: worring about none
|-damage|p1a: worring about none|81\/352
|move|p1a: worring about none|Spikes|p2a: Excadrill
|-sidestart|p2: Based Godfish|Spikes
|
|-heal|p1a: worring about none|103\/352|[from] item: Leftovers
|turn|17
|
|move|p1a: worring about none|Protect|p1a: worring about none
|-singleturn|p1a: worring about none|Protect
|move|p2a: Excadrill|Earthquake|p1a: worring about none
|-activate|p1a: worring about none|Protect
|
|-heal|p1a: worring about none|125\/352|[from] item: Leftovers
|turn|18
|
|move|p2a: Excadrill|Earthquake|p1a: worring about none
|-damage|p1a: worring about none|13\/352
|move|p1a: worring about none|Leech Seed|p2a: Excadrill
|-start|p2a: Excadrill|move: Leech Seed
|
|-heal|p1a: worring about none|35\/352|[from] item: Leftovers
|-damage|p2a: Excadrill|46\/375|[from] Leech Seed|[of] p1a: worring about none
|-heal|p1a: worring about none|81\/352|[silent]
|turn|19
|
|switch|p2a: Talonflame|Talonflame, M|201\/305
|move|p1a: worring about none|Protect|p1a: worring about none
|-fail|p1a: worring about none
|
|-heal|p1a: worring about none|103\/352|[from] item: Leftovers
|turn|20
|
|move|p1a: worring about none|Protect|p1a: worring about none
|-singleturn|p1a: worring about none|Protect
|move|p2a: Talonflame|Flare Blitz|p1a: worring about none
|-activate|p1a: worring about none|Protect
|
|-heal|p1a: worring about none|125\/352|[from] item: Leftovers
|turn|21
|
|switch|p1a: Landorus-Therian|Landorus-Therian, M|320\/320
|-ability|p1a: Landorus-Therian|Intimidate|[of] p2a: Talonflame
|-unboost|p2a: Talonflame|atk|1
|move|p2a: Talonflame|Flare Blitz|p1a: Landorus-Therian
|-damage|p1a: Landorus-Therian|149\/320
|-status|p1a: Landorus-Therian|brn
|-damage|p2a: Talonflame|145\/305|[from] recoil|[of] p1a: Landorus-Therian
|
|-damage|p1a: Landorus-Therian|109\/320 brn|[from] brn
|turn|22
|
|switch|p2a: Roserade|Roserade, F|262\/262
|-damage|p2a: Roserade|230\/262|[from] Spikes
|move|p1a: Landorus-Therian|Stone Edge|p2a: Roserade|[miss]
|-miss|p1a: Landorus-Therian|p2a: Roserade
|
|-heal|p2a: Roserade|246\/262|[from] item: Black Sludge
|-damage|p1a: Landorus-Therian|69\/320 brn|[from] brn
|turn|23
|c|âIggyRoselia|this is not even funny anymore
|
|switch|p1a: worring about none|Ferrothorn, M, shiny|125\/352
|-damage|p1a: worring about none|81\/352|[from] Spikes
|move|p2a: Roserade|Giga Drain|p1a: worring about none
|-resisted|p1a: worring about none
|-damage|p1a: worring about none|56\/352
|-heal|p2a: Roserade|259\/262|[from] drain|[of] p1a: worring about none
|
|-heal|p2a: Roserade|262\/262|[from] item: Black Sludge
|-heal|p1a: worring about none|78\/352|[from] item: Leftovers
|turn|24
|
|switch|p2a: Talonflame|Talonflame, M|145\/305
|move|p1a: worring about none|Gyro Ball|p2a: Talonflame
|-resisted|p2a: Talonflame
|-damage|p2a: Talonflame|41\/305
|
|-heal|p1a: worring about none|100\/352|[from] item: Leftovers
|turn|25
|
|switch|p1a: Landorus-Therian|Landorus-Therian, M|69\/320 brn
|-ability|p1a: Landorus-Therian|Intimidate|[of] p2a: Talonflame
|-unboost|p2a: Talonflame|atk|1
|move|p2a: Talonflame|Brave Bird|p1a: Landorus-Therian
|-damage|p1a: Landorus-Therian|0 fnt
|-damage|p2a: Talonflame|18\/305|[from] recoil|[of] p1a: Landorus-Therian
|faint|p1a: Landorus-Therian
|
|
|switch|p1a: Heatran|Heatran, F, shiny|357\/357
|-damage|p1a: Heatran|313\/357|[from] Spikes
|turn|26
|
|move|p2a: Talonflame|Brave Bird|p1a: Heatran
|-resisted|p1a: Heatran
|-damage|p1a: Heatran|245\/357
|-damage|p2a: Talonflame|0 fnt|[from] recoil|[of] p1a: Heatran
|faint|p2a: Talonflame
|move|p1a: Heatran|Stealth Rock|p2: Talonflame
|-sidestart|p2: Based Godfish|move: Stealth Rock
|
|-heal|p1a: Heatran|267\/357|[from] item: Leftovers
|
|switch|p2a: Rotom-Wash|Rotom-Wash|227\/291
|-damage|p2a: Rotom-Wash|191\/291|[from] Stealth Rock
|turn|27
|
|move|p2a: Rotom-Wash|Hydro Pump|p1a: Heatran
|-supereffective|p1a: Heatran
|-damage|p1a: Heatran|15\/357
|move|p1a: Heatran|Roar|p2a: Rotom-Wash
|drag|p2a: Excadrill|Excadrill, M|46\/375
|-damage|p2a: Excadrill|0 fnt|[from] Spikes
|faint|p2a: Excadrill
|
|-heal|p1a: Heatran|37\/357|[from] item: Leftovers
|
|switch|p2a: Rotom-Wash|Rotom-Wash|191\/291
|-damage|p2a: Rotom-Wash|155\/291|[from] Stealth Rock
|turn|28
|
|move|p2a: Rotom-Wash|Hydro Pump|p1a: Heatran
|-crit|p1a: Heatran
|-supereffective|p1a: Heatran
|-damage|p1a: Heatran|0 fnt
|faint|p1a: Heatran
|
|
|switch|p1a: worring about none|Ferrothorn, M, shiny|100\/352
|-damage|p1a: worring about none|56\/352|[from] Spikes
|turn|29
|
|move|p1a: worring about none|Protect|p1a: worring about none
|-singleturn|p1a: worring about none|Protect
|move|p2a: Rotom-Wash|Hydro Pump|p1a: worring about none
|-activate|p1a: worring about none|Protect
|
|-heal|p1a: worring about none|78\/352|[from] item: Leftovers
|turn|30
|
|move|p2a: Rotom-Wash|Hydro Pump|p1a: worring about none|[miss]
|-miss|p2a: Rotom-Wash|p1a: worring about none
|move|p1a: worring about none|Leech Seed|p2a: Rotom-Wash
|-start|p2a: Rotom-Wash|move: Leech Seed
|
|-heal|p1a: worring about none|100\/352|[from] item: Leftovers
|-damage|p2a: Rotom-Wash|119\/291|[from] Leech Seed|[of] p1a: worring about none
|-heal|p1a: worring about none|136\/352|[silent]
|turn|31
|
|switch|p2a: Roserade|Roserade, F|262\/262
|-damage|p2a: Roserade|230\/262|[from] Stealth Rock
|-damage|p2a: Roserade|198\/262|[from] Spikes
|move|p1a: worring about none|Gyro Ball|p2a: Roserade
|-damage|p2a: Roserade|0 fnt
|faint|p2a: Roserade
|
|-heal|p1a: worring about none|158\/352|[from] item: Leftovers
|
|switch|p2a: Rotom-Wash|Rotom-Wash|119\/291
|-damage|p2a: Rotom-Wash|83\/291|[from] Stealth Rock
|turn|32
|
|move|p2a: Rotom-Wash|Hydro Pump|p1a: worring about none
|-crit|p1a: worring about none
|-resisted|p1a: worring about none
|-damage|p1a: worring about none|67\/352
|move|p1a: worring about none|Leech Seed|p2a: Rotom-Wash
|-start|p2a: Rotom-Wash|move: Leech Seed
|
|-heal|p1a: worring about none|89\/352|[from] item: Leftovers
|-damage|p2a: Rotom-Wash|47\/291|[from] Leech Seed|[of] p1a: worring about none
|-heal|p1a: worring about none|125\/352|[silent]
|turn|33
|leave|ausogle
|
|move|p1a: worring about none|Protect|p1a: worring about none
|-singleturn|p1a: worring about none|Protect
|move|p2a: Rotom-Wash|Hydro Pump|p1a: worring about none
|-activate|p1a: worring about none|Protect
|
|-heal|p1a: worring about none|147\/352|[from] item: Leftovers
|-damage|p2a: Rotom-Wash|11\/291|[from] Leech Seed|[of] p1a: worring about none
|-heal|p1a: worring about none|183\/352|[silent]
|turn|34
|
|move|p2a: Rotom-Wash|Hydro Pump|p1a: worring about none
|-resisted|p1a: worring about none
|-damage|p1a: worring about none|113\/352
|move|p1a: worring about none|Gyro Ball|p2a: Rotom-Wash
|-resisted|p2a: Rotom-Wash
|-damage|p2a: Rotom-Wash|0 fnt
|faint|p2a: Rotom-Wash
|
|win|IggyRoselia
|raw|Ladder updating...
|c|âIggyRoselia|gg
|raw|IggyRoselia's rating: 1667 &rarr; <strong>1684<\/strong><br \/>(+17 for winning)
|raw|Based Godfish's rating: 1608 &rarr; <strong>1592<\/strong><br \/>(-16 for losing)
|leave|IggyRoselia
|player|p1
|leave|Based Godfish
|player|p2