|join|IggyRoselia
|join|garchu
|player|p1|IggyRoselia|26
|player|p2|garchu|52
|gametype|singles
|gen|6
|tier|OU
|rated
|clearpoke
|poke|p1|Gallade, M, shiny
|poke|p1|Latias, F
|poke|p1|Heatran, M, shiny
|poke|p1|Talonflame, F, shiny
|poke|p1|Azumarill, M, shiny
|poke|p1|Staraptor, F
|poke|p2|Rotom-Fan
|poke|p2|Gliscor, M, shiny
|poke|p2|Latios, M, shiny
|poke|p2|Weavile, M
|poke|p2|Scizor, M, shiny
|poke|p2|Gengar, M, shiny
|rule|Swagger Clause: Swagger is banned
|rule|Baton Pass Clause: Limit one PokÃ©mon knowing Baton Pass
|rule|Sleep Clause Mod: Limit one foe put to sleep
|rule|Species Clause: Limit one of each PokÃ©mon
|rule|OHKO Clause: OHKO moves are banned
|rule|Moody Clause: Moody is banned
|rule|Evasion Moves Clause: Evasion moves are banned
|rule|Endless Battle Clause: Forcing endless battles is banned
|rule|HP Percentage Mod: HP is shown in percentages
|teampreview
|
|start
|switch|p1a: Heatran|Heatran, M, shiny|386\/386
|switch|p2a: Gliscor|Gliscor, M, shiny|354\/354
|turn|1
|
|switch|p1a: Latias|Latias, F|322\/322
|move|p2a: Gliscor|Stealth Rock|p1a: Latias
|-sidestart|p1: IggyRoselia|move: Stealth Rock
|
|-status|p2a: Gliscor|tox|[from] item: Toxic Orb
|turn|2
|
|move|p1a: Latias|Defog|p2a: Gliscor
|-unboost|p2a: Gliscor|evasion|1
|-sideend|p1: IggyRoselia|Stealth Rock|[from] move: Defog|[of] p1a: Latias
|move|p2a: Gliscor|Toxic|p1a: Latias
|-status|p1a: Latias|tox
|
|-damage|p1a: Latias|302\/322 tox|[from] psn
|turn|3
|
|move|p2a: Gliscor|Protect|p2a: Gliscor
|-singleturn|p2a: Gliscor|Protect
|move|p1a: Latias|Draco Meteor|p2a: Gliscor
|-activate|p2a: Gliscor|Protect
|
|-damage|p1a: Latias|262\/322 tox|[from] psn
|turn|4
|
|move|p1a: Latias|Draco Meteor|p2a: Gliscor
|-damage|p2a: Gliscor|13\/354 tox
|-unboost|p1a: Latias|spa|2
|-damage|p1a: Latias|230\/322 tox|[from] item: Life Orb
|move|p2a: Gliscor|Stealth Rock|p1a: Latias
|-sidestart|p1: IggyRoselia|move: Stealth Rock
|
|-damage|p1a: Latias|170\/322 tox|[from] psn
|-heal|p2a: Gliscor|57\/354 tox|[from] ability: Poison Heal
|turn|5
|
|move|p2a: Gliscor|Protect|p2a: Gliscor
|-singleturn|p2a: Gliscor|Protect
|move|p1a: Latias|Defog|p2a: Gliscor
|-activate|p2a: Gliscor|Protect
|
|-damage|p1a: Latias|90\/322 tox|[from] psn
|-heal|p2a: Gliscor|101\/354 tox|[from] ability: Poison Heal
|turn|6
|
|switch|p1a: Gallade|Gallade, M, shiny|277\/277
|-damage|p1a: Gallade|260\/277|[from] Stealth Rock
|switch|p2a: Latios|Latios, M, shiny|301\/301
|
|turn|7
|
|switch|p1a: Heatran|Heatran, M, shiny|386\/386
|-damage|p1a: Heatran|338\/386|[from] Stealth Rock
|move|p2a: Latios|Draco Meteor|p1a: Heatran
|-resisted|p1a: Heatran
|-damage|p1a: Heatran|217\/386
|-unboost|p2a: Latios|spa|2
|-damage|p2a: Latios|271\/301|[from] item: Life Orb
|
|-heal|p1a: Heatran|241\/386|[from] item: Leftovers
|turn|8
|
|switch|p2a: Weavile|Weavile, M|282\/282
|-ability|p2a: Weavile|Pressure
|move|p1a: Heatran|Stealth Rock|p2a: Weavile
|-sidestart|p2: garchu|move: Stealth Rock
|
|-heal|p1a: Heatran|265\/386|[from] item: Leftovers
|turn|9
|
|move|p2a: Weavile|Swords Dance|p2a: Weavile
|-boost|p2a: Weavile|atk|2
|move|p1a: Heatran|Lava Plume|p2a: Weavile
|-supereffective|p2a: Weavile
|-damage|p2a: Weavile|0 fnt
|faint|p2a: Weavile
|
|-heal|p1a: Heatran|289\/386|[from] item: Leftovers
|
|switch|p2a: Gliscor|Gliscor, M, shiny|101\/354 tox
|-damage|p2a: Gliscor|57\/354 tox|[from] Stealth Rock
|turn|10
|
|switch|p1a: Gallade|Gallade, M, shiny|260\/277
|-damage|p1a: Gallade|243\/277|[from] Stealth Rock
|move|p2a: Gliscor|Earthquake|p1a: Gallade
|-damage|p1a: Gallade|102\/277
|
|-heal|p2a: Gliscor|101\/354 tox|[from] ability: Poison Heal
|turn|11
|
|detailschange|p1a: Gallade|Gallade-Mega, M, shiny
|message|Gallade has Mega Evolved into Mega Gallade!
|move|p2a: Gliscor|Protect|p2a: Gliscor
|-singleturn|p2a: Gliscor|Protect
|move|p1a: Gallade|Psycho Cut|p2a: Gliscor
|-activate|p2a: Gliscor|Protect
|
|-heal|p2a: Gliscor|145\/354 tox|[from] ability: Poison Heal
|turn|12
|
|move|p1a: Gallade|Psycho Cut|p2a: Gliscor
|-damage|p2a: Gliscor|55\/354 tox
|move|p2a: Gliscor|Earthquake|p1a: Gallade
|-damage|p1a: Gallade|0 fnt
|faint|p1a: Gallade
|
|-heal|p2a: Gliscor|99\/354 tox|[from] ability: Poison Heal
|
|switch|p1a: Azumarill|Azumarill, M, shiny|404\/404
|-damage|p1a: Azumarill|354\/404|[from] Stealth Rock
|turn|13
|
|move|p2a: Gliscor|Toxic|p1a: Azumarill
|-status|p1a: Azumarill|tox
|move|p1a: Azumarill|Waterfall|p2a: Gliscor
|-supereffective|p2a: Gliscor
|-damage|p2a: Gliscor|0 fnt
|faint|p2a: Gliscor
|
|-damage|p1a: Azumarill|329\/404 tox|[from] psn
|
|switch|p2a: Gengar|Gengar, M, shiny|262\/262
|-damage|p2a: Gengar|230\/262|[from] Stealth Rock
|turn|14
|
|switch|p1a: Heatran|Heatran, M, shiny|289\/386
|-damage|p1a: Heatran|241\/386|[from] Stealth Rock
|move|p2a: Gengar|Shadow Ball|p1a: Heatran
|-damage|p1a: Heatran|52\/386
|
|-heal|p1a: Heatran|76\/386|[from] item: Leftovers
|turn|15
|
|move|p2a: Gengar|Shadow Ball|p1a: Heatran
|-damage|p1a: Heatran|0 fnt
|faint|p1a: Heatran
|
|
|switch|p1a: Staraptor|Staraptor, F|311\/311
|-damage|p1a: Staraptor|234\/311|[from] Stealth Rock
|turn|16
|
|switch|p2a: Rotom-Fan|Rotom-Fan|242\/242
|-damage|p2a: Rotom-Fan|182\/242|[from] Stealth Rock
|move|p1a: Staraptor|Brave Bird|p2a: Rotom-Fan
|-resisted|p2a: Rotom-Fan
|-damage|p2a: Rotom-Fan|61\/242
|-damage|p1a: Staraptor|194\/311|[from] recoil|[of] p2a: Rotom-Fan
|
|turn|17
|
|move|p1a: Staraptor|Brave Bird|p2a: Rotom-Fan
|-resisted|p2a: Rotom-Fan
|-damage|p2a: Rotom-Fan|0 fnt
|-damage|p1a: Staraptor|174\/311|[from] recoil|[of] p2a: Rotom-Fan
|faint|p2a: Rotom-Fan
|
|
|switch|p2a: Gengar|Gengar, M, shiny|230\/262
|-damage|p2a: Gengar|198\/262|[from] Stealth Rock
|turn|18
|
|move|p1a: Staraptor|Brave Bird|p2a: Gengar
|-damage|p2a: Gengar|0 fnt
|-damage|p1a: Staraptor|109\/311|[from] recoil|[of] p2a: Gengar
|faint|p2a: Gengar
|
|
|switch|p2a: Scizor|Scizor, M, shiny|344\/344
|-damage|p2a: Scizor|301\/344|[from] Stealth Rock
|turn|19
|
|switch|p1a: Latias|Latias, F|90\/322 tox
|-damage|p1a: Latias|50\/322 tox|[from] Stealth Rock
|detailschange|p2a: Scizor|Scizor-Mega, M, shiny
|message|Scizor has Mega Evolved into Mega Scizor!
|move|p2a: Scizor|Swords Dance|p2a: Scizor
|-boost|p2a: Scizor|atk|2
|
|-damage|p1a: Latias|30\/322 tox|[from] psn
|turn|20
|
|move|p2a: Scizor|Bullet Punch|p1a: Latias
|-damage|p1a: Latias|0 fnt
|faint|p1a: Latias
|
|
|switch|p1a: Talonflame|Talonflame, F, shiny|297\/297
|-damage|p1a: Talonflame|149\/297|[from] Stealth Rock
|turn|21
|
|move|p2a: Scizor|Bullet Punch|p1a: Talonflame
|-resisted|p1a: Talonflame
|-damage|p1a: Talonflame|0 fnt
|faint|p1a: Talonflame
|
|
|switch|p1a: Azumarill|Azumarill, M, shiny|329\/404 tox
|-damage|p1a: Azumarill|279\/404 tox|[from] Stealth Rock
|turn|22
|
|move|p2a: Scizor|Bullet Punch|p1a: Azumarill
|-damage|p1a: Azumarill|0 fnt
|faint|p1a: Azumarill
|
|
|switch|p1a: Staraptor|Staraptor, F|109\/311
|-damage|p1a: Staraptor|32\/311|[from] Stealth Rock
|turn|23
|
|move|p2a: Scizor|Bullet Punch|p1a: Staraptor
|-damage|p1a: Staraptor|0 fnt
|faint|p1a: Staraptor
|
|win|garchu
|raw|Ladder updating...
|c|âgarchu|gg
|raw|IggyRoselia's rating: 1108 &rarr; <strong>1081<\/strong><br \/>(-27 for losing)
|raw|garchu's rating: 1090 &rarr; <strong>1118<\/strong><br \/>(+28 for winning)