|join|IggyRoselia
|join|jack41
|player|p1|IggyRoselia|30
|player|p2|jack41|17
|gametype|singles
|gen|6
|tier|OU
|rated
|clearpoke
|poke|p1|Venusaur, F, shiny
|poke|p1|Mew
|poke|p1|Keldeo
|poke|p1|Landorus-Therian, M
|poke|p1|Raikou
|poke|p1|Heatran, F
|poke|p2|Diancie
|poke|p2|Garchomp, M
|poke|p2|Bisharp, F
|poke|p2|Talonflame, M
|poke|p2|Dragonite, M
|poke|p2|Starmie
|rule|Swagger Clause: Swagger is banned
|rule|Baton Pass Clause: Limit one PokÃ©mon knowing Baton Pass
|rule|Sleep Clause Mod: Limit one foe put to sleep
|rule|Species Clause: Limit one of each PokÃ©mon
|rule|OHKO Clause: OHKO moves are banned
|rule|Moody Clause: Moody is banned
|rule|Evasion Moves Clause: Evasion moves are banned
|rule|Endless Battle Clause: Forcing endless battles is banned
|rule|HP Percentage Mod: HP is shown in percentages
|teampreview
|
|start
|switch|p1a: Landorus-Therian|Landorus-Therian, M|365\/365
|switch|p2a: Garchomp|Garchomp, M|357\/357
|-ability|p1a: Landorus-Therian|Intimidate|[of] p2a: Garchomp
|-unboost|p2a: Garchomp|atk|1
|turn|1
|
|move|p2a: Garchomp|Stealth Rock|p1a: Landorus-Therian
|-sidestart|p1: IggyRoselia|move: Stealth Rock
|move|p1a: Landorus-Therian|Stealth Rock|p2a: Garchomp
|-sidestart|p2: jack41|move: Stealth Rock
|
|turn|2
|
|move|p2a: Garchomp|Swords Dance|p2a: Garchomp
|-boost|p2a: Garchomp|atk|2
|move|p1a: Landorus-Therian|Earthquake|p2a: Garchomp
|-damage|p2a: Garchomp|176\/357
|
|turn|3
|
|move|p2a: Garchomp|Dragon Claw|p1a: Landorus-Therian
|-damage|p1a: Landorus-Therian|194\/365
|move|p1a: Landorus-Therian|Earthquake|p2a: Garchomp
|-damage|p2a: Garchomp|19\/357
|
|-heal|p1a: Landorus-Therian|216\/365|[from] item: Leftovers
|turn|4
|
|move|p2a: Garchomp|Dragon Claw|p1a: Landorus-Therian
|-damage|p1a: Landorus-Therian|59\/365
|move|p1a: Landorus-Therian|U-turn|p2a: Garchomp
|-damage|p2a: Garchomp|0 fnt
|-damage|p1a: Landorus-Therian|14\/365|[from] ability: Rough Skin|[of] p2a: Garchomp
|faint|p2a: Garchomp
|
|switch|p1a: Raikou|Raikou|321\/321
|-damage|p1a: Raikou|281\/321|[from] Stealth Rock
|-ability|p1a: Raikou|Pressure
|
|
|switch|p2a: Diancie|Diancie|257\/257
|-damage|p2a: Diancie|225\/257|[from] Stealth Rock
|turn|5
|
|detailschange|p2a: Diancie|Diancie-Mega
|-mega|p2a: Diancie|Diancie|Diancite
|move|p1a: Raikou|Volt Switch|p2a: Diancie
|-damage|p2a: Diancie|116\/257
|
|switch|p1a: Venusaur|Venusaur, F, shiny|364\/364
|-damage|p1a: Venusaur|319\/364|[from] Stealth Rock
|move|p2a: Diancie|Rock Polish|p2a: Diancie
|-boost|p2a: Diancie|spe|2
|
|turn|6
|
|detailschange|p1a: Venusaur|Venusaur-Mega, F, shiny
|-mega|p1a: Venusaur|Venusaur|Venusaurite
|move|p2a: Diancie|Diamond Storm|p1a: Venusaur
|-crit|p1a: Venusaur
|-damage|p1a: Venusaur|138\/364
|move|p1a: Venusaur|Giga Drain|p2a: Diancie
|-supereffective|p2a: Diancie
|-damage|p2a: Diancie|0 fnt
|-heal|p1a: Venusaur|196\/364|[from] drain|[of] p2a: Diancie
|faint|p2a: Diancie
|
|
|switch|p2a: Starmie|Starmie|261\/261
|-damage|p2a: Starmie|229\/261|[from] Stealth Rock
|turn|7
|
|move|p2a: Starmie|Psyshock|p1a: Venusaur
|-supereffective|p1a: Venusaur
|-damage|p1a: Venusaur|0 fnt
|-damage|p2a: Starmie|203\/261|[from] item: Life Orb
|faint|p1a: Venusaur
|
|
|switch|p1a: Raikou|Raikou|281\/321
|-damage|p1a: Raikou|241\/321|[from] Stealth Rock
|-ability|p1a: Raikou|Pressure
|turn|8
|
|move|p1a: Raikou|Thunderbolt|p2a: Starmie
|-supereffective|p2a: Starmie
|-damage|p2a: Starmie|0 fnt
|faint|p2a: Starmie
|
|
|switch|p2a: Bisharp|Bisharp, F|271\/271
|-damage|p2a: Bisharp|255\/271|[from] Stealth Rock
|turn|9
|
|switch|p1a: Keldeo|Keldeo|330\/330
|-damage|p1a: Keldeo|310\/330|[from] Stealth Rock
|move|p2a: Bisharp|Knock Off|p1a: Keldeo
|-resisted|p1a: Keldeo
|-damage|p1a: Keldeo|212\/330
|-boost|p1a: Keldeo|atk|1|[from] ability: Justified
|-enditem|p1a: Keldeo|Leftovers|[from] move: Knock Off|[of] p2a: Bisharp
|
|turn|10
|c|âjack41|yeah gg
|-message|jack41 forfeited.
|
|win|IggyRoselia
|raw|Ladder updating...