|join|IggyRoselia
|join|Judo Black Belt
|player|p1|IggyRoselia|30
|player|p2|Judo Black Belt|151
|gametype|singles
|gen|6
|tier|OU
|rated
|clearpoke
|poke|p1|Venusaur, M, shiny
|poke|p1|Mew
|poke|p1|Keldeo
|poke|p1|Landorus-Therian, M
|poke|p1|Raikou
|poke|p1|Heatran, F
|poke|p2|Diancie
|poke|p2|Gothitelle, M, shiny
|poke|p2|Azumarill, M
|poke|p2|Celebi
|poke|p2|Garchomp, F
|poke|p2|Bisharp, F
|rule|Swagger Clause: Swagger is banned
|rule|Baton Pass Clause: Limit one PokÃ©mon knowing Baton Pass
|rule|Sleep Clause Mod: Limit one foe put to sleep
|rule|Species Clause: Limit one of each PokÃ©mon
|rule|OHKO Clause: OHKO moves are banned
|rule|Moody Clause: Moody is banned
|rule|Evasion Moves Clause: Evasion moves are banned
|rule|Endless Battle Clause: Forcing endless battles is banned
|rule|HP Percentage Mod: HP is shown in percentages
|teampreview
|
|start
|switch|p1a: Venusaur|Venusaur, M, shiny|364\/364
|switch|p2a: Garchomp|Garchomp, F|420\/420
|turn|1
|
|switch|p2a: Mrs. Jones|Gothitelle, M, shiny|281\/281
|detailschange|p1a: Venusaur|Venusaur-Mega, M, shiny
|-mega|p1a: Venusaur|Venusaur|Venusaurite
|move|p1a: Venusaur|Giga Drain|p2a: Mrs. Jones
|-damage|p2a: Mrs. Jones|161\/281
|
|turn|2
|
|move|p2a: Mrs. Jones|Psychic|p1a: Venusaur
|-supereffective|p1a: Venusaur
|-damage|p1a: Venusaur|148\/364
|move|p1a: Venusaur|Sludge Bomb|p2a: Mrs. Jones
|-damage|p2a: Mrs. Jones|29\/281
|
|turn|3
|
|move|p2a: Mrs. Jones|Psychic|p1a: Venusaur
|-supereffective|p1a: Venusaur
|-damage|p1a: Venusaur|0 fnt
|faint|p1a: Venusaur
|
|
|switch|p1a: Landorus-Therian|Landorus-Therian, M|365\/365
|-ability|p1a: Landorus-Therian|Intimidate|[of] p2a: Mrs. Jones
|-unboost|p2a: Mrs. Jones|atk|1
|turn|4
|
|switch|p2a: Garchomp|Garchomp, F|420\/420
|move|p1a: Landorus-Therian|U-turn|p2a: Garchomp
|-damage|p2a: Garchomp|360\/420
|-damage|p1a: Landorus-Therian|320\/365|[from] ability: Rough Skin|[of] p2a: Garchomp
|-damage|p1a: Landorus-Therian|260\/365|[from] item: Rocky Helmet|[of] p2a: Garchomp
|
|switch|p1a: Raikou|Raikou|321\/321
|-ability|p1a: Raikou|Pressure
|
|turn|5
|
|switch|p2a: Celebi|Celebi|403\/403
|move|p1a: Raikou|Hidden Power|p2a: Celebi
|-supereffective|p2a: Celebi
|-damage|p2a: Celebi|299\/403
|
|-heal|p2a: Celebi|324\/403|[from] item: Leftovers
|turn|6
|
|switch|p1a: Heatran|Heatran, F|382\/382
|move|p2a: Celebi|Substitute|p2a: Celebi
|-start|p2a: Celebi|Substitute
|-damage|p2a: Celebi|224\/403
|
|-heal|p2a: Celebi|249\/403|[from] item: Leftovers
|turn|7
|
|move|p2a: Celebi|Baton Pass|p2a: Celebi
|
|switch|p2a: Azumarill|Azumarill, M|403\/403
|move|p1a: Heatran|Earth Power|p2a: Azumarill
|-end|p2a: Azumarill|Substitute
|
|turn|8
|
|move|p1a: Heatran|Taunt|p2a: Azumarill
|-start|p2a: Azumarill|move: Taunt
|cant|p2a: Azumarill|move: Taunt|Belly Drum
|
|turn|9
|
|move|p1a: Heatran|Lava Plume|p2a: Azumarill
|-resisted|p2a: Azumarill
|-damage|p2a: Azumarill|337\/403
|-status|p2a: Azumarill|brn
|move|p2a: Azumarill|Knock Off|p1a: Heatran
|-damage|p1a: Heatran|309\/382
|-enditem|p1a: Heatran|Leftovers|[from] move: Knock Off|[of] p2a: Azumarill
|
|-damage|p2a: Azumarill|287\/403 brn|[from] brn
|turn|10
|
|move|p1a: Heatran|Earth Power|p2a: Azumarill
|-damage|p2a: Azumarill|177\/403 brn
|-unboost|p2a: Azumarill|spd|1
|-enditem|p2a: Azumarill|Sitrus Berry|[eat]
|-heal|p2a: Azumarill|277\/403 brn|[from] item: Sitrus Berry
|move|p2a: Azumarill|Knock Off|p1a: Heatran
|-damage|p1a: Heatran|267\/382
|
|-damage|p2a: Azumarill|227\/403 brn|[from] brn
|-end|p2a: Azumarill|move: Taunt
|turn|11
|
|switch|p2a: Garchomp|Garchomp, F|360\/420
|move|p1a: Heatran|Earth Power|p2a: Garchomp
|-damage|p2a: Garchomp|267\/420
|
|turn|12
|
|switch|p1a: Landorus-Therian|Landorus-Therian, M|260\/365
|-ability|p1a: Landorus-Therian|Intimidate|[of] p2a: Garchomp
|-unboost|p2a: Garchomp|atk|1
|move|p2a: Garchomp|Dragon Tail|p1a: Landorus-Therian
|-damage|p1a: Landorus-Therian|215\/365
|drag|p1a: Keldeo|Keldeo|330\/330
|
|turn|13
|
|switch|p2a: Azumarill|Azumarill, M|227\/403 brn
|move|p1a: Keldeo|Scald|p2a: Azumarill
|-crit|p2a: Azumarill
|-resisted|p2a: Azumarill
|-damage|p2a: Azumarill|100\/403 brn
|
|-damage|p2a: Azumarill|50\/403 brn|[from] brn
|turn|14
|
|switch|p1a: Heatran|Heatran, F|267\/382
|move|p2a: Azumarill|Play Rough|p1a: Heatran
|-resisted|p1a: Heatran
|-damage|p1a: Heatran|245\/382
|
|-damage|p2a: Azumarill|0 fnt|[from] brn
|faint|p2a: Azumarill
|
|switch|p2a: Garchomp|Garchomp, F|267\/420
|turn|15
|
|switch|p1a: Landorus-Therian|Landorus-Therian, M|215\/365
|-ability|p1a: Landorus-Therian|Intimidate|[of] p2a: Garchomp
|-unboost|p2a: Garchomp|atk|1
|move|p2a: Garchomp|Stealth Rock|p1a: Landorus-Therian
|-sidestart|p1: IggyRoselia|move: Stealth Rock
|
|-heal|p1a: Landorus-Therian|237\/365|[from] item: Leftovers
|turn|16
|
|move|p1a: Landorus-Therian|Stealth Rock|p2a: Garchomp
|-sidestart|p2: Judo Black Belt|move: Stealth Rock
|move|p2a: Garchomp|Fire Blast|p1a: Landorus-Therian
|-damage|p1a: Landorus-Therian|146\/365
|-status|p1a: Landorus-Therian|brn
|
|-heal|p1a: Landorus-Therian|168\/365 brn|[from] item: Leftovers
|-damage|p1a: Landorus-Therian|123\/365 brn|[from] brn
|turn|17
|c|âIggyRoselia|why god why
|
|move|p1a: Landorus-Therian|Earthquake|p2a: Garchomp
|-damage|p2a: Garchomp|201\/420
|move|p2a: Garchomp|Fire Blast|p1a: Landorus-Therian
|-damage|p1a: Landorus-Therian|42\/365 brn
|
|-heal|p1a: Landorus-Therian|64\/365 brn|[from] item: Leftovers
|-damage|p1a: Landorus-Therian|19\/365 brn|[from] brn
|turn|18
|
|move|p1a: Landorus-Therian|Earthquake|p2a: Garchomp
|-damage|p2a: Garchomp|144\/420
|move|p2a: Garchomp|Earthquake|p1a: Landorus-Therian
|-immune|p1a: Landorus-Therian|[msg]
|
|-heal|p1a: Landorus-Therian|41\/365 brn|[from] item: Leftovers
|-damage|p1a: Landorus-Therian|0 fnt|[from] brn
|faint|p1a: Landorus-Therian
|
|switch|p1a: Keldeo|Keldeo|330\/330
|-damage|p1a: Keldeo|310\/330|[from] Stealth Rock
|turn|19
|
|move|p1a: Keldeo|Scald|p2a: Garchomp
|-damage|p2a: Garchomp|0 fnt
|faint|p2a: Garchomp
|
|-heal|p1a: Keldeo|330\/330|[from] item: Leftovers
|
|switch|p2a: Celebi|Celebi|249\/403
|-damage|p2a: Celebi|199\/403|[from] Stealth Rock
|turn|20
|c|âJudo Black Belt|sorry mate i was calcling something
|c|âJudo Black Belt|sorry for bein late
|c|âIggyRoselia|no problem
|
|move|p1a: Keldeo|Calm Mind|p1a: Keldeo
|-boost|p1a: Keldeo|spa|1
|-boost|p1a: Keldeo|spd|1
|move|p2a: Celebi|Recover|p2a: Celebi
|-heal|p2a: Celebi|401\/403
|
|-heal|p2a: Celebi|403\/403|[from] item: Leftovers
|turn|21
|
|move|p1a: Keldeo|Substitute|p1a: Keldeo
|-start|p1a: Keldeo|Substitute
|-damage|p1a: Keldeo|248\/330
|move|p2a: Celebi|Substitute|p2a: Celebi
|-start|p2a: Celebi|Substitute
|-damage|p2a: Celebi|303\/403
|
|-heal|p1a: Keldeo|268\/330|[from] item: Leftovers
|-heal|p2a: Celebi|328\/403|[from] item: Leftovers
|turn|22
|
|move|p1a: Keldeo|Secret Sword|p2a: Celebi
|-resisted|p2a: Celebi
|-end|p2a: Celebi|Substitute
|move|p2a: Celebi|Giga Drain|p1a: Keldeo
|-supereffective|p1a: Keldeo
|-end|p1a: Keldeo|Substitute
|-heal|p2a: Celebi|369\/403|[from] drain|[of] p1a: Keldeo
|
|-heal|p1a: Keldeo|288\/330|[from] item: Leftovers
|-heal|p2a: Celebi|394\/403|[from] item: Leftovers
|turn|23
|
|move|p1a: Keldeo|Calm Mind|p1a: Keldeo
|-boost|p1a: Keldeo|spa|1
|-boost|p1a: Keldeo|spd|1
|move|p2a: Celebi|Giga Drain|p1a: Keldeo
|-supereffective|p1a: Keldeo
|-damage|p1a: Keldeo|192\/330
|-heal|p2a: Celebi|403\/403|[from] drain|[of] p1a: Keldeo
|
|-heal|p1a: Keldeo|212\/330|[from] item: Leftovers
|turn|24
|
|move|p1a: Keldeo|Calm Mind|p1a: Keldeo
|-boost|p1a: Keldeo|spa|1
|-boost|p1a: Keldeo|spd|1
|move|p2a: Celebi|Giga Drain|p1a: Keldeo
|-supereffective|p1a: Keldeo
|-damage|p1a: Keldeo|134\/330
|
|-heal|p1a: Keldeo|154\/330|[from] item: Leftovers
|turn|25
|
|move|p1a: Keldeo|Secret Sword|p2a: Celebi
|-resisted|p2a: Celebi
|-damage|p2a: Celebi|214\/403
|move|p2a: Celebi|Giga Drain|p1a: Keldeo
|-supereffective|p1a: Keldeo
|-damage|p1a: Keldeo|80\/330
|-heal|p2a: Celebi|251\/403|[from] drain|[of] p1a: Keldeo
|
|-heal|p1a: Keldeo|100\/330|[from] item: Leftovers
|-heal|p2a: Celebi|276\/403|[from] item: Leftovers
|turn|26
|
|move|p1a: Keldeo|Secret Sword|p2a: Celebi
|-resisted|p2a: Celebi
|-damage|p2a: Celebi|93\/403
|move|p2a: Celebi|Recover|p2a: Celebi
|-heal|p2a: Celebi|295\/403
|
|-heal|p1a: Keldeo|120\/330|[from] item: Leftovers
|-heal|p2a: Celebi|320\/403|[from] item: Leftovers
|turn|27
|
|move|p1a: Keldeo|Scald|p2a: Celebi
|-resisted|p2a: Celebi
|-damage|p2a: Celebi|176\/403
|move|p2a: Celebi|Giga Drain|p1a: Keldeo
|-supereffective|p1a: Keldeo
|-damage|p1a: Keldeo|40\/330
|-heal|p2a: Celebi|216\/403|[from] drain|[of] p1a: Keldeo
|
|-heal|p1a: Keldeo|60\/330|[from] item: Leftovers
|-heal|p2a: Celebi|241\/403|[from] item: Leftovers
|turn|28
|
|switch|p1a: Heatran|Heatran, F|245\/382
|-damage|p1a: Heatran|198\/382|[from] Stealth Rock
|move|p2a: Celebi|Giga Drain|p1a: Heatran
|-resisted|p1a: Heatran
|-damage|p1a: Heatran|182\/382
|-heal|p2a: Celebi|249\/403|[from] drain|[of] p1a: Heatran
|
|-heal|p2a: Celebi|274\/403|[from] item: Leftovers
|turn|29
|
|switch|p2a: Mrs. Jones|Gothitelle, M, shiny|29\/281
|-damage|p2a: Mrs. Jones|0 fnt|[from] Stealth Rock
|faint|p2a: Mrs. Jones
|move|p1a: Heatran|Taunt|p2: Mrs. Jones|[notarget]
|-notarget
|
|
|switch|p2a: Super Sentai|Bisharp, F|271\/271
|-damage|p2a: Super Sentai|255\/271|[from] Stealth Rock
|turn|30
|
|move|p2a: Super Sentai|Sucker Punch|p1a: Heatran
|-crit|p1a: Heatran
|-damage|p1a: Heatran|0 fnt
|-damage|p2a: Super Sentai|228\/271|[from] item: Life Orb
|faint|p1a: Heatran
|
|
|switch|p1a: Keldeo|Keldeo|60\/330
|-damage|p1a: Keldeo|40\/330|[from] Stealth Rock
|turn|31
|
|move|p1a: Keldeo|Calm Mind|p1a: Keldeo
|-boost|p1a: Keldeo|spa|1
|-boost|p1a: Keldeo|spd|1
|move|p2a: Super Sentai|Knock Off|p1a: Keldeo
|-resisted|p1a: Keldeo
|-damage|p1a: Keldeo|0 fnt
|-enditem|p1a: Keldeo|Leftovers|[from] move: Knock Off|[of] p2a: Super Sentai
|-damage|p2a: Super Sentai|201\/271|[from] item: Life Orb
|faint|p1a: Keldeo
|
|c|âJudo Black Belt|aha
|c|âJudo Black Belt|i think u played poorly ur keldeo in front of celebi
|c|âJudo Black Belt|the game was yours
|c|âJudo Black Belt|u greatly played
|
|switch|p1a: Raikou|Raikou|321\/321
|-damage|p1a: Raikou|281\/321|[from] Stealth Rock
|-ability|p1a: Raikou|Pressure
|turn|32
|c|âIggyRoselia|i know
|c|âIggyRoselia|i got a bit rosty
|c|âJudo Black Belt|but u have no reason not to gon to heatran
|c|âIggyRoselia|didn't play that much in the last time
|c|âJudo Black Belt|its been a while since u did not play?
|c|âJudo Black Belt|allright i understand
|c|âJudo Black Belt|rosa is incredebly fast
|c|âIggyRoselia|yeah i am trying to get back
|c|âJudo Black Belt|fast mons everywher
|c|âJudo Black Belt|im tryin to make a decent team
|c|âJudo Black Belt|but its hard aha
|c|âIggyRoselia|yeah
|
|move|p1a: Raikou|Thunderbolt|p2a: Super Sentai
|-damage|p2a: Super Sentai|15\/271
|move|p2a: Super Sentai|Knock Off|p1a: Raikou
|-damage|p1a: Raikou|0 fnt
|-enditem|p1a: Raikou|Choice Scarf|[from] move: Knock Off|[of] p2a: Super Sentai
|-damage|p2a: Super Sentai|0 fnt|[from] item: Life Orb
|faint|p1a: Raikou
|faint|p2a: Super Sentai
|
|
|switch|p2a: Celebi|Celebi|274\/403
|switch|p1a: Mew|Mew|404\/404
|-damage|p2a: Celebi|224\/403|[from] Stealth Rock
|-damage|p1a: Mew|354\/404|[from] Stealth Rock
|turn|33
|c|âJudo Black Belt|im wanderin what type of mew u are
|
|move|p2a: Celebi|Giga Drain|p1a: Mew
|-damage|p1a: Mew|287\/404
|-heal|p2a: Celebi|258\/403|[from] drain|[of] p1a: Mew
|move|p1a: Mew|Knock Off|p2a: Celebi
|-crit|p2a: Celebi
|-supereffective|p2a: Celebi
|-damage|p2a: Celebi|68\/403
|-enditem|p2a: Celebi|Leftovers|[from] move: Knock Off|[of] p1a: Mew
|
|-heal|p1a: Mew|312\/404|[from] item: Leftovers
|turn|34
|
|move|p2a: Celebi|Recover|p2a: Celebi
|-heal|p2a: Celebi|270\/403
|move|p1a: Mew|Knock Off|p2a: Celebi
|-supereffective|p2a: Celebi
|-damage|p2a: Celebi|186\/403
|
|-heal|p1a: Mew|337\/404|[from] item: Leftovers
|turn|35
|
|move|p2a: Celebi|Recover|p2a: Celebi
|-heal|p2a: Celebi|388\/403
|move|p1a: Mew|Will-O-Wisp|p2a: Celebi
|-status|p2a: Celebi|brn
|
|-heal|p1a: Mew|362\/404|[from] item: Leftovers
|-damage|p2a: Celebi|338\/403 brn|[from] brn
|turn|36
|
|move|p2a: Celebi|Substitute|p2a: Celebi
|-start|p2a: Celebi|Substitute
|-damage|p2a: Celebi|238\/403 brn
|move|p1a: Mew|Knock Off|p2a: Celebi
|-supereffective|p2a: Celebi
|-activate|p2a: Celebi|Substitute|[damage]
|
|-heal|p1a: Mew|387\/404|[from] item: Leftovers
|-damage|p2a: Celebi|188\/403 brn|[from] brn
|turn|37
|c|âIggyRoselia|you should have it
|
|move|p2a: Celebi|Recover|p2a: Celebi
|-heal|p2a: Celebi|390\/403 brn
|move|p1a: Mew|Knock Off|p2a: Celebi
|-supereffective|p2a: Celebi
|-end|p2a: Celebi|Substitute
|
|-heal|p1a: Mew|404\/404|[from] item: Leftovers
|-damage|p2a: Celebi|340\/403 brn|[from] brn
|turn|38
|
|move|p2a: Celebi|Giga Drain|p1a: Mew
|-damage|p1a: Mew|340\/404
|-heal|p2a: Celebi|372\/403 brn|[from] drain|[of] p1a: Mew
|move|p1a: Mew|Knock Off|p2a: Celebi
|-supereffective|p2a: Celebi
|-damage|p2a: Celebi|292\/403 brn
|
|-heal|p1a: Mew|365\/404|[from] item: Leftovers
|-damage|p2a: Celebi|242\/403 brn|[from] brn
|turn|39
|c|âJudo Black Belt|i dont have any attack boost on diancie
|
|move|p2a: Celebi|Giga Drain|p1a: Mew
|-damage|p1a: Mew|307\/404
|-heal|p2a: Celebi|271\/403 brn|[from] drain|[of] p1a: Mew
|move|p1a: Mew|Soft-Boiled|p1a: Mew
|-heal|p1a: Mew|404\/404
|
|-damage|p2a: Celebi|221\/403 brn|[from] brn
|turn|40
|
|move|p2a: Celebi|Recover|p2a: Celebi
|-heal|p2a: Celebi|403\/403 brn
|move|p1a: Mew|Knock Off|p2a: Celebi
|-supereffective|p2a: Celebi
|-damage|p2a: Celebi|323\/403 brn
|
|-damage|p2a: Celebi|273\/403 brn|[from] brn
|turn|41
|c|âJudo Black Belt|ok let go
|
|move|p2a: Celebi|Substitute|p2a: Celebi
|-start|p2a: Celebi|Substitute
|-damage|p2a: Celebi|173\/403 brn
|move|p1a: Mew|Knock Off|p2a: Celebi
|-supereffective|p2a: Celebi
|-activate|p2a: Celebi|Substitute|[damage]
|
|-damage|p2a: Celebi|123\/403 brn|[from] brn
|turn|42
|c|âJudo Black Belt|i have to sack it
|c|âIggyRoselia|go out in your diancie
|
|move|p2a: Celebi|Baton Pass|p2a: Celebi
|c|âJudo Black Belt|oh no never mind sub did not break
|c|âJudo Black Belt|yep
|c|âJudo Black Belt|i go to diancie
|
|switch|p2a: Emily|Diancie|241\/241
|-damage|p2a: Emily|211\/241|[from] Stealth Rock
|move|p1a: Mew|Knock Off|p2a: Emily
|-resisted|p2a: Emily
|-activate|p2a: Emily|Substitute|[damage]
|
|turn|43
|c|âJudo Black Belt|ok I calced
|c|âJudo Black Belt|I cant kill u easily
|c|âJudo Black Belt|but the thing is
|c|âJudo Black Belt|im gonna win
|c|âJudo Black Belt|because u have 16 roost
|c|âIggyRoselia|i cannot do anything to this
|c|âJudo Black Belt|and i have 16 moonblast
|c|âJudo Black Belt|plus 8 diamond storm
|c|âJudo Black Belt|let go!
|
|detailschange|p2a: Emily|Diancie-Mega
|-mega|p2a: Emily|Diancie|Diancite
|move|p1a: Mew|Knock Off|p2a: Emily
|-resisted|p2a: Emily
|-end|p2a: Emily|Substitute
|move|p2a: Emily|Diamond Storm|p1a: Mew
|-damage|p1a: Mew|229\/404
|
|-heal|p1a: Mew|254\/404|[from] item: Leftovers
|turn|44
|c|âIggyRoselia|i have to try at least
|c|âJudo Black Belt|yes try
|c|âJudo Black Belt|but im gonna force u
|c|âJudo Black Belt|to use all ur roost
|c|âJudo Black Belt|and then ill proceed to kill
|
|move|p2a: Emily|Moonblast|p1a: Mew
|-damage|p1a: Mew|116\/404
|move|p1a: Mew|Soft-Boiled|p1a: Mew
|-heal|p1a: Mew|318\/404
|
|-heal|p1a: Mew|343\/404|[from] item: Leftovers
|turn|45
|c|âIggyRoselia|but what if i use soft-boiled
|c|âIggyRoselia|?
|
|move|p2a: Emily|Moonblast|p1a: Mew
|-damage|p1a: Mew|189\/404
|-unboost|p1a: Mew|spa|1
|move|p1a: Mew|Soft-Boiled|p1a: Mew
|-heal|p1a: Mew|391\/404
|
|-heal|p1a: Mew|404\/404|[from] item: Leftovers
|turn|46
|c|âJudo Black Belt|soft boiled is the same no?
|c|âJudo Black Belt|im gonna check
|c|âIggyRoselia|no i has 30 pp
|c|âIggyRoselia|jk
|c|âJudo Black Belt|loool
|c|âJudo Black Belt|http:\/\/www.pokepedia.fr\/E-Coque
|c|âJudo Black Belt|plus u lie?
|c|âJudo Black Belt|ok now
|c|âIggyRoselia|!dt softboiled
|c|~|\/data-move Soft-Boiled
|raw|<font size="1"><font color=#585858>Priority:<\/font> 0&nbsp;|&ThickSpace;<font color=#585858>Target:<\/font> User<\/font>
|c|âJudo Black Belt|im really want to destroy u
|c|âJudo Black Belt|^^
|c|âJudo Black Belt|and im gonna sadve it
|c|âJudo Black Belt|^^
|c|âIggyRoselia|wow why that
|
|move|p2a: Emily|Moonblast|p1a: Mew
|-damage|p1a: Mew|266\/404
|move|p1a: Mew|Will-O-Wisp|p2a: Emily
|move|p2a: Emily|Will-O-Wisp|p1a: Mew|[from]Magic Bounce
|-status|p1a: Mew|brn
|-status|p2a: Emily|brn
|
|-heal|p1a: Mew|291\/404 brn|[from] item: Leftovers
|-damage|p2a: Emily|181\/241 brn|[from] brn
|-damage|p1a: Mew|241\/404 brn|[from] brn
|turn|47
|
|move|p2a: Emily|Diamond Storm|p1a: Mew
|-damage|p1a: Mew|150\/404 brn
|move|p1a: Mew|Soft-Boiled|p1a: Mew
|-heal|p1a: Mew|352\/404 brn
|
|-heal|p1a: Mew|377\/404 brn|[from] item: Leftovers
|-damage|p2a: Emily|151\/241 brn|[from] brn
|-damage|p1a: Mew|327\/404 brn|[from] brn
|turn|48
|c|âIggyRoselia|get blocked
|c|âJudo Black Belt|yep
|c|âJudo Black Belt|i forgot that
|
|move|p2a: Emily|Moonblast|p1a: Mew
|-damage|p1a: Mew|176\/404 brn
|move|p1a: Mew|Soft-Boiled|p1a: Mew
|-heal|p1a: Mew|378\/404 brn
|
|-heal|p1a: Mew|403\/404 brn|[from] item: Leftovers
|-damage|p2a: Emily|121\/241 brn|[from] brn
|-damage|p1a: Mew|353\/404 brn|[from] brn
|turn|49
|
|move|p2a: Emily|Moonblast|p1a: Mew
|-damage|p1a: Mew|217\/404 brn
|-unboost|p1a: Mew|spa|1
|move|p1a: Mew|Knock Off|p2a: Emily
|-resisted|p2a: Emily
|-damage|p2a: Emily|113\/241 brn
|
|-heal|p1a: Mew|242\/404 brn|[from] item: Leftovers
|-damage|p2a: Emily|83\/241 brn|[from] brn
|-damage|p1a: Mew|192\/404 brn|[from] brn
|turn|50
|
|move|p2a: Emily|Moonblast|p1a: Mew
|-damage|p1a: Mew|45\/404 brn
|move|p1a: Mew|Soft-Boiled|p1a: Mew
|-heal|p1a: Mew|247\/404 brn
|
|-heal|p1a: Mew|272\/404 brn|[from] item: Leftovers
|-damage|p2a: Emily|53\/241 brn|[from] brn
|-damage|p1a: Mew|222\/404 brn|[from] brn
|turn|51
|
|move|p2a: Emily|Moonblast|p1a: Mew
|-damage|p1a: Mew|68\/404 brn
|move|p1a: Mew|Soft-Boiled|p1a: Mew
|-heal|p1a: Mew|270\/404 brn
|
|-heal|p1a: Mew|295\/404 brn|[from] item: Leftovers
|-damage|p2a: Emily|23\/241 brn|[from] brn
|-damage|p1a: Mew|245\/404 brn|[from] brn
|turn|52
|
|move|p2a: Emily|Moonblast|p1a: Mew
|-damage|p1a: Mew|95\/404 brn
|move|p1a: Mew|Soft-Boiled|p1a: Mew
|-heal|p1a: Mew|297\/404 brn
|
|-heal|p1a: Mew|322\/404 brn|[from] item: Leftovers
|-damage|p2a: Emily|0 fnt|[from] brn
|-damage|p1a: Mew|272\/404 brn|[from] brn
|faint|p2a: Emily
|c|âIggyRoselia|but now my knock off will do nothing
|
|switch|p2a: Celebi|Celebi|123\/403
|-damage|p2a: Celebi|73\/403|[from] Stealth Rock
|turn|53
|c|âIggyRoselia|at least it will a close 1 0
|
|move|p2a: Celebi|Recover|p2a: Celebi
|-heal|p2a: Celebi|275\/403
|move|p1a: Mew|Knock Off|p2a: Celebi
|-supereffective|p2a: Celebi
|-damage|p2a: Celebi|237\/403
|
|-heal|p1a: Mew|297\/404 brn|[from] item: Leftovers
|-damage|p1a: Mew|247\/404 brn|[from] brn
|turn|54
|c|âJudo Black Belt|no
|c|âJudo Black Belt|its not close
|c|âJudo Black Belt|i destroyed u
|c|âJudo Black Belt|and im gonna win
|c|âJudo Black Belt|u just have 9 recover left
|c|âJudo Black Belt|me too
|c|âIggyRoselia|chill dude
|c|âJudo Black Belt|but i beat u 1V1
|c|âJudo Black Belt|nah
|
|move|p2a: Celebi|Substitute|p2a: Celebi
|-start|p2a: Celebi|Substitute
|-damage|p2a: Celebi|137\/403
|move|p1a: Mew|Will-O-Wisp|p2a: Celebi
|
|-heal|p1a: Mew|272\/404 brn|[from] item: Leftovers
|-damage|p1a: Mew|222\/404 brn|[from] brn
|turn|55
|c|âJudo Black Belt|get
|c|âJudo Black Belt|predicted
|c|âJudo Black Belt|definitely gonna save this one
|
|move|p2a: Celebi|Giga Drain|p1a: Mew
|-damage|p1a: Mew|159\/404 brn
|-heal|p2a: Celebi|169\/403|[from] drain|[of] p1a: Mew
|move|p1a: Mew|Knock Off|p2a: Celebi
|-supereffective|p2a: Celebi
|-activate|p2a: Celebi|Substitute|[damage]
|
|-heal|p1a: Mew|184\/404 brn|[from] item: Leftovers
|-damage|p1a: Mew|134\/404 brn|[from] brn
|turn|56
|
|move|p2a: Celebi|Recover|p2a: Celebi
|-heal|p2a: Celebi|371\/403
|move|p1a: Mew|Soft-Boiled|p1a: Mew
|-heal|p1a: Mew|336\/404 brn
|
|-heal|p1a: Mew|361\/404 brn|[from] item: Leftovers
|-damage|p1a: Mew|311\/404 brn|[from] brn
|turn|57
|
|move|p2a: Celebi|Baton Pass|p2a: Celebi
|-fail|p2a: Celebi
|move|p1a: Mew|Knock Off|p2a: Celebi
|-supereffective|p2a: Celebi
|-activate|p2a: Celebi|Substitute|[damage]
|
|-heal|p1a: Mew|336\/404 brn|[from] item: Leftovers
|-damage|p1a: Mew|286\/404 brn|[from] brn
|turn|58
|
|move|p2a: Celebi|Baton Pass|p2a: Celebi
|-fail|p2a: Celebi
|move|p1a: Mew|Defog|p2a: Celebi
|-sideend|p2: Judo Black Belt|Stealth Rock|[from] move: Defog|[of] p2a: Celebi
|-sideend|p1: IggyRoselia|Stealth Rock|[from] move: Defog|[of] p1a: Mew
|
|-heal|p1a: Mew|311\/404 brn|[from] item: Leftovers
|-damage|p1a: Mew|261\/404 brn|[from] brn
|turn|59
|
|move|p2a: Celebi|Giga Drain|p1a: Mew
|-damage|p1a: Mew|200\/404 brn
|-heal|p2a: Celebi|402\/403|[from] drain|[of] p1a: Mew
|move|p1a: Mew|Defog|p2a: Celebi
|
|-heal|p1a: Mew|225\/404 brn|[from] item: Leftovers
|-damage|p1a: Mew|175\/404 brn|[from] brn
|turn|60
|c|âJudo Black Belt|i have 64 sub
|c|âJudo Black Belt|:)
|
|move|p2a: Celebi|Baton Pass|p2a: Celebi
|-fail|p2a: Celebi
|move|p1a: Mew|Soft-Boiled|p1a: Mew
|-heal|p1a: Mew|377\/404 brn
|
|-heal|p1a: Mew|402\/404 brn|[from] item: Leftovers
|-damage|p1a: Mew|352\/404 brn|[from] brn
|turn|61
|
|move|p2a: Celebi|Giga Drain|p1a: Mew
|-damage|p1a: Mew|283\/404 brn
|-heal|p2a: Celebi|403\/403|[from] drain|[of] p1a: Mew
|move|p1a: Mew|Knock Off|p2a: Celebi
|-supereffective|p2a: Celebi
|-end|p2a: Celebi|Substitute
|
|-heal|p1a: Mew|308\/404 brn|[from] item: Leftovers
|-damage|p1a: Mew|258\/404 brn|[from] brn
|turn|62
|c|âJudo Black Belt|im gonna save it and show it to frens
|
|move|p2a: Celebi|Substitute|p2a: Celebi
|-start|p2a: Celebi|Substitute
|-damage|p2a: Celebi|303\/403
|move|p1a: Mew|Soft-Boiled|p1a: Mew
|-heal|p1a: Mew|404\/404 brn
|
|-damage|p1a: Mew|354\/404 brn|[from] brn
|turn|63
|c|âIggyRoselia|if it makes you happy :)
|c|âJudo Black Belt|yep ^^
|
|move|p2a: Celebi|Baton Pass|p2a: Celebi
|-fail|p2a: Celebi
|move|p1a: Mew|Knock Off|p2a: Celebi
|-supereffective|p2a: Celebi
|-activate|p2a: Celebi|Substitute|[damage]
|
|-heal|p1a: Mew|379\/404 brn|[from] item: Leftovers
|-damage|p1a: Mew|329\/404 brn|[from] brn
|turn|64
|
|move|p2a: Celebi|Baton Pass|p2a: Celebi
|-fail|p2a: Celebi
|move|p1a: Mew|Knock Off|p2a: Celebi
|-supereffective|p2a: Celebi
|-activate|p2a: Celebi|Substitute|[damage]
|
|-heal|p1a: Mew|354\/404 brn|[from] item: Leftovers
|-damage|p1a: Mew|304\/404 brn|[from] brn
|turn|65
|
|move|p2a: Celebi|Baton Pass|p2a: Celebi
|-fail|p2a: Celebi
|move|p1a: Mew|Knock Off|p2a: Celebi
|-supereffective|p2a: Celebi
|-end|p2a: Celebi|Substitute
|
|-heal|p1a: Mew|329\/404 brn|[from] item: Leftovers
|-damage|p1a: Mew|279\/404 brn|[from] brn
|turn|66
|
|move|p2a: Celebi|Substitute|p2a: Celebi
|-start|p2a: Celebi|Substitute
|-damage|p2a: Celebi|203\/403
|move|p1a: Mew|Defog|p2a: Celebi
|
|-heal|p1a: Mew|304\/404 brn|[from] item: Leftovers
|-damage|p1a: Mew|254\/404 brn|[from] brn
|turn|67
|
|move|p2a: Celebi|Baton Pass|p2a: Celebi
|-fail|p2a: Celebi
|move|p1a: Mew|Knock Off|p2a: Celebi
|-supereffective|p2a: Celebi
|-activate|p2a: Celebi|Substitute|[damage]
|
|-heal|p1a: Mew|279\/404 brn|[from] item: Leftovers
|-damage|p1a: Mew|229\/404 brn|[from] brn
|turn|68
|
|move|p2a: Celebi|Baton Pass|p2a: Celebi
|-fail|p2a: Celebi
|move|p1a: Mew|Knock Off|p2a: Celebi
|-supereffective|p2a: Celebi
|-activate|p2a: Celebi|Substitute|[damage]
|
|-heal|p1a: Mew|254\/404 brn|[from] item: Leftovers
|-damage|p1a: Mew|204\/404 brn|[from] brn
|turn|69
|
|move|p2a: Celebi|Baton Pass|p2a: Celebi
|-fail|p2a: Celebi
|move|p1a: Mew|Knock Off|p2a: Celebi
|-supereffective|p2a: Celebi
|-end|p2a: Celebi|Substitute
|
|-heal|p1a: Mew|229\/404 brn|[from] item: Leftovers
|-damage|p1a: Mew|179\/404 brn|[from] brn
|turn|70
|
|move|p2a: Celebi|Substitute|p2a: Celebi
|-start|p2a: Celebi|Substitute
|-damage|p2a: Celebi|103\/403
|move|p1a: Mew|Soft-Boiled|p1a: Mew
|-heal|p1a: Mew|381\/404 brn
|
|-heal|p1a: Mew|404\/404 brn|[from] item: Leftovers
|-damage|p1a: Mew|354\/404 brn|[from] brn
|turn|71
|
|move|p2a: Celebi|Recover|p2a: Celebi
|-heal|p2a: Celebi|305\/403
|move|p1a: Mew|Defog|p2a: Celebi
|
|-heal|p1a: Mew|379\/404 brn|[from] item: Leftovers
|-damage|p1a: Mew|329\/404 brn|[from] brn
|turn|72
|
|move|p2a: Celebi|Baton Pass|p2a: Celebi
|-fail|p2a: Celebi
|move|p1a: Mew|Knock Off|p2a: Celebi
|-supereffective|p2a: Celebi
|-activate|p2a: Celebi|Substitute|[damage]
|
|-heal|p1a: Mew|354\/404 brn|[from] item: Leftovers
|-damage|p1a: Mew|304\/404 brn|[from] brn
|turn|73
|
|move|p2a: Celebi|Baton Pass|p2a: Celebi
|-fail|p2a: Celebi
|move|p1a: Mew|Knock Off|p2a: Celebi
|-supereffective|p2a: Celebi
|-activate|p2a: Celebi|Substitute|[damage]
|
|-heal|p1a: Mew|329\/404 brn|[from] item: Leftovers
|-damage|p1a: Mew|279\/404 brn|[from] brn
|turn|74
|c|âIggyRoselia|i give you the win
|c|âIggyRoselia|i have no time
|c|âIggyRoselia|but i would have won
|c|âIggyRoselia|because i have more pp on my moves
|
|move|p2a: Celebi|Baton Pass|p2a: Celebi
|-fail|p2a: Celebi
|move|p1a: Mew|Defog|p2a: Celebi
|
|-heal|p1a: Mew|304\/404 brn|[from] item: Leftovers
|-damage|p1a: Mew|254\/404 brn|[from] brn
|turn|75
|c|âJudo Black Belt|nah
|c|âJudo Black Belt|u los
|c|âJudo Black Belt|ee
|c|âJudo Black Belt|lelele
|c|âJudo Black Belt|u have exactly
|c|âJudo Black Belt|4 soft boiled
|-message|IggyRoselia forfeited.
|
|win|Judo Black Belt
|raw|Ladder updating...
|
|raw|IggyRoselia's rating: 1634 &rarr; <strong>1613<\/strong><br \/>(-21 for losing)
|raw|Judo Black Belt's rating: 1612 &rarr; <strong>1633<\/strong><br \/>(+21 for winning)
|leave|IggyRoselia
|player|p1