|join|Thee Reborn
|join|IggyRoselia
|player|p1|Thee Reborn|288
|player|p2|IggyRoselia|169
|gametype|singles
|gen|6
|tier|OU (suspect test)
|rated
|clearpoke
|poke|p1|Metagross
|poke|p1|Keldeo
|poke|p1|Landorus-Therian, M
|poke|p1|Rotom-Wash
|poke|p1|Latios, M
|poke|p1|Heatran, F
|poke|p2|Thundurus-Therian, M
|poke|p2|Slowbro, M
|poke|p2|Excadrill, M, shiny
|poke|p2|Charizard, M
|poke|p2|Landorus-Therian, M
|poke|p2|Chesnaught, F
|rule|Swagger Clause: Swagger is banned
|rule|Baton Pass Clause: Limit one PokÃ©mon knowing Baton Pass
|rule|Sleep Clause Mod: Limit one foe put to sleep
|rule|Species Clause: Limit one of each PokÃ©mon
|rule|OHKO Clause: OHKO moves are banned
|rule|Moody Clause: Moody is banned
|rule|Evasion Moves Clause: Evasion moves are banned
|rule|Endless Battle Clause: Forcing endless battles is banned
|rule|HP Percentage Mod: HP is shown in percentages
|teampreview
|
|start
|switch|p1a: Rotom-Wash|Rotom-Wash|303\/303
|switch|p2a: forblaze|Charizard, M|311\/311
|turn|1
|
|switch|p1a: Latios|Latios, M|301\/301
|detailschange|p2a: forblaze|Charizard-Mega-X, M
|-mega|p2a: forblaze|Charizard|Charizardite X
|move|p2a: forblaze|Dragon Dance|p2a: forblaze
|-boost|p2a: forblaze|atk|1
|-boost|p2a: forblaze|spe|1
|
|turn|2
|
|switch|p2a: HollyMolly|Excadrill, M, shiny|420\/420
|-ability|p2a: HollyMolly|Mold Breaker
|switch|p1a: Heatran|Heatran, F|382\/382
|
|turn|3
|
|switch|p1a: Landorus-Therian|Landorus-Therian, M|319\/319
|-ability|p1a: Landorus-Therian|Intimidate|[of] p2a: HollyMolly
|-unboost|p2a: HollyMolly|atk|1
|move|p2a: HollyMolly|Earthquake|p1a: Landorus-Therian
|-immune|p1a: Landorus-Therian|[msg]
|
|turn|4
|
|switch|p2a: jellohotdogftw|Landorus-Therian, M|365\/365
|-ability|p2a: jellohotdogftw|Intimidate|[of] p1a: Landorus-Therian
|-unboost|p1a: Landorus-Therian|atk|1
|move|p1a: Landorus-Therian|U-turn|p2a: jellohotdogftw
|-resisted|p2a: jellohotdogftw
|-damage|p2a: jellohotdogftw|342\/365
|
|switch|p1a: Keldeo|Keldeo|323\/323
|
|-heal|p2a: jellohotdogftw|364\/365|[from] item: Leftovers
|turn|5
|
|switch|p2a: slowpope|Slowbro, M|394\/394
|move|p1a: Keldeo|Hidden Power|p2a: slowpope
|-supereffective|p2a: slowpope
|-damage|p2a: slowpope|196\/394
|-damage|p1a: Keldeo|291\/323|[from] item: Life Orb
|
|-heal|p2a: slowpope|220\/394|[from] item: Leftovers
|turn|6
|
|move|p1a: Keldeo|Taunt|p2a: slowpope
|-start|p2a: slowpope|move: Taunt
|cant|p2a: slowpope|move: Taunt|Thunder Wave
|
|-heal|p2a: slowpope|244\/394|[from] item: Leftovers
|turn|7
|
|move|p1a: Keldeo|Hydro Pump|p2a: slowpope
|-resisted|p2a: slowpope
|-damage|p2a: slowpope|104\/394
|-damage|p1a: Keldeo|259\/323|[from] item: Life Orb
|move|p2a: slowpope|Psyshock|p1a: Keldeo
|-supereffective|p1a: Keldeo
|-damage|p1a: Keldeo|59\/323
|
|-heal|p2a: slowpope|128\/394|[from] item: Leftovers
|turn|8
|
|switch|p2a: Cheers|Thundurus-Therian, M|299\/299
|move|p1a: Keldeo|Hidden Power|p2a: Cheers
|-immune|p2a: Cheers|[msg]
|
|turn|9
|
|switch|p1a: Latios|Latios, M|301\/301
|switch|p2a: slowpope|Slowbro, M|259\/394
|
|-heal|p2a: slowpope|283\/394|[from] item: Leftovers
|turn|10
|
|switch|p2a: HollyMolly|Excadrill, M, shiny|420\/420
|-ability|p2a: HollyMolly|Mold Breaker
|move|p1a: Latios|Draco Meteor|p2a: HollyMolly
|-resisted|p2a: HollyMolly
|-damage|p2a: HollyMolly|321\/420
|-unboost|p1a: Latios|spa|2
|-damage|p1a: Latios|271\/301|[from] item: Life Orb
|
|turn|11
|
|switch|p1a: Landorus-Therian|Landorus-Therian, M|319\/319
|-ability|p1a: Landorus-Therian|Intimidate|[of] p2a: HollyMolly
|-unboost|p2a: HollyMolly|atk|1
|switch|p2a: jellohotdogftw|Landorus-Therian, M|364\/365
|-ability|p2a: jellohotdogftw|Intimidate|[of] p1a: Landorus-Therian
|-unboost|p1a: Landorus-Therian|atk|1
|
|-heal|p2a: jellohotdogftw|365\/365|[from] item: Leftovers
|turn|12
|
|move|p1a: Landorus-Therian|U-turn|p2a: jellohotdogftw
|-resisted|p2a: jellohotdogftw
|-damage|p2a: jellohotdogftw|341\/365
|
|switch|p1a: Rotom-Wash|Rotom-Wash|303\/303
|move|p2a: jellohotdogftw|Stealth Rock|p1a: Rotom-Wash
|-sidestart|p1: Thee Reborn|move: Stealth Rock
|
|-heal|p2a: jellohotdogftw|363\/365|[from] item: Leftovers
|turn|13
|
|move|p1a: Rotom-Wash|Will-O-Wisp|p2a: jellohotdogftw
|-status|p2a: jellohotdogftw|brn
|move|p2a: jellohotdogftw|U-turn|p1a: Rotom-Wash
|-damage|p1a: Rotom-Wash|273\/303
|
|switch|p2a: forblaze|Charizard-Mega-X, M|311\/311
|
|-heal|p1a: Rotom-Wash|291\/303|[from] item: Leftovers
|turn|14
|
|move|p2a: forblaze|Dragon Claw|p1a: Rotom-Wash
|-damage|p1a: Rotom-Wash|131\/303
|move|p1a: Rotom-Wash|Volt Switch|p2a: forblaze
|-resisted|p2a: forblaze
|-damage|p2a: forblaze|263\/311
|
|switch|p1a: Heatran|Heatran, F|382\/382
|-damage|p1a: Heatran|335\/382|[from] Stealth Rock
|
|-heal|p1a: Heatran|358\/382|[from] item: Leftovers
|turn|15
|
|move|p2a: forblaze|Dragon Dance|p2a: forblaze
|-boost|p2a: forblaze|atk|1
|-boost|p2a: forblaze|spe|1
|move|p1a: Heatran|Stealth Rock|p2a: forblaze
|-sidestart|p2: IggyRoselia|move: Stealth Rock
|
|-heal|p1a: Heatran|381\/382|[from] item: Leftovers
|turn|16
|
|move|p2a: forblaze|Dragon Claw|p1a: Heatran
|-resisted|p1a: Heatran
|-damage|p1a: Heatran|234\/382
|move|p1a: Heatran|Earth Power|p2a: forblaze
|-supereffective|p2a: forblaze
|-damage|p2a: forblaze|47\/311
|
|-heal|p1a: Heatran|257\/382|[from] item: Leftovers
|turn|17
|
|move|p2a: forblaze|Dragon Claw|p1a: Heatran
|-resisted|p1a: Heatran
|-damage|p1a: Heatran|101\/382
|move|p1a: Heatran|Earth Power|p2a: forblaze
|-supereffective|p2a: forblaze
|-damage|p2a: forblaze|0 fnt
|faint|p2a: forblaze
|
|-heal|p1a: Heatran|124\/382|[from] item: Leftovers
|
|switch|p2a: slowpope|Slowbro, M|394\/394
|-damage|p2a: slowpope|345\/394|[from] Stealth Rock
|turn|18
|
|switch|p1a: Rotom-Wash|Rotom-Wash|131\/303
|-damage|p1a: Rotom-Wash|94\/303|[from] Stealth Rock
|move|p2a: slowpope|Scald|p1a: Rotom-Wash
|-resisted|p1a: Rotom-Wash
|-damage|p1a: Rotom-Wash|49\/303
|
|-heal|p1a: Rotom-Wash|67\/303|[from] item: Leftovers
|-heal|p2a: slowpope|369\/394|[from] item: Leftovers
|turn|19
|
|move|p1a: Rotom-Wash|Pain Split|p2a: slowpope
|-sethp|p2a: slowpope|218\/394|p1a: Rotom-Wash|218\/303|[from] move: Pain Split
|move|p2a: slowpope|Psyshock|p1a: Rotom-Wash
|-damage|p1a: Rotom-Wash|137\/303
|
|-heal|p1a: Rotom-Wash|155\/303|[from] item: Leftovers
|-heal|p2a: slowpope|242\/394|[from] item: Leftovers
|turn|20
|
|switch|p2a: chimpladdin|Chesnaught, F|380\/380
|-damage|p2a: chimpladdin|357\/380|[from] Stealth Rock
|move|p1a: Rotom-Wash|Will-O-Wisp|p2a: chimpladdin
|-status|p2a: chimpladdin|brn
|
|-heal|p1a: Rotom-Wash|173\/303|[from] item: Leftovers
|-heal|p2a: chimpladdin|380\/380 brn|[from] item: Leftovers
|-damage|p2a: chimpladdin|333\/380 brn|[from] brn
|turn|21
|
|move|p1a: Rotom-Wash|Volt Switch|p2a: chimpladdin
|-resisted|p2a: chimpladdin
|-damage|p2a: chimpladdin|277\/380 brn
|
|switch|p1a: Latios|Latios, M|271\/301
|-damage|p1a: Latios|234\/301|[from] Stealth Rock
|move|p2a: chimpladdin|Spikes|p1a: Latios
|-sidestart|p1: Thee Reborn|Spikes
|
|-heal|p2a: chimpladdin|300\/380 brn|[from] item: Leftovers
|-damage|p2a: chimpladdin|253\/380 brn|[from] brn
|turn|22
|
|switch|p2a: HollyMolly|Excadrill, M, shiny|321\/420
|-damage|p2a: HollyMolly|308\/420|[from] Stealth Rock
|-ability|p2a: HollyMolly|Mold Breaker
|move|p1a: Latios|Psyshock|p2a: HollyMolly
|-resisted|p2a: HollyMolly
|-damage|p2a: HollyMolly|175\/420
|-damage|p1a: Latios|204\/301|[from] item: Life Orb
|
|turn|23
|
|move|p1a: Latios|Earthquake|p2a: HollyMolly
|-supereffective|p2a: HollyMolly
|-damage|p2a: HollyMolly|0 fnt
|-damage|p1a: Latios|174\/301|[from] item: Life Orb
|faint|p2a: HollyMolly
|
|
|switch|p2a: jellohotdogftw|Landorus-Therian, M|363\/365 brn
|-damage|p2a: jellohotdogftw|318\/365 brn|[from] Stealth Rock
|-ability|p2a: jellohotdogftw|Intimidate|[of] p1a: Latios
|-unboost|p1a: Latios|atk|1
|turn|24
|
|switch|p1a: Rotom-Wash|Rotom-Wash|173\/303
|-damage|p1a: Rotom-Wash|136\/303|[from] Stealth Rock
|move|p2a: jellohotdogftw|U-turn|p1a: Rotom-Wash
|-damage|p1a: Rotom-Wash|103\/303
|
|switch|p2a: Cheers|Thundurus-Therian, M|299\/299
|-damage|p2a: Cheers|225\/299|[from] Stealth Rock
|
|-heal|p2a: Cheers|243\/299|[from] item: Leftovers
|-heal|p1a: Rotom-Wash|121\/303|[from] item: Leftovers
|turn|25
|
|move|p2a: Cheers|Agility|p2a: Cheers
|-boost|p2a: Cheers|spe|2
|move|p1a: Rotom-Wash|Hydro Pump|p2a: Cheers
|-crit|p2a: Cheers
|-damage|p2a: Cheers|0 fnt
|faint|p2a: Cheers
|
|-heal|p1a: Rotom-Wash|139\/303|[from] item: Leftovers
|-message|IggyRoselia forfeited.
|
|win|Thee Reborn
|raw|Ladder updating...
|raw|Thee Reborn's rating: 1431 &rarr; <strong>1444<\/strong><br \/>(+13 for winning)
|raw|IggyRoselia's rating: 1298 &rarr; <strong>1282<\/strong><br \/>(-16 for losing)
|leave|IggyRoselia
|player|p2