|join|latiastests
|join|Ruby Heart
|player|p1|latiastests|170
|player|p2|Ruby Heart|129
|gametype|singles
|tier|[Gen 5] UU
|rated
|rule|Sleep Clause Mod: Limit one foe put to sleep
|rule|Species Clause: Limit one of each Pokemon
|rule|OHKO Clause: OHKO moves are banned
|rule|Moody Clause: Moody is banned
|rule|Evasion Moves Clause: Evasion moves are banned
|rule|Endless Battle Clause: Forcing endless battles is banned.
|rule|HP Percentage Mod: HP is reported as percentages
|rule|Evasion Abilities Clause: Evasion abilities are banned
|clearpoke
|poke|p1|Abomasnow, F
|poke|p1|Druddigon, M
|poke|p1|Glaceon, M
|poke|p1|Slowking, F
|poke|p1|Cofagrigus, F
|poke|p1|Nidoqueen, F
|poke|p2|Slowbro, M
|poke|p2|Roserade, M
|poke|p2|Claydol
|poke|p2|Chandelure, F
|poke|p2|Cobalion
|poke|p2|Honchkrow, F, shiny
|teampreview
|callback|decision
|chat|Ruby Heart|aw hail no
|join|e4e alt
|
|start
|switch|p1a: Hail2theChief|Abomasnow, F|384\/384
|switch|p2a: Nightshade|Chandelure, F|291\/291
|-weather|Hail|[from] ability: Snow Warning|[of] p1a: Hail2theChief
|turn|1
|callback|decision
|chat|e4e alt|latias are u stronk enough to kill 6 pokemon in 1 turn?
|chat|latiastests|y
|
|move|p2a: Nightshade|Fire Blast|p1a: Hail2theChief
|-supereffective|p1a: Hail2theChief
|-damage|p1a: Hail2theChief|0 fnt
|faint|p1a: Hail2theChief
|
|-weather|Hail|[upkeep]
|-damage|p2a: Nightshade|273\/291|[from] Hail
|callback|decision
|chat|e4e alt|do u know how to?
|
|switch|p1a: Slowking|Slowking, F|393\/393
|turn|2
|callback|decision
|chat|latiastests|y
|
|switch|p2a: Bo K.|Roserade, M|323\/323
|move|p1a: Slowking|Trick Room|p1a: Slowking
|-fieldstart|move: Trick Room|[of] p1a: Slowking
|
|-weather|Hail|[upkeep]
|-damage|p1a: Slowking|369\/393|[from] Hail
|-damage|p2a: Bo K.|303\/323|[from] Hail
|-heal|p2a: Bo K.|323\/323|[from] item: Black Sludge
|turn|3
|callback|decision
|chat|e4e alt|no rain dance aboma....
|
|move|p1a: Slowking|Psyshock|p2a: Bo K.
|-supereffective|p2a: Bo K.
|-damage|p2a: Bo K.|0 fnt
|-damage|p1a: Slowking|330\/393|[from] item: Life Orb
|faint|p2a: Bo K.
|
|-weather|Hail|[upkeep]
|-damage|p1a: Slowking|306\/393|[from] Hail
|callback|decision
|chat|e4e alt|u suk latias
|chat|latiastests|leo
|chat|latiastests|pl 
|
|switch|p2a: Eyedol|Claydol|324\/324
|turn|4
|callback|decision
|chat|latiastests|fuk keybord is being gay
|
|switch|p2a: John Pinkerton|Slowbro, M|393\/393
|move|p1a: Slowking|Scald|p2a: John Pinkerton
|-resisted|p2a: John Pinkerton
|-damage|p2a: John Pinkerton|285\/393
|-damage|p1a: Slowking|267\/393|[from] item: Life Orb
|
|-weather|Hail|[upkeep]
|-damage|p1a: Slowking|243\/393|[from] Hail
|-damage|p2a: John Pinkerton|261\/393|[from] Hail
|turn|5
|callback|decision
|
|move|p1a: Slowking|Scald|p2a: John Pinkerton
|-resisted|p2a: John Pinkerton
|-damage|p2a: John Pinkerton|166\/393
|-damage|p1a: Slowking|204\/393|[from] item: Life Orb
|move|p2a: John Pinkerton|Psyshock|p1a: Slowking
|-resisted|p1a: Slowking
|-damage|p1a: Slowking|145\/393
|
|-weather|Hail|[upkeep]
|-damage|p1a: Slowking|121\/393|[from] Hail
|-damage|p2a: John Pinkerton|142\/393|[from] Hail
|turn|6
|callback|decision
|
|switch|p2a: Eyedol|Claydol|324\/324
|move|p1a: Slowking|Slack Off|p1a: Slowking
|-heal|p1a: Slowking|318\/393
|
|-weather|Hail|[upkeep]
|-damage|p1a: Slowking|294\/393|[from] Hail
|-damage|p2a: Eyedol|304\/324|[from] Hail
|-heal|p2a: Eyedol|324\/324|[from] item: Leftovers
|-fieldend|move: Trick Room
|turn|7
|callback|decision
|join|kush swag yolo 420
|
|move|p2a: Eyedol|Stealth Rock|p1a: Slowking
|-sidestart|p1: latiastests|move: Stealth Rock
|move|p1a: Slowking|Trick Room|p1a: Slowking
|-fieldstart|move: Trick Room|[of] p1a: Slowking
|
|-weather|Hail|[upkeep]
|-damage|p1a: Slowking|270\/393|[from] Hail
|-damage|p2a: Eyedol|304\/324|[from] Hail
|-heal|p2a: Eyedol|324\/324|[from] item: Leftovers
|turn|8
|callback|decision
|
|switch|p1a: Glaceon|Glaceon, M|334\/334
|-damage|p1a: Glaceon|251\/334|[from] Stealth Rock
|move|p2a: Eyedol|Earthquake|p1a: Glaceon
|-damage|p1a: Glaceon|172\/334
|
|-weather|Hail|[upkeep]
|-heal|p1a: Glaceon|192\/334|[from] ability: Ice Body
|-damage|p2a: Eyedol|304\/324|[from] Hail
|-heal|p2a: Eyedol|324\/324|[from] item: Leftovers
|turn|9
|callback|decision
|
|switch|p2a: John Pinkerton|Slowbro, M|273\/393
|move|p1a: Glaceon|Blizzard|p2a: John Pinkerton
|-resisted|p2a: John Pinkerton
|-damage|p2a: John Pinkerton|75\/393
|
|-weather|Hail|[upkeep]
|-damage|p2a: John Pinkerton|51\/393|[from] Hail
|-heal|p1a: Glaceon|212\/334|[from] ability: Ice Body
|turn|10
|callback|decision
|
|move|p2a: John Pinkerton|Slack Off|p2a: John Pinkerton
|-heal|p2a: John Pinkerton|248\/393
|move|p1a: Glaceon|Blizzard|p2a: John Pinkerton
|-resisted|p2a: John Pinkerton
|-damage|p2a: John Pinkerton|27\/393
|
|-weather|Hail|[upkeep]
|-damage|p2a: John Pinkerton|3\/393|[from] Hail
|-heal|p1a: Glaceon|232\/334|[from] ability: Ice Body
|turn|11
|callback|decision
|chat|kush swag yolo 420|is this
|join|PokeHaxRuinGames
|chat|kush swag yolo 420|josh team
|chat|latiastests|y
|
|move|p2a: John Pinkerton|Psyshock|p1a: Glaceon
|-crit|p1a: Glaceon
|-damage|p1a: Glaceon|58\/334
|move|p1a: Glaceon|Blizzard|p2a: John Pinkerton
|-resisted|p2a: John Pinkerton
|-damage|p2a: John Pinkerton|0 fnt
|faint|p2a: John Pinkerton
|
|-weather|Hail|[upkeep]
|-heal|p1a: Glaceon|78\/334|[from] ability: Ice Body
|-fieldend|move: Trick Room
|callback|decision
|chat|kush swag yolo 420|gay af
|chat|kush swag yolo 420|bisharp weak
|
|switch|p2a: Nightshade|Chandelure, F|273\/291
|turn|12
|callback|decision
|chat|latiastests|i needed to confirm offense is ghey
|
|move|p2a: Nightshade|Shadow Ball|p1a: Glaceon
|-damage|p1a: Glaceon|0 fnt
|faint|p1a: Glaceon
|
|-weather|Hail|[upkeep]
|-damage|p2a: Nightshade|255\/291|[from] Hail
|callback|decision
|
|switch|p1a: Nidoqueen|Nidoqueen, F|384\/384
|-damage|p1a: Nidoqueen|360\/384|[from] Stealth Rock
|turn|13
|callback|decision
|
|switch|p2a: Eyedol|Claydol|324\/324
|move|p1a: Nidoqueen|Earth Power|p2a: Eyedol
|-immune|p2a: Eyedol|[msg]
|
|-weather|Hail|[upkeep]
|-damage|p2a: Eyedol|304\/324|[from] Hail
|-damage|p1a: Nidoqueen|336\/384|[from] Hail
|-heal|p2a: Eyedol|324\/324|[from] item: Leftovers
|turn|14
|callback|decision
|
|move|p2a: Eyedol|Earthquake|p1a: Nidoqueen
|-supereffective|p1a: Nidoqueen
|-damage|p1a: Nidoqueen|144\/384
|move|p1a: Nidoqueen|Blizzard|p2a: Eyedol
|-supereffective|p2a: Eyedol
|-damage|p2a: Eyedol|74\/324
|
|-weather|Hail|[upkeep]
|-damage|p2a: Eyedol|54\/324|[from] Hail
|-damage|p1a: Nidoqueen|120\/384|[from] Hail
|-heal|p2a: Eyedol|74\/324|[from] item: Leftovers
|turn|15
|callback|decision
|chat|kush swag yolo 420|agn imo
|
|switch|p1a: Slowking|Slowking, F|393\/393
|-damage|p1a: Slowking|344\/393|[from] Stealth Rock
|move|p2a: Eyedol|Earthquake|p1a: Slowking
|-damage|p1a: Slowking|232\/393
|
|-weather|Hail|[upkeep]
|-damage|p2a: Eyedol|54\/324|[from] Hail
|-damage|p1a: Slowking|208\/393|[from] Hail
|-heal|p2a: Eyedol|74\/324|[from] item: Leftovers
|turn|16
|callback|decision
|chat|kush swag yolo 420|>faster
|join|Creddits
|leave|kush swag yolo 420
|join|kush swag yolo 420
|chat|e4e alt|lag test
|chat|Ruby Heart|what we doing over there?
|chat|Creddits|is
|chat|Ruby Heart|uuuuuuuuuuuuuu
|chat|Lord Tuna|the timer ?
|chat|Ruby Heart|i'll give it a bit more time
|chat|Ruby Heart|in the meantime, feel free to going back to talking about lubing tuna or something
|chat|Lord Tuna|lol
|join|bleve
|join|FagWhoGotBanned
|join|trevor ellis
|chat|trevor ellis|what is there to test about otr hail
|chat|Ruby Heart|he's got a trick room thing going, too
|leave|latiastests
|player|p1
|chat|Ruby Heart|and boom goes the dynamite
|chat|FagWhoGotBanned|wow offline such stronkness latias
|leave|PokeHaxRuinGames
|-message|latiastests lost due to inactivity.
|
|win|Ruby Heart
|raw|Ladder updating...
|raw|latiastests's rating: 1870 &rarr; <strong>1868<\/strong><br \/>(-2 for losing)
|raw|Ruby Heart's rating: 1994 &rarr; <strong>2007<\/strong><br \/>(+13 for winning)
|leave|Ruby Heart
|player|p2