|join|Ruby Heart
|join|Hogback_fosh_men
|player|p1|Ruby Heart|129
|player|p2|Hogback_fosh_men|266
|gametype|singles
|gen|6
|tier|UU
|rated
|rule|Sleep Clause Mod: Limit one foe put to sleep
|rule|Species Clause: Limit one of each Pokemon
|rule|OHKO Clause: OHKO moves are banned
|rule|Moody Clause: Moody is banned
|rule|Evasion Moves Clause: Evasion moves are banned
|rule|Endless Battle Clause: Forcing endless battles is banned.
|rule|HP Percentage Mod: HP is reported as percentages
|clearpoke
|poke|p1|Slowbro, F
|poke|p1|Drapion, F
|poke|p1|Cacturne, F
|poke|p1|Cobalion
|poke|p1|Manectric, M
|poke|p1|Togetic, M
|poke|p2|Tangrowth, M
|poke|p2|Florges, F
|poke|p2|Machamp, F
|poke|p2|Houndoom, M
|poke|p2|Empoleon, M
|poke|p2|Nidoking, M
|teampreview
|
|start
|switch|p1a: Drapion|Drapion, F|343\/343
|switch|p2a: Nidoking|Nidoking, M|304\/304
|turn|1
|
|switch|p1a: Togetic|Togetic, M|313\/313
|move|p2a: Nidoking|Earth Power|p1a: Togetic
|-immune|p1a: Togetic|[msg]
|
|turn|2
|
|switch|p2a: Empoleon|Empoleon, M|330\/330
|move|p1a: Togetic|Flamethrower|p2a: Empoleon
|-damage|p2a: Empoleon|271\/330
|
|-heal|p2a: Empoleon|291\/330|[from] item: Leftovers
|turn|3
|
|move|p2a: Empoleon|Stealth Rock|p1a: Togetic
|-sidestart|p1: Ruby Heart|move: Stealth Rock
|move|p1a: Togetic|Flamethrower|p2a: Empoleon
|-damage|p2a: Empoleon|238\/330
|-status|p2a: Empoleon|brn
|
|-heal|p2a: Empoleon|258\/330 brn|[from] item: Leftovers
|-damage|p2a: Empoleon|217\/330 brn|[from] brn
|turn|4
|
|move|p2a: Empoleon|Scald|p1a: Togetic
|-damage|p1a: Togetic|265\/313
|-status|p1a: Togetic|brn
|move|p1a: Togetic|Defog|p2a: Empoleon
|-unboost|p2a: Empoleon|evasion|1
|-sideend|p1: Ruby Heart|Stealth Rock|[from] move: Defog|[of] p1a: Togetic
|
|-heal|p2a: Empoleon|237\/330 brn|[from] item: Leftovers
|-damage|p2a: Empoleon|196\/330 brn|[from] brn
|-damage|p1a: Togetic|226\/313 brn|[from] brn
|turn|5
|
|move|p2a: Empoleon|Flash Cannon|p1a: Togetic
|-supereffective|p1a: Togetic
|-damage|p1a: Togetic|122\/313 brn
|move|p1a: Togetic|Roost|p1a: Togetic
|-heal|p1a: Togetic|279\/313 brn
|
|-heal|p2a: Empoleon|216\/330 brn|[from] item: Leftovers
|-damage|p2a: Empoleon|175\/330 brn|[from] brn
|-damage|p1a: Togetic|240\/313 brn|[from] brn
|turn|6
|
|switch|p2a: UlikemySmell?|Florges, F|360\/360
|switch|p1a: Drapion|Drapion, F|343\/343
|
|turn|7
|
|switch|p2a: Empoleon|Empoleon, M|175\/330 brn
|move|p1a: Drapion|Taunt|p2a: Empoleon
|-start|p2a: Empoleon|move: Taunt
|
|-heal|p2a: Empoleon|195\/330 brn|[from] item: Leftovers
|-damage|p2a: Empoleon|154\/330 brn|[from] brn
|turn|8
|
|move|p1a: Drapion|Toxic Spikes|p2a: Empoleon
|-sidestart|p2: Hogback_fosh_men|move: Toxic Spikes
|move|p2a: Empoleon|Scald|p1a: Drapion
|-damage|p1a: Drapion|255\/343
|
|-heal|p1a: Drapion|276\/343|[from] item: Black Sludge
|-heal|p2a: Empoleon|174\/330 brn|[from] item: Leftovers
|-damage|p2a: Empoleon|133\/330 brn|[from] brn
|turn|9
|
|move|p1a: Drapion|Knock Off|p2a: Empoleon
|-damage|p2a: Empoleon|33\/330 brn
|-enditem|p2a: Empoleon|Leftovers|[from] move: Knock Off|[of] p1a: Drapion
|move|p2a: Empoleon|Scald|p1a: Drapion
|-damage|p1a: Drapion|137\/343
|-status|p1a: Drapion|brn
|
|-heal|p1a: Drapion|158\/343 brn|[from] item: Black Sludge
|-damage|p1a: Drapion|116\/343 brn|[from] brn
|-damage|p2a: Empoleon|0 fnt|[from] brn
|faint|p2a: Empoleon
|
|switch|p2a: Nidoking|Nidoking, M|304\/304
|-sideend|p2: Hogback_fosh_men|move: Toxic Spikes|[of] p2a: Nidoking
|turn|10
|chat|Ruby Heart|the hell kind of high roll was that?
|chat|Ruby Heart|oh wait, torrent
|chat|Ruby Heart|duh
|chat|Hogback_fosh_men|loool
|chat|Hogback_fosh_men|yep
|
|switch|p1a: Slowbro|Slowbro, F|393\/393
|move|p2a: Nidoking|Sludge Wave|p1a: Slowbro
|-damage|p1a: Slowbro|179\/393
|
|turn|11
|
|switch|p1a: Cobalion|Cobalion|324\/324
|move|p2a: Nidoking|Sludge Wave|p1a: Cobalion
|-immune|p1a: Cobalion|[msg]
|
|turn|12
|
|switch|p2a: TentacleRape|Tangrowth, M|404\/404
|move|p1a: Cobalion|Swords Dance|p1a: Cobalion
|-boost|p1a: Cobalion|atk|2
|
|turn|13
|
|move|p1a: Cobalion|Close Combat|p2a: TentacleRape
|-damage|p2a: TentacleRape|122\/404
|-unboost|p1a: Cobalion|def|1
|-unboost|p1a: Cobalion|spd|1
|move|p2a: TentacleRape|Leech Seed|p1a: Cobalion|[miss]
|-miss|p2a: TentacleRape|p1a: Cobalion
|
|-heal|p2a: TentacleRape|147\/404|[from] item: Leftovers
|turn|14
|
|move|p1a: Cobalion|Close Combat|p2a: TentacleRape
|-damage|p2a: TentacleRape|0 fnt
|-unboost|p1a: Cobalion|def|1
|-unboost|p1a: Cobalion|spd|1
|faint|p2a: TentacleRape
|
|
|switch|p2a: Nidoking|Nidoking, M|304\/304
|turn|15
|
|switch|p1a: Togetic|Togetic, M|240\/313 brn
|move|p2a: Nidoking|Earth Power|p1a: Togetic
|-immune|p1a: Togetic|[msg]
|
|-damage|p1a: Togetic|201\/313 brn|[from] brn
|turn|16
|
|switch|p2a: Hellhound|Houndoom, M|292\/292
|switch|p1a: Slowbro|Slowbro, F|310\/393
|
|turn|17
|
|-formechange|p2a: Hellhound|Houndoom-Mega
|message|Houndoom has Mega Evolved into Mega Houndoom!
|move|p2a: Hellhound|Dark Pulse|p1a: Slowbro
|-supereffective|p1a: Slowbro
|-damage|p1a: Slowbro|0 fnt
|faint|p1a: Slowbro
|
|
|switch|p1a: Manectric|Manectric, M|281\/281
|turn|18
|
|-formechange|p1a: Manectric|Manectric-Mega
|message|Manectric has Mega Evolved into Mega Manectric!
|-ability|p1a: Manectric|Intimidate|[of] p2a: Hellhound
|-unboost|p2a: Hellhound|atk|1
|move|p2a: Hellhound|Fire Blast|p1a: Manectric|[miss]
|-miss|p2a: Hellhound|p1a: Manectric
|move|p1a: Manectric|Thunderbolt|p2a: Hellhound
|-damage|p2a: Hellhound|96\/292
|
|turn|19
|
|switch|p2a: Nidoking|Nidoking, M|304\/304
|move|p1a: Manectric|Volt Switch|p2a: Nidoking
|-immune|p2a: Nidoking|[msg]
|
|turn|20
|
|switch|p1a: Drapion|Drapion, F|116\/343 brn
|move|p2a: Nidoking|Sludge Wave|p1a: Drapion
|-resisted|p1a: Drapion
|-damage|p1a: Drapion|33\/343 brn
|
|-heal|p1a: Drapion|54\/343 brn|[from] item: Black Sludge
|-damage|p1a: Drapion|12\/343 brn|[from] brn
|turn|21
|
|move|p2a: Nidoking|Sludge Wave|p1a: Drapion
|-resisted|p1a: Drapion
|-damage|p1a: Drapion|0 fnt
|faint|p1a: Drapion
|
|
|switch|p1a: Cobalion|Cobalion|324\/324
|turn|22
|
|switch|p2a: Uliftbro?|Machamp, F|380\/380
|move|p1a: Cobalion|Swords Dance|p1a: Cobalion
|-boost|p1a: Cobalion|atk|2
|
|turn|23
|
|move|p1a: Cobalion|Iron Head|p2a: Uliftbro?
|-damage|p2a: Uliftbro?|142\/380
|cant|p2a: Uliftbro?|flinch
|
|turn|24
|
|move|p1a: Cobalion|Iron Head|p2a: Uliftbro?
|-damage|p2a: Uliftbro?|0 fnt
|faint|p2a: Uliftbro?
|
|
|switch|p2a: Hellhound|Houndoom, M|96\/292
|-formechange|p2a: Hellhound|Houndoom-Mega
|turn|25
|
|move|p1a: Cobalion|Quick Attack|p2a: Hellhound
|-damage|p2a: Hellhound|16\/292
|move|p2a: Hellhound|Fire Blast|p1a: Cobalion
|-supereffective|p1a: Cobalion
|-damage|p1a: Cobalion|0 fnt
|faint|p1a: Cobalion
|
|
|switch|p1a: Togetic|Togetic, M|201\/313 brn
|turn|26
|
|move|p2a: Hellhound|Fire Blast|p1a: Togetic
|-damage|p1a: Togetic|96\/313 brn
|move|p1a: Togetic|Roost|p1a: Togetic
|-heal|p1a: Togetic|253\/313 brn
|
|-damage|p1a: Togetic|214\/313 brn|[from] brn
|turn|27
|
|move|p2a: Hellhound|Nasty Plot|p2a: Hellhound
|-boost|p2a: Hellhound|spa|2
|move|p1a: Togetic|Roost|p1a: Togetic
|-heal|p1a: Togetic|313\/313 brn
|
|-damage|p1a: Togetic|274\/313 brn|[from] brn
|turn|28
|
|move|p2a: Hellhound|Fire Blast|p1a: Togetic|[miss]
|-miss|p2a: Hellhound|p1a: Togetic
|move|p1a: Togetic|Dazzling Gleam|p2a: Hellhound
|-damage|p2a: Hellhound|0 fnt
|faint|p2a: Hellhound
|
|-damage|p1a: Togetic|235\/313 brn|[from] brn
|
|switch|p2a: Nidoking|Nidoking, M|304\/304
|turn|29
|
|move|p2a: Nidoking|Sludge Wave|p1a: Togetic
|-supereffective|p1a: Togetic
|-damage|p1a: Togetic|71\/313 brn
|move|p1a: Togetic|Flamethrower|p2a: Nidoking
|-damage|p2a: Nidoking|225\/304
|
|-damage|p1a: Togetic|32\/313 brn|[from] brn
|turn|30
|
|move|p2a: Nidoking|Sludge Wave|p1a: Togetic
|-supereffective|p1a: Togetic
|-damage|p1a: Togetic|0 fnt
|faint|p1a: Togetic
|
|
|switch|p1a: Manectric|Manectric, M|281\/281
|-formechange|p1a: Manectric|Manectric-Mega
|-ability|p1a: Manectric|Intimidate|[of] p2a: Nidoking
|-unboost|p2a: Nidoking|atk|1
|turn|31
|
|switch|p2a: UlikemySmell?|Florges, F|360\/360
|move|p1a: Manectric|Hidden Power|p2a: UlikemySmell?
|-damage|p2a: UlikemySmell?|303\/360
|
|-heal|p2a: UlikemySmell?|325\/360|[from] item: Leftovers
|turn|32
|
|move|p1a: Manectric|Thunderbolt|p2a: UlikemySmell?
|-crit|p2a: UlikemySmell?
|-damage|p2a: UlikemySmell?|129\/360
|move|p2a: UlikemySmell?|Moonblast|p1a: Manectric
|-damage|p1a: Manectric|104\/281
|
|-heal|p2a: UlikemySmell?|151\/360|[from] item: Leftovers
|turn|33
|
|move|p1a: Manectric|Thunderbolt|p2a: UlikemySmell?
|-damage|p2a: UlikemySmell?|19\/360
|move|p2a: UlikemySmell?|Wish|p2a: UlikemySmell?
|
|-heal|p2a: UlikemySmell?|41\/360|[from] item: Leftovers
|turn|34
|
|move|p2a: UlikemySmell?|Protect|p2a: UlikemySmell?
|-singleturn|p2a: UlikemySmell?|Protect
|move|p1a: Manectric|Volt Switch|p2a: UlikemySmell?
|-activate|p2a: UlikemySmell?|Protect
|
|-heal|p2a: UlikemySmell?|221\/360|[from] move: Wish|[wisher] UlikemySmell?
|-heal|p2a: UlikemySmell?|243\/360|[from] item: Leftovers
|turn|35
|
|move|p1a: Manectric|Thunderbolt|p2a: UlikemySmell?
|-damage|p2a: UlikemySmell?|123\/360
|move|p2a: UlikemySmell?|Wish|p2a: UlikemySmell?
|
|-heal|p2a: UlikemySmell?|145\/360|[from] item: Leftovers
|turn|36
|
|move|p2a: UlikemySmell?|Protect|p2a: UlikemySmell?
|-singleturn|p2a: UlikemySmell?|Protect
|move|p1a: Manectric|Hidden Power|p2a: UlikemySmell?
|-activate|p2a: UlikemySmell?|Protect
|
|-heal|p2a: UlikemySmell?|325\/360|[from] move: Wish|[wisher] UlikemySmell?
|-heal|p2a: UlikemySmell?|347\/360|[from] item: Leftovers
|turn|37
|
|move|p1a: Manectric|Thunderbolt|p2a: UlikemySmell?
|-damage|p2a: UlikemySmell?|227\/360
|move|p2a: UlikemySmell?|Moonblast|p1a: Manectric
|-damage|p1a: Manectric|0 fnt
|faint|p1a: Manectric
|
|-heal|p2a: UlikemySmell?|249\/360|[from] item: Leftovers
|
|switch|p1a: Cacturne|Cacturne, F|281\/281
|turn|38
|
|move|p1a: Cacturne|Seed Bomb|p2a: UlikemySmell?
|-damage|p2a: UlikemySmell?|49\/360
|-damage|p1a: Cacturne|253\/281|[from] item: Life Orb
|move|p2a: UlikemySmell?|Moonblast|p1a: Cacturne
|-supereffective|p1a: Cacturne
|-damage|p1a: Cacturne|0 fnt
|faint|p1a: Cacturne
|
|win|Hogback_fosh_men
|raw|Ladder updating...
|raw|Ruby Heart's rating: 1301 &rarr; <strong>1286<\/strong><br \/>(-15 for losing)
|raw|Hogback_fosh_men's rating: 1390 &rarr; <strong>1405<\/strong><br \/>(+15 for winning)
|chat|Hogback_fosh_men|gg