|join|watfor
|join|Ruby Heart
|player|p1|watfor|23
|player|p2|Ruby Heart|129
|gametype|singles
|gen|6
|tier|UU
|rated
|clearpoke
|poke|p1|Feraligatr, F
|poke|p1|Heliolisk, M
|poke|p1|Honchkrow, F
|poke|p1|Nidoking, M
|poke|p1|Mienshao, M
|poke|p1|Mew
|poke|p2|Whimsicott, M
|poke|p2|Houndoom, M
|poke|p2|Umbreon, F
|poke|p2|Forretress, M
|poke|p2|Victini
|poke|p2|Suicune
|rule|Sleep Clause Mod: Limit one foe put to sleep
|rule|Species Clause: Limit one of each Pokemon
|rule|OHKO Clause: OHKO moves are banned
|rule|Moody Clause: Moody is banned
|rule|Evasion Moves Clause: Evasion moves are banned
|rule|Endless Battle Clause: Forcing endless battles is banned.
|rule|HP Percentage Mod: HP is reported as percentages
|teampreview
|join|Nightmare Vampire
|
|start
|switch|p1a: Otterman|Mienshao, M|271\/271
|switch|p2a: Peter|Whimsicott, M|324\/324
|turn|1
|
|move|p2a: Peter|Leech Seed|p1a: Otterman
|-start|p1a: Otterman|move: Leech Seed
|move|p1a: Otterman|U-turn|p2a: Peter
|-damage|p2a: Peter|245\/324
|
|switch|p1a: Otterburd|Honchkrow, F|341\/341
|
|turn|2
|
|switch|p2a: Knox|Forretress, M|354\/354
|move|p1a: Otterburd|Brave Bird|p2a: Knox
|-damage|p2a: Knox|193\/354
|-damage|p1a: Otterburd|288\/341|[from] recoil|[of] p2a: Knox
|-damage|p1a: Otterburd|254\/341|[from] item: Life Orb
|
|-heal|p2a: Knox|215\/354|[from] item: Leftovers
|turn|3
|
|switch|p1a: Ottercroc|Feraligatr, F|312\/312
|move|p2a: Knox|Spikes|p1a: Ottercroc
|-sidestart|p1: watfor|Spikes
|
|-heal|p2a: Knox|237\/354|[from] item: Leftovers
|turn|4
|
|switch|p2a: Diamond|Suicune|404\/404
|-ability|p2a: Diamond|Pressure
|move|p1a: Ottercroc|Dragon Dance|p1a: Ottercroc
|-boost|p1a: Ottercroc|atk|1
|-boost|p1a: Ottercroc|spe|1
|
|turn|5
|
|switch|p1a: Ottercat|Mew|404\/404
|-damage|p1a: Ottercat|354\/404|[from] Spikes
|move|p2a: Diamond|Scald|p1a: Ottercat
|-damage|p1a: Ottercat|296\/404
|
|-heal|p1a: Ottercat|321\/404|[from] item: Leftovers
|turn|6
|
|switch|p2a: Peter|Whimsicott, M|245\/324
|move|p1a: Ottercat|Defog|p2a: Peter
|-unboost|p2a: Peter|evasion|1
|-sideend|p1: watfor|Spikes|[from] move: Defog|[of] p1a: Ottercat
|
|-heal|p1a: Ottercat|346\/404|[from] item: Leftovers
|turn|7
|chat|Nightmare Vampire|Brb Watfor
|
|move|p2a: Peter|Encore|p1a: Ottercat
|-start|p1a: Ottercat|Encore
|move|p1a: Ottercat|Defog|p2a: Peter
|-unboost|p2a: Peter|evasion|1
|
|-heal|p1a: Ottercat|371\/404|[from] item: Leftovers
|turn|8
|
|switch|p1a: Otterman|Mienshao, M|271\/271
|move|p2a: Peter|Leech Seed|p1a: Otterman
|-start|p1a: Otterman|move: Leech Seed
|
|-damage|p1a: Otterman|238\/271|[from] Leech Seed|[of] p2a: Peter
|-heal|p2a: Peter|278\/324|[silent]
|turn|9
|
|move|p2a: Peter|Sunny Day|p2a: Peter
|-weather|SunnyDay
|move|p1a: Otterman|U-turn|p2a: Peter
|-damage|p2a: Peter|198\/324
|
|switch|p1a: Otterrhino|Nidoking, M|304\/304
|
|-weather|SunnyDay|[upkeep]
|turn|10
|
|switch|p2a: Marmadoom|Houndoom, M|292\/292
|move|p1a: Otterrhino|Ice Beam|p2a: Marmadoom
|-resisted|p2a: Marmadoom
|-damage|p2a: Marmadoom|214\/292
|
|-weather|SunnyDay|[upkeep]
|turn|11
|
|-formechange|p2a: Marmadoom|Houndoom-Mega
|message|Houndoom has Mega Evolved into Mega Houndoom!
|move|p2a: Marmadoom|Flamethrower|p1a: Otterrhino
|-damage|p1a: Otterrhino|0 fnt
|faint|p1a: Otterrhino
|
|-weather|SunnyDay|[upkeep]
|-damage|p2a: Marmadoom|178\/292|[from] ability: Solar Power
|
|switch|p1a: Otterman|Mienshao, M|271\/271
|turn|12
|
|switch|p2a: VNV Nation|Victini|341\/341
|move|p1a: Otterman|High Jump Kick|p2a: VNV Nation
|-crit|p2a: VNV Nation
|-resisted|p2a: VNV Nation
|-damage|p2a: VNV Nation|165\/341
|
|-weather|SunnyDay|[upkeep]
|turn|13
|
|switch|p1a: Ottercat|Mew|371\/404
|move|p2a: VNV Nation|Blue Flare|p1a: Ottercat
|-damage|p1a: Ottercat|175\/404
|
|-weather|SunnyDay|[upkeep]
|-heal|p1a: Ottercat|200\/404|[from] item: Leftovers
|turn|14
|
|move|p2a: VNV Nation|Blue Flare|p1a: Ottercat
|-damage|p1a: Ottercat|0 fnt
|faint|p1a: Ottercat
|
|-weather|SunnyDay|[upkeep]
|
|switch|p1a: Otterman|Mienshao, M|271\/271
|turn|15
|
|move|p1a: Otterman|Knock Off|p2a: VNV Nation
|-supereffective|p2a: VNV Nation
|-damage|p2a: VNV Nation|0 fnt
|faint|p2a: VNV Nation
|
|-weather|SunnyDay|[upkeep]
|
|switch|p2a: Marmadoom|Houndoom, M|178\/292
|-formechange|p2a: Marmadoom|Houndoom-Mega
|turn|16
|
|switch|p1a: Ottercroc|Feraligatr, F|312\/312
|move|p2a: Marmadoom|Flamethrower|p1a: Ottercroc
|-resisted|p1a: Ottercroc
|-damage|p1a: Ottercroc|90\/312
|
|-weather|none
|-heal|p1a: Ottercroc|109\/312|[from] item: Leftovers
|turn|17
|
|switch|p2a: Diamond|Suicune|404\/404
|-ability|p2a: Diamond|Pressure
|move|p1a: Ottercroc|Waterfall|p2a: Diamond
|-resisted|p2a: Diamond
|-damage|p2a: Diamond|360\/404
|
|-heal|p1a: Ottercroc|128\/312|[from] item: Leftovers
|-heal|p2a: Diamond|385\/404|[from] item: Leftovers
|turn|18
|
|switch|p1a: Otterlizard|Heliolisk, M|266\/266
|move|p2a: Diamond|Substitute|p2a: Diamond
|-start|p2a: Diamond|Substitute
|-damage|p2a: Diamond|284\/404
|
|-heal|p2a: Diamond|309\/404|[from] item: Leftovers
|turn|19
|
|move|p1a: Otterlizard|Thunderbolt|p2a: Diamond
|-supereffective|p2a: Diamond
|-end|p2a: Diamond|Substitute
|move|p2a: Diamond|Calm Mind|p2a: Diamond
|-boost|p2a: Diamond|spa|1
|-boost|p2a: Diamond|spd|1
|
|-heal|p2a: Diamond|334\/404|[from] item: Leftovers
|turn|20
|
|move|p1a: Otterlizard|Thunderbolt|p2a: Diamond
|-supereffective|p2a: Diamond
|-damage|p2a: Diamond|44\/404
|move|p2a: Diamond|Ice Beam|p1a: Otterlizard
|-damage|p1a: Otterlizard|158\/266
|
|-heal|p2a: Diamond|69\/404|[from] item: Leftovers
|turn|21
|
|switch|p2a: Raisin|Umbreon, F|394\/394
|move|p1a: Otterlizard|Thunderbolt|p2a: Raisin
|-damage|p2a: Raisin|262\/394
|
|-heal|p2a: Raisin|286\/394|[from] item: Leftovers
|turn|22
|
|switch|p1a: Otterburd|Honchkrow, F|254\/341
|move|p2a: Raisin|Wish|p2a: Raisin
|
|-heal|p2a: Raisin|310\/394|[from] item: Leftovers
|turn|23
|
|switch|p2a: Knox|Forretress, M|237\/354
|move|p1a: Otterburd|Brave Bird|p2a: Knox
|-damage|p2a: Knox|56\/354
|-damage|p1a: Otterburd|194\/341|[from] recoil|[of] p2a: Knox
|-damage|p1a: Otterburd|160\/341|[from] item: Life Orb
|
|-heal|p2a: Knox|253\/354|[from] move: Wish|[wisher] Raisin
|-heal|p2a: Knox|275\/354|[from] item: Leftovers
|turn|24
|
|move|p1a: Otterburd|Roost|p1a: Otterburd
|-heal|p1a: Otterburd|331\/341
|move|p2a: Knox|Spikes|p1a: Otterburd
|-sidestart|p1: watfor|Spikes
|
|-heal|p2a: Knox|297\/354|[from] item: Leftovers
|turn|25
|
|move|p1a: Otterburd|Brave Bird|p2a: Knox
|-damage|p2a: Knox|116\/354
|-damage|p1a: Otterburd|271\/341|[from] recoil|[of] p2a: Knox
|-damage|p1a: Otterburd|237\/341|[from] item: Life Orb
|move|p2a: Knox|Gyro Ball|p1a: Otterburd
|-damage|p1a: Otterburd|105\/341
|
|-heal|p2a: Knox|138\/354|[from] item: Leftovers
|turn|26
|
|switch|p2a: Raisin|Umbreon, F|310\/394
|move|p1a: Otterburd|Brave Bird|p2a: Raisin
|-damage|p2a: Raisin|47\/394
|-damage|p1a: Otterburd|18\/341|[from] recoil|[of] p2a: Raisin
|-damage|p1a: Otterburd|0 fnt|[from] item: Life Orb
|faint|p1a: Otterburd
|
|-heal|p2a: Raisin|71\/394|[from] item: Leftovers
|
|switch|p1a: Otterlizard|Heliolisk, M|158\/266
|-damage|p1a: Otterlizard|125\/266|[from] Spikes
|turn|27
|
|move|p2a: Raisin|Protect|p2a: Raisin
|-singleturn|p2a: Raisin|Protect
|move|p1a: Otterlizard|Volt Switch|p2a: Raisin
|-activate|p2a: Raisin|Protect
|
|-heal|p2a: Raisin|95\/394|[from] item: Leftovers
|turn|28
|
|move|p1a: Otterlizard|Volt Switch|p2a: Raisin
|-damage|p2a: Raisin|0 fnt
|faint|p2a: Raisin
|
|switch|p1a: Otterman|Mienshao, M|271\/271
|-damage|p1a: Otterman|238\/271|[from] Spikes
|
|
|switch|p2a: Peter|Whimsicott, M|198\/324
|turn|29
|
|move|p2a: Peter|Sunny Day|p2a: Peter
|-weather|SunnyDay
|move|p1a: Otterman|High Jump Kick|p2a: Peter
|-resisted|p2a: Peter
|-damage|p2a: Peter|84\/324
|
|-weather|SunnyDay|[upkeep]
|turn|30
|
|move|p2a: Peter|Leech Seed|p1a: Otterman
|-start|p1a: Otterman|move: Leech Seed
|move|p1a: Otterman|High Jump Kick|p2a: Peter
|-resisted|p2a: Peter
|-damage|p2a: Peter|0 fnt
|faint|p2a: Peter
|
|-weather|SunnyDay|[upkeep]
|
|switch|p2a: Knox|Forretress, M|138\/354
|turn|31
|
|move|p1a: Otterman|High Jump Kick|p2a: Knox
|-damage|p2a: Knox|2\/354
|move|p2a: Knox|Gyro Ball|p1a: Otterman
|-damage|p1a: Otterman|0 fnt
|faint|p1a: Otterman
|
|-weather|SunnyDay|[upkeep]
|-heal|p2a: Knox|24\/354|[from] item: Leftovers
|
|switch|p1a: Ottercroc|Feraligatr, F|128\/312
|-damage|p1a: Ottercroc|89\/312|[from] Spikes
|turn|32
|
|switch|p2a: Diamond|Suicune|69\/404
|-ability|p2a: Diamond|Pressure
|move|p1a: Ottercroc|Dragon Dance|p1a: Ottercroc
|-boost|p1a: Ottercroc|atk|1
|-boost|p1a: Ottercroc|spe|1
|
|-weather|SunnyDay|[upkeep]
|-heal|p1a: Ottercroc|108\/312|[from] item: Leftovers
|-heal|p2a: Diamond|94\/404|[from] item: Leftovers
|turn|33
|
|move|p1a: Ottercroc|Earthquake|p2a: Diamond
|-damage|p2a: Diamond|0 fnt
|faint|p2a: Diamond
|
|-weather|SunnyDay|[upkeep]
|-heal|p1a: Ottercroc|127\/312|[from] item: Leftovers
|
|switch|p2a: Marmadoom|Houndoom, M|178\/292
|-formechange|p2a: Marmadoom|Houndoom-Mega
|turn|34
|
|move|p1a: Ottercroc|Waterfall|p2a: Marmadoom
|-supereffective|p2a: Marmadoom
|-damage|p2a: Marmadoom|0 fnt
|faint|p2a: Marmadoom
|
|-weather|SunnyDay|[upkeep]
|-heal|p1a: Ottercroc|146\/312|[from] item: Leftovers
|chat|Ruby Heart|dang
|
|switch|p2a: Knox|Forretress, M|24\/354
|turn|35
|
|move|p1a: Ottercroc|Waterfall|p2a: Knox
|-damage|p2a: Knox|0 fnt
|faint|p2a: Knox
|
|win|watfor
|raw|Ladder updating...
|raw|watfor's rating: 1112 &rarr; <strong>1143<\/strong><br \/>(+31 for winning)
|raw|Ruby Heart's rating: 1196 &rarr; <strong>1165<\/strong><br \/>(-31 for losing)
|chat|watfor|croc be like
|chat|watfor|getting the broom