|join|Ruby Heart
|join|Rezoy
|player|p1|Ruby Heart|129
|player|p2|Rezoy|162
|gametype|singles
|gen|6
|tier|UU
|rated
|rule|Sleep Clause Mod: Limit one foe put to sleep
|rule|Species Clause: Limit one of each PokÃ©mon
|rule|OHKO Clause: OHKO moves are banned
|rule|Moody Clause: Moody is banned
|rule|Evasion Moves Clause: Evasion moves are banned
|rule|Endless Battle Clause: Forcing endless battles is banned
|rule|HP Percentage Mod: HP is shown in percentages
|clearpoke
|poke|p1|Cobalion
|poke|p1|Cloyster, M
|poke|p1|Nidoqueen, F
|poke|p1|Rotom-Heat
|poke|p1|Celebi
|poke|p1|Beedrill, M
|poke|p2|Hydreigon, M
|poke|p2|Beedrill, M
|poke|p2|Dusclops, F
|poke|p2|Swampert, M
|poke|p2|Florges, F
|poke|p2|Machamp, F
|rule|Swagger Clause: Swagger is banned
|rule|Baton Pass Clause: Limit one PokÃ©mon knowing Baton Pass
|teampreview
|
|start
|switch|p1a: Onion Knight|Celebi|341\/341
|switch|p2a: Get Dunked|Machamp, F|364\/364
|turn|1
|
|move|p1a: Onion Knight|U-turn|p2a: Get Dunked
|-crit|p2a: Get Dunked
|-resisted|p2a: Get Dunked
|-damage|p2a: Get Dunked|320\/364
|
|switch|p1a: Save the queen|Nidoqueen, F|346\/346
|move|p2a: Get Dunked|Knock Off|p1a: Save the queen
|-crit|p1a: Save the queen
|-damage|p1a: Save the queen|141\/346
|-enditem|p1a: Save the queen|Life Orb|[from] move: Knock Off|[of] p2a: Get Dunked
|
|turn|2
|
|move|p1a: Save the queen|Stealth Rock|p2a: Get Dunked
|-sidestart|p2: Rezoy|move: Stealth Rock
|move|p2a: Get Dunked|Dynamic Punch|p1a: Save the queen
|-resisted|p1a: Save the queen
|-damage|p1a: Save the queen|22\/346
|-start|p1a: Save the queen|confusion
|
|turn|3
|
|move|p2a: Get Dunked|Bullet Punch|p1a: Save the queen
|-damage|p1a: Save the queen|0 fnt
|faint|p1a: Save the queen
|
|
|switch|p1a: Dan Forden|Rotom-Heat|303\/303
|turn|4
|
|move|p1a: Dan Forden|Will-O-Wisp|p2a: Get Dunked
|-status|p2a: Get Dunked|brn
|move|p2a: Get Dunked|Dynamic Punch|p1a: Dan Forden
|-damage|p1a: Dan Forden|209\/303
|-start|p1a: Dan Forden|confusion
|
|-heal|p1a: Dan Forden|227\/303|[from] item: Leftovers
|-damage|p2a: Get Dunked|275\/364 brn|[from] brn
|turn|5
|
|-activate|p1a: Dan Forden|confusion
|-damage|p1a: Dan Forden|208\/303|[from] confusion
|move|p2a: Get Dunked|Knock Off|p1a: Dan Forden
|-damage|p1a: Dan Forden|150\/303
|-enditem|p1a: Dan Forden|Leftovers|[from] move: Knock Off|[of] p2a: Get Dunked
|
|-damage|p2a: Get Dunked|230\/364 brn|[from] brn
|turn|6
|
|switch|p2a: Finns|Swampert, M|404\/404
|-damage|p2a: Finns|379\/404|[from] Stealth Rock
|-activate|p1a: Dan Forden|confusion
|-damage|p1a: Dan Forden|130\/303|[from] confusion
|
|-heal|p2a: Finns|404\/404|[from] item: Leftovers
|turn|7
|
|switch|p2a: Little Red|Florges, F|360\/360
|-damage|p2a: Little Red|315\/360|[from] Stealth Rock
|-activate|p1a: Dan Forden|confusion
|move|p1a: Dan Forden|Will-O-Wisp|p2a: Little Red
|-status|p2a: Little Red|brn
|
|-heal|p2a: Little Red|337\/360 brn|[from] item: Leftovers
|-damage|p2a: Little Red|292\/360 brn|[from] brn
|turn|8
|
|-activate|p1a: Dan Forden|confusion
|-damage|p1a: Dan Forden|109\/303|[from] confusion
|move|p2a: Little Red|Aromatherapy|p2a: Little Red
|-cureteam|p2a: Little Red|[from] move: Aromatherapy
|
|-heal|p2a: Little Red|314\/360|[from] item: Leftovers
|turn|9
|
|switch|p2a: Nino|Hydreigon, M|325\/325
|-damage|p2a: Nino|285\/325|[from] Stealth Rock
|-end|p1a: Dan Forden|confusion
|move|p1a: Dan Forden|Pain Split|p2a: Nino
|-sethp|p2a: Nino|197\/325|p1a: Dan Forden|197\/303|[from] move: Pain Split
|
|turn|10
|
|move|p2a: Nino|Draco Meteor|p1a: Dan Forden
|-damage|p1a: Dan Forden|35\/303
|-unboost|p2a: Nino|spa|2
|move|p1a: Dan Forden|Will-O-Wisp|p2a: Nino
|-status|p2a: Nino|brn
|
|-damage|p2a: Nino|157\/325 brn|[from] brn
|turn|11
|
|switch|p1a: Gas Station|Cloyster, M|303\/303
|move|p2a: Nino|Draco Meteor|p1a: Gas Station
|-damage|p1a: Gas Station|150\/303
|-unboost|p2a: Nino|spa|2
|
|-heal|p1a: Gas Station|168\/303|[from] item: Leftovers
|-damage|p2a: Nino|117\/325 brn|[from] brn
|turn|12
|
|switch|p2a: Finns|Swampert, M|404\/404
|-damage|p2a: Finns|379\/404|[from] Stealth Rock
|move|p1a: Gas Station|Spikes|p2a: Finns
|-sidestart|p2: Rezoy|Spikes
|
|-heal|p1a: Gas Station|186\/303|[from] item: Leftovers
|-heal|p2a: Finns|404\/404|[from] item: Leftovers
|turn|13
|
|switch|p1a: Onion Knight|Celebi|341\/341
|move|p2a: Finns|Earthquake|p1a: Onion Knight
|-resisted|p1a: Onion Knight
|-damage|p1a: Onion Knight|273\/341
|
|turn|14
|
|switch|p2a: Bogmire|Dusclops, F|284\/284
|-damage|p2a: Bogmire|249\/284|[from] Stealth Rock
|-damage|p2a: Bogmire|214\/284|[from] Spikes
|-ability|p2a: Bogmire|Pressure
|move|p1a: Onion Knight|Leaf Storm|p2a: Bogmire
|-damage|p2a: Bogmire|133\/284
|-unboost|p1a: Onion Knight|spa|2
|
|turn|15
|
|switch|p1a: Dan Forden|Rotom-Heat|35\/303
|move|p2a: Bogmire|Night Shade|p1a: Dan Forden
|-damage|p1a: Dan Forden|0 fnt
|faint|p1a: Dan Forden
|
|
|switch|p1a: Onion Knight|Celebi|273\/341
|turn|16
|
|move|p1a: Onion Knight|Psychic|p2a: Bogmire
|-damage|p2a: Bogmire|73\/284
|move|p2a: Bogmire|Rest|p2a: Bogmire
|-status|p2a: Bogmire|slp
|-heal|p2a: Bogmire|284\/284 slp|[silent]
|-status|p2a: Bogmire|slp|[from] move: Rest
|
|turn|17
|
|switch|p1a: Gas Station|Cloyster, M|186\/303
|cant|p2a: Bogmire|slp
|move|p2a: Bogmire|Sleep Talk|p2a: Bogmire
|move|p2a: Bogmire|Will-O-Wisp|p1a: Gas Station|[from]Sleep Talk|[miss]
|-miss|p2a: Bogmire|p1a: Gas Station
|
|-heal|p1a: Gas Station|204\/303|[from] item: Leftovers
|turn|18
|
|switch|p2a: Finns|Swampert, M|404\/404
|-damage|p2a: Finns|354\/404|[from] Spikes
|-damage|p2a: Finns|329\/404|[from] Stealth Rock
|move|p1a: Gas Station|Spikes|p2a: Finns
|-sidestart|p2: Rezoy|Spikes
|
|-heal|p1a: Gas Station|222\/303|[from] item: Leftovers
|-heal|p2a: Finns|354\/404|[from] item: Leftovers
|turn|19
|
|move|p1a: Gas Station|Icicle Spear|p2a: Finns
|-damage|p2a: Finns|332\/404
|-damage|p2a: Finns|308\/404
|-damage|p2a: Finns|284\/404
|-damage|p2a: Finns|262\/404
|-crit|p2a: Finns
|-damage|p2a: Finns|229\/404
|-hitcount|p2a: Finns|5
|move|p2a: Finns|Stealth Rock|p1a: Gas Station
|-sidestart|p1: Ruby Heart|move: Stealth Rock
|
|-heal|p1a: Gas Station|240\/303|[from] item: Leftovers
|-heal|p2a: Finns|254\/404|[from] item: Leftovers
|turn|20
|
|move|p1a: Gas Station|Rapid Spin|p2a: Finns
|-damage|p2a: Finns|241\/404
|-sideend|p1: Ruby Heart|Stealth Rock|[from] move: Rapid Spin|[of] p1a: Gas Station
|move|p2a: Finns|Earthquake|p1a: Gas Station
|-damage|p1a: Gas Station|168\/303
|
|-heal|p1a: Gas Station|186\/303|[from] item: Leftovers
|-heal|p2a: Finns|266\/404|[from] item: Leftovers
|turn|21
|
|move|p1a: Gas Station|Icicle Spear|p2a: Finns
|-damage|p2a: Finns|241\/404
|-damage|p2a: Finns|220\/404
|-damage|p2a: Finns|198\/404
|-damage|p2a: Finns|174\/404
|-crit|p2a: Finns
|-damage|p2a: Finns|137\/404
|-hitcount|p2a: Finns|5
|move|p2a: Finns|Stealth Rock|p1a: Gas Station
|-sidestart|p1: Ruby Heart|move: Stealth Rock
|
|-heal|p1a: Gas Station|204\/303|[from] item: Leftovers
|-heal|p2a: Finns|162\/404|[from] item: Leftovers
|turn|22
|
|switch|p2a: Bogmire|Dusclops, F|284\/284 slp
|-damage|p2a: Bogmire|237\/284 slp|[from] Spikes
|-damage|p2a: Bogmire|202\/284 slp|[from] Stealth Rock
|-ability|p2a: Bogmire|Pressure
|move|p1a: Gas Station|Rapid Spin|p2a: Bogmire
|-immune|p2a: Bogmire|[msg]
|
|-heal|p1a: Gas Station|222\/303|[from] item: Leftovers
|turn|23
|
|move|p1a: Gas Station|Spikes|p2a: Bogmire
|-sidestart|p2: Rezoy|Spikes
|cant|p2a: Bogmire|slp
|move|p2a: Bogmire|Sleep Talk|p2a: Bogmire
|move|p2a: Bogmire|Rest|p2a: Bogmire|[from]Sleep Talk
|-fail|p2a: Bogmire
|
|-heal|p1a: Gas Station|240\/303|[from] item: Leftovers
|turn|24
|
|switch|p1a: Onion Knight|Celebi|273\/341
|-damage|p1a: Onion Knight|231\/341|[from] Stealth Rock
|-curestatus|p2a: Bogmire|slp
|move|p2a: Bogmire|Will-O-Wisp|p1a: Onion Knight
|-status|p1a: Onion Knight|brn
|
|-damage|p1a: Onion Knight|189\/341 brn|[from] brn
|turn|25
|
|move|p1a: Onion Knight|U-turn|p2a: Bogmire
|-resisted|p2a: Bogmire
|-damage|p2a: Bogmire|196\/284
|
|switch|p1a: Sting'Zorga|Beedrill, M|271\/271
|-damage|p1a: Sting'Zorga|204\/271|[from] Stealth Rock
|move|p2a: Bogmire|Rest|p2a: Bogmire
|-status|p2a: Bogmire|slp
|-heal|p2a: Bogmire|284\/284 slp|[silent]
|-status|p2a: Bogmire|slp|[from] move: Rest
|
|turn|26
|
|detailschange|p1a: Sting'Zorga|Beedrill-Mega, M
|-mega|p1a: Sting'Zorga|Beedrill|Beedrillite
|move|p1a: Sting'Zorga|Knock Off|p2a: Bogmire
|-supereffective|p2a: Bogmire
|-damage|p2a: Bogmire|156\/284 slp
|-enditem|p2a: Bogmire|Eviolite|[from] move: Knock Off|[of] p1a: Sting'Zorga
|cant|p2a: Bogmire|slp
|move|p2a: Bogmire|Sleep Talk|p2a: Bogmire
|move|p2a: Bogmire|Will-O-Wisp|p1a: Sting'Zorga|[from]Sleep Talk
|-status|p1a: Sting'Zorga|brn
|
|-damage|p1a: Sting'Zorga|171\/271 brn|[from] brn
|turn|27
|
|move|p1a: Sting'Zorga|U-turn|p2a: Bogmire
|-resisted|p2a: Bogmire
|-damage|p2a: Bogmire|123\/284 slp
|
|switch|p1a: Onion Knight|Celebi|189\/341
|-damage|p1a: Onion Knight|147\/341|[from] Stealth Rock
|cant|p2a: Bogmire|slp
|move|p2a: Bogmire|Sleep Talk|p2a: Bogmire
|move|p2a: Bogmire|Rest|p2a: Bogmire|[from]Sleep Talk
|-fail|p2a: Bogmire
|
|turn|28
|
|move|p1a: Onion Knight|Leaf Storm|p2a: Bogmire
|-damage|p2a: Bogmire|11\/284 slp
|-unboost|p1a: Onion Knight|spa|2
|-curestatus|p2a: Bogmire|slp
|move|p2a: Bogmire|Rest|p2a: Bogmire
|-status|p2a: Bogmire|slp
|-heal|p2a: Bogmire|284\/284 slp|[silent]
|-status|p2a: Bogmire|slp|[from] move: Rest
|
|turn|29
|
|switch|p1a: Sting'Zorga|Beedrill-Mega, M|171\/271 brn
|-damage|p1a: Sting'Zorga|104\/271 brn|[from] Stealth Rock
|cant|p2a: Bogmire|slp
|move|p2a: Bogmire|Sleep Talk|p2a: Bogmire
|move|p2a: Bogmire|Will-O-Wisp|p1a: Sting'Zorga|[from]Sleep Talk
|-fail|p1a: Sting'Zorga|brn
|
|-damage|p1a: Sting'Zorga|71\/271 brn|[from] brn
|turn|30
|
|move|p1a: Sting'Zorga|Knock Off|p2a: Bogmire
|-supereffective|p2a: Bogmire
|-damage|p2a: Bogmire|218\/284 slp
|cant|p2a: Bogmire|slp
|move|p2a: Bogmire|Sleep Talk|p2a: Bogmire
|move|p2a: Bogmire|Will-O-Wisp|p1a: Sting'Zorga|[from]Sleep Talk
|-fail|p1a: Sting'Zorga|brn
|
|-damage|p1a: Sting'Zorga|38\/271 brn|[from] brn
|turn|31
|
|move|p1a: Sting'Zorga|Knock Off|p2a: Bogmire
|-supereffective|p2a: Bogmire
|-damage|p2a: Bogmire|150\/284 slp
|-curestatus|p2a: Bogmire|slp
|move|p2a: Bogmire|Rest|p2a: Bogmire
|-status|p2a: Bogmire|slp
|-heal|p2a: Bogmire|284\/284 slp|[silent]
|-status|p2a: Bogmire|slp|[from] move: Rest
|
|-damage|p1a: Sting'Zorga|5\/271 brn|[from] brn
|turn|32
|
|move|p1a: Sting'Zorga|Knock Off|p2a: Bogmire
|-supereffective|p2a: Bogmire
|-damage|p2a: Bogmire|224\/284 slp
|cant|p2a: Bogmire|slp
|move|p2a: Bogmire|Sleep Talk|p2a: Bogmire
|move|p2a: Bogmire|Rest|p2a: Bogmire|[from]Sleep Talk
|-fail|p2a: Bogmire
|
|-damage|p1a: Sting'Zorga|0 fnt|[from] brn
|faint|p1a: Sting'Zorga
|
|switch|p1a: Onion Knight|Celebi|147\/341
|-damage|p1a: Onion Knight|105\/341|[from] Stealth Rock
|turn|33
|
|move|p1a: Onion Knight|Psychic|p2a: Bogmire
|-damage|p2a: Bogmire|134\/284 slp
|cant|p2a: Bogmire|slp
|move|p2a: Bogmire|Sleep Talk|p2a: Bogmire
|move|p2a: Bogmire|Will-O-Wisp|p1a: Onion Knight|[from]Sleep Talk
|-status|p1a: Onion Knight|brn
|
|-damage|p1a: Onion Knight|63\/341 brn|[from] brn
|turn|34
|
|switch|p1a: Gas Station|Cloyster, M|240\/303
|-damage|p1a: Gas Station|165\/303|[from] Stealth Rock
|-curestatus|p2a: Bogmire|slp
|move|p2a: Bogmire|Rest|p2a: Bogmire
|-status|p2a: Bogmire|slp
|-heal|p2a: Bogmire|284\/284 slp|[silent]
|-status|p2a: Bogmire|slp|[from] move: Rest
|
|-heal|p1a: Gas Station|183\/303|[from] item: Leftovers
|turn|35
|
|move|p1a: Gas Station|Icicle Spear|p2a: Bogmire
|-damage|p2a: Bogmire|262\/284 slp
|-crit|p2a: Bogmire
|-damage|p2a: Bogmire|231\/284 slp
|-damage|p2a: Bogmire|210\/284 slp
|-damage|p2a: Bogmire|186\/284 slp
|-damage|p2a: Bogmire|165\/284 slp
|-hitcount|p2a: Bogmire|5
|cant|p2a: Bogmire|slp
|move|p2a: Bogmire|Sleep Talk|p2a: Bogmire
|move|p2a: Bogmire|Night Shade|p1a: Gas Station|[from]Sleep Talk
|-damage|p1a: Gas Station|83\/303
|
|-heal|p1a: Gas Station|101\/303|[from] item: Leftovers
|turn|36
|
|move|p1a: Gas Station|Icicle Spear|p2a: Bogmire
|-damage|p2a: Bogmire|144\/284 slp
|-damage|p2a: Bogmire|119\/284 slp
|-damage|p2a: Bogmire|95\/284 slp
|-damage|p2a: Bogmire|73\/284 slp
|-crit|p2a: Bogmire
|-damage|p2a: Bogmire|37\/284 slp
|-hitcount|p2a: Bogmire|5
|cant|p2a: Bogmire|slp
|move|p2a: Bogmire|Sleep Talk|p2a: Bogmire
|move|p2a: Bogmire|Night Shade|p1a: Gas Station|[from]Sleep Talk
|-damage|p1a: Gas Station|1\/303
|
|-heal|p1a: Gas Station|19\/303|[from] item: Leftovers
|turn|37
|
|move|p1a: Gas Station|Icicle Spear|p2a: Bogmire
|-damage|p2a: Bogmire|15\/284 slp
|-crit|p2a: Bogmire
|-damage|p2a: Bogmire|0 fnt
|-hitcount|p2a: Bogmire|2
|faint|p2a: Bogmire
|
|-heal|p1a: Gas Station|37\/303|[from] item: Leftovers
|
|switch|p2a: Killer B.|Beedrill, M|271\/271
|-damage|p2a: Killer B.|204\/271|[from] Stealth Rock
|-damage|p2a: Killer B.|137\/271|[from] Spikes
|turn|38
|
|detailschange|p2a: Killer B.|Beedrill-Mega, M
|-mega|p2a: Killer B.|Beedrill|Beedrillite
|move|p2a: Killer B.|Poison Jab|p1a: Gas Station
|-crit|p1a: Gas Station
|-damage|p1a: Gas Station|0 fnt
|faint|p1a: Gas Station
|
|
|switch|p1a: Onion Knight|Celebi|63\/341
|-damage|p1a: Onion Knight|21\/341|[from] Stealth Rock
|turn|39
|
|move|p2a: Killer B.|Protect|p2a: Killer B.
|-singleturn|p2a: Killer B.|Protect
|move|p1a: Onion Knight|Psychic|p2a: Killer B.
|-activate|p2a: Killer B.|Protect
|
|turn|40
|
|switch|p2a: Nino|Hydreigon, M|117\/325 brn
|-damage|p2a: Nino|77\/325 brn|[from] Stealth Rock
|move|p1a: Onion Knight|Psychic|p2a: Nino
|-immune|p2a: Nino|[msg]
|
|-damage|p2a: Nino|37\/325 brn|[from] brn
|turn|41
|
|move|p1a: Onion Knight|Psychic|p2a: Nino
|-immune|p2a: Nino|[msg]
|move|p2a: Nino|Fire Blast|p1a: Onion Knight
|-supereffective|p1a: Onion Knight
|-damage|p1a: Onion Knight|0 fnt
|faint|p1a: Onion Knight
|
|-damage|p2a: Nino|0 fnt|[from] brn
|faint|p2a: Nino
|
|switch|p2a: Killer B.|Beedrill-Mega, M|137\/271
|switch|p1a: Centurion|Cobalion|324\/324
|-damage|p2a: Killer B.|70\/271|[from] Spikes
|-damage|p2a: Killer B.|3\/271|[from] Stealth Rock
|-damage|p1a: Centurion|314\/324|[from] Stealth Rock
|turn|42
|
|move|p1a: Centurion|Quick Attack|p2a: Killer B.
|-damage|p2a: Killer B.|0 fnt
|faint|p2a: Killer B.
|
|
|switch|p2a: Little Red|Florges, F|314\/360
|-damage|p2a: Little Red|224\/360|[from] Spikes
|-damage|p2a: Little Red|179\/360|[from] Stealth Rock
|turn|43
|
|move|p2a: Little Red|Protect|p2a: Little Red
|-singleturn|p2a: Little Red|Protect
|move|p1a: Centurion|Iron Head|p2a: Little Red
|-activate|p2a: Little Red|Protect
|
|-heal|p2a: Little Red|201\/360|[from] item: Leftovers
|turn|44
|
|move|p1a: Centurion|Swords Dance|p1a: Centurion
|-boost|p1a: Centurion|atk|2
|move|p2a: Little Red|Wish|p2a: Little Red
|
|-heal|p2a: Little Red|223\/360|[from] item: Leftovers
|turn|45
|
|move|p1a: Centurion|Swords Dance|p1a: Centurion
|-boost|p1a: Centurion|atk|2
|move|p2a: Little Red|Moonblast|p1a: Centurion
|-damage|p1a: Centurion|148\/324
|
|-heal|p2a: Little Red|360\/360|[from] move: Wish|[wisher] Little Red
|turn|46
|
|move|p1a: Centurion|Iron Head|p2a: Little Red
|-supereffective|p2a: Little Red
|-damage|p2a: Little Red|0 fnt
|faint|p2a: Little Red
|
|
|switch|p2a: Get Dunked|Machamp, F|230\/364
|-damage|p2a: Get Dunked|139\/364|[from] Spikes
|-damage|p2a: Get Dunked|117\/364|[from] Stealth Rock
|turn|47
|
|move|p1a: Centurion|Close Combat|p2a: Get Dunked
|-damage|p2a: Get Dunked|0 fnt
|-unboost|p1a: Centurion|def|1
|-unboost|p1a: Centurion|spd|1
|faint|p2a: Get Dunked
|
|
|switch|p2a: Finns|Swampert, M|162\/404
|-damage|p2a: Finns|137\/404|[from] Stealth Rock
|-damage|p2a: Finns|36\/404|[from] Spikes
|turn|48
|
|move|p1a: Centurion|Close Combat|p2a: Finns
|-damage|p2a: Finns|0 fnt
|-unboost|p1a: Centurion|def|1
|-unboost|p1a: Centurion|spd|1
|faint|p2a: Finns
|
|win|Ruby Heart
|raw|Ladder updating...
|raw|Ruby Heart's rating: 1453 &rarr; <strong>1472<\/strong><br \/>(+19 for winning)
|raw|Rezoy's rating: 1425 &rarr; <strong>1407<\/strong><br \/>(-18 for losing)
|leave|Rezoy