|join|Dunk25
|join|Fabio96
|player|p1|Dunk25|169
|player|p2|Fabio96|1
|gametype|singles
|gen|6
|tier|OU
|rated
|clearpoke
|poke|p1|Ninjask, M
|poke|p1|Charizard, M
|poke|p1|Electivire, F
|poke|p1|Salamence, M
|poke|p1|Quagsire, F
|poke|p1|Aegislash, F
|poke|p2|Togekiss, M
|poke|p2|Ferrothorn, F
|poke|p2|Garchomp, F
|poke|p2|Espeon, F
|poke|p2|Vaporeon, M
|poke|p2|Charizard, F
|rule|Baton Pass Clause: Limit 3 pokemon knowing Baton Pass
|rule|Sleep Clause Mod: Limit one foe put to sleep
|rule|Species Clause: Limit one of each Pokemon
|rule|OHKO Clause: OHKO moves are banned
|rule|Moody Clause: Moody is banned
|rule|Evasion Moves Clause: Evasion moves are banned
|rule|Endless Battle Clause: Forcing endless battles is banned
|rule|HP Percentage Mod: HP is reported as percentages
|teampreview
|
|start
|switch|p1a: Ninjask|Ninjask, M|326\/326
|switch|p2a: Vaporeon|Vaporeon, M|464\/464
|turn|1
|
|move|p1a: Ninjask|Swords Dance|p1a: Ninjask
|-boost|p1a: Ninjask|atk|2
|move|p2a: Vaporeon|Aqua Ring|p2a: Vaporeon
|-start|p2a: Vaporeon|Aqua Ring
|
|-boost|p1a: Ninjask|spe|1|[from] ability: Speed Boost
|turn|2
|
|move|p1a: Ninjask|Swords Dance|p1a: Ninjask
|-boost|p1a: Ninjask|atk|2
|move|p2a: Vaporeon|Yawn|p1a: Ninjask
|-start|p1a: Ninjask|move: Yawn|[of] p2a: Vaporeon
|
|-boost|p1a: Ninjask|spe|1|[from] ability: Speed Boost
|turn|3
|
|move|p1a: Ninjask|Baton Pass|p1a: Ninjask
|
|switch|p1a: Electivire|Electivire, F|292\/292
|move|p2a: Vaporeon|Yawn|p1a: Electivire
|-start|p1a: Electivire|move: Yawn|[of] p2a: Vaporeon
|
|turn|4
|
|move|p2a: Vaporeon|Protect|p2a: Vaporeon
|-singleturn|p2a: Vaporeon|Protect
|move|p1a: Electivire|Ion Deluge|p1a: Electivire
|-fieldactivate|move: Ion Deluge
|
|-status|p1a: Electivire|slp
|turn|5
|
|switch|p2a: Garchomp|Garchomp, F|358\/358
|cant|p1a: Electivire|slp
|
|turn|6
|
|switch|p1a: Ninjask|Ninjask, M|326\/326
|move|p2a: Garchomp|Earthquake|p1a: Ninjask
|-immune|p1a: Ninjask|[msg]
|
|turn|7
|
|move|p1a: Ninjask|Swords Dance|p1a: Ninjask
|-boost|p1a: Ninjask|atk|2
|move|p2a: Garchomp|Flamethrower|p1a: Ninjask
|-supereffective|p1a: Ninjask
|-damage|p1a: Ninjask|144\/326
|
|-boost|p1a: Ninjask|spe|1|[from] ability: Speed Boost
|turn|8
|
|switch|p2a: Vaporeon|Vaporeon, M|464\/464
|move|p1a: Ninjask|Endure|p1a: Ninjask
|
|-boost|p1a: Ninjask|spe|1|[from] ability: Speed Boost
|turn|9
|
|move|p1a: Ninjask|Baton Pass|p1a: Ninjask
|
|switch|p1a: Electivire|Electivire, F|292\/292 slp
|move|p2a: Vaporeon|Yawn|p1a: Electivire
|-fail|p1a: Electivire
|
|turn|10
|
|switch|p2a: Garchomp|Garchomp, F|358\/358
|-curestatus|p1a: Electivire|slp
|move|p1a: Electivire|Mega Kick|p2a: Garchomp
|-crit|p2a: Garchomp
|-damage|p2a: Garchomp|0 fnt
|-damage|p1a: Electivire|256\/292|[from] ability: Rough Skin|[of] p2a: Garchomp
|faint|p2a: Garchomp
|
|
|switch|p2a: Ferrothorn|Ferrothorn, F|290\/290
|turn|11
|
|move|p1a: Electivire|Ice Punch|p2a: Ferrothorn
|-damage|p2a: Ferrothorn|175\/290
|-damage|p1a: Electivire|220\/292|[from] ability: Iron Barbs|[of] p2a: Ferrothorn
|move|p2a: Ferrothorn|Leech Seed|p1a: Electivire
|-start|p1a: Electivire|move: Leech Seed
|
|-heal|p2a: Ferrothorn|193\/290|[from] item: Leftovers
|-damage|p1a: Electivire|184\/292|[from] Leech Seed|[of] p2a: Ferrothorn
|-heal|p2a: Ferrothorn|229\/290|[silent]
|turn|12
|
|switch|p1a: Charizard|Charizard, M|298\/298
|move|p2a: Ferrothorn|Protect|p2a: Ferrothorn
|-fail|p2a: Ferrothorn
|
|-heal|p2a: Ferrothorn|247\/290|[from] item: Leftovers
|turn|13
|
|switch|p2a: Vaporeon|Vaporeon, M|464\/464
|detailschange|p1a: Charizard|Charizard-Mega-Y, M
|message|Charizard has Mega Evolved into Mega Charizard!
|-weather|SunnyDay
|move|p1a: Charizard|Solar Beam|p2a: Vaporeon|[still]
|-prepare|p1a: Charizard|Solar Beam|p2a: Vaporeon
|-anim|p1a: Charizard|Solar Beam|p2a: Vaporeon
|-supereffective|p2a: Vaporeon
|-damage|p2a: Vaporeon|122\/464
|
|-weather|SunnyDay|[upkeep]
|-heal|p2a: Vaporeon|151\/464|[from] item: Leftovers
|turn|14
|
|switch|p2a: Charizard|Charizard, F|298\/298
|move|p1a: Charizard|Solar Beam|p2a: Charizard|[still]
|-prepare|p1a: Charizard|Solar Beam|p2a: Charizard
|-anim|p1a: Charizard|Solar Beam|p2a: Charizard
|-resisted|p2a: Charizard
|-damage|p2a: Charizard|253\/298
|
|-weather|SunnyDay|[upkeep]
|-damage|p2a: Charizard|216\/298|[from] ability: Solar Power
|turn|15
|
|detailschange|p2a: Charizard|Charizard-Mega-Y, F
|message|Charizard has Mega Evolved into Mega Charizard!
|move|p1a: Charizard|Hidden Power|p2a: Charizard
|-immune|p2a: Charizard|[msg]
|move|p2a: Charizard|Dragon Pulse|p1a: Charizard
|-damage|p1a: Charizard|189\/298
|
|-weather|SunnyDay|[upkeep]
|turn|16
|
|move|p2a: Charizard|Dragon Pulse|p1a: Charizard
|-damage|p1a: Charizard|82\/298
|move|p1a: Charizard|Flamethrower|p2a: Charizard
|-resisted|p2a: Charizard
|-damage|p2a: Charizard|93\/298
|
|-weather|SunnyDay|[upkeep]
|turn|17
|
|move|p1a: Charizard|Roost|p1a: Charizard
|-heal|p1a: Charizard|231\/298
|move|p2a: Charizard|Flamethrower|p1a: Charizard
|-resisted|p1a: Charizard
|-damage|p1a: Charizard|102\/298
|
|-weather|none
|turn|18
|
|move|p2a: Charizard|Flamethrower|p1a: Charizard
|-resisted|p1a: Charizard
|-damage|p1a: Charizard|24\/298
|move|p1a: Charizard|Roost|p1a: Charizard
|-heal|p1a: Charizard|173\/298
|
|turn|19
|
|move|p1a: Charizard|Flamethrower|p2a: Charizard
|-resisted|p2a: Charizard
|-damage|p2a: Charizard|6\/298
|move|p2a: Charizard|Dragon Pulse|p1a: Charizard
|-damage|p1a: Charizard|67\/298
|
|turn|20
|
|move|p2a: Charizard|Dragon Pulse|p1a: Charizard
|-damage|p1a: Charizard|0 fnt
|faint|p1a: Charizard
|
|
|switch|p1a: Ninjask|Ninjask, M|144\/326
|turn|21
|
|move|p1a: Ninjask|Endure|p1a: Ninjask
|-singleturn|p1a: Ninjask|move: Endure
|move|p2a: Charizard|Flamethrower|p1a: Ninjask
|-supereffective|p1a: Ninjask
|-damage|p1a: Ninjask|1\/326
|
|-boost|p1a: Ninjask|spe|1|[from] ability: Speed Boost
|turn|22
|
|move|p1a: Ninjask|Baton Pass|p1a: Ninjask
|
|switch|p1a: Electivire|Electivire, F|184\/292
|move|p2a: Charizard|Flamethrower|p1a: Electivire
|-crit|p1a: Electivire
|-damage|p1a: Electivire|0 fnt
|faint|p1a: Electivire
|
|
|switch|p1a: Aegislash|Aegislash, F|262\/262
|turn|23
|
|-formechange|p1a: Aegislash|Aegislash-Blade
|move|p1a: Aegislash|Shadow Sneak|p2a: Charizard
|-damage|p2a: Charizard|0 fnt
|faint|p2a: Charizard
|
|
|switch|p2a: Ferrothorn|Ferrothorn, F|247\/290
|turn|24
|
|switch|p1a: Salamence|Salamence, M|331\/331
|move|p2a: Ferrothorn|Leech Seed|p1a: Salamence
|-start|p1a: Salamence|move: Leech Seed
|
|-heal|p2a: Ferrothorn|265\/290|[from] item: Leftovers
|-damage|p1a: Salamence|290\/331|[from] Leech Seed|[of] p2a: Ferrothorn
|-heal|p2a: Ferrothorn|290\/290|[silent]
|turn|25
|
|switch|p2a: Vaporeon|Vaporeon, M|151\/464
|move|p1a: Salamence|Fire Fang|p2a: Vaporeon
|-crit|p2a: Vaporeon
|-resisted|p2a: Vaporeon
|-damage|p2a: Vaporeon|88\/464
|
|-heal|p2a: Vaporeon|117\/464|[from] item: Leftovers
|-damage|p1a: Salamence|249\/331|[from] Leech Seed|[of] p2a: Vaporeon
|-heal|p2a: Vaporeon|158\/464|[silent]
|turn|26
|
|move|p1a: Salamence|Dragon Claw|p2a: Vaporeon
|-damage|p2a: Vaporeon|0 fnt
|faint|p2a: Vaporeon
|-boost|p1a: Salamence|atk|1|[from] ability: Moxie
|
|
|switch|p2a: Togekiss|Togekiss, M|312\/312
|turn|27
|
|move|p1a: Salamence|Aerial Ace|p2a: Togekiss
|-damage|p2a: Togekiss|177\/312
|move|p2a: Togekiss|Dazzling Gleam|p1a: Salamence
|-supereffective|p1a: Salamence
|-damage|p1a: Salamence|0 fnt
|faint|p1a: Salamence
|
|
|switch|p1a: Quagsire|Quagsire, F|394\/394
|turn|28
|
|move|p2a: Togekiss|Thunder Wave|p1a: Quagsire
|-immune|p1a: Quagsire|[msg]
|move|p1a: Quagsire|Ice Punch|p2a: Togekiss
|-supereffective|p2a: Togekiss
|-damage|p2a: Togekiss|47\/312
|-enditem|p2a: Togekiss|Weakness Policy
|-boost|p2a: Togekiss|atk|2|[from] item: Weakness Policy
|-boost|p2a: Togekiss|spa|2|[from] item: Weakness Policy
|
|turn|29
|
|move|p2a: Togekiss|Air Slash|p1a: Quagsire
|-damage|p1a: Quagsire|253\/394
|cant|p1a: Quagsire|flinch
|
|-heal|p1a: Quagsire|277\/394|[from] item: Leftovers
|turn|30
|
|move|p2a: Togekiss|Air Slash|p1a: Quagsire
|-damage|p1a: Quagsire|135\/394
|move|p1a: Quagsire|Ice Punch|p2a: Togekiss
|-supereffective|p2a: Togekiss
|-damage|p2a: Togekiss|0 fnt
|faint|p2a: Togekiss
|
|-heal|p1a: Quagsire|159\/394|[from] item: Leftovers
|
|switch|p2a: Ferrothorn|Ferrothorn, F|290\/290
|turn|31
|
|move|p1a: Quagsire|Brick Break|p2a: Ferrothorn
|-supereffective|p2a: Ferrothorn
|-damage|p2a: Ferrothorn|194\/290
|-damage|p1a: Quagsire|110\/394|[from] ability: Iron Barbs|[of] p2a: Ferrothorn
|move|p2a: Ferrothorn|Leech Seed|p1a: Quagsire
|-start|p1a: Quagsire|move: Leech Seed
|
|-heal|p1a: Quagsire|134\/394|[from] item: Leftovers
|-heal|p2a: Ferrothorn|212\/290|[from] item: Leftovers
|-damage|p1a: Quagsire|85\/394|[from] Leech Seed|[of] p2a: Ferrothorn
|-heal|p2a: Ferrothorn|261\/290|[silent]
|turn|32
|
|move|p1a: Quagsire|Brick Break|p2a: Ferrothorn
|-supereffective|p2a: Ferrothorn
|-damage|p2a: Ferrothorn|159\/290
|-damage|p1a: Quagsire|36\/394|[from] ability: Iron Barbs|[of] p2a: Ferrothorn
|move|p2a: Ferrothorn|Stealth Rock|p1a: Quagsire
|-sidestart|p1: Dunk25|move: Stealth Rock
|
|-heal|p1a: Quagsire|60\/394|[from] item: Leftovers
|-heal|p2a: Ferrothorn|177\/290|[from] item: Leftovers
|-damage|p1a: Quagsire|11\/394|[from] Leech Seed|[of] p2a: Ferrothorn
|-heal|p2a: Ferrothorn|226\/290|[silent]
|turn|33
|
|move|p1a: Quagsire|Brick Break|p2a: Ferrothorn
|-supereffective|p2a: Ferrothorn
|-damage|p2a: Ferrothorn|120\/290
|-damage|p1a: Quagsire|0 fnt|[from] ability: Iron Barbs|[of] p2a: Ferrothorn
|faint|p1a: Quagsire
|move|p2a: Ferrothorn|Spikes|p1: Quagsire
|-sidestart|p1: Dunk25|Spikes
|
|-heal|p2a: Ferrothorn|138\/290|[from] item: Leftovers
|
|switch|p1a: Aegislash|Aegislash, F|262\/262
|-damage|p1a: Aegislash|230\/262|[from] Spikes
|-damage|p1a: Aegislash|214\/262|[from] Stealth Rock
|turn|34
|
|move|p1a: Aegislash|Swords Dance|p1a: Aegislash
|-boost|p1a: Aegislash|atk|2
|move|p2a: Ferrothorn|Leech Seed|p1a: Aegislash
|-start|p1a: Aegislash|move: Leech Seed
|
|-heal|p2a: Ferrothorn|156\/290|[from] item: Leftovers
|-damage|p1a: Aegislash|182\/262|[from] Leech Seed|[of] p2a: Ferrothorn
|-heal|p2a: Ferrothorn|188\/290|[silent]
|turn|35
|
|move|p2a: Ferrothorn|Protect|p2a: Ferrothorn
|-singleturn|p2a: Ferrothorn|Protect
|move|p1a: Aegislash|Swords Dance|p1a: Aegislash
|-boost|p1a: Aegislash|atk|2
|
|-heal|p2a: Ferrothorn|206\/290|[from] item: Leftovers
|-damage|p1a: Aegislash|150\/262|[from] Leech Seed|[of] p2a: Ferrothorn
|-heal|p2a: Ferrothorn|238\/290|[silent]
|turn|36
|
|-formechange|p1a: Aegislash|Aegislash-Blade
|move|p1a: Aegislash|Shadow Sneak|p2a: Ferrothorn
|-damage|p2a: Ferrothorn|42\/290
|-damage|p1a: Aegislash|118\/262|[from] ability: Iron Barbs|[of] p2a: Ferrothorn
|move|p2a: Ferrothorn|Leech Seed|p1a: Aegislash
|-fail|p1a: Aegislash
|
|-heal|p2a: Ferrothorn|60\/290|[from] item: Leftovers
|-damage|p1a: Aegislash|86\/262|[from] Leech Seed|[of] p2a: Ferrothorn
|-heal|p2a: Ferrothorn|92\/290|[silent]
|turn|37
|
|move|p2a: Ferrothorn|Protect|p2a: Ferrothorn
|-singleturn|p2a: Ferrothorn|Protect
|move|p1a: Aegislash|Shadow Sneak|p2a: Ferrothorn
|-activate|p2a: Ferrothorn|Protect
|
|-heal|p2a: Ferrothorn|110\/290|[from] item: Leftovers
|-damage|p1a: Aegislash|54\/262|[from] Leech Seed|[of] p2a: Ferrothorn
|-heal|p2a: Ferrothorn|142\/290|[silent]
|turn|38
|
|move|p2a: Ferrothorn|Protect|p2a: Ferrothorn
|-singleturn|p2a: Ferrothorn|Protect
|move|p1a: Aegislash|Shadow Sneak|p2a: Ferrothorn
|-activate|p2a: Ferrothorn|Protect
|
|-heal|p2a: Ferrothorn|160\/290|[from] item: Leftovers
|-damage|p1a: Aegislash|22\/262|[from] Leech Seed|[of] p2a: Ferrothorn
|-heal|p2a: Ferrothorn|192\/290|[silent]
|turn|39
|
|move|p2a: Ferrothorn|Protect|p2a: Ferrothorn
|-fail|p2a: Ferrothorn
|move|p1a: Aegislash|Shadow Sneak|p2a: Ferrothorn
|-damage|p2a: Ferrothorn|5\/290
|-damage|p1a: Aegislash|0 fnt|[from] ability: Iron Barbs|[of] p2a: Ferrothorn
|faint|p1a: Aegislash
|
|-heal|p2a: Ferrothorn|23\/290|[from] item: Leftovers
|
|switch|p1a: Ninjask|Ninjask, M|1\/326
|-damage|p1a: Ninjask|0 fnt|[from] Stealth Rock
|faint|p1a: Ninjask
|
|win|Fabio96
|raw|Ladder updating...
|raw|Dunk25's rating: 1140 &rarr; <strong>1115<\/strong><br \/>(-25 for losing)
|raw|Fabio96's rating: 1146 &rarr; <strong>1170<\/strong><br \/>(+24 for winning)
|leave|Fabio96
|player|p2