|join|nhart96
|join|Fabio96
|player|p1|nhart96|265
|player|p2|Fabio96|163
|gametype|singles
|gen|6
|tier|OU
|rated
|clearpoke
|poke|p1|Venusaur, F
|poke|p1|Heatran, M
|poke|p1|Azumarill, F
|poke|p1|Mew, shiny
|poke|p1|Landorus-Therian, M
|poke|p1|Latias, F
|poke|p2|Togekiss, M
|poke|p2|Ferrothorn, M
|poke|p2|Dragonite, M
|poke|p2|Espeon, F
|poke|p2|Vaporeon, M
|poke|p2|Houndoom, M
|rule|Swagger Clause: Swagger is banned
|rule|Baton Pass Clause: Limit one PokÃ©mon knowing Baton Pass
|rule|Sleep Clause Mod: Limit one foe put to sleep
|rule|Species Clause: Limit one of each PokÃ©mon
|rule|OHKO Clause: OHKO moves are banned
|rule|Moody Clause: Moody is banned
|rule|Evasion Moves Clause: Evasion moves are banned
|rule|Endless Battle Clause: Forcing endless battles is banned
|rule|HP Percentage Mod: HP is shown in percentages
|teampreview
|c|ânhart96|hi
|c|ânhart96|glhf
|
|start
|switch|p1a: Landorus-Therian|Landorus-Therian, M|379\/379
|switch|p2a: Ferrothorn|Ferrothorn, M|352\/352
|-ability|p1a: Landorus-Therian|Intimidate|[of] p2a: Ferrothorn
|-unboost|p2a: Ferrothorn|atk|1
|turn|1
|
|move|p1a: Landorus-Therian|Stealth Rock|p2a: Ferrothorn
|-sidestart|p2: Fabio96|move: Stealth Rock
|move|p2a: Ferrothorn|Stealth Rock|p1a: Landorus-Therian
|-sidestart|p1: nhart96|move: Stealth Rock
|
|turn|2
|
|switch|p1a: Venusaur|Venusaur, F|353\/353
|-damage|p1a: Venusaur|309\/353|[from] Stealth Rock
|move|p2a: Ferrothorn|Leech Seed|p1a: Venusaur
|-immune|p1a: Venusaur|[msg]
|
|turn|3
|
|switch|p2a: Espeon|Espeon, F|334\/334
|-damage|p2a: Espeon|293\/334|[from] Stealth Rock
|detailschange|p1a: Venusaur|Venusaur-Mega, F
|message|Venusaur has Mega Evolved into Mega Venusaur!
|move|p1a: Venusaur|Sludge Bomb|p2a: Espeon
|-damage|p2a: Espeon|122\/334
|
|turn|4
|
|switch|p1a: Mew|Mew, shiny|403\/403
|-damage|p1a: Mew|353\/403|[from] Stealth Rock
|move|p2a: Espeon|Psychic|p1a: Mew
|-resisted|p1a: Mew
|-damage|p1a: Mew|301\/403
|
|-heal|p1a: Mew|326\/403|[from] item: Leftovers
|turn|5
|
|move|p2a: Espeon|Reflect|p2a: Espeon
|-sidestart|p2: Fabio96|Reflect
|move|p1a: Mew|Knock Off|p2a: Espeon
|-supereffective|p2a: Espeon
|-damage|p2a: Espeon|9\/334
|-enditem|p2a: Espeon|Light Clay|[from] move: Knock Off|[of] p1a: Mew
|
|-heal|p1a: Mew|351\/403|[from] item: Leftovers
|turn|6
|
|move|p2a: Espeon|Light Screen|p2a: Espeon
|-sidestart|p2: Fabio96|move: Light Screen
|move|p1a: Mew|Knock Off|p2a: Espeon
|-supereffective|p2a: Espeon
|-damage|p2a: Espeon|0 fnt
|faint|p2a: Espeon
|
|-heal|p1a: Mew|376\/403|[from] item: Leftovers
|
|switch|p2a: Houndoom|Houndoom, M|292\/292
|-damage|p2a: Houndoom|219\/292|[from] Stealth Rock
|turn|7
|
|detailschange|p2a: Houndoom|Houndoom-Mega, M
|message|Houndoom has Mega Evolved into Mega Houndoom!
|move|p2a: Houndoom|Dark Pulse|p1a: Mew
|-supereffective|p1a: Mew
|-damage|p1a: Mew|122\/403
|move|p1a: Mew|Taunt|p2a: Houndoom
|-start|p2a: Houndoom|move: Taunt
|
|-heal|p1a: Mew|147\/403|[from] item: Leftovers
|turn|8
|
|switch|p1a: Azumarill|Azumarill, F|378\/378
|-damage|p1a: Azumarill|331\/378|[from] Stealth Rock
|move|p2a: Houndoom|Dark Pulse|p1a: Azumarill
|-resisted|p1a: Azumarill
|-damage|p1a: Azumarill|235\/378
|
|turn|9
|
|switch|p2a: Vaporeon|Vaporeon, M|464\/464
|-damage|p2a: Vaporeon|406\/464|[from] Stealth Rock
|move|p1a: Azumarill|Waterfall|p2a: Vaporeon
|-heal|p2a: Vaporeon|464\/464|[from] ability: Water Absorb|[of] p1a: Azumarill
|
|turn|10
|
|switch|p1a: Venusaur|Venusaur-Mega, F|309\/353
|-damage|p1a: Venusaur|265\/353|[from] Stealth Rock
|move|p2a: Vaporeon|Yawn|p1a: Venusaur
|-start|p1a: Venusaur|move: Yawn|[of] p2a: Vaporeon
|
|-sideend|p2: Fabio96|move: Light Screen
|turn|11
|
|switch|p1a: Latias|Latias, F|317\/317
|-damage|p1a: Latias|278\/317|[from] Stealth Rock
|move|p2a: Vaporeon|Scald|p1a: Latias
|-resisted|p1a: Latias
|-damage|p1a: Latias|237\/317
|
|turn|12
|
|move|p1a: Latias|Psyshock|p2a: Vaporeon
|-damage|p2a: Vaporeon|300\/464
|-damage|p1a: Latias|206\/317|[from] item: Life Orb
|move|p2a: Vaporeon|Yawn|p1a: Latias
|-start|p1a: Latias|move: Yawn|[of] p2a: Vaporeon
|
|-heal|p2a: Vaporeon|329\/464|[from] item: Leftovers
|-sideend|p2: Fabio96|Reflect
|turn|13
|
|switch|p1a: Venusaur|Venusaur-Mega, F|265\/353
|-damage|p1a: Venusaur|221\/353|[from] Stealth Rock
|move|p2a: Vaporeon|Yawn|p1a: Venusaur
|-start|p1a: Venusaur|move: Yawn|[of] p2a: Vaporeon
|
|-heal|p2a: Vaporeon|358\/464|[from] item: Leftovers
|turn|14
|
|move|p1a: Venusaur|Giga Drain|p2a: Vaporeon
|-supereffective|p2a: Vaporeon
|-damage|p2a: Vaporeon|76\/464
|-heal|p1a: Venusaur|353\/353|[from] drain|[of] p2a: Vaporeon
|move|p2a: Vaporeon|Yawn|p1a: Venusaur
|-fail|p1a: Venusaur
|
|-status|p1a: Venusaur|slp
|-heal|p2a: Vaporeon|105\/464|[from] item: Leftovers
|turn|15
|
|cant|p1a: Venusaur|slp
|move|p2a: Vaporeon|Wish|p2a: Vaporeon
|
|-heal|p2a: Vaporeon|134\/464|[from] item: Leftovers
|turn|16
|
|switch|p1a: Heatran|Heatran, M|323\/323
|-damage|p1a: Heatran|283\/323|[from] Stealth Rock
|switch|p2a: Houndoom|Houndoom-Mega, M|219\/292
|-damage|p2a: Houndoom|146\/292|[from] Stealth Rock
|
|-heal|p2a: Houndoom|292\/292|[from] move: Wish|[wisher] Vaporeon
|turn|17
|
|move|p1a: Heatran|Earth Power|p2a: Houndoom
|-supereffective|p2a: Houndoom
|-damage|p2a: Houndoom|42\/292
|move|p2a: Houndoom|Dark Pulse|p1a: Heatran
|-damage|p1a: Heatran|130\/323
|
|turn|18
|
|switch|p2a: Ferrothorn|Ferrothorn, M|352\/352
|-damage|p2a: Ferrothorn|330\/352|[from] Stealth Rock
|move|p1a: Heatran|Earth Power|p2a: Ferrothorn
|-damage|p2a: Ferrothorn|245\/352
|
|turn|19
|
|switch|p1a: Venusaur|Venusaur-Mega, F|353\/353 slp
|-damage|p1a: Venusaur|309\/353 slp|[from] Stealth Rock
|move|p2a: Ferrothorn|Leech Seed|p1a: Venusaur
|-immune|p1a: Venusaur|[msg]
|
|turn|20
|
|switch|p2a: Togekiss|Togekiss, M|374\/374
|-damage|p2a: Togekiss|281\/374|[from] Stealth Rock
|cant|p1a: Venusaur|slp
|
|turn|21
|
|switch|p1a: Landorus-Therian|Landorus-Therian, M|379\/379
|-damage|p1a: Landorus-Therian|332\/379|[from] Stealth Rock
|-ability|p1a: Landorus-Therian|Intimidate|[of] p2a: Togekiss
|-unboost|p2a: Togekiss|atk|1
|move|p2a: Togekiss|Thunder Wave|p1a: Landorus-Therian
|-immune|p1a: Landorus-Therian|[msg]
|
|-heal|p1a: Landorus-Therian|355\/379|[from] item: Leftovers
|turn|22
|
|switch|p2a: Vaporeon|Vaporeon, M|134\/464
|-damage|p2a: Vaporeon|76\/464|[from] Stealth Rock
|move|p1a: Landorus-Therian|Stone Edge|p2a: Vaporeon
|-damage|p2a: Vaporeon|0 fnt
|faint|p2a: Vaporeon
|
|-heal|p1a: Landorus-Therian|378\/379|[from] item: Leftovers
|
|switch|p2a: Ferrothorn|Ferrothorn, M|245\/352
|-damage|p2a: Ferrothorn|223\/352|[from] Stealth Rock
|turn|23
|
|move|p1a: Landorus-Therian|Earthquake|p2a: Ferrothorn
|-damage|p2a: Ferrothorn|117\/352
|move|p2a: Ferrothorn|Leech Seed|p1a: Landorus-Therian
|-start|p1a: Landorus-Therian|move: Leech Seed
|
|-heal|p1a: Landorus-Therian|379\/379|[from] item: Leftovers
|-damage|p1a: Landorus-Therian|332\/379|[from] Leech Seed|[of] p2a: Ferrothorn
|-heal|p2a: Ferrothorn|164\/352|[silent]
|turn|24
|
|switch|p1a: Venusaur|Venusaur-Mega, F|309\/353 slp
|-damage|p1a: Venusaur|265\/353 slp|[from] Stealth Rock
|move|p2a: Ferrothorn|Protect|p2a: Ferrothorn
|-fail|p2a: Ferrothorn
|
|turn|25
|
|switch|p2a: Togekiss|Togekiss, M|281\/374
|-damage|p2a: Togekiss|188\/374|[from] Stealth Rock
|-curestatus|p1a: Venusaur|slp
|move|p1a: Venusaur|Sludge Bomb|p2a: Togekiss
|-supereffective|p2a: Togekiss
|-damage|p2a: Togekiss|0 fnt
|faint|p2a: Togekiss
|
|
|switch|p2a: Houndoom|Houndoom-Mega, M|42\/292
|-damage|p2a: Houndoom|0 fnt|[from] Stealth Rock
|faint|p2a: Houndoom
|
|switch|p2a: Dragonite|Dragonite, M|324\/324
|-damage|p2a: Dragonite|243\/324|[from] Stealth Rock
|turn|26
|
|move|p2a: Dragonite|Dragon Dance|p2a: Dragonite
|-boost|p2a: Dragonite|atk|1
|-boost|p2a: Dragonite|spe|1
|move|p1a: Venusaur|Sludge Bomb|p2a: Dragonite
|-damage|p2a: Dragonite|89\/324
|
|turn|27
|
|move|p2a: Dragonite|Dragon Claw|p1a: Venusaur
|-damage|p1a: Venusaur|57\/353
|move|p1a: Venusaur|Sludge Bomb|p2a: Dragonite
|-damage|p2a: Dragonite|0 fnt
|faint|p2a: Dragonite
|
|
|switch|p2a: Ferrothorn|Ferrothorn, M|164\/352
|-damage|p2a: Ferrothorn|142\/352|[from] Stealth Rock
|turn|28
|
|move|p1a: Venusaur|Hidden Power|p2a: Ferrothorn
|-supereffective|p2a: Ferrothorn
|-damage|p2a: Ferrothorn|0 fnt
|faint|p2a: Ferrothorn
|
|win|nhart96
|raw|Ladder updating...
|raw|nhart96's rating: 1396 &rarr; <strong>1417<\/strong><br \/>(+21 for winning)
|raw|Fabio96's rating: 1413 &rarr; <strong>1392<\/strong><br \/>(-21 for losing)
|leave|Fabio96
|player|p2