|join|fabio96
|join|Mexplosi0n
|player|p1|fabio96|163
|player|p2|Mexplosi0n|163
|gametype|singles
|gen|6
|tier|OU
|clearpoke
|poke|p1|Togekiss, M
|poke|p1|Ferrothorn, F
|poke|p1|Dragonite, F
|poke|p1|Conkeldurr, M
|poke|p1|Vaporeon, M
|poke|p1|Houndoom, M
|poke|p2|Salamence, M
|poke|p2|Scizor, F
|poke|p2|Umbreon, F, shiny
|poke|p2|Skarmory, M
|poke|p2|Cloyster, F
|poke|p2|Jolteon, M
|rule|Swagger Clause: Swagger is banned
|rule|Baton Pass Clause: Limit one PokÃ©mon knowing Baton Pass
|rule|Sleep Clause Mod: Limit one foe put to sleep
|rule|Species Clause: Limit one of each PokÃ©mon
|rule|OHKO Clause: OHKO moves are banned
|rule|Moody Clause: Moody is banned
|rule|Evasion Moves Clause: Evasion moves are banned
|rule|Endless Battle Clause: Forcing endless battles is banned
|rule|HP Percentage Mod: HP is shown in percentages
|teampreview
|
|start
|switch|p1a: Vaporeon|Vaporeon, M|464\/464
|switch|p2a: Scizor|Scizor, F|344\/344
|turn|1
|
|detailschange|p2a: Scizor|Scizor-Mega, F
|message|Scizor has Mega Evolved into Mega Scizor!
|move|p1a: Vaporeon|Yawn|p2a: Scizor
|-start|p2a: Scizor|move: Yawn|[of] p1a: Vaporeon
|move|p2a: Scizor|Bug Bite|p1a: Vaporeon
|-damage|p1a: Vaporeon|266\/464
|
|-heal|p1a: Vaporeon|295\/464|[from] item: Leftovers
|turn|2
|
|switch|p2a: Umbreon|Umbreon, F, shiny|394\/394
|move|p1a: Vaporeon|Wish|p1a: Vaporeon
|
|-heal|p1a: Vaporeon|324\/464|[from] item: Leftovers
|turn|3
|
|switch|p2a: Jolteon|Jolteon, M|271\/271
|move|p1a: Vaporeon|Protect|p1a: Vaporeon
|-fail|p1a: Vaporeon
|
|-heal|p1a: Vaporeon|464\/464|[from] move: Wish|[wisher] Vaporeon
|turn|4
|
|move|p1a: Vaporeon|Protect|p1a: Vaporeon
|-singleturn|p1a: Vaporeon|Protect
|move|p2a: Jolteon|Thunderbolt|p1a: Vaporeon
|-activate|p1a: Vaporeon|Protect
|
|turn|5
|
|switch|p1a: Ferrothorn|Ferrothorn, F|352\/352
|move|p2a: Jolteon|Thunderbolt|p1a: Ferrothorn
|-crit|p1a: Ferrothorn
|-resisted|p1a: Ferrothorn
|-damage|p1a: Ferrothorn|223\/352
|
|turn|6
|
|switch|p2a: Salamence|Salamence, M|332\/332
|move|p1a: Ferrothorn|Stealth Rock|p2a: Salamence
|-sidestart|p2: Mexplosi0n|move: Stealth Rock
|
|turn|7
|
|switch|p1a: Togekiss|Togekiss, M|374\/374
|move|p2a: Salamence|Fire Fang|p1a: Togekiss
|-damage|p1a: Togekiss|262\/374
|-status|p1a: Togekiss|brn
|-damage|p2a: Salamence|299\/332|[from] item: Life Orb
|
|-heal|p1a: Togekiss|285\/374 brn|[from] item: Leftovers
|-damage|p1a: Togekiss|239\/374 brn|[from] brn
|turn|8
|
|switch|p2a: Scizor|Scizor-Mega, F|344\/344
|-damage|p2a: Scizor|301\/344|[from] Stealth Rock
|move|p1a: Togekiss|Thunder Wave|p2a: Scizor
|-status|p2a: Scizor|par
|
|-heal|p1a: Togekiss|262\/374 brn|[from] item: Leftovers
|-damage|p1a: Togekiss|216\/374 brn|[from] brn
|turn|9
|
|switch|p1a: Dragonite|Dragonite, F|324\/324
|cant|p2a: Scizor|par
|
|turn|10
|
|switch|p2a: Umbreon|Umbreon, F, shiny|394\/394
|-damage|p2a: Umbreon|345\/394|[from] Stealth Rock
|move|p1a: Dragonite|Fire Punch|p2a: Umbreon
|-crit|p2a: Umbreon
|-damage|p2a: Umbreon|229\/394
|-status|p2a: Umbreon|brn
|-status|p1a: Dragonite|brn
|
|-heal|p2a: Umbreon|253\/394 brn|[from] item: Leftovers
|-damage|p1a: Dragonite|284\/324 brn|[from] brn
|-damage|p2a: Umbreon|204\/394 brn|[from] brn
|turn|11
|
|switch|p1a: Ferrothorn|Ferrothorn, F|223\/352
|move|p2a: Umbreon|Wish|p2a: Umbreon
|
|-heal|p2a: Umbreon|228\/394 brn|[from] item: Leftovers
|-damage|p2a: Umbreon|179\/394 brn|[from] brn
|turn|12
|
|move|p2a: Umbreon|Protect|p2a: Umbreon
|-singleturn|p2a: Umbreon|Protect
|move|p1a: Ferrothorn|Leech Seed|p2a: Umbreon
|-activate|p2a: Umbreon|Protect
|
|-heal|p2a: Umbreon|376\/394 brn|[from] move: Wish|[wisher] Umbreon
|-heal|p2a: Umbreon|394\/394 brn|[from] item: Leftovers
|-damage|p2a: Umbreon|345\/394 brn|[from] brn
|turn|13
|
|switch|p2a: Skarmory|Skarmory, M|334\/334
|-damage|p2a: Skarmory|293\/334|[from] Stealth Rock
|switch|p1a: Houndoom|Houndoom, M|292\/292
|
|turn|14
|
|switch|p2a: Umbreon|Umbreon, F, shiny|345\/394 brn
|-damage|p2a: Umbreon|296\/394 brn|[from] Stealth Rock
|detailschange|p1a: Houndoom|Houndoom-Mega, M
|message|Houndoom has Mega Evolved into Mega Houndoom!
|move|p1a: Houndoom|Flamethrower|p2a: Umbreon
|-damage|p2a: Umbreon|175\/394 brn
|
|-heal|p2a: Umbreon|199\/394 brn|[from] item: Leftovers
|-damage|p2a: Umbreon|150\/394 brn|[from] brn
|turn|15
|
|switch|p1a: Ferrothorn|Ferrothorn, F|223\/352
|move|p2a: Umbreon|Toxic|p1a: Ferrothorn
|-fail|p1a: Ferrothorn
|
|-heal|p2a: Umbreon|174\/394 brn|[from] item: Leftovers
|-damage|p2a: Umbreon|125\/394 brn|[from] brn
|turn|16
|
|move|p2a: Umbreon|Wish|p2a: Umbreon
|move|p1a: Ferrothorn|Leech Seed|p2a: Umbreon
|-start|p2a: Umbreon|move: Leech Seed
|
|-heal|p2a: Umbreon|149\/394 brn|[from] item: Leftovers
|-damage|p2a: Umbreon|100\/394 brn|[from] Leech Seed|[of] p1a: Ferrothorn
|-heal|p1a: Ferrothorn|272\/352|[silent]
|-damage|p2a: Umbreon|51\/394 brn|[from] brn
|turn|17
|
|switch|p1a: Conkeldurr|Conkeldurr, M|414\/414
|move|p2a: Umbreon|Foul Play|p1a: Conkeldurr
|-resisted|p1a: Conkeldurr
|-damage|p1a: Conkeldurr|361\/414
|
|-heal|p2a: Umbreon|248\/394 brn|[from] move: Wish|[wisher] Umbreon
|-heal|p2a: Umbreon|272\/394 brn|[from] item: Leftovers
|-damage|p2a: Umbreon|223\/394 brn|[from] Leech Seed|[of] p1a: Conkeldurr
|-heal|p1a: Conkeldurr|410\/414|[silent]
|-damage|p2a: Umbreon|174\/394 brn|[from] brn
|turn|18
|
|move|p2a: Umbreon|Toxic|p1a: Conkeldurr
|-status|p1a: Conkeldurr|tox
|move|p1a: Conkeldurr|Drain Punch|p2a: Umbreon
|-supereffective|p2a: Umbreon
|-damage|p2a: Umbreon|0 fnt
|-heal|p1a: Conkeldurr|414\/414 tox|[from] drain|[of] p2a: Umbreon
|faint|p2a: Umbreon
|
|-damage|p1a: Conkeldurr|389\/414 tox|[from] psn
|
|switch|p2a: Skarmory|Skarmory, M|293\/334
|-damage|p2a: Skarmory|252\/334|[from] Stealth Rock
|turn|19
|
|move|p2a: Skarmory|Roost|p2a: Skarmory
|-heal|p2a: Skarmory|334\/334
|move|p1a: Conkeldurr|Drain Punch|p2a: Skarmory
|-supereffective|p2a: Skarmory
|-damage|p2a: Skarmory|136\/334
|-heal|p1a: Conkeldurr|414\/414 tox|[from] drain|[of] p2a: Skarmory
|-damage|p1a: Conkeldurr|345\/414 tox|[from] item: Rocky Helmet|[of] p2a: Skarmory
|
|-damage|p1a: Conkeldurr|295\/414 tox|[from] psn
|turn|20
|
|move|p2a: Skarmory|Roost|p2a: Skarmory
|-heal|p2a: Skarmory|303\/334
|move|p1a: Conkeldurr|Drain Punch|p2a: Skarmory
|-supereffective|p2a: Skarmory
|-damage|p2a: Skarmory|109\/334
|-heal|p1a: Conkeldurr|392\/414 tox|[from] drain|[of] p2a: Skarmory
|-damage|p1a: Conkeldurr|323\/414 tox|[from] item: Rocky Helmet|[of] p2a: Skarmory
|
|-damage|p1a: Conkeldurr|248\/414 tox|[from] psn
|turn|21
|
|switch|p1a: Houndoom|Houndoom-Mega, M|292\/292
|move|p2a: Skarmory|Roost|p2a: Skarmory
|-heal|p2a: Skarmory|276\/334
|
|turn|22
|
|switch|p2a: Salamence|Salamence, M|299\/332
|-damage|p2a: Salamence|216\/332|[from] Stealth Rock
|move|p1a: Houndoom|Flamethrower|p2a: Salamence
|-resisted|p2a: Salamence
|-damage|p2a: Salamence|108\/332
|-status|p2a: Salamence|brn
|
|-damage|p2a: Salamence|67\/332 brn|[from] brn
|turn|23
|
|move|p1a: Houndoom|Flamethrower|p2a: Salamence
|-resisted|p2a: Salamence
|-damage|p2a: Salamence|0 fnt
|faint|p2a: Salamence
|
|
|switch|p2a: Jolteon|Jolteon, M|271\/271
|-damage|p2a: Jolteon|238\/271|[from] Stealth Rock
|turn|24
|
|switch|p1a: Ferrothorn|Ferrothorn, F|272\/352
|move|p2a: Jolteon|Thunderbolt|p1a: Ferrothorn
|-resisted|p1a: Ferrothorn
|-damage|p1a: Ferrothorn|186\/352
|-status|p1a: Ferrothorn|par
|
|turn|25
|
|switch|p2a: Cloyster|Cloyster, F|241\/241
|-damage|p2a: Cloyster|181\/241|[from] Stealth Rock
|cant|p1a: Ferrothorn|par
|
|turn|26
|
|move|p2a: Cloyster|Shell Smash|p2a: Cloyster
|-boost|p2a: Cloyster|atk|2
|-boost|p2a: Cloyster|spa|2
|-boost|p2a: Cloyster|spe|2
|-unboost|p2a: Cloyster|def|1
|-unboost|p2a: Cloyster|spd|1
|move|p1a: Ferrothorn|Gyro Ball|p2a: Cloyster
|-damage|p2a: Cloyster|24\/241
|
|turn|27
|
|switch|p1a: Vaporeon|Vaporeon, M|464\/464
|move|p2a: Cloyster|Icicle Spear|p1a: Vaporeon
|-resisted|p1a: Vaporeon
|-damage|p1a: Vaporeon|424\/464
|-resisted|p1a: Vaporeon
|-damage|p1a: Vaporeon|382\/464
|-resisted|p1a: Vaporeon
|-damage|p1a: Vaporeon|343\/464
|-resisted|p1a: Vaporeon
|-damage|p1a: Vaporeon|305\/464
|-resisted|p1a: Vaporeon
|-damage|p1a: Vaporeon|266\/464
|-hitcount|p1a: Vaporeon|5
|
|-heal|p1a: Vaporeon|295\/464|[from] item: Leftovers
|turn|28
|
|move|p1a: Vaporeon|Protect|p1a: Vaporeon
|-singleturn|p1a: Vaporeon|Protect
|move|p2a: Cloyster|Icicle Spear|p1a: Vaporeon
|-activate|p1a: Vaporeon|Protect
|
|-heal|p1a: Vaporeon|324\/464|[from] item: Leftovers
|turn|29
|
|move|p2a: Cloyster|Icicle Spear|p1a: Vaporeon
|-resisted|p1a: Vaporeon
|-damage|p1a: Vaporeon|285\/464
|-resisted|p1a: Vaporeon
|-damage|p1a: Vaporeon|249\/464
|-crit|p1a: Vaporeon
|-resisted|p1a: Vaporeon
|-damage|p1a: Vaporeon|193\/464
|-resisted|p1a: Vaporeon
|-damage|p1a: Vaporeon|153\/464
|-resisted|p1a: Vaporeon
|-damage|p1a: Vaporeon|117\/464
|-hitcount|p1a: Vaporeon|5
|move|p1a: Vaporeon|Scald|p2a: Cloyster
|-resisted|p2a: Cloyster
|-damage|p2a: Cloyster|0 fnt
|faint|p2a: Cloyster
|
|-heal|p1a: Vaporeon|146\/464|[from] item: Leftovers
|
|switch|p2a: Scizor|Scizor-Mega, F|301\/344 par
|-damage|p2a: Scizor|258\/344 par|[from] Stealth Rock
|turn|30
|
|switch|p1a: Dragonite|Dragonite, F|284\/324 brn
|move|p2a: Scizor|Bug Bite|p1a: Dragonite
|-resisted|p1a: Dragonite
|-damage|p1a: Dragonite|175\/324 brn
|
|-damage|p1a: Dragonite|135\/324 brn|[from] brn
|turn|31
|
|move|p2a: Scizor|Bullet Punch|p1a: Dragonite
|-damage|p1a: Dragonite|2\/324 brn
|move|p1a: Dragonite|Fire Punch|p2a: Scizor
|-supereffective|p2a: Scizor
|-damage|p2a: Scizor|102\/344 par
|
|-damage|p1a: Dragonite|0 fnt|[from] brn
|faint|p1a: Dragonite
|
|switch|p1a: Houndoom|Houndoom-Mega, M|292\/292
|turn|32
|
|switch|p2a: Jolteon|Jolteon, M|238\/271
|-damage|p2a: Jolteon|205\/271|[from] Stealth Rock
|move|p1a: Houndoom|Flamethrower|p2a: Jolteon
|-damage|p2a: Jolteon|19\/271
|
|turn|33
|
|switch|p1a: Ferrothorn|Ferrothorn, F|186\/352 par
|move|p2a: Jolteon|Thunderbolt|p1a: Ferrothorn
|-resisted|p1a: Ferrothorn
|-damage|p1a: Ferrothorn|101\/352 par
|
|turn|34
|
|switch|p2a: Skarmory|Skarmory, M|276\/334
|-damage|p2a: Skarmory|235\/334|[from] Stealth Rock
|move|p1a: Ferrothorn|Leech Seed|p2a: Skarmory
|-start|p2a: Skarmory|move: Leech Seed
|
|-damage|p2a: Skarmory|194\/334|[from] Leech Seed|[of] p1a: Ferrothorn
|-heal|p1a: Ferrothorn|142\/352 par|[silent]
|turn|35
|
|switch|p1a: Houndoom|Houndoom-Mega, M|292\/292
|move|p2a: Skarmory|Stealth Rock|p1a: Houndoom
|-sidestart|p1: fabio96|move: Stealth Rock
|
|-damage|p2a: Skarmory|153\/334|[from] Leech Seed|[of] p1a: Houndoom
|turn|36
|
|move|p1a: Houndoom|Flamethrower|p2a: Skarmory
|-supereffective|p2a: Skarmory
|-damage|p2a: Skarmory|0 fnt
|faint|p2a: Skarmory
|
|
|switch|p2a: Jolteon|Jolteon, M|19\/271
|-damage|p2a: Jolteon|0 fnt|[from] Stealth Rock
|faint|p2a: Jolteon
|
|switch|p2a: Scizor|Scizor-Mega, F|102\/344 par
|-damage|p2a: Scizor|59\/344 par|[from] Stealth Rock
|turn|37
|
|move|p2a: Scizor|Bullet Punch|p1a: Houndoom
|-resisted|p1a: Houndoom
|-damage|p1a: Houndoom|226\/292
|move|p1a: Houndoom|Flamethrower|p2a: Scizor
|-supereffective|p2a: Scizor
|-damage|p2a: Scizor|0 fnt
|faint|p2a: Scizor
|
|win|fabio96