|join|Jbjuggernaut
|join|fabio96
|player|p1|Jbjuggernaut|247
|player|p2|fabio96|1
|gametype|singles
|gen|6
|tier|OU
|rated
|clearpoke
|poke|p1|Sceptile, M
|poke|p1|Azumarill, M
|poke|p1|Heatran, M
|poke|p1|Conkeldurr, F
|poke|p1|Mandibuzz, F
|poke|p1|Sylveon, F
|poke|p2|Greninja, M
|poke|p2|Zapdos
|poke|p2|Bisharp, M
|poke|p2|Pinsir, M
|poke|p2|Heatran, F
|poke|p2|Rotom-Wash
|rule|Swagger Clause: Swagger is banned
|rule|Baton Pass Clause: Limit one PokÃ©mon knowing Baton Pass
|rule|Sleep Clause Mod: Limit one foe put to sleep
|rule|Species Clause: Limit one of each PokÃ©mon
|rule|OHKO Clause: OHKO moves are banned
|rule|Moody Clause: Moody is banned
|rule|Evasion Moves Clause: Evasion moves are banned
|rule|Endless Battle Clause: Forcing endless battles is banned
|rule|HP Percentage Mod: HP is shown in percentages
|teampreview
|
|start
|switch|p1a: Conkeldurr|Conkeldurr, F|414\/414
|switch|p2a: Greninja|Greninja, M|286\/286
|turn|1
|
|move|p2a: Greninja|U-turn|p1a: Conkeldurr
|-start|p2a: Greninja|typechange|Bug|[from] Protean
|-resisted|p1a: Conkeldurr
|-damage|p1a: Conkeldurr|363\/414
|-damage|p2a: Greninja|258\/286|[from] item: Life Orb
|
|switch|p2a: Rotom-Wash|Rotom-Wash|304\/304
|move|p1a: Conkeldurr|Knock Off|p2a: Rotom-Wash
|-damage|p2a: Rotom-Wash|209\/304
|-enditem|p2a: Rotom-Wash|Leftovers|[from] move: Knock Off|[of] p1a: Conkeldurr
|
|turn|2
|
|move|p2a: Rotom-Wash|Will-O-Wisp|p1a: Conkeldurr
|-status|p1a: Conkeldurr|brn
|move|p1a: Conkeldurr|Drain Punch|p2a: Rotom-Wash
|-damage|p2a: Rotom-Wash|46\/304
|-heal|p1a: Conkeldurr|414\/414 brn|[from] drain|[of] p2a: Rotom-Wash
|
|-damage|p1a: Conkeldurr|363\/414 brn|[from] brn
|turn|3
|
|move|p1a: Conkeldurr|Mach Punch|p2a: Rotom-Wash
|-damage|p2a: Rotom-Wash|0 fnt
|faint|p2a: Rotom-Wash
|
|-damage|p1a: Conkeldurr|312\/414 brn|[from] brn
|
|switch|p2a: Pinsir|Pinsir, M|272\/272
|turn|4
|
|switch|p1a: Mandibuzz|Mandibuzz, F|424\/424
|detailschange|p2a: Pinsir|Pinsir-Mega, M
|message|Pinsir has Mega Evolved into Mega Pinsir!
|move|p2a: Pinsir|Quick Attack|p1a: Mandibuzz
|-damage|p1a: Mandibuzz|343\/424
|-damage|p2a: Pinsir|227\/272|[from] item: Rocky Helmet|[of] p1a: Mandibuzz
|
|turn|5
|
|switch|p2a: Zapdos|Zapdos|384\/384
|-ability|p2a: Zapdos|Pressure
|switch|p1a: Sceptile|Sceptile, M|281\/281
|
|turn|6
|
|switch|p2a: Heatran|Heatran, F|386\/386
|-item|p2a: Heatran|Air Balloon
|detailschange|p1a: Sceptile|Sceptile-Mega, M
|message|Sceptile has Mega Evolved into Mega Sceptile!
|move|p1a: Sceptile|Substitute|p1a: Sceptile
|-start|p1a: Sceptile|Substitute
|-damage|p1a: Sceptile|211\/281
|
|turn|7
|
|move|p1a: Sceptile|Focus Blast|p2a: Heatran
|-supereffective|p2a: Heatran
|-damage|p2a: Heatran|178\/386
|-enditem|p2a: Heatran|Air Balloon
|move|p2a: Heatran|Lava Plume|p1a: Sceptile
|-end|p1a: Sceptile|Substitute
|
|turn|8
|
|move|p1a: Sceptile|Substitute|p1a: Sceptile
|-start|p1a: Sceptile|Substitute
|-damage|p1a: Sceptile|141\/281
|move|p2a: Heatran|Lava Plume|p1a: Sceptile
|-end|p1a: Sceptile|Substitute
|
|turn|9
|
|switch|p1a: Heatran|Heatran, M|386\/386
|-item|p1a: Heatran|Air Balloon
|move|p2a: Heatran|Lava Plume|p1a: Heatran
|-start|p1a: Heatran|ability: Flash Fire
|
|turn|10
|
|switch|p2a: Greninja|Greninja, M|258\/286
|move|p1a: Heatran|Stealth Rock|p2a: Greninja
|-sidestart|p2: fabio96|move: Stealth Rock
|
|turn|11
|
|move|p2a: Greninja|Dark Pulse|p1a: Heatran
|-start|p2a: Greninja|typechange|Dark|[from] Protean
|-damage|p1a: Heatran|240\/386
|-enditem|p1a: Heatran|Air Balloon
|-damage|p2a: Greninja|230\/286|[from] item: Life Orb
|move|p1a: Heatran|Lava Plume|p2a: Greninja
|-damage|p2a: Greninja|0 fnt
|faint|p2a: Greninja
|
|
|switch|p2a: Zapdos|Zapdos|384\/384
|-damage|p2a: Zapdos|288\/384|[from] Stealth Rock
|-ability|p2a: Zapdos|Pressure
|turn|12
|
|switch|p1a: Sylveon|Sylveon, F|394\/394
|move|p2a: Zapdos|Defog|p1a: Sylveon
|-unboost|p1a: Sylveon|evasion|1
|-sideend|p2: fabio96|Stealth Rock|[from] move: Defog|[of] p2a: Zapdos
|
|-heal|p2a: Zapdos|312\/384|[from] item: Leftovers
|turn|13
|
|switch|p2a: Bisharp|Bisharp, M|272\/272
|move|p1a: Sylveon|Wish|p1a: Sylveon
|
|turn|14
|
|switch|p1a: Mandibuzz|Mandibuzz, F|343\/424
|move|p2a: Bisharp|Swords Dance|p2a: Bisharp
|-boost|p2a: Bisharp|atk|2
|
|-heal|p1a: Mandibuzz|424\/424|[from] move: Wish|[wisher] Sylveon
|turn|15
|
|move|p2a: Bisharp|Taunt|p1a: Mandibuzz
|-start|p1a: Mandibuzz|move: Taunt
|move|p1a: Mandibuzz|Foul Play|p2a: Bisharp
|-resisted|p2a: Bisharp
|-damage|p2a: Bisharp|104\/272
|
|turn|16
|
|move|p2a: Bisharp|Iron Head|p1a: Mandibuzz
|-damage|p1a: Mandibuzz|211\/424
|-damage|p2a: Bisharp|59\/272|[from] item: Rocky Helmet|[of] p1a: Mandibuzz
|move|p1a: Mandibuzz|Foul Play|p2a: Bisharp
|-resisted|p2a: Bisharp
|-damage|p2a: Bisharp|0 fnt
|faint|p2a: Bisharp
|
|
|switch|p2a: Zapdos|Zapdos|312\/384
|-ability|p2a: Zapdos|Pressure
|turn|17
|
|switch|p1a: Sceptile|Sceptile-Mega, M|141\/281
|move|p2a: Zapdos|Thunderbolt|p1a: Sceptile
|-boost|p1a: Sceptile|spa|1|[from] ability: Lightning Rod
|
|-heal|p2a: Zapdos|336\/384|[from] item: Leftovers
|turn|18
|-message|fabio96 forfeited.
|leave|fabio96
|
|win|Jbjuggernaut
|raw|Ladder updating...
|player|p2
|raw|Jbjuggernaut's rating: 1474 &rarr; <strong>1489<\/strong><br \/>(+15 for winning)
|raw|fabio96's rating: 1390 &rarr; <strong>1375<\/strong><br \/>(-15 for losing)