|join|Fabio96
|join|steainer
|player|p1|Fabio96|153
|player|p2|steainer|144
|gametype|singles
|gen|6
|tier|OU
|rated
|clearpoke
|poke|p1|Garchomp, M
|poke|p1|Thundurus, M
|poke|p1|Gardevoir, M
|poke|p1|Bisharp, F
|poke|p1|Scizor, M
|poke|p1|Latias, F
|poke|p2|Lopunny, F
|poke|p2|Rotom-Wash
|poke|p2|Heatran, F
|poke|p2|Azumarill, F
|poke|p2|Diggersby, M
|poke|p2|Latios, M
|rule|Swagger Clause: Swagger is banned
|rule|Baton Pass Clause: Limit one PokÃ©mon knowing Baton Pass
|rule|Sleep Clause Mod: Limit one foe put to sleep
|rule|Species Clause: Limit one of each PokÃ©mon
|rule|OHKO Clause: OHKO moves are banned
|rule|Moody Clause: Moody is banned
|rule|Evasion Moves Clause: Evasion moves are banned
|rule|Endless Battle Clause: Forcing endless battles is banned
|rule|HP Percentage Mod: HP is shown in percentages
|teampreview
|
|start
|switch|p1a: Latias|Latias, F|319\/319
|switch|p2a: Azumarill|Azumarill, F|404\/404
|turn|1
|
|move|p1a: Latias|Energy Ball|p2a: Azumarill
|-crit|p2a: Azumarill
|-supereffective|p2a: Azumarill
|-damage|p2a: Azumarill|4\/404
|-damage|p1a: Latias|288\/319|[from] item: Life Orb
|-enditem|p2a: Azumarill|Sitrus Berry|[eat]
|-heal|p2a: Azumarill|105\/404|[from] item: Sitrus Berry
|move|p2a: Azumarill|Knock Off|p1a: Latias
|-crit|p1a: Latias
|-supereffective|p1a: Latias
|-damage|p1a: Latias|0 fnt
|-enditem|p1a: Latias|Life Orb|[from] move: Knock Off|[of] p2a: Azumarill
|faint|p1a: Latias
|
|
|switch|p1a: Scizor|Scizor, M|344\/344
|turn|2
|
|switch|p2a: Rotom-Wash|Rotom-Wash|304\/304
|move|p1a: Scizor|Superpower|p2a: Rotom-Wash
|-damage|p2a: Rotom-Wash|122\/304
|-unboost|p1a: Scizor|atk|1
|-unboost|p1a: Scizor|def|1
|
|turn|3
|
|switch|p1a: Gardevoir|Gardevoir, M|278\/278
|-ability|p1a: Gardevoir|Levitate|[from] ability: Trace|[of] p2a: Rotom-Wash
|move|p2a: Rotom-Wash|Volt Switch|p1a: Gardevoir
|-damage|p1a: Gardevoir|196\/278
|
|switch|p2a: Lopunny|Lopunny, F|271\/271
|
|turn|4
|
|switch|p1a: Garchomp|Garchomp, M|420\/420
|detailschange|p2a: Lopunny|Lopunny-Mega, F
|-mega|p2a: Lopunny|Lopunny|Lopunnite
|move|p2a: Lopunny|Frustration|p1a: Garchomp
|-damage|p1a: Garchomp|282\/420
|-damage|p2a: Lopunny|238\/271|[from] ability: Rough Skin|[of] p1a: Garchomp
|-damage|p2a: Lopunny|193\/271|[from] item: Rocky Helmet|[of] p1a: Garchomp
|
|turn|5
|
|switch|p2a: Azumarill|Azumarill, F|105\/404
|move|p1a: Garchomp|Earthquake|p2a: Azumarill
|-damage|p2a: Azumarill|0 fnt
|faint|p2a: Azumarill
|
|
|switch|p2a: Rotom-Wash|Rotom-Wash|122\/304
|turn|6
|
|move|p1a: Garchomp|Stealth Rock|p2a: Rotom-Wash
|-sidestart|p2: steainer|move: Stealth Rock
|move|p2a: Rotom-Wash|Will-O-Wisp|p1a: Garchomp
|-status|p1a: Garchomp|brn
|
|-damage|p1a: Garchomp|230\/420 brn|[from] brn
|turn|7
|
|switch|p1a: Gardevoir|Gardevoir, M|196\/278
|-ability|p1a: Gardevoir|Levitate|[from] ability: Trace|[of] p2a: Rotom-Wash
|move|p2a: Rotom-Wash|Rest|p2a: Rotom-Wash
|-status|p2a: Rotom-Wash|slp
|-heal|p2a: Rotom-Wash|304\/304 slp|[silent]
|-status|p2a: Rotom-Wash|slp|[from] move: Rest
|-enditem|p2a: Rotom-Wash|Chesto Berry|[eat]
|-curestatus|p2a: Rotom-Wash|slp
|
|turn|8
|
|detailschange|p1a: Gardevoir|Gardevoir-Mega, M
|-mega|p1a: Gardevoir|Gardevoir|Gardevoirite
|move|p1a: Gardevoir|Hyper Voice|p2a: Rotom-Wash
|-damage|p2a: Rotom-Wash|60\/304
|move|p2a: Rotom-Wash|Volt Switch|p1a: Gardevoir
|-damage|p1a: Gardevoir|133\/278
|
|switch|p2a: Lopunny|Lopunny-Mega, F|193\/271
|-damage|p2a: Lopunny|177\/271|[from] Stealth Rock
|
|turn|9
|
|switch|p1a: Garchomp|Garchomp, M|230\/420 brn
|move|p2a: Lopunny|Substitute|p2a: Lopunny
|-start|p2a: Lopunny|Substitute
|-damage|p2a: Lopunny|110\/271
|
|-damage|p1a: Garchomp|178\/420 brn|[from] brn
|turn|10
|
|move|p2a: Lopunny|Drain Punch|p1a: Garchomp
|-damage|p1a: Garchomp|75\/420 brn
|-heal|p2a: Lopunny|162\/271|[from] drain|[of] p1a: Garchomp
|-damage|p2a: Lopunny|129\/271|[from] ability: Rough Skin|[of] p1a: Garchomp
|-damage|p2a: Lopunny|84\/271|[from] item: Rocky Helmet|[of] p1a: Garchomp
|move|p1a: Garchomp|Hidden Power|p2a: Lopunny
|-crit|p2a: Lopunny
|-activate|p2a: Lopunny|Substitute|[damage]
|
|-damage|p1a: Garchomp|23\/420 brn|[from] brn
|turn|11
|
|move|p2a: Lopunny|Power-Up Punch|p1a: Garchomp
|-damage|p1a: Garchomp|0 fnt
|-damage|p2a: Lopunny|51\/271|[from] ability: Rough Skin|[of] p1a: Garchomp
|-damage|p2a: Lopunny|6\/271|[from] item: Rocky Helmet|[of] p1a: Garchomp
|-boost|p2a: Lopunny|atk|1
|faint|p1a: Garchomp
|
|
|switch|p1a: Scizor|Scizor, M|344\/344
|turn|12
|
|move|p1a: Scizor|Bullet Punch|p2a: Lopunny
|-end|p2a: Lopunny|Substitute
|move|p2a: Lopunny|Drain Punch|p1a: Scizor
|-damage|p1a: Scizor|140\/344
|-heal|p2a: Lopunny|108\/271|[from] drain|[of] p1a: Scizor
|
|turn|13
|
|switch|p2a: Heatran|Heatran, F|386\/386
|-damage|p2a: Heatran|338\/386|[from] Stealth Rock
|move|p1a: Scizor|Bullet Punch|p2a: Heatran
|-crit|p2a: Heatran
|-resisted|p2a: Heatran
|-damage|p2a: Heatran|279\/386
|
|-heal|p2a: Heatran|303\/386|[from] item: Leftovers
|turn|14
|
|switch|p1a: Thundurus|Thundurus, M|299\/299
|move|p2a: Heatran|Lava Plume|p1a: Thundurus
|-damage|p1a: Thundurus|140\/299
|-status|p1a: Thundurus|brn
|
|-heal|p2a: Heatran|327\/386|[from] item: Leftovers
|-damage|p1a: Thundurus|103\/299 brn|[from] brn
|turn|15
|
|move|p1a: Thundurus|Superpower|p2a: Heatran
|-supereffective|p2a: Heatran
|-damage|p2a: Heatran|187\/386
|-unboost|p1a: Thundurus|atk|1
|-unboost|p1a: Thundurus|def|1
|-damage|p1a: Thundurus|74\/299 brn|[from] item: Life Orb
|move|p2a: Heatran|Stealth Rock|p1a: Thundurus
|-sidestart|p1: Fabio96|move: Stealth Rock
|
|-heal|p2a: Heatran|211\/386|[from] item: Leftovers
|-damage|p1a: Thundurus|37\/299 brn|[from] brn
|turn|16
|
|move|p1a: Thundurus|Thunderbolt|p2a: Heatran
|-damage|p2a: Heatran|71\/386
|-damage|p1a: Thundurus|8\/299 brn|[from] item: Life Orb
|move|p2a: Heatran|Lava Plume|p1a: Thundurus
|-damage|p1a: Thundurus|0 fnt
|faint|p1a: Thundurus
|
|-heal|p2a: Heatran|95\/386|[from] item: Leftovers
|
|switch|p1a: Gardevoir|Gardevoir-Mega, M|133\/278
|-damage|p1a: Gardevoir|99\/278|[from] Stealth Rock
|turn|17
|
|move|p1a: Gardevoir|Hidden Power|p2a: Heatran
|-supereffective|p2a: Heatran
|-damage|p2a: Heatran|0 fnt
|faint|p2a: Heatran
|
|
|switch|p2a: Lopunny|Lopunny-Mega, F|108\/271
|-damage|p2a: Lopunny|92\/271|[from] Stealth Rock
|turn|18
|
|move|p2a: Lopunny|Frustration|p1a: Gardevoir
|-damage|p1a: Gardevoir|0 fnt
|faint|p1a: Gardevoir
|
|
|switch|p1a: Scizor|Scizor, M|140\/344
|-damage|p1a: Scizor|97\/344|[from] Stealth Rock
|turn|19
|
|move|p1a: Scizor|Bullet Punch|p2a: Lopunny
|-damage|p2a: Lopunny|0 fnt
|faint|p2a: Lopunny
|
|
|switch|p2a: Rotom-Wash|Rotom-Wash|60\/304
|-damage|p2a: Rotom-Wash|22\/304|[from] Stealth Rock
|turn|20
|
|move|p1a: Scizor|Bullet Punch|p2a: Rotom-Wash
|-resisted|p2a: Rotom-Wash
|-damage|p2a: Rotom-Wash|0 fnt
|faint|p2a: Rotom-Wash
|
|
|switch|p2a: Latios|Latios, M|301\/301
|-damage|p2a: Latios|264\/301|[from] Stealth Rock
|turn|21
|
|move|p1a: Scizor|Bullet Punch|p2a: Latios
|-damage|p2a: Latios|35\/301
|move|p2a: Latios|Hidden Power|p1a: Scizor
|-supereffective|p1a: Scizor
|-damage|p1a: Scizor|0 fnt
|faint|p1a: Scizor
|
|
|switch|p1a: Bisharp|Bisharp, F|272\/272
|-damage|p1a: Bisharp|255\/272|[from] Stealth Rock
|turn|22
|
|move|p1a: Bisharp|Sucker Punch|p2a: Latios
|-supereffective|p2a: Latios
|-damage|p2a: Latios|0 fnt
|-damage|p1a: Bisharp|228\/272|[from] item: Life Orb
|faint|p2a: Latios
|
|
|switch|p2a: Diggersby|Diggersby, M|312\/312
|-damage|p2a: Diggersby|293\/312|[from] Stealth Rock
|turn|23
|
|move|p1a: Bisharp|Sucker Punch|p2a: Diggersby
|-damage|p2a: Diggersby|51\/312
|-damage|p1a: Bisharp|201\/272|[from] item: Life Orb
|move|p2a: Diggersby|Earthquake|p1a: Bisharp
|-supereffective|p1a: Bisharp
|-damage|p1a: Bisharp|0 fnt
|-damage|p2a: Diggersby|20\/312|[from] item: Life Orb
|faint|p1a: Bisharp
|
|win|steainer
|raw|Ladder updating...
|raw|Fabio96's rating: 1445 &rarr; <strong>1427<\/strong><br \/>(-18 for losing)
|raw|steainer's rating: 1476 &rarr; <strong>1495<\/strong><br \/>(+19 for winning)
|c|âsteainer|gg