|join|Failed Nirvana
|join|The Sinex
|player|p1|Failed Nirvana|221
|player|p2|The Sinex|52
|gametype|singles
|gen|6
|tier|UU
|rated
|rule|Sleep Clause Mod: Limit one foe put to sleep
|rule|Species Clause: Limit one of each PokÃ©mon
|rule|OHKO Clause: OHKO moves are banned
|rule|Moody Clause: Moody is banned
|rule|Evasion Moves Clause: Evasion moves are banned
|rule|Endless Battle Clause: Forcing endless battles is banned
|rule|HP Percentage Mod: HP is shown in percentages
|clearpoke
|poke|p1|Spiritomb, M
|poke|p1|Aggron, M
|poke|p1|Nidoqueen, F
|poke|p1|Florges, F
|poke|p1|Starmie
|poke|p1|Infernape, M
|poke|p2|Cresselia, F
|poke|p2|Celebi
|poke|p2|Kyurem
|poke|p2|Jirachi
|poke|p2|Raikou
|poke|p2|Aggron, M
|rule|Swagger Clause: Swagger is banned
|rule|Baton Pass Clause: Limit one PokÃ©mon knowing Baton Pass
|teampreview
|
|start
|switch|p1a: Infernape|Infernape, M|293\/293
|switch|p2a: Aggron|Aggron, M|318\/318
|turn|1
|
|detailschange|p2a: Aggron|Aggron-Mega, M
|message|Aggron has Mega Evolved into Mega Aggron!
|move|p1a: Infernape|U-turn|p2a: Aggron
|-resisted|p2a: Aggron
|-damage|p2a: Aggron|301\/318
|
|switch|p1a: Nidoqueen|Nidoqueen, F|384\/384
|move|p2a: Aggron|Earthquake|p1a: Nidoqueen
|-supereffective|p1a: Nidoqueen
|-damage|p1a: Nidoqueen|140\/384
|
|-heal|p1a: Nidoqueen|164\/384|[from] item: Black Sludge
|turn|2
|
|switch|p1a: Florges|Florges, F|360\/360
|move|p2a: Aggron|Earthquake|p1a: Florges
|-damage|p1a: Florges|249\/360
|
|-heal|p1a: Florges|271\/360|[from] item: Leftovers
|turn|3
|
|switch|p1a: Aggron|Aggron, M|344\/344
|move|p2a: Aggron|Heavy Slam|p1a: Aggron
|-damage|p1a: Aggron|311\/344
|
|turn|4
|
|detailschange|p1a: Aggron|Aggron-Mega, M
|message|Aggron has Mega Evolved into Mega Aggron!
|move|p2a: Aggron|Earthquake|p1a: Aggron
|-supereffective|p1a: Aggron
|-damage|p1a: Aggron|238\/344
|move|p1a: Aggron|Dragon Tail|p2a: Aggron
|-resisted|p2a: Aggron
|-damage|p2a: Aggron|288\/318
|drag|p2a: Kyurem|Kyurem|391\/391
|-ability|p2a: Kyurem|Pressure
|
|turn|5
|
|move|p2a: Kyurem|Earth Power|p1a: Aggron
|-supereffective|p1a: Aggron
|-damage|p1a: Aggron|108\/344
|move|p1a: Aggron|Heavy Slam|p2a: Kyurem
|-supereffective|p2a: Kyurem
|-damage|p2a: Kyurem|247\/391
|
|turn|6
|
|switch|p1a: Florges|Florges, F|271\/360
|move|p2a: Kyurem|Earth Power|p1a: Florges
|-damage|p1a: Florges|204\/360
|
|-heal|p1a: Florges|226\/360|[from] item: Leftovers
|turn|7
|
|switch|p2a: Jirachi|Jirachi|404\/404
|move|p1a: Florges|Wish|p1a: Florges
|
|-heal|p1a: Florges|248\/360|[from] item: Leftovers
|turn|8
|
|switch|p1a: Nidoqueen|Nidoqueen, F|164\/384
|move|p2a: Jirachi|Cosmic Power|p2a: Jirachi
|-boost|p2a: Jirachi|def|1
|-boost|p2a: Jirachi|spd|1
|
|-heal|p1a: Nidoqueen|344\/384|[from] move: Wish|[wisher] Florges
|-heal|p1a: Nidoqueen|368\/384|[from] item: Black Sludge
|turn|9
|
|move|p2a: Jirachi|Cosmic Power|p2a: Jirachi
|-boost|p2a: Jirachi|def|1
|-boost|p2a: Jirachi|spd|1
|move|p1a: Nidoqueen|Earth Power|p2a: Jirachi
|-supereffective|p2a: Jirachi
|-damage|p2a: Jirachi|258\/404
|
|-heal|p2a: Jirachi|283\/404|[from] item: Leftovers
|-heal|p1a: Nidoqueen|384\/384|[from] item: Black Sludge
|turn|10
|
|switch|p1a: Aggron|Aggron-Mega, M|108\/344
|move|p2a: Jirachi|Body Slam|p1a: Aggron
|-resisted|p1a: Aggron
|-damage|p1a: Aggron|94\/344
|
|-heal|p2a: Jirachi|308\/404|[from] item: Leftovers
|turn|11
|
|move|p2a: Jirachi|Cosmic Power|p2a: Jirachi
|-boost|p2a: Jirachi|def|1
|-boost|p2a: Jirachi|spd|1
|move|p1a: Aggron|Rest|p1a: Aggron
|-status|p1a: Aggron|slp
|-heal|p1a: Aggron|344\/344 slp|[silent]
|-status|p1a: Aggron|slp|[from] move: Rest
|
|-heal|p2a: Jirachi|333\/404|[from] item: Leftovers
|turn|12
|
|switch|p2a: Celebi|Celebi|342\/342
|cant|p1a: Aggron|slp
|move|p1a: Aggron|Sleep Talk|p1a: Aggron
|move|p1a: Aggron|Dragon Tail|p2a: Celebi|[from]Sleep Talk
|-damage|p2a: Celebi|280\/342
|drag|p2a: Jirachi|Jirachi|333\/404
|
|-heal|p2a: Jirachi|358\/404|[from] item: Leftovers
|turn|13
|
|switch|p2a: Raikou|Raikou|322\/322
|-ability|p2a: Raikou|Pressure
|cant|p1a: Aggron|slp
|move|p1a: Aggron|Sleep Talk|p1a: Aggron
|move|p1a: Aggron|Dragon Tail|p2a: Raikou|[from]Sleep Talk
|-damage|p2a: Raikou|247\/322
|drag|p2a: Kyurem|Kyurem|247\/391
|-ability|p2a: Kyurem|Pressure
|
|turn|14
|
|move|p2a: Kyurem|Ice Beam|p1a: Aggron
|-resisted|p1a: Aggron
|-damage|p1a: Aggron|279\/344 slp
|-curestatus|p1a: Aggron|slp
|move|p1a: Aggron|Heavy Slam|p2a: Kyurem
|-supereffective|p2a: Kyurem
|-damage|p2a: Kyurem|85\/391
|
|turn|15
|
|switch|p2a: Cresselia|Cresselia, F|444\/444
|move|p1a: Aggron|Dragon Tail|p2a: Cresselia
|-damage|p2a: Cresselia|400\/444
|-damage|p1a: Aggron|222\/344|[from] item: Rocky Helmet|[of] p2a: Cresselia
|drag|p2a: Jirachi|Jirachi|358\/404
|
|-heal|p2a: Jirachi|383\/404|[from] item: Leftovers
|turn|16
|
|switch|p2a: Cresselia|Cresselia, F|400\/444
|move|p1a: Aggron|Dragon Tail|p2a: Cresselia
|-damage|p2a: Cresselia|357\/444
|-damage|p1a: Aggron|165\/344|[from] item: Rocky Helmet|[of] p2a: Cresselia
|drag|p2a: Jirachi|Jirachi|383\/404
|
|-heal|p2a: Jirachi|404\/404|[from] item: Leftovers
|turn|17
|
|switch|p2a: Cresselia|Cresselia, F|357\/444
|switch|p1a: Infernape|Infernape, M|293\/293
|
|turn|18
|
|move|p1a: Infernape|U-turn|p2a: Cresselia
|-supereffective|p2a: Cresselia
|-damage|p2a: Cresselia|257\/444
|-damage|p1a: Infernape|245\/293|[from] item: Rocky Helmet|[of] p2a: Cresselia
|
|switch|p1a: Spiritomb|Spiritomb, M|304\/304
|move|p2a: Cresselia|Moonblast|p1a: Spiritomb
|-supereffective|p1a: Spiritomb
|-damage|p1a: Spiritomb|200\/304
|
|-heal|p1a: Spiritomb|219\/304|[from] item: Leftovers
|turn|19
|
|switch|p2a: Aggron|Aggron-Mega, M|288\/318
|move|p1a: Spiritomb|Calm Mind|p1a: Spiritomb
|-boost|p1a: Spiritomb|spa|1
|-boost|p1a: Spiritomb|spd|1
|
|-heal|p1a: Spiritomb|238\/304|[from] item: Leftovers
|turn|20
|
|move|p2a: Aggron|Toxic|p1a: Spiritomb|[miss]
|-miss|p2a: Aggron|p1a: Spiritomb
|move|p1a: Spiritomb|Calm Mind|p1a: Spiritomb
|-boost|p1a: Spiritomb|spa|1
|-boost|p1a: Spiritomb|spd|1
|
|-heal|p1a: Spiritomb|257\/304|[from] item: Leftovers
|turn|21
|
|move|p2a: Aggron|Toxic|p1a: Spiritomb
|-status|p1a: Spiritomb|tox
|move|p1a: Spiritomb|Calm Mind|p1a: Spiritomb
|-boost|p1a: Spiritomb|spa|1
|-boost|p1a: Spiritomb|spd|1
|
|-heal|p1a: Spiritomb|276\/304 tox|[from] item: Leftovers
|-damage|p1a: Spiritomb|257\/304 tox|[from] psn
|turn|22
|
|move|p2a: Aggron|Heavy Slam|p1a: Spiritomb
|-damage|p1a: Spiritomb|163\/304 tox
|move|p1a: Spiritomb|Calm Mind|p1a: Spiritomb
|-boost|p1a: Spiritomb|spa|1
|-boost|p1a: Spiritomb|spd|1
|
|-heal|p1a: Spiritomb|182\/304 tox|[from] item: Leftovers
|-damage|p1a: Spiritomb|144\/304 tox|[from] psn
|turn|23
|
|move|p2a: Aggron|Heavy Slam|p1a: Spiritomb
|-damage|p1a: Spiritomb|50\/304 tox
|move|p1a: Spiritomb|Rest|p1a: Spiritomb
|-status|p1a: Spiritomb|slp
|-heal|p1a: Spiritomb|304\/304 slp|[silent]
|-status|p1a: Spiritomb|slp|[from] move: Rest
|
|turn|24
|
|switch|p2a: Celebi|Celebi|280\/342
|cant|p1a: Spiritomb|slp
|move|p1a: Spiritomb|Sleep Talk|p1a: Spiritomb
|move|p1a: Spiritomb|Calm Mind|p1a: Spiritomb|[from]Sleep Talk
|-boost|p1a: Spiritomb|spa|1
|-boost|p1a: Spiritomb|spd|1
|
|-heal|p2a: Celebi|301\/342|[from] item: Leftovers
|turn|25
|
|move|p2a: Celebi|Swords Dance|p2a: Celebi
|-boost|p2a: Celebi|atk|2
|cant|p1a: Spiritomb|slp
|move|p1a: Spiritomb|Sleep Talk|p1a: Spiritomb
|move|p1a: Spiritomb|Calm Mind|p1a: Spiritomb|[from]Sleep Talk
|-boost|p1a: Spiritomb|spa|1
|-boost|p1a: Spiritomb|spd|1
|
|-heal|p2a: Celebi|322\/342|[from] item: Leftovers
|turn|26
|
|move|p2a: Celebi|Baton Pass|p2a: Celebi
|
|switch|p2a: Aggron|Aggron-Mega, M|288\/318
|-curestatus|p1a: Spiritomb|slp
|move|p1a: Spiritomb|Dark Pulse|p2a: Aggron
|-damage|p2a: Aggron|0 fnt
|faint|p2a: Aggron
|
|
|switch|p2a: Jirachi|Jirachi|404\/404
|turn|27
|
|move|p2a: Jirachi|Iron Head|p1a: Spiritomb
|-damage|p1a: Spiritomb|237\/304
|move|p1a: Spiritomb|Dark Pulse|p2a: Jirachi
|-supereffective|p2a: Jirachi
|-damage|p2a: Jirachi|0 fnt
|faint|p2a: Jirachi
|
|-heal|p1a: Spiritomb|256\/304|[from] item: Leftovers
|leave|The Sinex
|player|p2
|join|the fun in this
|c| the fun in this|i played the sinex earlier
|c|âFailed Nirvana|this thing is a monster
|c| the fun in this|good player
|c| the fun in this|do another ok
|c| the fun in this|u ladder for me<3
|-message|thesinex lost due to inactivity.
|
|win|Failed Nirvana
|raw|Ladder updating...
|c|âFailed Nirvana|im leaving in 10 sec
|c|âFailed Nirvana|LEL
|raw|Failed Nirvana's rating: 1248 &rarr; <strong>1280<\/strong><br \/>(+32 for winning)
|raw|The Sinex's rating: 1351 &rarr; <strong>1325<\/strong><br \/>(-26 for losing)
|c| the fun in this|oml