|join|The Sinex
|join|zippleclopper
|player|p1|The Sinex|102
|player|p2|zippleclopper|1
|gametype|singles
|gen|6
|tier|UU
|rated
|rule|Sleep Clause Mod: Limit one foe put to sleep
|rule|Species Clause: Limit one of each PokÃ©mon
|rule|OHKO Clause: OHKO moves are banned
|rule|Moody Clause: Moody is banned
|rule|Evasion Moves Clause: Evasion moves are banned
|rule|Endless Battle Clause: Forcing endless battles is banned
|rule|HP Percentage Mod: HP is shown in percentages
|clearpoke
|poke|p1|Amoonguss, M
|poke|p1|Flygon, F
|poke|p1|Snorlax, M
|poke|p1|Gligar, F
|poke|p1|Suicune
|poke|p1|Galvantula, M
|poke|p2|Hippowdon, F
|poke|p2|Reuniclus, F
|poke|p2|Doublade, M
|poke|p2|Entei, shiny
|poke|p2|Virizion
|poke|p2|Blastoise, M
|rule|Swagger Clause: Swagger is banned
|rule|Baton Pass Clause: Limit one PokÃ©mon knowing Baton Pass
|teampreview
|
|start
|switch|p1a: Suicune|Suicune|404\/404
|switch|p2a: Entei|Entei, shiny|371\/371
|-ability|p2a: Entei|Pressure
|-ability|p1a: Suicune|Pressure
|turn|1
|
|switch|p2a: Reuniclus|Reuniclus, F|424\/424
|move|p1a: Suicune|Calm Mind|p1a: Suicune
|-boost|p1a: Suicune|spa|1
|-boost|p1a: Suicune|spd|1
|
|turn|2
|
|move|p1a: Suicune|Scald|p2a: Reuniclus
|-damage|p2a: Reuniclus|271\/424
|-status|p2a: Reuniclus|brn
|move|p2a: Reuniclus|Calm Mind|p2a: Reuniclus
|-boost|p2a: Reuniclus|spa|1
|-boost|p2a: Reuniclus|spd|1
|
|-heal|p2a: Reuniclus|297\/424 brn|[from] item: Leftovers
|turn|3
|
|switch|p1a: Snorlax|Snorlax, M|462\/462
|move|p2a: Reuniclus|Calm Mind|p2a: Reuniclus
|-boost|p2a: Reuniclus|spa|1
|-boost|p2a: Reuniclus|spd|1
|
|-heal|p2a: Reuniclus|323\/424 brn|[from] item: Leftovers
|turn|4
|
|move|p2a: Reuniclus|Recover|p2a: Reuniclus
|-heal|p2a: Reuniclus|424\/424 brn
|move|p1a: Snorlax|Crunch|p2a: Reuniclus
|-supereffective|p2a: Reuniclus
|-damage|p2a: Reuniclus|250\/424 brn
|-unboost|p2a: Reuniclus|def|1
|
|-heal|p2a: Reuniclus|276\/424 brn|[from] item: Leftovers
|turn|5
|
|move|p1a: Snorlax|Pursuit|p2a: Reuniclus|[from]Pursuit
|-supereffective|p2a: Reuniclus
|-damage|p2a: Reuniclus|50\/424 brn
|switch|p2a: Virizion|Virizion|324\/324
|
|turn|6
|
|switch|p1a: Amoonguss|Amoonguss, M|432\/432
|move|p2a: Virizion|Swords Dance|p2a: Virizion
|-boost|p2a: Virizion|atk|2
|
|turn|7
|
|move|p2a: Virizion|Stone Edge|p1a: Amoonguss
|-damage|p1a: Amoonguss|233\/432
|-damage|p2a: Virizion|292\/324|[from] item: Life Orb
|move|p1a: Amoonguss|Sludge Bomb|p2a: Virizion
|-supereffective|p2a: Virizion
|-damage|p2a: Virizion|158\/324
|
|-heal|p1a: Amoonguss|260\/432|[from] item: Black Sludge
|turn|8
|
|switch|p2a: Entei|Entei, shiny|371\/371
|-ability|p2a: Entei|Pressure
|move|p1a: Amoonguss|Sludge Bomb|p2a: Entei
|-damage|p2a: Entei|259\/371
|-status|p2a: Entei|psn
|
|-heal|p1a: Amoonguss|287\/432|[from] item: Black Sludge
|-damage|p2a: Entei|213\/371 psn|[from] psn
|turn|9
|
|switch|p2a: Virizion|Virizion|158\/324
|switch|p1a: Suicune|Suicune|404\/404
|-ability|p1a: Suicune|Pressure
|
|turn|10
|
|switch|p2a: Reuniclus|Reuniclus, F|50\/424 brn
|switch|p1a: Amoonguss|Amoonguss, M|431\/432
|
|-heal|p2a: Reuniclus|76\/424 brn|[from] item: Leftovers
|-heal|p1a: Amoonguss|432\/432|[from] item: Black Sludge
|turn|11
|
|move|p2a: Reuniclus|Recover|p2a: Reuniclus
|-heal|p2a: Reuniclus|288\/424 brn
|move|p1a: Amoonguss|Giga Drain|p2a: Reuniclus
|-crit|p2a: Reuniclus
|-damage|p2a: Reuniclus|155\/424 brn
|
|-heal|p2a: Reuniclus|181\/424 brn|[from] item: Leftovers
|turn|12
|
|switch|p1a: Snorlax|Snorlax, M|462\/462
|move|p2a: Reuniclus|Recover|p2a: Reuniclus
|-heal|p2a: Reuniclus|393\/424 brn
|
|-heal|p2a: Reuniclus|419\/424 brn|[from] item: Leftovers
|turn|13
|
|move|p2a: Reuniclus|Calm Mind|p2a: Reuniclus
|-boost|p2a: Reuniclus|spa|1
|-boost|p2a: Reuniclus|spd|1
|move|p1a: Snorlax|Crunch|p2a: Reuniclus
|-supereffective|p2a: Reuniclus
|-damage|p2a: Reuniclus|249\/424 brn
|
|-heal|p2a: Reuniclus|275\/424 brn|[from] item: Leftovers
|turn|14
|
|move|p2a: Reuniclus|Psyshock|p1a: Snorlax
|-damage|p1a: Snorlax|302\/462
|move|p1a: Snorlax|Crunch|p2a: Reuniclus
|-supereffective|p2a: Reuniclus
|-damage|p2a: Reuniclus|101\/424 brn
|
|-heal|p2a: Reuniclus|127\/424 brn|[from] item: Leftovers
|turn|15
|
|move|p2a: Reuniclus|Recover|p2a: Reuniclus
|-heal|p2a: Reuniclus|339\/424 brn
|move|p1a: Snorlax|Crunch|p2a: Reuniclus
|-supereffective|p2a: Reuniclus
|-damage|p2a: Reuniclus|179\/424 brn
|
|-heal|p2a: Reuniclus|205\/424 brn|[from] item: Leftovers
|turn|16
|
|move|p2a: Reuniclus|Recover|p2a: Reuniclus
|-heal|p2a: Reuniclus|417\/424 brn
|move|p1a: Snorlax|Crunch|p2a: Reuniclus
|-supereffective|p2a: Reuniclus
|-damage|p2a: Reuniclus|263\/424 brn
|
|-heal|p2a: Reuniclus|289\/424 brn|[from] item: Leftovers
|turn|17
|
|move|p2a: Reuniclus|Psyshock|p1a: Snorlax
|-damage|p1a: Snorlax|130\/462
|move|p1a: Snorlax|Crunch|p2a: Reuniclus
|-supereffective|p2a: Reuniclus
|-damage|p2a: Reuniclus|141\/424 brn
|
|-heal|p2a: Reuniclus|167\/424 brn|[from] item: Leftovers
|turn|18
|
|move|p2a: Reuniclus|Psyshock|p1a: Snorlax
|-damage|p1a: Snorlax|0 fnt
|faint|p1a: Snorlax
|
|-heal|p2a: Reuniclus|193\/424 brn|[from] item: Leftovers
|
|switch|p1a: Flygon|Flygon, F|302\/302
|turn|19
|
|switch|p2a: Hippowdon|Hippowdon, F|419\/419
|-weather|Sandstorm
|move|p1a: Flygon|U-turn|p2a: Hippowdon
|-damage|p2a: Hippowdon|355\/419
|
|switch|p1a: Suicune|Suicune|404\/404
|-ability|p1a: Suicune|Pressure
|
|-weather|Sandstorm|[upkeep]
|-damage|p1a: Suicune|379\/404|[from] sandstorm
|-heal|p1a: Suicune|404\/404|[from] item: Leftovers
|-heal|p2a: Hippowdon|381\/419|[from] item: Leftovers
|turn|20
|
|switch|p2a: Reuniclus|Reuniclus, F|193\/424 brn
|move|p1a: Suicune|Scald|p2a: Reuniclus
|-damage|p2a: Reuniclus|100\/424 brn
|
|-weather|Sandstorm|[upkeep]
|-damage|p1a: Suicune|379\/404|[from] sandstorm
|-heal|p1a: Suicune|404\/404|[from] item: Leftovers
|-heal|p2a: Reuniclus|126\/424 brn|[from] item: Leftovers
|turn|21
|
|switch|p1a: Flygon|Flygon, F|302\/302
|move|p2a: Reuniclus|Recover|p2a: Reuniclus
|-heal|p2a: Reuniclus|338\/424 brn
|
|-weather|Sandstorm|[upkeep]
|-heal|p2a: Reuniclus|364\/424 brn|[from] item: Leftovers
|turn|22
|
|move|p1a: Flygon|Earthquake|p2a: Reuniclus
|-damage|p2a: Reuniclus|240\/424 brn
|move|p2a: Reuniclus|Recover|p2a: Reuniclus
|-heal|p2a: Reuniclus|424\/424 brn
|
|-weather|Sandstorm|[upkeep]
|turn|23
|
|switch|p1a: Galvantula|Galvantula, M|281\/281
|move|p2a: Reuniclus|Calm Mind|p2a: Reuniclus
|-boost|p2a: Reuniclus|spa|1
|-boost|p2a: Reuniclus|spd|1
|
|-weather|none
|turn|24
|
|move|p1a: Galvantula|Bug Buzz|p2a: Reuniclus
|-supereffective|p2a: Reuniclus
|-damage|p2a: Reuniclus|128\/424 brn
|-unboost|p2a: Reuniclus|spd|1
|move|p2a: Reuniclus|Psyshock|p1a: Galvantula
|-damage|p1a: Galvantula|5\/281
|
|-heal|p2a: Reuniclus|154\/424 brn|[from] item: Leftovers
|turn|25
|
|switch|p1a: Flygon|Flygon, F|302\/302
|switch|p2a: Hippowdon|Hippowdon, F|381\/419
|-weather|Sandstorm
|
|-weather|Sandstorm|[upkeep]
|-heal|p2a: Hippowdon|407\/419|[from] item: Leftovers
|turn|26
|
|move|p1a: Flygon|U-turn|p2a: Hippowdon
|-damage|p2a: Hippowdon|343\/419
|
|switch|p1a: Suicune|Suicune|404\/404
|-ability|p1a: Suicune|Pressure
|move|p2a: Hippowdon|Stealth Rock|p1a: Suicune
|-sidestart|p1: The Sinex|move: Stealth Rock
|
|-weather|Sandstorm|[upkeep]
|-damage|p1a: Suicune|379\/404|[from] sandstorm
|-heal|p1a: Suicune|404\/404|[from] item: Leftovers
|-heal|p2a: Hippowdon|369\/419|[from] item: Leftovers
|turn|27
|
|switch|p2a: Virizion|Virizion|158\/324
|move|p1a: Suicune|Calm Mind|p1a: Suicune
|-boost|p1a: Suicune|spa|1
|-boost|p1a: Suicune|spd|1
|
|-weather|Sandstorm|[upkeep]
|-damage|p2a: Virizion|138\/324|[from] sandstorm
|-damage|p1a: Suicune|379\/404|[from] sandstorm
|-heal|p1a: Suicune|404\/404|[from] item: Leftovers
|turn|28
|
|move|p2a: Virizion|Leaf Blade|p1a: Suicune
|-supereffective|p1a: Suicune
|-damage|p1a: Suicune|201\/404
|-damage|p2a: Virizion|106\/324|[from] item: Life Orb
|move|p1a: Suicune|Calm Mind|p1a: Suicune
|-boost|p1a: Suicune|spa|1
|-boost|p1a: Suicune|spd|1
|
|-weather|Sandstorm|[upkeep]
|-damage|p2a: Virizion|86\/324|[from] sandstorm
|-damage|p1a: Suicune|176\/404|[from] sandstorm
|-heal|p1a: Suicune|201\/404|[from] item: Leftovers
|turn|29
|
|move|p2a: Virizion|Leaf Blade|p1a: Suicune
|-supereffective|p1a: Suicune
|-damage|p1a: Suicune|0 fnt
|-damage|p2a: Virizion|54\/324|[from] item: Life Orb
|faint|p1a: Suicune
|
|-weather|none
|
|switch|p1a: Gligar|Gligar, F|334\/334
|-damage|p1a: Gligar|293\/334|[from] Stealth Rock
|turn|30
|
|move|p2a: Virizion|Leaf Blade|p1a: Gligar
|-damage|p1a: Gligar|210\/334
|-damage|p2a: Virizion|22\/324|[from] item: Life Orb
|move|p1a: Gligar|Defog|p2a: Virizion
|-unboost|p2a: Virizion|evasion|1
|-sideend|p1: The Sinex|Stealth Rock|[from] move: Defog|[of] p1a: Gligar
|
|turn|31
|
|move|p2a: Virizion|Swords Dance|p2a: Virizion
|-boost|p2a: Virizion|atk|2
|move|p1a: Gligar|Stealth Rock|p2a: Virizion
|-sidestart|p2: zippleclopper|move: Stealth Rock
|
|turn|32
|
|move|p2a: Virizion|Leaf Blade|p1a: Gligar
|-damage|p1a: Gligar|68\/334
|-damage|p2a: Virizion|0 fnt|[from] item: Life Orb
|faint|p2a: Virizion
|move|p1a: Gligar|Roost|p1a: Gligar
|-heal|p1a: Gligar|235\/334
|
|
|switch|p2a: Blastoise|Blastoise, M|355\/355
|-damage|p2a: Blastoise|311\/355|[from] Stealth Rock
|turn|33
|
|switch|p1a: Amoonguss|Amoonguss, M|432\/432
|detailschange|p2a: Blastoise|Blastoise-Mega, M
|-mega|p2a: Blastoise|Blastoise|Blastoisinite
|move|p2a: Blastoise|Ice Beam|p1a: Amoonguss
|-supereffective|p1a: Amoonguss
|-damage|p1a: Amoonguss|136\/432
|
|-heal|p1a: Amoonguss|163\/432|[from] item: Black Sludge
|turn|34
|
|move|p2a: Blastoise|Ice Beam|p1a: Amoonguss
|-supereffective|p1a: Amoonguss
|-damage|p1a: Amoonguss|0 fnt
|faint|p1a: Amoonguss
|
|
|switch|p1a: Galvantula|Galvantula, M|5\/281
|turn|35
|
|switch|p2a: Hippowdon|Hippowdon, F|369\/419
|-damage|p2a: Hippowdon|343\/419|[from] Stealth Rock
|-weather|Sandstorm
|move|p1a: Galvantula|Giga Drain|p2a: Hippowdon
|-supereffective|p2a: Hippowdon
|-damage|p2a: Hippowdon|159\/419
|-heal|p1a: Galvantula|97\/281|[from] drain|[of] p2a: Hippowdon
|
|-weather|Sandstorm|[upkeep]
|-damage|p1a: Galvantula|80\/281|[from] sandstorm
|-heal|p2a: Hippowdon|185\/419|[from] item: Leftovers
|turn|36
|
|move|p1a: Galvantula|Giga Drain|p2a: Hippowdon
|-supereffective|p2a: Hippowdon
|-damage|p2a: Hippowdon|0 fnt
|-heal|p1a: Galvantula|173\/281|[from] drain|[of] p2a: Hippowdon
|faint|p2a: Hippowdon
|
|-weather|Sandstorm|[upkeep]
|-damage|p1a: Galvantula|156\/281|[from] sandstorm
|
|switch|p2a: Entei|Entei, shiny|213\/371 psn
|-damage|p2a: Entei|121\/371 psn|[from] Stealth Rock
|-ability|p2a: Entei|Pressure
|turn|37
|
|switch|p1a: Flygon|Flygon, F|302\/302
|move|p2a: Entei|Extreme Speed|p1a: Flygon
|-damage|p1a: Flygon|113\/302
|
|-weather|Sandstorm|[upkeep]
|-damage|p2a: Entei|98\/371 psn|[from] sandstorm
|-damage|p2a: Entei|52\/371 psn|[from] psn
|turn|38
|
|switch|p1a: Gligar|Gligar, F|235\/334
|move|p2a: Entei|Extreme Speed|p1a: Gligar
|-damage|p1a: Gligar|165\/334
|
|-weather|Sandstorm|[upkeep]
|-damage|p2a: Entei|29\/371 psn|[from] sandstorm
|-damage|p2a: Entei|0 fnt|[from] psn
|faint|p2a: Entei
|
|switch|p2a: Blastoise|Blastoise-Mega, M|311\/355
|-damage|p2a: Blastoise|267\/355|[from] Stealth Rock
|turn|39
|
|move|p1a: Gligar|Roost|p1a: Gligar
|-heal|p1a: Gligar|332\/334
|move|p2a: Blastoise|Ice Beam|p1a: Gligar
|-supereffective|p1a: Gligar
|-damage|p1a: Gligar|104\/334
|
|-weather|none
|turn|40
|
|move|p1a: Gligar|Roost|p1a: Gligar
|-heal|p1a: Gligar|271\/334
|move|p2a: Blastoise|Ice Beam|p1a: Gligar
|-supereffective|p1a: Gligar
|-damage|p1a: Gligar|59\/334
|
|turn|41
|
|move|p1a: Gligar|Acrobatics|p2a: Blastoise
|-damage|p2a: Blastoise|221\/355
|move|p2a: Blastoise|Ice Beam|p1a: Gligar
|-supereffective|p1a: Gligar
|-damage|p1a: Gligar|0 fnt
|faint|p1a: Gligar
|
|
|switch|p1a: Galvantula|Galvantula, M|156\/281
|turn|42
|
|switch|p2a: Reuniclus|Reuniclus, F|154\/424 brn
|move|p1a: Galvantula|Thunder|p2a: Reuniclus
|-damage|p2a: Reuniclus|0 fnt
|faint|p2a: Reuniclus
|
|
|switch|p2a: Doublade|Doublade, M|321\/321
|-damage|p2a: Doublade|301\/321|[from] Stealth Rock
|turn|43
|
|switch|p1a: Flygon|Flygon, F|113\/302
|move|p2a: Doublade|Swords Dance|p2a: Doublade
|-boost|p2a: Doublade|atk|2
|
|turn|44
|
|move|p2a: Doublade|Shadow Sneak|p1a: Flygon
|-damage|p1a: Flygon|0 fnt
|faint|p1a: Flygon
|
|
|switch|p1a: Galvantula|Galvantula, M|156\/281
|turn|45
|
|move|p2a: Doublade|Shadow Sneak|p1a: Galvantula
|-damage|p1a: Galvantula|0 fnt
|faint|p1a: Galvantula
|
|win|zippleclopper
|raw|Ladder updating...
|raw|The Sinex's rating: 1376 &rarr; <strong>1361<\/strong><br \/>(-15 for losing)
|raw|zippleclopper's rating: 1464 &rarr; <strong>1479<\/strong><br \/>(+15 for winning)
|c|âThe Sinex|gg