|join|Gyaraqueen
|join|The Sinex
|player|p1|Gyaraqueen|224
|player|p2|The Sinex|102
|gametype|singles
|gen|6
|tier|UU
|rated
|rule|Sleep Clause Mod: Limit one foe put to sleep
|rule|Species Clause: Limit one of each PokÃ©mon
|rule|OHKO Clause: OHKO moves are banned
|rule|Moody Clause: Moody is banned
|rule|Evasion Moves Clause: Evasion moves are banned
|rule|Endless Battle Clause: Forcing endless battles is banned
|rule|HP Percentage Mod: HP is shown in percentages
|clearpoke
|poke|p1|Whimsicott, F
|poke|p1|Raikou, shiny
|poke|p1|Lucario, F
|poke|p1|Blissey, F
|poke|p1|Victini
|poke|p1|Flygon, F
|poke|p2|Galvantula, M
|poke|p2|Mienshao, M
|poke|p2|Machamp, M
|poke|p2|Alakazam, M
|poke|p2|Starmie
|poke|p2|Sableye, F
|rule|Swagger Clause: Swagger is banned
|rule|Baton Pass Clause: Limit one PokÃ©mon knowing Baton Pass
|teampreview
|
|start
|switch|p1a: Flygon|Flygon, F|364\/364
|switch|p2a: Galvantula|Galvantula, M|281\/281
|turn|1
|
|move|p2a: Galvantula|Sticky Web|p1a: Flygon
|-sidestart|p1: Gyaraqueen|move: Sticky Web
|move|p1a: Flygon|Earthquake|p2a: Galvantula
|-damage|p2a: Galvantula|95\/281
|
|turn|2
|
|move|p2a: Galvantula|Bug Buzz|p1a: Flygon
|-damage|p1a: Flygon|205\/364
|move|p1a: Flygon|Defog|p2a: Galvantula
|-unboost|p2a: Galvantula|evasion|1
|-sideend|p1: Gyaraqueen|Sticky Web|[from] move: Defog|[of] p1a: Flygon
|
|-heal|p1a: Flygon|227\/364|[from] item: Leftovers
|turn|3
|
|move|p2a: Galvantula|Sticky Web|p1a: Flygon
|-sidestart|p1: Gyaraqueen|move: Sticky Web
|move|p1a: Flygon|Defog|p2a: Galvantula
|-unboost|p2a: Galvantula|evasion|1
|-sideend|p1: Gyaraqueen|Sticky Web|[from] move: Defog|[of] p1a: Flygon
|
|-heal|p1a: Flygon|249\/364|[from] item: Leftovers
|turn|4
|
|move|p2a: Galvantula|Bug Buzz|p1a: Flygon
|-damage|p1a: Flygon|102\/364
|move|p1a: Flygon|Defog|p2a: Galvantula
|-unboost|p2a: Galvantula|evasion|1
|
|-heal|p1a: Flygon|124\/364|[from] item: Leftovers
|turn|5
|
|move|p2a: Galvantula|Bug Buzz|p1a: Flygon
|-damage|p1a: Flygon|0 fnt
|faint|p1a: Flygon
|
|
|switch|p1a: Raikou|Raikou, shiny|335\/335
|-ability|p1a: Raikou|Pressure
|turn|6
|
|move|p1a: Raikou|Calm Mind|p1a: Raikou
|-boost|p1a: Raikou|spa|1
|-boost|p1a: Raikou|spd|1
|move|p2a: Galvantula|Sticky Web|p1a: Raikou
|-sidestart|p1: Gyaraqueen|move: Sticky Web
|
|turn|7
|
|switch|p2a: Mienshao|Mienshao, M|271\/271
|move|p1a: Raikou|Substitute|p1a: Raikou
|-start|p1a: Raikou|Substitute
|-damage|p1a: Raikou|252\/335
|
|-heal|p1a: Raikou|272\/335|[from] item: Leftovers
|turn|8
|
|move|p2a: Mienshao|Fake Out|p1a: Raikou
|-activate|p1a: Raikou|Substitute|[damage]
|move|p1a: Raikou|Thunderbolt|p2a: Mienshao
|-enditem|p2a: Mienshao|Focus Sash
|-damage|p2a: Mienshao|1\/271
|
|-heal|p1a: Raikou|292\/335|[from] item: Leftovers
|turn|9
|
|move|p1a: Raikou|Thunderbolt|p2a: Mienshao
|-damage|p2a: Mienshao|0 fnt
|faint|p2a: Mienshao
|
|-heal|p1a: Raikou|312\/335|[from] item: Leftovers
|
|switch|p2a: Machamp|Machamp, M|322\/322
|turn|10
|
|move|p1a: Raikou|Thunderbolt|p2a: Machamp
|-damage|p2a: Machamp|85\/322
|move|p2a: Machamp|Dynamic Punch|p1a: Raikou
|-end|p1a: Raikou|Substitute
|
|-heal|p1a: Raikou|332\/335|[from] item: Leftovers
|turn|11
|
|move|p2a: Machamp|Bullet Punch|p1a: Raikou
|-resisted|p1a: Raikou
|-damage|p1a: Raikou|297\/335
|move|p1a: Raikou|Thunderbolt|p2a: Machamp
|-damage|p2a: Machamp|0 fnt
|faint|p2a: Machamp
|
|-heal|p1a: Raikou|317\/335|[from] item: Leftovers
|
|switch|p2a: Alakazam|Alakazam, M|271\/271
|turn|12
|
|move|p1a: Raikou|Thunderbolt|p2a: Alakazam
|-damage|p2a: Alakazam|69\/271
|move|p2a: Alakazam|Psyshock|p1a: Raikou
|-damage|p1a: Raikou|103\/335
|
|-heal|p1a: Raikou|123\/335|[from] item: Leftovers
|turn|13
|
|move|p1a: Raikou|Thunderbolt|p2a: Alakazam
|-damage|p2a: Alakazam|0 fnt
|faint|p2a: Alakazam
|
|-heal|p1a: Raikou|143\/335|[from] item: Leftovers
|
|switch|p2a: Galvantula|Galvantula, M|95\/281
|turn|14
|
|move|p1a: Raikou|Thunderbolt|p2a: Galvantula
|-resisted|p2a: Galvantula
|-damage|p2a: Galvantula|0 fnt
|faint|p2a: Galvantula
|
|-heal|p1a: Raikou|163\/335|[from] item: Leftovers
|leave|The Sinex
|player|p2
|c|âGyaraqueen|Demosle la enhorabuena
|c|âGyaraqueen|por lo menos puso las sticky
|-message|thesinex lost due to inactivity.
|
|win|Gyaraqueen
|raw|Ladder updating...
|raw|Gyaraqueen's rating: 1544 &rarr; <strong>1552<\/strong><br \/>(+8 for winning)
|raw|The Sinex's rating: 1298 &rarr; <strong>1288<\/strong><br \/>(-10 for losing)