|join|G123rocks
|join|MetaFalken
|player|p1|G123rocks|265
|player|p2|MetaFalken|163
|gametype|singles
|gen|6
|tier|OU
|rated
|clearpoke
|poke|p1|Gyarados, M
|poke|p1|Landorus-Therian, M
|poke|p1|Rotom-Wash
|poke|p1|Ferrothorn, M
|poke|p1|Greninja, M
|poke|p1|Latios, M
|poke|p2|Scizor, F
|poke|p2|Rotom-Wash
|poke|p2|Landorus-Therian, M
|poke|p2|Lopunny, F
|poke|p2|Heatran, M
|poke|p2|Latios, M
|rule|Swagger Clause: Swagger is banned
|rule|Baton Pass Clause: Limit one PokÃ©mon knowing Baton Pass
|rule|Sleep Clause Mod: Limit one foe put to sleep
|rule|Species Clause: Limit one of each PokÃ©mon
|rule|OHKO Clause: OHKO moves are banned
|rule|Moody Clause: Moody is banned
|rule|Evasion Moves Clause: Evasion moves are banned
|rule|Endless Battle Clause: Forcing endless battles is banned
|rule|HP Percentage Mod: HP is shown in percentages
|teampreview
|
|start
|switch|p1a: Ferrothorn|Ferrothorn, M|352\/352
|switch|p2a: Landorus-Therian|Landorus-Therian, M|345\/345
|-ability|p2a: Landorus-Therian|Intimidate|[of] p1a: Ferrothorn
|-unboost|p1a: Ferrothorn|atk|1
|turn|1
|
|move|p2a: Landorus-Therian|Stealth Rock|p1a: Ferrothorn
|-sidestart|p1: G123rocks|move: Stealth Rock
|move|p1a: Ferrothorn|Spikes|p2a: Landorus-Therian
|-sidestart|p2: MetaFalken|Spikes
|
|turn|2
|
|switch|p2a: Heatran|Heatran, M|385\/385
|-damage|p2a: Heatran|337\/385|[from] Spikes
|move|p1a: Ferrothorn|Spikes|p2a: Heatran
|-sidestart|p2: MetaFalken|Spikes
|
|-heal|p2a: Heatran|361\/385|[from] item: Leftovers
|turn|3
|
|move|p1a: Ferrothorn|Protect|p1a: Ferrothorn
|-singleturn|p1a: Ferrothorn|Protect
|move|p2a: Heatran|Lava Plume|p1a: Ferrothorn
|-activate|p1a: Ferrothorn|Protect
|
|-heal|p2a: Heatran|385\/385|[from] item: Leftovers
|turn|4
|
|switch|p1a: Landorus-Therian|Landorus-Therian, M|382\/382
|-damage|p1a: Landorus-Therian|335\/382|[from] Stealth Rock
|-ability|p1a: Landorus-Therian|Intimidate|[of] p2a: Heatran
|-unboost|p2a: Heatran|atk|1
|move|p2a: Heatran|Toxic|p1a: Landorus-Therian|[miss]
|-miss|p2a: Heatran|p1a: Landorus-Therian
|
|-heal|p1a: Landorus-Therian|358\/382|[from] item: Leftovers
|turn|5
|
|switch|p2a: Rotom-Wash|Rotom-Wash|303\/303
|move|p1a: Landorus-Therian|Stealth Rock|p2a: Rotom-Wash
|-sidestart|p2: MetaFalken|move: Stealth Rock
|
|-heal|p1a: Landorus-Therian|381\/382|[from] item: Leftovers
|turn|6
|
|move|p2a: Rotom-Wash|Will-O-Wisp|p1a: Landorus-Therian
|-status|p1a: Landorus-Therian|brn
|move|p1a: Landorus-Therian|U-turn|p2a: Rotom-Wash
|-damage|p2a: Rotom-Wash|276\/303
|
|switch|p1a: Latios|Latios, M|302\/302
|-damage|p1a: Latios|265\/302|[from] Stealth Rock
|
|-heal|p2a: Rotom-Wash|294\/303|[from] item: Leftovers
|turn|7
|
|switch|p2a: Heatran|Heatran, M|385\/385
|-damage|p2a: Heatran|321\/385|[from] Spikes
|-damage|p2a: Heatran|273\/385|[from] Stealth Rock
|move|p1a: Latios|Draco Meteor|p2a: Heatran
|-resisted|p2a: Heatran
|-damage|p2a: Heatran|176\/385
|-unboost|p1a: Latios|spa|2
|-damage|p1a: Latios|235\/302|[from] item: Life Orb
|
|-heal|p2a: Heatran|200\/385|[from] item: Leftovers
|turn|8
|
|switch|p1a: Rotom-Wash|Rotom-Wash|304\/304
|-damage|p1a: Rotom-Wash|266\/304|[from] Stealth Rock
|move|p2a: Heatran|Lava Plume|p1a: Rotom-Wash
|-resisted|p1a: Rotom-Wash
|-damage|p1a: Rotom-Wash|215\/304
|
|-heal|p1a: Rotom-Wash|234\/304|[from] item: Leftovers
|-heal|p2a: Heatran|224\/385|[from] item: Leftovers
|turn|9
|
|move|p2a: Heatran|Protect|p2a: Heatran
|-singleturn|p2a: Heatran|Protect
|move|p1a: Rotom-Wash|Hydro Pump|p2a: Heatran
|-activate|p2a: Heatran|Protect
|
|-heal|p1a: Rotom-Wash|253\/304|[from] item: Leftovers
|-heal|p2a: Heatran|248\/385|[from] item: Leftovers
|turn|10
|
|move|p1a: Rotom-Wash|Volt Switch|p2a: Heatran
|-damage|p2a: Heatran|191\/385
|
|switch|p1a: Landorus-Therian|Landorus-Therian, M|381\/382 brn
|-damage|p1a: Landorus-Therian|334\/382 brn|[from] Stealth Rock
|-ability|p1a: Landorus-Therian|Intimidate|[of] p2a: Heatran
|-unboost|p2a: Heatran|atk|1
|move|p2a: Heatran|Toxic|p1a: Landorus-Therian
|-fail|p1a: Landorus-Therian
|
|-heal|p1a: Landorus-Therian|357\/382 brn|[from] item: Leftovers
|-heal|p2a: Heatran|215\/385|[from] item: Leftovers
|-damage|p1a: Landorus-Therian|310\/382 brn|[from] brn
|turn|11
|
|move|p2a: Heatran|Protect|p2a: Heatran
|-singleturn|p2a: Heatran|Protect
|move|p1a: Landorus-Therian|Earthquake|p2a: Heatran
|-activate|p2a: Heatran|Protect
|
|-heal|p1a: Landorus-Therian|333\/382 brn|[from] item: Leftovers
|-heal|p2a: Heatran|239\/385|[from] item: Leftovers
|-damage|p1a: Landorus-Therian|286\/382 brn|[from] brn
|turn|12
|
|switch|p1a: Ferrothorn|Ferrothorn, M|352\/352
|-damage|p1a: Ferrothorn|330\/352|[from] Stealth Rock
|switch|p2a: Rotom-Wash|Rotom-Wash|294\/303
|-damage|p2a: Rotom-Wash|257\/303|[from] Stealth Rock
|
|-heal|p2a: Rotom-Wash|275\/303|[from] item: Leftovers
|-heal|p1a: Ferrothorn|352\/352|[from] item: Leftovers
|turn|13
|
|move|p2a: Rotom-Wash|Will-O-Wisp|p1a: Ferrothorn
|-status|p1a: Ferrothorn|brn
|move|p1a: Ferrothorn|Spikes|p2a: Rotom-Wash
|-sidestart|p2: MetaFalken|Spikes
|
|-heal|p2a: Rotom-Wash|293\/303|[from] item: Leftovers
|-damage|p1a: Ferrothorn|308\/352 brn|[from] brn
|turn|14
|
|switch|p1a: Rotom-Wash|Rotom-Wash|253\/304
|-damage|p1a: Rotom-Wash|215\/304|[from] Stealth Rock
|move|p2a: Rotom-Wash|Volt Switch|p1a: Rotom-Wash
|-damage|p1a: Rotom-Wash|130\/304
|
|switch|p2a: Latios|Latios, M|301\/301
|-damage|p2a: Latios|264\/301|[from] Stealth Rock
|
|-heal|p1a: Rotom-Wash|149\/304|[from] item: Leftovers
|turn|15
|
|move|p2a: Latios|Draco Meteor|p1a: Rotom-Wash
|-damage|p1a: Rotom-Wash|0 fnt
|-unboost|p2a: Latios|spa|2
|-damage|p2a: Latios|234\/301|[from] item: Life Orb
|faint|p1a: Rotom-Wash
|
|
|switch|p1a: Greninja|Greninja, M|285\/285
|-damage|p1a: Greninja|250\/285|[from] Stealth Rock
|turn|16
|
|switch|p2a: Rotom-Wash|Rotom-Wash|293\/303
|-damage|p2a: Rotom-Wash|256\/303|[from] Stealth Rock
|move|p1a: Greninja|Dark Pulse|p2a: Rotom-Wash
|-start|p1a: Greninja|typechange|Dark|[from] Protean
|-damage|p2a: Rotom-Wash|96\/303
|-damage|p1a: Greninja|222\/285|[from] item: Life Orb
|
|-heal|p2a: Rotom-Wash|114\/303|[from] item: Leftovers
|turn|17
|
|move|p1a: Greninja|Dark Pulse|p2a: Rotom-Wash
|-damage|p2a: Rotom-Wash|0 fnt
|-damage|p1a: Greninja|194\/285|[from] item: Life Orb
|faint|p2a: Rotom-Wash
|
|
|switch|p2a: Scizor|Scizor, F|343\/343
|-damage|p2a: Scizor|301\/343|[from] Stealth Rock
|-damage|p2a: Scizor|216\/343|[from] Spikes
|turn|18
|
|switch|p1a: Ferrothorn|Ferrothorn, M|308\/352 brn
|-damage|p1a: Ferrothorn|286\/352 brn|[from] Stealth Rock
|move|p2a: Scizor|Superpower|p1a: Ferrothorn
|-supereffective|p1a: Ferrothorn
|-damage|p1a: Ferrothorn|14\/352 brn
|-damage|p2a: Scizor|174\/343|[from] ability: Iron Barbs|[of] p1a: Ferrothorn
|-unboost|p2a: Scizor|atk|1
|-unboost|p2a: Scizor|def|1
|
|-heal|p1a: Ferrothorn|36\/352 brn|[from] item: Leftovers
|-damage|p1a: Ferrothorn|0 fnt|[from] brn
|faint|p1a: Ferrothorn
|
|switch|p1a: Gyarados|Gyarados, M|349\/349
|-damage|p1a: Gyarados|262\/349|[from] Stealth Rock
|-ability|p1a: Gyarados|Intimidate|[of] p2a: Scizor
|-unboost|p2a: Scizor|atk|1
|turn|19
|
|switch|p2a: Latios|Latios, M|234\/301
|-damage|p2a: Latios|197\/301|[from] Stealth Rock
|move|p1a: Gyarados|Dragon Dance|p1a: Gyarados
|-boost|p1a: Gyarados|atk|1
|-boost|p1a: Gyarados|spe|1
|
|turn|20
|
|move|p1a: Gyarados|Crunch|p2a: Latios
|-supereffective|p2a: Latios
|-damage|p2a: Latios|0 fnt
|faint|p2a: Latios
|
|
|switch|p2a: Landorus-Therian|Landorus-Therian, M|345\/345
|-damage|p2a: Landorus-Therian|302\/345|[from] Stealth Rock
|-ability|p2a: Landorus-Therian|Intimidate|[of] p1a: Gyarados
|-unboost|p1a: Gyarados|atk|1
|turn|21
|
|detailschange|p1a: Gyarados|Gyarados-Mega, M
|message|Gyarados has Mega Evolved into Mega Gyarados!
|-ability|p1a: Gyarados|Mold Breaker
|move|p1a: Gyarados|Waterfall|p2a: Landorus-Therian
|-supereffective|p2a: Landorus-Therian
|-damage|p2a: Landorus-Therian|68\/345
|move|p2a: Landorus-Therian|Knock Off|p1a: Gyarados
|-resisted|p1a: Gyarados
|-damage|p1a: Gyarados|229\/349
|
|-heal|p2a: Landorus-Therian|89\/345|[from] item: Leftovers
|turn|22
|
|move|p1a: Gyarados|Crunch|p2a: Landorus-Therian
|-damage|p2a: Landorus-Therian|0 fnt
|faint|p2a: Landorus-Therian
|
|
|switch|p2a: Lopunny|Lopunny, F|271\/271
|-damage|p2a: Lopunny|238\/271|[from] Stealth Rock
|-damage|p2a: Lopunny|171\/271|[from] Spikes
|turn|23
|
|detailschange|p2a: Lopunny|Lopunny-Mega, F
|message|Lopunny has Mega Evolved into Mega Lopunny!
|move|p2a: Lopunny|Fake Out|p1a: Gyarados
|-damage|p1a: Gyarados|156\/349
|cant|p1a: Gyarados|flinch
|
|turn|24
|
|move|p2a: Lopunny|High Jump Kick|p1a: Gyarados
|-supereffective|p1a: Gyarados
|-damage|p1a: Gyarados|0 fnt
|faint|p1a: Gyarados
|
|
|switch|p1a: Landorus-Therian|Landorus-Therian, M|286\/382 brn
|-damage|p1a: Landorus-Therian|239\/382 brn|[from] Stealth Rock
|-ability|p1a: Landorus-Therian|Intimidate|[of] p2a: Lopunny
|-unboost|p2a: Lopunny|atk|1
|turn|25
|
|move|p2a: Lopunny|Ice Punch|p1a: Landorus-Therian
|-supereffective|p1a: Landorus-Therian
|-damage|p1a: Landorus-Therian|31\/382 brn
|move|p1a: Landorus-Therian|Earthquake|p2a: Lopunny
|-damage|p2a: Lopunny|89\/271
|
|-heal|p1a: Landorus-Therian|54\/382 brn|[from] item: Leftovers
|-damage|p1a: Landorus-Therian|7\/382 brn|[from] brn
|turn|26
|
|move|p2a: Lopunny|Return|p1a: Landorus-Therian
|-damage|p1a: Landorus-Therian|0 fnt
|faint|p1a: Landorus-Therian
|
|
|switch|p1a: Latios|Latios, M|235\/302
|-damage|p1a: Latios|198\/302|[from] Stealth Rock
|turn|27
|
|move|p2a: Lopunny|Ice Punch|p1a: Latios
|-supereffective|p1a: Latios
|-damage|p1a: Latios|56\/302
|move|p1a: Latios|Psyshock|p2a: Lopunny
|-supereffective|p2a: Lopunny
|-damage|p2a: Lopunny|0 fnt
|-damage|p1a: Latios|26\/302|[from] item: Life Orb
|faint|p2a: Lopunny
|
|
|switch|p2a: Heatran|Heatran, M|239\/385
|-damage|p2a: Heatran|191\/385|[from] Stealth Rock
|-damage|p2a: Heatran|95\/385|[from] Spikes
|turn|28
|
|move|p2a: Heatran|Protect|p2a: Heatran
|-singleturn|p2a: Heatran|Protect
|move|p1a: Latios|Draco Meteor|p2a: Heatran
|-activate|p2a: Heatran|Protect
|
|-heal|p2a: Heatran|119\/385|[from] item: Leftovers
|turn|29
|
|move|p1a: Latios|Draco Meteor|p2a: Heatran
|-resisted|p2a: Heatran
|-damage|p2a: Heatran|11\/385
|-unboost|p1a: Latios|spa|2
|-damage|p1a: Latios|0 fnt|[from] item: Life Orb
|faint|p1a: Latios
|move|p2a: Heatran|Lava Plume|p1: Latios|[notarget]
|-notarget
|
|-heal|p2a: Heatran|35\/385|[from] item: Leftovers
|
|switch|p1a: Greninja|Greninja, M|194\/285
|-damage|p1a: Greninja|159\/285|[from] Stealth Rock
|turn|30
|
|move|p2a: Heatran|Protect|p2a: Heatran
|-singleturn|p2a: Heatran|Protect
|move|p1a: Greninja|Hydro Pump|p2a: Heatran
|-start|p1a: Greninja|typechange|Water|[from] Protean
|-activate|p2a: Heatran|Protect
|
|-heal|p2a: Heatran|59\/385|[from] item: Leftovers
|turn|31
|
|move|p1a: Greninja|Hydro Pump|p2a: Heatran
|-supereffective|p2a: Heatran
|-damage|p2a: Heatran|0 fnt
|-damage|p1a: Greninja|131\/285|[from] item: Life Orb
|faint|p2a: Heatran
|
|
|switch|p2a: Scizor|Scizor, F|174\/343
|-damage|p2a: Scizor|89\/343|[from] Spikes
|-damage|p2a: Scizor|47\/343|[from] Stealth Rock
|turn|32
|
|move|p2a: Scizor|Bullet Punch|p1a: Greninja
|-resisted|p1a: Greninja
|-damage|p1a: Greninja|10\/285
|move|p1a: Greninja|Dark Pulse|p2a: Scizor
|-start|p1a: Greninja|typechange|Dark|[from] Protean
|-damage|p2a: Scizor|0 fnt
|-damage|p1a: Greninja|0 fnt|[from] item: Life Orb
|faint|p2a: Scizor
|faint|p1a: Greninja
|
|win|G123rocks
|raw|Ladder updating...
|raw|G123rocks's rating: 1477 &rarr; <strong>1494<\/strong><br \/>(+17 for winning)
|raw|MetaFalken's rating: 1432 &rarr; <strong>1415<\/strong><br \/>(-17 for losing)
|leave|G123rocks
|player|p1