|join|MetaFalken
|player|p1|Guest 587898|101
|player|p2|MetaFalken|163
|gametype|singles
|gen|6
|tier|OU
|rated
|clearpoke
|poke|p1|Umbreon, F
|poke|p1|Swampert, M
|poke|p1|Forretress, M
|poke|p1|Breloom, F
|poke|p1|Crobat, F
|poke|p1|Chandelure, M
|poke|p2|Scizor, M
|poke|p2|Rotom-Wash
|poke|p2|Landorus-Therian, M
|poke|p2|Lopunny, F
|poke|p2|Heatran, F
|poke|p2|Latios, M
|rule|Swagger Clause: Swagger is banned
|rule|Baton Pass Clause: Limit one PokÃ©mon knowing Baton Pass
|rule|Sleep Clause Mod: Limit one foe put to sleep
|rule|Species Clause: Limit one of each PokÃ©mon
|rule|OHKO Clause: OHKO moves are banned
|rule|Moody Clause: Moody is banned
|rule|Evasion Moves Clause: Evasion moves are banned
|rule|Endless Battle Clause: Forcing endless battles is banned
|rule|HP Percentage Mod: HP is shown in percentages
|teampreview
|
|start
|switch|p1a: Swampert|Swampert, M|361\/361
|switch|p2a: Landorus-Therian|Landorus-Therian, M|345\/345
|-ability|p2a: Landorus-Therian|Intimidate|[of] p1a: Swampert
|-unboost|p1a: Swampert|atk|1
|turn|1
|
|detailschange|p1a: Swampert|Swampert-Mega, M
|message|Swampert has Mega Evolved into Mega Swampert!
|move|p2a: Landorus-Therian|U-turn|p1a: Swampert
|-damage|p1a: Swampert|295\/361
|
|switch|p2a: Rotom-Wash|Rotom-Wash|303\/303
|move|p1a: Swampert|Waterfall|p2a: Rotom-Wash
|-resisted|p2a: Rotom-Wash
|-damage|p2a: Rotom-Wash|259\/303
|
|-heal|p2a: Rotom-Wash|277\/303|[from] item: Leftovers
|turn|2
|
|switch|p1a: Umbreon|Umbreon, F|394\/394
|move|p2a: Rotom-Wash|Will-O-Wisp|p1a: Umbreon
|-status|p1a: Umbreon|brn
|-status|p2a: Rotom-Wash|brn
|
|-heal|p2a: Rotom-Wash|295\/303 brn|[from] item: Leftovers
|-damage|p2a: Rotom-Wash|258\/303 brn|[from] brn
|-damage|p1a: Umbreon|345\/394 brn|[from] brn
|turn|3
|
|move|p2a: Rotom-Wash|Volt Switch|p1a: Umbreon
|-damage|p1a: Umbreon|296\/394 brn
|join|Le Cobbler
|
|switch|p2a: Scizor|Scizor, M|343\/343
|move|p1a: Umbreon|Heal Bell|p1a: Umbreon
|-cureteam|p1a: Umbreon|[from] move: HealBell
|
|-heal|p1a: Umbreon|320\/394|[from] item: Leftovers
|turn|4
|
|move|p2a: Scizor|U-turn|p1a: Umbreon
|-supereffective|p1a: Umbreon
|-damage|p1a: Umbreon|0 fnt
|faint|p1a: Umbreon
|
|switch|p2a: Rotom-Wash|Rotom-Wash|258\/303 brn
|
|-heal|p2a: Rotom-Wash|276\/303 brn|[from] item: Leftovers
|-damage|p2a: Rotom-Wash|239\/303 brn|[from] brn
|
|switch|p1a: Breloom|Breloom, F|262\/262
|turn|5
|leave|Le Cobbler
|
|switch|p2a: Latios|Latios, M|301\/301
|move|p1a: Breloom|Bullet Seed|p2a: Latios
|-resisted|p2a: Latios
|-damage|p2a: Latios|256\/301
|-resisted|p2a: Latios
|-damage|p2a: Latios|211\/301
|-resisted|p2a: Latios
|-damage|p2a: Latios|169\/301
|-hitcount|p2a: Latios|3
|
|turn|6
|
|move|p2a: Latios|Psyshock|p1a: Breloom
|-supereffective|p1a: Breloom
|-enditem|p1a: Breloom|Focus Sash
|-damage|p1a: Breloom|1\/262
|-damage|p2a: Latios|139\/301|[from] item: Life Orb
|move|p1a: Breloom|Rock Tomb|p2a: Latios
|-damage|p2a: Latios|0 fnt
|faint|p2a: Latios
|
|
|switch|p2a: Scizor|Scizor, M|343\/343
|turn|7
|
|switch|p1a: Chandelure|Chandelure, M|324\/324
|move|p2a: Scizor|Bullet Punch|p1a: Chandelure
|-resisted|p1a: Chandelure
|-damage|p1a: Chandelure|235\/324
|
|-heal|p1a: Chandelure|255\/324|[from] item: Leftovers
|turn|8
|
|switch|p2a: Heatran|Heatran, F|385\/385
|move|p1a: Chandelure|Shadow Ball|p2a: Heatran
|-damage|p2a: Heatran|253\/385
|
|-heal|p2a: Heatran|277\/385|[from] item: Leftovers
|-heal|p1a: Chandelure|275\/324|[from] item: Leftovers
|turn|9
|
|switch|p1a: Breloom|Breloom, F|1\/262
|move|p2a: Heatran|Toxic|p1a: Breloom
|-status|p1a: Breloom|tox
|
|-heal|p2a: Heatran|301\/385|[from] item: Leftovers
|-damage|p1a: Breloom|0 fnt|[from] psn
|faint|p1a: Breloom
|
|switch|p1a: Swampert|Swampert-Mega, M|295\/361
|turn|10
|
|switch|p2a: Rotom-Wash|Rotom-Wash|239\/303 brn
|move|p1a: Swampert|Rain Dance|p1a: Swampert
|-weather|RainDance
|
|-weather|RainDance|[upkeep]
|-heal|p2a: Rotom-Wash|257\/303 brn|[from] item: Leftovers
|-damage|p2a: Rotom-Wash|220\/303 brn|[from] brn
|turn|11
|
|move|p1a: Swampert|Waterfall|p2a: Rotom-Wash
|-resisted|p2a: Rotom-Wash
|-damage|p2a: Rotom-Wash|120\/303 brn
|move|p2a: Rotom-Wash|Hydro Pump|p1a: Swampert|[miss]
|-miss|p2a: Rotom-Wash|p1a: Swampert
|
|-weather|RainDance|[upkeep]
|-heal|p2a: Rotom-Wash|138\/303 brn|[from] item: Leftovers
|-damage|p2a: Rotom-Wash|101\/303 brn|[from] brn
|turn|12
|
|move|p1a: Swampert|Waterfall|p2a: Rotom-Wash
|-resisted|p2a: Rotom-Wash
|-damage|p2a: Rotom-Wash|14\/303 brn
|cant|p2a: Rotom-Wash|flinch
|
|-weather|RainDance|[upkeep]
|-heal|p2a: Rotom-Wash|32\/303 brn|[from] item: Leftovers
|-damage|p2a: Rotom-Wash|0 fnt|[from] brn
|faint|p2a: Rotom-Wash
|
|switch|p2a: Lopunny|Lopunny, F|271\/271
|turn|13
|
|detailschange|p2a: Lopunny|Lopunny-Mega, F
|message|Lopunny has Mega Evolved into Mega Lopunny!
|move|p2a: Lopunny|Fake Out|p1a: Swampert
|-damage|p1a: Swampert|229\/361
|cant|p1a: Swampert|flinch
|
|-weather|RainDance|[upkeep]
|turn|14
|
|move|p1a: Swampert|Waterfall|p2a: Lopunny
|-damage|p2a: Lopunny|0 fnt
|faint|p2a: Lopunny
|
|-weather|none
|
|switch|p2a: Landorus-Therian|Landorus-Therian, M|345\/345
|-ability|p2a: Landorus-Therian|Intimidate|[of] p1a: Swampert
|-unboost|p1a: Swampert|atk|1
|turn|15
|
|move|p2a: Landorus-Therian|U-turn|p1a: Swampert
|-damage|p1a: Swampert|160\/361
|
|switch|p2a: Scizor|Scizor, M|343\/343
|move|p1a: Swampert|Waterfall|p2a: Scizor
|-damage|p2a: Scizor|229\/343
|
|turn|16
|
|switch|p1a: Chandelure|Chandelure, M|275\/324
|move|p2a: Scizor|U-turn|p1a: Chandelure
|-resisted|p1a: Chandelure
|-damage|p1a: Chandelure|217\/324
|
|switch|p2a: Landorus-Therian|Landorus-Therian, M|345\/345
|-ability|p2a: Landorus-Therian|Intimidate|[of] p1a: Chandelure
|-unboost|p1a: Chandelure|atk|1
|
|-heal|p1a: Chandelure|237\/324|[from] item: Leftovers
|turn|17
|
|move|p2a: Landorus-Therian|Stone Edge|p1a: Chandelure
|-supereffective|p1a: Chandelure
|-damage|p1a: Chandelure|15\/324
|move|p1a: Chandelure|Shadow Ball|p2a: Landorus-Therian
|-damage|p2a: Landorus-Therian|150\/345
|
|-heal|p2a: Landorus-Therian|171\/345|[from] item: Leftovers
|-heal|p1a: Chandelure|35\/324|[from] item: Leftovers
|turn|18
|
|switch|p1a: Forretress|Forretress, M|354\/354
|move|p2a: Landorus-Therian|U-turn|p1a: Forretress
|-resisted|p1a: Forretress
|-damage|p1a: Forretress|333\/354
|
|switch|p2a: Heatran|Heatran, F|301\/385
|
|-heal|p2a: Heatran|325\/385|[from] item: Leftovers
|-heal|p1a: Forretress|354\/354|[from] item: Leftovers
|turn|19
|
|move|p2a: Heatran|Toxic|p1a: Forretress|[miss]
|-miss|p2a: Heatran|p1a: Forretress
|move|p1a: Forretress|Pain Split|p2a: Heatran
|-sethp|p2a: Heatran|339\/385|p1a: Forretress|339\/354|[from] move: Pain Split
|
|-heal|p2a: Heatran|363\/385|[from] item: Leftovers
|-heal|p1a: Forretress|354\/354|[from] item: Leftovers
|turn|20
|
|move|p2a: Heatran|Toxic|p1a: Forretress
|-fail|p1a: Forretress
|move|p1a: Forretress|Stealth Rock|p2a: Heatran
|-sidestart|p2: MetaFalken|move: Stealth Rock
|
|-heal|p2a: Heatran|385\/385|[from] item: Leftovers
|turn|21
|
|move|p2a: Heatran|Toxic|p1a: Forretress
|-fail|p1a: Forretress
|move|p1a: Forretress|Gyro Ball|p2a: Heatran
|-resisted|p2a: Heatran
|-damage|p2a: Heatran|367\/385
|
|-heal|p2a: Heatran|385\/385|[from] item: Leftovers
|turn|22
|
|move|p2a: Heatran|Toxic|p1a: Forretress
|-fail|p1a: Forretress
|move|p1a: Forretress|Gyro Ball|p2a: Heatran
|-resisted|p2a: Heatran
|-damage|p2a: Heatran|369\/385
|
|-heal|p2a: Heatran|385\/385|[from] item: Leftovers
|turn|23
|
|switch|p1a: Crobat|Crobat, F|312\/312
|move|p2a: Heatran|Lava Plume|p1a: Crobat
|-damage|p1a: Crobat|164\/312
|-status|p1a: Crobat|brn
|
|-heal|p1a: Crobat|183\/312 brn|[from] item: Black Sludge
|-damage|p1a: Crobat|144\/312 brn|[from] brn
|turn|24
|
|move|p1a: Crobat|Brave Bird|p2a: Heatran
|-resisted|p2a: Heatran
|-damage|p2a: Heatran|345\/385
|-damage|p1a: Crobat|131\/312 brn|[from] recoil|[of] p2a: Heatran
|move|p2a: Heatran|Taunt|p1a: Crobat
|-start|p1a: Crobat|move: Taunt
|
|-heal|p1a: Crobat|150\/312 brn|[from] item: Black Sludge
|-heal|p2a: Heatran|369\/385|[from] item: Leftovers
|-damage|p1a: Crobat|111\/312 brn|[from] brn
|turn|25
|
|switch|p1a: Chandelure|Chandelure, M|35\/324
|move|p2a: Heatran|Protect|p2a: Heatran
|-fail|p2a: Heatran
|
|-heal|p2a: Heatran|385\/385|[from] item: Leftovers
|-heal|p1a: Chandelure|55\/324|[from] item: Leftovers
|turn|26
|
|move|p2a: Heatran|Toxic|p1a: Chandelure
|-status|p1a: Chandelure|tox
|move|p1a: Chandelure|Shadow Ball|p2a: Heatran
|-damage|p2a: Heatran|262\/385
|
|-heal|p2a: Heatran|286\/385|[from] item: Leftovers
|-heal|p1a: Chandelure|75\/324 tox|[from] item: Leftovers
|-damage|p1a: Chandelure|55\/324 tox|[from] psn
|turn|27
|
|move|p2a: Heatran|Protect|p2a: Heatran
|-singleturn|p2a: Heatran|Protect
|move|p1a: Chandelure|Shadow Ball|p2a: Heatran
|-activate|p2a: Heatran|Protect
|
|-heal|p2a: Heatran|310\/385|[from] item: Leftovers
|-heal|p1a: Chandelure|75\/324 tox|[from] item: Leftovers
|-damage|p1a: Chandelure|35\/324 tox|[from] psn
|turn|28
|
|move|p2a: Heatran|Toxic|p1a: Chandelure
|-fail|p1a: Chandelure|tox
|move|p1a: Chandelure|Shadow Ball|p2a: Heatran
|-damage|p2a: Heatran|198\/385
|
|-heal|p2a: Heatran|222\/385|[from] item: Leftovers
|-heal|p1a: Chandelure|55\/324 tox|[from] item: Leftovers
|-damage|p1a: Chandelure|0 fnt|[from] psn
|faint|p1a: Chandelure
|
|switch|p1a: Swampert|Swampert-Mega, M|160\/361
|turn|29
|
|move|p2a: Heatran|Protect|p2a: Heatran
|-singleturn|p2a: Heatran|Protect
|move|p1a: Swampert|Waterfall|p2a: Heatran
|-activate|p2a: Heatran|Protect
|
|-heal|p2a: Heatran|246\/385|[from] item: Leftovers
|turn|30
|
|switch|p2a: Scizor|Scizor, M|229\/343
|-damage|p2a: Scizor|187\/343|[from] Stealth Rock
|move|p1a: Swampert|Waterfall|p2a: Scizor
|-damage|p2a: Scizor|3\/343
|
|turn|31
|
|switch|p1a: Crobat|Crobat, F|111\/312 brn
|move|p2a: Scizor|U-turn|p1a: Crobat
|-resisted|p1a: Crobat
|-damage|p1a: Crobat|47\/312 brn
|
|switch|p2a: Heatran|Heatran, F|246\/385
|-damage|p2a: Heatran|198\/385|[from] Stealth Rock
|
|-heal|p1a: Crobat|66\/312 brn|[from] item: Black Sludge
|-heal|p2a: Heatran|222\/385|[from] item: Leftovers
|-damage|p1a: Crobat|27\/312 brn|[from] brn
|turn|32
|
|move|p1a: Crobat|Roost|p1a: Crobat
|-heal|p1a: Crobat|183\/312 brn
|move|p2a: Heatran|Lava Plume|p1a: Crobat
|-damage|p1a: Crobat|29\/312 brn
|
|-heal|p1a: Crobat|48\/312 brn|[from] item: Black Sludge
|-heal|p2a: Heatran|246\/385|[from] item: Leftovers
|-damage|p1a: Crobat|9\/312 brn|[from] brn
|turn|33
|
|move|p1a: Crobat|Brave Bird|p2a: Heatran
|-resisted|p2a: Heatran
|-damage|p2a: Heatran|206\/385
|-damage|p1a: Crobat|0 fnt|[from] recoil|[of] p2a: Heatran
|faint|p1a: Crobat
|move|p2a: Heatran|Lava Plume|p1: Crobat|[notarget]
|-notarget
|
|-heal|p2a: Heatran|230\/385|[from] item: Leftovers
|
|switch|p1a: Swampert|Swampert-Mega, M|160\/361
|turn|34
|
|move|p2a: Heatran|Protect|p2a: Heatran
|-singleturn|p2a: Heatran|Protect
|move|p1a: Swampert|Rain Dance|p1a: Swampert
|-weather|RainDance
|
|-weather|RainDance|[upkeep]
|-heal|p2a: Heatran|254\/385|[from] item: Leftovers
|turn|35
|
|move|p1a: Swampert|Waterfall|p2a: Heatran
|-supereffective|p2a: Heatran
|-damage|p2a: Heatran|0 fnt
|faint|p2a: Heatran
|
|-weather|RainDance|[upkeep]
|
|switch|p2a: Scizor|Scizor, M|3\/343
|-damage|p2a: Scizor|0 fnt|[from] Stealth Rock
|faint|p2a: Scizor
|
|switch|p2a: Landorus-Therian|Landorus-Therian, M|171\/345
|-damage|p2a: Landorus-Therian|128\/345|[from] Stealth Rock
|-ability|p2a: Landorus-Therian|Intimidate|[of] p1a: Swampert
|-unboost|p1a: Swampert|atk|1
|turn|36
|
|move|p1a: Swampert|Ice Punch|p2a: Landorus-Therian
|-supereffective|p2a: Landorus-Therian
|-damage|p2a: Landorus-Therian|0 fnt
|faint|p2a: Landorus-Therian
|
|win|Guest 587898
|raw|Ladder updating...
|raw|Guest 587898's rating: 1224 &rarr; <strong>1248<\/strong><br \/>(+24 for winning)
|raw|MetaFalken's rating: 1210 &rarr; <strong>1186<\/strong><br \/>(-24 for losing)