|join|Haytunes
|join|MetaFalken
|player|p1|Haytunes|213
|player|p2|MetaFalken|163
|gametype|singles
|gen|6
|tier|OU
|rated
|clearpoke
|poke|p1|Azumarill, M
|poke|p1|Scizor, M
|poke|p1|Gengar, F
|poke|p1|Landorus-Therian, M
|poke|p1|Celebi
|poke|p1|Heatran, M
|poke|p2|Scizor, F
|poke|p2|Rotom-Wash
|poke|p2|Landorus-Therian, M
|poke|p2|Lopunny, M
|poke|p2|Latios, M
|poke|p2|Porygon2
|rule|Swagger Clause: Swagger is banned
|rule|Baton Pass Clause: Limit one PokÃ©mon knowing Baton Pass
|rule|Sleep Clause Mod: Limit one foe put to sleep
|rule|Species Clause: Limit one of each PokÃ©mon
|rule|OHKO Clause: OHKO moves are banned
|rule|Moody Clause: Moody is banned
|rule|Evasion Moves Clause: Evasion moves are banned
|rule|Endless Battle Clause: Forcing endless battles is banned
|rule|HP Percentage Mod: HP is shown in percentages
|teampreview
|
|start
|switch|p1a: Landorus-Therian|Landorus-Therian, M|382\/382
|switch|p2a: Lopunny|Lopunny, M|271\/271
|-ability|p1a: Landorus-Therian|Intimidate|[of] p2a: Lopunny
|-unboost|p2a: Lopunny|atk|1
|turn|1
|
|detailschange|p2a: Lopunny|Lopunny-Mega, M
|-mega|p2a: Lopunny|Lopunny|Lopunnite
|move|p2a: Lopunny|Fake Out|p1a: Landorus-Therian
|-damage|p1a: Landorus-Therian|342\/382
|cant|p1a: Landorus-Therian|flinch
|
|-heal|p1a: Landorus-Therian|365\/382|[from] item: Leftovers
|turn|2
|
|switch|p2a: Porygon2|Porygon2|374\/374
|-ability|p2a: Porygon2|Intimidate|[from] ability: Trace|[of] p1a: Landorus-Therian
|-ability|p2a: Porygon2|Intimidate|[of] p1a: Landorus-Therian
|-unboost|p1a: Landorus-Therian|atk|1
|move|p1a: Landorus-Therian|Earthquake|p2a: Porygon2
|-damage|p2a: Porygon2|301\/374
|
|-heal|p1a: Landorus-Therian|382\/382|[from] item: Leftovers
|turn|3
|
|switch|p1a: Azumarill|Azumarill, M|401\/401
|move|p2a: Porygon2|Ice Beam|p1a: Azumarill
|-resisted|p1a: Azumarill
|-damage|p1a: Azumarill|373\/401
|
|turn|4
|
|move|p2a: Porygon2|Thunderbolt|p1a: Azumarill
|-supereffective|p1a: Azumarill
|-damage|p1a: Azumarill|263\/401
|move|p1a: Azumarill|Knock Off|p2a: Porygon2
|-damage|p2a: Porygon2|195\/374
|-enditem|p2a: Porygon2|Eviolite|[from] move: Knock Off|[of] p1a: Azumarill
|
|turn|5
|
|switch|p2a: Rotom-Wash|Rotom-Wash|303\/303
|move|p1a: Azumarill|Play Rough|p2a: Rotom-Wash
|-damage|p2a: Rotom-Wash|168\/303
|
|-heal|p2a: Rotom-Wash|186\/303|[from] item: Leftovers
|turn|6
|
|switch|p1a: Celebi|Celebi|404\/404
|move|p2a: Rotom-Wash|Will-O-Wisp|p1a: Celebi|[miss]
|-miss|p2a: Rotom-Wash|p1a: Celebi
|
|-heal|p2a: Rotom-Wash|204\/303|[from] item: Leftovers
|turn|7
|
|move|p1a: Celebi|Giga Drain|p2a: Rotom-Wash
|-supereffective|p2a: Rotom-Wash
|-damage|p2a: Rotom-Wash|28\/303
|move|p2a: Rotom-Wash|Volt Switch|p1a: Celebi
|-crit|p1a: Celebi
|-resisted|p1a: Celebi
|-damage|p1a: Celebi|356\/404
|
|switch|p2a: Scizor|Scizor, F|343\/343
|
|-heal|p1a: Celebi|381\/404|[from] item: Leftovers
|turn|8
|
|move|p2a: Scizor|Pursuit|p1a: Celebi|[from]Pursuit
|-supereffective|p1a: Celebi
|-damage|p1a: Celebi|67\/404
|switch|p1a: Landorus-Therian|Landorus-Therian, M|382\/382
|-ability|p1a: Landorus-Therian|Intimidate|[of] p2a: Scizor
|-unboost|p2a: Scizor|atk|1
|
|turn|9
|
|switch|p2a: Porygon2|Porygon2|195\/374
|-ability|p2a: Porygon2|Intimidate|[from] ability: Trace|[of] p1a: Landorus-Therian
|-ability|p2a: Porygon2|Intimidate|[of] p1a: Landorus-Therian
|-unboost|p1a: Landorus-Therian|atk|1
|move|p1a: Landorus-Therian|Stealth Rock|p2a: Porygon2
|-sidestart|p2: MetaFalken|move: Stealth Rock
|
|turn|10
|
|switch|p1a: Heatran|Heatran, M|385\/385
|move|p2a: Porygon2|Recover|p2a: Porygon2
|-heal|p2a: Porygon2|374\/374
|
|turn|11
|
|switch|p2a: Landorus-Therian|Landorus-Therian, M|345\/345
|-damage|p2a: Landorus-Therian|302\/345|[from] Stealth Rock
|-ability|p2a: Landorus-Therian|Intimidate|[of] p1a: Heatran
|-unboost|p1a: Heatran|atk|1
|move|p1a: Heatran|Toxic|p2a: Landorus-Therian
|-status|p2a: Landorus-Therian|tox
|
|-heal|p2a: Landorus-Therian|323\/345 tox|[from] item: Leftovers
|-damage|p2a: Landorus-Therian|302\/345 tox|[from] psn
|turn|12
|
|switch|p1a: Landorus-Therian|Landorus-Therian, M|382\/382
|-ability|p1a: Landorus-Therian|Intimidate|[of] p2a: Landorus-Therian
|-unboost|p2a: Landorus-Therian|atk|1
|move|p2a: Landorus-Therian|Knock Off|p1a: Landorus-Therian
|-damage|p1a: Landorus-Therian|323\/382
|-enditem|p1a: Landorus-Therian|Leftovers|[from] move: Knock Off|[of] p2a: Landorus-Therian
|
|-heal|p2a: Landorus-Therian|323\/345 tox|[from] item: Leftovers
|-damage|p2a: Landorus-Therian|281\/345 tox|[from] psn
|turn|13
|
|move|p2a: Landorus-Therian|Stealth Rock|p1a: Landorus-Therian
|-sidestart|p1: Haytunes|move: Stealth Rock
|move|p1a: Landorus-Therian|U-turn|p2a: Landorus-Therian
|-resisted|p2a: Landorus-Therian
|-damage|p2a: Landorus-Therian|253\/345 tox
|
|switch|p1a: Azumarill|Azumarill, M|263\/401
|-damage|p1a: Azumarill|213\/401|[from] Stealth Rock
|
|-heal|p2a: Landorus-Therian|274\/345 tox|[from] item: Leftovers
|-damage|p2a: Landorus-Therian|211\/345 tox|[from] psn
|turn|14
|
|switch|p2a: Porygon2|Porygon2|374\/374
|-damage|p2a: Porygon2|328\/374|[from] Stealth Rock
|-ability|p2a: Porygon2|Huge Power|[from] ability: Trace|[of] p1a: Azumarill
|move|p1a: Azumarill|Waterfall|p2a: Porygon2
|-damage|p2a: Porygon2|123\/374
|
|turn|15
|
|switch|p1a: Celebi|Celebi|67\/404
|-damage|p1a: Celebi|17\/404|[from] Stealth Rock
|move|p2a: Porygon2|Thunder Wave|p1a: Celebi
|-status|p1a: Celebi|par
|
|-heal|p1a: Celebi|42\/404 par|[from] item: Leftovers
|turn|16
|
|move|p2a: Porygon2|Recover|p2a: Porygon2
|-heal|p2a: Porygon2|310\/374
|move|p1a: Celebi|Recover|p1a: Celebi
|-heal|p1a: Celebi|244\/404 par
|
|-heal|p1a: Celebi|269\/404 par|[from] item: Leftovers
|turn|17
|
|switch|p1a: Heatran|Heatran, M|385\/385
|-damage|p1a: Heatran|337\/385|[from] Stealth Rock
|move|p2a: Porygon2|Ice Beam|p1a: Heatran
|-resisted|p1a: Heatran
|-damage|p1a: Heatran|325\/385
|
|-heal|p1a: Heatran|349\/385|[from] item: Leftovers
|turn|18
|
|move|p1a: Heatran|Lava Plume|p2a: Porygon2
|-damage|p2a: Porygon2|228\/374
|move|p2a: Porygon2|Thunder Wave|p1a: Heatran
|-status|p1a: Heatran|par
|
|-heal|p1a: Heatran|373\/385 par|[from] item: Leftovers
|turn|19
|
|switch|p2a: Landorus-Therian|Landorus-Therian, M|211\/345 tox
|-damage|p2a: Landorus-Therian|168\/345 tox|[from] Stealth Rock
|-ability|p2a: Landorus-Therian|Intimidate|[of] p1a: Heatran
|-unboost|p1a: Heatran|atk|1
|cant|p1a: Heatran|par
|
|-heal|p2a: Landorus-Therian|189\/345 tox|[from] item: Leftovers
|-heal|p1a: Heatran|385\/385 par|[from] item: Leftovers
|-damage|p2a: Landorus-Therian|168\/345 tox|[from] psn
|turn|20
|
|switch|p1a: Landorus-Therian|Landorus-Therian, M|323\/382
|-damage|p1a: Landorus-Therian|276\/382|[from] Stealth Rock
|-ability|p1a: Landorus-Therian|Intimidate|[of] p2a: Landorus-Therian
|-unboost|p2a: Landorus-Therian|atk|1
|move|p2a: Landorus-Therian|Knock Off|p1a: Landorus-Therian
|-damage|p1a: Landorus-Therian|241\/382
|
|-heal|p2a: Landorus-Therian|189\/345 tox|[from] item: Leftovers
|-damage|p2a: Landorus-Therian|147\/345 tox|[from] psn
|turn|21
|
|switch|p2a: Porygon2|Porygon2|228\/374
|-damage|p2a: Porygon2|182\/374|[from] Stealth Rock
|-ability|p2a: Porygon2|Intimidate|[from] ability: Trace|[of] p1a: Landorus-Therian
|-ability|p2a: Porygon2|Intimidate|[of] p1a: Landorus-Therian
|-unboost|p1a: Landorus-Therian|atk|1
|move|p1a: Landorus-Therian|Stone Edge|p2a: Porygon2
|-crit|p2a: Porygon2
|-damage|p2a: Porygon2|0 fnt
|faint|p2a: Porygon2
|
|
|switch|p2a: Latios|Latios, M|301\/301
|-damage|p2a: Latios|264\/301|[from] Stealth Rock
|turn|22
|
|move|p2a: Latios|Defog|p1a: Landorus-Therian
|-unboost|p1a: Landorus-Therian|evasion|1
|-sideend|p1: Haytunes|Stealth Rock|[from] move: Defog|[of] p1a: Landorus-Therian
|-sideend|p2: MetaFalken|Stealth Rock|[from] move: Defog|[of] p2a: Latios
|move|p1a: Landorus-Therian|U-turn|p2a: Latios
|-supereffective|p2a: Latios
|-damage|p2a: Latios|138\/301
|
|switch|p1a: Celebi|Celebi|269\/404
|
|-heal|p1a: Celebi|294\/404|[from] item: Leftovers
|turn|23
|
|move|p2a: Latios|Recover|p2a: Latios
|-heal|p2a: Latios|289\/301
|move|p1a: Celebi|Thunder Wave|p2a: Latios
|-status|p2a: Latios|par
|
|-heal|p1a: Celebi|319\/404|[from] item: Leftovers
|turn|24
|
|switch|p2a: Scizor|Scizor, F|343\/343
|move|p1a: Celebi|Giga Drain|p2a: Scizor
|-resisted|p2a: Scizor
|-damage|p2a: Scizor|316\/343
|-heal|p1a: Celebi|333\/404|[from] drain|[of] p2a: Scizor
|
|-heal|p1a: Celebi|358\/404|[from] item: Leftovers
|turn|25
|
|move|p1a: Celebi|Thunder Wave|p2a: Scizor
|-status|p2a: Scizor|par
|move|p2a: Scizor|U-turn|p1a: Celebi
|-supereffective|p1a: Celebi
|-damage|p1a: Celebi|0 fnt
|faint|p1a: Celebi
|
|switch|p2a: Rotom-Wash|Rotom-Wash|28\/303
|
|-heal|p2a: Rotom-Wash|46\/303|[from] item: Leftovers
|
|switch|p1a: Gengar|Gengar, F|268\/268
|turn|26
|
|switch|p2a: Lopunny|Lopunny-Mega, M|271\/271
|move|p1a: Gengar|Sludge Wave|p2a: Lopunny
|-damage|p2a: Lopunny|106\/271
|
|turn|27
|
|switch|p1a: Landorus-Therian|Landorus-Therian, M|241\/382
|-ability|p1a: Landorus-Therian|Intimidate|[of] p2a: Lopunny
|-unboost|p2a: Lopunny|atk|1
|move|p2a: Lopunny|Fake Out|p1a: Landorus-Therian
|-damage|p1a: Landorus-Therian|204\/382
|
|turn|28
|
|switch|p2a: Latios|Latios, M|289\/301 par
|move|p1a: Landorus-Therian|Stone Edge|p2a: Latios
|-crit|p2a: Latios
|-damage|p2a: Latios|87\/301 par
|
|turn|29
|
|move|p1a: Landorus-Therian|U-turn|p2a: Latios
|-supereffective|p2a: Latios
|-damage|p2a: Latios|0 fnt
|faint|p2a: Latios
|
|switch|p1a: Azumarill|Azumarill, M|213\/401
|
|
|switch|p2a: Rotom-Wash|Rotom-Wash|46\/303
|turn|30
|
|move|p2a: Rotom-Wash|Will-O-Wisp|p1a: Azumarill
|-status|p1a: Azumarill|brn
|move|p1a: Azumarill|Knock Off|p2a: Rotom-Wash
|-damage|p2a: Rotom-Wash|0 fnt
|-enditem|p2a: Rotom-Wash|Leftovers|[from] move: Knock Off|[of] p1a: Azumarill
|faint|p2a: Rotom-Wash
|
|-damage|p1a: Azumarill|163\/401 brn|[from] brn
|
|switch|p2a: Lopunny|Lopunny-Mega, M|106\/271
|turn|31
|
|move|p2a: Lopunny|Fake Out|p1a: Azumarill
|-damage|p1a: Azumarill|70\/401 brn
|cant|p1a: Azumarill|flinch
|
|-damage|p1a: Azumarill|20\/401 brn|[from] brn
|turn|32
|
|move|p1a: Azumarill|Aqua Jet|p2a: Lopunny
|-damage|p2a: Lopunny|55\/271
|move|p2a: Lopunny|Return|p1a: Azumarill
|-damage|p1a: Azumarill|0 fnt
|faint|p1a: Azumarill
|
|
|switch|p1a: Landorus-Therian|Landorus-Therian, M|204\/382
|-ability|p1a: Landorus-Therian|Intimidate|[of] p2a: Lopunny
|-unboost|p2a: Lopunny|atk|1
|turn|33
|
|switch|p2a: Landorus-Therian|Landorus-Therian, M|147\/345 tox
|-ability|p2a: Landorus-Therian|Intimidate|[of] p1a: Landorus-Therian
|-unboost|p1a: Landorus-Therian|atk|1
|move|p1a: Landorus-Therian|Stone Edge|p2a: Landorus-Therian
|-damage|p2a: Landorus-Therian|92\/345 tox
|
|-heal|p2a: Landorus-Therian|113\/345 tox|[from] item: Leftovers
|-damage|p2a: Landorus-Therian|92\/345 tox|[from] psn
|turn|34
|
|move|p2a: Landorus-Therian|U-turn|p1a: Landorus-Therian
|-resisted|p1a: Landorus-Therian
|-damage|p1a: Landorus-Therian|176\/382
|
|switch|p2a: Scizor|Scizor, F|316\/343 par
|move|p1a: Landorus-Therian|U-turn|p2a: Scizor
|-resisted|p2a: Scizor
|-damage|p2a: Scizor|288\/343 par
|
|switch|p1a: Heatran|Heatran, M|385\/385 par
|
|turn|35
|
|move|p1a: Heatran|Lava Plume|p2a: Scizor
|-supereffective|p2a: Scizor
|-damage|p2a: Scizor|0 fnt
|faint|p2a: Scizor
|
|
|switch|p2a: Lopunny|Lopunny-Mega, M|55\/271
|turn|36
|
|move|p1a: Heatran|Protect|p1a: Heatran
|-singleturn|p1a: Heatran|Protect
|move|p2a: Lopunny|High Jump Kick|p1a: Heatran
|-activate|p1a: Heatran|Protect
|-damage|p2a: Lopunny|0 fnt|[from] highjumpkick
|faint|p2a: Lopunny
|
|-message|MetaFalken forfeited.
|
|win|Haytunes
|raw|Ladder updating...
|leave|MetaFalken
|player|p2
|raw|Haytunes's rating: 1520 &rarr; <strong>1534<\/strong><br \/>(+14 for winning)
|raw|MetaFalken's rating: 1419 &rarr; <strong>1404<\/strong><br \/>(-15 for losing)