|join|MetaFalken
|join|PBC Mxacr
|player|p1|MetaFalken|163
|player|p2|PBC Mxacr|190
|gametype|singles
|gen|6
|tier|OU
|rated
|clearpoke
|poke|p1|Scizor, F
|poke|p1|Rotom-Wash
|poke|p1|Landorus-Therian, M
|poke|p1|Lopunny, M
|poke|p1|Latios, M
|poke|p1|Porygon2
|poke|p2|Gallade, M
|poke|p2|Bisharp, F, shiny
|poke|p2|Gengar, F, shiny
|poke|p2|Sylveon, F, shiny
|poke|p2|Ferrothorn, F, shiny
|poke|p2|Garchomp, F
|rule|Swagger Clause: Swagger is banned
|rule|Baton Pass Clause: Limit one PokÃ©mon knowing Baton Pass
|rule|Sleep Clause Mod: Limit one foe put to sleep
|rule|Species Clause: Limit one of each PokÃ©mon
|rule|OHKO Clause: OHKO moves are banned
|rule|Moody Clause: Moody is banned
|rule|Evasion Moves Clause: Evasion moves are banned
|rule|Endless Battle Clause: Forcing endless battles is banned
|rule|HP Percentage Mod: HP is shown in percentages
|teampreview
|
|start
|switch|p1a: Porygon2|Porygon2|374\/374
|switch|p2a: Ferrothorn|Ferrothorn, F, shiny|352\/352
|-ability|p1a: Porygon2|Iron Barbs|[from] ability: Trace|[of] p2a: Ferrothorn
|turn|1
|
|switch|p1a: Landorus-Therian|Landorus-Therian, M|345\/345
|-ability|p1a: Landorus-Therian|Intimidate|[of] p2a: Ferrothorn
|-unboost|p2a: Ferrothorn|atk|1
|move|p2a: Ferrothorn|Leech Seed|p1a: Landorus-Therian
|-start|p1a: Landorus-Therian|move: Leech Seed
|
|-damage|p1a: Landorus-Therian|302\/345|[from] Leech Seed|[of] p2a: Ferrothorn
|turn|2
|
|move|p1a: Landorus-Therian|Stealth Rock|p2a: Ferrothorn
|-sidestart|p2: PBC Mxacr|move: Stealth Rock
|move|p2a: Ferrothorn|Stealth Rock|p1a: Landorus-Therian
|-sidestart|p1: MetaFalken|move: Stealth Rock
|
|-heal|p1a: Landorus-Therian|323\/345|[from] item: Leftovers
|-damage|p1a: Landorus-Therian|280\/345|[from] Leech Seed|[of] p2a: Ferrothorn
|turn|3
|
|move|p1a: Landorus-Therian|Knock Off|p2a: Ferrothorn
|-damage|p2a: Ferrothorn|281\/352
|-damage|p1a: Landorus-Therian|237\/345|[from] ability: Iron Barbs|[of] p2a: Ferrothorn
|-damage|p1a: Landorus-Therian|180\/345|[from] item: Rocky Helmet|[of] p2a: Ferrothorn
|-enditem|p2a: Ferrothorn|Rocky Helmet|[from] move: Knock Off|[of] p1a: Landorus-Therian
|move|p2a: Ferrothorn|Gyro Ball|p1a: Landorus-Therian
|-damage|p1a: Landorus-Therian|98\/345
|
|-heal|p1a: Landorus-Therian|119\/345|[from] item: Leftovers
|-damage|p1a: Landorus-Therian|76\/345|[from] Leech Seed|[of] p2a: Ferrothorn
|-heal|p2a: Ferrothorn|324\/352|[silent]
|turn|4
|
|switch|p1a: Rotom-Wash|Rotom-Wash|303\/303
|-damage|p1a: Rotom-Wash|266\/303|[from] Stealth Rock
|move|p2a: Ferrothorn|Leech Seed|p1a: Rotom-Wash
|-start|p1a: Rotom-Wash|move: Leech Seed
|
|-heal|p1a: Rotom-Wash|284\/303|[from] item: Leftovers
|-damage|p1a: Rotom-Wash|247\/303|[from] Leech Seed|[of] p2a: Ferrothorn
|-heal|p2a: Ferrothorn|352\/352|[silent]
|turn|5
|
|move|p2a: Ferrothorn|Protect|p2a: Ferrothorn
|-singleturn|p2a: Ferrothorn|Protect
|move|p1a: Rotom-Wash|Will-O-Wisp|p2a: Ferrothorn
|-activate|p2a: Ferrothorn|Protect
|
|-heal|p1a: Rotom-Wash|265\/303|[from] item: Leftovers
|-damage|p1a: Rotom-Wash|228\/303|[from] Leech Seed|[of] p2a: Ferrothorn
|turn|6
|
|switch|p2a: Gengar|Gengar, F, shiny|262\/262
|-damage|p2a: Gengar|230\/262|[from] Stealth Rock
|move|p1a: Rotom-Wash|Volt Switch|p2a: Gengar
|-damage|p2a: Gengar|119\/262
|
|switch|p1a: Scizor|Scizor, F|343\/343
|-damage|p1a: Scizor|301\/343|[from] Stealth Rock
|
|turn|7
|
|switch|p2a: Ferrothorn|Ferrothorn, F, shiny|352\/352
|-damage|p2a: Ferrothorn|330\/352|[from] Stealth Rock
|move|p1a: Scizor|Knock Off|p2a: Ferrothorn
|-damage|p2a: Ferrothorn|249\/352
|-damage|p1a: Scizor|259\/343|[from] ability: Iron Barbs|[of] p2a: Ferrothorn
|
|turn|8
|
|switch|p1a: Lopunny|Lopunny, M|271\/271
|-damage|p1a: Lopunny|238\/271|[from] Stealth Rock
|move|p2a: Ferrothorn|Leech Seed|p1a: Lopunny|[miss]
|-miss|p2a: Ferrothorn|p1a: Lopunny
|
|turn|9
|
|detailschange|p1a: Lopunny|Lopunny-Mega, M
|-mega|p1a: Lopunny|Lopunny|Lopunnite
|move|p1a: Lopunny|Fake Out|p2a: Ferrothorn
|-resisted|p2a: Ferrothorn
|-damage|p2a: Ferrothorn|224\/352
|-damage|p1a: Lopunny|205\/271|[from] ability: Iron Barbs|[of] p2a: Ferrothorn
|cant|p2a: Ferrothorn|flinch
|
|turn|10
|
|move|p1a: Lopunny|Ice Punch|p2a: Ferrothorn
|-damage|p2a: Ferrothorn|159\/352
|-damage|p1a: Lopunny|172\/271|[from] ability: Iron Barbs|[of] p2a: Ferrothorn
|move|p2a: Ferrothorn|Gyro Ball|p1a: Lopunny
|-damage|p1a: Lopunny|3\/271
|
|turn|11
|
|switch|p2a: Gengar|Gengar, F, shiny|119\/262
|-damage|p2a: Gengar|87\/262|[from] Stealth Rock
|move|p1a: Lopunny|High Jump Kick|p2a: Gengar
|-resisted|p2a: Gengar
|-damage|p2a: Gengar|0 fnt
|faint|p2a: Gengar
|
|c|âPBC Mxacr|forgot bout that
|
|switch|p2a: Garchomp|Garchomp, F|357\/357
|-damage|p2a: Garchomp|335\/357|[from] Stealth Rock
|turn|12
|
|move|p2a: Garchomp|Dragon Claw|p1a: Lopunny
|-damage|p1a: Lopunny|0 fnt
|faint|p1a: Lopunny
|
|c|âPBC Mxacr|scrappy
|
|switch|p1a: Scizor|Scizor, F|259\/343
|-damage|p1a: Scizor|217\/343|[from] Stealth Rock
|turn|13
|
|switch|p2a: Ferrothorn|Ferrothorn, F, shiny|159\/352
|-damage|p2a: Ferrothorn|137\/352|[from] Stealth Rock
|move|p1a: Scizor|Bullet Punch|p2a: Ferrothorn
|-resisted|p2a: Ferrothorn
|-damage|p2a: Ferrothorn|76\/352
|-damage|p1a: Scizor|175\/343|[from] ability: Iron Barbs|[of] p2a: Ferrothorn
|
|turn|14
|
|switch|p1a: Rotom-Wash|Rotom-Wash|228\/303
|-damage|p1a: Rotom-Wash|191\/303|[from] Stealth Rock
|move|p2a: Ferrothorn|Leech Seed|p1a: Rotom-Wash
|-start|p1a: Rotom-Wash|move: Leech Seed
|
|-heal|p1a: Rotom-Wash|209\/303|[from] item: Leftovers
|-damage|p1a: Rotom-Wash|172\/303|[from] Leech Seed|[of] p2a: Ferrothorn
|-heal|p2a: Ferrothorn|113\/352|[silent]
|turn|15
|
|move|p2a: Ferrothorn|Protect|p2a: Ferrothorn
|-singleturn|p2a: Ferrothorn|Protect
|move|p1a: Rotom-Wash|Will-O-Wisp|p2a: Ferrothorn
|-activate|p2a: Ferrothorn|Protect
|
|-heal|p1a: Rotom-Wash|190\/303|[from] item: Leftovers
|-damage|p1a: Rotom-Wash|153\/303|[from] Leech Seed|[of] p2a: Ferrothorn
|-heal|p2a: Ferrothorn|150\/352|[silent]
|turn|16
|
|move|p1a: Rotom-Wash|Will-O-Wisp|p2a: Ferrothorn
|-status|p2a: Ferrothorn|brn
|move|p2a: Ferrothorn|Gyro Ball|p1a: Rotom-Wash
|-resisted|p1a: Rotom-Wash
|-damage|p1a: Rotom-Wash|139\/303
|
|-heal|p1a: Rotom-Wash|157\/303|[from] item: Leftovers
|-damage|p1a: Rotom-Wash|120\/303|[from] Leech Seed|[of] p2a: Ferrothorn
|-heal|p2a: Ferrothorn|187\/352 brn|[silent]
|-damage|p2a: Ferrothorn|143\/352 brn|[from] brn
|turn|17
|
|switch|p2a: Sylveon|Sylveon, F, shiny|394\/394
|-damage|p2a: Sylveon|345\/394|[from] Stealth Rock
|move|p1a: Rotom-Wash|Volt Switch|p2a: Sylveon
|-damage|p2a: Sylveon|273\/394
|
|switch|p1a: Scizor|Scizor, F|175\/343
|-damage|p1a: Scizor|133\/343|[from] Stealth Rock
|
|-heal|p2a: Sylveon|297\/394|[from] item: Leftovers
|turn|18
|
|move|p2a: Sylveon|Protect|p2a: Sylveon
|-singleturn|p2a: Sylveon|Protect
|move|p1a: Scizor|Knock Off|p2a: Sylveon
|-activate|p2a: Sylveon|Protect
|
|-heal|p2a: Sylveon|321\/394|[from] item: Leftovers
|turn|19
|
|move|p1a: Scizor|Knock Off|p2a: Sylveon
|-resisted|p2a: Sylveon
|-damage|p2a: Sylveon|237\/394
|-enditem|p2a: Sylveon|Leftovers|[from] move: Knock Off|[of] p1a: Scizor
|move|p2a: Sylveon|Heal Bell|p2a: Sylveon
|-cureteam|p2a: Sylveon|[from] move: HealBell
|
|turn|20
|
|move|p1a: Scizor|Knock Off|p2a: Sylveon
|-resisted|p2a: Sylveon
|-damage|p2a: Sylveon|174\/394
|move|p2a: Sylveon|Wish|p2a: Sylveon
|
|turn|21
|
|switch|p1a: Rotom-Wash|Rotom-Wash|120\/303
|-damage|p1a: Rotom-Wash|83\/303|[from] Stealth Rock
|switch|p2a: Ferrothorn|Ferrothorn, F, shiny|143\/352
|-damage|p2a: Ferrothorn|121\/352|[from] Stealth Rock
|
|-heal|p2a: Ferrothorn|318\/352|[from] move: Wish|[wisher] Sylveon
|-heal|p1a: Rotom-Wash|101\/303|[from] item: Leftovers
|turn|22
|
|switch|p1a: Latios|Latios, M|301\/301
|-damage|p1a: Latios|264\/301|[from] Stealth Rock
|switch|p2a: Sylveon|Sylveon, F, shiny|174\/394
|-damage|p2a: Sylveon|125\/394|[from] Stealth Rock
|
|turn|23
|
|move|p1a: Latios|Psyshock|p2a: Sylveon
|-damage|p2a: Sylveon|0 fnt
|-damage|p1a: Latios|234\/301|[from] item: Life Orb
|faint|p2a: Sylveon
|
|
|switch|p2a: Garchomp|Garchomp, F|335\/357
|-damage|p2a: Garchomp|313\/357|[from] Stealth Rock
|turn|24
|
|switch|p1a: Porygon2|Porygon2|374\/374
|-damage|p1a: Porygon2|328\/374|[from] Stealth Rock
|-ability|p1a: Porygon2|Rough Skin|[from] ability: Trace|[of] p2a: Garchomp
|move|p2a: Garchomp|Fire Blast|p1a: Porygon2
|-crit|p1a: Porygon2
|-damage|p1a: Porygon2|277\/374
|
|turn|25
|
|switch|p2a: Gallade|Gallade, M|277\/277
|-damage|p2a: Gallade|260\/277|[from] Stealth Rock
|move|p1a: Porygon2|Ice Beam|p2a: Gallade
|-damage|p2a: Gallade|198\/277
|
|turn|26
|
|switch|p1a: Landorus-Therian|Landorus-Therian, M|76\/345
|-damage|p1a: Landorus-Therian|33\/345|[from] Stealth Rock
|-ability|p1a: Landorus-Therian|Intimidate|[of] p2a: Gallade
|-unboost|p2a: Gallade|atk|1
|detailschange|p2a: Gallade|Gallade-Mega, M
|-mega|p2a: Gallade|Gallade|Galladite
|move|p2a: Gallade|Swords Dance|p2a: Gallade
|-boost|p2a: Gallade|atk|2
|
|-heal|p1a: Landorus-Therian|54\/345|[from] item: Leftovers
|turn|27
|
|move|p2a: Gallade|Knock Off|p1a: Landorus-Therian
|-damage|p1a: Landorus-Therian|0 fnt
|-enditem|p1a: Landorus-Therian|Leftovers|[from] move: Knock Off|[of] p2a: Gallade
|faint|p1a: Landorus-Therian
|
|
|switch|p1a: Scizor|Scizor, F|133\/343
|-damage|p1a: Scizor|91\/343|[from] Stealth Rock
|turn|28
|
|move|p1a: Scizor|Bullet Punch|p2a: Gallade
|-damage|p2a: Gallade|20\/277
|move|p2a: Gallade|Knock Off|p1a: Scizor
|-damage|p1a: Scizor|0 fnt
|-enditem|p1a: Scizor|Choice Band|[from] move: Knock Off|[of] p2a: Gallade
|faint|p1a: Scizor
|
|
|switch|p1a: Latios|Latios, M|234\/301
|-damage|p1a: Latios|197\/301|[from] Stealth Rock
|turn|29
|
|switch|p2a: Bisharp|Bisharp, F, shiny|291\/291
|-damage|p2a: Bisharp|273\/291|[from] Stealth Rock
|move|p1a: Latios|Hidden Power|p2a: Bisharp
|-crit|p2a: Bisharp
|-supereffective|p2a: Bisharp
|-damage|p2a: Bisharp|0 fnt
|-damage|p1a: Latios|167\/301|[from] item: Life Orb
|faint|p2a: Bisharp
|
|
|switch|p2a: Garchomp|Garchomp, F|313\/357
|-damage|p2a: Garchomp|291\/357|[from] Stealth Rock
|turn|30
|
|switch|p1a: Porygon2|Porygon2|277\/374
|-damage|p1a: Porygon2|231\/374|[from] Stealth Rock
|-ability|p1a: Porygon2|Rough Skin|[from] ability: Trace|[of] p2a: Garchomp
|move|p2a: Garchomp|Dragon Claw|p1a: Porygon2
|-crit|p1a: Porygon2
|-damage|p1a: Porygon2|102\/374
|-damage|p2a: Garchomp|247\/357|[from] ability: Rough Skin|[of] p1a: Porygon2
|
|turn|31
|
|switch|p2a: Ferrothorn|Ferrothorn, F, shiny|318\/352
|-damage|p2a: Ferrothorn|296\/352|[from] Stealth Rock
|move|p1a: Porygon2|Recover|p1a: Porygon2
|-heal|p1a: Porygon2|289\/374
|
|turn|32
|
|move|p1a: Porygon2|Ice Beam|p2a: Ferrothorn
|-damage|p2a: Ferrothorn|238\/352
|move|p2a: Ferrothorn|Leech Seed|p1a: Porygon2
|-start|p1a: Porygon2|move: Leech Seed
|
|-damage|p1a: Porygon2|243\/374|[from] Leech Seed|[of] p2a: Ferrothorn
|-heal|p2a: Ferrothorn|284\/352|[silent]
|turn|33
|
|switch|p1a: Rotom-Wash|Rotom-Wash|101\/303
|-damage|p1a: Rotom-Wash|64\/303|[from] Stealth Rock
|move|p2a: Ferrothorn|Gyro Ball|p1a: Rotom-Wash
|-resisted|p1a: Rotom-Wash
|-damage|p1a: Rotom-Wash|35\/303
|
|-heal|p1a: Rotom-Wash|53\/303|[from] item: Leftovers
|turn|34
|
|move|p1a: Rotom-Wash|Pain Split|p2a: Ferrothorn
|-sethp|p2a: Ferrothorn|168\/352|p1a: Rotom-Wash|168\/303|[from] move: Pain Split
|move|p2a: Ferrothorn|Leech Seed|p1a: Rotom-Wash
|-start|p1a: Rotom-Wash|move: Leech Seed
|
|-heal|p1a: Rotom-Wash|186\/303|[from] item: Leftovers
|-damage|p1a: Rotom-Wash|149\/303|[from] Leech Seed|[of] p2a: Ferrothorn
|-heal|p2a: Ferrothorn|205\/352|[silent]
|turn|35
|
|switch|p1a: Latios|Latios, M|167\/301
|-damage|p1a: Latios|130\/301|[from] Stealth Rock
|move|p2a: Ferrothorn|Protect|p2a: Ferrothorn
|-fail|p2a: Ferrothorn
|
|turn|36
|
|move|p1a: Latios|Recover|p1a: Latios
|-heal|p1a: Latios|281\/301
|move|p2a: Ferrothorn|Gyro Ball|p1a: Latios
|-damage|p1a: Latios|95\/301
|
|turn|37
|
|move|p1a: Latios|Hidden Power|p2a: Ferrothorn
|-supereffective|p2a: Ferrothorn
|-damage|p2a: Ferrothorn|0 fnt
|-damage|p1a: Latios|65\/301|[from] item: Life Orb
|faint|p2a: Ferrothorn
|
|
|switch|p2a: Garchomp|Garchomp, F|247\/357
|-damage|p2a: Garchomp|225\/357|[from] Stealth Rock
|turn|38
|
|switch|p2a: Gallade|Gallade-Mega, M|20\/277
|-damage|p2a: Gallade|3\/277|[from] Stealth Rock
|switch|p1a: Porygon2|Porygon2|243\/374
|-damage|p1a: Porygon2|197\/374|[from] Stealth Rock
|-ability|p1a: Porygon2|Inner Focus|[from] ability: Trace|[of] p2a: Gallade
|
|turn|39
|
|switch|p1a: Latios|Latios, M|65\/301
|-damage|p1a: Latios|28\/301|[from] Stealth Rock
|move|p2a: Gallade|Knock Off|p1a: Latios
|-supereffective|p1a: Latios
|-damage|p1a: Latios|0 fnt
|-enditem|p1a: Latios|Life Orb|[from] move: Knock Off|[of] p2a: Gallade
|faint|p1a: Latios
|
|c|âPBC Mxacr|wp
|
|switch|p1a: Rotom-Wash|Rotom-Wash|149\/303
|-damage|p1a: Rotom-Wash|112\/303|[from] Stealth Rock
|turn|40
|
|move|p2a: Gallade|Close Combat|p1a: Rotom-Wash
|-damage|p1a: Rotom-Wash|0 fnt
|-unboost|p2a: Gallade|def|1
|-unboost|p2a: Gallade|spd|1
|faint|p1a: Rotom-Wash
|
|
|switch|p1a: Porygon2|Porygon2|197\/374
|-damage|p1a: Porygon2|151\/374|[from] Stealth Rock
|-ability|p1a: Porygon2|Inner Focus|[from] ability: Trace|[of] p2a: Gallade
|turn|41
|
|move|p2a: Gallade|Close Combat|p1a: Porygon2
|-supereffective|p1a: Porygon2
|-damage|p1a: Porygon2|0 fnt
|-unboost|p2a: Gallade|def|1
|-unboost|p2a: Gallade|spd|1
|faint|p1a: Porygon2
|
|win|PBC Mxacr
|raw|Ladder updating...
|raw|MetaFalken's rating: 1421 &rarr; <strong>1396<\/strong><br \/>(-25 for losing)
|raw|PBC Mxacr's rating: 1343 &rarr; <strong>1367<\/strong><br \/>(+24 for winning)
|leave|MetaFalken
|player|p1