|join|foncused
|join|MetaFalken
|player|p1|foncused|169
|player|p2|MetaFalken|163
|gametype|singles
|gen|6
|tier|OU
|rated
|clearpoke
|poke|p1|Gyarados, M
|poke|p1|Talonflame, F
|poke|p1|Latias, F
|poke|p1|Slowking, F
|poke|p1|Gliscor, M
|poke|p1|Kyurem-Black
|poke|p2|Skarmory, F
|poke|p2|Breloom, M
|poke|p2|Azumarill, M
|poke|p2|Venusaur, F
|poke|p2|Gyarados, M
|poke|p2|Tyranitar, F
|rule|Swagger Clause: Swagger is banned
|rule|Baton Pass Clause: Limit one PokÃ©mon knowing Baton Pass
|rule|Sleep Clause Mod: Limit one foe put to sleep
|rule|Species Clause: Limit one of each PokÃ©mon
|rule|OHKO Clause: OHKO moves are banned
|rule|Moody Clause: Moody is banned
|rule|Evasion Moves Clause: Evasion moves are banned
|rule|Endless Battle Clause: Forcing endless battles is banned
|rule|HP Percentage Mod: HP is shown in percentages
|teampreview
|
|start
|switch|p1a: Talonflame|Talonflame, F|345\/345
|switch|p2a: Breloom|Breloom, M|324\/324
|turn|1
|
|move|p2a: Breloom|Protect|p2a: Breloom
|-singleturn|p2a: Breloom|Protect
|move|p1a: Talonflame|Brave Bird|p2a: Breloom
|-activate|p2a: Breloom|Protect
|
|-status|p2a: Breloom|tox|[from] item: Toxic Orb
|turn|2
|
|switch|p1a: Gliscor|Gliscor, M|352\/352
|switch|p2a: Gyarados|Gyarados, M|353\/353
|-ability|p2a: Gyarados|Intimidate|[of] p1a: Gliscor
|-unboost|p1a: Gliscor|atk|1
|
|-status|p1a: Gliscor|tox|[from] item: Toxic Orb
|turn|3
|
|switch|p1a: Kyurem-Black|Kyurem-Black|413\/413
|-ability|p1a: Kyurem-Black|Teravolt
|move|p2a: Gyarados|Substitute|p2a: Gyarados
|-start|p2a: Gyarados|Substitute
|-damage|p2a: Gyarados|265\/353
|
|-heal|p2a: Gyarados|287\/353|[from] item: Leftovers
|turn|4
|
|move|p1a: Kyurem-Black|Fusion Bolt|p2a: Gyarados
|-supereffective|p2a: Gyarados
|-end|p2a: Gyarados|Substitute
|-damage|p1a: Kyurem-Black|372\/413|[from] item: Life Orb
|move|p2a: Gyarados|Dragon Dance|p2a: Gyarados
|-boost|p2a: Gyarados|atk|1
|-boost|p2a: Gyarados|spe|1
|
|-heal|p2a: Gyarados|309\/353|[from] item: Leftovers
|turn|5
|
|switch|p2a: Venusaur|Venusaur, F|359\/359
|move|p1a: Kyurem-Black|Fusion Bolt|p2a: Venusaur
|-resisted|p2a: Venusaur
|-damage|p2a: Venusaur|262\/359
|-damage|p1a: Kyurem-Black|331\/413|[from] item: Life Orb
|
|turn|6
|
|detailschange|p2a: Venusaur|Venusaur-Mega, F
|-mega|p2a: Venusaur|Venusaur|Venusaurite
|move|p1a: Kyurem-Black|Ice Beam|p2a: Venusaur
|-supereffective|p2a: Venusaur
|-damage|p2a: Venusaur|0 fnt
|-damage|p1a: Kyurem-Black|290\/413|[from] item: Life Orb
|faint|p2a: Venusaur
|
|
|switch|p2a: Tyranitar|Tyranitar, F|341\/341
|-weather|Sandstorm
|turn|7
|
|switch|p1a: Gliscor|Gliscor, M|352\/352 tox
|move|p2a: Tyranitar|Stone Edge|p1a: Gliscor
|-damage|p1a: Gliscor|196\/352 tox
|
|-weather|Sandstorm|[upkeep]
|-heal|p1a: Gliscor|240\/352 tox|[from] ability: Poison Heal
|turn|8
|
|switch|p2a: Skarmory|Skarmory, F|334\/334
|move|p1a: Gliscor|Stealth Rock|p2a: Skarmory
|-sidestart|p2: MetaFalken|move: Stealth Rock
|
|-weather|Sandstorm|[upkeep]
|-heal|p1a: Gliscor|284\/352 tox|[from] ability: Poison Heal
|turn|9
|
|move|p1a: Gliscor|Taunt|p2a: Skarmory
|-start|p2a: Skarmory|move: Taunt
|cant|p2a: Skarmory|move: Taunt|Stealth Rock
|
|-weather|Sandstorm|[upkeep]
|-heal|p1a: Gliscor|328\/352 tox|[from] ability: Poison Heal
|turn|10
|
|switch|p1a: Gyarados|Gyarados, M|331\/331
|-ability|p1a: Gyarados|Intimidate|[of] p2a: Skarmory
|-unboost|p2a: Skarmory|atk|1
|switch|p2a: Gyarados|Gyarados, M|309\/353
|-damage|p2a: Gyarados|221\/353|[from] Stealth Rock
|-ability|p2a: Gyarados|Intimidate|[of] p1a: Gyarados
|-unboost|p1a: Gyarados|atk|1
|
|-weather|Sandstorm|[upkeep]
|-damage|p1a: Gyarados|311\/331|[from] sandstorm
|-damage|p2a: Gyarados|199\/353|[from] sandstorm
|-heal|p2a: Gyarados|221\/353|[from] item: Leftovers
|turn|11
|
|switch|p1a: Kyurem-Black|Kyurem-Black|290\/413
|-ability|p1a: Kyurem-Black|Teravolt
|move|p2a: Gyarados|Dragon Dance|p2a: Gyarados
|-boost|p2a: Gyarados|atk|1
|-boost|p2a: Gyarados|spe|1
|
|-weather|none
|-heal|p2a: Gyarados|243\/353|[from] item: Leftovers
|turn|12
|
|move|p2a: Gyarados|Body Slam|p1a: Kyurem-Black
|-damage|p1a: Kyurem-Black|144\/413
|move|p1a: Kyurem-Black|Roost|p1a: Kyurem-Black
|-heal|p1a: Kyurem-Black|351\/413
|
|-heal|p2a: Gyarados|265\/353|[from] item: Leftovers
|turn|13
|
|move|p2a: Gyarados|Body Slam|p1a: Kyurem-Black
|-damage|p1a: Kyurem-Black|183\/413
|move|p1a: Kyurem-Black|Fusion Bolt|p2a: Gyarados
|-supereffective|p2a: Gyarados
|-damage|p2a: Gyarados|0 fnt
|-damage|p1a: Kyurem-Black|142\/413|[from] item: Life Orb
|faint|p2a: Gyarados
|
|
|switch|p2a: Tyranitar|Tyranitar, F|341\/341
|-damage|p2a: Tyranitar|299\/341|[from] Stealth Rock
|-weather|Sandstorm
|turn|14
|
|move|p2a: Tyranitar|Pursuit|p1a: Kyurem-Black
|-damage|p1a: Kyurem-Black|64\/413
|move|p1a: Kyurem-Black|Roost|p1a: Kyurem-Black
|-heal|p1a: Kyurem-Black|271\/413
|
|-weather|Sandstorm|[upkeep]
|-damage|p1a: Kyurem-Black|246\/413|[from] sandstorm
|turn|15
|
|switch|p2a: Breloom|Breloom, M|324\/324 tox
|-damage|p2a: Breloom|304\/324 tox|[from] Stealth Rock
|move|p1a: Kyurem-Black|Earth Power|p2a: Breloom
|-resisted|p2a: Breloom
|-damage|p2a: Breloom|234\/324 tox
|-damage|p1a: Kyurem-Black|205\/413|[from] item: Life Orb
|
|-weather|Sandstorm|[upkeep]
|-damage|p1a: Kyurem-Black|180\/413|[from] sandstorm
|-damage|p2a: Breloom|214\/324 tox|[from] sandstorm
|-heal|p2a: Breloom|254\/324 tox|[from] ability: Poison Heal
|turn|16
|
|switch|p1a: Talonflame|Talonflame, F|345\/345
|move|p2a: Breloom|Spore|p1a: Talonflame
|-status|p1a: Talonflame|slp
|
|-weather|Sandstorm|[upkeep]
|-damage|p1a: Talonflame|324\/345 slp|[from] sandstorm
|-damage|p2a: Breloom|234\/324 tox|[from] sandstorm
|-heal|p2a: Breloom|274\/324 tox|[from] ability: Poison Heal
|turn|17
|
|cant|p1a: Talonflame|slp
|move|p2a: Breloom|Leech Seed|p1a: Talonflame
|-start|p1a: Talonflame|move: Leech Seed
|
|-weather|Sandstorm|[upkeep]
|-damage|p1a: Talonflame|303\/345 slp|[from] sandstorm
|-damage|p2a: Breloom|254\/324 tox|[from] sandstorm
|-damage|p1a: Talonflame|260\/345 slp|[from] Leech Seed|[of] p2a: Breloom
|-heal|p2a: Breloom|297\/324 tox|[silent]
|-heal|p2a: Breloom|324\/324 tox|[from] ability: Poison Heal
|turn|18
|
|switch|p1a: Kyurem-Black|Kyurem-Black|180\/413
|-ability|p1a: Kyurem-Black|Teravolt
|switch|p2a: Skarmory|Skarmory, F|334\/334
|-damage|p2a: Skarmory|293\/334|[from] Stealth Rock
|
|-weather|none
|turn|19
|
|move|p1a: Kyurem-Black|Ice Beam|p2a: Skarmory
|-damage|p2a: Skarmory|8\/334
|-damage|p1a: Kyurem-Black|139\/413|[from] item: Life Orb
|move|p2a: Skarmory|Stealth Rock|p1a: Kyurem-Black
|-sidestart|p1: foncused|move: Stealth Rock
|
|turn|20
|
|move|p1a: Kyurem-Black|Roost|p1a: Kyurem-Black
|-heal|p1a: Kyurem-Black|346\/413
|move|p2a: Skarmory|Brave Bird|p1a: Kyurem-Black
|-damage|p1a: Kyurem-Black|246\/413
|-damage|p2a: Skarmory|0 fnt|[from] recoil|[of] p1a: Kyurem-Black
|faint|p2a: Skarmory
|
|
|switch|p2a: Tyranitar|Tyranitar, F|299\/341
|-damage|p2a: Tyranitar|257\/341|[from] Stealth Rock
|-weather|Sandstorm
|turn|21
|
|move|p2a: Tyranitar|Stone Edge|p1a: Kyurem-Black
|-supereffective|p1a: Kyurem-Black
|-damage|p1a: Kyurem-Black|0 fnt
|faint|p1a: Kyurem-Black
|
|-weather|Sandstorm|[upkeep]
|
|switch|p1a: Slowking|Slowking, F|393\/393
|-damage|p1a: Slowking|344\/393|[from] Stealth Rock
|turn|22
|
|switch|p2a: Azumarill|Azumarill, M|401\/401
|-damage|p2a: Azumarill|351\/401|[from] Stealth Rock
|move|p1a: Slowking|Scald|p2a: Azumarill
|-resisted|p2a: Azumarill
|-damage|p2a: Azumarill|313\/401
|
|-weather|Sandstorm|[upkeep]
|-damage|p2a: Azumarill|288\/401|[from] sandstorm
|-damage|p1a: Slowking|320\/393|[from] sandstorm
|turn|23
|
|move|p2a: Azumarill|Knock Off|p1a: Slowking
|-supereffective|p1a: Slowking
|-damage|p1a: Slowking|0 fnt
|-enditem|p1a: Slowking|Assault Vest|[from] move: Knock Off|[of] p2a: Azumarill
|faint|p1a: Slowking
|
|-weather|Sandstorm|[upkeep]
|-damage|p2a: Azumarill|263\/401|[from] sandstorm
|
|switch|p1a: Talonflame|Talonflame, F|260\/345 slp
|-damage|p1a: Talonflame|88\/345 slp|[from] Stealth Rock
|turn|24
|
|-curestatus|p1a: Talonflame|slp
|move|p1a: Talonflame|Brave Bird|p2a: Azumarill
|-damage|p2a: Azumarill|0 fnt
|-damage|p1a: Talonflame|1\/345|[from] recoil|[of] p2a: Azumarill
|faint|p2a: Azumarill
|
|-weather|Sandstorm|[upkeep]
|-damage|p1a: Talonflame|0 fnt|[from] sandstorm
|faint|p1a: Talonflame
|
|switch|p2a: Tyranitar|Tyranitar, F|257\/341
|switch|p1a: Gliscor|Gliscor, M|328\/352 tox
|-damage|p2a: Tyranitar|215\/341|[from] Stealth Rock
|-damage|p1a: Gliscor|284\/352 tox|[from] Stealth Rock
|turn|25
|
|switch|p2a: Breloom|Breloom, M|324\/324 tox
|-damage|p2a: Breloom|304\/324 tox|[from] Stealth Rock
|move|p1a: Gliscor|Earthquake|p2a: Breloom
|-resisted|p2a: Breloom
|-damage|p2a: Breloom|232\/324 tox
|
|-weather|none
|-heal|p1a: Gliscor|328\/352 tox|[from] ability: Poison Heal
|-heal|p2a: Breloom|272\/324 tox|[from] ability: Poison Heal
|turn|26
|
|move|p1a: Gliscor|Taunt|p2a: Breloom
|-start|p2a: Breloom|move: Taunt
|cant|p2a: Breloom|move: Taunt|Leech Seed
|
|-heal|p1a: Gliscor|352\/352 tox|[from] ability: Poison Heal
|-heal|p2a: Breloom|312\/324 tox|[from] ability: Poison Heal
|turn|27
|-message|MetaFalken forfeited.
|
|win|foncused
|raw|Ladder updating...
|leave|MetaFalken
|player|p2
|raw|foncused's rating: 1436 &rarr; <strong>1456<\/strong><br \/>(+20 for winning)
|raw|MetaFalken's rating: 1434 &rarr; <strong>1414<\/strong><br \/>(-20 for losing)