|join|MetaFalken
|join|leremyju
|player|p1|MetaFalken|163
|player|p2|leremyju|29
|gametype|singles
|gen|6
|tier|OU
|rated
|clearpoke
|poke|p1|Scizor, M
|poke|p1|Rotom-Wash
|poke|p1|Landorus-Therian, M
|poke|p1|Lopunny, F
|poke|p1|Latios, M
|poke|p1|Porygon2
|poke|p2|Keldeo
|poke|p2|Venusaur, F
|poke|p2|Thundurus, M
|poke|p2|Heatran, M
|poke|p2|Mandibuzz, F
|poke|p2|Landorus-Therian, M
|rule|Swagger Clause: Swagger is banned
|rule|Baton Pass Clause: Limit one PokÃ©mon knowing Baton Pass
|rule|Sleep Clause Mod: Limit one foe put to sleep
|rule|Species Clause: Limit one of each PokÃ©mon
|rule|OHKO Clause: OHKO moves are banned
|rule|Moody Clause: Moody is banned
|rule|Evasion Moves Clause: Evasion moves are banned
|rule|Endless Battle Clause: Forcing endless battles is banned
|rule|HP Percentage Mod: HP is shown in percentages
|teampreview
|
|start
|switch|p1a: Porygon2|Porygon2|374\/374
|switch|p2a: Venusami|Venusaur, F|359\/359
|-ability|p1a: Porygon2|Chlorophyll|[from] ability: Trace|[of] p2a: Venusami
|turn|1
|
|detailschange|p2a: Venusami|Venusaur-Mega, F
|-mega|p2a: Venusami|Venusaur|Venusaurite
|move|p2a: Venusami|Sludge Bomb|p1a: Porygon2
|-damage|p1a: Porygon2|290\/374
|move|p1a: Porygon2|Thunder Wave|p2a: Venusami
|-status|p2a: Venusami|par
|
|turn|2
|
|switch|p1a: Landorus-Therian|Landorus-Therian, M|345\/345
|-ability|p1a: Landorus-Therian|Intimidate|[of] p2a: Venusami
|-unboost|p2a: Venusami|atk|1
|move|p2a: Venusami|Giga Drain|p1a: Landorus-Therian
|-damage|p1a: Landorus-Therian|176\/345
|
|-heal|p1a: Landorus-Therian|197\/345|[from] item: Leftovers
|turn|3
|
|move|p1a: Landorus-Therian|U-turn|p2a: Venusami
|-crit|p2a: Venusami
|-damage|p2a: Venusami|262\/359 par
|
|switch|p1a: Latios|Latios, M|301\/301
|move|p2a: Venusami|Giga Drain|p1a: Latios
|-resisted|p1a: Latios
|-damage|p1a: Latios|232\/301
|-heal|p2a: Venusami|297\/359 par|[from] drain|[of] p1a: Latios
|
|turn|4
|
|switch|p2a: mAANGdibuzz|Mandibuzz, F|423\/423
|move|p1a: Latios|Psyshock|p2a: mAANGdibuzz
|-immune|p2a: mAANGdibuzz|[msg]
|
|turn|5
|
|switch|p1a: Landorus-Therian|Landorus-Therian, M|197\/345
|-ability|p1a: Landorus-Therian|Intimidate|[of] p2a: mAANGdibuzz
|-unboost|p2a: mAANGdibuzz|atk|1
|move|p2a: mAANGdibuzz|Roost|p2a: mAANGdibuzz
|-fail|p2a: mAANGdibuzz
|
|-heal|p1a: Landorus-Therian|218\/345|[from] item: Leftovers
|turn|6
|
|move|p1a: Landorus-Therian|Knock Off|p2a: mAANGdibuzz
|-resisted|p2a: mAANGdibuzz
|-damage|p2a: mAANGdibuzz|382\/423
|-enditem|p2a: mAANGdibuzz|Leftovers|[from] move: Knock Off|[of] p1a: Landorus-Therian
|move|p2a: mAANGdibuzz|Foul Play|p1a: Landorus-Therian
|-damage|p1a: Landorus-Therian|95\/345
|
|-heal|p1a: Landorus-Therian|116\/345|[from] item: Leftovers
|turn|7
|
|move|p1a: Landorus-Therian|U-turn|p2a: mAANGdibuzz
|-damage|p2a: mAANGdibuzz|328\/423
|
|switch|p1a: Rotom-Wash|Rotom-Wash|303\/303
|move|p2a: mAANGdibuzz|Foul Play|p1a: Rotom-Wash
|-damage|p1a: Rotom-Wash|266\/303
|
|-heal|p1a: Rotom-Wash|284\/303|[from] item: Leftovers
|turn|8
|
|move|p1a: Rotom-Wash|Volt Switch|p2a: mAANGdibuzz
|-supereffective|p2a: mAANGdibuzz
|-damage|p2a: mAANGdibuzz|178\/423
|
|switch|p1a: Porygon2|Porygon2|290\/374
|-ability|p1a: Porygon2|Overcoat|[from] ability: Trace|[of] p2a: mAANGdibuzz
|move|p2a: mAANGdibuzz|Roost|p2a: mAANGdibuzz
|-heal|p2a: mAANGdibuzz|390\/423
|
|turn|9
|
|switch|p2a: Mako|Thundurus, M|299\/299
|move|p1a: Porygon2|Thunderbolt|p2a: Mako
|-damage|p2a: Mako|211\/299
|
|turn|10
|
|move|p2a: Mako|Nasty Plot|p2a: Mako
|-boost|p2a: Mako|spa|2
|move|p1a: Porygon2|Ice Beam|p2a: Mako
|-supereffective|p2a: Mako
|-damage|p2a: Mako|23\/299
|
|turn|11
|
|move|p2a: Mako|Thunderbolt|p1a: Porygon2
|-damage|p1a: Porygon2|103\/374
|-status|p1a: Porygon2|par
|-damage|p2a: Mako|0 fnt|[from] item: Life Orb
|faint|p2a: Mako
|cant|p1a: Porygon2|par
|
|
|switch|p2a: Korra|Keldeo|323\/323
|turn|12
|
|switch|p1a: Latios|Latios, M|232\/301
|move|p2a: Korra|Secret Sword|p1a: Latios
|-resisted|p1a: Latios
|-damage|p1a: Latios|130\/301
|
|turn|13
|
|switch|p2a: Zuko|Heatran, M|386\/386
|move|p1a: Latios|Recover|p1a: Latios
|-heal|p1a: Latios|281\/301
|
|turn|14
|
|switch|p1a: Rotom-Wash|Rotom-Wash|284\/303
|move|p2a: Zuko|Stealth Rock|p1a: Rotom-Wash
|-sidestart|p1: MetaFalken|move: Stealth Rock
|
|-heal|p1a: Rotom-Wash|302\/303|[from] item: Leftovers
|turn|15
|
|switch|p2a: Venusami|Venusaur-Mega, F|297\/359 par
|move|p1a: Rotom-Wash|Hydro Pump|p2a: Venusami
|-resisted|p2a: Venusami
|-damage|p2a: Venusami|240\/359 par
|
|-heal|p1a: Rotom-Wash|303\/303|[from] item: Leftovers
|turn|16
|
|move|p1a: Rotom-Wash|Volt Switch|p2a: Venusami
|-resisted|p2a: Venusami
|-damage|p2a: Venusami|204\/359 par
|
|switch|p1a: Latios|Latios, M|281\/301
|-damage|p1a: Latios|244\/301|[from] Stealth Rock
|move|p2a: Venusami|Giga Drain|p1a: Latios
|-resisted|p1a: Latios
|-damage|p1a: Latios|182\/301
|-heal|p2a: Venusami|235\/359 par|[from] drain|[of] p1a: Latios
|
|turn|17
|
|move|p1a: Latios|Defog|p2a: Venusami
|-unboost|p2a: Venusami|evasion|1
|-sideend|p1: MetaFalken|Stealth Rock|[from] move: Defog|[of] p1a: Latios
|move|p2a: Venusami|Sludge Bomb|p1a: Latios
|-damage|p1a: Latios|28\/301
|
|turn|18
|
|switch|p2a: Bolin|Landorus-Therian, M|319\/319
|-ability|p2a: Bolin|Intimidate|[of] p1a: Latios
|-unboost|p1a: Latios|atk|1
|move|p1a: Latios|Psyshock|p2a: Bolin
|-damage|p2a: Bolin|138\/319
|-damage|p1a: Latios|0 fnt|[from] item: Life Orb
|faint|p1a: Latios
|
|
|switch|p1a: Scizor|Scizor, M|343\/343
|turn|19
|
|move|p2a: Bolin|U-turn|p1a: Scizor
|-resisted|p1a: Scizor
|-damage|p1a: Scizor|295\/343
|
|switch|p2a: Zuko|Heatran, M|386\/386
|move|p1a: Scizor|U-turn|p2a: Zuko
|-resisted|p2a: Zuko
|-damage|p2a: Zuko|339\/386
|
|switch|p1a: Landorus-Therian|Landorus-Therian, M|116\/345
|-ability|p1a: Landorus-Therian|Intimidate|[of] p2a: Zuko
|-unboost|p2a: Zuko|atk|1
|
|-heal|p1a: Landorus-Therian|137\/345|[from] item: Leftovers
|-heal|p2a: Zuko|363\/386|[from] item: Leftovers
|turn|20
|
|switch|p2a: Korra|Keldeo|323\/323
|move|p1a: Landorus-Therian|Knock Off|p2a: Korra
|-resisted|p2a: Korra
|-damage|p2a: Korra|263\/323
|-boost|p2a: Korra|atk|1|[from] ability: Justified
|-enditem|p2a: Korra|Leftovers|[from] move: Knock Off|[of] p1a: Landorus-Therian
|
|-heal|p1a: Landorus-Therian|158\/345|[from] item: Leftovers
|turn|21
|
|switch|p1a: Rotom-Wash|Rotom-Wash|303\/303
|move|p2a: Korra|Scald|p1a: Rotom-Wash
|-resisted|p1a: Rotom-Wash
|-damage|p1a: Rotom-Wash|235\/303
|
|-heal|p1a: Rotom-Wash|253\/303|[from] item: Leftovers
|turn|22
|
|move|p2a: Korra|Substitute|p2a: Korra
|-start|p2a: Korra|Substitute
|-damage|p2a: Korra|183\/323
|move|p1a: Rotom-Wash|Will-O-Wisp|p2a: Korra
|
|-heal|p1a: Rotom-Wash|271\/303|[from] item: Leftovers
|turn|23
|
|move|p2a: Korra|Secret Sword|p1a: Rotom-Wash
|-damage|p1a: Rotom-Wash|166\/303
|move|p1a: Rotom-Wash|Volt Switch|p2a: Korra
|-supereffective|p2a: Korra
|-end|p2a: Korra|Substitute
|
|switch|p1a: Lopunny|Lopunny, F|271\/271
|
|turn|24
|
|switch|p2a: mAANGdibuzz|Mandibuzz, F|390\/423
|detailschange|p1a: Lopunny|Lopunny-Mega, F
|-mega|p1a: Lopunny|Lopunny|Lopunnite
|move|p1a: Lopunny|Fake Out|p2a: mAANGdibuzz
|-damage|p2a: mAANGdibuzz|332\/423
|
|turn|25
|
|switch|p1a: Porygon2|Porygon2|103\/374 par
|-ability|p1a: Porygon2|Overcoat|[from] ability: Trace|[of] p2a: mAANGdibuzz
|move|p2a: mAANGdibuzz|Foul Play|p1a: Porygon2
|-damage|p1a: Porygon2|51\/374 par
|
|turn|26
|
|move|p2a: mAANGdibuzz|Taunt|p1a: Porygon2
|-start|p1a: Porygon2|move: Taunt
|cant|p1a: Porygon2|move: Taunt|Recover
|
|turn|27
|
|switch|p2a: Venusami|Venusaur-Mega, F|235\/359 par
|switch|p1a: Rotom-Wash|Rotom-Wash|166\/303
|
|-heal|p1a: Rotom-Wash|184\/303|[from] item: Leftovers
|turn|28
|
|move|p1a: Rotom-Wash|Volt Switch|p2a: Venusami
|-resisted|p2a: Venusami
|-damage|p2a: Venusami|199\/359 par
|
|switch|p1a: Scizor|Scizor, M|295\/343
|move|p2a: Venusami|Hidden Power|p1a: Scizor
|-supereffective|p1a: Scizor
|-damage|p1a: Scizor|0 fnt
|faint|p1a: Scizor
|
|
|switch|p1a: Lopunny|Lopunny-Mega, F|271\/271
|turn|29
|
|move|p1a: Lopunny|Fake Out|p2a: Venusami
|-damage|p2a: Venusami|138\/359 par
|cant|p2a: Venusami|flinch
|
|turn|30
|
|switch|p2a: Zuko|Heatran, M|363\/386
|move|p1a: Lopunny|Return|p2a: Zuko
|-resisted|p2a: Zuko
|-damage|p2a: Zuko|268\/386
|
|-heal|p2a: Zuko|292\/386|[from] item: Leftovers
|turn|31
|
|move|p1a: Lopunny|High Jump Kick|p2a: Zuko
|-supereffective|p2a: Zuko
|-damage|p2a: Zuko|0 fnt
|faint|p2a: Zuko
|
|
|switch|p2a: mAANGdibuzz|Mandibuzz, F|332\/423
|turn|32
|
|move|p1a: Lopunny|High Jump Kick|p2a: mAANGdibuzz
|-damage|p2a: mAANGdibuzz|155\/423
|move|p2a: mAANGdibuzz|Foul Play|p1a: Lopunny
|-resisted|p1a: Lopunny
|-damage|p1a: Lopunny|172\/271
|
|turn|33
|
|move|p1a: Lopunny|High Jump Kick|p2a: mAANGdibuzz
|-damage|p2a: mAANGdibuzz|0 fnt
|faint|p2a: mAANGdibuzz
|
|
|switch|p2a: Bolin|Landorus-Therian, M|138\/319
|-ability|p2a: Bolin|Intimidate|[of] p1a: Lopunny
|-unboost|p1a: Lopunny|atk|1
|turn|34
|
|move|p2a: Bolin|U-turn|p1a: Lopunny
|-resisted|p1a: Lopunny
|-damage|p1a: Lopunny|123\/271
|
|switch|p2a: Venusami|Venusaur-Mega, F|138\/359 par
|move|p1a: Lopunny|Ice Punch|p2a: Venusami
|-supereffective|p2a: Venusami
|-damage|p2a: Venusami|84\/359 par
|
|turn|35
|
|switch|p2a: Bolin|Landorus-Therian, M|138\/319
|-ability|p2a: Bolin|Intimidate|[of] p1a: Lopunny
|-unboost|p1a: Lopunny|atk|1
|move|p1a: Lopunny|Return|p2a: Bolin
|-damage|p2a: Bolin|47\/319
|
|turn|36
|
|switch|p1a: Porygon2|Porygon2|51\/374 par
|-ability|p1a: Porygon2|Intimidate|[from] ability: Trace|[of] p2a: Bolin
|-ability|p1a: Porygon2|Intimidate|[of] p2a: Bolin
|-unboost|p2a: Bolin|atk|1
|move|p2a: Bolin|U-turn|p1a: Porygon2
|-damage|p1a: Porygon2|9\/374 par
|
|switch|p2a: Venusami|Venusaur-Mega, F|84\/359 par
|
|turn|37
|
|move|p2a: Venusami|Synthesis|p2a: Venusami
|-heal|p2a: Venusami|263\/359 par
|cant|p1a: Porygon2|par
|
|turn|38
|
|move|p2a: Venusami|Giga Drain|p1a: Porygon2
|-damage|p1a: Porygon2|0 fnt
|-heal|p2a: Venusami|268\/359 par|[from] drain|[of] p1a: Porygon2
|faint|p1a: Porygon2
|
|c|âleremyju|Plays
|
|switch|p1a: Lopunny|Lopunny-Mega, F|123\/271
|turn|39
|
|switch|p2a: Bolin|Landorus-Therian, M|47\/319
|-ability|p2a: Bolin|Intimidate|[of] p1a: Lopunny
|-unboost|p1a: Lopunny|atk|1
|move|p1a: Lopunny|Fake Out|p2a: Bolin
|-damage|p2a: Bolin|0 fnt
|faint|p2a: Bolin
|
|
|switch|p2a: Venusami|Venusaur-Mega, F|268\/359 par
|turn|40
|
|switch|p1a: Landorus-Therian|Landorus-Therian, M|158\/345
|-ability|p1a: Landorus-Therian|Intimidate|[of] p2a: Venusami
|-unboost|p2a: Venusami|atk|1
|move|p2a: Venusami|Giga Drain|p1a: Landorus-Therian
|-damage|p1a: Landorus-Therian|4\/345
|-heal|p2a: Venusami|345\/359 par|[from] drain|[of] p1a: Landorus-Therian
|
|-heal|p1a: Landorus-Therian|25\/345|[from] item: Leftovers
|turn|41
|
|move|p1a: Landorus-Therian|Earthquake|p2a: Venusami
|-damage|p2a: Venusami|219\/359 par
|move|p2a: Venusami|Giga Drain|p1a: Landorus-Therian
|-damage|p1a: Landorus-Therian|0 fnt
|-heal|p2a: Venusami|232\/359 par|[from] drain|[of] p1a: Landorus-Therian
|faint|p1a: Landorus-Therian
|
|
|switch|p1a: Lopunny|Lopunny-Mega, F|123\/271
|turn|42
|
|move|p1a: Lopunny|Fake Out|p2a: Venusami
|-damage|p2a: Venusami|172\/359 par
|cant|p2a: Venusami|flinch
|
|turn|43
|
|move|p1a: Lopunny|Return|p2a: Venusami
|-damage|p2a: Venusami|19\/359 par
|cant|p2a: Venusami|par
|
|turn|44
|
|move|p1a: Lopunny|Return|p2a: Venusami
|-damage|p2a: Venusami|0 fnt
|faint|p2a: Venusami
|
|
|switch|p2a: Korra|Keldeo|183\/323
|turn|45
|c|âleremyju|Fk
|c|âleremyju|Paras
|
|switch|p1a: Rotom-Wash|Rotom-Wash|184\/303
|move|p2a: Korra|Secret Sword|p1a: Rotom-Wash
|-damage|p1a: Rotom-Wash|85\/303
|
|-heal|p1a: Rotom-Wash|103\/303|[from] item: Leftovers
|turn|46
|
|move|p2a: Korra|Secret Sword|p1a: Rotom-Wash
|-damage|p1a: Rotom-Wash|0 fnt
|faint|p1a: Rotom-Wash
|
|
|switch|p1a: Lopunny|Lopunny-Mega, F|123\/271
|turn|47
|
|move|p1a: Lopunny|Fake Out|p2a: Korra
|-damage|p2a: Korra|102\/323
|cant|p2a: Korra|flinch
|
|turn|48
|
|move|p1a: Lopunny|Return|p2a: Korra
|-damage|p2a: Korra|0 fnt
|faint|p2a: Korra
|
|win|MetaFalken
|raw|Ladder updating...
|raw|MetaFalken's rating: 1558 &rarr; <strong>1573<\/strong><br \/>(+15 for winning)
|raw|leremyju's rating: 1464 &rarr; <strong>1449<\/strong><br \/>(-15 for losing)
|leave|leremyju
|player|p2