|join|MetaFalken
|join|Church-Turing
|player|p1|MetaFalken|163
|player|p2|Church-Turing|267
|gametype|singles
|gen|6
|tier|OU
|rated
|clearpoke
|poke|p1|Sceptile, M
|poke|p1|Landorus-Therian, M
|poke|p1|Talonflame, F
|poke|p1|Keldeo
|poke|p1|Tyranitar, M
|poke|p1|Latios, M
|poke|p2|Clefable, M
|poke|p2|Rotom-Wash
|poke|p2|Serperior, F
|poke|p2|Metagross
|poke|p2|Landorus-Therian, M
|poke|p2|Conkeldurr, M
|rule|Swagger Clause: Swagger is banned
|rule|Baton Pass Clause: Limit one PokÃ©mon knowing Baton Pass
|rule|Sleep Clause Mod: Limit one foe put to sleep
|rule|Species Clause: Limit one of each PokÃ©mon
|rule|OHKO Clause: OHKO moves are banned
|rule|Moody Clause: Moody is banned
|rule|Evasion Moves Clause: Evasion moves are banned
|rule|Endless Battle Clause: Forcing endless battles is banned
|rule|HP Percentage Mod: HP is shown in percentages
|teampreview
|
|start
|switch|p1a: Sceptile|Sceptile, M|281\/281
|switch|p2a: Rotom-Wash|Rotom-Wash|303\/303
|turn|1
|
|switch|p2a: Metagross|Metagross|301\/301
|detailschange|p1a: Sceptile|Sceptile-Mega, M
|-mega|p1a: Sceptile|Sceptile|Sceptilite
|move|p1a: Sceptile|Giga Drain|p2a: Metagross
|-resisted|p2a: Metagross
|-damage|p2a: Metagross|217\/301
|
|turn|2
|
|detailschange|p2a: Metagross|Metagross-Mega
|-mega|p2a: Metagross|Metagross|Metagrossite
|move|p1a: Sceptile|Earthquake|p2a: Metagross
|-supereffective|p2a: Metagross
|-damage|p2a: Metagross|89\/301
|move|p2a: Metagross|Ice Punch|p1a: Sceptile
|-supereffective|p1a: Sceptile
|-damage|p1a: Sceptile|0 fnt
|faint|p1a: Sceptile
|
|
|switch|p1a: Landorus-Therian|Landorus-Therian, M|326\/326
|-ability|p1a: Landorus-Therian|Intimidate|[of] p2a: Metagross
|-unboost|p2a: Metagross|atk|1
|turn|3
|
|switch|p2a: Landorus-Therian|Landorus-Therian, M|381\/381
|-ability|p2a: Landorus-Therian|Intimidate|[of] p1a: Landorus-Therian
|-unboost|p1a: Landorus-Therian|atk|1
|move|p1a: Landorus-Therian|Knock Off|p2a: Landorus-Therian
|-damage|p2a: Landorus-Therian|321\/381
|-enditem|p2a: Landorus-Therian|Leftovers|[from] move: Knock Off|[of] p1a: Landorus-Therian
|
|turn|4
|
|switch|p1a: Latios|Latios, M|302\/302
|move|p2a: Landorus-Therian|Stealth Rock|p1a: Latios
|-sidestart|p1: MetaFalken|move: Stealth Rock
|
|turn|5
|
|switch|p2a: Clefable|Clefable, M|394\/394
|move|p1a: Latios|Draco Meteor|p2a: Clefable
|-immune|p2a: Clefable|[msg]
|
|turn|6
|
|switch|p1a: Talonflame|Talonflame, F|359\/359
|-damage|p1a: Talonflame|180\/359|[from] Stealth Rock
|move|p2a: Clefable|Calm Mind|p2a: Clefable
|-boost|p2a: Clefable|spa|1
|-boost|p2a: Clefable|spd|1
|
|-heal|p1a: Talonflame|202\/359|[from] item: Leftovers
|turn|7
|
|move|p1a: Talonflame|Taunt|p2a: Clefable
|-start|p2a: Clefable|move: Taunt
|cant|p2a: Clefable|move: Taunt|Calm Mind
|
|-heal|p1a: Talonflame|224\/359|[from] item: Leftovers
|turn|8
|
|move|p1a: Talonflame|Brave Bird|p2a: Clefable
|-crit|p2a: Clefable
|-damage|p2a: Clefable|232\/394
|-damage|p1a: Talonflame|171\/359|[from] recoil|[of] p2a: Clefable
|move|p2a: Clefable|Stored Power|p1a: Talonflame
|-damage|p1a: Talonflame|105\/359
|
|-heal|p1a: Talonflame|127\/359|[from] item: Leftovers
|-heal|p2a: Clefable|256\/394|[from] item: Leftovers
|turn|9
|
|switch|p2a: Rotom-Wash|Rotom-Wash|303\/303
|move|p1a: Talonflame|Roost|p1a: Talonflame
|-heal|p1a: Talonflame|307\/359
|
|-heal|p1a: Talonflame|329\/359|[from] item: Leftovers
|turn|10
|
|switch|p1a: Latios|Latios, M|302\/302
|-damage|p1a: Latios|265\/302|[from] Stealth Rock
|move|p2a: Rotom-Wash|Volt Switch|p1a: Latios
|-resisted|p1a: Latios
|-damage|p1a: Latios|229\/302
|
|switch|p2a: Metagross|Metagross-Mega|89\/301
|
|turn|11
|
|switch|p1a: Landorus-Therian|Landorus-Therian, M|326\/326
|-damage|p1a: Landorus-Therian|286\/326|[from] Stealth Rock
|-ability|p1a: Landorus-Therian|Intimidate|[of] p2a: Metagross
|-unboost|p2a: Metagross|atk|1
|move|p2a: Metagross|Ice Punch|p1a: Landorus-Therian
|-supereffective|p1a: Landorus-Therian
|-damage|p1a: Landorus-Therian|0 fnt
|faint|p1a: Landorus-Therian
|
|
|switch|p1a: Tyranitar|Tyranitar, M|342\/342
|-damage|p1a: Tyranitar|300\/342|[from] Stealth Rock
|-weather|Sandstorm
|turn|12
|
|switch|p2a: Landorus-Therian|Landorus-Therian, M|321\/381
|-ability|p2a: Landorus-Therian|Intimidate|[of] p1a: Tyranitar
|-unboost|p1a: Tyranitar|atk|1
|move|p1a: Tyranitar|Crunch|p2a: Landorus-Therian
|-damage|p2a: Landorus-Therian|230\/381
|-unboost|p2a: Landorus-Therian|def|1
|
|-weather|Sandstorm|[upkeep]
|-heal|p1a: Tyranitar|321\/342|[from] item: Leftovers
|turn|13
|
|switch|p1a: Latios|Latios, M|229\/302
|-damage|p1a: Latios|192\/302|[from] Stealth Rock
|move|p2a: Landorus-Therian|U-turn|p1a: Latios
|-crit|p1a: Latios
|-supereffective|p1a: Latios
|-damage|p1a: Latios|0 fnt
|faint|p1a: Latios
|-message|MetaFalken forfeited.
|
|win|Church-Turing
|raw|Ladder updating...
|leave|MetaFalken
|player|p1
|raw|MetaFalken's rating: 1405 &rarr; <strong>1383<\/strong><br \/>(-22 for losing)
|raw|Church-Turing's rating: 1369 &rarr; <strong>1391<\/strong><br \/>(+22 for winning)