|join|MetaFalken
|join|elfowls
|player|p1|MetaFalken|163
|player|p2|elfowls|141
|gametype|singles
|gen|6
|tier|OU
|rated
|clearpoke
|poke|p1|Scizor, M
|poke|p1|Rotom-Wash
|poke|p1|Landorus-Therian, M
|poke|p1|Lopunny, F
|poke|p1|Latios, M
|poke|p1|Porygon2
|poke|p2|Greninja, F
|poke|p2|Rotom-Heat
|poke|p2|Latios, M
|poke|p2|Lucario, M
|poke|p2|Thundurus, M
|poke|p2|Ferrothorn, F
|rule|Swagger Clause: Swagger is banned
|rule|Baton Pass Clause: Limit one PokÃ©mon knowing Baton Pass
|rule|Sleep Clause Mod: Limit one foe put to sleep
|rule|Species Clause: Limit one of each PokÃ©mon
|rule|OHKO Clause: OHKO moves are banned
|rule|Moody Clause: Moody is banned
|rule|Evasion Moves Clause: Evasion moves are banned
|rule|Endless Battle Clause: Forcing endless battles is banned
|rule|HP Percentage Mod: HP is shown in percentages
|teampreview
|
|start
|switch|p1a: Landorus-Therian|Landorus-Therian, M|345\/345
|switch|p2a: Greninja|Greninja, F|285\/285
|-ability|p1a: Landorus-Therian|Intimidate|[of] p2a: Greninja
|-unboost|p2a: Greninja|atk|1
|turn|1
|
|switch|p1a: Porygon2|Porygon2|374\/374
|-ability|p1a: Porygon2|Protean|[from] ability: Trace|[of] p2a: Greninja
|move|p2a: Greninja|Hydro Pump|p1a: Porygon2
|-start|p2a: Greninja|typechange|Water|[from] Protean
|-crit|p1a: Porygon2
|-damage|p1a: Porygon2|201\/374
|-damage|p2a: Greninja|257\/285|[from] item: Life Orb
|
|turn|2
|
|switch|p2a: Ferrothorn|Ferrothorn, F|352\/352
|move|p1a: Porygon2|Recover|p1a: Porygon2
|-heal|p1a: Porygon2|374\/374
|
|turn|3
|
|move|p1a: Porygon2|Ice Beam|p2a: Ferrothorn
|-start|p1a: Porygon2|typechange|Ice|[from] Protean
|-damage|p2a: Ferrothorn|273\/352
|move|p2a: Ferrothorn|Leech Seed|p1a: Porygon2
|-start|p1a: Porygon2|move: Leech Seed
|
|-heal|p2a: Ferrothorn|295\/352|[from] item: Leftovers
|-damage|p1a: Porygon2|328\/374|[from] Leech Seed|[of] p2a: Ferrothorn
|-heal|p2a: Ferrothorn|341\/352|[silent]
|turn|4
|
|switch|p1a: Scizor|Scizor, M|343\/343
|move|p2a: Ferrothorn|Stealth Rock|p1a: Scizor
|-sidestart|p1: MetaFalken|move: Stealth Rock
|
|-heal|p2a: Ferrothorn|352\/352|[from] item: Leftovers
|turn|5
|
|switch|p2a: Rotom-Heat|Rotom-Heat|304\/304
|move|p1a: Scizor|Superpower|p2a: Rotom-Heat
|-damage|p2a: Rotom-Heat|152\/304
|-unboost|p1a: Scizor|atk|1
|-unboost|p1a: Scizor|def|1
|
|-heal|p2a: Rotom-Heat|171\/304|[from] item: Leftovers
|turn|6
|
|switch|p1a: Landorus-Therian|Landorus-Therian, M|345\/345
|-damage|p1a: Landorus-Therian|302\/345|[from] Stealth Rock
|-ability|p1a: Landorus-Therian|Intimidate|[of] p2a: Rotom-Heat
|-unboost|p2a: Rotom-Heat|atk|1
|move|p2a: Rotom-Heat|Pain Split|p1a: Landorus-Therian
|-sethp|p1a: Landorus-Therian|236\/345|p2a: Rotom-Heat|236\/304|[from] move: Pain Split
|
|-heal|p1a: Landorus-Therian|257\/345|[from] item: Leftovers
|-heal|p2a: Rotom-Heat|255\/304|[from] item: Leftovers
|turn|7
|
|switch|p1a: Porygon2|Porygon2|328\/374
|-damage|p1a: Porygon2|282\/374|[from] Stealth Rock
|-ability|p1a: Porygon2|Levitate|[from] ability: Trace|[of] p2a: Rotom-Heat
|move|p2a: Rotom-Heat|Will-O-Wisp|p1a: Porygon2
|-status|p1a: Porygon2|brn
|
|-heal|p2a: Rotom-Heat|274\/304|[from] item: Leftovers
|-damage|p1a: Porygon2|236\/374 brn|[from] brn
|turn|8
|
|move|p2a: Rotom-Heat|Volt Switch|p1a: Porygon2
|-damage|p1a: Porygon2|194\/374 brn
|
|switch|p2a: Ferrothorn|Ferrothorn, F|352\/352
|move|p1a: Porygon2|Thunder Wave|p2a: Ferrothorn
|-status|p2a: Ferrothorn|par
|
|-damage|p1a: Porygon2|148\/374 brn|[from] brn
|turn|9
|
|move|p1a: Porygon2|Recover|p1a: Porygon2
|-heal|p1a: Porygon2|335\/374 brn
|move|p2a: Ferrothorn|Leech Seed|p1a: Porygon2
|-start|p1a: Porygon2|move: Leech Seed
|
|-damage|p1a: Porygon2|289\/374 brn|[from] Leech Seed|[of] p2a: Ferrothorn
|-damage|p1a: Porygon2|243\/374 brn|[from] brn
|turn|10
|
|move|p1a: Porygon2|Recover|p1a: Porygon2
|-heal|p1a: Porygon2|374\/374 brn
|move|p2a: Ferrothorn|Leech Seed|p1a: Porygon2
|-fail|p1a: Porygon2
|
|-damage|p1a: Porygon2|328\/374 brn|[from] Leech Seed|[of] p2a: Ferrothorn
|-damage|p1a: Porygon2|282\/374 brn|[from] brn
|turn|11
|
|switch|p1a: Landorus-Therian|Landorus-Therian, M|257\/345
|-damage|p1a: Landorus-Therian|214\/345|[from] Stealth Rock
|-ability|p1a: Landorus-Therian|Intimidate|[of] p2a: Ferrothorn
|-unboost|p2a: Ferrothorn|atk|1
|move|p2a: Ferrothorn|Leech Seed|p1a: Landorus-Therian
|-start|p1a: Landorus-Therian|move: Leech Seed
|
|-heal|p1a: Landorus-Therian|235\/345|[from] item: Leftovers
|-damage|p1a: Landorus-Therian|192\/345|[from] Leech Seed|[of] p2a: Ferrothorn
|turn|12
|
|switch|p2a: Greninja|Greninja, F|257\/285
|move|p1a: Landorus-Therian|Stealth Rock|p2a: Greninja
|-sidestart|p2: elfowls|move: Stealth Rock
|
|-heal|p1a: Landorus-Therian|213\/345|[from] item: Leftovers
|-damage|p1a: Landorus-Therian|170\/345|[from] Leech Seed|[of] p2a: Greninja
|-heal|p2a: Greninja|285\/285|[silent]
|turn|13
|
|switch|p2a: Thundurus|Thundurus, M|299\/299
|-damage|p2a: Thundurus|225\/299|[from] Stealth Rock
|switch|p1a: Porygon2|Porygon2|282\/374 brn
|-damage|p1a: Porygon2|236\/374 brn|[from] Stealth Rock
|-ability|p1a: Porygon2|Prankster|[from] ability: Trace|[of] p2a: Thundurus
|
|-damage|p1a: Porygon2|190\/374 brn|[from] brn
|turn|14
|
|move|p2a: Thundurus|Knock Off|p1a: Porygon2
|-damage|p1a: Porygon2|103\/374 brn
|-enditem|p1a: Porygon2|Eviolite|[from] move: Knock Off|[of] p2a: Thundurus
|-damage|p2a: Thundurus|196\/299|[from] item: Life Orb
|move|p1a: Porygon2|Ice Beam|p2a: Thundurus
|-supereffective|p2a: Thundurus
|-damage|p2a: Thundurus|0 fnt
|faint|p2a: Thundurus
|
|-damage|p1a: Porygon2|57\/374 brn|[from] brn
|
|switch|p2a: Latios|Latios, M|301\/301
|-damage|p2a: Latios|264\/301|[from] Stealth Rock
|turn|15
|
|switch|p1a: Scizor|Scizor, M|343\/343
|-damage|p1a: Scizor|301\/343|[from] Stealth Rock
|move|p2a: Latios|Psyshock|p1a: Scizor
|-resisted|p1a: Scizor
|-damage|p1a: Scizor|231\/343
|
|turn|16
|
|move|p1a: Scizor|Pursuit|p2a: Latios|[from]Pursuit
|-supereffective|p2a: Latios
|-damage|p2a: Latios|0 fnt
|faint|p2a: Latios
|
|
|switch|p2a: Rotom-Heat|Rotom-Heat|274\/304
|-damage|p2a: Rotom-Heat|198\/304|[from] Stealth Rock
|turn|17
|
|switch|p1a: Latios|Latios, M|301\/301
|-damage|p1a: Latios|264\/301|[from] Stealth Rock
|move|p2a: Rotom-Heat|Volt Switch|p1a: Latios
|-resisted|p1a: Latios
|-damage|p1a: Latios|228\/301
|
|switch|p2a: Greninja|Greninja, F|285\/285
|-damage|p2a: Greninja|250\/285|[from] Stealth Rock
|
|turn|18
|
|switch|p1a: Lopunny|Lopunny, F|271\/271
|-damage|p1a: Lopunny|238\/271|[from] Stealth Rock
|move|p2a: Greninja|Ice Beam|p1a: Lopunny
|-start|p2a: Greninja|typechange|Ice|[from] Protean
|-damage|p1a: Lopunny|66\/271
|-damage|p2a: Greninja|222\/285|[from] item: Life Orb
|
|turn|19
|
|switch|p2a: Ferrothorn|Ferrothorn, F|352\/352 par
|-damage|p2a: Ferrothorn|330\/352 par|[from] Stealth Rock
|detailschange|p1a: Lopunny|Lopunny-Mega, F
|-mega|p1a: Lopunny|Lopunny|Lopunnite
|move|p1a: Lopunny|Fake Out|p2a: Ferrothorn
|-resisted|p2a: Ferrothorn
|-damage|p2a: Ferrothorn|306\/352 par
|-damage|p1a: Lopunny|33\/271|[from] ability: Iron Barbs|[of] p2a: Ferrothorn
|
|-heal|p2a: Ferrothorn|328\/352 par|[from] item: Leftovers
|turn|20
|
|move|p2a: Ferrothorn|Protect|p2a: Ferrothorn
|-singleturn|p2a: Ferrothorn|Protect
|move|p1a: Lopunny|High Jump Kick|p2a: Ferrothorn
|-activate|p2a: Ferrothorn|Protect
|-damage|p1a: Lopunny|0 fnt|[from] highjumpkick
|faint|p1a: Lopunny
|
|-heal|p2a: Ferrothorn|350\/352 par|[from] item: Leftovers
|
|switch|p1a: Scizor|Scizor, M|231\/343
|-damage|p1a: Scizor|189\/343|[from] Stealth Rock
|turn|21
|
|move|p1a: Scizor|Superpower|p2a: Ferrothorn
|-supereffective|p2a: Ferrothorn
|-damage|p2a: Ferrothorn|30\/352 par
|-damage|p1a: Scizor|147\/343|[from] ability: Iron Barbs|[of] p2a: Ferrothorn
|-unboost|p1a: Scizor|atk|1
|-unboost|p1a: Scizor|def|1
|move|p2a: Ferrothorn|Leech Seed|p1a: Scizor
|-start|p1a: Scizor|move: Leech Seed
|
|-heal|p2a: Ferrothorn|52\/352 par|[from] item: Leftovers
|-damage|p1a: Scizor|105\/343|[from] Leech Seed|[of] p2a: Ferrothorn
|-heal|p2a: Ferrothorn|94\/352 par|[silent]
|turn|22
|
|switch|p1a: Landorus-Therian|Landorus-Therian, M|170\/345
|-damage|p1a: Landorus-Therian|127\/345|[from] Stealth Rock
|-ability|p1a: Landorus-Therian|Intimidate|[of] p2a: Ferrothorn
|-unboost|p2a: Ferrothorn|atk|1
|move|p2a: Ferrothorn|Leech Seed|p1a: Landorus-Therian|[miss]
|-miss|p2a: Ferrothorn|p1a: Landorus-Therian
|
|-heal|p1a: Landorus-Therian|148\/345|[from] item: Leftovers
|-heal|p2a: Ferrothorn|116\/352 par|[from] item: Leftovers
|turn|23
|
|move|p1a: Landorus-Therian|Knock Off|p2a: Ferrothorn
|-damage|p2a: Ferrothorn|45\/352 par
|-damage|p1a: Landorus-Therian|105\/345|[from] ability: Iron Barbs|[of] p2a: Ferrothorn
|-enditem|p2a: Ferrothorn|Leftovers|[from] move: Knock Off|[of] p1a: Landorus-Therian
|cant|p2a: Ferrothorn|par
|
|-heal|p1a: Landorus-Therian|126\/345|[from] item: Leftovers
|turn|24
|
|move|p1a: Landorus-Therian|Earthquake|p2a: Ferrothorn
|-damage|p2a: Ferrothorn|0 fnt
|faint|p2a: Ferrothorn
|
|-heal|p1a: Landorus-Therian|147\/345|[from] item: Leftovers
|
|switch|p2a: Greninja|Greninja, F|222\/285
|-damage|p2a: Greninja|187\/285|[from] Stealth Rock
|turn|25
|
|move|p2a: Greninja|Hydro Pump|p1a: Landorus-Therian|[miss]
|-start|p2a: Greninja|typechange|Water|[from] Protean
|-miss|p2a: Greninja|p1a: Landorus-Therian
|move|p1a: Landorus-Therian|U-turn|p2a: Greninja
|-damage|p2a: Greninja|80\/285
|
|switch|p1a: Rotom-Wash|Rotom-Wash|303\/303
|-damage|p1a: Rotom-Wash|266\/303|[from] Stealth Rock
|
|-heal|p1a: Rotom-Wash|284\/303|[from] item: Leftovers
|turn|26
|
|move|p2a: Greninja|Grass Knot|p1a: Rotom-Wash
|-start|p2a: Greninja|typechange|Grass|[from] Protean
|-supereffective|p1a: Rotom-Wash
|-damage|p1a: Rotom-Wash|211\/303
|-damage|p2a: Greninja|52\/285|[from] item: Life Orb
|move|p1a: Rotom-Wash|Volt Switch|p2a: Greninja
|-resisted|p2a: Greninja
|-damage|p2a: Greninja|0 fnt
|faint|p2a: Greninja
|
|switch|p1a: Latios|Latios, M|228\/301
|-damage|p1a: Latios|191\/301|[from] Stealth Rock
|
|
|switch|p2a: Rotom-Heat|Rotom-Heat|198\/304
|-damage|p2a: Rotom-Heat|122\/304|[from] Stealth Rock
|turn|27
|
|move|p1a: Latios|Psyshock|p2a: Rotom-Heat
|-damage|p2a: Rotom-Heat|1\/304
|-damage|p1a: Latios|161\/301|[from] item: Life Orb
|move|p2a: Rotom-Heat|Will-O-Wisp|p1a: Latios
|-status|p1a: Latios|brn
|
|-heal|p2a: Rotom-Heat|20\/304|[from] item: Leftovers
|-damage|p1a: Latios|124\/301 brn|[from] brn
|turn|28
|
|move|p1a: Latios|Recover|p1a: Latios
|-heal|p1a: Latios|275\/301 brn
|move|p2a: Rotom-Heat|Pain Split|p1a: Latios
|-sethp|p1a: Latios|147\/301 brn|p2a: Rotom-Heat|147\/304|[from] move: Pain Split
|
|-heal|p2a: Rotom-Heat|166\/304|[from] item: Leftovers
|-damage|p1a: Latios|110\/301 brn|[from] brn
|turn|29
|
|move|p1a: Latios|Draco Meteor|p2a: Rotom-Heat
|-crit|p2a: Rotom-Heat
|-damage|p2a: Rotom-Heat|0 fnt
|-unboost|p1a: Latios|spa|2
|-damage|p1a: Latios|80\/301 brn|[from] item: Life Orb
|faint|p2a: Rotom-Heat
|
|-damage|p1a: Latios|43\/301 brn|[from] brn
|
|switch|p2a: Lucario|Lucario, M|281\/281
|-damage|p2a: Lucario|273\/281|[from] Stealth Rock
|turn|30
|
|switch|p1a: Landorus-Therian|Landorus-Therian, M|147\/345
|-damage|p1a: Landorus-Therian|104\/345|[from] Stealth Rock
|-ability|p1a: Landorus-Therian|Intimidate|[of] p2a: Lucario
|-unboost|p2a: Lucario|atk|1
|move|p2a: Lucario|Swords Dance|p2a: Lucario
|-boost|p2a: Lucario|atk|2
|
|-heal|p1a: Landorus-Therian|125\/345|[from] item: Leftovers
|turn|31
|
|move|p2a: Lucario|Extreme Speed|p1a: Landorus-Therian
|-damage|p1a: Landorus-Therian|0 fnt
|-damage|p2a: Lucario|245\/281|[from] item: Life Orb
|faint|p1a: Landorus-Therian
|
|
|switch|p1a: Rotom-Wash|Rotom-Wash|211\/303
|-damage|p1a: Rotom-Wash|174\/303|[from] Stealth Rock
|turn|32
|
|move|p2a: Lucario|Close Combat|p1a: Rotom-Wash
|-damage|p1a: Rotom-Wash|0 fnt
|-unboost|p2a: Lucario|def|1
|-unboost|p2a: Lucario|spd|1
|-damage|p2a: Lucario|217\/281|[from] item: Life Orb
|faint|p1a: Rotom-Wash
|
|
|switch|p1a: Porygon2|Porygon2|57\/374 brn
|-damage|p1a: Porygon2|11\/374 brn|[from] Stealth Rock
|-ability|p1a: Porygon2|Justified|[from] ability: Trace|[of] p2a: Lucario
|turn|33
|
|move|p2a: Lucario|Extreme Speed|p1a: Porygon2
|-damage|p1a: Porygon2|0 fnt
|-damage|p2a: Lucario|189\/281|[from] item: Life Orb
|faint|p1a: Porygon2
|
|
|switch|p1a: Latios|Latios, M|43\/301 brn
|-damage|p1a: Latios|6\/301 brn|[from] Stealth Rock
|turn|34
|
|move|p2a: Lucario|Extreme Speed|p1a: Latios
|-damage|p1a: Latios|0 fnt
|-damage|p2a: Lucario|161\/281|[from] item: Life Orb
|faint|p1a: Latios
|
|
|switch|p1a: Scizor|Scizor, M|105\/343
|-damage|p1a: Scizor|63\/343|[from] Stealth Rock
|turn|35
|
|move|p2a: Lucario|Extreme Speed|p1a: Scizor
|-resisted|p1a: Scizor
|-damage|p1a: Scizor|0 fnt
|-damage|p2a: Lucario|133\/281|[from] item: Life Orb
|faint|p1a: Scizor
|
|win|elfowls
|raw|Ladder updating...
|raw|MetaFalken's rating: 1395 &rarr; <strong>1372<\/strong><br \/>(-23 for losing)
|raw|elfowls's rating: 1346 &rarr; <strong>1369<\/strong><br \/>(+23 for winning)
|leave|MetaFalken
|player|p1