|join|MortAndPikachu
|join|MetaFalken
|player|p1|MortAndPikachu|2
|player|p2|MetaFalken|163
|gametype|singles
|gen|6
|tier|OU
|rated
|clearpoke
|poke|p1|Jirachi, shiny
|poke|p1|Haxorus, F
|poke|p1|Metagross
|poke|p1|Mamoswine, M, shiny
|poke|p1|Latios, M
|poke|p1|Dragonite, M
|poke|p2|Heracross, M
|poke|p2|Rotom-Wash
|poke|p2|Landorus-Therian, M
|poke|p2|Scizor, M
|poke|p2|Azumarill, M
|poke|p2|Latios, M
|rule|Swagger Clause: Swagger is banned
|rule|Baton Pass Clause: Limit one PokÃ©mon knowing Baton Pass
|rule|Sleep Clause Mod: Limit one foe put to sleep
|rule|Species Clause: Limit one of each PokÃ©mon
|rule|OHKO Clause: OHKO moves are banned
|rule|Moody Clause: Moody is banned
|rule|Evasion Moves Clause: Evasion moves are banned
|rule|Endless Battle Clause: Forcing endless battles is banned
|rule|HP Percentage Mod: HP is shown in percentages
|teampreview
|
|start
|switch|p1a: La|Latios, M|302\/302
|switch|p2a: Azumarill|Azumarill, M|401\/401
|turn|1
|
|move|p1a: La|Psychic|p2a: Azumarill
|-damage|p2a: Azumarill|244\/401
|-damage|p1a: La|272\/302|[from] item: Life Orb
|move|p2a: Azumarill|Knock Off|p1a: La
|-supereffective|p1a: La
|-damage|p1a: La|0 fnt
|-enditem|p1a: La|Life Orb|[from] move: Knock Off|[of] p2a: Azumarill
|faint|p1a: La
|
|
|switch|p1a: Wishmaker|Jirachi, shiny|341\/341
|turn|2
|
|switch|p2a: Landorus-Therian|Landorus-Therian, M|345\/345
|-ability|p2a: Landorus-Therian|Intimidate|[of] p1a: Wishmaker
|-unboost|p1a: Wishmaker|atk|1
|move|p1a: Wishmaker|Iron Head|p2a: Landorus-Therian
|-crit|p2a: Landorus-Therian
|-damage|p2a: Landorus-Therian|186\/345
|
|-heal|p2a: Landorus-Therian|207\/345|[from] item: Leftovers
|turn|3
|
|move|p1a: Wishmaker|Iron Head|p2a: Landorus-Therian
|-damage|p2a: Landorus-Therian|134\/345
|cant|p2a: Landorus-Therian|flinch
|
|-heal|p2a: Landorus-Therian|155\/345|[from] item: Leftovers
|turn|4
|
|move|p1a: Wishmaker|Iron Head|p2a: Landorus-Therian
|-damage|p2a: Landorus-Therian|88\/345
|cant|p2a: Landorus-Therian|flinch
|
|-heal|p2a: Landorus-Therian|109\/345|[from] item: Leftovers
|turn|5
|
|switch|p1a: Baymax|Dragonite, M|323\/323
|switch|p2a: Rotom-Wash|Rotom-Wash|304\/304
|
|turn|6
|
|move|p1a: Baymax|Protect|p1a: Baymax
|-singleturn|p1a: Baymax|Protect
|move|p2a: Rotom-Wash|Will-O-Wisp|p1a: Baymax
|-activate|p1a: Baymax|Protect
|
|turn|7
|
|switch|p1a: Phanpie|Mamoswine, M, shiny|362\/362
|move|p2a: Rotom-Wash|Will-O-Wisp|p1a: Phanpie|[miss]
|-miss|p2a: Rotom-Wash|p1a: Phanpie
|
|turn|8
|
|move|p1a: Phanpie|Stealth Rock|p2a: Rotom-Wash
|-sidestart|p2: MetaFalken|move: Stealth Rock
|move|p2a: Rotom-Wash|Will-O-Wisp|p1a: Phanpie|[miss]
|-miss|p2a: Rotom-Wash|p1a: Phanpie
|
|turn|9
|
|switch|p1a: Haxorus|Haxorus, F|294\/294
|-ability|p1a: Haxorus|Mold Breaker
|move|p2a: Rotom-Wash|Hydro Pump|p1a: Haxorus
|-resisted|p1a: Haxorus
|-damage|p1a: Haxorus|208\/294
|
|turn|10
|
|move|p1a: Haxorus|Dragon Dance|p1a: Haxorus
|-boost|p1a: Haxorus|atk|1
|-boost|p1a: Haxorus|spe|1
|move|p2a: Rotom-Wash|Will-O-Wisp|p1a: Haxorus
|-status|p1a: Haxorus|brn
|-enditem|p1a: Haxorus|Lum Berry|[eat]
|-curestatus|p1a: Haxorus|brn
|
|turn|11
|
|move|p1a: Haxorus|Outrage|p2a: Rotom-Wash
|-damage|p2a: Rotom-Wash|13\/304
|move|p2a: Rotom-Wash|Will-O-Wisp|p1a: Haxorus
|-status|p1a: Haxorus|brn
|
|-heal|p2a: Rotom-Wash|32\/304|[from] item: Leftovers
|-damage|p1a: Haxorus|172\/294 brn|[from] brn
|turn|12
|
|switch|p2a: Azumarill|Azumarill, M|244\/401
|-damage|p2a: Azumarill|194\/401|[from] Stealth Rock
|move|p1a: Haxorus|Outrage|p2a: Azumarill
|-immune|p2a: Azumarill|[msg]
|
|-end|p1a: Haxorus|rampage
|-start|p1a: Haxorus|confusion
|-damage|p1a: Haxorus|136\/294 brn|[from] brn
|turn|13
|
|switch|p1a: Wishmaker|Jirachi, shiny|341\/341
|move|p2a: Azumarill|Knock Off|p1a: Wishmaker
|-supereffective|p1a: Wishmaker
|-damage|p1a: Wishmaker|83\/341
|-enditem|p1a: Wishmaker|Choice Scarf|[from] move: Knock Off|[of] p2a: Azumarill
|
|turn|14
|
|move|p2a: Azumarill|Aqua Jet|p1a: Wishmaker
|-damage|p1a: Wishmaker|2\/341
|move|p1a: Wishmaker|Iron Head|p2a: Azumarill
|-damage|p2a: Azumarill|31\/401
|
|turn|15
|
|move|p2a: Azumarill|Aqua Jet|p1a: Wishmaker
|-damage|p1a: Wishmaker|0 fnt
|faint|p1a: Wishmaker
|
|
|switch|p1a: Baymax|Dragonite, M|323\/323
|turn|16
|
|move|p1a: Baymax|Extreme Speed|p2a: Azumarill
|-damage|p2a: Azumarill|0 fnt
|faint|p2a: Azumarill
|
|
|switch|p2a: Scizor|Scizor, M|343\/343
|-damage|p2a: Scizor|301\/343|[from] Stealth Rock
|turn|17
|
|switch|p1a: Haxorus|Haxorus, F|136\/294 brn
|-ability|p1a: Haxorus|Mold Breaker
|move|p2a: Scizor|Bullet Punch|p1a: Haxorus
|-damage|p1a: Haxorus|0 fnt
|faint|p1a: Haxorus
|
|
|switch|p1a: Mean Machine|Metagross|301\/301
|turn|18
|
|switch|p2a: Landorus-Therian|Landorus-Therian, M|109\/345
|-damage|p2a: Landorus-Therian|66\/345|[from] Stealth Rock
|-ability|p2a: Landorus-Therian|Intimidate|[of] p1a: Mean Machine
|-fail|p1a: Mean Machine|unboost|[from] ability: Clear Body|[of] p1a: Mean Machine
|detailschange|p1a: Mean Machine|Metagross-Mega
|-mega|p1a: Mean Machine|Metagross|Metagrossite
|move|p1a: Mean Machine|Hammer Arm|p2a: Landorus-Therian
|-resisted|p2a: Landorus-Therian
|-damage|p2a: Landorus-Therian|2\/345
|-unboost|p1a: Mean Machine|spe|1
|
|-heal|p2a: Landorus-Therian|23\/345|[from] item: Leftovers
|turn|19
|
|switch|p1a: Baymax|Dragonite, M|323\/323
|move|p2a: Landorus-Therian|Earthquake|p1a: Baymax
|-immune|p1a: Baymax|[msg]
|
|-heal|p2a: Landorus-Therian|44\/345|[from] item: Leftovers
|turn|20
|
|switch|p2a: Scizor|Scizor, M|301\/343
|-damage|p2a: Scizor|259\/343|[from] Stealth Rock
|move|p1a: Baymax|Extreme Speed|p2a: Scizor
|-resisted|p2a: Scizor
|-damage|p2a: Scizor|175\/343
|
|turn|21
|
|move|p2a: Scizor|Pursuit|p1a: Baymax|[from]Pursuit
|-damage|p1a: Baymax|238\/323
|switch|p1a: Mean Machine|Metagross-Mega|301\/301
|
|turn|22
|
|move|p1a: Mean Machine|Meteor Mash|p2a: Scizor
|-resisted|p2a: Scizor
|-damage|p2a: Scizor|52\/343
|move|p2a: Scizor|Pursuit|p1a: Mean Machine
|-supereffective|p1a: Mean Machine
|-damage|p1a: Mean Machine|141\/301
|
|turn|23
|
|switch|p2a: Rotom-Wash|Rotom-Wash|32\/304
|-damage|p2a: Rotom-Wash|0 fnt|[from] Stealth Rock
|faint|p2a: Rotom-Wash
|move|p1a: Mean Machine|Meteor Mash|p2: Rotom-Wash|[notarget]
|-notarget
|
|
|switch|p2a: Landorus-Therian|Landorus-Therian, M|44\/345
|-damage|p2a: Landorus-Therian|1\/345|[from] Stealth Rock
|-ability|p2a: Landorus-Therian|Intimidate|[of] p1a: Mean Machine
|-unboost|p1a: Mean Machine|atk|1
|turn|24
|
|switch|p1a: Phanpie|Mamoswine, M, shiny|362\/362
|move|p2a: Landorus-Therian|Stealth Rock|p1a: Phanpie
|-sidestart|p1: MortAndPikachu|move: Stealth Rock
|
|-heal|p2a: Landorus-Therian|22\/345|[from] item: Leftovers
|turn|25
|
|move|p1a: Phanpie|Ice Shard|p2a: Landorus-Therian
|-supereffective|p2a: Landorus-Therian
|-damage|p2a: Landorus-Therian|0 fnt
|faint|p2a: Landorus-Therian
|
|
|switch|p2a: Heracross|Heracross, M|301\/301
|-damage|p2a: Heracross|264\/301|[from] Stealth Rock
|turn|26
|
|detailschange|p2a: Heracross|Heracross-Mega, M
|-mega|p2a: Heracross|Heracross|Heracronite
|move|p1a: Phanpie|Ice Shard|p2a: Heracross
|-damage|p2a: Heracross|195\/301
|move|p2a: Heracross|Substitute|p2a: Heracross
|-start|p2a: Heracross|Substitute
|-damage|p2a: Heracross|120\/301
|
|turn|27
|
|move|p1a: Phanpie|Ice Shard|p2a: Heracross
|-activate|p2a: Heracross|Substitute|[damage]
|move|p2a: Heracross|Close Combat|p1a: Phanpie
|-supereffective|p1a: Phanpie
|-enditem|p1a: Phanpie|Focus Sash
|-damage|p1a: Phanpie|1\/362
|-unboost|p2a: Heracross|def|1
|-unboost|p2a: Heracross|spd|1
|
|turn|28
|
|move|p1a: Phanpie|Earthquake|p2a: Heracross
|-resisted|p2a: Heracross
|-end|p2a: Heracross|Substitute
|move|p2a: Heracross|Rock Blast|p1a: Phanpie
|-crit|p1a: Phanpie
|-damage|p1a: Phanpie|0 fnt
|-hitcount|p1a: Phanpie|1
|faint|p1a: Phanpie
|
|
|switch|p1a: Baymax|Dragonite, M|238\/323
|-damage|p1a: Baymax|158\/323|[from] Stealth Rock
|turn|29
|
|move|p1a: Baymax|Extreme Speed|p2a: Heracross
|-damage|p2a: Heracross|0 fnt
|faint|p2a: Heracross
|
|
|switch|p2a: Latios|Latios, M|301\/301
|-damage|p2a: Latios|264\/301|[from] Stealth Rock
|turn|30
|
|move|p1a: Baymax|Extreme Speed|p2a: Latios
|-damage|p2a: Latios|62\/301
|move|p2a: Latios|Draco Meteor|p1a: Baymax
|-supereffective|p1a: Baymax
|-damage|p1a: Baymax|0 fnt
|-unboost|p2a: Latios|spa|2
|-damage|p2a: Latios|32\/301|[from] item: Life Orb
|faint|p1a: Baymax
|
|
|switch|p1a: Mean Machine|Metagross-Mega|141\/301
|-damage|p1a: Mean Machine|123\/301|[from] Stealth Rock
|turn|31
|
|move|p1a: Mean Machine|Meteor Mash|p2a: Latios
|-damage|p2a: Latios|0 fnt
|-boost|p1a: Mean Machine|atk|1
|faint|p2a: Latios
|
|
|switch|p2a: Scizor|Scizor, M|52\/343
|-damage|p2a: Scizor|10\/343|[from] Stealth Rock
|turn|32
|
|move|p1a: Mean Machine|Earthquake|p2a: Scizor
|-damage|p2a: Scizor|0 fnt
|faint|p2a: Scizor
|
|win|MortAndPikachu
|raw|Ladder updating...
|raw|MortAndPikachu's rating: 1304 &rarr; <strong>1326<\/strong><br \/>(+22 for winning)
|raw|MetaFalken's rating: 1349 &rarr; <strong>1327<\/strong><br \/>(-22 for losing)
|c|âMortAndPikachu|gg
|leave|MetaFalken
|player|p2