|join|MetaFalken
|join|ImSUH
|player|p1|MetaFalken|163
|player|p2|ImSUH|2
|gametype|singles
|gen|6
|tier|OU
|rated
|clearpoke
|poke|p1|Scizor, M
|poke|p1|Rotom-Wash
|poke|p1|Landorus-Therian, M
|poke|p1|Lopunny, F
|poke|p1|Latios, M
|poke|p1|Chansey, F
|poke|p2|Scolipede, F
|poke|p2|Latias, F
|poke|p2|Accelgor, F
|poke|p2|Victini
|poke|p2|Talonflame, M
|poke|p2|Azelf
|rule|Swagger Clause: Swagger is banned
|rule|Baton Pass Clause: Limit one PokÃ©mon knowing Baton Pass
|rule|Sleep Clause Mod: Limit one foe put to sleep
|rule|Species Clause: Limit one of each PokÃ©mon
|rule|OHKO Clause: OHKO moves are banned
|rule|Moody Clause: Moody is banned
|rule|Evasion Moves Clause: Evasion moves are banned
|rule|Endless Battle Clause: Forcing endless battles is banned
|rule|HP Percentage Mod: HP is shown in percentages
|teampreview
|
|start
|switch|p1a: Landorus-Therian|Landorus-Therian, M|345\/345
|switch|p2a: Azelf|Azelf|291\/291
|-ability|p1a: Landorus-Therian|Intimidate|[of] p2a: Azelf
|-unboost|p2a: Azelf|atk|1
|turn|1
|
|move|p2a: Azelf|Taunt|p1a: Landorus-Therian
|-start|p1a: Landorus-Therian|move: Taunt
|cant|p1a: Landorus-Therian|move: Taunt|Stealth Rock
|
|turn|2
|
|move|p2a: Azelf|Stealth Rock|p1a: Landorus-Therian
|-sidestart|p1: MetaFalken|move: Stealth Rock
|move|p1a: Landorus-Therian|Knock Off|p2a: Azelf
|-supereffective|p2a: Azelf
|-enditem|p2a: Azelf|Focus Sash
|-damage|p2a: Azelf|1\/291
|
|turn|3
|
|move|p2a: Azelf|Explosion|p1a: Landorus-Therian
|-damage|p1a: Landorus-Therian|205\/345
|faint|p2a: Azelf
|move|p1a: Landorus-Therian|Knock Off|p2: Azelf|[notarget]
|-notarget
|
|-heal|p1a: Landorus-Therian|226\/345|[from] item: Leftovers
|-end|p1a: Landorus-Therian|move: Taunt
|
|switch|p2a: Scolipede|Scolipede, F|323\/323
|turn|4
|
|move|p2a: Scolipede|Iron Defense|p2a: Scolipede
|-boost|p2a: Scolipede|def|2
|move|p1a: Landorus-Therian|Stealth Rock|p2a: Scolipede
|-sidestart|p2: ImSUH|move: Stealth Rock
|
|-heal|p1a: Landorus-Therian|247\/345|[from] item: Leftovers
|-boost|p2a: Scolipede|spe|1|[from] ability: Speed Boost
|turn|5
|
|move|p2a: Scolipede|Iron Defense|p2a: Scolipede
|-boost|p2a: Scolipede|def|2
|move|p1a: Landorus-Therian|Knock Off|p2a: Scolipede
|-damage|p2a: Scolipede|286\/323
|-enditem|p2a: Scolipede|Focus Sash|[from] move: Knock Off|[of] p1a: Landorus-Therian
|
|-heal|p1a: Landorus-Therian|268\/345|[from] item: Leftovers
|-boost|p2a: Scolipede|spe|1|[from] ability: Speed Boost
|turn|6
|
|move|p2a: Scolipede|Substitute|p2a: Scolipede
|-start|p2a: Scolipede|Substitute
|-damage|p2a: Scolipede|206\/323
|move|p1a: Landorus-Therian|U-turn|p2a: Scolipede
|-resisted|p2a: Scolipede
|-activate|p2a: Scolipede|Substitute|[damage]
|
|switch|p1a: Latios|Latios, M|301\/301
|-damage|p1a: Latios|264\/301|[from] Stealth Rock
|
|-boost|p2a: Scolipede|spe|1|[from] ability: Speed Boost
|turn|7
|
|move|p2a: Scolipede|Protect|p2a: Scolipede
|-singleturn|p2a: Scolipede|Protect
|move|p1a: Latios|Psyshock|p2a: Scolipede
|-activate|p2a: Scolipede|Protect
|
|-boost|p2a: Scolipede|spe|1|[from] ability: Speed Boost
|turn|8
|
|move|p2a: Scolipede|Baton Pass|p2a: Scolipede
|
|switch|p2a: Latias|Latias, F|301\/301
|-damage|p2a: Latias|264\/301|[from] Stealth Rock
|move|p1a: Latios|Draco Meteor|p2a: Latias
|-supereffective|p2a: Latias
|-end|p2a: Latias|Substitute
|-unboost|p1a: Latios|spa|2
|-damage|p1a: Latios|234\/301|[from] item: Life Orb
|
|turn|9
|
|switch|p1a: Chansey|Chansey, F|642\/642
|-damage|p1a: Chansey|562\/642|[from] Stealth Rock
|detailschange|p2a: Latias|Latias-Mega, F
|-mega|p2a: Latias|Latias|Latiasite
|move|p2a: Latias|Calm Mind|p2a: Latias
|-boost|p2a: Latias|spa|1
|-boost|p2a: Latias|spd|1
|
|turn|10
|
|move|p2a: Latias|Stored Power|p1a: Chansey
|-damage|p1a: Chansey|259\/642
|move|p1a: Chansey|Seismic Toss|p2a: Latias
|-damage|p2a: Latias|164\/301
|
|turn|11
|
|move|p2a: Latias|Stored Power|p1a: Chansey
|-damage|p1a: Chansey|0 fnt
|faint|p1a: Chansey
|
|
|switch|p1a: Scizor|Scizor, M|343\/343
|-damage|p1a: Scizor|301\/343|[from] Stealth Rock
|turn|12
|
|move|p2a: Latias|Surf|p1a: Scizor
|-damage|p1a: Scizor|101\/343
|move|p1a: Scizor|U-turn|p2a: Latias
|-supereffective|p2a: Latias
|-damage|p2a: Latias|44\/301
|
|switch|p1a: Lopunny|Lopunny, F|271\/271
|-damage|p1a: Lopunny|238\/271|[from] Stealth Rock
|
|turn|13
|
|switch|p2a: Victini|Victini|341\/341
|-damage|p2a: Victini|256\/341|[from] Stealth Rock
|detailschange|p1a: Lopunny|Lopunny-Mega, F
|-mega|p1a: Lopunny|Lopunny|Lopunnite
|move|p1a: Lopunny|Fake Out|p2a: Victini
|-crit|p2a: Victini
|-damage|p2a: Victini|135\/341
|
|turn|14
|
|switch|p1a: Rotom-Wash|Rotom-Wash|303\/303
|-damage|p1a: Rotom-Wash|266\/303|[from] Stealth Rock
|move|p2a: Victini|Psyshock|p1a: Rotom-Wash
|-damage|p1a: Rotom-Wash|179\/303
|
|-heal|p1a: Rotom-Wash|197\/303|[from] item: Leftovers
|turn|15
|
|move|p2a: Victini|Psyshock|p1a: Rotom-Wash
|-damage|p1a: Rotom-Wash|119\/303
|move|p1a: Rotom-Wash|Hydro Pump|p2a: Victini
|-supereffective|p2a: Victini
|-damage|p2a: Victini|0 fnt
|faint|p2a: Victini
|
|-heal|p1a: Rotom-Wash|137\/303|[from] item: Leftovers
|
|switch|p2a: Accelgor|Accelgor, F|301\/301
|-damage|p2a: Accelgor|226\/301|[from] Stealth Rock
|turn|16
|
|move|p2a: Accelgor|Energy Ball|p1a: Rotom-Wash
|-supereffective|p1a: Rotom-Wash
|-damage|p1a: Rotom-Wash|0 fnt
|faint|p1a: Rotom-Wash
|
|c|âImSUH|I think you're going to be the first guy to beat this team lol
|
|switch|p1a: Lopunny|Lopunny-Mega, F|238\/271
|-damage|p1a: Lopunny|222\/271|[from] Stealth Rock
|turn|17
|
|move|p1a: Lopunny|Fake Out|p2a: Accelgor
|-damage|p2a: Accelgor|63\/301
|cant|p2a: Accelgor|flinch
|
|turn|18
|
|switch|p1a: Landorus-Therian|Landorus-Therian, M|268\/345
|-damage|p1a: Landorus-Therian|225\/345|[from] Stealth Rock
|-ability|p1a: Landorus-Therian|Intimidate|[of] p2a: Accelgor
|-unboost|p2a: Accelgor|atk|1
|move|p2a: Accelgor|Energy Ball|p1a: Landorus-Therian
|-damage|p1a: Landorus-Therian|51\/345
|
|-heal|p1a: Landorus-Therian|72\/345|[from] item: Leftovers
|turn|19
|
|move|p2a: Accelgor|Energy Ball|p1a: Landorus-Therian
|-damage|p1a: Landorus-Therian|0 fnt
|faint|p1a: Landorus-Therian
|
|
|switch|p1a: Lopunny|Lopunny-Mega, F|222\/271
|-damage|p1a: Lopunny|206\/271|[from] Stealth Rock
|turn|20
|
|move|p1a: Lopunny|Fake Out|p2a: Accelgor
|-damage|p2a: Accelgor|0 fnt
|faint|p2a: Accelgor
|
|
|switch|p2a: Talonflame|Talonflame, M|319\/319
|-damage|p2a: Talonflame|160\/319|[from] Stealth Rock
|turn|21
|
|switch|p1a: Latios|Latios, M|234\/301
|-damage|p1a: Latios|197\/301|[from] Stealth Rock
|move|p2a: Talonflame|Brave Bird|p1a: Latios
|-damage|p1a: Latios|0 fnt
|-damage|p2a: Talonflame|95\/319|[from] recoil|[of] p1a: Latios
|faint|p1a: Latios
|
|
|switch|p1a: Lopunny|Lopunny-Mega, F|206\/271
|-damage|p1a: Lopunny|190\/271|[from] Stealth Rock
|turn|22
|
|move|p1a: Lopunny|Fake Out|p2a: Talonflame
|-damage|p2a: Talonflame|2\/319
|cant|p2a: Talonflame|flinch
|
|turn|23
|
|switch|p1a: Scizor|Scizor, M|101\/343
|-damage|p1a: Scizor|59\/343|[from] Stealth Rock
|move|p2a: Talonflame|Brave Bird|p1a: Scizor
|-damage|p1a: Scizor|0 fnt
|-damage|p2a: Talonflame|0 fnt|[from] recoil|[of] p1a: Scizor
|faint|p1a: Scizor
|faint|p2a: Talonflame
|
|
|switch|p1a: Lopunny|Lopunny-Mega, F|190\/271
|switch|p2a: Scolipede|Scolipede, F|206\/323
|-damage|p1a: Lopunny|174\/271|[from] Stealth Rock
|-damage|p2a: Scolipede|126\/323|[from] Stealth Rock
|turn|24
|
|move|p2a: Scolipede|Protect|p2a: Scolipede
|-singleturn|p2a: Scolipede|Protect
|move|p1a: Lopunny|Fake Out|p2a: Scolipede
|-activate|p2a: Scolipede|Protect
|
|-boost|p2a: Scolipede|spe|1|[from] ability: Speed Boost
|turn|25
|
|move|p2a: Scolipede|Iron Defense|p2a: Scolipede
|-boost|p2a: Scolipede|def|2
|move|p1a: Lopunny|Return|p2a: Scolipede
|-damage|p2a: Scolipede|23\/323
|
|-boost|p2a: Scolipede|spe|1|[from] ability: Speed Boost
|turn|26
|
|move|p2a: Scolipede|Baton Pass|p2a: Scolipede
|
|switch|p2a: Latias|Latias-Mega, F|44\/301
|-damage|p2a: Latias|7\/301|[from] Stealth Rock
|move|p1a: Lopunny|Return|p2a: Latias
|-crit|p2a: Latias
|-damage|p2a: Latias|0 fnt
|faint|p2a: Latias
|
|c|âImSUH|gg
|
|switch|p2a: Scolipede|Scolipede, F|23\/323
|-damage|p2a: Scolipede|0 fnt|[from] Stealth Rock
|faint|p2a: Scolipede
|
|win|MetaFalken
|raw|Ladder updating...
|raw|MetaFalken's rating: 1585 &rarr; <strong>1602<\/strong><br \/>(+17 for winning)
|raw|ImSUH's rating: 1533 &rarr; <strong>1516<\/strong><br \/>(-17 for losing)
|c|âMetaFalken|gg
|leave|ImSUH
|player|p2