|join|PriestessShizuka
|join|MetaFalken
|player|p1|PriestessShizuka|138
|player|p2|MetaFalken|163
|gametype|singles
|gen|6
|tier|OU (suspect test)
|rated
|clearpoke
|poke|p1|Garchomp, F
|poke|p1|Sylveon, F
|poke|p1|Gliscor, F
|poke|p1|Gyarados, F
|poke|p1|Talonflame, M
|poke|p1|Latios, M
|poke|p2|Scizor, F
|poke|p2|Rotom-Wash
|poke|p2|Landorus-Therian, M
|poke|p2|Lopunny, F
|poke|p2|Latios, M
|poke|p2|Porygon2
|rule|Swagger Clause: Swagger is banned
|rule|Baton Pass Clause: Limit one PokÃ©mon knowing Baton Pass
|rule|Sleep Clause Mod: Limit one foe put to sleep
|rule|Species Clause: Limit one of each PokÃ©mon
|rule|OHKO Clause: OHKO moves are banned
|rule|Moody Clause: Moody is banned
|rule|Evasion Moves Clause: Evasion moves are banned
|rule|Endless Battle Clause: Forcing endless battles is banned
|rule|HP Percentage Mod: HP is shown in percentages
|teampreview
|
|start
|switch|p1a: Historia|Sylveon, F|394\/394
|switch|p2a: Landorus-Therian|Landorus-Therian, M|345\/345
|-ability|p2a: Landorus-Therian|Intimidate|[of] p1a: Historia
|-unboost|p1a: Historia|atk|1
|turn|1
|
|move|p2a: Landorus-Therian|Stealth Rock|p1a: Historia
|-sidestart|p1: PriestessShizuka|move: Stealth Rock
|move|p1a: Historia|Hyper Voice|p2a: Landorus-Therian
|-damage|p2a: Landorus-Therian|161\/345
|
|-heal|p2a: Landorus-Therian|182\/345|[from] item: Leftovers
|turn|2
|
|move|p2a: Landorus-Therian|U-turn|p1a: Historia
|-resisted|p1a: Historia
|-damage|p1a: Historia|340\/394
|
|switch|p2a: Scizor|Scizor, F|343\/343
|move|p1a: Historia|Hyper Voice|p2a: Scizor
|-resisted|p2a: Scizor
|-damage|p2a: Scizor|259\/343
|
|-heal|p1a: Historia|364\/394|[from] item: Leftovers
|turn|3
|
|switch|p1a: Otohime|Gyarados, F|394\/394
|-damage|p1a: Otohime|296\/394|[from] Stealth Rock
|-ability|p1a: Otohime|Intimidate|[of] p2a: Scizor
|-unboost|p2a: Scizor|atk|1
|move|p2a: Scizor|Bullet Punch|p1a: Otohime
|-resisted|p1a: Otohime
|-damage|p1a: Otohime|236\/394
|
|-heal|p1a: Otohime|260\/394|[from] item: Leftovers
|turn|4
|
|switch|p2a: Porygon2|Porygon2|374\/374
|-ability|p2a: Porygon2|Intimidate|[from] ability: Trace|[of] p1a: Otohime
|-ability|p2a: Porygon2|Intimidate|[of] p1a: Otohime
|-unboost|p1a: Otohime|atk|1
|move|p1a: Otohime|Waterfall|p2a: Porygon2
|-damage|p2a: Porygon2|316\/374
|
|-heal|p1a: Otohime|284\/394|[from] item: Leftovers
|turn|5
|
|move|p1a: Otohime|Taunt|p2a: Porygon2
|-start|p2a: Porygon2|move: Taunt
|cant|p2a: Porygon2|move: Taunt|Thunder Wave
|
|-heal|p1a: Otohime|308\/394|[from] item: Leftovers
|turn|6
|
|move|p2a: Porygon2|Thunderbolt|p1a: Otohime
|-supereffective|p1a: Otohime
|-damage|p1a: Otohime|88\/394
|move|p1a: Otohime|Dragon Tail|p2a: Porygon2
|-damage|p2a: Porygon2|285\/374
|drag|p2a: Scizor|Scizor, F|259\/343
|
|-heal|p1a: Otohime|112\/394|[from] item: Leftovers
|turn|7
|
|move|p2a: Scizor|Pursuit|p1a: Otohime|[from]Pursuit
|-damage|p1a: Otohime|0 fnt
|faint|p1a: Otohime
|
|
|switch|p1a: Lucina|Garchomp, F|357\/357
|-damage|p1a: Lucina|335\/357|[from] Stealth Rock
|turn|8
|
|switch|p2a: Landorus-Therian|Landorus-Therian, M|182\/345
|-ability|p2a: Landorus-Therian|Intimidate|[of] p1a: Lucina
|-unboost|p1a: Lucina|atk|1
|detailschange|p1a: Lucina|Garchomp-Mega, F
|-mega|p1a: Lucina|Garchomp|Garchompite
|move|p1a: Lucina|Fire Blast|p2a: Landorus-Therian
|-crit|p2a: Landorus-Therian
|-damage|p2a: Landorus-Therian|0 fnt
|faint|p2a: Landorus-Therian
|
|
|switch|p2a: Rotom-Wash|Rotom-Wash|303\/303
|turn|9
|
|switch|p1a: Historia|Sylveon, F|364\/394
|-damage|p1a: Historia|315\/394|[from] Stealth Rock
|move|p2a: Rotom-Wash|Hydro Pump|p1a: Historia|[miss]
|-miss|p2a: Rotom-Wash|p1a: Historia
|
|-heal|p1a: Historia|339\/394|[from] item: Leftovers
|turn|10
|
|switch|p2a: Scizor|Scizor, F|259\/343
|move|p1a: Historia|Hyper Voice|p2a: Scizor
|-resisted|p2a: Scizor
|-damage|p2a: Scizor|163\/343
|
|-heal|p1a: Historia|363\/394|[from] item: Leftovers
|turn|11
|
|switch|p1a: Cherche|Gliscor, F|354\/354
|-damage|p1a: Cherche|310\/354|[from] Stealth Rock
|move|p2a: Scizor|U-turn|p1a: Cherche
|-resisted|p1a: Cherche
|-damage|p1a: Cherche|246\/354
|
|switch|p2a: Porygon2|Porygon2|285\/374
|-ability|p2a: Porygon2|Poison Heal|[from] ability: Trace|[of] p1a: Cherche
|
|-status|p1a: Cherche|tox|[from] item: Toxic Orb
|turn|12
|
|switch|p1a: Historia|Sylveon, F|363\/394
|-damage|p1a: Historia|314\/394|[from] Stealth Rock
|move|p2a: Porygon2|Ice Beam|p1a: Historia
|-damage|p1a: Historia|266\/394
|
|-heal|p1a: Historia|290\/394|[from] item: Leftovers
|turn|13
|
|move|p1a: Historia|Wish|p1a: Historia
|move|p2a: Porygon2|Thunder Wave|p1a: Historia
|-status|p1a: Historia|par
|
|-heal|p1a: Historia|314\/394 par|[from] item: Leftovers
|turn|14
|
|move|p2a: Porygon2|Thunderbolt|p1a: Historia
|-damage|p1a: Historia|268\/394 par
|move|p1a: Historia|Heal Bell|p1a: Historia
|-cureteam|p1a: Historia|[from] move: HealBell
|
|-heal|p1a: Historia|394\/394|[from] move: Wish|[wisher] Historia
|turn|15
|
|move|p1a: Historia|Hyper Voice|p2a: Porygon2
|-damage|p2a: Porygon2|209\/374
|move|p2a: Porygon2|Thunder Wave|p1a: Historia
|-status|p1a: Historia|par
|
|turn|16
|
|move|p2a: Porygon2|Recover|p2a: Porygon2
|-heal|p2a: Porygon2|374\/374
|cant|p1a: Historia|par
|
|turn|17
|
|move|p2a: Porygon2|Thunderbolt|p1a: Historia
|-damage|p1a: Historia|349\/394 par
|move|p1a: Historia|Heal Bell|p1a: Historia
|-cureteam|p1a: Historia|[from] move: HealBell
|
|-heal|p1a: Historia|373\/394|[from] item: Leftovers
|turn|18
|
|move|p1a: Historia|Psyshock|p2a: Porygon2
|-damage|p2a: Porygon2|322\/374
|move|p2a: Porygon2|Thunder Wave|p1a: Historia
|-status|p1a: Historia|par
|
|-heal|p1a: Historia|394\/394 par|[from] item: Leftovers
|turn|19
|
|switch|p2a: Scizor|Scizor, F|163\/343
|move|p1a: Historia|Heal Bell|p1a: Historia
|-cureteam|p1a: Historia|[from] move: HealBell
|
|turn|20
|
|switch|p1a: Cherche|Gliscor, F|246\/354
|-damage|p1a: Cherche|202\/354|[from] Stealth Rock
|move|p2a: Scizor|U-turn|p1a: Cherche
|-resisted|p1a: Cherche
|-damage|p1a: Cherche|136\/354
|
|switch|p2a: Porygon2|Porygon2|322\/374
|-ability|p2a: Porygon2|Poison Heal|[from] ability: Trace|[of] p1a: Cherche
|
|-status|p1a: Cherche|tox|[from] item: Toxic Orb
|turn|21
|
|move|p1a: Cherche|Protect|p1a: Cherche
|-singleturn|p1a: Cherche|Protect
|move|p2a: Porygon2|Ice Beam|p1a: Cherche
|-activate|p1a: Cherche|Protect
|
|-heal|p1a: Cherche|180\/354 tox|[from] ability: Poison Heal
|turn|22
|
|move|p1a: Cherche|Knock Off|p2a: Porygon2
|-damage|p2a: Porygon2|264\/374
|-enditem|p2a: Porygon2|Eviolite|[from] move: Knock Off|[of] p1a: Cherche
|move|p2a: Porygon2|Thunder Wave|p1a: Cherche
|-immune|p1a: Cherche|[msg]
|
|-heal|p1a: Cherche|224\/354 tox|[from] ability: Poison Heal
|turn|23
|
|move|p1a: Cherche|Protect|p1a: Cherche
|-singleturn|p1a: Cherche|Protect
|move|p2a: Porygon2|Ice Beam|p1a: Cherche
|-activate|p1a: Cherche|Protect
|
|-heal|p1a: Cherche|268\/354 tox|[from] ability: Poison Heal
|turn|24
|
|switch|p1a: Historia|Sylveon, F|394\/394
|-damage|p1a: Historia|345\/394|[from] Stealth Rock
|move|p2a: Porygon2|Ice Beam|p1a: Historia
|-damage|p1a: Historia|296\/394
|
|-heal|p1a: Historia|320\/394|[from] item: Leftovers
|turn|25
|
|move|p1a: Historia|Hyper Voice|p2a: Porygon2
|-damage|p2a: Porygon2|147\/374
|move|p2a: Porygon2|Thunder Wave|p1a: Historia
|-status|p1a: Historia|par
|
|-heal|p1a: Historia|344\/394 par|[from] item: Leftovers
|turn|26
|
|move|p2a: Porygon2|Recover|p2a: Porygon2
|-heal|p2a: Porygon2|334\/374
|move|p1a: Historia|Heal Bell|p1a: Historia
|-cureteam|p1a: Historia|[from] move: HealBell
|
|-heal|p1a: Historia|368\/394|[from] item: Leftovers
|turn|27
|
|move|p1a: Historia|Hyper Voice|p2a: Porygon2
|-damage|p2a: Porygon2|222\/374
|move|p2a: Porygon2|Thunder Wave|p1a: Historia
|-status|p1a: Historia|par
|
|-heal|p1a: Historia|392\/394 par|[from] item: Leftovers
|turn|28
|
|move|p2a: Porygon2|Ice Beam|p1a: Historia
|-damage|p1a: Historia|346\/394 par
|cant|p1a: Historia|par
|
|-heal|p1a: Historia|370\/394 par|[from] item: Leftovers
|turn|29
|
|switch|p2a: Scizor|Scizor, F|163\/343
|move|p1a: Historia|Hyper Voice|p2a: Scizor
|-resisted|p2a: Scizor
|-damage|p2a: Scizor|70\/343
|
|-heal|p1a: Historia|394\/394 par|[from] item: Leftovers
|turn|30
|
|switch|p1a: Cherche|Gliscor, F|268\/354
|-damage|p1a: Cherche|224\/354|[from] Stealth Rock
|move|p2a: Scizor|Bullet Punch|p1a: Cherche
|-damage|p1a: Cherche|109\/354
|
|-status|p1a: Cherche|tox|[from] item: Toxic Orb
|turn|31
|
|move|p1a: Cherche|Protect|p1a: Cherche
|-singleturn|p1a: Cherche|Protect
|move|p2a: Scizor|Bullet Punch|p1a: Cherche
|-activate|p1a: Cherche|Protect
|
|-heal|p1a: Cherche|153\/354 tox|[from] ability: Poison Heal
|turn|32
|
|switch|p2a: Latios|Latios, M|301\/301
|move|p1a: Cherche|Knock Off|p2a: Latios
|-supereffective|p2a: Latios
|-damage|p2a: Latios|107\/301
|-enditem|p2a: Latios|Life Orb|[from] move: Knock Off|[of] p1a: Cherche
|
|-heal|p1a: Cherche|197\/354 tox|[from] ability: Poison Heal
|turn|33
|-message|MetaFalken forfeited.
|
|win|PriestessShizuka
|raw|Ladder updating...
|leave|MetaFalken
|player|p2
|raw|PriestessShizuka's rating: 1191 &rarr; <strong>1223<\/strong><br \/>(+32 for winning)
|raw|MetaFalken's rating: 1289 &rarr; <strong>1257<\/strong><br \/>(-32 for losing)