|join|MetaFalken
|join|gould314bach
|player|p1|MetaFalken|163
|player|p2|gould314bach|220
|gametype|singles
|gen|6
|tier|OU (suspect test)
|rated
|clearpoke
|poke|p1|Scizor, M
|poke|p1|Rotom-Wash
|poke|p1|Landorus-Therian, M
|poke|p1|Lopunny, F
|poke|p1|Latios, M
|poke|p1|Porygon2
|poke|p2|Scizor, M
|poke|p2|Heatran, M
|poke|p2|Garchomp, F, shiny
|poke|p2|Klefki, F, shiny
|poke|p2|Kyurem-Black
|poke|p2|Sylveon, F
|rule|Swagger Clause: Swagger is banned
|rule|Baton Pass Clause: Limit one PokÃ©mon knowing Baton Pass
|rule|Sleep Clause Mod: Limit one foe put to sleep
|rule|Species Clause: Limit one of each PokÃ©mon
|rule|OHKO Clause: OHKO moves are banned
|rule|Moody Clause: Moody is banned
|rule|Evasion Moves Clause: Evasion moves are banned
|rule|Endless Battle Clause: Forcing endless battles is banned
|rule|HP Percentage Mod: HP is shown in percentages
|teampreview
|
|start
|switch|p1a: Landorus-Therian|Landorus-Therian, M|345\/345
|switch|p2a: Klefki|Klefki, F, shiny|318\/318
|-ability|p1a: Landorus-Therian|Intimidate|[of] p2a: Klefki
|-unboost|p2a: Klefki|atk|1
|turn|1
|
|move|p2a: Klefki|Reflect|p2a: Klefki
|-sidestart|p2: gould314bach|Reflect
|move|p1a: Landorus-Therian|Stealth Rock|p2a: Klefki
|-sidestart|p2: gould314bach|move: Stealth Rock
|
|turn|2
|
|move|p2a: Klefki|Spikes|p1a: Landorus-Therian
|-sidestart|p1: MetaFalken|Spikes
|move|p1a: Landorus-Therian|U-turn|p2a: Klefki
|-resisted|p2a: Klefki
|-damage|p2a: Klefki|311\/318
|
|switch|p1a: Latios|Latios, M|301\/301
|
|turn|3
|
|move|p2a: Klefki|Thunder Wave|p1a: Latios
|-status|p1a: Latios|par
|move|p1a: Latios|Hidden Power|p2a: Klefki
|-supereffective|p2a: Klefki
|-damage|p2a: Klefki|106\/318
|-damage|p1a: Latios|271\/301 par|[from] item: Life Orb
|
|turn|4
|
|move|p2a: Klefki|Light Screen|p2a: Klefki
|-sidestart|p2: gould314bach|move: Light Screen
|move|p1a: Latios|Hidden Power|p2a: Klefki
|-supereffective|p2a: Klefki
|-damage|p2a: Klefki|3\/318
|-damage|p1a: Latios|241\/301 par|[from] item: Life Orb
|
|turn|5
|
|move|p2a: Klefki|Spikes|p1a: Latios
|-sidestart|p1: MetaFalken|Spikes
|move|p1a: Latios|Psyshock|p2a: Klefki
|-resisted|p2a: Klefki
|-damage|p2a: Klefki|0 fnt
|-damage|p1a: Latios|211\/301 par|[from] item: Life Orb
|faint|p2a: Klefki
|
|
|switch|p2a: Kyurem-Black|Kyurem-Black|391\/391
|-damage|p2a: Kyurem-Black|294\/391|[from] Stealth Rock
|-ability|p2a: Kyurem-Black|Teravolt
|turn|6
|
|move|p2a: Kyurem-Black|Ice Beam|p1a: Latios
|-supereffective|p1a: Latios
|-damage|p1a: Latios|0 fnt
|faint|p1a: Latios
|
|
|switch|p1a: Scizor|Scizor, M|343\/343
|-damage|p1a: Scizor|286\/343|[from] Spikes
|turn|7
|
|switch|p2a: Heatran|Heatran, M|326\/326
|-damage|p2a: Heatran|286\/326|[from] Stealth Rock
|-item|p2a: Heatran|Air Balloon
|move|p1a: Scizor|Superpower|p2a: Heatran
|-supereffective|p2a: Heatran
|-damage|p2a: Heatran|52\/326
|-enditem|p2a: Heatran|Air Balloon
|-unboost|p1a: Scizor|atk|1
|-unboost|p1a: Scizor|def|1
|
|turn|8
|
|switch|p1a: Porygon2|Porygon2|374\/374
|-damage|p1a: Porygon2|312\/374|[from] Spikes
|-ability|p1a: Porygon2|Flash Fire|[from] ability: Trace|[of] p2a: Heatran
|move|p2a: Heatran|Fire Blast|p1a: Porygon2
|-start|p1a: Porygon2|ability: Flash Fire
|
|-sideend|p2: gould314bach|Reflect
|turn|9
|
|switch|p2a: Sylveon|Sylveon, F|394\/394
|-damage|p2a: Sylveon|345\/394|[from] Stealth Rock
|move|p1a: Porygon2|Thunder Wave|p2a: Sylveon
|-status|p2a: Sylveon|par
|
|-heal|p2a: Sylveon|369\/394 par|[from] item: Leftovers
|turn|10
|
|switch|p1a: Scizor|Scizor, M|286\/343
|-damage|p1a: Scizor|229\/343|[from] Spikes
|move|p2a: Sylveon|Heal Bell|p2a: Sylveon
|-cureteam|p2a: Sylveon|[from] move: HealBell
|
|-heal|p2a: Sylveon|393\/394|[from] item: Leftovers
|turn|11
|
|move|p1a: Scizor|Bullet Punch|p2a: Sylveon
|-supereffective|p2a: Sylveon
|-damage|p2a: Sylveon|51\/394
|move|p2a: Sylveon|Wish|p2a: Sylveon
|
|-heal|p2a: Sylveon|75\/394|[from] item: Leftovers
|-sideend|p2: gould314bach|move: Light Screen
|turn|12
|
|switch|p2a: Scizor|Scizor, M|343\/343
|-damage|p2a: Scizor|301\/343|[from] Stealth Rock
|move|p1a: Scizor|Bullet Punch|p2a: Scizor
|-resisted|p2a: Scizor
|-damage|p2a: Scizor|220\/343
|
|-heal|p2a: Scizor|343\/343|[from] move: Wish|[wisher] Sylveon
|turn|13
|
|switch|p1a: Rotom-Wash|Rotom-Wash|303\/303
|detailschange|p2a: Scizor|Scizor-Mega, M
|-mega|p2a: Scizor|Scizor|Scizorite
|move|p2a: Scizor|Knock Off|p1a: Rotom-Wash
|-damage|p1a: Rotom-Wash|219\/303
|-enditem|p1a: Rotom-Wash|Leftovers|[from] move: Knock Off|[of] p2a: Scizor
|
|turn|14
|
|move|p1a: Rotom-Wash|Volt Switch|p2a: Scizor
|-damage|p2a: Scizor|273\/343
|
|switch|p1a: Landorus-Therian|Landorus-Therian, M|345\/345
|-ability|p1a: Landorus-Therian|Intimidate|[of] p2a: Scizor
|-unboost|p2a: Scizor|atk|1
|move|p2a: Scizor|Swords Dance|p2a: Scizor
|-boost|p2a: Scizor|atk|2
|
|turn|15
|
|move|p2a: Scizor|Bullet Punch|p1a: Landorus-Therian
|-damage|p1a: Landorus-Therian|225\/345
|move|p1a: Landorus-Therian|U-turn|p2a: Scizor
|-resisted|p2a: Scizor
|-damage|p2a: Scizor|249\/343
|
|switch|p1a: Rotom-Wash|Rotom-Wash|219\/303
|
|turn|16
|c|âgould314bach|that bulk
|
|switch|p2a: Heatran|Heatran, M|52\/326
|-damage|p2a: Heatran|12\/326|[from] Stealth Rock
|move|p1a: Rotom-Wash|Will-O-Wisp|p2a: Heatran
|-start|p2a: Heatran|ability: Flash Fire
|
|turn|17
|
|move|p2a: Heatran|Will-O-Wisp|p1a: Rotom-Wash
|-status|p1a: Rotom-Wash|brn
|move|p1a: Rotom-Wash|Volt Switch|p2a: Heatran
|-damage|p2a: Heatran|0 fnt
|faint|p2a: Heatran
|
|switch|p1a: Porygon2|Porygon2|312\/374
|-damage|p1a: Porygon2|250\/374|[from] Spikes
|
|
|switch|p2a: Kyurem-Black|Kyurem-Black|294\/391
|-ability|p1a: Porygon2|Teravolt|[from] ability: Trace|[of] p2a: Kyurem-Black
|-ability|p1a: Porygon2|Teravolt
|-damage|p2a: Kyurem-Black|197\/391|[from] Stealth Rock
|-ability|p2a: Kyurem-Black|Teravolt
|turn|18
|
|move|p2a: Kyurem-Black|Outrage|p1a: Porygon2
|-damage|p1a: Porygon2|52\/374
|move|p1a: Porygon2|Recover|p1a: Porygon2
|-heal|p1a: Porygon2|239\/374
|
|turn|19
|
|switch|p1a: Landorus-Therian|Landorus-Therian, M|225\/345
|-ability|p1a: Landorus-Therian|Intimidate|[of] p2a: Kyurem-Black
|-unboost|p2a: Kyurem-Black|atk|1
|move|p2a: Kyurem-Black|Outrage|p1a: Landorus-Therian
|-damage|p1a: Landorus-Therian|71\/345
|
|-heal|p1a: Landorus-Therian|92\/345|[from] item: Leftovers
|turn|20
|c|âgould314bach|THAT bulk
|
|move|p2a: Kyurem-Black|Outrage|p1a: Landorus-Therian
|-damage|p1a: Landorus-Therian|0 fnt
|faint|p1a: Landorus-Therian
|
|-end|p2a: Kyurem-Black|rampage
|-start|p2a: Kyurem-Black|confusion
|
|switch|p1a: Rotom-Wash|Rotom-Wash|219\/303 brn
|turn|21
|
|switch|p2a: Scizor|Scizor-Mega, M|249\/343
|-damage|p2a: Scizor|207\/343|[from] Stealth Rock
|move|p1a: Rotom-Wash|Volt Switch|p2a: Scizor
|-damage|p2a: Scizor|137\/343
|
|switch|p1a: Scizor|Scizor, M|229\/343
|-damage|p1a: Scizor|172\/343|[from] Spikes
|
|turn|22
|
|move|p2a: Scizor|Roost|p2a: Scizor
|-heal|p2a: Scizor|309\/343
|move|p1a: Scizor|Superpower|p2a: Scizor
|-damage|p2a: Scizor|147\/343
|-unboost|p1a: Scizor|atk|1
|-unboost|p1a: Scizor|def|1
|
|turn|23
|
|switch|p1a: Rotom-Wash|Rotom-Wash|219\/303 brn
|move|p2a: Scizor|Knock Off|p1a: Rotom-Wash
|-damage|p1a: Rotom-Wash|162\/303 brn
|
|-damage|p1a: Rotom-Wash|125\/303 brn|[from] brn
|turn|24
|
|move|p1a: Rotom-Wash|Will-O-Wisp|p2a: Scizor
|-status|p2a: Scizor|brn
|move|p2a: Scizor|Roost|p2a: Scizor
|-heal|p2a: Scizor|319\/343 brn
|
|-damage|p1a: Rotom-Wash|88\/303 brn|[from] brn
|-damage|p2a: Scizor|277\/343 brn|[from] brn
|turn|25
|
|move|p1a: Rotom-Wash|Pain Split|p2a: Scizor
|-sethp|p2a: Scizor|182\/343 brn|p1a: Rotom-Wash|182\/303 brn|[from] move: Pain Split
|move|p2a: Scizor|Swords Dance|p2a: Scizor
|-boost|p2a: Scizor|atk|2
|
|-damage|p1a: Rotom-Wash|145\/303 brn|[from] brn
|-damage|p2a: Scizor|140\/343 brn|[from] brn
|turn|26
|
|move|p1a: Rotom-Wash|Hydro Pump|p2a: Scizor
|-damage|p2a: Scizor|19\/343 brn
|move|p2a: Scizor|Roost|p2a: Scizor
|-heal|p2a: Scizor|191\/343 brn
|
|-damage|p1a: Rotom-Wash|108\/303 brn|[from] brn
|-damage|p2a: Scizor|149\/343 brn|[from] brn
|turn|27
|
|move|p1a: Rotom-Wash|Pain Split|p2a: Scizor
|-sethp|p2a: Scizor|128\/343 brn|p1a: Rotom-Wash|128\/303 brn|[from] move: Pain Split
|move|p2a: Scizor|Roost|p2a: Scizor
|-heal|p2a: Scizor|300\/343 brn
|
|-damage|p1a: Rotom-Wash|91\/303 brn|[from] brn
|-damage|p2a: Scizor|258\/343 brn|[from] brn
|turn|28
|
|switch|p2a: Sylveon|Sylveon, F|75\/394
|-damage|p2a: Sylveon|26\/394|[from] Stealth Rock
|move|p1a: Rotom-Wash|Pain Split|p2a: Sylveon
|-sethp|p2a: Sylveon|58\/394|p1a: Rotom-Wash|58\/303 brn|[from] move: Pain Split
|
|-heal|p2a: Sylveon|82\/394|[from] item: Leftovers
|-damage|p1a: Rotom-Wash|21\/303 brn|[from] brn
|turn|29
|
|move|p2a: Sylveon|Protect|p2a: Sylveon
|-singleturn|p2a: Sylveon|Protect
|move|p1a: Rotom-Wash|Volt Switch|p2a: Sylveon
|-activate|p2a: Sylveon|Protect
|
|-heal|p2a: Sylveon|106\/394|[from] item: Leftovers
|-damage|p1a: Rotom-Wash|0 fnt|[from] brn
|faint|p1a: Rotom-Wash
|
|switch|p1a: Scizor|Scizor, M|172\/343
|-damage|p1a: Scizor|115\/343|[from] Spikes
|turn|30
|
|move|p1a: Scizor|Bullet Punch|p2a: Sylveon
|-supereffective|p2a: Sylveon
|-damage|p2a: Sylveon|0 fnt
|faint|p2a: Sylveon
|
|
|switch|p2a: Garchomp|Garchomp, F, shiny|357\/357
|-damage|p2a: Garchomp|335\/357|[from] Stealth Rock
|turn|31
|
|move|p1a: Scizor|Bullet Punch|p2a: Garchomp
|-damage|p2a: Garchomp|152\/357
|-damage|p1a: Scizor|73\/343|[from] ability: Rough Skin|[of] p2a: Garchomp
|move|p2a: Garchomp|Earthquake|p1a: Scizor
|-damage|p1a: Scizor|0 fnt
|faint|p1a: Scizor
|
|
|switch|p1a: Lopunny|Lopunny, F|271\/271
|-damage|p1a: Lopunny|226\/271|[from] Spikes
|turn|32
|
|switch|p2a: Kyurem-Black|Kyurem-Black|197\/391
|-damage|p2a: Kyurem-Black|100\/391|[from] Stealth Rock
|-ability|p2a: Kyurem-Black|Teravolt
|detailschange|p1a: Lopunny|Lopunny-Mega, F
|-mega|p1a: Lopunny|Lopunny|Lopunnite
|move|p1a: Lopunny|Fake Out|p2a: Kyurem-Black
|-damage|p2a: Kyurem-Black|22\/391
|
|turn|33
|
|move|p2a: Kyurem-Black|Outrage|p1a: Lopunny
|-damage|p1a: Lopunny|0 fnt
|faint|p1a: Lopunny
|
|c|âgould314bach|gg
|
|switch|p1a: Porygon2|Porygon2|239\/374
|-damage|p1a: Porygon2|177\/374|[from] Spikes
|-ability|p1a: Porygon2|Teravolt|[from] ability: Trace|[of] p2a: Kyurem-Black
|-ability|p1a: Porygon2|Teravolt
|turn|34
|
|move|p2a: Kyurem-Black|Outrage|p1a: Porygon2
|-damage|p1a: Porygon2|0 fnt
|faint|p1a: Porygon2
|
|win|gould314bach
|raw|Ladder updating...
|raw|MetaFalken's rating: 1167 &rarr; <strong>1136<\/strong><br \/>(-31 for losing)
|raw|gould314bach's rating: 1081 &rarr; <strong>1116<\/strong><br \/>(+35 for winning)
|leave|MetaFalken
|player|p1