|join|PBC Kira
|join|MetaFalken
|player|p1|PBC Kira|262
|player|p2|MetaFalken|163
|gametype|singles
|gen|6
|tier|OU (suspect test)
|rated
|clearpoke
|poke|p1|Bisharp, M
|poke|p1|Charizard, F
|poke|p1|Wobbuffet, F
|poke|p1|Chansey, F
|poke|p1|Togekiss, M
|poke|p1|Skarmory, F
|poke|p2|Scizor, M
|poke|p2|Rotom-Wash
|poke|p2|Landorus-Therian, M
|poke|p2|Heracross, F
|poke|p2|Latios, M
|poke|p2|Porygon2
|rule|Swagger Clause: Swagger is banned
|rule|Baton Pass Clause: Limit one PokÃ©mon knowing Baton Pass
|rule|Sleep Clause Mod: Limit one foe put to sleep
|rule|Species Clause: Limit one of each PokÃ©mon
|rule|OHKO Clause: OHKO moves are banned
|rule|Moody Clause: Moody is banned
|rule|Evasion Moves Clause: Evasion moves are banned
|rule|Endless Battle Clause: Forcing endless battles is banned
|rule|HP Percentage Mod: HP is shown in percentages
|teampreview
|
|start
|switch|p1a: Kira 2|Wobbuffet, F|583\/583
|switch|p2a: Rotom-Wash|Rotom-Wash|303\/303
|turn|1
|
|move|p2a: Rotom-Wash|Will-O-Wisp|p1a: Kira 2
|-status|p1a: Kira 2|brn
|move|p1a: Kira 2|Mirror Coat|p2a: Rotom-Wash
|-fail|p2a: Rotom-Wash
|
|-damage|p1a: Kira 2|511\/583 brn|[from] brn
|turn|2
|
|move|p2a: Rotom-Wash|Will-O-Wisp|p1a: Kira 2
|-fail|p1a: Kira 2|brn
|move|p1a: Kira 2|Mirror Coat|p2a: Rotom-Wash
|-fail|p2a: Rotom-Wash
|
|-damage|p1a: Kira 2|439\/583 brn|[from] brn
|turn|3
|
|move|p2a: Rotom-Wash|Will-O-Wisp|p1a: Kira 2
|-fail|p1a: Kira 2|brn
|move|p1a: Kira 2|Mirror Coat|p2a: Rotom-Wash
|-fail|p2a: Rotom-Wash
|
|-damage|p1a: Kira 2|367\/583 brn|[from] brn
|turn|4
|
|move|p2a: Rotom-Wash|Will-O-Wisp|p1a: Kira 2
|-fail|p1a: Kira 2|brn
|move|p1a: Kira 2|Mirror Coat|p2a: Rotom-Wash
|-fail|p2a: Rotom-Wash
|
|-damage|p1a: Kira 2|295\/583 brn|[from] brn
|turn|5
|
|move|p2a: Rotom-Wash|Will-O-Wisp|p1a: Kira 2
|-fail|p1a: Kira 2|brn
|move|p1a: Kira 2|Encore|p2a: Rotom-Wash
|-start|p2a: Rotom-Wash|Encore
|
|-damage|p1a: Kira 2|223\/583 brn|[from] brn
|-enditem|p1a: Kira 2|Sitrus Berry|[eat]
|-heal|p1a: Kira 2|368\/583 brn|[from] item: Sitrus Berry
|turn|6
|
|switch|p1a: Kira 6|Charizard, F|352\/352
|move|p2a: Rotom-Wash|Will-O-Wisp|p1a: Kira 6
|-fail|p1a: Kira 6
|
|turn|7
|
|switch|p2a: Landorus-Therian|Landorus-Therian, M|345\/345
|-ability|p2a: Landorus-Therian|Intimidate|[of] p1a: Kira 6
|-unboost|p1a: Kira 6|atk|1
|detailschange|p1a: Kira 6|Charizard-Mega-X, F
|-mega|p1a: Kira 6|Charizard|Charizardite X
|move|p1a: Kira 6|Flare Blitz|p2a: Landorus-Therian
|-damage|p2a: Landorus-Therian|215\/345
|-damage|p1a: Kira 6|309\/352|[from] recoil|[of] p2a: Landorus-Therian
|
|-heal|p2a: Landorus-Therian|236\/345|[from] item: Leftovers
|turn|8
|
|switch|p1a: Kira 5|Skarmory, F|292\/292
|move|p2a: Landorus-Therian|Stealth Rock|p1a: Kira 5
|-sidestart|p1: PBC Kira|move: Stealth Rock
|
|-heal|p2a: Landorus-Therian|257\/345|[from] item: Leftovers
|turn|9
|
|move|p2a: Landorus-Therian|Knock Off|p1a: Kira 5
|-damage|p1a: Kira 5|216\/292
|-damage|p2a: Landorus-Therian|200\/345|[from] item: Rocky Helmet|[of] p1a: Kira 5
|-enditem|p1a: Kira 5|Rocky Helmet|[from] move: Knock Off|[of] p2a: Landorus-Therian
|move|p1a: Kira 5|Defog|p2a: Landorus-Therian
|-unboost|p2a: Landorus-Therian|evasion|1
|-sideend|p1: PBC Kira|Stealth Rock|[from] move: Defog|[of] p1a: Kira 5
|
|-heal|p2a: Landorus-Therian|221\/345|[from] item: Leftovers
|turn|10
|
|move|p2a: Landorus-Therian|Stealth Rock|p1a: Kira 5
|-sidestart|p1: PBC Kira|move: Stealth Rock
|move|p1a: Kira 5|Brave Bird|p2a: Landorus-Therian
|-damage|p2a: Landorus-Therian|118\/345
|-damage|p1a: Kira 5|182\/292|[from] recoil|[of] p2a: Landorus-Therian
|
|-heal|p2a: Landorus-Therian|139\/345|[from] item: Leftovers
|turn|11
|
|move|p2a: Landorus-Therian|U-turn|p1a: Kira 5
|-resisted|p1a: Kira 5
|-damage|p1a: Kira 5|169\/292
|
|switch|p2a: Porygon2|Porygon2|374\/374
|-ability|p2a: Porygon2|Sturdy|[from] ability: Trace|[of] p1a: Kira 5
|move|p1a: Kira 5|Defog|p2a: Porygon2
|-unboost|p2a: Porygon2|evasion|1
|-sideend|p1: PBC Kira|Stealth Rock|[from] move: Defog|[of] p1a: Kira 5
|
|turn|12
|
|move|p1a: Kira 5|Stealth Rock|p2a: Porygon2
|-sidestart|p2: MetaFalken|move: Stealth Rock
|move|p2a: Porygon2|Thunder Wave|p1a: Kira 5
|-status|p1a: Kira 5|par
|
|turn|13
|
|switch|p1a: Kira 2|Wobbuffet, F|368\/583 brn
|move|p2a: Porygon2|Thunderbolt|p1a: Kira 2
|-damage|p1a: Kira 2|277\/583 brn
|
|-damage|p1a: Kira 2|205\/583 brn|[from] brn
|turn|14
|
|move|p2a: Porygon2|Thunder Wave|p1a: Kira 2
|-fail|p1a: Kira 2
|move|p1a: Kira 2|Mirror Coat|p2a: Porygon2
|-fail|p2a: Porygon2
|
|-damage|p1a: Kira 2|133\/583 brn|[from] brn
|turn|15
|
|move|p2a: Porygon2|Thunder Wave|p1a: Kira 2
|-fail|p1a: Kira 2
|move|p1a: Kira 2|Encore|p2a: Porygon2
|-start|p2a: Porygon2|Encore
|
|-damage|p1a: Kira 2|61\/583 brn|[from] brn
|turn|16
|
|switch|p1a: Kira 1|Chansey, F|703\/703
|move|p2a: Porygon2|Thunder Wave|p1a: Kira 1
|-status|p1a: Kira 1|par
|
|turn|17
|
|switch|p2a: Latios|Latios, M|301\/301
|-damage|p2a: Latios|264\/301|[from] Stealth Rock
|move|p1a: Kira 1|Wish|p1a: Kira 1
|
|turn|18
|
|move|p2a: Latios|Draco Meteor|p1a: Kira 1
|-damage|p1a: Kira 1|518\/703 par
|-unboost|p2a: Latios|spa|2
|-damage|p2a: Latios|234\/301|[from] item: Life Orb
|move|p1a: Kira 1|Thunder Wave|p2a: Latios
|-status|p2a: Latios|par
|
|-heal|p1a: Kira 1|703\/703 par|[from] move: Wish|[wisher] Kira 1
|turn|19
|
|move|p2a: Latios|Psyshock|p1a: Kira 1
|-damage|p1a: Kira 1|578\/703 par
|-damage|p2a: Latios|204\/301 par|[from] item: Life Orb
|move|p1a: Kira 1|Seismic Toss|p2a: Latios
|-damage|p2a: Latios|104\/301 par
|
|turn|20
|
|move|p2a: Latios|Recover|p2a: Latios
|-heal|p2a: Latios|255\/301 par
|move|p1a: Kira 1|Thunder Wave|p2a: Latios
|-fail|p2a: Latios|par
|
|turn|21
|
|switch|p2a: Landorus-Therian|Landorus-Therian, M|139\/345
|-damage|p2a: Landorus-Therian|96\/345|[from] Stealth Rock
|-ability|p2a: Landorus-Therian|Intimidate|[of] p1a: Kira 1
|-unboost|p1a: Kira 1|atk|1
|cant|p1a: Kira 1|par
|
|-heal|p2a: Landorus-Therian|117\/345|[from] item: Leftovers
|turn|22
|
|move|p2a: Landorus-Therian|Knock Off|p1a: Kira 1
|-damage|p1a: Kira 1|427\/703 par
|-enditem|p1a: Kira 1|Eviolite|[from] move: Knock Off|[of] p2a: Landorus-Therian
|move|p1a: Kira 1|Seismic Toss|p2a: Landorus-Therian
|-damage|p2a: Landorus-Therian|17\/345
|
|-heal|p2a: Landorus-Therian|38\/345|[from] item: Leftovers
|turn|23
|
|move|p2a: Landorus-Therian|Stealth Rock|p1a: Kira 1
|-sidestart|p1: PBC Kira|move: Stealth Rock
|move|p1a: Kira 1|Soft-Boiled|p1a: Kira 1
|-heal|p1a: Kira 1|703\/703 par
|
|-heal|p2a: Landorus-Therian|59\/345|[from] item: Leftovers
|turn|24
|
|move|p2a: Landorus-Therian|Earthquake|p1a: Kira 1
|-damage|p1a: Kira 1|397\/703 par
|move|p1a: Kira 1|Seismic Toss|p2a: Landorus-Therian
|-damage|p2a: Landorus-Therian|0 fnt
|faint|p2a: Landorus-Therian
|
|
|switch|p2a: Scizor|Scizor, M|343\/343
|-damage|p2a: Scizor|301\/343|[from] Stealth Rock
|turn|25
|
|move|p2a: Scizor|U-turn|p1a: Kira 1
|-damage|p1a: Kira 1|24\/703 par
|
|switch|p2a: Porygon2|Porygon2|374\/374
|-damage|p2a: Porygon2|328\/374|[from] Stealth Rock
|-ability|p2a: Porygon2|Natural Cure|[from] ability: Trace|[of] p1a: Kira 1
|move|p1a: Kira 1|Thunder Wave|p2a: Porygon2
|-status|p2a: Porygon2|par
|
|turn|26
|
|move|p2a: Porygon2|Thunderbolt|p1a: Kira 1
|-damage|p1a: Kira 1|0 fnt
|faint|p1a: Kira 1
|
|
|switch|p1a: Kira 4|Bisharp, M|271\/271
|-damage|p1a: Kira 4|255\/271|[from] Stealth Rock
|turn|27
|
|move|p1a: Kira 4|Swords Dance|p1a: Kira 4
|-boost|p1a: Kira 4|atk|2
|move|p2a: Porygon2|Thunder Wave|p1a: Kira 4
|-status|p1a: Kira 4|par
|
|turn|28
|
|switch|p2a: Heracross|Heracross, F|301\/301
|-damage|p2a: Heracross|264\/301|[from] Stealth Rock
|move|p1a: Kira 4|Swords Dance|p1a: Kira 4
|-boost|p1a: Kira 4|atk|2
|
|turn|29
|
|detailschange|p2a: Heracross|Heracross-Mega, F
|-mega|p2a: Heracross|Heracross|Heracronite
|move|p1a: Kira 4|Sucker Punch|p2a: Heracross
|-fail|p2a: Heracross
|move|p2a: Heracross|Substitute|p2a: Heracross
|-start|p2a: Heracross|Substitute
|-damage|p2a: Heracross|189\/301
|
|turn|30
|
|move|p2a: Heracross|Close Combat|p1a: Kira 4
|-supereffective|p1a: Kira 4
|-damage|p1a: Kira 4|0 fnt
|-unboost|p2a: Heracross|def|1
|-unboost|p2a: Heracross|spd|1
|faint|p1a: Kira 4
|
|
|switch|p1a: Kira 5|Skarmory, F|169\/292 par
|-damage|p1a: Kira 5|133\/292 par|[from] Stealth Rock
|turn|31
|
|move|p2a: Heracross|Close Combat|p1a: Kira 5
|-damage|p1a: Kira 5|0 fnt
|-unboost|p2a: Heracross|def|1
|-unboost|p2a: Heracross|spd|1
|faint|p1a: Kira 5
|
|
|switch|p1a: Kira 3|Togekiss, M|311\/311
|-damage|p1a: Kira 3|234\/311|[from] Stealth Rock
|turn|32
|
|move|p2a: Heracross|Rock Blast|p1a: Kira 3
|-supereffective|p1a: Kira 3
|-damage|p1a: Kira 3|144\/311
|-supereffective|p1a: Kira 3
|-damage|p1a: Kira 3|56\/311
|-supereffective|p1a: Kira 3
|-damage|p1a: Kira 3|0 fnt
|-hitcount|p1a: Kira 3|3
|faint|p1a: Kira 3
|
|
|switch|p1a: Kira 6|Charizard-Mega-X, F|309\/352
|-damage|p1a: Kira 6|221\/352|[from] Stealth Rock
|turn|33
|
|move|p1a: Kira 6|Flare Blitz|p2a: Heracross
|-supereffective|p2a: Heracross
|-end|p2a: Heracross|Substitute
|-damage|p1a: Kira 6|196\/352|[from] recoil|[of] p2a: Heracross
|move|p2a: Heracross|Rock Blast|p1a: Kira 6
|-supereffective|p1a: Kira 6
|-damage|p1a: Kira 6|128\/352
|-crit|p1a: Kira 6
|-supereffective|p1a: Kira 6
|-damage|p1a: Kira 6|22\/352
|-supereffective|p1a: Kira 6
|-damage|p1a: Kira 6|0 fnt
|-hitcount|p1a: Kira 6|3
|faint|p1a: Kira 6
|
|c|âPBC Kira|gg
|
|switch|p1a: Kira 2|Wobbuffet, F|61\/583 brn
|-damage|p1a: Kira 2|0 fnt|[from] Stealth Rock
|faint|p1a: Kira 2
|
|win|MetaFalken
|raw|Ladder updating...