|join|tsukasa7
|join|Pro_GhosTz
|player|p1|tsukasa7|1
|player|p2|Pro_GhosTz|126
|gametype|singles
|tier|OU
|rated
|rule|Evasion Abilities Clause: Evasion abilities are banned
|clearpoke
|poke|p1|Keldeo
|poke|p1|Skarmory, M
|poke|p1|Latios, M, shiny
|poke|p1|Kyurem-Black
|poke|p1|Mamoswine, F
|poke|p1|Magnezone
|poke|p2|Garchomp, M
|poke|p2|Salamence, F
|poke|p2|Latios, M
|poke|p2|Haxorus, M, shiny
|poke|p2|Rotom-Wash
|poke|p2|Magnezone, shiny
|rule|Sleep Clause Mod: Limit one foe put to sleep
|rule|Species Clause: Limit one of each Pokemon
|rule|OHKO Clause: OHKO moves are banned
|rule|Moody Clause: Moody is banned
|rule|Evasion Moves Clause: Evasion moves are banned
|rule|HP Percentage Mod: HP is reported as percentages
|teampreview
|callback|decision
|
|start
|switch|p1a: Skarmory|Skarmory, M|271\/271
|switch|p2a: Turbo|Rotom-Wash|299\/299
|turn|1
|callback|decision
|
|move|p2a: Turbo|Will-O-Wisp|p1a: Skarmory|[miss]
|-miss|p2a: Turbo|p1a: Skarmory
|move|p1a: Skarmory|Stealth Rock|p2a: Turbo
|-sidestart|p2: Pro_GhosTz|move: Stealth Rock
|
|turn|2
|callback|decision
|
|move|p2a: Turbo|Hydro Pump|p1a: Skarmory|[miss]
|-miss|p2a: Turbo|p1a: Skarmory
|move|p1a: Skarmory|Spikes|p2a: Turbo
|-sidestart|p2: Pro_GhosTz|Spikes
|
|turn|3
|callback|decision
|
|move|p2a: Turbo|Hydro Pump|p1a: Skarmory|[miss]
|-miss|p2a: Turbo|p1a: Skarmory
|move|p1a: Skarmory|Spikes|p2a: Turbo
|-sidestart|p2: Pro_GhosTz|Spikes
|
|turn|4
|callback|decision
|
|move|p2a: Turbo|Hydro Pump|p1a: Skarmory|[miss]
|-miss|p2a: Turbo|p1a: Skarmory
|move|p1a: Skarmory|Spikes|p2a: Turbo
|-sidestart|p2: Pro_GhosTz|Spikes
|
|turn|5
|callback|decision
|
|move|p2a: Turbo|Hydro Pump|p1a: Skarmory
|-damage|p1a: Skarmory|45\/271
|move|p1a: Skarmory|Taunt|p2a: Turbo
|-start|p2a: Turbo|move: Taunt
|
|turn|6
|callback|decision
|
|switch|p1a: Kyurem-Black|Kyurem-Black|391\/391
|-ability|p1a: Kyurem-Black|Teravolt
|move|p2a: Turbo|Volt Switch|p1a: Kyurem-Black
|-resisted|p1a: Kyurem-Black
|-damage|p1a: Kyurem-Black|339\/391
|callback|decision
|
|switch|p2a: Bane|Haxorus, M, shiny|293\/293
|-damage|p2a: Bane|257\/293|[from] Stealth Rock
|-damage|p2a: Bane|184\/293|[from] Spikes
|-ability|p2a: Bane|Mold Breaker
|
|turn|7
|callback|decision
|
|move|p2a: Bane|Dragon Claw|p1a: Kyurem-Black
|-supereffective|p1a: Kyurem-Black
|-damage|p1a: Kyurem-Black|0 fnt
|faint|p1a: Kyurem-Black
|
|callback|decision
|
|switch|p1a: Magnezone|Magnezone|282\/282
|turn|8
|callback|decision
|
|switch|p2a: Turbo|Rotom-Wash|299\/299
|-damage|p2a: Turbo|262\/299|[from] Stealth Rock
|move|p1a: Magnezone|Flash Cannon|p2a: Turbo
|-resisted|p2a: Turbo
|-damage|p2a: Turbo|216\/299
|
|-heal|p2a: Turbo|234\/299|[from] item: Leftovers
|turn|9
|callback|decision
|
|switch|p1a: Skarmory|Skarmory, M|45\/271
|move|p2a: Turbo|Volt Switch|p1a: Skarmory
|-supereffective|p1a: Skarmory
|-damage|p1a: Skarmory|0 fnt
|faint|p1a: Skarmory
|callback|decision
|
|switch|p2a: Bane|Haxorus, M, shiny|184\/293
|-damage|p2a: Bane|111\/293|[from] Spikes
|-damage|p2a: Bane|75\/293|[from] Stealth Rock
|-ability|p2a: Bane|Mold Breaker
|
|callback|decision
|
|switch|p1a: Mamoswine|Mamoswine, F|361\/361
|turn|10
|callback|decision
|
|move|p1a: Mamoswine|Ice Shard|p2a: Bane
|-supereffective|p2a: Bane
|-damage|p2a: Bane|0 fnt
|-damage|p1a: Mamoswine|325\/361|[from] item: Life Orb
|faint|p2a: Bane
|
|callback|decision
|
|switch|p2a: Turbo|Rotom-Wash|234\/299
|-damage|p2a: Turbo|197\/299|[from] Stealth Rock
|turn|11
|callback|decision
|
|switch|p1a: Latios|Latios, M, shiny|301\/301
|move|p2a: Turbo|Volt Switch|p1a: Latios
|-resisted|p1a: Latios
|-damage|p1a: Latios|256\/301
|callback|decision
|
|switch|p2a: Sonic|Latios, M|301\/301
|-damage|p2a: Sonic|264\/301|[from] Stealth Rock
|
|turn|12
|callback|decision
|
|move|p2a: Sonic|Draco Meteor|p1a: Latios
|-supereffective|p1a: Latios
|-damage|p1a: Latios|0 fnt
|-unboost|p2a: Sonic|spa|2
|faint|p1a: Latios
|
|callback|decision
|
|switch|p1a: Keldeo|Keldeo|324\/324
|turn|13
|callback|decision
|
|move|p2a: Sonic|Draco Meteor|p1a: Keldeo
|-crit|p1a: Keldeo
|-damage|p1a: Keldeo|0 fnt
|-unboost|p2a: Sonic|spa|2
|faint|p1a: Keldeo
|
|callback|decision
|
|switch|p1a: Magnezone|Magnezone|282\/282
|turn|14
|callback|decision
|
|switch|p2a: Stainless|Magnezone, shiny|309\/309
|-damage|p2a: Stainless|232\/309|[from] Spikes
|-damage|p2a: Stainless|213\/309|[from] Stealth Rock
|move|p1a: Magnezone|Flash Cannon|p2a: Stainless
|-resisted|p2a: Stainless
|-damage|p2a: Stainless|159\/309
|
|turn|15
|callback|decision
|-message|tsukasa7 forfeited.
|
|win|Pro_GhosTz
|raw|Ladder updating...
|leave|tsukasa7
|player|p1
|raw|tsukasa7's rating: 1755 &rarr; <strong>1748<\/strong><br \/>(-7 for losing)
|raw|Pro_GhosTz's rating: 1386 &rarr; <strong>1461<\/strong><br \/>(+75 for winning)
|leave|Pro_GhosTz
|player|p2
|join|Pro_GhosTz