|join|Exiline
|join|Huee hue hue
|player|p1|Exiline|271
|player|p2|Huee hue hue|141
|gametype|singles
|gen|6
|tier|OU
|rated
|clearpoke
|poke|p1|Garchomp, F
|poke|p1|Bisharp, M
|poke|p1|Thundurus, M
|poke|p1|Latias, F
|poke|p1|Keldeo-Resolute
|poke|p1|Metagross, shiny
|poke|p2|Garchomp, M
|poke|p2|Landorus, M
|poke|p2|Charizard, M
|poke|p2|Kyurem-Black
|poke|p2|Starmie
|poke|p2|Scizor, F
|rule|Swagger Clause: Swagger is banned
|rule|Baton Pass Clause: Limit one PokÃ©mon knowing Baton Pass
|rule|Sleep Clause Mod: Limit one foe put to sleep
|rule|Species Clause: Limit one of each PokÃ©mon
|rule|OHKO Clause: OHKO moves are banned
|rule|Moody Clause: Moody is banned
|rule|Evasion Moves Clause: Evasion moves are banned
|rule|Endless Battle Clause: Forcing endless battles is banned
|rule|HP Percentage Mod: HP is shown in percentages
|teampreview
|c|âHuee hue hue|gl hf!
|c|âExiline|thx u2
|
|start
|switch|p1a: Garchomp|Garchomp, F|357\/357
|switch|p2a: Nino|Starmie|261\/261
|turn|1
|
|move|p2a: Nino|Hydro Pump|p1a: Garchomp
|-damage|p1a: Garchomp|88\/357
|-damage|p2a: Nino|235\/261|[from] item: Life Orb
|move|p1a: Garchomp|Earthquake|p2a: Nino
|-damage|p2a: Nino|31\/261
|
|turn|2
|
|switch|p1a: Latias|Latias, F|301\/301
|move|p2a: Nino|Ice Beam|p1a: Latias
|-supereffective|p1a: Latias
|-damage|p1a: Latias|46\/301
|-damage|p2a: Nino|5\/261|[from] item: Life Orb
|
|turn|3
|
|switch|p2a: OsWIN|Scizor, F|343\/343
|switch|p1a: Keldeo-Resolute|Keldeo-Resolute|323\/323
|
|turn|4
|
|move|p1a: Keldeo-Resolute|Scald|p2a: OsWIN
|-damage|p2a: OsWIN|169\/343
|move|p2a: OsWIN|U-turn|p1a: Keldeo-Resolute
|-resisted|p1a: Keldeo-Resolute
|-damage|p1a: Keldeo-Resolute|212\/323
|
|switch|p2a: Nino|Starmie|5\/261
|
|turn|5
|
|move|p1a: Keldeo-Resolute|Scald|p2a: Nino
|-crit|p2a: Nino
|-resisted|p2a: Nino
|-damage|p2a: Nino|0 fnt
|faint|p2a: Nino
|
|c|âHuee hue hue|im still used to specs keldeo lol
|
|switch|p2a: Athos|Kyurem-Black|403\/403
|-ability|p2a: Athos|Teravolt
|turn|6
|
|switch|p1a: Garchomp|Garchomp, F|88\/357
|move|p2a: Athos|Fusion Bolt|p1a: Garchomp
|-immune|p1a: Garchomp|[msg]
|
|turn|7
|c|âExiline|no ice beam Oo
|
|move|p1a: Garchomp|Stealth Rock|p2a: Athos
|-sidestart|p2: Huee hue hue|move: Stealth Rock
|move|p2a: Athos|Ice Beam|p1a: Garchomp
|-crit|p1a: Garchomp
|-supereffective|p1a: Garchomp
|-damage|p1a: Garchomp|0 fnt
|-damage|p2a: Athos|363\/403|[from] item: Life Orb
|faint|p1a: Garchomp
|
|
|switch|p1a: Latias|Latias, F|46\/301
|turn|8
|c|âHuee hue hue|haha im bad
|c|âHuee hue hue|and tired
|c|âExiline|:\/
|
|switch|p1a: Keldeo-Resolute|Keldeo-Resolute|212\/323
|switch|p2a: OsWIN|Scizor, F|169\/343
|-damage|p2a: OsWIN|127\/343|[from] Stealth Rock
|
|turn|9
|
|move|p2a: OsWIN|Bullet Punch|p1a: Keldeo-Resolute
|-resisted|p1a: Keldeo-Resolute
|-damage|p1a: Keldeo-Resolute|115\/323
|move|p1a: Keldeo-Resolute|Secret Sword|p2a: OsWIN
|-damage|p2a: OsWIN|0 fnt
|faint|p2a: OsWIN
|
|
|switch|p2a: Hector|Charizard, M|313\/313
|-damage|p2a: Hector|157\/313|[from] Stealth Rock
|turn|10
|leave|Huee hue hue
|player|p2
|join|Huee hue hue
|player|p2|Huee hue hue|141
|
|switch|p1a: Latias|Latias, F|46\/301
|move|p2a: Hector|Roost|p2a: Hector
|-heal|p2a: Hector|313\/313
|
|turn|11
|
|switch|p2a: Athos|Kyurem-Black|363\/403
|-damage|p2a: Athos|263\/403|[from] Stealth Rock
|-ability|p2a: Athos|Teravolt
|move|p1a: Latias|Draco Meteor|p2a: Athos
|-supereffective|p2a: Athos
|-damage|p2a: Athos|0 fnt
|-unboost|p1a: Latias|spa|2
|-damage|p1a: Latias|16\/301|[from] item: Life Orb
|faint|p2a: Athos
|
|
|switch|p2a: Landorus|Landorus, M|319\/319
|-damage|p2a: Landorus|280\/319|[from] Stealth Rock
|turn|12
|
|move|p2a: Landorus|U-turn|p1a: Latias
|-supereffective|p1a: Latias
|-damage|p1a: Latias|0 fnt
|faint|p1a: Latias
|c|âExiline|argh scarf
|
|switch|p2a: Marcus|Garchomp, M|357\/357
|-damage|p2a: Marcus|335\/357|[from] Stealth Rock
|
|c|âHuee hue hue|thought youd go to sharp :\/
|
|switch|p1a: Keldeo-Resolute|Keldeo-Resolute|115\/323
|turn|13
|
|move|p1a: Keldeo-Resolute|Icy Wind|p2a: Marcus
|-miss|p1a: Keldeo-Resolute|p2a: Marcus
|move|p2a: Marcus|Earthquake|p1a: Keldeo-Resolute
|-damage|p1a: Keldeo-Resolute|0 fnt
|-damage|p2a: Marcus|300\/357|[from] item: Life Orb
|faint|p1a: Keldeo-Resolute
|
|c|âExiline|ok
|c|âExiline|ok
|c|âExiline|ok
|c|âExiline|ok
|
|switch|p1a: Thundurus|Thundurus, M|299\/299
|turn|14
|
|move|p1a: Thundurus|Hidden Power|p2a: Marcus
|-supereffective|p2a: Marcus
|-damage|p2a: Marcus|0 fnt
|faint|p2a: Marcus
|
|
|switch|p2a: Hector|Charizard, M|313\/313
|-damage|p2a: Hector|157\/313|[from] Stealth Rock
|turn|15
|c|âExiline|if i lose because I miss....
|c|âHuee hue hue|to be fair i had a good chance of surviving that
|c|âExiline|^^
|
|detailschange|p2a: Hector|Charizard-Mega-X, M
|message|Charizard has Mega Evolved into Mega Charizard!
|move|p1a: Thundurus|Focus Blast|p2a: Hector|[miss]
|-miss|p1a: Thundurus|p2a: Hector
|move|p2a: Hector|Dragon Claw|p1a: Thundurus
|-damage|p1a: Thundurus|26\/299
|
|-heal|p1a: Thundurus|44\/299|[from] item: Leftovers
|turn|16
|c|âHuee hue hue|damn sorry
|c|âExiline|zzzzzzzzzz
|
|move|p1a: Thundurus|Focus Blast|p2a: Hector
|-damage|p2a: Hector|0 fnt
|faint|p2a: Hector
|
|-heal|p1a: Thundurus|62\/299|[from] item: Leftovers
|c|âExiline|np
|
|switch|p2a: Landorus|Landorus, M|280\/319
|-damage|p2a: Landorus|241\/319|[from] Stealth Rock
|turn|17
|c|âHuee hue hue|gg
|c|âExiline|gg
|
|move|p2a: Landorus|Hidden Power|p1a: Thundurus
|-supereffective|p1a: Thundurus
|-damage|p1a: Thundurus|0 fnt
|faint|p1a: Thundurus
|
|
|switch|p1a: Metagross|Metagross, shiny|301\/301
|turn|18
|c|âHuee hue hue|yeaa scarf lando isnt that great meh
|c|âExiline|gg
|c|âHuee hue hue|oh well
|
|detailschange|p1a: Metagross|Metagross-Mega, shiny
|message|Metagross has Mega Evolved into Mega Metagross!
|move|p2a: Landorus|Hidden Power|p1a: Metagross
|-resisted|p1a: Metagross
|-damage|p1a: Metagross|270\/301
|move|p1a: Metagross|Meteor Mash|p2a: Landorus
|-damage|p2a: Landorus|0 fnt
|faint|p2a: Landorus
|
|win|Exiline
|raw|Ladder updating...
|raw|Exiline's rating: 1696 &rarr; <strong>1709<\/strong><br \/>(+13 for winning)
|raw|Huee hue hue's rating: 1577 &rarr; <strong>1563<\/strong><br \/>(-14 for losing)