|join|huee hue hue
|join|ForeverCubone
|player|p1|huee hue hue|141
|player|p2|ForeverCubone|101
|gametype|singles
|gen|6
|tier|OU
|rated
|clearpoke
|poke|p1|Terrakion
|poke|p1|Garchomp, F
|poke|p1|Charizard, M
|poke|p1|Excadrill, F
|poke|p1|Greninja, F
|poke|p1|Thundurus, M
|poke|p2|Gallade, M
|poke|p2|Bisharp, F
|poke|p2|Rotom-Wash
|poke|p2|Clefable, F
|poke|p2|Landorus, M
|poke|p2|Latias, F
|rule|Swagger Clause: Swagger is banned
|rule|Baton Pass Clause: Limit one PokÃ©mon knowing Baton Pass
|rule|Sleep Clause Mod: Limit one foe put to sleep
|rule|Species Clause: Limit one of each PokÃ©mon
|rule|OHKO Clause: OHKO moves are banned
|rule|Moody Clause: Moody is banned
|rule|Evasion Moves Clause: Evasion moves are banned
|rule|Endless Battle Clause: Forcing endless battles is banned
|rule|HP Percentage Mod: HP is shown in percentages
|teampreview
|c|âhuee hue hue|gl hf!
|c|âForeverCubone|bl fy
|
|start
|switch|p1a: Garchomp|Garchomp, F|357\/357
|switch|p2a: ShitMachine|Rotom-Wash|241\/241
|turn|1
|
|move|p2a: ShitMachine|Will-O-Wisp|p1a: Garchomp
|-status|p1a: Garchomp|brn
|move|p1a: Garchomp|Stealth Rock|p2a: ShitMachine
|-sidestart|p2: ForeverCubone|move: Stealth Rock
|
|-damage|p1a: Garchomp|313\/357 brn|[from] brn
|turn|2
|
|switch|p2a: ShitFairy|Clefable, F|394\/394
|-damage|p2a: ShitFairy|345\/394|[from] Stealth Rock
|move|p1a: Garchomp|Draco Meteor|p2a: ShitFairy
|-immune|p2a: ShitFairy|[msg]
|
|-heal|p2a: ShitFairy|369\/394|[from] item: Leftovers
|-damage|p1a: Garchomp|269\/357 brn|[from] brn
|turn|3
|
|switch|p1a: Charizard|Charizard, M|297\/297
|move|p2a: ShitFairy|Flamethrower|p1a: Charizard
|-resisted|p1a: Charizard
|-damage|p1a: Charizard|246\/297
|
|-heal|p2a: ShitFairy|393\/394|[from] item: Leftovers
|turn|4
|
|move|p1a: Charizard|Dragon Dance|p1a: Charizard
|-boost|p1a: Charizard|atk|1
|-boost|p1a: Charizard|spe|1
|move|p2a: ShitFairy|Calm Mind|p2a: ShitFairy
|-boost|p2a: ShitFairy|spa|1
|-boost|p2a: ShitFairy|spd|1
|
|-heal|p2a: ShitFairy|394\/394|[from] item: Leftovers
|turn|5
|
|detailschange|p1a: Charizard|Charizard-Mega-X, M
|message|Charizard has Mega Evolved into Mega Charizard!
|move|p1a: Charizard|Flare Blitz|p2a: ShitFairy
|-damage|p2a: ShitFairy|39\/394
|-damage|p1a: Charizard|129\/297|[from] recoil|[of] p2a: ShitFairy
|move|p2a: ShitFairy|Moonblast|p1a: Charizard
|-damage|p1a: Charizard|0 fnt
|faint|p1a: Charizard
|
|-heal|p2a: ShitFairy|63\/394|[from] item: Leftovers
|c|âForeverCubone|bl fy
|c|âhuee hue hue|bl fy?
|c|âForeverCubone|soz using up arrow
|c|âForeverCubone|bad luck fuck yourself
|c|âhuee hue hue|k
|c|âhuee hue hue|o ok
|
|switch|p1a: Excadrill|Excadrill, F|361\/361
|-ability|p1a: Excadrill|Mold Breaker
|-item|p1a: Excadrill|Air Balloon
|turn|6
|
|switch|p2a: ShitBird|Landorus, M|319\/319
|-damage|p2a: ShitBird|280\/319|[from] Stealth Rock
|move|p1a: Excadrill|Iron Head|p2a: ShitBird
|-damage|p2a: ShitBird|114\/319
|
|turn|7
|
|switch|p1a: Thundurus|Thundurus, M|299\/299
|move|p2a: ShitBird|U-turn|p1a: Thundurus
|-resisted|p1a: Thundurus
|-damage|p1a: Thundurus|241\/299
|-damage|p2a: ShitBird|83\/319|[from] item: Life Orb
|
|switch|p2a: Shitmon|Latias, F|302\/302
|-damage|p2a: Shitmon|265\/302|[from] Stealth Rock
|
|turn|8
|
|move|p2a: Shitmon|Healing Wish|p2a: Shitmon
|faint|p2a: Shitmon
|move|p1a: Thundurus|Knock Off|p2: Shitmon|[notarget]
|-notarget
|
|
|switch|p2a: ShitFairy|Clefable, F|63\/394
|-heal|p2a: ShitFairy|394\/394|[from] move: Healing Wish
|-damage|p2a: ShitFairy|345\/394|[from] Stealth Rock
|turn|9
|
|move|p1a: Thundurus|Thunderbolt|p2a: ShitFairy
|-damage|p2a: ShitFairy|137\/394
|-damage|p1a: Thundurus|212\/299|[from] item: Life Orb
|move|p2a: ShitFairy|Moonblast|p1a: Thundurus
|-damage|p1a: Thundurus|0 fnt
|faint|p1a: Thundurus
|
|-heal|p2a: ShitFairy|161\/394|[from] item: Leftovers
|
|switch|p1a: Excadrill|Excadrill, F|361\/361
|-ability|p1a: Excadrill|Mold Breaker
|-item|p1a: Excadrill|Air Balloon
|turn|10
|
|switch|p2a: ShitBird|Landorus, M|83\/319
|-damage|p2a: ShitBird|44\/319|[from] Stealth Rock
|move|p1a: Excadrill|Iron Head|p2a: ShitBird
|-damage|p2a: ShitBird|0 fnt
|faint|p2a: ShitBird
|
|
|switch|p2a: ShitNinja|Gallade, M|277\/277
|-damage|p2a: ShitNinja|260\/277|[from] Stealth Rock
|turn|11
|
|detailschange|p2a: ShitNinja|Gallade-Mega, M
|message|Gallade has Mega Evolved into Mega Gallade!
|move|p1a: Excadrill|Earthquake|p2a: ShitNinja
|-damage|p2a: ShitNinja|83\/277
|move|p2a: ShitNinja|Close Combat|p1a: Excadrill
|-supereffective|p1a: Excadrill
|-damage|p1a: Excadrill|0 fnt
|-enditem|p1a: Excadrill|Air Balloon
|-unboost|p2a: ShitNinja|def|1
|-unboost|p2a: ShitNinja|spd|1
|faint|p1a: Excadrill
|
|
|switch|p1a: Greninja|Greninja, F|285\/285
|turn|12
|
|switch|p2a: ShitMachine|Rotom-Wash|241\/241
|-damage|p2a: ShitMachine|211\/241|[from] Stealth Rock
|move|p1a: Greninja|Dark Pulse|p2a: ShitMachine
|-start|p1a: Greninja|typechange|Dark|[from] Protean
|-damage|p2a: ShitMachine|94\/241
|-damage|p1a: Greninja|257\/285|[from] item: Life Orb
|
|turn|13
|
|switch|p1a: Garchomp|Garchomp, F|269\/357 brn
|move|p2a: ShitMachine|Volt Switch|p1a: Garchomp
|-immune|p1a: Garchomp|[msg]
|
|-damage|p1a: Garchomp|225\/357 brn|[from] brn
|turn|14
|
|move|p2a: ShitMachine|Volt Switch|p1a: Garchomp
|-immune|p1a: Garchomp|[msg]
|move|p1a: Garchomp|Earthquake|p2a: ShitMachine
|-immune|p2a: ShitMachine|[msg]
|
|-damage|p1a: Garchomp|181\/357 brn|[from] brn
|turn|15
|
|switch|p2a: ShitFairy|Clefable, F|161\/394
|-damage|p2a: ShitFairy|112\/394|[from] Stealth Rock
|move|p1a: Garchomp|Earthquake|p2a: ShitFairy
|-damage|p2a: ShitFairy|0 fnt
|-damage|p1a: Garchomp|146\/357 brn|[from] item: Life Orb
|faint|p2a: ShitFairy
|
|-damage|p1a: Garchomp|102\/357 brn|[from] brn
|
|switch|p2a: ShitNinja|Gallade-Mega, M|83\/277
|-damage|p2a: ShitNinja|66\/277|[from] Stealth Rock
|turn|16
|
|move|p2a: ShitNinja|Close Combat|p1a: Garchomp
|-damage|p1a: Garchomp|0 fnt
|-damage|p2a: ShitNinja|32\/277|[from] ability: Rough Skin|[of] p1a: Garchomp
|-unboost|p2a: ShitNinja|def|1
|-unboost|p2a: ShitNinja|spd|1
|faint|p1a: Garchomp
|
|
|switch|p1a: Terrakion|Terrakion|323\/323
|turn|17
|
|move|p1a: Terrakion|Close Combat|p2a: ShitNinja
|-resisted|p2a: ShitNinja
|-damage|p2a: ShitNinja|0 fnt
|-unboost|p1a: Terrakion|def|1
|-unboost|p1a: Terrakion|spd|1
|faint|p2a: ShitNinja
|
|
|switch|p2a: ShitWarrior|Bisharp, F|272\/272
|-damage|p2a: ShitWarrior|255\/272|[from] Stealth Rock
|turn|18
|
|move|p2a: ShitWarrior|Sucker Punch|p1a: Terrakion
|-resisted|p1a: Terrakion
|-damage|p1a: Terrakion|179\/323
|-boost|p1a: Terrakion|atk|1|[from] ability: Justified
|-damage|p2a: ShitWarrior|228\/272|[from] item: Life Orb
|move|p1a: Terrakion|Close Combat|p2a: ShitWarrior
|-supereffective|p2a: ShitWarrior
|-damage|p2a: ShitWarrior|0 fnt
|-unboost|p1a: Terrakion|def|1
|-unboost|p1a: Terrakion|spd|1
|faint|p2a: ShitWarrior
|
|
|switch|p2a: ShitMachine|Rotom-Wash|94\/241
|-damage|p2a: ShitMachine|64\/241|[from] Stealth Rock
|turn|19
|
|move|p1a: Terrakion|Close Combat|p2a: ShitMachine
|-damage|p2a: ShitMachine|0 fnt
|-unboost|p1a: Terrakion|def|1
|-unboost|p1a: Terrakion|spd|1
|faint|p2a: ShitMachine
|
|win|huee hue hue
|raw|Ladder updating...
|c|âhuee hue hue|gg
|leave|ForeverCubone
|player|p2
|raw|huee hue hue's rating: 1558 &rarr; <strong>1578<\/strong><br \/>(+20 for winning)
|raw|ForeverCubone's rating: 1566 &rarr; <strong>1546<\/strong><br \/>(-20 for losing)