|join|Ox the Box
|join|huee hue hue
|player|p1|Ox the Box|201
|player|p2|huee hue hue|141
|gametype|singles
|gen|6
|tier|OU
|rated
|clearpoke
|poke|p1|Charizard, M, shiny
|poke|p1|Venusaur, M, shiny
|poke|p1|Tyranitar, M
|poke|p1|Excadrill, M
|poke|p1|Ferrothorn, M
|poke|p1|Keldeo
|poke|p2|Garchomp, F
|poke|p2|Landorus-Therian, M
|poke|p2|Charizard, M
|poke|p2|Kyurem-Black
|poke|p2|Starmie
|poke|p2|Scizor, F
|rule|Swagger Clause: Swagger is banned
|rule|Baton Pass Clause: Limit one PokÃ©mon knowing Baton Pass
|rule|Sleep Clause Mod: Limit one foe put to sleep
|rule|Species Clause: Limit one of each PokÃ©mon
|rule|OHKO Clause: OHKO moves are banned
|rule|Moody Clause: Moody is banned
|rule|Evasion Moves Clause: Evasion moves are banned
|rule|Endless Battle Clause: Forcing endless battles is banned
|rule|HP Percentage Mod: HP is shown in percentages
|teampreview
|c|âOx the Box|glhf
|join|Murkrow Jupiter
|c|âhuee hue hue|gl hf!
|
|start
|switch|p1a: Charizard|Charizard, M, shiny|297\/297
|switch|p2a: Nino|Starmie|261\/261
|turn|1
|join|gizmo
|join|WECAMEASROMANS
|join|Alkov
|
|switch|p2a: Marcus|Garchomp, F|357\/357
|detailschange|p1a: Charizard|Charizard-Mega-Y, M, shiny
|-mega|p1a: Charizard|Charizard|Charizardite Y
|-weather|SunnyDay
|move|p1a: Charizard|Flamethrower|p2a: Marcus
|-resisted|p2a: Marcus
|-damage|p2a: Marcus|146\/357
|
|-weather|SunnyDay|[upkeep]
|turn|2
|join|IamChow
|
|move|p2a: Marcus|Stealth Rock|p1a: Charizard
|-sidestart|p1: Ox the Box|move: Stealth Rock
|move|p1a: Charizard|Flamethrower|p2a: Marcus
|-resisted|p2a: Marcus
|-damage|p2a: Marcus|0 fnt
|faint|p2a: Marcus
|
|-weather|SunnyDay|[upkeep]
|join|Brodean
|
|switch|p2a: Hector|Charizard, M|321\/321
|turn|3
|
|switch|p1a: Tyranitar|Tyranitar, M|382\/382
|-damage|p1a: Tyranitar|335\/382|[from] Stealth Rock
|-weather|Sandstorm
|detailschange|p2a: Hector|Charizard-Mega-X, M
|-mega|p2a: Hector|Charizard|Charizardite X
|move|p2a: Hector|Tailwind|p2a: Hector
|-sidestart|p2: huee hue hue|move: Tailwind
|
|-weather|Sandstorm|[upkeep]
|-damage|p2a: Hector|301\/321|[from] sandstorm
|turn|4
|c| WECAMEASROMANS|ice beam the lando-t switch in y\/n
|c|âOx the Box|meh
|c|âOx the Box|would be too easy
|
|move|p2a: Hector|Swords Dance|p2a: Hector
|-boost|p2a: Hector|atk|2
|move|p1a: Tyranitar|Stone Edge|p2a: Hector
|-supereffective|p2a: Hector
|-damage|p2a: Hector|0 fnt
|faint|p2a: Hector
|
|-weather|Sandstorm|[upkeep]
|join|King Time Stall
|c| Alkov|lol
|
|switch|p2a: OsWIN|Scizor, F|343\/343
|turn|5
|
|move|p2a: OsWIN|U-turn|p1a: Tyranitar
|-supereffective|p1a: Tyranitar
|-damage|p1a: Tyranitar|0 fnt
|faint|p1a: Tyranitar
|join|Bloodz
|c|âOx the Box|im such a noob
|c|âOx the Box|rekt
|
|switch|p2a: Athos|Kyurem-Black|403\/403
|-ability|p2a: Athos|Teravolt
|
|-weather|Sandstorm|[upkeep]
|-damage|p2a: Athos|378\/403|[from] sandstorm
|join|Moniker
|
|switch|p1a: Ferrothorn|Ferrothorn, M|352\/352
|-damage|p1a: Ferrothorn|330\/352|[from] Stealth Rock
|turn|6
|join|Legolax909
|
|move|p2a: Athos|Hidden Power|p1a: Ferrothorn
|-supereffective|p1a: Ferrothorn
|-damage|p1a: Ferrothorn|49\/352
|-damage|p2a: Athos|338\/403|[from] item: Life Orb
|move|p1a: Ferrothorn|Stealth Rock|p2a: Athos
|-sidestart|p2: huee hue hue|move: Stealth Rock
|
|-weather|Sandstorm|[upkeep]
|-damage|p2a: Athos|313\/403|[from] sandstorm
|-heal|p1a: Ferrothorn|71\/352|[from] item: Leftovers
|-sideend|p2: huee hue hue|move: Tailwind
|turn|7
|c| Murkrow Jupiter|hp fireâ¦â¦...
|c| Alkov|rekt
|c| Murkrow Jupiter|wtf
|c|âOx the Box|lmao rekt
|join|WonderchildIT
|join|MTL Manectric
|c| Murkrow Jupiter|someone hate's ferro
|
|move|p2a: Athos|Fusion Bolt|p1a: Ferrothorn
|-resisted|p1a: Ferrothorn
|-damage|p1a: Ferrothorn|13\/352
|-damage|p2a: Athos|273\/403|[from] item: Life Orb
|move|p1a: Ferrothorn|Power Whip|p2a: Athos
|-resisted|p2a: Athos
|-damage|p2a: Athos|206\/403
|
|-weather|none
|-heal|p1a: Ferrothorn|35\/352|[from] item: Leftovers
|turn|8
|c| Murkrow Jupiter|lmao
|c|âOx the Box|fuck
|c|âOx the Box|cancel worked
|join|Julian
|join|innovamania
|leave|innovamania
|
|move|p2a: Athos|Fusion Bolt|p1a: Ferrothorn
|-resisted|p1a: Ferrothorn
|-damage|p1a: Ferrothorn|0 fnt
|-damage|p2a: Athos|166\/403|[from] item: Life Orb
|faint|p1a: Ferrothorn
|
|
|switch|p1a: Keldeo|Keldeo|323\/323
|-damage|p1a: Keldeo|303\/323|[from] Stealth Rock
|turn|9
|
|move|p1a: Keldeo|Hidden Power|p2a: Athos
|-crit|p2a: Athos
|-resisted|p2a: Athos
|-damage|p2a: Athos|100\/403
|move|p2a: Athos|Fusion Bolt|p1a: Keldeo
|-supereffective|p1a: Keldeo
|-damage|p1a: Keldeo|0 fnt
|-damage|p2a: Athos|60\/403|[from] item: Life Orb
|faint|p1a: Keldeo
|
|
|switch|p1a: Excadrill|Excadrill, M|361\/361
|-damage|p1a: Excadrill|350\/361|[from] Stealth Rock
|turn|10
|c| Alkov|lmao
|
|move|p2a: Athos|Earth Power|p1a: Excadrill
|-supereffective|p1a: Excadrill
|-damage|p1a: Excadrill|0 fnt
|-damage|p2a: Athos|20\/403|[from] item: Life Orb
|faint|p1a: Excadrill
|
|c| Alkov|bopd
|c| WECAMEASROMANS|stop laddering
|c|âOx the Box|im so bad
|c| WECAMEASROMANS|you're on tilt
|
|switch|p1a: Charizard|Charizard-Mega-Y, M, shiny|297\/297
|-damage|p1a: Charizard|149\/297|[from] Stealth Rock
|-weather|SunnyDay
|turn|11
|c| Alkov|wtf are you doing
|
|move|p2a: Athos|Ice Beam|p1a: Charizard
|-damage|p1a: Charizard|0 fnt
|-damage|p2a: Athos|0 fnt|[from] item: Life Orb
|faint|p1a: Charizard
|faint|p2a: Athos
|
|-weather|SunnyDay|[upkeep]
|c| Alkov|giving chances
|c|âOx the Box|venu wins yn
|c| WECAMEASROMANS|actually maybe u can still win
|c| WECAMEASROMANS|idk
|c|@Julian|saur got this
|c| WECAMEASROMANS|nah
|c| WECAMEASROMANS|lando-t eq
|c| Alkov|banded zor + lando lives a hit
|c|âOx the Box|as long as I don't get haxed
|c| WECAMEASROMANS|+ cb scizor BP
|c| WECAMEASROMANS|shud kill venu
|c| Legolax909|sunny day support
|c|âOx the Box|oh it's cb
|c| WECAMEASROMANS|with LO damage
|c|âOx the Box|fuck
|c| Alkov|banded zor and lando eq
|c| Murkrow Jupiter|ox it's all about fucking risk vs reward
|
|switch|p2a: OsWIN|Scizor, F|343\/343
|switch|p1a: Venusaur|Venusaur, M, shiny|319\/319
|-damage|p1a: Venusaur|280\/319|[from] Stealth Rock
|-damage|p2a: OsWIN|301\/343|[from] Stealth Rock
|turn|12
|c| Alkov|will kill
|c| WECAMEASROMANS|y
|c| Murkrow Jupiter|you fucking blew some mons
|c| WECAMEASROMANS|venu cant live both
|c|âOx the Box|I bet this kills
|
|move|p2a: OsWIN|Bullet Punch|p1a: Venusaur
|-damage|p1a: Venusaur|61\/319
|move|p1a: Venusaur|Hidden Power|p2a: OsWIN
|-supereffective|p2a: OsWIN
|-damage|p2a: OsWIN|0 fnt
|-damage|p1a: Venusaur|30\/319|[from] item: Life Orb
|faint|p2a: OsWIN
|
|-weather|SunnyDay|[upkeep]
|c| Murkrow Jupiter|real quick
|c| WECAMEASROMANS|yup
|
|switch|p2a: Guy|Landorus-Therian, M|319\/319
|-damage|p2a: Guy|280\/319|[from] Stealth Rock
|-ability|p2a: Guy|Intimidate|[of] p1a: Venusaur
|-unboost|p1a: Venusaur|atk|1
|turn|13
|c| WECAMEASROMANS|k now stop laddering
|c|âOx the Box|hit
|c|âOx the Box|please
|
|move|p1a: Venusaur|Sleep Powder|p2a: Guy|[miss]
|-miss|p1a: Venusaur|p2a: Guy
|move|p2a: Guy|Earthquake|p1a: Venusaur
|-damage|p1a: Venusaur|0 fnt
|faint|p1a: Venusaur
|
|win|huee hue hue
|raw|Ladder updating...
|raw|Ox the Box's rating: 1848 &rarr; <strong>1819<\/strong><br \/>(-29 for losing)
|raw|huee hue hue's rating: 1680 &rarr; <strong>1709<\/strong><br \/>(+29 for winning)
|c|âOx the Box|FUCK
|c| WonderchildIT|lmao
|c| Alkov|lmfao
|c| WECAMEASROMANS|lol
|c|âOx the Box|I WON THIS GAME
|c|âOx the Box|29 points
|leave|Julian
|c| Alkov|-29
|c|âOx the Box|to a miss
|c|âOx the Box|LOL
|c| Alkov|rip
|c|âhuee hue hue|:\/ my bad
|leave|WonderchildIT
|leave|Ox the Box
|player|p1
|c| WECAMEASROMANS|starmie had psychic anyways
|c| WECAMEASROMANS|:3
|leave|IamChow
|leave|WECAMEASROMANS
|leave|Legolax909
|leave|Bloodz
|leave|Alkov
|join|WonderchildIT
|leave|WonderchildIT
|leave|Brodean
|c|âhuee hue hue|true sun was going away
|leave|MTL Manectric
|leave|Moniker
|join|Fedayi
|leave|Murkrow Jupiter
|c| Fedayi|hahaahaah
|leave|Fedayi
|leave|King Time Stall