|join|huee hue hue
|join|WECAMEASROMANS
|player|p1|huee hue hue|141
|player|p2|WECAMEASROMANS|265
|gametype|singles
|gen|6
|tier|OU
|rated
|clearpoke
|poke|p1|Latios, M
|poke|p1|Garchomp, M
|poke|p1|Starmie, shiny
|poke|p1|Kyurem-Black
|poke|p1|Gyarados, M
|poke|p1|Azumarill, M
|poke|p2|Thundurus, M
|poke|p2|Bisharp, M
|poke|p2|Crawdaunt, M
|poke|p2|Heatran, M
|poke|p2|Venusaur, F
|poke|p2|Tornadus-Therian, M
|rule|Swagger Clause: Swagger is banned
|rule|Baton Pass Clause: Limit one PokÃ©mon knowing Baton Pass
|rule|Sleep Clause Mod: Limit one foe put to sleep
|rule|Species Clause: Limit one of each PokÃ©mon
|rule|OHKO Clause: OHKO moves are banned
|rule|Moody Clause: Moody is banned
|rule|Evasion Moves Clause: Evasion moves are banned
|rule|Endless Battle Clause: Forcing endless battles is banned
|rule|HP Percentage Mod: HP is shown in percentages
|teampreview
|c|âhuee hue hue|oh
|c|âhuee hue hue|shit
|c|âhuee hue hue|gl hf!
|join|TMasterPu
|c|âWECAMEASROMANS|you too
|join|Alvok
|join|Dr. SJCrew
|
|start
|switch|p1a: Blue|Azumarill, M|400\/400
|switch|p2a: Thundurus|Thundurus, M|299\/299
|turn|1
|
|switch|p2a: Venusaur|Venusaur, F|360\/360
|switch|p1a: Blue|Kyurem-Black|403\/403
|-ability|p1a: Blue|Teravolt
|
|turn|2
|
|switch|p2a: Heatran|Heatran, M|328\/328
|move|p1a: Blue|Ice Beam|p2a: Heatran
|-resisted|p2a: Heatran
|-damage|p2a: Heatran|284\/328
|-status|p2a: Heatran|frz
|-damage|p1a: Blue|363\/403|[from] item: Life Orb
|
|-heal|p2a: Heatran|304\/328 frz|[from] item: Leftovers
|turn|3
|c|âhuee hue hue|my bad
|
|switch|p2a: Tornadus-Therian|Tornadus-Therian, M|299\/299
|move|p1a: Blue|Ice Beam|p2a: Tornadus-Therian
|-supereffective|p2a: Tornadus-Therian
|-damage|p2a: Tornadus-Therian|0 fnt
|-damage|p1a: Blue|323\/403|[from] item: Life Orb
|faint|p2a: Tornadus-Therian
|
|
|switch|p2a: Thundurus|Thundurus, M|299\/299
|turn|4
|
|switch|p1a: Blue|Starmie, shiny|262\/262
|move|p2a: Thundurus|Thunder Wave|p1a: Blue
|-status|p1a: Blue|par
|
|turn|5
|
|switch|p1a: Blue|Latios, M|301\/301
|move|p2a: Thundurus|Nasty Plot|p2a: Thundurus
|-boost|p2a: Thundurus|spa|2
|
|turn|6
|join|dik in box
|
|switch|p2a: Heatran|Heatran, M|304\/328 frz
|move|p1a: Blue|Trick|p2a: Heatran
|-activate|p1a: Blue|move: Trick|[of] p2a: Heatran
|-item|p2a: Heatran|Choice Scarf|[from] move: Trick
|-item|p1a: Blue|Leftovers|[from] move: Trick
|
|turn|7
|leave|dik in box
|
|switch|p1a: Blue|Garchomp, M|357\/357
|cant|p2a: Heatran|frz
|
|turn|8
|
|switch|p2a: Venusaur|Venusaur, F|360\/360
|move|p1a: Blue|Earthquake|p2a: Venusaur
|-damage|p2a: Venusaur|142\/360
|-damage|p1a: Blue|322\/357|[from] item: Life Orb
|
|turn|9
|join|FlyingSunray
|join|Lady Keldeo
|c|âhuee hue hue|that hit...surprisingly hard
|
|switch|p2a: Crawdaunt|Crawdaunt, M|267\/267
|move|p1a: Blue|Draco Meteor|p2a: Crawdaunt
|-damage|p2a: Crawdaunt|0 fnt
|-unboost|p1a: Blue|spa|2
|-damage|p1a: Blue|287\/357|[from] item: Life Orb
|faint|p2a: Crawdaunt
|
|
|switch|p2a: Thundurus|Thundurus, M|299\/299
|turn|10
|
|move|p2a: Thundurus|Nasty Plot|p2a: Thundurus
|-boost|p2a: Thundurus|spa|2
|move|p1a: Blue|Draco Meteor|p2a: Thundurus
|-damage|p2a: Thundurus|169\/299
|-unboost|p1a: Blue|spa|2
|-damage|p1a: Blue|252\/357|[from] item: Life Orb
|
|-heal|p2a: Thundurus|187\/299|[from] item: Leftovers
|turn|11
|
|move|p2a: Thundurus|Hidden Power|p1a: Blue
|-supereffective|p1a: Blue
|-damage|p1a: Blue|0 fnt
|faint|p1a: Blue
|
|-heal|p2a: Thundurus|205\/299|[from] item: Leftovers
|join|JustB1az3
|leave|JustB1az3
|join|Padapos the retard
|
|switch|p1a: Blue|Kyurem-Black|323\/403
|-ability|p1a: Blue|Teravolt
|turn|12
|
|move|p2a: Thundurus|Thunder Wave|p1a: Blue
|-status|p1a: Blue|par
|move|p1a: Blue|Ice Beam|p2a: Thundurus
|-supereffective|p2a: Thundurus
|-damage|p2a: Thundurus|0 fnt
|-damage|p1a: Blue|283\/403 par|[from] item: Life Orb
|faint|p2a: Thundurus
|
|
|switch|p2a: Bisharp|Bisharp, M|271\/271
|turn|13
|
|move|p2a: Bisharp|Iron Head|p1a: Blue
|-supereffective|p1a: Blue
|-damage|p1a: Blue|0 fnt
|-damage|p2a: Bisharp|244\/271|[from] item: Life Orb
|faint|p1a: Blue
|
|
|switch|p1a: Blue|Azumarill, M|400\/400
|turn|14
|
|move|p2a: Bisharp|Iron Head|p1a: Blue
|-damage|p1a: Blue|141\/400
|-damage|p2a: Bisharp|217\/271|[from] item: Life Orb
|move|p1a: Blue|Play Rough|p2a: Bisharp
|-damage|p2a: Bisharp|9\/271
|
|turn|15
|-message|WECAMEASROMANS forfeited.
|
|win|huee hue hue
|raw|Ladder updating...
|leave|WECAMEASROMANS
|player|p2
|raw|huee hue hue's rating: 1587 &rarr; <strong>1610<\/strong><br \/>(+23 for winning)
|raw|WECAMEASROMANS's rating: 1630 &rarr; <strong>1608<\/strong><br \/>(-22 for losing)
|leave|Dr. SJCrew
|leave|Padapos the retard
|leave|Lady Keldeo