|join|doomed hi
|join|anchorage
|player|p1|doomed hi|202
|player|p2|anchorage|214
|gametype|singles
|gen|6
|tier|OU
|clearpoke
|poke|p1|Diancie, shiny
|poke|p1|Magnezone, shiny
|poke|p1|Talonflame, F
|poke|p1|Ferrothorn, F
|poke|p1|Latios, M
|poke|p1|Keldeo-Resolute, shiny
|poke|p2|Charizard, M
|poke|p2|Bisharp, F
|poke|p2|Hydreigon, M
|poke|p2|Venusaur, M
|poke|p2|Clefable, F
|poke|p2|Starmie
|rule|Swagger Clause: Swagger is banned
|rule|Baton Pass Clause: Limit one PokÃ©mon knowing Baton Pass
|rule|Sleep Clause Mod: Limit one foe put to sleep
|rule|Species Clause: Limit one of each PokÃ©mon
|rule|OHKO Clause: OHKO moves are banned
|rule|Moody Clause: Moody is banned
|rule|Evasion Moves Clause: Evasion moves are banned
|rule|Endless Battle Clause: Forcing endless battles is banned
|rule|HP Percentage Mod: HP is shown in percentages
|teampreview
|join|dankbois
|join|nikelalogique
|join|Reverend
|join|Wilkhun
|leave|dankbois
|c|âdoomed hi|gl
|join|dankbois
|join|tele's successor
|c|âanchorage|u2
|join|Boikachu
|
|start
|switch|p1a: Keldeo-Resolute|Keldeo-Resolute, shiny|323\/323
|switch|p2a: Hydreigon|Hydreigon, M|325\/325
|turn|1
|
|switch|p2a: Starmie|Starmie|323\/323
|move|p1a: Keldeo-Resolute|Secret Sword|p2a: Starmie
|-resisted|p2a: Starmie
|-damage|p2a: Starmie|240\/323
|
|turn|2
|
|switch|p1a: Latios|Latios, M|301\/301
|switch|p2a: Charizard|Charizard, M|297\/297
|
|turn|3
|
|switch|p1a: Magnezone|Magnezone, shiny|281\/281
|switch|p2a: Bisharp|Bisharp, F|333\/333
|
|turn|4
|
|move|p2a: Bisharp|Sucker Punch|p1a: Magnezone
|-damage|p1a: Magnezone|142\/281
|move|p1a: Magnezone|Thunderbolt|p2a: Bisharp
|-damage|p2a: Bisharp|17\/333
|
|-heal|p2a: Bisharp|37\/333|[from] item: Leftovers
|turn|5
|
|switch|p1a: Keldeo-Resolute|Keldeo-Resolute, shiny|323\/323
|move|p2a: Bisharp|Sucker Punch|p1a: Keldeo-Resolute
|-fail|p1a: Keldeo-Resolute
|
|-heal|p2a: Bisharp|57\/333|[from] item: Leftovers
|turn|6
|
|switch|p2a: Starmie|Starmie|240\/323
|move|p1a: Keldeo-Resolute|Scald|p2a: Starmie
|-resisted|p2a: Starmie
|-damage|p2a: Starmie|154\/323
|
|turn|7
|
|switch|p1a: Ferrothorn|Ferrothorn, F|352\/352
|move|p2a: Starmie|Recover|p2a: Starmie
|-heal|p2a: Starmie|316\/323
|
|turn|8
|
|switch|p2a: Charizard|Charizard, M|297\/297
|move|p1a: Ferrothorn|Stealth Rock|p2a: Charizard
|-sidestart|p2: anchorage|move: Stealth Rock
|
|turn|9
|
|switch|p1a: Latios|Latios, M|301\/301
|detailschange|p2a: Charizard|Charizard-Mega-Y, M
|-mega|p2a: Charizard|Charizard|Charizardite Y
|-weather|SunnyDay
|move|p2a: Charizard|Flamethrower|p1a: Latios
|-resisted|p1a: Latios
|-damage|p1a: Latios|178\/301
|
|-weather|SunnyDay|[upkeep]
|turn|10
|
|switch|p2a: Clefable|Clefable, F|393\/393
|-damage|p2a: Clefable|344\/393|[from] Stealth Rock
|move|p1a: Latios|Draco Meteor|p2a: Clefable
|-immune|p2a: Clefable|[msg]
|
|-weather|SunnyDay|[upkeep]
|-heal|p2a: Clefable|368\/393|[from] item: Leftovers
|turn|11
|
|switch|p1a: Talonflame|Talonflame, F|298\/298
|move|p2a: Clefable|Stealth Rock|p1a: Talonflame
|-sidestart|p1: doomed hi|move: Stealth Rock
|
|-weather|SunnyDay|[upkeep]
|-heal|p2a: Clefable|392\/393|[from] item: Leftovers
|turn|12
|
|switch|p2a: Bisharp|Bisharp, F|57\/333
|-damage|p2a: Bisharp|37\/333|[from] Stealth Rock
|move|p1a: Talonflame|Brave Bird|p2a: Bisharp
|-crit|p2a: Bisharp
|-resisted|p2a: Bisharp
|-damage|p2a: Bisharp|0 fnt
|-damage|p1a: Talonflame|286\/298|[from] recoil|[of] p2a: Bisharp
|faint|p2a: Bisharp
|
|-weather|SunnyDay|[upkeep]
|
|switch|p2a: Hydreigon|Hydreigon, M|325\/325
|-damage|p2a: Hydreigon|285\/325|[from] Stealth Rock
|turn|13
|leave|Boikachu
|
|switch|p1a: Magnezone|Magnezone, shiny|142\/281
|-damage|p1a: Magnezone|125\/281|[from] Stealth Rock
|move|p2a: Hydreigon|Dark Pulse|p1a: Magnezone
|-damage|p1a: Magnezone|0 fnt
|faint|p1a: Magnezone
|
|-weather|none
|join|prob gonna lose
|
|switch|p1a: Keldeo-Resolute|Keldeo-Resolute, shiny|323\/323
|-damage|p1a: Keldeo-Resolute|303\/323|[from] Stealth Rock
|turn|14
|leave|prob gonna lose
|
|switch|p2a: Starmie|Starmie|316\/323
|-damage|p2a: Starmie|276\/323|[from] Stealth Rock
|move|p1a: Keldeo-Resolute|Scald|p2a: Starmie
|-resisted|p2a: Starmie
|-damage|p2a: Starmie|192\/323
|
|turn|15
|
|switch|p1a: Ferrothorn|Ferrothorn, F|352\/352
|-damage|p1a: Ferrothorn|330\/352|[from] Stealth Rock
|move|p2a: Starmie|Rapid Spin|p1a: Ferrothorn
|-resisted|p1a: Ferrothorn
|-damage|p1a: Ferrothorn|325\/352
|-damage|p2a: Starmie|152\/323|[from] ability: Iron Barbs|[of] p1a: Ferrothorn
|-sideend|p2: anchorage|Stealth Rock|[from] move: Rapid Spin|[of] p2a: Starmie
|-damage|p2a: Starmie|120\/323|[from] item: Life Orb
|
|-heal|p1a: Ferrothorn|347\/352|[from] item: Leftovers
|turn|16
|
|switch|p2a: Charizard|Charizard-Mega-Y, M|297\/297
|-weather|SunnyDay
|move|p1a: Ferrothorn|Leech Seed|p2a: Charizard
|-start|p2a: Charizard|move: Leech Seed
|
|-weather|SunnyDay|[upkeep]
|-heal|p1a: Ferrothorn|352\/352|[from] item: Leftovers
|-damage|p2a: Charizard|260\/297|[from] Leech Seed|[of] p1a: Ferrothorn
|turn|17
|
|move|p1a: Ferrothorn|Protect|p1a: Ferrothorn
|-singleturn|p1a: Ferrothorn|Protect
|move|p2a: Charizard|Flamethrower|p1a: Ferrothorn
|-activate|p1a: Ferrothorn|Protect
|
|-weather|SunnyDay|[upkeep]
|-damage|p2a: Charizard|223\/297|[from] Leech Seed|[of] p1a: Ferrothorn
|turn|18
|
|switch|p1a: Keldeo-Resolute|Keldeo-Resolute, shiny|303\/323
|-damage|p1a: Keldeo-Resolute|283\/323|[from] Stealth Rock
|move|p2a: Charizard|Flamethrower|p1a: Keldeo-Resolute
|-resisted|p1a: Keldeo-Resolute
|-damage|p1a: Keldeo-Resolute|133\/323
|
|-weather|SunnyDay|[upkeep]
|-damage|p2a: Charizard|186\/297|[from] Leech Seed|[of] p1a: Keldeo-Resolute
|-heal|p1a: Keldeo-Resolute|170\/323|[silent]
|turn|19
|
|switch|p1a: Ferrothorn|Ferrothorn, F|352\/352
|-damage|p1a: Ferrothorn|330\/352|[from] Stealth Rock
|switch|p2a: Clefable|Clefable, F|392\/393
|
|-weather|SunnyDay|[upkeep]
|-heal|p2a: Clefable|393\/393|[from] item: Leftovers
|-heal|p1a: Ferrothorn|352\/352|[from] item: Leftovers
|turn|20
|
|switch|p2a: Charizard|Charizard-Mega-Y, M|186\/297
|move|p1a: Ferrothorn|Leech Seed|p2a: Charizard
|-start|p2a: Charizard|move: Leech Seed
|
|-weather|none
|-damage|p2a: Charizard|149\/297|[from] Leech Seed|[of] p1a: Ferrothorn
|turn|21
|
|switch|p2a: Venusaur|Venusaur, M|301\/301
|move|p1a: Ferrothorn|Leech Seed|p2a: Venusaur
|-immune|p2a: Venusaur|[msg]
|
|turn|22
|
|move|p2a: Venusaur|Hidden Power|p1a: Ferrothorn
|-supereffective|p1a: Ferrothorn
|-damage|p1a: Ferrothorn|92\/352
|-damage|p2a: Venusaur|271\/301|[from] item: Life Orb
|move|p1a: Ferrothorn|Stealth Rock|p2a: Venusaur
|-sidestart|p2: anchorage|move: Stealth Rock
|
|-heal|p1a: Ferrothorn|114\/352|[from] item: Leftovers
|turn|23
|
|move|p2a: Venusaur|Leech Seed|p1a: Ferrothorn
|-immune|p1a: Ferrothorn|[msg]
|move|p1a: Ferrothorn|Leech Seed|p2a: Venusaur
|-immune|p2a: Venusaur|[msg]
|
|-heal|p1a: Ferrothorn|136\/352|[from] item: Leftovers
|turn|24
|join|lil chinese girl
|
|move|p2a: Venusaur|Hidden Power|p1a: Ferrothorn
|-supereffective|p1a: Ferrothorn
|-damage|p1a: Ferrothorn|0 fnt
|-damage|p2a: Venusaur|241\/301|[from] item: Life Orb
|faint|p1a: Ferrothorn
|
|c| lil chinese girl|is that you haba <3
|
|switch|p1a: Talonflame|Talonflame, F|286\/298
|-damage|p1a: Talonflame|137\/298|[from] Stealth Rock
|turn|25
|leave|lil chinese girl
|join|0 Void Star 0
|join|Nani Man
|join|SalaMenace
|
|switch|p2a: Hydreigon|Hydreigon, M|285\/325
|-damage|p2a: Hydreigon|245\/325|[from] Stealth Rock
|move|p1a: Talonflame|Brave Bird|p2a: Hydreigon
|-damage|p2a: Hydreigon|0 fnt
|-damage|p1a: Talonflame|56\/298|[from] recoil|[of] p2a: Hydreigon
|faint|p2a: Hydreigon
|
|
|switch|p2a: Starmie|Starmie|120\/323
|-damage|p2a: Starmie|80\/323|[from] Stealth Rock
|turn|26
|join|lil chinese girl
|
|move|p1a: Talonflame|Brave Bird|p2a: Starmie
|-damage|p2a: Starmie|0 fnt
|-damage|p1a: Talonflame|30\/298|[from] recoil|[of] p2a: Starmie
|faint|p2a: Starmie
|
|leave|tele's successor
|
|switch|p2a: Charizard|Charizard-Mega-Y, M|149\/297
|-damage|p2a: Charizard|1\/297|[from] Stealth Rock
|-weather|SunnyDay
|turn|27
|leave|lil chinese girl
|
|move|p1a: Talonflame|Brave Bird|p2a: Charizard
|-damage|p2a: Charizard|0 fnt
|-damage|p1a: Talonflame|29\/298|[from] recoil|[of] p2a: Charizard
|faint|p2a: Charizard
|
|-weather|SunnyDay|[upkeep]
|join|Lok'tar
|join|mkaydo
|
|switch|p2a: Clefable|Clefable, F|393\/393
|-damage|p2a: Clefable|344\/393|[from] Stealth Rock
|turn|28
|join|RegisterThis8==
|join|Chillingtilnoon
|
|switch|p1a: Diancie|Diancie, shiny|241\/241
|-damage|p1a: Diancie|211\/241|[from] Stealth Rock
|move|p2a: Clefable|Moonlight|p2a: Clefable
|-heal|p2a: Clefable|393\/393
|
|-weather|SunnyDay|[upkeep]
|turn|29
|
|switch|p2a: Venusaur|Venusaur, M|241\/301
|-damage|p2a: Venusaur|204\/301|[from] Stealth Rock
|detailschange|p1a: Diancie|Diancie-Mega, shiny
|-mega|p1a: Diancie|Diancie|Diancite
|move|p1a: Diancie|Diamond Storm|p2a: Venusaur
|-damage|p2a: Venusaur|0 fnt
|faint|p2a: Venusaur
|
|-weather|SunnyDay|[upkeep]
|
|switch|p2a: Clefable|Clefable, F|393\/393
|-damage|p2a: Clefable|344\/393|[from] Stealth Rock
|turn|30
|
|move|p1a: Diancie|Moonblast|p2a: Clefable
|-damage|p2a: Clefable|179\/393
|move|p2a: Clefable|Calm Mind|p2a: Clefable
|-boost|p2a: Clefable|spa|1
|-boost|p2a: Clefable|spd|1
|
|-weather|SunnyDay|[upkeep]
|-heal|p2a: Clefable|203\/393|[from] item: Leftovers
|turn|31
|
|move|p1a: Diancie|Diamond Storm|p2a: Clefable
|-crit|p2a: Clefable
|-damage|p2a: Clefable|0 fnt
|faint|p2a: Clefable
|
|win|doomed hi
|c|âdoomed hi|gg
|c|âanchorage|ow
|leave|RegisterThis8==
|leave|Lok'tar
|leave|SalaMenace
|leave|0 Void Star 0
|leave|dankbois
|leave|nikelalogique
|leave|anchorage
|player|p2
|leave|Chillingtilnoon
|leave|doomed hi
|player|p1