|join|hjgbfgxccgxhchg
|join|Arcanine is Regal
|player|p1|hjgbfgxccgxhchg|8
|player|p2|Arcanine is Regal|126
|gametype|singles
|gen|6
|tier|OU
|rated
|clearpoke
|poke|p1|Slowbro, M
|poke|p1|Ferrothorn, M
|poke|p1|Heatran, F
|poke|p1|Tentacruel, M
|poke|p1|Landorus-Therian, M
|poke|p1|Bisharp, F
|poke|p2|Pidgeot, F
|poke|p2|Dugtrio, F
|poke|p2|Rotom-Wash
|poke|p2|Scizor, F
|poke|p2|Conkeldurr, F
|poke|p2|Sylveon, F
|rule|Swagger Clause: Swagger is banned
|rule|Baton Pass Clause: Limit one PokÃ©mon knowing Baton Pass
|rule|Sleep Clause Mod: Limit one foe put to sleep
|rule|Species Clause: Limit one of each PokÃ©mon
|rule|OHKO Clause: OHKO moves are banned
|rule|Moody Clause: Moody is banned
|rule|Evasion Moves Clause: Evasion moves are banned
|rule|Endless Battle Clause: Forcing endless battles is banned
|rule|HP Percentage Mod: HP is shown in percentages
|teampreview
|
|start
|switch|p1a: Tentacruel|Tentacruel, M|364\/364
|switch|p2a: Sylveon|Sylveon, F|389\/389
|turn|1
|
|move|p1a: Tentacruel|Toxic Spikes|p2a: Sylveon
|-sidestart|p2: Arcanine is Regal|move: Toxic Spikes
|move|p2a: Sylveon|Psyshock|p1a: Tentacruel
|-supereffective|p1a: Tentacruel
|-damage|p1a: Tentacruel|0 fnt
|faint|p1a: Tentacruel
|
|
|switch|p1a: Ferrothorn|Ferrothorn, M|351\/351
|turn|2
|join|Time Stall
|
|switch|p2a: Scizor|Scizor, F|344\/344
|move|p1a: Ferrothorn|Leech Seed|p2a: Scizor
|-start|p2a: Scizor|move: Leech Seed
|
|-damage|p2a: Scizor|301\/344|[from] Leech Seed|[of] p1a: Ferrothorn
|turn|3
|
|switch|p1a: Heatran|Heatran, F|337\/337
|-item|p1a: Heatran|Air Balloon
|move|p2a: Scizor|Defog|p1a: Heatran
|-unboost|p1a: Heatran|evasion|1
|-sideend|p2: Arcanine is Regal|Toxic Spikes|[from] move: Defog|[of] p2a: Scizor
|
|-heal|p2a: Scizor|322\/344|[from] item: Leftovers
|-damage|p2a: Scizor|279\/344|[from] Leech Seed|[of] p1a: Heatran
|turn|4
|join|oml it's too ez
|
|move|p2a: Scizor|Bullet Punch|p1a: Heatran
|-resisted|p1a: Heatran
|-damage|p1a: Heatran|310\/337
|-enditem|p1a: Heatran|Air Balloon
|move|p1a: Heatran|Stealth Rock|p2a: Scizor
|-sidestart|p2: Arcanine is Regal|move: Stealth Rock
|
|-heal|p2a: Scizor|300\/344|[from] item: Leftovers
|-damage|p2a: Scizor|257\/344|[from] Leech Seed|[of] p1a: Heatran
|-heal|p1a: Heatran|337\/337|[silent]
|turn|5
|
|switch|p2a: Conkeldurr|Conkeldurr, F|360\/360
|-damage|p2a: Conkeldurr|338\/360|[from] Stealth Rock
|move|p1a: Heatran|Fire Blast|p2a: Conkeldurr
|-damage|p2a: Conkeldurr|187\/360
|
|turn|6
|
|switch|p1a: Slowbro|Slowbro, M|391\/391
|move|p2a: Conkeldurr|Knock Off|p1a: Slowbro
|-supereffective|p1a: Slowbro
|-damage|p1a: Slowbro|215\/391
|
|turn|7
|
|switch|p2a: Rotom-Wash|Rotom-Wash|303\/303
|-damage|p2a: Rotom-Wash|266\/303|[from] Stealth Rock
|detailschange|p1a: Slowbro|Slowbro-Mega, M
|-mega|p1a: Slowbro|Slowbro|Slowbronite
|move|p1a: Slowbro|Slack Off|p1a: Slowbro
|-heal|p1a: Slowbro|391\/391
|
|-heal|p2a: Rotom-Wash|284\/303|[from] item: Leftovers
|turn|8
|
|move|p2a: Rotom-Wash|Volt Switch|p1a: Slowbro
|-supereffective|p1a: Slowbro
|-damage|p1a: Slowbro|187\/391
|
|switch|p2a: Scizor|Scizor, F|257\/344
|-damage|p2a: Scizor|214\/344|[from] Stealth Rock
|move|p1a: Slowbro|Scald|p2a: Scizor
|-damage|p2a: Scizor|37\/344
|
|-heal|p2a: Scizor|58\/344|[from] item: Leftovers
|turn|9
|
|move|p2a: Scizor|Defog|p1a: Slowbro
|-unboost|p1a: Slowbro|evasion|1
|-sideend|p2: Arcanine is Regal|Stealth Rock|[from] move: Defog|[of] p2a: Scizor
|move|p1a: Slowbro|Slack Off|p1a: Slowbro
|-heal|p1a: Slowbro|383\/391
|
|-heal|p2a: Scizor|79\/344|[from] item: Leftovers
|turn|10
|
|move|p2a: Scizor|U-turn|p1a: Slowbro
|-supereffective|p1a: Slowbro
|-damage|p1a: Slowbro|213\/391
|
|switch|p2a: Rotom-Wash|Rotom-Wash|284\/303
|move|p1a: Slowbro|Fire Blast|p2a: Rotom-Wash
|-resisted|p2a: Rotom-Wash
|-damage|p2a: Rotom-Wash|221\/303
|
|-heal|p2a: Rotom-Wash|239\/303|[from] item: Leftovers
|turn|11
|
|move|p2a: Rotom-Wash|Volt Switch|p1a: Slowbro
|-supereffective|p1a: Slowbro
|-damage|p1a: Slowbro|15\/391
|
|switch|p2a: Sylveon|Sylveon, F|389\/389
|move|p1a: Slowbro|Slack Off|p1a: Slowbro
|-heal|p1a: Slowbro|211\/391
|
|turn|12
|
|move|p2a: Sylveon|Shadow Ball|p1a: Slowbro
|-supereffective|p1a: Slowbro
|-damage|p1a: Slowbro|0 fnt
|faint|p1a: Slowbro
|
|-message|hjgbfgxccgxhchg forfeited.
|
|win|Arcanine is Regal
|raw|Ladder updating...
|raw|hjgbfgxccgxhchg's rating: 1606 &rarr; <strong>1583<\/strong><br \/>(-23 for losing)
|raw|Arcanine is Regal's rating: 1551 &rarr; <strong>1575<\/strong><br \/>(+24 for winning)
|leave|Time Stall
|leave|Arcanine is Regal
|player|p2
|leave|oml it's too ez