|join|Arcanine is Regal
|join|Mistakess
|player|p1|Arcanine is Regal|126
|player|p2|Mistakess|40
|gametype|singles
|gen|6
|tier|OU
|clearpoke
|poke|p1|Arcanine, M
|poke|p1|Altaria, F
|poke|p1|Jirachi, shiny
|poke|p1|Landorus-Therian, M
|poke|p1|Tentacruel, M
|poke|p1|Clefable, F
|poke|p2|Charizard, M
|poke|p2|Infernape, M
|poke|p2|Dragonite, F
|poke|p2|Azumarill, F, shiny
|poke|p2|Scizor, M
|poke|p2|Bisharp, M
|rule|Swagger Clause: Swagger is banned
|rule|Baton Pass Clause: Limit one PokÃ©mon knowing Baton Pass
|rule|Sleep Clause Mod: Limit one foe put to sleep
|rule|Species Clause: Limit one of each PokÃ©mon
|rule|OHKO Clause: OHKO moves are banned
|rule|Moody Clause: Moody is banned
|rule|Evasion Moves Clause: Evasion moves are banned
|rule|Endless Battle Clause: Forcing endless battles is banned
|rule|HP Percentage Mod: HP is shown in percentages
|teampreview
|join|redevil360
|join|Albacore
|join|Depez Poopsie
|join|Pyyz
|join|Savagehr
|c|+Albacore|ARCANINE
|join|Yankmeister
|c| Depez Poopsie|YEAH ALTARIA
|c| Depez Poopsie|MAH NIGGA
|c| Savagehr|Arcanine
|join|Gghhh
|c| Yankmeister|money on arcanine squad
|join|Sucker Lunch
|join|Omegasization
|c|âArcanine is Regal|gl
|c| Savagehr|Your Tentacruel, if nicknamed, better be Hentai related
|c| Depez Poopsie|Mistakes got lucky
|c| Savagehr|Luck is a legit factor
|leave|redevil360
|c|+Albacore|not really
|c|+Albacore|WCAR was just weak to his team
|c| Depez Poopsie|What is hentai
|c|âMistakess|how do i mute the chat?
|
|start
|switch|p1a: Landorus-Therian|Landorus-Therian, M|381\/381
|switch|p2a: Lancer|Infernape, M|293\/293
|-ability|p1a: Landorus-Therian|Intimidate|[of] p2a: Lancer
|-unboost|p2a: Lancer|atk|1
|turn|1
|c|âArcanine is Regal|yeah ive never seen a team so prepared for altaria lol
|c|+Albacore|\/\/modchat +
|c| Depez Poopsie|Gg
|join|Kimio
|c| Sucker Lunch|pls no
|raw|<div class="broadcast-red"><b>Moderated chat was set to +!<\/b><br \/>Only users of rank + and higher can talk.<\/div>
|c|+Albacore|well he has infer and dnite
|c|âArcanine is Regal|or just ignore spectators
|join|Venancio12
|join|CleanerThanRotom-W
|c|+Albacore|so alt will still do things
|c|âArcanine is Regal|its an option up on the top right in the gear thing
|
|move|p2a: Lancer|Stealth Rock|p1a: Landorus-Therian
|-sidestart|p1: Arcanine is Regal|move: Stealth Rock
|move|p1a: Landorus-Therian|Stealth Rock|p2a: Lancer
|-sidestart|p2: Mistakess|move: Stealth Rock
|
|turn|2
|join|the fun in this
|
|move|p2a: Lancer|Fire Blast|p1a: Landorus-Therian
|-damage|p1a: Landorus-Therian|195\/381
|move|p1a: Landorus-Therian|U-turn|p2a: Lancer
|-resisted|p2a: Lancer
|-damage|p2a: Lancer|268\/293
|
|switch|p1a: Tentacruel|Tentacruel, M|364\/364
|-damage|p1a: Tentacruel|319\/364|[from] Stealth Rock
|
|-heal|p1a: Tentacruel|341\/364|[from] item: Black Sludge
|turn|3
|leave|CleanerThanRotom-W
|c|âArcanine is Regal|I got a bad feeling about tpunch
|c|âArcanine is Regal|but yolo
|
|move|p2a: Lancer|Fire Blast|p1a: Tentacruel
|-resisted|p1a: Tentacruel
|-damage|p1a: Tentacruel|283\/364
|-status|p1a: Tentacruel|brn
|move|p1a: Tentacruel|Toxic Spikes|p2a: Lancer
|-sidestart|p2: Mistakess|move: Toxic Spikes
|
|-heal|p1a: Tentacruel|305\/364 brn|[from] item: Black Sludge
|-damage|p1a: Tentacruel|260\/364 brn|[from] brn
|turn|4
|join|uss destroyer
|c|+Albacore|what
|c|+Albacore|oh okay nvm
|join|ThE0testing
Sucker Lunch was promoted to Room Voice by Arcanine is Regal.
|c|+Sucker Lunch|yes! :)
|
|switch|p2a: Berserker|Charizard, M|333\/333
|-damage|p2a: Berserker|167\/333|[from] Stealth Rock
|move|p1a: Tentacruel|Scald|p2a: Berserker
|-supereffective|p2a: Berserker
|-damage|p2a: Berserker|0 fnt
|faint|p2a: Berserker
|
|-heal|p1a: Tentacruel|282\/364 brn|[from] item: Black Sludge
|-damage|p1a: Tentacruel|237\/364 brn|[from] brn
|join|SeventyFive
|c|âArcanine is Regal|ill call that a questionable play
|c|+Sucker Lunch|Man tenta is so good rn
|
|switch|p2a: Assassin|Bisharp, M|271\/271
|-damage|p2a: Assassin|255\/271|[from] Stealth Rock
|turn|5
|c|+Albacore|erm arc
|c|+Albacore|how do you not lose to bisharp
|
|move|p1a: Tentacruel|Rapid Spin|p2a: Assassin
|-resisted|p2a: Assassin
|-damage|p2a: Assassin|252\/271
|-sideend|p1: Arcanine is Regal|Stealth Rock|[from] move: Rapid Spin|[of] p1a: Tentacruel
|move|p2a: Assassin|Swords Dance|p2a: Assassin
|-boost|p2a: Assassin|atk|2
|
|-heal|p1a: Tentacruel|259\/364 brn|[from] item: Black Sludge
|-damage|p1a: Tentacruel|214\/364 brn|[from] brn
|turn|6
|join|ollopa
|c|âArcanine is Regal|I kinda just get on my knees
|c|âArcanine is Regal|and pray
|
|move|p2a: Assassin|Sucker Punch|p1a: Tentacruel
|-fail|p1a: Tentacruel
|move|p1a: Tentacruel|Haze|p1a: Tentacruel
|-clearallboost
|
|-heal|p1a: Tentacruel|236\/364 brn|[from] item: Black Sludge
|-damage|p1a: Tentacruel|191\/364 brn|[from] brn
|turn|7
|c|+Albacore|bish fucks so many teams b\/c a lot of them have lando as their main defense against physical attackers
|c|+Albacore|or in this case tenta
|c|+Albacore|erm
|c|+Albacore|not tenta arcanine
|
|move|p1a: Tentacruel|Scald|p2a: Assassin
|-damage|p2a: Assassin|141\/271
|move|p2a: Assassin|Knock Off|p1a: Tentacruel
|-damage|p1a: Tentacruel|0 fnt
|-enditem|p1a: Tentacruel|Black Sludge|[from] move: Knock Off|[of] p2a: Assassin
|-damage|p2a: Assassin|114\/271|[from] item: Life Orb
|faint|p1a: Tentacruel
|
|c|âArcanine is Regal|tentacruel did enough for me lol
|c|+Sucker Lunch|That'll do tenta
|
|switch|p1a: Wayward Son|Arcanine, M|383\/383
|-ability|p1a: Wayward Son|Intimidate|[of] p2a: Assassin
|-unboost|p2a: Assassin|atk|1
|-boost|p2a: Assassin|atk|2|[from] ability: Defiant
|turn|8
|c|+Sucker Lunch|that'll do
|c|âArcanine is Regal|luckily tho arcanine does beat bisharp
|c|âArcanine is Regal|it just cant switchin
|c|+Albacore|good thing you had haze
|c|+Albacore|or youd be fucked rn
|c|âArcanine is Regal|mhm
|
|move|p2a: Assassin|Sucker Punch|p1a: Wayward Son
|-fail|p1a: Wayward Son
|move|p1a: Wayward Son|Will-O-Wisp|p2a: Assassin
|-status|p2a: Assassin|brn
|
|-damage|p2a: Assassin|81\/271 brn|[from] brn
|turn|9
|leave|ThE0testing
|c|+Sucker Lunch|nice playz
|
|move|p1a: Wayward Son|Extreme Speed|p2a: Assassin
|-resisted|p2a: Assassin
|-damage|p2a: Assassin|48\/271 brn
|move|p2a: Assassin|Sucker Punch|p1a: Wayward Son
|-fail|p1a: Wayward Son
|
|-damage|p2a: Assassin|15\/271 brn|[from] brn
|turn|10
|c|âArcanine is Regal|hes faster than me too
|c|âArcanine is Regal|which is p funny
|join|misc all day
|
|move|p1a: Wayward Son|Extreme Speed|p2a: Assassin
|-resisted|p2a: Assassin
|-damage|p2a: Assassin|0 fnt
|faint|p2a: Assassin
|
Omegasization was promoted to Room Voice by Arcanine is Regal.
|
|switch|p2a: Lancer|Infernape, M|268\/293
|-status|p2a: Lancer|psn
|-damage|p2a: Lancer|232\/293 psn|[from] Stealth Rock
|turn|11
|join|XperimentTeams
|
|move|p1a: Wayward Son|Extreme Speed|p2a: Lancer
|-damage|p2a: Lancer|136\/293 psn
|move|p2a: Lancer|Stealth Rock|p1a: Wayward Son
|-sidestart|p1: Arcanine is Regal|move: Stealth Rock
|
|-damage|p2a: Lancer|100\/293 psn|[from] psn
|turn|12
|c|âArcanine is Regal|please gimme the roll
|c|âArcanine is Regal|if it even is one
|
|move|p1a: Wayward Son|Extreme Speed|p2a: Lancer
|-damage|p2a: Lancer|10\/293 psn
|move|p2a: Lancer|Endeavor|p1a: Wayward Son
|-damage|p1a: Wayward Son|10\/383
|-damage|p2a: Lancer|0 fnt|[from] item: Rocky Helmet|[of] p1a: Wayward Son
|faint|p2a: Lancer
|
|c|+Albacore|oh shit
|c|âArcanine is Regal|yeah thats what I was fearing
|c|+Omegasization|n.n
|
|switch|p2a: Archer|Scizor, M|344\/344
|-damage|p2a: Archer|301\/344|[from] Stealth Rock
|turn|13
|
|move|p2a: Archer|Bullet Punch|p1a: Wayward Son
|-resisted|p1a: Wayward Son
|-damage|p1a: Wayward Son|0 fnt
|-damage|p2a: Archer|244\/344|[from] item: Rocky Helmet|[of] p1a: Wayward Son
|faint|p1a: Wayward Son
|
|-heal|p2a: Archer|265\/344|[from] item: Leftovers
|
|switch|p1a: Landorus-Therian|Landorus-Therian, M|195\/381
|-damage|p1a: Landorus-Therian|148\/381|[from] Stealth Rock
|-ability|p1a: Landorus-Therian|Intimidate|[of] p2a: Archer
|-unboost|p2a: Archer|atk|1
|turn|14
|c|+Albacore|i think zor wins
|c|âArcanine is Regal|nah p sure its band
|
|move|p1a: Landorus-Therian|Earthquake|p2a: Archer
|-crit|p2a: Archer
|-damage|p2a: Archer|3\/344
|move|p2a: Archer|Swords Dance|p2a: Archer
|-boost|p2a: Archer|atk|2
|
|-heal|p1a: Landorus-Therian|171\/381|[from] item: Leftovers
|-heal|p2a: Archer|24\/344|[from] item: Leftovers
|turn|15
|c|âArcanine is Regal|oh
|join|metmaver
|
|switch|p1a: Jirachi|Jirachi, shiny|404\/404
|-damage|p1a: Jirachi|379\/404|[from] Stealth Rock
|move|p2a: Archer|Bullet Punch|p1a: Jirachi
|-resisted|p1a: Jirachi
|-damage|p1a: Jirachi|285\/404
|
|-heal|p1a: Jirachi|310\/404|[from] item: Leftovers
|-heal|p2a: Archer|45\/344|[from] item: Leftovers
|turn|16
|c|+Omegasization|rachi kills sciz
|c|+Omegasization|so yeh
|join|Demandred
|
|move|p2a: Archer|Bullet Punch|p1a: Jirachi
|-resisted|p1a: Jirachi
|-damage|p1a: Jirachi|220\/404
|move|p1a: Jirachi|Iron Head|p2a: Archer
|-resisted|p2a: Archer
|-damage|p2a: Archer|0 fnt
|faint|p2a: Archer
|
|-heal|p1a: Jirachi|245\/404|[from] item: Leftovers
|c|+Sucker Lunch|how does rachi kill zor?
|c|+Omegasization|that way
|join|Murkrow Jupiter
|c|+Sucker Lunch|Oh Fire Punch
|c|+Omegasization|IRON
|
|switch|p2a: Rider|Azumarill, F, shiny|403\/403
|-damage|p2a: Rider|353\/403|[from] Stealth Rock
|-status|p2a: Rider|psn
|turn|17
|c|+Omegasization|HEAD
SeventyFive was promoted to Room Voice by Arcanine is Regal.
|c|+SeventyFive|n_n
|
|move|p1a: Jirachi|Iron Head|p2a: Rider
|-damage|p2a: Rider|245\/403 psn
|cant|p2a: Rider|flinch
|
|-heal|p1a: Jirachi|270\/404|[from] item: Leftovers
|-damage|p2a: Rider|195\/403 psn|[from] psn
|turn|18
|leave|misc all day
|leave|metmaver
|c|+Sucker Lunch|Come on Azu
|c|+Sucker Lunch|you can do it ;_;
|
|move|p2a: Rider|Aqua Jet|p1a: Jirachi
|-damage|p1a: Jirachi|134\/404
|move|p1a: Jirachi|Iron Head|p2a: Rider
|-damage|p2a: Rider|74\/403 psn
|
|-heal|p1a: Jirachi|159\/404|[from] item: Leftovers
|-damage|p2a: Rider|24\/403 psn|[from] psn
|turn|19
|c|+Sucker Lunch|o wait
|c|+Sucker Lunch|wrong team
|c|+Sucker Lunch|nvm
|
|move|p2a: Rider|Aqua Jet|p1a: Jirachi
|-damage|p1a: Jirachi|18\/404
|move|p1a: Jirachi|Wish|p1a: Jirachi
|
|-heal|p1a: Jirachi|43\/404|[from] item: Leftovers
|-damage|p2a: Rider|0 fnt|[from] psn
|faint|p2a: Rider
|join|WECAMEASROMANS
|join|CleanerThanRotom-W
|join|Sharpteeth
|join|MuayTaskr
|join|MrTrollAtBest
|join|the Jaiho's lover
|join|Anput
|
|switch|p2a: Saber|Dragonite, F|323\/323
|-damage|p2a: Saber|243\/323|[from] Stealth Rock
|turn|20
|join|ha lol
|join|vielIeis
|leave|WECAMEASROMANS
|leave|CleanerThanRotom-W
|leave|ha lol
|join|ZuMatt
|
|move|p1a: Jirachi|Body Slam|p2a: Saber
|-damage|p2a: Saber|160\/323
|-status|p2a: Saber|par
|cant|p2a: Saber|par
|
|-heal|p1a: Jirachi|245\/404|[from] move: Wish|[wisher] Jirachi
|-heal|p1a: Jirachi|270\/404|[from] item: Leftovers
|turn|21
|leave|Kimio
|join|Kimio
|c|âArcanine is Regal|ezpz
|c|+Omegasization|rachi.
|
|move|p1a: Jirachi|Iron Head|p2a: Saber
|-damage|p2a: Saber|45\/323 par
|cant|p2a: Saber|flinch
|
|-heal|p1a: Jirachi|295\/404|[from] item: Leftovers
|turn|22
|leave|uss destroyer
|
|move|p1a: Jirachi|Iron Head|p2a: Saber
|-damage|p2a: Saber|0 fnt
|faint|p2a: Saber
|
|win|Arcanine is Regal
|leave|Yankmeister
|c|âArcanine is Regal|gg