|join|Arcanine is Regal
|join|Iodic
|player|p1|Arcanine is Regal|126
|player|p2|Iodic|264
|gametype|singles
|gen|6
|tier|OU
|rated
|clearpoke
|poke|p1|Bisharp, M
|poke|p1|Gengar, M
|poke|p1|Manectric, M
|poke|p1|Landorus-Therian, M
|poke|p1|Mamoswine, F
|poke|p1|Azumarill, F
|poke|p2|Sylveon, F
|poke|p2|Slowbro, M
|poke|p2|Scizor, M
|poke|p2|Lopunny, F, shiny
|poke|p2|Serperior, F
|poke|p2|Tyranitar, M
|rule|Swagger Clause: Swagger is banned
|rule|Baton Pass Clause: Limit one PokÃ©mon knowing Baton Pass
|rule|Sleep Clause Mod: Limit one foe put to sleep
|rule|Species Clause: Limit one of each PokÃ©mon
|rule|OHKO Clause: OHKO moves are banned
|rule|Moody Clause: Moody is banned
|rule|Evasion Moves Clause: Evasion moves are banned
|rule|Endless Battle Clause: Forcing endless battles is banned
|rule|HP Percentage Mod: HP is shown in percentages
|teampreview
|c|âArcanine is Regal|gl
|
|start
|switch|p1a: Landorus-Therian|Landorus-Therian, M|320\/320
|switch|p2a: Caesar|Tyranitar, M|404\/404
|-ability|p1a: Landorus-Therian|Intimidate|[of] p2a: Caesar
|-unboost|p2a: Caesar|atk|1
|-weather|Sandstorm
|turn|1
|c|âIodic|gl hf
|join|Forgotten Ghosts
|
|move|p1a: Landorus-Therian|U-turn|p2a: Caesar
|-supereffective|p2a: Caesar
|-damage|p2a: Caesar|284\/404
|
|switch|p1a: Mamoswine|Mamoswine, F|381\/381
|move|p2a: Caesar|Stealth Rock|p1a: Mamoswine
|-sidestart|p1: Arcanine is Regal|move: Stealth Rock
|
|-weather|Sandstorm|[upkeep]
|-heal|p2a: Caesar|309\/404|[from] item: Leftovers
|turn|2
|
|move|p1a: Mamoswine|Stealth Rock|p2a: Caesar
|-sidestart|p2: Iodic|move: Stealth Rock
|move|p2a: Caesar|Crunch|p1a: Mamoswine
|-damage|p1a: Mamoswine|287\/381
|
|-weather|Sandstorm|[upkeep]
|-heal|p2a: Caesar|334\/404|[from] item: Leftovers
|turn|3
|
|switch|p2a: Henry|Slowbro, M|394\/394
|-damage|p2a: Henry|345\/394|[from] Stealth Rock
|move|p1a: Mamoswine|Icicle Spear|p2a: Henry
|-resisted|p2a: Henry
|-damage|p2a: Henry|329\/394
|-resisted|p2a: Henry
|-damage|p2a: Henry|314\/394
|-hitcount|p2a: Henry|2
|
|-weather|Sandstorm|[upkeep]
|-damage|p2a: Henry|290\/394|[from] sandstorm
|-heal|p2a: Henry|314\/394|[from] item: Leftovers
|turn|4
|
|move|p1a: Mamoswine|Icicle Spear|p2a: Henry
|-resisted|p2a: Henry
|-damage|p2a: Henry|298\/394
|-resisted|p2a: Henry
|-damage|p2a: Henry|283\/394
|-resisted|p2a: Henry
|-damage|p2a: Henry|266\/394
|-hitcount|p2a: Henry|3
|move|p2a: Henry|Scald|p1a: Mamoswine
|-supereffective|p1a: Mamoswine
|-damage|p1a: Mamoswine|0 fnt
|faint|p1a: Mamoswine
|
|-weather|Sandstorm|[upkeep]
|-damage|p2a: Henry|242\/394|[from] sandstorm
|-heal|p2a: Henry|266\/394|[from] item: Leftovers
|
|switch|p1a: Manectric|Manectric, M|281\/281
|-damage|p1a: Manectric|246\/281|[from] Stealth Rock
|turn|5
|
|switch|p2a: Victoria|Serperior, F|353\/353
|-damage|p2a: Victoria|309\/353|[from] Stealth Rock
|detailschange|p1a: Manectric|Manectric-Mega, M
|-mega|p1a: Manectric|Manectric|Manectite
|-ability|p1a: Manectric|Intimidate|[of] p2a: Victoria
|-boost|p2a: Victoria|atk|1
|move|p1a: Manectric|Volt Switch|p2a: Victoria
|-crit|p2a: Victoria
|-resisted|p2a: Victoria
|-damage|p2a: Victoria|201\/353
|
|switch|p1a: Landorus-Therian|Landorus-Therian, M|320\/320
|-damage|p1a: Landorus-Therian|280\/320|[from] Stealth Rock
|-ability|p1a: Landorus-Therian|Intimidate|[of] p2a: Victoria
|-boost|p2a: Victoria|atk|1
|
|-weather|none
|turn|6
|c|âIodic|time to reveal leaf blade
|join|Alkov
|join|Tom Bus
|
|move|p1a: Landorus-Therian|U-turn|p2a: Victoria
|-supereffective|p2a: Victoria
|-damage|p2a: Victoria|25\/353
|
|switch|p1a: Bisharp|Bisharp, M|278\/278
|-damage|p1a: Bisharp|261\/278|[from] Stealth Rock
|move|p2a: Victoria|Reflect|p2a: Victoria
|-sidestart|p2: Iodic|Reflect
|
|turn|7
|
|move|p2a: Victoria|Light Screen|p2a: Victoria
|-sidestart|p2: Iodic|move: Light Screen
|move|p1a: Bisharp|Iron Head|p2a: Victoria
|-damage|p2a: Victoria|0 fnt
|-damage|p1a: Bisharp|234\/278|[from] item: Life Orb
|faint|p2a: Victoria
|
|
|switch|p2a: Diana|Lopunny, F, shiny|272\/272
|-damage|p2a: Diana|238\/272|[from] Stealth Rock
|turn|8
|
|detailschange|p2a: Diana|Lopunny-Mega, F, shiny
|-mega|p2a: Diana|Lopunny|Lopunnite
|move|p2a: Diana|Power-Up Punch|p1a: Bisharp
|-supereffective|p1a: Bisharp
|-damage|p1a: Bisharp|0 fnt
|-boost|p2a: Diana|atk|1
|faint|p1a: Bisharp
|
|
|switch|p1a: Landorus-Therian|Landorus-Therian, M|280\/320
|-damage|p1a: Landorus-Therian|240\/320|[from] Stealth Rock
|-ability|p1a: Landorus-Therian|Intimidate|[of] p2a: Diana
|-unboost|p2a: Diana|atk|1
|turn|9
|
|move|p1a: Landorus-Therian|U-turn|p2a: Diana
|-resisted|p2a: Diana
|-damage|p2a: Diana|216\/272
|
|switch|p1a: Manectric|Manectric-Mega, M|246\/281
|-damage|p1a: Manectric|211\/281|[from] Stealth Rock
|-ability|p1a: Manectric|Intimidate|[of] p2a: Diana
|-unboost|p2a: Diana|atk|1
|move|p2a: Diana|Power-Up Punch|p1a: Manectric
|-damage|p1a: Manectric|156\/281
|-boost|p2a: Diana|atk|1
|
|turn|10
|join|PISTOLERO
|c| Tom Bus|:]
|c| PISTOLERO|~
|
|move|p2a: Diana|Return|p1a: Manectric
|-damage|p1a: Manectric|0 fnt
|faint|p1a: Manectric
|
|
|switch|p1a: Landorus-Therian|Landorus-Therian, M|240\/320
|-damage|p1a: Landorus-Therian|200\/320|[from] Stealth Rock
|-ability|p1a: Landorus-Therian|Intimidate|[of] p2a: Diana
|-unboost|p2a: Diana|atk|1
|turn|11
|
|move|p1a: Landorus-Therian|Earthquake|p2a: Diana
|-damage|p2a: Diana|106\/272
|move|p2a: Diana|Return|p1a: Landorus-Therian
|-damage|p1a: Landorus-Therian|56\/320
|
|turn|12
|
|switch|p2a: Henry|Slowbro, M|394\/394
|-damage|p2a: Henry|345\/394|[from] Stealth Rock
|move|p1a: Landorus-Therian|Earthquake|p2a: Henry
|-crit|p2a: Henry
|-damage|p2a: Henry|152\/394
|
|-heal|p2a: Henry|176\/394|[from] item: Leftovers
|turn|13
|
|move|p1a: Landorus-Therian|Earthquake|p2a: Henry
|-damage|p2a: Henry|112\/394
|move|p2a: Henry|Slack Off|p2a: Henry
|-heal|p2a: Henry|309\/394
|
|-heal|p2a: Henry|333\/394|[from] item: Leftovers
|-sideend|p2: Iodic|Reflect
|turn|14
|
|move|p1a: Landorus-Therian|Earthquake|p2a: Henry
|-damage|p2a: Henry|185\/394
|move|p2a: Henry|Scald|p1a: Landorus-Therian
|-supereffective|p1a: Landorus-Therian
|-damage|p1a: Landorus-Therian|0 fnt
|faint|p1a: Landorus-Therian
|
|-heal|p2a: Henry|209\/394|[from] item: Leftovers
|-sideend|p2: Iodic|move: Light Screen
|
|switch|p1a: Azumarill|Azumarill, F|342\/342
|-damage|p1a: Azumarill|300\/342|[from] Stealth Rock
|turn|15
|join|DracoMaster Dab
|
|move|p1a: Azumarill|Belly Drum|p1a: Azumarill
|-damage|p1a: Azumarill|129\/342
|-setboost|p1a: Azumarill|atk|6|[from] move: Belly Drum
|-enditem|p1a: Azumarill|Sitrus Berry|[eat]
|-heal|p1a: Azumarill|214\/342|[from] item: Sitrus Berry
|move|p2a: Henry|Psychic|p1a: Azumarill
|-damage|p1a: Azumarill|90\/342
|
|-heal|p2a: Henry|233\/394|[from] item: Leftovers
|turn|16
|
|move|p1a: Azumarill|Knock Off|p2a: Henry
|-supereffective|p2a: Henry
|-damage|p2a: Henry|0 fnt
|-enditem|p2a: Henry|Leftovers|[from] move: Knock Off|[of] p1a: Azumarill
|faint|p2a: Henry
|
|
|switch|p2a: Caesar|Tyranitar, M|334\/404
|-damage|p2a: Caesar|284\/404|[from] Stealth Rock
|-weather|Sandstorm
|turn|17
|
|move|p1a: Azumarill|Aqua Jet|p2a: Caesar
|-supereffective|p2a: Caesar
|-damage|p2a: Caesar|0 fnt
|faint|p2a: Caesar
|
|-weather|Sandstorm|[upkeep]
|-damage|p1a: Azumarill|69\/342|[from] sandstorm
|leave|DracoMaster Dab
|
|switch|p2a: Diana|Lopunny-Mega, F, shiny|106\/272
|-damage|p2a: Diana|89\/272|[from] Stealth Rock
|turn|18
|join|PhobiaBB
|
|move|p2a: Diana|Fake Out|p1a: Azumarill
|-damage|p1a: Azumarill|0 fnt
|faint|p1a: Azumarill
|
|-weather|Sandstorm|[upkeep]
|-damage|p2a: Diana|72\/272|[from] sandstorm
|
|switch|p1a: Gengar|Gengar, M|262\/262
|-damage|p1a: Gengar|230\/262|[from] Stealth Rock
|turn|19
|c|âArcanine is Regal|fake out and pup
|c|âArcanine is Regal|wtf
|
|move|p2a: Diana|Return|p1a: Gengar
|-damage|p1a: Gengar|0 fnt
|faint|p1a: Gengar
|
|win|Iodic
|raw|Ladder updating...
|raw|Arcanine is Regal's rating: 1734 &rarr; <strong>1707<\/strong><br \/>(-27 for losing)
|raw|Iodic's rating: 1591 &rarr; <strong>1619<\/strong><br \/>(+28 for winning)
|c|âIodic|gg
|leave|Arcanine is Regal
|player|p1