|join|Arcanine is Regal
|join|AV Umbreon
|player|p1|Arcanine is Regal|126
|player|p2|AV Umbreon|181
|gametype|singles
|gen|6
|tier|OU
|rated
|clearpoke
|poke|p1|Scizor, F
|poke|p1|Raikou
|poke|p1|Azumarill, M
|poke|p1|Garchomp, F
|poke|p1|Latias, F
|poke|p1|Sylveon, M
|poke|p2|Lopunny, M
|poke|p2|Excadrill, F
|poke|p2|Keldeo-Resolute
|poke|p2|Heatran, M
|poke|p2|Celebi
|poke|p2|Skarmory, F
|rule|Swagger Clause: Swagger is banned
|rule|Baton Pass Clause: Limit one PokÃ©mon knowing Baton Pass
|rule|Sleep Clause Mod: Limit one foe put to sleep
|rule|Species Clause: Limit one of each PokÃ©mon
|rule|OHKO Clause: OHKO moves are banned
|rule|Moody Clause: Moody is banned
|rule|Evasion Moves Clause: Evasion moves are banned
|rule|Endless Battle Clause: Forcing endless battles is banned
|rule|HP Percentage Mod: HP is shown in percentages
|teampreview
|
|start
|switch|p1a: Scizor|Scizor, F|282\/282
|switch|p2a: Lopunny|Lopunny, M|271\/271
|turn|1
|
|detailschange|p2a: Lopunny|Lopunny-Mega, M
|-mega|p2a: Lopunny|Lopunny|Lopunnite
|detailschange|p1a: Scizor|Scizor-Mega, F
|-mega|p1a: Scizor|Scizor|Scizorite
|move|p2a: Lopunny|Fake Out|p1a: Scizor
|-resisted|p1a: Scizor
|-damage|p1a: Scizor|254\/282
|cant|p1a: Scizor|flinch
|
|turn|2
|
|switch|p2a: Skarmory|Skarmory, F|333\/333
|move|p1a: Scizor|Superpower|p2a: Skarmory
|-damage|p2a: Skarmory|234\/333
|-damage|p1a: Scizor|207\/282|[from] item: Rocky Helmet|[of] p2a: Skarmory
|-unboost|p1a: Scizor|atk|1
|-unboost|p1a: Scizor|def|1
|
|turn|3
|
|switch|p1a: Raikou|Raikou|321\/321
|-ability|p1a: Raikou|Pressure
|move|p2a: Skarmory|Spikes|p1a: Raikou
|-sidestart|p1: Arcanine is Regal|Spikes
|
|turn|4
|
|switch|p2a: Excadrill|Excadrill, F|362\/362
|-ability|p2a: Excadrill|Mold Breaker
|-item|p2a: Excadrill|Air Balloon
|move|p1a: Raikou|Thunderbolt|p2a: Excadrill
|-immune|p2a: Excadrill|[msg]
|
|turn|5
|
|switch|p1a: Garchomp|Garchomp, F|357\/357
|-damage|p1a: Garchomp|313\/357|[from] Spikes
|switch|p2a: Celebi|Celebi|404\/404
|
|turn|6
|
|move|p1a: Garchomp|Swords Dance|p1a: Garchomp
|-boost|p1a: Garchomp|atk|2
|move|p2a: Celebi|Baton Pass|p2a: Celebi
|
|switch|p2a: Lopunny|Lopunny-Mega, M|271\/271
|
|turn|7
|
|switch|p1a: Scizor|Scizor-Mega, F|207\/282
|-damage|p1a: Scizor|172\/282|[from] Spikes
|move|p2a: Lopunny|Fake Out|p1a: Scizor
|-resisted|p1a: Scizor
|-damage|p1a: Scizor|143\/282
|
|turn|8
|
|switch|p2a: Skarmory|Skarmory, F|234\/333
|move|p1a: Scizor|Swords Dance|p1a: Scizor
|-boost|p1a: Scizor|atk|2
|
|turn|9
|
|move|p1a: Scizor|Superpower|p2a: Skarmory
|-damage|p2a: Skarmory|39\/333
|-damage|p1a: Scizor|96\/282|[from] item: Rocky Helmet|[of] p2a: Skarmory
|-unboost|p1a: Scizor|atk|1
|-unboost|p1a: Scizor|def|1
|move|p2a: Skarmory|Spikes|p1a: Scizor
|-sidestart|p1: Arcanine is Regal|Spikes
|
|turn|10
|
|move|p1a: Scizor|Superpower|p2a: Skarmory
|-damage|p2a: Skarmory|0 fnt
|-damage|p1a: Scizor|49\/282|[from] item: Rocky Helmet|[of] p2a: Skarmory
|-unboost|p1a: Scizor|atk|1
|-unboost|p1a: Scizor|def|1
|faint|p2a: Skarmory
|
|
|switch|p2a: Lopunny|Lopunny-Mega, M|271\/271
|turn|11
|
|switch|p1a: Sylveon|Sylveon, M|389\/389
|-damage|p1a: Sylveon|325\/389|[from] Spikes
|move|p2a: Lopunny|Fake Out|p1a: Sylveon
|-damage|p1a: Sylveon|225\/389
|
|turn|12
|
|move|p2a: Lopunny|Frustration|p1a: Sylveon
|-damage|p1a: Sylveon|0 fnt
|faint|p1a: Sylveon
|
|
|switch|p1a: Azumarill|Azumarill, M|403\/403
|-damage|p1a: Azumarill|336\/403|[from] Spikes
|turn|13
|
|switch|p2a: Celebi|Celebi|404\/404
|move|p1a: Azumarill|Waterfall|p2a: Celebi
|-crit|p2a: Celebi
|-resisted|p2a: Celebi
|-damage|p2a: Celebi|204\/404
|
|-heal|p2a: Celebi|229\/404|[from] item: Leftovers
|turn|14
|
|switch|p1a: Latias|Latias, F|301\/301
|move|p2a: Celebi|Giga Drain|p1a: Latias
|-resisted|p1a: Latias
|-damage|p1a: Latias|265\/301
|-heal|p2a: Celebi|247\/404|[from] drain|[of] p1a: Latias
|
|-heal|p2a: Celebi|272\/404|[from] item: Leftovers
|turn|15
|
|move|p1a: Latias|Defog|p2a: Celebi
|-unboost|p2a: Celebi|evasion|1
|-sideend|p1: Arcanine is Regal|Spikes|[from] move: Defog|[of] p1a: Latias
|move|p2a: Celebi|Baton Pass|p2a: Celebi
|
|switch|p2a: Heatran|Heatran, M|386\/386
|
|turn|16
|
|switch|p1a: Azumarill|Azumarill, M|336\/403
|move|p2a: Heatran|Stealth Rock|p1a: Azumarill
|-sidestart|p1: Arcanine is Regal|move: Stealth Rock
|
|turn|17
|
|move|p2a: Heatran|Protect|p2a: Heatran
|-singleturn|p2a: Heatran|Protect
|move|p1a: Azumarill|Play Rough|p2a: Heatran
|-activate|p2a: Heatran|Protect
|
|turn|18
|
|move|p2a: Heatran|Lava Plume|p1a: Azumarill
|-resisted|p1a: Azumarill
|-damage|p1a: Azumarill|266\/403
|-status|p1a: Azumarill|brn
|move|p1a: Azumarill|Play Rough|p2a: Heatran
|-resisted|p2a: Heatran
|-damage|p2a: Heatran|351\/386
|
|-heal|p2a: Heatran|375\/386|[from] item: Leftovers
|-damage|p1a: Azumarill|216\/403 brn|[from] brn
|turn|19
|c|âArcanine is Regal|must be nice to just get lucky all the time
|c|âAV Umbreon|all the time?
|c|âAV Umbreon|like once
|
|switch|p1a: Garchomp|Garchomp, F|313\/357
|-damage|p1a: Garchomp|291\/357|[from] Stealth Rock
|move|p2a: Heatran|Lava Plume|p1a: Garchomp
|-resisted|p1a: Garchomp
|-damage|p1a: Garchomp|224\/357
|
|-heal|p2a: Heatran|386\/386|[from] item: Leftovers
|turn|20
|
|switch|p2a: Excadrill|Excadrill, F|362\/362
|-ability|p2a: Excadrill|Mold Breaker
|-item|p2a: Excadrill|Air Balloon
|move|p1a: Garchomp|Dragon Claw|p2a: Excadrill
|-resisted|p2a: Excadrill
|-damage|p2a: Excadrill|245\/362
|-enditem|p2a: Excadrill|Air Balloon
|
|turn|21
|
|move|p1a: Garchomp|Earthquake|p2a: Excadrill
|-supereffective|p2a: Excadrill
|-damage|p2a: Excadrill|0 fnt
|faint|p2a: Excadrill
|
|
|switch|p2a: Keldeo-Resolute|Keldeo-Resolute|323\/323
|turn|22
|
|move|p2a: Keldeo-Resolute|Icy Wind|p1a: Garchomp
|-supereffective|p1a: Garchomp
|-damage|p1a: Garchomp|0 fnt
|faint|p1a: Garchomp
|
|
|switch|p1a: Latias|Latias, F|265\/301
|-damage|p1a: Latias|228\/301|[from] Stealth Rock
|turn|23
|
|switch|p2a: Heatran|Heatran, M|386\/386
|move|p1a: Latias|Healing Wish|p1a: Latias
|faint|p1a: Latias
|
|
|switch|p1a: Scizor|Scizor-Mega, F|49\/282
|-heal|p1a: Scizor|282\/282|[from] move: Healing Wish
|-damage|p1a: Scizor|247\/282|[from] Stealth Rock
|turn|24
|
|switch|p1a: Azumarill|Azumarill, M|216\/403 brn
|-damage|p1a: Azumarill|166\/403 brn|[from] Stealth Rock
|move|p2a: Heatran|Lava Plume|p1a: Azumarill
|-resisted|p1a: Azumarill
|-damage|p1a: Azumarill|94\/403 brn
|
|-damage|p1a: Azumarill|44\/403 brn|[from] brn
|turn|25
|
|move|p2a: Heatran|Protect|p2a: Heatran
|-singleturn|p2a: Heatran|Protect
|move|p1a: Azumarill|Play Rough|p2a: Heatran
|-activate|p2a: Heatran|Protect
|
|-damage|p1a: Azumarill|0 fnt|[from] brn
|faint|p1a: Azumarill
|
|switch|p1a: Raikou|Raikou|321\/321
|-damage|p1a: Raikou|281\/321|[from] Stealth Rock
|-ability|p1a: Raikou|Pressure
|turn|26
|
|move|p1a: Raikou|Calm Mind|p1a: Raikou
|-boost|p1a: Raikou|spa|1
|-boost|p1a: Raikou|spd|1
|move|p2a: Heatran|Lava Plume|p1a: Raikou
|-damage|p1a: Raikou|205\/321
|-status|p1a: Raikou|brn
|
|-heal|p1a: Raikou|225\/321 brn|[from] item: Leftovers
|-damage|p1a: Raikou|185\/321 brn|[from] brn
|turn|27
|c|âArcanine is Regal|yeah you are a lucky joke lol
|c|âArcanine is Regal|haxed all game
|leave|Arcanine is Regal
|player|p1
|-message|arcanineisregal lost due to inactivity.
|
|win|AV Umbreon
|raw|Ladder updating...
|raw|Arcanine is Regal's rating: 1603 &rarr; <strong>1575<\/strong><br \/>(-28 for losing)
|raw|AV Umbreon's rating: 1472 &rarr; <strong>1499<\/strong><br \/>(+27 for winning)