|join|Arcanine is Regal
|join|T troleo
|player|p1|Arcanine is Regal|126
|player|p2|T troleo|1
|gametype|singles
|gen|6
|tier|OU
|rated
|clearpoke
|poke|p1|Bisharp, M
|poke|p1|Gengar, M
|poke|p1|Manectric, F
|poke|p1|Landorus-Therian, M
|poke|p1|Mamoswine, F
|poke|p1|Azumarill, M
|poke|p2|Crobat, F
|poke|p2|Garchomp, F
|poke|p2|Metagross
|poke|p2|Bisharp, M
|poke|p2|Thundurus-Therian, M
|poke|p2|Azumarill, M
|rule|Swagger Clause: Swagger is banned
|rule|Baton Pass Clause: Limit one PokÃ©mon knowing Baton Pass
|rule|Sleep Clause Mod: Limit one foe put to sleep
|rule|Species Clause: Limit one of each PokÃ©mon
|rule|OHKO Clause: OHKO moves are banned
|rule|Moody Clause: Moody is banned
|rule|Evasion Moves Clause: Evasion moves are banned
|rule|Endless Battle Clause: Forcing endless battles is banned
|rule|HP Percentage Mod: HP is shown in percentages
|teampreview
|
|start
|switch|p1a: Mamoswine|Mamoswine, F|381\/381
|switch|p2a: Garchomp|Garchomp, F|357\/357
|turn|1
|
|switch|p2a: Crobat|Crobat, F|311\/311
|move|p1a: Mamoswine|Icicle Spear|p2a: Crobat
|-supereffective|p2a: Crobat
|-damage|p2a: Crobat|197\/311
|-supereffective|p2a: Crobat
|-damage|p2a: Crobat|95\/311
|-supereffective|p2a: Crobat
|-damage|p2a: Crobat|0 fnt
|-hitcount|p2a: Crobat|3
|faint|p2a: Crobat
|
|
|switch|p2a: Azumarill|Azumarill, M|403\/403
|turn|2
|
|move|p1a: Mamoswine|Stealth Rock|p2a: Azumarill
|-sidestart|p2: T troleo|move: Stealth Rock
|move|p2a: Azumarill|Knock Off|p1a: Mamoswine
|-damage|p1a: Mamoswine|224\/381
|-enditem|p1a: Mamoswine|Focus Sash|[from] move: Knock Off|[of] p2a: Azumarill
|
|turn|3
|
|move|p2a: Azumarill|Aqua Jet|p1a: Mamoswine
|-supereffective|p1a: Mamoswine
|-damage|p1a: Mamoswine|0 fnt
|faint|p1a: Mamoswine
|
|
|switch|p1a: Manectric|Manectric, F|281\/281
|turn|4
|
|switch|p2a: Garchomp|Garchomp, F|357\/357
|-damage|p2a: Garchomp|335\/357|[from] Stealth Rock
|detailschange|p1a: Manectric|Manectric-Mega, F
|-mega|p1a: Manectric|Manectric|Manectite
|-ability|p1a: Manectric|Intimidate|[of] p2a: Garchomp
|-unboost|p2a: Garchomp|atk|1
|move|p1a: Manectric|Volt Switch|p2a: Garchomp
|-immune|p2a: Garchomp|[msg]
|
|turn|5
|
|switch|p2a: Bisharp|Bisharp, M|271\/271
|-damage|p2a: Bisharp|255\/271|[from] Stealth Rock
|move|p1a: Manectric|Hidden Power|p2a: Bisharp
|-resisted|p2a: Bisharp
|-damage|p2a: Bisharp|204\/271
|
|turn|6
|
|move|p2a: Bisharp|Sucker Punch|p1a: Manectric
|-damage|p1a: Manectric|109\/281
|move|p1a: Manectric|Flamethrower|p2a: Bisharp
|-supereffective|p2a: Bisharp
|-damage|p2a: Bisharp|0 fnt
|faint|p2a: Bisharp
|
|
|switch|p2a: Azumarill|Azumarill, M|403\/403
|-damage|p2a: Azumarill|353\/403|[from] Stealth Rock
|turn|7
|
|move|p2a: Azumarill|Aqua Jet|p1a: Manectric
|-damage|p1a: Manectric|1\/281
|move|p1a: Manectric|Volt Switch|p2a: Azumarill
|-supereffective|p2a: Azumarill
|-damage|p2a: Azumarill|135\/403
|
|switch|p1a: Gengar|Gengar, M|262\/262
|
|turn|8
|
|move|p1a: Gengar|Shadow Ball|p2a: Azumarill
|-damage|p2a: Azumarill|0 fnt
|-damage|p1a: Gengar|236\/262|[from] item: Life Orb
|faint|p2a: Azumarill
|
|
|switch|p2a: Thundurus-Therian|Thundurus-Therian, M|299\/299
|-damage|p2a: Thundurus-Therian|225\/299|[from] Stealth Rock
|turn|9
|
|move|p1a: Gengar|Shadow Ball|p2a: Thundurus-Therian
|-damage|p2a: Thundurus-Therian|13\/299
|-damage|p1a: Gengar|210\/262|[from] item: Life Orb
|move|p2a: Thundurus-Therian|Thunderbolt|p1a: Gengar
|-damage|p1a: Gengar|6\/262
|
|turn|10
|
|move|p1a: Gengar|Shadow Ball|p2a: Thundurus-Therian
|-damage|p2a: Thundurus-Therian|0 fnt
|-damage|p1a: Gengar|0 fnt|[from] item: Life Orb
|faint|p2a: Thundurus-Therian
|faint|p1a: Gengar
|
|
|switch|p1a: Manectric|Manectric-Mega, F|1\/281
|switch|p2a: Metagross|Metagross|301\/301
|-ability|p1a: Manectric|Intimidate|[of] p2a: Metagross
|-fail|p2a: Metagross|unboost|[from] ability: Clear Body|[of] p2a: Metagross
|-damage|p2a: Metagross|283\/301|[from] Stealth Rock
|turn|11
|
|detailschange|p2a: Metagross|Metagross-Mega
|-mega|p2a: Metagross|Metagross|Metagrossite
|move|p2a: Metagross|Bullet Punch|p1a: Manectric
|-crit|p1a: Manectric
|-resisted|p1a: Manectric
|-damage|p1a: Manectric|0 fnt
|faint|p1a: Manectric
|
|
|switch|p1a: Landorus-Therian|Landorus-Therian, M|320\/320
|-ability|p1a: Landorus-Therian|Intimidate|[of] p2a: Metagross
|-unboost|p2a: Metagross|atk|1
|turn|12
|join|habajiga
|
|move|p1a: Landorus-Therian|Earthquake|p2a: Metagross
|-supereffective|p2a: Metagross
|-damage|p2a: Metagross|19\/301
|move|p2a: Metagross|Ice Punch|p1a: Landorus-Therian
|-supereffective|p1a: Landorus-Therian
|-damage|p1a: Landorus-Therian|0 fnt
|faint|p1a: Landorus-Therian
|
|
|switch|p1a: Azumarill|Azumarill, M|342\/342
|turn|13
|
|move|p2a: Metagross|Bullet Punch|p1a: Azumarill
|-damage|p1a: Azumarill|257\/342
|move|p1a: Azumarill|Aqua Jet|p2a: Metagross
|-damage|p2a: Metagross|0 fnt
|faint|p2a: Metagross
|
|
|switch|p2a: Garchomp|Garchomp, F|335\/357
|-damage|p2a: Garchomp|313\/357|[from] Stealth Rock
|turn|14
|c|âT troleo|gg
|
|move|p2a: Garchomp|Earthquake|p1a: Azumarill
|-damage|p1a: Azumarill|58\/342
|-enditem|p1a: Azumarill|Sitrus Berry|[eat]
|-heal|p1a: Azumarill|143\/342|[from] item: Sitrus Berry
|move|p1a: Azumarill|Play Rough|p2a: Garchomp
|-supereffective|p2a: Garchomp
|-damage|p2a: Garchomp|0 fnt
|-damage|p1a: Azumarill|101\/342|[from] ability: Rough Skin|[of] p2a: Garchomp
|faint|p2a: Garchomp
|
|win|Arcanine is Regal
|raw|Ladder updating...
|raw|Arcanine is Regal's rating: 1675 &rarr; <strong>1685<\/strong><br \/>(+10 for winning)
|raw|T troleo's rating: 1484 &rarr; <strong>1474<\/strong><br \/>(-10 for losing)
|leave|Arcanine is Regal
|player|p1
|leave|T troleo
|player|p2
|join|Arcanine is Regal