|join|Invok3r
|join|Arcanine is Regal
|player|p1|Invok3r|250
|player|p2|Arcanine is Regal|126
|gametype|singles
|gen|6
|tier|OU
|rated
|clearpoke
|poke|p1|Landorus, M
|poke|p1|Garchomp, M
|poke|p1|Scizor, M
|poke|p1|Azumarill, M
|poke|p1|Gengar, M
|poke|p1|Keldeo
|poke|p2|Arcanine, M
|poke|p2|Altaria, F
|poke|p2|Jirachi, shiny
|poke|p2|Landorus-Therian, M
|poke|p2|Tentacruel, M
|poke|p2|Clefable, M
|rule|Swagger Clause: Swagger is banned
|rule|Baton Pass Clause: Limit one PokÃ©mon knowing Baton Pass
|rule|Sleep Clause Mod: Limit one foe put to sleep
|rule|Species Clause: Limit one of each PokÃ©mon
|rule|OHKO Clause: OHKO moves are banned
|rule|Moody Clause: Moody is banned
|rule|Evasion Moves Clause: Evasion moves are banned
|rule|Endless Battle Clause: Forcing endless battles is banned
|rule|HP Percentage Mod: HP is shown in percentages
|teampreview
|
|start
|switch|p1a: Garchomp|Garchomp, M|357\/357
|switch|p2a: Landorus-Therian|Landorus-Therian, M|381\/381
|-ability|p2a: Landorus-Therian|Intimidate|[of] p1a: Garchomp
|-unboost|p1a: Garchomp|atk|1
|turn|1
|
|move|p1a: Garchomp|Stealth Rock|p2a: Landorus-Therian
|-sidestart|p2: Arcanine is Regal|move: Stealth Rock
|move|p2a: Landorus-Therian|Stealth Rock|p1a: Garchomp
|-sidestart|p1: Invok3r|move: Stealth Rock
|
|turn|2
|
|move|p1a: Garchomp|Swords Dance|p1a: Garchomp
|-boost|p1a: Garchomp|atk|2
|move|p2a: Landorus-Therian|Earthquake|p1a: Garchomp
|-damage|p1a: Garchomp|177\/357
|
|turn|3
|
|switch|p2a: Clefable|Clefable, M|394\/394
|move|p1a: Garchomp|Dragon Claw|p2a: Clefable
|-immune|p2a: Clefable|[msg]
|
|turn|4
|
|move|p1a: Garchomp|Earthquake|p2a: Clefable
|-damage|p2a: Clefable|168\/394
|move|p2a: Clefable|Moonblast|p1a: Garchomp
|-supereffective|p1a: Garchomp
|-damage|p1a: Garchomp|0 fnt
|faint|p1a: Garchomp
|
|-heal|p2a: Clefable|192\/394|[from] item: Leftovers
|
|switch|p1a: Gengar|Gengar, M|261\/261
|-damage|p1a: Gengar|229\/261|[from] Stealth Rock
|turn|5
|
|switch|p2a: Tentacruel|Tentacruel, M|364\/364
|-damage|p2a: Tentacruel|319\/364|[from] Stealth Rock
|move|p1a: Gengar|Shadow Ball|p2a: Tentacruel
|-damage|p2a: Tentacruel|201\/364
|-unboost|p2a: Tentacruel|spd|1
|-damage|p1a: Gengar|203\/261|[from] item: Life Orb
|
|-heal|p2a: Tentacruel|223\/364|[from] item: Black Sludge
|turn|6
|
|move|p1a: Gengar|Shadow Ball|p2a: Tentacruel
|-damage|p2a: Tentacruel|35\/364
|-damage|p1a: Gengar|177\/261|[from] item: Life Orb
|move|p2a: Tentacruel|Toxic Spikes|p1a: Gengar
|-sidestart|p1: Invok3r|move: Toxic Spikes
|
|-heal|p2a: Tentacruel|57\/364|[from] item: Black Sludge
|turn|7
|
|move|p1a: Gengar|Shadow Ball|p2a: Tentacruel
|-crit|p2a: Tentacruel
|-damage|p2a: Tentacruel|0 fnt
|-damage|p1a: Gengar|151\/261|[from] item: Life Orb
|faint|p2a: Tentacruel
|
|
|switch|p2a: Landorus-Therian|Landorus-Therian, M|381\/381
|-damage|p2a: Landorus-Therian|334\/381|[from] Stealth Rock
|-ability|p2a: Landorus-Therian|Intimidate|[of] p1a: Gengar
|-unboost|p1a: Gengar|atk|1
|turn|8
|
|switch|p1a: Scizor|Scizor, M|281\/281
|-damage|p1a: Scizor|246\/281|[from] Stealth Rock
|move|p2a: Landorus-Therian|Knock Off|p1a: Scizor
|-damage|p1a: Scizor|169\/281
|
|-heal|p2a: Landorus-Therian|357\/381|[from] item: Leftovers
|turn|9
|
|switch|p2a: Wayward Son|Arcanine, M|383\/383
|-damage|p2a: Wayward Son|288\/383|[from] Stealth Rock
|-ability|p2a: Wayward Son|Intimidate|[of] p1a: Scizor
|-unboost|p1a: Scizor|atk|1
|detailschange|p1a: Scizor|Scizor-Mega, M
|-mega|p1a: Scizor|Scizor|Scizorite
|move|p1a: Scizor|Superpower|p2a: Wayward Son
|-damage|p2a: Wayward Son|189\/383
|-damage|p1a: Scizor|123\/281|[from] item: Rocky Helmet|[of] p2a: Wayward Son
|-unboost|p1a: Scizor|atk|1
|-unboost|p1a: Scizor|def|1
|
|turn|10
|
|switch|p1a: Keldeo|Keldeo|323\/323
|-status|p1a: Keldeo|psn
|-damage|p1a: Keldeo|303\/323 psn|[from] Stealth Rock
|move|p2a: Wayward Son|Morning Sun|p2a: Wayward Son
|-heal|p2a: Wayward Son|380\/383
|
|-damage|p1a: Keldeo|263\/323 psn|[from] psn
|turn|11
|
|switch|p1a: Landorus|Landorus, M|319\/319
|-damage|p1a: Landorus|280\/319|[from] Stealth Rock
|switch|p2a: Clefable|Clefable, M|192\/394
|
|-heal|p2a: Clefable|216\/394|[from] item: Leftovers
|turn|12
|
|move|p1a: Landorus|Psychic|p2a: Clefable
|-crit|p2a: Clefable
|-damage|p2a: Clefable|0 fnt
|faint|p2a: Clefable
|
|
|switch|p2a: Landorus-Therian|Landorus-Therian, M|357\/381
|-damage|p2a: Landorus-Therian|310\/381|[from] Stealth Rock
|-ability|p2a: Landorus-Therian|Intimidate|[of] p1a: Landorus
|-unboost|p1a: Landorus|atk|1
|turn|13
|
|switch|p1a: Scizor|Scizor-Mega, M|123\/281
|-damage|p1a: Scizor|88\/281|[from] Stealth Rock
|move|p2a: Landorus-Therian|Knock Off|p1a: Scizor
|-damage|p1a: Scizor|39\/281
|
|-heal|p2a: Landorus-Therian|333\/381|[from] item: Leftovers
|turn|14
|
|move|p1a: Scizor|Bullet Punch|p2a: Landorus-Therian
|-damage|p2a: Landorus-Therian|233\/381
|move|p2a: Landorus-Therian|Earthquake|p1a: Scizor
|-damage|p1a: Scizor|0 fnt
|faint|p1a: Scizor
|
|-heal|p2a: Landorus-Therian|256\/381|[from] item: Leftovers
|
|switch|p1a: Keldeo|Keldeo|263\/323 psn
|-damage|p1a: Keldeo|243\/323 psn|[from] Stealth Rock
|turn|15
|
|switch|p2a: Jirachi|Jirachi, shiny|404\/404
|-damage|p2a: Jirachi|379\/404|[from] Stealth Rock
|move|p1a: Keldeo|Scald|p2a: Jirachi
|-damage|p2a: Jirachi|265\/404
|
|-heal|p2a: Jirachi|290\/404|[from] item: Leftovers
|-damage|p1a: Keldeo|203\/323 psn|[from] psn
|turn|16
|
|move|p1a: Keldeo|Scald|p2a: Jirachi
|-damage|p2a: Jirachi|176\/404
|-status|p2a: Jirachi|brn
|move|p2a: Jirachi|Wish|p2a: Jirachi
|
|-heal|p2a: Jirachi|201\/404 brn|[from] item: Leftovers
|-damage|p1a: Keldeo|163\/323 psn|[from] psn
|-damage|p2a: Jirachi|151\/404 brn|[from] brn
|turn|17
|
|switch|p1a: Landorus|Landorus, M|280\/319
|-damage|p1a: Landorus|241\/319|[from] Stealth Rock
|move|p2a: Jirachi|Body Slam|p1a: Landorus
|-damage|p1a: Landorus|207\/319
|-status|p1a: Landorus|par
|
|-heal|p2a: Jirachi|353\/404 brn|[from] move: Wish|[wisher] Jirachi
|-heal|p2a: Jirachi|378\/404 brn|[from] item: Leftovers
|-damage|p2a: Jirachi|328\/404 brn|[from] brn
|turn|18
|
|move|p2a: Jirachi|Iron Head|p1a: Landorus
|-damage|p1a: Landorus|155\/319 par
|cant|p1a: Landorus|flinch
|
|-heal|p2a: Jirachi|353\/404 brn|[from] item: Leftovers
|-damage|p2a: Jirachi|303\/404 brn|[from] brn
|turn|19
|
|move|p2a: Jirachi|Iron Head|p1a: Landorus
|-crit|p1a: Landorus
|-damage|p1a: Landorus|74\/319 par
|cant|p1a: Landorus|par
|
|-heal|p2a: Jirachi|328\/404 brn|[from] item: Leftovers
|-damage|p2a: Jirachi|278\/404 brn|[from] brn
|turn|20
|
|move|p2a: Jirachi|Iron Head|p1a: Landorus
|-damage|p1a: Landorus|20\/319 par
|move|p1a: Landorus|Earth Power|p2a: Jirachi
|-supereffective|p2a: Jirachi
|-damage|p2a: Jirachi|0 fnt
|faint|p2a: Jirachi
|
|
|switch|p2a: Altaria|Altaria, F|291\/291
|-damage|p2a: Altaria|219\/291|[from] Stealth Rock
|turn|21
|
|move|p2a: Altaria|Dragon Dance|p2a: Altaria
|-boost|p2a: Altaria|atk|1
|-boost|p2a: Altaria|spe|1
|move|p1a: Landorus|Psychic|p2a: Altaria
|-damage|p2a: Altaria|64\/291
|
|turn|22
|
|detailschange|p2a: Altaria|Altaria-Mega, F
|-mega|p2a: Altaria|Altaria|Altarianite
|move|p2a: Altaria|Roost|p2a: Altaria
|-heal|p2a: Altaria|210\/291
|cant|p1a: Landorus|par
|
|turn|23
|
|move|p2a: Altaria|Dragon Dance|p2a: Altaria
|-boost|p2a: Altaria|atk|1
|-boost|p2a: Altaria|spe|1
|move|p1a: Landorus|Earth Power|p2a: Altaria
|-damage|p2a: Altaria|0 fnt
|faint|p2a: Altaria
|
|
|switch|p2a: Wayward Son|Arcanine, M|380\/383
|-damage|p2a: Wayward Son|285\/383|[from] Stealth Rock
|-ability|p2a: Wayward Son|Intimidate|[of] p1a: Landorus
|-unboost|p1a: Landorus|atk|1
|turn|24
|
|move|p2a: Wayward Son|Extreme Speed|p1a: Landorus
|-damage|p1a: Landorus|0 fnt
|faint|p1a: Landorus
|
|
|switch|p1a: Keldeo|Keldeo|163\/323 psn
|-damage|p1a: Keldeo|143\/323 psn|[from] Stealth Rock
|turn|25
|
|move|p2a: Wayward Son|Extreme Speed|p1a: Keldeo
|-damage|p1a: Keldeo|71\/323 psn
|move|p1a: Keldeo|Scald|p2a: Wayward Son
|-supereffective|p2a: Wayward Son
|-damage|p2a: Wayward Son|0 fnt
|faint|p2a: Wayward Son
|
|-damage|p1a: Keldeo|31\/323 psn|[from] psn
|
|switch|p2a: Landorus-Therian|Landorus-Therian, M|256\/381
|-damage|p2a: Landorus-Therian|209\/381|[from] Stealth Rock
|-ability|p2a: Landorus-Therian|Intimidate|[of] p1a: Keldeo
|-unboost|p1a: Keldeo|atk|1
|turn|26
|
|move|p1a: Keldeo|Scald|p2a: Landorus-Therian
|-crit|p2a: Landorus-Therian
|-supereffective|p2a: Landorus-Therian
|-damage|p2a: Landorus-Therian|0 fnt
|faint|p2a: Landorus-Therian
|
|win|Invok3r
|raw|Ladder updating...
|raw|Invok3r's rating: 1686 &rarr; <strong>1704<\/strong><br \/>(+18 for winning)
|raw|Arcanine is Regal's rating: 1647 &rarr; <strong>1630<\/strong><br \/>(-17 for losing)
|leave|Invok3r
|player|p1
|join|Invok3r