|join|Arcanine is Regal
|join|P. ID 10
|player|p1|Arcanine is Regal|126
|player|p2|P. ID 10|92
|gametype|singles
|gen|6
|tier|OU
|rated
|clearpoke
|poke|p1|Arcanine, M
|poke|p1|Tangela, M
|poke|p1|Quagsire, M
|poke|p1|Clefable, F
|poke|p1|Excadrill, M
|poke|p1|Mandibuzz, F
|poke|p2|Metagross
|poke|p2|Kyurem-Black
|poke|p2|Dragonite, M
|poke|p2|Heatran, F
|poke|p2|Mew
|poke|p2|Keldeo
|rule|Swagger Clause: Swagger is banned
|rule|Baton Pass Clause: Limit one PokÃ©mon knowing Baton Pass
|rule|Sleep Clause Mod: Limit one foe put to sleep
|rule|Species Clause: Limit one of each PokÃ©mon
|rule|OHKO Clause: OHKO moves are banned
|rule|Moody Clause: Moody is banned
|rule|Evasion Moves Clause: Evasion moves are banned
|rule|Endless Battle Clause: Forcing endless battles is banned
|rule|HP Percentage Mod: HP is shown in percentages
|teampreview
|
|start
|switch|p1a: Excadrill|Excadrill, M|424\/424
|switch|p2a: Kyurem-Black|Kyurem-Black|391\/391
|-ability|p2a: Kyurem-Black|Teravolt
|-ability|p1a: Excadrill|Mold Breaker
|turn|1
|join|Legolax909
|
|switch|p2a: Mew|Mew|399\/399
|move|p1a: Excadrill|Iron Head|p2a: Mew
|-damage|p2a: Mew|317\/399
|
|-heal|p2a: Mew|341\/399|[from] item: Leftovers
|turn|2
|
|switch|p2a: Keldeo|Keldeo|323\/323
|move|p1a: Excadrill|Toxic|p2a: Keldeo
|-status|p2a: Keldeo|tox
|
|-damage|p2a: Keldeo|303\/323 tox|[from] psn
|turn|3
|
|switch|p1a: Clefable|Clefable, F|394\/394
|move|p2a: Keldeo|Hydro Pump|p1a: Clefable
|-damage|p1a: Clefable|163\/394
|
|-heal|p1a: Clefable|187\/394|[from] item: Leftovers
|-damage|p2a: Keldeo|263\/323 tox|[from] psn
|turn|4
|
|move|p1a: Clefable|Protect|p1a: Clefable
|-singleturn|p1a: Clefable|Protect
|move|p2a: Keldeo|Hydro Pump|p1a: Clefable
|-activate|p1a: Clefable|Protect
|
|-heal|p1a: Clefable|211\/394|[from] item: Leftovers
|-damage|p2a: Keldeo|203\/323 tox|[from] psn
|turn|5
|
|switch|p1a: Tangela|Tangela, M|333\/333
|move|p2a: Keldeo|Hydro Pump|p1a: Tangela
|-resisted|p1a: Tangela
|-damage|p1a: Tangela|102\/333
|
|-damage|p2a: Keldeo|123\/323 tox|[from] psn
|turn|6
|
|switch|p2a: Kyurem-Black|Kyurem-Black|391\/391
|-ability|p2a: Kyurem-Black|Teravolt
|switch|p1a: Clefable|Clefable, F|211\/394
|
|-heal|p1a: Clefable|235\/394|[from] item: Leftovers
|turn|7
|
|switch|p2a: Heatran|Heatran, F|334\/334
|move|p1a: Clefable|Moonblast|p2a: Heatran
|-resisted|p2a: Heatran
|-damage|p2a: Heatran|316\/334
|-unboost|p2a: Heatran|spa|1
|
|-heal|p2a: Heatran|334\/334|[from] item: Leftovers
|-heal|p1a: Clefable|259\/394|[from] item: Leftovers
|turn|8
|
|switch|p1a: Excadrill|Excadrill, M|424\/424
|-ability|p1a: Excadrill|Mold Breaker
|move|p2a: Heatran|Stealth Rock|p1a: Excadrill
|-sidestart|p1: Arcanine is Regal|move: Stealth Rock
|
|turn|9
|
|switch|p2a: Mew|Mew|341\/399
|move|p1a: Excadrill|Rapid Spin|p2a: Mew
|-damage|p2a: Mew|327\/399
|-sideend|p1: Arcanine is Regal|Stealth Rock|[from] move: Rapid Spin|[of] p1a: Excadrill
|
|-heal|p2a: Mew|351\/399|[from] item: Leftovers
|turn|10
|
|move|p2a: Mew|Will-O-Wisp|p1a: Excadrill|[miss]
|-miss|p2a: Mew|p1a: Excadrill
|move|p1a: Excadrill|Toxic|p2a: Mew
|-status|p2a: Mew|tox
|
|-heal|p2a: Mew|375\/399 tox|[from] item: Leftovers
|-damage|p2a: Mew|351\/399 tox|[from] psn
|turn|11
|
|switch|p2a: Kyurem-Black|Kyurem-Black|391\/391
|-ability|p2a: Kyurem-Black|Teravolt
|switch|p1a: Arcanine|Arcanine, M|383\/383
|-ability|p1a: Arcanine|Intimidate|[of] p2a: Kyurem-Black
|-unboost|p2a: Kyurem-Black|atk|1
|
|turn|12
|
|switch|p1a: Clefable|Clefable, F|259\/394
|move|p2a: Kyurem-Black|Earth Power|p1a: Clefable
|-damage|p1a: Clefable|159\/394
|-damage|p2a: Kyurem-Black|352\/391|[from] item: Life Orb
|
|-heal|p1a: Clefable|183\/394|[from] item: Leftovers
|turn|13
|
|switch|p2a: Metagross|Metagross|301\/301
|move|p1a: Clefable|Wish|p1a: Clefable
|
|-heal|p1a: Clefable|207\/394|[from] item: Leftovers
|turn|14
|
|detailschange|p2a: Metagross|Metagross-Mega
|-mega|p2a: Metagross|Metagross|Metagrossite
|move|p1a: Clefable|Protect|p1a: Clefable
|-singleturn|p1a: Clefable|Protect
|move|p2a: Metagross|Meteor Mash|p1a: Clefable
|-activate|p1a: Clefable|Protect
|
|-heal|p1a: Clefable|394\/394|[from] move: Wish|[wisher] Clefable
|turn|15
|
|switch|p1a: Arcanine|Arcanine, M|383\/383
|-ability|p1a: Arcanine|Intimidate|[of] p2a: Metagross
|-unboost|p2a: Metagross|atk|1
|move|p2a: Metagross|Meteor Mash|p1a: Arcanine
|-resisted|p1a: Arcanine
|-damage|p1a: Arcanine|323\/383
|-damage|p2a: Metagross|251\/301|[from] item: Rocky Helmet|[of] p1a: Arcanine
|-boost|p2a: Metagross|atk|1
|
|turn|16
|
|switch|p2a: Heatran|Heatran, F|334\/334
|switch|p1a: Excadrill|Excadrill, M|424\/424
|-ability|p1a: Excadrill|Mold Breaker
|
|turn|17
|
|switch|p2a: Dragonite|Dragonite, M|323\/323
|move|p1a: Excadrill|Earthquake|p2a: Dragonite
|-immune|p2a: Dragonite|[msg]
|
|turn|18
|
|switch|p1a: Tangela|Tangela, M|213\/333
|move|p2a: Dragonite|Outrage|p1a: Tangela
|-damage|p1a: Tangela|42\/333
|
|turn|19
|
|switch|p1a: Arcanine|Arcanine, M|323\/383
|-ability|p1a: Arcanine|Intimidate|[of] p2a: Dragonite
|-unboost|p2a: Dragonite|atk|1
|move|p2a: Dragonite|Outrage|p1a: Arcanine
|-damage|p1a: Arcanine|136\/383
|-damage|p2a: Dragonite|270\/323|[from] item: Rocky Helmet|[of] p1a: Arcanine
|
|-end|p2a: Dragonite|rampage
|-start|p2a: Dragonite|confusion
|turn|20
|
|switch|p2a: Heatran|Heatran, F|334\/334
|move|p1a: Arcanine|Morning Sun|p1a: Arcanine
|-heal|p1a: Arcanine|327\/383
|
|turn|21
|
|switch|p1a: Excadrill|Excadrill, M|424\/424
|-ability|p1a: Excadrill|Mold Breaker
|move|p2a: Heatran|Stealth Rock|p1a: Excadrill
|-sidestart|p1: Arcanine is Regal|move: Stealth Rock
|
|turn|22
|
|move|p2a: Heatran|Lava Plume|p1a: Excadrill
|-supereffective|p1a: Excadrill
|-damage|p1a: Excadrill|184\/424
|move|p1a: Excadrill|Earthquake|p2a: Heatran
|-supereffective|p2a: Heatran
|-damage|p2a: Heatran|0 fnt
|faint|p2a: Heatran
|
|-heal|p1a: Excadrill|210\/424|[from] item: Leftovers
|
|switch|p2a: Kyurem-Black|Kyurem-Black|352\/391
|-ability|p2a: Kyurem-Black|Teravolt
|turn|23
|
|move|p2a: Kyurem-Black|Ice Beam|p1a: Excadrill
|-damage|p1a: Excadrill|18\/424
|-damage|p2a: Kyurem-Black|313\/391|[from] item: Life Orb
|move|p1a: Excadrill|Rapid Spin|p2a: Kyurem-Black
|-damage|p2a: Kyurem-Black|292\/391
|-sideend|p1: Arcanine is Regal|Stealth Rock|[from] move: Rapid Spin|[of] p1a: Excadrill
|
|-heal|p1a: Excadrill|44\/424|[from] item: Leftovers
|turn|24
|join|Mystialized
|
|move|p2a: Kyurem-Black|Ice Beam|p1a: Excadrill
|-damage|p1a: Excadrill|0 fnt
|-damage|p2a: Kyurem-Black|253\/391|[from] item: Life Orb
|faint|p1a: Excadrill
|
|
|switch|p1a: Tangela|Tangela, M|153\/333
|turn|25
|
|switch|p1a: Clefable|Clefable, F|394\/394
|move|p2a: Kyurem-Black|Ice Beam|p1a: Clefable
|-damage|p1a: Clefable|248\/394
|-damage|p2a: Kyurem-Black|214\/391|[from] item: Life Orb
|
|-heal|p1a: Clefable|272\/394|[from] item: Leftovers
|turn|26
|
|switch|p2a: Metagross|Metagross-Mega|251\/301
|move|p1a: Clefable|Wish|p1a: Clefable
|
|-heal|p1a: Clefable|296\/394|[from] item: Leftovers
|turn|27
|
|switch|p2a: Kyurem-Black|Kyurem-Black|214\/391
|-ability|p2a: Kyurem-Black|Teravolt
|move|p1a: Clefable|Protect|p1a: Clefable
|-fail|p1a: Clefable
|
|-heal|p1a: Clefable|394\/394|[from] move: Wish|[wisher] Clefable
|turn|28
|
|switch|p2a: Metagross|Metagross-Mega|251\/301
|move|p1a: Clefable|Moonblast|p2a: Metagross
|-resisted|p2a: Metagross
|-damage|p2a: Metagross|199\/301
|
|turn|29
|
|switch|p1a: Arcanine|Arcanine, M|327\/383
|-ability|p1a: Arcanine|Intimidate|[of] p2a: Metagross
|-unboost|p2a: Metagross|atk|1
|move|p2a: Metagross|Meteor Mash|p1a: Arcanine
|-crit|p1a: Arcanine
|-resisted|p1a: Arcanine
|-damage|p1a: Arcanine|172\/383
|-damage|p2a: Metagross|149\/301|[from] item: Rocky Helmet|[of] p1a: Arcanine
|
|turn|30
|
|move|p2a: Metagross|Earthquake|p1a: Arcanine
|-supereffective|p1a: Arcanine
|-damage|p1a: Arcanine|20\/383
|move|p1a: Arcanine|Morning Sun|p1a: Arcanine
|-heal|p1a: Arcanine|211\/383
|
|turn|31
|
|move|p2a: Metagross|Zen Headbutt|p1a: Arcanine|[miss]
|-miss|p2a: Metagross|p1a: Arcanine
|move|p1a: Arcanine|Will-O-Wisp|p2a: Metagross|[miss]
|-miss|p1a: Arcanine|p2a: Metagross
|
|turn|32
|
|move|p2a: Metagross|Zen Headbutt|p1a: Arcanine
|-damage|p1a: Arcanine|99\/383
|-damage|p2a: Metagross|99\/301|[from] item: Rocky Helmet|[of] p1a: Arcanine
|move|p1a: Arcanine|Morning Sun|p1a: Arcanine
|-heal|p1a: Arcanine|290\/383
|
|turn|33
|
|switch|p2a: Keldeo|Keldeo|123\/323 tox
|move|p1a: Arcanine|Will-O-Wisp|p2a: Keldeo|[miss]
|-miss|p1a: Arcanine|p2a: Keldeo
|
|-damage|p2a: Keldeo|103\/323 tox|[from] psn
|turn|34
|
|switch|p2a: Metagross|Metagross-Mega|99\/301
|switch|p1a: Mandibuzz|Mandibuzz, F|424\/424
|
|turn|35
|join|tmpu
|
|switch|p2a: Keldeo|Keldeo|103\/323 tox
|move|p1a: Mandibuzz|Foul Play|p2a: Keldeo
|-resisted|p2a: Keldeo
|-damage|p2a: Keldeo|58\/323 tox
|-boost|p2a: Keldeo|atk|1|[from] ability: Justified
|
|-damage|p2a: Keldeo|38\/323 tox|[from] psn
|turn|36
|
|move|p2a: Keldeo|Scald|p1a: Mandibuzz
|-damage|p1a: Mandibuzz|255\/424
|move|p1a: Mandibuzz|Roost|p1a: Mandibuzz
|-heal|p1a: Mandibuzz|424\/424
|
|-damage|p2a: Keldeo|0 fnt|[from] psn
|faint|p2a: Keldeo
|
|switch|p2a: Kyurem-Black|Kyurem-Black|214\/391
|-ability|p2a: Kyurem-Black|Teravolt
|turn|37
|leave|tmpu
|
|switch|p1a: Clefable|Clefable, F|394\/394
|move|p2a: Kyurem-Black|Fusion Bolt|p1a: Clefable
|-damage|p1a: Clefable|208\/394
|-damage|p2a: Kyurem-Black|175\/391|[from] item: Life Orb
|
|-heal|p1a: Clefable|232\/394|[from] item: Leftovers
|turn|38
|leave|Mystialized
|
|move|p2a: Kyurem-Black|Roost|p2a: Kyurem-Black
|-heal|p2a: Kyurem-Black|371\/391
|move|p1a: Clefable|Wish|p1a: Clefable
|
|-heal|p1a: Clefable|256\/394|[from] item: Leftovers
|turn|39
|
|move|p2a: Kyurem-Black|Ice Beam|p1a: Clefable
|-damage|p1a: Clefable|112\/394
|-damage|p2a: Kyurem-Black|332\/391|[from] item: Life Orb
|move|p1a: Clefable|Moonblast|p2a: Kyurem-Black
|-crit|p2a: Kyurem-Black
|-supereffective|p2a: Kyurem-Black
|-damage|p2a: Kyurem-Black|0 fnt
|faint|p2a: Kyurem-Black
|
|-heal|p1a: Clefable|309\/394|[from] move: Wish|[wisher] Clefable
|-heal|p1a: Clefable|333\/394|[from] item: Leftovers
|
|switch|p2a: Metagross|Metagross-Mega|99\/301
|turn|40
|
|switch|p1a: Mandibuzz|Mandibuzz, F|424\/424
|move|p2a: Metagross|Meteor Mash|p1a: Mandibuzz
|-damage|p1a: Mandibuzz|208\/424
|
|-heal|p1a: Mandibuzz|234\/424|[from] item: Leftovers
|turn|41
|
|move|p2a: Metagross|Meteor Mash|p1a: Mandibuzz
|-damage|p1a: Mandibuzz|30\/424
|-boost|p2a: Metagross|atk|1
|move|p1a: Mandibuzz|Foul Play|p2a: Metagross
|-supereffective|p2a: Metagross
|-damage|p2a: Metagross|0 fnt
|faint|p2a: Metagross
|
|-heal|p1a: Mandibuzz|56\/424|[from] item: Leftovers
|join|Never2Looose
|c|âP. ID 10|I cant beat hax
|-message|P. ID 10 forfeited.
|
|win|Arcanine is Regal
|raw|Ladder updating...
|c|âArcanine is Regal|lol ok
|leave|P. ID 10
|player|p2
|raw|Arcanine is Regal's rating: 1610 &rarr; <strong>1636<\/strong><br \/>(+26 for winning)
|raw|P. ID 10's rating: 1719 &rarr; <strong>1693<\/strong><br \/>(-26 for losing)
|leave|Never2Looose
|c|âArcanine is Regal|XD you couldnt have broken this tema even if you haxed every turn
|leave|Legolax909
|join|Legolax909
|leave|Legolax909