|join|Arcanine is Regal
|join|Legolax909
|player|p1|Arcanine is Regal|126
|player|p2|Legolax909|52
|gametype|singles
|gen|6
|tier|OU
|clearpoke
|poke|p1|Arcanine, M
|poke|p1|Tangela, M
|poke|p1|Quagsire, M
|poke|p1|Clefable, F
|poke|p1|Excadrill, F
|poke|p1|Mandibuzz, F
|poke|p2|Infernape, M
|poke|p2|Lucario, M
|poke|p2|Beedrill, F
|poke|p2|Starmie
|poke|p2|Hydreigon, F
|poke|p2|Raikou
|rule|Swagger Clause: Swagger is banned
|rule|Baton Pass Clause: Limit one PokÃ©mon knowing Baton Pass
|rule|Sleep Clause Mod: Limit one foe put to sleep
|rule|Species Clause: Limit one of each PokÃ©mon
|rule|OHKO Clause: OHKO moves are banned
|rule|Moody Clause: Moody is banned
|rule|Evasion Moves Clause: Evasion moves are banned
|rule|Endless Battle Clause: Forcing endless battles is banned
|rule|HP Percentage Mod: HP is shown in percentages
|teampreview
|
|start
|switch|p1a: Arcanine|Arcanine, M|383\/383
|switch|p2a: Beedrill|Beedrill, F|271\/271
|-ability|p1a: Arcanine|Intimidate|[of] p2a: Beedrill
|-unboost|p2a: Beedrill|atk|1
|turn|1
|
|detailschange|p2a: Beedrill|Beedrill-Mega, F
|-mega|p2a: Beedrill|Beedrill|Beedrillite
|move|p2a: Beedrill|Protect|p2a: Beedrill
|-singleturn|p2a: Beedrill|Protect
|move|p1a: Arcanine|Flare Blitz|p2a: Beedrill
|-activate|p2a: Beedrill|Protect
|
|turn|2
|
|move|p1a: Arcanine|Extreme Speed|p2a: Beedrill
|-damage|p2a: Beedrill|124\/271
|move|p2a: Beedrill|U-turn|p1a: Arcanine
|-resisted|p1a: Arcanine
|-damage|p1a: Arcanine|323\/383
|-damage|p2a: Beedrill|79\/271|[from] item: Rocky Helmet|[of] p1a: Arcanine
|
|switch|p2a: Infernape|Infernape, M|293\/293
|
|turn|3
|c|âLegolax909|wow
|
|move|p1a: Arcanine|Extreme Speed|p2a: Infernape
|-damage|p2a: Infernape|200\/293
|move|p2a: Infernape|Stealth Rock|p1a: Arcanine
|-sidestart|p1: Arcanine is Regal|move: Stealth Rock
|
|turn|4
|
|move|p1a: Arcanine|Extreme Speed|p2a: Infernape
|-damage|p2a: Infernape|117\/293
|move|p2a: Infernape|Heat Wave|p1a: Arcanine
|-resisted|p1a: Arcanine
|-damage|p1a: Arcanine|232\/383
|
|turn|5
|
|move|p2a: Infernape|Endeavor|p1a: Arcanine
|-damage|p1a: Arcanine|117\/383
|-damage|p2a: Infernape|69\/293|[from] item: Rocky Helmet|[of] p1a: Arcanine
|move|p1a: Arcanine|Morning Sun|p1a: Arcanine
|-heal|p1a: Arcanine|308\/383
|
|turn|6
|
|move|p1a: Arcanine|Extreme Speed|p2a: Infernape
|-damage|p2a: Infernape|0 fnt
|faint|p2a: Infernape
|
|
|switch|p2a: Starmie|Starmie|321\/321
|turn|7
|
|switch|p1a: Clefable|Clefable, F|394\/394
|-damage|p1a: Clefable|345\/394|[from] Stealth Rock
|move|p2a: Starmie|Hydro Pump|p1a: Clefable
|-damage|p1a: Clefable|246\/394
|
|-heal|p1a: Clefable|270\/394|[from] item: Leftovers
|turn|8
|
|switch|p2a: Raikou|Raikou|321\/321
|-ability|p2a: Raikou|Pressure
|move|p1a: Clefable|Wish|p1a: Clefable
|
|-heal|p1a: Clefable|294\/394|[from] item: Leftovers
|turn|9
|
|move|p1a: Clefable|Protect|p1a: Clefable
|-singleturn|p1a: Clefable|Protect
|move|p2a: Raikou|Thunderbolt|p1a: Clefable
|-activate|p1a: Clefable|Protect
|
|-heal|p1a: Clefable|394\/394|[from] move: Wish|[wisher] Clefable
|turn|10
|
|switch|p2a: Hydreigon|Hydreigon, F|325\/325
|switch|p1a: Excadrill|Excadrill, F|424\/424
|-damage|p1a: Excadrill|411\/424|[from] Stealth Rock
|-ability|p1a: Excadrill|Mold Breaker
|
|-heal|p1a: Excadrill|424\/424|[from] item: Leftovers
|turn|11
|
|move|p2a: Hydreigon|Focus Blast|p1a: Excadrill
|-supereffective|p1a: Excadrill
|-damage|p1a: Excadrill|176\/424
|move|p1a: Excadrill|Rapid Spin|p2a: Hydreigon
|-damage|p2a: Hydreigon|303\/325
|-sideend|p1: Arcanine is Regal|Stealth Rock|[from] move: Rapid Spin|[of] p1a: Excadrill
|
|-heal|p1a: Excadrill|202\/424|[from] item: Leftovers
|turn|12
|
|switch|p2a: Starmie|Starmie|321\/321
|switch|p1a: Clefable|Clefable, F|394\/394
|
|turn|13
|
|move|p2a: Starmie|Hydro Pump|p1a: Clefable
|-damage|p1a: Clefable|298\/394
|move|p1a: Clefable|Wish|p1a: Clefable
|
|-heal|p1a: Clefable|322\/394|[from] item: Leftovers
|turn|14
|
|switch|p2a: Lucario|Lucario, M|281\/281
|move|p1a: Clefable|Moonblast|p2a: Lucario
|-damage|p2a: Lucario|139\/281
|
|-heal|p1a: Clefable|394\/394|[from] move: Wish|[wisher] Clefable
|turn|15
|
|switch|p1a: Tangela|Tangela, M|333\/333
|move|p2a: Lucario|Ice Punch|p1a: Tangela
|-supereffective|p1a: Tangela
|-damage|p1a: Tangela|239\/333
|-damage|p2a: Lucario|111\/281|[from] item: Life Orb
|
|turn|16
|c|âLegolax909|eviolite
|c|âLegolax909|?
|c|âArcanine is Regal|yeahhh
|c|âLegolax909|nice
|
|switch|p2a: Raikou|Raikou|321\/321
|-ability|p2a: Raikou|Pressure
|move|p1a: Tangela|Leech Seed|p2a: Raikou
|-start|p2a: Raikou|move: Leech Seed
|
|-damage|p2a: Raikou|281\/321|[from] Leech Seed|[of] p1a: Tangela
|-heal|p1a: Tangela|279\/333|[silent]
|turn|17
|
|switch|p1a: Excadrill|Excadrill, F|202\/424
|-ability|p1a: Excadrill|Mold Breaker
|move|p2a: Raikou|Hidden Power|p1a: Excadrill
|-damage|p1a: Excadrill|145\/424
|
|-heal|p1a: Excadrill|171\/424|[from] item: Leftovers
|-damage|p2a: Raikou|241\/321|[from] Leech Seed|[of] p1a: Excadrill
|-heal|p1a: Excadrill|211\/424|[silent]
|turn|18
|
|switch|p2a: Hydreigon|Hydreigon, F|303\/325
|move|p1a: Excadrill|Toxic|p2a: Hydreigon
|-status|p2a: Hydreigon|tox
|
|-heal|p1a: Excadrill|237\/424|[from] item: Leftovers
|-damage|p2a: Hydreigon|283\/325 tox|[from] psn
|turn|19
|
|switch|p1a: Clefable|Clefable, F|394\/394
|move|p2a: Hydreigon|Dark Pulse|p1a: Clefable
|-resisted|p1a: Clefable
|-damage|p1a: Clefable|344\/394
|
|-heal|p1a: Clefable|368\/394|[from] item: Leftovers
|-damage|p2a: Hydreigon|243\/325 tox|[from] psn
|turn|20
|c|âLegolax909|stupid me
|
|switch|p2a: Starmie|Starmie|321\/321
|move|p1a: Clefable|Wish|p1a: Clefable
|
|-heal|p1a: Clefable|392\/394|[from] item: Leftovers
|turn|21
|
|move|p2a: Starmie|Psyshock|p1a: Clefable
|-damage|p1a: Clefable|271\/394
|move|p1a: Clefable|Moonblast|p2a: Starmie
|-damage|p2a: Starmie|189\/321
|-unboost|p2a: Starmie|spa|1
|
|-heal|p1a: Clefable|394\/394|[from] move: Wish|[wisher] Clefable
|-heal|p2a: Starmie|209\/321|[from] item: Leftovers
|turn|22
|
|switch|p2a: Raikou|Raikou|241\/321
|-ability|p2a: Raikou|Pressure
|move|p1a: Clefable|Wish|p1a: Clefable
|
|turn|23
|
|switch|p1a: Excadrill|Excadrill, F|237\/424
|-ability|p1a: Excadrill|Mold Breaker
|move|p2a: Raikou|Volt Switch|p1a: Excadrill
|-immune|p1a: Excadrill|[msg]
|
|-heal|p1a: Excadrill|424\/424|[from] move: Wish|[wisher] Clefable
|turn|24
|c|âLegolax909|i'm outclass
|
|switch|p2a: Hydreigon|Hydreigon, F|243\/325 tox
|move|p1a: Excadrill|Earthquake|p2a: Hydreigon
|-damage|p2a: Hydreigon|77\/325 tox
|
|-damage|p2a: Hydreigon|57\/325 tox|[from] psn
|turn|25
|
|switch|p1a: Clefable|Clefable, F|394\/394
|move|p2a: Hydreigon|Flash Cannon|p1a: Clefable
|-supereffective|p1a: Clefable
|-damage|p1a: Clefable|238\/394
|
|-heal|p1a: Clefable|262\/394|[from] item: Leftovers
|-damage|p2a: Hydreigon|17\/325 tox|[from] psn
|turn|26
|
|move|p1a: Clefable|Protect|p1a: Clefable
|-singleturn|p1a: Clefable|Protect
|move|p2a: Hydreigon|Flash Cannon|p1a: Clefable
|-activate|p1a: Clefable|Protect
|
|-heal|p1a: Clefable|286\/394|[from] item: Leftovers
|-damage|p2a: Hydreigon|0 fnt|[from] psn
|faint|p2a: Hydreigon
|
|switch|p2a: Beedrill|Beedrill-Mega, F|79\/271
|turn|27
|
|switch|p1a: Arcanine|Arcanine, M|308\/383
|-ability|p1a: Arcanine|Intimidate|[of] p2a: Beedrill
|-unboost|p2a: Beedrill|atk|1
|move|p2a: Beedrill|Poison Jab|p1a: Arcanine
|-damage|p1a: Arcanine|180\/383
|-damage|p2a: Beedrill|34\/271|[from] item: Rocky Helmet|[of] p1a: Arcanine
|
|turn|28
|
|move|p2a: Beedrill|Protect|p2a: Beedrill
|-singleturn|p2a: Beedrill|Protect
|move|p1a: Arcanine|Morning Sun|p1a: Arcanine
|-heal|p1a: Arcanine|371\/383
|
|turn|29
|
|move|p1a: Arcanine|Extreme Speed|p2a: Beedrill
|-damage|p2a: Beedrill|0 fnt
|faint|p2a: Beedrill
|
|
|switch|p2a: Lucario|Lucario, M|111\/281
|turn|30
|
|switch|p2a: Starmie|Starmie|209\/321
|move|p1a: Arcanine|Flare Blitz|p2a: Starmie
|-resisted|p2a: Starmie
|-damage|p2a: Starmie|121\/321
|-damage|p1a: Arcanine|342\/383|[from] recoil|[of] p2a: Starmie
|
|-heal|p2a: Starmie|141\/321|[from] item: Leftovers
|turn|31
|
|switch|p1a: Clefable|Clefable, F|286\/394
|move|p2a: Starmie|Psyshock|p1a: Clefable
|-damage|p1a: Clefable|166\/394
|
|-heal|p2a: Starmie|161\/321|[from] item: Leftovers
|-heal|p1a: Clefable|190\/394|[from] item: Leftovers
|turn|32
|
|switch|p2a: Raikou|Raikou|241\/321
|-ability|p2a: Raikou|Pressure
|move|p1a: Clefable|Wish|p1a: Clefable
|
|-heal|p1a: Clefable|214\/394|[from] item: Leftovers
|turn|33
|
|switch|p2a: Lucario|Lucario, M|111\/281
|move|p1a: Clefable|Moonblast|p2a: Lucario
|-damage|p2a: Lucario|0 fnt
|faint|p2a: Lucario
|
|-heal|p1a: Clefable|394\/394|[from] move: Wish|[wisher] Clefable
|c|âLegolax909|i should forfeit
|
|switch|p2a: Raikou|Raikou|241\/321
|-ability|p2a: Raikou|Pressure
|turn|34
|
|move|p2a: Raikou|Volt Switch|p1a: Clefable
|-crit|p1a: Clefable
|-damage|p1a: Clefable|255\/394
|
|switch|p2a: Starmie|Starmie|161\/321
|move|p1a: Clefable|Wish|p1a: Clefable
|
|-heal|p2a: Starmie|181\/321|[from] item: Leftovers
|-heal|p1a: Clefable|279\/394|[from] item: Leftovers
|turn|35
|c|âArcanine is Regal|nah ima try to finish this game with all mons at 100%
|
|move|p2a: Starmie|Ice Beam|p1a: Clefable
|-damage|p1a: Clefable|228\/394
|move|p1a: Clefable|Moonblast|p2a: Starmie
|-damage|p2a: Starmie|55\/321
|
|-heal|p1a: Clefable|394\/394|[from] move: Wish|[wisher] Clefable
|-heal|p2a: Starmie|75\/321|[from] item: Leftovers
|turn|36
|
|move|p2a: Starmie|Ice Beam|p1a: Clefable
|-damage|p1a: Clefable|337\/394
|move|p1a: Clefable|Wish|p1a: Clefable
|
|-heal|p2a: Starmie|95\/321|[from] item: Leftovers
|-heal|p1a: Clefable|361\/394|[from] item: Leftovers
|turn|37
|
|move|p2a: Starmie|Psyshock|p1a: Clefable
|-damage|p1a: Clefable|243\/394
|move|p1a: Clefable|Moonblast|p2a: Starmie
|-crit|p2a: Starmie
|-damage|p2a: Starmie|0 fnt
|faint|p2a: Starmie
|
|-heal|p1a: Clefable|394\/394|[from] move: Wish|[wisher] Clefable
|
|switch|p2a: Raikou|Raikou|241\/321
|-ability|p2a: Raikou|Pressure
|turn|38
|
|move|p2a: Raikou|Volt Switch|p1a: Clefable
|-damage|p1a: Clefable|300\/394
|move|p1a: Clefable|Wish|p1a: Clefable
|
|-heal|p1a: Clefable|324\/394|[from] item: Leftovers
|turn|39
|
|switch|p1a: Arcanine|Arcanine, M|342\/383
|-ability|p1a: Arcanine|Intimidate|[of] p2a: Raikou
|-unboost|p2a: Raikou|atk|1
|move|p2a: Raikou|Shadow Ball|p1a: Arcanine
|-damage|p1a: Arcanine|240\/383
|
|-heal|p1a: Arcanine|383\/383|[from] move: Wish|[wisher] Clefable
|turn|40
|c|âLegolax909|rematch?
|
|switch|p1a: Clefable|Clefable, F|324\/394
|move|p2a: Raikou|Hidden Power|p1a: Clefable
|-damage|p1a: Clefable|273\/394
|
|-heal|p1a: Clefable|297\/394|[from] item: Leftovers
|turn|41
|c|âArcanine is Regal|nah I g2g
|c|âLegolax909|finish it
|
|move|p2a: Raikou|Thunderbolt|p1a: Clefable
|-damage|p1a: Clefable|186\/394
|move|p1a: Clefable|Moonblast|p2a: Raikou
|-damage|p2a: Raikou|171\/321
|
|-heal|p1a: Clefable|210\/394|[from] item: Leftovers
|turn|42
|c|âLegolax909|exca
|
|move|p2a: Raikou|Thunderbolt|p1a: Clefable
|-damage|p1a: Clefable|104\/394
|move|p1a: Clefable|Wish|p1a: Clefable
|
|-heal|p1a: Clefable|128\/394|[from] item: Leftovers
|turn|43
|
|move|p1a: Clefable|Protect|p1a: Clefable
|-singleturn|p1a: Clefable|Protect
|move|p2a: Raikou|Thunderbolt|p1a: Clefable
|-activate|p1a: Clefable|Protect
|
|-heal|p1a: Clefable|325\/394|[from] move: Wish|[wisher] Clefable
|-heal|p1a: Clefable|349\/394|[from] item: Leftovers
|turn|44
|
|move|p2a: Raikou|Thunderbolt|p1a: Clefable
|-damage|p1a: Clefable|237\/394
|-status|p1a: Clefable|par
|move|p1a: Clefable|Wish|p1a: Clefable
|
|-heal|p1a: Clefable|261\/394 par|[from] item: Leftovers
|turn|45
|
|move|p2a: Raikou|Thunderbolt|p1a: Clefable
|-damage|p1a: Clefable|143\/394 par
|move|p1a: Clefable|Aromatherapy|p1a: Clefable
|-cureteam|p1a: Clefable|[from] move: Aromatherapy
|
|-heal|p1a: Clefable|340\/394|[from] move: Wish|[wisher] Clefable
|-heal|p1a: Clefable|364\/394|[from] item: Leftovers
|turn|46
|
|move|p1a: Clefable|Protect|p1a: Clefable
|-singleturn|p1a: Clefable|Protect
|move|p2a: Raikou|Thunderbolt|p1a: Clefable
|-activate|p1a: Clefable|Protect
|
|-heal|p1a: Clefable|388\/394|[from] item: Leftovers
|turn|47
|c|âArcanine is Regal|close enough
|
|switch|p1a: Excadrill|Excadrill, F|424\/424
|-ability|p1a: Excadrill|Mold Breaker
|move|p2a: Raikou|Thunderbolt|p1a: Excadrill
|-immune|p1a: Excadrill|[msg]
|
|turn|48
|
|move|p2a: Raikou|Shadow Ball|p1a: Excadrill
|-damage|p1a: Excadrill|346\/424
|move|p1a: Excadrill|Earthquake|p2a: Raikou
|-supereffective|p2a: Raikou
|-damage|p2a: Raikou|0 fnt
|faint|p2a: Raikou
|
|win|Arcanine is Regal