|join|Arcanine is Regal
|join|Forgotten Ghosts
|player|p1|Arcanine is Regal|126
|player|p2|Forgotten Ghosts|69
|gametype|singles
|gen|6
|tier|OU
|rated
|clearpoke
|poke|p1|Bisharp, M
|poke|p1|Gengar, M
|poke|p1|Manectric, F
|poke|p1|Landorus-Therian, M
|poke|p1|Mamoswine, F
|poke|p1|Azumarill, M
|poke|p2|Metagross
|poke|p2|Manaphy
|poke|p2|Tyranitar, F
|poke|p2|Latios, M
|poke|p2|Landorus, M
|poke|p2|Thundurus, M
|rule|Swagger Clause: Swagger is banned
|rule|Baton Pass Clause: Limit one PokÃ©mon knowing Baton Pass
|rule|Sleep Clause Mod: Limit one foe put to sleep
|rule|Species Clause: Limit one of each PokÃ©mon
|rule|OHKO Clause: OHKO moves are banned
|rule|Moody Clause: Moody is banned
|rule|Evasion Moves Clause: Evasion moves are banned
|rule|Endless Battle Clause: Forcing endless battles is banned
|rule|HP Percentage Mod: HP is shown in percentages
|teampreview
|c|âArcanine is Regal|gl
|c|âForgotten Ghosts|u2
|
|start
|switch|p1a: Manectric|Manectric, F|281\/281
|switch|p2a: Manaphy|Manaphy|365\/365
|turn|1
|
|switch|p2a: Tyranitar|Tyranitar, F|341\/341
|-weather|Sandstorm
|detailschange|p1a: Manectric|Manectric-Mega, F
|-mega|p1a: Manectric|Manectric|Manectite
|-ability|p1a: Manectric|Intimidate|[of] p2a: Tyranitar
|-unboost|p2a: Tyranitar|atk|1
|move|p1a: Manectric|Volt Switch|p2a: Tyranitar
|-damage|p2a: Tyranitar|253\/341
|
|switch|p1a: Bisharp|Bisharp, M|278\/278
|
|-weather|Sandstorm|[upkeep]
|turn|2
|
|move|p2a: Tyranitar|Superpower|p1a: Bisharp
|-supereffective|p1a: Bisharp
|-damage|p1a: Bisharp|0 fnt
|-unboost|p2a: Tyranitar|atk|1
|-unboost|p2a: Tyranitar|def|1
|faint|p1a: Bisharp
|
|-weather|Sandstorm|[upkeep]
|c|âArcanine is Regal|cancel has failed me lol
|c|âArcanine is Regal|I knew it was scarfed
|
|switch|p1a: Azumarill|Azumarill, M|342\/342
|turn|3
|
|switch|p2a: Metagross|Metagross|302\/302
|move|p1a: Azumarill|Belly Drum|p1a: Azumarill
|-damage|p1a: Azumarill|171\/342
|-setboost|p1a: Azumarill|atk|6|[from] move: Belly Drum
|-enditem|p1a: Azumarill|Sitrus Berry|[eat]
|-heal|p1a: Azumarill|256\/342|[from] item: Sitrus Berry
|
|-weather|Sandstorm|[upkeep]
|-damage|p1a: Azumarill|235\/342|[from] sandstorm
|turn|4
|
|detailschange|p2a: Metagross|Metagross-Mega
|-mega|p2a: Metagross|Metagross|Metagrossite
|move|p1a: Azumarill|Aqua Jet|p2a: Metagross
|-damage|p2a: Metagross|65\/302
|move|p2a: Metagross|Zen Headbutt|p1a: Azumarill
|-damage|p1a: Azumarill|0 fnt
|faint|p1a: Azumarill
|
|-weather|Sandstorm|[upkeep]
|
|switch|p1a: Manectric|Manectric-Mega, F|281\/281
|-ability|p1a: Manectric|Intimidate|[of] p2a: Metagross
|-unboost|p2a: Metagross|atk|1
|turn|5
|
|move|p2a: Metagross|Bullet Punch|p1a: Manectric
|-resisted|p1a: Manectric
|-damage|p1a: Manectric|239\/281
|move|p1a: Manectric|Thunderbolt|p2a: Metagross
|-damage|p2a: Metagross|0 fnt
|faint|p2a: Metagross
|
|-weather|none
|
|switch|p2a: Tyranitar|Tyranitar, F|253\/341
|-weather|Sandstorm
|turn|6
|
|move|p2a: Tyranitar|Pursuit|p1a: Manectric|[from]Pursuit
|-damage|p1a: Manectric|59\/281
|switch|p1a: Landorus-Therian|Landorus-Therian, M|320\/320
|-ability|p1a: Landorus-Therian|Intimidate|[of] p2a: Tyranitar
|-unboost|p2a: Tyranitar|atk|1
|
|-weather|Sandstorm|[upkeep]
|turn|7
|
|switch|p2a: Landorus|Landorus, M|319\/319
|move|p1a: Landorus-Therian|U-turn|p2a: Landorus
|-resisted|p2a: Landorus
|-damage|p2a: Landorus|268\/319
|
|switch|p1a: Mamoswine|Mamoswine, F|381\/381
|
|-weather|Sandstorm|[upkeep]
|turn|8
|
|move|p2a: Landorus|Earth Power|p1a: Mamoswine
|-damage|p1a: Mamoswine|14\/381
|move|p1a: Mamoswine|Stealth Rock|p2a: Landorus
|-sidestart|p2: Forgotten Ghosts|move: Stealth Rock
|
|-weather|Sandstorm|[upkeep]
|turn|9
|
|move|p1a: Mamoswine|Ice Shard|p2a: Landorus
|-crit|p2a: Landorus
|-supereffective|p2a: Landorus
|-damage|p2a: Landorus|0 fnt
|faint|p2a: Landorus
|
|-weather|Sandstorm|[upkeep]
|
|switch|p2a: Manaphy|Manaphy|365\/365
|-damage|p2a: Manaphy|320\/365|[from] Stealth Rock
|turn|10
|
|move|p2a: Manaphy|Scald|p1a: Mamoswine
|-supereffective|p1a: Mamoswine
|-damage|p1a: Mamoswine|0 fnt
|faint|p1a: Mamoswine
|
|-weather|none
|-heal|p2a: Manaphy|342\/365|[from] item: Leftovers
|
|switch|p1a: Manectric|Manectric-Mega, F|59\/281
|-ability|p1a: Manectric|Intimidate|[of] p2a: Manaphy
|-unboost|p2a: Manaphy|atk|1
|turn|11
|
|switch|p2a: Tyranitar|Tyranitar, F|253\/341
|-damage|p2a: Tyranitar|211\/341|[from] Stealth Rock
|-weather|Sandstorm
|move|p1a: Manectric|Volt Switch|p2a: Tyranitar
|-damage|p2a: Tyranitar|126\/341
|
|switch|p1a: Landorus-Therian|Landorus-Therian, M|320\/320
|-ability|p1a: Landorus-Therian|Intimidate|[of] p2a: Tyranitar
|-unboost|p2a: Tyranitar|atk|1
|
|-weather|Sandstorm|[upkeep]
|turn|12
|
|switch|p2a: Thundurus|Thundurus, M|299\/299
|-damage|p2a: Thundurus|225\/299|[from] Stealth Rock
|move|p1a: Landorus-Therian|U-turn|p2a: Thundurus
|-resisted|p2a: Thundurus
|-damage|p2a: Thundurus|165\/299
|
|switch|p1a: Manectric|Manectric-Mega, F|59\/281
|-ability|p1a: Manectric|Intimidate|[of] p2a: Thundurus
|-unboost|p2a: Thundurus|atk|1
|
|-weather|Sandstorm|[upkeep]
|-damage|p1a: Manectric|42\/281|[from] sandstorm
|-damage|p2a: Thundurus|147\/299|[from] sandstorm
|turn|13
|
|move|p1a: Manectric|Thunderbolt|p2a: Thundurus
|-damage|p2a: Thundurus|0 fnt
|faint|p2a: Thundurus
|
|-weather|Sandstorm|[upkeep]
|-damage|p1a: Manectric|25\/281|[from] sandstorm
|
|switch|p2a: Latios|Latios, M|301\/301
|-damage|p2a: Latios|264\/301|[from] Stealth Rock
|turn|14
|
|move|p1a: Manectric|Volt Switch|p2a: Latios
|-resisted|p2a: Latios
|-damage|p2a: Latios|210\/301
|
|switch|p1a: Gengar|Gengar, M|262\/262
|move|p2a: Latios|Psyshock|p1a: Gengar
|-crit|p1a: Gengar
|-supereffective|p1a: Gengar
|-damage|p1a: Gengar|0 fnt
|-damage|p2a: Latios|180\/301|[from] item: Life Orb
|faint|p1a: Gengar
|
|-weather|Sandstorm|[upkeep]
|-damage|p2a: Latios|162\/301|[from] sandstorm
|
|switch|p1a: Landorus-Therian|Landorus-Therian, M|320\/320
|-ability|p1a: Landorus-Therian|Intimidate|[of] p2a: Latios
|-unboost|p2a: Latios|atk|1
|turn|15
|
|switch|p2a: Manaphy|Manaphy|342\/365
|-damage|p2a: Manaphy|297\/365|[from] Stealth Rock
|move|p1a: Landorus-Therian|U-turn|p2a: Manaphy
|-damage|p2a: Manaphy|210\/365
|
|switch|p1a: Manectric|Manectric-Mega, F|25\/281
|-ability|p1a: Manectric|Intimidate|[of] p2a: Manaphy
|-unboost|p2a: Manaphy|atk|1
|
|-weather|none
|-heal|p2a: Manaphy|232\/365|[from] item: Leftovers
|turn|16
|
|switch|p2a: Tyranitar|Tyranitar, F|126\/341
|-damage|p2a: Tyranitar|84\/341|[from] Stealth Rock
|-weather|Sandstorm
|move|p1a: Manectric|Thunderbolt|p2a: Tyranitar
|-damage|p2a: Tyranitar|0 fnt
|faint|p2a: Tyranitar
|
|-weather|Sandstorm|[upkeep]
|-damage|p1a: Manectric|8\/281|[from] sandstorm
|
|switch|p2a: Latios|Latios, M|162\/301
|-damage|p2a: Latios|125\/301|[from] Stealth Rock
|turn|17
|c|âArcanine is Regal|good play
|c|âArcanine is Regal|didnt think of this playing out like this
|c|âForgotten Ghosts|hope it works tho
|c|âArcanine is Regal|lemme just think for a sec lol
|c|âForgotten Ghosts|np
|
|move|p1a: Manectric|Hidden Power|p2a: Latios
|-supereffective|p2a: Latios
|-damage|p2a: Latios|0 fnt
|faint|p2a: Latios
|
|-weather|Sandstorm|[upkeep]
|-damage|p1a: Manectric|0 fnt|[from] sandstorm
|faint|p1a: Manectric
|
|switch|p1a: Landorus-Therian|Landorus-Therian, M|320\/320
|switch|p2a: Manaphy|Manaphy|232\/365
|-ability|p1a: Landorus-Therian|Intimidate|[of] p2a: Manaphy
|-unboost|p2a: Manaphy|atk|1
|-damage|p2a: Manaphy|187\/365|[from] Stealth Rock
|turn|18
|c|âArcanine is Regal|k its a rolll now
|c|âArcanine is Regal|gg regardless
|
|move|p1a: Landorus-Therian|Earthquake|p2a: Manaphy
|-damage|p2a: Manaphy|9\/365
|move|p2a: Manaphy|Scald|p1a: Landorus-Therian
|-supereffective|p1a: Landorus-Therian
|-damage|p1a: Landorus-Therian|0 fnt
|faint|p1a: Landorus-Therian
|
|win|Forgotten Ghosts
|raw|Ladder updating...
|c|âForgotten Ghosts|gg
|raw|Arcanine is Regal's rating: 1782 &rarr; <strong>1752<\/strong><br \/>(-30 for losing)
|raw|Forgotten Ghosts's rating: 1595 &rarr; <strong>1625<\/strong><br \/>(+30 for winning)
|leave|Forgotten Ghosts
|player|p2
|leave|Arcanine is Regal
|player|p1
|join|Arcanine is Regal