|join|Arcanine is Regal
|join|juventus 32
|player|p1|Arcanine is Regal|126
|player|p2|juventus 32|7
|gametype|singles
|gen|6
|tier|OU
|rated
|clearpoke
|poke|p1|Thundurus, M
|poke|p1|Garchomp, F
|poke|p1|Hippowdon, F
|poke|p1|Scizor, M
|poke|p1|Klefki, M
|poke|p1|Heracross, M
|poke|p2|Quagsire, M
|poke|p2|Chansey, F
|poke|p2|Gothitelle, F, shiny
|poke|p2|Tyranitar, M
|poke|p2|Mew
|poke|p2|Skarmory, M
|rule|Swagger Clause: Swagger is banned
|rule|Baton Pass Clause: Limit one PokÃ©mon knowing Baton Pass
|rule|Sleep Clause Mod: Limit one foe put to sleep
|rule|Species Clause: Limit one of each PokÃ©mon
|rule|OHKO Clause: OHKO moves are banned
|rule|Moody Clause: Moody is banned
|rule|Evasion Moves Clause: Evasion moves are banned
|rule|Endless Battle Clause: Forcing endless battles is banned
|rule|HP Percentage Mod: HP is shown in percentages
|teampreview
|
|start
|switch|p1a: Heracross|Heracross, M|301\/301
|switch|p2a: Goth Girl|Gothitelle, F, shiny|322\/322
|turn|1
|
|switch|p2a: Skar muori|Skarmory, M|334\/334
|detailschange|p1a: Heracross|Heracross-Mega, M
|-mega|p1a: Heracross|Heracross|Heracronite
|move|p1a: Heracross|Pin Missile|p2a: Skar muori
|-resisted|p2a: Skar muori
|-damage|p2a: Skar muori|327\/334
|-crit|p2a: Skar muori
|-resisted|p2a: Skar muori
|-damage|p2a: Skar muori|315\/334
|-resisted|p2a: Skar muori
|-damage|p2a: Skar muori|306\/334
|-resisted|p2a: Skar muori
|-damage|p2a: Skar muori|298\/334
|-resisted|p2a: Skar muori
|-damage|p2a: Skar muori|290\/334
|-hitcount|p2a: Skar muori|5
|
|-heal|p2a: Skar muori|310\/334|[from] item: Leftovers
|turn|2
|
|move|p1a: Heracross|Swords Dance|p1a: Heracross
|-boost|p1a: Heracross|atk|2
|move|p2a: Skar muori|Spikes|p1a: Heracross
|-sidestart|p1: Arcanine is Regal|Spikes
|
|-heal|p2a: Skar muori|330\/334|[from] item: Leftovers
|turn|3
|
|move|p1a: Heracross|Rock Blast|p2a: Skar muori
|-damage|p2a: Skar muori|281\/334
|-damage|p2a: Skar muori|239\/334
|-damage|p2a: Skar muori|191\/334
|-damage|p2a: Skar muori|143\/334
|-damage|p2a: Skar muori|97\/334
|-hitcount|p2a: Skar muori|5
|move|p2a: Skar muori|Brave Bird|p1a: Heracross
|-supereffective|p1a: Heracross
|-damage|p1a: Heracross|0 fnt
|-damage|p2a: Skar muori|0 fnt|[from] recoil|[of] p1a: Heracross
|faint|p1a: Heracross
|faint|p2a: Skar muori
|
|
|switch|p2a: Mew-Mew|Mew|404\/404
|switch|p1a: Hippowdon|Hippowdon, F|419\/419
|-damage|p1a: Hippowdon|367\/419|[from] Spikes
|-weather|Sandstorm
|turn|4
|
|switch|p1a: Scizor|Scizor, M|343\/343
|-damage|p1a: Scizor|301\/343|[from] Spikes
|move|p2a: Mew-Mew|Ice Beam|p1a: Scizor|[miss]
|-miss|p2a: Mew-Mew|p1a: Scizor
|
|-weather|Sandstorm|[upkeep]
|-damage|p2a: Mew-Mew|379\/404|[from] sandstorm
|turn|5
|join|Omegasization
|join|daftmau5
|
|switch|p2a: Al-Quagsire|Quagsire, M|394\/394
|move|p1a: Scizor|Swords Dance|p1a: Scizor
|-boost|p1a: Scizor|atk|2
|
|-weather|Sandstorm|[upkeep]
|turn|6
|
|switch|p1a: Klefki|Klefki, M|317\/317
|-damage|p1a: Klefki|278\/317|[from] Spikes
|move|p2a: Al-Quagsire|Earthquake|p1a: Klefki
|-supereffective|p1a: Klefki
|-damage|p1a: Klefki|132\/317
|
|-weather|Sandstorm|[upkeep]
|turn|7
|
|switch|p2a: Goth Girl|Gothitelle, F, shiny|322\/322
|move|p1a: Klefki|Magnet Rise|p1a: Klefki
|-start|p1a: Klefki|Magnet Rise
|
|-weather|Sandstorm|[upkeep]
|-damage|p2a: Goth Girl|302\/322|[from] sandstorm
|turn|8
|c| Omegasization|arc arca rca arc
|
|move|p1a: Klefki|Spikes|p2a: Goth Girl
|-sidestart|p2: juventus 32|Spikes
|move|p2a: Goth Girl|Trick|p1a: Klefki
|-activate|p2a: Goth Girl|move: Trick|[of] p1a: Klefki
|-item|p1a: Klefki|Choice Scarf|[from] move: Trick
|-item|p2a: Goth Girl|BrightPowder|[from] move: Trick
|
|-weather|Sandstorm|[upkeep]
|-damage|p2a: Goth Girl|282\/322|[from] sandstorm
|turn|9
|c| Omegasization|http:\/\/www.smogon.com\/forums\/threads\/early-oras-cancer-pass-has-a-grand-total-of-22-forfeits.3527418\/
|c| Omegasization|use my shitty cancer team
|
|move|p1a: Klefki|Spikes|p2a: Goth Girl
|-sidestart|p2: juventus 32|Spikes
|move|p2a: Goth Girl|Calm Mind|p2a: Goth Girl
|-boost|p2a: Goth Girl|spa|1
|-boost|p2a: Goth Girl|spd|1
|
|-weather|Sandstorm|[upkeep]
|-damage|p2a: Goth Girl|262\/322|[from] sandstorm
|turn|10
|c| Omegasization|ez winz
|
|move|p1a: Klefki|Spikes|p2a: Goth Girl
|-sidestart|p2: juventus 32|Spikes
|move|p2a: Goth Girl|Calm Mind|p2a: Goth Girl
|-boost|p2a: Goth Girl|spa|1
|-boost|p2a: Goth Girl|spd|1
|
|-weather|Sandstorm|[upkeep]
|-damage|p2a: Goth Girl|242\/322|[from] sandstorm
|turn|11
|
|move|p1a: Klefki|Spikes|p2a: Goth Girl
|-fail|p2a: Goth Girl
|move|p2a: Goth Girl|Calm Mind|p2a: Goth Girl
|-boost|p2a: Goth Girl|spa|1
|-boost|p2a: Goth Girl|spd|1
|
|-weather|none
|-end|p1a: Klefki|Magnet Rise
|turn|12
|
|move|p1a: Klefki|Spikes|p2a: Goth Girl
|-fail|p2a: Goth Girl
|move|p2a: Goth Girl|Calm Mind|p2a: Goth Girl
|-boost|p2a: Goth Girl|spa|1
|-boost|p2a: Goth Girl|spd|1
|
|turn|13
|
|move|p1a: Klefki|Spikes|p2a: Goth Girl
|-fail|p2a: Goth Girl
|move|p2a: Goth Girl|Calm Mind|p2a: Goth Girl
|-boost|p2a: Goth Girl|spa|1
|-boost|p2a: Goth Girl|spd|1
|
|turn|14
|join|22dula
|
|move|p1a: Klefki|Spikes|p2a: Goth Girl
|-fail|p2a: Goth Girl
|move|p2a: Goth Girl|Calm Mind|p2a: Goth Girl
|-boost|p2a: Goth Girl|spa|1
|-boost|p2a: Goth Girl|spd|1
|
|turn|15
|
|move|p1a: Klefki|Spikes|p2a: Goth Girl
|-fail|p2a: Goth Girl
|move|p2a: Goth Girl|Rest|p2a: Goth Girl
|-status|p2a: Goth Girl|slp
|-heal|p2a: Goth Girl|322\/322 slp|[silent]
|-status|p2a: Goth Girl|slp|[from] move: Rest
|
|turn|16
|c|âjuventus 32|klefki have thunder wave?
|
|move|p1a: Klefki|Spikes|p2a: Goth Girl
|-fail|p2a: Goth Girl
|cant|p2a: Goth Girl|slp
|
|turn|17
|c| Omegasization|it does
|c| Omegasization|nt
|c|âArcanine is Regal|does the ocean have fish?
|join|Cienight
|c| Omegasization|does heatran wall latios
|
|move|p1a: Klefki|Spikes|p2a: Goth Girl
|-fail|p2a: Goth Girl
|cant|p2a: Goth Girl|slp
|
|turn|18
|
|move|p1a: Klefki|Spikes|p2a: Goth Girl
|-fail|p2a: Goth Girl
|-curestatus|p2a: Goth Girl|slp
|move|p2a: Goth Girl|Psychic|p1a: Klefki
|-resisted|p1a: Klefki
|-damage|p1a: Klefki|0 fnt
|faint|p1a: Klefki
|
|join|myst-afk()()()()
|
|switch|p1a: Scizor|Scizor, M|301\/343
|-damage|p1a: Scizor|259\/343|[from] Spikes
|turn|19
|c|âArcanine is Regal|k its a roll
|
|move|p1a: Scizor|Knock Off|p2a: Goth Girl
|-supereffective|p2a: Goth Girl
|-damage|p2a: Goth Girl|168\/322
|-enditem|p2a: Goth Girl|BrightPowder|[from] move: Knock Off|[of] p1a: Scizor
|move|p2a: Goth Girl|Psychic|p1a: Scizor
|-resisted|p1a: Scizor
|-damage|p1a: Scizor|10\/343
|
|turn|20
|c| Omegasization|lol?
|c| Cienight|nice roll
|c|âArcanine is Regal|no I meant for him to kill me
|
|move|p1a: Scizor|Knock Off|p2a: Goth Girl
|-supereffective|p2a: Goth Girl
|-damage|p2a: Goth Girl|54\/322
|move|p2a: Goth Girl|Psychic|p1a: Scizor
|-resisted|p1a: Scizor
|-damage|p1a: Scizor|0 fnt
|faint|p1a: Scizor
|
|c| Omegasization|we knew
|
|switch|p1a: Hippowdon|Hippowdon, F|367\/419
|-damage|p1a: Hippowdon|315\/419|[from] Spikes
|-weather|Sandstorm
|turn|21
|
|move|p2a: Goth Girl|Rest|p2a: Goth Girl
|-status|p2a: Goth Girl|slp
|-heal|p2a: Goth Girl|322\/322 slp|[silent]
|-status|p2a: Goth Girl|slp|[from] move: Rest
|move|p1a: Hippowdon|Earthquake|p2a: Goth Girl
|-damage|p2a: Goth Girl|223\/322 slp
|
|-weather|Sandstorm|[upkeep]
|-damage|p2a: Goth Girl|203\/322 slp|[from] sandstorm
|turn|22
|leave|myst-afk()()()()
|
|cant|p2a: Goth Girl|slp
|move|p1a: Hippowdon|Whirlwind|p2a: Goth Girl
|drag|p2a: Mew-Mew|Mew|379\/404
|-damage|p2a: Mew-Mew|278\/404|[from] Spikes
|
|-weather|Sandstorm|[upkeep]
|-damage|p2a: Mew-Mew|253\/404|[from] sandstorm
|turn|23
|
|move|p2a: Mew-Mew|Ice Beam|p1a: Hippowdon
|-supereffective|p1a: Hippowdon
|-damage|p1a: Hippowdon|47\/419
|move|p1a: Hippowdon|Stealth Rock|p2a: Mew-Mew
|-sidestart|p2: juventus 32|move: Stealth Rock
|
|-weather|Sandstorm|[upkeep]
|-damage|p2a: Mew-Mew|228\/404|[from] sandstorm
|turn|24
|
|move|p2a: Mew-Mew|Ice Beam|p1a: Hippowdon
|-supereffective|p1a: Hippowdon
|-damage|p1a: Hippowdon|0 fnt
|faint|p1a: Hippowdon
|
|-weather|Sandstorm|[upkeep]
|-damage|p2a: Mew-Mew|203\/404|[from] sandstorm
|join|IAmGingy
|
|switch|p1a: Thundurus|Thundurus, M|305\/305
|turn|25
|
|move|p1a: Thundurus|Substitute|p1a: Thundurus
|-start|p1a: Thundurus|Substitute
|-damage|p1a: Thundurus|229\/305
|move|p2a: Mew-Mew|Ice Beam|p1a: Thundurus
|-supereffective|p1a: Thundurus
|-end|p1a: Thundurus|Substitute
|
|-weather|Sandstorm|[upkeep]
|-damage|p2a: Mew-Mew|178\/404|[from] sandstorm
|-damage|p1a: Thundurus|210\/305|[from] sandstorm
|turn|26
|
|move|p2a: Mew-Mew|Ice Beam|p1a: Thundurus
|-crit|p1a: Thundurus
|-supereffective|p1a: Thundurus
|-damage|p1a: Thundurus|0 fnt
|faint|p1a: Thundurus
|
|-weather|Sandstorm|[upkeep]
|-damage|p2a: Mew-Mew|153\/404|[from] sandstorm
|
|switch|p1a: Garchomp|Garchomp, F|357\/357
|-damage|p1a: Garchomp|313\/357|[from] Spikes
|turn|27
|
|move|p2a: Mew-Mew|Ice Beam|p1a: Garchomp
|-supereffective|p1a: Garchomp
|-damage|p1a: Garchomp|0 fnt
|faint|p1a: Garchomp
|
|win|juventus 32
|raw|Ladder updating...
|raw|Arcanine is Regal's rating: 1527 &rarr; <strong>1506<\/strong><br \/>(-21 for losing)
|raw|juventus 32's rating: 1517 &rarr; <strong>1538<\/strong><br \/>(+21 for winning)
|c|âArcanine is Regal|wait its scarf
|c|âjuventus 32|ggg
|c|âArcanine is Regal|lol
|leave|Arcanine is Regal
|player|p1