|join|Arcanine is Regal
|join|JSteele
|c|âArcanine is Regal|gl
|player|p1|Arcanine is Regal|126
|player|p2|JSteele|109
|gametype|singles
|gen|6
|tier|OU
|rated
|clearpoke
|poke|p1|Garchomp, M
|poke|p1|Ferrothorn, F
|poke|p1|Latias, F
|poke|p1|Clefable, F
|poke|p1|Gengar, F
|poke|p1|Starmie
|poke|p2|Altaria, M
|poke|p2|Heatran, M
|poke|p2|Breloom, M
|poke|p2|Rotom-Wash
|poke|p2|Landorus-Therian, M
|poke|p2|Bisharp, M
|rule|Swagger Clause: Swagger is banned
|rule|Baton Pass Clause: Limit one PokÃ©mon knowing Baton Pass
|rule|Sleep Clause Mod: Limit one foe put to sleep
|rule|Species Clause: Limit one of each PokÃ©mon
|rule|OHKO Clause: OHKO moves are banned
|rule|Moody Clause: Moody is banned
|rule|Evasion Moves Clause: Evasion moves are banned
|rule|Endless Battle Clause: Forcing endless battles is banned
|rule|HP Percentage Mod: HP is shown in percentages
|teampreview
|
|start
|switch|p1a: Gengar|Gengar, F|261\/261
|switch|p2a: Altaria|Altaria, M|353\/353
|-ability|p2a: Altaria|Cloud Nine
|turn|1
|
|detailschange|p2a: Altaria|Altaria-Mega, M
|-mega|p2a: Altaria|Altaria|Altarianite
|move|p1a: Gengar|Shadow Ball|p2a: Altaria
|-damage|p2a: Altaria|236\/353
|move|p2a: Altaria|Flamethrower|p1a: Gengar
|-damage|p1a: Gengar|158\/261
|
|turn|2
|
|move|p1a: Gengar|Will-O-Wisp|p2a: Altaria
|-status|p2a: Altaria|brn
|move|p2a: Altaria|Flamethrower|p1a: Gengar
|-damage|p1a: Gengar|56\/261
|
|-damage|p2a: Altaria|192\/353 brn|[from] brn
|turn|3
|
|move|p1a: Gengar|Destiny Bond|p1a: Gengar
|-singlemove|p1a: Gengar|Destiny Bond
|move|p2a: Altaria|Roost|p2a: Altaria
|-heal|p2a: Altaria|353\/353 brn
|
|-damage|p2a: Altaria|309\/353 brn|[from] brn
|turn|4
|
|move|p1a: Gengar|Focus Blast|p2a: Altaria|[miss]
|-miss|p1a: Gengar|p2a: Altaria
|move|p2a: Altaria|Heal Bell|p2a: Altaria
|-cureteam|p2a: Altaria|[from] move: HealBell
|
|turn|5
|join|toneloni97
|leave|toneloni97
|
|switch|p2a: Landorus-Therian|Landorus-Therian, M|319\/319
|-ability|p2a: Landorus-Therian|Intimidate|[of] p1a: Gengar
|-unboost|p1a: Gengar|atk|1
|move|p1a: Gengar|Focus Blast|p2a: Landorus-Therian
|-resisted|p2a: Landorus-Therian
|-damage|p2a: Landorus-Therian|232\/319
|-unboost|p2a: Landorus-Therian|spd|1
|
|turn|6
|
|switch|p1a: Garchomp|Garchomp, M|420\/420
|move|p2a: Landorus-Therian|Knock Off|p1a: Garchomp
|-damage|p1a: Garchomp|326\/420
|-damage|p2a: Landorus-Therian|193\/319|[from] ability: Rough Skin|[of] p1a: Garchomp
|-damage|p2a: Landorus-Therian|140\/319|[from] item: Rocky Helmet|[of] p1a: Garchomp
|-enditem|p1a: Garchomp|Rocky Helmet|[from] move: Knock Off|[of] p2a: Landorus-Therian
|
|turn|7
|
|switch|p2a: Rotom-Wash|Rotom-Wash|303\/303
|move|p1a: Garchomp|Stealth Rock|p2a: Rotom-Wash
|-sidestart|p2: JSteele|move: Stealth Rock
|
|turn|8
|
|move|p1a: Garchomp|Toxic|p2a: Rotom-Wash
|-status|p2a: Rotom-Wash|tox
|move|p2a: Rotom-Wash|Will-O-Wisp|p1a: Garchomp
|-status|p1a: Garchomp|brn
|
|-damage|p1a: Garchomp|274\/420 brn|[from] brn
|-damage|p2a: Rotom-Wash|285\/303 tox|[from] psn
|turn|9
|
|switch|p1a: Latias|Latias, F|363\/363
|move|p2a: Rotom-Wash|Hydro Pump|p1a: Latias
|-resisted|p1a: Latias
|-damage|p1a: Latias|306\/363
|
|-heal|p2a: Rotom-Wash|303\/303 tox|[from] item: Leftovers
|-damage|p2a: Rotom-Wash|267\/303 tox|[from] psn
|turn|10
|
|switch|p2a: Heatran|Heatran, M|385\/385
|-damage|p2a: Heatran|337\/385|[from] Stealth Rock
|detailschange|p1a: Latias|Latias-Mega, F
|-mega|p1a: Latias|Latias|Latiasite
|move|p1a: Latias|Substitute|p1a: Latias
|-start|p1a: Latias|Substitute
|-damage|p1a: Latias|216\/363
|
|-heal|p2a: Heatran|361\/385|[from] item: Leftovers
|turn|11
|
|move|p1a: Latias|Recover|p1a: Latias
|-heal|p1a: Latias|363\/363
|move|p2a: Heatran|Taunt|p1a: Latias
|-start|p1a: Latias|move: Taunt
|
|-heal|p2a: Heatran|385\/385|[from] item: Leftovers
|turn|12
|
|switch|p1a: Garchomp|Garchomp, M|274\/420 brn
|move|p2a: Heatran|Stealth Rock|p1a: Garchomp
|-sidestart|p1: Arcanine is Regal|move: Stealth Rock
|
|-damage|p1a: Garchomp|222\/420 brn|[from] brn
|turn|13
|
|switch|p2a: Rotom-Wash|Rotom-Wash|267\/303 tox
|-damage|p2a: Rotom-Wash|230\/303 tox|[from] Stealth Rock
|move|p1a: Garchomp|Earthquake|p2a: Rotom-Wash
|-immune|p2a: Rotom-Wash|[msg]
|
|-heal|p2a: Rotom-Wash|248\/303 tox|[from] item: Leftovers
|-damage|p1a: Garchomp|170\/420 brn|[from] brn
|-damage|p2a: Rotom-Wash|230\/303 tox|[from] psn
|turn|14
|
|switch|p1a: Clefable|Clefable, F|394\/394
|move|p2a: Rotom-Wash|Hydro Pump|p1a: Clefable|[miss]
|-miss|p2a: Rotom-Wash|p1a: Clefable
|
|-heal|p2a: Rotom-Wash|248\/303 tox|[from] item: Leftovers
|-damage|p2a: Rotom-Wash|212\/303 tox|[from] psn
|turn|15
|
|move|p2a: Rotom-Wash|Volt Switch|p1a: Clefable
|-damage|p1a: Clefable|306\/394
|
|switch|p2a: Heatran|Heatran, M|385\/385
|-damage|p2a: Heatran|337\/385|[from] Stealth Rock
|move|p1a: Clefable|Calm Mind|p1a: Clefable
|-boost|p1a: Clefable|spa|1
|-boost|p1a: Clefable|spd|1
|
|-heal|p2a: Heatran|361\/385|[from] item: Leftovers
|-heal|p1a: Clefable|330\/394|[from] item: Leftovers
|turn|16
|
|move|p2a: Heatran|Taunt|p1a: Clefable
|-start|p1a: Clefable|move: Taunt
|move|p1a: Clefable|Hidden Power|p2a: Heatran
|-supereffective|p2a: Heatran
|-damage|p2a: Heatran|161\/385
|
|-heal|p2a: Heatran|185\/385|[from] item: Leftovers
|-heal|p1a: Clefable|354\/394|[from] item: Leftovers
|turn|17
|
|switch|p2a: Landorus-Therian|Landorus-Therian, M|140\/319
|-damage|p2a: Landorus-Therian|101\/319|[from] Stealth Rock
|-ability|p2a: Landorus-Therian|Intimidate|[of] p1a: Clefable
|-unboost|p1a: Clefable|atk|1
|move|p1a: Clefable|Hidden Power|p2a: Landorus-Therian
|-immune|p2a: Landorus-Therian|[msg]
|
|-heal|p1a: Clefable|378\/394|[from] item: Leftovers
|turn|18
|
|move|p2a: Landorus-Therian|U-turn|p1a: Clefable
|-resisted|p1a: Clefable
|-damage|p1a: Clefable|339\/394
|
|switch|p2a: Breloom|Breloom, M|262\/262
|-damage|p2a: Breloom|246\/262|[from] Stealth Rock
|move|p1a: Clefable|Moonblast|p2a: Breloom
|-supereffective|p2a: Breloom
|-damage|p2a: Breloom|0 fnt
|faint|p2a: Breloom
|
|-heal|p1a: Clefable|363\/394|[from] item: Leftovers
|-end|p1a: Clefable|move: Taunt
|c|âJSteele|now that was a misclick.
|
|switch|p2a: Bisharp|Bisharp, M|272\/272
|-damage|p2a: Bisharp|255\/272|[from] Stealth Rock
|turn|19
|
|switch|p1a: Ferrothorn|Ferrothorn, F|351\/351
|-damage|p1a: Ferrothorn|330\/351|[from] Stealth Rock
|move|p2a: Bisharp|Iron Head|p1a: Ferrothorn
|-resisted|p1a: Ferrothorn
|-damage|p1a: Ferrothorn|270\/351
|-damage|p2a: Bisharp|221\/272|[from] ability: Iron Barbs|[of] p1a: Ferrothorn
|-damage|p2a: Bisharp|176\/272|[from] item: Rocky Helmet|[of] p1a: Ferrothorn
|-damage|p2a: Bisharp|149\/272|[from] item: Life Orb
|
|turn|20
|
|switch|p2a: Heatran|Heatran, M|185\/385
|-damage|p2a: Heatran|137\/385|[from] Stealth Rock
|move|p1a: Ferrothorn|Leech Seed|p2a: Heatran|[miss]
|-miss|p1a: Ferrothorn|p2a: Heatran
|
|-heal|p2a: Heatran|161\/385|[from] item: Leftovers
|turn|21
|
|switch|p1a: Garchomp|Garchomp, M|170\/420 brn
|-damage|p1a: Garchomp|144\/420 brn|[from] Stealth Rock
|move|p2a: Heatran|Lava Plume|p1a: Garchomp
|-resisted|p1a: Garchomp
|-damage|p1a: Garchomp|74\/420 brn
|
|-heal|p2a: Heatran|185\/385|[from] item: Leftovers
|-damage|p1a: Garchomp|22\/420 brn|[from] brn
|turn|22
|
|switch|p2a: Rotom-Wash|Rotom-Wash|212\/303 tox
|-damage|p2a: Rotom-Wash|175\/303 tox|[from] Stealth Rock
|move|p1a: Garchomp|Earthquake|p2a: Rotom-Wash
|-immune|p2a: Rotom-Wash|[msg]
|
|-heal|p2a: Rotom-Wash|193\/303 tox|[from] item: Leftovers
|-damage|p1a: Garchomp|0 fnt|[from] brn
|-damage|p2a: Rotom-Wash|175\/303 tox|[from] psn
|faint|p1a: Garchomp
|
|switch|p1a: Gengar|Gengar, F|56\/261
|-damage|p1a: Gengar|24\/261|[from] Stealth Rock
|turn|23
|
|move|p1a: Gengar|Shadow Ball|p2a: Rotom-Wash
|-damage|p2a: Rotom-Wash|39\/303 tox
|move|p2a: Rotom-Wash|Volt Switch|p1a: Gengar
|-damage|p1a: Gengar|0 fnt
|faint|p1a: Gengar
|join|Mentalist & Swag
|leave|Mentalist & Swag
|
|switch|p2a: Landorus-Therian|Landorus-Therian, M|101\/319
|-damage|p2a: Landorus-Therian|62\/319|[from] Stealth Rock
|
|
|switch|p1a: Clefable|Clefable, F|363\/394
|turn|24
|
|move|p2a: Landorus-Therian|Earthquake|p1a: Clefable
|-damage|p1a: Clefable|189\/394
|move|p1a: Clefable|Moonblast|p2a: Landorus-Therian
|-damage|p2a: Landorus-Therian|0 fnt
|faint|p2a: Landorus-Therian
|
|-heal|p1a: Clefable|213\/394|[from] item: Leftovers
|
|switch|p2a: Bisharp|Bisharp, M|149\/272
|-damage|p2a: Bisharp|132\/272|[from] Stealth Rock
|turn|25
|
|move|p2a: Bisharp|Swords Dance|p2a: Bisharp
|-boost|p2a: Bisharp|atk|2
|move|p1a: Clefable|Hidden Power|p2a: Bisharp
|-crit|p2a: Bisharp
|-supereffective|p2a: Bisharp
|-damage|p2a: Bisharp|0 fnt
|faint|p2a: Bisharp
|
|-heal|p1a: Clefable|237\/394|[from] item: Leftovers
|
|switch|p2a: Altaria|Altaria-Mega, M|309\/353
|-damage|p2a: Altaria|265\/353|[from] Stealth Rock
|turn|26
|
|move|p2a: Altaria|Hyper Voice|p1a: Clefable
|-damage|p1a: Clefable|59\/394
|move|p1a: Clefable|Soft-Boiled|p1a: Clefable
|-heal|p1a: Clefable|256\/394
|
|-heal|p1a: Clefable|280\/394|[from] item: Leftovers
|turn|27
|-message|JSteele forfeited.
|leave|JSteele
|
|win|Arcanine is Regal
|raw|Ladder updating...
|player|p2
|raw|Arcanine is Regal's rating: 1686 &rarr; <strong>1696<\/strong><br \/>(+10 for winning)
|raw|JSteele's rating: 1501 &rarr; <strong>1491<\/strong><br \/>(-10 for losing)