|join|Tom0410
|join|Blue Erlade
|player|p1|Tom0410|80
|player|p2|Blue Erlade|286
|gametype|singles
|gen|6
|tier|ORAS OU
|rule|Sleep Clause Mod: Limit one foe put to sleep
|rule|Species Clause: Limit one of each PokÃ©mon
|rule|OHKO Clause: OHKO moves are banned
|rule|Moody Clause: Moody is banned
|rule|Evasion Moves Clause: Evasion moves are banned
|rule|Endless Battle Clause: Forcing endless battles is banned
|rule|HP Percentage Mod: HP is shown in percentages
|clearpoke
|poke|p1|Politoed, M
|poke|p1|Ferrothorn, M
|poke|p1|Swampert, F
|poke|p1|Mew
|poke|p1|Kingdra, M
|poke|p1|Tornadus, M
|poke|p2|Metagross
|poke|p2|Ferrothorn, M
|poke|p2|Dugtrio, M
|poke|p2|Talonflame, M
|poke|p2|Keldeo-Resolute
|poke|p2|Latios, M
|rule|Swagger Clause: Swagger is banned
|rule|Baton Pass Clause: Limit one PokÃ©mon knowing Baton Pass
|teampreview
|c|âTom0410|gl
|c|âBlue Erlade|J'vais ptÃªtr devoir dÃ©co en plein combat, je prÃ©viens juste. gl.
|
|start
|switch|p1a: Politoed|Politoed, M|384\/384
|switch|p2a: Talonflame|Talonflame, M|319\/319
|-weather|RainDance
|turn|1
|
|move|p2a: Talonflame|Brave Bird|p1a: Politoed
|-damage|p1a: Politoed|234\/384
|-damage|p2a: Talonflame|269\/319|[from] recoil|[of] p1a: Politoed
|move|p1a: Politoed|Scald|p2a: Talonflame
|-supereffective|p2a: Talonflame
|-damage|p2a: Talonflame|0 fnt
|faint|p2a: Talonflame
|
|-weather|RainDance|[upkeep]
|c|âTom0410|gg Ã§a
|c|âTom0410|mdr
|
|switch|p2a: Metagross|Metagross|302\/302
|turn|2
|
|switch|p1a: Swampert|Swampert, F|341\/341
|detailschange|p2a: Metagross|Metagross-Mega
|message|Metagross has Mega Evolved into Mega Metagross!
|move|p2a: Metagross|Meteor Mash|p1a: Swampert
|-resisted|p1a: Swampert
|-damage|p1a: Swampert|226\/341
|
|-weather|RainDance|[upkeep]
|turn|3
|
|switch|p2a: Latios|Latios, M|302\/302
|detailschange|p1a: Swampert|Swampert-Mega, F
|message|Swampert has Mega Evolved into Mega Swampert!
|move|p1a: Swampert|Waterfall|p2a: Latios
|-resisted|p2a: Latios
|-damage|p2a: Latios|132\/302
|
|-weather|RainDance|[upkeep]
|turn|4
|
|move|p1a: Swampert|Waterfall|p2a: Latios
|-resisted|p2a: Latios
|-damage|p2a: Latios|0 fnt
|faint|p2a: Latios
|
|-weather|RainDance|[upkeep]
|c|âBlue Erlade|mm.
|
|switch|p2a: Ferrothorn|Ferrothorn, M|352\/352
|turn|5
|
|switch|p1a: Tornadus|Tornadus, M|299\/299
|move|p2a: Ferrothorn|Leech Seed|p1a: Tornadus
|-start|p1a: Tornadus|move: Leech Seed
|
|-weather|RainDance|[upkeep]
|-damage|p1a: Tornadus|262\/299|[from] Leech Seed|[of] p2a: Ferrothorn
|turn|6
|
|move|p1a: Tornadus|Superpower|p2a: Ferrothorn
|-supereffective|p2a: Ferrothorn
|-damage|p2a: Ferrothorn|194\/352
|-damage|p1a: Tornadus|225\/299|[from] ability: Iron Barbs|[of] p2a: Ferrothorn
|-damage|p1a: Tornadus|176\/299|[from] item: Rocky Helmet|[of] p2a: Ferrothorn
|-unboost|p1a: Tornadus|atk|1
|-unboost|p1a: Tornadus|def|1
|move|p2a: Ferrothorn|Gyro Ball|p1a: Tornadus
|-damage|p1a: Tornadus|0 fnt
|faint|p1a: Tornadus
|
|-weather|RainDance|[upkeep]
|
|switch|p1a: Swampert|Swampert-Mega, F|226\/341
|turn|7
|
|move|p1a: Swampert|Superpower|p2a: Ferrothorn
|-supereffective|p2a: Ferrothorn
|-damage|p2a: Ferrothorn|0 fnt
|-damage|p1a: Swampert|184\/341|[from] ability: Iron Barbs|[of] p2a: Ferrothorn
|-damage|p1a: Swampert|128\/341|[from] item: Rocky Helmet|[of] p2a: Ferrothorn
|-unboost|p1a: Swampert|atk|1
|-unboost|p1a: Swampert|def|1
|faint|p2a: Ferrothorn
|
|-weather|RainDance|[upkeep]
|
|switch|p2a: Dugtrio|Dugtrio, M|212\/212
|turn|8
|
|move|p1a: Swampert|Waterfall|p2a: Dugtrio
|-supereffective|p2a: Dugtrio
|-damage|p2a: Dugtrio|0 fnt
|faint|p2a: Dugtrio
|
|-weather|none
|
|switch|p2a: Keldeo-Resolute|Keldeo-Resolute|323\/323
|turn|9
|c|âTom0410|tu joues vraiment bien
|c|âBlue Erlade|:(
|
|switch|p1a: Mew|Mew|404\/404
|move|p2a: Keldeo-Resolute|Scald|p1a: Mew
|-damage|p1a: Mew|281\/404
|
|-heal|p1a: Mew|306\/404|[from] item: Leftovers
|turn|10
|
|move|p2a: Keldeo-Resolute|Hydro Pump|p1a: Mew
|-crit|p1a: Mew
|-damage|p1a: Mew|54\/404
|move|p1a: Mew|Will-O-Wisp|p2a: Keldeo-Resolute
|-status|p2a: Keldeo-Resolute|brn
|
|-heal|p1a: Mew|79\/404|[from] item: Leftovers
|-damage|p2a: Keldeo-Resolute|283\/323 brn|[from] brn
|turn|11
|
|switch|p1a: Politoed|Politoed, M|234\/384
|-weather|RainDance
|move|p2a: Keldeo-Resolute|Scald|p1a: Politoed
|-resisted|p1a: Politoed
|-damage|p1a: Politoed|119\/384
|
|-weather|RainDance|[upkeep]
|-damage|p2a: Keldeo-Resolute|243\/323 brn|[from] brn
|turn|12
|
|switch|p1a: Mew|Mew|79\/404
|move|p2a: Keldeo-Resolute|Hydro Pump|p1a: Mew
|-damage|p1a: Mew|0 fnt
|faint|p1a: Mew
|
|-weather|RainDance|[upkeep]
|-damage|p2a: Keldeo-Resolute|203\/323 brn|[from] brn
|
|switch|p1a: Swampert|Swampert-Mega, F|128\/341
|turn|13
|
|move|p1a: Swampert|Earthquake|p2a: Keldeo-Resolute
|-damage|p2a: Keldeo-Resolute|0 fnt
|faint|p2a: Keldeo-Resolute
|
|-weather|RainDance|[upkeep]
|
|switch|p2a: Metagross|Metagross-Mega|302\/302
|turn|14
|
|move|p2a: Metagross|Bullet Punch|p1a: Swampert
|-resisted|p1a: Swampert
|-damage|p1a: Swampert|84\/341
|move|p1a: Swampert|Earthquake|p2a: Metagross
|-supereffective|p2a: Metagross
|-damage|p2a: Metagross|0 fnt
|faint|p2a: Metagross
|
|win|Tom0410
|c|âBlue Erlade|gg
|c|âTom0410|gg
|c|âTom0410|mÃªme si t'as jouÃ© comme une merde
|c|âTom0410|je te le dis hein
|c|âBlue Erlade|Bah, la vitesse de M-Laggron ^^
|c|âBlue Erlade|Je sais :(
|c|âTom0410|keldeo tient un EQ
|c|âBlue Erlade|?
|c|âTom0410|je te kill un pokÃ© ok, mais t'as keldeo