|join|Tom0410
|join|Blue Erlade
|player|p1|Tom0410|80
|player|p2|Blue Erlade|286
|gametype|singles
|gen|6
|tier|ORAS OU
|rule|Sleep Clause Mod: Limit one foe put to sleep
|rule|Species Clause: Limit one of each PokÃ©mon
|rule|OHKO Clause: OHKO moves are banned
|rule|Moody Clause: Moody is banned
|rule|Evasion Moves Clause: Evasion moves are banned
|rule|Endless Battle Clause: Forcing endless battles is banned
|rule|HP Percentage Mod: HP is shown in percentages
|clearpoke
|poke|p1|Gallade, M
|poke|p1|Landorus-Therian, M
|poke|p1|Heatran, F
|poke|p1|Rotom-Wash
|poke|p1|Clefable, F
|poke|p1|Latias, F
|poke|p2|Latios, M
|poke|p2|Talonflame, F
|poke|p2|Keldeo-Resolute
|poke|p2|Ferrothorn, M
|poke|p2|Landorus-Therian, M
|poke|p2|Latias, F
|rule|Swagger Clause: Swagger is banned
|rule|Baton Pass Clause: Limit one PokÃ©mon knowing Baton Pass
|teampreview
|c|âBlue Erlade|Gl
|
|start
|switch|p1a: Gallade|Gallade, M|277\/277
|switch|p2a: Latios|Latios, M|301\/301
|turn|1
|
|switch|p1a: Clefable|Clefable, F|394\/394
|detailschange|p2a: Latios|Latios-Mega, M
|message|Latios has Mega Evolved into Mega Latios!
|move|p2a: Latios|Psyshock|p1a: Clefable
|-damage|p1a: Clefable|249\/394
|
|-heal|p1a: Clefable|273\/394|[from] item: Leftovers
|turn|2
|
|move|p2a: Latios|Psyshock|p1a: Clefable
|-damage|p1a: Clefable|123\/394
|move|p1a: Clefable|Soft-Boiled|p1a: Clefable
|-heal|p1a: Clefable|320\/394
|
|-heal|p1a: Clefable|344\/394|[from] item: Leftovers
|turn|3
|
|switch|p2a: Talonflame|Talonflame, F|319\/319
|move|p1a: Clefable|Moonblast|p2a: Talonflame
|-resisted|p2a: Talonflame
|-damage|p2a: Talonflame|241\/319
|
|-heal|p1a: Clefable|368\/394|[from] item: Leftovers
|turn|4
|
|switch|p1a: Heatran|Heatran, F|386\/386
|move|p2a: Talonflame|Swords Dance|p2a: Talonflame
|-boost|p2a: Talonflame|atk|2
|
|turn|5
|
|switch|p2a: Latios|Latios-Mega, M|301\/301
|move|p1a: Heatran|Stealth Rock|p2a: Latios
|-sidestart|p2: Blue Erlade|move: Stealth Rock
|
|turn|6
|
|switch|p1a: Clefable|Clefable, F|368\/394
|move|p2a: Latios|Psyshock|p1a: Clefable
|-damage|p1a: Clefable|220\/394
|
|-heal|p1a: Clefable|244\/394|[from] item: Leftovers
|turn|7
|c|âTom0410|mdr le type qui cherche le crit
|
|move|p2a: Latios|Psyshock|p1a: Clefable
|-damage|p1a: Clefable|94\/394
|move|p1a: Clefable|Soft-Boiled|p1a: Clefable
|-heal|p1a: Clefable|291\/394
|
|-heal|p1a: Clefable|315\/394|[from] item: Leftovers
|turn|8
|join|Xopi
|
|switch|p2a: Latias|Latias, F|302\/302
|-damage|p2a: Latias|265\/302|[from] Stealth Rock
|move|p1a: Clefable|Moonblast|p2a: Latias
|-supereffective|p2a: Latias
|-damage|p2a: Latias|89\/302
|
|-heal|p1a: Clefable|339\/394|[from] item: Leftovers
|turn|9
|
|move|p2a: Latias|Defog|p1a: Clefable
|-unboost|p1a: Clefable|evasion|1
|-sideend|p2: Blue Erlade|Stealth Rock|[from] move: Defog|[of] p2a: Latias
|move|p1a: Clefable|Moonblast|p2a: Latias
|-supereffective|p2a: Latias
|-damage|p2a: Latias|0 fnt
|faint|p2a: Latias
|
|-heal|p1a: Clefable|363\/394|[from] item: Leftovers
|
|switch|p2a: Talonflame|Talonflame, F|241\/319
|turn|10
|
|switch|p2a: Landorus-Therian|Landorus-Therian, M|320\/320
|-ability|p2a: Landorus-Therian|Intimidate|[of] p1a: Clefable
|-unboost|p1a: Clefable|atk|1
|switch|p1a: Heatran|Heatran, F|386\/386
|
|turn|11
|
|switch|p1a: Rotom-Wash|Rotom-Wash|303\/303
|move|p2a: Landorus-Therian|U-turn|p1a: Rotom-Wash
|-damage|p1a: Rotom-Wash|215\/303
|
|switch|p2a: Latios|Latios-Mega, M|301\/301
|
|turn|12
|
|move|p2a: Latios|Psyshock|p1a: Rotom-Wash
|-damage|p1a: Rotom-Wash|47\/303
|move|p1a: Rotom-Wash|Rest|p1a: Rotom-Wash
|-status|p1a: Rotom-Wash|slp
|-heal|p1a: Rotom-Wash|303\/303 slp|[silent]
|-status|p1a: Rotom-Wash|slp|[from] move: Rest
|-enditem|p1a: Rotom-Wash|Chesto Berry|[eat]
|-curestatus|p1a: Rotom-Wash|slp
|
|turn|13
|
|switch|p1a: Clefable|Clefable, F|363\/394
|move|p2a: Latios|Draco Meteor|p1a: Clefable
|-immune|p1a: Clefable|[msg]
|
|-heal|p1a: Clefable|387\/394|[from] item: Leftovers
|turn|14
|
|switch|p2a: Talonflame|Talonflame, F|241\/319
|move|p1a: Clefable|Moonblast|p2a: Talonflame
|-resisted|p2a: Talonflame
|-damage|p2a: Talonflame|174\/319
|-unboost|p2a: Talonflame|spa|1
|
|-heal|p1a: Clefable|394\/394|[from] item: Leftovers
|turn|15
|c|âBlue Erlade|Heureusement que c'est une tram cartouche, on y croise jamais de Clefable.
|
|switch|p1a: Heatran|Heatran, F|386\/386
|move|p2a: Talonflame|Swords Dance|p2a: Talonflame
|-boost|p2a: Talonflame|atk|2
|
|turn|16
|c|âTom0410|je vois pas pourquoi
|c|âTom0410|clefable est un des pokÃ©s les plus jouÃ©s
|
|move|p2a: Talonflame|Roost|p2a: Talonflame
|-heal|p2a: Talonflame|319\/319
|move|p1a: Heatran|Stealth Rock|p2a: Talonflame
|-sidestart|p2: Blue Erlade|move: Stealth Rock
|
|turn|17
|c|âBlue Erlade|Condition d'evolution, long Ã  breed.
|
|move|p2a: Talonflame|Swords Dance|p2a: Talonflame
|-boost|p2a: Talonflame|atk|2
|move|p1a: Heatran|Toxic|p2a: Talonflame
|-status|p2a: Talonflame|tox
|
|-damage|p2a: Talonflame|300\/319 tox|[from] psn
|turn|18
|
|move|p2a: Talonflame|Brave Bird|p1a: Heatran
|-resisted|p1a: Heatran
|-damage|p1a: Heatran|103\/386
|-damage|p2a: Talonflame|207\/319 tox|[from] recoil|[of] p1a: Heatran
|move|p1a: Heatran|Roar|p2a: Talonflame
|drag|p2a: Ferrothorn|Ferrothorn, M|352\/352
|-damage|p2a: Ferrothorn|330\/352|[from] Stealth Rock
|
|-heal|p1a: Heatran|127\/386|[from] item: Leftovers
|turn|19
|
|move|p1a: Heatran|Toxic|p2a: Ferrothorn
|-fail|p2a: Ferrothorn
|move|p2a: Ferrothorn|Leech Seed|p1a: Heatran
|-start|p1a: Heatran|move: Leech Seed
|
|-heal|p1a: Heatran|151\/386|[from] item: Leftovers
|-damage|p1a: Heatran|103\/386|[from] Leech Seed|[of] p2a: Ferrothorn
|-heal|p2a: Ferrothorn|352\/352|[silent]
|turn|20
|
|switch|p1a: Gallade|Gallade, M|277\/277
|switch|p2a: Keldeo-Resolute|Keldeo-Resolute|323\/323
|-damage|p2a: Keldeo-Resolute|303\/323|[from] Stealth Rock
|
|turn|21
|
|switch|p1a: Latias|Latias, F|301\/301
|move|p2a: Keldeo-Resolute|Icy Wind|p1a: Latias
|-supereffective|p1a: Latias
|-damage|p1a: Latias|171\/301
|-unboost|p1a: Latias|spe|1
|
|turn|22
|
|switch|p2a: Latios|Latios-Mega, M|301\/301
|-damage|p2a: Latios|264\/301|[from] Stealth Rock
|move|p1a: Latias|Psyshock|p2a: Latios
|-resisted|p2a: Latios
|-damage|p2a: Latios|174\/301
|-damage|p1a: Latias|141\/301|[from] item: Life Orb
|
|turn|23
|
|switch|p1a: Clefable|Clefable, F|394\/394
|move|p2a: Latios|Psyshock|p1a: Clefable
|-damage|p1a: Clefable|253\/394
|
|-heal|p1a: Clefable|277\/394|[from] item: Leftovers
|turn|24
|
|move|p2a: Latios|Psyshock|p1a: Clefable
|-damage|p1a: Clefable|142\/394
|move|p1a: Clefable|Moonblast|p2a: Latios
|-supereffective|p2a: Latios
|-damage|p2a: Latios|0 fnt
|faint|p2a: Latios
|
|-heal|p1a: Clefable|166\/394|[from] item: Leftovers
|
|switch|p2a: Landorus-Therian|Landorus-Therian, M|320\/320
|-damage|p2a: Landorus-Therian|280\/320|[from] Stealth Rock
|-ability|p2a: Landorus-Therian|Intimidate|[of] p1a: Clefable
|-unboost|p1a: Clefable|atk|1
|turn|25
|
|move|p2a: Landorus-Therian|Earthquake|p1a: Clefable
|-damage|p1a: Clefable|0 fnt
|faint|p1a: Clefable
|
|
|switch|p1a: Rotom-Wash|Rotom-Wash|303\/303
|turn|26
|c|âBlue Erlade|J'ai eu sa peau.
|
|switch|p2a: Ferrothorn|Ferrothorn, M|352\/352
|-damage|p2a: Ferrothorn|330\/352|[from] Stealth Rock
|move|p1a: Rotom-Wash|Volt Switch|p2a: Ferrothorn
|-resisted|p2a: Ferrothorn
|-damage|p2a: Ferrothorn|289\/352
|
|switch|p1a: Gallade|Gallade, M|277\/277
|
|turn|27
|
|detailschange|p1a: Gallade|Gallade-Mega, M
|message|Gallade has Mega Evolved into Mega Gallade!
|move|p1a: Gallade|Close Combat|p2a: Ferrothorn
|-supereffective|p2a: Ferrothorn
|-damage|p2a: Ferrothorn|0 fnt
|-damage|p1a: Gallade|243\/277|[from] ability: Iron Barbs|[of] p2a: Ferrothorn
|-unboost|p1a: Gallade|def|1
|-unboost|p1a: Gallade|spd|1
|faint|p2a: Ferrothorn
|
|
|switch|p2a: Landorus-Therian|Landorus-Therian, M|280\/320
|-damage|p2a: Landorus-Therian|240\/320|[from] Stealth Rock
|-ability|p2a: Landorus-Therian|Intimidate|[of] p1a: Gallade
|-unboost|p1a: Gallade|atk|1
|turn|28
|
|switch|p1a: Landorus-Therian|Landorus-Therian, M|319\/319
|-ability|p1a: Landorus-Therian|Intimidate|[of] p2a: Landorus-Therian
|-unboost|p2a: Landorus-Therian|atk|1
|move|p2a: Landorus-Therian|U-turn|p1a: Landorus-Therian
|-resisted|p1a: Landorus-Therian
|-damage|p1a: Landorus-Therian|281\/319
|
|switch|p2a: Keldeo-Resolute|Keldeo-Resolute|303\/323
|-damage|p2a: Keldeo-Resolute|283\/323|[from] Stealth Rock
|
|turn|29
|
|move|p1a: Landorus-Therian|U-turn|p2a: Keldeo-Resolute
|-resisted|p2a: Keldeo-Resolute
|-damage|p2a: Keldeo-Resolute|230\/323
|
|switch|p1a: Heatran|Heatran, F|103\/386
|move|p2a: Keldeo-Resolute|Icy Wind|p1a: Heatran
|-resisted|p1a: Heatran
|-damage|p1a: Heatran|91\/386
|-unboost|p1a: Heatran|spe|1
|
|-heal|p1a: Heatran|115\/386|[from] item: Leftovers
|turn|30
|
|switch|p1a: Latias|Latias, F|141\/301
|move|p2a: Keldeo-Resolute|Secret Sword|p1a: Latias
|-resisted|p1a: Latias
|-damage|p1a: Latias|61\/301
|
|turn|31
|
|switch|p2a: Landorus-Therian|Landorus-Therian, M|240\/320
|-damage|p2a: Landorus-Therian|200\/320|[from] Stealth Rock
|-ability|p2a: Landorus-Therian|Intimidate|[of] p1a: Latias
|-unboost|p1a: Latias|atk|1
|move|p1a: Latias|Psyshock|p2a: Landorus-Therian
|-damage|p2a: Landorus-Therian|15\/320
|-damage|p1a: Latias|31\/301|[from] item: Life Orb
|
|turn|32
|
|switch|p1a: Heatran|Heatran, F|115\/386
|move|p2a: Landorus-Therian|Stone Edge|p1a: Heatran
|-damage|p1a: Heatran|0 fnt
|faint|p1a: Heatran
|
|
|switch|p1a: Gallade|Gallade-Mega, M|243\/277
|turn|33
|
|move|p2a: Landorus-Therian|Stone Edge|p1a: Gallade
|-resisted|p1a: Gallade
|-damage|p1a: Gallade|163\/277
|move|p1a: Gallade|Poison Jab|p2a: Landorus-Therian
|-resisted|p2a: Landorus-Therian
|-damage|p2a: Landorus-Therian|0 fnt
|faint|p2a: Landorus-Therian
|
|
|switch|p2a: Talonflame|Talonflame, F|207\/319 tox
|-damage|p2a: Talonflame|48\/319 tox|[from] Stealth Rock
|turn|34
|
|switch|p1a: Rotom-Wash|Rotom-Wash|303\/303
|move|p2a: Talonflame|Roost|p2a: Talonflame
|-heal|p2a: Talonflame|208\/319 tox
|
|-damage|p2a: Talonflame|189\/319 tox|[from] psn
|turn|35
|
|move|p2a: Talonflame|Brave Bird|p1a: Rotom-Wash
|-resisted|p1a: Rotom-Wash
|-damage|p1a: Rotom-Wash|209\/303
|-damage|p2a: Talonflame|158\/319 tox|[from] recoil|[of] p1a: Rotom-Wash
|move|p1a: Rotom-Wash|Hydro Pump|p2a: Talonflame|[miss]
|-miss|p1a: Rotom-Wash|p2a: Talonflame
|
|-damage|p2a: Talonflame|120\/319 tox|[from] psn
|turn|36
|
|move|p2a: Talonflame|Brave Bird|p1a: Rotom-Wash
|-resisted|p1a: Rotom-Wash
|-damage|p1a: Rotom-Wash|120\/303
|-damage|p2a: Talonflame|91\/319 tox|[from] recoil|[of] p1a: Rotom-Wash
|move|p1a: Rotom-Wash|Volt Switch|p2a: Talonflame
|-supereffective|p2a: Talonflame
|-damage|p2a: Talonflame|0 fnt
|faint|p2a: Talonflame
|c|âTom0410|gg
|c|âBlue Erlade|Gg
|c|âTom0410|trop facile quand on sait que mÃ©ga tios a Eq ^^
|
|switch|p1a: Gallade|Gallade-Mega, M|163\/277
|
|
|switch|p2a: Keldeo-Resolute|Keldeo-Resolute|230\/323
|-damage|p2a: Keldeo-Resolute|210\/323|[from] Stealth Rock
|turn|37
|
|move|p1a: Gallade|Zen Headbutt|p2a: Keldeo-Resolute
|-crit|p2a: Keldeo-Resolute
|-supereffective|p2a: Keldeo-Resolute
|-damage|p2a: Keldeo-Resolute|0 fnt
|faint|p2a: Keldeo-Resolute
|
|win|Tom0410
|c|âBlue Erlade|Ãa ne marche q'une fois.
|c|âTom0410|nan mais c'est que je suis con
|c|âBlue Erlade|?
|c|âTom0410|imo qu'il est jouÃ© avec EQ avec son boost d'atk
|c|âBlue Erlade|Hap.
|c|âTom0410|tout le monde va le jouer avec EQ
|c|âBlue Erlade|Oui.
|c|âBlue Erlade|Ãa fait un contre en moins.
|c|âTom0410|je viens de me rendre compte, en buildant, que Metagross et gallade Ã©taient sensiblement pareils
|leave|Blue Erlade
|player|p2
|join|Blue Erlade
|leave|Xopi
|c|âBlue Erlade|Ah.
|c|âTom0410|genre lÃ  dans ma team je peux mettre Meta sur Gallade sans changer le build
|c|âBlue Erlade|C'est vrai 