|join|Blue Erlade
|join|pissKigyouHime_RXY
|player|p1|Blue Erlade|286
|player|p2|pissKigyouHime_RXY|292
|gametype|singles
|gen|6
|tier|OU
|rated
|clearpoke
|poke|p1|Gallade, M
|poke|p1|Bisharp, F
|poke|p1|Rotom-Wash
|poke|p1|Clefable, M
|poke|p1|Ferrothorn, F
|poke|p1|Latios, M
|poke|p2|Scolipede, F
|poke|p2|Kyurem-Black
|poke|p2|Gardevoir, F
|poke|p2|Magnezone
|poke|p2|Gyarados, M
|poke|p2|Hippowdon, F
|rule|Swagger Clause: Swagger is banned
|rule|Baton Pass Clause: Limit one PokÃ©mon knowing Baton Pass
|rule|Sleep Clause Mod: Limit one foe put to sleep
|rule|Species Clause: Limit one of each PokÃ©mon
|rule|OHKO Clause: OHKO moves are banned
|rule|Moody Clause: Moody is banned
|rule|Evasion Moves Clause: Evasion moves are banned
|rule|Endless Battle Clause: Forcing endless battles is banned
|rule|HP Percentage Mod: HP is shown in percentages
|teampreview
|
|start
|switch|p1a: Latios|Latios, M|301\/301
|switch|p2a: Kazue|Scolipede, F|324\/324
|turn|1
|
|move|p2a: Kazue|Protect|p2a: Kazue
|-singleturn|p2a: Kazue|Protect
|move|p1a: Latios|Psyshock|p2a: Kazue
|-activate|p2a: Kazue|Protect
|
|-boost|p2a: Kazue|spe|1|[from] ability: Speed Boost
|turn|2
|
|switch|p1a: Ferrothorn|Ferrothorn, F|352\/352
|move|p2a: Kazue|Baton Pass|p2a: Kazue
|
|switch|p2a: Nanami|Gyarados, M|394\/394
|
|turn|3
|
|move|p2a: Nanami|Substitute|p2a: Nanami
|-start|p2a: Nanami|Substitute
|-damage|p2a: Nanami|296\/394
|move|p1a: Ferrothorn|Power Whip|p2a: Nanami
|-end|p2a: Nanami|Substitute
|
|-heal|p2a: Nanami|320\/394|[from] item: Leftovers
|turn|4
|
|switch|p2a: 550|Magnezone|344\/344
|move|p1a: Ferrothorn|Leech Seed|p2a: 550
|-start|p2a: 550|move: Leech Seed
|
|-damage|p2a: 550|301\/344|[from] Leech Seed|[of] p1a: Ferrothorn
|turn|5
|
|switch|p1a: Latios|Latios, M|301\/301
|move|p2a: 550|Hidden Power|p1a: Latios
|-resisted|p1a: Latios
|-damage|p1a: Latios|244\/301
|
|-damage|p2a: 550|258\/344|[from] Leech Seed|[of] p1a: Latios
|-heal|p1a: Latios|287\/301|[silent]
|turn|6
|c|âpissKigyouHime_RXY|what the hell happened to magnet pull
|c|âBlue Erlade|I have Shed Shell so I cannot be trap.
|c|âpissKigyouHime_RXY|ahhh, okay
|
|switch|p2a: Piss_Demon|Hippowdon, F|420\/420
|-weather|Sandstorm
|move|p1a: Latios|Earthquake|p2a: Piss_Demon
|-damage|p2a: Piss_Demon|355\/420
|-damage|p1a: Latios|257\/301|[from] item: Life Orb
|
|-weather|Sandstorm|[upkeep]
|-damage|p1a: Latios|239\/301|[from] sandstorm
|-heal|p2a: Piss_Demon|381\/420|[from] item: Leftovers
|turn|7
|c|âpissKigyouHime_RXY|i thought there'd be an item message when shed shell happened
|c|âpissKigyouHime_RXY|guess not
|
|move|p1a: Latios|Draco Meteor|p2a: Piss_Demon
|-damage|p2a: Piss_Demon|22\/420
|-unboost|p1a: Latios|spa|2
|-damage|p1a: Latios|209\/301|[from] item: Life Orb
|move|p2a: Piss_Demon|Stockpile|p2a: Piss_Demon
|-start|p2a: Piss_Demon|stockpile1
|-boost|p2a: Piss_Demon|def|1
|-boost|p2a: Piss_Demon|spd|1
|
|-weather|Sandstorm|[upkeep]
|-damage|p1a: Latios|191\/301|[from] sandstorm
|-heal|p2a: Piss_Demon|48\/420|[from] item: Leftovers
|turn|8
|c|âBlue Erlade|No.
|
|move|p1a: Latios|Earthquake|p2a: Piss_Demon
|-damage|p2a: Piss_Demon|0 fnt
|-damage|p1a: Latios|161\/301|[from] item: Life Orb
|faint|p2a: Piss_Demon
|
|-weather|Sandstorm|[upkeep]
|-damage|p1a: Latios|143\/301|[from] sandstorm
|
|switch|p2a: Natsuko|Gardevoir, F|308\/308
|-ability|p2a: Natsuko|Levitate|[from] ability: Trace|[of] p1a: Latios
|turn|9
|
|switch|p1a: Ferrothorn|Ferrothorn, F|352\/352
|detailschange|p2a: Natsuko|Gardevoir-Mega, F
|message|Gardevoir has Mega Evolved into Mega Gardevoir!
|move|p2a: Natsuko|Hyper Voice|p1a: Ferrothorn
|-resisted|p1a: Ferrothorn
|-damage|p1a: Ferrothorn|261\/352
|
|-weather|Sandstorm|[upkeep]
|-damage|p2a: Natsuko|289\/308|[from] sandstorm
|turn|10
|
|switch|p2a: 550|Magnezone|258\/344
|move|p1a: Ferrothorn|Gyro Ball|p2a: 550
|-crit|p2a: 550
|-resisted|p2a: 550
|-damage|p2a: 550|225\/344
|
|-weather|none
|turn|11
|
|move|p2a: 550|Thunder Wave|p1a: Ferrothorn
|-status|p1a: Ferrothorn|par
|cant|p1a: Ferrothorn|par
|
|turn|12
|
|switch|p2a: Nanami|Gyarados, M|320\/394
|switch|p1a: Rotom-Wash|Rotom-Wash|303\/303
|
|-heal|p2a: Nanami|344\/394|[from] item: Leftovers
|turn|13
|
|switch|p2a: Aiko|Kyurem-Black|435\/435
|-ability|p2a: Aiko|Teravolt
|move|p1a: Rotom-Wash|Volt Switch|p2a: Aiko
|-crit|p2a: Aiko
|-resisted|p2a: Aiko
|-damage|p2a: Aiko|375\/435
|
|switch|p1a: Clefable|Clefable, M|394\/394
|
|turn|14
|
|move|p2a: Aiko|Iron Head|p1a: Clefable
|-supereffective|p1a: Clefable
|-damage|p1a: Clefable|168\/394
|move|p1a: Clefable|Moonblast|p2a: Aiko
|-supereffective|p2a: Aiko
|-damage|p2a: Aiko|86\/435
|
|turn|15
|
|switch|p1a: Ferrothorn|Ferrothorn, F|261\/352 par
|move|p2a: Aiko|Iron Head|p1a: Ferrothorn
|-resisted|p1a: Ferrothorn
|-damage|p1a: Ferrothorn|213\/352 par
|-damage|p2a: Aiko|32\/435|[from] ability: Iron Barbs|[of] p1a: Ferrothorn
|
|turn|16
|
|move|p2a: Aiko|Roost|p2a: Aiko
|-heal|p2a: Aiko|250\/435
|move|p1a: Ferrothorn|Stealth Rock|p2a: Aiko
|-sidestart|p2: pissKigyouHime_RXY|move: Stealth Rock
|
|turn|17
|
|move|p2a: Aiko|Roost|p2a: Aiko
|-heal|p2a: Aiko|435\/435
|move|p1a: Ferrothorn|Gyro Ball|p2a: Aiko
|-supereffective|p2a: Aiko
|-damage|p2a: Aiko|111\/435
|
|turn|18
|
|switch|p2a: 550|Magnezone|225\/344
|-damage|p2a: 550|204\/344|[from] Stealth Rock
|move|p1a: Ferrothorn|Gyro Ball|p2a: 550
|-resisted|p2a: 550
|-damage|p2a: 550|172\/344
|
|turn|19
|
|move|p2a: 550|Flash Cannon|p1a: Ferrothorn
|-resisted|p1a: Ferrothorn
|-damage|p1a: Ferrothorn|140\/352 par
|move|p1a: Ferrothorn|Leech Seed|p2a: 550
|-start|p2a: 550|move: Leech Seed
|
|-damage|p2a: 550|129\/344|[from] Leech Seed|[of] p1a: Ferrothorn
|-heal|p1a: Ferrothorn|183\/352 par|[silent]
|turn|20
|
|switch|p2a: Kazue|Scolipede, F|324\/324
|-damage|p2a: Kazue|243\/324|[from] Stealth Rock
|switch|p1a: Latios|Latios, M|143\/301
|
|turn|21
|
|move|p2a: Kazue|Protect|p2a: Kazue
|-singleturn|p2a: Kazue|Protect
|move|p1a: Latios|Earthquake|p2a: Kazue
|-activate|p2a: Kazue|Protect
|
|-boost|p2a: Kazue|spe|1|[from] ability: Speed Boost
|turn|22
|
|move|p2a: Kazue|Substitute|p2a: Kazue
|-start|p2a: Kazue|Substitute
|-damage|p2a: Kazue|162\/324
|move|p1a: Latios|Draco Meteor|p2a: Kazue
|-crit|p2a: Kazue
|-end|p2a: Kazue|Substitute
|-unboost|p1a: Latios|spa|2
|-damage|p1a: Latios|113\/301|[from] item: Life Orb
|
|-boost|p2a: Kazue|spe|1|[from] ability: Speed Boost
|turn|23
|
|switch|p1a: Bisharp|Bisharp, F|271\/271
|move|p2a: Kazue|Baton Pass|p2a: Kazue
|
|switch|p2a: Nanami|Gyarados, M|344\/394
|-damage|p2a: Nanami|246\/394|[from] Stealth Rock
|
|-heal|p2a: Nanami|270\/394|[from] item: Leftovers
|turn|24
|
|move|p2a: Nanami|Waterfall|p1a: Bisharp
|-damage|p1a: Bisharp|132\/271
|move|p1a: Bisharp|Swords Dance|p1a: Bisharp
|-boost|p1a: Bisharp|atk|2
|
|-heal|p2a: Nanami|294\/394|[from] item: Leftovers
|turn|25
|
|move|p1a: Bisharp|Sucker Punch|p2a: Nanami
|-fail|p2a: Nanami
|move|p2a: Nanami|Substitute|p2a: Nanami
|-start|p2a: Nanami|Substitute
|-damage|p2a: Nanami|196\/394
|
|-heal|p2a: Nanami|220\/394|[from] item: Leftovers
|turn|26
|
|move|p1a: Bisharp|Sucker Punch|p2a: Nanami
|-end|p2a: Nanami|Substitute
|move|p2a: Nanami|Earthquake|p1a: Bisharp
|-supereffective|p1a: Bisharp
|-damage|p1a: Bisharp|0 fnt
|faint|p1a: Bisharp
|-boost|p2a: Nanami|atk|1|[from] ability: Moxie
|
|-heal|p2a: Nanami|244\/394|[from] item: Leftovers
|
|switch|p1a: Rotom-Wash|Rotom-Wash|303\/303
|turn|27
|
|move|p2a: Nanami|Substitute|p2a: Nanami
|-start|p2a: Nanami|Substitute
|-damage|p2a: Nanami|146\/394
|move|p1a: Rotom-Wash|Volt Switch|p2a: Nanami
|-supereffective|p2a: Nanami
|-end|p2a: Nanami|Substitute
|
|switch|p1a: Ferrothorn|Ferrothorn, F|183\/352 par
|
|-heal|p2a: Nanami|170\/394|[from] item: Leftovers
|turn|28
|
|move|p2a: Nanami|Earthquake|p1a: Ferrothorn
|-damage|p1a: Ferrothorn|62\/352 par
|move|p1a: Ferrothorn|Gyro Ball|p2a: Nanami
|-resisted|p2a: Nanami
|-damage|p2a: Nanami|77\/394
|
|-heal|p2a: Nanami|101\/394|[from] item: Leftovers
|turn|29
|
|move|p2a: Nanami|Dragon Dance|p2a: Nanami
|-boost|p2a: Nanami|atk|1
|-boost|p2a: Nanami|spe|1
|cant|p1a: Ferrothorn|par
|
|-heal|p2a: Nanami|125\/394|[from] item: Leftovers
|turn|30
|
|move|p2a: Nanami|Substitute|p2a: Nanami
|-start|p2a: Nanami|Substitute
|-damage|p2a: Nanami|27\/394
|move|p1a: Ferrothorn|Power Whip|p2a: Nanami
|-end|p2a: Nanami|Substitute
|
|-heal|p2a: Nanami|51\/394|[from] item: Leftovers
|turn|31
|
|switch|p1a: Rotom-Wash|Rotom-Wash|303\/303
|move|p2a: Nanami|Earthquake|p1a: Rotom-Wash
|-immune|p1a: Rotom-Wash|[msg]
|
|-heal|p2a: Nanami|75\/394|[from] item: Leftovers
|turn|32
|
|move|p2a: Nanami|Waterfall|p1a: Rotom-Wash
|-resisted|p1a: Rotom-Wash
|-damage|p1a: Rotom-Wash|197\/303
|move|p1a: Rotom-Wash|Hydro Pump|p2a: Nanami
|-resisted|p2a: Nanami
|-damage|p2a: Nanami|3\/394
|
|-heal|p2a: Nanami|27\/394|[from] item: Leftovers
|-heal|p1a: Rotom-Wash|215\/303|[from] item: Leftovers
|turn|33
|
|move|p2a: Nanami|Waterfall|p1a: Rotom-Wash
|-resisted|p1a: Rotom-Wash
|-damage|p1a: Rotom-Wash|124\/303
|move|p1a: Rotom-Wash|Volt Switch|p2a: Nanami
|-supereffective|p2a: Nanami
|-damage|p2a: Nanami|0 fnt
|faint|p2a: Nanami
|
|switch|p1a: Latios|Latios, M|113\/301
|
|c|âpissKigyouHime_RXY|this is gonna be one of the first times i can honestly say gg
|
|switch|p2a: Kazue|Scolipede, F|162\/324
|-damage|p2a: Kazue|81\/324|[from] Stealth Rock
|turn|34
|
|move|p2a: Kazue|Protect|p2a: Kazue
|-singleturn|p2a: Kazue|Protect
|move|p1a: Latios|Psyshock|p2a: Kazue
|-activate|p2a: Kazue|Protect
|
|-boost|p2a: Kazue|spe|1|[from] ability: Speed Boost
|turn|35
|
|switch|p1a: Gallade|Gallade, M|277\/277
|move|p2a: Kazue|Baton Pass|p2a: Kazue
|
|switch|p2a: Natsuko|Gardevoir-Mega, F|289\/308
|-damage|p2a: Natsuko|251\/308|[from] Stealth Rock
|
|turn|36
|
|switch|p1a: Ferrothorn|Ferrothorn, F|62\/352 par
|move|p2a: Natsuko|Hyper Voice|p1a: Ferrothorn
|-resisted|p1a: Ferrothorn
|-damage|p1a: Ferrothorn|0 fnt
|faint|p1a: Ferrothorn
|
|
|switch|p1a: Clefable|Clefable, M|168\/394
|turn|37
|
|move|p2a: Natsuko|Hyper Voice|p1a: Clefable
|-damage|p1a: Clefable|0 fnt
|faint|p1a: Clefable
|
|c|âBlue Erlade|Gg
|c|âpissKigyouHime_RXY|yeah for once it actually is a good game
|-message|Blue Erlade forfeited.
|
|win|pissKigyouHime_RXY
|raw|Ladder updating...
|raw|Blue Erlade's rating: 1298 &rarr; <strong>1277<\/strong><br \/>(-21 for losing)
|raw|pissKigyouHime_RXY's rating: 1345 &rarr; <strong>1363<\/strong><br \/>(+18 for winning)
|leave|Blue Erlade
|player|p1