|join|NBNL
|join|Blue Erlade
|player|p1|NBNL|163
|player|p2|Blue Erlade|286
|gametype|singles
|gen|6
|tier|OU
|rated
|clearpoke
|poke|p1|Politoed, M
|poke|p1|Swampert, F
|poke|p1|Kingdra, F
|poke|p1|Klefki, M
|poke|p1|Thundurus, M
|poke|p1|Breloom, F
|poke|p2|Landorus-Therian, M
|poke|p2|Latios, M
|poke|p2|Beedrill, F
|poke|p2|Rotom-Wash
|poke|p2|Ferrothorn, F
|poke|p2|Greninja, M
|rule|Swagger Clause: Swagger is banned
|rule|Baton Pass Clause: Limit one PokÃ©mon knowing Baton Pass
|rule|Sleep Clause Mod: Limit one foe put to sleep
|rule|Species Clause: Limit one of each PokÃ©mon
|rule|OHKO Clause: OHKO moves are banned
|rule|Moody Clause: Moody is banned
|rule|Evasion Moves Clause: Evasion moves are banned
|rule|Endless Battle Clause: Forcing endless battles is banned
|rule|HP Percentage Mod: HP is shown in percentages
|teampreview
|
|start
|switch|p1a: Breloom|Breloom, F|261\/261
|switch|p2a: Beedrill|Beedrill, F|272\/272
|turn|1
|
|switch|p1a: Klefki|Klefki, M|318\/318
|detailschange|p2a: Beedrill|Beedrill-Mega, F
|message|Beedrill has Mega Evolved into Mega Beedrill!
|move|p2a: Beedrill|U-turn|p1a: Klefki
|-resisted|p1a: Klefki
|-damage|p1a: Klefki|276\/318
|
|switch|p2a: Landorus-Therian|Landorus-Therian, M|320\/320
|-ability|p2a: Landorus-Therian|Intimidate|[of] p1a: Klefki
|-unboost|p1a: Klefki|atk|1
|
|turn|2
|
|switch|p1a: Politoed|Politoed, M|383\/383
|-weather|RainDance
|move|p2a: Landorus-Therian|Knock Off|p1a: Politoed
|-damage|p1a: Politoed|264\/383
|-enditem|p1a: Politoed|Damp Rock|[from] move: Knock Off|[of] p2a: Landorus-Therian
|
|-weather|RainDance|[upkeep]
|turn|3
|
|switch|p2a: Rotom-Wash|Rotom-Wash|303\/303
|move|p1a: Politoed|Scald|p2a: Rotom-Wash
|-resisted|p2a: Rotom-Wash
|-damage|p2a: Rotom-Wash|240\/303
|-status|p2a: Rotom-Wash|brn
|
|-weather|RainDance|[upkeep]
|-heal|p2a: Rotom-Wash|258\/303 brn|[from] item: Leftovers
|-damage|p2a: Rotom-Wash|221\/303 brn|[from] brn
|turn|4
|
|switch|p1a: Breloom|Breloom, F|261\/261
|move|p2a: Rotom-Wash|Will-O-Wisp|p1a: Breloom
|-status|p1a: Breloom|brn
|
|-weather|RainDance|[upkeep]
|-heal|p2a: Rotom-Wash|239\/303 brn|[from] item: Leftovers
|-damage|p1a: Breloom|229\/261 brn|[from] brn
|-damage|p2a: Rotom-Wash|202\/303 brn|[from] brn
|turn|5
|
|move|p1a: Breloom|Seed Bomb|p2a: Rotom-Wash
|-supereffective|p2a: Rotom-Wash
|-damage|p2a: Rotom-Wash|88\/303 brn
|move|p2a: Rotom-Wash|Volt Switch|p1a: Breloom
|-resisted|p1a: Breloom
|-damage|p1a: Breloom|169\/261 brn
|
|switch|p2a: Ferrothorn|Ferrothorn, F|352\/352
|
|-weather|RainDance|[upkeep]
|-damage|p1a: Breloom|137\/261 brn|[from] brn
|turn|6
|
|move|p1a: Breloom|Swords Dance|p1a: Breloom
|-boost|p1a: Breloom|atk|2
|move|p2a: Ferrothorn|Gyro Ball|p1a: Breloom
|-damage|p1a: Breloom|0 fnt
|faint|p1a: Breloom
|
|-weather|RainDance|[upkeep]
|
|switch|p1a: Thundurus|Thundurus, M|299\/299
|turn|7
|
|switch|p2a: Landorus-Therian|Landorus-Therian, M|320\/320
|-ability|p2a: Landorus-Therian|Intimidate|[of] p1a: Thundurus
|-unboost|p1a: Thundurus|atk|1
|-boost|p1a: Thundurus|atk|2|[from] ability: Defiant
|move|p1a: Thundurus|Knock Off|p2a: Landorus-Therian
|-damage|p2a: Landorus-Therian|142\/320
|-enditem|p2a: Landorus-Therian|Choice Scarf|[from] move: Knock Off|[of] p1a: Thundurus
|-damage|p1a: Thundurus|270\/299|[from] item: Life Orb
|
|-weather|RainDance|[upkeep]
|turn|8
|
|move|p1a: Thundurus|Hidden Power|p2a: Landorus-Therian
|-supereffective|p2a: Landorus-Therian
|-damage|p2a: Landorus-Therian|0 fnt
|-damage|p1a: Thundurus|241\/299|[from] item: Life Orb
|faint|p2a: Landorus-Therian
|
|-weather|RainDance|[upkeep]
|
|switch|p2a: Greninja|Greninja, M|286\/286
|turn|9
|
|switch|p1a: Kingdra|Kingdra, F|291\/291
|move|p2a: Greninja|Ice Beam|p1a: Kingdra
|-start|p2a: Greninja|typechange|Ice|[from] Protean
|-crit|p1a: Kingdra
|-damage|p1a: Kingdra|0 fnt
|-damage|p2a: Greninja|258\/286|[from] item: Life Orb
|faint|p1a: Kingdra
|
|-weather|none
|
|switch|p1a: Klefki|Klefki, M|276\/318
|turn|10
|
|switch|p2a: Rotom-Wash|Rotom-Wash|88\/303 brn
|move|p1a: Klefki|Thunder Wave|p2a: Rotom-Wash
|-fail|p2a: Rotom-Wash
|
|-heal|p2a: Rotom-Wash|106\/303 brn|[from] item: Leftovers
|-damage|p2a: Rotom-Wash|69\/303 brn|[from] brn
|turn|11
|
|move|p1a: Klefki|Rain Dance|p1a: Klefki
|-weather|RainDance
|move|p2a: Rotom-Wash|Pain Split|p1a: Klefki
|-sethp|p1a: Klefki|172\/318|p2a: Rotom-Wash|172\/303 brn|[from] move: Pain Split
|
|-weather|RainDance|[upkeep]
|-heal|p2a: Rotom-Wash|190\/303 brn|[from] item: Leftovers
|-damage|p2a: Rotom-Wash|153\/303 brn|[from] brn
|turn|12
|
|switch|p1a: Politoed|Politoed, M|264\/383
|move|p2a: Rotom-Wash|Will-O-Wisp|p1a: Politoed
|-status|p1a: Politoed|brn
|
|-weather|RainDance|[upkeep]
|-heal|p2a: Rotom-Wash|171\/303 brn|[from] item: Leftovers
|-damage|p2a: Rotom-Wash|134\/303 brn|[from] brn
|-damage|p1a: Politoed|217\/383 brn|[from] brn
|turn|13
|
|move|p2a: Rotom-Wash|Volt Switch|p1a: Politoed
|-supereffective|p1a: Politoed
|-damage|p1a: Politoed|59\/383 brn
|
|switch|p2a: Greninja|Greninja, M|258\/286
|move|p1a: Politoed|Encore|p2a: Greninja
|-fail|p2a: Greninja
|
|-weather|RainDance|[upkeep]
|-damage|p1a: Politoed|12\/383 brn|[from] brn
|turn|14
|
|move|p2a: Greninja|Hydro Pump|p1a: Politoed
|-start|p2a: Greninja|typechange|Water|[from] Protean
|-resisted|p1a: Politoed
|-damage|p1a: Politoed|0 fnt
|-damage|p2a: Greninja|230\/286|[from] item: Life Orb
|faint|p1a: Politoed
|
|-weather|RainDance|[upkeep]
|
|switch|p1a: Klefki|Klefki, M|172\/318
|turn|15
|
|switch|p2a: Rotom-Wash|Rotom-Wash|134\/303 brn
|move|p1a: Klefki|Thunder Wave|p2a: Rotom-Wash
|-fail|p2a: Rotom-Wash
|
|-weather|RainDance|[upkeep]
|-heal|p2a: Rotom-Wash|152\/303 brn|[from] item: Leftovers
|-damage|p2a: Rotom-Wash|115\/303 brn|[from] brn
|turn|16
|
|switch|p1a: Thundurus|Thundurus, M|241\/299
|move|p2a: Rotom-Wash|Will-O-Wisp|p1a: Thundurus
|-status|p1a: Thundurus|brn
|
|-weather|RainDance|[upkeep]
|-heal|p2a: Rotom-Wash|133\/303 brn|[from] item: Leftovers
|-damage|p1a: Thundurus|204\/299 brn|[from] brn
|-damage|p2a: Rotom-Wash|96\/303 brn|[from] brn
|turn|17
|
|move|p1a: Thundurus|Thunder|p2a: Rotom-Wash
|-damage|p2a: Rotom-Wash|0 fnt
|-damage|p1a: Thundurus|175\/299 brn|[from] item: Life Orb
|faint|p2a: Rotom-Wash
|
|-weather|RainDance|[upkeep]
|-damage|p1a: Thundurus|138\/299 brn|[from] brn
|
|switch|p2a: Beedrill|Beedrill-Mega, F|272\/272
|turn|18
|
|move|p2a: Beedrill|Poison Jab|p1a: Thundurus
|-damage|p1a: Thundurus|0 fnt
|faint|p1a: Thundurus
|
|-weather|none
|
|switch|p1a: Klefki|Klefki, M|172\/318
|turn|19
|join|Tom0410
|c| Tom0410|lut
|c|âBlue Erlade|Salut ^^
|
|switch|p2a: Ferrothorn|Ferrothorn, F|352\/352
|move|p1a: Klefki|Rain Dance|p1a: Klefki
|-weather|RainDance
|
|-weather|RainDance|[upkeep]
|turn|20
|
|switch|p1a: Swampert|Swampert, F|341\/341
|move|p2a: Ferrothorn|Leech Seed|p1a: Swampert
|-start|p1a: Swampert|move: Leech Seed
|
|-weather|RainDance|[upkeep]
|-damage|p1a: Swampert|299\/341|[from] Leech Seed|[of] p2a: Ferrothorn
|turn|21
|
|detailschange|p1a: Swampert|Swampert-Mega, F
|message|Swampert has Mega Evolved into Mega Swampert!
|move|p2a: Ferrothorn|Protect|p2a: Ferrothorn
|-singleturn|p2a: Ferrothorn|Protect
|move|p1a: Swampert|Earthquake|p2a: Ferrothorn
|-activate|p2a: Ferrothorn|Protect
|
|-weather|RainDance|[upkeep]
|-damage|p1a: Swampert|257\/341|[from] Leech Seed|[of] p2a: Ferrothorn
|turn|22
|
|switch|p1a: Klefki|Klefki, M|172\/318
|switch|p2a: Latios|Latios, M|301\/301
|
|-weather|RainDance|[upkeep]
|turn|23
|
|switch|p2a: Ferrothorn|Ferrothorn, F|352\/352
|move|p1a: Klefki|Thunder Wave|p2a: Ferrothorn
|-status|p2a: Ferrothorn|par
|
|-weather|RainDance|[upkeep]
|turn|24
|
|move|p1a: Klefki|Spikes|p2a: Ferrothorn
|-sidestart|p2: Blue Erlade|Spikes
|move|p2a: Ferrothorn|Leech Seed|p1a: Klefki
|-start|p1a: Klefki|move: Leech Seed
|
|-weather|RainDance|[upkeep]
|-damage|p1a: Klefki|133\/318|[from] Leech Seed|[of] p2a: Ferrothorn
|turn|25
|
|switch|p1a: Swampert|Swampert-Mega, F|257\/341
|cant|p2a: Ferrothorn|par
|
|-weather|RainDance|[upkeep]
|turn|26
|
|move|p1a: Swampert|Earthquake|p2a: Ferrothorn
|-damage|p2a: Ferrothorn|216\/352 par
|cant|p2a: Ferrothorn|par
|
|-weather|none
|turn|27
|
|move|p1a: Swampert|Earthquake|p2a: Ferrothorn
|-damage|p2a: Ferrothorn|95\/352 par
|move|p2a: Ferrothorn|Leech Seed|p1a: Swampert
|-start|p1a: Swampert|move: Leech Seed
|
|-damage|p1a: Swampert|215\/341|[from] Leech Seed|[of] p2a: Ferrothorn
|-heal|p2a: Ferrothorn|137\/352 par|[silent]
|turn|28
|
|switch|p1a: Klefki|Klefki, M|133\/318
|switch|p2a: Latios|Latios, M|301\/301
|
|turn|29
|
|move|p1a: Klefki|Rain Dance|p1a: Klefki
|-weather|RainDance
|move|p2a: Latios|Earthquake|p1a: Klefki
|-supereffective|p1a: Klefki
|-damage|p1a: Klefki|0 fnt
|-damage|p2a: Latios|271\/301|[from] item: Life Orb
|faint|p1a: Klefki
|
|-weather|RainDance|[upkeep]
|
|switch|p1a: Swampert|Swampert-Mega, F|215\/341
|turn|30
|c| Tom0410|swampert win
|
|switch|p2a: Beedrill|Beedrill-Mega, F|272\/272
|-damage|p2a: Beedrill|238\/272|[from] Spikes
|move|p1a: Swampert|Ice Punch|p2a: Beedrill
|-damage|p2a: Beedrill|19\/272
|
|-weather|RainDance|[upkeep]
|turn|31
|c| Tom0410|y\/n
|
|move|p2a: Beedrill|Protect|p2a: Beedrill
|-singleturn|p2a: Beedrill|Protect
|move|p1a: Swampert|Waterfall|p2a: Beedrill
|-activate|p2a: Beedrill|Protect
|
|-weather|RainDance|[upkeep]
|turn|32
|c|âBlue Erlade|Pas sÃ»r.
|
|move|p2a: Beedrill|Protect|p2a: Beedrill
|-singleturn|p2a: Beedrill|Protect
|move|p1a: Swampert|Waterfall|p2a: Beedrill
|-activate|p2a: Beedrill|Protect
|
|-weather|RainDance|[upkeep]
|turn|33
|c| Tom0410|il gagnera pas
|
|move|p1a: Swampert|Waterfall|p2a: Beedrill
|-damage|p2a: Beedrill|0 fnt
|faint|p2a: Beedrill
|
|-weather|RainDance|[upkeep]
|
|switch|p2a: Ferrothorn|Ferrothorn, F|137\/352 par
|-damage|p2a: Ferrothorn|93\/352 par|[from] Spikes
|turn|34
|
|move|p1a: Swampert|Earthquake|p2a: Ferrothorn
|-damage|p2a: Ferrothorn|0 fnt
|faint|p2a: Ferrothorn
|
|-weather|RainDance|[upkeep]
|
|switch|p2a: Greninja|Greninja, M|230\/286
|-damage|p2a: Greninja|195\/286|[from] Spikes
|turn|35
|
|move|p1a: Swampert|Earthquake|p2a: Greninja
|-damage|p2a: Greninja|0 fnt
|faint|p2a: Greninja
|
|-weather|RainDance|[upkeep]
|c| Tom0410|oh le choke
|c| Tom0410|fallait tios
|c| Tom0410|zzz
|c|âBlue Erlade|La pluie s'arrete pas ?
|
|switch|p2a: Latios|Latios, M|271\/301
|turn|36
|c| Tom0410|bah non il a la roche
|
|move|p1a: Swampert|Ice Punch|p2a: Latios
|-supereffective|p2a: Latios
|-damage|p2a: Latios|0 fnt
|faint|p2a: Latios
|
|win|NBNL
|raw|Ladder updating...
|c|âBlue Erlade|Ah zut.
|raw|NBNL's rating: 1249 &rarr; <strong>1278<\/strong><br \/>(+29 for winning)
|raw|Blue Erlade's rating: 1299 &rarr; <strong>1270<\/strong><br \/>(-29 for losing)
|c| Tom0410|ce choke
|c|âNBNL|it would be much easier if greninja didn't crit with ice beam to kingdra