|join|Blue Erlade
|join|Yashagaru
|player|p1|Blue Erlade|286
|player|p2|Yashagaru|156
|gametype|singles
|gen|6
|tier|OU
|clearpoke
|poke|p1|Meloetta
|poke|p1|Gallade, M, shiny
|poke|p1|Espeon, F
|poke|p1|Metagross
|poke|p1|Charizard, F
|poke|p1|Sableye, M
|poke|p2|Pinsir, F, shiny
|poke|p2|Keldeo-Resolute
|poke|p2|Latios, M
|poke|p2|Rotom-Wash
|poke|p2|Excadrill, M
|poke|p2|Clefable, M
|rule|Swagger Clause: Swagger is banned
|rule|Baton Pass Clause: Limit one PokÃ©mon knowing Baton Pass
|rule|Sleep Clause Mod: Limit one foe put to sleep
|rule|Species Clause: Limit one of each PokÃ©mon
|rule|OHKO Clause: OHKO moves are banned
|rule|Moody Clause: Moody is banned
|rule|Evasion Moves Clause: Evasion moves are banned
|rule|Endless Battle Clause: Forcing endless battles is banned
|rule|HP Percentage Mod: HP is shown in percentages
|teampreview
|c|âBlue Erlade|^^
|c|âYashagaru|gl 
|
|start
|switch|p1a: Gallade|Gallade, M, shiny|278\/278
|switch|p2a: Clefable|Clefable, M|394\/394
|turn|1
|
|switch|p1a: Espeon|Espeon, F|334\/334
|move|p2a: Clefable|Stealth Rock|p1a: Espeon
|move|p1a: Espeon|Stealth Rock|p2a: Clefable|[from]Magic Bounce
|-sidestart|p2: Yashagaru|move: Stealth Rock
|
|turn|2
|
|switch|p1a: Metagross|Metagross|308\/308
|move|p2a: Clefable|Moonblast|p1a: Metagross
|-resisted|p1a: Metagross
|-damage|p1a: Metagross|253\/308
|
|turn|3
|
|move|p1a: Metagross|Agility|p1a: Metagross
|-boost|p1a: Metagross|spe|2
|move|p2a: Clefable|Fire Blast|p1a: Metagross
|-supereffective|p1a: Metagross
|-damage|p1a: Metagross|67\/308
|-status|p1a: Metagross|brn
|
|-damage|p1a: Metagross|29\/308 brn|[from] brn
|turn|4
|c|âBlue Erlade|Rah le burn.
|
|switch|p2a: Rotom-Wash|Rotom-Wash|304\/304
|-damage|p2a: Rotom-Wash|266\/304|[from] Stealth Rock
|move|p1a: Metagross|Meteor Mash|p2a: Rotom-Wash
|-resisted|p2a: Rotom-Wash
|-damage|p2a: Rotom-Wash|240\/304
|-damage|p1a: Metagross|0 fnt|[from] item: Life Orb
|faint|p1a: Metagross
|
|-heal|p2a: Rotom-Wash|259\/304|[from] item: Leftovers
|
|switch|p1a: Sableye|Sableye, M|304\/304
|turn|5
|
|move|p2a: Rotom-Wash|Volt Switch|p1a: Sableye
|-damage|p1a: Sableye|223\/304
|
|switch|p2a: Clefable|Clefable, M|394\/394
|move|p1a: Sableye|Knock Off|p2a: Clefable
|-crit|p2a: Clefable
|-resisted|p2a: Clefable
|-damage|p2a: Clefable|304\/394
|-enditem|p2a: Clefable|Leftovers|[from] move: Knock Off|[of] p1a: Sableye
|
|-heal|p1a: Sableye|242\/304|[from] item: Leftovers
|turn|6
|
|move|p1a: Sableye|Protect|p1a: Sableye
|-singleturn|p1a: Sableye|Protect
|move|p2a: Clefable|Moonblast|p1a: Sableye
|-activate|p1a: Sableye|Protect
|
|-heal|p1a: Sableye|261\/304|[from] item: Leftovers
|turn|7
|
|move|p1a: Sableye|Confuse Ray|p2a: Clefable
|-start|p2a: Clefable|confusion
|-activate|p2a: Clefable|confusion
|move|p2a: Clefable|Moonblast|p1a: Sableye
|-supereffective|p1a: Sableye
|-damage|p1a: Sableye|61\/304
|
|-heal|p1a: Sableye|80\/304|[from] item: Leftovers
|turn|8
|
|switch|p1a: Meloetta|Meloetta|341\/341
|-activate|p2a: Clefable|confusion
|move|p2a: Clefable|Stealth Rock|p1a: Meloetta
|-sidestart|p1: Blue Erlade|move: Stealth Rock
|
|turn|9
|c|âYashagaru|ha non Ã§a c'est pute.
|c|âYashagaru|XD
|
|move|p1a: Meloetta|Relic Song|p2a: Clefable
|-damage|p2a: Clefable|217\/394
|-formechange|p1a: Meloetta|Meloetta-Pirouette
|-activate|p2a: Clefable|confusion
|-damage|p2a: Clefable|190\/394|[from] confusion
|
|turn|10
|
|move|p1a: Meloetta|Relic Song|p2a: Clefable
|-damage|p2a: Clefable|121\/394
|-formechange|p1a: Meloetta|Meloetta
|-end|p2a: Clefable|confusion
|move|p2a: Clefable|Soft-Boiled|p2a: Clefable
|-heal|p2a: Clefable|318\/394
|
|turn|11
|
|move|p1a: Meloetta|Thunder|p2a: Clefable
|-crit|p2a: Clefable
|-damage|p2a: Clefable|189\/394
|move|p2a: Clefable|Moonblast|p1a: Meloetta
|-damage|p1a: Meloetta|278\/341
|
|turn|12
|
|move|p1a: Meloetta|Thunder|p2a: Clefable
|-damage|p2a: Clefable|98\/394
|-status|p2a: Clefable|par
|cant|p2a: Clefable|par
|
|turn|13
|
|switch|p2a: Excadrill|Excadrill, M|362\/362
|-damage|p2a: Excadrill|351\/362|[from] Stealth Rock
|-ability|p2a: Excadrill|Mold Breaker
|move|p1a: Meloetta|Relic Song|p2a: Excadrill
|-resisted|p2a: Excadrill
|-damage|p2a: Excadrill|261\/362
|-status|p2a: Excadrill|slp
|-formechange|p1a: Meloetta|Meloetta-Pirouette
|
|turn|14
|c|âYashagaru|haxx moi + encore XD
|
|switch|p2a: Latios|Latios, M|302\/302
|-damage|p2a: Latios|265\/302|[from] Stealth Rock
|move|p1a: Meloetta|Close Combat|p2a: Latios
|-resisted|p2a: Latios
|-damage|p2a: Latios|142\/302
|-unboost|p1a: Meloetta|def|1
|-unboost|p1a: Meloetta|spd|1
|
|turn|15
|
|switch|p1a: Sableye|Sableye, M|80\/304
|-damage|p1a: Sableye|42\/304|[from] Stealth Rock
|move|p2a: Latios|Draco Meteor|p1a: Sableye
|-damage|p1a: Sableye|0 fnt
|-unboost|p2a: Latios|spa|2
|-damage|p2a: Latios|112\/302|[from] item: Life Orb
|faint|p1a: Sableye
|
|
|switch|p1a: Meloetta|Meloetta|278\/341
|-damage|p1a: Meloetta|236\/341|[from] Stealth Rock
|turn|16
|
|move|p2a: Latios|Draco Meteor|p1a: Meloetta
|-damage|p1a: Meloetta|150\/341
|-unboost|p2a: Latios|spa|2
|-damage|p2a: Latios|82\/302|[from] item: Life Orb
|move|p1a: Meloetta|Relic Song|p2a: Latios
|-damage|p2a: Latios|0 fnt
|-formechange|p1a: Meloetta|Meloetta-Pirouette
|faint|p2a: Latios
|
|
|switch|p2a: Pinsir|Pinsir, F, shiny|272\/272
|-damage|p2a: Pinsir|204\/272|[from] Stealth Rock
|turn|17
|
|detailschange|p2a: Pinsir|Pinsir-Mega, F, shiny
|message|Pinsir has Mega Evolved into Mega Pinsir!
|move|p2a: Pinsir|Quick Attack|p1a: Meloetta
|-supereffective|p1a: Meloetta
|-damage|p1a: Meloetta|0 fnt
|faint|p1a: Meloetta
|
|
|switch|p1a: Dracaufeu|Charizard, F|298\/298
|-damage|p1a: Dracaufeu|149\/298|[from] Stealth Rock
|turn|18
|
|detailschange|p1a: Dracaufeu|Charizard-Mega-X, F
|message|Charizard has Mega Evolved into Mega Charizard!
|move|p2a: Pinsir|Return|p1a: Dracaufeu
|-damage|p1a: Dracaufeu|0 fnt
|faint|p1a: Dracaufeu
|
|
|switch|p1a: Espeon|Espeon, F|334\/334
|-damage|p1a: Espeon|293\/334|[from] Stealth Rock
|turn|19
|
|switch|p2a: Excadrill|Excadrill, M|261\/362 slp
|-damage|p2a: Excadrill|250\/362 slp|[from] Stealth Rock
|-ability|p2a: Excadrill|Mold Breaker
|move|p1a: Espeon|Psyshock|p2a: Excadrill
|-resisted|p2a: Excadrill
|-damage|p2a: Excadrill|130\/362 slp
|-damage|p1a: Espeon|260\/334|[from] item: Life Orb
|
|turn|20
|
|cant|p2a: Excadrill|slp
|move|p1a: Espeon|Psyshock|p2a: Excadrill
|-resisted|p2a: Excadrill
|-damage|p2a: Excadrill|7\/362 slp
|-damage|p1a: Espeon|227\/334|[from] item: Life Orb
|
|turn|21
|
|-curestatus|p2a: Excadrill|slp
|move|p2a: Excadrill|Earthquake|p1a: Espeon
|-damage|p1a: Espeon|0 fnt
|faint|p1a: Espeon
|
|
|switch|p1a: Gallade|Gallade, M, shiny|278\/278
|-damage|p1a: Gallade|261\/278|[from] Stealth Rock
|turn|22
|c|âYashagaru|TIEEEEEEEEEEEENS
|
|move|p1a: Gallade|Shadow Sneak|p2a: Excadrill
|-damage|p2a: Excadrill|0 fnt
|-damage|p1a: Gallade|234\/278|[from] item: Life Orb
|faint|p2a: Excadrill
|
|
|switch|p2a: Keldeo-Resolute|Keldeo-Resolute|322\/322
|-damage|p2a: Keldeo-Resolute|302\/322|[from] Stealth Rock
|turn|23
|
|move|p2a: Keldeo-Resolute|Hydro Pump|p1a: Gallade|[miss]
|-miss|p2a: Keldeo-Resolute|p1a: Gallade
|move|p1a: Gallade|Swords Dance|p1a: Gallade
|-boost|p1a: Gallade|atk|2
|
|turn|24
|
|move|p1a: Gallade|Shadow Sneak|p2a: Keldeo-Resolute
|-crit|p2a: Keldeo-Resolute
|-damage|p2a: Keldeo-Resolute|115\/322
|-damage|p1a: Gallade|207\/278|[from] item: Life Orb
|move|p2a: Keldeo-Resolute|Hydro Pump|p1a: Gallade
|-damage|p1a: Gallade|0 fnt
|faint|p1a: Gallade
|
|win|Yashagaru
|c|âYashagaru|gg
|c|âBlue Erlade|Pas mal pour une team censÃ©e faire du troll sur les comabts alÃ©atoires.