|join|Blue Erlade
|join|iPwnz
|player|p1|Blue Erlade|260
|player|p2|iPwnz|100
|gametype|singles
|gen|6
|tier|OU
|rated
|clearpoke
|poke|p1|Gardevoir, M
|poke|p1|Landorus-Therian, M
|poke|p1|Ferrothorn, F
|poke|p1|Sylveon, M
|poke|p1|Smeargle, F
|poke|p1|Dragonite, F
|poke|p2|Charizard, M
|poke|p2|Conkeldurr, F
|poke|p2|Latios, M
|poke|p2|Starmie, shiny
|poke|p2|Talonflame, F
|poke|p2|Heatran, F
|rule|Swagger Clause: Swagger is banned
|rule|Baton Pass Clause: Limit one PokÃ©mon knowing Baton Pass
|rule|Sleep Clause Mod: Limit one foe put to sleep
|rule|Species Clause: Limit one of each PokÃ©mon
|rule|OHKO Clause: OHKO moves are banned
|rule|Moody Clause: Moody is banned
|rule|Evasion Moves Clause: Evasion moves are banned
|rule|Endless Battle Clause: Forcing endless battles is banned
|rule|HP Percentage Mod: HP is shown in percentages
|teampreview
|
|start
|switch|p1a: Smeargle|Smeargle, F|314\/314
|switch|p2a: Whazzup|Latios, M|302\/302
|turn|1
|
|move|p2a: Whazzup|Psyshock|p1a: Smeargle
|-enditem|p1a: Smeargle|Focus Sash
|-damage|p1a: Smeargle|1\/314
|-damage|p2a: Whazzup|272\/302|[from] item: Life Orb
|move|p1a: Smeargle|Dark Void|p2a: Whazzup
|-miss|p1a: Smeargle|p2a: Whazzup
|
|turn|2
|
|switch|p1a: Ferrothorn|Ferrothorn, F|352\/352
|move|p2a: Whazzup|Psyshock|p1a: Ferrothorn
|-resisted|p1a: Ferrothorn
|-damage|p1a: Ferrothorn|301\/352
|-damage|p2a: Whazzup|242\/302|[from] item: Life Orb
|
|-heal|p1a: Ferrothorn|323\/352|[from] item: Leftovers
|turn|3
|
|move|p2a: Whazzup|Ice Beam|p1a: Ferrothorn
|-damage|p1a: Ferrothorn|209\/352
|-damage|p2a: Whazzup|212\/302|[from] item: Life Orb
|move|p1a: Ferrothorn|Thunder Wave|p2a: Whazzup
|-status|p2a: Whazzup|par
|
|-heal|p1a: Ferrothorn|231\/352|[from] item: Leftovers
|turn|4
|
|move|p2a: Whazzup|Ice Beam|p1a: Ferrothorn
|-damage|p1a: Ferrothorn|109\/352
|-damage|p2a: Whazzup|182\/302 par|[from] item: Life Orb
|move|p1a: Ferrothorn|Leech Seed|p2a: Whazzup
|-start|p2a: Whazzup|move: Leech Seed
|
|-heal|p1a: Ferrothorn|131\/352|[from] item: Leftovers
|-damage|p2a: Whazzup|145\/302 par|[from] Leech Seed|[of] p1a: Ferrothorn
|-heal|p1a: Ferrothorn|168\/352|[silent]
|turn|5
|
|move|p2a: Whazzup|Ice Beam|p1a: Ferrothorn
|-damage|p1a: Ferrothorn|42\/352
|-damage|p2a: Whazzup|115\/302 par|[from] item: Life Orb
|move|p1a: Ferrothorn|Stealth Rock|p2a: Whazzup
|-sidestart|p2: iPwnz|move: Stealth Rock
|
|-heal|p1a: Ferrothorn|64\/352|[from] item: Leftovers
|-damage|p2a: Whazzup|78\/302 par|[from] Leech Seed|[of] p1a: Ferrothorn
|-heal|p1a: Ferrothorn|101\/352|[silent]
|turn|6
|
|move|p1a: Ferrothorn|Protect|p1a: Ferrothorn
|-singleturn|p1a: Ferrothorn|Protect
|move|p2a: Whazzup|Ice Beam|p1a: Ferrothorn
|-activate|p1a: Ferrothorn|Protect
|
|-heal|p1a: Ferrothorn|123\/352|[from] item: Leftovers
|-damage|p2a: Whazzup|41\/302 par|[from] Leech Seed|[of] p1a: Ferrothorn
|-heal|p1a: Ferrothorn|160\/352|[silent]
|turn|7
|
|switch|p1a: Smeargle|Smeargle, F|1\/314
|move|p2a: Whazzup|Draco Meteor|p1a: Smeargle
|-damage|p1a: Smeargle|0 fnt
|-unboost|p2a: Whazzup|spa|2
|-damage|p2a: Whazzup|11\/302 par|[from] item: Life Orb
|faint|p1a: Smeargle
|
|
|switch|p1a: Sylveon|Sylveon, M|387\/387
|turn|8
|
|switch|p1a: Landorus-Therian|Landorus-Therian, M|330\/330
|-ability|p1a: Landorus-Therian|Intimidate|[of] p2a: Whazzup
|-unboost|p2a: Whazzup|atk|1
|move|p2a: Whazzup|Thunderbolt|p1a: Landorus-Therian
|-immune|p1a: Landorus-Therian|[msg]
|
|-damage|p2a: Whazzup|0 fnt|[from] Leech Seed|[of] p1a: Landorus-Therian
|faint|p2a: Whazzup
|
|switch|p2a: Superstar|Starmie, shiny|324\/324
|-damage|p2a: Superstar|284\/324|[from] Stealth Rock
|turn|9
|
|move|p1a: Landorus-Therian|Knock Off|p2a: Superstar
|-crit|p2a: Superstar
|-supereffective|p2a: Superstar
|-damage|p2a: Superstar|0 fnt
|-enditem|p2a: Superstar|Leftovers|[from] move: Knock Off|[of] p1a: Landorus-Therian
|faint|p2a: Superstar
|
|leave|iPwnz
|player|p2
|-message|ipwnz lost due to inactivity.
|
|win|Blue Erlade
|raw|Ladder updating...
|raw|Blue Erlade's rating: 1420 &rarr; <strong>1436<\/strong><br \/>(+16 for winning)
|raw|iPwnz's rating: 1359 &rarr; <strong>1343<\/strong><br \/>(-16 for losing)