|join|Tom0410
|join|Blue Erlade
|player|p1|Tom0410|80
|player|p2|Blue Erlade|286
|gametype|singles
|gen|6
|tier|OU
|clearpoke
|poke|p1|Beedrill, F
|poke|p1|Breloom, F
|poke|p1|Raikou
|poke|p1|Greninja, M
|poke|p1|Tyranitar, M
|poke|p1|Excadrill, M
|poke|p2|Kyurem-Black
|poke|p2|Metagross
|poke|p2|Clefable, F
|poke|p2|Rotom-Wash
|poke|p2|Greninja, F
|poke|p2|Dragonite, F
|rule|Swagger Clause: Swagger is banned
|rule|Baton Pass Clause: Limit one PokÃ©mon knowing Baton Pass
|rule|Sleep Clause Mod: Limit one foe put to sleep
|rule|Species Clause: Limit one of each PokÃ©mon
|rule|OHKO Clause: OHKO moves are banned
|rule|Moody Clause: Moody is banned
|rule|Evasion Moves Clause: Evasion moves are banned
|rule|Endless Battle Clause: Forcing endless battles is banned
|rule|HP Percentage Mod: HP is shown in percentages
|teampreview
|c|âTom0410|gl
|c|âBlue Erlade|gl
|c|âBlue Erlade|Oh un Dardagnan :p
|
|start
|switch|p1a: Beedrill|Beedrill, F|272\/272
|switch|p2a: Clefable|Clefable, F|394\/394
|turn|1
|c|âTom0410|Le retour de Tyranitar !!!
|
|detailschange|p1a: Beedrill|Beedrill-Mega, F
|message|Beedrill has Mega Evolved into Mega Beedrill!
|move|p1a: Beedrill|Poison Jab|p2a: Clefable
|-supereffective|p2a: Clefable
|-damage|p2a: Clefable|50\/394
|move|p2a: Clefable|Flamethrower|p1a: Beedrill
|-supereffective|p1a: Beedrill
|-damage|p1a: Beedrill|72\/272
|
|turn|2
|c|âBlue Erlade|Awi tiens.
|
|switch|p2a: Kyurem-Black|Kyurem-Black|391\/391
|-ability|p2a: Kyurem-Black|Teravolt
|move|p1a: Beedrill|U-turn|p2a: Kyurem-Black
|-damage|p2a: Kyurem-Black|201\/391
|
|switch|p1a: Breloom|Breloom, F|323\/323
|
|-status|p1a: Breloom|tox|[from] item: Toxic Orb
|turn|3
|
|switch|p1a: Tyranitar|Tyranitar, M|404\/404
|-weather|Sandstorm
|move|p2a: Kyurem-Black|Ice Beam|p1a: Tyranitar
|-damage|p1a: Tyranitar|320\/404
|
|-weather|Sandstorm|[upkeep]
|-damage|p2a: Kyurem-Black|177\/391|[from] sandstorm
|-heal|p1a: Tyranitar|345\/404|[from] item: Leftovers
|turn|4
|
|switch|p2a: Metagross|Metagross|302\/302
|move|p1a: Tyranitar|Stealth Rock|p2a: Metagross
|-sidestart|p2: Blue Erlade|move: Stealth Rock
|
|-weather|Sandstorm|[upkeep]
|-heal|p1a: Tyranitar|370\/404|[from] item: Leftovers
|turn|5
|
|switch|p1a: Greninja|Greninja, M|285\/285
|detailschange|p2a: Metagross|Metagross-Mega
|message|Metagross has Mega Evolved into Mega Metagross!
|move|p2a: Metagross|Meteor Mash|p1a: Greninja
|-resisted|p1a: Greninja
|-damage|p1a: Greninja|111\/285
|
|-weather|Sandstorm|[upkeep]
|-damage|p1a: Greninja|94\/285|[from] sandstorm
|turn|6
|
|move|p1a: Greninja|Hydro Pump|p2a: Metagross
|-start|p1a: Greninja|typechange|Water|[from] Protean
|-damage|p2a: Metagross|98\/302
|-damage|p1a: Greninja|66\/285|[from] item: Life Orb
|move|p2a: Metagross|Earthquake|p1a: Greninja
|-damage|p1a: Greninja|0 fnt
|faint|p1a: Greninja
|
|-weather|Sandstorm|[upkeep]
|
|switch|p1a: Excadrill|Excadrill, M|362\/362
|-item|p1a: Excadrill|Air Balloon
|turn|7
|
|switch|p2a: Rotom-Wash|Rotom-Wash|303\/303
|-damage|p2a: Rotom-Wash|266\/303|[from] Stealth Rock
|move|p1a: Excadrill|Rock Slide|p2a: Rotom-Wash
|-damage|p2a: Rotom-Wash|188\/303
|
|-weather|none
|-heal|p2a: Rotom-Wash|206\/303|[from] item: Leftovers
|turn|8
|
|switch|p1a: Breloom|Breloom, F|323\/323 tox
|move|p2a: Rotom-Wash|Hydro Pump|p1a: Breloom
|-resisted|p1a: Breloom
|-damage|p1a: Breloom|220\/323 tox
|
|-heal|p2a: Rotom-Wash|224\/303|[from] item: Leftovers
|-heal|p1a: Breloom|260\/323 tox|[from] ability: Poison Heal
|turn|9
|
|move|p2a: Rotom-Wash|Volt Switch|p1a: Breloom
|-resisted|p1a: Breloom
|-damage|p1a: Breloom|190\/323 tox
|
|switch|p2a: Dragonite|Dragonite, F|324\/324
|-damage|p2a: Dragonite|243\/324|[from] Stealth Rock
|move|p1a: Breloom|Substitute|p1a: Breloom
|-start|p1a: Breloom|Substitute
|-damage|p1a: Breloom|110\/323 tox
|
|-heal|p1a: Breloom|150\/323 tox|[from] ability: Poison Heal
|turn|10
|
|move|p2a: Dragonite|Dragon Claw|p1a: Breloom
|-end|p1a: Breloom|Substitute
|move|p1a: Breloom|Spore|p2a: Dragonite
|-status|p2a: Dragonite|slp
|
|-heal|p1a: Breloom|190\/323 tox|[from] ability: Poison Heal
|turn|11
|
|cant|p2a: Dragonite|slp
|move|p1a: Breloom|Substitute|p1a: Breloom
|-start|p1a: Breloom|Substitute
|-damage|p1a: Breloom|110\/323 tox
|
|-heal|p1a: Breloom|150\/323 tox|[from] ability: Poison Heal
|turn|12
|
|-singleturn|p1a: Breloom|move: Focus Punch
|-curestatus|p2a: Dragonite|slp
|move|p2a: Dragonite|Dragon Claw|p1a: Breloom
|-end|p1a: Breloom|Substitute
|move|p1a: Breloom|Focus Punch|p2a: Dragonite
|-resisted|p2a: Dragonite
|-damage|p2a: Dragonite|126\/324
|
|-heal|p1a: Breloom|190\/323 tox|[from] ability: Poison Heal
|turn|13
|
|switch|p1a: Tyranitar|Tyranitar, M|370\/404
|-weather|Sandstorm
|move|p2a: Dragonite|Dragon Dance|p2a: Dragonite
|-boost|p2a: Dragonite|atk|1
|-boost|p2a: Dragonite|spe|1
|
|-weather|Sandstorm|[upkeep]
|-damage|p2a: Dragonite|106\/324|[from] sandstorm
|-heal|p1a: Tyranitar|395\/404|[from] item: Leftovers
|turn|14
|
|switch|p1a: Excadrill|Excadrill, M|362\/362
|-item|p1a: Excadrill|Air Balloon
|move|p2a: Dragonite|Earthquake|p1a: Excadrill
|-immune|p1a: Excadrill|[msg]
|
|-weather|Sandstorm|[upkeep]
|-damage|p2a: Dragonite|86\/324|[from] sandstorm
|turn|15
|
|move|p1a: Excadrill|Rock Slide|p2a: Dragonite
|-supereffective|p2a: Dragonite
|-damage|p2a: Dragonite|0 fnt
|faint|p2a: Dragonite
|
|-weather|Sandstorm|[upkeep]
|
|switch|p2a: Rotom-Wash|Rotom-Wash|224\/303
|-damage|p2a: Rotom-Wash|187\/303|[from] Stealth Rock
|turn|16
|
|switch|p1a: Breloom|Breloom, F|190\/323 tox
|move|p2a: Rotom-Wash|Hydro Pump|p1a: Breloom
|-resisted|p1a: Breloom
|-damage|p1a: Breloom|88\/323 tox
|
|-weather|Sandstorm|[upkeep]
|-damage|p2a: Rotom-Wash|169\/303|[from] sandstorm
|-damage|p1a: Breloom|68\/323 tox|[from] sandstorm
|-heal|p2a: Rotom-Wash|187\/303|[from] item: Leftovers
|-heal|p1a: Breloom|108\/323 tox|[from] ability: Poison Heal
|turn|17
|
|move|p2a: Rotom-Wash|Will-O-Wisp|p1a: Breloom
|-fail|p1a: Breloom
|move|p1a: Breloom|Spore|p2a: Rotom-Wash
|-status|p2a: Rotom-Wash|slp
|
|-weather|none
|-heal|p2a: Rotom-Wash|205\/303 slp|[from] item: Leftovers
|-heal|p1a: Breloom|148\/323 tox|[from] ability: Poison Heal
|turn|18
|c|âBlue Erlade|--'
|c|âTom0410|bravo
|
|switch|p2a: Clefable|Clefable, F|50\/394
|move|p1a: Breloom|Substitute|p1a: Breloom
|-start|p1a: Breloom|Substitute
|-damage|p1a: Breloom|68\/323 tox
|
|-heal|p1a: Breloom|108\/323 tox|[from] ability: Poison Heal
|turn|19
|
|move|p1a: Breloom|Bullet Seed|p2a: Clefable
|-damage|p2a: Clefable|13\/394
|-damage|p2a: Clefable|0 fnt
|-hitcount|p2a: Clefable|2
|faint|p2a: Clefable
|
|-heal|p1a: Breloom|148\/323 tox|[from] ability: Poison Heal
|
|switch|p2a: Greninja|Greninja, F|285\/285
|-damage|p2a: Greninja|250\/285|[from] Stealth Rock
|turn|20
|
|-singleturn|p1a: Breloom|move: Focus Punch
|move|p2a: Greninja|Hidden Power|p1a: Breloom
|-start|p2a: Greninja|typechange|Dark|[from] Protean
|-resisted|p1a: Breloom
|-end|p1a: Breloom|Substitute
|-damage|p2a: Greninja|222\/285|[from] item: Life Orb
|move|p1a: Breloom|Focus Punch|p2a: Greninja
|-supereffective|p2a: Greninja
|-damage|p2a: Greninja|0 fnt
|faint|p2a: Greninja
|
|-heal|p1a: Breloom|188\/323 tox|[from] ability: Poison Heal
|
|switch|p2a: Metagross|Metagross-Mega|98\/302
|-damage|p2a: Metagross|80\/302|[from] Stealth Rock
|turn|21
|
|switch|p1a: Tyranitar|Tyranitar, M|395\/404
|-weather|Sandstorm
|move|p2a: Metagross|Meteor Mash|p1a: Tyranitar
|-supereffective|p1a: Tyranitar
|-damage|p1a: Tyranitar|5\/404
|
|-weather|Sandstorm|[upkeep]
|-heal|p1a: Tyranitar|30\/404|[from] item: Leftovers
|turn|22
|
|move|p2a: Metagross|Meteor Mash|p1a: Tyranitar
|-supereffective|p1a: Tyranitar
|-damage|p1a: Tyranitar|0 fnt
|faint|p1a: Tyranitar
|
|-weather|Sandstorm|[upkeep]
|c|âBlue Erlade|gg
|
|switch|p1a: Excadrill|Excadrill, M|362\/362
|-item|p1a: Excadrill|Air Balloon
|turn|23
|c|âTom0410|gg
|
|switch|p2a: Rotom-Wash|Rotom-Wash|205\/303 slp
|-damage|p2a: Rotom-Wash|168\/303 slp|[from] Stealth Rock
|move|p1a: Excadrill|Rock Slide|p2a: Rotom-Wash
|-damage|p2a: Rotom-Wash|95\/303 slp
|
|-weather|Sandstorm|[upkeep]
|-damage|p2a: Rotom-Wash|77\/303 slp|[from] sandstorm
|-heal|p2a: Rotom-Wash|95\/303 slp|[from] item: Leftovers
|turn|24
|
|move|p1a: Excadrill|Rock Slide|p2a: Rotom-Wash
|-damage|p2a: Rotom-Wash|27\/303 slp
|cant|p2a: Rotom-Wash|slp
|
|-weather|Sandstorm|[upkeep]
|-damage|p2a: Rotom-Wash|9\/303 slp|[from] sandstorm
|-heal|p2a: Rotom-Wash|27\/303 slp|[from] item: Leftovers
|turn|25
|
|move|p1a: Excadrill|Rock Slide|p2a: Rotom-Wash
|-damage|p2a: Rotom-Wash|0 fnt
|faint|p2a: Rotom-Wash
|
|-weather|none
|
|switch|p2a: Kyurem-Black|Kyurem-Black|177\/391
|-damage|p2a: Kyurem-Black|80\/391|[from] Stealth Rock
|-ability|p2a: Kyurem-Black|Teravolt
|turn|26
|
|switch|p1a: Breloom|Breloom, F|188\/323 tox
|move|p2a: Kyurem-Black|Ice Beam|p1a: Breloom
|-supereffective|p1a: Breloom
|-damage|p1a: Breloom|0 fnt
|faint|p1a: Breloom
|
|
|switch|p1a: Raikou|Raikou|322\/322
|-ability|p1a: Raikou|Pressure
|turn|27
|
|switch|p2a: Metagross|Metagross-Mega|80\/302
|-damage|p2a: Metagross|62\/302|[from] Stealth Rock
|move|p1a: Raikou|Shadow Ball|p2a: Metagross
|-supereffective|p2a: Metagross
|-damage|p2a: Metagross|0 fnt
|faint|p2a: Metagross
|
|
|switch|p2a: Kyurem-Black|Kyurem-Black|80\/391
|-damage|p2a: Kyurem-Black|0 fnt|[from] Stealth Rock
|faint|p2a: Kyurem-Black
|
|win|Tom0410
|c|âBlue Erlade|Hum.
|c|âTom0410|bravo
|c|âBlue Erlade|?
|c|âBlue Erlade|Ma team n'est pas prete.
|c|âTom0410|Breloom fonctionne bien comme Ã§a
|c|âBlue Erlade|Et j'ai totalement foirÃ© avec Rotom.
|c|âTom0410|il contre totalement Rotom et lando-T
|c|âBlue Erlade|Lando-T peut toujours U-Turn.
|c|âTom0410|mais il fait rien
|c|âTom0410|je suis 252 Hp, 252 def
|c|âTom0410|et adamant
|c|âBlue Erlade|Ah bon ?
|c|âTom0410|oui
|c|âBlue Erlade|Mmm.
|c|âTom0410|c'est un peu gimmick
|c|âBlue Erlade|La morkitu
|c|âTom0410|un autre combat ?
|c|âTom0410|j'ai une team encore mieux :p