|join|keeenanyo
|join|Blue Erlade
|player|p1|keeenanyo|102
|player|p2|Blue Erlade|286
|gametype|singles
|gen|6
|tier|OU
|rated
|clearpoke
|poke|p1|Victini
|poke|p1|Azumarill, M
|poke|p1|Thundurus, M
|poke|p1|Venusaur, M
|poke|p1|Keldeo
|poke|p1|Blissey, F
|poke|p2|Gothitelle, M
|poke|p2|Landorus-Therian, M
|poke|p2|Absol, F
|poke|p2|Latias, F
|poke|p2|Clefable, F
|poke|p2|Heatran, M
|rule|Swagger Clause: Swagger is banned
|rule|Baton Pass Clause: Limit one PokÃ©mon knowing Baton Pass
|rule|Sleep Clause Mod: Limit one foe put to sleep
|rule|Species Clause: Limit one of each PokÃ©mon
|rule|OHKO Clause: OHKO moves are banned
|rule|Moody Clause: Moody is banned
|rule|Evasion Moves Clause: Evasion moves are banned
|rule|Endless Battle Clause: Forcing endless battles is banned
|rule|HP Percentage Mod: HP is shown in percentages
|teampreview
|
|start
|switch|p1a: Azumarill|Azumarill, M|364\/364
|switch|p2a: Absol|Absol, F|271\/271
|-ability|p2a: Absol|Pressure
|turn|1
|
|switch|p2a: Clefable|Clefable, F|394\/394
|move|p1a: Azumarill|Belly Drum|p1a: Azumarill
|-damage|p1a: Azumarill|182\/364
|-setboost|p1a: Azumarill|atk|6|[from] move: Belly Drum
|-enditem|p1a: Azumarill|Sitrus Berry|[eat]
|-heal|p1a: Azumarill|273\/364|[from] item: Sitrus Berry
|
|turn|2
|
|move|p1a: Azumarill|Aqua Jet|p2a: Clefable
|-damage|p2a: Clefable|0 fnt
|faint|p2a: Clefable
|
|
|switch|p2a: Latias|Latias, F|302\/302
|turn|3
|
|move|p1a: Azumarill|Aqua Jet|p2a: Latias
|-resisted|p2a: Latias
|-damage|p2a: Latias|113\/302
|move|p2a: Latias|Psyshock|p1a: Azumarill
|-damage|p1a: Azumarill|81\/364
|-damage|p2a: Latias|83\/302|[from] item: Life Orb
|
|turn|4
|
|move|p1a: Azumarill|Aqua Jet|p2a: Latias
|-resisted|p2a: Latias
|-damage|p2a: Latias|0 fnt
|faint|p2a: Latias
|
|
|switch|p2a: Landorus-Therian|Landorus-Therian, M|354\/354
|-ability|p2a: Landorus-Therian|Intimidate|[of] p1a: Azumarill
|-unboost|p1a: Azumarill|atk|1
|turn|5
|
|move|p1a: Azumarill|Aqua Jet|p2a: Landorus-Therian
|-supereffective|p2a: Landorus-Therian
|-damage|p2a: Landorus-Therian|0 fnt
|faint|p2a: Landorus-Therian
|
|
|switch|p2a: Heatran|Heatran, M|386\/386
|turn|6
|
|move|p1a: Azumarill|Aqua Jet|p2a: Heatran
|-supereffective|p2a: Heatran
|-damage|p2a: Heatran|0 fnt
|faint|p2a: Heatran
|
|-message|Blue Erlade forfeited.
|
|win|keeenanyo
|raw|Ladder updating...
|leave|Blue Erlade
|player|p2
|raw|keeenanyo's rating: 1336 &rarr; <strong>1354<\/strong><br \/>(+18 for winning)
|raw|Blue Erlade's rating: 1308 &rarr; <strong>1289<\/strong><br \/>(-19 for losing)