|join|Tom0410
|join|Blue Erlade
|player|p1|Tom0410|80
|player|p2|Blue Erlade|290
|gametype|singles
|gen|6
|tier|OU
|clearpoke
|poke|p1|Raikou
|poke|p1|Latias, F
|poke|p1|Landorus-Therian, M
|poke|p1|Greninja, F
|poke|p1|Sceptile, M
|poke|p1|Talonflame, F
|poke|p2|Metagross
|poke|p2|Thundurus, M
|poke|p2|Magnezone
|poke|p2|Latias, F
|poke|p2|Breloom, M
|poke|p2|Azumarill, F
|rule|Swagger Clause: Swagger is banned
|rule|Baton Pass Clause: Limit one PokÃ©mon knowing Baton Pass
|rule|Sleep Clause Mod: Limit one foe put to sleep
|rule|Species Clause: Limit one of each PokÃ©mon
|rule|OHKO Clause: OHKO moves are banned
|rule|Moody Clause: Moody is banned
|rule|Evasion Moves Clause: Evasion moves are banned
|rule|Endless Battle Clause: Forcing endless battles is banned
|rule|HP Percentage Mod: HP is shown in percentages
|teampreview
|c|âBlue Erlade|Gl
|c|âTom0410|gl
|
|start
|switch|p1a: Raikou|Raikou|322\/322
|switch|p2a: Breloom|Breloom, M|262\/262
|-ability|p1a: Raikou|Pressure
|turn|1
|
|move|p1a: Raikou|Volt Switch|p2a: Breloom
|-resisted|p2a: Breloom
|-damage|p2a: Breloom|139\/262
|
|switch|p1a: Sceptile|Sceptile, M|281\/281
|move|p2a: Breloom|Spore|p1a: Sceptile
|-fail|p1a: Sceptile
|
|turn|2
|
|detailschange|p1a: Sceptile|Sceptile-Mega, M
|message|Sceptile has Mega Evolved into Mega Sceptile!
|move|p2a: Breloom|Mach Punch|p1a: Sceptile
|-damage|p1a: Sceptile|115\/281
|move|p1a: Sceptile|Hidden Power|p2a: Breloom
|-supereffective|p2a: Breloom
|-damage|p2a: Breloom|0 fnt
|faint|p2a: Breloom
|
|
|switch|p2a: Terminator|Metagross|302\/302
|turn|3
|
|switch|p1a: Talonflame|Talonflame, F|298\/298
|detailschange|p2a: Terminator|Metagross-Mega
|message|Metagross has Mega Evolved into Mega Metagross!
|move|p2a: Terminator|Ice Punch|p1a: Talonflame
|-damage|p1a: Talonflame|136\/298
|-status|p1a: Talonflame|frz
|
|turn|4
|c|âBlue Erlade|Sorty.
|c|âTom0410|non mais lol
|
|cant|p1a: Talonflame|frz
|move|p2a: Terminator|Meteor Mash|p1a: Talonflame
|-resisted|p1a: Talonflame
|-damage|p1a: Talonflame|0 fnt
|faint|p1a: Talonflame
|
|c|âTom0410|srx
|
|switch|p1a: Raikou|Raikou|322\/322
|-ability|p1a: Raikou|Pressure
|turn|5
|c|âBlue Erlade|Je savais meme plusnque ca gelait.
|c|âTom0410|!data Metagross Mega$
|c|~|\/data-pokemon Metagross-Mega

|
|move|p1a: Raikou|Volt Switch|p2a: Terminator
|-damage|p2a: Terminator|148\/302
|
|switch|p1a: Landorus-Therian|Landorus-Therian, M|382\/382
|-ability|p1a: Landorus-Therian|Intimidate|[of] p2a: Terminator
|-unboost|p2a: Terminator|atk|1
|move|p2a: Terminator|Earthquake|p1a: Landorus-Therian
|-immune|p1a: Landorus-Therian|[msg]
|
|turn|6
|
|switch|p2a: Azumarill|Azumarill, F|404\/404
|move|p1a: Landorus-Therian|Earthquake|p2a: Azumarill
|-damage|p2a: Azumarill|215\/404
|
|turn|7
|
|switch|p1a: Raikou|Raikou|322\/322
|-ability|p1a: Raikou|Pressure
|move|p2a: Azumarill|Play Rough|p1a: Raikou
|-crit|p1a: Raikou
|-damage|p1a: Raikou|0 fnt
|faint|p1a: Raikou
|
|c|âTom0410|non mais srx
|c|âBlue Erlade|That haxx O_o
|c|âTom0410|bander ?
|c|âBlue Erlade|Nan
|c|âTom0410|?
|c|âTom0410|252+ Atk Huge Power Azumarill Play Rough vs. 4 HP \/ 0 Def Raikou: 228-268 (70.8 - 83.2%) -- guaranteed 2HKO
|c|âTom0410|c'est rude
|
|switch|p1a: Sceptile|Sceptile-Mega, M|115\/281
|turn|8
|
|switch|p2a: Magnezone|Magnezone|344\/344
|move|p1a: Sceptile|Leaf Storm|p2a: Magnezone
|-resisted|p2a: Magnezone
|-damage|p2a: Magnezone|210\/344
|-unboost|p1a: Sceptile|spa|2
|
|turn|9
|
|move|p1a: Sceptile|Earthquake|p2a: Magnezone
|-supereffective|p2a: Magnezone
|-damage|p2a: Magnezone|0 fnt
|faint|p2a: Magnezone
|
|
|switch|p2a: Thundurus|Thundurus, M|299\/299
|turn|10
|
|switch|p1a: Latias|Latias, F|302\/302
|move|p2a: Thundurus|Thunder Wave|p1a: Latias
|-status|p1a: Latias|par
|
|turn|11
|
|switch|p2a: Azumarill|Azumarill, F|215\/404
|move|p1a: Latias|Draco Meteor|p2a: Azumarill
|-immune|p2a: Azumarill|[msg]
|
|turn|12
|
|switch|p1a: Landorus-Therian|Landorus-Therian, M|382\/382
|-ability|p1a: Landorus-Therian|Intimidate|[of] p2a: Azumarill
|-unboost|p2a: Azumarill|atk|1
|move|p2a: Azumarill|Play Rough|p1a: Landorus-Therian
|-damage|p1a: Landorus-Therian|274\/382
|-unboost|p1a: Landorus-Therian|atk|1
|
|-heal|p1a: Landorus-Therian|297\/382|[from] item: Leftovers
|turn|13
|c|âTom0410|non mais rofl
|c|âBlue Erlade|?
|c|âTom0410|la baisse d'atk
|c|âBlue Erlade|Awi.
|
|move|p1a: Landorus-Therian|Earthquake|p2a: Azumarill
|-damage|p2a: Azumarill|94\/404
|move|p2a: Azumarill|Play Rough|p1a: Landorus-Therian
|-damage|p1a: Landorus-Therian|200\/382
|
|-heal|p1a: Landorus-Therian|223\/382|[from] item: Leftovers
|turn|14
|
|move|p2a: Azumarill|Aqua Jet|p1a: Landorus-Therian
|-supereffective|p1a: Landorus-Therian
|-damage|p1a: Landorus-Therian|133\/382
|move|p1a: Landorus-Therian|Stealth Rock|p2a: Azumarill
|-sidestart|p2: Blue Erlade|move: Stealth Rock
|
|-heal|p1a: Landorus-Therian|156\/382|[from] item: Leftovers
|turn|15
|
|move|p1a: Landorus-Therian|Earthquake|p2a: Azumarill
|-damage|p2a: Azumarill|0 fnt
|faint|p2a: Azumarill
|
|-heal|p1a: Landorus-Therian|179\/382|[from] item: Leftovers
|
|switch|p2a: Terminator|Metagross-Mega|148\/302
|-damage|p2a: Terminator|130\/302|[from] Stealth Rock
|turn|16
|
|switch|p1a: Greninja|Greninja, F|285\/285
|move|p2a: Terminator|Ice Punch|p1a: Greninja
|-resisted|p1a: Greninja
|-damage|p1a: Greninja|186\/285
|
|turn|17
|
|switch|p2a: Latias|Latias, F|302\/302
|-damage|p2a: Latias|265\/302|[from] Stealth Rock
|move|p1a: Greninja|Hidden Power|p2a: Latias
|-start|p1a: Greninja|typechange|Fire|[from] Protean
|-resisted|p2a: Latias
|-damage|p2a: Latias|214\/302
|-damage|p1a: Greninja|158\/285|[from] item: Life Orb
|
|turn|18
|
|move|p1a: Greninja|Ice Beam|p2a: Latias
|-start|p1a: Greninja|typechange|Ice|[from] Protean
|-supereffective|p2a: Latias
|-damage|p2a: Latias|0 fnt
|-damage|p1a: Greninja|130\/285|[from] item: Life Orb
|faint|p2a: Latias
|
|
|switch|p2a: Thundurus|Thundurus, M|299\/299
|-damage|p2a: Thundurus|225\/299|[from] Stealth Rock
|turn|19
|c|âBlue Erlade|Gg
|c|âTom0410|yep
|
|switch|p1a: Landorus-Therian|Landorus-Therian, M|179\/382
|-ability|p1a: Landorus-Therian|Intimidate|[of] p2a: Thundurus
|-unboost|p2a: Thundurus|atk|1
|move|p2a: Thundurus|Thunder Wave|p1a: Landorus-Therian
|-immune|p1a: Landorus-Therian|[msg]
|
|-heal|p1a: Landorus-Therian|202\/382|[from] item: Leftovers
|turn|20
|
|move|p2a: Thundurus|Hidden Power|p1a: Landorus-Therian
|-supereffective|p1a: Landorus-Therian
|-damage|p1a: Landorus-Therian|0 fnt
|-damage|p2a: Thundurus|196\/299|[from] item: Life Orb
|faint|p1a: Landorus-Therian
|
|
|switch|p1a: Sceptile|Sceptile-Mega, M|115\/281
|turn|21
|
|move|p1a: Sceptile|Dragon Pulse|p2a: Thundurus
|-damage|p2a: Thundurus|10\/299
|move|p2a: Thundurus|Hidden Power|p1a: Sceptile
|-supereffective|p1a: Sceptile
|-damage|p1a: Sceptile|0 fnt
|-damage|p2a: Thundurus|0 fnt|[from] item: Life Orb
|faint|p1a: Sceptile
|faint|p2a: Thundurus
|
|
|switch|p1a: Greninja|Greninja, F|130\/285
|switch|p2a: Terminator|Metagross-Mega|130\/302
|-damage|p2a: Terminator|112\/302|[from] Stealth Rock
|turn|22
|
|move|p1a: Greninja|Hidden Power|p2a: Terminator
|-start|p1a: Greninja|typechange|Fire|[from] Protean
|-supereffective|p2a: Terminator
|-damage|p2a: Terminator|0 fnt
|-damage|p1a: Greninja|102\/285|[from] item: Life Orb
|faint|p2a: Terminator
|
|win|Tom0410