|join|Blue Erlade
|join|beancount
|player|p1|Blue Erlade|290
|player|p2|beancount|102
|gametype|singles
|gen|6
|tier|OU
|rated
|clearpoke
|poke|p1|Gallade, M
|poke|p1|Bisharp, F
|poke|p1|Rotom-Wash
|poke|p1|Clefable, F
|poke|p1|Ferrothorn, F
|poke|p1|Latios, M
|poke|p2|Scolipede, F
|poke|p2|Latias, F
|poke|p2|Landorus-Therian, M
|poke|p2|Slowbro, F
|poke|p2|Ferrothorn, M
|poke|p2|Heatran, F
|rule|Swagger Clause: Swagger is banned
|rule|Baton Pass Clause: Limit one PokÃ©mon knowing Baton Pass
|rule|Sleep Clause Mod: Limit one foe put to sleep
|rule|Species Clause: Limit one of each PokÃ©mon
|rule|OHKO Clause: OHKO moves are banned
|rule|Moody Clause: Moody is banned
|rule|Evasion Moves Clause: Evasion moves are banned
|rule|Endless Battle Clause: Forcing endless battles is banned
|rule|HP Percentage Mod: HP is shown in percentages
|teampreview
|
|start
|switch|p1a: Bisharp|Bisharp, F|271\/271
|switch|p2a: Scolipede|Scolipede, F|262\/262
|turn|1
|
|move|p2a: Scolipede|Earthquake|p1a: Bisharp
|-supereffective|p1a: Bisharp
|-damage|p1a: Bisharp|0 fnt
|-damage|p2a: Scolipede|236\/262|[from] item: Life Orb
|faint|p1a: Bisharp
|
|-boost|p2a: Scolipede|spe|1|[from] ability: Speed Boost
|
|switch|p1a: Latios|Latios, M|301\/301
|turn|2
|
|switch|p1a: Ferrothorn|Ferrothorn, F|352\/352
|move|p2a: Scolipede|Megahorn|p1a: Ferrothorn|[miss]
|-miss|p2a: Scolipede|p1a: Ferrothorn
|
|-boost|p2a: Scolipede|spe|1|[from] ability: Speed Boost
|turn|3
|
|switch|p2a: Landorus-Therian|Landorus-Therian, M|320\/320
|-ability|p2a: Landorus-Therian|Intimidate|[of] p1a: Ferrothorn
|-unboost|p1a: Ferrothorn|atk|1
|move|p1a: Ferrothorn|Leech Seed|p2a: Landorus-Therian
|-start|p2a: Landorus-Therian|move: Leech Seed
|
|-damage|p2a: Landorus-Therian|280\/320|[from] Leech Seed|[of] p1a: Ferrothorn
|turn|4
|
|move|p2a: Landorus-Therian|Knock Off|p1a: Ferrothorn
|-damage|p1a: Ferrothorn|254\/352
|-damage|p2a: Landorus-Therian|240\/320|[from] ability: Iron Barbs|[of] p1a: Ferrothorn
|-enditem|p1a: Ferrothorn|Shed Shell|[from] move: Knock Off|[of] p2a: Landorus-Therian
|move|p1a: Ferrothorn|Stealth Rock|p2a: Landorus-Therian
|-sidestart|p2: beancount|move: Stealth Rock
|
|-damage|p2a: Landorus-Therian|200\/320|[from] Leech Seed|[of] p1a: Ferrothorn
|-heal|p1a: Ferrothorn|294\/352|[silent]
|turn|5
|
|switch|p2a: Heatran|Heatran, F|386\/386
|-damage|p2a: Heatran|338\/386|[from] Stealth Rock
|move|p1a: Ferrothorn|Power Whip|p2a: Heatran
|-resisted|p2a: Heatran
|-damage|p2a: Heatran|320\/386
|
|-heal|p2a: Heatran|344\/386|[from] item: Leftovers
|turn|6
|
|switch|p1a: Gallade|Gallade, M|277\/277
|move|p2a: Heatran|Toxic|p1a: Gallade
|-status|p1a: Gallade|tox
|
|-heal|p2a: Heatran|368\/386|[from] item: Leftovers
|-damage|p1a: Gallade|260\/277 tox|[from] psn
|turn|7
|
|switch|p2a: Landorus-Therian|Landorus-Therian, M|200\/320
|-damage|p2a: Landorus-Therian|160\/320|[from] Stealth Rock
|-ability|p2a: Landorus-Therian|Intimidate|[of] p1a: Gallade
|-unboost|p1a: Gallade|atk|1
|detailschange|p1a: Gallade|Gallade-Mega, M
|message|Gallade has Mega Evolved into Mega Gallade!
|move|p1a: Gallade|Swords Dance|p1a: Gallade
|-boost|p1a: Gallade|atk|2
|
|-damage|p1a: Gallade|226\/277 tox|[from] psn
|turn|8
|
|switch|p1a: Rotom-Wash|Rotom-Wash|303\/303
|move|p2a: Landorus-Therian|Earthquake|p1a: Rotom-Wash
|-immune|p1a: Rotom-Wash|[msg]
|
|turn|9
|
|switch|p2a: Ferrothorn|Ferrothorn, M|352\/352
|-damage|p2a: Ferrothorn|330\/352|[from] Stealth Rock
|move|p1a: Rotom-Wash|Will-O-Wisp|p2a: Ferrothorn
|-status|p2a: Ferrothorn|brn
|
|-damage|p2a: Ferrothorn|286\/352 brn|[from] brn
|turn|10
|
|move|p1a: Rotom-Wash|Volt Switch|p2a: Ferrothorn
|-resisted|p2a: Ferrothorn
|-damage|p2a: Ferrothorn|257\/352 brn
|
|switch|p1a: Ferrothorn|Ferrothorn, F|294\/352
|move|p2a: Ferrothorn|Thunder Wave|p1a: Ferrothorn
|-status|p1a: Ferrothorn|par
|
|-damage|p2a: Ferrothorn|213\/352 brn|[from] brn
|turn|11
|
|move|p2a: Ferrothorn|Stealth Rock|p1a: Ferrothorn
|-sidestart|p1: Blue Erlade|move: Stealth Rock
|cant|p1a: Ferrothorn|par
|
|-damage|p2a: Ferrothorn|169\/352 brn|[from] brn
|turn|12
|
|switch|p2a: Heatran|Heatran, F|368\/386
|-damage|p2a: Heatran|320\/386|[from] Stealth Rock
|switch|p1a: Rotom-Wash|Rotom-Wash|303\/303
|-damage|p1a: Rotom-Wash|266\/303|[from] Stealth Rock
|
|-heal|p1a: Rotom-Wash|284\/303|[from] item: Leftovers
|-heal|p2a: Heatran|344\/386|[from] item: Leftovers
|turn|13
|
|move|p1a: Rotom-Wash|Hydro Pump|p2a: Heatran
|-supereffective|p2a: Heatran
|-damage|p2a: Heatran|98\/386
|move|p2a: Heatran|Toxic|p1a: Rotom-Wash
|-status|p1a: Rotom-Wash|tox
|
|-heal|p1a: Rotom-Wash|302\/303 tox|[from] item: Leftovers
|-heal|p2a: Heatran|122\/386|[from] item: Leftovers
|-damage|p1a: Rotom-Wash|284\/303 tox|[from] psn
|turn|14
|
|move|p2a: Heatran|Protect|p2a: Heatran
|-singleturn|p2a: Heatran|Protect
|move|p1a: Rotom-Wash|Volt Switch|p2a: Heatran
|-activate|p2a: Heatran|Protect
|
|-heal|p1a: Rotom-Wash|302\/303 tox|[from] item: Leftovers
|-heal|p2a: Heatran|146\/386|[from] item: Leftovers
|-damage|p1a: Rotom-Wash|266\/303 tox|[from] psn
|turn|15
|
|switch|p2a: Latias|Latias, F|364\/364
|-damage|p2a: Latias|319\/364|[from] Stealth Rock
|move|p1a: Rotom-Wash|Hydro Pump|p2a: Latias
|-resisted|p2a: Latias
|-damage|p2a: Latias|261\/364
|
|-heal|p1a: Rotom-Wash|284\/303 tox|[from] item: Leftovers
|-damage|p1a: Rotom-Wash|230\/303 tox|[from] psn
|turn|16
|
|switch|p1a: Clefable|Clefable, F|394\/394
|detailschange|p2a: Latias|Latias-Mega, F
|message|Latias has Mega Evolved into Mega Latias!
|move|p2a: Latias|Calm Mind|p2a: Latias
|-boost|p2a: Latias|spa|1
|-boost|p2a: Latias|spd|1
|
|turn|17
|
|move|p2a: Latias|Calm Mind|p2a: Latias
|-boost|p2a: Latias|spa|1
|-boost|p2a: Latias|spd|1
|move|p1a: Clefable|Calm Mind|p1a: Clefable
|-boost|p1a: Clefable|spa|1
|-boost|p1a: Clefable|spd|1
|
|turn|18
|
|move|p2a: Latias|Calm Mind|p2a: Latias
|-boost|p2a: Latias|spa|1
|-boost|p2a: Latias|spd|1
|move|p1a: Clefable|Moonblast|p2a: Latias
|-supereffective|p2a: Latias
|-damage|p2a: Latias|128\/364
|
|turn|19
|
|move|p2a: Latias|Calm Mind|p2a: Latias
|-boost|p2a: Latias|spa|1
|-boost|p2a: Latias|spd|1
|move|p1a: Clefable|Moonblast|p2a: Latias
|-supereffective|p2a: Latias
|-damage|p2a: Latias|27\/364
|
|turn|20
|
|move|p2a: Latias|Recover|p2a: Latias
|-heal|p2a: Latias|209\/364
|move|p1a: Clefable|Moonblast|p2a: Latias
|-supereffective|p2a: Latias
|-damage|p2a: Latias|108\/364
|
|turn|21
|
|move|p2a: Latias|Calm Mind|p2a: Latias
|-boost|p2a: Latias|spa|1
|-boost|p2a: Latias|spd|1
|move|p1a: Clefable|Moonblast|p2a: Latias
|-supereffective|p2a: Latias
|-damage|p2a: Latias|14\/364
|
|turn|22
|
|move|p2a: Latias|Recover|p2a: Latias
|-heal|p2a: Latias|196\/364
|move|p1a: Clefable|Moonblast|p2a: Latias
|-supereffective|p2a: Latias
|-damage|p2a: Latias|102\/364
|-unboost|p2a: Latias|spa|1
|
|turn|23
|
|move|p2a: Latias|Recover|p2a: Latias
|-heal|p2a: Latias|284\/364
|move|p1a: Clefable|Moonblast|p2a: Latias
|-supereffective|p2a: Latias
|-damage|p2a: Latias|198\/364
|
|turn|24
|
|move|p2a: Latias|Recover|p2a: Latias
|-heal|p2a: Latias|364\/364
|move|p1a: Clefable|Calm Mind|p1a: Clefable
|-boost|p1a: Clefable|spa|1
|-boost|p1a: Clefable|spd|1
|
|turn|25
|
|move|p2a: Latias|Stored Power|p1a: Clefable
|-damage|p1a: Clefable|0 fnt
|faint|p1a: Clefable
|
|
|switch|p1a: Gallade|Gallade-Mega, M|226\/277 tox
|-damage|p1a: Gallade|209\/277 tox|[from] Stealth Rock
|turn|26
|
|move|p1a: Gallade|Shadow Sneak|p2a: Latias
|-supereffective|p2a: Latias
|-damage|p2a: Latias|292\/364
|move|p2a: Latias|Stored Power|p1a: Gallade
|-damage|p1a: Gallade|0 fnt
|faint|p1a: Gallade
|
|
|switch|p1a: Ferrothorn|Ferrothorn, F|294\/352 par
|-damage|p1a: Ferrothorn|272\/352 par|[from] Stealth Rock
|turn|27
|
|move|p2a: Latias|Stored Power|p1a: Ferrothorn
|-resisted|p1a: Ferrothorn
|-damage|p1a: Ferrothorn|0 fnt
|faint|p1a: Ferrothorn
|
|
|switch|p1a: Latios|Latios, M|301\/301
|-damage|p1a: Latios|264\/301|[from] Stealth Rock
|turn|28
|
|move|p1a: Latios|Draco Meteor|p2a: Latias|[miss]
|-miss|p1a: Latios|p2a: Latias
|move|p2a: Latias|Dragon Pulse|p1a: Latios
|-supereffective|p1a: Latios
|-damage|p1a: Latios|0 fnt
|faint|p1a: Latios
|
|-message|Blue Erlade forfeited.
|
|win|beancount
|raw|Ladder updating...
|leave|Blue Erlade
|player|p1
|raw|Blue Erlade's rating: 1326 &rarr; <strong>1303<\/strong><br \/>(-23 for losing)
|raw|beancount's rating: 1261 &rarr; <strong>1290<\/strong><br \/>(+29 for winning)