|join|Leeeeo
|join|Blue Erlade
|player|p1|Leeeeo|169
|player|p2|Blue Erlade|286
|gametype|singles
|gen|6
|tier|OU
|clearpoke
|poke|p1|Talonflame, F, shiny
|poke|p1|Chansey, F, shiny
|poke|p1|Mew, shiny
|poke|p1|Bisharp, M, shiny
|poke|p1|Thundurus, M
|poke|p1|Medicham, F, shiny
|poke|p2|Gardevoir, F
|poke|p2|Landorus-Therian, M
|poke|p2|Latios, M
|poke|p2|Bisharp, M
|poke|p2|Lanturn, F
|poke|p2|Ferrothorn, M
|rule|Swagger Clause: Swagger is banned
|rule|Baton Pass Clause: Limit one PokÃ©mon knowing Baton Pass
|rule|Sleep Clause Mod: Limit one foe put to sleep
|rule|Species Clause: Limit one of each PokÃ©mon
|rule|OHKO Clause: OHKO moves are banned
|rule|Moody Clause: Moody is banned
|rule|Evasion Moves Clause: Evasion moves are banned
|rule|Endless Battle Clause: Forcing endless battles is banned
|rule|HP Percentage Mod: HP is shown in percentages
|teampreview
|c|âBlue Erlade|Koukou.
|c|âLeeeeo|Yo :)
|c|âLeeeeo|c'est ta team cartouche ?
|c|âBlue Erlade|Plus ou moins.
|
|start
|switch|p1a: Maitre Yoda|Medicham, F, shiny|262\/262
|switch|p2a: Latios|Latios, M|301\/301
|turn|1
|c|âBlue Erlade|Jerry.
|
|switch|p2a: Ferrothorn|Ferrothorn, M|352\/352
|detailschange|p1a: Maitre Yoda|Medicham-Mega, F, shiny
|message|Medicham has Mega Evolved into Mega Medicham!
|move|p1a: Maitre Yoda|Fake Out|p2a: Ferrothorn
|-resisted|p2a: Ferrothorn
|-damage|p2a: Ferrothorn|328\/352
|-damage|p1a: Maitre Yoda|230\/262|[from] ability: Iron Barbs|[of] p2a: Ferrothorn
|
|-heal|p2a: Ferrothorn|350\/352|[from] item: Leftovers
|turn|2
|
|switch|p1a: Mew|Mew, shiny|404\/404
|move|p2a: Ferrothorn|Protect|p2a: Ferrothorn
|-fail|p2a: Ferrothorn
|
|-heal|p2a: Ferrothorn|352\/352|[from] item: Leftovers
|turn|3
|
|move|p1a: Mew|Will-O-Wisp|p2a: Ferrothorn
|-status|p2a: Ferrothorn|brn
|move|p2a: Ferrothorn|Stealth Rock|p1a: Mew
|-sidestart|p1: Leeeeo|move: Stealth Rock
|
|-damage|p2a: Ferrothorn|308\/352 brn|[from] brn
|turn|4
|c|âLeeeeo|Ton Lanturn m'intrigue lol
|
|move|p1a: Mew|Knock Off|p2a: Ferrothorn
|-damage|p2a: Ferrothorn|262\/352 brn
|-damage|p1a: Mew|354\/404|[from] ability: Iron Barbs|[of] p2a: Ferrothorn
|-enditem|p2a: Ferrothorn|Leftovers|[from] move: Knock Off|[of] p1a: Mew
|move|p2a: Ferrothorn|Leech Seed|p1a: Mew
|-start|p1a: Mew|move: Leech Seed
|
|-heal|p1a: Mew|379\/404|[from] item: Leftovers
|-damage|p1a: Mew|329\/404|[from] Leech Seed|[of] p2a: Ferrothorn
|-heal|p2a: Ferrothorn|312\/352 brn|[silent]
|-damage|p2a: Ferrothorn|268\/352 brn|[from] brn
|turn|5
|
|switch|p2a: Bisharp|Bisharp, M|271\/271
|move|p1a: Mew|Defog|p2a: Bisharp
|-unboost|p2a: Bisharp|evasion|1
|-boost|p2a: Bisharp|atk|2|[from] ability: Defiant
|-sideend|p1: Leeeeo|Stealth Rock|[from] move: Defog|[of] p1a: Mew
|
|-heal|p1a: Mew|354\/404|[from] item: Leftovers
|-damage|p1a: Mew|304\/404|[from] Leech Seed|[of] p2a: Bisharp
|turn|6
|
|move|p1a: Mew|Will-O-Wisp|p2a: Bisharp
|-status|p2a: Bisharp|brn
|move|p2a: Bisharp|Knock Off|p1a: Mew
|-supereffective|p1a: Mew
|-damage|p1a: Mew|0 fnt
|-enditem|p1a: Mew|Leftovers|[from] move: Knock Off|[of] p2a: Bisharp
|faint|p1a: Mew
|
|-damage|p2a: Bisharp|238\/271 brn|[from] brn
|c|âBlue Erlade|_1
|c|âBlue Erlade|Alors ?
|
|switch|p1a: Maitre Yoda|Medicham-Mega, F, shiny|230\/262
|turn|7
|
|move|p1a: Maitre Yoda|Fake Out|p2a: Bisharp
|-resisted|p2a: Bisharp
|-damage|p2a: Bisharp|197\/271 brn
|cant|p2a: Bisharp|flinch
|
|-damage|p2a: Bisharp|164\/271 brn|[from] brn
|turn|8
|
|move|p2a: Bisharp|Sucker Punch|p1a: Maitre Yoda
|-damage|p1a: Maitre Yoda|23\/262
|move|p1a: Maitre Yoda|High Jump Kick|p2a: Bisharp
|-supereffective|p2a: Bisharp
|-damage|p2a: Bisharp|0 fnt
|faint|p2a: Bisharp
|
|
|switch|p2a: Landorus-Therian|Landorus-Therian, M|354\/354
|-ability|p2a: Landorus-Therian|Intimidate|[of] p1a: Maitre Yoda
|-unboost|p1a: Maitre Yoda|atk|1
|turn|9
|
|switch|p1a: Leveinard|Chansey, F, shiny|642\/642
|move|p2a: Landorus-Therian|Earthquake|p1a: Leveinard
|-damage|p1a: Leveinard|365\/642
|
|turn|10
|
|switch|p2a: Gardevoir|Gardevoir, F|277\/277
|-ability|p2a: Gardevoir|Natural Cure|[from] ability: Trace|[of] p1a: Leveinard
|move|p1a: Leveinard|Soft-Boiled|p1a: Leveinard
|-heal|p1a: Leveinard|642\/642
|
|turn|11
|
|detailschange|p2a: Gardevoir|Gardevoir-Mega, F
|message|Gardevoir has Mega Evolved into Mega Gardevoir!
|move|p2a: Gardevoir|Taunt|p1a: Leveinard
|-start|p1a: Leveinard|move: Taunt
|cant|p1a: Leveinard|move: Taunt|Stealth Rock
|
|turn|12
|
|move|p2a: Gardevoir|Focus Blast|p1a: Leveinard
|-crit|p1a: Leveinard
|-supereffective|p1a: Leveinard
|-damage|p1a: Leveinard|384\/642
|-unboost|p1a: Leveinard|spd|1
|move|p1a: Leveinard|Seismic Toss|p2a: Gardevoir
|-damage|p2a: Gardevoir|177\/277
|
|turn|13
|
|move|p2a: Gardevoir|Hyper Voice|p1a: Leveinard
|-damage|p1a: Leveinard|206\/642
|move|p1a: Leveinard|Seismic Toss|p2a: Gardevoir
|-damage|p2a: Gardevoir|77\/277
|
|-end|p1a: Leveinard|move: Taunt
|turn|14
|
|move|p2a: Gardevoir|Focus Blast|p1a: Leveinard
|-supereffective|p1a: Leveinard
|-damage|p1a: Leveinard|0 fnt
|faint|p1a: Leveinard
|
|
|switch|p1a: Scalproie|Bisharp, M, shiny|272\/272
|turn|15
|
|move|p1a: Scalproie|Pursuit|p2a: Gardevoir|[from]Pursuit
|-damage|p2a: Gardevoir|0 fnt
|-damage|p1a: Scalproie|245\/272|[from] item: Life Orb
|faint|p2a: Gardevoir
|
|
|switch|p2a: Landorus-Therian|Landorus-Therian, M|354\/354
|-ability|p2a: Landorus-Therian|Intimidate|[of] p1a: Scalproie
|-unboost|p1a: Scalproie|atk|1
|-boost|p1a: Scalproie|atk|2|[from] ability: Defiant
|turn|16
|
|switch|p1a: Fulguris|Thundurus, M|300\/300
|move|p2a: Landorus-Therian|Earthquake|p1a: Fulguris
|-immune|p1a: Fulguris|[msg]
|
|turn|17
|
|switch|p2a: Lanturn|Lanturn, F|401\/401
|move|p1a: Fulguris|Nasty Plot|p1a: Fulguris
|-boost|p1a: Fulguris|spa|2
|
|turn|18
|
|switch|p1a: Scalproie|Bisharp, M, shiny|245\/272
|move|p2a: Lanturn|Scald|p1a: Scalproie
|-damage|p1a: Scalproie|152\/272
|
|turn|19
|
|move|p1a: Scalproie|Knock Off|p2a: Lanturn
|-damage|p2a: Lanturn|132\/401
|-enditem|p2a: Lanturn|Leftovers|[from] move: Knock Off|[of] p1a: Scalproie
|-damage|p1a: Scalproie|125\/272|[from] item: Life Orb
|move|p2a: Lanturn|Scald|p1a: Scalproie
|-damage|p1a: Scalproie|19\/272
|-status|p1a: Scalproie|brn
|
|-damage|p1a: Scalproie|0 fnt|[from] brn
|faint|p1a: Scalproie
|
|switch|p1a: Phnix|Talonflame, F, shiny|298\/298
|turn|20
|
|move|p1a: Phnix|U-turn|p2a: Lanturn
|-damage|p2a: Lanturn|23\/401
|
|switch|p1a: Fulguris|Thundurus, M|300\/300
|move|p2a: Lanturn|Volt Switch|p1a: Fulguris
|-damage|p1a: Fulguris|225\/300
|
|switch|p2a: Landorus-Therian|Landorus-Therian, M|354\/354
|-ability|p2a: Landorus-Therian|Intimidate|[of] p1a: Fulguris
|-unboost|p1a: Fulguris|atk|1
|
|turn|21
|
|move|p2a: Landorus-Therian|Stone Edge|p1a: Fulguris
|-crit|p1a: Fulguris
|-supereffective|p1a: Fulguris
|-damage|p1a: Fulguris|0 fnt
|faint|p1a: Fulguris
|
|
|switch|p1a: Maitre Yoda|Medicham-Mega, F, shiny|23\/262
|turn|22
|
|switch|p2a: Ferrothorn|Ferrothorn, M|268\/352 brn
|move|p1a: Maitre Yoda|High Jump Kick|p2a: Ferrothorn
|-supereffective|p2a: Ferrothorn
|-damage|p2a: Ferrothorn|0 fnt
|-damage|p1a: Maitre Yoda|0 fnt|[from] ability: Iron Barbs|[of] p2a: Ferrothorn
|faint|p1a: Maitre Yoda
|faint|p2a: Ferrothorn
|
|
|switch|p1a: Phnix|Talonflame, F, shiny|298\/298
|switch|p2a: Lanturn|Lanturn, F|23\/401
|turn|23
|
|move|p1a: Phnix|Brave Bird|p2a: Lanturn
|-resisted|p2a: Lanturn
|-damage|p2a: Lanturn|0 fnt
|-damage|p1a: Phnix|290\/298|[from] recoil|[of] p2a: Lanturn
|faint|p2a: Lanturn
|
|
|switch|p2a: Landorus-Therian|Landorus-Therian, M|354\/354
|-ability|p2a: Landorus-Therian|Intimidate|[of] p1a: Phnix
|-unboost|p1a: Phnix|atk|1
|turn|24
|
|move|p1a: Phnix|Brave Bird|p2a: Landorus-Therian
|-damage|p2a: Landorus-Therian|171\/354
|-damage|p1a: Phnix|230\/298|[from] recoil|[of] p2a: Landorus-Therian
|move|p2a: Landorus-Therian|Stone Edge|p1a: Phnix
|-supereffective|p1a: Phnix
|-damage|p1a: Phnix|0 fnt
|faint|p1a: Phnix
|
|win|Blue Erlade
|c|âLeeeeo|gg
|c|âBlue Erlade|gg