|join|Tom0410
|join|Blue Erlade
|player|p1|Tom0410|80
|player|p2|Blue Erlade|286
|gametype|singles
|gen|6
|tier|OU
|clearpoke
|poke|p1|Camerupt, M
|poke|p1|Porygon2
|poke|p1|Medicham, F
|poke|p1|Reuniclus, F
|poke|p1|Azumarill, F
|poke|p1|Cresselia, F
|poke|p2|Gallade, M
|poke|p2|Bisharp, M
|poke|p2|Rotom-Wash
|poke|p2|Clefable, F
|poke|p2|Ferrothorn, F
|poke|p2|Latios, M
|rule|Swagger Clause: Swagger is banned
|rule|Baton Pass Clause: Limit one PokÃ©mon knowing Baton Pass
|rule|Sleep Clause Mod: Limit one foe put to sleep
|rule|Species Clause: Limit one of each PokÃ©mon
|rule|OHKO Clause: OHKO moves are banned
|rule|Moody Clause: Moody is banned
|rule|Evasion Moves Clause: Evasion moves are banned
|rule|Endless Battle Clause: Forcing endless battles is banned
|rule|HP Percentage Mod: HP is shown in percentages
|teampreview
|c|âTom0410|toi va mourir
|c|âTom0410|oh non
|c|âTom0410|Bisharp
|c|âTom0410|:(
|c|âBlue Erlade|Lol.
|c|âBlue Erlade|gl.
|c|âTom0410|no gl :p
|
|start
|switch|p1a: Cresselia|Cresselia, F|444\/444
|switch|p2a: Gallade|Gallade, M|277\/277
|turn|1
|
|detailschange|p2a: Gallade|Gallade-Mega, M
|message|Gallade has Mega Evolved into Mega Gallade!
|move|p2a: Gallade|Swords Dance|p2a: Gallade
|-boost|p2a: Gallade|atk|2
|move|p1a: Cresselia|Trick Room|p1a: Cresselia
|-fieldstart|move: Trick Room|[of] p1a: Cresselia
|
|turn|2
|
|switch|p1a: Azumarill|Azumarill, F|401\/401
|move|p2a: Gallade|Knock Off|p1a: Azumarill
|-resisted|p1a: Azumarill
|-damage|p1a: Azumarill|222\/401
|-enditem|p1a: Azumarill|Assault Vest|[from] move: Knock Off|[of] p2a: Gallade
|
|turn|3
|
|switch|p2a: Ferrothorn|Ferrothorn, F|352\/352
|move|p1a: Azumarill|Play Rough|p2a: Ferrothorn
|-resisted|p2a: Ferrothorn
|-damage|p2a: Ferrothorn|285\/352
|-damage|p1a: Azumarill|172\/401|[from] ability: Iron Barbs|[of] p2a: Ferrothorn
|
|turn|4
|
|switch|p1a: Camerupt|Camerupt, M|344\/344
|move|p2a: Ferrothorn|Leech Seed|p1a: Camerupt
|-start|p1a: Camerupt|move: Leech Seed
|
|-damage|p1a: Camerupt|301\/344|[from] Leech Seed|[of] p2a: Ferrothorn
|-heal|p2a: Ferrothorn|328\/352|[silent]
|turn|5
|
|switch|p2a: Rotom-Wash|Rotom-Wash|303\/303
|detailschange|p1a: Camerupt|Camerupt-Mega, M
|message|Camerupt has Mega Evolved into Mega Camerupt!
|move|p1a: Camerupt|Eruption|p2a: Rotom-Wash
|-resisted|p2a: Rotom-Wash
|-damage|p2a: Rotom-Wash|169\/303
|
|-heal|p2a: Rotom-Wash|187\/303|[from] item: Leftovers
|-damage|p1a: Camerupt|258\/344|[from] Leech Seed|[of] p2a: Rotom-Wash
|-heal|p2a: Rotom-Wash|230\/303|[silent]
|-fieldend|move: Trick Room
|turn|6
|
|switch|p1a: Reuniclus|Reuniclus, F|424\/424
|move|p2a: Rotom-Wash|Volt Switch|p1a: Reuniclus
|-damage|p1a: Reuniclus|319\/424
|
|switch|p2a: Gallade|Gallade-Mega, M|277\/277
|
|-heal|p1a: Reuniclus|345\/424|[from] item: Leftovers
|turn|7
|
|move|p2a: Gallade|Knock Off|p1a: Reuniclus
|-supereffective|p1a: Reuniclus
|-damage|p1a: Reuniclus|0 fnt
|-enditem|p1a: Reuniclus|Leftovers|[from] move: Knock Off|[of] p2a: Gallade
|faint|p1a: Reuniclus
|
|c|âTom0410|bah gg
|c|âBlue Erlade|Hum.
|c|âTom0410|2 knock off surpuissants
|c|âTom0410|gg le mach up
|c|âBlue Erlade|T'as pas investi en dÃ©f ?
|c|âTom0410|non
|
|switch|p1a: Azumarill|Azumarill, F|172\/401
|turn|8
|
|move|p2a: Gallade|Zen Headbutt|p1a: Azumarill
|-damage|p1a: Azumarill|0 fnt
|faint|p1a: Azumarill
|
|
|switch|p1a: Cresselia|Cresselia, F|444\/444
|turn|9
|
|move|p2a: Gallade|Swords Dance|p2a: Gallade
|-boost|p2a: Gallade|atk|2
|move|p1a: Cresselia|Trick Room|p1a: Cresselia
|-fieldstart|move: Trick Room|[of] p1a: Cresselia
|
|turn|10
|
|move|p1a: Cresselia|Moonblast|p2a: Gallade
|-supereffective|p2a: Gallade
|-damage|p2a: Gallade|181\/277
|-unboost|p2a: Gallade|spa|1
|move|p2a: Gallade|Knock Off|p1a: Cresselia
|-supereffective|p1a: Cresselia
|-damage|p1a: Cresselia|108\/444
|-enditem|p1a: Cresselia|Leftovers|[from] move: Knock Off|[of] p2a: Gallade
|
|turn|11
|
|move|p1a: Cresselia|Moonblast|p2a: Gallade
|-supereffective|p2a: Gallade
|-damage|p2a: Gallade|75\/277
|move|p2a: Gallade|Knock Off|p1a: Cresselia
|-supereffective|p1a: Cresselia
|-damage|p1a: Cresselia|0 fnt
|faint|p1a: Cresselia
|
|
|switch|p1a: Camerupt|Camerupt-Mega, M|258\/344
|turn|12
|
|switch|p2a: Rotom-Wash|Rotom-Wash|230\/303
|move|p1a: Camerupt|Eruption|p2a: Rotom-Wash
|-resisted|p2a: Rotom-Wash
|-damage|p2a: Rotom-Wash|122\/303
|
|-heal|p2a: Rotom-Wash|140\/303|[from] item: Leftovers
|turn|13
|
|move|p1a: Camerupt|Hidden Power|p2a: Rotom-Wash
|-supereffective|p2a: Rotom-Wash
|-damage|p2a: Rotom-Wash|0 fnt
|faint|p2a: Rotom-Wash
|
|-fieldend|move: Trick Room
|c|âBlue Erlade|Tiens ?
|
|switch|p2a: Latios|Latios, M|301\/301
|turn|14
|
|switch|p1a: Porygon2|Porygon2|374\/374
|-ability|p1a: Porygon2|Levitate|[from] ability: Trace|[of] p2a: Latios
|move|p2a: Latios|Draco Meteor|p1a: Porygon2
|-crit|p1a: Porygon2
|-damage|p1a: Porygon2|147\/374
|-unboost|p2a: Latios|spa|2
|-damage|p2a: Latios|271\/301|[from] item: Life Orb
|
|turn|15
|
|switch|p2a: Gallade|Gallade-Mega, M|75\/277
|move|p1a: Porygon2|Trick Room|p1a: Porygon2
|-fieldstart|move: Trick Room|[of] p1a: Porygon2
|
|turn|16
|
|switch|p1a: Medicham|Medicham, F|324\/324
|move|p2a: Gallade|Close Combat|p1a: Medicham
|-resisted|p1a: Medicham
|-damage|p1a: Medicham|152\/324
|-unboost|p2a: Gallade|def|1
|-unboost|p2a: Gallade|spd|1
|
|turn|17
|
|switch|p2a: Clefable|Clefable, F|394\/394
|move|p1a: Medicham|High Jump Kick|p2a: Clefable
|-resisted|p2a: Clefable
|-damage|p2a: Clefable|211\/394
|-damage|p1a: Medicham|120\/324|[from] item: Life Orb
|
|turn|18
|
|move|p1a: Medicham|Poison Jab|p2a: Clefable
|-supereffective|p2a: Clefable
|-damage|p2a: Clefable|0 fnt
|-damage|p1a: Medicham|88\/324|[from] item: Life Orb
|faint|p2a: Clefable
|
|
|switch|p2a: Ferrothorn|Ferrothorn, F|328\/352
|turn|19
|
|switch|p1a: Camerupt|Camerupt-Mega, M|258\/344
|move|p2a: Ferrothorn|Gyro Ball|p1a: Camerupt
|-resisted|p1a: Camerupt
|-damage|p1a: Camerupt|232\/344
|
|-fieldend|move: Trick Room
|turn|20
|
|switch|p2a: Gallade|Gallade-Mega, M|75\/277
|move|p1a: Camerupt|Eruption|p2a: Gallade
|-damage|p2a: Gallade|0 fnt
|faint|p2a: Gallade
|
|
|switch|p2a: Latios|Latios, M|271\/301
|turn|21
|
|switch|p1a: Medicham|Medicham, F|88\/324
|move|p2a: Latios|Earthquake|p1a: Medicham
|-damage|p1a: Medicham|0 fnt
|-damage|p2a: Latios|241\/301|[from] item: Life Orb
|faint|p1a: Medicham
|
|
|switch|p1a: Porygon2|Porygon2|147\/374
|-ability|p1a: Porygon2|Levitate|[from] ability: Trace|[of] p2a: Latios
|turn|22
|c|âTom0410|si je meurs
|c|âTom0410|je pleure
|c|âTom0410|car fuck le crit
|c|âBlue Erlade|Joli rime.
|c|âTom0410|oui :-(
|
|move|p2a: Latios|Draco Meteor|p1a: Porygon2
|-damage|p1a: Porygon2|0 fnt
|-unboost|p2a: Latios|spa|2
|-damage|p2a: Latios|211\/301|[from] item: Life Orb
|faint|p1a: Porygon2
|
|c|âTom0410|ok
|c|âBlue Erlade|Meme pas.
|c|âTom0410|je pouvais tenir en plus
|c|âBlue Erlade|Sans me crit.
|c|âBlue Erlade|Sans doute.
|c|âBlue Erlade|Sorry ^^'
|c|âTom0410|nan mÃªme lÃ 
|c|âBlue Erlade|Ah bon ?
|c|âTom0410|252 SpA Life Orb Latios Draco Meteor vs. 252 HP \/ 252+ SpD Eviolite Porygon2: 138-164 (36.8 - 43.8%) -- guaranteed 3HKO
|c|âBlue Erlade|Bah ?
|
|switch|p1a: Camerupt|Camerupt-Mega, M|232\/344
|turn|23
|c|âTom0410|bah quoi ?
|
|move|p2a: Latios|Earthquake|p1a: Camerupt
|-supereffective|p1a: Camerupt
|-damage|p1a: Camerupt|58\/344
|-damage|p2a: Latios|181\/301|[from] item: Life Orb
|move|p1a: Camerupt|Flamethrower|p2a: Latios
|-resisted|p2a: Latios
|-damage|p2a: Latios|49\/301
|
|turn|24
|c|âBlue Erlade|Je comprends jamais les modifs de degats ^^'
|
|move|p2a: Latios|Earthquake|p1a: Camerupt
|-supereffective|p1a: Camerupt
|-damage|p1a: Camerupt|0 fnt
|-damage|p2a: Latios|19\/301|[from] item: Life Orb
|faint|p1a: Camerupt
|
|win|Blue Erlade