|join|alzarf
|join|Blue Erlade
|player|p1|alzarf|170
|player|p2|Blue Erlade|286
|gametype|singles
|gen|6
|tier|OU
|rated
|clearpoke
|poke|p1|Charizard, M
|poke|p1|Breloom, F
|poke|p1|Azumarill, M
|poke|p1|Zygarde
|poke|p1|Scizor, F
|poke|p1|Cresselia, F
|poke|p2|Gardevoir, F
|poke|p2|Landorus-Therian, M
|poke|p2|Ferrothorn, F
|poke|p2|Sylveon, M
|poke|p2|Smeargle, F
|poke|p2|Dragonite, M
|rule|Swagger Clause: Swagger is banned
|rule|Baton Pass Clause: Limit one PokÃ©mon knowing Baton Pass
|rule|Sleep Clause Mod: Limit one foe put to sleep
|rule|Species Clause: Limit one of each PokÃ©mon
|rule|OHKO Clause: OHKO moves are banned
|rule|Moody Clause: Moody is banned
|rule|Evasion Moves Clause: Evasion moves are banned
|rule|Endless Battle Clause: Forcing endless battles is banned
|rule|HP Percentage Mod: HP is shown in percentages
|teampreview
|
|start
|switch|p1a: Cresselia|Cresselia, F|444\/444
|switch|p2a: Smeargle|Smeargle, F|314\/314
|turn|1
|
|switch|p1a: Breloom|Breloom, F|262\/262
|move|p2a: Smeargle|Dark Void|p1a: Breloom
|-status|p1a: Breloom|slp
|
|turn|2
|
|move|p2a: Smeargle|Shell Smash|p2a: Smeargle
|-boost|p2a: Smeargle|atk|2
|-boost|p2a: Smeargle|spa|2
|-boost|p2a: Smeargle|spe|2
|-unboost|p2a: Smeargle|def|1
|-unboost|p2a: Smeargle|spd|1
|cant|p1a: Breloom|slp
|
|turn|3
|
|move|p2a: Smeargle|Baton Pass|p2a: Smeargle
|
|switch|p2a: Tom|Dragonite, M|324\/324
|cant|p1a: Breloom|slp
|
|turn|4
|
|move|p2a: Tom|Fire Punch|p1a: Breloom
|-supereffective|p1a: Breloom
|-enditem|p1a: Breloom|Focus Sash
|-damage|p1a: Breloom|1\/262 slp
|cant|p1a: Breloom|slp
|
|turn|5
|
|-curestatus|p1a: Breloom|slp
|move|p1a: Breloom|Mach Punch|p2a: Tom
|-resisted|p2a: Tom
|-damage|p2a: Tom|280\/324
|move|p2a: Tom|Dragon Claw|p1a: Breloom
|-damage|p1a: Breloom|0 fnt
|faint|p1a: Breloom
|
|
|switch|p1a: Azumarill|Azumarill, M|404\/404
|turn|6
|
|move|p2a: Tom|Earthquake|p1a: Azumarill
|-damage|p1a: Azumarill|114\/404
|-enditem|p1a: Azumarill|Sitrus Berry|[eat]
|-heal|p1a: Azumarill|215\/404|[from] item: Sitrus Berry
|move|p1a: Azumarill|Belly Drum|p1a: Azumarill
|-damage|p1a: Azumarill|13\/404
|-setboost|p1a: Azumarill|atk|6|[from] move: Belly Drum
|
|turn|7
|
|move|p2a: Tom|Extreme Speed|p1a: Azumarill
|-damage|p1a: Azumarill|0 fnt
|faint|p1a: Azumarill
|
|
|switch|p1a: Scizor|Scizor, F|344\/344
|turn|8
|
|move|p2a: Tom|Fire Punch|p1a: Scizor
|-supereffective|p1a: Scizor
|-damage|p1a: Scizor|0 fnt
|faint|p1a: Scizor
|
|
|switch|p1a: Zygarde|Zygarde|358\/358
|-ability|p1a: Zygarde|Aura Break
|turn|9
|
|move|p2a: Tom|Dragon Claw|p1a: Zygarde
|-supereffective|p1a: Zygarde
|-damage|p1a: Zygarde|0 fnt
|faint|p1a: Zygarde
|
|-message|alzarf forfeited.
|
|win|Blue Erlade
|raw|Ladder updating...
|leave|alzarf
|player|p1
|raw|alzarf's rating: 1450 &rarr; <strong>1429<\/strong><br \/>(-21 for losing)
|raw|Blue Erlade's rating: 1419 &rarr; <strong>1441<\/strong><br \/>(+22 for winning)