|join|Enderborn1
|join|Blue Erlade
|player|p1|Enderborn1|250
|player|p2|Blue Erlade|286
|gametype|singles
|gen|6
|tier|OU
|rated
|clearpoke
|poke|p1|Delphox, M, shiny
|poke|p1|Blastoise, M
|poke|p1|Virizion
|poke|p1|Kyurem-Black
|poke|p1|Sylveon, M
|poke|p1|Hippowdon, F
|poke|p2|Zoroark, M
|poke|p2|Landorus-Therian, M
|poke|p2|Manectric, M
|poke|p2|Latias, F
|poke|p2|Sylveon, F
|poke|p2|Skarmory, F
|rule|Swagger Clause: Swagger is banned
|rule|Baton Pass Clause: Limit one PokÃ©mon knowing Baton Pass
|rule|Sleep Clause Mod: Limit one foe put to sleep
|rule|Species Clause: Limit one of each PokÃ©mon
|rule|OHKO Clause: OHKO moves are banned
|rule|Moody Clause: Moody is banned
|rule|Evasion Moves Clause: Evasion moves are banned
|rule|Endless Battle Clause: Forcing endless battles is banned
|rule|HP Percentage Mod: HP is shown in percentages
|teampreview
|
|start
|switch|p1a: Ramb'O|Blastoise, M|362\/362
|switch|p2a: Sylveon|Sylveon, F|261\/261
|turn|1
|
|detailschange|p1a: Ramb'O|Blastoise-Mega, M
|message|Blastoise has Mega Evolved into Mega Blastoise!
|move|p2a: Sylveon|Nasty Plot|p2a: Sylveon
|-boost|p2a: Sylveon|spa|2
|move|p1a: Ramb'O|Water Pulse|p2a: Sylveon
|replace|p2a: Zoroark|Zoroark, M|261\/261
|-damage|p2a: Zoroark|0 fnt
|faint|p2a: Zoroark
|
|
|switch|p2a: Volt|Manectric, M|281\/281
|turn|2
|
|switch|p1a: DIGIVOLVED|Kyurem-Black|391\/391
|-ability|p1a: DIGIVOLVED|Teravolt
|detailschange|p2a: Volt|Manectric-Mega, M
|message|Manectric has Mega Evolved into Mega Manectric!
|-ability|p2a: Volt|Intimidate|[of] p1a: DIGIVOLVED
|-unboost|p1a: DIGIVOLVED|atk|1
|move|p2a: Volt|Volt Switch|p1a: DIGIVOLVED
|-resisted|p1a: DIGIVOLVED
|-damage|p1a: DIGIVOLVED|317\/391
|
|switch|p2a: Sylveon|Sylveon, F|394\/394
|
|turn|3
|
|move|p1a: DIGIVOLVED|Iron Head|p2a: Sylveon
|-supereffective|p2a: Sylveon
|-damage|p2a: Sylveon|162\/394
|move|p2a: Sylveon|Hyper Voice|p1a: DIGIVOLVED
|-supereffective|p1a: DIGIVOLVED
|-damage|p1a: DIGIVOLVED|0 fnt
|faint|p1a: DIGIVOLVED
|
|-heal|p2a: Sylveon|186\/394|[from] item: Leftovers
|
|switch|p1a: NOPE.|Delphox, M, shiny|292\/292
|turn|4
|
|move|p1a: NOPE.|Psyshock|p2a: Sylveon
|-damage|p2a: Sylveon|0 fnt
|faint|p2a: Sylveon
|
|
|switch|p2a: Volt|Manectric-Mega, M|281\/281
|-ability|p2a: Volt|Intimidate|[of] p1a: NOPE.
|-unboost|p1a: NOPE.|atk|1
|turn|5
|
|move|p2a: Volt|Volt Switch|p1a: NOPE.
|-damage|p1a: NOPE.|159\/292
|
|switch|p2a: Latias|Latias, F|302\/302
|move|p1a: NOPE.|Fire Blast|p2a: Latias
|-resisted|p2a: Latias
|-damage|p2a: Latias|227\/302
|-status|p2a: Latias|brn
|
|-damage|p2a: Latias|190\/302 brn|[from] brn
|turn|6
|
|switch|p1a: Fairy Healer|Sylveon, M|394\/394
|move|p2a: Latias|Draco Meteor|p1a: Fairy Healer
|-immune|p1a: Fairy Healer|[msg]
|
|-damage|p2a: Latias|153\/302 brn|[from] brn
|turn|7
|
|move|p2a: Latias|Psyshock|p1a: Fairy Healer
|-damage|p1a: Fairy Healer|155\/394
|-damage|p2a: Latias|123\/302 brn|[from] item: Life Orb
|move|p1a: Fairy Healer|Wish|p1a: Fairy Healer
|
|-heal|p1a: Fairy Healer|179\/394|[from] item: Leftovers
|-damage|p2a: Latias|86\/302 brn|[from] brn
|turn|8
|
|switch|p1a: NOPE.|Delphox, M, shiny|159\/292
|move|p2a: Latias|Draco Meteor|p1a: NOPE.
|-damage|p1a: NOPE.|0 fnt
|-unboost|p2a: Latias|spa|2
|-damage|p2a: Latias|56\/302 brn|[from] item: Life Orb
|faint|p1a: NOPE.
|
|-damage|p2a: Latias|19\/302 brn|[from] brn
|
|switch|p1a: Ramb'O|Blastoise-Mega, M|362\/362
|turn|9
|
|move|p2a: Latias|Healing Wish|p2a: Latias
|faint|p2a: Latias
|move|p1a: Ramb'O|Dragon Pulse|p2: Latias|[notarget]
|-notarget
|
|
|switch|p2a: Volt|Manectric-Mega, M|281\/281
|-heal|p2a: Volt|281\/281|[from] move: Healing Wish
|-ability|p2a: Volt|Intimidate|[of] p1a: Ramb'O
|-unboost|p1a: Ramb'O|atk|1
|turn|10
|
|switch|p1a: legit pls|Virizion|386\/386
|move|p2a: Volt|Volt Switch|p1a: legit pls
|-resisted|p1a: legit pls
|-damage|p1a: legit pls|354\/386
|
|switch|p2a: Skarmory|Skarmory, F|334\/334
|
|turn|11
|
|move|p1a: legit pls|Close Combat|p2a: Skarmory
|-damage|p2a: Skarmory|231\/334
|-boost|p2a: Skarmory|spe|1|[from] ability: Weak Armor
|-unboost|p2a: Skarmory|def|1|[from] ability: Weak Armor
|-unboost|p1a: legit pls|def|1
|-unboost|p1a: legit pls|spd|1
|move|p2a: Skarmory|Brave Bird|p1a: legit pls
|-supereffective|p1a: legit pls
|-damage|p1a: legit pls|0 fnt
|-damage|p2a: Skarmory|114\/334|[from] recoil|[of] p1a: legit pls
|faint|p1a: legit pls
|
|-heal|p2a: Skarmory|134\/334|[from] item: Leftovers
|
|switch|p1a: Ramb'O|Blastoise-Mega, M|362\/362
|turn|12
|
|move|p1a: Ramb'O|Water Pulse|p2a: Skarmory
|-damage|p2a: Skarmory|0 fnt
|faint|p2a: Skarmory
|
|
|switch|p2a: Volt|Manectric-Mega, M|281\/281
|-ability|p2a: Volt|Intimidate|[of] p1a: Ramb'O
|-unboost|p1a: Ramb'O|atk|1
|turn|13
|
|switch|p1a: Hazarder|Hippowdon, F|420\/420
|-weather|Sandstorm
|move|p2a: Volt|Thunderbolt|p1a: Hazarder
|-immune|p1a: Hazarder|[msg]
|
|-weather|Sandstorm|[upkeep]
|-damage|p2a: Volt|264\/281|[from] sandstorm
|turn|14
|
|switch|p2a: Landorus-Therian|Landorus-Therian, M|354\/354
|-ability|p2a: Landorus-Therian|Intimidate|[of] p1a: Hazarder
|-unboost|p1a: Hazarder|atk|1
|move|p1a: Hazarder|Toxic|p2a: Landorus-Therian
|-status|p2a: Landorus-Therian|tox
|
|-weather|Sandstorm|[upkeep]
|-damage|p2a: Landorus-Therian|332\/354 tox|[from] psn
|turn|15
|
|switch|p2a: Volt|Manectric-Mega, M|264\/281
|-ability|p2a: Volt|Intimidate|[of] p1a: Hazarder
|-unboost|p1a: Hazarder|atk|1
|move|p1a: Hazarder|Stealth Rock|p2a: Volt
|-sidestart|p2: Blue Erlade|move: Stealth Rock
|
|-weather|Sandstorm|[upkeep]
|-damage|p2a: Volt|247\/281|[from] sandstorm
|turn|16
|
|move|p2a: Volt|Hidden Power|p1a: Hazarder
|-supereffective|p1a: Hazarder
|-damage|p1a: Hazarder|240\/420
|move|p1a: Hazarder|Slack Off|p1a: Hazarder
|-heal|p1a: Hazarder|420\/420
|
|-weather|Sandstorm|[upkeep]
|-damage|p2a: Volt|230\/281|[from] sandstorm
|turn|17
|
|move|p2a: Volt|Hidden Power|p1a: Hazarder
|-supereffective|p1a: Hazarder
|-damage|p1a: Hazarder|242\/420
|move|p1a: Hazarder|Toxic|p2a: Volt|[miss]
|-miss|p1a: Hazarder|p2a: Volt
|
|-weather|none
|-heal|p1a: Hazarder|268\/420|[from] item: Leftovers
|turn|18
|
|move|p2a: Volt|Hidden Power|p1a: Hazarder
|-supereffective|p1a: Hazarder
|-damage|p1a: Hazarder|72\/420
|move|p1a: Hazarder|Toxic|p2a: Volt|[miss]
|-miss|p1a: Hazarder|p2a: Volt
|
|-heal|p1a: Hazarder|98\/420|[from] item: Leftovers
|turn|19
|c|âEnderborn1|fuuuuuuuuuuuuuuuuuuuuuuuu
|
|switch|p1a: Ramb'O|Blastoise-Mega, M|362\/362
|move|p2a: Volt|Hidden Power|p1a: Ramb'O
|-resisted|p1a: Ramb'O
|-damage|p1a: Ramb'O|331\/362
|
|turn|20
|
|move|p2a: Volt|Thunderbolt|p1a: Ramb'O
|-crit|p1a: Ramb'O
|-supereffective|p1a: Ramb'O
|-damage|p1a: Ramb'O|0 fnt
|faint|p1a: Ramb'O
|
|
|switch|p1a: Fairy Healer|Sylveon, M|179\/394
|turn|21
|
|switch|p2a: Landorus-Therian|Landorus-Therian, M|332\/354 tox
|-damage|p2a: Landorus-Therian|288\/354 tox|[from] Stealth Rock
|-ability|p2a: Landorus-Therian|Intimidate|[of] p1a: Fairy Healer
|-unboost|p1a: Fairy Healer|atk|1
|move|p1a: Fairy Healer|Wish|p1a: Fairy Healer
|
|-heal|p1a: Fairy Healer|203\/394|[from] item: Leftovers
|-damage|p2a: Landorus-Therian|266\/354 tox|[from] psn
|turn|22
|
|move|p1a: Fairy Healer|Protect|p1a: Fairy Healer
|-singleturn|p1a: Fairy Healer|Protect
|move|p2a: Landorus-Therian|Earthquake|p1a: Fairy Healer
|-activate|p1a: Fairy Healer|Protect
|
|-heal|p1a: Fairy Healer|394\/394|[from] move: Wish|[wisher] Fairy Healer
|-damage|p2a: Landorus-Therian|222\/354 tox|[from] psn
|turn|23
|
|move|p2a: Landorus-Therian|Earthquake|p1a: Fairy Healer
|-damage|p1a: Fairy Healer|100\/394
|move|p1a: Fairy Healer|Wish|p1a: Fairy Healer
|
|-heal|p1a: Fairy Healer|124\/394|[from] item: Leftovers
|-damage|p2a: Landorus-Therian|156\/354 tox|[from] psn
|turn|24
|
|switch|p2a: Volt|Manectric-Mega, M|230\/281
|-damage|p2a: Volt|195\/281|[from] Stealth Rock
|-ability|p2a: Volt|Intimidate|[of] p1a: Fairy Healer
|-unboost|p1a: Fairy Healer|atk|1
|switch|p1a: Hazarder|Hippowdon, F|98\/420
|-weather|Sandstorm
|
|-weather|Sandstorm|[upkeep]
|-damage|p2a: Volt|178\/281|[from] sandstorm
|-heal|p1a: Hazarder|295\/420|[from] move: Wish|[wisher] Fairy Healer
|-heal|p1a: Hazarder|321\/420|[from] item: Leftovers
|turn|25
|
|move|p2a: Volt|Hidden Power|p1a: Hazarder
|-supereffective|p1a: Hazarder
|-damage|p1a: Hazarder|133\/420
|move|p1a: Hazarder|Earthquake|p2a: Volt
|-supereffective|p2a: Volt
|-damage|p2a: Volt|0 fnt
|faint|p2a: Volt
|
|-weather|Sandstorm|[upkeep]
|-heal|p1a: Hazarder|159\/420|[from] item: Leftovers
|
|switch|p2a: Landorus-Therian|Landorus-Therian, M|156\/354 tox
|-damage|p2a: Landorus-Therian|112\/354 tox|[from] Stealth Rock
|-ability|p2a: Landorus-Therian|Intimidate|[of] p1a: Hazarder
|-unboost|p1a: Hazarder|atk|1
|turn|26
|
|move|p2a: Landorus-Therian|Earthquake|p1a: Hazarder
|-damage|p1a: Hazarder|30\/420
|move|p1a: Hazarder|Slack Off|p1a: Hazarder
|-heal|p1a: Hazarder|240\/420
|
|-weather|Sandstorm|[upkeep]
|-heal|p1a: Hazarder|266\/420|[from] item: Leftovers
|-damage|p2a: Landorus-Therian|90\/354 tox|[from] psn
|turn|27
|
|move|p2a: Landorus-Therian|Earthquake|p1a: Hazarder
|-damage|p1a: Hazarder|148\/420
|move|p1a: Hazarder|Slack Off|p1a: Hazarder
|-heal|p1a: Hazarder|358\/420
|
|-weather|Sandstorm|[upkeep]
|-heal|p1a: Hazarder|384\/420|[from] item: Leftovers
|-damage|p2a: Landorus-Therian|46\/354 tox|[from] psn
|turn|28
|-message|Blue Erlade forfeited.
|
|win|Enderborn1
|raw|Ladder updating...
|leave|Blue Erlade
|player|p2
|raw|Enderborn1's rating: 1245 &rarr; <strong>1270<\/strong><br \/>(+25 for winning)
|raw|Blue Erlade's rating: 1243 &rarr; <strong>1218<\/strong><br \/>(-25 for losing)