|join|Blue Erlade
|join|Hippies The Fish
|player|p1|Blue Erlade|99
|player|p2|Hippies The Fish|170
|gametype|singles
|gen|6
|tier|OU
|rated
|clearpoke
|poke|p1|Gallade, M
|poke|p1|Bisharp, F
|poke|p1|Clefable, F
|poke|p1|Rotom-Wash
|poke|p1|Latios, M
|poke|p1|Ferrothorn, M
|poke|p2|Gliscor, M
|poke|p2|Breloom, M
|poke|p2|Heatran, F
|poke|p2|Cloyster, M
|poke|p2|Greninja, M
|poke|p2|Latias, F
|rule|Swagger Clause: Swagger is banned
|rule|Baton Pass Clause: Limit one PokÃ©mon knowing Baton Pass
|rule|Sleep Clause Mod: Limit one foe put to sleep
|rule|Species Clause: Limit one of each PokÃ©mon
|rule|OHKO Clause: OHKO moves are banned
|rule|Moody Clause: Moody is banned
|rule|Evasion Moves Clause: Evasion moves are banned
|rule|Endless Battle Clause: Forcing endless battles is banned
|rule|HP Percentage Mod: HP is shown in percentages
|teampreview
|
|start
|switch|p1a: Rotom-Wash|Rotom-Wash|303\/303
|switch|p2a: Breloom|Breloom, M|324\/324
|turn|1
|
|move|p1a: Rotom-Wash|Volt Switch|p2a: Breloom
|-resisted|p2a: Breloom
|-damage|p2a: Breloom|256\/324
|
|switch|p1a: Clefable|Clefable, F|394\/394
|move|p2a: Breloom|Spore|p1a: Clefable
|-status|p1a: Clefable|slp
|
|-status|p2a: Breloom|tox|[from] item: Toxic Orb
|turn|2
|
|move|p2a: Breloom|Drain Punch|p1a: Clefable
|-resisted|p1a: Clefable
|-damage|p1a: Clefable|345\/394 slp
|-heal|p2a: Breloom|281\/324 tox|[from] drain|[of] p1a: Clefable
|cant|p1a: Clefable|slp
|
|-heal|p2a: Breloom|321\/324 tox|[from] ability: Poison Heal
|turn|3
|
|switch|p2a: Cloyster|Cloyster, M|304\/304
|cant|p1a: Clefable|slp
|
|turn|4
|
|move|p2a: Cloyster|Shell Smash|p2a: Cloyster
|-boost|p2a: Cloyster|atk|2
|-boost|p2a: Cloyster|spa|2
|-boost|p2a: Cloyster|spe|2
|-unboost|p2a: Cloyster|def|1
|-unboost|p2a: Cloyster|spd|1
|-enditem|p2a: Cloyster|White Herb
|-restoreboost|p2a: Cloyster|[silent]
|-curestatus|p1a: Clefable|slp
|move|p1a: Clefable|Moonblast|p2a: Cloyster
|-damage|p2a: Cloyster|54\/304
|-unboost|p2a: Cloyster|spa|1
|
|turn|5
|
|move|p2a: Cloyster|Icicle Spear|p1a: Clefable
|-damage|p1a: Clefable|272\/394
|-damage|p1a: Clefable|205\/394
|-damage|p1a: Clefable|136\/394
|-damage|p1a: Clefable|69\/394
|-damage|p1a: Clefable|0 fnt
|-hitcount|p1a: Clefable|5
|faint|p1a: Clefable
|
|
|switch|p1a: Gallade|Gallade, M|277\/277
|turn|6
|
|detailschange|p1a: Gallade|Gallade-Mega, M
|message|Gallade has Mega Evolved into Mega Gallade!
|move|p1a: Gallade|Shadow Sneak|p2a: Cloyster
|-damage|p2a: Cloyster|17\/304
|move|p2a: Cloyster|Icicle Spear|p1a: Gallade
|-damage|p1a: Gallade|192\/277
|-damage|p1a: Gallade|111\/277
|-damage|p1a: Gallade|26\/277
|-damage|p1a: Gallade|0 fnt
|-hitcount|p1a: Gallade|4
|faint|p1a: Gallade
|
|c|âHippies The Fish|wow
|
|switch|p1a: Ferrothorn|Ferrothorn, M|352\/352
|turn|7
|
|move|p2a: Cloyster|Icicle Spear|p1a: Ferrothorn
|-crit|p1a: Ferrothorn
|-damage|p1a: Ferrothorn|262\/352
|-damage|p1a: Ferrothorn|207\/352
|-damage|p1a: Ferrothorn|149\/352
|-damage|p1a: Ferrothorn|88\/352
|-damage|p1a: Ferrothorn|24\/352
|-hitcount|p1a: Ferrothorn|5
|move|p1a: Ferrothorn|Leech Seed|p2a: Cloyster
|-start|p2a: Cloyster|move: Leech Seed
|
|-damage|p2a: Cloyster|0 fnt|[from] Leech Seed|[of] p1a: Ferrothorn
|-heal|p1a: Ferrothorn|41\/352|[silent]
|faint|p2a: Cloyster
|
|switch|p2a: Heatran|Heatran, F|386\/386
|turn|8
|
|switch|p1a: Rotom-Wash|Rotom-Wash|303\/303
|move|p2a: Heatran|Magma Storm|p1a: Rotom-Wash
|-resisted|p1a: Rotom-Wash
|-damage|p1a: Rotom-Wash|214\/303
|-activate|p1a: Rotom-Wash|move: Magma Storm|[of] p2a: Heatran
|
|-heal|p1a: Rotom-Wash|232\/303|[from] item: Leftovers
|-damage|p1a: Rotom-Wash|182\/303|[from] move: Magma Storm|[partiallytrapped]
|turn|9
|
|move|p2a: Heatran|Protect|p2a: Heatran
|-singleturn|p2a: Heatran|Protect
|move|p1a: Rotom-Wash|Hydro Pump|p2a: Heatran
|-activate|p2a: Heatran|Protect
|
|-heal|p1a: Rotom-Wash|200\/303|[from] item: Leftovers
|-damage|p1a: Rotom-Wash|150\/303|[from] move: Magma Storm|[partiallytrapped]
|turn|10
|
|switch|p2a: Breloom|Breloom, M|321\/324 tox
|move|p1a: Rotom-Wash|Pain Split|p2a: Breloom
|-sethp|p2a: Breloom|235\/324 tox|p1a: Rotom-Wash|235\/303|[from] move: Pain Split
|
|-heal|p1a: Rotom-Wash|253\/303|[from] item: Leftovers
|-heal|p2a: Breloom|275\/324 tox|[from] ability: Poison Heal
|-end|p1a: Rotom-Wash|Magma Storm|[partiallytrapped]
|turn|11
|
|switch|p1a: Ferrothorn|Ferrothorn, M|41\/352
|move|p2a: Breloom|Leech Seed|p1a: Ferrothorn
|-immune|p1a: Ferrothorn|[msg]
|
|-heal|p2a: Breloom|315\/324 tox|[from] ability: Poison Heal
|turn|12
|
|move|p2a: Breloom|Drain Punch|p1a: Ferrothorn
|-supereffective|p1a: Ferrothorn
|-damage|p1a: Ferrothorn|0 fnt
|-heal|p2a: Breloom|324\/324 tox|[from] drain|[of] p1a: Ferrothorn
|-damage|p2a: Breloom|284\/324 tox|[from] ability: Iron Barbs|[of] p1a: Ferrothorn
|faint|p1a: Ferrothorn
|
|-heal|p2a: Breloom|324\/324 tox|[from] ability: Poison Heal
|
|switch|p1a: Latios|Latios, M|302\/302
|turn|13
|
|move|p1a: Latios|Draco Meteor|p2a: Breloom
|-damage|p2a: Breloom|0 fnt
|-unboost|p1a: Latios|spa|2
|-damage|p1a: Latios|272\/302|[from] item: Life Orb
|faint|p2a: Breloom
|
|
|switch|p2a: Gliscor|Gliscor, M|316\/316
|turn|14
|
|switch|p1a: Rotom-Wash|Rotom-Wash|253\/303
|move|p2a: Gliscor|Toxic|p1a: Rotom-Wash|[miss]
|-miss|p2a: Gliscor|p1a: Rotom-Wash
|
|-heal|p1a: Rotom-Wash|271\/303|[from] item: Leftovers
|-status|p2a: Gliscor|tox|[from] item: Toxic Orb
|turn|15
|
|switch|p2a: Latias|Latias, F|364\/364
|move|p1a: Rotom-Wash|Hydro Pump|p2a: Latias
|-resisted|p2a: Latias
|-damage|p2a: Latias|310\/364
|
|-heal|p1a: Rotom-Wash|289\/303|[from] item: Leftovers
|turn|16
|
|switch|p1a: Bisharp|Bisharp, F|271\/271
|detailschange|p2a: Latias|Latias-Mega, F
|message|Latias has Mega Evolved into Mega Latias!
|move|p2a: Latias|Toxic|p1a: Bisharp
|-fail|p1a: Bisharp
|
|turn|17
|
|switch|p2a: Gliscor|Gliscor, M|316\/316 tox
|move|p1a: Bisharp|Knock Off|p2a: Gliscor
|-damage|p2a: Gliscor|163\/316 tox
|-enditem|p2a: Gliscor|Toxic Orb|[from] move: Knock Off|[of] p1a: Bisharp
|
|-heal|p2a: Gliscor|202\/316 tox|[from] ability: Poison Heal
|turn|18
|
|move|p1a: Bisharp|Sucker Punch|p2a: Gliscor
|-fail|p2a: Gliscor
|move|p2a: Gliscor|Stealth Rock|p1a: Bisharp
|-sidestart|p1: Blue Erlade|move: Stealth Rock
|
|-heal|p2a: Gliscor|241\/316 tox|[from] ability: Poison Heal
|turn|19
|
|move|p2a: Gliscor|Protect|p2a: Gliscor
|-singleturn|p2a: Gliscor|Protect
|move|p1a: Bisharp|Knock Off|p2a: Gliscor
|-activate|p2a: Gliscor|Protect
|
|-heal|p2a: Gliscor|280\/316 tox|[from] ability: Poison Heal
|turn|20
|
|switch|p1a: Latios|Latios, M|272\/302
|-damage|p1a: Latios|235\/302|[from] Stealth Rock
|move|p2a: Gliscor|Earthquake|p1a: Latios
|-immune|p1a: Latios|[msg]
|
|-heal|p2a: Gliscor|316\/316 tox|[from] ability: Poison Heal
|turn|21
|
|move|p1a: Latios|Draco Meteor|p2a: Gliscor
|-crit|p2a: Gliscor
|-damage|p2a: Gliscor|0 fnt
|-unboost|p1a: Latios|spa|2
|-damage|p1a: Latios|205\/302|[from] item: Life Orb
|faint|p2a: Gliscor
|
|
|switch|p2a: Greninja|Greninja, M|286\/286
|turn|22
|
|switch|p1a: Rotom-Wash|Rotom-Wash|289\/303
|-damage|p1a: Rotom-Wash|252\/303|[from] Stealth Rock
|move|p2a: Greninja|Scald|p1a: Rotom-Wash
|-start|p2a: Greninja|typechange|Water|[from] Protean
|-resisted|p1a: Rotom-Wash
|-damage|p1a: Rotom-Wash|182\/303
|-damage|p2a: Greninja|258\/286|[from] item: Life Orb
|
|-heal|p1a: Rotom-Wash|200\/303|[from] item: Leftovers
|turn|23
|
|switch|p2a: Heatran|Heatran, F|386\/386
|move|p1a: Rotom-Wash|Hydro Pump|p2a: Heatran
|-supereffective|p2a: Heatran
|-damage|p2a: Heatran|126\/386
|
|-heal|p1a: Rotom-Wash|218\/303|[from] item: Leftovers
|turn|24
|
|move|p1a: Rotom-Wash|Volt Switch|p2a: Heatran
|-damage|p2a: Heatran|50\/386
|
|switch|p1a: Latios|Latios, M|205\/302
|-damage|p1a: Latios|168\/302|[from] Stealth Rock
|move|p2a: Heatran|Magma Storm|p1a: Latios|[miss]
|-miss|p2a: Heatran|p1a: Latios
|
|turn|25
|
|move|p1a: Latios|Draco Meteor|p2a: Heatran
|-crit|p2a: Heatran
|-resisted|p2a: Heatran
|-damage|p2a: Heatran|0 fnt
|-unboost|p1a: Latios|spa|2
|-damage|p1a: Latios|138\/302|[from] item: Life Orb
|faint|p2a: Heatran
|
|
|switch|p2a: Greninja|Greninja, M|258\/286
|turn|26
|
|switch|p1a: Rotom-Wash|Rotom-Wash|218\/303
|-damage|p1a: Rotom-Wash|181\/303|[from] Stealth Rock
|move|p2a: Greninja|Ice Beam|p1a: Rotom-Wash
|-start|p2a: Greninja|typechange|Ice|[from] Protean
|-resisted|p1a: Rotom-Wash
|-damage|p1a: Rotom-Wash|99\/303
|-damage|p2a: Greninja|230\/286|[from] item: Life Orb
|
|-heal|p1a: Rotom-Wash|117\/303|[from] item: Leftovers
|turn|27
|
|move|p2a: Greninja|Dark Pulse|p1a: Rotom-Wash
|-start|p2a: Greninja|typechange|Dark|[from] Protean
|-damage|p1a: Rotom-Wash|0 fnt
|-damage|p2a: Greninja|202\/286|[from] item: Life Orb
|faint|p1a: Rotom-Wash
|
|
|switch|p1a: Bisharp|Bisharp, F|271\/271
|-damage|p1a: Bisharp|255\/271|[from] Stealth Rock
|turn|28
|
|move|p1a: Bisharp|Sucker Punch|p2a: Greninja
|-resisted|p2a: Greninja
|-damage|p2a: Greninja|82\/286
|move|p2a: Greninja|Scald|p1a: Bisharp
|-start|p2a: Greninja|typechange|Water|[from] Protean
|-damage|p1a: Bisharp|29\/271
|-damage|p2a: Greninja|54\/286|[from] item: Life Orb
|
|turn|29
|
|move|p1a: Bisharp|Sucker Punch|p2a: Greninja
|-damage|p2a: Greninja|0 fnt
|faint|p2a: Greninja
|
|
|switch|p2a: Latias|Latias-Mega, F|310\/364
|turn|30
|
|move|p1a: Bisharp|Sucker Punch|p2a: Latias
|-fail|p2a: Latias
|move|p2a: Latias|Roar|p1a: Bisharp
|drag|p1a: Latios|Latios, M|138\/302
|-damage|p1a: Latios|101\/302|[from] Stealth Rock
|
|turn|31
|
|move|p1a: Latios|Draco Meteor|p2a: Latias
|-supereffective|p2a: Latias
|-damage|p2a: Latias|0 fnt
|-unboost|p1a: Latios|spa|2
|-damage|p1a: Latios|71\/302|[from] item: Life Orb
|faint|p2a: Latias
|
|win|Blue Erlade
|raw|Ladder updating...
|raw|Blue Erlade's rating: 1225 &rarr; <strong>1247<\/strong><br \/>(+22 for winning)
|raw|Hippies The Fish's rating: 1177 &rarr; <strong>1155<\/strong><br \/>(-22 for losing)