|join|GS98
|join|Blue Erlade
|player|p1|GS98|164
|player|p2|Blue Erlade|260
|gametype|singles
|gen|6
|tier|OU
|rated
|clearpoke
|poke|p1|Scolipede, M
|poke|p1|Garchomp, F
|poke|p1|Whimsicott, F
|poke|p1|Weavile, F
|poke|p1|Tyranitar, F
|poke|p1|Gothitelle, F
|poke|p2|Gardevoir, F
|poke|p2|Landorus-Therian, M
|poke|p2|Ferrothorn, M
|poke|p2|Sylveon, F
|poke|p2|Smeargle, F
|poke|p2|Dragonite, M
|rule|Swagger Clause: Swagger is banned
|rule|Baton Pass Clause: Limit one PokÃ©mon knowing Baton Pass
|rule|Sleep Clause Mod: Limit one foe put to sleep
|rule|Species Clause: Limit one of each PokÃ©mon
|rule|OHKO Clause: OHKO moves are banned
|rule|Moody Clause: Moody is banned
|rule|Evasion Moves Clause: Evasion moves are banned
|rule|Endless Battle Clause: Forcing endless battles is banned
|rule|HP Percentage Mod: HP is shown in percentages
|teampreview
|
|start
|switch|p1a: Whimsicott|Whimsicott, F|272\/272
|switch|p2a: Smeargle|Smeargle, F|314\/314
|turn|1
|
|move|p1a: Whimsicott|Leech Seed|p2a: Smeargle
|-start|p2a: Smeargle|move: Leech Seed
|move|p2a: Smeargle|Dark Void|p1a: Whimsicott
|-status|p1a: Whimsicott|slp
|
|-damage|p2a: Smeargle|275\/314|[from] Leech Seed|[of] p1a: Whimsicott
|turn|2
|
|switch|p1a: Scolipede|Scolipede, M|288\/288
|move|p2a: Smeargle|Shell Smash|p2a: Smeargle
|-boost|p2a: Smeargle|atk|2
|-boost|p2a: Smeargle|spa|2
|-boost|p2a: Smeargle|spe|2
|-unboost|p2a: Smeargle|def|1
|-unboost|p2a: Smeargle|spd|1
|
|-damage|p2a: Smeargle|236\/314|[from] Leech Seed|[of] p1a: Scolipede
|turn|3
|
|move|p2a: Smeargle|Baton Pass|p2a: Smeargle
|
|switch|p2a: Tom|Dragonite, M|324\/324
|move|p1a: Scolipede|Substitute|p1a: Scolipede
|-start|p1a: Scolipede|Substitute
|-damage|p1a: Scolipede|216\/288
|
|-heal|p1a: Scolipede|234\/288|[from] item: Black Sludge
|-damage|p2a: Tom|284\/324|[from] Leech Seed|[of] p1a: Scolipede
|-heal|p1a: Scolipede|274\/288|[silent]
|-boost|p1a: Scolipede|spe|1|[from] ability: Speed Boost
|turn|4
|
|move|p1a: Scolipede|Protect|p1a: Scolipede
|-singleturn|p1a: Scolipede|Protect
|move|p2a: Tom|Dragon Claw|p1a: Scolipede
|-activate|p1a: Scolipede|Protect
|
|-heal|p1a: Scolipede|288\/288|[from] item: Black Sludge
|-damage|p2a: Tom|244\/324|[from] Leech Seed|[of] p1a: Scolipede
|-boost|p1a: Scolipede|spe|1|[from] ability: Speed Boost
|turn|5
|
|move|p1a: Scolipede|Swords Dance|p1a: Scolipede
|-boost|p1a: Scolipede|atk|2
|move|p2a: Tom|Dragon Claw|p1a: Scolipede
|-end|p1a: Scolipede|Substitute
|
|-damage|p2a: Tom|204\/324|[from] Leech Seed|[of] p1a: Scolipede
|-boost|p1a: Scolipede|spe|1|[from] ability: Speed Boost
|turn|6
|
|move|p1a: Scolipede|Protect|p1a: Scolipede
|-singleturn|p1a: Scolipede|Protect
|move|p2a: Tom|Fire Punch|p1a: Scolipede
|-activate|p1a: Scolipede|Protect
|
|-damage|p2a: Tom|164\/324|[from] Leech Seed|[of] p1a: Scolipede
|-boost|p1a: Scolipede|spe|1|[from] ability: Speed Boost
|turn|7
|
|move|p2a: Tom|Extreme Speed|p1a: Scolipede
|-damage|p1a: Scolipede|128\/288
|move|p1a: Scolipede|Substitute|p1a: Scolipede
|-start|p1a: Scolipede|Substitute
|-damage|p1a: Scolipede|56\/288
|
|-heal|p1a: Scolipede|74\/288|[from] item: Black Sludge
|-damage|p2a: Tom|124\/324|[from] Leech Seed|[of] p1a: Scolipede
|-heal|p1a: Scolipede|114\/288|[silent]
|-boost|p1a: Scolipede|spe|1|[from] ability: Speed Boost
|turn|8
|
|move|p1a: Scolipede|Protect|p1a: Scolipede
|-singleturn|p1a: Scolipede|Protect
|move|p2a: Tom|Extreme Speed|p1a: Scolipede
|-activate|p1a: Scolipede|Protect
|
|-heal|p1a: Scolipede|132\/288|[from] item: Black Sludge
|-damage|p2a: Tom|84\/324|[from] Leech Seed|[of] p1a: Scolipede
|-heal|p1a: Scolipede|172\/288|[silent]
|-boost|p1a: Scolipede|spe|1|[from] ability: Speed Boost
|turn|9
|
|move|p2a: Tom|Extreme Speed|p1a: Scolipede
|-end|p1a: Scolipede|Substitute
|move|p1a: Scolipede|Swords Dance|p1a: Scolipede
|-boost|p1a: Scolipede|atk|2
|
|-heal|p1a: Scolipede|190\/288|[from] item: Black Sludge
|-damage|p2a: Tom|44\/324|[from] Leech Seed|[of] p1a: Scolipede
|-heal|p1a: Scolipede|230\/288|[silent]
|turn|10
|
|move|p1a: Scolipede|Protect|p1a: Scolipede
|-singleturn|p1a: Scolipede|Protect
|move|p2a: Tom|Extreme Speed|p1a: Scolipede
|-activate|p1a: Scolipede|Protect
|
|-heal|p1a: Scolipede|248\/288|[from] item: Black Sludge
|-damage|p2a: Tom|4\/324|[from] Leech Seed|[of] p1a: Scolipede
|-heal|p1a: Scolipede|288\/288|[silent]
|turn|11
|
|move|p2a: Tom|Extreme Speed|p1a: Scolipede
|-damage|p1a: Scolipede|130\/288
|move|p1a: Scolipede|Substitute|p1a: Scolipede
|-start|p1a: Scolipede|Substitute
|-damage|p1a: Scolipede|58\/288
|
|-heal|p1a: Scolipede|76\/288|[from] item: Black Sludge
|-damage|p2a: Tom|0 fnt|[from] Leech Seed|[of] p1a: Scolipede
|-heal|p1a: Scolipede|80\/288|[silent]
|faint|p2a: Tom
|
|switch|p2a: Sylveon|Sylveon, F|387\/387
|turn|12
|
|move|p1a: Scolipede|Protect|p1a: Scolipede
|-singleturn|p1a: Scolipede|Protect
|move|p2a: Sylveon|Hyper Voice|p1a: Scolipede
|-activate|p1a: Scolipede|Protect
|
|-heal|p1a: Scolipede|98\/288|[from] item: Black Sludge
|turn|13
|
|move|p1a: Scolipede|Baton Pass|p1a: Scolipede
|
|switch|p1a: Garchomp|Garchomp, F|358\/358
|move|p2a: Sylveon|Hyper Voice|p1a: Garchomp
|-supereffective|p1a: Garchomp
|-damage|p1a: Garchomp|0 fnt
|faint|p1a: Garchomp
|
|-message|GS98 forfeited.
|
|win|Blue Erlade
|raw|Ladder updating...
|leave|GS98
|player|p1
|raw|GS98's rating: 1257 &rarr; <strong>1235<\/strong><br \/>(-22 for losing)
|raw|Blue Erlade's rating: 1293 &rarr; <strong>1316<\/strong><br \/>(+23 for winning)