|join|Gamin-Farouk
|join|Blue Erlade
|player|p1|Gamin-Farouk|145
|player|p2|Blue Erlade|260
|gametype|singles
|gen|6
|tier|OU
|clearpoke
|poke|p1|Landorus, M
|poke|p1|Tyranitar, F, shiny
|poke|p1|Azumarill, F, shiny
|poke|p1|Breloom, M, shiny
|poke|p1|Aggron, M
|poke|p1|Greninja, M
|poke|p2|Gardevoir, F
|poke|p2|Landorus-Therian, M
|poke|p2|Ferrothorn, F
|poke|p2|Sylveon, M
|poke|p2|Smeargle, M
|poke|p2|Dragonite, F
|rule|Swagger Clause: Swagger is banned
|rule|Baton Pass Clause: Limit one PokÃ©mon knowing Baton Pass
|rule|Sleep Clause Mod: Limit one foe put to sleep
|rule|Species Clause: Limit one of each PokÃ©mon
|rule|OHKO Clause: OHKO moves are banned
|rule|Moody Clause: Moody is banned
|rule|Evasion Moves Clause: Evasion moves are banned
|rule|Endless Battle Clause: Forcing endless battles is banned
|rule|HP Percentage Mod: HP is shown in percentages
|teampreview
|c|âBlue Erlade|Ta rÃ©putation te prÃ©cÃ¨de :(
|c|âBlue Erlade|Bonne chance.
|c|âGamin-Farouk|Quoi ?
|c|âGamin-Farouk|Bonne chance
|
|start
|switch|p1a: Tyranitar|Tyranitar, F, shiny|404\/404
|switch|p2a: Smeargle|Smeargle, M|314\/314
|-weather|Sandstorm
|turn|1
|
|move|p2a: Smeargle|Dark Void|p1a: Tyranitar
|-status|p1a: Tyranitar|slp
|cant|p1a: Tyranitar|slp
|
|-weather|Sandstorm|[upkeep]
|-damage|p2a: Smeargle|295\/314|[from] sandstorm
|turn|2
|
|move|p2a: Smeargle|Shell Smash|p2a: Smeargle
|-boost|p2a: Smeargle|atk|2
|-boost|p2a: Smeargle|spa|2
|-boost|p2a: Smeargle|spe|2
|-unboost|p2a: Smeargle|def|1
|-unboost|p2a: Smeargle|spd|1
|-curestatus|p1a: Tyranitar|slp
|move|p1a: Tyranitar|Crunch|p2a: Smeargle
|-damage|p2a: Smeargle|0 fnt
|faint|p2a: Smeargle
|
|-weather|Sandstorm|[upkeep]
|c|âGamin-Farouk|Ouch
|
|switch|p2a: Landorus-Therian|Landorus-Therian, M|330\/330
|-ability|p2a: Landorus-Therian|Intimidate|[of] p1a: Tyranitar
|-unboost|p1a: Tyranitar|atk|1
|turn|3
|
|switch|p1a: Landorus|Landorus, M|319\/319
|move|p2a: Landorus-Therian|Knock Off|p1a: Landorus
|-damage|p1a: Landorus|171\/319
|-enditem|p1a: Landorus|Life Orb|[from] move: Knock Off|[of] p2a: Landorus-Therian
|
|-weather|Sandstorm|[upkeep]
|turn|4
|
|switch|p2a: Ferrothorn|Ferrothorn, F|352\/352
|move|p1a: Landorus|Psychic|p2a: Ferrothorn
|-resisted|p2a: Ferrothorn
|-damage|p2a: Ferrothorn|294\/352
|
|-weather|Sandstorm|[upkeep]
|-heal|p2a: Ferrothorn|316\/352|[from] item: Leftovers
|turn|5
|
|move|p1a: Landorus|Focus Blast|p2a: Ferrothorn
|-supereffective|p2a: Ferrothorn
|-damage|p2a: Ferrothorn|10\/352
|move|p2a: Ferrothorn|Leech Seed|p1a: Landorus
|-start|p1a: Landorus|move: Leech Seed
|
|-weather|none
|-heal|p2a: Ferrothorn|32\/352|[from] item: Leftovers
|-damage|p1a: Landorus|132\/319|[from] Leech Seed|[of] p2a: Ferrothorn
|-heal|p2a: Ferrothorn|71\/352|[silent]
|turn|6
|
|switch|p2a: Landorus-Therian|Landorus-Therian, M|330\/330
|-ability|p2a: Landorus-Therian|Intimidate|[of] p1a: Landorus
|-unboost|p1a: Landorus|atk|1
|move|p1a: Landorus|Earth Power|p2a: Landorus-Therian
|-immune|p2a: Landorus-Therian|[msg]
|
|-damage|p1a: Landorus|93\/319|[from] Leech Seed|[of] p2a: Landorus-Therian
|turn|7
|
|move|p2a: Landorus-Therian|Stone Edge|p1a: Landorus
|-damage|p1a: Landorus|0 fnt
|faint|p1a: Landorus
|
|
|switch|p1a: Aggron|Aggron, M|344\/344
|turn|8
|
|switch|p2a: Ferrothorn|Ferrothorn, F|71\/352
|detailschange|p1a: Aggron|Aggron-Mega, M
|message|Aggron has Mega Evolved into Mega Aggron!
|move|p1a: Aggron|Heavy Slam|p2a: Ferrothorn
|-resisted|p2a: Ferrothorn
|-damage|p2a: Ferrothorn|26\/352
|-damage|p1a: Aggron|301\/344|[from] ability: Iron Barbs|[of] p2a: Ferrothorn
|
|-heal|p2a: Ferrothorn|48\/352|[from] item: Leftovers
|turn|9
|
|move|p1a: Aggron|Power-Up Punch|p2a: Ferrothorn
|-supereffective|p2a: Ferrothorn
|-damage|p2a: Ferrothorn|0 fnt
|-damage|p1a: Aggron|258\/344|[from] ability: Iron Barbs|[of] p2a: Ferrothorn
|-boost|p1a: Aggron|atk|1
|faint|p2a: Ferrothorn
|
|
|switch|p2a: Landorus-Therian|Landorus-Therian, M|330\/330
|-ability|p2a: Landorus-Therian|Intimidate|[of] p1a: Aggron
|-unboost|p1a: Aggron|atk|1
|turn|10
|c|âBlue Erlade|Mega-Aggron ? 
|c|âGamin-Farouk|Oui
|c|âBlue Erlade|Asdez original.
|
|move|p2a: Landorus-Therian|Earthquake|p1a: Aggron
|-supereffective|p1a: Aggron
|-damage|p1a: Aggron|113\/344
|move|p1a: Aggron|Power-Up Punch|p2a: Landorus-Therian
|-resisted|p2a: Landorus-Therian
|-damage|p2a: Landorus-Therian|300\/330
|-boost|p1a: Aggron|atk|1
|
|turn|11
|
|move|p2a: Landorus-Therian|Earthquake|p1a: Aggron
|-supereffective|p1a: Aggron
|-damage|p1a: Aggron|0 fnt
|faint|p1a: Aggron
|
|
|switch|p1a: Breloom|Breloom, M, shiny|262\/262
|turn|12
|
|switch|p2a: Sylveon|Sylveon, M|387\/387
|move|p1a: Breloom|Spore|p2a: Sylveon
|-status|p2a: Sylveon|slp
|
|-status|p1a: Breloom|tox|[from] item: Toxic Orb
|turn|13
|
|move|p1a: Breloom|Seed Bomb|p2a: Sylveon
|-damage|p2a: Sylveon|174\/387 slp
|cant|p2a: Sylveon|slp
|
|-heal|p2a: Sylveon|198\/387 slp|[from] item: Leftovers
|turn|14
|
|switch|p2a: Tom|Dragonite, F|324\/324
|move|p1a: Breloom|Seed Bomb|p2a: Tom
|-crit|p2a: Tom
|-resisted|p2a: Tom
|-damage|p2a: Tom|296\/324
|
|turn|15
|
|switch|p1a: Azumarill|Azumarill, F, shiny|404\/404
|move|p2a: Tom|Fire Punch|p1a: Azumarill
|-resisted|p1a: Azumarill
|-damage|p1a: Azumarill|346\/404
|
|turn|16
|
|move|p2a: Tom|Fire Punch|p1a: Azumarill
|-resisted|p1a: Azumarill
|-damage|p1a: Azumarill|290\/404
|move|p1a: Azumarill|Waterfall|p2a: Tom
|-resisted|p2a: Tom
|-damage|p2a: Tom|206\/324
|
|turn|17
|
|move|p2a: Tom|Fire Punch|p1a: Azumarill
|-crit|p1a: Azumarill
|-resisted|p1a: Azumarill
|-damage|p1a: Azumarill|206\/404
|move|p1a: Azumarill|Play Rough|p2a: Tom
|-supereffective|p2a: Tom
|-damage|p2a: Tom|0 fnt
|faint|p2a: Tom
|
|
|switch|p2a: Aerow|Gardevoir, F|278\/278
|-ability|p2a: Aerow|Huge Power|[from] ability: Trace|[of] p1a: Azumarill
|turn|18
|
|detailschange|p2a: Aerow|Gardevoir-Mega, F
|message|Gardevoir has Mega Evolved into Mega Gardevoir!
|move|p2a: Aerow|Hyper Voice|p1a: Azumarill
|-damage|p1a: Azumarill|14\/404
|move|p1a: Azumarill|Play Rough|p2a: Aerow|[miss]
|-miss|p1a: Azumarill|p2a: Aerow
|
|turn|19
|c|âBlue Erlade|Bonne chance pour endurer MÃ©gaphone.
|c|âGamin-Farouk|non :-(
|
|move|p1a: Azumarill|Aqua Jet|p2a: Aerow
|-damage|p2a: Aerow|155\/278
|move|p2a: Aerow|Hyper Voice|p1a: Azumarill
|-damage|p1a: Azumarill|0 fnt
|faint|p1a: Azumarill
|
|
|switch|p1a: Greninja|Greninja, M|285\/285
|turn|20
|
|move|p1a: Greninja|Ice Beam|p2a: Aerow
|-start|p1a: Greninja|typechange|Ice|[from] Protean
|-damage|p2a: Aerow|22\/278
|-damage|p1a: Greninja|257\/285|[from] item: Life Orb
|move|p2a: Aerow|Hyper Voice|p1a: Greninja
|-damage|p1a: Greninja|0 fnt
|faint|p1a: Greninja
|
|
|switch|p1a: Tyranitar|Tyranitar, F, shiny|404\/404
|-weather|Sandstorm
|turn|21
|
|move|p2a: Aerow|Hyper Voice|p1a: Tyranitar
|-supereffective|p1a: Tyranitar
|-damage|p1a: Tyranitar|50\/404
|move|p1a: Tyranitar|Stone Edge|p2a: Aerow
|-damage|p2a: Aerow|0 fnt
|faint|p2a: Aerow
|
|-weather|Sandstorm|[upkeep]
|
|switch|p2a: Landorus-Therian|Landorus-Therian, M|300\/330
|-ability|p2a: Landorus-Therian|Intimidate|[of] p1a: Tyranitar
|-unboost|p1a: Tyranitar|atk|1
|turn|22
|
|move|p2a: Landorus-Therian|Earthquake|p1a: Tyranitar
|-crit|p1a: Tyranitar
|-supereffective|p1a: Tyranitar
|-damage|p1a: Tyranitar|0 fnt
|faint|p1a: Tyranitar
|
|-weather|Sandstorm|[upkeep]
|
|switch|p1a: Breloom|Breloom, M, shiny|262\/262 tox
|turn|23
|
|move|p2a: Landorus-Therian|Earthquake|p1a: Breloom
|-resisted|p1a: Breloom
|-damage|p1a: Breloom|136\/262 tox
|move|p1a: Breloom|Seed Bomb|p2a: Landorus-Therian
|-damage|p2a: Landorus-Therian|135\/330
|
|-weather|Sandstorm|[upkeep]
|-damage|p1a: Breloom|120\/262 tox|[from] sandstorm
|-heal|p1a: Breloom|152\/262 tox|[from] ability: Poison Heal
|turn|24
|
|move|p2a: Landorus-Therian|Earthquake|p1a: Breloom
|-resisted|p1a: Breloom
|-damage|p1a: Breloom|18\/262 tox
|move|p1a: Breloom|Seed Bomb|p2a: Landorus-Therian
|-damage|p2a: Landorus-Therian|0 fnt
|faint|p2a: Landorus-Therian
|
|-weather|Sandstorm|[upkeep]
|-damage|p1a: Breloom|2\/262 tox|[from] sandstorm
|-heal|p1a: Breloom|34\/262 tox|[from] ability: Poison Heal
|
|switch|p2a: Sylveon|Sylveon, M|198\/387 slp
|turn|25
|
|move|p1a: Breloom|Seed Bomb|p2a: Sylveon
|-damage|p2a: Sylveon|0 fnt
|faint|p2a: Sylveon
|
|win|Gamin-Farouk
|c|âGamin-Farouk|C'Ã©tait chaud
|c|âBlue Erlade|gg
|c|âGamin-Farouk|GG
|leave|Blue Erlade
|player|p2