|join|Tom0410
|join|Blue Erlade
|player|p1|Tom0410|92
|player|p2|Blue Erlade|286
|gametype|singles
|gen|6
|tier|OU
|clearpoke
|poke|p1|Victini
|poke|p1|Scizor, M
|poke|p1|Clefable, F
|poke|p1|Slowbro, F
|poke|p1|Chansey, F
|poke|p1|Gengar, F
|poke|p2|Gardevoir, M
|poke|p2|Landorus-Therian, M
|poke|p2|Ferrothorn, F
|poke|p2|Clefable, F
|poke|p2|Breloom, F
|poke|p2|Latios, M
|rule|Swagger Clause: Swagger is banned
|rule|Baton Pass Clause: Limit one PokÃ©mon knowing Baton Pass
|rule|Sleep Clause Mod: Limit one foe put to sleep
|rule|Species Clause: Limit one of each PokÃ©mon
|rule|OHKO Clause: OHKO moves are banned
|rule|Moody Clause: Moody is banned
|rule|Evasion Moves Clause: Evasion moves are banned
|rule|Endless Battle Clause: Forcing endless battles is banned
|rule|HP Percentage Mod: HP is shown in percentages
|teampreview
|c|âTom0410|gl
|c|âBlue Erlade|gl
|
|start
|switch|p1a: Victini|Victini|341\/341
|switch|p2a: Aerow|Gardevoir, M|278\/278
|-ability|p2a: Aerow|Victory Star|[from] ability: Trace|[of] p1a: Victini
|turn|1
|
|switch|p2a: Clefable|Clefable, F|394\/394
|move|p1a: Victini|V-create|p2a: Clefable
|-damage|p2a: Clefable|0 fnt
|-unboost|p1a: Victini|def|1
|-unboost|p1a: Victini|spd|1
|-unboost|p1a: Victini|spe|1
|faint|p2a: Clefable
|
|
|switch|p2a: Landorus-Therian|Landorus-Therian, M|330\/330
|-ability|p2a: Landorus-Therian|Intimidate|[of] p1a: Victini
|-unboost|p1a: Victini|atk|1
|turn|2
|
|switch|p1a: Clefable|Clefable, F|394\/394
|move|p2a: Landorus-Therian|Knock Off|p1a: Clefable
|-resisted|p1a: Clefable
|-damage|p1a: Clefable|315\/394
|-enditem|p1a: Clefable|Leftovers|[from] move: Knock Off|[of] p2a: Landorus-Therian
|
|turn|3
|
|switch|p2a: Ferrothorn|Ferrothorn, F|352\/352
|move|p1a: Clefable|Flamethrower|p2a: Ferrothorn
|-supereffective|p2a: Ferrothorn
|-damage|p2a: Ferrothorn|116\/352
|
|turn|4
|
|move|p2a: Ferrothorn|Protect|p2a: Ferrothorn
|-singleturn|p2a: Ferrothorn|Protect
|move|p1a: Clefable|Flamethrower|p2a: Ferrothorn
|-activate|p2a: Ferrothorn|Protect
|
|turn|5
|
|switch|p2a: Aerow|Gardevoir, M|278\/278
|-ability|p2a: Aerow|Magic Guard|[from] ability: Trace|[of] p1a: Clefable
|move|p1a: Clefable|Flamethrower|p2a: Aerow
|-damage|p2a: Aerow|214\/278
|
|turn|6
|
|switch|p1a: Scizor|Scizor, M|344\/344
|detailschange|p2a: Aerow|Gardevoir-Mega, M
|message|Gardevoir has Mega Evolved into Mega Gardevoir!
|move|p2a: Aerow|Hyper Voice|p1a: Scizor
|-resisted|p1a: Scizor
|-damage|p1a: Scizor|195\/344
|
|turn|7
|
|detailschange|p1a: Scizor|Scizor-Mega, M
|message|Scizor has Mega Evolved into Mega Scizor!
|move|p2a: Aerow|Focus Blast|p1a: Scizor
|-crit|p1a: Scizor
|-damage|p1a: Scizor|0 fnt
|faint|p1a: Scizor
|
|c|âTom0410|hum ok
|c|âTom0410|232 SpA Mega Gardevoir Focus Blast vs. 248 HP \/ 8 SpD Mega Scizor: 153-181 (44.6 - 52.7%) -- 25.4% chance to 2HKO
|c|âBlue Erlade|Si tu croyais que j'allais switch, j'allais pas faire Ã§a pour te laisser placer une SW.
|c|âTom0410|non mais tu tues pas
|c|âTom0410|sans le crit
|c|âTom0410|!data Mega Gardevoir
|c|~|\/data-pokemon Gardevoir-Mega

|c|âTom0410|!data gengar
|c|~|\/data-pokemon Gengar

|
|switch|p1a: Gengar|Gengar, F|262\/262
|turn|8
|c|âBlue Erlade|J'ai pas compris l'utilitÃ© des data.
|
|switch|p2a: Ferrothorn|Ferrothorn, F|116\/352
|move|p1a: Gengar|Substitute|p1a: Gengar
|-start|p1a: Gengar|Substitute
|-damage|p1a: Gengar|197\/262
|
|-heal|p1a: Gengar|213\/262|[from] item: Black Sludge
|turn|9
|
|move|p1a: Gengar|Hex|p2a: Ferrothorn
|-damage|p2a: Ferrothorn|11\/352
|move|p2a: Ferrothorn|Stealth Rock|p1a: Gengar
|-sidestart|p1: Tom0410|move: Stealth Rock
|
|-heal|p1a: Gengar|229\/262|[from] item: Black Sludge
|turn|10
|
|move|p1a: Gengar|Hex|p2a: Ferrothorn
|-damage|p2a: Ferrothorn|0 fnt
|faint|p2a: Ferrothorn
|
|-heal|p1a: Gengar|245\/262|[from] item: Black Sludge
|
|switch|p2a: Landorus-Therian|Landorus-Therian, M|330\/330
|-activate|p1a: Gengar|Substitute|ability: Intimidate|[of] p2a: Landorus-Therian
|turn|11
|
|move|p2a: Landorus-Therian|Knock Off|p1a: Gengar
|-supereffective|p1a: Gengar
|-end|p1a: Gengar|Substitute
|move|p1a: Gengar|Will-O-Wisp|p2a: Landorus-Therian
|-status|p2a: Landorus-Therian|brn
|
|-heal|p1a: Gengar|261\/262|[from] item: Black Sludge
|-damage|p2a: Landorus-Therian|289\/330 brn|[from] brn
|turn|12
|
|switch|p1a: Clefable|Clefable, F|315\/394
|move|p2a: Landorus-Therian|Knock Off|p1a: Clefable
|-resisted|p1a: Clefable
|-damage|p1a: Clefable|292\/394
|
|-damage|p2a: Landorus-Therian|248\/330 brn|[from] brn
|turn|13
|
|switch|p2a: Aerow|Gardevoir-Mega, M|214\/278
|move|p1a: Clefable|Moonblast|p2a: Aerow
|-damage|p2a: Aerow|126\/278
|-unboost|p2a: Aerow|spa|1
|
|turn|14
|
|switch|p2a: Breloom|Breloom, F|262\/262
|switch|p1a: Chansey|Chansey, F|704\/704
|-damage|p1a: Chansey|616\/704|[from] Stealth Rock
|
|turn|15
|
|switch|p1a: Slowbro|Slowbro, F|394\/394
|-damage|p1a: Slowbro|345\/394|[from] Stealth Rock
|move|p2a: Breloom|Spore|p1a: Slowbro
|-status|p1a: Slowbro|slp
|
|turn|16
|
|switch|p1a: Gengar|Gengar, F|261\/262
|-damage|p1a: Gengar|229\/262|[from] Stealth Rock
|move|p2a: Breloom|Swords Dance|p2a: Breloom
|-boost|p2a: Breloom|atk|2
|
|-heal|p1a: Gengar|245\/262|[from] item: Black Sludge
|turn|17
|
|move|p1a: Gengar|Sludge Bomb|p2a: Breloom
|-crit|p2a: Breloom
|-supereffective|p2a: Breloom
|-enditem|p2a: Breloom|Focus Sash
|-damage|p2a: Breloom|1\/262
|move|p2a: Breloom|Bullet Seed|p1a: Gengar
|-resisted|p1a: Gengar
|-damage|p1a: Gengar|150\/262
|-resisted|p1a: Gengar
|-damage|p1a: Gengar|48\/262
|-resisted|p1a: Gengar
|-damage|p1a: Gengar|0 fnt
|-hitcount|p1a: Gengar|3
|faint|p1a: Gengar
|
|
|switch|p1a: Victini|Victini|341\/341
|-damage|p1a: Victini|256\/341|[from] Stealth Rock
|turn|18
|c|âBlue Erlade|Fiou.
|
|move|p2a: Breloom|Mach Punch|p1a: Victini
|-resisted|p1a: Victini
|-damage|p1a: Victini|151\/341
|move|p1a: Victini|U-turn|p2a: Breloom
|-damage|p2a: Breloom|0 fnt
|faint|p2a: Breloom
|
|switch|p1a: Chansey|Chansey, F|616\/704
|-damage|p1a: Chansey|528\/704|[from] Stealth Rock
|
|
|switch|p2a: Landorus-Therian|Landorus-Therian, M|248\/330 brn
|-ability|p2a: Landorus-Therian|Intimidate|[of] p1a: Chansey
|-unboost|p1a: Chansey|atk|1
|turn|19
|
|switch|p1a: Clefable|Clefable, F|292\/394
|move|p2a: Landorus-Therian|Superpower|p1a: Clefable
|-resisted|p1a: Clefable
|-damage|p1a: Clefable|244\/394
|-unboost|p2a: Landorus-Therian|atk|1
|-unboost|p2a: Landorus-Therian|def|1
|
|-damage|p2a: Landorus-Therian|207\/330 brn|[from] brn
|turn|20
|
|switch|p2a: Aerow|Gardevoir-Mega, M|126\/278
|move|p1a: Clefable|Moonblast|p2a: Aerow
|-damage|p2a: Aerow|50\/278
|
|turn|21
|
|switch|p1a: Chansey|Chansey, F|528\/704
|-damage|p1a: Chansey|440\/704|[from] Stealth Rock
|move|p2a: Aerow|Hyper Voice|p1a: Chansey
|-damage|p1a: Chansey|268\/704
|
|turn|22
|
|move|p2a: Aerow|Psyshock|p1a: Chansey
|-crit|p1a: Chansey
|-damage|p1a: Chansey|0 fnt
|faint|p1a: Chansey
|
|c|âTom0410|lol
|c|âTom0410|srx
|c|âBlue Erlade|C'est le jour des critics.
|c|âTom0410|2 crits dÃ©cisifs
|c|âBlue Erlade|DÃ©cisifs ?
|c|âTom0410|bah oui
|c|âBlue Erlade|A voir.
|c|âBlue Erlade|Pas sur de passer Ramoloss.
|c|âTom0410|232 SpA Mega Gardevoir Psyshock vs. 252 HP \/ 252+ Def Eviolite Chansey: 205-243 (29.1 - 34.5%) -- 5.3% chance to 3HKO
|
|switch|p1a: Slowbro|Slowbro, F|394\/394 slp
|-damage|p1a: Slowbro|345\/394 slp|[from] Stealth Rock
|turn|23
|
|move|p2a: Aerow|Hyper Voice|p1a: Slowbro
|-damage|p1a: Slowbro|50\/394 slp
|cant|p1a: Slowbro|slp
|
|turn|24
|c|âTom0410|oui bah no gg
|leave|Tom0410
|player|p1
|-message|Player 1 lost due to inactivity.
|
|win|Blue Erlade