|join|Blue Erlade
|join|DragoniT
|player|p1|Blue Erlade|201
|player|p2|DragoniT|163
|gametype|singles
|gen|6
|tier|OU
|clearpoke
|poke|p1|Gallade, M
|poke|p1|Bisharp, F
|poke|p1|Clefable, M
|poke|p1|Landorus-Therian, M
|poke|p1|Keldeo-Resolute
|poke|p1|Latias, F
|poke|p2|Gallade, M
|poke|p2|Bisharp, M
|poke|p2|Latios, M
|poke|p2|Rotom-Wash
|poke|p2|Heatran, F
|poke|p2|Clefable, M
|rule|Swagger Clause: Swagger is banned
|rule|Baton Pass Clause: Limit one PokÃ©mon knowing Baton Pass
|rule|Sleep Clause Mod: Limit one foe put to sleep
|rule|Species Clause: Limit one of each PokÃ©mon
|rule|OHKO Clause: OHKO moves are banned
|rule|Moody Clause: Moody is banned
|rule|Evasion Moves Clause: Evasion moves are banned
|rule|Endless Battle Clause: Forcing endless battles is banned
|rule|HP Percentage Mod: HP is shown in percentages
|teampreview
|c|âDragoniT|gl
|c|âBlue Erlade|gl
|c|âDragoniT|on a presque la mme team x)
|c|âBlue Erlade|On a des teams quasi semblables\/
|c|âBlue Erlade|Outqpeed.
|c|âBlue Erlade|Bref.
|
|start
|switch|p1a: Landorus-Therian|Landorus-Therian, M|382\/382
|switch|p2a: Bisharp|Bisharp, M|272\/272
|-ability|p1a: Landorus-Therian|Intimidate|[of] p2a: Bisharp
|-unboost|p2a: Bisharp|atk|1
|-boost|p2a: Bisharp|atk|2|[from] ability: Defiant
|turn|1
|c|âBlue Erlade|Nut.
|
|switch|p1a: Keldeo-Resolute|Keldeo-Resolute|323\/323
|move|p2a: Bisharp|Sucker Punch|p1a: Keldeo-Resolute
|-fail|p1a: Keldeo-Resolute
|
|turn|2
|c|âDragoniT|j'essaye de mettre direct la pression
|
|switch|p2a: Latios|Latios, M|301\/301
|move|p1a: Keldeo-Resolute|Secret Sword|p2a: Latios
|-resisted|p2a: Latios
|-damage|p2a: Latios|208\/301
|
|turn|3
|c|âBlue Erlade|Voyons comment.
|
|switch|p1a: Landorus-Therian|Landorus-Therian, M|382\/382
|-ability|p1a: Landorus-Therian|Intimidate|[of] p2a: Latios
|-unboost|p2a: Latios|atk|1
|switch|p2a: Heatran|Heatran, F|385\/385
|
|turn|4
|c|âDragoniT|t'as anticipÃ© un double switch?
|c|âBlue Erlade|^^
|c|âBlue Erlade|Nan :p
|c|âDragoniT|bah tu laissais lando mourrir alors
|
|switch|p2a: Clefable|Clefable, M|394\/394
|move|p1a: Landorus-Therian|Stealth Rock|p2a: Clefable
|-sidestart|p2: DragoniT|move: Stealth Rock
|
|turn|5
|c|âBlue Erlade|Ou pas.
|join|Glorious Player
|
|move|p1a: Landorus-Therian|U-turn|p2a: Clefable
|-resisted|p2a: Clefable
|-damage|p2a: Clefable|347\/394
|
|switch|p1a: Bisharp|Bisharp, F|271\/271
|move|p2a: Clefable|Thunder Wave|p1a: Bisharp
|-status|p1a: Bisharp|par
|
|-heal|p2a: Clefable|371\/394|[from] item: Leftovers
|turn|6
|
|switch|p2a: Heatran|Heatran, F|385\/385
|-damage|p2a: Heatran|337\/385|[from] Stealth Rock
|move|p1a: Bisharp|Swords Dance|p1a: Bisharp
|-boost|p1a: Bisharp|atk|2
|
|-heal|p2a: Heatran|361\/385|[from] item: Leftovers
|turn|7
|c| Glorious Player|<<
|c|âBlue Erlade|Hum.
|
|move|p2a: Heatran|Stealth Rock|p1a: Bisharp
|-sidestart|p1: Blue Erlade|move: Stealth Rock
|move|p1a: Bisharp|Knock Off|p2a: Heatran
|-crit|p2a: Heatran
|-damage|p2a: Heatran|0 fnt
|-enditem|p2a: Heatran|Leftovers|[from] move: Knock Off|[of] p1a: Bisharp
|faint|p2a: Heatran
|
|c|âDragoniT|rofl
|c|âBlue Erlade|Tiens.
|c|âBlue Erlade|Le crit annule pas mon boost d'attk ?
|c|âDragoniT|bon bah j'ai perdu la
|c|âBlue Erlade|Je te connais trop bien :$
|c|âDragoniT|et moi je te connais pas asser bien
|
|switch|p2a: Bisharp|Bisharp, M|272\/272
|-damage|p2a: Bisharp|255\/272|[from] Stealth Rock
|turn|8
|
|cant|p1a: Bisharp|par
|move|p2a: Bisharp|Iron Head|p1a: Bisharp
|-resisted|p1a: Bisharp
|-damage|p1a: Bisharp|193\/271 par
|
|turn|9
|c|âDragoniT|ironhaxx
|
|move|p2a: Bisharp|Swords Dance|p2a: Bisharp
|-boost|p2a: Bisharp|atk|2
|move|p1a: Bisharp|Knock Off|p2a: Bisharp
|-resisted|p2a: Bisharp
|-damage|p2a: Bisharp|51\/272
|-enditem|p2a: Bisharp|Lum Berry|[from] move: Knock Off|[of] p1a: Bisharp
|
|turn|10
|c|âBlue Erlade|*musique*
|
|move|p2a: Bisharp|Sucker Punch|p1a: Bisharp
|-resisted|p1a: Bisharp
|-damage|p1a: Bisharp|33\/271 par
|cant|p1a: Bisharp|par
|
|turn|11
|c|âDragoniT|et bim prends Ã§a :-p
|
|move|p2a: Bisharp|Sucker Punch|p1a: Bisharp
|-resisted|p1a: Bisharp
|-damage|p1a: Bisharp|0 fnt
|faint|p1a: Bisharp
|
|
|switch|p1a: Keldeo-Resolute|Keldeo-Resolute|323\/323
|-damage|p1a: Keldeo-Resolute|303\/323|[from] Stealth Rock
|turn|12
|
|move|p2a: Bisharp|Sucker Punch|p1a: Keldeo-Resolute
|-resisted|p1a: Keldeo-Resolute
|-damage|p1a: Keldeo-Resolute|135\/323
|-boost|p1a: Keldeo-Resolute|atk|1|[from] ability: Justified
|move|p1a: Keldeo-Resolute|Scald|p2a: Bisharp
|-damage|p2a: Bisharp|0 fnt
|faint|p2a: Bisharp
|
|
|switch|p2a: Latios|Latios, M|208\/301
|-damage|p2a: Latios|171\/301|[from] Stealth Rock
|turn|13
|
|switch|p1a: Clefable|Clefable, M|394\/394
|move|p2a: Latios|Psyshock|p1a: Clefable
|-crit|p1a: Clefable
|-damage|p1a: Clefable|147\/394
|-damage|p2a: Latios|141\/301|[from] item: Life Orb
|
|-heal|p1a: Clefable|171\/394|[from] item: Leftovers
|turn|14
|c|âBlue Erlade|Le crit qu'il ne fallait pas.
|c|âDragoniT|ah t'es full pv\/def
|c|âBlue Erlade|Oui?
|c|âDragoniT|att je calc
|c|âBlue Erlade|2OHKO.
|leave|Glorious Player
|c|âBlue Erlade|Tu switch je me heal et basta.
|c|âBlue Erlade|Le match va Ãªtre nettement plus serrÃ©.
|
|switch|p1a: Landorus-Therian|Landorus-Therian, M|382\/382
|-damage|p1a: Landorus-Therian|335\/382|[from] Stealth Rock
|-ability|p1a: Landorus-Therian|Intimidate|[of] p2a: Latios
|-unboost|p2a: Latios|atk|1
|move|p2a: Latios|Psyshock|p1a: Landorus-Therian
|-crit|p1a: Landorus-Therian
|-damage|p1a: Landorus-Therian|33\/382
|-damage|p2a: Latios|111\/301|[from] item: Life Orb
|
|-heal|p1a: Landorus-Therian|56\/382|[from] item: Leftovers
|turn|15
|c|âDragoniT|ah dsl la
|c|âDragoniT|:\/
|c|âDragoniT|tu m'a transmis ta maladie du crit
|c|âBlue Erlade|T'aurais du voir hhier.
|
|move|p2a: Latios|Psyshock|p1a: Landorus-Therian
|-damage|p1a: Landorus-Therian|0 fnt
|-damage|p2a: Latios|81\/301|[from] item: Life Orb
|faint|p1a: Landorus-Therian
|
|c|âBlue Erlade|J'ai haxxÃ© la stall de KOrby.
|c|âBlue Erlade|Au niveau Omega.
|
|switch|p1a: Keldeo-Resolute|Keldeo-Resolute|135\/323
|-damage|p1a: Keldeo-Resolute|115\/323|[from] Stealth Rock
|turn|16
|c|âBlue Erlade|YOLO
|
|switch|p2a: Rotom-Wash|Rotom-Wash|304\/304
|-damage|p2a: Rotom-Wash|266\/304|[from] Stealth Rock
|move|p1a: Keldeo-Resolute|Icy Wind|p2a: Rotom-Wash
|-resisted|p2a: Rotom-Wash
|-damage|p2a: Rotom-Wash|235\/304
|-unboost|p2a: Rotom-Wash|spe|1
|
|-heal|p2a: Rotom-Wash|254\/304|[from] item: Leftovers
|turn|17
|
|switch|p1a: Latias|Latias, F|302\/302
|-damage|p1a: Latias|265\/302|[from] Stealth Rock
|move|p2a: Rotom-Wash|Volt Switch|p1a: Latias
|-resisted|p1a: Latias
|-damage|p1a: Latias|229\/302
|
|switch|p2a: Clefable|Clefable, M|371\/394
|-damage|p2a: Clefable|322\/394|[from] Stealth Rock
|
|-heal|p2a: Clefable|346\/394|[from] item: Leftovers
|turn|18
|c|âDragoniT|tous tes pokÃ© craignent clefable la
|
|move|p1a: Latias|Psyshock|p2a: Clefable
|-damage|p2a: Clefable|198\/394
|-damage|p1a: Latias|199\/302|[from] item: Life Orb
|move|p2a: Clefable|Moonblast|p1a: Latias
|-supereffective|p1a: Latias
|-damage|p1a: Latias|41\/302
|-unboost|p1a: Latias|spa|1
|
|-heal|p2a: Clefable|222\/394|[from] item: Leftovers
|turn|19
|
|move|p1a: Latias|Healing Wish|p1a: Latias
|faint|p1a: Latias
|move|p2a: Clefable|Moonlight|p2a: Clefable
|-heal|p2a: Clefable|394\/394
|
|
|switch|p1a: Clefable|Clefable, M|171\/394
|-heal|p1a: Clefable|394\/394|[from] move: Healing Wish
|turn|20
|
|move|p1a: Clefable|Thunder Wave|p2a: Clefable
|-status|p2a: Clefable|par
|move|p2a: Clefable|Thunder Wave|p1a: Clefable
|-status|p1a: Clefable|par
|
|turn|21
|c|âBlue Erlade|Clash of Clefable.
|c|âDragoniT|Ã§a va cancer la
|
|move|p2a: Clefable|Moonblast|p1a: Clefable
|-damage|p1a: Clefable|268\/394 par
|move|p1a: Clefable|Calm Mind|p1a: Clefable
|-boost|p1a: Clefable|spa|1
|-boost|p1a: Clefable|spd|1
|
|-heal|p1a: Clefable|292\/394 par|[from] item: Leftovers
|turn|22
|c|âBlue Erlade|Ui.
|c|âDragoniT|merde t'as calm mind
|
|move|p1a: Clefable|Moonblast|p2a: Clefable
|-damage|p2a: Clefable|277\/394 par
|move|p2a: Clefable|Moonlight|p2a: Clefable
|-heal|p2a: Clefable|394\/394 par
|
|-heal|p1a: Clefable|316\/394 par|[from] item: Leftovers
|turn|23
|c|âBlue Erlade|Ui.
|
|move|p2a: Clefable|Moonblast|p1a: Clefable
|-crit|p1a: Clefable
|-damage|p1a: Clefable|144\/394 par
|-unboost|p1a: Clefable|spa|1
|move|p1a: Clefable|Calm Mind|p1a: Clefable
|-boost|p1a: Clefable|spa|1
|-boost|p1a: Clefable|spd|1
|
|-heal|p1a: Clefable|168\/394 par|[from] item: Leftovers
|turn|24
|c|âBlue Erlade|Punaise.
|
|move|p1a: Clefable|Soft-Boiled|p1a: Clefable
|-heal|p1a: Clefable|365\/394 par
|move|p2a: Clefable|Moonblast|p1a: Clefable
|-damage|p1a: Clefable|241\/394 par
|
|-heal|p1a: Clefable|265\/394 par|[from] item: Leftovers
|turn|25
|
|cant|p2a: Clefable|par
|move|p1a: Clefable|Calm Mind|p1a: Clefable
|-boost|p1a: Clefable|spa|1
|-boost|p1a: Clefable|spd|1
|
|-heal|p1a: Clefable|289\/394 par|[from] item: Leftovers
|turn|26
|c|âDragoniT|Ã§a va jouer sur les crit
|
|move|p1a: Clefable|Calm Mind|p1a: Clefable
|-boost|p1a: Clefable|spa|1
|-boost|p1a: Clefable|spd|1
|move|p2a: Clefable|Moonblast|p1a: Clefable
|-damage|p1a: Clefable|180\/394 par
|
|-heal|p1a: Clefable|204\/394 par|[from] item: Leftovers
|turn|27
|
|switch|p2a: Gallade|Gallade, M|278\/278
|-damage|p2a: Gallade|261\/278|[from] Stealth Rock
|move|p1a: Clefable|Soft-Boiled|p1a: Clefable
|-heal|p1a: Clefable|394\/394 par
|
|turn|28
|
|detailschange|p2a: Gallade|Gallade-Mega, M
|-mega|p2a: Gallade|Gallade|Galladite
|move|p2a: Gallade|Zen Headbutt|p1a: Clefable
|-damage|p1a: Clefable|234\/394 par
|move|p1a: Clefable|Moonblast|p2a: Gallade
|-supereffective|p2a: Gallade
|-damage|p2a: Gallade|0 fnt
|faint|p2a: Gallade
|
|-heal|p1a: Clefable|258\/394 par|[from] item: Leftovers
|c|âBlue Erlade|Tin tin tin.
|c|âBlue Erlade|HollÃ© !
|c|âDragoniT|le zen headbutt + para qui a pas marcher
|c|âBlue Erlade|Awi.
|
|switch|p2a: Latios|Latios, M|81\/301
|-damage|p2a: Latios|44\/301|[from] Stealth Rock
|turn|29
|c|âBlue Erlade|Ca aurait pas marchÃ© deux fois\/
|
|move|p2a: Latios|Psyshock|p1a: Clefable
|-damage|p1a: Clefable|89\/394 par
|-damage|p2a: Latios|14\/301|[from] item: Life Orb
|move|p1a: Clefable|Soft-Boiled|p1a: Clefable
|-heal|p1a: Clefable|286\/394 par
|
|-heal|p1a: Clefable|310\/394 par|[from] item: Leftovers
|turn|30
|c|âDragoniT|aler crit please
|c|âBlue Erlade|En revanche sur la para
|
|move|p2a: Latios|Psyshock|p1a: Clefable
|-damage|p1a: Clefable|153\/394 par
|-damage|p2a: Latios|0 fnt|[from] item: Life Orb
|faint|p2a: Latios
|move|p1a: Clefable|Soft-Boiled|p1a: Clefable
|-heal|p1a: Clefable|350\/394 par
|
|-heal|p1a: Clefable|374\/394 par|[from] item: Leftovers
|c|âDragoniT|gg
|c|âBlue Erlade|gg
|-message|DragoniT forfeited.
|
|win|Blue Erlade
|c|âDragoniT|la j'y vais, a+ :p
|c|âBlue Erlade|MÃªme aprÃ¨s t'aurais eu du mal Ã  wiin :p
|c|âBlue Erlade|Bye.
|leave|DragoniT
|player|p2