|join|Fairy Peak
|join|Blue Erlade
|player|p1|Fairy Peak|97
|player|p2|Blue Erlade|201
|gametype|singles
|gen|6
|tier|OU
|clearpoke
|poke|p1|Latias, F
|poke|p1|Charizard, M
|poke|p1|Gliscor, M
|poke|p1|Rotom-Wash
|poke|p1|Clefable, M
|poke|p1|Jirachi
|poke|p2|Gallade, M
|poke|p2|Bisharp, M
|poke|p2|Clefable, M
|poke|p2|Landorus-Therian, M
|poke|p2|Keldeo-Resolute
|poke|p2|Latias, F
|rule|Swagger Clause: Swagger is banned
|rule|Baton Pass Clause: Limit one PokÃ©mon knowing Baton Pass
|rule|Sleep Clause Mod: Limit one foe put to sleep
|rule|Species Clause: Limit one of each PokÃ©mon
|rule|OHKO Clause: OHKO moves are banned
|rule|Moody Clause: Moody is banned
|rule|Evasion Moves Clause: Evasion moves are banned
|rule|Endless Battle Clause: Forcing endless battles is banned
|rule|HP Percentage Mod: HP is shown in percentages
|teampreview
|c|âFairy Peak|Gl, hf.
|c|âBlue Erlade|gl hf
|
|start
|switch|p1a: Gliscor|Gliscor, M|353\/353
|switch|p2a: Keldeo-Resolute|Keldeo-Resolute|323\/323
|turn|1
|
|switch|p1a: Rotom-Wash|Rotom-Wash|304\/304
|move|p2a: Keldeo-Resolute|Hydro Pump|p1a: Rotom-Wash
|-resisted|p1a: Rotom-Wash
|-damage|p1a: Rotom-Wash|203\/304
|
|-heal|p1a: Rotom-Wash|222\/304|[from] item: Leftovers
|turn|2
|
|switch|p2a: Clefable|Clefable, M|394\/394
|move|p1a: Rotom-Wash|Volt Switch|p2a: Clefable
|-damage|p2a: Clefable|300\/394
|
|switch|p1a: Jirachi|Jirachi|404\/404
|
|-heal|p2a: Clefable|324\/394|[from] item: Leftovers
|turn|3
|
|move|p1a: Jirachi|Wish|p1a: Jirachi
|move|p2a: Clefable|Thunder Wave|p1a: Jirachi
|-status|p1a: Jirachi|par
|
|-heal|p2a: Clefable|348\/394|[from] item: Leftovers
|turn|4
|c|âFairy Peak|Nice missclic
|c|âBlue Erlade|...
|
|switch|p2a: Landorus-Therian|Landorus-Therian, M|382\/382
|-ability|p2a: Landorus-Therian|Intimidate|[of] p1a: Jirachi
|-unboost|p1a: Jirachi|atk|1
|move|p1a: Jirachi|Stealth Rock|p2a: Landorus-Therian
|-sidestart|p2: Blue Erlade|move: Stealth Rock
|
|turn|5
|
|switch|p1a: Gliscor|Gliscor, M|353\/353
|move|p2a: Landorus-Therian|Stealth Rock|p1a: Gliscor
|-sidestart|p1: Fairy Peak|move: Stealth Rock
|
|-status|p1a: Gliscor|tox|[from] item: Toxic Orb
|turn|6
|
|switch|p2a: Clefable|Clefable, M|348\/394
|move|p1a: Gliscor|Facade|p2a: Clefable
|-damage|p2a: Clefable|263\/394
|
|-heal|p2a: Clefable|287\/394|[from] item: Leftovers
|turn|7
|
|move|p1a: Gliscor|Swords Dance|p1a: Gliscor
|-boost|p1a: Gliscor|atk|2
|move|p2a: Clefable|Moonblast|p1a: Gliscor
|-damage|p1a: Gliscor|215\/353 tox
|
|-heal|p2a: Clefable|311\/394|[from] item: Leftovers
|-heal|p1a: Gliscor|259\/353 tox|[from] ability: Poison Heal
|turn|8
|
|move|p1a: Gliscor|Facade|p2a: Clefable
|-damage|p2a: Clefable|116\/394
|move|p2a: Clefable|Moonblast|p1a: Gliscor
|-damage|p1a: Gliscor|115\/353 tox
|
|-heal|p2a: Clefable|140\/394|[from] item: Leftovers
|-heal|p1a: Gliscor|159\/353 tox|[from] ability: Poison Heal
|turn|9
|
|move|p1a: Gliscor|Roost|p1a: Gliscor
|-heal|p1a: Gliscor|336\/353 tox
|move|p2a: Clefable|Moonblast|p1a: Gliscor
|-damage|p1a: Gliscor|203\/353 tox
|
|-heal|p2a: Clefable|164\/394|[from] item: Leftovers
|-heal|p1a: Gliscor|247\/353 tox|[from] ability: Poison Heal
|turn|10
|
|move|p1a: Gliscor|Facade|p2a: Clefable
|-damage|p2a: Clefable|0 fnt
|faint|p2a: Clefable
|
|-heal|p1a: Gliscor|291\/353 tox|[from] ability: Poison Heal
|
|switch|p2a: Keldeo-Resolute|Keldeo-Resolute|323\/323
|-damage|p2a: Keldeo-Resolute|303\/323|[from] Stealth Rock
|turn|11
|
|switch|p1a: Latias|Latias, F|320\/320
|-damage|p1a: Latias|280\/320|[from] Stealth Rock
|move|p2a: Keldeo-Resolute|Hydro Pump|p1a: Latias
|-resisted|p1a: Latias
|-damage|p1a: Latias|202\/320
|
|-heal|p1a: Latias|222\/320|[from] item: Leftovers
|turn|12
|join|Thunder631
|
|switch|p2a: Bisharp|Bisharp, M|271\/271
|-damage|p2a: Bisharp|255\/271|[from] Stealth Rock
|switch|p1a: Rotom-Wash|Rotom-Wash|222\/304
|-damage|p1a: Rotom-Wash|184\/304|[from] Stealth Rock
|
|-heal|p1a: Rotom-Wash|203\/304|[from] item: Leftovers
|turn|13
|
|move|p2a: Bisharp|Swords Dance|p2a: Bisharp
|-boost|p2a: Bisharp|atk|2
|move|p1a: Rotom-Wash|Will-O-Wisp|p2a: Bisharp
|-status|p2a: Bisharp|brn
|
|-heal|p1a: Rotom-Wash|222\/304|[from] item: Leftovers
|-damage|p2a: Bisharp|222\/271 brn|[from] brn
|turn|14
|
|move|p2a: Bisharp|Knock Off|p1a: Rotom-Wash
|-damage|p1a: Rotom-Wash|51\/304
|-enditem|p1a: Rotom-Wash|Leftovers|[from] move: Knock Off|[of] p2a: Bisharp
|move|p1a: Rotom-Wash|Hydro Pump|p2a: Bisharp
|-crit|p2a: Bisharp
|-damage|p2a: Bisharp|0 fnt
|faint|p2a: Bisharp
|
|c|âFairy Peak|._.
|c| Thunder631|rire
|
|switch|p2a: Gallade|Gallade, M|277\/277
|-damage|p2a: Gallade|260\/277|[from] Stealth Rock
|turn|15
|c|âBlue Erlade|Je sais pas si c'Ã©tait useless.
|
|detailschange|p2a: Gallade|Gallade-Mega, M
|-mega|p2a: Gallade|Gallade|Galladite
|move|p2a: Gallade|Psycho Cut|p1a: Rotom-Wash
|-crit|p1a: Rotom-Wash
|-damage|p1a: Rotom-Wash|0 fnt
|faint|p1a: Rotom-Wash
|
|c| Thunder631|Tu comptes Ãªtre #1 yn
|c|âFairy Peak|Flemme. >_>
|c|âFairy Peak|x)
|
|switch|p1a: Clefable|Clefable, M|394\/394
|turn|16
|c| Thunder631|D:
|
|move|p2a: Gallade|Swords Dance|p2a: Gallade
|-boost|p2a: Gallade|atk|2
|move|p1a: Clefable|Moonblast|p2a: Gallade
|-supereffective|p2a: Gallade
|-damage|p2a: Gallade|60\/277
|-unboost|p2a: Gallade|spa|1
|
|turn|17
|c| Thunder631|haxx
|c| Thunder631|:\/
|
|move|p2a: Gallade|Psycho Cut|p1a: Clefable
|-damage|p1a: Clefable|96\/394
|move|p1a: Clefable|Moonblast|p2a: Gallade
|-supereffective|p2a: Gallade
|-damage|p2a: Gallade|0 fnt
|faint|p2a: Gallade
|
|-heal|p1a: Clefable|120\/394|[from] item: Leftovers
|
|switch|p2a: Keldeo-Resolute|Keldeo-Resolute|303\/323
|-damage|p2a: Keldeo-Resolute|283\/323|[from] Stealth Rock
|turn|18
|
|move|p2a: Keldeo-Resolute|Scald|p1a: Clefable
|-damage|p1a: Clefable|0 fnt
|faint|p1a: Clefable
|
|
|switch|p1a: Latias|Latias, F|222\/320
|-damage|p1a: Latias|182\/320|[from] Stealth Rock
|turn|19
|
|switch|p2a: Landorus-Therian|Landorus-Therian, M|382\/382
|-damage|p2a: Landorus-Therian|335\/382|[from] Stealth Rock
|-ability|p2a: Landorus-Therian|Intimidate|[of] p1a: Latias
|-unboost|p1a: Latias|atk|1
|move|p1a: Latias|Defog|p2a: Landorus-Therian
|-unboost|p2a: Landorus-Therian|evasion|1
|-sideend|p2: Blue Erlade|Stealth Rock|[from] move: Defog|[of] p2a: Landorus-Therian
|-sideend|p1: Fairy Peak|Stealth Rock|[from] move: Defog|[of] p1a: Latias
|
|-heal|p1a: Latias|202\/320|[from] item: Leftovers
|-heal|p2a: Landorus-Therian|358\/382|[from] item: Leftovers
|turn|20
|
|move|p1a: Latias|Draco Meteor|p2a: Landorus-Therian
|-damage|p2a: Landorus-Therian|117\/382
|-unboost|p1a: Latias|spa|2
|move|p2a: Landorus-Therian|Stealth Rock|p1a: Latias
|-sidestart|p1: Fairy Peak|move: Stealth Rock
|
|-heal|p1a: Latias|222\/320|[from] item: Leftovers
|-heal|p2a: Landorus-Therian|140\/382|[from] item: Leftovers
|turn|21
|
|move|p1a: Latias|Defog|p2a: Landorus-Therian
|-unboost|p2a: Landorus-Therian|evasion|1
|-sideend|p1: Fairy Peak|Stealth Rock|[from] move: Defog|[of] p1a: Latias
|move|p2a: Landorus-Therian|U-turn|p1a: Latias
|-supereffective|p1a: Latias
|-damage|p1a: Latias|2\/320
|
|switch|p2a: Keldeo-Resolute|Keldeo-Resolute|283\/323
|
|-heal|p1a: Latias|22\/320|[from] item: Leftovers
|turn|22
|c|âFairy Peak|Nice 1%
|c|âBlue Erlade|Fuuuuuuuuuuuuuu
|
|move|p2a: Keldeo-Resolute|Hydro Pump|p1a: Latias
|-resisted|p1a: Latias
|-damage|p1a: Latias|0 fnt
|faint|p1a: Latias
|
|
|switch|p1a: Jirachi|Jirachi|404\/404 par
|turn|23
|
|switch|p2a: Landorus-Therian|Landorus-Therian, M|140\/382
|-ability|p2a: Landorus-Therian|Intimidate|[of] p1a: Jirachi
|-unboost|p1a: Jirachi|atk|1
|move|p1a: Jirachi|Body Slam|p2a: Landorus-Therian
|-damage|p2a: Landorus-Therian|93\/382
|-status|p2a: Landorus-Therian|par
|
|-heal|p2a: Landorus-Therian|116\/382 par|[from] item: Leftovers
|turn|24
|
|switch|p1a: Charizard|Charizard, M|333\/333
|move|p2a: Landorus-Therian|Stealth Rock|p1a: Charizard
|-sidestart|p1: Fairy Peak|move: Stealth Rock
|
|-heal|p2a: Landorus-Therian|139\/382 par|[from] item: Leftovers
|turn|25
|
|detailschange|p1a: Charizard|Charizard-Mega-X, M
|-mega|p1a: Charizard|Charizard|Charizardite X
|move|p1a: Charizard|Dragon Dance|p1a: Charizard
|-boost|p1a: Charizard|atk|1
|-boost|p1a: Charizard|spe|1
|move|p2a: Landorus-Therian|Earthquake|p1a: Charizard
|-supereffective|p1a: Charizard
|-damage|p1a: Charizard|0 fnt
|faint|p1a: Charizard
|
|-heal|p2a: Landorus-Therian|162\/382 par|[from] item: Leftovers
|c|âFairy Peak|Ah ok
|c|âFairy Peak|No stone
|
|switch|p1a: Gliscor|Gliscor, M|291\/353 tox
|-damage|p1a: Gliscor|247\/353 tox|[from] Stealth Rock
|turn|26
|c|âBlue Erlade|Nan.
|c|âBlue Erlade|Pourquoi ?
|
|move|p1a: Gliscor|Facade|p2a: Landorus-Therian
|-damage|p2a: Landorus-Therian|56\/382 par
|move|p2a: Landorus-Therian|U-turn|p1a: Gliscor
|-resisted|p1a: Gliscor
|-damage|p1a: Gliscor|213\/353 tox
|
|switch|p2a: Keldeo-Resolute|Keldeo-Resolute|283\/323
|
|-heal|p1a: Gliscor|257\/353 tox|[from] ability: Poison Heal
|turn|27
|c|âFairy Peak|Bah si j'serais restÃ© en Normal
|c|âBlue Erlade|J'y ai pensÃ©.
|c|âBlue Erlade|Mais j'Ã©tais foutu si tu restais et que tu EQ, ou si tu ME et je faisais Lame.
|
|switch|p1a: Jirachi|Jirachi|404\/404 par
|-damage|p1a: Jirachi|379\/404 par|[from] Stealth Rock
|move|p2a: Keldeo-Resolute|Hydro Pump|p1a: Jirachi
|-damage|p1a: Jirachi|234\/404 par
|
|-heal|p1a: Jirachi|259\/404 par|[from] item: Leftovers
|turn|28
|
|switch|p2a: Landorus-Therian|Landorus-Therian, M|56\/382 par
|-ability|p2a: Landorus-Therian|Intimidate|[of] p1a: Jirachi
|-unboost|p1a: Jirachi|atk|1
|move|p1a: Jirachi|Body Slam|p2a: Landorus-Therian
|-damage|p2a: Landorus-Therian|10\/382 par
|
|-heal|p1a: Jirachi|284\/404 par|[from] item: Leftovers
|-heal|p2a: Landorus-Therian|33\/382 par|[from] item: Leftovers
|turn|29
|
|move|p1a: Jirachi|Iron Head|p2a: Landorus-Therian
|-damage|p2a: Landorus-Therian|0 fnt
|faint|p2a: Landorus-Therian
|
|-heal|p1a: Jirachi|309\/404 par|[from] item: Leftovers
|
|switch|p2a: Keldeo-Resolute|Keldeo-Resolute|283\/323
|turn|30
|
|move|p2a: Keldeo-Resolute|Hydro Pump|p1a: Jirachi
|-damage|p1a: Jirachi|152\/404 par
|cant|p1a: Jirachi|par
|
|-heal|p1a: Jirachi|177\/404 par|[from] item: Leftovers
|turn|31
|
|move|p2a: Keldeo-Resolute|Hydro Pump|p1a: Jirachi
|-damage|p1a: Jirachi|30\/404 par
|move|p1a: Jirachi|Body Slam|p2a: Keldeo-Resolute
|-damage|p2a: Keldeo-Resolute|237\/323
|
|-heal|p1a: Jirachi|55\/404 par|[from] item: Leftovers
|turn|32
|c|âBlue Erlade|Fiou.
|
|move|p2a: Keldeo-Resolute|Hydro Pump|p1a: Jirachi
|-damage|p1a: Jirachi|0 fnt
|faint|p1a: Jirachi
|
|c|âFairy Peak|No miss
|c|âBlue Erlade|gg
|
|switch|p1a: Gliscor|Gliscor, M|257\/353 tox
|-damage|p1a: Gliscor|213\/353 tox|[from] Stealth Rock
|turn|33
|c|âFairy Peak|;_;
|
|move|p2a: Keldeo-Resolute|Hydro Pump|p1a: Gliscor
|-supereffective|p1a: Gliscor
|-damage|p1a: Gliscor|0 fnt
|faint|p1a: Gliscor
|
|win|Blue Erlade
|c|âFairy Peak|Gg