|join|Blue Erlade
|join|gstarz
|player|p1|Blue Erlade|286
|player|p2|gstarz|164
|gametype|singles
|gen|6
|tier|OU
|rated
|clearpoke
|poke|p1|Slowbro, M
|poke|p1|Chansey, F
|poke|p1|Clefable, M
|poke|p1|Ferrothorn, M
|poke|p1|Latias, F
|poke|p1|Rotom-Wash
|poke|p2|Alakazam, M
|poke|p2|Umbreon, F
|poke|p2|Gliscor, M
|poke|p2|Slowbro, M
|poke|p2|Scizor, F
|poke|p2|Snorlax, F
|rule|Swagger Clause: Swagger is banned
|rule|Baton Pass Clause: Limit one PokÃ©mon knowing Baton Pass
|rule|Sleep Clause Mod: Limit one foe put to sleep
|rule|Species Clause: Limit one of each PokÃ©mon
|rule|OHKO Clause: OHKO moves are banned
|rule|Moody Clause: Moody is banned
|rule|Evasion Moves Clause: Evasion moves are banned
|rule|Endless Battle Clause: Forcing endless battles is banned
|rule|HP Percentage Mod: HP is shown in percentages
|teampreview
|
|start
|switch|p1a: Slowbro|Slowbro, M|393\/393
|switch|p2a: Alakazam|Alakazam, M|252\/252
|turn|1
|
|switch|p1a: Chansey|Chansey, F|662\/662
|move|p2a: Alakazam|Dazzling Gleam|p1a: Chansey
|-damage|p1a: Chansey|602\/662
|
|turn|2
|
|switch|p2a: Gliscor|Gliscor, M|337\/337
|move|p1a: Chansey|Thunder Wave|p2a: Gliscor
|-immune|p2a: Gliscor|[msg]
|
|-status|p2a: Gliscor|tox|[from] item: Toxic Orb
|turn|3
|
|switch|p1a: Ferrothorn|Ferrothorn, M|351\/351
|move|p2a: Gliscor|Swords Dance|p2a: Gliscor
|-boost|p2a: Gliscor|atk|2
|
|turn|4
|
|move|p2a: Gliscor|Swords Dance|p2a: Gliscor
|-boost|p2a: Gliscor|atk|2
|move|p1a: Ferrothorn|Leech Seed|p2a: Gliscor
|-start|p2a: Gliscor|move: Leech Seed
|
|-damage|p2a: Gliscor|295\/337 tox|[from] Leech Seed|[of] p1a: Ferrothorn
|-heal|p2a: Gliscor|337\/337 tox|[from] ability: Poison Heal
|turn|5
|
|move|p2a: Gliscor|Knock Off|p1a: Ferrothorn
|-damage|p1a: Ferrothorn|151\/351
|-damage|p2a: Gliscor|295\/337 tox|[from] ability: Iron Barbs|[of] p1a: Ferrothorn
|-enditem|p1a: Ferrothorn|Shed Shell|[from] move: Knock Off|[of] p2a: Gliscor
|move|p1a: Ferrothorn|Stealth Rock|p2a: Gliscor
|-sidestart|p2: gstarz|move: Stealth Rock
|
|-damage|p2a: Gliscor|253\/337 tox|[from] Leech Seed|[of] p1a: Ferrothorn
|-heal|p1a: Ferrothorn|193\/351|[silent]
|-heal|p2a: Gliscor|295\/337 tox|[from] ability: Poison Heal
|turn|6
|
|switch|p1a: Clefable|Clefable, M|394\/394
|move|p2a: Gliscor|Earthquake|p1a: Clefable
|-damage|p1a: Clefable|0 fnt
|faint|p1a: Clefable
|
|-heal|p2a: Gliscor|337\/337 tox|[from] ability: Poison Heal
|
|switch|p1a: Slowbro|Slowbro, M|393\/393
|turn|7
|
|detailschange|p1a: Slowbro|Slowbro-Mega, M
|-mega|p1a: Slowbro|Slowbro|Slowbronite
|move|p2a: Gliscor|Knock Off|p1a: Slowbro
|-supereffective|p1a: Slowbro
|-damage|p1a: Slowbro|193\/393
|move|p1a: Slowbro|Scald|p2a: Gliscor
|-supereffective|p2a: Gliscor
|-damage|p2a: Gliscor|41\/337 tox
|
|-damage|p2a: Gliscor|0 fnt|[from] Leech Seed|[of] p1a: Slowbro
|-heal|p1a: Slowbro|234\/393|[silent]
|faint|p2a: Gliscor
|
|switch|p2a: Scizor|Scizor, F|344\/344
|-damage|p2a: Scizor|301\/344|[from] Stealth Rock
|turn|8
|
|switch|p1a: Rotom-Wash|Rotom-Wash|304\/304
|move|p2a: Scizor|U-turn|p1a: Rotom-Wash
|-damage|p1a: Rotom-Wash|145\/304
|
|switch|p2a: Alakazam|Alakazam, M|252\/252
|
|-heal|p1a: Rotom-Wash|164\/304|[from] item: Leftovers
|turn|9
|
|switch|p1a: Chansey|Chansey, F|602\/662
|move|p2a: Alakazam|Psyshock|p1a: Chansey
|-damage|p1a: Chansey|224\/662
|
|turn|10
|
|move|p2a: Alakazam|Psyshock|p1a: Chansey
|-damage|p1a: Chansey|0 fnt
|faint|p1a: Chansey
|
|
|switch|p1a: Slowbro|Slowbro-Mega, M|234\/393
|turn|11
|
|move|p2a: Alakazam|Dazzling Gleam|p1a: Slowbro
|-damage|p1a: Slowbro|115\/393
|move|p1a: Slowbro|Calm Mind|p1a: Slowbro
|-boost|p1a: Slowbro|spa|1
|-boost|p1a: Slowbro|spd|1
|
|turn|12
|
|detailschange|p2a: Alakazam|Alakazam-Mega, M
|-mega|p2a: Alakazam|Alakazam|Alakazite
|-ability|p2a: Alakazam|Shell Armor|[from] ability: Trace|[of] p1a: Slowbro
|move|p2a: Alakazam|Dazzling Gleam|p1a: Slowbro
|-damage|p1a: Slowbro|4\/393
|move|p1a: Slowbro|Rest|p1a: Slowbro
|-status|p1a: Slowbro|slp
|-heal|p1a: Slowbro|393\/393 slp|[silent]
|-status|p1a: Slowbro|slp|[from] move: Rest
|
|turn|13
|-message|gstarz forfeited.
|
|win|Blue Erlade
|raw|Ladder updating...
|leave|gstarz
|player|p2