|join|Utopian Girl
|join|Blue Erlade
|player|p1|Utopian Girl|285
|player|p2|Blue Erlade|99
|gametype|singles
|gen|6
|tier|OU (suspect test)
|rated
|clearpoke
|poke|p1|Slowbro, M
|poke|p1|Gliscor, F
|poke|p1|Clefable, F
|poke|p1|Latios, M
|poke|p1|Scizor, M
|poke|p1|Talonflame, F
|poke|p2|Metagross
|poke|p2|Latios, M
|poke|p2|Landorus-Therian, M
|poke|p2|Rotom-Wash
|poke|p2|Garchomp, M
|poke|p2|Magnezone
|rule|Swagger Clause: Swagger is banned
|rule|Baton Pass Clause: Limit one PokÃ©mon knowing Baton Pass
|rule|Sleep Clause Mod: Limit one foe put to sleep
|rule|Species Clause: Limit one of each PokÃ©mon
|rule|OHKO Clause: OHKO moves are banned
|rule|Moody Clause: Moody is banned
|rule|Evasion Moves Clause: Evasion moves are banned
|rule|Endless Battle Clause: Forcing endless battles is banned
|rule|HP Percentage Mod: HP is shown in percentages
|teampreview
|c|âBlue Erlade|gl
|c|âUtopian Girl|u2
|
|start
|switch|p1a: Gliscor|Gliscor, F|352\/352
|switch|p2a: Rotom-Wash|Rotom-Wash|303\/303
|turn|1
|
|switch|p1a: Clefable|Clefable, F|394\/394
|move|p2a: Rotom-Wash|Hydro Pump|p1a: Clefable
|-damage|p1a: Clefable|282\/394
|
|-heal|p1a: Clefable|306\/394|[from] item: Leftovers
|turn|2
|
|move|p2a: Rotom-Wash|Volt Switch|p1a: Clefable
|-damage|p1a: Clefable|234\/394
|
|switch|p2a: Metagross|Metagross|301\/301
|move|p1a: Clefable|Stealth Rock|p2a: Metagross
|-sidestart|p2: Blue Erlade|move: Stealth Rock
|
|-heal|p1a: Clefable|258\/394|[from] item: Leftovers
|turn|3
|
|switch|p1a: Slowbro|Slowbro, M|394\/394
|detailschange|p2a: Metagross|Metagross-Mega
|-mega|p2a: Metagross|Metagross|Metagrossite
|move|p2a: Metagross|Meteor Mash|p1a: Slowbro
|-resisted|p1a: Slowbro
|-damage|p1a: Slowbro|320\/394
|
|turn|4
|
|switch|p2a: Latios|Latios, M|302\/302
|-damage|p2a: Latios|265\/302|[from] Stealth Rock
|detailschange|p1a: Slowbro|Slowbro-Mega, M
|-mega|p1a: Slowbro|Slowbro|Slowbronite
|move|p1a: Slowbro|Scald|p2a: Latios
|-resisted|p2a: Latios
|-damage|p2a: Latios|210\/302
|
|turn|5
|
|switch|p1a: Clefable|Clefable, F|258\/394
|move|p2a: Latios|Draco Meteor|p1a: Clefable
|-immune|p1a: Clefable|[msg]
|
|-heal|p1a: Clefable|282\/394|[from] item: Leftovers
|turn|6
|
|move|p2a: Latios|Psychic|p1a: Clefable
|-damage|p1a: Clefable|90\/394
|-damage|p2a: Latios|180\/302|[from] item: Life Orb
|move|p1a: Clefable|Flamethrower|p2a: Latios
|-resisted|p2a: Latios
|-damage|p2a: Latios|145\/302
|
|-heal|p1a: Clefable|114\/394|[from] item: Leftovers
|turn|7
|
|move|p2a: Latios|Draco Meteor|p1a: Clefable
|-immune|p1a: Clefable|[msg]
|move|p1a: Clefable|Soft-Boiled|p1a: Clefable
|-heal|p1a: Clefable|311\/394
|
|-heal|p1a: Clefable|335\/394|[from] item: Leftovers
|turn|8
|
|move|p2a: Latios|Psychic|p1a: Clefable
|-damage|p1a: Clefable|136\/394
|-unboost|p1a: Clefable|spd|1
|-damage|p2a: Latios|115\/302|[from] item: Life Orb
|move|p1a: Clefable|Moonblast|p2a: Latios
|-supereffective|p2a: Latios
|-damage|p2a: Latios|0 fnt
|faint|p2a: Latios
|
|-heal|p1a: Clefable|160\/394|[from] item: Leftovers
|
|switch|p2a: Rotom-Wash|Rotom-Wash|303\/303
|-damage|p2a: Rotom-Wash|266\/303|[from] Stealth Rock
|turn|9
|
|switch|p1a: Latios|Latios, M|301\/301
|move|p2a: Rotom-Wash|Hydro Pump|p1a: Latios
|-resisted|p1a: Latios
|-damage|p1a: Latios|235\/301
|
|-heal|p2a: Rotom-Wash|284\/303|[from] item: Leftovers
|turn|10
|
|switch|p2a: Metagross|Metagross-Mega|301\/301
|-damage|p2a: Metagross|283\/301|[from] Stealth Rock
|move|p1a: Latios|Draco Meteor|p2a: Metagross
|-resisted|p2a: Metagross
|-damage|p2a: Metagross|174\/301
|-unboost|p1a: Latios|spa|2
|
|turn|11
|
|switch|p1a: Slowbro|Slowbro-Mega, M|320\/394
|move|p2a: Metagross|Meteor Mash|p1a: Slowbro
|-resisted|p1a: Slowbro
|-damage|p1a: Slowbro|266\/394
|
|turn|12
|
|switch|p2a: Magnezone|Magnezone|343\/343
|-damage|p2a: Magnezone|322\/343|[from] Stealth Rock
|move|p1a: Slowbro|Scald|p2a: Magnezone
|-damage|p2a: Magnezone|195\/343
|-status|p2a: Magnezone|brn
|
|-heal|p2a: Magnezone|216\/343 brn|[from] item: Leftovers
|-damage|p2a: Magnezone|174\/343 brn|[from] brn
|turn|13
|
|switch|p1a: Gliscor|Gliscor, F|352\/352
|move|p2a: Magnezone|Flash Cannon|p1a: Gliscor
|-damage|p1a: Gliscor|213\/352
|
|-heal|p2a: Magnezone|195\/343 brn|[from] item: Leftovers
|-damage|p2a: Magnezone|153\/343 brn|[from] brn
|-status|p1a: Gliscor|tox|[from] item: Toxic Orb
|turn|14
|
|switch|p2a: Rotom-Wash|Rotom-Wash|284\/303
|-damage|p2a: Rotom-Wash|247\/303|[from] Stealth Rock
|move|p1a: Gliscor|Earthquake|p2a: Rotom-Wash
|-immune|p2a: Rotom-Wash|[msg]
|
|-heal|p2a: Rotom-Wash|265\/303|[from] item: Leftovers
|-heal|p1a: Gliscor|257\/352 tox|[from] ability: Poison Heal
|turn|15
|
|switch|p1a: Latios|Latios, M|235\/301
|move|p2a: Rotom-Wash|Volt Switch|p1a: Latios
|-resisted|p1a: Latios
|-damage|p1a: Latios|195\/301
|
|switch|p2a: Landorus-Therian|Landorus-Therian, M|320\/320
|-damage|p2a: Landorus-Therian|280\/320|[from] Stealth Rock
|-ability|p2a: Landorus-Therian|Intimidate|[of] p1a: Latios
|-unboost|p1a: Latios|atk|1
|
|turn|16
|
|switch|p1a: Gliscor|Gliscor, F|257\/352 tox
|move|p2a: Landorus-Therian|Knock Off|p1a: Gliscor
|-damage|p1a: Gliscor|149\/352 tox
|-enditem|p1a: Gliscor|Toxic Orb|[from] move: Knock Off|[of] p2a: Landorus-Therian
|
|-heal|p1a: Gliscor|193\/352 tox|[from] ability: Poison Heal
|turn|17
|
|switch|p2a: Metagross|Metagross-Mega|174\/301
|-damage|p2a: Metagross|156\/301|[from] Stealth Rock
|move|p1a: Gliscor|Knock Off|p2a: Metagross
|-supereffective|p2a: Metagross
|-damage|p2a: Metagross|88\/301
|
|-heal|p1a: Gliscor|237\/352 tox|[from] ability: Poison Heal
|turn|18
|
|switch|p1a: Slowbro|Slowbro-Mega, M|266\/394
|move|p2a: Metagross|Ice Punch|p1a: Slowbro
|-resisted|p1a: Slowbro
|-damage|p1a: Slowbro|235\/394
|
|turn|19
|
|switch|p2a: Rotom-Wash|Rotom-Wash|265\/303
|-damage|p2a: Rotom-Wash|228\/303|[from] Stealth Rock
|move|p1a: Slowbro|Slack Off|p1a: Slowbro
|-heal|p1a: Slowbro|394\/394
|
|-heal|p2a: Rotom-Wash|246\/303|[from] item: Leftovers
|turn|20
|-message|Blue Erlade forfeited.
|leave|Blue Erlade
|
|win|Utopian Girl
|raw|Ladder updating...
|player|p2
|raw|Utopian Girl's rating: 1210 &rarr; <strong>1235<\/strong><br \/>(+25 for winning)
|raw|Blue Erlade's rating: 1210 &rarr; <strong>1185<\/strong><br \/>(-25 for losing)