|join|Yimmy
|join|Vanilla Vanish
|player|p1|Yimmy|265
|player|p2|Vanilla Vanish|101
|gametype|singles
|gen|6
|tier|OU
|rated
|clearpoke
|poke|p1|Greninja, F
|poke|p1|Mawile, F
|poke|p1|Garchomp, F
|poke|p1|Azumarill, M, shiny
|poke|p1|Gengar, M
|poke|p1|Thundurus, M
|poke|p2|Manectric, M
|poke|p2|Landorus-Therian, M
|poke|p2|Rotom-Wash
|poke|p2|Excadrill, M
|poke|p2|Zygarde
|poke|p2|Zapdos
|rule|Sleep Clause Mod: Limit one foe put to sleep
|rule|Species Clause: Limit one of each Pokemon
|rule|OHKO Clause: OHKO moves are banned
|rule|Moody Clause: Moody is banned
|rule|Evasion Moves Clause: Evasion moves are banned
|rule|Endless Battle Clause: Forcing endless battles is banned.
|rule|HP Percentage Mod: HP is reported as percentages
|teampreview
|join|IceCrumbs
|leave|IceCrumbs
|
|start
|switch|p1a: Paul|Mawile, F|303\/303
|switch|p2a: Manectric|Manectric, M|281\/281
|-ability|p1a: Paul|Intimidate|[of] p2a: Manectric
|-unboost|p2a: Manectric|atk|1
|turn|1
|
|detailschange|p2a: Manectric|Manectric-Mega, M
|message|Manectric has Mega Evolved into Mega Manectric!
|-ability|p2a: Manectric|Intimidate|[of] p1a: Paul
|-unboost|p1a: Paul|atk|1
|detailschange|p1a: Paul|Mawile-Mega, F
|message|Mawile has Mega Evolved into Mega Mawile!
|move|p2a: Manectric|Volt Switch|p1a: Paul
|-damage|p1a: Paul|177\/303
|
|switch|p2a: Landorus-Therian|Landorus-Therian, M|382\/382
|-ability|p2a: Landorus-Therian|Intimidate|[of] p1a: Paul
|-unboost|p1a: Paul|atk|1
|move|p1a: Paul|Play Rough|p2a: Landorus-Therian
|-damage|p2a: Landorus-Therian|217\/382
|
|-heal|p2a: Landorus-Therian|240\/382|[from] item: Leftovers
|turn|2
|
|switch|p1a: Paul|Gengar, M|261\/261
|move|p2a: Landorus-Therian|Stealth Rock|p1a: Paul
|-sidestart|p1: Yimmy|move: Stealth Rock
|
|-heal|p2a: Landorus-Therian|263\/382|[from] item: Leftovers
|turn|3
|
|move|p1a: Paul|Substitute|p1a: Paul
|-start|p1a: Paul|Substitute
|-damage|p1a: Paul|196\/261
|move|p2a: Landorus-Therian|Knock Off|p1a: Paul
|-supereffective|p1a: Paul
|-end|p1a: Paul|Substitute
|
|-heal|p1a: Paul|212\/261|[from] item: Black Sludge
|-heal|p2a: Landorus-Therian|286\/382|[from] item: Leftovers
|turn|4
|
|move|p1a: Paul|Will-O-Wisp|p2a: Landorus-Therian|[miss]
|-miss|p1a: Paul|p2a: Landorus-Therian
|move|p2a: Landorus-Therian|Knock Off|p1a: Paul
|-supereffective|p1a: Paul
|-damage|p1a: Paul|0 fnt
|faint|p1a: Paul
|
|-heal|p2a: Landorus-Therian|309\/382|[from] item: Leftovers
|chat|Vanilla Vanish|sorry
|
|switch|p1a: Paul|Thundurus, M|299\/299
|-damage|p1a: Paul|225\/299|[from] Stealth Rock
|turn|5
|
|switch|p2a: Rotom-Wash|Rotom-Wash|304\/304
|move|p1a: Paul|Hidden Power|p2a: Rotom-Wash
|-resisted|p2a: Rotom-Wash
|-damage|p2a: Rotom-Wash|272\/304
|-damage|p1a: Paul|196\/299|[from] item: Life Orb
|
|-heal|p2a: Rotom-Wash|291\/304|[from] item: Leftovers
|turn|6
|
|move|p1a: Paul|Thunderbolt|p2a: Rotom-Wash
|-damage|p2a: Rotom-Wash|147\/304
|-damage|p1a: Paul|167\/299|[from] item: Life Orb
|move|p2a: Rotom-Wash|Will-O-Wisp|p1a: Paul
|-status|p1a: Paul|brn
|
|-heal|p2a: Rotom-Wash|166\/304|[from] item: Leftovers
|-damage|p1a: Paul|130\/299 brn|[from] brn
|turn|7
|
|move|p2a: Rotom-Wash|Protect|p2a: Rotom-Wash
|-singleturn|p2a: Rotom-Wash|Protect
|move|p1a: Paul|Thunderbolt|p2a: Rotom-Wash
|-activate|p2a: Rotom-Wash|Protect
|
|-heal|p2a: Rotom-Wash|185\/304|[from] item: Leftovers
|-damage|p1a: Paul|93\/299 brn|[from] brn
|turn|8
|
|move|p1a: Paul|Thunderbolt|p2a: Rotom-Wash
|-damage|p2a: Rotom-Wash|52\/304
|-damage|p1a: Paul|64\/299 brn|[from] item: Life Orb
|move|p2a: Rotom-Wash|Will-O-Wisp|p1a: Paul
|-fail|p1a: Paul|brn
|
|-heal|p2a: Rotom-Wash|71\/304|[from] item: Leftovers
|-damage|p1a: Paul|27\/299 brn|[from] brn
|turn|9
|
|move|p2a: Rotom-Wash|Protect|p2a: Rotom-Wash
|-singleturn|p2a: Rotom-Wash|Protect
|move|p1a: Paul|Thunderbolt|p2a: Rotom-Wash
|-activate|p2a: Rotom-Wash|Protect
|
|-heal|p2a: Rotom-Wash|90\/304|[from] item: Leftovers
|-damage|p1a: Paul|0 fnt|[from] brn
|faint|p1a: Paul
|
|switch|p1a: Paul|Garchomp, F|357\/357
|-damage|p1a: Paul|335\/357|[from] Stealth Rock
|turn|10
|
|switch|p1a: Paul|Greninja, F|285\/285
|-damage|p1a: Paul|250\/285|[from] Stealth Rock
|move|p2a: Rotom-Wash|Will-O-Wisp|p1a: Paul
|-status|p1a: Paul|brn
|
|-heal|p2a: Rotom-Wash|109\/304|[from] item: Leftovers
|-damage|p1a: Paul|215\/285 brn|[from] brn
|turn|11
|-message|Yimmy forfeited.
|
|win|Vanilla Vanish
|raw|Ladder updating...
|raw|Yimmy's rating: 1514 &rarr; <strong>1497<\/strong><br \/>(-17 for losing)
|raw|Vanilla Vanish's rating: 1569 &rarr; <strong>1586<\/strong><br \/>(+17 for winning)
|leave|Yimmy
|player|p1