|join|Vanilla Vanish
|join|josie1129
|player|p1|Vanilla Vanish|101
|player|p2|josie1129|102
|gametype|singles
|gen|6
|tier|OU
|rated
|clearpoke
|poke|p1|Manectric, M
|poke|p1|Landorus-Therian, M
|poke|p1|Rotom-Wash
|poke|p1|Ferrothorn, M
|poke|p1|Infernape, F
|poke|p1|Deoxys-Speed
|poke|p2|Bisharp, M, shiny
|poke|p2|Heatran, M
|poke|p2|Keldeo
|poke|p2|Chansey, F
|poke|p2|Venusaur, F
|poke|p2|Skarmory, M
|rule|Sleep Clause Mod: Limit one foe put to sleep
|rule|Species Clause: Limit one of each Pokemon
|rule|OHKO Clause: OHKO moves are banned
|rule|Moody Clause: Moody is banned
|rule|Evasion Moves Clause: Evasion moves are banned
|rule|Endless Battle Clause: Forcing endless battles is banned.
|rule|HP Percentage Mod: HP is reported as percentages
|teampreview
|
|start
|switch|p1a: Manectric|Manectric, M|281\/281
|switch|p2a: Venusaur|Venusaur, F|363\/363
|turn|1
|
|detailschange|p1a: Manectric|Manectric-Mega, M
|message|Manectric has Mega Evolved into Mega Manectric!
|-ability|p1a: Manectric|Intimidate|[of] p2a: Venusaur
|-unboost|p2a: Venusaur|atk|1
|detailschange|p2a: Venusaur|Venusaur-Mega, F
|message|Venusaur has Mega Evolved into Mega Venusaur!
|move|p1a: Manectric|Volt Switch|p2a: Venusaur
|-resisted|p2a: Venusaur
|-damage|p2a: Venusaur|309\/363
|
|switch|p1a: Ferrothorn|Ferrothorn, M|352\/352
|move|p2a: Venusaur|Hidden Power|p1a: Ferrothorn
|-supereffective|p1a: Ferrothorn
|-damage|p1a: Ferrothorn|140\/352
|
|turn|2
|
|move|p2a: Venusaur|Leech Seed|p1a: Ferrothorn
|-immune|p1a: Ferrothorn|[msg]
|move|p1a: Ferrothorn|Stealth Rock|p2a: Venusaur
|-sidestart|p2: josie1129|move: Stealth Rock
|
|turn|3
|
|switch|p1a: Rotom-Wash|Rotom-Wash|304\/304
|move|p2a: Venusaur|Leech Seed|p1a: Rotom-Wash
|-start|p1a: Rotom-Wash|move: Leech Seed
|
|-damage|p1a: Rotom-Wash|266\/304|[from] Leech Seed|[of] p2a: Venusaur
|-heal|p2a: Venusaur|347\/363|[silent]
|turn|4
|
|move|p1a: Rotom-Wash|Volt Switch|p2a: Venusaur
|-resisted|p2a: Venusaur
|-damage|p2a: Venusaur|309\/363
|
|switch|p1a: Deoxys-Speed|Deoxys-Speed|242\/242
|-ability|p1a: Deoxys-Speed|Pressure
|move|p2a: Venusaur|Giga Drain|p1a: Deoxys-Speed
|-damage|p1a: Deoxys-Speed|121\/242
|-heal|p2a: Venusaur|363\/363|[from] drain|[of] p1a: Deoxys-Speed
|
|turn|5
|
|switch|p2a: Chansey|Chansey, F|642\/642
|-damage|p2a: Chansey|562\/642|[from] Stealth Rock
|move|p1a: Deoxys-Speed|Psyshock|p2a: Chansey
|-damage|p2a: Chansey|375\/642
|-damage|p1a: Deoxys-Speed|97\/242|[from] item: Life Orb
|
|turn|6
|
|switch|p1a: Ferrothorn|Ferrothorn, M|140\/352
|move|p2a: Chansey|Soft-Boiled|p2a: Chansey
|-heal|p2a: Chansey|642\/642
|
|turn|7
|
|switch|p2a: Venusaur|Venusaur-Mega, F|363\/363
|-damage|p2a: Venusaur|318\/363|[from] Stealth Rock
|move|p1a: Ferrothorn|Leech Seed|p2a: Venusaur
|-immune|p2a: Venusaur|[msg]
|
|turn|8
|
|move|p2a: Venusaur|Leech Seed|p1a: Ferrothorn
|-immune|p1a: Ferrothorn|[msg]
|move|p1a: Ferrothorn|Gyro Ball|p2a: Venusaur
|-damage|p2a: Venusaur|242\/363
|
|turn|9
|
|move|p2a: Venusaur|Leech Seed|p1a: Ferrothorn
|-immune|p1a: Ferrothorn|[msg]
|move|p1a: Ferrothorn|Gyro Ball|p2a: Venusaur
|-damage|p2a: Venusaur|166\/363
|
|turn|10
|
|move|p2a: Venusaur|Synthesis|p2a: Venusaur
|-heal|p2a: Venusaur|347\/363
|move|p1a: Ferrothorn|Gyro Ball|p2a: Venusaur
|-damage|p2a: Venusaur|265\/363
|
|turn|11
|
|switch|p2a: Heatran|Heatran, M|385\/385
|-damage|p2a: Heatran|337\/385|[from] Stealth Rock
|move|p1a: Ferrothorn|Gyro Ball|p2a: Heatran
|-resisted|p2a: Heatran
|-damage|p2a: Heatran|306\/385
|
|-heal|p2a: Heatran|330\/385|[from] item: Leftovers
|turn|12
|
|switch|p1a: Rotom-Wash|Rotom-Wash|266\/304
|move|p2a: Heatran|Lava Plume|p1a: Rotom-Wash
|-resisted|p1a: Rotom-Wash
|-damage|p1a: Rotom-Wash|229\/304
|-status|p1a: Rotom-Wash|brn
|
|-heal|p1a: Rotom-Wash|248\/304 brn|[from] item: Leftovers
|-heal|p2a: Heatran|354\/385|[from] item: Leftovers
|-damage|p1a: Rotom-Wash|210\/304 brn|[from] brn
|turn|13
|
|move|p2a: Heatran|Protect|p2a: Heatran
|-singleturn|p2a: Heatran|Protect
|move|p1a: Rotom-Wash|Volt Switch|p2a: Heatran
|-activate|p2a: Heatran|Protect
|
|-heal|p1a: Rotom-Wash|229\/304 brn|[from] item: Leftovers
|-heal|p2a: Heatran|378\/385|[from] item: Leftovers
|-damage|p1a: Rotom-Wash|191\/304 brn|[from] brn
|turn|14
|
|move|p1a: Rotom-Wash|Hydro Pump|p2a: Heatran
|-supereffective|p2a: Heatran
|-damage|p2a: Heatran|196\/385
|move|p2a: Heatran|Stealth Rock|p1a: Rotom-Wash
|-sidestart|p1: Vanilla Vanish|move: Stealth Rock
|
|-heal|p1a: Rotom-Wash|210\/304 brn|[from] item: Leftovers
|-heal|p2a: Heatran|220\/385|[from] item: Leftovers
|-damage|p1a: Rotom-Wash|172\/304 brn|[from] brn
|turn|15
|
|move|p2a: Heatran|Protect|p2a: Heatran
|-singleturn|p2a: Heatran|Protect
|move|p1a: Rotom-Wash|Hydro Pump|p2a: Heatran
|-activate|p2a: Heatran|Protect
|
|-heal|p1a: Rotom-Wash|191\/304 brn|[from] item: Leftovers
|-heal|p2a: Heatran|244\/385|[from] item: Leftovers
|-damage|p1a: Rotom-Wash|153\/304 brn|[from] brn
|turn|16
|
|move|p1a: Rotom-Wash|Volt Switch|p2a: Heatran
|-damage|p2a: Heatran|189\/385
|
|switch|p1a: Infernape|Infernape, F|293\/293
|-damage|p1a: Infernape|257\/293|[from] Stealth Rock
|move|p2a: Heatran|Lava Plume|p1a: Infernape
|-resisted|p1a: Infernape
|-damage|p1a: Infernape|182\/293
|
|-heal|p2a: Heatran|213\/385|[from] item: Leftovers
|turn|17
|
|move|p2a: Heatran|Protect|p2a: Heatran
|-singleturn|p2a: Heatran|Protect
|move|p1a: Infernape|Close Combat|p2a: Heatran
|-activate|p2a: Heatran|Protect
|
|-heal|p2a: Heatran|237\/385|[from] item: Leftovers
|turn|18
|
|switch|p2a: Venusaur|Venusaur-Mega, F|265\/363
|-damage|p2a: Venusaur|220\/363|[from] Stealth Rock
|move|p1a: Infernape|Close Combat|p2a: Venusaur
|-resisted|p2a: Venusaur
|-damage|p2a: Venusaur|127\/363
|-unboost|p1a: Infernape|def|1
|-unboost|p1a: Infernape|spd|1
|
|turn|19
|
|switch|p1a: Ferrothorn|Ferrothorn, M|140\/352
|-damage|p1a: Ferrothorn|118\/352|[from] Stealth Rock
|move|p2a: Venusaur|Synthesis|p2a: Venusaur
|-heal|p2a: Venusaur|308\/363
|
|turn|20
|
|move|p2a: Venusaur|Hidden Power|p1a: Ferrothorn
|-supereffective|p1a: Ferrothorn
|-damage|p1a: Ferrothorn|0 fnt
|faint|p1a: Ferrothorn
|
|
|switch|p1a: Deoxys-Speed|Deoxys-Speed|97\/242
|-damage|p1a: Deoxys-Speed|67\/242|[from] Stealth Rock
|-ability|p1a: Deoxys-Speed|Pressure
|turn|21
|
|switch|p1a: Infernape|Infernape, F|182\/293
|-damage|p1a: Infernape|146\/293|[from] Stealth Rock
|move|p2a: Venusaur|Synthesis|p2a: Venusaur
|-heal|p2a: Venusaur|363\/363
|
|turn|22
|
|move|p1a: Infernape|Flare Blitz|p2a: Venusaur
|-supereffective|p2a: Venusaur
|-damage|p2a: Venusaur|199\/363
|-damage|p1a: Infernape|92\/293|[from] recoil|[of] p2a: Venusaur
|move|p2a: Venusaur|Synthesis|p2a: Venusaur
|-heal|p2a: Venusaur|363\/363
|
|turn|23
|
|switch|p1a: Landorus-Therian|Landorus-Therian, M|382\/382
|-damage|p1a: Landorus-Therian|335\/382|[from] Stealth Rock
|-ability|p1a: Landorus-Therian|Intimidate|[of] p2a: Venusaur
|-unboost|p2a: Venusaur|atk|1
|switch|p2a: Heatran|Heatran, M|237\/385
|-damage|p2a: Heatran|189\/385|[from] Stealth Rock
|
|-heal|p2a: Heatran|213\/385|[from] item: Leftovers
|turn|24
|
|switch|p2a: Skarmory|Skarmory, M|334\/334
|-damage|p2a: Skarmory|293\/334|[from] Stealth Rock
|move|p1a: Landorus-Therian|Knock Off|p2a: Skarmory
|-damage|p2a: Skarmory|229\/334
|-damage|p1a: Landorus-Therian|272\/382|[from] item: Rocky Helmet|[of] p2a: Skarmory
|-enditem|p2a: Skarmory|Rocky Helmet|[from] move: Knock Off|[of] p1a: Landorus-Therian
|
|turn|25
|
|move|p1a: Landorus-Therian|U-turn|p2a: Skarmory
|-resisted|p2a: Skarmory
|-damage|p2a: Skarmory|218\/334
|
|switch|p1a: Manectric|Manectric-Mega, M|281\/281
|-damage|p1a: Manectric|246\/281|[from] Stealth Rock
|-ability|p1a: Manectric|Intimidate|[of] p2a: Skarmory
|-unboost|p2a: Skarmory|atk|1
|move|p2a: Skarmory|Defog|p1a: Manectric
|-unboost|p1a: Manectric|evasion|1
|-sideend|p1: Vanilla Vanish|Stealth Rock|[from] move: Defog|[of] p1a: Manectric
|-sideend|p2: josie1129|Stealth Rock|[from] move: Defog|[of] p2a: Skarmory
|
|turn|26
|
|switch|p2a: Venusaur|Venusaur-Mega, F|363\/363
|move|p1a: Manectric|Volt Switch|p2a: Venusaur
|-resisted|p2a: Venusaur
|-damage|p2a: Venusaur|309\/363
|
|switch|p1a: Deoxys-Speed|Deoxys-Speed|67\/242
|-ability|p1a: Deoxys-Speed|Pressure
|
|turn|27
|
|switch|p2a: Chansey|Chansey, F|642\/642
|move|p1a: Deoxys-Speed|Psyshock|p2a: Chansey
|-damage|p2a: Chansey|443\/642
|-damage|p1a: Deoxys-Speed|43\/242|[from] item: Life Orb
|
|turn|28
|
|switch|p1a: Infernape|Infernape, F|92\/293
|move|p2a: Chansey|Seismic Toss|p1a: Infernape
|-damage|p1a: Infernape|0 fnt
|faint|p1a: Infernape
|
|
|switch|p1a: Landorus-Therian|Landorus-Therian, M|272\/382
|-ability|p1a: Landorus-Therian|Intimidate|[of] p2a: Chansey
|-unboost|p2a: Chansey|atk|1
|turn|29
|
|switch|p2a: Venusaur|Venusaur-Mega, F|309\/363
|move|p1a: Landorus-Therian|Knock Off|p2a: Venusaur
|-damage|p2a: Venusaur|261\/363
|
|turn|30
|
|move|p1a: Landorus-Therian|Earthquake|p2a: Venusaur
|-damage|p2a: Venusaur|152\/363
|move|p2a: Venusaur|Giga Drain|p1a: Landorus-Therian
|-damage|p1a: Landorus-Therian|202\/382
|-heal|p2a: Venusaur|187\/363|[from] drain|[of] p1a: Landorus-Therian
|
|turn|31
|
|move|p1a: Landorus-Therian|Earthquake|p2a: Venusaur
|-damage|p2a: Venusaur|72\/363
|move|p2a: Venusaur|Synthesis|p2a: Venusaur
|-heal|p2a: Venusaur|253\/363
|
|turn|32
|
|move|p1a: Landorus-Therian|Earthquake|p2a: Venusaur
|-damage|p2a: Venusaur|141\/363
|move|p2a: Venusaur|Leech Seed|p1a: Landorus-Therian
|-start|p1a: Landorus-Therian|move: Leech Seed
|
|-damage|p1a: Landorus-Therian|155\/382|[from] Leech Seed|[of] p2a: Venusaur
|-heal|p2a: Venusaur|188\/363|[silent]
|turn|33
|
|move|p1a: Landorus-Therian|U-turn|p2a: Venusaur
|-damage|p2a: Venusaur|135\/363
|
|switch|p1a: Manectric|Manectric-Mega, M|246\/281
|-ability|p1a: Manectric|Intimidate|[of] p2a: Venusaur
|-unboost|p2a: Venusaur|atk|1
|move|p2a: Venusaur|Giga Drain|p1a: Manectric
|-damage|p1a: Manectric|125\/281
|-heal|p2a: Venusaur|196\/363|[from] drain|[of] p1a: Manectric
|
|turn|34
|
|move|p1a: Manectric|Flamethrower|p2a: Venusaur
|-supereffective|p2a: Venusaur
|-damage|p2a: Venusaur|98\/363
|move|p2a: Venusaur|Synthesis|p2a: Venusaur
|-heal|p2a: Venusaur|279\/363
|
|turn|35
|-message|Vanilla Vanish forfeited.
|
|win|josie1129
|raw|Ladder updating...
|leave|Vanilla Vanish
|raw|Vanilla Vanish's rating: 1515 &rarr; <strong>1496<\/strong><br \/>(-19 for losing)
|raw|josie1129's rating: 1534 &rarr; <strong>1553<\/strong><br \/>(+19 for winning)
|player|p1