|join|SubFeti
|join|Vanilla Vanish
|player|p1|SubFeti|211
|player|p2|Vanilla Vanish|266
|gametype|singles
|gen|6
|tier|OU
|rated
|clearpoke
|poke|p1|Gardevoir, M
|poke|p1|Heatran, M
|poke|p1|Aegislash, M
|poke|p1|Mandibuzz, F
|poke|p1|Terrakion
|poke|p1|Ferrothorn, M
|poke|p2|Nidoking, M
|poke|p2|Infernape, F
|poke|p2|Hydreigon, F
|poke|p2|Rotom-Wash
|poke|p2|Ferrothorn, F
|poke|p2|Mawile, M
|rule|Baton Pass Clause: Limit 3 pokemon knowing Baton Pass
|rule|Sleep Clause Mod: Limit one foe put to sleep
|rule|Species Clause: Limit one of each Pokemon
|rule|OHKO Clause: OHKO moves are banned
|rule|Moody Clause: Moody is banned
|rule|Swagger Clause: Swagger is banned
|rule|Evasion Moves Clause: Evasion moves are banned
|rule|Endless Battle Clause: Forcing endless battles is banned
|rule|HP Percentage Mod: HP is reported as percentages
|teampreview
|
|start
|switch|p1a: Voice|Gardevoir, M|278\/278
|switch|p2a: Nidoking|Nidoking, M|304\/304
|-ability|p1a: Voice|Sheer Force|[from] ability: Trace|[of] p2a: Nidoking
|turn|1
|
|switch|p1a: Ferrothorn|Ferrothorn, M|352\/352
|move|p2a: Nidoking|Sludge Wave|p1a: Ferrothorn
|-immune|p1a: Ferrothorn|[msg]
|
|turn|2
|
|switch|p1a: Terra|Terrakion|324\/324
|move|p2a: Nidoking|Earth Power|p1a: Terra
|-supereffective|p1a: Terra
|-enditem|p1a: Terra|Focus Sash
|-damage|p1a: Terra|1\/324
|
|turn|3
|
|switch|p2a: Ferrothorn|Ferrothorn, F|310\/310
|move|p1a: Terra|Stealth Rock|p2a: Ferrothorn
|-sidestart|p2: Vanilla Vanish|move: Stealth Rock
|
|turn|4
|
|move|p1a: Terra|Taunt|p2a: Ferrothorn
|-start|p2a: Ferrothorn|move: Taunt
|cant|p2a: Ferrothorn|move: Taunt|Leech Seed
|
|turn|5
|
|move|p1a: Terra|Close Combat|p2a: Ferrothorn
|-supereffective|p2a: Ferrothorn
|-damage|p2a: Ferrothorn|0 fnt
|-damage|p1a: Terra|0 fnt|[from] ability: Iron Barbs|[of] p2a: Ferrothorn
|faint|p1a: Terra
|faint|p2a: Ferrothorn
|
|
|switch|p2a: Nidoking|Nidoking, M|304\/304
|-damage|p2a: Nidoking|285\/304|[from] Stealth Rock
|switch|p1a: Voice|Gardevoir, M|278\/278
|-ability|p1a: Voice|Sheer Force|[from] ability: Trace|[of] p2a: Nidoking
|turn|6
|
|switch|p1a: Ferrothorn|Ferrothorn, M|352\/352
|move|p2a: Nidoking|Sludge Wave|p1a: Ferrothorn
|-immune|p1a: Ferrothorn|[msg]
|
|turn|7
|
|move|p2a: Nidoking|Earth Power|p1a: Ferrothorn
|-damage|p1a: Ferrothorn|165\/352
|move|p1a: Ferrothorn|Gyro Ball|p2a: Nidoking
|-damage|p2a: Nidoking|0 fnt
|faint|p2a: Nidoking
|
|
|switch|p2a: Infernape|Infernape, F|293\/293
|-damage|p2a: Infernape|257\/293|[from] Stealth Rock
|turn|8
|
|switch|p1a: Bird|Mandibuzz, F|423\/423
|move|p2a: Infernape|Close Combat|p1a: Bird
|-damage|p1a: Bird|258\/423
|-damage|p2a: Infernape|209\/293|[from] item: Rocky Helmet|[of] p1a: Bird
|-unboost|p2a: Infernape|def|1
|-unboost|p2a: Infernape|spd|1
|-damage|p2a: Infernape|180\/293|[from] item: Life Orb
|
|turn|9
|
|move|p2a: Infernape|Overheat|p1a: Bird
|-damage|p1a: Bird|44\/423
|-unboost|p2a: Infernape|spa|2
|-damage|p2a: Infernape|151\/293|[from] item: Life Orb
|move|p1a: Bird|Roost|p1a: Bird
|-heal|p1a: Bird|256\/423
|
|turn|10
|
|switch|p2a: Rotom-Wash|Rotom-Wash|304\/304
|-damage|p2a: Rotom-Wash|266\/304|[from] Stealth Rock
|move|p1a: Bird|Roost|p1a: Bird
|-heal|p1a: Bird|423\/423
|
|-heal|p2a: Rotom-Wash|285\/304|[from] item: Leftovers
|turn|11
|
|switch|p1a: Voice|Gardevoir, M|278\/278
|-ability|p1a: Voice|Levitate|[from] ability: Trace|[of] p2a: Rotom-Wash
|move|p2a: Rotom-Wash|Volt Switch|p1a: Voice
|-damage|p1a: Voice|200\/278
|
|switch|p2a: Mawile|Mawile, M|283\/283
|-damage|p2a: Mawile|266\/283|[from] Stealth Rock
|-ability|p2a: Mawile|Intimidate|[of] p1a: Voice
|-unboost|p1a: Voice|atk|1
|
|turn|12
|
|switch|p1a: Roach|Heatran, M|376\/376
|detailschange|p2a: Mawile|Mawile-Mega, M
|message|Mawile has Mega Evolved into Mega Mawile!
|move|p2a: Mawile|Sucker Punch|p1a: Roach
|-fail|p1a: Roach
|
|turn|13
|
|switch|p2a: Rotom-Wash|Rotom-Wash|285\/304
|-damage|p2a: Rotom-Wash|247\/304|[from] Stealth Rock
|move|p1a: Roach|Substitute|p1a: Roach
|-start|p1a: Roach|Substitute
|-damage|p1a: Roach|282\/376
|
|-heal|p1a: Roach|305\/376|[from] item: Leftovers
|-heal|p2a: Rotom-Wash|266\/304|[from] item: Leftovers
|turn|14
|
|move|p1a: Roach|Toxic|p2a: Rotom-Wash
|-status|p2a: Rotom-Wash|tox
|move|p2a: Rotom-Wash|Hydro Pump|p1a: Roach|[miss]
|-miss|p2a: Rotom-Wash|p1a: Roach
|
|-heal|p1a: Roach|328\/376|[from] item: Leftovers
|-heal|p2a: Rotom-Wash|285\/304 tox|[from] item: Leftovers
|-damage|p2a: Rotom-Wash|266\/304 tox|[from] psn
|turn|15
|
|move|p1a: Roach|Magma Storm|p2a: Rotom-Wash
|-resisted|p2a: Rotom-Wash
|-damage|p2a: Rotom-Wash|218\/304 tox
|-activate|p2a: Rotom-Wash|move: Magma Storm|[of] p1a: Roach
|move|p2a: Rotom-Wash|Hydro Pump|p1a: Roach
|-supereffective|p1a: Roach
|-end|p1a: Roach|Substitute
|
|-heal|p1a: Roach|351\/376|[from] item: Leftovers
|-heal|p2a: Rotom-Wash|237\/304 tox|[from] item: Leftovers
|-damage|p2a: Rotom-Wash|199\/304 tox|[from] psn
|-damage|p2a: Rotom-Wash|161\/304 tox|[from] move: Magma Storm|[partiallytrapped]
|turn|16
|
|switch|p1a: Voice|Gardevoir, M|200\/278
|-ability|p1a: Voice|Levitate|[from] ability: Trace|[of] p2a: Rotom-Wash
|move|p2a: Rotom-Wash|Hydro Pump|p1a: Voice
|-damage|p1a: Voice|80\/278
|
|-heal|p2a: Rotom-Wash|180\/304 tox|[from] item: Leftovers
|-damage|p2a: Rotom-Wash|123\/304 tox|[from] psn
|-end|p2a: Rotom-Wash|Magma Storm|[partiallytrapped]
|turn|17
|
|detailschange|p1a: Voice|Gardevoir-Mega, M
|message|Gardevoir has Mega Evolved into Mega Gardevoir!
|move|p1a: Voice|Hyper Voice|p2a: Rotom-Wash
|-damage|p2a: Rotom-Wash|0 fnt
|faint|p2a: Rotom-Wash
|
|
|switch|p2a: Hydreigon|Hydreigon, F|325\/325
|-damage|p2a: Hydreigon|285\/325|[from] Stealth Rock
|turn|18
|
|move|p2a: Hydreigon|Earth Power|p1a: Voice
|-damage|p1a: Voice|0 fnt
|faint|p1a: Voice
|
|
|switch|p1a: Blade|Aegislash, M|324\/324
|turn|19
|
|move|p2a: Hydreigon|Earth Power|p1a: Blade
|-supereffective|p1a: Blade
|-damage|p1a: Blade|164\/324
|-enditem|p1a: Blade|Weakness Policy
|-boost|p1a: Blade|atk|2|[from] item: Weakness Policy
|-boost|p1a: Blade|spa|2|[from] item: Weakness Policy
|-formechange|p1a: Blade|Aegislash-Blade
|move|p1a: Blade|Sacred Sword|p2a: Hydreigon
|-supereffective|p2a: Hydreigon
|-damage|p2a: Hydreigon|0 fnt
|faint|p2a: Hydreigon
|
|
|switch|p2a: Mawile|Mawile-Mega, M|266\/283
|-damage|p2a: Mawile|249\/283|[from] Stealth Rock
|turn|20
|
|move|p2a: Mawile|Substitute|p2a: Mawile
|-start|p2a: Mawile|Substitute
|-damage|p2a: Mawile|179\/283
|move|p1a: Blade|Shadow Ball|p2a: Mawile
|-end|p2a: Mawile|Substitute
|
|turn|21
|
|move|p2a: Mawile|Sucker Punch|p1a: Blade
|-supereffective|p1a: Blade
|-damage|p1a: Blade|0 fnt
|faint|p1a: Blade
|
|
|switch|p1a: Roach|Heatran, M|351\/376
|turn|22
|
|move|p1a: Roach|Magma Storm|p2a: Mawile|[miss]
|-miss|p1a: Roach|p2a: Mawile
|move|p2a: Mawile|Substitute|p2a: Mawile
|-start|p2a: Mawile|Substitute
|-damage|p2a: Mawile|109\/283
|
|-heal|p1a: Roach|374\/376|[from] item: Leftovers
|turn|23
|
|switch|p1a: Bird|Mandibuzz, F|423\/423
|move|p2a: Mawile|Sucker Punch|p1a: Bird
|-fail|p1a: Bird
|
|turn|24
|
|switch|p1a: Ferrothorn|Ferrothorn, M|165\/352
|move|p2a: Mawile|Play Rough|p1a: Ferrothorn
|-resisted|p1a: Ferrothorn
|-damage|p1a: Ferrothorn|40\/352
|-damage|p2a: Mawile|74\/283|[from] ability: Iron Barbs|[of] p1a: Ferrothorn
|
|turn|25
|
|move|p2a: Mawile|Play Rough|p1a: Ferrothorn
|-resisted|p1a: Ferrothorn
|-damage|p1a: Ferrothorn|0 fnt
|-damage|p2a: Mawile|39\/283|[from] ability: Iron Barbs|[of] p1a: Ferrothorn
|faint|p1a: Ferrothorn
|
|
|switch|p1a: Roach|Heatran, M|374\/376
|turn|26
|
|move|p1a: Roach|Substitute|p1a: Roach
|-start|p1a: Roach|Substitute
|-damage|p1a: Roach|280\/376
|move|p2a: Mawile|Play Rough|p1a: Roach
|-resisted|p1a: Roach
|-activate|p1a: Roach|Substitute|[damage]
|
|-heal|p1a: Roach|303\/376|[from] item: Leftovers
|turn|27
|
|move|p2a: Mawile|Sucker Punch|p1a: Roach
|-end|p1a: Roach|Substitute
|move|p1a: Roach|Magma Storm|p2a: Mawile
|-supereffective|p2a: Mawile
|-end|p2a: Mawile|Substitute
|
|-heal|p1a: Roach|326\/376|[from] item: Leftovers
|turn|28
|
|move|p1a: Roach|Substitute|p1a: Roach
|-start|p1a: Roach|Substitute
|-damage|p1a: Roach|232\/376
|move|p2a: Mawile|Play Rough|p1a: Roach
|-resisted|p1a: Roach
|-activate|p1a: Roach|Substitute|[damage]
|
|-heal|p1a: Roach|255\/376|[from] item: Leftovers
|turn|29
|
|move|p2a: Mawile|Sucker Punch|p1a: Roach
|-end|p1a: Roach|Substitute
|move|p1a: Roach|Magma Storm|p2a: Mawile|[miss]
|-miss|p1a: Roach|p2a: Mawile
|
|-heal|p1a: Roach|278\/376|[from] item: Leftovers
|turn|30
|
|move|p1a: Roach|Substitute|p1a: Roach
|-start|p1a: Roach|Substitute
|-damage|p1a: Roach|184\/376
|move|p2a: Mawile|Play Rough|p1a: Roach
|-resisted|p1a: Roach
|-activate|p1a: Roach|Substitute|[damage]
|
|-heal|p1a: Roach|207\/376|[from] item: Leftovers
|turn|31
|
|move|p2a: Mawile|Sucker Punch|p1a: Roach
|-end|p1a: Roach|Substitute
|move|p1a: Roach|Magma Storm|p2a: Mawile
|-supereffective|p2a: Mawile
|-damage|p2a: Mawile|0 fnt
|faint|p2a: Mawile
|
|-heal|p1a: Roach|230\/376|[from] item: Leftovers
|
|switch|p2a: Infernape|Infernape, F|151\/293
|-damage|p2a: Infernape|115\/293|[from] Stealth Rock
|turn|32
|
|move|p2a: Infernape|Close Combat|p1a: Roach
|-supereffective|p1a: Roach
|-damage|p1a: Roach|0 fnt
|-unboost|p2a: Infernape|def|1
|-unboost|p2a: Infernape|spd|1
|-damage|p2a: Infernape|86\/293|[from] item: Life Orb
|faint|p1a: Roach
|
|
|switch|p1a: Bird|Mandibuzz, F|423\/423
|turn|33
|
|move|p2a: Infernape|Stone Edge|p1a: Bird
|-supereffective|p1a: Bird
|-damage|p1a: Bird|218\/423
|-damage|p2a: Infernape|57\/293|[from] item: Life Orb
|move|p1a: Bird|Roost|p1a: Bird
|-heal|p1a: Bird|423\/423
|
|turn|34
|
|move|p2a: Infernape|Overheat|p1a: Bird
|-damage|p1a: Bird|99\/423
|-unboost|p2a: Infernape|spa|2
|-damage|p2a: Infernape|28\/293|[from] item: Life Orb
|move|p1a: Bird|Roost|p1a: Bird
|-heal|p1a: Bird|311\/423
|
|turn|35
|
|move|p2a: Infernape|Stone Edge|p1a: Bird
|-supereffective|p1a: Bird
|-damage|p1a: Bird|124\/423
|-damage|p2a: Infernape|0 fnt|[from] item: Life Orb
|faint|p2a: Infernape
|
|win|SubFeti
|raw|Ladder updating...
|raw|SubFeti's rating: 1651 &rarr; <strong>1668<\/strong><br \/>(+17 for winning)
|raw|Vanilla Vanish's rating: 1606 &rarr; <strong>1588<\/strong><br \/>(-18 for losing)
|chat|Vanilla Vanish|gg
|chat|SubFeti|gg
|leave|Vanilla Vanish
|player|p2