|join|Test Team Brellow
|join|Vanilla Vanish
|player|p1|Test Team Brellow|30
|player|p2|Vanilla Vanish|102
|gametype|singles
|gen|6
|tier|OU
|rated
|clearpoke
|poke|p1|Garchomp, F, shiny
|poke|p1|Espeon, M, shiny
|poke|p1|Talonflame, F, shiny
|poke|p1|Ferrothorn, F, shiny
|poke|p1|Scolipede, F, shiny
|poke|p1|Clefable, F, shiny
|poke|p2|Tyranitar, F
|poke|p2|Aegislash, M
|poke|p2|Skarmory, F
|poke|p2|Vaporeon, F
|poke|p2|Greninja, F
|poke|p2|Garchomp, M
|rule|Sleep Clause Mod: Limit one foe put to sleep
|rule|Species Clause: Limit one of each Pokemon
|rule|OHKO Clause: OHKO moves are banned
|rule|Moody Clause: Moody is banned
|rule|Evasion Moves Clause: Evasion moves are banned
|rule|Endless Battle Clause: Forcing endless battles is banned.
|rule|HP Percentage Mod: HP is reported as percentages
|teampreview
|join|Jessepautz
|
|start
|switch|p1a: Motor Boat|Scolipede, F, shiny|285\/285
|switch|p2a: Tyranitar|Tyranitar, F|404\/404
|-weather|Sandstorm
|turn|1
|
|detailschange|p2a: Tyranitar|Tyranitar-Mega, F
|message|Tyranitar has Mega Evolved into Mega Tyranitar!
|move|p1a: Motor Boat|Iron Defense|p1a: Motor Boat
|-boost|p1a: Motor Boat|def|2
|move|p2a: Tyranitar|Stone Edge|p1a: Motor Boat
|-supereffective|p1a: Motor Boat
|-damage|p1a: Motor Boat|121\/285
|
|-weather|Sandstorm|[upkeep]
|-damage|p1a: Motor Boat|104\/285|[from] sandstorm
|-heal|p1a: Motor Boat|121\/285|[from] item: Black Sludge
|-boost|p1a: Motor Boat|spe|1|[from] ability: Speed Boost
|turn|2
|
|move|p1a: Motor Boat|Protect|p1a: Motor Boat
|-singleturn|p1a: Motor Boat|Protect
|move|p2a: Tyranitar|Stealth Rock|p1a: Motor Boat
|-sidestart|p1: Test Team Brellow|move: Stealth Rock
|
|-weather|Sandstorm|[upkeep]
|-damage|p1a: Motor Boat|104\/285|[from] sandstorm
|-heal|p1a: Motor Boat|121\/285|[from] item: Black Sludge
|-boost|p1a: Motor Boat|spe|1|[from] ability: Speed Boost
|turn|3
|
|move|p1a: Motor Boat|Iron Defense|p1a: Motor Boat
|-boost|p1a: Motor Boat|def|2
|move|p2a: Tyranitar|Crunch|p1a: Motor Boat
|-damage|p1a: Motor Boat|69\/285
|
|-weather|Sandstorm|[upkeep]
|-damage|p1a: Motor Boat|52\/285|[from] sandstorm
|-heal|p1a: Motor Boat|69\/285|[from] item: Black Sludge
|-boost|p1a: Motor Boat|spe|1|[from] ability: Speed Boost
|turn|4
|
|switch|p2a: Skarmory|Skarmory, F|334\/334
|move|p1a: Motor Boat|Protect|p1a: Motor Boat
|-fail|p1a: Motor Boat
|
|-weather|Sandstorm|[upkeep]
|-damage|p1a: Motor Boat|52\/285|[from] sandstorm
|-heal|p1a: Motor Boat|69\/285|[from] item: Black Sludge
|-boost|p1a: Motor Boat|spe|1|[from] ability: Speed Boost
|turn|5
|
|move|p1a: Motor Boat|Baton Pass|p1a: Motor Boat
|
|switch|p1a: Espeon|Espeon, M, shiny|334\/334
|-damage|p1a: Espeon|293\/334|[from] Stealth Rock
|move|p2a: Skarmory|Whirlwind|p1a: Espeon
|move|p1a: Espeon|Whirlwind|p2a: Skarmory|[from]Magic Bounce
|drag|p2a: Vaporeon|Vaporeon, F|464\/464
|
|-weather|none
|-heal|p1a: Espeon|313\/334|[from] item: Leftovers
|turn|6
|
|move|p1a: Espeon|Calm Mind|p1a: Espeon
|-boost|p1a: Espeon|spa|1
|-boost|p1a: Espeon|spd|1
|move|p2a: Vaporeon|Yawn|p1a: Espeon
|move|p1a: Espeon|Yawn|p2a: Vaporeon|[from]Magic Bounce
|-start|p2a: Vaporeon|move: Yawn|[of] p1a: Espeon
|
|-heal|p1a: Espeon|333\/334|[from] item: Leftovers
|turn|7
|
|switch|p2a: Aegislash|Aegislash, M|324\/324
|-item|p2a: Aegislash|Air Balloon
|move|p1a: Espeon|Substitute|p1a: Espeon
|-start|p1a: Espeon|Substitute
|-damage|p1a: Espeon|250\/334
|
|-heal|p1a: Espeon|270\/334|[from] item: Leftovers
|turn|8
|
|move|p1a: Espeon|Calm Mind|p1a: Espeon
|-boost|p1a: Espeon|spa|1
|-boost|p1a: Espeon|spd|1
|-formechange|p2a: Aegislash|Aegislash-Blade
|move|p2a: Aegislash|Shadow Ball|p1a: Espeon
|-supereffective|p1a: Espeon
|-end|p1a: Espeon|Substitute
|
|-heal|p1a: Espeon|290\/334|[from] item: Leftovers
|turn|9
|
|move|p1a: Espeon|Stored Power|p2a: Aegislash
|-resisted|p2a: Aegislash
|-damage|p2a: Aegislash|0 fnt
|-enditem|p2a: Aegislash|Air Balloon
|faint|p2a: Aegislash
|
|-heal|p1a: Espeon|310\/334|[from] item: Leftovers
|
|switch|p2a: Garchomp|Garchomp, M|358\/358
|turn|10
|
|move|p1a: Espeon|Stored Power|p2a: Garchomp
|-damage|p2a: Garchomp|0 fnt
|faint|p2a: Garchomp
|
|-heal|p1a: Espeon|330\/334|[from] item: Leftovers
|
|switch|p2a: Tyranitar|Tyranitar-Mega, F|404\/404
|-weather|Sandstorm
|turn|11
|
|move|p1a: Espeon|Substitute|p1a: Espeon
|-start|p1a: Espeon|Substitute
|-damage|p1a: Espeon|247\/334
|move|p2a: Tyranitar|Crunch|p1a: Espeon
|-supereffective|p1a: Espeon
|-end|p1a: Espeon|Substitute
|
|-weather|Sandstorm|[upkeep]
|-damage|p1a: Espeon|227\/334|[from] sandstorm
|-heal|p1a: Espeon|247\/334|[from] item: Leftovers
|turn|12
|
|move|p1a: Espeon|Substitute|p1a: Espeon
|-start|p1a: Espeon|Substitute
|-damage|p1a: Espeon|164\/334
|move|p2a: Tyranitar|Crunch|p1a: Espeon
|-supereffective|p1a: Espeon
|-end|p1a: Espeon|Substitute
|
|-weather|Sandstorm|[upkeep]
|-damage|p1a: Espeon|144\/334|[from] sandstorm
|-heal|p1a: Espeon|164\/334|[from] item: Leftovers
|turn|13
|
|move|p1a: Espeon|Baton Pass|p1a: Espeon
|
|switch|p1a: Its Die time!|Clefable, F, shiny|381\/381
|move|p2a: Tyranitar|Crunch|p1a: Its Die time!
|-resisted|p1a: Its Die time!
|-damage|p1a: Its Die time!|345\/381
|
|-weather|Sandstorm|[upkeep]
|-heal|p1a: Its Die time!|368\/381|[from] item: Leftovers
|turn|14
|
|move|p1a: Its Die time!|Moonblast|p2a: Tyranitar
|-supereffective|p2a: Tyranitar
|-damage|p2a: Tyranitar|216\/404
|-unboost|p2a: Tyranitar|spa|1
|move|p2a: Tyranitar|Stone Edge|p1a: Its Die time!
|-damage|p1a: Its Die time!|284\/381
|
|-weather|Sandstorm|[upkeep]
|-heal|p1a: Its Die time!|307\/381|[from] item: Leftovers
|turn|15
|
|switch|p2a: Skarmory|Skarmory, F|334\/334
|move|p1a: Its Die time!|Calm Mind|p1a: Its Die time!
|-boost|p1a: Its Die time!|spa|1
|-boost|p1a: Its Die time!|spd|1
|
|-weather|none
|-heal|p1a: Its Die time!|330\/381|[from] item: Leftovers
|turn|16
|
|move|p1a: Its Die time!|Flamethrower|p2a: Skarmory
|-supereffective|p2a: Skarmory
|-activate|p2a: Skarmory|Sturdy
|-damage|p2a: Skarmory|1\/334
|move|p2a: Skarmory|Whirlwind|p1a: Its Die time!
|drag|p1a: Sharkisha|Garchomp, F, shiny|357\/357
|-damage|p1a: Sharkisha|335\/357|[from] Stealth Rock
|
|-heal|p2a: Skarmory|21\/334|[from] item: Leftovers
|turn|17
|
|move|p1a: Sharkisha|Dragon Rush|p2a: Skarmory|[miss]
|-miss|p1a: Sharkisha|p2a: Skarmory
|move|p2a: Skarmory|Spikes|p1a: Sharkisha
|-sidestart|p1: Test Team Brellow|Spikes
|
|-heal|p2a: Skarmory|41\/334|[from] item: Leftovers
|turn|18
|
|move|p1a: Sharkisha|Dragon Rush|p2a: Skarmory
|-resisted|p2a: Skarmory
|-damage|p2a: Skarmory|0 fnt
|faint|p2a: Skarmory
|
|
|switch|p2a: Greninja|Greninja, F|286\/286
|turn|19
|
|switch|p1a: Helga|Ferrothorn, F, shiny|352\/352
|-damage|p1a: Helga|308\/352|[from] Spikes
|-damage|p1a: Helga|286\/352|[from] Stealth Rock
|-start|p2a: Greninja|typechange|Ice|[from] Protean
|move|p2a: Greninja|Ice Beam|p1a: Helga
|-damage|p1a: Helga|140\/352
|-damage|p2a: Greninja|258\/286|[from] item: Life Orb
|
|turn|20
|
|move|p2a: Greninja|Ice Beam|p1a: Helga
|-damage|p1a: Helga|0 fnt
|-damage|p2a: Greninja|230\/286|[from] item: Life Orb
|faint|p1a: Helga
|
|
|switch|p1a: Gloria|Talonflame, F, shiny|298\/298
|-damage|p1a: Gloria|149\/298|[from] Stealth Rock
|turn|21
|
|switch|p2a: Tyranitar|Tyranitar-Mega, F|216\/404
|-weather|Sandstorm
|move|p1a: Gloria|Flare Blitz|p2a: Tyranitar
|-resisted|p2a: Tyranitar
|-damage|p2a: Tyranitar|160\/404
|-damage|p1a: Gloria|131\/298|[from] recoil|[of] p2a: Tyranitar
|
|-weather|Sandstorm|[upkeep]
|-damage|p1a: Gloria|113\/298|[from] sandstorm
|-heal|p1a: Gloria|131\/298|[from] item: Leftovers
|turn|22
|
|move|p1a: Gloria|U-turn|p2a: Tyranitar
|-supereffective|p2a: Tyranitar
|-damage|p2a: Tyranitar|68\/404
|
|switch|p1a: Motor Boat|Scolipede, F, shiny|69\/285
|-damage|p1a: Motor Boat|0 fnt|[from] Stealth Rock
|faint|p1a: Motor Boat
|move|p2a: Tyranitar|Crunch|p1: Motor Boat|[notarget]
|-notarget
|
|-weather|Sandstorm|[upkeep]
|
|switch|p1a: Sharkisha|Garchomp, F, shiny|335\/357
|-damage|p1a: Sharkisha|313\/357|[from] Stealth Rock
|-damage|p1a: Sharkisha|269\/357|[from] Spikes
|turn|23
|
|move|p1a: Sharkisha|Earthquake|p2a: Tyranitar
|-supereffective|p2a: Tyranitar
|-damage|p2a: Tyranitar|0 fnt
|faint|p2a: Tyranitar
|
|-weather|Sandstorm|[upkeep]
|
|switch|p2a: Greninja|Greninja, F|230\/286
|turn|24
|
|switch|p1a: Gloria|Talonflame, F, shiny|131\/298
|-damage|p1a: Gloria|0 fnt|[from] Stealth Rock
|faint|p1a: Gloria
|-start|p2a: Greninja|typechange|Ice|[from] Protean
|move|p2a: Greninja|Ice Beam|p1: Gloria|[notarget]
|-notarget
|
|-weather|Sandstorm|[upkeep]
|-damage|p2a: Greninja|213\/286|[from] sandstorm
|
|switch|p1a: Its Die time!|Clefable, F, shiny|330\/381
|turn|25
|
|switch|p2a: Vaporeon|Vaporeon, F|464\/464
|move|p1a: Its Die time!|Moonblast|p2a: Vaporeon
|-damage|p2a: Vaporeon|382\/464
|
|-weather|none
|-heal|p1a: Its Die time!|353\/381|[from] item: Leftovers
|-heal|p2a: Vaporeon|411\/464|[from] item: Leftovers
|turn|26
|
|switch|p1a: Espeon|Espeon, M, shiny|164\/334
|-damage|p1a: Espeon|123\/334|[from] Stealth Rock
|-damage|p1a: Espeon|82\/334|[from] Spikes
|move|p2a: Vaporeon|Yawn|p1a: Espeon
|move|p1a: Espeon|Yawn|p2a: Vaporeon|[from]Magic Bounce
|-start|p2a: Vaporeon|move: Yawn|[of] p1a: Espeon
|
|-heal|p1a: Espeon|102\/334|[from] item: Leftovers
|-heal|p2a: Vaporeon|440\/464|[from] item: Leftovers
|turn|27
|
|move|p1a: Espeon|Substitute|p1a: Espeon
|-start|p1a: Espeon|Substitute
|-damage|p1a: Espeon|19\/334
|move|p2a: Vaporeon|Scald|p1a: Espeon
|-activate|p1a: Espeon|Substitute|[damage]
|
|-status|p2a: Vaporeon|slp
|-heal|p1a: Espeon|39\/334|[from] item: Leftovers
|-heal|p2a: Vaporeon|464\/464 slp|[from] item: Leftovers
|turn|28
|
|switch|p2a: Greninja|Greninja, F|213\/286
|move|p1a: Espeon|Baton Pass|p1a: Espeon
|
|switch|p1a: Its Die time!|Clefable, F, shiny|353\/381
|
|-heal|p1a: Its Die time!|376\/381|[from] item: Leftovers
|turn|29
|
|switch|p2a: Vaporeon|Vaporeon, F|464\/464 slp
|move|p1a: Its Die time!|Calm Mind|p1a: Its Die time!
|-boost|p1a: Its Die time!|spa|1
|-boost|p1a: Its Die time!|spd|1
|
|-heal|p1a: Its Die time!|381\/381|[from] item: Leftovers
|turn|30
|
|move|p1a: Its Die time!|Calm Mind|p1a: Its Die time!
|-boost|p1a: Its Die time!|spa|1
|-boost|p1a: Its Die time!|spd|1
|cant|p2a: Vaporeon|slp
|
|turn|31
|
|move|p1a: Its Die time!|Calm Mind|p1a: Its Die time!
|-boost|p1a: Its Die time!|spa|1
|-boost|p1a: Its Die time!|spd|1
|cant|p2a: Vaporeon|slp
|
|turn|32
|
|move|p1a: Its Die time!|Calm Mind|p1a: Its Die time!
|-boost|p1a: Its Die time!|spa|1
|-boost|p1a: Its Die time!|spd|1
|-curestatus|p2a: Vaporeon|slp
|move|p2a: Vaporeon|Yawn|p1a: Its Die time!
|
|turn|33
|-message|Vanilla Vanish forfeited.
|
|win|Test Team Brellow
|raw|Ladder updating...
|leave|Vanilla Vanish
|player|p2
|raw|Test Team Brellow's rating: 1557 &rarr; <strong>1577<\/strong><br \/>(+20 for winning)
|raw|Vanilla Vanish's rating: 1562 &rarr; <strong>1542<\/strong><br \/>(-20 for losing)