|join|Vanilla Vanish
|join|Scarfed snorelax
|player|p1|Vanilla Vanish|265
|player|p2|Scarfed snorelax|2
|gametype|singles
|gen|6
|tier|OU
|rated
|clearpoke
|poke|p1|Gyarados, M
|poke|p1|Talonflame, F
|poke|p1|Excadrill, M
|poke|p1|Sableye, F
|poke|p1|Porygon2
|poke|p1|Dragonite, M
|poke|p2|Deoxys-Speed
|poke|p2|Charizard, M
|poke|p2|Mew
|poke|p2|Clefable, F
|poke|p2|Terrakion
|poke|p2|Landorus, M
|rule|Sleep Clause Mod: Limit one foe put to sleep
|rule|Species Clause: Limit one of each Pokemon
|rule|OHKO Clause: OHKO moves are banned
|rule|Moody Clause: Moody is banned
|rule|Evasion Moves Clause: Evasion moves are banned
|rule|Endless Battle Clause: Forcing endless battles is banned.
|rule|HP Percentage Mod: HP is reported as percentages
|teampreview
|callback|decision
|
|start
|switch|p1a: Sableye|Sableye, F|304\/304
|switch|p2a: Landorus|Landorus, M|319\/319
|turn|1
|callback|decision
|
|move|p1a: Sableye|Will-O-Wisp|p2a: Landorus
|-status|p2a: Landorus|brn
|move|p2a: Landorus|Earth Power|p1a: Sableye
|-crit|p1a: Sableye
|-damage|p1a: Sableye|0 fnt
|faint|p1a: Sableye
|
|-damage|p2a: Landorus|280\/319 brn|[from] brn
|callback|decision
|
|switch|p1a: Porygon2|Porygon2|374\/374
|-boost|p1a: Porygon2|spa|1|[from] ability: Download
|turn|2
|callback|decision
|
|switch|p2a: Clefable|Clefable, F|394\/394
|move|p1a: Porygon2|Ice Beam|p2a: Clefable
|-damage|p2a: Clefable|273\/394
|-status|p2a: Clefable|frz
|
|-heal|p2a: Clefable|297\/394 frz|[from] item: Leftovers
|turn|3
|callback|decision
|
|switch|p2a: Mew|Mew|404\/404
|move|p1a: Porygon2|Tri Attack|p2a: Mew
|-damage|p2a: Mew|206\/404
|-status|p2a: Mew|par
|-status|p1a: Porygon2|par
|
|-heal|p2a: Mew|231\/404 par|[from] item: Leftovers
|turn|4
|callback|decision
|
|move|p2a: Mew|Roost|p2a: Mew
|-heal|p2a: Mew|404\/404 par
|move|p1a: Porygon2|Tri Attack|p2a: Mew
|-damage|p2a: Mew|212\/404 par
|
|-heal|p2a: Mew|237\/404 par|[from] item: Leftovers
|turn|5
|callback|decision
|
|switch|p2a: Clefable|Clefable, F|297\/394 frz
|cant|p1a: Porygon2|par
|
|-heal|p2a: Clefable|321\/394 frz|[from] item: Leftovers
|turn|6
|callback|decision
|
|switch|p1a: Gyarados|Gyarados, M|331\/331
|-ability|p1a: Gyarados|Intimidate|[of] p2a: Clefable
|-unboost|p2a: Clefable|atk|1
|cant|p2a: Clefable|frz
|
|-heal|p2a: Clefable|345\/394 frz|[from] item: Leftovers
|turn|7
|callback|decision
|
|switch|p2a: Terrakion|Terrakion|323\/323
|move|p1a: Gyarados|Substitute|p1a: Gyarados
|-start|p1a: Gyarados|Substitute
|-damage|p1a: Gyarados|249\/331
|
|turn|8
|callback|decision
|
|move|p2a: Terrakion|Rock Slide|p1a: Gyarados
|-supereffective|p1a: Gyarados
|-end|p1a: Gyarados|Substitute
|move|p1a: Gyarados|Dragon Dance|p1a: Gyarados
|-boost|p1a: Gyarados|atk|1
|-boost|p1a: Gyarados|spe|1
|
|turn|9
|callback|decision
|
|switch|p2a: Mew|Mew|237\/404 par
|-formechange|p1a: Gyarados|Gyarados-Mega
|message|Gyarados has Mega Evolved into Mega Gyarados!
|-ability|p1a: Gyarados|Mold Breaker
|move|p1a: Gyarados|Waterfall|p2a: Mew
|-damage|p2a: Mew|50\/404 par
|
|-heal|p2a: Mew|75\/404 par|[from] item: Leftovers
|turn|10
|callback|decision
|
|move|p1a: Gyarados|Waterfall|p2a: Mew
|-damage|p2a: Mew|0 fnt
|faint|p2a: Mew
|
|callback|decision
|
|switch|p2a: Terrakion|Terrakion|323\/323
|turn|11
|callback|decision
|
|move|p2a: Terrakion|Close Combat|p1a: Gyarados
|-supereffective|p1a: Gyarados
|-damage|p1a: Gyarados|0 fnt
|-unboost|p2a: Terrakion|def|1
|-unboost|p2a: Terrakion|spd|1
|faint|p1a: Gyarados
|
|callback|decision
|
|switch|p1a: Dragonite|Dragonite, M|323\/323
|turn|12
|callback|decision
|
|switch|p2a: Landorus|Landorus, M|280\/319 brn
|move|p1a: Dragonite|Draco Meteor|p2a: Landorus
|-damage|p2a: Landorus|9\/319 brn
|-unboost|p1a: Dragonite|spa|2
|
|-damage|p2a: Landorus|0 fnt|[from] brn
|faint|p2a: Landorus
|callback|decision
|
|switch|p2a: Deoxys-Speed|Deoxys-Speed|241\/241
|-ability|p2a: Deoxys-Speed|Pressure
|turn|13
|callback|decision
|
|switch|p1a: Porygon2|Porygon2|374\/374 par
|-boost|p1a: Porygon2|spa|1|[from] ability: Download
|move|p2a: Deoxys-Speed|Ice Beam|p1a: Porygon2
|-damage|p1a: Porygon2|306\/374 par
|-damage|p2a: Deoxys-Speed|217\/241|[from] item: Life Orb
|
|turn|14
|callback|decision
|
|switch|p2a: Clefable|Clefable, F|345\/394 frz
|move|p1a: Porygon2|Tri Attack|p2a: Clefable
|-damage|p2a: Clefable|191\/394 frz
|
|-heal|p2a: Clefable|215\/394 frz|[from] item: Leftovers
|turn|15
|callback|decision
|
|switch|p1a: Excadrill|Excadrill, M|424\/424
|-ability|p1a: Excadrill|Mold Breaker
|cant|p2a: Clefable|frz
|
|-heal|p2a: Clefable|239\/394 frz|[from] item: Leftovers
|turn|16
|callback|decision
|
|move|p1a: Excadrill|Rock Slide|p2a: Clefable
|-damage|p2a: Clefable|106\/394 frz
|-curestatus|p2a: Clefable|frz
|move|p2a: Clefable|Stealth Rock|p1a: Excadrill
|-sidestart|p1: Vanilla Vanish|move: Stealth Rock
|
|-heal|p2a: Clefable|130\/394|[from] item: Leftovers
|turn|17
|callback|decision
|
|move|p1a: Excadrill|Rock Slide|p2a: Clefable
|-damage|p2a: Clefable|8\/394
|move|p2a: Clefable|Soft-Boiled|p2a: Clefable
|-heal|p2a: Clefable|205\/394
|
|-heal|p2a: Clefable|229\/394|[from] item: Leftovers
|turn|18
|callback|decision
|
|move|p1a: Excadrill|Earthquake|p2a: Clefable
|-damage|p2a: Clefable|0 fnt
|faint|p2a: Clefable
|
|callback|decision
|
|switch|p2a: Charizard|Charizard, M|298\/298
|turn|19
|callback|decision
|
|-formechange|p2a: Charizard|Charizard-Mega-Y
|message|Charizard has Mega Evolved into Mega Charizard!
|-weather|SunnyDay
|move|p2a: Charizard|Flamethrower|p1a: Excadrill
|-crit|p1a: Excadrill
|-supereffective|p1a: Excadrill
|-damage|p1a: Excadrill|0 fnt
|faint|p1a: Excadrill
|
|-weather|SunnyDay|[upkeep]
|callback|decision
|
|switch|p1a: Porygon2|Porygon2|306\/374 par
|-damage|p1a: Porygon2|260\/374 par|[from] Stealth Rock
|-boost|p1a: Porygon2|atk|1|[from] ability: Download
|turn|20
|callback|decision
|
|move|p2a: Charizard|Focus Blast|p1a: Porygon2
|-supereffective|p1a: Porygon2
|-damage|p1a: Porygon2|36\/374 par
|move|p1a: Porygon2|Discharge|p2a: Charizard
|-supereffective|p2a: Charizard
|-damage|p2a: Charizard|148\/298
|
|-weather|SunnyDay|[upkeep]
|turn|21
|callback|decision
|
|move|p2a: Charizard|Flamethrower|p1a: Porygon2
|-damage|p1a: Porygon2|0 fnt
|faint|p1a: Porygon2
|
|-weather|SunnyDay|[upkeep]
|callback|decision
|
|switch|p1a: Talonflame|Talonflame, F|345\/345
|-damage|p1a: Talonflame|173\/345|[from] Stealth Rock
|turn|22
|callback|decision
|
|move|p1a: Talonflame|Brave Bird|p2a: Charizard
|-damage|p2a: Charizard|0 fnt
|-damage|p1a: Talonflame|124\/345|[from] recoil|[of] p2a: Charizard
|faint|p2a: Charizard
|
|-weather|SunnyDay|[upkeep]
|callback|decision
|
|switch|p2a: Terrakion|Terrakion|323\/323
|turn|23
|callback|decision
|
|move|p1a: Talonflame|Brave Bird|p2a: Terrakion
|-damage|p2a: Terrakion|110\/323
|-damage|p1a: Talonflame|54\/345|[from] recoil|[of] p2a: Terrakion
|move|p2a: Terrakion|Rock Slide|p1a: Talonflame
|-supereffective|p1a: Talonflame
|-damage|p1a: Talonflame|0 fnt
|faint|p1a: Talonflame
|
|-weather|none
|callback|decision
|
|switch|p1a: Dragonite|Dragonite, M|323\/323
|-damage|p1a: Dragonite|243\/323|[from] Stealth Rock
|turn|24
|callback|decision
|
|move|p2a: Terrakion|Rock Slide|p1a: Dragonite
|-miss|p2a: Terrakion|p1a: Dragonite
|move|p1a: Dragonite|Earthquake|p2a: Terrakion
|-supereffective|p2a: Terrakion
|-damage|p2a: Terrakion|0 fnt
|faint|p2a: Terrakion
|
|callback|decision
|
|switch|p2a: Deoxys-Speed|Deoxys-Speed|217\/241
|-ability|p2a: Deoxys-Speed|Pressure
|turn|25
|callback|decision
|
|move|p2a: Deoxys-Speed|Ice Beam|p1a: Dragonite
|-supereffective|p1a: Dragonite
|-damage|p1a: Dragonite|0 fnt
|-damage|p2a: Deoxys-Speed|193\/241|[from] item: Life Orb
|faint|p1a: Dragonite
|
|win|Scarfed snorelax
|raw|Ladder updating...
|raw|Vanilla Vanish's rating: 1157 &rarr; <strong>1135<\/strong><br \/>(-22 for losing)
|raw|Scarfed snorelax's rating: 1198 &rarr; <strong>1220<\/strong><br \/>(+22 for winning)
|chat|Vanilla Vanish|gg