|join|Vanilla Vanish
|join|TM92
|player|p1|Vanilla Vanish|1
|player|p2|TM92|101
|gametype|singles
|gen|6
|tier|OU
|rated
|clearpoke
|poke|p1|Gyarados, M
|poke|p1|Talonflame, F
|poke|p1|Excadrill, M
|poke|p1|Sableye, F
|poke|p1|Porygon2
|poke|p1|Dragonite, F
|poke|p2|Conkeldurr, F
|poke|p2|Mawile, F
|poke|p2|Reuniclus, F
|poke|p2|Bronzong
|poke|p2|Azumarill, F
|poke|p2|Aromatisse, F
|rule|Sleep Clause Mod: Limit one foe put to sleep
|rule|Species Clause: Limit one of each Pokemon
|rule|OHKO Clause: OHKO moves are banned
|rule|Moody Clause: Moody is banned
|rule|Evasion Moves Clause: Evasion moves are banned
|rule|Endless Battle Clause: Forcing endless battles is banned.
|rule|HP Percentage Mod: HP is reported as percentages
|teampreview
|callback|decision
|
|start
|switch|p1a: Sableye|Sableye, F|304\/304
|switch|p2a: Bronzong|Bronzong|338\/338
|turn|1
|callback|decision
|
|move|p1a: Sableye|Taunt|p2a: Bronzong
|-start|p2a: Bronzong|move: Taunt
|move|p2a: Bronzong|Gyro Ball|p1a: Sableye
|-damage|p1a: Sableye|195\/304
|-damage|p2a: Bronzong|305\/338|[from] item: Life Orb
|
|-heal|p1a: Sableye|214\/304|[from] item: Leftovers
|turn|2
|callback|decision
|
|switch|p2a: Conkeldurr|Conkeldurr, F|414\/414
|move|p1a: Sableye|Will-O-Wisp|p2a: Conkeldurr
|-status|p2a: Conkeldurr|brn
|
|-heal|p1a: Sableye|233\/304|[from] item: Leftovers
|-damage|p2a: Conkeldurr|363\/414 brn|[from] brn
|turn|3
|callback|decision
|
|move|p1a: Sableye|Knock Off|p2a: Conkeldurr
|-resisted|p2a: Conkeldurr
|-damage|p2a: Conkeldurr|320\/414 brn
|-enditem|p2a: Conkeldurr|Choice Band|[from] move: Knock Off|[of] p1a: Sableye
|move|p2a: Conkeldurr|Knock Off|p1a: Sableye
|-damage|p1a: Sableye|21\/304
|-enditem|p1a: Sableye|Leftovers|[from] move: Knock Off|[of] p2a: Conkeldurr
|
|-damage|p2a: Conkeldurr|269\/414 brn|[from] brn
|turn|4
|callback|decision
|
|move|p1a: Sableye|Recover|p1a: Sableye
|-heal|p1a: Sableye|173\/304
|move|p2a: Conkeldurr|Hammer Arm|p1a: Sableye
|-immune|p1a: Sableye|[msg]
|
|-damage|p2a: Conkeldurr|218\/414 brn|[from] brn
|turn|5
|callback|decision
|
|switch|p1a: Gyarados|Gyarados, M|331\/331
|-ability|p1a: Gyarados|Intimidate|[of] p2a: Conkeldurr
|-unboost|p2a: Conkeldurr|atk|1
|move|p2a: Conkeldurr|Knock Off|p1a: Gyarados
|-damage|p1a: Gyarados|222\/331
|
|-damage|p2a: Conkeldurr|167\/414 brn|[from] brn
|turn|6
|callback|decision
|
|switch|p1a: Sableye|Sableye, F|173\/304
|move|p2a: Conkeldurr|Ice Punch|p1a: Sableye
|-damage|p1a: Sableye|49\/304
|
|-damage|p2a: Conkeldurr|116\/414 brn|[from] brn
|turn|7
|callback|decision
|
|switch|p2a: Mawile|Mawile, F|304\/304
|-ability|p2a: Mawile|Intimidate|[of] p1a: Sableye
|-unboost|p1a: Sableye|atk|1
|move|p1a: Sableye|Recover|p1a: Sableye
|-heal|p1a: Sableye|201\/304
|
|turn|8
|callback|decision
|
|switch|p2a: Reuniclus|Reuniclus, F|424\/424
|move|p1a: Sableye|Will-O-Wisp|p2a: Reuniclus
|-status|p2a: Reuniclus|brn
|
|turn|9
|callback|decision
|
|move|p1a: Sableye|Taunt|p2a: Reuniclus
|-start|p2a: Reuniclus|move: Taunt
|cant|p2a: Reuniclus|move: Taunt|Trick Room
|
|turn|10
|callback|decision
|
|move|p1a: Sableye|Knock Off|p2a: Reuniclus
|-supereffective|p2a: Reuniclus
|-damage|p2a: Reuniclus|278\/424 brn
|-enditem|p2a: Reuniclus|Life Orb|[from] move: Knock Off|[of] p1a: Sableye
|move|p2a: Reuniclus|Shadow Ball|p1a: Sableye
|-crit|p1a: Sableye
|-damage|p1a: Sableye|33\/304
|
|turn|11
|callback|decision
|
|switch|p2a: Bronzong|Bronzong|305\/338
|move|p1a: Sableye|Recover|p1a: Sableye
|-heal|p1a: Sableye|185\/304
|
|turn|12
|callback|decision
|
|move|p1a: Sableye|Will-O-Wisp|p2a: Bronzong
|-status|p2a: Bronzong|brn
|move|p2a: Bronzong|Earthquake|p1a: Sableye
|-damage|p1a: Sableye|107\/304
|-damage|p2a: Bronzong|272\/338 brn|[from] item: Life Orb
|
|-damage|p2a: Bronzong|230\/338 brn|[from] brn
|turn|13
|callback|decision
|
|move|p1a: Sableye|Recover|p1a: Sableye
|-heal|p1a: Sableye|259\/304
|move|p2a: Bronzong|Trick Room|p2a: Bronzong
|-fieldstart|move: Trick Room|[of] p2a: Bronzong
|
|-damage|p2a: Bronzong|188\/338 brn|[from] brn
|turn|14
|callback|decision
|
|switch|p2a: Azumarill|Azumarill, F|401\/401
|move|p1a: Sableye|Knock Off|p2a: Azumarill
|-resisted|p2a: Azumarill
|-damage|p2a: Azumarill|370\/401
|-enditem|p2a: Azumarill|Assault Vest|[from] move: Knock Off|[of] p1a: Sableye
|
|turn|15
|callback|decision
|
|move|p1a: Sableye|Will-O-Wisp|p2a: Azumarill
|-status|p2a: Azumarill|brn
|move|p2a: Azumarill|Play Rough|p1a: Sableye
|-supereffective|p1a: Sableye
|-damage|p1a: Sableye|53\/304
|-unboost|p1a: Sableye|atk|1
|
|-damage|p2a: Azumarill|320\/401 brn|[from] brn
|turn|16
|callback|decision
|
|switch|p1a: Talonflame|Talonflame, F|345\/345
|move|p2a: Azumarill|Play Rough|p1a: Talonflame
|-resisted|p1a: Talonflame
|-damage|p1a: Talonflame|276\/345
|
|-damage|p2a: Azumarill|270\/401 brn|[from] brn
|turn|17
|callback|decision
|
|move|p1a: Talonflame|Brave Bird|p2a: Azumarill
|-damage|p2a: Azumarill|18\/401 brn
|-damage|p1a: Talonflame|193\/345|[from] recoil|[of] p2a: Azumarill
|move|p2a: Azumarill|Waterfall|p1a: Talonflame
|-supereffective|p1a: Talonflame
|-damage|p1a: Talonflame|0 fnt
|faint|p1a: Talonflame
|
|-damage|p2a: Azumarill|0 fnt|[from] brn
|-fieldend|move: Trick Room
|faint|p2a: Azumarill
|callback|decision
|
|switch|p2a: Aromatisse|Aromatisse, F|406\/406
|switch|p1a: Sableye|Sableye, F|53\/304
|turn|18
|callback|decision
|
|switch|p1a: Porygon2|Porygon2|374\/374
|-boost|p1a: Porygon2|atk|1|[from] ability: Download
|move|p2a: Aromatisse|Moonblast|p1a: Porygon2
|-damage|p1a: Porygon2|293\/374
|-unboost|p1a: Porygon2|spa|1
|
|turn|19
|callback|decision
|
|switch|p1a: Dragonite|Dragonite, F|323\/323
|move|p2a: Aromatisse|Trick Room|p2a: Aromatisse
|-fieldstart|move: Trick Room|[of] p2a: Aromatisse
|
|turn|20
|callback|decision
|
|move|p2a: Aromatisse|Moonblast|p1a: Dragonite
|-supereffective|p1a: Dragonite
|-damage|p1a: Dragonite|215\/323
|move|p1a: Dragonite|Flamethrower|p2a: Aromatisse
|-damage|p2a: Aromatisse|334\/406
|
|-heal|p2a: Aromatisse|359\/406|[from] item: Leftovers
|turn|21
|callback|decision
|
|switch|p1a: Excadrill|Excadrill, M|424\/424
|-ability|p1a: Excadrill|Mold Breaker
|move|p2a: Aromatisse|Moonblast|p1a: Excadrill
|-resisted|p1a: Excadrill
|-damage|p1a: Excadrill|374\/424
|
|-heal|p2a: Aromatisse|384\/406|[from] item: Leftovers
|turn|22
|callback|decision
|
|move|p2a: Aromatisse|Reflect|p2a: Aromatisse
|-sidestart|p2: TM92|Reflect
|move|p1a: Excadrill|Iron Head|p2a: Aromatisse
|-supereffective|p2a: Aromatisse
|-damage|p2a: Aromatisse|158\/406
|
|-heal|p2a: Aromatisse|183\/406|[from] item: Leftovers
|turn|23
|callback|decision
|
|move|p2a: Aromatisse|Energy Ball|p1a: Excadrill
|-damage|p1a: Excadrill|306\/424
|move|p1a: Excadrill|Iron Head|p2a: Aromatisse
|-supereffective|p2a: Aromatisse
|-damage|p2a: Aromatisse|0 fnt
|faint|p2a: Aromatisse
|
|-fieldend|move: Trick Room
|callback|decision
|
|switch|p2a: Bronzong|Bronzong|188\/338 brn
|turn|24
|callback|decision
|
|move|p1a: Excadrill|Iron Head|p2a: Bronzong
|-resisted|p2a: Bronzong
|-damage|p2a: Bronzong|155\/338 brn
|move|p2a: Bronzong|Trick Room|p2a: Bronzong
|-fieldstart|move: Trick Room|[of] p2a: Bronzong
|
|-damage|p2a: Bronzong|113\/338 brn|[from] brn
|turn|25
|callback|decision
|
|move|p2a: Bronzong|Earthquake|p1a: Excadrill
|-supereffective|p1a: Excadrill
|-damage|p1a: Excadrill|114\/424
|-damage|p2a: Bronzong|80\/338 brn|[from] item: Life Orb
|move|p1a: Excadrill|Iron Head|p2a: Bronzong
|-resisted|p2a: Bronzong
|-damage|p2a: Bronzong|47\/338 brn
|
|-damage|p2a: Bronzong|5\/338 brn|[from] brn
|turn|26
|callback|decision
|
|switch|p1a: Dragonite|Dragonite, F|215\/323
|move|p2a: Bronzong|Explosion|p1a: Dragonite
|-damage|p1a: Dragonite|14\/323
|faint|p2a: Bronzong
|
|-sideend|p2: TM92|Reflect
|callback|decision
|
|switch|p2a: Conkeldurr|Conkeldurr, F|116\/414 brn
|turn|27
|callback|decision
|
|move|p2a: Conkeldurr|Knock Off|p1a: Dragonite
|-damage|p1a: Dragonite|0 fnt
|faint|p1a: Dragonite
|
|-damage|p2a: Conkeldurr|65\/414 brn|[from] brn
|callback|decision
|
|switch|p1a: Sableye|Sableye, F|53\/304
|turn|28
|callback|decision
|
|move|p1a: Sableye|Recover|p1a: Sableye
|-heal|p1a: Sableye|205\/304
|move|p2a: Conkeldurr|Knock Off|p1a: Sableye
|-damage|p1a: Sableye|67\/304
|
|-damage|p2a: Conkeldurr|14\/414 brn|[from] brn
|-fieldend|move: Trick Room
|turn|29
|callback|decision
|
|move|p1a: Sableye|Recover|p1a: Sableye
|-heal|p1a: Sableye|219\/304
|move|p2a: Conkeldurr|Ice Punch|p1a: Sableye
|-damage|p1a: Sableye|55\/304
|
|-damage|p2a: Conkeldurr|0 fnt|[from] brn
|faint|p2a: Conkeldurr
|callback|decision
|
|switch|p2a: Reuniclus|Reuniclus, F|278\/424 brn
|turn|30
|callback|decision
|
|switch|p1a: Porygon2|Porygon2|293\/374
|-boost|p1a: Porygon2|atk|1|[from] ability: Download
|move|p2a: Reuniclus|Shadow Ball|p1a: Porygon2
|-immune|p1a: Porygon2|[msg]
|
|turn|31
|callback|decision
|
|move|p1a: Porygon2|Tri Attack|p2a: Reuniclus
|-damage|p2a: Reuniclus|110\/424 brn
|move|p2a: Reuniclus|Trick Room|p2a: Reuniclus
|-fieldstart|move: Trick Room|[of] p2a: Reuniclus
|
|turn|32
|callback|decision
|
|move|p2a: Reuniclus|Focus Blast|p1a: Porygon2
|-supereffective|p1a: Porygon2
|-damage|p1a: Porygon2|97\/374
|move|p1a: Porygon2|Tri Attack|p2a: Reuniclus
|-crit|p2a: Reuniclus
|-damage|p2a: Reuniclus|0 fnt
|faint|p2a: Reuniclus
|
|callback|decision
|
|switch|p2a: Mawile|Mawile, F|304\/304
|-ability|p2a: Mawile|Intimidate|[of] p1a: Porygon2
|-unboost|p1a: Porygon2|atk|1
|turn|33
|callback|decision
|
|-formechange|p2a: Mawile|Mawile-Mega
|message|Mawile has Mega Evolved into Mega Mawile!
|move|p2a: Mawile|Play Rough|p1a: Porygon2
|-damage|p1a: Porygon2|0 fnt
|faint|p1a: Porygon2
|
|callback|decision
|
|switch|p1a: Excadrill|Excadrill, M|114\/424
|-ability|p1a: Excadrill|Mold Breaker
|turn|34
|callback|decision
|
|move|p2a: Mawile|Fire Fang|p1a: Excadrill
|-supereffective|p1a: Excadrill
|-damage|p1a: Excadrill|0 fnt
|faint|p1a: Excadrill
|
|callback|decision
|
|switch|p1a: Sableye|Sableye, F|55\/304
|turn|35
|callback|decision
|
|move|p1a: Sableye|Will-O-Wisp|p2a: Mawile
|-status|p2a: Mawile|brn
|move|p2a: Mawile|Play Rough|p1a: Sableye
|-supereffective|p1a: Sableye
|-damage|p1a: Sableye|0 fnt
|faint|p1a: Sableye
|
|-damage|p2a: Mawile|266\/304 brn|[from] brn
|-fieldend|move: Trick Room
|callback|decision
|
|switch|p1a: Gyarados|Gyarados, M|222\/331
|-ability|p1a: Gyarados|Intimidate|[of] p2a: Mawile
|-unboost|p2a: Mawile|atk|1
|turn|36
|callback|decision
|
|-formechange|p1a: Gyarados|Gyarados-Mega
|message|Gyarados has Mega Evolved into Mega Gyarados!
|-ability|p1a: Gyarados|Mold Breaker
|move|p1a: Gyarados|Waterfall|p2a: Mawile
|-damage|p2a: Mawile|128\/304 brn
|move|p2a: Mawile|Play Rough|p1a: Gyarados
|-supereffective|p1a: Gyarados
|-damage|p1a: Gyarados|40\/331
|
|-damage|p2a: Mawile|90\/304 brn|[from] brn
|turn|37
|callback|decision
|
|move|p2a: Mawile|Sucker Punch|p1a: Gyarados
|-resisted|p1a: Gyarados
|-damage|p1a: Gyarados|10\/331
|move|p1a: Gyarados|Waterfall|p2a: Mawile
|-damage|p2a: Mawile|0 fnt
|faint|p2a: Mawile
|
|win|Vanilla Vanish
|raw|Ladder updating...
|raw|Vanilla Vanish's rating: 1175 &rarr; <strong>1203<\/strong><br \/>(+28 for winning)
|raw|TM92's rating: 1209 &rarr; <strong>1182<\/strong><br \/>(-27 for losing)
|chat|Vanilla Vanish|gg
|chat|TM92|fuck 
|chat|TM92|gg man
|chat|TM92|much close
|chat|TM92|much epic
|chat|Vanilla Vanish|:3
|chat|Vanilla Vanish|really good battle
|chat|TM92|till nexttime D
|leave|TM92
|player|p2
|chat|Vanilla Vanish|:D til then