|join|Vanilla Vanish
|join|Sperglord
|player|p1|Vanilla Vanish|2
|player|p2|Sperglord|99
|gametype|singles
|gen|6
|tier|OU
|rated
|clearpoke
|poke|p1|Gyarados, F
|poke|p1|Talonflame, M
|poke|p1|Excadrill, F
|poke|p1|Sableye, M
|poke|p1|Blissey, F
|poke|p1|Dragonite, M
|poke|p2|Breloom, F, shiny
|poke|p2|Chansey, F, shiny
|poke|p2|Mandibuzz, F, shiny
|poke|p2|Heatran, M, shiny
|poke|p2|Conkeldurr, M, shiny
|poke|p2|Exploud, M, shiny
|rule|Sleep Clause Mod: Limit one foe put to sleep
|rule|Species Clause: Limit one of each Pokemon
|rule|OHKO Clause: OHKO moves are banned
|rule|Moody Clause: Moody is banned
|rule|Evasion Moves Clause: Evasion moves are banned
|rule|Endless Battle Clause: Forcing endless battles is banned.
|rule|HP Percentage Mod: HP is reported as percentages
|teampreview
|
|start
|switch|p1a: Sableye|Sableye, M|304\/304
|switch|p2a: Autist-03|Mandibuzz, F, shiny|424\/424
|turn|1
|
|move|p1a: Sableye|Taunt|p2a: Autist-03
|-start|p2a: Autist-03|move: Taunt
|cant|p2a: Autist-03|move: Taunt|Taunt
|
|turn|2
|
|switch|p2a: Autist-05|Conkeldurr, M, shiny|414\/414
|move|p1a: Sableye|Knock Off|p2a: Autist-05
|-resisted|p2a: Autist-05
|-damage|p2a: Autist-05|371\/414
|-enditem|p2a: Autist-05|Flame Orb|[from] move: Knock Off|[of] p1a: Sableye
|
|turn|3
|
|switch|p1a: Gyarados|Gyarados, F|341\/341
|-ability|p1a: Gyarados|Intimidate|[of] p2a: Autist-05
|-unboost|p2a: Autist-05|atk|1
|move|p2a: Autist-05|Knock Off|p1a: Gyarados
|-damage|p1a: Gyarados|262\/341
|
|turn|4
|
|switch|p2a: Autist-03|Mandibuzz, F, shiny|424\/424
|move|p1a: Gyarados|Waterfall|p2a: Autist-03
|-damage|p2a: Autist-03|321\/424
|-damage|p1a: Gyarados|206\/341|[from] item: Rocky Helmet|[of] p2a: Autist-03
|
|turn|5
|
|switch|p1a: Dragonite|Dragonite, M|323\/323
|move|p2a: Autist-03|Taunt|p1a: Dragonite
|-start|p1a: Dragonite|move: Taunt
|
|turn|6
|
|move|p1a: Dragonite|Draco Meteor|p2a: Autist-03
|-damage|p2a: Autist-03|92\/424
|-unboost|p1a: Dragonite|spa|2
|move|p2a: Autist-03|Roost|p2a: Autist-03
|-heal|p2a: Autist-03|304\/424
|
|turn|7
|
|switch|p1a: Sableye|Sableye, M|304\/304
|move|p2a: Autist-03|Foul Play|p1a: Sableye
|-damage|p1a: Sableye|223\/304
|
|-heal|p1a: Sableye|242\/304|[from] item: Leftovers
|turn|8
|
|switch|p2a: Autist-05|Conkeldurr, M, shiny|371\/414
|move|p1a: Sableye|Taunt|p2a: Autist-05
|-start|p2a: Autist-05|move: Taunt
|
|-heal|p1a: Sableye|261\/304|[from] item: Leftovers
|turn|9
|
|switch|p1a: Talonflame|Talonflame, M|345\/345
|move|p2a: Autist-05|Knock Off|p1a: Talonflame
|-damage|p1a: Talonflame|183\/345
|-enditem|p1a: Talonflame|Sharp Beak|[from] move: Knock Off|[of] p2a: Autist-05
|
|turn|10
|
|switch|p2a: Autist-03|Mandibuzz, F, shiny|304\/424
|move|p1a: Talonflame|Roost|p1a: Talonflame
|-heal|p1a: Talonflame|345\/345
|
|turn|11
|
|move|p1a: Talonflame|Brave Bird|p2a: Autist-03
|-damage|p2a: Autist-03|187\/424
|-damage|p1a: Talonflame|306\/345|[from] recoil|[of] p2a: Autist-03
|-damage|p1a: Talonflame|249\/345|[from] item: Rocky Helmet|[of] p2a: Autist-03
|move|p2a: Autist-03|Roost|p2a: Autist-03
|-heal|p2a: Autist-03|399\/424
|
|turn|12
|
|switch|p1a: Blissey|Blissey, F|652\/652
|move|p2a: Autist-03|Foul Play|p1a: Blissey
|-damage|p1a: Blissey|607\/652
|
|turn|13
|
|move|p2a: Autist-03|Taunt|p1a: Blissey
|-start|p1a: Blissey|move: Taunt
|move|p1a: Blissey|Charge Beam|p2a: Autist-03
|-supereffective|p2a: Autist-03
|-damage|p2a: Autist-03|317\/424
|-boost|p1a: Blissey|spa|1
|
|turn|14
|
|switch|p2a: Autist-05|Conkeldurr, M, shiny|371\/414
|move|p1a: Blissey|Charge Beam|p2a: Autist-05
|-damage|p2a: Autist-05|276\/414
|-boost|p1a: Blissey|spa|1
|
|turn|15
|
|move|p2a: Autist-05|Knock Off|p1a: Blissey
|-damage|p1a: Blissey|333\/652
|-enditem|p1a: Blissey|Chople Berry|[from] move: Knock Off|[of] p2a: Autist-05
|move|p1a: Blissey|Counter|p2a: Autist-05
|-damage|p2a: Autist-05|0 fnt
|faint|p2a: Autist-05
|
|-end|p1a: Blissey|move: Taunt
|
|switch|p2a: Autist-01|Breloom, F, shiny|262\/262
|turn|16
|
|move|p2a: Autist-01|Mach Punch|p1a: Blissey
|-crit|p1a: Blissey
|-supereffective|p1a: Blissey
|-damage|p1a: Blissey|0 fnt
|faint|p1a: Blissey
|
|
|switch|p1a: Dragonite|Dragonite, M|323\/323
|turn|17
|
|switch|p2a: Autist-02|Chansey, F, shiny|704\/704
|move|p1a: Dragonite|Draco Meteor|p2a: Autist-02
|-damage|p2a: Autist-02|578\/704
|-unboost|p1a: Dragonite|spa|2
|
|turn|18
|
|switch|p1a: Excadrill|Excadrill, F|423\/423
|-ability|p1a: Excadrill|Mold Breaker
|-item|p1a: Excadrill|Air Balloon
|switch|p2a: Autist-03|Mandibuzz, F, shiny|317\/424
|
|turn|19
|
|move|p1a: Excadrill|Swords Dance|p1a: Excadrill
|-boost|p1a: Excadrill|atk|2
|move|p2a: Autist-03|Foul Play|p1a: Excadrill
|-damage|p1a: Excadrill|0 fnt
|-enditem|p1a: Excadrill|Air Balloon
|faint|p1a: Excadrill
|
|
|switch|p1a: Dragonite|Dragonite, M|323\/323
|turn|20
|
|move|p1a: Dragonite|Thunderbolt|p2a: Autist-03
|-supereffective|p2a: Autist-03
|-damage|p2a: Autist-03|99\/424
|move|p2a: Autist-03|Roost|p2a: Autist-03
|-heal|p2a: Autist-03|311\/424
|
|turn|21
|
|switch|p2a: Autist-02|Chansey, F, shiny|578\/704
|move|p1a: Dragonite|Thunderbolt|p2a: Autist-02
|-damage|p2a: Autist-02|513\/704
|
|turn|22
|
|switch|p1a: Sableye|Sableye, M|261\/304
|move|p2a: Autist-02|Wish|p2a: Autist-02
|
|-heal|p1a: Sableye|280\/304|[from] item: Leftovers
|turn|23
|
|switch|p2a: Autist-04|Heatran, M, shiny|386\/386
|-item|p2a: Autist-04|Air Balloon
|move|p1a: Sableye|Knock Off|p2a: Autist-04
|-crit|p2a: Autist-04
|-damage|p2a: Autist-04|278\/386
|-enditem|p2a: Autist-04|Air Balloon
|
|-heal|p2a: Autist-04|386\/386|[from] move: Wish|[wisher] Autist-02
|-heal|p1a: Sableye|299\/304|[from] item: Leftovers
|turn|24
|
|move|p1a: Sableye|Taunt|p2a: Autist-04
|-start|p2a: Autist-04|move: Taunt
|move|p2a: Autist-04|Ancient Power|p1a: Sableye
|-damage|p1a: Sableye|212\/304
|
|-heal|p1a: Sableye|231\/304|[from] item: Leftovers
|turn|25
|
|switch|p1a: Dragonite|Dragonite, M|323\/323
|move|p2a: Autist-04|Fire Blast|p1a: Dragonite
|-resisted|p1a: Dragonite
|-damage|p1a: Dragonite|271\/323
|
|turn|26
|
|switch|p2a: Autist-02|Chansey, F, shiny|513\/704
|move|p1a: Dragonite|Earthquake|p2a: Autist-02
|-crit|p2a: Autist-02
|-damage|p2a: Autist-02|323\/704
|
|turn|27
|
|switch|p1a: Sableye|Sableye, M|231\/304
|move|p2a: Autist-02|Wish|p2a: Autist-02
|
|-heal|p1a: Sableye|250\/304|[from] item: Leftovers
|turn|28
|
|move|p2a: Autist-02|Protect|p2a: Autist-02
|-singleturn|p2a: Autist-02|Protect
|move|p1a: Sableye|Knock Off|p2a: Autist-02
|-activate|p2a: Autist-02|Protect
|
|-heal|p2a: Autist-02|675\/704|[from] move: Wish|[wisher] Autist-02
|-heal|p1a: Sableye|269\/304|[from] item: Leftovers
|turn|29
|
|switch|p2a: Autist-04|Heatran, M, shiny|386\/386
|move|p1a: Sableye|Taunt|p2a: Autist-04
|-start|p2a: Autist-04|move: Taunt
|
|-heal|p1a: Sableye|288\/304|[from] item: Leftovers
|turn|30
|
|move|p2a: Autist-04|Ancient Power|p1a: Sableye
|-damage|p1a: Sableye|196\/304
|move|p1a: Sableye|Knock Off|p2a: Autist-04
|-damage|p2a: Autist-04|332\/386
|
|-heal|p1a: Sableye|215\/304|[from] item: Leftovers
|turn|31
|
|move|p2a: Autist-04|Ancient Power|p1a: Sableye
|-damage|p1a: Sableye|134\/304
|move|p1a: Sableye|Knock Off|p2a: Autist-04
|-damage|p2a: Autist-04|281\/386
|
|-heal|p1a: Sableye|153\/304|[from] item: Leftovers
|turn|32
|
|move|p2a: Autist-04|Fire Blast|p1a: Sableye
|-damage|p1a: Sableye|0 fnt
|faint|p1a: Sableye
|
|-end|p2a: Autist-04|move: Taunt
|
|switch|p1a: Gyarados|Gyarados, F|206\/341
|-ability|p1a: Gyarados|Intimidate|[of] p2a: Autist-04
|-unboost|p2a: Autist-04|atk|1
|turn|33
|
|switch|p2a: Autist-03|Mandibuzz, F, shiny|311\/424
|move|p1a: Gyarados|Dragon Dance|p1a: Gyarados
|-boost|p1a: Gyarados|atk|1
|-boost|p1a: Gyarados|spe|1
|
|turn|34
|
|-formechange|p1a: Gyarados|Gyarados-Mega
|message|Gyarados has Mega Evolved into Mega Gyarados!
|-ability|p1a: Gyarados|Mold Breaker
|move|p1a: Gyarados|Waterfall|p2a: Autist-03
|-damage|p2a: Autist-03|118\/424
|-damage|p1a: Gyarados|150\/341|[from] item: Rocky Helmet|[of] p2a: Autist-03
|move|p2a: Autist-03|Roost|p2a: Autist-03
|-heal|p2a: Autist-03|330\/424
|
|turn|35
|
|move|p1a: Gyarados|Dragon Dance|p1a: Gyarados
|-boost|p1a: Gyarados|atk|1
|-boost|p1a: Gyarados|spe|1
|move|p2a: Autist-03|Foul Play|p1a: Gyarados
|-resisted|p1a: Gyarados
|-damage|p1a: Gyarados|0 fnt
|faint|p1a: Gyarados
|
|-message|Vanilla Vanish forfeited.
|
|win|Sperglord
|raw|Ladder updating...
|raw|Vanilla Vanish's rating: 1424 &rarr; <strong>1403<\/strong><br \/>(-21 for losing)
|raw|Sperglord's rating: 1406 &rarr; <strong>1427<\/strong><br \/>(+21 for winning)