|join|Iphoneyo
|join|Vanilla Vanish
|player|p1|Iphoneyo|266
|player|p2|Vanilla Vanish|265
|gametype|singles
|gen|6
|tier|OU
|rated
|clearpoke
|poke|p1|Breloom, F
|poke|p1|Thundurus, M
|poke|p1|Heatran, M
|poke|p1|Aegislash, M
|poke|p1|Pinsir, M
|poke|p1|Mew
|poke|p2|Gyarados, M
|poke|p2|Talonflame, M
|poke|p2|Excadrill, F
|poke|p2|Sableye, M
|poke|p2|Tyranitar, F
|poke|p2|Dragonite, M
|rule|Sleep Clause Mod: Limit one foe put to sleep
|rule|Species Clause: Limit one of each Pokemon
|rule|OHKO Clause: OHKO moves are banned
|rule|Moody Clause: Moody is banned
|rule|Evasion Moves Clause: Evasion moves are banned
|rule|Endless Battle Clause: Forcing endless battles is banned.
|rule|HP Percentage Mod: HP is reported as percentages
|teampreview
|
|start
|switch|p1a: Breloom|Breloom, F|261\/261
|switch|p2a: Sableye|Sableye, M|304\/304
|turn|1
|
|switch|p1a: Heatran|Heatran, M|323\/323
|move|p2a: Sableye|Taunt|p1a: Heatran
|-start|p1a: Heatran|move: Taunt
|
|turn|2
|
|switch|p2a: Tyranitar|Tyranitar, F|404\/404
|-weather|Sandstorm
|move|p1a: Heatran|Ancient Power|p2a: Tyranitar
|-damage|p2a: Tyranitar|368\/404
|
|-weather|Sandstorm|[upkeep]
|-heal|p2a: Tyranitar|393\/404|[from] item: Leftovers
|turn|3
|
|switch|p1a: Mew|Mew|404\/404
|move|p2a: Tyranitar|Stealth Rock|p1a: Mew
|-sidestart|p1: Iphoneyo|move: Stealth Rock
|
|-weather|Sandstorm|[upkeep]
|-damage|p1a: Mew|379\/404|[from] sandstorm
|-heal|p1a: Mew|404\/404|[from] item: Leftovers
|-heal|p2a: Tyranitar|404\/404|[from] item: Leftovers
|turn|4
|
|move|p1a: Mew|Will-O-Wisp|p2a: Tyranitar
|-status|p2a: Tyranitar|brn
|move|p2a: Tyranitar|Crunch|p1a: Mew
|-supereffective|p1a: Mew
|-damage|p1a: Mew|324\/404
|
|-weather|Sandstorm|[upkeep]
|-damage|p1a: Mew|299\/404|[from] sandstorm
|-heal|p1a: Mew|324\/404|[from] item: Leftovers
|-damage|p2a: Tyranitar|354\/404 brn|[from] brn
|turn|5
|
|switch|p2a: Sableye|Sableye, M|304\/304
|move|p1a: Mew|Defog|p2a: Sableye
|-unboost|p2a: Sableye|evasion|1
|-sideend|p1: Iphoneyo|Stealth Rock|[from] move: Defog|[of] p1a: Mew
|
|-weather|Sandstorm|[upkeep]
|-damage|p1a: Mew|299\/404|[from] sandstorm
|-damage|p2a: Sableye|285\/304|[from] sandstorm
|-heal|p1a: Mew|324\/404|[from] item: Leftovers
|-heal|p2a: Sableye|304\/304|[from] item: Leftovers
|turn|6
|
|switch|p1a: Heatran|Heatran, M|323\/323
|move|p2a: Sableye|Knock Off|p1a: Heatran
|-damage|p1a: Heatran|244\/323
|-enditem|p1a: Heatran|Choice Scarf|[from] move: Knock Off|[of] p2a: Sableye
|
|-weather|none
|turn|7
|
|switch|p2a: Tyranitar|Tyranitar, F|354\/404 brn
|-weather|Sandstorm
|move|p1a: Heatran|Flash Cannon|p2a: Tyranitar
|-supereffective|p2a: Tyranitar
|-damage|p2a: Tyranitar|216\/404 brn
|-unboost|p2a: Tyranitar|spd|1
|
|-weather|Sandstorm|[upkeep]
|-heal|p2a: Tyranitar|241\/404 brn|[from] item: Leftovers
|-damage|p2a: Tyranitar|191\/404 brn|[from] brn
|turn|8
|
|switch|p2a: Excadrill|Excadrill, F|423\/423
|-ability|p2a: Excadrill|Mold Breaker
|-item|p2a: Excadrill|Air Balloon
|move|p1a: Heatran|Flash Cannon|p2a: Excadrill
|-resisted|p2a: Excadrill
|-damage|p2a: Excadrill|343\/423
|-enditem|p2a: Excadrill|Air Balloon
|
|-weather|Sandstorm|[upkeep]
|turn|9
|
|switch|p1a: Mew|Mew|324\/404
|move|p2a: Excadrill|Substitute|p2a: Excadrill
|-start|p2a: Excadrill|Substitute
|-damage|p2a: Excadrill|238\/423
|
|-weather|Sandstorm|[upkeep]
|-damage|p1a: Mew|299\/404|[from] sandstorm
|-heal|p1a: Mew|324\/404|[from] item: Leftovers
|turn|10
|chat|Iphoneyo|Weirdest excadrill ever.
|
|move|p1a: Mew|Psychic|p2a: Excadrill
|-resisted|p2a: Excadrill
|-activate|p2a: Excadrill|Substitute|[damage]
|move|p2a: Excadrill|Earthquake|p1a: Mew
|-damage|p1a: Mew|218\/404
|
|-weather|Sandstorm|[upkeep]
|-damage|p1a: Mew|193\/404|[from] sandstorm
|-heal|p1a: Mew|218\/404|[from] item: Leftovers
|turn|11
|
|move|p1a: Mew|Psychic|p2a: Excadrill
|-resisted|p2a: Excadrill
|-activate|p2a: Excadrill|Substitute|[damage]
|move|p2a: Excadrill|Earthquake|p1a: Mew
|-damage|p1a: Mew|103\/404
|
|-weather|none
|-heal|p1a: Mew|128\/404|[from] item: Leftovers
|turn|12
|
|move|p1a: Mew|Roost|p1a: Mew
|-heal|p1a: Mew|330\/404
|move|p2a: Excadrill|Earthquake|p1a: Mew
|-damage|p1a: Mew|216\/404
|
|-heal|p1a: Mew|241\/404|[from] item: Leftovers
|turn|13
|
|move|p1a: Mew|Psychic|p2a: Excadrill
|-resisted|p2a: Excadrill
|-end|p2a: Excadrill|Substitute
|move|p2a: Excadrill|Iron Head|p1a: Mew
|-damage|p1a: Mew|148\/404
|
|-heal|p1a: Mew|173\/404|[from] item: Leftovers
|turn|14
|
|switch|p2a: Talonflame|Talonflame, M|345\/345
|move|p1a: Mew|Roost|p1a: Mew
|-heal|p1a: Mew|375\/404
|
|-heal|p1a: Mew|400\/404|[from] item: Leftovers
|turn|15
|
|move|p2a: Talonflame|Swords Dance|p2a: Talonflame
|-boost|p2a: Talonflame|atk|2
|move|p1a: Mew|Psychic|p2a: Talonflame
|-damage|p2a: Talonflame|192\/345
|
|-heal|p1a: Mew|404\/404|[from] item: Leftovers
|turn|16
|
|move|p2a: Talonflame|Brave Bird|p1a: Mew
|-damage|p1a: Mew|112\/404
|-damage|p2a: Talonflame|96\/345|[from] recoil|[of] p1a: Mew
|move|p1a: Mew|Psychic|p2a: Talonflame
|-damage|p2a: Talonflame|0 fnt
|faint|p2a: Talonflame
|
|-heal|p1a: Mew|137\/404|[from] item: Leftovers
|
|switch|p2a: Dragonite|Dragonite, M|323\/323
|turn|17
|chat|Iphoneyo|Lol trying to one shot mew.
|
|move|p2a: Dragonite|Draco Meteor|p1a: Mew
|-damage|p1a: Mew|0 fnt
|-unboost|p2a: Dragonite|spa|2
|faint|p1a: Mew
|
|chat|Iphoneyo|Yep weirdest shit ever.
|
|switch|p1a: Heatran|Heatran, M|244\/323
|turn|18
|
|switch|p2a: Tyranitar|Tyranitar, F|191\/404 brn
|-weather|Sandstorm
|move|p1a: Heatran|Fire Blast|p2a: Tyranitar
|-resisted|p2a: Tyranitar
|-damage|p2a: Tyranitar|136\/404 brn
|
|-weather|Sandstorm|[upkeep]
|-heal|p2a: Tyranitar|161\/404 brn|[from] item: Leftovers
|-damage|p2a: Tyranitar|111\/404 brn|[from] brn
|turn|19
|
|move|p1a: Heatran|Flash Cannon|p2a: Tyranitar
|-supereffective|p2a: Tyranitar
|-damage|p2a: Tyranitar|0 fnt
|faint|p2a: Tyranitar
|
|-weather|Sandstorm|[upkeep]
|
|switch|p2a: Gyarados|Gyarados, M|331\/331
|-ability|p2a: Gyarados|Intimidate|[of] p1a: Heatran
|-unboost|p1a: Heatran|atk|1
|turn|20
|
|move|p1a: Heatran|Ancient Power|p2a: Gyarados
|-supereffective|p2a: Gyarados
|-damage|p2a: Gyarados|185\/331
|move|p2a: Gyarados|Dragon Dance|p2a: Gyarados
|-boost|p2a: Gyarados|atk|1
|-boost|p2a: Gyarados|spe|1
|
|-weather|Sandstorm|[upkeep]
|-damage|p2a: Gyarados|165\/331|[from] sandstorm
|turn|21
|
|move|p2a: Gyarados|Earthquake|p1a: Heatran
|-supereffective|p1a: Heatran
|-damage|p1a: Heatran|0 fnt
|faint|p1a: Heatran
|
|-weather|Sandstorm|[upkeep]
|-damage|p2a: Gyarados|145\/331|[from] sandstorm
|
|switch|p1a: Thundurus|Thundurus, M|299\/299
|turn|22
|
|move|p1a: Thundurus|Thunder Wave|p2a: Gyarados
|-status|p2a: Gyarados|par
|move|p2a: Gyarados|Waterfall|p1a: Thundurus
|-damage|p1a: Thundurus|8\/299
|
|-weather|none
|-heal|p1a: Thundurus|26\/299|[from] item: Leftovers
|turn|23
|
|move|p1a: Thundurus|Volt Switch|p2a: Gyarados
|-supereffective|p2a: Gyarados
|-damage|p2a: Gyarados|0 fnt
|faint|p2a: Gyarados
|
|switch|p1a: Breloom|Breloom, F|261\/261
|
|
|switch|p2a: Sableye|Sableye, M|304\/304
|turn|24
|
|move|p2a: Sableye|Taunt|p1a: Breloom
|-start|p1a: Breloom|move: Taunt
|move|p1a: Breloom|Bullet Seed|p2a: Sableye
|-damage|p2a: Sableye|229\/304
|-damage|p2a: Sableye|145\/304
|-damage|p2a: Sableye|58\/304
|-hitcount|p2a: Sableye|3
|
|-heal|p2a: Sableye|77\/304|[from] item: Leftovers
|turn|25
|
|move|p2a: Sableye|Will-O-Wisp|p1a: Breloom
|-status|p1a: Breloom|brn
|move|p1a: Breloom|Bullet Seed|p2a: Sableye
|-crit|p2a: Sableye
|-damage|p2a: Sableye|19\/304
|-damage|p2a: Sableye|0 fnt
|-hitcount|p2a: Sableye|2
|faint|p2a: Sableye
|
|-damage|p1a: Breloom|229\/261 brn|[from] brn
|
|switch|p2a: Dragonite|Dragonite, M|323\/323
|turn|26
|
|move|p2a: Dragonite|Flamethrower|p1a: Breloom
|-supereffective|p1a: Breloom
|-damage|p1a: Breloom|0 fnt
|faint|p1a: Breloom
|
|
|switch|p1a: Thundurus|Thundurus, M|26\/299
|turn|27
|
|switch|p2a: Excadrill|Excadrill, F|238\/423
|-ability|p2a: Excadrill|Mold Breaker
|move|p1a: Thundurus|Hidden Power|p2a: Excadrill
|-damage|p2a: Excadrill|172\/423
|
|-heal|p1a: Thundurus|44\/299|[from] item: Leftovers
|turn|28
|
|move|p1a: Thundurus|Taunt|p2a: Excadrill
|-start|p2a: Excadrill|move: Taunt
|move|p2a: Excadrill|Iron Head|p1a: Thundurus
|-resisted|p1a: Thundurus
|-damage|p1a: Thundurus|0 fnt
|faint|p1a: Thundurus
|
|
|switch|p1a: Pinsir|Pinsir, M|272\/272
|-ability|p1a: Pinsir|Mold Breaker
|turn|29
|
|-formechange|p1a: Pinsir|Pinsir-Mega
|message|Pinsir has Mega Evolved into Mega Pinsir!
|move|p1a: Pinsir|Earthquake|p2a: Excadrill
|-supereffective|p2a: Excadrill
|-damage|p2a: Excadrill|0 fnt
|faint|p2a: Excadrill
|
|
|switch|p2a: Dragonite|Dragonite, M|323\/323
|turn|30
|
|move|p2a: Dragonite|Flamethrower|p1a: Pinsir
|-supereffective|p1a: Pinsir
|-damage|p1a: Pinsir|74\/272
|move|p1a: Pinsir|Return|p2a: Dragonite
|-damage|p2a: Dragonite|169\/323
|
|turn|31
|
|move|p1a: Pinsir|Quick Attack|p2a: Dragonite
|-damage|p2a: Dragonite|55\/323
|move|p2a: Dragonite|Flamethrower|p1a: Pinsir
|-supereffective|p1a: Pinsir
|-damage|p1a: Pinsir|0 fnt
|faint|p1a: Pinsir
|
|
|switch|p1a: Aegislash|Aegislash, M|324\/324
|turn|32
|
|move|p2a: Dragonite|Flamethrower|p1a: Aegislash
|-supereffective|p1a: Aegislash
|-damage|p1a: Aegislash|186\/324
|-formechange|p1a: Aegislash|Aegislash-Blade
|move|p1a: Aegislash|Shadow Ball|p2a: Dragonite
|-damage|p2a: Dragonite|0 fnt
|faint|p2a: Dragonite
|
|win|Iphoneyo
|raw|Ladder updating...
|raw|Iphoneyo's rating: 1496 &rarr; <strong>1515<\/strong><br \/>(+19 for winning)
|raw|Vanilla Vanish's rating: 1481 &rarr; <strong>1461<\/strong><br \/>(-20 for losing)
|chat|Vanilla Vanish|gg
|chat|Iphoneyo|Um yea
|chat|Iphoneyo|But dude tun real stuff.
|leave|Vanilla Vanish
|player|p2