|join|Frankyy0713
|join|Vanilla Vanish
|player|p1|Frankyy0713|218
|player|p2|Vanilla Vanish|2
|gametype|singles
|gen|6
|tier|OU
|rated
|clearpoke
|poke|p1|Umbreon, F, shiny
|poke|p1|Dragonite, M
|poke|p1|Scizor, F
|poke|p1|Skarmory, M
|poke|p1|Sableye, M
|poke|p1|Arcanine, M
|poke|p2|Gyarados, M
|poke|p2|Talonflame, F
|poke|p2|Excadrill, M
|poke|p2|Sableye, F
|poke|p2|Blissey, F
|poke|p2|Dragonite, F
|rule|Sleep Clause Mod: Limit one foe put to sleep
|rule|Species Clause: Limit one of each Pokemon
|rule|OHKO Clause: OHKO moves are banned
|rule|Moody Clause: Moody is banned
|rule|Evasion Moves Clause: Evasion moves are banned
|rule|Endless Battle Clause: Forcing endless battles is banned.
|rule|HP Percentage Mod: HP is reported as percentages
|teampreview
|
|start
|switch|p1a: Sableye|Sableye, M|304\/304
|switch|p2a: Sableye|Sableye, F|304\/304
|turn|1
|
|move|p1a: Sableye|Taunt|p2a: Sableye
|-start|p2a: Sableye|move: Taunt
|cant|p2a: Sableye|move: Taunt|Taunt
|
|turn|2
|
|switch|p2a: Talonflame|Talonflame, F|345\/345
|move|p1a: Sableye|Confuse Ray|p2a: Talonflame
|-start|p2a: Talonflame|confusion
|
|turn|3
|
|switch|p1a: Arcanine|Arcanine, M|384\/384
|-ability|p1a: Arcanine|Intimidate|[of] p2a: Talonflame
|-unboost|p2a: Talonflame|atk|1
|-activate|p2a: Talonflame|confusion
|move|p2a: Talonflame|Brave Bird|p1a: Arcanine
|-crit|p1a: Arcanine
|-damage|p1a: Arcanine|0 fnt
|-damage|p2a: Talonflame|218\/345|[from] recoil|[of] p1a: Arcanine
|faint|p1a: Arcanine
|
|chat|Frankyy0713|real life?
|
|switch|p1a: Skarmory|Skarmory, M|334\/334
|turn|4
|
|switch|p2a: Sableye|Sableye, F|304\/304
|move|p1a: Skarmory|Whirlwind|p2a: Sableye
|drag|p2a: Excadrill|Excadrill, M|423\/423
|-ability|p2a: Excadrill|Mold Breaker
|-item|p2a: Excadrill|Air Balloon
|
|turn|5
|
|switch|p2a: Blissey|Blissey, F|652\/652
|move|p1a: Skarmory|Stealth Rock|p2a: Blissey
|-sidestart|p2: Vanilla Vanish|move: Stealth Rock
|
|turn|6
|
|switch|p1a: Umbreon|Umbreon, F, shiny|394\/394
|move|p2a: Blissey|Charge Beam|p1a: Umbreon
|-damage|p1a: Umbreon|367\/394
|-boost|p2a: Blissey|spa|1
|
|-heal|p1a: Umbreon|391\/394|[from] item: Leftovers
|turn|7
|
|switch|p2a: Excadrill|Excadrill, M|423\/423
|-damage|p2a: Excadrill|410\/423|[from] Stealth Rock
|-ability|p2a: Excadrill|Mold Breaker
|-item|p2a: Excadrill|Air Balloon
|move|p1a: Umbreon|Toxic|p2a: Excadrill
|-fail|p2a: Excadrill
|
|-heal|p1a: Umbreon|394\/394|[from] item: Leftovers
|turn|8
|
|move|p2a: Excadrill|Rapid Spin|p1a: Umbreon
|-damage|p1a: Umbreon|372\/394
|-sideend|p2: Vanilla Vanish|Stealth Rock|[from] move: Rapid Spin|[of] p2a: Excadrill
|move|p1a: Umbreon|Foul Play|p2a: Excadrill
|-damage|p2a: Excadrill|191\/423
|-enditem|p2a: Excadrill|Air Balloon
|
|-heal|p1a: Umbreon|394\/394|[from] item: Leftovers
|turn|9
|
|switch|p2a: Sableye|Sableye, F|304\/304
|switch|p1a: Skarmory|Skarmory, M|334\/334
|
|turn|10
|
|switch|p1a: Scizor|Scizor, F|344\/344
|move|p2a: Sableye|Taunt|p1a: Scizor
|-start|p1a: Scizor|move: Taunt
|
|turn|11
|
|-formechange|p1a: Scizor|Scizor-Mega
|message|Scizor has Mega Evolved into Mega Scizor!
|move|p1a: Scizor|Bullet Punch|p2a: Sableye
|-damage|p2a: Sableye|157\/304
|move|p2a: Sableye|Will-O-Wisp|p1a: Scizor
|-status|p1a: Scizor|brn
|
|-heal|p2a: Sableye|176\/304|[from] item: Leftovers
|-damage|p1a: Scizor|301\/344 brn|[from] brn
|turn|12
|
|switch|p1a: Sableye|Sableye, M|304\/304
|move|p2a: Sableye|Recover|p2a: Sableye
|-heal|p2a: Sableye|304\/304
|
|turn|13
|
|switch|p2a: Talonflame|Talonflame, F|218\/345
|move|p1a: Sableye|Taunt|p2a: Talonflame
|-start|p2a: Talonflame|move: Taunt
|
|turn|14
|
|move|p2a: Talonflame|Brave Bird|p1a: Sableye
|-damage|p1a: Sableye|99\/304
|-damage|p2a: Talonflame|150\/345|[from] recoil|[of] p1a: Sableye
|move|p1a: Sableye|Confuse Ray|p2a: Talonflame
|-start|p2a: Talonflame|confusion
|
|-heal|p1a: Sableye|118\/304|[from] item: Leftovers
|turn|15
|
|-activate|p2a: Talonflame|confusion
|-damage|p2a: Talonflame|97\/345|[from] confusion
|move|p1a: Sableye|Recover|p1a: Sableye
|-heal|p1a: Sableye|270\/304
|
|-heal|p1a: Sableye|289\/304|[from] item: Leftovers
|turn|16
|
|switch|p2a: Blissey|Blissey, F|652\/652
|switch|p1a: Skarmory|Skarmory, M|334\/334
|
|turn|17
|
|move|p2a: Blissey|Charge Beam|p1a: Skarmory
|-supereffective|p1a: Skarmory
|-damage|p1a: Skarmory|226\/334
|-boost|p2a: Blissey|spa|1
|move|p1a: Skarmory|Whirlwind|p2a: Blissey
|drag|p2a: Excadrill|Excadrill, M|191\/423
|-ability|p2a: Excadrill|Mold Breaker
|
|turn|18
|
|move|p2a: Excadrill|Iron Head|p1a: Skarmory
|-resisted|p1a: Skarmory
|-damage|p1a: Skarmory|193\/334
|-damage|p2a: Excadrill|121\/423|[from] item: Rocky Helmet|[of] p1a: Skarmory
|cant|p1a: Skarmory|flinch
|
|turn|19
|
|switch|p2a: Dragonite|Dragonite, F|323\/323
|move|p1a: Skarmory|Stealth Rock|p2a: Dragonite
|-sidestart|p2: Vanilla Vanish|move: Stealth Rock
|
|turn|20
|
|move|p2a: Dragonite|Flamethrower|p1a: Skarmory
|-supereffective|p1a: Skarmory
|-damage|p1a: Skarmory|0 fnt
|faint|p1a: Skarmory
|
|
|switch|p1a: Sableye|Sableye, M|289\/304
|turn|21
|
|switch|p2a: Blissey|Blissey, F|652\/652
|-damage|p2a: Blissey|571\/652|[from] Stealth Rock
|move|p1a: Sableye|Will-O-Wisp|p2a: Blissey
|-status|p2a: Blissey|brn
|
|-heal|p1a: Sableye|304\/304|[from] item: Leftovers
|-damage|p2a: Blissey|490\/652 brn|[from] brn
|turn|22
|
|move|p1a: Sableye|Taunt|p2a: Blissey
|-start|p2a: Blissey|move: Taunt
|move|p2a: Blissey|Charge Beam|p1a: Sableye
|-damage|p1a: Sableye|257\/304
|-boost|p2a: Blissey|spa|1
|
|-heal|p1a: Sableye|276\/304|[from] item: Leftovers
|-damage|p2a: Blissey|409\/652 brn|[from] brn
|turn|23
|
|move|p1a: Sableye|Confuse Ray|p2a: Blissey
|-start|p2a: Blissey|confusion
|-activate|p2a: Blissey|confusion
|-damage|p2a: Blissey|402\/652 brn|[from] confusion
|
|-heal|p1a: Sableye|295\/304|[from] item: Leftovers
|-damage|p2a: Blissey|321\/652 brn|[from] brn
|turn|24
|
|move|p1a: Sableye|Recover|p1a: Sableye
|-heal|p1a: Sableye|304\/304
|-end|p2a: Blissey|confusion
|move|p2a: Blissey|Charge Beam|p1a: Sableye|[miss]
|-miss|p2a: Blissey|p1a: Sableye
|
|-damage|p2a: Blissey|240\/652 brn|[from] brn
|-end|p2a: Blissey|move: Taunt
|turn|25
|
|switch|p2a: Dragonite|Dragonite, F|323\/323
|-damage|p2a: Dragonite|243\/323|[from] Stealth Rock
|move|p1a: Sableye|Taunt|p2a: Dragonite
|-start|p2a: Dragonite|move: Taunt
|
|turn|26
|
|move|p1a: Sableye|Will-O-Wisp|p2a: Dragonite
|-status|p2a: Dragonite|brn
|move|p2a: Dragonite|Draco Meteor|p1a: Sableye
|-damage|p1a: Sableye|55\/304
|-unboost|p2a: Dragonite|spa|2
|
|-heal|p1a: Sableye|74\/304|[from] item: Leftovers
|-damage|p2a: Dragonite|203\/323 brn|[from] brn
|turn|27
|
|move|p1a: Sableye|Recover|p1a: Sableye
|-heal|p1a: Sableye|226\/304
|move|p2a: Dragonite|Draco Meteor|p1a: Sableye
|-damage|p1a: Sableye|96\/304
|-unboost|p2a: Dragonite|spa|2
|
|-heal|p1a: Sableye|115\/304|[from] item: Leftovers
|-damage|p2a: Dragonite|163\/323 brn|[from] brn
|turn|28
|
|switch|p2a: Talonflame|Talonflame, F|97\/345
|-damage|p2a: Talonflame|0 fnt|[from] Stealth Rock
|faint|p2a: Talonflame
|move|p1a: Sableye|Recover|p1a: Sableye
|-heal|p1a: Sableye|267\/304
|
|-heal|p1a: Sableye|286\/304|[from] item: Leftovers
|
|switch|p2a: Sableye|Sableye, F|304\/304
|-damage|p2a: Sableye|266\/304|[from] Stealth Rock
|turn|29
|
|move|p1a: Sableye|Taunt|p2a: Sableye
|-start|p2a: Sableye|move: Taunt
|move|p2a: Sableye|Knock Off|p1a: Sableye
|-damage|p1a: Sableye|205\/304
|-enditem|p1a: Sableye|Leftovers|[from] move: Knock Off|[of] p2a: Sableye
|
|-heal|p2a: Sableye|285\/304|[from] item: Leftovers
|turn|30
|chat|Frankyy0713|where is your god now
|
|switch|p2a: Dragonite|Dragonite, F|163\/323 brn
|-damage|p2a: Dragonite|83\/323 brn|[from] Stealth Rock
|move|p1a: Sableye|Confuse Ray|p2a: Dragonite
|-start|p2a: Dragonite|confusion
|
|-damage|p2a: Dragonite|43\/323 brn|[from] brn
|turn|31
|
|move|p1a: Sableye|Recover|p1a: Sableye
|-heal|p1a: Sableye|304\/304
|-activate|p2a: Dragonite|confusion
|move|p2a: Dragonite|Draco Meteor|p1a: Sableye
|-damage|p1a: Sableye|66\/304
|-unboost|p2a: Dragonite|spa|2
|
|-damage|p2a: Dragonite|3\/323 brn|[from] brn
|turn|32
|
|move|p1a: Sableye|Recover|p1a: Sableye
|-heal|p1a: Sableye|218\/304
|-activate|p2a: Dragonite|confusion
|-damage|p2a: Dragonite|0 fnt|[from] confusion
|faint|p2a: Dragonite
|
|
|switch|p2a: Blissey|Blissey, F|240\/652 brn
|-damage|p2a: Blissey|159\/652 brn|[from] Stealth Rock
|turn|33
|
|move|p1a: Sableye|Taunt|p2a: Blissey
|-start|p2a: Blissey|move: Taunt
|move|p2a: Blissey|Ice Beam|p1a: Sableye
|-damage|p1a: Sableye|130\/304
|
|-damage|p2a: Blissey|78\/652 brn|[from] brn
|turn|34
|
|move|p1a: Sableye|Recover|p1a: Sableye
|-heal|p1a: Sableye|282\/304
|move|p2a: Blissey|Ice Beam|p1a: Sableye
|-crit|p1a: Sableye
|-damage|p1a: Sableye|152\/304
|
|-damage|p2a: Blissey|0 fnt|[from] brn
|faint|p2a: Blissey
|
|switch|p2a: Excadrill|Excadrill, M|121\/423
|-damage|p2a: Excadrill|108\/423|[from] Stealth Rock
|-ability|p2a: Excadrill|Mold Breaker
|turn|35
|chat|Frankyy0713|that sableye sweep lmao
|
|move|p1a: Sableye|Will-O-Wisp|p2a: Excadrill
|-status|p2a: Excadrill|brn
|move|p2a: Excadrill|Earthquake|p1a: Sableye
|-damage|p1a: Sableye|73\/304
|
|-damage|p2a: Excadrill|56\/423 brn|[from] brn
|turn|36
|chat|Vanilla Vanish|I have to know, how many speed evs do you have invested in Sableye
|chat|Vanilla Vanish|he outspeeds mine :(
|
|move|p1a: Sableye|Recover|p1a: Sableye
|-heal|p1a: Sableye|225\/304
|move|p2a: Excadrill|Earthquake|p1a: Sableye
|-damage|p1a: Sableye|143\/304
|
|-damage|p2a: Excadrill|4\/423 brn|[from] brn
|turn|37
|chat|Frankyy0713|yes he does lol and i have 8
|chat|Frankyy0713|L
|
|move|p1a: Sableye|Recover|p1a: Sableye
|-heal|p1a: Sableye|295\/304
|move|p2a: Excadrill|Earthquake|p1a: Sableye
|-damage|p1a: Sableye|211\/304
|
|-damage|p2a: Excadrill|0 fnt|[from] brn
|faint|p2a: Excadrill
|chat|Vanilla Vanish|Dem 8 evs
|
|switch|p2a: Sableye|Sableye, F|285\/304
|-damage|p2a: Sableye|247\/304|[from] Stealth Rock
|turn|38
|chat|Frankyy0713|dat creep
|
|move|p1a: Sableye|Taunt|p2a: Sableye
|-start|p2a: Sableye|move: Taunt
|cant|p2a: Sableye|move: Taunt|Taunt
|
|-heal|p2a: Sableye|266\/304|[from] item: Leftovers
|turn|39
|
|move|p1a: Sableye|Will-O-Wisp|p2a: Sableye
|-status|p2a: Sableye|brn
|move|p2a: Sableye|Knock Off|p1a: Sableye
|-damage|p1a: Sableye|183\/304
|
|-heal|p2a: Sableye|285\/304 brn|[from] item: Leftovers
|-damage|p2a: Sableye|247\/304 brn|[from] brn
|turn|40
|chat|Vanilla Vanish|well gg
|-message|Vanilla Vanish forfeited.
|
|win|Frankyy0713
|raw|Ladder updating...
|chat|Frankyy0713|sableye sweep op
|leave|Vanilla Vanish
|player|p2
|raw|Frankyy0713's rating: 1418 &rarr; <strong>1440<\/strong><br \/>(+22 for winning)
|raw|Vanilla Vanish's rating: 1445 &rarr; <strong>1424<\/strong><br \/>(-21 for losing)