|join|Vanilla Vanish
|join|13orphans
|player|p1|Vanilla Vanish|265
|player|p2|13orphans|265
|gametype|singles
|gen|6
|tier|OU
|rated
|clearpoke
|poke|p1|Tyranitar, M
|poke|p1|Aegislash, F
|poke|p1|Skarmory, M
|poke|p1|Vaporeon, F
|poke|p1|Greninja, F
|poke|p1|Garchomp, M
|poke|p2|Talonflame, F
|poke|p2|Absol, M
|poke|p2|Azumarill, M
|poke|p2|Rotom-Mow
|poke|p2|Mamoswine, M
|poke|p2|Aegislash, M
|rule|Sleep Clause Mod: Limit one foe put to sleep
|rule|Species Clause: Limit one of each Pokemon
|rule|OHKO Clause: OHKO moves are banned
|rule|Moody Clause: Moody is banned
|rule|Evasion Moves Clause: Evasion moves are banned
|rule|Endless Battle Clause: Forcing endless battles is banned.
|rule|HP Percentage Mod: HP is reported as percentages
|teampreview
|
|start
|switch|p1a: Tyranitar|Tyranitar, M|404\/404
|switch|p2a: Rotom-Mow|Rotom-Mow|242\/242
|-weather|Sandstorm
|turn|1
|
|-formechange|p1a: Tyranitar|Tyranitar-Mega
|message|Tyranitar has Mega Evolved into Mega Tyranitar!
|move|p2a: Rotom-Mow|Will-O-Wisp|p1a: Tyranitar
|-status|p1a: Tyranitar|brn
|move|p1a: Tyranitar|Stealth Rock|p2a: Rotom-Mow
|-sidestart|p2: 13orphans|move: Stealth Rock
|
|-weather|Sandstorm|[upkeep]
|-damage|p2a: Rotom-Mow|227\/242|[from] sandstorm
|-damage|p1a: Tyranitar|354\/404 brn|[from] brn
|turn|2
|
|move|p2a: Rotom-Mow|Volt Switch|p1a: Tyranitar
|-damage|p1a: Tyranitar|302\/404 brn
|
|switch|p2a: Azumarill|Azumarill, M|401\/401
|-damage|p2a: Azumarill|351\/401|[from] Stealth Rock
|move|p1a: Tyranitar|Crunch|p2a: Azumarill
|-resisted|p2a: Azumarill
|-damage|p2a: Azumarill|306\/401
|
|-weather|Sandstorm|[upkeep]
|-damage|p2a: Azumarill|281\/401|[from] sandstorm
|-damage|p1a: Tyranitar|252\/404 brn|[from] brn
|turn|3
|
|move|p1a: Tyranitar|Earthquake|p2a: Azumarill
|-damage|p2a: Azumarill|198\/401
|-enditem|p2a: Azumarill|Sitrus Berry|[eat]
|-heal|p2a: Azumarill|298\/401|[from] item: Sitrus Berry
|move|p2a: Azumarill|Play Rough|p1a: Tyranitar
|-supereffective|p1a: Tyranitar
|-damage|p1a: Tyranitar|0 fnt
|faint|p1a: Tyranitar
|
|-weather|Sandstorm|[upkeep]
|-damage|p2a: Azumarill|273\/401|[from] sandstorm
|
|switch|p1a: Skarmory|Skarmory, M|334\/334
|turn|4
|
|switch|p2a: Rotom-Mow|Rotom-Mow|227\/242
|-damage|p2a: Rotom-Mow|197\/242|[from] Stealth Rock
|move|p1a: Skarmory|Spikes|p2a: Rotom-Mow
|-sidestart|p2: 13orphans|Spikes
|
|-weather|Sandstorm|[upkeep]
|-damage|p2a: Rotom-Mow|182\/242|[from] sandstorm
|turn|5
|
|move|p2a: Rotom-Mow|Volt Switch|p1a: Skarmory
|-supereffective|p1a: Skarmory
|-damage|p1a: Skarmory|26\/334
|
|switch|p2a: Absol|Absol, M|271\/271
|-damage|p2a: Absol|238\/271|[from] Spikes
|-damage|p2a: Absol|205\/271|[from] Stealth Rock
|-ability|p2a: Absol|Pressure
|move|p1a: Skarmory|Spikes|p2a: Absol
|-sidestart|p2: 13orphans|Spikes
|
|-weather|none
|-heal|p1a: Skarmory|46\/334|[from] item: Leftovers
|turn|6
|
|-formechange|p2a: Absol|Absol-Mega
|message|Absol has Mega Evolved into Mega Absol!
|move|p2a: Absol|Knock Off|p1a: Skarmory
|-damage|p1a: Skarmory|0 fnt
|faint|p1a: Skarmory
|
|
|switch|p1a: Aegislash|Aegislash, F|324\/324
|-item|p1a: Aegislash|Air Balloon
|turn|7
|
|move|p1a: Aegislash|King's Shield|p1a: Aegislash
|-singleturn|p1a: Aegislash|Protect
|move|p2a: Absol|Knock Off|p1a: Aegislash
|-activate|p1a: Aegislash|Protect
|-unboost|p2a: Absol|atk|2
|
|turn|8
|
|switch|p2a: Aegislash|Aegislash, M|324\/324
|-damage|p2a: Aegislash|270\/324|[from] Spikes
|-damage|p2a: Aegislash|250\/324|[from] Stealth Rock
|move|p1a: Aegislash|Swords Dance|p1a: Aegislash
|-boost|p1a: Aegislash|atk|2
|
|-heal|p2a: Aegislash|270\/324|[from] item: Leftovers
|turn|9
|
|move|p2a: Aegislash|King's Shield|p2a: Aegislash
|-singleturn|p2a: Aegislash|Protect
|-formechange|p1a: Aegislash|Aegislash-Blade
|move|p1a: Aegislash|Shadow Sneak|p2a: Aegislash
|-activate|p2a: Aegislash|Protect
|-unboost|p1a: Aegislash|atk|2
|
|-heal|p2a: Aegislash|290\/324|[from] item: Leftovers
|turn|10
|
|-formechange|p1a: Aegislash|Aegislash
|move|p1a: Aegislash|King's Shield|p1a: Aegislash
|-singleturn|p1a: Aegislash|Protect
|move|p2a: Aegislash|Swords Dance|p2a: Aegislash
|-boost|p2a: Aegislash|atk|2
|
|-heal|p2a: Aegislash|310\/324|[from] item: Leftovers
|turn|11
|
|-formechange|p2a: Aegislash|Aegislash-Blade
|move|p2a: Aegislash|Shadow Sneak|p1a: Aegislash
|-supereffective|p1a: Aegislash
|-damage|p1a: Aegislash|82\/324
|-enditem|p1a: Aegislash|Air Balloon
|move|p1a: Aegislash|Swords Dance|p1a: Aegislash
|-boost|p1a: Aegislash|atk|2
|
|-heal|p2a: Aegislash|324\/324|[from] item: Leftovers
|turn|12
|
|move|p1a: Aegislash|King's Shield|p1a: Aegislash
|-singleturn|p1a: Aegislash|Protect
|-formechange|p2a: Aegislash|Aegislash
|move|p2a: Aegislash|King's Shield|p2a: Aegislash
|-fail|p2a: Aegislash
|
|turn|13
|
|-formechange|p1a: Aegislash|Aegislash-Blade
|move|p1a: Aegislash|Shadow Sneak|p2a: Aegislash
|-supereffective|p2a: Aegislash
|-damage|p2a: Aegislash|84\/324
|-formechange|p2a: Aegislash|Aegislash-Blade
|move|p2a: Aegislash|Shadow Sneak|p1a: Aegislash
|-supereffective|p1a: Aegislash
|-damage|p1a: Aegislash|0 fnt
|faint|p1a: Aegislash
|
|-heal|p2a: Aegislash|104\/324|[from] item: Leftovers
|
|switch|p1a: Greninja|Greninja, F|286\/286
|turn|14
|
|-formechange|p2a: Aegislash|Aegislash
|move|p2a: Aegislash|King's Shield|p2a: Aegislash
|-singleturn|p2a: Aegislash|Protect
|-start|p1a: Greninja|typechange|Water|[from] Protean
|move|p1a: Greninja|Surf|p2a: Aegislash
|-activate|p2a: Aegislash|Protect
|
|-heal|p2a: Aegislash|124\/324|[from] item: Leftovers
|turn|15
|
|-formechange|p2a: Aegislash|Aegislash-Blade
|move|p2a: Aegislash|Shadow Sneak|p1a: Greninja
|-damage|p1a: Greninja|30\/286
|move|p1a: Greninja|Surf|p2a: Aegislash
|-damage|p2a: Aegislash|0 fnt
|-damage|p1a: Greninja|2\/286|[from] item: Life Orb
|faint|p2a: Aegislash
|
|
|switch|p2a: Talonflame|Talonflame, F|319\/319
|-damage|p2a: Talonflame|160\/319|[from] Stealth Rock
|turn|16
|
|move|p1a: Greninja|Surf|p2a: Talonflame
|-supereffective|p2a: Talonflame
|-damage|p2a: Talonflame|0 fnt
|-damage|p1a: Greninja|0 fnt|[from] item: Life Orb
|faint|p2a: Talonflame
|faint|p1a: Greninja
|
|
|switch|p2a: Rotom-Mow|Rotom-Mow|182\/242
|-damage|p2a: Rotom-Mow|152\/242|[from] Stealth Rock
|switch|p1a: Vaporeon|Vaporeon, F|464\/464
|turn|17
|
|move|p2a: Rotom-Mow|Leaf Storm|p1a: Vaporeon
|-supereffective|p1a: Vaporeon
|-damage|p1a: Vaporeon|92\/464
|-unboost|p2a: Rotom-Mow|spa|2
|move|p1a: Vaporeon|Scald|p2a: Rotom-Mow
|-resisted|p2a: Rotom-Mow
|-damage|p2a: Rotom-Mow|107\/242
|
|-heal|p1a: Vaporeon|121\/464|[from] item: Leftovers
|turn|18
|
|move|p1a: Vaporeon|Protect|p1a: Vaporeon
|-singleturn|p1a: Vaporeon|Protect
|move|p2a: Rotom-Mow|Leaf Storm|p1a: Vaporeon
|-activate|p1a: Vaporeon|Protect
|
|-heal|p1a: Vaporeon|150\/464|[from] item: Leftovers
|turn|19
|
|move|p2a: Rotom-Mow|Will-O-Wisp|p1a: Vaporeon
|-status|p1a: Vaporeon|brn
|move|p1a: Vaporeon|Wish|p1a: Vaporeon
|
|-heal|p1a: Vaporeon|179\/464 brn|[from] item: Leftovers
|-damage|p1a: Vaporeon|121\/464 brn|[from] brn
|turn|20
|
|move|p1a: Vaporeon|Protect|p1a: Vaporeon
|-singleturn|p1a: Vaporeon|Protect
|move|p2a: Rotom-Mow|Rest|p2a: Rotom-Mow
|-status|p2a: Rotom-Mow|slp
|-heal|p2a: Rotom-Mow|242\/242 slp|[silent]
|-status|p2a: Rotom-Mow|slp|[from] move: Rest
|-enditem|p2a: Rotom-Mow|Chesto Berry|[eat]
|-curestatus|p2a: Rotom-Mow|slp
|
|-heal|p1a: Vaporeon|353\/464 brn|[from] move: Wish|[wisher] Vaporeon
|-heal|p1a: Vaporeon|382\/464 brn|[from] item: Leftovers
|-damage|p1a: Vaporeon|324\/464 brn|[from] brn
|turn|21
|
|move|p2a: Rotom-Mow|Volt Switch|p1a: Vaporeon
|-supereffective|p1a: Vaporeon
|-damage|p1a: Vaporeon|226\/464 brn
|
|switch|p2a: Azumarill|Azumarill, M|273\/401
|-damage|p2a: Azumarill|207\/401|[from] Spikes
|-damage|p2a: Azumarill|157\/401|[from] Stealth Rock
|move|p1a: Vaporeon|Wish|p1a: Vaporeon
|
|-heal|p1a: Vaporeon|255\/464 brn|[from] item: Leftovers
|-damage|p1a: Vaporeon|197\/464 brn|[from] brn
|turn|22
|
|move|p1a: Vaporeon|Protect|p1a: Vaporeon
|-singleturn|p1a: Vaporeon|Protect
|move|p2a: Azumarill|Play Rough|p1a: Vaporeon
|-activate|p1a: Vaporeon|Protect
|
|-heal|p1a: Vaporeon|429\/464 brn|[from] move: Wish|[wisher] Vaporeon
|-heal|p1a: Vaporeon|458\/464 brn|[from] item: Leftovers
|-damage|p1a: Vaporeon|400\/464 brn|[from] brn
|turn|23
|
|move|p1a: Vaporeon|Yawn|p2a: Azumarill
|-start|p2a: Azumarill|move: Yawn|[of] p1a: Vaporeon
|move|p2a: Azumarill|Encore|p1a: Vaporeon
|-start|p1a: Vaporeon|Encore
|
|-heal|p1a: Vaporeon|429\/464 brn|[from] item: Leftovers
|-damage|p1a: Vaporeon|371\/464 brn|[from] brn
|turn|24
|
|switch|p2a: Rotom-Mow|Rotom-Mow|242\/242
|-damage|p2a: Rotom-Mow|212\/242|[from] Stealth Rock
|move|p1a: Vaporeon|Yawn|p2a: Rotom-Mow
|-start|p2a: Rotom-Mow|move: Yawn|[of] p1a: Vaporeon
|
|-heal|p1a: Vaporeon|400\/464 brn|[from] item: Leftovers
|-damage|p1a: Vaporeon|342\/464 brn|[from] brn
|turn|25
|
|move|p2a: Rotom-Mow|Volt Switch|p1a: Vaporeon
|-supereffective|p1a: Vaporeon
|-damage|p1a: Vaporeon|136\/464 brn
|
|switch|p2a: Absol|Absol, M|205\/271
|-formechange|p2a: Absol|Absol-Mega
|-damage|p2a: Absol|160\/271|[from] Spikes
|-damage|p2a: Absol|127\/271|[from] Stealth Rock
|move|p1a: Vaporeon|Yawn|p2a: Absol
|move|p2a: Absol|Yawn|p1a: Vaporeon|[from]Magic Bounce
|-fail|p1a: Vaporeon
|
|-heal|p1a: Vaporeon|165\/464 brn|[from] item: Leftovers
|-damage|p1a: Vaporeon|107\/464 brn|[from] brn
|turn|26
|
|switch|p1a: Garchomp|Garchomp, M|357\/357
|move|p2a: Absol|Knock Off|p1a: Garchomp
|-damage|p1a: Garchomp|167\/357
|-damage|p2a: Absol|94\/271|[from] ability: Rough Skin|[of] p1a: Garchomp
|-enditem|p1a: Garchomp|Choice Scarf|[from] move: Knock Off|[of] p2a: Absol
|
|turn|27
|
|move|p2a: Absol|Ice Beam|p1a: Garchomp
|-supereffective|p1a: Garchomp
|-damage|p1a: Garchomp|0 fnt
|faint|p1a: Garchomp
|
|-message|Vanilla Vanish forfeited.
|
|win|13orphans
|raw|Ladder updating...
|raw|Vanilla Vanish's rating: 1385 &rarr; <strong>1369<\/strong><br \/>(-16 for losing)
|raw|13orphans's rating: 1446 &rarr; <strong>1463<\/strong><br \/>(+17 for winning)
|leave|Vanilla Vanish
|player|p1