|join|Vanilla Vanish
|join|Zuigia
|player|p1|Vanilla Vanish|266
|player|p2|Zuigia|124
|gametype|singles
|gen|6
|tier|OU
|clearpoke
|poke|p1|Gyarados, M
|poke|p1|Talonflame, M
|poke|p1|Excadrill, F
|poke|p1|Sableye, M
|poke|p1|Blissey, F
|poke|p1|Dragonite, F
|poke|p2|Noivern, M
|poke|p2|Venusaur, M
|poke|p2|Vaporeon, M
|poke|p2|Excadrill, M
|poke|p2|Conkeldurr, M
|poke|p2|Slowbro, M
|rule|Sleep Clause Mod: Limit one foe put to sleep
|rule|Species Clause: Limit one of each Pokemon
|rule|OHKO Clause: OHKO moves are banned
|rule|Moody Clause: Moody is banned
|rule|Evasion Moves Clause: Evasion moves are banned
|rule|Endless Battle Clause: Forcing endless battles is banned.
|rule|HP Percentage Mod: HP is reported as percentages
|teampreview
|chat|Vanilla Vanish|Your team is scary
|chat|Vanilla Vanish|:S
|chat|Zuigia|so is yours
|
|start
|switch|p1a: Sableye|Sableye, M|304\/304
|switch|p2a: Cinder Block|Conkeldurr, M|414\/414
|turn|1
|
|switch|p1a: Gyarados|Gyarados, M|341\/341
|-ability|p1a: Gyarados|Intimidate|[of] p2a: Cinder Block
|-unboost|p2a: Cinder Block|atk|1
|move|p2a: Cinder Block|Knock Off|p1a: Gyarados
|-damage|p1a: Gyarados|268\/341
|
|turn|2
|
|switch|p2a: Fast Bro|Slowbro, M|394\/394
|move|p1a: Gyarados|Earthquake|p2a: Fast Bro
|-damage|p2a: Fast Bro|298\/394
|
|turn|3
|
|switch|p1a: Blissey|Blissey, F|652\/652
|move|p2a: Fast Bro|Signal Beam|p1a: Blissey
|-crit|p1a: Blissey
|-damage|p1a: Blissey|588\/652
|
|turn|4
|
|switch|p2a: Rufus|Excadrill, M|367\/367
|-ability|p2a: Rufus|Mold Breaker
|move|p1a: Blissey|Charge Beam|p2a: Rufus
|-immune|p2a: Rufus|[msg]
|
|turn|5
|
|move|p2a: Rufus|Iron Head|p1a: Blissey
|-damage|p1a: Blissey|279\/652
|cant|p1a: Blissey|flinch
|
|turn|6
|
|switch|p1a: Sableye|Sableye, M|304\/304
|move|p2a: Rufus|Iron Head|p1a: Sableye
|-damage|p1a: Sableye|132\/304
|
|-heal|p1a: Sableye|151\/304|[from] item: Leftovers
|turn|7
|chat|Vanilla Vanish|b.b.
|
|switch|p2a: Cinder Block|Conkeldurr, M|414\/414
|move|p1a: Sableye|Will-O-Wisp|p2a: Cinder Block
|-status|p2a: Cinder Block|brn
|
|-heal|p1a: Sableye|170\/304|[from] item: Leftovers
|-damage|p2a: Cinder Block|363\/414 brn|[from] brn
|turn|8
|
|move|p1a: Sableye|Knock Off|p2a: Cinder Block
|-resisted|p2a: Cinder Block
|-damage|p2a: Cinder Block|324\/414 brn
|-enditem|p2a: Cinder Block|Assault Vest|[from] move: Knock Off|[of] p1a: Sableye
|move|p2a: Cinder Block|Knock Off|p1a: Sableye
|-damage|p1a: Sableye|0 fnt
|faint|p1a: Sableye
|
|-damage|p2a: Cinder Block|273\/414 brn|[from] brn
|
|switch|p1a: Talonflame|Talonflame, M|345\/345
|turn|9
|
|switch|p2a: Fast Bro|Slowbro, M|394\/394
|move|p1a: Talonflame|Brave Bird|p2a: Fast Bro
|-damage|p2a: Fast Bro|238\/394
|-damage|p1a: Talonflame|294\/345|[from] recoil|[of] p2a: Fast Bro
|
|turn|10
|
|switch|p1a: Blissey|Blissey, F|279\/652
|move|p2a: Fast Bro|Scald|p1a: Blissey
|-damage|p1a: Blissey|210\/652
|
|turn|11
|
|switch|p2a: Plantastic|Venusaur, M|364\/364
|move|p1a: Blissey|Soft-Boiled|p1a: Blissey
|-heal|p1a: Blissey|536\/652
|
|turn|12
|
|-formechange|p2a: Plantastic|Venusaur-Mega
|message|Venusaur has Mega Evolved into Mega Venusaur!
|move|p2a: Plantastic|Sleep Powder|p1a: Blissey|[miss]
|-miss|p2a: Plantastic|p1a: Blissey
|move|p1a: Blissey|Ice Beam|p2a: Plantastic
|-supereffective|p2a: Plantastic
|-damage|p2a: Plantastic|312\/364
|
|turn|13
|
|switch|p1a: Excadrill|Excadrill, F|423\/423
|-ability|p1a: Excadrill|Mold Breaker
|-item|p1a: Excadrill|Air Balloon
|move|p2a: Plantastic|Leech Seed|p1a: Excadrill
|-start|p1a: Excadrill|move: Leech Seed
|
|-damage|p1a: Excadrill|371\/423|[from] Leech Seed|[of] p2a: Plantastic
|-heal|p2a: Plantastic|364\/364|[silent]
|turn|14
|
|move|p1a: Excadrill|Rapid Spin|p2a: Plantastic
|-damage|p2a: Plantastic|350\/364
|-end|p1a: Excadrill|Leech Seed|[from] move: Rapid Spin|[of] p1a: Excadrill
|move|p2a: Plantastic|Giga Drain|p1a: Excadrill
|-crit|p1a: Excadrill
|-damage|p1a: Excadrill|214\/423
|-heal|p2a: Plantastic|364\/364|[from] drain|[of] p1a: Excadrill
|-enditem|p1a: Excadrill|Air Balloon
|
|turn|15
|
|move|p1a: Excadrill|Earthquake|p2a: Plantastic
|-damage|p2a: Plantastic|261\/364
|move|p2a: Plantastic|Sleep Powder|p1a: Excadrill
|-status|p1a: Excadrill|slp
|
|turn|16
|
|switch|p1a: Dragonite|Dragonite, F|323\/323
|move|p2a: Plantastic|Leech Seed|p1a: Dragonite
|-start|p1a: Dragonite|move: Leech Seed
|
|-damage|p1a: Dragonite|283\/323|[from] Leech Seed|[of] p2a: Plantastic
|-heal|p2a: Plantastic|301\/364|[silent]
|turn|17
|
|switch|p2a: Rufus|Excadrill, M|367\/367
|-ability|p2a: Rufus|Mold Breaker
|move|p1a: Dragonite|Draco Meteor|p2a: Rufus
|-resisted|p2a: Rufus
|-damage|p2a: Rufus|215\/367
|-unboost|p1a: Dragonite|spa|2
|
|-damage|p1a: Dragonite|243\/323|[from] Leech Seed|[of] p2a: Rufus
|-heal|p2a: Rufus|255\/367|[silent]
|turn|18
|chat|Zuigia|ooops
|
|switch|p2a: Fast Bro|Slowbro, M|369\/394
|switch|p1a: Gyarados|Gyarados, M|268\/341
|-ability|p1a: Gyarados|Intimidate|[of] p2a: Fast Bro
|-unboost|p2a: Fast Bro|atk|1
|
|turn|19
|join|webby2120
|
|move|p1a: Gyarados|Substitute|p1a: Gyarados
|-start|p1a: Gyarados|Substitute
|-damage|p1a: Gyarados|183\/341
|move|p2a: Fast Bro|Scald|p1a: Gyarados
|-resisted|p1a: Gyarados
|-activate|p1a: Gyarados|Substitute|[damage]
|
|turn|20
|chat|Zuigia|dammit balls
|
|move|p1a: Gyarados|Dragon Dance|p1a: Gyarados
|-boost|p1a: Gyarados|atk|1
|-boost|p1a: Gyarados|spe|1
|move|p2a: Fast Bro|Scald|p1a: Gyarados
|-resisted|p1a: Gyarados
|-end|p1a: Gyarados|Substitute
|
|turn|21
|
|move|p1a: Gyarados|Dragon Dance|p1a: Gyarados
|-boost|p1a: Gyarados|atk|1
|-boost|p1a: Gyarados|spe|1
|move|p2a: Fast Bro|Signal Beam|p1a: Gyarados
|-resisted|p1a: Gyarados
|-damage|p1a: Gyarados|155\/341
|
|turn|22
|
|move|p1a: Gyarados|Substitute|p1a: Gyarados
|-start|p1a: Gyarados|Substitute
|-damage|p1a: Gyarados|70\/341
|move|p2a: Fast Bro|Scald|p1a: Gyarados
|-resisted|p1a: Gyarados
|-activate|p1a: Gyarados|Substitute|[damage]
|
|turn|23
|
|-formechange|p1a: Gyarados|Gyarados-Mega
|message|Gyarados has Mega Evolved into Mega Gyarados!
|-ability|p1a: Gyarados|Mold Breaker
|move|p1a: Gyarados|Earthquake|p2a: Fast Bro
|-damage|p2a: Fast Bro|163\/394
|move|p2a: Fast Bro|Scald|p1a: Gyarados
|-resisted|p1a: Gyarados
|-activate|p1a: Gyarados|Substitute|[damage]
|
|turn|24
|chat|Vanilla Vanish|that was a scary scald :S
|chat|Vanilla Vanish|My precious sub
|chat|Zuigia|fuck balls garrrr
|chat|Vanilla Vanish|Gyarados is best pokemon :D
|
|switch|p2a: Plantastic|Venusaur, M|301\/364
|-formechange|p2a: Plantastic|Venusaur-Mega
|move|p1a: Gyarados|Earthquake|p2a: Plantastic
|-damage|p2a: Plantastic|100\/364
|
|turn|25
|
|move|p1a: Gyarados|Earthquake|p2a: Plantastic
|-damage|p2a: Plantastic|0 fnt
|faint|p2a: Plantastic
|
|
|switch|p2a: Bubbles|Vaporeon, M|401\/401
|turn|26
|join|Sunny Mayo
|
|move|p1a: Gyarados|Earthquake|p2a: Bubbles
|-damage|p2a: Bubbles|0 fnt
|faint|p2a: Bubbles
|
|chat|Zuigia|fucking
|
|switch|p2a: Sir Fluffington|Noivern, M|312\/312
|turn|27
|chat|Vanilla Vanish|Wooahhhhh
|
|move|p1a: Gyarados|Waterfall|p2a: Sir Fluffington
|-resisted|p2a: Sir Fluffington
|-damage|p2a: Sir Fluffington|114\/312
|move|p2a: Sir Fluffington|Draco Meteor|p1a: Gyarados
|-damage|p1a: Gyarados|0 fnt
|-unboost|p2a: Sir Fluffington|spa|2
|-damage|p2a: Sir Fluffington|83\/312|[from] item: Life Orb
|faint|p1a: Gyarados
|
|
|switch|p1a: Talonflame|Talonflame, M|294\/345
|turn|28
|chat|Zuigia|my team ;(
|
|switch|p2a: Fast Bro|Slowbro, M|294\/394
|move|p1a: Talonflame|Brave Bird|p2a: Fast Bro
|-damage|p2a: Fast Bro|137\/394
|-damage|p1a: Talonflame|242\/345|[from] recoil|[of] p2a: Fast Bro
|
|turn|29
|chat|Vanilla Vanish|Needed to Noivern eariler
|
|switch|p2a: Rufus|Excadrill, M|255\/367
|-ability|p2a: Rufus|Mold Breaker
|move|p1a: Talonflame|Brave Bird|p2a: Rufus
|-resisted|p2a: Rufus
|-damage|p2a: Rufus|87\/367
|-damage|p1a: Talonflame|187\/345|[from] recoil|[of] p2a: Rufus
|
|turn|30
|
|move|p1a: Talonflame|Brave Bird|p2a: Rufus
|-resisted|p2a: Rufus
|-damage|p2a: Rufus|0 fnt
|-damage|p1a: Talonflame|158\/345|[from] recoil|[of] p2a: Rufus
|faint|p2a: Rufus
|
|
|switch|p2a: Fast Bro|Slowbro, M|268\/394
|turn|31
|
|switch|p1a: Blissey|Blissey, F|536\/652
|move|p2a: Fast Bro|Scald|p1a: Blissey
|-damage|p1a: Blissey|472\/652
|
|turn|32
|chat|Sunny Mayo|Brave Bird so stronggg.
|
|move|p1a: Blissey|Soft-Boiled|p1a: Blissey
|-heal|p1a: Blissey|652\/652
|move|p2a: Fast Bro|Scald|p1a: Blissey
|-damage|p1a: Blissey|589\/652
|-status|p1a: Blissey|brn
|
|-damage|p1a: Blissey|508\/652 brn|[from] brn
|turn|33
|
|switch|p2a: Cinder Block|Conkeldurr, M|273\/414 brn
|move|p1a: Blissey|Charge Beam|p2a: Cinder Block
|-damage|p2a: Cinder Block|208\/414 brn
|-boost|p1a: Blissey|spa|1
|
|-damage|p1a: Blissey|427\/652 brn|[from] brn
|-damage|p2a: Cinder Block|157\/414 brn|[from] brn
|turn|34
|
|move|p2a: Cinder Block|Drain Punch|p1a: Blissey
|-supereffective|p1a: Blissey
|-enditem|p1a: Blissey|Chople Berry|[eat]
|-damage|p1a: Blissey|0 fnt
|-heal|p2a: Cinder Block|371\/414 brn|[from] drain|[of] p1a: Blissey
|faint|p1a: Blissey
|
|-damage|p2a: Cinder Block|320\/414 brn|[from] brn
|chat|Vanilla Vanish|fuck
|chat|Sunny Mayo|HAHAHA
|
|switch|p1a: Talonflame|Talonflame, M|158\/345
|turn|35
|chat|Zuigia|woooo conk
|chat|Sunny Mayo|No counter :(
|
|switch|p2a: Fast Bro|Slowbro, M|394\/394
|move|p1a: Talonflame|Swords Dance|p1a: Talonflame
|-boost|p1a: Talonflame|atk|2
|
|turn|36
|chat|Zuigia|fuckfuckfuckfuckfuck
|
|switch|p1a: Dragonite|Dragonite, F|243\/323
|move|p2a: Fast Bro|Scald|p1a: Dragonite
|-resisted|p1a: Dragonite
|-damage|p1a: Dragonite|194\/323
|
|turn|37
|
|move|p1a: Dragonite|Draco Meteor|p2a: Fast Bro
|-damage|p2a: Fast Bro|249\/394
|-unboost|p1a: Dragonite|spa|2
|move|p2a: Fast Bro|Ice Beam|p1a: Dragonite
|-supereffective|p1a: Dragonite
|-damage|p1a: Dragonite|0 fnt
|faint|p1a: Dragonite
|
|
|switch|p1a: Excadrill|Excadrill, F|214\/423 slp
|-ability|p1a: Excadrill|Mold Breaker
|turn|38
|
|cant|p1a: Excadrill|slp
|move|p2a: Fast Bro|Scald|p1a: Excadrill
|-supereffective|p1a: Excadrill
|-damage|p1a: Excadrill|26\/423 slp
|
|turn|39
|
|cant|p1a: Excadrill|slp
|move|p2a: Fast Bro|Scald|p1a: Excadrill
|-supereffective|p1a: Excadrill
|-damage|p1a: Excadrill|0 fnt
|faint|p1a: Excadrill
|
|chat|Vanilla Vanish|gg
|
|switch|p1a: Talonflame|Talonflame, M|158\/345
|turn|40
|chat|Zuigia|so luck
|
|switch|p2a: Cinder Block|Conkeldurr, M|320\/414 brn
|move|p1a: Talonflame|Roost|p1a: Talonflame
|-heal|p1a: Talonflame|331\/345
|
|-damage|p2a: Cinder Block|269\/414 brn|[from] brn
|turn|41
|chat|Zuigia|much wow
|
|move|p1a: Talonflame|Brave Bird|p2a: Cinder Block
|-supereffective|p2a: Cinder Block
|-damage|p2a: Cinder Block|0 fnt
|-damage|p1a: Talonflame|242\/345|[from] recoil|[of] p2a: Cinder Block
|faint|p2a: Cinder Block
|
|
|switch|p2a: Fast Bro|Slowbro, M|380\/394
|turn|42
|
|move|p1a: Talonflame|Swords Dance|p1a: Talonflame
|-boost|p1a: Talonflame|atk|2
|move|p2a: Fast Bro|Scald|p1a: Talonflame
|-supereffective|p1a: Talonflame
|-damage|p1a: Talonflame|0 fnt
|faint|p1a: Talonflame
|
|win|Zuigia
|chat|Zuigia|gg mate
|leave|Vanilla Vanish
|player|p1
|chat|Zuigia|dammit slowbro you scary
|leave|Zuigia
|player|p2
|leave|Sunny Mayo
|join|Zuigia
|leave|webby2120
|leave|Zuigia
|join|Zuigia