|join|BIG ARBOCK
|join|Reverb
|player|p1|BIG ARBOCK|161
|player|p2|Reverb|#reverb
|gametype|singles
|gen|6
|tier|OU
|rated
|clearpoke
|poke|p1|Latias, F
|poke|p1|Politoed, F
|poke|p1|Kingdra, M
|poke|p1|Ferrothorn, M
|poke|p1|Tornadus-Therian, M
|poke|p1|Thundurus-Therian, M
|poke|p2|Empoleon, F
|poke|p2|Tyranitar, M
|poke|p2|Charizard, F
|poke|p2|Keldeo
|poke|p2|Tangrowth, M
|poke|p2|Landorus-Therian, M
|rule|Swagger Clause: Swagger is banned
|rule|Baton Pass Clause: Limit one PokÃ©mon knowing Baton Pass
|rule|Sleep Clause Mod: Limit one foe put to sleep
|rule|Species Clause: Limit one of each PokÃ©mon
|rule|OHKO Clause: OHKO moves are banned
|rule|Moody Clause: Moody is banned
|rule|Evasion Moves Clause: Evasion moves are banned
|rule|Endless Battle Clause: Forcing endless battles is banned
|rule|HP Percentage Mod: HP is shown in percentages
|teampreview
|c|âBIG ARBOCK|uhh i'm not gonna win this
|c|âBIG ARBOCK|lol
|join|Outrageous Fortune
|join|Cienight
|c|âReverb|hf
|c| Cienight|?
|c|âBIG ARBOCK|gl
|c| Cienight|reverb is weak af
|
|start
|switch|p1a: Tornadus-Therian|Tornadus-Therian, M|299\/299
|switch|p2a: Landorus-Therian|Landorus-Therian, M|327\/327
|-ability|p2a: Landorus-Therian|Intimidate|[of] p1a: Tornadus-Therian
|-unboost|p1a: Tornadus-Therian|atk|1
|turn|1
|c| Cienight|GO FOR IT
|join|Escavalier
|
|switch|p1a: Ferrothorn|Ferrothorn, M|352\/352
|move|p2a: Landorus-Therian|U-turn|p1a: Ferrothorn
|-damage|p1a: Ferrothorn|282\/352
|-damage|p2a: Landorus-Therian|287\/327|[from] ability: Iron Barbs|[of] p1a: Ferrothorn
|c| Outrageous Fortune|you have
|c| Outrageous Fortune|the
|c| Outrageous Fortune|TANG
|
|switch|p2a: Charizard|Charizard, F|297\/297
|
|-heal|p1a: Ferrothorn|304\/352|[from] item: Leftovers
|turn|2
|join|I Iike Squirtles
|c| Escavalier|he isnt saying he wont win because its reverb
|c|âBIG ARBOCK|and the team
|
|switch|p2a: Tyranitar|Tyranitar, M|383\/383
|-weather|Sandstorm
|switch|p1a: Politoed|Politoed, F|383\/383
|-weather|RainDance
|
|-weather|RainDance|[upkeep]
|turn|3
|c| Escavalier|hes saying hewont win because yzard tar tang empo keld
|c| Escavalier|is practically a ct
|c| Outrageous Fortune|no just
|
|switch|p1a: Ferrothorn|Ferrothorn, M|304\/352
|switch|p2a: Empoleon|Empoleon, F|371\/371
|
|-weather|RainDance|[upkeep]
|-heal|p1a: Ferrothorn|326\/352|[from] item: Leftovers
|turn|4
|c| Outrageous Fortune|tang
|
|move|p2a: Empoleon|Scald|p1a: Ferrothorn
|-resisted|p1a: Ferrothorn
|-damage|p1a: Ferrothorn|270\/352
|-status|p1a: Ferrothorn|brn
|move|p1a: Ferrothorn|Stealth Rock|p2a: Empoleon
|-sidestart|p2: Reverb|move: Stealth Rock
|
|-weather|RainDance|[upkeep]
|-heal|p1a: Ferrothorn|292\/352 brn|[from] item: Leftovers
|-damage|p1a: Ferrothorn|248\/352 brn|[from] brn
|turn|5
|
|move|p2a: Empoleon|Defog|p1a: Ferrothorn
|-unboost|p1a: Ferrothorn|evasion|1
|-sideend|p2: Reverb|Stealth Rock|[from] move: Defog|[of] p2a: Empoleon
|move|p1a: Ferrothorn|Leech Seed|p2a: Empoleon
|-start|p2a: Empoleon|move: Leech Seed
|
|-weather|RainDance|[upkeep]
|-heal|p1a: Ferrothorn|270\/352 brn|[from] item: Leftovers
|-damage|p2a: Empoleon|325\/371|[from] Leech Seed|[of] p1a: Ferrothorn
|-heal|p1a: Ferrothorn|316\/352 brn|[silent]
|-damage|p1a: Ferrothorn|272\/352 brn|[from] brn
|turn|6
|
|move|p2a: Empoleon|Stealth Rock|p1a: Ferrothorn
|-sidestart|p1: BIG ARBOCK|move: Stealth Rock
|move|p1a: Ferrothorn|Stealth Rock|p2a: Empoleon
|-sidestart|p2: Reverb|move: Stealth Rock
|
|-weather|RainDance|[upkeep]
|-heal|p2a: Empoleon|348\/371|[from] item: Leftovers
|-heal|p1a: Ferrothorn|294\/352 brn|[from] item: Leftovers
|-damage|p2a: Empoleon|302\/371|[from] Leech Seed|[of] p1a: Ferrothorn
|-heal|p1a: Ferrothorn|340\/352 brn|[silent]
|-damage|p1a: Ferrothorn|296\/352 brn|[from] brn
|turn|7
|
|move|p1a: Ferrothorn|Power Whip|p2a: Empoleon
|-damage|p2a: Empoleon|248\/371
|move|p2a: Empoleon|Roar|p1a: Ferrothorn
|drag|p1a: Latias|Latias, F|304\/304
|-damage|p1a: Latias|266\/304|[from] Stealth Rock
|
|-weather|RainDance|[upkeep]
|-heal|p2a: Empoleon|271\/371|[from] item: Leftovers
|-damage|p2a: Empoleon|225\/371|[from] Leech Seed|[of] p1a: Latias
|-heal|p1a: Latias|304\/304|[silent]
|turn|8
|
|switch|p1a: Ferrothorn|Ferrothorn, M|296\/352 brn
|-damage|p1a: Ferrothorn|274\/352 brn|[from] Stealth Rock
|switch|p2a: Tyranitar|Tyranitar, M|383\/383
|-damage|p2a: Tyranitar|336\/383|[from] Stealth Rock
|-weather|Sandstorm
|
|-weather|Sandstorm|[upkeep]
|-heal|p1a: Ferrothorn|296\/352 brn|[from] item: Leftovers
|-damage|p1a: Ferrothorn|252\/352 brn|[from] brn
|turn|9
|
|move|p2a: Tyranitar|Superpower|p1a: Ferrothorn
|-supereffective|p1a: Ferrothorn
|-damage|p1a: Ferrothorn|0 fnt
|-damage|p2a: Tyranitar|289\/383|[from] ability: Iron Barbs|[of] p1a: Ferrothorn
|-unboost|p2a: Tyranitar|atk|1
|-unboost|p2a: Tyranitar|def|1
|faint|p1a: Ferrothorn
|
|-weather|Sandstorm|[upkeep]
|join|The TurtleLord
|
|switch|p1a: Tornadus-Therian|Tornadus-Therian, M|299\/299
|-damage|p1a: Tornadus-Therian|225\/299|[from] Stealth Rock
|turn|10
|
|switch|p2a: Landorus-Therian|Landorus-Therian, M|287\/327
|-damage|p2a: Landorus-Therian|247\/327|[from] Stealth Rock
|-ability|p2a: Landorus-Therian|Intimidate|[of] p1a: Tornadus-Therian
|-unboost|p1a: Tornadus-Therian|atk|1
|move|p1a: Tornadus-Therian|U-turn|p2a: Landorus-Therian
|-resisted|p2a: Landorus-Therian
|-damage|p2a: Landorus-Therian|217\/327
|-damage|p1a: Tornadus-Therian|196\/299|[from] item: Life Orb
|c| Cienight|why not hurricane
|
|switch|p1a: Latias|Latias, F|304\/304
|-damage|p1a: Latias|266\/304|[from] Stealth Rock
|
|-weather|Sandstorm|[upkeep]
|-damage|p1a: Latias|247\/304|[from] sandstorm
|turn|11
|c| Cienight|it was a free kill
|c|âBIG ARBOCK|hurricane under sand
|c|âBIG ARBOCK|is 50%
|c|âReverb|empoleon?
|c| Cienight|its
|c| Escavalier|is still 70%
|c| Cienight|sun
|c|âReverb|are you sure it is
|c| Escavalier|lol
|c| Cienight|not sand
|c|âReverb|lol
|c|âBIG ARBOCK|o
|
|detailschange|p1a: Latias|Latias-Mega, F
|-mega|p1a: Latias|Latias|Latiasite
|move|p2a: Landorus-Therian|U-turn|p1a: Latias
|-supereffective|p1a: Latias
|-damage|p1a: Latias|97\/304
|
|switch|p2a: Tangrowth|Tangrowth, M|404\/404
|-damage|p2a: Tangrowth|354\/404|[from] Stealth Rock
|move|p1a: Latias|Dragon Pulse|p2a: Tangrowth
|-crit|p2a: Tangrowth
|-damage|p2a: Tangrowth|185\/404
|
|-weather|Sandstorm|[upkeep]
|-damage|p1a: Latias|78\/304|[from] sandstorm
|-damage|p2a: Tangrowth|160\/404|[from] sandstorm
|turn|12
|c| Escavalier|lol bro u need more bulk on that shit
|c| Cienight|holy shit
|c|âBIG ARBOCK|idk for the sprread yet
|c| Cienight|42
|c| Escavalier|lando-t usually does like 30% to mlati
|c| Escavalier|with uturn
|c|âBIG ARBOCK|but it's full atk spÃ© there
|
|switch|p1a: Tornadus-Therian|Tornadus-Therian, M|295\/299
|-damage|p1a: Tornadus-Therian|221\/299|[from] Stealth Rock
|switch|p2a: Empoleon|Empoleon, F|225\/371
|-damage|p2a: Empoleon|202\/371|[from] Stealth Rock
|
|-weather|none
|-heal|p2a: Empoleon|225\/371|[from] item: Leftovers
|turn|13
|c| Escavalier|wow rlly
|c|âBIG ARBOCK|yeah just to see what i need
|
|switch|p2a: Landorus-Therian|Landorus-Therian, M|217\/327
|-damage|p2a: Landorus-Therian|177\/327|[from] Stealth Rock
|-ability|p2a: Landorus-Therian|Intimidate|[of] p1a: Tornadus-Therian
|-unboost|p1a: Tornadus-Therian|atk|1
|move|p1a: Tornadus-Therian|Superpower|p2a: Landorus-Therian
|-resisted|p2a: Landorus-Therian
|-damage|p2a: Landorus-Therian|128\/327
|-unboost|p1a: Tornadus-Therian|atk|1
|-unboost|p1a: Tornadus-Therian|def|1
|-damage|p1a: Tornadus-Therian|192\/299|[from] item: Life Orb
|
|turn|14
|
|switch|p1a: Latias|Latias-Mega, F|78\/304
|-damage|p1a: Latias|40\/304|[from] Stealth Rock
|move|p2a: Landorus-Therian|Stone Edge|p1a: Latias|[miss]
|-miss|p2a: Landorus-Therian|p1a: Latias
|
|turn|15
|
|move|p2a: Landorus-Therian|Stone Edge|p1a: Latias|[miss]
|-miss|p2a: Landorus-Therian|p1a: Latias
|move|p1a: Latias|Dragon Pulse|p2a: Landorus-Therian
|-damage|p2a: Landorus-Therian|0 fnt
|faint|p2a: Landorus-Therian
|
|c|âBIG ARBOCK|wow
|
|switch|p2a: Empoleon|Empoleon, F|225\/371
|-damage|p2a: Empoleon|202\/371|[from] Stealth Rock
|turn|16
|
|switch|p1a: Thundurus-Therian|Thundurus-Therian, M|299\/299
|-damage|p1a: Thundurus-Therian|225\/299|[from] Stealth Rock
|move|p2a: Empoleon|Defog|p1a: Thundurus-Therian
|-unboost|p1a: Thundurus-Therian|evasion|1
|-sideend|p1: BIG ARBOCK|Stealth Rock|[from] move: Defog|[of] p1a: Thundurus-Therian
|-sideend|p2: Reverb|Stealth Rock|[from] move: Defog|[of] p2a: Empoleon
|
|-heal|p1a: Thundurus-Therian|243\/299|[from] item: Leftovers
|-heal|p2a: Empoleon|225\/371|[from] item: Leftovers
|turn|17
|
|switch|p2a: Tangrowth|Tangrowth, M|294\/404
|move|p1a: Thundurus-Therian|Nasty Plot|p1a: Thundurus-Therian
|-boost|p1a: Thundurus-Therian|spa|2
|
|-heal|p1a: Thundurus-Therian|261\/299|[from] item: Leftovers
|turn|18
|
|switch|p2a: Empoleon|Empoleon, F|225\/371
|move|p1a: Thundurus-Therian|Nasty Plot|p1a: Thundurus-Therian
|-boost|p1a: Thundurus-Therian|spa|2
|
|-heal|p1a: Thundurus-Therian|279\/299|[from] item: Leftovers
|-heal|p2a: Empoleon|248\/371|[from] item: Leftovers
|turn|19
|
|move|p1a: Thundurus-Therian|Thunder|p2a: Empoleon
|-supereffective|p2a: Empoleon
|-damage|p2a: Empoleon|0 fnt
|faint|p2a: Empoleon
|
|-heal|p1a: Thundurus-Therian|297\/299|[from] item: Leftovers
|
|switch|p2a: Keldeo|Keldeo|323\/323
|turn|20
|c| Escavalier|disappointing
|c| Escavalier|no dodge
|join|Alvadora
|c|âReverb|this is where lando would have been nice
|c|âBIG ARBOCK|:\/
|
|move|p2a: Keldeo|Hydro Pump|p1a: Thundurus-Therian
|-damage|p1a: Thundurus-Therian|0 fnt
|faint|p1a: Thundurus-Therian
|
|
|switch|p1a: Politoed|Politoed, F|383\/383
|-weather|RainDance
|turn|21
|
|switch|p2a: Tangrowth|Tangrowth, M|404\/404
|move|p1a: Politoed|Toxic|p2a: Tangrowth
|-status|p2a: Tangrowth|tox
|
|-weather|RainDance|[upkeep]
|-damage|p2a: Tangrowth|379\/404 tox|[from] psn
|turn|22
|
|switch|p1a: Tornadus-Therian|Tornadus-Therian, M|291\/299
|move|p2a: Tangrowth|Knock Off|p1a: Tornadus-Therian
|-damage|p1a: Tornadus-Therian|203\/299
|-enditem|p1a: Tornadus-Therian|Life Orb|[from] move: Knock Off|[of] p2a: Tangrowth
|
|-weather|RainDance|[upkeep]
|-damage|p2a: Tangrowth|329\/404 tox|[from] psn
|turn|23
|c| Escavalier|,rnvsb f
|c| Escavalier|WHY
|c| The TurtleLord|lmao
|join|Bloodz
|
|switch|p2a: Tyranitar|Tyranitar, M|289\/383
|-weather|Sandstorm
|move|p1a: Tornadus-Therian|Hurricane|p2a: Tyranitar
|-resisted|p2a: Tyranitar
|-damage|p2a: Tyranitar|232\/383
|
|-weather|Sandstorm|[upkeep]
|-damage|p1a: Tornadus-Therian|185\/299|[from] sandstorm
|turn|24
|
|switch|p2a: Charizard|Charizard, F|297\/297
|move|p1a: Tornadus-Therian|Superpower|p2a: Charizard
|-resisted|p2a: Charizard
|-damage|p2a: Charizard|233\/297
|-unboost|p1a: Tornadus-Therian|atk|1
|-unboost|p1a: Tornadus-Therian|def|1
|
|-weather|Sandstorm|[upkeep]
|-damage|p1a: Tornadus-Therian|167\/299|[from] sandstorm
|-damage|p2a: Charizard|215\/297|[from] sandstorm
|turn|25
|
|detailschange|p2a: Charizard|Charizard-Mega-Y, F
|-mega|p2a: Charizard|Charizard|Charizardite Y
|-weather|SunnyDay
|move|p1a: Tornadus-Therian|U-turn|p2a: Charizard
|-resisted|p2a: Charizard
|-damage|p2a: Charizard|202\/297
|
|switch|p1a: Politoed|Politoed, F|383\/383
|-weather|RainDance
|move|p2a: Charizard|Flamethrower|p1a: Politoed
|-resisted|p1a: Politoed
|-damage|p1a: Politoed|341\/383
|
|-weather|RainDance|[upkeep]
|turn|26
|
|switch|p2a: Keldeo|Keldeo|323\/323
|move|p1a: Politoed|Scald|p2a: Keldeo
|-resisted|p2a: Keldeo
|-damage|p2a: Keldeo|259\/323
|
|-weather|RainDance|[upkeep]
|turn|27
|
|move|p2a: Keldeo|Secret Sword|p1a: Politoed
|-damage|p1a: Politoed|74\/383
|move|p1a: Politoed|Toxic|p2a: Keldeo
|-status|p2a: Keldeo|tox
|
|-weather|RainDance|[upkeep]
|-damage|p2a: Keldeo|239\/323 tox|[from] psn
|turn|28
|
|switch|p2a: Charizard|Charizard-Mega-Y, F|202\/297
|-weather|SunnyDay
|switch|p1a: Latias|Latias-Mega, F|40\/304
|
|-weather|SunnyDay|[upkeep]
|turn|29
|c| Escavalier|yes let ur weather starter into pursuit range
|
|switch|p2a: Tyranitar|Tyranitar, M|232\/383
|-weather|Sandstorm
|move|p1a: Latias|Psyshock|p2a: Tyranitar
|-immune|p2a: Tyranitar|[msg]
|
|-weather|Sandstorm|[upkeep]
|-damage|p1a: Latias|21\/304|[from] sandstorm
|turn|30
|
|move|p1a: Latias|Hidden Power|p2a: Tyranitar
|-supereffective|p2a: Tyranitar
|-damage|p2a: Tyranitar|32\/383
|move|p2a: Tyranitar|Pursuit|p1a: Latias
|-supereffective|p1a: Latias
|-damage|p1a: Latias|0 fnt
|faint|p1a: Latias
|
|-weather|Sandstorm|[upkeep]
|
|switch|p1a: Politoed|Politoed, F|74\/383
|-weather|RainDance
|turn|31
|
|move|p1a: Politoed|Scald|p2a: Tyranitar
|-crit|p2a: Tyranitar
|-supereffective|p2a: Tyranitar
|-damage|p2a: Tyranitar|0 fnt
|faint|p2a: Tyranitar
|
|-weather|RainDance|[upkeep]
|c| Escavalier|LOL UM
|c| Escavalier|o u run speed
|c|âBIG ARBOCK|a bit
|
|switch|p2a: Keldeo|Keldeo|239\/323 tox
|turn|32
|
|switch|p1a: Kingdra|Kingdra, M|291\/291
|move|p2a: Keldeo|Scald|p1a: Kingdra
|-resisted|p1a: Kingdra
|-damage|p1a: Kingdra|201\/291
|-status|p1a: Kingdra|brn
|
|-weather|RainDance|[upkeep]
|-damage|p1a: Kingdra|165\/291 brn|[from] brn
|-damage|p2a: Keldeo|219\/323 tox|[from] psn
|turn|33
|
|switch|p2a: Tangrowth|Tangrowth, M|404\/404 tox
|move|p1a: Kingdra|Draco Meteor|p2a: Tangrowth
|-crit|p2a: Tangrowth
|-damage|p2a: Tangrowth|59\/404 tox
|-unboost|p1a: Kingdra|spa|2
|
|-weather|RainDance|[upkeep]
|-damage|p1a: Kingdra|129\/291 brn|[from] brn
|-damage|p2a: Tangrowth|34\/404 tox|[from] psn
|turn|34
|
|switch|p1a: Tornadus-Therian|Tornadus-Therian, M|266\/299
|switch|p2a: Charizard|Charizard-Mega-Y, F|202\/297
|-weather|SunnyDay
|
|-weather|SunnyDay|[upkeep]
|turn|35
|c| Escavalier|lucky ass players o.o
|c|âBIG ARBOCK|yeah
|
|switch|p1a: Politoed|Politoed, F|74\/383
|-weather|RainDance
|move|p2a: Charizard|Flamethrower|p1a: Politoed
|-resisted|p1a: Politoed
|-damage|p1a: Politoed|32\/383
|
|-weather|RainDance|[upkeep]
|turn|36
|
|switch|p1a: Tornadus-Therian|Tornadus-Therian, M|299\/299
|move|p2a: Charizard|Flamethrower|p1a: Tornadus-Therian
|-damage|p1a: Tornadus-Therian|178\/299
|
|-weather|RainDance|[upkeep]
|turn|37
|
|switch|p2a: Tangrowth|Tangrowth, M|168\/404 tox
|move|p1a: Tornadus-Therian|Hurricane|p2a: Tangrowth
|-supereffective|p2a: Tangrowth
|-damage|p2a: Tangrowth|0 fnt
|faint|p2a: Tangrowth
|
|-weather|RainDance|[upkeep]
|
|switch|p2a: Charizard|Charizard-Mega-Y, F|202\/297
|-weather|SunnyDay
|turn|38
|
|move|p1a: Tornadus-Therian|U-turn|p2a: Charizard
|-resisted|p2a: Charizard
|-damage|p2a: Charizard|180\/297
|
|switch|p1a: Politoed|Politoed, F|32\/383
|-weather|RainDance
|move|p2a: Charizard|Flamethrower|p1a: Politoed
|-resisted|p1a: Politoed
|-damage|p1a: Politoed|0 fnt
|faint|p1a: Politoed
|
|-weather|RainDance|[upkeep]
|c| Escavalier|...
|c| Outrageous Fortune|watch this become aliteral 50\/50
|c| Escavalier|u just choked
|
|switch|p1a: Tornadus-Therian|Tornadus-Therian, M|277\/299
|turn|39
|c| Escavalier|LOL
|
|switch|p2a: Keldeo|Keldeo|219\/323 tox
|move|p1a: Tornadus-Therian|Hurricane|p2a: Keldeo
|-supereffective|p2a: Keldeo
|-damage|p2a: Keldeo|0 fnt
|faint|p2a: Keldeo
|
|-weather|RainDance|[upkeep]
|c| Escavalier|ur only play was sacking kingdra
|
|switch|p2a: Charizard|Charizard-Mega-Y, F|180\/297
|-weather|SunnyDay
|turn|40
|
|move|p1a: Tornadus-Therian|U-turn|p2a: Charizard
|-resisted|p2a: Charizard
|-damage|p2a: Charizard|158\/297
|c| Escavalier|then going to poli then doubling to torn
|
|switch|p1a: Kingdra|Kingdra, M|129\/291 brn
|move|p2a: Charizard|Flamethrower|p1a: Kingdra
|-resisted|p1a: Kingdra
|-damage|p1a: Kingdra|53\/291 brn
|
|-weather|SunnyDay|[upkeep]
|-damage|p1a: Kingdra|17\/291 brn|[from] brn
|turn|41
|
|move|p2a: Charizard|Flamethrower|p1a: Kingdra
|-resisted|p1a: Kingdra
|-damage|p1a: Kingdra|0 fnt
|faint|p1a: Kingdra
|
|-weather|SunnyDay|[upkeep]
|c|âReverb|he can win
|
|switch|p1a: Tornadus-Therian|Tornadus-Therian, M|299\/299
|turn|42
|c|âReverb|if he hits
|c|âReverb|and gets a max roll
|c| Outrageous Fortune|literal
|c| Outrageous Fortune|50\/50
|
|move|p1a: Tornadus-Therian|Hurricane|p2a: Charizard|[miss]
|-miss|p1a: Tornadus-Therian|p2a: Charizard
|move|p2a: Charizard|Flamethrower|p1a: Tornadus-Therian
|-damage|p1a: Tornadus-Therian|0 fnt
|faint|p1a: Tornadus-Therian
|
|win|Reverb
|raw|Ladder updating...
|raw|BIG ARBOCK's rating: 1662 &rarr; <strong>1644<\/strong><br \/>(-18 for losing)
|raw|Reverb's rating: 1691 &rarr; <strong>1709<\/strong><br \/>(+18 for winning)
|c| Outrageous Fortune|well almmost
|c|âBIG ARBOCK|aww
|c|âReverb|gg
|c| Escavalier|lol that was
|c|âBIG ARBOCK|gg
|c| Escavalier|the biggest choke
|c|âBIG ARBOCK|i wasnt winning
|leave|Outrageous Fortune
|c|âReverb|216 SpA Tornadus-T Hurricane vs. 0 HP \/ 0 SpD Mega Charizard Y: 138-163 (46.4 - 54.8%) -- 63.7% chance to 2HKO
|leave|Escavalier
|join|Escavalier