|join|See TC
|join|p3ds
|player|p1|See TC|184
|player|p2|p3ds|31
|gametype|singles
|gen|6
|tier|OU
|rated
|clearpoke
|poke|p1|Moltres
|poke|p1|Donphan, M
|poke|p1|Registeel
|poke|p1|Hydreigon, F
|poke|p1|Sableye, F
|poke|p1|Ditto
|poke|p2|Pidgeot, M
|poke|p2|Dugtrio, F
|poke|p2|Latias, F
|poke|p2|Keldeo-Resolute
|poke|p2|Scizor, M
|poke|p2|Talonflame, F
|rule|Swagger Clause: Swagger is banned
|rule|Baton Pass Clause: Limit one PokÃ©mon knowing Baton Pass
|rule|Sleep Clause Mod: Limit one foe put to sleep
|rule|Species Clause: Limit one of each PokÃ©mon
|rule|OHKO Clause: OHKO moves are banned
|rule|Moody Clause: Moody is banned
|rule|Evasion Moves Clause: Evasion moves are banned
|rule|Endless Battle Clause: Forcing endless battles is banned
|rule|HP Percentage Mod: HP is shown in percentages
|teampreview
|
|start
|switch|p1a: Moltres|Moltres|321\/321
|switch|p2a: Keldeo-Resolute|Keldeo-Resolute|324\/324
|-ability|p1a: Moltres|Pressure
|turn|1
|
|move|p1a: Moltres|Hurricane|p2a: Keldeo-Resolute
|-supereffective|p2a: Keldeo-Resolute
|-damage|p2a: Keldeo-Resolute|0 fnt
|faint|p2a: Keldeo-Resolute
|
|
|switch|p2a: Dugtrio|Dugtrio, F|201\/201
|turn|2
|
|move|p1a: Moltres|Hurricane|p2a: Dugtrio|[miss]
|-miss|p1a: Moltres|p2a: Dugtrio
|move|p2a: Dugtrio|Stealth Rock|p1a: Moltres
|-sidestart|p1: See TC|move: Stealth Rock
|
|turn|3
|
|move|p1a: Moltres|Hurricane|p2a: Dugtrio
|-enditem|p2a: Dugtrio|Focus Sash
|-damage|p2a: Dugtrio|1\/201
|move|p2a: Dugtrio|Memento|p1a: Moltres
|-unboost|p1a: Moltres|atk|2
|-unboost|p1a: Moltres|spa|2
|faint|p2a: Dugtrio
|
|join|BADY THE BAD
|c|âSee TC|noob
|
|switch|p2a: Spam|Pidgeot, M|307\/307
|turn|4
|join|ULT Jefo
|
|detailschange|p2a: Spam|Pidgeot-Mega, M
|-mega|p2a: Spam|Pidgeot|Pidgeotite
|move|p1a: Moltres|Hurricane|p2a: Spam
|-damage|p2a: Spam|187\/307
|move|p2a: Spam|Hurricane|p1a: Moltres
|-damage|p1a: Moltres|98\/321
|-start|p1a: Moltres|confusion
|
|turn|5
|
|-activate|p1a: Moltres|confusion
|-damage|p1a: Moltres|82\/321|[from] confusion
|move|p2a: Spam|Hurricane|p1a: Moltres
|-damage|p1a: Moltres|0 fnt
|faint|p1a: Moltres
|
|
|switch|p1a: Registeel|Registeel|363\/363
|-damage|p1a: Registeel|341\/363|[from] Stealth Rock
|turn|6
|
|move|p2a: Spam|Heat Wave|p1a: Registeel
|-crit|p1a: Registeel
|-supereffective|p1a: Registeel
|-damage|p1a: Registeel|143\/363
|move|p1a: Registeel|Thunder Wave|p2a: Spam
|-status|p2a: Spam|par
|
|turn|7
|join|Apathos
|
|move|p1a: Registeel|Stealth Rock|p2a: Spam
|-sidestart|p2: p3ds|move: Stealth Rock
|move|p2a: Spam|Heat Wave|p1a: Registeel
|-supereffective|p1a: Registeel
|-damage|p1a: Registeel|19\/363
|
|turn|8
|
|move|p1a: Registeel|Rest|p1a: Registeel
|-status|p1a: Registeel|slp
|-heal|p1a: Registeel|363\/363 slp|[silent]
|-status|p1a: Registeel|slp|[from] move: Rest
|-enditem|p1a: Registeel|Chesto Berry|[eat]
|-curestatus|p1a: Registeel|slp
|move|p2a: Spam|U-turn|p1a: Registeel
|-resisted|p1a: Registeel
|-damage|p1a: Registeel|349\/363
|
|switch|p2a: Latias|Latias, F|319\/319
|-damage|p2a: Latias|280\/319|[from] Stealth Rock
|
|turn|9
|
|move|p2a: Latias|Defog|p1a: Registeel
|-fail|p1a: Registeel|unboost|[from] ability: Clear Body|[of] p1a: Registeel
|-sideend|p1: See TC|Stealth Rock|[from] move: Defog|[of] p1a: Registeel
|-sideend|p2: p3ds|Stealth Rock|[from] move: Defog|[of] p2a: Latias
|move|p1a: Registeel|Thunder Wave|p2a: Latias
|-status|p2a: Latias|par
|
|turn|10
|
|switch|p2a: Spam|Talonflame, F|297\/297
|move|p1a: Registeel|Iron Head|p2a: Spam
|-resisted|p2a: Spam
|-damage|p2a: Spam|248\/297
|
|turn|11
|
|move|p2a: Spam|Taunt|p1a: Registeel
|-start|p1a: Registeel|move: Taunt
|cant|p1a: Registeel|move: Taunt|Thunder Wave
|
|turn|12
|
|switch|p1a: Donphan|Donphan, M|384\/384
|move|p2a: Spam|Flare Blitz|p1a: Donphan
|-damage|p1a: Donphan|184\/384
|-damage|p2a: Spam|182\/297|[from] recoil|[of] p1a: Donphan
|-damage|p2a: Spam|153\/297|[from] item: Life Orb
|
|-heal|p1a: Donphan|208\/384|[from] item: Leftovers
|turn|13
|
|move|p2a: Spam|Taunt|p1a: Donphan
|-start|p1a: Donphan|move: Taunt
|move|p1a: Donphan|Rock Tomb|p2a: Spam
|-crit|p2a: Spam
|-supereffective|p2a: Spam
|-damage|p2a: Spam|0 fnt
|faint|p2a: Spam
|
|-heal|p1a: Donphan|232\/384|[from] item: Leftovers
|
|switch|p2a: Latias|Latias, F|280\/319 par
|turn|14
|
|move|p1a: Donphan|Knock Off|p2a: Latias
|-supereffective|p2a: Latias
|-damage|p2a: Latias|40\/319 par
|-enditem|p2a: Latias|Life Orb|[from] move: Knock Off|[of] p1a: Donphan
|move|p2a: Latias|Healing Wish|p2a: Latias
|faint|p2a: Latias
|
|-heal|p1a: Donphan|256\/384|[from] item: Leftovers
|
|switch|p2a: Spam|Pidgeot-Mega, M|187\/307 par
|-heal|p2a: Spam|307\/307|[from] move: Healing Wish
|turn|15
|
|switch|p1a: Registeel|Registeel|349\/363
|move|p2a: Spam|Hurricane|p1a: Registeel
|-resisted|p1a: Registeel
|-damage|p1a: Registeel|293\/363
|
|turn|16
|
|move|p2a: Spam|Heat Wave|p1a: Registeel
|-supereffective|p1a: Registeel
|-damage|p1a: Registeel|173\/363
|move|p1a: Registeel|Thunder Wave|p2a: Spam
|-status|p2a: Spam|par
|
|turn|17
|-message|p3ds forfeited.
|
|win|See TC
|raw|Ladder updating...
|leave|p3ds
|player|p2
|raw|See TC's rating: 1422 &rarr; <strong>1440<\/strong><br \/>(+18 for winning)
|raw|p3ds's rating: 1394 &rarr; <strong>1376<\/strong><br \/>(-18 for losing)