|join|See TC
|join|ElliniaIMO
|player|p1|See TC|184
|player|p2|ElliniaIMO|143
|gametype|singles
|gen|6
|tier|OU
|rated
|clearpoke
|poke|p1|Moltres
|poke|p1|Donphan, M
|poke|p1|Registeel
|poke|p1|Hydreigon, F
|poke|p1|Sableye, F
|poke|p1|Ditto
|poke|p2|Tyranitar, F
|poke|p2|Excadrill, F
|poke|p2|Landorus-Therian, M
|poke|p2|Talonflame, F, shiny
|poke|p2|Venusaur, F
|poke|p2|Rotom-Wash, shiny
|rule|Swagger Clause: Swagger is banned
|rule|Baton Pass Clause: Limit one PokÃ©mon knowing Baton Pass
|rule|Sleep Clause Mod: Limit one foe put to sleep
|rule|Species Clause: Limit one of each PokÃ©mon
|rule|OHKO Clause: OHKO moves are banned
|rule|Moody Clause: Moody is banned
|rule|Evasion Moves Clause: Evasion moves are banned
|rule|Endless Battle Clause: Forcing endless battles is banned
|rule|HP Percentage Mod: HP is shown in percentages
|teampreview
|c|âElliniaIMO|Glhf
|
|start
|switch|p1a: wikid smaat ked|Sableye, F|304\/304
|switch|p2a: Tyranitar|Tyranitar, F|403\/403
|-weather|Sandstorm
|turn|1
|
|detailschange|p1a: wikid smaat ked|Sableye-Mega, F
|-mega|p1a: wikid smaat ked|Sableye|Sablenite
|move|p1a: wikid smaat ked|Will-O-Wisp|p2a: Tyranitar
|-status|p2a: Tyranitar|brn
|move|p2a: Tyranitar|Earthquake|p1a: wikid smaat ked
|-damage|p1a: wikid smaat ked|271\/304
|
|-weather|Sandstorm|[upkeep]
|-damage|p1a: wikid smaat ked|252\/304|[from] sandstorm
|-damage|p2a: Tyranitar|353\/403 brn|[from] brn
|turn|2
|
|move|p2a: Tyranitar|Stealth Rock|p1a: wikid smaat ked
|move|p1a: wikid smaat ked|Stealth Rock|p2a: Tyranitar|[from]Magic Bounce
|-sidestart|p2: ElliniaIMO|move: Stealth Rock
|move|p1a: wikid smaat ked|Dark Pulse|p2a: Tyranitar
|-resisted|p2a: Tyranitar
|-damage|p2a: Tyranitar|326\/403 brn
|
|-weather|Sandstorm|[upkeep]
|-damage|p1a: wikid smaat ked|233\/304|[from] sandstorm
|-damage|p2a: Tyranitar|276\/403 brn|[from] brn
|turn|3
|join|ULT Jefo
|
|switch|p2a: Excadrill|Excadrill, F|361\/361
|-damage|p2a: Excadrill|350\/361|[from] Stealth Rock
|-item|p2a: Excadrill|Air Balloon
|move|p1a: wikid smaat ked|Recover|p1a: wikid smaat ked
|-heal|p1a: wikid smaat ked|304\/304
|
|-weather|Sandstorm|[upkeep]
|-damage|p1a: wikid smaat ked|285\/304|[from] sandstorm
|turn|4
|
|move|p2a: Excadrill|Rapid Spin|p1a: wikid smaat ked
|-immune|p1a: wikid smaat ked|[msg]
|move|p1a: wikid smaat ked|Will-O-Wisp|p2a: Excadrill
|-status|p2a: Excadrill|brn
|
|-weather|Sandstorm|[upkeep]
|-damage|p1a: wikid smaat ked|266\/304|[from] sandstorm
|-damage|p2a: Excadrill|305\/361 brn|[from] brn
|turn|5
|
|switch|p2a: Venusaur|Venusaur, F|359\/359
|-damage|p2a: Venusaur|315\/359|[from] Stealth Rock
|move|p1a: wikid smaat ked|Dark Pulse|p2a: Venusaur
|-damage|p2a: Venusaur|231\/359
|
|-weather|Sandstorm|[upkeep]
|-damage|p2a: Venusaur|209\/359|[from] sandstorm
|-damage|p1a: wikid smaat ked|247\/304|[from] sandstorm
|turn|6
|join|Like why are u bad
|c| Like why are u bad|IMO
|c| Like why are u bad|IMO TBH IIRC
|c| Like why are u bad|js..
|c|âElliniaIMO|I'm fid lol
|
|detailschange|p2a: Venusaur|Venusaur-Mega, F
|-mega|p2a: Venusaur|Venusaur|Venusaurite
|move|p2a: Venusaur|Sludge Bomb|p1a: wikid smaat ked
|-resisted|p1a: wikid smaat ked
|-damage|p1a: wikid smaat ked|178\/304
|move|p1a: wikid smaat ked|Calm Mind|p1a: wikid smaat ked
|-boost|p1a: wikid smaat ked|spa|1
|-boost|p1a: wikid smaat ked|spd|1
|
|-weather|Sandstorm|[upkeep]
|-damage|p2a: Venusaur|187\/359|[from] sandstorm
|-damage|p1a: wikid smaat ked|159\/304|[from] sandstorm
|turn|7
|c| Like why are u bad|you fid
|
|move|p2a: Venusaur|Giga Drain|p1a: wikid smaat ked
|-damage|p1a: wikid smaat ked|72\/304
|-heal|p2a: Venusaur|231\/359|[from] drain|[of] p1a: wikid smaat ked
|move|p1a: wikid smaat ked|Recover|p1a: wikid smaat ked
|-heal|p1a: wikid smaat ked|224\/304
|
|-weather|Sandstorm|[upkeep]
|-damage|p2a: Venusaur|209\/359|[from] sandstorm
|-damage|p1a: wikid smaat ked|205\/304|[from] sandstorm
|turn|8
|
|move|p2a: Venusaur|Giga Drain|p1a: wikid smaat ked
|-damage|p1a: wikid smaat ked|124\/304
|-heal|p2a: Venusaur|250\/359|[from] drain|[of] p1a: wikid smaat ked
|move|p1a: wikid smaat ked|Recover|p1a: wikid smaat ked
|-heal|p1a: wikid smaat ked|276\/304
|
|-weather|none
|turn|9
|
|move|p2a: Venusaur|Giga Drain|p1a: wikid smaat ked
|-damage|p1a: wikid smaat ked|198\/304
|-heal|p2a: Venusaur|289\/359|[from] drain|[of] p1a: wikid smaat ked
|move|p1a: wikid smaat ked|Calm Mind|p1a: wikid smaat ked
|-boost|p1a: wikid smaat ked|spa|1
|-boost|p1a: wikid smaat ked|spd|1
|
|turn|10
|
|move|p2a: Venusaur|Giga Drain|p1a: wikid smaat ked
|-damage|p1a: wikid smaat ked|138\/304
|-heal|p2a: Venusaur|319\/359|[from] drain|[of] p1a: wikid smaat ked
|move|p1a: wikid smaat ked|Will-O-Wisp|p2a: Venusaur
|-status|p2a: Venusaur|brn
|
|-damage|p2a: Venusaur|275\/359 brn|[from] brn
|turn|11
|
|switch|p2a: Talonflame|Talonflame, F, shiny|327\/327
|-damage|p2a: Talonflame|164\/327|[from] Stealth Rock
|move|p1a: wikid smaat ked|Recover|p1a: wikid smaat ked
|-heal|p1a: wikid smaat ked|290\/304
|
|turn|12
|
|move|p2a: Talonflame|Swords Dance|p2a: Talonflame
|-boost|p2a: Talonflame|atk|2
|move|p1a: wikid smaat ked|Dark Pulse|p2a: Talonflame
|-damage|p2a: Talonflame|0 fnt
|faint|p2a: Talonflame
|
|-message|ElliniaIMO forfeited.
|
|win|See TC
|raw|Ladder updating...
|leave|ElliniaIMO
|player|p2
|leave|Like why are u bad
|raw|See TC's rating: 1460 &rarr; <strong>1476<\/strong><br \/>(+16 for winning)
|raw|ElliniaIMO's rating: 1392 &rarr; <strong>1376<\/strong><br \/>(-16 for losing)
|join|ElliniaIMO