|join|See TC
|join|lossforwords
|player|p1|See TC|68
|player|p2|lossforwords|1
|gametype|singles
|gen|6
|tier|OU
|rated
|clearpoke
|poke|p1|Landorus, M
|poke|p1|Starmie
|poke|p1|Charizard, M
|poke|p1|Bisharp, M
|poke|p1|Azumarill, M
|poke|p1|Breloom, M
|poke|p2|Talonflame, F
|poke|p2|Ferrothorn, M
|poke|p2|Registeel
|poke|p2|Sharpedo, M
|poke|p2|Alakazam, M
|poke|p2|Sylveon, F
|rule|Swagger Clause: Swagger is banned
|rule|Baton Pass Clause: Limit one PokÃ©mon knowing Baton Pass
|rule|Sleep Clause Mod: Limit one foe put to sleep
|rule|Species Clause: Limit one of each PokÃ©mon
|rule|OHKO Clause: OHKO moves are banned
|rule|Moody Clause: Moody is banned
|rule|Evasion Moves Clause: Evasion moves are banned
|rule|Endless Battle Clause: Forcing endless battles is banned
|rule|HP Percentage Mod: HP is shown in percentages
|teampreview
|
|start
|switch|p1a: Breloom|Breloom, M|261\/261
|switch|p2a: Ferrothorn|Ferrothorn, M|351\/351
|turn|1
|
|-singleturn|p1a: Breloom|move: Focus Punch
|move|p2a: Ferrothorn|Toxic|p1a: Breloom
|-status|p1a: Breloom|tox
|move|p1a: Breloom|Focus Punch|p2a: Ferrothorn
|-supereffective|p2a: Ferrothorn
|-damage|p2a: Ferrothorn|45\/351
|-damage|p1a: Breloom|229\/261 tox|[from] ability: Iron Barbs|[of] p2a: Ferrothorn
|-damage|p1a: Breloom|186\/261 tox|[from] item: Rocky Helmet|[of] p2a: Ferrothorn
|
|-damage|p1a: Breloom|170\/261 tox|[from] psn
|turn|2
|
|move|p1a: Breloom|Bullet Seed|p2a: Ferrothorn
|-resisted|p2a: Ferrothorn
|-damage|p2a: Ferrothorn|35\/351
|-resisted|p2a: Ferrothorn
|-damage|p2a: Ferrothorn|25\/351
|-resisted|p2a: Ferrothorn
|-damage|p2a: Ferrothorn|14\/351
|-hitcount|p2a: Ferrothorn|3
|move|p2a: Ferrothorn|Gyro Ball|p1a: Breloom
|-damage|p1a: Breloom|0 fnt
|faint|p1a: Breloom
|
|
|switch|p1a: Starmie|Starmie|324\/324
|turn|3
|
|move|p1a: Starmie|Scald|p2a: Ferrothorn
|-resisted|p2a: Ferrothorn
|-damage|p2a: Ferrothorn|0 fnt
|faint|p2a: Ferrothorn
|
|
|switch|p2a: Sharpedo|Sharpedo, M|281\/281
|turn|4
|
|detailschange|p2a: Sharpedo|Sharpedo-Mega, M
|-mega|p2a: Sharpedo|Sharpedo|Sharpedonite
|move|p2a: Sharpedo|Protect|p2a: Sharpedo
|-singleturn|p2a: Sharpedo|Protect
|move|p1a: Starmie|Reflect Type|p2a: Sharpedo
|-activate|p2a: Sharpedo|Protect
|
|turn|5
|
|move|p1a: Starmie|Reflect Type|p2a: Sharpedo
|-start|p1a: Starmie|typechange|[from] move: Reflect Type|[of] p2a: Sharpedo
|move|p2a: Sharpedo|Crunch|p1a: Starmie
|-resisted|p1a: Starmie
|-damage|p1a: Starmie|173\/324
|
|-heal|p1a: Starmie|193\/324|[from] item: Leftovers
|turn|6
|
|move|p2a: Sharpedo|Protect|p2a: Sharpedo
|-singleturn|p2a: Sharpedo|Protect
|move|p1a: Starmie|Recover|p1a: Starmie
|-heal|p1a: Starmie|324\/324
|
|turn|7
|
|move|p1a: Starmie|Scald|p2a: Sharpedo
|-resisted|p2a: Sharpedo
|-damage|p2a: Sharpedo|221\/281
|move|p2a: Sharpedo|Waterfall|p1a: Starmie
|-resisted|p1a: Starmie
|-damage|p1a: Starmie|228\/324
|
|-heal|p1a: Starmie|248\/324|[from] item: Leftovers
|turn|8
|
|switch|p2a: Registeel|Registeel|364\/364
|move|p1a: Starmie|Scald|p2a: Registeel
|-damage|p2a: Registeel|313\/364
|
|-heal|p1a: Starmie|268\/324|[from] item: Leftovers
|-heal|p2a: Registeel|335\/364|[from] item: Leftovers
|turn|9
|
|move|p1a: Starmie|Reflect Type|p2a: Registeel
|-start|p1a: Starmie|typechange|[from] move: Reflect Type|[of] p2a: Registeel
|move|p2a: Registeel|Stealth Rock|p1a: Starmie
|-sidestart|p1: See TC|move: Stealth Rock
|
|-heal|p1a: Starmie|288\/324|[from] item: Leftovers
|-heal|p2a: Registeel|357\/364|[from] item: Leftovers
|turn|10
|
|switch|p2a: Sylveon|Sylveon, F|394\/394
|move|p1a: Starmie|Rapid Spin|p2a: Sylveon
|-damage|p2a: Sylveon|384\/394
|-sideend|p1: See TC|Stealth Rock|[from] move: Rapid Spin|[of] p1a: Starmie
|
|-heal|p1a: Starmie|308\/324|[from] item: Leftovers
|-heal|p2a: Sylveon|394\/394|[from] item: Leftovers
|turn|11
|
|move|p1a: Starmie|Scald|p2a: Sylveon
|-damage|p2a: Sylveon|341\/394
|move|p2a: Sylveon|Calm Mind|p2a: Sylveon
|-boost|p2a: Sylveon|spa|1
|-boost|p2a: Sylveon|spd|1
|
|-heal|p1a: Starmie|324\/324|[from] item: Leftovers
|-heal|p2a: Sylveon|365\/394|[from] item: Leftovers
|turn|12
|
|switch|p1a: Bisharp|Bisharp, M|271\/271
|move|p2a: Sylveon|Calm Mind|p2a: Sylveon
|-boost|p2a: Sylveon|spa|1
|-boost|p2a: Sylveon|spd|1
|
|-heal|p2a: Sylveon|389\/394|[from] item: Leftovers
|turn|13
|join|Carmen Elektross
|
|move|p1a: Bisharp|Iron Head|p2a: Sylveon
|-supereffective|p2a: Sylveon
|-damage|p2a: Sylveon|107\/394
|move|p2a: Sylveon|Baton Pass|p2a: Sylveon
|
|switch|p2a: Alakazam|Alakazam, M|251\/251
|
|turn|14
|
|move|p1a: Bisharp|Sucker Punch|p2a: Alakazam
|-supereffective|p2a: Alakazam
|-damage|p2a: Alakazam|0 fnt
|faint|p2a: Alakazam
|
|c| Carmen Elektross|Good baton pass
|
|switch|p2a: Talonflame|Talonflame, F|297\/297
|turn|15
|
|move|p2a: Talonflame|Swords Dance|p2a: Talonflame
|-boost|p2a: Talonflame|atk|2
|move|p1a: Bisharp|Knock Off|p2a: Talonflame
|-damage|p2a: Talonflame|0 fnt
|-enditem|p2a: Talonflame|Leftovers|[from] move: Knock Off|[of] p1a: Bisharp
|faint|p2a: Talonflame
|
|
|switch|p2a: Sharpedo|Sharpedo-Mega, M|221\/281
|turn|16
|
|move|p2a: Sharpedo|Waterfall|p1a: Bisharp
|-damage|p1a: Bisharp|117\/271
|move|p1a: Bisharp|Swords Dance|p1a: Bisharp
|-boost|p1a: Bisharp|atk|2
|
|turn|17
|
|move|p1a: Bisharp|Sucker Punch|p2a: Sharpedo
|-resisted|p2a: Sharpedo
|-damage|p2a: Sharpedo|0 fnt
|faint|p2a: Sharpedo
|
|
|switch|p2a: Registeel|Registeel|357\/364
|turn|18
|
|move|p1a: Bisharp|Knock Off|p2a: Registeel
|-damage|p2a: Registeel|50\/364
|-enditem|p2a: Registeel|Leftovers|[from] move: Knock Off|[of] p1a: Bisharp
|move|p2a: Registeel|Counter|p1a: Bisharp
|-damage|p1a: Bisharp|0 fnt
|faint|p1a: Bisharp
|
|
|switch|p1a: Landorus|Landorus, M|319\/319
|turn|19
|
|move|p1a: Landorus|Earth Power|p2a: Registeel
|-supereffective|p2a: Registeel
|-damage|p2a: Registeel|0 fnt
|faint|p2a: Registeel
|
|-message|lossforwords forfeited.
|
|win|See TC
|raw|Ladder updating...
|leave|lossforwords
|player|p2
|raw|See TC's rating: 1149 &rarr; <strong>1170<\/strong><br \/>(+21 for winning)
|raw|lossforwords's rating: 1094 &rarr; <strong>1074<\/strong><br \/>(-20 for losing)