|join|See TC
|join|Nortellaz
|player|p1|See TC|184
|player|p2|Nortellaz|2
|gametype|singles
|gen|6
|tier|OU
|rated
|clearpoke
|poke|p1|Moltres
|poke|p1|Donphan, F
|poke|p1|Registeel
|poke|p1|Hydreigon, F
|poke|p1|Sableye, F
|poke|p1|Ditto
|poke|p2|Rotom-Heat
|poke|p2|Ferrothorn, F
|poke|p2|Skarmory, F
|poke|p2|Sableye, F
|poke|p2|Tentacruel, F
|poke|p2|Espeon, F
|rule|Swagger Clause: Swagger is banned
|rule|Baton Pass Clause: Limit one PokÃ©mon knowing Baton Pass
|rule|Sleep Clause Mod: Limit one foe put to sleep
|rule|Species Clause: Limit one of each PokÃ©mon
|rule|OHKO Clause: OHKO moves are banned
|rule|Moody Clause: Moody is banned
|rule|Evasion Moves Clause: Evasion moves are banned
|rule|Endless Battle Clause: Forcing endless battles is banned
|rule|HP Percentage Mod: HP is shown in percentages
|teampreview
|
|start
|switch|p1a: wikid smaat ked|Sableye, F|304\/304
|switch|p2a: Misty|Tentacruel, F|364\/364
|turn|1
|
|detailschange|p1a: wikid smaat ked|Sableye-Mega, F
|-mega|p1a: wikid smaat ked|Sableye|Sablenite
|move|p1a: wikid smaat ked|Will-O-Wisp|p2a: Misty
|-status|p2a: Misty|brn
|move|p2a: Misty|Scald|p1a: wikid smaat ked
|-damage|p1a: wikid smaat ked|234\/304
|
|-damage|p2a: Misty|319\/364 brn|[from] brn
|turn|2
|
|switch|p1a: Hydreigon|Hydreigon, F|325\/325
|move|p2a: Misty|Scald|p1a: Hydreigon
|-resisted|p1a: Hydreigon
|-damage|p1a: Hydreigon|280\/325
|-status|p1a: Hydreigon|brn
|
|-heal|p2a: Misty|341\/364 brn|[from] item: Black Sludge
|-damage|p1a: Hydreigon|240\/325 brn|[from] brn
|-damage|p2a: Misty|296\/364 brn|[from] brn
|turn|3
|
|switch|p2a: Elesa|Rotom-Heat|304\/304
|move|p1a: Hydreigon|Dark Pulse|p2a: Elesa
|-damage|p2a: Elesa|171\/304
|
|-damage|p1a: Hydreigon|200\/325 brn|[from] brn
|turn|4
|
|switch|p1a: wikid smaat ked|Sableye-Mega, F|234\/304
|switch|p2a: Erica|Ferrothorn, F|352\/352
|
|turn|5
|
|switch|p2a: Sabrina|Espeon, F|334\/334
|move|p1a: wikid smaat ked|Calm Mind|p1a: wikid smaat ked
|-boost|p1a: wikid smaat ked|spa|1
|-boost|p1a: wikid smaat ked|spd|1
|
|turn|6
|
|move|p2a: Sabrina|Light Screen|p2a: Sabrina
|-sidestart|p2: Nortellaz|move: Light Screen
|move|p1a: wikid smaat ked|Recover|p1a: wikid smaat ked
|-heal|p1a: wikid smaat ked|304\/304
|
|turn|7
|
|move|p2a: Sabrina|Heal Bell|p2a: Sabrina
|-cureteam|p2a: Sabrina|[from] move: HealBell
|move|p1a: wikid smaat ked|Calm Mind|p1a: wikid smaat ked
|-boost|p1a: wikid smaat ked|spa|1
|-boost|p1a: wikid smaat ked|spd|1
|
|turn|8
|
|switch|p2a: Misty|Tentacruel, F|296\/364
|move|p1a: wikid smaat ked|Calm Mind|p1a: wikid smaat ked
|-boost|p1a: wikid smaat ked|spa|1
|-boost|p1a: wikid smaat ked|spd|1
|
|-heal|p2a: Misty|318\/364|[from] item: Black Sludge
|turn|9
|
|move|p2a: Misty|Haze|p2a: Misty
|-clearallboost
|move|p1a: wikid smaat ked|Dark Pulse|p2a: Misty
|-damage|p2a: Misty|293\/364
|
|-heal|p2a: Misty|315\/364|[from] item: Black Sludge
|turn|10
|
|switch|p2a: Sabrina|Espeon, F|334\/334
|switch|p1a: Donphan|Donphan, F|384\/384
|
|turn|11
|
|move|p2a: Sabrina|Reflect|p2a: Sabrina
|-sidestart|p2: Nortellaz|Reflect
|move|p1a: Donphan|Knock Off|p2a: Sabrina
|-supereffective|p2a: Sabrina
|-damage|p2a: Sabrina|168\/334
|-enditem|p2a: Sabrina|Light Clay|[from] move: Knock Off|[of] p1a: Donphan
|
|turn|12
|
|move|p2a: Sabrina|Morning Sun|p2a: Sabrina
|-heal|p2a: Sabrina|334\/334
|move|p1a: Donphan|Knock Off|p2a: Sabrina
|-supereffective|p2a: Sabrina
|-damage|p2a: Sabrina|217\/334
|
|turn|13
|
|switch|p2a: Erica|Ferrothorn, F|352\/352
|move|p1a: Donphan|Rock Tomb|p2a: Erica
|-resisted|p2a: Erica
|-damage|p2a: Erica|339\/352
|-unboost|p2a: Erica|spe|1
|
|-heal|p2a: Erica|352\/352|[from] item: Leftovers
|-sideend|p2: Nortellaz|move: Light Screen
|turn|14
|
|switch|p1a: wikid smaat ked|Sableye-Mega, F|304\/304
|move|p2a: Erica|Gyro Ball|p1a: wikid smaat ked
|-damage|p1a: wikid smaat ked|255\/304
|
|turn|15
|
|switch|p2a: Sabrina|Espeon, F|217\/334
|move|p1a: wikid smaat ked|Dark Pulse|p2a: Sabrina
|-supereffective|p2a: Sabrina
|-damage|p2a: Sabrina|61\/334
|
|turn|16
|
|switch|p2a: Misty|Tentacruel, F|315\/364
|move|p1a: wikid smaat ked|Calm Mind|p1a: wikid smaat ked
|-boost|p1a: wikid smaat ked|spa|1
|-boost|p1a: wikid smaat ked|spd|1
|
|-heal|p2a: Misty|337\/364|[from] item: Black Sludge
|turn|17
|
|switch|p1a: Donphan|Donphan, F|384\/384
|move|p2a: Misty|Scald|p1a: Donphan
|-supereffective|p1a: Donphan
|-damage|p1a: Donphan|162\/384
|
|-heal|p2a: Misty|359\/364|[from] item: Black Sludge
|-heal|p1a: Donphan|186\/384|[from] item: Leftovers
|turn|18
|
|switch|p2a: Erica|Ferrothorn, F|352\/352
|move|p1a: Donphan|Earthquake|p2a: Erica
|-damage|p2a: Erica|281\/352
|
|-heal|p1a: Donphan|210\/384|[from] item: Leftovers
|-heal|p2a: Erica|303\/352|[from] item: Leftovers
|-sideend|p2: Nortellaz|Reflect
|turn|19
|
|switch|p1a: wikid smaat ked|Sableye-Mega, F|255\/304
|move|p2a: Erica|Leech Seed|p1a: wikid smaat ked
|move|p1a: wikid smaat ked|Leech Seed|p2a: Erica|[from]Magic Bounce|[miss]
|-miss|p1a: wikid smaat ked|p2a: Erica
|
|-heal|p2a: Erica|325\/352|[from] item: Leftovers
|turn|20
|
|switch|p2a: Misty|Tentacruel, F|359\/364
|move|p1a: wikid smaat ked|Will-O-Wisp|p2a: Misty
|-status|p2a: Misty|brn
|
|-heal|p2a: Misty|364\/364 brn|[from] item: Black Sludge
|-damage|p2a: Misty|319\/364 brn|[from] brn
|turn|21
|
|switch|p1a: Moltres|Moltres|321\/321
|-ability|p1a: Moltres|Pressure
|move|p2a: Misty|Scald|p1a: Moltres
|-supereffective|p1a: Moltres
|-damage|p1a: Moltres|145\/321
|
|-heal|p2a: Misty|341\/364 brn|[from] item: Black Sludge
|-damage|p2a: Misty|296\/364 brn|[from] brn
|turn|22
|
|move|p1a: Moltres|Hurricane|p2a: Misty
|-crit|p2a: Misty
|-damage|p2a: Misty|89\/364 brn
|move|p2a: Misty|Scald|p1a: Moltres
|-supereffective|p1a: Moltres
|-damage|p1a: Moltres|0 fnt
|faint|p1a: Moltres
|
|-heal|p2a: Misty|111\/364 brn|[from] item: Black Sludge
|-damage|p2a: Misty|66\/364 brn|[from] brn
|
|switch|p1a: Hydreigon|Hydreigon, F|200\/325 brn
|turn|23
|
|switch|p2a: Erica|Ferrothorn, F|325\/352
|move|p1a: Hydreigon|Dark Pulse|p2a: Erica
|-damage|p2a: Erica|189\/352
|
|-heal|p2a: Erica|211\/352|[from] item: Leftovers
|-damage|p1a: Hydreigon|160\/325 brn|[from] brn
|turn|24
|
|move|p1a: Hydreigon|Dark Pulse|p2a: Erica
|-damage|p2a: Erica|73\/352
|move|p2a: Erica|Gyro Ball|p1a: Hydreigon
|-damage|p1a: Hydreigon|0 fnt
|faint|p1a: Hydreigon
|
|-heal|p2a: Erica|95\/352|[from] item: Leftovers
|
|switch|p1a: Donphan|Donphan, F|210\/384
|turn|25
|
|move|p1a: Donphan|Earthquake|p2a: Erica
|-damage|p2a: Erica|0 fnt
|faint|p2a: Erica
|
|-heal|p1a: Donphan|234\/384|[from] item: Leftovers
|
|switch|p2a: Fantina|Sableye, F|304\/304
|turn|26
|
|switch|p1a: wikid smaat ked|Sableye-Mega, F|255\/304
|move|p2a: Fantina|Foul Play|p1a: wikid smaat ked
|-damage|p1a: wikid smaat ked|198\/304
|
|turn|27
|
|switch|p2a: Elesa|Rotom-Heat|171\/304
|move|p1a: wikid smaat ked|Dark Pulse|p2a: Elesa
|-damage|p2a: Elesa|110\/304
|
|turn|28
|
|switch|p1a: itto|Ditto|300\/300
|-transform|p1a: itto|p2a: Elesa
|move|p2a: Elesa|Pain Split|p1a: itto
|-sethp|p1a: itto|205\/300|p2a: Elesa|205\/304|[from] move: Pain Split
|
|turn|29
|
|move|p1a: itto|Volt Switch|p2a: Elesa
|-crit|p2a: Elesa
|-resisted|p2a: Elesa
|-damage|p2a: Elesa|156\/304
|
|switch|p1a: Donphan|Donphan, F|234\/384
|move|p2a: Elesa|Pain Split|p1a: Donphan
|-sethp|p1a: Donphan|195\/384|p2a: Elesa|195\/304|[from] move: Pain Split
|
|-heal|p1a: Donphan|219\/384|[from] item: Leftovers
|turn|30
|
|switch|p2a: Winona|Skarmory, F|334\/334
|move|p1a: Donphan|Knock Off|p2a: Winona
|-damage|p2a: Winona|264\/334
|-enditem|p2a: Winona|Leftovers|[from] move: Knock Off|[of] p1a: Donphan
|
|-heal|p1a: Donphan|243\/384|[from] item: Leftovers
|turn|31
|
|switch|p1a: wikid smaat ked|Sableye-Mega, F|198\/304
|move|p2a: Winona|Drill Peck|p1a: wikid smaat ked
|-damage|p1a: wikid smaat ked|153\/304
|
|turn|32
|
|switch|p2a: Sabrina|Espeon, F|61\/334
|move|p1a: wikid smaat ked|Recover|p1a: wikid smaat ked
|-heal|p1a: wikid smaat ked|304\/304
|
|turn|33
|
|move|p2a: Sabrina|Morning Sun|p2a: Sabrina
|-heal|p2a: Sabrina|228\/334
|move|p1a: wikid smaat ked|Dark Pulse|p2a: Sabrina
|-supereffective|p2a: Sabrina
|-damage|p2a: Sabrina|54\/334
|
|turn|34
|
|move|p2a: Sabrina|Morning Sun|p2a: Sabrina
|-heal|p2a: Sabrina|221\/334
|move|p1a: wikid smaat ked|Dark Pulse|p2a: Sabrina
|-supereffective|p2a: Sabrina
|-damage|p2a: Sabrina|59\/334
|
|turn|35
|
|move|p2a: Sabrina|Heal Bell|p2a: Sabrina
|-cureteam|p2a: Sabrina|[from] move: HealBell
|move|p1a: wikid smaat ked|Calm Mind|p1a: wikid smaat ked
|-boost|p1a: wikid smaat ked|spa|1
|-boost|p1a: wikid smaat ked|spd|1
|
|turn|36
|
|move|p2a: Sabrina|Light Screen|p2a: Sabrina
|-sidestart|p2: Nortellaz|move: Light Screen
|move|p1a: wikid smaat ked|Dark Pulse|p2a: Sabrina
|-supereffective|p2a: Sabrina
|-damage|p2a: Sabrina|0 fnt
|faint|p2a: Sabrina
|
|
|switch|p2a: Misty|Tentacruel, F|66\/364
|turn|37
|
|move|p2a: Misty|Haze|p2a: Misty
|-clearallboost
|move|p1a: wikid smaat ked|Will-O-Wisp|p2a: Misty
|-status|p2a: Misty|brn
|
|-heal|p2a: Misty|88\/364 brn|[from] item: Black Sludge
|-damage|p2a: Misty|43\/364 brn|[from] brn
|turn|38
|
|switch|p1a: Registeel|Registeel|363\/363
|move|p2a: Misty|Scald|p1a: Registeel
|-damage|p1a: Registeel|323\/363
|
|-heal|p2a: Misty|65\/364 brn|[from] item: Black Sludge
|-damage|p2a: Misty|20\/364 brn|[from] brn
|turn|39
|
|move|p2a: Misty|Rapid Spin|p1a: Registeel
|-resisted|p1a: Registeel
|-damage|p1a: Registeel|321\/363
|move|p1a: Registeel|Stealth Rock|p2a: Misty
|-sidestart|p2: Nortellaz|move: Stealth Rock
|
|-heal|p2a: Misty|42\/364 brn|[from] item: Black Sludge
|-damage|p2a: Misty|0 fnt|[from] brn
|faint|p2a: Misty
|
|switch|p2a: Fantina|Sableye, F|304\/304
|-damage|p2a: Fantina|266\/304|[from] Stealth Rock
|turn|40
|
|switch|p1a: wikid smaat ked|Sableye-Mega, F|304\/304
|move|p2a: Fantina|Foul Play|p1a: wikid smaat ked
|-damage|p1a: wikid smaat ked|253\/304
|
|-heal|p2a: Fantina|285\/304|[from] item: Leftovers
|-sideend|p2: Nortellaz|move: Light Screen
|turn|41
|
|switch|p2a: Elesa|Rotom-Heat|195\/304
|-damage|p2a: Elesa|119\/304|[from] Stealth Rock
|move|p1a: wikid smaat ked|Calm Mind|p1a: wikid smaat ked
|-boost|p1a: wikid smaat ked|spa|1
|-boost|p1a: wikid smaat ked|spd|1
|
|turn|42
|
|move|p2a: Elesa|Pain Split|p1a: wikid smaat ked
|-sethp|p1a: wikid smaat ked|186\/304|p2a: Elesa|186\/304|[from] move: Pain Split
|move|p1a: wikid smaat ked|Calm Mind|p1a: wikid smaat ked
|-boost|p1a: wikid smaat ked|spa|1
|-boost|p1a: wikid smaat ked|spd|1
|
|turn|43
|leave|Nortellaz
|player|p2
|-message|nortellaz lost due to inactivity.
|
|win|See TC
|raw|Ladder updating...
|raw|See TC's rating: 1593 &rarr; <strong>1606<\/strong><br \/>(+13 for winning)
|raw|Nortellaz's rating: 1477 &rarr; <strong>1463<\/strong><br \/>(-14 for losing)