|join|oClassical
|join|Dark Side of Moon
|player|p1|oClassical|168
|player|p2|Dark Side of Moon|161
|gametype|singles
|gen|6
|tier|ORAS OU
|rated
|rule|Sleep Clause Mod: Limit one foe put to sleep
|rule|Species Clause: Limit one of each PokÃ©mon
|rule|OHKO Clause: OHKO moves are banned
|rule|Moody Clause: Moody is banned
|rule|Evasion Moves Clause: Evasion moves are banned
|rule|Endless Battle Clause: Forcing endless battles is banned
|rule|HP Percentage Mod: HP is shown in percentages
|clearpoke
|poke|p1|Slurpuff, M
|poke|p1|Magnezone
|poke|p1|Landorus-Therian, M
|poke|p1|Slowbro, F
|poke|p1|Ferrothorn, F
|poke|p1|Arcanine, M
|poke|p2|Metagross, shiny
|poke|p2|Landorus-Therian, M
|poke|p2|Zapdos
|poke|p2|Gengar, M, shiny
|poke|p2|Azumarill, M
|poke|p2|Heatran, F, shiny
|rule|Swagger Clause: Swagger is banned
|rule|Baton Pass Clause: Limit one PokÃ©mon knowing Baton Pass
|teampreview
|
|start
|switch|p1a: Magnezone|Magnezone|282\/282
|switch|p2a: Landorus-Therian|Landorus-Therian, M|319\/319
|-ability|p2a: Landorus-Therian|Intimidate|[of] p1a: Magnezone
|-unboost|p1a: Magnezone|atk|1
|turn|1
|
|switch|p1a: Landorus-Therian|Landorus-Therian, M|382\/382
|-ability|p1a: Landorus-Therian|Intimidate|[of] p2a: Landorus-Therian
|-unboost|p2a: Landorus-Therian|atk|1
|move|p2a: Landorus-Therian|U-turn|p1a: Landorus-Therian
|-resisted|p1a: Landorus-Therian
|-damage|p1a: Landorus-Therian|361\/382
|
|switch|p2a: Gengar|Gengar, M, shiny|261\/261
|
|-heal|p1a: Landorus-Therian|382\/382|[from] item: Leftovers
|turn|2
|join|Liem A
|
|move|p2a: Gengar|Will-O-Wisp|p1a: Landorus-Therian|[miss]
|-miss|p2a: Gengar|p1a: Landorus-Therian
|move|p1a: Landorus-Therian|Stone Edge|p2a: Gengar
|-damage|p2a: Gengar|104\/261
|
|turn|3
|
|switch|p1a: Arcanine|Arcanine, M|383\/383
|move|p2a: Gengar|Will-O-Wisp|p1a: Arcanine
|-start|p1a: Arcanine|ability: Flash Fire
|
|turn|4
|
|switch|p2a: Heatran|Heatran, F, shiny|386\/386
|switch|p1a: Slurpuff|Slurpuff, M|306\/306
|
|turn|5
|
|move|p1a: Slurpuff|Belly Drum|p1a: Slurpuff
|-damage|p1a: Slurpuff|153\/306
|-setboost|p1a: Slurpuff|atk|6|[from] move: Belly Drum
|-enditem|p1a: Slurpuff|Sitrus Berry|[eat]
|-heal|p1a: Slurpuff|229\/306|[from] item: Sitrus Berry
|move|p2a: Heatran|Stealth Rock|p1a: Slurpuff
|-sidestart|p1: oClassical|move: Stealth Rock
|
|turn|6
|c|âDark Side of Moon|why are u trying to sweep already lol
|
|switch|p2a: Gengar|Gengar, M, shiny|104\/261
|move|p1a: Slurpuff|Drain Punch|p2a: Gengar
|-immune|p2a: Gengar|[msg]
|
|turn|7
|
|move|p1a: Slurpuff|Play Rough|p2a: Gengar
|-resisted|p2a: Gengar
|-damage|p2a: Gengar|0 fnt
|faint|p2a: Gengar
|
|
|switch|p2a: Metagross|Metagross, shiny|301\/301
|turn|8
|
|detailschange|p2a: Metagross|Metagross-Mega, shiny
|message|Metagross has Mega Evolved into Mega Metagross!
|move|p1a: Slurpuff|Drain Punch|p2a: Metagross
|-damage|p2a: Metagross|117\/301
|-heal|p1a: Slurpuff|306\/306|[from] drain|[of] p2a: Metagross
|move|p2a: Metagross|Meteor Mash|p1a: Slurpuff
|-supereffective|p1a: Slurpuff
|-damage|p1a: Slurpuff|0 fnt
|faint|p1a: Slurpuff
|
|
|switch|p1a: Slowbro|Slowbro, F|394\/394
|-damage|p1a: Slowbro|345\/394|[from] Stealth Rock
|turn|9
|
|switch|p2a: Zapdos|Zapdos|383\/383
|-ability|p2a: Zapdos|Pressure
|detailschange|p1a: Slowbro|Slowbro-Mega, F
|message|Slowbro has Mega Evolved into Mega Slowbro!
|move|p1a: Slowbro|Fire Blast|p2a: Zapdos
|-damage|p2a: Zapdos|213\/383
|
|-heal|p2a: Zapdos|236\/383|[from] item: Leftovers
|turn|10
|
|switch|p1a: Arcanine|Arcanine, M|383\/383
|-damage|p1a: Arcanine|288\/383|[from] Stealth Rock
|move|p2a: Zapdos|Thunderbolt|p1a: Arcanine
|-damage|p1a: Arcanine|143\/383
|
|-heal|p2a: Zapdos|259\/383|[from] item: Leftovers
|-heal|p1a: Arcanine|166\/383|[from] item: Leftovers
|turn|11
|
|switch|p2a: Heatran|Heatran, F, shiny|386\/386
|move|p1a: Arcanine|Morning Sun|p1a: Arcanine
|-heal|p1a: Arcanine|357\/383
|
|-heal|p1a: Arcanine|380\/383|[from] item: Leftovers
|turn|12
|
|switch|p1a: Slowbro|Slowbro-Mega, F|345\/394
|-damage|p1a: Slowbro|296\/394|[from] Stealth Rock
|move|p2a: Heatran|Taunt|p1a: Slowbro
|-start|p1a: Slowbro|move: Taunt
|
|turn|13
|
|move|p2a: Heatran|Will-O-Wisp|p1a: Slowbro
|-status|p1a: Slowbro|brn
|move|p1a: Slowbro|Scald|p2a: Heatran
|-supereffective|p2a: Heatran
|-damage|p2a: Heatran|168\/386
|
|-heal|p2a: Heatran|192\/386|[from] item: Leftovers
|-damage|p1a: Slowbro|247\/394 brn|[from] brn
|turn|14
|
|switch|p2a: Zapdos|Zapdos|259\/383
|-ability|p2a: Zapdos|Pressure
|move|p1a: Slowbro|Ice Beam|p2a: Zapdos
|-supereffective|p2a: Zapdos
|-damage|p2a: Zapdos|0 fnt
|faint|p2a: Zapdos
|
|-damage|p1a: Slowbro|198\/394 brn|[from] brn
|
|switch|p2a: Azumarill|Azumarill, M|401\/401
|turn|15
|
|move|p2a: Azumarill|Knock Off|p1a: Slowbro
|-supereffective|p1a: Slowbro
|-damage|p1a: Slowbro|82\/394 brn
|move|p1a: Slowbro|Scald|p2a: Azumarill
|-resisted|p2a: Azumarill
|-damage|p2a: Azumarill|335\/401
|
|-damage|p1a: Slowbro|33\/394 brn|[from] brn
|-end|p1a: Slowbro|move: Taunt
|turn|16
|
|move|p2a: Azumarill|Knock Off|p1a: Slowbro
|-supereffective|p1a: Slowbro
|-damage|p1a: Slowbro|0 fnt
|faint|p1a: Slowbro
|
|
|switch|p1a: Ferrothorn|Ferrothorn, F|352\/352
|-damage|p1a: Ferrothorn|330\/352|[from] Stealth Rock
|turn|17
|
|switch|p2a: Heatran|Heatran, F, shiny|192\/386
|move|p1a: Ferrothorn|Leech Seed|p2a: Heatran
|-start|p2a: Heatran|move: Leech Seed
|
|-heal|p2a: Heatran|216\/386|[from] item: Leftovers
|-heal|p1a: Ferrothorn|352\/352|[from] item: Leftovers
|-damage|p2a: Heatran|168\/386|[from] Leech Seed|[of] p1a: Ferrothorn
|turn|18
|
|switch|p2a: Metagross|Metagross-Mega, shiny|117\/301
|switch|p1a: Landorus-Therian|Landorus-Therian, M|382\/382
|-damage|p1a: Landorus-Therian|335\/382|[from] Stealth Rock
|-ability|p1a: Landorus-Therian|Intimidate|[of] p2a: Metagross
|-unboost|p2a: Metagross|atk|1
|
|-heal|p1a: Landorus-Therian|358\/382|[from] item: Leftovers
|turn|19
|
|switch|p2a: Landorus-Therian|Landorus-Therian, M|319\/319
|-ability|p2a: Landorus-Therian|Intimidate|[of] p1a: Landorus-Therian
|-unboost|p1a: Landorus-Therian|atk|1
|move|p1a: Landorus-Therian|U-turn|p2a: Landorus-Therian
|-resisted|p2a: Landorus-Therian
|-damage|p2a: Landorus-Therian|291\/319
|
|switch|p1a: Ferrothorn|Ferrothorn, F|352\/352
|-damage|p1a: Ferrothorn|330\/352|[from] Stealth Rock
|
|-heal|p1a: Ferrothorn|352\/352|[from] item: Leftovers
|turn|20
|
|switch|p2a: Heatran|Heatran, F, shiny|168\/386
|move|p1a: Ferrothorn|Leech Seed|p2a: Heatran
|-start|p2a: Heatran|move: Leech Seed
|
|-heal|p2a: Heatran|192\/386|[from] item: Leftovers
|-damage|p2a: Heatran|144\/386|[from] Leech Seed|[of] p1a: Ferrothorn
|turn|21
|
|move|p2a: Heatran|Will-O-Wisp|p1a: Ferrothorn
|-status|p1a: Ferrothorn|brn
|move|p1a: Ferrothorn|Thunder Wave|p2a: Heatran
|-status|p2a: Heatran|par
|
|-heal|p2a: Heatran|168\/386 par|[from] item: Leftovers
|-damage|p2a: Heatran|120\/386 par|[from] Leech Seed|[of] p1a: Ferrothorn
|-damage|p1a: Ferrothorn|308\/352 brn|[from] brn
|turn|22
|
|switch|p2a: Metagross|Metagross-Mega, shiny|117\/301
|switch|p1a: Arcanine|Arcanine, M|380\/383
|-damage|p1a: Arcanine|285\/383|[from] Stealth Rock
|
|-heal|p1a: Arcanine|308\/383|[from] item: Leftovers
|turn|23
|
|switch|p2a: Heatran|Heatran, F, shiny|120\/386 par
|move|p1a: Arcanine|Flare Blitz|p2a: Heatran
|-start|p2a: Heatran|ability: Flash Fire
|
|-heal|p1a: Arcanine|331\/383|[from] item: Leftovers
|-heal|p2a: Heatran|144\/386 par|[from] item: Leftovers
|turn|24
|
|switch|p1a: Landorus-Therian|Landorus-Therian, M|358\/382
|-damage|p1a: Landorus-Therian|311\/382|[from] Stealth Rock
|-ability|p1a: Landorus-Therian|Intimidate|[of] p2a: Heatran
|-unboost|p2a: Heatran|atk|1
|move|p2a: Heatran|Taunt|p1a: Landorus-Therian
|-start|p1a: Landorus-Therian|move: Taunt
|
|-heal|p1a: Landorus-Therian|334\/382|[from] item: Leftovers
|-heal|p2a: Heatran|168\/386 par|[from] item: Leftovers
|turn|25
|
|switch|p2a: Landorus-Therian|Landorus-Therian, M|291\/319
|-ability|p2a: Landorus-Therian|Intimidate|[of] p1a: Landorus-Therian
|-unboost|p1a: Landorus-Therian|atk|1
|move|p1a: Landorus-Therian|Earthquake|p2a: Landorus-Therian
|-immune|p2a: Landorus-Therian|[msg]
|
|-heal|p1a: Landorus-Therian|357\/382|[from] item: Leftovers
|turn|26
|
|move|p2a: Landorus-Therian|U-turn|p1a: Landorus-Therian
|-resisted|p1a: Landorus-Therian
|-damage|p1a: Landorus-Therian|324\/382
|
|switch|p2a: Heatran|Heatran, F, shiny|168\/386 par
|move|p1a: Landorus-Therian|U-turn|p2a: Heatran
|-resisted|p2a: Heatran
|-damage|p2a: Heatran|157\/386 par
|
|switch|p1a: Magnezone|Magnezone|282\/282
|-damage|p1a: Magnezone|265\/282|[from] Stealth Rock
|
|-heal|p2a: Heatran|181\/386 par|[from] item: Leftovers
|turn|27
|
|move|p1a: Magnezone|Volt Switch|p2a: Heatran
|-damage|p2a: Heatran|88\/386 par
|
|switch|p1a: Landorus-Therian|Landorus-Therian, M|324\/382
|-damage|p1a: Landorus-Therian|277\/382|[from] Stealth Rock
|-ability|p1a: Landorus-Therian|Intimidate|[of] p2a: Heatran
|-unboost|p2a: Heatran|atk|1
|move|p2a: Heatran|Lava Plume|p1a: Landorus-Therian
|-damage|p1a: Landorus-Therian|133\/382
|-status|p1a: Landorus-Therian|brn
|
|-heal|p1a: Landorus-Therian|156\/382 brn|[from] item: Leftovers
|-heal|p2a: Heatran|112\/386 par|[from] item: Leftovers
|-damage|p1a: Landorus-Therian|109\/382 brn|[from] brn
|turn|28
|
|switch|p2a: Landorus-Therian|Landorus-Therian, M|291\/319
|-ability|p2a: Landorus-Therian|Intimidate|[of] p1a: Landorus-Therian
|-unboost|p1a: Landorus-Therian|atk|1
|move|p1a: Landorus-Therian|Earthquake|p2a: Landorus-Therian
|-immune|p2a: Landorus-Therian|[msg]
|
|-heal|p1a: Landorus-Therian|132\/382 brn|[from] item: Leftovers
|-damage|p1a: Landorus-Therian|85\/382 brn|[from] brn
|turn|29
|
|move|p2a: Landorus-Therian|U-turn|p1a: Landorus-Therian
|-resisted|p1a: Landorus-Therian
|-damage|p1a: Landorus-Therian|48\/382 brn
|
|switch|p2a: Metagross|Metagross-Mega, shiny|117\/301
|move|p1a: Landorus-Therian|Stealth Rock|p2a: Metagross
|-sidestart|p2: Dark Side of Moon|move: Stealth Rock
|
|-heal|p1a: Landorus-Therian|71\/382 brn|[from] item: Leftovers
|-damage|p1a: Landorus-Therian|24\/382 brn|[from] brn
|turn|30
|
|switch|p2a: Landorus-Therian|Landorus-Therian, M|291\/319
|-damage|p2a: Landorus-Therian|252\/319|[from] Stealth Rock
|-ability|p2a: Landorus-Therian|Intimidate|[of] p1a: Landorus-Therian
|-unboost|p1a: Landorus-Therian|atk|1
|move|p1a: Landorus-Therian|Earthquake|p2a: Landorus-Therian
|-immune|p2a: Landorus-Therian|[msg]
|
|-heal|p1a: Landorus-Therian|47\/382 brn|[from] item: Leftovers
|-damage|p1a: Landorus-Therian|0 fnt|[from] brn
|faint|p1a: Landorus-Therian
|
|switch|p1a: Ferrothorn|Ferrothorn, F|308\/352 brn
|-damage|p1a: Ferrothorn|286\/352 brn|[from] Stealth Rock
|turn|31
|
|move|p2a: Landorus-Therian|Earthquake|p1a: Ferrothorn
|-damage|p1a: Ferrothorn|144\/352 brn
|move|p1a: Ferrothorn|Leech Seed|p2a: Landorus-Therian
|-start|p2a: Landorus-Therian|move: Leech Seed
|
|-heal|p1a: Ferrothorn|166\/352 brn|[from] item: Leftovers
|-damage|p2a: Landorus-Therian|213\/319|[from] Leech Seed|[of] p1a: Ferrothorn
|-heal|p1a: Ferrothorn|205\/352 brn|[silent]
|-damage|p1a: Ferrothorn|161\/352 brn|[from] brn
|turn|32
|-message|oClassical forfeited.
|
|win|Dark Side of Moon
|raw|Ladder updating...