|join|Dark Side of Moon
|join|yutmuffin
|player|p1|Dark Side of Moon|161
|player|p2|yutmuffin|101
|gametype|singles
|gen|6
|tier|ORAS OU
|rated
|rule|Sleep Clause Mod: Limit one foe put to sleep
|rule|Species Clause: Limit one of each PokÃ©mon
|rule|OHKO Clause: OHKO moves are banned
|rule|Moody Clause: Moody is banned
|rule|Evasion Moves Clause: Evasion moves are banned
|rule|Endless Battle Clause: Forcing endless battles is banned
|rule|HP Percentage Mod: HP is shown in percentages
|clearpoke
|poke|p1|Metagross, shiny
|poke|p1|Landorus-Therian, M
|poke|p1|Zapdos
|poke|p1|Gengar, M, shiny
|poke|p1|Azumarill, M
|poke|p1|Heatran, F, shiny
|poke|p2|Gliscor, F
|poke|p2|Breloom, M
|poke|p2|Bisharp, M
|poke|p2|Magnezone
|poke|p2|Heatran, F
|poke|p2|Gardevoir, M
|rule|Swagger Clause: Swagger is banned
|rule|Baton Pass Clause: Limit one PokÃ©mon knowing Baton Pass
|teampreview
|join|Liem A
|
|start
|switch|p1a: Gengar|Gengar, M, shiny|261\/261
|switch|p2a: Bisharp|Bisharp, M|334\/334
|turn|1
|
|move|p1a: Gengar|Will-O-Wisp|p2a: Bisharp
|-status|p2a: Bisharp|brn
|move|p2a: Bisharp|Knock Off|p1a: Gengar
|-supereffective|p1a: Gengar
|-damage|p1a: Gengar|0 fnt
|-enditem|p1a: Gengar|Life Orb|[from] move: Knock Off|[of] p2a: Bisharp
|-damage|p2a: Bisharp|301\/334 brn|[from] item: Life Orb
|faint|p1a: Gengar
|
|-damage|p2a: Bisharp|260\/334 brn|[from] brn
|
|switch|p1a: Heatran|Heatran, F, shiny|386\/386
|turn|2
|
|switch|p2a: Heatran|Heatran, F|324\/324
|-item|p2a: Heatran|Air Balloon
|move|p1a: Heatran|Stealth Rock|p2a: Heatran
|-sidestart|p2: yutmuffin|move: Stealth Rock
|
|turn|3
|
|switch|p1a: Azumarill|Azumarill, M|401\/401
|move|p2a: Heatran|Earth Power|p1a: Azumarill
|-damage|p1a: Azumarill|308\/401
|
|turn|4
|
|switch|p2a: Magnezone|Magnezone|344\/344
|-damage|p2a: Magnezone|323\/344|[from] Stealth Rock
|move|p1a: Azumarill|Aqua Jet|p2a: Magnezone
|-damage|p2a: Magnezone|239\/344
|
|turn|5
|
|switch|p1a: Landorus-Therian|Landorus-Therian, M|319\/319
|-ability|p1a: Landorus-Therian|Intimidate|[of] p2a: Magnezone
|-unboost|p2a: Magnezone|atk|1
|move|p2a: Magnezone|Flash Cannon|p1a: Landorus-Therian
|-damage|p1a: Landorus-Therian|142\/319
|
|turn|6
|
|switch|p2a: Gliscor|Gliscor, F|354\/354
|-damage|p2a: Gliscor|310\/354|[from] Stealth Rock
|move|p1a: Landorus-Therian|U-turn|p2a: Gliscor
|-resisted|p2a: Gliscor
|-damage|p2a: Gliscor|280\/354
|
|switch|p1a: Metagross|Metagross, shiny|301\/301
|
|-status|p2a: Gliscor|tox|[from] item: Toxic Orb
|turn|7
|
|detailschange|p1a: Metagross|Metagross-Mega, shiny
|message|Metagross has Mega Evolved into Mega Metagross!
|move|p1a: Metagross|Meteor Mash|p2a: Gliscor
|-damage|p2a: Gliscor|141\/354 tox
|move|p2a: Gliscor|Earthquake|p1a: Metagross
|-supereffective|p1a: Metagross
|-damage|p1a: Metagross|151\/301
|
|-heal|p2a: Gliscor|185\/354 tox|[from] ability: Poison Heal
|turn|8
|
|switch|p1a: Landorus-Therian|Landorus-Therian, M|142\/319
|-ability|p1a: Landorus-Therian|Intimidate|[of] p2a: Gliscor
|-unboost|p2a: Gliscor|atk|1
|move|p2a: Gliscor|Roost|p2a: Gliscor
|-heal|p2a: Gliscor|354\/354 tox
|
|turn|9
|
|move|p1a: Landorus-Therian|Explosion|p2a: Gliscor
|-damage|p2a: Gliscor|152\/354 tox
|faint|p1a: Landorus-Therian
|move|p2a: Gliscor|Stealth Rock|p1: Landorus-Therian
|-sidestart|p1: Dark Side of Moon|move: Stealth Rock
|
|-heal|p2a: Gliscor|196\/354 tox|[from] ability: Poison Heal
|-message|Dark Side of Moon forfeited.
|
|win|yutmuffin
|raw|Ladder updating...
|leave|Dark Side of Moon
|player|p1
|raw|Dark Side of Moon's rating: 1268 &rarr; <strong>1241<\/strong><br \/>(-27 for losing)
|raw|yutmuffin's rating: 1237 &rarr; <strong>1264<\/strong><br \/>(+27 for winning)
|leave|yutmuffin
|player|p2