|join|Das ist sparta!
|join|Dark Side of Moon
|player|p1|Das ist sparta!|222
|player|p2|Dark Side of Moon|161
|gametype|singles
|gen|6
|tier|ORAS OU
|rated
|rule|Sleep Clause Mod: Limit one foe put to sleep
|rule|Species Clause: Limit one of each PokÃ©mon
|rule|OHKO Clause: OHKO moves are banned
|rule|Moody Clause: Moody is banned
|rule|Evasion Moves Clause: Evasion moves are banned
|rule|Endless Battle Clause: Forcing endless battles is banned
|rule|HP Percentage Mod: HP is shown in percentages
|clearpoke
|poke|p1|Salamence, F
|poke|p1|Gyarados, M
|poke|p1|Chansey, F
|poke|p1|Ferrothorn, F
|poke|p1|Gardevoir, F
|poke|p1|Thundurus, M
|poke|p2|Metagross, shiny
|poke|p2|Landorus-Therian, M
|poke|p2|Zapdos
|poke|p2|Gengar, M, shiny
|poke|p2|Azumarill, M
|poke|p2|Heatran, M, shiny
|rule|Swagger Clause: Swagger is banned
|rule|Baton Pass Clause: Limit one PokÃ©mon knowing Baton Pass
|teampreview
|c|âDas ist sparta!|gl hf
|c|âDark Side of Moon|gl
|join|Liem A
|
|start
|switch|p1a: Gyarados|Gyarados, M|332\/332
|switch|p2a: Zapdos|Zapdos|383\/383
|-ability|p1a: Gyarados|Intimidate|[of] p2a: Zapdos
|-unboost|p2a: Zapdos|atk|1
|-ability|p2a: Zapdos|Pressure
|turn|1
|
|switch|p2a: Heatran|Heatran, M, shiny|386\/386
|move|p1a: Gyarados|Substitute|p1a: Gyarados
|-start|p1a: Gyarados|Substitute
|-damage|p1a: Gyarados|249\/332
|
|-heal|p1a: Gyarados|269\/332|[from] item: Leftovers
|turn|2
|c|âDark Side of Moon|lol
|c|âDark Side of Moon|.......
|c|âDas ist sparta!|I outsped
|
|switch|p2a: Zapdos|Zapdos|383\/383
|-ability|p2a: Zapdos|Pressure
|move|p1a: Gyarados|Waterfall|p2a: Zapdos
|-damage|p2a: Zapdos|268\/383
|
|-heal|p1a: Gyarados|289\/332|[from] item: Leftovers
|-heal|p2a: Zapdos|291\/383|[from] item: Leftovers
|turn|3
|
|move|p1a: Gyarados|Waterfall|p2a: Zapdos
|-damage|p2a: Zapdos|165\/383
|move|p2a: Zapdos|Thunderbolt|p1a: Gyarados
|-supereffective|p1a: Gyarados
|-end|p1a: Gyarados|Substitute
|
|-heal|p1a: Gyarados|309\/332|[from] item: Leftovers
|-heal|p2a: Zapdos|188\/383|[from] item: Leftovers
|turn|4
|
|switch|p1a: Chansey|Chansey, F|704\/704
|move|p2a: Zapdos|Roost|p2a: Zapdos
|-heal|p2a: Zapdos|380\/383
|
|-heal|p2a: Zapdos|383\/383|[from] item: Leftovers
|turn|5
|
|switch|p2a: Gengar|Gengar, M, shiny|261\/261
|move|p1a: Chansey|Toxic|p2a: Gengar
|-fail|p2a: Gengar
|
|turn|6
|
|switch|p1a: Thundurus|Thundurus, M|299\/299
|move|p2a: Gengar|Will-O-Wisp|p1a: Thundurus|[miss]
|-miss|p2a: Gengar|p1a: Thundurus
|
|turn|7
|
|switch|p2a: Heatran|Heatran, M, shiny|386\/386
|move|p1a: Thundurus|Knock Off|p2a: Heatran
|-damage|p2a: Heatran|274\/386
|-enditem|p2a: Heatran|Leftovers|[from] move: Knock Off|[of] p1a: Thundurus
|-damage|p1a: Thundurus|270\/299|[from] item: Life Orb
|
|turn|8
|
|switch|p2a: Landorus-Therian|Landorus-Therian, M|319\/319
|-ability|p2a: Landorus-Therian|Intimidate|[of] p1a: Thundurus
|-unboost|p1a: Thundurus|atk|1
|move|p1a: Thundurus|Volt Switch|p2a: Landorus-Therian
|-immune|p2a: Landorus-Therian|[msg]
|
|turn|9
|
|move|p2a: Landorus-Therian|U-turn|p1a: Thundurus
|-resisted|p1a: Thundurus
|-damage|p1a: Thundurus|208\/299
|
|switch|p2a: Heatran|Heatran, M, shiny|274\/386
|move|p1a: Thundurus|Knock Off|p2a: Heatran
|-damage|p2a: Heatran|230\/386
|-damage|p1a: Thundurus|179\/299|[from] item: Life Orb
|
|turn|10
|
|switch|p1a: Gyarados|Gyarados, M|309\/332
|-ability|p1a: Gyarados|Intimidate|[of] p2a: Heatran
|-unboost|p2a: Heatran|atk|1
|move|p2a: Heatran|Stealth Rock|p1a: Gyarados
|-sidestart|p1: Das ist sparta!|move: Stealth Rock
|
|-heal|p1a: Gyarados|329\/332|[from] item: Leftovers
|turn|11
|
|switch|p2a: Zapdos|Zapdos|383\/383
|-ability|p2a: Zapdos|Pressure
|move|p1a: Gyarados|Waterfall|p2a: Zapdos
|-damage|p2a: Zapdos|250\/383
|
|-heal|p1a: Gyarados|332\/332|[from] item: Leftovers
|-heal|p2a: Zapdos|273\/383|[from] item: Leftovers
|turn|12
|
|move|p1a: Gyarados|Substitute|p1a: Gyarados
|-start|p1a: Gyarados|Substitute
|-damage|p1a: Gyarados|249\/332
|move|p2a: Zapdos|Thunderbolt|p1a: Gyarados
|-supereffective|p1a: Gyarados
|-end|p1a: Gyarados|Substitute
|
|-heal|p1a: Gyarados|269\/332|[from] item: Leftovers
|-heal|p2a: Zapdos|296\/383|[from] item: Leftovers
|turn|13
|
|switch|p1a: Gardevoir|Gardevoir, F|278\/278
|-damage|p1a: Gardevoir|244\/278|[from] Stealth Rock
|-ability|p1a: Gardevoir|Pressure|[from] ability: Trace|[of] p2a: Zapdos
|-ability|p1a: Gardevoir|Pressure
|move|p2a: Zapdos|Thunderbolt|p1a: Gardevoir
|-damage|p1a: Gardevoir|120\/278
|
|-heal|p2a: Zapdos|319\/383|[from] item: Leftovers
|turn|14
|
|move|p1a: Gardevoir|Moonblast|p2a: Zapdos
|-damage|p2a: Zapdos|139\/383
|move|p2a: Zapdos|Roost|p2a: Zapdos
|-heal|p2a: Zapdos|331\/383
|
|-heal|p2a: Zapdos|354\/383|[from] item: Leftovers
|turn|15
|
|switch|p1a: Chansey|Chansey, F|704\/704
|-damage|p1a: Chansey|616\/704|[from] Stealth Rock
|move|p2a: Zapdos|Roost|p2a: Zapdos
|-heal|p2a: Zapdos|383\/383
|
|turn|16
|
|switch|p2a: Gengar|Gengar, M, shiny|261\/261
|switch|p1a: Gardevoir|Gardevoir, F|120\/278
|-damage|p1a: Gardevoir|86\/278|[from] Stealth Rock
|-ability|p1a: Gardevoir|Levitate|[from] ability: Trace|[of] p2a: Gengar
|
|turn|17
|
|switch|p2a: Metagross|Metagross, shiny|301\/301
|move|p1a: Gardevoir|Psyshock|p2a: Metagross
|-resisted|p2a: Metagross
|-damage|p2a: Metagross|276\/301
|
|turn|18
|
|switch|p1a: Ferrothorn|Ferrothorn, F|352\/352
|-damage|p1a: Ferrothorn|330\/352|[from] Stealth Rock
|detailschange|p2a: Metagross|Metagross-Mega, shiny
|message|Metagross has Mega Evolved into Mega Metagross!
|move|p2a: Metagross|Hammer Arm|p1a: Ferrothorn
|-supereffective|p1a: Ferrothorn
|-damage|p1a: Ferrothorn|120\/352
|-damage|p2a: Metagross|239\/301|[from] ability: Iron Barbs|[of] p1a: Ferrothorn
|-damage|p2a: Metagross|189\/301|[from] item: Rocky Helmet|[of] p1a: Ferrothorn
|-unboost|p2a: Metagross|spe|1
|
|turn|19
|
|move|p2a: Metagross|Hammer Arm|p1a: Ferrothorn|[miss]
|-miss|p2a: Metagross|p1a: Ferrothorn
|move|p1a: Ferrothorn|Leech Seed|p2a: Metagross
|-start|p2a: Metagross|move: Leech Seed
|
|-damage|p2a: Metagross|152\/301|[from] Leech Seed|[of] p1a: Ferrothorn
|-heal|p1a: Ferrothorn|157\/352|[silent]
|turn|20
|
|switch|p2a: Zapdos|Zapdos|383\/383
|-ability|p2a: Zapdos|Pressure
|switch|p1a: Gyarados|Gyarados, M|269\/332
|-damage|p1a: Gyarados|186\/332|[from] Stealth Rock
|-ability|p1a: Gyarados|Intimidate|[of] p2a: Zapdos
|-unboost|p2a: Zapdos|atk|1
|
|-heal|p1a: Gyarados|206\/332|[from] item: Leftovers
|turn|21
|
|switch|p1a: Ferrothorn|Ferrothorn, F|157\/352
|-damage|p1a: Ferrothorn|135\/352|[from] Stealth Rock
|move|p2a: Zapdos|Thunderbolt|p1a: Ferrothorn
|-resisted|p1a: Ferrothorn
|-damage|p1a: Ferrothorn|78\/352
|
|turn|22
|
|move|p2a: Zapdos|Heat Wave|p1a: Ferrothorn
|-supereffective|p1a: Ferrothorn
|-damage|p1a: Ferrothorn|0 fnt
|faint|p1a: Ferrothorn
|
|
|switch|p1a: Chansey|Chansey, F|616\/704
|-damage|p1a: Chansey|528\/704|[from] Stealth Rock
|turn|23
|
|switch|p2a: Gengar|Gengar, M, shiny|261\/261
|move|p1a: Chansey|Toxic|p2a: Gengar|[miss]
|-miss|p1a: Chansey|p2a: Gengar
|
|turn|24
|
|move|p2a: Gengar|Will-O-Wisp|p1a: Chansey
|-status|p1a: Chansey|brn
|move|p1a: Chansey|Seismic Toss|p2a: Gengar
|-immune|p2a: Gengar|[msg]
|
|-damage|p1a: Chansey|440\/704 brn|[from] brn
|turn|25
|
|move|p2a: Gengar|Sludge Wave|p1a: Chansey
|-damage|p1a: Chansey|300\/704 brn
|-damage|p2a: Gengar|235\/261|[from] item: Life Orb
|move|p1a: Chansey|Soft-Boiled|p1a: Chansey
|-heal|p1a: Chansey|652\/704 brn
|
|-damage|p1a: Chansey|564\/704 brn|[from] brn
|turn|26
|
|switch|p1a: Salamence|Salamence, F|331\/331
|-damage|p1a: Salamence|249\/331|[from] Stealth Rock
|-ability|p1a: Salamence|Intimidate|[of] p2a: Gengar
|-unboost|p2a: Gengar|atk|1
|move|p2a: Gengar|Sludge Wave|p1a: Salamence
|-damage|p1a: Salamence|0 fnt
|-damage|p2a: Gengar|209\/261|[from] item: Life Orb
|faint|p1a: Salamence
|
|
|switch|p1a: Gardevoir|Gardevoir, F|86\/278
|-damage|p1a: Gardevoir|52\/278|[from] Stealth Rock
|-ability|p1a: Gardevoir|Levitate|[from] ability: Trace|[of] p2a: Gengar
|turn|27
|
|switch|p2a: Metagross|Metagross-Mega, shiny|152\/301
|move|p1a: Gardevoir|Focus Blast|p2a: Metagross
|-damage|p2a: Metagross|32\/301
|
|turn|28
|
|move|p2a: Metagross|Bullet Punch|p1a: Gardevoir
|-supereffective|p1a: Gardevoir
|-damage|p1a: Gardevoir|0 fnt
|faint|p1a: Gardevoir
|
|
|switch|p1a: Gyarados|Gyarados, M|206\/332
|-damage|p1a: Gyarados|123\/332|[from] Stealth Rock
|-ability|p1a: Gyarados|Intimidate|[of] p2a: Metagross
|-unboost|p2a: Metagross|atk|1
|turn|29
|
|move|p2a: Metagross|Zen Headbutt|p1a: Gyarados
|-damage|p1a: Gyarados|0 fnt
|faint|p1a: Gyarados
|
|
|switch|p1a: Thundurus|Thundurus, M|179\/299
|-damage|p1a: Thundurus|105\/299|[from] Stealth Rock
|turn|30
|
|switch|p2a: Landorus-Therian|Landorus-Therian, M|319\/319
|-ability|p2a: Landorus-Therian|Intimidate|[of] p1a: Thundurus
|-unboost|p1a: Thundurus|atk|1
|move|p1a: Thundurus|Thunder Wave|p2a: Landorus-Therian
|-immune|p2a: Landorus-Therian|[msg]
|
|turn|31
|
|move|p2a: Landorus-Therian|Explosion|p1a: Thundurus
|-damage|p1a: Thundurus|0 fnt
|faint|p2a: Landorus-Therian
|faint|p1a: Thundurus
|
|c|âDas ist sparta!|gg
|
|switch|p2a: Gengar|Gengar, M, shiny|209\/261
|switch|p1a: Chansey|Chansey, F|564\/704
|-damage|p1a: Chansey|476\/704|[from] Stealth Rock
|turn|32
|c|âDark Side of Moon|gg
|-message|Das ist sparta! forfeited.
|
|win|Dark Side of Moon
|raw|Ladder updating...
|raw|Das ist sparta!'s rating: 1208 &rarr; <strong>1185<\/strong><br \/>(-23 for losing)
|raw|Dark Side of Moon's rating: 1246 &rarr; <strong>1268<\/strong><br \/>(+22 for winning)
|leave|Dark Side of Moon
|player|p2
|leave|Das ist sparta!
|player|p1