|join|Dark Side of Moon
|join|loserbaby
|player|p1|Dark Side of Moon|161
|player|p2|loserbaby|2
|gametype|singles
|gen|6
|tier|ORAS OU
|rule|Sleep Clause Mod: Limit one foe put to sleep
|rule|Species Clause: Limit one of each PokÃ©mon
|rule|OHKO Clause: OHKO moves are banned
|rule|Moody Clause: Moody is banned
|rule|Evasion Moves Clause: Evasion moves are banned
|rule|Endless Battle Clause: Forcing endless battles is banned
|rule|HP Percentage Mod: HP is shown in percentages
|clearpoke
|poke|p1|Diancie
|poke|p1|Ferrothorn, M
|poke|p1|Landorus-Therian, M, shiny
|poke|p1|Slowbro, M, shiny
|poke|p1|Conkeldurr, M, shiny
|poke|p1|Greninja, M, shiny
|poke|p2|Gyarados, M
|poke|p2|Reuniclus, F
|poke|p2|Noivern, F
|poke|p2|Breloom, M
|poke|p2|Latias, F
|poke|p2|Heatran, F
|rule|Swagger Clause: Swagger is banned
|rule|Baton Pass Clause: Limit one PokÃ©mon knowing Baton Pass
|teampreview
|
|start
|switch|p1a: Landorus-Therian|Landorus-Therian, M, shiny|319\/319
|switch|p2a: Reuniclus|Reuniclus, F|424\/424
|-ability|p1a: Landorus-Therian|Intimidate|[of] p2a: Reuniclus
|-unboost|p2a: Reuniclus|atk|1
|turn|1
|
|move|p1a: Landorus-Therian|U-turn|p2a: Reuniclus
|-supereffective|p2a: Reuniclus
|-damage|p2a: Reuniclus|266\/424
|
|switch|p1a: Slowbro|Slowbro, M, shiny|394\/394
|move|p2a: Reuniclus|Focus Blast|p1a: Slowbro
|-resisted|p1a: Slowbro
|-damage|p1a: Slowbro|331\/394
|
|-heal|p2a: Reuniclus|292\/424|[from] item: Leftovers
|-heal|p1a: Slowbro|355\/394|[from] item: Leftovers
|turn|2
|
|switch|p1a: Conkeldurr|Conkeldurr, M, shiny|361\/361
|move|p2a: Reuniclus|Calm Mind|p2a: Reuniclus
|-boost|p2a: Reuniclus|spa|1
|-boost|p2a: Reuniclus|spd|1
|
|-heal|p2a: Reuniclus|318\/424|[from] item: Leftovers
|turn|3
|
|move|p1a: Conkeldurr|Knock Off|p2a: Reuniclus
|-supereffective|p2a: Reuniclus
|-damage|p2a: Reuniclus|102\/424
|-enditem|p2a: Reuniclus|Leftovers|[from] move: Knock Off|[of] p1a: Conkeldurr
|move|p2a: Reuniclus|Recover|p2a: Reuniclus
|-heal|p2a: Reuniclus|314\/424
|
|turn|4
|
|switch|p1a: Landorus-Therian|Landorus-Therian, M, shiny|319\/319
|-ability|p1a: Landorus-Therian|Intimidate|[of] p2a: Reuniclus
|-unboost|p2a: Reuniclus|atk|1
|move|p2a: Reuniclus|Recover|p2a: Reuniclus
|-heal|p2a: Reuniclus|424\/424
|
|turn|5
|
|move|p1a: Landorus-Therian|U-turn|p2a: Reuniclus
|-supereffective|p2a: Reuniclus
|-damage|p2a: Reuniclus|262\/424
|
|switch|p1a: Diancie|Diancie|241\/241
|move|p2a: Reuniclus|Focus Blast|p1a: Diancie
|-damage|p1a: Diancie|127\/241
|
|turn|6
|
|move|p1a: Diancie|Calm Mind|p1a: Diancie
|-boost|p1a: Diancie|spa|1
|-boost|p1a: Diancie|spd|1
|move|p2a: Reuniclus|Recover|p2a: Reuniclus
|-heal|p2a: Reuniclus|424\/424
|
|turn|7
|
|detailschange|p1a: Diancie|Diancie-Mega
|message|Diancie has Mega Evolved into Mega Diancie!
|move|p1a: Diancie|Moonblast|p2a: Reuniclus
|-damage|p2a: Reuniclus|208\/424
|move|p2a: Reuniclus|Psyshock|p1a: Diancie
|-crit|p1a: Diancie
|-damage|p1a: Diancie|0 fnt
|faint|p1a: Diancie
|
|
|switch|p1a: Greninja|Greninja, M, shiny|285\/285
|turn|8
|
|move|p1a: Greninja|Dark Pulse|p2a: Reuniclus
|-start|p1a: Greninja|typechange|Dark|[from] Protean
|-supereffective|p2a: Reuniclus
|-damage|p2a: Reuniclus|0 fnt
|-damage|p1a: Greninja|257\/285|[from] item: Life Orb
|faint|p2a: Reuniclus
|
|
|switch|p2a: Noivern|Noivern, F|311\/311
|turn|9
|
|switch|p1a: Slowbro|Slowbro, M, shiny|394\/394
|move|p2a: Noivern|U-turn|p1a: Slowbro
|-supereffective|p1a: Slowbro
|-damage|p1a: Slowbro|336\/394
|
|switch|p2a: Gyarados|Gyarados, M|331\/331
|-ability|p2a: Gyarados|Intimidate|[of] p1a: Slowbro
|-unboost|p1a: Slowbro|atk|1
|
|-heal|p1a: Slowbro|360\/394|[from] item: Leftovers
|turn|10
|
|switch|p1a: Ferrothorn|Ferrothorn, M|352\/352
|move|p2a: Gyarados|Taunt|p1a: Ferrothorn
|-start|p1a: Ferrothorn|move: Taunt
|
|turn|11
|
|switch|p2a: Heatran|Heatran, F|326\/326
|-item|p2a: Heatran|Air Balloon
|move|p1a: Ferrothorn|Power Whip|p2a: Heatran
|-resisted|p2a: Heatran
|-damage|p2a: Heatran|292\/326
|-enditem|p2a: Heatran|Air Balloon
|
|turn|12
|
|switch|p1a: Conkeldurr|Conkeldurr, M, shiny|361\/361
|move|p2a: Heatran|Stealth Rock|p1a: Conkeldurr
|-sidestart|p1: Dark Side of Moon|move: Stealth Rock
|
|turn|13
|
|move|p2a: Heatran|Lava Plume|p1a: Conkeldurr
|-damage|p1a: Conkeldurr|258\/361
|move|p1a: Conkeldurr|Drain Punch|p2a: Heatran
|-crit|p2a: Heatran
|-supereffective|p2a: Heatran
|-damage|p2a: Heatran|0 fnt
|-heal|p1a: Conkeldurr|361\/361|[from] drain|[of] p2a: Heatran
|faint|p2a: Heatran
|
|
|switch|p2a: Latias|Latias, F|301\/301
|turn|14
|
|switch|p1a: Ferrothorn|Ferrothorn, M|352\/352
|-damage|p1a: Ferrothorn|330\/352|[from] Stealth Rock
|move|p2a: Latias|Psyshock|p1a: Ferrothorn
|-resisted|p1a: Ferrothorn
|-damage|p1a: Ferrothorn|274\/352
|-damage|p2a: Latias|271\/301|[from] item: Life Orb
|
|-heal|p1a: Ferrothorn|296\/352|[from] item: Leftovers
|turn|15
|
|switch|p2a: Noivern|Noivern, F|311\/311
|switch|p1a: Greninja|Greninja, M, shiny|257\/285
|-damage|p1a: Greninja|222\/285|[from] Stealth Rock
|
|turn|16
|
|switch|p1a: Slowbro|Slowbro, M, shiny|394\/394
|-damage|p1a: Slowbro|345\/394|[from] Stealth Rock
|move|p2a: Noivern|U-turn|p1a: Slowbro
|-supereffective|p1a: Slowbro
|-damage|p1a: Slowbro|293\/394
|
|switch|p2a: Gyarados|Gyarados, M|331\/331
|-ability|p2a: Gyarados|Intimidate|[of] p1a: Slowbro
|-unboost|p1a: Slowbro|atk|1
|
|-heal|p1a: Slowbro|317\/394|[from] item: Leftovers
|turn|17
|
|switch|p1a: Landorus-Therian|Landorus-Therian, M, shiny|319\/319
|-damage|p1a: Landorus-Therian|280\/319|[from] Stealth Rock
|-ability|p1a: Landorus-Therian|Intimidate|[of] p2a: Gyarados
|-unboost|p2a: Gyarados|atk|1
|move|p2a: Gyarados|Taunt|p1a: Landorus-Therian
|-start|p1a: Landorus-Therian|move: Taunt
|
|turn|18
|
|switch|p2a: Noivern|Noivern, F|311\/311
|move|p1a: Landorus-Therian|Explosion|p2a: Noivern
|-damage|p2a: Noivern|0 fnt
|faint|p1a: Landorus-Therian
|faint|p2a: Noivern
|
|
|switch|p2a: Breloom|Breloom, M|261\/261
|switch|p1a: Ferrothorn|Ferrothorn, M|296\/352
|-damage|p1a: Ferrothorn|274\/352|[from] Stealth Rock
|turn|19
|
|move|p2a: Breloom|Mach Punch|p1a: Ferrothorn
|-supereffective|p1a: Ferrothorn
|-damage|p1a: Ferrothorn|128\/352
|-damage|p2a: Breloom|229\/261|[from] ability: Iron Barbs|[of] p1a: Ferrothorn
|move|p1a: Ferrothorn|Gyro Ball|p2a: Breloom
|-damage|p2a: Breloom|40\/261
|
|-heal|p1a: Ferrothorn|150\/352|[from] item: Leftovers
|turn|20
|
|move|p2a: Breloom|Mach Punch|p1a: Ferrothorn
|-supereffective|p1a: Ferrothorn
|-damage|p1a: Ferrothorn|0 fnt
|-damage|p2a: Breloom|8\/261|[from] ability: Iron Barbs|[of] p1a: Ferrothorn
|faint|p1a: Ferrothorn
|
|
|switch|p1a: Conkeldurr|Conkeldurr, M, shiny|361\/361
|-damage|p1a: Conkeldurr|339\/361|[from] Stealth Rock
|turn|21
|
|switch|p2a: Latias|Latias, F|271\/301
|move|p1a: Conkeldurr|Mach Punch|p2a: Latias
|-resisted|p2a: Latias
|-damage|p2a: Latias|222\/301
|
|turn|22
|
|move|p2a: Latias|Draco Meteor|p1a: Conkeldurr
|-damage|p1a: Conkeldurr|140\/361
|-unboost|p2a: Latias|spa|2
|-damage|p2a: Latias|192\/301|[from] item: Life Orb
|move|p1a: Conkeldurr|Knock Off|p2a: Latias
|-supereffective|p2a: Latias
|-damage|p2a: Latias|0 fnt
|-enditem|p2a: Latias|Life Orb|[from] move: Knock Off|[of] p1a: Conkeldurr
|faint|p2a: Latias
|
|
|switch|p2a: Gyarados|Gyarados, M|331\/331
|-ability|p2a: Gyarados|Intimidate|[of] p1a: Conkeldurr
|-unboost|p1a: Conkeldurr|atk|1
|turn|23
|
|switch|p1a: Slowbro|Slowbro, M, shiny|394\/394
|-damage|p1a: Slowbro|345\/394|[from] Stealth Rock
|move|p2a: Gyarados|Dragon Dance|p2a: Gyarados
|-boost|p2a: Gyarados|atk|1
|-boost|p2a: Gyarados|spe|1
|
|-heal|p1a: Slowbro|369\/394|[from] item: Leftovers
|turn|24
|
|move|p2a: Gyarados|Taunt|p1a: Slowbro
|-start|p1a: Slowbro|move: Taunt
|cant|p1a: Slowbro|move: Taunt|Toxic
|
|-heal|p1a: Slowbro|393\/394|[from] item: Leftovers
|turn|25
|
|move|p2a: Gyarados|Dragon Dance|p2a: Gyarados
|-boost|p2a: Gyarados|atk|1
|-boost|p2a: Gyarados|spe|1
|move|p1a: Slowbro|Scald|p2a: Gyarados
|-resisted|p2a: Gyarados
|-damage|p2a: Gyarados|281\/331
|-status|p2a: Gyarados|brn
|
|-heal|p1a: Slowbro|394\/394|[from] item: Leftovers
|-damage|p2a: Gyarados|240\/331 brn|[from] brn
|turn|26
|c|âloserbaby|goddamit
|
|detailschange|p2a: Gyarados|Gyarados-Mega, M
|message|Gyarados has Mega Evolved into Mega Gyarados!
|-ability|p2a: Gyarados|Mold Breaker
|move|p2a: Gyarados|Crunch|p1a: Slowbro
|-supereffective|p1a: Slowbro
|-damage|p1a: Slowbro|166\/394
|move|p1a: Slowbro|Scald|p2a: Gyarados
|-resisted|p2a: Gyarados
|-damage|p2a: Gyarados|199\/331 brn
|
|-heal|p1a: Slowbro|190\/394|[from] item: Leftovers
|-damage|p2a: Gyarados|158\/331 brn|[from] brn
|-end|p1a: Slowbro|move: Taunt
|turn|27
|c|âDark Side of Moon|should've went for a crunch at 1
|
|move|p2a: Gyarados|Crunch|p1a: Slowbro
|-supereffective|p1a: Slowbro
|-damage|p1a: Slowbro|0 fnt
|faint|p1a: Slowbro
|
|-damage|p2a: Gyarados|117\/331 brn|[from] brn
|
|switch|p1a: Greninja|Greninja, M, shiny|222\/285
|-damage|p1a: Greninja|187\/285|[from] Stealth Rock
|turn|28
|
|move|p2a: Gyarados|Waterfall|p1a: Greninja
|-resisted|p1a: Greninja
|-damage|p1a: Greninja|82\/285
|move|p1a: Greninja|Dark Pulse|p2a: Gyarados
|-start|p1a: Greninja|typechange|Dark|[from] Protean
|-crit|p2a: Gyarados
|-resisted|p2a: Gyarados
|-damage|p2a: Gyarados|18\/331 brn
|-damage|p1a: Greninja|54\/285|[from] item: Life Orb
|
|-damage|p2a: Gyarados|0 fnt|[from] brn
|faint|p2a: Gyarados
|
|switch|p2a: Breloom|Breloom, M|8\/261
|turn|29
|
|move|p2a: Breloom|Mach Punch|p1a: Greninja
|-supereffective|p1a: Greninja
|-damage|p1a: Greninja|0 fnt
|faint|p1a: Greninja
|
|
|switch|p1a: Conkeldurr|Conkeldurr, M, shiny|140\/361
|-damage|p1a: Conkeldurr|118\/361|[from] Stealth Rock
|turn|30
|c|âloserbaby|absolute max roll wins lol
|
|move|p2a: Breloom|Mach Punch|p1a: Conkeldurr
|-damage|p1a: Conkeldurr|0 fnt
|faint|p1a: Conkeldurr
|
|win|loserbaby
|c|âDark Side of Moon|gg
|c|âloserbaby|not even bad
|c|âloserbaby|gg
|leave|Dark Side of Moon
|player|p1