|join|Dark Side of Moon
|join|zollow
|player|p1|Dark Side of Moon|161
|player|p2|zollow|80
|gametype|singles
|gen|6
|tier|ORAS OU
|rated
|rule|Sleep Clause Mod: Limit one foe put to sleep
|rule|Species Clause: Limit one of each PokÃ©mon
|rule|OHKO Clause: OHKO moves are banned
|rule|Moody Clause: Moody is banned
|rule|Evasion Moves Clause: Evasion moves are banned
|rule|Endless Battle Clause: Forcing endless battles is banned
|rule|HP Percentage Mod: HP is shown in percentages
|clearpoke
|poke|p1|Diancie
|poke|p1|Ferrothorn, F
|poke|p1|Landorus-Therian, M, shiny
|poke|p1|Slowbro, M, shiny
|poke|p1|Conkeldurr, M, shiny
|poke|p1|Greninja, M, shiny
|poke|p2|Azumarill, M, shiny
|poke|p2|Diancie
|poke|p2|Heatran, F, shiny
|poke|p2|Landorus-Therian, M, shiny
|poke|p2|Conkeldurr, M, shiny
|poke|p2|Latios, M, shiny
|rule|Swagger Clause: Swagger is banned
|rule|Baton Pass Clause: Limit one PokÃ©mon knowing Baton Pass
|teampreview
|join|Liem A
|
|start
|switch|p1a: Landorus-Therian|Landorus-Therian, M, shiny|319\/319
|switch|p2a: Landorus-Therian|Landorus-Therian, M, shiny|319\/319
|-ability|p1a: Landorus-Therian|Intimidate|[of] p2a: Landorus-Therian
|-unboost|p2a: Landorus-Therian|atk|1
|-ability|p2a: Landorus-Therian|Intimidate|[of] p1a: Landorus-Therian
|-unboost|p1a: Landorus-Therian|atk|1
|turn|1
|
|move|p2a: Landorus-Therian|U-turn|p1a: Landorus-Therian
|-resisted|p1a: Landorus-Therian
|-damage|p1a: Landorus-Therian|284\/319
|
|switch|p2a: Heatran|Heatran, F, shiny|386\/386
|move|p1a: Landorus-Therian|U-turn|p2a: Heatran
|-resisted|p2a: Heatran
|-damage|p2a: Heatran|375\/386
|
|switch|p1a: Diancie|Diancie|241\/241
|
|-heal|p2a: Heatran|386\/386|[from] item: Leftovers
|turn|2
|
|detailschange|p1a: Diancie|Diancie-Mega
|message|Diancie has Mega Evolved into Mega Diancie!
|move|p1a: Diancie|Moonblast|p2a: Heatran
|-resisted|p2a: Heatran
|-damage|p2a: Heatran|337\/386
|-unboost|p2a: Heatran|spa|1
|move|p2a: Heatran|Roar|p1a: Diancie
|move|p1a: Diancie|Roar|p2a: Heatran|[from]Magic Bounce
|drag|p2a: Azumarill|Azumarill, M, shiny|404\/404
|
|turn|3
|
|switch|p1a: Ferrothorn|Ferrothorn, F|352\/352
|move|p2a: Azumarill|Belly Drum|p2a: Azumarill
|-damage|p2a: Azumarill|202\/404
|-setboost|p2a: Azumarill|atk|6|[from] move: Belly Drum
|-enditem|p2a: Azumarill|Sitrus Berry|[eat]
|-heal|p2a: Azumarill|303\/404|[from] item: Sitrus Berry
|
|turn|4
|
|move|p2a: Azumarill|Superpower|p1a: Ferrothorn
|-supereffective|p1a: Ferrothorn
|-damage|p1a: Ferrothorn|0 fnt
|-damage|p2a: Azumarill|253\/404|[from] ability: Iron Barbs|[of] p1a: Ferrothorn
|-unboost|p2a: Azumarill|atk|1
|-unboost|p2a: Azumarill|def|1
|faint|p1a: Ferrothorn
|
|
|switch|p1a: Greninja|Greninja, M, shiny|285\/285
|turn|5
|
|move|p1a: Greninja|Gunk Shot|p2a: Azumarill
|-start|p1a: Greninja|typechange|Poison|[from] Protean
|-supereffective|p2a: Azumarill
|-damage|p2a: Azumarill|0 fnt
|-damage|p1a: Greninja|257\/285|[from] item: Life Orb
|faint|p2a: Azumarill
|
|
|switch|p2a: Landorus-Therian|Landorus-Therian, M, shiny|319\/319
|-ability|p2a: Landorus-Therian|Intimidate|[of] p1a: Greninja
|-unboost|p1a: Greninja|atk|1
|turn|6
|
|switch|p1a: Slowbro|Slowbro, M, shiny|394\/394
|move|p2a: Landorus-Therian|Earthquake|p1a: Slowbro
|-crit|p1a: Slowbro
|-damage|p1a: Slowbro|193\/394
|
|-heal|p1a: Slowbro|217\/394|[from] item: Leftovers
|turn|7
|
|switch|p2a: Diancie|Diancie|241\/241
|move|p1a: Slowbro|Toxic|p2a: Diancie
|-status|p2a: Diancie|tox
|
|-heal|p1a: Slowbro|241\/394|[from] item: Leftovers
|-damage|p2a: Diancie|226\/241 tox|[from] psn
|turn|8
|
|switch|p2a: Conkeldurr|Conkeldurr, M, shiny|414\/414
|switch|p1a: Landorus-Therian|Landorus-Therian, M, shiny|284\/319
|-ability|p1a: Landorus-Therian|Intimidate|[of] p2a: Conkeldurr
|-unboost|p2a: Conkeldurr|atk|1
|
|turn|9
|
|move|p1a: Landorus-Therian|U-turn|p2a: Conkeldurr
|-resisted|p2a: Conkeldurr
|-damage|p2a: Conkeldurr|365\/414
|
|switch|p1a: Slowbro|Slowbro, M, shiny|372\/394
|move|p2a: Conkeldurr|Ice Punch|p1a: Slowbro
|-resisted|p1a: Slowbro
|-damage|p1a: Slowbro|349\/394
|
|-heal|p1a: Slowbro|373\/394|[from] item: Leftovers
|turn|10
|
|move|p2a: Conkeldurr|Knock Off|p1a: Slowbro
|-supereffective|p1a: Slowbro
|-damage|p1a: Slowbro|245\/394
|-enditem|p1a: Slowbro|Leftovers|[from] move: Knock Off|[of] p2a: Conkeldurr
|move|p1a: Slowbro|Scald|p2a: Conkeldurr
|-damage|p2a: Conkeldurr|271\/414
|
|turn|11
|
|move|p2a: Conkeldurr|Knock Off|p1a: Slowbro
|-supereffective|p1a: Slowbro
|-damage|p1a: Slowbro|161\/394
|move|p1a: Slowbro|Scald|p2a: Conkeldurr
|-damage|p2a: Conkeldurr|181\/414
|-status|p2a: Conkeldurr|brn
|
|-damage|p2a: Conkeldurr|130\/414 brn|[from] brn
|turn|12
|
|move|p2a: Conkeldurr|Knock Off|p1a: Slowbro
|-crit|p1a: Slowbro
|-supereffective|p1a: Slowbro
|-damage|p1a: Slowbro|0 fnt
|faint|p1a: Slowbro
|
|-damage|p2a: Conkeldurr|79\/414 brn|[from] brn
|c|âDark Side of Moon|mattered
|
|switch|p1a: Landorus-Therian|Landorus-Therian, M, shiny|284\/319
|-ability|p1a: Landorus-Therian|Intimidate|[of] p2a: Conkeldurr
|-unboost|p2a: Conkeldurr|atk|1
|turn|13
|c|âzollow|no it didnt guts
|c|âDark Side of Moon|u fool
|c|âDark Side of Moon|it mattered
|
|move|p1a: Landorus-Therian|U-turn|p2a: Conkeldurr
|-resisted|p2a: Conkeldurr
|-damage|p2a: Conkeldurr|32\/414 brn
|
|switch|p1a: Conkeldurr|Conkeldurr, M, shiny|361\/361
|move|p2a: Conkeldurr|Knock Off|p1a: Conkeldurr
|-resisted|p1a: Conkeldurr
|-damage|p1a: Conkeldurr|306\/361
|-enditem|p1a: Conkeldurr|Assault Vest|[from] move: Knock Off|[of] p2a: Conkeldurr
|
|-damage|p2a: Conkeldurr|0 fnt|[from] brn
|faint|p2a: Conkeldurr
|
|switch|p2a: Latios|Latios, M, shiny|302\/302
|turn|14
|
|switch|p1a: Greninja|Greninja, M, shiny|257\/285
|move|p2a: Latios|Draco Meteor|p1a: Greninja
|-damage|p1a: Greninja|0 fnt
|-unboost|p2a: Latios|spa|2
|-damage|p2a: Latios|272\/302|[from] item: Life Orb
|faint|p1a: Greninja
|
|
|switch|p1a: Diancie|Diancie-Mega|241\/241
|turn|15
|
|move|p1a: Diancie|Earth Power|p2a: Latios
|-immune|p2a: Latios|[msg]
|move|p2a: Latios|Psyshock|p1a: Diancie
|-damage|p1a: Diancie|151\/241
|-damage|p2a: Latios|242\/302|[from] item: Life Orb
|
|turn|16
|c|âDark Side of Moon|k ur shit at this game
|-message|Dark Side of Moon forfeited.
|
|win|zollow
|raw|Ladder updating...
|leave|Dark Side of Moon
|player|p1
|raw|Dark Side of Moon's rating: 1344 &rarr; <strong>1319<\/strong><br \/>(-25 for losing)
|raw|zollow's rating: 1264 &rarr; <strong>1294<\/strong><br \/>(+30 for winning)
|c|âzollow|lol what?
|leave|Liem A