|join|LT4A den is
|join|Dark Side of Moon
|player|p1|LT4A den is|265
|player|p2|Dark Side of Moon|161
|gametype|singles
|gen|6
|tier|OU
|rated
|clearpoke
|poke|p1|Cottonee, M
|poke|p1|Azelf
|poke|p1|Whimsicott, F
|poke|p1|Smeargle, M, shiny
|poke|p1|Espeon, M
|poke|p1|Gothitelle, F
|poke|p2|Charizard, M, shiny
|poke|p2|Landorus-Therian, M
|poke|p2|Latias, F
|poke|p2|Jirachi, shiny
|poke|p2|Keldeo-Resolute, shiny
|poke|p2|Thundurus, M
|rule|Swagger Clause: Swagger is banned
|rule|Baton Pass Clause: Limit one PokÃ©mon knowing Baton Pass
|rule|Sleep Clause Mod: Limit one foe put to sleep
|rule|Species Clause: Limit one of each PokÃ©mon
|rule|OHKO Clause: OHKO moves are banned
|rule|Moody Clause: Moody is banned
|rule|Evasion Moves Clause: Evasion moves are banned
|rule|Endless Battle Clause: Forcing endless battles is banned
|rule|HP Percentage Mod: HP is shown in percentages
|teampreview
|c|âDark Side of Moon|will u ever fuck off
|
|start
|switch|p1a: CHICHICHI LELELE|Cottonee, M|284\/284
|switch|p2a: Thundurus|Thundurus, M|299\/299
|turn|1
|
|move|p2a: Thundurus|Thunder Wave|p1a: CHICHICHI LELELE
|-status|p1a: CHICHICHI LELELE|par
|cant|p1a: CHICHICHI LELELE|par
|
|turn|2
|
|move|p1a: CHICHICHI LELELE|Memento|p2a: Thundurus
|-unboost|p2a: Thundurus|atk|2
|-unboost|p2a: Thundurus|spa|2
|faint|p1a: CHICHICHI LELELE
|move|p2a: Thundurus|Hidden Power|p1: CHICHICHI LELELE|[notarget]
|-notarget
|
|
|switch|p1a: MURDERESS|Gothitelle, F|344\/344
|turn|3
|
|move|p2a: Thundurus|Thunder Wave|p1a: MURDERESS
|-status|p1a: MURDERESS|par
|cant|p1a: MURDERESS|par
|
|turn|4
|
|move|p2a: Thundurus|Thunderbolt|p1a: MURDERESS
|-damage|p1a: MURDERESS|247\/344 par
|-damage|p2a: Thundurus|270\/299|[from] item: Life Orb
|move|p1a: MURDERESS|Psychic|p2a: Thundurus
|-damage|p2a: Thundurus|0 fnt
|faint|p2a: Thundurus
|
|
|switch|p2a: Jirachi|Jirachi, shiny|359\/359
|turn|5
|
|switch|p1a: FAIRY SOLIDARITY|Whimsicott, F|324\/324
|move|p2a: Jirachi|Iron Head|p1a: FAIRY SOLIDARITY
|-supereffective|p1a: FAIRY SOLIDARITY
|-damage|p1a: FAIRY SOLIDARITY|46\/324
|
|turn|6
|
|switch|p2a: Landorus-Therian|Landorus-Therian, M|381\/381
|-ability|p2a: Landorus-Therian|Intimidate|[of] p1a: FAIRY SOLIDARITY
|-unboost|p1a: FAIRY SOLIDARITY|atk|1
|switch|p1a: MURDERESS|Gothitelle, F|247\/344 par
|
|turn|7
|join|Gizmo
|
|move|p2a: Landorus-Therian|U-turn|p1a: MURDERESS
|-supereffective|p1a: MURDERESS
|-damage|p1a: MURDERESS|101\/344 par
|
|switch|p2a: Jirachi|Jirachi, shiny|359\/359
|move|p1a: MURDERESS|Psychic|p2a: Jirachi
|-resisted|p2a: Jirachi
|-damage|p2a: Jirachi|306\/359
|
|turn|8
|
|move|p2a: Jirachi|U-turn|p1a: MURDERESS
|-supereffective|p1a: MURDERESS
|-damage|p1a: MURDERESS|0 fnt
|faint|p1a: MURDERESS
|
|switch|p2a: Landorus-Therian|Landorus-Therian, M|381\/381
|
|
|switch|p1a: VIVA CHILE|Azelf|354\/354
|turn|9
|
|move|p1a: VIVA CHILE|Reflect|p1a: VIVA CHILE
|-sidestart|p1: LT4A den is|Reflect
|move|p2a: Landorus-Therian|Stealth Rock|p1a: VIVA CHILE
|-sidestart|p1: LT4A den is|move: Stealth Rock
|
|turn|10
|
|move|p1a: VIVA CHILE|Light Screen|p1a: VIVA CHILE
|-sidestart|p1: LT4A den is|move: Light Screen
|move|p2a: Landorus-Therian|U-turn|p1a: VIVA CHILE
|-supereffective|p1a: VIVA CHILE
|-damage|p1a: VIVA CHILE|251\/354
|
|switch|p2a: Charizard|Charizard, M, shiny|315\/315
|
|turn|11
|
|detailschange|p2a: Charizard|Charizard-Mega-X, M, shiny
|message|Charizard has Mega Evolved into Mega Charizard!
|move|p1a: VIVA CHILE|Taunt|p2a: Charizard
|-start|p2a: Charizard|move: Taunt
|move|p2a: Charizard|Flare Blitz|p1a: VIVA CHILE
|-damage|p1a: VIVA CHILE|62\/354
|-damage|p2a: Charizard|253\/315|[from] recoil|[of] p1a: VIVA CHILE
|
|turn|12
|
|switch|p2a: Jirachi|Jirachi, shiny|306\/359
|move|p1a: VIVA CHILE|Explosion|p2a: Jirachi
|-resisted|p2a: Jirachi
|-damage|p2a: Jirachi|186\/359
|faint|p1a: VIVA CHILE
|
|
|switch|p1a: FAIRY SOLIDARITY|Whimsicott, F|46\/324
|-damage|p1a: FAIRY SOLIDARITY|6\/324|[from] Stealth Rock
|turn|13
|
|switch|p2a: Landorus-Therian|Landorus-Therian, M|381\/381
|-ability|p2a: Landorus-Therian|Intimidate|[of] p1a: FAIRY SOLIDARITY
|-unboost|p1a: FAIRY SOLIDARITY|atk|1
|move|p1a: FAIRY SOLIDARITY|Tailwind|p1a: FAIRY SOLIDARITY
|-sidestart|p1: LT4A den is|move: Tailwind
|
|turn|14
|
|switch|p2a: Jirachi|Jirachi, shiny|186\/359
|move|p1a: FAIRY SOLIDARITY|Memento|p2a: Jirachi
|-unboost|p2a: Jirachi|atk|2
|-unboost|p2a: Jirachi|spa|2
|faint|p1a: FAIRY SOLIDARITY
|
|
|switch|p1a: THE BP SAVIOR|Smeargle, M, shiny|251\/251
|-damage|p1a: THE BP SAVIOR|220\/251|[from] Stealth Rock
|turn|15
|
|move|p1a: THE BP SAVIOR|Spore|p2a: Jirachi
|-status|p2a: Jirachi|slp
|cant|p2a: Jirachi|slp
|
|turn|16
|
|move|p1a: THE BP SAVIOR|Geomancy|p1a: THE BP SAVIOR|[still]
|-prepare|p1a: THE BP SAVIOR|Geomancy|p1a: THE BP SAVIOR
|-enditem|p1a: THE BP SAVIOR|Power Herb
|-anim|p1a: THE BP SAVIOR|Geomancy|p1a: THE BP SAVIOR
|-boost|p1a: THE BP SAVIOR|spa|2
|-boost|p1a: THE BP SAVIOR|spd|2
|-boost|p1a: THE BP SAVIOR|spe|2
|-curestatus|p2a: Jirachi|slp
|move|p2a: Jirachi|Trick|p1a: THE BP SAVIOR
|-activate|p2a: Jirachi|move: Trick|[of] p1a: THE BP SAVIOR
|-item|p1a: THE BP SAVIOR|Choice Scarf|[from] move: Trick
|
|-sideend|p1: LT4A den is|Reflect
|-sideend|p1: LT4A den is|move: Tailwind
|turn|17
|
|move|p1a: THE BP SAVIOR|Baton Pass|p1a: THE BP SAVIOR
|
|switch|p1a: DON TROLEONE|Espeon, M|321\/321
|-damage|p1a: DON TROLEONE|281\/321|[from] Stealth Rock
|move|p2a: Jirachi|Ice Punch|p1a: DON TROLEONE
|-crit|p1a: DON TROLEONE
|-damage|p1a: DON TROLEONE|161\/321
|
|-heal|p1a: DON TROLEONE|181\/321|[from] item: Leftovers
|-sideend|p1: LT4A den is|move: Light Screen
|turn|18
|
|move|p1a: DON TROLEONE|Hidden Power|p2a: Jirachi
|-damage|p2a: Jirachi|67\/359
|move|p2a: Jirachi|U-turn|p1a: DON TROLEONE
|-supereffective|p1a: DON TROLEONE
|-damage|p1a: DON TROLEONE|105\/321
|
|switch|p2a: Latias|Latias, F|301\/301
|
|-heal|p1a: DON TROLEONE|125\/321|[from] item: Leftovers
|turn|19
|
|move|p1a: DON TROLEONE|Substitute|p1a: DON TROLEONE
|-start|p1a: DON TROLEONE|Substitute
|-damage|p1a: DON TROLEONE|45\/321
|move|p2a: Latias|Healing Wish|p2a: Latias
|faint|p2a: Latias
|
|-heal|p1a: DON TROLEONE|65\/321|[from] item: Leftovers
|
|switch|p2a: Jirachi|Jirachi, shiny|67\/359
|-heal|p2a: Jirachi|359\/359|[from] move: Healing Wish
|turn|20
|
|move|p1a: DON TROLEONE|Hidden Power|p2a: Jirachi
|-damage|p2a: Jirachi|238\/359
|move|p2a: Jirachi|Iron Head|p1a: DON TROLEONE
|-end|p1a: DON TROLEONE|Substitute
|
|-heal|p1a: DON TROLEONE|85\/321|[from] item: Leftovers
|turn|21
|c|âDark Side of Moon|u suck still
|c|âDark Side of Moon|what a surprise
|
|move|p1a: DON TROLEONE|Morning Sun|p1a: DON TROLEONE
|-heal|p1a: DON TROLEONE|245\/321
|move|p2a: Jirachi|Iron Head|p1a: DON TROLEONE
|-damage|p1a: DON TROLEONE|115\/321
|
|-heal|p1a: DON TROLEONE|135\/321|[from] item: Leftovers
|turn|22
|
|move|p1a: DON TROLEONE|Morning Sun|p1a: DON TROLEONE
|-heal|p1a: DON TROLEONE|295\/321
|move|p2a: Jirachi|Trick|p1a: DON TROLEONE
|-activate|p2a: Jirachi|move: Trick|[of] p1a: DON TROLEONE
|-item|p2a: Jirachi|Leftovers|[from] move: Trick
|
|-heal|p2a: Jirachi|260\/359|[from] item: Leftovers
|turn|23
|
|move|p1a: DON TROLEONE|Hidden Power|p2a: Jirachi
|-damage|p2a: Jirachi|144\/359
|move|p2a: Jirachi|Ice Punch|p1a: DON TROLEONE
|-damage|p1a: DON TROLEONE|222\/321
|
|-heal|p2a: Jirachi|166\/359|[from] item: Leftovers
|turn|24
|
|move|p1a: DON TROLEONE|Hidden Power|p2a: Jirachi
|-crit|p2a: Jirachi
|-damage|p2a: Jirachi|0 fnt
|faint|p2a: Jirachi
|
|c|âDark Side of Moon|still sucks massive cock..
|c|âDark Side of Moon|how does it feel no one likes you on here
|c|âDark Side of Moon|must not feel good
|-message|Dark Side of Moon forfeited.
|
|win|LT4A den is
|raw|Ladder updating...
|leave|Dark Side of Moon
|player|p2
|raw|LT4A den is's rating: 1929 &rarr; <strong>1941<\/strong><br \/>(+12 for winning)
|raw|Dark Side of Moon's rating: 1771 &rarr; <strong>1760<\/strong><br \/>(-11 for losing)
|leave|Gizmo