|join|Saph
|join|Dark Side of Moon
|player|p1|Saph|159
|player|p2|Dark Side of Moon|161
|gametype|singles
|gen|6
|tier|OU
|rated
|clearpoke
|poke|p1|Starmie
|poke|p1|Charizard, F
|poke|p1|Crawdaunt, M
|poke|p1|Bisharp, M
|poke|p1|Landorus-Therian, M
|poke|p1|Talonflame, M
|poke|p2|Metagross, shiny
|poke|p2|Latios, M
|poke|p2|Greninja, M, shiny
|poke|p2|Landorus-Therian, M
|poke|p2|Thundurus, M
|poke|p2|Terrakion, shiny
|rule|Swagger Clause: Swagger is banned
|rule|Baton Pass Clause: Limit one PokÃ©mon knowing Baton Pass
|rule|Sleep Clause Mod: Limit one foe put to sleep
|rule|Species Clause: Limit one of each PokÃ©mon
|rule|OHKO Clause: OHKO moves are banned
|rule|Moody Clause: Moody is banned
|rule|Evasion Moves Clause: Evasion moves are banned
|rule|Endless Battle Clause: Forcing endless battles is banned
|rule|HP Percentage Mod: HP is shown in percentages
|teampreview
|
|start
|switch|p1a: Landorus-Therian|Landorus-Therian, M|319\/319
|switch|p2a: Landorus-Therian|Landorus-Therian, M|319\/319
|-ability|p2a: Landorus-Therian|Intimidate|[of] p1a: Landorus-Therian
|-unboost|p1a: Landorus-Therian|atk|1
|-ability|p1a: Landorus-Therian|Intimidate|[of] p2a: Landorus-Therian
|-unboost|p2a: Landorus-Therian|atk|1
|turn|1
|
|move|p2a: Landorus-Therian|Knock Off|p1a: Landorus-Therian
|-damage|p1a: Landorus-Therian|223\/319
|-enditem|p1a: Landorus-Therian|Focus Sash|[from] move: Knock Off|[of] p2a: Landorus-Therian
|move|p1a: Landorus-Therian|Stealth Rock|p2a: Landorus-Therian
|-sidestart|p2: Dark Side of Moon|move: Stealth Rock
|
|turn|2
|
|move|p2a: Landorus-Therian|Knock Off|p1a: Landorus-Therian
|-damage|p1a: Landorus-Therian|157\/319
|move|p1a: Landorus-Therian|Knock Off|p2a: Landorus-Therian
|-crit|p2a: Landorus-Therian
|-damage|p2a: Landorus-Therian|103\/319
|-enditem|p2a: Landorus-Therian|Choice Scarf|[from] move: Knock Off|[of] p1a: Landorus-Therian
|
|turn|3
|
|move|p2a: Landorus-Therian|U-turn|p1a: Landorus-Therian
|-resisted|p1a: Landorus-Therian
|-damage|p1a: Landorus-Therian|121\/319
|
|switch|p2a: Terrakion|Terrakion, shiny|323\/323
|-damage|p2a: Terrakion|303\/323|[from] Stealth Rock
|move|p1a: Landorus-Therian|Explosion|p2a: Terrakion
|-resisted|p2a: Terrakion
|-damage|p2a: Terrakion|164\/323
|faint|p1a: Landorus-Therian
|
|
|switch|p1a: Crawdaunt|Crawdaunt, M|275\/275
|turn|4
|
|switch|p2a: Latios|Latios, M|301\/301
|-damage|p2a: Latios|264\/301|[from] Stealth Rock
|move|p1a: Crawdaunt|Aqua Jet|p2a: Latios
|-resisted|p2a: Latios
|-damage|p2a: Latios|207\/301
|
|turn|5
|
|move|p2a: Latios|Defog|p1a: Crawdaunt
|-unboost|p1a: Crawdaunt|evasion|1
|-sideend|p2: Dark Side of Moon|Stealth Rock|[from] move: Defog|[of] p2a: Latios
|move|p1a: Crawdaunt|Knock Off|p2a: Latios
|-supereffective|p2a: Latios
|-damage|p2a: Latios|0 fnt
|-enditem|p2a: Latios|Life Orb|[from] move: Knock Off|[of] p1a: Crawdaunt
|faint|p2a: Latios
|
|
|switch|p2a: Landorus-Therian|Landorus-Therian, M|103\/319
|-ability|p2a: Landorus-Therian|Intimidate|[of] p1a: Crawdaunt
|-unboost|p1a: Crawdaunt|atk|1
|turn|6
|
|switch|p2a: Metagross|Metagross, shiny|301\/301
|move|p1a: Crawdaunt|Aqua Jet|p2a: Metagross
|-damage|p2a: Metagross|255\/301
|
|turn|7
|
|switch|p1a: Talonflame|Talonflame, M|319\/319
|detailschange|p2a: Metagross|Metagross-Mega, shiny
|message|Metagross has Mega Evolved into Mega Metagross!
|move|p2a: Metagross|Meteor Mash|p1a: Talonflame
|-resisted|p1a: Talonflame
|-damage|p1a: Talonflame|168\/319
|
|turn|8
|
|switch|p2a: Landorus-Therian|Landorus-Therian, M|103\/319
|-ability|p2a: Landorus-Therian|Intimidate|[of] p1a: Talonflame
|-unboost|p1a: Talonflame|atk|1
|move|p1a: Talonflame|Swords Dance|p1a: Talonflame
|-boost|p1a: Talonflame|atk|2
|
|turn|9
|
|move|p1a: Talonflame|Brave Bird|p2a: Landorus-Therian
|-damage|p2a: Landorus-Therian|0 fnt
|-damage|p1a: Talonflame|134\/319|[from] recoil|[of] p2a: Landorus-Therian
|faint|p2a: Landorus-Therian
|
|
|switch|p2a: Thundurus|Thundurus, M|299\/299
|turn|10
|
|move|p2a: Thundurus|Thunder Wave|p1a: Talonflame
|-status|p1a: Talonflame|par
|move|p1a: Talonflame|Flare Blitz|p2a: Thundurus
|-damage|p2a: Thundurus|0 fnt
|-damage|p1a: Talonflame|35\/319 par|[from] recoil|[of] p2a: Thundurus
|faint|p2a: Thundurus
|
|
|switch|p2a: Metagross|Metagross-Mega, shiny|255\/301
|turn|11
|
|move|p2a: Metagross|Meteor Mash|p1a: Talonflame
|-resisted|p1a: Talonflame
|-damage|p1a: Talonflame|0 fnt
|-boost|p2a: Metagross|atk|1
|faint|p1a: Talonflame
|
|
|switch|p1a: Crawdaunt|Crawdaunt, M|275\/275
|turn|12
|
|move|p2a: Metagross|Earthquake|p1a: Crawdaunt
|-damage|p1a: Crawdaunt|48\/275
|move|p1a: Crawdaunt|Knock Off|p2a: Metagross
|-supereffective|p2a: Metagross
|-damage|p2a: Metagross|39\/301
|
|turn|13
|c|âDark Side of Moon|two focus sash users
|c|âDark Side of Moon|ur a quality player bro
|
|move|p1a: Crawdaunt|Aqua Jet|p2a: Metagross
|-damage|p2a: Metagross|0 fnt
|faint|p2a: Metagross
|
|
|switch|p2a: Greninja|Greninja, M, shiny|285\/285
|turn|14
|c|âSaph|deffo not sash
|c|âDark Side of Moon|yeah u were
|c|âSaph|13 % obv
|
|move|p1a: Crawdaunt|Aqua Jet|p2a: Greninja
|-crit|p2a: Greninja
|-resisted|p2a: Greninja
|-damage|p2a: Greninja|197\/285
|move|p2a: Greninja|Dark Pulse|p1a: Crawdaunt
|-start|p2a: Greninja|typechange|Dark|[from] Protean
|-resisted|p1a: Crawdaunt
|-damage|p1a: Crawdaunt|0 fnt
|-damage|p2a: Greninja|169\/285|[from] item: Life Orb
|faint|p1a: Crawdaunt
|
|c|âDark Side of Moon|dont lie
|c|âDark Side of Moon|ur sashed
|
|switch|p1a: Bisharp|Bisharp, M|271\/271
|turn|15
|
|move|p2a: Greninja|Hydro Pump|p1a: Bisharp
|-start|p2a: Greninja|typechange|Water|[from] Protean
|-enditem|p1a: Bisharp|Focus Sash
|-damage|p1a: Bisharp|1\/271
|-damage|p2a: Greninja|141\/285|[from] item: Life Orb
|move|p1a: Bisharp|Iron Head|p2a: Greninja
|-resisted|p2a: Greninja
|-damage|p2a: Greninja|41\/285
|
|turn|16
|c|âDark Side of Moon|three sash users
|c|âDark Side of Moon|pure trash
|
|switch|p2a: Terrakion|Terrakion, shiny|164\/323
|move|p1a: Bisharp|Sucker Punch|p2a: Terrakion
|-fail|p2a: Terrakion
|
|turn|17
|c|âSaph|w\/e u say
|c|âSaph|;[
|
|move|p2a: Terrakion|Stealth Rock|p1a: Bisharp
|-sidestart|p1: Saph|move: Stealth Rock
|move|p1a: Bisharp|Iron Head|p2a: Terrakion
|-supereffective|p2a: Terrakion
|-damage|p2a: Terrakion|0 fnt
|faint|p2a: Terrakion
|
|
|switch|p2a: Greninja|Greninja, M, shiny|41\/285
|turn|18
|
|move|p1a: Bisharp|Sucker Punch|p2a: Greninja
|-resisted|p2a: Greninja
|-damage|p2a: Greninja|0 fnt
|faint|p2a: Greninja
|
|win|Saph
|raw|Ladder updating...
|raw|Saph's rating: 1582 &rarr; <strong>1604<\/strong><br \/>(+22 for winning)
|raw|Dark Side of Moon's rating: 1610 &rarr; <strong>1588<\/strong><br \/>(-22 for losing)
|c|âDark Side of Moon|gg trash
|leave|Dark Side of Moon
|player|p2
|join|The DragonKnight
|leave|The DragonKnight
|join|Burnerv2
|join|c1one
|leave|c1one