|join|lt8m xtra
|join|Dark Side of Moon
|player|p1|lt8m xtra|170
|player|p2|Dark Side of Moon|161
|gametype|singles
|gen|6
|tier|OU
|rated
|clearpoke
|poke|p1|Shuckle, F
|poke|p1|Heracross, M
|poke|p1|Azumarill, M
|poke|p1|Gengar, M
|poke|p1|Garchomp, M
|poke|p1|Thundurus, M
|poke|p2|Heracross, M
|poke|p2|Heatran, F, shiny
|poke|p2|Azumarill, M
|poke|p2|Landorus, M, shiny
|poke|p2|Mew
|poke|p2|Tyranitar, M
|rule|Swagger Clause: Swagger is banned
|rule|Baton Pass Clause: Limit one PokÃ©mon knowing Baton Pass
|rule|Sleep Clause Mod: Limit one foe put to sleep
|rule|Species Clause: Limit one of each PokÃ©mon
|rule|OHKO Clause: OHKO moves are banned
|rule|Moody Clause: Moody is banned
|rule|Evasion Moves Clause: Evasion moves are banned
|rule|Endless Battle Clause: Forcing endless battles is banned
|rule|HP Percentage Mod: HP is shown in percentages
|teampreview
|
|start
|switch|p1a: Shuckle|Shuckle, F|244\/244
|switch|p2a: Water Bomb|Azumarill, M|401\/401
|turn|1
|
|move|p2a: Water Bomb|Waterfall|p1a: Shuckle
|-supereffective|p1a: Shuckle
|-damage|p1a: Shuckle|104\/244
|cant|p1a: Shuckle|flinch
|
|turn|2
|c|âlt8m xtra|'dont flinch'
|c|âlt8m xtra|:@
|
|switch|p1a: Azumarill|Azumarill, M|341\/341
|move|p2a: Water Bomb|Waterfall|p1a: Azumarill
|-resisted|p1a: Azumarill
|-damage|p1a: Azumarill|245\/341
|
|turn|3
|
|switch|p2a: Lava Golem|Heatran, F, shiny|323\/323
|move|p1a: Azumarill|Play Rough|p2a: Lava Golem|[miss]
|-miss|p1a: Azumarill|p2a: Lava Golem
|
|turn|4
|c|âlt8m xtra|yeesus
|
|switch|p2a: Genetics|Mew|404\/404
|switch|p1a: Garchomp|Garchomp, M|357\/357
|
|turn|5
|
|switch|p1a: Shuckle|Shuckle, F|104\/244
|move|p2a: Genetics|Will-O-Wisp|p1a: Shuckle
|-status|p1a: Shuckle|brn
|
|-damage|p1a: Shuckle|74\/244 brn|[from] brn
|turn|6
|
|move|p2a: Genetics|Knock Off|p1a: Shuckle
|-damage|p1a: Shuckle|39\/244 brn
|-enditem|p1a: Shuckle|Mental Herb|[from] move: Knock Off|[of] p2a: Genetics
|move|p1a: Shuckle|Sticky Web|p2a: Genetics
|-sidestart|p2: Dark Side of Moon|move: Sticky Web
|
|-damage|p1a: Shuckle|9\/244 brn|[from] brn
|turn|7
|
|move|p2a: Genetics|Defog|p1a: Shuckle
|-unboost|p1a: Shuckle|evasion|1
|-sideend|p2: Dark Side of Moon|Sticky Web|[from] move: Defog|[of] p2a: Genetics
|move|p1a: Shuckle|Sticky Web|p2a: Genetics
|-sidestart|p2: Dark Side of Moon|move: Sticky Web
|
|-damage|p1a: Shuckle|0 fnt|[from] brn
|faint|p1a: Shuckle
|
|switch|p1a: Gengar|Gengar, M|261\/261
|turn|8
|
|move|p1a: Gengar|Shadow Ball|p2a: Genetics
|-supereffective|p2a: Genetics
|-damage|p2a: Genetics|45\/404
|-damage|p1a: Gengar|235\/261|[from] item: Life Orb
|move|p2a: Genetics|Defog|p1a: Gengar
|-unboost|p1a: Gengar|evasion|1
|-sideend|p2: Dark Side of Moon|Sticky Web|[from] move: Defog|[of] p2a: Genetics
|
|-heal|p2a: Genetics|70\/404|[from] item: Leftovers
|turn|9
|
|move|p1a: Gengar|Shadow Ball|p2a: Genetics
|-supereffective|p2a: Genetics
|-damage|p2a: Genetics|0 fnt
|-damage|p1a: Gengar|209\/261|[from] item: Life Orb
|faint|p2a: Genetics
|
|
|switch|p2a: Dinomite|Tyranitar, M|341\/341
|-weather|Sandstorm
|turn|10
|
|move|p2a: Dinomite|Pursuit|p1a: Gengar|[from]Pursuit
|-supereffective|p1a: Gengar
|-damage|p1a: Gengar|0 fnt
|faint|p1a: Gengar
|
|-weather|Sandstorm|[upkeep]
|
|switch|p1a: Heracross|Heracross, M|301\/301
|turn|11
|
|switch|p2a: Nimbus|Landorus, M, shiny|319\/319
|detailschange|p1a: Heracross|Heracross-Mega, M
|message|Heracross has Mega Evolved into Mega Heracross!
|move|p1a: Heracross|Rock Blast|p2a: Nimbus|[miss]
|-miss|p1a: Heracross|p2a: Nimbus
|
|-weather|Sandstorm|[upkeep]
|-damage|p1a: Heracross|283\/301|[from] sandstorm
|turn|12
|join|lt7x starmaster
|c|âlt8m xtra|fucking mob i swear
|c| lt7x starmaster|lucknigasssssssssssss
|c|âlt8m xtra|from turn 1
|c|âlt8m xtra|turn 2
|
|move|p2a: Nimbus|Psychic|p1a: Heracross
|-supereffective|p1a: Heracross
|-damage|p1a: Heracross|0 fnt
|faint|p1a: Heracross
|
|-weather|Sandstorm|[upkeep]
|
|switch|p1a: Garchomp|Garchomp, M|357\/357
|turn|13
|
|move|p1a: Garchomp|Outrage|p2a: Nimbus
|-crit|p2a: Nimbus
|-damage|p2a: Nimbus|0 fnt
|-damage|p1a: Garchomp|322\/357|[from] item: Life Orb
|faint|p2a: Nimbus
|
|-weather|Sandstorm|[upkeep]
|
|switch|p2a: Water Bomb|Azumarill, M|401\/401
|turn|14
|
|move|p1a: Garchomp|Outrage|p2a: Water Bomb
|-immune|p2a: Water Bomb|[msg]
|move|p2a: Water Bomb|Play Rough|p1a: Garchomp
|-supereffective|p1a: Garchomp
|-damage|p1a: Garchomp|0 fnt
|-damage|p2a: Water Bomb|351\/401|[from] ability: Rough Skin|[of] p1a: Garchomp
|faint|p1a: Garchomp
|
|-weather|none
|c| lt7x starmaster|mob needs ways to win too
|c| lt7x starmaster|xtra
|
|switch|p1a: Azumarill|Azumarill, M|245\/341
|turn|15
|c| lt7x starmaster|not evrybody can rely on skill
|c| lt7x starmaster|:(
|c|âDark Side of Moon|xtra ROOD
|c|âDark Side of Moon|starmaster
|c|âlt8m xtra|stfu mob
|c|âDark Side of Moon|ROODER
|c|âlt8m xtra|u know its true
|c|âlt8m xtra|u haxed the lviin hell 4m me
|c|âDark Side of Moon|if u were nice
|c|âDark Side of Moon|i wouldve let u have the pts
|c|âlt8m xtra|oh mob
|c|âlt8m xtra|u look so good today
|c|âlt8m xtra|in ur weave
|c|âlt8m xtra|<3
|c|âDark Side of Moon|weave ?_?
|c|âlt8m xtra|is that a new hair due
|c|âlt8m xtra|doooooooo
|
|switch|p2a: Dinomite|Tyranitar, M|341\/341
|-weather|Sandstorm
|move|p1a: Azumarill|Play Rough|p2a: Dinomite
|-supereffective|p2a: Dinomite
|-damage|p2a: Dinomite|0 fnt
|faint|p2a: Dinomite
|
|-weather|Sandstorm|[upkeep]
|-damage|p1a: Azumarill|224\/341|[from] sandstorm
|c| lt7x starmaster|wut
|c| lt7x starmaster|lmao
|c| lt7x starmaster|hes throwin
|
|switch|p2a: Sgt Pepper|Heracross, M|308\/308
|turn|16
|c| lt7x starmaster|ecks dee
|
|switch|p1a: Thundurus|Thundurus, M|299\/299
|detailschange|p2a: Sgt Pepper|Heracross-Mega, M
|message|Heracross has Mega Evolved into Mega Heracross!
|move|p2a: Sgt Pepper|Rock Blast|p1a: Thundurus
|-supereffective|p1a: Thundurus
|-damage|p1a: Thundurus|181\/299
|-supereffective|p1a: Thundurus
|-damage|p1a: Thundurus|75\/299
|-supereffective|p1a: Thundurus
|-damage|p1a: Thundurus|0 fnt
|-hitcount|p1a: Thundurus|3
|faint|p1a: Thundurus
|
|-weather|Sandstorm|[upkeep]
|-damage|p2a: Sgt Pepper|289\/308|[from] sandstorm
|c| lt7x starmaster|incomig close combat
|
|switch|p1a: Azumarill|Azumarill, M|224\/341
|turn|17
|c| lt7x starmaster|bop
|c| lt7x starmaster|wht
|c|âlt8m xtra|w.e
|c| lt7x starmaster|xtra
|c|âDark Side of Moon|apologize
|c|âDark Side of Moon|sincerely
|c|âlt8m xtra|im sorrry senpai
|c|âDark Side of Moon|in the ou room
|c|âlt8m xtra|I truely am sorry
|c|âlt8m xtra|ugh
|c|âDark Side of Moon|in front of everyone
|c| lt7x starmaster|LOL
|c| lt7x starmaster|is bof
|c| lt7x starmaster|not enough
|c| lt7x starmaster|for u mob
|c|âDark Side of Moon|n
|c| lt7x starmaster|i feel like xtras gonna get muted
|c| lt7x starmaster|b4 he finises
|join|LT8A Tshrekt
|join|awrite oras
|c|âlt8m xtra|-sigh-
|c|âlt8m xtra|gud enuff
|c|âDark Side of Moon|ehh
|c|âDark Side of Moon|u really want it
|-message|Dark Side of Moon forfeited.
|
|win|lt8m xtra
|raw|Ladder updating...
|leave|Dark Side of Moon
|player|p2
|c|âlt8m xtra|<3333333
|c|âlt8m xtra|I L
|c| awrite oras|REPORTED
|c|âlt8m xtra|I.LOVE.YOU
|c|âlt8m xtra|ay gtfo
|c|âlt8m xtra|u saw nothin
|leave|lt8m xtra
|player|p1
|leave|lt7x starmaster
|raw|Ladder (probably) updated, but score could not be retrieved (timeout).
|raw|Ladder (probably) updated, but score could not be retrieved (Error: socket hang up).