|join|MamaMartaVIIINacio
|join|Dark Side of Moon
|player|p1|MamaMartaVIIINacio|265
|player|p2|Dark Side of Moon|161
|gametype|singles
|gen|6
|tier|OU
|rated
|clearpoke
|poke|p1|Jirachi
|poke|p1|Charizard, M
|poke|p1|Terrakion
|poke|p1|Sylveon, F
|poke|p1|Slowbro, F
|poke|p1|Zapdos
|poke|p2|Garchomp, M, shiny
|poke|p2|Tyranitar, M
|poke|p2|Azumarill, M, shiny
|poke|p2|Thundurus, M
|poke|p2|Excadrill, M, shiny
|poke|p2|Heatran, M, shiny
|rule|Swagger Clause: Swagger is banned
|rule|Baton Pass Clause: Limit one PokÃ©mon knowing Baton Pass
|rule|Sleep Clause Mod: Limit one foe put to sleep
|rule|Species Clause: Limit one of each PokÃ©mon
|rule|OHKO Clause: OHKO moves are banned
|rule|Moody Clause: Moody is banned
|rule|Evasion Moves Clause: Evasion moves are banned
|rule|Endless Battle Clause: Forcing endless battles is banned
|rule|HP Percentage Mod: HP is shown in percentages
|teampreview
|join|LT4B Chano
|join|jolikop354
|join|I'm Charlie Scene
|
|start
|switch|p1a: Reila|Slowbro, F|394\/394
|switch|p2a: Garchomp|Garchomp, M, shiny|358\/358
|turn|1
|
|switch|p2a: Heatran|Heatran, M, shiny|323\/323
|-item|p2a: Heatran|Air Balloon
|move|p1a: Reila|Scald|p2a: Heatran
|-supereffective|p2a: Heatran
|-damage|p2a: Heatran|131\/323
|-enditem|p2a: Heatran|Air Balloon
|
|turn|2
|
|move|p2a: Heatran|Stealth Rock|p1a: Reila
|-sidestart|p1: MamaMartaVIIINacio|move: Stealth Rock
|move|p1a: Reila|Scald|p2a: Heatran
|-supereffective|p2a: Heatran
|-damage|p2a: Heatran|0 fnt
|faint|p2a: Heatran
|
|
|switch|p2a: Thundurus|Thundurus, M|299\/299
|turn|3
|
|switch|p1a: Agns|Sylveon, F|394\/394
|-damage|p1a: Agns|345\/394|[from] Stealth Rock
|move|p2a: Thundurus|Thunderbolt|p1a: Agns
|-damage|p1a: Agns|224\/394
|-damage|p2a: Thundurus|270\/299|[from] item: Life Orb
|
|-heal|p1a: Agns|248\/394|[from] item: Leftovers
|turn|4
|
|switch|p2a: Tyranitar|Tyranitar, M|341\/341
|-weather|Sandstorm
|move|p1a: Agns|Wish|p1a: Agns
|
|-weather|Sandstorm|[upkeep]
|-damage|p1a: Agns|224\/394|[from] sandstorm
|-heal|p1a: Agns|248\/394|[from] item: Leftovers
|turn|5
|join|Froilan Confirmed
|
|switch|p2a: Azumarill|Azumarill, M, shiny|381\/381
|move|p1a: Agns|Hyper Voice|p2a: Azumarill
|-damage|p2a: Azumarill|203\/381
|
|-weather|Sandstorm|[upkeep]
|-damage|p2a: Azumarill|180\/381|[from] sandstorm
|-damage|p1a: Agns|224\/394|[from] sandstorm
|-heal|p1a: Agns|394\/394|[from] move: Wish|[wisher] Agns
|turn|6
|leave|jolikop354
|
|move|p1a: Agns|Protect|p1a: Agns
|-singleturn|p1a: Agns|Protect
|move|p2a: Azumarill|Play Rough|p1a: Agns
|-activate|p1a: Agns|Protect
|
|-weather|Sandstorm|[upkeep]
|-damage|p2a: Azumarill|157\/381|[from] sandstorm
|-damage|p1a: Agns|370\/394|[from] sandstorm
|-heal|p1a: Agns|394\/394|[from] item: Leftovers
|turn|7
|
|switch|p1a: Satlite|Jirachi|404\/404
|-damage|p1a: Satlite|379\/404|[from] Stealth Rock
|move|p2a: Azumarill|Play Rough|p1a: Satlite
|-resisted|p1a: Satlite
|-damage|p1a: Satlite|244\/404
|-unboost|p1a: Satlite|atk|1
|
|-weather|Sandstorm|[upkeep]
|-damage|p2a: Azumarill|134\/381|[from] sandstorm
|-heal|p1a: Satlite|269\/404|[from] item: Leftovers
|turn|8
|
|switch|p2a: Excadrill|Excadrill, M, shiny|361\/361
|move|p1a: Satlite|Stealth Rock|p2a: Excadrill
|-sidestart|p2: Dark Side of Moon|move: Stealth Rock
|
|-weather|none
|-heal|p1a: Satlite|294\/404|[from] item: Leftovers
|turn|9
|
|switch|p2a: Tyranitar|Tyranitar, M|341\/341
|-damage|p2a: Tyranitar|299\/341|[from] Stealth Rock
|-weather|Sandstorm
|switch|p1a: Reila|Slowbro, F|394\/394
|-damage|p1a: Reila|345\/394|[from] Stealth Rock
|
|-weather|Sandstorm|[upkeep]
|-damage|p1a: Reila|321\/394|[from] sandstorm
|-heal|p1a: Reila|345\/394|[from] item: Leftovers
|turn|10
|
|move|p2a: Tyranitar|Crunch|p1a: Reila
|-crit|p1a: Reila
|-supereffective|p1a: Reila
|-damage|p1a: Reila|73\/394
|move|p1a: Reila|Toxic|p2a: Tyranitar
|-status|p2a: Tyranitar|tox
|
|-weather|Sandstorm|[upkeep]
|-damage|p1a: Reila|49\/394|[from] sandstorm
|-heal|p1a: Reila|73\/394|[from] item: Leftovers
|-damage|p2a: Tyranitar|278\/341 tox|[from] psn
|turn|11
|
|switch|p2a: Thundurus|Thundurus, M|270\/299
|-damage|p2a: Thundurus|196\/299|[from] Stealth Rock
|switch|p1a: Altos Toros|Terrakion|323\/323
|-damage|p1a: Altos Toros|303\/323|[from] Stealth Rock
|
|-weather|Sandstorm|[upkeep]
|-damage|p2a: Thundurus|178\/299|[from] sandstorm
|turn|12
|
|switch|p1a: Agns|Sylveon, F|394\/394
|-damage|p1a: Agns|345\/394|[from] Stealth Rock
|move|p2a: Thundurus|Thunder Wave|p1a: Agns
|-status|p1a: Agns|par
|
|-weather|Sandstorm|[upkeep]
|-damage|p2a: Thundurus|160\/299|[from] sandstorm
|-damage|p1a: Agns|321\/394 par|[from] sandstorm
|-heal|p1a: Agns|345\/394 par|[from] item: Leftovers
|turn|13
|
|switch|p2a: Excadrill|Excadrill, M, shiny|361\/361
|-damage|p2a: Excadrill|350\/361|[from] Stealth Rock
|move|p1a: Agns|Hyper Voice|p2a: Excadrill
|-resisted|p2a: Excadrill
|-damage|p2a: Excadrill|241\/361
|
|-weather|none
|-heal|p1a: Agns|369\/394 par|[from] item: Leftovers
|turn|14
|join|SkillGame
|
|switch|p1a: PiolnSSJ3|Zapdos|384\/384
|-damage|p1a: PiolnSSJ3|288\/384|[from] Stealth Rock
|-ability|p1a: PiolnSSJ3|Pressure
|move|p2a: Excadrill|Rock Slide|p1a: PiolnSSJ3
|-miss|p2a: Excadrill|p1a: PiolnSSJ3
|
|-heal|p1a: PiolnSSJ3|312\/384|[from] item: Leftovers
|turn|15
|c|âDark Side of Moon|def skill game
|c|âDark Side of Moon|bs
|
|move|p2a: Excadrill|Rock Slide|p1a: PiolnSSJ3
|-miss|p2a: Excadrill|p1a: PiolnSSJ3
|move|p1a: PiolnSSJ3|Defog|p2a: Excadrill
|-unboost|p2a: Excadrill|evasion|1
|-sideend|p2: Dark Side of Moon|Stealth Rock|[from] move: Defog|[of] p2a: Excadrill
|-sideend|p1: MamaMartaVIIINacio|Stealth Rock|[from] move: Defog|[of] p1a: PiolnSSJ3
|
|-heal|p1a: PiolnSSJ3|336\/384|[from] item: Leftovers
|turn|16
|c|âMamaMartaVIIINacio|sorry
|c|âDark Side of Moon|wouldve been 2hkod
|c|âMamaMartaVIIINacio|x2
|c| SkillGame|xDDDDDDDDDDDDDDDDDD
|c|âDark Side of Moon|no rocks
|c|âDark Side of Moon|such bs
|c| SkillGame|fue entrar yo
|
|move|p2a: Excadrill|Rock Slide|p1a: PiolnSSJ3
|-supereffective|p1a: PiolnSSJ3
|-damage|p1a: PiolnSSJ3|118\/384
|-damage|p2a: Excadrill|205\/361|[from] item: Life Orb
|cant|p1a: PiolnSSJ3|flinch
|
|-heal|p1a: PiolnSSJ3|142\/384|[from] item: Leftovers
|turn|17
|c|âDark Side of Moon|complete bs
|c| LT4B Chano|carajaula, que eres un carajaula
|
|move|p2a: Excadrill|Rock Slide|p1a: PiolnSSJ3
|-supereffective|p1a: PiolnSSJ3
|-damage|p1a: PiolnSSJ3|0 fnt
|-damage|p2a: Excadrill|169\/361|[from] item: Life Orb
|faint|p1a: PiolnSSJ3
|
|c|âMamaMartaVIIINacio|Hahahha
|
|switch|p1a: Altos Toros|Terrakion|303\/323
|turn|18
|c|âDark Side of Moon|laugh it up pleb
|c| LT4B Chano|que pesado
|
|switch|p2a: Azumarill|Azumarill, M, shiny|134\/381
|move|p1a: Altos Toros|Close Combat|p2a: Azumarill
|-resisted|p2a: Azumarill
|-damage|p2a: Azumarill|0 fnt
|-unboost|p1a: Altos Toros|def|1
|-unboost|p1a: Altos Toros|spd|1
|faint|p2a: Azumarill
|
|c| LT4B Chano|si le gane ayer
|c| I'm Charlie Scene|lol
|
|switch|p2a: Tyranitar|Tyranitar, M|278\/341 tox
|-weather|Sandstorm
|turn|19
|c| LT4B Chano|es noob
|c| I'm Charlie Scene|eso es idioma de mordor el del dark side
|c| I'm Charlie Scene|no?
|c| I'm Charlie Scene|xD
|raw|<div class="broadcast-red"><b>Moderated chat was set to +!<\/b><br \/>Only users of rank + and higher can talk.<\/div>
|
|switch|p1a: Neo Bahamut|Charizard, M|297\/297
|move|p2a: Tyranitar|Earthquake|p1a: Neo Bahamut
|-immune|p1a: Neo Bahamut|[msg]
|
|-weather|Sandstorm|[upkeep]
|-damage|p1a: Neo Bahamut|279\/297|[from] sandstorm
|-damage|p2a: Tyranitar|257\/341 tox|[from] psn
|turn|20
|c|âDark Side of Moon|spanish noobs are banned
|
|switch|p2a: Thundurus|Thundurus, M|160\/299
|detailschange|p1a: Neo Bahamut|Charizard-Mega-Y, M
|message|Charizard has Mega Evolved into Mega Charizard!
|-weather|SunnyDay
|move|p1a: Neo Bahamut|Fire Blast|p2a: Thundurus
|-damage|p2a: Thundurus|0 fnt
|faint|p2a: Thundurus
|
|-weather|SunnyDay|[upkeep]
|raw|<div class="broadcast-blue"><b>Moderated chat was disabled!<\/b><br \/>Anyone may talk now.<\/div>
|
|switch|p2a: Garchomp|Garchomp, M, shiny|358\/358
|turn|21
|c| LT4B Chano|i won vs you yesterday, ez af
|
|move|p2a: Garchomp|Swords Dance|p2a: Garchomp
|-boost|p2a: Garchomp|atk|2
|move|p1a: Neo Bahamut|Fire Blast|p2a: Garchomp
|-resisted|p2a: Garchomp
|-damage|p2a: Garchomp|147\/358
|
|-weather|SunnyDay|[upkeep]
|turn|22
|
|switch|p1a: Agns|Sylveon, F|369\/394 par
|move|p2a: Garchomp|Stone Edge|p1a: Agns
|-crit|p1a: Agns
|-damage|p1a: Agns|0 fnt
|faint|p1a: Agns
|
|-weather|SunnyDay|[upkeep]
|c| I'm Charlie Scene|sacrifica al slow xd
|
|switch|p1a: Altos Toros|Terrakion|303\/323
|turn|23
|c|âMamaMartaVIIINacio|Que coÃ±o
|
|switch|p2a: Tyranitar|Tyranitar, M|257\/341 tox
|-weather|Sandstorm
|move|p1a: Altos Toros|Close Combat|p2a: Tyranitar
|-supereffective|p2a: Tyranitar
|-damage|p2a: Tyranitar|0 fnt
|-unboost|p1a: Altos Toros|def|1
|-unboost|p1a: Altos Toros|spd|1
|faint|p2a: Tyranitar
|
|-weather|Sandstorm|[upkeep]
|c| I'm Charlie Scene|ya es gg
|c|âMamaMartaVIIINacio|Ojo al Slow
|
|switch|p2a: Excadrill|Excadrill, M, shiny|169\/361
|turn|24
|c| I'm Charlie Scene|espera al rock polisher excadrill
|c|âDark Side of Moon|english mother fucker
|c|âDark Side of Moon|do u speak it
|
|switch|p1a: Neo Bahamut|Charizard-Mega-Y, M|279\/297
|-weather|SunnyDay
|move|p2a: Excadrill|Rock Slide|p1a: Neo Bahamut
|-supereffective|p1a: Neo Bahamut
|-damage|p1a: Neo Bahamut|0 fnt
|-damage|p2a: Excadrill|133\/361|[from] item: Life Orb
|faint|p1a: Neo Bahamut
|
|-weather|SunnyDay|[upkeep]
|c| LT4B Chano|gilipollas
|c| LT4B Chano|u are
|c| Froilan Confirmed|speak with my ass
|c| Froilan Confirmed|poopyhead
|c|âMamaMartaVIIINacio|gg
|c|âDark Side of Moon|u won bc of
|c| LT4B Chano|a carajaula
|c|âDark Side of Moon|complete hax
|c|âDark Side of Moon|not gg
|
|switch|p1a: Altos Toros|Terrakion|303\/323
|turn|25
|c| I'm Charlie Scene|xD
|c| LT4B Chano|PRINGAO
|c|âDark Side of Moon|go fuck a taco
|c| LT4B Chano|NOOB
|c| LT4B Chano|CARAJAULAAAA
|c|âMamaMartaVIIINacio|CARAJAULA
|
|move|p1a: Altos Toros|Close Combat|p2a: Excadrill
|-supereffective|p2a: Excadrill
|-damage|p2a: Excadrill|0 fnt
|-unboost|p1a: Altos Toros|def|1
|-unboost|p1a: Altos Toros|spd|1
|faint|p2a: Excadrill
|
|-weather|SunnyDay|[upkeep]
|c| LT4B Chano|CARAJAULAAAA
|c| I'm Charlie Scene|XDDDDDDDDDDDDDDD
|c|âMamaMartaVIIINacio|QUE ERES UN CARAJAULA
|
|switch|p2a: Garchomp|Garchomp, M, shiny|147\/358
|turn|26
|
|detailschange|p2a: Garchomp|Garchomp-Mega, M, shiny
|message|Garchomp has Mega Evolved into Mega Garchomp!
|move|p1a: Altos Toros|Close Combat|p2a: Garchomp
|-damage|p2a: Garchomp|0 fnt
|-unboost|p1a: Altos Toros|def|1
|-unboost|p1a: Altos Toros|spd|1
|faint|p2a: Garchomp
|
|win|MamaMartaVIIINacio
|raw|Ladder updating...
|raw|MamaMartaVIIINacio's rating: 1835 &rarr; <strong>1851<\/strong><br \/>(+16 for winning)
|raw|Dark Side of Moon's rating: 1767 &rarr; <strong>1751<\/strong><br \/>(-16 for losing)
|c|âDark Side of Moon|zero skill
|c|âDark Side of Moon|fuck u spicks
|c| LT4B Chano|EASY AS FUCKKKKKK
|join|Ernes
|leave|Dark Side of Moon
|player|p2
|join|Zng
|c| SkillGame|q dices
|c| I'm Charlie Scene|1851
|c| SkillGame|tu de mi
|c| I'm Charlie Scene|oooooooooo
|c| SkillGame|subnormal
|c| LT4B Chano|Guarda la replay
|c| SkillGame|sera hilipoyas
|c| I'm Charlie Scene|flammeaso