|join|Dark Side of Moon
|join|Pagolocoroco
|player|p1|Dark Side of Moon|161
|player|p2|Pagolocoroco|170
|gametype|singles
|gen|6
|tier|OU
|rated
|clearpoke
|poke|p1|Terrakion, shiny
|poke|p1|Scizor, M
|poke|p1|Manectric, M, shiny
|poke|p1|Landorus-Therian, M, shiny
|poke|p1|Latias, F, shiny
|poke|p1|Bisharp, M, shiny
|poke|p2|Clefable, F
|poke|p2|Excadrill, M
|poke|p2|Talonflame, M
|poke|p2|Charizard, F
|poke|p2|Ferrothorn, F
|poke|p2|Azumarill, M
|rule|Swagger Clause: Swagger is banned
|rule|Baton Pass Clause: Limit one PokÃ©mon knowing Baton Pass
|rule|Sleep Clause Mod: Limit one foe put to sleep
|rule|Species Clause: Limit one of each PokÃ©mon
|rule|OHKO Clause: OHKO moves are banned
|rule|Moody Clause: Moody is banned
|rule|Evasion Moves Clause: Evasion moves are banned
|rule|Endless Battle Clause: Forcing endless battles is banned
|rule|HP Percentage Mod: HP is shown in percentages
|teampreview
|
|start
|switch|p1a: Terrakion|Terrakion, shiny|323\/323
|switch|p2a: Excadrill|Excadrill, M|361\/361
|-ability|p2a: Excadrill|Mold Breaker
|turn|1
|
|switch|p2a: Azumarill|Azumarill, M|404\/404
|move|p1a: Terrakion|Close Combat|p2a: Azumarill
|-resisted|p2a: Azumarill
|-damage|p2a: Azumarill|287\/404
|-unboost|p1a: Terrakion|def|1
|-unboost|p1a: Terrakion|spd|1
|
|turn|2
|
|move|p1a: Terrakion|Stealth Rock|p2a: Azumarill
|-sidestart|p2: Pagolocoroco|move: Stealth Rock
|move|p2a: Azumarill|Waterfall|p1a: Terrakion
|-supereffective|p1a: Terrakion
|-enditem|p1a: Terrakion|Focus Sash
|-damage|p1a: Terrakion|1\/323
|
|turn|3
|
|move|p2a: Azumarill|Aqua Jet|p1a: Terrakion
|-supereffective|p1a: Terrakion
|-damage|p1a: Terrakion|0 fnt
|faint|p1a: Terrakion
|
|
|switch|p1a: Manectric|Manectric, M, shiny|281\/281
|turn|4
|
|detailschange|p1a: Manectric|Manectric-Mega, M, shiny
|message|Manectric has Mega Evolved into Mega Manectric!
|-ability|p1a: Manectric|Intimidate|[of] p2a: Azumarill
|-unboost|p2a: Azumarill|atk|1
|move|p2a: Azumarill|Aqua Jet|p1a: Manectric
|-damage|p1a: Manectric|215\/281
|move|p1a: Manectric|Flamethrower|p2a: Azumarill
|-resisted|p2a: Azumarill
|-damage|p2a: Azumarill|242\/404
|
|turn|5
|
|switch|p1a: Landorus-Therian|Landorus-Therian, M, shiny|319\/319
|-ability|p1a: Landorus-Therian|Intimidate|[of] p2a: Azumarill
|-unboost|p2a: Azumarill|atk|1
|switch|p2a: Excadrill|Excadrill, M|361\/361
|-damage|p2a: Excadrill|350\/361|[from] Stealth Rock
|-ability|p2a: Excadrill|Mold Breaker
|
|turn|6
|
|move|p1a: Landorus-Therian|Earthquake|p2a: Excadrill
|-supereffective|p2a: Excadrill
|-damage|p2a: Excadrill|0 fnt
|faint|p2a: Excadrill
|
|
|switch|p2a: Talonflame|Talonflame, M|359\/359
|-damage|p2a: Talonflame|180\/359|[from] Stealth Rock
|turn|7
|
|switch|p1a: Manectric|Manectric-Mega, M, shiny|215\/281
|-ability|p1a: Manectric|Intimidate|[of] p2a: Talonflame
|-unboost|p2a: Talonflame|atk|1
|move|p2a: Talonflame|Bulk Up|p2a: Talonflame
|-boost|p2a: Talonflame|atk|1
|-boost|p2a: Talonflame|def|1
|
|-heal|p2a: Talonflame|202\/359|[from] item: Leftovers
|turn|8
|
|move|p2a: Talonflame|Roost|p2a: Talonflame
|-heal|p2a: Talonflame|359\/359
|move|p1a: Manectric|Thunderbolt|p2a: Talonflame
|-crit|p2a: Talonflame
|-damage|p2a: Talonflame|133\/359
|
|-heal|p2a: Talonflame|155\/359|[from] item: Leftovers
|turn|9
|
|move|p2a: Talonflame|Roost|p2a: Talonflame
|-heal|p2a: Talonflame|335\/359
|move|p1a: Manectric|Thunderbolt|p2a: Talonflame
|-damage|p2a: Talonflame|190\/359
|
|-heal|p2a: Talonflame|212\/359|[from] item: Leftovers
|turn|10
|
|move|p2a: Talonflame|Roost|p2a: Talonflame
|-heal|p2a: Talonflame|359\/359
|move|p1a: Manectric|Thunderbolt|p2a: Talonflame
|-damage|p2a: Talonflame|211\/359
|
|-heal|p2a: Talonflame|233\/359|[from] item: Leftovers
|turn|11
|
|switch|p2a: Ferrothorn|Ferrothorn, F|352\/352
|-damage|p2a: Ferrothorn|330\/352|[from] Stealth Rock
|move|p1a: Manectric|Thunderbolt|p2a: Ferrothorn
|-resisted|p2a: Ferrothorn
|-damage|p2a: Ferrothorn|267\/352
|
|turn|12
|
|switch|p2a: Clefable|Clefable, F|394\/394
|-damage|p2a: Clefable|345\/394|[from] Stealth Rock
|move|p1a: Manectric|Flamethrower|p2a: Clefable
|-damage|p2a: Clefable|230\/394
|
|-heal|p2a: Clefable|254\/394|[from] item: Leftovers
|turn|13
|
|move|p1a: Manectric|Thunderbolt|p2a: Clefable
|-damage|p2a: Clefable|62\/394
|move|p2a: Clefable|Wish|p2a: Clefable
|
|-heal|p2a: Clefable|86\/394|[from] item: Leftovers
|turn|14
|
|switch|p1a: Bisharp|Bisharp, M, shiny|271\/271
|move|p2a: Clefable|Protect|p2a: Clefable
|-fail|p2a: Clefable
|
|-heal|p2a: Clefable|283\/394|[from] move: Wish|[wisher] Clefable
|-heal|p2a: Clefable|307\/394|[from] item: Leftovers
|turn|15
|
|move|p1a: Bisharp|Knock Off|p2a: Clefable
|-resisted|p2a: Clefable
|-damage|p2a: Clefable|202\/394
|-enditem|p2a: Clefable|Leftovers|[from] move: Knock Off|[of] p1a: Bisharp
|-damage|p1a: Bisharp|244\/271|[from] item: Life Orb
|move|p2a: Clefable|Moonblast|p1a: Bisharp
|-damage|p1a: Bisharp|102\/271
|
|turn|16
|
|switch|p1a: Scizor|Scizor, M|281\/281
|switch|p2a: Ferrothorn|Ferrothorn, F|267\/352
|-damage|p2a: Ferrothorn|245\/352|[from] Stealth Rock
|
|turn|17
|
|move|p1a: Scizor|Superpower|p2a: Ferrothorn
|-crit|p2a: Ferrothorn
|-supereffective|p2a: Ferrothorn
|-damage|p2a: Ferrothorn|0 fnt
|-damage|p1a: Scizor|246\/281|[from] ability: Iron Barbs|[of] p2a: Ferrothorn
|-damage|p1a: Scizor|200\/281|[from] item: Rocky Helmet|[of] p2a: Ferrothorn
|-unboost|p1a: Scizor|atk|1
|-unboost|p1a: Scizor|def|1
|faint|p2a: Ferrothorn
|
|
|switch|p2a: Charizard|Charizard, F|359\/359
|-damage|p2a: Charizard|180\/359|[from] Stealth Rock
|turn|18
|
|switch|p1a: Landorus-Therian|Landorus-Therian, M, shiny|319\/319
|-ability|p1a: Landorus-Therian|Intimidate|[of] p2a: Charizard
|-unboost|p2a: Charizard|atk|1
|move|p2a: Charizard|Will-O-Wisp|p1a: Landorus-Therian
|-status|p1a: Landorus-Therian|brn
|
|-damage|p1a: Landorus-Therian|280\/319 brn|[from] brn
|turn|19
|
|detailschange|p2a: Charizard|Charizard-Mega-X, F
|message|Charizard has Mega Evolved into Mega Charizard!
|move|p1a: Landorus-Therian|U-turn|p2a: Charizard
|-resisted|p2a: Charizard
|-damage|p2a: Charizard|160\/359
|
|switch|p1a: Latias|Latias, F, shiny|301\/301
|move|p2a: Charizard|Roost|p2a: Charizard
|-heal|p2a: Charizard|340\/359
|
|turn|20
|
|switch|p2a: Clefable|Clefable, F|202\/394
|-damage|p2a: Clefable|153\/394|[from] Stealth Rock
|move|p1a: Latias|Draco Meteor|p2a: Clefable
|-immune|p2a: Clefable|[msg]
|
|turn|21
|
|move|p1a: Latias|Psyshock|p2a: Clefable
|-crit|p2a: Clefable
|-damage|p2a: Clefable|0 fnt
|-damage|p1a: Latias|271\/301|[from] item: Life Orb
|faint|p2a: Clefable
|
|
|switch|p2a: Azumarill|Azumarill, M|242\/404
|-damage|p2a: Azumarill|192\/404|[from] Stealth Rock
|turn|22
|
|switch|p1a: Scizor|Scizor, M|200\/281
|move|p2a: Azumarill|Knock Off|p1a: Scizor
|-damage|p1a: Scizor|65\/281
|-enditem|p1a: Scizor|Choice Band|[from] move: Knock Off|[of] p2a: Azumarill
|
|turn|23
|
|move|p1a: Scizor|Bullet Punch|p2a: Azumarill
|-damage|p2a: Azumarill|50\/404
|move|p2a: Azumarill|Aqua Jet|p1a: Scizor
|-damage|p1a: Scizor|0 fnt
|faint|p1a: Scizor
|
|
|switch|p1a: Latias|Latias, F, shiny|271\/301
|turn|24
|
|move|p2a: Azumarill|Aqua Jet|p1a: Latias
|-resisted|p1a: Latias
|-damage|p1a: Latias|224\/301
|move|p1a: Latias|Psyshock|p2a: Azumarill
|-damage|p2a: Azumarill|0 fnt
|-damage|p1a: Latias|194\/301|[from] item: Life Orb
|faint|p2a: Azumarill
|
|
|switch|p2a: Talonflame|Talonflame, M|233\/359
|-damage|p2a: Talonflame|54\/359|[from] Stealth Rock
|turn|25
|
|move|p2a: Talonflame|Roost|p2a: Talonflame
|-heal|p2a: Talonflame|234\/359
|move|p1a: Latias|Draco Meteor|p2a: Talonflame
|-damage|p2a: Talonflame|0 fnt
|-unboost|p1a: Latias|spa|2
|-damage|p1a: Latias|164\/301|[from] item: Life Orb
|faint|p2a: Talonflame
|
|
|switch|p2a: Charizard|Charizard-Mega-X, F|340\/359
|-damage|p2a: Charizard|251\/359|[from] Stealth Rock
|turn|26
|
|move|p1a: Latias|Draco Meteor|p2a: Charizard
|-supereffective|p2a: Charizard
|-damage|p2a: Charizard|7\/359
|-unboost|p1a: Latias|spa|2
|-damage|p1a: Latias|134\/301|[from] item: Life Orb
|move|p2a: Charizard|Dragon Claw|p1a: Latias
|-supereffective|p1a: Latias
|-damage|p1a: Latias|0 fnt
|faint|p1a: Latias
|
|
|switch|p1a: Manectric|Manectric-Mega, M, shiny|215\/281
|-ability|p1a: Manectric|Intimidate|[of] p2a: Charizard
|-unboost|p2a: Charizard|atk|1
|turn|27
|
|move|p1a: Manectric|Thunderbolt|p2a: Charizard
|-resisted|p2a: Charizard
|-damage|p2a: Charizard|0 fnt
|faint|p2a: Charizard
|
|win|Dark Side of Moon
|raw|Ladder updating...
|raw|Dark Side of Moon's rating: 1698 &rarr; <strong>1711<\/strong><br \/>(+13 for winning)
|raw|Pagolocoroco's rating: 1577 &rarr; <strong>1564<\/strong><br \/>(-13 for losing)
|leave|Dark Side of Moon
|player|p1
|leave|Pagolocoroco
|player|p2