|join|RedsCharizard
|join|Dark Side of Moon
|player|p1|RedsCharizard|163
|player|p2|Dark Side of Moon|161
|gametype|singles
|gen|6
|tier|OU (suspect test)
|rated
|clearpoke
|poke|p1|Crawdaunt, M
|poke|p1|Venusaur, F
|poke|p1|Heatran, M
|poke|p1|Landorus-Therian, M
|poke|p1|Raikou
|poke|p1|Latios, M
|poke|p2|Latios, M
|poke|p2|Pinsir, M, shiny
|poke|p2|Heatran, M, shiny
|poke|p2|Landorus-Therian, M
|poke|p2|Rotom-Wash
|poke|p2|Conkeldurr, M, shiny
|rule|Swagger Clause: Swagger is banned
|rule|Baton Pass Clause: Limit one PokÃ©mon knowing Baton Pass
|rule|Sleep Clause Mod: Limit one foe put to sleep
|rule|Species Clause: Limit one of each PokÃ©mon
|rule|OHKO Clause: OHKO moves are banned
|rule|Moody Clause: Moody is banned
|rule|Evasion Moves Clause: Evasion moves are banned
|rule|Endless Battle Clause: Forcing endless battles is banned
|rule|HP Percentage Mod: HP is shown in percentages
|teampreview
|
|start
|switch|p1a: Landorus-Therian|Landorus-Therian, M|319\/319
|switch|p2a: Rotom-Wash|Rotom-Wash|304\/304
|-ability|p1a: Landorus-Therian|Intimidate|[of] p2a: Rotom-Wash
|-unboost|p2a: Rotom-Wash|atk|1
|turn|1
|
|move|p1a: Landorus-Therian|U-turn|p2a: Rotom-Wash
|-damage|p2a: Rotom-Wash|243\/304
|
|switch|p1a: Venusaur|Venusaur, F|364\/364
|move|p2a: Rotom-Wash|Will-O-Wisp|p1a: Venusaur
|-status|p1a: Venusaur|brn
|
|-heal|p2a: Rotom-Wash|262\/304|[from] item: Leftovers
|-damage|p1a: Venusaur|319\/364 brn|[from] brn
|turn|2
|
|detailschange|p1a: Venusaur|Venusaur-Mega, F
|-mega|p1a: Venusaur|Venusaur|Venusaurite
|move|p2a: Rotom-Wash|Volt Switch|p1a: Venusaur
|-resisted|p1a: Venusaur
|-damage|p1a: Venusaur|281\/364 brn
|
|switch|p2a: Heatran|Heatran, M, shiny|386\/386
|move|p1a: Venusaur|Synthesis|p1a: Venusaur
|-heal|p1a: Venusaur|364\/364 brn
|
|-damage|p1a: Venusaur|319\/364 brn|[from] brn
|turn|3
|
|switch|p1a: Crawdaunt|Crawdaunt, M|268\/268
|move|p2a: Heatran|Stealth Rock|p1a: Crawdaunt
|-sidestart|p1: RedsCharizard|move: Stealth Rock
|
|turn|4
|join|Quartz Quadrant 3
|
|move|p2a: Heatran|Will-O-Wisp|p1a: Crawdaunt
|-status|p1a: Crawdaunt|brn
|move|p1a: Crawdaunt|Knock Off|p2a: Heatran
|-damage|p2a: Heatran|235\/386
|-enditem|p2a: Heatran|Leftovers|[from] move: Knock Off|[of] p1a: Crawdaunt
|-damage|p1a: Crawdaunt|242\/268 brn|[from] item: Life Orb
|
|-damage|p1a: Crawdaunt|209\/268 brn|[from] brn
|turn|5
|
|move|p2a: Heatran|Lava Plume|p1a: Crawdaunt
|-resisted|p1a: Crawdaunt
|-damage|p1a: Crawdaunt|119\/268 brn
|move|p1a: Crawdaunt|Crabhammer|p2a: Heatran
|-supereffective|p2a: Heatran
|-damage|p2a: Heatran|0 fnt
|-damage|p1a: Crawdaunt|93\/268 brn|[from] item: Life Orb
|faint|p2a: Heatran
|
|-damage|p1a: Crawdaunt|60\/268 brn|[from] brn
|
|switch|p2a: Pinsir|Pinsir, M, shiny|271\/271
|turn|6
|
|detailschange|p2a: Pinsir|Pinsir-Mega, M, shiny
|-mega|p2a: Pinsir|Pinsir|Pinsirite
|move|p2a: Pinsir|Quick Attack|p1a: Crawdaunt
|-damage|p1a: Crawdaunt|0 fnt
|faint|p1a: Crawdaunt
|
|
|switch|p1a: Raikou|Raikou|321\/321
|-damage|p1a: Raikou|281\/321|[from] Stealth Rock
|-ability|p1a: Raikou|Pressure
|turn|7
|
|switch|p2a: Conkeldurr|Conkeldurr, M, shiny|361\/361
|move|p1a: Raikou|Volt Switch|p2a: Conkeldurr
|-damage|p2a: Conkeldurr|241\/361
|
|switch|p1a: Latios|Latios, M|301\/301
|-damage|p1a: Latios|264\/301|[from] Stealth Rock
|
|turn|8
|
|move|p1a: Latios|Psyshock|p2a: Conkeldurr
|-supereffective|p2a: Conkeldurr
|-damage|p2a: Conkeldurr|0 fnt
|-damage|p1a: Latios|234\/301|[from] item: Life Orb
|faint|p2a: Conkeldurr
|
|
|switch|p2a: Landorus-Therian|Landorus-Therian, M|319\/319
|-ability|p2a: Landorus-Therian|Intimidate|[of] p1a: Latios
|-unboost|p1a: Latios|atk|1
|turn|9
|
|switch|p1a: Landorus-Therian|Landorus-Therian, M|319\/319
|-damage|p1a: Landorus-Therian|280\/319|[from] Stealth Rock
|-ability|p1a: Landorus-Therian|Intimidate|[of] p2a: Landorus-Therian
|-unboost|p2a: Landorus-Therian|atk|1
|move|p2a: Landorus-Therian|U-turn|p1a: Landorus-Therian
|-resisted|p1a: Landorus-Therian
|-damage|p1a: Landorus-Therian|244\/319
|
|switch|p2a: Latios|Latios, M|301\/301
|
|turn|10
|
|move|p1a: Landorus-Therian|U-turn|p2a: Latios
|-supereffective|p2a: Latios
|-damage|p2a: Latios|73\/301
|
|switch|p1a: Heatran|Heatran, M|385\/385
|-damage|p1a: Heatran|337\/385|[from] Stealth Rock
|move|p2a: Latios|Earthquake|p1a: Heatran
|-supereffective|p1a: Heatran
|-damage|p1a: Heatran|0 fnt
|-damage|p2a: Latios|43\/301|[from] item: Life Orb
|faint|p1a: Heatran
|
|
|switch|p1a: Landorus-Therian|Landorus-Therian, M|244\/319
|-damage|p1a: Landorus-Therian|205\/319|[from] Stealth Rock
|-ability|p1a: Landorus-Therian|Intimidate|[of] p2a: Latios
|-unboost|p2a: Latios|atk|1
|turn|11
|
|switch|p2a: Landorus-Therian|Landorus-Therian, M|319\/319
|-ability|p2a: Landorus-Therian|Intimidate|[of] p1a: Landorus-Therian
|-unboost|p1a: Landorus-Therian|atk|1
|move|p1a: Landorus-Therian|U-turn|p2a: Landorus-Therian
|-crit|p2a: Landorus-Therian
|-resisted|p2a: Landorus-Therian
|-damage|p2a: Landorus-Therian|240\/319
|
|switch|p1a: Venusaur|Venusaur-Mega, F|319\/364 brn
|-damage|p1a: Venusaur|274\/364 brn|[from] Stealth Rock
|
|-damage|p1a: Venusaur|229\/364 brn|[from] brn
|turn|12
|
|move|p2a: Landorus-Therian|U-turn|p1a: Venusaur
|-damage|p1a: Venusaur|175\/364 brn
|
|switch|p2a: Pinsir|Pinsir-Mega, M, shiny|271\/271
|move|p1a: Venusaur|Hidden Power|p2a: Pinsir
|-supereffective|p2a: Pinsir
|-damage|p2a: Pinsir|145\/271
|
|-damage|p1a: Venusaur|130\/364 brn|[from] brn
|turn|13
|
|move|p2a: Pinsir|Return|p1a: Venusaur
|-supereffective|p1a: Venusaur
|-damage|p1a: Venusaur|0 fnt
|faint|p1a: Venusaur
|
|
|switch|p1a: Landorus-Therian|Landorus-Therian, M|205\/319
|-damage|p1a: Landorus-Therian|166\/319|[from] Stealth Rock
|-ability|p1a: Landorus-Therian|Intimidate|[of] p2a: Pinsir
|-unboost|p2a: Pinsir|atk|1
|turn|14
|
|switch|p2a: Latios|Latios, M|43\/301
|move|p1a: Landorus-Therian|U-turn|p2a: Latios
|-supereffective|p2a: Latios
|-damage|p2a: Latios|0 fnt
|faint|p2a: Latios
|
|switch|p1a: Raikou|Raikou|281\/321
|-damage|p1a: Raikou|241\/321|[from] Stealth Rock
|-ability|p1a: Raikou|Pressure
|
|
|switch|p2a: Landorus-Therian|Landorus-Therian, M|240\/319
|-ability|p2a: Landorus-Therian|Intimidate|[of] p1a: Raikou
|-unboost|p1a: Raikou|atk|1
|turn|15
|
|switch|p1a: Latios|Latios, M|234\/301
|-damage|p1a: Latios|197\/301|[from] Stealth Rock
|move|p2a: Landorus-Therian|U-turn|p1a: Latios
|-supereffective|p1a: Latios
|-damage|p1a: Latios|0 fnt
|faint|p1a: Latios
|
|switch|p2a: Pinsir|Pinsir-Mega, M, shiny|145\/271
|
|
|switch|p1a: Raikou|Raikou|241\/321
|-damage|p1a: Raikou|201\/321|[from] Stealth Rock
|-ability|p1a: Raikou|Pressure
|turn|16
|
|move|p2a: Pinsir|Quick Attack|p1a: Raikou
|-resisted|p1a: Raikou
|-damage|p1a: Raikou|138\/321
|move|p1a: Raikou|Volt Switch|p2a: Pinsir
|-supereffective|p2a: Pinsir
|-damage|p2a: Pinsir|0 fnt
|faint|p2a: Pinsir
|
|switch|p1a: Landorus-Therian|Landorus-Therian, M|166\/319
|-damage|p1a: Landorus-Therian|127\/319|[from] Stealth Rock
|
|
|switch|p2a: Rotom-Wash|Rotom-Wash|262\/304
|turn|17
|
|move|p1a: Landorus-Therian|Explosion|p2a: Rotom-Wash
|-damage|p2a: Rotom-Wash|40\/304
|faint|p1a: Landorus-Therian
|move|p2a: Rotom-Wash|Hydro Pump|p1: Landorus-Therian|[notarget]
|-notarget
|
|-heal|p2a: Rotom-Wash|59\/304|[from] item: Leftovers
|
|switch|p1a: Raikou|Raikou|138\/321
|-damage|p1a: Raikou|98\/321|[from] Stealth Rock
|-ability|p1a: Raikou|Pressure
|turn|18
|
|move|p1a: Raikou|Shadow Ball|p2a: Rotom-Wash
|-damage|p2a: Rotom-Wash|0 fnt
|faint|p2a: Rotom-Wash
|
|
|switch|p2a: Landorus-Therian|Landorus-Therian, M|240\/319
|-ability|p2a: Landorus-Therian|Intimidate|[of] p1a: Raikou
|-unboost|p1a: Raikou|atk|1
|turn|19
|
|move|p2a: Landorus-Therian|Earthquake|p1a: Raikou
|-supereffective|p1a: Raikou
|-damage|p1a: Raikou|0 fnt
|faint|p1a: Raikou
|
|win|Dark Side of Moon
|raw|Ladder updating...