|join|tudou
|join|Dark Side of Moon
|player|p1|tudou|146
|player|p2|Dark Side of Moon|161
|gametype|singles
|gen|6
|tier|OU (suspect test)
|rated
|clearpoke
|poke|p1|Scizor, M
|poke|p1|Keldeo
|poke|p1|Breloom, M
|poke|p1|Latias, F
|poke|p1|Landorus-Therian, M
|poke|p1|Jirachi, shiny
|poke|p2|Slowbro, M, shiny
|poke|p2|Tyranitar, M
|poke|p2|Sylveon, F
|poke|p2|Scizor, M
|poke|p2|Thundurus, M
|poke|p2|Skarmory, F
|rule|Swagger Clause: Swagger is banned
|rule|Baton Pass Clause: Limit one PokÃ©mon knowing Baton Pass
|rule|Sleep Clause Mod: Limit one foe put to sleep
|rule|Species Clause: Limit one of each PokÃ©mon
|rule|OHKO Clause: OHKO moves are banned
|rule|Moody Clause: Moody is banned
|rule|Evasion Moves Clause: Evasion moves are banned
|rule|Endless Battle Clause: Forcing endless battles is banned
|rule|HP Percentage Mod: HP is shown in percentages
|teampreview
|
|start
|switch|p1a: Breloom|Breloom, M|261\/261
|switch|p2a: Thundurus|Thundurus, M|299\/299
|turn|1
|
|move|p2a: Thundurus|Thunder Wave|p1a: Breloom
|-status|p1a: Breloom|par
|move|p1a: Breloom|Rock Tomb|p2a: Thundurus
|-supereffective|p2a: Thundurus
|-damage|p2a: Thundurus|21\/299
|-unboost|p2a: Thundurus|spe|1
|
|turn|2
|
|switch|p2a: Scizor|Scizor, M|281\/281
|move|p1a: Breloom|Mach Punch|p2a: Scizor
|-damage|p2a: Scizor|179\/281
|
|turn|3
|
|move|p2a: Scizor|U-turn|p1a: Breloom
|-damage|p1a: Breloom|6\/261 par
|
|switch|p2a: Tyranitar|Tyranitar, M|341\/341
|-weather|Sandstorm
|move|p1a: Breloom|Spore|p2a: Tyranitar
|-status|p2a: Tyranitar|slp
|
|-weather|Sandstorm|[upkeep]
|-damage|p1a: Breloom|0 fnt|[from] sandstorm
|faint|p1a: Breloom
|
|switch|p1a: Jirachi|Jirachi, shiny|404\/404
|turn|4
|
|switch|p2a: Slowbro|Slowbro, M, shiny|394\/394
|move|p1a: Jirachi|Stealth Rock|p2a: Slowbro
|-sidestart|p2: Dark Side of Moon|move: Stealth Rock
|
|-weather|Sandstorm|[upkeep]
|-damage|p2a: Slowbro|370\/394|[from] sandstorm
|turn|5
|
|move|p1a: Jirachi|U-turn|p2a: Slowbro
|-crit|p2a: Slowbro
|-supereffective|p2a: Slowbro
|-damage|p2a: Slowbro|220\/394
|
|switch|p1a: Keldeo|Keldeo|323\/323
|move|p2a: Slowbro|Calm Mind|p2a: Slowbro
|-boost|p2a: Slowbro|spa|1
|-boost|p2a: Slowbro|spd|1
|
|-weather|Sandstorm|[upkeep]
|-damage|p1a: Keldeo|303\/323|[from] sandstorm
|-damage|p2a: Slowbro|196\/394|[from] sandstorm
|turn|6
|
|move|p1a: Keldeo|Hidden Power|p2a: Slowbro
|-supereffective|p2a: Slowbro
|-damage|p2a: Slowbro|28\/394
|move|p2a: Slowbro|Slack Off|p2a: Slowbro
|-heal|p2a: Slowbro|225\/394
|
|-weather|Sandstorm|[upkeep]
|-damage|p1a: Keldeo|283\/323|[from] sandstorm
|-damage|p2a: Slowbro|201\/394|[from] sandstorm
|turn|7
|
|switch|p1a: Latias|Latias, F|319\/319
|move|p2a: Slowbro|Slack Off|p2a: Slowbro
|-heal|p2a: Slowbro|394\/394
|
|-weather|none
|turn|8
|
|move|p1a: Latias|Thunderbolt|p2a: Slowbro
|-supereffective|p2a: Slowbro
|-damage|p2a: Slowbro|209\/394
|-damage|p1a: Latias|288\/319|[from] item: Life Orb
|move|p2a: Slowbro|Slack Off|p2a: Slowbro
|-heal|p2a: Slowbro|394\/394
|
|turn|9
|join|CleanerThanRotom-W
|
|detailschange|p2a: Slowbro|Slowbro-Mega, M, shiny
|-mega|p2a: Slowbro|Slowbro|Slowbronite
|move|p1a: Latias|Thunderbolt|p2a: Slowbro
|-supereffective|p2a: Slowbro
|-damage|p2a: Slowbro|209\/394
|-damage|p1a: Latias|257\/319|[from] item: Life Orb
|move|p2a: Slowbro|Calm Mind|p2a: Slowbro
|-boost|p2a: Slowbro|spa|1
|-boost|p2a: Slowbro|spd|1
|
|turn|10
|
|move|p1a: Latias|Thunderbolt|p2a: Slowbro
|-supereffective|p2a: Slowbro
|-damage|p2a: Slowbro|79\/394
|-damage|p1a: Latias|226\/319|[from] item: Life Orb
|move|p2a: Slowbro|Slack Off|p2a: Slowbro
|-heal|p2a: Slowbro|276\/394
|
|turn|11
|
|move|p1a: Latias|Thunderbolt|p2a: Slowbro
|-supereffective|p2a: Slowbro
|-damage|p2a: Slowbro|136\/394
|-damage|p1a: Latias|195\/319|[from] item: Life Orb
|move|p2a: Slowbro|Slack Off|p2a: Slowbro
|-heal|p2a: Slowbro|333\/394
|
|turn|12
|
|move|p1a: Latias|Thunderbolt|p2a: Slowbro
|-supereffective|p2a: Slowbro
|-damage|p2a: Slowbro|193\/394
|-damage|p1a: Latias|164\/319|[from] item: Life Orb
|move|p2a: Slowbro|Calm Mind|p2a: Slowbro
|-boost|p2a: Slowbro|spa|1
|-boost|p2a: Slowbro|spd|1
|
|turn|13
|
|move|p1a: Latias|Thunderbolt|p2a: Slowbro
|-supereffective|p2a: Slowbro
|-damage|p2a: Slowbro|71\/394
|-damage|p1a: Latias|133\/319|[from] item: Life Orb
|move|p2a: Slowbro|Slack Off|p2a: Slowbro
|-heal|p2a: Slowbro|268\/394
|
|turn|14
|
|move|p1a: Latias|Thunderbolt|p2a: Slowbro
|-supereffective|p2a: Slowbro
|-damage|p2a: Slowbro|154\/394
|-damage|p1a: Latias|102\/319|[from] item: Life Orb
|move|p2a: Slowbro|Calm Mind|p2a: Slowbro
|-boost|p2a: Slowbro|spa|1
|-boost|p2a: Slowbro|spd|1
|
|turn|15
|
|move|p1a: Latias|Draco Meteor|p2a: Slowbro
|-damage|p2a: Slowbro|49\/394
|-unboost|p1a: Latias|spa|2
|-damage|p1a: Latias|71\/319|[from] item: Life Orb
|move|p2a: Slowbro|Slack Off|p2a: Slowbro
|-heal|p2a: Slowbro|246\/394
|
|turn|16
|
|move|p1a: Latias|Thunderbolt|p2a: Slowbro
|-supereffective|p2a: Slowbro
|-damage|p2a: Slowbro|194\/394
|-damage|p1a: Latias|40\/319|[from] item: Life Orb
|move|p2a: Slowbro|Slack Off|p2a: Slowbro
|-heal|p2a: Slowbro|391\/394
|
|turn|17
|
|move|p1a: Latias|Thunderbolt|p2a: Slowbro
|-supereffective|p2a: Slowbro
|-damage|p2a: Slowbro|339\/394
|-damage|p1a: Latias|9\/319|[from] item: Life Orb
|move|p2a: Slowbro|Calm Mind|p2a: Slowbro
|-boost|p2a: Slowbro|spa|1
|-boost|p2a: Slowbro|spd|1
|
|turn|18
|
|move|p1a: Latias|Thunderbolt|p2a: Slowbro
|-supereffective|p2a: Slowbro
|-damage|p2a: Slowbro|295\/394
|-status|p2a: Slowbro|par
|-damage|p1a: Latias|0 fnt|[from] item: Life Orb
|faint|p1a: Latias
|move|p2a: Slowbro|Slack Off|p2a: Slowbro
|-heal|p2a: Slowbro|394\/394 par
|
|
|switch|p1a: Scizor|Scizor, M|287\/287
|turn|19
|
|detailschange|p1a: Scizor|Scizor-Mega, M
|-mega|p1a: Scizor|Scizor|Scizorite
|move|p1a: Scizor|Swords Dance|p1a: Scizor
|-boost|p1a: Scizor|atk|2
|cant|p2a: Slowbro|par
|
|turn|20
|
|move|p1a: Scizor|Bug Bite|p2a: Slowbro
|-supereffective|p2a: Slowbro
|-damage|p2a: Slowbro|2\/394 par
|move|p2a: Slowbro|Scald|p1a: Scizor
|-damage|p1a: Scizor|0 fnt
|faint|p1a: Scizor
|
|c|âDark Side of Moon|mega bro too real
|
|switch|p1a: Landorus-Therian|Landorus-Therian, M|319\/319
|-ability|p1a: Landorus-Therian|Intimidate|[of] p2a: Slowbro
|-unboost|p2a: Slowbro|atk|1
|turn|21
|
|move|p1a: Landorus-Therian|U-turn|p2a: Slowbro
|-supereffective|p2a: Slowbro
|-damage|p2a: Slowbro|0 fnt
|faint|p2a: Slowbro
|
|switch|p1a: Jirachi|Jirachi, shiny|404\/404
|
|
|switch|p2a: Skarmory|Skarmory, F|334\/334
|-damage|p2a: Skarmory|293\/334|[from] Stealth Rock
|turn|22
|
|move|p1a: Jirachi|Fire Punch|p2a: Skarmory
|-supereffective|p2a: Skarmory
|-damage|p2a: Skarmory|207\/334
|move|p2a: Skarmory|Defog|p1a: Jirachi
|-unboost|p1a: Jirachi|evasion|1
|-sideend|p2: Dark Side of Moon|Stealth Rock|[from] move: Defog|[of] p2a: Skarmory
|
|-heal|p2a: Skarmory|227\/334|[from] item: Leftovers
|turn|23
|
|move|p1a: Jirachi|Fire Punch|p2a: Skarmory
|-supereffective|p2a: Skarmory
|-damage|p2a: Skarmory|129\/334
|move|p2a: Skarmory|Stealth Rock|p1a: Jirachi
|-sidestart|p1: tudou|move: Stealth Rock
|
|-heal|p2a: Skarmory|149\/334|[from] item: Leftovers
|turn|24
|
|move|p1a: Jirachi|Stealth Rock|p2a: Skarmory
|-sidestart|p2: Dark Side of Moon|move: Stealth Rock
|move|p2a: Skarmory|Roost|p2a: Skarmory
|-heal|p2a: Skarmory|316\/334
|
|-heal|p2a: Skarmory|334\/334|[from] item: Leftovers
|turn|25
|
|move|p1a: Jirachi|Fire Punch|p2a: Skarmory
|-supereffective|p2a: Skarmory
|-damage|p2a: Skarmory|242\/334
|move|p2a: Skarmory|Whirlwind|p1a: Jirachi
|drag|p1a: Landorus-Therian|Landorus-Therian, M|319\/319
|-damage|p1a: Landorus-Therian|280\/319|[from] Stealth Rock
|-ability|p1a: Landorus-Therian|Intimidate|[of] p2a: Skarmory
|-unboost|p2a: Skarmory|atk|1
|
|-heal|p2a: Skarmory|262\/334|[from] item: Leftovers
|turn|26
|leave|CleanerThanRotom-W
|
|move|p1a: Landorus-Therian|U-turn|p2a: Skarmory
|-resisted|p2a: Skarmory
|-damage|p2a: Skarmory|250\/334
|
|switch|p1a: Jirachi|Jirachi, shiny|404\/404
|-damage|p1a: Jirachi|379\/404|[from] Stealth Rock
|move|p2a: Skarmory|Defog|p1a: Jirachi
|-unboost|p1a: Jirachi|evasion|1
|-sideend|p1: tudou|Stealth Rock|[from] move: Defog|[of] p1a: Jirachi
|-sideend|p2: Dark Side of Moon|Stealth Rock|[from] move: Defog|[of] p2a: Skarmory
|
|-heal|p1a: Jirachi|404\/404|[from] item: Leftovers
|-heal|p2a: Skarmory|270\/334|[from] item: Leftovers
|turn|27
|
|switch|p2a: Thundurus|Thundurus, M|21\/299
|move|p1a: Jirachi|Fire Punch|p2a: Thundurus
|-damage|p2a: Thundurus|0 fnt
|faint|p2a: Thundurus
|
|
|switch|p2a: Sylveon|Sylveon, F|394\/394
|turn|28
|
|move|p1a: Jirachi|Iron Head|p2a: Sylveon
|-supereffective|p2a: Sylveon
|-damage|p2a: Sylveon|74\/394
|move|p2a: Sylveon|Heal Bell|p2a: Sylveon
|-cureteam|p2a: Sylveon|[from] move: HealBell
|
|-heal|p2a: Sylveon|98\/394|[from] item: Leftovers
|turn|29
|
|move|p2a: Sylveon|Protect|p2a: Sylveon
|-singleturn|p2a: Sylveon|Protect
|move|p1a: Jirachi|Iron Head|p2a: Sylveon
|-activate|p2a: Sylveon|Protect
|
|-heal|p2a: Sylveon|122\/394|[from] item: Leftovers
|turn|30
|
|switch|p2a: Skarmory|Skarmory, F|270\/334
|move|p1a: Jirachi|Iron Head|p2a: Skarmory
|-resisted|p2a: Skarmory
|-damage|p2a: Skarmory|234\/334
|
|-heal|p2a: Skarmory|254\/334|[from] item: Leftovers
|turn|31
|
|switch|p2a: Tyranitar|Tyranitar, M|341\/341
|-weather|Sandstorm
|move|p1a: Jirachi|Stealth Rock|p2a: Tyranitar
|-sidestart|p2: Dark Side of Moon|move: Stealth Rock
|
|-weather|Sandstorm|[upkeep]
|turn|32
|
|move|p2a: Tyranitar|Crunch|p1a: Jirachi
|-supereffective|p1a: Jirachi
|-damage|p1a: Jirachi|116\/404
|move|p1a: Jirachi|U-turn|p2a: Tyranitar
|-supereffective|p2a: Tyranitar
|-damage|p2a: Tyranitar|195\/341
|
|switch|p1a: Keldeo|Keldeo|283\/323
|
|-weather|Sandstorm|[upkeep]
|-damage|p1a: Keldeo|263\/323|[from] sandstorm
|turn|33
|
|switch|p2a: Sylveon|Sylveon, F|122\/394
|-damage|p2a: Sylveon|73\/394|[from] Stealth Rock
|move|p1a: Keldeo|Hydro Pump|p2a: Sylveon
|-damage|p2a: Sylveon|0 fnt
|faint|p2a: Sylveon
|
|-weather|Sandstorm|[upkeep]
|-damage|p1a: Keldeo|243\/323|[from] sandstorm
|
|switch|p2a: Tyranitar|Tyranitar, M|195\/341
|-damage|p2a: Tyranitar|153\/341|[from] Stealth Rock
|turn|34
|
|switch|p1a: Landorus-Therian|Landorus-Therian, M|280\/319
|-ability|p1a: Landorus-Therian|Intimidate|[of] p2a: Tyranitar
|-unboost|p2a: Tyranitar|atk|1
|move|p2a: Tyranitar|Superpower|p1a: Landorus-Therian
|-resisted|p1a: Landorus-Therian
|-damage|p1a: Landorus-Therian|232\/319
|-unboost|p2a: Tyranitar|atk|1
|-unboost|p2a: Tyranitar|def|1
|
|-weather|Sandstorm|[upkeep]
|turn|35
|c|âDark Side of Moon|runs from a tyranitar with a keldeo
|
|switch|p2a: Skarmory|Skarmory, F|254\/334
|-damage|p2a: Skarmory|213\/334|[from] Stealth Rock
|move|p1a: Landorus-Therian|U-turn|p2a: Skarmory
|-resisted|p2a: Skarmory
|-damage|p2a: Skarmory|200\/334
|c|âDark Side of Moon|whatever
|c|âDark Side of Moon|u already won because of hax
|
|switch|p1a: Keldeo|Keldeo|243\/323
|
|-weather|none
|-heal|p2a: Skarmory|220\/334|[from] item: Leftovers
|turn|36
|
|move|p1a: Keldeo|Hydro Pump|p2a: Skarmory
|-damage|p2a: Skarmory|0 fnt
|faint|p2a: Skarmory
|
|c|âtudou|i think its scarfed
|
|switch|p2a: Tyranitar|Tyranitar, M|153\/341
|-damage|p2a: Tyranitar|111\/341|[from] Stealth Rock
|-weather|Sandstorm
|turn|37
|c|âtudou|so i switched
|c|âDark Side of Moon|way to earn the battle bro, your a good player
|
|move|p2a: Tyranitar|Superpower|p1a: Keldeo
|-damage|p1a: Keldeo|81\/323
|-unboost|p2a: Tyranitar|atk|1
|-unboost|p2a: Tyranitar|def|1
|move|p1a: Keldeo|Hydro Pump|p2a: Tyranitar
|-supereffective|p2a: Tyranitar
|-damage|p2a: Tyranitar|0 fnt
|faint|p2a: Tyranitar
|
|-weather|Sandstorm|[upkeep]
|-damage|p1a: Keldeo|61\/323|[from] sandstorm
|
|switch|p2a: Scizor|Scizor, M|179\/281
|-damage|p2a: Scizor|144\/281|[from] Stealth Rock
|turn|38
|
|move|p2a: Scizor|Bullet Punch|p1a: Keldeo
|-resisted|p1a: Keldeo
|-damage|p1a: Keldeo|0 fnt
|faint|p1a: Keldeo
|
|-weather|Sandstorm|[upkeep]
|
|switch|p1a: Landorus-Therian|Landorus-Therian, M|232\/319
|-ability|p1a: Landorus-Therian|Intimidate|[of] p2a: Scizor
|-unboost|p2a: Scizor|atk|1
|turn|39
|
|move|p2a: Scizor|Bullet Punch|p1a: Landorus-Therian
|-damage|p1a: Landorus-Therian|115\/319
|move|p1a: Landorus-Therian|Earthquake|p2a: Scizor
|-crit|p2a: Scizor
|-damage|p2a: Scizor|0 fnt
|faint|p2a: Scizor
|
|win|tudou
|raw|Ladder updating...
|raw|tudou's rating: 1459 &rarr; <strong>1485<\/strong><br \/>(+26 for winning)
|raw|Dark Side of Moon's rating: 1573 &rarr; <strong>1547<\/strong><br \/>(-26 for losing)
|c|âtudou|gg
|c|âDark Side of Moon|shut up bro
|c|âDark Side of Moon|who says gg after they hax someone like that
|c|âDark Side of Moon|figure it out
|leave|Dark Side of Moon
|c|âtudou|how did i hax u
|player|p2