|join|subzeromk
|join|azogue
|player|p1|subzeromk|20
|player|p2|azogue|280
|gametype|singles
|gen|6
|tier|OU
|rated
|clearpoke
|poke|p1|Sylveon, M
|poke|p1|Garchomp, F
|poke|p1|Heracross, M
|poke|p1|Breloom, M
|poke|p1|Bisharp, M
|poke|p1|Kyurem-Black, shiny
|poke|p2|Sableye, M
|poke|p2|Blissey, F
|poke|p2|Tentacruel, F
|poke|p2|Skarmory, M
|poke|p2|Jirachi
|poke|p2|Quagsire, M
|rule|Swagger Clause: Swagger is banned
|rule|Baton Pass Clause: Limit one PokÃ©mon knowing Baton Pass
|rule|Sleep Clause Mod: Limit one foe put to sleep
|rule|Species Clause: Limit one of each PokÃ©mon
|rule|OHKO Clause: OHKO moves are banned
|rule|Moody Clause: Moody is banned
|rule|Evasion Moves Clause: Evasion moves are banned
|rule|Endless Battle Clause: Forcing endless battles is banned
|rule|HP Percentage Mod: HP is shown in percentages
|teampreview
|
|start
|switch|p1a: Sylveon|Sylveon, M|393\/393
|switch|p2a: magic spells|Sableye, M|304\/304
|turn|1
|
|switch|p1a: Heracross|Heracross, M|309\/309
|switch|p2a: sad eyes|Jirachi|404\/404
|
|turn|2
|join|Peido Cerebral
|
|switch|p2a: plague|Skarmory, M|334\/334
|detailschange|p1a: Heracross|Heracross-Mega, M
|message|Heracross has Mega Evolved into Mega Heracross!
|move|p1a: Heracross|Close Combat|p2a: plague
|-damage|p2a: plague|174\/334
|-unboost|p1a: Heracross|def|1
|-unboost|p1a: Heracross|spd|1
|
|turn|3
|
|switch|p1a: Garchomp|Garchomp, F|419\/419
|move|p2a: plague|Roost|p2a: plague
|-heal|p2a: plague|334\/334
|
|turn|4
|
|switch|p2a: insulin|Blissey, F|652\/652
|move|p1a: Garchomp|Stealth Rock|p2a: insulin
|-sidestart|p2: azogue|move: Stealth Rock
|
|turn|5
|
|switch|p1a: Heracross|Heracross-Mega, M|309\/309
|move|p2a: insulin|Stealth Rock|p1a: Heracross
|-sidestart|p1: subzeromk|move: Stealth Rock
|
|turn|6
|
|switch|p2a: magic spells|Sableye, M|304\/304
|-damage|p2a: magic spells|266\/304|[from] Stealth Rock
|move|p1a: Heracross|Close Combat|p2a: magic spells
|-immune|p2a: magic spells|[msg]
|
|turn|7
|
|switch|p1a: Sylveon|Sylveon, M|393\/393
|-damage|p1a: Sylveon|344\/393|[from] Stealth Rock
|move|p2a: magic spells|Will-O-Wisp|p1a: Sylveon
|-status|p1a: Sylveon|brn
|
|-damage|p1a: Sylveon|295\/393 brn|[from] brn
|turn|8
|
|switch|p1a: Heracross|Heracross-Mega, M|309\/309
|-damage|p1a: Heracross|271\/309|[from] Stealth Rock
|switch|p2a: sad eyes|Jirachi|404\/404
|-damage|p2a: sad eyes|379\/404|[from] Stealth Rock
|
|-heal|p2a: sad eyes|404\/404|[from] item: Leftovers
|turn|9
|
|move|p2a: sad eyes|Body Slam|p1a: Heracross
|-damage|p1a: Heracross|212\/309
|-status|p1a: Heracross|par
|move|p1a: Heracross|Pin Missile|p2a: sad eyes
|-damage|p2a: sad eyes|341\/404
|-damage|p2a: sad eyes|280\/404
|-damage|p2a: sad eyes|220\/404
|-damage|p2a: sad eyes|157\/404
|-damage|p2a: sad eyes|91\/404
|-hitcount|p2a: sad eyes|5
|
|-heal|p2a: sad eyes|116\/404|[from] item: Leftovers
|turn|10
|
|switch|p2a: plague|Skarmory, M|334\/334
|-damage|p2a: plague|293\/334|[from] Stealth Rock
|switch|p1a: Garchomp|Garchomp, F|419\/419
|-damage|p1a: Garchomp|393\/419|[from] Stealth Rock
|
|turn|11
|
|move|p1a: Garchomp|Fire Blast|p2a: plague
|-supereffective|p2a: plague
|-damage|p2a: plague|111\/334
|-status|p2a: plague|brn
|move|p2a: plague|Spikes|p1a: Garchomp
|-sidestart|p1: subzeromk|Spikes
|
|-damage|p2a: plague|70\/334 brn|[from] brn
|turn|12
|
|switch|p2a: insulin|Blissey, F|652\/652
|-damage|p2a: insulin|571\/652|[from] Stealth Rock
|move|p1a: Garchomp|Fire Blast|p2a: insulin
|-damage|p2a: insulin|524\/652
|
|turn|13
|
|move|p1a: Garchomp|Earthquake|p2a: insulin
|-damage|p2a: insulin|242\/652
|move|p2a: insulin|Ice Beam|p1a: Garchomp
|-supereffective|p1a: Garchomp
|-damage|p1a: Garchomp|89\/419
|
|turn|14
|
|move|p1a: Garchomp|Earthquake|p2a: insulin
|-damage|p2a: insulin|0 fnt
|faint|p2a: insulin
|
|
|switch|p2a: kerosene|Quagsire, M|394\/394
|-damage|p2a: kerosene|370\/394|[from] Stealth Rock
|turn|15
|
|move|p1a: Garchomp|Earthquake|p2a: kerosene
|-damage|p2a: kerosene|246\/394
|move|p2a: kerosene|Toxic|p1a: Garchomp
|-status|p1a: Garchomp|tox
|
|-heal|p2a: kerosene|270\/394|[from] item: Leftovers
|-damage|p1a: Garchomp|63\/419 tox|[from] psn
|turn|16
|
|switch|p1a: Sylveon|Sylveon, M|295\/393 brn
|-damage|p1a: Sylveon|246\/393 brn|[from] Stealth Rock
|-damage|p1a: Sylveon|197\/393 brn|[from] Spikes
|move|p2a: kerosene|Recover|p2a: kerosene
|-heal|p2a: kerosene|394\/394
|
|-damage|p1a: Sylveon|148\/393 brn|[from] brn
|turn|17
|
|switch|p2a: sad eyes|Jirachi|116\/404
|-damage|p2a: sad eyes|91\/404|[from] Stealth Rock
|move|p1a: Sylveon|Heal Bell|p1a: Sylveon
|-cureteam|p1a: Sylveon|[from] move: HealBell
|
|-heal|p2a: sad eyes|116\/404|[from] item: Leftovers
|turn|18
|
|switch|p1a: Garchomp|Garchomp, F|63\/419
|-damage|p1a: Garchomp|37\/419|[from] Stealth Rock
|-damage|p1a: Garchomp|0 fnt|[from] Spikes
|faint|p1a: Garchomp
|move|p2a: sad eyes|Iron Head|p1: Garchomp|[notarget]
|-notarget
|
|-heal|p2a: sad eyes|141\/404|[from] item: Leftovers
|
|switch|p1a: Madara|Bisharp, M|272\/272
|-damage|p1a: Madara|238\/272|[from] Spikes
|-damage|p1a: Madara|221\/272|[from] Stealth Rock
|turn|19
|
|switch|p2a: plague|Skarmory, M|70\/334 brn
|-damage|p2a: plague|29\/334 brn|[from] Stealth Rock
|move|p1a: Madara|Knock Off|p2a: plague
|-damage|p2a: plague|0 fnt
|-enditem|p2a: plague|Shed Shell|[from] move: Knock Off|[of] p1a: Madara
|-damage|p1a: Madara|194\/272|[from] item: Life Orb
|faint|p2a: plague
|
|
|switch|p2a: magic spells|Sableye, M|266\/304
|-damage|p2a: magic spells|228\/304|[from] Stealth Rock
|turn|20
|
|switch|p1a: Sylveon|Sylveon, M|148\/393
|-damage|p1a: Sylveon|99\/393|[from] Spikes
|-damage|p1a: Sylveon|50\/393|[from] Stealth Rock
|move|p2a: magic spells|Will-O-Wisp|p1a: Sylveon
|-status|p1a: Sylveon|brn
|
|-damage|p1a: Sylveon|1\/393 brn|[from] brn
|turn|21
|
|switch|p2a: celestica|Tentacruel, F|364\/364
|-damage|p2a: celestica|319\/364|[from] Stealth Rock
|move|p1a: Sylveon|Hyper Voice|p2a: celestica
|-resisted|p2a: celestica
|-damage|p2a: celestica|219\/364
|
|-heal|p2a: celestica|241\/364|[from] item: Black Sludge
|-damage|p1a: Sylveon|0 fnt|[from] brn
|faint|p1a: Sylveon
|
|switch|p1a: Heracross|Heracross-Mega, M|212\/309
|-damage|p1a: Heracross|174\/309|[from] Stealth Rock
|-damage|p1a: Heracross|136\/309|[from] Spikes
|turn|22
|
|move|p1a: Heracross|Bullet Seed|p2a: celestica
|-damage|p2a: celestica|176\/364
|-damage|p2a: celestica|115\/364
|-damage|p2a: celestica|48\/364
|-damage|p2a: celestica|0 fnt
|-hitcount|p2a: celestica|4
|faint|p2a: celestica
|
|
|switch|p2a: sad eyes|Jirachi|141\/404
|-damage|p2a: sad eyes|116\/404|[from] Stealth Rock
|turn|23
|
|move|p2a: sad eyes|Iron Head|p1a: Heracross
|-damage|p1a: Heracross|48\/309
|cant|p1a: Heracross|flinch
|
|-heal|p2a: sad eyes|141\/404|[from] item: Leftovers
|turn|24
|
|move|p2a: sad eyes|Fire Punch|p1a: Heracross
|-crit|p1a: Heracross
|-supereffective|p1a: Heracross
|-damage|p1a: Heracross|0 fnt
|faint|p1a: Heracross
|
|-heal|p2a: sad eyes|166\/404|[from] item: Leftovers
|
|switch|p1a: Breloom|Breloom, M|262\/262
|-damage|p1a: Breloom|246\/262|[from] Stealth Rock
|-damage|p1a: Breloom|214\/262|[from] Spikes
|turn|25
|
|move|p1a: Breloom|Spore|p2a: sad eyes
|-status|p2a: sad eyes|slp
|cant|p2a: sad eyes|slp
|
|-heal|p2a: sad eyes|191\/404 slp|[from] item: Leftovers
|turn|26
|
|switch|p2a: magic spells|Sableye, M|228\/304
|-damage|p2a: magic spells|190\/304|[from] Stealth Rock
|move|p1a: Breloom|Swords Dance|p1a: Breloom
|-boost|p1a: Breloom|atk|2
|
|turn|27
|
|move|p2a: magic spells|Will-O-Wisp|p1a: Breloom
|-status|p1a: Breloom|brn
|move|p1a: Breloom|Bullet Seed|p2a: magic spells
|-damage|p2a: magic spells|115\/304
|-damage|p2a: magic spells|33\/304
|-damage|p2a: magic spells|0 fnt
|-hitcount|p2a: magic spells|3
|-damage|p1a: Breloom|188\/262 brn|[from] item: Life Orb
|faint|p2a: magic spells
|
|-damage|p1a: Breloom|156\/262 brn|[from] brn
|
|switch|p2a: sad eyes|Jirachi|191\/404 slp
|-damage|p2a: sad eyes|166\/404 slp|[from] Stealth Rock
|turn|28
|
|move|p1a: Breloom|Mach Punch|p2a: sad eyes
|-damage|p2a: sad eyes|14\/404 slp
|-damage|p1a: Breloom|130\/262 brn|[from] item: Life Orb
|-curestatus|p2a: sad eyes|slp
|move|p2a: sad eyes|Iron Head|p1a: Breloom
|-damage|p1a: Breloom|12\/262 brn
|
|-heal|p2a: sad eyes|39\/404|[from] item: Leftovers
|-damage|p1a: Breloom|0 fnt|[from] brn
|faint|p1a: Breloom
|
|switch|p1a: Kyurem-Black|Kyurem-Black, shiny|425\/425
|-damage|p1a: Kyurem-Black|372\/425|[from] Spikes
|-damage|p1a: Kyurem-Black|266\/425|[from] Stealth Rock
|-ability|p1a: Kyurem-Black|Teravolt
|turn|29
|
|move|p2a: sad eyes|Fire Punch|p1a: Kyurem-Black
|-damage|p1a: Kyurem-Black|203\/425
|move|p1a: Kyurem-Black|Ice Beam|p2a: sad eyes
|-resisted|p2a: sad eyes
|-damage|p2a: sad eyes|0 fnt
|-damage|p1a: Kyurem-Black|161\/425|[from] item: Life Orb
|faint|p2a: sad eyes
|
|
|switch|p2a: kerosene|Quagsire, M|394\/394
|-damage|p2a: kerosene|370\/394|[from] Stealth Rock
|turn|30
|
|move|p1a: Kyurem-Black|Ice Beam|p2a: kerosene
|-crit|p2a: kerosene
|-damage|p2a: kerosene|0 fnt
|-damage|p1a: Kyurem-Black|119\/425|[from] item: Life Orb
|faint|p2a: kerosene
|
|win|subzeromk
|raw|Ladder updating...
|raw|subzeromk's rating: 1695 &rarr; <strong>1709<\/strong><br \/>(+14 for winning)
|raw|azogue's rating: 1591 &rarr; <strong>1577<\/strong><br \/>(-14 for losing)
|leave|subzeromk
|player|p1