|join|subzeromk
|join|lil manaphy
|player|p1|subzeromk|26
|player|p2|lil manaphy|8
|gametype|singles
|gen|6
|tier|OU
|rated
|clearpoke
|poke|p1|Heracross, M
|poke|p1|Garchomp, F
|poke|p1|Sylveon, M
|poke|p1|Breloom, F
|poke|p1|Bisharp, M
|poke|p1|Heatran, F
|poke|p2|Lopunny, M
|poke|p2|Rotom-Wash
|poke|p2|Gothitelle, M
|poke|p2|Mandibuzz, F
|poke|p2|Heatran, M
|poke|p2|Celebi
|rule|Swagger Clause: Swagger is banned
|rule|Baton Pass Clause: Limit one PokÃ©mon knowing Baton Pass
|rule|Sleep Clause Mod: Limit one foe put to sleep
|rule|Species Clause: Limit one of each PokÃ©mon
|rule|OHKO Clause: OHKO moves are banned
|rule|Moody Clause: Moody is banned
|rule|Evasion Moves Clause: Evasion moves are banned
|rule|Endless Battle Clause: Forcing endless battles is banned
|rule|HP Percentage Mod: HP is shown in percentages
|teampreview
|
|start
|switch|p1a: Heracross|Heracross, M|301\/301
|switch|p2a: Lopunny|Lopunny, M|271\/271
|turn|1
|
|switch|p1a: Garchomp|Garchomp, F|420\/420
|detailschange|p2a: Lopunny|Lopunny-Mega, M
|message|Lopunny has Mega Evolved into Mega Lopunny!
|move|p2a: Lopunny|Fake Out|p1a: Garchomp
|-damage|p1a: Garchomp|365\/420
|-damage|p2a: Lopunny|238\/271|[from] ability: Rough Skin|[of] p1a: Garchomp
|-damage|p2a: Lopunny|193\/271|[from] item: Rocky Helmet|[of] p1a: Garchomp
|
|turn|2
|
|switch|p2a: Mandibuzz|Mandibuzz, F|424\/424
|move|p1a: Garchomp|Stealth Rock|p2a: Mandibuzz
|-sidestart|p2: lil manaphy|move: Stealth Rock
|
|turn|3
|
|switch|p1a: Sylveon|Sylveon, M|390\/390
|move|p2a: Mandibuzz|Defog|p1a: Sylveon
|-unboost|p1a: Sylveon|evasion|1
|-sideend|p2: lil manaphy|Stealth Rock|[from] move: Defog|[of] p2a: Mandibuzz
|
|turn|4
|
|switch|p2a: Celebi|Celebi|404\/404
|switch|p1a: Heracross|Heracross, M|301\/301
|
|turn|5
|
|switch|p2a: Rotom-Wash|Rotom-Wash|303\/303
|detailschange|p1a: Heracross|Heracross-Mega, M
|message|Heracross has Mega Evolved into Mega Heracross!
|move|p1a: Heracross|Pin Missile|p2a: Rotom-Wash
|-damage|p2a: Rotom-Wash|258\/303
|-damage|p2a: Rotom-Wash|218\/303
|-damage|p2a: Rotom-Wash|178\/303
|-damage|p2a: Rotom-Wash|136\/303
|-damage|p2a: Rotom-Wash|96\/303
|-hitcount|p2a: Rotom-Wash|5
|
|-heal|p2a: Rotom-Wash|114\/303|[from] item: Leftovers
|turn|6
|
|move|p1a: Heracross|Pin Missile|p2a: Rotom-Wash
|-damage|p2a: Rotom-Wash|69\/303
|-damage|p2a: Rotom-Wash|27\/303
|-damage|p2a: Rotom-Wash|0 fnt
|-hitcount|p2a: Rotom-Wash|3
|faint|p2a: Rotom-Wash
|
|
|switch|p2a: Gothitelle|Gothitelle, M|301\/301
|turn|7
|
|move|p2a: Gothitelle|Psychic|p1a: Heracross
|-supereffective|p1a: Heracross
|-damage|p1a: Heracross|77\/301
|move|p1a: Heracross|Pin Missile|p2a: Gothitelle
|-supereffective|p2a: Gothitelle
|-damage|p2a: Gothitelle|187\/301
|-supereffective|p2a: Gothitelle
|-damage|p2a: Gothitelle|71\/301
|-supereffective|p2a: Gothitelle
|-damage|p2a: Gothitelle|0 fnt
|-hitcount|p2a: Gothitelle|3
|faint|p2a: Gothitelle
|
|
|switch|p2a: Lopunny|Lopunny-Mega, M|193\/271
|turn|8
|
|switch|p1a: Garchomp|Garchomp, F|365\/420
|move|p2a: Lopunny|Ice Punch|p1a: Garchomp
|-supereffective|p1a: Garchomp
|-damage|p1a: Garchomp|93\/420
|-damage|p2a: Lopunny|160\/271|[from] ability: Rough Skin|[of] p1a: Garchomp
|-damage|p2a: Lopunny|115\/271|[from] item: Rocky Helmet|[of] p1a: Garchomp
|
|turn|9
|
|move|p2a: Lopunny|Return|p1a: Garchomp
|-damage|p1a: Garchomp|0 fnt
|-damage|p2a: Lopunny|82\/271|[from] ability: Rough Skin|[of] p1a: Garchomp
|-damage|p2a: Lopunny|37\/271|[from] item: Rocky Helmet|[of] p1a: Garchomp
|faint|p1a: Garchomp
|
|
|switch|p1a: Breloom|Breloom, F|262\/262
|turn|10
|
|switch|p2a: Celebi|Celebi|404\/404
|move|p1a: Breloom|Mach Punch|p2a: Celebi
|-resisted|p2a: Celebi
|-damage|p2a: Celebi|331\/404
|-damage|p1a: Breloom|236\/262|[from] item: Life Orb
|
|-heal|p2a: Celebi|356\/404|[from] item: Leftovers
|turn|11
|
|switch|p1a: Heracross|Heracross-Mega, M|77\/301
|move|p2a: Celebi|Baton Pass|p2a: Celebi
|
|switch|p2a: Lopunny|Lopunny-Mega, M|37\/271
|
|turn|12
|
|switch|p1a: Madara|Bisharp, M|272\/272
|move|p2a: Lopunny|Return|p1a: Madara
|-resisted|p1a: Madara
|-damage|p1a: Madara|181\/272
|
|turn|13
|
|move|p2a: Lopunny|High Jump Kick|p1a: Madara
|-supereffective|p1a: Madara
|-damage|p1a: Madara|0 fnt
|faint|p1a: Madara
|
|
|switch|p1a: Breloom|Breloom, F|236\/262
|turn|14
|
|switch|p1a: Heatran|Heatran, F|323\/323
|-item|p1a: Heatran|Air Balloon
|move|p2a: Lopunny|High Jump Kick|p1a: Heatran
|-supereffective|p1a: Heatran
|-damage|p1a: Heatran|0 fnt
|-enditem|p1a: Heatran|Air Balloon
|faint|p1a: Heatran
|
|
|switch|p1a: Sylveon|Sylveon, M|390\/390
|turn|15
|
|switch|p2a: Heatran|Heatran, M|386\/386
|move|p1a: Sylveon|Hidden Power|p2a: Heatran
|-supereffective|p2a: Heatran
|-damage|p2a: Heatran|98\/386
|
|-heal|p2a: Heatran|122\/386|[from] item: Leftovers
|turn|16
|
|switch|p2a: Mandibuzz|Mandibuzz, F|424\/424
|move|p1a: Sylveon|Hidden Power|p2a: Mandibuzz
|-immune|p2a: Mandibuzz|[msg]
|
|turn|17
|
|switch|p1a: Heracross|Heracross-Mega, M|77\/301
|move|p2a: Mandibuzz|Foul Play|p1a: Heracross
|-crit|p1a: Heracross
|-resisted|p1a: Heracross
|-damage|p1a: Heracross|0 fnt
|faint|p1a: Heracross
|
|-message|subzeromk forfeited.
|
|win|lil manaphy
|raw|Ladder updating...
|leave|subzeromk
|player|p1
|raw|subzeromk's rating: 1662 &rarr; <strong>1646<\/strong><br \/>(-16 for losing)
|raw|lil manaphy's rating: 1716 &rarr; <strong>1733<\/strong><br \/>(+17 for winning)