|join|subzeromk
|join|oic
|player|p1|subzeromk|20
|player|p2|oic|5
|gametype|singles
|gen|6
|tier|OU
|rated
|clearpoke
|poke|p1|Sylveon, F
|poke|p1|Garchomp, M
|poke|p1|Heracross, F
|poke|p1|Breloom, M
|poke|p1|Bisharp, M
|poke|p1|Kyurem-Black, shiny
|poke|p2|Clefable, F
|poke|p2|Victini
|poke|p2|Altaria, F
|poke|p2|Zapdos
|poke|p2|Alomomola, M
|poke|p2|Kyurem-Black
|rule|Swagger Clause: Swagger is banned
|rule|Baton Pass Clause: Limit one PokÃ©mon knowing Baton Pass
|rule|Sleep Clause Mod: Limit one foe put to sleep
|rule|Species Clause: Limit one of each PokÃ©mon
|rule|OHKO Clause: OHKO moves are banned
|rule|Moody Clause: Moody is banned
|rule|Evasion Moves Clause: Evasion moves are banned
|rule|Endless Battle Clause: Forcing endless battles is banned
|rule|HP Percentage Mod: HP is shown in percentages
|teampreview
|
|start
|switch|p1a: Kyurem-Black|Kyurem-Black, shiny|438\/438
|switch|p2a: Altaria|Altaria, F|351\/351
|-ability|p1a: Kyurem-Black|Teravolt
|-ability|p2a: Altaria|Cloud Nine
|turn|1
|
|switch|p2a: Victini|Victini|341\/341
|move|p1a: Kyurem-Black|Ice Beam|p2a: Victini
|-resisted|p2a: Victini
|-damage|p2a: Victini|242\/341
|-damage|p1a: Kyurem-Black|395\/438|[from] item: Life Orb
|
|turn|2
|c|âsubzeromk|die
|
|switch|p2a: Altaria|Altaria, F|351\/351
|-ability|p2a: Altaria|Cloud Nine
|switch|p1a: Garchomp|Garchomp, M|419\/419
|
|turn|3
|
|detailschange|p2a: Altaria|Altaria-Mega, F
|message|Altaria has Mega Evolved into Mega Altaria!
|move|p1a: Garchomp|Earthquake|p2a: Altaria
|-damage|p2a: Altaria|252\/351
|move|p2a: Altaria|Return|p1a: Garchomp
|-supereffective|p1a: Garchomp
|-damage|p1a: Garchomp|155\/419
|-damage|p2a: Altaria|209\/351|[from] ability: Rough Skin|[of] p1a: Garchomp
|-damage|p2a: Altaria|151\/351|[from] item: Rocky Helmet|[of] p1a: Garchomp
|
|turn|4
|
|move|p1a: Garchomp|Stealth Rock|p2a: Altaria
|-sidestart|p2: oic|move: Stealth Rock
|move|p2a: Altaria|Roost|p2a: Altaria
|-heal|p2a: Altaria|327\/351
|
|turn|5
|
|move|p1a: Garchomp|Earthquake|p2a: Altaria
|-damage|p2a: Altaria|222\/351
|move|p2a: Altaria|Dragon Dance|p2a: Altaria
|-boost|p2a: Altaria|atk|1
|-boost|p2a: Altaria|spe|1
|
|turn|6
|
|switch|p1a: Sylveon|Sylveon, F|393\/393
|move|p2a: Altaria|Dragon Dance|p2a: Altaria
|-boost|p2a: Altaria|atk|1
|-boost|p2a: Altaria|spe|1
|
|turn|7
|
|switch|p1a: Garchomp|Garchomp, M|155\/419
|move|p2a: Altaria|Return|p1a: Garchomp
|-supereffective|p1a: Garchomp
|-damage|p1a: Garchomp|0 fnt
|-damage|p2a: Altaria|179\/351|[from] ability: Rough Skin|[of] p1a: Garchomp
|-damage|p2a: Altaria|121\/351|[from] item: Rocky Helmet|[of] p1a: Garchomp
|faint|p1a: Garchomp
|
|
|switch|p1a: Madara|Bisharp, M|272\/272
|turn|8
|
|move|p1a: Madara|Sucker Punch|p2a: Altaria
|-resisted|p2a: Altaria
|-damage|p2a: Altaria|53\/351
|-damage|p1a: Madara|245\/272|[from] item: Life Orb
|move|p2a: Altaria|Return|p1a: Madara
|-damage|p1a: Madara|0 fnt
|faint|p1a: Madara
|
|
|switch|p1a: Breloom|Breloom, M|262\/262
|turn|9
|
|move|p1a: Breloom|Mach Punch|p2a: Altaria
|-resisted|p2a: Altaria
|-damage|p2a: Altaria|5\/351
|-damage|p1a: Breloom|236\/262|[from] item: Life Orb
|move|p2a: Altaria|Return|p1a: Breloom
|-supereffective|p1a: Breloom
|-damage|p1a: Breloom|0 fnt
|faint|p1a: Breloom
|
|-message|subzeromk forfeited.
|
|win|oic
|raw|Ladder updating...
|leave|subzeromk
|player|p1
|raw|subzeromk's rating: 1816 &rarr; <strong>1782<\/strong><br \/>(-34 for losing)
|raw|oic's rating: 1528 &rarr; <strong>1561<\/strong><br \/>(+33 for winning)