|join|Reverb
|join|subzeromk
|player|p1|Reverb|#cpgtan
|player|p2|subzeromk|20
|gametype|singles
|gen|6
|tier|OU
|rated
|clearpoke
|poke|p1|Empoleon, M
|poke|p1|Tyranitar, M
|poke|p1|Charizard, F
|poke|p1|Keldeo
|poke|p1|Kyurem-Black
|poke|p1|Landorus-Therian, M
|poke|p2|Heracross, M
|poke|p2|Garchomp, M
|poke|p2|Sylveon, F
|poke|p2|Breloom, M
|poke|p2|Bisharp, M
|poke|p2|Heatran, M
|rule|Swagger Clause: Swagger is banned
|rule|Baton Pass Clause: Limit one PokÃ©mon knowing Baton Pass
|rule|Sleep Clause Mod: Limit one foe put to sleep
|rule|Species Clause: Limit one of each PokÃ©mon
|rule|OHKO Clause: OHKO moves are banned
|rule|Moody Clause: Moody is banned
|rule|Evasion Moves Clause: Evasion moves are banned
|rule|Endless Battle Clause: Forcing endless battles is banned
|rule|HP Percentage Mod: HP is shown in percentages
|teampreview
|
|start
|switch|p1a: Charizard|Charizard, F|297\/297
|switch|p2a: Sylveon|Sylveon, F|392\/392
|turn|1
|
|switch|p2a: Heatran|Heatran, M|323\/323
|-item|p2a: Heatran|Air Balloon
|detailschange|p1a: Charizard|Charizard-Mega-Y, F
|message|Charizard has Mega Evolved into Mega Charizard!
|-weather|SunnyDay
|move|p1a: Charizard|Fire Blast|p2a: Heatran
|-start|p2a: Heatran|ability: Flash Fire
|
|-weather|SunnyDay|[upkeep]
|turn|2
|join|Arcanine is Regal
|
|move|p1a: Charizard|Focus Blast|p2a: Heatran|[miss]
|-miss|p1a: Charizard|p2a: Heatran
|move|p2a: Heatran|Ancient Power|p1a: Charizard
|-supereffective|p1a: Charizard
|-damage|p1a: Charizard|17\/297
|-boost|p2a: Heatran|atk|1
|-boost|p2a: Heatran|def|1
|-boost|p2a: Heatran|spa|1
|-boost|p2a: Heatran|spd|1
|-boost|p2a: Heatran|spe|1
|
|-weather|SunnyDay|[upkeep]
|turn|3
|c|âReverb|man
|join|scizor475
|c|âsubzeromk|um..
|c| Arcanine is Regal|oml
|join|haunter
|c|âReverb|i hate this move
|
|move|p2a: Heatran|Ancient Power|p1a: Charizard
|-supereffective|p1a: Charizard
|-damage|p1a: Charizard|0 fnt
|faint|p1a: Charizard
|
|-weather|SunnyDay|[upkeep]
|c| Arcanine is Regal|that is the scariest heatran ive ever seen
|
|switch|p1a: Tyranitar|Tyranitar, M|383\/383
|-weather|Sandstorm
|turn|4
|c| Arcanine is Regal|flash fire, in sun, +1 all stats, on a balloon
|c| Arcanine is Regal|gg
|join|Squirrelll
|c|âReverb|the sad thing is
|c|âReverb|focus is an ohko
|
|move|p2a: Heatran|Earth Power|p1a: Tyranitar
|-supereffective|p1a: Tyranitar
|-damage|p1a: Tyranitar|183\/383
|move|p1a: Tyranitar|Superpower|p2a: Heatran
|-supereffective|p2a: Heatran
|-damage|p2a: Heatran|5\/323
|-enditem|p2a: Heatran|Air Balloon
|-unboost|p1a: Tyranitar|atk|1
|-unboost|p1a: Tyranitar|def|1
|
|-weather|Sandstorm|[upkeep]
|turn|5
|c| Squirrelll|wow
|
|switch|p1a: Landorus-Therian|Landorus-Therian, M|327\/327
|-ability|p1a: Landorus-Therian|Intimidate|[of] p2a: Heatran
|-unboost|p2a: Heatran|atk|1
|move|p2a: Heatran|Earth Power|p1a: Landorus-Therian
|-immune|p1a: Landorus-Therian|[msg]
|
|-weather|Sandstorm|[upkeep]
|turn|6
|c| Squirrelll|oh def boast
|
|move|p1a: Landorus-Therian|U-turn|p2a: Heatran
|-resisted|p2a: Heatran
|-damage|p2a: Heatran|0 fnt
|faint|p2a: Heatran
|
|switch|p1a: Kyurem-Black|Kyurem-Black|391\/391
|-ability|p1a: Kyurem-Black|Teravolt
|
|-weather|Sandstorm|[upkeep]
|-damage|p1a: Kyurem-Black|367\/391|[from] sandstorm
|c| Squirrelll|you missed FB again haha
|join|yrs
|
|switch|p2a: Sylveon|Sylveon, F|392\/392
|turn|7
|
|switch|p1a: Empoleon|Empoleon, M|372\/372
|switch|p2a: Breloom|Breloom, M|262\/262
|
|-weather|Sandstorm|[upkeep]
|-damage|p2a: Breloom|246\/262|[from] sandstorm
|turn|8
|
|switch|p1a: Landorus-Therian|Landorus-Therian, M|327\/327
|-ability|p1a: Landorus-Therian|Intimidate|[of] p2a: Breloom
|-unboost|p2a: Breloom|atk|1
|move|p2a: Breloom|Spore|p1a: Landorus-Therian
|-status|p1a: Landorus-Therian|slp
|
|-weather|none
|turn|9
|-message|Reverb forfeited.
|
|win|subzeromk
|raw|Ladder updating...
|c|âReverb|i jsut cant
|c|âReverb|literally all but one loss
|c|âReverb|was bc of gay misses
|raw|Reverb's rating: 1764 &rarr; <strong>1742<\/strong><br \/>(-22 for losing)
|raw|subzeromk's rating: 1731 &rarr; <strong>1753<\/strong><br \/>(+22 for winning)
|leave|Reverb
|player|p1
|leave|Arcanine is Regal
|c|âsubzeromk|sorry...i didnt do it :\/
|leave|subzeromk
|player|p2
|leave|Squirrelll
|leave|scizor475