|join|CleanerThanRotom-W
|join|subzeromk
|player|p1|CleanerThanRotom-W|226
|player|p2|subzeromk|26
|gametype|singles
|gen|6
|tier|OU
|rated
|clearpoke
|poke|p1|Sableye, F
|poke|p1|Chansey, F
|poke|p1|Cresselia, F
|poke|p1|Bisharp, F
|poke|p1|Skarmory, F
|poke|p1|Quagsire, F
|poke|p2|Heracross, F
|poke|p2|Garchomp, M
|poke|p2|Sylveon, F
|poke|p2|Breloom, F
|poke|p2|Bisharp, M
|poke|p2|Heatran, M
|rule|Swagger Clause: Swagger is banned
|rule|Baton Pass Clause: Limit one PokÃ©mon knowing Baton Pass
|rule|Sleep Clause Mod: Limit one foe put to sleep
|rule|Species Clause: Limit one of each PokÃ©mon
|rule|OHKO Clause: OHKO moves are banned
|rule|Moody Clause: Moody is banned
|rule|Evasion Moves Clause: Evasion moves are banned
|rule|Endless Battle Clause: Forcing endless battles is banned
|rule|HP Percentage Mod: HP is shown in percentages
|teampreview
CleanerThanRotom-W made this room private.
|
|start
|switch|p1a: Sableye|Sableye, F|303\/303
|switch|p2a: Sylveon|Sylveon, F|390\/390
|turn|1
|
|switch|p1a: Chansey|Chansey, F|703\/703
|move|p2a: Sylveon|Hyper Voice|p1a: Chansey
|-damage|p1a: Chansey|499\/703
|
|turn|2
|
|switch|p1a: Sableye|Sableye, F|303\/303
|move|p2a: Sylveon|Hyper Voice|p1a: Sableye
|-supereffective|p1a: Sableye
|-damage|p1a: Sableye|0 fnt
|faint|p1a: Sableye
|
|
|switch|p1a: Chansey|Chansey, F|499\/703
|turn|3
|
|switch|p2a: Garchomp|Garchomp, M|420\/420
|move|p1a: Chansey|Stealth Rock|p2a: Garchomp
|-sidestart|p2: subzeromk|move: Stealth Rock
|
|turn|4
|
|switch|p1a: Skarmory|Skarmory, F|334\/334
|move|p2a: Garchomp|Stealth Rock|p1a: Skarmory
|-sidestart|p1: CleanerThanRotom-W|move: Stealth Rock
|
|turn|5
|
|move|p2a: Garchomp|Fire Blast|p1a: Skarmory
|-supereffective|p1a: Skarmory
|-damage|p1a: Skarmory|132\/334
|move|p1a: Skarmory|Spikes|p2a: Garchomp
|-sidestart|p2: subzeromk|Spikes
|
|turn|6
|
|switch|p1a: Quagsire|Quagsire, F|393\/393
|-damage|p1a: Quagsire|369\/393|[from] Stealth Rock
|move|p2a: Garchomp|Fire Blast|p1a: Quagsire|[miss]
|-miss|p2a: Garchomp|p1a: Quagsire
|
|-heal|p1a: Quagsire|393\/393|[from] item: Leftovers
|turn|7
|
|move|p2a: Garchomp|Earthquake|p1a: Quagsire
|-damage|p1a: Quagsire|264\/393
|move|p1a: Quagsire|Toxic|p2a: Garchomp
|-status|p2a: Garchomp|tox
|
|-heal|p1a: Quagsire|288\/393|[from] item: Leftovers
|-damage|p2a: Garchomp|394\/420 tox|[from] psn
|turn|8
|
|switch|p2a: Heracross|Heracross, F|301\/301
|-damage|p2a: Heracross|264\/301|[from] Stealth Rock
|-damage|p2a: Heracross|227\/301|[from] Spikes
|move|p1a: Quagsire|Recover|p1a: Quagsire
|-heal|p1a: Quagsire|393\/393
|
|turn|9
|
|detailschange|p2a: Heracross|Heracross-Mega, F
|message|Heracross has Mega Evolved into Mega Heracross!
|move|p2a: Heracross|Bullet Seed|p1a: Quagsire
|-supereffective|p1a: Quagsire
|-damage|p1a: Quagsire|261\/393
|-supereffective|p1a: Quagsire
|-damage|p1a: Quagsire|129\/393
|-supereffective|p1a: Quagsire
|-damage|p1a: Quagsire|0 fnt
|-hitcount|p1a: Quagsire|3
|faint|p1a: Quagsire
|
|-message|CleanerThanRotom-W forfeited.
|
|win|subzeromk
|raw|Ladder updating...
|leave|CleanerThanRotom-W
|player|p1
|raw|CleanerThanRotom-W's rating: 1824 &rarr; <strong>1795<\/strong><br \/>(-29 for losing)
|raw|subzeromk's rating: 1652 &rarr; <strong>1681<\/strong><br \/>(+29 for winning)