|join|randorix
|join|subzeromk
|player|p1|randorix|101
|player|p2|subzeromk|20
|gametype|singles
|gen|6
|tier|OU
|rated
|clearpoke
|poke|p1|Charizard, F
|poke|p1|Slowbro, M
|poke|p1|Tornadus-Therian, M
|poke|p1|Gliscor, F
|poke|p1|Zapdos
|poke|p1|Jirachi
|poke|p2|Heracross, M
|poke|p2|Garchomp, M
|poke|p2|Sylveon, F
|poke|p2|Breloom, F
|poke|p2|Bisharp, M
|poke|p2|Heatran, M
|rule|Swagger Clause: Swagger is banned
|rule|Baton Pass Clause: Limit one PokÃ©mon knowing Baton Pass
|rule|Sleep Clause Mod: Limit one foe put to sleep
|rule|Species Clause: Limit one of each PokÃ©mon
|rule|OHKO Clause: OHKO moves are banned
|rule|Moody Clause: Moody is banned
|rule|Evasion Moves Clause: Evasion moves are banned
|rule|Endless Battle Clause: Forcing endless battles is banned
|rule|HP Percentage Mod: HP is shown in percentages
|teampreview
|
|start
|switch|p1a: Tornadus-Therian|Tornadus-Therian, M|362\/362
|switch|p2a: Heatran|Heatran, M|323\/323
|-item|p2a: Heatran|Air Balloon
|turn|1
|
|move|p1a: Tornadus-Therian|U-turn|p2a: Heatran
|-resisted|p2a: Heatran
|-damage|p2a: Heatran|312\/323
|-enditem|p2a: Heatran|Air Balloon
|
|switch|p1a: Zapdos|Zapdos|384\/384
|-ability|p1a: Zapdos|Pressure
|move|p2a: Heatran|Ancient Power|p1a: Zapdos
|-supereffective|p1a: Zapdos
|-damage|p1a: Zapdos|242\/384
|
|-heal|p1a: Zapdos|266\/384|[from] item: Leftovers
|turn|2
|join|IHildaI
|
|move|p2a: Heatran|Fire Blast|p1a: Zapdos
|-damage|p1a: Zapdos|55\/384
|move|p1a: Zapdos|Thunderbolt|p2a: Heatran
|-damage|p2a: Heatran|200\/323
|
|-heal|p1a: Zapdos|79\/384|[from] item: Leftovers
|turn|3
|
|move|p2a: Heatran|Ancient Power|p1a: Zapdos
|-supereffective|p1a: Zapdos
|-damage|p1a: Zapdos|0 fnt
|faint|p1a: Zapdos
|
|
|switch|p1a: Tornadus-Therian|Tornadus-Therian, M|362\/362
|turn|4
|c| IHildaI|no boost.
|
|move|p1a: Tornadus-Therian|Superpower|p2a: Heatran
|-supereffective|p2a: Heatran
|-damage|p2a: Heatran|34\/323
|-unboost|p1a: Tornadus-Therian|atk|1
|-unboost|p1a: Tornadus-Therian|def|1
|move|p2a: Heatran|Fire Blast|p1a: Tornadus-Therian
|-damage|p1a: Tornadus-Therian|206\/362
|
|turn|5
|
|move|p1a: Tornadus-Therian|Knock Off|p2a: Heatran
|-damage|p2a: Heatran|2\/323
|move|p2a: Heatran|Ancient Power|p1a: Tornadus-Therian
|-supereffective|p1a: Tornadus-Therian
|-damage|p1a: Tornadus-Therian|100\/362
|
|turn|6
|c| IHildaI|lolol
|
|switch|p2a: Garchomp|Garchomp, M|420\/420
|move|p1a: Tornadus-Therian|U-turn|p2a: Garchomp
|-damage|p2a: Garchomp|395\/420
|-damage|p1a: Tornadus-Therian|55\/362|[from] ability: Rough Skin|[of] p2a: Garchomp
|-damage|p1a: Tornadus-Therian|0 fnt|[from] item: Rocky Helmet|[of] p2a: Garchomp
|faint|p1a: Tornadus-Therian
|
|c|âsubzeromk|YES
|c|âsubzeromk|CUNT
|c|âsubzeromk|HAHAAHAHA
|c| IHildaI|perfect
|
|switch|p1a: Slowbro|Slowbro, M|394\/394
|turn|7
|
|move|p2a: Garchomp|Stealth Rock|p1a: Slowbro
|-sidestart|p1: randorix|move: Stealth Rock
|move|p1a: Slowbro|Scald|p2a: Garchomp
|-damage|p2a: Garchomp|286\/420
|-status|p2a: Garchomp|brn
|
|-damage|p2a: Garchomp|234\/420 brn|[from] brn
|turn|8
|c|âsubzeromk|that was awesome :P
|c| IHildaI|ik
|
|switch|p2a: Heatran|Heatran, M|2\/323
|move|p1a: Slowbro|Thunder Wave|p2a: Heatran
|-status|p2a: Heatran|par
|
|turn|9
|c| IHildaI|r
|
|move|p1a: Slowbro|Psyshock|p2a: Heatran
|-resisted|p2a: Heatran
|-damage|p2a: Heatran|0 fnt
|faint|p2a: Heatran
|
|
|switch|p2a: Breloom|Breloom, F|262\/262
|turn|10
|c|âsubzeromk|yeah
|
|move|p2a: Breloom|Spore|p1a: Slowbro
|-status|p1a: Slowbro|slp
|cant|p1a: Slowbro|slp
|
|turn|11
|
|switch|p1a: Jirachi|Jirachi|404\/404
|-damage|p1a: Jirachi|379\/404|[from] Stealth Rock
|move|p2a: Breloom|Swords Dance|p2a: Breloom
|-boost|p2a: Breloom|atk|2
|
|-heal|p1a: Jirachi|404\/404|[from] item: Leftovers
|turn|12
|
|move|p2a: Breloom|Mach Punch|p1a: Jirachi
|-damage|p1a: Jirachi|130\/404
|-damage|p2a: Breloom|236\/262|[from] item: Life Orb
|move|p1a: Jirachi|Iron Head|p2a: Breloom
|-damage|p2a: Breloom|130\/262
|
|-heal|p1a: Jirachi|155\/404|[from] item: Leftovers
|turn|13
|
|move|p2a: Breloom|Mach Punch|p1a: Jirachi
|-damage|p1a: Jirachi|0 fnt
|-damage|p2a: Breloom|104\/262|[from] item: Life Orb
|faint|p1a: Jirachi
|
|
|switch|p1a: Charizard|Charizard, F|359\/359
|-damage|p1a: Charizard|180\/359|[from] Stealth Rock
|turn|14
|
|move|p2a: Breloom|Mach Punch|p1a: Charizard
|-resisted|p1a: Charizard
|-damage|p1a: Charizard|7\/359
|-damage|p2a: Breloom|78\/262|[from] item: Life Orb
|move|p1a: Charizard|Roost|p1a: Charizard
|-heal|p1a: Charizard|187\/359
|
|turn|15
|
|move|p2a: Breloom|Mach Punch|p1a: Charizard
|-resisted|p1a: Charizard
|-damage|p1a: Charizard|18\/359
|-damage|p2a: Breloom|52\/262|[from] item: Life Orb
|move|p1a: Charizard|Earthquake|p2a: Breloom
|-resisted|p2a: Breloom
|-damage|p2a: Breloom|10\/262
|
|turn|16
|c|âsubzeromk|ha
|c|âsubzeromk|gg
|
|move|p2a: Breloom|Mach Punch|p1a: Charizard
|-resisted|p1a: Charizard
|-damage|p1a: Charizard|0 fnt
|-damage|p2a: Breloom|0 fnt|[from] item: Life Orb
|faint|p1a: Charizard
|faint|p2a: Breloom
|
|
|switch|p2a: Heracross|Heracross, M|301\/301
|switch|p1a: Gliscor|Gliscor, F|352\/352
|-damage|p1a: Gliscor|308\/352|[from] Stealth Rock
|turn|17
|
|detailschange|p2a: Heracross|Heracross-Mega, M
|message|Heracross has Mega Evolved into Mega Heracross!
|move|p2a: Heracross|Substitute|p2a: Heracross
|-start|p2a: Heracross|Substitute
|-damage|p2a: Heracross|226\/301
|move|p1a: Gliscor|Taunt|p2a: Heracross
|-start|p2a: Heracross|move: Taunt
|
|-status|p1a: Gliscor|tox|[from] item: Toxic Orb
|turn|18
|
|move|p2a: Heracross|Bullet Seed|p1a: Gliscor
|-damage|p1a: Gliscor|279\/352 tox
|-damage|p1a: Gliscor|248\/352 tox
|-damage|p1a: Gliscor|218\/352 tox
|-damage|p1a: Gliscor|189\/352 tox
|-damage|p1a: Gliscor|162\/352 tox
|-hitcount|p1a: Gliscor|5
|move|p1a: Gliscor|Earthquake|p2a: Heracross
|-resisted|p2a: Heracross
|-activate|p2a: Heracross|Substitute|[damage]
|
|-heal|p1a: Gliscor|206\/352 tox|[from] ability: Poison Heal
|turn|19
|
|move|p2a: Heracross|Bullet Seed|p1a: Gliscor
|-damage|p1a: Gliscor|179\/352 tox
|-damage|p1a: Gliscor|149\/352 tox
|-damage|p1a: Gliscor|118\/352 tox
|-damage|p1a: Gliscor|91\/352 tox
|-damage|p1a: Gliscor|63\/352 tox
|-hitcount|p1a: Gliscor|5
|move|p1a: Gliscor|Roost|p1a: Gliscor
|-heal|p1a: Gliscor|239\/352 tox
|
|-heal|p1a: Gliscor|283\/352 tox|[from] ability: Poison Heal
|turn|20
|
|move|p2a: Heracross|Bullet Seed|p1a: Gliscor
|-crit|p1a: Gliscor
|-damage|p1a: Gliscor|241\/352 tox
|-damage|p1a: Gliscor|212\/352 tox
|-damage|p1a: Gliscor|184\/352 tox
|-damage|p1a: Gliscor|156\/352 tox
|-damage|p1a: Gliscor|129\/352 tox
|-hitcount|p1a: Gliscor|5
|move|p1a: Gliscor|Roost|p1a: Gliscor
|-heal|p1a: Gliscor|305\/352 tox
|
|-heal|p1a: Gliscor|349\/352 tox|[from] ability: Poison Heal
|-end|p2a: Heracross|move: Taunt
|turn|21
|
|move|p2a: Heracross|Bullet Seed|p1a: Gliscor
|-damage|p1a: Gliscor|318\/352 tox
|-damage|p1a: Gliscor|289\/352 tox
|-damage|p1a: Gliscor|258\/352 tox
|-damage|p1a: Gliscor|229\/352 tox
|-damage|p1a: Gliscor|200\/352 tox
|-hitcount|p1a: Gliscor|5
|move|p1a: Gliscor|Earthquake|p2a: Heracross
|-resisted|p2a: Heracross
|-end|p2a: Heracross|Substitute
|
|-heal|p1a: Gliscor|244\/352 tox|[from] ability: Poison Heal
|turn|22
|c|ârandorix|xD
|c| IHildaI|lol i just lost  to hax
|
|move|p2a: Heracross|Substitute|p2a: Heracross
|-start|p2a: Heracross|Substitute
|-damage|p2a: Heracross|151\/301
|move|p1a: Gliscor|Roost|p1a: Gliscor
|-heal|p1a: Gliscor|352\/352 tox
|
|turn|23
|leave|IHildaI
|join|IHildaI
|
|move|p2a: Heracross|Bullet Seed|p1a: Gliscor
|-damage|p1a: Gliscor|323\/352 tox
|-damage|p1a: Gliscor|293\/352 tox
|-damage|p1a: Gliscor|265\/352 tox
|-damage|p1a: Gliscor|235\/352 tox
|-damage|p1a: Gliscor|204\/352 tox
|-hitcount|p1a: Gliscor|5
|move|p1a: Gliscor|Earthquake|p2a: Heracross
|-resisted|p2a: Heracross
|-activate|p2a: Heracross|Substitute|[damage]
|
|-heal|p1a: Gliscor|248\/352 tox|[from] ability: Poison Heal
|turn|24
|
|move|p2a: Heracross|Bullet Seed|p1a: Gliscor
|-damage|p1a: Gliscor|221\/352 tox
|-damage|p1a: Gliscor|190\/352 tox
|-damage|p1a: Gliscor|162\/352 tox
|-damage|p1a: Gliscor|133\/352 tox
|-crit|p1a: Gliscor
|-damage|p1a: Gliscor|86\/352 tox
|-hitcount|p1a: Gliscor|5
|move|p1a: Gliscor|Roost|p1a: Gliscor
|-heal|p1a: Gliscor|262\/352 tox
|
|-heal|p1a: Gliscor|306\/352 tox|[from] ability: Poison Heal
|turn|25
|
|move|p2a: Heracross|Bullet Seed|p1a: Gliscor
|-damage|p1a: Gliscor|277\/352 tox
|-damage|p1a: Gliscor|246\/352 tox
|-damage|p1a: Gliscor|217\/352 tox
|-damage|p1a: Gliscor|186\/352 tox
|-crit|p1a: Gliscor
|-damage|p1a: Gliscor|141\/352 tox
|-hitcount|p1a: Gliscor|5
|move|p1a: Gliscor|Roost|p1a: Gliscor
|-heal|p1a: Gliscor|317\/352 tox
|
|-heal|p1a: Gliscor|352\/352 tox|[from] ability: Poison Heal
|turn|26
|
|move|p2a: Heracross|Bullet Seed|p1a: Gliscor
|-damage|p1a: Gliscor|322\/352 tox
|-damage|p1a: Gliscor|292\/352 tox
|-damage|p1a: Gliscor|260\/352 tox
|-damage|p1a: Gliscor|230\/352 tox
|-damage|p1a: Gliscor|202\/352 tox
|-hitcount|p1a: Gliscor|5
|move|p1a: Gliscor|Earthquake|p2a: Heracross
|-resisted|p2a: Heracross
|-end|p2a: Heracross|Substitute
|
|-heal|p1a: Gliscor|246\/352 tox|[from] ability: Poison Heal
|turn|27
|
|move|p2a: Heracross|Bullet Seed|p1a: Gliscor
|-damage|p1a: Gliscor|218\/352 tox
|-damage|p1a: Gliscor|187\/352 tox
|-damage|p1a: Gliscor|157\/352 tox
|-damage|p1a: Gliscor|130\/352 tox
|-damage|p1a: Gliscor|101\/352 tox
|-hitcount|p1a: Gliscor|5
|move|p1a: Gliscor|Roost|p1a: Gliscor
|-heal|p1a: Gliscor|277\/352 tox
|
|-heal|p1a: Gliscor|321\/352 tox|[from] ability: Poison Heal
|turn|28
|
|move|p2a: Heracross|Substitute|p2a: Heracross
|-start|p2a: Heracross|Substitute
|-damage|p2a: Heracross|76\/301
|move|p1a: Gliscor|Toxic|p2a: Heracross
|
|-heal|p1a: Gliscor|352\/352 tox|[from] ability: Poison Heal
|turn|29
|
|move|p2a: Heracross|Bullet Seed|p1a: Gliscor
|-damage|p1a: Gliscor|321\/352 tox
|-damage|p1a: Gliscor|294\/352 tox
|-damage|p1a: Gliscor|265\/352 tox
|-damage|p1a: Gliscor|235\/352 tox
|-damage|p1a: Gliscor|205\/352 tox
|-hitcount|p1a: Gliscor|5
|move|p1a: Gliscor|Earthquake|p2a: Heracross
|-resisted|p2a: Heracross
|-activate|p2a: Heracross|Substitute|[damage]
|
|-heal|p1a: Gliscor|249\/352 tox|[from] ability: Poison Heal
|turn|30
|
|move|p2a: Heracross|Bullet Seed|p1a: Gliscor
|-damage|p1a: Gliscor|220\/352 tox
|-damage|p1a: Gliscor|190\/352 tox
|-damage|p1a: Gliscor|161\/352 tox
|-damage|p1a: Gliscor|130\/352 tox
|-damage|p1a: Gliscor|101\/352 tox
|-hitcount|p1a: Gliscor|5
|move|p1a: Gliscor|Roost|p1a: Gliscor
|-heal|p1a: Gliscor|277\/352 tox
|
|-heal|p1a: Gliscor|321\/352 tox|[from] ability: Poison Heal
|turn|31
|
|move|p2a: Heracross|Bullet Seed|p1a: Gliscor
|-damage|p1a: Gliscor|292\/352 tox
|-damage|p1a: Gliscor|263\/352 tox
|-damage|p1a: Gliscor|235\/352 tox
|-damage|p1a: Gliscor|207\/352 tox
|-damage|p1a: Gliscor|180\/352 tox
|-hitcount|p1a: Gliscor|5
|move|p1a: Gliscor|Earthquake|p2a: Heracross
|-resisted|p2a: Heracross
|-end|p2a: Heracross|Substitute
|
|-heal|p1a: Gliscor|224\/352 tox|[from] ability: Poison Heal
|turn|32
|
|move|p2a: Heracross|Substitute|p2a: Heracross
|-start|p2a: Heracross|Substitute
|-damage|p2a: Heracross|1\/301
|move|p1a: Gliscor|Roost|p1a: Gliscor
|-heal|p1a: Gliscor|352\/352 tox
|
|turn|33
|
|move|p2a: Heracross|Bullet Seed|p1a: Gliscor
|-damage|p1a: Gliscor|322\/352 tox
|-damage|p1a: Gliscor|295\/352 tox
|-damage|p1a: Gliscor|268\/352 tox
|-damage|p1a: Gliscor|239\/352 tox
|-damage|p1a: Gliscor|208\/352 tox
|-hitcount|p1a: Gliscor|5
|move|p1a: Gliscor|Earthquake|p2a: Heracross
|-resisted|p2a: Heracross
|-activate|p2a: Heracross|Substitute|[damage]
|
|-heal|p1a: Gliscor|252\/352 tox|[from] ability: Poison Heal
|turn|34
|
|move|p2a: Heracross|Bullet Seed|p1a: Gliscor
|-damage|p1a: Gliscor|224\/352 tox
|-damage|p1a: Gliscor|192\/352 tox
|-damage|p1a: Gliscor|162\/352 tox
|-damage|p1a: Gliscor|134\/352 tox
|-damage|p1a: Gliscor|106\/352 tox
|-hitcount|p1a: Gliscor|5
|move|p1a: Gliscor|Roost|p1a: Gliscor
|-heal|p1a: Gliscor|282\/352 tox
|
|-heal|p1a: Gliscor|326\/352 tox|[from] ability: Poison Heal
|turn|35
|
|move|p2a: Heracross|Bullet Seed|p1a: Gliscor
|-damage|p1a: Gliscor|299\/352 tox
|-damage|p1a: Gliscor|271\/352 tox
|-damage|p1a: Gliscor|240\/352 tox
|-damage|p1a: Gliscor|212\/352 tox
|-damage|p1a: Gliscor|182\/352 tox
|-hitcount|p1a: Gliscor|5
|move|p1a: Gliscor|Earthquake|p2a: Heracross
|-resisted|p2a: Heracross
|-end|p2a: Heracross|Substitute
|
|-heal|p1a: Gliscor|226\/352 tox|[from] ability: Poison Heal
|turn|36
|
|move|p2a: Heracross|Bullet Seed|p1a: Gliscor
|-damage|p1a: Gliscor|199\/352 tox
|-damage|p1a: Gliscor|172\/352 tox
|-damage|p1a: Gliscor|142\/352 tox
|-damage|p1a: Gliscor|113\/352 tox
|-damage|p1a: Gliscor|85\/352 tox
|-hitcount|p1a: Gliscor|5
|move|p1a: Gliscor|Roost|p1a: Gliscor
|-heal|p1a: Gliscor|261\/352 tox
|
|-heal|p1a: Gliscor|305\/352 tox|[from] ability: Poison Heal
|turn|37
|
|move|p2a: Heracross|Bullet Seed|p1a: Gliscor
|-damage|p1a: Gliscor|275\/352 tox
|-damage|p1a: Gliscor|248\/352 tox
|-damage|p1a: Gliscor|220\/352 tox
|-damage|p1a: Gliscor|189\/352 tox
|-damage|p1a: Gliscor|160\/352 tox
|-hitcount|p1a: Gliscor|5
|move|p1a: Gliscor|Roost|p1a: Gliscor
|-heal|p1a: Gliscor|336\/352 tox
|
|-heal|p1a: Gliscor|352\/352 tox|[from] ability: Poison Heal
|turn|38
|join|Markastan
|
|move|p2a: Heracross|Bullet Seed|p1a: Gliscor
|-damage|p1a: Gliscor|321\/352 tox
|-crit|p1a: Gliscor
|-damage|p1a: Gliscor|275\/352 tox
|-damage|p1a: Gliscor|244\/352 tox
|-damage|p1a: Gliscor|217\/352 tox
|-damage|p1a: Gliscor|188\/352 tox
|-hitcount|p1a: Gliscor|5
|move|p1a: Gliscor|Earthquake|p2a: Heracross
|-resisted|p2a: Heracross
|-damage|p2a: Heracross|0 fnt
|faint|p2a: Heracross
|
|-heal|p1a: Gliscor|232\/352 tox|[from] ability: Poison Heal
|c|ârandorix|no
|
|switch|p2a: Madara|Bisharp, M|272\/272
|turn|39
|
|move|p1a: Gliscor|Earthquake|p2a: Madara
|-supereffective|p2a: Madara
|-damage|p2a: Madara|38\/272
|move|p2a: Madara|Swords Dance|p2a: Madara
|-boost|p2a: Madara|atk|2
|
|-heal|p1a: Gliscor|276\/352 tox|[from] ability: Poison Heal
|turn|40
|
|move|p1a: Gliscor|Roost|p1a: Gliscor
|-heal|p1a: Gliscor|352\/352 tox
|move|p2a: Madara|Knock Off|p1a: Gliscor
|-damage|p1a: Gliscor|11\/352 tox
|-enditem|p1a: Gliscor|Toxic Orb|[from] move: Knock Off|[of] p2a: Madara
|-damage|p2a: Madara|11\/272|[from] item: Life Orb
|
|-heal|p1a: Gliscor|55\/352 tox|[from] ability: Poison Heal
|turn|41
|
|move|p1a: Gliscor|Earthquake|p2a: Madara
|-supereffective|p2a: Madara
|-damage|p2a: Madara|0 fnt
|faint|p2a: Madara
|
|-heal|p1a: Gliscor|99\/352 tox|[from] ability: Poison Heal
|
|switch|p2a: Sylveon|Sylveon, F|394\/394
|turn|42
|
|move|p1a: Gliscor|Roost|p1a: Gliscor
|-heal|p1a: Gliscor|275\/352 tox
|move|p2a: Sylveon|Hyper Voice|p1a: Gliscor
|-damage|p1a: Gliscor|136\/352 tox
|
|-heal|p1a: Gliscor|180\/352 tox|[from] ability: Poison Heal
|turn|43
|c| Markastan|boom
|c| Markastan|what what
|
|move|p1a: Gliscor|Roost|p1a: Gliscor
|-heal|p1a: Gliscor|352\/352 tox
|move|p2a: Sylveon|Hyper Voice|p1a: Gliscor
|-damage|p1a: Gliscor|195\/352 tox
|
|-heal|p1a: Gliscor|239\/352 tox|[from] ability: Poison Heal
|turn|44
|c|ârandorix|xDDDD
|c|ârandorix|look turn 16
|
|move|p1a: Gliscor|Toxic|p2a: Sylveon
|-status|p2a: Sylveon|tox
|move|p2a: Sylveon|Hyper Voice|p1a: Gliscor
|-damage|p1a: Gliscor|97\/352 tox
|
|-heal|p1a: Gliscor|141\/352 tox|[from] ability: Poison Heal
|-damage|p2a: Sylveon|370\/394 tox|[from] psn
|turn|45
|
|move|p1a: Gliscor|Roost|p1a: Gliscor
|-heal|p1a: Gliscor|317\/352 tox
|move|p2a: Sylveon|Heal Bell|p2a: Sylveon
|-cureteam|p2a: Sylveon|[from] move: HealBell
|
|-heal|p2a: Sylveon|394\/394|[from] item: Leftovers
|-heal|p1a: Gliscor|352\/352 tox|[from] ability: Poison Heal
|turn|46
|
|move|p1a: Gliscor|Toxic|p2a: Sylveon|[miss]
|-miss|p1a: Gliscor|p2a: Sylveon
|move|p2a: Sylveon|Hyper Voice|p1a: Gliscor
|-damage|p1a: Gliscor|202\/352 tox
|
|-heal|p1a: Gliscor|246\/352 tox|[from] ability: Poison Heal
|turn|47
|c|ârandorix|lol
|c|ârandorix|...
|c| Markastan|its over
|c| Markastan|its over
|
|move|p1a: Gliscor|Toxic|p2a: Sylveon
|-status|p2a: Sylveon|tox
|move|p2a: Sylveon|Hyper Voice|p1a: Gliscor
|-damage|p1a: Gliscor|95\/352 tox
|
|-heal|p1a: Gliscor|139\/352 tox|[from] ability: Poison Heal
|-damage|p2a: Sylveon|370\/394 tox|[from] psn
|turn|48
|
|move|p1a: Gliscor|Taunt|p2a: Sylveon
|-start|p2a: Sylveon|move: Taunt
|cant|p2a: Sylveon|move: Taunt|Heal Bell
|
|-heal|p2a: Sylveon|394\/394 tox|[from] item: Leftovers
|-heal|p1a: Gliscor|183\/352 tox|[from] ability: Poison Heal
|-damage|p2a: Sylveon|346\/394 tox|[from] psn
|turn|49
|
|move|p1a: Gliscor|Earthquake|p2a: Sylveon
|-damage|p2a: Sylveon|193\/394 tox
|move|p2a: Sylveon|Hyper Voice|p1a: Gliscor
|-damage|p1a: Gliscor|35\/352 tox
|
|-heal|p2a: Sylveon|217\/394 tox|[from] item: Leftovers
|-heal|p1a: Gliscor|79\/352 tox|[from] ability: Poison Heal
|-damage|p2a: Sylveon|145\/394 tox|[from] psn
|turn|50
|
|switch|p2a: Garchomp|Garchomp, M|234\/420
|move|p1a: Gliscor|Earthquake|p2a: Garchomp
|-damage|p2a: Garchomp|156\/420
|
|-heal|p1a: Gliscor|123\/352 tox|[from] ability: Poison Heal
|turn|51
|
|move|p1a: Gliscor|Roost|p1a: Gliscor
|-heal|p1a: Gliscor|299\/352 tox
|move|p2a: Garchomp|Hidden Power|p1a: Gliscor
|-supereffective|p1a: Gliscor
|-damage|p1a: Gliscor|219\/352 tox
|
|-heal|p1a: Gliscor|263\/352 tox|[from] ability: Poison Heal
|turn|52
|
|switch|p1a: Slowbro|Slowbro, M|394\/394 slp
|-damage|p1a: Slowbro|345\/394 slp|[from] Stealth Rock
|move|p2a: Garchomp|Hidden Power|p1a: Slowbro
|-resisted|p1a: Slowbro
|-damage|p1a: Slowbro|322\/394 slp
|
|-heal|p1a: Slowbro|346\/394 slp|[from] item: Leftovers
|turn|53
|
|switch|p2a: Sylveon|Sylveon, F|145\/394 tox
|switch|p1a: Gliscor|Gliscor, F|263\/352 tox
|-damage|p1a: Gliscor|219\/352 tox|[from] Stealth Rock
|
|-heal|p2a: Sylveon|169\/394 tox|[from] item: Leftovers
|-heal|p1a: Gliscor|263\/352 tox|[from] ability: Poison Heal
|-damage|p2a: Sylveon|145\/394 tox|[from] psn
|turn|54
|c|ârandorix|the plays
|
|switch|p2a: Garchomp|Garchomp, M|156\/420
|move|p1a: Gliscor|Earthquake|p2a: Garchomp
|-damage|p2a: Garchomp|69\/420
|
|-heal|p1a: Gliscor|307\/352 tox|[from] ability: Poison Heal
|turn|55
|c|ârandorix|gg
|
|move|p2a: Garchomp|Hidden Power|p1a: Gliscor
|-supereffective|p1a: Gliscor
|-damage|p1a: Gliscor|143\/352 tox
|move|p1a: Gliscor|Earthquake|p2a: Garchomp
|-damage|p2a: Garchomp|0 fnt
|faint|p2a: Garchomp
|
|-heal|p1a: Gliscor|187\/352 tox|[from] ability: Poison Heal
|-message|subzeromk forfeited.
|
|win|randorix
|raw|Ladder updating...
|leave|subzeromk
|player|p2
|raw|randorix's rating: 1588 &rarr; <strong>1608<\/strong><br \/>(+20 for winning)
|raw|subzeromk's rating: 1592 &rarr; <strong>1572<\/strong><br \/>(-20 for losing)
|c|ârandorix|hahahaha
|leave|Markastan