|join|subzeromk
|join|Azvyr
|player|p1|subzeromk|20
|player|p2|Azvyr|166
|gametype|singles
|gen|6
|tier|OU
|clearpoke
|poke|p1|Garchomp, M
|poke|p1|Sylveon, F
|poke|p1|Heracross, M
|poke|p1|Breloom, M
|poke|p1|Bisharp, M
|poke|p1|Greninja, M
|poke|p2|Mew
|poke|p2|Greninja, M
|poke|p2|Charizard, F
|poke|p2|Skarmory, M
|poke|p2|Suicune
|poke|p2|Excadrill, F
|rule|Swagger Clause: Swagger is banned
|rule|Baton Pass Clause: Limit one PokÃ©mon knowing Baton Pass
|rule|Sleep Clause Mod: Limit one foe put to sleep
|rule|Species Clause: Limit one of each PokÃ©mon
|rule|OHKO Clause: OHKO moves are banned
|rule|Moody Clause: Moody is banned
|rule|Evasion Moves Clause: Evasion moves are banned
|rule|Endless Battle Clause: Forcing endless battles is banned
|rule|HP Percentage Mod: HP is shown in percentages
|teampreview
|
|start
|switch|p1a: Greninja|Greninja, M|285\/285
|switch|p2a: Mew|Mew|404\/404
|turn|1
|
|move|p1a: Greninja|Gunk Shot|p2a: Mew|[miss]
|-start|p1a: Greninja|typechange|Poison|[from] Protean
|-miss|p1a: Greninja|p2a: Mew
|move|p2a: Mew|Knock Off|p1a: Greninja
|-damage|p1a: Greninja|161\/285
|-enditem|p1a: Greninja|Life Orb|[from] move: Knock Off|[of] p2a: Mew
|
|turn|2
|
|switch|p1a: Heracross|Heracross, M|308\/308
|move|p2a: Mew|Will-O-Wisp|p1a: Heracross
|-status|p1a: Heracross|brn
|
|-damage|p1a: Heracross|270\/308 brn|[from] brn
|turn|3
|
|switch|p2a: Skarmory|Skarmory, M|334\/334
|move|p1a: Heracross|Close Combat|p2a: Skarmory
|-crit|p2a: Skarmory
|-damage|p2a: Skarmory|40\/334
|-unboost|p1a: Heracross|def|1
|-unboost|p1a: Heracross|spd|1
|
|-heal|p2a: Skarmory|60\/334|[from] item: Leftovers
|-damage|p1a: Heracross|232\/308 brn|[from] brn
|turn|4
|c|âAzvyr|And I got 416 armor 334 hp ROFL
|
|switch|p2a: Suicune|Suicune|404\/404
|-ability|p2a: Suicune|Pressure
|move|p1a: Heracross|Close Combat|p2a: Suicune
|-damage|p2a: Suicune|176\/404
|-unboost|p1a: Heracross|def|1
|-unboost|p1a: Heracross|spd|1
|
|-heal|p2a: Suicune|201\/404|[from] item: Leftovers
|-damage|p1a: Heracross|194\/308 brn|[from] brn
|turn|5
|
|switch|p2a: Skarmory|Skarmory, M|60\/334
|move|p1a: Heracross|Close Combat|p2a: Skarmory
|-damage|p2a: Skarmory|0 fnt
|-unboost|p1a: Heracross|def|1
|-unboost|p1a: Heracross|spd|1
|faint|p2a: Skarmory
|
|-damage|p1a: Heracross|156\/308 brn|[from] brn
|
|switch|p2a: Charizard|Charizard, F|359\/359
|turn|6
|
|switch|p1a: Garchomp|Garchomp, M|419\/419
|detailschange|p2a: Charizard|Charizard-Mega-X, F
|message|Charizard has Mega Evolved into Mega Charizard!
|move|p2a: Charizard|Dragon Claw|p1a: Garchomp
|-supereffective|p1a: Garchomp
|-damage|p1a: Garchomp|191\/419
|-damage|p2a: Charizard|315\/359|[from] ability: Rough Skin|[of] p1a: Garchomp
|-damage|p2a: Charizard|256\/359|[from] item: Rocky Helmet|[of] p1a: Garchomp
|
|turn|7
|
|move|p2a: Charizard|Dragon Claw|p1a: Garchomp
|-supereffective|p1a: Garchomp
|-damage|p1a: Garchomp|0 fnt
|-damage|p2a: Charizard|212\/359|[from] ability: Rough Skin|[of] p1a: Garchomp
|-damage|p2a: Charizard|153\/359|[from] item: Rocky Helmet|[of] p1a: Garchomp
|faint|p1a: Garchomp
|
|
|switch|p1a: Greninja|Greninja, M|161\/285
|turn|8
|
|move|p1a: Greninja|Extrasensory|p2a: Charizard
|-start|p1a: Greninja|typechange|Psychic|[from] Protean
|-damage|p2a: Charizard|24\/359
|move|p2a: Charizard|Roost|p2a: Charizard
|-heal|p2a: Charizard|204\/359
|
|turn|9
|
|move|p1a: Greninja|Hydro Pump|p2a: Charizard
|-start|p1a: Greninja|typechange|Water|[from] Protean
|-damage|p2a: Charizard|30\/359
|move|p2a: Charizard|Dragon Claw|p1a: Greninja
|-damage|p1a: Greninja|0 fnt
|faint|p1a: Greninja
|
|
|switch|p1a: Breloom|Breloom, M|262\/262
|turn|10
|
|switch|p2a: Mew|Mew|404\/404
|move|p1a: Breloom|Mach Punch|p2a: Mew
|-resisted|p2a: Mew
|-damage|p2a: Mew|335\/404
|-damage|p1a: Breloom|236\/262|[from] item: Life Orb
|
|-heal|p2a: Mew|360\/404|[from] item: Leftovers
|turn|11
|
|switch|p1a: Heracross|Heracross, M|156\/308 brn
|switch|p2a: Suicune|Suicune|201\/404
|-ability|p2a: Suicune|Pressure
|
|-heal|p2a: Suicune|226\/404|[from] item: Leftovers
|-damage|p1a: Heracross|118\/308 brn|[from] brn
|turn|12
|
|move|p1a: Heracross|Close Combat|p2a: Suicune
|-crit|p2a: Suicune
|-damage|p2a: Suicune|0 fnt
|-unboost|p1a: Heracross|def|1
|-unboost|p1a: Heracross|spd|1
|faint|p2a: Suicune
|
|-damage|p1a: Heracross|80\/308 brn|[from] brn
|c|âAzvyr|THIS HERACROSS IS GODLIKE
|
|switch|p2a: Greninja|Greninja, M|285\/285
|turn|13
|
|move|p2a: Greninja|Low Kick|p1a: Heracross
|-start|p2a: Greninja|typechange|Fighting|[from] Protean
|-crit|p1a: Heracross
|-resisted|p1a: Heracross
|-damage|p1a: Heracross|0 fnt
|-damage|p2a: Greninja|257\/285|[from] item: Life Orb
|faint|p1a: Heracross
|
|c|âAzvyr|deserved crit :)
|
|switch|p1a: Sylveon|Sylveon, F|393\/393
|turn|14
|
|switch|p1a: Madara|Bisharp, M|289\/289
|move|p2a: Greninja|Gunk Shot|p1a: Madara
|-start|p2a: Greninja|typechange|Poison|[from] Protean
|-immune|p1a: Madara|[msg]
|
|turn|15
|c|âAzvyr|nice
|
|move|p2a: Greninja|Low Kick|p1a: Madara
|-start|p2a: Greninja|typechange|Fighting|[from] Protean
|-supereffective|p1a: Madara
|-damage|p1a: Madara|0 fnt
|-damage|p2a: Greninja|229\/285|[from] item: Life Orb
|faint|p1a: Madara
|
|
|switch|p1a: Breloom|Breloom, M|236\/262
|turn|16
|c|âAzvyr|but not enough
|c|âsubzeromk|you have mew
|c|âsubzeromk|i have to be careful
|c|âsubzeromk|because it can destry my entire team
|c|âAzvyr|yeah
|
|switch|p1a: Sylveon|Sylveon, F|393\/393
|move|p2a: Greninja|Extrasensory|p1a: Sylveon
|-start|p2a: Greninja|typechange|Psychic|[from] Protean
|-damage|p1a: Sylveon|292\/393
|-damage|p2a: Greninja|201\/285|[from] item: Life Orb
|
|turn|17
|
|move|p2a: Greninja|Gunk Shot|p1a: Sylveon
|-start|p2a: Greninja|typechange|Poison|[from] Protean
|-supereffective|p1a: Sylveon
|-damage|p1a: Sylveon|0 fnt
|-damage|p2a: Greninja|173\/285|[from] item: Life Orb
|faint|p1a: Sylveon
|
|c|âsubzeromk|hm gg
|leave|subzeromk
|player|p1
|-message|Player 1 lost due to inactivity.
|
|win|Azvyr