|join|subzeromk
|join|Reverb
|player|p1|subzeromk|20
|player|p2|Reverb|#reverb
|gametype|singles
|gen|6
|tier|OU
|rated
|clearpoke
|poke|p1|Sylveon, M
|poke|p1|Garchomp, M
|poke|p1|Metagross
|poke|p1|Breloom, F
|poke|p1|Bisharp, M
|poke|p1|Kyurem-Black, shiny
|poke|p2|Empoleon, M
|poke|p2|Tyranitar, F
|poke|p2|Charizard, F
|poke|p2|Keldeo
|poke|p2|Kyurem-Black
|poke|p2|Landorus-Therian, M
|rule|Swagger Clause: Swagger is banned
|rule|Baton Pass Clause: Limit one PokÃ©mon knowing Baton Pass
|rule|Sleep Clause Mod: Limit one foe put to sleep
|rule|Species Clause: Limit one of each PokÃ©mon
|rule|OHKO Clause: OHKO moves are banned
|rule|Moody Clause: Moody is banned
|rule|Evasion Moves Clause: Evasion moves are banned
|rule|Endless Battle Clause: Forcing endless battles is banned
|rule|HP Percentage Mod: HP is shown in percentages
|teampreview
|c|âReverb|hf
|c|âsubzeromk|ok
|
|start
|switch|p1a: Metagross|Metagross|302\/302
|switch|p2a: Keldeo|Keldeo|323\/323
|turn|1
|
|switch|p2a: Empoleon|Empoleon, M|372\/372
|detailschange|p1a: Metagross|Metagross-Mega
|message|Metagross has Mega Evolved into Mega Metagross!
|move|p1a: Metagross|Thunder Punch|p2a: Empoleon
|-supereffective|p2a: Empoleon
|-damage|p2a: Empoleon|170\/372
|
|-heal|p2a: Empoleon|193\/372|[from] item: Leftovers
|turn|2
|
|switch|p2a: Landorus-Therian|Landorus-Therian, M|327\/327
|-ability|p2a: Landorus-Therian|Intimidate|[of] p1a: Metagross
|-unboost|p1a: Metagross|atk|1
|move|p1a: Metagross|Thunder Punch|p2a: Landorus-Therian
|-immune|p2a: Landorus-Therian|[msg]
|
|turn|3
|c|âReverb|thats new
|
|switch|p1a: Garchomp|Garchomp, M|419\/419
|move|p2a: Landorus-Therian|U-turn|p1a: Garchomp
|-damage|p1a: Garchomp|351\/419
|-damage|p2a: Landorus-Therian|287\/327|[from] ability: Rough Skin|[of] p1a: Garchomp
|-damage|p2a: Landorus-Therian|233\/327|[from] item: Rocky Helmet|[of] p1a: Garchomp
|
|switch|p2a: Keldeo|Keldeo|323\/323
|
|turn|4
|
|move|p2a: Keldeo|Hydro Pump|p1a: Garchomp
|-damage|p1a: Garchomp|0 fnt
|faint|p1a: Garchomp
|
|
|switch|p1a: Metagross|Metagross-Mega|302\/302
|turn|5
|join|dgaerh
|
|switch|p2a: Landorus-Therian|Landorus-Therian, M|233\/327
|-ability|p2a: Landorus-Therian|Intimidate|[of] p1a: Metagross
|-unboost|p1a: Metagross|atk|1
|move|p1a: Metagross|Thunder Punch|p2a: Landorus-Therian
|-immune|p2a: Landorus-Therian|[msg]
|
|turn|6
|
|switch|p1a: Kyurem-Black|Kyurem-Black, shiny|425\/425
|-ability|p1a: Kyurem-Black|Teravolt
|move|p2a: Landorus-Therian|U-turn|p1a: Kyurem-Black
|-damage|p1a: Kyurem-Black|330\/425
|join|TerrorDave
|
|switch|p2a: Tyranitar|Tyranitar, F|383\/383
|-weather|Sandstorm
|
|-weather|Sandstorm|[upkeep]
|-damage|p1a: Kyurem-Black|304\/425|[from] sandstorm
|turn|7
|
|move|p1a: Kyurem-Black|Fusion Bolt|p2a: Tyranitar
|-damage|p2a: Tyranitar|236\/383
|-damage|p1a: Kyurem-Black|262\/425|[from] item: Life Orb
|move|p2a: Tyranitar|Crunch|p1a: Kyurem-Black
|-damage|p1a: Kyurem-Black|19\/425
|
|-weather|Sandstorm|[upkeep]
|-damage|p1a: Kyurem-Black|0 fnt|[from] sandstorm
|faint|p1a: Kyurem-Black
|
|switch|p1a: Breloom|Breloom, F|262\/262
|turn|8
|
|move|p1a: Breloom|Spore|p2a: Tyranitar
|-status|p2a: Tyranitar|slp
|cant|p2a: Tyranitar|slp
|
|-weather|Sandstorm|[upkeep]
|-damage|p1a: Breloom|246\/262|[from] sandstorm
|turn|9
|
|switch|p2a: Empoleon|Empoleon, M|193\/372
|move|p1a: Breloom|Bullet Seed|p2a: Empoleon
|-damage|p2a: Empoleon|123\/372
|-damage|p2a: Empoleon|52\/372
|-damage|p2a: Empoleon|0 fnt
|-hitcount|p2a: Empoleon|3
|-damage|p1a: Breloom|220\/262|[from] item: Life Orb
|faint|p2a: Empoleon
|
|-weather|Sandstorm|[upkeep]
|-damage|p1a: Breloom|204\/262|[from] sandstorm
|
|switch|p2a: Charizard|Charizard, F|297\/297
|turn|10
|
|detailschange|p2a: Charizard|Charizard-Mega-Y, F
|message|Charizard has Mega Evolved into Mega Charizard!
|-weather|SunnyDay
|move|p1a: Breloom|Mach Punch|p2a: Charizard
|-resisted|p2a: Charizard
|-damage|p2a: Charizard|193\/297
|-damage|p1a: Breloom|178\/262|[from] item: Life Orb
|move|p2a: Charizard|Flamethrower|p1a: Breloom
|-supereffective|p1a: Breloom
|-damage|p1a: Breloom|0 fnt
|faint|p1a: Breloom
|
|-weather|SunnyDay|[upkeep]
|
|switch|p1a: Metagross|Metagross-Mega|302\/302
|turn|11
|
|switch|p2a: Tyranitar|Tyranitar, F|236\/383 slp
|-weather|Sandstorm
|move|p1a: Metagross|Thunder Punch|p2a: Tyranitar
|-damage|p2a: Tyranitar|110\/383 slp
|
|-weather|Sandstorm|[upkeep]
|turn|12
|
|switch|p1a: Sylveon|Sylveon, M|393\/393
|-curestatus|p2a: Tyranitar|slp
|move|p2a: Tyranitar|Crunch|p1a: Sylveon
|-resisted|p1a: Sylveon
|-damage|p1a: Sylveon|219\/393
|
|-weather|Sandstorm|[upkeep]
|-damage|p1a: Sylveon|195\/393|[from] sandstorm
|turn|13
|c|âReverb|wait
|c|âReverb|did i wake first turn?
|c|âReverb|how?
|c|âsubzeromk|weird..
|c| dgaerh|1 turn of sleep
|c|âReverb|thats impossible right?
|c|âsubzeromk|I know
|c| dgaerh|what's strange?
|c|âsubzeromk|yeah
|c| dgaerh|you slept right after the spore
|c| dgaerh|that counts
|c|âReverb|oh yeah
|c|âsubzeromk|no
|c|âReverb|i forgot lol
|c|âsubzeromk|yeah
|
|move|p2a: Tyranitar|Crunch|p1a: Sylveon
|-resisted|p1a: Sylveon
|-damage|p1a: Sylveon|26\/393
|move|p1a: Sylveon|Hyper Voice|p2a: Tyranitar
|-supereffective|p2a: Tyranitar
|-damage|p2a: Tyranitar|0 fnt
|faint|p2a: Tyranitar
|
|-weather|Sandstorm|[upkeep]
|-damage|p1a: Sylveon|2\/393|[from] sandstorm
|
|switch|p2a: Landorus-Therian|Landorus-Therian, M|233\/327
|-ability|p2a: Landorus-Therian|Intimidate|[of] p1a: Sylveon
|-unboost|p1a: Sylveon|atk|1
|turn|14
|
|move|p2a: Landorus-Therian|U-turn|p1a: Sylveon
|-resisted|p1a: Sylveon
|-damage|p1a: Sylveon|0 fnt
|faint|p1a: Sylveon
|
|switch|p2a: Charizard|Charizard-Mega-Y, F|193\/297
|-weather|SunnyDay
|
|-weather|SunnyDay|[upkeep]
|
|switch|p1a: Metagross|Metagross-Mega|302\/302
|turn|15
|
|move|p1a: Metagross|Ice Punch|p2a: Charizard
|-damage|p2a: Charizard|8\/297
|move|p2a: Charizard|Flamethrower|p1a: Metagross
|-supereffective|p1a: Metagross
|-damage|p1a: Metagross|0 fnt
|faint|p1a: Metagross
|
|-weather|SunnyDay|[upkeep]
|c|âsubzeromk|gg
|c|âReverb|gg
|-message|subzeromk forfeited.
|
|win|Reverb
|raw|Ladder updating...
|leave|subzeromk
|player|p1