|join|subzeromk
|join|Where Dey At Doe
|player|p1|subzeromk|20
|player|p2|Where Dey At Doe|270
|gametype|singles
|gen|6
|tier|OU
|rated
|clearpoke
|poke|p1|Sylveon, F
|poke|p1|Garchomp, F
|poke|p1|Heracross, M
|poke|p1|Breloom, M
|poke|p1|Bisharp, M
|poke|p1|Kyurem-Black
|poke|p2|Metagross, shiny
|poke|p2|Keldeo-Resolute, shiny
|poke|p2|Victini
|poke|p2|Chansey, F, shiny
|poke|p2|Zapdos
|poke|p2|Rotom-Wash, shiny
|rule|Swagger Clause: Swagger is banned
|rule|Baton Pass Clause: Limit one PokÃ©mon knowing Baton Pass
|rule|Sleep Clause Mod: Limit one foe put to sleep
|rule|Species Clause: Limit one of each PokÃ©mon
|rule|OHKO Clause: OHKO moves are banned
|rule|Moody Clause: Moody is banned
|rule|Evasion Moves Clause: Evasion moves are banned
|rule|Endless Battle Clause: Forcing endless battles is banned
|rule|HP Percentage Mod: HP is shown in percentages
|teampreview
|
|start
|switch|p1a: Kyurem-Black|Kyurem-Black|424\/424
|switch|p2a: Keldeo-Resolute|Keldeo-Resolute, shiny|324\/324
|-ability|p1a: Kyurem-Black|Teravolt
|turn|1
|
|switch|p1a: Garchomp|Garchomp, F|419\/419
|move|p2a: Keldeo-Resolute|Secret Sword|p1a: Garchomp
|-damage|p1a: Garchomp|310\/419
|
|turn|2
|
|switch|p1a: Heracross|Heracross, M|310\/310
|move|p2a: Keldeo-Resolute|Icy Wind|p1a: Heracross
|-damage|p1a: Heracross|246\/310
|-unboost|p1a: Heracross|spe|1
|
|turn|3
|
|detailschange|p1a: Heracross|Heracross-Mega, M
|message|Heracross has Mega Evolved into Mega Heracross!
|move|p2a: Keldeo-Resolute|Scald|p1a: Heracross
|-damage|p1a: Heracross|108\/310
|move|p1a: Heracross|Bullet Seed|p2a: Keldeo-Resolute
|-supereffective|p2a: Keldeo-Resolute
|-damage|p2a: Keldeo-Resolute|228\/324
|-supereffective|p2a: Keldeo-Resolute
|-damage|p2a: Keldeo-Resolute|140\/324
|-supereffective|p2a: Keldeo-Resolute
|-damage|p2a: Keldeo-Resolute|44\/324
|-supereffective|p2a: Keldeo-Resolute
|-damage|p2a: Keldeo-Resolute|0 fnt
|-hitcount|p2a: Keldeo-Resolute|4
|faint|p2a: Keldeo-Resolute
|
|
|switch|p2a: Metagross|Metagross, shiny|301\/301
|turn|4
|
|switch|p1a: Garchomp|Garchomp, F|310\/419
|detailschange|p2a: Metagross|Metagross-Mega, shiny
|message|Metagross has Mega Evolved into Mega Metagross!
|move|p2a: Metagross|Meteor Mash|p1a: Garchomp
|-damage|p1a: Garchomp|141\/419
|-damage|p2a: Metagross|264\/301|[from] ability: Rough Skin|[of] p1a: Garchomp
|-damage|p2a: Metagross|214\/301|[from] item: Rocky Helmet|[of] p1a: Garchomp
|
|turn|5
|
|move|p2a: Metagross|Meteor Mash|p1a: Garchomp
|-damage|p1a: Garchomp|0 fnt
|-damage|p2a: Metagross|177\/301|[from] ability: Rough Skin|[of] p1a: Garchomp
|-damage|p2a: Metagross|127\/301|[from] item: Rocky Helmet|[of] p1a: Garchomp
|faint|p1a: Garchomp
|
|
|switch|p1a: Madara|Bisharp, M|289\/289
|turn|6
|
|move|p1a: Madara|Sucker Punch|p2a: Metagross
|-supereffective|p2a: Metagross
|-damage|p2a: Metagross|0 fnt
|-damage|p1a: Madara|261\/289|[from] item: Life Orb
|faint|p2a: Metagross
|
|
|switch|p2a: Zapdos|Zapdos|384\/384
|-ability|p2a: Zapdos|Pressure
|turn|7
|
|switch|p1a: Kyurem-Black|Kyurem-Black|424\/424
|-ability|p1a: Kyurem-Black|Teravolt
|move|p2a: Zapdos|Heat Wave|p1a: Kyurem-Black
|-damage|p1a: Kyurem-Black|299\/424
|
|turn|8
|
|switch|p1a: Madara|Bisharp, M|261\/289
|switch|p2a: Chansey|Chansey, F, shiny|679\/679
|
|turn|9
|
|move|p1a: Madara|Pursuit|p2a: Chansey
|-damage|p2a: Chansey|539\/679
|-damage|p1a: Madara|233\/289|[from] item: Life Orb
|move|p2a: Chansey|Stealth Rock|p1a: Madara
|-sidestart|p1: subzeromk|move: Stealth Rock
|
|turn|10
|
|switch|p2a: Rotom-Wash|Rotom-Wash, shiny|304\/304
|move|p1a: Madara|Knock Off|p2a: Rotom-Wash
|-damage|p2a: Rotom-Wash|151\/304
|-enditem|p2a: Rotom-Wash|Leftovers|[from] move: Knock Off|[of] p1a: Madara
|-damage|p1a: Madara|205\/289|[from] item: Life Orb
|
|turn|11
|
|switch|p1a: Heracross|Heracross-Mega, M|108\/310
|-damage|p1a: Heracross|70\/310|[from] Stealth Rock
|move|p2a: Rotom-Wash|Volt Switch|p1a: Heracross
|-crit|p1a: Heracross
|-damage|p1a: Heracross|0 fnt
|faint|p1a: Heracross
|
|switch|p2a: Zapdos|Zapdos|384\/384
|-ability|p2a: Zapdos|Pressure
|
|
|switch|p1a: Kyurem-Black|Kyurem-Black|299\/424
|-damage|p1a: Kyurem-Black|193\/424|[from] Stealth Rock
|-ability|p1a: Kyurem-Black|Teravolt
|turn|12
|
|switch|p2a: Chansey|Chansey, F, shiny|539\/679
|move|p1a: Kyurem-Black|Ice Beam|p2a: Chansey
|-damage|p2a: Chansey|413\/679
|-damage|p1a: Kyurem-Black|151\/424|[from] item: Life Orb
|
|turn|13
|
|switch|p1a: Breloom|Breloom, M|262\/262
|-damage|p1a: Breloom|246\/262|[from] Stealth Rock
|move|p2a: Chansey|Seismic Toss|p1a: Breloom
|-damage|p1a: Breloom|146\/262
|
|turn|14
|
|switch|p2a: Rotom-Wash|Rotom-Wash, shiny|151\/304
|move|p1a: Breloom|Swords Dance|p1a: Breloom
|-boost|p1a: Breloom|atk|2
|
|turn|15
|
|move|p1a: Breloom|Spore|p2a: Rotom-Wash
|-status|p2a: Rotom-Wash|slp
|cant|p2a: Rotom-Wash|slp
|
|turn|16
|
|move|p1a: Breloom|Swords Dance|p1a: Breloom
|-boost|p1a: Breloom|atk|2
|cant|p2a: Rotom-Wash|slp
|
|turn|17
|
|move|p1a: Breloom|Bullet Seed|p2a: Rotom-Wash
|-supereffective|p2a: Rotom-Wash
|-damage|p2a: Rotom-Wash|0 fnt
|-hitcount|p2a: Rotom-Wash|1
|-damage|p1a: Breloom|120\/262|[from] item: Life Orb
|faint|p2a: Rotom-Wash
|
|
|switch|p2a: Victini|Victini|355\/355
|turn|18
|
|move|p1a: Breloom|Mach Punch|p2a: Victini
|-resisted|p2a: Victini
|-damage|p2a: Victini|133\/355
|-damage|p1a: Breloom|94\/262|[from] item: Life Orb
|move|p2a: Victini|U-turn|p1a: Breloom
|-damage|p1a: Breloom|0 fnt
|faint|p1a: Breloom
|
|switch|p2a: Chansey|Chansey, F, shiny|413\/679
|
|
|switch|p1a: Madara|Bisharp, M|205\/289
|-damage|p1a: Madara|187\/289|[from] Stealth Rock
|turn|19
|
|switch|p2a: Zapdos|Zapdos|384\/384
|-ability|p2a: Zapdos|Pressure
|move|p1a: Madara|Knock Off|p2a: Zapdos
|-damage|p2a: Zapdos|168\/384
|-enditem|p2a: Zapdos|Leftovers|[from] move: Knock Off|[of] p1a: Madara
|-damage|p1a: Madara|159\/289|[from] item: Life Orb
|
|turn|20
|
|move|p2a: Zapdos|Roost|p2a: Zapdos
|-heal|p2a: Zapdos|360\/384
|move|p1a: Madara|Knock Off|p2a: Zapdos
|-damage|p2a: Zapdos|208\/384
|-damage|p1a: Madara|131\/289|[from] item: Life Orb
|
|turn|21
|
|switch|p1a: Kyurem-Black|Kyurem-Black|151\/424
|-damage|p1a: Kyurem-Black|45\/424|[from] Stealth Rock
|-ability|p1a: Kyurem-Black|Teravolt
|move|p2a: Zapdos|Discharge|p1a: Kyurem-Black
|-resisted|p1a: Kyurem-Black
|-damage|p1a: Kyurem-Black|0 fnt
|faint|p1a: Kyurem-Black
|
|-message|subzeromk forfeited.
|
|win|Where Dey At Doe
|raw|Ladder updating...
|leave|subzeromk
|player|p1
|raw|subzeromk's rating: 1729 &rarr; <strong>1701<\/strong><br \/>(-28 for losing)
|raw|Where Dey At Doe's rating: 1578 &rarr; <strong>1606<\/strong><br \/>(+28 for winning)