|join|subzeromk
|join|Reverb
|player|p1|subzeromk|20
|player|p2|Reverb|#reverb
|gametype|singles
|gen|6
|tier|OU
|rated
|clearpoke
|poke|p1|Sylveon, F
|poke|p1|Garchomp, F
|poke|p1|Heracross, M
|poke|p1|Breloom, M
|poke|p1|Bisharp, M
|poke|p1|Kyurem-Black
|poke|p2|Empoleon, M
|poke|p2|Tyranitar, M
|poke|p2|Charizard, M
|poke|p2|Keldeo
|poke|p2|Kyurem-Black
|poke|p2|Landorus-Therian, M
|rule|Swagger Clause: Swagger is banned
|rule|Baton Pass Clause: Limit one PokÃ©mon knowing Baton Pass
|rule|Sleep Clause Mod: Limit one foe put to sleep
|rule|Species Clause: Limit one of each PokÃ©mon
|rule|OHKO Clause: OHKO moves are banned
|rule|Moody Clause: Moody is banned
|rule|Evasion Moves Clause: Evasion moves are banned
|rule|Endless Battle Clause: Forcing endless battles is banned
|rule|HP Percentage Mod: HP is shown in percentages
|teampreview
|c|âsubzeromk|hi
|c|âReverb|hf
|join|Marshmallon
|join|Jeddek
|
|start
|switch|p1a: Garchomp|Garchomp, F|419\/419
|switch|p2a: Keldeo|Keldeo|323\/323
|turn|1
|
|move|p2a: Keldeo|Hydro Pump|p1a: Garchomp
|-damage|p1a: Garchomp|56\/419
|move|p1a: Garchomp|Stealth Rock|p2a: Keldeo
|-sidestart|p2: Reverb|move: Stealth Rock
|
|turn|2
|
|move|p2a: Keldeo|Hydro Pump|p1a: Garchomp
|-damage|p1a: Garchomp|0 fnt
|faint|p1a: Garchomp
|
|
|switch|p1a: Breloom|Breloom, M|262\/262
|turn|3
|
|switch|p2a: Tyranitar|Tyranitar, M|383\/383
|-damage|p2a: Tyranitar|336\/383|[from] Stealth Rock
|-weather|Sandstorm
|move|p1a: Breloom|Spore|p2a: Tyranitar
|-status|p2a: Tyranitar|slp
|
|-weather|Sandstorm|[upkeep]
|-damage|p1a: Breloom|246\/262|[from] sandstorm
|turn|4
|
|switch|p2a: Landorus-Therian|Landorus-Therian, M|327\/327
|-damage|p2a: Landorus-Therian|287\/327|[from] Stealth Rock
|-ability|p2a: Landorus-Therian|Intimidate|[of] p1a: Breloom
|-unboost|p1a: Breloom|atk|1
|move|p1a: Breloom|Bullet Seed|p2a: Landorus-Therian
|-damage|p2a: Landorus-Therian|225\/327
|-damage|p2a: Landorus-Therian|161\/327
|-hitcount|p2a: Landorus-Therian|2
|-damage|p1a: Breloom|220\/262|[from] item: Life Orb
|
|-weather|Sandstorm|[upkeep]
|-damage|p1a: Breloom|204\/262|[from] sandstorm
|turn|5
|
|switch|p1a: Kyurem-Black|Kyurem-Black|424\/424
|-ability|p1a: Kyurem-Black|Teravolt
|move|p2a: Landorus-Therian|U-turn|p1a: Kyurem-Black
|-damage|p1a: Kyurem-Black|332\/424
|
|switch|p2a: Empoleon|Empoleon, M|372\/372
|-damage|p2a: Empoleon|349\/372|[from] Stealth Rock
|
|-weather|Sandstorm|[upkeep]
|-damage|p1a: Kyurem-Black|306\/424|[from] sandstorm
|-heal|p2a: Empoleon|372\/372|[from] item: Leftovers
|turn|6
|
|move|p1a: Kyurem-Black|Fusion Bolt|p2a: Empoleon
|-supereffective|p2a: Empoleon
|-damage|p2a: Empoleon|120\/372
|-damage|p1a: Kyurem-Black|264\/424|[from] item: Life Orb
|move|p2a: Empoleon|Stealth Rock|p1a: Kyurem-Black
|-sidestart|p1: subzeromk|move: Stealth Rock
|
|-weather|Sandstorm|[upkeep]
|-damage|p1a: Kyurem-Black|238\/424|[from] sandstorm
|-heal|p2a: Empoleon|143\/372|[from] item: Leftovers
|turn|7
|
|move|p1a: Kyurem-Black|Earth Power|p2a: Empoleon
|-supereffective|p2a: Empoleon
|-damage|p2a: Empoleon|0 fnt
|-damage|p1a: Kyurem-Black|196\/424|[from] item: Life Orb
|faint|p2a: Empoleon
|
|-weather|none
|
|switch|p2a: Keldeo|Keldeo|323\/323
|-damage|p2a: Keldeo|303\/323|[from] Stealth Rock
|turn|8
|
|move|p2a: Keldeo|Secret Sword|p1a: Kyurem-Black
|-supereffective|p1a: Kyurem-Black
|-damage|p1a: Kyurem-Black|0 fnt
|faint|p1a: Kyurem-Black
|
|
|switch|p1a: Heracross|Heracross, M|310\/310
|-damage|p1a: Heracross|272\/310|[from] Stealth Rock
|turn|9
|
|switch|p2a: Tyranitar|Tyranitar, M|336\/383 slp
|-damage|p2a: Tyranitar|289\/383 slp|[from] Stealth Rock
|-weather|Sandstorm
|detailschange|p1a: Heracross|Heracross-Mega, M
|message|Heracross has Mega Evolved into Mega Heracross!
|move|p1a: Heracross|Bullet Seed|p2a: Tyranitar
|-crit|p2a: Tyranitar
|-supereffective|p2a: Tyranitar
|-damage|p2a: Tyranitar|175\/383 slp
|-supereffective|p2a: Tyranitar
|-damage|p2a: Tyranitar|99\/383 slp
|-supereffective|p2a: Tyranitar
|-damage|p2a: Tyranitar|19\/383 slp
|-supereffective|p2a: Tyranitar
|-damage|p2a: Tyranitar|0 fnt
|-hitcount|p2a: Tyranitar|4
|faint|p2a: Tyranitar
|
|-weather|Sandstorm|[upkeep]
|-damage|p1a: Heracross|253\/310|[from] sandstorm
|
|switch|p2a: Charizard|Charizard, M|297\/297
|-damage|p2a: Charizard|149\/297|[from] Stealth Rock
|turn|10
|
|detailschange|p2a: Charizard|Charizard-Mega-Y, M
|message|Charizard has Mega Evolved into Mega Charizard!
|-weather|SunnyDay
|move|p2a: Charizard|Flamethrower|p1a: Heracross
|-supereffective|p1a: Heracross
|-damage|p1a: Heracross|0 fnt
|faint|p1a: Heracross
|
|-weather|SunnyDay|[upkeep]
|
|switch|p1a: Sylveon|Sylveon, F|393\/393
|-damage|p1a: Sylveon|344\/393|[from] Stealth Rock
|turn|11
|
|move|p2a: Charizard|Flamethrower|p1a: Sylveon
|-damage|p1a: Sylveon|113\/393
|move|p1a: Sylveon|Hyper Voice|p2a: Charizard
|-resisted|p2a: Charizard
|-damage|p2a: Charizard|3\/297
|
|-weather|SunnyDay|[upkeep]
|turn|12
|
|move|p2a: Charizard|Flamethrower|p1a: Sylveon
|-damage|p1a: Sylveon|0 fnt
|faint|p1a: Sylveon
|
|-weather|SunnyDay|[upkeep]
|
|switch|p1a: Breloom|Breloom, M|204\/262
|-damage|p1a: Breloom|188\/262|[from] Stealth Rock
|turn|13
|
|move|p1a: Breloom|Mach Punch|p2a: Charizard
|-resisted|p2a: Charizard
|-damage|p2a: Charizard|0 fnt
|-damage|p1a: Breloom|162\/262|[from] item: Life Orb
|faint|p2a: Charizard
|
|-weather|SunnyDay|[upkeep]
|
|switch|p2a: Landorus-Therian|Landorus-Therian, M|161\/327
|-damage|p2a: Landorus-Therian|121\/327|[from] Stealth Rock
|-ability|p2a: Landorus-Therian|Intimidate|[of] p1a: Breloom
|-unboost|p1a: Breloom|atk|1
|turn|14
|
|move|p2a: Landorus-Therian|Explosion|p1a: Breloom
|-damage|p1a: Breloom|0 fnt
|faint|p2a: Landorus-Therian
|faint|p1a: Breloom
|
|-weather|none
|c|âsubzeromk|gg
|c|âReverb|gg
|-message|subzeromk forfeited.
|
|win|Reverb
|raw|Ladder updating...
|leave|subzeromk
|player|p1
|raw|subzeromk's rating: 1726 &rarr; <strong>1711<\/strong><br \/>(-15 for losing)
|raw|Reverb's rating: 1816 &rarr; <strong>1831<\/strong><br \/>(+15 for winning)