|join|subzeromk
|join|Browneskiii
|player|p1|subzeromk|20
|player|p2|Browneskiii|2
|gametype|singles
|gen|6
|tier|OU
|rated
|clearpoke
|poke|p1|Sylveon, F
|poke|p1|Garchomp, F
|poke|p1|Heracross, F
|poke|p1|Breloom, F
|poke|p1|Bisharp, M
|poke|p1|Kyurem-Black, shiny
|poke|p2|Altaria, M
|poke|p2|Heatran, M
|poke|p2|Breloom, M
|poke|p2|Gengar, M
|poke|p2|Gyarados, F
|poke|p2|Keldeo
|rule|Swagger Clause: Swagger is banned
|rule|Baton Pass Clause: Limit one PokÃ©mon knowing Baton Pass
|rule|Sleep Clause Mod: Limit one foe put to sleep
|rule|Species Clause: Limit one of each PokÃ©mon
|rule|OHKO Clause: OHKO moves are banned
|rule|Moody Clause: Moody is banned
|rule|Evasion Moves Clause: Evasion moves are banned
|rule|Endless Battle Clause: Forcing endless battles is banned
|rule|HP Percentage Mod: HP is shown in percentages
|teampreview
|
|start
|switch|p1a: Kyurem-Black|Kyurem-Black, shiny|425\/425
|switch|p2a: Breloom|Breloom, M|262\/262
|-ability|p1a: Kyurem-Black|Teravolt
|turn|1
|
|move|p2a: Breloom|Mach Punch|p1a: Kyurem-Black
|-supereffective|p1a: Kyurem-Black
|-damage|p1a: Kyurem-Black|87\/425
|move|p1a: Kyurem-Black|Ice Beam|p2a: Breloom
|-supereffective|p2a: Breloom
|-damage|p2a: Breloom|0 fnt
|-damage|p1a: Kyurem-Black|45\/425|[from] item: Life Orb
|faint|p2a: Breloom
|
|
|switch|p2a: Keldeo|Keldeo|323\/323
|turn|2
|
|switch|p1a: Sylveon|Sylveon, F|393\/393
|move|p2a: Keldeo|Surf|p1a: Sylveon
|-damage|p1a: Sylveon|273\/393
|
|turn|3
|
|switch|p2a: Heatran|Heatran, M|323\/323
|move|p1a: Sylveon|Hidden Power|p2a: Heatran
|-supereffective|p2a: Heatran
|-damage|p2a: Heatran|0 fnt
|faint|p2a: Heatran
|
|
|switch|p2a: Altaria|Altaria, M|291\/291
|turn|4
|
|switch|p1a: Kyurem-Black|Kyurem-Black, shiny|45\/425
|-ability|p1a: Kyurem-Black|Teravolt
|move|p2a: Altaria|Dragon Dance|p2a: Altaria
|-boost|p2a: Altaria|atk|1
|-boost|p2a: Altaria|spe|1
|
|turn|5
|
|detailschange|p2a: Altaria|Altaria-Mega, M
|message|Altaria has Mega Evolved into Mega Altaria!
|move|p2a: Altaria|Return|p1a: Kyurem-Black
|-supereffective|p1a: Kyurem-Black
|-damage|p1a: Kyurem-Black|0 fnt
|faint|p1a: Kyurem-Black
|
|
|switch|p1a: Garchomp|Garchomp, F|419\/419
|turn|6
|
|move|p2a: Altaria|Return|p1a: Garchomp
|-supereffective|p1a: Garchomp
|-damage|p1a: Garchomp|0 fnt
|-damage|p2a: Altaria|255\/291|[from] ability: Rough Skin|[of] p1a: Garchomp
|-damage|p2a: Altaria|207\/291|[from] item: Rocky Helmet|[of] p1a: Garchomp
|faint|p1a: Garchomp
|
|
|switch|p1a: Sylveon|Sylveon, F|273\/393
|turn|7
|c|âBrowneskiii|barring weird scarfers, gg :P
|
|move|p2a: Altaria|Return|p1a: Sylveon
|-damage|p1a: Sylveon|0 fnt
|faint|p1a: Sylveon
|
|-message|subzeromk forfeited.
|
|win|Browneskiii
|raw|Ladder updating...
|leave|subzeromk
|player|p1
|raw|subzeromk's rating: 1745 &rarr; <strong>1713<\/strong><br \/>(-32 for losing)
|raw|Browneskiii's rating: 1503 &rarr; <strong>1535<\/strong><br \/>(+32 for winning)