|join|subzeromk
|join|TRICKING
|player|p1|subzeromk|20
|player|p2|TRICKING|1
|gametype|singles
|gen|6
|tier|OU
|rated
|clearpoke
|poke|p1|Sylveon, F
|poke|p1|Garchomp, F
|poke|p1|Heracross, M
|poke|p1|Breloom, F
|poke|p1|Bisharp, M
|poke|p1|Kyurem-Black, shiny
|poke|p2|Jirachi
|poke|p2|Ferrothorn, F
|poke|p2|Landorus-Therian, M
|poke|p2|Keldeo
|poke|p2|Latios, M
|poke|p2|Clefable, M
|rule|Swagger Clause: Swagger is banned
|rule|Baton Pass Clause: Limit one PokÃ©mon knowing Baton Pass
|rule|Sleep Clause Mod: Limit one foe put to sleep
|rule|Species Clause: Limit one of each PokÃ©mon
|rule|OHKO Clause: OHKO moves are banned
|rule|Moody Clause: Moody is banned
|rule|Evasion Moves Clause: Evasion moves are banned
|rule|Endless Battle Clause: Forcing endless battles is banned
|rule|HP Percentage Mod: HP is shown in percentages
|teampreview
|
|start
|switch|p1a: Kyurem-Black|Kyurem-Black, shiny|392\/392
|switch|p2a: Landorus-Therian|Landorus-Therian, M|382\/382
|-ability|p1a: Kyurem-Black|Teravolt
|-ability|p2a: Landorus-Therian|Intimidate|[of] p1a: Kyurem-Black
|-unboost|p1a: Kyurem-Black|atk|1
|turn|1
|
|switch|p2a: Jirachi|Jirachi|404\/404
|move|p1a: Kyurem-Black|Ice Beam|p2a: Jirachi
|-resisted|p2a: Jirachi
|-damage|p2a: Jirachi|322\/404
|-status|p2a: Jirachi|frz
|-damage|p1a: Kyurem-Black|353\/392|[from] item: Life Orb
|
|-heal|p2a: Jirachi|347\/404 frz|[from] item: Leftovers
|turn|2
|
|move|p1a: Kyurem-Black|Earth Power|p2a: Jirachi
|-supereffective|p2a: Jirachi
|-damage|p2a: Jirachi|139\/404 frz
|-damage|p1a: Kyurem-Black|314\/392|[from] item: Life Orb
|cant|p2a: Jirachi|frz
|
|-heal|p2a: Jirachi|164\/404 frz|[from] item: Leftovers
|turn|3
|
|switch|p2a: Latios|Latios, M|301\/301
|move|p1a: Kyurem-Black|Earth Power|p2a: Latios
|-damage|p2a: Latios|168\/301
|-damage|p1a: Kyurem-Black|275\/392|[from] item: Life Orb
|
|turn|4
|
|switch|p1a: Sylveon|Sylveon, F|393\/393
|move|p2a: Latios|Psyshock|p1a: Sylveon
|-crit|p1a: Sylveon
|-damage|p1a: Sylveon|0 fnt
|-damage|p2a: Latios|138\/301|[from] item: Life Orb
|faint|p1a: Sylveon
|
|
|switch|p1a: Madara|Bisharp, M|272\/272
|turn|5
|
|switch|p1a: Garchomp|Garchomp, F|419\/419
|move|p2a: Latios|Earthquake|p1a: Garchomp
|-damage|p1a: Garchomp|346\/419
|-damage|p2a: Latios|108\/301|[from] item: Life Orb
|
|turn|6
|
|move|p2a: Latios|Draco Meteor|p1a: Garchomp
|-supereffective|p1a: Garchomp
|-damage|p1a: Garchomp|0 fnt
|-unboost|p2a: Latios|spa|2
|-damage|p2a: Latios|78\/301|[from] item: Life Orb
|faint|p1a: Garchomp
|
|
|switch|p1a: Madara|Bisharp, M|272\/272
|turn|7
|
|move|p1a: Madara|Sucker Punch|p2a: Latios
|-supereffective|p2a: Latios
|-damage|p2a: Latios|0 fnt
|-damage|p1a: Madara|245\/272|[from] item: Life Orb
|faint|p2a: Latios
|
|
|switch|p2a: Keldeo|Keldeo|323\/323
|turn|8
|
|switch|p1a: Heracross|Heracross, M|309\/309
|move|p2a: Keldeo|Substitute|p2a: Keldeo
|-start|p2a: Keldeo|Substitute
|-damage|p2a: Keldeo|243\/323
|
|turn|9
|
|switch|p2a: Jirachi|Jirachi|164\/404 frz
|detailschange|p1a: Heracross|Heracross-Mega, M
|message|Heracross has Mega Evolved into Mega Heracross!
|move|p1a: Heracross|Bullet Seed|p2a: Jirachi
|-resisted|p2a: Jirachi
|-damage|p2a: Jirachi|143\/404 frz
|-resisted|p2a: Jirachi
|-damage|p2a: Jirachi|124\/404 frz
|-resisted|p2a: Jirachi
|-damage|p2a: Jirachi|103\/404 frz
|-resisted|p2a: Jirachi
|-damage|p2a: Jirachi|80\/404 frz
|-crit|p2a: Jirachi
|-resisted|p2a: Jirachi
|-damage|p2a: Jirachi|48\/404 frz
|-hitcount|p2a: Jirachi|5
|
|-heal|p2a: Jirachi|73\/404 frz|[from] item: Leftovers
|turn|10
|
|move|p1a: Heracross|Substitute|p1a: Heracross
|-start|p1a: Heracross|Substitute
|-damage|p1a: Heracross|232\/309
|cant|p2a: Jirachi|frz
|
|-heal|p2a: Jirachi|98\/404 frz|[from] item: Leftovers
|turn|11
|
|move|p1a: Heracross|Bullet Seed|p2a: Jirachi
|-resisted|p2a: Jirachi
|-damage|p2a: Jirachi|78\/404 frz
|-resisted|p2a: Jirachi
|-damage|p2a: Jirachi|57\/404 frz
|-resisted|p2a: Jirachi
|-damage|p2a: Jirachi|37\/404 frz
|-resisted|p2a: Jirachi
|-damage|p2a: Jirachi|17\/404 frz
|-resisted|p2a: Jirachi
|-damage|p2a: Jirachi|0 fnt
|-hitcount|p2a: Jirachi|5
|faint|p2a: Jirachi
|
|
|switch|p2a: Clefable|Clefable, M|394\/394
|turn|12
|
|move|p1a: Heracross|Bullet Seed|p2a: Clefable
|-damage|p2a: Clefable|355\/394
|-damage|p2a: Clefable|314\/394
|-damage|p2a: Clefable|274\/394
|-damage|p2a: Clefable|234\/394
|-damage|p2a: Clefable|193\/394
|-hitcount|p2a: Clefable|5
|move|p2a: Clefable|Moonblast|p1a: Heracross
|-supereffective|p1a: Heracross
|-end|p1a: Heracross|Substitute
|
|-heal|p2a: Clefable|217\/394|[from] item: Leftovers
|turn|13
|
|move|p1a: Heracross|Bullet Seed|p2a: Clefable
|-damage|p2a: Clefable|177\/394
|-damage|p2a: Clefable|137\/394
|-damage|p2a: Clefable|98\/394
|-damage|p2a: Clefable|57\/394
|-damage|p2a: Clefable|17\/394
|-hitcount|p2a: Clefable|5
|move|p2a: Clefable|Soft-Boiled|p2a: Clefable
|-heal|p2a: Clefable|214\/394
|
|-heal|p2a: Clefable|238\/394|[from] item: Leftovers
|turn|14
|
|move|p1a: Heracross|Bullet Seed|p2a: Clefable
|-damage|p2a: Clefable|196\/394
|-damage|p2a: Clefable|153\/394
|-damage|p2a: Clefable|112\/394
|-damage|p2a: Clefable|71\/394
|-crit|p2a: Clefable
|-damage|p2a: Clefable|7\/394
|-hitcount|p2a: Clefable|5
|move|p2a: Clefable|Moonblast|p1a: Heracross
|-supereffective|p1a: Heracross
|-damage|p1a: Heracross|26\/309
|
|-heal|p2a: Clefable|31\/394|[from] item: Leftovers
|turn|15
|
|move|p1a: Heracross|Bullet Seed|p2a: Clefable
|-damage|p2a: Clefable|0 fnt
|-hitcount|p2a: Clefable|1
|faint|p2a: Clefable
|
|
|switch|p2a: Keldeo|Keldeo|243\/323
|turn|16
|
|move|p2a: Keldeo|Secret Sword|p1a: Heracross
|-resisted|p1a: Heracross
|-damage|p1a: Heracross|0 fnt
|faint|p1a: Heracross
|
|
|switch|p1a: Breloom|Breloom, F|262\/262
|turn|17
|
|switch|p2a: Ferrothorn|Ferrothorn, F|352\/352
|move|p1a: Breloom|Bullet Seed|p2a: Ferrothorn
|-resisted|p2a: Ferrothorn
|-damage|p2a: Ferrothorn|336\/352
|-resisted|p2a: Ferrothorn
|-damage|p2a: Ferrothorn|320\/352
|-hitcount|p2a: Ferrothorn|2
|-damage|p1a: Breloom|236\/262|[from] item: Life Orb
|
|-heal|p2a: Ferrothorn|342\/352|[from] item: Leftovers
|turn|18
|
|switch|p1a: Kyurem-Black|Kyurem-Black, shiny|275\/392
|-ability|p1a: Kyurem-Black|Teravolt
|move|p2a: Ferrothorn|Gyro Ball|p1a: Kyurem-Black
|-supereffective|p1a: Kyurem-Black
|-damage|p1a: Kyurem-Black|0 fnt
|faint|p1a: Kyurem-Black
|
|-heal|p2a: Ferrothorn|352\/352|[from] item: Leftovers
|
|switch|p1a: Madara|Bisharp, M|245\/272
|turn|19
|
|move|p1a: Madara|Swords Dance|p1a: Madara
|-boost|p1a: Madara|atk|2
|move|p2a: Ferrothorn|Leech Seed|p1a: Madara
|-start|p1a: Madara|move: Leech Seed
|
|-damage|p1a: Madara|211\/272|[from] Leech Seed|[of] p2a: Ferrothorn
|turn|20
|
|move|p1a: Madara|Knock Off|p2a: Ferrothorn
|-damage|p2a: Ferrothorn|58\/352
|-damage|p1a: Madara|177\/272|[from] ability: Iron Barbs|[of] p2a: Ferrothorn
|-enditem|p2a: Ferrothorn|Leftovers|[from] move: Knock Off|[of] p1a: Madara
|-damage|p1a: Madara|150\/272|[from] item: Life Orb
|move|p2a: Ferrothorn|Gyro Ball|p1a: Madara
|-resisted|p1a: Madara
|-damage|p1a: Madara|72\/272
|
|-damage|p1a: Madara|38\/272|[from] Leech Seed|[of] p2a: Ferrothorn
|-heal|p2a: Ferrothorn|92\/352|[silent]
|turn|21
|
|move|p2a: Ferrothorn|Protect|p2a: Ferrothorn
|-singleturn|p2a: Ferrothorn|Protect
|move|p1a: Madara|Knock Off|p2a: Ferrothorn
|-activate|p2a: Ferrothorn|Protect
|
|-damage|p1a: Madara|4\/272|[from] Leech Seed|[of] p2a: Ferrothorn
|-heal|p2a: Ferrothorn|126\/352|[silent]
|turn|22
|
|switch|p2a: Landorus-Therian|Landorus-Therian, M|382\/382
|-ability|p2a: Landorus-Therian|Intimidate|[of] p1a: Madara
|-unboost|p1a: Madara|atk|1
|-boost|p1a: Madara|atk|2|[from] ability: Defiant
|move|p1a: Madara|Knock Off|p2a: Landorus-Therian
|-damage|p2a: Landorus-Therian|0 fnt
|-enditem|p2a: Landorus-Therian|Leftovers|[from] move: Knock Off|[of] p1a: Madara
|-damage|p1a: Madara|0 fnt|[from] item: Life Orb
|faint|p2a: Landorus-Therian
|faint|p1a: Madara
|
|
|switch|p2a: Keldeo|Keldeo|243\/323
|switch|p1a: Breloom|Breloom, F|236\/262
|turn|23
|c|âTRICKING|gg
|
|move|p2a: Keldeo|Secret Sword|p1a: Breloom
|-damage|p1a: Breloom|0 fnt
|faint|p1a: Breloom
|
|win|TRICKING
|raw|Ladder updating...
|raw|subzeromk's rating: 1777 &rarr; <strong>1743<\/strong><br \/>(-34 for losing)
|raw|TRICKING's rating: 1494 &rarr; <strong>1527<\/strong><br \/>(+33 for winning)
|leave|subzeromk
|player|p1