|join|lil manaphy
|join|subzeromk
|player|p1|lil manaphy|8
|player|p2|subzeromk|20
|gametype|singles
|gen|6
|tier|OU
|rated
|clearpoke
|poke|p1|Lopunny, M
|poke|p1|Rotom-Wash
|poke|p1|Gothitelle, M
|poke|p1|Mandibuzz, F
|poke|p1|Heatran, M
|poke|p1|Celebi
|poke|p2|Heracross, F
|poke|p2|Garchomp, F
|poke|p2|Sylveon, F
|poke|p2|Breloom, M
|poke|p2|Bisharp, M
|poke|p2|Heatran, F
|rule|Swagger Clause: Swagger is banned
|rule|Baton Pass Clause: Limit one PokÃ©mon knowing Baton Pass
|rule|Sleep Clause Mod: Limit one foe put to sleep
|rule|Species Clause: Limit one of each PokÃ©mon
|rule|OHKO Clause: OHKO moves are banned
|rule|Moody Clause: Moody is banned
|rule|Evasion Moves Clause: Evasion moves are banned
|rule|Endless Battle Clause: Forcing endless battles is banned
|rule|HP Percentage Mod: HP is shown in percentages
|teampreview
|
|start
|switch|p1a: Heatran|Heatran, M|386\/386
|switch|p2a: Breloom|Breloom, M|262\/262
|turn|1
|
|switch|p1a: Celebi|Celebi|404\/404
|move|p2a: Breloom|Spore|p1a: Celebi
|-fail|p1a: Celebi
|
|turn|2
|
|switch|p2a: Garchomp|Garchomp, F|420\/420
|move|p1a: Celebi|Baton Pass|p1a: Celebi
|
|switch|p1a: Mandibuzz|Mandibuzz, F|424\/424
|
|turn|3
|
|move|p2a: Garchomp|Stealth Rock|p1a: Mandibuzz
|-sidestart|p1: lil manaphy|move: Stealth Rock
|move|p1a: Mandibuzz|Foul Play|p2a: Garchomp
|-crit|p2a: Garchomp
|-damage|p2a: Garchomp|273\/420
|-damage|p1a: Mandibuzz|371\/424|[from] ability: Rough Skin|[of] p2a: Garchomp
|-damage|p1a: Mandibuzz|301\/424|[from] item: Rocky Helmet|[of] p2a: Garchomp
|
|-heal|p1a: Mandibuzz|327\/424|[from] item: Leftovers
|turn|4
|
|switch|p2a: Sylveon|Sylveon, F|390\/390
|move|p1a: Mandibuzz|Defog|p2a: Sylveon
|-unboost|p2a: Sylveon|evasion|1
|-sideend|p1: lil manaphy|Stealth Rock|[from] move: Defog|[of] p1a: Mandibuzz
|
|-heal|p1a: Mandibuzz|353\/424|[from] item: Leftovers
|turn|5
|
|switch|p1a: Celebi|Celebi|404\/404
|switch|p2a: Garchomp|Garchomp, F|273\/420
|
|turn|6
|
|switch|p1a: Mandibuzz|Mandibuzz, F|353\/424
|move|p2a: Garchomp|Stealth Rock|p1a: Mandibuzz
|-sidestart|p1: lil manaphy|move: Stealth Rock
|
|-heal|p1a: Mandibuzz|379\/424|[from] item: Leftovers
|turn|7
|
|switch|p2a: Sylveon|Sylveon, F|390\/390
|move|p1a: Mandibuzz|Defog|p2a: Sylveon
|-unboost|p2a: Sylveon|evasion|1
|-sideend|p1: lil manaphy|Stealth Rock|[from] move: Defog|[of] p1a: Mandibuzz
|
|-heal|p1a: Mandibuzz|405\/424|[from] item: Leftovers
|turn|8
|
|switch|p1a: Celebi|Celebi|404\/404
|switch|p2a: Garchomp|Garchomp, F|273\/420
|
|turn|9
|
|switch|p1a: Mandibuzz|Mandibuzz, F|405\/424
|move|p2a: Garchomp|Stealth Rock|p1a: Mandibuzz
|-sidestart|p1: lil manaphy|move: Stealth Rock
|
|-heal|p1a: Mandibuzz|424\/424|[from] item: Leftovers
|turn|10
|
|move|p2a: Garchomp|Hidden Power|p1a: Mandibuzz
|-supereffective|p1a: Mandibuzz
|-damage|p1a: Mandibuzz|336\/424
|move|p1a: Mandibuzz|Defog|p2a: Garchomp
|-unboost|p2a: Garchomp|evasion|1
|-sideend|p1: lil manaphy|Stealth Rock|[from] move: Defog|[of] p1a: Mandibuzz
|
|-heal|p1a: Mandibuzz|362\/424|[from] item: Leftovers
|turn|11
|
|move|p2a: Garchomp|Stealth Rock|p1a: Mandibuzz
|-sidestart|p1: lil manaphy|move: Stealth Rock
|move|p1a: Mandibuzz|Foul Play|p2a: Garchomp
|-damage|p2a: Garchomp|173\/420
|-damage|p1a: Mandibuzz|309\/424|[from] ability: Rough Skin|[of] p2a: Garchomp
|-damage|p1a: Mandibuzz|239\/424|[from] item: Rocky Helmet|[of] p2a: Garchomp
|
|-heal|p1a: Mandibuzz|265\/424|[from] item: Leftovers
|turn|12
|join|Omegasization
|
|switch|p2a: Sylveon|Sylveon, F|390\/390
|move|p1a: Mandibuzz|Defog|p2a: Sylveon
|-unboost|p2a: Sylveon|evasion|1
|-sideend|p1: lil manaphy|Stealth Rock|[from] move: Defog|[of] p1a: Mandibuzz
|
|-heal|p1a: Mandibuzz|291\/424|[from] item: Leftovers
|turn|13
|c| Omegasization|oi oi oi
|
|switch|p1a: Heatran|Heatran, M|386\/386
|move|p2a: Sylveon|Hyper Voice|p1a: Heatran
|-resisted|p1a: Heatran
|-damage|p1a: Heatran|334\/386
|
|-heal|p1a: Heatran|358\/386|[from] item: Leftovers
|turn|14
|
|switch|p2a: Garchomp|Garchomp, F|173\/420
|move|p1a: Heatran|Toxic|p2a: Garchomp
|-status|p2a: Garchomp|tox
|
|-heal|p1a: Heatran|382\/386|[from] item: Leftovers
|-damage|p2a: Garchomp|147\/420 tox|[from] psn
|turn|15
|c| Omegasization|a defensive sylveon
|
|switch|p1a: Mandibuzz|Mandibuzz, F|291\/424
|move|p2a: Garchomp|Stealth Rock|p1a: Mandibuzz
|-sidestart|p1: lil manaphy|move: Stealth Rock
|
|-heal|p1a: Mandibuzz|317\/424|[from] item: Leftovers
|-damage|p2a: Garchomp|95\/420 tox|[from] psn
|turn|16
|
|switch|p2a: Madara|Bisharp, M|272\/272
|move|p1a: Mandibuzz|Defog|p2a: Madara
|-unboost|p2a: Madara|evasion|1
|-boost|p2a: Madara|atk|2|[from] ability: Defiant
|-sideend|p1: lil manaphy|Stealth Rock|[from] move: Defog|[of] p1a: Mandibuzz
|
|-heal|p1a: Mandibuzz|343\/424|[from] item: Leftovers
|turn|17
|
|move|p2a: Madara|Iron Head|p1a: Mandibuzz
|-damage|p1a: Mandibuzz|73\/424
|-damage|p2a: Madara|245\/272|[from] item: Life Orb
|move|p1a: Mandibuzz|Foul Play|p2a: Madara
|-resisted|p2a: Madara
|-damage|p2a: Madara|64\/272
|
|-heal|p1a: Mandibuzz|99\/424|[from] item: Leftovers
|turn|18
|c| Omegasization|now thats something that i havent seen in a while
|
|move|p2a: Madara|Knock Off|p1a: Mandibuzz
|-resisted|p1a: Mandibuzz
|-damage|p1a: Mandibuzz|0 fnt
|-enditem|p1a: Mandibuzz|Leftovers|[from] move: Knock Off|[of] p2a: Madara
|-damage|p2a: Madara|37\/272|[from] item: Life Orb
|faint|p1a: Mandibuzz
|
|
|switch|p1a: Lopunny|Lopunny, M|271\/271
|turn|19
|
|detailschange|p1a: Lopunny|Lopunny-Mega, M
|message|Lopunny has Mega Evolved into Mega Lopunny!
|move|p1a: Lopunny|Fake Out|p2a: Madara
|-resisted|p2a: Madara
|-damage|p2a: Madara|0 fnt
|faint|p2a: Madara
|
|
|switch|p2a: Breloom|Breloom, M|262\/262
|turn|20
|
|switch|p1a: Celebi|Celebi|404\/404
|switch|p2a: Heracross|Heracross, F|301\/301
|
|turn|21
|
|detailschange|p2a: Heracross|Heracross-Mega, F
|message|Heracross has Mega Evolved into Mega Heracross!
|move|p2a: Heracross|Pin Missile|p1a: Celebi
|-supereffective|p1a: Celebi
|-damage|p1a: Celebi|164\/404
|-supereffective|p1a: Celebi
|-damage|p1a: Celebi|0 fnt
|-hitcount|p1a: Celebi|2
|faint|p1a: Celebi
|
|
|switch|p1a: Lopunny|Lopunny-Mega, M|271\/271
|turn|22
|
|move|p1a: Lopunny|Return|p2a: Heracross
|-damage|p2a: Heracross|127\/301
|move|p2a: Heracross|Close Combat|p1a: Lopunny
|-supereffective|p1a: Lopunny
|-damage|p1a: Lopunny|0 fnt
|-unboost|p2a: Heracross|def|1
|-unboost|p2a: Heracross|spd|1
|faint|p1a: Lopunny
|
|
|switch|p1a: Gothitelle|Gothitelle, M|301\/301
|turn|23
|
|move|p1a: Gothitelle|Psychic|p2a: Heracross
|-supereffective|p2a: Heracross
|-damage|p2a: Heracross|0 fnt
|faint|p2a: Heracross
|
|
|switch|p2a: Heatran|Heatran, F|323\/323
|-item|p2a: Heatran|Air Balloon
|turn|24
|
|switch|p1a: Rotom-Wash|Rotom-Wash|303\/303
|move|p2a: Heatran|Fire Blast|p1a: Rotom-Wash
|-resisted|p1a: Rotom-Wash
|-damage|p1a: Rotom-Wash|210\/303
|
|-heal|p1a: Rotom-Wash|228\/303|[from] item: Leftovers
|turn|25
|
|switch|p2a: Sylveon|Sylveon, F|390\/390
|move|p1a: Rotom-Wash|Volt Switch|p2a: Sylveon
|-damage|p2a: Sylveon|314\/390
|
|switch|p1a: Heatran|Heatran, M|382\/386
|
|-heal|p1a: Heatran|386\/386|[from] item: Leftovers
|turn|26
|
|move|p1a: Heatran|Stealth Rock|p2a: Sylveon
|-sidestart|p2: subzeromk|move: Stealth Rock
|move|p2a: Sylveon|Hyper Voice|p1a: Heatran
|-resisted|p1a: Heatran
|-damage|p1a: Heatran|338\/386
|
|-heal|p1a: Heatran|362\/386|[from] item: Leftovers
|turn|27
|
|switch|p1a: Rotom-Wash|Rotom-Wash|228\/303
|switch|p2a: Heatran|Heatran, F|323\/323
|-damage|p2a: Heatran|283\/323|[from] Stealth Rock
|-item|p2a: Heatran|Air Balloon
|
|-heal|p1a: Rotom-Wash|246\/303|[from] item: Leftovers
|turn|28
|
|move|p2a: Heatran|Fire Blast|p1a: Rotom-Wash
|-resisted|p1a: Rotom-Wash
|-damage|p1a: Rotom-Wash|160\/303
|move|p1a: Rotom-Wash|Hydro Pump|p2a: Heatran
|-supereffective|p2a: Heatran
|-damage|p2a: Heatran|17\/323
|-enditem|p2a: Heatran|Air Balloon
|
|-heal|p1a: Rotom-Wash|178\/303|[from] item: Leftovers
|turn|29
|
|move|p2a: Heatran|Fire Blast|p1a: Rotom-Wash
|-resisted|p1a: Rotom-Wash
|-damage|p1a: Rotom-Wash|88\/303
|move|p1a: Rotom-Wash|Volt Switch|p2a: Heatran
|-damage|p2a: Heatran|0 fnt
|faint|p2a: Heatran
|
|switch|p1a: Gothitelle|Gothitelle, M|301\/301
|
|
|switch|p2a: Sylveon|Sylveon, F|314\/390
|-damage|p2a: Sylveon|266\/390|[from] Stealth Rock
|turn|30
|
|switch|p1a: Heatran|Heatran, M|362\/386
|move|p2a: Sylveon|Hyper Voice|p1a: Heatran
|-resisted|p1a: Heatran
|-damage|p1a: Heatran|307\/386
|
|-heal|p1a: Heatran|331\/386|[from] item: Leftovers
|turn|31
|
|switch|p2a: Garchomp|Garchomp, F|95\/420 tox
|-damage|p2a: Garchomp|69\/420 tox|[from] Stealth Rock
|move|p1a: Heatran|Lava Plume|p2a: Garchomp
|-resisted|p2a: Garchomp
|-damage|p2a: Garchomp|0 fnt
|faint|p2a: Garchomp
|
|-heal|p1a: Heatran|355\/386|[from] item: Leftovers
|
|switch|p2a: Breloom|Breloom, M|262\/262
|-damage|p2a: Breloom|246\/262|[from] Stealth Rock
|turn|32
|
|switch|p1a: Rotom-Wash|Rotom-Wash|88\/303
|move|p2a: Breloom|Spore|p1a: Rotom-Wash
|-status|p1a: Rotom-Wash|slp
|
|-heal|p1a: Rotom-Wash|106\/303 slp|[from] item: Leftovers
|turn|33
|
|switch|p1a: Gothitelle|Gothitelle, M|301\/301
|move|p2a: Breloom|Swords Dance|p2a: Breloom
|-boost|p2a: Breloom|atk|2
|
|turn|34
|
|move|p2a: Breloom|Mach Punch|p1a: Gothitelle
|-resisted|p1a: Gothitelle
|-damage|p1a: Gothitelle|161\/301
|-damage|p2a: Breloom|220\/262|[from] item: Life Orb
|move|p1a: Gothitelle|Psychic|p2a: Breloom
|-supereffective|p2a: Breloom
|-damage|p2a: Breloom|0 fnt
|faint|p2a: Breloom
|
|-message|subzeromk forfeited.
|
|win|lil manaphy
|raw|Ladder updating...
|leave|subzeromk
|player|p2
|raw|lil manaphy's rating: 1701 &rarr; <strong>1721<\/strong><br \/>(+20 for winning)
|raw|subzeromk's rating: 1700 &rarr; <strong>1680<\/strong><br \/>(-20 for losing)