|join|MoB Barley
|join|subzeromk
|player|p1|MoB Barley|161
|player|p2|subzeromk|20
|gametype|singles
|gen|6
|tier|OU
|rated
|clearpoke
|poke|p1|Altaria, F
|poke|p1|Tentacruel, M
|poke|p1|Chesnaught, M, shiny
|poke|p1|Chansey, F
|poke|p1|Slowbro, M, shiny
|poke|p1|Heatran, M, shiny
|poke|p2|Sylveon, M
|poke|p2|Garchomp, M
|poke|p2|Heracross, F
|poke|p2|Breloom, F
|poke|p2|Bisharp, M
|poke|p2|Greninja, M
|rule|Swagger Clause: Swagger is banned
|rule|Baton Pass Clause: Limit one PokÃ©mon knowing Baton Pass
|rule|Sleep Clause Mod: Limit one foe put to sleep
|rule|Species Clause: Limit one of each PokÃ©mon
|rule|OHKO Clause: OHKO moves are banned
|rule|Moody Clause: Moody is banned
|rule|Evasion Moves Clause: Evasion moves are banned
|rule|Endless Battle Clause: Forcing endless battles is banned
|rule|HP Percentage Mod: HP is shown in percentages
|teampreview
|
|start
|switch|p1a: Altaria|Altaria, F|353\/353
|switch|p2a: Madara|Bisharp, M|289\/289
|turn|1
|
|switch|p2a: Heracross|Heracross, F|308\/308
|switch|p1a: Chesnaught|Chesnaught, M, shiny|380\/380
|
|turn|2
|
|detailschange|p2a: Heracross|Heracross-Mega, F
|message|Heracross has Mega Evolved into Mega Heracross!
|move|p2a: Heracross|Swords Dance|p2a: Heracross
|-boost|p2a: Heracross|atk|2
|move|p1a: Chesnaught|Leech Seed|p2a: Heracross
|-start|p2a: Heracross|move: Leech Seed
|
|-damage|p2a: Heracross|270\/308|[from] Leech Seed|[of] p1a: Chesnaught
|turn|3
|
|move|p2a: Heracross|Swords Dance|p2a: Heracross
|-boost|p2a: Heracross|atk|2
|move|p1a: Chesnaught|Drain Punch|p2a: Heracross
|-resisted|p2a: Heracross
|-damage|p2a: Heracross|225\/308
|
|-damage|p2a: Heracross|187\/308|[from] Leech Seed|[of] p1a: Chesnaught
|turn|4
|
|move|p2a: Heracross|Pin Missile|p1a: Chesnaught
|-damage|p1a: Chesnaught|248\/380
|-damage|p1a: Chesnaught|119\/380
|-damage|p1a: Chesnaught|0 fnt
|-hitcount|p1a: Chesnaught|3
|faint|p1a: Chesnaught
|
|
|switch|p1a: Altaria|Altaria, F|353\/353
|turn|5
|
|detailschange|p1a: Altaria|Altaria-Mega, F
|message|Altaria has Mega Evolved into Mega Altaria!
|move|p2a: Heracross|Pin Missile|p1a: Altaria
|-resisted|p1a: Altaria
|-damage|p1a: Altaria|276\/353
|-resisted|p1a: Altaria
|-damage|p1a: Altaria|198\/353
|-resisted|p1a: Altaria
|-damage|p1a: Altaria|126\/353
|-resisted|p1a: Altaria
|-damage|p1a: Altaria|48\/353
|-resisted|p1a: Altaria
|-damage|p1a: Altaria|0 fnt
|-hitcount|p1a: Altaria|5
|faint|p1a: Altaria
|
|c|âsubzeromk|gg
|c|âMoB Barley|good calc run bro
|c|âsubzeromk|lmao
|c|âsubzeromk|I had to.
|c|âMoB Barley|rly good play
|-message|MoB Barley forfeited.
|
|win|subzeromk
|raw|Ladder updating...
|leave|MoB Barley
|player|p1