|join|Albyness
|join|subzeromk
|player|p1|Albyness|101
|player|p2|subzeromk|20
|gametype|singles
|gen|6
|tier|OU
|rated
|clearpoke
|poke|p1|Lopunny, F, shiny
|poke|p1|Dragonite, M
|poke|p1|Manaphy
|poke|p1|Weavile, F
|poke|p1|Excadrill, M
|poke|p1|Thundurus, M
|poke|p2|Sylveon, F
|poke|p2|Garchomp, F
|poke|p2|Metagross
|poke|p2|Breloom, M
|poke|p2|Bisharp, M
|poke|p2|Kyurem-Black, shiny
|rule|Swagger Clause: Swagger is banned
|rule|Baton Pass Clause: Limit one PokÃ©mon knowing Baton Pass
|rule|Sleep Clause Mod: Limit one foe put to sleep
|rule|Species Clause: Limit one of each PokÃ©mon
|rule|OHKO Clause: OHKO moves are banned
|rule|Moody Clause: Moody is banned
|rule|Evasion Moves Clause: Evasion moves are banned
|rule|Endless Battle Clause: Forcing endless battles is banned
|rule|HP Percentage Mod: HP is shown in percentages
|teampreview
|
|start
|switch|p1a: Weavile|Weavile, F|281\/281
|switch|p2a: Metagross|Metagross|302\/302
|-ability|p1a: Weavile|Pressure
|turn|1
|
|switch|p1a: Manaphy|Manaphy|404\/404
|detailschange|p2a: Metagross|Metagross-Mega
|message|Metagross has Mega Evolved into Mega Metagross!
|move|p2a: Metagross|Meteor Mash|p1a: Manaphy
|-resisted|p1a: Manaphy
|-damage|p1a: Manaphy|305\/404
|
|-heal|p1a: Manaphy|330\/404|[from] item: Leftovers
|turn|2
|
|move|p2a: Metagross|Thunder Punch|p1a: Manaphy
|-supereffective|p1a: Manaphy
|-damage|p1a: Manaphy|112\/404
|move|p1a: Manaphy|Scald|p2a: Metagross
|-damage|p2a: Metagross|218\/302
|-status|p2a: Metagross|brn
|
|-heal|p1a: Manaphy|137\/404|[from] item: Leftovers
|-damage|p2a: Metagross|181\/302 brn|[from] brn
|turn|3
|
|switch|p2a: Kyurem-Black|Kyurem-Black, shiny|425\/425
|-ability|p2a: Kyurem-Black|Teravolt
|switch|p1a: Excadrill|Excadrill, M|361\/361
|-ability|p1a: Excadrill|Mold Breaker
|
|turn|4
|
|move|p1a: Excadrill|Stealth Rock|p2a: Kyurem-Black
|-sidestart|p2: subzeromk|move: Stealth Rock
|move|p2a: Kyurem-Black|Earth Power|p1a: Excadrill
|-supereffective|p1a: Excadrill
|-enditem|p1a: Excadrill|Focus Sash
|-damage|p1a: Excadrill|1\/361
|-damage|p2a: Kyurem-Black|383\/425|[from] item: Life Orb
|
|turn|5
|
|switch|p2a: Garchomp|Garchomp, F|419\/419
|-damage|p2a: Garchomp|393\/419|[from] Stealth Rock
|move|p1a: Excadrill|Earthquake|p2a: Garchomp
|-damage|p2a: Garchomp|240\/419
|
|turn|6
|
|move|p1a: Excadrill|Earthquake|p2a: Garchomp
|-damage|p2a: Garchomp|90\/419
|move|p2a: Garchomp|Stealth Rock|p1a: Excadrill
|-sidestart|p1: Albyness|move: Stealth Rock
|
|turn|7
|
|move|p1a: Excadrill|Earthquake|p2a: Garchomp
|-damage|p2a: Garchomp|0 fnt
|faint|p2a: Garchomp
|
|
|switch|p2a: Madara|Bisharp, M|272\/272
|-damage|p2a: Madara|255\/272|[from] Stealth Rock
|turn|8
|
|move|p2a: Madara|Sucker Punch|p1a: Excadrill
|-fail|p1a: Excadrill
|move|p1a: Excadrill|Stealth Rock|p2a: Madara
|-fail|p2a: Madara
|
|turn|9
|
|move|p2a: Madara|Sucker Punch|p1a: Excadrill
|-fail|p1a: Excadrill
|move|p1a: Excadrill|Stealth Rock|p2a: Madara
|-fail|p2a: Madara
|
|turn|10
|
|move|p2a: Madara|Sucker Punch|p1a: Excadrill
|-fail|p1a: Excadrill
|move|p1a: Excadrill|Stealth Rock|p2a: Madara
|-fail|p2a: Madara
|
|turn|11
|
|move|p2a: Madara|Sucker Punch|p1a: Excadrill
|-fail|p1a: Excadrill
|move|p1a: Excadrill|Stealth Rock|p2a: Madara
|-fail|p2a: Madara
|
|turn|12
|
|move|p2a: Madara|Sucker Punch|p1a: Excadrill
|-damage|p1a: Excadrill|0 fnt
|-damage|p2a: Madara|228\/272|[from] item: Life Orb
|faint|p1a: Excadrill
|
|
|switch|p1a: Lopunny|Lopunny, F, shiny|271\/271
|-damage|p1a: Lopunny|238\/271|[from] Stealth Rock
|turn|13
|
|switch|p2a: Metagross|Metagross-Mega|181\/302 brn
|-damage|p2a: Metagross|163\/302 brn|[from] Stealth Rock
|detailschange|p1a: Lopunny|Lopunny-Mega, F, shiny
|message|Lopunny has Mega Evolved into Mega Lopunny!
|move|p1a: Lopunny|High Jump Kick|p2a: Metagross
|-damage|p2a: Metagross|0 fnt
|faint|p2a: Metagross
|
|
|switch|p2a: Breloom|Breloom, M|262\/262
|-damage|p2a: Breloom|246\/262|[from] Stealth Rock
|turn|14
|
|switch|p1a: Manaphy|Manaphy|137\/404
|-damage|p1a: Manaphy|87\/404|[from] Stealth Rock
|move|p2a: Breloom|Spore|p1a: Manaphy
|-status|p1a: Manaphy|slp
|
|-heal|p1a: Manaphy|112\/404 slp|[from] item: Leftovers
|turn|15
|
|cant|p1a: Manaphy|slp
|move|p2a: Breloom|Bullet Seed|p1a: Manaphy
|-supereffective|p1a: Manaphy
|-damage|p1a: Manaphy|0 fnt
|-hitcount|p1a: Manaphy|1
|-damage|p2a: Breloom|220\/262|[from] item: Life Orb
|faint|p1a: Manaphy
|
|
|switch|p1a: Weavile|Weavile, F|281\/281
|-damage|p1a: Weavile|211\/281|[from] Stealth Rock
|-ability|p1a: Weavile|Pressure
|turn|16
|
|switch|p2a: Madara|Bisharp, M|228\/272
|-damage|p2a: Madara|211\/272|[from] Stealth Rock
|move|p1a: Weavile|Ice Shard|p2a: Madara
|-resisted|p2a: Madara
|-damage|p2a: Madara|163\/272
|-damage|p1a: Weavile|183\/281|[from] item: Life Orb
|
|turn|17
|
|move|p2a: Madara|Sucker Punch|p1a: Weavile
|-resisted|p1a: Weavile
|-damage|p1a: Weavile|47\/281
|-damage|p2a: Madara|136\/272|[from] item: Life Orb
|move|p1a: Weavile|Icicle Crash|p2a: Madara
|-resisted|p2a: Madara
|-damage|p2a: Madara|39\/272
|-damage|p1a: Weavile|19\/281|[from] item: Life Orb
|
|turn|18
|
|move|p2a: Madara|Sucker Punch|p1a: Weavile
|-resisted|p1a: Weavile
|-damage|p1a: Weavile|0 fnt
|-damage|p2a: Madara|12\/272|[from] item: Life Orb
|faint|p1a: Weavile
|
|
|switch|p1a: Lopunny|Lopunny-Mega, F, shiny|238\/271
|-damage|p1a: Lopunny|222\/271|[from] Stealth Rock
|turn|19
|
|move|p1a: Lopunny|Substitute|p1a: Lopunny
|-start|p1a: Lopunny|Substitute
|-damage|p1a: Lopunny|155\/271
|move|p2a: Madara|Knock Off|p1a: Lopunny
|-crit|p1a: Lopunny
|-resisted|p1a: Lopunny
|-end|p1a: Lopunny|Substitute
|-damage|p2a: Madara|0 fnt|[from] item: Life Orb
|faint|p2a: Madara
|
|
|switch|p2a: Sylveon|Sylveon, F|393\/393
|-damage|p2a: Sylveon|344\/393|[from] Stealth Rock
|turn|20
|
|move|p1a: Lopunny|Return|p2a: Sylveon
|-damage|p2a: Sylveon|58\/393
|move|p2a: Sylveon|Hyper Voice|p1a: Lopunny
|-supereffective|p1a: Lopunny
|-damage|p1a: Lopunny|0 fnt
|faint|p1a: Lopunny
|
|
|switch|p1a: Dragonite|Dragonite, M|361\/361
|-damage|p1a: Dragonite|271\/361|[from] Stealth Rock
|turn|21
|
|move|p1a: Dragonite|Extreme Speed|p2a: Sylveon
|-damage|p2a: Sylveon|0 fnt
|faint|p2a: Sylveon
|
|
|switch|p2a: Kyurem-Black|Kyurem-Black, shiny|383\/425
|-damage|p2a: Kyurem-Black|277\/425|[from] Stealth Rock
|-ability|p2a: Kyurem-Black|Teravolt
|turn|22
|
|move|p1a: Dragonite|Extreme Speed|p2a: Kyurem-Black
|-damage|p2a: Kyurem-Black|122\/425
|move|p2a: Kyurem-Black|Ice Beam|p1a: Dragonite
|-crit|p1a: Dragonite
|-supereffective|p1a: Dragonite
|-damage|p1a: Dragonite|0 fnt
|-damage|p2a: Kyurem-Black|80\/425|[from] item: Life Orb
|faint|p1a: Dragonite
|
|
|switch|p1a: Thundurus|Thundurus, M|299\/299
|-damage|p1a: Thundurus|225\/299|[from] Stealth Rock
|turn|23
|
|move|p1a: Thundurus|Knock Off|p2a: Kyurem-Black
|-damage|p2a: Kyurem-Black|0 fnt
|-enditem|p2a: Kyurem-Black|Life Orb|[from] move: Knock Off|[of] p1a: Thundurus
|-damage|p1a: Thundurus|196\/299|[from] item: Life Orb
|faint|p2a: Kyurem-Black
|
|
|switch|p2a: Breloom|Breloom, M|220\/262
|-damage|p2a: Breloom|204\/262|[from] Stealth Rock
|turn|24
|
|move|p2a: Breloom|Mach Punch|p1a: Thundurus
|-resisted|p1a: Thundurus
|-damage|p1a: Thundurus|110\/299
|-damage|p2a: Breloom|178\/262|[from] item: Life Orb
|move|p1a: Thundurus|Superpower|p2a: Breloom
|-damage|p2a: Breloom|0 fnt
|-unboost|p1a: Thundurus|atk|1
|-unboost|p1a: Thundurus|def|1
|-damage|p1a: Thundurus|81\/299|[from] item: Life Orb
|faint|p2a: Breloom
|
|win|Albyness
|raw|Ladder updating...
|raw|Albyness's rating: 1692 &rarr; <strong>1712<\/strong><br \/>(+20 for winning)
|raw|subzeromk's rating: 1689 &rarr; <strong>1669<\/strong><br \/>(-20 for losing)
|leave|subzeromk
|player|p2