|join|subzeromk
|join|Pashkuale
|player|p1|subzeromk|20
|player|p2|Pashkuale|214
|gametype|singles
|gen|6
|tier|OU
|rated
|clearpoke
|poke|p1|Heracross, F
|poke|p1|Garchomp, F
|poke|p1|Sylveon, F
|poke|p1|Breloom, M
|poke|p1|Bisharp, M
|poke|p1|Heatran, M
|poke|p2|Scizor, M
|poke|p2|Greninja, M
|poke|p2|Landorus-Therian, M
|poke|p2|Rotom-Wash
|poke|p2|Excadrill, M
|poke|p2|Clefable, M
|rule|Swagger Clause: Swagger is banned
|rule|Baton Pass Clause: Limit one PokÃ©mon knowing Baton Pass
|rule|Sleep Clause Mod: Limit one foe put to sleep
|rule|Species Clause: Limit one of each PokÃ©mon
|rule|OHKO Clause: OHKO moves are banned
|rule|Moody Clause: Moody is banned
|rule|Evasion Moves Clause: Evasion moves are banned
|rule|Endless Battle Clause: Forcing endless battles is banned
|rule|HP Percentage Mod: HP is shown in percentages
|teampreview
|
|start
|switch|p1a: Garchomp|Garchomp, F|420\/420
|switch|p2a: Landorus-Therian|Landorus-Therian, M|382\/382
|-ability|p2a: Landorus-Therian|Intimidate|[of] p1a: Garchomp
|-unboost|p1a: Garchomp|atk|1
|turn|1
|
|move|p1a: Garchomp|Stealth Rock|p2a: Landorus-Therian
|-sidestart|p2: Pashkuale|move: Stealth Rock
|move|p2a: Landorus-Therian|Stealth Rock|p1a: Garchomp
|-sidestart|p1: subzeromk|move: Stealth Rock
|
|turn|2
|
|move|p1a: Garchomp|Hidden Power|p2a: Landorus-Therian
|-supereffective|p2a: Landorus-Therian
|-damage|p2a: Landorus-Therian|186\/382
|move|p2a: Landorus-Therian|Earthquake|p1a: Garchomp
|-damage|p1a: Garchomp|294\/420
|
|-heal|p2a: Landorus-Therian|209\/382|[from] item: Leftovers
|turn|3
|
|switch|p1a: Madara|Bisharp, M|272\/272
|-damage|p1a: Madara|255\/272|[from] Stealth Rock
|switch|p2a: Clefable|Clefable, M|394\/394
|
|turn|4
|
|move|p1a: Madara|Swords Dance|p1a: Madara
|-boost|p1a: Madara|atk|2
|move|p2a: Clefable|Flamethrower|p1a: Madara
|-supereffective|p1a: Madara
|-damage|p1a: Madara|61\/272
|-status|p1a: Madara|brn
|
|-damage|p1a: Madara|27\/272 brn|[from] brn
|turn|5
|c|âsubzeromk|of fucking course..
|
|switch|p2a: Scizor|Scizor, M|343\/343
|-damage|p2a: Scizor|301\/343|[from] Stealth Rock
|move|p1a: Madara|Iron Head|p2a: Scizor
|-resisted|p2a: Scizor
|-damage|p2a: Scizor|207\/343
|-damage|p1a: Madara|0 fnt|[from] item: Life Orb
|faint|p1a: Madara
|
|
|switch|p1a: Heracross|Heracross, F|301\/301
|-damage|p1a: Heracross|264\/301|[from] Stealth Rock
|turn|6
|join|Markastan
|
|detailschange|p1a: Heracross|Heracross-Mega, F
|message|Heracross has Mega Evolved into Mega Heracross!
|detailschange|p2a: Scizor|Scizor-Mega, M
|message|Scizor has Mega Evolved into Mega Scizor!
|move|p1a: Heracross|Close Combat|p2a: Scizor
|-damage|p2a: Scizor|18\/343
|-unboost|p1a: Heracross|def|1
|-unboost|p1a: Heracross|spd|1
|move|p2a: Scizor|Roost|p2a: Scizor
|-heal|p2a: Scizor|190\/343
|
|turn|7
|
|switch|p1a: Garchomp|Garchomp, F|294\/420
|-damage|p1a: Garchomp|268\/420|[from] Stealth Rock
|move|p2a: Scizor|Bullet Punch|p1a: Garchomp
|-damage|p1a: Garchomp|184\/420
|-damage|p2a: Scizor|148\/343|[from] ability: Rough Skin|[of] p1a: Garchomp
|-damage|p2a: Scizor|91\/343|[from] item: Rocky Helmet|[of] p1a: Garchomp
|
|turn|8
|
|switch|p2a: Clefable|Clefable, M|394\/394
|move|p1a: Garchomp|Earthquake|p2a: Clefable
|-damage|p2a: Clefable|243\/394
|
|-heal|p2a: Clefable|267\/394|[from] item: Leftovers
|turn|9
|
|switch|p1a: Heatran|Heatran, M|323\/323
|-damage|p1a: Heatran|283\/323|[from] Stealth Rock
|-item|p1a: Heatran|Air Balloon
|move|p2a: Clefable|Soft-Boiled|p2a: Clefable
|-heal|p2a: Clefable|394\/394
|
|turn|10
|
|move|p1a: Heatran|Fire Blast|p2a: Clefable|[miss]
|-miss|p1a: Heatran|p2a: Clefable
|move|p2a: Clefable|Moonblast|p1a: Heatran
|-resisted|p1a: Heatran
|-damage|p1a: Heatran|257\/323
|-enditem|p1a: Heatran|Air Balloon
|
|turn|11
|join|Alvadora
|
|switch|p1a: Sylveon|Sylveon, F|390\/390
|-damage|p1a: Sylveon|342\/390|[from] Stealth Rock
|switch|p2a: Rotom-Wash|Rotom-Wash|304\/304
|-damage|p2a: Rotom-Wash|266\/304|[from] Stealth Rock
|
|-heal|p2a: Rotom-Wash|285\/304|[from] item: Leftovers
|turn|12
|
|move|p2a: Rotom-Wash|Volt Switch|p1a: Sylveon
|-crit|p1a: Sylveon
|-damage|p1a: Sylveon|230\/390
|
|switch|p2a: Scizor|Scizor-Mega, M|91\/343
|-damage|p2a: Scizor|49\/343|[from] Stealth Rock
|move|p1a: Sylveon|Hyper Voice|p2a: Scizor
|-resisted|p2a: Scizor
|-damage|p2a: Scizor|0 fnt
|faint|p2a: Scizor
|
|
|switch|p2a: Greninja|Greninja, M|285\/285
|-damage|p2a: Greninja|250\/285|[from] Stealth Rock
|turn|13
|
|switch|p1a: Heatran|Heatran, M|257\/323
|-damage|p1a: Heatran|217\/323|[from] Stealth Rock
|move|p2a: Greninja|Gunk Shot|p1a: Heatran
|-start|p2a: Greninja|typechange|Poison|[from] Protean
|-immune|p1a: Heatran|[msg]
|
|turn|14
|
|move|p2a: Greninja|Low Kick|p1a: Heatran
|-start|p2a: Greninja|typechange|Fighting|[from] Protean
|-supereffective|p1a: Heatran
|-damage|p1a: Heatran|0 fnt
|-damage|p2a: Greninja|222\/285|[from] item: Life Orb
|faint|p1a: Heatran
|
|
|switch|p1a: Breloom|Breloom, M|262\/262
|-damage|p1a: Breloom|246\/262|[from] Stealth Rock
|turn|15
|
|move|p1a: Breloom|Mach Punch|p2a: Greninja
|-damage|p2a: Greninja|22\/285
|-damage|p1a: Breloom|220\/262|[from] item: Life Orb
|move|p2a: Greninja|Ice Beam|p1a: Breloom
|-start|p2a: Greninja|typechange|Ice|[from] Protean
|-supereffective|p1a: Breloom
|-damage|p1a: Breloom|0 fnt
|-damage|p2a: Greninja|0 fnt|[from] item: Life Orb
|faint|p1a: Breloom
|faint|p2a: Greninja
|
|
|switch|p2a: Rotom-Wash|Rotom-Wash|285\/304
|switch|p1a: Sylveon|Sylveon, F|230\/390
|-damage|p2a: Rotom-Wash|247\/304|[from] Stealth Rock
|-damage|p1a: Sylveon|182\/390|[from] Stealth Rock
|turn|16
|
|move|p2a: Rotom-Wash|Volt Switch|p1a: Sylveon
|-damage|p1a: Sylveon|113\/390
|
|switch|p2a: Clefable|Clefable, M|394\/394
|move|p1a: Sylveon|Hyper Voice|p2a: Clefable
|-crit|p2a: Clefable
|-damage|p2a: Clefable|0 fnt
|faint|p2a: Clefable
|
|
|switch|p2a: Excadrill|Excadrill, M|362\/362
|-damage|p2a: Excadrill|351\/362|[from] Stealth Rock
|-ability|p2a: Excadrill|Mold Breaker
|turn|17
|
|move|p2a: Excadrill|Iron Head|p1a: Sylveon
|-supereffective|p1a: Sylveon
|-damage|p1a: Sylveon|0 fnt
|faint|p1a: Sylveon
|
|
|switch|p1a: Heracross|Heracross-Mega, F|264\/301
|-damage|p1a: Heracross|227\/301|[from] Stealth Rock
|turn|18
|
|switch|p2a: Landorus-Therian|Landorus-Therian, M|209\/382
|-damage|p2a: Landorus-Therian|162\/382|[from] Stealth Rock
|-ability|p2a: Landorus-Therian|Intimidate|[of] p1a: Heracross
|-unboost|p1a: Heracross|atk|1
|move|p1a: Heracross|Close Combat|p2a: Landorus-Therian
|-resisted|p2a: Landorus-Therian
|-damage|p2a: Landorus-Therian|94\/382
|-unboost|p1a: Heracross|def|1
|-unboost|p1a: Heracross|spd|1
|
|-heal|p2a: Landorus-Therian|117\/382|[from] item: Leftovers
|turn|19
|
|move|p1a: Heracross|Bullet Seed|p2a: Landorus-Therian
|-damage|p2a: Landorus-Therian|96\/382
|-damage|p2a: Landorus-Therian|76\/382
|-damage|p2a: Landorus-Therian|54\/382
|-damage|p2a: Landorus-Therian|34\/382
|-crit|p2a: Landorus-Therian
|-damage|p2a: Landorus-Therian|0 fnt
|-hitcount|p2a: Landorus-Therian|5
|faint|p2a: Landorus-Therian
|
|
|switch|p2a: Excadrill|Excadrill, M|351\/362
|-damage|p2a: Excadrill|340\/362|[from] Stealth Rock
|-ability|p2a: Excadrill|Mold Breaker
|turn|20
|
|switch|p1a: Garchomp|Garchomp, F|184\/420
|-damage|p1a: Garchomp|158\/420|[from] Stealth Rock
|move|p2a: Excadrill|Iron Head|p1a: Garchomp
|-damage|p1a: Garchomp|38\/420
|-damage|p2a: Excadrill|295\/362|[from] ability: Rough Skin|[of] p1a: Garchomp
|-damage|p2a: Excadrill|235\/362|[from] item: Rocky Helmet|[of] p1a: Garchomp
|
|turn|21
|
|move|p2a: Excadrill|Iron Head|p1a: Garchomp
|-damage|p1a: Garchomp|0 fnt
|-damage|p2a: Excadrill|190\/362|[from] ability: Rough Skin|[of] p1a: Garchomp
|-damage|p2a: Excadrill|130\/362|[from] item: Rocky Helmet|[of] p1a: Garchomp
|faint|p1a: Garchomp
|
|
|switch|p1a: Heracross|Heracross-Mega, F|227\/301
|-damage|p1a: Heracross|190\/301|[from] Stealth Rock
|turn|22
|
|switch|p2a: Rotom-Wash|Rotom-Wash|247\/304
|-damage|p2a: Rotom-Wash|209\/304|[from] Stealth Rock
|move|p1a: Heracross|Bullet Seed|p2a: Rotom-Wash
|-supereffective|p2a: Rotom-Wash
|-damage|p2a: Rotom-Wash|137\/304
|-supereffective|p2a: Rotom-Wash
|-damage|p2a: Rotom-Wash|63\/304
|-supereffective|p2a: Rotom-Wash
|-damage|p2a: Rotom-Wash|0 fnt
|-hitcount|p2a: Rotom-Wash|3
|faint|p2a: Rotom-Wash
|
|
|switch|p2a: Excadrill|Excadrill, M|130\/362
|-damage|p2a: Excadrill|119\/362|[from] Stealth Rock
|-ability|p2a: Excadrill|Mold Breaker
|turn|23
|
|move|p2a: Excadrill|Iron Head|p1a: Heracross
|-damage|p1a: Heracross|49\/301
|cant|p1a: Heracross|flinch
|
|turn|24
|-message|subzeromk forfeited.
|
|win|Pashkuale
|raw|Ladder updating...
|leave|subzeromk
|player|p1
|raw|subzeromk's rating: 1744 &rarr; <strong>1714<\/strong><br \/>(-30 for losing)
|raw|Pashkuale's rating: 1567 &rarr; <strong>1597<\/strong><br \/>(+30 for winning)
|c| Alvadora|lol
|leave|Alvadora