|join|This game is aids
|join|subzeromk
|player|p1|This game is aids|4
|player|p2|subzeromk|26
|gametype|singles
|gen|6
|tier|OU
|rated
|clearpoke
|poke|p1|Tyranitar, F
|poke|p1|Excadrill, M
|poke|p1|Greninja, F
|poke|p1|Pinsir, M
|poke|p1|Talonflame, M
|poke|p1|Dragonite, M
|poke|p2|Heracross, F
|poke|p2|Garchomp, F
|poke|p2|Sylveon, F
|poke|p2|Breloom, F
|poke|p2|Bisharp, M
|poke|p2|Heatran, F
|rule|Swagger Clause: Swagger is banned
|rule|Baton Pass Clause: Limit one PokÃ©mon knowing Baton Pass
|rule|Sleep Clause Mod: Limit one foe put to sleep
|rule|Species Clause: Limit one of each PokÃ©mon
|rule|OHKO Clause: OHKO moves are banned
|rule|Moody Clause: Moody is banned
|rule|Evasion Moves Clause: Evasion moves are banned
|rule|Endless Battle Clause: Forcing endless battles is banned
|rule|HP Percentage Mod: HP is shown in percentages
|teampreview
|
|start
|switch|p1a: Greninja|Greninja, F|286\/286
|switch|p2a: Breloom|Breloom, F|262\/262
|turn|1
|
|move|p2a: Breloom|Mach Punch|p1a: Greninja
|-supereffective|p1a: Greninja
|-damage|p1a: Greninja|0 fnt
|-damage|p2a: Breloom|236\/262|[from] item: Life Orb
|faint|p1a: Greninja
|
|
|switch|p1a: Pinsir|Pinsir, M|271\/271
|turn|2
|
|switch|p2a: Garchomp|Garchomp, F|420\/420
|detailschange|p1a: Pinsir|Pinsir-Mega, M
|message|Pinsir has Mega Evolved into Mega Pinsir!
|move|p1a: Pinsir|Return|p2a: Garchomp
|-damage|p2a: Garchomp|233\/420
|-damage|p1a: Pinsir|238\/271|[from] ability: Rough Skin|[of] p2a: Garchomp
|-damage|p1a: Pinsir|193\/271|[from] item: Rocky Helmet|[of] p2a: Garchomp
|
|turn|3
|
|switch|p1a: Tyranitar|Tyranitar, F|341\/341
|-weather|Sandstorm
|move|p2a: Garchomp|Stealth Rock|p1a: Tyranitar
|-sidestart|p1: This game is aids|move: Stealth Rock
|
|-weather|Sandstorm|[upkeep]
|turn|4
|
|move|p1a: Tyranitar|Stealth Rock|p2a: Garchomp
|-sidestart|p2: subzeromk|move: Stealth Rock
|move|p2a: Garchomp|Earthquake|p1a: Tyranitar
|-supereffective|p1a: Tyranitar
|-damage|p1a: Tyranitar|87\/341
|
|-weather|Sandstorm|[upkeep]
|turn|5
|
|move|p1a: Tyranitar|Ice Beam|p2a: Garchomp
|-supereffective|p2a: Garchomp
|-damage|p2a: Garchomp|0 fnt
|faint|p2a: Garchomp
|
|-weather|Sandstorm|[upkeep]
|
|switch|p2a: Heracross|Heracross, F|301\/301
|-damage|p2a: Heracross|264\/301|[from] Stealth Rock
|turn|6
|
|detailschange|p2a: Heracross|Heracross-Mega, F
|message|Heracross has Mega Evolved into Mega Heracross!
|move|p2a: Heracross|Pin Missile|p1a: Tyranitar
|-supereffective|p1a: Tyranitar
|-damage|p1a: Tyranitar|0 fnt
|-hitcount|p1a: Tyranitar|1
|faint|p1a: Tyranitar
|
|-weather|Sandstorm|[upkeep]
|-damage|p2a: Heracross|246\/301|[from] sandstorm
|
|switch|p1a: Excadrill|Excadrill, M|369\/369
|-damage|p1a: Excadrill|358\/369|[from] Stealth Rock
|turn|7
|
|move|p1a: Excadrill|Rapid Spin|p2a: Heracross
|-damage|p2a: Heracross|212\/301
|-sideend|p1: This game is aids|Stealth Rock|[from] move: Rapid Spin|[of] p1a: Excadrill
|-damage|p1a: Excadrill|322\/369|[from] item: Life Orb
|move|p2a: Heracross|Close Combat|p1a: Excadrill
|-crit|p1a: Excadrill
|-supereffective|p1a: Excadrill
|-damage|p1a: Excadrill|0 fnt
|-unboost|p2a: Heracross|def|1
|-unboost|p2a: Heracross|spd|1
|faint|p1a: Excadrill
|
|-weather|none
|
|switch|p1a: Pinsir|Pinsir-Mega, M|193\/271
|turn|8
|
|move|p1a: Pinsir|Return|p2a: Heracross
|-supereffective|p2a: Heracross
|-damage|p2a: Heracross|0 fnt
|faint|p2a: Heracross
|
|
|switch|p2a: Madara|Bisharp, M|272\/272
|-damage|p2a: Madara|255\/272|[from] Stealth Rock
|turn|9
|
|move|p2a: Madara|Sucker Punch|p1a: Pinsir
|-damage|p1a: Pinsir|37\/271
|-damage|p2a: Madara|228\/272|[from] item: Life Orb
|move|p1a: Pinsir|Earthquake|p2a: Madara
|-supereffective|p2a: Madara
|-damage|p2a: Madara|0 fnt
|faint|p2a: Madara
|
|
|switch|p2a: Breloom|Breloom, F|236\/262
|-damage|p2a: Breloom|220\/262|[from] Stealth Rock
|turn|10
|
|move|p1a: Pinsir|Quick Attack|p2a: Breloom
|-supereffective|p2a: Breloom
|-damage|p2a: Breloom|0 fnt
|faint|p2a: Breloom
|
|-message|subzeromk forfeited.
|
|win|This game is aids
|raw|Ladder updating...
|leave|subzeromk
|player|p2
|raw|This game is aids's rating: 1670 &rarr; <strong>1689<\/strong><br \/>(+19 for winning)
|raw|subzeromk's rating: 1662 &rarr; <strong>1642<\/strong><br \/>(-20 for losing)
|leave|This game is aids
|player|p1
|join|This game is aids