|join|subzeromk
|join|JojoGG
|player|p1|subzeromk|20
|player|p2|JojoGG|1
|gametype|singles
|gen|6
|tier|OU
|rated
|clearpoke
|poke|p1|Sylveon, F
|poke|p1|Garchomp, F
|poke|p1|Heracross, M
|poke|p1|Breloom, M
|poke|p1|Bisharp, M
|poke|p1|Kyurem-Black, shiny
|poke|p2|Crawdaunt, M
|poke|p2|Ferrothorn, F
|poke|p2|Flygon, F
|poke|p2|Gengar, M
|poke|p2|Lopunny, M
|poke|p2|Swampert, M
|rule|Swagger Clause: Swagger is banned
|rule|Baton Pass Clause: Limit one PokÃ©mon knowing Baton Pass
|rule|Sleep Clause Mod: Limit one foe put to sleep
|rule|Species Clause: Limit one of each PokÃ©mon
|rule|OHKO Clause: OHKO moves are banned
|rule|Moody Clause: Moody is banned
|rule|Evasion Moves Clause: Evasion moves are banned
|rule|Endless Battle Clause: Forcing endless battles is banned
|rule|HP Percentage Mod: HP is shown in percentages
|teampreview
|
|start
|switch|p1a: Kyurem-Black|Kyurem-Black, shiny|425\/425
|switch|p2a: Ferrothorn|Ferrothorn, F|352\/352
|-ability|p1a: Kyurem-Black|Teravolt
|turn|1
|
|move|p1a: Kyurem-Black|Hidden Power|p2a: Ferrothorn
|-supereffective|p2a: Ferrothorn
|-damage|p2a: Ferrothorn|35\/352
|-damage|p1a: Kyurem-Black|383\/425|[from] item: Life Orb
|move|p2a: Ferrothorn|Stealth Rock|p1a: Kyurem-Black
|-sidestart|p1: subzeromk|move: Stealth Rock
|
|-heal|p2a: Ferrothorn|57\/352|[from] item: Leftovers
|turn|2
|
|switch|p2a: Swampert|Swampert, M|404\/404
|move|p1a: Kyurem-Black|Ice Beam|p2a: Swampert
|-damage|p2a: Swampert|243\/404
|-damage|p1a: Kyurem-Black|341\/425|[from] item: Life Orb
|
|-heal|p2a: Swampert|268\/404|[from] item: Leftovers
|turn|3
|
|move|p1a: Kyurem-Black|Ice Beam|p2a: Swampert
|-damage|p2a: Swampert|87\/404
|-status|p2a: Swampert|frz
|-damage|p1a: Kyurem-Black|299\/425|[from] item: Life Orb
|cant|p2a: Swampert|frz
|
|-heal|p2a: Swampert|112\/404 frz|[from] item: Leftovers
|turn|4
|c|âJojoGG|.....
|
|move|p1a: Kyurem-Black|Ice Beam|p2a: Swampert
|-damage|p2a: Swampert|0 fnt
|-damage|p1a: Kyurem-Black|257\/425|[from] item: Life Orb
|faint|p2a: Swampert
|
|c|âsubzeromk|....
|
|switch|p2a: Lopunny|Lopunny, M|272\/272
|turn|5
|
|switch|p1a: Garchomp|Garchomp, F|419\/419
|-damage|p1a: Garchomp|393\/419|[from] Stealth Rock
|detailschange|p2a: Lopunny|Lopunny-Mega, M
|message|Lopunny has Mega Evolved into Mega Lopunny!
|move|p2a: Lopunny|Fake Out|p1a: Garchomp
|-damage|p1a: Garchomp|333\/419
|-damage|p2a: Lopunny|238\/272|[from] ability: Rough Skin|[of] p1a: Garchomp
|-damage|p2a: Lopunny|193\/272|[from] item: Rocky Helmet|[of] p1a: Garchomp
|
|turn|6
|
|move|p2a: Lopunny|Ice Punch|p1a: Garchomp
|-supereffective|p1a: Garchomp
|-damage|p1a: Garchomp|77\/419
|-damage|p2a: Lopunny|159\/272|[from] ability: Rough Skin|[of] p1a: Garchomp
|-damage|p2a: Lopunny|114\/272|[from] item: Rocky Helmet|[of] p1a: Garchomp
|move|p1a: Garchomp|Earthquake|p2a: Lopunny
|-damage|p2a: Lopunny|0 fnt
|faint|p2a: Lopunny
|
|c|âsubzeromk|....
|
|switch|p2a: Gengar|Gengar, M|262\/262
|turn|7
|
|move|p2a: Gengar|Shadow Ball|p1a: Garchomp
|-damage|p1a: Garchomp|0 fnt
|-damage|p2a: Gengar|236\/262|[from] item: Life Orb
|faint|p1a: Garchomp
|
|
|switch|p1a: Madara|Bisharp, M|272\/272
|-damage|p1a: Madara|255\/272|[from] Stealth Rock
|turn|8
|
|switch|p2a: Ferrothorn|Ferrothorn, F|57\/352
|move|p1a: Madara|Sucker Punch|p2a: Ferrothorn
|-fail|p2a: Ferrothorn
|
|-heal|p2a: Ferrothorn|79\/352|[from] item: Leftovers
|turn|9
|
|move|p1a: Madara|Knock Off|p2a: Ferrothorn
|-damage|p2a: Ferrothorn|0 fnt
|-damage|p1a: Madara|221\/272|[from] ability: Iron Barbs|[of] p2a: Ferrothorn
|-enditem|p2a: Ferrothorn|Leftovers|[from] move: Knock Off|[of] p1a: Madara
|-damage|p1a: Madara|194\/272|[from] item: Life Orb
|faint|p2a: Ferrothorn
|
|
|switch|p2a: Crawdaunt|Crawdaunt, M|268\/268
|turn|10
|
|switch|p1a: Kyurem-Black|Kyurem-Black, shiny|257\/425
|-damage|p1a: Kyurem-Black|151\/425|[from] Stealth Rock
|-ability|p1a: Kyurem-Black|Teravolt
|move|p2a: Crawdaunt|Aqua Jet|p1a: Kyurem-Black
|-resisted|p1a: Kyurem-Black
|-damage|p1a: Kyurem-Black|85\/425
|-damage|p2a: Crawdaunt|242\/268|[from] item: Life Orb
|
|turn|11
|
|move|p2a: Crawdaunt|Aqua Jet|p1a: Kyurem-Black
|-resisted|p1a: Kyurem-Black
|-damage|p1a: Kyurem-Black|17\/425
|-damage|p2a: Crawdaunt|216\/268|[from] item: Life Orb
|move|p1a: Kyurem-Black|Fusion Bolt|p2a: Crawdaunt
|-supereffective|p2a: Crawdaunt
|-damage|p2a: Crawdaunt|0 fnt
|-damage|p1a: Kyurem-Black|0 fnt|[from] item: Life Orb
|faint|p2a: Crawdaunt
|faint|p1a: Kyurem-Black
|
|
|switch|p1a: Heracross|Heracross, M|309\/309
|switch|p2a: Flygon|Flygon, F|364\/364
|-damage|p1a: Heracross|271\/309|[from] Stealth Rock
|turn|12
|
|switch|p1a: Sylveon|Sylveon, F|393\/393
|-damage|p1a: Sylveon|344\/393|[from] Stealth Rock
|move|p2a: Flygon|Fire Blast|p1a: Sylveon
|-damage|p1a: Sylveon|293\/393
|-status|p1a: Sylveon|brn
|
|-damage|p1a: Sylveon|244\/393 brn|[from] brn
|turn|13
|
|move|p2a: Flygon|Earthquake|p1a: Sylveon
|-damage|p1a: Sylveon|79\/393 brn
|move|p1a: Sylveon|Hyper Voice|p2a: Flygon
|-supereffective|p2a: Flygon
|-damage|p2a: Flygon|56\/364
|
|-damage|p1a: Sylveon|30\/393 brn|[from] brn
|turn|14
|c|âsubzeromk|omfg..
|c|âsubzeromk|assult vest?
|c|âJojoGG|y
|c|âsubzeromk|cant believe you survived
|c|âsubzeromk|god
|c|âJojoGG|:p
|
|move|p2a: Flygon|Fire Blast|p1a: Sylveon
|-damage|p1a: Sylveon|0 fnt
|faint|p1a: Sylveon
|
|
|switch|p1a: Madara|Bisharp, M|194\/272
|-damage|p1a: Madara|177\/272|[from] Stealth Rock
|turn|15
|
|move|p1a: Madara|Sucker Punch|p2a: Flygon
|-damage|p2a: Flygon|0 fnt
|-damage|p1a: Madara|150\/272|[from] item: Life Orb
|faint|p2a: Flygon
|
|
|switch|p2a: Gengar|Gengar, M|236\/262
|turn|16
|
|move|p1a: Madara|Sucker Punch|p2a: Gengar
|-supereffective|p2a: Gengar
|-damage|p2a: Gengar|0 fnt
|-damage|p1a: Madara|123\/272|[from] item: Life Orb
|faint|p2a: Gengar
|
|win|subzeromk
|raw|Ladder updating...
|raw|subzeromk's rating: 1726 &rarr; <strong>1733<\/strong><br \/>(+7 for winning)
|raw|JojoGG's rating: 1457 &rarr; <strong>1450<\/strong><br \/>(-7 for losing)
|c|âsubzeromk|gg