|join|subzeromk
|join|dont know why
|player|p1|subzeromk|20
|player|p2|dont know why|1
|gametype|singles
|gen|6
|tier|OU
|rated
|clearpoke
|poke|p1|Garchomp, M
|poke|p1|Sylveon, M
|poke|p1|Heracross, F
|poke|p1|Breloom, F
|poke|p1|Bisharp, M
|poke|p1|Greninja, M
|poke|p2|Beedrill, F
|poke|p2|Magnezone
|poke|p2|Garchomp, F
|poke|p2|Diggersby, F
|poke|p2|Latias, F
|poke|p2|Azumarill, F
|rule|Swagger Clause: Swagger is banned
|rule|Baton Pass Clause: Limit one PokÃ©mon knowing Baton Pass
|rule|Sleep Clause Mod: Limit one foe put to sleep
|rule|Species Clause: Limit one of each PokÃ©mon
|rule|OHKO Clause: OHKO moves are banned
|rule|Moody Clause: Moody is banned
|rule|Evasion Moves Clause: Evasion moves are banned
|rule|Endless Battle Clause: Forcing endless battles is banned
|rule|HP Percentage Mod: HP is shown in percentages
|teampreview
|
|start
|switch|p1a: Greninja|Greninja, M|285\/285
|switch|p2a: Beedrill|Beedrill, F|271\/271
|turn|1
|
|switch|p1a: Garchomp|Garchomp, M|419\/419
|detailschange|p2a: Beedrill|Beedrill-Mega, F
|message|Beedrill has Mega Evolved into Mega Beedrill!
|move|p2a: Beedrill|Protect|p2a: Beedrill
|-fail|p2a: Beedrill
|
|turn|2
|
|move|p2a: Beedrill|Knock Off|p1a: Garchomp
|-damage|p1a: Garchomp|323\/419
|-damage|p2a: Beedrill|238\/271|[from] ability: Rough Skin|[of] p1a: Garchomp
|-damage|p2a: Beedrill|193\/271|[from] item: Rocky Helmet|[of] p1a: Garchomp
|-enditem|p1a: Garchomp|Rocky Helmet|[from] move: Knock Off|[of] p2a: Beedrill
|move|p1a: Garchomp|Stealth Rock|p2a: Beedrill
|-sidestart|p2: dont know why|move: Stealth Rock
|
|turn|3
|
|switch|p2a: Latias|Latias, F|309\/309
|-damage|p2a: Latias|271\/309|[from] Stealth Rock
|move|p1a: Garchomp|Hidden Power|p2a: Latias
|-supereffective|p2a: Latias
|-damage|p2a: Latias|203\/309
|
|turn|4
|
|switch|p1a: Sylveon|Sylveon, M|393\/393
|move|p2a: Latias|Defog|p1a: Sylveon
|-unboost|p1a: Sylveon|evasion|1
|-sideend|p2: dont know why|Stealth Rock|[from] move: Defog|[of] p2a: Latias
|
|turn|5
|
|switch|p2a: Magnezone|Magnezone|281\/281
|move|p1a: Sylveon|Hyper Voice|p2a: Magnezone
|-resisted|p2a: Magnezone
|-damage|p2a: Magnezone|119\/281
|
|turn|6
|
|switch|p1a: Madara|Bisharp, M|289\/289
|move|p2a: Magnezone|Flash Cannon|p1a: Madara
|-resisted|p1a: Madara
|-damage|p1a: Madara|193\/289
|
|turn|7
|
|move|p2a: Magnezone|Flash Cannon|p1a: Madara
|-resisted|p1a: Madara
|-damage|p1a: Madara|97\/289
|move|p1a: Madara|Pursuit|p2a: Magnezone
|-damage|p2a: Magnezone|36\/281
|-damage|p1a: Madara|69\/289|[from] item: Life Orb
|
|turn|8
|
|switch|p2a: Azumarill|Azumarill, F|401\/401
|move|p1a: Madara|Sucker Punch|p2a: Azumarill
|-fail|p2a: Azumarill
|
|turn|9
|
|switch|p1a: Garchomp|Garchomp, M|323\/419
|move|p2a: Azumarill|Aqua Jet|p1a: Garchomp
|-damage|p1a: Garchomp|251\/419
|-damage|p2a: Azumarill|351\/401|[from] ability: Rough Skin|[of] p1a: Garchomp
|
|turn|10
|
|move|p1a: Garchomp|Stealth Rock|p2a: Azumarill
|-sidestart|p2: dont know why|move: Stealth Rock
|move|p2a: Azumarill|Play Rough|p1a: Garchomp
|-supereffective|p1a: Garchomp
|-damage|p1a: Garchomp|0 fnt
|-damage|p2a: Azumarill|301\/401|[from] ability: Rough Skin|[of] p1a: Garchomp
|faint|p1a: Garchomp
|
|
|switch|p1a: Greninja|Greninja, M|285\/285
|turn|11
|
|switch|p2a: Magnezone|Magnezone|36\/281
|-damage|p2a: Magnezone|19\/281|[from] Stealth Rock
|move|p1a: Greninja|Gunk Shot|p2a: Magnezone
|-start|p1a: Greninja|typechange|Poison|[from] Protean
|-immune|p2a: Magnezone|[msg]
|
|turn|12
|
|move|p1a: Greninja|Ice Beam|p2a: Magnezone
|-start|p1a: Greninja|typechange|Ice|[from] Protean
|-resisted|p2a: Magnezone
|-damage|p2a: Magnezone|0 fnt
|-damage|p1a: Greninja|257\/285|[from] item: Life Orb
|faint|p2a: Magnezone
|
|
|switch|p2a: Beedrill|Beedrill-Mega, F|193\/271
|-damage|p2a: Beedrill|126\/271|[from] Stealth Rock
|turn|13
|
|switch|p1a: Madara|Bisharp, M|69\/289
|move|p2a: Beedrill|U-turn|p1a: Madara
|-damage|p1a: Madara|0 fnt
|faint|p1a: Madara
|
|switch|p2a: Latias|Latias, F|203\/309
|-damage|p2a: Latias|165\/309|[from] Stealth Rock
|
|
|switch|p1a: Greninja|Greninja, M|257\/285
|turn|14
|
|switch|p2a: Azumarill|Azumarill, F|301\/401
|-damage|p2a: Azumarill|251\/401|[from] Stealth Rock
|move|p1a: Greninja|Ice Beam|p2a: Azumarill
|-start|p1a: Greninja|typechange|Ice|[from] Protean
|-resisted|p2a: Azumarill
|-damage|p2a: Azumarill|182\/401
|-damage|p1a: Greninja|229\/285|[from] item: Life Orb
|
|turn|15
|
|move|p2a: Azumarill|Aqua Jet|p1a: Greninja
|-damage|p1a: Greninja|103\/285
|move|p1a: Greninja|Gunk Shot|p2a: Azumarill
|-start|p1a: Greninja|typechange|Poison|[from] Protean
|-supereffective|p2a: Azumarill
|-damage|p2a: Azumarill|0 fnt
|-damage|p1a: Greninja|75\/285|[from] item: Life Orb
|faint|p2a: Azumarill
|
|
|switch|p2a: Beedrill|Beedrill-Mega, F|126\/271
|-damage|p2a: Beedrill|59\/271|[from] Stealth Rock
|turn|16
|
|switch|p1a: Heracross|Heracross, F|308\/308
|move|p2a: Beedrill|Knock Off|p1a: Heracross
|-resisted|p1a: Heracross
|-damage|p1a: Heracross|255\/308
|
|turn|17
|
|detailschange|p1a: Heracross|Heracross-Mega, F
|message|Heracross has Mega Evolved into Mega Heracross!
|move|p2a: Beedrill|Poison Jab|p1a: Heracross
|-crit|p1a: Heracross
|-damage|p1a: Heracross|0 fnt
|faint|p1a: Heracross
|
|
|switch|p1a: Breloom|Breloom, F|262\/262
|turn|18
|
|move|p1a: Breloom|Mach Punch|p2a: Beedrill
|-resisted|p2a: Beedrill
|-damage|p2a: Beedrill|0 fnt
|-damage|p1a: Breloom|236\/262|[from] item: Life Orb
|faint|p2a: Beedrill
|
|
|switch|p2a: Latias|Latias, F|165\/309
|-damage|p2a: Latias|127\/309|[from] Stealth Rock
|turn|19
|
|switch|p1a: Greninja|Greninja, M|75\/285
|move|p2a: Latias|Defog|p1a: Greninja
|-unboost|p1a: Greninja|evasion|1
|-sideend|p2: dont know why|Stealth Rock|[from] move: Defog|[of] p2a: Latias
|
|turn|20
|
|move|p1a: Greninja|Ice Beam|p2a: Latias
|-start|p1a: Greninja|typechange|Ice|[from] Protean
|-supereffective|p2a: Latias
|-damage|p2a: Latias|0 fnt
|-damage|p1a: Greninja|47\/285|[from] item: Life Orb
|faint|p2a: Latias
|
|
|switch|p2a: Diggersby|Diggersby, F|309\/309
|turn|21
|
|move|p2a: Diggersby|Quick Attack|p1a: Greninja
|-damage|p1a: Greninja|0 fnt
|-damage|p2a: Diggersby|279\/309|[from] item: Life Orb
|faint|p1a: Greninja
|
|
|switch|p1a: Breloom|Breloom, F|236\/262
|turn|22
|
|switch|p2a: Garchomp|Garchomp, F|357\/357
|move|p1a: Breloom|Mach Punch|p2a: Garchomp
|-damage|p2a: Garchomp|197\/357
|-damage|p1a: Breloom|204\/262|[from] ability: Rough Skin|[of] p2a: Garchomp
|-damage|p1a: Breloom|178\/262|[from] item: Life Orb
|
|turn|23
|
|switch|p1a: Sylveon|Sylveon, M|393\/393
|move|p2a: Garchomp|Earthquake|p1a: Sylveon
|-damage|p1a: Sylveon|119\/393
|
|turn|24
|
|move|p2a: Garchomp|Earthquake|p1a: Sylveon
|-damage|p1a: Sylveon|0 fnt
|faint|p1a: Sylveon
|
|-message|subzeromk forfeited.
|
|win|dont know why
|raw|Ladder updating...
|leave|subzeromk
|player|p1