|join|Hyuhytesting
|join|algohol warning
|player|p1|Hyuhytesting|161
|player|p2|algohol warning|79
|gametype|singles
|gen|6
|tier|UU
|rated
|rule|Sleep Clause Mod: Limit one foe put to sleep
|rule|Species Clause: Limit one of each PokÃ©mon
|rule|OHKO Clause: OHKO moves are banned
|rule|Moody Clause: Moody is banned
|rule|Evasion Moves Clause: Evasion moves are banned
|rule|Endless Battle Clause: Forcing endless battles is banned
|rule|HP Percentage Mod: HP is shown in percentages
|clearpoke
|poke|p1|Infernape, F
|poke|p1|Blastoise, M
|poke|p1|Alomomola, M
|poke|p1|Haxorus, F
|poke|p1|Jirachi
|poke|p1|Blissey, F
|poke|p2|Blissey, F
|poke|p2|Krookodile, F
|poke|p2|Ampharos, F
|poke|p2|Toxicroak, M
|poke|p2|Crobat, F
|poke|p2|Jirachi
|rule|Swagger Clause: Swagger is banned
|rule|Baton Pass Clause: Limit one PokÃ©mon knowing Baton Pass
|teampreview
|
|start
|switch|p1a: Jirachi|Jirachi|341\/341
|switch|p2a: Crobat|Crobat, F|374\/374
|turn|1
|
|move|p1a: Jirachi|Iron Head|p2a: Crobat
|-damage|p2a: Crobat|242\/374
|cant|p2a: Crobat|flinch
|
|-heal|p2a: Crobat|265\/374|[from] item: Black Sludge
|turn|2
|
|switch|p2a: Jirachi|Jirachi|341\/341
|move|p1a: Jirachi|Iron Head|p2a: Jirachi
|-resisted|p2a: Jirachi
|-damage|p2a: Jirachi|279\/341
|
|turn|3
|
|switch|p1a: Blastoise|Blastoise, M|361\/361
|move|p2a: Jirachi|U-turn|p1a: Blastoise
|-damage|p1a: Blastoise|293\/361
|
|switch|p2a: Blissey|Blissey, F|651\/651
|
|turn|4
|
|switch|p1a: Infernape|Infernape, F|293\/293
|move|p2a: Blissey|Toxic|p1a: Infernape
|-status|p1a: Infernape|tox
|
|-damage|p1a: Infernape|275\/293 tox|[from] psn
|turn|5
|
|switch|p2a: Crobat|Crobat, F|265\/374
|move|p1a: Infernape|Flare Blitz|p2a: Crobat
|-damage|p2a: Crobat|38\/374
|-damage|p1a: Infernape|200\/293 tox|[from] recoil|[of] p2a: Crobat
|-damage|p1a: Infernape|171\/293 tox|[from] item: Life Orb
|
|-heal|p2a: Crobat|61\/374|[from] item: Black Sludge
|-damage|p1a: Infernape|135\/293 tox|[from] psn
|turn|6
|
|switch|p1a: Alomomola|Alomomola, M|533\/533
|move|p2a: Crobat|Roost|p2a: Crobat
|-heal|p2a: Crobat|248\/374
|
|-heal|p2a: Crobat|271\/374|[from] item: Black Sludge
|turn|7
|
|move|p2a: Crobat|Toxic|p1a: Alomomola
|-status|p1a: Alomomola|tox
|move|p1a: Alomomola|Wish|p1a: Alomomola
|
|-heal|p2a: Crobat|294\/374|[from] item: Black Sludge
|-damage|p1a: Alomomola|500\/533 tox|[from] psn
|turn|8
|
|switch|p2a: Ampharos|Ampharos, F|383\/383
|switch|p1a: Blissey|Blissey, F|714\/714
|
|turn|9
|
|detailschange|p2a: Ampharos|Ampharos-Mega, F
|-mega|p2a: Ampharos|Ampharos|Ampharosite
|-ability|p2a: Ampharos|Mold Breaker
|move|p1a: Blissey|Aromatherapy|p1a: Blissey
|-cureteam|p1a: Blissey|[from] move: Aromatherapy
|move|p2a: Ampharos|Volt Switch|p1a: Blissey
|-damage|p1a: Blissey|588\/714
|
|switch|p2a: Krookodile|Krookodile, F|394\/394
|-ability|p2a: Krookodile|Intimidate|[of] p1a: Blissey
|-unboost|p1a: Blissey|atk|1
|
|-heal|p1a: Blissey|632\/714|[from] item: Leftovers
|turn|10
|
|switch|p1a: Alomomola|Alomomola, M|533\/533
|move|p2a: Krookodile|Stealth Rock|p1a: Alomomola
|-sidestart|p1: Hyuhytesting|move: Stealth Rock
|
|turn|11
|
|switch|p2a: Toxicroak|Toxicroak, M|307\/307
|move|p1a: Alomomola|Wish|p1a: Alomomola
|
|turn|12
|
|switch|p1a: Infernape|Infernape, F|135\/293
|-damage|p1a: Infernape|99\/293|[from] Stealth Rock
|move|p2a: Toxicroak|Gunk Shot|p1a: Infernape
|-damage|p1a: Infernape|0 fnt
|-damage|p2a: Toxicroak|277\/307|[from] item: Life Orb
|faint|p1a: Infernape
|
|
|switch|p1a: Haxorus|Haxorus, F|293\/293
|-damage|p1a: Haxorus|257\/293|[from] Stealth Rock
|-ability|p1a: Haxorus|Mold Breaker
|turn|13
|
|switch|p2a: Krookodile|Krookodile, F|394\/394
|-ability|p2a: Krookodile|Intimidate|[of] p1a: Haxorus
|-unboost|p1a: Haxorus|atk|1
|move|p1a: Haxorus|Earthquake|p2a: Krookodile
|-damage|p2a: Krookodile|319\/394
|
|-heal|p2a: Krookodile|343\/394|[from] item: Leftovers
|turn|14
|
|switch|p1a: Alomomola|Alomomola, M|533\/533
|-damage|p1a: Alomomola|467\/533|[from] Stealth Rock
|move|p2a: Krookodile|Knock Off|p1a: Alomomola
|-damage|p1a: Alomomola|350\/533
|-damage|p2a: Krookodile|278\/394|[from] item: Rocky Helmet|[of] p1a: Alomomola
|-enditem|p1a: Alomomola|Rocky Helmet|[from] move: Knock Off|[of] p2a: Krookodile
|
|-heal|p2a: Krookodile|302\/394|[from] item: Leftovers
|turn|15
|
|switch|p2a: Toxicroak|Toxicroak, M|277\/307
|move|p1a: Alomomola|Wish|p1a: Alomomola
|
|turn|16
|
|switch|p1a: Blastoise|Blastoise, M|293\/361
|-damage|p1a: Blastoise|248\/361|[from] Stealth Rock
|move|p2a: Toxicroak|Swords Dance|p2a: Toxicroak
|-boost|p2a: Toxicroak|atk|2
|
|-heal|p1a: Blastoise|361\/361|[from] move: Wish|[wisher] Alomomola
|turn|17
|
|detailschange|p1a: Blastoise|Blastoise-Mega, M
|-mega|p1a: Blastoise|Blastoise|Blastoisinite
|move|p2a: Toxicroak|Gunk Shot|p1a: Blastoise
|-damage|p1a: Blastoise|0 fnt
|-damage|p2a: Toxicroak|247\/307|[from] item: Life Orb
|faint|p1a: Blastoise
|
|
|switch|p1a: Jirachi|Jirachi|341\/341
|-damage|p1a: Jirachi|320\/341|[from] Stealth Rock
|turn|18
|
|move|p2a: Toxicroak|Sucker Punch|p1a: Jirachi
|-supereffective|p1a: Jirachi
|-damage|p1a: Jirachi|0 fnt
|-damage|p2a: Toxicroak|217\/307|[from] item: Life Orb
|faint|p1a: Jirachi
|
|
|switch|p1a: Haxorus|Haxorus, F|257\/293
|-damage|p1a: Haxorus|221\/293|[from] Stealth Rock
|-ability|p1a: Haxorus|Mold Breaker
|turn|19
|
|move|p2a: Toxicroak|Drain Punch|p1a: Haxorus
|-damage|p1a: Haxorus|0 fnt
|-heal|p2a: Toxicroak|307\/307|[from] drain|[of] p1a: Haxorus
|-damage|p2a: Toxicroak|277\/307|[from] item: Life Orb
|faint|p1a: Haxorus
|
|-message|Hyuhytesting forfeited.
|leave|Hyuhytesting
|
|win|algohol warning
|raw|Ladder updating...
|player|p1