|join|algohol warning
|join|tetsuokaneda
|player|p1|algohol warning|79
|player|p2|tetsuokaneda|1
|gametype|singles
|gen|6
|tier|UU
|rated
|rule|Sleep Clause Mod: Limit one foe put to sleep
|rule|Species Clause: Limit one of each PokÃ©mon
|rule|OHKO Clause: OHKO moves are banned
|rule|Moody Clause: Moody is banned
|rule|Evasion Moves Clause: Evasion moves are banned
|rule|Endless Battle Clause: Forcing endless battles is banned
|rule|HP Percentage Mod: HP is shown in percentages
|clearpoke
|poke|p1|Blissey, F
|poke|p1|Krookodile, F
|poke|p1|Ampharos, F
|poke|p1|Suicune
|poke|p1|Crobat, M
|poke|p1|Jirachi
|poke|p2|Tentacruel, F, shiny
|poke|p2|Celebi
|poke|p2|Scrafty, M
|poke|p2|Diancie
|poke|p2|Hydreigon, M
|poke|p2|Infernape, M
|rule|Swagger Clause: Swagger is banned
|rule|Baton Pass Clause: Limit one PokÃ©mon knowing Baton Pass
|teampreview
|
|start
|switch|p1a: Krookodile|Krookodile, F|394\/394
|switch|p2a: Basic Bish Killa|Diancie|241\/241
|-ability|p1a: Krookodile|Intimidate|[of] p2a: Basic Bish Killa
|-fail|p2a: Basic Bish Killa|unboost|[from] ability: Clear Body|[of] p2a: Basic Bish Killa
|turn|1
|
|switch|p1a: Blissey|Blissey, F|651\/651
|switch|p2a: Hail Hydra|Hydreigon, M|325\/325
|
|turn|2
|
|switch|p2a: Magi|Celebi|341\/341
|move|p1a: Blissey|Toxic|p2a: Magi
|-status|p2a: Magi|tox
|
|-damage|p2a: Magi|320\/341 tox|[from] psn
|turn|3
|
|switch|p2a: Mohawke|Scrafty, M|334\/334
|move|p1a: Blissey|Seismic Toss|p2a: Mohawke
|-damage|p2a: Mohawke|234\/334
|
|-heal|p2a: Mohawke|254\/334|[from] item: Leftovers
|turn|4
|
|switch|p1a: Crobat|Crobat, M|374\/374
|move|p2a: Mohawke|Drain Punch|p1a: Crobat
|-resisted|p1a: Crobat
|-damage|p1a: Crobat|353\/374
|-heal|p2a: Mohawke|265\/334|[from] drain|[of] p1a: Crobat
|
|-heal|p1a: Crobat|374\/374|[from] item: Black Sludge
|-heal|p2a: Mohawke|285\/334|[from] item: Leftovers
|turn|5
|
|switch|p2a: Basic Bish Killa|Diancie|241\/241
|move|p1a: Crobat|Brave Bird|p2a: Basic Bish Killa
|-resisted|p2a: Basic Bish Killa
|-damage|p2a: Basic Bish Killa|194\/241
|-damage|p1a: Crobat|358\/374|[from] recoil|[of] p2a: Basic Bish Killa
|
|-heal|p1a: Crobat|374\/374|[from] item: Black Sludge
|turn|6
|
|switch|p1a: Jirachi|Jirachi|341\/341
|detailschange|p2a: Basic Bish Killa|Diancie-Mega
|-mega|p2a: Basic Bish Killa|Diancie|Diancite
|move|p2a: Basic Bish Killa|Diamond Storm|p1a: Jirachi
|-crit|p1a: Jirachi
|-resisted|p1a: Jirachi
|-damage|p1a: Jirachi|204\/341
|-boost|p2a: Basic Bish Killa|def|1
|
|turn|7
|
|switch|p2a: Mohawke|Scrafty, M|285\/334
|move|p1a: Jirachi|Iron Head|p2a: Mohawke
|-damage|p2a: Mohawke|210\/334
|
|-heal|p2a: Mohawke|230\/334|[from] item: Leftovers
|turn|8
|
|switch|p1a: Crobat|Crobat, M|374\/374
|move|p2a: Mohawke|Bulk Up|p2a: Mohawke
|-boost|p2a: Mohawke|atk|1
|-boost|p2a: Mohawke|def|1
|
|-heal|p2a: Mohawke|250\/334|[from] item: Leftovers
|turn|9
|
|switch|p2a: Basic Bish Killa|Diancie-Mega|194\/241
|move|p1a: Crobat|Brave Bird|p2a: Basic Bish Killa
|-resisted|p2a: Basic Bish Killa
|-damage|p2a: Basic Bish Killa|132\/241
|-damage|p1a: Crobat|354\/374|[from] recoil|[of] p2a: Basic Bish Killa
|
|-heal|p1a: Crobat|374\/374|[from] item: Black Sludge
|turn|10
|
|switch|p1a: Blissey|Blissey, F|651\/651
|move|p2a: Basic Bish Killa|Earth Power|p1a: Blissey
|-damage|p1a: Blissey|575\/651
|
|-heal|p1a: Blissey|615\/651|[from] item: Leftovers
|turn|11
|
|move|p2a: Basic Bish Killa|Diamond Storm|p1a: Blissey
|-damage|p1a: Blissey|281\/651
|move|p1a: Blissey|Seismic Toss|p2a: Basic Bish Killa
|-damage|p2a: Basic Bish Killa|32\/241
|
|-heal|p1a: Blissey|321\/651|[from] item: Leftovers
|turn|12
|
|move|p1a: Blissey|Protect|p1a: Blissey
|-singleturn|p1a: Blissey|Protect
|move|p2a: Basic Bish Killa|Diamond Storm|p1a: Blissey
|-activate|p1a: Blissey|Protect
|
|-heal|p1a: Blissey|361\/651|[from] item: Leftovers
|turn|13
|
|switch|p2a: Jet Li|Infernape, M|293\/293
|switch|p1a: Krookodile|Krookodile, F|394\/394
|-ability|p1a: Krookodile|Intimidate|[of] p2a: Jet Li
|-unboost|p2a: Jet Li|atk|1
|
|turn|14
|
|move|p2a: Jet Li|Close Combat|p1a: Krookodile
|-supereffective|p1a: Krookodile
|-damage|p1a: Krookodile|200\/394
|-unboost|p2a: Jet Li|def|1
|-unboost|p2a: Jet Li|spd|1
|move|p1a: Krookodile|Earthquake|p2a: Jet Li
|-supereffective|p2a: Jet Li
|-enditem|p2a: Jet Li|Focus Sash
|-damage|p2a: Jet Li|1\/293
|
|-heal|p1a: Krookodile|224\/394|[from] item: Leftovers
|turn|15
|
|switch|p2a: Mohawke|Scrafty, M|250\/334
|switch|p1a: Crobat|Crobat, M|374\/374
|
|-heal|p2a: Mohawke|270\/334|[from] item: Leftovers
|turn|16
|
|switch|p2a: Hail Hydra|Hydreigon, M|325\/325
|move|p1a: Crobat|Brave Bird|p2a: Hail Hydra
|-damage|p2a: Hail Hydra|175\/325
|-damage|p1a: Crobat|324\/374|[from] recoil|[of] p2a: Hail Hydra
|
|-heal|p1a: Crobat|347\/374|[from] item: Black Sludge
|turn|17
|
|switch|p1a: Blissey|Blissey, F|361\/651
|move|p2a: Hail Hydra|Draco Meteor|p1a: Blissey
|-damage|p1a: Blissey|240\/651
|-unboost|p2a: Hail Hydra|spa|2
|
|-heal|p1a: Blissey|280\/651|[from] item: Leftovers
|turn|18
|
|switch|p2a: Mohawke|Scrafty, M|270\/334
|move|p1a: Blissey|Wish|p1a: Blissey
|
|-heal|p2a: Mohawke|290\/334|[from] item: Leftovers
|-heal|p1a: Blissey|320\/651|[from] item: Leftovers
|turn|19
|
|switch|p1a: Crobat|Crobat, M|347\/374
|move|p2a: Mohawke|Drain Punch|p1a: Crobat
|-resisted|p1a: Crobat
|-damage|p1a: Crobat|329\/374
|-heal|p2a: Mohawke|299\/334|[from] drain|[of] p1a: Crobat
|
|-heal|p1a: Crobat|374\/374|[from] move: Wish|[wisher] Blissey
|-heal|p2a: Mohawke|319\/334|[from] item: Leftovers
|turn|20
|-message|tetsuokaneda forfeited.
|leave|tetsuokaneda
|
|win|algohol warning
|raw|Ladder updating...
|player|p2
|raw|algohol warning's rating: 1266 &rarr; <strong>1290<\/strong><br \/>(+24 for winning)
|raw|tetsuokaneda's rating: 1249 &rarr; <strong>1225<\/strong><br \/>(-24 for losing)