|join|Geobrodude
|join|algohol warning
|player|p1|Geobrodude|76
|player|p2|algohol warning|79
|gametype|singles
|gen|6
|tier|UU
|rated
|rule|Sleep Clause Mod: Limit one foe put to sleep
|rule|Species Clause: Limit one of each PokÃ©mon
|rule|OHKO Clause: OHKO moves are banned
|rule|Moody Clause: Moody is banned
|rule|Evasion Moves Clause: Evasion moves are banned
|rule|Endless Battle Clause: Forcing endless battles is banned
|rule|HP Percentage Mod: HP is shown in percentages
|clearpoke
|poke|p1|Infernape, M
|poke|p1|Roserade, M
|poke|p1|Donphan, M
|poke|p1|Honchkrow, M
|poke|p1|Jolteon, M
|poke|p1|Chandelure, M
|poke|p2|Galvantula, M
|poke|p2|Tornadus, M
|poke|p2|Jirachi
|poke|p2|Blastoise, F
|poke|p2|Machamp, M
|poke|p2|Infernape, M
|rule|Swagger Clause: Swagger is banned
|rule|Baton Pass Clause: Limit one PokÃ©mon knowing Baton Pass
|teampreview
|c|âGeobrodude|gl hf
|
|start
|switch|p1a: Don Leone|Donphan, M|384\/384
|switch|p2a: Infernape|Infernape, M|293\/293
|turn|1
|
|move|p2a: Infernape|Grass Knot|p1a: Don Leone
|-supereffective|p1a: Don Leone
|-damage|p1a: Don Leone|41\/384
|-damage|p2a: Infernape|264\/293|[from] item: Life Orb
|move|p1a: Don Leone|Earthquake|p2a: Infernape
|-supereffective|p2a: Infernape
|-damage|p2a: Infernape|0 fnt
|faint|p2a: Infernape
|
|-heal|p1a: Don Leone|65\/384|[from] item: Leftovers
|
|switch|p2a: Galvantula|Galvantula, M|281\/281
|turn|2
|
|move|p2a: Galvantula|Giga Drain|p1a: Don Leone
|-supereffective|p1a: Don Leone
|-damage|p1a: Don Leone|0 fnt
|faint|p1a: Don Leone
|
|
|switch|p1a: Pricklebutt|Jolteon, M|271\/271
|turn|3
|
|move|p1a: Pricklebutt|Volt Switch|p2a: Galvantula
|-resisted|p2a: Galvantula
|-damage|p2a: Galvantula|200\/281
|
|switch|p1a: A Pimp Named Honch|Honchkrow, M|341\/341
|move|p2a: Galvantula|Sticky Web|p1a: A Pimp Named Honch
|-sidestart|p1: Geobrodude|move: Sticky Web
|
|turn|4
|
|move|p1a: A Pimp Named Honch|Sucker Punch|p2a: Galvantula
|-damage|p2a: Galvantula|0 fnt
|-damage|p1a: A Pimp Named Honch|307\/341|[from] item: Life Orb
|faint|p2a: Galvantula
|-boost|p1a: A Pimp Named Honch|atk|1|[from] ability: Moxie
|
|
|switch|p2a: Blastoise|Blastoise, F|327\/327
|turn|5
|
|switch|p1a: Machiavelli|Roserade, M|261\/261
|-activate|p1a: Machiavelli|move: Sticky Web
|-unboost|p1a: Machiavelli|spe|1
|detailschange|p2a: Blastoise|Blastoise-Mega, F
|-mega|p2a: Blastoise|Blastoise|Blastoisinite
|move|p2a: Blastoise|Ice Beam|p1a: Machiavelli
|-supereffective|p1a: Machiavelli
|-damage|p1a: Machiavelli|25\/261
|
|turn|6
|
|move|p2a: Blastoise|Ice Beam|p1a: Machiavelli
|-supereffective|p1a: Machiavelli
|-damage|p1a: Machiavelli|0 fnt
|faint|p1a: Machiavelli
|
|
|switch|p1a: Pricklebutt|Jolteon, M|271\/271
|-activate|p1a: Pricklebutt|move: Sticky Web
|-unboost|p1a: Pricklebutt|spe|1
|turn|7
|
|move|p1a: Pricklebutt|Thunderbolt|p2a: Blastoise
|-supereffective|p2a: Blastoise
|-damage|p2a: Blastoise|37\/327
|move|p2a: Blastoise|Scald|p1a: Pricklebutt
|-damage|p1a: Pricklebutt|114\/271
|
|turn|8
|
|move|p1a: Pricklebutt|Volt Switch|p2a: Blastoise
|-supereffective|p2a: Blastoise
|-damage|p2a: Blastoise|0 fnt
|faint|p2a: Blastoise
|
|switch|p1a: A Pimp Named Honch|Honchkrow, M|307\/341
|
|
|switch|p2a: Jirachi|Jirachi|404\/404
|turn|9
|
|switch|p1a: Morningstar|Chandelure, M|261\/261
|-activate|p1a: Morningstar|move: Sticky Web
|-unboost|p1a: Morningstar|spe|1
|move|p2a: Jirachi|Substitute|p2a: Jirachi
|-start|p2a: Jirachi|Substitute
|-damage|p2a: Jirachi|303\/404
|
|-heal|p2a: Jirachi|328\/404|[from] item: Leftovers
|turn|10
|
|move|p1a: Morningstar|Flamethrower|p2a: Jirachi
|-supereffective|p2a: Jirachi
|-damage|p2a: Jirachi|0 fnt
|faint|p2a: Jirachi
|
|
|switch|p2a: Tornadus|Tornadus, M|299\/299
|turn|11
|
|move|p2a: Tornadus|Knock Off|p1a: Morningstar
|-supereffective|p1a: Morningstar
|-damage|p1a: Morningstar|35\/261
|-enditem|p1a: Morningstar|Choice Scarf|[from] move: Knock Off|[of] p2a: Tornadus
|move|p1a: Morningstar|Flamethrower|p2a: Tornadus
|-damage|p2a: Tornadus|94\/299
|-status|p2a: Tornadus|brn
|
|-damage|p2a: Tornadus|57\/299 brn|[from] brn
|turn|12
|
|move|p2a: Tornadus|Acrobatics|p1a: Morningstar
|-damage|p1a: Morningstar|0 fnt
|faint|p1a: Morningstar
|
|-damage|p2a: Tornadus|20\/299 brn|[from] brn
|
|switch|p1a: Bussines|Infernape, M|293\/293
|-activate|p1a: Bussines|move: Sticky Web
|-unboost|p1a: Bussines|spe|1
|turn|13
|
|move|p1a: Bussines|Mach Punch|p2a: Tornadus
|-resisted|p2a: Tornadus
|-damage|p2a: Tornadus|0 fnt
|-damage|p1a: Bussines|264\/293|[from] item: Life Orb
|faint|p2a: Tornadus
|
|
|switch|p2a: Machamp|Machamp, M|334\/334
|turn|14
|
|move|p1a: Bussines|Close Combat|p2a: Machamp
|-damage|p2a: Machamp|69\/334
|-unboost|p1a: Bussines|def|1
|-unboost|p1a: Bussines|spd|1
|-damage|p1a: Bussines|235\/293|[from] item: Life Orb
|move|p2a: Machamp|Close Combat|p1a: Bussines
|-damage|p1a: Bussines|0 fnt
|-unboost|p2a: Machamp|def|1
|-unboost|p2a: Machamp|spd|1
|faint|p1a: Bussines
|
|
|switch|p1a: Pricklebutt|Jolteon, M|114\/271
|-activate|p1a: Pricklebutt|move: Sticky Web
|-unboost|p1a: Pricklebutt|spe|1
|turn|15
|
|move|p1a: Pricklebutt|Volt Switch|p2a: Machamp
|-damage|p2a: Machamp|0 fnt
|faint|p2a: Machamp
|
|win|Geobrodude
|raw|Ladder updating...
|raw|Geobrodude's rating: 1505 &rarr; <strong>1516<\/strong><br \/>(+11 for winning)
|raw|algohol warning's rating: 1335 &rarr; <strong>1324<\/strong><br \/>(-11 for losing)
|c|âGeobrodude|gg
|leave|algohol warning
|player|p2
|leave|Geobrodude
|player|p1
|join|Geobrodude