|join|algohol warning
|join|miguel56893
|player|p1|algohol warning|79
|player|p2|miguel56893|290
|gametype|singles
|gen|6
|tier|UU
|rated
|rule|Sleep Clause Mod: Limit one foe put to sleep
|rule|Species Clause: Limit one of each PokÃ©mon
|rule|OHKO Clause: OHKO moves are banned
|rule|Moody Clause: Moody is banned
|rule|Evasion Moves Clause: Evasion moves are banned
|rule|Endless Battle Clause: Forcing endless battles is banned
|rule|HP Percentage Mod: HP is shown in percentages
|clearpoke
|poke|p1|Blissey, F
|poke|p1|Krookodile, M
|poke|p1|Ampharos, M
|poke|p1|Suicune
|poke|p1|Crobat, M
|poke|p1|Jirachi
|poke|p2|Yanmega, F
|poke|p2|Quagsire, F
|poke|p2|Scrafty, M
|poke|p2|Serperior, F
|poke|p2|Forretress, F
|poke|p2|Diancie
|rule|Swagger Clause: Swagger is banned
|rule|Baton Pass Clause: Limit one PokÃ©mon knowing Baton Pass
|teampreview
|
|start
|switch|p1a: Krookodile|Krookodile, M|394\/394
|switch|p2a: Forretress|Forretress, F|354\/354
|-ability|p1a: Krookodile|Intimidate|[of] p2a: Forretress
|-unboost|p2a: Forretress|atk|1
|turn|1
|
|move|p1a: Krookodile|Taunt|p2a: Forretress
|-start|p2a: Forretress|move: Taunt
|cant|p2a: Forretress|move: Taunt|Stealth Rock
|
|turn|2
|
|switch|p2a: Diancie|Diancie|241\/241
|move|p1a: Krookodile|Stealth Rock|p2a: Diancie
|-sidestart|p2: miguel56893|move: Stealth Rock
|
|turn|3
|
|switch|p1a: Jirachi|Jirachi|341\/341
|detailschange|p2a: Diancie|Diancie-Mega
|-mega|p2a: Diancie|Diancie|Diancite
|move|p2a: Diancie|Moonblast|p1a: Jirachi
|-resisted|p1a: Jirachi
|-damage|p1a: Jirachi|251\/341
|
|turn|4
|
|switch|p2a: Quagsire|Quagsire, F|394\/394
|-damage|p2a: Quagsire|370\/394|[from] Stealth Rock
|move|p1a: Jirachi|Iron Head|p2a: Quagsire
|-resisted|p2a: Quagsire
|-damage|p2a: Quagsire|322\/394
|
|-heal|p2a: Quagsire|346\/394|[from] item: Leftovers
|turn|5
|
|switch|p1a: Suicune|Suicune|369\/369
|-ability|p1a: Suicune|Pressure
|move|p2a: Quagsire|Curse|p2a: Quagsire
|-boost|p2a: Quagsire|atk|1
|-boost|p2a: Quagsire|def|1
|-unboost|p2a: Quagsire|spe|1
|
|-heal|p2a: Quagsire|370\/394|[from] item: Leftovers
|turn|6
|
|move|p1a: Suicune|Substitute|p1a: Suicune
|-start|p1a: Suicune|Substitute
|-damage|p1a: Suicune|277\/369
|move|p2a: Quagsire|Curse|p2a: Quagsire
|-boost|p2a: Quagsire|atk|1
|-boost|p2a: Quagsire|def|1
|-unboost|p2a: Quagsire|spe|1
|
|-heal|p1a: Suicune|300\/369|[from] item: Leftovers
|-heal|p2a: Quagsire|394\/394|[from] item: Leftovers
|turn|7
|
|move|p1a: Suicune|Calm Mind|p1a: Suicune
|-boost|p1a: Suicune|spa|1
|-boost|p1a: Suicune|spd|1
|move|p2a: Quagsire|Earthquake|p1a: Suicune
|-end|p1a: Suicune|Substitute
|
|-heal|p1a: Suicune|323\/369|[from] item: Leftovers
|turn|8
|
|move|p1a: Suicune|Scald|p2a: Quagsire
|-immune|p2a: Quagsire|[msg]
|move|p2a: Quagsire|Earthquake|p1a: Suicune
|-damage|p1a: Suicune|134\/369
|
|-heal|p1a: Suicune|157\/369|[from] item: Leftovers
|turn|9
|
|switch|p1a: Crobat|Crobat, M|374\/374
|move|p2a: Quagsire|Earthquake|p1a: Crobat
|-immune|p1a: Crobat|[msg]
|
|turn|10
|
|move|p1a: Crobat|Toxic|p2a: Quagsire
|-status|p2a: Quagsire|tox
|move|p2a: Quagsire|Waterfall|p1a: Crobat
|-damage|p1a: Crobat|214\/374
|
|-heal|p1a: Crobat|237\/374|[from] item: Black Sludge
|-damage|p2a: Quagsire|370\/394 tox|[from] psn
|turn|11
|
|switch|p1a: Blissey|Blissey, F|651\/651
|move|p2a: Quagsire|Waterfall|p1a: Blissey
|-damage|p1a: Blissey|306\/651
|
|-heal|p1a: Blissey|346\/651|[from] item: Leftovers
|-heal|p2a: Quagsire|394\/394 tox|[from] item: Leftovers
|-damage|p2a: Quagsire|346\/394 tox|[from] psn
|turn|12
|
|move|p1a: Blissey|Protect|p1a: Blissey
|-singleturn|p1a: Blissey|Protect
|move|p2a: Quagsire|Earthquake|p1a: Blissey
|-activate|p1a: Blissey|Protect
|
|-heal|p1a: Blissey|386\/651|[from] item: Leftovers
|-heal|p2a: Quagsire|370\/394 tox|[from] item: Leftovers
|-damage|p2a: Quagsire|298\/394 tox|[from] psn
|turn|13
|
|switch|p1a: Crobat|Crobat, M|237\/374
|move|p2a: Quagsire|Earthquake|p1a: Crobat
|-immune|p1a: Crobat|[msg]
|
|-heal|p1a: Crobat|260\/374|[from] item: Black Sludge
|-heal|p2a: Quagsire|322\/394 tox|[from] item: Leftovers
|-damage|p2a: Quagsire|226\/394 tox|[from] psn
|turn|14
|
|switch|p2a: Forretress|Forretress, F|354\/354
|-damage|p2a: Forretress|310\/354|[from] Stealth Rock
|move|p1a: Crobat|Roost|p1a: Crobat
|-heal|p1a: Crobat|374\/374
|
|-heal|p2a: Forretress|332\/354|[from] item: Leftovers
|turn|15
|
|switch|p1a: Blissey|Blissey, F|386\/651
|move|p2a: Forretress|Stealth Rock|p1a: Blissey
|-sidestart|p1: algohol warning|move: Stealth Rock
|
|-heal|p1a: Blissey|426\/651|[from] item: Leftovers
|-heal|p2a: Forretress|354\/354|[from] item: Leftovers
|turn|16
|
|move|p1a: Blissey|Wish|p1a: Blissey
|move|p2a: Forretress|Rapid Spin|p1a: Blissey
|-damage|p1a: Blissey|397\/651
|-sideend|p2: miguel56893|Stealth Rock|[from] move: Rapid Spin|[of] p2a: Forretress
|
|-heal|p1a: Blissey|437\/651|[from] item: Leftovers
|turn|17
|
|switch|p1a: Suicune|Suicune|157\/369
|-damage|p1a: Suicune|111\/369|[from] Stealth Rock
|-ability|p1a: Suicune|Pressure
|move|p2a: Forretress|Gyro Ball|p1a: Suicune
|-resisted|p1a: Suicune
|-damage|p1a: Suicune|76\/369
|
|-heal|p1a: Suicune|369\/369|[from] move: Wish|[wisher] Blissey
|turn|18
|
|move|p1a: Suicune|Substitute|p1a: Suicune
|-start|p1a: Suicune|Substitute
|-damage|p1a: Suicune|277\/369
|move|p2a: Forretress|Volt Switch|p1a: Suicune
|-supereffective|p1a: Suicune
|-activate|p1a: Suicune|Substitute|[damage]
|
|switch|p2a: Serperior|Serperior, F|291\/291
|
|-heal|p1a: Suicune|300\/369|[from] item: Leftovers
|turn|19
|
|move|p2a: Serperior|Leaf Storm|p1a: Suicune
|-supereffective|p1a: Suicune
|-end|p1a: Suicune|Substitute
|-boost|p2a: Serperior|spa|2
|move|p1a: Suicune|Ice Beam|p2a: Serperior
|-supereffective|p2a: Serperior
|-damage|p2a: Serperior|109\/291
|
|-heal|p1a: Suicune|323\/369|[from] item: Leftovers
|turn|20
|
|switch|p1a: Crobat|Crobat, M|374\/374
|-damage|p1a: Crobat|281\/374|[from] Stealth Rock
|move|p2a: Serperior|Leaf Storm|p1a: Crobat
|-resisted|p1a: Crobat
|-damage|p1a: Crobat|192\/374
|-boost|p2a: Serperior|spa|2
|
|-heal|p1a: Crobat|215\/374|[from] item: Black Sludge
|turn|21
|
|switch|p2a: Forretress|Forretress, F|354\/354
|move|p1a: Crobat|Roost|p1a: Crobat
|-heal|p1a: Crobat|374\/374
|
|turn|22
|
|move|p1a: Crobat|Defog|p2a: Forretress
|-unboost|p2a: Forretress|evasion|1
|-sideend|p1: algohol warning|Stealth Rock|[from] move: Defog|[of] p1a: Crobat
|move|p2a: Forretress|Gyro Ball|p1a: Crobat
|-damage|p1a: Crobat|257\/374
|
|-heal|p1a: Crobat|280\/374|[from] item: Black Sludge
|turn|23
|
|switch|p1a: Suicune|Suicune|323\/369
|-ability|p1a: Suicune|Pressure
|move|p2a: Forretress|Stealth Rock|p1a: Suicune
|-sidestart|p1: algohol warning|move: Stealth Rock
|
|-heal|p1a: Suicune|346\/369|[from] item: Leftovers
|turn|24
|
|move|p1a: Suicune|Substitute|p1a: Suicune
|-start|p1a: Suicune|Substitute
|-damage|p1a: Suicune|254\/369
|move|p2a: Forretress|Volt Switch|p1a: Suicune
|-supereffective|p1a: Suicune
|-activate|p1a: Suicune|Substitute|[damage]
|
|switch|p2a: Quagsire|Quagsire, F|226\/394 tox
|
|-heal|p1a: Suicune|277\/369|[from] item: Leftovers
|-heal|p2a: Quagsire|250\/394 tox|[from] item: Leftovers
|-damage|p2a: Quagsire|226\/394 tox|[from] psn
|turn|25
|
|move|p1a: Suicune|Calm Mind|p1a: Suicune
|-boost|p1a: Suicune|spa|1
|-boost|p1a: Suicune|spd|1
|move|p2a: Quagsire|Curse|p2a: Quagsire
|-boost|p2a: Quagsire|atk|1
|-boost|p2a: Quagsire|def|1
|-unboost|p2a: Quagsire|spe|1
|
|-heal|p1a: Suicune|300\/369|[from] item: Leftovers
|-heal|p2a: Quagsire|250\/394 tox|[from] item: Leftovers
|-damage|p2a: Quagsire|202\/394 tox|[from] psn
|turn|26
|
|move|p1a: Suicune|Ice Beam|p2a: Quagsire
|-damage|p2a: Quagsire|20\/394 tox
|move|p2a: Quagsire|Earthquake|p1a: Suicune
|-end|p1a: Suicune|Substitute
|
|-heal|p1a: Suicune|323\/369|[from] item: Leftovers
|-heal|p2a: Quagsire|44\/394 tox|[from] item: Leftovers
|-damage|p2a: Quagsire|0 fnt|[from] psn
|faint|p2a: Quagsire
|
|switch|p2a: Scrafty|Scrafty, M|334\/334
|turn|27
|
|move|p1a: Suicune|Scald|p2a: Scrafty
|-damage|p2a: Scrafty|214\/334
|-status|p2a: Scrafty|brn
|move|p2a: Scrafty|Bulk Up|p2a: Scrafty
|-boost|p2a: Scrafty|atk|1
|-boost|p2a: Scrafty|def|1
|
|-heal|p1a: Suicune|346\/369|[from] item: Leftovers
|-heal|p2a: Scrafty|234\/334 brn|[from] item: Leftovers
|-damage|p2a: Scrafty|193\/334 brn|[from] brn
|turn|28
|
|move|p1a: Suicune|Scald|p2a: Scrafty
|-damage|p2a: Scrafty|79\/334 brn
|move|p2a: Scrafty|Bulk Up|p2a: Scrafty
|-boost|p2a: Scrafty|atk|1
|-boost|p2a: Scrafty|def|1
|
|-heal|p1a: Suicune|369\/369|[from] item: Leftovers
|-heal|p2a: Scrafty|99\/334 brn|[from] item: Leftovers
|-damage|p2a: Scrafty|58\/334 brn|[from] brn
|turn|29
|
|switch|p2a: Serperior|Serperior, F|109\/291
|move|p1a: Suicune|Scald|p2a: Serperior
|-resisted|p2a: Serperior
|-damage|p2a: Serperior|13\/291
|
|turn|30
|
|switch|p1a: Blissey|Blissey, F|437\/651
|-damage|p1a: Blissey|356\/651|[from] Stealth Rock
|move|p2a: Serperior|Leaf Storm|p1a: Blissey
|-damage|p1a: Blissey|271\/651
|-boost|p2a: Serperior|spa|2
|
|-heal|p1a: Blissey|311\/651|[from] item: Leftovers
|turn|31
|
|switch|p2a: Scrafty|Scrafty, M|58\/334 brn
|move|p1a: Blissey|Wish|p1a: Blissey
|
|-heal|p2a: Scrafty|78\/334 brn|[from] item: Leftovers
|-heal|p1a: Blissey|351\/651|[from] item: Leftovers
|-damage|p2a: Scrafty|37\/334 brn|[from] brn
|turn|32
|
|move|p2a: Scrafty|Rest|p2a: Scrafty
|-status|p2a: Scrafty|slp
|-heal|p2a: Scrafty|334\/334 slp|[silent]
|-status|p2a: Scrafty|slp|[from] move: Rest
|move|p1a: Blissey|Seismic Toss|p2a: Scrafty
|-damage|p2a: Scrafty|234\/334 slp
|
|-heal|p1a: Blissey|651\/651|[from] move: Wish|[wisher] Blissey
|-heal|p2a: Scrafty|254\/334 slp|[from] item: Leftovers
|turn|33
|
|switch|p1a: Crobat|Crobat, M|280\/374
|-damage|p1a: Crobat|187\/374|[from] Stealth Rock
|cant|p2a: Scrafty|slp
|
|-heal|p1a: Crobat|210\/374|[from] item: Black Sludge
|-heal|p2a: Scrafty|274\/334 slp|[from] item: Leftovers
|turn|34
|
|move|p1a: Crobat|Brave Bird|p2a: Scrafty
|-supereffective|p2a: Scrafty
|-damage|p2a: Scrafty|40\/334 slp
|-damage|p1a: Crobat|133\/374|[from] recoil|[of] p2a: Scrafty
|cant|p2a: Scrafty|slp
|
|-heal|p1a: Crobat|156\/374|[from] item: Black Sludge
|-heal|p2a: Scrafty|60\/334 slp|[from] item: Leftovers
|turn|35
|
|switch|p2a: Diancie|Diancie-Mega|241\/241
|move|p1a: Crobat|Defog|p2a: Diancie
|move|p2a: Diancie|Defog|p1a: Crobat|[from]Magic Bounce
|-unboost|p1a: Crobat|evasion|1
|-sideend|p1: algohol warning|Stealth Rock|[from] move: Defog|[of] p1a: Crobat
|
|-heal|p1a: Crobat|179\/374|[from] item: Black Sludge
|turn|36
|
|switch|p1a: Krookodile|Krookodile, M|394\/394
|-ability|p1a: Krookodile|Intimidate|[of] p2a: Diancie
|-unboost|p2a: Diancie|atk|1
|move|p2a: Diancie|Diamond Storm|p1a: Krookodile
|-resisted|p1a: Krookodile
|-damage|p1a: Krookodile|341\/394
|-boost|p2a: Diancie|def|1
|
|-heal|p1a: Krookodile|365\/394|[from] item: Leftovers
|turn|37
|
|switch|p1a: Blissey|Blissey, F|651\/651
|move|p2a: Diancie|Moonblast|p1a: Blissey
|-crit|p1a: Blissey
|-damage|p1a: Blissey|467\/651
|
|-heal|p1a: Blissey|507\/651|[from] item: Leftovers
|turn|38
|
|switch|p2a: Scrafty|Scrafty, M|60\/334 slp
|move|p1a: Blissey|Seismic Toss|p2a: Scrafty
|-damage|p2a: Scrafty|0 fnt
|faint|p2a: Scrafty
|
|-heal|p1a: Blissey|547\/651|[from] item: Leftovers
|
|switch|p2a: Diancie|Diancie-Mega|241\/241
|turn|39
|
|move|p1a: Blissey|Protect|p1a: Blissey
|-singleturn|p1a: Blissey|Protect
|move|p2a: Diancie|Diamond Storm|p1a: Blissey
|-activate|p1a: Blissey|Protect
|
|-heal|p1a: Blissey|587\/651|[from] item: Leftovers
|turn|40
|
|move|p2a: Diancie|Diamond Storm|p1a: Blissey
|-damage|p1a: Blissey|262\/651
|move|p1a: Blissey|Wish|p1a: Blissey
|
|-heal|p1a: Blissey|302\/651|[from] item: Leftovers
|turn|41
|
|switch|p1a: Jirachi|Jirachi|251\/341
|move|p2a: Diancie|Diamond Storm|p1a: Jirachi
|-miss|p2a: Diancie|p1a: Jirachi
|
|-heal|p1a: Jirachi|341\/341|[from] move: Wish|[wisher] Blissey
|turn|42
|
|switch|p2a: Forretress|Forretress, F|354\/354
|move|p1a: Jirachi|Iron Head|p2a: Forretress
|-resisted|p2a: Forretress
|-damage|p2a: Forretress|322\/354
|
|-heal|p2a: Forretress|344\/354|[from] item: Leftovers
|turn|43
|
|switch|p1a: Suicune|Suicune|369\/369
|-ability|p1a: Suicune|Pressure
|move|p2a: Forretress|Stealth Rock|p1a: Suicune
|-sidestart|p1: algohol warning|move: Stealth Rock
|
|-heal|p2a: Forretress|354\/354|[from] item: Leftovers
|turn|44
|
|move|p1a: Suicune|Substitute|p1a: Suicune
|-start|p1a: Suicune|Substitute
|-damage|p1a: Suicune|277\/369
|move|p2a: Forretress|Volt Switch|p1a: Suicune
|-supereffective|p1a: Suicune
|-activate|p1a: Suicune|Substitute|[damage]
|
|switch|p2a: Diancie|Diancie-Mega|241\/241
|
|-heal|p1a: Suicune|300\/369|[from] item: Leftovers
|turn|45
|
|move|p2a: Diancie|Moonblast|p1a: Suicune
|-end|p1a: Suicune|Substitute
|move|p1a: Suicune|Scald|p2a: Diancie
|-supereffective|p2a: Diancie
|-damage|p2a: Diancie|23\/241
|
|-heal|p1a: Suicune|323\/369|[from] item: Leftovers
|turn|46
|
|switch|p1a: Ampharos|Ampharos, M|383\/383
|-damage|p1a: Ampharos|336\/383|[from] Stealth Rock
|move|p2a: Diancie|Moonblast|p1a: Ampharos
|-damage|p1a: Ampharos|131\/383
|-unboost|p1a: Ampharos|spa|1
|
|turn|47
|
|detailschange|p1a: Ampharos|Ampharos-Mega, M
|-mega|p1a: Ampharos|Ampharos|Ampharosite
|-ability|p1a: Ampharos|Mold Breaker
|move|p2a: Diancie|Diamond Storm|p1a: Ampharos
|-damage|p1a: Ampharos|0 fnt
|faint|p1a: Ampharos
|
|
|switch|p1a: Jirachi|Jirachi|341\/341
|-damage|p1a: Jirachi|320\/341|[from] Stealth Rock
|turn|48
|
|switch|p2a: Yanmega|Yanmega, F|313\/313
|move|p1a: Jirachi|Fire Punch|p2a: Yanmega
|-supereffective|p2a: Yanmega
|-damage|p2a: Yanmega|133\/313
|
|turn|49
|
|move|p1a: Jirachi|Fire Punch|p2a: Yanmega
|-supereffective|p2a: Yanmega
|-damage|p2a: Yanmega|0 fnt
|faint|p2a: Yanmega
|
|-message|miguel56893 forfeited.
|
|win|algohol warning
|raw|Ladder updating...
|leave|miguel56893
|player|p2
|raw|algohol warning's rating: 1161 &rarr; <strong>1185<\/strong><br \/>(+24 for winning)
|raw|miguel56893's rating: 1138 &rarr; <strong>1115<\/strong><br \/>(-23 for losing)
|leave|algohol warning
|player|p1