|join|taoke
|join|algohol warning
|player|p1|taoke|1
|player|p2|algohol warning|79
|gametype|singles
|gen|6
|tier|UU
|rated
|rule|Sleep Clause Mod: Limit one foe put to sleep
|rule|Species Clause: Limit one of each PokÃ©mon
|rule|OHKO Clause: OHKO moves are banned
|rule|Moody Clause: Moody is banned
|rule|Evasion Moves Clause: Evasion moves are banned
|rule|Endless Battle Clause: Forcing endless battles is banned
|rule|HP Percentage Mod: HP is shown in percentages
|clearpoke
|poke|p1|Azelf
|poke|p1|Hydreigon, M
|poke|p1|Vaporeon, F
|poke|p1|Donphan, M
|poke|p1|Roserade, F
|poke|p1|Beedrill, M
|poke|p2|Roserade, M
|poke|p2|Aggron, F
|poke|p2|Milotic, M
|poke|p2|Florges, F
|poke|p2|Entei, shiny
|poke|p2|Tentacruel, F
|rule|Swagger Clause: Swagger is banned
|rule|Baton Pass Clause: Limit one PokÃ©mon knowing Baton Pass
|teampreview
|
|start
|switch|p1a: Azelf|Azelf|292\/292
|switch|p2a: Aggron|Aggron, F|344\/344
|turn|1
|
|detailschange|p2a: Aggron|Aggron-Mega, F
|-mega|p2a: Aggron|Aggron|Aggronite
|move|p1a: Azelf|Stealth Rock|p2a: Aggron
|-sidestart|p2: algohol warning|move: Stealth Rock
|move|p2a: Aggron|Heavy Slam|p1a: Azelf
|-damage|p1a: Azelf|58\/292
|
|turn|2
|
|move|p1a: Azelf|Fire Blast|p2a: Aggron
|-supereffective|p2a: Aggron
|-damage|p2a: Aggron|97\/344
|move|p2a: Aggron|Stealth Rock|p1a: Azelf
|-sidestart|p1: taoke|move: Stealth Rock
|
|turn|3
|
|switch|p2a: Entei|Entei, shiny|371\/371
|-damage|p2a: Entei|279\/371|[from] Stealth Rock
|-ability|p2a: Entei|Pressure
|move|p1a: Azelf|Fire Blast|p2a: Entei|[miss]
|-miss|p1a: Azelf|p2a: Entei
|
|turn|4
|
|switch|p1a: Vaporeon|Vaporeon, F|446\/446
|-damage|p1a: Vaporeon|391\/446|[from] Stealth Rock
|move|p2a: Entei|Extreme Speed|p1a: Vaporeon
|-damage|p1a: Vaporeon|229\/446
|
|-heal|p1a: Vaporeon|256\/446|[from] item: Leftovers
|turn|5
|
|switch|p2a: Florges|Florges, F|360\/360
|-damage|p2a: Florges|315\/360|[from] Stealth Rock
|move|p1a: Vaporeon|Wish|p1a: Vaporeon
|
|-heal|p2a: Florges|337\/360|[from] item: Leftovers
|-heal|p1a: Vaporeon|283\/446|[from] item: Leftovers
|turn|6
|
|move|p2a: Florges|Wish|p2a: Florges
|move|p1a: Vaporeon|Scald|p2a: Florges
|-damage|p2a: Florges|268\/360
|
|-heal|p1a: Vaporeon|446\/446|[from] move: Wish|[wisher] Vaporeon
|-heal|p2a: Florges|290\/360|[from] item: Leftovers
|turn|7
|
|switch|p2a: Aggron|Aggron-Mega, F|97\/344
|-damage|p2a: Aggron|76\/344|[from] Stealth Rock
|move|p1a: Vaporeon|Scald|p2a: Aggron
|-damage|p2a: Aggron|0 fnt
|faint|p2a: Aggron
|
|
|switch|p2a: Roserade|Roserade, M|324\/324
|-damage|p2a: Roserade|284\/324|[from] Stealth Rock
|turn|8
|
|move|p1a: Vaporeon|Protect|p1a: Vaporeon
|-singleturn|p1a: Vaporeon|Protect
|move|p2a: Roserade|Sleep Powder|p1a: Vaporeon
|-activate|p1a: Vaporeon|Protect
|
|-heal|p2a: Roserade|304\/324|[from] item: Black Sludge
|turn|9
|
|move|p2a: Roserade|Spikes|p1a: Vaporeon
|-sidestart|p1: taoke|Spikes
|move|p1a: Vaporeon|Ice Beam|p2a: Roserade
|-supereffective|p2a: Roserade
|-damage|p2a: Roserade|186\/324
|
|-heal|p2a: Roserade|206\/324|[from] item: Black Sludge
|turn|10
|
|move|p2a: Roserade|Giga Drain|p1a: Vaporeon
|-supereffective|p1a: Vaporeon
|-damage|p1a: Vaporeon|264\/446
|-heal|p2a: Roserade|297\/324|[from] drain|[of] p1a: Vaporeon
|move|p1a: Vaporeon|Ice Beam|p2a: Roserade
|-supereffective|p2a: Roserade
|-damage|p2a: Roserade|191\/324
|
|-heal|p2a: Roserade|211\/324|[from] item: Black Sludge
|-heal|p1a: Vaporeon|291\/446|[from] item: Leftovers
|turn|11
|
|move|p1a: Vaporeon|Protect|p1a: Vaporeon
|-singleturn|p1a: Vaporeon|Protect
|move|p2a: Roserade|Spikes|p1a: Vaporeon
|-sidestart|p1: taoke|Spikes
|
|-heal|p2a: Roserade|231\/324|[from] item: Black Sludge
|-heal|p1a: Vaporeon|318\/446|[from] item: Leftovers
|turn|12
|
|move|p2a: Roserade|Giga Drain|p1a: Vaporeon
|-supereffective|p1a: Vaporeon
|-damage|p1a: Vaporeon|142\/446
|-heal|p2a: Roserade|319\/324|[from] drain|[of] p1a: Vaporeon
|move|p1a: Vaporeon|Wish|p1a: Vaporeon
|
|-heal|p2a: Roserade|324\/324|[from] item: Black Sludge
|-heal|p1a: Vaporeon|169\/446|[from] item: Leftovers
|turn|13
|
|move|p1a: Vaporeon|Protect|p1a: Vaporeon
|-singleturn|p1a: Vaporeon|Protect
|move|p2a: Roserade|Spikes|p1a: Vaporeon
|-sidestart|p1: taoke|Spikes
|
|-heal|p1a: Vaporeon|392\/446|[from] move: Wish|[wisher] Vaporeon
|-heal|p1a: Vaporeon|419\/446|[from] item: Leftovers
|turn|14
|
|move|p2a: Roserade|Giga Drain|p1a: Vaporeon
|-supereffective|p1a: Vaporeon
|-damage|p1a: Vaporeon|227\/446
|move|p1a: Vaporeon|Ice Beam|p2a: Roserade
|-supereffective|p2a: Roserade
|-damage|p2a: Roserade|210\/324
|
|-heal|p2a: Roserade|230\/324|[from] item: Black Sludge
|-heal|p1a: Vaporeon|254\/446|[from] item: Leftovers
|turn|15
|
|move|p1a: Vaporeon|Protect|p1a: Vaporeon
|-singleturn|p1a: Vaporeon|Protect
|move|p2a: Roserade|Sleep Powder|p1a: Vaporeon
|-activate|p1a: Vaporeon|Protect
|
|-heal|p2a: Roserade|250\/324|[from] item: Black Sludge
|-heal|p1a: Vaporeon|281\/446|[from] item: Leftovers
|turn|16
|
|move|p2a: Roserade|Giga Drain|p1a: Vaporeon
|-supereffective|p1a: Vaporeon
|-damage|p1a: Vaporeon|83\/446
|-heal|p2a: Roserade|324\/324|[from] drain|[of] p1a: Vaporeon
|move|p1a: Vaporeon|Wish|p1a: Vaporeon
|
|-heal|p1a: Vaporeon|110\/446|[from] item: Leftovers
|turn|17
|
|switch|p2a: Milotic|Milotic, M|394\/394
|-damage|p2a: Milotic|345\/394|[from] Stealth Rock
|move|p1a: Vaporeon|Protect|p1a: Vaporeon
|-fail|p1a: Vaporeon
|
|-heal|p1a: Vaporeon|333\/446|[from] move: Wish|[wisher] Vaporeon
|-heal|p2a: Milotic|369\/394|[from] item: Leftovers
|-heal|p1a: Vaporeon|360\/446|[from] item: Leftovers
|turn|18
|
|move|p1a: Vaporeon|Scald|p2a: Milotic
|-resisted|p2a: Milotic
|-damage|p2a: Milotic|328\/394
|move|p2a: Milotic|Dragon Tail|p1a: Vaporeon
|-damage|p1a: Vaporeon|326\/446
|drag|p1a: Roserade|Roserade, F|324\/324
|-damage|p1a: Roserade|284\/324|[from] Stealth Rock
|-damage|p1a: Roserade|203\/324|[from] Spikes
|
|-heal|p1a: Roserade|223\/324|[from] item: Black Sludge
|-heal|p2a: Milotic|352\/394|[from] item: Leftovers
|turn|19
|
|switch|p2a: Tentacruel|Tentacruel, F|364\/364
|-damage|p2a: Tentacruel|319\/364|[from] Stealth Rock
|move|p1a: Roserade|Leech Seed|p2a: Tentacruel
|-start|p2a: Tentacruel|move: Leech Seed
|
|-heal|p2a: Tentacruel|341\/364|[from] item: Black Sludge
|-heal|p1a: Roserade|243\/324|[from] item: Black Sludge
|-damage|p2a: Tentacruel|296\/364|[from] Leech Seed|[of] p1a: Roserade
|-damage|p1a: Roserade|198\/324|[from] ability: Liquid Ooze|[of] p2a: Tentacruel
|turn|20
|
|switch|p1a: Donphan|Donphan, M|384\/384
|-damage|p1a: Donphan|288\/384|[from] Spikes
|-damage|p1a: Donphan|264\/384|[from] Stealth Rock
|move|p2a: Tentacruel|Rapid Spin|p1a: Donphan
|-damage|p1a: Donphan|257\/384
|-end|p2a: Tentacruel|Leech Seed|[from] move: Rapid Spin|[of] p2a: Tentacruel
|-sideend|p2: algohol warning|Stealth Rock|[from] move: Rapid Spin|[of] p2a: Tentacruel
|
|-heal|p2a: Tentacruel|318\/364|[from] item: Black Sludge
|-heal|p1a: Donphan|281\/384|[from] item: Leftovers
|turn|21
|
|move|p2a: Tentacruel|Toxic|p1a: Donphan
|-status|p1a: Donphan|tox
|move|p1a: Donphan|Rapid Spin|p2a: Tentacruel
|-damage|p2a: Tentacruel|294\/364
|-sideend|p1: taoke|Spikes|[from] move: Rapid Spin|[of] p1a: Donphan
|-sideend|p1: taoke|Stealth Rock|[from] move: Rapid Spin|[of] p1a: Donphan
|
|-heal|p2a: Tentacruel|316\/364|[from] item: Black Sludge
|-heal|p1a: Donphan|305\/384 tox|[from] item: Leftovers
|-damage|p1a: Donphan|281\/384 tox|[from] psn
|turn|22
|
|move|p2a: Tentacruel|Knock Off|p1a: Donphan
|-damage|p1a: Donphan|243\/384 tox
|-enditem|p1a: Donphan|Leftovers|[from] move: Knock Off|[of] p2a: Tentacruel
|move|p1a: Donphan|Earthquake|p2a: Tentacruel
|-supereffective|p2a: Tentacruel
|-damage|p2a: Tentacruel|0 fnt
|faint|p2a: Tentacruel
|
|-damage|p1a: Donphan|195\/384 tox|[from] psn
|
|switch|p2a: Roserade|Roserade, M|324\/324
|turn|23
|
|switch|p1a: Roserade|Roserade, F|198\/324
|move|p2a: Roserade|Spikes|p1a: Roserade
|-sidestart|p1: taoke|Spikes
|
|-heal|p1a: Roserade|218\/324|[from] item: Black Sludge
|turn|24
|
|switch|p2a: Entei|Entei, shiny|279\/371
|-ability|p2a: Entei|Pressure
|move|p1a: Roserade|Sludge Bomb|p2a: Entei
|-crit|p2a: Entei
|-damage|p2a: Entei|0 fnt
|faint|p2a: Entei
|
|-heal|p1a: Roserade|238\/324|[from] item: Black Sludge
|-message|algohol warning forfeited.
|
|win|taoke
|raw|Ladder updating...
|leave|algohol warning
|player|p2
|raw|taoke's rating: 1365 &rarr; <strong>1386<\/strong><br \/>(+21 for winning)
|raw|algohol warning's rating: 1369 &rarr; <strong>1349<\/strong><br \/>(-20 for losing)