|join|pikapooper
|join|Chris Warden
|player|p1|pikapooper|23
|player|p2|Chris Warden|47
|gametype|singles
|gen|6
|tier|OU
|rated
|clearpoke
|poke|p1|Medicham, F
|poke|p1|Landorus-Therian, M
|poke|p1|Amoonguss, F
|poke|p1|Heatran, M
|poke|p1|Scizor, M
|poke|p1|Greninja, M
|poke|p2|Heatran, M
|poke|p2|Gyarados, M, shiny
|poke|p2|Ditto
|poke|p2|Ferrothorn, M
|poke|p2|Clefable, M, shiny
|poke|p2|Donphan, F
|rule|Swagger Clause: Swagger is banned
|rule|Baton Pass Clause: Limit one PokÃ©mon knowing Baton Pass
|rule|Sleep Clause Mod: Limit one foe put to sleep
|rule|Species Clause: Limit one of each PokÃ©mon
|rule|OHKO Clause: OHKO moves are banned
|rule|Moody Clause: Moody is banned
|rule|Evasion Moves Clause: Evasion moves are banned
|rule|Endless Battle Clause: Forcing endless battles is banned
|rule|HP Percentage Mod: HP is shown in percentages
|teampreview
|
|start
|switch|p1a: Medicham|Medicham, F|262\/262
|switch|p2a: Ditto|Ditto|300\/300
|-transform|p2a: Ditto|p1a: Medicham
|turn|1
|
|detailschange|p1a: Medicham|Medicham-Mega, F
|message|Medicham has Mega Evolved into Mega Medicham!
|move|p1a: Medicham|Fake Out|p2a: Ditto
|-damage|p2a: Ditto|184\/300
|cant|p2a: Ditto|flinch
|
|turn|2
|
|switch|p1a: Scizor|Scizor, M|339\/339
|move|p2a: Ditto|Zen Headbutt|p1a: Scizor|[miss]
|-miss|p2a: Ditto|p1a: Scizor
|
|turn|3
|
|switch|p2a: Heatran|Heatran, M|324\/324
|move|p1a: Scizor|U-turn|p2a: Heatran
|-resisted|p2a: Heatran
|-damage|p2a: Heatran|289\/324
|
|switch|p1a: Medicham|Medicham-Mega, F|262\/262
|
|-heal|p2a: Heatran|309\/324|[from] item: Leftovers
|turn|4
|
|switch|p2a: Donphan|Donphan, F|384\/384
|move|p1a: Medicham|High Jump Kick|p2a: Donphan
|-damage|p2a: Donphan|36\/384
|
|-heal|p2a: Donphan|60\/384|[from] item: Leftovers
|turn|5
|
|switch|p2a: Ferrothorn|Ferrothorn, M|352\/352
|move|p1a: Medicham|Ice Punch|p2a: Ferrothorn
|-damage|p2a: Ferrothorn|224\/352
|-damage|p1a: Medicham|230\/262|[from] ability: Iron Barbs|[of] p2a: Ferrothorn
|
|-heal|p2a: Ferrothorn|246\/352|[from] item: Leftovers
|turn|6
|
|switch|p1a: Heatran|Heatran, M|349\/349
|switch|p2a: Clefable|Clefable, M, shiny|394\/394
|
|turn|7
|
|move|p1a: Heatran|Stealth Rock|p2a: Clefable
|-sidestart|p2: Chris Warden|move: Stealth Rock
|move|p2a: Clefable|Wish|p2a: Clefable
|
|turn|8
|
|switch|p2a: Heatran|Heatran, M|309\/324
|-damage|p2a: Heatran|269\/324|[from] Stealth Rock
|move|p1a: Heatran|Earth Power|p2a: Heatran
|-supereffective|p2a: Heatran
|-damage|p2a: Heatran|0 fnt
|faint|p2a: Heatran
|
|-message|Chris Warden forfeited.
|
|win|pikapooper
|raw|Ladder updating...
|leave|Chris Warden
|player|p2
|raw|pikapooper's rating: 1586 &rarr; <strong>1603<\/strong><br \/>(+17 for winning)
|raw|Chris Warden's rating: 1518 &rarr; <strong>1502<\/strong><br \/>(-16 for losing)