|join|pikapooper
|join|Mirari
|player|p1|pikapooper|23
|player|p2|Mirari|170
|gametype|singles
|gen|6
|tier|OU
|rated
|clearpoke
|poke|p1|Medicham, M
|poke|p1|Landorus-Therian, M
|poke|p1|Amoonguss, M
|poke|p1|Heatran, M
|poke|p1|Scizor, F
|poke|p1|Greninja, M
|poke|p2|Rotom-Wash
|poke|p2|Scizor, F
|poke|p2|Azumarill, M
|poke|p2|Chansey, F
|poke|p2|Heatran, M
|poke|p2|Chesnaught, M
|rule|Swagger Clause: Swagger is banned
|rule|Baton Pass Clause: Limit one PokÃ©mon knowing Baton Pass
|rule|Sleep Clause Mod: Limit one foe put to sleep
|rule|Species Clause: Limit one of each PokÃ©mon
|rule|OHKO Clause: OHKO moves are banned
|rule|Moody Clause: Moody is banned
|rule|Evasion Moves Clause: Evasion moves are banned
|rule|Endless Battle Clause: Forcing endless battles is banned
|rule|HP Percentage Mod: HP is shown in percentages
|teampreview
|
|start
|switch|p1a: Medicham|Medicham, M|262\/262
|switch|p2a: Rotom-Wash|Rotom-Wash|241\/241
|turn|1
|
|detailschange|p1a: Medicham|Medicham-Mega, M
|message|Medicham has Mega Evolved into Mega Medicham!
|move|p1a: Medicham|Fake Out|p2a: Rotom-Wash
|-crit|p2a: Rotom-Wash
|-damage|p2a: Rotom-Wash|119\/241
|cant|p2a: Rotom-Wash|flinch
|
|turn|2
|
|switch|p1a: Heatran|Heatran, M|349\/349
|move|p2a: Rotom-Wash|Will-O-Wisp|p1a: Heatran
|-start|p1a: Heatran|ability: Flash Fire
|
|turn|3
|
|switch|p2a: Chansey|Chansey, F|704\/704
|move|p1a: Heatran|Stealth Rock|p2a: Chansey
|-sidestart|p2: Mirari|move: Stealth Rock
|
|turn|4
|
|switch|p2a: Chesnaught|Chesnaught, M|380\/380
|-damage|p2a: Chesnaught|357\/380|[from] Stealth Rock
|move|p1a: Heatran|Lava Plume|p2a: Chesnaught
|-crit|p2a: Chesnaught
|-supereffective|p2a: Chesnaught
|-damage|p2a: Chesnaught|0 fnt
|faint|p2a: Chesnaught
|
|
|switch|p2a: Azumarill|Azumarill, M|404\/404
|-damage|p2a: Azumarill|354\/404|[from] Stealth Rock
|turn|5
|
|switch|p1a: Amoonguss|Amoonguss, M|423\/423
|move|p2a: Azumarill|Knock Off|p1a: Amoonguss
|-damage|p1a: Amoonguss|255\/423
|-enditem|p1a: Amoonguss|Black Sludge|[from] move: Knock Off|[of] p2a: Azumarill
|
|turn|6
|
|switch|p2a: Chansey|Chansey, F|704\/704
|-damage|p2a: Chansey|616\/704|[from] Stealth Rock
|move|p1a: Amoonguss|Spore|p2a: Chansey
|-status|p2a: Chansey|slp
|
|turn|7
|
|switch|p2a: Heatran|Heatran, M|323\/323
|-damage|p2a: Heatran|283\/323|[from] Stealth Rock
|switch|p1a: Medicham|Medicham-Mega, M|262\/262
|
|turn|8
|
|move|p1a: Medicham|Fake Out|p2a: Heatran
|-resisted|p2a: Heatran
|-damage|p2a: Heatran|240\/323
|cant|p2a: Heatran|flinch
|
|turn|9
|
|switch|p1a: Heatran|Heatran, M|349\/349
|move|p2a: Heatran|Flash Cannon|p1a: Heatran
|-resisted|p1a: Heatran
|-damage|p1a: Heatran|319\/349
|
|-heal|p1a: Heatran|340\/349|[from] item: Leftovers
|turn|10
|
|switch|p2a: Azumarill|Azumarill, M|354\/404
|-damage|p2a: Azumarill|304\/404|[from] Stealth Rock
|move|p1a: Heatran|Roar|p2a: Azumarill
|drag|p2a: Scizor|Scizor, F|343\/343
|-damage|p2a: Scizor|301\/343|[from] Stealth Rock
|
|-heal|p1a: Heatran|349\/349|[from] item: Leftovers
|turn|11
|
|switch|p2a: Chansey|Chansey, F|616\/704
|-damage|p2a: Chansey|528\/704|[from] Stealth Rock
|move|p1a: Heatran|Roar|p2a: Chansey
|drag|p2a: Scizor|Scizor, F|301\/343
|-damage|p2a: Scizor|259\/343|[from] Stealth Rock
|
|turn|12
|
|switch|p2a: Chansey|Chansey, F|528\/704
|-damage|p2a: Chansey|440\/704|[from] Stealth Rock
|move|p1a: Heatran|Lava Plume|p2a: Chansey
|-damage|p2a: Chansey|361\/704
|-status|p2a: Chansey|brn
|
|-damage|p2a: Chansey|273\/704 brn|[from] brn
|turn|13
|
|switch|p1a: Medicham|Medicham-Mega, M|262\/262
|move|p2a: Chansey|Soft-Boiled|p2a: Chansey
|-heal|p2a: Chansey|625\/704 brn
|
|-damage|p2a: Chansey|537\/704 brn|[from] brn
|turn|14
|
|switch|p2a: Heatran|Heatran, M|240\/323
|-damage|p2a: Heatran|200\/323|[from] Stealth Rock
|move|p1a: Medicham|High Jump Kick|p2a: Heatran
|-supereffective|p2a: Heatran
|-damage|p2a: Heatran|0 fnt
|faint|p2a: Heatran
|
|
|switch|p2a: Rotom-Wash|Rotom-Wash|119\/241
|-damage|p2a: Rotom-Wash|89\/241|[from] Stealth Rock
|turn|15
|
|switch|p1a: Landorus-Therian|Landorus-Therian, M|356\/356
|-ability|p1a: Landorus-Therian|Intimidate|[of] p2a: Rotom-Wash
|-unboost|p2a: Rotom-Wash|atk|1
|move|p2a: Rotom-Wash|Trick|p1a: Landorus-Therian
|-activate|p2a: Rotom-Wash|move: Trick|[of] p1a: Landorus-Therian
|-item|p1a: Landorus-Therian|Choice Scarf|[from] move: Trick
|-item|p2a: Rotom-Wash|Leftovers|[from] move: Trick
|
|-heal|p2a: Rotom-Wash|104\/241|[from] item: Leftovers
|turn|16
|
|move|p1a: Landorus-Therian|U-turn|p2a: Rotom-Wash
|-damage|p2a: Rotom-Wash|29\/241
|
|switch|p1a: Heatran|Heatran, M|349\/349
|move|p2a: Rotom-Wash|Will-O-Wisp|p1a: Heatran
|-start|p1a: Heatran|ability: Flash Fire
|
|-heal|p2a: Rotom-Wash|44\/241|[from] item: Leftovers
|turn|17
|
|move|p2a: Rotom-Wash|Hydro Pump|p1a: Heatran
|-supereffective|p1a: Heatran
|-damage|p1a: Heatran|53\/349
|move|p1a: Heatran|Lava Plume|p2a: Rotom-Wash
|-resisted|p2a: Rotom-Wash
|-damage|p2a: Rotom-Wash|0 fnt
|faint|p2a: Rotom-Wash
|
|-heal|p1a: Heatran|74\/349|[from] item: Leftovers
|
|switch|p2a: Azumarill|Azumarill, M|304\/404
|-damage|p2a: Azumarill|254\/404|[from] Stealth Rock
|turn|18
|
|move|p2a: Azumarill|Aqua Jet|p1a: Heatran
|-supereffective|p1a: Heatran
|-damage|p1a: Heatran|0 fnt
|faint|p1a: Heatran
|
|
|switch|p1a: Medicham|Medicham-Mega, M|262\/262
|turn|19
|
|move|p1a: Medicham|Fake Out|p2a: Azumarill
|-damage|p2a: Azumarill|148\/404
|cant|p2a: Azumarill|flinch
|
|turn|20
|
|move|p2a: Azumarill|Aqua Jet|p1a: Medicham
|-damage|p1a: Medicham|159\/262
|move|p1a: Medicham|Zen Headbutt|p2a: Azumarill
|-damage|p2a: Azumarill|0 fnt
|faint|p2a: Azumarill
|
|
|switch|p2a: Scizor|Scizor, F|259\/343
|-damage|p2a: Scizor|217\/343|[from] Stealth Rock
|turn|21
|
|switch|p1a: Landorus-Therian|Landorus-Therian, M|356\/356
|-ability|p1a: Landorus-Therian|Intimidate|[of] p2a: Scizor
|-unboost|p2a: Scizor|atk|1
|detailschange|p2a: Scizor|Scizor-Mega, F
|message|Scizor has Mega Evolved into Mega Scizor!
|move|p2a: Scizor|Roost|p2a: Scizor
|-heal|p2a: Scizor|343\/343
|
|turn|22
|
|move|p1a: Landorus-Therian|U-turn|p2a: Scizor
|-resisted|p2a: Scizor
|-damage|p2a: Scizor|311\/343
|
|switch|p1a: Amoonguss|Amoonguss, M|396\/423
|move|p2a: Scizor|Swords Dance|p2a: Scizor
|-boost|p2a: Scizor|atk|2
|
|turn|23
|
|move|p2a: Scizor|Bug Bite|p1a: Amoonguss
|-damage|p1a: Amoonguss|0 fnt
|faint|p1a: Amoonguss
|
|
|switch|p1a: Greninja|Greninja, M|285\/285
|turn|24
|
|move|p1a: Greninja|Hydro Pump|p2a: Scizor|[miss]
|-start|p1a: Greninja|typechange|Water|[from] Protean
|-miss|p1a: Greninja|p2a: Scizor
|move|p2a: Scizor|Swords Dance|p2a: Scizor
|-boost|p2a: Scizor|atk|2
|
|turn|25
|
|move|p2a: Scizor|Bullet Punch|p1a: Greninja
|-crit|p1a: Greninja
|-resisted|p1a: Greninja
|-damage|p1a: Greninja|0 fnt
|faint|p1a: Greninja
|
|
|switch|p1a: Medicham|Medicham-Mega, M|159\/262
|turn|26
|
|move|p2a: Scizor|Bullet Punch|p1a: Medicham
|-damage|p1a: Medicham|0 fnt
|faint|p1a: Medicham
|
|
|switch|p1a: Landorus-Therian|Landorus-Therian, M|356\/356
|-ability|p1a: Landorus-Therian|Intimidate|[of] p2a: Scizor
|-unboost|p2a: Scizor|atk|1
|turn|27
|
|move|p2a: Scizor|Bullet Punch|p1a: Landorus-Therian
|-damage|p1a: Landorus-Therian|136\/356
|move|p1a: Landorus-Therian|Earthquake|p2a: Scizor
|-damage|p2a: Scizor|176\/343
|
|turn|28
|
|move|p1a: Landorus-Therian|Earthquake|p2a: Scizor
|-damage|p2a: Scizor|46\/343
|move|p2a: Scizor|Roost|p2a: Scizor
|-heal|p2a: Scizor|218\/343
|
|turn|29
|
|move|p2a: Scizor|Bullet Punch|p1a: Landorus-Therian
|-damage|p1a: Landorus-Therian|0 fnt
|faint|p1a: Landorus-Therian
|
|
|switch|p1a: Scizor|Scizor, F|339\/339
|turn|30
|
|move|p2a: Scizor|Roost|p2a: Scizor
|-heal|p2a: Scizor|343\/343
|move|p1a: Scizor|U-turn|p2a: Scizor
|-resisted|p2a: Scizor
|-damage|p2a: Scizor|289\/343
|
|turn|31
|
|move|p2a: Scizor|Bug Bite|p1a: Scizor
|-resisted|p1a: Scizor
|-damage|p1a: Scizor|138\/339
|move|p1a: Scizor|U-turn|p2a: Scizor
|-resisted|p2a: Scizor
|-damage|p2a: Scizor|237\/343
|
|-heal|p1a: Scizor|159\/339|[from] item: Leftovers
|turn|32
|
|move|p2a: Scizor|Bug Bite|p1a: Scizor
|-resisted|p1a: Scizor
|-damage|p1a: Scizor|0 fnt
|faint|p1a: Scizor
|
|win|Mirari
|raw|Ladder updating...
|raw|pikapooper's rating: 1620 &rarr; <strong>1602<\/strong><br \/>(-18 for losing)
|raw|Mirari's rating: 1660 &rarr; <strong>1678<\/strong><br \/>(+18 for winning)