|join|pikapooper
|join|Viper333
|player|p1|pikapooper|265
|player|p2|Viper333|238
|gametype|singles
|gen|6
|tier|OU
|rated
|clearpoke
|poke|p1|Terrakion
|poke|p1|Alakazam, F
|poke|p1|Azumarill, M
|poke|p1|Landorus-Therian, M
|poke|p1|Mew
|poke|p1|Magnezone
|poke|p2|Chansey, F
|poke|p2|Slowbro, F
|poke|p2|Latias, F
|poke|p2|Landorus-Therian, M
|poke|p2|Magnezone
|poke|p2|Breloom, F
|rule|Swagger Clause: Swagger is banned
|rule|Baton Pass Clause: Limit one PokÃ©mon knowing Baton Pass
|rule|Sleep Clause Mod: Limit one foe put to sleep
|rule|Species Clause: Limit one of each PokÃ©mon
|rule|OHKO Clause: OHKO moves are banned
|rule|Moody Clause: Moody is banned
|rule|Evasion Moves Clause: Evasion moves are banned
|rule|Endless Battle Clause: Forcing endless battles is banned
|rule|HP Percentage Mod: HP is shown in percentages
|teampreview
|
|start
|switch|p1a: Terrakion|Terrakion|323\/323
|switch|p2a: Slowbro|Slowbro, F|393\/393
|turn|1
|
|move|p1a: Terrakion|Stealth Rock|p2a: Slowbro
|-sidestart|p2: Viper333|move: Stealth Rock
|move|p2a: Slowbro|Scald|p1a: Terrakion
|-supereffective|p1a: Terrakion
|-damage|p1a: Terrakion|105\/323
|
|turn|2
|
|switch|p1a: Magnezone|Magnezone|281\/281
|move|p2a: Slowbro|Scald|p1a: Magnezone
|-damage|p1a: Magnezone|187\/281
|
|turn|3
|
|switch|p2a: Landorus-Therian|Landorus-Therian, M|319\/319
|-damage|p2a: Landorus-Therian|280\/319|[from] Stealth Rock
|-ability|p2a: Landorus-Therian|Intimidate|[of] p1a: Magnezone
|-unboost|p1a: Magnezone|atk|1
|move|p1a: Magnezone|Volt Switch|p2a: Landorus-Therian
|-immune|p2a: Landorus-Therian|[msg]
|
|turn|4
|
|switch|p1a: Landorus-Therian|Landorus-Therian, M|319\/319
|-ability|p1a: Landorus-Therian|Intimidate|[of] p2a: Landorus-Therian
|-unboost|p2a: Landorus-Therian|atk|1
|move|p2a: Landorus-Therian|Knock Off|p1a: Landorus-Therian
|-damage|p1a: Landorus-Therian|214\/319
|-enditem|p1a: Landorus-Therian|Choice Scarf|[from] move: Knock Off|[of] p2a: Landorus-Therian
|
|turn|5
|
|switch|p2a: Slowbro|Slowbro, F|393\/393
|-damage|p2a: Slowbro|344\/393|[from] Stealth Rock
|move|p1a: Landorus-Therian|Knock Off|p2a: Slowbro
|-supereffective|p2a: Slowbro
|-damage|p2a: Slowbro|210\/393
|
|turn|6
|
|detailschange|p2a: Slowbro|Slowbro-Mega, F
|-mega|p2a: Slowbro|Slowbro|Slowbronite
|move|p1a: Landorus-Therian|U-turn|p2a: Slowbro
|-supereffective|p2a: Slowbro
|-damage|p2a: Slowbro|110\/393
|
|switch|p1a: Magnezone|Magnezone|187\/281
|move|p2a: Slowbro|Rest|p2a: Slowbro
|-status|p2a: Slowbro|slp
|-heal|p2a: Slowbro|393\/393 slp|[silent]
|-status|p2a: Slowbro|slp|[from] move: Rest
|
|turn|7
|
|switch|p2a: Chansey|Chansey, F|703\/703
|-damage|p2a: Chansey|616\/703|[from] Stealth Rock
|move|p1a: Magnezone|Flash Cannon|p2a: Chansey
|-crit|p2a: Chansey
|-damage|p2a: Chansey|493\/703
|
|turn|8
|
|switch|p1a: Terrakion|Terrakion|105\/323
|move|p2a: Chansey|Wish|p2a: Chansey
|
|turn|9
|
|switch|p2a: Latias|Latias, F|301\/301
|-damage|p2a: Latias|264\/301|[from] Stealth Rock
|move|p1a: Terrakion|Stone Edge|p2a: Latias
|-damage|p2a: Latias|65\/301
|
|-heal|p2a: Latias|301\/301|[from] move: Wish|[wisher] Chansey
|turn|10
|
|move|p2a: Latias|Defog|p1a: Terrakion
|-unboost|p1a: Terrakion|evasion|1
|-sideend|p2: Viper333|Stealth Rock|[from] move: Defog|[of] p2a: Latias
|move|p1a: Terrakion|Stone Edge|p2a: Latias
|-damage|p2a: Latias|109\/301
|
|-heal|p2a: Latias|127\/301|[from] item: Leftovers
|turn|11
|
|switch|p1a: Landorus-Therian|Landorus-Therian, M|214\/319
|-ability|p1a: Landorus-Therian|Intimidate|[of] p2a: Latias
|-unboost|p2a: Latias|atk|1
|move|p2a: Latias|Psychic|p1a: Landorus-Therian
|-damage|p1a: Landorus-Therian|42\/319
|
|-heal|p2a: Latias|145\/301|[from] item: Leftovers
|turn|12
|
|move|p2a: Latias|Psychic|p1a: Landorus-Therian
|-damage|p1a: Landorus-Therian|0 fnt
|faint|p1a: Landorus-Therian
|
|-heal|p2a: Latias|163\/301|[from] item: Leftovers
|
|switch|p1a: Alakazam|Alakazam, F|251\/251
|turn|13
|leave|pikapooper
|player|p1
|join|pikapooper
|player|p1|pikapooper|265
|
|detailschange|p1a: Alakazam|Alakazam-Mega, F
|-mega|p1a: Alakazam|Alakazam|Alakazite
|-ability|p1a: Alakazam|Levitate|[from] ability: Trace|[of] p2a: Latias
|move|p2a: Latias|Recover|p2a: Latias
|-heal|p2a: Latias|301\/301
|move|p1a: Alakazam|Psyshock|p2a: Latias
|-resisted|p2a: Latias
|-damage|p2a: Latias|199\/301
|
|-heal|p2a: Latias|217\/301|[from] item: Leftovers
|turn|14
|
|switch|p2a: Landorus-Therian|Landorus-Therian, M|280\/319
|-ability|p2a: Landorus-Therian|Intimidate|[of] p1a: Alakazam
|-unboost|p1a: Alakazam|atk|1
|move|p1a: Alakazam|Shadow Ball|p2a: Landorus-Therian
|-damage|p2a: Landorus-Therian|133\/319
|
|turn|15
|
|switch|p1a: Magnezone|Magnezone|187\/281
|move|p2a: Landorus-Therian|U-turn|p1a: Magnezone
|-resisted|p1a: Magnezone
|-damage|p1a: Magnezone|141\/281
|
|switch|p2a: Breloom|Breloom, F|261\/261
|
|turn|16
|
|move|p2a: Breloom|Mach Punch|p1a: Magnezone
|-supereffective|p1a: Magnezone
|-damage|p1a: Magnezone|0 fnt
|faint|p1a: Magnezone
|
|
|switch|p1a: Mew|Mew|341\/341
|turn|17
|
|switch|p2a: Chansey|Chansey, F|493\/703
|move|p1a: Mew|Psyshock|p2a: Chansey
|-damage|p2a: Chansey|250\/703
|-damage|p1a: Mew|307\/341|[from] item: Life Orb
|
|turn|18
|
|move|p1a: Mew|Psyshock|p2a: Chansey
|-damage|p2a: Chansey|23\/703
|-damage|p1a: Mew|273\/341|[from] item: Life Orb
|move|p2a: Chansey|Wish|p2a: Chansey
|
|turn|19
|
|move|p2a: Chansey|Protect|p2a: Chansey
|-singleturn|p2a: Chansey|Protect
|move|p1a: Mew|Nasty Plot|p1a: Mew
|-boost|p1a: Mew|spa|2
|
|-heal|p2a: Chansey|374\/703|[from] move: Wish|[wisher] Chansey
|turn|20
|
|move|p1a: Mew|Psyshock|p2a: Chansey
|-damage|p2a: Chansey|0 fnt
|-damage|p1a: Mew|239\/341|[from] item: Life Orb
|faint|p2a: Chansey
|
|
|switch|p2a: Landorus-Therian|Landorus-Therian, M|133\/319
|-ability|p2a: Landorus-Therian|Intimidate|[of] p1a: Mew
|-unboost|p1a: Mew|atk|1
|turn|21
|
|move|p2a: Landorus-Therian|Knock Off|p1a: Mew
|-supereffective|p1a: Mew
|-damage|p1a: Mew|0 fnt
|-enditem|p1a: Mew|Life Orb|[from] move: Knock Off|[of] p2a: Landorus-Therian
|faint|p1a: Mew
|
|
|switch|p1a: Terrakion|Terrakion|105\/323
|turn|22
|
|switch|p2a: Slowbro|Slowbro-Mega, F|393\/393 slp
|move|p1a: Terrakion|Stealth Rock|p2a: Slowbro
|-sidestart|p2: Viper333|move: Stealth Rock
|
|turn|23
|
|switch|p1a: Azumarill|Azumarill, M|364\/364
|cant|p2a: Slowbro|slp
|move|p2a: Slowbro|Sleep Talk|p2a: Slowbro
|move|p2a: Slowbro|Scald|p1a: Azumarill|[from]Sleep Talk
|-resisted|p1a: Azumarill
|-damage|p1a: Azumarill|291\/364
|
|turn|24
|
|move|p1a: Azumarill|Belly Drum|p1a: Azumarill
|-damage|p1a: Azumarill|109\/364
|-setboost|p1a: Azumarill|atk|6|[from] move: Belly Drum
|-enditem|p1a: Azumarill|Sitrus Berry|[eat]
|-heal|p1a: Azumarill|200\/364|[from] item: Sitrus Berry
|cant|p2a: Slowbro|slp
|move|p2a: Slowbro|Sleep Talk|p2a: Slowbro
|move|p2a: Slowbro|Rest|p2a: Slowbro|[from]Sleep Talk
|-fail|p2a: Slowbro
|
|turn|25
|
|move|p1a: Azumarill|Play Rough|p2a: Slowbro
|-damage|p2a: Slowbro|3\/393 slp
|-curestatus|p2a: Slowbro|slp
|move|p2a: Slowbro|Sleep Talk|p2a: Slowbro
|-fail|p2a: Slowbro
|
|turn|26
|
|move|p1a: Azumarill|Aqua Jet|p2a: Slowbro
|-resisted|p2a: Slowbro
|-damage|p2a: Slowbro|0 fnt
|faint|p2a: Slowbro
|
|c|âpikapooper|LOL that thing is bulky
|
|switch|p2a: Latias|Latias, F|217\/301
|-damage|p2a: Latias|180\/301|[from] Stealth Rock
|turn|27
|c|âpikapooper|+4 huge power adamant stab cant kill it
|
|move|p1a: Azumarill|Aqua Jet|p2a: Latias
|-resisted|p2a: Latias
|-damage|p2a: Latias|0 fnt
|faint|p2a: Latias
|
|
|switch|p2a: Breloom|Breloom, F|261\/261
|-damage|p2a: Breloom|245\/261|[from] Stealth Rock
|turn|28
|
|move|p1a: Azumarill|Aqua Jet|p2a: Breloom
|-crit|p2a: Breloom
|-resisted|p2a: Breloom
|-damage|p2a: Breloom|0 fnt
|faint|p2a: Breloom
|
|-message|Viper333 forfeited.
|leave|Viper333
|
|win|pikapooper
|raw|Ladder updating...
|player|p2