|join|pikapooper
|join|OU Winner
|player|p1|pikapooper|170
|player|p2|OU Winner|23
|gametype|singles
|gen|6
|tier|OU
|rated
|clearpoke
|poke|p1|Terrakion
|poke|p1|Alakazam, M
|poke|p1|Azumarill, F
|poke|p1|Landorus-Therian, M
|poke|p1|Mew
|poke|p1|Magnezone
|poke|p2|Rotom-Wash
|poke|p2|Lopunny, F, shiny
|poke|p2|Latias, F
|poke|p2|Heatran, F
|poke|p2|Greninja, F
|poke|p2|Landorus-Therian, M, shiny
|rule|Swagger Clause: Swagger is banned
|rule|Baton Pass Clause: Limit one PokÃ©mon knowing Baton Pass
|rule|Sleep Clause Mod: Limit one foe put to sleep
|rule|Species Clause: Limit one of each PokÃ©mon
|rule|OHKO Clause: OHKO moves are banned
|rule|Moody Clause: Moody is banned
|rule|Evasion Moves Clause: Evasion moves are banned
|rule|Endless Battle Clause: Forcing endless battles is banned
|rule|HP Percentage Mod: HP is shown in percentages
|teampreview
|c|âOU Winner|yo mike
|c|âOU Winner|is that you
|c|âpikapooper|?
|c|âOU Winner|is that you mike
|c|âpikapooper|what?
|c|âpikapooper|who is mike
|c|âOU Winner|M.T.
|c|âpikapooper|dunno what u talkin about bro
|c|âOU Winner|teller?
|c|âOU Winner|teller bro
|c|âOU Winner|is that you man
|c|âpikapooper|im so confussed
|c|âpikapooper|no
|c|âpikapooper|its
|c|âpikapooper|not
|c|âOU Winner|ik its you, it's magic mike!
|c|âpikapooper|wtf are you talking about bro...
|c|âpikapooper|i have no idea who you are
|
|start
|switch|p1a: Landorus-Therian|Landorus-Therian, M|319\/319
|switch|p2a: Rotom-Wash|Rotom-Wash|241\/241
|-ability|p1a: Landorus-Therian|Intimidate|[of] p2a: Rotom-Wash
|-unboost|p2a: Rotom-Wash|atk|1
|turn|1
|c|âOU Winner|you're the kid who plays bagpipes
|c|âOU Winner|aren't you
|c|âpikapooper|yes sure
|
|move|p1a: Landorus-Therian|U-turn|p2a: Rotom-Wash
|-damage|p2a: Rotom-Wash|142\/241
|c|âpikapooper|u happy now
|c|âOU Winner|magic michael!
|c|âpikapooper|omg u caught me
|c|âpikapooper|omg im magic michael
|
|switch|p1a: Magnezone|Magnezone|281\/281
|move|p2a: Rotom-Wash|Hydro Pump|p1a: Magnezone
|-damage|p1a: Magnezone|70\/281
|
|turn|2
|c|âOU Winner|stfu nigga
|c|âpikapooper|?
|c|âpikapooper|im magic michael
|c|âpikapooper|dont tell me what to do
|
|switch|p1a: Azumarill|Azumarill, F|364\/364
|move|p2a: Rotom-Wash|Hydro Pump|p1a: Azumarill
|-resisted|p1a: Azumarill
|-damage|p1a: Azumarill|245\/364
|
|turn|3
|c|âOU Winner|stfu mikeru
|c|âOU Winner|ik it's you
|c|âOU Winner|mikeru teller
|c|âpikapooper|omg u caught me
|
|switch|p2a: Landorus-Therian|Landorus-Therian, M, shiny|319\/319
|-ability|p2a: Landorus-Therian|Intimidate|[of] p1a: Azumarill
|-unboost|p1a: Azumarill|atk|1
|move|p1a: Azumarill|Superpower|p2a: Landorus-Therian
|-resisted|p2a: Landorus-Therian
|-damage|p2a: Landorus-Therian|259\/319
|-unboost|p1a: Azumarill|atk|1
|-unboost|p1a: Azumarill|def|1
|
|turn|4
|c|âOU Winner|m8 you can run
|c|âpikapooper|im mikeru
|c|âOU Winner|but you cant hide
|c|âpikapooper|im not hiding
|c|âpikapooper|im mikeru
|c|âpikapooper|u caught me
|
|switch|p1a: Landorus-Therian|Landorus-Therian, M|319\/319
|-ability|p1a: Landorus-Therian|Intimidate|[of] p2a: Landorus-Therian
|-unboost|p2a: Landorus-Therian|atk|1
|move|p2a: Landorus-Therian|Knock Off|p1a: Landorus-Therian
|-damage|p1a: Landorus-Therian|211\/319
|-enditem|p1a: Landorus-Therian|Choice Scarf|[from] move: Knock Off|[of] p2a: Landorus-Therian
|
|turn|5
|c|âpikapooper|gj
|
|switch|p2a: Lopunny|Lopunny, F, shiny|271\/271
|move|p1a: Landorus-Therian|U-turn|p2a: Lopunny
|-crit|p2a: Lopunny
|-damage|p2a: Lopunny|90\/271
|c|âOU Winner|fucker
|
|switch|p1a: Magnezone|Magnezone|70\/281
|
|turn|6
|
|switch|p2a: Heatran|Heatran, F|383\/383
|move|p1a: Magnezone|Flash Cannon|p2a: Heatran
|-resisted|p2a: Heatran
|-damage|p2a: Heatran|352\/383
|
|-heal|p2a: Heatran|375\/383|[from] item: Leftovers
|turn|7
|
|switch|p1a: Landorus-Therian|Landorus-Therian, M|211\/319
|-ability|p1a: Landorus-Therian|Intimidate|[of] p2a: Heatran
|-unboost|p2a: Heatran|atk|1
|move|p2a: Heatran|Will-O-Wisp|p1a: Landorus-Therian
|-status|p1a: Landorus-Therian|brn
|
|-heal|p2a: Heatran|383\/383|[from] item: Leftovers
|-damage|p1a: Landorus-Therian|172\/319 brn|[from] brn
|turn|8
|
|switch|p2a: Landorus-Therian|Landorus-Therian, M, shiny|259\/319
|-ability|p2a: Landorus-Therian|Intimidate|[of] p1a: Landorus-Therian
|-unboost|p1a: Landorus-Therian|atk|1
|move|p1a: Landorus-Therian|Knock Off|p2a: Landorus-Therian
|-damage|p2a: Landorus-Therian|213\/319
|-enditem|p2a: Landorus-Therian|Choice Scarf|[from] move: Knock Off|[of] p1a: Landorus-Therian
|
|-damage|p1a: Landorus-Therian|133\/319 brn|[from] brn
|turn|9
|
|move|p1a: Landorus-Therian|U-turn|p2a: Landorus-Therian
|-resisted|p2a: Landorus-Therian
|-damage|p2a: Landorus-Therian|196\/319
|
|switch|p1a: Magnezone|Magnezone|70\/281
|move|p2a: Landorus-Therian|Earthquake|p1a: Magnezone
|-supereffective|p1a: Magnezone
|-damage|p1a: Magnezone|0 fnt
|faint|p1a: Magnezone
|
|
|switch|p1a: Mew|Mew|341\/341
|turn|10
|
|move|p1a: Mew|Ice Beam|p2a: Landorus-Therian
|-supereffective|p2a: Landorus-Therian
|-damage|p2a: Landorus-Therian|0 fnt
|-damage|p1a: Mew|307\/341|[from] item: Life Orb
|faint|p2a: Landorus-Therian
|
|
|switch|p2a: Greninja|Greninja, F|285\/285
|turn|11
|
|switch|p1a: Azumarill|Azumarill, F|245\/364
|move|p2a: Greninja|Hydro Pump|p1a: Azumarill|[miss]
|-start|p2a: Greninja|typechange|Water|[from] Protean
|-miss|p2a: Greninja|p1a: Azumarill
|
|turn|12
|
|switch|p1a: Landorus-Therian|Landorus-Therian, M|133\/319 brn
|-ability|p1a: Landorus-Therian|Intimidate|[of] p2a: Greninja
|-unboost|p2a: Greninja|atk|1
|move|p2a: Greninja|Grass Knot|p1a: Landorus-Therian
|-start|p2a: Greninja|typechange|Grass|[from] Protean
|-damage|p1a: Landorus-Therian|0 fnt
|-damage|p2a: Greninja|257\/285|[from] item: Life Orb
|faint|p1a: Landorus-Therian
|
|c|âOU Winner|magic michael is getting shreked
|c|âOU Winner|who's magic now nigga
|
|switch|p1a: Terrakion|Terrakion|323\/323
|turn|13
|c|âpikapooper|i am
|c|âpikapooper|cuz im magic mikeru
|
|switch|p2a: Heatran|Heatran, F|383\/383
|move|p1a: Terrakion|Close Combat|p2a: Heatran
|-supereffective|p2a: Heatran
|-damage|p2a: Heatran|0 fnt
|-unboost|p1a: Terrakion|def|1
|-unboost|p1a: Terrakion|spd|1
|faint|p2a: Heatran
|
|
|switch|p2a: Latias|Latias, F|319\/319
|turn|14
|
|switch|p1a: Mew|Mew|307\/341
|move|p2a: Latias|Psyshock|p1a: Mew
|-resisted|p1a: Mew
|-damage|p1a: Mew|229\/341
|-damage|p2a: Latias|288\/319|[from] item: Life Orb
|
|turn|15
|
|move|p2a: Latias|Draco Meteor|p1a: Mew
|-damage|p1a: Mew|0 fnt
|-unboost|p2a: Latias|spa|2
|-damage|p2a: Latias|257\/319|[from] item: Life Orb
|faint|p1a: Mew
|
|
|switch|p1a: Alakazam|Alakazam, M|251\/251
|turn|16
|
|switch|p2a: Lopunny|Lopunny, F, shiny|90\/271
|detailschange|p1a: Alakazam|Alakazam-Mega, M
|-mega|p1a: Alakazam|Alakazam|Alakazite
|-ability|p1a: Alakazam|Limber|[from] ability: Trace|[of] p2a: Lopunny
|move|p1a: Alakazam|Shadow Ball|p2a: Lopunny
|-immune|p2a: Lopunny|[msg]
|
|turn|17
|
|switch|p1a: Azumarill|Azumarill, F|245\/364
|detailschange|p2a: Lopunny|Lopunny-Mega, F, shiny
|-mega|p2a: Lopunny|Lopunny|Lopunnite
|move|p2a: Lopunny|Return|p1a: Azumarill
|-damage|p1a: Azumarill|7\/364
|-enditem|p1a: Azumarill|Sitrus Berry|[eat]
|-heal|p1a: Azumarill|98\/364|[from] item: Sitrus Berry
|
|turn|18
|
|move|p2a: Lopunny|High Jump Kick|p1a: Azumarill|[miss]
|-miss|p2a: Lopunny|p1a: Azumarill
|-damage|p2a: Lopunny|0 fnt|[from] highjumpkick
|faint|p2a: Lopunny
|move|p1a: Azumarill|Play Rough|p2: Lopunny|[notarget]
|-notarget
|
|
|switch|p2a: Rotom-Wash|Rotom-Wash|142\/241
|turn|19
|
|move|p1a: Azumarill|Aqua Jet|p2a: Rotom-Wash
|-resisted|p2a: Rotom-Wash
|-damage|p2a: Rotom-Wash|104\/241
|move|p2a: Rotom-Wash|Volt Switch|p1a: Azumarill
|-supereffective|p1a: Azumarill
|-damage|p1a: Azumarill|0 fnt
|faint|p1a: Azumarill
|
|switch|p2a: Greninja|Greninja, F|257\/285
|
|
|switch|p1a: Alakazam|Alakazam-Mega, M|251\/251
|-ability|p1a: Alakazam|Protean|[from] ability: Trace|[of] p2a: Greninja
|turn|20
|
|move|p1a: Alakazam|Energy Ball|p2a: Greninja
|-start|p1a: Alakazam|typechange|Grass|[from] Protean
|-supereffective|p2a: Greninja
|-damage|p2a: Greninja|0 fnt
|faint|p2a: Greninja
|
|c|âOU Winner|fucking mike
|c|âOU Winner|kys
|
|switch|p2a: Rotom-Wash|Rotom-Wash|104\/241
|turn|21
|
|move|p2a: Rotom-Wash|Volt Switch|p1a: Alakazam
|-resisted|p1a: Alakazam
|-damage|p1a: Alakazam|194\/251
|
|switch|p2a: Latias|Latias, F|257\/319
|move|p1a: Alakazam|Shadow Ball|p2a: Latias
|-start|p1a: Alakazam|typechange|Ghost|[from] Protean
|-supereffective|p2a: Latias
|-damage|p2a: Latias|0 fnt
|faint|p2a: Latias
|
|c|âpikapooper|gg nerd
|c|âpikapooper|and for the record
|
|switch|p2a: Rotom-Wash|Rotom-Wash|104\/241
|turn|22
|c|âpikapooper|im not mike
|c|âpikapooper|nor do i know who he is
|
|move|p2a: Rotom-Wash|Hydro Pump|p1a: Alakazam
|-damage|p1a: Alakazam|10\/251
|move|p1a: Alakazam|Energy Ball|p2a: Rotom-Wash
|-start|p1a: Alakazam|typechange|Grass|[from] Protean
|-supereffective|p2a: Rotom-Wash
|-damage|p2a: Rotom-Wash|0 fnt
|faint|p2a: Rotom-Wash
|
|win|pikapooper
|raw|Ladder updating...
|c|âOU Winner|we like mike
|c|âOU Winner|we like mike
|raw|pikapooper's rating: 1530 &rarr; <strong>1549<\/strong><br \/>(+19 for winning)
|raw|OU Winner's rating: 1520 &rarr; <strong>1500<\/strong><br \/>(-20 for losing)
|c|âpikapooper|i like mike too
|c|âpikapooper|between you twice now tho
|c|âOU Winner|when
|c|âpikapooper|beaten*
|c|âpikapooper|played you earlier today
|c|âpikapooper|or last night. i forget
|c|âOU Winner|stealing your team nigga
|c|âpikapooper|doo it
|c|âpikapooper|its pretty bad
|c|âpikapooper|no defog but w.e
|c|âpikapooper|gg tho
|c|âpikapooper|pce