|join|pikapooper
|join|DomxDoom
|player|p1|pikapooper|29
|player|p2|DomxDoom|107
|gametype|singles
|tier|OU
|rated
|rule|Evasion Abilities Clause: Evasion abilities are banned
|clearpoke
|poke|p1|Espeon, F
|poke|p1|Magmortar, M
|poke|p1|Salamence, F
|poke|p1|Wailord, F
|poke|p1|Electabuzz, F
|poke|p1|Virizion
|poke|p2|Swoobat, F
|poke|p2|Skarmory, M
|poke|p2|Murkrow, M
|poke|p2|Gyarados, F
|poke|p2|Gliscor, F
|poke|p2|Aerodactyl, F
|rule|Sleep Clause Mod: Limit one foe put to sleep
|rule|Species Clause: Limit one of each Pokemon
|rule|OHKO Clause: OHKO moves are banned
|rule|Moody Clause: Moody is banned
|rule|Evasion Moves Clause: Evasion moves are banned
|rule|HP Percentage Mod: HP is reported as percentages
|teampreview
|callback|decision
|
|start
|switch|p1a: Electabuzz|Electabuzz, F|272\/272
|switch|p2a: Squirps|Aerodactyl, F|302\/302
|turn|1
|callback|decision
|
|move|p2a: Squirps|Earthquake|p1a: Electabuzz
|-supereffective|p1a: Electabuzz
|-damage|p1a: Electabuzz|0 fnt
|faint|p1a: Electabuzz
|
|callback|decision
|
|switch|p1a: Virizion|Virizion|324\/324
|turn|2
|callback|decision
|
|move|p2a: Squirps|Fire Fang|p1a: Virizion|[miss]
|-miss|p2a: Squirps|p1a: Virizion
|move|p1a: Virizion|Close Combat|p2a: Squirps
|-enditem|p2a: Squirps|Focus Sash
|-damage|p2a: Squirps|1\/302
|-unboost|p1a: Virizion|def|1
|-unboost|p1a: Virizion|spd|1
|
|turn|3
|callback|decision
|chat|DomxDoom|95acc TT.TT
|
|switch|p1a: Wailord|Wailord, F|544\/544
|move|p2a: Squirps|Fire Fang|p1a: Wailord
|-resisted|p1a: Wailord
|-damage|p1a: Wailord|482\/544
|
|-heal|p1a: Wailord|516\/544|[from] item: Leftovers
|turn|4
|callback|decision
|chat|pikapooper|hahah
|
|move|p2a: Squirps|Stone Edge|p1a: Wailord
|-damage|p1a: Wailord|212\/544
|move|p1a: Wailord|Water Spout|p2a: Squirps
|-crit|p2a: Squirps
|-supereffective|p2a: Squirps
|-damage|p2a: Squirps|0 fnt
|faint|p2a: Squirps
|
|-heal|p1a: Wailord|246\/544|[from] item: Leftovers
|callback|decision
|chat|DomxDoom|hate when it happens
|
|switch|p2a: Zubatman|Swoobat, F|275\/275
|turn|5
|callback|decision
|
|move|p2a: Zubatman|Calm Mind|p2a: Zubatman
|-boost|p2a: Zubatman|spa|2
|-boost|p2a: Zubatman|spd|2
|move|p1a: Wailord|Water Spout|p2a: Zubatman
|-damage|p2a: Zubatman|235\/275
|
|-heal|p2a: Zubatman|252\/275|[from] item: Leftovers
|-heal|p1a: Wailord|280\/544|[from] item: Leftovers
|turn|6
|callback|decision
|
|move|p2a: Zubatman|Calm Mind|p2a: Zubatman
|-boost|p2a: Zubatman|spa|2
|-boost|p2a: Zubatman|spd|2
|move|p1a: Wailord|Bounce|p2a: Zubatman|[still]
|-prepare|p1a: Wailord|Bounce|p2a: Zubatman
|
|-heal|p2a: Zubatman|269\/275|[from] item: Leftovers
|-heal|p1a: Wailord|314\/544|[from] item: Leftovers
|turn|7
|callback|decision
|
|move|p2a: Zubatman|Calm Mind|p2a: Zubatman
|-boost|p2a: Zubatman|spa|2
|-boost|p2a: Zubatman|spd|2
|move|p1a: Wailord|Bounce|p2a: Zubatman
|-damage|p2a: Zubatman|166\/275
|
|-heal|p2a: Zubatman|183\/275|[from] item: Leftovers
|-heal|p1a: Wailord|348\/544|[from] item: Leftovers
|turn|8
|callback|decision
|
|move|p2a: Zubatman|Stored Power|p1a: Wailord
|-damage|p1a: Wailord|0 fnt
|faint|p1a: Wailord
|
|-heal|p2a: Zubatman|200\/275|[from] item: Leftovers
|callback|decision
|
|switch|p1a: Virizion|Virizion|324\/324
|turn|9
|callback|decision
|
|move|p2a: Zubatman|Air Slash|p1a: Virizion
|-supereffective|p1a: Virizion
|-damage|p1a: Virizion|0 fnt
|faint|p1a: Virizion
|
|-heal|p2a: Zubatman|217\/275|[from] item: Leftovers
|callback|decision
|
|switch|p1a: Salamence|Salamence, F|332\/332
|turn|10
|callback|decision
|
|move|p2a: Zubatman|Stored Power|p1a: Salamence
|-damage|p1a: Salamence|0 fnt
|faint|p1a: Salamence
|
|-heal|p2a: Zubatman|234\/275|[from] item: Leftovers
|callback|decision
|
|switch|p1a: Espeon|Espeon, F|272\/272
|turn|11
|callback|decision
|
|move|p2a: Zubatman|Air Slash|p1a: Espeon
|-damage|p1a: Espeon|0 fnt
|faint|p1a: Espeon
|
|-heal|p2a: Zubatman|251\/275|[from] item: Leftovers
|callback|decision
|
|switch|p1a: Magmortar|Magmortar, M|354\/354
|turn|12
|callback|decision
|
|move|p2a: Zubatman|Stored Power|p1a: Magmortar
|-damage|p1a: Magmortar|0 fnt
|faint|p1a: Magmortar
|
|win|DomxDoom
|raw|Ladder updating...
|raw|pikapooper's rating: 1114 &rarr; <strong>1080<\/strong><br \/>(-34 for losing)
|raw|DomxDoom's rating: 1007 &rarr; <strong>1251<\/strong><br \/>(+244 for winning)
|chat|DomxDoom|gg
|leave|pikapooper
|player|p1