|join|pikapooper
|join|OU Winner
|player|p1|pikapooper|101
|player|p2|OU Winner|23
|gametype|singles
|gen|6
|tier|OU
|rated
|clearpoke
|poke|p1|Terrakion
|poke|p1|Alakazam, F
|poke|p1|Azumarill, F
|poke|p1|Landorus-Therian, M
|poke|p1|Mew
|poke|p1|Magnezone
|poke|p2|Kyurem-Black
|poke|p2|Landorus-Therian, M, shiny
|poke|p2|Rotom-Wash
|poke|p2|Skarmory, M, shiny
|poke|p2|Conkeldurr, M, shiny
|poke|p2|Sylveon, F
|rule|Swagger Clause: Swagger is banned
|rule|Baton Pass Clause: Limit one PokÃ©mon knowing Baton Pass
|rule|Sleep Clause Mod: Limit one foe put to sleep
|rule|Species Clause: Limit one of each PokÃ©mon
|rule|OHKO Clause: OHKO moves are banned
|rule|Moody Clause: Moody is banned
|rule|Evasion Moves Clause: Evasion moves are banned
|rule|Endless Battle Clause: Forcing endless battles is banned
|rule|HP Percentage Mod: HP is shown in percentages
|teampreview
|
|start
|switch|p1a: Magnezone|Magnezone|281\/281
|switch|p2a: Rotom-Wash|Rotom-Wash|241\/241
|turn|1
|
|move|p2a: Rotom-Wash|Hydro Pump|p1a: Magnezone
|-damage|p1a: Magnezone|77\/281
|move|p1a: Magnezone|Volt Switch|p2a: Rotom-Wash
|-damage|p2a: Rotom-Wash|132\/241
|
|switch|p1a: Azumarill|Azumarill, F|364\/364
|
|turn|2
|
|switch|p2a: Skarmory|Skarmory, M, shiny|333\/333
|switch|p1a: Magnezone|Magnezone|77\/281
|
|turn|3
|c|âOU Winner|nigga!
|join|PikalaxALT
|c|âOU Winner|niggggaaa!
|
|move|p1a: Magnezone|Thunderbolt|p2a: Skarmory
|-supereffective|p2a: Skarmory
|-activate|p2a: Skarmory|Sturdy
|-damage|p2a: Skarmory|1\/333
|move|p2a: Skarmory|Stealth Rock|p1a: Magnezone
|-sidestart|p1: pikapooper|move: Stealth Rock
|
|turn|4
|c| PikalaxALT|please no trash talking
|
|move|p1a: Magnezone|Thunderbolt|p2a: Skarmory
|-supereffective|p2a: Skarmory
|-damage|p2a: Skarmory|0 fnt
|faint|p2a: Skarmory
|
|c|âOU Winner|he tricked me!
|c|âOU Winner|nigga!
|
|switch|p2a: Swords Dance|Landorus-Therian, M, shiny|319\/319
|-ability|p2a: Swords Dance|Intimidate|[of] p1a: Magnezone
|-unboost|p1a: Magnezone|atk|1
|turn|5
|c|âpikapooper|?
|c|âOU Winner|you lured my skarmory in with azumarill
|c|âOU Winner|well played
|c|âpikapooper|oh aha ty :)))
|
|switch|p1a: Landorus-Therian|Landorus-Therian, M|319\/319
|-damage|p1a: Landorus-Therian|280\/319|[from] Stealth Rock
|-ability|p1a: Landorus-Therian|Intimidate|[of] p2a: Swords Dance
|-unboost|p2a: Swords Dance|atk|1
|move|p2a: Swords Dance|U-turn|p1a: Landorus-Therian
|-resisted|p1a: Landorus-Therian
|-damage|p1a: Landorus-Therian|247\/319
|
|switch|p2a: Kyurem-Black|Kyurem-Black|391\/391
|-ability|p2a: Kyurem-Black|Teravolt
|
|turn|6
|
|switch|p1a: Magnezone|Magnezone|77\/281
|-damage|p1a: Magnezone|60\/281|[from] Stealth Rock
|move|p2a: Kyurem-Black|Ice Beam|p1a: Magnezone
|-resisted|p1a: Magnezone
|-damage|p1a: Magnezone|0 fnt
|faint|p1a: Magnezone
|
|
|switch|p1a: Azumarill|Azumarill, F|364\/364
|-damage|p1a: Azumarill|319\/364|[from] Stealth Rock
|turn|7
|
|switch|p2a: Rotom-Wash|Rotom-Wash|132\/241
|move|p1a: Azumarill|Play Rough|p2a: Rotom-Wash
|-damage|p2a: Rotom-Wash|0 fnt
|faint|p2a: Rotom-Wash
|
|
|switch|p2a: Kyurem-Black|Kyurem-Black|391\/391
|-ability|p2a: Kyurem-Black|Teravolt
|turn|8
|
|switch|p1a: Terrakion|Terrakion|323\/323
|-damage|p1a: Terrakion|303\/323|[from] Stealth Rock
|move|p2a: Kyurem-Black|Ice Beam|p1a: Terrakion
|-damage|p1a: Terrakion|177\/323
|
|turn|9
|
|switch|p2a: Swords Dance|Landorus-Therian, M, shiny|319\/319
|-ability|p2a: Swords Dance|Intimidate|[of] p1a: Terrakion
|-unboost|p1a: Terrakion|atk|1
|move|p1a: Terrakion|Stealth Rock|p2a: Swords Dance
|-sidestart|p2: OU Winner|move: Stealth Rock
|
|turn|10
|join|John76
|
|move|p2a: Swords Dance|Earthquake|p1a: Terrakion
|-supereffective|p1a: Terrakion
|-damage|p1a: Terrakion|0 fnt
|faint|p1a: Terrakion
|
|c|âOU Winner|getting shrekt :(
|
|switch|p1a: Landorus-Therian|Landorus-Therian, M|247\/319
|-damage|p1a: Landorus-Therian|208\/319|[from] Stealth Rock
|-ability|p1a: Landorus-Therian|Intimidate|[of] p2a: Swords Dance
|-unboost|p2a: Swords Dance|atk|1
|turn|11
|c| PikalaxALT|good
|c|âpikapooper|ur winning lol
|c|âOU Winner|hardly
|
|move|p1a: Landorus-Therian|Stone Edge|p2a: Swords Dance
|-damage|p2a: Swords Dance|173\/319
|move|p2a: Swords Dance|Earthquake|p1a: Landorus-Therian
|-immune|p1a: Landorus-Therian|[msg]
|
|turn|12
|c| PikalaxALT|game of throws
|
|switch|p1a: Mew|Mew|341\/341
|-damage|p1a: Mew|299\/341|[from] Stealth Rock
|move|p2a: Swords Dance|Earthquake|p1a: Mew
|-damage|p1a: Mew|169\/341
|
|turn|13
|c| John76|them plays
|
|switch|p2a: Kyurem-Black|Kyurem-Black|391\/391
|-damage|p2a: Kyurem-Black|294\/391|[from] Stealth Rock
|-ability|p2a: Kyurem-Black|Teravolt
|switch|p1a: Landorus-Therian|Landorus-Therian, M|208\/319
|-damage|p1a: Landorus-Therian|169\/319|[from] Stealth Rock
|-ability|p1a: Landorus-Therian|Intimidate|[of] p2a: Kyurem-Black
|-unboost|p2a: Kyurem-Black|atk|1
|
|turn|14
|c|âOU Winner|man this is mind games to the max
|
|move|p1a: Landorus-Therian|Knock Off|p2a: Kyurem-Black
|-damage|p2a: Kyurem-Black|133\/391
|-enditem|p2a: Kyurem-Black|Choice Scarf|[from] move: Knock Off|[of] p1a: Landorus-Therian
|move|p2a: Kyurem-Black|Fusion Bolt|p1a: Landorus-Therian
|-immune|p1a: Landorus-Therian|[msg]
|
|turn|15
|c|âOU Winner|motherfucker!
|c|âpikapooper|how was i faster
|c|âpikapooper|what thee
|c| John76|OU looks more and more like ubers each gen
|c|âOU Winner|ikr
|c|âpikapooper|i knoow. these megas tho
|
|switch|p1a: Mew|Mew|169\/341
|-damage|p1a: Mew|127\/341|[from] Stealth Rock
|switch|p2a: Swords Dance|Landorus-Therian, M, shiny|173\/319
|-damage|p2a: Swords Dance|134\/319|[from] Stealth Rock
|-ability|p2a: Swords Dance|Intimidate|[of] p1a: Mew
|-unboost|p1a: Mew|atk|1
|
|turn|16
|
|switch|p1a: Landorus-Therian|Landorus-Therian, M|169\/319
|-damage|p1a: Landorus-Therian|130\/319|[from] Stealth Rock
|-ability|p1a: Landorus-Therian|Intimidate|[of] p2a: Swords Dance
|-unboost|p2a: Swords Dance|atk|1
|move|p2a: Swords Dance|Stone Edge|p1a: Landorus-Therian
|-damage|p1a: Landorus-Therian|35\/319
|
|turn|17
|c|âpikapooper|ohh shitt
|
|move|p2a: Swords Dance|Stone Edge|p1a: Landorus-Therian
|-damage|p1a: Landorus-Therian|0 fnt
|faint|p1a: Landorus-Therian
|
|
|switch|p1a: Azumarill|Azumarill, F|319\/364
|-damage|p1a: Azumarill|274\/364|[from] Stealth Rock
|turn|18
|c| John76|stone miss sin't doing it's job, I see
|c|âOU Winner|ikr
|c|âOU Winner|i'd kms
|c|âpikapooper|shiiiittt
|c|âpikapooper|LOL
|
|move|p2a: Swords Dance|Stone Edge|p1a: Azumarill
|-damage|p1a: Azumarill|164\/364
|-enditem|p1a: Azumarill|Sitrus Berry|[eat]
|-heal|p1a: Azumarill|255\/364|[from] item: Sitrus Berry
|move|p1a: Azumarill|Belly Drum|p1a: Azumarill
|-damage|p1a: Azumarill|73\/364
|-setboost|p1a: Azumarill|atk|6|[from] move: Belly Drum
|
|turn|19
|c|âOU Winner|gg
|c| PikalaxALT|dat 8x atk
|
|move|p1a: Azumarill|Aqua Jet|p2a: Swords Dance
|-supereffective|p2a: Swords Dance
|-damage|p2a: Swords Dance|0 fnt
|faint|p2a: Swords Dance
|
|c|âpikapooper|is that the cute fluffly bunny
|c|âpikapooper|with x8 attk
|
|switch|p2a: Bulk Up|Conkeldurr, M, shiny|351\/351
|-damage|p2a: Bulk Up|330\/351|[from] Stealth Rock
|turn|20
|c|âOU Winner|fuarrrk
|c|âOU Winner|68.8% chance to OHKO
|c| John76|does mach ko?
|c|âpikapooper|lol
|
|move|p1a: Azumarill|Aqua Jet|p2a: Bulk Up
|-damage|p2a: Bulk Up|0 fnt
|faint|p2a: Bulk Up
|
|c|âOU Winner|nop e:(
|c|âOU Winner|\
|c|âpikapooper|them calcs
|c|âpikapooper|should've went for it
|
|switch|p2a: Sylveon|Sylveon, F|393\/393
|-damage|p2a: Sylveon|344\/393|[from] Stealth Rock
|turn|21
|c|âpikapooper|maybe crit
|c|âOU Winner|12-14.8
|c|âpikapooper|even with crit?
|c|âOU Winner|i would have to max and then crit
|c|âOU Winner|to get to 21%
|c|âOU Winner|gdi
|c| John76|isn't azu faster?
|
|move|p1a: Azumarill|Aqua Jet|p2a: Sylveon
|-crit|p2a: Sylveon
|-damage|p2a: Sylveon|0 fnt
|faint|p2a: Sylveon
|
|c|âpikapooper|oh yeah. im faster either way
|c|âOU Winner|depends on if it's invested at all
|c|âpikapooper|i am
|c|âpikapooper|a bit
|c|âOU Winner|i invested to outspeed 0 investment azu
|
|switch|p2a: Kyurem-Black|Kyurem-Black|133\/391
|-damage|p2a: Kyurem-Black|36\/391|[from] Stealth Rock
|-ability|p2a: Kyurem-Black|Teravolt
|turn|22
|c|âpikapooper|gg
|join|Lucy Heartfillia
|c| John76|I don't know OU spreads so I dunno
|
|move|p1a: Azumarill|Aqua Jet|p2a: Kyurem-Black
|-resisted|p2a: Kyurem-Black
|-damage|p2a: Kyurem-Black|0 fnt
|faint|p2a: Kyurem-Black
|
|win|pikapooper
|raw|Ladder updating...
|raw|pikapooper's rating: 1529 &rarr; <strong>1546<\/strong><br \/>(+17 for winning)
|raw|OU Winner's rating: 1480 &rarr; <strong>1463<\/strong><br \/>(-17 for losing)
|c|âOU Winner|gg sayonora
|c|âpikapooper|ggwp