|join|Jdiego
|join|pikapooper
|player|p1|Jdiego|238
|player|p2|pikapooper|29
|gametype|singles
|tier|OU
|rated
|rule|Evasion Abilities Clause: Evasion abilities are banned
|clearpoke
|poke|p1|Gliscor, M, shiny
|poke|p1|Infernape, M, shiny
|poke|p1|Breloom, M, shiny
|poke|p1|Weavile, F
|poke|p1|Electivire, F
|poke|p1|Staraptor, F
|poke|p2|Salamence, F
|poke|p2|Heatran, F
|poke|p2|Jirachi
|poke|p2|Hariyama, M
|poke|p2|Starmie
|poke|p2|Electivire, M
|rule|Sleep Clause Mod: Limit one foe put to sleep
|rule|Species Clause: Limit one of each Pokemon
|rule|OHKO Clause: OHKO moves are banned
|rule|Moody Clause: Moody is banned
|rule|Evasion Moves Clause: Evasion moves are banned
|rule|HP Percentage Mod: HP is reported as percentages
|teampreview
|callback|decision
|
|start
|switch|p1a: genius|Electivire, F|291\/291
|switch|p2a: Hariyama|Hariyama, M|492\/492
|turn|1
|callback|decision
|join|Nova Prime
|
|switch|p1a: Az|Staraptor, F|312\/312
|move|p2a: Hariyama|Stone Edge|p1a: Az
|-supereffective|p1a: Az
|-damage|p1a: Az|2\/312
|
|turn|2
|callback|decision
|
|move|p2a: Hariyama|Bullet Punch|p1a: Az
|-damage|p1a: Az|0 fnt
|faint|p1a: Az
|
|callback|decision
|
|switch|p1a: Toad|Breloom, M, shiny|324\/324
|turn|3
|callback|decision
|
|switch|p2a: Starmie|Starmie|262\/262
|move|p1a: Toad|Spore|p2a: Starmie
|-status|p2a: Starmie|slp
|
|turn|4
|callback|decision
|
|switch|p2a: Salamence|Salamence, F|332\/332
|move|p1a: Toad|Leech Seed|p2a: Salamence
|-start|p2a: Salamence|move: Leech Seed
|
|-damage|p2a: Salamence|291\/332|[from] Leech Seed|[of] p1a: Toad
|turn|5
|callback|decision
|
|switch|p2a: Starmie|Starmie|262\/262
|switch|p1a: Precosin|Weavile, F|282\/282
|-ability|p1a: Precosin|Pressure
|
|turn|6
|callback|decision
|
|switch|p2a: Heatran|Heatran, F|323\/323
|move|p1a: Precosin|Night Slash|p2a: Heatran
|-crit|p2a: Heatran
|-resisted|p2a: Heatran
|-damage|p2a: Heatran|211\/323
|
|turn|7
|callback|decision
|leave|Nova Prime
|
|switch|p1a: Botas|Infernape, M, shiny|293\/293
|move|p2a: Heatran|Earth Power|p1a: Botas
|-supereffective|p1a: Botas
|-damage|p1a: Botas|3\/293
|
|turn|8
|callback|decision
|
|switch|p2a: Starmie|Starmie|262\/262
|move|p1a: Botas|Mach Punch|p2a: Starmie
|-resisted|p2a: Starmie
|-damage|p2a: Starmie|222\/262
|
|turn|9
|callback|decision
|
|switch|p1a: Precosin|Weavile, F|282\/282
|-ability|p1a: Precosin|Pressure
|move|p2a: Starmie|Psychic|p1a: Precosin
|-immune|p1a: Precosin|[msg]
|
|turn|10
|callback|decision
|
|switch|p2a: Jirachi|Jirachi|342\/342
|move|p1a: Precosin|Swords Dance|p1a: Precosin
|-boost|p1a: Precosin|atk|2
|
|turn|11
|callback|decision
|
|move|p1a: Precosin|Low Kick|p2a: Jirachi
|-damage|p2a: Jirachi|293\/342
|move|p2a: Jirachi|Iron Head|p1a: Precosin
|-supereffective|p1a: Precosin
|-enditem|p1a: Precosin|Focus Sash
|-damage|p1a: Precosin|1\/282
|
|turn|12
|callback|decision
|
|switch|p1a: Toad|Breloom, M, shiny|324\/324
|move|p2a: Jirachi|Ice Punch|p1a: Toad
|-supereffective|p1a: Toad
|-damage|p1a: Toad|198\/324
|
|turn|13
|callback|decision
|
|move|p2a: Jirachi|Fire Punch|p1a: Toad
|-supereffective|p1a: Toad
|-damage|p1a: Toad|62\/324
|-status|p2a: Jirachi|slp
|move|p1a: Toad|Spore|p2a: Jirachi
|-fail|p2a: Jirachi|slp
|
|turn|14
|callback|decision
|
|switch|p2a: Electivire|Electivire, M|354\/354
|move|p1a: Toad|Low Sweep|p2a: Electivire
|-damage|p2a: Electivire|239\/354
|-unboost|p2a: Electivire|spe|1
|
|turn|15
|callback|decision
|
|move|p2a: Electivire|Ice Punch|p1a: Toad
|-supereffective|p1a: Toad
|-damage|p1a: Toad|0 fnt
|faint|p1a: Toad
|
|callback|decision
|
|switch|p1a: genius|Electivire, F|291\/291
|turn|16
|callback|decision
|
|switch|p2a: Hariyama|Hariyama, M|492\/492
|move|p1a: genius|Earthquake|p2a: Hariyama
|-damage|p2a: Hariyama|309\/492
|
|-heal|p2a: Hariyama|339\/492|[from] item: Leftovers
|turn|17
|callback|decision
|
|move|p1a: genius|Ice Punch|p2a: Hariyama
|-damage|p2a: Hariyama|275\/492
|move|p2a: Hariyama|Close Combat|p1a: genius
|-damage|p1a: genius|0 fnt
|-unboost|p2a: Hariyama|def|1
|-unboost|p2a: Hariyama|spd|1
|faint|p1a: genius
|
|-heal|p2a: Hariyama|305\/492|[from] item: Leftovers
|callback|decision
|
|switch|p1a: batsito|Gliscor, M, shiny|309\/309
|turn|18
|callback|decision
|
|move|p1a: batsito|Substitute|p1a: batsito
|-start|p1a: batsito|Substitute
|-damage|p1a: batsito|232\/309
|move|p2a: Hariyama|Stone Edge|p1a: batsito
|-end|p1a: batsito|Substitute
|
|-heal|p2a: Hariyama|335\/492|[from] item: Leftovers
|-activate|p1a: batsito|item: Toxic Orb
|-status|p1a: batsito|tox
|turn|19
|callback|decision
|
|move|p1a: batsito|Facade|p2a: Hariyama
|-damage|p2a: Hariyama|17\/492
|move|p2a: Hariyama|Ice Punch|p1a: batsito
|-supereffective|p1a: batsito
|-damage|p1a: batsito|0 fnt
|faint|p1a: batsito
|
|-heal|p2a: Hariyama|47\/492|[from] item: Leftovers
|callback|decision
|
|switch|p1a: Botas|Infernape, M, shiny|3\/293
|turn|20
|callback|decision
|
|move|p1a: Botas|Mach Punch|p2a: Hariyama
|-damage|p2a: Hariyama|0 fnt
|faint|p2a: Hariyama
|
|callback|decision
|
|switch|p2a: Salamence|Salamence, F|291\/332
|turn|21
|callback|decision
|chat|Jdiego|it's something! xDD
|
|move|p1a: Botas|ThunderPunch|p2a: Salamence
|-damage|p2a: Salamence|174\/332
|move|p2a: Salamence|Earthquake|p1a: Botas
|-supereffective|p1a: Botas
|-damage|p1a: Botas|0 fnt
|-damage|p2a: Salamence|141\/332|[from] item: Life Orb
|faint|p1a: Botas
|-boost|p2a: Salamence|atk|1|[from] ability: Moxie
|
|callback|decision
|
|switch|p1a: Precosin|Weavile, F|1\/282
|-ability|p1a: Precosin|Pressure
|turn|22
|callback|decision
|
|move|p1a: Precosin|Ice Punch|p2a: Salamence
|-supereffective|p2a: Salamence
|-damage|p2a: Salamence|0 fnt
|faint|p2a: Salamence
|
|callback|decision
|
|switch|p2a: Heatran|Heatran, F|211\/323
|turn|23
|callback|decision
|
|move|p1a: Precosin|Low Kick|p2a: Heatran
|-supereffective|p2a: Heatran
|-damage|p2a: Heatran|0 fnt
|faint|p2a: Heatran
|
|callback|decision
|
|switch|p2a: Starmie|Starmie|222\/262
|turn|24
|callback|decision
|chat|Jdiego|*o*
|
|move|p1a: Precosin|Night Slash|p2a: Starmie
|-supereffective|p2a: Starmie
|-damage|p2a: Starmie|0 fnt
|faint|p2a: Starmie
|
|callback|decision
|chat|pikapooper|lol
|chat|Jdiego|xDD
|
|switch|p2a: Electivire|Electivire, M|239\/354
|turn|25
|callback|decision
|chat|Jdiego|LOL
|chat|Jdiego|luck xDD 
|
|move|p1a: Precosin|Night Slash|p2a: Electivire
|-crit|p2a: Electivire
|-damage|p2a: Electivire|0 fnt
|faint|p2a: Electivire
|
|callback|decision
|chat|Jdiego|jajaja 
|
|switch|p2a: Jirachi|Jirachi|293\/342 slp
|turn|26
|callback|decision
|chat|Jdiego|LOL
|
|move|p1a: Precosin|Low Kick|p2a: Jirachi
|-damage|p2a: Jirachi|271\/342 slp
|cant|p2a: Jirachi|slp
|
|turn|27
|callback|decision
|
|move|p1a: Precosin|Night Slash|p2a: Jirachi
|-damage|p2a: Jirachi|148\/342 slp
|-curestatus|p2a: Jirachi|slp
|move|p2a: Jirachi|Iron Head|p1a: Precosin
|-supereffective|p1a: Precosin
|-damage|p1a: Precosin|0 fnt
|faint|p1a: Precosin
|
|win|pikapooper
|raw|Ladder updating...
|raw|Jdiego's rating: 1356 &rarr; <strong>1325<\/strong><br \/>(-31 for losing)
|raw|pikapooper's rating: 1300 &rarr; <strong>1306<\/strong><br \/>(+6 for winning)
|chat|pikapooper|lol
|chat|pikapooper|gg
|chat|Jdiego|bueh 
|chat|Jdiego|again ? :D 
|chat|pikapooper|ur thing scarfed?
|chat|pikapooper|so fast