|join|XUnluckyBlackCatX
|join|pikapooper
|player|p1|XUnluckyBlackCatX|120
|player|p2|pikapooper|29
|gametype|singles
|tier|OU
|rated
|rule|Evasion Abilities Clause: Evasion abilities are banned
|clearpoke
|poke|p1|Staraptor, F
|poke|p1|Celebi, shiny
|poke|p1|Blastoise, M
|poke|p1|Metagross
|poke|p1|Toxicroak, M
|poke|p1|Arcanine, F
|poke|p2|Salamence, M
|poke|p2|Conkeldurr, F
|poke|p2|Jellicent, F
|poke|p2|Volcarona, F
|poke|p2|Donphan, M
|poke|p2|Thundurus-Therian, M
|rule|Sleep Clause Mod: Limit one foe put to sleep
|rule|Species Clause: Limit one of each Pokemon
|rule|OHKO Clause: OHKO moves are banned
|rule|Moody Clause: Moody is banned
|rule|Evasion Moves Clause: Evasion moves are banned
|rule|HP Percentage Mod: HP is reported as percentages
|teampreview
|callback|decision
|
|start
|switch|p1a: Turn X|Metagross|364\/364
|switch|p2a: Donphan|Donphan, M|384\/384
|turn|1
|callback|decision
|
|move|p1a: Turn X|Meteor Mash|p2a: Donphan
|-damage|p2a: Donphan|197\/384
|move|p2a: Donphan|Earthquake|p1a: Turn X
|-supereffective|p1a: Turn X
|-damage|p1a: Turn X|160\/364
|
|-heal|p2a: Donphan|221\/384|[from] item: Leftovers
|turn|2
|callback|decision
|
|switch|p1a: Veggie|Celebi, shiny|404\/404
|move|p2a: Donphan|Stealth Rock|p1a: Veggie
|-sidestart|p1: XUnluckyBlackCatX|move: Stealth Rock
|
|-heal|p2a: Donphan|245\/384|[from] item: Leftovers
|turn|3
|callback|decision
|
|move|p2a: Donphan|Ice Shard|p1a: Veggie
|-supereffective|p1a: Veggie
|-damage|p1a: Veggie|322\/404
|move|p1a: Veggie|Giga Drain|p2a: Donphan
|-supereffective|p2a: Donphan
|-damage|p2a: Donphan|0 fnt
|-heal|p1a: Veggie|404\/404|[from] drain|[of] p2a: Donphan
|faint|p2a: Donphan
|
|callback|decision
|
|switch|p2a: Volcarona|Volcarona, F|311\/311
|turn|4
|callback|decision
|
|move|p2a: Volcarona|Bug Buzz|p1a: Veggie
|-supereffective|p1a: Veggie
|-damage|p1a: Veggie|0 fnt
|faint|p1a: Veggie
|
|callback|decision
|
|switch|p1a: Dive Bomb|Staraptor, F|312\/312
|-damage|p1a: Dive Bomb|234\/312|[from] Stealth Rock
|turn|5
|callback|decision
|
|switch|p2a: Thundurus-Therian|Thundurus-Therian, M|299\/299
|move|p1a: Dive Bomb|Double-Edge|p2a: Thundurus-Therian
|-enditem|p2a: Thundurus-Therian|Focus Sash
|-damage|p2a: Thundurus-Therian|1\/299
|-damage|p1a: Dive Bomb|136\/312|[from] recoil|[of] p2a: Thundurus-Therian
|
|turn|6
|callback|decision
|
|move|p1a: Dive Bomb|Double-Edge|p2a: Thundurus-Therian
|-damage|p2a: Thundurus-Therian|0 fnt
|-damage|p1a: Dive Bomb|135\/312|[from] recoil|[of] p2a: Thundurus-Therian
|faint|p2a: Thundurus-Therian
|
|callback|decision
|
|switch|p2a: Salamence|Salamence, M|332\/332
|turn|7
|callback|decision
|
|move|p1a: Dive Bomb|Double-Edge|p2a: Salamence
|-damage|p2a: Salamence|23\/332
|-damage|p1a: Dive Bomb|33\/312|[from] recoil|[of] p2a: Salamence
|move|p2a: Salamence|Dragon Claw|p1a: Dive Bomb
|-damage|p1a: Dive Bomb|0 fnt
|faint|p1a: Dive Bomb
|-boost|p2a: Salamence|atk|1|[from] ability: Moxie
|
|callback|decision
|
|switch|p1a: Turn X|Metagross|160\/364
|-damage|p1a: Turn X|138\/364|[from] Stealth Rock
|turn|8
|callback|decision
|
|move|p1a: Turn X|Pursuit|p2a: Salamence|[from]Pursuit
|-damage|p2a: Salamence|0 fnt
|faint|p2a: Salamence
|
|callback|decision
|
|switch|p2a: Conkeldurr|Conkeldurr, F|383\/383
|turn|9
|callback|decision
|
|switch|p1a: Ram Jam|Toxicroak, M|370\/370
|-damage|p1a: Ram Jam|347\/370|[from] Stealth Rock
|move|p2a: Conkeldurr|Earthquake|p1a: Ram Jam
|-supereffective|p1a: Ram Jam
|-damage|p1a: Ram Jam|0 fnt
|faint|p1a: Ram Jam
|
|callback|decision
|
|switch|p1a: Turn X|Metagross|138\/364
|-damage|p1a: Turn X|116\/364|[from] Stealth Rock
|turn|10
|callback|decision
|
|switch|p2a: Jellicent|Jellicent, F|404\/404
|move|p1a: Turn X|Meteor Mash|p2a: Jellicent|[miss]
|-miss|p1a: Turn X|p2a: Jellicent
|
|turn|11
|callback|decision
|
|move|p1a: Turn X|Meteor Mash|p2a: Jellicent
|-crit|p2a: Jellicent
|-resisted|p2a: Jellicent
|-damage|p2a: Jellicent|0 fnt
|faint|p2a: Jellicent
|
|callback|decision
|
|switch|p2a: Conkeldurr|Conkeldurr, F|383\/383
|turn|12
|callback|decision
|
|move|p1a: Turn X|Meteor Mash|p2a: Conkeldurr
|-crit|p2a: Conkeldurr
|-damage|p2a: Conkeldurr|0 fnt
|faint|p2a: Conkeldurr
|
|callback|decision
|chat|pikapooper|...
|
|switch|p2a: Volcarona|Volcarona, F|311\/311
|turn|13
|callback|decision
|chat|pikapooper|gg
|
|move|p2a: Volcarona|Fiery Dance|p1a: Turn X
|-supereffective|p1a: Turn X
|-damage|p1a: Turn X|0 fnt
|faint|p1a: Turn X
|
|callback|decision
|
|switch|p1a: Dadstoise|Blastoise, M|362\/362
|-damage|p1a: Dadstoise|317\/362|[from] Stealth Rock
|turn|14
|callback|decision
|
|move|p2a: Volcarona|Giga Drain|p1a: Dadstoise
|-supereffective|p1a: Dadstoise
|-damage|p1a: Dadstoise|137\/362
|move|p1a: Dadstoise|Scald|p2a: Volcarona
|-supereffective|p2a: Volcarona
|-damage|p2a: Volcarona|153\/311
|
|-heal|p1a: Dadstoise|159\/362|[from] item: Leftovers
|turn|15
|callback|decision
|
|move|p2a: Volcarona|Giga Drain|p1a: Dadstoise
|-supereffective|p1a: Dadstoise
|-damage|p1a: Dadstoise|0 fnt
|-heal|p2a: Volcarona|233\/311|[from] drain|[of] p1a: Dadstoise
|faint|p1a: Dadstoise
|
|callback|decision
|
|switch|p1a: Lucy|Arcanine, F|345\/345
|-damage|p1a: Lucy|259\/345|[from] Stealth Rock
|turn|16
|callback|decision
|
|move|p2a: Volcarona|Bug Buzz|p1a: Lucy
|-resisted|p1a: Lucy
|-damage|p1a: Lucy|145\/345
|-unboost|p1a: Lucy|spd|1
|move|p1a: Lucy|Flare Blitz|p2a: Volcarona
|-damage|p2a: Volcarona|0 fnt
|-damage|p1a: Lucy|68\/345|[from] recoil|[of] p2a: Volcarona
|-damage|p1a: Lucy|34\/345|[from] item: Life Orb
|faint|p2a: Volcarona
|
|win|XUnluckyBlackCatX
|raw|Ladder updating...
|raw|XUnluckyBlackCatX's rating: 1754 &rarr; <strong>1759<\/strong><br \/>(+5 for winning)
|raw|pikapooper's rating: 1583 &rarr; <strong>1581<\/strong><br \/>(-2 for losing)
|chat|XUnluckyBlackCatX|gg