|join|pikapooper
|join|VortX
|player|p1|pikapooper|29
|player|p2|VortX|80
|gametype|singles
|tier|OU
|rated
|rule|Evasion Abilities Clause: Evasion abilities are banned
|clearpoke
|poke|p1|Magnezone
|poke|p1|Alakazam, F
|poke|p1|Mamoswine, F
|poke|p1|Conkeldurr, M
|poke|p1|Amoonguss, F
|poke|p1|Donphan, M
|poke|p2|Landorus-Therian, M, shiny
|poke|p2|Xatu, F, shiny
|poke|p2|Blissey, F
|poke|p2|Conkeldurr, F
|poke|p2|Jellicent, M
|poke|p2|Latios, M
|rule|Sleep Clause Mod: Limit one foe put to sleep
|rule|Species Clause: Limit one of each Pokemon
|rule|OHKO Clause: OHKO moves are banned
|rule|Moody Clause: Moody is banned
|rule|Evasion Moves Clause: Evasion moves are banned
|rule|HP Percentage Mod: HP is reported as percentages
|teampreview
|callback|decision
|
|start
|switch|p1a: Mamoswine|Mamoswine, F|362\/362
|switch|p2a: Landorus-Therian|Landorus-Therian, M, shiny|381\/381
|-ability|p2a: Landorus-Therian|Intimidate|[of] p1a: Mamoswine
|-unboost|p1a: Mamoswine|atk|1
|turn|1
|callback|decision
|
|switch|p2a: Jellicent|Jellicent, M|404\/404
|move|p1a: Mamoswine|Stealth Rock|p2a: Jellicent
|-sidestart|p2: VortX|move: Stealth Rock
|
|turn|2
|callback|decision
|
|switch|p1a: Amoonguss|Amoonguss, F|432\/432
|move|p2a: Jellicent|Scald|p1a: Amoonguss
|-resisted|p1a: Amoonguss
|-damage|p1a: Amoonguss|400\/432
|
|-heal|p1a: Amoonguss|427\/432|[from] item: Leftovers
|turn|3
|callback|decision
|
|switch|p2a: Xatu|Xatu, F, shiny|333\/333
|-damage|p2a: Xatu|250\/333|[from] Stealth Rock
|move|p1a: Amoonguss|Hidden Power|p2a: Xatu
|-supereffective|p2a: Xatu
|-damage|p2a: Xatu|112\/333
|
|-heal|p2a: Xatu|132\/333|[from] item: Leftovers
|-heal|p1a: Amoonguss|432\/432|[from] item: Leftovers
|turn|4
|callback|decision
|
|switch|p1a: Mamoswine|Mamoswine, F|362\/362
|move|p2a: Xatu|Roost|p2a: Xatu
|-heal|p2a: Xatu|299\/333
|
|-heal|p2a: Xatu|319\/333|[from] item: Leftovers
|turn|5
|callback|decision
|
|switch|p1a: Alakazam|Alakazam, F|252\/252
|switch|p2a: Conkeldurr|Conkeldurr, F|381\/381
|-damage|p2a: Conkeldurr|358\/381|[from] Stealth Rock
|
|-heal|p2a: Conkeldurr|381\/381|[from] item: Leftovers
|turn|6
|callback|decision
|chat|VortX|!
|
|switch|p2a: Blissey|Blissey, F|651\/651
|-damage|p2a: Blissey|570\/651|[from] Stealth Rock
|move|p1a: Alakazam|Psyshock|p2a: Blissey
|-damage|p2a: Blissey|260\/651
|
|-heal|p2a: Blissey|300\/651|[from] item: Leftovers
|turn|7
|callback|decision
|chat|VortX|gg u got this
|
|move|p1a: Alakazam|Psyshock|p2a: Blissey
|-damage|p2a: Blissey|8\/651
|move|p2a: Blissey|Thunder Wave|p1a: Alakazam
|-status|p1a: Alakazam|par
|
|-heal|p2a: Blissey|48\/651|[from] item: Leftovers
|turn|8
|callback|decision
|
|move|p2a: Blissey|Softboiled|p2a: Blissey
|-heal|p2a: Blissey|374\/651
|move|p1a: Alakazam|Psyshock|p2a: Blissey
|-damage|p2a: Blissey|44\/651
|
|-heal|p2a: Blissey|84\/651|[from] item: Leftovers
|turn|9
|callback|decision
|
|switch|p1a: Amoonguss|Amoonguss, F|432\/432
|move|p2a: Blissey|Softboiled|p2a: Blissey
|-heal|p2a: Blissey|410\/651
|
|-heal|p2a: Blissey|450\/651|[from] item: Leftovers
|turn|10
|callback|decision
|
|move|p2a: Blissey|Thunder Wave|p1a: Amoonguss
|-status|p1a: Amoonguss|par
|move|p1a: Amoonguss|Hidden Power|p2a: Blissey
|-damage|p2a: Blissey|421\/651
|
|-heal|p2a: Blissey|461\/651|[from] item: Leftovers
|turn|11
|callback|decision
|
|move|p2a: Blissey|Seismic Toss|p1a: Amoonguss
|-damage|p1a: Amoonguss|332\/432 par
|move|p1a: Amoonguss|Spore|p2a: Blissey
|-status|p2a: Blissey|slp
|
|-heal|p2a: Blissey|501\/651 slp|[from] item: Leftovers
|-heal|p1a: Amoonguss|359\/432 par|[from] item: Leftovers
|turn|12
|callback|decision
|
|switch|p2a: Jellicent|Jellicent, M|404\/404
|-damage|p2a: Jellicent|354\/404|[from] Stealth Rock
|switch|p1a: Mamoswine|Mamoswine, F|362\/362
|
|-heal|p2a: Jellicent|379\/404|[from] item: Leftovers
|turn|13
|callback|decision
|
|switch|p1a: Alakazam|Alakazam, F|252\/252 par
|move|p2a: Jellicent|Scald|p1a: Alakazam
|-damage|p1a: Alakazam|149\/252 par
|
|-heal|p2a: Jellicent|404\/404|[from] item: Leftovers
|turn|14
|callback|decision
|
|move|p2a: Jellicent|Scald|p1a: Alakazam
|-damage|p1a: Alakazam|46\/252 par
|cant|p1a: Alakazam|par
|
|turn|15
|callback|decision
|
|switch|p1a: Amoonguss|Amoonguss, F|432\/432 par
|move|p2a: Jellicent|Scald|p1a: Amoonguss
|-resisted|p1a: Amoonguss
|-damage|p1a: Amoonguss|400\/432 par
|
|-heal|p1a: Amoonguss|427\/432 par|[from] item: Leftovers
|turn|16
|callback|decision
|
|move|p2a: Jellicent|Taunt|p1a: Amoonguss
|-start|p1a: Amoonguss|move: Taunt
|move|p1a: Amoonguss|Giga Drain|p2a: Jellicent
|-supereffective|p2a: Jellicent
|-damage|p2a: Jellicent|288\/404
|-heal|p1a: Amoonguss|432\/432 par|[from] drain|[of] p2a: Jellicent
|
|-heal|p2a: Jellicent|313\/404|[from] item: Leftovers
|turn|17
|callback|decision
|
|switch|p2a: Conkeldurr|Conkeldurr, F|381\/381
|-damage|p2a: Conkeldurr|358\/381|[from] Stealth Rock
|switch|p1a: Conkeldurr|Conkeldurr, M|369\/369
|
|-heal|p2a: Conkeldurr|381\/381|[from] item: Leftovers
|turn|18
|callback|decision
|
|move|p1a: Conkeldurr|Bulk Up|p1a: Conkeldurr
|-boost|p1a: Conkeldurr|atk|1
|-boost|p1a: Conkeldurr|def|1
|move|p2a: Conkeldurr|Drain Punch|p1a: Conkeldurr
|-damage|p1a: Conkeldurr|282\/369
|
|-heal|p1a: Conkeldurr|305\/369|[from] item: Leftovers
|turn|19
|callback|decision
|
|switch|p2a: Jellicent|Jellicent, M|313\/404
|-damage|p2a: Jellicent|263\/404|[from] Stealth Rock
|move|p1a: Conkeldurr|Drain Punch|p2a: Jellicent
|-immune|p2a: Jellicent|[msg]
|
|-heal|p2a: Jellicent|288\/404|[from] item: Leftovers
|-heal|p1a: Conkeldurr|328\/369|[from] item: Leftovers
|turn|20
|callback|decision
|chat|VortX|i hope u dnt have thunderpunch
|
|move|p2a: Jellicent|Scald|p1a: Conkeldurr
|-damage|p1a: Conkeldurr|225\/369
|-status|p1a: Conkeldurr|brn
|move|p1a: Conkeldurr|Bulk Up|p1a: Conkeldurr
|-boost|p1a: Conkeldurr|atk|1
|-boost|p1a: Conkeldurr|def|1
|
|-heal|p2a: Jellicent|313\/404|[from] item: Leftovers
|-heal|p1a: Conkeldurr|248\/369 brn|[from] item: Leftovers
|-damage|p1a: Conkeldurr|202\/369 brn|[from] brn
|turn|21
|callback|decision
|
|move|p2a: Jellicent|Scald|p1a: Conkeldurr
|-damage|p1a: Conkeldurr|103\/369 brn
|move|p1a: Conkeldurr|Ice Punch|p2a: Jellicent
|-resisted|p2a: Jellicent
|-damage|p2a: Jellicent|133\/404
|
|-heal|p2a: Jellicent|158\/404|[from] item: Leftovers
|-heal|p1a: Conkeldurr|126\/369 brn|[from] item: Leftovers
|-damage|p1a: Conkeldurr|80\/369 brn|[from] brn
|turn|22
|callback|decision
|chat|VortX|ouch
|
|switch|p1a: Amoonguss|Amoonguss, F|432\/432 par
|move|p2a: Jellicent|Recover|p2a: Jellicent
|-heal|p2a: Jellicent|360\/404
|
|-heal|p2a: Jellicent|385\/404|[from] item: Leftovers
|turn|23
|callback|decision
|
|switch|p2a: Blissey|Blissey, F|501\/651
|-damage|p2a: Blissey|420\/651|[from] Stealth Rock
|move|p1a: Amoonguss|Giga Drain|p2a: Blissey
|-damage|p2a: Blissey|377\/651
|
|-heal|p2a: Blissey|417\/651|[from] item: Leftovers
|turn|24
|callback|decision
|
|move|p2a: Blissey|Softboiled|p2a: Blissey
|-heal|p2a: Blissey|651\/651
|cant|p1a: Amoonguss|par
|
|turn|25
|callback|decision
|
|switch|p2a: Xatu|Xatu, F, shiny|319\/333
|-damage|p2a: Xatu|236\/333|[from] Stealth Rock
|switch|p1a: Alakazam|Alakazam, F|46\/252 par
|
|-heal|p2a: Xatu|256\/333|[from] item: Leftovers
|turn|26
|callback|decision
|
|move|p2a: Xatu|U-turn|p1a: Alakazam
|-supereffective|p1a: Alakazam
|-damage|p1a: Alakazam|0 fnt
|faint|p1a: Alakazam
|callback|decision
|
|switch|p2a: Jellicent|Jellicent, M|385\/404
|-damage|p2a: Jellicent|335\/404|[from] Stealth Rock
|
|-heal|p2a: Jellicent|360\/404|[from] item: Leftovers
|callback|decision
|
|switch|p1a: Magnezone|Magnezone|282\/282
|turn|27
|callback|decision
|
|switch|p2a: Landorus-Therian|Landorus-Therian, M, shiny|381\/381
|-damage|p2a: Landorus-Therian|334\/381|[from] Stealth Rock
|-ability|p2a: Landorus-Therian|Intimidate|[of] p1a: Magnezone
|-unboost|p1a: Magnezone|atk|1
|move|p1a: Magnezone|Substitute|p1a: Magnezone
|-start|p1a: Magnezone|Substitute
|-damage|p1a: Magnezone|212\/282
|
|-heal|p2a: Landorus-Therian|357\/381|[from] item: Leftovers
|-heal|p1a: Magnezone|229\/282|[from] item: Leftovers
|turn|28
|callback|decision
|
|move|p2a: Landorus-Therian|Stealth Rock|p1a: Magnezone
|-sidestart|p1: pikapooper|move: Stealth Rock
|move|p1a: Magnezone|Flash Cannon|p2a: Landorus-Therian
|-crit|p2a: Landorus-Therian
|-damage|p2a: Landorus-Therian|0 fnt
|faint|p2a: Landorus-Therian
|
|-heal|p1a: Magnezone|246\/282|[from] item: Leftovers
|callback|decision
|chat|VortX|dayum..
|
|switch|p2a: Blissey|Blissey, F|651\/651
|-damage|p2a: Blissey|570\/651|[from] Stealth Rock
|turn|29
|callback|decision
|
|move|p1a: Magnezone|Thunderbolt|p2a: Blissey
|-damage|p2a: Blissey|459\/651
|move|p2a: Blissey|Seismic Toss|p1a: Magnezone
|-end|p1a: Magnezone|Substitute
|
|-heal|p1a: Magnezone|263\/282|[from] item: Leftovers
|-heal|p2a: Blissey|499\/651|[from] item: Leftovers
|turn|30
|callback|decision
|
|switch|p1a: Amoonguss|Amoonguss, F|432\/432 par
|-damage|p1a: Amoonguss|378\/432 par|[from] Stealth Rock
|move|p2a: Blissey|Seismic Toss|p1a: Amoonguss
|-damage|p1a: Amoonguss|278\/432 par
|
|-heal|p2a: Blissey|539\/651|[from] item: Leftovers
|-heal|p1a: Amoonguss|305\/432 par|[from] item: Leftovers
|turn|31
|callback|decision
|
|move|p2a: Blissey|Seismic Toss|p1a: Amoonguss
|-damage|p1a: Amoonguss|205\/432 par
|move|p1a: Amoonguss|Spore|p2a: Blissey
|-status|p2a: Blissey|slp
|
|-heal|p2a: Blissey|579\/651 slp|[from] item: Leftovers
|-heal|p1a: Amoonguss|232\/432 par|[from] item: Leftovers
|turn|32
|callback|decision
|
|switch|p2a: Xatu|Xatu, F, shiny|256\/333
|-damage|p2a: Xatu|173\/333|[from] Stealth Rock
|switch|p1a: Mamoswine|Mamoswine, F|362\/362
|-damage|p1a: Mamoswine|317\/362|[from] Stealth Rock
|
|-heal|p2a: Xatu|193\/333|[from] item: Leftovers
|turn|33
|callback|decision
|
|move|p1a: Mamoswine|Ice Shard|p2a: Xatu
|-supereffective|p2a: Xatu
|-damage|p2a: Xatu|0 fnt
|-damage|p1a: Mamoswine|281\/362|[from] item: Life Orb
|faint|p2a: Xatu
|
|callback|decision
|
|switch|p2a: Conkeldurr|Conkeldurr, F|381\/381
|-damage|p2a: Conkeldurr|358\/381|[from] Stealth Rock
|turn|34
|callback|decision
|
|switch|p1a: Amoonguss|Amoonguss, F|376\/432 par
|-damage|p1a: Amoonguss|322\/432 par|[from] Stealth Rock
|move|p2a: Conkeldurr|Drain Punch|p1a: Amoonguss
|-resisted|p1a: Amoonguss
|-damage|p1a: Amoonguss|218\/432 par
|-heal|p2a: Conkeldurr|381\/381|[from] drain|[of] p1a: Amoonguss
|
|-heal|p1a: Amoonguss|245\/432 par|[from] item: Leftovers
|turn|35
|callback|decision
|
|move|p2a: Conkeldurr|Ice Punch|p1a: Amoonguss
|-supereffective|p1a: Amoonguss
|-damage|p1a: Amoonguss|0 fnt
|faint|p1a: Amoonguss
|
|callback|decision
|
|switch|p1a: Conkeldurr|Conkeldurr, M|80\/369 brn
|-damage|p1a: Conkeldurr|57\/369 brn|[from] Stealth Rock
|turn|36
|callback|decision
|
|move|p1a: Conkeldurr|Mach Punch|p2a: Conkeldurr
|-damage|p2a: Conkeldurr|266\/381
|move|p2a: Conkeldurr|Drain Punch|p1a: Conkeldurr
|-damage|p1a: Conkeldurr|0 fnt
|-heal|p2a: Conkeldurr|295\/381|[from] drain|[of] p1a: Conkeldurr
|faint|p1a: Conkeldurr
|
|-heal|p2a: Conkeldurr|318\/381|[from] item: Leftovers
|callback|decision
|
|switch|p1a: Donphan|Donphan, M|384\/384
|-damage|p1a: Donphan|360\/384|[from] Stealth Rock
|turn|37
|callback|decision
|
|move|p1a: Donphan|Earthquake|p2a: Conkeldurr
|-damage|p2a: Conkeldurr|180\/381
|move|p2a: Conkeldurr|Drain Punch|p1a: Donphan
|-damage|p1a: Donphan|255\/384
|-heal|p2a: Conkeldurr|233\/381|[from] drain|[of] p1a: Donphan
|
|-heal|p1a: Donphan|279\/384|[from] item: Leftovers
|-heal|p2a: Conkeldurr|256\/381|[from] item: Leftovers
|turn|38
|callback|decision
|
|switch|p2a: Latios|Latios, M|301\/301
|-damage|p2a: Latios|264\/301|[from] Stealth Rock
|move|p1a: Donphan|Ice Shard|p2a: Latios
|-supereffective|p2a: Latios
|-damage|p2a: Latios|170\/301
|
|-heal|p1a: Donphan|303\/384|[from] item: Leftovers
|turn|39
|callback|decision
|
|move|p1a: Donphan|Ice Shard|p2a: Latios
|-supereffective|p2a: Latios
|-damage|p2a: Latios|80\/301
|move|p2a: Latios|Draco Meteor|p1a: Donphan
|-damage|p1a: Donphan|0 fnt
|-unboost|p2a: Latios|spa|2
|faint|p1a: Donphan
|
|callback|decision
|
|switch|p1a: Mamoswine|Mamoswine, F|281\/362
|-damage|p1a: Mamoswine|236\/362|[from] Stealth Rock
|turn|40
|callback|decision
|
|switch|p2a: Jellicent|Jellicent, M|360\/404
|-damage|p2a: Jellicent|310\/404|[from] Stealth Rock
|move|p1a: Mamoswine|Earthquake|p2a: Jellicent
|-damage|p2a: Jellicent|0 fnt
|-damage|p1a: Mamoswine|200\/362|[from] item: Life Orb
|faint|p2a: Jellicent
|
|callback|decision
|chat|VortX|nice
|
|switch|p2a: Conkeldurr|Conkeldurr, F|256\/381
|-damage|p2a: Conkeldurr|233\/381|[from] Stealth Rock
|turn|41
|callback|decision
|
|move|p1a: Mamoswine|Earthquake|p2a: Conkeldurr
|-damage|p2a: Conkeldurr|0 fnt
|-damage|p1a: Mamoswine|164\/362|[from] item: Life Orb
|faint|p2a: Conkeldurr
|
|callback|decision
|chat|VortX|damn lol gg
|
|switch|p2a: Blissey|Blissey, F|579\/651
|-damage|p2a: Blissey|498\/651|[from] Stealth Rock
|turn|42
|callback|decision
|
|move|p1a: Mamoswine|Superpower|p2a: Blissey
|-supereffective|p2a: Blissey
|-damage|p2a: Blissey|0 fnt
|-unboost|p1a: Mamoswine|atk|1
|-unboost|p1a: Mamoswine|def|1
|-damage|p1a: Mamoswine|128\/362|[from] item: Life Orb
|faint|p2a: Blissey
|
|callback|decision
|
|switch|p2a: Latios|Latios, M|80\/301
|-damage|p2a: Latios|43\/301|[from] Stealth Rock
|turn|43
|callback|decision
|chat|pikapooper|had to make some supper risky predictions. it turned out alright i guess :D
|chat|pikapooper|gg
|
|move|p1a: Mamoswine|Ice Shard|p2a: Latios
|-supereffective|p2a: Latios
|-damage|p2a: Latios|0 fnt
|-damage|p1a: Mamoswine|92\/362|[from] item: Life Orb
|faint|p2a: Latios
|
|win|pikapooper
|raw|Ladder updating...
|raw|pikapooper's rating: 1734 &rarr; <strong>1739<\/strong><br \/>(+5 for winning)
|raw|VortX's rating: 1739 &rarr; <strong>1736<\/strong><br \/>(-3 for losing)
|chat|VortX|yea
|chat|VortX|they were great predictions
|chat|VortX|gg
|chat|VortX|haha