|join|pikapooper
|join|mega magic
|player|p1|pikapooper|29
|player|p2|mega magic|170
|gametype|singles
|tier|OU
|rated
|rule|Evasion Abilities Clause: Evasion abilities are banned
|clearpoke
|poke|p1|Salamence, M
|poke|p1|Conkeldurr, F
|poke|p1|Volcarona, F
|poke|p1|Donphan, M
|poke|p1|Rotom-Wash
|poke|p1|Thundurus-Therian, M
|poke|p2|Ninetales, M
|poke|p2|Victini
|poke|p2|Venusaur, M
|poke|p2|Conkeldurr, F
|poke|p2|Thundurus-Therian, M
|poke|p2|Scizor, M
|rule|Sleep Clause Mod: Limit one foe put to sleep
|rule|Species Clause: Limit one of each Pokemon
|rule|OHKO Clause: OHKO moves are banned
|rule|Moody Clause: Moody is banned
|rule|Evasion Moves Clause: Evasion moves are banned
|rule|HP Percentage Mod: HP is reported as percentages
|teampreview
|callback|decision
|
|start
|switch|p1a: Rotom-Wash|Rotom-Wash|304\/304
|switch|p2a: Thundurus-Therian|Thundurus-Therian, M|300\/300
|turn|1
|callback|decision
|
|move|p2a: Thundurus-Therian|Taunt|p1a: Rotom-Wash
|-start|p1a: Rotom-Wash|move: Taunt
|move|p1a: Rotom-Wash|Volt Switch|p2a: Thundurus-Therian
|-immune|p2a: Thundurus-Therian|[msg]
|
|turn|2
|callback|decision
|
|move|p2a: Thundurus-Therian|Thunderbolt|p1a: Rotom-Wash
|-damage|p1a: Rotom-Wash|152\/304
|-damage|p2a: Thundurus-Therian|270\/300|[from] item: Life Orb
|move|p1a: Rotom-Wash|Hydro Pump|p2a: Thundurus-Therian
|-damage|p2a: Thundurus-Therian|93\/300
|
|-heal|p1a: Rotom-Wash|171\/304|[from] item: Leftovers
|turn|3
|callback|decision
|
|switch|p1a: Donphan|Donphan, M|375\/375
|move|p2a: Thundurus-Therian|Thunderbolt|p1a: Donphan
|-immune|p1a: Donphan|[msg]
|
|turn|4
|callback|decision
|
|move|p2a: Thundurus-Therian|Hidden Power|p1a: Donphan
|-supereffective|p1a: Donphan
|-damage|p1a: Donphan|27\/375
|-damage|p2a: Thundurus-Therian|63\/300|[from] item: Life Orb
|move|p1a: Donphan|Stealth Rock|p2a: Thundurus-Therian
|-sidestart|p2: mega magic|move: Stealth Rock
|
|-heal|p1a: Donphan|50\/375|[from] item: Leftovers
|turn|5
|callback|decision
|
|move|p1a: Donphan|Ice Shard|p2a: Thundurus-Therian
|-supereffective|p2a: Thundurus-Therian
|-damage|p2a: Thundurus-Therian|0 fnt
|faint|p2a: Thundurus-Therian
|
|-heal|p1a: Donphan|73\/375|[from] item: Leftovers
|callback|decision
|
|switch|p2a: Ninetales|Ninetales, M|350\/350
|-damage|p2a: Ninetales|263\/350|[from] Stealth Rock
|-weather|SunnyDay|[from] ability: Drought|[of] p2a: Ninetales
|turn|6
|callback|decision
|
|move|p2a: Ninetales|Flamethrower|p1a: Donphan
|-damage|p1a: Donphan|0 fnt
|faint|p1a: Donphan
|
|-weather|SunnyDay|[upkeep]
|-heal|p2a: Ninetales|284\/350|[from] item: Leftovers
|callback|decision
|
|switch|p1a: Salamence|Salamence, M|331\/331
|turn|7
|callback|decision
|
|move|p1a: Salamence|Earthquake|p2a: Ninetales
|-supereffective|p2a: Ninetales
|-damage|p2a: Ninetales|0 fnt
|faint|p2a: Ninetales
|-boost|p1a: Salamence|atk|1|[from] ability: Moxie
|
|-weather|SunnyDay|[upkeep]
|callback|decision
|
|switch|p2a: Conkeldurr|Conkeldurr, F|414\/414
|-damage|p2a: Conkeldurr|389\/414|[from] Stealth Rock
|turn|8
|callback|decision
|
|switch|p1a: Volcarona|Volcarona, F|311\/311
|move|p2a: Conkeldurr|Ice Punch|p1a: Volcarona
|-resisted|p1a: Volcarona
|-damage|p1a: Volcarona|218\/311
|
|-weather|SunnyDay|[upkeep]
|-heal|p1a: Volcarona|237\/311|[from] item: Leftovers
|-heal|p2a: Conkeldurr|414\/414|[from] item: Leftovers
|turn|9
|callback|decision
|
|switch|p2a: Victini|Victini|341\/341
|-damage|p2a: Victini|256\/341|[from] Stealth Rock
|move|p1a: Volcarona|Fiery Dance|p2a: Victini
|-resisted|p2a: Victini
|-damage|p2a: Victini|138\/341
|-boost|p1a: Volcarona|spa|1
|
|-weather|SunnyDay|[upkeep]
|-heal|p1a: Volcarona|256\/311|[from] item: Leftovers
|turn|10
|callback|decision
|
|switch|p1a: Rotom-Wash|Rotom-Wash|171\/304
|move|p2a: Victini|V-create|p1a: Rotom-Wash
|-resisted|p1a: Rotom-Wash
|-damage|p1a: Rotom-Wash|0 fnt
|-unboost|p2a: Victini|def|1
|-unboost|p2a: Victini|spd|1
|-unboost|p2a: Victini|spe|1
|faint|p1a: Rotom-Wash
|
|-weather|SunnyDay|[upkeep]
|callback|decision
|
|switch|p1a: Volcarona|Volcarona, F|256\/311
|turn|11
|callback|decision
|
|move|p2a: Victini|V-create|p1a: Volcarona
|-damage|p1a: Volcarona|0 fnt
|-unboost|p2a: Victini|def|1
|-unboost|p2a: Victini|spd|1
|-unboost|p2a: Victini|spe|1
|faint|p1a: Volcarona
|
|-weather|SunnyDay|[upkeep]
|callback|decision
|
|switch|p1a: Salamence|Salamence, M|331\/331
|turn|12
|callback|decision
|
|switch|p2a: Scizor|Scizor, M|344\/344
|-damage|p2a: Scizor|301\/344|[from] Stealth Rock
|move|p1a: Salamence|Earthquake|p2a: Scizor
|-damage|p2a: Scizor|163\/344
|
|-weather|SunnyDay|[upkeep]
|turn|13
|callback|decision
|
|switch|p1a: Conkeldurr|Conkeldurr, F|373\/373
|move|p2a: Scizor|Bullet Punch|p1a: Conkeldurr
|-damage|p1a: Conkeldurr|271\/373
|
|-weather|SunnyDay|[upkeep]
|-heal|p1a: Conkeldurr|294\/373|[from] item: Leftovers
|turn|14
|callback|decision
|
|move|p2a: Scizor|Swords Dance|p2a: Scizor
|-boost|p2a: Scizor|atk|2
|move|p1a: Conkeldurr|Ice Punch|p2a: Scizor
|-resisted|p2a: Scizor
|-damage|p2a: Scizor|115\/344
|
|-weather|SunnyDay|[upkeep]
|-heal|p1a: Conkeldurr|317\/373|[from] item: Leftovers
|turn|15
|callback|decision
|
|move|p2a: Scizor|Bullet Punch|p1a: Conkeldurr
|-damage|p1a: Conkeldurr|94\/373
|move|p1a: Conkeldurr|Drain Punch|p2a: Scizor
|-damage|p2a: Scizor|0 fnt
|-heal|p1a: Conkeldurr|152\/373|[from] drain|[of] p2a: Scizor
|faint|p2a: Scizor
|
|-weather|SunnyDay|[upkeep]
|-heal|p1a: Conkeldurr|175\/373|[from] item: Leftovers
|callback|decision
|
|switch|p2a: Conkeldurr|Conkeldurr, F|414\/414
|-damage|p2a: Conkeldurr|389\/414|[from] Stealth Rock
|turn|16
|callback|decision
|
|move|p1a: Conkeldurr|Drain Punch|p2a: Conkeldurr
|-damage|p2a: Conkeldurr|230\/414
|-heal|p1a: Conkeldurr|255\/373|[from] drain|[of] p2a: Conkeldurr
|move|p2a: Conkeldurr|Bulk Up|p2a: Conkeldurr
|-boost|p2a: Conkeldurr|atk|1
|-boost|p2a: Conkeldurr|def|1
|
|-weather|SunnyDay|[upkeep]
|-heal|p1a: Conkeldurr|278\/373|[from] item: Leftovers
|-heal|p2a: Conkeldurr|255\/414|[from] item: Leftovers
|turn|17
|callback|decision
|
|move|p1a: Conkeldurr|Bulk Up|p1a: Conkeldurr
|-boost|p1a: Conkeldurr|atk|1
|-boost|p1a: Conkeldurr|def|1
|move|p2a: Conkeldurr|Drain Punch|p1a: Conkeldurr
|-damage|p1a: Conkeldurr|106\/373
|-heal|p2a: Conkeldurr|341\/414|[from] drain|[of] p1a: Conkeldurr
|
|-weather|SunnyDay|[upkeep]
|-heal|p1a: Conkeldurr|129\/373|[from] item: Leftovers
|-heal|p2a: Conkeldurr|366\/414|[from] item: Leftovers
|turn|18
|callback|decision
|
|move|p1a: Conkeldurr|Drain Punch|p2a: Conkeldurr
|-damage|p2a: Conkeldurr|212\/414
|-heal|p1a: Conkeldurr|206\/373|[from] drain|[of] p2a: Conkeldurr
|move|p2a: Conkeldurr|Drain Punch|p1a: Conkeldurr
|-crit|p1a: Conkeldurr
|-damage|p1a: Conkeldurr|0 fnt
|-heal|p2a: Conkeldurr|315\/414|[from] drain|[of] p1a: Conkeldurr
|faint|p1a: Conkeldurr
|
|-weather|SunnyDay|[upkeep]
|-heal|p2a: Conkeldurr|340\/414|[from] item: Leftovers
|callback|decision
|
|switch|p1a: Thundurus-Therian|Thundurus-Therian, M|299\/299
|turn|19
|callback|decision
|
|move|p1a: Thundurus-Therian|Thunderbolt|p2a: Conkeldurr
|-damage|p2a: Conkeldurr|36\/414
|move|p2a: Conkeldurr|Ice Punch|p1a: Thundurus-Therian
|-supereffective|p1a: Thundurus-Therian
|-enditem|p1a: Thundurus-Therian|Focus Sash
|-damage|p1a: Thundurus-Therian|1\/299
|
|-weather|SunnyDay|[upkeep]
|-heal|p2a: Conkeldurr|61\/414|[from] item: Leftovers
|turn|20
|callback|decision
|
|switch|p2a: Venusaur|Venusaur, M|301\/301
|-damage|p2a: Venusaur|264\/301|[from] Stealth Rock
|move|p1a: Thundurus-Therian|Thunderbolt|p2a: Venusaur
|-resisted|p2a: Venusaur
|-damage|p2a: Venusaur|155\/301
|
|-weather|SunnyDay|[upkeep]
|-heal|p2a: Venusaur|173\/301|[from] item: Black Sludge
|turn|21
|callback|decision
|
|move|p2a: Venusaur|Hidden Power|p1a: Thundurus-Therian
|-damage|p1a: Thundurus-Therian|0 fnt
|faint|p1a: Thundurus-Therian
|
|-weather|SunnyDay|[upkeep]
|-heal|p2a: Venusaur|191\/301|[from] item: Black Sludge
|callback|decision
|
|switch|p1a: Salamence|Salamence, M|331\/331
|turn|22
|callback|decision
|
|move|p2a: Venusaur|Hidden Power|p1a: Salamence
|-crit|p1a: Salamence
|-resisted|p1a: Salamence
|-damage|p1a: Salamence|166\/331
|move|p1a: Salamence|Fire Blast|p2a: Venusaur
|-supereffective|p2a: Venusaur
|-damage|p2a: Venusaur|0 fnt
|faint|p2a: Venusaur
|-boost|p1a: Salamence|atk|1|[from] ability: Moxie
|
|-weather|SunnyDay|[upkeep]
|callback|decision
|
|switch|p2a: Victini|Victini|138\/341
|-damage|p2a: Victini|53\/341|[from] Stealth Rock
|turn|23
|callback|decision
|
|move|p2a: Victini|V-create|p1a: Salamence
|-resisted|p1a: Salamence
|-damage|p1a: Salamence|0 fnt
|-unboost|p2a: Victini|def|1
|-unboost|p2a: Victini|spd|1
|-unboost|p2a: Victini|spe|1
|faint|p1a: Salamence
|
|win|mega magic
|raw|Ladder updating...
|raw|pikapooper's rating: 1694 &rarr; <strong>1692<\/strong><br \/>(-2 for losing)
|raw|mega magic's rating: 1811 &rarr; <strong>1813<\/strong><br \/>(+2 for winning)
|leave|pikapooper
|player|p1