|join|Pokebron James
|join|pikapooper
|player|p1|Pokebron James|214
|player|p2|pikapooper|102
|gametype|singles
|gen|6
|tier|OU
|rated
|clearpoke
|poke|p1|Blissey, F, shiny
|poke|p1|Gardevoir, F, shiny
|poke|p1|Rotom-Wash
|poke|p1|Azumarill, M
|poke|p1|Aegislash, M, shiny
|poke|p1|Smeargle, M
|poke|p2|Thundurus, M
|poke|p2|Lucario, M
|poke|p2|Mamoswine, F
|poke|p2|Ludicolo, M
|poke|p2|Breloom, M
|poke|p2|Landorus-Therian, M
|rule|Sleep Clause Mod: Limit one foe put to sleep
|rule|Species Clause: Limit one of each Pokemon
|rule|OHKO Clause: OHKO moves are banned
|rule|Moody Clause: Moody is banned
|rule|Evasion Moves Clause: Evasion moves are banned
|rule|Endless Battle Clause: Forcing endless battles is banned.
|rule|HP Percentage Mod: HP is reported as percentages
|teampreview
|callback|decision
|
|start
|switch|p1a: Sketchy|Smeargle, M|314\/314
|switch|p2a: Mamoswine|Mamoswine, F|361\/361
|turn|1
|callback|decision
|
|move|p2a: Mamoswine|Ice Shard|p1a: Sketchy
|-damage|p1a: Sketchy|161\/314
|move|p1a: Sketchy|Spore|p2a: Mamoswine
|-status|p2a: Mamoswine|slp
|
|turn|2
|callback|decision
|
|switch|p2a: Lucario|Lucario, M|281\/281
|move|p1a: Sketchy|Stealth Rock|p2a: Lucario
|-sidestart|p2: pikapooper|move: Stealth Rock
|
|turn|3
|callback|decision
|
|switch|p1a: Abhislash|Aegislash, M, shiny|324\/324
|-formechange|p2a: Lucario|Lucario-Mega
|message|Lucario has Mega Evolved into Mega Lucario!
|move|p2a: Lucario|Nasty Plot|p2a: Lucario
|-boost|p2a: Lucario|spa|2
|
|turn|4
|callback|decision
|
|switch|p2a: Landorus-Therian|Landorus-Therian, M|382\/382
|-damage|p2a: Landorus-Therian|335\/382|[from] Stealth Rock
|-ability|p2a: Landorus-Therian|Intimidate|[of] p1a: Abhislash
|-unboost|p1a: Abhislash|atk|1
|move|p1a: Abhislash|Swords Dance|p1a: Abhislash
|-boost|p1a: Abhislash|atk|2
|
|-heal|p2a: Landorus-Therian|358\/382|[from] item: Leftovers
|turn|5
|callback|decision
|
|switch|p1a: Dirty Laundry|Rotom-Wash|304\/304
|move|p2a: Landorus-Therian|Stealth Rock|p1a: Dirty Laundry
|-sidestart|p1: Pokebron James|move: Stealth Rock
|
|-heal|p2a: Landorus-Therian|381\/382|[from] item: Leftovers
|turn|6
|callback|decision
|
|switch|p2a: Ludicolo|Ludicolo, M|352\/352
|-damage|p2a: Ludicolo|308\/352|[from] Stealth Rock
|move|p1a: Dirty Laundry|Will-O-Wisp|p2a: Ludicolo
|-status|p2a: Ludicolo|brn
|
|-heal|p2a: Ludicolo|330\/352 brn|[from] item: Leftovers
|-damage|p2a: Ludicolo|286\/352 brn|[from] brn
|turn|7
|callback|decision
|
|move|p1a: Dirty Laundry|Volt Switch|p2a: Ludicolo
|-damage|p2a: Ludicolo|220\/352 brn
|callback|decision
|
|switch|p1a: Sunny Side|Blissey, F, shiny|714\/714
|-damage|p1a: Sunny Side|625\/714|[from] Stealth Rock
|move|p2a: Ludicolo|Leech Seed|p1a: Sunny Side
|-start|p1a: Sunny Side|move: Leech Seed
|
|-heal|p2a: Ludicolo|242\/352 brn|[from] item: Leftovers
|-heal|p1a: Sunny Side|669\/714|[from] item: Leftovers
|-damage|p1a: Sunny Side|580\/714|[from] Leech Seed|[of] p2a: Ludicolo
|-heal|p2a: Ludicolo|331\/352 brn|[silent]
|-damage|p2a: Ludicolo|287\/352 brn|[from] brn
|turn|8
|callback|decision
|
|switch|p2a: Lucario|Lucario, M|281\/281
|-formechange|p2a: Lucario|Lucario-Mega
|-damage|p2a: Lucario|273\/281|[from] Stealth Rock
|move|p1a: Sunny Side|Seismic Toss|p2a: Lucario
|-damage|p2a: Lucario|173\/281
|
|-heal|p1a: Sunny Side|624\/714|[from] item: Leftovers
|-damage|p1a: Sunny Side|535\/714|[from] Leech Seed|[of] p2a: Lucario
|-heal|p2a: Lucario|262\/281|[silent]
|turn|9
|callback|decision
|
|switch|p1a: Dirty Laundry|Rotom-Wash|304\/304
|-damage|p1a: Dirty Laundry|266\/304|[from] Stealth Rock
|move|p2a: Lucario|Flash Cannon|p1a: Dirty Laundry
|-resisted|p1a: Dirty Laundry
|-damage|p1a: Dirty Laundry|220\/304
|-unboost|p1a: Dirty Laundry|spd|1
|
|-heal|p1a: Dirty Laundry|239\/304|[from] item: Leftovers
|turn|10
|callback|decision
|
|move|p2a: Lucario|Aura Sphere|p1a: Dirty Laundry
|-damage|p1a: Dirty Laundry|0 fnt
|faint|p1a: Dirty Laundry
|
|callback|decision
|
|switch|p1a: Sunny Side|Blissey, F, shiny|535\/714
|-damage|p1a: Sunny Side|446\/714|[from] Stealth Rock
|turn|11
|callback|decision
|
|move|p2a: Lucario|Nasty Plot|p2a: Lucario
|-boost|p2a: Lucario|spa|2
|move|p1a: Sunny Side|Wish|p1a: Sunny Side
|
|-heal|p1a: Sunny Side|490\/714|[from] item: Leftovers
|turn|12
|callback|decision
|
|move|p2a: Lucario|Nasty Plot|p2a: Lucario
|-boost|p2a: Lucario|spa|2
|move|p1a: Sunny Side|Seismic Toss|p2a: Lucario
|-damage|p2a: Lucario|162\/281
|
|-heal|p1a: Sunny Side|714\/714|[from] move: Wish|[wisher] Sunny Side
|turn|13
|callback|decision
|
|move|p2a: Lucario|Aura Sphere|p1a: Sunny Side
|-supereffective|p1a: Sunny Side
|-damage|p1a: Sunny Side|0 fnt
|faint|p1a: Sunny Side
|
|callback|decision
|
|switch|p1a: Smuglin|Azumarill, M|404\/404
|-damage|p1a: Smuglin|354\/404|[from] Stealth Rock
|turn|14
|callback|decision
|
|move|p1a: Smuglin|Aqua Jet|p2a: Lucario
|-damage|p2a: Lucario|66\/281
|move|p2a: Lucario|Flash Cannon|p1a: Smuglin
|-damage|p1a: Smuglin|0 fnt
|faint|p1a: Smuglin
|
|callback|decision
|
|switch|p1a: Abhislash|Aegislash, M, shiny|324\/324
|-damage|p1a: Abhislash|304\/324|[from] Stealth Rock
|turn|15
|callback|decision
|
|-formechange|p1a: Abhislash|Aegislash-Blade
|move|p1a: Abhislash|Shadow Sneak|p2a: Lucario
|-damage|p2a: Lucario|0 fnt
|faint|p2a: Lucario
|
|callback|decision
|
|switch|p2a: Landorus-Therian|Landorus-Therian, M|381\/382
|-damage|p2a: Landorus-Therian|334\/382|[from] Stealth Rock
|-ability|p2a: Landorus-Therian|Intimidate|[of] p1a: Abhislash
|-unboost|p1a: Abhislash|atk|1
|turn|16
|callback|decision
|
|switch|p1a: Sketchy|Smeargle, M|161\/314
|-damage|p1a: Sketchy|122\/314|[from] Stealth Rock
|move|p2a: Landorus-Therian|Earthquake|p1a: Sketchy
|-damage|p1a: Sketchy|0 fnt
|faint|p1a: Sketchy
|
|-heal|p2a: Landorus-Therian|357\/382|[from] item: Leftovers
|callback|decision
|
|switch|p1a: Waifu|Gardevoir, F, shiny|278\/278
|-damage|p1a: Waifu|244\/278|[from] Stealth Rock
|turn|17
|callback|decision
|
|-formechange|p1a: Waifu|Gardevoir-Mega
|message|Gardevoir has Mega Evolved into Mega Gardevoir!
|move|p1a: Waifu|Hyper Voice|p2a: Landorus-Therian
|-damage|p2a: Landorus-Therian|42\/382
|move|p2a: Landorus-Therian|U-turn|p1a: Waifu
|-damage|p1a: Waifu|127\/278
|callback|decision
|
|switch|p2a: Ludicolo|Ludicolo, M|287\/352 brn
|-damage|p2a: Ludicolo|243\/352 brn|[from] Stealth Rock
|
|-heal|p2a: Ludicolo|265\/352 brn|[from] item: Leftovers
|-damage|p2a: Ludicolo|221\/352 brn|[from] brn
|turn|18
|callback|decision
|
|move|p1a: Waifu|Psyshock|p2a: Ludicolo
|-damage|p2a: Ludicolo|0 fnt
|faint|p2a: Ludicolo
|
|callback|decision
|
|switch|p2a: Thundurus|Thundurus, M|299\/299
|-damage|p2a: Thundurus|225\/299|[from] Stealth Rock
|turn|19
|callback|decision
|
|move|p1a: Waifu|Hyper Voice|p2a: Thundurus
|-damage|p2a: Thundurus|0 fnt
|faint|p2a: Thundurus
|
|callback|decision
|
|switch|p2a: Mamoswine|Mamoswine, F|361\/361 slp
|-damage|p2a: Mamoswine|316\/361 slp|[from] Stealth Rock
|turn|20
|callback|decision
|
|cant|p2a: Mamoswine|slp
|move|p1a: Waifu|Hyper Voice|p2a: Mamoswine
|-damage|p2a: Mamoswine|0 fnt
|faint|p2a: Mamoswine
|
|callback|decision
|
|switch|p2a: Breloom|Breloom, M|261\/261
|-damage|p2a: Breloom|245\/261|[from] Stealth Rock
|turn|21
|callback|decision
|
|move|p1a: Waifu|Hyper Voice|p2a: Breloom
|-supereffective|p2a: Breloom
|-damage|p2a: Breloom|0 fnt
|faint|p2a: Breloom
|
|callback|decision
|-message|pikapooper forfeited.
|
|win|Pokebron James
|raw|Ladder updating...
|raw|Pokebron James's rating: 1209 &rarr; <strong>1240<\/strong><br \/>(+31 for winning)
|raw|pikapooper's rating: 1295 &rarr; <strong>1264<\/strong><br \/>(-31 for losing)
|leave|pikapooper
|player|p2