|join|pikapooper
|join|da brat
|player|p1|pikapooper|29
|player|p2|da brat|169
|gametype|singles
|tier|OU (beta)
|rated
|clearpoke
|poke|p1|Medicham, F
|poke|p1|Scizor, F
|poke|p1|Rotom-Wash
|poke|p1|Mamoswine, M
|poke|p1|Greninja, M
|poke|p1|Goodra, M
|poke|p2|Talonflame, M
|poke|p2|Azumarill, M
|poke|p2|Tentacruel, F
|poke|p2|Tyranitar, M
|poke|p2|Ferrothorn, M
|poke|p2|Alakazam, M
|rule|Sleep Clause Mod: Limit one foe put to sleep
|rule|Species Clause: Limit one of each Pokemon
|rule|OHKO Clause: OHKO moves are banned
|rule|Moody Clause: Moody is banned
|rule|Evasion Moves Clause: Evasion moves are banned
|rule|HP Percentage Mod: HP is reported as percentages
|teampreview
|callback|decision
|
|start
|switch|p1a: Rotom-Wash|Rotom-Wash|296\/296
|switch|p2a: Ferrothorn|Ferrothorn, M|352\/352
|turn|1
|callback|decision
|
|move|p1a: Rotom-Wash|Will-O-Wisp|p2a: Ferrothorn|[miss]
|-miss|p1a: Rotom-Wash|p2a: Ferrothorn
|move|p2a: Ferrothorn|Stealth Rock|p1a: Rotom-Wash
|-sidestart|p1: pikapooper|move: Stealth Rock
|
|turn|2
|callback|decision
|
|switch|p2a: Talonflame|Talonflame, M|298\/298
|move|p1a: Rotom-Wash|Volt Switch|p2a: Talonflame
|-supereffective|p2a: Talonflame
|-damage|p2a: Talonflame|76\/298
|callback|decision
|
|switch|p1a: Medicham|Medicham, F|262\/262
|-damage|p1a: Medicham|246\/262|[from] Stealth Rock
|
|turn|3
|callback|decision
|
|-formechange|p1a: Medicham|Medicham-Mega
|message|Medicham has Mega Evolved into Mega Medicham!
|move|p1a: Medicham|Fake Out|p2a: Talonflame
|-damage|p2a: Talonflame|0 fnt
|faint|p2a: Talonflame
|
|callback|decision
|
|switch|p2a: Alakazam|Alakazam, M|252\/252
|turn|4
|callback|decision
|
|switch|p1a: Goodra|Goodra, M|371\/371
|-damage|p1a: Goodra|325\/371|[from] Stealth Rock
|move|p2a: Alakazam|Shadow Ball|p1a: Goodra
|-damage|p1a: Goodra|274\/371
|
|turn|5
|callback|decision
|
|switch|p2a: Tyranitar|Tyranitar, M|404\/404
|-weather|Sandstorm
|move|p1a: Goodra|Thunderbolt|p2a: Tyranitar
|-damage|p2a: Tyranitar|369\/404
|
|-weather|Sandstorm|[upkeep]
|-damage|p1a: Goodra|251\/371|[from] sandstorm
|turn|6
|callback|decision
|
|switch|p1a: Scizor|Scizor, F|312\/312
|-damage|p1a: Scizor|273\/312|[from] Stealth Rock
|move|p2a: Tyranitar|Crunch|p1a: Scizor
|-damage|p1a: Scizor|138\/312
|
|-weather|Sandstorm|[upkeep]
|turn|7
|callback|decision
|
|move|p2a: Tyranitar|Crunch|p1a: Scizor
|-damage|p1a: Scizor|12\/312
|move|p1a: Scizor|U-turn|p2a: Tyranitar
|-supereffective|p2a: Tyranitar
|-damage|p2a: Tyranitar|0 fnt
|faint|p2a: Tyranitar
|callback|decision
|
|switch|p1a: Rotom-Wash|Rotom-Wash|296\/296
|-damage|p1a: Rotom-Wash|259\/296|[from] Stealth Rock
|
|-weather|Sandstorm|[upkeep]
|-damage|p1a: Rotom-Wash|241\/296|[from] sandstorm
|callback|decision
|
|switch|p2a: Alakazam|Alakazam, M|252\/252
|turn|8
|callback|decision
|
|switch|p1a: Goodra|Goodra, M|251\/371
|-damage|p1a: Goodra|205\/371|[from] Stealth Rock
|move|p2a: Alakazam|Energy Ball|p1a: Goodra
|-resisted|p1a: Goodra
|-damage|p1a: Goodra|178\/371
|
|-weather|Sandstorm|[upkeep]
|-damage|p1a: Goodra|155\/371|[from] sandstorm
|turn|9
|callback|decision
|
|switch|p2a: Ferrothorn|Ferrothorn, M|352\/352
|move|p1a: Goodra|Thunderbolt|p2a: Ferrothorn
|-resisted|p2a: Ferrothorn
|-damage|p2a: Ferrothorn|317\/352
|
|-weather|none
|-heal|p2a: Ferrothorn|339\/352|[from] item: Leftovers
|turn|10
|callback|decision
|
|move|p1a: Goodra|Fire Blast|p2a: Ferrothorn
|-supereffective|p2a: Ferrothorn
|-damage|p2a: Ferrothorn|0 fnt
|faint|p2a: Ferrothorn
|
|callback|decision
|
|switch|p2a: Azumarill|Azumarill, M|404\/404
|turn|11
|callback|decision
|
|move|p1a: Goodra|Thunderbolt|p2a: Azumarill
|-supereffective|p2a: Azumarill
|-damage|p2a: Azumarill|210\/404
|move|p2a: Azumarill|Play Rough|p1a: Goodra
|-crit|p1a: Goodra
|-supereffective|p1a: Goodra
|-damage|p1a: Goodra|0 fnt
|-unboost|p2a: Azumarill|spe|1|[from] ability: Gooey
|faint|p1a: Goodra
|
|callback|decision
|
|switch|p1a: Rotom-Wash|Rotom-Wash|241\/296
|-damage|p1a: Rotom-Wash|204\/296|[from] Stealth Rock
|turn|12
|callback|decision
|
|switch|p2a: Alakazam|Alakazam, M|252\/252
|move|p1a: Rotom-Wash|Volt Switch|p2a: Alakazam
|-damage|p2a: Alakazam|161\/252
|callback|decision
|
|switch|p1a: Medicham|Medicham, F|246\/262
|-formechange|p1a: Medicham|Medicham-Mega
|-damage|p1a: Medicham|230\/262|[from] Stealth Rock
|
|turn|13
|callback|decision
|
|move|p1a: Medicham|Fake Out|p2a: Alakazam
|-damage|p2a: Alakazam|0 fnt
|faint|p2a: Alakazam
|
|callback|decision
|
|switch|p2a: Tentacruel|Tentacruel, F|302\/302
|turn|14
|callback|decision
|
|move|p2a: Tentacruel|Scald|p1a: Medicham
|-damage|p1a: Medicham|116\/262
|move|p1a: Medicham|Zen Headbutt|p2a: Tentacruel
|-supereffective|p2a: Tentacruel
|-damage|p2a: Tentacruel|0 fnt
|faint|p2a: Tentacruel
|
|callback|decision
|
|switch|p2a: Azumarill|Azumarill, M|210\/404
|turn|15
|callback|decision
|
|move|p2a: Azumarill|Aqua Jet|p1a: Medicham
|-damage|p1a: Medicham|0 fnt
|faint|p1a: Medicham
|
|callback|decision
|
|switch|p1a: Rotom-Wash|Rotom-Wash|204\/296
|-damage|p1a: Rotom-Wash|167\/296|[from] Stealth Rock
|turn|16
|callback|decision
|
|move|p1a: Rotom-Wash|Volt Switch|p2a: Azumarill
|-supereffective|p2a: Azumarill
|-damage|p2a: Azumarill|0 fnt
|faint|p2a: Azumarill
|
|win|pikapooper
|raw|Ladder updating...
|raw|pikapooper's rating: 1712 &rarr; <strong>1716<\/strong><br \/>(+4 for winning)
|raw|da brat's rating: 1704 &rarr; <strong>1700<\/strong><br \/>(-4 for losing)
|chat|da brat|gg
|leave|da brat
|player|p2