|join|Vizzini
|join|pikapooper
|player|p1|Vizzini|124
|player|p2|pikapooper|29
|gametype|singles
|tier|OU (current)
|rated
|rule|Evasion Abilities Clause: Evasion abilities are banned
|clearpoke
|poke|p1|Mamoswine, F
|poke|p1|Terrakion
|poke|p1|Celebi
|poke|p1|Rotom-Wash
|poke|p1|Dragonite, M
|poke|p1|Jirachi
|poke|p2|Salamence, F
|poke|p2|Conkeldurr, F
|poke|p2|Volcarona, F
|poke|p2|Donphan, M
|poke|p2|Thundurus-Therian, M
|poke|p2|Rotom-Wash
|rule|Sleep Clause Mod: Limit one foe put to sleep
|rule|Species Clause: Limit one of each Pokemon
|rule|OHKO Clause: OHKO moves are banned
|rule|Moody Clause: Moody is banned
|rule|Evasion Moves Clause: Evasion moves are banned
|rule|HP Percentage Mod: HP is reported as percentages
|teampreview
|callback|decision
|
|start
|switch|p1a: Merle|Terrakion|323\/323
|switch|p2a: Conkeldurr|Conkeldurr, F|380\/380
|turn|1
|callback|decision
|
|switch|p1a: Michonne|Celebi|356\/356
|move|p2a: Conkeldurr|Drain Punch|p1a: Michonne
|-resisted|p1a: Michonne
|-damage|p1a: Michonne|286\/356
|
|turn|2
|callback|decision
|
|switch|p2a: Volcarona|Volcarona, F|311\/311
|move|p1a: Michonne|Psychic|p2a: Volcarona
|-damage|p2a: Volcarona|150\/311
|-damage|p1a: Michonne|251\/356|[from] item: Life Orb
|
|-heal|p2a: Volcarona|169\/311|[from] item: Leftovers
|turn|3
|callback|decision
|
|move|p2a: Volcarona|Bug Buzz|p1a: Michonne
|-supereffective|p1a: Michonne
|-damage|p1a: Michonne|0 fnt
|faint|p1a: Michonne
|
|-heal|p2a: Volcarona|188\/311|[from] item: Leftovers
|callback|decision
|
|switch|p1a: Glenn|Rotom-Wash|299\/299
|turn|4
|callback|decision
|
|move|p2a: Volcarona|Quiver Dance|p2a: Volcarona
|-boost|p2a: Volcarona|spa|1
|-boost|p2a: Volcarona|spd|1
|-boost|p2a: Volcarona|spe|1
|move|p1a: Glenn|Hydro Pump|p2a: Volcarona
|-supereffective|p2a: Volcarona
|-damage|p2a: Volcarona|0 fnt
|faint|p2a: Volcarona
|
|callback|decision
|
|switch|p2a: Conkeldurr|Conkeldurr, F|380\/380
|turn|5
|callback|decision
|
|move|p1a: Glenn|Hydro Pump|p2a: Conkeldurr
|-damage|p2a: Conkeldurr|131\/380
|move|p2a: Conkeldurr|Drain Punch|p1a: Glenn
|-damage|p1a: Glenn|161\/299
|-heal|p2a: Conkeldurr|200\/380|[from] drain|[of] p1a: Glenn
|
|-heal|p1a: Glenn|179\/299|[from] item: Leftovers
|-heal|p2a: Conkeldurr|223\/380|[from] item: Leftovers
|turn|6
|callback|decision
|
|switch|p2a: Rotom-Wash|Rotom-Wash|289\/289
|move|p1a: Glenn|Hydro Pump|p2a: Rotom-Wash|[miss]
|-miss|p1a: Glenn|p2a: Rotom-Wash
|
|-heal|p1a: Glenn|197\/299|[from] item: Leftovers
|turn|7
|callback|decision
|
|move|p1a: Glenn|Pain Split|p2a: Rotom-Wash
|-sethp|p2a: Rotom-Wash|243\/289|p1a: Glenn|243\/299|[from] move: Pain Split
|move|p2a: Rotom-Wash|Will-O-Wisp|p1a: Glenn
|-status|p1a: Glenn|brn
|
|-heal|p1a: Glenn|261\/299 brn|[from] item: Leftovers
|-heal|p2a: Rotom-Wash|261\/289|[from] item: Leftovers
|-damage|p1a: Glenn|224\/299 brn|[from] brn
|turn|8
|callback|decision
|
|move|p1a: Glenn|Will-O-Wisp|p2a: Rotom-Wash|[miss]
|-miss|p1a: Glenn|p2a: Rotom-Wash
|move|p2a: Rotom-Wash|Hydro Pump|p1a: Glenn
|-resisted|p1a: Glenn
|-damage|p1a: Glenn|146\/299 brn
|
|-heal|p1a: Glenn|164\/299 brn|[from] item: Leftovers
|-heal|p2a: Rotom-Wash|279\/289|[from] item: Leftovers
|-damage|p1a: Glenn|127\/299 brn|[from] brn
|turn|9
|callback|decision
|
|move|p1a: Glenn|Pain Split|p2a: Rotom-Wash
|-sethp|p2a: Rotom-Wash|203\/289|p1a: Glenn|203\/299 brn|[from] move: Pain Split
|move|p2a: Rotom-Wash|Volt Switch|p1a: Glenn
|-damage|p1a: Glenn|122\/299 brn
|callback|decision
|
|switch|p2a: Thundurus-Therian|Thundurus-Therian, M|299\/299
|
|-heal|p1a: Glenn|140\/299 brn|[from] item: Leftovers
|-damage|p1a: Glenn|103\/299 brn|[from] brn
|turn|10
|callback|decision
|
|switch|p1a: Merle|Terrakion|323\/323
|move|p2a: Thundurus-Therian|Thunderbolt|p1a: Merle
|-damage|p1a: Merle|103\/323
|
|turn|11
|callback|decision
|
|move|p1a: Merle|Stone Edge|p2a: Thundurus-Therian|[miss]
|-miss|p1a: Merle|p2a: Thundurus-Therian
|move|p2a: Thundurus-Therian|Thunderbolt|p1a: Merle
|-damage|p1a: Merle|0 fnt
|faint|p1a: Merle
|
|callback|decision
|
|switch|p1a: Rick|Dragonite, M|324\/324
|turn|12
|callback|decision
|
|move|p2a: Thundurus-Therian|Thunderbolt|p1a: Rick
|-damage|p1a: Rick|215\/324
|move|p1a: Rick|Outrage|p2a: Thundurus-Therian
|-enditem|p2a: Thundurus-Therian|Focus Sash
|-damage|p2a: Thundurus-Therian|1\/299
|
|turn|13
|callback|decision
|
|move|p2a: Thundurus-Therian|Hidden Power|p1a: Rick
|-supereffective|p1a: Rick
|-damage|p1a: Rick|0 fnt
|faint|p1a: Rick
|
|callback|decision
|
|switch|p1a: Daryl|Mamoswine, F|361\/361
|turn|14
|callback|decision
|
|move|p1a: Daryl|Ice Shard|p2a: Thundurus-Therian
|-supereffective|p2a: Thundurus-Therian
|-damage|p2a: Thundurus-Therian|0 fnt
|-damage|p1a: Daryl|325\/361|[from] item: Life Orb
|faint|p2a: Thundurus-Therian
|
|callback|decision
|
|switch|p2a: Conkeldurr|Conkeldurr, F|223\/380
|turn|15
|callback|decision
|
|move|p1a: Daryl|Earthquake|p2a: Conkeldurr
|-damage|p2a: Conkeldurr|0 fnt
|-damage|p1a: Daryl|289\/361|[from] item: Life Orb
|faint|p2a: Conkeldurr
|
|callback|decision
|
|switch|p2a: Rotom-Wash|Rotom-Wash|203\/289
|turn|16
|callback|decision
|
|switch|p1a: Glenn|Rotom-Wash|103\/299 brn
|move|p2a: Rotom-Wash|Hydro Pump|p1a: Glenn
|-resisted|p1a: Glenn
|-damage|p1a: Glenn|29\/299 brn
|
|-heal|p1a: Glenn|47\/299 brn|[from] item: Leftovers
|-heal|p2a: Rotom-Wash|221\/289|[from] item: Leftovers
|-damage|p1a: Glenn|10\/299 brn|[from] brn
|turn|17
|callback|decision
|
|move|p1a: Glenn|Pain Split|p2a: Rotom-Wash
|-sethp|p2a: Rotom-Wash|115\/289|p1a: Glenn|115\/299 brn|[from] move: Pain Split
|move|p2a: Rotom-Wash|Volt Switch|p1a: Glenn
|-damage|p1a: Glenn|31\/299 brn
|callback|decision
|
|switch|p2a: Donphan|Donphan, M|384\/384
|
|-heal|p1a: Glenn|49\/299 brn|[from] item: Leftovers
|-damage|p1a: Glenn|12\/299 brn|[from] brn
|turn|18
|callback|decision
|
|switch|p1a: Andrea|Jirachi|404\/404
|move|p2a: Donphan|Ice Shard|p1a: Andrea
|-resisted|p1a: Andrea
|-damage|p1a: Andrea|387\/404
|
|-heal|p1a: Andrea|404\/404|[from] item: Leftovers
|turn|19
|callback|decision
|
|move|p1a: Andrea|Body Slam|p2a: Donphan
|-damage|p2a: Donphan|338\/384
|move|p2a: Donphan|Stealth Rock|p1a: Andrea
|-sidestart|p1: Vizzini|move: Stealth Rock
|
|-heal|p2a: Donphan|362\/384|[from] item: Leftovers
|turn|20
|callback|decision
|
|move|p1a: Andrea|Body Slam|p2a: Donphan
|-damage|p2a: Donphan|322\/384
|move|p2a: Donphan|Earthquake|p1a: Andrea
|-crit|p1a: Andrea
|-supereffective|p1a: Andrea
|-damage|p1a: Andrea|0 fnt
|faint|p1a: Andrea
|
|-heal|p2a: Donphan|346\/384|[from] item: Leftovers
|callback|decision
|
|switch|p1a: Daryl|Mamoswine, F|289\/361
|-damage|p1a: Daryl|244\/361|[from] Stealth Rock
|turn|21
|callback|decision
|
|move|p1a: Daryl|Icicle Crash|p2a: Donphan
|-crit|p2a: Donphan
|-supereffective|p2a: Donphan
|-damage|p2a: Donphan|0 fnt
|-damage|p1a: Daryl|208\/361|[from] item: Life Orb
|faint|p2a: Donphan
|
|callback|decision
|
|switch|p2a: Rotom-Wash|Rotom-Wash|115\/289
|turn|22
|callback|decision
|
|move|p1a: Daryl|Superpower|p2a: Rotom-Wash
|-damage|p2a: Rotom-Wash|0 fnt
|-unboost|p1a: Daryl|atk|1
|-unboost|p1a: Daryl|def|1
|-damage|p1a: Daryl|172\/361|[from] item: Life Orb
|faint|p2a: Rotom-Wash
|
|callback|decision
|
|switch|p2a: Salamence|Salamence, F|331\/331
|turn|23
|callback|decision
|
|switch|p1a: Glenn|Rotom-Wash|12\/299 brn
|-damage|p1a: Glenn|0 fnt|[from] Stealth Rock
|faint|p1a: Glenn
|move|p2a: Salamence|Dragon Claw|p1: Glenn|[notarget]
|-notarget
|
|callback|decision
|
|switch|p1a: Daryl|Mamoswine, F|172\/361
|-damage|p1a: Daryl|127\/361|[from] Stealth Rock
|turn|24
|callback|decision
|
|move|p1a: Daryl|Ice Shard|p2a: Salamence
|-supereffective|p2a: Salamence
|-damage|p2a: Salamence|0 fnt
|-damage|p1a: Daryl|91\/361|[from] item: Life Orb
|faint|p2a: Salamence
|
|win|Vizzini
|raw|Ladder updating...
|raw|Vizzini's rating: 1795 &rarr; <strong>1845<\/strong><br \/>(+50 for winning)
|raw|pikapooper's rating: 1635 &rarr; <strong>1626<\/strong><br \/>(-9 for losing)
|chat|Vizzini|gg
|leave|pikapooper
|player|p2