|join|pikapooper
|join|dragonofhoenn
|player|p1|pikapooper|29
|player|p2|dragonofhoenn|186
|gametype|singles
|tier|OU (current)
|rated
|rule|Evasion Abilities Clause: Evasion abilities are banned
|clearpoke
|poke|p1|Mienshao, F
|poke|p1|Gliscor, F
|poke|p1|Meloetta
|poke|p1|Krookodile, F
|poke|p1|Starmie
|poke|p1|Magmortar, F
|poke|p2|Politoed, M
|poke|p2|Blastoise, M
|poke|p2|Haxorus, M, shiny
|poke|p2|Roserade, F
|poke|p2|Ampharos, M
|poke|p2|Krookodile, M
|rule|Sleep Clause Mod: Limit one foe put to sleep
|rule|Species Clause: Limit one of each Pokemon
|rule|OHKO Clause: OHKO moves are banned
|rule|Moody Clause: Moody is banned
|rule|Evasion Moves Clause: Evasion moves are banned
|rule|HP Percentage Mod: HP is reported as percentages
|teampreview
|callback|decision
|
|start
|switch|p1a: Starmie|Starmie|261\/261
|switch|p2a: Kurai|Haxorus, M, shiny|302\/302
|-ability|p2a: Kurai|Mold Breaker
|turn|1
|callback|decision
|
|move|p1a: Starmie|Ice Beam|p2a: Kurai
|-supereffective|p2a: Kurai
|-damage|p2a: Kurai|4\/302
|move|p2a: Kurai|Dragon Dance|p2a: Kurai
|-boost|p2a: Kurai|atk|1
|-boost|p2a: Kurai|spe|1
|
|turn|2
|callback|decision
|
|move|p2a: Kurai|Outrage|p1a: Starmie
|-damage|p1a: Starmie|0 fnt
|faint|p1a: Starmie
|
|callback|decision
|
|switch|p1a: Mienshao|Mienshao, F|271\/271
|turn|3
|callback|decision
|
|move|p1a: Mienshao|Fake Out|p2a: Kurai
|-damage|p2a: Kurai|0 fnt
|faint|p2a: Kurai
|
|callback|decision
|
|switch|p2a: Soaker|Blastoise, M|362\/362
|turn|4
|callback|decision
|
|move|p1a: Mienshao|U-turn|p2a: Soaker
|-damage|p2a: Soaker|302\/362
|callback|decision
|
|switch|p1a: Meloetta|Meloetta|342\/342
|move|p2a: Soaker|Scald|p1a: Meloetta
|-damage|p1a: Meloetta|275\/342
|-status|p1a: Meloetta|brn
|
|-heal|p1a: Meloetta|296\/342 brn|[from] item: Leftovers
|-heal|p2a: Soaker|324\/362|[from] item: Leftovers
|-damage|p1a: Meloetta|254\/342 brn|[from] brn
|turn|5
|callback|decision
|
|move|p1a: Meloetta|Shadow Ball|p2a: Soaker
|-crit|p2a: Soaker
|-damage|p2a: Soaker|212\/362
|-unboost|p2a: Soaker|spd|1
|move|p2a: Soaker|Rain Dance|p2a: Soaker
|-weather|RainDance
|
|-weather|RainDance|[upkeep]
|-heal|p2a: Soaker|234\/362|[from] ability: Rain Dish
|-heal|p1a: Meloetta|275\/342 brn|[from] item: Leftovers
|-heal|p2a: Soaker|256\/362|[from] item: Leftovers
|-damage|p1a: Meloetta|233\/342 brn|[from] brn
|turn|6
|callback|decision
|
|switch|p2a: Ben|Ampharos, M|384\/384
|move|p1a: Meloetta|Shadow Ball|p2a: Ben
|-damage|p2a: Ben|302\/384
|
|-weather|RainDance|[upkeep]
|-heal|p1a: Meloetta|254\/342 brn|[from] item: Leftovers
|-damage|p1a: Meloetta|212\/342 brn|[from] brn
|turn|7
|callback|decision
|
|switch|p1a: Gliscor|Gliscor, F|347\/347
|move|p2a: Ben|Signal Beam|p1a: Gliscor
|-resisted|p1a: Gliscor
|-damage|p1a: Gliscor|274\/347
|-start|p1a: Gliscor|confusion
|
|-weather|RainDance|[upkeep]
|-activate|p1a: Gliscor|item: Toxic Orb
|-status|p1a: Gliscor|tox
|turn|8
|callback|decision
|
|-activate|p1a: Gliscor|confusion
|move|p1a: Gliscor|Earthquake|p2a: Ben
|-supereffective|p2a: Ben
|-damage|p2a: Ben|8\/384
|move|p2a: Ben|Signal Beam|p1a: Gliscor
|-resisted|p1a: Gliscor
|-damage|p1a: Gliscor|201\/347 tox
|
|-weather|RainDance|[upkeep]
|-heal|p1a: Gliscor|244\/347 tox|[from] ability: Poison Heal
|turn|9
|callback|decision
|
|switch|p1a: Mienshao|Mienshao, F|271\/271
|move|p2a: Ben|Signal Beam|p1a: Mienshao
|-crit|p1a: Mienshao
|-resisted|p1a: Mienshao
|-damage|p1a: Mienshao|74\/271
|
|-weather|none
|-heal|p1a: Mienshao|90\/271|[from] item: Leftovers
|turn|10
|callback|decision
|
|move|p1a: Mienshao|Fake Out|p2a: Ben
|-damage|p2a: Ben|0 fnt
|faint|p2a: Ben
|
|-heal|p1a: Mienshao|106\/271|[from] item: Leftovers
|callback|decision
|
|switch|p2a: Rose|Roserade, F|262\/262
|turn|11
|callback|decision
|
|move|p2a: Rose|Shadow Ball|p1a: Mienshao
|-damage|p1a: Mienshao|0 fnt
|faint|p1a: Mienshao
|
|callback|decision
|
|switch|p1a: Magmortar|Magmortar, F|292\/292
|turn|12
|callback|decision
|
|switch|p2a: Slippy|Politoed, M|384\/384
|-weather|RainDance|[from] ability: Drizzle|[of] p2a: Slippy
|move|p1a: Magmortar|Fire Blast|p2a: Slippy
|-resisted|p2a: Slippy
|-damage|p2a: Slippy|326\/384
|
|-weather|RainDance|[upkeep]
|turn|13
|callback|decision
|
|switch|p1a: Meloetta|Meloetta|212\/342 brn
|move|p2a: Slippy|Hydro Pump|p1a: Meloetta
|-damage|p1a: Meloetta|0 fnt
|faint|p1a: Meloetta
|
|-weather|RainDance|[upkeep]
|callback|decision
|
|switch|p1a: Krookodile|Krookodile, F|366\/366
|turn|14
|callback|decision
|
|move|p1a: Krookodile|Earthquake|p2a: Slippy
|-damage|p2a: Slippy|49\/384
|-damage|p1a: Krookodile|330\/366|[from] item: Life Orb
|move|p2a: Slippy|Hydro Pump|p1a: Krookodile
|-supereffective|p1a: Krookodile
|-damage|p1a: Krookodile|0 fnt
|faint|p1a: Krookodile
|
|-weather|RainDance|[upkeep]
|callback|decision
|
|switch|p1a: Magmortar|Magmortar, F|292\/292
|turn|15
|callback|decision
|
|move|p1a: Magmortar|Thunderbolt|p2a: Slippy
|-supereffective|p2a: Slippy
|-damage|p2a: Slippy|0 fnt
|faint|p2a: Slippy
|
|-weather|RainDance|[upkeep]
|callback|decision
|
|switch|p2a: Rose|Roserade, F|262\/262
|turn|16
|callback|decision
|
|move|p2a: Rose|Weather Ball|p1a: Magmortar
|-supereffective|p1a: Magmortar
|-damage|p1a: Magmortar|0 fnt
|faint|p1a: Magmortar
|
|-weather|RainDance|[upkeep]
|callback|decision
|
|switch|p1a: Gliscor|Gliscor, F|244\/347 tox
|turn|17
|callback|decision
|
|move|p2a: Rose|Weather Ball|p1a: Gliscor
|-supereffective|p1a: Gliscor
|-damage|p1a: Gliscor|0 fnt
|faint|p1a: Gliscor
|
|win|dragonofhoenn
|raw|Ladder updating...
|raw|pikapooper's rating: 1402 &rarr; <strong>1391<\/strong><br \/>(-11 for losing)
|raw|dragonofhoenn's rating: 1393 &rarr; <strong>1430<\/strong><br \/>(+37 for winning)
|leave|pikapooper
|player|p1