|join|baton pass
|join|pikapooper
|player|p1|baton pass|239
|player|p2|pikapooper|29
|gametype|singles
|tier|OU (suspect test)
|rated
|rule|Evasion Abilities Clause: Evasion abilities are banned
|clearpoke
|poke|p1|Ninjask, F
|poke|p1|Espeon, M
|poke|p1|Mew
|poke|p1|Mr. Mime, M
|poke|p1|Vaporeon, M
|poke|p1|Durant, M
|poke|p2|Suicune
|poke|p2|Entei, shiny
|poke|p2|Raikou, shiny
|poke|p2|Toxicroak, M
|poke|p2|Mamoswine, M
|poke|p2|Claydol
|rule|Sleep Clause Mod: Limit one foe put to sleep
|rule|Species Clause: Limit one of each Pokemon
|rule|OHKO Clause: OHKO moves are banned
|rule|Moody Clause: Moody is banned
|rule|Evasion Moves Clause: Evasion moves are banned
|rule|HP Percentage Mod: HP is reported as percentages
|teampreview
|callback|decision
|
|start
|switch|p1a: Ninjask|Ninjask, F|325\/325
|switch|p2a: Toxicroak|Toxicroak, M|307\/307
|turn|1
|callback|decision
|
|move|p1a: Ninjask|Substitute|p1a: Ninjask
|-start|p1a: Ninjask|Substitute
|-damage|p1a: Ninjask|244\/325
|move|p2a: Toxicroak|Substitute|p2a: Toxicroak
|-start|p2a: Toxicroak|Substitute
|-damage|p2a: Toxicroak|231\/307
|
|-heal|p2a: Toxicroak|250\/307|[from] item: Black Sludge
|-boost|p1a: Ninjask|spe|1|[from] ability: Speed Boost
|turn|2
|callback|decision
|
|move|p1a: Ninjask|Swords Dance|p1a: Ninjask
|-boost|p1a: Ninjask|atk|2
|move|p2a: Toxicroak|Drain Punch|p1a: Ninjask
|-resisted|p1a: Ninjask
|-activate|p1a: Ninjask|Substitute|[damage]
|-heal|p2a: Toxicroak|270\/307|[from] drain|[of] p1a: Ninjask
|
|-heal|p2a: Toxicroak|289\/307|[from] item: Black Sludge
|-boost|p1a: Ninjask|spe|1|[from] ability: Speed Boost
|turn|3
|callback|decision
|
|move|p1a: Ninjask|Swords Dance|p1a: Ninjask
|-boost|p1a: Ninjask|atk|2
|move|p2a: Toxicroak|Bulk Up|p2a: Toxicroak
|-boost|p2a: Toxicroak|atk|1
|-boost|p2a: Toxicroak|def|1
|
|-heal|p2a: Toxicroak|307\/307|[from] item: Black Sludge
|-boost|p1a: Ninjask|spe|1|[from] ability: Speed Boost
|turn|4
|callback|decision
|
|move|p1a: Ninjask|Baton Pass|p1a: Ninjask
|callback|decision
|
|switch|p1a: Mew|Mew|404\/404
|move|p2a: Toxicroak|Bulk Up|p2a: Toxicroak
|-boost|p2a: Toxicroak|atk|1
|-boost|p2a: Toxicroak|def|1
|
|turn|5
|callback|decision
|
|move|p2a: Toxicroak|Drain Punch|p1a: Mew
|-resisted|p1a: Mew
|-end|p1a: Mew|Substitute
|move|p1a: Mew|Roar|p2a: Toxicroak
|drag|p2a: Mamoswine|Mamoswine, M|362\/362
|
|turn|6
|callback|decision
|
|move|p2a: Mamoswine|Ice Shard|p1a: Mew
|-damage|p1a: Mew|329\/404
|move|p1a: Mew|Substitute|p1a: Mew
|-start|p1a: Mew|Substitute
|-damage|p1a: Mew|228\/404
|
|-heal|p1a: Mew|253\/404|[from] item: Leftovers
|turn|7
|callback|decision
|
|move|p2a: Mamoswine|Ice Shard|p1a: Mew
|-activate|p1a: Mew|Substitute|[damage]
|move|p1a: Mew|Baton Pass|p1a: Mew
|callback|decision
|
|switch|p1a: Durant|Durant, M|320\/320
|
|turn|8
|callback|decision
|
|move|p2a: Mamoswine|Ice Shard|p1a: Durant
|-crit|p1a: Durant
|-resisted|p1a: Durant
|-end|p1a: Durant|Substitute
|move|p1a: Durant|Hone Claws|p1a: Durant
|-boost|p1a: Durant|atk|1
|-boost|p1a: Durant|accuracy|1
|
|turn|9
|callback|decision
|
|move|p2a: Mamoswine|Ice Shard|p1a: Durant
|-resisted|p1a: Durant
|-damage|p1a: Durant|290\/320
|move|p1a: Durant|X-Scissor|p2a: Mamoswine
|-damage|p2a: Mamoswine|0 fnt
|faint|p2a: Mamoswine
|
|callback|decision
|-message|pikapooper forfeited.
|
|win|baton pass
|raw|Ladder updating...
|leave|pikapooper
|player|p2
|raw|baton pass's rating: 1479 &rarr; <strong>1485<\/strong><br \/>(+6 for winning)
|raw|pikapooper's rating: 1494 &rarr; <strong>1490<\/strong><br \/>(-4 for losing)