|join|pikapooper
|join|Gaiser
|player|p1|pikapooper|29
|player|p2|Gaiser|293
|gametype|singles
|tier|OU (suspect test)
|rated
|rule|Evasion Abilities Clause: Evasion abilities are banned
|clearpoke
|poke|p1|Salamence, F
|poke|p1|Conkeldurr, M
|poke|p1|Jellicent, F
|poke|p1|Volcarona, F
|poke|p1|Donphan, M
|poke|p1|Thundurus-Therian, M
|poke|p2|Salamence, M
|poke|p2|Manectric, M
|poke|p2|Espeon, M
|poke|p2|Breloom, M
|poke|p2|Blastoise, M
|poke|p2|Durant, M
|rule|Sleep Clause Mod: Limit one foe put to sleep
|rule|Species Clause: Limit one of each Pokemon
|rule|OHKO Clause: OHKO moves are banned
|rule|Moody Clause: Moody is banned
|rule|Evasion Moves Clause: Evasion moves are banned
|rule|HP Percentage Mod: HP is reported as percentages
|teampreview
|callback|decision
|
|start
|switch|p1a: Volcarona|Volcarona, F|311\/311
|switch|p2a: Salamence|Salamence, M|331\/331
|turn|1
|callback|decision
|
|switch|p1a: Salamence|Salamence, F|332\/332
|move|p2a: Salamence|Earthquake|p1a: Salamence
|-immune|p1a: Salamence|[msg]
|
|turn|2
|callback|decision
|
|switch|p2a: Durant|Durant, M|258\/258
|move|p1a: Salamence|Dragon Claw|p2a: Durant
|-resisted|p2a: Durant
|-damage|p2a: Durant|197\/258
|
|turn|3
|callback|decision
|
|switch|p1a: Volcarona|Volcarona, F|311\/311
|move|p2a: Durant|Rock Slide|p1a: Volcarona
|-supereffective|p1a: Volcarona
|-enditem|p1a: Volcarona|Focus Sash
|-damage|p1a: Volcarona|1\/311
|
|turn|4
|callback|decision
|
|switch|p2a: Breloom|Breloom, M|262\/262
|switch|p1a: Donphan|Donphan, M|384\/384
|
|turn|5
|callback|decision
|
|move|p1a: Donphan|Ice Shard|p2a: Breloom
|-supereffective|p2a: Breloom
|-damage|p2a: Breloom|166\/262
|move|p2a: Breloom|Bullet Seed|p1a: Donphan
|-supereffective|p1a: Donphan
|-damage|p1a: Donphan|306\/384
|-supereffective|p1a: Donphan
|-damage|p1a: Donphan|226\/384
|-hitcount|p1a: Donphan|2
|
|-heal|p1a: Donphan|250\/384|[from] item: Leftovers
|turn|6
|callback|decision
|
|move|p2a: Breloom|Spore|p1a: Donphan
|-status|p1a: Donphan|slp
|cant|p1a: Donphan|slp
|
|-heal|p1a: Donphan|274\/384 slp|[from] item: Leftovers
|turn|7
|callback|decision
|
|switch|p1a: Salamence|Salamence, F|332\/332
|move|p2a: Breloom|Bullet Seed|p1a: Salamence
|-resisted|p1a: Salamence
|-damage|p1a: Salamence|312\/332
|-resisted|p1a: Salamence
|-damage|p1a: Salamence|294\/332
|-resisted|p1a: Salamence
|-damage|p1a: Salamence|273\/332
|-resisted|p1a: Salamence
|-damage|p1a: Salamence|254\/332
|-hitcount|p1a: Salamence|4
|
|turn|8
|callback|decision
|
|switch|p2a: Blastoise|Blastoise, M|299\/299
|move|p1a: Salamence|Aerial Ace|p2a: Blastoise
|-damage|p2a: Blastoise|193\/299
|
|turn|9
|callback|decision
|
|switch|p1a: Jellicent|Jellicent, F|404\/404
|move|p2a: Blastoise|Ice Beam|p1a: Jellicent
|-resisted|p1a: Jellicent
|-damage|p1a: Jellicent|374\/404
|
|-heal|p1a: Jellicent|399\/404|[from] item: Leftovers
|turn|10
|callback|decision
|
|switch|p2a: Espeon|Espeon, M|272\/272
|move|p1a: Jellicent|Toxic|p2a: Espeon
|move|p2a: Espeon|Toxic|p1a: Jellicent|[from]Magic Bounce
|-status|p1a: Jellicent|tox
|
|-heal|p1a: Jellicent|404\/404 tox|[from] item: Leftovers
|-damage|p1a: Jellicent|379\/404 tox|[from] psn
|turn|11
|callback|decision
|
|move|p2a: Espeon|Grass Knot|p1a: Jellicent
|-supereffective|p1a: Jellicent
|-damage|p1a: Jellicent|217\/404 tox
|move|p1a: Jellicent|Scald|p2a: Espeon
|-damage|p2a: Espeon|187\/272
|-status|p2a: Espeon|brn
|
|-heal|p2a: Espeon|204\/272 brn|[from] item: Leftovers
|-heal|p1a: Jellicent|242\/404 tox|[from] item: Leftovers
|-damage|p2a: Espeon|170\/272 brn|[from] brn
|-damage|p1a: Jellicent|192\/404 tox|[from] psn
|turn|12
|callback|decision
|
|switch|p1a: Salamence|Salamence, F|254\/332
|move|p2a: Espeon|Grass Knot|p1a: Salamence
|-resisted|p1a: Salamence
|-damage|p1a: Salamence|218\/332
|
|-heal|p2a: Espeon|187\/272 brn|[from] item: Leftovers
|-damage|p2a: Espeon|153\/272 brn|[from] brn
|turn|13
|callback|decision
|
|switch|p2a: Durant|Durant, M|197\/258
|move|p1a: Salamence|Earthquake|p2a: Durant
|-damage|p2a: Durant|86\/258
|
|turn|14
|callback|decision
|
|move|p1a: Salamence|Earthquake|p2a: Durant
|-damage|p2a: Durant|0 fnt
|faint|p2a: Durant
|-boost|p1a: Salamence|atk|1|[from] ability: Moxie
|
|callback|decision
|
|switch|p2a: Blastoise|Blastoise, M|193\/299
|turn|15
|callback|decision
|
|switch|p1a: Jellicent|Jellicent, F|192\/404 tox
|move|p2a: Blastoise|Ice Beam|p1a: Jellicent
|-resisted|p1a: Jellicent
|-damage|p1a: Jellicent|159\/404 tox
|
|-heal|p1a: Jellicent|184\/404 tox|[from] item: Leftovers
|-damage|p1a: Jellicent|159\/404 tox|[from] psn
|turn|16
|callback|decision
|
|switch|p2a: Breloom|Breloom, M|166\/262
|move|p1a: Jellicent|Pain Split|p2a: Breloom
|-sethp|p2a: Breloom|162\/262|p1a: Jellicent|162\/404 tox|[from] move: Pain Split
|
|-heal|p1a: Jellicent|187\/404 tox|[from] item: Leftovers
|-damage|p1a: Jellicent|137\/404 tox|[from] psn
|turn|17
|callback|decision
|
|switch|p1a: Conkeldurr|Conkeldurr, M|383\/383
|move|p2a: Breloom|Bullet Seed|p1a: Conkeldurr
|-damage|p1a: Conkeldurr|325\/383
|-damage|p1a: Conkeldurr|271\/383
|-hitcount|p1a: Conkeldurr|2
|
|-heal|p1a: Conkeldurr|294\/383|[from] item: Leftovers
|turn|18
|callback|decision
|
|move|p2a: Breloom|Low Sweep|p1a: Conkeldurr
|-damage|p1a: Conkeldurr|149\/383
|-unboost|p1a: Conkeldurr|spe|1
|move|p1a: Conkeldurr|Earthquake|p2a: Breloom
|-resisted|p2a: Breloom
|-damage|p2a: Breloom|82\/262
|
|-heal|p1a: Conkeldurr|172\/383|[from] item: Leftovers
|turn|19
|callback|decision
|
|move|p2a: Breloom|Mach Punch|p1a: Conkeldurr
|-damage|p1a: Conkeldurr|78\/383
|move|p1a: Conkeldurr|Drain Punch|p2a: Breloom
|-damage|p2a: Breloom|0 fnt
|-heal|p1a: Conkeldurr|119\/383|[from] drain|[of] p2a: Breloom
|faint|p2a: Breloom
|
|-heal|p1a: Conkeldurr|142\/383|[from] item: Leftovers
|callback|decision
|
|switch|p2a: Salamence|Salamence, M|331\/331
|turn|20
|callback|decision
|
|switch|p1a: Jellicent|Jellicent, F|137\/404 tox
|move|p2a: Salamence|Dragon Claw|p1a: Jellicent
|-damage|p1a: Jellicent|0 fnt
|-damage|p2a: Salamence|298\/331|[from] item: Life Orb
|faint|p1a: Jellicent
|-boost|p2a: Salamence|atk|1|[from] ability: Moxie
|
|callback|decision
|
|switch|p1a: Thundurus-Therian|Thundurus-Therian, M|299\/299
|turn|21
|callback|decision
|
|move|p2a: Salamence|Dragon Claw|p1a: Thundurus-Therian
|-enditem|p1a: Thundurus-Therian|Focus Sash
|-damage|p1a: Thundurus-Therian|1\/299
|-damage|p2a: Salamence|265\/331|[from] item: Life Orb
|move|p1a: Thundurus-Therian|Hidden Power|p2a: Salamence
|-supereffective|p2a: Salamence
|-damage|p2a: Salamence|0 fnt
|faint|p2a: Salamence
|
|callback|decision
|
|switch|p2a: Manectric|Manectric, M|281\/281
|-item|p2a: Manectric|Air Balloon
|turn|22
|callback|decision
|
|move|p2a: Manectric|Hidden Power|p1a: Thundurus-Therian
|-supereffective|p1a: Thundurus-Therian
|-damage|p1a: Thundurus-Therian|0 fnt
|faint|p1a: Thundurus-Therian
|
|callback|decision
|
|switch|p1a: Salamence|Salamence, F|218\/332
|turn|23
|callback|decision
|
|move|p1a: Salamence|Earthquake|p2a: Manectric
|-immune|p2a: Manectric|[msg]
|move|p2a: Manectric|Hidden Power|p1a: Salamence
|-supereffective|p1a: Salamence
|-damage|p1a: Salamence|0 fnt
|faint|p1a: Salamence
|
|callback|decision
|
|switch|p1a: Volcarona|Volcarona, F|1\/311
|turn|24
|callback|decision
|
|move|p2a: Manectric|Flamethrower|p1a: Volcarona
|-damage|p1a: Volcarona|0 fnt
|faint|p1a: Volcarona
|
|callback|decision
|
|switch|p1a: Conkeldurr|Conkeldurr, M|142\/383
|turn|25
|callback|decision
|
|move|p2a: Manectric|Thunderbolt|p1a: Conkeldurr
|-damage|p1a: Conkeldurr|0 fnt
|faint|p1a: Conkeldurr
|
|callback|decision
|
|switch|p1a: Donphan|Donphan, M|274\/384 slp
|turn|26
|callback|decision
|
|move|p2a: Manectric|Hidden Power|p1a: Donphan
|-crit|p1a: Donphan
|-supereffective|p1a: Donphan
|-damage|p1a: Donphan|0 fnt
|faint|p1a: Donphan
|
|win|Gaiser
|raw|Ladder updating...
|raw|pikapooper's rating: 1533 &rarr; <strong>1532<\/strong><br \/>(-1 for losing)
|raw|Gaiser's rating: 1675 &rarr; <strong>1688<\/strong><br \/>(+13 for winning)
|chat|Gaiser|gg
|leave|pikapooper
|player|p1