|join|iDestructioNx
|join|redevil360
|player|p1|iDestructioNx|2
|player|p2|redevil360|102
|gametype|singles
|gen|6
|tier|ORAS OU
|rated
|rule|Sleep Clause Mod: Limit one foe put to sleep
|rule|Species Clause: Limit one of each PokÃ©mon
|rule|OHKO Clause: OHKO moves are banned
|rule|Moody Clause: Moody is banned
|rule|Evasion Moves Clause: Evasion moves are banned
|rule|Endless Battle Clause: Forcing endless battles is banned
|rule|HP Percentage Mod: HP is shown in percentages
|clearpoke
|poke|p1|Swampert, F
|poke|p1|Kingdra, F
|poke|p1|Politoed, M, shiny
|poke|p1|Latios, M, shiny
|poke|p1|Suicune
|poke|p1|Gothitelle, M
|poke|p2|Diancie, shiny
|poke|p2|Talonflame, M
|poke|p2|Mamoswine, F
|poke|p2|Zapdos
|poke|p2|Bisharp, F, shiny
|poke|p2|Azumarill, M
|rule|Swagger Clause: Swagger is banned
|rule|Baton Pass Clause: Limit one PokÃ©mon knowing Baton Pass
|teampreview
|
|start
|switch|p1a: Politoed|Politoed, M, shiny|384\/384
|switch|p2a: Azumarill|Azumarill, M|364\/364
|-weather|RainDance
|turn|1
|
|move|p2a: Azumarill|Belly Drum|p2a: Azumarill
|-damage|p2a: Azumarill|182\/364
|-setboost|p2a: Azumarill|atk|6|[from] move: Belly Drum
|-enditem|p2a: Azumarill|Sitrus Berry|[eat]
|-heal|p2a: Azumarill|273\/364|[from] item: Sitrus Berry
|move|p1a: Politoed|Perish Song|p1a: Politoed
|-fieldactivate|move: Perish Song
|
|-start|p2a: Azumarill|perish3
|-start|p1a: Politoed|perish3
|-weather|RainDance|[upkeep]
|turn|2
|
|move|p2a: Azumarill|Play Rough|p1a: Politoed
|-damage|p1a: Politoed|0 fnt
|faint|p1a: Politoed
|
|-start|p2a: Azumarill|perish2
|-weather|RainDance|[upkeep]
|
|switch|p1a: Swampert|Swampert, F|341\/341
|turn|3
|
|switch|p1a: Suicune|Suicune|404\/404
|-ability|p1a: Suicune|Pressure
|move|p2a: Azumarill|Aqua Jet|p1a: Suicune
|-resisted|p1a: Suicune
|-damage|p1a: Suicune|241\/404
|
|-start|p2a: Azumarill|perish1
|-weather|RainDance|[upkeep]
|-heal|p1a: Suicune|266\/404|[from] item: Leftovers
|turn|4
|
|switch|p1a: Swampert|Swampert, F|341\/341
|move|p2a: Azumarill|Play Rough|p1a: Swampert
|-damage|p1a: Swampert|0 fnt
|faint|p1a: Swampert
|
|-start|p2a: Azumarill|perish0
|-weather|RainDance|[upkeep]
|faint|p2a: Azumarill
|
|switch|p1a: Kingdra|Kingdra, F|291\/291
|switch|p2a: Zapdos|Zapdos|383\/383
|-ability|p2a: Zapdos|Pressure
|turn|5
|
|move|p1a: Kingdra|Dragon Dance|p1a: Kingdra
|-boost|p1a: Kingdra|atk|1
|-boost|p1a: Kingdra|spe|1
|move|p2a: Zapdos|Volt Switch|p1a: Kingdra
|-crit|p1a: Kingdra
|-damage|p1a: Kingdra|125\/291
|
|switch|p2a: Talonflame|Talonflame, M|359\/359
|
|-weather|none
|turn|6
|
|switch|p1a: Suicune|Suicune|266\/404
|-ability|p1a: Suicune|Pressure
|move|p2a: Talonflame|Brave Bird|p1a: Suicune
|-crit|p1a: Suicune
|-damage|p1a: Suicune|140\/404
|-damage|p2a: Talonflame|317\/359|[from] recoil|[of] p1a: Suicune
|
|-heal|p2a: Talonflame|339\/359|[from] item: Leftovers
|-heal|p1a: Suicune|165\/404|[from] item: Leftovers
|turn|7
|
|move|p2a: Talonflame|Taunt|p1a: Suicune
|-start|p1a: Suicune|move: Taunt
|cant|p1a: Suicune|move: Taunt|Calm Mind
|
|-heal|p2a: Talonflame|359\/359|[from] item: Leftovers
|-heal|p1a: Suicune|190\/404|[from] item: Leftovers
|turn|8
|
|move|p2a: Talonflame|Will-O-Wisp|p1a: Suicune
|-status|p1a: Suicune|brn
|move|p1a: Suicune|Scald|p2a: Talonflame
|-supereffective|p2a: Talonflame
|-damage|p2a: Talonflame|215\/359
|
|-heal|p2a: Talonflame|237\/359|[from] item: Leftovers
|-heal|p1a: Suicune|215\/404 brn|[from] item: Leftovers
|-damage|p1a: Suicune|165\/404 brn|[from] brn
|turn|9
|
|switch|p1a: Gothitelle|Gothitelle, M|344\/344
|move|p2a: Talonflame|Roost|p2a: Talonflame
|-heal|p2a: Talonflame|359\/359
|
|turn|10
|
|move|p2a: Talonflame|Brave Bird|p1a: Gothitelle
|-damage|p1a: Gothitelle|254\/344
|-damage|p2a: Talonflame|329\/359|[from] recoil|[of] p1a: Gothitelle
|move|p1a: Gothitelle|Psychic|p2a: Talonflame
|-damage|p2a: Talonflame|239\/359
|
|-heal|p2a: Talonflame|261\/359|[from] item: Leftovers
|-heal|p1a: Gothitelle|275\/344|[from] item: Leftovers
|turn|11
|
|move|p2a: Talonflame|Will-O-Wisp|p1a: Gothitelle|[miss]
|-miss|p2a: Talonflame|p1a: Gothitelle
|move|p1a: Gothitelle|Calm Mind|p1a: Gothitelle
|-boost|p1a: Gothitelle|spa|1
|-boost|p1a: Gothitelle|spd|1
|
|-heal|p2a: Talonflame|283\/359|[from] item: Leftovers
|-heal|p1a: Gothitelle|296\/344|[from] item: Leftovers
|turn|12
|
|move|p2a: Talonflame|Taunt|p1a: Gothitelle
|-start|p1a: Gothitelle|move: Taunt
|move|p1a: Gothitelle|Psychic|p2a: Talonflame
|-damage|p2a: Talonflame|136\/359
|
|-heal|p2a: Talonflame|158\/359|[from] item: Leftovers
|-heal|p1a: Gothitelle|317\/344|[from] item: Leftovers
|turn|13
|
|move|p2a: Talonflame|Will-O-Wisp|p1a: Gothitelle|[miss]
|-miss|p2a: Talonflame|p1a: Gothitelle
|move|p1a: Gothitelle|Psychic|p2a: Talonflame
|-damage|p2a: Talonflame|23\/359
|
|-heal|p2a: Talonflame|45\/359|[from] item: Leftovers
|-heal|p1a: Gothitelle|338\/344|[from] item: Leftovers
|turn|14
|c|âredevil360|zzz
|
|move|p2a: Talonflame|Brave Bird|p1a: Gothitelle
|-damage|p1a: Gothitelle|248\/344
|-damage|p2a: Talonflame|15\/359|[from] recoil|[of] p1a: Gothitelle
|move|p1a: Gothitelle|Psychic|p2a: Talonflame
|-damage|p2a: Talonflame|0 fnt
|faint|p2a: Talonflame
|
|-heal|p1a: Gothitelle|269\/344|[from] item: Leftovers
|-end|p1a: Gothitelle|move: Taunt
|
|switch|p2a: Bisharp|Bisharp, F, shiny|271\/271
|turn|15
|
|move|p2a: Bisharp|Knock Off|p1a: Gothitelle
|-supereffective|p1a: Gothitelle
|-damage|p1a: Gothitelle|21\/344
|-enditem|p1a: Gothitelle|Leftovers|[from] move: Knock Off|[of] p2a: Bisharp
|move|p1a: Gothitelle|Hidden Power|p2a: Bisharp
|-supereffective|p2a: Bisharp
|-damage|p2a: Bisharp|77\/271
|
|turn|16
|
|move|p2a: Bisharp|Knock Off|p1a: Gothitelle
|-supereffective|p1a: Gothitelle
|-damage|p1a: Gothitelle|0 fnt
|faint|p1a: Gothitelle
|
|
|switch|p1a: Suicune|Suicune|165\/404 brn
|-ability|p1a: Suicune|Pressure
|turn|17
|
|move|p2a: Bisharp|Knock Off|p1a: Suicune
|-damage|p1a: Suicune|54\/404 brn
|-enditem|p1a: Suicune|Leftovers|[from] move: Knock Off|[of] p2a: Bisharp
|move|p1a: Suicune|Rest|p1a: Suicune
|-status|p1a: Suicune|slp
|-heal|p1a: Suicune|404\/404 slp|[silent]
|-status|p1a: Suicune|slp|[from] move: Rest
|
|turn|18
|
|switch|p2a: Diancie|Diancie, shiny|241\/241
|cant|p1a: Suicune|slp
|move|p1a: Suicune|Sleep Talk|p1a: Suicune
|move|p1a: Suicune|Scald|p2a: Diancie|[from]Sleep Talk
|-supereffective|p2a: Diancie
|-damage|p2a: Diancie|127\/241
|
|turn|19
|
|detailschange|p2a: Diancie|Diancie-Mega, shiny
|message|Diancie has Mega Evolved into Mega Diancie!
|move|p2a: Diancie|Calm Mind|p2a: Diancie
|-boost|p2a: Diancie|spa|1
|-boost|p2a: Diancie|spd|1
|cant|p1a: Suicune|slp
|move|p1a: Suicune|Sleep Talk|p1a: Suicune
|move|p1a: Suicune|Rest|p1a: Suicune|[from]Sleep Talk
|-fail|p1a: Suicune
|
|turn|20
|
|move|p2a: Diancie|Calm Mind|p2a: Diancie
|-boost|p2a: Diancie|spa|1
|-boost|p2a: Diancie|spd|1
|-curestatus|p1a: Suicune|slp
|move|p1a: Suicune|Calm Mind|p1a: Suicune
|-boost|p1a: Suicune|spa|1
|-boost|p1a: Suicune|spd|1
|
|turn|21
|
|move|p2a: Diancie|Calm Mind|p2a: Diancie
|-boost|p2a: Diancie|spa|1
|-boost|p2a: Diancie|spd|1
|move|p1a: Suicune|Calm Mind|p1a: Suicune
|-boost|p1a: Suicune|spa|1
|-boost|p1a: Suicune|spd|1
|
|turn|22
|
|move|p2a: Diancie|Calm Mind|p2a: Diancie
|-boost|p2a: Diancie|spa|1
|-boost|p2a: Diancie|spd|1
|move|p1a: Suicune|Calm Mind|p1a: Suicune
|-boost|p1a: Suicune|spa|1
|-boost|p1a: Suicune|spd|1
|
|turn|23
|
|move|p2a: Diancie|Calm Mind|p2a: Diancie
|-boost|p2a: Diancie|spa|1
|-boost|p2a: Diancie|spd|1
|move|p1a: Suicune|Calm Mind|p1a: Suicune
|-boost|p1a: Suicune|spa|1
|-boost|p1a: Suicune|spd|1
|
|turn|24
|
|move|p2a: Diancie|Calm Mind|p2a: Diancie
|-boost|p2a: Diancie|spa|1
|-boost|p2a: Diancie|spd|1
|move|p1a: Suicune|Calm Mind|p1a: Suicune
|-boost|p1a: Suicune|spa|1
|-boost|p1a: Suicune|spd|1
|
|turn|25
|
|move|p2a: Diancie|Moonblast|p1a: Suicune
|-damage|p1a: Suicune|197\/404
|-unboost|p1a: Suicune|spa|1
|move|p1a: Suicune|Calm Mind|p1a: Suicune
|-boost|p1a: Suicune|spa|1
|-boost|p1a: Suicune|spd|1
|
|turn|26
|
|move|p2a: Diancie|Moonblast|p1a: Suicune
|-damage|p1a: Suicune|25\/404
|move|p1a: Suicune|Scald|p2a: Diancie
|-supereffective|p2a: Diancie
|-damage|p2a: Diancie|0 fnt
|faint|p2a: Diancie
|
|
|switch|p2a: Bisharp|Bisharp, F, shiny|77\/271
|turn|27
|
|move|p2a: Bisharp|Knock Off|p1a: Suicune
|-damage|p1a: Suicune|0 fnt
|faint|p1a: Suicune
|
|
|switch|p1a: Kingdra|Kingdra, F|125\/291
|turn|28
|
|move|p1a: Kingdra|Waterfall|p2a: Bisharp
|-damage|p2a: Bisharp|0 fnt
|-damage|p1a: Kingdra|96\/291|[from] item: Life Orb
|faint|p2a: Bisharp
|
|
|switch|p2a: Zapdos|Zapdos|383\/383
|-ability|p2a: Zapdos|Pressure
|turn|29
|
|move|p1a: Kingdra|Outrage|p2a: Zapdos
|-damage|p2a: Zapdos|152\/383
|-damage|p1a: Kingdra|67\/291|[from] item: Life Orb
|move|p2a: Zapdos|Volt Switch|p1a: Kingdra
|-damage|p1a: Kingdra|0 fnt
|faint|p1a: Kingdra
|
|switch|p2a: Mamoswine|Mamoswine, F|361\/361
|
|
|switch|p1a: Latios|Latios, M, shiny|301\/301
|turn|30
|
|switch|p2a: Zapdos|Zapdos|152\/383
|-ability|p2a: Zapdos|Pressure
|move|p1a: Latios|Draco Meteor|p2a: Zapdos
|-damage|p2a: Zapdos|0 fnt
|-unboost|p1a: Latios|spa|2
|-damage|p1a: Latios|271\/301|[from] item: Life Orb
|faint|p2a: Zapdos
|
|
|switch|p2a: Mamoswine|Mamoswine, F|361\/361
|turn|31
|
|move|p2a: Mamoswine|Ice Shard|p1a: Latios
|-supereffective|p1a: Latios
|-damage|p1a: Latios|34\/301
|-damage|p2a: Mamoswine|325\/361|[from] item: Life Orb
|move|p1a: Latios|Psyshock|p2a: Mamoswine
|-damage|p2a: Mamoswine|208\/361
|-damage|p1a: Latios|4\/301|[from] item: Life Orb
|
|turn|32
|c|âredevil360|gg
|c|âiDestructioNx|not really
|c|âredevil360|ikr
|c|âiDestructioNx|i went off to a bad start andu still barely win but oh well
|c|âredevil360|so much hax against me
|c|âiDestructioNx|you were up 6-3
|c|âiDestructioNx|so no 
|c|âiDestructioNx|u not that good
|-message|iDestructioNx forfeited.
|
|win|redevil360
|raw|Ladder updating...
|leave|iDestructioNx
|player|p1