|join|iDestructioNx
|join|weird team123
|player|p1|iDestructioNx|2
|player|p2|weird team123|21
|gametype|singles
|gen|6
|tier|ORAS OU
|rated
|rule|Sleep Clause Mod: Limit one foe put to sleep
|rule|Species Clause: Limit one of each PokÃ©mon
|rule|OHKO Clause: OHKO moves are banned
|rule|Moody Clause: Moody is banned
|rule|Evasion Moves Clause: Evasion moves are banned
|rule|Endless Battle Clause: Forcing endless battles is banned
|rule|HP Percentage Mod: HP is shown in percentages
|clearpoke
|poke|p1|Sceptile, F
|poke|p1|Landorus-Therian, M
|poke|p1|Latios, M, shiny
|poke|p1|Skarmory, F
|poke|p1|Dragonite, F
|poke|p1|Suicune, shiny
|poke|p2|Salamence, F
|poke|p2|Greninja, F, shiny
|poke|p2|Gengar, F, shiny
|poke|p2|Excadrill, F
|poke|p2|Rotom-Wash, shiny
|poke|p2|Mamoswine, F
|rule|Swagger Clause: Swagger is banned
|rule|Baton Pass Clause: Limit one PokÃ©mon knowing Baton Pass
|teampreview
|
|start
|switch|p1a: Sceptile|Sceptile, F|281\/281
|switch|p2a: wish i was mega|Gengar, F, shiny|261\/261
|turn|1
|
|switch|p1a: Suicune|Suicune, shiny|404\/404
|-ability|p1a: Suicune|Pressure
|move|p2a: wish i was mega|Shadow Ball|p1a: Suicune
|-damage|p1a: Suicune|214\/404
|
|-heal|p1a: Suicune|239\/404|[from] item: Leftovers
|turn|2
|
|switch|p2a: cuz shofu likes it|Rotom-Wash, shiny|304\/304
|move|p1a: Suicune|Rest|p1a: Suicune
|-status|p1a: Suicune|slp
|-heal|p1a: Suicune|404\/404 slp|[silent]
|-status|p1a: Suicune|slp|[from] move: Rest
|
|turn|3
|
|switch|p1a: Latios|Latios, M, shiny|301\/301
|move|p2a: cuz shofu likes it|Volt Switch|p1a: Latios
|-resisted|p1a: Latios
|-damage|p1a: Latios|247\/301
|
|switch|p2a: wish i was mega|Gengar, F, shiny|261\/261
|
|turn|4
|
|switch|p1a: Skarmory|Skarmory, F|334\/334
|move|p2a: wish i was mega|Shadow Ball|p1a: Skarmory
|-damage|p1a: Skarmory|13\/334
|
|-heal|p1a: Skarmory|33\/334|[from] item: Leftovers
|turn|5
|
|move|p2a: wish i was mega|Shadow Ball|p1a: Skarmory
|-damage|p1a: Skarmory|0 fnt
|faint|p1a: Skarmory
|
|
|switch|p1a: Landorus-Therian|Landorus-Therian, M|319\/319
|-ability|p1a: Landorus-Therian|Intimidate|[of] p2a: wish i was mega
|-unboost|p2a: wish i was mega|atk|1
|turn|6
|
|switch|p2a: cuz shofu likes it|Rotom-Wash, shiny|304\/304
|move|p1a: Landorus-Therian|Knock Off|p2a: cuz shofu likes it
|-damage|p2a: cuz shofu likes it|169\/304
|-enditem|p2a: cuz shofu likes it|Sitrus Berry|[from] move: Knock Off|[of] p1a: Landorus-Therian
|
|turn|7
|
|move|p1a: Landorus-Therian|Knock Off|p2a: cuz shofu likes it
|-damage|p2a: cuz shofu likes it|81\/304
|move|p2a: cuz shofu likes it|Hidden Power|p1a: Landorus-Therian
|-supereffective|p1a: Landorus-Therian
|-damage|p1a: Landorus-Therian|0 fnt
|faint|p1a: Landorus-Therian
|
|
|switch|p1a: Sceptile|Sceptile, F|281\/281
|turn|8
|
|move|p1a: Sceptile|Swords Dance|p1a: Sceptile
|-boost|p1a: Sceptile|atk|2
|move|p2a: cuz shofu likes it|Hidden Power|p1a: Sceptile
|-supereffective|p1a: Sceptile
|-damage|p1a: Sceptile|129\/281
|
|turn|9
|
|move|p1a: Sceptile|Leaf Blade|p2a: cuz shofu likes it
|-supereffective|p2a: cuz shofu likes it
|-damage|p2a: cuz shofu likes it|0 fnt
|faint|p2a: cuz shofu likes it
|
|
|switch|p2a: chibi mammoth|Mamoswine, F|361\/361
|turn|10
|
|switch|p1a: Suicune|Suicune, shiny|404\/404 slp
|-ability|p1a: Suicune|Pressure
|move|p2a: chibi mammoth|Ice Shard|p1a: Suicune
|-resisted|p1a: Suicune
|-damage|p1a: Suicune|363\/404 slp
|
|-heal|p1a: Suicune|388\/404 slp|[from] item: Leftovers
|turn|11
|
|switch|p1a: Latios|Latios, M, shiny|247\/301
|switch|p2a: wish i was mega|Gengar, F, shiny|261\/261
|
|turn|12
|
|switch|p1a: Sceptile|Sceptile, F|129\/281
|move|p2a: wish i was mega|Shadow Ball|p1a: Sceptile
|-damage|p1a: Sceptile|0 fnt
|faint|p1a: Sceptile
|
|
|switch|p1a: Dragonite|Dragonite, F|323\/323
|turn|13
|
|switch|p2a: chibi mammoth|Mamoswine, F|361\/361
|move|p1a: Dragonite|Dragon Dance|p1a: Dragonite
|-boost|p1a: Dragonite|atk|1
|-boost|p1a: Dragonite|spe|1
|
|turn|14
|
|move|p1a: Dragonite|Fire Punch|p2a: chibi mammoth
|-supereffective|p2a: chibi mammoth
|-damage|p2a: chibi mammoth|167\/361
|move|p2a: chibi mammoth|Icicle Crash|p1a: Dragonite
|-supereffective|p1a: Dragonite
|-damage|p1a: Dragonite|0 fnt
|faint|p1a: Dragonite
|
|-message|iDestructioNx forfeited.
|
|win|weird team123
|raw|Ladder updating...
|leave|iDestructioNx
|player|p1
|raw|Ladder (probably) updated, but score could not be retrieved (timeout).
|raw|Ladder (probably) updated, but score could not be retrieved (Error: socket hang up).