|join|RSMessiii
|join|iDestructioNx
|player|p1|RSMessiii|101
|player|p2|iDestructioNx|2
|gametype|singles
|gen|6
|tier|OU
|rated
|clearpoke
|poke|p1|Gliscor, M
|poke|p1|Clefable, M
|poke|p1|Chansey, F
|poke|p1|Slowbro, F
|poke|p1|Scizor, F
|poke|p1|Celebi
|poke|p2|Swampert, F
|poke|p2|Kingdra, F
|poke|p2|Politoed, F, shiny
|poke|p2|Latios, M, shiny
|poke|p2|Suicune
|poke|p2|Gothitelle, M
|rule|Swagger Clause: Swagger is banned
|rule|Baton Pass Clause: Limit one PokÃ©mon knowing Baton Pass
|rule|Sleep Clause Mod: Limit one foe put to sleep
|rule|Species Clause: Limit one of each PokÃ©mon
|rule|OHKO Clause: OHKO moves are banned
|rule|Moody Clause: Moody is banned
|rule|Evasion Moves Clause: Evasion moves are banned
|rule|Endless Battle Clause: Forcing endless battles is banned
|rule|HP Percentage Mod: HP is shown in percentages
|teampreview
|
|start
|switch|p1a: Celebi|Celebi|404\/404
|switch|p2a: Politoed|Politoed, F, shiny|384\/384
|-weather|RainDance
|turn|1
|
|move|p1a: Celebi|U-turn|p2a: Politoed
|-damage|p2a: Politoed|343\/384
|
|switch|p1a: Chansey|Chansey, F|703\/703
|move|p2a: Politoed|Perish Song|p2a: Politoed
|-fieldactivate|move: Perish Song
|
|-start|p2a: Politoed|perish3
|-start|p1a: Chansey|perish3
|-weather|RainDance|[upkeep]
|turn|2
|
|switch|p2a: Gothitelle|Gothitelle, M|344\/344
|switch|p1a: Celebi|Celebi|404\/404
|
|-weather|RainDance|[upkeep]
|turn|3
|
|move|p1a: Celebi|U-turn|p2a: Gothitelle
|-supereffective|p2a: Gothitelle
|-damage|p2a: Gothitelle|272\/344
|
|switch|p1a: Scizor|Scizor, F|343\/343
|move|p2a: Gothitelle|Calm Mind|p2a: Gothitelle
|-boost|p2a: Gothitelle|spa|1
|-boost|p2a: Gothitelle|spd|1
|
|-weather|RainDance|[upkeep]
|-heal|p2a: Gothitelle|293\/344|[from] item: Leftovers
|turn|4
|
|detailschange|p1a: Scizor|Scizor-Mega, F
|message|Scizor has Mega Evolved into Mega Scizor!
|move|p1a: Scizor|U-turn|p2a: Gothitelle
|-supereffective|p2a: Gothitelle
|-damage|p2a: Gothitelle|111\/344
|
|switch|p1a: Celebi|Celebi|404\/404
|move|p2a: Gothitelle|Calm Mind|p2a: Gothitelle
|-boost|p2a: Gothitelle|spa|1
|-boost|p2a: Gothitelle|spd|1
|
|-weather|RainDance|[upkeep]
|-heal|p2a: Gothitelle|132\/344|[from] item: Leftovers
|turn|5
|
|move|p1a: Celebi|Perish Song|p1a: Celebi
|-fieldactivate|move: Perish Song
|move|p2a: Gothitelle|Psychic|p1a: Celebi
|-resisted|p1a: Celebi
|-damage|p1a: Celebi|332\/404
|
|-start|p1a: Celebi|perish3
|-start|p2a: Gothitelle|perish3
|-weather|RainDance|[upkeep]
|-heal|p1a: Celebi|357\/404|[from] item: Leftovers
|-heal|p2a: Gothitelle|153\/344|[from] item: Leftovers
|turn|6
|
|move|p1a: Celebi|U-turn|p2a: Gothitelle
|-supereffective|p2a: Gothitelle
|-damage|p2a: Gothitelle|83\/344
|
|switch|p1a: Chansey|Chansey, F|703\/703
|move|p2a: Gothitelle|Psychic|p1a: Chansey
|-damage|p1a: Chansey|579\/703
|
|-start|p2a: Gothitelle|perish2
|-weather|RainDance|[upkeep]
|-heal|p2a: Gothitelle|104\/344|[from] item: Leftovers
|turn|7
|
|switch|p2a: Politoed|Politoed, F, shiny|343\/384
|move|p1a: Chansey|Stealth Rock|p2a: Politoed
|-sidestart|p2: iDestructioNx|move: Stealth Rock
|
|-weather|RainDance|[upkeep]
|turn|8
|
|switch|p2a: Latios|Latios, M, shiny|301\/301
|-damage|p2a: Latios|264\/301|[from] Stealth Rock
|switch|p1a: Celebi|Celebi|357\/404
|
|-weather|none
|-heal|p1a: Celebi|382\/404|[from] item: Leftovers
|turn|9
|
|move|p2a: Latios|Defog|p1a: Celebi
|-unboost|p1a: Celebi|evasion|1
|-sideend|p2: iDestructioNx|Stealth Rock|[from] move: Defog|[of] p2a: Latios
|move|p1a: Celebi|U-turn|p2a: Latios
|-supereffective|p2a: Latios
|-damage|p2a: Latios|146\/301
|
|switch|p1a: Scizor|Scizor-Mega, F|343\/343
|
|turn|10
|
|move|p2a: Latios|Hidden Power|p1a: Scizor
|-supereffective|p1a: Scizor
|-damage|p1a: Scizor|0 fnt
|-damage|p2a: Latios|116\/301|[from] item: Life Orb
|faint|p1a: Scizor
|
|
|switch|p1a: Celebi|Celebi|382\/404
|turn|11
|
|move|p2a: Latios|Draco Meteor|p1a: Celebi|[miss]
|-miss|p2a: Latios|p1a: Celebi
|move|p1a: Celebi|U-turn|p2a: Latios
|-supereffective|p2a: Latios
|-damage|p2a: Latios|0 fnt
|faint|p2a: Latios
|
|switch|p1a: Gliscor|Gliscor, M|353\/353
|
|-status|p1a: Gliscor|tox|[from] item: Toxic Orb
|
|switch|p2a: Politoed|Politoed, F, shiny|343\/384
|-weather|RainDance
|turn|12
|
|switch|p1a: Celebi|Celebi|382\/404
|move|p2a: Politoed|Perish Song|p2a: Politoed
|-fieldactivate|move: Perish Song
|
|-start|p1a: Celebi|perish3
|-start|p2a: Politoed|perish3
|-weather|RainDance|[upkeep]
|-heal|p1a: Celebi|404\/404|[from] item: Leftovers
|turn|13
|
|move|p1a: Celebi|Giga Drain|p2a: Politoed
|-supereffective|p2a: Politoed
|-damage|p2a: Politoed|179\/384
|move|p2a: Politoed|Toxic|p1a: Celebi
|-status|p1a: Celebi|tox
|
|-start|p1a: Celebi|perish2
|-start|p2a: Politoed|perish2
|-weather|RainDance|[upkeep]
|-damage|p1a: Celebi|379\/404 tox|[from] psn
|turn|14
|
|move|p1a: Celebi|U-turn|p2a: Politoed
|-damage|p2a: Politoed|133\/384
|
|switch|p1a: Chansey|Chansey, F|579\/703
|move|p2a: Politoed|Toxic|p1a: Chansey|[miss]
|-miss|p2a: Politoed|p1a: Chansey
|
|-start|p2a: Politoed|perish1
|-weather|RainDance|[upkeep]
|turn|15
|
|switch|p2a: Swampert|Swampert, F|341\/341
|switch|p1a: Gliscor|Gliscor, M|353\/353 tox
|
|-weather|RainDance|[upkeep]
|turn|16
|
|switch|p1a: Slowbro|Slowbro, F|393\/393
|detailschange|p2a: Swampert|Swampert-Mega, F
|message|Swampert has Mega Evolved into Mega Swampert!
|move|p2a: Swampert|Body Slam|p1a: Slowbro
|-damage|p1a: Slowbro|306\/393
|-status|p1a: Slowbro|par
|
|-weather|RainDance|[upkeep]
|-heal|p1a: Slowbro|330\/393 par|[from] item: Leftovers
|turn|17
|
|switch|p2a: Gothitelle|Gothitelle, M|104\/344
|move|p1a: Slowbro|Scald|p2a: Gothitelle
|-damage|p2a: Gothitelle|0 fnt
|faint|p2a: Gothitelle
|
|-weather|RainDance|[upkeep]
|-heal|p1a: Slowbro|354\/393 par|[from] item: Leftovers
|
|switch|p2a: Kingdra|Kingdra, F|291\/291
|turn|18
|
|switch|p1a: Chansey|Chansey, F|579\/703
|move|p2a: Kingdra|Dragon Dance|p2a: Kingdra
|-boost|p2a: Kingdra|atk|1
|-boost|p2a: Kingdra|spe|1
|
|-weather|RainDance|[upkeep]
|turn|19
|
|switch|p1a: Slowbro|Slowbro, F|393\/393 par
|move|p2a: Kingdra|Waterfall|p1a: Slowbro
|-resisted|p1a: Slowbro
|-damage|p1a: Slowbro|260\/393 par
|-damage|p2a: Kingdra|262\/291|[from] item: Life Orb
|
|-weather|none
|-heal|p1a: Slowbro|284\/393 par|[from] item: Leftovers
|turn|20
|
|switch|p1a: Clefable|Clefable, M|393\/393
|move|p2a: Kingdra|Dragon Dance|p2a: Kingdra
|-boost|p2a: Kingdra|atk|1
|-boost|p2a: Kingdra|spe|1
|
|turn|21
|
|move|p2a: Kingdra|Waterfall|p1a: Clefable
|-damage|p1a: Clefable|237\/393
|-damage|p2a: Kingdra|233\/291|[from] item: Life Orb
|cant|p1a: Clefable|flinch
|
|-heal|p1a: Clefable|261\/393|[from] item: Leftovers
|turn|22
|
|switch|p2a: Politoed|Politoed, F, shiny|133\/384
|-weather|RainDance
|move|p1a: Clefable|Protect|p1a: Clefable
|-fail|p1a: Clefable
|
|-weather|RainDance|[upkeep]
|-heal|p1a: Clefable|285\/393|[from] item: Leftovers
|turn|23
|
|switch|p1a: Celebi|Celebi|379\/404
|move|p2a: Politoed|Toxic|p1a: Celebi
|-status|p1a: Celebi|tox
|
|-weather|RainDance|[upkeep]
|-heal|p1a: Celebi|404\/404 tox|[from] item: Leftovers
|-damage|p1a: Celebi|379\/404 tox|[from] psn
|turn|24
|
|move|p1a: Celebi|Giga Drain|p2a: Politoed
|-supereffective|p2a: Politoed
|-damage|p2a: Politoed|0 fnt
|-heal|p1a: Celebi|404\/404 tox|[from] drain|[of] p2a: Politoed
|faint|p2a: Politoed
|
|-weather|RainDance|[upkeep]
|-damage|p1a: Celebi|354\/404 tox|[from] psn
|
|switch|p2a: Kingdra|Kingdra, F|233\/291
|turn|25
|
|switch|p1a: Slowbro|Slowbro, F|393\/393 par
|move|p2a: Kingdra|Dragon Dance|p2a: Kingdra
|-boost|p2a: Kingdra|atk|1
|-boost|p2a: Kingdra|spe|1
|
|-weather|RainDance|[upkeep]
|turn|26
|
|move|p2a: Kingdra|Dragon Dance|p2a: Kingdra
|-boost|p2a: Kingdra|atk|1
|-boost|p2a: Kingdra|spe|1
|move|p1a: Slowbro|Scald|p2a: Kingdra
|-resisted|p2a: Kingdra
|-damage|p2a: Kingdra|198\/291
|
|-weather|RainDance|[upkeep]
|turn|27
|
|move|p2a: Kingdra|Dragon Dance|p2a: Kingdra
|-boost|p2a: Kingdra|atk|1
|-boost|p2a: Kingdra|spe|1
|cant|p1a: Slowbro|par
|
|-weather|RainDance|[upkeep]
|turn|28
|
|move|p2a: Kingdra|Outrage|p1a: Slowbro
|-damage|p1a: Slowbro|13\/393 par
|-damage|p2a: Kingdra|169\/291|[from] item: Life Orb
|cant|p1a: Slowbro|par
|
|-weather|RainDance|[upkeep]
|-heal|p1a: Slowbro|37\/393 par|[from] item: Leftovers
|turn|29
|
|switch|p1a: Clefable|Clefable, M|285\/393
|move|p2a: Kingdra|Outrage|p1a: Clefable
|-immune|p1a: Clefable|[msg]
|
|-end|p2a: Kingdra|rampage
|-start|p2a: Kingdra|confusion
|-weather|none
|-heal|p1a: Clefable|309\/393|[from] item: Leftovers
|turn|30
|
|-activate|p2a: Kingdra|confusion
|move|p2a: Kingdra|Waterfall|p1a: Clefable
|-damage|p1a: Clefable|156\/393
|-damage|p2a: Kingdra|140\/291|[from] item: Life Orb
|cant|p1a: Clefable|flinch
|
|-heal|p1a: Clefable|180\/393|[from] item: Leftovers
|turn|31
|c|âRSMessiii|lol
|
|-activate|p2a: Kingdra|confusion
|-damage|p2a: Kingdra|9\/291|[from] confusion
|move|p1a: Clefable|Moonblast|p2a: Kingdra
|-supereffective|p2a: Kingdra
|-damage|p2a: Kingdra|0 fnt
|faint|p2a: Kingdra
|
|-heal|p1a: Clefable|204\/393|[from] item: Leftovers
|
|switch|p2a: Suicune|Suicune|404\/404
|-ability|p2a: Suicune|Pressure
|turn|32
|
|switch|p1a: Chansey|Chansey, F|579\/703
|move|p2a: Suicune|Calm Mind|p2a: Suicune
|-boost|p2a: Suicune|spa|1
|-boost|p2a: Suicune|spd|1
|
|turn|33
|c|âiDestructioNx|glad u found that funny
|c|âiDestructioNx|now its gg
|
|move|p2a: Suicune|Calm Mind|p2a: Suicune
|-boost|p2a: Suicune|spa|1
|-boost|p2a: Suicune|spd|1
|move|p1a: Chansey|Stealth Rock|p2a: Suicune
|-sidestart|p2: iDestructioNx|move: Stealth Rock
|
|turn|34
|c|âRSMessiii|haha
|c|âRSMessiii|u think?
|c|âiDestructioNx|gg
|c|âRSMessiii|im gonna toxic u to death
|c|âiDestructioNx|gg
|
|switch|p1a: Celebi|Celebi|354\/404
|move|p2a: Suicune|Calm Mind|p2a: Suicune
|-boost|p2a: Suicune|spa|1
|-boost|p2a: Suicune|spd|1
|
|-heal|p1a: Celebi|379\/404|[from] item: Leftovers
|turn|35
|c|âiDestructioNx|mark these words
|
|move|p1a: Celebi|Perish Song|p1a: Celebi
|-fieldactivate|move: Perish Song
|move|p2a: Suicune|Scald|p1a: Celebi
|-resisted|p1a: Celebi
|-damage|p1a: Celebi|304\/404
|
|-start|p1a: Celebi|perish3
|-start|p2a: Suicune|perish3
|-heal|p1a: Celebi|329\/404|[from] item: Leftovers
|turn|36
|c|âRSMessiii|yup
|
|move|p1a: Celebi|U-turn|p2a: Suicune
|-damage|p2a: Suicune|373\/404
|
|switch|p1a: Chansey|Chansey, F|579\/703
|move|p2a: Suicune|Scald|p1a: Chansey
|-damage|p1a: Chansey|458\/703
|-status|p1a: Chansey|brn
|
|-start|p2a: Suicune|perish2
|-heal|p2a: Suicune|398\/404|[from] item: Leftovers
|-damage|p1a: Chansey|371\/703 brn|[from] brn
|turn|37
|
|switch|p2a: Swampert|Swampert-Mega, F|341\/341
|-damage|p2a: Swampert|320\/341|[from] Stealth Rock
|move|p1a: Chansey|Soft-Boiled|p1a: Chansey
|-heal|p1a: Chansey|703\/703 brn
|
|-damage|p1a: Chansey|616\/703 brn|[from] brn
|turn|38
|
|move|p2a: Swampert|Rain Dance|p2a: Swampert
|-weather|RainDance
|move|p1a: Chansey|Toxic|p2a: Swampert
|-status|p2a: Swampert|tox
|
|-weather|RainDance|[upkeep]
|-damage|p2a: Swampert|299\/341 tox|[from] psn
|-damage|p1a: Chansey|529\/703 brn|[from] brn
|turn|39
|
|switch|p1a: Slowbro|Slowbro, F|168\/393 par
|move|p2a: Swampert|Waterfall|p1a: Slowbro
|-resisted|p1a: Slowbro
|-damage|p1a: Slowbro|84\/393 par
|
|-weather|RainDance|[upkeep]
|-heal|p1a: Slowbro|108\/393 par|[from] item: Leftovers
|-damage|p2a: Swampert|257\/341 tox|[from] psn
|turn|40
|
|switch|p1a: Clefable|Clefable, M|204\/393
|move|p2a: Swampert|Waterfall|p1a: Clefable
|-damage|p1a: Clefable|0 fnt
|faint|p1a: Clefable
|
|-weather|RainDance|[upkeep]
|-damage|p2a: Swampert|194\/341 tox|[from] psn
|
|switch|p1a: Slowbro|Slowbro, F|239\/393 par
|turn|41
|
|switch|p2a: Suicune|Suicune|398\/404
|-damage|p2a: Suicune|348\/404|[from] Stealth Rock
|-ability|p2a: Suicune|Pressure
|cant|p1a: Slowbro|par
|
|-weather|RainDance|[upkeep]
|-heal|p2a: Suicune|373\/404|[from] item: Leftovers
|-heal|p1a: Slowbro|263\/393 par|[from] item: Leftovers
|turn|42
|
|switch|p1a: Celebi|Celebi|329\/404
|move|p2a: Suicune|Scald|p1a: Celebi
|-resisted|p1a: Celebi
|-damage|p1a: Celebi|277\/404
|
|-weather|none
|-heal|p1a: Celebi|302\/404|[from] item: Leftovers
|-heal|p2a: Suicune|398\/404|[from] item: Leftovers
|turn|43
|
|switch|p2a: Swampert|Swampert-Mega, F|194\/341 tox
|-damage|p2a: Swampert|173\/341 tox|[from] Stealth Rock
|move|p1a: Celebi|Giga Drain|p2a: Swampert
|-supereffective|p2a: Swampert
|-damage|p2a: Swampert|0 fnt
|-heal|p1a: Celebi|389\/404|[from] drain|[of] p2a: Swampert
|faint|p2a: Swampert
|
|-heal|p1a: Celebi|404\/404|[from] item: Leftovers
|c|âRSMessiii|nice switch
|-message|iDestructioNx forfeited.
|
|win|RSMessiii
|raw|Ladder updating...
|leave|iDestructioNx
|player|p2
|raw|RSMessiii's rating: 1404 &rarr; <strong>1421<\/strong><br \/>(+17 for winning)
|raw|iDestructioNx's rating: 1361 &rarr; <strong>1343<\/strong><br \/>(-18 for losing)