|join|jack41
|join|iDestructioNx
|player|p1|jack41|17
|player|p2|iDestructioNx|102
|gametype|singles
|gen|6
|tier|OU
|rated
|clearpoke
|poke|p1|Azelf
|poke|p1|Politoed, F
|poke|p1|Tornadus, M
|poke|p1|Swampert, M
|poke|p1|Kingdra, M
|poke|p1|Kabutops, M
|poke|p2|Swampert, M
|poke|p2|Kingdra, M
|poke|p2|Politoed, M, shiny
|poke|p2|Latios, M, shiny
|poke|p2|Suicune
|poke|p2|Gothitelle, F
|rule|Swagger Clause: Swagger is banned
|rule|Baton Pass Clause: Limit one PokÃ©mon knowing Baton Pass
|rule|Sleep Clause Mod: Limit one foe put to sleep
|rule|Species Clause: Limit one of each PokÃ©mon
|rule|OHKO Clause: OHKO moves are banned
|rule|Moody Clause: Moody is banned
|rule|Evasion Moves Clause: Evasion moves are banned
|rule|Endless Battle Clause: Forcing endless battles is banned
|rule|HP Percentage Mod: HP is shown in percentages
|teampreview
|c|âiDestructioNx|ohhh
|c|âiDestructioNx|so u know how deadly the rain team is
|c|âiDestructioNx|nice
|c|âjack41|lol thank u for the match already im been trying to understand rain better
|c|âiDestructioNx|lol they are great
|c|âjack41|so any pointers are apreciated please
|
|start
|switch|p1a: Azelf|Azelf|292\/292
|switch|p2a: Gothitelle|Gothitelle, F|344\/344
|turn|1
|
|move|p1a: Azelf|Taunt|p2a: Gothitelle
|-start|p2a: Gothitelle|move: Taunt
|move|p2a: Gothitelle|Psychic|p1a: Azelf
|-resisted|p1a: Azelf
|-damage|p1a: Azelf|229\/292
|
|turn|2
|
|switch|p2a: Politoed|Politoed, M, shiny|384\/384
|-weather|RainDance
|move|p1a: Azelf|Stealth Rock|p2a: Politoed
|-sidestart|p2: iDestructioNx|move: Stealth Rock
|
|-weather|RainDance|[upkeep]
|turn|3
|
|move|p1a: Azelf|Explosion|p2a: Politoed
|-crit|p2a: Politoed
|-damage|p2a: Politoed|32\/384
|faint|p1a: Azelf
|move|p2a: Politoed|Scald|p1: Azelf|[notarget]
|-notarget
|
|-weather|RainDance|[upkeep]
|
|switch|p1a: Ganju|Swampert, M|346\/346
|turn|4
|
|detailschange|p1a: Ganju|Swampert-Mega, M
|message|Swampert has Mega Evolved into Mega Swampert!
|move|p1a: Ganju|Waterfall|p2a: Politoed
|-resisted|p2a: Politoed
|-damage|p2a: Politoed|0 fnt
|faint|p2a: Politoed
|
|-weather|RainDance|[upkeep]
|
|switch|p2a: Suicune|Suicune|404\/404
|-damage|p2a: Suicune|354\/404|[from] Stealth Rock
|-ability|p2a: Suicune|Pressure
|turn|5
|
|switch|p1a: Politoed|Politoed, F|384\/384
|move|p2a: Suicune|Calm Mind|p2a: Suicune
|-boost|p2a: Suicune|spa|1
|-boost|p2a: Suicune|spd|1
|
|-weather|RainDance|[upkeep]
|-heal|p2a: Suicune|379\/404|[from] item: Leftovers
|turn|6
|
|move|p2a: Suicune|Scald|p1a: Politoed
|-resisted|p1a: Politoed
|-damage|p1a: Politoed|282\/384
|move|p1a: Politoed|Perish Song|p1a: Politoed
|-fieldactivate|move: Perish Song
|
|-start|p2a: Suicune|perish3
|-start|p1a: Politoed|perish3
|-weather|RainDance|[upkeep]
|-heal|p2a: Suicune|404\/404|[from] item: Leftovers
|turn|7
|
|move|p1a: Politoed|Protect|p1a: Politoed
|-singleturn|p1a: Politoed|Protect
|move|p2a: Suicune|Scald|p1a: Politoed
|-activate|p1a: Politoed|Protect
|
|-start|p2a: Suicune|perish2
|-start|p1a: Politoed|perish2
|-weather|RainDance|[upkeep]
|turn|8
|
|switch|p1a: Kingdra|Kingdra, M|291\/291
|move|p2a: Suicune|Scald|p1a: Kingdra
|-resisted|p1a: Kingdra
|-damage|p1a: Kingdra|239\/291
|-status|p1a: Kingdra|brn
|
|-start|p2a: Suicune|perish1
|-weather|RainDance|[upkeep]
|-damage|p1a: Kingdra|203\/291 brn|[from] brn
|turn|9
|
|switch|p2a: Gothitelle|Gothitelle, F|344\/344
|-damage|p2a: Gothitelle|301\/344|[from] Stealth Rock
|move|p1a: Kingdra|Ice Beam|p2a: Gothitelle
|-damage|p2a: Gothitelle|182\/344
|
|-weather|none
|-heal|p2a: Gothitelle|203\/344|[from] item: Leftovers
|-damage|p1a: Kingdra|167\/291 brn|[from] brn
|turn|10
|
|move|p1a: Kingdra|Ice Beam|p2a: Gothitelle
|-damage|p2a: Gothitelle|65\/344
|move|p2a: Gothitelle|Rest|p2a: Gothitelle
|-status|p2a: Gothitelle|slp
|-heal|p2a: Gothitelle|344\/344 slp|[silent]
|-status|p2a: Gothitelle|slp|[from] move: Rest
|
|-damage|p1a: Kingdra|131\/291 brn|[from] brn
|turn|11
|
|move|p1a: Kingdra|Ice Beam|p2a: Gothitelle
|-damage|p2a: Gothitelle|223\/344 slp
|cant|p2a: Gothitelle|slp
|
|-heal|p2a: Gothitelle|244\/344 slp|[from] item: Leftovers
|-damage|p1a: Kingdra|95\/291 brn|[from] brn
|turn|12
|
|move|p1a: Kingdra|Ice Beam|p2a: Gothitelle
|-damage|p2a: Gothitelle|105\/344 slp
|cant|p2a: Gothitelle|slp
|
|-heal|p2a: Gothitelle|126\/344 slp|[from] item: Leftovers
|-damage|p1a: Kingdra|59\/291 brn|[from] brn
|turn|13
|
|move|p1a: Kingdra|Ice Beam|p2a: Gothitelle
|-damage|p2a: Gothitelle|0 fnt
|faint|p2a: Gothitelle
|
|-damage|p1a: Kingdra|23\/291 brn|[from] brn
|
|switch|p2a: Suicune|Suicune|404\/404
|-damage|p2a: Suicune|354\/404|[from] Stealth Rock
|-ability|p2a: Suicune|Pressure
|turn|14
|
|switch|p1a: Tornadus|Tornadus, M|299\/299
|move|p2a: Suicune|Scald|p1a: Tornadus
|-damage|p1a: Tornadus|176\/299
|
|-heal|p2a: Suicune|379\/404|[from] item: Leftovers
|turn|15
|
|move|p1a: Tornadus|Taunt|p2a: Suicune
|-start|p2a: Suicune|move: Taunt
|move|p2a: Suicune|Scald|p1a: Tornadus
|-damage|p1a: Tornadus|53\/299
|-status|p1a: Tornadus|brn
|
|-heal|p2a: Suicune|404\/404|[from] item: Leftovers
|-damage|p1a: Tornadus|16\/299 brn|[from] brn
|turn|16
|
|move|p1a: Tornadus|Hurricane|p2a: Suicune
|-damage|p2a: Suicune|232\/404
|move|p2a: Suicune|Scald|p1a: Tornadus
|-damage|p1a: Tornadus|0 fnt
|faint|p1a: Tornadus
|
|-heal|p2a: Suicune|257\/404|[from] item: Leftovers
|
|switch|p1a: Kingdra|Kingdra, M|23\/291 brn
|turn|17
|
|move|p1a: Kingdra|Draco Meteor|p2a: Suicune
|-damage|p2a: Suicune|0 fnt
|-unboost|p1a: Kingdra|spa|2
|faint|p2a: Suicune
|
|-damage|p1a: Kingdra|0 fnt|[from] brn
|faint|p1a: Kingdra
|
|switch|p1a: Ganju|Swampert-Mega, M|346\/346
|switch|p2a: Swampert|Swampert, M|341\/341
|-damage|p2a: Swampert|320\/341|[from] Stealth Rock
|turn|18
|
|switch|p2a: Latios|Latios, M, shiny|301\/301
|-damage|p2a: Latios|264\/301|[from] Stealth Rock
|move|p1a: Ganju|Earthquake|p2a: Latios
|-immune|p2a: Latios|[msg]
|
|turn|19
|
|move|p2a: Latios|Defog|p1a: Ganju
|-unboost|p1a: Ganju|evasion|1
|-sideend|p2: iDestructioNx|Stealth Rock|[from] move: Defog|[of] p2a: Latios
|move|p1a: Ganju|Ice Punch|p2a: Latios
|-crit|p2a: Latios
|-supereffective|p2a: Latios
|-damage|p2a: Latios|0 fnt
|faint|p2a: Latios
|
|
|switch|p2a: Swampert|Swampert, M|320\/341
|turn|20
|
|detailschange|p2a: Swampert|Swampert-Mega, M
|message|Swampert has Mega Evolved into Mega Swampert!
|move|p1a: Ganju|Earthquake|p2a: Swampert
|-damage|p2a: Swampert|136\/341
|move|p2a: Swampert|Waterfall|p1a: Ganju
|-crit|p1a: Ganju
|-damage|p1a: Ganju|88\/346
|
|turn|21
|
|move|p2a: Swampert|Waterfall|p1a: Ganju
|-damage|p1a: Ganju|0 fnt
|faint|p1a: Ganju
|
|
|switch|p1a: Kabutops|Kabutops, M|261\/261
|turn|22
|
|move|p1a: Kabutops|Waterfall|p2a: Swampert
|-damage|p2a: Swampert|0 fnt
|-damage|p1a: Kabutops|235\/261|[from] item: Life Orb
|faint|p2a: Swampert
|
|
|switch|p2a: Kingdra|Kingdra, M|291\/291
|turn|23
|
|switch|p1a: Politoed|Politoed, F|282\/384
|-weather|RainDance
|move|p2a: Kingdra|Waterfall|p1a: Politoed
|-resisted|p1a: Politoed
|-damage|p1a: Politoed|174\/384
|-damage|p2a: Kingdra|262\/291|[from] item: Life Orb
|
|-weather|RainDance|[upkeep]
|turn|24
|
|move|p1a: Politoed|Protect|p1a: Politoed
|-singleturn|p1a: Politoed|Protect
|move|p2a: Kingdra|Dragon Dance|p2a: Kingdra
|-boost|p2a: Kingdra|atk|1
|-boost|p2a: Kingdra|spe|1
|
|-weather|RainDance|[upkeep]
|turn|25
|
|move|p2a: Kingdra|Outrage|p1a: Politoed
|-damage|p1a: Politoed|0 fnt
|-damage|p2a: Kingdra|233\/291|[from] item: Life Orb
|faint|p1a: Politoed
|
|-weather|RainDance|[upkeep]
|
|switch|p1a: Kabutops|Kabutops, M|235\/261
|turn|26
|
|move|p2a: Kingdra|Outrage|p1a: Kabutops
|-damage|p1a: Kabutops|0 fnt
|-damage|p2a: Kingdra|204\/291|[from] item: Life Orb
|faint|p1a: Kabutops
|
|win|iDestructioNx
|raw|Ladder updating...
|c|âjack41|gg
|raw|jack41's rating: 1555 &rarr; <strong>1534<\/strong><br \/>(-21 for losing)
|raw|iDestructioNx's rating: 1534 &rarr; <strong>1555<\/strong><br \/>(+21 for winning)
|c|âjack41|AND ADVICE
|c|âiDestructioNx|the power
|c|âiDestructioNx|of rain
|c|âjack41|any*
|leave|iDestructioNx
|player|p2