|join|iDestructioNx
|join|shakalakaboom
|player|p1|iDestructioNx|1
|player|p2|shakalakaboom|1
|gametype|singles
|gen|6
|tier|OU
|rated
|clearpoke
|poke|p1|Gyarados, M, shiny
|poke|p1|Skarmory, M
|poke|p1|Latios, M, shiny
|poke|p1|Landorus-Therian, M
|poke|p1|Greninja, F, shiny
|poke|p1|Scizor, F
|poke|p2|Greninja, M
|poke|p2|Excadrill, F
|poke|p2|Talonflame, M
|poke|p2|Pinsir, M
|poke|p2|Dragonite, M
|poke|p2|Tyranitar, M
|rule|Swagger Clause: Swagger is banned
|rule|Baton Pass Clause: Limit one PokÃ©mon knowing Baton Pass
|rule|Sleep Clause Mod: Limit one foe put to sleep
|rule|Species Clause: Limit one of each PokÃ©mon
|rule|OHKO Clause: OHKO moves are banned
|rule|Moody Clause: Moody is banned
|rule|Evasion Moves Clause: Evasion moves are banned
|rule|Endless Battle Clause: Forcing endless battles is banned
|rule|HP Percentage Mod: HP is shown in percentages
|teampreview
|
|start
|switch|p1a: Landorus-Therian|Landorus-Therian, M|319\/319
|switch|p2a: Tyranitar|Tyranitar, M|404\/404
|-ability|p1a: Landorus-Therian|Intimidate|[of] p2a: Tyranitar
|-unboost|p2a: Tyranitar|atk|1
|-weather|Sandstorm
|turn|1
|
|switch|p2a: Excadrill|Excadrill, F|362\/362
|move|p1a: Landorus-Therian|U-turn|p2a: Excadrill
|-resisted|p2a: Excadrill
|-damage|p2a: Excadrill|290\/362
|
|switch|p1a: Gyarados|Gyarados, M, shiny|331\/331
|-ability|p1a: Gyarados|Intimidate|[of] p2a: Excadrill
|-unboost|p2a: Excadrill|atk|1
|
|-weather|Sandstorm|[upkeep]
|-damage|p1a: Gyarados|311\/331|[from] sandstorm
|turn|2
|
|switch|p1a: Landorus-Therian|Landorus-Therian, M|319\/319
|-ability|p1a: Landorus-Therian|Intimidate|[of] p2a: Excadrill
|-unboost|p2a: Excadrill|atk|1
|move|p2a: Excadrill|Rock Slide|p1a: Landorus-Therian
|-damage|p1a: Landorus-Therian|245\/319
|-damage|p2a: Excadrill|254\/362|[from] item: Life Orb
|
|-weather|Sandstorm|[upkeep]
|turn|3
|
|switch|p2a: Pinsir|Pinsir, M|272\/272
|move|p1a: Landorus-Therian|Knock Off|p2a: Pinsir
|-damage|p2a: Pinsir|184\/272
|
|-weather|Sandstorm|[upkeep]
|-damage|p2a: Pinsir|167\/272|[from] sandstorm
|turn|4
|
|switch|p1a: Skarmory|Skarmory, M|327\/327
|detailschange|p2a: Pinsir|Pinsir-Mega, M
|message|Pinsir has Mega Evolved into Mega Pinsir!
|move|p2a: Pinsir|Frustration|p1a: Skarmory
|-resisted|p1a: Skarmory
|-damage|p1a: Skarmory|252\/327
|-damage|p2a: Pinsir|122\/272|[from] item: Rocky Helmet|[of] p1a: Skarmory
|
|-weather|Sandstorm|[upkeep]
|-damage|p2a: Pinsir|105\/272|[from] sandstorm
|turn|5
|
|switch|p2a: Tyranitar|Tyranitar, M|404\/404
|move|p1a: Skarmory|Stealth Rock|p2a: Tyranitar
|-sidestart|p2: shakalakaboom|move: Stealth Rock
|
|-weather|none
|turn|6
|
|switch|p1a: Gyarados|Gyarados, M, shiny|311\/331
|-ability|p1a: Gyarados|Intimidate|[of] p2a: Tyranitar
|-unboost|p2a: Tyranitar|atk|1
|move|p2a: Tyranitar|Fire Blast|p1a: Gyarados
|-resisted|p1a: Gyarados
|-damage|p1a: Gyarados|255\/331
|-status|p1a: Gyarados|brn
|
|-damage|p1a: Gyarados|214\/331 brn|[from] brn
|turn|7
|
|detailschange|p1a: Gyarados|Gyarados-Mega, M, shiny
|message|Gyarados has Mega Evolved into Mega Gyarados!
|-ability|p1a: Gyarados|Mold Breaker
|move|p1a: Gyarados|Dragon Dance|p1a: Gyarados
|-boost|p1a: Gyarados|atk|1
|-boost|p1a: Gyarados|spe|1
|move|p2a: Tyranitar|Stealth Rock|p1a: Gyarados
|-sidestart|p1: iDestructioNx|move: Stealth Rock
|
|-damage|p1a: Gyarados|173\/331 brn|[from] brn
|turn|8
|
|move|p1a: Gyarados|Waterfall|p2a: Tyranitar
|-supereffective|p2a: Tyranitar
|-damage|p2a: Tyranitar|144\/404
|move|p2a: Tyranitar|Crunch|p1a: Gyarados
|-resisted|p1a: Gyarados
|-damage|p1a: Gyarados|133\/331 brn
|
|-damage|p1a: Gyarados|92\/331 brn|[from] brn
|turn|9
|
|switch|p2a: Greninja|Greninja, M|286\/286
|-damage|p2a: Greninja|251\/286|[from] Stealth Rock
|move|p1a: Gyarados|Waterfall|p2a: Greninja
|-resisted|p2a: Greninja
|-damage|p2a: Greninja|161\/286
|
|-damage|p1a: Gyarados|51\/331 brn|[from] brn
|turn|10
|
|switch|p2a: Tyranitar|Tyranitar, M|144\/404
|-damage|p2a: Tyranitar|94\/404|[from] Stealth Rock
|-weather|Sandstorm
|move|p1a: Gyarados|Giga Impact|p2a: Tyranitar
|-resisted|p2a: Tyranitar
|-damage|p2a: Tyranitar|14\/404
|
|-weather|Sandstorm|[upkeep]
|-damage|p1a: Gyarados|31\/331 brn|[from] sandstorm
|-damage|p1a: Gyarados|0 fnt|[from] brn
|faint|p1a: Gyarados
|
|switch|p1a: Landorus-Therian|Landorus-Therian, M|245\/319
|-damage|p1a: Landorus-Therian|206\/319|[from] Stealth Rock
|-ability|p1a: Landorus-Therian|Intimidate|[of] p2a: Tyranitar
|-unboost|p2a: Tyranitar|atk|1
|turn|11
|
|move|p1a: Landorus-Therian|U-turn|p2a: Tyranitar
|-supereffective|p2a: Tyranitar
|-damage|p2a: Tyranitar|0 fnt
|faint|p2a: Tyranitar
|
|switch|p1a: Scizor|Scizor, F|281\/281
|-damage|p1a: Scizor|246\/281|[from] Stealth Rock
|
|-weather|Sandstorm|[upkeep]
|
|switch|p2a: Excadrill|Excadrill, F|254\/362
|-damage|p2a: Excadrill|243\/362|[from] Stealth Rock
|turn|12
|
|move|p2a: Excadrill|Rapid Spin|p1a: Scizor
|-resisted|p1a: Scizor
|-damage|p1a: Scizor|229\/281
|-sideend|p2: shakalakaboom|Stealth Rock|[from] move: Rapid Spin|[of] p2a: Excadrill
|-damage|p2a: Excadrill|207\/362|[from] item: Life Orb
|move|p1a: Scizor|Superpower|p2a: Excadrill
|-supereffective|p2a: Excadrill
|-damage|p2a: Excadrill|0 fnt
|-unboost|p1a: Scizor|atk|1
|-unboost|p1a: Scizor|def|1
|-damage|p1a: Scizor|201\/281|[from] item: Life Orb
|faint|p2a: Excadrill
|
|-weather|Sandstorm|[upkeep]
|
|switch|p2a: Greninja|Greninja, M|161\/286
|turn|13
|
|move|p1a: Scizor|Bullet Punch|p2a: Greninja
|-resisted|p2a: Greninja
|-damage|p2a: Greninja|86\/286
|-damage|p1a: Scizor|173\/281|[from] item: Life Orb
|move|p2a: Greninja|Hidden Power|p1a: Scizor
|-start|p2a: Greninja|typechange|Fire|[from] Protean
|-supereffective|p1a: Scizor
|-damage|p1a: Scizor|0 fnt
|-damage|p2a: Greninja|58\/286|[from] item: Life Orb
|faint|p1a: Scizor
|
|-weather|Sandstorm|[upkeep]
|-damage|p2a: Greninja|41\/286|[from] sandstorm
|
|switch|p1a: Landorus-Therian|Landorus-Therian, M|206\/319
|-damage|p1a: Landorus-Therian|167\/319|[from] Stealth Rock
|-ability|p1a: Landorus-Therian|Intimidate|[of] p2a: Greninja
|-unboost|p2a: Greninja|atk|1
|turn|14
|
|switch|p2a: Pinsir|Pinsir-Mega, M|105\/272
|move|p1a: Landorus-Therian|Stone Edge|p2a: Pinsir
|-supereffective|p2a: Pinsir
|-damage|p2a: Pinsir|0 fnt
|faint|p2a: Pinsir
|
|-weather|none
|
|switch|p2a: Talonflame|Talonflame, M|298\/298
|turn|15
|
|switch|p1a: Skarmory|Skarmory, M|252\/327
|-damage|p1a: Skarmory|212\/327|[from] Stealth Rock
|move|p2a: Talonflame|Flare Blitz|p1a: Skarmory
|-supereffective|p1a: Skarmory
|-damage|p1a: Skarmory|0 fnt
|-damage|p2a: Talonflame|249\/298|[from] item: Rocky Helmet|[of] p1a: Skarmory
|-damage|p2a: Talonflame|179\/298|[from] recoil|[of] p1a: Skarmory
|faint|p1a: Skarmory
|
|
|switch|p1a: Landorus-Therian|Landorus-Therian, M|167\/319
|-damage|p1a: Landorus-Therian|128\/319|[from] Stealth Rock
|-ability|p1a: Landorus-Therian|Intimidate|[of] p2a: Talonflame
|-unboost|p2a: Talonflame|atk|1
|turn|16
|
|switch|p2a: Greninja|Greninja, M|41\/286
|move|p1a: Landorus-Therian|Stone Edge|p2a: Greninja
|-damage|p2a: Greninja|0 fnt
|faint|p2a: Greninja
|
|
|switch|p2a: Talonflame|Talonflame, M|179\/298
|turn|17
|
|move|p2a: Talonflame|Brave Bird|p1a: Landorus-Therian
|-damage|p1a: Landorus-Therian|0 fnt
|-damage|p2a: Talonflame|137\/298|[from] recoil|[of] p1a: Landorus-Therian
|faint|p1a: Landorus-Therian
|
|
|switch|p1a: Latios|Latios, M, shiny|301\/301
|-damage|p1a: Latios|264\/301|[from] Stealth Rock
|turn|18
|
|move|p2a: Talonflame|Brave Bird|p1a: Latios
|-damage|p1a: Latios|0 fnt
|-damage|p2a: Talonflame|50\/298|[from] recoil|[of] p1a: Latios
|faint|p1a: Latios
|
|
|switch|p1a: Greninja|Greninja, F, shiny|285\/285
|-damage|p1a: Greninja|250\/285|[from] Stealth Rock
|turn|19
|
|move|p2a: Talonflame|Brave Bird|p1a: Greninja
|-damage|p1a: Greninja|0 fnt
|-damage|p2a: Talonflame|0 fnt|[from] recoil|[of] p1a: Greninja
|faint|p1a: Greninja
|faint|p2a: Talonflame
|
|win|shakalakaboom
|raw|Ladder updating...
|raw|iDestructioNx's rating: 1748 &rarr; <strong>1725<\/strong><br \/>(-23 for losing)
|raw|shakalakaboom's rating: 1697 &rarr; <strong>1720<\/strong><br \/>(+23 for winning)
|leave|iDestructioNx
|player|p1
|c|âshakalakaboom|mbiiitch]