|join|stall for you
|join|iDestructioNx
|player|p1|stall for you|102
|player|p2|iDestructioNx|101
|gametype|singles
|gen|6
|tier|OU
|rated
|clearpoke
|poke|p1|Bisharp, M
|poke|p1|Medicham, M
|poke|p1|Landorus-Therian, M
|poke|p1|Heatran, F
|poke|p1|Rotom-Wash
|poke|p1|Ferrothorn, M
|poke|p2|Charizard, M, shiny
|poke|p2|Tyranitar, M, shiny
|poke|p2|Landorus-Therian, M
|poke|p2|Suicune, shiny
|poke|p2|Skarmory, M
|poke|p2|Latias, F
|rule|Swagger Clause: Swagger is banned
|rule|Baton Pass Clause: Limit one PokÃ©mon knowing Baton Pass
|rule|Sleep Clause Mod: Limit one foe put to sleep
|rule|Species Clause: Limit one of each PokÃ©mon
|rule|OHKO Clause: OHKO moves are banned
|rule|Moody Clause: Moody is banned
|rule|Evasion Moves Clause: Evasion moves are banned
|rule|Endless Battle Clause: Forcing endless battles is banned
|rule|HP Percentage Mod: HP is shown in percentages
|teampreview
|
|start
|switch|p1a: Landorus-Therian|Landorus-Therian, M|319\/319
|switch|p2a: Charizard|Charizard, M, shiny|297\/297
|-ability|p1a: Landorus-Therian|Intimidate|[of] p2a: Charizard
|-unboost|p2a: Charizard|atk|1
|turn|1
|join|MyWay21
|
|detailschange|p2a: Charizard|Charizard-Mega-Y, M, shiny
|message|Charizard has Mega Evolved into Mega Charizard!
|-weather|SunnyDay
|move|p1a: Landorus-Therian|U-turn|p2a: Charizard
|-resisted|p2a: Charizard
|-damage|p2a: Charizard|268\/297
|
|switch|p1a: Heatran|Heatran, F|386\/386
|move|p2a: Charizard|Fire Blast|p1a: Heatran
|-start|p1a: Heatran|ability: Flash Fire
|
|-weather|SunnyDay|[upkeep]
|turn|2
|
|move|p2a: Charizard|Focus Blast|p1a: Heatran
|-supereffective|p1a: Heatran
|-damage|p1a: Heatran|144\/386
|move|p1a: Heatran|Toxic|p2a: Charizard
|-status|p2a: Charizard|tox
|
|-weather|SunnyDay|[upkeep]
|-heal|p1a: Heatran|168\/386|[from] item: Leftovers
|-damage|p2a: Charizard|250\/297 tox|[from] psn
|turn|3
|
|move|p1a: Heatran|Protect|p1a: Heatran
|-singleturn|p1a: Heatran|Protect
|move|p2a: Charizard|Focus Blast|p1a: Heatran
|-activate|p1a: Heatran|Protect
|
|-weather|SunnyDay|[upkeep]
|-heal|p1a: Heatran|192\/386|[from] item: Leftovers
|-damage|p2a: Charizard|214\/297 tox|[from] psn
|turn|4
|
|switch|p1a: Rotom-Wash|Rotom-Wash|304\/304
|move|p2a: Charizard|Focus Blast|p1a: Rotom-Wash
|-damage|p1a: Rotom-Wash|130\/304
|
|-weather|SunnyDay|[upkeep]
|-heal|p1a: Rotom-Wash|149\/304|[from] item: Leftovers
|-damage|p2a: Charizard|160\/297 tox|[from] psn
|turn|5
|
|switch|p1a: Heatran|Heatran, F|192\/386
|move|p2a: Charizard|Focus Blast|p1a: Heatran
|-supereffective|p1a: Heatran
|-damage|p1a: Heatran|0 fnt
|faint|p1a: Heatran
|
|-weather|none
|-damage|p2a: Charizard|88\/297 tox|[from] psn
|
|switch|p1a: Medicham|Medicham, M|261\/261
|turn|6
|
|detailschange|p1a: Medicham|Medicham-Mega, M
|message|Medicham has Mega Evolved into Mega Medicham!
|move|p1a: Medicham|Fake Out|p2a: Charizard
|-damage|p2a: Charizard|0 fnt
|faint|p2a: Charizard
|
|leave|MyWay21
|
|switch|p2a: Landorus-Therian|Landorus-Therian, M|319\/319
|-ability|p2a: Landorus-Therian|Intimidate|[of] p1a: Medicham
|-unboost|p1a: Medicham|atk|1
|turn|7
|
|switch|p1a: Rotom-Wash|Rotom-Wash|149\/304
|move|p2a: Landorus-Therian|Knock Off|p1a: Rotom-Wash
|-damage|p1a: Rotom-Wash|56\/304
|-enditem|p1a: Rotom-Wash|Leftovers|[from] move: Knock Off|[of] p2a: Landorus-Therian
|
|turn|8
|
|move|p2a: Landorus-Therian|Knock Off|p1a: Rotom-Wash
|-damage|p1a: Rotom-Wash|0 fnt
|faint|p1a: Rotom-Wash
|
|
|switch|p1a: Bisharp|Bisharp, M|271\/271
|turn|9
|
|switch|p2a: Skarmory|Skarmory, M|323\/323
|move|p1a: Bisharp|Swords Dance|p1a: Bisharp
|-boost|p1a: Bisharp|atk|2
|
|turn|10
|
|move|p1a: Bisharp|Knock Off|p2a: Skarmory
|-damage|p2a: Skarmory|86\/323
|-enditem|p2a: Skarmory|Leftovers|[from] move: Knock Off|[of] p1a: Bisharp
|move|p2a: Skarmory|Whirlwind|p1a: Bisharp
|drag|p1a: Ferrothorn|Ferrothorn, M|352\/352
|
|turn|11
|
|move|p2a: Skarmory|Stealth Rock|p1a: Ferrothorn
|-sidestart|p1: stall for you|move: Stealth Rock
|move|p1a: Ferrothorn|Leech Seed|p2a: Skarmory
|-start|p2a: Skarmory|move: Leech Seed
|
|-damage|p2a: Skarmory|46\/323|[from] Leech Seed|[of] p1a: Ferrothorn
|turn|12
|
|move|p2a: Skarmory|Roost|p2a: Skarmory
|-heal|p2a: Skarmory|208\/323
|move|p1a: Ferrothorn|Spikes|p2a: Skarmory
|-sidestart|p2: iDestructioNx|Spikes
|
|-damage|p2a: Skarmory|168\/323|[from] Leech Seed|[of] p1a: Ferrothorn
|turn|13
|
|move|p2a: Skarmory|Roost|p2a: Skarmory
|-heal|p2a: Skarmory|323\/323
|move|p1a: Ferrothorn|Leech Seed|p2a: Skarmory
|-fail|p2a: Skarmory
|
|-damage|p2a: Skarmory|283\/323|[from] Leech Seed|[of] p1a: Ferrothorn
|turn|14
|
|switch|p2a: Suicune|Suicune, shiny|404\/404
|-damage|p2a: Suicune|354\/404|[from] Spikes
|-ability|p2a: Suicune|Pressure
|move|p1a: Ferrothorn|Leech Seed|p2a: Suicune
|-start|p2a: Suicune|move: Leech Seed
|
|-heal|p2a: Suicune|379\/404|[from] item: Leftovers
|-damage|p2a: Suicune|329\/404|[from] Leech Seed|[of] p1a: Ferrothorn
|turn|15
|
|switch|p2a: Tyranitar|Tyranitar, M, shiny|341\/341
|-damage|p2a: Tyranitar|299\/341|[from] Spikes
|-weather|Sandstorm
|move|p1a: Ferrothorn|Spikes|p2a: Tyranitar
|-sidestart|p2: iDestructioNx|Spikes
|
|-weather|Sandstorm|[upkeep]
|turn|16
|
|move|p1a: Ferrothorn|Protect|p1a: Ferrothorn
|-singleturn|p1a: Ferrothorn|Protect
|move|p2a: Tyranitar|Earthquake|p1a: Ferrothorn
|-activate|p1a: Ferrothorn|Protect
|
|-weather|Sandstorm|[upkeep]
|turn|17
|
|move|p2a: Tyranitar|Fire Punch|p1a: Ferrothorn
|-supereffective|p1a: Ferrothorn
|-damage|p1a: Ferrothorn|100\/352
|-damage|p2a: Tyranitar|257\/341|[from] ability: Iron Barbs|[of] p1a: Ferrothorn
|-status|p1a: Ferrothorn|brn
|move|p1a: Ferrothorn|Leech Seed|p2a: Tyranitar
|-start|p2a: Tyranitar|move: Leech Seed
|
|-weather|Sandstorm|[upkeep]
|-heal|p1a: Ferrothorn|122\/352 brn|[from] item: Leftovers
|-damage|p2a: Tyranitar|215\/341|[from] Leech Seed|[of] p1a: Ferrothorn
|-heal|p1a: Ferrothorn|164\/352 brn|[silent]
|-damage|p1a: Ferrothorn|120\/352 brn|[from] brn
|turn|18
|
|switch|p2a: Latias|Latias, F|301\/301
|move|p1a: Ferrothorn|Leech Seed|p2a: Latias
|-start|p2a: Latias|move: Leech Seed
|
|-weather|Sandstorm|[upkeep]
|-damage|p2a: Latias|283\/301|[from] sandstorm
|-heal|p1a: Ferrothorn|142\/352 brn|[from] item: Leftovers
|-damage|p2a: Latias|246\/301|[from] Leech Seed|[of] p1a: Ferrothorn
|-heal|p1a: Ferrothorn|179\/352 brn|[silent]
|-damage|p1a: Ferrothorn|135\/352 brn|[from] brn
|turn|19
|
|move|p2a: Latias|Draco Meteor|p1a: Ferrothorn
|-resisted|p1a: Ferrothorn
|-damage|p1a: Ferrothorn|18\/352 brn
|-unboost|p2a: Latias|spa|2
|-damage|p2a: Latias|216\/301|[from] item: Life Orb
|move|p1a: Ferrothorn|Leech Seed|p2a: Latias
|-fail|p2a: Latias
|
|-weather|none
|-heal|p1a: Ferrothorn|40\/352 brn|[from] item: Leftovers
|-damage|p2a: Latias|179\/301|[from] Leech Seed|[of] p1a: Ferrothorn
|-heal|p1a: Ferrothorn|77\/352 brn|[silent]
|-damage|p1a: Ferrothorn|33\/352 brn|[from] brn
|turn|20
|
|move|p2a: Latias|Defog|p1a: Ferrothorn
|-unboost|p1a: Ferrothorn|evasion|1
|-sideend|p1: stall for you|Stealth Rock|[from] move: Defog|[of] p1a: Ferrothorn
|-sideend|p2: iDestructioNx|Spikes|[from] move: Defog|[of] p2a: Latias
|move|p1a: Ferrothorn|Gyro Ball|p2a: Latias
|-damage|p2a: Latias|89\/301
|
|-heal|p1a: Ferrothorn|55\/352 brn|[from] item: Leftovers
|-damage|p2a: Latias|52\/301|[from] Leech Seed|[of] p1a: Ferrothorn
|-heal|p1a: Ferrothorn|92\/352 brn|[silent]
|-damage|p1a: Ferrothorn|48\/352 brn|[from] brn
|turn|21
|
|switch|p2a: Landorus-Therian|Landorus-Therian, M|319\/319
|-ability|p2a: Landorus-Therian|Intimidate|[of] p1a: Ferrothorn
|-unboost|p1a: Ferrothorn|atk|1
|move|p1a: Ferrothorn|Leech Seed|p2a: Landorus-Therian
|-start|p2a: Landorus-Therian|move: Leech Seed
|
|-heal|p1a: Ferrothorn|70\/352 brn|[from] item: Leftovers
|-damage|p2a: Landorus-Therian|280\/319|[from] Leech Seed|[of] p1a: Ferrothorn
|-heal|p1a: Ferrothorn|109\/352 brn|[silent]
|-damage|p1a: Ferrothorn|65\/352 brn|[from] brn
|turn|22
|
|switch|p2a: Skarmory|Skarmory, M|283\/323
|move|p1a: Ferrothorn|Leech Seed|p2a: Skarmory
|-start|p2a: Skarmory|move: Leech Seed
|
|-heal|p1a: Ferrothorn|87\/352 brn|[from] item: Leftovers
|-damage|p2a: Skarmory|243\/323|[from] Leech Seed|[of] p1a: Ferrothorn
|-heal|p1a: Ferrothorn|127\/352 brn|[silent]
|-damage|p1a: Ferrothorn|83\/352 brn|[from] brn
|turn|23
|
|move|p2a: Skarmory|Stealth Rock|p1a: Ferrothorn
|-sidestart|p1: stall for you|move: Stealth Rock
|move|p1a: Ferrothorn|Spikes|p2a: Skarmory
|-sidestart|p2: iDestructioNx|Spikes
|
|-heal|p1a: Ferrothorn|105\/352 brn|[from] item: Leftovers
|-damage|p2a: Skarmory|203\/323|[from] Leech Seed|[of] p1a: Ferrothorn
|-heal|p1a: Ferrothorn|145\/352 brn|[silent]
|-damage|p1a: Ferrothorn|101\/352 brn|[from] brn
|turn|24
|
|move|p2a: Skarmory|Roost|p2a: Skarmory
|-heal|p2a: Skarmory|323\/323
|move|p1a: Ferrothorn|Leech Seed|p2a: Skarmory
|-fail|p2a: Skarmory
|
|-heal|p1a: Ferrothorn|123\/352 brn|[from] item: Leftovers
|-damage|p2a: Skarmory|283\/323|[from] Leech Seed|[of] p1a: Ferrothorn
|-heal|p1a: Ferrothorn|163\/352 brn|[silent]
|-damage|p1a: Ferrothorn|119\/352 brn|[from] brn
|turn|25
|
|switch|p2a: Landorus-Therian|Landorus-Therian, M|280\/319
|-ability|p2a: Landorus-Therian|Intimidate|[of] p1a: Ferrothorn
|-unboost|p1a: Ferrothorn|atk|1
|move|p1a: Ferrothorn|Spikes|p2a: Landorus-Therian
|-sidestart|p2: iDestructioNx|Spikes
|
|-heal|p1a: Ferrothorn|141\/352 brn|[from] item: Leftovers
|-damage|p1a: Ferrothorn|97\/352 brn|[from] brn
|turn|26
|
|move|p2a: Landorus-Therian|Earthquake|p1a: Ferrothorn
|-damage|p1a: Ferrothorn|0 fnt
|faint|p1a: Ferrothorn
|
|
|switch|p1a: Landorus-Therian|Landorus-Therian, M|319\/319
|-damage|p1a: Landorus-Therian|280\/319|[from] Stealth Rock
|-ability|p1a: Landorus-Therian|Intimidate|[of] p2a: Landorus-Therian
|-unboost|p2a: Landorus-Therian|atk|1
|turn|27
|
|switch|p2a: Skarmory|Skarmory, M|283\/323
|move|p1a: Landorus-Therian|Knock Off|p2a: Skarmory
|-damage|p2a: Skarmory|229\/323
|
|turn|28
|
|switch|p1a: Bisharp|Bisharp, M|271\/271
|-damage|p1a: Bisharp|255\/271|[from] Stealth Rock
|move|p2a: Skarmory|Roost|p2a: Skarmory
|-heal|p2a: Skarmory|323\/323
|
|turn|29
|
|move|p1a: Bisharp|Swords Dance|p1a: Bisharp
|-boost|p1a: Bisharp|atk|2
|move|p2a: Skarmory|Whirlwind|p1a: Bisharp
|drag|p1a: Medicham|Medicham-Mega, M|261\/261
|-damage|p1a: Medicham|245\/261|[from] Stealth Rock
|
|turn|30
|
|switch|p1a: Landorus-Therian|Landorus-Therian, M|280\/319
|-damage|p1a: Landorus-Therian|241\/319|[from] Stealth Rock
|-ability|p1a: Landorus-Therian|Intimidate|[of] p2a: Skarmory
|-unboost|p2a: Skarmory|atk|1
|move|p2a: Skarmory|Brave Bird|p1a: Landorus-Therian
|-damage|p1a: Landorus-Therian|139\/319
|-damage|p2a: Skarmory|289\/323|[from] recoil|[of] p1a: Landorus-Therian
|
|turn|31
|
|move|p1a: Landorus-Therian|U-turn|p2a: Skarmory
|-resisted|p2a: Skarmory
|-damage|p2a: Skarmory|275\/323
|
|switch|p1a: Bisharp|Bisharp, M|255\/271
|-damage|p1a: Bisharp|239\/271|[from] Stealth Rock
|move|p2a: Skarmory|Brave Bird|p1a: Bisharp
|-resisted|p1a: Bisharp
|-damage|p1a: Bisharp|197\/271
|-damage|p2a: Skarmory|261\/323|[from] recoil|[of] p1a: Bisharp
|
|turn|32
|
|move|p1a: Bisharp|Knock Off|p2a: Skarmory
|-damage|p2a: Skarmory|177\/323
|move|p2a: Skarmory|Whirlwind|p1a: Bisharp
|drag|p1a: Medicham|Medicham-Mega, M|245\/261
|-damage|p1a: Medicham|229\/261|[from] Stealth Rock
|
|turn|33
|
|move|p1a: Medicham|High Jump Kick|p2a: Skarmory
|-damage|p2a: Skarmory|0 fnt
|faint|p2a: Skarmory
|
|
|switch|p2a: Latias|Latias, F|52\/301
|turn|34
|
|switch|p2a: Suicune|Suicune, shiny|329\/404
|-damage|p2a: Suicune|262\/404|[from] Spikes
|-ability|p2a: Suicune|Pressure
|switch|p1a: Bisharp|Bisharp, M|197\/271
|-damage|p1a: Bisharp|181\/271|[from] Stealth Rock
|
|-heal|p2a: Suicune|287\/404|[from] item: Leftovers
|turn|35
|
|move|p1a: Bisharp|Swords Dance|p1a: Bisharp
|-boost|p1a: Bisharp|atk|2
|move|p2a: Suicune|Scald|p1a: Bisharp
|-damage|p1a: Bisharp|75\/271
|
|-heal|p2a: Suicune|312\/404|[from] item: Leftovers
|turn|36
|
|move|p1a: Bisharp|Knock Off|p2a: Suicune
|-damage|p2a: Suicune|36\/404
|-enditem|p2a: Suicune|Leftovers|[from] move: Knock Off|[of] p1a: Bisharp
|move|p2a: Suicune|Scald|p1a: Bisharp
|-damage|p1a: Bisharp|0 fnt
|faint|p1a: Bisharp
|
|
|switch|p1a: Medicham|Medicham-Mega, M|229\/261
|-damage|p1a: Medicham|213\/261|[from] Stealth Rock
|turn|37
|
|move|p1a: Medicham|Fake Out|p2a: Suicune
|-damage|p2a: Suicune|0 fnt
|faint|p2a: Suicune
|
|
|switch|p2a: Landorus-Therian|Landorus-Therian, M|280\/319
|-ability|p2a: Landorus-Therian|Intimidate|[of] p1a: Medicham
|-unboost|p1a: Medicham|atk|1
|turn|38
|
|move|p2a: Landorus-Therian|Rock Slide|p1a: Medicham
|-resisted|p1a: Medicham
|-damage|p1a: Medicham|155\/261
|move|p1a: Medicham|Ice Punch|p2a: Landorus-Therian
|-crit|p2a: Landorus-Therian
|-supereffective|p2a: Landorus-Therian
|-damage|p2a: Landorus-Therian|0 fnt
|faint|p2a: Landorus-Therian
|
|
|switch|p2a: Latias|Latias, F|52\/301
|turn|39
|
|move|p2a: Latias|Draco Meteor|p1a: Medicham
|-damage|p1a: Medicham|0 fnt
|-unboost|p2a: Latias|spa|2
|-damage|p2a: Latias|22\/301|[from] item: Life Orb
|faint|p1a: Medicham
|
|
|switch|p1a: Landorus-Therian|Landorus-Therian, M|139\/319
|-damage|p1a: Landorus-Therian|100\/319|[from] Stealth Rock
|-ability|p1a: Landorus-Therian|Intimidate|[of] p2a: Latias
|-unboost|p2a: Latias|atk|1
|turn|40
|
|move|p1a: Landorus-Therian|U-turn|p2a: Latias
|-supereffective|p2a: Latias
|-damage|p2a: Latias|0 fnt
|faint|p2a: Latias
|
|
|switch|p2a: Tyranitar|Tyranitar, M, shiny|215\/341
|-damage|p2a: Tyranitar|159\/341|[from] Spikes
|-weather|Sandstorm
|turn|41
|
|move|p1a: Landorus-Therian|U-turn|p2a: Tyranitar
|-supereffective|p2a: Tyranitar
|-damage|p2a: Tyranitar|0 fnt
|faint|p2a: Tyranitar
|
|win|stall for you
|raw|Ladder updating...
|raw|stall for you's rating: 1804 &rarr; <strong>1823<\/strong><br \/>(+19 for winning)
|raw|iDestructioNx's rating: 1780 &rarr; <strong>1762<\/strong><br \/>(-18 for losing)