|join|AxelTestingShit
|join|iDestructioNx
|player|p1|AxelTestingShit|283
|player|p2|iDestructioNx|1
|gametype|singles
|gen|6
|tier|OU
|rated
|clearpoke
|poke|p1|Tyranitar, F
|poke|p1|Excadrill, M
|poke|p1|Greninja, F
|poke|p1|Pinsir, M
|poke|p1|Talonflame, M
|poke|p1|Dragonite, M
|poke|p2|Gyarados, M, shiny
|poke|p2|Skarmory, F
|poke|p2|Latios, M, shiny
|poke|p2|Landorus-Therian, M
|poke|p2|Greninja, F, shiny
|poke|p2|Scizor, F
|rule|Swagger Clause: Swagger is banned
|rule|Baton Pass Clause: Limit one PokÃ©mon knowing Baton Pass
|rule|Sleep Clause Mod: Limit one foe put to sleep
|rule|Species Clause: Limit one of each PokÃ©mon
|rule|OHKO Clause: OHKO moves are banned
|rule|Moody Clause: Moody is banned
|rule|Evasion Moves Clause: Evasion moves are banned
|rule|Endless Battle Clause: Forcing endless battles is banned
|rule|HP Percentage Mod: HP is shown in percentages
|teampreview
|
|start
|switch|p1a: 1|Tyranitar, F|341\/341
|switch|p2a: Landorus-Therian|Landorus-Therian, M|319\/319
|-ability|p2a: Landorus-Therian|Intimidate|[of] p1a: 1
|-unboost|p1a: 1|atk|1
|-weather|Sandstorm
|turn|1
|c|âiDestructioNx|run this shit pussy!!!!
|
|move|p2a: Landorus-Therian|Earthquake|p1a: 1
|-supereffective|p1a: 1
|-enditem|p1a: 1|Focus Sash
|-damage|p1a: 1|1\/341
|move|p1a: 1|Stealth Rock|p2a: Landorus-Therian
|-sidestart|p2: iDestructioNx|move: Stealth Rock
|
|-weather|Sandstorm|[upkeep]
|turn|2
|
|switch|p1a: 5|Talonflame, M|297\/297
|move|p2a: Landorus-Therian|Earthquake|p1a: 5
|-immune|p1a: 5|[msg]
|
|-weather|Sandstorm|[upkeep]
|-damage|p1a: 5|279\/297|[from] sandstorm
|turn|3
|
|switch|p2a: Skarmory|Skarmory, F|327\/327
|-damage|p2a: Skarmory|287\/327|[from] Stealth Rock
|move|p1a: 5|U-turn|p2a: Skarmory
|-resisted|p2a: Skarmory
|-damage|p2a: Skarmory|272\/327
|-damage|p1a: 5|230\/297|[from] item: Rocky Helmet|[of] p2a: Skarmory
|
|switch|p1a: 1|Tyranitar, F|1\/341
|
|-weather|Sandstorm|[upkeep]
|turn|4
|
|move|p1a: 1|Fire Blast|p2a: Skarmory|[miss]
|-miss|p1a: 1|p2a: Skarmory
|move|p2a: Skarmory|Defog|p1a: 1
|-unboost|p1a: 1|evasion|1
|-sideend|p2: iDestructioNx|Stealth Rock|[from] move: Defog|[of] p2a: Skarmory
|
|-weather|Sandstorm|[upkeep]
|turn|5
|
|move|p1a: 1|Stealth Rock|p2a: Skarmory
|-sidestart|p2: iDestructioNx|move: Stealth Rock
|move|p2a: Skarmory|Stealth Rock|p1a: 1
|-sidestart|p1: AxelTestingShit|move: Stealth Rock
|
|-weather|none
|turn|6
|join|RataDel2006
|
|switch|p2a: Latios|Latios, M, shiny|301\/301
|-damage|p2a: Latios|264\/301|[from] Stealth Rock
|move|p1a: 1|Fire Blast|p2a: Latios
|-resisted|p2a: Latios
|-damage|p2a: Latios|216\/301
|
|turn|7
|
|move|p2a: Latios|Hidden Power|p1a: 1
|-resisted|p1a: 1
|-damage|p1a: 1|0 fnt
|-damage|p2a: Latios|186\/301|[from] item: Life Orb
|faint|p1a: 1
|
|
|switch|p1a: 3|Greninja, F|286\/286
|-damage|p1a: 3|251\/286|[from] Stealth Rock
|turn|8
|
|move|p1a: 3|Ice Beam|p2a: Latios
|-start|p1a: 3|typechange|Ice|[from] Protean
|-crit|p2a: Latios
|-supereffective|p2a: Latios
|-damage|p2a: Latios|0 fnt
|-damage|p1a: 3|223\/286|[from] item: Life Orb
|faint|p2a: Latios
|
|
|switch|p2a: Scizor|Scizor, F|281\/281
|-damage|p2a: Scizor|246\/281|[from] Stealth Rock
|turn|9
|
|switch|p1a: 2|Excadrill, M|361\/361
|-damage|p1a: 2|350\/361|[from] Stealth Rock
|move|p2a: Scizor|Bullet Punch|p1a: 2
|-resisted|p1a: 2
|-damage|p1a: 2|243\/361
|-damage|p2a: Scizor|218\/281|[from] item: Life Orb
|
|turn|10
|
|move|p1a: 2|Rapid Spin|p2a: Scizor
|-resisted|p2a: Scizor
|-damage|p2a: Scizor|201\/281
|-sideend|p1: AxelTestingShit|Stealth Rock|[from] move: Rapid Spin|[of] p1a: 2
|-damage|p1a: 2|207\/361|[from] item: Life Orb
|move|p2a: Scizor|Superpower|p1a: 2
|-supereffective|p1a: 2
|-damage|p1a: 2|0 fnt
|-unboost|p2a: Scizor|atk|1
|-unboost|p2a: Scizor|def|1
|-damage|p2a: Scizor|173\/281|[from] item: Life Orb
|faint|p1a: 2
|
|
|switch|p1a: 5|Talonflame, M|230\/297
|turn|11
|
|move|p1a: 5|Flare Blitz|p2a: Scizor
|-supereffective|p2a: Scizor
|-damage|p2a: Scizor|0 fnt
|-damage|p1a: 5|173\/297|[from] recoil|[of] p2a: Scizor
|faint|p2a: Scizor
|
|
|switch|p2a: Landorus-Therian|Landorus-Therian, M|319\/319
|-damage|p2a: Landorus-Therian|280\/319|[from] Stealth Rock
|-ability|p2a: Landorus-Therian|Intimidate|[of] p1a: 5
|-unboost|p1a: 5|atk|1
|turn|12
|
|move|p2a: Landorus-Therian|Stone Edge|p1a: 5
|-supereffective|p1a: 5
|-damage|p1a: 5|0 fnt
|faint|p1a: 5
|
|
|switch|p1a: 3|Greninja, F|223\/286
|turn|13
|
|move|p2a: Landorus-Therian|Stone Edge|p1a: 3|[miss]
|-miss|p2a: Landorus-Therian|p1a: 3
|move|p1a: 3|Ice Beam|p2a: Landorus-Therian
|-start|p1a: 3|typechange|Ice|[from] Protean
|-supereffective|p2a: Landorus-Therian
|-damage|p2a: Landorus-Therian|0 fnt
|-damage|p1a: 3|195\/286|[from] item: Life Orb
|faint|p2a: Landorus-Therian
|
|
|switch|p2a: Gyarados|Gyarados, M, shiny|331\/331
|-damage|p2a: Gyarados|249\/331|[from] Stealth Rock
|-ability|p2a: Gyarados|Intimidate|[of] p1a: 3
|-unboost|p1a: 3|atk|1
|turn|14
|
|detailschange|p2a: Gyarados|Gyarados-Mega, M, shiny
|message|Gyarados has Mega Evolved into Mega Gyarados!
|-ability|p2a: Gyarados|Mold Breaker
|move|p1a: 3|Hidden Power|p2a: Gyarados
|-start|p1a: 3|typechange|Grass|[from] Protean
|-supereffective|p2a: Gyarados
|-damage|p2a: Gyarados|44\/331
|-damage|p1a: 3|167\/286|[from] item: Life Orb
|move|p2a: Gyarados|Dragon Dance|p2a: Gyarados
|-boost|p2a: Gyarados|atk|1
|-boost|p2a: Gyarados|spe|1
|
|turn|15
|
|move|p2a: Gyarados|Earthquake|p1a: 3
|-resisted|p1a: 3
|-damage|p1a: 3|11\/286
|move|p1a: 3|Hidden Power|p2a: Gyarados
|-supereffective|p2a: Gyarados
|-damage|p2a: Gyarados|0 fnt
|-damage|p1a: 3|0 fnt|[from] item: Life Orb
|faint|p2a: Gyarados
|faint|p1a: 3
|
|
|switch|p1a: 6|Dragonite, M|323\/323
|switch|p2a: Skarmory|Skarmory, F|272\/327
|-damage|p2a: Skarmory|232\/327|[from] Stealth Rock
|turn|16
|
|move|p1a: 6|Fire Punch|p2a: Skarmory
|-supereffective|p2a: Skarmory
|-damage|p2a: Skarmory|50\/327
|-damage|p1a: 6|270\/323|[from] item: Rocky Helmet|[of] p2a: Skarmory
|move|p2a: Skarmory|Brave Bird|p1a: 6
|-crit|p1a: 6
|-damage|p1a: 6|87\/323
|-damage|p2a: Skarmory|0 fnt|[from] recoil|[of] p1a: 6
|faint|p2a: Skarmory
|
|c|âiDestructioNx|AxelTestingDick
|
|switch|p2a: Greninja|Greninja, F, shiny|285\/285
|-damage|p2a: Greninja|250\/285|[from] Stealth Rock
|turn|17
|c|âiDestructioNx|lol
|-message|AxelTestingShit lost due to inactivity.
|
|win|iDestructioNx
|raw|Ladder updating...
|c|âiDestructioNx|ez
|raw|AxelTestingShit's rating: 1731 &rarr; <strong>1711<\/strong><br \/>(-20 for losing)
|raw|iDestructioNx's rating: 1732 &rarr; <strong>1752<\/strong><br \/>(+20 for winning)
|leave|iDestructioNx
|player|p2