|join|iDestructioNx
|join|Giorgio Bin Laden
|player|p1|iDestructioNx|102
|player|p2|Giorgio Bin Laden|15
|gametype|singles
|gen|6
|tier|OU
|rated
|clearpoke
|poke|p1|Charizard, M, shiny
|poke|p1|Tyranitar, M, shiny
|poke|p1|Landorus-Therian, M
|poke|p1|Suicune, shiny
|poke|p1|Skarmory, M
|poke|p1|Latios, M, shiny
|poke|p2|Umbreon, F, shiny
|poke|p2|Scizor, M
|poke|p2|Garchomp, F
|poke|p2|Conkeldurr, M
|poke|p2|Slowbro, F
|poke|p2|Venusaur, F
|rule|Swagger Clause: Swagger is banned
|rule|Baton Pass Clause: Limit one PokÃ©mon knowing Baton Pass
|rule|Sleep Clause Mod: Limit one foe put to sleep
|rule|Species Clause: Limit one of each PokÃ©mon
|rule|OHKO Clause: OHKO moves are banned
|rule|Moody Clause: Moody is banned
|rule|Evasion Moves Clause: Evasion moves are banned
|rule|Endless Battle Clause: Forcing endless battles is banned
|rule|HP Percentage Mod: HP is shown in percentages
|teampreview
|
|start
|switch|p1a: Landorus-Therian|Landorus-Therian, M|319\/319
|switch|p2a: Garchomp|Garchomp, F|358\/358
|-ability|p1a: Landorus-Therian|Intimidate|[of] p2a: Garchomp
|-unboost|p2a: Garchomp|atk|1
|turn|1
|
|move|p1a: Landorus-Therian|Earthquake|p2a: Garchomp
|-crit|p2a: Garchomp
|-damage|p2a: Garchomp|24\/358
|move|p2a: Garchomp|Stealth Rock|p1a: Landorus-Therian
|-sidestart|p1: iDestructioNx|move: Stealth Rock
|
|-heal|p2a: Garchomp|46\/358|[from] item: Leftovers
|turn|2
|
|switch|p2a: Slowbro|Slowbro, F|394\/394
|move|p1a: Landorus-Therian|Earthquake|p2a: Slowbro
|-damage|p2a: Slowbro|244\/394
|
|-heal|p2a: Slowbro|268\/394|[from] item: Leftovers
|turn|3
|
|switch|p1a: Latios|Latios, M, shiny|301\/301
|-damage|p1a: Latios|264\/301|[from] Stealth Rock
|move|p2a: Slowbro|Thunder Wave|p1a: Latios
|-status|p1a: Latios|par
|
|-heal|p2a: Slowbro|292\/394|[from] item: Leftovers
|turn|4
|
|switch|p2a: Scizor|Scizor, M|344\/344
|cant|p1a: Latios|par
|
|turn|5
|
|switch|p1a: Skarmory|Skarmory, M|323\/323
|-damage|p1a: Skarmory|283\/323|[from] Stealth Rock
|move|p2a: Scizor|Knock Off|p1a: Skarmory
|-damage|p1a: Skarmory|166\/323
|-enditem|p1a: Skarmory|Leftovers|[from] move: Knock Off|[of] p2a: Scizor
|
|turn|6
|
|switch|p2a: Garchomp|Garchomp, F|46\/358
|move|p1a: Skarmory|Stealth Rock|p2a: Garchomp
|-sidestart|p2: Giorgio Bin Laden|move: Stealth Rock
|
|-heal|p2a: Garchomp|68\/358|[from] item: Leftovers
|turn|7
|
|move|p2a: Garchomp|Swords Dance|p2a: Garchomp
|-boost|p2a: Garchomp|atk|2
|move|p1a: Skarmory|Roost|p1a: Skarmory
|-heal|p1a: Skarmory|323\/323
|
|-heal|p2a: Garchomp|90\/358|[from] item: Leftovers
|turn|8
|
|move|p2a: Garchomp|Rock Slide|p1a: Skarmory
|-damage|p1a: Skarmory|211\/323
|cant|p1a: Skarmory|flinch
|
|-heal|p2a: Garchomp|112\/358|[from] item: Leftovers
|turn|9
|
|move|p2a: Garchomp|Rock Slide|p1a: Skarmory
|-damage|p1a: Skarmory|106\/323
|cant|p1a: Skarmory|flinch
|
|-heal|p2a: Garchomp|134\/358|[from] item: Leftovers
|turn|10
|c|âGiorgio Bin Laden|lol
|c|âiDestructioNx|u haxed me 3x in a row
|c|âiDestructioNx|so i can see where the luck is
|
|switch|p1a: Landorus-Therian|Landorus-Therian, M|319\/319
|-damage|p1a: Landorus-Therian|280\/319|[from] Stealth Rock
|-ability|p1a: Landorus-Therian|Intimidate|[of] p2a: Garchomp
|-unboost|p2a: Garchomp|atk|1
|move|p2a: Garchomp|Rock Slide|p1a: Landorus-Therian
|-damage|p1a: Landorus-Therian|122\/319
|
|-heal|p2a: Garchomp|156\/358|[from] item: Leftovers
|turn|11
|
|move|p1a: Landorus-Therian|Earthquake|p2a: Garchomp
|-damage|p2a: Garchomp|0 fnt
|faint|p2a: Garchomp
|
|
|switch|p2a: Slowbro|Slowbro, F|394\/394
|-damage|p2a: Slowbro|345\/394|[from] Stealth Rock
|turn|12
|
|switch|p1a: Latios|Latios, M, shiny|264\/301 par
|-damage|p1a: Latios|227\/301 par|[from] Stealth Rock
|move|p2a: Slowbro|Scald|p1a: Latios
|-resisted|p1a: Latios
|-damage|p1a: Latios|186\/301 par
|
|-heal|p2a: Slowbro|369\/394|[from] item: Leftovers
|turn|13
|
|move|p2a: Slowbro|Foul Play|p1a: Latios
|-supereffective|p1a: Latios
|-damage|p1a: Latios|28\/301 par
|cant|p1a: Latios|par
|
|-heal|p2a: Slowbro|393\/394|[from] item: Leftovers
|turn|14
|c|âGiorgio Bin Laden|lol
|c|âGiorgio Bin Laden|you suck
|
|move|p2a: Slowbro|Foul Play|p1a: Latios
|-crit|p1a: Latios
|-supereffective|p1a: Latios
|-damage|p1a: Latios|0 fnt
|faint|p1a: Latios
|
|-heal|p2a: Slowbro|394\/394|[from] item: Leftovers
|
|switch|p1a: Suicune|Suicune, shiny|404\/404
|-damage|p1a: Suicune|354\/404|[from] Stealth Rock
|-ability|p1a: Suicune|Pressure
|turn|15
|
|switch|p2a: Venusaur|Venusaur, F|364\/364
|-damage|p2a: Venusaur|319\/364|[from] Stealth Rock
|move|p1a: Suicune|Calm Mind|p1a: Suicune
|-boost|p1a: Suicune|spa|1
|-boost|p1a: Suicune|spd|1
|
|-heal|p1a: Suicune|379\/404|[from] item: Leftovers
|turn|16
|
|detailschange|p2a: Venusaur|Venusaur-Mega, F
|message|Venusaur has Mega Evolved into Mega Venusaur!
|move|p1a: Suicune|Calm Mind|p1a: Suicune
|-boost|p1a: Suicune|spa|1
|-boost|p1a: Suicune|spd|1
|move|p2a: Venusaur|Giga Drain|p1a: Suicune
|-crit|p1a: Suicune
|-supereffective|p1a: Suicune
|-damage|p1a: Suicune|5\/404
|-heal|p2a: Venusaur|364\/364|[from] drain|[of] p1a: Suicune
|
|-heal|p1a: Suicune|30\/404|[from] item: Leftovers
|turn|17
|c|âGiorgio Bin Laden|lol
|c|âiDestructioNx|is this game serious
|
|move|p1a: Suicune|Rest|p1a: Suicune
|-status|p1a: Suicune|slp
|-heal|p1a: Suicune|404\/404 slp|[silent]
|-status|p1a: Suicune|slp|[from] move: Rest
|move|p2a: Venusaur|Giga Drain|p1a: Suicune
|-supereffective|p1a: Suicune
|-damage|p1a: Suicune|278\/404 slp
|
|-heal|p1a: Suicune|303\/404 slp|[from] item: Leftovers
|turn|18
|
|cant|p1a: Suicune|slp
|move|p1a: Suicune|Sleep Talk|p1a: Suicune
|move|p1a: Suicune|Scald|p2a: Venusaur|[from]Sleep Talk
|-crit|p2a: Venusaur
|-resisted|p2a: Venusaur
|-damage|p2a: Venusaur|250\/364
|move|p2a: Venusaur|Giga Drain|p1a: Suicune
|-supereffective|p1a: Suicune
|-damage|p1a: Suicune|187\/404 slp
|-heal|p2a: Venusaur|308\/364|[from] drain|[of] p1a: Suicune
|
|-heal|p1a: Suicune|212\/404 slp|[from] item: Leftovers
|turn|19
|
|cant|p1a: Suicune|slp
|move|p1a: Suicune|Sleep Talk|p1a: Suicune
|move|p1a: Suicune|Rest|p1a: Suicune|[from]Sleep Talk
|-fail|p1a: Suicune
|move|p2a: Venusaur|Giga Drain|p1a: Suicune
|-supereffective|p1a: Suicune
|-damage|p1a: Suicune|90\/404 slp
|-heal|p2a: Venusaur|364\/364|[from] drain|[of] p1a: Suicune
|
|-heal|p1a: Suicune|115\/404 slp|[from] item: Leftovers
|turn|20
|
|-curestatus|p1a: Suicune|slp
|move|p1a: Suicune|Rest|p1a: Suicune
|-status|p1a: Suicune|slp
|-heal|p1a: Suicune|404\/404 slp|[silent]
|-status|p1a: Suicune|slp|[from] move: Rest
|move|p2a: Venusaur|Giga Drain|p1a: Suicune
|-supereffective|p1a: Suicune
|-damage|p1a: Suicune|276\/404 slp
|
|-heal|p1a: Suicune|301\/404 slp|[from] item: Leftovers
|turn|21
|
|cant|p1a: Suicune|slp
|move|p1a: Suicune|Sleep Talk|p1a: Suicune
|move|p1a: Suicune|Calm Mind|p1a: Suicune|[from]Sleep Talk
|-boost|p1a: Suicune|spa|1
|-boost|p1a: Suicune|spd|1
|move|p2a: Venusaur|Leech Seed|p1a: Suicune
|-start|p1a: Suicune|move: Leech Seed
|
|-heal|p1a: Suicune|326\/404 slp|[from] item: Leftovers
|-damage|p1a: Suicune|276\/404 slp|[from] Leech Seed|[of] p2a: Venusaur
|turn|22
|
|cant|p1a: Suicune|slp
|move|p2a: Venusaur|Giga Drain|p1a: Suicune
|-crit|p1a: Suicune
|-supereffective|p1a: Suicune
|-damage|p1a: Suicune|0 fnt
|faint|p1a: Suicune
|
|c|âGiorgio Bin Laden|lol
|
|switch|p1a: Charizard|Charizard, M, shiny|297\/297
|-damage|p1a: Charizard|149\/297|[from] Stealth Rock
|turn|23
|c|âGiorgio Bin Laden|those suicune sets are gay anyways
|c|âiDestructioNx|dude stfu u fuckin suck
|c|âiDestructioNx|u are garbage
|c|âGiorgio Bin Laden|thatswhy you loosing
|c|âiDestructioNx|you literally have straight luck
|c|âiDestructioNx|u suck 
|c|âGiorgio Bin Laden|i may be a little lucky
|c|âiDestructioNx|trash
|c|âGiorgio Bin Laden|but your inferior to me
|
|detailschange|p1a: Charizard|Charizard-Mega-Y, M, shiny
|message|Charizard has Mega Evolved into Mega Charizard!
|-weather|SunnyDay
|move|p1a: Charizard|Substitute|p1a: Charizard
|-start|p1a: Charizard|Substitute
|-damage|p1a: Charizard|75\/297
|move|p2a: Venusaur|Sludge Bomb|p1a: Charizard
|-end|p1a: Charizard|Substitute
|
|-weather|SunnyDay|[upkeep]
|turn|24
|
|move|p1a: Charizard|Fire Blast|p2a: Venusaur
|-supereffective|p2a: Venusaur
|-damage|p2a: Venusaur|22\/364
|move|p2a: Venusaur|Sludge Bomb|p1a: Charizard
|-damage|p1a: Charizard|0 fnt
|faint|p1a: Charizard
|
|-weather|SunnyDay|[upkeep]
|-message|iDestructioNx forfeited.
|leave|iDestructioNx
|
|win|Giorgio Bin Laden
|raw|Ladder updating...
|player|p1
|raw|iDestructioNx's rating: 1652 &rarr; <strong>1635<\/strong><br \/>(-17 for losing)
|raw|Giorgio Bin Laden's rating: 1691 &rarr; <strong>1709<\/strong><br \/>(+18 for winning)