|join|Krakenation
|join|iDestructioNx
|player|p1|Krakenation|165
|player|p2|iDestructioNx|170
|gametype|singles
|gen|6
|tier|OU
|rated
|clearpoke
|poke|p1|Rotom-Wash
|poke|p1|Metagross
|poke|p1|Dragonite, M
|poke|p1|Keldeo
|poke|p1|Landorus-Therian, M
|poke|p1|Heatran, F
|poke|p2|Latios, M, shiny
|poke|p2|Kabutops, M
|poke|p2|Politoed, F, shiny
|poke|p2|Latias, F
|poke|p2|Suicune
|poke|p2|Gothitelle, M
|rule|Swagger Clause: Swagger is banned
|rule|Baton Pass Clause: Limit one PokÃ©mon knowing Baton Pass
|rule|Sleep Clause Mod: Limit one foe put to sleep
|rule|Species Clause: Limit one of each PokÃ©mon
|rule|OHKO Clause: OHKO moves are banned
|rule|Moody Clause: Moody is banned
|rule|Evasion Moves Clause: Evasion moves are banned
|rule|Endless Battle Clause: Forcing endless battles is banned
|rule|HP Percentage Mod: HP is shown in percentages
|teampreview
|
|start
|switch|p1a: Metagross|Metagross|301\/301
|switch|p2a: Latias|Latias, F|302\/302
|turn|1
|
|detailschange|p2a: Latias|Latias-Mega, F
|message|Latias has Mega Evolved into Mega Latias!
|detailschange|p1a: Metagross|Metagross-Mega
|message|Metagross has Mega Evolved into Mega Metagross!
|move|p2a: Latias|Calm Mind|p2a: Latias
|-boost|p2a: Latias|spa|1
|-boost|p2a: Latias|spd|1
|move|p1a: Metagross|Meteor Mash|p2a: Latias
|-damage|p2a: Latias|98\/302
|
|turn|2
|
|move|p2a: Latias|Roost|p2a: Latias
|-heal|p2a: Latias|249\/302
|move|p1a: Metagross|Ice Punch|p2a: Latias
|-supereffective|p2a: Latias
|-damage|p2a: Latias|21\/302
|
|turn|3
|
|switch|p2a: Politoed|Politoed, F, shiny|384\/384
|-weather|RainDance
|move|p1a: Metagross|Meteor Mash|p2a: Politoed|[miss]
|-miss|p1a: Metagross|p2a: Politoed
|
|-weather|RainDance|[upkeep]
|turn|4
|
|switch|p1a: Rotom-Wash|Rotom-Wash|304\/304
|move|p2a: Politoed|Scald|p1a: Rotom-Wash
|-resisted|p1a: Rotom-Wash
|-damage|p1a: Rotom-Wash|256\/304
|
|-weather|RainDance|[upkeep]
|-heal|p1a: Rotom-Wash|275\/304|[from] item: Leftovers
|turn|5
|
|switch|p2a: Latias|Latias-Mega, F|21\/302
|move|p1a: Rotom-Wash|Will-O-Wisp|p2a: Latias|[miss]
|-miss|p1a: Rotom-Wash|p2a: Latias
|
|-weather|RainDance|[upkeep]
|-heal|p1a: Rotom-Wash|294\/304|[from] item: Leftovers
|turn|6
|c|âKrakenation|are you serious
|
|switch|p1a: Metagross|Metagross-Mega|301\/301
|move|p2a: Latias|Roost|p2a: Latias
|-heal|p2a: Latias|172\/302
|
|-weather|RainDance|[upkeep]
|turn|7
|
|switch|p2a: Politoed|Politoed, F, shiny|384\/384
|move|p1a: Metagross|Meteor Mash|p2a: Politoed|[miss]
|-miss|p1a: Metagross|p2a: Politoed
|
|-weather|RainDance|[upkeep]
|turn|8
|c|âKrakenation|WHAT
|c|âKrakenation|IS
|c|âKrakenation|THIS
|c|âKrakenation|MISS FEST 2014
|
|switch|p1a: Rotom-Wash|Rotom-Wash|294\/304
|switch|p2a: Latias|Latias-Mega, F|172\/302
|
|-weather|RainDance|[upkeep]
|-heal|p1a: Rotom-Wash|304\/304|[from] item: Leftovers
|turn|9
|
|move|p2a: Latias|Substitute|p2a: Latias
|-start|p2a: Latias|Substitute
|-damage|p2a: Latias|97\/302
|move|p1a: Rotom-Wash|Will-O-Wisp|p2a: Latias
|
|-weather|RainDance|[upkeep]
|turn|10
|
|switch|p1a: Metagross|Metagross-Mega|301\/301
|move|p2a: Latias|Calm Mind|p2a: Latias
|-boost|p2a: Latias|spa|1
|-boost|p2a: Latias|spd|1
|
|-weather|none
|turn|11
|
|move|p2a: Latias|Roost|p2a: Latias
|-heal|p2a: Latias|248\/302
|move|p1a: Metagross|Meteor Mash|p2a: Latias
|-end|p2a: Latias|Substitute
|-boost|p1a: Metagross|atk|1
|
|turn|12
|
|switch|p2a: Politoed|Politoed, F, shiny|384\/384
|-weather|RainDance
|move|p1a: Metagross|Ice Punch|p2a: Politoed
|-resisted|p2a: Politoed
|-damage|p2a: Politoed|305\/384
|
|-weather|RainDance|[upkeep]
|turn|13
|c|âKrakenation|thank you jeesh
|
|move|p1a: Metagross|Zen Headbutt|p2a: Politoed
|-damage|p2a: Politoed|32\/384
|move|p2a: Politoed|Scald|p1a: Metagross
|-damage|p1a: Metagross|187\/301
|
|-weather|RainDance|[upkeep]
|turn|14
|
|move|p1a: Metagross|Ice Punch|p2a: Politoed
|-resisted|p2a: Politoed
|-damage|p2a: Politoed|0 fnt
|faint|p2a: Politoed
|
|-weather|RainDance|[upkeep]
|
|switch|p2a: Kabutops|Kabutops, M|261\/261
|turn|15
|
|move|p2a: Kabutops|Waterfall|p1a: Metagross
|-damage|p1a: Metagross|18\/301
|-damage|p2a: Kabutops|235\/261|[from] item: Life Orb
|cant|p1a: Metagross|flinch
|
|-weather|RainDance|[upkeep]
|turn|16
|c|âKrakenation|okay im sorry dude, but you are getting absurdly fucking lucky
|
|move|p2a: Kabutops|Waterfall|p1a: Metagross
|-damage|p1a: Metagross|0 fnt
|-damage|p2a: Kabutops|209\/261|[from] item: Life Orb
|faint|p1a: Metagross
|
|-weather|RainDance|[upkeep]
|
|switch|p1a: Rotom-Wash|Rotom-Wash|304\/304
|turn|17
|
|move|p2a: Kabutops|Stone Edge|p1a: Rotom-Wash
|-damage|p1a: Rotom-Wash|113\/304
|-damage|p2a: Kabutops|183\/261|[from] item: Life Orb
|move|p1a: Rotom-Wash|Volt Switch|p2a: Kabutops
|-supereffective|p2a: Kabutops
|-damage|p2a: Kabutops|0 fnt
|faint|p2a: Kabutops
|
|switch|p1a: Heatran|Heatran, F|386\/386
|
|-weather|RainDance|[upkeep]
|
|switch|p2a: Latias|Latias-Mega, F|248\/302
|turn|18
|
|move|p2a: Latias|Substitute|p2a: Latias
|-start|p2a: Latias|Substitute
|-damage|p2a: Latias|173\/302
|move|p1a: Heatran|Toxic|p2a: Latias
|
|-weather|RainDance|[upkeep]
|turn|19
|
|switch|p1a: Dragonite|Dragonite, M|386\/386
|move|p2a: Latias|Roost|p2a: Latias
|-heal|p2a: Latias|302\/302
|
|-weather|none
|turn|20
|
|move|p2a: Latias|Dragon Pulse|p1a: Dragonite
|-supereffective|p1a: Dragonite
|-damage|p1a: Dragonite|217\/386
|move|p1a: Dragonite|Outrage|p2a: Latias
|-supereffective|p2a: Latias
|-end|p2a: Latias|Substitute
|
|turn|21
|
|move|p2a: Latias|Dragon Pulse|p1a: Dragonite
|-crit|p1a: Dragonite
|-supereffective|p1a: Dragonite
|-damage|p1a: Dragonite|0 fnt
|faint|p1a: Dragonite
|
|c|âKrakenation|WHAT THE FUCK
|-message|Krakenation forfeited.
|
|win|iDestructioNx
|raw|Ladder updating...