|join|passingthetime
|join|iDestructioNx
|player|p1|passingthetime|101
|player|p2|iDestructioNx|266
|gametype|singles
|gen|6
|tier|OU
|rated
|clearpoke
|poke|p1|Charizard, M
|poke|p1|Tyranitar, M
|poke|p1|Empoleon, M
|poke|p1|Garchomp, M
|poke|p1|Keldeo-Resolute
|poke|p1|Thundurus, M
|poke|p2|Swampert, F
|poke|p2|Kingdra, F
|poke|p2|Politoed, F, shiny
|poke|p2|Latios, M, shiny
|poke|p2|Suicune
|poke|p2|Gothitelle, M
|rule|Swagger Clause: Swagger is banned
|rule|Baton Pass Clause: Limit one PokÃ©mon knowing Baton Pass
|rule|Sleep Clause Mod: Limit one foe put to sleep
|rule|Species Clause: Limit one of each PokÃ©mon
|rule|OHKO Clause: OHKO moves are banned
|rule|Moody Clause: Moody is banned
|rule|Evasion Moves Clause: Evasion moves are banned
|rule|Endless Battle Clause: Forcing endless battles is banned
|rule|HP Percentage Mod: HP is shown in percentages
|teampreview
|
|start
|switch|p1a: Charizard|Charizard, M|307\/307
|switch|p2a: Latios|Latios, M, shiny|301\/301
|turn|1
|
|switch|p2a: Swampert|Swampert, F|341\/341
|switch|p1a: Empoleon|Empoleon, M|372\/372
|
|turn|2
|
|switch|p1a: Garchomp|Garchomp, M|358\/358
|detailschange|p2a: Swampert|Swampert-Mega, F
|message|Swampert has Mega Evolved into Mega Swampert!
|move|p2a: Swampert|Rain Dance|p2a: Swampert
|-weather|RainDance
|
|-weather|RainDance|[upkeep]
|turn|3
|
|move|p1a: Garchomp|Outrage|p2a: Swampert
|-damage|p2a: Swampert|148\/341
|move|p2a: Swampert|Earthquake|p1a: Garchomp
|-damage|p1a: Garchomp|118\/358
|
|-weather|RainDance|[upkeep]
|turn|4
|
|switch|p2a: Suicune|Suicune|404\/404
|-ability|p2a: Suicune|Pressure
|move|p1a: Garchomp|Outrage|p2a: Suicune
|-damage|p2a: Suicune|251\/404
|
|-weather|RainDance|[upkeep]
|-heal|p2a: Suicune|276\/404|[from] item: Leftovers
|turn|5
|
|move|p1a: Garchomp|Outrage|p2a: Suicune
|-damage|p2a: Suicune|126\/404
|move|p2a: Suicune|Scald|p1a: Garchomp
|-damage|p1a: Garchomp|0 fnt
|faint|p1a: Garchomp
|
|-weather|RainDance|[upkeep]
|-heal|p2a: Suicune|151\/404|[from] item: Leftovers
|
|switch|p1a: Thundurus|Thundurus, M|299\/299
|turn|6
|
|switch|p2a: Swampert|Swampert-Mega, F|148\/341
|move|p1a: Thundurus|Focus Blast|p2a: Swampert
|-damage|p2a: Swampert|0 fnt
|-damage|p1a: Thundurus|270\/299|[from] item: Life Orb
|faint|p2a: Swampert
|
|-weather|none
|
|switch|p2a: Politoed|Politoed, F, shiny|384\/384
|-weather|RainDance
|turn|7
|
|switch|p2a: Suicune|Suicune|151\/404
|-ability|p2a: Suicune|Pressure
|move|p1a: Thundurus|Thunderbolt|p2a: Suicune
|-supereffective|p2a: Suicune
|-damage|p2a: Suicune|0 fnt
|-damage|p1a: Thundurus|241\/299|[from] item: Life Orb
|faint|p2a: Suicune
|
|-weather|RainDance|[upkeep]
|
|switch|p2a: Kingdra|Kingdra, F|291\/291
|turn|8
|
|move|p1a: Thundurus|Thunder Wave|p2a: Kingdra
|-status|p2a: Kingdra|par
|move|p2a: Kingdra|Waterfall|p1a: Thundurus
|-damage|p1a: Thundurus|0 fnt
|-damage|p2a: Kingdra|262\/291 par|[from] item: Life Orb
|faint|p1a: Thundurus
|
|-weather|RainDance|[upkeep]
|
|switch|p1a: Tyranitar|Tyranitar, M|383\/383
|-weather|Sandstorm
|turn|9
|
|move|p1a: Tyranitar|Stone Edge|p2a: Kingdra|[miss]
|-miss|p1a: Tyranitar|p2a: Kingdra
|move|p2a: Kingdra|Waterfall|p1a: Tyranitar
|-supereffective|p1a: Tyranitar
|-damage|p1a: Tyranitar|76\/383
|-damage|p2a: Kingdra|233\/291 par|[from] item: Life Orb
|
|-weather|Sandstorm|[upkeep]
|-damage|p2a: Kingdra|215\/291 par|[from] sandstorm
|turn|10
|
|switch|p2a: Politoed|Politoed, F, shiny|384\/384
|-weather|RainDance
|move|p1a: Tyranitar|Stone Edge|p2a: Politoed
|-damage|p2a: Politoed|110\/384
|
|-weather|RainDance|[upkeep]
|turn|11
|
|switch|p1a: Empoleon|Empoleon, M|372\/372
|move|p2a: Politoed|Scald|p1a: Empoleon
|-resisted|p1a: Empoleon
|-damage|p1a: Empoleon|313\/372
|
|-weather|RainDance|[upkeep]
|-heal|p1a: Empoleon|336\/372|[from] item: Leftovers
|turn|12
|
|move|p2a: Politoed|Perish Song|p2a: Politoed
|-fieldactivate|move: Perish Song
|move|p1a: Empoleon|Stealth Rock|p2a: Politoed
|-sidestart|p2: iDestructioNx|move: Stealth Rock
|
|-start|p2a: Politoed|perish3
|-start|p1a: Empoleon|perish3
|-weather|RainDance|[upkeep]
|-heal|p1a: Empoleon|359\/372|[from] item: Leftovers
|turn|13
|
|switch|p2a: Gothitelle|Gothitelle, M|344\/344
|-damage|p2a: Gothitelle|301\/344|[from] Stealth Rock
|switch|p1a: Tyranitar|Tyranitar, M|76\/383
|-weather|Sandstorm
|
|-weather|Sandstorm|[upkeep]
|-damage|p2a: Gothitelle|280\/344|[from] sandstorm
|-heal|p2a: Gothitelle|301\/344|[from] item: Leftovers
|turn|14
|
|switch|p2a: Politoed|Politoed, F, shiny|110\/384
|-damage|p2a: Politoed|62\/384|[from] Stealth Rock
|-weather|RainDance
|move|p1a: Tyranitar|Crunch|p2a: Politoed
|-damage|p2a: Politoed|0 fnt
|faint|p2a: Politoed
|
|-weather|RainDance|[upkeep]
|
|switch|p2a: Latios|Latios, M, shiny|301\/301
|-damage|p2a: Latios|264\/301|[from] Stealth Rock
|turn|15
|
|switch|p1a: Empoleon|Empoleon, M|359\/372
|move|p2a: Latios|Draco Meteor|p1a: Empoleon
|-resisted|p1a: Empoleon
|-damage|p1a: Empoleon|207\/372
|-unboost|p2a: Latios|spa|2
|-damage|p2a: Latios|234\/301|[from] item: Life Orb
|
|-weather|RainDance|[upkeep]
|-heal|p1a: Empoleon|230\/372|[from] item: Leftovers
|turn|16
|
|switch|p2a: Gothitelle|Gothitelle, M|301\/344
|-damage|p2a: Gothitelle|258\/344|[from] Stealth Rock
|move|p1a: Empoleon|Scald|p2a: Gothitelle
|-damage|p2a: Gothitelle|128\/344
|
|-weather|RainDance|[upkeep]
|-heal|p2a: Gothitelle|149\/344|[from] item: Leftovers
|-heal|p1a: Empoleon|253\/372|[from] item: Leftovers
|turn|17
|
|move|p2a: Gothitelle|Rest|p2a: Gothitelle
|-status|p2a: Gothitelle|slp
|-heal|p2a: Gothitelle|344\/344 slp|[silent]
|-status|p2a: Gothitelle|slp|[from] move: Rest
|move|p1a: Empoleon|Roar|p2a: Gothitelle
|drag|p2a: Kingdra|Kingdra, F|215\/291 par
|-damage|p2a: Kingdra|179\/291 par|[from] Stealth Rock
|
|-weather|RainDance|[upkeep]
|-heal|p1a: Empoleon|276\/372|[from] item: Leftovers
|turn|18
|
|move|p1a: Empoleon|Scald|p2a: Kingdra
|-resisted|p2a: Kingdra
|-damage|p2a: Kingdra|139\/291 par
|move|p2a: Kingdra|Waterfall|p1a: Empoleon
|-crit|p1a: Empoleon
|-resisted|p1a: Empoleon
|-damage|p1a: Empoleon|143\/372
|-damage|p2a: Kingdra|110\/291 par|[from] item: Life Orb
|
|-weather|RainDance|[upkeep]
|-heal|p1a: Empoleon|166\/372|[from] item: Leftovers
|turn|19
|
|move|p1a: Empoleon|Scald|p2a: Kingdra
|-resisted|p2a: Kingdra
|-damage|p2a: Kingdra|72\/291 par
|move|p2a: Kingdra|Dragon Dance|p2a: Kingdra
|-boost|p2a: Kingdra|atk|1
|-boost|p2a: Kingdra|spe|1
|
|-weather|RainDance|[upkeep]
|-heal|p1a: Empoleon|189\/372|[from] item: Leftovers
|turn|20
|
|move|p2a: Kingdra|Dragon Dance|p2a: Kingdra
|-boost|p2a: Kingdra|atk|1
|-boost|p2a: Kingdra|spe|1
|move|p1a: Empoleon|Scald|p2a: Kingdra
|-resisted|p2a: Kingdra
|-damage|p2a: Kingdra|30\/291 par
|
|-weather|RainDance|[upkeep]
|-heal|p1a: Empoleon|212\/372|[from] item: Leftovers
|turn|21
|
|cant|p2a: Kingdra|par
|move|p1a: Empoleon|Scald|p2a: Kingdra
|-resisted|p2a: Kingdra
|-damage|p2a: Kingdra|0 fnt
|faint|p2a: Kingdra
|
|-weather|none
|-heal|p1a: Empoleon|235\/372|[from] item: Leftovers
|c|âiDestructioNx|this dude sucks
|c|âiDestructioNx|u pure sluck
|c|âpassingthetime|lol
|
|switch|p2a: Gothitelle|Gothitelle, M|344\/344 slp
|-damage|p2a: Gothitelle|301\/344 slp|[from] Stealth Rock
|turn|22
|
|cant|p2a: Gothitelle|slp
|move|p1a: Empoleon|Roar|p2a: Gothitelle
|drag|p2a: Latios|Latios, M, shiny|234\/301
|-damage|p2a: Latios|197\/301|[from] Stealth Rock
|
|-heal|p1a: Empoleon|258\/372|[from] item: Leftovers
|turn|23
|
|move|p2a: Latios|Hidden Power|p1a: Empoleon
|-damage|p1a: Empoleon|163\/372
|-damage|p2a: Latios|167\/301|[from] item: Life Orb
|move|p1a: Empoleon|Scald|p2a: Latios
|-resisted|p2a: Latios
|-damage|p2a: Latios|119\/301
|-status|p2a: Latios|brn
|
|-heal|p1a: Empoleon|186\/372|[from] item: Leftovers
|-damage|p2a: Latios|82\/301 brn|[from] brn
|turn|24
|
|move|p2a: Latios|Hidden Power|p1a: Empoleon
|-damage|p1a: Empoleon|91\/372
|-damage|p2a: Latios|52\/301 brn|[from] item: Life Orb
|move|p1a: Empoleon|Scald|p2a: Latios
|-resisted|p2a: Latios
|-damage|p2a: Latios|0 fnt
|faint|p2a: Latios
|
|-heal|p1a: Empoleon|114\/372|[from] item: Leftovers
|
|switch|p2a: Gothitelle|Gothitelle, M|301\/344 slp
|-damage|p2a: Gothitelle|258\/344 slp|[from] Stealth Rock
|turn|25
|
|cant|p2a: Gothitelle|slp
|move|p1a: Empoleon|Scald|p2a: Gothitelle
|-damage|p2a: Gothitelle|119\/344 slp
|
|-heal|p2a: Gothitelle|140\/344 slp|[from] item: Leftovers
|-heal|p1a: Empoleon|137\/372|[from] item: Leftovers
|turn|26
|
|-curestatus|p2a: Gothitelle|slp
|move|p2a: Gothitelle|Calm Mind|p2a: Gothitelle
|-boost|p2a: Gothitelle|spa|1
|-boost|p2a: Gothitelle|spd|1
|move|p1a: Empoleon|Scald|p2a: Gothitelle
|-damage|p2a: Gothitelle|73\/344
|
|-heal|p2a: Gothitelle|94\/344|[from] item: Leftovers
|-heal|p1a: Empoleon|160\/372|[from] item: Leftovers
|turn|27
|
|move|p2a: Gothitelle|Calm Mind|p2a: Gothitelle
|-boost|p2a: Gothitelle|spa|1
|-boost|p2a: Gothitelle|spd|1
|move|p1a: Empoleon|Scald|p2a: Gothitelle
|-damage|p2a: Gothitelle|48\/344
|
|-heal|p2a: Gothitelle|69\/344|[from] item: Leftovers
|-heal|p1a: Empoleon|183\/372|[from] item: Leftovers
|turn|28
|
|move|p2a: Gothitelle|Rest|p2a: Gothitelle
|-status|p2a: Gothitelle|slp
|-heal|p2a: Gothitelle|344\/344 slp|[silent]
|-status|p2a: Gothitelle|slp|[from] move: Rest
|move|p1a: Empoleon|Scald|p2a: Gothitelle
|-damage|p2a: Gothitelle|298\/344 slp
|
|-heal|p2a: Gothitelle|319\/344 slp|[from] item: Leftovers
|-heal|p1a: Empoleon|206\/372|[from] item: Leftovers
|turn|29
|
|cant|p2a: Gothitelle|slp
|move|p1a: Empoleon|Scald|p2a: Gothitelle
|-damage|p2a: Gothitelle|270\/344 slp
|
|-heal|p2a: Gothitelle|291\/344 slp|[from] item: Leftovers
|-heal|p1a: Empoleon|229\/372|[from] item: Leftovers
|turn|30
|
|cant|p2a: Gothitelle|slp
|move|p1a: Empoleon|Scald|p2a: Gothitelle
|-damage|p2a: Gothitelle|245\/344 slp
|
|-heal|p2a: Gothitelle|266\/344 slp|[from] item: Leftovers
|-heal|p1a: Empoleon|252\/372|[from] item: Leftovers
|turn|31
|
|-curestatus|p2a: Gothitelle|slp
|move|p2a: Gothitelle|Calm Mind|p2a: Gothitelle
|-boost|p2a: Gothitelle|spa|1
|-boost|p2a: Gothitelle|spd|1
|move|p1a: Empoleon|Scald|p2a: Gothitelle
|-damage|p2a: Gothitelle|224\/344
|
|-heal|p2a: Gothitelle|245\/344|[from] item: Leftovers
|-heal|p1a: Empoleon|275\/372|[from] item: Leftovers
|turn|32
|
|move|p2a: Gothitelle|Calm Mind|p2a: Gothitelle
|-boost|p2a: Gothitelle|spa|1
|-boost|p2a: Gothitelle|spd|1
|move|p1a: Empoleon|Scald|p2a: Gothitelle
|-damage|p2a: Gothitelle|214\/344
|
|-heal|p2a: Gothitelle|235\/344|[from] item: Leftovers
|-heal|p1a: Empoleon|298\/372|[from] item: Leftovers
|turn|33
|
|move|p2a: Gothitelle|Calm Mind|p2a: Gothitelle
|-boost|p2a: Gothitelle|spa|1
|-boost|p2a: Gothitelle|spd|1
|move|p1a: Empoleon|Scald|p2a: Gothitelle
|-damage|p2a: Gothitelle|208\/344
|
|-heal|p2a: Gothitelle|229\/344|[from] item: Leftovers
|-heal|p1a: Empoleon|321\/372|[from] item: Leftovers
|turn|34
|
|move|p2a: Gothitelle|Calm Mind|p2a: Gothitelle
|-boost|p2a: Gothitelle|spa|1
|-boost|p2a: Gothitelle|spd|1
|move|p1a: Empoleon|Scald|p2a: Gothitelle
|-damage|p2a: Gothitelle|204\/344
|
|-heal|p2a: Gothitelle|225\/344|[from] item: Leftovers
|-heal|p1a: Empoleon|344\/372|[from] item: Leftovers
|turn|35
|c|âpassingthetime|wow no burn
|
|move|p2a: Gothitelle|Rest|p2a: Gothitelle
|-status|p2a: Gothitelle|slp
|-heal|p2a: Gothitelle|344\/344 slp|[silent]
|-status|p2a: Gothitelle|slp|[from] move: Rest
|move|p1a: Empoleon|Scald|p2a: Gothitelle
|-damage|p2a: Gothitelle|317\/344 slp
|
|-heal|p2a: Gothitelle|338\/344 slp|[from] item: Leftovers
|-heal|p1a: Empoleon|367\/372|[from] item: Leftovers
|turn|36
|
|cant|p2a: Gothitelle|slp
|move|p1a: Empoleon|Defog|p2a: Gothitelle
|-unboost|p2a: Gothitelle|evasion|1
|-sideend|p2: iDestructioNx|Stealth Rock|[from] move: Defog|[of] p2a: Gothitelle
|
|-heal|p2a: Gothitelle|344\/344 slp|[from] item: Leftovers
|-heal|p1a: Empoleon|372\/372|[from] item: Leftovers
|turn|37
|
|cant|p2a: Gothitelle|slp
|move|p1a: Empoleon|Defog|p2a: Gothitelle
|-unboost|p2a: Gothitelle|evasion|1
|
|turn|38
|
|-curestatus|p2a: Gothitelle|slp
|move|p2a: Gothitelle|Psychic|p1a: Empoleon
|-resisted|p1a: Empoleon
|-damage|p1a: Empoleon|159\/372
|-unboost|p1a: Empoleon|spd|1
|move|p1a: Empoleon|Scald|p2a: Gothitelle
|-damage|p2a: Gothitelle|322\/344
|
|-heal|p2a: Gothitelle|343\/344|[from] item: Leftovers
|-heal|p1a: Empoleon|182\/372|[from] item: Leftovers
|turn|39
|
|move|p2a: Gothitelle|Psychic|p1a: Empoleon
|-resisted|p1a: Empoleon
|-damage|p1a: Empoleon|0 fnt
|faint|p1a: Empoleon
|
|-heal|p2a: Gothitelle|344\/344|[from] item: Leftovers
|
|switch|p1a: Tyranitar|Tyranitar, M|76\/383
|-weather|Sandstorm
|turn|40
|
|move|p1a: Tyranitar|Crunch|p2a: Gothitelle
|-supereffective|p2a: Gothitelle
|-damage|p2a: Gothitelle|0 fnt
|faint|p2a: Gothitelle
|
|win|passingthetime
|raw|Ladder updating...
|c|âpassingthetime|gg
|leave|iDestructioNx
|player|p2
|raw|passingthetime's rating: 1594 &rarr; <strong>1613<\/strong><br \/>(+19 for winning)
|raw|iDestructioNx's rating: 1567 &rarr; <strong>1548<\/strong><br \/>(-19 for losing)