|join|Mr.Saints
|join|iDestructioNx
|player|p1|Mr.Saints|248
|player|p2|iDestructioNx|1
|gametype|singles
|gen|6
|tier|OU
|rated
|clearpoke
|poke|p1|Absol, M
|poke|p1|Bisharp, M
|poke|p1|Honchkrow, M
|poke|p1|Krookodile, M
|poke|p1|Sableye, M
|poke|p1|Greninja, M, shiny
|poke|p2|Gyarados, M, shiny
|poke|p2|Skarmory, M
|poke|p2|Latios, M, shiny
|poke|p2|Garchomp, F
|poke|p2|Greninja, F, shiny
|poke|p2|Scizor, M
|rule|Swagger Clause: Swagger is banned
|rule|Baton Pass Clause: Limit one PokÃ©mon knowing Baton Pass
|rule|Sleep Clause Mod: Limit one foe put to sleep
|rule|Species Clause: Limit one of each PokÃ©mon
|rule|OHKO Clause: OHKO moves are banned
|rule|Moody Clause: Moody is banned
|rule|Evasion Moves Clause: Evasion moves are banned
|rule|Endless Battle Clause: Forcing endless battles is banned
|rule|HP Percentage Mod: HP is shown in percentages
|teampreview
|
|start
|switch|p1a: Krookodile|Krookodile, M|394\/394
|switch|p2a: Garchomp|Garchomp, F|357\/357
|-ability|p1a: Krookodile|Intimidate|[of] p2a: Garchomp
|-unboost|p2a: Garchomp|atk|1
|turn|1
|
|move|p1a: Krookodile|Stealth Rock|p2a: Garchomp
|-sidestart|p2: iDestructioNx|move: Stealth Rock
|move|p2a: Garchomp|Stealth Rock|p1a: Krookodile
|-sidestart|p1: Mr.Saints|move: Stealth Rock
|
|turn|2
|
|move|p1a: Krookodile|Knock Off|p2a: Garchomp
|-damage|p2a: Garchomp|225\/357
|-damage|p1a: Krookodile|345\/394|[from] ability: Rough Skin|[of] p2a: Garchomp
|-enditem|p2a: Garchomp|Focus Sash|[from] move: Knock Off|[of] p1a: Krookodile
|move|p2a: Garchomp|Earthquake|p1a: Krookodile
|-damage|p1a: Krookodile|182\/394
|
|-heal|p1a: Krookodile|206\/394|[from] item: Leftovers
|turn|3
|
|move|p2a: Garchomp|Earthquake|p1a: Krookodile
|-damage|p1a: Krookodile|58\/394
|move|p1a: Krookodile|Roar|p2a: Garchomp
|drag|p2a: Greninja|Greninja, F, shiny|285\/285
|-damage|p2a: Greninja|250\/285|[from] Stealth Rock
|
|-heal|p1a: Krookodile|82\/394|[from] item: Leftovers
|turn|4
|
|move|p2a: Greninja|Ice Beam|p1a: Krookodile
|-start|p2a: Greninja|typechange|Ice|[from] Protean
|-supereffective|p1a: Krookodile
|-damage|p1a: Krookodile|0 fnt
|faint|p1a: Krookodile
|
|
|switch|p1a: Sableye|Sableye, M|304\/304
|-damage|p1a: Sableye|266\/304|[from] Stealth Rock
|turn|5
|
|move|p2a: Greninja|Ice Beam|p1a: Sableye
|-damage|p1a: Sableye|122\/304
|-status|p1a: Sableye|frz
|cant|p1a: Sableye|frz
|
|-heal|p1a: Sableye|141\/304 frz|[from] item: Leftovers
|turn|6
|
|cant|p1a: Sableye|frz
|move|p2a: Greninja|Ice Beam|p1a: Sableye
|-damage|p1a: Sableye|0 fnt
|faint|p1a: Sableye
|
|
|switch|p1a: Greninja|Greninja, M, shiny|286\/286
|-damage|p1a: Greninja|251\/286|[from] Stealth Rock
|turn|7
|
|move|p2a: Greninja|Ice Beam|p1a: Greninja
|-resisted|p1a: Greninja
|-damage|p1a: Greninja|150\/286
|move|p1a: Greninja|Hydro Pump|p2a: Greninja
|-start|p1a: Greninja|typechange|Water|[from] Protean
|-damage|p2a: Greninja|0 fnt
|-damage|p1a: Greninja|122\/286|[from] item: Life Orb
|faint|p2a: Greninja
|
|
|switch|p2a: Scizor|Scizor, M|281\/281
|-damage|p2a: Scizor|246\/281|[from] Stealth Rock
|turn|8
|
|move|p2a: Scizor|Bullet Punch|p1a: Greninja
|-resisted|p1a: Greninja
|-damage|p1a: Greninja|10\/286
|-damage|p2a: Scizor|218\/281|[from] item: Life Orb
|move|p1a: Greninja|Hydro Pump|p2a: Scizor
|-damage|p2a: Scizor|0 fnt
|-damage|p1a: Greninja|0 fnt|[from] item: Life Orb
|faint|p2a: Scizor
|faint|p1a: Greninja
|
|
|switch|p2a: Garchomp|Garchomp, F|225\/357
|-damage|p2a: Garchomp|203\/357|[from] Stealth Rock
|switch|p1a: Bisharp|Bisharp, M|272\/272
|-damage|p1a: Bisharp|255\/272|[from] Stealth Rock
|turn|9
|
|switch|p1a: Honchkrow|Honchkrow, M|341\/341
|-damage|p1a: Honchkrow|256\/341|[from] Stealth Rock
|move|p2a: Garchomp|Earthquake|p1a: Honchkrow
|-immune|p1a: Honchkrow|[msg]
|
|turn|10
|
|move|p2a: Garchomp|Outrage|p1a: Honchkrow
|-damage|p1a: Honchkrow|0 fnt
|faint|p1a: Honchkrow
|
|
|switch|p1a: Bisharp|Bisharp, M|255\/272
|-damage|p1a: Bisharp|238\/272|[from] Stealth Rock
|turn|11
|
|move|p2a: Garchomp|Outrage|p1a: Bisharp
|-resisted|p1a: Bisharp
|-damage|p1a: Bisharp|120\/272
|move|p1a: Bisharp|Swords Dance|p1a: Bisharp
|-boost|p1a: Bisharp|atk|2
|
|-end|p2a: Garchomp|rampage
|-start|p2a: Garchomp|confusion
|turn|12
|
|move|p1a: Bisharp|Sucker Punch|p2a: Garchomp
|-damage|p2a: Garchomp|0 fnt
|-damage|p1a: Bisharp|86\/272|[from] ability: Rough Skin|[of] p2a: Garchomp
|faint|p2a: Garchomp
|
|
|switch|p2a: Skarmory|Skarmory, M|327\/327
|-damage|p2a: Skarmory|287\/327|[from] Stealth Rock
|turn|13
|
|move|p1a: Bisharp|Knock Off|p2a: Skarmory
|-damage|p2a: Skarmory|101\/327
|-damage|p1a: Bisharp|41\/272|[from] item: Rocky Helmet|[of] p2a: Skarmory
|-enditem|p2a: Skarmory|Rocky Helmet|[from] move: Knock Off|[of] p1a: Bisharp
|move|p2a: Skarmory|Brave Bird|p1a: Bisharp
|-crit|p1a: Bisharp
|-resisted|p1a: Bisharp
|-damage|p1a: Bisharp|0 fnt
|-damage|p2a: Skarmory|87\/327|[from] recoil|[of] p1a: Bisharp
|faint|p1a: Bisharp
|
|
|switch|p1a: Absol|Absol, M|272\/272
|-damage|p1a: Absol|238\/272|[from] Stealth Rock
|turn|14
|
|detailschange|p1a: Absol|Absol-Mega, M
|message|Absol has Mega Evolved into Mega Absol!
|move|p1a: Absol|Swords Dance|p1a: Absol
|-boost|p1a: Absol|atk|2
|move|p2a: Skarmory|Brave Bird|p1a: Absol
|-damage|p1a: Absol|40\/272
|-damage|p2a: Skarmory|22\/327|[from] recoil|[of] p1a: Absol
|
|turn|15
|
|move|p1a: Absol|Knock Off|p2a: Skarmory
|-damage|p2a: Skarmory|0 fnt
|faint|p2a: Skarmory
|
|
|switch|p2a: Gyarados|Gyarados, M, shiny|331\/331
|-damage|p2a: Gyarados|249\/331|[from] Stealth Rock
|-ability|p2a: Gyarados|Intimidate|[of] p1a: Absol
|-unboost|p1a: Absol|atk|1
|turn|16
|
|detailschange|p2a: Gyarados|Gyarados-Mega, M, shiny
|message|Gyarados has Mega Evolved into Mega Gyarados!
|-ability|p2a: Gyarados|Mold Breaker
|move|p1a: Absol|Superpower|p2a: Gyarados
|-supereffective|p2a: Gyarados
|-damage|p2a: Gyarados|0 fnt
|-unboost|p1a: Absol|atk|1
|-unboost|p1a: Absol|def|1
|faint|p2a: Gyarados
|
|
|switch|p2a: Latios|Latios, M, shiny|301\/301
|-damage|p2a: Latios|264\/301|[from] Stealth Rock
|turn|17
|
|move|p1a: Absol|Sucker Punch|p2a: Latios
|-supereffective|p2a: Latios
|-damage|p2a: Latios|0 fnt
|faint|p2a: Latios
|
|win|Mr.Saints
|raw|Ladder updating...
|c|âMr.Saints|gg
|raw|Mr.Saints's rating: 1814 &rarr; <strong>1829<\/strong><br \/>(+15 for winning)
|raw|iDestructioNx's rating: 1737 &rarr; <strong>1721<\/strong><br \/>(-16 for losing)
|c|âiDestructioNx|u getting banned
|c|âiDestructioNx|btw
|c|âiDestructioNx|so yea gg
|leave|iDestructioNx
|player|p2