|join|iDestructioNx
|join|josie1129
|player|p1|iDestructioNx|102
|player|p2|josie1129|265
|gametype|singles
|gen|6
|tier|OU
|rated
|clearpoke
|poke|p1|Charizard, M, shiny
|poke|p1|Tyranitar, M, shiny
|poke|p1|Landorus-Therian, M
|poke|p1|Suicune, shiny
|poke|p1|Skarmory, M
|poke|p1|Latios, M, shiny
|poke|p2|Excadrill, M
|poke|p2|Tyranitar, F
|poke|p2|Landorus, M
|poke|p2|Thundurus, M
|poke|p2|Venusaur, M
|poke|p2|Gothitelle, F
|rule|Swagger Clause: Swagger is banned
|rule|Baton Pass Clause: Limit one PokÃ©mon knowing Baton Pass
|rule|Sleep Clause Mod: Limit one foe put to sleep
|rule|Species Clause: Limit one of each PokÃ©mon
|rule|OHKO Clause: OHKO moves are banned
|rule|Moody Clause: Moody is banned
|rule|Evasion Moves Clause: Evasion moves are banned
|rule|Endless Battle Clause: Forcing endless battles is banned
|rule|HP Percentage Mod: HP is shown in percentages
|teampreview
|c|âiDestructioNx|rdy up
|
|start
|switch|p1a: Landorus-Therian|Landorus-Therian, M|319\/319
|switch|p2a: Jafar|Landorus, M|320\/320
|-ability|p1a: Landorus-Therian|Intimidate|[of] p2a: Jafar
|-unboost|p2a: Jafar|atk|1
|turn|1
|
|move|p1a: Landorus-Therian|Knock Off|p2a: Jafar
|-damage|p2a: Jafar|166\/320
|-enditem|p2a: Jafar|Life Orb|[from] move: Knock Off|[of] p1a: Landorus-Therian
|move|p2a: Jafar|Stealth Rock|p1a: Landorus-Therian
|-sidestart|p1: iDestructioNx|move: Stealth Rock
|
|turn|2
|
|move|p1a: Landorus-Therian|Knock Off|p2a: Jafar
|-damage|p2a: Jafar|71\/320
|move|p2a: Jafar|Psychic|p1a: Landorus-Therian
|-damage|p1a: Landorus-Therian|160\/319
|
|turn|3
|
|switch|p2a: Abu|Venusaur, M|364\/364
|move|p1a: Landorus-Therian|Knock Off|p2a: Abu
|-damage|p2a: Abu|287\/364
|
|turn|4
|
|switch|p1a: Latios|Latios, M, shiny|301\/301
|-damage|p1a: Latios|264\/301|[from] Stealth Rock
|switch|p2a: Aladdin|Tyranitar, F|342\/342
|-weather|Sandstorm
|
|-weather|Sandstorm|[upkeep]
|-damage|p1a: Latios|246\/301|[from] sandstorm
|turn|5
|
|move|p2a: Aladdin|Crunch|p1a: Latios
|-supereffective|p1a: Latios
|-damage|p1a: Latios|0 fnt
|faint|p1a: Latios
|
|-weather|Sandstorm|[upkeep]
|
|switch|p1a: Suicune|Suicune, shiny|404\/404
|-damage|p1a: Suicune|354\/404|[from] Stealth Rock
|-ability|p1a: Suicune|Pressure
|turn|6
|
|switch|p2a: Jasmine|Gothitelle, F|282\/282
|move|p1a: Suicune|Calm Mind|p1a: Suicune
|-boost|p1a: Suicune|spa|1
|-boost|p1a: Suicune|spd|1
|
|-weather|Sandstorm|[upkeep]
|-damage|p2a: Jasmine|265\/282|[from] sandstorm
|-damage|p1a: Suicune|329\/404|[from] sandstorm
|-heal|p1a: Suicune|354\/404|[from] item: Leftovers
|turn|7
|
|move|p2a: Jasmine|Trick|p1a: Suicune
|-activate|p2a: Jasmine|move: Trick|[of] p1a: Suicune
|-item|p1a: Suicune|Choice Scarf|[from] move: Trick
|-item|p2a: Jasmine|Leftovers|[from] move: Trick
|move|p1a: Suicune|Scald|p2a: Jasmine
|-damage|p2a: Jasmine|142\/282
|
|-weather|Sandstorm|[upkeep]
|-damage|p1a: Suicune|329\/404|[from] sandstorm
|-damage|p2a: Jasmine|125\/282|[from] sandstorm
|-heal|p2a: Jasmine|142\/282|[from] item: Leftovers
|turn|8
|
|switch|p2a: Abu|Venusaur, M|287\/364
|move|p1a: Suicune|Scald|p2a: Abu
|-resisted|p2a: Abu
|-damage|p2a: Abu|226\/364
|
|-weather|none
|turn|9
|
|detailschange|p2a: Abu|Venusaur-Mega, M
|message|Venusaur has Mega Evolved into Mega Venusaur!
|move|p1a: Suicune|Scald|p2a: Abu
|-resisted|p2a: Abu
|-damage|p2a: Abu|172\/364
|move|p2a: Abu|Leech Seed|p1a: Suicune
|-start|p1a: Suicune|move: Leech Seed
|
|-damage|p1a: Suicune|279\/404|[from] Leech Seed|[of] p2a: Abu
|-heal|p2a: Abu|222\/364|[silent]
|turn|10
|
|move|p1a: Suicune|Scald|p2a: Abu
|-resisted|p2a: Abu
|-damage|p2a: Abu|163\/364
|-status|p2a: Abu|brn
|move|p2a: Abu|Leech Seed|p1a: Suicune
|-fail|p1a: Suicune
|
|-damage|p1a: Suicune|229\/404|[from] Leech Seed|[of] p2a: Abu
|-heal|p2a: Abu|213\/364 brn|[silent]
|-damage|p2a: Abu|168\/364 brn|[from] brn
|turn|11
|
|switch|p1a: Skarmory|Skarmory, M|323\/323
|-damage|p1a: Skarmory|283\/323|[from] Stealth Rock
|move|p2a: Abu|Leech Seed|p1a: Skarmory
|-start|p1a: Skarmory|move: Leech Seed
|
|-heal|p1a: Skarmory|303\/323|[from] item: Leftovers
|-damage|p1a: Skarmory|263\/323|[from] Leech Seed|[of] p2a: Abu
|-heal|p2a: Abu|208\/364 brn|[silent]
|-damage|p2a: Abu|163\/364 brn|[from] brn
|turn|12
|
|switch|p2a: Jafar|Landorus, M|71\/320
|switch|p1a: Tyranitar|Tyranitar, M, shiny|341\/341
|-damage|p1a: Tyranitar|299\/341|[from] Stealth Rock
|-weather|Sandstorm
|
|-weather|Sandstorm|[upkeep]
|turn|13
|
|switch|p1a: Suicune|Suicune, shiny|229\/404
|-damage|p1a: Suicune|179\/404|[from] Stealth Rock
|-ability|p1a: Suicune|Pressure
|move|p2a: Jafar|Focus Blast|p1a: Suicune
|-damage|p1a: Suicune|29\/404
|
|-weather|Sandstorm|[upkeep]
|-damage|p1a: Suicune|4\/404|[from] sandstorm
|turn|14
|
|move|p2a: Jafar|Earth Power|p1a: Suicune
|-crit|p1a: Suicune
|-damage|p1a: Suicune|0 fnt
|faint|p1a: Suicune
|
|-weather|Sandstorm|[upkeep]
|
|switch|p1a: Landorus-Therian|Landorus-Therian, M|160\/319
|-damage|p1a: Landorus-Therian|121\/319|[from] Stealth Rock
|-ability|p1a: Landorus-Therian|Intimidate|[of] p2a: Jafar
|-unboost|p2a: Jafar|atk|1
|turn|15
|
|switch|p2a: Jasmine|Gothitelle, F|142\/282
|move|p1a: Landorus-Therian|Knock Off|p2a: Jasmine
|-supereffective|p2a: Jasmine
|-damage|p2a: Jasmine|0 fnt
|-enditem|p2a: Jasmine|Leftovers|[from] move: Knock Off|[of] p1a: Landorus-Therian
|faint|p2a: Jasmine
|
|-weather|Sandstorm|[upkeep]
|
|switch|p2a: Sand N*gga|Excadrill, M|362\/362
|turn|16
|
|switch|p2a: Sultan|Thundurus, M|300\/300
|switch|p1a: Skarmory|Skarmory, M|263\/323
|-damage|p1a: Skarmory|223\/323|[from] Stealth Rock
|
|-weather|none
|-heal|p1a: Skarmory|243\/323|[from] item: Leftovers
|turn|17
|
|switch|p1a: Tyranitar|Tyranitar, M, shiny|299\/341
|-damage|p1a: Tyranitar|257\/341|[from] Stealth Rock
|-weather|Sandstorm
|move|p2a: Sultan|Hidden Power|p1a: Tyranitar
|-damage|p1a: Tyranitar|227\/341
|
|-weather|Sandstorm|[upkeep]
|-damage|p2a: Sultan|282\/300|[from] sandstorm
|-heal|p2a: Sultan|300\/300|[from] item: Leftovers
|turn|18
|
|move|p2a: Sultan|Focus Blast|p1a: Tyranitar
|-supereffective|p1a: Tyranitar
|-damage|p1a: Tyranitar|0 fnt
|faint|p1a: Tyranitar
|
|-weather|Sandstorm|[upkeep]
|-damage|p2a: Sultan|282\/300|[from] sandstorm
|-heal|p2a: Sultan|300\/300|[from] item: Leftovers
|
|switch|p1a: Landorus-Therian|Landorus-Therian, M|121\/319
|-damage|p1a: Landorus-Therian|82\/319|[from] Stealth Rock
|-ability|p1a: Landorus-Therian|Intimidate|[of] p2a: Sultan
|-unboost|p2a: Sultan|atk|1
|turn|19
|
|switch|p2a: Jafar|Landorus, M|71\/320
|move|p1a: Landorus-Therian|Earthquake|p2a: Jafar
|-immune|p2a: Jafar|[msg]
|
|-weather|Sandstorm|[upkeep]
|turn|20
|
|switch|p1a: Skarmory|Skarmory, M|243\/323
|-damage|p1a: Skarmory|203\/323|[from] Stealth Rock
|move|p2a: Jafar|Psychic|p1a: Skarmory
|-resisted|p1a: Skarmory
|-damage|p1a: Skarmory|111\/323
|
|-weather|Sandstorm|[upkeep]
|-heal|p1a: Skarmory|131\/323|[from] item: Leftovers
|turn|21
|
|move|p2a: Jafar|Focus Blast|p1a: Skarmory
|-damage|p1a: Skarmory|0 fnt
|faint|p1a: Skarmory
|
|-weather|none
|
|switch|p1a: Landorus-Therian|Landorus-Therian, M|82\/319
|-damage|p1a: Landorus-Therian|43\/319|[from] Stealth Rock
|-ability|p1a: Landorus-Therian|Intimidate|[of] p2a: Jafar
|-unboost|p2a: Jafar|atk|1
|turn|22
|
|move|p1a: Landorus-Therian|Knock Off|p2a: Jafar
|-damage|p2a: Jafar|0 fnt
|faint|p2a: Jafar
|
|
|switch|p2a: Abu|Venusaur-Mega, M|163\/364 brn
|turn|23
|
|move|p1a: Landorus-Therian|Knock Off|p2a: Abu
|-crit|p2a: Abu
|-damage|p2a: Abu|73\/364 brn
|move|p2a: Abu|Synthesis|p2a: Abu
|-heal|p2a: Abu|255\/364 brn
|
|-damage|p2a: Abu|210\/364 brn|[from] brn
|turn|24
|
|switch|p1a: Charizard|Charizard, M, shiny|297\/297
|-damage|p1a: Charizard|149\/297|[from] Stealth Rock
|move|p2a: Abu|Giga Drain|p1a: Charizard
|-resisted|p1a: Charizard
|-damage|p1a: Charizard|117\/297
|-heal|p2a: Abu|226\/364 brn|[from] drain|[of] p1a: Charizard
|
|-damage|p2a: Abu|181\/364 brn|[from] brn
|turn|25
|
|switch|p2a: Aladdin|Tyranitar, F|342\/342
|-weather|Sandstorm
|detailschange|p1a: Charizard|Charizard-Mega-Y, M, shiny
|message|Charizard has Mega Evolved into Mega Charizard!
|-weather|SunnyDay
|move|p1a: Charizard|Substitute|p1a: Charizard
|-start|p1a: Charizard|Substitute
|-damage|p1a: Charizard|43\/297
|
|-weather|SunnyDay|[upkeep]
|turn|26
|
|move|p2a: Aladdin|Crunch|p1a: Charizard
|-end|p1a: Charizard|Substitute
|move|p1a: Charizard|Focus Blast|p2a: Aladdin
|-supereffective|p2a: Aladdin
|-damage|p2a: Aladdin|0 fnt
|faint|p2a: Aladdin
|
|-weather|SunnyDay|[upkeep]
|
|switch|p2a: Sultan|Thundurus, M|300\/300
|turn|27
|
|move|p2a: Sultan|Thunderbolt|p1a: Charizard
|-crit|p1a: Charizard
|-supereffective|p1a: Charizard
|-damage|p1a: Charizard|0 fnt
|faint|p1a: Charizard
|
|-weather|SunnyDay|[upkeep]
|
|switch|p1a: Landorus-Therian|Landorus-Therian, M|43\/319
|-damage|p1a: Landorus-Therian|4\/319|[from] Stealth Rock
|-ability|p1a: Landorus-Therian|Intimidate|[of] p2a: Sultan
|-unboost|p2a: Sultan|atk|1
|turn|28
|
|move|p1a: Landorus-Therian|Stone Edge|p2a: Sultan
|-supereffective|p2a: Sultan
|-damage|p2a: Sultan|0 fnt
|faint|p2a: Sultan
|
|-weather|SunnyDay|[upkeep]
|
|switch|p2a: Sand N*gga|Excadrill, M|362\/362
|turn|29
|c|âiDestructioNx|all that predicting u made and u barely won
|
|move|p1a: Landorus-Therian|Stone Edge|p2a: Sand N*gga
|-resisted|p2a: Sand N*gga
|-damage|p2a: Sand N*gga|312\/362
|move|p2a: Sand N*gga|Iron Head|p1a: Landorus-Therian
|-damage|p1a: Landorus-Therian|0 fnt
|-damage|p2a: Sand N*gga|276\/362|[from] item: Life Orb
|faint|p1a: Landorus-Therian
|
|win|josie1129
|raw|Ladder updating...
|raw|iDestructioNx's rating: 1721 &rarr; <strong>1700<\/strong><br \/>(-21 for losing)
|raw|josie1129's rating: 1702 &rarr; <strong>1723<\/strong><br \/>(+21 for winning)
|leave|iDestructioNx
|player|p1