|join|iDestructioNx
|join|Eggxecutor
|player|p1|iDestructioNx|101
|player|p2|Eggxecutor|15
|gametype|singles
|gen|6
|tier|OU
|rated
|clearpoke
|poke|p1|Charizard, M, shiny
|poke|p1|Tyranitar, M, shiny
|poke|p1|Landorus-Therian, M
|poke|p1|Suicune, shiny
|poke|p1|Skarmory, M
|poke|p1|Latias, F
|poke|p2|Talonflame, F
|poke|p2|Venusaur, M
|poke|p2|Greninja, M
|poke|p2|Rotom-Wash
|poke|p2|Forretress, F
|poke|p2|Salamence, F
|rule|Swagger Clause: Swagger is banned
|rule|Baton Pass Clause: Limit one PokÃ©mon knowing Baton Pass
|rule|Sleep Clause Mod: Limit one foe put to sleep
|rule|Species Clause: Limit one of each PokÃ©mon
|rule|OHKO Clause: OHKO moves are banned
|rule|Moody Clause: Moody is banned
|rule|Evasion Moves Clause: Evasion moves are banned
|rule|Endless Battle Clause: Forcing endless battles is banned
|rule|HP Percentage Mod: HP is shown in percentages
|teampreview
|
|start
|switch|p1a: Charizard|Charizard, M, shiny|297\/297
|switch|p2a: Talonflame|Talonflame, F|298\/298
|turn|1
|
|detailschange|p1a: Charizard|Charizard-Mega-Y, M, shiny
|message|Charizard has Mega Evolved into Mega Charizard!
|-weather|SunnyDay
|move|p2a: Talonflame|Brave Bird|p1a: Charizard
|-crit|p1a: Charizard
|-damage|p1a: Charizard|0 fnt
|-damage|p2a: Talonflame|200\/298|[from] recoil|[of] p1a: Charizard
|faint|p1a: Charizard
|
|-weather|SunnyDay|[upkeep]
|c|âiDestructioNx|garbage as nigga
|
|switch|p1a: Tyranitar|Tyranitar, M, shiny|341\/341
|-weather|Sandstorm
|turn|2
|
|move|p1a: Tyranitar|Pursuit|p2a: Talonflame|[from]Pursuit
|-damage|p2a: Talonflame|0 fnt
|faint|p2a: Talonflame
|
|-weather|Sandstorm|[upkeep]
|c|âEggxecutor|did you run any defense investments, lol
|c|âEggxecutor|cuz it was banded. guaranteed ko
|
|switch|p2a: Rotom-Wash|Rotom-Wash|241\/241
|turn|3
|c|âiDestructioNx|what is it monchat +
|join|BahaFan
|leave|BahaFan
|join|BahaFan
|raw|<div class="broadcast-red"><b>Moderated chat was set to +!<\/b><br \/>Only users of rank + and higher can talk.<\/div>
|c|âiDestructioNx|some scrub feeling slaty
|c|âiDestructioNx|i beat his ass now he follows me
|
|switch|p1a: Latias|Latias, F|301\/301
|move|p2a: Rotom-Wash|Volt Switch|p1a: Latias
|-resisted|p1a: Latias
|-damage|p1a: Latias|256\/301
|
|switch|p2a: Greninja|Greninja, M|286\/286
|
|-weather|Sandstorm|[upkeep]
|-damage|p2a: Greninja|269\/286|[from] sandstorm
|-damage|p1a: Latias|238\/301|[from] sandstorm
|turn|4
|
|switch|p1a: Suicune|Suicune, shiny|404\/404
|-ability|p1a: Suicune|Pressure
|move|p2a: Greninja|Dark Pulse|p1a: Suicune
|-start|p2a: Greninja|typechange|Dark|[from] Protean
|-damage|p1a: Suicune|252\/404
|-damage|p2a: Greninja|241\/286|[from] item: Life Orb
|
|-weather|Sandstorm|[upkeep]
|-damage|p2a: Greninja|224\/286|[from] sandstorm
|-damage|p1a: Suicune|227\/404|[from] sandstorm
|-heal|p1a: Suicune|252\/404|[from] item: Leftovers
|turn|5
|
|switch|p2a: Venusaur|Venusaur, M|364\/364
|move|p1a: Suicune|Rest|p1a: Suicune
|-status|p1a: Suicune|slp
|-heal|p1a: Suicune|404\/404 slp|[silent]
|-status|p1a: Suicune|slp|[from] move: Rest
|
|-weather|Sandstorm|[upkeep]
|-damage|p1a: Suicune|379\/404 slp|[from] sandstorm
|-damage|p2a: Venusaur|342\/364|[from] sandstorm
|-heal|p1a: Suicune|404\/404 slp|[from] item: Leftovers
|turn|6
|
|switch|p1a: Latias|Latias, F|238\/301
|detailschange|p2a: Venusaur|Venusaur-Mega, M
|message|Venusaur has Mega Evolved into Mega Venusaur!
|move|p2a: Venusaur|Sludge Bomb|p1a: Latias
|-damage|p1a: Latias|109\/301
|
|-weather|none
|turn|7
|
|move|p1a: Latias|Psyshock|p2a: Venusaur
|-supereffective|p2a: Venusaur
|-damage|p2a: Venusaur|82\/364
|-damage|p1a: Latias|79\/301|[from] item: Life Orb
|move|p2a: Venusaur|Sludge Bomb|p1a: Latias
|-crit|p1a: Latias
|-damage|p1a: Latias|0 fnt
|faint|p1a: Latias
|
|
|switch|p1a: Landorus-Therian|Landorus-Therian, M|319\/319
|-ability|p1a: Landorus-Therian|Intimidate|[of] p2a: Venusaur
|-unboost|p2a: Venusaur|atk|1
|turn|8
|
|switch|p2a: Forretress|Forretress, F|354\/354
|move|p1a: Landorus-Therian|Knock Off|p2a: Forretress
|-damage|p2a: Forretress|272\/354
|-enditem|p2a: Forretress|Leftovers|[from] move: Knock Off|[of] p1a: Landorus-Therian
|
|turn|9
|
|switch|p1a: Suicune|Suicune, shiny|404\/404 slp
|-ability|p1a: Suicune|Pressure
|move|p2a: Forretress|Stealth Rock|p1a: Suicune
|-sidestart|p1: iDestructioNx|move: Stealth Rock
|
|turn|10
|
|cant|p1a: Suicune|slp
|move|p1a: Suicune|Sleep Talk|p1a: Suicune
|move|p1a: Suicune|Rest|p1a: Suicune|[from]Sleep Talk
|-fail|p1a: Suicune
|move|p2a: Forretress|Volt Switch|p1a: Suicune
|-supereffective|p1a: Suicune
|-damage|p1a: Suicune|338\/404 slp
|
|switch|p2a: Venusaur|Venusaur-Mega, M|82\/364
|
|-heal|p1a: Suicune|363\/404 slp|[from] item: Leftovers
|turn|11
|
|cant|p1a: Suicune|slp
|move|p1a: Suicune|Sleep Talk|p1a: Suicune
|move|p1a: Suicune|Scald|p2a: Venusaur|[from]Sleep Talk
|-crit|p2a: Venusaur
|-resisted|p2a: Venusaur
|-damage|p2a: Venusaur|25\/364
|move|p2a: Venusaur|Synthesis|p2a: Venusaur
|-heal|p2a: Venusaur|207\/364
|
|-heal|p1a: Suicune|388\/404 slp|[from] item: Leftovers
|turn|12
|
|-curestatus|p1a: Suicune|slp
|move|p1a: Suicune|Scald|p2a: Venusaur
|-resisted|p2a: Venusaur
|-damage|p2a: Venusaur|173\/364
|move|p2a: Venusaur|Giga Drain|p1a: Suicune
|-supereffective|p1a: Suicune
|-damage|p1a: Suicune|146\/404
|-heal|p2a: Venusaur|294\/364|[from] drain|[of] p1a: Suicune
|
|-heal|p1a: Suicune|171\/404|[from] item: Leftovers
|turn|13
|
|switch|p1a: Skarmory|Skarmory, M|323\/323
|-damage|p1a: Skarmory|283\/323|[from] Stealth Rock
|move|p2a: Venusaur|Giga Drain|p1a: Skarmory
|-resisted|p1a: Skarmory
|-damage|p1a: Skarmory|236\/323
|-heal|p2a: Venusaur|318\/364|[from] drain|[of] p1a: Skarmory
|
|-heal|p1a: Skarmory|256\/323|[from] item: Leftovers
|turn|14
|
|move|p2a: Venusaur|Sleep Powder|p1a: Skarmory
|-status|p1a: Skarmory|slp
|cant|p1a: Skarmory|slp
|
|-heal|p1a: Skarmory|276\/323 slp|[from] item: Leftovers
|turn|15
|
|switch|p2a: Greninja|Greninja, M|224\/286
|cant|p1a: Skarmory|slp
|
|-heal|p1a: Skarmory|296\/323 slp|[from] item: Leftovers
|turn|16
|
|switch|p1a: Suicune|Suicune, shiny|171\/404
|-damage|p1a: Suicune|121\/404|[from] Stealth Rock
|-ability|p1a: Suicune|Pressure
|move|p2a: Greninja|Hydro Pump|p1a: Suicune
|-start|p2a: Greninja|typechange|Water|[from] Protean
|-resisted|p1a: Suicune
|-damage|p1a: Suicune|22\/404
|-damage|p2a: Greninja|196\/286|[from] item: Life Orb
|
|-heal|p1a: Suicune|47\/404|[from] item: Leftovers
|turn|17
|
|move|p2a: Greninja|Dark Pulse|p1a: Suicune
|-start|p2a: Greninja|typechange|Dark|[from] Protean
|-damage|p1a: Suicune|0 fnt
|-damage|p2a: Greninja|168\/286|[from] item: Life Orb
|faint|p1a: Suicune
|
|
|switch|p1a: Landorus-Therian|Landorus-Therian, M|319\/319
|-damage|p1a: Landorus-Therian|280\/319|[from] Stealth Rock
|-ability|p1a: Landorus-Therian|Intimidate|[of] p2a: Greninja
|-unboost|p2a: Greninja|atk|1
|turn|18
|
|switch|p2a: Forretress|Forretress, F|272\/354
|move|p1a: Landorus-Therian|Earthquake|p2a: Forretress
|-damage|p2a: Forretress|157\/354
|
|turn|19
|
|switch|p1a: Tyranitar|Tyranitar, M, shiny|341\/341
|-damage|p1a: Tyranitar|299\/341|[from] Stealth Rock
|-weather|Sandstorm
|move|p2a: Forretress|Volt Switch|p1a: Tyranitar
|-damage|p1a: Tyranitar|282\/341
|
|switch|p2a: Greninja|Greninja, M|168\/286
|
|-weather|Sandstorm|[upkeep]
|-damage|p2a: Greninja|151\/286|[from] sandstorm
|turn|20
|
|move|p2a: Greninja|Hydro Pump|p1a: Tyranitar
|-start|p2a: Greninja|typechange|Water|[from] Protean
|-supereffective|p1a: Tyranitar
|-damage|p1a: Tyranitar|92\/341
|-damage|p2a: Greninja|123\/286|[from] item: Life Orb
|move|p1a: Tyranitar|Earthquake|p2a: Greninja
|-damage|p2a: Greninja|0 fnt
|faint|p2a: Greninja
|
|-weather|Sandstorm|[upkeep]
|
|switch|p2a: Rotom-Wash|Rotom-Wash|241\/241
|turn|21
|
|move|p2a: Rotom-Wash|Hydro Pump|p1a: Tyranitar
|-supereffective|p1a: Tyranitar
|-damage|p1a: Tyranitar|0 fnt
|faint|p1a: Tyranitar
|
|-weather|Sandstorm|[upkeep]
|-damage|p2a: Rotom-Wash|226\/241|[from] sandstorm
|
|switch|p1a: Landorus-Therian|Landorus-Therian, M|280\/319
|-damage|p1a: Landorus-Therian|241\/319|[from] Stealth Rock
|-ability|p1a: Landorus-Therian|Intimidate|[of] p2a: Rotom-Wash
|-unboost|p2a: Rotom-Wash|atk|1
|turn|22
|
|move|p2a: Rotom-Wash|Hydro Pump|p1a: Landorus-Therian
|-supereffective|p1a: Landorus-Therian
|-damage|p1a: Landorus-Therian|0 fnt
|faint|p1a: Landorus-Therian
|
|-weather|Sandstorm|[upkeep]
|-damage|p2a: Rotom-Wash|211\/241|[from] sandstorm
|c|âEggxecutor|gg
|
|switch|p1a: Skarmory|Skarmory, M|296\/323 slp
|-damage|p1a: Skarmory|256\/323 slp|[from] Stealth Rock
|turn|23
|c|âiDestructioNx|not really
|c|âiDestructioNx|i wasnt even focused on your match im in 3 others
|c|âiDestructioNx|there harder than this one
|c|âEggxecutor|ok
|c|âiDestructioNx|i practiakky gave u this win
|c|âiDestructioNx|practically
|c|âEggxecutor|thx I guess, lol
|c|âiDestructioNx|yw
|-message|iDestructioNx lost due to inactivity.
|
|win|Eggxecutor
|raw|Ladder updating...
|raw|iDestructioNx's rating: 1724 &rarr; <strong>1701<\/strong><br \/>(-23 for losing)
|raw|Eggxecutor's rating: 1670 &rarr; <strong>1693<\/strong><br \/>(+23 for winning)