|join|iDestructioNx
|join|Wruce Bayne
|player|p1|iDestructioNx|169
|player|p2|Wruce Bayne|161
|gametype|singles
|gen|6
|tier|OU
|rated
|clearpoke
|poke|p1|Charizard, M, shiny
|poke|p1|Tyranitar, M, shiny
|poke|p1|Landorus-Therian, M
|poke|p1|Suicune, shiny
|poke|p1|Skarmory, M
|poke|p1|Latios, M, shiny
|poke|p2|Diggersby, M, shiny
|poke|p2|Magnezone, shiny
|poke|p2|Gardevoir, F
|poke|p2|Terrakion, shiny
|poke|p2|Azumarill, M
|poke|p2|Mandibuzz, F, shiny
|rule|Swagger Clause: Swagger is banned
|rule|Baton Pass Clause: Limit one PokÃ©mon knowing Baton Pass
|rule|Sleep Clause Mod: Limit one foe put to sleep
|rule|Species Clause: Limit one of each PokÃ©mon
|rule|OHKO Clause: OHKO moves are banned
|rule|Moody Clause: Moody is banned
|rule|Evasion Moves Clause: Evasion moves are banned
|rule|Endless Battle Clause: Forcing endless battles is banned
|rule|HP Percentage Mod: HP is shown in percentages
|teampreview
|join|Khaliem
|
|start
|switch|p1a: Landorus-Therian|Landorus-Therian, M|319\/319
|switch|p2a: Red Bull|Terrakion, shiny|323\/323
|-ability|p1a: Landorus-Therian|Intimidate|[of] p2a: Red Bull
|-unboost|p2a: Red Bull|atk|1
|turn|1
|join|LT1A Murkrow
|
|switch|p2a: Vulture Aid|Mandibuzz, F, shiny|423\/423
|move|p1a: Landorus-Therian|Earthquake|p2a: Vulture Aid
|-immune|p2a: Vulture Aid|[msg]
|
|turn|2
|
|switch|p1a: Skarmory|Skarmory, M|323\/323
|move|p2a: Vulture Aid|Foul Play|p1a: Skarmory
|-damage|p1a: Skarmory|263\/323
|
|-heal|p1a: Skarmory|283\/323|[from] item: Leftovers
|turn|3
|
|switch|p1a: Landorus-Therian|Landorus-Therian, M|319\/319
|-ability|p1a: Landorus-Therian|Intimidate|[of] p2a: Vulture Aid
|-unboost|p2a: Vulture Aid|atk|1
|move|p2a: Vulture Aid|Taunt|p1a: Landorus-Therian
|-start|p1a: Landorus-Therian|move: Taunt
|
|turn|4
|
|move|p1a: Landorus-Therian|U-turn|p2a: Vulture Aid
|-damage|p2a: Vulture Aid|351\/423
|-damage|p1a: Landorus-Therian|266\/319|[from] item: Rocky Helmet|[of] p2a: Vulture Aid
|
|switch|p1a: Tyranitar|Tyranitar, M, shiny|341\/341
|-weather|Sandstorm
|move|p2a: Vulture Aid|Foul Play|p1a: Tyranitar
|-resisted|p1a: Tyranitar
|-damage|p1a: Tyranitar|248\/341
|
|-weather|Sandstorm|[upkeep]
|turn|5
|
|switch|p2a: Red Bull|Terrakion, shiny|323\/323
|move|p1a: Tyranitar|Stone Edge|p2a: Red Bull
|-resisted|p2a: Red Bull
|-damage|p2a: Red Bull|205\/323
|
|-weather|Sandstorm|[upkeep]
|turn|6
|
|switch|p1a: Landorus-Therian|Landorus-Therian, M|266\/319
|-ability|p1a: Landorus-Therian|Intimidate|[of] p2a: Red Bull
|-unboost|p2a: Red Bull|atk|1
|move|p2a: Red Bull|Stealth Rock|p1a: Landorus-Therian
|-sidestart|p1: iDestructioNx|move: Stealth Rock
|
|-weather|Sandstorm|[upkeep]
|turn|7
|
|switch|p1a: Latios|Latios, M, shiny|301\/301
|-damage|p1a: Latios|264\/301|[from] Stealth Rock
|switch|p2a: Vulture Aid|Mandibuzz, F, shiny|351\/423
|
|-weather|Sandstorm|[upkeep]
|-damage|p1a: Latios|246\/301|[from] sandstorm
|turn|8
|
|move|p1a: Latios|Draco Meteor|p2a: Vulture Aid
|-damage|p2a: Vulture Aid|65\/423
|-unboost|p1a: Latios|spa|2
|-damage|p1a: Latios|216\/301|[from] item: Life Orb
|move|p2a: Vulture Aid|Foul Play|p1a: Latios
|-supereffective|p1a: Latios
|-damage|p1a: Latios|0 fnt
|faint|p1a: Latios
|
|-weather|none
|
|switch|p1a: Suicune|Suicune, shiny|404\/404
|-damage|p1a: Suicune|354\/404|[from] Stealth Rock
|-ability|p1a: Suicune|Pressure
|turn|9
|
|move|p2a: Vulture Aid|Taunt|p1a: Suicune
|-start|p1a: Suicune|move: Taunt
|cant|p1a: Suicune|move: Taunt|Calm Mind
|
|-heal|p1a: Suicune|379\/404|[from] item: Leftovers
|turn|10
|c|âWruce Bayne|lol
|c|âWruce Bayne|mandibuzz
|c|âWruce Bayne|too op
|
|move|p2a: Vulture Aid|Roost|p2a: Vulture Aid
|-heal|p2a: Vulture Aid|277\/423
|move|p1a: Suicune|Scald|p2a: Vulture Aid
|-damage|p2a: Vulture Aid|193\/423
|
|-heal|p1a: Suicune|404\/404|[from] item: Leftovers
|turn|11
|
|switch|p2a: Magneto|Magnezone, shiny|281\/281
|move|p1a: Suicune|Scald|p2a: Magneto
|-damage|p2a: Magneto|182\/281
|
|-end|p1a: Suicune|move: Taunt
|turn|12
|
|switch|p1a: Tyranitar|Tyranitar, M, shiny|248\/341
|-damage|p1a: Tyranitar|206\/341|[from] Stealth Rock
|-weather|Sandstorm
|move|p2a: Magneto|Volt Switch|p1a: Tyranitar
|-damage|p1a: Tyranitar|151\/341
|
|switch|p2a: Bugs|Diggersby, M, shiny|311\/311
|
|-weather|Sandstorm|[upkeep]
|turn|13
|
|switch|p1a: Skarmory|Skarmory, M|283\/323
|-damage|p1a: Skarmory|243\/323|[from] Stealth Rock
|move|p2a: Bugs|U-turn|p1a: Skarmory
|-resisted|p1a: Skarmory
|-damage|p1a: Skarmory|219\/323
|c|âWruce Bayne|you fucked up
|
|switch|p2a: Magneto|Magnezone, shiny|182\/281
|
|-weather|Sandstorm|[upkeep]
|-heal|p1a: Skarmory|239\/323|[from] item: Leftovers
|turn|14
|
|move|p2a: Magneto|Volt Switch|p1a: Skarmory
|-supereffective|p1a: Skarmory
|-damage|p1a: Skarmory|0 fnt
|faint|p1a: Skarmory
|
|switch|p2a: Bugs|Diggersby, M, shiny|311\/311
|
|-weather|Sandstorm|[upkeep]
|c|âWruce Bayne|get em bus
|c|âWruce Bayne|bugs
|
|switch|p1a: Suicune|Suicune, shiny|404\/404
|-damage|p1a: Suicune|354\/404|[from] Stealth Rock
|-ability|p1a: Suicune|Pressure
|turn|15
|c|âWruce Bayne|u think im afraid of that suicune
|
|switch|p1a: Landorus-Therian|Landorus-Therian, M|266\/319
|-damage|p1a: Landorus-Therian|227\/319|[from] Stealth Rock
|-ability|p1a: Landorus-Therian|Intimidate|[of] p2a: Bugs
|-unboost|p2a: Bugs|atk|1
|move|p2a: Bugs|Return|p1a: Landorus-Therian
|-damage|p1a: Landorus-Therian|0 fnt
|faint|p1a: Landorus-Therian
|
|-weather|Sandstorm|[upkeep]
|
|switch|p1a: Suicune|Suicune, shiny|354\/404
|-damage|p1a: Suicune|304\/404|[from] Stealth Rock
|-ability|p1a: Suicune|Pressure
|turn|16
|
|switch|p2a: Magneto|Magnezone, shiny|182\/281
|move|p1a: Suicune|Scald|p2a: Magneto
|-damage|p2a: Magneto|83\/281
|
|-weather|none
|-heal|p1a: Suicune|329\/404|[from] item: Leftovers
|turn|17
|
|move|p2a: Magneto|Volt Switch|p1a: Suicune
|-supereffective|p1a: Suicune
|-damage|p1a: Suicune|101\/404
|
|switch|p2a: Cosmo Queen|Gardevoir, F|277\/277
|-ability|p2a: Cosmo Queen|Pressure|[from] ability: Trace|[of] p1a: Suicune
|-ability|p2a: Cosmo Queen|Pressure
|move|p1a: Suicune|Calm Mind|p1a: Suicune
|-boost|p1a: Suicune|spa|1
|-boost|p1a: Suicune|spd|1
|
|-heal|p1a: Suicune|126\/404|[from] item: Leftovers
|turn|18
|
|detailschange|p2a: Cosmo Queen|Gardevoir-Mega, F
|message|Gardevoir has Mega Evolved into Mega Gardevoir!
|move|p2a: Cosmo Queen|Hyper Voice|p1a: Suicune
|-damage|p1a: Suicune|0 fnt
|faint|p1a: Suicune
|
|-message|iDestructioNx forfeited.
|
|win|Wruce Bayne
|raw|Ladder updating...
|leave|iDestructioNx
|player|p1
|raw|iDestructioNx's rating: 1758 &rarr; <strong>1746<\/strong><br \/>(-12 for losing)
|raw|Wruce Bayne's rating: 1909 &rarr; <strong>1920<\/strong><br \/>(+11 for winning)
|leave|Wruce Bayne
|player|p2
|leave|LT1A Murkrow