|join|SirJuice
|join|iDestructioNx
|player|p1|SirJuice|226
|player|p2|iDestructioNx|102
|gametype|singles
|gen|6
|tier|OU
|rated
|clearpoke
|poke|p1|Heracross, F, shiny
|poke|p1|Rotom-Wash, shiny
|poke|p1|Excadrill, M
|poke|p1|Dragonite, M
|poke|p1|Tyranitar, F
|poke|p1|Gothitelle, F
|poke|p2|Charizard, M, shiny
|poke|p2|Tyranitar, M, shiny
|poke|p2|Landorus-Therian, M
|poke|p2|Suicune, shiny
|poke|p2|Skarmory, M
|poke|p2|Latios, M, shiny
|rule|Swagger Clause: Swagger is banned
|rule|Baton Pass Clause: Limit one PokÃ©mon knowing Baton Pass
|rule|Sleep Clause Mod: Limit one foe put to sleep
|rule|Species Clause: Limit one of each PokÃ©mon
|rule|OHKO Clause: OHKO moves are banned
|rule|Moody Clause: Moody is banned
|rule|Evasion Moves Clause: Evasion moves are banned
|rule|Endless Battle Clause: Forcing endless battles is banned
|rule|HP Percentage Mod: HP is shown in percentages
|teampreview
|c|âSirJuice|hi gl hf 
|
|start
|switch|p1a: Hose A|Rotom-Wash, shiny|304\/304
|switch|p2a: Charizard|Charizard, M, shiny|297\/297
|turn|1
|c|âiDestructioNx|go mother fucker
|
|detailschange|p2a: Charizard|Charizard-Mega-Y, M, shiny
|message|Charizard has Mega Evolved into Mega Charizard!
|-weather|SunnyDay
|move|p1a: Hose A|Volt Switch|p2a: Charizard
|-supereffective|p2a: Charizard
|-damage|p2a: Charizard|91\/297
|join|BurntZebra
|join|Shawin
|
|switch|p1a: Wilson|Tyranitar, F|400\/400
|-weather|Sandstorm
|move|p2a: Charizard|Solar Beam|p1a: Wilson|[still]
|-prepare|p2a: Charizard|Solar Beam|p1a: Wilson
|
|-weather|Sandstorm|[upkeep]
|-damage|p2a: Charizard|73\/297|[from] sandstorm
|turn|2
|
|move|p2a: Charizard|Solar Beam|p1a: Wilson
|-supereffective|p1a: Wilson
|-damage|p1a: Wilson|338\/400
|move|p1a: Wilson|Ice Beam|p2a: Charizard
|-damage|p2a: Charizard|9\/297
|
|-weather|Sandstorm|[upkeep]
|-damage|p2a: Charizard|0 fnt|[from] sandstorm
|faint|p2a: Charizard
|
|switch|p2a: Suicune|Suicune, shiny|404\/404
|-ability|p2a: Suicune|Pressure
|turn|3
|
|switch|p1a: Super Fab|Heracross, F, shiny|311\/311
|move|p2a: Suicune|Calm Mind|p2a: Suicune
|-boost|p2a: Suicune|spa|1
|-boost|p2a: Suicune|spd|1
|
|-weather|Sandstorm|[upkeep]
|-damage|p1a: Super Fab|292\/311|[from] sandstorm
|-damage|p2a: Suicune|379\/404|[from] sandstorm
|-heal|p2a: Suicune|404\/404|[from] item: Leftovers
|turn|4
|
|detailschange|p1a: Super Fab|Heracross-Mega, F, shiny
|message|Heracross has Mega Evolved into Mega Heracross!
|move|p1a: Super Fab|Bullet Seed|p2a: Suicune
|-crit|p2a: Suicune
|-supereffective|p2a: Suicune
|-damage|p2a: Suicune|322\/404
|-supereffective|p2a: Suicune
|-damage|p2a: Suicune|266\/404
|-supereffective|p2a: Suicune
|-damage|p2a: Suicune|206\/404
|-supereffective|p2a: Suicune
|-damage|p2a: Suicune|148\/404
|-supereffective|p2a: Suicune
|-damage|p2a: Suicune|90\/404
|-hitcount|p2a: Suicune|5
|move|p2a: Suicune|Scald|p1a: Super Fab
|-damage|p1a: Super Fab|178\/311
|
|-weather|Sandstorm|[upkeep]
|-damage|p1a: Super Fab|159\/311|[from] sandstorm
|-damage|p2a: Suicune|65\/404|[from] sandstorm
|-heal|p2a: Suicune|90\/404|[from] item: Leftovers
|turn|5
|
|switch|p2a: Skarmory|Skarmory, M|323\/323
|move|p1a: Super Fab|Close Combat|p2a: Skarmory
|-damage|p2a: Skarmory|145\/323
|-unboost|p1a: Super Fab|def|1
|-unboost|p1a: Super Fab|spd|1
|
|-weather|none
|-heal|p2a: Skarmory|165\/323|[from] item: Leftovers
|turn|6
|
|switch|p1a: Hose A|Rotom-Wash, shiny|304\/304
|switch|p2a: Landorus-Therian|Landorus-Therian, M|319\/319
|-ability|p2a: Landorus-Therian|Intimidate|[of] p1a: Hose A
|-unboost|p1a: Hose A|atk|1
|
|turn|7
|
|move|p2a: Landorus-Therian|U-turn|p1a: Hose A
|-crit|p1a: Hose A
|-damage|p1a: Hose A|159\/304
|
|switch|p2a: Suicune|Suicune, shiny|90\/404
|-ability|p2a: Suicune|Pressure
|move|p1a: Hose A|Will-O-Wisp|p2a: Suicune
|-status|p2a: Suicune|brn
|
|-heal|p2a: Suicune|115\/404 brn|[from] item: Leftovers
|-damage|p2a: Suicune|65\/404 brn|[from] brn
|turn|8
|
|switch|p1a: Wilson|Tyranitar, F|338\/400
|-weather|Sandstorm
|move|p2a: Suicune|Rest|p2a: Suicune
|-status|p2a: Suicune|slp
|-heal|p2a: Suicune|404\/404 slp|[silent]
|-status|p2a: Suicune|slp|[from] move: Rest
|
|-weather|Sandstorm|[upkeep]
|-damage|p2a: Suicune|379\/404 slp|[from] sandstorm
|-heal|p2a: Suicune|404\/404 slp|[from] item: Leftovers
|turn|9
|leave|Shawin
|
|switch|p1a: Girthitelle|Gothitelle, F|281\/281
|cant|p2a: Suicune|slp
|move|p2a: Suicune|Sleep Talk|p2a: Suicune
|move|p2a: Suicune|Rest|p2a: Suicune|[from]Sleep Talk
|-fail|p2a: Suicune
|
|-weather|Sandstorm|[upkeep]
|-damage|p1a: Girthitelle|264\/281|[from] sandstorm
|-damage|p2a: Suicune|379\/404 slp|[from] sandstorm
|-heal|p2a: Suicune|404\/404 slp|[from] item: Leftovers
|turn|10
|
|move|p1a: Girthitelle|Trick|p2a: Suicune
|-activate|p1a: Girthitelle|move: Trick|[of] p2a: Suicune
|-item|p2a: Suicune|Choice Specs|[from] move: Trick
|-item|p1a: Girthitelle|Leftovers|[from] move: Trick
|cant|p2a: Suicune|slp
|move|p2a: Suicune|Sleep Talk|p2a: Suicune
|move|p2a: Suicune|Scald|p1a: Girthitelle|[from]Sleep Talk
|-damage|p1a: Girthitelle|146\/281
|-status|p1a: Girthitelle|brn
|
|-weather|Sandstorm|[upkeep]
|-damage|p1a: Girthitelle|129\/281 brn|[from] sandstorm
|-damage|p2a: Suicune|379\/404 slp|[from] sandstorm
|-heal|p1a: Girthitelle|146\/281 brn|[from] item: Leftovers
|-damage|p1a: Girthitelle|111\/281 brn|[from] brn
|turn|11
|
|move|p1a: Girthitelle|Thunderbolt|p2a: Suicune
|-supereffective|p2a: Suicune
|-damage|p2a: Suicune|213\/404 slp
|-curestatus|p2a: Suicune|slp
|move|p2a: Suicune|Sleep Talk|p2a: Suicune
|-fail|p2a: Suicune
|
|-weather|Sandstorm|[upkeep]
|-damage|p1a: Girthitelle|94\/281 brn|[from] sandstorm
|-damage|p2a: Suicune|188\/404|[from] sandstorm
|-heal|p1a: Girthitelle|111\/281 brn|[from] item: Leftovers
|-damage|p1a: Girthitelle|76\/281 brn|[from] brn
|turn|12
|
|move|p1a: Girthitelle|Thunderbolt|p2a: Suicune
|-supereffective|p2a: Suicune
|-damage|p2a: Suicune|24\/404
|move|p2a: Suicune|Sleep Talk|p2a: Suicune
|-fail|p2a: Suicune
|
|-weather|none
|-heal|p1a: Girthitelle|93\/281 brn|[from] item: Leftovers
|-damage|p1a: Girthitelle|58\/281 brn|[from] brn
|turn|13
|
|move|p1a: Girthitelle|Thunderbolt|p2a: Suicune
|-supereffective|p2a: Suicune
|-damage|p2a: Suicune|0 fnt
|faint|p2a: Suicune
|
|-heal|p1a: Girthitelle|75\/281 brn|[from] item: Leftovers
|-damage|p1a: Girthitelle|40\/281 brn|[from] brn
|
|switch|p2a: Landorus-Therian|Landorus-Therian, M|319\/319
|-ability|p2a: Landorus-Therian|Intimidate|[of] p1a: Girthitelle
|-unboost|p1a: Girthitelle|atk|1
|turn|14
|
|switch|p1a: Super Fab|Heracross-Mega, F, shiny|159\/311
|move|p2a: Landorus-Therian|U-turn|p1a: Super Fab
|-resisted|p1a: Super Fab
|-damage|p1a: Super Fab|119\/311
|c|âSirJuice|u there brah?
|leave|BurntZebra
|-message|iDestructioNx lost due to inactivity.
|
|win|SirJuice
|raw|Ladder updating...
|raw|SirJuice's rating: 1641 &rarr; <strong>1658<\/strong><br \/>(+17 for winning)
|raw|iDestructioNx's rating: 1586 &rarr; <strong>1569<\/strong><br \/>(-17 for losing)