|join|iDestructioNx
|join|LT1B daftmau5
|player|p1|iDestructioNx|169
|player|p2|LT1B daftmau5|169
|gametype|singles
|gen|6
|tier|OU
|rated
|clearpoke
|poke|p1|Charizard, M, shiny
|poke|p1|Tyranitar, M, shiny
|poke|p1|Landorus-Therian, M
|poke|p1|Suicune, shiny
|poke|p1|Skarmory, M
|poke|p1|Latios, M, shiny
|poke|p2|Greninja, M
|poke|p2|Hawlucha, M, shiny
|poke|p2|Latios, M
|poke|p2|Landorus-Therian, M
|poke|p2|Heatran, F
|poke|p2|Manectric, M
|rule|Swagger Clause: Swagger is banned
|rule|Baton Pass Clause: Limit one PokÃ©mon knowing Baton Pass
|rule|Sleep Clause Mod: Limit one foe put to sleep
|rule|Species Clause: Limit one of each PokÃ©mon
|rule|OHKO Clause: OHKO moves are banned
|rule|Moody Clause: Moody is banned
|rule|Evasion Moves Clause: Evasion moves are banned
|rule|Endless Battle Clause: Forcing endless battles is banned
|rule|HP Percentage Mod: HP is shown in percentages
|teampreview
|
|start
|switch|p1a: Landorus-Therian|Landorus-Therian, M|319\/319
|switch|p2a: Landorus-Therian|Landorus-Therian, M|320\/320
|-ability|p2a: Landorus-Therian|Intimidate|[of] p1a: Landorus-Therian
|-unboost|p1a: Landorus-Therian|atk|1
|-ability|p1a: Landorus-Therian|Intimidate|[of] p2a: Landorus-Therian
|-unboost|p2a: Landorus-Therian|atk|1
|turn|1
|
|move|p2a: Landorus-Therian|U-turn|p1a: Landorus-Therian
|-resisted|p1a: Landorus-Therian
|-damage|p1a: Landorus-Therian|284\/319
|
|switch|p2a: Heatran|Heatran, F|333\/333
|-item|p2a: Heatran|Air Balloon
|move|p1a: Landorus-Therian|Knock Off|p2a: Heatran
|-damage|p2a: Heatran|238\/333
|-enditem|p2a: Heatran|Air Balloon
|
|turn|2
|
|switch|p1a: Suicune|Suicune, shiny|404\/404
|-ability|p1a: Suicune|Pressure
|move|p2a: Heatran|Stealth Rock|p1a: Suicune
|-sidestart|p1: iDestructioNx|move: Stealth Rock
|
|turn|3
|
|move|p2a: Heatran|Taunt|p1a: Suicune
|-start|p1a: Suicune|move: Taunt
|cant|p1a: Suicune|move: Taunt|Calm Mind
|
|turn|4
|
|move|p2a: Heatran|Will-O-Wisp|p1a: Suicune
|-status|p1a: Suicune|brn
|move|p1a: Suicune|Scald|p2a: Heatran
|-supereffective|p2a: Heatran
|-damage|p2a: Heatran|82\/333
|
|-damage|p1a: Suicune|354\/404 brn|[from] brn
|turn|5
|
|switch|p2a: Latios|Latios, M|302\/302
|move|p1a: Suicune|Scald|p2a: Latios
|-resisted|p2a: Latios
|-damage|p2a: Latios|263\/302
|
|-heal|p1a: Suicune|379\/404 brn|[from] item: Leftovers
|-damage|p1a: Suicune|329\/404 brn|[from] brn
|-end|p1a: Suicune|move: Taunt
|turn|6
|
|switch|p2a: Landorus-Therian|Landorus-Therian, M|320\/320
|-ability|p2a: Landorus-Therian|Intimidate|[of] p1a: Suicune
|-unboost|p1a: Suicune|atk|1
|move|p1a: Suicune|Calm Mind|p1a: Suicune
|-boost|p1a: Suicune|spa|1
|-boost|p1a: Suicune|spd|1
|
|-heal|p1a: Suicune|354\/404 brn|[from] item: Leftovers
|-damage|p1a: Suicune|304\/404 brn|[from] brn
|turn|7
|
|move|p2a: Landorus-Therian|U-turn|p1a: Suicune
|-damage|p1a: Suicune|241\/404 brn
|
|switch|p2a: Heatran|Heatran, F|82\/333
|move|p1a: Suicune|Scald|p2a: Heatran
|-supereffective|p2a: Heatran
|-damage|p2a: Heatran|0 fnt
|faint|p2a: Heatran
|
|-heal|p1a: Suicune|266\/404 brn|[from] item: Leftovers
|-damage|p1a: Suicune|216\/404 brn|[from] brn
|
|switch|p2a: Hawlucha|Hawlucha, M, shiny|312\/312
|turn|8
|
|move|p2a: Hawlucha|Substitute|p2a: Hawlucha
|-start|p2a: Hawlucha|Substitute
|-damage|p2a: Hawlucha|234\/312
|move|p1a: Suicune|Scald|p2a: Hawlucha
|-end|p2a: Hawlucha|Substitute
|
|-heal|p1a: Suicune|241\/404 brn|[from] item: Leftovers
|-damage|p1a: Suicune|191\/404 brn|[from] brn
|turn|9
|
|move|p2a: Hawlucha|Substitute|p2a: Hawlucha
|-start|p2a: Hawlucha|Substitute
|-damage|p2a: Hawlucha|156\/312
|-enditem|p2a: Hawlucha|Sitrus Berry|[eat]
|-heal|p2a: Hawlucha|234\/312|[from] item: Sitrus Berry
|move|p1a: Suicune|Scald|p2a: Hawlucha
|-end|p2a: Hawlucha|Substitute
|
|-heal|p1a: Suicune|216\/404 brn|[from] item: Leftovers
|-damage|p1a: Suicune|166\/404 brn|[from] brn
|turn|10
|
|move|p2a: Hawlucha|Substitute|p2a: Hawlucha
|-start|p2a: Hawlucha|Substitute
|-damage|p2a: Hawlucha|156\/312
|move|p1a: Suicune|Scald|p2a: Hawlucha
|-end|p2a: Hawlucha|Substitute
|
|-heal|p1a: Suicune|191\/404 brn|[from] item: Leftovers
|-damage|p1a: Suicune|141\/404 brn|[from] brn
|turn|11
|
|move|p2a: Hawlucha|High Jump Kick|p1a: Suicune
|-damage|p1a: Suicune|17\/404 brn
|move|p1a: Suicune|Rest|p1a: Suicune
|-status|p1a: Suicune|slp
|-heal|p1a: Suicune|404\/404 slp|[silent]
|-status|p1a: Suicune|slp|[from] move: Rest
|
|turn|12
|
|move|p2a: Hawlucha|Swords Dance|p2a: Hawlucha
|-boost|p2a: Hawlucha|atk|2
|cant|p1a: Suicune|slp
|move|p1a: Suicune|Sleep Talk|p1a: Suicune
|move|p1a: Suicune|Rest|p1a: Suicune|[from]Sleep Talk
|-fail|p1a: Suicune
|
|turn|13
|
|move|p2a: Hawlucha|Substitute|p2a: Hawlucha
|-start|p2a: Hawlucha|Substitute
|-damage|p2a: Hawlucha|78\/312
|cant|p1a: Suicune|slp
|move|p1a: Suicune|Sleep Talk|p1a: Suicune
|move|p1a: Suicune|Calm Mind|p1a: Suicune|[from]Sleep Talk
|-boost|p1a: Suicune|spa|1
|-boost|p1a: Suicune|spd|1
|
|turn|14
|
|move|p2a: Hawlucha|High Jump Kick|p1a: Suicune
|-damage|p1a: Suicune|169\/404 slp
|-curestatus|p1a: Suicune|slp
|move|p1a: Suicune|Scald|p2a: Hawlucha
|-end|p2a: Hawlucha|Substitute
|
|-heal|p1a: Suicune|194\/404|[from] item: Leftovers
|turn|15
|
|switch|p1a: Landorus-Therian|Landorus-Therian, M|284\/319
|-damage|p1a: Landorus-Therian|245\/319|[from] Stealth Rock
|-ability|p1a: Landorus-Therian|Intimidate|[of] p2a: Hawlucha
|-unboost|p2a: Hawlucha|atk|1
|move|p2a: Hawlucha|High Jump Kick|p1a: Landorus-Therian
|-resisted|p1a: Landorus-Therian
|-damage|p1a: Landorus-Therian|96\/319
|
|turn|16
|
|move|p2a: Hawlucha|High Jump Kick|p1a: Landorus-Therian|[miss]
|-miss|p2a: Hawlucha|p1a: Landorus-Therian
|-damage|p2a: Hawlucha|0 fnt|[from] highjumpkick
|faint|p2a: Hawlucha
|move|p1a: Landorus-Therian|Knock Off|p2: Hawlucha|[notarget]
|-notarget
|
|
|switch|p2a: Manectric|Manectric, M|281\/281
|turn|17
|
|switch|p1a: Tyranitar|Tyranitar, M, shiny|341\/341
|-damage|p1a: Tyranitar|299\/341|[from] Stealth Rock
|-weather|Sandstorm
|detailschange|p2a: Manectric|Manectric-Mega, M
|message|Manectric has Mega Evolved into Mega Manectric!
|-ability|p2a: Manectric|Intimidate|[of] p1a: Tyranitar
|-unboost|p1a: Tyranitar|atk|1
|move|p2a: Manectric|Hidden Power|p1a: Tyranitar
|-damage|p1a: Tyranitar|267\/341
|
|-weather|Sandstorm|[upkeep]
|-damage|p2a: Manectric|264\/281|[from] sandstorm
|turn|18
|
|move|p2a: Manectric|Volt Switch|p1a: Tyranitar
|-damage|p1a: Tyranitar|207\/341
|
|move|p1a: Tyranitar|Pursuit|p2a: Manectric|[from]Pursuit
|-damage|p2a: Manectric|143\/281
|switch|p2a: Landorus-Therian|Landorus-Therian, M|320\/320
|-ability|p2a: Landorus-Therian|Intimidate|[of] p1a: Tyranitar
|-unboost|p1a: Tyranitar|atk|1
|
|-weather|Sandstorm|[upkeep]
|turn|19
|
|switch|p1a: Skarmory|Skarmory, M|323\/323
|-damage|p1a: Skarmory|283\/323|[from] Stealth Rock
|move|p2a: Landorus-Therian|U-turn|p1a: Skarmory
|-resisted|p1a: Skarmory
|-damage|p1a: Skarmory|269\/323
|
|switch|p2a: Greninja|Greninja, M|286\/286
|
|-weather|Sandstorm|[upkeep]
|-damage|p2a: Greninja|269\/286|[from] sandstorm
|-heal|p1a: Skarmory|289\/323|[from] item: Leftovers
|turn|20
|
|move|p2a: Greninja|Hydro Pump|p1a: Skarmory
|-start|p2a: Greninja|typechange|Water|[from] Protean
|-damage|p1a: Skarmory|15\/323
|-damage|p2a: Greninja|241\/286|[from] item: Life Orb
|move|p1a: Skarmory|Brave Bird|p2a: Greninja
|-damage|p2a: Greninja|72\/286
|-damage|p1a: Skarmory|0 fnt|[from] recoil|[of] p2a: Greninja
|faint|p1a: Skarmory
|
|-weather|Sandstorm|[upkeep]
|-damage|p2a: Greninja|55\/286|[from] sandstorm
|
|switch|p1a: Landorus-Therian|Landorus-Therian, M|96\/319
|-damage|p1a: Landorus-Therian|57\/319|[from] Stealth Rock
|-ability|p1a: Landorus-Therian|Intimidate|[of] p2a: Greninja
|-unboost|p2a: Greninja|atk|1
|turn|21
|
|move|p1a: Landorus-Therian|U-turn|p2a: Greninja
|-damage|p2a: Greninja|0 fnt
|faint|p2a: Greninja
|
|switch|p1a: Tyranitar|Tyranitar, M, shiny|207\/341
|-damage|p1a: Tyranitar|165\/341|[from] Stealth Rock
|
|-weather|none
|
|switch|p2a: Landorus-Therian|Landorus-Therian, M|320\/320
|-ability|p2a: Landorus-Therian|Intimidate|[of] p1a: Tyranitar
|-unboost|p1a: Tyranitar|atk|1
|turn|22
|
|move|p2a: Landorus-Therian|U-turn|p1a: Tyranitar
|-supereffective|p1a: Tyranitar
|-damage|p1a: Tyranitar|0 fnt
|faint|p1a: Tyranitar
|
|switch|p2a: Manectric|Manectric-Mega, M|143\/281
|
|
|switch|p1a: Latios|Latios, M, shiny|301\/301
|-damage|p1a: Latios|264\/301|[from] Stealth Rock
|turn|23
|
|move|p2a: Manectric|Hidden Power|p1a: Latios
|-supereffective|p1a: Latios
|-damage|p1a: Latios|134\/301
|move|p1a: Latios|Defog|p2a: Manectric
|-unboost|p2a: Manectric|evasion|1
|-sideend|p1: iDestructioNx|Stealth Rock|[from] move: Defog|[of] p1a: Latios
|
|turn|24
|
|move|p2a: Manectric|Hidden Power|p1a: Latios
|-supereffective|p1a: Latios
|-damage|p1a: Latios|0 fnt
|faint|p1a: Latios
|
|
|switch|p1a: Landorus-Therian|Landorus-Therian, M|57\/319
|-ability|p1a: Landorus-Therian|Intimidate|[of] p2a: Manectric
|-unboost|p2a: Manectric|atk|1
|turn|25
|
|switch|p1a: Suicune|Suicune, shiny|194\/404
|-ability|p1a: Suicune|Pressure
|switch|p2a: Landorus-Therian|Landorus-Therian, M|320\/320
|-ability|p2a: Landorus-Therian|Intimidate|[of] p1a: Suicune
|-unboost|p1a: Suicune|atk|1
|
|-heal|p1a: Suicune|219\/404|[from] item: Leftovers
|turn|26
|
|move|p2a: Landorus-Therian|U-turn|p1a: Suicune
|-damage|p1a: Suicune|160\/404
|
|switch|p2a: Manectric|Manectric-Mega, M|143\/281
|-ability|p2a: Manectric|Intimidate|[of] p1a: Suicune
|-unboost|p1a: Suicune|atk|1
|move|p1a: Suicune|Rest|p1a: Suicune
|-status|p1a: Suicune|slp
|-heal|p1a: Suicune|404\/404 slp|[silent]
|-status|p1a: Suicune|slp|[from] move: Rest
|
|turn|27
|
|switch|p1a: Landorus-Therian|Landorus-Therian, M|57\/319
|-ability|p1a: Landorus-Therian|Intimidate|[of] p2a: Manectric
|-unboost|p2a: Manectric|atk|1
|move|p2a: Manectric|Hidden Power|p1a: Landorus-Therian
|-supereffective|p1a: Landorus-Therian
|-damage|p1a: Landorus-Therian|0 fnt
|faint|p1a: Landorus-Therian
|
|c|âiDestructioNx|this game is broken
|c|âiDestructioNx|i def cancel that 
|c|âiDestructioNx|smh
|
|switch|p1a: Suicune|Suicune, shiny|404\/404 slp
|-ability|p1a: Suicune|Pressure
|turn|28
|
|move|p2a: Manectric|Thunderbolt|p1a: Suicune
|-crit|p1a: Suicune
|-supereffective|p1a: Suicune
|-damage|p1a: Suicune|0 fnt
|faint|p1a: Suicune
|
|
|switch|p1a: Charizard|Charizard, M, shiny|297\/297
|turn|29
|
|detailschange|p1a: Charizard|Charizard-Mega-Y, M, shiny
|message|Charizard has Mega Evolved into Mega Charizard!
|-weather|SunnyDay
|move|p2a: Manectric|Volt Switch|p1a: Charizard
|-supereffective|p1a: Charizard
|-damage|p1a: Charizard|55\/297
|
|switch|p2a: Landorus-Therian|Landorus-Therian, M|320\/320
|-ability|p2a: Landorus-Therian|Intimidate|[of] p1a: Charizard
|-unboost|p1a: Charizard|atk|1
|move|p1a: Charizard|Fire Blast|p2a: Landorus-Therian
|-damage|p2a: Landorus-Therian|0 fnt
|faint|p2a: Landorus-Therian
|
|-weather|SunnyDay|[upkeep]
|
|switch|p2a: Manectric|Manectric-Mega, M|143\/281
|-ability|p2a: Manectric|Intimidate|[of] p1a: Charizard
|-unboost|p1a: Charizard|atk|1
|turn|30
|c|âiDestructioNx|i really won this match
|
|move|p2a: Manectric|Thunderbolt|p1a: Charizard
|-supereffective|p1a: Charizard
|-damage|p1a: Charizard|0 fnt
|faint|p1a: Charizard
|
|win|LT1B daftmau5
|raw|Ladder updating...
|raw|iDestructioNx's rating: 1804 &rarr; <strong>1784<\/strong><br \/>(-20 for losing)
|raw|LT1B daftmau5's rating: 1797 &rarr; <strong>1818<\/strong><br \/>(+21 for winning)
|c|âLT1B daftmau5|okay
|c|âLT1B daftmau5|lol
|c|âLT1B daftmau5|gg
|leave|iDestructioNx
|player|p1