|join|iDestructioNx
|join|LT1B Adrian OLT
|player|p1|iDestructioNx|101
|player|p2|LT1B Adrian OLT|160
|gametype|singles
|gen|6
|tier|OU
|rated
|clearpoke
|poke|p1|Charizard, M, shiny
|poke|p1|Tyranitar, M, shiny
|poke|p1|Landorus-Therian, M
|poke|p1|Suicune, shiny
|poke|p1|Skarmory, M
|poke|p1|Latios, M
|poke|p2|Charizard, F
|poke|p2|Gliscor, M
|poke|p2|Mew
|poke|p2|Chansey, F
|poke|p2|Alomomola, F
|poke|p2|Skarmory, F
|rule|Swagger Clause: Swagger is banned
|rule|Baton Pass Clause: Limit one PokÃ©mon knowing Baton Pass
|rule|Sleep Clause Mod: Limit one foe put to sleep
|rule|Species Clause: Limit one of each PokÃ©mon
|rule|OHKO Clause: OHKO moves are banned
|rule|Moody Clause: Moody is banned
|rule|Evasion Moves Clause: Evasion moves are banned
|rule|Endless Battle Clause: Forcing endless battles is banned
|rule|HP Percentage Mod: HP is shown in percentages
|teampreview
|c|âLT1B Adrian OLT|Hf
|
|start
|switch|p1a: Charizard|Charizard, M, shiny|297\/297
|switch|p2a: Mew|Mew|404\/404
|turn|1
|
|switch|p2a: Alomomola|Alomomola, F|480\/480
|detailschange|p1a: Charizard|Charizard-Mega-Y, M, shiny
|message|Charizard has Mega Evolved into Mega Charizard!
|-weather|SunnyDay
|move|p1a: Charizard|Fire Blast|p2a: Alomomola|[miss]
|-miss|p1a: Charizard|p2a: Alomomola
|
|-weather|SunnyDay|[upkeep]
|turn|2
|
|switch|p2a: Chansey|Chansey, F|704\/704
|move|p1a: Charizard|Fire Blast|p2a: Chansey
|-damage|p2a: Chansey|455\/704
|
|-weather|SunnyDay|[upkeep]
|turn|3
|
|move|p1a: Charizard|Fire Blast|p2a: Chansey
|-damage|p2a: Chansey|223\/704
|-status|p2a: Chansey|brn
|move|p2a: Chansey|Soft-Boiled|p2a: Chansey
|-heal|p2a: Chansey|575\/704 brn
|
|-weather|SunnyDay|[upkeep]
|-damage|p2a: Chansey|487\/704 brn|[from] brn
|turn|4
|
|move|p1a: Charizard|Fire Blast|p2a: Chansey|[miss]
|-miss|p1a: Charizard|p2a: Chansey
|move|p2a: Chansey|Soft-Boiled|p2a: Chansey
|-heal|p2a: Chansey|704\/704 brn
|
|-weather|SunnyDay|[upkeep]
|-damage|p2a: Chansey|616\/704 brn|[from] brn
|turn|5
|c|âLT1B Adrian OLT|Oml
|
|switch|p1a: Landorus-Therian|Landorus-Therian, M|319\/319
|-ability|p1a: Landorus-Therian|Intimidate|[of] p2a: Chansey
|-unboost|p2a: Chansey|atk|1
|switch|p2a: Alomomola|Alomomola, F|480\/480
|
|-weather|none
|turn|6
|join|Apollo72
|
|switch|p1a: Skarmory|Skarmory, M|323\/323
|switch|p2a: Skarmory|Skarmory, F|334\/334
|
|turn|7
|
|move|p2a: Skarmory|Stealth Rock|p1a: Skarmory
|-sidestart|p1: iDestructioNx|move: Stealth Rock
|move|p1a: Skarmory|Stealth Rock|p2a: Skarmory
|-sidestart|p2: LT1B Adrian OLT|move: Stealth Rock
|
|turn|8
|
|switch|p2a: Gliscor|Gliscor, M|352\/352
|-damage|p2a: Gliscor|308\/352|[from] Stealth Rock
|move|p1a: Skarmory|Whirlwind|p2a: Gliscor
|drag|p2a: Mew|Mew|404\/404
|-damage|p2a: Mew|354\/404|[from] Stealth Rock
|
|-heal|p2a: Mew|379\/404|[from] item: Leftovers
|turn|9
|
|move|p2a: Mew|Taunt|p1a: Skarmory
|-start|p1a: Skarmory|move: Taunt
|cant|p1a: Skarmory|move: Taunt|Roost
|
|-heal|p2a: Mew|404\/404|[from] item: Leftovers
|turn|10
|
|switch|p1a: Latios|Latios, M|301\/301
|-damage|p1a: Latios|264\/301|[from] Stealth Rock
|move|p2a: Mew|Will-O-Wisp|p1a: Latios
|-status|p1a: Latios|brn
|
|-damage|p1a: Latios|227\/301 brn|[from] brn
|turn|11
|
|switch|p2a: Chansey|Chansey, F|616\/704
|-damage|p2a: Chansey|528\/704|[from] Stealth Rock
|move|p1a: Latios|Defog|p2a: Chansey
|-unboost|p2a: Chansey|evasion|1
|-sideend|p2: LT1B Adrian OLT|Stealth Rock|[from] move: Defog|[of] p2a: Chansey
|-sideend|p1: iDestructioNx|Stealth Rock|[from] move: Defog|[of] p1a: Latios
|
|-damage|p1a: Latios|190\/301 brn|[from] brn
|turn|12
|
|move|p1a: Latios|Psyshock|p2a: Chansey
|-damage|p2a: Chansey|293\/704
|-damage|p1a: Latios|160\/301 brn|[from] item: Life Orb
|move|p2a: Chansey|Wish|p2a: Chansey
|
|-damage|p1a: Latios|123\/301 brn|[from] brn
|turn|13
|
|switch|p1a: Charizard|Charizard-Mega-Y, M, shiny|297\/297
|-weather|SunnyDay
|move|p2a: Chansey|Seismic Toss|p1a: Charizard
|-damage|p1a: Charizard|197\/297
|
|-weather|SunnyDay|[upkeep]
|-heal|p2a: Chansey|645\/704|[from] move: Wish|[wisher] Chansey
|turn|14
|
|move|p1a: Charizard|Fire Blast|p2a: Chansey
|-damage|p2a: Chansey|396\/704
|move|p2a: Chansey|Wish|p2a: Chansey
|
|-weather|SunnyDay|[upkeep]
|turn|15
|
|switch|p1a: Tyranitar|Tyranitar, M, shiny|341\/341
|-weather|Sandstorm
|move|p2a: Chansey|Seismic Toss|p1a: Tyranitar
|-damage|p1a: Tyranitar|241\/341
|
|-weather|Sandstorm|[upkeep]
|-damage|p2a: Chansey|352\/704|[from] sandstorm
|-heal|p2a: Chansey|704\/704|[from] move: Wish|[wisher] Chansey
|turn|16
|
|switch|p1a: Charizard|Charizard-Mega-Y, M, shiny|197\/297
|-weather|SunnyDay
|switch|p2a: Skarmory|Skarmory, F|334\/334
|
|-weather|SunnyDay|[upkeep]
|turn|17
|
|move|p1a: Charizard|Fire Blast|p2a: Skarmory
|-supereffective|p2a: Skarmory
|-activate|p2a: Skarmory|Sturdy
|-damage|p2a: Skarmory|1\/334
|move|p2a: Skarmory|Stealth Rock|p1a: Charizard
|-sidestart|p1: iDestructioNx|move: Stealth Rock
|
|-weather|SunnyDay|[upkeep]
|-heal|p2a: Skarmory|21\/334|[from] item: Leftovers
|turn|18
|
|switch|p2a: Chansey|Chansey, F|704\/704
|move|p1a: Charizard|Focus Blast|p2a: Chansey|[miss]
|-miss|p1a: Charizard|p2a: Chansey
|
|-weather|SunnyDay|[upkeep]
|turn|19
|c|âiDestructioNx|nigga why do u have a stall team late at this tine
|c|âLT1B Adrian OLT|You mean in
|c|âLT1B Adrian OLT|Mid-stage OLT
|c|âLT1B Adrian OLT|Or something else lol
|c|âiDestructioNx|you must not be in school work are anything
|
|switch|p1a: Skarmory|Skarmory, M|323\/323
|-damage|p1a: Skarmory|283\/323|[from] Stealth Rock
|move|p2a: Chansey|Seismic Toss|p1a: Skarmory
|-damage|p1a: Skarmory|183\/323
|
|-weather|SunnyDay|[upkeep]
|-heal|p1a: Skarmory|203\/323|[from] item: Leftovers
|turn|20
|c|âLT1B Adrian OLT|Nop
|c|âiDestructioNx|i came to get a quick match i have school and work
|c|âLT1B Adrian OLT|I'm doing a tour, so
|
|switch|p2a: Skarmory|Skarmory, F|21\/334
|move|p1a: Skarmory|Stealth Rock|p2a: Skarmory
|-sidestart|p2: LT1B Adrian OLT|move: Stealth Rock
|
|-weather|none
|-heal|p2a: Skarmory|41\/334|[from] item: Leftovers
|-heal|p1a: Skarmory|223\/323|[from] item: Leftovers
|turn|21
|c|âLT1B Adrian OLT|I have to play my best
|
|move|p2a: Skarmory|Roost|p2a: Skarmory
|-heal|p2a: Skarmory|208\/334
|move|p1a: Skarmory|Whirlwind|p2a: Skarmory
|drag|p2a: Alomomola|Alomomola, F|480\/480
|-damage|p2a: Alomomola|420\/480|[from] Stealth Rock
|
|-heal|p1a: Skarmory|243\/323|[from] item: Leftovers
|-heal|p2a: Alomomola|450\/480|[from] item: Leftovers
|turn|22
|c|âiDestructioNx|well can you go play someone else
|c|âiDestructioNx|i cant be up that long
|c|âLT1B Adrian OLT|Sorry
|
|move|p1a: Skarmory|Roost|p1a: Skarmory
|-heal|p1a: Skarmory|323\/323
|move|p2a: Alomomola|Wish|p2a: Alomomola
|
|-heal|p2a: Alomomola|480\/480|[from] item: Leftovers
|turn|23
|c|âLT1B Adrian OLT|Stall is my main playstyle lol
|
|move|p2a: Alomomola|Scald|p1a: Skarmory
|-damage|p1a: Skarmory|260\/323
|move|p1a: Skarmory|Whirlwind|p2a: Alomomola
|drag|p2a: Charizard|Charizard, F|359\/359
|-damage|p2a: Charizard|180\/359|[from] Stealth Rock
|
|-heal|p2a: Charizard|359\/359|[from] move: Wish|[wisher] Alomomola
|-heal|p1a: Skarmory|280\/323|[from] item: Leftovers
|turn|24
|c|âLT1B Adrian OLT|It's legit
|
|switch|p1a: Suicune|Suicune, shiny|404\/404
|-damage|p1a: Suicune|354\/404|[from] Stealth Rock
|-ability|p1a: Suicune|Pressure
|detailschange|p2a: Charizard|Charizard-Mega-X, F
|message|Charizard has Mega Evolved into Mega Charizard!
|move|p2a: Charizard|Will-O-Wisp|p1a: Suicune
|-status|p1a: Suicune|brn
|
|-heal|p1a: Suicune|379\/404 brn|[from] item: Leftovers
|-damage|p1a: Suicune|329\/404 brn|[from] brn
|turn|25
|
|move|p2a: Charizard|Dragon Claw|p1a: Suicune
|-damage|p1a: Suicune|223\/404 brn
|move|p1a: Suicune|Calm Mind|p1a: Suicune
|-boost|p1a: Suicune|spa|1
|-boost|p1a: Suicune|spd|1
|
|-heal|p1a: Suicune|248\/404 brn|[from] item: Leftovers
|-damage|p1a: Suicune|198\/404 brn|[from] brn
|turn|26
|
|switch|p2a: Mew|Mew|404\/404
|-damage|p2a: Mew|354\/404|[from] Stealth Rock
|move|p1a: Suicune|Rest|p1a: Suicune
|-status|p1a: Suicune|slp
|-heal|p1a: Suicune|404\/404 slp|[silent]
|-status|p1a: Suicune|slp|[from] move: Rest
|
|-heal|p2a: Mew|379\/404|[from] item: Leftovers
|turn|27
|
|move|p2a: Mew|Taunt|p1a: Suicune
|-start|p1a: Suicune|move: Taunt
|cant|p1a: Suicune|slp
|cant|p1a: Suicune|move: Taunt|Sleep Talk
|
|-heal|p2a: Mew|404\/404|[from] item: Leftovers
|turn|28
|
|switch|p2a: Gliscor|Gliscor, M|308\/352
|-damage|p2a: Gliscor|264\/352|[from] Stealth Rock
|cant|p1a: Suicune|slp
|
|-status|p2a: Gliscor|tox|[from] item: Toxic Orb
|turn|29
|
|move|p2a: Gliscor|Knock Off|p1a: Suicune
|-crit|p1a: Suicune
|-damage|p1a: Suicune|338\/404 slp
|-enditem|p1a: Suicune|Leftovers|[from] move: Knock Off|[of] p2a: Gliscor
|-curestatus|p1a: Suicune|slp
|move|p1a: Suicune|Scald|p2a: Gliscor
|-supereffective|p2a: Gliscor
|-damage|p2a: Gliscor|42\/352 tox
|
|-heal|p2a: Gliscor|86\/352 tox|[from] ability: Poison Heal
|-end|p1a: Suicune|move: Taunt
|turn|30
|c|âLT1B Adrian OLT|Balk
|
|switch|p2a: Mew|Mew|404\/404
|-damage|p2a: Mew|354\/404|[from] Stealth Rock
|move|p1a: Suicune|Calm Mind|p1a: Suicune
|-boost|p1a: Suicune|spa|1
|-boost|p1a: Suicune|spd|1
|
|-heal|p2a: Mew|379\/404|[from] item: Leftovers
|turn|31
|
|move|p2a: Mew|Taunt|p1a: Suicune
|-start|p1a: Suicune|move: Taunt
|move|p1a: Suicune|Scald|p2a: Mew
|-crit|p2a: Mew
|-damage|p2a: Mew|105\/404
|
|-heal|p2a: Mew|130\/404|[from] item: Leftovers
|turn|32
|
|move|p2a: Mew|Soft-Boiled|p2a: Mew
|-heal|p2a: Mew|332\/404
|move|p1a: Suicune|Scald|p2a: Mew
|-damage|p2a: Mew|151\/404
|
|-heal|p2a: Mew|176\/404|[from] item: Leftovers
|turn|33
|
|move|p2a: Mew|Soft-Boiled|p2a: Mew
|-heal|p2a: Mew|378\/404
|move|p1a: Suicune|Scald|p2a: Mew
|-damage|p2a: Mew|203\/404
|
|-heal|p2a: Mew|228\/404|[from] item: Leftovers
|-end|p1a: Suicune|move: Taunt
|turn|34
|
|move|p2a: Mew|Taunt|p1a: Suicune
|-start|p1a: Suicune|move: Taunt
|move|p1a: Suicune|Scald|p2a: Mew
|-damage|p2a: Mew|63\/404
|
|-heal|p2a: Mew|88\/404|[from] item: Leftovers
|turn|35
|
|move|p2a: Mew|Soft-Boiled|p2a: Mew
|-heal|p2a: Mew|290\/404
|move|p1a: Suicune|Scald|p2a: Mew
|-damage|p2a: Mew|106\/404
|
|-heal|p2a: Mew|131\/404|[from] item: Leftovers
|turn|36
|c|âLT1B Adrian OLT|No burn
|c|âLT1B Adrian OLT|Oh why
|
|move|p2a: Mew|Soft-Boiled|p2a: Mew
|-heal|p2a: Mew|333\/404
|move|p1a: Suicune|Scald|p2a: Mew
|-damage|p2a: Mew|168\/404
|
|-heal|p2a: Mew|193\/404|[from] item: Leftovers
|-end|p1a: Suicune|move: Taunt
|turn|37
|
|move|p2a: Mew|Taunt|p1a: Suicune
|-start|p1a: Suicune|move: Taunt
|move|p1a: Suicune|Scald|p2a: Mew
|-damage|p2a: Mew|16\/404
|
|-heal|p2a: Mew|41\/404|[from] item: Leftovers
|turn|38
|
|move|p2a: Mew|Soft-Boiled|p2a: Mew
|-heal|p2a: Mew|243\/404
|move|p1a: Suicune|Scald|p2a: Mew
|-damage|p2a: Mew|69\/404
|
|-heal|p2a: Mew|94\/404|[from] item: Leftovers
|turn|39
|
|move|p2a: Mew|Soft-Boiled|p2a: Mew
|-heal|p2a: Mew|296\/404
|move|p1a: Suicune|Scald|p2a: Mew
|-damage|p2a: Mew|136\/404
|-status|p2a: Mew|brn
|-status|p1a: Suicune|brn
|
|-heal|p2a: Mew|161\/404 brn|[from] item: Leftovers
|-damage|p2a: Mew|111\/404 brn|[from] brn
|-damage|p1a: Suicune|288\/404 brn|[from] brn
|-end|p1a: Suicune|move: Taunt
|turn|40
|c|âLT1B Adrian OLT|Finally
|c|âLT1B Adrian OLT|Jesus
|
|move|p2a: Mew|Taunt|p1a: Suicune
|-start|p1a: Suicune|move: Taunt
|move|p1a: Suicune|Scald|p2a: Mew
|-damage|p2a: Mew|0 fnt
|faint|p2a: Mew
|
|-damage|p1a: Suicune|238\/404 brn|[from] brn
|
|switch|p2a: Charizard|Charizard-Mega-X, F|359\/359
|-damage|p2a: Charizard|270\/359|[from] Stealth Rock
|turn|41
|
|move|p2a: Charizard|Dragon Claw|p1a: Suicune
|-damage|p1a: Suicune|129\/404 brn
|move|p1a: Suicune|Scald|p2a: Charizard
|-damage|p2a: Charizard|128\/359
|
|-damage|p1a: Suicune|79\/404 brn|[from] brn
|turn|42
|
|switch|p1a: Skarmory|Skarmory, M|280\/323
|-damage|p1a: Skarmory|240\/323|[from] Stealth Rock
|move|p2a: Charizard|Roost|p2a: Charizard
|-heal|p2a: Charizard|308\/359
|
|-heal|p1a: Skarmory|260\/323|[from] item: Leftovers
|turn|43
|
|switch|p1a: Tyranitar|Tyranitar, M, shiny|241\/341
|-damage|p1a: Tyranitar|199\/341|[from] Stealth Rock
|-weather|Sandstorm
|move|p2a: Charizard|Will-O-Wisp|p1a: Tyranitar
|-status|p1a: Tyranitar|brn
|
|-weather|Sandstorm|[upkeep]
|-damage|p2a: Charizard|286\/359|[from] sandstorm
|-damage|p1a: Tyranitar|157\/341 brn|[from] brn
|turn|44
|
|move|p2a: Charizard|Earthquake|p1a: Tyranitar
|-supereffective|p1a: Tyranitar
|-damage|p1a: Tyranitar|0 fnt
|faint|p1a: Tyranitar
|
|-weather|Sandstorm|[upkeep]
|-damage|p2a: Charizard|264\/359|[from] sandstorm
|
|switch|p1a: Latios|Latios, M|123\/301 brn
|-damage|p1a: Latios|86\/301 brn|[from] Stealth Rock
|turn|45
|
|switch|p2a: Alomomola|Alomomola, F|480\/480
|-damage|p2a: Alomomola|420\/480|[from] Stealth Rock
|move|p1a: Latios|Defog|p2a: Alomomola
|-unboost|p2a: Alomomola|evasion|1
|-sideend|p2: LT1B Adrian OLT|Stealth Rock|[from] move: Defog|[of] p2a: Alomomola
|-sideend|p1: iDestructioNx|Stealth Rock|[from] move: Defog|[of] p1a: Latios
|
|-weather|Sandstorm|[upkeep]
|-damage|p1a: Latios|68\/301 brn|[from] sandstorm
|-damage|p2a: Alomomola|390\/480|[from] sandstorm
|-heal|p2a: Alomomola|420\/480|[from] item: Leftovers
|-damage|p1a: Latios|31\/301 brn|[from] brn
|turn|46
|
|switch|p1a: Charizard|Charizard-Mega-Y, M, shiny|197\/297
|-weather|SunnyDay
|switch|p2a: Gliscor|Gliscor, M|86\/352 tox
|
|-weather|SunnyDay|[upkeep]
|-heal|p2a: Gliscor|130\/352 tox|[from] ability: Poison Heal
|turn|47
|
|switch|p2a: Chansey|Chansey, F|704\/704
|move|p1a: Charizard|Fire Blast|p2a: Chansey
|-damage|p2a: Chansey|455\/704
|
|-weather|SunnyDay|[upkeep]
|turn|48
|
|move|p1a: Charizard|Focus Blast|p2a: Chansey|[miss]
|-miss|p1a: Charizard|p2a: Chansey
|move|p2a: Chansey|Soft-Boiled|p2a: Chansey
|-heal|p2a: Chansey|704\/704
|
|-weather|SunnyDay|[upkeep]
|turn|49
|
|move|p1a: Charizard|Focus Blast|p2a: Chansey
|-supereffective|p2a: Chansey
|-damage|p2a: Chansey|474\/704
|move|p2a: Chansey|Seismic Toss|p1a: Charizard
|-damage|p1a: Charizard|97\/297
|
|-weather|SunnyDay|[upkeep]
|turn|50
|
|switch|p1a: Landorus-Therian|Landorus-Therian, M|319\/319
|-ability|p1a: Landorus-Therian|Intimidate|[of] p2a: Chansey
|-unboost|p2a: Chansey|atk|1
|move|p2a: Chansey|Wish|p2a: Chansey
|
|-weather|none
|turn|51
|
|switch|p2a: Gliscor|Gliscor, M|130\/352 tox
|move|p1a: Landorus-Therian|Knock Off|p2a: Gliscor
|-damage|p2a: Gliscor|26\/352 tox
|-enditem|p2a: Gliscor|Toxic Orb|[from] move: Knock Off|[of] p1a: Landorus-Therian
|
|-heal|p2a: Gliscor|352\/352 tox|[from] move: Wish|[wisher] Chansey
|turn|52
|
|switch|p1a: Skarmory|Skarmory, M|260\/323
|move|p2a: Gliscor|Toxic|p1a: Skarmory
|-fail|p1a: Skarmory
|
|-heal|p1a: Skarmory|280\/323|[from] item: Leftovers
|turn|53
|
|move|p2a: Gliscor|Taunt|p1a: Skarmory
|-start|p1a: Skarmory|move: Taunt
|cant|p1a: Skarmory|move: Taunt|Stealth Rock
|
|-heal|p1a: Skarmory|300\/323|[from] item: Leftovers
|turn|54
|
|move|p2a: Gliscor|Toxic|p1a: Skarmory
|-fail|p1a: Skarmory
|move|p1a: Skarmory|Brave Bird|p2a: Gliscor
|-damage|p2a: Gliscor|241\/352 tox
|-damage|p1a: Skarmory|263\/323|[from] recoil|[of] p2a: Gliscor
|
|-heal|p1a: Skarmory|283\/323|[from] item: Leftovers
|-heal|p2a: Gliscor|285\/352 tox|[from] ability: Poison Heal
|turn|55
|
|move|p2a: Gliscor|Knock Off|p1a: Skarmory
|-damage|p1a: Skarmory|242\/323
|-enditem|p1a: Skarmory|Leftovers|[from] move: Knock Off|[of] p2a: Gliscor
|move|p1a: Skarmory|Brave Bird|p2a: Gliscor
|-damage|p2a: Gliscor|171\/352 tox
|-damage|p1a: Skarmory|204\/323|[from] recoil|[of] p2a: Gliscor
|
|-heal|p2a: Gliscor|215\/352 tox|[from] ability: Poison Heal
|-end|p1a: Skarmory|move: Taunt
|turn|56
|
|switch|p1a: Charizard|Charizard-Mega-Y, M, shiny|97\/297
|-weather|SunnyDay
|move|p2a: Gliscor|Taunt|p1a: Charizard
|-start|p1a: Charizard|move: Taunt
|
|-weather|SunnyDay|[upkeep]
|-heal|p2a: Gliscor|259\/352 tox|[from] ability: Poison Heal
|turn|57
|
|switch|p1a: Suicune|Suicune, shiny|79\/404 brn
|-ability|p1a: Suicune|Pressure
|switch|p2a: Chansey|Chansey, F|474\/704
|
|-weather|SunnyDay|[upkeep]
|-damage|p1a: Suicune|29\/404 brn|[from] brn
|turn|58
|c|âLT1B Adrian OLT|Oml
|
|switch|p2a: Skarmory|Skarmory, F|208\/334
|move|p1a: Suicune|Rest|p1a: Suicune
|-status|p1a: Suicune|slp
|-heal|p1a: Suicune|404\/404 slp|[silent]
|-status|p1a: Suicune|slp|[from] move: Rest
|
|-weather|SunnyDay|[upkeep]
|-heal|p2a: Skarmory|228\/334|[from] item: Leftovers
|turn|59
|c|âLT1B Adrian OLT|Ok
|
|cant|p1a: Suicune|slp
|move|p1a: Suicune|Sleep Talk|p1a: Suicune
|move|p1a: Suicune|Calm Mind|p1a: Suicune|[from]Sleep Talk
|-boost|p1a: Suicune|spa|1
|-boost|p1a: Suicune|spd|1
|move|p2a: Skarmory|Stealth Rock|p1a: Suicune
|-sidestart|p1: iDestructioNx|move: Stealth Rock
|
|-weather|SunnyDay|[upkeep]
|-heal|p2a: Skarmory|248\/334|[from] item: Leftovers
|turn|60
|
|cant|p1a: Suicune|slp
|move|p1a: Suicune|Sleep Talk|p1a: Suicune
|move|p1a: Suicune|Rest|p1a: Suicune|[from]Sleep Talk
|-fail|p1a: Suicune
|move|p2a: Skarmory|Whirlwind|p1a: Suicune
|drag|p1a: Latios|Latios, M|31\/301 brn
|-damage|p1a: Latios|0 fnt|[from] Stealth Rock
|faint|p1a: Latios
|
|-weather|none
|-heal|p2a: Skarmory|268\/334|[from] item: Leftovers
|
|switch|p1a: Suicune|Suicune, shiny|404\/404 slp
|-damage|p1a: Suicune|354\/404 slp|[from] Stealth Rock
|-ability|p1a: Suicune|Pressure
|turn|61
|
|-curestatus|p1a: Suicune|slp
|move|p1a: Suicune|Scald|p2a: Skarmory
|-damage|p2a: Skarmory|162\/334
|move|p2a: Skarmory|Whirlwind|p1a: Suicune
|drag|p1a: Skarmory|Skarmory, M|204\/323
|-damage|p1a: Skarmory|164\/323|[from] Stealth Rock
|
|-heal|p2a: Skarmory|182\/334|[from] item: Leftovers
|turn|62
|
|switch|p2a: Charizard|Charizard-Mega-X, F|264\/359
|move|p1a: Skarmory|Stealth Rock|p2a: Charizard
|-sidestart|p2: LT1B Adrian OLT|move: Stealth Rock
|
|turn|63
|c|âLT1B Adrian OLT|When I first saw that team
|c|âLT1B Adrian OLT|I knew it'd be cancer
|
|switch|p1a: Landorus-Therian|Landorus-Therian, M|319\/319
|-damage|p1a: Landorus-Therian|280\/319|[from] Stealth Rock
|-ability|p1a: Landorus-Therian|Intimidate|[of] p2a: Charizard
|-unboost|p2a: Charizard|atk|1
|move|p2a: Charizard|Will-O-Wisp|p1a: Landorus-Therian
|-status|p1a: Landorus-Therian|brn
|
|-damage|p1a: Landorus-Therian|241\/319 brn|[from] brn
|turn|64
|
|switch|p1a: Suicune|Suicune, shiny|354\/404
|-damage|p1a: Suicune|304\/404|[from] Stealth Rock
|-ability|p1a: Suicune|Pressure
|move|p2a: Charizard|Roost|p2a: Charizard
|-heal|p2a: Charizard|359\/359
|
|turn|65
|
|move|p2a: Charizard|Will-O-Wisp|p1a: Suicune
|-status|p1a: Suicune|brn
|move|p1a: Suicune|Calm Mind|p1a: Suicune
|-boost|p1a: Suicune|spa|1
|-boost|p1a: Suicune|spd|1
|
|-damage|p1a: Suicune|254\/404 brn|[from] brn
|turn|66
|
|switch|p2a: Chansey|Chansey, F|474\/704
|-damage|p2a: Chansey|386\/704|[from] Stealth Rock
|move|p1a: Suicune|Rest|p1a: Suicune
|-status|p1a: Suicune|slp
|-heal|p1a: Suicune|404\/404 slp|[silent]
|-status|p1a: Suicune|slp|[from] move: Rest
|
|turn|67
|
|cant|p1a: Suicune|slp
|move|p1a: Suicune|Sleep Talk|p1a: Suicune
|move|p1a: Suicune|Scald|p2a: Chansey|[from]Sleep Talk
|-damage|p2a: Chansey|298\/704
|move|p2a: Chansey|Soft-Boiled|p2a: Chansey
|-heal|p2a: Chansey|650\/704
|
|turn|68
|
|cant|p1a: Suicune|slp
|move|p1a: Suicune|Sleep Talk|p1a: Suicune
|move|p1a: Suicune|Scald|p2a: Chansey|[from]Sleep Talk
|-damage|p2a: Chansey|565\/704
|move|p2a: Chansey|Seismic Toss|p1a: Suicune
|-damage|p1a: Suicune|304\/404 slp
|
|turn|69
|
|switch|p2a: Alomomola|Alomomola, F|480\/480
|-damage|p2a: Alomomola|420\/480|[from] Stealth Rock
|-curestatus|p1a: Suicune|slp
|move|p1a: Suicune|Calm Mind|p1a: Suicune
|-boost|p1a: Suicune|spa|1
|-boost|p1a: Suicune|spd|1
|
|-heal|p2a: Alomomola|450\/480|[from] item: Leftovers
|turn|70
|
|move|p1a: Suicune|Calm Mind|p1a: Suicune
|-boost|p1a: Suicune|spa|1
|-boost|p1a: Suicune|spd|1
|move|p2a: Alomomola|Toxic|p1a: Suicune
|-status|p1a: Suicune|tox
|
|-heal|p2a: Alomomola|480\/480|[from] item: Leftovers
|-damage|p1a: Suicune|279\/404 tox|[from] psn
|turn|71
|
|move|p1a: Suicune|Calm Mind|p1a: Suicune
|-boost|p1a: Suicune|spa|1
|-boost|p1a: Suicune|spd|1
|move|p2a: Alomomola|Wish|p2a: Alomomola
|
|-damage|p1a: Suicune|229\/404 tox|[from] psn
|turn|72
|
|switch|p2a: Chansey|Chansey, F|565\/704
|-damage|p2a: Chansey|477\/704|[from] Stealth Rock
|move|p1a: Suicune|Rest|p1a: Suicune
|-status|p1a: Suicune|slp
|-heal|p1a: Suicune|404\/404 slp|[silent]
|-status|p1a: Suicune|slp|[from] move: Rest
|
|-heal|p2a: Chansey|704\/704|[from] move: Wish|[wisher] Alomomola
|turn|73
|
|cant|p1a: Suicune|slp
|move|p1a: Suicune|Sleep Talk|p1a: Suicune
|move|p1a: Suicune|Rest|p1a: Suicune|[from]Sleep Talk
|-fail|p1a: Suicune
|move|p2a: Chansey|Seismic Toss|p1a: Suicune
|-damage|p1a: Suicune|304\/404 slp
|
|turn|74
|
|cant|p1a: Suicune|slp
|move|p1a: Suicune|Sleep Talk|p1a: Suicune
|move|p1a: Suicune|Calm Mind|p1a: Suicune|[from]Sleep Talk
|-boost|p1a: Suicune|spa|1
|-boost|p1a: Suicune|spd|1
|move|p2a: Chansey|Seismic Toss|p1a: Suicune
|-damage|p1a: Suicune|204\/404 slp
|
|turn|75
|
|-curestatus|p1a: Suicune|slp
|move|p1a: Suicune|Scald|p2a: Chansey
|-damage|p2a: Chansey|514\/704
|move|p2a: Chansey|Seismic Toss|p1a: Suicune
|-damage|p1a: Suicune|104\/404
|
|turn|76
|
|switch|p2a: Gliscor|Gliscor, M|259\/352 tox
|-damage|p2a: Gliscor|215\/352 tox|[from] Stealth Rock
|move|p1a: Suicune|Rest|p1a: Suicune
|-status|p1a: Suicune|slp
|-heal|p1a: Suicune|404\/404 slp|[silent]
|-status|p1a: Suicune|slp|[from] move: Rest
|
|-heal|p2a: Gliscor|259\/352 tox|[from] ability: Poison Heal
|turn|77
|
|move|p2a: Gliscor|Taunt|p1a: Suicune
|-start|p1a: Suicune|move: Taunt
|cant|p1a: Suicune|slp
|cant|p1a: Suicune|move: Taunt|Sleep Talk
|
|-heal|p2a: Gliscor|303\/352 tox|[from] ability: Poison Heal
|turn|78
|join|LT1A Adam
|
|switch|p2a: Skarmory|Skarmory, F|182\/334
|-damage|p2a: Skarmory|141\/334|[from] Stealth Rock
|cant|p1a: Suicune|slp
|
|-heal|p2a: Skarmory|161\/334|[from] item: Leftovers
|turn|79
|c|âLT1B Adrian OLT|Hi Adam
|c| LT1A Adam|damn
|
|-curestatus|p1a: Suicune|slp
|move|p1a: Suicune|Scald|p2a: Skarmory
|-damage|p2a: Skarmory|0 fnt
|faint|p2a: Skarmory
|
|-end|p1a: Suicune|move: Taunt
|c| LT1A Adam|you be workin dat boi pusy tbh
|
|switch|p2a: Alomomola|Alomomola, F|480\/480
|-damage|p2a: Alomomola|420\/480|[from] Stealth Rock
|turn|80
|
|move|p1a: Suicune|Calm Mind|p1a: Suicune
|-boost|p1a: Suicune|spa|1
|-boost|p1a: Suicune|spd|1
|move|p2a: Alomomola|Toxic|p1a: Suicune
|-status|p1a: Suicune|tox
|
|-heal|p2a: Alomomola|450\/480|[from] item: Leftovers
|-damage|p1a: Suicune|379\/404 tox|[from] psn
|turn|81
|c|âLT1B Adrian OLT|I might win through
|c|âLT1B Adrian OLT|PP stall
|c|âLT1B Adrian OLT|I think
|c|âLT1B Adrian OLT|Most of my games are like this tbh
|c|âLT1B Adrian OLT|Against good players
|c|âiDestructioNx|im not even a stall team
|c| LT1A Adam|lol
|c| LT1A Adam|>not even a stall team
|c| LT1A Adam|>using crocune
|c| LT1A Adam|Nice oke
|c| LT1A Adam|joke
|c|âiDestructioNx|1poke doesnt make this a stall team
|c|âiDestructioNx|but since u wanna troll
|c| LT1A Adam|Makes your team extremely anticlimactic
|raw|<div class="broadcast-red"><b>Moderated chat was set to +!<\/b><br \/>Only users of rank + and higher can talk.<\/div>
|c|âiDestructioNx|stfu fagget
LT1A Adam was promoted to Room Voice by LT1B Adrian OLT.
|
|move|p2a: Alomomola|Protect|p2a: Alomomola
|-singleturn|p2a: Alomomola|Protect
|move|p1a: Suicune|Scald|p2a: Alomomola
|-activate|p2a: Alomomola|Protect
|
|-heal|p2a: Alomomola|480\/480|[from] item: Leftovers
|-damage|p1a: Suicune|329\/404 tox|[from] psn
|turn|82
|c|âLT1B Adrian OLT|:o
|c|+LT1A Adam|lol
|c|+LT1A Adam|u dum
|join|baconneggs7
|raw|<div class="broadcast-blue"><b>Moderated chat was disabled!<\/b><br \/>Anyone may talk now.<\/div>
|c|âLT1B Adrian OLT|:o
|c| Apollo72|o:
|raw|<div class="broadcast-red"><b>Moderated chat was set to +!<\/b><br \/>Only users of rank + and higher can talk.<\/div>
|raw|<div class="broadcast-blue"><b>Moderated chat was disabled!<\/b><br \/>Anyone may talk now.<\/div>
|c| Apollo72|lol
|raw|<div class="broadcast-red"><b>Moderated chat was set to +!<\/b><br \/>Only users of rank + and higher can talk.<\/div>
|raw|<div class="broadcast-blue"><b>Moderated chat was disabled!<\/b><br \/>Anyone may talk now.<\/div>
|c| Apollo72|power struggle is real
|c|âiDestructioNx|lol
|c|+LT1A Adam|CroCune is a win condition for stall teams. I really don't understand why an offensive team would be using it.
|c|âLT1B Adrian OLT|Lol
|c|âiDestructioNx|stall team is a team full of stall pokes
|c|âiDestructioNx|not 1
|c|+LT1A Adam|Rofl
|c|+LT1A Adam|Your team is "semistall"
|c| Apollo72|crocune kills momentum for your team tho
|c|+LT1A Adam|Due to the presence of Skarm and CroCune
|c| Apollo72|^^^
|c|âiDestructioNx|but of course you will go against me
|c|+LT1A Adam|You cans ay your team is offensive all you want
|c|âiDestructioNx|im playing your friend
|c|âiDestructioNx|of course you will
|c|âiDestructioNx|i understand
|c|+LT1A Adam|However, with the presence of Skarm and CroCune
|c|+LT1A Adam|It is not.
|c|âLT1B Adrian OLT|Timer
|
|move|p1a: Suicune|Scald|p2a: Alomomola
|-resisted|p2a: Alomomola
|-damage|p2a: Alomomola|249\/480
|move|p2a: Alomomola|Wish|p2a: Alomomola
|
|-heal|p2a: Alomomola|279\/480|[from] item: Leftovers
|-damage|p1a: Suicune|254\/404 tox|[from] psn
|turn|83
|
|move|p2a: Alomomola|Protect|p2a: Alomomola
|-singleturn|p2a: Alomomola|Protect
|move|p1a: Suicune|Rest|p1a: Suicune
|-status|p1a: Suicune|slp
|-heal|p1a: Suicune|404\/404 slp|[silent]
|-status|p1a: Suicune|slp|[from] move: Rest
|
|-heal|p2a: Alomomola|480\/480|[from] move: Wish|[wisher] Alomomola
|turn|84
|join|Stempe
|raw|<div class="broadcast-red"><b>Moderated chat was set to +!<\/b><br \/>Only users of rank + and higher can talk.<\/div>
|raw|<div class="broadcast-blue"><b>Moderated chat was disabled!<\/b><br \/>Anyone may talk now.<\/div>
|c|+LT1A Adam|Tbh, Azumarill would be a better fit to this team. c:
|c|âLT1B Adrian OLT|Goml
|c|âiDestructioNx|lol
|c|âiDestructioNx|you frunny adrian
|join|shinningprodigy
|c|âLT1B Adrian OLT|Lol
|c|âiDestructioNx|i actually like you lol 
|
|cant|p1a: Suicune|slp
|move|p1a: Suicune|Sleep Talk|p1a: Suicune
|move|p1a: Suicune|Rest|p1a: Suicune|[from]Sleep Talk
|-fail|p1a: Suicune
|move|p2a: Alomomola|Wish|p2a: Alomomola
|
|turn|85
|leave|Stempe
|c|âLT1B Adrian OLT|Who doesn't like da stalzzz
|
|switch|p2a: Chansey|Chansey, F|514\/704
|-damage|p2a: Chansey|426\/704|[from] Stealth Rock
|cant|p1a: Suicune|slp
|move|p1a: Suicune|Sleep Talk|p1a: Suicune
|move|p1a: Suicune|Calm Mind|p1a: Suicune|[from]Sleep Talk
|-fail|p1a: Suicune
|
|-heal|p2a: Chansey|666\/704|[from] move: Wish|[wisher] Alomomola
|turn|86
|
|-curestatus|p1a: Suicune|slp
|move|p1a: Suicune|Scald|p2a: Chansey
|-damage|p2a: Chansey|432\/704
|move|p2a: Chansey|Seismic Toss|p1a: Suicune
|-damage|p1a: Suicune|304\/404
|
|turn|87
|
|move|p1a: Suicune|Calm Mind|p1a: Suicune
|-fail|p1a: Suicune
|move|p2a: Chansey|Soft-Boiled|p2a: Chansey
|-heal|p2a: Chansey|704\/704
|
|turn|88
|c| Apollo72|did you change your forums name then adrian? or are you a different person than I'm thinking of
|leave|baconneggs7
|c|âLT1B Adrian OLT|My forum name is Adrian Marin
|c| Apollo72|yes
|
|move|p1a: Suicune|Calm Mind|p1a: Suicune
|-fail|p1a: Suicune
|move|p2a: Chansey|Seismic Toss|p1a: Suicune
|-damage|p1a: Suicune|204\/404
|
|turn|89
|c| Apollo72|doesn't your tour name need to match your forum name?
|
|move|p1a: Suicune|Rest|p1a: Suicune
|-status|p1a: Suicune|slp
|-heal|p1a: Suicune|404\/404 slp|[silent]
|-status|p1a: Suicune|slp|[from] move: Rest
|move|p2a: Chansey|Seismic Toss|p1a: Suicune
|-damage|p1a: Suicune|304\/404 slp
|
|turn|90
|join|BlackBeltPanda
|c|âLT1B Adrian OLT|It can be anything
|c|+LT1A Adam|No.
|
|cant|p1a: Suicune|slp
|move|p2a: Chansey|Wish|p2a: Chansey
|
|turn|91
|c|+LT1A Adam|It can literally be anything
|c| Apollo72|ah
|
|switch|p2a: Alomomola|Alomomola, F|480\/480
|-damage|p2a: Alomomola|420\/480|[from] Stealth Rock
|cant|p1a: Suicune|slp
|
|-heal|p2a: Alomomola|480\/480|[from] move: Wish|[wisher] Chansey
|turn|92
|c|+LT1A Adam|as long as it was made after you posted
|
|-curestatus|p1a: Suicune|slp
|move|p1a: Suicune|Calm Mind|p1a: Suicune
|-fail|p1a: Suicune
|move|p2a: Alomomola|Toxic|p1a: Suicune
|-status|p1a: Suicune|tox
|
|-damage|p1a: Suicune|279\/404 tox|[from] psn
|turn|93
|
|switch|p2a: Chansey|Chansey, F|704\/704
|-damage|p2a: Chansey|616\/704|[from] Stealth Rock
|move|p1a: Suicune|Calm Mind|p1a: Suicune
|-fail|p1a: Suicune
|
|-damage|p1a: Suicune|229\/404 tox|[from] psn
|turn|94
|
|switch|p2a: Alomomola|Alomomola, F|480\/480
|-damage|p2a: Alomomola|420\/480|[from] Stealth Rock
|move|p1a: Suicune|Rest|p1a: Suicune
|-status|p1a: Suicune|slp
|-heal|p1a: Suicune|404\/404 slp|[silent]
|-status|p1a: Suicune|slp|[from] move: Rest
|
|-heal|p2a: Alomomola|450\/480|[from] item: Leftovers
|turn|95
|
|switch|p2a: Chansey|Chansey, F|616\/704
|-damage|p2a: Chansey|528\/704|[from] Stealth Rock
|cant|p1a: Suicune|slp
|
|turn|96
|
|cant|p1a: Suicune|slp
|move|p2a: Chansey|Seismic Toss|p1a: Suicune
|-damage|p1a: Suicune|304\/404 slp
|
|turn|97
|
|-curestatus|p1a: Suicune|slp
|move|p1a: Suicune|Calm Mind|p1a: Suicune
|-fail|p1a: Suicune
|move|p2a: Chansey|Soft-Boiled|p2a: Chansey
|-heal|p2a: Chansey|704\/704
|
|turn|98
|
|switch|p2a: Alomomola|Alomomola, F|480\/480
|-damage|p2a: Alomomola|420\/480|[from] Stealth Rock
|move|p1a: Suicune|Calm Mind|p1a: Suicune
|-fail|p1a: Suicune
|
|-heal|p2a: Alomomola|450\/480|[from] item: Leftovers
|turn|99
|
|move|p1a: Suicune|Rest|p1a: Suicune
|-status|p1a: Suicune|slp
|-heal|p1a: Suicune|404\/404 slp|[silent]
|-status|p1a: Suicune|slp|[from] move: Rest
|move|p2a: Alomomola|Scald|p1a: Suicune
|-resisted|p1a: Suicune
|-damage|p1a: Suicune|398\/404 slp
|
|-heal|p2a: Alomomola|480\/480|[from] item: Leftovers
|turn|100
|
|switch|p2a: Chansey|Chansey, F|704\/704
|-damage|p2a: Chansey|616\/704|[from] Stealth Rock
|cant|p1a: Suicune|slp
|
|turn|101
|
|cant|p1a: Suicune|slp
|move|p2a: Chansey|Seismic Toss|p1a: Suicune
|-damage|p1a: Suicune|298\/404 slp
|
|turn|102
|
|switch|p2a: Alomomola|Alomomola, F|480\/480
|-damage|p2a: Alomomola|420\/480|[from] Stealth Rock
|-curestatus|p1a: Suicune|slp
|move|p1a: Suicune|Calm Mind|p1a: Suicune
|-fail|p1a: Suicune
|
|-heal|p2a: Alomomola|450\/480|[from] item: Leftovers
|turn|103
|
|move|p1a: Suicune|Calm Mind|p1a: Suicune
|-fail|p1a: Suicune
|move|p2a: Alomomola|Scald|p1a: Suicune
|-resisted|p1a: Suicune
|-damage|p1a: Suicune|292\/404
|-status|p1a: Suicune|brn
|
|-heal|p2a: Alomomola|480\/480|[from] item: Leftovers
|-damage|p1a: Suicune|242\/404 brn|[from] brn
|turn|104
|
|switch|p2a: Chansey|Chansey, F|616\/704
|-damage|p2a: Chansey|528\/704|[from] Stealth Rock
|move|p1a: Suicune|Calm Mind|p1a: Suicune
|-fail|p1a: Suicune
|
|-damage|p1a: Suicune|192\/404 brn|[from] brn
|turn|105
|
|switch|p2a: Alomomola|Alomomola, F|480\/480
|-damage|p2a: Alomomola|420\/480|[from] Stealth Rock
|move|p1a: Suicune|Rest|p1a: Suicune
|-status|p1a: Suicune|slp
|-heal|p1a: Suicune|404\/404 slp|[silent]
|-status|p1a: Suicune|slp|[from] move: Rest
|
|-heal|p2a: Alomomola|450\/480|[from] item: Leftovers
|turn|106
|c|âiDestructioNx|game like this is when i miss terakion 
|c|âiDestructioNx|anything 2ko on switch with appropriate stab
|
|cant|p1a: Suicune|slp
|move|p2a: Alomomola|Wish|p2a: Alomomola
|
|-heal|p2a: Alomomola|480\/480|[from] item: Leftovers
|turn|107
|c|âLT1B Adrian OLT|Suicune breaks most stall even better though
|c| Apollo72|gliscor is at 87
|c| Apollo72|was it a banded terrak? or is that sp def gliscor
|c|âLT1B Adrian OLT|I'm using SpD Gliscor
|c|âiDestructioNx|i dont have a terakion
|c|âiDestructioNx|play 107??
|c| Apollo72|you said you missed terrakion
|c|âiDestructioNx|wtf 
|c|âiDestructioNx|yes hes on another team
|c| Apollo72|he doesn't 2hko everything tho
|c|âLT1B Adrian OLT|He's talking about how he appreciates Terrakion's ability to 2HKO KO many common threats
|c| Apollo72|unless he's lo or band
|c|âiDestructioNx|duh hes band
|c|âiDestructioNx|smh
|c| Apollo72|k
|
|switch|p2a: Chansey|Chansey, F|528\/704
|-damage|p2a: Chansey|440\/704|[from] Stealth Rock
|cant|p1a: Suicune|slp
|
|-heal|p2a: Chansey|680\/704|[from] move: Wish|[wisher] Alomomola
|turn|108
|
|-curestatus|p1a: Suicune|slp
|move|p1a: Suicune|Calm Mind|p1a: Suicune
|-fail|p1a: Suicune
|move|p2a: Chansey|Seismic Toss|p1a: Suicune
|-damage|p1a: Suicune|304\/404
|
|turn|109
|join|Ax0343
|c|âLT1B Adrian OLT|3 Rest's left
|c|âLT1B Adrian OLT|:o
|
|move|p1a: Suicune|Calm Mind|p1a: Suicune
|-fail|p1a: Suicune
|move|p2a: Chansey|Wish|p2a: Chansey
|
|turn|110
|
|switch|p2a: Alomomola|Alomomola, F|480\/480
|-damage|p2a: Alomomola|420\/480|[from] Stealth Rock
|move|p1a: Suicune|Scald|p2a: Alomomola
|-resisted|p2a: Alomomola
|-damage|p2a: Alomomola|184\/480
|
|-heal|p2a: Alomomola|480\/480|[from] move: Wish|[wisher] Chansey
|turn|111
|
|move|p1a: Suicune|Calm Mind|p1a: Suicune
|-fail|p1a: Suicune
|move|p2a: Alomomola|Toxic|p1a: Suicune
|-status|p1a: Suicune|tox
|
|-damage|p1a: Suicune|279\/404 tox|[from] psn
|turn|112
|
|move|p1a: Suicune|Calm Mind|p1a: Suicune
|-fail|p1a: Suicune
|move|p2a: Alomomola|Wish|p2a: Alomomola
|
|-damage|p1a: Suicune|229\/404 tox|[from] psn
|turn|113
|join|earlyhershey
|
|switch|p2a: Chansey|Chansey, F|680\/704
|-damage|p2a: Chansey|592\/704|[from] Stealth Rock
|move|p1a: Suicune|Calm Mind|p1a: Suicune
|-fail|p1a: Suicune
|
|-heal|p2a: Chansey|704\/704|[from] move: Wish|[wisher] Alomomola
|-damage|p1a: Suicune|154\/404 tox|[from] psn
|turn|114
|
|move|p1a: Suicune|Rest|p1a: Suicune
|-status|p1a: Suicune|slp
|-heal|p1a: Suicune|404\/404 slp|[silent]
|-status|p1a: Suicune|slp|[from] move: Rest
|move|p2a: Chansey|Seismic Toss|p1a: Suicune
|-damage|p1a: Suicune|304\/404 slp
|
|turn|115
|c|âLT1B Adrian OLT|2 left
|
|cant|p1a: Suicune|slp
|move|p2a: Chansey|Wish|p2a: Chansey
|
|turn|116
|
|switch|p2a: Alomomola|Alomomola, F|480\/480
|-damage|p2a: Alomomola|420\/480|[from] Stealth Rock
|cant|p1a: Suicune|slp
|
|-heal|p2a: Alomomola|480\/480|[from] move: Wish|[wisher] Chansey
|turn|117
|join|Stempe
|join|PokeLove99
|
|move|p2a: Alomomola|Protect|p2a: Alomomola
|-singleturn|p2a: Alomomola|Protect
|-curestatus|p1a: Suicune|slp
|move|p1a: Suicune|Scald|p2a: Alomomola
|-activate|p2a: Alomomola|Protect
|
|turn|118
|
|move|p1a: Suicune|Scald|p2a: Alomomola
|-resisted|p2a: Alomomola
|-damage|p2a: Alomomola|252\/480
|-status|p2a: Alomomola|brn
|move|p2a: Alomomola|Toxic|p1a: Suicune
|-status|p1a: Suicune|tox
|
|-heal|p2a: Alomomola|282\/480 brn|[from] item: Leftovers
|-damage|p1a: Suicune|279\/404 tox|[from] psn
|-damage|p2a: Alomomola|222\/480 brn|[from] brn
|turn|119
|
|switch|p2a: Chansey|Chansey, F|704\/704
|-damage|p2a: Chansey|616\/704|[from] Stealth Rock
|move|p1a: Suicune|Calm Mind|p1a: Suicune
|-fail|p1a: Suicune
|
|-damage|p1a: Suicune|229\/404 tox|[from] psn
|turn|120
|c|âLT1B Adrian OLT|Oh nvm
|c|âLT1B Adrian OLT|2 left still
|leave|Stempe
|
|move|p1a: Suicune|Calm Mind|p1a: Suicune
|-fail|p1a: Suicune
|move|p2a: Chansey|Heal Bell|p2a: Chansey
|-cureteam|p2a: Chansey|[from] move: HealBell
|
|-damage|p1a: Suicune|154\/404 tox|[from] psn
|turn|121
|join|orCredit1
|
|move|p1a: Suicune|Rest|p1a: Suicune
|-status|p1a: Suicune|slp
|-heal|p1a: Suicune|404\/404 slp|[silent]
|-status|p1a: Suicune|slp|[from] move: Rest
|move|p2a: Chansey|Seismic Toss|p1a: Suicune
|-damage|p1a: Suicune|304\/404 slp
|
|turn|122
|c|âLT1B Adrian OLT|Also
|c|âLT1B Adrian OLT|How come Suicune
|c|âLT1B Adrian OLT|Doesn't have Pressure?
|c|âLT1B Adrian OLT|Jw
|c|âiDestructioNx|he does
|c|+LT1A Adam|o.O
|c|âLT1B Adrian OLT|Only lost one Heal Bell PP
|c|âiDestructioNx|i have the mouse on it now
|c|âLT1B Adrian OLT|Just now
|c|+LT1A Adam|Heal Bell doesn't target Suicune
|c|âLT1B Adrian OLT|It says it does
|c|+LT1A Adam|Heal Bell targets the user
|c|âLT1B Adrian OLT|Oh true
|c| orCredit1|Pressure only works on attacks that target the pokemon
|c|+LT1A Adam|Like Swords Dance
|c|âiDestructioNx|come on now Adrian u should know that
|join|Reine Murasame
|join|OctsOwn13
|c| VTL|you should now that adrian
|join|chocomouse510
|c|âLT1B Adrian OLT|I've had
|c|âLT1B Adrian OLT|A lot day lol
|c| VTL|as in right now
|c|âLT1B Adrian OLT|Long*
|c| VTL|you should know that
|
|cant|p1a: Suicune|slp
|move|p1a: Suicune|Sleep Talk|p1a: Suicune
|move|p1a: Suicune|Calm Mind|p1a: Suicune|[from]Sleep Talk
|-fail|p1a: Suicune
|move|p2a: Chansey|Wish|p2a: Chansey
|
|turn|123
|join|LzNinja
|c| VTL|can I ask Mr. destruction a question?
|c|âiDestructioNx|are your wishes going down no right
|leave|chocomouse510
|c|âLT1B Adrian OLT|You're asking him right now
|c|+LT1A Adam|No, vtl
|c|+LT1A Adam|You can't.
|c| VTL|why are you sleep talking when it's a PP war
|join|RISK BASED RACER
|c|âLT1B Adrian OLT|Why aren't you spamming Sleep Talk
|c|+LT1A Adam|vtl why is your mom a mom?
|c|âLT1B Adrian OLT|You have one Rest left
|join|RWBY Rose
|c| VTL|because I'm a son?
|c|âiDestructioNx|lol Adam
|c| VTL|is your mom not a mom?
|c|âLT1B Adrian OLT|Lol
|leave|RISK BASED RACER
|
|switch|p2a: Alomomola|Alomomola, F|382\/480
|-damage|p2a: Alomomola|322\/480|[from] Stealth Rock
|cant|p1a: Suicune|slp
|
|-heal|p2a: Alomomola|480\/480|[from] move: Wish|[wisher] Chansey
|turn|124
|
|move|p2a: Alomomola|Protect|p2a: Alomomola
|-singleturn|p2a: Alomomola|Protect
|-curestatus|p1a: Suicune|slp
|move|p1a: Suicune|Rest|p1a: Suicune
|-status|p1a: Suicune|slp
|-heal|p1a: Suicune|404\/404 slp|[silent]
|-status|p1a: Suicune|slp|[from] move: Rest
|
|turn|125
|c|âLT1B Adrian OLT|Last Rest
|c|+LT1A Adam|My mom is a nice lady, please leave her out of this!?!!?!?
|leave|Reine Murasame
|
|switch|p1a: Skarmory|Skarmory, M|164\/323
|-damage|p1a: Skarmory|124\/323|[from] Stealth Rock
|switch|p2a: Chansey|Chansey, F|616\/704
|-damage|p2a: Chansey|528\/704|[from] Stealth Rock
|
|turn|126
|c|âLT1B Adrian OLT|Why didn't you use Sleep Talk :o
|join|Nani Man
|c|+LT1A Adam|Nani Man our last hope
|
|switch|p2a: Charizard|Charizard-Mega-X, F|359\/359
|-damage|p2a: Charizard|270\/359|[from] Stealth Rock
|move|p1a: Skarmory|Roost|p1a: Skarmory
|-heal|p1a: Skarmory|286\/323
|
|turn|127
|c|âLT1B Adrian OLT|Nani
|
|switch|p1a: Suicune|Suicune, shiny|404\/404 slp
|-damage|p1a: Suicune|354\/404 slp|[from] Stealth Rock
|-ability|p1a: Suicune|Pressure
|move|p2a: Charizard|Will-O-Wisp|p1a: Suicune
|-fail|p1a: Suicune
|
|turn|128
|c|âLT1B Adrian OLT|Sup
|c|@Nani Man|yo
|join|Nakeen
|
|move|p2a: Charizard|Dragon Claw|p1a: Suicune
|-damage|p1a: Suicune|246\/404 slp
|cant|p1a: Suicune|slp
|move|p1a: Suicune|Sleep Talk|p1a: Suicune
|move|p1a: Suicune|Calm Mind|p1a: Suicune|[from]Sleep Talk
|-boost|p1a: Suicune|spa|1
|-boost|p1a: Suicune|spd|1
|
|turn|129
|leave|LzNinja
|c| VTL|this match is getting p popular
|
|move|p2a: Charizard|Dragon Claw|p1a: Suicune
|-damage|p1a: Suicune|149\/404 slp
|cant|p1a: Suicune|slp
|move|p1a: Suicune|Sleep Talk|p1a: Suicune
|move|p1a: Suicune|Calm Mind|p1a: Suicune|[from]Sleep Talk
|-boost|p1a: Suicune|spa|1
|-boost|p1a: Suicune|spd|1
|
|turn|130
|c|+LT1A Adam|ur mum vtl
|join|Ollin
|
|switch|p2a: Chansey|Chansey, F|528\/704
|-damage|p2a: Chansey|440\/704|[from] Stealth Rock
|-curestatus|p1a: Suicune|slp
|move|p1a: Suicune|Rest|p1a: Suicune
|-status|p1a: Suicune|slp
|-heal|p1a: Suicune|404\/404 slp|[silent]
|-status|p1a: Suicune|slp|[from] move: Rest
|
|turn|131
|c|+LT1A Adam|LOL
|c|âLT1B Adrian OLT|Oh
|c| VTL|I just got rekd '_'
|c|+LT1A Adam|ait wtf
|c|âLT1B Adrian OLT|Oh wait
|c| VTL|*;_;
|c|+LT1A Adam|adrian
|c|âLT1B Adrian OLT|I didn't count Rest properly
|c|+LT1A Adam|is you dumb
|join|sonicshadow77
|c|âLT1B Adrian OLT|I counted Sleep Talk rests too wtf
|c|âLT1B Adrian OLT|I'm dumb
|c| VTL|adrian u 8 the b8 m8
|c|+LT1A Adam|......................
|
|cant|p1a: Suicune|slp
|move|p1a: Suicune|Sleep Talk|p1a: Suicune
|move|p1a: Suicune|Scald|p2a: Chansey|[from]Sleep Talk
|-damage|p2a: Chansey|320\/704
|move|p2a: Chansey|Seismic Toss|p1a: Suicune
|-damage|p1a: Suicune|304\/404 slp
|
|turn|132
|
|cant|p1a: Suicune|slp
|move|p1a: Suicune|Sleep Talk|p1a: Suicune
|move|p1a: Suicune|Rest|p1a: Suicune|[from]Sleep Talk
|-fail|p1a: Suicune
|move|p2a: Chansey|Soft-Boiled|p2a: Chansey
|-heal|p2a: Chansey|672\/704
|
|turn|133
|c|+LT1A Adam|Adrian you needa not be dumbest ever like who even you are be is!?!?
|c|âLT1B Adrian OLT|Lol
|c|âLT1B Adrian OLT|I should take a break after this
|c|âLT1B Adrian OLT|I had a 370 turn game
|c|âLT1B Adrian OLT|A while ago
|c|+LT1A Adam|o.o
|c|+LT1A Adam|That sounds fun.
|c|âiDestructioNx|youre insane!
|c|âLT1B Adrian OLT|Lol
|join|Juubi
|
|switch|p1a: Skarmory|Skarmory, M|286\/323
|-damage|p1a: Skarmory|246\/323|[from] Stealth Rock
|switch|p2a: Alomomola|Alomomola, F|480\/480
|-damage|p2a: Alomomola|420\/480|[from] Stealth Rock
|
|-heal|p2a: Alomomola|450\/480|[from] item: Leftovers
|turn|134
|
|move|p2a: Alomomola|Scald|p1a: Skarmory
|-damage|p1a: Skarmory|183\/323
|move|p1a: Skarmory|Whirlwind|p2a: Alomomola
|drag|p2a: Gliscor|Gliscor, M|303\/352
|-damage|p2a: Gliscor|259\/352|[from] Stealth Rock
|
|turn|135
|c|+LT1A Adam|Tbh at least he's not Tele?
|c|+LT1A Adam|Tele played like 100 matches today
|leave|Juubi
|c|âLT1B Adrian OLT|Yeah
|c|âLT1B Adrian OLT|Crazy
|
|move|p2a: Gliscor|Knock Off|p1a: Skarmory
|-damage|p1a: Skarmory|158\/323
|move|p1a: Skarmory|Roost|p1a: Skarmory
|-heal|p1a: Skarmory|320\/323
|
|turn|136
|c|+LT1A Adam|No life
|join|lui calibae
|c|âLT1B Adrian OLT|Ikr
|
|switch|p2a: Charizard|Charizard-Mega-X, F|270\/359
|-damage|p2a: Charizard|181\/359|[from] Stealth Rock
|move|p1a: Skarmory|Roost|p1a: Skarmory
|-heal|p1a: Skarmory|323\/323
|
|turn|137
|join|a871ltt
|
|move|p2a: Charizard|Roost|p2a: Charizard
|-heal|p2a: Charizard|359\/359
|move|p1a: Skarmory|Brave Bird|p2a: Charizard
|-damage|p2a: Charizard|250\/359
|-damage|p1a: Skarmory|287\/323|[from] recoil|[of] p2a: Charizard
|
|turn|138
|c|+LT1A Adam|roost for days
|c|âLT1B Adrian OLT|I have to count the times Suicune used Rest by hand
|c|+LT1A Adam|I'll count for you
|c|+LT1A Adam|So you can battle
|c|âLT1B Adrian OLT|Oh really
|c|âLT1B Adrian OLT|That'd help a lot thanks
|c| lui calibae|omg sooo intense
|join|Thorog
|
|move|p2a: Charizard|Will-O-Wisp|p1a: Skarmory
|-status|p1a: Skarmory|brn
|move|p1a: Skarmory|Whirlwind|p2a: Charizard
|drag|p2a: Chansey|Chansey, F|672\/704
|-damage|p2a: Chansey|584\/704|[from] Stealth Rock
|
|-damage|p1a: Skarmory|247\/323 brn|[from] brn
|turn|139
|
|switch|p2a: Alomomola|Alomomola, F|480\/480
|-damage|p2a: Alomomola|420\/480|[from] Stealth Rock
|move|p1a: Skarmory|Whirlwind|p2a: Alomomola
|drag|p2a: Chansey|Chansey, F|584\/704
|-damage|p2a: Chansey|496\/704|[from] Stealth Rock
|
|-damage|p1a: Skarmory|207\/323 brn|[from] brn
|turn|140
|join|Flamzy161
|
|move|p1a: Skarmory|Roost|p1a: Skarmory
|-heal|p1a: Skarmory|323\/323 brn
|move|p2a: Chansey|Seismic Toss|p1a: Skarmory
|-damage|p1a: Skarmory|223\/323 brn
|
|-damage|p1a: Skarmory|183\/323 brn|[from] brn
|turn|141
|leave|lui calibae
|leave|orCredit1
|
|switch|p2a: Alomomola|Alomomola, F|480\/480
|-damage|p2a: Alomomola|420\/480|[from] Stealth Rock
|move|p1a: Skarmory|Whirlwind|p2a: Alomomola
|drag|p2a: Charizard|Charizard-Mega-X, F|250\/359
|-damage|p2a: Charizard|161\/359|[from] Stealth Rock
|
|-damage|p1a: Skarmory|143\/323 brn|[from] brn
|turn|142
|c|@Nani Man|suicnune used rest
|c|@Nani Man|19 times
|join|I Kyle I
|c|âLT1B Adrian OLT|Yeah
|
|move|p2a: Charizard|Roost|p2a: Charizard
|-heal|p2a: Charizard|341\/359
|move|p1a: Skarmory|Roost|p1a: Skarmory
|-heal|p1a: Skarmory|305\/323 brn
|
|-damage|p1a: Skarmory|265\/323 brn|[from] brn
|turn|143
|c|âLT1B Adrian OLT|Counting Sleep Talk
|c|âLT1B Adrian OLT|That's why I can't use my counter :\/
|
|switch|p2a: Alomomola|Alomomola, F|480\/480
|-damage|p2a: Alomomola|420\/480|[from] Stealth Rock
|move|p1a: Skarmory|Whirlwind|p2a: Alomomola
|drag|p2a: Charizard|Charizard-Mega-X, F|341\/359
|-damage|p2a: Charizard|252\/359|[from] Stealth Rock
|
|-damage|p1a: Skarmory|225\/323 brn|[from] brn
|turn|144
|
|switch|p2a: Alomomola|Alomomola, F|480\/480
|-damage|p2a: Alomomola|420\/480|[from] Stealth Rock
|move|p1a: Skarmory|Whirlwind|p2a: Alomomola
|drag|p2a: Charizard|Charizard-Mega-X, F|252\/359
|-damage|p2a: Charizard|163\/359|[from] Stealth Rock
|
|-damage|p1a: Skarmory|185\/323 brn|[from] brn
|turn|145
|c|@Nani Man|this match is brutal
|c| I Kyle I|why did you max ur skarmorys speed stat?
|
|move|p2a: Charizard|Roost|p2a: Charizard
|-heal|p2a: Charizard|343\/359
|move|p1a: Skarmory|Roost|p1a: Skarmory
|-heal|p1a: Skarmory|323\/323 brn
|
|-damage|p1a: Skarmory|283\/323 brn|[from] brn
|turn|146
|c|âiDestructioNx|kyle
|c|âiDestructioNx|stfu u must be dum
|leave|Thorog
|c|âLT1B Adrian OLT|rood
|c|âiDestructioNx|there is no max speed stat skarm
|leave|Flamzy161
|c|âiDestructioNx|sorry adrian
|c|âLT1B Adrian OLT|Lol
|c|âiDestructioNx|he ask dum ass question
|c|+LT1A Adam|I think 13 times
|c| RWBY Rose|NANI
|c|âLT1B Adrian OLT|Probably sarcastic
|c|âLT1B Adrian OLT|13 thanks
|c|@Nani Man|sup rose :D
|c|âLT1B Adrian OLT|Hmm
|c| I Kyle I|dectruction
|c| RWBY Rose|hi :))
|
|move|p2a: Charizard|Will-O-Wisp|p1a: Skarmory
|-fail|p1a: Skarmory|brn
|move|p1a: Skarmory|Roost|p1a: Skarmory
|-heal|p1a: Skarmory|323\/323 brn
|
|-damage|p1a: Skarmory|283\/323 brn|[from] brn
|turn|147
|c| I Kyle I|why did you max your skarmorys max speed stat?
|join|Silvernight02
|c|+LT1A Adam|WHy did max max your max speed skarmory max speed stat max?!
|c| RWBY Rose|this is crazy
|leave|earlyhershey
|
|move|p2a: Charizard|Will-O-Wisp|p1a: Skarmory
|-fail|p1a: Skarmory|brn
|move|p1a: Skarmory|Whirlwind|p2a: Charizard
|drag|p2a: Chansey|Chansey, F|496\/704
|-damage|p2a: Chansey|408\/704|[from] Stealth Rock
|
|-damage|p1a: Skarmory|243\/323 brn|[from] brn
|turn|148
|c|âLT1B Adrian OLT|You should VM Gr8astard that imo Adam
|join|bloodburger10
|
|switch|p2a: Alomomola|Alomomola, F|480\/480
|-damage|p2a: Alomomola|420\/480|[from] Stealth Rock
|move|p1a: Skarmory|Brave Bird|p2a: Alomomola
|-damage|p2a: Alomomola|366\/480
|-damage|p1a: Skarmory|225\/323 brn|[from] recoil|[of] p2a: Alomomola
|
|-heal|p2a: Alomomola|396\/480|[from] item: Leftovers
|-damage|p1a: Skarmory|185\/323 brn|[from] brn
|turn|149
|c|+LT1A Adam|Rofl
|
|switch|p2a: Gliscor|Gliscor, M|259\/352
|-damage|p2a: Gliscor|215\/352|[from] Stealth Rock
|move|p1a: Skarmory|Roost|p1a: Skarmory
|-heal|p1a: Skarmory|323\/323 brn
|
|-damage|p1a: Skarmory|283\/323 brn|[from] brn
|turn|150
|leave|Silvernight02
|c|+LT1A Adam|PERHAPS I WILL!?
|
|move|p2a: Gliscor|Taunt|p1a: Skarmory
|-start|p1a: Skarmory|move: Taunt
|cant|p1a: Skarmory|move: Taunt|Whirlwind
|
|-damage|p1a: Skarmory|243\/323 brn|[from] brn
|turn|151
|c|âLT1B Adrian OLT|Lol
|
|move|p2a: Gliscor|Roost|p2a: Gliscor
|-heal|p2a: Gliscor|352\/352
|move|p1a: Skarmory|Brave Bird|p2a: Gliscor
|-damage|p2a: Gliscor|301\/352
|-damage|p1a: Skarmory|226\/323 brn|[from] recoil|[of] p2a: Gliscor
|
|-damage|p1a: Skarmory|186\/323 brn|[from] brn
|turn|152
|c| I Kyle I|why did he max skarmorys max speed?
|join|ourlordLucifer
|
|switch|p1a: Suicune|Suicune, shiny|304\/404 slp
|-damage|p1a: Suicune|254\/404 slp|[from] Stealth Rock
|-ability|p1a: Suicune|Pressure
|move|p2a: Gliscor|Knock Off|p1a: Suicune
|-damage|p1a: Suicune|226\/404 slp
|
|turn|153
|c|+LT1A Adam|Go the taunt forward!!!!!!!
|join|NEW BREED
|
|move|p2a: Gliscor|Taunt|p1a: Suicune
|-start|p1a: Suicune|move: Taunt
|-curestatus|p1a: Suicune|slp
|move|p1a: Suicune|Scald|p2a: Gliscor
|-supereffective|p2a: Gliscor
|-damage|p2a: Gliscor|137\/352
|
|turn|154
|c|+LT1A Adam|oh.
|c|+LT1A Adam|I fucked up
|leave|NEW BREED
|leave|a871ltt
|join|Greyninjay
|c|âiDestructioNx|LOL
|c|âLT1B Adrian OLT|It's completely fine
|c|âLT1B Adrian OLT|PP stall the Scaldz
|c|âLT1B Adrian OLT|PP stall everting
|c|+LT1A Adam|pp stall for days tbh
|c|+LT1A Adam|Go to MZard
|c|âLT1B Adrian OLT|Lol
|c|+LT1A Adam|And spam DClaw
|
|switch|p1a: Skarmory|Skarmory, M|186\/323 brn
|-damage|p1a: Skarmory|146\/323 brn|[from] Stealth Rock
|move|p2a: Gliscor|Roost|p2a: Gliscor
|-heal|p2a: Gliscor|313\/352
|
|-damage|p1a: Skarmory|106\/323 brn|[from] brn
|turn|155
|c|âLT1B Adrian OLT|Oh
|c|âLT1B Adrian OLT|The switch
|c|âLT1B Adrian OLT|Might give me
|c|âLT1B Adrian OLT|The win
|c|âLT1B Adrian OLT|Tbh
|leave|ourlordLucifer
|
|switch|p1a: Charizard|Charizard-Mega-Y, M, shiny|97\/297
|-damage|p1a: Charizard|0 fnt|[from] Stealth Rock
|faint|p1a: Charizard
|move|p2a: Gliscor|Taunt|p1: Charizard|[notarget]
|-notarget
|
|c| I Kyle I|the fact that his skarmorys max speed stat is not maxed will give you the win
|c| I Kyle I|hes a terrible player
|
|switch|p1a: Suicune|Suicune, shiny|226\/404
|-damage|p1a: Suicune|176\/404|[from] Stealth Rock
|-ability|p1a: Suicune|Pressure
|turn|156
|leave|sonicshadow77
|c|+LT1A Adam|I have no idea what Kyle is saying anymore
|join|sonicshadow77
|leave|sonicshadow77
|c|âLT1B Adrian OLT|Lol
|c|âiDestructioNx|hes lost
|c|âiDestructioNx|xrazy
|c|âiDestructioNx|xxxxcrrraazyyyy
|
|move|p2a: Gliscor|Taunt|p1a: Suicune
|-start|p1a: Suicune|move: Taunt
|cant|p1a: Suicune|move: Taunt|Calm Mind
|
|turn|157
|c|âLT1B Adrian OLT|2 crazy
|join|The_Layzer
|c|+LT1A Adam|3 cray 6 me
|
|move|p2a: Gliscor|Toxic|p1a: Suicune
|-status|p1a: Suicune|tox
|move|p1a: Suicune|Scald|p2a: Gliscor
|-crit|p2a: Gliscor
|-supereffective|p2a: Gliscor
|-damage|p2a: Gliscor|59\/352
|-status|p2a: Gliscor|brn
|
|-damage|p2a: Gliscor|15\/352 brn|[from] brn
|-damage|p1a: Suicune|151\/404 tox|[from] psn
|turn|158
|c|@Nani Man|ooooooh
|c|+LT1A Adam|GASPINGLER
|c| RWBY Rose|WOW
|c|âLT1B Adrian OLT|D:
|
|move|p2a: Gliscor|Knock Off|p1a: Suicune
|-damage|p1a: Suicune|137\/404 tox
|move|p1a: Suicune|Scald|p2a: Gliscor
|-supereffective|p2a: Gliscor
|-damage|p2a: Gliscor|0 fnt
|faint|p2a: Gliscor
|
|-damage|p1a: Suicune|87\/404 tox|[from] psn
|-end|p1a: Suicune|move: Taunt
|
|switch|p2a: Charizard|Charizard-Mega-X, F|343\/359
|-damage|p2a: Charizard|254\/359|[from] Stealth Rock
|turn|159
|c|âLT1B Adrian OLT|Oh
|c|âLT1B Adrian OLT|Ded anywayz
|c|+LT1A Adam|A critical burn
|c|âLT1B Adrian OLT|die
|
|switch|p1a: Landorus-Therian|Landorus-Therian, M|241\/319 brn
|-damage|p1a: Landorus-Therian|202\/319 brn|[from] Stealth Rock
|-ability|p1a: Landorus-Therian|Intimidate|[of] p2a: Charizard
|-unboost|p2a: Charizard|atk|1
|move|p2a: Charizard|Dragon Claw|p1a: Landorus-Therian
|-damage|p1a: Landorus-Therian|90\/319 brn
|
|-damage|p1a: Landorus-Therian|51\/319 brn|[from] brn
|turn|160
|c|@Nani Man|i cant watch this
|c|+LT1A Adam|ded lando
|c|@Nani Man|oml
|
|switch|p2a: Alomomola|Alomomola, F|480\/480
|-damage|p2a: Alomomola|420\/480|[from] Stealth Rock
|move|p1a: Landorus-Therian|Earthquake|p2a: Alomomola
|-damage|p2a: Alomomola|323\/480
|
|-heal|p2a: Alomomola|353\/480|[from] item: Leftovers
|-damage|p1a: Landorus-Therian|12\/319 brn|[from] brn
|turn|161
|c| RWBY Rose|oml?
|c|@Nani Man|wtf
|c|@Nani Man|>not switching to cune
|c|@Nani Man|you dun goofd
|c|+LT1A Adam|^
|c| RWBY Rose|lol
|c|+LT1A Adam|U DUN NIG LOL
|leave|BlackBeltPanda
|join|Tyler1990
|c|âLT1B Adrian OLT|Is that
|c|âLT1B Adrian OLT|Defensive
|c|âLT1B Adrian OLT|Lando-T
|c|@Nani Man|i think offensive
|c|@Nani Man|bc 20% eq on burn
|c|âLT1B Adrian OLT|No
|leave|Tyler1990
|c|âLT1B Adrian OLT|It's offensive
|c|âLT1B Adrian OLT|Just calc'd
|c|+LT1A Adam|Lol
|
|move|p1a: Landorus-Therian|Earthquake|p2a: Alomomola
|-damage|p2a: Alomomola|271\/480
|move|p2a: Alomomola|Wish|p2a: Alomomola
|
|-heal|p2a: Alomomola|301\/480|[from] item: Leftovers
|-damage|p1a: Landorus-Therian|0 fnt|[from] brn
|faint|p1a: Landorus-Therian
|c|âiDestructioNx|adrian this match started just me and you and Adam :DDDDDDDDD
|c|âiDestructioNx|now its like wooooooooosh
|
|switch|p1a: Suicune|Suicune, shiny|87\/404 tox
|-damage|p1a: Suicune|37\/404 tox|[from] Stealth Rock
|-ability|p1a: Suicune|Pressure
|turn|162
|c|âLT1B Adrian OLT|Lol
|c|âLT1B Adrian OLT|Lame
|c|+LT1A Adam|oh.
|c|âLT1B Adrian OLT|Couldn't switch to Zard-X
|
|switch|p2a: Charizard|Charizard-Mega-X, F|254\/359
|-damage|p2a: Charizard|165\/359|[from] Stealth Rock
|move|p1a: Suicune|Rest|p1a: Suicune
|-status|p1a: Suicune|slp
|-heal|p1a: Suicune|404\/404 slp|[silent]
|-status|p1a: Suicune|slp|[from] move: Rest
|
|-heal|p2a: Charizard|359\/359|[from] move: Wish|[wisher] Alomomola
|turn|163
|c|âLT1B Adrian OLT|Since it was offensive
|c|@Nani Man|ooooh
|c| RWBY Rose|ma gawd]
|c|@Nani Man|its kyogre now
|c|+LT1A Adam|crying for you, adrian
|c| RWBY Rose|;-;
|c|+LT1A Adam|Hope for two DClacrits
|c|âLT1B Adrian OLT|These games lol
|c|+LT1A Adam|And then you win.
|
|move|p2a: Charizard|Earthquake|p1a: Suicune
|-damage|p1a: Suicune|344\/404 slp
|cant|p1a: Suicune|slp
|
|turn|164
|c|âLT1B Adrian OLT|You should have seen my 370 urn one
|c|âLT1B Adrian OLT|Even more cancerous
|
|switch|p1a: Skarmory|Skarmory, M|106\/323 brn
|-damage|p1a: Skarmory|66\/323 brn|[from] Stealth Rock
|move|p2a: Charizard|Earthquake|p1a: Skarmory
|-immune|p1a: Skarmory|[msg]
|
|-damage|p1a: Skarmory|26\/323 brn|[from] brn
|turn|165
|c|âLT1B Adrian OLT|Ded
|
|move|p2a: Charizard|Dragon Claw|p1a: Skarmory
|-resisted|p1a: Skarmory
|-damage|p1a: Skarmory|0 fnt
|faint|p1a: Skarmory
|
|c| RWBY Rose|??????
|c|+LT1A Adam|dedburd
|c|âiDestructioNx|yea
|c|âiDestructioNx|im tired
|c|âiDestructioNx|i got school D;
|c| I Kyle I|youre also bad
|
|switch|p1a: Suicune|Suicune, shiny|344\/404 slp
|-damage|p1a: Suicune|294\/404 slp|[from] Stealth Rock
|-ability|p1a: Suicune|Pressure
|turn|166
|c| RWBY Rose|geegee
|leave|I Kyle I
|c| RWBY Rose|kyle y u mean
|c|âLT1B Adrian OLT|rood
|c|+LT1A Adam|I Kyle I that is just rude.
|c| RWBY Rose|lol he left\
|
|move|p2a: Charizard|Earthquake|p1a: Suicune
|-damage|p1a: Suicune|234\/404 slp
|cant|p1a: Suicune|slp
|
|turn|167
|c| VTL|lol the guy that called him bad is in 1100 ELO with over 500 games played
|join|Chucky00
|c|+LT1A Adam|VTL lick me bby
|
|move|p2a: Charizard|Dragon Claw|p1a: Suicune
|-damage|p1a: Suicune|132\/404 slp
|-curestatus|p1a: Suicune|slp
|move|p1a: Suicune|Calm Mind|p1a: Suicune
|-boost|p1a: Suicune|spa|1
|-boost|p1a: Suicune|spd|1
|
|turn|168
|leave|Chucky00
|c|âLT1B Adrian OLT|His opinion is justified
|join|zzxtace
|c|+LT1A Adam|^
|leave|Ollin
|
|move|p2a: Charizard|Earthquake|p1a: Suicune
|-damage|p1a: Suicune|64\/404
|move|p1a: Suicune|Rest|p1a: Suicune
|-status|p1a: Suicune|slp
|-heal|p1a: Suicune|404\/404 slp|[silent]
|-status|p1a: Suicune|slp|[from] move: Rest
|
|turn|169
|c| RWBY Rose|jesus 
|c| RWBY Rose|how many times has h used rest now?
|c|@Nani Man|i swear
|c|@Nani Man|crocune is a bitch
|c|+LT1A Adam|idestructionx is actually really good wow.
|c|âiDestructioNx|LOOOOOOOOOOOOOOOOOOL
|c|âLT1B Adrian OLT|14 or 15 I think
|c|@Nani Man|!data rest
|c|~|\/data-move Rest

|c|@Nani Man|hes used rest >16
|c| RWBY Rose|then he has 1 or 2 left
|c|@Nani Man|..
|c|+LT1A Adam|I figured with this team and having CroCune on an "offensive" team, he'd be like in 1400s
|c|@Nani Man|oh shit
|c|@Nani Man|sleep tlak gg'd my control+f
|c|@Nani Man|LOL
|c|âLT1B Adrian OLT|Sleep Talk
|c|âLT1B Adrian OLT|Lol
|c|âLT1B Adrian OLT|Same thing happened to me
|c| RWBY Rose|lel
|c|âiDestructioNx|lol i was 1850 earlier
|c|@Nani Man|deck'd
|c|+LT1A Adam|damn bae
|c|+LT1A Adam|fuk me
|c|âiDestructioNx|i started testing new shit now 1700s
|c|âiDestructioNx|well boutta be 169somethin now
|c|âiDestructioNx|D:
|c|+LT1A Adam|D:
|leave|Greyninjay
|c|âiDestructioNx|oh well ill ladder up tomorrow
|c|âiDestructioNx|so look out form e!!!!!!!!
|join|LT1C Tetraice
|c|âiDestructioNx|me lol
|c|+LT1A Adam|Well, your ELO is 1670
|c|âLT1B Adrian OLT|Gg wp lol
|c|+LT1A Adam|Atm
|
|move|p2a: Charizard|Earthquake|p1a: Suicune
|-damage|p1a: Suicune|345\/404 slp
|cant|p1a: Suicune|slp
|
|turn|170
|join|blue skirt
|
|move|p2a: Charizard|Earthquake|p1a: Suicune
|-damage|p1a: Suicune|285\/404 slp
|cant|p1a: Suicune|slp
|
|turn|171
|
|move|p2a: Charizard|Earthquake|p1a: Suicune
|-damage|p1a: Suicune|225\/404 slp
|-curestatus|p1a: Suicune|slp
|move|p1a: Suicune|Sleep Talk|p1a: Suicune
|-fail|p1a: Suicune
|
|turn|172
|c| RWBY Rose|is he out of sleep talks?
|c| RWBY Rose|oh
|
|move|p2a: Charizard|Will-O-Wisp|p1a: Suicune|[miss]
|-miss|p2a: Charizard|p1a: Suicune
|move|p1a: Suicune|Calm Mind|p1a: Suicune
|-boost|p1a: Suicune|spa|1
|-boost|p1a: Suicune|spd|1
|
|turn|173
|c|âLT1B Adrian OLT|No
|c| RWBY Rose|nvm lol
|c|+LT1A Adam|So you might drop down to near 1610 or 1620
|
|move|p2a: Charizard|Dragon Claw|p1a: Suicune
|-damage|p1a: Suicune|114\/404
|move|p1a: Suicune|Calm Mind|p1a: Suicune
|-boost|p1a: Suicune|spa|1
|-boost|p1a: Suicune|spd|1
|
|turn|174
|c|+LT1A Adam|:O
|c|@Nani Man|!!!
|c|+LT1A Adam|pray for the rolls
|c|âLT1B Adrian OLT|Hmm
|c|âiDestructioNx|adam i have more rest
|c|âiDestructioNx|lol
|join|Caridor
|leave|VTL
|leave|LT1C Tetraice
|c| RWBY Rose|my gawd
|c|âiDestructioNx|but i wont rest no more
|c|+LT1A Adam|PRAY TO THE RNG GODS
|join|I Kyle I
|c|âiDestructioNx|gg
|c|@Nani Man|i cant watch this
|c|@Nani Man|oml
|c|+LT1A Adam|oml rof
|c|@Nani Man|rof
|c|âLT1B Adrian OLT|0 Atk Tough Claws Mega Charizard X Dragon Claw vs. 252 HP \/ 252+ Def Suicune: 94-112 (23.2 - 27.7%) -- possible 5HKO after Leftovers recovery
|c|âLT1B Adrian OLT|Nope
|leave|I Kyle I
|c|@Nani Man|ah shit
|c|âLT1B Adrian OLT|Crit imo
|
|move|p2a: Charizard|Dragon Claw|p1a: Suicune
|-damage|p1a: Suicune|3\/404
|move|p1a: Suicune|Calm Mind|p1a: Suicune
|-boost|p1a: Suicune|spa|1
|-boost|p1a: Suicune|spd|1
|
|turn|175
|c|@Nani Man|OH
|c| RWBY Rose|WOW
|c|@Nani Man|OFJFFO
|c| blue skirt|lol
|c| RWBY Rose|WOW
|c|@Nani Man|its kyogre
|c|âLT1B Adrian OLT|Lmao
|c|âLT1B Adrian OLT|Gg wp
|join|Qfish
|c| RWBY Rose|GG
|c|@Nani Man|gg
|
|move|p2a: Charizard|Dragon Claw|p1a: Suicune
|-damage|p1a: Suicune|0 fnt
|faint|p1a: Suicune
|
|win|LT1B Adrian OLT
|raw|Ladder updating...
|raw|iDestructioNx's rating: 1670 &rarr; <strong>1643<\/strong><br \/>(-27 for losing)
|raw|LT1B Adrian OLT's rating: 1535 &rarr; <strong>1563<\/strong><br \/>(+28 for winning)
|leave|blue skirt
|c| RWBY Rose|WP ALL
|leave|Caridor
|leave|Nani Man
|leave|LT1A Adam
|c|âLT1B Adrian OLT|Big boost
|leave|RWBY Rose
|leave|The_Layzer
|join|RWBY Rose
|c|âLT1B Adrian OLT|Getting closer to 1700 nice
|c|âLT1B Adrian OLT|Brb
|c|âiDestructioNx|come watch me play 1 more
|leave|zzxtace
|leave|iDestructioNx
|player|p1
|leave|RWBY Rose
|c|âLT1B Adrian OLT|Sure
|leave|PokeLove99
|leave|Ax0343
|leave|Nakeen
|leave|LT1B Adrian OLT
|player|p2
|join|vare112
|leave|bloodburger10
|leave|Qfish
|leave|OctsOwn13
|leave|shinningprodigy