|join|Reverb
|join|iDestructioNx
|player|p1|Reverb|#reverb
|player|p2|iDestructioNx|2
|gametype|singles
|gen|6
|tier|OU
|rated
|clearpoke
|poke|p1|Empoleon, M
|poke|p1|Tyranitar, F
|poke|p1|Charizard, M
|poke|p1|Keldeo
|poke|p1|Kyurem-Black
|poke|p1|Landorus-Therian, M
|poke|p2|Tyranitar, F
|poke|p2|Landorus-Therian, M
|poke|p2|Talonflame, M, shiny
|poke|p2|Latios, M
|poke|p2|Terrakion, shiny
|poke|p2|Scizor, F
|rule|Swagger Clause: Swagger is banned
|rule|Baton Pass Clause: Limit one PokÃ©mon knowing Baton Pass
|rule|Sleep Clause Mod: Limit one foe put to sleep
|rule|Species Clause: Limit one of each PokÃ©mon
|rule|OHKO Clause: OHKO moves are banned
|rule|Moody Clause: Moody is banned
|rule|Evasion Moves Clause: Evasion moves are banned
|rule|Endless Battle Clause: Forcing endless battles is banned
|rule|HP Percentage Mod: HP is shown in percentages
|teampreview
|join|Bloodz
|join|Prankster
|
|start
|switch|p1a: Keldeo|Keldeo|323\/323
|switch|p2a: Landorus-Therian|Landorus-Therian, M|319\/319
|-ability|p2a: Landorus-Therian|Intimidate|[of] p1a: Keldeo
|-unboost|p1a: Keldeo|atk|1
|turn|1
|
|switch|p2a: Latios|Latios, M|301\/301
|move|p1a: Keldeo|Icy Wind|p2a: Latios
|-supereffective|p2a: Latios
|-damage|p2a: Latios|133\/301
|-unboost|p2a: Latios|spe|1
|
|turn|2
|join|jacksoras
|
|switch|p1a: Empoleon|Empoleon, M|371\/371
|switch|p2a: Terrakion|Terrakion, shiny|323\/323
|
|turn|3
|
|switch|p1a: Landorus-Therian|Landorus-Therian, M|327\/327
|-ability|p1a: Landorus-Therian|Intimidate|[of] p2a: Terrakion
|-unboost|p2a: Terrakion|atk|1
|move|p2a: Terrakion|Stealth Rock|p1a: Landorus-Therian
|-sidestart|p1: Reverb|move: Stealth Rock
|
|turn|4
|
|switch|p2a: Landorus-Therian|Landorus-Therian, M|319\/319
|-ability|p2a: Landorus-Therian|Intimidate|[of] p1a: Landorus-Therian
|-unboost|p1a: Landorus-Therian|atk|1
|move|p1a: Landorus-Therian|U-turn|p2a: Landorus-Therian
|-resisted|p2a: Landorus-Therian
|-damage|p2a: Landorus-Therian|289\/319
|join|Jirachi User
|
|switch|p1a: Empoleon|Empoleon, M|371\/371
|-damage|p1a: Empoleon|348\/371|[from] Stealth Rock
|
|-heal|p1a: Empoleon|371\/371|[from] item: Leftovers
|turn|5
|
|move|p2a: Landorus-Therian|Earthquake|p1a: Empoleon
|-crit|p1a: Empoleon
|-supereffective|p1a: Empoleon
|-damage|p1a: Empoleon|0 fnt
|faint|p1a: Empoleon
|
|c|âReverb|fuck
|c|âReverb|crits :(
|c| Jirachi User|wow
|c|âiDestructioNx|enjoy those stones
|c|âiDestructioNx|and trust that didnt matter
|c|âReverb|it did
|c|âReverb|im eved
|c|âReverb|to live that
|c|âiDestructioNx|banded
|c|âReverb|100% of the time
|c|âReverb|ah
|c|âiDestructioNx|clown
|c| jacksoras|LOL BAND
|c|âReverb|dont call me a clown
|join|Jefo
|c|âiDestructioNx|clown
|c| Jirachi User|lol
iDestructioNx was locked from talking by Reverb.
|unlink|idestructionx
|c| jacksoras|lmao
|c|âReverb|im banning you when we're done btw
|c| Jirachi User|Lmaoooo
|c| jacksoras|ahahahaahah
|
|switch|p1a: Keldeo|Keldeo|323\/323
|-damage|p1a: Keldeo|303\/323|[from] Stealth Rock
|turn|6
|
|switch|p2a: Latios|Latios, M|133\/301
|move|p1a: Keldeo|Scald|p2a: Latios
|-resisted|p2a: Latios
|-damage|p2a: Latios|34\/301
|
|turn|7
|
|switch|p2a: Landorus-Therian|Landorus-Therian, M|289\/319
|-ability|p2a: Landorus-Therian|Intimidate|[of] p1a: Keldeo
|-unboost|p1a: Keldeo|atk|1
|switch|p1a: Tyranitar|Tyranitar, F|383\/383
|-damage|p1a: Tyranitar|336\/383|[from] Stealth Rock
|-weather|Sandstorm
|
|-weather|Sandstorm|[upkeep]
|turn|8
|
|switch|p1a: Landorus-Therian|Landorus-Therian, M|327\/327
|-damage|p1a: Landorus-Therian|287\/327|[from] Stealth Rock
|-ability|p1a: Landorus-Therian|Intimidate|[of] p2a: Landorus-Therian
|-unboost|p2a: Landorus-Therian|atk|1
|move|p2a: Landorus-Therian|Knock Off|p1a: Landorus-Therian
|-damage|p1a: Landorus-Therian|192\/327
|-enditem|p1a: Landorus-Therian|Choice Scarf|[from] move: Knock Off|[of] p2a: Landorus-Therian
|
|-weather|Sandstorm|[upkeep]
|turn|9
|
|move|p2a: Landorus-Therian|Knock Off|p1a: Landorus-Therian
|-damage|p1a: Landorus-Therian|125\/327
|move|p1a: Landorus-Therian|U-turn|p2a: Landorus-Therian
|-resisted|p2a: Landorus-Therian
|-damage|p2a: Landorus-Therian|244\/319
|
|switch|p1a: Tyranitar|Tyranitar, F|336\/383
|-damage|p1a: Tyranitar|289\/383|[from] Stealth Rock
|
|-weather|Sandstorm|[upkeep]
|turn|10
|
|move|p1a: Tyranitar|Pursuit|p2a: Landorus-Therian|[from]Pursuit
|-damage|p2a: Landorus-Therian|0 fnt
|faint|p2a: Landorus-Therian
|
|-weather|Sandstorm|[upkeep]
|
|switch|p2a: Tyranitar|Tyranitar, F|341\/341
|turn|11
|
|switch|p1a: Landorus-Therian|Landorus-Therian, M|125\/327
|-damage|p1a: Landorus-Therian|85\/327|[from] Stealth Rock
|-ability|p1a: Landorus-Therian|Intimidate|[of] p2a: Tyranitar
|-unboost|p2a: Tyranitar|atk|1
|detailschange|p2a: Tyranitar|Tyranitar-Mega, F
|-mega|p2a: Tyranitar|Tyranitar|Tyranitarite
|move|p2a: Tyranitar|Dragon Dance|p2a: Tyranitar
|-boost|p2a: Tyranitar|atk|1
|-boost|p2a: Tyranitar|spe|1
|
|-weather|none
|turn|12
|
|move|p2a: Tyranitar|Ice Punch|p1a: Landorus-Therian
|-supereffective|p1a: Landorus-Therian
|-damage|p1a: Landorus-Therian|0 fnt
|faint|p1a: Landorus-Therian
|
|c| Jirachi User|mega ttar
|c| Jirachi User|Wow
|
|switch|p1a: Keldeo|Keldeo|303\/323
|-damage|p1a: Keldeo|283\/323|[from] Stealth Rock
|turn|13
|
|switch|p2a: Latios|Latios, M|34\/301
|move|p1a: Keldeo|Secret Sword|p2a: Latios
|-crit|p2a: Latios
|-resisted|p2a: Latios
|-damage|p2a: Latios|0 fnt
|faint|p2a: Latios
|
|
|switch|p2a: Talonflame|Talonflame, M, shiny|297\/297
|turn|14
|
|switch|p1a: Charizard|Charizard, M|297\/297
|-damage|p1a: Charizard|149\/297|[from] Stealth Rock
|move|p2a: Talonflame|Brave Bird|p1a: Charizard
|-damage|p1a: Charizard|0 fnt
|-damage|p2a: Talonflame|248\/297|[from] recoil|[of] p1a: Charizard
|faint|p1a: Charizard
|
|join|clownx
|
|switch|p1a: Tyranitar|Tyranitar, F|289\/383
|-damage|p1a: Tyranitar|242\/383|[from] Stealth Rock
|-weather|Sandstorm
|turn|15
|
|move|p1a: Tyranitar|Pursuit|p2a: Talonflame|[from]Pursuit
|-damage|p2a: Talonflame|0 fnt
|faint|p2a: Talonflame
|
|-weather|Sandstorm|[upkeep]
|
|switch|p2a: Terrakion|Terrakion, shiny|323\/323
|turn|16
|
|move|p2a: Terrakion|Close Combat|p1a: Tyranitar
|-supereffective|p1a: Tyranitar
|-damage|p1a: Tyranitar|0 fnt
|-unboost|p2a: Terrakion|def|1
|-unboost|p2a: Terrakion|spd|1
|faint|p1a: Tyranitar
|
|-weather|Sandstorm|[upkeep]
|
|switch|p1a: Kyurem-Black|Kyurem-Black|391\/391
|-damage|p1a: Kyurem-Black|294\/391|[from] Stealth Rock
|-ability|p1a: Kyurem-Black|Teravolt
|turn|17
|
|move|p1a: Kyurem-Black|Outrage|p2a: Terrakion
|-enditem|p2a: Terrakion|Focus Sash
|-damage|p2a: Terrakion|1\/323
|move|p2a: Terrakion|Close Combat|p1a: Kyurem-Black
|-supereffective|p1a: Kyurem-Black
|-damage|p1a: Kyurem-Black|0 fnt
|-unboost|p2a: Terrakion|def|1
|-unboost|p2a: Terrakion|spd|1
|faint|p1a: Kyurem-Black
|
|-weather|Sandstorm|[upkeep]
|
|switch|p1a: Keldeo|Keldeo|283\/323
|-damage|p1a: Keldeo|263\/323|[from] Stealth Rock
|turn|18
|
|move|p1a: Keldeo|Secret Sword|p2a: Terrakion
|-supereffective|p2a: Terrakion
|-damage|p2a: Terrakion|0 fnt
|faint|p2a: Terrakion
|
|-weather|Sandstorm|[upkeep]
|-damage|p1a: Keldeo|243\/323|[from] sandstorm
|
|switch|p2a: Tyranitar|Tyranitar-Mega, F|341\/341
|turn|19
|
|move|p1a: Keldeo|Secret Sword|p2a: Tyranitar
|-supereffective|p2a: Tyranitar
|-damage|p2a: Tyranitar|0 fnt
|faint|p2a: Tyranitar
|
|-weather|none
|
|switch|p2a: Scizor|Scizor, F|281\/281
|turn|20
|
|move|p1a: Keldeo|Secret Sword|p2a: Scizor
|-damage|p2a: Scizor|50\/281
|move|p2a: Scizor|Superpower|p1a: Keldeo
|-damage|p1a: Keldeo|75\/323
|-unboost|p2a: Scizor|atk|1
|-unboost|p2a: Scizor|def|1
|
|turn|21
|c|âReverb|gg
|
|move|p2a: Scizor|Bullet Punch|p1a: Keldeo
|-resisted|p1a: Keldeo
|-damage|p1a: Keldeo|34\/323
|move|p1a: Keldeo|Secret Sword|p2a: Scizor
|-damage|p2a: Scizor|0 fnt
|faint|p2a: Scizor
|
|win|Reverb
|raw|Ladder updating...
|leave|iDestructioNx
|raw|Reverb's rating: 1642 &rarr; <strong>1656<\/strong><br \/>(+14 for winning)
|raw|iDestructioNx's rating: 1526 &rarr; <strong>1513<\/strong><br \/>(-13 for losing)
|c| Jirachi User|lmao
|player|p2
|leave|Prankster
|c| Jirachi User|bunned
iDestructioNx was banned by Reverb.
|unlink|idestructionx
|leave|clownx