|join|iDestructioNx
|join|M0A L0RD P34
|player|p1|iDestructioNx|170
|player|p2|M0A L0RD P34|2
|gametype|singles
|gen|6
|tier|OU (suspect test)
|rated
|clearpoke
|poke|p1|Garchomp, F
|poke|p1|Talonflame, M
|poke|p1|Landorus-Therian, M
|poke|p1|Thundurus-Therian, M
|poke|p1|Tentacruel, M
|poke|p1|Charizard, F
|poke|p2|Metagross, shiny
|poke|p2|Bisharp, F
|poke|p2|Raikou
|poke|p2|Azumarill, M
|poke|p2|Talonflame, M
|poke|p2|Azelf
|rule|Swagger Clause: Swagger is banned
|rule|Baton Pass Clause: Limit one PokÃ©mon knowing Baton Pass
|rule|Sleep Clause Mod: Limit one foe put to sleep
|rule|Species Clause: Limit one of each PokÃ©mon
|rule|OHKO Clause: OHKO moves are banned
|rule|Moody Clause: Moody is banned
|rule|Evasion Moves Clause: Evasion moves are banned
|rule|Endless Battle Clause: Forcing endless battles is banned
|rule|HP Percentage Mod: HP is shown in percentages
|teampreview
|
|start
|switch|p1a: Garchomp|Garchomp, F|357\/357
|switch|p2a: Tether|Azelf|338\/338
|turn|1
|
|move|p2a: Tether|Taunt|p1a: Garchomp
|-start|p1a: Garchomp|move: Taunt
|move|p1a: Garchomp|Outrage|p2a: Tether
|-damage|p2a: Tether|7\/338
|
|turn|2
|
|move|p2a: Tether|Stealth Rock|p1a: Garchomp
|-sidestart|p1: iDestructioNx|move: Stealth Rock
|move|p1a: Garchomp|Outrage|p2a: Tether
|-damage|p2a: Tether|0 fnt
|faint|p2a: Tether
|
|
|switch|p2a: Azumarill|Azumarill, M|386\/386
|turn|3
|
|move|p1a: Garchomp|Outrage|p2a: Azumarill
|-immune|p2a: Azumarill|[msg]
|move|p2a: Azumarill|Play Rough|p1a: Garchomp
|-supereffective|p1a: Garchomp
|-damage|p1a: Garchomp|0 fnt
|-damage|p2a: Azumarill|338\/386|[from] ability: Rough Skin|[of] p1a: Garchomp
|faint|p1a: Garchomp
|
|
|switch|p1a: Tentacruel|Tentacruel, M|364\/364
|-damage|p1a: Tentacruel|319\/364|[from] Stealth Rock
|turn|4
|
|switch|p2a: Uh Huh HER|Metagross, shiny|301\/301
|move|p1a: Tentacruel|Rapid Spin|p2a: Uh Huh HER
|-resisted|p2a: Uh Huh HER
|-damage|p2a: Uh Huh HER|297\/301
|-sideend|p1: iDestructioNx|Stealth Rock|[from] move: Rapid Spin|[of] p1a: Tentacruel
|
|-heal|p1a: Tentacruel|341\/364|[from] item: Leftovers
|turn|5
|
|switch|p1a: Landorus-Therian|Landorus-Therian, M|370\/370
|-ability|p1a: Landorus-Therian|Intimidate|[of] p2a: Uh Huh HER
|-fail|p2a: Uh Huh HER|unboost|[from] ability: Clear Body|[of] p2a: Uh Huh HER
|detailschange|p2a: Uh Huh HER|Metagross-Mega, shiny
|-mega|p2a: Uh Huh HER|Metagross|Metagrossite
|move|p2a: Uh Huh HER|Zen Headbutt|p1a: Landorus-Therian
|-damage|p1a: Landorus-Therian|180\/370
|
|turn|6
|
|switch|p1a: Tentacruel|Tentacruel, M|341\/364
|move|p2a: Uh Huh HER|Meteor Mash|p1a: Tentacruel|[miss]
|-miss|p2a: Uh Huh HER|p1a: Tentacruel
|
|-heal|p1a: Tentacruel|363\/364|[from] item: Leftovers
|turn|7
|
|switch|p1a: Landorus-Therian|Landorus-Therian, M|180\/370
|-ability|p1a: Landorus-Therian|Intimidate|[of] p2a: Uh Huh HER
|-unboost|p2a: Uh Huh HER|atk|1
|move|p2a: Uh Huh HER|Zen Headbutt|p1a: Landorus-Therian
|-damage|p1a: Landorus-Therian|50\/370
|
|turn|8
|
|move|p1a: Landorus-Therian|Earthquake|p2a: Uh Huh HER
|-supereffective|p2a: Uh Huh HER
|-damage|p2a: Uh Huh HER|67\/301
|move|p2a: Uh Huh HER|Zen Headbutt|p1a: Landorus-Therian
|-damage|p1a: Landorus-Therian|0 fnt
|faint|p1a: Landorus-Therian
|
|
|switch|p1a: Talonflame|Talonflame, M|326\/326
|turn|9
|
|move|p1a: Talonflame|Flare Blitz|p2a: Uh Huh HER
|-supereffective|p2a: Uh Huh HER
|-damage|p2a: Uh Huh HER|0 fnt
|-damage|p1a: Talonflame|304\/326|[from] recoil|[of] p2a: Uh Huh HER
|faint|p2a: Uh Huh HER
|
|
|switch|p2a: Bisharp|Bisharp, F|271\/271
|turn|10
|
|move|p2a: Bisharp|Sucker Punch|p1a: Talonflame
|-damage|p1a: Talonflame|47\/326
|-damage|p2a: Bisharp|244\/271|[from] item: Life Orb
|move|p1a: Talonflame|Flare Blitz|p2a: Bisharp
|-supereffective|p2a: Bisharp
|-damage|p2a: Bisharp|0 fnt
|-damage|p1a: Talonflame|0 fnt|[from] recoil|[of] p2a: Bisharp
|faint|p2a: Bisharp
|faint|p1a: Talonflame
|
|
|switch|p2a: Raikou|Raikou|321\/321
|switch|p1a: Charizard|Charizard, F|297\/297
|-ability|p2a: Raikou|Pressure
|turn|11
|c|âiDestructioNx|shit
|
|detailschange|p1a: Charizard|Charizard-Mega-X, F
|-mega|p1a: Charizard|Charizard|Charizardite X
|move|p2a: Raikou|Volt Switch|p1a: Charizard
|-resisted|p1a: Charizard
|-damage|p1a: Charizard|229\/297
|
|switch|p2a: Azumarill|Azumarill, M|338\/386
|move|p1a: Charizard|Flare Blitz|p2a: Azumarill
|-resisted|p2a: Azumarill
|-damage|p2a: Azumarill|151\/386
|-status|p2a: Azumarill|brn
|-damage|p1a: Charizard|167\/297|[from] recoil|[of] p2a: Azumarill
|
|-damage|p2a: Azumarill|103\/386 brn|[from] brn
|turn|12
|c|âM0A L0RD P34|whate
|c|âM0A L0RD P34|the fuck
|
|move|p1a: Charizard|Roost|p1a: Charizard
|-heal|p1a: Charizard|297\/297
|move|p2a: Azumarill|Waterfall|p1a: Charizard
|-damage|p1a: Charizard|221\/297
|
|-damage|p2a: Azumarill|55\/386 brn|[from] brn
|turn|13
|c|âM0A L0RD P34|this so lucky
|c|âM0A L0RD P34|shit
|c|âiDestructioNx|u suck
|c|âiDestructioNx|stfu
|c|âiDestructioNx|u still woulda lose scrub
|
|switch|p1a: Tentacruel|Tentacruel, M|363\/364
|move|p2a: Azumarill|Play Rough|p1a: Tentacruel
|-resisted|p1a: Tentacruel
|-damage|p1a: Tentacruel|319\/364
|
|-heal|p1a: Tentacruel|341\/364|[from] item: Leftovers
|-damage|p2a: Azumarill|7\/386 brn|[from] brn
|turn|14
|
|move|p1a: Tentacruel|Scald|p2a: Azumarill
|-resisted|p2a: Azumarill
|-damage|p2a: Azumarill|0 fnt
|faint|p2a: Azumarill
|
|-heal|p1a: Tentacruel|363\/364|[from] item: Leftovers
|
|switch|p2a: Raikou|Raikou|321\/321
|-ability|p2a: Raikou|Pressure
|turn|15
|
|switch|p1a: Thundurus-Therian|Thundurus-Therian, M|299\/299
|move|p2a: Raikou|Thunderbolt|p1a: Thundurus-Therian
|-immune|p1a: Thundurus-Therian|[msg]
|
|turn|16
|
|move|p2a: Raikou|Hidden Power|p1a: Thundurus-Therian
|-supereffective|p1a: Thundurus-Therian
|-damage|p1a: Thundurus-Therian|133\/299
|move|p1a: Thundurus-Therian|Agility|p1a: Thundurus-Therian
|-boost|p1a: Thundurus-Therian|spe|2
|
|turn|17
|c|âM0A L0RD P34|so stupid
|
|move|p1a: Thundurus-Therian|Hidden Power|p2a: Raikou
|-damage|p2a: Raikou|242\/321
|-damage|p1a: Thundurus-Therian|104\/299|[from] item: Life Orb
|move|p2a: Raikou|Hidden Power|p1a: Thundurus-Therian
|-supereffective|p1a: Thundurus-Therian
|-damage|p1a: Thundurus-Therian|0 fnt
|faint|p1a: Thundurus-Therian
|
|
|switch|p1a: Charizard|Charizard-Mega-X, F|221\/297
|turn|18
|
|move|p2a: Raikou|Volt Switch|p1a: Charizard
|-resisted|p1a: Charizard
|-damage|p1a: Charizard|154\/297
|
|switch|p2a: FLAMINGO3ywy|Talonflame, M|297\/297
|move|p1a: Charizard|Dragon Dance|p1a: Charizard
|-boost|p1a: Charizard|atk|1
|-boost|p1a: Charizard|spe|1
|
|turn|19
|
|switch|p1a: Tentacruel|Tentacruel, M|363\/364
|move|p2a: FLAMINGO3ywy|Brave Bird|p1a: Tentacruel
|-damage|p1a: Tentacruel|210\/364
|-damage|p2a: FLAMINGO3ywy|247\/297|[from] recoil|[of] p1a: Tentacruel
|
|-heal|p2a: FLAMINGO3ywy|265\/297|[from] item: Leftovers
|-heal|p1a: Tentacruel|232\/364|[from] item: Leftovers
|turn|20
|
|switch|p2a: Raikou|Raikou|242\/321
|-ability|p2a: Raikou|Pressure
|move|p1a: Tentacruel|Scald|p2a: Raikou
|-damage|p2a: Raikou|187\/321
|
|-heal|p1a: Tentacruel|254\/364|[from] item: Leftovers
|turn|21
|
|move|p2a: Raikou|Shadow Ball|p1a: Tentacruel
|-crit|p1a: Tentacruel
|-damage|p1a: Tentacruel|133\/364
|move|p1a: Tentacruel|Scald|p2a: Raikou
|-damage|p2a: Raikou|129\/321
|
|-heal|p1a: Tentacruel|155\/364|[from] item: Leftovers
|turn|22
|
|move|p2a: Raikou|Shadow Ball|p1a: Tentacruel
|-damage|p1a: Tentacruel|79\/364
|move|p1a: Tentacruel|Scald|p2a: Raikou
|-crit|p2a: Raikou
|-damage|p2a: Raikou|56\/321
|
|-heal|p1a: Tentacruel|101\/364|[from] item: Leftovers
|turn|23
|
|move|p2a: Raikou|Volt Switch|p1a: Tentacruel
|-supereffective|p1a: Tentacruel
|-damage|p1a: Tentacruel|0 fnt
|faint|p1a: Tentacruel
|
|switch|p2a: FLAMINGO3ywy|Talonflame, M|265\/297
|
|-heal|p2a: FLAMINGO3ywy|283\/297|[from] item: Leftovers
|
|switch|p1a: Charizard|Charizard-Mega-X, F|154\/297
|turn|24
|
|move|p2a: FLAMINGO3ywy|Brave Bird|p1a: Charizard
|-damage|p1a: Charizard|3\/297
|-damage|p2a: FLAMINGO3ywy|233\/297|[from] recoil|[of] p1a: Charizard
|move|p1a: Charizard|Outrage|p2a: FLAMINGO3ywy
|-damage|p2a: FLAMINGO3ywy|0 fnt
|faint|p2a: FLAMINGO3ywy
|
|c|âM0A L0RD P34|gg easy scrub
|
|switch|p2a: Raikou|Raikou|56\/321
|-ability|p2a: Raikou|Pressure
|turn|25
|c|âiDestructioNx|easy?
|c|âM0A L0RD P34|u need more luck
|c|âiDestructioNx|when u have a 18% rakiouy?
|c|âiDestructioNx|LMAO
|c|âiDestructioNx|yes thats weasy
|c|âM0A L0RD P34|Easy
|c|âM0A L0RD P34|Loser
|c|âiDestructioNx|easy
|c|âM0A L0RD P34|Scrub
|c|âiDestructioNx|very easy
|c|âM0A L0RD P34|and
|c|âM0A L0RD P34|lucky
|c|âiDestructioNx|lmao
|c|âiDestructioNx|sloth
|c|âiDestructioNx|u suck
|c|âiDestructioNx|strfy
|c|âM0A L0RD P34|Ggeasy
|-message|iDestructioNx forfeited.
|leave|iDestructioNx
|c|âM0A L0RD P34|ROLF
|
|win|M0A L0RD P34
|raw|Ladder updating...
|player|p1
|c|âM0A L0RD P34|EZ