|join|iDestructioNx
|join|tiger1129
|player|p1|iDestructioNx|266
|player|p2|tiger1129|2
|gametype|singles
|gen|6
|tier|OU (suspect test)
|rated
|clearpoke
|poke|p1|Metagross, shiny
|poke|p1|Conkeldurr, M
|poke|p1|Talonflame, M, shiny
|poke|p1|Gardevoir, F
|poke|p1|Empoleon, F
|poke|p1|Raikou
|poke|p2|Bisharp, M
|poke|p2|Metagross
|poke|p2|Infernape, M
|poke|p2|Dragonite, F
|poke|p2|Thundurus, M
|poke|p2|Keldeo
|rule|Swagger Clause: Swagger is banned
|rule|Baton Pass Clause: Limit one PokÃ©mon knowing Baton Pass
|rule|Sleep Clause Mod: Limit one foe put to sleep
|rule|Species Clause: Limit one of each PokÃ©mon
|rule|OHKO Clause: OHKO moves are banned
|rule|Moody Clause: Moody is banned
|rule|Evasion Moves Clause: Evasion moves are banned
|rule|Endless Battle Clause: Forcing endless battles is banned
|rule|HP Percentage Mod: HP is shown in percentages
|teampreview
|
|start
|switch|p1a: Raikou|Raikou|321\/321
|switch|p2a: Infernape|Infernape, M|293\/293
|-ability|p1a: Raikou|Pressure
|turn|1
|
|move|p1a: Raikou|Thunderbolt|p2a: Infernape
|-damage|p2a: Infernape|95\/293
|move|p2a: Infernape|Stealth Rock|p1a: Raikou
|-sidestart|p1: iDestructioNx|move: Stealth Rock
|
|turn|2
|
|move|p2a: Infernape|Vacuum Wave|p1a: Raikou
|-damage|p1a: Raikou|261\/321
|move|p1a: Raikou|Thunderbolt|p2a: Infernape
|-damage|p2a: Infernape|0 fnt
|faint|p2a: Infernape
|
|
|switch|p2a: Metagross|Metagross|301\/301
|turn|3
|
|detailschange|p2a: Metagross|Metagross-Mega
|-mega|p2a: Metagross|Metagross|Metagrossite
|move|p1a: Raikou|Volt Switch|p2a: Metagross
|-damage|p2a: Metagross|202\/301
|
|switch|p1a: Empoleon|Empoleon, F|372\/372
|-damage|p1a: Empoleon|349\/372|[from] Stealth Rock
|move|p2a: Metagross|Meteor Mash|p1a: Empoleon
|-resisted|p1a: Empoleon
|-damage|p1a: Empoleon|283\/372
|
|-heal|p1a: Empoleon|306\/372|[from] item: Leftovers
|turn|4
|
|move|p2a: Metagross|Hammer Arm|p1a: Empoleon
|-supereffective|p1a: Empoleon
|-damage|p1a: Empoleon|0 fnt
|-unboost|p2a: Metagross|spe|1
|faint|p1a: Empoleon
|
|
|switch|p1a: Metagross|Metagross, shiny|301\/301
|-damage|p1a: Metagross|283\/301|[from] Stealth Rock
|turn|5
|
|switch|p2a: Keldeo|Keldeo|323\/323
|detailschange|p1a: Metagross|Metagross-Mega, shiny
|-mega|p1a: Metagross|Metagross|Metagrossite
|move|p1a: Metagross|Agility|p1a: Metagross
|-boost|p1a: Metagross|spe|2
|
|turn|6
|
|switch|p2a: Bisharp|Bisharp, M|272\/272
|move|p1a: Metagross|Zen Headbutt|p2a: Bisharp
|-immune|p2a: Bisharp|[msg]
|
|turn|7
|
|move|p2a: Bisharp|Sucker Punch|p1a: Metagross
|-supereffective|p1a: Metagross
|-damage|p1a: Metagross|0 fnt
|-damage|p2a: Bisharp|245\/272|[from] item: Life Orb
|faint|p1a: Metagross
|
|
|switch|p1a: Conkeldurr|Conkeldurr, M|376\/376
|-damage|p1a: Conkeldurr|353\/376|[from] Stealth Rock
|turn|8
|
|switch|p2a: Metagross|Metagross-Mega|202\/301
|move|p1a: Conkeldurr|Bulk Up|p1a: Conkeldurr
|-boost|p1a: Conkeldurr|atk|1
|-boost|p1a: Conkeldurr|def|1
|
|-heal|p1a: Conkeldurr|376\/376|[from] item: Leftovers
|turn|9
|
|move|p2a: Metagross|Meteor Mash|p1a: Conkeldurr
|-damage|p1a: Conkeldurr|220\/376
|-boost|p2a: Metagross|atk|1
|move|p1a: Conkeldurr|Drain Punch|p2a: Metagross
|-damage|p2a: Metagross|51\/301
|-heal|p1a: Conkeldurr|296\/376|[from] drain|[of] p2a: Metagross
|
|-heal|p1a: Conkeldurr|319\/376|[from] item: Leftovers
|turn|10
|
|move|p2a: Metagross|Bullet Punch|p1a: Conkeldurr
|-damage|p1a: Conkeldurr|228\/376
|move|p1a: Conkeldurr|Mach Punch|p2a: Metagross
|-damage|p2a: Metagross|0 fnt
|faint|p2a: Metagross
|
|-heal|p1a: Conkeldurr|251\/376|[from] item: Leftovers
|
|switch|p2a: Keldeo|Keldeo|323\/323
|turn|11
|
|move|p2a: Keldeo|Hydro Pump|p1a: Conkeldurr
|-damage|p1a: Conkeldurr|0 fnt
|faint|p1a: Conkeldurr
|
|
|switch|p1a: Raikou|Raikou|261\/321
|-damage|p1a: Raikou|221\/321|[from] Stealth Rock
|-ability|p1a: Raikou|Pressure
|turn|12
|
|move|p1a: Raikou|Thunderbolt|p2a: Keldeo
|-supereffective|p2a: Keldeo
|-damage|p2a: Keldeo|0 fnt
|faint|p2a: Keldeo
|
|
|switch|p2a: Bisharp|Bisharp, M|245\/272
|turn|13
|
|move|p2a: Bisharp|Sucker Punch|p1a: Raikou
|-crit|p1a: Raikou
|-damage|p1a: Raikou|0 fnt
|-damage|p2a: Bisharp|218\/272|[from] item: Life Orb
|faint|p1a: Raikou
|
|c|âiDestructioNx|this nigga gett lucky af
|c|âiDestructioNx|smh
|
|switch|p1a: Talonflame|Talonflame, M, shiny|299\/299
|-damage|p1a: Talonflame|150\/299|[from] Stealth Rock
|turn|14
|c|âtiger1129|when was the first sign of luck
|
|move|p1a: Talonflame|Roost|p1a: Talonflame
|-heal|p1a: Talonflame|299\/299
|move|p2a: Bisharp|Knock Off|p1a: Talonflame
|-damage|p1a: Talonflame|0 fnt
|-enditem|p1a: Talonflame|Sharp Beak|[from] move: Knock Off|[of] p2a: Bisharp
|-damage|p2a: Bisharp|191\/272|[from] item: Life Orb
|faint|p1a: Talonflame
|
|c|âiDestructioNx|the crit u ass
|c|âiDestructioNx|my raikou os defensive
|c|âiDestructioNx|u suck
|-message|iDestructioNx forfeited.
|
|win|tiger1129
|raw|Ladder updating...
|c|âtiger1129|lol
|leave|iDestructioNx
|player|p1
|raw|iDestructioNx's rating: 1462 &rarr; <strong>1437<\/strong><br \/>(-25 for losing)
|raw|tiger1129's rating: 1368 &rarr; <strong>1393<\/strong><br \/>(+25 for winning)