|join|iDestructioNx
|join|50billion
|player|p1|iDestructioNx|1
|player|p2|50billion|283
|gametype|singles
|gen|6
|tier|OU (suspect test)
|rated
|clearpoke
|poke|p1|Gyarados, F, shiny
|poke|p1|Conkeldurr, M
|poke|p1|Gardevoir, M
|poke|p1|Talonflame, F, shiny
|poke|p1|Tentacruel, M
|poke|p1|Raikou
|poke|p2|Excadrill, M
|poke|p2|Scizor, M
|poke|p2|Latios, M
|poke|p2|Thundurus, M
|poke|p2|Rotom-Wash
|poke|p2|Landorus-Therian, M
|rule|Swagger Clause: Swagger is banned
|rule|Baton Pass Clause: Limit one PokÃ©mon knowing Baton Pass
|rule|Sleep Clause Mod: Limit one foe put to sleep
|rule|Species Clause: Limit one of each PokÃ©mon
|rule|OHKO Clause: OHKO moves are banned
|rule|Moody Clause: Moody is banned
|rule|Evasion Moves Clause: Evasion moves are banned
|rule|Endless Battle Clause: Forcing endless battles is banned
|rule|HP Percentage Mod: HP is shown in percentages
|teampreview
|
|start
|switch|p1a: Conkeldurr|Conkeldurr, M|358\/358
|switch|p2a: Landorus-Therian|Landorus-Therian, M|382\/382
|-ability|p2a: Landorus-Therian|Intimidate|[of] p1a: Conkeldurr
|-unboost|p1a: Conkeldurr|atk|1
|turn|1
|
|move|p2a: Landorus-Therian|Earthquake|p1a: Conkeldurr
|-damage|p1a: Conkeldurr|195\/358
|move|p1a: Conkeldurr|Bulk Up|p1a: Conkeldurr
|-boost|p1a: Conkeldurr|atk|1
|-boost|p1a: Conkeldurr|def|1
|
|-heal|p1a: Conkeldurr|217\/358|[from] item: Leftovers
|turn|2
|
|move|p2a: Landorus-Therian|U-turn|p1a: Conkeldurr
|-resisted|p1a: Conkeldurr
|-damage|p1a: Conkeldurr|193\/358
|
|switch|p2a: Rotom-Wash|Rotom-Wash|303\/303
|move|p1a: Conkeldurr|Bulk Up|p1a: Conkeldurr
|-boost|p1a: Conkeldurr|atk|1
|-boost|p1a: Conkeldurr|def|1
|
|-heal|p1a: Conkeldurr|215\/358|[from] item: Leftovers
|turn|3
|
|move|p2a: Rotom-Wash|Hydro Pump|p1a: Conkeldurr
|-damage|p1a: Conkeldurr|67\/358
|move|p1a: Conkeldurr|Drain Punch|p2a: Rotom-Wash
|-damage|p2a: Rotom-Wash|129\/303
|-heal|p1a: Conkeldurr|154\/358|[from] drain|[of] p2a: Rotom-Wash
|
|-heal|p2a: Rotom-Wash|147\/303|[from] item: Leftovers
|-heal|p1a: Conkeldurr|176\/358|[from] item: Leftovers
|turn|4
|
|move|p2a: Rotom-Wash|Volt Switch|p1a: Conkeldurr
|-damage|p1a: Conkeldurr|88\/358
|
|switch|p2a: Latios|Latios, M|301\/301
|move|p1a: Conkeldurr|Drain Punch|p2a: Latios
|-resisted|p2a: Latios
|-damage|p2a: Latios|170\/301
|-heal|p1a: Conkeldurr|154\/358|[from] drain|[of] p2a: Latios
|
|-heal|p1a: Conkeldurr|176\/358|[from] item: Leftovers
|turn|5
|
|move|p2a: Latios|Psyshock|p1a: Conkeldurr
|-supereffective|p1a: Conkeldurr
|-damage|p1a: Conkeldurr|0 fnt
|-damage|p2a: Latios|140\/301|[from] item: Life Orb
|faint|p1a: Conkeldurr
|
|
|switch|p1a: Gyarados|Gyarados, F, shiny|331\/331
|-ability|p1a: Gyarados|Intimidate|[of] p2a: Latios
|-unboost|p2a: Latios|atk|1
|turn|6
|
|detailschange|p1a: Gyarados|Gyarados-Mega, F, shiny
|-mega|p1a: Gyarados|Gyarados|Gyaradosite
|-ability|p1a: Gyarados|Mold Breaker
|move|p2a: Latios|Roost|p2a: Latios
|-heal|p2a: Latios|291\/301
|move|p1a: Gyarados|Dragon Dance|p1a: Gyarados
|-boost|p1a: Gyarados|atk|1
|-boost|p1a: Gyarados|spe|1
|
|turn|7
|
|move|p1a: Gyarados|Substitute|p1a: Gyarados
|-start|p1a: Gyarados|Substitute
|-damage|p1a: Gyarados|249\/331
|move|p2a: Latios|Draco Meteor|p1a: Gyarados
|-end|p1a: Gyarados|Substitute
|-unboost|p2a: Latios|spa|2
|-damage|p2a: Latios|261\/301|[from] item: Life Orb
|
|turn|8
|
|switch|p2a: Rotom-Wash|Rotom-Wash|147\/303
|move|p1a: Gyarados|Substitute|p1a: Gyarados
|-start|p1a: Gyarados|Substitute
|-damage|p1a: Gyarados|167\/331
|
|-heal|p2a: Rotom-Wash|165\/303|[from] item: Leftovers
|turn|9
|
|move|p1a: Gyarados|Earthquake|p2a: Rotom-Wash
|-supereffective|p2a: Rotom-Wash
|-damage|p2a: Rotom-Wash|0 fnt
|faint|p2a: Rotom-Wash
|
|
|switch|p2a: Latios|Latios, M|261\/301
|turn|10
|
|move|p1a: Gyarados|Dragon Dance|p1a: Gyarados
|-boost|p1a: Gyarados|atk|1
|-boost|p1a: Gyarados|spe|1
|move|p2a: Latios|Draco Meteor|p1a: Gyarados
|-end|p1a: Gyarados|Substitute
|-unboost|p2a: Latios|spa|2
|-damage|p2a: Latios|231\/301|[from] item: Life Orb
|
|turn|11
|
|move|p1a: Gyarados|Earthquake|p2a: Latios
|-damage|p2a: Latios|0 fnt
|faint|p2a: Latios
|
|
|switch|p2a: Thundurus|Thundurus, M|299\/299
|turn|12
|
|move|p2a: Thundurus|Thunder Wave|p1a: Gyarados
|-status|p1a: Gyarados|par
|cant|p1a: Gyarados|par
|
|turn|13
|
|move|p2a: Thundurus|Thunderbolt|p1a: Gyarados
|-supereffective|p1a: Gyarados
|-damage|p1a: Gyarados|0 fnt
|-damage|p2a: Thundurus|270\/299|[from] item: Life Orb
|faint|p1a: Gyarados
|
|c|âiDestructioNx|lol u suck
|c|âiDestructioNx|relied on luck
|c|â50billion|lol ur mad
|
|switch|p1a: Gardevoir|Gardevoir, M|277\/277
|-ability|p1a: Gardevoir|Prankster|[from] ability: Trace|[of] p2a: Thundurus
|turn|14
|c|âiDestructioNx|no cause ill win
|c|âiDestructioNx|why be mad
|c|âiDestructioNx|i think ull be mad
|c|â50billion|mad
|c|â50billion|mad
|c|â50billion|mad
|
|move|p2a: Thundurus|Thunder Wave|p1a: Gardevoir
|-status|p1a: Gardevoir|par
|cant|p1a: Gardevoir|par
|
|turn|15
|c|âiDestructioNx|you suck loser
|c|â50billion|lol
|
|switch|p2a: Excadrill|Excadrill, M|361\/361
|-ability|p2a: Excadrill|Mold Breaker
|move|p1a: Gardevoir|Moonblast|p2a: Excadrill
|-resisted|p2a: Excadrill
|-damage|p2a: Excadrill|181\/361
|
|turn|16
|c|â50billion|ur pokemon suck getting paralised all the time
|c|âiDestructioNx|make your move before i ban you
|
|switch|p1a: Talonflame|Talonflame, F, shiny|299\/299
|move|p2a: Excadrill|Iron Head|p1a: Talonflame
|-resisted|p1a: Talonflame
|-damage|p1a: Talonflame|185\/299
|
|turn|17
|c|âiDestructioNx|and trust i have the power
|
|switch|p2a: Landorus-Therian|Landorus-Therian, M|382\/382
|-ability|p2a: Landorus-Therian|Intimidate|[of] p1a: Talonflame
|-unboost|p1a: Talonflame|atk|1
|move|p1a: Talonflame|Flare Blitz|p2a: Landorus-Therian
|-damage|p2a: Landorus-Therian|306\/382
|-damage|p1a: Talonflame|160\/299|[from] recoil|[of] p2a: Landorus-Therian
|
|-heal|p2a: Landorus-Therian|329\/382|[from] item: Leftovers
|turn|18
|c|â50billion|then u shouldnt have the power
|
|switch|p1a: Gardevoir|Gardevoir, M|277\/277 par
|-ability|p1a: Gardevoir|Intimidate|[from] ability: Trace|[of] p2a: Landorus-Therian
|-ability|p1a: Gardevoir|Intimidate|[of] p2a: Landorus-Therian
|-unboost|p2a: Landorus-Therian|atk|1
|move|p2a: Landorus-Therian|Stealth Rock|p1a: Gardevoir
|-sidestart|p1: iDestructioNx|move: Stealth Rock
|
|-heal|p2a: Landorus-Therian|352\/382|[from] item: Leftovers
|turn|19
|
|move|p2a: Landorus-Therian|Earthquake|p1a: Gardevoir
|-damage|p1a: Gardevoir|135\/277 par
|move|p1a: Gardevoir|Wish|p1a: Gardevoir
|
|-heal|p2a: Landorus-Therian|375\/382|[from] item: Leftovers
|turn|20
|
|switch|p1a: Raikou|Raikou|321\/321
|-damage|p1a: Raikou|281\/321|[from] Stealth Rock
|-ability|p1a: Raikou|Pressure
|move|p2a: Landorus-Therian|Earthquake|p1a: Raikou
|-supereffective|p1a: Raikou
|-damage|p1a: Raikou|5\/321
|
|-heal|p1a: Raikou|143\/321|[from] move: Wish|[wisher] Gardevoir
|-heal|p2a: Landorus-Therian|382\/382|[from] item: Leftovers
|turn|21
|
|move|p1a: Raikou|Hidden Power|p2a: Landorus-Therian
|-supereffective|p2a: Landorus-Therian
|-damage|p2a: Landorus-Therian|0 fnt
|faint|p2a: Landorus-Therian
|
|
|switch|p2a: Scizor|Scizor, M|343\/343
|turn|22
|
|switch|p1a: Tentacruel|Tentacruel, M|364\/364
|-damage|p1a: Tentacruel|319\/364|[from] Stealth Rock
|detailschange|p2a: Scizor|Scizor-Mega, M
|-mega|p2a: Scizor|Scizor|Scizorite
|move|p2a: Scizor|Swords Dance|p2a: Scizor
|-boost|p2a: Scizor|atk|2
|
|-heal|p1a: Tentacruel|341\/364|[from] item: Leftovers
|turn|23
|
|move|p1a: Tentacruel|Rapid Spin|p2a: Scizor
|-resisted|p2a: Scizor
|-damage|p2a: Scizor|339\/343
|-sideend|p1: iDestructioNx|Stealth Rock|[from] move: Rapid Spin|[of] p1a: Tentacruel
|move|p2a: Scizor|Knock Off|p1a: Tentacruel
|-damage|p1a: Tentacruel|113\/364
|-enditem|p1a: Tentacruel|Leftovers|[from] move: Knock Off|[of] p2a: Scizor
|
|turn|24
|
|move|p1a: Tentacruel|Haze|p1a: Tentacruel
|-clearallboost
|move|p2a: Scizor|Knock Off|p1a: Tentacruel
|-damage|p1a: Tentacruel|35\/364
|
|turn|25
|
|switch|p2a: Thundurus|Thundurus, M|270\/299
|move|p1a: Tentacruel|Scald|p2a: Thundurus
|-damage|p2a: Thundurus|183\/299
|
|turn|26
|
|move|p2a: Thundurus|Thunderbolt|p1a: Tentacruel
|-supereffective|p1a: Tentacruel
|-damage|p1a: Tentacruel|0 fnt
|-damage|p2a: Thundurus|154\/299|[from] item: Life Orb
|faint|p1a: Tentacruel
|
|
|switch|p1a: Raikou|Raikou|143\/321
|-ability|p1a: Raikou|Pressure
|turn|27
|
|switch|p2a: Excadrill|Excadrill, M|181\/361
|-ability|p2a: Excadrill|Mold Breaker
|move|p1a: Raikou|Hidden Power|p2a: Excadrill
|-damage|p2a: Excadrill|92\/361
|
|turn|28
|
|switch|p1a: Gardevoir|Gardevoir, M|135\/277 par
|-ability|p1a: Gardevoir|Mold Breaker|[from] ability: Trace|[of] p2a: Excadrill
|-ability|p1a: Gardevoir|Mold Breaker
|move|p2a: Excadrill|Rock Slide|p1a: Gardevoir
|-damage|p1a: Gardevoir|5\/277 par
|
|turn|29
|
|move|p2a: Excadrill|Rock Slide|p1a: Gardevoir
|-damage|p1a: Gardevoir|0 fnt
|faint|p1a: Gardevoir
|
|
|switch|p1a: Talonflame|Talonflame, F, shiny|160\/299
|turn|30
|
|move|p2a: Excadrill|Rock Slide|p1a: Talonflame
|-supereffective|p1a: Talonflame
|-damage|p1a: Talonflame|0 fnt
|faint|p1a: Talonflame
|
|
|switch|p1a: Raikou|Raikou|143\/321
|-ability|p1a: Raikou|Pressure
|turn|31
|
|move|p2a: Excadrill|Rock Slide|p1a: Raikou
|-damage|p1a: Raikou|24\/321
|move|p1a: Raikou|Hidden Power|p2a: Excadrill
|-damage|p2a: Excadrill|0 fnt
|faint|p2a: Excadrill
|
|
|switch|p2a: Scizor|Scizor-Mega, M|339\/343
|turn|32
|-message|iDestructioNx forfeited.
|
|win|50billion
|raw|Ladder updating...
|leave|iDestructioNx
|player|p1
|c|â50billion|lol u suck loser
|raw|iDestructioNx's rating: 1376 &rarr; <strong>1353<\/strong><br \/>(-23 for losing)
|raw|50billion's rating: 1329 &rarr; <strong>1352<\/strong><br \/>(+23 for winning)