|join|Dominant7
|join|iDestructioNx
|player|p1|Dominant7|190
|player|p2|iDestructioNx|2
|gametype|singles
|gen|6
|tier|OU (suspect test)
|rated
|clearpoke
|poke|p1|Heracross, M
|poke|p1|Heatran, M
|poke|p1|Ferrothorn, M
|poke|p1|Thundurus, M
|poke|p1|Latias, F
|poke|p1|Conkeldurr, M
|poke|p2|Gyarados, F, shiny
|poke|p2|Raikou, shiny
|poke|p2|Conkeldurr, M
|poke|p2|Talonflame, M, shiny
|poke|p2|Latios, M, shiny
|poke|p2|Scizor, M
|rule|Swagger Clause: Swagger is banned
|rule|Baton Pass Clause: Limit one PokÃ©mon knowing Baton Pass
|rule|Sleep Clause Mod: Limit one foe put to sleep
|rule|Species Clause: Limit one of each PokÃ©mon
|rule|OHKO Clause: OHKO moves are banned
|rule|Moody Clause: Moody is banned
|rule|Evasion Moves Clause: Evasion moves are banned
|rule|Endless Battle Clause: Forcing endless battles is banned
|rule|HP Percentage Mod: HP is shown in percentages
|teampreview
|
|start
|switch|p1a: Heracross|Heracross, M|311\/311
|switch|p2a: Conkeldurr|Conkeldurr, M|380\/380
|turn|1
|
|detailschange|p1a: Heracross|Heracross-Mega, M
|-mega|p1a: Heracross|Heracross|Heracronite
|move|p1a: Heracross|Close Combat|p2a: Conkeldurr
|-damage|p2a: Conkeldurr|41\/380
|-unboost|p1a: Heracross|def|1
|-unboost|p1a: Heracross|spd|1
|move|p2a: Conkeldurr|Bulk Up|p2a: Conkeldurr
|-boost|p2a: Conkeldurr|atk|1
|-boost|p2a: Conkeldurr|def|1
|
|-heal|p2a: Conkeldurr|64\/380|[from] item: Leftovers
|turn|2
|
|move|p2a: Conkeldurr|Mach Punch|p1a: Heracross
|-crit|p1a: Heracross
|-resisted|p1a: Heracross
|-damage|p1a: Heracross|176\/311
|move|p1a: Heracross|Rock Blast|p2a: Conkeldurr
|-resisted|p2a: Conkeldurr
|-damage|p2a: Conkeldurr|50\/380
|-crit|p2a: Conkeldurr
|-resisted|p2a: Conkeldurr
|-damage|p2a: Conkeldurr|17\/380
|-resisted|p2a: Conkeldurr
|-damage|p2a: Conkeldurr|3\/380
|-resisted|p2a: Conkeldurr
|-damage|p2a: Conkeldurr|0 fnt
|-hitcount|p2a: Conkeldurr|4
|faint|p2a: Conkeldurr
|
|
|switch|p2a: Latios|Latios, M, shiny|301\/301
|turn|3
|
|switch|p1a: Heatran|Heatran, M|344\/344
|move|p2a: Latios|Psyshock|p1a: Heatran
|-resisted|p1a: Heatran
|-damage|p1a: Heatran|261\/344
|-damage|p2a: Latios|271\/301|[from] item: Life Orb
|
|-heal|p1a: Heatran|282\/344|[from] item: Leftovers
|turn|4
|
|switch|p2a: Gyarados|Gyarados, F, shiny|331\/331
|-ability|p2a: Gyarados|Intimidate|[of] p1a: Heatran
|-unboost|p1a: Heatran|atk|1
|move|p1a: Heatran|Stealth Rock|p2a: Gyarados
|-sidestart|p2: iDestructioNx|move: Stealth Rock
|
|-heal|p1a: Heatran|303\/344|[from] item: Leftovers
|turn|5
|
|move|p2a: Gyarados|Waterfall|p1a: Heatran
|-supereffective|p1a: Heatran
|-damage|p1a: Heatran|49\/344
|move|p1a: Heatran|Roar|p2a: Gyarados
|drag|p2a: Latios|Latios, M, shiny|271\/301
|-damage|p2a: Latios|234\/301|[from] Stealth Rock
|
|-heal|p1a: Heatran|70\/344|[from] item: Leftovers
|turn|6
|
|move|p2a: Latios|Defog|p1a: Heatran
|-unboost|p1a: Heatran|evasion|1
|-sideend|p2: iDestructioNx|Stealth Rock|[from] move: Defog|[of] p2a: Latios
|move|p1a: Heatran|Lava Plume|p2a: Latios
|-resisted|p2a: Latios
|-damage|p2a: Latios|178\/301
|-status|p2a: Latios|brn
|
|-heal|p1a: Heatran|91\/344|[from] item: Leftovers
|-damage|p2a: Latios|141\/301 brn|[from] brn
|turn|7
|
|move|p1a: Heatran|Protect|p1a: Heatran
|-singleturn|p1a: Heatran|Protect
|move|p2a: Latios|Draco Meteor|p1a: Heatran
|-activate|p1a: Heatran|Protect
|
|-heal|p1a: Heatran|112\/344|[from] item: Leftovers
|-damage|p2a: Latios|104\/301 brn|[from] brn
|turn|8
|
|move|p2a: Latios|Draco Meteor|p1a: Heatran
|-resisted|p1a: Heatran
|-damage|p1a: Heatran|0 fnt
|-unboost|p2a: Latios|spa|2
|-damage|p2a: Latios|74\/301 brn|[from] item: Life Orb
|faint|p1a: Heatran
|
|-damage|p2a: Latios|37\/301 brn|[from] brn
|
|switch|p1a: Thundurus|Thundurus, M|300\/300
|turn|9
|
|move|p1a: Thundurus|Thunderbolt|p2a: Latios
|-resisted|p2a: Latios
|-damage|p2a: Latios|0 fnt
|-damage|p1a: Thundurus|270\/300|[from] item: Life Orb
|faint|p2a: Latios
|
|
|switch|p2a: Raikou|Raikou, shiny|321\/321
|-ability|p2a: Raikou|Pressure
|turn|10
|
|switch|p1a: Conkeldurr|Conkeldurr, M|352\/352
|move|p2a: Raikou|Hidden Power|p1a: Conkeldurr
|-damage|p1a: Conkeldurr|304\/352
|
|turn|11
|
|move|p2a: Raikou|Volt Switch|p1a: Conkeldurr
|-damage|p1a: Conkeldurr|229\/352
|
|switch|p2a: Gyarados|Gyarados, F, shiny|331\/331
|-ability|p2a: Gyarados|Intimidate|[of] p1a: Conkeldurr
|-unboost|p1a: Conkeldurr|atk|1
|move|p1a: Conkeldurr|Drain Punch|p2a: Gyarados
|-resisted|p2a: Gyarados
|-damage|p2a: Gyarados|272\/331
|-heal|p1a: Conkeldurr|259\/352|[from] drain|[of] p2a: Gyarados
|
|turn|12
|
|switch|p2a: Talonflame|Talonflame, M, shiny|299\/299
|switch|p1a: Ferrothorn|Ferrothorn, M|352\/352
|
|turn|13
|
|move|p2a: Talonflame|Swords Dance|p2a: Talonflame
|-boost|p2a: Talonflame|atk|2
|move|p1a: Ferrothorn|Leech Seed|p2a: Talonflame|[miss]
|-miss|p1a: Ferrothorn|p2a: Talonflame
|
|turn|14
|c|âiDestructioNx|gg
|
|move|p2a: Talonflame|Flare Blitz|p1a: Ferrothorn
|-supereffective|p1a: Ferrothorn
|-damage|p1a: Ferrothorn|0 fnt
|-damage|p2a: Talonflame|262\/299|[from] ability: Iron Barbs|[of] p1a: Ferrothorn
|-damage|p2a: Talonflame|213\/299|[from] item: Rocky Helmet|[of] p1a: Ferrothorn
|-damage|p2a: Talonflame|97\/299|[from] recoil|[of] p1a: Ferrothorn
|faint|p1a: Ferrothorn
|
|c|âDominant7|gg
|
|switch|p1a: Latias|Latias, F|302\/302
|turn|15
|
|move|p2a: Talonflame|Brave Bird|p1a: Latias
|-damage|p1a: Latias|0 fnt
|-damage|p2a: Talonflame|0 fnt|[from] recoil|[of] p1a: Latias
|faint|p1a: Latias
|faint|p2a: Talonflame
|
|
|switch|p2a: Raikou|Raikou, shiny|321\/321
|switch|p1a: Conkeldurr|Conkeldurr, M|259\/352
|-ability|p2a: Raikou|Pressure
|turn|16
|
|move|p2a: Raikou|Volt Switch|p1a: Conkeldurr
|-damage|p1a: Conkeldurr|183\/352
|
|switch|p2a: Gyarados|Gyarados, F, shiny|272\/331
|-ability|p2a: Gyarados|Intimidate|[of] p1a: Conkeldurr
|-unboost|p1a: Conkeldurr|atk|1
|move|p1a: Conkeldurr|Ice Punch|p2a: Gyarados
|-damage|p2a: Gyarados|194\/331
|
|turn|17
|
|detailschange|p2a: Gyarados|Gyarados-Mega, F, shiny
|-mega|p2a: Gyarados|Gyarados|Gyaradosite
|-ability|p2a: Gyarados|Mold Breaker
|move|p2a: Gyarados|Dragon Dance|p2a: Gyarados
|-boost|p2a: Gyarados|atk|1
|-boost|p2a: Gyarados|spe|1
|move|p1a: Conkeldurr|Drain Punch|p2a: Gyarados
|-supereffective|p2a: Gyarados
|-damage|p2a: Gyarados|0 fnt
|-heal|p1a: Conkeldurr|280\/352|[from] drain|[of] p2a: Gyarados
|faint|p2a: Gyarados
|
|c|âDominant7|gg
|
|switch|p2a: Scizor|Scizor, M|281\/281
|turn|18
|
|move|p2a: Scizor|Swords Dance|p2a: Scizor
|-boost|p2a: Scizor|atk|2
|move|p1a: Conkeldurr|Knock Off|p2a: Scizor
|-damage|p2a: Scizor|195\/281
|-enditem|p2a: Scizor|Lum Berry|[from] move: Knock Off|[of] p1a: Conkeldurr
|
|turn|19
|c|âiDestructioNx|oh u think u did some?
|
|move|p2a: Scizor|Swords Dance|p2a: Scizor
|-boost|p2a: Scizor|atk|2
|move|p1a: Conkeldurr|Drain Punch|p2a: Scizor
|-damage|p2a: Scizor|84\/281
|-heal|p1a: Conkeldurr|336\/352|[from] drain|[of] p2a: Scizor
|
|turn|20
|
|move|p2a: Scizor|Bullet Punch|p1a: Conkeldurr
|-damage|p1a: Conkeldurr|0 fnt
|faint|p1a: Conkeldurr
|
|c|âDominant7|o
|c|âDominant7|no
|c|âDominant7|i knew it would one shot
|c|âiDestructioNx|gg u said?
|c|âiDestructioNx|yea gg
|c|âDominant7|that's what i mean
|c|âDominant7|t
|c|âiDestructioNx|gg for u nigga
|
|switch|p1a: Thundurus|Thundurus, M|270\/300
|turn|21
|
|move|p2a: Scizor|Bullet Punch|p1a: Thundurus
|-crit|p1a: Thundurus
|-resisted|p1a: Thundurus
|-damage|p1a: Thundurus|0 fnt
|faint|p1a: Thundurus
|
|c|âiDestructioNx|gg
|
|switch|p1a: Heracross|Heracross-Mega, M|176\/311
|turn|22
|c|âiDestructioNx|u enjoy that
|
|move|p2a: Scizor|Bullet Punch|p1a: Heracross
|-damage|p1a: Heracross|0 fnt
|faint|p1a: Heracross
|
|win|iDestructioNx
|raw|Ladder updating...
|raw|Dominant7's rating: 1355 &rarr; <strong>1335<\/strong><br \/>(-20 for losing)
|raw|iDestructioNx's rating: 1340 &rarr; <strong>1361<\/strong><br \/>(+21 for winning)
|c|âiDestructioNx|enjoy L