|join|iDestructioNx
|join|WorthlessNoob
|player|p1|iDestructioNx|169
|player|p2|WorthlessNoob|234
|gametype|singles
|gen|6
|tier|OU (suspect test)
|rated
|clearpoke
|poke|p1|Charizard, M
|poke|p1|Suicune, shiny
|poke|p1|Tyranitar, M, shiny
|poke|p1|Talonflame, M, shiny
|poke|p1|Latios, M
|poke|p1|Raikou
|poke|p2|Landorus, M
|poke|p2|Thundurus, M
|poke|p2|Tyranitar, M
|poke|p2|Azumarill, F
|poke|p2|Terrakion
|poke|p2|Wobbuffet, F
|rule|Swagger Clause: Swagger is banned
|rule|Baton Pass Clause: Limit one PokÃ©mon knowing Baton Pass
|rule|Sleep Clause Mod: Limit one foe put to sleep
|rule|Species Clause: Limit one of each PokÃ©mon
|rule|OHKO Clause: OHKO moves are banned
|rule|Moody Clause: Moody is banned
|rule|Evasion Moves Clause: Evasion moves are banned
|rule|Endless Battle Clause: Forcing endless battles is banned
|rule|HP Percentage Mod: HP is shown in percentages
|teampreview
|
|start
|switch|p1a: Raikou|Raikou|321\/321
|switch|p2a: Terrakion|Terrakion|323\/323
|-ability|p1a: Raikou|Pressure
|turn|1
|
|move|p1a: Raikou|Volt Switch|p2a: Terrakion
|-damage|p2a: Terrakion|202\/323
|
|switch|p1a: Tyranitar|Tyranitar, M, shiny|341\/341
|-weather|Sandstorm
|move|p2a: Terrakion|Stealth Rock|p1a: Tyranitar
|-sidestart|p1: iDestructioNx|move: Stealth Rock
|
|-weather|Sandstorm|[upkeep]
|turn|2
|
|move|p1a: Tyranitar|Superpower|p2a: Terrakion
|-supereffective|p2a: Terrakion
|-damage|p2a: Terrakion|0 fnt
|-unboost|p1a: Tyranitar|atk|1
|-unboost|p1a: Tyranitar|def|1
|faint|p2a: Terrakion
|
|-weather|Sandstorm|[upkeep]
|
|switch|p2a: Azumarill|Azumarill, F|364\/364
|turn|3
|
|switch|p1a: Suicune|Suicune, shiny|404\/404
|-damage|p1a: Suicune|354\/404|[from] Stealth Rock
|-ability|p1a: Suicune|Pressure
|move|p2a: Azumarill|Belly Drum|p2a: Azumarill
|-damage|p2a: Azumarill|182\/364
|-setboost|p2a: Azumarill|atk|6|[from] move: Belly Drum
|-enditem|p2a: Azumarill|Sitrus Berry|[eat]
|-heal|p2a: Azumarill|273\/364|[from] item: Sitrus Berry
|
|-weather|Sandstorm|[upkeep]
|-damage|p1a: Suicune|329\/404|[from] sandstorm
|-damage|p2a: Azumarill|251\/364|[from] sandstorm
|-heal|p1a: Suicune|354\/404|[from] item: Leftovers
|turn|4
|
|move|p1a: Suicune|Scald|p2a: Azumarill
|-resisted|p2a: Azumarill
|-damage|p2a: Azumarill|197\/364
|-status|p2a: Azumarill|brn
|move|p2a: Azumarill|Play Rough|p1a: Suicune
|-damage|p1a: Suicune|113\/404
|
|-weather|Sandstorm|[upkeep]
|-damage|p1a: Suicune|88\/404|[from] sandstorm
|-damage|p2a: Azumarill|175\/364 brn|[from] sandstorm
|-heal|p1a: Suicune|113\/404|[from] item: Leftovers
|-damage|p2a: Azumarill|130\/364 brn|[from] brn
|turn|5
|
|move|p1a: Suicune|Rest|p1a: Suicune
|-status|p1a: Suicune|slp
|-heal|p1a: Suicune|404\/404 slp|[silent]
|-status|p1a: Suicune|slp|[from] move: Rest
|move|p2a: Azumarill|Play Rough|p1a: Suicune
|-damage|p1a: Suicune|154\/404 slp
|
|-weather|none
|-heal|p1a: Suicune|179\/404 slp|[from] item: Leftovers
|-damage|p2a: Azumarill|85\/364 brn|[from] brn
|turn|6
|
|cant|p1a: Suicune|slp
|move|p1a: Suicune|Sleep Talk|p1a: Suicune
|move|p1a: Suicune|Scald|p2a: Azumarill|[from]Sleep Talk
|-resisted|p2a: Azumarill
|-damage|p2a: Azumarill|31\/364 brn
|move|p2a: Azumarill|Knock Off|p1a: Suicune
|-crit|p1a: Suicune
|-damage|p1a: Suicune|0 fnt
|-enditem|p1a: Suicune|Leftovers|[from] move: Knock Off|[of] p2a: Azumarill
|faint|p1a: Suicune
|
|-damage|p2a: Azumarill|0 fnt|[from] brn
|faint|p2a: Azumarill
|
|switch|p1a: Raikou|Raikou|321\/321
|switch|p2a: Thundurus|Thundurus, M|299\/299
|-damage|p1a: Raikou|281\/321|[from] Stealth Rock
|-ability|p1a: Raikou|Pressure
|turn|7
|
|switch|p2a: Landorus|Landorus, M|319\/319
|move|p1a: Raikou|Hidden Power|p2a: Landorus
|-supereffective|p2a: Landorus
|-damage|p2a: Landorus|0 fnt
|faint|p2a: Landorus
|
|
|switch|p2a: Tyranitar|Tyranitar, M|341\/341
|-weather|Sandstorm
|turn|8
|
|detailschange|p2a: Tyranitar|Tyranitar-Mega, M
|-mega|p2a: Tyranitar|Tyranitar|Tyranitarite
|move|p1a: Raikou|Volt Switch|p2a: Tyranitar
|-crit|p2a: Tyranitar
|-damage|p2a: Tyranitar|233\/341
|
|switch|p1a: Tyranitar|Tyranitar, M, shiny|341\/341
|-damage|p1a: Tyranitar|299\/341|[from] Stealth Rock
|move|p2a: Tyranitar|Dragon Dance|p2a: Tyranitar
|-boost|p2a: Tyranitar|atk|1
|-boost|p2a: Tyranitar|spe|1
|
|-weather|Sandstorm|[upkeep]
|turn|9
|
|move|p2a: Tyranitar|Earthquake|p1a: Tyranitar
|-supereffective|p1a: Tyranitar
|-damage|p1a: Tyranitar|0 fnt
|faint|p1a: Tyranitar
|
|-weather|Sandstorm|[upkeep]
|c|âiDestructioNx|i new i shoulda kept mega gyra
|c|âWorthlessNoob|yeah
|c|âiDestructioNx|i just switched him right before this match
|c|âiDestructioNx|smh
|c|âWorthlessNoob|u pretty much lose to dd ttar anyway
|c|âWorthlessNoob|tho its uncommon
|c|âiDestructioNx|i also just benched
|c|âiDestructioNx|scicor
|c|âiDestructioNx|smhhhhhhhhhhhhh
|c|âWorthlessNoob|lol yeah u shud change back
|
|switch|p1a: Raikou|Raikou|281\/321
|-damage|p1a: Raikou|241\/321|[from] Stealth Rock
|-ability|p1a: Raikou|Pressure
|turn|10
|c|âiDestructioNx|i benched him for talon tho
|
|switch|p1a: Latios|Latios, M|301\/301
|-damage|p1a: Latios|264\/301|[from] Stealth Rock
|move|p2a: Tyranitar|Earthquake|p1a: Latios
|-immune|p1a: Latios|[msg]
|
|-weather|Sandstorm|[upkeep]
|-damage|p1a: Latios|246\/301|[from] sandstorm
|turn|11
|
|move|p2a: Tyranitar|Ice Punch|p1a: Latios
|-supereffective|p1a: Latios
|-damage|p1a: Latios|0 fnt
|faint|p1a: Latios
|
|-weather|Sandstorm|[upkeep]
|c|âWorthlessNoob|dont stall plz lol
|
|switch|p1a: Talonflame|Talonflame, M, shiny|299\/299
|-damage|p1a: Talonflame|150\/299|[from] Stealth Rock
|turn|12
|c|âiDestructioNx|nah your a worthlessNoob
|c|âWorthlessNoob|lol
|
|move|p1a: Talonflame|Brave Bird|p2a: Tyranitar
|-resisted|p2a: Tyranitar
|-damage|p2a: Tyranitar|170\/341
|-damage|p1a: Talonflame|129\/299|[from] recoil|[of] p2a: Tyranitar
|move|p2a: Tyranitar|Ice Punch|p1a: Talonflame
|-damage|p1a: Talonflame|0 fnt
|faint|p1a: Talonflame
|
|-weather|none
|c|âiDestructioNx|be honest tho i was playing good
|c|âWorthlessNoob|i dont get why nobody has taken that name before me
|
|switch|p1a: Charizard|Charizard, M|297\/297
|-damage|p1a: Charizard|149\/297|[from] Stealth Rock
|turn|13
|c|âWorthlessNoob|u were but i cteamed u ;)
|
|detailschange|p1a: Charizard|Charizard-Mega-X, M
|-mega|p1a: Charizard|Charizard|Charizardite X
|move|p2a: Tyranitar|Ice Punch|p1a: Charizard
|-damage|p1a: Charizard|11\/297
|move|p1a: Charizard|Dragon Dance|p1a: Charizard
|-boost|p1a: Charizard|atk|1
|-boost|p1a: Charizard|spe|1
|
|turn|14
|c|âiDestructioNx|no...........
|c|âiDestructioNx|wtf
|c|âiDestructioNx|if i woulda known that
|c|âiDestructioNx|FUCK
|
|switch|p2a: Wobbuffet|Wobbuffet, F|534\/534
|move|p1a: Charizard|Outrage|p2a: Wobbuffet
|-damage|p2a: Wobbuffet|90\/534
|-enditem|p2a: Wobbuffet|Sitrus Berry|[eat]
|-heal|p2a: Wobbuffet|223\/534|[from] item: Sitrus Berry
|
|turn|15
|c|âWorthlessNoob|ah i should stone edged
|
|move|p1a: Charizard|Outrage|p2a: Wobbuffet
|-damage|p2a: Wobbuffet|0 fnt
|faint|p2a: Wobbuffet
|
|
|switch|p2a: Thundurus|Thundurus, M|299\/299
|turn|16
|c|âiDestructioNx|i coulda came back if i know he woulda lived
|c|âiDestructioNx|bullshit
|c|âiDestructioNx|i thought they all woulda died
|c|âiDestructioNx|i woulda saved the rest of my pokes
|c|âWorthlessNoob|i only ice punched cuz i would win anyway since you sacked everything else
|
|move|p2a: Thundurus|Thunder Wave|p1a: Charizard
|-status|p1a: Charizard|par
|move|p1a: Charizard|Outrage|p2a: Thundurus
|-damage|p2a: Thundurus|0 fnt
|faint|p2a: Thundurus
|
|-end|p1a: Charizard|rampage
|-start|p1a: Charizard|confusion
|
|switch|p2a: Tyranitar|Tyranitar-Mega, M|170\/341
|-weather|Sandstorm
|turn|17
|c|âiDestructioNx|still that was my way back in
|c|âWorthlessNoob|i only had to hit stone edge
|
|move|p2a: Tyranitar|Earthquake|p1a: Charizard
|-supereffective|p1a: Charizard
|-damage|p1a: Charizard|0 fnt
|faint|p1a: Charizard
|
|-weather|Sandstorm|[upkeep]
|c|âiDestructioNx|yep but u didnt
|c|âiDestructioNx|that woulda been your lost
|
|switch|p1a: Raikou|Raikou|241\/321
|-damage|p1a: Raikou|201\/321|[from] Stealth Rock
|-ability|p1a: Raikou|Pressure
|turn|18
|c|âWorthlessNoob|u can still para me and hax win
|
|move|p1a: Raikou|Thunderbolt|p2a: Tyranitar
|-damage|p2a: Tyranitar|83\/341
|move|p2a: Tyranitar|Earthquake|p1a: Raikou
|-supereffective|p1a: Raikou
|-damage|p1a: Raikou|0 fnt
|faint|p1a: Raikou
|
|win|WorthlessNoob
|raw|Ladder updating...
|c|âiDestructioNx|lol
|raw|iDestructioNx's rating: 1486 &rarr; <strong>1473<\/strong><br \/>(-13 for losing)
|raw|WorthlessNoob's rating: 1596 &rarr; <strong>1610<\/strong><br \/>(+14 for winning)
|c|âiDestructioNx|i thought i did
|c|âWorthlessNoob|lol its k i had fun
|c|âiDestructioNx|your rating high
|c|âiDestructioNx|dang
|c|âWorthlessNoob|idk how i got so high
|c|âiDestructioNx|i didnt think it was that high
|c|âWorthlessNoob|i was just trying to get reqs
|c|âWorthlessNoob|for voting
|c|âiDestructioNx|well gg ill c you around
|c|âWorthlessNoob|gg
|c|âWorthlessNoob|see ya!
|c|âiDestructioNx|ill win next time ;)
|leave|iDestructioNx
|player|p1
|leave|WorthlessNoob
|player|p2
|join|WorthlessNoob