|join|To Test
|join|iDestructioNx
|player|p1|To Test|169
|player|p2|iDestructioNx|102
|gametype|singles
|gen|6
|tier|OU (suspect test)
|rated
|clearpoke
|poke|p1|Tyranitar, M, shiny
|poke|p1|Gardevoir, F
|poke|p1|Landorus-Therian, M
|poke|p1|Ferrothorn, F
|poke|p1|Latios, M
|poke|p1|Heatran, M
|poke|p2|Gyarados, F, shiny
|poke|p2|Raikou, shiny
|poke|p2|Talonflame, F, shiny
|poke|p2|Hydreigon, F
|poke|p2|Latios, M, shiny
|poke|p2|Scizor, F
|rule|Swagger Clause: Swagger is banned
|rule|Baton Pass Clause: Limit one PokÃ©mon knowing Baton Pass
|rule|Sleep Clause Mod: Limit one foe put to sleep
|rule|Species Clause: Limit one of each PokÃ©mon
|rule|OHKO Clause: OHKO moves are banned
|rule|Moody Clause: Moody is banned
|rule|Evasion Moves Clause: Evasion moves are banned
|rule|Endless Battle Clause: Forcing endless battles is banned
|rule|HP Percentage Mod: HP is shown in percentages
|teampreview
|
|start
|switch|p1a: Jetstream|Latios, M|301\/301
|switch|p2a: Scizor|Scizor, F|281\/281
|turn|1
|
|switch|p2a: Latios|Latios, M, shiny|301\/301
|move|p1a: Jetstream|Hidden Power|p2a: Latios
|-crit|p2a: Latios
|-resisted|p2a: Latios
|-damage|p2a: Latios|241\/301
|-damage|p1a: Jetstream|271\/301|[from] item: Life Orb
|
|turn|2
|
|switch|p1a: Godzilla|Tyranitar, M, shiny|341\/341
|-weather|Sandstorm
|switch|p2a: Gyarados|Gyarados, F, shiny|331\/331
|-ability|p2a: Gyarados|Intimidate|[of] p1a: Godzilla
|-unboost|p1a: Godzilla|atk|1
|
|-weather|Sandstorm|[upkeep]
|-damage|p2a: Gyarados|311\/331|[from] sandstorm
|turn|3
|
|switch|p1a: Ironside|Ferrothorn, F|352\/352
|detailschange|p2a: Gyarados|Gyarados-Mega, F, shiny
|-mega|p2a: Gyarados|Gyarados|Gyaradosite
|-ability|p2a: Gyarados|Mold Breaker
|move|p2a: Gyarados|Dragon Dance|p2a: Gyarados
|-boost|p2a: Gyarados|atk|1
|-boost|p2a: Gyarados|spe|1
|
|-weather|Sandstorm|[upkeep]
|-damage|p2a: Gyarados|291\/331|[from] sandstorm
|turn|4
|
|move|p2a: Gyarados|Substitute|p2a: Gyarados
|-start|p2a: Gyarados|Substitute
|-damage|p2a: Gyarados|209\/331
|move|p1a: Ironside|Power Whip|p2a: Gyarados
|-supereffective|p2a: Gyarados
|-end|p2a: Gyarados|Substitute
|
|-weather|Sandstorm|[upkeep]
|-damage|p2a: Gyarados|189\/331|[from] sandstorm
|turn|5
|
|switch|p2a: Scizor|Scizor, F|281\/281
|move|p1a: Ironside|Leech Seed|p2a: Scizor
|-start|p2a: Scizor|move: Leech Seed
|
|-weather|Sandstorm|[upkeep]
|-damage|p2a: Scizor|246\/281|[from] Leech Seed|[of] p1a: Ironside
|turn|6
|
|switch|p1a: Primal|Landorus-Therian, M|320\/320
|-ability|p1a: Primal|Intimidate|[of] p2a: Scizor
|-unboost|p2a: Scizor|atk|1
|move|p2a: Scizor|Swords Dance|p2a: Scizor
|-boost|p2a: Scizor|atk|2
|
|-weather|none
|-damage|p2a: Scizor|211\/281|[from] Leech Seed|[of] p1a: Primal
|turn|7
|
|switch|p1a: Smaug|Heatran, M|324\/324
|move|p2a: Scizor|Swords Dance|p2a: Scizor
|-boost|p2a: Scizor|atk|2
|
|-damage|p2a: Scizor|176\/281|[from] Leech Seed|[of] p1a: Smaug
|turn|8
|
|move|p1a: Smaug|Lava Plume|p2a: Scizor
|-supereffective|p2a: Scizor
|-damage|p2a: Scizor|0 fnt
|faint|p2a: Scizor
|
|
|switch|p2a: Gyarados|Gyarados-Mega, F, shiny|189\/331
|-ability|p2a: Gyarados|Mold Breaker
|turn|9
|
|switch|p1a: Ironside|Ferrothorn, F|352\/352
|move|p2a: Gyarados|Earthquake|p1a: Ironside
|-damage|p1a: Ironside|253\/352
|
|-heal|p1a: Ironside|275\/352|[from] item: Leftovers
|turn|10
|
|move|p2a: Gyarados|Substitute|p2a: Gyarados
|-start|p2a: Gyarados|Substitute
|-damage|p2a: Gyarados|107\/331
|move|p1a: Ironside|Power Whip|p2a: Gyarados
|-supereffective|p2a: Gyarados
|-end|p2a: Gyarados|Substitute
|
|-heal|p1a: Ironside|297\/352|[from] item: Leftovers
|turn|11
|
|switch|p2a: Raikou|Raikou, shiny|321\/321
|-ability|p2a: Raikou|Pressure
|move|p1a: Ironside|Power Whip|p2a: Raikou
|-damage|p2a: Raikou|137\/321
|
|-heal|p1a: Ironside|319\/352|[from] item: Leftovers
|turn|12
|
|switch|p1a: Primal|Landorus-Therian, M|320\/320
|-ability|p1a: Primal|Intimidate|[of] p2a: Raikou
|-unboost|p2a: Raikou|atk|1
|move|p2a: Raikou|Volt Switch|p1a: Primal
|-immune|p1a: Primal|[msg]
|
|turn|13
|
|move|p1a: Primal|U-turn|p2a: Raikou
|-damage|p2a: Raikou|31\/321
|
|switch|p1a: Godzilla|Tyranitar, M, shiny|341\/341
|-weather|Sandstorm
|move|p2a: Raikou|Hidden Power|p1a: Godzilla
|-damage|p1a: Godzilla|299\/341
|
|-weather|Sandstorm|[upkeep]
|-damage|p2a: Raikou|11\/321|[from] sandstorm
|turn|14
|
|move|p1a: Godzilla|Pursuit|p2a: Raikou
|-damage|p2a: Raikou|0 fnt
|faint|p2a: Raikou
|
|-weather|Sandstorm|[upkeep]
|c|âiDestructioNx|dude why u taking so fucking long to make a play
|
|switch|p2a: Gyarados|Gyarados-Mega, F, shiny|107\/331
|-ability|p2a: Gyarados|Mold Breaker
|turn|15
|
|switch|p1a: Ironside|Ferrothorn, F|319\/352
|move|p2a: Gyarados|Dragon Dance|p2a: Gyarados
|-boost|p2a: Gyarados|atk|1
|-boost|p2a: Gyarados|spe|1
|
|-weather|Sandstorm|[upkeep]
|-damage|p2a: Gyarados|87\/331|[from] sandstorm
|-heal|p1a: Ironside|341\/352|[from] item: Leftovers
|turn|16
|c|âTo Test|um, I am not actually
|c|âTo Test|lol
|c|âTo Test|especially for fighting two battles at once
|c|âTo Test|lol
|c|âiDestructioNx|yea im also doing 3 battles
|c|âiDestructioNx|whats your oint
|c|âiDestructioNx|point
|c|âTo Test|I am not the one who has not moved :P
|
|move|p2a: Gyarados|Earthquake|p1a: Ironside
|-crit|p1a: Ironside
|-damage|p1a: Ironside|129\/352
|move|p1a: Ironside|Power Whip|p2a: Gyarados
|-crit|p2a: Gyarados
|-supereffective|p2a: Gyarados
|-damage|p2a: Gyarados|0 fnt
|faint|p2a: Gyarados
|
|-weather|Sandstorm|[upkeep]
|-heal|p1a: Ironside|151\/352|[from] item: Leftovers
|c|âTo Test|dat crit
|
|switch|p2a: Talonflame|Talonflame, F, shiny|299\/299
|turn|17
|
|move|p2a: Talonflame|Swords Dance|p2a: Talonflame
|-boost|p2a: Talonflame|atk|2
|move|p1a: Ironside|Leech Seed|p2a: Talonflame
|-start|p2a: Talonflame|move: Leech Seed
|
|-weather|none
|-heal|p1a: Ironside|173\/352|[from] item: Leftovers
|-damage|p2a: Talonflame|262\/299|[from] Leech Seed|[of] p1a: Ironside
|-heal|p1a: Ironside|210\/352|[silent]
|turn|18
|
|switch|p1a: Smaug|Heatran, M|324\/324
|move|p2a: Talonflame|Swords Dance|p2a: Talonflame
|-boost|p2a: Talonflame|atk|2
|
|-damage|p2a: Talonflame|225\/299|[from] Leech Seed|[of] p1a: Smaug
|turn|19
|
|move|p2a: Talonflame|Brave Bird|p1a: Smaug
|-crit|p1a: Smaug
|-resisted|p1a: Smaug
|-damage|p1a: Smaug|0 fnt
|-damage|p2a: Talonflame|118\/299|[from] recoil|[of] p1a: Smaug
|faint|p1a: Smaug
|
|
|switch|p1a: Primal|Landorus-Therian, M|320\/320
|-ability|p1a: Primal|Intimidate|[of] p2a: Talonflame
|-unboost|p2a: Talonflame|atk|1
|turn|20
|
|switch|p1a: Ironside|Ferrothorn, F|210\/352
|move|p2a: Talonflame|Brave Bird|p1a: Ironside
|-damage|p1a: Ironside|0 fnt
|-damage|p2a: Talonflame|81\/299|[from] ability: Iron Barbs|[of] p1a: Ironside
|-damage|p2a: Talonflame|12\/299|[from] recoil|[of] p1a: Ironside
|faint|p1a: Ironside
|
|
|switch|p1a: Godzilla|Tyranitar, M, shiny|299\/341
|-weather|Sandstorm
|turn|21
|
|move|p2a: Talonflame|Brave Bird|p1a: Godzilla
|-resisted|p1a: Godzilla
|-damage|p1a: Godzilla|72\/341
|-damage|p2a: Talonflame|0 fnt|[from] recoil|[of] p1a: Godzilla
|faint|p2a: Talonflame
|move|p1a: Godzilla|Crunch|p2: Talonflame|[notarget]
|-notarget
|
|-weather|Sandstorm|[upkeep]
|c|âTo Test|gg
|c|âTo Test|I appreciate your team
|c|âTo Test|very tough
|
|switch|p2a: Hydreigon|Hydreigon, F|325\/325
|turn|22
|
|move|p2a: Hydreigon|Flash Cannon|p1a: Godzilla
|-supereffective|p1a: Godzilla
|-damage|p1a: Godzilla|0 fnt
|faint|p1a: Godzilla
|
|-weather|Sandstorm|[upkeep]
|-damage|p2a: Hydreigon|305\/325|[from] sandstorm
|
|switch|p1a: Jetstream|Latios, M|271\/301
|turn|23
|
|switch|p2a: Latios|Latios, M, shiny|241\/301
|move|p1a: Jetstream|Draco Meteor|p2a: Latios
|-crit|p2a: Latios
|-supereffective|p2a: Latios
|-damage|p2a: Latios|0 fnt
|-unboost|p1a: Jetstream|spa|2
|-damage|p1a: Jetstream|241\/301|[from] item: Life Orb
|faint|p2a: Latios
|
|-weather|Sandstorm|[upkeep]
|-damage|p1a: Jetstream|223\/301|[from] sandstorm
|
|switch|p2a: Hydreigon|Hydreigon, F|305\/325
|turn|24
|
|switch|p1a: Isis|Gardevoir, F|277\/277
|-ability|p1a: Isis|Levitate|[from] ability: Trace|[of] p2a: Hydreigon
|move|p2a: Hydreigon|Dark Pulse|p1a: Isis
|-damage|p1a: Isis|151\/277
|
|-weather|Sandstorm|[upkeep]
|-damage|p2a: Hydreigon|285\/325|[from] sandstorm
|-damage|p1a: Isis|134\/277|[from] sandstorm
|turn|25
|
|detailschange|p1a: Isis|Gardevoir-Mega, F
|-mega|p1a: Isis|Gardevoir|Gardevoirite
|move|p2a: Hydreigon|Dark Pulse|p1a: Isis
|-damage|p1a: Isis|5\/277
|move|p1a: Isis|Hyper Voice|p2a: Hydreigon
|-supereffective|p2a: Hydreigon
|-damage|p2a: Hydreigon|0 fnt
|faint|p2a: Hydreigon
|
|win|To Test
|raw|Ladder updating...
|raw|To Test's rating: 1371 &rarr; <strong>1395<\/strong><br \/>(+24 for winning)
|raw|iDestructioNx's rating: 1436 &rarr; <strong>1412<\/strong><br \/>(-24 for losing)
|c|âTo Test|gg
|leave|iDestructioNx
|player|p2