|join|Random Shtuff
|join|iDestructioNx
|player|p1|Random Shtuff|192
|player|p2|iDestructioNx|1
|gametype|singles
|gen|6
|tier|OU (suspect test)
|rated
|clearpoke
|poke|p1|Metagross
|poke|p1|Latios, M
|poke|p1|Tyranitar, M
|poke|p1|Conkeldurr, M
|poke|p1|Landorus-Therian, M
|poke|p1|Raikou
|poke|p2|Gyarados, M, shiny
|poke|p2|Raikou
|poke|p2|Talonflame, M, shiny
|poke|p2|Hydreigon, M
|poke|p2|Latios, M, shiny
|poke|p2|Scizor, M
|rule|Swagger Clause: Swagger is banned
|rule|Baton Pass Clause: Limit one PokÃ©mon knowing Baton Pass
|rule|Sleep Clause Mod: Limit one foe put to sleep
|rule|Species Clause: Limit one of each PokÃ©mon
|rule|OHKO Clause: OHKO moves are banned
|rule|Moody Clause: Moody is banned
|rule|Evasion Moves Clause: Evasion moves are banned
|rule|Endless Battle Clause: Forcing endless battles is banned
|rule|HP Percentage Mod: HP is shown in percentages
|teampreview
|
|start
|switch|p1a: Landorus-Therian|Landorus-Therian, M|319\/319
|switch|p2a: Gyarados|Gyarados, M, shiny|331\/331
|-ability|p1a: Landorus-Therian|Intimidate|[of] p2a: Gyarados
|-unboost|p2a: Gyarados|atk|1
|-ability|p2a: Gyarados|Intimidate|[of] p1a: Landorus-Therian
|-unboost|p1a: Landorus-Therian|atk|1
|turn|1
|
|detailschange|p2a: Gyarados|Gyarados-Mega, M, shiny
|-mega|p2a: Gyarados|Gyarados|Gyaradosite
|-ability|p2a: Gyarados|Mold Breaker
|move|p1a: Landorus-Therian|U-turn|p2a: Gyarados
|-supereffective|p2a: Gyarados
|-damage|p2a: Gyarados|225\/331
|
|switch|p1a: Conkeldurr|Conkeldurr, M|351\/351
|move|p2a: Gyarados|Dragon Dance|p2a: Gyarados
|-boost|p2a: Gyarados|atk|1
|-boost|p2a: Gyarados|spe|1
|
|turn|2
|
|switch|p2a: Latios|Latios, M, shiny|301\/301
|move|p1a: Conkeldurr|Drain Punch|p2a: Latios
|-resisted|p2a: Latios
|-damage|p2a: Latios|202\/301
|
|turn|3
|
|switch|p2a: Gyarados|Gyarados-Mega, M, shiny|225\/331
|-ability|p2a: Gyarados|Mold Breaker
|switch|p1a: Metagross|Metagross|301\/301
|
|turn|4
|
|switch|p1a: Conkeldurr|Conkeldurr, M|351\/351
|move|p2a: Gyarados|Dragon Dance|p2a: Gyarados
|-boost|p2a: Gyarados|atk|1
|-boost|p2a: Gyarados|spe|1
|
|turn|5
|
|move|p2a: Gyarados|Waterfall|p1a: Conkeldurr
|-damage|p1a: Conkeldurr|77\/351
|move|p1a: Conkeldurr|Drain Punch|p2a: Gyarados
|-supereffective|p2a: Gyarados
|-damage|p2a: Gyarados|0 fnt
|-heal|p1a: Conkeldurr|190\/351|[from] drain|[of] p2a: Gyarados
|faint|p2a: Gyarados
|
|
|switch|p2a: Talonflame|Talonflame, M, shiny|299\/299
|turn|6
|
|switch|p2a: Scizor|Scizor, M|281\/281
|switch|p1a: Tyranitar|Tyranitar, M|404\/404
|-weather|Sandstorm
|
|-weather|Sandstorm|[upkeep]
|turn|7
|
|move|p2a: Scizor|Superpower|p1a: Tyranitar
|-supereffective|p1a: Tyranitar
|-damage|p1a: Tyranitar|16\/404
|-unboost|p2a: Scizor|atk|1
|-unboost|p2a: Scizor|def|1
|move|p1a: Tyranitar|Fire Blast|p2a: Scizor
|-supereffective|p2a: Scizor
|-damage|p2a: Scizor|0 fnt
|faint|p2a: Scizor
|
|-weather|Sandstorm|[upkeep]
|-heal|p1a: Tyranitar|41\/404|[from] item: Leftovers
|
|switch|p2a: Talonflame|Talonflame, M, shiny|299\/299
|turn|8
|
|move|p2a: Talonflame|Swords Dance|p2a: Talonflame
|-boost|p2a: Talonflame|atk|2
|move|p1a: Tyranitar|Stealth Rock|p2a: Talonflame
|-sidestart|p2: iDestructioNx|move: Stealth Rock
|
|-weather|Sandstorm|[upkeep]
|-damage|p2a: Talonflame|281\/299|[from] sandstorm
|-heal|p1a: Tyranitar|66\/404|[from] item: Leftovers
|turn|9
|
|move|p2a: Talonflame|Brave Bird|p1a: Tyranitar
|-resisted|p1a: Tyranitar
|-damage|p1a: Tyranitar|0 fnt
|-damage|p2a: Talonflame|259\/299|[from] recoil|[of] p1a: Tyranitar
|faint|p1a: Tyranitar
|
|-weather|Sandstorm|[upkeep]
|-damage|p2a: Talonflame|241\/299|[from] sandstorm
|
|switch|p1a: Raikou|Raikou|321\/321
|-ability|p1a: Raikou|Pressure
|turn|10
|
|move|p2a: Talonflame|Flare Blitz|p1a: Raikou
|-damage|p1a: Raikou|0 fnt
|-damage|p2a: Talonflame|135\/299|[from] recoil|[of] p1a: Raikou
|faint|p1a: Raikou
|
|-weather|none
|
|switch|p1a: Landorus-Therian|Landorus-Therian, M|319\/319
|-ability|p1a: Landorus-Therian|Intimidate|[of] p2a: Talonflame
|-unboost|p2a: Talonflame|atk|1
|turn|11
|
|switch|p1a: Metagross|Metagross|301\/301
|switch|p2a: Latios|Latios, M, shiny|202\/301
|-damage|p2a: Latios|165\/301|[from] Stealth Rock
|
|turn|12
|
|detailschange|p1a: Metagross|Metagross-Mega
|-mega|p1a: Metagross|Metagross|Metagrossite
|move|p2a: Latios|Defog|p1a: Metagross
|-unboost|p1a: Metagross|evasion|1
|-sideend|p2: iDestructioNx|Stealth Rock|[from] move: Defog|[of] p2a: Latios
|move|p1a: Metagross|Meteor Mash|p2a: Latios
|-crit|p2a: Latios
|-damage|p2a: Latios|0 fnt
|faint|p2a: Latios
|
|
|switch|p2a: Hydreigon|Hydreigon, M|325\/325
|turn|13
|
|switch|p1a: Conkeldurr|Conkeldurr, M|190\/351
|move|p2a: Hydreigon|Flamethrower|p1a: Conkeldurr
|-damage|p1a: Conkeldurr|102\/351
|
|turn|14
|
|switch|p2a: Raikou|Raikou|321\/321
|-ability|p2a: Raikou|Pressure
|move|p1a: Conkeldurr|Knock Off|p2a: Raikou
|-damage|p2a: Raikou|147\/321
|-enditem|p2a: Raikou|Expert Belt|[from] move: Knock Off|[of] p1a: Conkeldurr
|
|turn|15
|
|switch|p2a: Hydreigon|Hydreigon, M|325\/325
|switch|p1a: Latios|Latios, M|301\/301
|
|turn|16
|
|switch|p1a: Conkeldurr|Conkeldurr, M|102\/351
|move|p2a: Hydreigon|Draco Meteor|p1a: Conkeldurr
|-damage|p1a: Conkeldurr|0 fnt
|-unboost|p2a: Hydreigon|spa|2
|faint|p1a: Conkeldurr
|
|
|switch|p1a: Latios|Latios, M|301\/301
|turn|17
|
|switch|p2a: Raikou|Raikou|147\/321
|-ability|p2a: Raikou|Pressure
|move|p1a: Latios|Draco Meteor|p2a: Raikou
|-damage|p2a: Raikou|0 fnt
|-unboost|p1a: Latios|spa|2
|-damage|p1a: Latios|271\/301|[from] item: Life Orb
|faint|p2a: Raikou
|
|
|switch|p2a: Hydreigon|Hydreigon, M|325\/325
|turn|18
|
|move|p2a: Hydreigon|Dark Pulse|p1a: Latios
|-supereffective|p1a: Latios
|-damage|p1a: Latios|0 fnt
|faint|p1a: Latios
|
|
|switch|p1a: Metagross|Metagross-Mega|301\/301
|turn|19
|
|move|p2a: Hydreigon|Dark Pulse|p1a: Metagross
|-supereffective|p1a: Metagross
|-damage|p1a: Metagross|25\/301
|move|p1a: Metagross|Meteor Mash|p2a: Hydreigon
|-damage|p2a: Hydreigon|52\/325
|-boost|p1a: Metagross|atk|1
|
|turn|20
|
|switch|p2a: Talonflame|Talonflame, M, shiny|135\/299
|move|p1a: Metagross|Zen Headbutt|p2a: Talonflame
|-damage|p2a: Talonflame|0 fnt
|faint|p2a: Talonflame
|
|
|switch|p2a: Hydreigon|Hydreigon, M|52\/325
|turn|21
|
|move|p2a: Hydreigon|Dark Pulse|p1a: Metagross
|-supereffective|p1a: Metagross
|-damage|p1a: Metagross|0 fnt
|faint|p1a: Metagross
|
|
|switch|p1a: Landorus-Therian|Landorus-Therian, M|319\/319
|-ability|p1a: Landorus-Therian|Intimidate|[of] p2a: Hydreigon
|-unboost|p2a: Hydreigon|atk|1
|turn|22
|
|move|p1a: Landorus-Therian|U-turn|p2a: Hydreigon
|-supereffective|p2a: Hydreigon
|-damage|p2a: Hydreigon|0 fnt
|faint|p2a: Hydreigon
|
|win|Random Shtuff
|raw|Ladder updating...
|c|âRandom Shtuff|gg
|raw|Random Shtuff's rating: 1352 &rarr; <strong>1378<\/strong><br \/>(+26 for winning)
|raw|iDestructioNx's rating: 1463 &rarr; <strong>1437<\/strong><br \/>(-26 for losing)
|c|âiDestructioNx|u suck
|c|âRandom Shtuff|ok
|c|âiDestructioNx|pussy
|c|âRandom Shtuff|lol
|c|âiDestructioNx|get your rating up
|c|âiDestructioNx|go i nteh noobs lobby
|leave|iDestructioNx
|c|âRandom Shtuff|i haven't done that many battles genius
|player|p2
|c|âRandom Shtuff|!rank