|join|poop butt jr
|join|iDestructioNx
|player|p1|poop butt jr|265
|player|p2|iDestructioNx|170
|gametype|singles
|gen|6
|tier|OU (suspect test)
|rated
|clearpoke
|poke|p1|Tyranitar, M
|poke|p1|Togekiss, F
|poke|p1|Dugtrio, M
|poke|p1|Magnezone
|poke|p1|Hydreigon, F
|poke|p1|Heatran, M
|poke|p2|Tyranitar, F
|poke|p2|Talonflame, F, shiny
|poke|p2|Garchomp, F
|poke|p2|Latios, M
|poke|p2|Landorus-Therian, M
|poke|p2|Raikou
|rule|Swagger Clause: Swagger is banned
|rule|Baton Pass Clause: Limit one PokÃ©mon knowing Baton Pass
|rule|Sleep Clause Mod: Limit one foe put to sleep
|rule|Species Clause: Limit one of each PokÃ©mon
|rule|OHKO Clause: OHKO moves are banned
|rule|Moody Clause: Moody is banned
|rule|Evasion Moves Clause: Evasion moves are banned
|rule|Endless Battle Clause: Forcing endless battles is banned
|rule|HP Percentage Mod: HP is shown in percentages
|teampreview
|
|start
|switch|p1a: Hydreigon|Hydreigon, F|325\/325
|switch|p2a: Garchomp|Garchomp, F|357\/357
|turn|1
|
|move|p1a: Hydreigon|Dark Pulse|p2a: Garchomp
|-damage|p2a: Garchomp|176\/357
|move|p2a: Garchomp|Stealth Rock|p1a: Hydreigon
|-sidestart|p1: poop butt jr|move: Stealth Rock
|
|turn|2
|
|switch|p2a: Tyranitar|Tyranitar, F|341\/341
|-weather|Sandstorm
|move|p1a: Hydreigon|Dark Pulse|p2a: Tyranitar
|-resisted|p2a: Tyranitar
|-damage|p2a: Tyranitar|294\/341
|
|-weather|Sandstorm|[upkeep]
|-damage|p1a: Hydreigon|305\/325|[from] sandstorm
|turn|3
|
|switch|p1a: Dugtrio|Dugtrio, M|211\/211
|-damage|p1a: Dugtrio|198\/211|[from] Stealth Rock
|detailschange|p2a: Tyranitar|Tyranitar-Mega, F
|-mega|p2a: Tyranitar|Tyranitar|Tyranitarite
|move|p2a: Tyranitar|Dragon Dance|p2a: Tyranitar
|-boost|p2a: Tyranitar|atk|1
|-boost|p2a: Tyranitar|spe|1
|
|-weather|Sandstorm|[upkeep]
|turn|4
|
|move|p1a: Dugtrio|Earthquake|p2a: Tyranitar
|-supereffective|p2a: Tyranitar
|-damage|p2a: Tyranitar|124\/341
|move|p2a: Tyranitar|Dragon Dance|p2a: Tyranitar
|-boost|p2a: Tyranitar|atk|1
|-boost|p2a: Tyranitar|spe|1
|
|-weather|Sandstorm|[upkeep]
|turn|5
|
|move|p2a: Tyranitar|Ice Punch|p1a: Dugtrio
|-supereffective|p1a: Dugtrio
|-damage|p1a: Dugtrio|0 fnt
|faint|p1a: Dugtrio
|
|-weather|Sandstorm|[upkeep]
|
|switch|p1a: Magnezone|Magnezone|281\/281
|-damage|p1a: Magnezone|264\/281|[from] Stealth Rock
|turn|6
|
|switch|p1a: Togekiss|Togekiss, F|311\/311
|-damage|p1a: Togekiss|234\/311|[from] Stealth Rock
|move|p2a: Tyranitar|Superpower|p1a: Togekiss
|-resisted|p1a: Togekiss
|-damage|p1a: Togekiss|143\/311
|-unboost|p2a: Tyranitar|atk|1
|-unboost|p2a: Tyranitar|def|1
|
|-weather|none
|turn|7
|
|move|p2a: Tyranitar|Ice Punch|p1a: Togekiss
|-supereffective|p1a: Togekiss
|-damage|p1a: Togekiss|0 fnt
|faint|p1a: Togekiss
|
|
|switch|p1a: Hydreigon|Hydreigon, F|305\/325
|-damage|p1a: Hydreigon|265\/325|[from] Stealth Rock
|turn|8
|
|move|p1a: Hydreigon|Surf|p2a: Tyranitar
|-supereffective|p2a: Tyranitar
|-damage|p2a: Tyranitar|0 fnt
|faint|p2a: Tyranitar
|
|
|switch|p2a: Raikou|Raikou|321\/321
|-ability|p2a: Raikou|Pressure
|turn|9
|
|move|p1a: Hydreigon|Surf|p2a: Raikou
|-damage|p2a: Raikou|210\/321
|move|p2a: Raikou|Volt Switch|p1a: Hydreigon
|-resisted|p1a: Hydreigon
|-damage|p1a: Hydreigon|201\/325
|c|âiDestructioNx|im still wondering how u outsped me but watver
|
|switch|p2a: Latios|Latios, M|301\/301
|
|turn|10
|
|switch|p1a: Heatran|Heatran, M|323\/323
|-damage|p1a: Heatran|283\/323|[from] Stealth Rock
|switch|p2a: Garchomp|Garchomp, F|176\/357
|
|-heal|p1a: Heatran|303\/323|[from] item: Leftovers
|turn|11
|
|switch|p1a: Hydreigon|Hydreigon, F|201\/325
|-damage|p1a: Hydreigon|161\/325|[from] Stealth Rock
|move|p2a: Garchomp|Earthquake|p1a: Hydreigon
|-immune|p1a: Hydreigon|[msg]
|
|turn|12
|
|move|p1a: Hydreigon|Dragon Pulse|p2a: Garchomp
|-supereffective|p2a: Garchomp
|-damage|p2a: Garchomp|0 fnt
|faint|p2a: Garchomp
|
|
|switch|p2a: Talonflame|Talonflame, F, shiny|299\/299
|turn|13
|
|switch|p2a: Landorus-Therian|Landorus-Therian, M|319\/319
|-ability|p2a: Landorus-Therian|Intimidate|[of] p1a: Hydreigon
|-unboost|p1a: Hydreigon|atk|1
|move|p1a: Hydreigon|Dragon Pulse|p2a: Landorus-Therian
|-damage|p2a: Landorus-Therian|138\/319
|
|turn|14
|
|move|p1a: Hydreigon|Dragon Pulse|p2a: Landorus-Therian
|-damage|p2a: Landorus-Therian|0 fnt
|faint|p2a: Landorus-Therian
|
|
|switch|p2a: Talonflame|Talonflame, F, shiny|299\/299
|turn|15
|
|switch|p1a: Magnezone|Magnezone|264\/281
|-damage|p1a: Magnezone|247\/281|[from] Stealth Rock
|move|p2a: Talonflame|Brave Bird|p1a: Magnezone
|-resisted|p1a: Magnezone
|-damage|p1a: Magnezone|213\/281
|-damage|p2a: Talonflame|288\/299|[from] recoil|[of] p1a: Magnezone
|
|turn|16
|
|move|p2a: Talonflame|Flare Blitz|p1a: Magnezone
|-supereffective|p1a: Magnezone
|-damage|p1a: Magnezone|0 fnt
|-damage|p2a: Talonflame|218\/299|[from] recoil|[of] p1a: Magnezone
|faint|p1a: Magnezone
|
|
|switch|p1a: Tyranitar|Tyranitar, M|341\/341
|-damage|p1a: Tyranitar|299\/341|[from] Stealth Rock
|-weather|Sandstorm
|turn|17
|
|switch|p2a: Raikou|Raikou|210\/321
|-ability|p2a: Raikou|Pressure
|detailschange|p1a: Tyranitar|Tyranitar-Mega, M
|-mega|p1a: Tyranitar|Tyranitar|Tyranitarite
|move|p1a: Tyranitar|Dragon Dance|p1a: Tyranitar
|-boost|p1a: Tyranitar|atk|1
|-boost|p1a: Tyranitar|spe|1
|
|-weather|Sandstorm|[upkeep]
|-damage|p2a: Raikou|190\/321|[from] sandstorm
|turn|18
|
|move|p1a: Tyranitar|Dragon Dance|p1a: Tyranitar
|-boost|p1a: Tyranitar|atk|1
|-boost|p1a: Tyranitar|spe|1
|move|p2a: Raikou|Volt Switch|p1a: Tyranitar
|-damage|p1a: Tyranitar|239\/341
|c|âiDestructioNx|i dont see how i list to a garbage as nigga like u
|c|âiDestructioNx|lol
|c|âiDestructioNx|lost
|
|switch|p2a: Latios|Latios, M|301\/301
|
|-weather|Sandstorm|[upkeep]
|-damage|p2a: Latios|283\/301|[from] sandstorm
|turn|19
|c|âiDestructioNx|GO nigga fuck
|c|âpoop butt jr|when i predicted you to switch from talon and 2hko'd your lando it pretty much sealed me the game
|c|âpoop butt jr|the n word is very offensive and i would appreciate if you did not use it
|c|âiDestructioNx|so u feel your good now?
|
|move|p1a: Tyranitar|Crunch|p2a: Latios
|-supereffective|p2a: Latios
|-damage|p2a: Latios|0 fnt
|faint|p2a: Latios
|
|-weather|Sandstorm|[upkeep]
|c|âiDestructioNx|nigga you feel good now?
|c|âiDestructioNx|cause u put all your thought into what move ima use next?
|c|âpoop butt jr|i made a play that won me the game and it did make me feel good, yes
|c|âiDestructioNx|while im here thinking about what im about to where to go meet the next girl
|c|âiDestructioNx|u putting all your thought into what move ima use
|c|âiDestructioNx|LMAO
|
|switch|p2a: Talonflame|Talonflame, F, shiny|218\/299
|turn|20
|c|âiDestructioNx|well guess what u suck
|c|âiDestructioNx|and dont you forget it
|c|âpoop butt jr|I get girls and beat you in mons lol ;)
|
|move|p2a: Talonflame|Brave Bird|p1a: Tyranitar
|-resisted|p1a: Tyranitar
|-damage|p1a: Tyranitar|185\/341
|-damage|p2a: Talonflame|200\/299|[from] recoil|[of] p1a: Tyranitar
|move|p1a: Tyranitar|Crunch|p2a: Talonflame
|-damage|p2a: Talonflame|0 fnt
|faint|p2a: Talonflame
|
|-weather|Sandstorm|[upkeep]
|c|âiDestructioNx|anytime a nigga take 1 minute just to make a move
|c|âiDestructioNx|this nigga does not get girls
|c|âiDestructioNx|u tripping
|c|âpoop butt jr|some people cant do it all but i can :]
|c|âiDestructioNx|it doesnt take that long
|c|âiDestructioNx|neither is it that serious
|c|âiDestructioNx|u cant
|c|âiDestructioNx|u gotta take minutes to think
|c|âiDestructioNx|it aint that serious nigga
|c|âiDestructioNx|losing your pussy up a little
|c|âiDestructioNx|put the dick in
|-message|iDestructioNx forfeited.
|leave|iDestructioNx
|
|switch|p2a: Raikou|Raikou|190\/321
|-ability|p2a: Raikou|Pressure
|turn|21
|c|âpoop butt jr|speed isnt everything. are you this quick in bed too? maybe your girl will hit me up
|
|win|poop butt jr
|raw|Ladder updating...
|player|p2
|raw|poop butt jr's rating: 1253 &rarr; <strong>1286<\/strong><br \/>(+33 for winning)
|raw|iDestructioNx's rating: 1379 &rarr; <strong>1352<\/strong><br \/>(-27 for losing)