|join|passingthetime
|join|iDestructioNx
|player|p1|passingthetime|2
|player|p2|iDestructioNx|169
|gametype|singles
|gen|6
|tier|OU (suspect test)
|rated
|clearpoke
|poke|p1|Tornadus-Therian, M
|poke|p1|Metagross
|poke|p1|Keldeo
|poke|p1|Landorus-Therian, M
|poke|p1|Rotom-Wash
|poke|p1|Clefable, F
|poke|p2|Gyarados, F, shiny
|poke|p2|Tentacruel, M
|poke|p2|Suicune, shiny
|poke|p2|Talonflame, F, shiny
|poke|p2|Latios, M
|poke|p2|Raikou
|rule|Swagger Clause: Swagger is banned
|rule|Baton Pass Clause: Limit one PokÃ©mon knowing Baton Pass
|rule|Sleep Clause Mod: Limit one foe put to sleep
|rule|Species Clause: Limit one of each PokÃ©mon
|rule|OHKO Clause: OHKO moves are banned
|rule|Moody Clause: Moody is banned
|rule|Evasion Moves Clause: Evasion moves are banned
|rule|Endless Battle Clause: Forcing endless battles is banned
|rule|HP Percentage Mod: HP is shown in percentages
|teampreview
|
|start
|switch|p1a: Big Bird|Tornadus-Therian, M|299\/299
|switch|p2a: Raikou|Raikou|321\/321
|-ability|p2a: Raikou|Pressure
|turn|1
|
|switch|p1a: Albert|Clefable, F|394\/394
|move|p2a: Raikou|Thunderbolt|p1a: Albert
|-damage|p1a: Albert|258\/394
|
|-heal|p1a: Albert|282\/394|[from] item: Leftovers
|turn|2
|
|move|p2a: Raikou|Thunderbolt|p1a: Albert
|-damage|p1a: Albert|156\/394
|move|p1a: Albert|Moonblast|p2a: Raikou
|-damage|p2a: Raikou|206\/321
|-unboost|p2a: Raikou|spa|1
|
|-heal|p1a: Albert|180\/394|[from] item: Leftovers
|turn|3
|
|switch|p2a: Talonflame|Talonflame, F, shiny|299\/299
|move|p1a: Albert|Soft-Boiled|p1a: Albert
|-heal|p1a: Albert|377\/394
|
|-heal|p1a: Albert|394\/394|[from] item: Leftovers
|turn|4
|
|switch|p2a: Gyarados|Gyarados, F, shiny|331\/331
|-ability|p2a: Gyarados|Intimidate|[of] p1a: Albert
|-unboost|p1a: Albert|atk|1
|move|p1a: Albert|Thunder Wave|p2a: Gyarados
|-status|p2a: Gyarados|par
|
|turn|5
|
|switch|p1a: Kyau|Rotom-Wash|304\/304
|cant|p2a: Gyarados|par
|
|turn|6
|
|move|p1a: Kyau|Volt Switch|p2a: Gyarados
|-supereffective|p2a: Gyarados
|-damage|p2a: Gyarados|0 fnt
|faint|p2a: Gyarados
|
|switch|p1a: Big Bird|Tornadus-Therian, M|299\/299
|
|
|switch|p2a: Raikou|Raikou|206\/321
|-ability|p2a: Raikou|Pressure
|turn|7
|
|switch|p1a: Albert|Clefable, F|394\/394
|move|p2a: Raikou|Thunderbolt|p1a: Albert
|-damage|p1a: Albert|264\/394
|
|-heal|p1a: Albert|288\/394|[from] item: Leftovers
|turn|8
|
|move|p2a: Raikou|Thunderbolt|p1a: Albert
|-damage|p1a: Albert|155\/394
|move|p1a: Albert|Moonblast|p2a: Raikou
|-damage|p2a: Raikou|98\/321
|
|-heal|p1a: Albert|179\/394|[from] item: Leftovers
|turn|9
|
|move|p2a: Raikou|Thunderbolt|p1a: Albert
|-damage|p1a: Albert|44\/394
|move|p1a: Albert|Soft-Boiled|p1a: Albert
|-heal|p1a: Albert|241\/394
|
|-heal|p1a: Albert|265\/394|[from] item: Leftovers
|turn|10
|
|move|p2a: Raikou|Thunderbolt|p1a: Albert
|-damage|p1a: Albert|135\/394
|move|p1a: Albert|Soft-Boiled|p1a: Albert
|-heal|p1a: Albert|332\/394
|
|-heal|p1a: Albert|356\/394|[from] item: Leftovers
|turn|11
|
|move|p2a: Raikou|Thunderbolt|p1a: Albert
|-damage|p1a: Albert|220\/394
|move|p1a: Albert|Calm Mind|p1a: Albert
|-boost|p1a: Albert|spa|1
|-boost|p1a: Albert|spd|1
|
|-heal|p1a: Albert|244\/394|[from] item: Leftovers
|turn|12
|
|switch|p2a: Tentacruel|Tentacruel, M|364\/364
|move|p1a: Albert|Soft-Boiled|p1a: Albert
|-heal|p1a: Albert|394\/394
|
|turn|13
|
|move|p2a: Tentacruel|Toxic Spikes|p1a: Albert
|-sidestart|p1: passingthetime|move: Toxic Spikes
|move|p1a: Albert|Thunder Wave|p2a: Tentacruel
|-status|p2a: Tentacruel|par
|
|turn|14
|
|switch|p1a: Kyau|Rotom-Wash|304\/304
|cant|p2a: Tentacruel|par
|
|turn|15
|
|move|p1a: Kyau|Volt Switch|p2a: Tentacruel
|-supereffective|p2a: Tentacruel
|-damage|p2a: Tentacruel|212\/364 par
|
|switch|p1a: Paavo|Keldeo|323\/323
|-status|p1a: Paavo|psn
|move|p2a: Tentacruel|Toxic Spikes|p1a: Paavo
|-sidestart|p1: passingthetime|move: Toxic Spikes
|
|-heal|p2a: Tentacruel|234\/364 par|[from] item: Black Sludge
|-damage|p1a: Paavo|283\/323 psn|[from] psn
|turn|16
|
|switch|p2a: Latios|Latios, M|301\/301
|move|p1a: Paavo|Calm Mind|p1a: Paavo
|-boost|p1a: Paavo|spa|1
|-boost|p1a: Paavo|spd|1
|
|-heal|p1a: Paavo|303\/323 psn|[from] item: Leftovers
|-damage|p1a: Paavo|263\/323 psn|[from] psn
|turn|17
|
|switch|p1a: Albert|Clefable, F|394\/394
|-status|p1a: Albert|tox
|move|p2a: Latios|Substitute|p2a: Latios
|-start|p2a: Latios|Substitute
|-damage|p2a: Latios|226\/301
|
|turn|18
|
|move|p2a: Latios|Psyshock|p1a: Albert
|-damage|p1a: Albert|211\/394 tox
|-damage|p2a: Latios|196\/301|[from] item: Life Orb
|move|p1a: Albert|Moonblast|p2a: Latios
|-supereffective|p2a: Latios
|-end|p2a: Latios|Substitute
|
|-heal|p1a: Albert|235\/394 tox|[from] item: Leftovers
|turn|19
|
|switch|p2a: Tentacruel|Tentacruel, M|234\/364 par
|move|p1a: Albert|Soft-Boiled|p1a: Albert
|-heal|p1a: Albert|394\/394 tox
|
|-heal|p2a: Tentacruel|256\/364 par|[from] item: Black Sludge
|turn|20
|
|switch|p1a: Kyau|Rotom-Wash|304\/304
|switch|p2a: Suicune|Suicune, shiny|404\/404
|-ability|p2a: Suicune|Pressure
|
|turn|21
|
|switch|p2a: Latios|Latios, M|196\/301
|move|p1a: Kyau|Volt Switch|p2a: Latios
|-resisted|p2a: Latios
|-damage|p2a: Latios|155\/301
|
|switch|p1a: Big Bird|Tornadus-Therian, M|299\/299
|
|turn|22
|
|switch|p2a: Tentacruel|Tentacruel, M|256\/364 par
|move|p1a: Big Bird|Knock Off|p2a: Tentacruel
|-damage|p2a: Tentacruel|152\/364 par
|-enditem|p2a: Tentacruel|Black Sludge|[from] move: Knock Off|[of] p1a: Big Bird
|-damage|p1a: Big Bird|270\/299|[from] item: Life Orb
|
|turn|23
|
|switch|p2a: Suicune|Suicune, shiny|404\/404
|-ability|p2a: Suicune|Pressure
|move|p1a: Big Bird|Hurricane|p2a: Suicune
|-damage|p2a: Suicune|212\/404
|-damage|p1a: Big Bird|241\/299|[from] item: Life Orb
|
|-heal|p2a: Suicune|237\/404|[from] item: Leftovers
|turn|24
|
|switch|p2a: Tentacruel|Tentacruel, M|152\/364 par
|move|p1a: Big Bird|Knock Off|p2a: Tentacruel
|-damage|p2a: Tentacruel|90\/364 par
|-damage|p1a: Big Bird|212\/299|[from] item: Life Orb
|
|turn|25
|
|move|p1a: Big Bird|Hurricane|p2a: Tentacruel
|-damage|p2a: Tentacruel|0 fnt
|-damage|p1a: Big Bird|183\/299|[from] item: Life Orb
|faint|p2a: Tentacruel
|
|
|switch|p2a: Talonflame|Talonflame, F, shiny|299\/299
|turn|26
|
|switch|p1a: Tony|Landorus-Therian, M|367\/367
|-ability|p1a: Tony|Intimidate|[of] p2a: Talonflame
|-unboost|p2a: Talonflame|atk|1
|move|p2a: Talonflame|Swords Dance|p2a: Talonflame
|-boost|p2a: Talonflame|atk|2
|
|turn|27
|
|move|p2a: Talonflame|Brave Bird|p1a: Tony
|-damage|p1a: Tony|157\/367
|-damage|p2a: Talonflame|230\/299|[from] recoil|[of] p1a: Tony
|move|p1a: Tony|Rock Slide|p2a: Talonflame
|-supereffective|p2a: Talonflame
|-damage|p2a: Talonflame|0 fnt
|faint|p2a: Talonflame
|
|-heal|p1a: Tony|179\/367|[from] item: Leftovers
|
|switch|p2a: Suicune|Suicune, shiny|237\/404
|-ability|p2a: Suicune|Pressure
|turn|28
|
|move|p1a: Tony|Stealth Rock|p2a: Suicune
|-sidestart|p2: iDestructioNx|move: Stealth Rock
|move|p2a: Suicune|Calm Mind|p2a: Suicune
|-boost|p2a: Suicune|spa|1
|-boost|p2a: Suicune|spd|1
|
|-heal|p1a: Tony|201\/367|[from] item: Leftovers
|-heal|p2a: Suicune|262\/404|[from] item: Leftovers
|turn|29
|
|switch|p1a: Kyau|Rotom-Wash|304\/304
|move|p2a: Suicune|Calm Mind|p2a: Suicune
|-boost|p2a: Suicune|spa|1
|-boost|p2a: Suicune|spd|1
|
|-heal|p2a: Suicune|287\/404|[from] item: Leftovers
|turn|30
|
|move|p1a: Kyau|Volt Switch|p2a: Suicune
|-supereffective|p2a: Suicune
|-damage|p2a: Suicune|203\/404
|
|switch|p1a: Big Bird|Tornadus-Therian, M|282\/299
|move|p2a: Suicune|Rest|p2a: Suicune
|-status|p2a: Suicune|slp
|-heal|p2a: Suicune|404\/404 slp|[silent]
|-status|p2a: Suicune|slp|[from] move: Rest
|
|turn|31
|
|move|p1a: Big Bird|Knock Off|p2a: Suicune
|-damage|p2a: Suicune|333\/404 slp
|-enditem|p2a: Suicune|Leftovers|[from] move: Knock Off|[of] p1a: Big Bird
|-damage|p1a: Big Bird|253\/299|[from] item: Life Orb
|cant|p2a: Suicune|slp
|move|p2a: Suicune|Sleep Talk|p2a: Suicune
|move|p2a: Suicune|Calm Mind|p2a: Suicune|[from]Sleep Talk
|-boost|p2a: Suicune|spa|1
|-boost|p2a: Suicune|spd|1
|
|turn|32
|
|switch|p1a: Jono|Metagross|301\/301
|cant|p2a: Suicune|slp
|move|p2a: Suicune|Sleep Talk|p2a: Suicune
|move|p2a: Suicune|Calm Mind|p2a: Suicune|[from]Sleep Talk
|-boost|p2a: Suicune|spa|1
|-boost|p2a: Suicune|spd|1
|
|turn|33
|
|detailschange|p1a: Jono|Metagross-Mega
|-mega|p1a: Jono|Metagross|Metagrossite
|move|p1a: Jono|Zen Headbutt|p2a: Suicune
|-damage|p2a: Suicune|207\/404 slp
|-curestatus|p2a: Suicune|slp
|move|p2a: Suicune|Scald|p1a: Jono
|-damage|p1a: Jono|75\/301
|-status|p1a: Jono|brn
|
|-damage|p1a: Jono|38\/301 brn|[from] brn
|turn|34
|
|move|p1a: Jono|Zen Headbutt|p2a: Suicune
|-damage|p2a: Suicune|137\/404
|move|p2a: Suicune|Rest|p2a: Suicune
|-status|p2a: Suicune|slp
|-heal|p2a: Suicune|404\/404 slp|[silent]
|-status|p2a: Suicune|slp|[from] move: Rest
|
|-damage|p1a: Jono|1\/301 brn|[from] brn
|turn|35
|
|switch|p1a: Albert|Clefable, F|394\/394 tox
|cant|p2a: Suicune|slp
|move|p2a: Suicune|Sleep Talk|p2a: Suicune
|move|p2a: Suicune|Rest|p2a: Suicune|[from]Sleep Talk
|-fail|p2a: Suicune
|
|turn|36
|
|cant|p2a: Suicune|slp
|move|p2a: Suicune|Sleep Talk|p2a: Suicune
|move|p2a: Suicune|Scald|p1a: Albert|[from]Sleep Talk
|-damage|p1a: Albert|166\/394 tox
|move|p1a: Albert|Calm Mind|p1a: Albert
|-boost|p1a: Albert|spa|1
|-boost|p1a: Albert|spd|1
|
|-heal|p1a: Albert|190\/394 tox|[from] item: Leftovers
|turn|37
|
|-curestatus|p2a: Suicune|slp
|move|p2a: Suicune|Scald|p1a: Albert
|-damage|p1a: Albert|34\/394 tox
|move|p1a: Albert|Soft-Boiled|p1a: Albert
|-heal|p1a: Albert|231\/394 tox
|
|-heal|p1a: Albert|255\/394 tox|[from] item: Leftovers
|turn|38
|
|move|p2a: Suicune|Scald|p1a: Albert
|-damage|p1a: Albert|111\/394 tox
|move|p1a: Albert|Soft-Boiled|p1a: Albert
|-heal|p1a: Albert|308\/394 tox
|
|-heal|p1a: Albert|332\/394 tox|[from] item: Leftovers
|turn|39
|
|move|p2a: Suicune|Calm Mind|p2a: Suicune
|-boost|p2a: Suicune|spa|1
|-boost|p2a: Suicune|spd|1
|move|p1a: Albert|Calm Mind|p1a: Albert
|-boost|p1a: Albert|spa|1
|-boost|p1a: Albert|spd|1
|
|-heal|p1a: Albert|356\/394 tox|[from] item: Leftovers
|turn|40
|
|move|p2a: Suicune|Calm Mind|p2a: Suicune
|-boost|p2a: Suicune|spa|1
|-boost|p2a: Suicune|spd|1
|move|p1a: Albert|Calm Mind|p1a: Albert
|-boost|p1a: Albert|spa|1
|-boost|p1a: Albert|spd|1
|
|-heal|p1a: Albert|380\/394 tox|[from] item: Leftovers
|turn|41
|
|move|p2a: Suicune|Scald|p1a: Albert
|-damage|p1a: Albert|257\/394 tox
|move|p1a: Albert|Thunder Wave|p2a: Suicune
|-status|p2a: Suicune|par
|
|-heal|p1a: Albert|281\/394 tox|[from] item: Leftovers
|turn|42
|
|move|p1a: Albert|Calm Mind|p1a: Albert
|-boost|p1a: Albert|spa|1
|-boost|p1a: Albert|spd|1
|move|p2a: Suicune|Scald|p1a: Albert
|-damage|p1a: Albert|178\/394 tox
|
|-heal|p1a: Albert|202\/394 tox|[from] item: Leftovers
|turn|43
|
|move|p1a: Albert|Calm Mind|p1a: Albert
|-boost|p1a: Albert|spa|1
|-boost|p1a: Albert|spd|1
|move|p2a: Suicune|Scald|p1a: Albert
|-damage|p1a: Albert|121\/394 tox
|
|-heal|p1a: Albert|145\/394 tox|[from] item: Leftovers
|turn|44
|
|move|p1a: Albert|Soft-Boiled|p1a: Albert
|-heal|p1a: Albert|342\/394 tox
|move|p2a: Suicune|Scald|p1a: Albert
|-damage|p1a: Albert|260\/394 tox
|
|-heal|p1a: Albert|284\/394 tox|[from] item: Leftovers
|turn|45
|
|move|p1a: Albert|Calm Mind|p1a: Albert
|-boost|p1a: Albert|spa|1
|-boost|p1a: Albert|spd|1
|move|p2a: Suicune|Rest|p2a: Suicune
|-fail|p2a: Suicune
|
|-heal|p1a: Albert|308\/394 tox|[from] item: Leftovers
|turn|46
|
|move|p1a: Albert|Moonblast|p2a: Suicune
|-damage|p2a: Suicune|310\/404 par
|move|p2a: Suicune|Sleep Talk|p2a: Suicune
|-fail|p2a: Suicune
|
|-heal|p1a: Albert|332\/394 tox|[from] item: Leftovers
|turn|47
|
|move|p1a: Albert|Moonblast|p2a: Suicune
|-damage|p2a: Suicune|220\/404 par
|move|p2a: Suicune|Sleep Talk|p2a: Suicune
|-fail|p2a: Suicune
|
|-heal|p1a: Albert|356\/394 tox|[from] item: Leftovers
|turn|48
|
|move|p1a: Albert|Moonblast|p2a: Suicune
|-damage|p2a: Suicune|130\/404 par
|-unboost|p2a: Suicune|spa|1
|cant|p2a: Suicune|par
|
|-heal|p1a: Albert|380\/394 tox|[from] item: Leftovers
|turn|49
|
|move|p1a: Albert|Moonblast|p2a: Suicune
|-damage|p2a: Suicune|40\/404 par
|cant|p2a: Suicune|par
|
|-heal|p1a: Albert|394\/394 tox|[from] item: Leftovers
|turn|50
|c|âiDestructioNx|buy u fukin suck
|c|âpassingthetime|sry
|c|âpassingthetime|lol
|c|âiDestructioNx|u aint sry bitch
|c|âpassingthetime|sry not sry?
|c|âiDestructioNx|ull be sry when i ban u
|c|âiDestructioNx|mark those word
|c|âpassingthetime|lol
|c|âpassingthetime|u made me spill my soup
|c|âpassingthetime|haha
|c|âiDestructioNx|im a admisnistrator btw
|c|âiDestructioNx|if u think its a joke
|c|âiDestructioNx|your already in process
|
|move|p1a: Albert|Moonblast|p2a: Suicune
|-damage|p2a: Suicune|0 fnt
|faint|p2a: Suicune
|
|c|âpassingthetime|Word
|
|switch|p2a: Latios|Latios, M|155\/301
|-damage|p2a: Latios|118\/301|[from] Stealth Rock
|turn|51
|c|âpassingthetime|Come at me, bro
|
|move|p2a: Latios|Psyshock|p1a: Albert
|-damage|p1a: Albert|207\/394 tox
|-damage|p2a: Latios|88\/301|[from] item: Life Orb
|move|p1a: Albert|Moonblast|p2a: Latios
|-supereffective|p2a: Latios
|-damage|p2a: Latios|0 fnt
|faint|p2a: Latios
|
|-heal|p1a: Albert|231\/394 tox|[from] item: Leftovers
|c|âiDestructioNx|sure
|c|âiDestructioNx|watch the account
|-message|iDestructioNx forfeited.
|
|win|passingthetime
|raw|Ladder updating...
|raw|passingthetime's rating: 1454 &rarr; <strong>1472<\/strong><br \/>(+18 for winning)
|raw|iDestructioNx's rating: 1417 &rarr; <strong>1399<\/strong><br \/>(-18 for losing)
|leave|iDestructioNx
|player|p2