|join|iDestructioNx
|join|lil manaphy
|player|p1|iDestructioNx|2
|player|p2|lil manaphy|34
|gametype|singles
|gen|6
|tier|OU (suspect test)
|rated
|clearpoke
|poke|p1|Gyarados, M, shiny
|poke|p1|Raikou, shiny
|poke|p1|Conkeldurr, F
|poke|p1|Talonflame, F, shiny
|poke|p1|Latios, M, shiny
|poke|p1|Scizor, F
|poke|p2|Diancie
|poke|p2|Ferrothorn, M
|poke|p2|Wobbuffet, M
|poke|p2|Landorus-Therian, M
|poke|p2|Conkeldurr, M
|poke|p2|Mandibuzz, F
|rule|Swagger Clause: Swagger is banned
|rule|Baton Pass Clause: Limit one PokÃ©mon knowing Baton Pass
|rule|Sleep Clause Mod: Limit one foe put to sleep
|rule|Species Clause: Limit one of each PokÃ©mon
|rule|OHKO Clause: OHKO moves are banned
|rule|Moody Clause: Moody is banned
|rule|Evasion Moves Clause: Evasion moves are banned
|rule|Endless Battle Clause: Forcing endless battles is banned
|rule|HP Percentage Mod: HP is shown in percentages
|teampreview
|
|start
|switch|p1a: Conkeldurr|Conkeldurr, F|380\/380
|switch|p2a: Landorus-Therian|Landorus-Therian, M|382\/382
|-ability|p2a: Landorus-Therian|Intimidate|[of] p1a: Conkeldurr
|-unboost|p1a: Conkeldurr|atk|1
|turn|1
|
|move|p2a: Landorus-Therian|Stealth Rock|p1a: Conkeldurr
|-sidestart|p1: iDestructioNx|move: Stealth Rock
|move|p1a: Conkeldurr|Bulk Up|p1a: Conkeldurr
|-boost|p1a: Conkeldurr|atk|1
|-boost|p1a: Conkeldurr|def|1
|
|turn|2
|
|move|p2a: Landorus-Therian|U-turn|p1a: Conkeldurr
|-resisted|p1a: Conkeldurr
|-damage|p1a: Conkeldurr|354\/380
|
|switch|p2a: Diancie|Diancie|241\/241
|move|p1a: Conkeldurr|Ice Punch|p2a: Diancie
|-damage|p2a: Diancie|168\/241
|
|-heal|p1a: Conkeldurr|377\/380|[from] item: Leftovers
|turn|3
|
|detailschange|p2a: Diancie|Diancie-Mega
|-mega|p2a: Diancie|Diancie|Diancite
|move|p1a: Conkeldurr|Mach Punch|p2a: Diancie
|-damage|p2a: Diancie|89\/241
|move|p2a: Diancie|Moonblast|p1a: Conkeldurr
|-supereffective|p1a: Conkeldurr
|-damage|p1a: Conkeldurr|0 fnt
|faint|p1a: Conkeldurr
|
|
|switch|p1a: Scizor|Scizor, F|281\/281
|-damage|p1a: Scizor|246\/281|[from] Stealth Rock
|turn|4
|
|switch|p2a: Landorus-Therian|Landorus-Therian, M|382\/382
|-ability|p2a: Landorus-Therian|Intimidate|[of] p1a: Scizor
|-unboost|p1a: Scizor|atk|1
|move|p1a: Scizor|Bullet Punch|p2a: Landorus-Therian
|-damage|p2a: Landorus-Therian|319\/382
|
|-heal|p2a: Landorus-Therian|342\/382|[from] item: Leftovers
|turn|5
|
|move|p1a: Scizor|Swords Dance|p1a: Scizor
|-boost|p1a: Scizor|atk|2
|move|p2a: Landorus-Therian|U-turn|p1a: Scizor
|-crit|p1a: Scizor
|-resisted|p1a: Scizor
|-damage|p1a: Scizor|187\/281
|
|switch|p2a: Mandibuzz|Mandibuzz, F|424\/424
|
|turn|6
|
|switch|p1a: Raikou|Raikou, shiny|321\/321
|-damage|p1a: Raikou|281\/321|[from] Stealth Rock
|-ability|p1a: Raikou|Pressure
|move|p2a: Mandibuzz|Foul Play|p1a: Raikou
|-damage|p1a: Raikou|179\/321
|
|turn|7
|
|switch|p2a: Ferrothorn|Ferrothorn, M|352\/352
|move|p1a: Raikou|Thunderbolt|p2a: Ferrothorn
|-resisted|p2a: Ferrothorn
|-damage|p2a: Ferrothorn|294\/352
|
|turn|8
|
|move|p1a: Raikou|Volt Switch|p2a: Ferrothorn
|-resisted|p2a: Ferrothorn
|-damage|p2a: Ferrothorn|252\/352
|
|switch|p1a: Latios|Latios, M, shiny|301\/301
|-damage|p1a: Latios|264\/301|[from] Stealth Rock
|move|p2a: Ferrothorn|Leech Seed|p1a: Latios|[miss]
|-miss|p2a: Ferrothorn|p1a: Latios
|
|turn|9
|
|switch|p2a: Wobbuffet|Wobbuffet, M|528\/528
|move|p1a: Latios|Hidden Power|p2a: Wobbuffet
|-damage|p2a: Wobbuffet|410\/528
|-damage|p1a: Latios|234\/301|[from] item: Life Orb
|
|-heal|p2a: Wobbuffet|443\/528|[from] item: Leftovers
|turn|10
|
|move|p1a: Latios|Defog|p2a: Wobbuffet
|-unboost|p2a: Wobbuffet|evasion|1
|-sideend|p1: iDestructioNx|Stealth Rock|[from] move: Defog|[of] p1a: Latios
|move|p2a: Wobbuffet|Destiny Bond|p2a: Wobbuffet
|-singlemove|p2a: Wobbuffet|Destiny Bond
|
|-heal|p2a: Wobbuffet|476\/528|[from] item: Leftovers
|turn|11
|
|move|p1a: Latios|Psyshock|p2a: Wobbuffet
|-resisted|p2a: Wobbuffet
|-damage|p2a: Wobbuffet|368\/528
|-damage|p1a: Latios|204\/301|[from] item: Life Orb
|move|p2a: Wobbuffet|Destiny Bond|p2a: Wobbuffet
|-singlemove|p2a: Wobbuffet|Destiny Bond
|
|-heal|p2a: Wobbuffet|401\/528|[from] item: Leftovers
|turn|12
|
|move|p1a: Latios|Psyshock|p2a: Wobbuffet
|-resisted|p2a: Wobbuffet
|-damage|p2a: Wobbuffet|296\/528
|-damage|p1a: Latios|174\/301|[from] item: Life Orb
|move|p2a: Wobbuffet|Encore|p1a: Latios
|-start|p1a: Latios|Encore
|
|-heal|p2a: Wobbuffet|329\/528|[from] item: Leftovers
|turn|13
|
|move|p1a: Latios|Psyshock|p2a: Wobbuffet
|-resisted|p2a: Wobbuffet
|-damage|p2a: Wobbuffet|221\/528
|-damage|p1a: Latios|144\/301|[from] item: Life Orb
|move|p2a: Wobbuffet|Mirror Coat|p1a: Latios
|-damage|p1a: Latios|0 fnt
|faint|p1a: Latios
|
|-heal|p2a: Wobbuffet|254\/528|[from] item: Leftovers
|
|switch|p1a: Gyarados|Gyarados, M, shiny|331\/331
|-ability|p1a: Gyarados|Intimidate|[of] p2a: Wobbuffet
|-unboost|p2a: Wobbuffet|atk|1
|turn|14
|
|detailschange|p1a: Gyarados|Gyarados-Mega, M, shiny
|-mega|p1a: Gyarados|Gyarados|Gyaradosite
|-ability|p1a: Gyarados|Mold Breaker
|move|p1a: Gyarados|Substitute|p1a: Gyarados
|-start|p1a: Gyarados|Substitute
|-damage|p1a: Gyarados|249\/331
|move|p2a: Wobbuffet|Encore|p1a: Gyarados
|-start|p1a: Gyarados|Encore
|
|-heal|p2a: Wobbuffet|287\/528|[from] item: Leftovers
|turn|15
|
|switch|p2a: Diancie|Diancie-Mega|89\/241
|move|p1a: Gyarados|Substitute|p1a: Gyarados
|-fail|p1a: Gyarados|move: Substitute
|
|turn|16
|
|move|p2a: Diancie|Moonblast|p1a: Gyarados
|-crit|p1a: Gyarados
|-supereffective|p1a: Gyarados
|-end|p1a: Gyarados|Substitute
|move|p1a: Gyarados|Substitute|p1a: Gyarados
|-start|p1a: Gyarados|Substitute
|-damage|p1a: Gyarados|167\/331
|
|turn|17
|
|move|p2a: Diancie|Moonblast|p1a: Gyarados
|-supereffective|p1a: Gyarados
|-end|p1a: Gyarados|Substitute
|move|p1a: Gyarados|Substitute|p1a: Gyarados
|-start|p1a: Gyarados|Substitute
|-damage|p1a: Gyarados|85\/331
|
|-end|p1a: Gyarados|Encore
|turn|18
|
|switch|p2a: Conkeldurr|Conkeldurr, M|352\/352
|move|p1a: Gyarados|Dragon Dance|p1a: Gyarados
|-boost|p1a: Gyarados|atk|1
|-boost|p1a: Gyarados|spe|1
|
|turn|19
|
|move|p2a: Conkeldurr|Mach Punch|p1a: Gyarados
|-supereffective|p1a: Gyarados
|-end|p1a: Gyarados|Substitute
|move|p1a: Gyarados|Waterfall|p2a: Conkeldurr
|-damage|p2a: Conkeldurr|75\/352
|
|turn|20
|
|switch|p1a: Scizor|Scizor, F|187\/281
|move|p2a: Conkeldurr|Mach Punch|p1a: Scizor
|-crit|p1a: Scizor
|-damage|p1a: Scizor|58\/281
|
|turn|21
|
|switch|p2a: Landorus-Therian|Landorus-Therian, M|342\/382
|-ability|p2a: Landorus-Therian|Intimidate|[of] p1a: Scizor
|-unboost|p1a: Scizor|atk|1
|move|p1a: Scizor|Bullet Punch|p2a: Landorus-Therian
|-damage|p2a: Landorus-Therian|278\/382
|
|-heal|p2a: Landorus-Therian|301\/382|[from] item: Leftovers
|turn|22
|
|switch|p1a: Gyarados|Gyarados-Mega, M, shiny|85\/331
|-ability|p1a: Gyarados|Mold Breaker
|move|p2a: Landorus-Therian|Stealth Rock|p1a: Gyarados
|-sidestart|p1: iDestructioNx|move: Stealth Rock
|
|-heal|p2a: Landorus-Therian|324\/382|[from] item: Leftovers
|turn|23
|
|move|p1a: Gyarados|Waterfall|p2a: Landorus-Therian
|-supereffective|p2a: Landorus-Therian
|-damage|p2a: Landorus-Therian|36\/382
|cant|p2a: Landorus-Therian|flinch
|
|-heal|p2a: Landorus-Therian|59\/382|[from] item: Leftovers
|turn|24
|
|move|p1a: Gyarados|Waterfall|p2a: Landorus-Therian
|-supereffective|p2a: Landorus-Therian
|-damage|p2a: Landorus-Therian|0 fnt
|faint|p2a: Landorus-Therian
|
|
|switch|p2a: Diancie|Diancie-Mega|89\/241
|turn|25
|
|move|p2a: Diancie|Ancient Power|p1a: Gyarados
|-damage|p1a: Gyarados|0 fnt
|faint|p1a: Gyarados
|
|
|switch|p1a: Scizor|Scizor, F|58\/281
|-damage|p1a: Scizor|23\/281|[from] Stealth Rock
|turn|26
|
|switch|p2a: Conkeldurr|Conkeldurr, M|75\/352
|move|p1a: Scizor|Superpower|p2a: Conkeldurr
|-damage|p2a: Conkeldurr|0 fnt
|-unboost|p1a: Scizor|atk|1
|-unboost|p1a: Scizor|def|1
|faint|p2a: Conkeldurr
|
|
|switch|p2a: Diancie|Diancie-Mega|89\/241
|turn|27
|
|move|p1a: Scizor|Bullet Punch|p2a: Diancie
|-supereffective|p2a: Diancie
|-damage|p2a: Diancie|0 fnt
|faint|p2a: Diancie
|
|
|switch|p2a: Mandibuzz|Mandibuzz, F|424\/424
|turn|28
|
|move|p1a: Scizor|Bug Bite|p2a: Mandibuzz
|-damage|p2a: Mandibuzz|334\/424
|move|p2a: Mandibuzz|Foul Play|p1a: Scizor
|-damage|p1a: Scizor|0 fnt
|faint|p1a: Scizor
|
|-heal|p2a: Mandibuzz|360\/424|[from] item: Leftovers
|
|switch|p1a: Raikou|Raikou, shiny|179\/321
|-damage|p1a: Raikou|139\/321|[from] Stealth Rock
|-ability|p1a: Raikou|Pressure
|turn|29
|
|switch|p2a: Ferrothorn|Ferrothorn, M|252\/352
|move|p1a: Raikou|Volt Switch|p2a: Ferrothorn
|-resisted|p2a: Ferrothorn
|-damage|p2a: Ferrothorn|206\/352
|
|switch|p1a: Talonflame|Talonflame, F, shiny|299\/299
|-damage|p1a: Talonflame|150\/299|[from] Stealth Rock
|
|turn|30
|
|switch|p2a: Mandibuzz|Mandibuzz, F|360\/424
|move|p1a: Talonflame|Swords Dance|p1a: Talonflame
|-boost|p1a: Talonflame|atk|2
|
|-heal|p2a: Mandibuzz|386\/424|[from] item: Leftovers
|turn|31
|
|move|p1a: Talonflame|Swords Dance|p1a: Talonflame
|-boost|p1a: Talonflame|atk|2
|move|p2a: Mandibuzz|Foul Play|p1a: Talonflame
|-crit|p1a: Talonflame
|-damage|p1a: Talonflame|0 fnt
|faint|p1a: Talonflame
|
|-heal|p2a: Mandibuzz|412\/424|[from] item: Leftovers
|
|switch|p1a: Raikou|Raikou, shiny|139\/321
|-damage|p1a: Raikou|99\/321|[from] Stealth Rock
|-ability|p1a: Raikou|Pressure
|turn|32
|
|move|p1a: Raikou|Thunderbolt|p2a: Mandibuzz
|-supereffective|p2a: Mandibuzz
|-damage|p2a: Mandibuzz|16\/424
|move|p2a: Mandibuzz|Foul Play|p1a: Raikou
|-damage|p1a: Raikou|0 fnt
|faint|p1a: Raikou
|
|win|lil manaphy
|raw|Ladder updating...
|raw|iDestructioNx's rating: 1373 &rarr; <strong>1357<\/strong><br \/>(-16 for losing)
|raw|lil manaphy's rating: 1442 &rarr; <strong>1458<\/strong><br \/>(+16 for winning)
|leave|iDestructioNx
|player|p1