|join|tbr
|join|iDestructioNx
|player|p1|tbr|1
|player|p2|iDestructioNx|2
|gametype|singles
|gen|6
|tier|OU (suspect test)
|rated
|clearpoke
|poke|p1|Latios, M
|poke|p1|Heatran, F
|poke|p1|Rotom-Wash
|poke|p1|Terrakion
|poke|p1|Landorus-Therian, M
|poke|p1|Venusaur, M
|poke|p2|Gyarados, F, shiny
|poke|p2|Raikou, shiny
|poke|p2|Conkeldurr, M
|poke|p2|Talonflame, M, shiny
|poke|p2|Latios, M, shiny
|poke|p2|Scizor, M
|rule|Swagger Clause: Swagger is banned
|rule|Baton Pass Clause: Limit one PokÃ©mon knowing Baton Pass
|rule|Sleep Clause Mod: Limit one foe put to sleep
|rule|Species Clause: Limit one of each PokÃ©mon
|rule|OHKO Clause: OHKO moves are banned
|rule|Moody Clause: Moody is banned
|rule|Evasion Moves Clause: Evasion moves are banned
|rule|Endless Battle Clause: Forcing endless battles is banned
|rule|HP Percentage Mod: HP is shown in percentages
|teampreview
tbr turned on modjoin.
|raw|<div class="broadcast-red"><b>Moderated chat was set to +!<\/b><br \/>Only users of rank + and higher can talk.<\/div>
|c|âiDestructioNx|what u press for that
tbr turned off modjoin.
|c|âtbr|sorry
|
|start
|switch|p1a: Landorus-Therian|Landorus-Therian, M|319\/319
|switch|p2a: Conkeldurr|Conkeldurr, M|380\/380
|-ability|p1a: Landorus-Therian|Intimidate|[of] p2a: Conkeldurr
|-unboost|p2a: Conkeldurr|atk|1
|turn|1
|c|âtbr|i wanted to do another thing
|c|âtbr|lol
|
|move|p1a: Landorus-Therian|U-turn|p2a: Conkeldurr
|-resisted|p2a: Conkeldurr
|-damage|p2a: Conkeldurr|336\/380
|
|switch|p1a: Venusaur|Venusaur, M|351\/351
|move|p2a: Conkeldurr|Bulk Up|p2a: Conkeldurr
|-boost|p2a: Conkeldurr|atk|1
|-boost|p2a: Conkeldurr|def|1
|
|-heal|p2a: Conkeldurr|359\/380|[from] item: Leftovers
|turn|2
|
|detailschange|p1a: Venusaur|Venusaur-Mega, M
|-mega|p1a: Venusaur|Venusaur|Venusaurite
|move|p1a: Venusaur|Sludge Bomb|p2a: Conkeldurr
|-damage|p2a: Conkeldurr|161\/380
|-status|p2a: Conkeldurr|psn
|move|p2a: Conkeldurr|Bulk Up|p2a: Conkeldurr
|-boost|p2a: Conkeldurr|atk|1
|-boost|p2a: Conkeldurr|def|1
|
|-heal|p2a: Conkeldurr|184\/380 psn|[from] item: Leftovers
|-damage|p2a: Conkeldurr|137\/380 psn|[from] psn
|turn|3
|
|move|p2a: Conkeldurr|Mach Punch|p1a: Venusaur
|-resisted|p1a: Venusaur
|-damage|p1a: Venusaur|267\/351
|move|p1a: Venusaur|Sludge Bomb|p2a: Conkeldurr
|-damage|p2a: Conkeldurr|0 fnt
|faint|p2a: Conkeldurr
|
|
|switch|p2a: Latios|Latios, M, shiny|301\/301
|turn|4
|
|switch|p1a: Heatran|Heatran, F|386\/386
|move|p2a: Latios|Psyshock|p1a: Heatran
|-resisted|p1a: Heatran
|-damage|p1a: Heatran|303\/386
|-damage|p2a: Latios|271\/301|[from] item: Life Orb
|
|-heal|p1a: Heatran|327\/386|[from] item: Leftovers
|turn|5
|
|switch|p2a: Gyarados|Gyarados, F, shiny|331\/331
|-ability|p2a: Gyarados|Intimidate|[of] p1a: Heatran
|-unboost|p1a: Heatran|atk|1
|move|p1a: Heatran|Protect|p1a: Heatran
|-fail|p1a: Heatran
|
|-heal|p1a: Heatran|351\/386|[from] item: Leftovers
|turn|6
|
|switch|p1a: Rotom-Wash|Rotom-Wash|304\/304
|detailschange|p2a: Gyarados|Gyarados-Mega, F, shiny
|-mega|p2a: Gyarados|Gyarados|Gyaradosite
|-ability|p2a: Gyarados|Mold Breaker
|move|p2a: Gyarados|Waterfall|p1a: Rotom-Wash
|-resisted|p1a: Rotom-Wash
|-damage|p1a: Rotom-Wash|241\/304
|
|-heal|p1a: Rotom-Wash|260\/304|[from] item: Leftovers
|turn|7
|
|move|p2a: Gyarados|Substitute|p2a: Gyarados
|-start|p2a: Gyarados|Substitute
|-damage|p2a: Gyarados|249\/331
|move|p1a: Rotom-Wash|Volt Switch|p2a: Gyarados
|-supereffective|p2a: Gyarados
|-end|p2a: Gyarados|Substitute
|
|switch|p1a: Landorus-Therian|Landorus-Therian, M|319\/319
|-ability|p1a: Landorus-Therian|Intimidate|[of] p2a: Gyarados
|-unboost|p2a: Gyarados|atk|1
|
|turn|8
|
|move|p1a: Landorus-Therian|U-turn|p2a: Gyarados
|-supereffective|p2a: Gyarados
|-damage|p2a: Gyarados|71\/331
|
|switch|p1a: Rotom-Wash|Rotom-Wash|260\/304
|move|p2a: Gyarados|Dragon Dance|p2a: Gyarados
|-boost|p2a: Gyarados|atk|1
|-boost|p2a: Gyarados|spe|1
|
|-heal|p1a: Rotom-Wash|279\/304|[from] item: Leftovers
|turn|9
|
|move|p2a: Gyarados|Earthquake|p1a: Rotom-Wash
|-supereffective|p1a: Rotom-Wash
|-damage|p1a: Rotom-Wash|61\/304
|move|p1a: Rotom-Wash|Volt Switch|p2a: Gyarados
|-supereffective|p2a: Gyarados
|-damage|p2a: Gyarados|0 fnt
|faint|p2a: Gyarados
|
|switch|p1a: Heatran|Heatran, F|351\/386
|
|-heal|p1a: Heatran|375\/386|[from] item: Leftovers
|
|switch|p2a: Raikou|Raikou, shiny|321\/321
|-ability|p2a: Raikou|Pressure
|turn|10
|
|move|p2a: Raikou|Volt Switch|p1a: Heatran
|-damage|p1a: Heatran|285\/386
|
|switch|p2a: Talonflame|Talonflame, M, shiny|299\/299
|move|p1a: Heatran|Stealth Rock|p2a: Talonflame
|-sidestart|p2: iDestructioNx|move: Stealth Rock
|
|-heal|p1a: Heatran|309\/386|[from] item: Leftovers
|turn|11
|
|move|p2a: Talonflame|Swords Dance|p2a: Talonflame
|-boost|p2a: Talonflame|atk|2
|move|p1a: Heatran|Toxic|p2a: Talonflame
|-status|p2a: Talonflame|tox
|
|-heal|p1a: Heatran|333\/386|[from] item: Leftovers
|-damage|p2a: Talonflame|281\/299 tox|[from] psn
|turn|12
|
|move|p1a: Heatran|Protect|p1a: Heatran
|-singleturn|p1a: Heatran|Protect
|move|p2a: Talonflame|Swords Dance|p2a: Talonflame
|-boost|p2a: Talonflame|atk|2
|
|-heal|p1a: Heatran|357\/386|[from] item: Leftovers
|-damage|p2a: Talonflame|245\/299 tox|[from] psn
|turn|13
|
|switch|p1a: Rotom-Wash|Rotom-Wash|61\/304
|move|p2a: Talonflame|Brave Bird|p1a: Rotom-Wash
|-resisted|p1a: Rotom-Wash
|-damage|p1a: Rotom-Wash|0 fnt
|-damage|p2a: Talonflame|225\/299 tox|[from] recoil|[of] p1a: Rotom-Wash
|faint|p1a: Rotom-Wash
|
|-damage|p2a: Talonflame|171\/299 tox|[from] psn
|
|switch|p1a: Landorus-Therian|Landorus-Therian, M|319\/319
|-ability|p1a: Landorus-Therian|Intimidate|[of] p2a: Talonflame
|-unboost|p2a: Talonflame|atk|1
|turn|14
|
|switch|p1a: Terrakion|Terrakion|324\/324
|move|p2a: Talonflame|Brave Bird|p1a: Terrakion
|-damage|p1a: Terrakion|0 fnt
|-damage|p2a: Talonflame|64\/299 tox|[from] recoil|[of] p1a: Terrakion
|faint|p1a: Terrakion
|
|-damage|p2a: Talonflame|0 fnt|[from] psn
|faint|p2a: Talonflame
|
|switch|p2a: Raikou|Raikou, shiny|321\/321
|switch|p1a: Heatran|Heatran, F|357\/386
|-damage|p2a: Raikou|281\/321|[from] Stealth Rock
|-ability|p2a: Raikou|Pressure
|turn|15
|
|move|p2a: Raikou|Thunderbolt|p1a: Heatran
|-damage|p1a: Heatran|236\/386
|move|p1a: Heatran|Lava Plume|p2a: Raikou
|-damage|p2a: Raikou|164\/321
|
|-heal|p1a: Heatran|260\/386|[from] item: Leftovers
|turn|16
|
|move|p1a: Heatran|Protect|p1a: Heatran
|-singleturn|p1a: Heatran|Protect
|move|p2a: Raikou|Thunderbolt|p1a: Heatran
|-activate|p1a: Heatran|Protect
|
|-heal|p1a: Heatran|284\/386|[from] item: Leftovers
|turn|17
|
|move|p2a: Raikou|Thunderbolt|p1a: Heatran
|-damage|p1a: Heatran|172\/386
|move|p1a: Heatran|Lava Plume|p2a: Raikou
|-crit|p2a: Raikou
|-damage|p2a: Raikou|0 fnt
|faint|p2a: Raikou
|
|-heal|p1a: Heatran|196\/386|[from] item: Leftovers
|
|switch|p2a: Scizor|Scizor, M|281\/281
|-damage|p2a: Scizor|246\/281|[from] Stealth Rock
|turn|18
|c|âiDestructioNx|u gettin all the luck i see
|
|move|p1a: Heatran|Lava Plume|p2a: Scizor
|-supereffective|p2a: Scizor
|-damage|p2a: Scizor|0 fnt
|faint|p2a: Scizor
|
|-heal|p1a: Heatran|220\/386|[from] item: Leftovers
|c|âtbr|it didnt matter
|c|âtbr|you are pretty bad
|c|âtbr|LOL
|c|âiDestructioNx|bro u suck tbh
|c|âiDestructioNx|tbr
|c|âiDestructioNx|you not good
|c|âtbr|i won pretty easy
|c|âtbr|lol
|c|âtbr|:}
|c|âiDestructioNx|yea while im playing 6 matches at once
|c|âtbr|xD
|c|âiDestructioNx|and your one im playing less attanetion to
|c|âtbr|losing all the matches
|c|âtbr|i see
|c|âiDestructioNx|notice i keep laughing
|c|âiDestructioNx|?
|c|âiDestructioNx|leaving*
|c|âtbr|notice i care?
|c|âiDestructioNx|notice?
|c|âiDestructioNx|are u that noob
|c|âiDestructioNx|u uuck
|c|âiDestructioNx|suck
|c|âiDestructioNx|trash
|c|âiDestructioNx|garbage
|c|âtbr|nice lose :}
|
|switch|p2a: Latios|Latios, M, shiny|271\/301
|-damage|p2a: Latios|234\/301|[from] Stealth Rock
|turn|19
|c|âtbr|74-54
|c|âtbr|good record imo
|c|âtbr|lmao
|c|âiDestructioNx|u suck bro
|c|âiDestructioNx|tbh
|c|âiDestructioNx|the other 5 are way better than u
|c|âtbr|you are only playing
|c|âiDestructioNx|thats why im paying less attention to u
|c|âiDestructioNx|your bad
|c|âtbr|two battles
|c|âtbr|LOL
|c|âtbr|nice lie
|c|âiDestructioNx|not worthy off attention
|c|âtbr|learn to play
|c|âtbr|then to lie
|c|âtbr|then you can suck a dick
|c|âtbr|pretty much that sums up your future
|
|move|p2a: Latios|Psyshock|p1a: Heatran
|-resisted|p1a: Heatran
|-damage|p1a: Heatran|128\/386
|-damage|p2a: Latios|204\/301|[from] item: Life Orb
|move|p1a: Heatran|Toxic|p2a: Latios
|-status|p2a: Latios|tox
|
|-heal|p1a: Heatran|152\/386|[from] item: Leftovers
|-damage|p2a: Latios|186\/301 tox|[from] psn
|turn|20
|c|âiDestructioNx|i finished the other 4 clown
|c|âiDestructioNx|dam u sthat stupid
|c|âiDestructioNx|u dum af
|c|âtbr|if you want
|c|âtbr|i can teach you how to play
|c|âtbr|just ask for it
|c|âtbr|at b101
|c|âtbr|because man
|c|âiDestructioNx|u suck
|c|âtbr|really
|
|move|p1a: Heatran|Protect|p1a: Heatran
|-singleturn|p1a: Heatran|Protect
|move|p2a: Latios|Draco Meteor|p1a: Heatran
|-activate|p1a: Heatran|Protect
|
|-heal|p1a: Heatran|176\/386|[from] item: Leftovers
|-damage|p2a: Latios|150\/301 tox|[from] psn
|turn|21
|c|âiDestructioNx|and check this out
|c|âtbr|you are soooooo bad
|c|âiDestructioNx|i can ban you from this site permately
|c|âiDestructioNx|u knew that?
|c|âiDestructioNx|or u wanna find out
|
|move|p2a: Latios|Psyshock|p1a: Heatran
|-resisted|p1a: Heatran
|-damage|p1a: Heatran|94\/386
|-damage|p2a: Latios|120\/301 tox|[from] item: Life Orb
|move|p1a: Heatran|Lava Plume|p2a: Latios
|-resisted|p2a: Latios
|-damage|p2a: Latios|64\/301 tox
|
|-heal|p1a: Heatran|118\/386|[from] item: Leftovers
|-damage|p2a: Latios|10\/301 tox|[from] psn
|turn|22
|-message|iDestructioNx forfeited.
|leave|iDestructioNx
|
|win|tbr
|raw|Ladder updating...
|player|p2
|raw|tbr's rating: 1427 &rarr; <strong>1444<\/strong><br \/>(+17 for winning)
|raw|iDestructioNx's rating: 1373 &rarr; <strong>1356<\/strong><br \/>(-17 for losing)
|c|âtbr|like i care :{