|join|yun0 gasai
|join|NocturOP
|player|p1|yun0 gasai|101
|player|p2|NocturOP|162
|gametype|singles
|gen|6
|tier|UU
|rated
|rule|Sleep Clause Mod: Limit one foe put to sleep
|rule|Species Clause: Limit one of each PokÃ©mon
|rule|OHKO Clause: OHKO moves are banned
|rule|Moody Clause: Moody is banned
|rule|Evasion Moves Clause: Evasion moves are banned
|rule|Endless Battle Clause: Forcing endless battles is banned
|rule|HP Percentage Mod: HP is shown in percentages
|clearpoke
|poke|p1|Beedrill, M
|poke|p1|Shaymin
|poke|p1|Empoleon, M
|poke|p1|Donphan, M
|poke|p1|Raikou
|poke|p1|Suicune
|poke|p2|Swampert, F
|poke|p2|Chandelure, F
|poke|p2|Tornadus, M
|poke|p2|Slurpuff, M
|poke|p2|Ampharos, M
|poke|p2|Jirachi
|rule|Swagger Clause: Swagger is banned
|rule|Baton Pass Clause: Limit one PokÃ©mon knowing Baton Pass
|teampreview
|join|dodmen
|join|Over Under Used
|
|start
|switch|p1a: Suicune|Suicune|404\/404
|switch|p2a: Swampert|Swampert, F|403\/403
|-ability|p1a: Suicune|Pressure
|turn|1
|leave|Over Under Used
|
|move|p1a: Suicune|Calm Mind|p1a: Suicune
|-boost|p1a: Suicune|spa|1
|-boost|p1a: Suicune|spd|1
|move|p2a: Swampert|Toxic|p1a: Suicune|[miss]
|-miss|p2a: Swampert|p1a: Suicune
|
|turn|2
|join|Over Under Used
|
|move|p1a: Suicune|Scald|p2a: Swampert
|-damage|p2a: Swampert|255\/403
|move|p2a: Swampert|Stealth Rock|p1a: Suicune
|-sidestart|p1: yun0 gasai|move: Stealth Rock
|
|-heal|p2a: Swampert|280\/403|[from] item: Leftovers
|turn|3
|
|move|p1a: Suicune|Scald|p2a: Swampert
|-damage|p2a: Swampert|136\/403
|move|p2a: Swampert|Toxic|p1a: Suicune
|-status|p1a: Suicune|tox
|
|-heal|p2a: Swampert|161\/403|[from] item: Leftovers
|-damage|p1a: Suicune|379\/404 tox|[from] psn
|turn|4
|leave|Over Under Used
|
|move|p1a: Suicune|Scald|p2a: Swampert
|-damage|p2a: Swampert|16\/403
|-status|p2a: Swampert|brn
|move|p2a: Swampert|Earthquake|p1a: Suicune
|-damage|p1a: Suicune|339\/404 tox
|
|-heal|p1a: Suicune|364\/404 tox|[from] item: Leftovers
|-heal|p2a: Swampert|41\/403 brn|[from] item: Leftovers
|-damage|p1a: Suicune|314\/404 tox|[from] psn
|-damage|p2a: Swampert|0 fnt|[from] brn
|faint|p2a: Swampert
|c|âyun0 gasai|0
|
|switch|p2a: Ampharos|Ampharos, M|373\/373
|turn|5
|join|roast toast
|join|YeLlOw...SkArMoRy
|join|Shit user
|
|switch|p1a: Donphan|Donphan, M|384\/384
|-damage|p1a: Donphan|360\/384|[from] Stealth Rock
|detailschange|p2a: Ampharos|Ampharos-Mega, M
|message|Ampharos has Mega Evolved into Mega Ampharos!
|-ability|p2a: Ampharos|Mold Breaker
|move|p2a: Ampharos|Dragon Pulse|p1a: Donphan
|-damage|p1a: Donphan|162\/384
|
|turn|6
|
|move|p2a: Ampharos|Dragon Pulse|p1a: Donphan
|-damage|p1a: Donphan|0 fnt
|faint|p1a: Donphan
|
|c|âyun0 gasai|.
|c|+dodmen|nice ground type
|c| Shit user|get shrekt
|c| Shit user|nice
|c| Shit user|av
|c| Shit user|nice
|c|âyun0 gasai|wtf is that
|c| roast toast|av donphan
|c| Shit user|av
|c|âyun0 gasai|max speed
|c| YeLlOw...SkArMoRy|not a counter
|c| Shit user|is that what
|c| Shit user|av donphan
|c| Shit user|does
|c| Shit user|die?
|join|Doctor Ciel
|c| Shit user|xDDD
|c|+dodmen|lolol
|
|switch|p1a: Shaymin|Shaymin|341\/341
|-damage|p1a: Shaymin|299\/341|[from] Stealth Rock
|turn|7
|c|+dodmen|i beat u don't even have ice shard scrub!
|
|switch|p2a: Tornadus|Tornadus, M|299\/299
|move|p1a: Shaymin|Earth Power|p2a: Tornadus
|-immune|p2a: Tornadus|[msg]
|
|turn|8
|
|switch|p1a: Empoleon|Empoleon, M|369\/369
|-damage|p1a: Empoleon|346\/369|[from] Stealth Rock
|move|p2a: Tornadus|Hurricane|p1a: Empoleon
|-resisted|p1a: Empoleon
|-damage|p1a: Empoleon|239\/369
|-damage|p2a: Tornadus|270\/299|[from] item: Life Orb
|
|turn|9
|c| Shit user|he has head smash
|c|+dodmen|hit
|
|switch|p2a: Ampharos|Ampharos-Mega, M|373\/373
|-ability|p2a: Ampharos|Mold Breaker
|switch|p1a: Raikou|Raikou|321\/321
|-damage|p1a: Raikou|281\/321|[from] Stealth Rock
|-ability|p1a: Raikou|Pressure
|
|turn|10
|c| YeLlOw...SkArMoRy|YA
|c| Shit user|limitless used head smash and hes really good
|
|move|p1a: Raikou|Hidden Power|p2a: Ampharos
|-supereffective|p2a: Ampharos
|-damage|p2a: Ampharos|259\/373
|move|p2a: Ampharos|Volt Switch|p1a: Raikou
|-resisted|p1a: Raikou
|-damage|p1a: Raikou|209\/321
|c|+dodmen|SICK DMG
|
|switch|p2a: Chandelure|Chandelure, F|289\/289
|
|turn|11
|
|switch|p1a: Empoleon|Empoleon, M|239\/369
|-damage|p1a: Empoleon|216\/369|[from] Stealth Rock
|move|p2a: Chandelure|Shadow Ball|p1a: Empoleon
|-damage|p1a: Empoleon|80\/369
|-unboost|p1a: Empoleon|spd|1
|
|turn|12
|c| Shit user|is raikou av
|c| Shit user|too
|c|+dodmen|lmfao
|c|+dodmen|it's
|c|+dodmen|scarf
|
|move|p2a: Chandelure|Shadow Ball|p1a: Empoleon
|-damage|p1a: Empoleon|0 fnt
|faint|p1a: Empoleon
|
|c|+dodmen|raikou
|c| Shit user|good set
|join|Ernes
|
|switch|p1a: Beedrill|Beedrill, M|271\/271
|-damage|p1a: Beedrill|204\/271|[from] Stealth Rock
|turn|13
|
|detailschange|p1a: Beedrill|Beedrill-Mega, M
|message|Beedrill has Mega Evolved into Mega Beedrill!
|move|p1a: Beedrill|Protect|p1a: Beedrill
|-singleturn|p1a: Beedrill|Protect
|move|p2a: Chandelure|Substitute|p2a: Chandelure
|-start|p2a: Chandelure|Substitute
|-damage|p2a: Chandelure|217\/289
|
|-heal|p2a: Chandelure|235\/289|[from] item: Leftovers
|turn|14
|join|do u nate higgers
|c|âyun0 gasai|.
|c|+dodmen|ur
|c|+dodmen|dead
|
|move|p1a: Beedrill|U-turn|p2a: Chandelure
|-resisted|p2a: Chandelure
|-activate|p2a: Chandelure|Substitute|[damage]
|c|+dodmen|m8
|leave|YeLlOw...SkArMoRy
|c| Shit user|rekt
|c|+dodmen|LOLOL
|
|switch|p1a: Raikou|Raikou|209\/321
|-damage|p1a: Raikou|169\/321|[from] Stealth Rock
|-ability|p1a: Raikou|Pressure
|move|p2a: Chandelure|Flamethrower|p1a: Raikou
|-damage|p1a: Raikou|7\/321
|
|-heal|p2a: Chandelure|253\/289|[from] item: Leftovers
|turn|15
|c|âNocturOP|lmao
|c|âNocturOP|so easy
|c| Shit user|rekt x2
|c|âyun0 gasai|>so ez
|c|+dodmen|TOO EASY
|
|move|p1a: Raikou|Thunderbolt|p2a: Chandelure
|-end|p2a: Chandelure|Substitute
|move|p2a: Chandelure|Substitute|p2a: Chandelure
|-start|p2a: Chandelure|Substitute
|-damage|p2a: Chandelure|181\/289
|
|-heal|p2a: Chandelure|199\/289|[from] item: Leftovers
|turn|16
|c| Shit user|easiest win
|
|move|p1a: Raikou|Thunderbolt|p2a: Chandelure
|-end|p2a: Chandelure|Substitute
|move|p2a: Chandelure|Shadow Ball|p1a: Raikou
|-damage|p1a: Raikou|0 fnt
|faint|p1a: Raikou
|
|-heal|p2a: Chandelure|217\/289|[from] item: Leftovers
|c| Shit user|of his life
|leave|Doctor Ciel
|
|switch|p1a: Beedrill|Beedrill-Mega, M|204\/271
|-damage|p1a: Beedrill|137\/271|[from] Stealth Rock
|turn|17
|
|switch|p2a: Tornadus|Tornadus, M|270\/299
|move|p1a: Beedrill|Drill Run|p2a: Tornadus
|-immune|p2a: Tornadus|[msg]
|
|turn|18
|
|move|p1a: Beedrill|Poison Jab|p2a: Tornadus
|-damage|p2a: Tornadus|0 fnt
|faint|p2a: Tornadus
|
|
|switch|p2a: Jirachi|Jirachi|341\/341
|turn|19
|
|move|p1a: Beedrill|Protect|p1a: Beedrill
|-singleturn|p1a: Beedrill|Protect
|move|p2a: Jirachi|Fire Punch|p1a: Beedrill
|-activate|p1a: Beedrill|Protect
|
|turn|20
|join|GOOD JERB
|c| Shit user|i like your username
|
|switch|p2a: Ampharos|Ampharos-Mega, M|259\/373
|-ability|p2a: Ampharos|Mold Breaker
|switch|p1a: Suicune|Suicune|314\/404 tox
|-damage|p1a: Suicune|264\/404 tox|[from] Stealth Rock
|-ability|p1a: Suicune|Pressure
|
|-heal|p1a: Suicune|289\/404 tox|[from] item: Leftovers
|-damage|p1a: Suicune|264\/404 tox|[from] psn
|turn|21
|c|+dodmen|go to amph, yuno gasaidoesn't make players
|join|watermelonium
|c|+dodmen|omg
|c|+dodmen|fucking
|c|+dodmen|des
|c| Shit user|kek
|c|+dodmen|tro
|c|+dodmen|yed
|c|âNocturOP|ywy
|
|switch|p1a: Shaymin|Shaymin|299\/341
|-damage|p1a: Shaymin|257\/341|[from] Stealth Rock
|move|p2a: Ampharos|Dragon Pulse|p1a: Shaymin
|-damage|p1a: Shaymin|77\/341
|
|turn|22
|join|so dynamic
|c|+dodmen|no
|c|+dodmen|that was
|c|+dodmen|volt switch
|c|+dodmen|:((
|c|+dodmen|pls sack chandy
|
|switch|p2a: Chandelure|Chandelure, F|217\/289
|move|p1a: Shaymin|Earth Power|p2a: Chandelure
|-supereffective|p2a: Chandelure
|-damage|p2a: Chandelure|0 fnt
|-damage|p1a: Shaymin|43\/341|[from] item: Life Orb
|faint|p2a: Chandelure
|
|
|switch|p2a: Jirachi|Jirachi|341\/341
|turn|23
|
|move|p2a: Jirachi|U-turn|p1a: Shaymin
|-crit|p1a: Shaymin
|-supereffective|p1a: Shaymin
|-damage|p1a: Shaymin|0 fnt
|faint|p1a: Shaymin
|c| Ernes|isi geim?
|
|switch|p2a: Ampharos|Ampharos-Mega, M|259\/373
|-ability|p2a: Ampharos|Mold Breaker
|
|
|switch|p1a: Beedrill|Beedrill-Mega, M|137\/271
|-damage|p1a: Beedrill|70\/271|[from] Stealth Rock
|turn|24
|c| watermelonium|yh pretty much
|
|switch|p2a: Slurpuff|Slurpuff, M|324\/324
|move|p1a: Beedrill|Drill Run|p2a: Slurpuff
|-damage|p2a: Slurpuff|205\/324
|
|turn|25
|c|+dodmen|kek
|
|switch|p2a: Jirachi|Jirachi|341\/341
|move|p1a: Beedrill|Poison Jab|p2a: Jirachi
|-immune|p2a: Jirachi|[msg]
|
|turn|26
|c| watermelonium|choke
|c|+dodmen|KEK
|c| watermelonium|OML
|c|âNocturOP|ywy
|c| roast toast|not huge
|c| watermelonium|SBB UR SO FUCKING BAD
|
|move|p1a: Beedrill|Protect|p1a: Beedrill
|-singleturn|p1a: Beedrill|Protect
|move|p2a: Jirachi|Iron Head|p1a: Beedrill
|-activate|p1a: Beedrill|Protect
|
|turn|27
|c|âyun0 gasai|sry i cant read minds
|c| watermelonium|THAT WAS SO UFKCING ABOVIOUS
|
|move|p2a: Jirachi|Iron Head|p1a: Beedrill
|-damage|p1a: Beedrill|0 fnt
|faint|p1a: Beedrill
|
|
|switch|p1a: Suicune|Suicune|264\/404 tox
|-damage|p1a: Suicune|214\/404 tox|[from] Stealth Rock
|-ability|p1a: Suicune|Pressure
|turn|28
|
|move|p2a: Jirachi|Iron Head|p1a: Suicune
|-resisted|p1a: Suicune
|-damage|p1a: Suicune|174\/404 tox
|cant|p1a: Suicune|flinch
|
|-heal|p1a: Suicune|199\/404 tox|[from] item: Leftovers
|-damage|p1a: Suicune|174\/404 tox|[from] psn
|turn|29
|c| watermelonium|I WAS ABOUT TO SAY CHOKE AND DOUBLE TO JIRACHI
|c| watermelonium|AND HE ACTUALLY DID IT
|
|move|p2a: Jirachi|Iron Head|p1a: Suicune
|-resisted|p1a: Suicune
|-damage|p1a: Suicune|132\/404 tox
|move|p1a: Suicune|Calm Mind|p1a: Suicune
|-boost|p1a: Suicune|spa|1
|-boost|p1a: Suicune|spd|1
|
|-heal|p1a: Suicune|157\/404 tox|[from] item: Leftovers
|-damage|p1a: Suicune|107\/404 tox|[from] psn
|turn|30
|c| watermelonium|AFHOISGH
|c| watermelonium|HSOGHOS
|c| watermelonium|HSGPOHSP
|
|move|p2a: Jirachi|Iron Head|p1a: Suicune
|-resisted|p1a: Suicune
|-damage|p1a: Suicune|71\/404 tox
|move|p1a: Suicune|Rest|p1a: Suicune
|-status|p1a: Suicune|slp
|-heal|p1a: Suicune|404\/404 slp|[silent]
|-status|p1a: Suicune|slp|[from] move: Rest
|
|turn|31
|c|+dodmen|epic
|
|switch|p2a: Ampharos|Ampharos-Mega, M|259\/373
|-ability|p2a: Ampharos|Mold Breaker
|cant|p1a: Suicune|slp
|move|p1a: Suicune|Sleep Talk|p1a: Suicune
|move|p1a: Suicune|Rest|p1a: Suicune|[from]Sleep Talk
|-fail|p1a: Suicune
|
|turn|32
|leave|so dynamic
|
|cant|p1a: Suicune|slp
|move|p1a: Suicune|Sleep Talk|p1a: Suicune
|move|p1a: Suicune|Calm Mind|p1a: Suicune|[from]Sleep Talk
|-boost|p1a: Suicune|spa|1
|-boost|p1a: Suicune|spd|1
|move|p2a: Ampharos|Volt Switch|p1a: Suicune
|-supereffective|p1a: Suicune
|-damage|p1a: Suicune|272\/404 slp
|c| roast toast|not even bad
|c|âyun0 gasai|epic
|c| watermelonium|ebin
|
|switch|p2a: Jirachi|Jirachi|341\/341
|
|-heal|p1a: Suicune|297\/404 slp|[from] item: Leftovers
|turn|33
|c|âyun0 gasai|now stfu
|c|âyun0 gasai|all of you gays
|c| watermelonium|im so fucking gay
|
|move|p2a: Jirachi|Trick|p1a: Suicune
|-activate|p2a: Jirachi|move: Trick|[of] p1a: Suicune
|-item|p1a: Suicune|Choice Scarf|[from] move: Trick
|-item|p2a: Jirachi|Leftovers|[from] move: Trick
|-curestatus|p1a: Suicune|slp
|move|p1a: Suicune|Scald|p2a: Jirachi
|-damage|p2a: Jirachi|166\/341
|-status|p2a: Jirachi|brn
|
|-heal|p2a: Jirachi|187\/341 brn|[from] item: Leftovers
|-damage|p2a: Jirachi|145\/341 brn|[from] brn
|turn|34
|c| watermelonium|deal with it
|c| Shit user|sleep talk
|c| Shit user|sleep talk
|c| Shit user|sleep talk
|c|+dodmen|OF COARSE
|c| watermelonium|ebin
|
|move|p2a: Jirachi|Iron Head|p1a: Suicune
|-crit|p1a: Suicune
|-resisted|p1a: Suicune
|-damage|p1a: Suicune|267\/404
|cant|p1a: Suicune|flinch
|
|-heal|p2a: Jirachi|166\/341 brn|[from] item: Leftovers
|-damage|p2a: Jirachi|124\/341 brn|[from] brn
|turn|35
|c| Shit user|THE
|c|+dodmen|wtf
|c| watermelonium|lmao
|c| Shit user|CRIT
|c| Shit user|GG
|c| watermelonium|you still dont outspeed
|
|move|p2a: Jirachi|Iron Head|p1a: Suicune
|-resisted|p1a: Suicune
|-damage|p1a: Suicune|246\/404
|cant|p1a: Suicune|flinch
|
|-heal|p2a: Jirachi|145\/341 brn|[from] item: Leftovers
|-damage|p2a: Jirachi|103\/341 brn|[from] brn
|turn|36
|c|+dodmen|not EVing to outspeed this
|join|ForeverCubone
|
|move|p2a: Jirachi|Iron Head|p1a: Suicune
|-crit|p1a: Suicune
|-resisted|p1a: Suicune
|-damage|p1a: Suicune|214\/404
|move|p1a: Suicune|Scald|p2a: Jirachi
|-damage|p2a: Jirachi|0 fnt
|faint|p2a: Jirachi
|
|c|âyun0 gasai|stop haxing me
|c|âyun0 gasai|nigga
|
|switch|p2a: Slurpuff|Slurpuff, M|205\/324
|turn|37
|
|move|p1a: Suicune|Scald|p2a: Slurpuff
|-damage|p2a: Slurpuff|0 fnt
|faint|p2a: Slurpuff
|
|
|switch|p2a: Ampharos|Ampharos-Mega, M|259\/373
|-ability|p2a: Ampharos|Mold Breaker
|turn|38
|
|move|p1a: Suicune|Scald|p2a: Ampharos
|-resisted|p2a: Ampharos
|-damage|p2a: Ampharos|184\/373
|move|p2a: Ampharos|Thunderbolt|p1a: Suicune
|-supereffective|p1a: Suicune
|-damage|p1a: Suicune|34\/404
|
|turn|39
|c| watermelonium|hax
|c| watermelonium|smh
|c| ForeverCubone|dommage
|c| Shit user|âNocturOP: lmao
|c| ForeverCubone|smh gg
|c| Shit user|âNocturOP: so easy
|c| Shit user|rekt
|c|+dodmen|rekt
|c| ForeverCubone|rekt
|
|move|p1a: Suicune|Scald|p2a: Ampharos
|-resisted|p2a: Ampharos
|-damage|p2a: Ampharos|103\/373
|move|p2a: Ampharos|Volt Switch|p1a: Suicune
|-crit|p1a: Suicune
|-supereffective|p1a: Suicune
|-damage|p1a: Suicune|0 fnt
|faint|p1a: Suicune
|
|win|NocturOP
|raw|Ladder updating...
|c| roast toast|double crit + burn
|c| Shit user|i had that saved for when you won
|c| roast toast|woulda won
|c| Shit user|but rip
|leave|yun0 gasai
|player|p1
|c|+dodmen|EK
|raw|yun0 gasai's rating: 1205 &rarr; <strong>1180<\/strong><br \/>(-25 for losing)
|raw|NocturOP's rating: 1212 &rarr; <strong>1237<\/strong><br \/>(+25 for winning)
|c|+dodmen|E
|c|+dodmen|K
|c|+dodmen|KE
|c|+dodmen|KE