|join|Vaporeon for Ubers
|join|Yun0 Gasai
|player|p1|Vaporeon for Ubers|168
|player|p2|Yun0 Gasai|1
|gametype|singles
|gen|6
|tier|UU
|rule|Sleep Clause Mod: Limit one foe put to sleep
|rule|Species Clause: Limit one of each PokÃ©mon
|rule|OHKO Clause: OHKO moves are banned
|rule|Moody Clause: Moody is banned
|rule|Evasion Moves Clause: Evasion moves are banned
|rule|Endless Battle Clause: Forcing endless battles is banned
|rule|HP Percentage Mod: HP is shown in percentages
|clearpoke
|poke|p1|Machamp, F
|poke|p1|Jirachi
|poke|p1|Vaporeon, F
|poke|p1|Crobat, F
|poke|p1|Hydreigon, M
|poke|p1|Nidoqueen, F
|poke|p2|Serperior, M
|poke|p2|Aerodactyl, F
|poke|p2|Swampert, F
|poke|p2|Machamp, M
|poke|p2|Hydreigon, M
|poke|p2|Forretress, M
|rule|Swagger Clause: Swagger is banned
|rule|Baton Pass Clause: Limit one PokÃ©mon knowing Baton Pass
|teampreview
|c|âVaporeon for Ubers|gl hf
|c|âYun0 Gasai|Vapor Locked
|c|âYun0 Gasai|vaporeon for ubers*
|join|xShiba
|c|âYun0 Gasai|cute user
|c|âVaporeon for Ubers|:^]
|c|âYun0 Gasai|kek
|c| xShiba|ew
|c|âVaporeon for Ubers|o
|c|âVaporeon for Ubers|hi sbb
|join|yearoflight
|c|âYun0 Gasai|hi
|c|âVaporeon for Ubers|wow ur team has a lot for
|c|âVaporeon for Ubers|fighting spam
|c|âVaporeon for Ubers|like, a __lot__
|c|âVaporeon for Ubers|doesnt scarf mien like 6-0 u
|c|âYun0 Gasai|n
|c|âYun0 Gasai|i have a plan
|c|âVaporeon for Ubers|o ok
|c|âYun0 Gasai|which involves
|c|âYun0 Gasai|changing the team
|c|âYun0 Gasai|next match
|c|âVaporeon for Ubers|kek
|
|start
|switch|p1a: champ'ed what els|Machamp, F|343\/343
|switch|p2a: Machamp|Machamp, M|364\/364
|turn|1
|c|âVaporeon for Ubers|>implying you'll make it that far
|c|âVaporeon for Ubers|:^]]]]
|c|âVaporeon for Ubers|lets see
|c|âVaporeon for Ubers|who creeped harder
|c|âYun0 Gasai|ure not real enough
|c|âYun0 Gasai|m8
|c|âVaporeon for Ubers|im
|c|âVaporeon for Ubers|252
|c|âVaporeon for Ubers|js
|
|switch|p1a: Batman XDD|Crobat, F|369\/369
|switch|p2a: Forretress|Forretress, M|354\/354
|
|turn|2
|c|âVaporeon for Ubers|oh ok
|c|âYun0 Gasai|scurred
|c|âVaporeon for Ubers|i creeped harder
|c|âYun0 Gasai|imo
|c|âVaporeon for Ubers|good to know
|
|move|p1a: Batman XDD|U-turn|p2a: Forretress
|-resisted|p2a: Forretress
|-damage|p2a: Forretress|339\/354
|c|âYun0 Gasai|k i had
|c|âYun0 Gasai|a queen
|c|âYun0 Gasai|over forry
|c|âYun0 Gasai|but then i needed spin
|c|âYun0 Gasai|so i switched it up
|c|âYun0 Gasai|bad
|c|âYun0 Gasai|gonna remove hydra
|
|switch|p1a: wanna yiff|Hydreigon, M|325\/325
|move|p2a: Forretress|Spikes|p1a: wanna yiff
|-sidestart|p1: Vaporeon for Ubers|Spikes
|
|-heal|p2a: Forretress|354\/354|[from] item: Leftovers
|turn|3
|
|switch|p2a: Machamp|Machamp, M|364\/364
|move|p1a: wanna yiff|Dark Pulse|p2a: Machamp
|-crit|p2a: Machamp
|-resisted|p2a: Machamp
|-damage|p2a: Machamp|240\/364
|
|turn|4
|c|âYun0 Gasai|bs
|c|âVaporeon for Ubers|oml
|c|âVaporeon for Ubers|r u
|c|âVaporeon for Ubers|meme punch
|c|âYun0 Gasai|kekeke
|c|âVaporeon for Ubers|av
|c|âYun0 Gasai|am i
|c|âVaporeon for Ubers|meme
|
|switch|p1a: Batman XDD|Crobat, F|369\/369
|move|p2a: Machamp|Knock Off|p1a: Batman XDD
|-damage|p1a: Batman XDD|218\/369
|-enditem|p1a: Batman XDD|Black Sludge|[from] move: Knock Off|[of] p2a: Machamp
|
|turn|5
|c|âVaporeon for Ubers|punch
|c|âYun0 Gasai|am
|c|âYun0 Gasai|i
|
|switch|p2a: Aerodactyl|Aerodactyl, F|301\/301
|move|p1a: Batman XDD|U-turn|p2a: Aerodactyl
|-crit|p2a: Aerodactyl
|-resisted|p2a: Aerodactyl
|-damage|p2a: Aerodactyl|246\/301
|c|âYun0 Gasai|STOP
|
|switch|p1a: wanna yiff|Hydreigon, M|325\/325
|
|turn|6
|
|detailschange|p2a: Aerodactyl|Aerodactyl-Mega, F
|-mega|p2a: Aerodactyl|Aerodactyl|Aerodactylite
|move|p2a: Aerodactyl|Roost|p2a: Aerodactyl
|-heal|p2a: Aerodactyl|301\/301
|move|p1a: wanna yiff|Draco Meteor|p2a: Aerodactyl
|-damage|p2a: Aerodactyl|0 fnt
|-unboost|p1a: wanna yiff|spa|2
|faint|p2a: Aerodactyl
|
|c|âVaporeon for Ubers|good
|c|âVaporeon for Ubers|play
|c|âYun0 Gasai|wtf
|join|Druides
|c|âYun0 Gasai|specs
|c|âVaporeon for Ubers|:^))))))
|c|âYun0 Gasai|what gay ass wigger
|c|âYun0 Gasai|runs that
|c|âVaporeon for Ubers|this gay ass wigger
|
|switch|p2a: Machamp|Machamp, M|240\/364
|turn|7
|join|Ary
|c| Ary|anyone who wants a nuke for their balance team?
|
|switch|p1a: Meghan Trainor|Nidoqueen, F|351\/351
|-damage|p1a: Meghan Trainor|308\/351|[from] Spikes
|move|p2a: Machamp|Ice Punch|p1a: Meghan Trainor
|-supereffective|p1a: Meghan Trainor
|-damage|p1a: Meghan Trainor|96\/351
|
|turn|8
|c| Ary|fucking
|c| Ary|donked
|c| Ary|tbh
|c| Ary|t-t-t-t-t-tbh
|c|âYun0 Gasai|should had predicted
|
|move|p1a: Meghan Trainor|Earth Power|p2a: Machamp
|-damage|p2a: Machamp|96\/364
|move|p2a: Machamp|Ice Punch|p1a: Meghan Trainor
|-supereffective|p1a: Meghan Trainor
|-damage|p1a: Meghan Trainor|0 fnt
|faint|p1a: Meghan Trainor
|
|c|âYun0 Gasai|the bad hydreigon set
|c|âYun0 Gasai|tbh
|
|switch|p1a: wanna yiff|Hydreigon, M|325\/325
|turn|9
|join|Breeloom
|
|move|p1a: wanna yiff|Draco Meteor|p2a: Machamp
|-damage|p2a: Machamp|0 fnt
|-unboost|p1a: wanna yiff|spa|2
|faint|p2a: Machamp
|
|
|switch|p2a: Hydreigon|Hydreigon, M|325\/325
|turn|10
|
|switch|p1a: rip politoed|Vaporeon, F|452\/452
|-damage|p1a: rip politoed|396\/452|[from] Spikes
|move|p2a: Hydreigon|U-turn|p1a: rip politoed
|-damage|p1a: rip politoed|337\/452
|join|z0mOG
|
|switch|p2a: Serperior|Serperior, M|291\/291
|
|-heal|p1a: rip politoed|365\/452|[from] item: Leftovers
|turn|11
|
|switch|p1a: im a douche|Jirachi|341\/341
|-damage|p1a: im a douche|299\/341|[from] Spikes
|move|p2a: Serperior|Glare|p1a: im a douche
|-status|p1a: im a douche|par
|
|turn|12
|c| Breeloom|welp
|
|move|p2a: Serperior|Leaf Storm|p1a: im a douche
|-resisted|p1a: im a douche
|-damage|p1a: im a douche|211\/341 par
|-boost|p2a: Serperior|spa|2
|move|p1a: im a douche|U-turn|p2a: Serperior
|-supereffective|p2a: Serperior
|-damage|p2a: Serperior|133\/291
|c|âVaporeon for Ubers|im guts ...
|c|âYun0 Gasai|lies
|
|switch|p1a: Batman XDD|Crobat, F|218\/369
|
|turn|13
|leave|Ary
|
|switch|p2a: Swampert|Swampert, F|404\/404
|move|p1a: Batman XDD|U-turn|p2a: Swampert
|-crit|p2a: Swampert
|-damage|p2a: Swampert|342\/404
|c|âYun0 Gasai|fuk this
|c|âYun0 Gasai|is the actual batman
|leave|z0mOG
|
|switch|p1a: wanna yiff|Hydreigon, M|325\/325
|
|-heal|p2a: Swampert|367\/404|[from] item: Leftovers
|turn|14
|c|âVaporeon for Ubers|XDD
|c|âVaporeon for Ubers|catch this death
|
|move|p1a: wanna yiff|Draco Meteor|p2a: Swampert
|-damage|p2a: Swampert|28\/404
|-unboost|p1a: wanna yiff|spa|2
|move|p2a: Swampert|Stealth Rock|p1a: wanna yiff
|-sidestart|p1: Vaporeon for Ubers|move: Stealth Rock
|
|-heal|p2a: Swampert|53\/404|[from] item: Leftovers
|turn|15
|c| Breeloom|catch this max spdef mirror coat
|c|âYun0 Gasai|n
|c|âVaporeon for Ubers|>
|
|move|p1a: wanna yiff|Draco Meteor|p2a: Swampert
|-crit|p2a: Swampert
|-damage|p2a: Swampert|0 fnt
|-unboost|p1a: wanna yiff|spa|2
|faint|p2a: Swampert
|
|
|switch|p2a: Hydreigon|Hydreigon, M|325\/325
|turn|16
|
|switch|p1a: im a douche|Jirachi|211\/341 par
|-damage|p1a: im a douche|169\/341 par|[from] Spikes
|-damage|p1a: im a douche|148\/341 par|[from] Stealth Rock
|move|p2a: Hydreigon|Draco Meteor|p1a: im a douche
|-resisted|p1a: im a douche
|-damage|p1a: im a douche|28\/341 par
|-unboost|p2a: Hydreigon|spa|2
|
|turn|17
|
|move|p2a: Hydreigon|Draco Meteor|p1a: im a douche
|-resisted|p1a: im a douche
|-damage|p1a: im a douche|0 fnt
|-unboost|p2a: Hydreigon|spa|2
|faint|p1a: im a douche
|
|
|switch|p1a: champ'ed what els|Machamp, F|343\/343
|-damage|p1a: champ'ed what els|322\/343|[from] Stealth Rock
|-damage|p1a: champ'ed what els|280\/343|[from] Spikes
|turn|18
|
|switch|p2a: Forretress|Forretress, M|354\/354
|move|p1a: champ'ed what els|Close Combat|p2a: Forretress
|-damage|p2a: Forretress|159\/354
|-unboost|p1a: champ'ed what els|def|1
|-unboost|p1a: champ'ed what els|spd|1
|
|-heal|p2a: Forretress|181\/354|[from] item: Leftovers
|turn|19
|
|move|p1a: champ'ed what els|Close Combat|p2a: Forretress
|-damage|p2a: Forretress|0 fnt
|-unboost|p1a: champ'ed what els|def|1
|-unboost|p1a: champ'ed what els|spd|1
|faint|p2a: Forretress
|
|c|âYun0 Gasai|thats broken
|c|âYun0 Gasai|tbh
|c| Breeloom|nice choiced mons..
|
|switch|p2a: Serperior|Serperior, M|133\/291
|turn|20
|join|Pure Soul Child
|
|move|p2a: Serperior|Leaf Storm|p1a: champ'ed what els
|-crit|p1a: champ'ed what els
|-damage|p1a: champ'ed what els|0 fnt
|-boost|p2a: Serperior|spa|2
|faint|p1a: champ'ed what els
|
|join|Bulma's Panties
|c|âVaporeon for Ubers|>crit
|
|switch|p1a: Batman XDD|Crobat, F|218\/369
|-damage|p1a: Batman XDD|126\/369|[from] Stealth Rock
|turn|21
|c| Breeloom|rip
|c| Breeloom|predict roost!
|join|asdzcx
|c|âYun0 Gasai|thats
|c|âYun0 Gasai|what im thinking
|c|âYun0 Gasai|does it live dpulse
|c|âVaporeon for Ubers|idk
|c|âVaporeon for Ubers|lets see
|c| Pure Soul Child|cro is faster
|c|âYun0 Gasai|r u dumb
|c|âYun0 Gasai|m8
|c| Pure Soul Child|doesnt cro just kill
|
|switch|p2a: Hydreigon|Hydreigon, M|325\/325
|move|p1a: Batman XDD|Defog|p2a: Hydreigon
|-unboost|p2a: Hydreigon|evasion|1
|-sideend|p1: Vaporeon for Ubers|Spikes|[from] move: Defog|[of] p1a: Batman XDD
|-sideend|p1: Vaporeon for Ubers|Stealth Rock|[from] move: Defog|[of] p1a: Batman XDD
|
|turn|22
|c|âYun0 Gasai|wait
|c|âYun0 Gasai|u defoged
|c|âYun0 Gasai|isntead of roosting
|c|âVaporeon for Ubers|im real
|c|âYun0 Gasai|r u
|c|âYun0 Gasai|mental
|c|âYun0 Gasai|geller
|c|âVaporeon for Ubers|no r u
|c| Pure Soul Child|dont judge lol the game isnt over yet
|c|âYun0 Gasai|the game was over
|c|âYun0 Gasai|if i had dpulsed
|c|âYun0 Gasai|because he didnt roost
|c| Pure Soul Child|it was 50 50
|c|âYun0 Gasai|no
|c| Pure Soul Child|pick your move
|c|âYun0 Gasai|he should had roosted
|
|switch|p1a: rip politoed|Vaporeon, F|365\/452
|move|p2a: Hydreigon|Draco Meteor|p1a: rip politoed
|-crit|p1a: rip politoed
|-damage|p1a: rip politoed|74\/452
|-unboost|p2a: Hydreigon|spa|2
|
|-heal|p1a: rip politoed|102\/452|[from] item: Leftovers
|turn|23
|c|âYun0 Gasai|because dpulse doesnt kill
|join|Cnorth26
|c|âYun0 Gasai|didnt sack hydreigon
|c|âYun0 Gasai|instead went to vapreon
|c|âYun0 Gasai|epic
|c|âVaporeon for Ubers|good crit
|c|âYun0 Gasai|youre playing so bad
|
|switch|p2a: Serperior|Serperior, M|133\/291
|move|p1a: rip politoed|Wish|p1a: rip politoed
|
|-heal|p1a: rip politoed|130\/452|[from] item: Leftovers
|turn|24
|c|âYun0 Gasai|i just needed a fight resist
|
|move|p1a: rip politoed|Protect|p1a: rip politoed
|-singleturn|p1a: rip politoed|Protect
|move|p2a: Serperior|Synthesis|p2a: Serperior
|-heal|p2a: Serperior|278\/291
|
|-heal|p1a: rip politoed|356\/452|[from] move: Wish|[wisher] rip politoed
|-heal|p1a: rip politoed|384\/452|[from] item: Leftovers
|turn|25
|
|switch|p2a: Hydreigon|Hydreigon, M|325\/325
|switch|p1a: wanna yiff|Hydreigon, M|325\/325
|
|turn|26
|join|Kyla's Nightmare
|
|switch|p1a: rip politoed|Vaporeon, F|384\/452
|move|p2a: Hydreigon|Draco Meteor|p1a: rip politoed
|-damage|p1a: rip politoed|173\/452
|-unboost|p2a: Hydreigon|spa|2
|
|-heal|p1a: rip politoed|201\/452|[from] item: Leftovers
|turn|27
|
|switch|p2a: Serperior|Serperior, M|278\/291
|move|p1a: rip politoed|Wish|p1a: rip politoed
|
|-heal|p1a: rip politoed|229\/452|[from] item: Leftovers
|turn|28
|
|switch|p1a: Batman XDD|Crobat, F|126\/369
|move|p2a: Serperior|Glare|p1a: Batman XDD
|-status|p1a: Batman XDD|par
|
|-heal|p1a: Batman XDD|352\/369 par|[from] move: Wish|[wisher] rip politoed
|turn|29
|
|switch|p2a: Hydreigon|Hydreigon, M|325\/325
|move|p1a: Batman XDD|U-turn|p2a: Hydreigon
|-supereffective|p2a: Hydreigon
|-damage|p2a: Hydreigon|205\/325
|
|switch|p1a: wanna yiff|Hydreigon, M|325\/325
|
|turn|30
|c|âVaporeon for Ubers|lets get this speed tie out of the way
|
|move|p2a: Hydreigon|Draco Meteor|p1a: wanna yiff
|-supereffective|p1a: wanna yiff
|-damage|p1a: wanna yiff|0 fnt
|-unboost|p2a: Hydreigon|spa|2
|faint|p1a: wanna yiff
|
|c|âVaporeon for Ubers|ok
|c|âVaporeon for Ubers|ur bad
|c|âYun0 Gasai|im
|c|âYun0 Gasai|wtf i was going to do
|c|âYun0 Gasai|uturn and lose serp then get walled
|
|switch|p1a: rip politoed|Vaporeon, F|229\/452
|turn|31
|c|âVaporeon for Ubers|w8
|c|âVaporeon for Ubers|i thought
|c|âVaporeon for Ubers|that was specs damage
|c|âYun0 Gasai|,
|c|âVaporeon for Ubers|LMFAOO
|c|âYun0 Gasai|no one runs specs
|c|âVaporeon for Ubers|im fucking bad
|c|âYun0 Gasai|except u
|c|âYun0 Gasai|because its
|c|âYun0 Gasai|shit set
|
|switch|p2a: Serperior|Serperior, M|278\/291
|move|p1a: rip politoed|Baton Pass|p1a: rip politoed
|
|switch|p1a: Batman XDD|Crobat, F|352\/369 par
|
|turn|32
|
|move|p2a: Serperior|Dragon Pulse|p1a: Batman XDD
|-damage|p1a: Batman XDD|262\/369 par
|move|p1a: Batman XDD|Brave Bird|p2a: Serperior
|-supereffective|p2a: Serperior
|-damage|p2a: Serperior|6\/291
|-damage|p1a: Batman XDD|172\/369 par|[from] recoil|[of] p2a: Serperior
|
|turn|33
|
|move|p2a: Serperior|Synthesis|p2a: Serperior
|-heal|p2a: Serperior|151\/291
|cant|p1a: Batman XDD|par
|
|turn|34
|
|switch|p2a: Hydreigon|Hydreigon, M|205\/325
|cant|p1a: Batman XDD|par
|
|turn|35
|c|âYun0 Gasai|mfw
|-message|Vaporeon for Ubers forfeited.
|leave|Vaporeon for Ubers
|
|win|Yun0 Gasai
|leave|Yun0 Gasai
|player|p1
|leave|asdzcx
|leave|Pure Soul Child
|player|p2