|join|Yun0 Gasai
|join|JacobAsAlways
|player|p1|Yun0 Gasai|102
|player|p2|JacobAsAlways|170
|gametype|singles
|gen|6
|tier|UU
|rated
|rule|Sleep Clause Mod: Limit one foe put to sleep
|rule|Species Clause: Limit one of each PokÃ©mon
|rule|OHKO Clause: OHKO moves are banned
|rule|Moody Clause: Moody is banned
|rule|Evasion Moves Clause: Evasion moves are banned
|rule|Endless Battle Clause: Forcing endless battles is banned
|rule|HP Percentage Mod: HP is shown in percentages
|clearpoke
|poke|p1|Serperior, F
|poke|p1|Aggron, M
|poke|p1|Slowking, M
|poke|p1|Krookodile, M
|poke|p1|Florges, F
|poke|p1|Mienshao, M
|poke|p2|Serperior, F
|poke|p2|Aggron, F
|poke|p2|Vaporeon, M
|poke|p2|Infernape, F
|poke|p2|Raikou
|poke|p2|Cresselia, F
|rule|Swagger Clause: Swagger is banned
|rule|Baton Pass Clause: Limit one PokÃ©mon knowing Baton Pass
|teampreview
|join|dodmen
|
|start
|switch|p1a: Krookodile|Krookodile, M|331\/331
|switch|p2a: Infernape|Infernape, F|293\/293
|-ability|p1a: Krookodile|Intimidate|[of] p2a: Infernape
|-unboost|p2a: Infernape|atk|1
|turn|1
|
|switch|p1a: Florges|Florges, F|359\/359
|move|p2a: Infernape|U-turn|p1a: Florges
|-resisted|p1a: Florges
|-damage|p1a: Florges|336\/359
|join|zatchzbell
|
|switch|p2a: Aggron|Aggron, F|344\/344
|
|-heal|p1a: Florges|358\/359|[from] item: Leftovers
|turn|2
|
|switch|p1a: Aggron|Aggron, M|344\/344
|detailschange|p2a: Aggron|Aggron-Mega, F
|-mega|p2a: Aggron|Aggron|Aggronite
|move|p2a: Aggron|Stealth Rock|p1a: Aggron
|-sidestart|p1: Yun0 Gasai|move: Stealth Rock
|
|turn|3
|
|switch|p2a: Vaporeon|Vaporeon, M|464\/464
|detailschange|p1a: Aggron|Aggron-Mega, M
|-mega|p1a: Aggron|Aggron|Aggronite
|move|p1a: Aggron|Stealth Rock|p2a: Vaporeon
|-sidestart|p2: JacobAsAlways|move: Stealth Rock
|
|turn|4
|join|DatLatias
|
|switch|p1a: Serperior|Serperior, F|291\/291
|-damage|p1a: Serperior|255\/291|[from] Stealth Rock
|move|p2a: Vaporeon|Scald|p1a: Serperior
|-resisted|p1a: Serperior
|-damage|p1a: Serperior|201\/291
|-status|p1a: Serperior|brn
|
|-damage|p1a: Serperior|165\/291 brn|[from] brn
|turn|5
|
|move|p2a: Vaporeon|Protect|p2a: Vaporeon
|-singleturn|p2a: Vaporeon|Protect
|move|p1a: Serperior|Leaf Storm|p2a: Vaporeon
|-activate|p2a: Vaporeon|Protect
|
|-damage|p1a: Serperior|129\/291 brn|[from] brn
|turn|6
|
|switch|p2a: Aggron|Aggron-Mega, F|344\/344
|-damage|p2a: Aggron|323\/344|[from] Stealth Rock
|move|p1a: Serperior|Leaf Storm|p2a: Aggron|[miss]
|-miss|p1a: Serperior|p2a: Aggron
|
|-damage|p1a: Serperior|93\/291 brn|[from] brn
|turn|7
|c|âYun0 Gasai|epic
|
|switch|p1a: Slowking|Slowking, M|391\/391
|-damage|p1a: Slowking|343\/391|[from] Stealth Rock
|switch|p2a: Infernape|Infernape, F|293\/293
|-damage|p2a: Infernape|257\/293|[from] Stealth Rock
|
|-heal|p1a: Slowking|367\/391|[from] item: Leftovers
|turn|8
|
|move|p2a: Infernape|U-turn|p1a: Slowking
|-supereffective|p1a: Slowking
|-damage|p1a: Slowking|237\/391
|
|switch|p2a: Serperior|Serperior, F|291\/291
|-damage|p2a: Serperior|255\/291|[from] Stealth Rock
|move|p1a: Slowking|Psyshock|p2a: Serperior
|-damage|p2a: Serperior|159\/291
|
|-heal|p1a: Slowking|261\/391|[from] item: Leftovers
|turn|9
|
|switch|p1a: Aggron|Aggron-Mega, M|344\/344
|-damage|p1a: Aggron|323\/344|[from] Stealth Rock
|move|p2a: Serperior|Leaf Storm|p1a: Aggron
|-crit|p1a: Aggron
|-resisted|p1a: Aggron
|-damage|p1a: Aggron|185\/344
|-boost|p2a: Serperior|spa|2
|-damage|p2a: Serperior|130\/291|[from] item: Life Orb
|
|turn|10
|c|âYun0 Gasai|lmfao
|c|âYun0 Gasai|r u srs
|
|switch|p2a: Vaporeon|Vaporeon, M|464\/464
|-damage|p2a: Vaporeon|406\/464|[from] Stealth Rock
|move|p1a: Aggron|Heavy Slam|p2a: Vaporeon
|-resisted|p2a: Vaporeon
|-damage|p2a: Vaporeon|310\/464
|
|-heal|p2a: Vaporeon|339\/464|[from] item: Leftovers
|turn|11
|
|switch|p1a: Florges|Florges, F|358\/359
|-damage|p1a: Florges|314\/359|[from] Stealth Rock
|move|p2a: Vaporeon|Wish|p2a: Vaporeon
|
|-heal|p1a: Florges|336\/359|[from] item: Leftovers
|-heal|p2a: Vaporeon|368\/464|[from] item: Leftovers
|turn|12
|
|switch|p2a: Serperior|Serperior, F|130\/291
|-damage|p2a: Serperior|94\/291|[from] Stealth Rock
|move|p1a: Florges|Aromatherapy|p1a: Florges
|-cureteam|p1a: Florges|[from] move: Aromatherapy
|
|-heal|p2a: Serperior|291\/291|[from] move: Wish|[wisher] Vaporeon
|-heal|p1a: Florges|358\/359|[from] item: Leftovers
|turn|13
|
|move|p2a: Serperior|Leaf Storm|p1a: Florges
|-damage|p1a: Florges|233\/359
|-boost|p2a: Serperior|spa|2
|-damage|p2a: Serperior|262\/291|[from] item: Life Orb
|move|p1a: Florges|Moonblast|p2a: Serperior
|-damage|p2a: Serperior|141\/291
|
|-heal|p1a: Florges|255\/359|[from] item: Leftovers
|turn|14
|
|move|p1a: Florges|Protect|p1a: Florges
|-singleturn|p1a: Florges|Protect
|move|p2a: Serperior|Giga Drain|p1a: Florges
|-activate|p1a: Florges|Protect
|
|-heal|p1a: Florges|277\/359|[from] item: Leftovers
|turn|15
|
|switch|p1a: Serperior|Serperior, F|93\/291
|-damage|p1a: Serperior|57\/291|[from] Stealth Rock
|move|p2a: Serperior|Giga Drain|p1a: Serperior
|-resisted|p1a: Serperior
|-damage|p1a: Serperior|0 fnt
|-heal|p2a: Serperior|170\/291|[from] drain|[of] p1a: Serperior
|-damage|p2a: Serperior|141\/291|[from] item: Life Orb
|faint|p1a: Serperior
|
|
|switch|p1a: Mienshao|Mienshao, M|271\/271
|-damage|p1a: Mienshao|255\/271|[from] Stealth Rock
|turn|16
|
|switch|p2a: Cresselia|Cresselia, F|443\/443
|-damage|p2a: Cresselia|388\/443|[from] Stealth Rock
|move|p1a: Mienshao|U-turn|p2a: Cresselia
|-supereffective|p2a: Cresselia
|-damage|p2a: Cresselia|284\/443
|-damage|p1a: Mienshao|210\/271|[from] item: Rocky Helmet|[of] p2a: Cresselia
|leave|zatchzbell
|c|âYun0 Gasai|,
|join|Dad's Dad
|
|switch|p1a: Krookodile|Krookodile, M|331\/331
|-damage|p1a: Krookodile|311\/331|[from] Stealth Rock
|-ability|p1a: Krookodile|Intimidate|[of] p2a: Cresselia
|-unboost|p2a: Cresselia|atk|1
|
|turn|17
|
|move|p1a: Krookodile|Pursuit|p2a: Cresselia
|-supereffective|p2a: Cresselia
|-damage|p2a: Cresselia|174\/443
|-damage|p1a: Krookodile|256\/331|[from] item: Rocky Helmet|[of] p2a: Cresselia
|move|p2a: Cresselia|Moonlight|p2a: Cresselia
|-heal|p2a: Cresselia|395\/443
|
|turn|18
|c| Dad's Dad|this game is too easy
|c|+dodmen|SBB is just horrible
|
|move|p1a: Krookodile|Knock Off|p2a: Cresselia
|-supereffective|p2a: Cresselia
|-damage|p2a: Cresselia|153\/443
|-damage|p1a: Krookodile|201\/331|[from] item: Rocky Helmet|[of] p2a: Cresselia
|-enditem|p2a: Cresselia|Rocky Helmet|[from] move: Knock Off|[of] p1a: Krookodile
|move|p2a: Cresselia|Toxic|p1a: Krookodile
|-status|p1a: Krookodile|tox
|
|-damage|p1a: Krookodile|181\/331 tox|[from] psn
|turn|19
|
|move|p1a: Krookodile|Taunt|p2a: Cresselia
|-start|p2a: Cresselia|move: Taunt
|cant|p2a: Cresselia|move: Taunt|Moonlight
|
|-damage|p1a: Krookodile|141\/331 tox|[from] psn
|turn|20
|c| Dad's Dad|doesnt knock off just kill from there anyway
|c|âYun0 Gasai|no
|c| Dad's Dad|cresselia needs to die tbh
|
|switch|p1a: Slowking|Slowking, M|391\/391
|-damage|p1a: Slowking|343\/391|[from] Stealth Rock
|switch|p2a: Aggron|Aggron-Mega, F|323\/344
|-damage|p2a: Aggron|302\/344|[from] Stealth Rock
|
|-heal|p1a: Slowking|367\/391|[from] item: Leftovers
|turn|21
|
|move|p1a: Slowking|Nasty Plot|p1a: Slowking
|-boost|p1a: Slowking|spa|2
|move|p2a: Aggron|Roar|p1a: Slowking
|drag|p1a: Florges|Florges, F|277\/359
|-damage|p1a: Florges|233\/359|[from] Stealth Rock
|
|-heal|p1a: Florges|255\/359|[from] item: Leftovers
|turn|22
|c| DatLatias|ayy
|
|switch|p1a: Slowking|Slowking, M|391\/391
|-damage|p1a: Slowking|343\/391|[from] Stealth Rock
|move|p2a: Aggron|Heavy Slam|p1a: Slowking
|-resisted|p1a: Slowking
|-damage|p1a: Slowking|273\/391
|
|-heal|p1a: Slowking|297\/391|[from] item: Leftovers
|turn|23
|
|switch|p2a: Raikou|Raikou|321\/321
|-damage|p2a: Raikou|281\/321|[from] Stealth Rock
|-ability|p2a: Raikou|Pressure
|move|p1a: Slowking|Scald|p2a: Raikou
|-damage|p2a: Raikou|182\/321
|
|-heal|p1a: Slowking|321\/391|[from] item: Leftovers
|turn|24
|join|Bleve
|
|switch|p2a: Vaporeon|Vaporeon, M|368\/464
|-damage|p2a: Vaporeon|310\/464|[from] Stealth Rock
|switch|p1a: Krookodile|Krookodile, M|141\/331 tox
|-damage|p1a: Krookodile|121\/331 tox|[from] Stealth Rock
|-ability|p1a: Krookodile|Intimidate|[of] p2a: Vaporeon
|-unboost|p2a: Vaporeon|atk|1
|
|-heal|p2a: Vaporeon|339\/464|[from] item: Leftovers
|-damage|p1a: Krookodile|101\/331 tox|[from] psn
|turn|25
|
|move|p1a: Krookodile|Knock Off|p2a: Vaporeon
|-damage|p2a: Vaporeon|132\/464
|-enditem|p2a: Vaporeon|Leftovers|[from] move: Knock Off|[of] p1a: Krookodile
|move|p2a: Vaporeon|Scald|p1a: Krookodile
|-supereffective|p1a: Krookodile
|-damage|p1a: Krookodile|0 fnt
|faint|p1a: Krookodile
|
|c| bleve|who homo hee
|c| bleve|here*
|
|switch|p1a: Aggron|Aggron-Mega, M|185\/344
|-damage|p1a: Aggron|164\/344|[from] Stealth Rock
|turn|26
|c| DatLatias|oh'
|
|move|p2a: Vaporeon|Wish|p2a: Vaporeon
|move|p1a: Aggron|Roar|p2a: Vaporeon
|drag|p2a: Raikou|Raikou|182\/321
|-damage|p2a: Raikou|142\/321|[from] Stealth Rock
|-ability|p2a: Raikou|Pressure
|
|turn|27
|
|move|p2a: Raikou|Volt Switch|p1a: Aggron
|-damage|p1a: Aggron|14\/344
|c| bleve|'ho
|
|switch|p2a: Cresselia|Cresselia, F|153\/443
|-damage|p2a: Cresselia|98\/443|[from] Stealth Rock
|move|p1a: Aggron|Roar|p2a: Cresselia
|drag|p2a: Serperior|Serperior, F|141\/291
|-damage|p2a: Serperior|105\/291|[from] Stealth Rock
|
|-heal|p2a: Serperior|291\/291|[from] move: Wish|[wisher] Vaporeon
|turn|28
|join|LiberalLucario
|
|move|p2a: Serperior|Giga Drain|p1a: Aggron
|-resisted|p1a: Aggron
|-damage|p1a: Aggron|0 fnt
|-damage|p2a: Serperior|262\/291|[from] item: Life Orb
|faint|p1a: Aggron
|
|
|switch|p1a: Mienshao|Mienshao, M|210\/271
|-damage|p1a: Mienshao|194\/271|[from] Stealth Rock
|turn|29
|
|switch|p2a: Cresselia|Cresselia, F|98\/443
|-damage|p2a: Cresselia|43\/443|[from] Stealth Rock
|move|p1a: Mienshao|High Jump Kick|p2a: Cresselia
|-resisted|p2a: Cresselia
|-damage|p2a: Cresselia|0 fnt
|faint|p2a: Cresselia
|
|leave|Dad's Dad
|
|switch|p2a: Infernape|Infernape, F|257\/293
|-damage|p2a: Infernape|221\/293|[from] Stealth Rock
|turn|30
|
|switch|p1a: Florges|Florges, F|255\/359
|-damage|p1a: Florges|211\/359|[from] Stealth Rock
|move|p2a: Infernape|U-turn|p1a: Florges
|-resisted|p1a: Florges
|-damage|p1a: Florges|173\/359
|
|switch|p2a: Serperior|Serperior, F|262\/291
|-damage|p2a: Serperior|226\/291|[from] Stealth Rock
|
|-heal|p1a: Florges|195\/359|[from] item: Leftovers
|turn|31
|
|move|p2a: Serperior|Leaf Storm|p1a: Florges
|-damage|p1a: Florges|62\/359
|-boost|p2a: Serperior|spa|2
|-damage|p2a: Serperior|197\/291|[from] item: Life Orb
|move|p1a: Florges|Moonblast|p2a: Serperior
|-damage|p2a: Serperior|68\/291
|
|-heal|p1a: Florges|84\/359|[from] item: Leftovers
|turn|32
|
|move|p2a: Serperior|Giga Drain|p1a: Florges
|-damage|p1a: Florges|0 fnt
|-heal|p2a: Serperior|110\/291|[from] drain|[of] p1a: Florges
|-damage|p2a: Serperior|81\/291|[from] item: Life Orb
|faint|p1a: Florges
|
|
|switch|p1a: Mienshao|Mienshao, M|194\/271
|-damage|p1a: Mienshao|178\/271|[from] Stealth Rock
|turn|33
|
|switch|p2a: Vaporeon|Vaporeon, M|132\/464
|-damage|p2a: Vaporeon|74\/464|[from] Stealth Rock
|move|p1a: Mienshao|High Jump Kick|p2a: Vaporeon
|-crit|p2a: Vaporeon
|-damage|p2a: Vaporeon|0 fnt
|faint|p2a: Vaporeon
|
|
|switch|p2a: Infernape|Infernape, F|221\/293
|-damage|p2a: Infernape|185\/293|[from] Stealth Rock
|turn|34
|
|move|p2a: Infernape|Flare Blitz|p1a: Mienshao
|-damage|p1a: Mienshao|0 fnt
|-damage|p2a: Infernape|126\/293|[from] recoil|[of] p1a: Mienshao
|faint|p1a: Mienshao
|
|
|switch|p1a: Slowking|Slowking, M|391\/391
|-damage|p1a: Slowking|343\/391|[from] Stealth Rock
|turn|35
|
|move|p2a: Infernape|Flare Blitz|p1a: Slowking
|-resisted|p1a: Slowking
|-damage|p1a: Slowking|263\/391
|-damage|p2a: Infernape|100\/293|[from] recoil|[of] p1a: Slowking
|move|p1a: Slowking|Nasty Plot|p1a: Slowking
|-boost|p1a: Slowking|spa|2
|
|-heal|p1a: Slowking|287\/391|[from] item: Leftovers
|turn|36
|
|move|p2a: Infernape|Flare Blitz|p1a: Slowking
|-resisted|p1a: Slowking
|-damage|p1a: Slowking|212\/391
|-damage|p2a: Infernape|75\/293|[from] recoil|[of] p1a: Slowking
|move|p1a: Slowking|Slack Off|p1a: Slowking
|-heal|p1a: Slowking|391\/391
|
|turn|37
|c|+dodmen|blaze it
|
|move|p2a: Infernape|Flare Blitz|p1a: Slowking
|-resisted|p1a: Slowking
|-damage|p1a: Slowking|268\/391
|-damage|p2a: Infernape|34\/293|[from] recoil|[of] p1a: Slowking
|move|p1a: Slowking|Slack Off|p1a: Slowking
|-heal|p1a: Slowking|391\/391
|
|turn|38
|c|âYun0 Gasai|stfu
|c|âYun0 Gasai|this game was fucking garbage
|
|move|p2a: Infernape|Flare Blitz|p1a: Slowking
|-resisted|p1a: Slowking
|-damage|p1a: Slowking|275\/391
|-damage|p2a: Infernape|0 fnt|[from] recoil|[of] p1a: Slowking
|faint|p2a: Infernape
|move|p1a: Slowking|Slack Off|p1a: Slowking
|-heal|p1a: Slowking|391\/391
|
|
|switch|p2a: Raikou|Raikou|142\/321
|-damage|p2a: Raikou|102\/321|[from] Stealth Rock
|-ability|p2a: Raikou|Pressure
|turn|39
|
|move|p2a: Raikou|Thunderbolt|p1a: Slowking
|-crit|p1a: Slowking
|-supereffective|p1a: Slowking
|-damage|p1a: Slowking|0 fnt
|faint|p1a: Slowking
|
|win|JacobAsAlways
|raw|Ladder updating...
|raw|Yun0 Gasai's rating: 1462 &rarr; <strong>1437<\/strong><br \/>(-25 for losing)
|raw|JacobAsAlways's rating: 1361 &rarr; <strong>1387<\/strong><br \/>(+26 for winning)
|c|+dodmen|kek
|leave|Yun0 Gasai
|player|p1
|leave|dodmen
|leave|DatLatias
|c|âJacobAsAlways|Someone was salty.