|join|Can't Ban My Swag
|join|Rowdy Ronda
|player|p1|Can't Ban My Swag|1
|player|p2|Rowdy Ronda|138
|gametype|singles
|gen|6
|tier|UU
|rated
|rule|Sleep Clause Mod: Limit one foe put to sleep
|rule|Species Clause: Limit one of each PokÃ©mon
|rule|OHKO Clause: OHKO moves are banned
|rule|Moody Clause: Moody is banned
|rule|Evasion Moves Clause: Evasion moves are banned
|rule|Endless Battle Clause: Forcing endless battles is banned
|rule|HP Percentage Mod: HP is shown in percentages
|clearpoke
|poke|p1|Pidgeot, F
|poke|p1|Chandelure, M
|poke|p1|Pangoro, M
|poke|p1|Haxorus, M
|poke|p1|Krookodile, F
|poke|p1|Roserade, M
|poke|p2|Gallade, M
|poke|p2|Aerodactyl, M
|poke|p2|Alakazam, M
|poke|p2|Slurpuff, F
|poke|p2|Haxorus, F
|poke|p2|Jirachi
|rule|Swagger Clause: Swagger is banned
|rule|Baton Pass Clause: Limit one PokÃ©mon knowing Baton Pass
|teampreview
|
|start
|switch|p1a: Pangoro|Pangoro, M|332\/332
|switch|p2a: Aerodactyl|Aerodactyl, M|301\/301
|-ability|p2a: Aerodactyl|Unnerve|p1: Can't Ban My Swag
|turn|1
|
|move|p2a: Aerodactyl|Stealth Rock|p1a: Pangoro
|-sidestart|p1: Can't Ban My Swag|move: Stealth Rock
|move|p1a: Pangoro|Drain Punch|p2a: Aerodactyl
|-damage|p2a: Aerodactyl|82\/301
|
|turn|2
|
|move|p2a: Aerodactyl|Taunt|p1a: Pangoro
|-start|p1a: Pangoro|move: Taunt
|move|p1a: Pangoro|Drain Punch|p2a: Aerodactyl
|-damage|p2a: Aerodactyl|0 fnt
|faint|p2a: Aerodactyl
|
|
|switch|p2a: Alakazam|Alakazam, M|252\/252
|turn|3
|
|switch|p1a: Chandelure|Chandelure, M|261\/261
|-damage|p1a: Chandelure|196\/261|[from] Stealth Rock
|move|p2a: Alakazam|Dazzling Gleam|p1a: Chandelure
|-crit|p1a: Chandelure
|-resisted|p1a: Chandelure
|-damage|p1a: Chandelure|111\/261
|
|turn|4
|
|move|p2a: Alakazam|Shadow Ball|p1a: Chandelure
|-supereffective|p1a: Chandelure
|-damage|p1a: Chandelure|0 fnt
|faint|p1a: Chandelure
|
|
|switch|p1a: Pidgeot|Pidgeot, F|307\/307
|-damage|p1a: Pidgeot|231\/307|[from] Stealth Rock
|turn|5
|
|switch|p2a: Jirachi|Jirachi|341\/341
|detailschange|p1a: Pidgeot|Pidgeot-Mega, F
|message|Pidgeot has Mega Evolved into Mega Pidgeot!
|move|p1a: Pidgeot|Hurricane|p2a: Jirachi
|-resisted|p2a: Jirachi
|-damage|p2a: Jirachi|245\/341
|
|turn|6
|
|switch|p1a: Pangoro|Pangoro, M|332\/332
|-damage|p1a: Pangoro|312\/332|[from] Stealth Rock
|move|p2a: Jirachi|Iron Head|p1a: Pangoro
|-damage|p1a: Pangoro|168\/332
|
|turn|7
|
|switch|p2a: Alakazam|Alakazam, M|252\/252
|move|p1a: Pangoro|Earthquake|p2a: Alakazam
|-enditem|p2a: Alakazam|Focus Sash
|-damage|p2a: Alakazam|1\/252
|
|turn|8
|
|move|p2a: Alakazam|Encore|p1a: Pangoro
|-start|p1a: Pangoro|Encore
|move|p1a: Pangoro|Earthquake|p2a: Alakazam
|-damage|p2a: Alakazam|0 fnt
|faint|p2a: Alakazam
|
|
|switch|p2a: Slurpuff|Slurpuff, F|316\/316
|turn|9
|
|move|p2a: Slurpuff|Belly Drum|p2a: Slurpuff
|-damage|p2a: Slurpuff|158\/316
|-setboost|p2a: Slurpuff|atk|6|[from] move: Belly Drum
|-enditem|p2a: Slurpuff|Sitrus Berry|[eat]
|-heal|p2a: Slurpuff|237\/316|[from] item: Sitrus Berry
|move|p1a: Pangoro|Earthquake|p2a: Slurpuff
|-damage|p2a: Slurpuff|104\/316
|
|turn|10
|
|move|p2a: Slurpuff|Drain Punch|p1a: Pangoro
|-crit|p1a: Pangoro
|-supereffective|p1a: Pangoro
|-damage|p1a: Pangoro|0 fnt
|-heal|p2a: Slurpuff|188\/316|[from] drain|[of] p1a: Pangoro
|faint|p1a: Pangoro
|
|
|switch|p1a: Roserade|Roserade, M|262\/262
|-damage|p1a: Roserade|230\/262|[from] Stealth Rock
|turn|11
|
|move|p2a: Slurpuff|Play Rough|p1a: Roserade
|-resisted|p1a: Roserade
|-damage|p1a: Roserade|0 fnt
|faint|p1a: Roserade
|
|
|switch|p1a: Pidgeot|Pidgeot-Mega, F|231\/307
|-damage|p1a: Pidgeot|155\/307|[from] Stealth Rock
|turn|12
|
|move|p2a: Slurpuff|Drain Punch|p1a: Pidgeot
|-damage|p1a: Pidgeot|0 fnt
|-heal|p2a: Slurpuff|266\/316|[from] drain|[of] p1a: Pidgeot
|faint|p1a: Pidgeot
|
|
|switch|p1a: Krookodile|Krookodile, F|332\/332
|-damage|p1a: Krookodile|312\/332|[from] Stealth Rock
|turn|13
|
|move|p2a: Slurpuff|Drain Punch|p1a: Krookodile
|-supereffective|p1a: Krookodile
|-damage|p1a: Krookodile|0 fnt
|-heal|p2a: Slurpuff|316\/316|[from] drain|[of] p1a: Krookodile
|faint|p1a: Krookodile
|
|-message|Can't Ban My Swag forfeited.
|
|win|Rowdy Ronda
|raw|Ladder updating...
|leave|Can't Ban My Swag
|player|p1
|raw|Can&apos;t Ban My Swag's rating: 1276 &rarr; <strong>1254<\/strong><br \/>(-22 for losing)
|raw|Rowdy Ronda's rating: 1320 &rarr; <strong>1337<\/strong><br \/>(+17 for winning)