|join|Walrena Wigtickley
|join|Rowdy Ronda
|player|p1|Walrena Wigtickley|98
|player|p2|Rowdy Ronda|138
|gametype|singles
|gen|6
|tier|UU
|rated
|rule|Sleep Clause Mod: Limit one foe put to sleep
|rule|Species Clause: Limit one of each PokÃ©mon
|rule|OHKO Clause: OHKO moves are banned
|rule|Moody Clause: Moody is banned
|rule|Evasion Moves Clause: Evasion moves are banned
|rule|Endless Battle Clause: Forcing endless battles is banned
|rule|HP Percentage Mod: HP is shown in percentages
|clearpoke
|poke|p1|Jirachi, shiny
|poke|p1|Sharpedo, M
|poke|p1|Blissey, F, shiny
|poke|p1|Darmanitan, M, shiny
|poke|p1|Alakazam, M
|poke|p1|Cloyster, M, shiny
|poke|p2|Gallade, M
|poke|p2|Aerodactyl, M
|poke|p2|Shaymin
|poke|p2|Slurpuff, M
|poke|p2|Haxorus, F
|poke|p2|Zygarde
|rule|Swagger Clause: Swagger is banned
|rule|Baton Pass Clause: Limit one PokÃ©mon knowing Baton Pass
|teampreview
|
|start
|switch|p1a: Darmanitan|Darmanitan, M, shiny|352\/352
|switch|p2a: Gallade|Gallade, M|277\/277
|turn|1
|
|detailschange|p2a: Gallade|Gallade-Mega, M
|message|Gallade has Mega Evolved into Mega Gallade!
|move|p1a: Darmanitan|U-turn|p2a: Gallade
|-damage|p2a: Gallade|175\/277
|
|switch|p1a: Alakazam|Alakazam, M|252\/252
|move|p2a: Gallade|Close Combat|p1a: Alakazam
|-resisted|p1a: Alakazam
|-damage|p1a: Alakazam|33\/252
|-unboost|p2a: Gallade|def|1
|-unboost|p2a: Gallade|spd|1
|
|turn|2
|
|move|p2a: Gallade|Shadow Sneak|p1a: Alakazam
|-supereffective|p1a: Alakazam
|-damage|p1a: Alakazam|0 fnt
|faint|p1a: Alakazam
|
|
|switch|p1a: Sharpedo|Sharpedo, M|282\/282
|turn|3
|
|switch|p2a: Aerodactyl|Aerodactyl, M|301\/301
|-ability|p2a: Aerodactyl|Unnerve|p1: Walrena Wigtickley
|move|p1a: Sharpedo|Protect|p1a: Sharpedo
|-fail|p1a: Sharpedo
|
|-boost|p1a: Sharpedo|spe|1|[from] ability: Speed Boost
|turn|4
|
|move|p1a: Sharpedo|Protect|p1a: Sharpedo
|-singleturn|p1a: Sharpedo|Protect
|move|p2a: Aerodactyl|Stealth Rock|p1a: Sharpedo
|-sidestart|p1: Walrena Wigtickley|move: Stealth Rock
|
|-boost|p1a: Sharpedo|spe|1|[from] ability: Speed Boost
|turn|5
|
|detailschange|p1a: Sharpedo|Sharpedo-Mega, M
|message|Sharpedo has Mega Evolved into Mega Sharpedo!
|move|p1a: Sharpedo|Waterfall|p2a: Aerodactyl
|-supereffective|p2a: Aerodactyl
|-enditem|p2a: Aerodactyl|Focus Sash
|-damage|p2a: Aerodactyl|1\/301
|move|p2a: Aerodactyl|Rock Slide|p1a: Sharpedo
|-damage|p1a: Sharpedo|144\/282
|
|turn|6
|
|move|p1a: Sharpedo|Waterfall|p2a: Aerodactyl
|-supereffective|p2a: Aerodactyl
|-damage|p2a: Aerodactyl|0 fnt
|faint|p2a: Aerodactyl
|
|
|switch|p2a: Slurpuff|Slurpuff, M|316\/316
|turn|7
|
|move|p1a: Sharpedo|Waterfall|p2a: Slurpuff
|-damage|p2a: Slurpuff|130\/316
|-enditem|p2a: Slurpuff|Sitrus Berry|[eat]
|-heal|p2a: Slurpuff|209\/316|[from] item: Sitrus Berry
|move|p2a: Slurpuff|Drain Punch|p1a: Sharpedo
|-supereffective|p1a: Sharpedo
|-damage|p1a: Sharpedo|0 fnt
|-heal|p2a: Slurpuff|281\/316|[from] drain|[of] p1a: Sharpedo
|faint|p1a: Sharpedo
|
|
|switch|p1a: Jirachi|Jirachi, shiny|342\/342
|-damage|p1a: Jirachi|321\/342|[from] Stealth Rock
|turn|8
|
|move|p2a: Slurpuff|Belly Drum|p2a: Slurpuff
|-damage|p2a: Slurpuff|123\/316
|-setboost|p2a: Slurpuff|atk|6|[from] move: Belly Drum
|move|p1a: Jirachi|Iron Head|p2a: Slurpuff
|-supereffective|p2a: Slurpuff
|-damage|p2a: Slurpuff|0 fnt
|faint|p2a: Slurpuff
|
|
|switch|p2a: Gallade|Gallade-Mega, M|175\/277
|turn|9
|
|move|p2a: Gallade|Close Combat|p1a: Jirachi
|-damage|p1a: Jirachi|72\/342
|-unboost|p2a: Gallade|def|1
|-unboost|p2a: Gallade|spd|1
|move|p1a: Jirachi|Iron Head|p2a: Gallade
|-damage|p2a: Gallade|0 fnt
|faint|p2a: Gallade
|
|
|switch|p2a: Zygarde|Zygarde|404\/404
|-ability|p2a: Zygarde|Aura Break
|turn|10
|
|move|p1a: Jirachi|Iron Head|p2a: Zygarde
|-damage|p2a: Zygarde|262\/404
|cant|p2a: Zygarde|flinch
|
|-heal|p2a: Zygarde|287\/404|[from] item: Leftovers
|turn|11
|
|move|p1a: Jirachi|Iron Head|p2a: Zygarde
|-crit|p2a: Zygarde
|-damage|p2a: Zygarde|43\/404
|move|p2a: Zygarde|Coil|p2a: Zygarde
|-boost|p2a: Zygarde|atk|1
|-boost|p2a: Zygarde|def|1
|-boost|p2a: Zygarde|accuracy|1
|
|-heal|p2a: Zygarde|68\/404|[from] item: Leftovers
|turn|12
|
|move|p2a: Zygarde|Extreme Speed|p1a: Jirachi
|-resisted|p1a: Jirachi
|-damage|p1a: Jirachi|10\/342
|move|p1a: Jirachi|Iron Head|p2a: Zygarde
|-damage|p2a: Zygarde|0 fnt
|faint|p2a: Zygarde
|
|
|switch|p2a: Shaymin|Shaymin|341\/341
|turn|13
|
|move|p2a: Shaymin|Seed Flare|p1a: Jirachi|[miss]
|-miss|p2a: Shaymin|p1a: Jirachi
|move|p1a: Jirachi|Iron Head|p2a: Shaymin
|-damage|p2a: Shaymin|151\/341
|
|turn|14
|
|move|p2a: Shaymin|Seed Flare|p1a: Jirachi|[miss]
|-miss|p2a: Shaymin|p1a: Jirachi
|move|p1a: Jirachi|Iron Head|p2a: Shaymin
|-damage|p2a: Shaymin|0 fnt
|faint|p2a: Shaymin
|
|c|âRowdy Ronda|"how to win despite the fact I'm fucking terrible"-- Walrena Wigtickley
|c|âWalrena Wigtickley|wow
|
|switch|p2a: Haxorus|Haxorus, F|302\/302
|-ability|p2a: Haxorus|Mold Breaker
|turn|15
|c|âWalrena Wigtickley|lol
|c|âWalrena Wigtickley|yup
|c|âWalrena Wigtickley|i got like 8 flinches with iron head in another battle tonight
|
|move|p1a: Jirachi|Iron Head|p2a: Haxorus
|-damage|p2a: Haxorus|109\/302
|cant|p2a: Haxorus|flinch
|
|turn|16
|c|âWalrena Wigtickley|lawl
|-message|Rowdy Ronda forfeited.
|
|win|Walrena Wigtickley
|raw|Ladder updating...
|leave|Rowdy Ronda
|player|p2
|raw|Walrena Wigtickley's rating: 1249 &rarr; <strong>1273<\/strong><br \/>(+24 for winning)
|raw|Rowdy Ronda's rating: 1238 &rarr; <strong>1214<\/strong><br \/>(-24 for losing)