|join|bigdickplayer
|join|BlurryCineplex
|player|p1|bigdickplayer|266
|player|p2|BlurryCineplex|170
|gametype|singles
|gen|6
|tier|ORAS OU
|rated
|rule|Sleep Clause Mod: Limit one foe put to sleep
|rule|Species Clause: Limit one of each PokÃ©mon
|rule|OHKO Clause: OHKO moves are banned
|rule|Moody Clause: Moody is banned
|rule|Evasion Moves Clause: Evasion moves are banned
|rule|Endless Battle Clause: Forcing endless battles is banned
|rule|HP Percentage Mod: HP is shown in percentages
|clearpoke
|poke|p1|Diancie
|poke|p1|Keldeo
|poke|p1|Skarmory, F
|poke|p1|Landorus-Therian, M
|poke|p1|Mew, shiny
|poke|p1|Crawdaunt, M
|poke|p2|Sableye, F
|poke|p2|Gyarados, M
|poke|p2|Heatran, F
|poke|p2|Scizor, F
|poke|p2|Garchomp, F
|poke|p2|Conkeldurr, F
|rule|Swagger Clause: Swagger is banned
|rule|Baton Pass Clause: Limit one PokÃ©mon knowing Baton Pass
|teampreview
|
|start
|switch|p1a: Diancie|Diancie|241\/241
|switch|p2a: Sableye|Sableye, F|304\/304
|turn|1
|
|switch|p2a: Scizor|Scizor, F|343\/343
|detailschange|p1a: Diancie|Diancie-Mega
|message|Diancie has Mega Evolved into Mega Diancie!
|move|p1a: Diancie|Moonblast|p2a: Scizor
|-resisted|p2a: Scizor
|-damage|p2a: Scizor|219\/343
|-unboost|p2a: Scizor|spa|1
|
|turn|2
|
|switch|p1a: Skarmory|Skarmory, F|334\/334
|move|p2a: Scizor|U-turn|p1a: Skarmory
|-resisted|p1a: Skarmory
|-damage|p1a: Skarmory|304\/334
|-damage|p2a: Scizor|162\/343|[from] item: Rocky Helmet|[of] p1a: Skarmory
|
|switch|p2a: Heatran|Heatran, F|385\/385
|
|turn|3
|
|switch|p1a: Diancie|Diancie-Mega|241\/241
|move|p2a: Heatran|Lava Plume|p1a: Diancie
|-resisted|p1a: Diancie
|-damage|p1a: Diancie|184\/241
|-status|p1a: Diancie|brn
|
|-damage|p1a: Diancie|154\/241 brn|[from] brn
|turn|4
|c|âbigdickplayer|wow
|c|âbigdickplayer|every time
|
|move|p2a: Heatran|Protect|p2a: Heatran
|-singleturn|p2a: Heatran|Protect
|move|p1a: Diancie|Earth Power|p2a: Heatran
|-activate|p2a: Heatran|Protect
|
|-damage|p1a: Diancie|124\/241 brn|[from] brn
|turn|5
|
|switch|p2a: Gyarados|Gyarados, M|353\/353
|-ability|p2a: Gyarados|Intimidate|[of] p1a: Diancie
|-unboost|p1a: Diancie|atk|1
|move|p1a: Diancie|Diamond Storm|p2a: Gyarados
|-supereffective|p2a: Gyarados
|-damage|p2a: Gyarados|197\/353
|
|-heal|p2a: Gyarados|219\/353|[from] item: Leftovers
|-damage|p1a: Diancie|94\/241 brn|[from] brn
|turn|6
|
|switch|p1a: Skarmory|Skarmory, F|304\/334
|move|p2a: Gyarados|Waterfall|p1a: Skarmory
|-damage|p1a: Skarmory|216\/334
|-damage|p2a: Gyarados|161\/353|[from] item: Rocky Helmet|[of] p1a: Skarmory
|
|-heal|p2a: Gyarados|183\/353|[from] item: Leftovers
|turn|7
|
|move|p2a: Gyarados|Dragon Dance|p2a: Gyarados
|-boost|p2a: Gyarados|atk|1
|-boost|p2a: Gyarados|spe|1
|move|p1a: Skarmory|Stealth Rock|p2a: Gyarados
|-sidestart|p2: BlurryCineplex|move: Stealth Rock
|
|-heal|p2a: Gyarados|205\/353|[from] item: Leftovers
|turn|8
|
|move|p2a: Gyarados|Dragon Dance|p2a: Gyarados
|-boost|p2a: Gyarados|atk|1
|-boost|p2a: Gyarados|spe|1
|move|p1a: Skarmory|Counter|p2a: Gyarados
|-fail|p2a: Gyarados
|
|-heal|p2a: Gyarados|227\/353|[from] item: Leftovers
|turn|9
|
|move|p2a: Gyarados|Dragon Dance|p2a: Gyarados
|-boost|p2a: Gyarados|atk|1
|-boost|p2a: Gyarados|spe|1
|move|p1a: Skarmory|Roost|p1a: Skarmory
|-heal|p1a: Skarmory|334\/334
|
|-heal|p2a: Gyarados|249\/353|[from] item: Leftovers
|turn|10
|
|move|p2a: Gyarados|Dragon Dance|p2a: Gyarados
|-boost|p2a: Gyarados|atk|1
|-boost|p2a: Gyarados|spe|1
|move|p1a: Skarmory|Counter|p2a: Gyarados
|-fail|p2a: Gyarados
|
|-heal|p2a: Gyarados|271\/353|[from] item: Leftovers
|turn|11
|
|move|p2a: Gyarados|Dragon Dance|p2a: Gyarados
|-boost|p2a: Gyarados|atk|1
|-boost|p2a: Gyarados|spe|1
|move|p1a: Skarmory|Counter|p2a: Gyarados
|-fail|p2a: Gyarados
|
|-heal|p2a: Gyarados|293\/353|[from] item: Leftovers
|turn|12
|
|move|p2a: Gyarados|Dragon Dance|p2a: Gyarados
|-boost|p2a: Gyarados|atk|1
|-boost|p2a: Gyarados|spe|1
|move|p1a: Skarmory|Whirlwind|p2a: Gyarados
|drag|p2a: Heatran|Heatran, F|385\/385
|-damage|p2a: Heatran|337\/385|[from] Stealth Rock
|
|-heal|p2a: Heatran|361\/385|[from] item: Leftovers
|turn|13
|
|switch|p1a: Diancie|Diancie-Mega|94\/241 brn
|move|p2a: Heatran|Stealth Rock|p1a: Diancie
|move|p1a: Diancie|Stealth Rock|p2a: Heatran|[from]Magic Bounce
|-fail|p2a: Heatran
|
|-heal|p2a: Heatran|385\/385|[from] item: Leftovers
|-damage|p1a: Diancie|64\/241 brn|[from] brn
|turn|14
|
|switch|p1a: Keldeo|Keldeo|324\/324
|move|p2a: Heatran|Protect|p2a: Heatran
|-fail|p2a: Heatran
|
|turn|15
|
|switch|p2a: Gyarados|Gyarados, M|293\/353
|-damage|p2a: Gyarados|205\/353|[from] Stealth Rock
|-ability|p2a: Gyarados|Intimidate|[of] p1a: Keldeo
|-unboost|p1a: Keldeo|atk|1
|move|p1a: Keldeo|Substitute|p1a: Keldeo
|-start|p1a: Keldeo|Substitute
|-damage|p1a: Keldeo|243\/324
|
|-heal|p1a: Keldeo|263\/324|[from] item: Leftovers
|-heal|p2a: Gyarados|227\/353|[from] item: Leftovers
|turn|16
|
|move|p1a: Keldeo|Scald|p2a: Gyarados
|-resisted|p2a: Gyarados
|-damage|p2a: Gyarados|152\/353
|move|p2a: Gyarados|Substitute|p2a: Gyarados
|-start|p2a: Gyarados|Substitute
|-damage|p2a: Gyarados|64\/353
|
|-heal|p1a: Keldeo|283\/324|[from] item: Leftovers
|-heal|p2a: Gyarados|86\/353|[from] item: Leftovers
|turn|17
|
|switch|p1a: Skarmory|Skarmory, F|334\/334
|move|p2a: Gyarados|Earthquake|p1a: Skarmory
|-immune|p1a: Skarmory|[msg]
|
|-heal|p2a: Gyarados|108\/353|[from] item: Leftovers
|turn|18
|
|move|p2a: Gyarados|Waterfall|p1a: Skarmory
|-damage|p1a: Skarmory|247\/334
|-damage|p2a: Gyarados|50\/353|[from] item: Rocky Helmet|[of] p1a: Skarmory
|move|p1a: Skarmory|Whirlwind|p2a: Gyarados
|drag|p2a: Garchomp|Garchomp, F|358\/358
|-damage|p2a: Garchomp|336\/358|[from] Stealth Rock
|
|turn|19
|
|switch|p1a: Mew|Mew, shiny|395\/395
|move|p2a: Garchomp|Swords Dance|p2a: Garchomp
|-boost|p2a: Garchomp|atk|2
|
|turn|20
|
|switch|p2a: Heatran|Heatran, F|385\/385
|-damage|p2a: Heatran|337\/385|[from] Stealth Rock
|move|p1a: Mew|Will-O-Wisp|p2a: Heatran
|-start|p2a: Heatran|ability: Flash Fire
|
|-heal|p2a: Heatran|361\/385|[from] item: Leftovers
|turn|21
|
|move|p1a: Mew|Taunt|p2a: Heatran
|-start|p2a: Heatran|move: Taunt
|move|p2a: Heatran|Lava Plume|p1a: Mew
|-damage|p1a: Mew|268\/395
|-status|p1a: Mew|brn
|
|-heal|p1a: Mew|292\/395 brn|[from] item: Leftovers
|-heal|p2a: Heatran|385\/385|[from] item: Leftovers
|-damage|p1a: Mew|243\/395 brn|[from] brn
|turn|22
|c|âbigdickplayer|wtf
|
|move|p1a: Mew|Knock Off|p2a: Heatran
|-damage|p2a: Heatran|346\/385
|-enditem|p2a: Heatran|Leftovers|[from] move: Knock Off|[of] p1a: Mew
|move|p2a: Heatran|Lava Plume|p1a: Mew
|-damage|p1a: Mew|119\/395 brn
|
|-heal|p1a: Mew|143\/395 brn|[from] item: Leftovers
|-damage|p1a: Mew|94\/395 brn|[from] brn
|turn|23
|
|move|p1a: Mew|Knock Off|p2a: Heatran
|-damage|p2a: Heatran|324\/385
|move|p2a: Heatran|Lava Plume|p1a: Mew
|-damage|p1a: Mew|0 fnt
|faint|p1a: Mew
|
|-end|p2a: Heatran|move: Taunt
|
|switch|p1a: Keldeo|Keldeo|283\/324
|turn|24
|
|move|p1a: Keldeo|Substitute|p1a: Keldeo
|-start|p1a: Keldeo|Substitute
|-damage|p1a: Keldeo|202\/324
|move|p2a: Heatran|Stealth Rock|p1a: Keldeo
|-sidestart|p1: bigdickplayer|move: Stealth Rock
|
|-heal|p1a: Keldeo|222\/324|[from] item: Leftovers
|turn|25
|
|switch|p2a: Gyarados|Gyarados, M|50\/353
|-damage|p2a: Gyarados|0 fnt|[from] Stealth Rock
|faint|p2a: Gyarados
|move|p1a: Keldeo|Calm Mind|p1a: Keldeo
|-boost|p1a: Keldeo|spa|1
|-boost|p1a: Keldeo|spd|1
|
|-heal|p1a: Keldeo|242\/324|[from] item: Leftovers
|
|switch|p2a: Conkeldurr|Conkeldurr, F|351\/351
|-damage|p2a: Conkeldurr|330\/351|[from] Stealth Rock
|turn|26
|
|move|p1a: Keldeo|Secret Sword|p2a: Conkeldurr
|-crit|p2a: Conkeldurr
|-damage|p2a: Conkeldurr|0 fnt
|faint|p2a: Conkeldurr
|
|-heal|p1a: Keldeo|262\/324|[from] item: Leftovers
|
|switch|p2a: Scizor|Scizor, F|162\/343
|-damage|p2a: Scizor|120\/343|[from] Stealth Rock
|turn|27
|
|move|p2a: Scizor|Bullet Punch|p1a: Keldeo
|-resisted|p1a: Keldeo
|-end|p1a: Keldeo|Substitute
|move|p1a: Keldeo|Scald|p2a: Scizor
|-damage|p2a: Scizor|0 fnt
|faint|p2a: Scizor
|
|-heal|p1a: Keldeo|282\/324|[from] item: Leftovers
|
|switch|p2a: Garchomp|Garchomp, F|336\/358
|-damage|p2a: Garchomp|314\/358|[from] Stealth Rock
|turn|28
|
|move|p2a: Garchomp|Earthquake|p1a: Keldeo
|-damage|p1a: Keldeo|89\/324
|move|p1a: Keldeo|Scald|p2a: Garchomp
|-damage|p2a: Garchomp|52\/358
|
|-heal|p1a: Keldeo|109\/324|[from] item: Leftovers
|turn|29
|
|switch|p1a: Skarmory|Skarmory, F|247\/334
|-damage|p1a: Skarmory|206\/334|[from] Stealth Rock
|move|p2a: Garchomp|Earthquake|p1a: Skarmory
|-immune|p1a: Skarmory|[msg]
|
|turn|30
|
|move|p2a: Garchomp|Swords Dance|p2a: Garchomp
|-boost|p2a: Garchomp|atk|2
|move|p1a: Skarmory|Whirlwind|p2a: Garchomp
|drag|p2a: Sableye|Sableye, F|304\/304
|-damage|p2a: Sableye|266\/304|[from] Stealth Rock
|
|turn|31
|
|switch|p1a: Diancie|Diancie-Mega|64\/241 brn
|-damage|p1a: Diancie|34\/241 brn|[from] Stealth Rock
|move|p2a: Sableye|Shadow Ball|p1a: Diancie
|-damage|p1a: Diancie|0 fnt
|faint|p1a: Diancie
|
|
|switch|p1a: Keldeo|Keldeo|109\/324
|-damage|p1a: Keldeo|89\/324|[from] Stealth Rock
|turn|32
|
|move|p1a: Keldeo|Scald|p2a: Sableye
|-damage|p2a: Sableye|46\/304
|move|p2a: Sableye|Shadow Ball|p1a: Keldeo
|-damage|p1a: Keldeo|22\/324
|
|-heal|p1a: Keldeo|42\/324|[from] item: Leftovers
|turn|33
|
|move|p2a: Sableye|Will-O-Wisp|p1a: Keldeo|[miss]
|-miss|p2a: Sableye|p1a: Keldeo
|move|p1a: Keldeo|Scald|p2a: Sableye
|-damage|p2a: Sableye|0 fnt
|faint|p2a: Sableye
|
|-heal|p1a: Keldeo|62\/324|[from] item: Leftovers
|
|switch|p2a: Heatran|Heatran, F|324\/385
|-damage|p2a: Heatran|276\/385|[from] Stealth Rock
|turn|34
|c|âbigdickplayer|gg nub
|
|move|p1a: Keldeo|Secret Sword|p2a: Heatran
|-supereffective|p2a: Heatran
|-damage|p2a: Heatran|0 fnt
|faint|p2a: Heatran
|
|-heal|p1a: Keldeo|82\/324|[from] item: Leftovers
|-message|BlurryCineplex forfeited.
|
|win|bigdickplayer
|raw|Ladder updating...
|leave|BlurryCineplex
|player|p2
|raw|bigdickplayer's rating: 1388 &rarr; <strong>1409<\/strong><br \/>(+21 for winning)
|raw|BlurryCineplex's rating: 1405 &rarr; <strong>1384<\/strong><br \/>(-21 for losing)