|join|yoman6
|join|bigdickplayer
|player|p1|yoman6|99
|player|p2|bigdickplayer|265
|gametype|singles
|gen|6
|tier|ORAS OU
|rated
|rule|Sleep Clause Mod: Limit one foe put to sleep
|rule|Species Clause: Limit one of each PokÃ©mon
|rule|OHKO Clause: OHKO moves are banned
|rule|Moody Clause: Moody is banned
|rule|Evasion Moves Clause: Evasion moves are banned
|rule|Endless Battle Clause: Forcing endless battles is banned
|rule|HP Percentage Mod: HP is shown in percentages
|clearpoke
|poke|p1|Metagross
|poke|p1|Rotom-Heat
|poke|p1|Keldeo
|poke|p1|Azumarill, F
|poke|p1|Excadrill, F
|poke|p1|Kyurem-Black
|poke|p2|Diancie
|poke|p2|Keldeo
|poke|p2|Skarmory, F
|poke|p2|Landorus-Therian, M
|poke|p2|Mew, shiny
|poke|p2|Crawdaunt, F
|rule|Swagger Clause: Swagger is banned
|rule|Baton Pass Clause: Limit one PokÃ©mon knowing Baton Pass
|teampreview
|
|start
|switch|p1a: Azumarill|Azumarill, F|392\/392
|switch|p2a: Landorus-Therian|Landorus-Therian, M|320\/320
|-ability|p2a: Landorus-Therian|Intimidate|[of] p1a: Azumarill
|-unboost|p1a: Azumarill|atk|1
|turn|1
|
|move|p2a: Landorus-Therian|U-turn|p1a: Azumarill
|-resisted|p1a: Azumarill
|-damage|p1a: Azumarill|334\/392
|
|switch|p2a: Skarmory|Skarmory, F|334\/334
|move|p1a: Azumarill|Waterfall|p2a: Skarmory
|-damage|p2a: Skarmory|238\/334
|-damage|p1a: Azumarill|269\/392|[from] item: Rocky Helmet|[of] p2a: Skarmory
|
|turn|2
|
|switch|p1a: Rotom-Heat|Rotom-Heat|241\/241
|move|p2a: Skarmory|Stealth Rock|p1a: Rotom-Heat
|-sidestart|p1: yoman6|move: Stealth Rock
|
|turn|3
|
|switch|p2a: Diancie|Diancie|241\/241
|move|p1a: Rotom-Heat|Overheat|p2a: Diancie
|-resisted|p2a: Diancie
|-damage|p2a: Diancie|116\/241
|-unboost|p1a: Rotom-Heat|spa|2
|
|turn|4
|
|switch|p1a: Metagross|Metagross|301\/301
|-damage|p1a: Metagross|283\/301|[from] Stealth Rock
|detailschange|p2a: Diancie|Diancie-Mega
|message|Diancie has Mega Evolved into Mega Diancie!
|move|p2a: Diancie|Earth Power|p1a: Metagross
|-supereffective|p1a: Metagross
|-damage|p1a: Metagross|17\/301
|
|turn|5
|
|switch|p2a: Skarmory|Skarmory, F|238\/334
|detailschange|p1a: Metagross|Metagross-Mega
|message|Metagross has Mega Evolved into Mega Metagross!
|move|p1a: Metagross|Bullet Punch|p2a: Skarmory
|-resisted|p2a: Skarmory
|-damage|p2a: Skarmory|206\/334
|-damage|p1a: Metagross|0 fnt|[from] item: Rocky Helmet|[of] p2a: Skarmory
|faint|p1a: Metagross
|
|
|switch|p1a: Rotom-Heat|Rotom-Heat|241\/241
|-damage|p1a: Rotom-Heat|181\/241|[from] Stealth Rock
|turn|6
|
|switch|p2a: Landorus-Therian|Landorus-Therian, M|320\/320
|-ability|p2a: Landorus-Therian|Intimidate|[of] p1a: Rotom-Heat
|-unboost|p1a: Rotom-Heat|atk|1
|move|p1a: Rotom-Heat|Volt Switch|p2a: Landorus-Therian
|-immune|p2a: Landorus-Therian|[msg]
|
|turn|7
|
|switch|p1a: Excadrill|Excadrill, F|361\/361
|-damage|p1a: Excadrill|350\/361|[from] Stealth Rock
|-ability|p1a: Excadrill|Mold Breaker
|move|p2a: Landorus-Therian|U-turn|p1a: Excadrill
|-resisted|p1a: Excadrill
|-damage|p1a: Excadrill|281\/361
|
|switch|p2a: Keldeo|Keldeo|324\/324
|
|turn|8
|
|move|p1a: Excadrill|Rapid Spin|p2a: Keldeo
|-damage|p2a: Keldeo|296\/324
|-sideend|p1: yoman6|Stealth Rock|[from] move: Rapid Spin|[of] p1a: Excadrill
|move|p2a: Keldeo|Scald|p1a: Excadrill
|-crit|p1a: Excadrill
|-supereffective|p1a: Excadrill
|-damage|p1a: Excadrill|0 fnt
|faint|p1a: Excadrill
|
|-heal|p2a: Keldeo|316\/324|[from] item: Leftovers
|
|switch|p1a: Azumarill|Azumarill, F|269\/392
|turn|9
|
|move|p2a: Keldeo|Substitute|p2a: Keldeo
|-start|p2a: Keldeo|Substitute
|-damage|p2a: Keldeo|235\/324
|move|p1a: Azumarill|Knock Off|p2a: Keldeo
|-crit|p2a: Keldeo
|-resisted|p2a: Keldeo
|-end|p2a: Keldeo|Substitute
|
|-heal|p2a: Keldeo|255\/324|[from] item: Leftovers
|turn|10
|
|switch|p1a: Keldeo|Keldeo|323\/323
|move|p2a: Keldeo|Substitute|p2a: Keldeo
|-start|p2a: Keldeo|Substitute
|-damage|p2a: Keldeo|174\/324
|
|-heal|p2a: Keldeo|194\/324|[from] item: Leftovers
|turn|11
|
|move|p1a: Keldeo|Calm Mind|p1a: Keldeo
|-boost|p1a: Keldeo|spa|1
|-boost|p1a: Keldeo|spd|1
|move|p2a: Keldeo|Secret Sword|p1a: Keldeo
|-damage|p1a: Keldeo|146\/323
|
|-heal|p1a: Keldeo|166\/323|[from] item: Leftovers
|-heal|p2a: Keldeo|214\/324|[from] item: Leftovers
|turn|12
|
|move|p1a: Keldeo|Secret Sword|p2a: Keldeo
|-end|p2a: Keldeo|Substitute
|move|p2a: Keldeo|Secret Sword|p1a: Keldeo
|-damage|p1a: Keldeo|0 fnt
|faint|p1a: Keldeo
|
|-heal|p2a: Keldeo|234\/324|[from] item: Leftovers
|
|switch|p1a: Rotom-Heat|Rotom-Heat|181\/241
|turn|13
|
|switch|p2a: Mew|Mew, shiny|404\/404
|move|p1a: Rotom-Heat|Overheat|p2a: Mew
|-damage|p2a: Mew|184\/404
|-unboost|p1a: Rotom-Heat|spa|2
|
|-heal|p2a: Mew|209\/404|[from] item: Leftovers
|turn|14
|
|switch|p1a: Kyurem-Black|Kyurem-Black|453\/453
|-ability|p1a: Kyurem-Black|Teravolt
|move|p2a: Mew|Will-O-Wisp|p1a: Kyurem-Black
|-status|p1a: Kyurem-Black|brn
|
|-heal|p2a: Mew|234\/404|[from] item: Leftovers
|-damage|p1a: Kyurem-Black|397\/453 brn|[from] brn
|turn|15
|
|switch|p1a: Rotom-Heat|Rotom-Heat|181\/241
|move|p2a: Mew|Roost|p2a: Mew
|-heal|p2a: Mew|404\/404
|
|turn|16
|
|switch|p2a: Diancie|Diancie-Mega|116\/241
|move|p1a: Rotom-Heat|Trick|p2a: Diancie
|-fail|p2a: Diancie
|
|turn|17
|-message|yoman6 forfeited.
|
|win|bigdickplayer
|raw|Ladder updating...
|c|âbigdickplayer|LOL
|leave|yoman6
|player|p1
|raw|Ladder (probably) updated, but score could not be retrieved (timeout).
|raw|Ladder (probably) updated, but score could not be retrieved (Error: socket hang up).
|leave|bigdickplayer
|player|p2
|join|bigdickplayer
|leave|bigdickplayer
|join|bigdickplayer