|join|kimpy7
|join|bigdickplayer
|player|p1|kimpy7|2
|player|p2|bigdickplayer|266
|gametype|singles
|gen|6
|tier|ORAS OU
|rated
|rule|Sleep Clause Mod: Limit one foe put to sleep
|rule|Species Clause: Limit one of each PokÃ©mon
|rule|OHKO Clause: OHKO moves are banned
|rule|Moody Clause: Moody is banned
|rule|Evasion Moves Clause: Evasion moves are banned
|rule|Endless Battle Clause: Forcing endless battles is banned
|rule|HP Percentage Mod: HP is shown in percentages
|clearpoke
|poke|p1|Salamence, M
|poke|p1|Latias, F
|poke|p1|Magnezone
|poke|p1|Rotom-Wash
|poke|p1|Landorus-Therian, M
|poke|p1|Keldeo
|poke|p2|Sableye, F
|poke|p2|Greninja, F
|poke|p2|Chansey, F
|poke|p2|Skarmory, F
|poke|p2|Keldeo
|poke|p2|Bisharp, M
|rule|Swagger Clause: Swagger is banned
|rule|Baton Pass Clause: Limit one PokÃ©mon knowing Baton Pass
|teampreview
|
|start
|switch|p1a: Rotom-Wash|Rotom-Wash|304\/304
|switch|p2a: Sableye|Sableye, F|304\/304
|turn|1
|
|detailschange|p2a: Sableye|Sableye-Mega, F
|message|Sableye has Mega Evolved into Mega Sableye!
|move|p2a: Sableye|Calm Mind|p2a: Sableye
|-boost|p2a: Sableye|spa|1
|-boost|p2a: Sableye|spd|1
|move|p1a: Rotom-Wash|Volt Switch|p2a: Sableye
|-damage|p2a: Sableye|252\/304
|
|switch|p1a: Magnezone|Magnezone|344\/344
|
|turn|2
|
|move|p1a: Magnezone|Thunderbolt|p2a: Sableye
|-damage|p2a: Sableye|83\/304
|move|p2a: Sableye|Recover|p2a: Sableye
|-heal|p2a: Sableye|235\/304
|
|turn|3
|
|switch|p2a: Chansey|Chansey, F|704\/704
|move|p1a: Magnezone|Thunderbolt|p2a: Chansey
|-damage|p2a: Chansey|529\/704
|
|turn|4
|
|switch|p1a: Landorus-Therian|Landorus-Therian, M|382\/382
|-ability|p1a: Landorus-Therian|Intimidate|[of] p2a: Chansey
|-unboost|p2a: Chansey|atk|1
|move|p2a: Chansey|Seismic Toss|p1a: Landorus-Therian
|-damage|p1a: Landorus-Therian|282\/382
|
|-heal|p1a: Landorus-Therian|305\/382|[from] item: Leftovers
|turn|5
|
|switch|p2a: Sableye|Sableye-Mega, F|235\/304
|move|p1a: Landorus-Therian|Stealth Rock|p2a: Sableye
|move|p2a: Sableye|Stealth Rock|p1a: Landorus-Therian|[from]Magic Bounce
|-sidestart|p1: kimpy7|move: Stealth Rock
|
|-heal|p1a: Landorus-Therian|328\/382|[from] item: Leftovers
|turn|6
|
|move|p1a: Landorus-Therian|U-turn|p2a: Sableye
|-damage|p2a: Sableye|191\/304
|
|switch|p1a: Magnezone|Magnezone|344\/344
|-damage|p1a: Magnezone|323\/344|[from] Stealth Rock
|move|p2a: Sableye|Will-O-Wisp|p1a: Magnezone
|-status|p1a: Magnezone|brn
|
|-damage|p1a: Magnezone|280\/344 brn|[from] brn
|turn|7
|
|switch|p2a: Chansey|Chansey, F|529\/704
|move|p1a: Magnezone|Volt Switch|p2a: Chansey
|-damage|p2a: Chansey|393\/704
|
|switch|p1a: Landorus-Therian|Landorus-Therian, M|328\/382
|-damage|p1a: Landorus-Therian|281\/382|[from] Stealth Rock
|-ability|p1a: Landorus-Therian|Intimidate|[of] p2a: Chansey
|-unboost|p2a: Chansey|atk|1
|
|-heal|p1a: Landorus-Therian|304\/382|[from] item: Leftovers
|turn|8
|
|switch|p2a: Keldeo|Keldeo|323\/323
|move|p1a: Landorus-Therian|U-turn|p2a: Keldeo
|-resisted|p2a: Keldeo
|-damage|p2a: Keldeo|282\/323
|
|switch|p1a: Latias|Latias, F|302\/302
|-damage|p1a: Latias|265\/302|[from] Stealth Rock
|
|-heal|p2a: Keldeo|302\/323|[from] item: Leftovers
|turn|9
|
|switch|p2a: Greninja|Greninja, F|285\/285
|move|p1a: Latias|Defog|p2a: Greninja
|-unboost|p2a: Greninja|evasion|1
|-sideend|p1: kimpy7|Stealth Rock|[from] move: Defog|[of] p1a: Latias
|
|turn|10
|
|switch|p1a: Keldeo|Keldeo|323\/323
|move|p2a: Greninja|Gunk Shot|p1a: Keldeo
|-start|p2a: Greninja|typechange|Poison|[from] Protean
|-damage|p1a: Keldeo|123\/323
|-damage|p2a: Greninja|257\/285|[from] item: Life Orb
|
|turn|11
|
|move|p1a: Keldeo|Hydro Pump|p2a: Greninja
|-damage|p2a: Greninja|0 fnt
|faint|p2a: Greninja
|
|
|switch|p2a: Keldeo|Keldeo|302\/323
|turn|12
|
|switch|p1a: Rotom-Wash|Rotom-Wash|304\/304
|move|p2a: Keldeo|Substitute|p2a: Keldeo
|-start|p2a: Keldeo|Substitute
|-damage|p2a: Keldeo|222\/323
|
|-heal|p2a: Keldeo|242\/323|[from] item: Leftovers
|turn|13
|
|move|p2a: Keldeo|Secret Sword|p1a: Rotom-Wash
|-damage|p1a: Rotom-Wash|156\/304
|move|p1a: Rotom-Wash|Volt Switch|p2a: Keldeo
|-supereffective|p2a: Keldeo
|-end|p2a: Keldeo|Substitute
|
|switch|p1a: Latias|Latias, F|265\/302
|
|-heal|p2a: Keldeo|262\/323|[from] item: Leftovers
|turn|14
|
|switch|p2a: Skarmory|Skarmory, F|334\/334
|move|p1a: Latias|Draco Meteor|p2a: Skarmory|[miss]
|-miss|p1a: Latias|p2a: Skarmory
|
|turn|15
|
|switch|p1a: Magnezone|Magnezone|280\/344 brn
|move|p2a: Skarmory|Stealth Rock|p1a: Magnezone
|-sidestart|p1: kimpy7|move: Stealth Rock
|
|-damage|p1a: Magnezone|237\/344 brn|[from] brn
|turn|16
|
|switch|p2a: Chansey|Chansey, F|393\/704
|move|p1a: Magnezone|Volt Switch|p2a: Chansey
|-damage|p2a: Chansey|251\/704
|
|switch|p1a: Keldeo|Keldeo|123\/323
|-damage|p1a: Keldeo|103\/323|[from] Stealth Rock
|
|turn|17
|
|switch|p2a: Skarmory|Skarmory, F|334\/334
|move|p1a: Keldeo|Secret Sword|p2a: Skarmory
|-damage|p2a: Skarmory|252\/334
|
|turn|18
|
|switch|p1a: Magnezone|Magnezone|237\/344 brn
|-damage|p1a: Magnezone|216\/344 brn|[from] Stealth Rock
|move|p2a: Skarmory|Whirlwind|p1a: Magnezone
|drag|p1a: Landorus-Therian|Landorus-Therian, M|304\/382
|-damage|p1a: Landorus-Therian|257\/382|[from] Stealth Rock
|-ability|p1a: Landorus-Therian|Intimidate|[of] p2a: Skarmory
|-unboost|p2a: Skarmory|atk|1
|
|-heal|p1a: Landorus-Therian|280\/382|[from] item: Leftovers
|turn|19
|
|switch|p2a: Sableye|Sableye-Mega, F|191\/304
|move|p1a: Landorus-Therian|U-turn|p2a: Sableye
|-damage|p2a: Sableye|144\/304
|
|switch|p1a: Latias|Latias, F|265\/302
|-damage|p1a: Latias|228\/302|[from] Stealth Rock
|
|turn|20
|
|switch|p2a: Bisharp|Bisharp, M|271\/271
|move|p1a: Latias|Draco Meteor|p2a: Bisharp
|-resisted|p2a: Bisharp
|-damage|p2a: Bisharp|106\/271
|-unboost|p1a: Latias|spa|2
|-damage|p1a: Latias|198\/302|[from] item: Life Orb
|
|turn|21
|
|move|p1a: Latias|Defog|p2a: Bisharp
|-unboost|p2a: Bisharp|evasion|1
|-boost|p2a: Bisharp|atk|2|[from] ability: Defiant
|-sideend|p1: kimpy7|Stealth Rock|[from] move: Defog|[of] p1a: Latias
|move|p2a: Bisharp|Swords Dance|p2a: Bisharp
|-boost|p2a: Bisharp|atk|2
|
|turn|22
|c|âkimpy7|lol
|c|âkimpy7|oops
|
|move|p2a: Bisharp|Sucker Punch|p1a: Latias
|-supereffective|p1a: Latias
|-damage|p1a: Latias|0 fnt
|faint|p1a: Latias
|
|
|switch|p1a: Landorus-Therian|Landorus-Therian, M|280\/382
|-ability|p1a: Landorus-Therian|Intimidate|[of] p2a: Bisharp
|-unboost|p2a: Bisharp|atk|1
|-boost|p2a: Bisharp|atk|2|[from] ability: Defiant
|turn|23
|
|move|p2a: Bisharp|Sucker Punch|p1a: Landorus-Therian
|-crit|p1a: Landorus-Therian
|-damage|p1a: Landorus-Therian|0 fnt
|faint|p1a: Landorus-Therian
|
|-message|kimpy7 forfeited.
|
|win|bigdickplayer
|raw|Ladder updating...
|leave|kimpy7
|player|p1
|raw|kimpy7's rating: 1460 &rarr; <strong>1440<\/strong><br \/>(-20 for losing)
|raw|bigdickplayer's rating: 1464 &rarr; <strong>1484<\/strong><br \/>(+20 for winning)