|join|gokudeira12
|join|bigdickplayer
|player|p1|gokudeira12|209
|player|p2|bigdickplayer|169
|gametype|singles
|gen|6
|tier|ORAS OU
|rated
|rule|Sleep Clause Mod: Limit one foe put to sleep
|rule|Species Clause: Limit one of each PokÃ©mon
|rule|OHKO Clause: OHKO moves are banned
|rule|Moody Clause: Moody is banned
|rule|Evasion Moves Clause: Evasion moves are banned
|rule|Endless Battle Clause: Forcing endless battles is banned
|rule|HP Percentage Mod: HP is shown in percentages
|clearpoke
|poke|p1|Beedrill, F
|poke|p1|Talonflame, F
|poke|p1|Latias, F
|poke|p1|Scizor, M
|poke|p1|Landorus-Therian, M
|poke|p1|Rotom-Wash
|poke|p2|Sableye, F
|poke|p2|Greninja, F
|poke|p2|Chansey, F
|poke|p2|Skarmory, M
|poke|p2|Klefki, F
|poke|p2|Bisharp, M
|rule|Swagger Clause: Swagger is banned
|rule|Baton Pass Clause: Limit one PokÃ©mon knowing Baton Pass
|teampreview
|
|start
|switch|p1a: Beedrill|Beedrill, F|272\/272
|switch|p2a: Sableye|Sableye, F|304\/304
|turn|1
|
|detailschange|p1a: Beedrill|Beedrill-Mega, F
|message|Beedrill has Mega Evolved into Mega Beedrill!
|move|p1a: Beedrill|Protect|p1a: Beedrill
|-singleturn|p1a: Beedrill|Protect
|move|p2a: Sableye|Will-O-Wisp|p1a: Beedrill
|-activate|p1a: Beedrill|Protect
|
|turn|2
|
|switch|p1a: Latias|Latias, F|302\/302
|switch|p2a: Skarmory|Skarmory, M|334\/334
|
|turn|3
|
|switch|p1a: Landorus-Therian|Landorus-Therian, M|382\/382
|-ability|p1a: Landorus-Therian|Intimidate|[of] p2a: Skarmory
|-unboost|p2a: Skarmory|atk|1
|switch|p2a: Klefki|Klefki, F|318\/318
|
|turn|4
|
|switch|p2a: Skarmory|Skarmory, M|334\/334
|move|p1a: Landorus-Therian|Stealth Rock|p2a: Skarmory
|-sidestart|p2: bigdickplayer|move: Stealth Rock
|
|turn|5
|
|move|p1a: Landorus-Therian|U-turn|p2a: Skarmory
|-resisted|p2a: Skarmory
|-damage|p2a: Skarmory|319\/334
|
|switch|p1a: Rotom-Wash|Rotom-Wash|241\/241
|move|p2a: Skarmory|Stealth Rock|p1a: Rotom-Wash
|-sidestart|p1: gokudeira12|move: Stealth Rock
|
|turn|6
|
|switch|p2a: Klefki|Klefki, F|318\/318
|-damage|p2a: Klefki|299\/318|[from] Stealth Rock
|move|p1a: Rotom-Wash|Volt Switch|p2a: Klefki
|-damage|p2a: Klefki|184\/318
|
|switch|p1a: Latias|Latias, F|302\/302
|-damage|p1a: Latias|265\/302|[from] Stealth Rock
|
|-heal|p1a: Latias|283\/302|[from] item: Leftovers
|turn|7
|
|move|p2a: Klefki|Switcheroo|p1a: Latias
|-activate|p2a: Klefki|move: Trick|[of] p1a: Latias
|-item|p1a: Latias|Choice Band|[from] Trick
|-item|p2a: Klefki|Leftovers|[from] Trick
|move|p1a: Latias|Defog|p2a: Klefki
|-unboost|p2a: Klefki|evasion|1
|-sideend|p2: bigdickplayer|Stealth Rock|[from] move: Defog|[of] p2a: Klefki
|-sideend|p1: gokudeira12|Stealth Rock|[from] move: Defog|[of] p1a: Latias
|
|-heal|p2a: Klefki|203\/318|[from] item: Leftovers
|turn|8
|
|switch|p1a: Rotom-Wash|Rotom-Wash|241\/241
|move|p2a: Klefki|Spikes|p1a: Rotom-Wash
|-sidestart|p1: gokudeira12|Spikes
|
|-heal|p2a: Klefki|222\/318|[from] item: Leftovers
|turn|9
|
|switch|p2a: Chansey|Chansey, F|704\/704
|move|p1a: Rotom-Wash|Trick|p2a: Chansey
|-activate|p1a: Rotom-Wash|move: Trick|[of] p2a: Chansey
|-item|p2a: Chansey|Choice Scarf|[from] move: Trick
|-item|p1a: Rotom-Wash|Eviolite|[from] move: Trick
|
|turn|10
|
|move|p1a: Rotom-Wash|Will-O-Wisp|p2a: Chansey
|-status|p2a: Chansey|brn
|move|p2a: Chansey|Seismic Toss|p1a: Rotom-Wash
|-damage|p1a: Rotom-Wash|141\/241
|
|-damage|p2a: Chansey|616\/704 brn|[from] brn
|turn|11
|
|move|p1a: Rotom-Wash|Volt Switch|p2a: Chansey
|-damage|p2a: Chansey|513\/704 brn
|
|switch|p1a: Landorus-Therian|Landorus-Therian, M|382\/382
|-ability|p1a: Landorus-Therian|Intimidate|[of] p2a: Chansey
|-unboost|p2a: Chansey|atk|1
|move|p2a: Chansey|Seismic Toss|p1a: Landorus-Therian
|-damage|p1a: Landorus-Therian|282\/382
|
|-heal|p1a: Landorus-Therian|305\/382|[from] item: Leftovers
|-damage|p2a: Chansey|425\/704 brn|[from] brn
|turn|12
|
|switch|p2a: Skarmory|Skarmory, M|319\/334
|move|p1a: Landorus-Therian|Earthquake|p2a: Skarmory
|-immune|p2a: Skarmory|[msg]
|
|-heal|p1a: Landorus-Therian|328\/382|[from] item: Leftovers
|turn|13
|
|move|p1a: Landorus-Therian|Stealth Rock|p2a: Skarmory
|-sidestart|p2: bigdickplayer|move: Stealth Rock
|move|p2a: Skarmory|Stealth Rock|p1a: Landorus-Therian
|-sidestart|p1: gokudeira12|move: Stealth Rock
|
|-heal|p1a: Landorus-Therian|351\/382|[from] item: Leftovers
|turn|14
|
|move|p1a: Landorus-Therian|Stone Edge|p2a: Skarmory|[miss]
|-miss|p1a: Landorus-Therian|p2a: Skarmory
|move|p2a: Skarmory|Whirlwind|p1a: Landorus-Therian
|drag|p1a: Talonflame|Talonflame, F|298\/298
|-damage|p1a: Talonflame|149\/298|[from] Stealth Rock
|
|turn|15
|
|move|p1a: Talonflame|Flare Blitz|p2a: Skarmory
|-supereffective|p2a: Skarmory
|-damage|p2a: Skarmory|77\/334
|-damage|p1a: Talonflame|69\/298|[from] recoil|[of] p2a: Skarmory
|move|p2a: Skarmory|Roost|p2a: Skarmory
|-heal|p2a: Skarmory|244\/334
|
|turn|16
|
|move|p1a: Talonflame|Flare Blitz|p2a: Skarmory
|-supereffective|p2a: Skarmory
|-damage|p2a: Skarmory|0 fnt
|-damage|p1a: Talonflame|0 fnt|[from] recoil|[of] p2a: Skarmory
|faint|p2a: Skarmory
|faint|p1a: Talonflame
|
|
|switch|p1a: Latias|Latias, F|283\/302
|-damage|p1a: Latias|246\/302|[from] Stealth Rock
|switch|p2a: Sableye|Sableye, F|304\/304
|-damage|p2a: Sableye|266\/304|[from] Stealth Rock
|turn|17
|
|switch|p2a: Bisharp|Bisharp, M|271\/271
|-damage|p2a: Bisharp|255\/271|[from] Stealth Rock
|move|p1a: Latias|Draco Meteor|p2a: Bisharp
|-crit|p2a: Bisharp
|-resisted|p2a: Bisharp
|-damage|p2a: Bisharp|57\/271
|-unboost|p1a: Latias|spa|2
|
|turn|18
|c|âbigdickplayer|nice crits
|
|switch|p1a: Rotom-Wash|Rotom-Wash|141\/241
|-damage|p1a: Rotom-Wash|111\/241|[from] Stealth Rock
|move|p2a: Bisharp|Knock Off|p1a: Rotom-Wash
|-damage|p1a: Rotom-Wash|0 fnt
|-enditem|p1a: Rotom-Wash|Eviolite|[from] move: Knock Off|[of] p2a: Bisharp
|faint|p1a: Rotom-Wash
|
|
|switch|p1a: Scizor|Scizor, M|329\/329
|-damage|p1a: Scizor|288\/329|[from] Stealth Rock
|-damage|p1a: Scizor|247\/329|[from] Spikes
|turn|19
|
|move|p1a: Scizor|Bullet Punch|p2a: Bisharp
|-resisted|p2a: Bisharp
|-damage|p2a: Bisharp|0 fnt
|faint|p2a: Bisharp
|
|
|switch|p2a: Sableye|Sableye, F|266\/304
|-damage|p2a: Sableye|228\/304|[from] Stealth Rock
|turn|20
|
|switch|p1a: Latias|Latias, F|246\/302
|-damage|p1a: Latias|209\/302|[from] Stealth Rock
|detailschange|p2a: Sableye|Sableye-Mega, F
|message|Sableye has Mega Evolved into Mega Sableye!
|move|p2a: Sableye|Will-O-Wisp|p1a: Latias
|-status|p1a: Latias|brn
|
|-damage|p1a: Latias|172\/302 brn|[from] brn
|turn|21
|
|move|p1a: Latias|Defog|p2a: Sableye
|move|p2a: Sableye|Defog|p1a: Latias|[from]Magic Bounce
|-unboost|p1a: Latias|evasion|1
|-sideend|p1: gokudeira12|Spikes|[from] move: Defog|[of] p1a: Latias
|-sideend|p1: gokudeira12|Stealth Rock|[from] move: Defog|[of] p1a: Latias
|-sideend|p2: bigdickplayer|Stealth Rock|[from] move: Defog|[of] p2a: Sableye
|move|p2a: Sableye|Calm Mind|p2a: Sableye
|-boost|p2a: Sableye|spa|1
|-boost|p2a: Sableye|spd|1
|
|-damage|p1a: Latias|135\/302 brn|[from] brn
|turn|22
|
|switch|p1a: Scizor|Scizor, M|247\/329
|move|p2a: Sableye|Will-O-Wisp|p1a: Scizor
|-status|p1a: Scizor|brn
|
|-damage|p1a: Scizor|206\/329 brn|[from] brn
|turn|23
|
|move|p1a: Scizor|U-turn|p2a: Sableye
|-damage|p2a: Sableye|164\/304
|
|switch|p1a: Latias|Latias, F|135\/302 brn
|move|p2a: Sableye|Calm Mind|p2a: Sableye
|-boost|p2a: Sableye|spa|1
|-boost|p2a: Sableye|spd|1
|
|-damage|p1a: Latias|98\/302 brn|[from] brn
|turn|24
|
|move|p1a: Latias|Draco Meteor|p2a: Sableye
|-damage|p2a: Sableye|64\/304
|-unboost|p1a: Latias|spa|2
|move|p2a: Sableye|Recover|p2a: Sableye
|-heal|p2a: Sableye|216\/304
|
|-damage|p1a: Latias|61\/302 brn|[from] brn
|turn|25
|
|move|p1a: Latias|Draco Meteor|p2a: Sableye
|-damage|p2a: Sableye|167\/304
|-unboost|p1a: Latias|spa|2
|move|p2a: Sableye|Recover|p2a: Sableye
|-heal|p2a: Sableye|304\/304
|
|-damage|p1a: Latias|24\/302 brn|[from] brn
|turn|26
|
|move|p1a: Latias|Draco Meteor|p2a: Sableye
|-damage|p2a: Sableye|273\/304
|-unboost|p1a: Latias|spa|2
|move|p2a: Sableye|Calm Mind|p2a: Sableye
|-boost|p2a: Sableye|spa|1
|-boost|p2a: Sableye|spd|1
|
|-damage|p1a: Latias|0 fnt|[from] brn
|faint|p1a: Latias
|
|switch|p1a: Landorus-Therian|Landorus-Therian, M|351\/382
|-ability|p1a: Landorus-Therian|Intimidate|[of] p2a: Sableye
|-unboost|p2a: Sableye|atk|1
|turn|27
|
|move|p1a: Landorus-Therian|Earthquake|p2a: Sableye
|-damage|p2a: Sableye|141\/304
|move|p2a: Sableye|Will-O-Wisp|p1a: Landorus-Therian
|-status|p1a: Landorus-Therian|brn
|
|-heal|p1a: Landorus-Therian|374\/382 brn|[from] item: Leftovers
|-damage|p1a: Landorus-Therian|327\/382 brn|[from] brn
|turn|28
|
|move|p1a: Landorus-Therian|Stone Edge|p2a: Sableye|[miss]
|-miss|p1a: Landorus-Therian|p2a: Sableye
|move|p2a: Sableye|Recover|p2a: Sableye
|-heal|p2a: Sableye|293\/304
|
|-heal|p1a: Landorus-Therian|350\/382 brn|[from] item: Leftovers
|-damage|p1a: Landorus-Therian|303\/382 brn|[from] brn
|turn|29
|-message|gokudeira12 forfeited.
|
|win|bigdickplayer
|raw|Ladder updating...
|raw|gokudeira12's rating: 1333 &rarr; <strong>1318<\/strong><br \/>(-15 for losing)
|raw|bigdickplayer's rating: 1409 &rarr; <strong>1425<\/strong><br \/>(+16 for winning)
|leave|gokudeira12
|player|p1