|join|Pheonixmaster
|join|bigdickplayer
|player|p1|Pheonixmaster|248
|player|p2|bigdickplayer|101
|gametype|singles
|gen|6
|tier|OU
|rated
|clearpoke
|poke|p1|Gardevoir, F
|poke|p1|Latios, M
|poke|p1|Keldeo
|poke|p1|Ferrothorn, M
|poke|p1|Tyranitar, M
|poke|p1|Excadrill, M
|poke|p2|Garchomp, M
|poke|p2|Latias, F
|poke|p2|Talonflame, F
|poke|p2|Magnezone
|poke|p2|Pinsir, M
|poke|p2|Azumarill, F
|rule|Swagger Clause: Swagger is banned
|rule|Baton Pass Clause: Limit one PokÃ©mon knowing Baton Pass
|rule|Sleep Clause Mod: Limit one foe put to sleep
|rule|Species Clause: Limit one of each PokÃ©mon
|rule|OHKO Clause: OHKO moves are banned
|rule|Moody Clause: Moody is banned
|rule|Evasion Moves Clause: Evasion moves are banned
|rule|Endless Battle Clause: Forcing endless battles is banned
|rule|HP Percentage Mod: HP is shown in percentages
|teampreview
|
|start
|switch|p1a: Keldeo|Keldeo|323\/323
|switch|p2a: Garchomp|Garchomp, M|358\/358
|turn|1
|
|move|p1a: Keldeo|Scald|p2a: Garchomp
|-damage|p2a: Garchomp|100\/358
|-status|p2a: Garchomp|brn
|move|p2a: Garchomp|Stealth Rock|p1a: Keldeo
|-sidestart|p1: Pheonixmaster|move: Stealth Rock
|
|-damage|p2a: Garchomp|56\/358 brn|[from] brn
|turn|2
|
|switch|p2a: Latias|Latias, F|302\/302
|move|p1a: Keldeo|Scald|p2a: Latias
|-resisted|p2a: Latias
|-damage|p2a: Latias|212\/302
|
|turn|3
|
|switch|p2a: Magnezone|Magnezone|282\/282
|switch|p1a: Tyranitar|Tyranitar, M|403\/403
|-damage|p1a: Tyranitar|353\/403|[from] Stealth Rock
|-weather|Sandstorm
|
|-weather|Sandstorm|[upkeep]
|turn|4
|
|move|p2a: Magnezone|Volt Switch|p1a: Tyranitar
|-damage|p1a: Tyranitar|275\/403
|
|switch|p2a: Pinsir|Pinsir, M|271\/271
|move|p1a: Tyranitar|Stealth Rock|p2a: Pinsir
|-sidestart|p2: bigdickplayer|move: Stealth Rock
|
|-weather|Sandstorm|[upkeep]
|-damage|p2a: Pinsir|255\/271|[from] sandstorm
|turn|5
|
|switch|p1a: Ferrothorn|Ferrothorn, M|352\/352
|-damage|p1a: Ferrothorn|330\/352|[from] Stealth Rock
|move|p2a: Pinsir|Swords Dance|p2a: Pinsir
|-boost|p2a: Pinsir|atk|2
|
|-weather|Sandstorm|[upkeep]
|-damage|p2a: Pinsir|239\/271|[from] sandstorm
|-heal|p1a: Ferrothorn|352\/352|[from] item: Leftovers
|turn|6
|
|detailschange|p2a: Pinsir|Pinsir-Mega, M
|message|Pinsir has Mega Evolved into Mega Pinsir!
|move|p2a: Pinsir|Close Combat|p1a: Ferrothorn
|-supereffective|p1a: Ferrothorn
|-damage|p1a: Ferrothorn|0 fnt
|-damage|p2a: Pinsir|206\/271|[from] ability: Iron Barbs|[of] p1a: Ferrothorn
|-unboost|p2a: Pinsir|def|1
|-unboost|p2a: Pinsir|spd|1
|faint|p1a: Ferrothorn
|
|-weather|Sandstorm|[upkeep]
|-damage|p2a: Pinsir|190\/271|[from] sandstorm
|
|switch|p1a: Excadrill|Excadrill, M|361\/361
|-damage|p1a: Excadrill|350\/361|[from] Stealth Rock
|-item|p1a: Excadrill|Air Balloon
|turn|7
|
|switch|p2a: Garchomp|Garchomp, M|56\/358 brn
|-damage|p2a: Garchomp|34\/358 brn|[from] Stealth Rock
|move|p1a: Excadrill|Iron Head|p2a: Garchomp
|-damage|p2a: Garchomp|0 fnt
|-damage|p1a: Excadrill|305\/361|[from] ability: Rough Skin|[of] p2a: Garchomp
|faint|p2a: Garchomp
|
|-weather|Sandstorm|[upkeep]
|
|switch|p2a: Azumarill|Azumarill, F|404\/404
|-damage|p2a: Azumarill|354\/404|[from] Stealth Rock
|turn|8
|
|move|p1a: Excadrill|Earthquake|p2a: Azumarill
|-damage|p2a: Azumarill|108\/404
|move|p2a: Azumarill|Waterfall|p1a: Excadrill
|-supereffective|p1a: Excadrill
|-damage|p1a: Excadrill|0 fnt
|-enditem|p1a: Excadrill|Air Balloon
|faint|p1a: Excadrill
|
|-weather|Sandstorm|[upkeep]
|-damage|p2a: Azumarill|83\/404|[from] sandstorm
|
|switch|p1a: Latios|Latios, M|299\/299
|-damage|p1a: Latios|262\/299|[from] Stealth Rock
|turn|9
|
|switch|p2a: Magnezone|Magnezone|282\/282
|-damage|p2a: Magnezone|265\/282|[from] Stealth Rock
|move|p1a: Latios|Psyshock|p2a: Magnezone
|-resisted|p2a: Magnezone
|-damage|p2a: Magnezone|178\/282
|-damage|p1a: Latios|233\/299|[from] item: Life Orb
|
|-weather|Sandstorm|[upkeep]
|-damage|p1a: Latios|215\/299|[from] sandstorm
|turn|10
|
|switch|p1a: Keldeo|Keldeo|323\/323
|-damage|p1a: Keldeo|303\/323|[from] Stealth Rock
|move|p2a: Magnezone|Flash Cannon|p1a: Keldeo
|-resisted|p1a: Keldeo
|-damage|p1a: Keldeo|225\/323
|
|-weather|none
|turn|11
|
|switch|p2a: Latias|Latias, F|212\/302
|-damage|p2a: Latias|175\/302|[from] Stealth Rock
|switch|p1a: Tyranitar|Tyranitar, M|275\/403
|-damage|p1a: Tyranitar|225\/403|[from] Stealth Rock
|-weather|Sandstorm
|
|-weather|Sandstorm|[upkeep]
|-damage|p2a: Latias|157\/302|[from] sandstorm
|turn|12
|
|move|p2a: Latias|Healing Wish|p2a: Latias
|faint|p2a: Latias
|move|p1a: Tyranitar|Stealth Rock|p2: Latias
|-fail|p2: Latias
|
|-weather|Sandstorm|[upkeep]
|
|switch|p2a: Azumarill|Azumarill, F|83\/404
|-heal|p2a: Azumarill|404\/404|[from] move: Healing Wish
|-damage|p2a: Azumarill|354\/404|[from] Stealth Rock
|turn|13
|
|switch|p1a: Keldeo|Keldeo|225\/323
|-damage|p1a: Keldeo|205\/323|[from] Stealth Rock
|move|p2a: Azumarill|Waterfall|p1a: Keldeo
|-resisted|p1a: Keldeo
|-damage|p1a: Keldeo|113\/323
|
|-weather|Sandstorm|[upkeep]
|-damage|p1a: Keldeo|93\/323|[from] sandstorm
|-damage|p2a: Azumarill|329\/404|[from] sandstorm
|turn|14
|
|move|p1a: Keldeo|Scald|p2a: Azumarill
|-resisted|p2a: Azumarill
|-damage|p2a: Azumarill|239\/404
|move|p2a: Azumarill|Waterfall|p1a: Keldeo
|-resisted|p1a: Keldeo
|-damage|p1a: Keldeo|6\/323
|
|-weather|Sandstorm|[upkeep]
|-damage|p1a: Keldeo|0 fnt|[from] sandstorm
|-damage|p2a: Azumarill|214\/404|[from] sandstorm
|faint|p1a: Keldeo
|
|switch|p1a: Gardevoir|Gardevoir, F|277\/277
|-damage|p1a: Gardevoir|243\/277|[from] Stealth Rock
|-ability|p1a: Gardevoir|Huge Power|[from] ability: Trace|[of] p2a: Azumarill
|turn|15
|
|switch|p2a: Magnezone|Magnezone|178\/282
|-damage|p2a: Magnezone|161\/282|[from] Stealth Rock
|detailschange|p1a: Gardevoir|Gardevoir-Mega, F
|message|Gardevoir has Mega Evolved into Mega Gardevoir!
|move|p1a: Gardevoir|Psyshock|p2a: Magnezone
|-resisted|p2a: Magnezone
|-damage|p2a: Magnezone|74\/282
|
|-weather|Sandstorm|[upkeep]
|-damage|p1a: Gardevoir|226\/277|[from] sandstorm
|turn|16
|
|move|p2a: Magnezone|Flash Cannon|p1a: Gardevoir
|-supereffective|p1a: Gardevoir
|-damage|p1a: Gardevoir|10\/277
|move|p1a: Gardevoir|Hyper Voice|p2a: Magnezone
|-resisted|p2a: Magnezone
|-damage|p2a: Magnezone|0 fnt
|faint|p2a: Magnezone
|
|-weather|Sandstorm|[upkeep]
|-damage|p1a: Gardevoir|0 fnt|[from] sandstorm
|faint|p1a: Gardevoir
|
|switch|p1a: Tyranitar|Tyranitar, M|225\/403
|-damage|p1a: Tyranitar|175\/403|[from] Stealth Rock
|switch|p2a: Azumarill|Azumarill, F|214\/404
|-damage|p2a: Azumarill|164\/404|[from] Stealth Rock
|turn|17
|
|switch|p1a: Latios|Latios, M|215\/299
|-damage|p1a: Latios|178\/299|[from] Stealth Rock
|move|p2a: Azumarill|Play Rough|p1a: Latios
|-supereffective|p1a: Latios
|-damage|p1a: Latios|0 fnt
|faint|p1a: Latios
|
|-weather|Sandstorm|[upkeep]
|-damage|p2a: Azumarill|139\/404|[from] sandstorm
|
|switch|p1a: Tyranitar|Tyranitar, M|175\/403
|-damage|p1a: Tyranitar|125\/403|[from] Stealth Rock
|turn|18
|c|âbigdickplayer|gg
|
|move|p2a: Azumarill|Aqua Jet|p1a: Tyranitar
|-supereffective|p1a: Tyranitar
|-damage|p1a: Tyranitar|0 fnt
|faint|p1a: Tyranitar
|
|win|bigdickplayer
|raw|Ladder updating...
|raw|Pheonixmaster's rating: 1808 &rarr; <strong>1788<\/strong><br \/>(-20 for losing)
|raw|bigdickplayer's rating: 1807 &rarr; <strong>1827<\/strong><br \/>(+20 for winning)
|leave|Pheonixmaster
|player|p1