|join|angel0mike
|join|bigdickplayer
|player|p1|angel0mike|144
|player|p2|bigdickplayer|266
|gametype|singles
|gen|6
|tier|OU
|rated
|clearpoke
|poke|p1|Beedrill, M
|poke|p1|Magnezone
|poke|p1|Mamoswine, F
|poke|p1|Azumarill, F
|poke|p1|Latios, M
|poke|p1|Keldeo
|poke|p2|Diancie
|poke|p2|Gothitelle, M
|poke|p2|Rotom-Wash
|poke|p2|Ferrothorn, M
|poke|p2|Keldeo-Resolute
|poke|p2|Landorus-Therian, M
|rule|Swagger Clause: Swagger is banned
|rule|Baton Pass Clause: Limit one PokÃ©mon knowing Baton Pass
|rule|Sleep Clause Mod: Limit one foe put to sleep
|rule|Species Clause: Limit one of each PokÃ©mon
|rule|OHKO Clause: OHKO moves are banned
|rule|Moody Clause: Moody is banned
|rule|Evasion Moves Clause: Evasion moves are banned
|rule|Endless Battle Clause: Forcing endless battles is banned
|rule|HP Percentage Mod: HP is shown in percentages
|teampreview
|
|start
|switch|p1a: Beedrill|Beedrill, M|271\/271
|switch|p2a: Keldeo-Resolute|Keldeo-Resolute|324\/324
|turn|1
|
|detailschange|p1a: Beedrill|Beedrill-Mega, M
|message|Beedrill has Mega Evolved into Mega Beedrill!
|move|p1a: Beedrill|Protect|p1a: Beedrill
|-singleturn|p1a: Beedrill|Protect
|move|p2a: Keldeo-Resolute|Substitute|p2a: Keldeo-Resolute
|-start|p2a: Keldeo-Resolute|Substitute
|-damage|p2a: Keldeo-Resolute|243\/324
|
|-heal|p2a: Keldeo-Resolute|263\/324|[from] item: Leftovers
|turn|2
|
|move|p1a: Beedrill|U-turn|p2a: Keldeo-Resolute
|-resisted|p2a: Keldeo-Resolute
|-end|p2a: Keldeo-Resolute|Substitute
|
|switch|p1a: Latios|Latios, M|301\/301
|move|p2a: Keldeo-Resolute|Scald|p1a: Latios
|-resisted|p1a: Latios
|-damage|p1a: Latios|232\/301
|-status|p1a: Latios|brn
|
|-heal|p2a: Keldeo-Resolute|283\/324|[from] item: Leftovers
|-damage|p1a: Latios|195\/301 brn|[from] brn
|turn|3
|
|switch|p1a: Magnezone|Magnezone|281\/281
|switch|p2a: Ferrothorn|Ferrothorn, M|352\/352
|
|turn|4
|
|move|p1a: Magnezone|Hidden Power|p2a: Ferrothorn
|-supereffective|p2a: Ferrothorn
|-damage|p2a: Ferrothorn|92\/352
|move|p2a: Ferrothorn|Stealth Rock|p1a: Magnezone
|-sidestart|p1: angel0mike|move: Stealth Rock
|
|-heal|p2a: Ferrothorn|114\/352|[from] item: Leftovers
|turn|5
|
|move|p1a: Magnezone|Hidden Power|p2a: Ferrothorn
|-supereffective|p2a: Ferrothorn
|-damage|p2a: Ferrothorn|0 fnt
|faint|p2a: Ferrothorn
|
|
|switch|p2a: Diancie|Diancie|241\/241
|turn|6
|
|switch|p1a: Latios|Latios, M|195\/301 brn
|-damage|p1a: Latios|158\/301 brn|[from] Stealth Rock
|detailschange|p2a: Diancie|Diancie-Mega
|message|Diancie has Mega Evolved into Mega Diancie!
|move|p2a: Diancie|Rock Polish|p2a: Diancie
|-boost|p2a: Diancie|spe|2
|
|-damage|p1a: Latios|121\/301 brn|[from] brn
|turn|7
|
|move|p2a: Diancie|Moonblast|p1a: Latios
|-supereffective|p1a: Latios
|-damage|p1a: Latios|0 fnt
|faint|p1a: Latios
|
|
|switch|p1a: Mamoswine|Mamoswine, F|361\/361
|-damage|p1a: Mamoswine|316\/361|[from] Stealth Rock
|turn|8
|
|switch|p2a: Rotom-Wash|Rotom-Wash|304\/304
|move|p1a: Mamoswine|Earthquake|p2a: Rotom-Wash
|-immune|p2a: Rotom-Wash|[msg]
|
|turn|9
|
|move|p1a: Mamoswine|Stealth Rock|p2a: Rotom-Wash
|-sidestart|p2: bigdickplayer|move: Stealth Rock
|move|p2a: Rotom-Wash|Hydro Pump|p1a: Mamoswine
|-supereffective|p1a: Mamoswine
|-damage|p1a: Mamoswine|0 fnt
|faint|p1a: Mamoswine
|
|
|switch|p1a: Azumarill|Azumarill, F|383\/383
|-damage|p1a: Azumarill|336\/383|[from] Stealth Rock
|turn|10
|
|move|p2a: Rotom-Wash|Will-O-Wisp|p1a: Azumarill
|-status|p1a: Azumarill|brn
|move|p1a: Azumarill|Play Rough|p2a: Rotom-Wash
|-damage|p2a: Rotom-Wash|196\/304
|
|-heal|p2a: Rotom-Wash|215\/304|[from] item: Leftovers
|-damage|p1a: Azumarill|289\/383 brn|[from] brn
|turn|11
|-message|angel0mike forfeited.
|
|win|bigdickplayer
|raw|Ladder updating...
|raw|angel0mike's rating: 1586 &rarr; <strong>1561<\/strong><br \/>(-25 for losing)
|raw|bigdickplayer's rating: 1480 &rarr; <strong>1506<\/strong><br \/>(+26 for winning)