|join|bigdickplayer
|join|Christcrusher
|player|p1|bigdickplayer|101
|player|p2|Christcrusher|294
|gametype|singles
|gen|6
|tier|OU
|rated
|clearpoke
|poke|p1|Terrakion
|poke|p1|Breloom, M
|poke|p1|Charizard, F
|poke|p1|Latias, F
|poke|p1|Gothitelle, M
|poke|p1|Landorus-Therian, M
|poke|p2|Ferrothorn, M
|poke|p2|Sigilyph, M, shiny
|poke|p2|Jolteon, M
|poke|p2|Gengar, M, shiny
|poke|p2|Feraligatr, M, shiny
|poke|p2|Haxorus, M, shiny
|rule|Swagger Clause: Swagger is banned
|rule|Baton Pass Clause: Limit one PokÃ©mon knowing Baton Pass
|rule|Sleep Clause Mod: Limit one foe put to sleep
|rule|Species Clause: Limit one of each PokÃ©mon
|rule|OHKO Clause: OHKO moves are banned
|rule|Moody Clause: Moody is banned
|rule|Evasion Moves Clause: Evasion moves are banned
|rule|Endless Battle Clause: Forcing endless battles is banned
|rule|HP Percentage Mod: HP is shown in percentages
|teampreview
|
|start
|switch|p1a: Terrakion|Terrakion|323\/323
|switch|p2a: LAST CROSS|Sigilyph, M, shiny|285\/285
|turn|1
|c|âChristcrusher|helllo
|c|âbigdickplayer|hi
|
|move|p1a: Terrakion|Taunt|p2a: LAST CROSS
|-start|p2a: LAST CROSS|move: Taunt
|move|p2a: LAST CROSS|Psychic|p1a: Terrakion
|-supereffective|p1a: Terrakion
|-damage|p1a: Terrakion|39\/323
|-unboost|p1a: Terrakion|spd|1
|
|turn|2
|
|switch|p2a: Blurry Eyes|Feraligatr, M, shiny|312\/312
|move|p1a: Terrakion|Stealth Rock|p2a: Blurry Eyes
|-sidestart|p2: Christcrusher|move: Stealth Rock
|
|turn|3
|
|switch|p1a: Breloom|Breloom, M|262\/262
|move|p2a: Blurry Eyes|Dragon Dance|p2a: Blurry Eyes
|-boost|p2a: Blurry Eyes|atk|1
|-boost|p2a: Blurry Eyes|spe|1
|
|turn|4
|
|switch|p1a: Terrakion|Terrakion|39\/323
|move|p2a: Blurry Eyes|Ice Punch|p1a: Terrakion
|-crit|p1a: Terrakion
|-damage|p1a: Terrakion|0 fnt
|-damage|p2a: Blurry Eyes|281\/312|[from] item: Life Orb
|faint|p1a: Terrakion
|
|
|switch|p1a: Charizard|Charizard, F|298\/298
|turn|5
|
|detailschange|p1a: Charizard|Charizard-Mega-X, F
|message|Charizard has Mega Evolved into Mega Charizard!
|move|p2a: Blurry Eyes|Earthquake|p1a: Charizard
|-supereffective|p1a: Charizard
|-damage|p1a: Charizard|0 fnt
|-damage|p2a: Blurry Eyes|250\/312|[from] item: Life Orb
|faint|p1a: Charizard
|
|
|switch|p1a: Gothitelle|Gothitelle, M|282\/282
|turn|6
|c|âChristcrusher|how big are you
|c|âChristcrusher|?
|
|move|p2a: Blurry Eyes|Earthquake|p1a: Gothitelle
|-damage|p1a: Gothitelle|68\/282
|-damage|p2a: Blurry Eyes|219\/312|[from] item: Life Orb
|move|p1a: Gothitelle|Trick|p2a: Blurry Eyes
|-activate|p1a: Gothitelle|move: Trick|[of] p2a: Blurry Eyes
|-item|p2a: Blurry Eyes|Choice Scarf|[from] move: Trick
|-item|p1a: Gothitelle|Life Orb|[from] move: Trick
|
|turn|7
|c|âbigdickplayer|15
|
|move|p2a: Blurry Eyes|Ice Punch|p1a: Gothitelle
|-damage|p1a: Gothitelle|0 fnt
|faint|p1a: Gothitelle
|
|c|âChristcrusher|lol
|-message|bigdickplayer forfeited.
|
|win|Christcrusher
|raw|Ladder updating...
|leave|bigdickplayer
|player|p1
|raw|bigdickplayer's rating: 1615 &rarr; <strong>1590<\/strong><br \/>(-25 for losing)
|raw|Christcrusher's rating: 1531 &rarr; <strong>1556<\/strong><br \/>(+25 for winning)