|join|LT3Y REYMEDY
|join|bigdickplayer
|player|p1|LT3Y REYMEDY|89
|player|p2|bigdickplayer|101
|gametype|singles
|gen|6
|tier|OU
|rated
|clearpoke
|poke|p1|Manectric, F
|poke|p1|Gengar, M
|poke|p1|Mamoswine, M
|poke|p1|Latios, M
|poke|p1|Azumarill, F
|poke|p1|Talonflame, F
|poke|p2|Garchomp, M
|poke|p2|Latias, F
|poke|p2|Diggersby, F
|poke|p2|Magnezone
|poke|p2|Pinsir, M
|poke|p2|Azumarill, M
|rule|Swagger Clause: Swagger is banned
|rule|Baton Pass Clause: Limit one PokÃ©mon knowing Baton Pass
|rule|Sleep Clause Mod: Limit one foe put to sleep
|rule|Species Clause: Limit one of each PokÃ©mon
|rule|OHKO Clause: OHKO moves are banned
|rule|Moody Clause: Moody is banned
|rule|Evasion Moves Clause: Evasion moves are banned
|rule|Endless Battle Clause: Forcing endless battles is banned
|rule|HP Percentage Mod: HP is shown in percentages
|teampreview
|
|start
|switch|p1a: Mamoswine|Mamoswine, M|361\/361
|switch|p2a: Azumarill|Azumarill, M|404\/404
|turn|1
|
|move|p1a: Mamoswine|Stealth Rock|p2a: Azumarill
|-sidestart|p2: bigdickplayer|move: Stealth Rock
|move|p2a: Azumarill|Waterfall|p1a: Mamoswine
|-supereffective|p1a: Mamoswine
|-enditem|p1a: Mamoswine|Focus Sash
|-damage|p1a: Mamoswine|1\/361
|
|turn|2
|
|switch|p1a: Azumarill|Azumarill, F|403\/403
|move|p2a: Azumarill|Aqua Jet|p1a: Azumarill
|-crit|p1a: Azumarill
|-resisted|p1a: Azumarill
|-damage|p1a: Azumarill|327\/403
|
|turn|3
|
|move|p2a: Azumarill|Play Rough|p1a: Azumarill
|-damage|p1a: Azumarill|72\/403
|move|p1a: Azumarill|Play Rough|p2a: Azumarill|[miss]
|-miss|p1a: Azumarill|p2a: Azumarill
|
|turn|4
|join|NoStallPlease
|c|âLT3Y REYMEDY|great
|c|âLT3Y REYMEDY|great great great
|
|move|p1a: Azumarill|Aqua Jet|p2a: Azumarill
|-crit|p2a: Azumarill
|-resisted|p2a: Azumarill
|-damage|p2a: Azumarill|341\/404
|move|p2a: Azumarill|Waterfall|p1a: Azumarill
|-resisted|p1a: Azumarill
|-damage|p1a: Azumarill|0 fnt
|faint|p1a: Azumarill
|
|c| NoStallPlease|1\/0
|
|switch|p1a: Manectric|Manectric, F|295\/295
|turn|5
|
|switch|p2a: Magnezone|Magnezone|282\/282
|-damage|p2a: Magnezone|265\/282|[from] Stealth Rock
|detailschange|p1a: Manectric|Manectric-Mega, F
|message|Manectric has Mega Evolved into Mega Manectric!
|-ability|p1a: Manectric|Intimidate|[of] p2a: Magnezone
|-unboost|p2a: Magnezone|atk|1
|move|p1a: Manectric|Hidden Power|p2a: Magnezone
|-resisted|p2a: Magnezone
|-damage|p2a: Magnezone|225\/282
|
|turn|6
|
|move|p1a: Manectric|Flamethrower|p2a: Magnezone
|-supereffective|p2a: Magnezone
|-damage|p2a: Magnezone|0 fnt
|faint|p2a: Magnezone
|
|c| NoStallPlease|ur lucky
|c| NoStallPlease|he didn't avoid hidden power
|c|âLT3Y REYMEDY|c:
|c|âbigdickplayer|huh didn't realise flamethrower would kill
|
|switch|p2a: Diggersby|Diggersby, F|311\/311
|-damage|p2a: Diggersby|292\/311|[from] Stealth Rock
|turn|7
|
|switch|p1a: Gengar|Gengar, M|261\/261
|move|p2a: Diggersby|Return|p1a: Gengar
|-immune|p1a: Gengar|[msg]
|
|turn|8
|c|âbigdickplayer|holy shit gengar is actually a perfect counter
|c|âbigdickplayer|I ant touch it
|
|switch|p2a: Latias|Latias, F|302\/302
|-damage|p2a: Latias|265\/302|[from] Stealth Rock
|move|p1a: Gengar|Shadow Ball|p2a: Latias
|-supereffective|p2a: Latias
|-damage|p2a: Latias|0 fnt
|-damage|p1a: Gengar|235\/261|[from] item: Life Orb
|faint|p2a: Latias
|
|c| NoStallPlease|nice switch
|
|switch|p2a: Garchomp|Garchomp, M|358\/358
|-damage|p2a: Garchomp|336\/358|[from] Stealth Rock
|turn|9
|
|move|p1a: Gengar|Taunt|p2a: Garchomp
|-start|p2a: Garchomp|move: Taunt
|cant|p2a: Garchomp|move: Taunt|Stealth Rock
|
|turn|10
|c|âLT3Y REYMEDY|nope
|c|âbigdickplayer|fuck
|c|âLT3Y REYMEDY|:)
|c| NoStallPlease|he knwos what you are going to do !
|
|switch|p1a: Manectric|Manectric-Mega, F|295\/295
|-ability|p1a: Manectric|Intimidate|[of] p2a: Garchomp
|-unboost|p2a: Garchomp|atk|1
|move|p2a: Garchomp|Dragon Claw|p1a: Manectric
|-damage|p1a: Manectric|177\/295
|
|turn|11
|
|move|p1a: Manectric|Hidden Power|p2a: Garchomp
|-supereffective|p2a: Garchomp
|-damage|p2a: Garchomp|0 fnt
|faint|p2a: Garchomp
|
|
|switch|p2a: Azumarill|Azumarill, M|341\/404
|-damage|p2a: Azumarill|291\/404|[from] Stealth Rock
|turn|12
|
|move|p1a: Manectric|Thunderbolt|p2a: Azumarill
|-supereffective|p2a: Azumarill
|-damage|p2a: Azumarill|37\/404
|move|p2a: Azumarill|Waterfall|p1a: Manectric
|-damage|p1a: Manectric|0 fnt
|faint|p1a: Manectric
|
|
|switch|p1a: Talonflame|Talonflame, F|325\/325
|turn|13
|
|move|p1a: Talonflame|Brave Bird|p2a: Azumarill
|-damage|p2a: Azumarill|0 fnt
|-damage|p1a: Talonflame|313\/325|[from] recoil|[of] p2a: Azumarill
|faint|p2a: Azumarill
|
|c|âbigdickplayer|and tflame wins
|c|âbigdickplayer|gg
|
|switch|p2a: Pinsir|Pinsir, M|271\/271
|-damage|p2a: Pinsir|204\/271|[from] Stealth Rock
|turn|14
|c|âLT3Y REYMEDY|g_g
|
|detailschange|p2a: Pinsir|Pinsir-Mega, M
|message|Pinsir has Mega Evolved into Mega Pinsir!
|move|p1a: Talonflame|Brave Bird|p2a: Pinsir
|-supereffective|p2a: Pinsir
|-damage|p2a: Pinsir|0 fnt
|-damage|p1a: Talonflame|246\/325|[from] recoil|[of] p2a: Pinsir
|faint|p2a: Pinsir
|
|-message|bigdickplayer forfeited.
|
|win|LT3Y REYMEDY
|raw|Ladder updating...
|leave|bigdickplayer
|player|p2
|raw|LT3Y REYMEDY's rating: 1803 &rarr; <strong>1824<\/strong><br \/>(+21 for winning)
|raw|bigdickplayer's rating: 1813 &rarr; <strong>1792<\/strong><br \/>(-21 for losing)