|join|churos
|join|bigdickplayer
|player|p1|churos|101
|player|p2|bigdickplayer|101
|gametype|singles
|gen|6
|tier|OU
|rated
|clearpoke
|poke|p1|Bisharp, F
|poke|p1|Latias, F
|poke|p1|Azumarill, F
|poke|p1|Heatran, F
|poke|p1|Landorus-Therian, M
|poke|p1|Manectric, M
|poke|p2|Terrakion
|poke|p2|Breloom, F
|poke|p2|Charizard, F
|poke|p2|Latias, F
|poke|p2|Gothitelle, M
|poke|p2|Landorus-Therian, M
|rule|Swagger Clause: Swagger is banned
|rule|Baton Pass Clause: Limit one PokÃ©mon knowing Baton Pass
|rule|Sleep Clause Mod: Limit one foe put to sleep
|rule|Species Clause: Limit one of each PokÃ©mon
|rule|OHKO Clause: OHKO moves are banned
|rule|Moody Clause: Moody is banned
|rule|Evasion Moves Clause: Evasion moves are banned
|rule|Endless Battle Clause: Forcing endless battles is banned
|rule|HP Percentage Mod: HP is shown in percentages
|teampreview
|
|start
|switch|p1a: Landorus-Therian|Landorus-Therian, M|320\/320
|switch|p2a: Terrakion|Terrakion|323\/323
|-ability|p1a: Landorus-Therian|Intimidate|[of] p2a: Terrakion
|-unboost|p2a: Terrakion|atk|1
|turn|1
|
|move|p1a: Landorus-Therian|Earthquake|p2a: Terrakion
|-supereffective|p2a: Terrakion
|-enditem|p2a: Terrakion|Focus Sash
|-damage|p2a: Terrakion|1\/323
|move|p2a: Terrakion|Stealth Rock|p1a: Landorus-Therian
|-sidestart|p1: churos|move: Stealth Rock
|
|turn|2
|
|switch|p1a: Latias|Latias, F|302\/302
|-damage|p1a: Latias|265\/302|[from] Stealth Rock
|switch|p2a: Charizard|Charizard, F|298\/298
|
|turn|3
|
|move|p1a: Latias|Defog|p2a: Charizard
|-unboost|p2a: Charizard|evasion|1
|-sideend|p1: churos|Stealth Rock|[from] move: Defog|[of] p1a: Latias
|move|p2a: Charizard|Dragon Dance|p2a: Charizard
|-boost|p2a: Charizard|atk|1
|-boost|p2a: Charizard|spe|1
|
|turn|4
|
|switch|p1a: Landorus-Therian|Landorus-Therian, M|320\/320
|-ability|p1a: Landorus-Therian|Intimidate|[of] p2a: Charizard
|-unboost|p2a: Charizard|atk|1
|detailschange|p2a: Charizard|Charizard-Mega-X, F
|message|Charizard has Mega Evolved into Mega Charizard!
|move|p2a: Charizard|Dragon Claw|p1a: Landorus-Therian
|-damage|p1a: Landorus-Therian|118\/320
|
|turn|5
|
|move|p2a: Charizard|Flare Blitz|p1a: Landorus-Therian
|-damage|p1a: Landorus-Therian|0 fnt
|-damage|p2a: Charizard|259\/298|[from] recoil|[of] p1a: Landorus-Therian
|faint|p1a: Landorus-Therian
|
|
|switch|p1a: Heatran|Heatran, F|386\/386
|turn|6
|
|switch|p2a: Terrakion|Terrakion|1\/323
|move|p1a: Heatran|Toxic|p2a: Terrakion
|-status|p2a: Terrakion|tox
|
|-damage|p2a: Terrakion|0 fnt|[from] psn
|faint|p2a: Terrakion
|
|switch|p2a: Gothitelle|Gothitelle, M|282\/282
|turn|7
|
|move|p2a: Gothitelle|Trick|p1a: Heatran
|-activate|p2a: Gothitelle|move: Trick|[of] p1a: Heatran
|-item|p1a: Heatran|Choice Scarf|[from] move: Trick
|-item|p2a: Gothitelle|Leftovers|[from] move: Trick
|move|p1a: Heatran|Lava Plume|p2a: Gothitelle
|-damage|p2a: Gothitelle|174\/282
|
|-heal|p2a: Gothitelle|191\/282|[from] item: Leftovers
|turn|8
|
|switch|p2a: Charizard|Charizard-Mega-X, F|259\/298
|move|p1a: Heatran|Lava Plume|p2a: Charizard
|-resisted|p2a: Charizard
|-damage|p2a: Charizard|225\/298
|
|turn|9
|c|âchuros|scarfy
|
|switch|p1a: Azumarill|Azumarill, F|404\/404
|move|p2a: Charizard|Dragon Dance|p2a: Charizard
|-boost|p2a: Charizard|atk|1
|-boost|p2a: Charizard|spe|1
|
|turn|10
|
|move|p2a: Charizard|Flare Blitz|p1a: Azumarill
|-resisted|p1a: Azumarill
|-damage|p1a: Azumarill|152\/404
|-damage|p2a: Charizard|142\/298|[from] recoil|[of] p1a: Azumarill
|move|p1a: Azumarill|Play Rough|p2a: Charizard|[miss]
|-miss|p1a: Azumarill|p2a: Charizard
|
|turn|11
|
|move|p2a: Charizard|Flare Blitz|p1a: Azumarill
|-resisted|p1a: Azumarill
|-damage|p1a: Azumarill|0 fnt
|-damage|p2a: Charizard|92\/298|[from] recoil|[of] p1a: Azumarill
|faint|p1a: Azumarill
|
|
|switch|p1a: Bisharp|Bisharp, F|272\/272
|turn|12
|
|move|p2a: Charizard|Roost|p2a: Charizard
|-heal|p2a: Charizard|241\/298
|move|p1a: Bisharp|Knock Off|p2a: Charizard
|-damage|p2a: Charizard|112\/298
|
|turn|13
|
|move|p1a: Bisharp|Sucker Punch|p2a: Charizard
|-fail|p2a: Charizard
|move|p2a: Charizard|Roost|p2a: Charizard
|-heal|p2a: Charizard|261\/298
|
|turn|14
|c|âchuros|fuck u
|c|âbigdickplayer|LOL
|-message|churos forfeited.
|
|win|bigdickplayer
|raw|Ladder updating...
|raw|churos's rating: 1675 &rarr; <strong>1651<\/strong><br \/>(-24 for losing)
|raw|bigdickplayer's rating: 1617 &rarr; <strong>1640<\/strong><br \/>(+23 for winning)
|c|âbigdickplayer|y so mad bro