|join|bigdickplayer
|join|Rflp
|player|p1|bigdickplayer|245
|player|p2|Rflp|290
|gametype|singles
|gen|6
|tier|OU
|rated
|clearpoke
|poke|p1|Garchomp, M, shiny
|poke|p1|Absol, F
|poke|p1|Greninja, F
|poke|p1|Landorus-Therian, M
|poke|p1|Latias, F, shiny
|poke|p1|Bisharp, M
|poke|p2|Gardevoir, F
|poke|p2|Magnezone
|poke|p2|Thundurus, M
|poke|p2|Heatran, M
|poke|p2|Landorus-Therian, M
|poke|p2|Azumarill, M
|rule|Swagger Clause: Swagger is banned
|rule|Baton Pass Clause: Limit one PokÃ©mon knowing Baton Pass
|rule|Sleep Clause Mod: Limit one foe put to sleep
|rule|Species Clause: Limit one of each PokÃ©mon
|rule|OHKO Clause: OHKO moves are banned
|rule|Moody Clause: Moody is banned
|rule|Evasion Moves Clause: Evasion moves are banned
|rule|Endless Battle Clause: Forcing endless battles is banned
|rule|HP Percentage Mod: HP is shown in percentages
|teampreview
|
|start
|switch|p1a: Garchomp|Garchomp, M, shiny|357\/357
|switch|p2a: Sweeps R Us|Thundurus, M|299\/299
|turn|1
|
|move|p2a: Sweeps R Us|Hidden Power|p1a: Garchomp
|-supereffective|p1a: Garchomp
|-damage|p1a: Garchomp|29\/357
|move|p1a: Garchomp|Stealth Rock|p2a: Sweeps R Us
|-sidestart|p2: Rflp|move: Stealth Rock
|
|turn|2
|
|switch|p1a: Greninja|Greninja, F|286\/286
|move|p2a: Sweeps R Us|Hidden Power|p1a: Greninja
|-resisted|p1a: Greninja
|-damage|p1a: Greninja|239\/286
|
|turn|3
|
|switch|p2a: Overkill|Azumarill, M|401\/401
|-damage|p2a: Overkill|351\/401|[from] Stealth Rock
|move|p1a: Greninja|Ice Beam|p2a: Overkill
|-start|p1a: Greninja|typechange|Ice|[from] Protean
|-resisted|p2a: Overkill
|-damage|p2a: Overkill|282\/401
|-damage|p1a: Greninja|211\/286|[from] item: Life Orb
|
|turn|4
|
|switch|p1a: Garchomp|Garchomp, M, shiny|29\/357
|move|p2a: Overkill|Knock Off|p1a: Garchomp
|-damage|p1a: Garchomp|0 fnt
|-damage|p2a: Overkill|232\/401|[from] ability: Rough Skin|[of] p1a: Garchomp
|-enditem|p1a: Garchomp|Focus Sash|[from] move: Knock Off|[of] p2a: Overkill
|faint|p1a: Garchomp
|
|
|switch|p1a: Bisharp|Bisharp, M|272\/272
|turn|5
|
|move|p1a: Bisharp|Iron Head|p2a: Overkill
|-damage|p2a: Overkill|0 fnt
|-damage|p1a: Bisharp|245\/272|[from] item: Life Orb
|faint|p2a: Overkill
|
|
|switch|p2a: Vegetarian|Landorus-Therian, M|381\/381
|-damage|p2a: Vegetarian|334\/381|[from] Stealth Rock
|-ability|p2a: Vegetarian|Intimidate|[of] p1a: Bisharp
|-unboost|p1a: Bisharp|atk|1
|-boost|p1a: Bisharp|atk|2|[from] ability: Defiant
|turn|6
|
|move|p1a: Bisharp|Sucker Punch|p2a: Vegetarian
|-damage|p2a: Vegetarian|110\/381
|-damage|p1a: Bisharp|218\/272|[from] item: Life Orb
|move|p2a: Vegetarian|Earthquake|p1a: Bisharp
|-supereffective|p1a: Bisharp
|-damage|p1a: Bisharp|0 fnt
|faint|p1a: Bisharp
|
|-heal|p2a: Vegetarian|133\/381|[from] item: Leftovers
|
|switch|p1a: Greninja|Greninja, F|211\/286
|turn|7
|
|move|p1a: Greninja|Scald|p2a: Vegetarian
|-start|p1a: Greninja|typechange|Water|[from] Protean
|-supereffective|p2a: Vegetarian
|-damage|p2a: Vegetarian|0 fnt
|-damage|p1a: Greninja|183\/286|[from] item: Life Orb
|faint|p2a: Vegetarian
|
|
|switch|p2a: In Da Zone|Magnezone|286\/286
|-damage|p2a: In Da Zone|269\/286|[from] Stealth Rock
|turn|8
|
|move|p1a: Greninja|Spikes|p2a: In Da Zone
|-start|p1a: Greninja|typechange|Ground|[from] Protean
|-sidestart|p2: Rflp|Spikes
|move|p2a: In Da Zone|Flash Cannon|p1a: Greninja
|-damage|p1a: Greninja|0 fnt
|faint|p1a: Greninja
|
|
|switch|p1a: Absol|Absol, F|271\/271
|turn|9
|
|detailschange|p1a: Absol|Absol-Mega, F
|message|Absol has Mega Evolved into Mega Absol!
|move|p2a: In Da Zone|Flash Cannon|p1a: Absol
|-damage|p1a: Absol|25\/271
|move|p1a: Absol|Fire Blast|p2a: In Da Zone
|-supereffective|p2a: In Da Zone
|-damage|p2a: In Da Zone|57\/286
|
|turn|10
|
|switch|p2a: Sweeps R Us|Thundurus, M|299\/299
|-damage|p2a: Sweeps R Us|225\/299|[from] Stealth Rock
|move|p1a: Absol|Knock Off|p2a: Sweeps R Us
|-damage|p2a: Sweeps R Us|0 fnt
|-enditem|p2a: Sweeps R Us|Leftovers|[from] move: Knock Off|[of] p1a: Absol
|faint|p2a: Sweeps R Us
|
|-message|Rflp forfeited.
|
|win|bigdickplayer
|raw|Ladder updating...
|leave|Rflp
|player|p2
|raw|bigdickplayer's rating: 1707 &rarr; <strong>1724<\/strong><br \/>(+17 for winning)
|raw|Rflp's rating: 1660 &rarr; <strong>1643<\/strong><br \/>(-17 for losing)