|join|Dukekk
|join|bigdickplayer
|player|p1|Dukekk|209
|player|p2|bigdickplayer|245
|gametype|singles
|gen|6
|tier|OU
|rated
|clearpoke
|poke|p1|Manectric, F
|poke|p1|Latios, M
|poke|p1|Chansey, F
|poke|p1|Rotom-Wash
|poke|p1|Victini
|poke|p1|Landorus-Therian, M
|poke|p2|Archeops, F
|poke|p2|Absol, M
|poke|p2|Greninja, F
|poke|p2|Landorus-Therian, M
|poke|p2|Latias, F, shiny
|poke|p2|Bisharp, F
|rule|Swagger Clause: Swagger is banned
|rule|Baton Pass Clause: Limit one PokÃ©mon knowing Baton Pass
|rule|Sleep Clause Mod: Limit one foe put to sleep
|rule|Species Clause: Limit one of each PokÃ©mon
|rule|OHKO Clause: OHKO moves are banned
|rule|Moody Clause: Moody is banned
|rule|Evasion Moves Clause: Evasion moves are banned
|rule|Endless Battle Clause: Forcing endless battles is banned
|rule|HP Percentage Mod: HP is shown in percentages
|teampreview
|
|start
|switch|p1a: Rotom-Wash|Rotom-Wash|294\/294
|switch|p2a: Archeops|Archeops, F|292\/292
|turn|1
|
|move|p1a: Rotom-Wash|Volt Switch|p2a: Archeops
|-supereffective|p2a: Archeops
|-enditem|p2a: Archeops|Focus Sash
|-damage|p2a: Archeops|1\/292
|
|switch|p1a: Victini|Victini|341\/341
|move|p2a: Archeops|Stealth Rock|p1a: Victini
|-sidestart|p1: Dukekk|move: Stealth Rock
|
|turn|2
|
|move|p1a: Victini|U-turn|p2a: Archeops
|-resisted|p2a: Archeops
|-damage|p2a: Archeops|0 fnt
|faint|p2a: Archeops
|
|switch|p1a: Rotom-Wash|Rotom-Wash|294\/294
|-damage|p1a: Rotom-Wash|258\/294|[from] Stealth Rock
|
|
|switch|p2a: Latias|Latias, F, shiny|301\/301
|turn|3
|
|switch|p2a: Landorus-Therian|Landorus-Therian, M|319\/319
|-ability|p2a: Landorus-Therian|Intimidate|[of] p1a: Rotom-Wash
|-unboost|p1a: Rotom-Wash|atk|1
|move|p1a: Rotom-Wash|Volt Switch|p2a: Landorus-Therian
|-immune|p2a: Landorus-Therian|[msg]
|
|turn|4
|
|switch|p1a: Landorus-Therian|Landorus-Therian, M|382\/382
|-damage|p1a: Landorus-Therian|335\/382|[from] Stealth Rock
|-ability|p1a: Landorus-Therian|Intimidate|[of] p2a: Landorus-Therian
|-unboost|p2a: Landorus-Therian|atk|1
|move|p2a: Landorus-Therian|U-turn|p1a: Landorus-Therian
|-resisted|p1a: Landorus-Therian
|-damage|p1a: Landorus-Therian|312\/382
|
|switch|p2a: Absol|Absol, M|271\/271
|
|-heal|p1a: Landorus-Therian|335\/382|[from] item: Leftovers
|turn|5
|
|detailschange|p2a: Absol|Absol-Mega, M
|message|Absol has Mega Evolved into Mega Absol!
|move|p2a: Absol|Ice Beam|p1a: Landorus-Therian
|-supereffective|p1a: Landorus-Therian
|-damage|p1a: Landorus-Therian|0 fnt
|faint|p1a: Landorus-Therian
|
|
|switch|p1a: Rotom-Wash|Rotom-Wash|258\/294
|-damage|p1a: Rotom-Wash|222\/294|[from] Stealth Rock
|turn|6
|
|switch|p2a: Latias|Latias, F, shiny|301\/301
|move|p1a: Rotom-Wash|Will-O-Wisp|p2a: Latias
|-status|p2a: Latias|brn
|
|-damage|p2a: Latias|264\/301 brn|[from] brn
|turn|7
|
|switch|p1a: Chansey|Chansey, F|641\/641
|-damage|p1a: Chansey|561\/641|[from] Stealth Rock
|switch|p2a: Landorus-Therian|Landorus-Therian, M|319\/319
|-ability|p2a: Landorus-Therian|Intimidate|[of] p1a: Chansey
|-unboost|p1a: Chansey|atk|1
|
|turn|8
|
|move|p2a: Landorus-Therian|U-turn|p1a: Chansey
|-damage|p1a: Chansey|425\/641
|
|switch|p2a: Bisharp|Bisharp, F|272\/272
|move|p1a: Chansey|Stealth Rock|p2a: Bisharp
|-sidestart|p2: bigdickplayer|move: Stealth Rock
|
|turn|9
|
|move|p2a: Bisharp|Knock Off|p1a: Chansey
|-damage|p1a: Chansey|57\/641
|-enditem|p1a: Chansey|Eviolite|[from] move: Knock Off|[of] p2a: Bisharp
|-damage|p2a: Bisharp|245\/272|[from] item: Life Orb
|move|p1a: Chansey|Thunder Wave|p2a: Bisharp
|-status|p2a: Bisharp|par
|
|turn|10
|
|move|p1a: Chansey|Soft-Boiled|p1a: Chansey
|-heal|p1a: Chansey|378\/641
|cant|p2a: Bisharp|par
|
|turn|11
|
|switch|p1a: Rotom-Wash|Rotom-Wash|222\/294
|-damage|p1a: Rotom-Wash|186\/294|[from] Stealth Rock
|move|p2a: Bisharp|Iron Head|p1a: Rotom-Wash
|-resisted|p1a: Rotom-Wash
|-damage|p1a: Rotom-Wash|137\/294
|-damage|p2a: Bisharp|218\/272 par|[from] item: Life Orb
|
|turn|12
|
|move|p2a: Bisharp|Sucker Punch|p1a: Rotom-Wash
|-damage|p1a: Rotom-Wash|0 fnt
|-damage|p2a: Bisharp|191\/272 par|[from] item: Life Orb
|faint|p1a: Rotom-Wash
|
|
|switch|p1a: Chansey|Chansey, F|378\/641
|-damage|p1a: Chansey|298\/641|[from] Stealth Rock
|turn|13
|
|move|p1a: Chansey|Soft-Boiled|p1a: Chansey
|-heal|p1a: Chansey|619\/641
|cant|p2a: Bisharp|par
|
|turn|14
|
|move|p1a: Chansey|Seismic Toss|p2a: Bisharp
|-damage|p2a: Bisharp|91\/272 par
|move|p2a: Bisharp|Iron Head|p1a: Chansey
|-damage|p1a: Chansey|174\/641
|-damage|p2a: Bisharp|64\/272 par|[from] item: Life Orb
|
|turn|15
|
|switch|p2a: Latias|Latias, F, shiny|264\/301 brn
|-damage|p2a: Latias|227\/301 brn|[from] Stealth Rock
|move|p1a: Chansey|Soft-Boiled|p1a: Chansey
|-heal|p1a: Chansey|495\/641
|
|-damage|p2a: Latias|190\/301 brn|[from] brn
|turn|16
|
|switch|p1a: Victini|Victini|341\/341
|-damage|p1a: Victini|256\/341|[from] Stealth Rock
|move|p2a: Latias|Psyshock|p1a: Victini
|-crit|p1a: Victini
|-resisted|p1a: Victini
|-damage|p1a: Victini|134\/341
|-damage|p2a: Latias|160\/301 brn|[from] item: Life Orb
|
|-damage|p2a: Latias|123\/301 brn|[from] brn
|turn|17
|
|switch|p2a: Landorus-Therian|Landorus-Therian, M|319\/319
|-damage|p2a: Landorus-Therian|280\/319|[from] Stealth Rock
|-ability|p2a: Landorus-Therian|Intimidate|[of] p1a: Victini
|-unboost|p1a: Victini|atk|1
|move|p1a: Victini|U-turn|p2a: Landorus-Therian
|-resisted|p2a: Landorus-Therian
|-damage|p2a: Landorus-Therian|258\/319
|
|switch|p1a: Manectric|Manectric, F|281\/281
|-damage|p1a: Manectric|246\/281|[from] Stealth Rock
|
|turn|18
|
|switch|p1a: Latios|Latios, M|302\/302
|-damage|p1a: Latios|265\/302|[from] Stealth Rock
|move|p2a: Landorus-Therian|Earthquake|p1a: Latios
|-immune|p1a: Latios|[msg]
|
|turn|19
|
|switch|p2a: Greninja|Greninja, F|286\/286
|-damage|p2a: Greninja|251\/286|[from] Stealth Rock
|move|p1a: Latios|Draco Meteor|p2a: Greninja
|-damage|p2a: Greninja|0 fnt
|-unboost|p1a: Latios|spa|2
|-damage|p1a: Latios|235\/302|[from] item: Life Orb
|faint|p2a: Greninja
|
|
|switch|p2a: Bisharp|Bisharp, F|64\/272 par
|-damage|p2a: Bisharp|47\/272 par|[from] Stealth Rock
|turn|20
|
|move|p1a: Latios|Hidden Power|p2a: Bisharp
|-supereffective|p2a: Bisharp
|-damage|p2a: Bisharp|0 fnt
|-damage|p1a: Latios|205\/302|[from] item: Life Orb
|faint|p2a: Bisharp
|
|
|switch|p2a: Landorus-Therian|Landorus-Therian, M|258\/319
|-damage|p2a: Landorus-Therian|219\/319|[from] Stealth Rock
|-ability|p2a: Landorus-Therian|Intimidate|[of] p1a: Latios
|-unboost|p1a: Latios|atk|1
|turn|21
|
|switch|p1a: Chansey|Chansey, F|495\/641
|-damage|p1a: Chansey|415\/641|[from] Stealth Rock
|move|p2a: Landorus-Therian|U-turn|p1a: Chansey
|-damage|p1a: Chansey|216\/641
|
|switch|p2a: Absol|Absol-Mega, M|271\/271
|-damage|p2a: Absol|238\/271|[from] Stealth Rock
|
|turn|22
|
|move|p2a: Absol|Knock Off|p1a: Chansey
|-damage|p1a: Chansey|0 fnt
|faint|p1a: Chansey
|
|
|switch|p1a: Manectric|Manectric, F|246\/281
|-damage|p1a: Manectric|211\/281|[from] Stealth Rock
|turn|23
|
|switch|p2a: Latias|Latias, F, shiny|123\/301 brn
|-damage|p2a: Latias|86\/301 brn|[from] Stealth Rock
|detailschange|p1a: Manectric|Manectric-Mega, F
|message|Manectric has Mega Evolved into Mega Manectric!
|-ability|p1a: Manectric|Intimidate|[of] p2a: Latias
|-unboost|p2a: Latias|atk|1
|move|p1a: Manectric|Thunderbolt|p2a: Latias
|-resisted|p2a: Latias
|-damage|p2a: Latias|20\/301 brn
|
|-damage|p2a: Latias|0 fnt|[from] brn
|faint|p2a: Latias
|
|switch|p2a: Landorus-Therian|Landorus-Therian, M|219\/319
|-damage|p2a: Landorus-Therian|180\/319|[from] Stealth Rock
|-ability|p2a: Landorus-Therian|Intimidate|[of] p1a: Manectric
|-unboost|p1a: Manectric|atk|1
|turn|24
|
|move|p2a: Landorus-Therian|Earthquake|p1a: Manectric
|-supereffective|p1a: Manectric
|-damage|p1a: Manectric|0 fnt
|faint|p1a: Manectric
|
|
|switch|p1a: Latios|Latios, M|205\/302
|-damage|p1a: Latios|168\/302|[from] Stealth Rock
|turn|25
|
|move|p2a: Landorus-Therian|Earthquake|p1a: Latios
|-immune|p1a: Latios|[msg]
|move|p1a: Latios|Draco Meteor|p2a: Landorus-Therian
|-damage|p2a: Landorus-Therian|0 fnt
|-unboost|p1a: Latios|spa|2
|-damage|p1a: Latios|138\/302|[from] item: Life Orb
|faint|p2a: Landorus-Therian
|
|
|switch|p2a: Absol|Absol-Mega, M|238\/271
|-damage|p2a: Absol|205\/271|[from] Stealth Rock
|turn|26
|
|move|p2a: Absol|Knock Off|p1a: Latios
|-supereffective|p1a: Latios
|-damage|p1a: Latios|0 fnt
|-enditem|p1a: Latios|Life Orb|[from] move: Knock Off|[of] p2a: Absol
|faint|p1a: Latios
|
|
|switch|p1a: Victini|Victini|134\/341
|-damage|p1a: Victini|49\/341|[from] Stealth Rock
|turn|27
|
|move|p2a: Absol|Sucker Punch|p1a: Victini
|-supereffective|p1a: Victini
|-damage|p1a: Victini|0 fnt
|faint|p1a: Victini
|
|win|bigdickplayer
|raw|Ladder updating...
|raw|Dukekk's rating: 1745 &rarr; <strong>1724<\/strong><br \/>(-21 for losing)
|raw|bigdickplayer's rating: 1723 &rarr; <strong>1744<\/strong><br \/>(+21 for winning)