|join|Lt4A CS
|join|bigdickplayer
|player|p1|Lt4A CS|287
|player|p2|bigdickplayer|1
|gametype|singles
|gen|6
|tier|OU
|rated
|clearpoke
|poke|p1|Bisharp, F
|poke|p1|Greninja, M
|poke|p1|Skarmory, F
|poke|p1|Medicham, F
|poke|p1|Weavile, F
|poke|p1|Dragonite, F
|poke|p2|Mew
|poke|p2|Skarmory, F
|poke|p2|Chansey, F
|poke|p2|Clefable, F
|poke|p2|Mandibuzz, F
|poke|p2|Tyranitar, F
|rule|Swagger Clause: Swagger is banned
|rule|Baton Pass Clause: Limit one PokÃ©mon knowing Baton Pass
|rule|Sleep Clause Mod: Limit one foe put to sleep
|rule|Species Clause: Limit one of each PokÃ©mon
|rule|OHKO Clause: OHKO moves are banned
|rule|Moody Clause: Moody is banned
|rule|Evasion Moves Clause: Evasion moves are banned
|rule|Endless Battle Clause: Forcing endless battles is banned
|rule|HP Percentage Mod: HP is shown in percentages
|teampreview
|
|start
|switch|p1a: Skarmory|Skarmory, F|271\/271
|switch|p2a: Clefable|Clefable, F|394\/394
|turn|1
|
|switch|p2a: Mandibuzz|Mandibuzz, F|424\/424
|move|p1a: Skarmory|Stealth Rock|p2a: Mandibuzz
|-sidestart|p2: bigdickplayer|move: Stealth Rock
|
|turn|2
|
|move|p1a: Skarmory|Taunt|p2a: Mandibuzz
|-start|p2a: Mandibuzz|move: Taunt
|cant|p2a: Mandibuzz|move: Taunt|Defog
|
|turn|3
|
|move|p1a: Skarmory|Spikes|p2a: Mandibuzz
|-sidestart|p2: bigdickplayer|Spikes
|move|p2a: Mandibuzz|Knock Off|p1a: Skarmory
|-damage|p1a: Skarmory|210\/271
|-enditem|p1a: Skarmory|Salac Berry|[from] move: Knock Off|[of] p2a: Mandibuzz
|
|turn|4
|
|switch|p2a: Mew|Mew|404\/404
|-damage|p2a: Mew|354\/404|[from] Stealth Rock
|-damage|p2a: Mew|304\/404|[from] Spikes
|move|p1a: Skarmory|Spikes|p2a: Mew
|-sidestart|p2: bigdickplayer|Spikes
|
|-heal|p2a: Mew|329\/404|[from] item: Leftovers
|turn|5
|
|move|p2a: Mew|Taunt|p1a: Skarmory
|-start|p1a: Skarmory|move: Taunt
|cant|p1a: Skarmory|move: Taunt|Taunt
|
|-heal|p2a: Mew|354\/404|[from] item: Leftovers
|turn|6
|
|switch|p1a: Greninja|Greninja, M|285\/285
|move|p2a: Mew|Will-O-Wisp|p1a: Greninja
|-status|p1a: Greninja|brn
|
|-heal|p2a: Mew|379\/404|[from] item: Leftovers
|-damage|p1a: Greninja|250\/285 brn|[from] brn
|turn|7
|
|switch|p2a: Chansey|Chansey, F|704\/704
|-damage|p2a: Chansey|616\/704|[from] Stealth Rock
|-damage|p2a: Chansey|499\/704|[from] Spikes
|move|p1a: Greninja|Hydro Pump|p2a: Chansey
|-start|p1a: Greninja|typechange|Water|[from] Protean
|-damage|p2a: Chansey|355\/704
|-damage|p1a: Greninja|222\/285 brn|[from] item: Life Orb
|
|-damage|p1a: Greninja|187\/285 brn|[from] brn
|turn|8
|
|switch|p1a: Bisharp|Bisharp, F|271\/271
|move|p2a: Chansey|Thunder Wave|p1a: Bisharp
|-status|p1a: Bisharp|par
|
|turn|9
|
|switch|p2a: Mandibuzz|Mandibuzz, F|424\/424
|-damage|p2a: Mandibuzz|318\/424|[from] Stealth Rock
|cant|p1a: Bisharp|par
|
|-heal|p2a: Mandibuzz|344\/424|[from] item: Leftovers
|turn|10
|
|move|p2a: Mandibuzz|Defog|p1a: Bisharp
|-unboost|p1a: Bisharp|evasion|1
|-boost|p1a: Bisharp|atk|2|[from] ability: Defiant
|-sideend|p2: bigdickplayer|Spikes|[from] move: Defog|[of] p2a: Mandibuzz
|-sideend|p2: bigdickplayer|Stealth Rock|[from] move: Defog|[of] p2a: Mandibuzz
|move|p1a: Bisharp|Iron Head|p2a: Mandibuzz
|-damage|p2a: Mandibuzz|46\/424
|-damage|p1a: Bisharp|244\/271 par|[from] item: Life Orb
|
|-heal|p2a: Mandibuzz|72\/424|[from] item: Leftovers
|turn|11
|
|move|p2a: Mandibuzz|Foul Play|p1a: Bisharp
|-resisted|p1a: Bisharp
|-damage|p1a: Bisharp|74\/271 par
|move|p1a: Bisharp|Knock Off|p2a: Mandibuzz
|-resisted|p2a: Mandibuzz
|-damage|p2a: Mandibuzz|0 fnt
|-enditem|p2a: Mandibuzz|Leftovers|[from] move: Knock Off|[of] p1a: Bisharp
|-damage|p1a: Bisharp|47\/271 par|[from] item: Life Orb
|faint|p2a: Mandibuzz
|
|
|switch|p2a: Clefable|Clefable, F|394\/394
|turn|12
|
|cant|p1a: Bisharp|par
|move|p2a: Clefable|Moonblast|p1a: Bisharp
|-damage|p1a: Bisharp|0 fnt
|faint|p1a: Bisharp
|
|
|switch|p1a: Skarmory|Skarmory, F|210\/271
|turn|13
|
|switch|p2a: Mew|Mew|379\/404
|move|p1a: Skarmory|Stealth Rock|p2a: Mew
|-sidestart|p2: bigdickplayer|move: Stealth Rock
|
|-heal|p2a: Mew|404\/404|[from] item: Leftovers
|turn|14
|
|switch|p1a: Greninja|Greninja, M|187\/285 brn
|move|p2a: Mew|Taunt|p1a: Greninja
|-start|p1a: Greninja|move: Taunt
|
|-damage|p1a: Greninja|152\/285 brn|[from] brn
|turn|15
|
|switch|p1a: Skarmory|Skarmory, F|210\/271
|move|p2a: Mew|Soft-Boiled|p2a: Mew
|-fail|p2a: Mew
|
|turn|16
|
|switch|p1a: Greninja|Greninja, M|152\/285 brn
|move|p2a: Mew|Taunt|p1a: Greninja
|-start|p1a: Greninja|move: Taunt
|
|-damage|p1a: Greninja|117\/285 brn|[from] brn
|turn|17
|
|move|p1a: Greninja|Hydro Pump|p2a: Mew|[miss]
|-start|p1a: Greninja|typechange|Water|[from] Protean
|-miss|p1a: Greninja|p2a: Mew
|move|p2a: Mew|Soft-Boiled|p2a: Mew
|-fail|p2a: Mew
|
|-damage|p1a: Greninja|82\/285 brn|[from] brn
|turn|18
|
|move|p1a: Greninja|Hydro Pump|p2a: Mew
|-damage|p2a: Mew|235\/404
|-damage|p1a: Greninja|54\/285 brn|[from] item: Life Orb
|move|p2a: Mew|Soft-Boiled|p2a: Mew
|-heal|p2a: Mew|404\/404
|
|-damage|p1a: Greninja|19\/285 brn|[from] brn
|turn|19
|
|switch|p1a: Weavile|Weavile, F|282\/282
|-ability|p1a: Weavile|Pressure
|move|p2a: Mew|Soft-Boiled|p2a: Mew
|-fail|p2a: Mew
|
|turn|20
|
|switch|p2a: Skarmory|Skarmory, F|334\/334
|-damage|p2a: Skarmory|293\/334|[from] Stealth Rock
|move|p1a: Weavile|Knock Off|p2a: Skarmory
|-damage|p2a: Skarmory|163\/334
|-enditem|p2a: Skarmory|Shed Shell|[from] move: Knock Off|[of] p1a: Weavile
|-damage|p1a: Weavile|254\/282|[from] item: Life Orb
|
|turn|21
|
|switch|p1a: Skarmory|Skarmory, F|210\/271
|move|p2a: Skarmory|Stealth Rock|p1a: Skarmory
|-sidestart|p1: Lt4A CS|move: Stealth Rock
|
|turn|22
|
|switch|p2a: Tyranitar|Tyranitar, F|342\/342
|-damage|p2a: Tyranitar|300\/342|[from] Stealth Rock
|-weather|Sandstorm
|move|p1a: Skarmory|Taunt|p2a: Tyranitar
|-start|p2a: Tyranitar|move: Taunt
|
|-weather|Sandstorm|[upkeep]
|turn|23
|
|detailschange|p2a: Tyranitar|Tyranitar-Mega, F
|message|Tyranitar has Mega Evolved into Mega Tyranitar!
|move|p1a: Skarmory|Spikes|p2a: Tyranitar
|-sidestart|p2: bigdickplayer|Spikes
|move|p2a: Tyranitar|Crunch|p1a: Skarmory
|-damage|p1a: Skarmory|78\/271
|
|-weather|Sandstorm|[upkeep]
|turn|24
|
|move|p1a: Skarmory|Spikes|p2a: Tyranitar
|-sidestart|p2: bigdickplayer|Spikes
|move|p2a: Tyranitar|Crunch|p1a: Skarmory
|-damage|p1a: Skarmory|0 fnt
|faint|p1a: Skarmory
|
|-weather|Sandstorm|[upkeep]
|
|switch|p1a: Weavile|Weavile, F|254\/282
|-damage|p1a: Weavile|184\/282|[from] Stealth Rock
|-ability|p1a: Weavile|Pressure
|turn|25
|
|switch|p2a: Chansey|Chansey, F|355\/704
|-damage|p2a: Chansey|238\/704|[from] Spikes
|-damage|p2a: Chansey|150\/704|[from] Stealth Rock
|move|p1a: Weavile|Low Kick|p2a: Chansey
|-supereffective|p2a: Chansey
|-damage|p2a: Chansey|0 fnt
|-damage|p1a: Weavile|156\/282|[from] item: Life Orb
|faint|p2a: Chansey
|
|-weather|Sandstorm|[upkeep]
|-damage|p1a: Weavile|139\/282|[from] sandstorm
|
|switch|p2a: Skarmory|Skarmory, F|163\/334
|-damage|p2a: Skarmory|122\/334|[from] Stealth Rock
|turn|26
|
|switch|p1a: Medicham|Medicham, F|261\/261
|-damage|p1a: Medicham|245\/261|[from] Stealth Rock
|move|p2a: Skarmory|Roost|p2a: Skarmory
|-heal|p2a: Skarmory|289\/334
|
|-weather|none
|turn|27
|
|detailschange|p1a: Medicham|Medicham-Mega, F
|message|Medicham has Mega Evolved into Mega Medicham!
|move|p1a: Medicham|High Jump Kick|p2a: Skarmory
|-damage|p2a: Skarmory|55\/334
|move|p2a: Skarmory|Counter|p1a: Medicham
|-damage|p1a: Medicham|0 fnt
|faint|p1a: Medicham
|
|
|switch|p1a: Weavile|Weavile, F|139\/282
|-damage|p1a: Weavile|69\/282|[from] Stealth Rock
|-ability|p1a: Weavile|Pressure
|turn|28
|
|move|p1a: Weavile|Knock Off|p2a: Skarmory
|-damage|p2a: Skarmory|0 fnt
|-damage|p1a: Weavile|41\/282|[from] item: Life Orb
|faint|p2a: Skarmory
|
|
|switch|p2a: Clefable|Clefable, F|394\/394
|-damage|p2a: Clefable|329\/394|[from] Spikes
|-damage|p2a: Clefable|280\/394|[from] Stealth Rock
|turn|29
|
|move|p2a: Clefable|Protect|p2a: Clefable
|-singleturn|p2a: Clefable|Protect
|move|p1a: Weavile|Poison Jab|p2a: Clefable
|-activate|p2a: Clefable|Protect
|
|-heal|p2a: Clefable|304\/394|[from] item: Leftovers
|turn|30
|
|switch|p2a: Tyranitar|Tyranitar-Mega, F|300\/342
|-damage|p2a: Tyranitar|258\/342|[from] Stealth Rock
|-damage|p2a: Tyranitar|201\/342|[from] Spikes
|-weather|Sandstorm
|move|p1a: Weavile|Low Kick|p2a: Tyranitar
|-supereffective|p2a: Tyranitar
|-damage|p2a: Tyranitar|0 fnt
|-damage|p1a: Weavile|13\/282|[from] item: Life Orb
|faint|p2a: Tyranitar
|
|-weather|Sandstorm|[upkeep]
|-damage|p1a: Weavile|0 fnt|[from] sandstorm
|faint|p1a: Weavile
|
|switch|p2a: Mew|Mew|404\/404
|-damage|p2a: Mew|354\/404|[from] Stealth Rock
|-damage|p2a: Mew|287\/404|[from] Spikes
|switch|p1a: Dragonite|Dragonite, F|324\/324
|-damage|p1a: Dragonite|243\/324|[from] Stealth Rock
|turn|31
|
|move|p2a: Mew|Taunt|p1a: Dragonite
|-start|p1a: Dragonite|move: Taunt
|move|p1a: Dragonite|Outrage|p2a: Mew
|-damage|p2a: Mew|37\/404
|
|-weather|Sandstorm|[upkeep]
|-damage|p2a: Mew|12\/404|[from] sandstorm
|-damage|p1a: Dragonite|223\/324|[from] sandstorm
|-heal|p2a: Mew|37\/404|[from] item: Leftovers
|turn|32
|
|move|p2a: Mew|Ice Beam|p1a: Dragonite
|-supereffective|p1a: Dragonite
|-damage|p1a: Dragonite|0 fnt
|faint|p1a: Dragonite
|
|-weather|Sandstorm|[upkeep]
|-damage|p2a: Mew|12\/404|[from] sandstorm
|-heal|p2a: Mew|37\/404|[from] item: Leftovers
|-message|Lt4A CS forfeited.
|
|win|bigdickplayer
|raw|Ladder updating...
|leave|Lt4A CS
|player|p1
|raw|Lt4A CS's rating: 1807 &rarr; <strong>1784<\/strong><br \/>(-23 for losing)
|raw|bigdickplayer's rating: 1738 &rarr; <strong>1762<\/strong><br \/>(+24 for winning)