|join|DarkestRaigeki
|join|bigdickplayer
|player|p1|DarkestRaigeki|274
|player|p2|bigdickplayer|102
|gametype|singles
|gen|6
|tier|OU
|rated
|clearpoke
|poke|p1|Heracross, M
|poke|p1|Heatran, M
|poke|p1|Rotom-Wash
|poke|p1|Latias, F
|poke|p1|Staraptor, M
|poke|p1|Gengar, M
|poke|p2|Gyarados, M
|poke|p2|Sylveon, F
|poke|p2|Ferrothorn, F
|poke|p2|Chansey, F
|poke|p2|Latias, F
|poke|p2|Bisharp, M
|rule|Swagger Clause: Swagger is banned
|rule|Baton Pass Clause: Limit one PokÃ©mon knowing Baton Pass
|rule|Sleep Clause Mod: Limit one foe put to sleep
|rule|Species Clause: Limit one of each PokÃ©mon
|rule|OHKO Clause: OHKO moves are banned
|rule|Moody Clause: Moody is banned
|rule|Evasion Moves Clause: Evasion moves are banned
|rule|Endless Battle Clause: Forcing endless battles is banned
|rule|HP Percentage Mod: HP is shown in percentages
|teampreview
|
|start
|switch|p1a: Heatran|Heatran, M|386\/386
|switch|p2a: Ferrothorn|Ferrothorn, F|352\/352
|turn|1
|
|move|p1a: Heatran|Lava Plume|p2a: Ferrothorn
|-supereffective|p2a: Ferrothorn
|-damage|p2a: Ferrothorn|0 fnt
|faint|p2a: Ferrothorn
|
|
|switch|p2a: Gyarados|Gyarados, M|332\/332
|-ability|p2a: Gyarados|Intimidate|[of] p1a: Heatran
|-unboost|p1a: Heatran|atk|1
|turn|2
|
|switch|p1a: Rotom-Wash|Rotom-Wash|304\/304
|detailschange|p2a: Gyarados|Gyarados-Mega, M
|message|Gyarados has Mega Evolved into Mega Gyarados!
|-ability|p2a: Gyarados|Mold Breaker
|move|p2a: Gyarados|Dragon Dance|p2a: Gyarados
|-boost|p2a: Gyarados|atk|1
|-boost|p2a: Gyarados|spe|1
|
|turn|3
|
|move|p2a: Gyarados|Earthquake|p1a: Rotom-Wash
|-supereffective|p1a: Rotom-Wash
|-damage|p1a: Rotom-Wash|6\/304
|move|p1a: Rotom-Wash|Will-O-Wisp|p2a: Gyarados
|-status|p2a: Gyarados|brn
|
|-heal|p1a: Rotom-Wash|25\/304|[from] item: Leftovers
|-damage|p2a: Gyarados|291\/332 brn|[from] brn
|turn|4
|c|âbigdickplayer|wow
|
|switch|p1a: Staraptor|Staraptor, M|311\/311
|move|p2a: Gyarados|Waterfall|p1a: Staraptor
|-damage|p1a: Staraptor|131\/311
|
|-damage|p2a: Gyarados|250\/332 brn|[from] brn
|turn|5
|
|switch|p2a: Sylveon|Sylveon, F|394\/394
|move|p1a: Staraptor|U-turn|p2a: Sylveon
|-resisted|p2a: Sylveon
|-damage|p2a: Sylveon|340\/394
|
|switch|p1a: Gengar|Gengar, M|261\/261
|
|turn|6
|
|move|p1a: Gengar|Focus Blast|p2a: Sylveon
|-resisted|p2a: Sylveon
|-damage|p2a: Sylveon|282\/394
|move|p2a: Sylveon|Psyshock|p1a: Gengar
|-supereffective|p1a: Gengar
|-enditem|p1a: Gengar|Focus Sash
|-damage|p1a: Gengar|1\/261
|
|turn|7
|
|switch|p2a: Chansey|Chansey, F|704\/704
|move|p1a: Gengar|Sludge Wave|p2a: Chansey
|-damage|p2a: Chansey|586\/704
|
|turn|8
|
|move|p1a: Gengar|Destiny Bond|p1a: Gengar
|-singlemove|p1a: Gengar|Destiny Bond
|move|p2a: Chansey|Thunder Wave|p1a: Gengar
|-status|p1a: Gengar|par
|
|turn|9
|c|âbigdickplayer|nice haxy win
|
|move|p2a: Chansey|Wish|p2a: Chansey
|move|p1a: Gengar|Focus Blast|p2a: Chansey|[miss]
|-miss|p1a: Gengar|p2a: Chansey
|
|turn|10
|
|switch|p2a: Latias|Latias, F|302\/302
|move|p1a: Gengar|Sludge Wave|p2a: Latias
|-damage|p2a: Latias|176\/302
|-status|p2a: Latias|psn
|
|-heal|p2a: Latias|302\/302 psn|[from] move: Wish|[wisher] Chansey
|-damage|p2a: Latias|265\/302 psn|[from] psn
|turn|11
|
|move|p2a: Latias|Psyshock|p1a: Gengar
|-supereffective|p1a: Gengar
|-damage|p1a: Gengar|0 fnt
|faint|p1a: Gengar
|
|-heal|p2a: Latias|283\/302 psn|[from] item: Leftovers
|-damage|p2a: Latias|246\/302 psn|[from] psn
|
|switch|p1a: Staraptor|Staraptor, M|131\/311
|turn|12
|
|switch|p2a: Sylveon|Sylveon, F|282\/394
|move|p1a: Staraptor|U-turn|p2a: Sylveon
|-resisted|p2a: Sylveon
|-damage|p2a: Sylveon|225\/394
|
|switch|p1a: Heatran|Heatran, M|386\/386
|
|turn|13
|
|move|p1a: Heatran|Stealth Rock|p2a: Sylveon
|-sidestart|p2: bigdickplayer|move: Stealth Rock
|move|p2a: Sylveon|Hidden Power|p1a: Heatran
|-supereffective|p1a: Heatran
|-damage|p1a: Heatran|86\/386
|
|-heal|p1a: Heatran|110\/386|[from] item: Leftovers
|turn|14
|
|switch|p2a: Bisharp|Bisharp, M|271\/271
|-damage|p2a: Bisharp|255\/271|[from] Stealth Rock
|move|p1a: Heatran|Lava Plume|p2a: Bisharp
|-supereffective|p2a: Bisharp
|-damage|p2a: Bisharp|0 fnt
|faint|p2a: Bisharp
|
|-heal|p1a: Heatran|134\/386|[from] item: Leftovers
|
|switch|p2a: Latias|Latias, F|246\/302 psn
|-damage|p2a: Latias|209\/302 psn|[from] Stealth Rock
|turn|15
|
|move|p2a: Latias|Defog|p1a: Heatran
|-unboost|p1a: Heatran|evasion|1
|-sideend|p2: bigdickplayer|Stealth Rock|[from] move: Defog|[of] p2a: Latias
|move|p1a: Heatran|Lava Plume|p2a: Latias
|-resisted|p2a: Latias
|-damage|p2a: Latias|159\/302 psn
|
|-heal|p2a: Latias|177\/302 psn|[from] item: Leftovers
|-heal|p1a: Heatran|158\/386|[from] item: Leftovers
|-damage|p2a: Latias|140\/302 psn|[from] psn
|turn|16
|
|move|p2a: Latias|Healing Wish|p2a: Latias
|faint|p2a: Latias
|move|p1a: Heatran|Stealth Rock|p2: Latias
|-sidestart|p2: bigdickplayer|move: Stealth Rock
|
|-heal|p1a: Heatran|182\/386|[from] item: Leftovers
|
|switch|p2a: Gyarados|Gyarados-Mega, M|250\/332 brn
|-heal|p2a: Gyarados|332\/332|[from] move: Healing Wish
|-damage|p2a: Gyarados|291\/332|[from] Stealth Rock
|-ability|p2a: Gyarados|Mold Breaker
|turn|17
|
|move|p2a: Gyarados|Dragon Dance|p2a: Gyarados
|-boost|p2a: Gyarados|atk|1
|-boost|p2a: Gyarados|spe|1
|move|p1a: Heatran|Toxic|p2a: Gyarados
|-status|p2a: Gyarados|tox
|
|-heal|p1a: Heatran|206\/386|[from] item: Leftovers
|-damage|p2a: Gyarados|271\/332 tox|[from] psn
|turn|18
|
|move|p2a: Gyarados|Dragon Dance|p2a: Gyarados
|-boost|p2a: Gyarados|atk|1
|-boost|p2a: Gyarados|spe|1
|move|p1a: Heatran|Earth Power|p2a: Gyarados
|-damage|p2a: Gyarados|203\/332 tox
|
|-heal|p1a: Heatran|230\/386|[from] item: Leftovers
|-damage|p2a: Gyarados|163\/332 tox|[from] psn
|turn|19
|
|move|p2a: Gyarados|Waterfall|p1a: Heatran
|-supereffective|p1a: Heatran
|-damage|p1a: Heatran|0 fnt
|faint|p1a: Heatran
|
|-damage|p2a: Gyarados|103\/332 tox|[from] psn
|
|switch|p1a: Rotom-Wash|Rotom-Wash|25\/304
|turn|20
|
|move|p2a: Gyarados|Waterfall|p1a: Rotom-Wash
|-crit|p1a: Rotom-Wash
|-resisted|p1a: Rotom-Wash
|-damage|p1a: Rotom-Wash|0 fnt
|faint|p1a: Rotom-Wash
|
|-damage|p2a: Gyarados|23\/332 tox|[from] psn
|
|switch|p1a: Latias|Latias, F|319\/319
|turn|21
|
|switch|p1a: Heracross|Heracross, M|301\/301
|move|p2a: Gyarados|Crunch|p1a: Heracross
|-resisted|p1a: Heracross
|-damage|p1a: Heracross|64\/301
|
|-damage|p2a: Gyarados|0 fnt|[from] psn
|faint|p2a: Gyarados
|
|switch|p2a: Sylveon|Sylveon, F|225\/394
|-damage|p2a: Sylveon|176\/394|[from] Stealth Rock
|turn|22
|
|detailschange|p1a: Heracross|Heracross-Mega, M
|message|Heracross has Mega Evolved into Mega Heracross!
|move|p1a: Heracross|Rock Blast|p2a: Sylveon
|-damage|p2a: Sylveon|123\/394
|-damage|p2a: Sylveon|70\/394
|-damage|p2a: Sylveon|19\/394
|-crit|p2a: Sylveon
|-damage|p2a: Sylveon|0 fnt
|-hitcount|p2a: Sylveon|4
|faint|p2a: Sylveon
|
|-message|bigdickplayer forfeited.
|
|win|DarkestRaigeki
|raw|Ladder updating...
|leave|bigdickplayer
|player|p2
|raw|DarkestRaigeki's rating: 1201 &rarr; <strong>1228<\/strong><br \/>(+27 for winning)
|raw|bigdickplayer's rating: 1225 &rarr; <strong>1198<\/strong><br \/>(-27 for losing)