|join|bigdickplayer
|join|Unseen11
|player|p1|bigdickplayer|245
|player|p2|Unseen11|267
|gametype|singles
|gen|6
|tier|OU
|rated
|clearpoke
|poke|p1|Garchomp, M, shiny
|poke|p1|Absol, M
|poke|p1|Greninja, M
|poke|p1|Landorus-Therian, M
|poke|p1|Latias, F, shiny
|poke|p1|Bisharp, F
|poke|p2|Scizor, M
|poke|p2|Rotom-Wash
|poke|p2|Chandelure, M
|poke|p2|Clefable, M
|poke|p2|Landorus, M
|poke|p2|Latias, F
|rule|Swagger Clause: Swagger is banned
|rule|Baton Pass Clause: Limit one PokÃ©mon knowing Baton Pass
|rule|Sleep Clause Mod: Limit one foe put to sleep
|rule|Species Clause: Limit one of each PokÃ©mon
|rule|OHKO Clause: OHKO moves are banned
|rule|Moody Clause: Moody is banned
|rule|Evasion Moves Clause: Evasion moves are banned
|rule|Endless Battle Clause: Forcing endless battles is banned
|rule|HP Percentage Mod: HP is shown in percentages
|teampreview
|
|start
|switch|p1a: Garchomp|Garchomp, M, shiny|357\/357
|switch|p2a: Juvia|Rotom-Wash|241\/241
|turn|1
|
|move|p2a: Juvia|Hydro Pump|p1a: Garchomp
|-damage|p1a: Garchomp|161\/357
|move|p1a: Garchomp|Stealth Rock|p2a: Juvia
|-sidestart|p2: Unseen11|move: Stealth Rock
|
|turn|2
|
|switch|p2a: Mavis|Clefable, M|394\/394
|switch|p1a: Latias|Latias, F, shiny|301\/301
|
|turn|3
|
|move|p1a: Latias|Psyshock|p2a: Mavis
|-damage|p2a: Mavis|258\/394
|-damage|p1a: Latias|271\/301|[from] item: Life Orb
|move|p2a: Mavis|Calm Mind|p2a: Mavis
|-boost|p2a: Mavis|spa|1
|-boost|p2a: Mavis|spd|1
|
|-heal|p2a: Mavis|282\/394|[from] item: Leftovers
|turn|4
|
|switch|p1a: Garchomp|Garchomp, M, shiny|161\/357
|move|p2a: Mavis|Moonblast|p1a: Garchomp
|-supereffective|p1a: Garchomp
|-damage|p1a: Garchomp|0 fnt
|faint|p1a: Garchomp
|
|-heal|p2a: Mavis|306\/394|[from] item: Leftovers
|
|switch|p1a: Bisharp|Bisharp, F|272\/272
|turn|5
|
|switch|p1a: Absol|Absol, M|271\/271
|move|p2a: Mavis|Flamethrower|p1a: Absol
|-damage|p1a: Absol|90\/271
|-status|p1a: Absol|brn
|
|-heal|p2a: Mavis|330\/394|[from] item: Leftovers
|-damage|p1a: Absol|57\/271 brn|[from] brn
|turn|6
|
|switch|p1a: Bisharp|Bisharp, F|272\/272
|move|p2a: Mavis|Calm Mind|p2a: Mavis
|-boost|p2a: Mavis|spa|1
|-boost|p2a: Mavis|spd|1
|
|-heal|p2a: Mavis|354\/394|[from] item: Leftovers
|turn|7
|
|move|p1a: Bisharp|Iron Head|p2a: Mavis
|-supereffective|p2a: Mavis
|-damage|p2a: Mavis|19\/394
|-damage|p1a: Bisharp|245\/272|[from] item: Life Orb
|cant|p2a: Mavis|flinch
|
|-heal|p2a: Mavis|43\/394|[from] item: Leftovers
|turn|8
|c|âUnseen11|rly
|
|move|p1a: Bisharp|Knock Off|p2a: Mavis
|-resisted|p2a: Mavis
|-damage|p2a: Mavis|0 fnt
|-enditem|p2a: Mavis|Leftovers|[from] move: Knock Off|[of] p1a: Bisharp
|-damage|p1a: Bisharp|218\/272|[from] item: Life Orb
|faint|p2a: Mavis
|
|
|switch|p2a: Gajeel|Scizor, M|343\/343
|-damage|p2a: Gajeel|301\/343|[from] Stealth Rock
|turn|9
|c|âbigdickplayer|hey you burnt me
|
|switch|p1a: Landorus-Therian|Landorus-Therian, M|324\/324
|-ability|p1a: Landorus-Therian|Intimidate|[of] p2a: Gajeel
|-unboost|p2a: Gajeel|atk|1
|move|p2a: Gajeel|U-turn|p1a: Landorus-Therian
|-resisted|p1a: Landorus-Therian
|-damage|p1a: Landorus-Therian|255\/324
|c|âUnseen11|whatev
|
|switch|p2a: Juvia|Rotom-Wash|241\/241
|-damage|p2a: Juvia|211\/241|[from] Stealth Rock
|
|turn|10
|
|move|p2a: Juvia|Volt Switch|p1a: Landorus-Therian
|-immune|p1a: Landorus-Therian|[msg]
|move|p1a: Landorus-Therian|U-turn|p2a: Juvia
|-damage|p2a: Juvia|119\/241
|c|âUnseen11|Oh lol
|c|âbigdickplayer|what
|
|switch|p1a: Latias|Latias, F, shiny|271\/301
|
|turn|11
|
|move|p2a: Juvia|Volt Switch|p1a: Latias
|-resisted|p1a: Latias
|-damage|p1a: Latias|231\/301
|
|switch|p2a: Gajeel|Scizor, M|301\/343
|-damage|p2a: Gajeel|259\/343|[from] Stealth Rock
|move|p1a: Latias|Draco Meteor|p2a: Gajeel
|-resisted|p2a: Gajeel
|-damage|p2a: Gajeel|102\/343
|-unboost|p1a: Latias|spa|2
|-damage|p1a: Latias|201\/301|[from] item: Life Orb
|
|turn|12
|
|move|p1a: Latias|Healing Wish|p1a: Latias
|faint|p1a: Latias
|move|p2a: Gajeel|Pursuit|p1: Latias|[notarget]
|-notarget
|
|
|switch|p1a: Absol|Absol, M|57\/271 brn
|-heal|p1a: Absol|271\/271|[from] move: Healing Wish
|turn|13
|
|switch|p2a: Jura|Landorus, M|319\/319
|-damage|p2a: Jura|280\/319|[from] Stealth Rock
|detailschange|p1a: Absol|Absol-Mega, M
|message|Absol has Mega Evolved into Mega Absol!
|move|p1a: Absol|Knock Off|p2a: Jura
|-damage|p2a: Jura|76\/319
|-enditem|p2a: Jura|Life Orb|[from] move: Knock Off|[of] p1a: Absol
|
|turn|14
|
|move|p1a: Absol|Sucker Punch|p2a: Jura
|-damage|p2a: Jura|0 fnt
|faint|p2a: Jura
|
|-message|Unseen11 forfeited.
|
|win|bigdickplayer
|raw|Ladder updating...
|leave|Unseen11
|player|p2
|raw|bigdickplayer's rating: 1742 &rarr; <strong>1758<\/strong><br \/>(+16 for winning)
|raw|Unseen11's rating: 1667 &rarr; <strong>1652<\/strong><br \/>(-15 for losing)