|join|bigdickplayer
|join|LT2A Zelda33
|player|p1|bigdickplayer|245
|player|p2|LT2A Zelda33|288
|gametype|singles
|gen|6
|tier|OU
|rated
|clearpoke
|poke|p1|Slowbro, M, shiny
|poke|p1|Scizor, M
|poke|p1|Heatran, F
|poke|p1|Clefable, F
|poke|p1|Keldeo-Resolute
|poke|p1|Latios, M
|poke|p2|Scizor, F
|poke|p2|Slowbro, F
|poke|p2|Heatran, F
|poke|p2|Latios, M
|poke|p2|Clefable, F
|poke|p2|Ferrothorn, F
|rule|Swagger Clause: Swagger is banned
|rule|Baton Pass Clause: Limit one PokÃ©mon knowing Baton Pass
|rule|Sleep Clause Mod: Limit one foe put to sleep
|rule|Species Clause: Limit one of each PokÃ©mon
|rule|OHKO Clause: OHKO moves are banned
|rule|Moody Clause: Moody is banned
|rule|Evasion Moves Clause: Evasion moves are banned
|rule|Endless Battle Clause: Forcing endless battles is banned
|rule|HP Percentage Mod: HP is shown in percentages
|teampreview
|c|âLT2A Zelda33|holy shit
|c|âLT2A Zelda33|5\/6 of our pokes are the same
|c|âbigdickplayer|lol
|c|âLT2A Zelda33|what the hell
|c|âbigdickplayer|dude most of the ladder is like that
|
|start
|switch|p1a: Keldeo-Resolute|Keldeo-Resolute|324\/324
|switch|p2a: Latios|Latios, M|301\/301
|turn|1
|
|switch|p1a: Scizor|Scizor, M|344\/344
|move|p2a: Latios|Psyshock|p1a: Scizor
|-resisted|p1a: Scizor
|-damage|p1a: Scizor|262\/344
|-damage|p2a: Latios|271\/301|[from] item: Life Orb
|
|turn|2
|
|switch|p2a: Heatran|Heatran, F|386\/386
|detailschange|p1a: Scizor|Scizor-Mega, M
|message|Scizor has Mega Evolved into Mega Scizor!
|move|p1a: Scizor|Knock Off|p2a: Heatran
|-damage|p2a: Heatran|247\/386
|-enditem|p2a: Heatran|Leftovers|[from] move: Knock Off|[of] p1a: Scizor
|
|turn|3
|
|switch|p1a: Heatran|Heatran, F|386\/386
|move|p2a: Heatran|Toxic|p1a: Heatran
|-fail|p1a: Heatran
|
|turn|4
|
|switch|p2a: Slowbro|Slowbro, F|394\/394
|move|p1a: Heatran|Stealth Rock|p2a: Slowbro
|-sidestart|p2: LT2A Zelda33|move: Stealth Rock
|
|turn|5
|
|move|p1a: Heatran|Protect|p1a: Heatran
|-singleturn|p1a: Heatran|Protect
|move|p2a: Slowbro|Thunder Wave|p1a: Heatran
|-activate|p1a: Heatran|Protect
|
|turn|6
|
|move|p1a: Heatran|Lava Plume|p2a: Slowbro
|-resisted|p2a: Slowbro
|-damage|p2a: Slowbro|329\/394
|move|p2a: Slowbro|Scald|p1a: Heatran
|-supereffective|p1a: Heatran
|-damage|p1a: Heatran|258\/386
|
|-heal|p1a: Heatran|282\/386|[from] item: Leftovers
|-heal|p2a: Slowbro|353\/394|[from] item: Leftovers
|turn|7
|
|move|p1a: Heatran|Protect|p1a: Heatran
|-singleturn|p1a: Heatran|Protect
|move|p2a: Slowbro|Thunder Wave|p1a: Heatran
|-activate|p1a: Heatran|Protect
|
|-heal|p1a: Heatran|306\/386|[from] item: Leftovers
|-heal|p2a: Slowbro|377\/394|[from] item: Leftovers
|turn|8
|
|switch|p1a: Slowbro|Slowbro, M, shiny|394\/394
|move|p2a: Slowbro|Thunder Wave|p1a: Slowbro
|-status|p1a: Slowbro|par
|
|-heal|p2a: Slowbro|394\/394|[from] item: Leftovers
|turn|9
|
|switch|p2a: Ferrothorn|Ferrothorn, F|290\/290
|-damage|p2a: Ferrothorn|272\/290|[from] Stealth Rock
|move|p1a: Slowbro|Thunder Wave|p2a: Ferrothorn
|-status|p2a: Ferrothorn|par
|
|-heal|p2a: Ferrothorn|290\/290 par|[from] item: Leftovers
|turn|10
|
|switch|p1a: Heatran|Heatran, F|306\/386
|cant|p2a: Ferrothorn|par
|
|-heal|p1a: Heatran|330\/386|[from] item: Leftovers
|turn|11
|
|switch|p2a: Slowbro|Slowbro, F|394\/394
|-damage|p2a: Slowbro|345\/394|[from] Stealth Rock
|move|p1a: Heatran|Lava Plume|p2a: Slowbro
|-resisted|p2a: Slowbro
|-damage|p2a: Slowbro|268\/394
|
|-heal|p1a: Heatran|354\/386|[from] item: Leftovers
|-heal|p2a: Slowbro|292\/394|[from] item: Leftovers
|turn|12
|
|switch|p1a: Slowbro|Slowbro, M, shiny|394\/394 par
|move|p2a: Slowbro|Scald|p1a: Slowbro
|-resisted|p1a: Slowbro
|-damage|p1a: Slowbro|335\/394 par
|
|-heal|p2a: Slowbro|316\/394|[from] item: Leftovers
|-heal|p1a: Slowbro|359\/394 par|[from] item: Leftovers
|turn|13
|
|switch|p2a: Ferrothorn|Ferrothorn, F|290\/290 par
|-damage|p2a: Ferrothorn|272\/290 par|[from] Stealth Rock
|switch|p1a: Heatran|Heatran, F|354\/386
|
|-heal|p1a: Heatran|378\/386|[from] item: Leftovers
|-heal|p2a: Ferrothorn|290\/290 par|[from] item: Leftovers
|turn|14
|
|switch|p2a: Slowbro|Slowbro, F|394\/394
|-damage|p2a: Slowbro|345\/394|[from] Stealth Rock
|move|p1a: Heatran|Lava Plume|p2a: Slowbro
|-resisted|p2a: Slowbro
|-damage|p2a: Slowbro|270\/394
|
|-heal|p1a: Heatran|386\/386|[from] item: Leftovers
|-heal|p2a: Slowbro|294\/394|[from] item: Leftovers
|turn|15
|
|move|p1a: Heatran|Lava Plume|p2a: Slowbro
|-resisted|p2a: Slowbro
|-damage|p2a: Slowbro|228\/394
|move|p2a: Slowbro|Thunder Wave|p1a: Heatran
|-status|p1a: Heatran|par
|
|-heal|p2a: Slowbro|252\/394|[from] item: Leftovers
|turn|16
|
|switch|p2a: Heatran|Heatran, F|247\/386
|-damage|p2a: Heatran|199\/386|[from] Stealth Rock
|move|p1a: Heatran|Lava Plume|p2a: Heatran
|-start|p2a: Heatran|ability: Flash Fire
|
|turn|17
|
|move|p2a: Heatran|Stealth Rock|p1a: Heatran
|-sidestart|p1: bigdickplayer|move: Stealth Rock
|move|p1a: Heatran|Earth Power|p2a: Heatran
|-supereffective|p2a: Heatran
|-damage|p2a: Heatran|0 fnt
|faint|p2a: Heatran
|
|
|switch|p2a: Latios|Latios, M|271\/301
|-damage|p2a: Latios|234\/301|[from] Stealth Rock
|turn|18
|
|move|p1a: Heatran|Protect|p1a: Heatran
|-singleturn|p1a: Heatran|Protect
|move|p2a: Latios|Draco Meteor|p1a: Heatran
|-activate|p1a: Heatran|Protect
|
|turn|19
|
|move|p2a: Latios|Earthquake|p1a: Heatran
|-supereffective|p1a: Heatran
|-damage|p1a: Heatran|0 fnt
|-damage|p2a: Latios|204\/301|[from] item: Life Orb
|faint|p1a: Heatran
|
|c|âbigdickplayer|huh
|
|switch|p1a: Latios|Latios, M|302\/302
|-damage|p1a: Latios|265\/302|[from] Stealth Rock
|turn|20
|
|switch|p2a: Ferrothorn|Ferrothorn, F|290\/290 par
|-damage|p2a: Ferrothorn|272\/290 par|[from] Stealth Rock
|move|p1a: Latios|Trick|p2a: Ferrothorn
|-activate|p1a: Latios|move: Trick|[of] p2a: Ferrothorn
|-item|p2a: Ferrothorn|Choice Scarf|[from] move: Trick
|-item|p1a: Latios|Leftovers|[from] move: Trick
|
|-heal|p1a: Latios|283\/302|[from] item: Leftovers
|turn|21
|
|switch|p1a: Scizor|Scizor-Mega, M|262\/344
|-damage|p1a: Scizor|219\/344|[from] Stealth Rock
|cant|p2a: Ferrothorn|par
|
|turn|22
|
|move|p1a: Scizor|Swords Dance|p1a: Scizor
|-boost|p1a: Scizor|atk|2
|cant|p2a: Ferrothorn|par
|
|turn|23
|
|move|p1a: Scizor|Swords Dance|p1a: Scizor
|-boost|p1a: Scizor|atk|2
|move|p2a: Ferrothorn|Leech Seed|p1a: Scizor
|-start|p1a: Scizor|move: Leech Seed
|
|-damage|p1a: Scizor|176\/344|[from] Leech Seed|[of] p2a: Ferrothorn
|-heal|p2a: Ferrothorn|290\/290 par|[silent]
|turn|24
|
|switch|p2a: Clefable|Clefable, F|394\/394
|move|p1a: Scizor|Roost|p1a: Scizor
|-heal|p1a: Scizor|344\/344
|
|-damage|p1a: Scizor|301\/344|[from] Leech Seed|[of] p2a: Clefable
|turn|25
|
|move|p1a: Scizor|Bullet Punch|p2a: Clefable
|-supereffective|p2a: Clefable
|-damage|p2a: Clefable|0 fnt
|faint|p2a: Clefable
|
|
|switch|p2a: Slowbro|Slowbro, F|383\/394
|-damage|p2a: Slowbro|334\/394|[from] Stealth Rock
|turn|26
|
|move|p1a: Scizor|Knock Off|p2a: Slowbro
|-supereffective|p2a: Slowbro
|-damage|p2a: Slowbro|0 fnt
|-enditem|p2a: Slowbro|Leftovers|[from] move: Knock Off|[of] p1a: Scizor
|faint|p2a: Slowbro
|
|-message|LT2A Zelda33 forfeited.
|leave|LT2A Zelda33
|
|win|bigdickplayer
|raw|Ladder updating...
|raw|bigdickplayer's rating: 1690 &rarr; <strong>1708<\/strong><br \/>(+18 for winning)
|raw|LT2A Zelda33's rating: 1655 &rarr; <strong>1637<\/strong><br \/>(-18 for losing)
|player|p2