|join|bigdickplayer
|join|wishful thinking 1
|player|p1|bigdickplayer|1
|player|p2|wishful thinking 1|2
|gametype|singles
|gen|6
|tier|OU
|rated
|clearpoke
|poke|p1|Rotom-Wash
|poke|p1|Beedrill, M
|poke|p1|Serperior, F
|poke|p1|Diggersby, F
|poke|p1|Cobalion
|poke|p1|Latias, F
|poke|p2|Bisharp, M
|poke|p2|Latias, F
|poke|p2|Clefable, M
|poke|p2|Keldeo
|poke|p2|Landorus-Therian, M
|poke|p2|Ferrothorn, M
|rule|Swagger Clause: Swagger is banned
|rule|Baton Pass Clause: Limit one PokÃ©mon knowing Baton Pass
|rule|Sleep Clause Mod: Limit one foe put to sleep
|rule|Species Clause: Limit one of each PokÃ©mon
|rule|OHKO Clause: OHKO moves are banned
|rule|Moody Clause: Moody is banned
|rule|Evasion Moves Clause: Evasion moves are banned
|rule|Endless Battle Clause: Forcing endless battles is banned
|rule|HP Percentage Mod: HP is shown in percentages
|teampreview
|
|start
|switch|p1a: Rotom-Wash|Rotom-Wash|241\/241
|switch|p2a: Keldeo|Keldeo|323\/323
|turn|1
|
|move|p1a: Rotom-Wash|Volt Switch|p2a: Keldeo
|-supereffective|p2a: Keldeo
|-damage|p2a: Keldeo|53\/323
|
|switch|p1a: Latias|Latias, F|301\/301
|move|p2a: Keldeo|Secret Sword|p1a: Latias
|-resisted|p1a: Latias
|-damage|p1a: Latias|225\/301
|
|-heal|p1a: Latias|243\/301|[from] item: Leftovers
|-heal|p2a: Keldeo|73\/323|[from] item: Leftovers
|turn|2
|
|switch|p1a: Serperior|Serperior, F|291\/291
|switch|p2a: Ferrothorn|Ferrothorn, M|352\/352
|
|turn|3
|
|move|p1a: Serperior|Leaf Storm|p2a: Ferrothorn
|-resisted|p2a: Ferrothorn
|-damage|p2a: Ferrothorn|325\/352
|-boost|p1a: Serperior|spa|2
|move|p2a: Ferrothorn|Thunder Wave|p1a: Serperior
|-status|p1a: Serperior|par
|
|turn|4
|
|cant|p1a: Serperior|par
|move|p2a: Ferrothorn|Knock Off|p1a: Serperior
|-damage|p1a: Serperior|220\/291 par
|-enditem|p1a: Serperior|Expert Belt|[from] move: Knock Off|[of] p2a: Ferrothorn
|
|turn|5
|
|move|p1a: Serperior|Glare|p2a: Ferrothorn
|-status|p2a: Ferrothorn|par
|move|p2a: Ferrothorn|Knock Off|p1a: Serperior
|-damage|p1a: Serperior|165\/291 par
|
|turn|6
|
|cant|p1a: Serperior|par
|move|p2a: Ferrothorn|Knock Off|p1a: Serperior
|-damage|p1a: Serperior|114\/291 par
|
|turn|7
|
|move|p1a: Serperior|Hidden Power|p2a: Ferrothorn
|-supereffective|p2a: Ferrothorn
|-damage|p2a: Ferrothorn|73\/352 par
|move|p2a: Ferrothorn|Knock Off|p1a: Serperior
|-damage|p1a: Serperior|66\/291 par
|
|turn|8
|
|move|p1a: Serperior|Glare|p2a: Ferrothorn
|-fail|p2a: Ferrothorn|par
|cant|p2a: Ferrothorn|par
|
|turn|9
|
|move|p1a: Serperior|Hidden Power|p2a: Ferrothorn
|-supereffective|p2a: Ferrothorn
|-damage|p2a: Ferrothorn|0 fnt
|faint|p2a: Ferrothorn
|
|
|switch|p2a: Landorus-Therian|Landorus-Therian, M|382\/382
|-ability|p2a: Landorus-Therian|Intimidate|[of] p1a: Serperior
|-boost|p1a: Serperior|atk|1
|turn|10
|
|move|p2a: Landorus-Therian|Stealth Rock|p1a: Serperior
|-sidestart|p1: bigdickplayer|move: Stealth Rock
|move|p1a: Serperior|Leaf Storm|p2a: Landorus-Therian
|-crit|p2a: Landorus-Therian
|-damage|p2a: Landorus-Therian|0 fnt
|-boost|p1a: Serperior|spa|2
|faint|p2a: Landorus-Therian
|
|
|switch|p2a: Keldeo|Keldeo|73\/323
|turn|11
|
|move|p2a: Keldeo|Secret Sword|p1a: Serperior
|-damage|p1a: Serperior|0 fnt
|faint|p1a: Serperior
|
|-heal|p2a: Keldeo|93\/323|[from] item: Leftovers
|
|switch|p1a: Latias|Latias, F|243\/301
|-damage|p1a: Latias|206\/301|[from] Stealth Rock
|turn|12
|
|switch|p2a: Bisharp|Bisharp, M|271\/271
|move|p1a: Latias|Defog|p2a: Bisharp
|-unboost|p2a: Bisharp|evasion|1
|-boost|p2a: Bisharp|atk|2|[from] ability: Defiant
|-sideend|p1: bigdickplayer|Stealth Rock|[from] move: Defog|[of] p1a: Latias
|
|-heal|p1a: Latias|224\/301|[from] item: Leftovers
|turn|13
|
|move|p1a: Latias|Thunderbolt|p2a: Bisharp
|-damage|p2a: Bisharp|149\/271
|move|p2a: Bisharp|Pursuit|p1a: Latias
|-supereffective|p1a: Latias
|-damage|p1a: Latias|0 fnt
|-damage|p2a: Bisharp|122\/271|[from] item: Life Orb
|faint|p1a: Latias
|
|
|switch|p1a: Cobalion|Cobalion|386\/386
|turn|14
|
|switch|p2a: Latias|Latias, F|364\/364
|move|p1a: Cobalion|Close Combat|p2a: Latias
|-crit|p2a: Latias
|-resisted|p2a: Latias
|-damage|p2a: Latias|292\/364
|-unboost|p1a: Cobalion|def|1
|-unboost|p1a: Cobalion|spd|1
|
|turn|15
|
|switch|p2a: Bisharp|Bisharp, M|122\/271
|move|p1a: Cobalion|Volt Switch|p2a: Bisharp
|-damage|p2a: Bisharp|59\/271
|
|switch|p1a: Rotom-Wash|Rotom-Wash|241\/241
|
|turn|16
|
|switch|p1a: Cobalion|Cobalion|386\/386
|move|p2a: Bisharp|Sucker Punch|p1a: Cobalion
|-fail|p1a: Cobalion
|
|turn|17
|
|move|p2a: Bisharp|Sucker Punch|p1a: Cobalion
|-fail|p1a: Cobalion
|move|p1a: Cobalion|Stealth Rock|p2a: Bisharp
|-sidestart|p2: wishful thinking 1|move: Stealth Rock
|
|turn|18
|
|move|p2a: Bisharp|Sucker Punch|p1a: Cobalion
|-resisted|p1a: Cobalion
|-damage|p1a: Cobalion|320\/386
|-boost|p1a: Cobalion|atk|1|[from] ability: Justified
|-damage|p2a: Bisharp|32\/271|[from] item: Life Orb
|move|p1a: Cobalion|Volt Switch|p2a: Bisharp
|-damage|p2a: Bisharp|0 fnt
|faint|p2a: Bisharp
|
|switch|p1a: Beedrill|Beedrill, M|271\/271
|
|
|switch|p2a: Latias|Latias, F|292\/364
|-damage|p2a: Latias|247\/364|[from] Stealth Rock
|turn|19
|
|detailschange|p1a: Beedrill|Beedrill-Mega, M
|-mega|p1a: Beedrill|Beedrill|Beedrillite
|detailschange|p2a: Latias|Latias-Mega, F
|-mega|p2a: Latias|Latias|Latiasite
|move|p1a: Beedrill|Protect|p1a: Beedrill
|-singleturn|p1a: Beedrill|Protect
|move|p2a: Latias|Recover|p2a: Latias
|-heal|p2a: Latias|364\/364
|
|turn|20
|
|move|p1a: Beedrill|U-turn|p2a: Latias
|-supereffective|p2a: Latias
|-damage|p2a: Latias|112\/364
|
|switch|p1a: Diggersby|Diggersby, F|311\/311
|move|p2a: Latias|Recover|p2a: Latias
|-heal|p2a: Latias|294\/364
|
|turn|21
|
|move|p1a: Diggersby|U-turn|p2a: Latias
|-supereffective|p2a: Latias
|-damage|p2a: Latias|162\/364
|
|switch|p1a: Cobalion|Cobalion|320\/386
|move|p2a: Latias|Recover|p2a: Latias
|-heal|p2a: Latias|344\/364
|
|-heal|p1a: Cobalion|344\/386|[from] item: Leftovers
|turn|22
|
|move|p1a: Cobalion|Taunt|p2a: Latias
|-start|p2a: Latias|move: Taunt
|cant|p2a: Latias|move: Taunt|Calm Mind
|
|-heal|p1a: Cobalion|368\/386|[from] item: Leftovers
|turn|23
|-message|wishful thinking 1 forfeited.
|
|win|bigdickplayer
|raw|Ladder updating...
|raw|bigdickplayer's rating: 1599 &rarr; <strong>1614<\/strong><br \/>(+15 for winning)
|raw|wishful thinking 1's rating: 1526 &rarr; <strong>1510<\/strong><br \/>(-16 for losing)
|leave|wishful thinking 1
|player|p2