|join|trolltothemax
|join|bigdickplayer
|player|p1|trolltothemax|102
|player|p2|bigdickplayer|2
|gametype|singles
|gen|6
|tier|OU
|rated
|clearpoke
|poke|p1|Starmie
|poke|p1|Scizor, M
|poke|p1|Whimsicott, F
|poke|p1|Heatran, M
|poke|p1|Sylveon, M
|poke|p1|Hawlucha, F
|poke|p2|Thundurus, M
|poke|p2|Kyurem-Black, shiny
|poke|p2|Rotom-Wash
|poke|p2|Excadrill, M
|poke|p2|Talonflame, M
|poke|p2|Pinsir, M
|rule|Swagger Clause: Swagger is banned
|rule|Baton Pass Clause: Limit one PokÃ©mon knowing Baton Pass
|rule|Sleep Clause Mod: Limit one foe put to sleep
|rule|Species Clause: Limit one of each PokÃ©mon
|rule|OHKO Clause: OHKO moves are banned
|rule|Moody Clause: Moody is banned
|rule|Evasion Moves Clause: Evasion moves are banned
|rule|Endless Battle Clause: Forcing endless battles is banned
|rule|HP Percentage Mod: HP is shown in percentages
|teampreview
|
|start
|switch|p1a: Heatran|Heatran, M|385\/385
|switch|p2a: Thundurus|Thundurus, M|299\/299
|-item|p1a: Heatran|Air Balloon
|turn|1
|
|move|p2a: Thundurus|Taunt|p1a: Heatran
|-start|p1a: Heatran|move: Taunt
|move|p1a: Heatran|Fire Blast|p2a: Thundurus
|-damage|p2a: Thundurus|94\/299
|
|turn|2
|
|move|p2a: Thundurus|Volt Switch|p1a: Heatran
|-damage|p1a: Heatran|275\/385
|-enditem|p1a: Heatran|Air Balloon
|-damage|p2a: Thundurus|65\/299|[from] item: Life Orb
|
|switch|p2a: Talonflame|Talonflame, M|297\/297
|move|p1a: Heatran|Fire Blast|p2a: Talonflame
|-crit|p2a: Talonflame
|-resisted|p2a: Talonflame
|-damage|p2a: Talonflame|132\/297
|
|turn|3
|
|move|p2a: Talonflame|Swords Dance|p2a: Talonflame
|-boost|p2a: Talonflame|atk|2
|move|p1a: Heatran|Fire Blast|p2a: Talonflame
|-resisted|p2a: Talonflame
|-damage|p2a: Talonflame|32\/297
|
|-end|p1a: Heatran|move: Taunt
|turn|4
|
|move|p2a: Talonflame|Roost|p2a: Talonflame
|-heal|p2a: Talonflame|181\/297
|move|p1a: Heatran|Toxic|p2a: Talonflame|[miss]
|-miss|p1a: Heatran|p2a: Talonflame
|
|turn|5
|c|âtrolltothemax|oh fuck
|c|âtrolltothemax|that was really crucial
|c|âbigdickplayer|nah this wont kill
|
|move|p2a: Talonflame|Brave Bird|p1a: Heatran
|-resisted|p1a: Heatran
|-damage|p1a: Heatran|101\/385
|-damage|p2a: Talonflame|124\/297|[from] recoil|[of] p1a: Heatran
|move|p1a: Heatran|Toxic|p2a: Talonflame
|-status|p2a: Talonflame|tox
|
|-damage|p2a: Talonflame|106\/297 tox|[from] psn
|turn|6
|c|âbigdickplayer|youll get the toxic
|c|âtrolltothemax|not about killing
|c|âtrolltothemax|god i hate talonflame so much lol
|c|âbigdickplayer|lol
|c|âbigdickplayer|just trying out birdspam
|c|âtrolltothemax|ugh if only that connected
|c|âbigdickplayer|still pretty noob at it
|c|âbigdickplayer|you hit all your fireblasts
|c|âbigdickplayer|something was bound to miss lol
|c|âtrolltothemax|no that wasn't it
|c|âtrolltothemax|wasn't the plan
|
|move|p2a: Talonflame|Roost|p2a: Talonflame
|-heal|p2a: Talonflame|255\/297 tox
|move|p1a: Heatran|Stealth Rock|p2a: Talonflame
|-sidestart|p2: bigdickplayer|move: Stealth Rock
|
|-damage|p2a: Talonflame|219\/297 tox|[from] psn
|turn|7
|c|âbigdickplayer|you've lost me
|
|move|p2a: Talonflame|Brave Bird|p1a: Heatran
|-resisted|p1a: Heatran
|-damage|p1a: Heatran|0 fnt
|-damage|p2a: Talonflame|186\/297 tox|[from] recoil|[of] p1a: Heatran
|faint|p1a: Heatran
|
|-damage|p2a: Talonflame|132\/297 tox|[from] psn
|c|âbigdickplayer|im hoping tflame will get 2 more kills
|
|switch|p1a: Sylveon|Sylveon, M|394\/394
|turn|8
|c|âbigdickplayer|should have saved for late game
|
|move|p1a: Sylveon|Protect|p1a: Sylveon
|-singleturn|p1a: Sylveon|Protect
|move|p2a: Talonflame|Roost|p2a: Talonflame
|-heal|p2a: Talonflame|281\/297 tox
|
|-damage|p2a: Talonflame|209\/297 tox|[from] psn
|turn|9
|
|move|p2a: Talonflame|Brave Bird|p1a: Sylveon
|-damage|p1a: Sylveon|39\/394
|-damage|p2a: Talonflame|92\/297 tox|[from] recoil|[of] p1a: Sylveon
|move|p1a: Sylveon|Wish|p1a: Sylveon
|
|-heal|p1a: Sylveon|63\/394|[from] item: Leftovers
|-damage|p2a: Talonflame|2\/297 tox|[from] psn
|turn|10
|c|âbigdickplayer|damn
|c|âtrolltothemax|sylveon is quite bulky fyi
|c|âbigdickplayer|yeh
|c|âbigdickplayer|im changing t flame to adamnt
|c|âtrolltothemax|gotta invest in the physical side
|c|âtrolltothemax|dude did you seriously run jolly?
|c|âbigdickplayer|yeh lol
|c|âbigdickplayer|I told you im noob to this
|c|âtrolltothemax|dude priority bb
|c|âtrolltothemax|your rating says otherwise
|c|âbigdickplayer|nah 1500 is pretty average
|c|âtrolltothemax|actually jolly is for taking care of thundurus
|
|move|p2a: Talonflame|Roost|p2a: Talonflame
|-heal|p2a: Talonflame|151\/297 tox
|move|p1a: Sylveon|Hyper Voice|p2a: Talonflame
|-resisted|p2a: Talonflame
|-damage|p2a: Talonflame|49\/297 tox
|
|-heal|p1a: Sylveon|260\/394|[from] move: Wish|[wisher] Sylveon
|-heal|p1a: Sylveon|284\/394|[from] item: Leftovers
|-damage|p2a: Talonflame|0 fnt|[from] psn
|faint|p2a: Talonflame
|c|âbigdickplayer|yeh and raikou
|
|switch|p2a: Excadrill|Excadrill, M|361\/361
|-damage|p2a: Excadrill|350\/361|[from] Stealth Rock
|-ability|p2a: Excadrill|Mold Breaker
|turn|11
|
|move|p1a: Sylveon|Protect|p1a: Sylveon
|-singleturn|p1a: Sylveon|Protect
|move|p2a: Excadrill|Rapid Spin|p1a: Sylveon
|-activate|p1a: Sylveon|Protect
|
|-heal|p1a: Sylveon|308\/394|[from] item: Leftovers
|turn|12
|
|switch|p1a: Scizor|Scizor, M|281\/281
|move|p2a: Excadrill|Rapid Spin|p1a: Scizor
|-resisted|p1a: Scizor
|-damage|p1a: Scizor|266\/281
|-sideend|p2: bigdickplayer|Stealth Rock|[from] move: Rapid Spin|[of] p2a: Excadrill
|
|turn|13
|
|switch|p2a: Rotom-Wash|Rotom-Wash|304\/304
|detailschange|p1a: Scizor|Scizor-Mega, M
|-mega|p1a: Scizor|Scizor|Scizorite
|move|p1a: Scizor|Swords Dance|p1a: Scizor
|-boost|p1a: Scizor|atk|2
|
|turn|14
|
|move|p1a: Scizor|Superpower|p2a: Rotom-Wash
|-damage|p2a: Rotom-Wash|80\/304
|-unboost|p1a: Scizor|atk|1
|-unboost|p1a: Scizor|def|1
|move|p2a: Rotom-Wash|Will-O-Wisp|p1a: Scizor
|-status|p1a: Scizor|brn
|
|-heal|p2a: Rotom-Wash|99\/304|[from] item: Leftovers
|-damage|p1a: Scizor|231\/281 brn|[from] brn
|turn|15
|c|âtrolltothemax|defensive eh?
|c|âbigdickplayer|rcourse
|
|switch|p1a: Sylveon|Sylveon, M|308\/394
|move|p2a: Rotom-Wash|Pain Split|p1a: Sylveon
|-sethp|p1a: Sylveon|203\/394|p2a: Rotom-Wash|203\/304|[from] move: Pain Split
|
|-heal|p2a: Rotom-Wash|222\/304|[from] item: Leftovers
|-heal|p1a: Sylveon|227\/394|[from] item: Leftovers
|turn|16
|
|move|p2a: Rotom-Wash|Volt Switch|p1a: Sylveon
|-damage|p1a: Sylveon|154\/394
|
|switch|p2a: Pinsir|Pinsir, M|271\/271
|move|p1a: Sylveon|Heal Bell|p1a: Sylveon
|-cureteam|p1a: Sylveon|[from] move: HealBell
|
|-heal|p1a: Sylveon|178\/394|[from] item: Leftovers
|turn|17
|c|âtrolltothemax|omfg bird spam uggggghhhh
|c|âbigdickplayer|lol
|
|detailschange|p2a: Pinsir|Pinsir-Mega, M
|-mega|p2a: Pinsir|Pinsir|Pinsirite
|move|p2a: Pinsir|Return|p1a: Sylveon
|-damage|p1a: Sylveon|0 fnt
|faint|p1a: Sylveon
|
|c|âtrolltothemax|ugh
|c|âtrolltothemax|so over powered
|c|âtrolltothemax|my team really hates bird spam
|c|âbigdickplayer|nah under imo
|
|switch|p1a: Starmie|Starmie|323\/323
|turn|18
|c|âbigdickplayer|most teams hate birdspam
|
|switch|p2a: Kyurem-Black|Kyurem-Black, shiny|449\/449
|-ability|p2a: Kyurem-Black|Teravolt
|move|p1a: Starmie|Scald|p2a: Kyurem-Black
|-resisted|p2a: Kyurem-Black
|-damage|p2a: Kyurem-Black|402\/449
|
|-heal|p2a: Kyurem-Black|430\/449|[from] item: Leftovers
|turn|19
|
|move|p1a: Starmie|Scald|p2a: Kyurem-Black
|-resisted|p2a: Kyurem-Black
|-damage|p2a: Kyurem-Black|386\/449
|-status|p2a: Kyurem-Black|brn
|move|p2a: Kyurem-Black|Substitute|p2a: Kyurem-Black
|-start|p2a: Kyurem-Black|Substitute
|-damage|p2a: Kyurem-Black|274\/449 brn
|
|-heal|p2a: Kyurem-Black|302\/449 brn|[from] item: Leftovers
|-damage|p2a: Kyurem-Black|246\/449 brn|[from] brn
|turn|20
|c|âbigdickplayer|damn that burn
|
|move|p1a: Starmie|Psyshock|p2a: Kyurem-Black
|-activate|p2a: Kyurem-Black|Substitute|[damage]
|move|p2a: Kyurem-Black|Fusion Bolt|p1a: Starmie
|-supereffective|p1a: Starmie
|-damage|p1a: Starmie|171\/323
|
|-heal|p1a: Starmie|191\/323|[from] item: Leftovers
|-heal|p2a: Kyurem-Black|274\/449 brn|[from] item: Leftovers
|-damage|p2a: Kyurem-Black|218\/449 brn|[from] brn
|turn|21
|c|âtrolltothemax|dang that was lucky for me
|
|move|p1a: Starmie|Psyshock|p2a: Kyurem-Black
|-end|p2a: Kyurem-Black|Substitute
|move|p2a: Kyurem-Black|Earth Power|p1a: Starmie
|-damage|p1a: Starmie|93\/323
|
|-heal|p1a: Starmie|113\/323|[from] item: Leftovers
|-heal|p2a: Kyurem-Black|246\/449 brn|[from] item: Leftovers
|-damage|p2a: Kyurem-Black|190\/449 brn|[from] brn
|turn|22
|
|move|p1a: Starmie|Recover|p1a: Starmie
|-heal|p1a: Starmie|275\/323
|move|p2a: Kyurem-Black|Fusion Bolt|p1a: Starmie
|-supereffective|p1a: Starmie
|-damage|p1a: Starmie|139\/323
|
|-heal|p1a: Starmie|159\/323|[from] item: Leftovers
|-heal|p2a: Kyurem-Black|218\/449 brn|[from] item: Leftovers
|-damage|p2a: Kyurem-Black|162\/449 brn|[from] brn
|turn|23
|
|switch|p2a: Rotom-Wash|Rotom-Wash|222\/304
|move|p1a: Starmie|Recover|p1a: Starmie
|-heal|p1a: Starmie|321\/323
|
|-heal|p1a: Starmie|323\/323|[from] item: Leftovers
|-heal|p2a: Rotom-Wash|241\/304|[from] item: Leftovers
|turn|24
|
|switch|p1a: Whimsicott|Whimsicott, F|323\/323
|move|p2a: Rotom-Wash|Will-O-Wisp|p1a: Whimsicott
|-status|p1a: Whimsicott|brn
|
|-heal|p2a: Rotom-Wash|260\/304|[from] item: Leftovers
|-damage|p1a: Whimsicott|283\/323 brn|[from] brn
|turn|25
|
|move|p1a: Whimsicott|Leech Seed|p2a: Rotom-Wash
|-start|p2a: Rotom-Wash|move: Leech Seed
|move|p2a: Rotom-Wash|Volt Switch|p1a: Whimsicott
|-resisted|p1a: Whimsicott
|-damage|p1a: Whimsicott|226\/323 brn
|c|âtrolltothemax|ugh
|
|switch|p2a: Excadrill|Excadrill, M|350\/361
|-ability|p2a: Excadrill|Mold Breaker
|
|-heal|p1a: Whimsicott|246\/323 brn|[from] item: Leftovers
|-damage|p1a: Whimsicott|206\/323 brn|[from] brn
|turn|26
|c|âtrolltothemax|dumbass me
|
|move|p1a: Whimsicott|Substitute|p1a: Whimsicott
|-start|p1a: Whimsicott|Substitute
|-damage|p1a: Whimsicott|126\/323 brn
|move|p2a: Excadrill|Iron Head|p1a: Whimsicott
|-crit|p1a: Whimsicott
|-supereffective|p1a: Whimsicott
|-end|p1a: Whimsicott|Substitute
|
|-heal|p1a: Whimsicott|146\/323 brn|[from] item: Leftovers
|-damage|p1a: Whimsicott|106\/323 brn|[from] brn
|turn|27
|
|move|p1a: Whimsicott|Leech Seed|p2a: Excadrill
|-start|p2a: Excadrill|move: Leech Seed
|move|p2a: Excadrill|Iron Head|p1a: Whimsicott
|-supereffective|p1a: Whimsicott
|-damage|p1a: Whimsicott|0 fnt
|faint|p1a: Whimsicott
|
|
|switch|p1a: Hawlucha|Hawlucha, F|299\/299
|turn|28
|
|switch|p2a: Rotom-Wash|Rotom-Wash|260\/304
|move|p1a: Hawlucha|Sky Attack|p2a: Rotom-Wash|[still]
|-prepare|p1a: Hawlucha|Sky Attack|p2a: Rotom-Wash
|-enditem|p1a: Hawlucha|Power Herb
|-anim|p1a: Hawlucha|Sky Attack|p2a: Rotom-Wash
|-crit|p2a: Rotom-Wash
|-resisted|p2a: Rotom-Wash
|-damage|p2a: Rotom-Wash|146\/304
|
|-heal|p2a: Rotom-Wash|165\/304|[from] item: Leftovers
|turn|29
|c|âbigdickplayer|that crit may have won you the game
|c|âtrolltothemax|yeah that's what i think
|
|move|p1a: Hawlucha|High Jump Kick|p2a: Rotom-Wash|[miss]
|-miss|p1a: Hawlucha|p2a: Rotom-Wash
|-damage|p1a: Hawlucha|150\/299|[from] highjumpkick
|move|p2a: Rotom-Wash|Volt Switch|p1a: Hawlucha
|-supereffective|p1a: Hawlucha
|-damage|p1a: Hawlucha|0 fnt
|faint|p1a: Hawlucha
|c|âtrolltothemax|LOL
|c|âtrolltothemax|hahaha
|c|âbigdickplayer|:(
|c|âtrolltothemax|god that happens so much xD
|
|switch|p2a: Thundurus|Thundurus, M|65\/299
|
|c|âtrolltothemax|whatever
|
|switch|p1a: Starmie|Starmie|323\/323
|turn|30
|
|switch|p2a: Kyurem-Black|Kyurem-Black, shiny|162\/449 brn
|-ability|p2a: Kyurem-Black|Teravolt
|move|p1a: Starmie|Scald|p2a: Kyurem-Black
|-resisted|p2a: Kyurem-Black
|-damage|p2a: Kyurem-Black|114\/449 brn
|
|-heal|p2a: Kyurem-Black|142\/449 brn|[from] item: Leftovers
|-damage|p2a: Kyurem-Black|86\/449 brn|[from] brn
|turn|31
|
|move|p1a: Starmie|Psyshock|p2a: Kyurem-Black
|-damage|p2a: Kyurem-Black|14\/449 brn
|move|p2a: Kyurem-Black|Earth Power|p1a: Starmie
|-damage|p1a: Starmie|234\/323
|
|-heal|p1a: Starmie|254\/323|[from] item: Leftovers
|-heal|p2a: Kyurem-Black|42\/449 brn|[from] item: Leftovers
|-damage|p2a: Kyurem-Black|0 fnt|[from] brn
|faint|p2a: Kyurem-Black
|
|switch|p2a: Excadrill|Excadrill, M|350\/361
|-ability|p2a: Excadrill|Mold Breaker
|turn|32
|c|âtrolltothemax|dang that could have been set up fodder
|c|âbigdickplayer|yeh
|c|âtrolltothemax|well not really
|c|âtrolltothemax|cuz of earth power
|c|âbigdickplayer|would do like 30%
|c|âbigdickplayer|to scizor
|c|âbigdickplayer|actually your offensive so maybe a 2ohko
|c|âtrolltothemax|i would have to tank 2 earth powers then a aerilate quick attack
|c|âbigdickplayer|u don't run bp?
|c|âtrolltothemax|bp???
|c|âbigdickplayer|oh nvd
|
|move|p2a: Excadrill|Earthquake|p1a: Starmie
|-damage|p1a: Starmie|22\/323
|move|p1a: Starmie|Scald|p2a: Excadrill
|-supereffective|p2a: Excadrill
|-damage|p2a: Excadrill|78\/361
|
|-heal|p1a: Starmie|42\/323|[from] item: Leftovers
|turn|33
|
|move|p2a: Excadrill|Earthquake|p1a: Starmie
|-damage|p1a: Starmie|0 fnt
|faint|p1a: Starmie
|
|
|switch|p1a: Scizor|Scizor-Mega, M|231\/281
|turn|34
|c|âbigdickplayer|u still win I think
|
|move|p1a: Scizor|Bullet Punch|p2a: Excadrill
|-resisted|p2a: Excadrill
|-damage|p2a: Excadrill|0 fnt
|faint|p2a: Excadrill
|
|
|switch|p2a: Rotom-Wash|Rotom-Wash|165\/304
|turn|35
|c|âtrolltothemax|pretty much
|c|âtrolltothemax|wow if you ran a specially defensive rotom, things would be so different
|c|âbigdickplayer|if I ran adamant tflame this would be so diferent
|c|âtrolltothemax|well then talonflame wouldn't be able to outspeed thundurus
|
|move|p1a: Scizor|Swords Dance|p1a: Scizor
|-boost|p1a: Scizor|atk|2
|move|p2a: Rotom-Wash|Will-O-Wisp|p1a: Scizor
|-status|p1a: Scizor|brn
|
|-heal|p2a: Rotom-Wash|184\/304|[from] item: Leftovers
|-damage|p1a: Scizor|196\/281 brn|[from] brn
|turn|36
|c|âbigdickplayer|but I have checks to thuny
|
|move|p1a: Scizor|Swords Dance|p1a: Scizor
|-boost|p1a: Scizor|atk|2
|move|p2a: Rotom-Wash|Pain Split|p1a: Scizor
|-sethp|p1a: Scizor|190\/281 brn|p2a: Rotom-Wash|190\/304|[from] move: Pain Split
|
|-heal|p2a: Rotom-Wash|209\/304|[from] item: Leftovers
|-damage|p1a: Scizor|155\/281 brn|[from] brn
|turn|37
|c|âbigdickplayer|im pretty sure at +4 rotom can still live
|
|move|p1a: Scizor|Knock Off|p2a: Rotom-Wash
|-damage|p2a: Rotom-Wash|73\/304
|-enditem|p2a: Rotom-Wash|Leftovers|[from] move: Knock Off|[of] p1a: Scizor
|move|p2a: Rotom-Wash|Hydro Pump|p1a: Scizor
|-damage|p1a: Scizor|11\/281 brn
|
|-damage|p1a: Scizor|0 fnt|[from] brn
|faint|p1a: Scizor
|
|win|bigdickplayer
|raw|Ladder updating...
|raw|trolltothemax's rating: 1597 &rarr; <strong>1575<\/strong><br \/>(-22 for losing)
|raw|bigdickplayer's rating: 1560 &rarr; <strong>1582<\/strong><br \/>(+22 for winning)
|c|âtrolltothemax|gg
|c|âbigdickplayer|gg
|leave|bigdickplayer
|player|p2