|join|bigdickplayer
|join|superhiro90
|player|p1|bigdickplayer|170
|player|p2|superhiro90|170
|gametype|singles
|gen|6
|tier|OU (suspect test)
|rated
|clearpoke
|poke|p1|Crawdaunt, F
|poke|p1|Gallade, M
|poke|p1|Kyurem-Black, shiny
|poke|p1|Mandibuzz, F
|poke|p1|Latios, M
|poke|p1|Skarmory, F
|poke|p2|Slowbro, F
|poke|p2|Heatran, M
|poke|p2|Zapdos
|poke|p2|Chansey, F
|poke|p2|Bisharp, M
|poke|p2|Ferrothorn, F
|rule|Swagger Clause: Swagger is banned
|rule|Baton Pass Clause: Limit one PokÃ©mon knowing Baton Pass
|rule|Sleep Clause Mod: Limit one foe put to sleep
|rule|Species Clause: Limit one of each PokÃ©mon
|rule|OHKO Clause: OHKO moves are banned
|rule|Moody Clause: Moody is banned
|rule|Evasion Moves Clause: Evasion moves are banned
|rule|Endless Battle Clause: Forcing endless battles is banned
|rule|HP Percentage Mod: HP is shown in percentages
|teampreview
|
|start
|switch|p1a: Crawdaunt|Crawdaunt, F|267\/267
|switch|p2a: Heatran|Heatran, M|323\/323
|turn|1
|
|switch|p2a: Ferrothorn|Ferrothorn, F|352\/352
|move|p1a: Crawdaunt|Dark Pulse|p2a: Ferrothorn
|-damage|p2a: Ferrothorn|167\/352
|-damage|p1a: Crawdaunt|241\/267|[from] item: Life Orb
|
|turn|2
|
|switch|p2a: Zapdos|Zapdos|384\/384
|-ability|p2a: Zapdos|Pressure
|move|p1a: Crawdaunt|Dark Pulse|p2a: Zapdos
|-damage|p2a: Zapdos|225\/384
|-damage|p1a: Crawdaunt|215\/267|[from] item: Life Orb
|
|-heal|p2a: Zapdos|249\/384|[from] item: Leftovers
|turn|3
|
|switch|p1a: Latios|Latios, M|301\/301
|move|p2a: Zapdos|Roost|p2a: Zapdos
|-heal|p2a: Zapdos|384\/384
|
|turn|4
|
|switch|p2a: Chansey|Chansey, F|704\/704
|move|p1a: Latios|Trick|p2a: Chansey
|-activate|p1a: Latios|move: Trick|[of] p2a: Chansey
|-item|p2a: Chansey|Choice Scarf|[from] move: Trick
|-item|p1a: Latios|Eviolite|[from] move: Trick
|
|turn|5
|
|switch|p1a: Skarmory|Skarmory, F|334\/334
|move|p2a: Chansey|Toxic|p1a: Skarmory|[miss]
|-miss|p2a: Chansey|p1a: Skarmory
|
|turn|6
|
|switch|p2a: Heatran|Heatran, M|323\/323
|move|p1a: Skarmory|Stealth Rock|p2a: Heatran
|-sidestart|p2: superhiro90|move: Stealth Rock
|
|turn|7
|
|switch|p1a: Crawdaunt|Crawdaunt, F|215\/267
|move|p2a: Heatran|Lava Plume|p1a: Crawdaunt
|-resisted|p1a: Crawdaunt
|-damage|p1a: Crawdaunt|92\/267
|
|turn|8
|
|move|p1a: Crawdaunt|Surf|p2a: Heatran
|-supereffective|p2a: Heatran
|-damage|p2a: Heatran|0 fnt
|-damage|p1a: Crawdaunt|66\/267|[from] item: Life Orb
|faint|p2a: Heatran
|
|-message|superhiro90 forfeited.
|
|win|bigdickplayer
|raw|Ladder updating...
|leave|superhiro90
|player|p2
|raw|bigdickplayer's rating: 1203 &rarr; <strong>1223<\/strong><br \/>(+20 for winning)
|raw|superhiro90's rating: 1130 &rarr; <strong>1110<\/strong><br \/>(-20 for losing)