|join|Caralhu
|join|SwaqTest
|player|p1|Caralhu|165
|player|p2|SwaqTest|183
|gametype|singles
|gen|6
|tier|OU
|rated
|clearpoke
|poke|p1|Landorus-Therian, M
|poke|p1|Cresselia, F
|poke|p1|Azumarill, M
|poke|p1|Scizor, M
|poke|p1|Volcarona, F
|poke|p1|Latios, M
|poke|p2|Staraptor, M
|poke|p2|Talonflame, F
|poke|p2|Raikou
|poke|p2|Mandibuzz, F
|poke|p2|Keldeo
|poke|p2|Swampert, M
|rule|Swagger Clause: Swagger is banned
|rule|Baton Pass Clause: Limit one PokÃ©mon knowing Baton Pass
|rule|Sleep Clause Mod: Limit one foe put to sleep
|rule|Species Clause: Limit one of each PokÃ©mon
|rule|OHKO Clause: OHKO moves are banned
|rule|Moody Clause: Moody is banned
|rule|Evasion Moves Clause: Evasion moves are banned
|rule|Endless Battle Clause: Forcing endless battles is banned
|rule|HP Percentage Mod: HP is shown in percentages
|teampreview
|
|start
|switch|p1a: Landorus-Therian|Landorus-Therian, M|320\/320
|switch|p2a: Swampert|Swampert, M|403\/403
|-ability|p1a: Landorus-Therian|Intimidate|[of] p2a: Swampert
|-unboost|p2a: Swampert|atk|1
|turn|1
|
|switch|p1a: Volcarona|Volcarona, F|312\/312
|move|p2a: Swampert|Stealth Rock|p1a: Volcarona
|-sidestart|p1: Caralhu|move: Stealth Rock
|
|turn|2
|
|move|p1a: Volcarona|Giga Drain|p2a: Swampert
|-supereffective|p2a: Swampert
|-damage|p2a: Swampert|0 fnt
|faint|p2a: Swampert
|
|
|switch|p2a: Talonflame|Talonflame, F|325\/325
|turn|3
|
|switch|p1a: Cresselia|Cresselia, F|444\/444
|-damage|p1a: Cresselia|389\/444|[from] Stealth Rock
|move|p2a: Talonflame|Brave Bird|p1a: Cresselia
|-damage|p1a: Cresselia|260\/444
|-damage|p2a: Talonflame|282\/325|[from] recoil|[of] p1a: Cresselia
|-damage|p2a: Talonflame|250\/325|[from] item: Life Orb
|
|-heal|p1a: Cresselia|287\/444|[from] item: Leftovers
|turn|4
|
|move|p2a: Talonflame|U-turn|p1a: Cresselia
|-supereffective|p1a: Cresselia
|-damage|p1a: Cresselia|191\/444
|-damage|p2a: Talonflame|218\/325|[from] item: Life Orb
|
|switch|p2a: Mandibuzz|Mandibuzz, F|423\/423
|move|p1a: Cresselia|Moonlight|p1a: Cresselia
|-heal|p1a: Cresselia|413\/444
|
|-heal|p1a: Cresselia|440\/444|[from] item: Leftovers
|turn|5
|
|move|p1a: Cresselia|Toxic|p2a: Mandibuzz
|-status|p2a: Mandibuzz|tox
|move|p2a: Mandibuzz|Toxic|p1a: Cresselia
|-status|p1a: Cresselia|tox
|
|-heal|p1a: Cresselia|444\/444 tox|[from] item: Leftovers
|-damage|p1a: Cresselia|417\/444 tox|[from] psn
|-damage|p2a: Mandibuzz|397\/423 tox|[from] psn
|turn|6
|
|switch|p1a: Scizor|Scizor, M|344\/344
|-damage|p1a: Scizor|301\/344|[from] Stealth Rock
|move|p2a: Mandibuzz|Foul Play|p1a: Scizor
|-damage|p1a: Scizor|99\/344
|
|-heal|p2a: Mandibuzz|423\/423 tox|[from] item: Leftovers
|-damage|p2a: Mandibuzz|371\/423 tox|[from] psn
|turn|7
|
|switch|p1a: Cresselia|Cresselia, F|417\/444 tox
|-damage|p1a: Cresselia|362\/444 tox|[from] Stealth Rock
|move|p2a: Mandibuzz|Foul Play|p1a: Cresselia
|-supereffective|p1a: Cresselia
|-damage|p1a: Cresselia|260\/444 tox
|
|-heal|p1a: Cresselia|287\/444 tox|[from] item: Leftovers
|-heal|p2a: Mandibuzz|397\/423 tox|[from] item: Leftovers
|-damage|p1a: Cresselia|260\/444 tox|[from] psn
|-damage|p2a: Mandibuzz|319\/423 tox|[from] psn
|turn|8
|
|switch|p2a: Raikou|Raikou|327\/327
|-ability|p2a: Raikou|Pressure
|move|p1a: Cresselia|Moonlight|p1a: Cresselia
|-heal|p1a: Cresselia|444\/444 tox
|
|-damage|p1a: Cresselia|390\/444 tox|[from] psn
|turn|9
|
|move|p2a: Raikou|Hidden Power|p1a: Cresselia
|-damage|p1a: Cresselia|342\/444 tox
|move|p1a: Cresselia|Light Screen|p1a: Cresselia
|-sidestart|p1: Caralhu|move: Light Screen
|
|-heal|p1a: Cresselia|369\/444 tox|[from] item: Leftovers
|-damage|p1a: Cresselia|288\/444 tox|[from] psn
|turn|10
|
|switch|p1a: Landorus-Therian|Landorus-Therian, M|320\/320
|-damage|p1a: Landorus-Therian|280\/320|[from] Stealth Rock
|-ability|p1a: Landorus-Therian|Intimidate|[of] p2a: Raikou
|-unboost|p2a: Raikou|atk|1
|move|p2a: Raikou|Thunderbolt|p1a: Landorus-Therian
|-immune|p1a: Landorus-Therian|[msg]
|
|turn|11
|
|switch|p2a: Staraptor|Staraptor, M|313\/313
|move|p1a: Landorus-Therian|Earthquake|p2a: Staraptor
|-immune|p2a: Staraptor|[msg]
|
|turn|12
|
|switch|p1a: Cresselia|Cresselia, F|288\/444 tox
|-damage|p1a: Cresselia|233\/444 tox|[from] Stealth Rock
|move|p2a: Staraptor|Brave Bird|p1a: Cresselia
|-damage|p1a: Cresselia|47\/444 tox
|-damage|p2a: Staraptor|252\/313|[from] recoil|[of] p1a: Cresselia
|
|-heal|p1a: Cresselia|74\/444 tox|[from] item: Leftovers
|-damage|p1a: Cresselia|47\/444 tox|[from] psn
|turn|13
|
|move|p2a: Staraptor|Brave Bird|p1a: Cresselia
|-damage|p1a: Cresselia|0 fnt
|-damage|p2a: Staraptor|236\/313|[from] recoil|[of] p1a: Cresselia
|faint|p1a: Cresselia
|
|-sideend|p1: Caralhu|move: Light Screen
|
|switch|p1a: Landorus-Therian|Landorus-Therian, M|280\/320
|-damage|p1a: Landorus-Therian|240\/320|[from] Stealth Rock
|-ability|p1a: Landorus-Therian|Intimidate|[of] p2a: Staraptor
|-unboost|p2a: Staraptor|atk|1
|turn|14
|
|switch|p2a: Keldeo|Keldeo|322\/322
|move|p1a: Landorus-Therian|Rock Slide|p2a: Keldeo
|-resisted|p2a: Keldeo
|-damage|p2a: Keldeo|261\/322
|
|turn|15
|
|switch|p1a: Azumarill|Azumarill, M|404\/404
|-damage|p1a: Azumarill|354\/404|[from] Stealth Rock
|switch|p2a: Raikou|Raikou|327\/327
|-ability|p2a: Raikou|Pressure
|
|turn|16
|
|move|p2a: Raikou|Volt Switch|p1a: Azumarill
|-supereffective|p1a: Azumarill
|-damage|p1a: Azumarill|60\/404
|
|switch|p2a: Mandibuzz|Mandibuzz, F|319\/423 tox
|-enditem|p1a: Azumarill|Sitrus Berry|[eat]
|-heal|p1a: Azumarill|161\/404|[from] item: Sitrus Berry
|move|p1a: Azumarill|Play Rough|p2a: Mandibuzz
|-supereffective|p2a: Mandibuzz
|-damage|p2a: Mandibuzz|0 fnt
|faint|p2a: Mandibuzz
|
|
|switch|p2a: Staraptor|Staraptor, M|236\/313
|turn|17
|
|move|p1a: Azumarill|Aqua Jet|p2a: Staraptor
|-damage|p2a: Staraptor|124\/313
|move|p2a: Staraptor|Brave Bird|p1a: Azumarill
|-damage|p1a: Azumarill|0 fnt
|-damage|p2a: Staraptor|71\/313|[from] recoil|[of] p1a: Azumarill
|faint|p1a: Azumarill
|
|
|switch|p1a: Scizor|Scizor, M|99\/344
|-damage|p1a: Scizor|56\/344|[from] Stealth Rock
|turn|18
|
|switch|p2a: Keldeo|Keldeo|261\/322
|detailschange|p1a: Scizor|Scizor-Mega, M
|message|Scizor has Mega Evolved into Mega Scizor!
|move|p1a: Scizor|Defog|p2a: Keldeo
|-unboost|p2a: Keldeo|evasion|1
|-sideend|p1: Caralhu|Stealth Rock|[from] move: Defog|[of] p1a: Scizor
|
|turn|19
|
|move|p1a: Scizor|Bullet Punch|p2a: Keldeo
|-resisted|p2a: Keldeo
|-damage|p2a: Keldeo|191\/322
|move|p2a: Keldeo|Surf|p1a: Scizor
|-damage|p1a: Scizor|0 fnt
|-damage|p2a: Keldeo|159\/322|[from] item: Life Orb
|faint|p1a: Scizor
|
|
|switch|p1a: Latios|Latios, M|302\/302
|turn|20
|
|move|p1a: Latios|Psyshock|p2a: Keldeo
|-crit|p2a: Keldeo
|-supereffective|p2a: Keldeo
|-damage|p2a: Keldeo|0 fnt
|-damage|p1a: Latios|272\/302|[from] item: Life Orb
|faint|p2a: Keldeo
|
|
|switch|p2a: Staraptor|Staraptor, M|71\/313
|turn|21
|
|move|p2a: Staraptor|U-turn|p1a: Latios
|-supereffective|p1a: Latios
|-damage|p1a: Latios|78\/302
|
|switch|p2a: Raikou|Raikou|327\/327
|-ability|p2a: Raikou|Pressure
|move|p1a: Latios|Ice Beam|p2a: Raikou
|-damage|p2a: Raikou|231\/327
|-damage|p1a: Latios|48\/302|[from] item: Life Orb
|
|turn|22
|
|switch|p1a: Volcarona|Volcarona, F|312\/312
|move|p2a: Raikou|Hidden Power|p1a: Volcarona
|-resisted|p1a: Volcarona
|-damage|p1a: Volcarona|281\/312
|
|turn|23
|
|move|p2a: Raikou|Volt Switch|p1a: Volcarona
|-damage|p1a: Volcarona|169\/312
|
|switch|p2a: Talonflame|Talonflame, F|218\/325
|move|p1a: Volcarona|Fiery Dance|p2a: Talonflame
|-resisted|p2a: Talonflame
|-damage|p2a: Talonflame|104\/325
|
|turn|24
|
|move|p2a: Talonflame|Roost|p2a: Talonflame
|-heal|p2a: Talonflame|267\/325
|move|p1a: Volcarona|Fiery Dance|p2a: Talonflame
|-resisted|p2a: Talonflame
|-damage|p2a: Talonflame|159\/325
|-boost|p1a: Volcarona|spa|1
|
|turn|25
|
|move|p2a: Talonflame|Brave Bird|p1a: Volcarona
|-supereffective|p1a: Volcarona
|-damage|p1a: Volcarona|0 fnt
|-damage|p2a: Talonflame|103\/325|[from] recoil|[of] p1a: Volcarona
|-damage|p2a: Talonflame|71\/325|[from] item: Life Orb
|faint|p1a: Volcarona
|
|
|switch|p1a: Landorus-Therian|Landorus-Therian, M|240\/320
|-ability|p1a: Landorus-Therian|Intimidate|[of] p2a: Talonflame
|-unboost|p2a: Talonflame|atk|1
|turn|26
|
|move|p1a: Landorus-Therian|Rock Slide|p2a: Talonflame
|-supereffective|p2a: Talonflame
|-damage|p2a: Talonflame|0 fnt
|faint|p2a: Talonflame
|
|
|switch|p2a: Raikou|Raikou|231\/327
|-ability|p2a: Raikou|Pressure
|turn|27
|
|move|p1a: Landorus-Therian|Rock Slide|p2a: Raikou
|-damage|p2a: Raikou|92\/327
|move|p2a: Raikou|Hidden Power|p1a: Landorus-Therian
|-supereffective|p1a: Landorus-Therian
|-damage|p1a: Landorus-Therian|0 fnt
|faint|p1a: Landorus-Therian
|
|c|âSwaqTest|gg
|-message|Caralhu forfeited.
|
|win|SwaqTest
|raw|Ladder updating...
|leave|Caralhu
|player|p1
|raw|Caralhu's rating: 1572 &rarr; <strong>1550<\/strong><br \/>(-22 for losing)
|raw|SwaqTest's rating: 1542 &rarr; <strong>1564<\/strong><br \/>(+22 for winning)