|join|Caralhu
|join|ebola dad
|player|p1|Caralhu|165
|player|p2|ebola dad|249
|gametype|singles
|gen|6
|tier|OU
|rated
|clearpoke
|poke|p1|Landorus-Therian, M
|poke|p1|Cresselia, F
|poke|p1|Azumarill, M
|poke|p1|Scizor, M
|poke|p1|Volcarona, F
|poke|p1|Latios, M
|poke|p2|Machamp, F
|poke|p2|Venusaur, M
|poke|p2|Zapdos
|poke|p2|Chansey, F
|poke|p2|Gengar, M
|poke|p2|Mew
|rule|Swagger Clause: Swagger is banned
|rule|Baton Pass Clause: Limit one PokÃ©mon knowing Baton Pass
|rule|Sleep Clause Mod: Limit one foe put to sleep
|rule|Species Clause: Limit one of each PokÃ©mon
|rule|OHKO Clause: OHKO moves are banned
|rule|Moody Clause: Moody is banned
|rule|Evasion Moves Clause: Evasion moves are banned
|rule|Endless Battle Clause: Forcing endless battles is banned
|rule|HP Percentage Mod: HP is shown in percentages
|teampreview
|
|start
|switch|p1a: Scizor|Scizor, M|344\/344
|switch|p2a: Machamp|Machamp, F|321\/321
|turn|1
|
|switch|p1a: Cresselia|Cresselia, F|444\/444
|move|p2a: Machamp|Dynamic Punch|p1a: Cresselia
|-resisted|p1a: Cresselia
|-damage|p1a: Cresselia|384\/444
|-start|p1a: Cresselia|confusion
|
|-heal|p1a: Cresselia|411\/444|[from] item: Leftovers
|turn|2
|
|move|p2a: Machamp|Knock Off|p1a: Cresselia
|-supereffective|p1a: Cresselia
|-damage|p1a: Cresselia|249\/444
|-enditem|p1a: Cresselia|Leftovers|[from] move: Knock Off|[of] p2a: Machamp
|-activate|p1a: Cresselia|confusion
|move|p1a: Cresselia|Toxic|p2a: Machamp
|-status|p2a: Machamp|tox
|
|-damage|p2a: Machamp|301\/321 tox|[from] psn
|turn|3
|
|switch|p1a: Landorus-Therian|Landorus-Therian, M|320\/320
|-ability|p1a: Landorus-Therian|Intimidate|[of] p2a: Machamp
|-unboost|p2a: Machamp|atk|1
|move|p2a: Machamp|Knock Off|p1a: Landorus-Therian
|-damage|p1a: Landorus-Therian|223\/320
|-enditem|p1a: Landorus-Therian|Choice Scarf|[from] move: Knock Off|[of] p2a: Machamp
|
|-damage|p2a: Machamp|261\/321 tox|[from] psn
|turn|4
|
|switch|p2a: Venusaur|Venusaur, M|301\/301
|move|p1a: Landorus-Therian|Earthquake|p2a: Venusaur
|-damage|p2a: Venusaur|135\/301
|
|turn|5
|
|detailschange|p2a: Venusaur|Venusaur-Mega, M
|message|Venusaur has Mega Evolved into Mega Venusaur!
|move|p1a: Landorus-Therian|Earthquake|p2a: Venusaur
|-crit|p2a: Venusaur
|-damage|p2a: Venusaur|0 fnt
|faint|p2a: Venusaur
|
|
|switch|p2a: Gengar|Gengar, M|262\/262
|turn|6
|
|move|p2a: Gengar|Shadow Ball|p1a: Landorus-Therian
|-damage|p1a: Landorus-Therian|54\/320
|move|p1a: Landorus-Therian|Rock Slide|p2a: Gengar
|-damage|p2a: Gengar|101\/262
|
|turn|7
|
|move|p2a: Gengar|Shadow Ball|p1a: Landorus-Therian
|-damage|p1a: Landorus-Therian|0 fnt
|faint|p1a: Landorus-Therian
|
|
|switch|p1a: Scizor|Scizor, M|344\/344
|turn|8
|
|detailschange|p1a: Scizor|Scizor-Mega, M
|message|Scizor has Mega Evolved into Mega Scizor!
|move|p1a: Scizor|Pursuit|p2a: Gengar|[from]Pursuit
|-supereffective|p2a: Gengar
|-damage|p2a: Gengar|0 fnt
|faint|p2a: Gengar
|
|
|switch|p2a: Zapdos|Zapdos|384\/384
|-ability|p2a: Zapdos|Pressure
|turn|9
|
|switch|p1a: Cresselia|Cresselia, F|249\/444
|move|p2a: Zapdos|Thunderbolt|p1a: Cresselia
|-damage|p1a: Cresselia|114\/444
|
|turn|10
|
|switch|p2a: Mew|Mew|404\/404
|move|p1a: Cresselia|Moonlight|p1a: Cresselia
|-heal|p1a: Cresselia|336\/444
|
|turn|11
|
|move|p2a: Mew|Rock Polish|p2a: Mew
|-boost|p2a: Mew|spe|2
|move|p1a: Cresselia|Light Screen|p1a: Cresselia
|-sidestart|p1: Caralhu|move: Light Screen
|
|turn|12
|
|move|p2a: Mew|Nasty Plot|p2a: Mew
|-boost|p2a: Mew|spa|2
|move|p1a: Cresselia|Toxic|p2a: Mew|[miss]
|-miss|p1a: Cresselia|p2a: Mew
|
|turn|13
|
|move|p2a: Mew|Nasty Plot|p2a: Mew
|-boost|p2a: Mew|spa|2
|move|p1a: Cresselia|Toxic|p2a: Mew
|-status|p2a: Mew|tox
|-status|p1a: Cresselia|tox
|
|-damage|p2a: Mew|379\/404 tox|[from] psn
|-damage|p1a: Cresselia|309\/444 tox|[from] psn
|turn|14
|
|move|p2a: Mew|Nasty Plot|p2a: Mew
|-boost|p2a: Mew|spa|2
|move|p1a: Cresselia|Moonlight|p1a: Cresselia
|-heal|p1a: Cresselia|444\/444 tox
|
|-damage|p2a: Mew|329\/404 tox|[from] psn
|-damage|p1a: Cresselia|390\/444 tox|[from] psn
|turn|15
|
|move|p2a: Mew|Rock Polish|p2a: Mew
|-boost|p2a: Mew|spe|2
|move|p1a: Cresselia|Moonlight|p1a: Cresselia
|-heal|p1a: Cresselia|444\/444 tox
|
|-damage|p2a: Mew|254\/404 tox|[from] psn
|-damage|p1a: Cresselia|363\/444 tox|[from] psn
|-sideend|p1: Caralhu|move: Light Screen
|turn|16
|
|move|p2a: Mew|Rock Polish|p2a: Mew
|-boost|p2a: Mew|spe|2
|move|p1a: Cresselia|Moonlight|p1a: Cresselia
|-heal|p1a: Cresselia|444\/444 tox
|
|-damage|p2a: Mew|154\/404 tox|[from] psn
|-damage|p1a: Cresselia|336\/444 tox|[from] psn
|-enditem|p2a: Mew|Sitrus Berry|[eat]
|-heal|p2a: Mew|255\/404 tox|[from] item: Sitrus Berry
|turn|17
|
|move|p2a: Mew|Giga Drain|p1a: Cresselia
|-damage|p1a: Cresselia|145\/444 tox
|-heal|p2a: Mew|351\/404 tox|[from] drain|[of] p1a: Cresselia
|move|p1a: Cresselia|Toxic|p2a: Mew
|-fail|p2a: Mew|tox
|
|-damage|p2a: Mew|226\/404 tox|[from] psn
|-damage|p1a: Cresselia|10\/444 tox|[from] psn
|turn|18
|
|move|p2a: Mew|Baton Pass|p2a: Mew
|
|switch|p2a: Zapdos|Zapdos|384\/384
|-ability|p2a: Zapdos|Pressure
|move|p1a: Cresselia|Moonlight|p1a: Cresselia
|-heal|p1a: Cresselia|232\/444 tox
|
|-damage|p1a: Cresselia|70\/444 tox|[from] psn
|turn|19
|
|move|p2a: Zapdos|Thunderbolt|p1a: Cresselia
|-damage|p1a: Cresselia|0 fnt
|faint|p1a: Cresselia
|
|
|switch|p1a: Latios|Latios, M|302\/302
|turn|20
|
|move|p2a: Zapdos|Thunderbolt|p1a: Latios
|-resisted|p1a: Latios
|-damage|p1a: Latios|3\/302
|move|p1a: Latios|Draco Meteor|p2a: Zapdos
|-damage|p2a: Zapdos|84\/384
|-unboost|p1a: Latios|spa|2
|-damage|p1a: Latios|0 fnt|[from] item: Life Orb
|faint|p1a: Latios
|
|-heal|p2a: Zapdos|108\/384|[from] item: Leftovers
|
|switch|p1a: Azumarill|Azumarill, M|404\/404
|turn|21
|
|move|p1a: Azumarill|Aqua Jet|p2a: Zapdos
|-damage|p2a: Zapdos|11\/384
|move|p2a: Zapdos|Roost|p2a: Zapdos
|-heal|p2a: Zapdos|203\/384
|
|-heal|p2a: Zapdos|227\/384|[from] item: Leftovers
|turn|22
|
|move|p2a: Zapdos|Roost|p2a: Zapdos
|-heal|p2a: Zapdos|384\/384
|move|p1a: Azumarill|Play Rough|p2a: Zapdos
|-damage|p2a: Zapdos|155\/384
|
|-heal|p2a: Zapdos|179\/384|[from] item: Leftovers
|turn|23
|
|move|p1a: Azumarill|Aqua Jet|p2a: Zapdos
|-damage|p2a: Zapdos|71\/384
|move|p2a: Zapdos|Thunderbolt|p1a: Azumarill
|-supereffective|p1a: Azumarill
|-damage|p1a: Azumarill|0 fnt
|faint|p1a: Azumarill
|
|-heal|p2a: Zapdos|95\/384|[from] item: Leftovers
|
|switch|p1a: Scizor|Scizor-Mega, M|344\/344
|turn|24
|
|move|p1a: Scizor|Bullet Punch|p2a: Zapdos
|-resisted|p2a: Zapdos
|-damage|p2a: Zapdos|18\/384
|move|p2a: Zapdos|Heat Wave|p1a: Scizor
|-supereffective|p1a: Scizor
|-damage|p1a: Scizor|0 fnt
|faint|p1a: Scizor
|
|-heal|p2a: Zapdos|42\/384|[from] item: Leftovers
|-message|Caralhu forfeited.
|
|win|ebola dad
|raw|Ladder updating...
|leave|Caralhu
|player|p1
|raw|Caralhu's rating: 1591 &rarr; <strong>1570<\/strong><br \/>(-21 for losing)
|raw|ebola dad's rating: 1571 &rarr; <strong>1592<\/strong><br \/>(+21 for winning)