|join|Ox the Fox
|join|Caralhu
|player|p1|Ox the Fox|201
|player|p2|Caralhu|165
|gametype|singles
|gen|6
|tier|OU
|rated
|clearpoke
|poke|p1|Bisharp, F
|poke|p1|Azelf, shiny
|poke|p1|Dragonite, F, shiny
|poke|p1|Keldeo-Resolute
|poke|p1|Medicham, M, shiny
|poke|p1|Excadrill, M
|poke|p2|Cresselia, F
|poke|p2|Azumarill, M
|poke|p2|Volcarona, F
|poke|p2|Latios, M
|poke|p2|Scizor, F
|poke|p2|Landorus-Therian, M
|rule|Swagger Clause: Swagger is banned
|rule|Baton Pass Clause: Limit one PokÃ©mon knowing Baton Pass
|rule|Sleep Clause Mod: Limit one foe put to sleep
|rule|Species Clause: Limit one of each PokÃ©mon
|rule|OHKO Clause: OHKO moves are banned
|rule|Moody Clause: Moody is banned
|rule|Evasion Moves Clause: Evasion moves are banned
|rule|Endless Battle Clause: Forcing endless battles is banned
|rule|HP Percentage Mod: HP is shown in percentages
|teampreview
|
|start
|switch|p1a: Azelf|Azelf, shiny|291\/291
|switch|p2a: Landorus-Therian|Landorus-Therian, M|320\/320
|-ability|p2a: Landorus-Therian|Intimidate|[of] p1a: Azelf
|-unboost|p1a: Azelf|atk|1
|turn|1
|
|move|p2a: Landorus-Therian|U-turn|p1a: Azelf
|-crit|p1a: Azelf
|-supereffective|p1a: Azelf
|-enditem|p1a: Azelf|Focus Sash
|-damage|p1a: Azelf|1\/291
|
|switch|p2a: Scizor|Scizor, F|344\/344
|move|p1a: Azelf|Stealth Rock|p2a: Scizor
|-sidestart|p2: Caralhu|move: Stealth Rock
|
|turn|2
|join|Alldaalts
|
|detailschange|p2a: Scizor|Scizor-Mega, F
|message|Scizor has Mega Evolved into Mega Scizor!
|move|p2a: Scizor|Bullet Punch|p1a: Azelf
|-damage|p1a: Azelf|0 fnt
|faint|p1a: Azelf
|
|
|switch|p1a: Keldeo-Resolute|Keldeo-Resolute|337\/337
|turn|3
|
|move|p1a: Keldeo-Resolute|Scald|p2a: Scizor
|-damage|p2a: Scizor|206\/344
|-status|p2a: Scizor|brn
|move|p2a: Scizor|Defog|p1a: Keldeo-Resolute
|-unboost|p1a: Keldeo-Resolute|evasion|1
|-sideend|p2: Caralhu|Stealth Rock|[from] move: Defog|[of] p2a: Scizor
|
|-damage|p2a: Scizor|163\/344 brn|[from] brn
|turn|4
|
|switch|p2a: Latios|Latios, M|302\/302
|move|p1a: Keldeo-Resolute|Substitute|p1a: Keldeo-Resolute
|-start|p1a: Keldeo-Resolute|Substitute
|-damage|p1a: Keldeo-Resolute|253\/337
|
|-heal|p1a: Keldeo-Resolute|274\/337|[from] item: Leftovers
|turn|5
|
|move|p2a: Latios|Psyshock|p1a: Keldeo-Resolute
|-supereffective|p1a: Keldeo-Resolute
|-end|p1a: Keldeo-Resolute|Substitute
|-damage|p2a: Latios|272\/302|[from] item: Life Orb
|move|p1a: Keldeo-Resolute|Scald|p2a: Latios
|-resisted|p2a: Latios
|-damage|p2a: Latios|208\/302
|
|-heal|p1a: Keldeo-Resolute|295\/337|[from] item: Leftovers
|turn|6
|
|switch|p1a: Bisharp|Bisharp, F|272\/272
|move|p2a: Latios|Draco Meteor|p1a: Bisharp|[miss]
|-miss|p2a: Latios|p1a: Bisharp
|
|turn|7
|
|move|p2a: Latios|Hidden Power|p1a: Bisharp
|-supereffective|p1a: Bisharp
|-damage|p1a: Bisharp|15\/272
|-damage|p2a: Latios|178\/302|[from] item: Life Orb
|move|p1a: Bisharp|Knock Off|p2a: Latios
|-supereffective|p2a: Latios
|-damage|p2a: Latios|0 fnt
|-enditem|p2a: Latios|Life Orb|[from] move: Knock Off|[of] p1a: Bisharp
|-damage|p1a: Bisharp|0 fnt|[from] item: Life Orb
|faint|p2a: Latios
|faint|p1a: Bisharp
|
|
|switch|p2a: Landorus-Therian|Landorus-Therian, M|320\/320
|switch|p1a: Medicham|Medicham, M, shiny|261\/261
|-ability|p2a: Landorus-Therian|Intimidate|[of] p1a: Medicham
|-unboost|p1a: Medicham|atk|1
|turn|8
|
|detailschange|p1a: Medicham|Medicham-Mega, M, shiny
|message|Medicham has Mega Evolved into Mega Medicham!
|move|p1a: Medicham|Fake Out|p2a: Landorus-Therian
|-crit|p2a: Landorus-Therian
|-damage|p2a: Landorus-Therian|179\/320
|cant|p2a: Landorus-Therian|flinch
|
|turn|9
|
|move|p2a: Landorus-Therian|U-turn|p1a: Medicham
|-damage|p1a: Medicham|140\/261
|
|switch|p2a: Cresselia|Cresselia, F|444\/444
|move|p1a: Medicham|High Jump Kick|p2a: Cresselia
|-resisted|p2a: Cresselia
|-damage|p2a: Cresselia|346\/444
|
|-heal|p2a: Cresselia|373\/444|[from] item: Leftovers
|turn|10
|
|switch|p1a: Keldeo-Resolute|Keldeo-Resolute|295\/337
|move|p2a: Cresselia|Thunder Wave|p1a: Keldeo-Resolute
|-status|p1a: Keldeo-Resolute|par
|
|-heal|p2a: Cresselia|400\/444|[from] item: Leftovers
|-heal|p1a: Keldeo-Resolute|316\/337 par|[from] item: Leftovers
|turn|11
|
|switch|p2a: Azumarill|Azumarill, M|404\/404
|move|p1a: Keldeo-Resolute|Scald|p2a: Azumarill
|-resisted|p2a: Azumarill
|-damage|p2a: Azumarill|323\/404
|
|-heal|p1a: Keldeo-Resolute|337\/337 par|[from] item: Leftovers
|turn|12
|
|move|p2a: Azumarill|Belly Drum|p2a: Azumarill
|-damage|p2a: Azumarill|121\/404
|-setboost|p2a: Azumarill|atk|6|[from] move: Belly Drum
|-enditem|p2a: Azumarill|Sitrus Berry|[eat]
|-heal|p2a: Azumarill|222\/404|[from] item: Sitrus Berry
|move|p1a: Keldeo-Resolute|Scald|p2a: Azumarill
|-resisted|p2a: Azumarill
|-damage|p2a: Azumarill|139\/404
|-status|p2a: Azumarill|brn
|
|-damage|p2a: Azumarill|89\/404 brn|[from] brn
|turn|13
|
|switch|p1a: Excadrill|Excadrill, M|362\/362
|-ability|p1a: Excadrill|Mold Breaker
|move|p2a: Azumarill|Body Slam|p1a: Excadrill
|-resisted|p1a: Excadrill
|-damage|p1a: Excadrill|186\/362
|-status|p1a: Excadrill|par
|
|-damage|p2a: Azumarill|39\/404 brn|[from] brn
|turn|14
|
|switch|p2a: Landorus-Therian|Landorus-Therian, M|179\/320
|-ability|p2a: Landorus-Therian|Intimidate|[of] p1a: Excadrill
|-unboost|p1a: Excadrill|atk|1
|cant|p1a: Excadrill|par
|
|turn|15
|
|move|p2a: Landorus-Therian|U-turn|p1a: Excadrill
|-resisted|p1a: Excadrill
|-damage|p1a: Excadrill|118\/362 par
|
|switch|p2a: Cresselia|Cresselia, F|400\/444
|cant|p1a: Excadrill|par
|
|-heal|p2a: Cresselia|427\/444|[from] item: Leftovers
|turn|16
|
|move|p2a: Cresselia|Lunar Dance|p2a: Cresselia
|faint|p2a: Cresselia
|move|p1a: Excadrill|Earthquake|p2: Cresselia|[notarget]
|-notarget
|
|
|switch|p2a: Azumarill|Azumarill, M|39\/404 brn
|-heal|p2a: Azumarill|404\/404|[from] move: Lunar Dance
|turn|17
|
|move|p2a: Azumarill|Aqua Jet|p1a: Excadrill
|-supereffective|p1a: Excadrill
|-damage|p1a: Excadrill|0 fnt
|faint|p1a: Excadrill
|
|
|switch|p1a: Medicham|Medicham-Mega, M, shiny|140\/261
|turn|18
|
|switch|p2a: Landorus-Therian|Landorus-Therian, M|179\/320
|-ability|p2a: Landorus-Therian|Intimidate|[of] p1a: Medicham
|-unboost|p1a: Medicham|atk|1
|move|p1a: Medicham|Fake Out|p2a: Landorus-Therian
|-damage|p2a: Landorus-Therian|116\/320
|
|turn|19
|
|move|p2a: Landorus-Therian|U-turn|p1a: Medicham
|-damage|p1a: Medicham|19\/261
|
|switch|p2a: Scizor|Scizor-Mega, F|163\/344 brn
|move|p1a: Medicham|Zen Headbutt|p2a: Scizor
|-resisted|p2a: Scizor
|-damage|p2a: Scizor|103\/344 brn
|
|-damage|p2a: Scizor|60\/344 brn|[from] brn
|turn|20
|
|switch|p1a: Dragonite|Dragonite, F, shiny|323\/323
|move|p2a: Scizor|Bullet Punch|p1a: Dragonite
|-damage|p1a: Dragonite|289\/323
|
|-damage|p2a: Scizor|17\/344 brn|[from] brn
|turn|21
|
|move|p2a: Scizor|Bullet Punch|p1a: Dragonite
|-damage|p1a: Dragonite|217\/323
|move|p1a: Dragonite|Dragon Dance|p1a: Dragonite
|-boost|p1a: Dragonite|atk|1
|-boost|p1a: Dragonite|spe|1
|
|-damage|p2a: Scizor|0 fnt|[from] brn
|faint|p2a: Scizor
|
|switch|p2a: Azumarill|Azumarill, M|404\/404
|turn|22
|
|move|p1a: Dragonite|Extreme Speed|p2a: Azumarill
|-damage|p2a: Azumarill|198\/404
|move|p2a: Azumarill|Play Rough|p1a: Dragonite
|-supereffective|p1a: Dragonite
|-damage|p1a: Dragonite|0 fnt
|faint|p1a: Dragonite
|
|
|switch|p1a: Medicham|Medicham-Mega, M, shiny|19\/261
|turn|23
|
|move|p1a: Medicham|Fake Out|p2a: Azumarill
|-damage|p2a: Azumarill|89\/404
|cant|p2a: Azumarill|flinch
|
|turn|24
|
|move|p1a: Medicham|Bullet Punch|p2a: Azumarill
|-crit|p2a: Azumarill
|-damage|p2a: Azumarill|0 fnt
|faint|p2a: Azumarill
|
|
|switch|p2a: Landorus-Therian|Landorus-Therian, M|116\/320
|-ability|p2a: Landorus-Therian|Intimidate|[of] p1a: Medicham
|-unboost|p1a: Medicham|atk|1
|turn|25
|
|switch|p1a: Keldeo-Resolute|Keldeo-Resolute|337\/337 par
|move|p2a: Landorus-Therian|Earthquake|p1a: Keldeo-Resolute
|-damage|p1a: Keldeo-Resolute|124\/337 par
|
|-heal|p1a: Keldeo-Resolute|145\/337 par|[from] item: Leftovers
|turn|26
|
|switch|p2a: Volcarona|Volcarona, F|312\/312
|move|p1a: Keldeo-Resolute|Scald|p2a: Volcarona
|-supereffective|p2a: Volcarona
|-damage|p2a: Volcarona|64\/312
|
|-heal|p1a: Keldeo-Resolute|166\/337 par|[from] item: Leftovers
|turn|27
|
|move|p2a: Volcarona|Giga Drain|p1a: Keldeo-Resolute
|-crit|p1a: Keldeo-Resolute
|-supereffective|p1a: Keldeo-Resolute
|-damage|p1a: Keldeo-Resolute|0 fnt
|-heal|p2a: Volcarona|147\/312|[from] drain|[of] p1a: Keldeo-Resolute
|faint|p1a: Keldeo-Resolute
|
|
|switch|p1a: Medicham|Medicham-Mega, M, shiny|19\/261
|turn|28
|
|move|p1a: Medicham|Zen Headbutt|p2a: Volcarona
|-crit|p2a: Volcarona
|-damage|p2a: Volcarona|0 fnt
|faint|p2a: Volcarona
|
|
|switch|p2a: Landorus-Therian|Landorus-Therian, M|116\/320
|-ability|p2a: Landorus-Therian|Intimidate|[of] p1a: Medicham
|-unboost|p1a: Medicham|atk|1
|turn|29
|c|âOx the Fox|gg
|
|move|p1a: Medicham|Bullet Punch|p2a: Landorus-Therian
|-damage|p2a: Landorus-Therian|50\/320
|move|p2a: Landorus-Therian|Earthquake|p1a: Medicham
|-damage|p1a: Medicham|0 fnt
|faint|p1a: Medicham
|
|win|Caralhu
|raw|Ladder updating...
|leave|Ox the Fox
|player|p1
|leave|Caralhu
|player|p2
|raw|Ladder (probably) updated, but score could not be retrieved (timeout).
|raw|Ladder (probably) updated, but score could not be retrieved (Error: socket hang up).
|leave|Alldaalts