|join|Caralhu
|join|CobbCobb
|player|p1|Caralhu|165
|player|p2|CobbCobb|99
|gametype|singles
|gen|6
|tier|OU
|rated
|clearpoke
|poke|p1|Cresselia, F
|poke|p1|Azumarill, M
|poke|p1|Volcarona, F
|poke|p1|Latios, M
|poke|p1|Scizor, F
|poke|p1|Landorus-Therian, M
|poke|p2|Terrakion
|poke|p2|Medicham, F
|poke|p2|Bisharp, M
|poke|p2|Landorus, M
|poke|p2|Dragonite, F
|poke|p2|Greninja, M
|rule|Swagger Clause: Swagger is banned
|rule|Baton Pass Clause: Limit one PokÃ©mon knowing Baton Pass
|rule|Sleep Clause Mod: Limit one foe put to sleep
|rule|Species Clause: Limit one of each PokÃ©mon
|rule|OHKO Clause: OHKO moves are banned
|rule|Moody Clause: Moody is banned
|rule|Evasion Moves Clause: Evasion moves are banned
|rule|Endless Battle Clause: Forcing endless battles is banned
|rule|HP Percentage Mod: HP is shown in percentages
|teampreview
|
|start
|switch|p1a: Landorus-Therian|Landorus-Therian, M|320\/320
|switch|p2a: Terrakion|Terrakion|323\/323
|-ability|p1a: Landorus-Therian|Intimidate|[of] p2a: Terrakion
|-unboost|p2a: Terrakion|atk|1
|turn|1
|
|move|p1a: Landorus-Therian|Superpower|p2a: Terrakion
|-supereffective|p2a: Terrakion
|-enditem|p2a: Terrakion|Focus Sash
|-damage|p2a: Terrakion|1\/323
|-unboost|p1a: Landorus-Therian|atk|1
|-unboost|p1a: Landorus-Therian|def|1
|move|p2a: Terrakion|Stealth Rock|p1a: Landorus-Therian
|-sidestart|p1: Caralhu|move: Stealth Rock
|
|turn|2
|
|switch|p1a: Scizor|Scizor, F|344\/344
|-damage|p1a: Scizor|301\/344|[from] Stealth Rock
|move|p2a: Terrakion|Stone Edge|p1a: Scizor
|-damage|p1a: Scizor|177\/344
|
|turn|3
|
|detailschange|p1a: Scizor|Scizor-Mega, F
|message|Scizor has Mega Evolved into Mega Scizor!
|move|p2a: Terrakion|Close Combat|p1a: Scizor
|-damage|p1a: Scizor|66\/344
|-unboost|p2a: Terrakion|def|1
|-unboost|p2a: Terrakion|spd|1
|move|p1a: Scizor|Defog|p2a: Terrakion
|-unboost|p2a: Terrakion|evasion|1
|-sideend|p1: Caralhu|Stealth Rock|[from] move: Defog|[of] p1a: Scizor
|
|turn|4
|
|move|p1a: Scizor|Bullet Punch|p2a: Terrakion
|-supereffective|p2a: Terrakion
|-damage|p2a: Terrakion|0 fnt
|faint|p2a: Terrakion
|
|
|switch|p2a: Medicham|Medicham, F|261\/261
|turn|5
|
|switch|p1a: Landorus-Therian|Landorus-Therian, M|320\/320
|-ability|p1a: Landorus-Therian|Intimidate|[of] p2a: Medicham
|-unboost|p2a: Medicham|atk|1
|detailschange|p2a: Medicham|Medicham-Mega, F
|message|Medicham has Mega Evolved into Mega Medicham!
|move|p2a: Medicham|Fake Out|p1a: Landorus-Therian
|-damage|p1a: Landorus-Therian|259\/320
|
|turn|6
|
|switch|p2a: Dragonite|Dragonite, F|323\/323
|move|p1a: Landorus-Therian|Earthquake|p2a: Dragonite
|-immune|p2a: Dragonite|[msg]
|
|turn|7
|
|switch|p1a: Azumarill|Azumarill, M|404\/404
|move|p2a: Dragonite|Outrage|p1a: Azumarill
|-immune|p1a: Azumarill|[msg]
|
|turn|8
|
|switch|p2a: Landorus|Landorus, M|319\/319
|move|p1a: Azumarill|Belly Drum|p1a: Azumarill
|-damage|p1a: Azumarill|202\/404
|-setboost|p1a: Azumarill|atk|6|[from] move: Belly Drum
|-enditem|p1a: Azumarill|Sitrus Berry|[eat]
|-heal|p1a: Azumarill|303\/404|[from] item: Sitrus Berry
|
|turn|9
|
|move|p1a: Azumarill|Aqua Jet|p2a: Landorus
|-supereffective|p2a: Landorus
|-damage|p2a: Landorus|0 fnt
|faint|p2a: Landorus
|
|
|switch|p2a: Dragonite|Dragonite, F|323\/323
|turn|10
|
|move|p2a: Dragonite|Extreme Speed|p1a: Azumarill
|-damage|p1a: Azumarill|103\/404
|move|p1a: Azumarill|Body Slam|p2a: Dragonite
|-damage|p2a: Dragonite|62\/323
|-status|p2a: Dragonite|par
|
|turn|11
|
|move|p2a: Dragonite|Extreme Speed|p1a: Azumarill
|-damage|p1a: Azumarill|0 fnt
|faint|p1a: Azumarill
|
|
|switch|p1a: Volcarona|Volcarona, F|312\/312
|turn|12
|
|move|p2a: Dragonite|Extreme Speed|p1a: Volcarona
|-damage|p1a: Volcarona|71\/312
|move|p1a: Volcarona|Quiver Dance|p1a: Volcarona
|-boost|p1a: Volcarona|spa|1
|-boost|p1a: Volcarona|spd|1
|-boost|p1a: Volcarona|spe|1
|
|turn|13
|
|cant|p2a: Dragonite|par
|move|p1a: Volcarona|Fiery Dance|p2a: Dragonite
|-resisted|p2a: Dragonite
|-damage|p2a: Dragonite|0 fnt
|-boost|p1a: Volcarona|spa|1
|faint|p2a: Dragonite
|
|
|switch|p2a: Medicham|Medicham-Mega, F|261\/261
|turn|14
|
|switch|p1a: Landorus-Therian|Landorus-Therian, M|259\/320
|-ability|p1a: Landorus-Therian|Intimidate|[of] p2a: Medicham
|-unboost|p2a: Medicham|atk|1
|move|p2a: Medicham|Fake Out|p1a: Landorus-Therian
|-damage|p1a: Landorus-Therian|201\/320
|
|turn|15
|
|move|p1a: Landorus-Therian|Earthquake|p2a: Medicham
|-damage|p2a: Medicham|0 fnt
|faint|p2a: Medicham
|
|
|switch|p2a: Greninja|Greninja, M|285\/285
|turn|16
|
|move|p1a: Landorus-Therian|Earthquake|p2a: Greninja
|-damage|p2a: Greninja|0 fnt
|faint|p2a: Greninja
|
|
|switch|p2a: Bisharp|Bisharp, M|271\/271
|turn|17
|
|move|p2a: Bisharp|Sucker Punch|p1a: Landorus-Therian
|-damage|p1a: Landorus-Therian|0 fnt
|faint|p1a: Landorus-Therian
|
|
|switch|p1a: Volcarona|Volcarona, F|71\/312
|turn|18
|
|move|p2a: Bisharp|Sucker Punch|p1a: Volcarona
|-damage|p1a: Volcarona|0 fnt
|faint|p1a: Volcarona
|
|
|switch|p1a: Scizor|Scizor-Mega, F|66\/344
|turn|19
|
|switch|p1a: Cresselia|Cresselia, F|444\/444
|move|p2a: Bisharp|Knock Off|p1a: Cresselia
|-supereffective|p1a: Cresselia
|-damage|p1a: Cresselia|160\/444
|-enditem|p1a: Cresselia|Leftovers|[from] move: Knock Off|[of] p2a: Bisharp
|
|turn|20
|
|move|p2a: Bisharp|Knock Off|p1a: Cresselia
|-crit|p1a: Cresselia
|-supereffective|p1a: Cresselia
|-damage|p1a: Cresselia|0 fnt
|faint|p1a: Cresselia
|
|
|switch|p1a: Latios|Latios, M|302\/302
|turn|21
|
|move|p2a: Bisharp|Sucker Punch|p1a: Latios
|-supereffective|p1a: Latios
|-damage|p1a: Latios|0 fnt
|faint|p1a: Latios
|
|-message|Caralhu forfeited.
|
|win|CobbCobb
|raw|Ladder updating...
|leave|Caralhu
|player|p1
|raw|Caralhu's rating: 1397 &rarr; <strong>1375<\/strong><br \/>(-22 for losing)
|raw|CobbCobb's rating: 1360 &rarr; <strong>1382<\/strong><br \/>(+22 for winning)