|join|Xeexus
|join|Caralhu
|player|p1|Xeexus|265
|player|p2|Caralhu|165
|gametype|singles
|gen|6
|tier|OU
|rated
|clearpoke
|poke|p1|Heatran, F, shiny
|poke|p1|Mew, shiny
|poke|p1|Talonflame, F, shiny
|poke|p1|Ampharos, F, shiny
|poke|p1|Quagsire, F, shiny
|poke|p1|Blissey, F, shiny
|poke|p2|Cresselia, F
|poke|p2|Azumarill, M
|poke|p2|Volcarona, F
|poke|p2|Latios, M
|poke|p2|Scizor, F
|poke|p2|Landorus-Therian, M
|rule|Swagger Clause: Swagger is banned
|rule|Baton Pass Clause: Limit one PokÃ©mon knowing Baton Pass
|rule|Sleep Clause Mod: Limit one foe put to sleep
|rule|Species Clause: Limit one of each PokÃ©mon
|rule|OHKO Clause: OHKO moves are banned
|rule|Moody Clause: Moody is banned
|rule|Evasion Moves Clause: Evasion moves are banned
|rule|Endless Battle Clause: Forcing endless battles is banned
|rule|HP Percentage Mod: HP is shown in percentages
|teampreview
|
|start
|switch|p1a: Heatran|Heatran, F, shiny|326\/326
|switch|p2a: Landorus-Therian|Landorus-Therian, M|320\/320
|-ability|p2a: Landorus-Therian|Intimidate|[of] p1a: Heatran
|-unboost|p1a: Heatran|atk|1
|-item|p1a: Heatran|Air Balloon
|turn|1
|
|move|p2a: Landorus-Therian|U-turn|p1a: Heatran
|-resisted|p1a: Heatran
|-damage|p1a: Heatran|302\/326
|-enditem|p1a: Heatran|Air Balloon
|
|switch|p2a: Azumarill|Azumarill, M|404\/404
|move|p1a: Heatran|Stealth Rock|p2a: Azumarill
|-sidestart|p2: Caralhu|move: Stealth Rock
|
|turn|2
|
|switch|p1a: Mew|Mew, shiny|404\/404
|move|p2a: Azumarill|Belly Drum|p2a: Azumarill
|-damage|p2a: Azumarill|202\/404
|-setboost|p2a: Azumarill|atk|6|[from] move: Belly Drum
|-enditem|p2a: Azumarill|Sitrus Berry|[eat]
|-heal|p2a: Azumarill|303\/404|[from] item: Sitrus Berry
|
|turn|3
|
|move|p2a: Azumarill|Aqua Jet|p1a: Mew
|-damage|p1a: Mew|110\/404
|move|p1a: Mew|Will-O-Wisp|p2a: Azumarill
|-status|p2a: Azumarill|brn
|
|-heal|p1a: Mew|135\/404|[from] item: Leftovers
|-damage|p2a: Azumarill|253\/404 brn|[from] brn
|turn|4
|
|move|p2a: Azumarill|Aqua Jet|p1a: Mew
|-damage|p1a: Mew|0 fnt
|faint|p1a: Mew
|
|-damage|p2a: Azumarill|203\/404 brn|[from] brn
|
|switch|p1a: Talonflame|Talonflame, F, shiny|317\/317
|turn|5
|
|switch|p2a: Landorus-Therian|Landorus-Therian, M|320\/320
|-damage|p2a: Landorus-Therian|280\/320|[from] Stealth Rock
|-ability|p2a: Landorus-Therian|Intimidate|[of] p1a: Talonflame
|-unboost|p1a: Talonflame|atk|1
|move|p1a: Talonflame|Protect|p1a: Talonflame
|-fail|p1a: Talonflame
|
|turn|6
|
|switch|p1a: Quagsire|Quagsire, F, shiny|394\/394
|move|p2a: Landorus-Therian|Rock Slide|p1a: Quagsire
|-resisted|p1a: Quagsire
|-damage|p1a: Quagsire|346\/394
|
|-heal|p1a: Quagsire|370\/394|[from] item: Leftovers
|turn|7
|
|switch|p2a: Cresselia|Cresselia, F|444\/444
|-damage|p2a: Cresselia|389\/444|[from] Stealth Rock
|move|p1a: Quagsire|Scald|p2a: Cresselia
|-damage|p2a: Cresselia|334\/444
|-status|p2a: Cresselia|brn
|
|-heal|p2a: Cresselia|361\/444 brn|[from] item: Leftovers
|-heal|p1a: Quagsire|394\/394|[from] item: Leftovers
|-damage|p2a: Cresselia|306\/444 brn|[from] brn
|turn|8
|
|switch|p1a: Heatran|Heatran, F, shiny|302\/326
|move|p2a: Cresselia|Toxic|p1a: Heatran
|-fail|p1a: Heatran
|
|-heal|p2a: Cresselia|333\/444 brn|[from] item: Leftovers
|-damage|p2a: Cresselia|278\/444 brn|[from] brn
|turn|9
|
|move|p1a: Heatran|Earth Power|p2a: Cresselia
|-immune|p2a: Cresselia|[msg]
|move|p2a: Cresselia|Light Screen|p2a: Cresselia
|-sidestart|p2: Caralhu|move: Light Screen
|
|-heal|p2a: Cresselia|305\/444 brn|[from] item: Leftovers
|-damage|p2a: Cresselia|250\/444 brn|[from] brn
|turn|10
|
|switch|p1a: Talonflame|Talonflame, F, shiny|317\/317
|move|p2a: Cresselia|Moonlight|p2a: Cresselia
|-heal|p2a: Cresselia|444\/444 brn
|
|-damage|p2a: Cresselia|389\/444 brn|[from] brn
|turn|11
|
|move|p1a: Talonflame|Brave Bird|p2a: Cresselia
|-damage|p2a: Cresselia|240\/444 brn
|-damage|p1a: Talonflame|268\/317|[from] recoil|[of] p2a: Cresselia
|-damage|p1a: Talonflame|237\/317|[from] item: Life Orb
|move|p2a: Cresselia|Toxic|p1a: Talonflame
|-status|p1a: Talonflame|tox
|
|-heal|p2a: Cresselia|267\/444 brn|[from] item: Leftovers
|-damage|p1a: Talonflame|218\/317 tox|[from] psn
|-damage|p2a: Cresselia|212\/444 brn|[from] brn
|turn|12
|
|switch|p1a: Ampharos|Ampharos, F, shiny|321\/321
|move|p2a: Cresselia|Moonlight|p2a: Cresselia
|-heal|p2a: Cresselia|434\/444 brn
|
|-heal|p2a: Cresselia|444\/444 brn|[from] item: Leftovers
|-damage|p2a: Cresselia|389\/444 brn|[from] brn
|turn|13
|
|detailschange|p1a: Ampharos|Ampharos-Mega, F, shiny
|message|Ampharos has Mega Evolved into Mega Ampharos!
|-ability|p1a: Ampharos|Mold Breaker
|move|p1a: Ampharos|Agility|p1a: Ampharos
|-boost|p1a: Ampharos|spe|2
|move|p2a: Cresselia|Toxic|p1a: Ampharos
|-status|p1a: Ampharos|tox
|
|-heal|p2a: Cresselia|416\/444 brn|[from] item: Leftovers
|-damage|p1a: Ampharos|301\/321 tox|[from] psn
|-damage|p2a: Cresselia|361\/444 brn|[from] brn
|-sideend|p2: Caralhu|move: Light Screen
|turn|14
|
|move|p1a: Ampharos|Thunderbolt|p2a: Cresselia
|-damage|p2a: Cresselia|190\/444 brn
|move|p2a: Cresselia|Moonlight|p2a: Cresselia
|-heal|p2a: Cresselia|412\/444 brn
|
|-heal|p2a: Cresselia|439\/444 brn|[from] item: Leftovers
|-damage|p1a: Ampharos|261\/321 tox|[from] psn
|-damage|p2a: Cresselia|384\/444 brn|[from] brn
|turn|15
|
|move|p1a: Ampharos|Thunderbolt|p2a: Cresselia
|-damage|p2a: Cresselia|228\/444 brn
|move|p2a: Cresselia|Moonlight|p2a: Cresselia
|-heal|p2a: Cresselia|444\/444 brn
|
|-damage|p1a: Ampharos|201\/321 tox|[from] psn
|-damage|p2a: Cresselia|389\/444 brn|[from] brn
|turn|16
|
|switch|p1a: Heatran|Heatran, F, shiny|302\/326
|move|p2a: Cresselia|Moonlight|p2a: Cresselia
|-heal|p2a: Cresselia|444\/444 brn
|
|-damage|p2a: Cresselia|389\/444 brn|[from] brn
|turn|17
|
|move|p1a: Heatran|Fire Blast|p2a: Cresselia
|-damage|p2a: Cresselia|242\/444 brn
|move|p2a: Cresselia|Light Screen|p2a: Cresselia
|-sidestart|p2: Caralhu|move: Light Screen
|
|-heal|p2a: Cresselia|269\/444 brn|[from] item: Leftovers
|-damage|p2a: Cresselia|214\/444 brn|[from] brn
|turn|18
|
|switch|p2a: Latios|Latios, M|302\/302
|-damage|p2a: Latios|265\/302|[from] Stealth Rock
|move|p1a: Heatran|Taunt|p2a: Latios
|-start|p2a: Latios|move: Taunt
|
|turn|19
|
|switch|p1a: Blissey|Blissey, F, shiny|652\/652
|move|p2a: Latios|Surf|p1a: Blissey
|-crit|p1a: Blissey
|-damage|p1a: Blissey|510\/652
|-damage|p2a: Latios|235\/302|[from] item: Life Orb
|
|-heal|p1a: Blissey|550\/652|[from] item: Leftovers
|turn|20
|
|switch|p2a: Scizor|Scizor, F|344\/344
|-damage|p2a: Scizor|301\/344|[from] Stealth Rock
|move|p1a: Blissey|Thunder Wave|p2a: Scizor
|-status|p2a: Scizor|par
|
|-heal|p1a: Blissey|590\/652|[from] item: Leftovers
|turn|21
|
|switch|p1a: Heatran|Heatran, F, shiny|302\/326
|detailschange|p2a: Scizor|Scizor-Mega, F
|message|Scizor has Mega Evolved into Mega Scizor!
|cant|p2a: Scizor|par
|
|-sideend|p2: Caralhu|move: Light Screen
|turn|22
|
|switch|p2a: Cresselia|Cresselia, F|214\/444 brn
|-damage|p2a: Cresselia|159\/444 brn|[from] Stealth Rock
|move|p1a: Heatran|Fire Blast|p2a: Cresselia
|-damage|p2a: Cresselia|8\/444 brn
|
|-heal|p2a: Cresselia|35\/444 brn|[from] item: Leftovers
|-damage|p2a: Cresselia|0 fnt|[from] brn
|faint|p2a: Cresselia
|
|switch|p2a: Landorus-Therian|Landorus-Therian, M|280\/320
|-damage|p2a: Landorus-Therian|240\/320|[from] Stealth Rock
|-ability|p2a: Landorus-Therian|Intimidate|[of] p1a: Heatran
|-unboost|p1a: Heatran|atk|1
|turn|23
|
|switch|p1a: Quagsire|Quagsire, F, shiny|394\/394
|move|p2a: Landorus-Therian|Earthquake|p1a: Quagsire
|-damage|p1a: Quagsire|211\/394
|
|-heal|p1a: Quagsire|235\/394|[from] item: Leftovers
|turn|24
|
|switch|p2a: Scizor|Scizor-Mega, F|301\/344 par
|-damage|p2a: Scizor|258\/344 par|[from] Stealth Rock
|move|p1a: Quagsire|Scald|p2a: Scizor
|-damage|p2a: Scizor|197\/344 par
|
|-heal|p1a: Quagsire|259\/394|[from] item: Leftovers
|turn|25
|
|move|p1a: Quagsire|Recover|p1a: Quagsire
|-heal|p1a: Quagsire|394\/394
|move|p2a: Scizor|Defog|p1a: Quagsire
|-unboost|p1a: Quagsire|evasion|1
|-sideend|p2: Caralhu|Stealth Rock|[from] move: Defog|[of] p2a: Scizor
|
|turn|26
|
|switch|p1a: Heatran|Heatran, F, shiny|302\/326
|switch|p2a: Volcarona|Volcarona, F|312\/312
|
|turn|27
|
|switch|p2a: Azumarill|Azumarill, M|203\/404 brn
|move|p1a: Heatran|Earth Power|p2a: Azumarill
|-damage|p2a: Azumarill|85\/404 brn
|
|-damage|p2a: Azumarill|35\/404 brn|[from] brn
|turn|28
|
|switch|p1a: Quagsire|Quagsire, F, shiny|394\/394
|move|p2a: Azumarill|Aqua Jet|p1a: Quagsire
|-damage|p1a: Quagsire|354\/394
|
|-heal|p1a: Quagsire|378\/394|[from] item: Leftovers
|-damage|p2a: Azumarill|0 fnt|[from] brn
|faint|p2a: Azumarill
|
|switch|p2a: Volcarona|Volcarona, F|312\/312
|turn|29
|
|move|p2a: Volcarona|Giga Drain|p1a: Quagsire
|-crit|p1a: Quagsire
|-supereffective|p1a: Quagsire
|-damage|p1a: Quagsire|0 fnt
|faint|p1a: Quagsire
|
|
|switch|p1a: Heatran|Heatran, F, shiny|302\/326
|turn|30
|
|move|p2a: Volcarona|Quiver Dance|p2a: Volcarona
|-boost|p2a: Volcarona|spa|1
|-boost|p2a: Volcarona|spd|1
|-boost|p2a: Volcarona|spe|1
|move|p1a: Heatran|Fire Blast|p2a: Volcarona
|-damage|p2a: Volcarona|176\/312
|
|turn|31
|
|move|p2a: Volcarona|Quiver Dance|p2a: Volcarona
|-boost|p2a: Volcarona|spa|1
|-boost|p2a: Volcarona|spd|1
|-boost|p2a: Volcarona|spe|1
|move|p1a: Heatran|Earth Power|p2a: Volcarona
|-damage|p2a: Volcarona|120\/312
|
|turn|32
|
|move|p2a: Volcarona|Bug Buzz|p1a: Heatran
|-resisted|p1a: Heatran
|-damage|p1a: Heatran|216\/326
|move|p1a: Heatran|Fire Blast|p2a: Volcarona
|-damage|p2a: Volcarona|27\/312
|
|turn|33
|
|move|p2a: Volcarona|Bug Buzz|p1a: Heatran
|-resisted|p1a: Heatran
|-damage|p1a: Heatran|130\/326
|move|p1a: Heatran|Earth Power|p2a: Volcarona
|-damage|p2a: Volcarona|0 fnt
|faint|p2a: Volcarona
|
|
|switch|p2a: Landorus-Therian|Landorus-Therian, M|240\/320
|-ability|p2a: Landorus-Therian|Intimidate|[of] p1a: Heatran
|-unboost|p1a: Heatran|atk|1
|turn|34
|
|move|p2a: Landorus-Therian|Rock Slide|p1a: Heatran
|-damage|p1a: Heatran|28\/326
|move|p1a: Heatran|Fire Blast|p2a: Landorus-Therian
|-damage|p2a: Landorus-Therian|0 fnt
|faint|p2a: Landorus-Therian
|
|
|switch|p2a: Scizor|Scizor-Mega, F|197\/344 par
|turn|35
|
|cant|p2a: Scizor|par
|move|p1a: Heatran|Fire Blast|p2a: Scizor
|-supereffective|p2a: Scizor
|-damage|p2a: Scizor|0 fnt
|faint|p2a: Scizor
|
|-message|Caralhu forfeited.
|
|win|Xeexus
|raw|Ladder updating...
|raw|Xeexus's rating: 1307 &rarr; <strong>1330<\/strong><br \/>(+23 for winning)
|raw|Caralhu's rating: 1356 &rarr; <strong>1333<\/strong><br \/>(-23 for losing)
|leave|Caralhu
|player|p2