|join|iFenrear
|join|Caralhu
|player|p1|iFenrear|156
|player|p2|Caralhu|165
|gametype|singles
|gen|6
|tier|OU
|rated
|clearpoke
|poke|p1|Gengar, M
|poke|p1|Meloetta
|poke|p1|Conkeldurr, M
|poke|p1|Gyarados, M
|poke|p1|Ferrothorn, M
|poke|p1|Landorus, M
|poke|p2|Cresselia, F
|poke|p2|Azumarill, M
|poke|p2|Volcarona, F
|poke|p2|Latios, M
|poke|p2|Scizor, F
|poke|p2|Landorus-Therian, M
|rule|Swagger Clause: Swagger is banned
|rule|Baton Pass Clause: Limit one PokÃ©mon knowing Baton Pass
|rule|Sleep Clause Mod: Limit one foe put to sleep
|rule|Species Clause: Limit one of each PokÃ©mon
|rule|OHKO Clause: OHKO moves are banned
|rule|Moody Clause: Moody is banned
|rule|Evasion Moves Clause: Evasion moves are banned
|rule|Endless Battle Clause: Forcing endless battles is banned
|rule|HP Percentage Mod: HP is shown in percentages
|teampreview
|
|start
|switch|p1a: Enten|Landorus, M|319\/319
|switch|p2a: Landorus-Therian|Landorus-Therian, M|320\/320
|-ability|p2a: Landorus-Therian|Intimidate|[of] p1a: Enten
|-unboost|p1a: Enten|atk|1
|turn|1
|
|move|p2a: Landorus-Therian|U-turn|p1a: Enten
|-resisted|p1a: Enten
|-damage|p1a: Enten|265\/319
|
|switch|p2a: Scizor|Scizor, F|344\/344
|move|p1a: Enten|Knock Off|p2a: Scizor
|-damage|p2a: Scizor|293\/344
|-damage|p1a: Enten|234\/319|[from] item: Life Orb
|
|turn|2
|
|switch|p2a: Volcarona|Volcarona, F|312\/312
|move|p1a: Enten|Earth Power|p2a: Volcarona
|-damage|p2a: Volcarona|59\/312
|
|turn|3
|
|switch|p2a: Cresselia|Cresselia, F|444\/444
|move|p1a: Enten|Psychic|p2a: Cresselia
|-resisted|p2a: Cresselia
|-damage|p2a: Cresselia|383\/444
|
|-heal|p2a: Cresselia|410\/444|[from] item: Leftovers
|turn|4
|
|move|p1a: Enten|Knock Off|p2a: Cresselia
|-supereffective|p2a: Cresselia
|-damage|p2a: Cresselia|303\/444
|-enditem|p2a: Cresselia|Leftovers|[from] move: Knock Off|[of] p1a: Enten
|-damage|p1a: Enten|203\/319|[from] item: Life Orb
|move|p2a: Cresselia|Toxic|p1a: Enten
|-status|p1a: Enten|tox
|
|-damage|p1a: Enten|184\/319 tox|[from] psn
|turn|5
|
|switch|p1a: Tytannial|Ferrothorn, M|352\/352
|move|p2a: Cresselia|Thunder Wave|p1a: Tytannial
|-status|p1a: Tytannial|par
|
|turn|6
|
|switch|p2a: Latios|Latios, M|302\/302
|move|p1a: Tytannial|Gyro Ball|p2a: Latios
|-damage|p2a: Latios|101\/302
|
|turn|7
|
|move|p2a: Latios|Hidden Power|p1a: Tytannial
|-supereffective|p1a: Tytannial
|-damage|p1a: Tytannial|9\/352 par
|-damage|p2a: Latios|71\/302|[from] item: Life Orb
|move|p1a: Tytannial|Stealth Rock|p2a: Latios
|-sidestart|p2: Caralhu|move: Stealth Rock
|
|turn|8
|
|move|p2a: Latios|Psyshock|p1a: Tytannial
|-resisted|p1a: Tytannial
|-damage|p1a: Tytannial|0 fnt
|-damage|p2a: Latios|41\/302|[from] item: Life Orb
|faint|p1a: Tytannial
|
|
|switch|p1a: Phantom|Gengar, M|262\/262
|turn|9
|
|move|p1a: Phantom|Shadow Ball|p2a: Latios
|-supereffective|p2a: Latios
|-damage|p2a: Latios|0 fnt
|faint|p2a: Latios
|
|
|switch|p2a: Scizor|Scizor, F|293\/344
|-damage|p2a: Scizor|250\/344|[from] Stealth Rock
|turn|10
|
|detailschange|p2a: Scizor|Scizor-Mega, F
|message|Scizor has Mega Evolved into Mega Scizor!
|move|p1a: Phantom|Shadow Ball|p2a: Scizor
|-damage|p2a: Scizor|117\/344
|move|p2a: Scizor|Pursuit|p1a: Phantom
|-supereffective|p1a: Phantom
|-damage|p1a: Phantom|0 fnt
|faint|p1a: Phantom
|
|
|switch|p1a: Enten|Landorus, M|184\/319 tox
|turn|11
|
|move|p1a: Enten|Earth Power|p2a: Scizor
|-damage|p2a: Scizor|0 fnt
|faint|p2a: Scizor
|
|-damage|p1a: Enten|165\/319 tox|[from] psn
|
|switch|p2a: Cresselia|Cresselia, F|303\/444
|-damage|p2a: Cresselia|248\/444|[from] Stealth Rock
|turn|12
|
|move|p1a: Enten|Knock Off|p2a: Cresselia
|-supereffective|p2a: Cresselia
|-damage|p2a: Cresselia|139\/444
|-damage|p1a: Enten|134\/319 tox|[from] item: Life Orb
|move|p2a: Cresselia|Lunar Dance|p2a: Cresselia
|faint|p2a: Cresselia
|
|-damage|p1a: Enten|96\/319 tox|[from] psn
|
|switch|p2a: Azumarill|Azumarill, M|404\/404
|-heal|p2a: Azumarill|404\/404|[from] move: Lunar Dance
|-damage|p2a: Azumarill|354\/404|[from] Stealth Rock
|turn|13
|
|move|p2a: Azumarill|Aqua Jet|p1a: Enten
|-supereffective|p1a: Enten
|-damage|p1a: Enten|0 fnt
|faint|p1a: Enten
|
|
|switch|p1a: Zelda|Meloetta|404\/404
|turn|14
|
|move|p1a: Zelda|Psyshock|p2a: Azumarill
|-damage|p2a: Azumarill|221\/404
|move|p2a: Azumarill|Play Rough|p1a: Zelda
|-damage|p1a: Zelda|232\/404
|
|-heal|p1a: Zelda|257\/404|[from] item: Leftovers
|turn|15
|
|move|p1a: Zelda|Psyshock|p2a: Azumarill
|-damage|p2a: Azumarill|71\/404
|-enditem|p2a: Azumarill|Sitrus Berry|[eat]
|-heal|p2a: Azumarill|172\/404|[from] item: Sitrus Berry
|move|p2a: Azumarill|Play Rough|p1a: Zelda
|-damage|p1a: Zelda|77\/404
|
|-heal|p1a: Zelda|102\/404|[from] item: Leftovers
|turn|16
|
|move|p1a: Zelda|Psyshock|p2a: Azumarill
|-damage|p2a: Azumarill|37\/404
|move|p2a: Azumarill|Play Rough|p1a: Zelda
|-damage|p1a: Zelda|0 fnt
|faint|p1a: Zelda
|
|
|switch|p1a: Predator|Gyarados, M|331\/331
|-ability|p1a: Predator|Intimidate|[of] p2a: Azumarill
|-unboost|p2a: Azumarill|atk|1
|turn|17
|
|detailschange|p1a: Predator|Gyarados-Mega, M
|message|Gyarados has Mega Evolved into Mega Gyarados!
|-ability|p1a: Predator|Mold Breaker
|move|p1a: Predator|Waterfall|p2a: Azumarill
|-resisted|p2a: Azumarill
|-damage|p2a: Azumarill|0 fnt
|faint|p2a: Azumarill
|
|
|switch|p2a: Landorus-Therian|Landorus-Therian, M|320\/320
|-damage|p2a: Landorus-Therian|280\/320|[from] Stealth Rock
|-ability|p2a: Landorus-Therian|Intimidate|[of] p1a: Predator
|-unboost|p1a: Predator|atk|1
|turn|18
|
|move|p2a: Landorus-Therian|Superpower|p1a: Predator
|-supereffective|p1a: Predator
|-damage|p1a: Predator|27\/331
|-unboost|p2a: Landorus-Therian|atk|1
|-unboost|p2a: Landorus-Therian|def|1
|move|p1a: Predator|Waterfall|p2a: Landorus-Therian
|-supereffective|p2a: Landorus-Therian
|-damage|p2a: Landorus-Therian|0 fnt
|faint|p2a: Landorus-Therian
|
|c|âiFenrear|gg
|-message|Caralhu forfeited.
|
|win|iFenrear
|raw|Ladder updating...
|leave|Caralhu
|player|p2
|raw|iFenrear's rating: 1863 &rarr; <strong>1877<\/strong><br \/>(+14 for winning)
|raw|Caralhu's rating: 1760 &rarr; <strong>1746<\/strong><br \/>(-14 for losing)