|join|Snippyro
|join|Caralhu
|player|p1|Snippyro|101
|player|p2|Caralhu|165
|gametype|singles
|gen|6
|tier|OU
|rated
|clearpoke
|poke|p1|Exploud, M
|poke|p1|Cloyster, M, shiny
|poke|p1|Darmanitan, F
|poke|p1|Landorus, M
|poke|p1|Dragonite, M, shiny
|poke|p1|Ferrothorn, M
|poke|p2|Azumarill, M
|poke|p2|Heatran, F
|poke|p2|Dragonite, M
|poke|p2|Scizor, M
|poke|p2|Thundurus-Therian, M
|poke|p2|Latios, M
|rule|Swagger Clause: Swagger is banned
|rule|Baton Pass Clause: Limit one PokÃ©mon knowing Baton Pass
|rule|Sleep Clause Mod: Limit one foe put to sleep
|rule|Species Clause: Limit one of each PokÃ©mon
|rule|OHKO Clause: OHKO moves are banned
|rule|Moody Clause: Moody is banned
|rule|Evasion Moves Clause: Evasion moves are banned
|rule|Endless Battle Clause: Forcing endless battles is banned
|rule|HP Percentage Mod: HP is shown in percentages
|teampreview
|c|âSnippyro|GL ^~^
|
|start
|switch|p1a: Awesomonkey|Darmanitan, F|351\/351
|switch|p2a: Thundurus-Therian|Thundurus-Therian, M|300\/300
|turn|1
|
|move|p2a: Thundurus-Therian|Volt Switch|p1a: Awesomonkey
|-damage|p1a: Awesomonkey|119\/351
|
|switch|p2a: Heatran|Heatran, F|386\/386
|move|p1a: Awesomonkey|Flare Blitz|p2a: Heatran
|-start|p2a: Heatran|ability: Flash Fire
|
|turn|2
|c|âSnippyro|Ouch
|
|switch|p1a: Terrible|Landorus, M|320\/320
|move|p2a: Heatran|Toxic|p1a: Terrible
|-status|p1a: Terrible|tox
|
|-damage|p1a: Terrible|300\/320 tox|[from] psn
|turn|3
|c|âSnippyro|nice 
|
|switch|p2a: Scizor|Scizor, M|344\/344
|move|p1a: Terrible|Psychic|p2a: Scizor
|-resisted|p2a: Scizor
|-damage|p2a: Scizor|245\/344
|
|-damage|p1a: Terrible|260\/320 tox|[from] psn
|turn|4
|
|switch|p2a: Azumarill|Azumarill, M|404\/404
|move|p1a: Terrible|Earth Power|p2a: Azumarill
|-damage|p2a: Azumarill|95\/404
|-enditem|p2a: Azumarill|Sitrus Berry|[eat]
|-heal|p2a: Azumarill|196\/404|[from] item: Sitrus Berry
|
|-damage|p1a: Terrible|200\/320 tox|[from] psn
|turn|5
|
|switch|p1a: Shrubbery|Ferrothorn, M|352\/352
|move|p2a: Azumarill|Aqua Jet|p1a: Shrubbery
|-resisted|p1a: Shrubbery
|-damage|p1a: Shrubbery|324\/352
|-damage|p2a: Azumarill|146\/404|[from] ability: Iron Barbs|[of] p1a: Shrubbery
|-damage|p2a: Azumarill|79\/404|[from] item: Rocky Helmet|[of] p1a: Shrubbery
|
|turn|6
|
|switch|p2a: Scizor|Scizor, M|245\/344
|move|p1a: Shrubbery|Stealth Rock|p2a: Scizor
|-sidestart|p2: Caralhu|move: Stealth Rock
|
|turn|7
|
|switch|p1a: Terrible|Landorus, M|200\/320 tox
|detailschange|p2a: Scizor|Scizor-Mega, M
|message|Scizor has Mega Evolved into Mega Scizor!
|move|p2a: Scizor|Defog|p1a: Terrible
|-unboost|p1a: Terrible|evasion|1
|-sideend|p2: Caralhu|Stealth Rock|[from] move: Defog|[of] p2a: Scizor
|
|-damage|p1a: Terrible|180\/320 tox|[from] psn
|turn|8
|
|move|p2a: Scizor|Bullet Punch|p1a: Terrible
|-damage|p1a: Terrible|35\/320 tox
|move|p1a: Terrible|Earth Power|p2a: Scizor
|-damage|p2a: Scizor|0 fnt
|faint|p2a: Scizor
|
|-damage|p1a: Terrible|0 fnt|[from] psn
|faint|p1a: Terrible
|
|switch|p2a: Thundurus-Therian|Thundurus-Therian, M|300\/300
|switch|p1a: Awesomonkey|Darmanitan, F|119\/351
|turn|9
|
|switch|p1a: BoomBeast|Exploud, M|349\/349
|move|p2a: Thundurus-Therian|Volt Switch|p1a: BoomBeast
|-damage|p1a: BoomBeast|196\/349
|
|switch|p2a: Dragonite|Dragonite, M|350\/350
|
|turn|10
|
|move|p2a: Dragonite|Dragon Dance|p2a: Dragonite
|-boost|p2a: Dragonite|atk|1
|-boost|p2a: Dragonite|spe|1
|move|p1a: BoomBeast|Boomburst|p2a: Dragonite
|-damage|p2a: Dragonite|203\/350
|
|turn|11
|
|move|p2a: Dragonite|Dragon Claw|p1a: BoomBeast
|-damage|p1a: BoomBeast|0 fnt
|faint|p1a: BoomBeast
|
|
|switch|p1a: Shrubbery|Ferrothorn, M|324\/352
|turn|12
|
|move|p2a: Dragonite|Earthquake|p1a: Shrubbery
|-damage|p1a: Shrubbery|195\/352
|move|p1a: Shrubbery|Leech Seed|p2a: Dragonite
|-start|p2a: Dragonite|move: Leech Seed
|
|-damage|p2a: Dragonite|160\/350|[from] Leech Seed|[of] p1a: Shrubbery
|-heal|p1a: Shrubbery|238\/352|[silent]
|turn|13
|
|move|p2a: Dragonite|Dragon Dance|p2a: Dragonite
|-boost|p2a: Dragonite|atk|1
|-boost|p2a: Dragonite|spe|1
|move|p1a: Shrubbery|Gyro Ball|p2a: Dragonite
|-damage|p2a: Dragonite|0 fnt
|faint|p2a: Dragonite
|
|
|switch|p2a: Latios|Latios, M|302\/302
|turn|14
|
|move|p2a: Latios|Hidden Power|p1a: Shrubbery
|-supereffective|p1a: Shrubbery
|-damage|p1a: Shrubbery|0 fnt
|-damage|p2a: Latios|272\/302|[from] item: Life Orb
|faint|p1a: Shrubbery
|
|
|switch|p1a: Awesomonkey|Darmanitan, F|119\/351
|turn|15
|
|switch|p2a: Heatran|Heatran, F|386\/386
|move|p1a: Awesomonkey|U-turn|p2a: Heatran
|-resisted|p2a: Heatran
|-damage|p2a: Heatran|362\/386
|
|switch|p1a: Blueberry|Cloyster, M, shiny|241\/241
|
|-heal|p2a: Heatran|386\/386|[from] item: Leftovers
|turn|16
|
|switch|p2a: Thundurus-Therian|Thundurus-Therian, M|300\/300
|move|p1a: Blueberry|Shell Smash|p1a: Blueberry
|-boost|p1a: Blueberry|atk|2
|-boost|p1a: Blueberry|spa|2
|-boost|p1a: Blueberry|spe|2
|-unboost|p1a: Blueberry|def|1
|-unboost|p1a: Blueberry|spd|1
|
|turn|17
|
|switch|p1a: Kryptonite|Dragonite, M, shiny|329\/329
|move|p2a: Thundurus-Therian|Volt Switch|p1a: Kryptonite
|-damage|p1a: Kryptonite|257\/329
|
|switch|p2a: Latios|Latios, M|272\/302
|
|turn|18
|
|move|p2a: Latios|Psyshock|p1a: Kryptonite
|-damage|p1a: Kryptonite|31\/329
|-damage|p2a: Latios|242\/302|[from] item: Life Orb
|move|p1a: Kryptonite|Dragon Claw|p2a: Latios
|-supereffective|p2a: Latios
|-damage|p2a: Latios|0 fnt
|faint|p2a: Latios
|
|
|switch|p2a: Azumarill|Azumarill, M|79\/404
|turn|19
|
|switch|p2a: Heatran|Heatran, F|386\/386
|move|p1a: Kryptonite|Extreme Speed|p2a: Heatran
|-resisted|p2a: Heatran
|-damage|p2a: Heatran|335\/386
|
|-heal|p2a: Heatran|359\/386|[from] item: Leftovers
|turn|20
|
|move|p1a: Kryptonite|Dragon Dance|p1a: Kryptonite
|-boost|p1a: Kryptonite|atk|1
|-boost|p1a: Kryptonite|spe|1
|move|p2a: Heatran|Toxic|p1a: Kryptonite
|-status|p1a: Kryptonite|tox
|
|-heal|p2a: Heatran|383\/386|[from] item: Leftovers
|-damage|p1a: Kryptonite|11\/329 tox|[from] psn
|turn|21
|
|move|p2a: Heatran|Protect|p2a: Heatran
|-singleturn|p2a: Heatran|Protect
|move|p1a: Kryptonite|Extreme Speed|p2a: Heatran
|-activate|p2a: Heatran|Protect
|
|-heal|p2a: Heatran|386\/386|[from] item: Leftovers
|-damage|p1a: Kryptonite|0 fnt|[from] psn
|faint|p1a: Kryptonite
|
|switch|p1a: Awesomonkey|Darmanitan, F|119\/351
|turn|22
|
|move|p2a: Heatran|Protect|p2a: Heatran
|-singleturn|p2a: Heatran|Protect
|move|p1a: Awesomonkey|Earthquake|p2a: Heatran
|-activate|p2a: Heatran|Protect
|
|turn|23
|
|switch|p1a: Blueberry|Cloyster, M, shiny|241\/241
|switch|p2a: Thundurus-Therian|Thundurus-Therian, M|300\/300
|
|turn|24
|
|switch|p1a: Awesomonkey|Darmanitan, F|119\/351
|move|p2a: Thundurus-Therian|Volt Switch|p1a: Awesomonkey
|-damage|p1a: Awesomonkey|0 fnt
|faint|p1a: Awesomonkey
|
|switch|p2a: Azumarill|Azumarill, M|79\/404
|
|
|switch|p1a: Blueberry|Cloyster, M, shiny|241\/241
|turn|25
|c|âSnippyro|GG
|
|move|p1a: Blueberry|Shell Smash|p1a: Blueberry
|-boost|p1a: Blueberry|atk|2
|-boost|p1a: Blueberry|spa|2
|-boost|p1a: Blueberry|spe|2
|-unboost|p1a: Blueberry|def|1
|-unboost|p1a: Blueberry|spd|1
|move|p2a: Azumarill|Play Rough|p1a: Blueberry
|-damage|p1a: Blueberry|66\/241
|
|turn|26
|
|move|p2a: Azumarill|Aqua Jet|p1a: Blueberry
|-crit|p1a: Blueberry
|-resisted|p1a: Blueberry
|-damage|p1a: Blueberry|12\/241
|move|p1a: Blueberry|Icicle Spear|p2a: Azumarill
|-resisted|p2a: Azumarill
|-damage|p2a: Azumarill|28\/404
|-resisted|p2a: Azumarill
|-damage|p2a: Azumarill|0 fnt
|-hitcount|p2a: Azumarill|2
|faint|p2a: Azumarill
|
|
|switch|p2a: Thundurus-Therian|Thundurus-Therian, M|300\/300
|turn|27
|
|move|p1a: Blueberry|Icicle Spear|p2a: Thundurus-Therian
|-supereffective|p2a: Thundurus-Therian
|-damage|p2a: Thundurus-Therian|102\/300
|-supereffective|p2a: Thundurus-Therian
|-damage|p2a: Thundurus-Therian|0 fnt
|-hitcount|p2a: Thundurus-Therian|2
|faint|p2a: Thundurus-Therian
|
|c|âSnippyro|Hmm.
|c|âSnippyro|if i knew that before...
|
|switch|p2a: Heatran|Heatran, F|386\/386
|turn|28
|c|âSnippyro|GG
|
|move|p1a: Blueberry|Rock Blast|p2a: Heatran
|-damage|p2a: Heatran|336\/386
|-damage|p2a: Heatran|289\/386
|-damage|p2a: Heatran|240\/386
|-damage|p2a: Heatran|193\/386
|-damage|p2a: Heatran|146\/386
|-hitcount|p2a: Heatran|5
|cant|p2a: Heatran|flinch
|
|-heal|p2a: Heatran|170\/386|[from] item: Leftovers
|turn|29
|
|move|p2a: Heatran|Protect|p2a: Heatran
|-singleturn|p2a: Heatran|Protect
|move|p1a: Blueberry|Rock Blast|p2a: Heatran
|-activate|p2a: Heatran|Protect
|
|-heal|p2a: Heatran|194\/386|[from] item: Leftovers
|turn|30
|
|move|p1a: Blueberry|Rock Blast|p2a: Heatran
|-damage|p2a: Heatran|142\/386
|-damage|p2a: Heatran|91\/386
|-damage|p2a: Heatran|41\/386
|-damage|p2a: Heatran|0 fnt
|-hitcount|p2a: Heatran|4
|faint|p2a: Heatran
|
|win|Snippyro
|raw|Ladder updating...
|raw|Snippyro's rating: 1437 &rarr; <strong>1457<\/strong><br \/>(+20 for winning)
|raw|Caralhu's rating: 1447 &rarr; <strong>1427<\/strong><br \/>(-20 for losing)