|join|Caralhu
|join|backpackers
|player|p1|Caralhu|1
|player|p2|backpackers|10
|gametype|singles
|gen|6
|tier|OU
|rated
|clearpoke
|poke|p1|Azumarill, M
|poke|p1|Scizor, M
|poke|p1|Cresselia, F
|poke|p1|Latios, M
|poke|p1|Landorus-Therian, M
|poke|p1|Volcarona, F
|poke|p2|Raikou
|poke|p2|Pidgeot, M
|poke|p2|Diggersby, F
|poke|p2|Clefable, M
|poke|p2|Suicune
|poke|p2|Terrakion
|rule|Swagger Clause: Swagger is banned
|rule|Baton Pass Clause: Limit one PokÃ©mon knowing Baton Pass
|rule|Sleep Clause Mod: Limit one foe put to sleep
|rule|Species Clause: Limit one of each PokÃ©mon
|rule|OHKO Clause: OHKO moves are banned
|rule|Moody Clause: Moody is banned
|rule|Evasion Moves Clause: Evasion moves are banned
|rule|Endless Battle Clause: Forcing endless battles is banned
|rule|HP Percentage Mod: HP is shown in percentages
|teampreview
|
|start
|switch|p1a: Scizor|Scizor, M|344\/344
|switch|p2a: Raikou|Raikou|322\/322
|-ability|p2a: Raikou|Pressure
|turn|1
|
|switch|p1a: Landorus-Therian|Landorus-Therian, M|320\/320
|-ability|p1a: Landorus-Therian|Intimidate|[of] p2a: Raikou
|-unboost|p2a: Raikou|atk|1
|move|p2a: Raikou|Volt Switch|p1a: Landorus-Therian
|-immune|p1a: Landorus-Therian|[msg]
|
|turn|2
|
|switch|p2a: Suicune|Suicune|404\/404
|-ability|p2a: Suicune|Pressure
|move|p1a: Landorus-Therian|U-turn|p2a: Suicune
|-damage|p2a: Suicune|333\/404
|
|switch|p1a: Azumarill|Azumarill, M|404\/404
|
|-heal|p2a: Suicune|358\/404|[from] item: Leftovers
|turn|3
|
|move|p2a: Suicune|Scald|p1a: Azumarill
|-resisted|p1a: Azumarill
|-damage|p1a: Azumarill|355\/404
|move|p1a: Azumarill|Belly Drum|p1a: Azumarill
|-damage|p1a: Azumarill|153\/404
|-setboost|p1a: Azumarill|atk|6|[from] move: Belly Drum
|-enditem|p1a: Azumarill|Sitrus Berry|[eat]
|-heal|p1a: Azumarill|254\/404|[from] item: Sitrus Berry
|
|-heal|p2a: Suicune|383\/404|[from] item: Leftovers
|turn|4
|
|move|p2a: Suicune|Scald|p1a: Azumarill
|-resisted|p1a: Azumarill
|-damage|p1a: Azumarill|198\/404
|move|p1a: Azumarill|Play Rough|p2a: Suicune
|-damage|p2a: Suicune|0 fnt
|faint|p2a: Suicune
|
|
|switch|p2a: Terrakion|Terrakion|323\/323
|turn|5
|
|move|p1a: Azumarill|Aqua Jet|p2a: Terrakion
|-supereffective|p2a: Terrakion
|-enditem|p2a: Terrakion|Focus Sash
|-damage|p2a: Terrakion|1\/323
|move|p2a: Terrakion|Stone Edge|p1a: Azumarill
|-damage|p1a: Azumarill|0 fnt
|faint|p1a: Azumarill
|
|
|switch|p1a: Latios|Latios, M|302\/302
|turn|6
|
|switch|p2a: Clefable|Clefable, M|394\/394
|move|p1a: Latios|Psyshock|p2a: Clefable
|-damage|p2a: Clefable|265\/394
|
|-heal|p2a: Clefable|289\/394|[from] item: Leftovers
|turn|7
|
|switch|p1a: Scizor|Scizor, M|344\/344
|move|p2a: Clefable|Flamethrower|p1a: Scizor
|-supereffective|p1a: Scizor
|-damage|p1a: Scizor|0 fnt
|faint|p1a: Scizor
|
|-heal|p2a: Clefable|313\/394|[from] item: Leftovers
|
|switch|p1a: Volcarona|Volcarona, F|312\/312
|turn|8
|
|switch|p2a: Pidgeot|Pidgeot, M|307\/307
|move|p1a: Volcarona|Fiery Dance|p2a: Pidgeot
|-damage|p2a: Pidgeot|103\/307
|
|turn|9
|
|switch|p1a: Cresselia|Cresselia, F|444\/444
|detailschange|p2a: Pidgeot|Pidgeot-Mega, M
|-mega|p2a: Pidgeot|Pidgeot|Pidgeotite
|move|p2a: Pidgeot|Hurricane|p1a: Cresselia
|-damage|p1a: Cresselia|300\/444
|-start|p1a: Cresselia|confusion
|
|-heal|p1a: Cresselia|327\/444|[from] item: Leftovers
|turn|10
|
|switch|p1a: Landorus-Therian|Landorus-Therian, M|320\/320
|-ability|p1a: Landorus-Therian|Intimidate|[of] p2a: Pidgeot
|-unboost|p2a: Pidgeot|atk|1
|move|p2a: Pidgeot|U-turn|p1a: Landorus-Therian
|-crit|p1a: Landorus-Therian
|-resisted|p1a: Landorus-Therian
|-damage|p1a: Landorus-Therian|287\/320
|
|switch|p2a: Raikou|Raikou|322\/322
|-ability|p2a: Raikou|Pressure
|
|turn|11
|
|switch|p1a: Volcarona|Volcarona, F|312\/312
|move|p2a: Raikou|Hidden Power|p1a: Volcarona
|-resisted|p1a: Volcarona
|-damage|p1a: Volcarona|261\/312
|
|turn|12
|
|switch|p2a: Terrakion|Terrakion|1\/323
|move|p1a: Volcarona|Fiery Dance|p2a: Terrakion
|-resisted|p2a: Terrakion
|-damage|p2a: Terrakion|0 fnt
|-boost|p1a: Volcarona|spa|1
|faint|p2a: Terrakion
|
|
|switch|p2a: Pidgeot|Pidgeot-Mega, M|103\/307
|turn|13
|
|switch|p1a: Landorus-Therian|Landorus-Therian, M|287\/320
|-ability|p1a: Landorus-Therian|Intimidate|[of] p2a: Pidgeot
|-unboost|p2a: Pidgeot|atk|1
|move|p2a: Pidgeot|Hurricane|p1a: Landorus-Therian
|-damage|p1a: Landorus-Therian|41\/320
|-start|p1a: Landorus-Therian|confusion
|
|turn|14
|
|switch|p1a: Cresselia|Cresselia, F|327\/444
|switch|p2a: Diggersby|Diggersby, F|311\/311
|
|-heal|p1a: Cresselia|354\/444|[from] item: Leftovers
|turn|15
|
|move|p2a: Diggersby|Knock Off|p1a: Cresselia
|-supereffective|p1a: Cresselia
|-damage|p1a: Cresselia|160\/444
|-enditem|p1a: Cresselia|Leftovers|[from] move: Knock Off|[of] p2a: Diggersby
|move|p1a: Cresselia|Toxic|p2a: Diggersby
|-status|p2a: Diggersby|tox
|
|-damage|p2a: Diggersby|292\/311 tox|[from] psn
|turn|16
|
|switch|p2a: Clefable|Clefable, M|313\/394
|move|p1a: Cresselia|Moonlight|p1a: Cresselia
|-heal|p1a: Cresselia|382\/444
|
|-heal|p2a: Clefable|337\/394|[from] item: Leftovers
|turn|17
|
|switch|p1a: Volcarona|Volcarona, F|261\/312
|move|p2a: Clefable|Calm Mind|p2a: Clefable
|-boost|p2a: Clefable|spa|1
|-boost|p2a: Clefable|spd|1
|
|-heal|p2a: Clefable|361\/394|[from] item: Leftovers
|turn|18
|
|move|p1a: Volcarona|Quiver Dance|p1a: Volcarona
|-boost|p1a: Volcarona|spa|1
|-boost|p1a: Volcarona|spd|1
|-boost|p1a: Volcarona|spe|1
|move|p2a: Clefable|Calm Mind|p2a: Clefable
|-boost|p2a: Clefable|spa|1
|-boost|p2a: Clefable|spd|1
|
|-heal|p2a: Clefable|385\/394|[from] item: Leftovers
|turn|19
|
|move|p1a: Volcarona|Quiver Dance|p1a: Volcarona
|-boost|p1a: Volcarona|spa|1
|-boost|p1a: Volcarona|spd|1
|-boost|p1a: Volcarona|spe|1
|move|p2a: Clefable|Moonblast|p1a: Volcarona
|-resisted|p1a: Volcarona
|-damage|p1a: Volcarona|214\/312
|
|-heal|p2a: Clefable|394\/394|[from] item: Leftovers
|turn|20
|
|move|p1a: Volcarona|Fiery Dance|p2a: Clefable
|-damage|p2a: Clefable|208\/394
|-boost|p1a: Volcarona|spa|1
|move|p2a: Clefable|Calm Mind|p2a: Clefable
|-boost|p2a: Clefable|spa|1
|-boost|p2a: Clefable|spd|1
|
|-heal|p2a: Clefable|232\/394|[from] item: Leftovers
|turn|21
|
|move|p1a: Volcarona|Fiery Dance|p2a: Clefable
|-damage|p2a: Clefable|48\/394
|move|p2a: Clefable|Soft-Boiled|p2a: Clefable
|-heal|p2a: Clefable|245\/394
|
|-heal|p2a: Clefable|269\/394|[from] item: Leftovers
|turn|22
|
|move|p1a: Volcarona|Fiery Dance|p2a: Clefable
|-damage|p2a: Clefable|95\/394
|move|p2a: Clefable|Soft-Boiled|p2a: Clefable
|-heal|p2a: Clefable|292\/394
|
|-heal|p2a: Clefable|316\/394|[from] item: Leftovers
|turn|23
|
|move|p1a: Volcarona|Fiery Dance|p2a: Clefable
|-damage|p2a: Clefable|145\/394
|move|p2a: Clefable|Soft-Boiled|p2a: Clefable
|-heal|p2a: Clefable|342\/394
|
|-heal|p2a: Clefable|366\/394|[from] item: Leftovers
|turn|24
|
|move|p1a: Volcarona|Fiery Dance|p2a: Clefable
|-damage|p2a: Clefable|186\/394
|move|p2a: Clefable|Moonblast|p1a: Volcarona
|-crit|p1a: Volcarona
|-resisted|p1a: Volcarona
|-damage|p1a: Volcarona|17\/312
|
|-heal|p2a: Clefable|210\/394|[from] item: Leftovers
|turn|25
|
|move|p1a: Volcarona|Fiery Dance|p2a: Clefable
|-damage|p2a: Clefable|39\/394
|-boost|p1a: Volcarona|spa|1
|move|p2a: Clefable|Moonblast|p1a: Volcarona
|-resisted|p1a: Volcarona
|-damage|p1a: Volcarona|0 fnt
|faint|p1a: Volcarona
|
|-heal|p2a: Clefable|63\/394|[from] item: Leftovers
|
|switch|p1a: Latios|Latios, M|302\/302
|turn|26
|
|move|p1a: Latios|Psyshock|p2a: Clefable
|-damage|p2a: Clefable|0 fnt
|faint|p2a: Clefable
|
|
|switch|p2a: Diggersby|Diggersby, F|292\/311 tox
|turn|27
|
|switch|p1a: Cresselia|Cresselia, F|382\/444
|move|p2a: Diggersby|Knock Off|p1a: Cresselia
|-supereffective|p1a: Cresselia
|-damage|p1a: Cresselia|244\/444
|
|-damage|p2a: Diggersby|273\/311 tox|[from] psn
|turn|28
|
|switch|p2a: Raikou|Raikou|322\/322
|-ability|p2a: Raikou|Pressure
|move|p1a: Cresselia|Moonlight|p1a: Cresselia
|-heal|p1a: Cresselia|444\/444
|
|turn|29
|
|move|p2a: Raikou|Shadow Ball|p1a: Cresselia
|-supereffective|p1a: Cresselia
|-damage|p1a: Cresselia|232\/444
|move|p1a: Cresselia|Toxic|p2a: Raikou
|-status|p2a: Raikou|tox
|
|-damage|p2a: Raikou|302\/322 tox|[from] psn
|turn|30
|
|move|p2a: Raikou|Shadow Ball|p1a: Cresselia
|-supereffective|p1a: Cresselia
|-damage|p1a: Cresselia|20\/444
|move|p1a: Cresselia|Moonlight|p1a: Cresselia
|-heal|p1a: Cresselia|242\/444
|
|-damage|p2a: Raikou|262\/322 tox|[from] psn
|turn|31
|
|move|p2a: Raikou|Shadow Ball|p1a: Cresselia
|-supereffective|p1a: Cresselia
|-damage|p1a: Cresselia|24\/444
|move|p1a: Cresselia|Lunar Dance|p1a: Cresselia
|faint|p1a: Cresselia
|
|-damage|p2a: Raikou|202\/322 tox|[from] psn
|
|switch|p1a: Landorus-Therian|Landorus-Therian, M|41\/320
|-heal|p1a: Landorus-Therian|320\/320|[from] move: Lunar Dance
|-ability|p1a: Landorus-Therian|Intimidate|[of] p2a: Raikou
|-unboost|p2a: Raikou|atk|1
|turn|32
|
|switch|p2a: Pidgeot|Pidgeot-Mega, M|103\/307
|move|p1a: Landorus-Therian|Superpower|p2a: Pidgeot
|-damage|p2a: Pidgeot|0 fnt
|-unboost|p1a: Landorus-Therian|atk|1
|-unboost|p1a: Landorus-Therian|def|1
|faint|p2a: Pidgeot
|
|
|switch|p2a: Raikou|Raikou|202\/322 tox
|-ability|p2a: Raikou|Pressure
|turn|33
|
|switch|p1a: Latios|Latios, M|302\/302
|move|p2a: Raikou|Hidden Power|p1a: Latios
|-supereffective|p1a: Latios
|-damage|p1a: Latios|130\/302
|
|-damage|p2a: Raikou|182\/322 tox|[from] psn
|turn|34
|
|move|p2a: Raikou|Hidden Power|p1a: Latios
|-supereffective|p1a: Latios
|-damage|p1a: Latios|0 fnt
|faint|p1a: Latios
|
|-damage|p2a: Raikou|142\/322 tox|[from] psn
|
|switch|p1a: Landorus-Therian|Landorus-Therian, M|320\/320
|-ability|p1a: Landorus-Therian|Intimidate|[of] p2a: Raikou
|-unboost|p2a: Raikou|atk|1
|turn|35
|
|move|p1a: Landorus-Therian|Earthquake|p2a: Raikou
|-supereffective|p2a: Raikou
|-damage|p2a: Raikou|0 fnt
|faint|p2a: Raikou
|
|
|switch|p2a: Diggersby|Diggersby, F|273\/311 tox
|turn|36
|
|move|p1a: Landorus-Therian|Earthquake|p2a: Diggersby
|-damage|p2a: Diggersby|26\/311 tox
|move|p2a: Diggersby|Return|p1a: Landorus-Therian
|-crit|p1a: Landorus-Therian
|-damage|p1a: Landorus-Therian|0 fnt
|faint|p1a: Landorus-Therian
|
|win|backpackers
|raw|Ladder updating...
|raw|Caralhu's rating: 1546 &rarr; <strong>1523<\/strong><br \/>(-23 for losing)
|raw|backpackers's rating: 1488 &rarr; <strong>1511<\/strong><br \/>(+23 for winning)
|leave|Caralhu
|player|p1