|join|Caralhu
|join|NagariHO
|player|p1|Caralhu|1
|player|p2|NagariHO|192
|gametype|singles
|gen|6
|tier|OU
|rated
|clearpoke
|poke|p1|Azumarill, M
|poke|p1|Scizor, M
|poke|p1|Cresselia, F
|poke|p1|Latios, M
|poke|p1|Landorus-Therian, M
|poke|p1|Volcarona, F
|poke|p2|Serperior, F, shiny
|poke|p2|Rhyperior, F, shiny
|poke|p2|Keldeo-Resolute
|poke|p2|Charizard, M
|poke|p2|Mandibuzz, F
|poke|p2|Jirachi
|rule|Swagger Clause: Swagger is banned
|rule|Baton Pass Clause: Limit one PokÃ©mon knowing Baton Pass
|rule|Sleep Clause Mod: Limit one foe put to sleep
|rule|Species Clause: Limit one of each PokÃ©mon
|rule|OHKO Clause: OHKO moves are banned
|rule|Moody Clause: Moody is banned
|rule|Evasion Moves Clause: Evasion moves are banned
|rule|Endless Battle Clause: Forcing endless battles is banned
|rule|HP Percentage Mod: HP is shown in percentages
|teampreview
|
|start
|switch|p1a: Landorus-Therian|Landorus-Therian, M|320\/320
|switch|p2a: Keldi|Keldeo-Resolute|323\/323
|-ability|p1a: Landorus-Therian|Intimidate|[of] p2a: Keldi
|-unboost|p2a: Keldi|atk|1
|turn|1
|
|switch|p1a: Latios|Latios, M|302\/302
|move|p2a: Keldi|Hydro Pump|p1a: Latios
|-resisted|p1a: Latios
|-damage|p1a: Latios|213\/302
|
|turn|2
|
|switch|p2a: Jirachi|Jirachi|404\/404
|switch|p1a: Scizor|Scizor, M|344\/344
|
|turn|3
|
|detailschange|p1a: Scizor|Scizor-Mega, M
|-mega|p1a: Scizor|Scizor|Scizorite
|move|p2a: Jirachi|Stealth Rock|p1a: Scizor
|-sidestart|p1: Caralhu|move: Stealth Rock
|move|p1a: Scizor|Pursuit|p2a: Jirachi
|-supereffective|p2a: Jirachi
|-damage|p2a: Jirachi|224\/404
|
|-heal|p2a: Jirachi|249\/404|[from] item: Leftovers
|turn|4
|
|move|p2a: Jirachi|Wish|p2a: Jirachi
|move|p1a: Scizor|Swords Dance|p1a: Scizor
|-boost|p1a: Scizor|atk|2
|
|-heal|p2a: Jirachi|274\/404|[from] item: Leftovers
|turn|5
|c|âNagariHO|i see how it is
|
|move|p2a: Jirachi|Iron Head|p1a: Scizor
|-resisted|p1a: Scizor
|-damage|p1a: Scizor|308\/344
|move|p1a: Scizor|Pursuit|p2a: Jirachi
|-supereffective|p2a: Jirachi
|-damage|p2a: Jirachi|0 fnt
|faint|p2a: Jirachi
|
|
|switch|p2a: Zard X|Charizard, M|315\/315
|turn|6
|
|switch|p1a: Latios|Latios, M|213\/302
|-damage|p1a: Latios|176\/302|[from] Stealth Rock
|detailschange|p2a: Zard X|Charizard-Mega-X, M
|-mega|p2a: Zard X|Charizard|Charizardite X
|move|p2a: Zard X|Dragon Dance|p2a: Zard X
|-boost|p2a: Zard X|atk|1
|-boost|p2a: Zard X|spe|1
|
|turn|7
|
|switch|p1a: Azumarill|Azumarill, M|404\/404
|-damage|p1a: Azumarill|354\/404|[from] Stealth Rock
|move|p2a: Zard X|Dragon Claw|p1a: Azumarill
|-immune|p1a: Azumarill|[msg]
|
|turn|8
|c|âNagariHO|im zard x
|
|switch|p2a: Superior Serp|Serperior, F, shiny|292\/292
|move|p1a: Azumarill|Play Rough|p2a: Superior Serp
|-damage|p2a: Superior Serp|97\/292
|
|turn|9
|
|switch|p1a: Cresselia|Cresselia, F|444\/444
|-damage|p1a: Cresselia|389\/444|[from] Stealth Rock
|move|p2a: Superior Serp|Leaf Storm|p1a: Cresselia
|-damage|p1a: Cresselia|241\/444
|-boost|p2a: Superior Serp|spa|2
|-damage|p2a: Superior Serp|68\/292|[from] item: Life Orb
|
|-heal|p1a: Cresselia|268\/444|[from] item: Leftovers
|turn|10
|
|move|p2a: Superior Serp|Leaf Storm|p1a: Cresselia
|-damage|p1a: Cresselia|0 fnt
|-boost|p2a: Superior Serp|spa|2
|-damage|p2a: Superior Serp|39\/292|[from] item: Life Orb
|faint|p1a: Cresselia
|
|c|âNagariHO|what's a cress?
|
|switch|p1a: Landorus-Therian|Landorus-Therian, M|320\/320
|-damage|p1a: Landorus-Therian|280\/320|[from] Stealth Rock
|-ability|p1a: Landorus-Therian|Intimidate|[of] p2a: Superior Serp
|-boost|p2a: Superior Serp|atk|1
|turn|11
|
|switch|p2a: Keldi|Keldeo-Resolute|323\/323
|move|p1a: Landorus-Therian|U-turn|p2a: Keldi
|-resisted|p2a: Keldi
|-damage|p2a: Keldi|268\/323
|
|switch|p1a: Azumarill|Azumarill, M|354\/404
|-damage|p1a: Azumarill|304\/404|[from] Stealth Rock
|
|turn|12
|
|move|p2a: Keldi|Hidden Power|p1a: Azumarill
|-supereffective|p1a: Azumarill
|-damage|p1a: Azumarill|128\/404
|-enditem|p1a: Azumarill|Sitrus Berry|[eat]
|-heal|p1a: Azumarill|229\/404|[from] item: Sitrus Berry
|move|p1a: Azumarill|Belly Drum|p1a: Azumarill
|-damage|p1a: Azumarill|27\/404
|-setboost|p1a: Azumarill|atk|6|[from] move: Belly Drum
|
|turn|13
|
|move|p1a: Azumarill|Aqua Jet|p2a: Keldi
|-resisted|p2a: Keldi
|-damage|p2a: Keldi|94\/323
|move|p2a: Keldi|Hidden Power|p1a: Azumarill
|-supereffective|p1a: Azumarill
|-damage|p1a: Azumarill|0 fnt
|faint|p1a: Azumarill
|
|
|switch|p1a: Latios|Latios, M|176\/302
|-damage|p1a: Latios|139\/302|[from] Stealth Rock
|turn|14
|
|move|p2a: Keldi|Hidden Power|p1a: Latios
|-resisted|p1a: Latios
|-damage|p1a: Latios|105\/302
|move|p1a: Latios|Psyshock|p2a: Keldi
|-supereffective|p2a: Keldi
|-damage|p2a: Keldi|0 fnt
|faint|p2a: Keldi
|
|
|switch|p2a: Monsieur Mandi|Mandibuzz, F|424\/424
|turn|15
|
|switch|p1a: Volcarona|Volcarona, F|312\/312
|-damage|p1a: Volcarona|156\/312|[from] Stealth Rock
|move|p2a: Monsieur Mandi|Toxic|p1a: Volcarona
|-status|p1a: Volcarona|tox
|-enditem|p1a: Volcarona|Lum Berry|[eat]
|-curestatus|p1a: Volcarona|tox
|
|turn|16
|
|move|p1a: Volcarona|Fiery Dance|p2a: Monsieur Mandi
|-damage|p2a: Monsieur Mandi|249\/424
|move|p2a: Monsieur Mandi|Toxic|p1a: Volcarona
|-status|p1a: Volcarona|tox
|
|-heal|p2a: Monsieur Mandi|275\/424|[from] item: Leftovers
|-damage|p1a: Volcarona|137\/312 tox|[from] psn
|turn|17
|
|switch|p2a: Zard X|Charizard-Mega-X, M|315\/315
|move|p1a: Volcarona|Fiery Dance|p2a: Zard X
|-resisted|p2a: Zard X
|-damage|p2a: Zard X|265\/315
|
|-damage|p1a: Volcarona|99\/312 tox|[from] psn
|turn|18
|
|switch|p1a: Landorus-Therian|Landorus-Therian, M|280\/320
|-damage|p1a: Landorus-Therian|240\/320|[from] Stealth Rock
|-ability|p1a: Landorus-Therian|Intimidate|[of] p2a: Zard X
|-unboost|p2a: Zard X|atk|1
|move|p2a: Zard X|Dragon Dance|p2a: Zard X
|-boost|p2a: Zard X|atk|1
|-boost|p2a: Zard X|spe|1
|
|turn|19
|
|move|p2a: Zard X|Flare Blitz|p1a: Landorus-Therian
|-damage|p1a: Landorus-Therian|0 fnt
|-damage|p2a: Zard X|186\/315|[from] recoil|[of] p1a: Landorus-Therian
|faint|p1a: Landorus-Therian
|
|c|âNagariHO|is this the check?
|
|switch|p1a: Scizor|Scizor-Mega, M|308\/344
|-damage|p1a: Scizor|265\/344|[from] Stealth Rock
|turn|20
|
|move|p1a: Scizor|Bullet Punch|p2a: Zard X
|-resisted|p2a: Zard X
|-damage|p2a: Zard X|121\/315
|move|p2a: Zard X|Flare Blitz|p1a: Scizor
|-supereffective|p1a: Scizor
|-damage|p1a: Scizor|0 fnt
|-damage|p2a: Zard X|34\/315|[from] recoil|[of] p1a: Scizor
|faint|p1a: Scizor
|
|-message|Caralhu forfeited.
|leave|Caralhu
|
|switch|p1a: Latios|Latios, M|105\/302
|-damage|p1a: Latios|68\/302|[from] Stealth Rock
|turn|21
|
|win|NagariHO
|raw|Ladder updating...
|player|p1
|raw|Caralhu's rating: 1600 &rarr; <strong>1575<\/strong><br \/>(-25 for losing)
|raw|NagariHO's rating: 1506 &rarr; <strong>1531<\/strong><br \/>(+25 for winning)