|join|Caralhu
|join|pokejox
|player|p1|Caralhu|1
|player|p2|pokejox|129
|gametype|singles
|gen|6
|tier|OU (suspect test)
|rated
|clearpoke
|poke|p1|Azumarill, M
|poke|p1|Scizor, M
|poke|p1|Cresselia, F
|poke|p1|Latios, M
|poke|p1|Landorus-Therian, M
|poke|p1|Volcarona, F
|poke|p2|Metagross
|poke|p2|Latias, F
|poke|p2|Heatran, F
|poke|p2|Landorus-Therian, M
|poke|p2|Azumarill, M
|poke|p2|Keldeo
|rule|Swagger Clause: Swagger is banned
|rule|Baton Pass Clause: Limit one PokÃ©mon knowing Baton Pass
|rule|Sleep Clause Mod: Limit one foe put to sleep
|rule|Species Clause: Limit one of each PokÃ©mon
|rule|OHKO Clause: OHKO moves are banned
|rule|Moody Clause: Moody is banned
|rule|Evasion Moves Clause: Evasion moves are banned
|rule|Endless Battle Clause: Forcing endless battles is banned
|rule|HP Percentage Mod: HP is shown in percentages
|teampreview
|
|start
|switch|p1a: Latios|Latios, M|302\/302
|switch|p2a: Landorus-Therian|Landorus-Therian, M|319\/319
|-ability|p2a: Landorus-Therian|Intimidate|[of] p1a: Latios
|-unboost|p1a: Latios|atk|1
|turn|1
|
|switch|p1a: Scizor|Scizor, M|344\/344
|move|p2a: Landorus-Therian|U-turn|p1a: Scizor
|-resisted|p1a: Scizor
|-damage|p1a: Scizor|297\/344
|
|switch|p2a: Heatran|Heatran, F|379\/379
|
|turn|2
|
|detailschange|p1a: Scizor|Scizor-Mega, M
|-mega|p1a: Scizor|Scizor|Scizorite
|move|p2a: Heatran|Stealth Rock|p1a: Scizor
|-sidestart|p1: Caralhu|move: Stealth Rock
|move|p1a: Scizor|Defog|p2a: Heatran
|-unboost|p2a: Heatran|evasion|1
|-sideend|p1: Caralhu|Stealth Rock|[from] move: Defog|[of] p1a: Scizor
|
|turn|3
|
|switch|p1a: Latios|Latios, M|302\/302
|move|p2a: Heatran|Fire Blast|p1a: Latios
|-resisted|p1a: Latios
|-damage|p1a: Latios|211\/302
|
|turn|4
|
|move|p1a: Latios|Surf|p2a: Heatran
|-supereffective|p2a: Heatran
|-damage|p2a: Heatran|135\/379
|-damage|p1a: Latios|181\/302|[from] item: Life Orb
|move|p2a: Heatran|Stealth Rock|p1a: Latios
|-sidestart|p1: Caralhu|move: Stealth Rock
|
|-heal|p2a: Heatran|158\/379|[from] item: Leftovers
|turn|5
|
|switch|p2a: Azumarill|Azumarill, M|403\/403
|move|p1a: Latios|Psyshock|p2a: Azumarill
|-damage|p2a: Azumarill|168\/403
|-damage|p1a: Latios|151\/302|[from] item: Life Orb
|
|turn|6
|c|âpokejox|the plays :(
|
|move|p1a: Latios|Hidden Power|p2a: Azumarill
|-resisted|p2a: Azumarill
|-damage|p2a: Azumarill|130\/403
|-damage|p1a: Latios|121\/302|[from] item: Life Orb
|move|p2a: Azumarill|Waterfall|p1a: Latios
|-resisted|p1a: Latios
|-damage|p1a: Latios|11\/302
|
|turn|7
|
|switch|p1a: Azumarill|Azumarill, M|404\/404
|-damage|p1a: Azumarill|354\/404|[from] Stealth Rock
|move|p2a: Azumarill|Aqua Jet|p1a: Azumarill
|-crit|p1a: Azumarill
|-resisted|p1a: Azumarill
|-damage|p1a: Azumarill|272\/404
|
|turn|8
|
|move|p2a: Azumarill|Play Rough|p1a: Azumarill
|-damage|p1a: Azumarill|49\/404
|-enditem|p1a: Azumarill|Sitrus Berry|[eat]
|-heal|p1a: Azumarill|150\/404|[from] item: Sitrus Berry
|move|p1a: Azumarill|Body Slam|p2a: Azumarill
|-damage|p2a: Azumarill|0 fnt
|faint|p2a: Azumarill
|
|
|switch|p2a: Metagross|Metagross|345\/345
|turn|9
|
|switch|p1a: Cresselia|Cresselia, F|444\/444
|-damage|p1a: Cresselia|389\/444|[from] Stealth Rock
|detailschange|p2a: Metagross|Metagross-Mega
|-mega|p2a: Metagross|Metagross|Metagrossite
|move|p2a: Metagross|Meteor Mash|p1a: Cresselia
|-damage|p1a: Cresselia|224\/444
|
|-heal|p1a: Cresselia|251\/444|[from] item: Leftovers
|turn|10
|
|move|p2a: Metagross|Meteor Mash|p1a: Cresselia
|-damage|p1a: Cresselia|77\/444
|move|p1a: Cresselia|Thunder Wave|p2a: Metagross
|-status|p2a: Metagross|par
|
|-heal|p1a: Cresselia|104\/444|[from] item: Leftovers
|turn|11
|
|switch|p2a: Landorus-Therian|Landorus-Therian, M|319\/319
|-ability|p2a: Landorus-Therian|Intimidate|[of] p1a: Cresselia
|-unboost|p1a: Cresselia|atk|1
|move|p1a: Cresselia|Moonlight|p1a: Cresselia
|-heal|p1a: Cresselia|326\/444
|
|-heal|p1a: Cresselia|353\/444|[from] item: Leftovers
|turn|12
|
|move|p2a: Landorus-Therian|U-turn|p1a: Cresselia
|-supereffective|p1a: Cresselia
|-damage|p1a: Cresselia|215\/444
|
|switch|p2a: Metagross|Metagross-Mega|345\/345 par
|move|p1a: Cresselia|Thunder Wave|p2a: Metagross
|-fail|p2a: Metagross|par
|
|-heal|p1a: Cresselia|242\/444|[from] item: Leftovers
|turn|13
|
|move|p1a: Cresselia|Moonlight|p1a: Cresselia
|-heal|p1a: Cresselia|444\/444
|move|p2a: Metagross|Meteor Mash|p1a: Cresselia
|-damage|p1a: Cresselia|284\/444
|
|-heal|p1a: Cresselia|311\/444|[from] item: Leftovers
|turn|14
|
|switch|p1a: Scizor|Scizor-Mega, M|297\/344
|-damage|p1a: Scizor|254\/344|[from] Stealth Rock
|switch|p2a: Landorus-Therian|Landorus-Therian, M|319\/319
|-ability|p2a: Landorus-Therian|Intimidate|[of] p1a: Scizor
|-unboost|p1a: Scizor|atk|1
|
|turn|15
|
|move|p2a: Landorus-Therian|U-turn|p1a: Scizor
|-resisted|p1a: Scizor
|-damage|p1a: Scizor|219\/344
|
|switch|p2a: Heatran|Heatran, F|158\/379
|move|p1a: Scizor|Defog|p2a: Heatran
|-unboost|p2a: Heatran|evasion|1
|-sideend|p1: Caralhu|Stealth Rock|[from] move: Defog|[of] p1a: Scizor
|
|-heal|p2a: Heatran|181\/379|[from] item: Leftovers
|turn|16
|
|switch|p1a: Cresselia|Cresselia, F|311\/444
|move|p2a: Heatran|Fire Blast|p1a: Cresselia|[miss]
|-miss|p2a: Heatran|p1a: Cresselia
|
|-heal|p1a: Cresselia|338\/444|[from] item: Leftovers
|-heal|p2a: Heatran|204\/379|[from] item: Leftovers
|turn|17
|
|switch|p2a: Metagross|Metagross-Mega|345\/345 par
|move|p1a: Cresselia|Thunder Wave|p2a: Metagross
|-fail|p2a: Metagross|par
|
|-heal|p1a: Cresselia|365\/444|[from] item: Leftovers
|turn|18
|
|switch|p1a: Scizor|Scizor-Mega, M|219\/344
|move|p2a: Metagross|Meteor Mash|p1a: Scizor
|-resisted|p1a: Scizor
|-damage|p1a: Scizor|126\/344
|
|turn|19
|
|move|p1a: Scizor|Pursuit|p2a: Metagross|[from]Pursuit
|-supereffective|p2a: Metagross
|-damage|p2a: Metagross|177\/345 par
|switch|p2a: Landorus-Therian|Landorus-Therian, M|319\/319
|-ability|p2a: Landorus-Therian|Intimidate|[of] p1a: Scizor
|-unboost|p1a: Scizor|atk|1
|
|turn|20
|
|switch|p1a: Landorus-Therian|Landorus-Therian, M|320\/320
|-ability|p1a: Landorus-Therian|Intimidate|[of] p2a: Landorus-Therian
|-unboost|p2a: Landorus-Therian|atk|1
|move|p2a: Landorus-Therian|U-turn|p1a: Landorus-Therian
|-resisted|p1a: Landorus-Therian
|-damage|p1a: Landorus-Therian|283\/320
|
|switch|p2a: Keldeo|Keldeo|323\/323
|
|turn|21
|
|move|p1a: Landorus-Therian|U-turn|p2a: Keldeo
|-resisted|p2a: Keldeo
|-damage|p2a: Keldeo|269\/323
|
|switch|p1a: Cresselia|Cresselia, F|365\/444
|move|p2a: Keldeo|Hydro Pump|p1a: Cresselia
|-damage|p1a: Cresselia|145\/444
|
|-heal|p1a: Cresselia|172\/444|[from] item: Leftovers
|turn|22
|
|move|p2a: Keldeo|Hydro Pump|p1a: Cresselia
|-damage|p1a: Cresselia|0 fnt
|faint|p1a: Cresselia
|
|
|switch|p1a: Latios|Latios, M|11\/302
|turn|23
|
|switch|p2a: Metagross|Metagross-Mega|177\/345 par
|move|p1a: Latios|Draco Meteor|p2a: Metagross
|-resisted|p2a: Metagross
|-damage|p2a: Metagross|41\/345 par
|-unboost|p1a: Latios|spa|2
|-damage|p1a: Latios|0 fnt|[from] item: Life Orb
|faint|p1a: Latios
|
|
|switch|p1a: Landorus-Therian|Landorus-Therian, M|283\/320
|-ability|p1a: Landorus-Therian|Intimidate|[of] p2a: Metagross
|-unboost|p2a: Metagross|atk|1
|turn|24
|
|move|p1a: Landorus-Therian|U-turn|p2a: Metagross
|-damage|p2a: Metagross|0 fnt
|faint|p2a: Metagross
|
|switch|p1a: Azumarill|Azumarill, M|150\/404
|
|
|switch|p2a: Latias|Latias, F|301\/301
|turn|25
|
|switch|p2a: Heatran|Heatran, F|204\/379
|switch|p1a: Scizor|Scizor-Mega, M|126\/344
|
|-heal|p2a: Heatran|227\/379|[from] item: Leftovers
|turn|26
|
|switch|p1a: Azumarill|Azumarill, M|150\/404
|move|p2a: Heatran|Fire Blast|p1a: Azumarill
|-resisted|p1a: Azumarill
|-damage|p1a: Azumarill|21\/404
|
|-heal|p2a: Heatran|250\/379|[from] item: Leftovers
|turn|27
|
|move|p1a: Azumarill|Aqua Jet|p2a: Heatran
|-supereffective|p2a: Heatran
|-damage|p2a: Heatran|98\/379
|move|p2a: Heatran|Earth Power|p1a: Azumarill
|-damage|p1a: Azumarill|0 fnt
|faint|p1a: Azumarill
|
|-heal|p2a: Heatran|121\/379|[from] item: Leftovers
|
|switch|p1a: Landorus-Therian|Landorus-Therian, M|283\/320
|-ability|p1a: Landorus-Therian|Intimidate|[of] p2a: Heatran
|-unboost|p2a: Heatran|atk|1
|turn|28
|
|move|p1a: Landorus-Therian|Superpower|p2a: Heatran
|-supereffective|p2a: Heatran
|-damage|p2a: Heatran|0 fnt
|-unboost|p1a: Landorus-Therian|atk|1
|-unboost|p1a: Landorus-Therian|def|1
|faint|p2a: Heatran
|
|
|switch|p2a: Landorus-Therian|Landorus-Therian, M|319\/319
|-ability|p2a: Landorus-Therian|Intimidate|[of] p1a: Landorus-Therian
|-unboost|p1a: Landorus-Therian|atk|1
|turn|29
|
|switch|p1a: Scizor|Scizor-Mega, M|126\/344
|move|p2a: Landorus-Therian|Earthquake|p1a: Scizor
|-damage|p1a: Scizor|0 fnt
|faint|p1a: Scizor
|
|
|switch|p1a: Landorus-Therian|Landorus-Therian, M|283\/320
|-ability|p1a: Landorus-Therian|Intimidate|[of] p2a: Landorus-Therian
|-unboost|p2a: Landorus-Therian|atk|1
|turn|30
|
|move|p1a: Landorus-Therian|U-turn|p2a: Landorus-Therian
|-resisted|p2a: Landorus-Therian
|-damage|p2a: Landorus-Therian|262\/319
|
|switch|p1a: Volcarona|Volcarona, F|312\/312
|move|p2a: Landorus-Therian|Earthquake|p1a: Volcarona
|-damage|p1a: Volcarona|122\/312
|
|turn|31
|
|switch|p1a: Landorus-Therian|Landorus-Therian, M|283\/320
|-ability|p1a: Landorus-Therian|Intimidate|[of] p2a: Landorus-Therian
|-unboost|p2a: Landorus-Therian|atk|1
|move|p2a: Landorus-Therian|Earthquake|p1a: Landorus-Therian
|-immune|p1a: Landorus-Therian|[msg]
|
|turn|32
|
|switch|p2a: Latias|Latias, F|301\/301
|move|p1a: Landorus-Therian|Rock Slide|p2a: Latias
|-damage|p2a: Latias|182\/301
|
|turn|33
|
|move|p1a: Landorus-Therian|Rock Slide|p2a: Latias
|-damage|p2a: Latias|67\/301
|move|p2a: Latias|Psychic|p1a: Landorus-Therian
|-damage|p1a: Landorus-Therian|48\/320
|-damage|p2a: Latias|37\/301|[from] item: Life Orb
|
|turn|34
|
|move|p1a: Landorus-Therian|Rock Slide|p2a: Latias
|-damage|p2a: Latias|0 fnt
|faint|p2a: Latias
|
|
|switch|p2a: Keldeo|Keldeo|269\/323
|turn|35
|
|move|p1a: Landorus-Therian|Rock Slide|p2a: Keldeo
|-resisted|p2a: Keldeo
|-damage|p2a: Keldeo|210\/323
|move|p2a: Keldeo|Scald|p1a: Landorus-Therian
|-supereffective|p1a: Landorus-Therian
|-damage|p1a: Landorus-Therian|0 fnt
|faint|p1a: Landorus-Therian
|
|
|switch|p1a: Volcarona|Volcarona, F|122\/312
|turn|36
|
|move|p2a: Keldeo|Scald|p1a: Volcarona
|-supereffective|p1a: Volcarona
|-damage|p1a: Volcarona|0 fnt
|faint|p1a: Volcarona
|
|win|pokejox
|raw|Ladder updating...
|raw|Caralhu's rating: 1337 &rarr; <strong>1314<\/strong><br \/>(-23 for losing)
|raw|pokejox's rating: 1275 &rarr; <strong>1304<\/strong><br \/>(+29 for winning)
|leave|Caralhu
|player|p1