|join|ZeroHKO
|join|Bl4ckAlex2
|player|p1|ZeroHKO|169
|player|p2|Bl4ckAlex2|99
|gametype|singles
|gen|6
|tier|OU
|rated
|clearpoke
|poke|p1|Klefki, M, shiny
|poke|p1|Tangrowth, M, shiny
|poke|p1|Charizard, M, shiny
|poke|p1|Thundurus, M, shiny
|poke|p1|Landorus-Therian, M, shiny
|poke|p1|Starmie, shiny
|poke|p2|Medicham, F
|poke|p2|Rotom-Wash
|poke|p2|Sylveon, M, shiny
|poke|p2|Galvantula, M
|poke|p2|Bisharp, M, shiny
|poke|p2|Scizor, F
|rule|Swagger Clause: Swagger is banned
|rule|Baton Pass Clause: Limit one PokÃ©mon knowing Baton Pass
|rule|Sleep Clause Mod: Limit one foe put to sleep
|rule|Species Clause: Limit one of each PokÃ©mon
|rule|OHKO Clause: OHKO moves are banned
|rule|Moody Clause: Moody is banned
|rule|Evasion Moves Clause: Evasion moves are banned
|rule|Endless Battle Clause: Forcing endless battles is banned
|rule|HP Percentage Mod: HP is shown in percentages
|teampreview
|
|start
|switch|p1a: Charizard|Charizard, M, shiny|309\/309
|switch|p2a: Rotom-Wash|Rotom-Wash|304\/304
|turn|1
|
|detailschange|p1a: Charizard|Charizard-Mega-X, M, shiny
|-mega|p1a: Charizard|Charizard|Charizardite X
|move|p1a: Charizard|Dragon Claw|p2a: Rotom-Wash
|-damage|p2a: Rotom-Wash|172\/304
|move|p2a: Rotom-Wash|Volt Switch|p1a: Charizard
|-resisted|p1a: Charizard
|-damage|p1a: Charizard|261\/309
|
|switch|p2a: Medicham|Medicham, F|261\/261
|
|turn|2
|
|switch|p1a: Klefki|Klefki, M, shiny|315\/315
|detailschange|p2a: Medicham|Medicham-Mega, F
|-mega|p2a: Medicham|Medicham|Medichamite
|move|p2a: Medicham|Drain Punch|p1a: Klefki
|-damage|p1a: Klefki|117\/315
|-damage|p2a: Medicham|218\/261|[from] item: Rocky Helmet|[of] p1a: Klefki
|
|turn|3
|
|move|p1a: Klefki|Thunder Wave|p2a: Medicham
|-status|p2a: Medicham|par
|move|p2a: Medicham|Bulk Up|p2a: Medicham
|-boost|p2a: Medicham|atk|1
|-boost|p2a: Medicham|def|1
|
|turn|4
|
|move|p1a: Klefki|Spikes|p2a: Medicham
|-sidestart|p2: Bl4ckAlex2|Spikes
|cant|p2a: Medicham|par
|
|turn|5
|
|move|p1a: Klefki|Spikes|p2a: Medicham
|-sidestart|p2: Bl4ckAlex2|Spikes
|move|p2a: Medicham|Bulk Up|p2a: Medicham
|-boost|p2a: Medicham|atk|1
|-boost|p2a: Medicham|def|1
|
|turn|6
|
|move|p1a: Klefki|Spikes|p2a: Medicham
|-sidestart|p2: Bl4ckAlex2|Spikes
|move|p2a: Medicham|Bulk Up|p2a: Medicham
|-boost|p2a: Medicham|atk|1
|-boost|p2a: Medicham|def|1
|
|turn|7
|
|move|p1a: Klefki|Fairy Lock|p1a: Klefki
|-activate|Battle: ou|move: Fairy Lock
|move|p2a: Medicham|Drain Punch|p1a: Klefki
|-damage|p1a: Klefki|0 fnt
|-heal|p2a: Medicham|261\/261 par|[from] drain|[of] p1a: Klefki
|-damage|p2a: Medicham|218\/261 par|[from] item: Rocky Helmet|[of] p1a: Klefki
|faint|p1a: Klefki
|
|
|switch|p1a: Starmie|Starmie, shiny|262\/262
|turn|8
|
|move|p1a: Starmie|Hydro Pump|p2a: Medicham
|-damage|p2a: Medicham|0 fnt
|-damage|p1a: Starmie|236\/262|[from] item: Life Orb
|faint|p2a: Medicham
|
|
|switch|p2a: Scizor|Scizor, F|344\/344
|-damage|p2a: Scizor|258\/344|[from] Spikes
|turn|9
|
|move|p1a: Starmie|Hydro Pump|p2a: Scizor
|-damage|p2a: Scizor|79\/344
|-damage|p1a: Starmie|210\/262|[from] item: Life Orb
|move|p2a: Scizor|Defog|p1a: Starmie
|-unboost|p1a: Starmie|evasion|1
|-sideend|p2: Bl4ckAlex2|Spikes|[from] move: Defog|[of] p2a: Scizor
|
|-heal|p2a: Scizor|100\/344|[from] item: Leftovers
|turn|10
|
|switch|p2a: Sylveon|Sylveon, M, shiny|394\/394
|move|p1a: Starmie|Hydro Pump|p2a: Sylveon|[miss]
|-miss|p1a: Starmie|p2a: Sylveon
|
|turn|11
|
|move|p1a: Starmie|Psyshock|p2a: Sylveon
|-damage|p2a: Sylveon|163\/394
|-damage|p1a: Starmie|184\/262|[from] item: Life Orb
|move|p2a: Sylveon|Hyper Voice|p1a: Starmie
|-damage|p1a: Starmie|0 fnt
|faint|p1a: Starmie
|
|-heal|p2a: Sylveon|187\/394|[from] item: Leftovers
|
|switch|p1a: Landorus-Therian|Landorus-Therian, M, shiny|381\/381
|-ability|p1a: Landorus-Therian|Intimidate|[of] p2a: Sylveon
|-unboost|p2a: Sylveon|atk|1
|turn|12
|
|move|p2a: Sylveon|Protect|p2a: Sylveon
|-singleturn|p2a: Sylveon|Protect
|move|p1a: Landorus-Therian|Stealth Rock|p2a: Sylveon
|-sidestart|p2: Bl4ckAlex2|move: Stealth Rock
|
|-heal|p2a: Sylveon|211\/394|[from] item: Leftovers
|turn|13
|
|switch|p2a: Rotom-Wash|Rotom-Wash|172\/304
|-damage|p2a: Rotom-Wash|134\/304|[from] Stealth Rock
|move|p1a: Landorus-Therian|Earthquake|p2a: Rotom-Wash
|-immune|p2a: Rotom-Wash|[msg]
|
|turn|14
|
|switch|p1a: Tangrowth|Tangrowth, M, shiny|404\/404
|move|p2a: Rotom-Wash|Rest|p2a: Rotom-Wash
|-status|p2a: Rotom-Wash|slp
|-heal|p2a: Rotom-Wash|304\/304 slp|[silent]
|-status|p2a: Rotom-Wash|slp|[from] move: Rest
|-enditem|p2a: Rotom-Wash|Chesto Berry|[eat]
|-curestatus|p2a: Rotom-Wash|slp
|
|turn|15
|
|switch|p2a: Scizor|Scizor, F|100\/344
|-damage|p2a: Scizor|57\/344|[from] Stealth Rock
|move|p1a: Tangrowth|Knock Off|p2a: Scizor
|-damage|p2a: Scizor|0 fnt
|-enditem|p2a: Scizor|Leftovers|[from] move: Knock Off|[of] p1a: Tangrowth
|faint|p2a: Scizor
|
|
|switch|p2a: Galvantula|Galvantula, M|281\/281
|-damage|p2a: Galvantula|211\/281|[from] Stealth Rock
|turn|16
|
|move|p2a: Galvantula|Bug Buzz|p1a: Tangrowth
|-supereffective|p1a: Tangrowth
|-damage|p1a: Tangrowth|216\/404
|move|p1a: Tangrowth|Earthquake|p2a: Galvantula
|-damage|p2a: Galvantula|83\/281
|
|turn|17
|
|move|p2a: Galvantula|Bug Buzz|p1a: Tangrowth
|-supereffective|p1a: Tangrowth
|-damage|p1a: Tangrowth|18\/404
|move|p1a: Tangrowth|Earthquake|p2a: Galvantula
|-damage|p2a: Galvantula|0 fnt
|faint|p2a: Galvantula
|
|
|switch|p2a: Bisharp|Bisharp, M, shiny|334\/334
|-damage|p2a: Bisharp|314\/334|[from] Stealth Rock
|turn|18
|
|move|p2a: Bisharp|Knock Off|p1a: Tangrowth
|-damage|p1a: Tangrowth|0 fnt
|-enditem|p1a: Tangrowth|Assault Vest|[from] move: Knock Off|[of] p2a: Bisharp
|faint|p1a: Tangrowth
|
|
|switch|p1a: Thundurus|Thundurus, M, shiny|299\/299
|turn|19
|
|move|p1a: Thundurus|Superpower|p2a: Bisharp
|-crit|p2a: Bisharp
|-supereffective|p2a: Bisharp
|-damage|p2a: Bisharp|0 fnt
|-unboost|p1a: Thundurus|atk|1
|-unboost|p1a: Thundurus|def|1
|-damage|p1a: Thundurus|270\/299|[from] item: Life Orb
|faint|p2a: Bisharp
|
|
|switch|p2a: Sylveon|Sylveon, M, shiny|211\/394
|-damage|p2a: Sylveon|162\/394|[from] Stealth Rock
|turn|20
|
|move|p1a: Thundurus|Knock Off|p2a: Sylveon
|-resisted|p2a: Sylveon
|-damage|p2a: Sylveon|107\/394
|-enditem|p2a: Sylveon|Leftovers|[from] move: Knock Off|[of] p1a: Thundurus
|-damage|p1a: Thundurus|241\/299|[from] item: Life Orb
|move|p2a: Sylveon|Wish|p2a: Sylveon
|
|turn|21
|
|move|p1a: Thundurus|Volt Switch|p2a: Sylveon
|-damage|p2a: Sylveon|21\/394
|-damage|p1a: Thundurus|212\/299|[from] item: Life Orb
|
|switch|p1a: Landorus-Therian|Landorus-Therian, M, shiny|381\/381
|-ability|p1a: Landorus-Therian|Intimidate|[of] p2a: Sylveon
|-unboost|p2a: Sylveon|atk|1
|move|p2a: Sylveon|Hyper Voice|p1a: Landorus-Therian
|-damage|p1a: Landorus-Therian|212\/381
|
|-heal|p2a: Sylveon|218\/394|[from] move: Wish|[wisher] Sylveon
|-heal|p1a: Landorus-Therian|235\/381|[from] item: Leftovers
|turn|22
|
|move|p2a: Sylveon|Protect|p2a: Sylveon
|-singleturn|p2a: Sylveon|Protect
|move|p1a: Landorus-Therian|Earthquake|p2a: Sylveon
|-activate|p2a: Sylveon|Protect
|
|-heal|p1a: Landorus-Therian|258\/381|[from] item: Leftovers
|turn|23
|
|switch|p2a: Rotom-Wash|Rotom-Wash|304\/304
|-damage|p2a: Rotom-Wash|266\/304|[from] Stealth Rock
|move|p1a: Landorus-Therian|Stone Edge|p2a: Rotom-Wash
|-damage|p2a: Rotom-Wash|185\/304
|
|-heal|p1a: Landorus-Therian|281\/381|[from] item: Leftovers
|turn|24
|
|move|p1a: Landorus-Therian|U-turn|p2a: Rotom-Wash
|-damage|p2a: Rotom-Wash|136\/304
|
|switch|p1a: Thundurus|Thundurus, M, shiny|212\/299
|move|p2a: Rotom-Wash|Hydro Pump|p1a: Thundurus
|-damage|p1a: Thundurus|34\/299
|
|turn|25
|
|switch|p2a: Sylveon|Sylveon, M, shiny|218\/394
|-damage|p2a: Sylveon|169\/394|[from] Stealth Rock
|move|p1a: Thundurus|Superpower|p2a: Sylveon
|-resisted|p2a: Sylveon
|-damage|p2a: Sylveon|70\/394
|-unboost|p1a: Thundurus|atk|1
|-unboost|p1a: Thundurus|def|1
|-damage|p1a: Thundurus|5\/299|[from] item: Life Orb
|
|turn|26
|
|move|p1a: Thundurus|Volt Switch|p2a: Sylveon
|-damage|p2a: Sylveon|0 fnt
|-damage|p1a: Thundurus|0 fnt|[from] item: Life Orb
|faint|p2a: Sylveon
|faint|p1a: Thundurus
|
|
|switch|p1a: Charizard|Charizard-Mega-X, M, shiny|261\/309
|switch|p2a: Rotom-Wash|Rotom-Wash|136\/304
|-damage|p2a: Rotom-Wash|98\/304|[from] Stealth Rock
|turn|27
|
|move|p1a: Charizard|Dragon Claw|p2a: Rotom-Wash
|-damage|p2a: Rotom-Wash|0 fnt
|faint|p2a: Rotom-Wash
|
|win|ZeroHKO
|raw|Ladder updating...
|raw|ZeroHKO's rating: 1595 &rarr; <strong>1606<\/strong><br \/>(+11 for winning)
|raw|Bl4ckAlex2's rating: 1427 &rarr; <strong>1416<\/strong><br \/>(-11 for losing)