|join|SO GIMMICK
|join|Zage
|player|p1|SO GIMMICK|184
|player|p2|Zage|170
|gametype|singles
|gen|6
|tier|UU
|rated
|rule|Sleep Clause Mod: Limit one foe put to sleep
|rule|Species Clause: Limit one of each PokÃ©mon
|rule|OHKO Clause: OHKO moves are banned
|rule|Moody Clause: Moody is banned
|rule|Evasion Moves Clause: Evasion moves are banned
|rule|Endless Battle Clause: Forcing endless battles is banned
|rule|HP Percentage Mod: HP is shown in percentages
|clearpoke
|poke|p1|Shedinja
|poke|p1|Espeon, F
|poke|p1|Sharpedo, M
|poke|p1|Crobat, M
|poke|p1|Infernape, F
|poke|p1|Shuckle, M
|poke|p2|Sharpedo, F
|poke|p2|Chandelure, F
|poke|p2|Forretress, M
|poke|p2|Florges, F
|poke|p2|Cloyster, F
|poke|p2|Darmanitan, F
|rule|Swagger Clause: Swagger is banned
|rule|Baton Pass Clause: Limit one PokÃ©mon knowing Baton Pass
|teampreview
|
|start
|switch|p1a: Crobat|Crobat, M|311\/311
|switch|p2a: Chandelure|Chandelure, F|261\/261
|turn|1
|
|move|p2a: Chandelure|Fire Blast|p1a: Crobat
|-damage|p1a: Crobat|47\/311
|move|p1a: Crobat|Brave Bird|p2a: Chandelure
|-damage|p2a: Chandelure|75\/261
|-damage|p1a: Crobat|0 fnt|[from] recoil|[of] p2a: Chandelure
|faint|p1a: Crobat
|
|
|switch|p1a: Shuckle|Shuckle, M|244\/244
|turn|2
|
|switch|p2a: Forretress|Forretress, M|353\/353
|move|p1a: Shuckle|Substitute|p1a: Shuckle
|-start|p1a: Shuckle|Substitute
|-damage|p1a: Shuckle|183\/244
|
|-heal|p1a: Shuckle|198\/244|[from] item: Leftovers
|turn|3
|
|move|p2a: Forretress|Stealth Rock|p1a: Shuckle
|-sidestart|p1: SO GIMMICK|move: Stealth Rock
|move|p1a: Shuckle|Shell Smash|p1a: Shuckle
|-unboost|p1a: Shuckle|atk|2
|-unboost|p1a: Shuckle|spa|2
|-unboost|p1a: Shuckle|spe|2
|-boost|p1a: Shuckle|def|1
|-boost|p1a: Shuckle|spd|1
|
|-heal|p1a: Shuckle|213\/244|[from] item: Leftovers
|turn|4
|
|move|p2a: Forretress|Gyro Ball|p1a: Shuckle
|-supereffective|p1a: Shuckle
|-activate|p1a: Shuckle|Substitute|[damage]
|move|p1a: Shuckle|Shell Smash|p1a: Shuckle
|-unboost|p1a: Shuckle|atk|2
|-unboost|p1a: Shuckle|spa|2
|-unboost|p1a: Shuckle|spe|2
|-boost|p1a: Shuckle|def|1
|-boost|p1a: Shuckle|spd|1
|
|-heal|p1a: Shuckle|228\/244|[from] item: Leftovers
|turn|5
|
|move|p2a: Forretress|Gyro Ball|p1a: Shuckle
|-supereffective|p1a: Shuckle
|-activate|p1a: Shuckle|Substitute|[damage]
|move|p1a: Shuckle|Infestation|p2a: Forretress
|-resisted|p2a: Forretress
|-damage|p2a: Forretress|352\/353
|-activate|p2a: Forretress|move: Infestation|[of] p1a: Shuckle
|
|-heal|p2a: Forretress|353\/353|[from] item: Leftovers
|-heal|p1a: Shuckle|243\/244|[from] item: Leftovers
|-damage|p2a: Forretress|309\/353|[from] move: Infestation|[partiallytrapped]
|turn|6
|
|move|p2a: Forretress|Gyro Ball|p1a: Shuckle
|-supereffective|p1a: Shuckle
|-activate|p1a: Shuckle|Substitute|[damage]
|move|p1a: Shuckle|Shell Smash|p1a: Shuckle
|-unboost|p1a: Shuckle|atk|2
|-unboost|p1a: Shuckle|spa|2
|-unboost|p1a: Shuckle|spe|2
|-boost|p1a: Shuckle|def|1
|-boost|p1a: Shuckle|spd|1
|
|-heal|p2a: Forretress|331\/353|[from] item: Leftovers
|-heal|p1a: Shuckle|244\/244|[from] item: Leftovers
|-damage|p2a: Forretress|287\/353|[from] move: Infestation|[partiallytrapped]
|turn|7
|
|move|p2a: Forretress|Spikes|p1a: Shuckle
|-sidestart|p1: SO GIMMICK|Spikes
|move|p1a: Shuckle|Shell Smash|p1a: Shuckle
|-boost|p1a: Shuckle|def|1
|-boost|p1a: Shuckle|spd|1
|
|-heal|p2a: Forretress|309\/353|[from] item: Leftovers
|-damage|p2a: Forretress|265\/353|[from] move: Infestation|[partiallytrapped]
|turn|8
|
|move|p2a: Forretress|Spikes|p1a: Shuckle
|-sidestart|p1: SO GIMMICK|Spikes
|move|p1a: Shuckle|Infestation|p2a: Forretress
|-resisted|p2a: Forretress
|-damage|p2a: Forretress|264\/353
|
|-heal|p2a: Forretress|286\/353|[from] item: Leftovers
|-damage|p2a: Forretress|242\/353|[from] move: Infestation|[partiallytrapped]
|turn|9
|
|move|p2a: Forretress|Spikes|p1a: Shuckle
|-sidestart|p1: SO GIMMICK|Spikes
|move|p1a: Shuckle|Shell Smash|p1a: Shuckle
|-boost|p1a: Shuckle|def|1
|-boost|p1a: Shuckle|spd|1
|
|-heal|p2a: Forretress|264\/353|[from] item: Leftovers
|-end|p2a: Forretress|Infestation|[partiallytrapped]
|turn|10
|
|switch|p2a: Darmanitan|Darmanitan, F|351\/351
|move|p1a: Shuckle|Infestation|p2a: Darmanitan
|-resisted|p2a: Darmanitan
|-damage|p2a: Darmanitan|350\/351
|-activate|p2a: Darmanitan|move: Infestation|[of] p1a: Shuckle
|
|-damage|p2a: Darmanitan|307\/351|[from] move: Infestation|[partiallytrapped]
|turn|11
|
|move|p2a: Darmanitan|Fire Punch|p1a: Shuckle
|-activate|p1a: Shuckle|Substitute|[damage]
|move|p1a: Shuckle|Toxic|p2a: Darmanitan|[miss]
|-miss|p1a: Shuckle|p2a: Darmanitan
|
|-damage|p2a: Darmanitan|264\/351|[from] move: Infestation|[partiallytrapped]
|turn|12
|
|move|p2a: Darmanitan|Fire Punch|p1a: Shuckle
|-end|p1a: Shuckle|Substitute
|move|p1a: Shuckle|Toxic|p2a: Darmanitan
|-status|p2a: Darmanitan|tox
|
|-damage|p2a: Darmanitan|243\/351 tox|[from] psn
|-damage|p2a: Darmanitan|200\/351 tox|[from] move: Infestation|[partiallytrapped]
|turn|13
|
|move|p2a: Darmanitan|Fire Punch|p1a: Shuckle
|-damage|p1a: Shuckle|211\/244
|move|p1a: Shuckle|Substitute|p1a: Shuckle
|-start|p1a: Shuckle|Substitute
|-damage|p1a: Shuckle|150\/244
|
|-heal|p1a: Shuckle|165\/244|[from] item: Leftovers
|-damage|p2a: Darmanitan|158\/351 tox|[from] psn
|-damage|p2a: Darmanitan|115\/351 tox|[from] move: Infestation|[partiallytrapped]
|turn|14
|
|move|p2a: Darmanitan|Fire Punch|p1a: Shuckle
|-activate|p1a: Shuckle|Substitute|[damage]
|move|p1a: Shuckle|Shell Smash|p1a: Shuckle
|-boost|p1a: Shuckle|def|1
|-boost|p1a: Shuckle|spd|1
|
|-heal|p1a: Shuckle|180\/244|[from] item: Leftovers
|-damage|p2a: Darmanitan|52\/351 tox|[from] psn
|-end|p2a: Darmanitan|Infestation|[partiallytrapped]
|turn|15
|
|move|p2a: Darmanitan|Fire Punch|p1a: Shuckle
|-activate|p1a: Shuckle|Substitute|[damage]
|move|p1a: Shuckle|Infestation|p2a: Darmanitan
|-resisted|p2a: Darmanitan
|-damage|p2a: Darmanitan|51\/351 tox
|-activate|p2a: Darmanitan|move: Infestation|[of] p1a: Shuckle
|
|-heal|p1a: Shuckle|195\/244|[from] item: Leftovers
|-damage|p2a: Darmanitan|0 fnt|[from] psn
|faint|p2a: Darmanitan
|
|switch|p2a: Cloyster|Cloyster, F|241\/241
|turn|16
|
|move|p2a: Cloyster|Shell Smash|p2a: Cloyster
|-boost|p2a: Cloyster|atk|2
|-boost|p2a: Cloyster|spa|2
|-boost|p2a: Cloyster|spe|2
|-unboost|p2a: Cloyster|def|1
|-unboost|p2a: Cloyster|spd|1
|move|p1a: Shuckle|Toxic|p2a: Cloyster
|-status|p2a: Cloyster|tox
|
|-heal|p1a: Shuckle|210\/244|[from] item: Leftovers
|-damage|p2a: Cloyster|226\/241 tox|[from] psn
|turn|17
|
|move|p2a: Cloyster|Shell Smash|p2a: Cloyster
|-boost|p2a: Cloyster|atk|2
|-boost|p2a: Cloyster|spa|2
|-boost|p2a: Cloyster|spe|2
|-unboost|p2a: Cloyster|def|1
|-unboost|p2a: Cloyster|spd|1
|move|p1a: Shuckle|Infestation|p2a: Cloyster
|-damage|p2a: Cloyster|220\/241 tox
|-activate|p2a: Cloyster|move: Infestation|[of] p1a: Shuckle
|
|-heal|p1a: Shuckle|225\/244|[from] item: Leftovers
|-damage|p2a: Cloyster|190\/241 tox|[from] psn
|-damage|p2a: Cloyster|160\/241 tox|[from] move: Infestation|[partiallytrapped]
|turn|18
|
|move|p2a: Cloyster|Rock Blast|p1a: Shuckle|[miss]
|-miss|p2a: Cloyster|p1a: Shuckle
|move|p1a: Shuckle|Infestation|p2a: Cloyster
|-damage|p2a: Cloyster|154\/241 tox
|
|-heal|p1a: Shuckle|240\/244|[from] item: Leftovers
|-damage|p2a: Cloyster|109\/241 tox|[from] psn
|-damage|p2a: Cloyster|79\/241 tox|[from] move: Infestation|[partiallytrapped]
|turn|19
|
|move|p2a: Cloyster|Rock Blast|p1a: Shuckle
|-supereffective|p1a: Shuckle
|-end|p1a: Shuckle|Substitute
|-crit|p1a: Shuckle
|-supereffective|p1a: Shuckle
|-damage|p1a: Shuckle|148\/244
|-supereffective|p1a: Shuckle
|-damage|p1a: Shuckle|130\/244
|-crit|p1a: Shuckle
|-supereffective|p1a: Shuckle
|-damage|p1a: Shuckle|32\/244
|-supereffective|p1a: Shuckle
|-damage|p1a: Shuckle|14\/244
|-hitcount|p1a: Shuckle|5
|move|p1a: Shuckle|Infestation|p2a: Cloyster
|-damage|p2a: Cloyster|73\/241 tox
|
|-heal|p1a: Shuckle|29\/244|[from] item: Leftovers
|-damage|p2a: Cloyster|13\/241 tox|[from] psn
|-damage|p2a: Cloyster|0 fnt|[from] move: Infestation|[partiallytrapped]
|faint|p2a: Cloyster
|
|switch|p2a: Chandelure|Chandelure, F|75\/261
|turn|20
|
|move|p2a: Chandelure|Trick|p1a: Shuckle
|-activate|p2a: Chandelure|move: Trick|[of] p1a: Shuckle
|-item|p1a: Shuckle|Choice Scarf|[from] move: Trick
|-item|p2a: Chandelure|Leftovers|[from] move: Trick
|move|p1a: Shuckle|Toxic|p2a: Chandelure
|-status|p2a: Chandelure|tox
|
|-heal|p2a: Chandelure|91\/261 tox|[from] item: Leftovers
|-damage|p2a: Chandelure|75\/261 tox|[from] psn
|turn|21
|
|move|p2a: Chandelure|Fire Blast|p1a: Shuckle
|-damage|p1a: Shuckle|4\/244
|move|p1a: Shuckle|Toxic|p2a: Chandelure
|-fail|p2a: Chandelure|tox
|
|-heal|p2a: Chandelure|91\/261 tox|[from] item: Leftovers
|-damage|p2a: Chandelure|59\/261 tox|[from] psn
|turn|22
|
|move|p2a: Chandelure|Shadow Ball|p1a: Shuckle
|-damage|p1a: Shuckle|0 fnt
|faint|p1a: Shuckle
|
|-heal|p2a: Chandelure|75\/261 tox|[from] item: Leftovers
|-damage|p2a: Chandelure|27\/261 tox|[from] psn
|
|switch|p1a: Sharpedo|Sharpedo, M|281\/281
|-damage|p1a: Sharpedo|246\/281|[from] Stealth Rock
|-damage|p1a: Sharpedo|176\/281|[from] Spikes
|turn|23
|
|switch|p2a: Forretress|Forretress, M|264\/353
|move|p1a: Sharpedo|Protect|p1a: Sharpedo
|-fail|p1a: Sharpedo
|
|-heal|p2a: Forretress|286\/353|[from] item: Leftovers
|-boost|p1a: Sharpedo|spe|1|[from] ability: Speed Boost
|turn|24
|
|detailschange|p1a: Sharpedo|Sharpedo-Mega, M
|-mega|p1a: Sharpedo|Sharpedo|Sharpedonite
|move|p1a: Sharpedo|Crunch|p2a: Forretress
|-damage|p2a: Forretress|147\/353
|move|p2a: Forretress|Gyro Ball|p1a: Sharpedo
|-resisted|p1a: Sharpedo
|-damage|p1a: Sharpedo|75\/281
|
|-heal|p2a: Forretress|169\/353|[from] item: Leftovers
|turn|25
|
|move|p1a: Sharpedo|Waterfall|p2a: Forretress
|-damage|p2a: Forretress|75\/353
|move|p2a: Forretress|Gyro Ball|p1a: Sharpedo
|-resisted|p1a: Sharpedo
|-damage|p1a: Sharpedo|0 fnt
|faint|p1a: Sharpedo
|
|-heal|p2a: Forretress|97\/353|[from] item: Leftovers
|
|switch|p1a: Infernape|Infernape, F|293\/293
|-damage|p1a: Infernape|257\/293|[from] Stealth Rock
|-damage|p1a: Infernape|184\/293|[from] Spikes
|turn|26
|
|move|p1a: Infernape|Flare Blitz|p2a: Forretress
|-crit|p2a: Forretress
|-supereffective|p2a: Forretress
|-damage|p2a: Forretress|0 fnt
|-damage|p1a: Infernape|152\/293|[from] recoil|[of] p2a: Forretress
|faint|p2a: Forretress
|
|
|switch|p2a: Florges|Florges, F|360\/360
|turn|27
|
|move|p1a: Infernape|Flare Blitz|p2a: Florges
|-damage|p2a: Florges|126\/360
|-damage|p1a: Infernape|75\/293|[from] recoil|[of] p2a: Florges
|move|p2a: Florges|Moonblast|p1a: Infernape
|-damage|p1a: Infernape|0 fnt
|faint|p1a: Infernape
|
|-heal|p2a: Florges|148\/360|[from] item: Leftovers
|
|switch|p1a: Espeon|Espeon, F|271\/271
|-damage|p1a: Espeon|238\/271|[from] Stealth Rock
|-damage|p1a: Espeon|171\/271|[from] Spikes
|turn|28
|
|move|p1a: Espeon|Psychic|p2a: Florges
|-damage|p2a: Florges|61\/360
|move|p2a: Florges|Wish|p2a: Florges
|
|-heal|p1a: Espeon|187\/271|[from] item: Leftovers
|-heal|p2a: Florges|83\/360|[from] item: Leftovers
|turn|29
|-message|SO GIMMICK forfeited.
|
|win|Zage
|raw|Ladder updating...