|join|RS Swept
|join|Cosine180
|player|p1|RS Swept|29
|player|p2|Cosine180|33
|gametype|singles
|gen|6
|tier|OU
|rated
|clearpoke
|poke|p1|Gothitelle, M
|poke|p1|Skarmory, F
|poke|p1|Cresselia, F
|poke|p1|Quagsire, F
|poke|p1|Sableye, M
|poke|p1|Chansey, F
|poke|p2|Gardevoir, M
|poke|p2|Latios, M
|poke|p2|Keldeo
|poke|p2|Heatran, F
|poke|p2|Ferrothorn, F
|poke|p2|Landorus-Therian, M
|rule|Swagger Clause: Swagger is banned
|rule|Baton Pass Clause: Limit one PokÃ©mon knowing Baton Pass
|rule|Sleep Clause Mod: Limit one foe put to sleep
|rule|Species Clause: Limit one of each PokÃ©mon
|rule|OHKO Clause: OHKO moves are banned
|rule|Moody Clause: Moody is banned
|rule|Evasion Moves Clause: Evasion moves are banned
|rule|Endless Battle Clause: Forcing endless battles is banned
|rule|HP Percentage Mod: HP is shown in percentages
|teampreview
|c|âCosine180|o
|c|âCosine180|hey
|c|âRS Swept|dont lose the ct
|c|âRS Swept|that'd be bad
|join|CleanerThanRotom-W
|c|âCosine180|?
|c|âCosine180|this is my ladder team
|
|start
|switch|p1a: Sableye|Sableye, M|303\/303
|switch|p2a: Landorus-Therian|Landorus-Therian, M|381\/381
|-ability|p2a: Landorus-Therian|Intimidate|[of] p1a: Sableye
|-unboost|p1a: Sableye|atk|1
|turn|1
|
|switch|p2a: Heatran|Heatran, F|323\/323
|detailschange|p1a: Sableye|Sableye-Mega, M
|message|Sableye has Mega Evolved into Mega Sableye!
|move|p1a: Sableye|Snarl|p2a: Heatran
|-damage|p2a: Heatran|269\/323
|-unboost|p2a: Heatran|spa|1
|
|-heal|p2a: Heatran|289\/323|[from] item: Leftovers
|turn|2
|join|Dark_380
|
|switch|p1a: Gothitelle|Gothitelle, M|301\/301
|move|p2a: Heatran|Magma Storm|p1a: Gothitelle|[miss]
|-miss|p2a: Heatran|p1a: Gothitelle
|
|-heal|p2a: Heatran|309\/323|[from] item: Leftovers
|turn|3
|join|Cienight
|c|âCosine180|signs of a true hero
|
|move|p1a: Gothitelle|Trick|p2a: Heatran
|-activate|p1a: Gothitelle|move: Trick|[of] p2a: Heatran
|-item|p2a: Heatran|Choice Scarf|[from] move: Trick
|-item|p1a: Gothitelle|Leftovers|[from] move: Trick
|move|p2a: Heatran|Magma Storm|p1a: Gothitelle|[miss]
|-miss|p2a: Heatran|p1a: Gothitelle
|
|turn|4
|
|move|p2a: Heatran|Magma Storm|p1a: Gothitelle
|-damage|p1a: Gothitelle|181\/301
|-activate|p1a: Gothitelle|move: Magma Storm|[of] p2a: Heatran
|move|p1a: Gothitelle|Calm Mind|p1a: Gothitelle
|-boost|p1a: Gothitelle|spa|1
|-boost|p1a: Gothitelle|spd|1
|
|-heal|p1a: Gothitelle|199\/301|[from] item: Leftovers
|-damage|p1a: Gothitelle|162\/301|[from] move: Magma Storm|[partiallytrapped]
|turn|5
|
|move|p2a: Heatran|Magma Storm|p1a: Gothitelle
|-damage|p1a: Gothitelle|83\/301
|move|p1a: Gothitelle|Rest|p1a: Gothitelle
|-status|p1a: Gothitelle|slp
|-heal|p1a: Gothitelle|301\/301 slp|[silent]
|-status|p1a: Gothitelle|slp|[from] move: Rest
|
|-damage|p1a: Gothitelle|264\/301 slp|[from] move: Magma Storm|[partiallytrapped]
|turn|6
|
|move|p2a: Heatran|Magma Storm|p1a: Gothitelle
|-crit|p1a: Gothitelle
|-damage|p1a: Gothitelle|0 fnt
|faint|p1a: Gothitelle
|
|
|switch|p1a: Chansey|Chansey, F|645\/645
|turn|7
|
|switch|p2a: Landorus-Therian|Landorus-Therian, M|381\/381
|-ability|p2a: Landorus-Therian|Intimidate|[of] p1a: Chansey
|-unboost|p1a: Chansey|atk|1
|move|p1a: Chansey|Stealth Rock|p2a: Landorus-Therian
|-sidestart|p2: Cosine180|move: Stealth Rock
|
|turn|8
|
|switch|p1a: Sableye|Sableye-Mega, M|303\/303
|move|p2a: Landorus-Therian|Stealth Rock|p1a: Sableye
|move|p1a: Sableye|Stealth Rock|p2a: Landorus-Therian|[from]Magic Bounce
|-fail|p2a: Landorus-Therian
|
|turn|9
|
|move|p2a: Landorus-Therian|U-turn|p1a: Sableye
|-damage|p1a: Sableye|249\/303
|
|switch|p2a: Heatran|Heatran, F|309\/323
|-damage|p2a: Heatran|269\/323|[from] Stealth Rock
|move|p1a: Sableye|Will-O-Wisp|p2a: Heatran
|-start|p2a: Heatran|ability: Flash Fire
|
|turn|10
|
|switch|p1a: Chansey|Chansey, F|645\/645
|move|p2a: Heatran|Magma Storm|p1a: Chansey
|-damage|p1a: Chansey|506\/645
|-activate|p1a: Chansey|move: Magma Storm|[of] p2a: Heatran
|
|-damage|p1a: Chansey|426\/645|[from] move: Magma Storm|[partiallytrapped]
|turn|11
|
|switch|p2a: Landorus-Therian|Landorus-Therian, M|381\/381
|-damage|p2a: Landorus-Therian|334\/381|[from] Stealth Rock
|-ability|p2a: Landorus-Therian|Intimidate|[of] p1a: Chansey
|-unboost|p1a: Chansey|atk|1
|move|p1a: Chansey|Soft-Boiled|p1a: Chansey
|-heal|p1a: Chansey|645\/645
|
|-heal|p2a: Landorus-Therian|357\/381|[from] item: Leftovers
|-end|p1a: Chansey|Magma Storm|[partiallytrapped]
|turn|12
|
|switch|p1a: Sableye|Sableye-Mega, M|249\/303
|move|p2a: Landorus-Therian|U-turn|p1a: Sableye
|-damage|p1a: Sableye|196\/303
|
|switch|p2a: Gardevoir|Gardevoir, M|277\/277
|-damage|p2a: Gardevoir|243\/277|[from] Stealth Rock
|-ability|p2a: Gardevoir|Magic Bounce|[from] ability: Trace|[of] p1a: Sableye
|
|turn|13
|
|switch|p1a: Chansey|Chansey, F|645\/645
|detailschange|p2a: Gardevoir|Gardevoir-Mega, M
|message|Gardevoir has Mega Evolved into Mega Gardevoir!
|move|p2a: Gardevoir|Hyper Voice|p1a: Chansey
|-damage|p1a: Chansey|507\/645
|
|turn|14
|
|move|p2a: Gardevoir|Psyshock|p1a: Chansey
|-damage|p1a: Chansey|251\/645
|move|p1a: Chansey|Soft-Boiled|p1a: Chansey
|-heal|p1a: Chansey|574\/645
|
|turn|15
|
|switch|p2a: Ferrothorn|Ferrothorn, F|352\/352
|-damage|p2a: Ferrothorn|330\/352|[from] Stealth Rock
|move|p1a: Chansey|Seismic Toss|p2a: Ferrothorn
|-damage|p2a: Ferrothorn|230\/352
|-damage|p1a: Chansey|494\/645|[from] ability: Iron Barbs|[of] p2a: Ferrothorn
|
|-heal|p2a: Ferrothorn|252\/352|[from] item: Leftovers
|turn|16
|
|switch|p2a: Gardevoir|Gardevoir-Mega, M|243\/277
|-damage|p2a: Gardevoir|209\/277|[from] Stealth Rock
|move|p1a: Chansey|Soft-Boiled|p1a: Chansey
|-heal|p1a: Chansey|645\/645
|
|turn|17
|
|switch|p2a: Landorus-Therian|Landorus-Therian, M|357\/381
|-damage|p2a: Landorus-Therian|310\/381|[from] Stealth Rock
|-ability|p2a: Landorus-Therian|Intimidate|[of] p1a: Chansey
|-unboost|p1a: Chansey|atk|1
|move|p1a: Chansey|Seismic Toss|p2a: Landorus-Therian
|-damage|p2a: Landorus-Therian|210\/381
|
|-heal|p2a: Landorus-Therian|233\/381|[from] item: Leftovers
|turn|18
|
|switch|p1a: Skarmory|Skarmory, F|333\/333
|move|p2a: Landorus-Therian|U-turn|p1a: Skarmory
|-resisted|p1a: Skarmory
|-damage|p1a: Skarmory|323\/333
|
|switch|p2a: Latios|Latios, M|301\/301
|-damage|p2a: Latios|264\/301|[from] Stealth Rock
|
|turn|19
|
|switch|p1a: Chansey|Chansey, F|645\/645
|move|p2a: Latios|Defog|p1a: Chansey
|-unboost|p1a: Chansey|evasion|1
|-sideend|p2: Cosine180|Stealth Rock|[from] move: Defog|[of] p2a: Latios
|
|turn|20
|
|switch|p2a: Landorus-Therian|Landorus-Therian, M|233\/381
|-ability|p2a: Landorus-Therian|Intimidate|[of] p1a: Chansey
|-unboost|p1a: Chansey|atk|1
|move|p1a: Chansey|Stealth Rock|p2a: Landorus-Therian
|-sidestart|p2: Cosine180|move: Stealth Rock
|
|-heal|p2a: Landorus-Therian|256\/381|[from] item: Leftovers
|turn|21
|
|switch|p1a: Skarmory|Skarmory, F|323\/333
|move|p2a: Landorus-Therian|U-turn|p1a: Skarmory
|-resisted|p1a: Skarmory
|-damage|p1a: Skarmory|312\/333
|leave|Cienight
|
|switch|p2a: Keldeo|Keldeo|323\/323
|-damage|p2a: Keldeo|303\/323|[from] Stealth Rock
|
|turn|22
|
|switch|p1a: Cresselia|Cresselia, F|444\/444
|move|p2a: Keldeo|Scald|p1a: Cresselia
|-damage|p1a: Cresselia|338\/444
|
|-heal|p1a: Cresselia|365\/444|[from] item: Leftovers
|turn|23
|
|switch|p2a: Ferrothorn|Ferrothorn, F|252\/352
|-damage|p2a: Ferrothorn|230\/352|[from] Stealth Rock
|move|p1a: Cresselia|Psyshock|p2a: Ferrothorn
|-resisted|p2a: Ferrothorn
|-damage|p2a: Ferrothorn|207\/352
|
|-heal|p1a: Cresselia|392\/444|[from] item: Leftovers
|-heal|p2a: Ferrothorn|229\/352|[from] item: Leftovers
|turn|24
|
|switch|p2a: Gardevoir|Gardevoir-Mega, M|209\/277
|-damage|p2a: Gardevoir|175\/277|[from] Stealth Rock
|move|p1a: Cresselia|Thunder Wave|p2a: Gardevoir
|-status|p2a: Gardevoir|par
|
|-heal|p1a: Cresselia|419\/444|[from] item: Leftovers
|turn|25
|c|âRS Swept|wow
|c|âRS Swept|youre really bad
|c|âCosine180|?
|c|âCosine180|i missed
|c|âCosine180|magma storm
|c|âCosine180|twice
|c|âCosine180|heatran shits on u
|c|âRS Swept|!data magma storm
|c|~|\/data-move Magma Storm

|c|âRS Swept|use a less shitty team
|c|âRS Swept|and move
|c|âCosine180|?
|join|ox the fox
|c|âRS Swept|and you critted
|
|switch|p1a: Chansey|Chansey, F|645\/645
|cant|p2a: Gardevoir|par
|
|turn|26
|
|switch|p1a: Skarmory|Skarmory, F|312\/333
|switch|p2a: Landorus-Therian|Landorus-Therian, M|256\/381
|-damage|p2a: Landorus-Therian|209\/381|[from] Stealth Rock
|-ability|p2a: Landorus-Therian|Intimidate|[of] p1a: Skarmory
|-unboost|p1a: Skarmory|atk|1
|
|-heal|p2a: Landorus-Therian|232\/381|[from] item: Leftovers
|turn|27
|
|switch|p1a: Sableye|Sableye-Mega, M|196\/303
|move|p2a: Landorus-Therian|Stealth Rock|p1a: Sableye
|move|p1a: Sableye|Stealth Rock|p2a: Landorus-Therian|[from]Magic Bounce
|-fail|p2a: Landorus-Therian
|
|-heal|p2a: Landorus-Therian|255\/381|[from] item: Leftovers
|turn|28
|
|move|p2a: Landorus-Therian|Earthquake|p1a: Sableye
|-damage|p1a: Sableye|73\/303
|move|p1a: Sableye|Recover|p1a: Sableye
|-heal|p1a: Sableye|225\/303
|
|-heal|p2a: Landorus-Therian|278\/381|[from] item: Leftovers
|turn|29
|
|move|p2a: Landorus-Therian|U-turn|p1a: Sableye
|-damage|p1a: Sableye|172\/303
|
|switch|p2a: Latios|Latios, M|264\/301
|-damage|p2a: Latios|227\/301|[from] Stealth Rock
|move|p1a: Sableye|Recover|p1a: Sableye
|-heal|p1a: Sableye|303\/303
|
|turn|30
|
|switch|p1a: Chansey|Chansey, F|645\/645
|move|p2a: Latios|Defog|p1a: Chansey
|-unboost|p1a: Chansey|evasion|1
|-sideend|p2: Cosine180|Stealth Rock|[from] move: Defog|[of] p2a: Latios
|
|turn|31
|
|switch|p2a: Landorus-Therian|Landorus-Therian, M|278\/381
|-ability|p2a: Landorus-Therian|Intimidate|[of] p1a: Chansey
|-unboost|p1a: Chansey|atk|1
|move|p1a: Chansey|Stealth Rock|p2a: Landorus-Therian
|-sidestart|p2: Cosine180|move: Stealth Rock
|
|-heal|p2a: Landorus-Therian|301\/381|[from] item: Leftovers
|turn|32
|
|switch|p1a: Skarmory|Skarmory, F|312\/333
|move|p2a: Landorus-Therian|Earthquake|p1a: Skarmory
|-immune|p1a: Skarmory|[msg]
|
|-heal|p2a: Landorus-Therian|324\/381|[from] item: Leftovers
|turn|33
|
|move|p2a: Landorus-Therian|Earthquake|p1a: Skarmory
|-immune|p1a: Skarmory|[msg]
|move|p1a: Skarmory|Spikes|p2a: Landorus-Therian
|-sidestart|p2: Cosine180|Spikes
|
|-heal|p2a: Landorus-Therian|347\/381|[from] item: Leftovers
|turn|34
|
|switch|p1a: Sableye|Sableye-Mega, M|303\/303
|move|p2a: Landorus-Therian|Earthquake|p1a: Sableye
|-damage|p1a: Sableye|195\/303
|
|-heal|p2a: Landorus-Therian|370\/381|[from] item: Leftovers
|turn|35
|
|move|p2a: Landorus-Therian|U-turn|p1a: Sableye
|-damage|p1a: Sableye|142\/303
|
|switch|p2a: Latios|Latios, M|227\/301
|-damage|p2a: Latios|190\/301|[from] Stealth Rock
|move|p1a: Sableye|Recover|p1a: Sableye
|-heal|p1a: Sableye|294\/303
|
|turn|36
|
|move|p2a: Latios|Defog|p1a: Sableye
|move|p1a: Sableye|Defog|p2a: Latios|[from]Magic Bounce
|-unboost|p2a: Latios|evasion|1
|-sideend|p2: Cosine180|Spikes|[from] move: Defog|[of] p2a: Latios
|-sideend|p2: Cosine180|Stealth Rock|[from] move: Defog|[of] p2a: Latios
|move|p1a: Sableye|Snarl|p2a: Latios
|-supereffective|p2a: Latios
|-damage|p2a: Latios|92\/301
|-unboost|p2a: Latios|spa|1
|
|turn|37
|
|move|p2a: Latios|Roost|p2a: Latios
|-heal|p2a: Latios|243\/301
|move|p1a: Sableye|Will-O-Wisp|p2a: Latios
|-status|p2a: Latios|brn
|
|-damage|p2a: Latios|206\/301 brn|[from] brn
|turn|38
|
|switch|p2a: Heatran|Heatran, F|269\/323
|switch|p1a: Skarmory|Skarmory, F|312\/333
|
|turn|39
|
|switch|p1a: Chansey|Chansey, F|645\/645
|move|p2a: Heatran|Magma Storm|p1a: Chansey
|-damage|p1a: Chansey|542\/645
|-activate|p1a: Chansey|move: Magma Storm|[of] p2a: Heatran
|
|-damage|p1a: Chansey|462\/645|[from] move: Magma Storm|[partiallytrapped]
|turn|40
|
|switch|p2a: Keldeo|Keldeo|303\/323
|move|p1a: Chansey|Stealth Rock|p2a: Keldeo
|-sidestart|p2: Cosine180|move: Stealth Rock
|
|-end|p1a: Chansey|Magma Storm|[partiallytrapped]
|turn|41
|
|switch|p1a: Cresselia|Cresselia, F|419\/444
|move|p2a: Keldeo|Hydro Pump|p1a: Cresselia
|-damage|p1a: Cresselia|272\/444
|
|-heal|p1a: Cresselia|299\/444|[from] item: Leftovers
|turn|42
|c|âCosine180|luckiest player on the ladder
|c|âCosine180|absolutely terrible
|c|âRS Swept|thanks for free points
|-message|Cosine180 forfeited.
|
|win|RS Swept
|raw|Ladder updating...
|leave|Cosine180
|player|p2
|c|âRS Swept|with a counter team
|raw|RS Swept's rating: 1908 &rarr; <strong>1926<\/strong><br \/>(+18 for winning)
|raw|Cosine180's rating: 1863 &rarr; <strong>1846<\/strong><br \/>(-17 for losing)
|leave|ox the fox
|leave|RS Swept
|player|p1