|join|RS Swept
|join|Murtada
|player|p1|RS Swept|29
|player|p2|Murtada|151
|gametype|singles
|gen|6
|tier|OU
|rated
|clearpoke
|poke|p1|Gothitelle, F
|poke|p1|Skarmory, F
|poke|p1|Cresselia, F
|poke|p1|Quagsire, M
|poke|p1|Sableye, M
|poke|p1|Chansey, F
|poke|p2|Gengar, M
|poke|p2|Meloetta
|poke|p2|Conkeldurr, M
|poke|p2|Gyarados, M
|poke|p2|Ferrothorn, M
|poke|p2|Landorus, M
|rule|Swagger Clause: Swagger is banned
|rule|Baton Pass Clause: Limit one PokÃ©mon knowing Baton Pass
|rule|Sleep Clause Mod: Limit one foe put to sleep
|rule|Species Clause: Limit one of each PokÃ©mon
|rule|OHKO Clause: OHKO moves are banned
|rule|Moody Clause: Moody is banned
|rule|Evasion Moves Clause: Evasion moves are banned
|rule|Endless Battle Clause: Forcing endless battles is banned
|rule|HP Percentage Mod: HP is shown in percentages
|teampreview
|c|âRS Swept|glhf
|c|âMurtada|glhf
|
|start
|switch|p1a: Sableye|Sableye, M|304\/304
|switch|p2a: Predator|Gyarados, M|331\/331
|-ability|p2a: Predator|Intimidate|[of] p1a: Sableye
|-unboost|p1a: Sableye|atk|1
|turn|1
|
|detailschange|p2a: Predator|Gyarados-Mega, M
|message|Gyarados has Mega Evolved into Mega Gyarados!
|-ability|p2a: Predator|Mold Breaker
|detailschange|p1a: Sableye|Sableye-Mega, M
|message|Sableye has Mega Evolved into Mega Sableye!
|move|p2a: Predator|Substitute|p2a: Predator
|-start|p2a: Predator|Substitute
|-damage|p2a: Predator|249\/331
|move|p1a: Sableye|Dark Pulse|p2a: Predator
|-resisted|p2a: Predator
|-activate|p2a: Predator|Substitute|[damage]
|
|turn|2
|
|switch|p1a: Cresselia|Cresselia, F|444\/444
|move|p2a: Predator|Dragon Dance|p2a: Predator
|-boost|p2a: Predator|atk|1
|-boost|p2a: Predator|spe|1
|
|turn|3
|c|âRS Swept|didnt see that coming
|
|move|p2a: Predator|Dragon Dance|p2a: Predator
|-boost|p2a: Predator|atk|1
|-boost|p2a: Predator|spe|1
|move|p1a: Cresselia|Skill Swap|p2a: Predator
|-activate|p1a: Cresselia|move: Skill Swap|Mold Breaker|Levitate|[of] p2a: Predator
|-ability|p1a: Cresselia|Mold Breaker
|
|turn|4
|
|switch|p1a: Quagsire|Quagsire, M|394\/394
|move|p2a: Predator|Dragon Dance|p2a: Predator
|-boost|p2a: Predator|atk|1
|-boost|p2a: Predator|spe|1
|
|turn|5
|join|Ox the Fox
|
|move|p2a: Predator|Waterfall|p1a: Quagsire
|-damage|p1a: Quagsire|279\/394
|cant|p1a: Quagsire|flinch
|
|-heal|p1a: Quagsire|303\/394|[from] item: Leftovers
|turn|6
|
|move|p2a: Predator|Crunch|p1a: Quagsire
|-damage|p1a: Quagsire|183\/394
|move|p1a: Quagsire|Recover|p1a: Quagsire
|-heal|p1a: Quagsire|380\/394
|
|-heal|p1a: Quagsire|394\/394|[from] item: Leftovers
|turn|7
|
|move|p2a: Predator|Crunch|p1a: Quagsire
|-damage|p1a: Quagsire|262\/394
|move|p1a: Quagsire|Scald|p2a: Predator
|-resisted|p2a: Predator
|-activate|p2a: Predator|Substitute|[damage]
|
|-heal|p1a: Quagsire|286\/394|[from] item: Leftovers
|turn|8
|
|move|p2a: Predator|Crunch|p1a: Quagsire
|-damage|p1a: Quagsire|154\/394
|move|p1a: Quagsire|Recover|p1a: Quagsire
|-heal|p1a: Quagsire|351\/394
|
|-heal|p1a: Quagsire|375\/394|[from] item: Leftovers
|turn|9
|
|move|p2a: Predator|Crunch|p1a: Quagsire
|-damage|p1a: Quagsire|248\/394
|move|p1a: Quagsire|Scald|p2a: Predator
|-crit|p2a: Predator
|-resisted|p2a: Predator
|-end|p2a: Predator|Substitute
|
|-heal|p1a: Quagsire|272\/394|[from] item: Leftovers
|turn|10
|join|yrs
|
|move|p2a: Predator|Substitute|p2a: Predator
|-start|p2a: Predator|Substitute
|-damage|p2a: Predator|167\/331
|move|p1a: Quagsire|Scald|p2a: Predator
|-resisted|p2a: Predator
|-activate|p2a: Predator|Substitute|[damage]
|
|-heal|p1a: Quagsire|296\/394|[from] item: Leftovers
|turn|11
|join|WECAMEASROMANS
|
|move|p2a: Predator|Crunch|p1a: Quagsire
|-damage|p1a: Quagsire|178\/394
|move|p1a: Quagsire|Recover|p1a: Quagsire
|-heal|p1a: Quagsire|375\/394
|
|-heal|p1a: Quagsire|394\/394|[from] item: Leftovers
|turn|12
|join|lily199iu and SJb
|
|move|p2a: Predator|Crunch|p1a: Quagsire
|-damage|p1a: Quagsire|267\/394
|move|p1a: Quagsire|Scald|p2a: Predator
|-resisted|p2a: Predator
|-activate|p2a: Predator|Substitute|[damage]
|
|-heal|p1a: Quagsire|291\/394|[from] item: Leftovers
|turn|13
|
|move|p2a: Predator|Crunch|p1a: Quagsire
|-damage|p1a: Quagsire|167\/394
|move|p1a: Quagsire|Recover|p1a: Quagsire
|-heal|p1a: Quagsire|364\/394
|
|-heal|p1a: Quagsire|388\/394|[from] item: Leftovers
|turn|14
|
|move|p2a: Predator|Crunch|p1a: Quagsire
|-crit|p1a: Quagsire
|-damage|p1a: Quagsire|201\/394
|move|p1a: Quagsire|Scald|p2a: Predator
|-resisted|p2a: Predator
|-activate|p2a: Predator|Substitute|[damage]
|
|-heal|p1a: Quagsire|225\/394|[from] item: Leftovers
|turn|15
|
|move|p2a: Predator|Crunch|p1a: Quagsire
|-damage|p1a: Quagsire|101\/394
|move|p1a: Quagsire|Recover|p1a: Quagsire
|-heal|p1a: Quagsire|298\/394
|
|-heal|p1a: Quagsire|322\/394|[from] item: Leftovers
|turn|16
|
|move|p2a: Predator|Crunch|p1a: Quagsire
|-damage|p1a: Quagsire|207\/394
|move|p1a: Quagsire|Recover|p1a: Quagsire
|-heal|p1a: Quagsire|394\/394
|
|turn|17
|leave|WECAMEASROMANS
|c| Ox the Fox|why don't you have earthquake anymore
|c| yrs|def drop?
|
|move|p2a: Predator|Crunch|p1a: Quagsire
|-damage|p1a: Quagsire|267\/394
|move|p1a: Quagsire|Scald|p2a: Predator
|-resisted|p2a: Predator
|-end|p2a: Predator|Substitute
|
|-heal|p1a: Quagsire|291\/394|[from] item: Leftovers
|turn|18
|c| yrs|crunch?
|c|âRS Swept|gyara has levitate
|c|âRS Swept|rn
|c| Ox the Fox|rigiht
|
|move|p2a: Predator|Substitute|p2a: Predator
|-start|p2a: Predator|Substitute
|-damage|p2a: Predator|85\/331
|move|p1a: Quagsire|Scald|p2a: Predator
|-resisted|p2a: Predator
|-activate|p2a: Predator|Substitute|[damage]
|
|-heal|p1a: Quagsire|315\/394|[from] item: Leftovers
|turn|19
|c|âRS Swept|and im getting really lucky with no drop
|
|move|p2a: Predator|Crunch|p1a: Quagsire
|-damage|p1a: Quagsire|204\/394
|move|p1a: Quagsire|Recover|p1a: Quagsire
|-heal|p1a: Quagsire|394\/394
|
|turn|20
|
|move|p2a: Predator|Crunch|p1a: Quagsire
|-damage|p1a: Quagsire|262\/394
|move|p1a: Quagsire|Scald|p2a: Predator
|-resisted|p2a: Predator
|-activate|p2a: Predator|Substitute|[damage]
|
|-heal|p1a: Quagsire|286\/394|[from] item: Leftovers
|turn|21
|
|move|p2a: Predator|Crunch|p1a: Quagsire
|-damage|p1a: Quagsire|172\/394
|move|p1a: Quagsire|Recover|p1a: Quagsire
|-heal|p1a: Quagsire|369\/394
|
|-heal|p1a: Quagsire|393\/394|[from] item: Leftovers
|turn|22
|
|move|p2a: Predator|Crunch|p1a: Quagsire
|-damage|p1a: Quagsire|263\/394
|move|p1a: Quagsire|Scald|p2a: Predator
|-resisted|p2a: Predator
|-activate|p2a: Predator|Substitute|[damage]
|
|-heal|p1a: Quagsire|287\/394|[from] item: Leftovers
|turn|23
|c| yrs|yeah lol
|
|move|p2a: Predator|Crunch|p1a: Quagsire
|-damage|p1a: Quagsire|155\/394
|move|p1a: Quagsire|Recover|p1a: Quagsire
|-heal|p1a: Quagsire|352\/394
|
|-heal|p1a: Quagsire|376\/394|[from] item: Leftovers
|turn|24
|
|move|p2a: Predator|Crunch|p1a: Quagsire
|-damage|p1a: Quagsire|246\/394
|move|p1a: Quagsire|Scald|p2a: Predator
|-resisted|p2a: Predator
|-end|p2a: Predator|Substitute
|
|-heal|p1a: Quagsire|270\/394|[from] item: Leftovers
|turn|25
|c| yrs|wow
|
|move|p2a: Predator|Substitute|p2a: Predator
|-start|p2a: Predator|Substitute
|-damage|p2a: Predator|3\/331
|move|p1a: Quagsire|Recover|p1a: Quagsire
|-heal|p1a: Quagsire|394\/394
|
|turn|26
|c| yrs|no drop
|
|move|p2a: Predator|Crunch|p1a: Quagsire
|-damage|p1a: Quagsire|265\/394
|move|p1a: Quagsire|Scald|p2a: Predator
|-resisted|p2a: Predator
|-activate|p2a: Predator|Substitute|[damage]
|
|-heal|p1a: Quagsire|289\/394|[from] item: Leftovers
|turn|27
|c| Ox the Fox|"20%
|
|move|p2a: Predator|Waterfall|p1a: Quagsire
|-damage|p1a: Quagsire|157\/394
|move|p1a: Quagsire|Recover|p1a: Quagsire
|-heal|p1a: Quagsire|354\/394
|
|-heal|p1a: Quagsire|378\/394|[from] item: Leftovers
|turn|28
|
|move|p2a: Predator|Crunch|p1a: Quagsire
|-damage|p1a: Quagsire|260\/394
|move|p1a: Quagsire|Scald|p2a: Predator
|-resisted|p2a: Predator
|-activate|p2a: Predator|Substitute|[damage]
|
|-heal|p1a: Quagsire|284\/394|[from] item: Leftovers
|turn|29
|
|move|p2a: Predator|Waterfall|p1a: Quagsire
|-damage|p1a: Quagsire|164\/394
|cant|p1a: Quagsire|flinch
|
|-heal|p1a: Quagsire|188\/394|[from] item: Leftovers
|turn|30
|c| Ox the Fox|1 more
|
|move|p2a: Predator|Waterfall|p1a: Quagsire
|-damage|p1a: Quagsire|58\/394
|cant|p1a: Quagsire|flinch
|
|-heal|p1a: Quagsire|82\/394|[from] item: Leftovers
|turn|31
|c| yrs|wow
|c| Ox the Fox|awhhh
|c| yrs|rs gets lucky
|c| yrs|lol
|c| yrs|nop
|c| yrs|welp
|c| yrs|:(
|c|âRS Swept|well i still kinda have a plan
|c|âRS Swept|idk if i need quaggy though
|c| Ox the Fox|probs not
|c| Ox the Fox|gengar kinda beats you though
|
|move|p2a: Predator|Waterfall|p1a: Quagsire
|-damage|p1a: Quagsire|0 fnt
|faint|p1a: Quagsire
|
|
|switch|p1a: Skarmory|Skarmory, F|333\/333
|turn|32
|c|âRS Swept|yeah this team does a number on stall
|
|move|p2a: Predator|Dragon Dance|p2a: Predator
|-boost|p2a: Predator|atk|1
|-boost|p2a: Predator|spe|1
|move|p1a: Skarmory|Brave Bird|p2a: Predator
|-end|p2a: Predator|Substitute
|-damage|p1a: Skarmory|321\/333|[from] recoil|[of] p2a: Predator
|
|turn|33
|c|âMurtada|WRONG MOVE
|c| yrs|what are you doing?
|
|move|p2a: Predator|Waterfall|p1a: Skarmory
|-damage|p1a: Skarmory|78\/333
|cant|p1a: Skarmory|flinch
|
|turn|34
|c| Ox the Fox|same effect
|c| Ox the Fox|oh
|c| yrs|lol
|c| Ox the Fox|:\/
|c| yrs|welp
|c| yrs|gg
|c| lily199iu and SJb|lol
|c| yrs|:(
|c|âMurtada|damn
|
|move|p2a: Predator|Waterfall|p1a: Skarmory
|-damage|p1a: Skarmory|0 fnt
|faint|p1a: Skarmory
|
|
|switch|p1a: Sableye|Sableye-Mega, M|304\/304
|turn|35
|
|move|p2a: Predator|Waterfall|p1a: Sableye
|-damage|p1a: Sableye|4\/304
|move|p1a: Sableye|Will-O-Wisp|p2a: Predator
|-status|p2a: Predator|brn
|
|-damage|p2a: Predator|0 fnt|[from] brn
|faint|p2a: Predator
|c| yrs|wow
|c| yrs|nb
|
|switch|p2a: Phantom|Gengar, M|262\/262
|turn|36
|c| yrs|bulk
|c| Ox the Fox|now conk wins
|c| Ox the Fox|recover if real
|
|switch|p1a: Chansey|Chansey, F|645\/645
|move|p2a: Phantom|Shadow Ball|p1a: Chansey
|-immune|p1a: Chansey|[msg]
|
|turn|37
|
|switch|p1a: Gothitelle|Gothitelle, F|301\/301
|move|p2a: Phantom|Substitute|p2a: Phantom
|-start|p2a: Phantom|Substitute
|-damage|p2a: Phantom|197\/262
|
|-heal|p2a: Phantom|213\/262|[from] item: Black Sludge
|turn|38
|
|move|p1a: Gothitelle|Psyshock|p2a: Phantom
|-crit|p2a: Phantom
|-supereffective|p2a: Phantom
|-end|p2a: Phantom|Substitute
|move|p2a: Phantom|Shadow Ball|p1a: Gothitelle
|-supereffective|p1a: Gothitelle
|-damage|p1a: Gothitelle|29\/301
|
|-heal|p2a: Phantom|229\/262|[from] item: Black Sludge
|turn|39
|
|switch|p1a: Sableye|Sableye-Mega, M|4\/304
|switch|p2a: Tytannial|Ferrothorn, M|352\/352
|
|turn|40
|
|switch|p2a: Enten|Landorus, M|319\/319
|move|p1a: Sableye|Recover|p1a: Sableye
|-heal|p1a: Sableye|156\/304
|
|turn|41
|c|âMurtada|DAMN
|c| yrs|lol
|c| Ox the Fox|lol i was thinking about that
|
|switch|p2a: Phantom|Gengar, M|229\/262
|move|p1a: Sableye|Recover|p1a: Sableye
|-heal|p1a: Sableye|304\/304
|
|-heal|p2a: Phantom|245\/262|[from] item: Black Sludge
|turn|42
|c| Ox the Fox|but then i was like "nah, he'll just go mele"
|
|move|p2a: Phantom|Shadow Ball|p1a: Sableye
|-damage|p1a: Sableye|195\/304
|-unboost|p1a: Sableye|spd|1
|move|p1a: Sableye|Dark Pulse|p2a: Phantom
|-supereffective|p2a: Phantom
|-damage|p2a: Phantom|39\/262
|
|-heal|p2a: Phantom|55\/262|[from] item: Black Sludge
|turn|43
|
|move|p2a: Phantom|Shadow Ball|p1a: Sableye
|-damage|p1a: Sableye|8\/304
|move|p1a: Sableye|Dark Pulse|p2a: Phantom
|-supereffective|p2a: Phantom
|-damage|p2a: Phantom|0 fnt
|faint|p2a: Phantom
|
|
|switch|p2a: Enten|Landorus, M|319\/319
|turn|44
|
|switch|p1a: Cresselia|Cresselia, F|444\/444
|move|p2a: Enten|Knock Off|p1a: Cresselia
|-supereffective|p1a: Cresselia
|-damage|p1a: Cresselia|272\/444
|-enditem|p1a: Cresselia|Leftovers|[from] move: Knock Off|[of] p2a: Enten
|-damage|p2a: Enten|288\/319|[from] item: Life Orb
|
|turn|45
|
|switch|p2a: Heihachi|Conkeldurr, M|383\/383
|move|p1a: Cresselia|Thunder Wave|p2a: Heihachi
|-status|p2a: Heihachi|par
|
|turn|46
|
|move|p1a: Cresselia|Moonlight|p1a: Cresselia
|-heal|p1a: Cresselia|444\/444
|move|p2a: Heihachi|Knock Off|p1a: Cresselia
|-crit|p1a: Cresselia
|-supereffective|p1a: Cresselia
|-damage|p1a: Cresselia|196\/444
|
|turn|47
|
|switch|p2a: Zelda|Meloetta|404\/404
|move|p1a: Cresselia|Moonlight|p1a: Cresselia
|-heal|p1a: Cresselia|418\/444
|
|turn|48
|c| yrs|wow those crits
|c| yrs|thats ub
|c| yrs|sub
|c| yrs|shadow
|c| yrs|cm
|c| yrs|or something meloetta
|c|âMurtada|its subdazzpsyshockcm
|c|âRS Swept|ya
|join|Squirrelll
|c|âRS Swept|and it's gg
|c| Ox the Fox|storm
|c| Ox the Fox|why do u have so many accounts
|
|switch|p1a: Chansey|Chansey, F|645\/645
|move|p2a: Zelda|Substitute|p2a: Zelda
|-start|p2a: Zelda|Substitute
|-damage|p2a: Zelda|303\/404
|
|-heal|p2a: Zelda|328\/404|[from] item: Leftovers
|turn|49
|
|move|p2a: Zelda|Calm Mind|p2a: Zelda
|-boost|p2a: Zelda|spa|1
|-boost|p2a: Zelda|spd|1
|move|p1a: Chansey|Seismic Toss|p2a: Zelda
|-activate|p2a: Zelda|Substitute|[damage]
|
|-heal|p2a: Zelda|353\/404|[from] item: Leftovers
|turn|50
|c|âMurtada|Because i can ox zzzzzzz
|
|move|p2a: Zelda|Calm Mind|p2a: Zelda
|-boost|p2a: Zelda|spa|1
|-boost|p2a: Zelda|spd|1
|move|p1a: Chansey|Seismic Toss|p2a: Zelda
|-end|p2a: Zelda|Substitute
|
|-heal|p2a: Zelda|378\/404|[from] item: Leftovers
|turn|51
|c| Ox the Fox|lol
|
|move|p2a: Zelda|Substitute|p2a: Zelda
|-start|p2a: Zelda|Substitute
|-damage|p2a: Zelda|277\/404
|move|p1a: Chansey|Seismic Toss|p2a: Zelda
|-activate|p2a: Zelda|Substitute|[damage]
|
|-heal|p2a: Zelda|302\/404|[from] item: Leftovers
|turn|52
|c|âMurtada|if 1 tilts
|c|âMurtada|the other is right there
|c|âMurtada|;)
|
|move|p2a: Zelda|Calm Mind|p2a: Zelda
|-boost|p2a: Zelda|spa|1
|-boost|p2a: Zelda|spd|1
|move|p1a: Chansey|Seismic Toss|p2a: Zelda
|-end|p2a: Zelda|Substitute
|
|-heal|p2a: Zelda|327\/404|[from] item: Leftovers
|turn|53
|
|move|p2a: Zelda|Substitute|p2a: Zelda
|-start|p2a: Zelda|Substitute
|-damage|p2a: Zelda|226\/404
|move|p1a: Chansey|Seismic Toss|p2a: Zelda
|-activate|p2a: Zelda|Substitute|[damage]
|
|-heal|p2a: Zelda|251\/404|[from] item: Leftovers
|turn|54
|
|move|p2a: Zelda|Calm Mind|p2a: Zelda
|-boost|p2a: Zelda|spa|1
|-boost|p2a: Zelda|spd|1
|move|p1a: Chansey|Seismic Toss|p2a: Zelda
|-end|p2a: Zelda|Substitute
|
|-heal|p2a: Zelda|276\/404|[from] item: Leftovers
|turn|55
|
|move|p2a: Zelda|Substitute|p2a: Zelda
|-start|p2a: Zelda|Substitute
|-damage|p2a: Zelda|175\/404
|move|p1a: Chansey|Seismic Toss|p2a: Zelda
|-activate|p2a: Zelda|Substitute|[damage]
|
|-heal|p2a: Zelda|200\/404|[from] item: Leftovers
|turn|56
|c| Ox the Fox|i need a main team
|
|move|p2a: Zelda|Calm Mind|p2a: Zelda
|-boost|p2a: Zelda|spa|1
|-boost|p2a: Zelda|spd|1
|move|p1a: Chansey|Seismic Toss|p2a: Zelda
|-end|p2a: Zelda|Substitute
|
|-heal|p2a: Zelda|225\/404|[from] item: Leftovers
|turn|57
|
|move|p2a: Zelda|Substitute|p2a: Zelda
|-start|p2a: Zelda|Substitute
|-damage|p2a: Zelda|124\/404
|move|p1a: Chansey|Seismic Toss|p2a: Zelda
|-activate|p2a: Zelda|Substitute|[damage]
|
|-heal|p2a: Zelda|149\/404|[from] item: Leftovers
|turn|58
|c| Ox the Fox|mine all suck lol
|
|move|p2a: Zelda|Calm Mind|p2a: Zelda
|-boost|p2a: Zelda|spa|1
|-boost|p2a: Zelda|spd|1
|move|p1a: Chansey|Seismic Toss|p2a: Zelda
|-end|p2a: Zelda|Substitute
|
|-heal|p2a: Zelda|174\/404|[from] item: Leftovers
|turn|59
|
|move|p2a: Zelda|Substitute|p2a: Zelda
|-start|p2a: Zelda|Substitute
|-damage|p2a: Zelda|73\/404
|move|p1a: Chansey|Seismic Toss|p2a: Zelda
|-activate|p2a: Zelda|Substitute|[damage]
|
|-heal|p2a: Zelda|98\/404|[from] item: Leftovers
|turn|60
|c|âMurtada|ox
|c|âMurtada|ur teams don't suck at all
|c|âMurtada|its just u
|
|move|p2a: Zelda|Psyshock|p1a: Chansey
|-damage|p1a: Chansey|0 fnt
|faint|p1a: Chansey
|
|-heal|p2a: Zelda|123\/404|[from] item: Leftovers
|join|uioghug
|c| Ox the Fox|rude
|
|switch|p1a: Cresselia|Cresselia, F|418\/444
|turn|61
|c|âMurtada|lol
|
|move|p2a: Zelda|Dazzling Gleam|p1a: Cresselia
|-damage|p1a: Cresselia|174\/444
|move|p1a: Cresselia|Psyshock|p2a: Zelda
|-resisted|p2a: Zelda
|-end|p2a: Zelda|Substitute
|
|-heal|p2a: Zelda|148\/404|[from] item: Leftovers
|turn|62
|c| Ox the Fox|:]
|c| Ox the Fox|:[****
|
|move|p2a: Zelda|Dazzling Gleam|p1a: Cresselia
|-damage|p1a: Cresselia|0 fnt
|faint|p1a: Cresselia
|
|-heal|p2a: Zelda|173\/404|[from] item: Leftovers
|join|c1one
|c| Ox the Fox|dats not a happy though
|
|switch|p1a: Gothitelle|Gothitelle, F|29\/301
|turn|63
|c|âMurtada|smile fgt
|c|âMurtada|:)
|c|âMurtada|torturing me for months
|
|move|p1a: Gothitelle|Trick|p2a: Zelda
|-activate|p1a: Gothitelle|move: Trick|[of] p2a: Zelda
|-item|p2a: Zelda|Choice Scarf|[from] move: Trick
|-item|p1a: Gothitelle|Leftovers|[from] move: Trick
|move|p2a: Zelda|Dazzling Gleam|p1a: Gothitelle
|-damage|p1a: Gothitelle|0 fnt
|faint|p1a: Gothitelle
|
|c|âMurtada|Ox i mean
|c| Ox the Fox|i dun torture you
|c|âMurtada|U torture me for months
|c|âMurtada|with a fucking
|
|switch|p1a: Sableye|Sableye-Mega, M|8\/304
|turn|64
|c| Ox the Fox|n
|c|âMurtada|shedinja
|c|âMurtada|and haxing me too
|c| Ox the Fox|oh yes
|c| Ox the Fox|hue i rekt u
|
|move|p2a: Zelda|Dazzling Gleam|p1a: Sableye
|-supereffective|p1a: Sableye
|-damage|p1a: Sableye|0 fnt
|faint|p1a: Sableye
|
|win|Murtada
|raw|Ladder updating...
|c| Ox the Fox|b-but
|raw|RS Swept's rating: 1764 &rarr; <strong>1740<\/strong><br \/>(-24 for losing)
|raw|Murtada's rating: 1694 &rarr; <strong>1718<\/strong><br \/>(+24 for winning)
|c|âRS Swept|gg
|c| Ox the Fox|we had a fair battle
|c|âMurtada|gg
|leave|yrs
|c|âMurtada|NO
|c| Ox the Fox|and u flinched\/crit my sceptile to death
|leave|lily199iu and SJb
|c|âMurtada|i dced... u said i lost from game
|leave|RS Swept
|player|p1
|c|âMurtada|matchup
|leave|Squirrelll
|c|âMurtada|And i came back
|c|âMurtada|and kicked ur ass
|leave|c1one