|join|RS Swept
|join|SoFabolous
|player|p1|RS Swept|29
|player|p2|SoFabolous|291
|gametype|singles
|gen|6
|tier|OU
|rated
|clearpoke
|poke|p1|Gothitelle, M
|poke|p1|Skarmory, F
|poke|p1|Cresselia, F
|poke|p1|Quagsire, F
|poke|p1|Sableye, F
|poke|p1|Chansey, F
|poke|p2|Metagross
|poke|p2|Rotom-Wash
|poke|p2|Heatran, M
|poke|p2|Landorus-Therian, M
|poke|p2|Heracross, F
|poke|p2|Gengar, F
|rule|Swagger Clause: Swagger is banned
|rule|Baton Pass Clause: Limit one PokÃ©mon knowing Baton Pass
|rule|Sleep Clause Mod: Limit one foe put to sleep
|rule|Species Clause: Limit one of each PokÃ©mon
|rule|OHKO Clause: OHKO moves are banned
|rule|Moody Clause: Moody is banned
|rule|Evasion Moves Clause: Evasion moves are banned
|rule|Endless Battle Clause: Forcing endless battles is banned
|rule|HP Percentage Mod: HP is shown in percentages
|teampreview
|
|start
|switch|p1a: Sableye|Sableye, F|303\/303
|switch|p2a: Gengar|Gengar, F|262\/262
|turn|1
|
|detailschange|p1a: Sableye|Sableye-Mega, F
|message|Sableye has Mega Evolved into Mega Sableye!
|move|p2a: Gengar|Shadow Ball|p1a: Sableye
|-damage|p1a: Sableye|173\/303
|-damage|p2a: Gengar|236\/262|[from] item: Life Orb
|move|p1a: Sableye|Snarl|p2a: Gengar
|-supereffective|p2a: Gengar
|-damage|p2a: Gengar|92\/262
|-unboost|p2a: Gengar|spa|1
|
|turn|2
|join|lsan
|
|switch|p2a: Heracross|Heracross, F|308\/308
|move|p1a: Sableye|Recover|p1a: Sableye
|-heal|p1a: Sableye|303\/303
|
|turn|3
|
|move|p2a: Heracross|Megahorn|p1a: Sableye
|-damage|p1a: Sableye|48\/303
|move|p1a: Sableye|Will-O-Wisp|p2a: Heracross
|-status|p2a: Heracross|brn
|
|-damage|p2a: Heracross|270\/308 brn|[from] brn
|turn|4
|
|switch|p1a: Skarmory|Skarmory, F|333\/333
|move|p2a: Heracross|Megahorn|p1a: Skarmory|[miss]
|-miss|p2a: Heracross|p1a: Skarmory
|
|-damage|p2a: Heracross|232\/308 brn|[from] brn
|turn|5
|
|switch|p2a: Rotom-Wash|Rotom-Wash|303\/303
|move|p1a: Skarmory|Spikes|p2a: Rotom-Wash
|-sidestart|p2: SoFabolous|Spikes
|
|turn|6
|
|switch|p1a: Chansey|Chansey, F|645\/645
|move|p2a: Rotom-Wash|Volt Switch|p1a: Chansey
|-damage|p1a: Chansey|599\/645
|
|switch|p2a: Gengar|Gengar, F|92\/262
|
|turn|7
|
|move|p2a: Gengar|Taunt|p1a: Chansey
|-start|p1a: Chansey|move: Taunt
|cant|p1a: Chansey|move: Taunt|Stealth Rock
|
|turn|8
|
|move|p2a: Gengar|Shadow Ball|p1a: Chansey
|-immune|p1a: Chansey|[msg]
|move|p1a: Chansey|Seismic Toss|p2a: Gengar
|-immune|p2a: Gengar|[msg]
|
|turn|9
|
|move|p2a: Gengar|Shadow Ball|p1a: Chansey
|-immune|p1a: Chansey|[msg]
|move|p1a: Chansey|Seismic Toss|p2a: Gengar
|-immune|p2a: Gengar|[msg]
|
|-end|p1a: Chansey|move: Taunt
|turn|10
|
|switch|p1a: Sableye|Sableye-Mega, F|48\/303
|move|p2a: Gengar|Shadow Ball|p1a: Sableye
|-damage|p1a: Sableye|0 fnt
|-damage|p2a: Gengar|66\/262|[from] item: Life Orb
|faint|p1a: Sableye
|
|
|switch|p1a: Gothitelle|Gothitelle, M|301\/301
|turn|11
|
|switch|p1a: Chansey|Chansey, F|599\/645
|switch|p2a: Metagross|Metagross|302\/302
|-damage|p2a: Metagross|265\/302|[from] Spikes
|
|turn|12
|
|switch|p1a: Skarmory|Skarmory, F|333\/333
|detailschange|p2a: Metagross|Metagross-Mega
|message|Metagross has Mega Evolved into Mega Metagross!
|move|p2a: Metagross|Meteor Mash|p1a: Skarmory
|-resisted|p1a: Skarmory
|-damage|p1a: Skarmory|273\/333
|
|turn|13
|
|switch|p2a: Heracross|Heracross, F|232\/308 brn
|-damage|p2a: Heracross|194\/308 brn|[from] Spikes
|move|p1a: Skarmory|Spikes|p2a: Heracross
|-sidestart|p2: SoFabolous|Spikes
|
|-damage|p2a: Heracross|156\/308 brn|[from] brn
|turn|14
|
|move|p2a: Heracross|Close Combat|p1a: Skarmory
|-damage|p1a: Skarmory|0 fnt
|-unboost|p2a: Heracross|def|1
|-unboost|p2a: Heracross|spd|1
|faint|p1a: Skarmory
|
|-damage|p2a: Heracross|118\/308 brn|[from] brn
|
|switch|p1a: Gothitelle|Gothitelle, M|301\/301
|turn|15
|
|move|p1a: Gothitelle|Psyshock|p2a: Heracross
|-supereffective|p2a: Heracross
|-damage|p2a: Heracross|0 fnt
|faint|p2a: Heracross
|
|
|switch|p2a: Metagross|Metagross-Mega|265\/302
|-damage|p2a: Metagross|215\/302|[from] Spikes
|turn|16
|
|switch|p1a: Quagsire|Quagsire, F|394\/394
|move|p2a: Metagross|Zen Headbutt|p1a: Quagsire
|-damage|p1a: Quagsire|231\/394
|
|-heal|p1a: Quagsire|255\/394|[from] item: Leftovers
|turn|17
|
|move|p2a: Metagross|Zen Headbutt|p1a: Quagsire
|-damage|p1a: Quagsire|93\/394
|move|p1a: Quagsire|Recover|p1a: Quagsire
|-heal|p1a: Quagsire|290\/394
|
|-heal|p1a: Quagsire|314\/394|[from] item: Leftovers
|turn|18
|
|move|p2a: Metagross|Zen Headbutt|p1a: Quagsire
|-damage|p1a: Quagsire|151\/394
|move|p1a: Quagsire|Recover|p1a: Quagsire
|-heal|p1a: Quagsire|348\/394
|
|-heal|p1a: Quagsire|372\/394|[from] item: Leftovers
|turn|19
|
|switch|p2a: Rotom-Wash|Rotom-Wash|303\/303
|move|p1a: Quagsire|Scald|p2a: Rotom-Wash
|-resisted|p2a: Rotom-Wash
|-damage|p2a: Rotom-Wash|269\/303
|
|-heal|p2a: Rotom-Wash|287\/303|[from] item: Leftovers
|-heal|p1a: Quagsire|394\/394|[from] item: Leftovers
|turn|20
|join|Dark Ganon
|
|switch|p1a: Chansey|Chansey, F|599\/645
|move|p2a: Rotom-Wash|Will-O-Wisp|p1a: Chansey
|-status|p1a: Chansey|brn
|
|-heal|p2a: Rotom-Wash|303\/303|[from] item: Leftovers
|-damage|p1a: Chansey|519\/645 brn|[from] brn
|turn|21
|
|move|p2a: Rotom-Wash|Volt Switch|p1a: Chansey
|-damage|p1a: Chansey|476\/645 brn
|
|switch|p2a: Gengar|Gengar, F|66\/262
|move|p1a: Chansey|Stealth Rock|p2a: Gengar
|-sidestart|p2: SoFabolous|move: Stealth Rock
|
|-damage|p1a: Chansey|396\/645 brn|[from] brn
|turn|22
|
|switch|p1a: Cresselia|Cresselia, F|444\/444
|move|p2a: Gengar|Taunt|p1a: Cresselia
|-start|p1a: Cresselia|move: Taunt
|
|turn|23
|
|move|p2a: Gengar|Shadow Ball|p1a: Cresselia
|-supereffective|p1a: Cresselia
|-damage|p1a: Cresselia|163\/444
|-damage|p2a: Gengar|40\/262|[from] item: Life Orb
|move|p1a: Cresselia|Psyshock|p2a: Gengar
|-supereffective|p2a: Gengar
|-damage|p2a: Gengar|0 fnt
|faint|p2a: Gengar
|
|-heal|p1a: Cresselia|190\/444|[from] item: Leftovers
|
|switch|p2a: Metagross|Metagross-Mega|215\/302
|-damage|p2a: Metagross|197\/302|[from] Stealth Rock
|-damage|p2a: Metagross|147\/302|[from] Spikes
|turn|24
|
|switch|p1a: Quagsire|Quagsire, F|394\/394
|move|p2a: Metagross|Meteor Mash|p1a: Quagsire
|-resisted|p1a: Quagsire
|-damage|p1a: Quagsire|304\/394
|
|-heal|p1a: Quagsire|328\/394|[from] item: Leftovers
|turn|25
|
|switch|p2a: Rotom-Wash|Rotom-Wash|303\/303
|-damage|p2a: Rotom-Wash|266\/303|[from] Stealth Rock
|move|p1a: Quagsire|Recover|p1a: Quagsire
|-heal|p1a: Quagsire|394\/394
|
|-heal|p2a: Rotom-Wash|284\/303|[from] item: Leftovers
|turn|26
|
|switch|p1a: Chansey|Chansey, F|396\/645
|move|p2a: Rotom-Wash|Will-O-Wisp|p1a: Chansey
|-status|p1a: Chansey|brn
|
|-heal|p2a: Rotom-Wash|302\/303|[from] item: Leftovers
|-damage|p1a: Chansey|316\/645 brn|[from] brn
|turn|27
|
|move|p2a: Rotom-Wash|Volt Switch|p1a: Chansey
|-damage|p1a: Chansey|270\/645 brn
|
|switch|p2a: Heatran|Heatran, M|385\/385
|-damage|p2a: Heatran|321\/385|[from] Spikes
|-damage|p2a: Heatran|273\/385|[from] Stealth Rock
|move|p1a: Chansey|Soft-Boiled|p1a: Chansey
|-heal|p1a: Chansey|593\/645 brn
|
|-heal|p2a: Heatran|297\/385|[from] item: Leftovers
|-damage|p1a: Chansey|513\/645 brn|[from] brn
|turn|28
|
|switch|p1a: Quagsire|Quagsire, F|394\/394
|move|p2a: Heatran|Stealth Rock|p1a: Quagsire
|-sidestart|p1: RS Swept|move: Stealth Rock
|
|-heal|p2a: Heatran|321\/385|[from] item: Leftovers
|turn|29
|
|move|p2a: Heatran|Toxic|p1a: Quagsire
|-status|p1a: Quagsire|tox
|move|p1a: Quagsire|Toxic|p2a: Heatran
|-fail|p2a: Heatran
|
|-heal|p2a: Heatran|345\/385|[from] item: Leftovers
|-damage|p1a: Quagsire|370\/394 tox|[from] psn
|turn|30
|
|switch|p2a: Landorus-Therian|Landorus-Therian, M|325\/325
|-damage|p2a: Landorus-Therian|285\/325|[from] Stealth Rock
|-ability|p2a: Landorus-Therian|Intimidate|[of] p1a: Quagsire
|-unboost|p1a: Quagsire|atk|1
|move|p1a: Quagsire|Toxic|p2a: Landorus-Therian
|-status|p2a: Landorus-Therian|tox
|
|-heal|p1a: Quagsire|394\/394 tox|[from] item: Leftovers
|-damage|p2a: Landorus-Therian|265\/325 tox|[from] psn
|-damage|p1a: Quagsire|346\/394 tox|[from] psn
|turn|31
|
|switch|p1a: Cresselia|Cresselia, F|190\/444
|-damage|p1a: Cresselia|135\/444|[from] Stealth Rock
|move|p2a: Landorus-Therian|Knock Off|p1a: Cresselia
|-supereffective|p1a: Cresselia
|-damage|p1a: Cresselia|0 fnt
|-enditem|p1a: Cresselia|Leftovers|[from] move: Knock Off|[of] p2a: Landorus-Therian
|faint|p1a: Cresselia
|
|-damage|p2a: Landorus-Therian|225\/325 tox|[from] psn
|
|switch|p1a: Gothitelle|Gothitelle, M|301\/301
|-damage|p1a: Gothitelle|264\/301|[from] Stealth Rock
|turn|32
|
|switch|p1a: Chansey|Chansey, F|513\/645
|-damage|p1a: Chansey|433\/645|[from] Stealth Rock
|move|p2a: Landorus-Therian|Knock Off|p1a: Chansey
|-damage|p1a: Chansey|279\/645
|-enditem|p1a: Chansey|Eviolite|[from] move: Knock Off|[of] p2a: Landorus-Therian
|
|-damage|p2a: Landorus-Therian|165\/325 tox|[from] psn
|turn|33
|
|switch|p2a: Heatran|Heatran, M|345\/385
|-damage|p2a: Heatran|297\/385|[from] Stealth Rock
|-damage|p2a: Heatran|233\/385|[from] Spikes
|move|p1a: Chansey|Soft-Boiled|p1a: Chansey
|-heal|p1a: Chansey|602\/645
|
|-heal|p2a: Heatran|257\/385|[from] item: Leftovers
|turn|34
|
|move|p1a: Chansey|Aromatherapy|p1a: Chansey
|-cureteam|p1a: Chansey|[from] move: Aromatherapy
|move|p2a: Heatran|Roar|p1a: Chansey
|drag|p1a: Quagsire|Quagsire, F|346\/394
|-damage|p1a: Quagsire|322\/394|[from] Stealth Rock
|
|-heal|p2a: Heatran|281\/385|[from] item: Leftovers
|-heal|p1a: Quagsire|346\/394|[from] item: Leftovers
|turn|35
|
|move|p2a: Heatran|Toxic|p1a: Quagsire
|-status|p1a: Quagsire|tox
|move|p1a: Quagsire|Earthquake|p2a: Heatran
|-supereffective|p2a: Heatran
|-damage|p2a: Heatran|0 fnt
|faint|p2a: Heatran
|
|-heal|p1a: Quagsire|370\/394 tox|[from] item: Leftovers
|-damage|p1a: Quagsire|346\/394 tox|[from] psn
|
|switch|p2a: Rotom-Wash|Rotom-Wash|302\/303
|-damage|p2a: Rotom-Wash|265\/303|[from] Stealth Rock
|turn|36
|
|switch|p1a: Chansey|Chansey, F|602\/645
|-damage|p1a: Chansey|522\/645|[from] Stealth Rock
|move|p2a: Rotom-Wash|Volt Switch|p1a: Chansey
|-damage|p1a: Chansey|455\/645
|
|switch|p2a: Metagross|Metagross-Mega|147\/302
|-damage|p2a: Metagross|129\/302|[from] Stealth Rock
|-damage|p2a: Metagross|79\/302|[from] Spikes
|
|turn|37
|
|switch|p1a: Gothitelle|Gothitelle, M|264\/301
|-damage|p1a: Gothitelle|227\/301|[from] Stealth Rock
|move|p2a: Metagross|Zen Headbutt|p1a: Gothitelle
|-resisted|p1a: Gothitelle
|-damage|p1a: Gothitelle|111\/301
|
|turn|38
|
|move|p2a: Metagross|Bullet Punch|p1a: Gothitelle
|-damage|p1a: Gothitelle|0 fnt
|faint|p1a: Gothitelle
|
|
|switch|p1a: Quagsire|Quagsire, F|346\/394 tox
|-damage|p1a: Quagsire|322\/394 tox|[from] Stealth Rock
|turn|39
|
|switch|p2a: Rotom-Wash|Rotom-Wash|265\/303
|-damage|p2a: Rotom-Wash|228\/303|[from] Stealth Rock
|move|p1a: Quagsire|Earthquake|p2a: Rotom-Wash
|-immune|p2a: Rotom-Wash|[msg]
|
|-heal|p2a: Rotom-Wash|246\/303|[from] item: Leftovers
|-heal|p1a: Quagsire|346\/394 tox|[from] item: Leftovers
|-damage|p1a: Quagsire|322\/394 tox|[from] psn
|turn|40
|
|move|p2a: Rotom-Wash|Volt Switch|p1a: Quagsire
|-immune|p1a: Quagsire|[msg]
|move|p1a: Quagsire|Recover|p1a: Quagsire
|-heal|p1a: Quagsire|394\/394 tox
|
|-heal|p2a: Rotom-Wash|264\/303|[from] item: Leftovers
|-damage|p1a: Quagsire|346\/394 tox|[from] psn
|turn|41
|
|move|p2a: Rotom-Wash|Volt Switch|p1a: Quagsire
|-immune|p1a: Quagsire|[msg]
|move|p1a: Quagsire|Toxic|p2a: Rotom-Wash
|-status|p2a: Rotom-Wash|tox
|
|-heal|p2a: Rotom-Wash|282\/303 tox|[from] item: Leftovers
|-heal|p1a: Quagsire|370\/394 tox|[from] item: Leftovers
|-damage|p2a: Rotom-Wash|264\/303 tox|[from] psn
|-damage|p1a: Quagsire|298\/394 tox|[from] psn
|turn|42
|
|move|p2a: Rotom-Wash|Volt Switch|p1a: Quagsire
|-immune|p1a: Quagsire|[msg]
|move|p1a: Quagsire|Recover|p1a: Quagsire
|-heal|p1a: Quagsire|394\/394 tox
|
|-heal|p2a: Rotom-Wash|282\/303 tox|[from] item: Leftovers
|-damage|p2a: Rotom-Wash|246\/303 tox|[from] psn
|-damage|p1a: Quagsire|298\/394 tox|[from] psn
|turn|43
|
|switch|p1a: Chansey|Chansey, F|455\/645
|-damage|p1a: Chansey|375\/645|[from] Stealth Rock
|move|p2a: Rotom-Wash|Volt Switch|p1a: Chansey
|-damage|p1a: Chansey|306\/645
|
|switch|p2a: Metagross|Metagross-Mega|79\/302
|-damage|p2a: Metagross|61\/302|[from] Stealth Rock
|-damage|p2a: Metagross|11\/302|[from] Spikes
|
|turn|44
|
|move|p2a: Metagross|Zen Headbutt|p1a: Chansey
|-damage|p1a: Chansey|0 fnt
|faint|p1a: Chansey
|
|
|switch|p1a: Quagsire|Quagsire, F|298\/394 tox
|-damage|p1a: Quagsire|274\/394 tox|[from] Stealth Rock
|turn|45
|
|move|p2a: Metagross|Zen Headbutt|p1a: Quagsire
|-damage|p1a: Quagsire|111\/394 tox
|move|p1a: Quagsire|Scald|p2a: Metagross
|-damage|p2a: Metagross|0 fnt
|faint|p2a: Metagross
|
|-heal|p1a: Quagsire|135\/394 tox|[from] item: Leftovers
|-damage|p1a: Quagsire|111\/394 tox|[from] psn
|
|switch|p2a: Landorus-Therian|Landorus-Therian, M|165\/325 tox
|-damage|p2a: Landorus-Therian|125\/325 tox|[from] Stealth Rock
|-ability|p2a: Landorus-Therian|Intimidate|[of] p1a: Quagsire
|-unboost|p1a: Quagsire|atk|1
|turn|46
|-message|RS Swept forfeited.
|
|win|SoFabolous
|raw|Ladder updating...
|leave|RS Swept
|player|p1
|leave|lsan