|join|RS Swept
|join|FearTheCow57
|player|p1|RS Swept|29
|player|p2|FearTheCow57|143
|gametype|singles
|gen|6
|tier|OU
|rated
|clearpoke
|poke|p1|Gothitelle, M
|poke|p1|Skarmory, M
|poke|p1|Cresselia, F
|poke|p1|Quagsire, M
|poke|p1|Sableye, M
|poke|p1|Chansey, F
|poke|p2|Latias, F
|poke|p2|Keldeo
|poke|p2|Heatran, F
|poke|p2|Chansey, F
|poke|p2|Skarmory, M
|poke|p2|Celebi
|rule|Swagger Clause: Swagger is banned
|rule|Baton Pass Clause: Limit one PokÃ©mon knowing Baton Pass
|rule|Sleep Clause Mod: Limit one foe put to sleep
|rule|Species Clause: Limit one of each PokÃ©mon
|rule|OHKO Clause: OHKO moves are banned
|rule|Moody Clause: Moody is banned
|rule|Evasion Moves Clause: Evasion moves are banned
|rule|Endless Battle Clause: Forcing endless battles is banned
|rule|HP Percentage Mod: HP is shown in percentages
|teampreview
|
|start
|switch|p1a: Sableye|Sableye, M|304\/304
|switch|p2a: Heatran|Heatran, F|385\/385
|turn|1
|join|Clamperalt
|
|detailschange|p1a: Sableye|Sableye-Mega, M
|message|Sableye has Mega Evolved into Mega Sableye!
|move|p1a: Sableye|Calm Mind|p1a: Sableye
|-boost|p1a: Sableye|spa|1
|-boost|p1a: Sableye|spd|1
|move|p2a: Heatran|Lava Plume|p1a: Sableye
|-damage|p1a: Sableye|243\/304
|
|turn|2
|
|switch|p2a: Celebi|Celebi|403\/403
|switch|p1a: Chansey|Chansey, F|645\/645
|
|turn|3
|
|move|p2a: Celebi|Nasty Plot|p2a: Celebi
|-boost|p2a: Celebi|spa|2
|move|p1a: Chansey|Stealth Rock|p2a: Celebi
|-sidestart|p2: FearTheCow57|move: Stealth Rock
|
|turn|4
|
|switch|p1a: Gothitelle|Gothitelle, M|301\/301
|move|p2a: Celebi|Giga Drain|p1a: Gothitelle
|-damage|p1a: Gothitelle|136\/301
|
|turn|5
|
|move|p1a: Gothitelle|Trick|p2a: Celebi
|-activate|p1a: Gothitelle|move: Trick|[of] p2a: Celebi
|-item|p2a: Celebi|Choice Scarf|[from] move: Trick
|-item|p1a: Gothitelle|Leftovers|[from] move: Trick
|move|p2a: Celebi|Giga Drain|p1a: Gothitelle
|-crit|p1a: Gothitelle
|-damage|p1a: Gothitelle|0 fnt
|faint|p1a: Gothitelle
|
|
|switch|p1a: Skarmory|Skarmory, M|333\/333
|turn|6
|
|switch|p2a: Skarmory|Skarmory, M|334\/334
|-damage|p2a: Skarmory|293\/334|[from] Stealth Rock
|move|p1a: Skarmory|Spikes|p2a: Skarmory
|-sidestart|p2: FearTheCow57|Spikes
|
|turn|7
|
|switch|p1a: Sableye|Sableye-Mega, M|243\/304
|move|p2a: Skarmory|Defog|p1a: Sableye
|move|p1a: Sableye|Defog|p2a: Skarmory|[from]Magic Bounce
|-unboost|p2a: Skarmory|evasion|1
|-sideend|p2: FearTheCow57|Spikes|[from] move: Defog|[of] p2a: Skarmory
|-sideend|p2: FearTheCow57|Stealth Rock|[from] move: Defog|[of] p2a: Skarmory
|
|turn|8
|
|switch|p2a: Keldeo|Keldeo|323\/323
|move|p1a: Sableye|Dark Pulse|p2a: Keldeo
|-resisted|p2a: Keldeo
|-damage|p2a: Keldeo|279\/323
|-boost|p2a: Keldeo|atk|1|[from] ability: Justified
|
|turn|9
|
|move|p2a: Keldeo|Scald|p1a: Sableye
|-damage|p1a: Sableye|74\/304
|move|p1a: Sableye|Will-O-Wisp|p2a: Keldeo|[miss]
|-miss|p1a: Sableye|p2a: Keldeo
|
|turn|10
|
|switch|p2a: Skarmory|Skarmory, M|293\/334
|switch|p1a: Chansey|Chansey, F|645\/645
|
|turn|11
|
|move|p2a: Skarmory|Stealth Rock|p1a: Chansey
|-sidestart|p1: RS Swept|move: Stealth Rock
|move|p1a: Chansey|Stealth Rock|p2a: Skarmory
|-sidestart|p2: FearTheCow57|move: Stealth Rock
|
|turn|12
|
|switch|p2a: Heatran|Heatran, F|385\/385
|-damage|p2a: Heatran|337\/385|[from] Stealth Rock
|switch|p1a: Skarmory|Skarmory, M|333\/333
|-damage|p1a: Skarmory|292\/333|[from] Stealth Rock
|
|-heal|p2a: Heatran|361\/385|[from] item: Leftovers
|turn|13
|
|switch|p1a: Cresselia|Cresselia, F|444\/444
|-damage|p1a: Cresselia|389\/444|[from] Stealth Rock
|move|p2a: Heatran|Toxic|p1a: Cresselia
|-status|p1a: Cresselia|tox
|
|-heal|p1a: Cresselia|416\/444 tox|[from] item: Leftovers
|-heal|p2a: Heatran|385\/385|[from] item: Leftovers
|-damage|p1a: Cresselia|389\/444 tox|[from] psn
|turn|14
|
|move|p1a: Cresselia|Thunder Wave|p2a: Heatran
|-status|p2a: Heatran|par
|move|p2a: Heatran|Lava Plume|p1a: Cresselia
|-damage|p1a: Cresselia|296\/444 tox
|
|-heal|p1a: Cresselia|323\/444 tox|[from] item: Leftovers
|-damage|p1a: Cresselia|269\/444 tox|[from] psn
|turn|15
|
|switch|p1a: Chansey|Chansey, F|645\/645
|-damage|p1a: Chansey|565\/645|[from] Stealth Rock
|move|p2a: Heatran|Toxic|p1a: Chansey|[miss]
|-miss|p2a: Heatran|p1a: Chansey
|
|turn|16
|
|switch|p2a: Keldeo|Keldeo|279\/323
|-damage|p2a: Keldeo|259\/323|[from] Stealth Rock
|move|p1a: Chansey|Aromatherapy|p1a: Chansey
|-cureteam|p1a: Chansey|[from] move: Aromatherapy
|
|turn|17
|
|switch|p1a: Cresselia|Cresselia, F|269\/444
|-damage|p1a: Cresselia|214\/444|[from] Stealth Rock
|move|p2a: Keldeo|Secret Sword|p1a: Cresselia
|-resisted|p1a: Cresselia
|-damage|p1a: Cresselia|129\/444
|
|-heal|p1a: Cresselia|156\/444|[from] item: Leftovers
|turn|18
|
|switch|p2a: Celebi|Celebi|403\/403
|-damage|p2a: Celebi|353\/403|[from] Stealth Rock
|move|p1a: Cresselia|Moonlight|p1a: Cresselia
|-heal|p1a: Cresselia|378\/444
|
|-heal|p1a: Cresselia|405\/444|[from] item: Leftovers
|turn|19
|
|move|p2a: Celebi|Baton Pass|p2a: Celebi
|
|switch|p2a: Chansey|Chansey, F|641\/641
|-damage|p2a: Chansey|561\/641|[from] Stealth Rock
|move|p1a: Cresselia|Thunder Wave|p2a: Chansey
|-status|p2a: Chansey|par
|
|-heal|p1a: Cresselia|432\/444|[from] item: Leftovers
|turn|20
|
|switch|p2a: Heatran|Heatran, F|385\/385 par
|-damage|p2a: Heatran|337\/385 par|[from] Stealth Rock
|move|p1a: Cresselia|Thunder Wave|p2a: Heatran
|-fail|p2a: Heatran|par
|
|-heal|p1a: Cresselia|444\/444|[from] item: Leftovers
|-heal|p2a: Heatran|361\/385 par|[from] item: Leftovers
|turn|21
|
|move|p1a: Cresselia|Skill Swap|p2a: Heatran
|-activate|p1a: Cresselia|move: Skill Swap|Flash Fire|Levitate|[of] p2a: Heatran
|move|p2a: Heatran|Lava Plume|p1a: Cresselia
|-start|p1a: Cresselia|ability: Flash Fire
|
|-heal|p2a: Heatran|385\/385 par|[from] item: Leftovers
|turn|22
|c|âFearTheCow57|bravo, love the set
|c|âRS Swept|:P
|
|switch|p1a: Sableye|Sableye-Mega, M|74\/304
|-damage|p1a: Sableye|36\/304|[from] Stealth Rock
|cant|p2a: Heatran|par
|
|turn|23
|c|âFearTheCow57|fbfdBefd
|c|âFearTheCow57|bab
|c|âFearTheCow57|ugh, i lava plumed
|
|move|p1a: Sableye|Recover|p1a: Sableye
|-heal|p1a: Sableye|188\/304
|cant|p2a: Heatran|par
|
|turn|24
|
|move|p1a: Sableye|Recover|p1a: Sableye
|-heal|p1a: Sableye|304\/304
|move|p2a: Heatran|Lava Plume|p1a: Sableye
|-damage|p1a: Sableye|199\/304
|
|turn|25
|
|move|p1a: Sableye|Calm Mind|p1a: Sableye
|-boost|p1a: Sableye|spa|1
|-boost|p1a: Sableye|spd|1
|move|p2a: Heatran|Toxic|p1a: Sableye
|move|p1a: Sableye|Toxic|p2a: Heatran|[from]Magic Bounce
|-fail|p2a: Heatran
|
|turn|26
|
|move|p1a: Sableye|Calm Mind|p1a: Sableye
|-boost|p1a: Sableye|spa|1
|-boost|p1a: Sableye|spd|1
|move|p2a: Heatran|Lava Plume|p1a: Sableye
|-damage|p1a: Sableye|147\/304
|
|turn|27
|
|move|p1a: Sableye|Recover|p1a: Sableye
|-heal|p1a: Sableye|299\/304
|move|p2a: Heatran|Lava Plume|p1a: Sableye
|-damage|p1a: Sableye|250\/304
|-status|p1a: Sableye|brn
|
|-damage|p1a: Sableye|212\/304 brn|[from] brn
|turn|28
|
|switch|p1a: Chansey|Chansey, F|565\/645
|-damage|p1a: Chansey|485\/645|[from] Stealth Rock
|switch|p2a: Keldeo|Keldeo|259\/323
|-damage|p2a: Keldeo|239\/323|[from] Stealth Rock
|
|turn|29
|
|switch|p1a: Cresselia|Cresselia, F|444\/444
|-damage|p1a: Cresselia|389\/444|[from] Stealth Rock
|move|p2a: Keldeo|Secret Sword|p1a: Cresselia
|-resisted|p1a: Cresselia
|-damage|p1a: Cresselia|306\/444
|
|-heal|p1a: Cresselia|333\/444|[from] item: Leftovers
|turn|30
|
|switch|p2a: Chansey|Chansey, F|561\/641
|-damage|p2a: Chansey|481\/641|[from] Stealth Rock
|move|p1a: Cresselia|Psyshock|p2a: Chansey
|-crit|p2a: Chansey
|-damage|p2a: Chansey|334\/641
|
|-heal|p1a: Cresselia|360\/444|[from] item: Leftovers
|turn|31
|
|switch|p1a: Chansey|Chansey, F|485\/645
|-damage|p1a: Chansey|405\/645|[from] Stealth Rock
|move|p2a: Chansey|Heal Bell|p2a: Chansey
|-cureteam|p2a: Chansey|[from] move: HealBell
|
|turn|32
|
|switch|p2a: Keldeo|Keldeo|239\/323
|-damage|p2a: Keldeo|219\/323|[from] Stealth Rock
|move|p1a: Chansey|Aromatherapy|p1a: Chansey
|-cureteam|p1a: Chansey|[from] move: Aromatherapy
|
|turn|33
|
|switch|p1a: Cresselia|Cresselia, F|360\/444
|-damage|p1a: Cresselia|305\/444|[from] Stealth Rock
|move|p2a: Keldeo|Scald|p1a: Cresselia
|-damage|p1a: Cresselia|146\/444
|
|-heal|p1a: Cresselia|173\/444|[from] item: Leftovers
|turn|34
|
|move|p2a: Keldeo|Scald|p1a: Cresselia
|-damage|p1a: Cresselia|10\/444
|move|p1a: Cresselia|Moonlight|p1a: Cresselia
|-heal|p1a: Cresselia|232\/444
|
|-heal|p1a: Cresselia|259\/444|[from] item: Leftovers
|turn|35
|
|switch|p2a: Heatran|Heatran, F|385\/385
|-damage|p2a: Heatran|337\/385|[from] Stealth Rock
|move|p1a: Cresselia|Moonlight|p1a: Cresselia
|-heal|p1a: Cresselia|444\/444
|
|-heal|p2a: Heatran|361\/385|[from] item: Leftovers
|turn|36
|
|switch|p1a: Chansey|Chansey, F|405\/645
|-damage|p1a: Chansey|325\/645|[from] Stealth Rock
|move|p2a: Heatran|Toxic|p1a: Chansey
|-status|p1a: Chansey|tox
|
|-heal|p2a: Heatran|385\/385|[from] item: Leftovers
|-damage|p1a: Chansey|285\/645 tox|[from] psn
|turn|37
|
|switch|p2a: Keldeo|Keldeo|219\/323
|-damage|p2a: Keldeo|199\/323|[from] Stealth Rock
|move|p1a: Chansey|Soft-Boiled|p1a: Chansey
|-heal|p1a: Chansey|608\/645 tox
|
|-damage|p1a: Chansey|528\/645 tox|[from] psn
|turn|38
|
|switch|p1a: Cresselia|Cresselia, F|444\/444
|-damage|p1a: Cresselia|389\/444|[from] Stealth Rock
|move|p2a: Keldeo|Hydro Pump|p1a: Cresselia
|-damage|p1a: Cresselia|166\/444
|
|-heal|p1a: Cresselia|193\/444|[from] item: Leftovers
|turn|39
|
|move|p2a: Keldeo|Hydro Pump|p1a: Cresselia
|-damage|p1a: Cresselia|0 fnt
|faint|p1a: Cresselia
|
|
|switch|p1a: Chansey|Chansey, F|528\/645
|-damage|p1a: Chansey|448\/645|[from] Stealth Rock
|turn|40
|join|tacotacotacobell
|
|switch|p2a: Chansey|Chansey, F|334\/641
|-damage|p2a: Chansey|254\/641|[from] Stealth Rock
|move|p1a: Chansey|Seismic Toss|p2a: Chansey
|-damage|p2a: Chansey|154\/641
|
|turn|41
|
|switch|p1a: Skarmory|Skarmory, M|292\/333
|-damage|p1a: Skarmory|251\/333|[from] Stealth Rock
|move|p2a: Chansey|Soft-Boiled|p2a: Chansey
|-heal|p2a: Chansey|475\/641
|
|turn|42
|
|switch|p2a: Skarmory|Skarmory, M|293\/334
|-damage|p2a: Skarmory|252\/334|[from] Stealth Rock
|move|p1a: Skarmory|Spikes|p2a: Skarmory
|-sidestart|p2: FearTheCow57|Spikes
|
|turn|43
|
|move|p1a: Skarmory|Roost|p1a: Skarmory
|-heal|p1a: Skarmory|333\/333
|move|p2a: Skarmory|Defog|p1a: Skarmory
|-unboost|p1a: Skarmory|evasion|1
|-sideend|p1: RS Swept|Stealth Rock|[from] move: Defog|[of] p1a: Skarmory
|-sideend|p2: FearTheCow57|Spikes|[from] move: Defog|[of] p2a: Skarmory
|-sideend|p2: FearTheCow57|Stealth Rock|[from] move: Defog|[of] p2a: Skarmory
|
|turn|44
|
|switch|p1a: Sableye|Sableye-Mega, M|212\/304
|switch|p2a: Heatran|Heatran, F|385\/385
|
|turn|45
|
|switch|p1a: Chansey|Chansey, F|448\/645
|move|p2a: Heatran|Lava Plume|p1a: Chansey
|-damage|p1a: Chansey|390\/645
|-status|p1a: Chansey|brn
|
|-damage|p1a: Chansey|310\/645 brn|[from] brn
|turn|46
|
|switch|p2a: Keldeo|Keldeo|199\/323
|move|p1a: Chansey|Soft-Boiled|p1a: Chansey
|-heal|p1a: Chansey|633\/645 brn
|
|-damage|p1a: Chansey|553\/645 brn|[from] brn
|turn|47
|
|switch|p1a: Skarmory|Skarmory, M|333\/333
|move|p2a: Keldeo|Secret Sword|p1a: Skarmory
|-damage|p1a: Skarmory|195\/333
|
|turn|48
|
|switch|p2a: Heatran|Heatran, F|385\/385
|move|p1a: Skarmory|Roost|p1a: Skarmory
|-heal|p1a: Skarmory|333\/333
|
|turn|49
|
|switch|p1a: Chansey|Chansey, F|553\/645
|move|p2a: Heatran|Toxic|p1a: Chansey
|-status|p1a: Chansey|tox
|
|-damage|p1a: Chansey|513\/645 tox|[from] psn
|turn|50
|
|switch|p2a: Keldeo|Keldeo|199\/323
|move|p1a: Chansey|Stealth Rock|p2a: Keldeo
|-sidestart|p2: FearTheCow57|move: Stealth Rock
|
|-damage|p1a: Chansey|433\/645 tox|[from] psn
|turn|51
|
|switch|p1a: Skarmory|Skarmory, M|333\/333
|move|p2a: Keldeo|Scald|p1a: Skarmory
|-damage|p1a: Skarmory|50\/333
|
|turn|52
|
|switch|p1a: Chansey|Chansey, F|433\/645
|move|p2a: Keldeo|Scald|p1a: Chansey
|-damage|p1a: Chansey|325\/645
|
|turn|53
|
|switch|p2a: Heatran|Heatran, F|385\/385
|-damage|p2a: Heatran|337\/385|[from] Stealth Rock
|move|p1a: Chansey|Soft-Boiled|p1a: Chansey
|-heal|p1a: Chansey|645\/645
|
|-heal|p2a: Heatran|361\/385|[from] item: Leftovers
|turn|54
|
|move|p2a: Heatran|Toxic|p1a: Chansey
|-status|p1a: Chansey|tox
|move|p1a: Chansey|Seismic Toss|p2a: Heatran
|-damage|p2a: Heatran|261\/385
|
|-heal|p2a: Heatran|285\/385|[from] item: Leftovers
|-damage|p1a: Chansey|605\/645 tox|[from] psn
|turn|55
|
|switch|p2a: Keldeo|Keldeo|199\/323
|-damage|p2a: Keldeo|179\/323|[from] Stealth Rock
|move|p1a: Chansey|Seismic Toss|p2a: Keldeo
|-damage|p2a: Keldeo|79\/323
|
|-damage|p1a: Chansey|525\/645 tox|[from] psn
|turn|56
|
|switch|p1a: Quagsire|Quagsire, M|394\/394
|move|p2a: Keldeo|Secret Sword|p1a: Quagsire
|-damage|p1a: Quagsire|202\/394
|
|-heal|p1a: Quagsire|226\/394|[from] item: Leftovers
|turn|57
|
|switch|p2a: Chansey|Chansey, F|475\/641
|-damage|p2a: Chansey|395\/641|[from] Stealth Rock
|move|p1a: Quagsire|Recover|p1a: Quagsire
|-heal|p1a: Quagsire|394\/394
|
|turn|58
|
|switch|p1a: Skarmory|Skarmory, M|50\/333
|move|p2a: Chansey|Seismic Toss|p1a: Skarmory
|-damage|p1a: Skarmory|0 fnt
|faint|p1a: Skarmory
|
|
|switch|p1a: Sableye|Sableye-Mega, M|212\/304
|turn|59
|
|move|p2a: Chansey|Wish|p2a: Chansey
|move|p1a: Sableye|Dark Pulse|p2a: Chansey
|-damage|p2a: Chansey|355\/641
|
|turn|60
|
|switch|p2a: Keldeo|Keldeo|79\/323
|-damage|p2a: Keldeo|59\/323|[from] Stealth Rock
|move|p1a: Sableye|Will-O-Wisp|p2a: Keldeo|[miss]
|-miss|p1a: Sableye|p2a: Keldeo
|
|-heal|p2a: Keldeo|323\/323|[from] move: Wish|[wisher] Chansey
|turn|61
|-message|RS Swept forfeited.
|
|win|FearTheCow57
|raw|Ladder updating...
|leave|RS Swept
|player|p1
|raw|RS Swept's rating: 1693 &rarr; <strong>1673<\/strong><br \/>(-20 for losing)
|raw|FearTheCow57's rating: 1695 &rarr; <strong>1715<\/strong><br \/>(+20 for winning)
|leave|FearTheCow57
|player|p2
|join|FearTheCow57
|leave|FearTheCow57
|join|FearTheCow57