|join|RS Swept
|join|azogue
|player|p1|RS Swept|29
|player|p2|azogue|280
|gametype|singles
|gen|6
|tier|OU
|rated
|clearpoke
|poke|p1|Gothitelle, M
|poke|p1|Skarmory, M
|poke|p1|Cresselia, F
|poke|p1|Quagsire, M
|poke|p1|Sableye, M
|poke|p1|Chansey, F
|poke|p2|Manaphy
|poke|p2|Gallade, M
|poke|p2|Bisharp, F
|poke|p2|Raikou
|poke|p2|Landorus-Therian, M
|poke|p2|Whimsicott, F
|rule|Swagger Clause: Swagger is banned
|rule|Baton Pass Clause: Limit one PokÃ©mon knowing Baton Pass
|rule|Sleep Clause Mod: Limit one foe put to sleep
|rule|Species Clause: Limit one of each PokÃ©mon
|rule|OHKO Clause: OHKO moves are banned
|rule|Moody Clause: Moody is banned
|rule|Evasion Moves Clause: Evasion moves are banned
|rule|Endless Battle Clause: Forcing endless battles is banned
|rule|HP Percentage Mod: HP is shown in percentages
|teampreview
|join|poek69x
|
|start
|switch|p1a: Sableye|Sableye, M|303\/303
|switch|p2a: Landorus-Therian|Landorus-Therian, M|381\/381
|-ability|p2a: Landorus-Therian|Intimidate|[of] p1a: Sableye
|-unboost|p1a: Sableye|atk|1
|turn|1
|join|muhfugginmoo5e
|
|detailschange|p1a: Sableye|Sableye-Mega, M
|message|Sableye has Mega Evolved into Mega Sableye!
|move|p1a: Sableye|Will-O-Wisp|p2a: Landorus-Therian
|-status|p2a: Landorus-Therian|brn
|move|p2a: Landorus-Therian|U-turn|p1a: Sableye
|-damage|p1a: Sableye|276\/303
|c| poek69x|hey moose
|c| muhfugginmoo5e|sup! :]
|
|switch|p2a: Manaphy|Manaphy|359\/359
|
|turn|2
|
|move|p2a: Manaphy|Tail Glow|p2a: Manaphy
|-boost|p2a: Manaphy|spa|3
|move|p1a: Sableye|Will-O-Wisp|p2a: Manaphy
|-status|p2a: Manaphy|brn
|
|-damage|p2a: Manaphy|315\/359 brn|[from] brn
|turn|3
|
|switch|p1a: Chansey|Chansey, F|645\/645
|move|p2a: Manaphy|Rain Dance|p2a: Manaphy
|-weather|RainDance
|
|-weather|RainDance|[upkeep]
|-curestatus|p2a: Manaphy|brn
|-heal|p2a: Manaphy|337\/359|[from] item: Leftovers
|turn|4
|join|Storm's Gale
|
|switch|p1a: Gothitelle|Gothitelle, M|301\/301
|move|p2a: Manaphy|Tail Glow|p2a: Manaphy
|-boost|p2a: Manaphy|spa|3
|
|-weather|RainDance|[upkeep]
|-heal|p2a: Manaphy|359\/359|[from] item: Leftovers
|turn|5
|
|move|p1a: Gothitelle|Trick|p2a: Manaphy
|-activate|p1a: Gothitelle|move: Trick|[of] p2a: Manaphy
|-item|p2a: Manaphy|Choice Scarf|[from] move: Trick
|-item|p1a: Gothitelle|Leftovers|[from] move: Trick
|move|p2a: Manaphy|Scald|p1a: Gothitelle
|-damage|p1a: Gothitelle|0 fnt
|faint|p1a: Gothitelle
|
|-weather|RainDance|[upkeep]
|c| Storm's Gale|bruh... I want us to run into eachother bad
|c| poek69x|here, watchin my fren azogue playing
|
|switch|p1a: Chansey|Chansey, F|645\/645
|turn|6
|
|move|p2a: Manaphy|Scald|p1a: Chansey
|-damage|p1a: Chansey|308\/645
|move|p1a: Chansey|Soft-Boiled|p1a: Chansey
|-heal|p1a: Chansey|631\/645
|
|-weather|RainDance|[upkeep]
|turn|7
|
|move|p2a: Manaphy|Scald|p1a: Chansey
|-damage|p1a: Chansey|291\/645
|move|p1a: Chansey|Soft-Boiled|p1a: Chansey
|-heal|p1a: Chansey|614\/645
|
|-weather|none
|turn|8
|join|AjTheEpic
|
|move|p2a: Manaphy|Scald|p1a: Chansey
|-damage|p1a: Chansey|349\/645
|-status|p1a: Chansey|brn
|move|p1a: Chansey|Stealth Rock|p2a: Manaphy
|-sidestart|p2: azogue|move: Stealth Rock
|
|-damage|p1a: Chansey|269\/645 brn|[from] brn
|turn|9
|
|switch|p1a: Cresselia|Cresselia, F|444\/444
|move|p2a: Manaphy|Scald|p1a: Cresselia
|-damage|p1a: Cresselia|92\/444
|
|-heal|p1a: Cresselia|119\/444|[from] item: Leftovers
|turn|10
|
|move|p2a: Manaphy|Scald|p1a: Cresselia
|-damage|p1a: Cresselia|0 fnt
|faint|p1a: Cresselia
|
|
|switch|p1a: Quagsire|Quagsire, M|394\/394
|turn|11
|
|move|p2a: Manaphy|Scald|p1a: Quagsire
|-damage|p1a: Quagsire|226\/394
|-status|p1a: Quagsire|brn
|move|p1a: Quagsire|Toxic|p2a: Manaphy
|-status|p2a: Manaphy|tox
|
|-heal|p1a: Quagsire|250\/394 brn|[from] item: Leftovers
|-damage|p2a: Manaphy|337\/359 tox|[from] psn
|-damage|p1a: Quagsire|201\/394 brn|[from] brn
|turn|12
|join|belgrade
|join|alb_prova
|
|move|p2a: Manaphy|Scald|p1a: Quagsire
|-damage|p1a: Quagsire|35\/394 brn
|move|p1a: Quagsire|Recover|p1a: Quagsire
|-heal|p1a: Quagsire|232\/394 brn
|
|-heal|p1a: Quagsire|256\/394 brn|[from] item: Leftovers
|-damage|p2a: Manaphy|293\/359 tox|[from] psn
|-damage|p1a: Quagsire|207\/394 brn|[from] brn
|turn|13
|c| AjTheEpic|lol this motherfucker burns at will
|
|move|p2a: Manaphy|Scald|p1a: Quagsire
|-crit|p1a: Quagsire
|-damage|p1a: Quagsire|0 fnt
|faint|p1a: Quagsire
|
|-damage|p2a: Manaphy|227\/359 tox|[from] psn
|c| Storm's Gale|lol
|
|switch|p1a: Chansey|Chansey, F|269\/645
|turn|14
|
|move|p2a: Manaphy|Scald|p1a: Chansey
|-damage|p1a: Chansey|23\/645
|move|p1a: Chansey|Soft-Boiled|p1a: Chansey
|-heal|p1a: Chansey|346\/645
|
|-damage|p2a: Manaphy|139\/359 tox|[from] psn
|turn|15
|c| AjTheEpic|he'll say GG too I bet
|
|move|p2a: Manaphy|Scald|p1a: Chansey
|-damage|p1a: Chansey|117\/645
|move|p1a: Chansey|Soft-Boiled|p1a: Chansey
|-heal|p1a: Chansey|440\/645
|
|-damage|p2a: Manaphy|29\/359 tox|[from] psn
|turn|16
|
|move|p2a: Manaphy|Scald|p1a: Chansey
|-damage|p1a: Chansey|202\/645
|move|p1a: Chansey|Soft-Boiled|p1a: Chansey
|-heal|p1a: Chansey|525\/645
|
|-damage|p2a: Manaphy|0 fnt|[from] psn
|faint|p2a: Manaphy
|c| Storm's Gale|costa still has chance tho
|c| AjTheEpic|manaphy is the most broken shit vs stall
|
|switch|p2a: Bisharp|Bisharp, F|271\/271
|-damage|p2a: Bisharp|255\/271|[from] Stealth Rock
|turn|17
|c| AjTheEpic|Worse than kyub ever was in gen5
|
|move|p2a: Bisharp|Knock Off|p1a: Chansey
|-damage|p1a: Chansey|212\/645
|-enditem|p1a: Chansey|Eviolite|[from] move: Knock Off|[of] p2a: Bisharp
|-damage|p2a: Bisharp|228\/271|[from] item: Life Orb
|move|p1a: Chansey|Seismic Toss|p2a: Bisharp
|-damage|p2a: Bisharp|128\/271
|
|turn|18
|c| Storm's Gale|but its staying ou
|c| Storm's Gale|lol
|
|move|p2a: Bisharp|Pursuit|p1a: Chansey
|-damage|p1a: Chansey|4\/645
|-damage|p2a: Bisharp|101\/271|[from] item: Life Orb
|move|p1a: Chansey|Seismic Toss|p2a: Bisharp
|-damage|p2a: Bisharp|1\/271
|
|turn|19
|
|move|p2a: Bisharp|Pursuit|p1a: Chansey
|-damage|p1a: Chansey|0 fnt
|-damage|p2a: Bisharp|0 fnt|[from] item: Life Orb
|faint|p1a: Chansey
|faint|p2a: Bisharp
|
|c| AjTheEpic|I want to have a talk to haunter about that
|
|switch|p2a: Raikou|Raikou|321\/321
|switch|p1a: Sableye|Sableye-Mega, M|276\/303
|-damage|p2a: Raikou|281\/321|[from] Stealth Rock
|-ability|p2a: Raikou|Pressure
|turn|20
|
|move|p2a: Raikou|Calm Mind|p2a: Raikou
|-boost|p2a: Raikou|spa|1
|-boost|p2a: Raikou|spd|1
|move|p1a: Sableye|Recover|p1a: Sableye
|-heal|p1a: Sableye|303\/303
|
|-heal|p2a: Raikou|301\/321|[from] item: Leftovers
|turn|21
|
|move|p2a: Raikou|Calm Mind|p2a: Raikou
|-boost|p2a: Raikou|spa|1
|-boost|p2a: Raikou|spd|1
|move|p1a: Sableye|Calm Mind|p1a: Sableye
|-boost|p1a: Sableye|spa|1
|-boost|p1a: Sableye|spd|1
|
|-heal|p2a: Raikou|321\/321|[from] item: Leftovers
|turn|22
|
|move|p2a: Raikou|Thunderbolt|p1a: Sableye
|-damage|p1a: Sableye|159\/303
|move|p1a: Sableye|Snarl|p2a: Raikou
|-damage|p2a: Raikou|279\/321
|-unboost|p2a: Raikou|spa|1
|
|-heal|p2a: Raikou|299\/321|[from] item: Leftovers
|turn|23
|
|move|p2a: Raikou|Thunderbolt|p1a: Sableye
|-damage|p1a: Sableye|38\/303
|move|p1a: Sableye|Recover|p1a: Sableye
|-heal|p1a: Sableye|190\/303
|
|-heal|p2a: Raikou|319\/321|[from] item: Leftovers
|turn|24
|
|move|p2a: Raikou|Calm Mind|p2a: Raikou
|-boost|p2a: Raikou|spa|1
|-boost|p2a: Raikou|spd|1
|move|p1a: Sableye|Recover|p1a: Sableye
|-heal|p1a: Sableye|303\/303
|
|-heal|p2a: Raikou|321\/321|[from] item: Leftovers
|turn|25
|
|move|p2a: Raikou|Thunderbolt|p1a: Sableye
|-damage|p1a: Sableye|153\/303
|move|p1a: Sableye|Snarl|p2a: Raikou
|-damage|p2a: Raikou|288\/321
|-unboost|p2a: Raikou|spa|1
|
|-heal|p2a: Raikou|308\/321|[from] item: Leftovers
|turn|26
|
|move|p2a: Raikou|Volt Switch|p1a: Sableye
|-crit|p1a: Sableye
|-damage|p1a: Sableye|0 fnt
|faint|p1a: Sableye
|c|âRS Swept|nooooooooo
|c| AjTheEpic|lol
|c|âRS Swept|nooooooooooooo
|c|âazogue|sry dude
|c|âRS Swept|the hax
|c| AjTheEpic|Just say gg you mofo
|join|Orda-Y
|
|switch|p2a: Gallade|Gallade, M|277\/277
|-damage|p2a: Gallade|260\/277|[from] Stealth Rock
|
|c| AjTheEpic|you know you want to
|
|switch|p1a: Skarmory|Skarmory, M|333\/333
|turn|27
|
|detailschange|p2a: Gallade|Gallade-Mega, M
|message|Gallade has Mega Evolved into Mega Gallade!
|move|p2a: Gallade|Swords Dance|p2a: Gallade
|-boost|p2a: Gallade|atk|2
|move|p1a: Skarmory|Brave Bird|p2a: Gallade
|-supereffective|p2a: Gallade
|-damage|p2a: Gallade|0 fnt
|-damage|p1a: Skarmory|247\/333|[from] recoil|[of] p2a: Gallade
|faint|p2a: Gallade
|
|c|âRS Swept|it's too much :'(
|
|switch|p2a: Raikou|Raikou|308\/321
|-damage|p2a: Raikou|268\/321|[from] Stealth Rock
|-ability|p2a: Raikou|Pressure
|turn|28
|c| Storm's Gale|gg :]
|
|move|p2a: Raikou|Thunderbolt|p1a: Skarmory
|-supereffective|p1a: Skarmory
|-damage|p1a: Skarmory|0 fnt
|faint|p1a: Skarmory
|
|win|azogue
|raw|Ladder updating...
|c|âazogue|gg
|c|âRS Swept|cancer
|c| AjTheEpic|there it is
|leave|RS Swept
|player|p1
|join|Omegasization
|leave|Storm's Gale
|raw|Ladder (probably) updated, but score could not be retrieved (timeout).
|raw|Ladder (probably) updated, but score could not be retrieved (Error: socket hang up).
|leave|AjTheEpic
|leave|poek69x