|join|RS Swept
|join|Flan76
|player|p1|RS Swept|29
|player|p2|Flan76|132
|gametype|singles
|gen|6
|tier|OU
|rated
|clearpoke
|poke|p1|Gothitelle, M
|poke|p1|Skarmory, M
|poke|p1|Cresselia, F
|poke|p1|Quagsire, M
|poke|p1|Sableye, F
|poke|p1|Chansey, F
|poke|p2|Excadrill, M
|poke|p2|Latias, F
|poke|p2|Keldeo
|poke|p2|Diancie
|poke|p2|Landorus-Therian, M
|poke|p2|Scizor, F
|rule|Swagger Clause: Swagger is banned
|rule|Baton Pass Clause: Limit one PokÃ©mon knowing Baton Pass
|rule|Sleep Clause Mod: Limit one foe put to sleep
|rule|Species Clause: Limit one of each PokÃ©mon
|rule|OHKO Clause: OHKO moves are banned
|rule|Moody Clause: Moody is banned
|rule|Evasion Moves Clause: Evasion moves are banned
|rule|Endless Battle Clause: Forcing endless battles is banned
|rule|HP Percentage Mod: HP is shown in percentages
|teampreview
|c|âFlan76|hf
|c|âRS Swept|u2
|
|start
|switch|p1a: Chansey|Chansey, F|645\/645
|switch|p2a: Excadrill|Excadrill, M|361\/361
|-ability|p2a: Excadrill|Mold Breaker
|turn|1
|
|move|p2a: Excadrill|Stealth Rock|p1a: Chansey
|-sidestart|p1: RS Swept|move: Stealth Rock
|move|p1a: Chansey|Seismic Toss|p2a: Excadrill
|-damage|p2a: Excadrill|261\/361
|
|turn|2
|
|switch|p2a: Scizor|Scizor, F|292\/292
|move|p1a: Chansey|Seismic Toss|p2a: Scizor
|-damage|p2a: Scizor|192\/292
|
|turn|3
|
|switch|p1a: Skarmory|Skarmory, M|333\/333
|-damage|p1a: Skarmory|292\/333|[from] Stealth Rock
|move|p2a: Scizor|U-turn|p1a: Skarmory
|-resisted|p1a: Skarmory
|-damage|p1a: Skarmory|261\/333
|
|switch|p2a: Latias|Latias, F|301\/301
|
|turn|4
|
|switch|p1a: Cresselia|Cresselia, F|444\/444
|-damage|p1a: Cresselia|389\/444|[from] Stealth Rock
|move|p2a: Latias|Hidden Power|p1a: Cresselia
|-damage|p1a: Cresselia|327\/444
|-damage|p2a: Latias|271\/301|[from] item: Life Orb
|
|-heal|p1a: Cresselia|354\/444|[from] item: Leftovers
|turn|5
|
|switch|p2a: Excadrill|Excadrill, M|261\/361
|-ability|p2a: Excadrill|Mold Breaker
|move|p1a: Cresselia|Thunder Wave|p2a: Excadrill
|-immune|p2a: Excadrill|[msg]
|
|-heal|p1a: Cresselia|381\/444|[from] item: Leftovers
|turn|6
|
|move|p2a: Excadrill|Iron Head|p1a: Cresselia
|-damage|p1a: Cresselia|273\/444
|cant|p1a: Cresselia|flinch
|
|-heal|p1a: Cresselia|300\/444|[from] item: Leftovers
|turn|7
|
|switch|p2a: Diancie|Diancie|241\/241
|move|p1a: Cresselia|Moonlight|p1a: Cresselia
|-heal|p1a: Cresselia|444\/444
|
|turn|8
|
|switch|p1a: Chansey|Chansey, F|645\/645
|-damage|p1a: Chansey|565\/645|[from] Stealth Rock
|detailschange|p2a: Diancie|Diancie-Mega
|message|Diancie has Mega Evolved into Mega Diancie!
|move|p2a: Diancie|Moonblast|p1a: Chansey
|-damage|p1a: Chansey|463\/645
|
|turn|9
|join|Cosine180
|
|switch|p2a: Keldeo|Keldeo|323\/323
|move|p1a: Chansey|Soft-Boiled|p1a: Chansey
|-heal|p1a: Chansey|645\/645
|
|turn|10
|
|switch|p1a: Cresselia|Cresselia, F|444\/444
|-damage|p1a: Cresselia|389\/444|[from] Stealth Rock
|move|p2a: Keldeo|Secret Sword|p1a: Cresselia
|-resisted|p1a: Cresselia
|-damage|p1a: Cresselia|334\/444
|
|-heal|p1a: Cresselia|361\/444|[from] item: Leftovers
|turn|11
|
|switch|p2a: Excadrill|Excadrill, M|261\/361
|-ability|p2a: Excadrill|Mold Breaker
|move|p1a: Cresselia|Psyshock|p2a: Excadrill
|-resisted|p2a: Excadrill
|-damage|p2a: Excadrill|208\/361
|
|-heal|p1a: Cresselia|388\/444|[from] item: Leftovers
|turn|12
|
|switch|p2a: Diancie|Diancie-Mega|241\/241
|switch|p1a: Skarmory|Skarmory, M|261\/333
|-damage|p1a: Skarmory|220\/333|[from] Stealth Rock
|
|turn|13
|
|switch|p2a: Scizor|Scizor, F|192\/292
|switch|p1a: Chansey|Chansey, F|645\/645
|-damage|p1a: Chansey|565\/645|[from] Stealth Rock
|
|turn|14
|
|move|p2a: Scizor|Superpower|p1a: Chansey
|-supereffective|p1a: Chansey
|-damage|p1a: Chansey|0 fnt
|-unboost|p2a: Scizor|atk|1
|-unboost|p2a: Scizor|def|1
|faint|p1a: Chansey
|
|
|switch|p1a: Skarmory|Skarmory, M|220\/333
|-damage|p1a: Skarmory|179\/333|[from] Stealth Rock
|turn|15
|
|switch|p2a: Diancie|Diancie-Mega|241\/241
|move|p1a: Skarmory|Defog|p2a: Diancie
|move|p2a: Diancie|Defog|p1a: Skarmory|[from]Magic Bounce
|-unboost|p1a: Skarmory|evasion|1
|-sideend|p1: RS Swept|Stealth Rock|[from] move: Defog|[of] p1a: Skarmory
|
|turn|16
|c| Cosine180|like a book
|
|switch|p1a: Quagsire|Quagsire, M|394\/394
|move|p2a: Diancie|Moonblast|p1a: Quagsire
|-damage|p1a: Quagsire|93\/394
|
|-heal|p1a: Quagsire|117\/394|[from] item: Leftovers
|turn|17
|
|move|p2a: Diancie|Moonblast|p1a: Quagsire
|-damage|p1a: Quagsire|0 fnt
|faint|p1a: Quagsire
|
|join|CleanerThanRotom-W
|
|switch|p1a: Cresselia|Cresselia, F|388\/444
|turn|18
|
|move|p2a: Diancie|Moonblast|p1a: Cresselia
|-crit|p1a: Cresselia
|-damage|p1a: Cresselia|160\/444
|move|p1a: Cresselia|Skill Swap|p2a: Diancie
|-activate|p1a: Cresselia|move: Skill Swap|Magic Bounce|Levitate|[of] p2a: Diancie
|
|-heal|p1a: Cresselia|187\/444|[from] item: Leftovers
|turn|19
|
|switch|p2a: Scizor|Scizor, F|192\/292
|move|p1a: Cresselia|Moonlight|p1a: Cresselia
|-heal|p1a: Cresselia|409\/444
|
|-heal|p1a: Cresselia|436\/444|[from] item: Leftovers
|turn|20
|
|move|p2a: Scizor|U-turn|p1a: Cresselia
|-supereffective|p1a: Cresselia
|-damage|p1a: Cresselia|146\/444
|
|switch|p2a: Diancie|Diancie-Mega|241\/241
|move|p1a: Cresselia|Thunder Wave|p2a: Diancie
|move|p2a: Diancie|Thunder Wave|p1a: Cresselia|[from]Magic Bounce
|-status|p1a: Cresselia|par
|
|-heal|p1a: Cresselia|173\/444 par|[from] item: Leftovers
|turn|21
|-message|RS Swept forfeited.
|leave|RS Swept
|
|win|Flan76
|raw|Ladder updating...
|player|p1
|leave|Flan76
|player|p2
|join|Flan76
|raw|RS Swept's rating: 1925 &rarr; <strong>1893<\/strong><br \/>(-32 for losing)
|raw|Flan76's rating: 1664 &rarr; <strong>1696<\/strong><br \/>(+32 for winning)
|leave|CleanerThanRotom-W