|join|RS Swept
|join|Roystopror
|player|p1|RS Swept|29
|player|p2|Roystopror|280
|gametype|singles
|gen|6
|tier|OU
|rated
|clearpoke
|poke|p1|Landorus, M
|poke|p1|Thundurus, M
|poke|p1|Bisharp, F
|poke|p1|Azelf
|poke|p1|Lopunny, F
|poke|p1|Greninja, M
|poke|p2|Lopunny, F
|poke|p2|Azumarill, M, shiny
|poke|p2|Landorus-Therian, M, shiny
|poke|p2|Talonflame, F, shiny
|poke|p2|Conkeldurr, M, shiny
|poke|p2|Latios, M, shiny
|rule|Swagger Clause: Swagger is banned
|rule|Baton Pass Clause: Limit one PokÃ©mon knowing Baton Pass
|rule|Sleep Clause Mod: Limit one foe put to sleep
|rule|Species Clause: Limit one of each PokÃ©mon
|rule|OHKO Clause: OHKO moves are banned
|rule|Moody Clause: Moody is banned
|rule|Evasion Moves Clause: Evasion moves are banned
|rule|Endless Battle Clause: Forcing endless battles is banned
|rule|HP Percentage Mod: HP is shown in percentages
|teampreview
|
|start
|switch|p1a: Azelf|Azelf|291\/291
|switch|p2a: Talonflame|Talonflame, F, shiny|298\/298
|turn|1
|
|move|p1a: Azelf|Stealth Rock|p2a: Talonflame
|-sidestart|p2: Roystopror|move: Stealth Rock
|move|p2a: Talonflame|U-turn|p1a: Azelf
|-supereffective|p1a: Azelf
|-damage|p1a: Azelf|5\/291
|
|switch|p2a: Lopunny|Lopunny, F|271\/271
|-damage|p2a: Lopunny|238\/271|[from] Stealth Rock
|
|turn|2
|
|detailschange|p2a: Lopunny|Lopunny-Mega, F
|message|Lopunny has Mega Evolved into Mega Lopunny!
|move|p2a: Lopunny|Fake Out|p1a: Azelf
|-damage|p1a: Azelf|0 fnt
|faint|p1a: Azelf
|
|
|switch|p1a: Thundurus|Thundurus, M|299\/299
|turn|3
|
|switch|p2a: Landorus-Therian|Landorus-Therian, M, shiny|382\/382
|-damage|p2a: Landorus-Therian|335\/382|[from] Stealth Rock
|-ability|p2a: Landorus-Therian|Intimidate|[of] p1a: Thundurus
|-unboost|p1a: Thundurus|atk|1
|move|p1a: Thundurus|Hidden Power|p2a: Landorus-Therian
|-supereffective|p2a: Landorus-Therian
|-damage|p2a: Landorus-Therian|0 fnt
|-damage|p1a: Thundurus|270\/299|[from] item: Life Orb
|faint|p2a: Landorus-Therian
|
|
|switch|p2a: Conkeldurr|Conkeldurr, M, shiny|414\/414
|-damage|p2a: Conkeldurr|389\/414|[from] Stealth Rock
|turn|4
|
|switch|p1a: Greninja|Greninja, M|285\/285
|move|p2a: Conkeldurr|Knock Off|p1a: Greninja
|-resisted|p1a: Greninja
|-damage|p1a: Greninja|178\/285
|-enditem|p1a: Greninja|Life Orb|[from] move: Knock Off|[of] p2a: Conkeldurr
|
|turn|5
|
|switch|p1a: Landorus|Landorus, M|319\/319
|move|p2a: Conkeldurr|Mach Punch|p1a: Landorus
|-resisted|p1a: Landorus
|-damage|p1a: Landorus|275\/319
|
|turn|6
|
|move|p1a: Landorus|Psychic|p2a: Conkeldurr
|-supereffective|p2a: Conkeldurr
|-damage|p2a: Conkeldurr|85\/414
|move|p2a: Conkeldurr|Ice Punch|p1a: Landorus
|-supereffective|p1a: Landorus
|-damage|p1a: Landorus|0 fnt
|faint|p1a: Landorus
|
|
|switch|p1a: Thundurus|Thundurus, M|270\/299
|turn|7
|
|move|p1a: Thundurus|Thunderbolt|p2a: Conkeldurr
|-damage|p2a: Conkeldurr|0 fnt
|-damage|p1a: Thundurus|241\/299|[from] item: Life Orb
|faint|p2a: Conkeldurr
|
|
|switch|p2a: Lopunny|Lopunny-Mega, F|238\/271
|-damage|p2a: Lopunny|222\/271|[from] Stealth Rock
|turn|8
|
|move|p2a: Lopunny|Fake Out|p1a: Thundurus
|-damage|p1a: Thundurus|139\/299
|cant|p1a: Thundurus|flinch
|
|turn|9
|
|move|p1a: Thundurus|Thunder Wave|p2a: Lopunny
|-status|p2a: Lopunny|par
|move|p2a: Lopunny|Return|p1a: Thundurus
|-damage|p1a: Thundurus|0 fnt
|faint|p1a: Thundurus
|
|
|switch|p1a: Greninja|Greninja, M|178\/285
|turn|10
|
|move|p1a: Greninja|Hydro Pump|p2a: Lopunny
|-start|p1a: Greninja|typechange|Water|[from] Protean
|-damage|p2a: Lopunny|65\/271 par
|move|p2a: Lopunny|Drain Punch|p1a: Greninja
|-crit|p1a: Greninja
|-damage|p1a: Greninja|0 fnt
|-heal|p2a: Lopunny|154\/271 par|[from] drain|[of] p1a: Greninja
|faint|p1a: Greninja
|
|
|switch|p1a: Lopunny|Lopunny, F|272\/272
|turn|11
|
|detailschange|p1a: Lopunny|Lopunny-Mega, F
|message|Lopunny has Mega Evolved into Mega Lopunny!
|move|p1a: Lopunny|Return|p2a: Lopunny
|-damage|p2a: Lopunny|0 fnt
|faint|p2a: Lopunny
|
|
|switch|p2a: Azumarill|Azumarill, M, shiny|404\/404
|-damage|p2a: Azumarill|354\/404|[from] Stealth Rock
|turn|12
|
|move|p1a: Lopunny|Return|p2a: Azumarill
|-damage|p2a: Azumarill|116\/404
|-enditem|p2a: Azumarill|Sitrus Berry|[eat]
|-heal|p2a: Azumarill|217\/404|[from] item: Sitrus Berry
|move|p2a: Azumarill|Superpower|p1a: Lopunny
|-supereffective|p1a: Lopunny
|-damage|p1a: Lopunny|0 fnt
|-unboost|p2a: Azumarill|atk|1
|-unboost|p2a: Azumarill|def|1
|faint|p1a: Lopunny
|
|
|switch|p1a: Bisharp|Bisharp, F|287\/287
|turn|13
|
|move|p2a: Azumarill|Aqua Jet|p1a: Bisharp
|-damage|p1a: Bisharp|227\/287
|move|p1a: Bisharp|Iron Head|p2a: Azumarill
|-damage|p2a: Azumarill|0 fnt
|faint|p2a: Azumarill
|
|
|switch|p2a: Latios|Latios, M, shiny|302\/302
|-damage|p2a: Latios|265\/302|[from] Stealth Rock
|turn|14
|
|move|p1a: Bisharp|Sucker Punch|p2a: Latios
|-fail|p2a: Latios
|move|p2a: Latios|Defog|p1a: Bisharp
|-unboost|p1a: Bisharp|evasion|1
|-boost|p1a: Bisharp|atk|2|[from] ability: Defiant
|-sideend|p2: Roystopror|Stealth Rock|[from] move: Defog|[of] p2a: Latios
|
|turn|15
|
|move|p1a: Bisharp|Sucker Punch|p2a: Latios
|-supereffective|p2a: Latios
|-damage|p2a: Latios|0 fnt
|faint|p2a: Latios
|
|
|switch|p2a: Talonflame|Talonflame, F, shiny|298\/298
|turn|16
|
|move|p2a: Talonflame|Flare Blitz|p1a: Bisharp
|-supereffective|p1a: Bisharp
|-damage|p1a: Bisharp|0 fnt
|-damage|p2a: Talonflame|223\/298|[from] recoil|[of] p1a: Bisharp
|faint|p1a: Bisharp
|
|win|Roystopror
|raw|Ladder updating...
|leave|RS Swept
|player|p1
|raw|Ladder (probably) updated, but score could not be retrieved (timeout).
|raw|Ladder (probably) updated, but score could not be retrieved (Error: socket hang up).