|join|RS Swept
|join|stally the kid
|player|p1|RS Swept|29
|player|p2|stally the kid|68
|gametype|singles
|gen|6
|tier|OU
|rated
|clearpoke
|poke|p1|Gothitelle, M
|poke|p1|Skarmory, M
|poke|p1|Cresselia, F
|poke|p1|Quagsire, F
|poke|p1|Sableye, F
|poke|p1|Chansey, F
|poke|p2|Bisharp, F
|poke|p2|Clefable, M
|poke|p2|Manaphy
|poke|p2|Landorus, M
|poke|p2|Gyarados, F
|poke|p2|Greninja, M
|rule|Swagger Clause: Swagger is banned
|rule|Baton Pass Clause: Limit one PokÃ©mon knowing Baton Pass
|rule|Sleep Clause Mod: Limit one foe put to sleep
|rule|Species Clause: Limit one of each PokÃ©mon
|rule|OHKO Clause: OHKO moves are banned
|rule|Moody Clause: Moody is banned
|rule|Evasion Moves Clause: Evasion moves are banned
|rule|Endless Battle Clause: Forcing endless battles is banned
|rule|HP Percentage Mod: HP is shown in percentages
|teampreview
|join|chumped
|join|bouff
|join|Aloha
|join|Endless Sky
|join|flyingsweater
|join|Wheezer
|
|start
|switch|p1a: Gothitelle|Gothitelle, M|301\/301
|switch|p2a: Landorus|Landorus, M|319\/319
|turn|1
|c| Endless Sky|sniped
|c| Endless Sky|w\/ez
|
|switch|p1a: Cresselia|Cresselia, F|444\/444
|move|p2a: Landorus|Earth Power|p1a: Cresselia
|-immune|p1a: Cresselia|[msg]
|
|turn|2
|join|craing _;
|join|y4
|join|hats.marumaru
|
|move|p2a: Landorus|Stealth Rock|p1a: Cresselia
|-sidestart|p1: RS Swept|move: Stealth Rock
|move|p1a: Cresselia|Thunder Wave|p2a: Landorus
|-immune|p2a: Landorus|[msg]
|
|turn|3
|c| flyingsweater|gj
|c| y4|?_?
|c| hats.marumaru|good luck
|c| flyingsweater|might as well forfeit
|c| hats.marumaru|he has ice beam
|c| hats.marumaru|on his cress
|c| hats.marumaru|be careful
|join|Breeloom
|c| hats.marumaru|(i actually dont know if he does)
|
|switch|p2a: Manaphy|Manaphy|361\/361
|move|p1a: Cresselia|Thunder Wave|p2a: Manaphy
|-status|p2a: Manaphy|par
|
|turn|4
|c| Endless Sky|my name is stally the kid
|c| Endless Sky|and I brought a cteam to beat costa
|c| Endless Sky|xd
|join|LadderSoTall
|
|switch|p1a: Gothitelle|Gothitelle, M|301\/301
|-damage|p1a: Gothitelle|264\/301|[from] Stealth Rock
|switch|p2a: Bisharp|Bisharp, F|272\/272
|
|turn|5
|
|move|p1a: Gothitelle|Trick|p2a: Bisharp
|-activate|p1a: Gothitelle|move: Trick|[of] p2a: Bisharp
|-item|p2a: Bisharp|Choice Scarf|[from] move: Trick
|-item|p1a: Gothitelle|Life Orb|[from] move: Trick
|move|p2a: Bisharp|Pursuit|p1a: Gothitelle
|-supereffective|p1a: Gothitelle
|-damage|p1a: Gothitelle|120\/301
|
|turn|6
|c| Breeloom|haha your getting stalled so hard
|c| Breeloom|such a kid
|c| hats.marumaru|OH SHIT
|c| hats.marumaru|WHATS GOOD
|c| hats.marumaru|DEAD
|c| flyingsweater|WELP
|c| hats.marumaru|DEAD
|c| bouff|kid is Kanned!
|c| y4|ah not bad
|
|move|p2a: Bisharp|Pursuit|p1a: Gothitelle
|-supereffective|p1a: Gothitelle
|-damage|p1a: Gothitelle|0 fnt
|faint|p1a: Gothitelle
|
|c| y4|trapped the trapper
|
|switch|p1a: Chansey|Chansey, F|645\/645
|-damage|p1a: Chansey|565\/645|[from] Stealth Rock
|turn|7
|c| craing _;|click that x
|c| flyingsweater|WAS IT WOETH IT
|
|switch|p2a: Manaphy|Manaphy|361\/361 par
|move|p1a: Chansey|Stealth Rock|p2a: Manaphy
|-sidestart|p2: stally the kid|move: Stealth Rock
|
|turn|8
|join|hi dad
|join|HI ROLL
|
|move|p1a: Chansey|Seismic Toss|p2a: Manaphy
|-damage|p2a: Manaphy|261\/361 par
|move|p2a: Manaphy|Rain Dance|p2a: Manaphy
|-weather|RainDance
|
|-weather|RainDance|[upkeep]
|-curestatus|p2a: Manaphy|par
|-heal|p2a: Manaphy|283\/361|[from] item: Leftovers
|turn|9
|c| flyingsweater|reveal rain dance
|
|move|p2a: Manaphy|Tail Glow|p2a: Manaphy
|-boost|p2a: Manaphy|spa|3
|move|p1a: Chansey|Seismic Toss|p2a: Manaphy
|-damage|p2a: Manaphy|183\/361
|
|-weather|RainDance|[upkeep]
|-heal|p2a: Manaphy|205\/361|[from] item: Leftovers
|turn|10
|c| flyingsweater|oh ok
|c| y4|hi gg
|c| flyingsweater|2slo
|
|move|p2a: Manaphy|Tail Glow|p2a: Manaphy
|-boost|p2a: Manaphy|spa|3
|move|p1a: Chansey|Seismic Toss|p2a: Manaphy
|-damage|p2a: Manaphy|105\/361
|
|-weather|RainDance|[upkeep]
|-heal|p2a: Manaphy|127\/361|[from] item: Leftovers
|turn|11
|c| craing _;|sweather ~o3o~
|join|tomibello
|
|move|p2a: Manaphy|Rest|p2a: Manaphy
|-status|p2a: Manaphy|slp
|-heal|p2a: Manaphy|361\/361 slp|[silent]
|-status|p2a: Manaphy|slp|[from] move: Rest
|move|p1a: Chansey|Seismic Toss|p2a: Manaphy
|-damage|p2a: Manaphy|261\/361 slp
|
|-weather|RainDance|[upkeep]
|-curestatus|p2a: Manaphy|slp
|-heal|p2a: Manaphy|283\/361|[from] item: Leftovers
|turn|12
|c|âRS Swept|that quick ct
|
|move|p2a: Manaphy|Scald|p1a: Chansey
|-damage|p1a: Chansey|172\/645
|move|p1a: Chansey|Soft-Boiled|p1a: Chansey
|-heal|p1a: Chansey|495\/645
|
|-weather|none
|-heal|p2a: Manaphy|305\/361|[from] item: Leftovers
|turn|13
|c| y4|HE CTEAMED ME!
|
|switch|p1a: Quagsire|Quagsire, F|394\/394
|-damage|p1a: Quagsire|370\/394|[from] Stealth Rock
|move|p2a: Manaphy|Rain Dance|p2a: Manaphy
|-weather|RainDance
|
|-weather|RainDance|[upkeep]
|-heal|p2a: Manaphy|327\/361|[from] item: Leftovers
|-heal|p1a: Quagsire|394\/394|[from] item: Leftovers
|turn|14
|
|move|p2a: Manaphy|Scald|p1a: Quagsire
|-damage|p1a: Quagsire|127\/394
|move|p1a: Quagsire|Recover|p1a: Quagsire
|-heal|p1a: Quagsire|324\/394
|
|-weather|RainDance|[upkeep]
|-heal|p2a: Manaphy|349\/361|[from] item: Leftovers
|-heal|p1a: Quagsire|348\/394|[from] item: Leftovers
|turn|15
|c| hats.marumaru|~~HE CTEAMED ME!~~
|
|move|p2a: Manaphy|Scald|p1a: Quagsire
|-crit|p1a: Quagsire
|-damage|p1a: Quagsire|0 fnt
|faint|p1a: Quagsire
|
|-weather|RainDance|[upkeep]
|-heal|p2a: Manaphy|361\/361|[from] item: Leftovers
|-message|RS Swept forfeited.
|
|win|stally the kid
|raw|Ladder updating...
|leave|RS Swept
|player|p1
|c| flyingsweater|he literally took all day to make this team then stalking you
|c| y4|ah the nice -0
|c| y4|6-0
|raw|RS Swept's rating: 1955 &rarr; <strong>1924<\/strong><br \/>(-31 for losing)
|raw|stally the kid's rating: 1739 &rarr; <strong>1770<\/strong><br \/>(+31 for winning)
|c|âstally the kid|nothin personnel..
|c|âstally the kid|kid!
|c| flyingsweater|you should give him your dick picks
|leave|y4
|leave|flyingsweater
|c| LadderSoTall|o.o
|join|ollopa
|join|HENRY
|leave|Aloha
|leave|bouff
|leave|HI ROLL
|leave|stally the kid
|player|p2
|leave|HENRY
|leave|ollopa
|leave|Wheezer
|leave|LadderSoTall
|leave|chumped
|leave|tomibello
|join|tomibello
|leave|tomibello
|join|I ABR I
|leave|craing _;
|join|craing _;
|leave|craing _;
|leave|I ABR I
|leave|hats.marumaru
|leave|Breeloom
|leave|Endless Sky
|leave|hi dad