|join|RS Swept
|join|Mounts
|player|p1|RS Swept|29
|player|p2|Mounts|101
|gametype|singles
|gen|6
|tier|OU
|rated
|clearpoke
|poke|p1|Gothitelle, M
|poke|p1|Skarmory, M
|poke|p1|Cresselia, F
|poke|p1|Quagsire, M
|poke|p1|Sableye, M
|poke|p1|Chansey, F
|poke|p2|Charizard, F
|poke|p2|Azumarill, F
|poke|p2|Greninja, F
|poke|p2|Landorus-Therian, M
|poke|p2|Terrakion
|poke|p2|Snorlax, F
|rule|Swagger Clause: Swagger is banned
|rule|Baton Pass Clause: Limit one PokÃ©mon knowing Baton Pass
|rule|Sleep Clause Mod: Limit one foe put to sleep
|rule|Species Clause: Limit one of each PokÃ©mon
|rule|OHKO Clause: OHKO moves are banned
|rule|Moody Clause: Moody is banned
|rule|Evasion Moves Clause: Evasion moves are banned
|rule|Endless Battle Clause: Forcing endless battles is banned
|rule|HP Percentage Mod: HP is shown in percentages
|teampreview
|
|start
|switch|p1a: Sableye|Sableye, M|303\/303
|switch|p2a: Charizard|Charizard, F|298\/298
|turn|1
|
|switch|p1a: Cresselia|Cresselia, F|444\/444
|detailschange|p2a: Charizard|Charizard-Mega-X, F
|message|Charizard has Mega Evolved into Mega Charizard!
|move|p2a: Charizard|Flare Blitz|p1a: Cresselia
|-crit|p1a: Cresselia
|-damage|p1a: Cresselia|99\/444
|-damage|p2a: Charizard|184\/298|[from] recoil|[of] p1a: Cresselia
|
|-heal|p1a: Cresselia|126\/444|[from] item: Leftovers
|turn|2
|
|switch|p1a: Quagsire|Quagsire, M|394\/394
|move|p2a: Charizard|Flare Blitz|p1a: Quagsire
|-resisted|p1a: Quagsire
|-damage|p1a: Quagsire|274\/394
|-damage|p2a: Charizard|144\/298|[from] recoil|[of] p1a: Quagsire
|
|-heal|p1a: Quagsire|298\/394|[from] item: Leftovers
|turn|3
|
|switch|p2a: Landorus-Therian|Landorus-Therian, M|382\/382
|-ability|p2a: Landorus-Therian|Intimidate|[of] p1a: Quagsire
|-unboost|p1a: Quagsire|atk|1
|move|p1a: Quagsire|Recover|p1a: Quagsire
|-heal|p1a: Quagsire|394\/394
|
|turn|4
|
|move|p2a: Landorus-Therian|Toxic|p1a: Quagsire
|-status|p1a: Quagsire|tox
|move|p1a: Quagsire|Scald|p2a: Landorus-Therian
|-supereffective|p2a: Landorus-Therian
|-damage|p2a: Landorus-Therian|226\/382
|
|-heal|p2a: Landorus-Therian|249\/382|[from] item: Leftovers
|-damage|p1a: Quagsire|370\/394 tox|[from] psn
|turn|5
|
|switch|p1a: Skarmory|Skarmory, M|333\/333
|move|p2a: Landorus-Therian|Stealth Rock|p1a: Skarmory
|-sidestart|p1: RS Swept|move: Stealth Rock
|
|-heal|p2a: Landorus-Therian|272\/382|[from] item: Leftovers
|turn|6
|
|switch|p2a: Charizard|Charizard-Mega-X, F|144\/298
|move|p1a: Skarmory|Defog|p2a: Charizard
|-unboost|p2a: Charizard|evasion|1
|-sideend|p1: RS Swept|Stealth Rock|[from] move: Defog|[of] p1a: Skarmory
|
|turn|7
|
|switch|p1a: Quagsire|Quagsire, M|370\/394 tox
|move|p2a: Charizard|Roost|p2a: Charizard
|-heal|p2a: Charizard|293\/298
|
|-heal|p1a: Quagsire|394\/394 tox|[from] item: Leftovers
|-damage|p1a: Quagsire|370\/394 tox|[from] psn
|turn|8
|
|switch|p2a: Greninja|Greninja, F|286\/286
|move|p1a: Quagsire|Encore|p2a: Greninja
|-fail|p2a: Greninja
|
|-heal|p1a: Quagsire|394\/394 tox|[from] item: Leftovers
|-damage|p1a: Quagsire|346\/394 tox|[from] psn
|turn|9
|
|switch|p2a: Landorus-Therian|Landorus-Therian, M|272\/382
|-ability|p2a: Landorus-Therian|Intimidate|[of] p1a: Quagsire
|-unboost|p1a: Quagsire|atk|1
|switch|p1a: Chansey|Chansey, F|645\/645
|
|-heal|p2a: Landorus-Therian|295\/382|[from] item: Leftovers
|turn|10
|
|move|p2a: Landorus-Therian|Stealth Rock|p1a: Chansey
|-sidestart|p1: RS Swept|move: Stealth Rock
|move|p1a: Chansey|Aromatherapy|p1a: Chansey
|-cureteam|p1a: Chansey|[from] move: Aromatherapy
|
|-heal|p2a: Landorus-Therian|318\/382|[from] item: Leftovers
|turn|11
|
|move|p2a: Landorus-Therian|U-turn|p1a: Chansey
|-damage|p1a: Chansey|538\/645
|
|switch|p2a: Snorlax|Snorlax, F|524\/524
|move|p1a: Chansey|Stealth Rock|p2a: Snorlax
|-sidestart|p2: Mounts|move: Stealth Rock
|
|turn|12
|
|switch|p1a: Skarmory|Skarmory, M|333\/333
|-damage|p1a: Skarmory|292\/333|[from] Stealth Rock
|switch|p2a: Charizard|Charizard-Mega-X, F|293\/298
|-damage|p2a: Charizard|219\/298|[from] Stealth Rock
|
|turn|13
|
|switch|p1a: Quagsire|Quagsire, M|346\/394
|-damage|p1a: Quagsire|322\/394|[from] Stealth Rock
|move|p2a: Charizard|Flare Blitz|p1a: Quagsire
|-resisted|p1a: Quagsire
|-damage|p1a: Quagsire|196\/394
|-damage|p2a: Charizard|177\/298|[from] recoil|[of] p1a: Quagsire
|
|-heal|p1a: Quagsire|220\/394|[from] item: Leftovers
|turn|14
|
|move|p2a: Charizard|Dragon Claw|p1a: Quagsire
|-damage|p1a: Quagsire|43\/394
|move|p1a: Quagsire|Recover|p1a: Quagsire
|-heal|p1a: Quagsire|240\/394
|
|-heal|p1a: Quagsire|264\/394|[from] item: Leftovers
|turn|15
|
|move|p2a: Charizard|Roost|p2a: Charizard
|-heal|p2a: Charizard|298\/298
|move|p1a: Quagsire|Recover|p1a: Quagsire
|-heal|p1a: Quagsire|394\/394
|
|turn|16
|
|switch|p2a: Landorus-Therian|Landorus-Therian, M|318\/382
|-damage|p2a: Landorus-Therian|271\/382|[from] Stealth Rock
|-ability|p2a: Landorus-Therian|Intimidate|[of] p1a: Quagsire
|-unboost|p1a: Quagsire|atk|1
|move|p1a: Quagsire|Stockpile|p1a: Quagsire
|-start|p1a: Quagsire|stockpile1
|-boost|p1a: Quagsire|def|1
|-boost|p1a: Quagsire|spd|1
|
|-heal|p2a: Landorus-Therian|294\/382|[from] item: Leftovers
|turn|17
|
|move|p2a: Landorus-Therian|Toxic|p1a: Quagsire
|-status|p1a: Quagsire|tox
|move|p1a: Quagsire|Scald|p2a: Landorus-Therian
|-supereffective|p2a: Landorus-Therian
|-damage|p2a: Landorus-Therian|142\/382
|
|-heal|p2a: Landorus-Therian|165\/382|[from] item: Leftovers
|-damage|p1a: Quagsire|370\/394 tox|[from] psn
|turn|18
|
|move|p2a: Landorus-Therian|U-turn|p1a: Quagsire
|-damage|p1a: Quagsire|330\/394 tox
|
|switch|p2a: Greninja|Greninja, F|286\/286
|-damage|p2a: Greninja|251\/286|[from] Stealth Rock
|move|p1a: Quagsire|Scald|p2a: Greninja
|-resisted|p2a: Greninja
|-damage|p2a: Greninja|205\/286
|
|-heal|p1a: Quagsire|354\/394 tox|[from] item: Leftovers
|-damage|p1a: Quagsire|306\/394 tox|[from] psn
|turn|19
|
|switch|p2a: Charizard|Charizard-Mega-X, F|298\/298
|-damage|p2a: Charizard|224\/298|[from] Stealth Rock
|switch|p1a: Chansey|Chansey, F|538\/645
|-damage|p1a: Chansey|458\/645|[from] Stealth Rock
|
|turn|20
|
|move|p2a: Charizard|Dragon Dance|p2a: Charizard
|-boost|p2a: Charizard|atk|1
|-boost|p2a: Charizard|spe|1
|move|p1a: Chansey|Soft-Boiled|p1a: Chansey
|-heal|p1a: Chansey|645\/645
|
|turn|21
|
|move|p2a: Charizard|Flare Blitz|p1a: Chansey
|-damage|p1a: Chansey|0 fnt
|-damage|p2a: Charizard|11\/298|[from] recoil|[of] p1a: Chansey
|faint|p1a: Chansey
|
|
|switch|p1a: Quagsire|Quagsire, M|306\/394 tox
|-damage|p1a: Quagsire|282\/394 tox|[from] Stealth Rock
|turn|22
|
|move|p2a: Charizard|Roost|p2a: Charizard
|-heal|p2a: Charizard|160\/298
|move|p1a: Quagsire|Encore|p2a: Charizard
|-start|p2a: Charizard|Encore
|
|-heal|p1a: Quagsire|306\/394 tox|[from] item: Leftovers
|-damage|p1a: Quagsire|282\/394 tox|[from] psn
|turn|23
|
|switch|p2a: Landorus-Therian|Landorus-Therian, M|165\/382
|-damage|p2a: Landorus-Therian|118\/382|[from] Stealth Rock
|-ability|p2a: Landorus-Therian|Intimidate|[of] p1a: Quagsire
|-unboost|p1a: Quagsire|atk|1
|switch|p1a: Sableye|Sableye, M|303\/303
|-damage|p1a: Sableye|266\/303|[from] Stealth Rock
|
|-heal|p2a: Landorus-Therian|141\/382|[from] item: Leftovers
|turn|24
|
|switch|p2a: Charizard|Charizard-Mega-X, F|160\/298
|-damage|p2a: Charizard|86\/298|[from] Stealth Rock
|detailschange|p1a: Sableye|Sableye-Mega, M
|message|Sableye has Mega Evolved into Mega Sableye!
|move|p1a: Sableye|Calm Mind|p1a: Sableye
|-boost|p1a: Sableye|spa|1
|-boost|p1a: Sableye|spd|1
|
|turn|25
|
|move|p2a: Charizard|Flare Blitz|p1a: Sableye
|-damage|p1a: Sableye|58\/303
|-damage|p2a: Charizard|17\/298|[from] recoil|[of] p1a: Sableye
|move|p1a: Sableye|Calm Mind|p1a: Sableye
|-boost|p1a: Sableye|spa|1
|-boost|p1a: Sableye|spd|1
|
|turn|26
|
|switch|p1a: Skarmory|Skarmory, M|292\/333
|-damage|p1a: Skarmory|251\/333|[from] Stealth Rock
|move|p2a: Charizard|Dragon Claw|p1a: Skarmory
|-resisted|p1a: Skarmory
|-damage|p1a: Skarmory|192\/333
|
|turn|27
|
|move|p2a: Charizard|Roost|p2a: Charizard
|-heal|p2a: Charizard|166\/298
|move|p1a: Skarmory|Brave Bird|p2a: Charizard
|-damage|p2a: Charizard|49\/298
|-damage|p1a: Skarmory|153\/333|[from] recoil|[of] p2a: Charizard
|
|turn|28
|-message|RS Swept forfeited.
|
|win|Mounts
|raw|Ladder updating...
|leave|RS Swept
|player|p1
|raw|RS Swept's rating: 1884 &rarr; <strong>1855<\/strong><br \/>(-29 for losing)
|raw|Mounts's rating: 1704 &rarr; <strong>1734<\/strong><br \/>(+30 for winning)