|join|NuB Central
|join|RS Swept
|player|p1|NuB Central|161
|player|p2|RS Swept|29
|gametype|singles
|gen|6
|tier|OU
|rated
|clearpoke
|poke|p1|Victini
|poke|p1|Greninja, M, shiny
|poke|p1|Bisharp, M, shiny
|poke|p1|Lopunny, F, shiny
|poke|p1|Azumarill, M
|poke|p1|Latios, M
|poke|p2|Gothitelle, M
|poke|p2|Skarmory, M
|poke|p2|Cresselia, F
|poke|p2|Quagsire, F
|poke|p2|Sableye, F
|poke|p2|Chansey, F
|rule|Swagger Clause: Swagger is banned
|rule|Baton Pass Clause: Limit one PokÃ©mon knowing Baton Pass
|rule|Sleep Clause Mod: Limit one foe put to sleep
|rule|Species Clause: Limit one of each PokÃ©mon
|rule|OHKO Clause: OHKO moves are banned
|rule|Moody Clause: Moody is banned
|rule|Evasion Moves Clause: Evasion moves are banned
|rule|Endless Battle Clause: Forcing endless battles is banned
|rule|HP Percentage Mod: HP is shown in percentages
|teampreview
|c|âNuB Central|gl bro
|c|âRS Swept|u2
|
|start
|switch|p1a: Victini|Victini|341\/341
|switch|p2a: Sableye|Sableye, F|304\/304
|turn|1
|
|switch|p2a: Quagsire|Quagsire, F|394\/394
|move|p1a: Victini|U-turn|p2a: Quagsire
|-damage|p2a: Quagsire|303\/394
|
|switch|p1a: Latios|Latios, M|301\/301
|
|-heal|p2a: Quagsire|327\/394|[from] item: Leftovers
|turn|2
|
|switch|p1a: Bisharp|Bisharp, M, shiny|271\/271
|switch|p2a: Chansey|Chansey, F|645\/645
|
|turn|3
|
|switch|p2a: Skarmory|Skarmory, M|333\/333
|move|p1a: Bisharp|Stealth Rock|p2a: Skarmory
|-sidestart|p2: RS Swept|move: Stealth Rock
|
|turn|4
|
|move|p1a: Bisharp|Knock Off|p2a: Skarmory
|-damage|p2a: Skarmory|234\/333
|-enditem|p2a: Skarmory|Shed Shell|[from] move: Knock Off|[of] p1a: Bisharp
|move|p2a: Skarmory|Spikes|p1a: Bisharp
|-sidestart|p1: NuB Central|Spikes
|
|turn|5
|
|switch|p1a: Victini|Victini|341\/341
|-damage|p1a: Victini|299\/341|[from] Spikes
|move|p2a: Skarmory|Spikes|p1a: Victini
|-sidestart|p1: NuB Central|Spikes
|
|turn|6
|join|asdazssz
|
|move|p1a: Victini|V-create|p2a: Skarmory
|-supereffective|p2a: Skarmory
|-damage|p2a: Skarmory|0 fnt
|-unboost|p1a: Victini|def|1
|-unboost|p1a: Victini|spd|1
|-unboost|p1a: Victini|spe|1
|faint|p2a: Skarmory
|
|
|switch|p2a: Cresselia|Cresselia, F|444\/444
|-damage|p2a: Cresselia|389\/444|[from] Stealth Rock
|turn|7
|
|switch|p1a: Latios|Latios, M|301\/301
|move|p2a: Cresselia|Thunder Wave|p1a: Latios
|-status|p1a: Latios|par
|
|-heal|p2a: Cresselia|416\/444|[from] item: Leftovers
|turn|8
|
|switch|p2a: Chansey|Chansey, F|645\/645
|-damage|p2a: Chansey|565\/645|[from] Stealth Rock
|move|p1a: Latios|Defog|p2a: Chansey
|-unboost|p2a: Chansey|evasion|1
|-sideend|p2: RS Swept|Stealth Rock|[from] move: Defog|[of] p2a: Chansey
|-sideend|p1: NuB Central|Spikes|[from] move: Defog|[of] p1a: Latios
|
|turn|9
|
|switch|p1a: Bisharp|Bisharp, M, shiny|271\/271
|move|p2a: Chansey|Stealth Rock|p1a: Bisharp
|-sidestart|p1: NuB Central|move: Stealth Rock
|
|turn|10
|
|switch|p2a: Sableye|Sableye, F|304\/304
|move|p1a: Bisharp|Stealth Rock|p2a: Sableye
|-sidestart|p2: RS Swept|move: Stealth Rock
|
|turn|11
|
|move|p1a: Bisharp|Iron Head|p2a: Sableye
|-damage|p2a: Sableye|153\/304
|cant|p2a: Sableye|flinch
|
|turn|12
|
|switch|p1a: Victini|Victini|299\/341
|-damage|p1a: Victini|214\/341|[from] Stealth Rock
|move|p2a: Sableye|Recover|p2a: Sableye
|-heal|p2a: Sableye|304\/304
|
|turn|13
|
|switch|p2a: Quagsire|Quagsire, F|327\/394
|-damage|p2a: Quagsire|303\/394|[from] Stealth Rock
|move|p1a: Victini|V-create|p2a: Quagsire
|-resisted|p2a: Quagsire
|-damage|p2a: Quagsire|115\/394
|-unboost|p1a: Victini|def|1
|-unboost|p1a: Victini|spd|1
|-unboost|p1a: Victini|spe|1
|
|-heal|p2a: Quagsire|139\/394|[from] item: Leftovers
|turn|14
|
|switch|p2a: Cresselia|Cresselia, F|416\/444
|-damage|p2a: Cresselia|361\/444|[from] Stealth Rock
|move|p1a: Victini|V-create|p2a: Cresselia
|-damage|p2a: Cresselia|42\/444
|-unboost|p1a: Victini|def|1
|-unboost|p1a: Victini|spd|1
|-unboost|p1a: Victini|spe|1
|
|-heal|p2a: Cresselia|69\/444|[from] item: Leftovers
|turn|15
|
|switch|p1a: Bisharp|Bisharp, M, shiny|271\/271
|-damage|p1a: Bisharp|255\/271|[from] Stealth Rock
|move|p2a: Cresselia|Thunder Wave|p1a: Bisharp
|-status|p1a: Bisharp|par
|
|-heal|p2a: Cresselia|96\/444|[from] item: Leftovers
|turn|16
|
|switch|p2a: Quagsire|Quagsire, F|139\/394
|-damage|p2a: Quagsire|115\/394|[from] Stealth Rock
|move|p1a: Bisharp|Knock Off|p2a: Quagsire
|-crit|p2a: Quagsire
|-damage|p2a: Quagsire|0 fnt
|-enditem|p2a: Quagsire|Leftovers|[from] move: Knock Off|[of] p1a: Bisharp
|faint|p2a: Quagsire
|
|
|switch|p2a: Sableye|Sableye, F|304\/304
|-damage|p2a: Sableye|266\/304|[from] Stealth Rock
|turn|17
|
|detailschange|p2a: Sableye|Sableye-Mega, F
|message|Sableye has Mega Evolved into Mega Sableye!
|move|p2a: Sableye|Dark Pulse|p1a: Bisharp
|-resisted|p1a: Bisharp
|-damage|p1a: Bisharp|198\/271 par
|move|p1a: Bisharp|Iron Head|p2a: Sableye
|-damage|p2a: Sableye|169\/304
|
|turn|18
|
|move|p2a: Sableye|Recover|p2a: Sableye
|-heal|p2a: Sableye|304\/304
|move|p1a: Bisharp|Iron Head|p2a: Sableye
|-damage|p2a: Sableye|199\/304
|
|turn|19
|
|move|p2a: Sableye|Recover|p2a: Sableye
|-heal|p2a: Sableye|304\/304
|move|p1a: Bisharp|Iron Head|p2a: Sableye
|-damage|p2a: Sableye|202\/304
|
|turn|20
|
|move|p2a: Sableye|Recover|p2a: Sableye
|-heal|p2a: Sableye|304\/304
|move|p1a: Bisharp|Iron Head|p2a: Sableye
|-damage|p2a: Sableye|213\/304
|
|turn|21
|
|move|p2a: Sableye|Dark Pulse|p1a: Bisharp
|-resisted|p1a: Bisharp
|-damage|p1a: Bisharp|140\/271 par
|move|p1a: Bisharp|Iron Head|p2a: Sableye
|-damage|p2a: Sableye|113\/304
|
|turn|22
|
|switch|p1a: Azumarill|Azumarill, M|360\/360
|-damage|p1a: Azumarill|315\/360|[from] Stealth Rock
|move|p2a: Sableye|Recover|p2a: Sableye
|-heal|p2a: Sableye|265\/304
|
|turn|23
|
|switch|p2a: Gothitelle|Gothitelle, M|301\/301
|-damage|p2a: Gothitelle|264\/301|[from] Stealth Rock
|move|p1a: Azumarill|Belly Drum|p1a: Azumarill
|-damage|p1a: Azumarill|135\/360
|-setboost|p1a: Azumarill|atk|6|[from] move: Belly Drum
|-enditem|p1a: Azumarill|Sitrus Berry|[eat]
|-heal|p1a: Azumarill|225\/360|[from] item: Sitrus Berry
|
|turn|24
|-message|RS Swept forfeited.
|
|win|NuB Central
|raw|Ladder updating...
|leave|RS Swept
|player|p2
|raw|NuB Central's rating: 1699 &rarr; <strong>1719<\/strong><br \/>(+20 for winning)
|raw|RS Swept's rating: 1692 &rarr; <strong>1672<\/strong><br \/>(-20 for losing)