|join|Jukain
|join|RS Swept
|player|p1|Jukain|291
|player|p2|RS Swept|29
|gametype|singles
|gen|6
|tier|OU
|rated
|clearpoke
|poke|p1|Hydreigon, M
|poke|p1|Metagross
|poke|p1|Azumarill, F
|poke|p1|Landorus-Therian, M
|poke|p1|Thundurus, M
|poke|p1|Breloom, F
|poke|p2|Gothitelle, F
|poke|p2|Skarmory, M
|poke|p2|Cresselia, F
|poke|p2|Quagsire, F
|poke|p2|Sableye, F
|poke|p2|Chansey, F
|rule|Swagger Clause: Swagger is banned
|rule|Baton Pass Clause: Limit one PokÃ©mon knowing Baton Pass
|rule|Sleep Clause Mod: Limit one foe put to sleep
|rule|Species Clause: Limit one of each PokÃ©mon
|rule|OHKO Clause: OHKO moves are banned
|rule|Moody Clause: Moody is banned
|rule|Evasion Moves Clause: Evasion moves are banned
|rule|Endless Battle Clause: Forcing endless battles is banned
|rule|HP Percentage Mod: HP is shown in percentages
|teampreview
|join|PorroPorro
|join|Scrotom-Posh
|c|âRS Swept|alright noob
|join|Animefan8451
|c|âRS Swept|hopefully this is a bit more challenging
|c|âJukain|k fag
|join|jessmister
|join|Anditeo
|
|start
|switch|p1a: Hydreigon|Hydreigon, M|325\/325
|switch|p2a: Sableye|Sableye, F|303\/303
|turn|1
|join|stally the kid
|join|Updated Kanto
|c| jessmister|6-0 at team preview
|join|dedic
|
|switch|p2a: Chansey|Chansey, F|645\/645
|move|p1a: Hydreigon|Dark Pulse|p2a: Chansey
|-damage|p2a: Chansey|540\/645
|-damage|p1a: Hydreigon|293\/325|[from] item: Life Orb
|
|turn|2
|join|akkeshi
|join|Endless Sky
|join|hats.marumaru
|join|KingoftheRedLions
|join|Henry
|
|move|p1a: Hydreigon|Dark Pulse|p2a: Chansey
|-damage|p2a: Chansey|427\/645
|-damage|p1a: Hydreigon|261\/325|[from] item: Life Orb
|move|p2a: Chansey|Soft-Boiled|p2a: Chansey
|-heal|p2a: Chansey|645\/645
|
|turn|3
|c| hats.marumaru|http:\/\/hastebin.com\/yivijiwoza.vhdl
|join|I'm Rick Astley
|
|switch|p1a: Metagross|Metagross|301\/301
|move|p2a: Chansey|Stealth Rock|p1a: Metagross
|-sidestart|p1: Jukain|move: Stealth Rock
|
|turn|4
|c| Animefan8451|:]
|c| akkeshi|âJukain: dont u dare say gg
|c| hats.marumaru|http:\/\/puu.sh\/dzdrx\/a1d5adbd66.png
|join|z0mOG
|raw|<div class="broadcast-red"><b>Moderated chat was set to +!<\/b><br \/>Only users of rank + and higher can talk.<\/div>
|join|ThomasIsChudat
|
|switch|p2a: Skarmory|Skarmory, M|333\/333
|detailschange|p1a: Metagross|Metagross-Mega
|message|Metagross has Mega Evolved into Mega Metagross!
|move|p1a: Metagross|Stealth Rock|p2a: Skarmory
|-sidestart|p2: RS Swept|move: Stealth Rock
|
|turn|5
|
|move|p1a: Metagross|Hammer Arm|p2a: Skarmory
|-damage|p2a: Skarmory|230\/333
|-unboost|p1a: Metagross|spe|1
|move|p2a: Skarmory|Spikes|p1a: Metagross
|-sidestart|p1: Jukain|Spikes
|
|turn|6
|
|switch|p2a: Cresselia|Cresselia, F|444\/444
|-damage|p2a: Cresselia|389\/444|[from] Stealth Rock
|move|p1a: Metagross|Hammer Arm|p2a: Cresselia
|-resisted|p2a: Cresselia
|-damage|p2a: Cresselia|326\/444
|-unboost|p1a: Metagross|spe|1
|
|-heal|p2a: Cresselia|353\/444|[from] item: Leftovers
|turn|7
|
|move|p2a: Cresselia|Thunder Wave|p1a: Metagross
|-status|p1a: Metagross|par
|move|p1a: Metagross|Meteor Mash|p2a: Cresselia
|-damage|p2a: Cresselia|196\/444
|
|-heal|p2a: Cresselia|223\/444|[from] item: Leftovers
|turn|8
|
|move|p2a: Cresselia|Moonlight|p2a: Cresselia
|-heal|p2a: Cresselia|444\/444
|move|p1a: Metagross|Meteor Mash|p2a: Cresselia
|-damage|p2a: Cresselia|275\/444
|
|-heal|p2a: Cresselia|302\/444|[from] item: Leftovers
|turn|9
|
|move|p2a: Cresselia|Skill Swap|p1a: Metagross
|-activate|p2a: Cresselia|move: Skill Swap|Tough Claws|Levitate|[of] p1a: Metagross
|move|p1a: Metagross|Meteor Mash|p2a: Cresselia|[miss]
|-miss|p1a: Metagross|p2a: Cresselia
|
|-heal|p2a: Cresselia|329\/444|[from] item: Leftovers
|turn|10
|
|switch|p2a: Quagsire|Quagsire, F|394\/394
|-damage|p2a: Quagsire|370\/394|[from] Stealth Rock
|move|p1a: Metagross|Meteor Mash|p2a: Quagsire
|-resisted|p2a: Quagsire
|-damage|p2a: Quagsire|303\/394
|
|-heal|p2a: Quagsire|327\/394|[from] item: Leftovers
|turn|11
|join|Squirrelll
|
|move|p2a: Quagsire|Scald|p1a: Metagross
|-damage|p1a: Metagross|244\/301 par
|move|p1a: Metagross|Zen Headbutt|p2a: Quagsire
|-damage|p2a: Quagsire|198\/394
|
|-heal|p2a: Quagsire|222\/394|[from] item: Leftovers
|turn|12
|
|switch|p1a: Breloom|Breloom, F|261\/261
|-damage|p1a: Breloom|245\/261|[from] Stealth Rock
|-damage|p1a: Breloom|213\/261|[from] Spikes
|move|p2a: Quagsire|Recover|p2a: Quagsire
|-heal|p2a: Quagsire|394\/394
|
|turn|13
|join|HI ROLL
|join|ThomasIsChudat
|
|switch|p2a: Cresselia|Cresselia, F|329\/444
|-damage|p2a: Cresselia|274\/444|[from] Stealth Rock
|move|p1a: Breloom|Bullet Seed|p2a: Cresselia
|-damage|p2a: Cresselia|229\/444
|-damage|p2a: Cresselia|186\/444
|-damage|p2a: Cresselia|143\/444
|-hitcount|p2a: Cresselia|3
|
|-heal|p2a: Cresselia|170\/444|[from] item: Leftovers
|turn|14
|
|switch|p2a: Skarmory|Skarmory, M|230\/333
|-damage|p2a: Skarmory|189\/333|[from] Stealth Rock
|move|p1a: Breloom|Bullet Seed|p2a: Skarmory
|-resisted|p2a: Skarmory
|-damage|p2a: Skarmory|180\/333
|-resisted|p2a: Skarmory
|-damage|p2a: Skarmory|171\/333
|-resisted|p2a: Skarmory
|-damage|p2a: Skarmory|162\/333
|-hitcount|p2a: Skarmory|3
|
|turn|15
|
|move|p1a: Breloom|Mach Punch|p2a: Skarmory
|-damage|p2a: Skarmory|101\/333
|move|p2a: Skarmory|Roost|p2a: Skarmory
|-heal|p2a: Skarmory|268\/333
|
|turn|16
|
|move|p1a: Breloom|Spore|p2a: Skarmory
|-status|p2a: Skarmory|slp
|cant|p2a: Skarmory|slp
|
|turn|17
|
|switch|p1a: Hydreigon|Hydreigon, M|261\/325
|-damage|p1a: Hydreigon|221\/325|[from] Stealth Rock
|cant|p2a: Skarmory|slp
|
|turn|18
|
|switch|p2a: Chansey|Chansey, F|645\/645
|-damage|p2a: Chansey|565\/645|[from] Stealth Rock
|move|p1a: Hydreigon|Dark Pulse|p2a: Chansey
|-damage|p2a: Chansey|455\/645
|-damage|p1a: Hydreigon|189\/325|[from] item: Life Orb
|
|turn|19
|
|move|p1a: Hydreigon|Draco Meteor|p2a: Chansey
|-damage|p2a: Chansey|302\/645
|-unboost|p1a: Hydreigon|spa|2
|-damage|p1a: Hydreigon|157\/325|[from] item: Life Orb
|move|p2a: Chansey|Soft-Boiled|p2a: Chansey
|-heal|p2a: Chansey|625\/645
|
|turn|20
|
|switch|p1a: Azumarill|Azumarill, F|341\/341
|-damage|p1a: Azumarill|299\/341|[from] Spikes
|-damage|p1a: Azumarill|257\/341|[from] Stealth Rock
|move|p2a: Chansey|Seismic Toss|p1a: Azumarill
|-damage|p1a: Azumarill|157\/341
|
|turn|21
|leave|Henry
|
|switch|p2a: Skarmory|Skarmory, M|268\/333 slp
|-damage|p2a: Skarmory|227\/333 slp|[from] Stealth Rock
|move|p1a: Azumarill|Play Rough|p2a: Skarmory
|-resisted|p2a: Skarmory
|-damage|p2a: Skarmory|150\/333 slp
|
|turn|22
|
|move|p1a: Azumarill|Play Rough|p2a: Skarmory
|-resisted|p2a: Skarmory
|-damage|p2a: Skarmory|63\/333 slp
|cant|p2a: Skarmory|slp
|
|turn|23
|
|move|p1a: Azumarill|Play Rough|p2a: Skarmory
|-resisted|p2a: Skarmory
|-damage|p2a: Skarmory|0 fnt
|faint|p2a: Skarmory
|
|
|switch|p2a: Cresselia|Cresselia, F|170\/444
|-damage|p2a: Cresselia|115\/444|[from] Stealth Rock
|turn|24
|
|move|p2a: Cresselia|Moonlight|p2a: Cresselia
|-heal|p2a: Cresselia|337\/444
|move|p1a: Azumarill|Play Rough|p2a: Cresselia
|-damage|p2a: Cresselia|144\/444
|
|-heal|p2a: Cresselia|171\/444|[from] item: Leftovers
|turn|25
|join|hi dad
|
|switch|p1a: Hydreigon|Hydreigon, M|157\/325
|-damage|p1a: Hydreigon|117\/325|[from] Stealth Rock
|move|p2a: Cresselia|Moonlight|p2a: Cresselia
|-heal|p2a: Cresselia|393\/444
|
|-heal|p2a: Cresselia|420\/444|[from] item: Leftovers
|turn|26
|join|123ASAWAniMARIE
|
|switch|p2a: Chansey|Chansey, F|625\/645
|-damage|p2a: Chansey|545\/645|[from] Stealth Rock
|move|p1a: Hydreigon|Dark Pulse|p2a: Chansey
|-damage|p2a: Chansey|438\/645
|-damage|p1a: Hydreigon|85\/325|[from] item: Life Orb
|
|turn|27
|leave|HI ROLL
|join|WECAMEASROMANS
|
|move|p1a: Hydreigon|Dark Pulse|p2a: Chansey
|-damage|p2a: Chansey|337\/645
|-damage|p1a: Hydreigon|53\/325|[from] item: Life Orb
|move|p2a: Chansey|Soft-Boiled|p2a: Chansey
|-heal|p2a: Chansey|645\/645
|
|turn|28
|
|move|p1a: Hydreigon|Superpower|p2a: Chansey
|-supereffective|p2a: Chansey
|-damage|p2a: Chansey|291\/645
|-unboost|p1a: Hydreigon|atk|1
|-unboost|p1a: Hydreigon|def|1
|-damage|p1a: Hydreigon|21\/325|[from] item: Life Orb
|move|p2a: Chansey|Seismic Toss|p1a: Hydreigon
|-damage|p1a: Hydreigon|0 fnt
|faint|p1a: Hydreigon
|
|join|Lulu6
|leave|akkeshi
|
|switch|p1a: Metagross|Metagross-Mega|244\/301 par
|-damage|p1a: Metagross|226\/301 par|[from] Stealth Rock
|-damage|p1a: Metagross|189\/301 par|[from] Spikes
|turn|29
|
|move|p2a: Chansey|Soft-Boiled|p2a: Chansey
|-heal|p2a: Chansey|614\/645
|move|p1a: Metagross|Hammer Arm|p2a: Chansey
|-supereffective|p2a: Chansey
|-damage|p2a: Chansey|148\/645
|-unboost|p1a: Metagross|spe|1
|
|turn|30
|
|move|p2a: Chansey|Soft-Boiled|p2a: Chansey
|-heal|p2a: Chansey|471\/645
|move|p1a: Metagross|Hammer Arm|p2a: Chansey
|-supereffective|p2a: Chansey
|-damage|p2a: Chansey|0 fnt
|-unboost|p1a: Metagross|spe|1
|faint|p2a: Chansey
|
|
|switch|p2a: Quagsire|Quagsire, F|394\/394
|-damage|p2a: Quagsire|370\/394|[from] Stealth Rock
|turn|31
|
|move|p2a: Quagsire|Scald|p1a: Metagross
|-crit|p1a: Metagross
|-damage|p1a: Metagross|96\/301 par
|move|p1a: Metagross|Zen Headbutt|p2a: Quagsire
|-damage|p2a: Quagsire|192\/394
|
|-heal|p2a: Quagsire|216\/394|[from] item: Leftovers
|turn|32
|
|move|p2a: Quagsire|Recover|p2a: Quagsire
|-heal|p2a: Quagsire|394\/394
|move|p1a: Metagross|Zen Headbutt|p2a: Quagsire
|-damage|p2a: Quagsire|222\/394
|
|-heal|p2a: Quagsire|246\/394|[from] item: Leftovers
|turn|33
|
|move|p2a: Quagsire|Recover|p2a: Quagsire
|-heal|p2a: Quagsire|394\/394
|cant|p1a: Metagross|par
|
|turn|34
|
|move|p2a: Quagsire|Scald|p1a: Metagross
|-damage|p1a: Metagross|29\/301 par
|cant|p1a: Metagross|par
|
|turn|35
|join|fsdadfsafdas
|join|Nice Hax Fwen
|
|switch|p2a: Cresselia|Cresselia, F|420\/444
|-damage|p2a: Cresselia|365\/444|[from] Stealth Rock
|move|p1a: Metagross|Zen Headbutt|p2a: Cresselia|[miss]
|-miss|p1a: Metagross|p2a: Cresselia
|
|-heal|p2a: Cresselia|392\/444|[from] item: Leftovers
|turn|36
|leave|Updated Kanto
|
|move|p2a: Cresselia|Psyshock|p1a: Metagross
|-resisted|p1a: Metagross
|-damage|p1a: Metagross|16\/301 par
|move|p1a: Metagross|Meteor Mash|p2a: Cresselia
|-damage|p2a: Cresselia|236\/444
|-boost|p1a: Metagross|atk|1
|
|-heal|p2a: Cresselia|263\/444|[from] item: Leftovers
|turn|37
|
|move|p2a: Cresselia|Moonlight|p2a: Cresselia
|-heal|p2a: Cresselia|444\/444
|move|p1a: Metagross|Meteor Mash|p2a: Cresselia
|-crit|p2a: Cresselia
|-damage|p2a: Cresselia|84\/444
|
|-heal|p2a: Cresselia|111\/444|[from] item: Leftovers
|turn|38
|
|move|p2a: Cresselia|Moonlight|p2a: Cresselia
|-heal|p2a: Cresselia|333\/444
|cant|p1a: Metagross|par
|
|-heal|p2a: Cresselia|360\/444|[from] item: Leftovers
|turn|39
|leave|Bad n lucke jukain
|
|switch|p2a: Quagsire|Quagsire, F|394\/394
|-damage|p2a: Quagsire|370\/394|[from] Stealth Rock
|cant|p1a: Metagross|par
|
|-heal|p2a: Quagsire|394\/394|[from] item: Leftovers
|turn|40
|
|move|p2a: Quagsire|Scald|p1a: Metagross
|-damage|p1a: Metagross|0 fnt
|faint|p1a: Metagross
|
|
|switch|p1a: Breloom|Breloom, F|213\/261
|-damage|p1a: Breloom|181\/261|[from] Spikes
|-damage|p1a: Breloom|165\/261|[from] Stealth Rock
|turn|41
|leave|123ASAWAniMARIE
|join|Endless Sky
|
|switch|p2a: Sableye|Sableye, F|303\/303
|-damage|p2a: Sableye|266\/303|[from] Stealth Rock
|move|p1a: Breloom|Bullet Seed|p2a: Sableye
|-damage|p2a: Sableye|202\/303
|-damage|p2a: Sableye|129\/303
|-hitcount|p2a: Sableye|2
|
|turn|42
|join|gelfui
|
|switch|p1a: Thundurus|Thundurus, M|299\/299
|-damage|p1a: Thundurus|225\/299|[from] Stealth Rock
|detailschange|p2a: Sableye|Sableye-Mega, F
|message|Sableye has Mega Evolved into Mega Sableye!
|move|p2a: Sableye|Recover|p2a: Sableye
|-heal|p2a: Sableye|281\/303
|
|turn|43
|
|move|p1a: Thundurus|Thunderbolt|p2a: Sableye
|-damage|p2a: Sableye|133\/303
|-damage|p1a: Thundurus|196\/299|[from] item: Life Orb
|move|p2a: Sableye|Snarl|p1a: Thundurus
|-damage|p1a: Thundurus|124\/299
|-unboost|p1a: Thundurus|spa|1
|
|turn|44
|
|move|p1a: Thundurus|Thunderbolt|p2a: Sableye
|-damage|p2a: Sableye|28\/303
|-damage|p1a: Thundurus|95\/299|[from] item: Life Orb
|move|p2a: Sableye|Recover|p2a: Sableye
|-heal|p2a: Sableye|180\/303
|
|turn|45
|
|switch|p1a: Azumarill|Azumarill, F|157\/341
|-damage|p1a: Azumarill|115\/341|[from] Stealth Rock
|-damage|p1a: Azumarill|73\/341|[from] Spikes
|move|p2a: Sableye|Recover|p2a: Sableye
|-heal|p2a: Sableye|303\/303
|
|turn|46
|
|switch|p2a: Cresselia|Cresselia, F|360\/444
|-damage|p2a: Cresselia|305\/444|[from] Stealth Rock
|move|p1a: Azumarill|Play Rough|p2a: Cresselia|[miss]
|-miss|p1a: Azumarill|p2a: Cresselia
|
|-heal|p2a: Cresselia|332\/444|[from] item: Leftovers
|turn|47
|
|move|p2a: Cresselia|Psyshock|p1a: Azumarill
|-damage|p1a: Azumarill|0 fnt
|faint|p1a: Azumarill
|
|-heal|p2a: Cresselia|359\/444|[from] item: Leftovers
|
|switch|p1a: Breloom|Breloom, F|165\/261
|-damage|p1a: Breloom|133\/261|[from] Spikes
|-damage|p1a: Breloom|117\/261|[from] Stealth Rock
|turn|48
|join|That Didn't Matter
|
|move|p1a: Breloom|Spore|p2a: Cresselia
|-status|p2a: Cresselia|slp
|cant|p2a: Cresselia|slp
|
|-heal|p2a: Cresselia|386\/444 slp|[from] item: Leftovers
|turn|49
|
|move|p1a: Breloom|Bullet Seed|p2a: Cresselia
|-damage|p2a: Cresselia|335\/444 slp
|-damage|p2a: Cresselia|290\/444 slp
|-hitcount|p2a: Cresselia|2
|-curestatus|p2a: Cresselia|slp
|move|p2a: Cresselia|Psyshock|p1a: Breloom
|-supereffective|p1a: Breloom
|-damage|p1a: Breloom|0 fnt
|faint|p1a: Breloom
|
|-heal|p2a: Cresselia|317\/444|[from] item: Leftovers
|c|âJukain|rofl k
|
|switch|p1a: Thundurus|Thundurus, M|95\/299
|-damage|p1a: Thundurus|21\/299|[from] Stealth Rock
|turn|50
|join|I know his spread
|
|move|p1a: Thundurus|Thunder Wave|p2a: Cresselia
|-status|p2a: Cresselia|par
|move|p2a: Cresselia|Moonlight|p2a: Cresselia
|-heal|p2a: Cresselia|444\/444 par
|
|turn|51
|join|The Solid Snake
|c|âJukain|gg
|
|move|p1a: Thundurus|Thunderbolt|p2a: Cresselia
|-damage|p2a: Cresselia|304\/444 par
|-damage|p1a: Thundurus|0 fnt|[from] item: Life Orb
|faint|p1a: Thundurus
|move|p2a: Cresselia|Moonlight|p2a: Cresselia
|-heal|p2a: Cresselia|444\/444 par
|
|c|âRS Swept|thanks noob
|leave|WECAMEASROMANS
|c|âJukain|ps dont be a cocky asshole
|c|âJukain|when ur being lukE n bad
|leave|I'm Rick Astley
|
|switch|p1a: Landorus-Therian|Landorus-Therian, M|319\/319
|-damage|p1a: Landorus-Therian|280\/319|[from] Stealth Rock
|-ability|p1a: Landorus-Therian|Intimidate|[of] p2a: Cresselia
|-unboost|p2a: Cresselia|atk|1
|turn|52
|c|âRS Swept|you tried your best
|c|âRS Swept|and that's what matters
|
|switch|p2a: Gothitelle|Gothitelle, F|301\/301
|-damage|p2a: Gothitelle|264\/301|[from] Stealth Rock
|move|p1a: Landorus-Therian|Stone Edge|p2a: Gothitelle
|-damage|p2a: Gothitelle|136\/301
|
|turn|53
|
|move|p1a: Landorus-Therian|Stone Edge|p2a: Gothitelle
|-damage|p2a: Gothitelle|0 fnt
|faint|p2a: Gothitelle
|
|
|switch|p2a: Quagsire|Quagsire, F|394\/394
|-damage|p2a: Quagsire|370\/394|[from] Stealth Rock
|turn|54
|
|move|p1a: Landorus-Therian|Stone Edge|p2a: Quagsire
|-crit|p2a: Quagsire
|-resisted|p2a: Quagsire
|-damage|p2a: Quagsire|292\/394
|move|p2a: Quagsire|Scald|p1a: Landorus-Therian
|-supereffective|p1a: Landorus-Therian
|-damage|p1a: Landorus-Therian|122\/319
|
|-heal|p2a: Quagsire|316\/394|[from] item: Leftovers
|turn|55
|
|move|p1a: Landorus-Therian|Stone Edge|p2a: Quagsire
|-resisted|p2a: Quagsire
|-damage|p2a: Quagsire|262\/394
|move|p2a: Quagsire|Scald|p1a: Landorus-Therian
|-supereffective|p1a: Landorus-Therian
|-damage|p1a: Landorus-Therian|0 fnt
|faint|p1a: Landorus-Therian
|
|win|RS Swept
|raw|Ladder updating...
|leave|PorroPorro
|leave|Jukain
|player|p1
|raw|Jukain's rating: 1830 &rarr; <strong>1816<\/strong><br \/>(-14 for losing)
|raw|RS Swept's rating: 1935 &rarr; <strong>1949<\/strong><br \/>(+14 for winning)
|leave|Lulu6
|leave|That Didn't Matter
|join|PorroPorro
|leave|I know his spread
|leave|PorroPorro
|leave|Animefan8451
|leave|jessmister
|leave|hats.marumaru
|leave|Anditeo
|leave|RS Swept
|player|p2
|leave|The Solid Snake