|join|RS Swept
|join|Grumtastic
|player|p1|RS Swept|29
|player|p2|Grumtastic|48
|gametype|singles
|gen|6
|tier|OU
|clearpoke
|poke|p1|Landorus, M
|poke|p1|Thundurus, M
|poke|p1|Bisharp, F
|poke|p1|Azelf
|poke|p1|Lopunny, F
|poke|p1|Greninja, M
|poke|p2|Scizor, F
|poke|p2|Politoed, M
|poke|p2|Kabutops, F
|poke|p2|Kingdra, M
|poke|p2|Clefable, M
|poke|p2|Gliscor, M
|rule|Swagger Clause: Swagger is banned
|rule|Baton Pass Clause: Limit one PokÃ©mon knowing Baton Pass
|rule|Sleep Clause Mod: Limit one foe put to sleep
|rule|Species Clause: Limit one of each PokÃ©mon
|rule|OHKO Clause: OHKO moves are banned
|rule|Moody Clause: Moody is banned
|rule|Evasion Moves Clause: Evasion moves are banned
|rule|Endless Battle Clause: Forcing endless battles is banned
|rule|HP Percentage Mod: HP is shown in percentages
|teampreview
|join|thespiritinthesky
|join|LadderSoTall
|join|Bluwing
|c|âGrumtastic|hnngg doible genies
|c| LadderSoTall|o.o
|join|TMasterPu
|c| Bluwing|looord squuuuad
|c| Bluwing|go rs
|c|âRS Swept|Don't lose this matchup little one
|c| LadderSoTall|too bad thats raped by rain
|c|âGrumtastic|oh  i dint notice gren was legal again lol
|join|el capitan grande
|join|FrozenCold
|c| FrozenCold|RS do u always use HO?
|c|âGrumtastic|your hyper offense will probs crumble
|join|Snoorunt
|leave|LadderSoTall
|c|âRS Swept|I'm just counting on being much better than you
|c|âRS Swept|It's a reliable strategy
|
|start
|switch|p1a: Azelf|Azelf|291\/291
|switch|p2a: Politoed|Politoed, M|322\/322
|-weather|RainDance
|turn|1
|
|move|p1a: Azelf|Stealth Rock|p2a: Politoed
|-sidestart|p2: Grumtastic|move: Stealth Rock
|move|p2a: Politoed|Encore|p1a: Azelf
|-start|p1a: Azelf|Encore
|
|-weather|RainDance|[upkeep]
|turn|2
|c| FrozenCold|RS do u always use HO?
|leave|Snoorunt
|c|âGrumtastic|hope it works for you
|join|Yuttt.annual
|
|switch|p1a: Lopunny|Lopunny, F|272\/272
|move|p2a: Politoed|Scald|p1a: Lopunny
|-damage|p1a: Lopunny|104\/272
|
|-weather|RainDance|[upkeep]
|turn|3
|leave|thespiritinthesky
|
|detailschange|p1a: Lopunny|Lopunny-Mega, F
|-mega|p1a: Lopunny|Lopunny|Lopunnite
|move|p1a: Lopunny|Return|p2a: Politoed
|-damage|p2a: Politoed|75\/322
|move|p2a: Politoed|Scald|p1a: Lopunny
|-damage|p1a: Lopunny|0 fnt
|faint|p1a: Lopunny
|
|-weather|RainDance|[upkeep]
|
|switch|p1a: Bisharp|Bisharp, F|287\/287
|turn|4
|leave|TMasterPu
|join|TMasterPu
|
|move|p1a: Bisharp|Pursuit|p2a: Politoed
|-damage|p2a: Politoed|0 fnt
|faint|p2a: Politoed
|
|-weather|RainDance|[upkeep]
|
|switch|p2a: Gliscor|Gliscor, M|354\/354
|-damage|p2a: Gliscor|310\/354|[from] Stealth Rock
|turn|5
|join|LUSTY LEDDIT
|c| LUSTY LEDDIT|tourney or ladder
|c|âRS Swept|see! I told you being much better would get me a win
|c|âRS Swept|tourny
|
|switch|p1a: Thundurus|Thundurus, M|299\/299
|move|p2a: Gliscor|Stealth Rock|p1a: Thundurus
|-sidestart|p1: RS Swept|move: Stealth Rock
|
|-weather|RainDance|[upkeep]
|-status|p2a: Gliscor|tox|[from] item: Toxic Orb
|turn|6
|join|LOVE FATE NIGHT
|c| LUSTY LEDDIT|>not going for 2000 elo
|join|PikachuCandy
|c|âGrumtastic|i mean i predicted the pursuit i just dint invest enough into def
|c|âRS Swept|fuck that the ladder is too low and I can't use any of my good teams
|c|âRS Swept|losing this matchup is pathetic
|c| PikachuCandy|RS Swept not using stall??
|c|âGrumtastic|lol
|join|Prankster
|
|move|p1a: Thundurus|Thunderbolt|p2a: Gliscor
|-immune|p2a: Gliscor|[msg]
|move|p2a: Gliscor|Knock Off|p1a: Thundurus
|-damage|p1a: Thundurus|207\/299
|-enditem|p1a: Thundurus|Life Orb|[from] move: Knock Off|[of] p2a: Gliscor
|
|-weather|RainDance|[upkeep]
|-heal|p2a: Gliscor|354\/354 tox|[from] ability: Poison Heal
|turn|7
|leave|PikachuCandy
|c| Bluwing|rekt
|
|move|p1a: Thundurus|Thunderbolt|p2a: Gliscor
|-immune|p2a: Gliscor|[msg]
|move|p2a: Gliscor|Roost|p2a: Gliscor
|-fail|p2a: Gliscor
|
|-weather|RainDance|[upkeep]
|turn|8
|
|move|p1a: Thundurus|Hidden Power|p2a: Gliscor
|-supereffective|p2a: Gliscor
|-damage|p2a: Gliscor|34\/354 tox
|move|p2a: Gliscor|Knock Off|p1a: Thundurus
|-damage|p1a: Thundurus|137\/299
|
|-weather|none
|-heal|p2a: Gliscor|78\/354 tox|[from] ability: Poison Heal
|turn|9
|c|âRS Swept|and there's go the rain
|c|âRS Swept|RIP
|
|switch|p2a: Scizor|Scizor, F|343\/343
|-damage|p2a: Scizor|301\/343|[from] Stealth Rock
|move|p1a: Thundurus|Hidden Power|p2a: Scizor
|-resisted|p2a: Scizor
|-damage|p2a: Scizor|263\/343
|
|turn|10
|c|âRS Swept|there goes*
|join|Demandred
|
|move|p2a: Scizor|Bullet Punch|p1a: Thundurus
|-resisted|p1a: Thundurus
|-damage|p1a: Thundurus|77\/299
|move|p1a: Thundurus|Thunderbolt|p2a: Scizor
|-damage|p2a: Scizor|88\/343
|
|turn|11
|
|switch|p2a: Gliscor|Gliscor, M|78\/354 tox
|-damage|p2a: Gliscor|34\/354 tox|[from] Stealth Rock
|move|p1a: Thundurus|Thunderbolt|p2a: Gliscor
|-immune|p2a: Gliscor|[msg]
|
|-heal|p2a: Gliscor|78\/354 tox|[from] ability: Poison Heal
|turn|12
|
|switch|p2a: Clefable|Clefable, M|394\/394
|-damage|p2a: Clefable|345\/394|[from] Stealth Rock
|move|p1a: Thundurus|Hidden Power|p2a: Clefable
|-damage|p2a: Clefable|268\/394
|
|-heal|p2a: Clefable|292\/394|[from] item: Leftovers
|turn|13
|c|âRS Swept|my strategy always works
|join|Keldeown
|join|Flan76
|
|move|p1a: Thundurus|Thunderbolt|p2a: Clefable
|-damage|p2a: Clefable|132\/394
|-status|p2a: Clefable|par
|move|p2a: Clefable|Wish|p2a: Clefable
|
|-heal|p2a: Clefable|156\/394 par|[from] item: Leftovers
|turn|14
|join|lzy
|c|âGrumtastic|hnggg
|
|move|p2a: Clefable|Protect|p2a: Clefable
|-singleturn|p2a: Clefable|Protect
|move|p1a: Thundurus|Thunderbolt|p2a: Clefable
|-activate|p2a: Clefable|Protect
|
|-heal|p2a: Clefable|353\/394 par|[from] move: Wish|[wisher] Clefable
|-heal|p2a: Clefable|377\/394 par|[from] item: Leftovers
|turn|15
|c| LOVE FATE NIGHT|RAIN IS SAD
|c| Yuttt.annual|SO AM I
|c| LOVE FATE NIGHT|also thats not an Mzor??
|c|âGrumtastic|sad part was if i  added 40 more to def i would have lived lol
|c| lzy|o dam rs swept not playing stall
|
|switch|p1a: Bisharp|Bisharp, F|287\/287
|-damage|p1a: Bisharp|270\/287|[from] Stealth Rock
|move|p2a: Clefable|Moonblast|p1a: Bisharp
|-crit|p1a: Bisharp
|-damage|p1a: Bisharp|69\/287
|-unboost|p1a: Bisharp|spa|1
|-boost|p1a: Bisharp|atk|2|[from] ability: Defiant
|
|-heal|p2a: Clefable|394\/394 par|[from] item: Leftovers
|turn|16
|c| FrozenCold|nice
|c| LOVE FATE NIGHT|WHY ARE YOU SAD YUTTT?
|c|âGrumtastic|kek
|c| Yuttt.annual|BECAUSE
|c| Yuttt.annual|THE RAIN STOPPED
|
|switch|p2a: Gliscor|Gliscor, M|78\/354 tox
|-damage|p2a: Gliscor|34\/354 tox|[from] Stealth Rock
|move|p1a: Bisharp|Iron Head|p2a: Gliscor
|-damage|p2a: Gliscor|0 fnt
|faint|p2a: Gliscor
|
|join|hENRY
|c|âRS Swept|you played it like an idiot
|
|switch|p2a: Kingdra|Kingdra, M|291\/291
|-damage|p2a: Kingdra|255\/291|[from] Stealth Rock
|turn|17
|c|âRS Swept|you cant get back in on rocks either
|c|âRS Swept|so it's a moot point
|c| LUSTY LEDDIT|^
|c| LOVE FATE NIGHT|O
|c| FrozenCold|sweep
|
|move|p1a: Bisharp|Sucker Punch|p2a: Kingdra
|-damage|p2a: Kingdra|0 fnt
|faint|p2a: Kingdra
|
|c| LOVE FATE NIGHT|U KNO
|c| el capitan grande|all the pros sack their rain setter turn 4 m8
|c| LOVE FATE NIGHT|I SHOULD MAKE A SUN\/RAIN TEAM
|join|Draeden
|
|switch|p2a: Kabutops|Kabutops, F|261\/261
|-damage|p2a: Kabutops|229\/261|[from] Stealth Rock
|turn|18
|c| Yuttt.annual|ADD SAND TOO
|c|âGrumtastic|it had me locked into a pursuit
|c| Yuttt.annual|TOO PUR SUITE!
|c| LOVE FATE NIGHT|N TRIPLE WEATHER SUX
|c|âGrumtastic|i went for focus blast
|c| LOVE FATE NIGHT|hahahaha
|c|âRS Swept|that's your own fault for playing that like an idiot
|c| LOVE FATE NIGHT|I MEAN HAHAHAHA*
|
|move|p2a: Kabutops|Waterfall|p1a: Bisharp
|-damage|p1a: Bisharp|0 fnt
|-damage|p2a: Kabutops|203\/261|[from] item: Life Orb
|faint|p1a: Bisharp
|
|c| FrozenCold|what
|join|ExeALT
|join|MarcoAlf
|join|mastermind15
|
|switch|p1a: Azelf|Azelf|291\/291
|-damage|p1a: Azelf|255\/291|[from] Stealth Rock
|turn|19
|leave|ExeALT
|leave|FrozenCold
|
|switch|p2a: Clefable|Clefable, M|394\/394 par
|-damage|p2a: Clefable|345\/394 par|[from] Stealth Rock
|move|p1a: Azelf|Explosion|p2a: Clefable
|-damage|p2a: Clefable|111\/394 par
|faint|p1a: Azelf
|
|-heal|p2a: Clefable|135\/394 par|[from] item: Leftovers
|join|Pwocy
|join|Alldaalts
|
|switch|p1a: Greninja|Greninja, M|285\/285
|-damage|p1a: Greninja|250\/285|[from] Stealth Rock
|turn|20
|c| Flan76|bad play
|
|switch|p2a: Scizor|Scizor, F|88\/343
|-damage|p2a: Scizor|46\/343|[from] Stealth Rock
|move|p1a: Greninja|Gunk Shot|p2a: Scizor
|-start|p1a: Greninja|typechange|Poison|[from] Protean
|-immune|p2a: Scizor|[msg]
|
|turn|21
|join|emily
|c|âRS Swept|yeah ik i should have gone lando
|
|switch|p1a: Thundurus|Thundurus, M|77\/299
|-damage|p1a: Thundurus|3\/299|[from] Stealth Rock
|move|p2a: Scizor|Rain Dance|p2a: Scizor
|-weather|RainDance
|
|-weather|RainDance|[upkeep]
|turn|22
|join|Honchkrow-Mega
|
|move|p1a: Thundurus|Thunder Wave|p2a: Scizor
|-status|p2a: Scizor|par
|move|p2a: Scizor|Bullet Punch|p1a: Thundurus
|-resisted|p1a: Thundurus
|-damage|p1a: Thundurus|0 fnt
|faint|p1a: Thundurus
|
|-weather|RainDance|[upkeep]
|c|âGrumtastic|gg
|c| el capitan grande|did naht see that coming
|c| mastermind15|lol rain dance scizor!?
|
|switch|p1a: Landorus|Landorus, M|319\/319
|-damage|p1a: Landorus|280\/319|[from] Stealth Rock
|turn|23
|
|move|p1a: Landorus|Earth Power|p2a: Scizor
|-damage|p2a: Scizor|0 fnt
|faint|p2a: Scizor
|
|-weather|RainDance|[upkeep]
|
|switch|p2a: Kabutops|Kabutops, F|203\/261
|-damage|p2a: Kabutops|171\/261|[from] Stealth Rock
|turn|24
|c| mastermind15|rs if you lose to this noob...
|
|move|p2a: Kabutops|Waterfall|p1a: Landorus
|-supereffective|p1a: Landorus
|-damage|p1a: Landorus|0 fnt
|-damage|p2a: Kabutops|145\/261|[from] item: Life Orb
|faint|p1a: Landorus
|
|-weather|RainDance|[upkeep]
|c|âRS Swept|I lost on matchup and a fkn rain dance scizor
|
|switch|p1a: Greninja|Greninja, M|250\/285
|-damage|p1a: Greninja|215\/285|[from] Stealth Rock
|turn|25
|c| Flan76|mastermind
|c|âRS Swept|This shouldnt have been close
|c| Flan76|bad matchup
|c| Flan76|nig
|c| Keldeown|this is one for the replay
|
|move|p2a: Kabutops|Waterfall|p1a: Greninja
|-resisted|p1a: Greninja
|-damage|p1a: Greninja|0 fnt
|-damage|p2a: Kabutops|119\/261|[from] item: Life Orb
|faint|p1a: Greninja
|
|win|Grumtastic
|leave|Flan76
|leave|Honchkrow-Mega
|leave|RS Swept
|player|p1
|c|âGrumtastic|pls do hate me though i love you
|leave|MarcoAlf
|leave|emily
|c| el capitan grande|nb nb
|leave|LUSTY LEDDIT
|leave|el capitan grande
|leave|Draeden
|leave|Pwocy
|leave|hENRY
|c| mastermind15|good job grumtastic