|join|RS Swept
|join|Reverb
|player|p1|RS Swept|29
|player|p2|Reverb|#reverb
|gametype|singles
|gen|6
|tier|OU
|rated
|clearpoke
|poke|p1|Politoed, M
|poke|p1|Swampert, F
|poke|p1|Lucario, M
|poke|p1|Garchomp, M
|poke|p1|Thundurus, M
|poke|p1|Latias, F
|poke|p2|Celebi
|poke|p2|Heatran, M
|poke|p2|Gardevoir, M
|poke|p2|Keldeo
|poke|p2|Landorus-Therian, M
|poke|p2|Raikou
|rule|Swagger Clause: Swagger is banned
|rule|Baton Pass Clause: Limit one PokÃ©mon knowing Baton Pass
|rule|Sleep Clause Mod: Limit one foe put to sleep
|rule|Species Clause: Limit one of each PokÃ©mon
|rule|OHKO Clause: OHKO moves are banned
|rule|Moody Clause: Moody is banned
|rule|Evasion Moves Clause: Evasion moves are banned
|rule|Endless Battle Clause: Forcing endless battles is banned
|rule|HP Percentage Mod: HP is shown in percentages
|teampreview
|join|I Iike Squirtles
|c|âReverb|hf
|join|Escavalier
|c|âRS Swept|u2fatgoat
|join|will i lose
|join|Exemption
|
|start
|switch|p1a: Garchomp|Garchomp, M|357\/357
|switch|p2a: Raikou|Raikou|321\/321
|-ability|p2a: Raikou|Pressure
|turn|1
|join|IAmXiphias94
|
|move|p2a: Raikou|Hidden Power|p1a: Garchomp
|-supereffective|p1a: Garchomp
|-damage|p1a: Garchomp|69\/357
|move|p1a: Garchomp|Stealth Rock|p2a: Raikou
|-sidestart|p2: Reverb|move: Stealth Rock
|
|turn|2
|
|switch|p1a: Swampert|Swampert, F|359\/359
|move|p2a: Raikou|Hidden Power|p1a: Swampert
|-damage|p1a: Swampert|290\/359
|
|turn|3
|
|switch|p2a: Landorus-Therian|Landorus-Therian, M|382\/382
|-damage|p2a: Landorus-Therian|335\/382|[from] Stealth Rock
|-ability|p2a: Landorus-Therian|Intimidate|[of] p1a: Swampert
|-unboost|p1a: Swampert|atk|1
|detailschange|p1a: Swampert|Swampert-Mega, F
|-mega|p1a: Swampert|Swampert|Swampertite
|move|p1a: Swampert|Ice Punch|p2a: Landorus-Therian
|-supereffective|p2a: Landorus-Therian
|-damage|p2a: Landorus-Therian|79\/382
|
|-heal|p2a: Landorus-Therian|102\/382|[from] item: Leftovers
|turn|4
|
|move|p2a: Landorus-Therian|Stealth Rock|p1a: Swampert
|-sidestart|p1: RS Swept|move: Stealth Rock
|move|p1a: Swampert|Ice Punch|p2a: Landorus-Therian
|-supereffective|p2a: Landorus-Therian
|-damage|p2a: Landorus-Therian|0 fnt
|faint|p2a: Landorus-Therian
|
|join|tomatomafia 2.0
|
|switch|p2a: Celebi|Celebi|361\/361
|-damage|p2a: Celebi|316\/361|[from] Stealth Rock
|turn|5
|leave|IAmXiphias94
|
|switch|p1a: Latias|Latias, F|309\/309
|-damage|p1a: Latias|271\/309|[from] Stealth Rock
|move|p2a: Celebi|Leaf Storm|p1a: Latias
|-resisted|p1a: Latias
|-damage|p1a: Latias|186\/309
|-unboost|p2a: Celebi|spa|2
|
|turn|6
|
|switch|p2a: Gardevoir|Gardevoir, M|277\/277
|-damage|p2a: Gardevoir|243\/277|[from] Stealth Rock
|-ability|p2a: Gardevoir|Levitate|[from] ability: Trace|[of] p1a: Latias
|move|p1a: Latias|Defog|p2a: Gardevoir
|-unboost|p2a: Gardevoir|evasion|1
|-sideend|p2: Reverb|Stealth Rock|[from] move: Defog|[of] p2a: Gardevoir
|-sideend|p1: RS Swept|Stealth Rock|[from] move: Defog|[of] p1a: Latias
|
|turn|7
|leave|tomatomafia 2.0
|
|detailschange|p2a: Gardevoir|Gardevoir-Mega, M
|-mega|p2a: Gardevoir|Gardevoir|Gardevoirite
|move|p1a: Latias|Healing Wish|p1a: Latias
|faint|p1a: Latias
|move|p2a: Gardevoir|Hyper Voice|p1: Latias|[notarget]
|-notarget
|
|
|switch|p1a: Garchomp|Garchomp, M|69\/357
|-heal|p1a: Garchomp|357\/357|[from] move: Healing Wish
|turn|8
|
|move|p1a: Garchomp|Earthquake|p2a: Gardevoir
|-damage|p2a: Gardevoir|5\/277
|move|p2a: Gardevoir|Hyper Voice|p1a: Garchomp
|-supereffective|p1a: Garchomp
|-enditem|p1a: Garchomp|Focus Sash
|-damage|p1a: Garchomp|1\/357
|
|turn|9
|
|move|p1a: Garchomp|Stealth Rock|p2a: Gardevoir
|-sidestart|p2: Reverb|move: Stealth Rock
|move|p2a: Gardevoir|Hyper Voice|p1a: Garchomp
|-supereffective|p1a: Garchomp
|-damage|p1a: Garchomp|0 fnt
|faint|p1a: Garchomp
|
|
|switch|p1a: Thundurus|Thundurus, M|299\/299
|turn|10
|
|switch|p2a: Raikou|Raikou|321\/321
|-damage|p2a: Raikou|281\/321|[from] Stealth Rock
|-ability|p2a: Raikou|Pressure
|move|p1a: Thundurus|Knock Off|p2a: Raikou
|-damage|p2a: Raikou|120\/321
|-enditem|p2a: Raikou|Assault Vest|[from] move: Knock Off|[of] p1a: Thundurus
|-damage|p1a: Thundurus|270\/299|[from] item: Life Orb
|
|turn|11
|c|âRS Swept|oh
|c|âRS Swept|i see your team
|c|âRS Swept|ya fkn noob
|c|âRS Swept|that healing wish celebi is so clever
|c|âReverb|lel
|c| Escavalier|lol
|c|âReverb|ok
|
|switch|p1a: Politoed|Politoed, M|322\/322
|-weather|RainDance
|move|p2a: Raikou|Extrasensory|p1a: Politoed
|-damage|p1a: Politoed|240\/322
|
|-weather|RainDance|[upkeep]
|turn|12
|
|switch|p1a: Lucario|Lucario, M|281\/281
|move|p2a: Raikou|Extrasensory|p1a: Lucario
|-damage|p1a: Lucario|160\/281
|
|-weather|RainDance|[upkeep]
|turn|13
|
|switch|p2a: Gardevoir|Gardevoir-Mega, M|5\/277
|-damage|p2a: Gardevoir|0 fnt|[from] Stealth Rock
|faint|p2a: Gardevoir
|move|p1a: Lucario|Extreme Speed|p2: Gardevoir|[notarget]
|-notarget
|
|-weather|RainDance|[upkeep]
|c|âRS Swept|SD WHERE
|c|âRS Swept|No fear of the gg
|
|switch|p2a: Celebi|Celebi|316\/361
|-damage|p2a: Celebi|271\/361|[from] Stealth Rock
|turn|14
|
|move|p2a: Celebi|Earth Power|p1a: Lucario
|-supereffective|p1a: Lucario
|-damage|p1a: Lucario|0 fnt
|faint|p1a: Lucario
|
|-weather|RainDance|[upkeep]
|join|craing
|
|switch|p1a: Thundurus|Thundurus, M|270\/299
|turn|15
|
|switch|p2a: Keldeo|Keldeo|322\/322
|-damage|p2a: Keldeo|302\/322|[from] Stealth Rock
|move|p1a: Thundurus|Knock Off|p2a: Keldeo
|-resisted|p2a: Keldeo
|-damage|p2a: Keldeo|241\/322
|-boost|p2a: Keldeo|atk|1|[from] ability: Justified
|-enditem|p2a: Keldeo|Choice Specs|[from] move: Knock Off|[of] p1a: Thundurus
|-damage|p1a: Thundurus|241\/299|[from] item: Life Orb
|
|-weather|RainDance|[upkeep]
|turn|16
|
|switch|p2a: Heatran|Heatran, M|323\/323
|-damage|p2a: Heatran|283\/323|[from] Stealth Rock
|move|p1a: Thundurus|Thunder|p2a: Heatran
|-damage|p2a: Heatran|48\/323
|-damage|p1a: Thundurus|212\/299|[from] item: Life Orb
|
|-weather|RainDance|[upkeep]
|turn|17
|
|move|p2a: Heatran|Stone Edge|p1a: Thundurus
|-supereffective|p1a: Thundurus
|-damage|p1a: Thundurus|34\/299
|move|p1a: Thundurus|Thunder|p2a: Heatran
|-damage|p2a: Heatran|0 fnt
|-damage|p1a: Thundurus|5\/299|[from] item: Life Orb
|faint|p2a: Heatran
|
|-weather|RainDance|[upkeep]
|c|âRS Swept|fuck me sideways with a lunchbox
|
|switch|p2a: Raikou|Raikou|120\/321
|-damage|p2a: Raikou|80\/321|[from] Stealth Rock
|-ability|p2a: Raikou|Pressure
|turn|18
|
|switch|p1a: Swampert|Swampert-Mega, F|290\/359
|move|p2a: Raikou|Hidden Power|p1a: Swampert
|-damage|p1a: Swampert|230\/359
|
|-weather|none
|turn|19
|
|switch|p2a: Keldeo|Keldeo|241\/322
|-damage|p2a: Keldeo|221\/322|[from] Stealth Rock
|move|p1a: Swampert|Earthquake|p2a: Keldeo
|-damage|p2a: Keldeo|0 fnt
|faint|p2a: Keldeo
|
|
|switch|p2a: Celebi|Celebi|271\/361
|-damage|p2a: Celebi|226\/361|[from] Stealth Rock
|turn|20
|
|switch|p1a: Politoed|Politoed, M|240\/322
|-weather|RainDance
|move|p2a: Celebi|Recover|p2a: Celebi
|-heal|p2a: Celebi|361\/361
|
|-weather|RainDance|[upkeep]
|turn|21
|c|âRS Swept|god dammit
|c|âRS Swept|you have a small penis
|
|move|p2a: Celebi|Leaf Storm|p1a: Politoed
|-supereffective|p1a: Politoed
|-damage|p1a: Politoed|0 fnt
|-unboost|p2a: Celebi|spa|2
|faint|p1a: Politoed
|
|-weather|RainDance|[upkeep]
|c|âReverb|it's actually p big
|c|âReverb|not liek ron jeremy
|c|âReverb|but bigger than average
|c|âReverb|by a solid amount
|c|âReverb|i'll send you a pic
|c|âRS Swept|Is that what your mother tells you
|
|switch|p1a: Thundurus|Thundurus, M|5\/299
|turn|22
|c|âReverb|stfu
|c|âReverb|guinea
|c|âReverb|dago
|c|âReverb|wop
|
|switch|p1a: Swampert|Swampert-Mega, F|230\/359
|switch|p2a: Raikou|Raikou|80\/321
|-damage|p2a: Raikou|40\/321|[from] Stealth Rock
|-ability|p2a: Raikou|Pressure
|
|-weather|RainDance|[upkeep]
|turn|23
|join|champion knigkt
|c| Escavalier|wasnt recover the best play
|c|âReverb|it was
|
|move|p1a: Swampert|Ice Punch|p2a: Raikou
|-damage|p2a: Raikou|0 fnt
|faint|p2a: Raikou
|
|-weather|RainDance|[upkeep]
|c|âReverb|i got distracted lol
|
|switch|p2a: Celebi|Celebi|361\/361
|-damage|p2a: Celebi|316\/361|[from] Stealth Rock
|turn|24
|c|âRS Swept|all part of the strat
|
|move|p1a: Swampert|Ice Punch|p2a: Celebi
|-supereffective|p2a: Celebi
|-damage|p2a: Celebi|90\/361
|move|p2a: Celebi|Leaf Storm|p1a: Swampert
|-supereffective|p1a: Swampert
|-damage|p1a: Swampert|0 fnt
|-unboost|p2a: Celebi|spa|2
|faint|p1a: Swampert
|
|-weather|RainDance|[upkeep]
|
|switch|p1a: Thundurus|Thundurus, M|5\/299
|turn|25
|c|âReverb|fgt
|c|âReverb|gg
|
|move|p1a: Thundurus|Knock Off|p2a: Celebi
|-supereffective|p2a: Celebi
|-damage|p2a: Celebi|0 fnt
|-enditem|p2a: Celebi|Expert Belt|[from] move: Knock Off|[of] p1a: Thundurus
|-damage|p1a: Thundurus|0 fnt|[from] item: Life Orb
|faint|p2a: Celebi
|faint|p1a: Thundurus
|
|win|RS Swept
|raw|Ladder updating...
|c|âRS Swept|gg
|raw|RS Swept's rating: 1765 &rarr; <strong>1784<\/strong><br \/>(+19 for winning)
|raw|Reverb's rating: 1751 &rarr; <strong>1732<\/strong><br \/>(-19 for losing)
|join|Biz
|leave|Reverb
|player|p2
|leave|Escavalier
|leave|I Iike Squirtles
|leave|RS Swept
|player|p1
|leave|craing
|leave|Biz