|join|RS Swept
|join|RabuRabuBeam
|player|p1|RS Swept|169
|player|p2|RabuRabuBeam|2
|gametype|singles
|gen|6
|tier|OU
|rated
|clearpoke
|poke|p1|Gothitelle, M
|poke|p1|Skarmory, F
|poke|p1|Cresselia, F
|poke|p1|Quagsire, F
|poke|p1|Sableye, M
|poke|p1|Chansey, F
|poke|p2|Mamoswine, M
|poke|p2|Ferrothorn, M
|poke|p2|Metagross
|poke|p2|Keldeo-Resolute
|poke|p2|Rotom-Wash
|poke|p2|Sylveon, F
|rule|Swagger Clause: Swagger is banned
|rule|Baton Pass Clause: Limit one PokÃ©mon knowing Baton Pass
|rule|Sleep Clause Mod: Limit one foe put to sleep
|rule|Species Clause: Limit one of each PokÃ©mon
|rule|OHKO Clause: OHKO moves are banned
|rule|Moody Clause: Moody is banned
|rule|Evasion Moves Clause: Evasion moves are banned
|rule|Endless Battle Clause: Forcing endless battles is banned
|rule|HP Percentage Mod: HP is shown in percentages
|teampreview
|
|start
|switch|p1a: Chansey|Chansey, F|645\/645
|switch|p2a: Sylveon|Sylveon, F|392\/392
|turn|1
|
|switch|p2a: Ferrothorn|Ferrothorn, M|352\/352
|move|p1a: Chansey|Stealth Rock|p2a: Ferrothorn
|-sidestart|p2: RabuRabuBeam|move: Stealth Rock
|
|turn|2
|
|switch|p1a: Sableye|Sableye, M|303\/303
|move|p2a: Ferrothorn|Stealth Rock|p1a: Sableye
|-sidestart|p1: RS Swept|move: Stealth Rock
|
|turn|3
|
|switch|p2a: Sylveon|Sylveon, F|392\/392
|-damage|p2a: Sylveon|343\/392|[from] Stealth Rock
|detailschange|p1a: Sableye|Sableye-Mega, M
|-mega|p1a: Sableye|Sableye|Sablenite
|move|p1a: Sableye|Will-O-Wisp|p2a: Sylveon
|-status|p2a: Sylveon|brn
|
|-damage|p2a: Sylveon|294\/392 brn|[from] brn
|turn|4
|
|switch|p1a: Chansey|Chansey, F|645\/645
|-damage|p1a: Chansey|565\/645|[from] Stealth Rock
|move|p2a: Sylveon|Hyper Voice|p1a: Chansey
|-damage|p1a: Chansey|397\/645
|
|-damage|p2a: Sylveon|245\/392 brn|[from] brn
|turn|5
|
|switch|p2a: Keldeo-Resolute|Keldeo-Resolute|323\/323
|-damage|p2a: Keldeo-Resolute|303\/323|[from] Stealth Rock
|move|p1a: Chansey|Soft-Boiled|p1a: Chansey
|-heal|p1a: Chansey|645\/645
|
|turn|6
|join|ampdpharos
|
|switch|p1a: Cresselia|Cresselia, F|444\/444
|-damage|p1a: Cresselia|389\/444|[from] Stealth Rock
|move|p2a: Keldeo-Resolute|Scald|p1a: Cresselia
|-damage|p1a: Cresselia|284\/444
|
|-heal|p1a: Cresselia|311\/444|[from] item: Leftovers
|turn|7
|
|switch|p2a: Ferrothorn|Ferrothorn, M|352\/352
|-damage|p2a: Ferrothorn|330\/352|[from] Stealth Rock
|move|p1a: Cresselia|Moonlight|p1a: Cresselia
|-heal|p1a: Cresselia|444\/444
|
|-heal|p2a: Ferrothorn|352\/352|[from] item: Leftovers
|turn|8
|join|squirrelll
|
|switch|p1a: Skarmory|Skarmory, F|333\/333
|-damage|p1a: Skarmory|292\/333|[from] Stealth Rock
|switch|p2a: Keldeo-Resolute|Keldeo-Resolute|303\/323
|-damage|p2a: Keldeo-Resolute|283\/323|[from] Stealth Rock
|
|turn|9
|join|fuck christmas
|
|switch|p1a: Gothitelle|Gothitelle, M|301\/301
|-damage|p1a: Gothitelle|264\/301|[from] Stealth Rock
|move|p2a: Keldeo-Resolute|Scald|p1a: Gothitelle
|-damage|p1a: Gothitelle|108\/301
|
|turn|10
|
|move|p2a: Keldeo-Resolute|Scald|p1a: Gothitelle
|-damage|p1a: Gothitelle|0 fnt
|faint|p1a: Gothitelle
|
|
|switch|p1a: Chansey|Chansey, F|645\/645
|-damage|p1a: Chansey|565\/645|[from] Stealth Rock
|turn|11
|
|switch|p2a: Metagross|Metagross|301\/301
|-damage|p2a: Metagross|283\/301|[from] Stealth Rock
|switch|p1a: Skarmory|Skarmory, F|292\/333
|-damage|p1a: Skarmory|251\/333|[from] Stealth Rock
|
|turn|12
|join|CleanerThanRotom-W
|
|switch|p2a: Rotom-Wash|Rotom-Wash|303\/303
|-damage|p2a: Rotom-Wash|266\/303|[from] Stealth Rock
|move|p1a: Skarmory|Defog|p2a: Rotom-Wash
|-unboost|p2a: Rotom-Wash|evasion|1
|-sideend|p2: RabuRabuBeam|Stealth Rock|[from] move: Defog|[of] p2a: Rotom-Wash
|-sideend|p1: RS Swept|Stealth Rock|[from] move: Defog|[of] p1a: Skarmory
|
|-heal|p2a: Rotom-Wash|284\/303|[from] item: Leftovers
|turn|13
|
|switch|p1a: Chansey|Chansey, F|565\/645
|move|p2a: Rotom-Wash|Volt Switch|p1a: Chansey
|-damage|p1a: Chansey|522\/645
|
|switch|p2a: Mamoswine|Mamoswine, M|361\/361
|
|turn|14
|
|switch|p1a: Skarmory|Skarmory, F|251\/333
|move|p2a: Mamoswine|Stealth Rock|p1a: Skarmory
|-sidestart|p1: RS Swept|move: Stealth Rock
|
|turn|15
|
|switch|p2a: Rotom-Wash|Rotom-Wash|284\/303
|move|p1a: Skarmory|Roost|p1a: Skarmory
|-heal|p1a: Skarmory|333\/333
|
|-heal|p2a: Rotom-Wash|302\/303|[from] item: Leftovers
|turn|16
|join|RS Cleaner
|
|move|p2a: Rotom-Wash|Will-O-Wisp|p1a: Skarmory
|-status|p1a: Skarmory|brn
|move|p1a: Skarmory|Defog|p2a: Rotom-Wash
|-unboost|p2a: Rotom-Wash|evasion|1
|-sideend|p1: RS Swept|Stealth Rock|[from] move: Defog|[of] p1a: Skarmory
|
|-heal|p2a: Rotom-Wash|303\/303|[from] item: Leftovers
|-damage|p1a: Skarmory|292\/333 brn|[from] brn
|turn|17
|c| RS Cleaner|lol
|
|switch|p1a: Chansey|Chansey, F|522\/645
|move|p2a: Rotom-Wash|Volt Switch|p1a: Chansey
|-damage|p1a: Chansey|476\/645
|
|switch|p2a: Keldeo-Resolute|Keldeo-Resolute|283\/323
|
|turn|18
|
|switch|p1a: Cresselia|Cresselia, F|444\/444
|move|p2a: Keldeo-Resolute|Secret Sword|p1a: Cresselia
|-resisted|p1a: Cresselia
|-damage|p1a: Cresselia|383\/444
|
|-heal|p1a: Cresselia|410\/444|[from] item: Leftovers
|turn|19
|
|switch|p2a: Ferrothorn|Ferrothorn, M|352\/352
|switch|p1a: Sableye|Sableye-Mega, M|303\/303
|
|turn|20
|
|switch|p2a: Sylveon|Sylveon, F|245\/392 brn
|move|p1a: Sableye|Will-O-Wisp|p2a: Sylveon|[miss]
|-miss|p1a: Sableye|p2a: Sylveon
|
|-damage|p2a: Sylveon|196\/392 brn|[from] brn
|turn|21
|
|switch|p2a: Mamoswine|Mamoswine, M|361\/361
|switch|p1a: Chansey|Chansey, F|476\/645
|
|turn|22
|join|CleanerThanRotom-W
|
|switch|p1a: Sableye|Sableye-Mega, M|303\/303
|move|p2a: Mamoswine|Stealth Rock|p1a: Sableye
|move|p1a: Sableye|Stealth Rock|p2a: Mamoswine|[from]Magic Bounce
|-sidestart|p2: RabuRabuBeam|move: Stealth Rock
|
|turn|23
|
|switch|p2a: Sylveon|Sylveon, F|196\/392 brn
|-damage|p2a: Sylveon|147\/392 brn|[from] Stealth Rock
|move|p1a: Sableye|Will-O-Wisp|p2a: Sylveon
|-fail|p2a: Sylveon|brn
|
|-damage|p2a: Sylveon|98\/392 brn|[from] brn
|turn|24
|join|Relic Stone
|
|switch|p1a: Chansey|Chansey, F|476\/645
|move|p2a: Sylveon|Hyper Voice|p1a: Chansey
|-damage|p1a: Chansey|305\/645
|
|-damage|p2a: Sylveon|49\/392 brn|[from] brn
|turn|25
|
|switch|p2a: Mamoswine|Mamoswine, M|361\/361
|-damage|p2a: Mamoswine|316\/361|[from] Stealth Rock
|move|p1a: Chansey|Soft-Boiled|p1a: Chansey
|-heal|p1a: Chansey|628\/645
|
|turn|26
|join|MyBloBByIsPinky
|leave|MyBloBByIsPinky
|join|Jefo
|
|switch|p1a: Sableye|Sableye-Mega, M|303\/303
|move|p2a: Mamoswine|Earthquake|p1a: Sableye
|-damage|p1a: Sableye|155\/303
|
|turn|27
|join|agorazein
|leave|agorazein
|
|move|p2a: Mamoswine|Earthquake|p1a: Sableye
|-damage|p1a: Sableye|11\/303
|move|p1a: Sableye|Recover|p1a: Sableye
|-heal|p1a: Sableye|163\/303
|
|turn|28
|
|move|p2a: Mamoswine|Earthquake|p1a: Sableye
|-damage|p1a: Sableye|27\/303
|move|p1a: Sableye|Recover|p1a: Sableye
|-heal|p1a: Sableye|179\/303
|
|turn|29
|
|move|p2a: Mamoswine|Earthquake|p1a: Sableye
|-damage|p1a: Sableye|35\/303
|move|p1a: Sableye|Recover|p1a: Sableye
|-heal|p1a: Sableye|187\/303
|
|turn|30
|
|move|p2a: Mamoswine|Earthquake|p1a: Sableye
|-damage|p1a: Sableye|46\/303
|move|p1a: Sableye|Recover|p1a: Sableye
|-heal|p1a: Sableye|198\/303
|
|turn|31
|
|move|p2a: Mamoswine|Earthquake|p1a: Sableye
|-damage|p1a: Sableye|66\/303
|move|p1a: Sableye|Recover|p1a: Sableye
|-heal|p1a: Sableye|218\/303
|
|turn|32
|
|move|p2a: Mamoswine|Earthquake|p1a: Sableye
|-damage|p1a: Sableye|83\/303
|move|p1a: Sableye|Will-O-Wisp|p2a: Mamoswine
|-status|p2a: Mamoswine|brn
|
|-damage|p2a: Mamoswine|271\/361 brn|[from] brn
|turn|33
|
|move|p2a: Mamoswine|Earthquake|p1a: Sableye
|-crit|p1a: Sableye
|-damage|p1a: Sableye|0 fnt
|faint|p1a: Sableye
|
|-damage|p2a: Mamoswine|226\/361 brn|[from] brn
|c|âRS Swept|noooo
|c| fuck christmas|LOL
|c| CleanerThanRotom-W|what did u expect costa
|
|switch|p1a: Chansey|Chansey, F|628\/645
|turn|34
|
|move|p2a: Mamoswine|Stealth Rock|p1a: Chansey
|-sidestart|p1: RS Swept|move: Stealth Rock
|move|p1a: Chansey|Aromatherapy|p1a: Chansey
|-cureteam|p1a: Chansey|[from] move: Aromatherapy
|
|-damage|p2a: Mamoswine|181\/361 brn|[from] brn
|turn|35
|c|âRS Swept|to be the very best
|c|âRS Swept|like no one ever was
|c| CleanerThanRotom-W|,,,
|
|switch|p1a: Skarmory|Skarmory, F|292\/333
|-damage|p1a: Skarmory|251\/333|[from] Stealth Rock
|move|p2a: Mamoswine|Endeavor|p1a: Skarmory
|-damage|p1a: Skarmory|181\/333
|-damage|p2a: Mamoswine|121\/361 brn|[from] item: Rocky Helmet|[of] p1a: Skarmory
|
|-damage|p2a: Mamoswine|76\/361 brn|[from] brn
|turn|36
|
|switch|p2a: Rotom-Wash|Rotom-Wash|303\/303
|-damage|p2a: Rotom-Wash|266\/303|[from] Stealth Rock
|move|p1a: Skarmory|Roost|p1a: Skarmory
|-heal|p1a: Skarmory|333\/333
|
|-heal|p2a: Rotom-Wash|284\/303|[from] item: Leftovers
|turn|37
|
|switch|p1a: Cresselia|Cresselia, F|410\/444
|-damage|p1a: Cresselia|355\/444|[from] Stealth Rock
|move|p2a: Rotom-Wash|Will-O-Wisp|p1a: Cresselia
|-status|p1a: Cresselia|brn
|
|-heal|p2a: Rotom-Wash|302\/303|[from] item: Leftovers
|-heal|p1a: Cresselia|382\/444 brn|[from] item: Leftovers
|-damage|p1a: Cresselia|327\/444 brn|[from] brn
|turn|38
|
|move|p2a: Rotom-Wash|Volt Switch|p1a: Cresselia
|-damage|p1a: Cresselia|267\/444 brn
|
|switch|p2a: Ferrothorn|Ferrothorn, M|352\/352
|-damage|p2a: Ferrothorn|330\/352|[from] Stealth Rock
|move|p1a: Cresselia|Psyshock|p2a: Ferrothorn
|-resisted|p2a: Ferrothorn
|-damage|p2a: Ferrothorn|301\/352
|
|-heal|p1a: Cresselia|294\/444 brn|[from] item: Leftovers
|-heal|p2a: Ferrothorn|323\/352|[from] item: Leftovers
|-damage|p1a: Cresselia|239\/444 brn|[from] brn
|turn|39
|
|move|p1a: Cresselia|Moonlight|p1a: Cresselia
|-heal|p1a: Cresselia|444\/444 brn
|move|p2a: Ferrothorn|Leech Seed|p1a: Cresselia
|-start|p1a: Cresselia|move: Leech Seed
|
|-heal|p2a: Ferrothorn|345\/352|[from] item: Leftovers
|-damage|p1a: Cresselia|389\/444 brn|[from] Leech Seed|[of] p2a: Ferrothorn
|-heal|p2a: Ferrothorn|352\/352|[silent]
|-damage|p1a: Cresselia|334\/444 brn|[from] brn
|turn|40
|
|switch|p1a: Skarmory|Skarmory, F|333\/333
|-damage|p1a: Skarmory|292\/333|[from] Stealth Rock
|move|p2a: Ferrothorn|Leech Seed|p1a: Skarmory
|-start|p1a: Skarmory|move: Leech Seed
|
|-damage|p1a: Skarmory|251\/333|[from] Leech Seed|[of] p2a: Ferrothorn
|turn|41
|leave|ampdpharos
|join|ampdpharos
|
|switch|p2a: Rotom-Wash|Rotom-Wash|302\/303
|-damage|p2a: Rotom-Wash|265\/303|[from] Stealth Rock
|move|p1a: Skarmory|Spikes|p2a: Rotom-Wash
|-sidestart|p2: RabuRabuBeam|Spikes
|
|-heal|p2a: Rotom-Wash|283\/303|[from] item: Leftovers
|-damage|p1a: Skarmory|210\/333|[from] Leech Seed|[of] p2a: Rotom-Wash
|-heal|p2a: Rotom-Wash|303\/303|[silent]
|turn|42
|
|switch|p1a: Chansey|Chansey, F|628\/645
|-damage|p1a: Chansey|548\/645|[from] Stealth Rock
|move|p2a: Rotom-Wash|Volt Switch|p1a: Chansey
|-damage|p1a: Chansey|503\/645
|
|switch|p2a: Metagross|Metagross|283\/301
|-damage|p2a: Metagross|265\/301|[from] Stealth Rock
|-damage|p2a: Metagross|228\/301|[from] Spikes
|
|turn|43
|
|switch|p1a: Skarmory|Skarmory, F|210\/333
|-damage|p1a: Skarmory|169\/333|[from] Stealth Rock
|move|p2a: Metagross|Ice Punch|p1a: Skarmory
|-damage|p1a: Skarmory|114\/333
|-damage|p2a: Metagross|178\/301|[from] item: Rocky Helmet|[of] p1a: Skarmory
|
|turn|44
|
|switch|p2a: Rotom-Wash|Rotom-Wash|303\/303
|-damage|p2a: Rotom-Wash|266\/303|[from] Stealth Rock
|move|p1a: Skarmory|Roost|p1a: Skarmory
|-heal|p1a: Skarmory|281\/333
|
|-heal|p2a: Rotom-Wash|284\/303|[from] item: Leftovers
|turn|45
|join|Avarice87
|
|switch|p1a: Quagsire|Quagsire, F|394\/394
|-damage|p1a: Quagsire|370\/394|[from] Stealth Rock
|move|p2a: Rotom-Wash|Will-O-Wisp|p1a: Quagsire
|-status|p1a: Quagsire|brn
|
|-heal|p2a: Rotom-Wash|302\/303|[from] item: Leftovers
|-heal|p1a: Quagsire|394\/394 brn|[from] item: Leftovers
|-damage|p1a: Quagsire|345\/394 brn|[from] brn
|turn|46
|c| Avarice87|Hey RS
|c| Avarice87|It's been a while
|
|move|p2a: Rotom-Wash|Volt Switch|p1a: Quagsire
|-immune|p1a: Quagsire|[msg]
|move|p1a: Quagsire|Toxic|p2a: Rotom-Wash
|-status|p2a: Rotom-Wash|tox
|
|-heal|p2a: Rotom-Wash|303\/303 tox|[from] item: Leftovers
|-heal|p1a: Quagsire|369\/394 brn|[from] item: Leftovers
|-damage|p2a: Rotom-Wash|285\/303 tox|[from] psn
|-damage|p1a: Quagsire|320\/394 brn|[from] brn
|turn|47
|leave|Avarice87
|
|switch|p2a: Mamoswine|Mamoswine, M|76\/361 brn
|-damage|p2a: Mamoswine|31\/361 brn|[from] Stealth Rock
|-damage|p2a: Mamoswine|0 fnt|[from] Spikes
|faint|p2a: Mamoswine
|switch|p1a: Chansey|Chansey, F|503\/645
|-damage|p1a: Chansey|423\/645|[from] Stealth Rock
|
|
|switch|p2a: Keldeo-Resolute|Keldeo-Resolute|283\/323
|-damage|p2a: Keldeo-Resolute|263\/323|[from] Stealth Rock
|-damage|p2a: Keldeo-Resolute|223\/323|[from] Spikes
|turn|48
|
|switch|p1a: Cresselia|Cresselia, F|334\/444 brn
|-damage|p1a: Cresselia|279\/444 brn|[from] Stealth Rock
|move|p2a: Keldeo-Resolute|Scald|p1a: Cresselia
|-damage|p1a: Cresselia|165\/444 brn
|
|-heal|p1a: Cresselia|192\/444 brn|[from] item: Leftovers
|-damage|p1a: Cresselia|137\/444 brn|[from] brn
|turn|49
|
|switch|p2a: Sylveon|Sylveon, F|49\/392 brn
|-damage|p2a: Sylveon|0 fnt|[from] Stealth Rock
|faint|p2a: Sylveon
|move|p1a: Cresselia|Moonlight|p1a: Cresselia
|-heal|p1a: Cresselia|359\/444 brn
|
|-heal|p1a: Cresselia|386\/444 brn|[from] item: Leftovers
|-damage|p1a: Cresselia|331\/444 brn|[from] brn
|
|switch|p2a: Ferrothorn|Ferrothorn, M|352\/352
|-damage|p2a: Ferrothorn|330\/352|[from] Stealth Rock
|-damage|p2a: Ferrothorn|286\/352|[from] Spikes
|turn|50
|
|switch|p1a: Skarmory|Skarmory, F|281\/333
|-damage|p1a: Skarmory|240\/333|[from] Stealth Rock
|move|p2a: Ferrothorn|Thunder Wave|p1a: Skarmory
|-status|p1a: Skarmory|par
|
|-heal|p2a: Ferrothorn|308\/352|[from] item: Leftovers
|turn|51
|c| Relic Stone|Costa if u are laddering... I will snipe u...
|join|Orda-Y
|c| Relic Stone|lol
|
|move|p2a: Ferrothorn|Leech Seed|p1a: Skarmory
|-start|p1a: Skarmory|move: Leech Seed
|move|p1a: Skarmory|Roost|p1a: Skarmory
|-heal|p1a: Skarmory|333\/333 par
|
|-heal|p2a: Ferrothorn|330\/352|[from] item: Leftovers
|-damage|p1a: Skarmory|292\/333 par|[from] Leech Seed|[of] p2a: Ferrothorn
|-heal|p2a: Ferrothorn|352\/352|[silent]
|turn|52
|
|switch|p2a: Keldeo-Resolute|Keldeo-Resolute|223\/323
|-damage|p2a: Keldeo-Resolute|203\/323|[from] Stealth Rock
|-damage|p2a: Keldeo-Resolute|163\/323|[from] Spikes
|move|p1a: Skarmory|Spikes|p2a: Keldeo-Resolute
|-sidestart|p2: RabuRabuBeam|Spikes
|
|-damage|p1a: Skarmory|251\/333 par|[from] Leech Seed|[of] p2a: Keldeo-Resolute
|-heal|p2a: Keldeo-Resolute|204\/323|[silent]
|turn|53
|join|Adminastrator
|
|switch|p1a: Cresselia|Cresselia, F|331\/444 brn
|-damage|p1a: Cresselia|276\/444 brn|[from] Stealth Rock
|move|p2a: Keldeo-Resolute|Hydro Pump|p1a: Cresselia
|-damage|p1a: Cresselia|117\/444 brn
|
|-heal|p1a: Cresselia|144\/444 brn|[from] item: Leftovers
|-damage|p1a: Cresselia|89\/444 brn|[from] brn
|turn|54
|join|Avarice87
|
|switch|p2a: Rotom-Wash|Rotom-Wash|285\/303 tox
|-damage|p2a: Rotom-Wash|248\/303 tox|[from] Stealth Rock
|move|p1a: Cresselia|Moonlight|p1a: Cresselia
|-heal|p1a: Cresselia|311\/444 brn
|
|-heal|p2a: Rotom-Wash|266\/303 tox|[from] item: Leftovers
|-heal|p1a: Cresselia|338\/444 brn|[from] item: Leftovers
|-damage|p2a: Rotom-Wash|248\/303 tox|[from] psn
|-damage|p1a: Cresselia|283\/444 brn|[from] brn
|turn|55
|c| Adminastrator|adminastrater
|c| Avarice87|Hey Orda
|c| Relic Stone|,,,
|
|move|p2a: Rotom-Wash|Pain Split|p1a: Cresselia
|-sethp|p1a: Cresselia|265\/444 brn|p2a: Rotom-Wash|265\/303 tox|[from] move: Pain Split
|move|p1a: Cresselia|Moonlight|p1a: Cresselia
|-heal|p1a: Cresselia|444\/444 brn
|
|-heal|p2a: Rotom-Wash|283\/303 tox|[from] item: Leftovers
|-damage|p2a: Rotom-Wash|247\/303 tox|[from] psn
|-damage|p1a: Cresselia|389\/444 brn|[from] brn
|turn|56
|c| Orda-Y|hey
|c| Relic Stone|cant even spell administrator..
|
|move|p2a: Rotom-Wash|Volt Switch|p1a: Cresselia
|-damage|p1a: Cresselia|326\/444 brn
|
|switch|p2a: Metagross|Metagross|178\/301
|-damage|p2a: Metagross|160\/301|[from] Stealth Rock
|-damage|p2a: Metagross|110\/301|[from] Spikes
|move|p1a: Cresselia|Psyshock|p2a: Metagross
|-resisted|p2a: Metagross
|-damage|p2a: Metagross|97\/301
|
|-heal|p1a: Cresselia|353\/444 brn|[from] item: Leftovers
|-damage|p1a: Cresselia|298\/444 brn|[from] brn
|turn|57
|c| Avarice87|Hey Storm
|c| Avarice87|Relic Zone
|c| Avarice87|Relic Stoned
|c| Avarice87|Stoned Relic
|join|Pressures
|c| Avarice87|Anyway hi
|
|switch|p2a: Ferrothorn|Ferrothorn, M|352\/352
|-damage|p2a: Ferrothorn|294\/352|[from] Spikes
|-damage|p2a: Ferrothorn|272\/352|[from] Stealth Rock
|switch|p1a: Skarmory|Skarmory, F|251\/333 par
|-damage|p1a: Skarmory|210\/333 par|[from] Stealth Rock
|
|-heal|p2a: Ferrothorn|294\/352|[from] item: Leftovers
|turn|58
|c| Avarice87|Hey Pressures
|c| Relic Stone|ff..... hi... an get the name right..
|c| Orda-Y|modchat inc
|c| Orda-Y|:P
|c| Relic Stone|just call me storm zone..
|join|I am not Chillarmy
|
|move|p2a: Ferrothorn|Leech Seed|p1a: Skarmory|[miss]
|-miss|p2a: Ferrothorn|p1a: Skarmory
|cant|p1a: Skarmory|par
|
|-heal|p2a: Ferrothorn|316\/352|[from] item: Leftovers
|turn|59
|c| Avarice87|Is that Chillarmy?
|c| Avarice87|I can never tell
|c| I am not Chillarmy|god
|c| I am not Chillarmy|that team
|
|move|p2a: Ferrothorn|Leech Seed|p1a: Skarmory
|-start|p1a: Skarmory|move: Leech Seed
|cant|p1a: Skarmory|par
|
|-heal|p2a: Ferrothorn|338\/352|[from] item: Leftovers
|-damage|p1a: Skarmory|169\/333 par|[from] Leech Seed|[of] p2a: Ferrothorn
|-heal|p2a: Ferrothorn|352\/352|[silent]
|turn|60
|c| I am not Chillarmy|is so fucking gay
|c| Avarice87|Which one?
|
|switch|p2a: Keldeo-Resolute|Keldeo-Resolute|204\/323
|-damage|p2a: Keldeo-Resolute|184\/323|[from] Stealth Rock
|-damage|p2a: Keldeo-Resolute|131\/323|[from] Spikes
|move|p1a: Skarmory|Roost|p1a: Skarmory
|-heal|p1a: Skarmory|333\/333 par
|
|-damage|p1a: Skarmory|292\/333 par|[from] Leech Seed|[of] p2a: Keldeo-Resolute
|-heal|p2a: Keldeo-Resolute|172\/323|[silent]
|turn|61
|c| Avarice87|Costa's?
|c| Orda-Y|he means squirrel's
|c| Orda-Y|probs
|c| Avarice87|Oh okay
|raw|<div class="broadcast-red"><b>Moderated chat was set to +!<\/b><br \/>Only users of rank + and higher can talk.<\/div>
|
|switch|p1a: Cresselia|Cresselia, F|298\/444 brn
|-damage|p1a: Cresselia|243\/444 brn|[from] Stealth Rock
|move|p2a: Keldeo-Resolute|Hydro Pump|p1a: Cresselia
|-damage|p1a: Cresselia|95\/444 brn
|
|-heal|p1a: Cresselia|122\/444 brn|[from] item: Leftovers
|-damage|p1a: Cresselia|67\/444 brn|[from] brn
|turn|62
CleanerThanRotom-W was promoted to Room Voice by RS Swept.
|join|TheUberTherian
|leave|TheUberTherian
|c|+CleanerThanRotom-W|thx
|c|+CleanerThanRotom-W|btw, he got tht team from me
|c|+CleanerThanRotom-W|*that
|
|move|p2a: Keldeo-Resolute|Hydro Pump|p1a: Cresselia
|-damage|p1a: Cresselia|0 fnt
|faint|p1a: Cresselia
|
|c|âRabuRabuBeam|omg finally something died
|
|switch|p1a: Chansey|Chansey, F|423\/645
|-damage|p1a: Chansey|343\/645|[from] Stealth Rock
|turn|63
|join|gizmo
|join|TheUberTherian
|
|switch|p2a: Rotom-Wash|Rotom-Wash|247\/303 tox
|-damage|p2a: Rotom-Wash|210\/303 tox|[from] Stealth Rock
|move|p1a: Chansey|Soft-Boiled|p1a: Chansey
|-heal|p1a: Chansey|645\/645
|
|-heal|p2a: Rotom-Wash|228\/303 tox|[from] item: Leftovers
|-damage|p2a: Rotom-Wash|210\/303 tox|[from] psn
|turn|64
|join|tst100
|
|move|p2a: Rotom-Wash|Pain Split|p1a: Chansey
|-sethp|p1a: Chansey|427\/645|p2a: Rotom-Wash|303\/303 tox|[from] move: Pain Split
|move|p1a: Chansey|Aromatherapy|p1a: Chansey
|-cureteam|p1a: Chansey|[from] move: Aromatherapy
|
|-damage|p2a: Rotom-Wash|267\/303 tox|[from] psn
|turn|65
|c|âRS Swept|I got a shitty version from you :P
|join|I'm Bi...sharp
|c|+CleanerThanRotom-W|i was trying around at that time
|c|+CleanerThanRotom-W|lol
|c|+CleanerThanRotom-W|i still had the version for mega mence
|
|move|p2a: Rotom-Wash|Will-O-Wisp|p1a: Chansey
|-status|p1a: Chansey|brn
|move|p1a: Chansey|Soft-Boiled|p1a: Chansey
|-heal|p1a: Chansey|645\/645 brn
|
|-heal|p2a: Rotom-Wash|285\/303 tox|[from] item: Leftovers
|-damage|p2a: Rotom-Wash|231\/303 tox|[from] psn
|-damage|p1a: Chansey|565\/645 brn|[from] brn
|turn|66
|
|move|p2a: Rotom-Wash|Volt Switch|p1a: Chansey
|-damage|p1a: Chansey|517\/645 brn
|join|Am or Pm
|
|switch|p2a: Ferrothorn|Ferrothorn, M|352\/352
|-damage|p2a: Ferrothorn|330\/352|[from] Stealth Rock
|-damage|p2a: Ferrothorn|272\/352|[from] Spikes
|move|p1a: Chansey|Seismic Toss|p2a: Ferrothorn
|-damage|p2a: Ferrothorn|172\/352
|-damage|p1a: Chansey|437\/645 brn|[from] ability: Iron Barbs|[of] p2a: Ferrothorn
|
|-heal|p2a: Ferrothorn|194\/352|[from] item: Leftovers
|-damage|p1a: Chansey|357\/645 brn|[from] brn
|turn|67
|join|color me blue
|leave|tst100
|
|move|p1a: Chansey|Soft-Boiled|p1a: Chansey
|-heal|p1a: Chansey|645\/645 brn
|move|p2a: Ferrothorn|Leech Seed|p1a: Chansey
|-start|p1a: Chansey|move: Leech Seed
|
|-heal|p2a: Ferrothorn|216\/352|[from] item: Leftovers
|-damage|p1a: Chansey|565\/645 brn|[from] Leech Seed|[of] p2a: Ferrothorn
|-heal|p2a: Ferrothorn|296\/352|[silent]
|-damage|p1a: Chansey|485\/645 brn|[from] brn
|turn|68
|
|switch|p1a: Skarmory|Skarmory, F|292\/333
|-damage|p1a: Skarmory|251\/333|[from] Stealth Rock
|move|p2a: Ferrothorn|Power Whip|p1a: Skarmory
|-resisted|p1a: Skarmory
|-damage|p1a: Skarmory|232\/333
|-damage|p2a: Ferrothorn|238\/352|[from] item: Rocky Helmet|[of] p1a: Skarmory
|
|-heal|p2a: Ferrothorn|260\/352|[from] item: Leftovers
|turn|69
|
|move|p1a: Skarmory|Spikes|p2a: Ferrothorn
|-sidestart|p2: RabuRabuBeam|Spikes
|move|p2a: Ferrothorn|Thunder Wave|p1a: Skarmory
|-status|p1a: Skarmory|par
|
|-heal|p2a: Ferrothorn|282\/352|[from] item: Leftovers
|turn|70
|join|Project Air
|leave|Jefo
|
|move|p2a: Ferrothorn|Leech Seed|p1a: Skarmory
|-start|p1a: Skarmory|move: Leech Seed
|move|p1a: Skarmory|Roost|p1a: Skarmory
|-heal|p1a: Skarmory|333\/333 par
|
|-heal|p2a: Ferrothorn|304\/352|[from] item: Leftovers
|-damage|p1a: Skarmory|292\/333 par|[from] Leech Seed|[of] p2a: Ferrothorn
|-heal|p2a: Ferrothorn|345\/352|[silent]
|turn|71
|join|Lil fagaphy
|
|switch|p1a: Chansey|Chansey, F|485\/645
|-damage|p1a: Chansey|405\/645|[from] Stealth Rock
|move|p2a: Ferrothorn|Stealth Rock|p1a: Chansey
|-fail|p1a: Chansey
|
|-heal|p2a: Ferrothorn|352\/352|[from] item: Leftovers
|turn|72
|
|move|p1a: Chansey|Soft-Boiled|p1a: Chansey
|-heal|p1a: Chansey|645\/645
|move|p2a: Ferrothorn|Leech Seed|p1a: Chansey|[miss]
|-miss|p2a: Ferrothorn|p1a: Chansey
|
|turn|73
|join|Dueled
|leave|TheUberTherian
|
|move|p1a: Chansey|Aromatherapy|p1a: Chansey
|-cureteam|p1a: Chansey|[from] move: Aromatherapy
|move|p2a: Ferrothorn|Power Whip|p1a: Chansey
|-damage|p1a: Chansey|479\/645
|
|turn|74
|
|move|p1a: Chansey|Soft-Boiled|p1a: Chansey
|-heal|p1a: Chansey|645\/645
|move|p2a: Ferrothorn|Thunder Wave|p1a: Chansey
|-status|p1a: Chansey|par
|
|turn|75
|
|move|p2a: Ferrothorn|Leech Seed|p1a: Chansey|[miss]
|-miss|p2a: Ferrothorn|p1a: Chansey
|move|p1a: Chansey|Seismic Toss|p2a: Ferrothorn
|-damage|p2a: Ferrothorn|252\/352
|-damage|p1a: Chansey|565\/645 par|[from] ability: Iron Barbs|[of] p2a: Ferrothorn
|
|-heal|p2a: Ferrothorn|274\/352|[from] item: Leftovers
|turn|76
|c|âRabuRabuBeam|zzzzzz
|
|move|p2a: Ferrothorn|Leech Seed|p1a: Chansey
|-start|p1a: Chansey|move: Leech Seed
|move|p1a: Chansey|Stealth Rock|p2a: Ferrothorn
|-fail|p2a: Ferrothorn
|
|-heal|p2a: Ferrothorn|296\/352|[from] item: Leftovers
|-damage|p1a: Chansey|485\/645 par|[from] Leech Seed|[of] p2a: Ferrothorn
|-heal|p2a: Ferrothorn|352\/352|[silent]
|turn|77
|
|switch|p2a: Keldeo-Resolute|Keldeo-Resolute|172\/323
|-damage|p2a: Keldeo-Resolute|152\/323|[from] Stealth Rock
|-damage|p2a: Keldeo-Resolute|72\/323|[from] Spikes
|switch|p1a: Skarmory|Skarmory, F|292\/333
|-damage|p1a: Skarmory|251\/333|[from] Stealth Rock
|
|turn|78
|leave|Project Air
|c|+CleanerThanRotom-W|lol
|
|move|p2a: Keldeo-Resolute|Secret Sword|p1a: Skarmory
|-damage|p1a: Skarmory|158\/333
|move|p1a: Skarmory|Roost|p1a: Skarmory
|-heal|p1a: Skarmory|325\/333
|
|turn|79
|
|move|p2a: Keldeo-Resolute|Secret Sword|p1a: Skarmory
|-damage|p1a: Skarmory|235\/333
|move|p1a: Skarmory|Brave Bird|p2a: Keldeo-Resolute
|-supereffective|p2a: Keldeo-Resolute
|-damage|p2a: Keldeo-Resolute|0 fnt
|-damage|p1a: Skarmory|211\/333|[from] recoil|[of] p2a: Keldeo-Resolute
|faint|p2a: Keldeo-Resolute
|
|
|switch|p2a: Rotom-Wash|Rotom-Wash|231\/303 tox
|-damage|p2a: Rotom-Wash|194\/303 tox|[from] Stealth Rock
|turn|80
|
|switch|p1a: Chansey|Chansey, F|485\/645
|-damage|p1a: Chansey|405\/645|[from] Stealth Rock
|move|p2a: Rotom-Wash|Will-O-Wisp|p1a: Chansey
|-status|p1a: Chansey|brn
|
|-heal|p2a: Rotom-Wash|212\/303 tox|[from] item: Leftovers
|-damage|p2a: Rotom-Wash|194\/303 tox|[from] psn
|-damage|p1a: Chansey|325\/645 brn|[from] brn
|turn|81
|
|move|p2a: Rotom-Wash|Volt Switch|p1a: Chansey
|-damage|p1a: Chansey|283\/645 brn
|
|switch|p2a: Ferrothorn|Ferrothorn, M|352\/352
|-damage|p2a: Ferrothorn|264\/352|[from] Spikes
|-damage|p2a: Ferrothorn|242\/352|[from] Stealth Rock
|move|p1a: Chansey|Soft-Boiled|p1a: Chansey
|-heal|p1a: Chansey|606\/645 brn
|
|-heal|p2a: Ferrothorn|264\/352|[from] item: Leftovers
|-damage|p1a: Chansey|526\/645 brn|[from] brn
|turn|82
|join|lolihatehax
|
|switch|p1a: Skarmory|Skarmory, F|211\/333
|-damage|p1a: Skarmory|170\/333|[from] Stealth Rock
|move|p2a: Ferrothorn|Leech Seed|p1a: Skarmory
|-start|p1a: Skarmory|move: Leech Seed
|
|-heal|p2a: Ferrothorn|286\/352|[from] item: Leftovers
|-damage|p1a: Skarmory|129\/333|[from] Leech Seed|[of] p2a: Ferrothorn
|-heal|p2a: Ferrothorn|327\/352|[silent]
|turn|83
|
|move|p1a: Skarmory|Roost|p1a: Skarmory
|-heal|p1a: Skarmory|296\/333
|move|p2a: Ferrothorn|Thunder Wave|p1a: Skarmory
|-status|p1a: Skarmory|par
|
|-heal|p2a: Ferrothorn|349\/352|[from] item: Leftovers
|-damage|p1a: Skarmory|255\/333 par|[from] Leech Seed|[of] p2a: Ferrothorn
|-heal|p2a: Ferrothorn|352\/352|[silent]
|turn|84
|
|switch|p1a: Chansey|Chansey, F|526\/645
|-damage|p1a: Chansey|446\/645|[from] Stealth Rock
|move|p2a: Ferrothorn|Leech Seed|p1a: Chansey
|-start|p1a: Chansey|move: Leech Seed
|
|-damage|p1a: Chansey|366\/645|[from] Leech Seed|[of] p2a: Ferrothorn
|turn|85
|
|move|p1a: Chansey|Soft-Boiled|p1a: Chansey
|-heal|p1a: Chansey|645\/645
|move|p2a: Ferrothorn|Thunder Wave|p1a: Chansey
|-status|p1a: Chansey|par
|
|-damage|p1a: Chansey|565\/645 par|[from] Leech Seed|[of] p2a: Ferrothorn
|turn|86
|
|switch|p1a: Skarmory|Skarmory, F|255\/333 par
|-damage|p1a: Skarmory|214\/333 par|[from] Stealth Rock
|move|p2a: Ferrothorn|Power Whip|p1a: Skarmory
|-resisted|p1a: Skarmory
|-damage|p1a: Skarmory|193\/333 par
|-damage|p2a: Ferrothorn|294\/352|[from] item: Rocky Helmet|[of] p1a: Skarmory
|
|-heal|p2a: Ferrothorn|316\/352|[from] item: Leftovers
|turn|87
|
|move|p2a: Ferrothorn|Leech Seed|p1a: Skarmory
|-start|p1a: Skarmory|move: Leech Seed
|move|p1a: Skarmory|Roost|p1a: Skarmory
|-heal|p1a: Skarmory|333\/333 par
|
|-heal|p2a: Ferrothorn|338\/352|[from] item: Leftovers
|-damage|p1a: Skarmory|292\/333 par|[from] Leech Seed|[of] p2a: Ferrothorn
|-heal|p2a: Ferrothorn|352\/352|[silent]
|turn|88
|leave|Lil fagaphy
|
|switch|p2a: Rotom-Wash|Rotom-Wash|194\/303 tox
|-damage|p2a: Rotom-Wash|157\/303 tox|[from] Stealth Rock
|switch|p1a: Chansey|Chansey, F|565\/645
|-damage|p1a: Chansey|485\/645|[from] Stealth Rock
|
|-heal|p2a: Rotom-Wash|175\/303 tox|[from] item: Leftovers
|-damage|p2a: Rotom-Wash|157\/303 tox|[from] psn
|turn|89
|
|move|p2a: Rotom-Wash|Will-O-Wisp|p1a: Chansey
|-status|p1a: Chansey|brn
|move|p1a: Chansey|Seismic Toss|p2a: Rotom-Wash
|-damage|p2a: Rotom-Wash|57\/303 tox
|
|-heal|p2a: Rotom-Wash|75\/303 tox|[from] item: Leftovers
|-damage|p2a: Rotom-Wash|39\/303 tox|[from] psn
|-damage|p1a: Chansey|405\/645 brn|[from] brn
|turn|90
|
|move|p2a: Rotom-Wash|Pain Split|p1a: Chansey
|-sethp|p1a: Chansey|222\/645 brn|p2a: Rotom-Wash|222\/303 tox|[from] move: Pain Split
|move|p1a: Chansey|Aromatherapy|p1a: Chansey
|-cureteam|p1a: Chansey|[from] move: Aromatherapy
|
|-heal|p2a: Rotom-Wash|240\/303 tox|[from] item: Leftovers
|-damage|p2a: Rotom-Wash|186\/303 tox|[from] psn
|turn|91
|join|Dark380
|
|move|p2a: Rotom-Wash|Volt Switch|p1a: Chansey
|-crit|p1a: Chansey
|-damage|p1a: Chansey|153\/645
|
|switch|p2a: Metagross|Metagross|97\/301
|-damage|p2a: Metagross|22\/301|[from] Spikes
|-damage|p2a: Metagross|4\/301|[from] Stealth Rock
|move|p1a: Chansey|Soft-Boiled|p1a: Chansey
|-heal|p1a: Chansey|476\/645
|
|turn|92
|
|switch|p1a: Skarmory|Skarmory, F|292\/333
|-damage|p1a: Skarmory|251\/333|[from] Stealth Rock
|detailschange|p2a: Metagross|Metagross-Mega
|-mega|p2a: Metagross|Metagross|Metagrossite
|move|p2a: Metagross|Ice Punch|p1a: Skarmory
|-damage|p1a: Skarmory|181\/333
|-damage|p2a: Metagross|0 fnt|[from] item: Rocky Helmet|[of] p1a: Skarmory
|faint|p2a: Metagross
|
|
|switch|p2a: Rotom-Wash|Rotom-Wash|186\/303 tox
|-damage|p2a: Rotom-Wash|149\/303 tox|[from] Stealth Rock
|turn|93
|join|Doomed hi
|
|switch|p1a: Chansey|Chansey, F|476\/645
|-damage|p1a: Chansey|396\/645|[from] Stealth Rock
|move|p2a: Rotom-Wash|Hydro Pump|p1a: Chansey
|-crit|p1a: Chansey
|-damage|p1a: Chansey|300\/645
|
|-heal|p2a: Rotom-Wash|167\/303 tox|[from] item: Leftovers
|-damage|p2a: Rotom-Wash|149\/303 tox|[from] psn
|turn|94
|
|move|p2a: Rotom-Wash|Will-O-Wisp|p1a: Chansey
|-status|p1a: Chansey|brn
|move|p1a: Chansey|Seismic Toss|p2a: Rotom-Wash
|-damage|p2a: Rotom-Wash|49\/303 tox
|
|-heal|p2a: Rotom-Wash|67\/303 tox|[from] item: Leftovers
|-damage|p2a: Rotom-Wash|31\/303 tox|[from] psn
|-damage|p1a: Chansey|220\/645 brn|[from] brn
|turn|95
|
|move|p2a: Rotom-Wash|Pain Split|p1a: Chansey
|-sethp|p1a: Chansey|125\/645 brn|p2a: Rotom-Wash|125\/303 tox|[from] move: Pain Split
|move|p1a: Chansey|Seismic Toss|p2a: Rotom-Wash
|-damage|p2a: Rotom-Wash|25\/303 tox
|
|-heal|p2a: Rotom-Wash|43\/303 tox|[from] item: Leftovers
|-damage|p2a: Rotom-Wash|0 fnt|[from] psn
|-damage|p1a: Chansey|45\/645 brn|[from] brn
|faint|p2a: Rotom-Wash
|
|switch|p2a: Ferrothorn|Ferrothorn, M|352\/352
|-damage|p2a: Ferrothorn|330\/352|[from] Stealth Rock
|-damage|p2a: Ferrothorn|242\/352|[from] Spikes
|turn|96
|
|move|p1a: Chansey|Soft-Boiled|p1a: Chansey
|-heal|p1a: Chansey|368\/645 brn
|move|p2a: Ferrothorn|Power Whip|p1a: Chansey|[miss]
|-miss|p2a: Ferrothorn|p1a: Chansey
|
|-heal|p2a: Ferrothorn|264\/352|[from] item: Leftovers
|-damage|p1a: Chansey|288\/645 brn|[from] brn
|turn|97
|c|âRabuRabuBeam|why can't i be faster
|c|âRabuRabuBeam|T^T
|-message|RabuRabuBeam forfeited.
|leave|RabuRabuBeam
|
|win|RS Swept
|raw|Ladder updating...
|player|p2
|raw|RS Swept's rating: 1778 &rarr; <strong>1786<\/strong><br \/>(+8 for winning)
|raw|RabuRabuBeam's rating: 1543 &rarr; <strong>1535<\/strong><br \/>(-8 for losing)
|leave|RS Swept
|leave|ampdpharos
|leave|CleanerThanRotom-W
|leave|Dark380
|player|p1
|join|CleanerThanRotom-W
|leave|squirrelll
|leave|Orda-Y
|leave|I'm Bi...sharp