|join|RS Swept
|join|Mike Pass
|player|p1|RS Swept|29
|player|p2|Mike Pass|150
|gametype|singles
|gen|6
|tier|OU
|rated
|clearpoke
|poke|p1|Gothitelle, F
|poke|p1|Skarmory, F
|poke|p1|Cresselia, F
|poke|p1|Quagsire, M
|poke|p1|Sableye, M
|poke|p1|Chansey, F
|poke|p2|Scizor, F
|poke|p2|Slowbro, F
|poke|p2|Excadrill, F
|poke|p2|Chansey, F
|poke|p2|Zapdos
|poke|p2|Heatran, M
|rule|Swagger Clause: Swagger is banned
|rule|Baton Pass Clause: Limit one PokÃ©mon knowing Baton Pass
|rule|Sleep Clause Mod: Limit one foe put to sleep
|rule|Species Clause: Limit one of each PokÃ©mon
|rule|OHKO Clause: OHKO moves are banned
|rule|Moody Clause: Moody is banned
|rule|Evasion Moves Clause: Evasion moves are banned
|rule|Endless Battle Clause: Forcing endless battles is banned
|rule|HP Percentage Mod: HP is shown in percentages
|teampreview
|join|PikachuCandy
|
|start
|switch|p1a: Sableye|Sableye, M|303\/303
|switch|p2a: Zapdos|Zapdos|322\/322
|-ability|p2a: Zapdos|Pressure
|turn|1
|
|detailschange|p1a: Sableye|Sableye-Mega, M
|-mega|p1a: Sableye|Sableye|Sablenite
|move|p1a: Sableye|Calm Mind|p1a: Sableye
|-boost|p1a: Sableye|spa|1
|-boost|p1a: Sableye|spd|1
|move|p2a: Zapdos|Thunderbolt|p1a: Sableye
|-damage|p1a: Sableye|186\/303
|
|turn|2
|join|CleanerThanRotom-W
|
|move|p2a: Zapdos|Thunderbolt|p1a: Sableye
|-damage|p1a: Sableye|65\/303
|move|p1a: Sableye|Recover|p1a: Sableye
|-heal|p1a: Sableye|217\/303
|
|turn|3
|c|âRS Swept|hi cleaner
|c| CleanerThanRotom-W|sup costa
|
|switch|p2a: Excadrill|Excadrill, F|362\/362
|-ability|p2a: Excadrill|Mold Breaker
|move|p1a: Sableye|Recover|p1a: Sableye
|-heal|p1a: Sableye|303\/303
|
|turn|4
|c| CleanerThanRotom-W|still using my team is see
|c| CleanerThanRotom-W|u seem to like it
|c|âMike Pass|I have a present for you
|c|âMike Pass|RS Swept
|c|âMike Pass|want to know what it is?
|c|âRS Swept|I was using some offense on an alt but i had to stop using it b\/c friend is using it for spl
|c|âRS Swept|and all my good teams are being used for spl :'(
|join|l213
|
|move|p2a: Excadrill|Toxic|p1a: Sableye
|-status|p1a: Sableye|tox
|move|p1a: Sableye|Will-O-Wisp|p2a: Excadrill
|-status|p2a: Excadrill|brn
|
|-damage|p2a: Excadrill|317\/362 brn|[from] brn
|-damage|p1a: Sableye|285\/303 tox|[from] psn
|turn|5
|c| CleanerThanRotom-W|yea  isee
|c|âMike Pass|merry christmas!
|c| CleanerThanRotom-W|btw the move change on sable u made
|c| CleanerThanRotom-W|its a good idea
|
|switch|p2a: Chansey|Chansey, F|641\/641
|move|p1a: Sableye|Snarl|p2a: Chansey
|-damage|p2a: Chansey|596\/641
|-unboost|p2a: Chansey|spa|1
|
|-damage|p1a: Sableye|249\/303 tox|[from] psn
|turn|6
|
|switch|p1a: Gothitelle|Gothitelle, F|301\/301
|move|p2a: Chansey|Aromatherapy|p2a: Chansey
|-cureteam|p2a: Chansey|[from] move: Aromatherapy
|
|turn|7
|c|âRS Swept|yeah it makes it so much better
|c|âRS Swept|with goth
|c| CleanerThanRotom-W|yea i realized
|c| CleanerThanRotom-W|dont u wanna watch tele play tho
|
|move|p1a: Gothitelle|Trick|p2a: Chansey
|-activate|p1a: Gothitelle|move: Trick|[of] p2a: Chansey
|-item|p2a: Chansey|Choice Scarf|[from] move: Trick
|-item|p1a: Gothitelle|Eviolite|[from] move: Trick
|move|p2a: Chansey|Stealth Rock|p1a: Gothitelle
|-sidestart|p1: RS Swept|move: Stealth Rock
|
|turn|8
|c| PikachuCandy|Rotom Wash, aren't you Aka Dh's apprentice?
|
|move|p1a: Gothitelle|Calm Mind|p1a: Gothitelle
|-boost|p1a: Gothitelle|spa|1
|-boost|p1a: Gothitelle|spd|1
|move|p2a: Chansey|Stealth Rock|p1a: Gothitelle
|-fail|p1a: Gothitelle
|
|turn|9
|c| CleanerThanRotom-W|im his friend
|
|move|p1a: Gothitelle|Calm Mind|p1a: Gothitelle
|-boost|p1a: Gothitelle|spa|1
|-boost|p1a: Gothitelle|spd|1
|move|p2a: Chansey|Stealth Rock|p1a: Gothitelle
|-fail|p1a: Gothitelle
|
|turn|10
|c|âRS Swept|tele is really bad
|c| PikachuCandy|tele has to update his team
|c| CleanerThanRotom-W|yea but its good entertainment
|c|âRS Swept|and bloo is mediocre
|c|âRS Swept|nothing to learn
|c| CleanerThanRotom-W|with all the hype
|
|move|p1a: Gothitelle|Psyshock|p2a: Chansey
|-damage|p2a: Chansey|137\/641
|move|p2a: Chansey|Stealth Rock|p1a: Gothitelle
|-fail|p1a: Gothitelle
|
|turn|11
|join|Cold Beans
|c| PikachuCandy|>Clefairy without seismic toss
|
|switch|p1a: Skarmory|Skarmory, F|333\/333
|-damage|p1a: Skarmory|292\/333|[from] Stealth Rock
|move|p2a: Chansey|Stealth Rock|p1a: Skarmory
|-fail|p1a: Skarmory
|
|turn|12
|c| PikachuCandy|chansey*
|
|move|p2a: Chansey|Stealth Rock|p1a: Skarmory
|-fail|p1a: Skarmory
|move|p1a: Skarmory|Defog|p2a: Chansey
|-unboost|p2a: Chansey|evasion|1
|-sideend|p1: RS Swept|Stealth Rock|[from] move: Defog|[of] p1a: Skarmory
|
|turn|13
|c|âMike Pass|he does have it
|c|âMike Pass|but I went for rocks
|c|âMike Pass|in case the goth had rest
|c|âMike Pass|we would be here for days
|c|âRS Swept|good guy mike pass^
|c|âMike Pass|lol
|
|switch|p2a: Zapdos|Zapdos|322\/322
|-ability|p2a: Zapdos|Pressure
|move|p1a: Skarmory|Spikes|p2a: Zapdos
|-sidestart|p2: Mike Pass|Spikes
|
|turn|14
|
|switch|p2a: Slowbro|Slowbro, F|394\/394
|-damage|p2a: Slowbro|345\/394|[from] Spikes
|switch|p1a: Chansey|Chansey, F|645\/645
|
|turn|15
|
|detailschange|p2a: Slowbro|Slowbro-Mega, F
|-mega|p2a: Slowbro|Slowbro|Slowbronite
|move|p1a: Chansey|Aromatherapy|p1a: Chansey
|-cureteam|p1a: Chansey|[from] move: Aromatherapy
|move|p2a: Slowbro|Calm Mind|p2a: Slowbro
|-boost|p2a: Slowbro|spa|1
|-boost|p2a: Slowbro|spd|1
|
|turn|16
|join|Savage Alby
|c| Savage Alby|goooooo swept!
|
|move|p1a: Chansey|Seismic Toss|p2a: Slowbro
|-damage|p2a: Slowbro|245\/394
|move|p2a: Slowbro|Calm Mind|p2a: Slowbro
|-boost|p2a: Slowbro|spa|1
|-boost|p2a: Slowbro|spd|1
|
|turn|17
|c| CleanerThanRotom-W|did u go fr reqs costa
|
|move|p1a: Chansey|Seismic Toss|p2a: Slowbro
|-damage|p2a: Slowbro|145\/394
|move|p2a: Slowbro|Calm Mind|p2a: Slowbro
|-boost|p2a: Slowbro|spa|1
|-boost|p2a: Slowbro|spd|1
|
|turn|18
|c| PikachuCandy|toxic it now
|c|âRS Swept|i think i may have gotten them on my alt but i dont vote
|
|switch|p1a: Quagsire|Quagsire, M|394\/394
|move|p2a: Slowbro|Rest|p2a: Slowbro
|-status|p2a: Slowbro|slp
|-heal|p2a: Slowbro|394\/394 slp|[silent]
|-status|p2a: Slowbro|slp|[from] move: Rest
|
|turn|19
|c| CleanerThanRotom-W|yea i dont rly care either
|
|switch|p1a: Sableye|Sableye-Mega, M|249\/303
|cant|p2a: Slowbro|slp
|move|p2a: Slowbro|Sleep Talk|p2a: Slowbro
|move|p2a: Slowbro|Scald|p1a: Sableye|[from]Sleep Talk
|-damage|p1a: Sableye|32\/303
|-status|p1a: Sableye|brn
|
|-damage|p1a: Sableye|0 fnt|[from] brn
|faint|p1a: Sableye
|
|switch|p1a: Chansey|Chansey, F|645\/645
|turn|20
|
|move|p1a: Chansey|Stealth Rock|p2a: Slowbro
|-sidestart|p2: Mike Pass|move: Stealth Rock
|cant|p2a: Slowbro|slp
|move|p2a: Slowbro|Sleep Talk|p2a: Slowbro
|move|p2a: Slowbro|Rest|p2a: Slowbro|[from]Sleep Talk
|-fail|p2a: Slowbro
|
|turn|21
|
|move|p1a: Chansey|Seismic Toss|p2a: Slowbro
|-damage|p2a: Slowbro|294\/394 slp
|-curestatus|p2a: Slowbro|slp
|move|p2a: Slowbro|Calm Mind|p2a: Slowbro
|-boost|p2a: Slowbro|spa|1
|-boost|p2a: Slowbro|spd|1
|
|turn|22
|
|switch|p1a: Quagsire|Quagsire, M|394\/394
|move|p2a: Slowbro|Calm Mind|p2a: Slowbro
|-boost|p2a: Slowbro|spa|1
|-boost|p2a: Slowbro|spd|1
|
|turn|23
|
|move|p1a: Quagsire|Encore|p2a: Slowbro
|-start|p2a: Slowbro|Encore
|move|p2a: Slowbro|Calm Mind|p2a: Slowbro
|-boost|p2a: Slowbro|spa|1
|-boost|p2a: Slowbro|spd|1
|
|turn|24
|c|âMike Pass|darn, good move
|
|switch|p2a: Heatran|Heatran, M|386\/386
|-damage|p2a: Heatran|338\/386|[from] Stealth Rock
|-damage|p2a: Heatran|290\/386|[from] Spikes
|move|p1a: Quagsire|Toxic|p2a: Heatran
|-fail|p2a: Heatran
|
|-heal|p2a: Heatran|314\/386|[from] item: Leftovers
|turn|25
|join|Bulky Deoxys-A
|
|switch|p1a: Gothitelle|Gothitelle, F|301\/301
|move|p2a: Heatran|Toxic|p1a: Gothitelle|[miss]
|-miss|p2a: Heatran|p1a: Gothitelle
|
|-heal|p2a: Heatran|338\/386|[from] item: Leftovers
|turn|26
|c|âRS Swept|thanks babe
|leave|Bulky Deoxys-A
|
|move|p1a: Gothitelle|Trick|p2a: Heatran
|-activate|p1a: Gothitelle|move: Trick|[of] p2a: Heatran
|-item|p2a: Heatran|Eviolite|[from] move: Trick
|-item|p1a: Gothitelle|Leftovers|[from] move: Trick
|move|p2a: Heatran|Toxic|p1a: Gothitelle
|-status|p1a: Gothitelle|tox
|
|-damage|p1a: Gothitelle|283\/301 tox|[from] psn
|turn|27
|
|move|p1a: Gothitelle|Calm Mind|p1a: Gothitelle
|-boost|p1a: Gothitelle|spa|1
|-boost|p1a: Gothitelle|spd|1
|move|p2a: Heatran|Lava Plume|p1a: Gothitelle
|-damage|p1a: Gothitelle|211\/301 tox
|
|-heal|p1a: Gothitelle|229\/301 tox|[from] item: Leftovers
|-damage|p1a: Gothitelle|193\/301 tox|[from] psn
|turn|28
|
|move|p1a: Gothitelle|Calm Mind|p1a: Gothitelle
|-boost|p1a: Gothitelle|spa|1
|-boost|p1a: Gothitelle|spd|1
|move|p2a: Heatran|Lava Plume|p1a: Gothitelle
|-damage|p1a: Gothitelle|139\/301 tox
|
|-heal|p1a: Gothitelle|157\/301 tox|[from] item: Leftovers
|-damage|p1a: Gothitelle|103\/301 tox|[from] psn
|turn|29
|
|move|p1a: Gothitelle|Rest|p1a: Gothitelle
|-status|p1a: Gothitelle|slp
|-heal|p1a: Gothitelle|301\/301 slp|[silent]
|-status|p1a: Gothitelle|slp|[from] move: Rest
|move|p2a: Heatran|Stealth Rock|p1a: Gothitelle
|-sidestart|p1: RS Swept|move: Stealth Rock
|
|turn|30
|c| Cold Beans|i just farted
|c| Cold Beans|it stinks
|c| Savage Alby|shitty ass
|
|cant|p1a: Gothitelle|slp
|move|p2a: Heatran|Lava Plume|p1a: Gothitelle
|-damage|p1a: Gothitelle|243\/301 slp
|
|-heal|p1a: Gothitelle|261\/301 slp|[from] item: Leftovers
|turn|31
|
|cant|p1a: Gothitelle|slp
|move|p2a: Heatran|Lava Plume|p1a: Gothitelle
|-damage|p1a: Gothitelle|210\/301 slp
|
|-heal|p1a: Gothitelle|228\/301 slp|[from] item: Leftovers
|turn|32
|c| Cold Beans|jean claude
|leave|Savage Alby
|
|-curestatus|p1a: Gothitelle|slp
|move|p1a: Gothitelle|Calm Mind|p1a: Gothitelle
|-boost|p1a: Gothitelle|spa|1
|-boost|p1a: Gothitelle|spd|1
|move|p2a: Heatran|Lava Plume|p1a: Gothitelle
|-damage|p1a: Gothitelle|182\/301
|
|-heal|p1a: Gothitelle|200\/301|[from] item: Leftovers
|turn|33
|
|move|p1a: Gothitelle|Calm Mind|p1a: Gothitelle
|-boost|p1a: Gothitelle|spa|1
|-boost|p1a: Gothitelle|spd|1
|move|p2a: Heatran|Lava Plume|p1a: Gothitelle
|-damage|p1a: Gothitelle|164\/301
|
|-heal|p1a: Gothitelle|182\/301|[from] item: Leftovers
|turn|34
|c| CleanerThanRotom-W|costa
|c| CleanerThanRotom-W|how doe RS Cleaner sound
|c| CleanerThanRotom-W|haha
|c| CleanerThanRotom-W|*does
|
|move|p1a: Gothitelle|Psyshock|p2a: Heatran
|-resisted|p2a: Heatran
|-damage|p2a: Heatran|188\/386
|move|p2a: Heatran|Lava Plume|p1a: Gothitelle
|-damage|p1a: Gothitelle|146\/301
|
|-heal|p1a: Gothitelle|164\/301|[from] item: Leftovers
|turn|35
|leave|Cold Beans
|c|âRS Swept|lol go for it
|
|move|p1a: Gothitelle|Psyshock|p2a: Heatran
|-resisted|p2a: Heatran
|-damage|p2a: Heatran|38\/386
|move|p2a: Heatran|Lava Plume|p1a: Gothitelle
|-damage|p1a: Gothitelle|125\/301
|
|-heal|p1a: Gothitelle|143\/301|[from] item: Leftovers
|turn|36
|c| CleanerThanRotom-W|just thought
|
|move|p1a: Gothitelle|Rest|p1a: Gothitelle
|-status|p1a: Gothitelle|slp
|-heal|p1a: Gothitelle|301\/301 slp|[silent]
|-status|p1a: Gothitelle|slp|[from] move: Rest
|move|p2a: Heatran|Lava Plume|p1a: Gothitelle
|-damage|p1a: Gothitelle|264\/301 slp
|
|-heal|p1a: Gothitelle|282\/301 slp|[from] item: Leftovers
|turn|37
|c| CleanerThanRotom-W|if i ever need an alt
|c| CleanerThanRotom-W|lol
|join|RS Cleaner
|join|fabiohimself
|c| RS Cleaner|Lol.
|join|FrozenCold
|c|âRS Swept|RAPED
|
|cant|p1a: Gothitelle|slp
|move|p2a: Heatran|Lava Plume|p1a: Gothitelle
|-damage|p1a: Gothitelle|243\/301 slp
|
|-heal|p1a: Gothitelle|261\/301 slp|[from] item: Leftovers
|turn|38
|c|âRS Swept|it's 10x better than your long ass name
|c|âRS Swept|lol
|
|cant|p1a: Gothitelle|slp
|move|p2a: Heatran|Lava Plume|p1a: Gothitelle
|-damage|p1a: Gothitelle|227\/301 slp
|
|-heal|p1a: Gothitelle|245\/301 slp|[from] item: Leftovers
|turn|39
|c| CleanerThanRotom-W|LOL
|
|-curestatus|p1a: Gothitelle|slp
|move|p1a: Gothitelle|Psyshock|p2a: Heatran
|-resisted|p2a: Heatran
|-damage|p2a: Heatran|0 fnt
|faint|p2a: Heatran
|
|-heal|p1a: Gothitelle|263\/301|[from] item: Leftovers
|
|switch|p2a: Excadrill|Excadrill, F|317\/362
|-damage|p2a: Excadrill|306\/362|[from] Stealth Rock
|-damage|p2a: Excadrill|261\/362|[from] Spikes
|-ability|p2a: Excadrill|Mold Breaker
|turn|40
|join|MoB Barley
|
|move|p2a: Excadrill|Earthquake|p1a: Gothitelle
|-damage|p1a: Gothitelle|52\/301
|move|p1a: Gothitelle|Psyshock|p2a: Excadrill
|-resisted|p2a: Excadrill
|-damage|p2a: Excadrill|34\/362
|
|-heal|p1a: Gothitelle|70\/301|[from] item: Leftovers
|turn|41
|c| MoB Barley|nigga i want to see you use offense
|join|CleanerThanRotom-W
|
|switch|p1a: Skarmory|Skarmory, F|292\/333
|-damage|p1a: Skarmory|251\/333|[from] Stealth Rock
|move|p2a: Excadrill|Earthquake|p1a: Skarmory
|-immune|p1a: Skarmory|[msg]
|
|turn|42
|c| CleanerThanRotom-W|mob he has no other teams
|c|âRS Swept|I can't all my offense is being used in SPL
|c| CleanerThanRotom-W|if u want him to see something diff
|c| CleanerThanRotom-W|pass him a team
|c| MoB Barley|fair enough
|c|âRS Swept|i laddered to 40-3 on an alt with offense the past few days
|c| MoB Barley|what were u using
|leave|FrozenCold
|
|switch|p2a: Scizor|Scizor, F|344\/344
|-damage|p2a: Scizor|301\/344|[from] Stealth Rock
|-damage|p2a: Scizor|258\/344|[from] Spikes
|move|p1a: Skarmory|Roost|p1a: Skarmory
|-heal|p1a: Skarmory|333\/333
|
|-heal|p2a: Scizor|279\/344|[from] item: Leftovers
|turn|43
|c| MoB Barley|lopunny im guessing
|c|âRS Swept|an spl team lol
|c|âRS Swept|it's sand
|
|move|p1a: Skarmory|Brave Bird|p2a: Scizor
|-damage|p2a: Scizor|155\/344
|-damage|p1a: Skarmory|292\/333|[from] recoil|[of] p2a: Scizor
|move|p2a: Scizor|Defog|p1a: Skarmory
|-unboost|p1a: Skarmory|evasion|1
|-sideend|p1: RS Swept|Stealth Rock|[from] move: Defog|[of] p1a: Skarmory
|-sideend|p2: Mike Pass|Spikes|[from] move: Defog|[of] p2a: Scizor
|-sideend|p2: Mike Pass|Stealth Rock|[from] move: Defog|[of] p2a: Scizor
|
|-heal|p2a: Scizor|176\/344|[from] item: Leftovers
|turn|44
|
|switch|p2a: Zapdos|Zapdos|322\/322
|-ability|p2a: Zapdos|Pressure
|move|p1a: Skarmory|Brave Bird|p2a: Zapdos
|-resisted|p2a: Zapdos
|-damage|p2a: Zapdos|256\/322
|-damage|p1a: Skarmory|270\/333|[from] recoil|[of] p2a: Zapdos
|
|turn|45
|join|Keldeown
|
|switch|p2a: Slowbro|Slowbro-Mega, F|294\/394
|switch|p1a: Chansey|Chansey, F|645\/645
|
|turn|46
|
|switch|p2a: Zapdos|Zapdos|256\/322
|-ability|p2a: Zapdos|Pressure
|move|p1a: Chansey|Seismic Toss|p2a: Zapdos
|-damage|p2a: Zapdos|156\/322
|
|turn|47
|join|Cold Beans
|
|move|p2a: Zapdos|Volt Switch|p1a: Chansey
|-damage|p1a: Chansey|546\/645
|leave|Cold Beans
|
|switch|p2a: Scizor|Scizor, F|176\/344
|move|p1a: Chansey|Stealth Rock|p2a: Scizor
|-sidestart|p2: Mike Pass|move: Stealth Rock
|
|-heal|p2a: Scizor|197\/344|[from] item: Leftovers
|turn|48
|
|move|p2a: Scizor|Knock Off|p1a: Chansey
|-damage|p1a: Chansey|368\/645
|-enditem|p1a: Chansey|Eviolite|[from] move: Knock Off|[of] p2a: Scizor
|move|p1a: Chansey|Seismic Toss|p2a: Scizor
|-damage|p2a: Scizor|97\/344
|
|-heal|p2a: Scizor|118\/344|[from] item: Leftovers
|turn|49
|
|switch|p1a: Skarmory|Skarmory, F|270\/333
|move|p2a: Scizor|U-turn|p1a: Skarmory
|-resisted|p1a: Skarmory
|-damage|p1a: Skarmory|250\/333
|-damage|p2a: Scizor|61\/344|[from] item: Rocky Helmet|[of] p1a: Skarmory
|
|switch|p2a: Slowbro|Slowbro-Mega, F|294\/394
|-damage|p2a: Slowbro|245\/394|[from] Stealth Rock
|
|turn|50
|
|move|p1a: Skarmory|Spikes|p2a: Slowbro
|-sidestart|p2: Mike Pass|Spikes
|move|p2a: Slowbro|Scald|p1a: Skarmory
|-damage|p1a: Skarmory|88\/333
|
|turn|51
|
|move|p1a: Skarmory|Brave Bird|p2a: Slowbro
|-damage|p2a: Slowbro|193\/394
|-damage|p1a: Skarmory|71\/333|[from] recoil|[of] p2a: Slowbro
|move|p2a: Slowbro|Scald|p1a: Skarmory
|-damage|p1a: Skarmory|0 fnt
|faint|p1a: Skarmory
|
|
|switch|p1a: Chansey|Chansey, F|368\/645
|turn|52
|join|RS Cleaner
|
|switch|p1a: Quagsire|Quagsire, M|394\/394
|move|p2a: Slowbro|Calm Mind|p2a: Slowbro
|-boost|p2a: Slowbro|spa|1
|-boost|p2a: Slowbro|spd|1
|
|turn|53
|join|Doomed Hi
|
|move|p1a: Quagsire|Encore|p2a: Slowbro
|-start|p2a: Slowbro|Encore
|move|p2a: Slowbro|Calm Mind|p2a: Slowbro
|-boost|p2a: Slowbro|spa|1
|-boost|p2a: Slowbro|spd|1
|
|turn|54
|
|move|p1a: Quagsire|Toxic|p2a: Slowbro
|-status|p2a: Slowbro|tox
|move|p2a: Slowbro|Calm Mind|p2a: Slowbro
|-boost|p2a: Slowbro|spa|1
|-boost|p2a: Slowbro|spd|1
|
|-damage|p2a: Slowbro|169\/394 tox|[from] psn
|turn|55
|c|âRS Swept|gg
|
|switch|p2a: Chansey|Chansey, F|137\/641
|-damage|p2a: Chansey|57\/641|[from] Stealth Rock
|-damage|p2a: Chansey|0 fnt|[from] Spikes
|faint|p2a: Chansey
|move|p1a: Quagsire|Scald|p2: Chansey|[notarget]
|-notarget
|
|c|âMike Pass|gg
|
|switch|p2a: Scizor|Scizor, F|61\/344
|-damage|p2a: Scizor|18\/344|[from] Stealth Rock
|-damage|p2a: Scizor|0 fnt|[from] Spikes
|faint|p2a: Scizor
|-message|Mike Pass forfeited.
|leave|Mike Pass
|
|win|RS Swept
|raw|Ladder updating...
|c|âRS Swept|i <3 hazard sweeps
|player|p2
|raw|RS Swept's rating: 1746 &rarr; <strong>1758<\/strong><br \/>(+12 for winning)
|raw|Mike Pass's rating: 1598 &rarr; <strong>1586<\/strong><br \/>(-12 for losing)
|c| CleanerThanRotom-W|haha i love the team too
|leave|RS Swept
|player|p1
|leave|Keldeown
|leave|CleanerThanRotom-W
|leave|PikachuCandy
|join|ThimoLimo
|leave|ThimoLimo
|leave|MoB Barley
|join|CleanerThanRotom-W
|leave|CleanerThanRotom-W
|leave|Doomed Hi
|leave|RS Cleaner
|leave|l213
|join|CleanerThanRotom-W