|join|RS Swept
|join|Calm Stone
|player|p1|RS Swept|101
|player|p2|Calm Stone|151
|gametype|singles
|gen|6
|tier|OU
|rated
|clearpoke
|poke|p1|Tyranitar, F
|poke|p1|Excadrill, F
|poke|p1|Latios, M
|poke|p1|Landorus, M
|poke|p1|Scizor, F
|poke|p1|Rotom-Wash
|poke|p2|Gengar, M
|poke|p2|Meloetta
|poke|p2|Conkeldurr, M
|poke|p2|Gyarados, M
|poke|p2|Ferrothorn, M
|poke|p2|Landorus, M
|rule|Swagger Clause: Swagger is banned
|rule|Baton Pass Clause: Limit one PokÃ©mon knowing Baton Pass
|rule|Sleep Clause Mod: Limit one foe put to sleep
|rule|Species Clause: Limit one of each PokÃ©mon
|rule|OHKO Clause: OHKO moves are banned
|rule|Moody Clause: Moody is banned
|rule|Evasion Moves Clause: Evasion moves are banned
|rule|Endless Battle Clause: Forcing endless battles is banned
|rule|HP Percentage Mod: HP is shown in percentages
|teampreview
|c|âRS Swept|gl
|c|âCalm Stone|gl
|c|âCalm Stone|is bulky megazor doing any good for u?
|
|start
|switch|p1a: Rotom-Wash|Rotom-Wash|304\/304
|switch|p2a: Heihachi|Conkeldurr, M|383\/383
|turn|1
|
|move|p1a: Rotom-Wash|Volt Switch|p2a: Heihachi
|-damage|p2a: Heihachi|329\/383
|c|âRS Swept|always does
|join|ritchie0526
|
|switch|p1a: Scizor|Scizor, F|343\/343
|move|p2a: Heihachi|Knock Off|p1a: Scizor
|-damage|p1a: Scizor|279\/343
|
|turn|2
|
|detailschange|p1a: Scizor|Scizor-Mega, F
|-mega|p1a: Scizor|Scizor|Scizorite
|move|p1a: Scizor|U-turn|p2a: Heihachi
|-resisted|p2a: Heihachi
|-damage|p2a: Heihachi|255\/383
|c|âCalm Stone|free kill..
|
|switch|p1a: Rotom-Wash|Rotom-Wash|304\/304
|move|p2a: Heihachi|Drain Punch|p1a: Rotom-Wash
|-damage|p1a: Rotom-Wash|201\/304
|-heal|p2a: Heihachi|307\/383|[from] drain|[of] p1a: Rotom-Wash
|
|-heal|p1a: Rotom-Wash|220\/304|[from] item: Leftovers
|turn|3
|
|move|p1a: Rotom-Wash|Volt Switch|p2a: Heihachi
|-damage|p2a: Heihachi|252\/383
|
|switch|p1a: Scizor|Scizor-Mega, F|279\/343
|move|p2a: Heihachi|Drain Punch|p1a: Scizor
|-crit|p1a: Scizor
|-damage|p1a: Scizor|147\/343
|-heal|p2a: Heihachi|318\/383|[from] drain|[of] p1a: Scizor
|
|turn|4
|
|switch|p2a: Tytannial|Ferrothorn, M|352\/352
|move|p1a: Scizor|Roost|p1a: Scizor
|-heal|p1a: Scizor|319\/343
|
|turn|5
|join|Pure Demize
|
|move|p1a: Scizor|Swords Dance|p1a: Scizor
|-boost|p1a: Scizor|atk|2
|move|p2a: Tytannial|Stealth Rock|p1a: Scizor
|-sidestart|p1: RS Swept|move: Stealth Rock
|
|turn|6
|
|move|p1a: Scizor|Swords Dance|p1a: Scizor
|-boost|p1a: Scizor|atk|2
|move|p2a: Tytannial|Leech Seed|p1a: Scizor
|-start|p1a: Scizor|move: Leech Seed
|
|-damage|p1a: Scizor|277\/343|[from] Leech Seed|[of] p2a: Tytannial
|turn|7
|
|move|p1a: Scizor|U-turn|p2a: Tytannial
|-damage|p2a: Tytannial|114\/352
|-damage|p1a: Scizor|235\/343|[from] ability: Iron Barbs|[of] p2a: Tytannial
|-damage|p1a: Scizor|178\/343|[from] item: Rocky Helmet|[of] p2a: Tytannial
|
|switch|p1a: Landorus|Landorus, M|319\/319
|-damage|p1a: Landorus|280\/319|[from] Stealth Rock
|move|p2a: Tytannial|Spikes|p1a: Landorus
|-sidestart|p1: RS Swept|Spikes
|
|turn|8
|c|âCalm Stone|costa... what are You doing...
|
|move|p1a: Landorus|Earth Power|p2a: Tytannial
|-crit|p2a: Tytannial
|-damage|p2a: Tytannial|0 fnt
|faint|p2a: Tytannial
|
|
|switch|p2a: Predator|Gyarados, M|363\/363
|-ability|p2a: Predator|Intimidate|[of] p1a: Landorus
|-unboost|p1a: Landorus|atk|1
|turn|9
|
|move|p1a: Landorus|Substitute|p1a: Landorus
|-start|p1a: Landorus|Substitute
|-damage|p1a: Landorus|201\/319
|move|p2a: Predator|Dragon Dance|p2a: Predator
|-boost|p2a: Predator|atk|1
|-boost|p2a: Predator|spe|1
|
|turn|10
|
|move|p2a: Predator|Waterfall|p1a: Landorus
|-supereffective|p1a: Landorus
|-end|p1a: Landorus|Substitute
|move|p1a: Landorus|Focus Blast|p2a: Predator
|-resisted|p2a: Predator
|-damage|p2a: Predator|250\/363
|
|turn|11
|
|switch|p1a: Tyranitar|Tyranitar, F|404\/404
|-damage|p1a: Tyranitar|354\/404|[from] Spikes
|-damage|p1a: Tyranitar|304\/404|[from] Stealth Rock
|-weather|Sandstorm
|move|p2a: Predator|Dragon Dance|p2a: Predator
|-boost|p2a: Predator|atk|1
|-boost|p2a: Predator|spe|1
|
|-weather|Sandstorm|[upkeep]
|-damage|p2a: Predator|228\/363|[from] sandstorm
|turn|12
|
|detailschange|p2a: Predator|Gyarados-Mega, M
|-mega|p2a: Predator|Gyarados|Gyaradosite
|-ability|p2a: Predator|Mold Breaker
|move|p2a: Predator|Waterfall|p1a: Tyranitar
|-supereffective|p1a: Tyranitar
|-damage|p1a: Tyranitar|0 fnt
|faint|p1a: Tyranitar
|
|-weather|Sandstorm|[upkeep]
|-damage|p2a: Predator|206\/363|[from] sandstorm
|
|switch|p1a: Excadrill|Excadrill, F|359\/359
|-damage|p1a: Excadrill|348\/359|[from] Stealth Rock
|-damage|p1a: Excadrill|304\/359|[from] Spikes
|turn|13
|
|move|p2a: Predator|Waterfall|p1a: Excadrill
|-supereffective|p1a: Excadrill
|-damage|p1a: Excadrill|0 fnt
|faint|p1a: Excadrill
|
|-weather|Sandstorm|[upkeep]
|-damage|p2a: Predator|184\/363|[from] sandstorm
|c|âRS Swept|oh id didnt know you ran jolly
|c|âRS Swept|that's silly
|-message|RS Swept forfeited.
|leave|RS Swept
|
|win|Calm Stone
|raw|Ladder updating...
|player|p1
|raw|RS Swept's rating: 1760 &rarr; <strong>1740<\/strong><br \/>(-20 for losing)
|raw|Calm Stone's rating: 1764 &rarr; <strong>1783<\/strong><br \/>(+19 for winning)
|leave|Pure Demize
|leave|ritchie0526