|join|Dr.Golbat
|join|PokeHD
|player|p1|Dr.Golbat|238
|player|p2|PokeHD|101
|gametype|singles
|gen|6
|tier|OU
|rated
|clearpoke
|poke|p1|Talonflame, M
|poke|p1|Pinsir, M
|poke|p1|Magnezone, shiny
|poke|p1|Conkeldurr, M
|poke|p1|Excadrill, M
|poke|p1|Starmie
|poke|p2|Sableye, F
|poke|p2|Excadrill, F
|poke|p2|Manaphy
|poke|p2|Gliscor, M
|poke|p2|Talonflame, F
|poke|p2|Clefable, F
|rule|Swagger Clause: Swagger is banned
|rule|Baton Pass Clause: Limit one PokÃ©mon knowing Baton Pass
|rule|Sleep Clause Mod: Limit one foe put to sleep
|rule|Species Clause: Limit one of each PokÃ©mon
|rule|OHKO Clause: OHKO moves are banned
|rule|Moody Clause: Moody is banned
|rule|Evasion Moves Clause: Evasion moves are banned
|rule|Endless Battle Clause: Forcing endless battles is banned
|rule|HP Percentage Mod: HP is shown in percentages
|teampreview
|
|start
|switch|p1a: Starmie|Starmie|262\/262
|switch|p2a: Sableye|Sableye, F|303\/303
|turn|1
|
|detailschange|p2a: Sableye|Sableye-Mega, F
|message|Sableye has Mega Evolved into Mega Sableye!
|move|p1a: Starmie|Hydro Pump|p2a: Sableye
|-damage|p2a: Sableye|137\/303
|move|p2a: Sableye|Knock Off|p1a: Starmie
|-supereffective|p1a: Starmie
|-damage|p1a: Starmie|32\/262
|-enditem|p1a: Starmie|Choice Specs|[from] move: Knock Off|[of] p2a: Sableye
|
|turn|2
|
|move|p1a: Starmie|Hydro Pump|p2a: Sableye
|-damage|p2a: Sableye|28\/303
|move|p2a: Sableye|Recover|p2a: Sableye
|-heal|p2a: Sableye|180\/303
|
|turn|3
|
|move|p1a: Starmie|Hydro Pump|p2a: Sableye
|-damage|p2a: Sableye|80\/303
|move|p2a: Sableye|Recover|p2a: Sableye
|-heal|p2a: Sableye|232\/303
|
|turn|4
|
|switch|p1a: Talonflame|Talonflame, M|297\/297
|move|p2a: Sableye|Will-O-Wisp|p1a: Talonflame
|-fail|p1a: Talonflame
|
|turn|5
|
|switch|p2a: Gliscor|Gliscor, M|353\/353
|move|p1a: Talonflame|Brave Bird|p2a: Gliscor
|-damage|p2a: Gliscor|185\/353
|-damage|p1a: Talonflame|242\/297|[from] recoil|[of] p2a: Gliscor
|
|-status|p2a: Gliscor|tox|[from] item: Toxic Orb
|turn|6
|
|switch|p1a: Starmie|Starmie|32\/262
|move|p2a: Gliscor|Stealth Rock|p1a: Starmie
|-sidestart|p1: Dr.Golbat|move: Stealth Rock
|
|-heal|p2a: Gliscor|229\/353 tox|[from] ability: Poison Heal
|turn|7
|
|switch|p2a: Manaphy|Manaphy|403\/403
|move|p1a: Starmie|Rapid Spin|p2a: Manaphy
|-damage|p2a: Manaphy|387\/403
|-sideend|p1: Dr.Golbat|Stealth Rock|[from] move: Rapid Spin|[of] p1a: Starmie
|
|-heal|p2a: Manaphy|403\/403|[from] item: Leftovers
|turn|8
|
|switch|p1a: Magnezone|Magnezone, shiny|282\/282
|move|p2a: Manaphy|U-turn|p1a: Magnezone
|-resisted|p1a: Magnezone
|-damage|p1a: Magnezone|260\/282
|
|switch|p2a: Excadrill|Excadrill, F|424\/424
|-ability|p2a: Excadrill|Mold Breaker
|
|turn|9
|
|switch|p1a: Talonflame|Talonflame, M|242\/297
|move|p2a: Excadrill|Earthquake|p1a: Talonflame
|-immune|p1a: Talonflame|[msg]
|
|turn|10
|
|switch|p1a: Excadrill|Excadrill, M|424\/424
|move|p2a: Excadrill|Toxic|p1a: Excadrill
|-fail|p1a: Excadrill
|
|turn|11
|
|switch|p2a: Gliscor|Gliscor, M|229\/353 tox
|move|p1a: Excadrill|Earthquake|p2a: Gliscor
|-immune|p2a: Gliscor|[msg]
|
|-heal|p2a: Gliscor|273\/353 tox|[from] ability: Poison Heal
|turn|12
|
|switch|p1a: Starmie|Starmie|32\/262
|move|p2a: Gliscor|U-turn|p1a: Starmie
|-supereffective|p1a: Starmie
|-damage|p1a: Starmie|0 fnt
|faint|p1a: Starmie
|
|switch|p2a: Excadrill|Excadrill, F|424\/424
|-ability|p2a: Excadrill|Mold Breaker
|
|
|switch|p1a: Conkeldurr|Conkeldurr, M|373\/373
|turn|13
|
|switch|p2a: Sableye|Sableye-Mega, F|232\/303
|move|p1a: Conkeldurr|Drain Punch|p2a: Sableye
|-immune|p2a: Sableye|[msg]
|
|turn|14
|
|switch|p1a: Magnezone|Magnezone, shiny|260\/282
|move|p2a: Sableye|Knock Off|p1a: Magnezone
|-damage|p1a: Magnezone|172\/282
|-enditem|p1a: Magnezone|Choice Scarf|[from] move: Knock Off|[of] p2a: Sableye
|
|turn|15
|-message|Dr.Golbat forfeited.
|
|win|PokeHD
|raw|Ladder updating...
|leave|Dr.Golbat
|player|p1
|raw|Dr.Golbat's rating: 1346 &rarr; <strong>1328<\/strong><br \/>(-18 for losing)
|raw|PokeHD's rating: 1385 &rarr; <strong>1403<\/strong><br \/>(+18 for winning)