|join|fuck airports
|join|PokeHD
|player|p1|fuck airports|137
|player|p2|PokeHD|101
|gametype|singles
|gen|6
|tier|OU
|rated
|clearpoke
|poke|p1|Scizor, M
|poke|p1|Clefable, M
|poke|p1|Bisharp, M
|poke|p1|Greninja, M
|poke|p1|Landorus-Therian, M
|poke|p1|Latios, M
|poke|p2|Sableye, M
|poke|p2|Excadrill, M
|poke|p2|Manaphy
|poke|p2|Gliscor, M
|poke|p2|Talonflame, M
|poke|p2|Clefable, M
|rule|Swagger Clause: Swagger is banned
|rule|Baton Pass Clause: Limit one PokÃ©mon knowing Baton Pass
|rule|Sleep Clause Mod: Limit one foe put to sleep
|rule|Species Clause: Limit one of each PokÃ©mon
|rule|OHKO Clause: OHKO moves are banned
|rule|Moody Clause: Moody is banned
|rule|Evasion Moves Clause: Evasion moves are banned
|rule|Endless Battle Clause: Forcing endless battles is banned
|rule|HP Percentage Mod: HP is shown in percentages
|teampreview
|
|start
|switch|p1a: Clefable|Clefable, M|373\/373
|switch|p2a: Excadrill|Excadrill, M|424\/424
|-ability|p2a: Excadrill|Mold Breaker
|turn|1
|
|switch|p1a: Landorus-Therian|Landorus-Therian, M|325\/325
|-ability|p1a: Landorus-Therian|Intimidate|[of] p2a: Excadrill
|-unboost|p2a: Excadrill|atk|1
|move|p2a: Excadrill|Iron Head|p1a: Landorus-Therian
|-damage|p1a: Landorus-Therian|231\/325
|
|turn|2
|
|move|p1a: Landorus-Therian|U-turn|p2a: Excadrill
|-resisted|p2a: Excadrill
|-damage|p2a: Excadrill|357\/424
|
|switch|p1a: Scizor|Scizor, M|286\/286
|move|p2a: Excadrill|Toxic|p1a: Scizor
|-fail|p1a: Scizor
|
|-heal|p2a: Excadrill|383\/424|[from] item: Leftovers
|turn|3
|
|switch|p2a: Sableye|Sableye, M|303\/303
|detailschange|p1a: Scizor|Scizor-Mega, M
|message|Scizor has Mega Evolved into Mega Scizor!
|move|p1a: Scizor|Superpower|p2a: Sableye
|-immune|p2a: Sableye|[msg]
|
|turn|4
|
|switch|p1a: Clefable|Clefable, M|373\/373
|detailschange|p2a: Sableye|Sableye-Mega, M
|message|Sableye has Mega Evolved into Mega Sableye!
|move|p2a: Sableye|Will-O-Wisp|p1a: Clefable
|-status|p1a: Clefable|brn
|
|turn|5
|
|switch|p2a: Clefable|Clefable, M|393\/393
|move|p1a: Clefable|Flamethrower|p2a: Clefable
|-damage|p2a: Clefable|254\/393
|
|-heal|p2a: Clefable|278\/393|[from] item: Leftovers
|turn|6
|
|move|p1a: Clefable|Stealth Rock|p2a: Clefable
|-sidestart|p2: PokeHD|move: Stealth Rock
|move|p2a: Clefable|Calm Mind|p2a: Clefable
|-boost|p2a: Clefable|spa|1
|-boost|p2a: Clefable|spd|1
|
|-heal|p2a: Clefable|302\/393|[from] item: Leftovers
|turn|7
|
|move|p1a: Clefable|Moonblast|p2a: Clefable
|-damage|p2a: Clefable|156\/393
|-unboost|p2a: Clefable|spa|1
|move|p2a: Clefable|Moonblast|p1a: Clefable
|-damage|p1a: Clefable|264\/373 brn
|-unboost|p1a: Clefable|spa|1
|
|-heal|p2a: Clefable|180\/393|[from] item: Leftovers
|turn|8
|
|switch|p1a: Bisharp|Bisharp, M|272\/272
|move|p2a: Clefable|Moonlight|p2a: Clefable
|-heal|p2a: Clefable|376\/393
|
|-heal|p2a: Clefable|393\/393|[from] item: Leftovers
|turn|9
|
|switch|p2a: Gliscor|Gliscor, M|353\/353
|-damage|p2a: Gliscor|309\/353|[from] Stealth Rock
|move|p1a: Bisharp|Knock Off|p2a: Gliscor
|-damage|p2a: Gliscor|179\/353
|-enditem|p2a: Gliscor|Toxic Orb|[from] move: Knock Off|[of] p1a: Bisharp
|-damage|p1a: Bisharp|245\/272|[from] item: Life Orb
|
|turn|10
|
|switch|p1a: Clefable|Clefable, M|264\/373 brn
|move|p2a: Gliscor|Stealth Rock|p1a: Clefable
|-sidestart|p1: fuck airports|move: Stealth Rock
|
|turn|11
|
|move|p2a: Gliscor|Taunt|p1a: Clefable
|-start|p1a: Clefable|move: Taunt
|move|p1a: Clefable|Flamethrower|p2a: Gliscor
|-damage|p2a: Gliscor|31\/353
|
|turn|12
|
|move|p2a: Gliscor|Earthquake|p1a: Clefable
|-damage|p1a: Clefable|125\/373 brn
|move|p1a: Clefable|Moonblast|p2a: Gliscor
|-crit|p2a: Gliscor
|-damage|p2a: Gliscor|0 fnt
|faint|p2a: Gliscor
|
|
|switch|p2a: Excadrill|Excadrill, M|383\/424
|-damage|p2a: Excadrill|370\/424|[from] Stealth Rock
|-ability|p2a: Excadrill|Mold Breaker
|turn|13
|
|move|p2a: Excadrill|Rapid Spin|p1a: Clefable
|-damage|p1a: Clefable|100\/373 brn
|-sideend|p2: PokeHD|Stealth Rock|[from] move: Rapid Spin|[of] p2a: Excadrill
|move|p1a: Clefable|Flamethrower|p2a: Excadrill
|-crit|p2a: Excadrill
|-supereffective|p2a: Excadrill
|-damage|p2a: Excadrill|32\/424
|
|-heal|p2a: Excadrill|58\/424|[from] item: Leftovers
|-end|p1a: Clefable|move: Taunt
|turn|14
|
|switch|p1a: Scizor|Scizor-Mega, M|286\/286
|-damage|p1a: Scizor|251\/286|[from] Stealth Rock
|move|p2a: Excadrill|Earthquake|p1a: Scizor
|-damage|p1a: Scizor|142\/286
|
|-heal|p2a: Excadrill|84\/424|[from] item: Leftovers
|turn|15
|
|switch|p2a: Manaphy|Manaphy|403\/403
|move|p1a: Scizor|Swords Dance|p1a: Scizor
|-boost|p1a: Scizor|atk|2
|
|turn|16
|
|move|p1a: Scizor|Bug Bite|p2a: Manaphy
|-damage|p2a: Manaphy|10\/403
|move|p2a: Manaphy|Scald|p1a: Scizor
|-damage|p1a: Scizor|49\/286
|-status|p1a: Scizor|brn
|
|-heal|p2a: Manaphy|35\/403|[from] item: Leftovers
|-damage|p1a: Scizor|14\/286 brn|[from] brn
|turn|17
|c|âfuck airports|aah mbn
|
|switch|p2a: Clefable|Clefable, M|393\/393
|move|p1a: Scizor|Bug Bite|p2a: Clefable
|-resisted|p2a: Clefable
|-damage|p2a: Clefable|348\/393
|
|-heal|p2a: Clefable|372\/393|[from] item: Leftovers
|-damage|p1a: Scizor|0 fnt|[from] brn
|faint|p1a: Scizor
|
|switch|p1a: Bisharp|Bisharp, M|245\/272
|-damage|p1a: Bisharp|228\/272|[from] Stealth Rock
|turn|18
|c|âfuck airports|also
|c|âfuck airports|branflakes
|c|âfuck airports|is this you
|
|switch|p2a: Manaphy|Manaphy|35\/403
|move|p1a: Bisharp|Iron Head|p2a: Manaphy
|-crit|p2a: Manaphy
|-resisted|p2a: Manaphy
|-damage|p2a: Manaphy|0 fnt
|-damage|p1a: Bisharp|201\/272|[from] item: Life Orb
|faint|p2a: Manaphy
|
|
|switch|p2a: Talonflame|Talonflame, M|345\/345
|turn|19
|
|switch|p1a: Clefable|Clefable, M|100\/373 brn
|move|p2a: Talonflame|Will-O-Wisp|p1a: Clefable
|-fail|p1a: Clefable|brn
|
|turn|20
|
|move|p2a: Talonflame|Brave Bird|p1a: Clefable
|-damage|p1a: Clefable|0 fnt
|-damage|p2a: Talonflame|312\/345|[from] recoil|[of] p1a: Clefable
|faint|p1a: Clefable
|
|-heal|p2a: Talonflame|333\/345|[from] item: Leftovers
|c|âfuck airports|the fact that youre not replying
|c|âfuck airports|ill take it as a no?
|
|switch|p1a: Landorus-Therian|Landorus-Therian, M|231\/325
|-damage|p1a: Landorus-Therian|191\/325|[from] Stealth Rock
|-ability|p1a: Landorus-Therian|Intimidate|[of] p2a: Talonflame
|-unboost|p2a: Talonflame|atk|1
|turn|21
|
|switch|p2a: Sableye|Sableye-Mega, M|303\/303
|move|p1a: Landorus-Therian|U-turn|p2a: Sableye
|-damage|p2a: Sableye|231\/303
|
|switch|p1a: Bisharp|Bisharp, M|201\/272
|-damage|p1a: Bisharp|184\/272|[from] Stealth Rock
|
|turn|22
|
|move|p1a: Bisharp|Swords Dance|p1a: Bisharp
|-boost|p1a: Bisharp|atk|2
|move|p2a: Sableye|Will-O-Wisp|p1a: Bisharp
|-status|p1a: Bisharp|brn
|
|-damage|p1a: Bisharp|150\/272 brn|[from] brn
|turn|23
|
|move|p1a: Bisharp|Swords Dance|p1a: Bisharp
|-boost|p1a: Bisharp|atk|2
|move|p2a: Sableye|Recover|p2a: Sableye
|-heal|p2a: Sableye|303\/303
|
|-damage|p1a: Bisharp|116\/272 brn|[from] brn
|turn|24
|
|move|p1a: Bisharp|Iron Head|p2a: Sableye
|-damage|p2a: Sableye|89\/303
|-damage|p1a: Bisharp|89\/272 brn|[from] item: Life Orb
|move|p2a: Sableye|Foul Play|p1a: Bisharp
|-resisted|p1a: Bisharp
|-damage|p1a: Bisharp|0 fnt
|faint|p1a: Bisharp
|
|
|switch|p1a: Greninja|Greninja, M|285\/285
|-damage|p1a: Greninja|250\/285|[from] Stealth Rock
|turn|25
|
|switch|p2a: Excadrill|Excadrill, M|84\/424
|-ability|p2a: Excadrill|Mold Breaker
|move|p1a: Greninja|Ice Beam|p2a: Excadrill
|-start|p1a: Greninja|typechange|Ice|[from] Protean
|-damage|p2a: Excadrill|0 fnt
|-damage|p1a: Greninja|222\/285|[from] item: Life Orb
|faint|p2a: Excadrill
|
|
|switch|p2a: Clefable|Clefable, M|372\/393
|turn|26
|
|switch|p2a: Sableye|Sableye-Mega, M|89\/303
|move|p1a: Greninja|Gunk Shot|p2a: Sableye
|-start|p1a: Greninja|typechange|Poison|[from] Protean
|-resisted|p2a: Sableye
|-damage|p2a: Sableye|19\/303
|-status|p2a: Sableye|psn
|-damage|p1a: Greninja|194\/285|[from] item: Life Orb
|
|-damage|p2a: Sableye|0 fnt|[from] psn
|faint|p2a: Sableye
|
|switch|p2a: Talonflame|Talonflame, M|333\/345
|turn|27
|
|switch|p1a: Latios|Latios, M|302\/302
|-damage|p1a: Latios|265\/302|[from] Stealth Rock
|move|p2a: Talonflame|Brave Bird|p1a: Latios
|-damage|p1a: Latios|72\/302
|-damage|p2a: Talonflame|269\/345|[from] recoil|[of] p1a: Latios
|
|-heal|p2a: Talonflame|290\/345|[from] item: Leftovers
|turn|28
|
|move|p2a: Talonflame|Brave Bird|p1a: Latios
|-crit|p1a: Latios
|-damage|p1a: Latios|0 fnt
|-damage|p2a: Talonflame|266\/345|[from] recoil|[of] p1a: Latios
|faint|p1a: Latios
|
|-heal|p2a: Talonflame|287\/345|[from] item: Leftovers
|
|switch|p1a: Landorus-Therian|Landorus-Therian, M|191\/325
|-damage|p1a: Landorus-Therian|151\/325|[from] Stealth Rock
|-ability|p1a: Landorus-Therian|Intimidate|[of] p2a: Talonflame
|-unboost|p2a: Talonflame|atk|1
|turn|29
|
|switch|p2a: Clefable|Clefable, M|372\/393
|move|p1a: Landorus-Therian|U-turn|p2a: Clefable
|-resisted|p2a: Clefable
|-damage|p2a: Clefable|333\/393
|
|switch|p1a: Greninja|Greninja, M|194\/285
|-damage|p1a: Greninja|159\/285|[from] Stealth Rock
|
|-heal|p2a: Clefable|357\/393|[from] item: Leftovers
|turn|30
|
|move|p1a: Greninja|Gunk Shot|p2a: Clefable
|-start|p1a: Greninja|typechange|Poison|[from] Protean
|-supereffective|p2a: Clefable
|-damage|p2a: Clefable|6\/393
|-damage|p1a: Greninja|131\/285|[from] item: Life Orb
|move|p2a: Clefable|Moonblast|p1a: Greninja
|-resisted|p1a: Greninja
|-damage|p1a: Greninja|65\/285
|
|-heal|p2a: Clefable|30\/393|[from] item: Leftovers
|turn|31
|
|move|p1a: Greninja|Ice Beam|p2a: Clefable
|-start|p1a: Greninja|typechange|Ice|[from] Protean
|-damage|p2a: Clefable|0 fnt
|-damage|p1a: Greninja|37\/285|[from] item: Life Orb
|faint|p2a: Clefable
|
|
|switch|p2a: Talonflame|Talonflame, M|287\/345
|turn|32
|
|move|p2a: Talonflame|Brave Bird|p1a: Greninja
|-damage|p1a: Greninja|0 fnt
|-damage|p2a: Talonflame|275\/345|[from] recoil|[of] p1a: Greninja
|faint|p1a: Greninja
|
|-heal|p2a: Talonflame|296\/345|[from] item: Leftovers
|
|switch|p1a: Landorus-Therian|Landorus-Therian, M|151\/325
|-damage|p1a: Landorus-Therian|111\/325|[from] Stealth Rock
|-ability|p1a: Landorus-Therian|Intimidate|[of] p2a: Talonflame
|-unboost|p2a: Talonflame|atk|1
|turn|33
|
|move|p2a: Talonflame|Brave Bird|p1a: Landorus-Therian
|-crit|p1a: Landorus-Therian
|-damage|p1a: Landorus-Therian|0 fnt
|-damage|p2a: Talonflame|259\/345|[from] recoil|[of] p1a: Landorus-Therian
|faint|p1a: Landorus-Therian
|
|win|PokeHD
|raw|Ladder updating...
|c|âfuck airports|ofcourse
|leave|PokeHD
|raw|fuck airports's rating: 1544 &rarr; <strong>1523<\/strong><br \/>(-21 for losing)
|raw|PokeHD's rating: 1534 &rarr; <strong>1554<\/strong><br \/>(+20 for winning)
|player|p2
|c|âfuck airports|of fucking course