|join|bunionslayer
|join|PokeHD
|player|p1|bunionslayer|285
|player|p2|PokeHD|101
|gametype|singles
|gen|6
|tier|OU
|rated
|clearpoke
|poke|p1|Gallade, M
|poke|p1|Manaphy
|poke|p1|Slowbro, M
|poke|p1|Talonflame, F
|poke|p1|Ferrothorn, F
|poke|p1|Latios, M
|poke|p2|Sableye, M
|poke|p2|Excadrill, M
|poke|p2|Manaphy
|poke|p2|Gliscor, M
|poke|p2|Talonflame, F
|poke|p2|Clefable, M
|rule|Swagger Clause: Swagger is banned
|rule|Baton Pass Clause: Limit one PokÃ©mon knowing Baton Pass
|rule|Sleep Clause Mod: Limit one foe put to sleep
|rule|Species Clause: Limit one of each PokÃ©mon
|rule|OHKO Clause: OHKO moves are banned
|rule|Moody Clause: Moody is banned
|rule|Evasion Moves Clause: Evasion moves are banned
|rule|Endless Battle Clause: Forcing endless battles is banned
|rule|HP Percentage Mod: HP is shown in percentages
|teampreview
|
|start
|switch|p1a: Manaphy|Manaphy|362\/362
|switch|p2a: Sableye|Sableye, M|303\/303
|turn|1
|
|detailschange|p2a: Sableye|Sableye-Mega, M
|message|Sableye has Mega Evolved into Mega Sableye!
|move|p1a: Manaphy|Tail Glow|p1a: Manaphy
|-boost|p1a: Manaphy|spa|3
|move|p2a: Sableye|Knock Off|p1a: Manaphy
|-damage|p1a: Manaphy|253\/362
|-enditem|p1a: Manaphy|Leftovers|[from] move: Knock Off|[of] p2a: Sableye
|
|turn|2
|
|switch|p2a: Clefable|Clefable, M|393\/393
|move|p1a: Manaphy|Scald|p2a: Clefable
|-damage|p2a: Clefable|245\/393
|
|-heal|p2a: Clefable|269\/393|[from] item: Leftovers
|turn|3
|
|move|p1a: Manaphy|Scald|p2a: Clefable
|-damage|p2a: Clefable|116\/393
|move|p2a: Clefable|Calm Mind|p2a: Clefable
|-boost|p2a: Clefable|spa|1
|-boost|p2a: Clefable|spd|1
|
|-heal|p2a: Clefable|140\/393|[from] item: Leftovers
|turn|4
|
|move|p1a: Manaphy|Scald|p2a: Clefable
|-damage|p2a: Clefable|40\/393
|-status|p2a: Clefable|brn
|move|p2a: Clefable|Moonlight|p2a: Clefable
|-heal|p2a: Clefable|236\/393 brn
|
|-heal|p2a: Clefable|260\/393 brn|[from] item: Leftovers
|-damage|p2a: Clefable|211\/393 brn|[from] brn
|turn|5
|
|move|p1a: Manaphy|Rain Dance|p1a: Manaphy
|-weather|RainDance
|move|p2a: Clefable|Moonlight|p2a: Clefable
|-heal|p2a: Clefable|309\/393 brn
|
|-weather|RainDance|[upkeep]
|-heal|p2a: Clefable|333\/393 brn|[from] item: Leftovers
|-damage|p2a: Clefable|284\/393 brn|[from] brn
|turn|6
|
|move|p1a: Manaphy|Scald|p2a: Clefable
|-damage|p2a: Clefable|146\/393 brn
|move|p2a: Clefable|Moonblast|p1a: Manaphy
|-crit|p1a: Manaphy
|-damage|p1a: Manaphy|33\/362
|
|-weather|RainDance|[upkeep]
|-heal|p2a: Clefable|170\/393 brn|[from] item: Leftovers
|-damage|p2a: Clefable|121\/393 brn|[from] brn
|turn|7
|
|move|p1a: Manaphy|Scald|p2a: Clefable
|-damage|p2a: Clefable|0 fnt
|faint|p2a: Clefable
|
|-weather|RainDance|[upkeep]
|
|switch|p2a: Talonflame|Talonflame, F|345\/345
|turn|8
|
|switch|p1a: Slowbro|Slowbro, M|394\/394
|move|p2a: Talonflame|Brave Bird|p1a: Slowbro
|-crit|p1a: Slowbro
|-damage|p1a: Slowbro|217\/394
|-damage|p2a: Talonflame|287\/345|[from] recoil|[of] p1a: Slowbro
|
|-weather|RainDance|[upkeep]
|-heal|p2a: Talonflame|308\/345|[from] item: Leftovers
|-heal|p1a: Slowbro|241\/394|[from] item: Leftovers
|turn|9
|
|switch|p2a: Manaphy|Manaphy|403\/403
|move|p1a: Slowbro|Scald|p2a: Manaphy
|-resisted|p2a: Manaphy
|-damage|p2a: Manaphy|357\/403
|
|-weather|none
|-heal|p2a: Manaphy|382\/403|[from] item: Leftovers
|-heal|p1a: Slowbro|265\/394|[from] item: Leftovers
|turn|10
|
|switch|p1a: Ferrothorn|Ferrothorn, F|352\/352
|move|p2a: Manaphy|Scald|p1a: Ferrothorn
|-resisted|p1a: Ferrothorn
|-damage|p1a: Ferrothorn|316\/352
|
|-heal|p2a: Manaphy|403\/403|[from] item: Leftovers
|-heal|p1a: Ferrothorn|338\/352|[from] item: Leftovers
|turn|11
|
|switch|p2a: Sableye|Sableye-Mega, M|303\/303
|switch|p1a: Talonflame|Talonflame, F|319\/319
|
|turn|12
|
|move|p1a: Talonflame|Swords Dance|p1a: Talonflame
|-boost|p1a: Talonflame|atk|2
|move|p2a: Sableye|Foul Play|p1a: Talonflame
|-damage|p1a: Talonflame|0 fnt
|faint|p1a: Talonflame
|
|
|switch|p1a: Latios|Latios, M|302\/302
|turn|13
|
|move|p1a: Latios|Draco Meteor|p2a: Sableye
|-damage|p2a: Sableye|122\/303
|-unboost|p1a: Latios|spa|2
|-damage|p1a: Latios|272\/302|[from] item: Life Orb
|move|p2a: Sableye|Recover|p2a: Sableye
|-heal|p2a: Sableye|274\/303
|
|turn|14
|
|switch|p1a: Gallade|Gallade, M|277\/277
|move|p2a: Sableye|Will-O-Wisp|p1a: Gallade
|-status|p1a: Gallade|brn
|
|-damage|p1a: Gallade|243\/277 brn|[from] brn
|turn|15
|c|âbunionslayer|wp gg
|-message|bunionslayer forfeited.
|
|win|PokeHD
|raw|Ladder updating...
|leave|bunionslayer
|player|p1
|raw|bunionslayer's rating: 1426 &rarr; <strong>1406<\/strong><br \/>(-20 for losing)
|raw|PokeHD's rating: 1420 &rarr; <strong>1440<\/strong><br \/>(+20 for winning)