|join|PokeHD
|join|Unique Y
|player|p1|PokeHD|2
|player|p2|Unique Y|265
|gametype|singles
|gen|6
|tier|OU
|rated
|clearpoke
|poke|p1|Sableye, M
|poke|p1|Excadrill, M
|poke|p1|Manaphy
|poke|p1|Gliscor, M
|poke|p1|Talonflame, M
|poke|p1|Clefable, F
|poke|p2|Slowbro, F
|poke|p2|Dragalge, F
|poke|p2|Camerupt, F
|poke|p2|Umbreon, F
|poke|p2|Tentacruel, M
|poke|p2|Zapdos
|rule|Swagger Clause: Swagger is banned
|rule|Baton Pass Clause: Limit one PokÃ©mon knowing Baton Pass
|rule|Sleep Clause Mod: Limit one foe put to sleep
|rule|Species Clause: Limit one of each PokÃ©mon
|rule|OHKO Clause: OHKO moves are banned
|rule|Moody Clause: Moody is banned
|rule|Evasion Moves Clause: Evasion moves are banned
|rule|Endless Battle Clause: Forcing endless battles is banned
|rule|HP Percentage Mod: HP is shown in percentages
|teampreview
|
|start
|switch|p1a: Sableye|Sableye, M|303\/303
|switch|p2a: Dragalge|Dragalge, F|334\/334
|turn|1
|
|detailschange|p1a: Sableye|Sableye-Mega, M
|message|Sableye has Mega Evolved into Mega Sableye!
|move|p1a: Sableye|Knock Off|p2a: Dragalge
|-damage|p2a: Dragalge|228\/334
|-enditem|p2a: Dragalge|Black Sludge|[from] move: Knock Off|[of] p1a: Sableye
|move|p2a: Dragalge|Draco Meteor|p1a: Sableye|[miss]
|-miss|p2a: Dragalge|p1a: Sableye
|
|turn|2
|
|move|p2a: Dragalge|Draco Meteor|p1a: Sableye|[miss]
|-miss|p2a: Dragalge|p1a: Sableye
|move|p1a: Sableye|Will-O-Wisp|p2a: Dragalge
|-status|p2a: Dragalge|brn
|
|-damage|p2a: Dragalge|187\/334 brn|[from] brn
|turn|3
|
|switch|p2a: Camerupt|Camerupt, F|344\/344
|move|p1a: Sableye|Recover|p1a: Sableye
|-fail|p1a: Sableye
|
|turn|4
|
|switch|p1a: Manaphy|Manaphy|403\/403
|detailschange|p2a: Camerupt|Camerupt-Mega, F
|message|Camerupt has Mega Evolved into Mega Camerupt!
|move|p2a: Camerupt|Earth Power|p1a: Manaphy
|-damage|p1a: Manaphy|240\/403
|
|-heal|p1a: Manaphy|265\/403|[from] item: Leftovers
|turn|5
|
|switch|p2a: Tentacruel|Tentacruel, M|364\/364
|move|p1a: Manaphy|Rain Dance|p1a: Manaphy
|-weather|RainDance
|
|-weather|RainDance|[upkeep]
|-heal|p1a: Manaphy|290\/403|[from] item: Leftovers
|turn|6
|
|move|p2a: Tentacruel|Acid Spray|p1a: Manaphy
|-damage|p1a: Manaphy|257\/403
|-unboost|p1a: Manaphy|spd|2
|move|p1a: Manaphy|Scald|p2a: Tentacruel
|-resisted|p2a: Tentacruel
|-damage|p2a: Tentacruel|312\/364
|
|-weather|RainDance|[upkeep]
|-heal|p2a: Tentacruel|334\/364|[from] item: Black Sludge
|-heal|p1a: Manaphy|282\/403|[from] item: Leftovers
|turn|7
|
|move|p2a: Tentacruel|Knock Off|p1a: Manaphy
|-damage|p1a: Manaphy|227\/403
|-enditem|p1a: Manaphy|Leftovers|[from] move: Knock Off|[of] p2a: Tentacruel
|move|p1a: Manaphy|U-turn|p2a: Tentacruel
|-resisted|p2a: Tentacruel
|-damage|p2a: Tentacruel|307\/364
|
|switch|p1a: Gliscor|Gliscor, M|353\/353
|
|-weather|RainDance|[upkeep]
|-heal|p2a: Tentacruel|329\/364|[from] item: Black Sludge
|-status|p1a: Gliscor|tox|[from] item: Toxic Orb
|turn|8
|
|switch|p1a: Manaphy|Manaphy|227\/403
|move|p2a: Tentacruel|Scald|p1a: Manaphy
|-resisted|p1a: Manaphy
|-damage|p1a: Manaphy|182\/403
|-status|p1a: Manaphy|brn
|
|-weather|RainDance|[upkeep]
|-heal|p2a: Tentacruel|351\/364|[from] item: Black Sludge
|-curestatus|p1a: Manaphy|brn
|turn|9
|
|move|p2a: Tentacruel|Acid Spray|p1a: Manaphy
|-damage|p1a: Manaphy|151\/403
|-unboost|p1a: Manaphy|spd|2
|move|p1a: Manaphy|Scald|p2a: Tentacruel
|-resisted|p2a: Tentacruel
|-damage|p2a: Tentacruel|295\/364
|
|-weather|none
|-heal|p2a: Tentacruel|317\/364|[from] item: Black Sludge
|turn|10
|
|move|p2a: Tentacruel|Scald|p1a: Manaphy
|-resisted|p1a: Manaphy
|-damage|p1a: Manaphy|97\/403
|move|p1a: Manaphy|Rain Dance|p1a: Manaphy
|-weather|RainDance
|
|-weather|RainDance|[upkeep]
|-heal|p2a: Tentacruel|339\/364|[from] item: Black Sludge
|turn|11
|
|move|p2a: Tentacruel|Acid Spray|p1a: Manaphy
|-damage|p1a: Manaphy|43\/403
|-unboost|p1a: Manaphy|spd|2
|move|p1a: Manaphy|Rest|p1a: Manaphy
|-status|p1a: Manaphy|slp
|-heal|p1a: Manaphy|403\/403 slp|[silent]
|-status|p1a: Manaphy|slp|[from] move: Rest
|
|-weather|RainDance|[upkeep]
|-heal|p2a: Tentacruel|361\/364|[from] item: Black Sludge
|-curestatus|p1a: Manaphy|slp
|turn|12
|
|switch|p1a: Sableye|Sableye-Mega, M|303\/303
|move|p2a: Tentacruel|Scald|p1a: Sableye
|-damage|p1a: Sableye|228\/303
|
|-weather|RainDance|[upkeep]
|-heal|p2a: Tentacruel|364\/364|[from] item: Black Sludge
|turn|13
|
|switch|p2a: Camerupt|Camerupt-Mega, F|344\/344
|move|p1a: Sableye|Knock Off|p2a: Camerupt
|-damage|p2a: Camerupt|280\/344
|
|-weather|RainDance|[upkeep]
|turn|14
|
|switch|p1a: Gliscor|Gliscor, M|353\/353 tox
|move|p2a: Camerupt|Ancient Power|p1a: Gliscor
|-damage|p1a: Gliscor|217\/353 tox
|
|-weather|none
|-heal|p1a: Gliscor|261\/353 tox|[from] ability: Poison Heal
|turn|15
|
|switch|p2a: Zapdos|Zapdos|384\/384
|-ability|p2a: Zapdos|Pressure
|move|p1a: Gliscor|Earthquake|p2a: Zapdos
|-immune|p2a: Zapdos|[msg]
|
|-heal|p1a: Gliscor|305\/353 tox|[from] ability: Poison Heal
|turn|16
|
|move|p2a: Zapdos|Hidden Power|p1a: Gliscor
|-supereffective|p1a: Gliscor
|-damage|p1a: Gliscor|37\/353 tox
|move|p1a: Gliscor|Stealth Rock|p2a: Zapdos
|-sidestart|p2: Unique Y|move: Stealth Rock
|
|-heal|p1a: Gliscor|81\/353 tox|[from] ability: Poison Heal
|turn|17
|
|switch|p1a: Clefable|Clefable, F|393\/393
|move|p2a: Zapdos|Volt Switch|p1a: Clefable
|-damage|p1a: Clefable|293\/393
|
|switch|p2a: Tentacruel|Tentacruel, M|364\/364
|-damage|p2a: Tentacruel|319\/364|[from] Stealth Rock
|
|-heal|p2a: Tentacruel|341\/364|[from] item: Black Sludge
|-heal|p1a: Clefable|317\/393|[from] item: Leftovers
|turn|18
|
|switch|p1a: Excadrill|Excadrill, M|424\/424
|-ability|p1a: Excadrill|Mold Breaker
|move|p2a: Tentacruel|Acid Spray|p1a: Excadrill
|-immune|p1a: Excadrill|[msg]
|
|-heal|p2a: Tentacruel|363\/364|[from] item: Black Sludge
|turn|19
|
|switch|p2a: Slowbro|Slowbro, F|394\/394
|-damage|p2a: Slowbro|345\/394|[from] Stealth Rock
|move|p1a: Excadrill|Earthquake|p2a: Slowbro
|-damage|p2a: Slowbro|239\/394
|
|-heal|p2a: Slowbro|263\/394|[from] item: Leftovers
|turn|20
|
|move|p1a: Excadrill|Toxic|p2a: Slowbro
|-status|p2a: Slowbro|tox
|move|p2a: Slowbro|Scald|p1a: Excadrill
|-supereffective|p1a: Excadrill
|-damage|p1a: Excadrill|238\/424
|
|-heal|p1a: Excadrill|264\/424|[from] item: Leftovers
|-heal|p2a: Slowbro|287\/394 tox|[from] item: Leftovers
|-damage|p2a: Slowbro|263\/394 tox|[from] psn
|turn|21
|
|switch|p1a: Manaphy|Manaphy|403\/403
|move|p2a: Slowbro|Scald|p1a: Manaphy
|-crit|p1a: Manaphy
|-resisted|p1a: Manaphy
|-damage|p1a: Manaphy|356\/403
|
|-heal|p2a: Slowbro|287\/394 tox|[from] item: Leftovers
|-damage|p2a: Slowbro|239\/394 tox|[from] psn
|turn|22
|
|switch|p2a: Umbreon|Umbreon, F|394\/394
|-damage|p2a: Umbreon|345\/394|[from] Stealth Rock
|move|p1a: Manaphy|U-turn|p2a: Umbreon
|-supereffective|p2a: Umbreon
|-damage|p2a: Umbreon|257\/394
|
|switch|p1a: Clefable|Clefable, F|317\/393
|
|-heal|p2a: Umbreon|281\/394|[from] item: Leftovers
|-heal|p1a: Clefable|341\/393|[from] item: Leftovers
|turn|23
|
|move|p2a: Umbreon|Heal Bell|p2a: Umbreon
|-cureteam|p2a: Umbreon|[from] move: HealBell
|move|p1a: Clefable|Moonblast|p2a: Umbreon
|-supereffective|p2a: Umbreon
|-damage|p2a: Umbreon|147\/394
|
|-heal|p2a: Umbreon|171\/394|[from] item: Leftovers
|-heal|p1a: Clefable|365\/393|[from] item: Leftovers
|turn|24
|
|move|p2a: Umbreon|Wish|p2a: Umbreon
|move|p1a: Clefable|Calm Mind|p1a: Clefable
|-boost|p1a: Clefable|spa|1
|-boost|p1a: Clefable|spd|1
|
|-heal|p2a: Umbreon|195\/394|[from] item: Leftovers
|-heal|p1a: Clefable|389\/393|[from] item: Leftovers
|turn|25
|
|switch|p2a: Dragalge|Dragalge, F|187\/334
|-damage|p2a: Dragalge|146\/334|[from] Stealth Rock
|move|p1a: Clefable|Moonblast|p2a: Dragalge
|-damage|p2a: Dragalge|4\/334
|
|-heal|p2a: Dragalge|201\/334|[from] move: Wish|[wisher] Umbreon
|-heal|p1a: Clefable|393\/393|[from] item: Leftovers
|turn|26
|
|switch|p1a: Excadrill|Excadrill, M|264\/424
|-ability|p1a: Excadrill|Mold Breaker
|move|p2a: Dragalge|Sludge Bomb|p1a: Excadrill
|-immune|p1a: Excadrill|[msg]
|
|-heal|p1a: Excadrill|290\/424|[from] item: Leftovers
|turn|27
|
|switch|p2a: Zapdos|Zapdos|384\/384
|-damage|p2a: Zapdos|288\/384|[from] Stealth Rock
|-ability|p2a: Zapdos|Pressure
|move|p1a: Excadrill|Earthquake|p2a: Zapdos
|-immune|p2a: Zapdos|[msg]
|
|-heal|p1a: Excadrill|316\/424|[from] item: Leftovers
|turn|28
|
|move|p2a: Zapdos|Hidden Power|p1a: Excadrill
|-damage|p1a: Excadrill|260\/424
|move|p1a: Excadrill|Toxic|p2a: Zapdos
|-status|p2a: Zapdos|tox
|
|-heal|p1a: Excadrill|286\/424|[from] item: Leftovers
|-damage|p2a: Zapdos|264\/384 tox|[from] psn
|turn|29
|
|move|p2a: Zapdos|Heat Wave|p1a: Excadrill
|-supereffective|p1a: Excadrill
|-damage|p1a: Excadrill|120\/424
|move|p1a: Excadrill|Iron Head|p2a: Zapdos
|-resisted|p2a: Zapdos
|-damage|p2a: Zapdos|218\/384 tox
|-damage|p1a: Excadrill|50\/424|[from] item: Rocky Helmet|[of] p2a: Zapdos
|
|-heal|p1a: Excadrill|76\/424|[from] item: Leftovers
|-damage|p2a: Zapdos|170\/384 tox|[from] psn
|turn|30
|
|switch|p2a: Slowbro|Slowbro, F|370\/394
|-damage|p2a: Slowbro|321\/394|[from] Stealth Rock
|move|p1a: Excadrill|Iron Head|p2a: Slowbro
|-resisted|p2a: Slowbro
|-damage|p2a: Slowbro|278\/394
|
|-heal|p1a: Excadrill|102\/424|[from] item: Leftovers
|-heal|p2a: Slowbro|302\/394|[from] item: Leftovers
|turn|31
|
|switch|p2a: Umbreon|Umbreon, F|195\/394
|-damage|p2a: Umbreon|146\/394|[from] Stealth Rock
|move|p1a: Excadrill|Toxic|p2a: Umbreon
|-status|p2a: Umbreon|tox
|
|-heal|p1a: Excadrill|128\/424|[from] item: Leftovers
|-heal|p2a: Umbreon|170\/394 tox|[from] item: Leftovers
|-damage|p2a: Umbreon|146\/394 tox|[from] psn
|turn|32
|
|move|p1a: Excadrill|Iron Head|p2a: Umbreon
|-damage|p2a: Umbreon|25\/394 tox
|move|p2a: Umbreon|Heal Bell|p2a: Umbreon
|-cureteam|p2a: Umbreon|[from] move: HealBell
|
|-heal|p1a: Excadrill|154\/424|[from] item: Leftovers
|-heal|p2a: Umbreon|49\/394|[from] item: Leftovers
|turn|33
|
|move|p1a: Excadrill|Earthquake|p2a: Umbreon
|-damage|p2a: Umbreon|0 fnt
|faint|p2a: Umbreon
|
|-heal|p1a: Excadrill|180\/424|[from] item: Leftovers
|
|switch|p2a: Slowbro|Slowbro, F|394\/394
|-damage|p2a: Slowbro|345\/394|[from] Stealth Rock
|turn|34
|
|move|p1a: Excadrill|Toxic|p2a: Slowbro
|-status|p2a: Slowbro|tox
|move|p2a: Slowbro|Scald|p1a: Excadrill
|-supereffective|p1a: Excadrill
|-damage|p1a: Excadrill|12\/424
|
|-heal|p1a: Excadrill|38\/424|[from] item: Leftovers
|-heal|p2a: Slowbro|369\/394 tox|[from] item: Leftovers
|-damage|p2a: Slowbro|345\/394 tox|[from] psn
|turn|35
|
|switch|p1a: Manaphy|Manaphy|356\/403
|move|p2a: Slowbro|Trick Room|p2a: Slowbro
|-fieldstart|move: Trick Room|[of] p2a: Slowbro
|
|-heal|p2a: Slowbro|369\/394 tox|[from] item: Leftovers
|-damage|p2a: Slowbro|321\/394 tox|[from] psn
|turn|36
|
|switch|p2a: Dragalge|Dragalge, F|201\/334
|-damage|p2a: Dragalge|160\/334|[from] Stealth Rock
|move|p1a: Manaphy|Rain Dance|p1a: Manaphy
|-weather|RainDance
|
|-weather|RainDance|[upkeep]
|turn|37
|
|move|p2a: Dragalge|Sludge Bomb|p1a: Manaphy
|-damage|p1a: Manaphy|222\/403
|move|p1a: Manaphy|Scald|p2a: Dragalge
|-resisted|p2a: Dragalge
|-damage|p2a: Dragalge|100\/334
|-status|p2a: Dragalge|brn
|
|-weather|RainDance|[upkeep]
|-damage|p2a: Dragalge|59\/334 brn|[from] brn
|turn|38
|
|move|p2a: Dragalge|Sludge Bomb|p1a: Manaphy
|-damage|p1a: Manaphy|78\/403
|move|p1a: Manaphy|Rest|p1a: Manaphy
|-status|p1a: Manaphy|slp
|-heal|p1a: Manaphy|403\/403 slp|[silent]
|-status|p1a: Manaphy|slp|[from] move: Rest
|
|-weather|RainDance|[upkeep]
|-curestatus|p1a: Manaphy|slp
|-damage|p2a: Dragalge|18\/334 brn|[from] brn
|turn|39
|
|switch|p1a: Excadrill|Excadrill, M|38\/424
|-ability|p1a: Excadrill|Mold Breaker
|move|p2a: Dragalge|Draco Meteor|p1a: Excadrill
|-resisted|p1a: Excadrill
|-damage|p1a: Excadrill|0 fnt
|-unboost|p2a: Dragalge|spa|2
|faint|p1a: Excadrill
|
|-weather|RainDance|[upkeep]
|-damage|p2a: Dragalge|0 fnt|[from] brn
|-fieldend|move: Trick Room
|faint|p2a: Dragalge
|
|switch|p2a: Zapdos|Zapdos|170\/384
|switch|p1a: Sableye|Sableye-Mega, M|228\/303
|-damage|p2a: Zapdos|74\/384|[from] Stealth Rock
|-ability|p2a: Zapdos|Pressure
|turn|40
|
|move|p2a: Zapdos|Roost|p2a: Zapdos
|-heal|p2a: Zapdos|266\/384
|move|p1a: Sableye|Will-O-Wisp|p2a: Zapdos
|-status|p2a: Zapdos|brn
|
|-weather|none
|-damage|p2a: Zapdos|218\/384 brn|[from] brn
|turn|41
|
|move|p2a: Zapdos|Roost|p2a: Zapdos
|-heal|p2a: Zapdos|384\/384 brn
|move|p1a: Sableye|Knock Off|p2a: Zapdos
|-damage|p2a: Zapdos|300\/384 brn
|-damage|p1a: Sableye|178\/303|[from] item: Rocky Helmet|[of] p2a: Zapdos
|-enditem|p2a: Zapdos|Rocky Helmet|[from] move: Knock Off|[of] p1a: Sableye
|
|-damage|p2a: Zapdos|252\/384 brn|[from] brn
|turn|42
|
|move|p2a: Zapdos|Volt Switch|p1a: Sableye
|-damage|p1a: Sableye|111\/303
|
|switch|p2a: Camerupt|Camerupt-Mega, F|280\/344
|-damage|p2a: Camerupt|237\/344|[from] Stealth Rock
|move|p1a: Sableye|Recover|p1a: Sableye
|-heal|p1a: Sableye|263\/303
|
|turn|43
|
|move|p1a: Sableye|Recover|p1a: Sableye
|-heal|p1a: Sableye|303\/303
|move|p2a: Camerupt|Stealth Rock|p1a: Sableye
|move|p1a: Sableye|Stealth Rock|p2a: Camerupt|[from]Magic Bounce
|-fail|p2a: Camerupt
|
|turn|44
|
|move|p1a: Sableye|Foul Play|p2a: Camerupt
|-damage|p2a: Camerupt|95\/344
|move|p2a: Camerupt|Fire Blast|p1a: Sableye
|-damage|p1a: Sableye|95\/303
|
|turn|45
|-message|Unique Y forfeited.
|
|win|PokeHD
|raw|Ladder updating...
|leave|Unique Y
|player|p2
|raw|PokeHD's rating: 1396 &rarr; <strong>1418<\/strong><br \/>(+22 for winning)
|raw|Unique Y's rating: 1436 &rarr; <strong>1414<\/strong><br \/>(-22 for losing)