|join|PokeHD
|join|poek69x
|player|p1|PokeHD|101
|player|p2|poek69x|283
|gametype|singles
|gen|6
|tier|OU
|rated
|clearpoke
|poke|p1|Sableye, F
|poke|p1|Excadrill, M
|poke|p1|Manaphy
|poke|p1|Gliscor, M
|poke|p1|Talonflame, M
|poke|p1|Clefable, M
|poke|p2|Mamoswine, M
|poke|p2|Magnezone
|poke|p2|Diancie
|poke|p2|Latios, M
|poke|p2|Terrakion
|poke|p2|Greninja, M
|rule|Swagger Clause: Swagger is banned
|rule|Baton Pass Clause: Limit one PokÃ©mon knowing Baton Pass
|rule|Sleep Clause Mod: Limit one foe put to sleep
|rule|Species Clause: Limit one of each PokÃ©mon
|rule|OHKO Clause: OHKO moves are banned
|rule|Moody Clause: Moody is banned
|rule|Evasion Moves Clause: Evasion moves are banned
|rule|Endless Battle Clause: Forcing endless battles is banned
|rule|HP Percentage Mod: HP is shown in percentages
|teampreview
|
|start
|switch|p1a: Sableye|Sableye, F|303\/303
|switch|p2a: Diancie|Diancie|241\/241
|turn|1
|
|switch|p1a: Manaphy|Manaphy|403\/403
|detailschange|p2a: Diancie|Diancie-Mega
|message|Diancie has Mega Evolved into Mega Diancie!
|move|p2a: Diancie|Moonblast|p1a: Manaphy
|-crit|p1a: Manaphy
|-damage|p1a: Manaphy|187\/403
|-unboost|p1a: Manaphy|spa|1
|
|-heal|p1a: Manaphy|212\/403|[from] item: Leftovers
|turn|2
|
|switch|p2a: Latios|Latios, M|301\/301
|move|p1a: Manaphy|Scald|p2a: Latios
|-resisted|p2a: Latios
|-damage|p2a: Latios|271\/301
|-status|p2a: Latios|brn
|
|-heal|p1a: Manaphy|237\/403|[from] item: Leftovers
|-damage|p2a: Latios|234\/301 brn|[from] brn
|turn|3
|
|switch|p1a: Gliscor|Gliscor, M|353\/353
|move|p2a: Latios|Trick|p1a: Gliscor
|-activate|p2a: Latios|move: Trick|[of] p1a: Gliscor
|-item|p1a: Gliscor|Choice Scarf|[from] move: Trick
|-item|p2a: Latios|Toxic Orb|[from] move: Trick
|
|-damage|p2a: Latios|197\/301 brn|[from] brn
|turn|4
|
|move|p2a: Latios|Draco Meteor|p1a: Gliscor
|-damage|p1a: Gliscor|65\/353
|-unboost|p2a: Latios|spa|2
|move|p1a: Gliscor|U-turn|p2a: Latios
|-supereffective|p2a: Latios
|-damage|p2a: Latios|65\/301 brn
|
|switch|p1a: Talonflame|Talonflame, M|345\/345
|
|-damage|p2a: Latios|28\/301 brn|[from] brn
|turn|5
|
|move|p1a: Talonflame|Brave Bird|p2a: Latios
|-damage|p2a: Latios|0 fnt
|-damage|p1a: Talonflame|336\/345|[from] recoil|[of] p2a: Latios
|faint|p2a: Latios
|
|-heal|p1a: Talonflame|345\/345|[from] item: Leftovers
|
|switch|p2a: Terrakion|Terrakion|323\/323
|turn|6
|
|switch|p1a: Gliscor|Gliscor, M|65\/353
|move|p2a: Terrakion|Stealth Rock|p1a: Gliscor
|-sidestart|p1: PokeHD|move: Stealth Rock
|
|turn|7
|
|switch|p2a: Mamoswine|Mamoswine, M|361\/361
|move|p1a: Gliscor|Earthquake|p2a: Mamoswine
|-damage|p2a: Mamoswine|228\/361
|
|turn|8
|
|move|p2a: Mamoswine|Ice Shard|p1a: Gliscor
|-supereffective|p1a: Gliscor
|-damage|p1a: Gliscor|0 fnt
|-damage|p2a: Mamoswine|192\/361|[from] item: Life Orb
|faint|p1a: Gliscor
|
|
|switch|p1a: Sableye|Sableye, F|303\/303
|-damage|p1a: Sableye|266\/303|[from] Stealth Rock
|turn|9
|
|switch|p2a: Diancie|Diancie-Mega|241\/241
|detailschange|p1a: Sableye|Sableye-Mega, F
|message|Sableye has Mega Evolved into Mega Sableye!
|move|p1a: Sableye|Will-O-Wisp|p2a: Diancie
|move|p2a: Diancie|Will-O-Wisp|p1a: Sableye|[from]Magic Bounce
|-status|p1a: Sableye|brn
|
|-damage|p1a: Sableye|229\/303 brn|[from] brn
|turn|10
|
|switch|p1a: Clefable|Clefable, M|393\/393
|-damage|p1a: Clefable|344\/393|[from] Stealth Rock
|move|p2a: Diancie|Earth Power|p1a: Clefable
|-damage|p1a: Clefable|213\/393
|
|-heal|p1a: Clefable|237\/393|[from] item: Leftovers
|turn|11
|c|âPokeHD|Huge misplay, gg
|
|move|p2a: Diancie|Moonblast|p1a: Clefable
|-damage|p1a: Clefable|32\/393
|-unboost|p1a: Clefable|spa|1
|move|p1a: Clefable|Moonlight|p1a: Clefable
|-heal|p1a: Clefable|228\/393
|
|-heal|p1a: Clefable|252\/393|[from] item: Leftovers
|turn|12
|
|switch|p2a: Magnezone|Magnezone|281\/281
|move|p1a: Clefable|Moonlight|p1a: Clefable
|-heal|p1a: Clefable|393\/393
|
|turn|13
|
|switch|p1a: Excadrill|Excadrill, M|424\/424
|-damage|p1a: Excadrill|411\/424|[from] Stealth Rock
|-ability|p1a: Excadrill|Mold Breaker
|move|p2a: Magnezone|Flash Cannon|p1a: Excadrill
|-resisted|p1a: Excadrill
|-damage|p1a: Excadrill|341\/424
|
|-heal|p1a: Excadrill|367\/424|[from] item: Leftovers
|turn|14
|
|switch|p2a: Mamoswine|Mamoswine, M|192\/361
|move|p1a: Excadrill|Iron Head|p2a: Mamoswine
|-supereffective|p2a: Mamoswine
|-damage|p2a: Mamoswine|0 fnt
|faint|p2a: Mamoswine
|
|-heal|p1a: Excadrill|393\/424|[from] item: Leftovers
|
|switch|p2a: Terrakion|Terrakion|323\/323
|turn|15
|
|switch|p1a: Sableye|Sableye-Mega, F|229\/303 brn
|-damage|p1a: Sableye|192\/303 brn|[from] Stealth Rock
|move|p2a: Terrakion|Close Combat|p1a: Sableye
|-immune|p1a: Sableye|[msg]
|
|-damage|p1a: Sableye|155\/303 brn|[from] brn
|turn|16
|
|switch|p2a: Diancie|Diancie-Mega|241\/241
|switch|p1a: Clefable|Clefable, M|393\/393
|-damage|p1a: Clefable|344\/393|[from] Stealth Rock
|
|-heal|p1a: Clefable|368\/393|[from] item: Leftovers
|turn|17
|
|switch|p2a: Magnezone|Magnezone|281\/281
|move|p1a: Clefable|Moonblast|p2a: Magnezone
|-resisted|p2a: Magnezone
|-damage|p2a: Magnezone|219\/281
|
|-heal|p1a: Clefable|392\/393|[from] item: Leftovers
|turn|18
|
|move|p2a: Magnezone|Hidden Power|p1a: Clefable
|-damage|p1a: Clefable|315\/393
|move|p1a: Clefable|Moonblast|p2a: Magnezone
|-resisted|p2a: Magnezone
|-damage|p2a: Magnezone|160\/281
|
|-heal|p1a: Clefable|339\/393|[from] item: Leftovers
|turn|19
|
|switch|p2a: Terrakion|Terrakion|323\/323
|move|p1a: Clefable|Calm Mind|p1a: Clefable
|-boost|p1a: Clefable|spa|1
|-boost|p1a: Clefable|spd|1
|
|-heal|p1a: Clefable|363\/393|[from] item: Leftovers
|turn|20
|
|move|p2a: Terrakion|Stone Edge|p1a: Clefable
|-damage|p1a: Clefable|216\/393
|move|p1a: Clefable|Moonlight|p1a: Clefable
|-heal|p1a: Clefable|393\/393
|
|turn|21
|
|move|p2a: Terrakion|Taunt|p1a: Clefable
|-start|p1a: Clefable|move: Taunt
|cant|p1a: Clefable|move: Taunt|Calm Mind
|
|turn|22
|
|switch|p2a: Magnezone|Magnezone|160\/281
|move|p1a: Clefable|Moonblast|p2a: Magnezone
|-resisted|p2a: Magnezone
|-damage|p2a: Magnezone|68\/281
|
|turn|23
|
|switch|p1a: Excadrill|Excadrill, M|393\/424
|-damage|p1a: Excadrill|380\/424|[from] Stealth Rock
|-ability|p1a: Excadrill|Mold Breaker
|move|p2a: Magnezone|Flash Cannon|p1a: Excadrill
|-resisted|p1a: Excadrill
|-damage|p1a: Excadrill|315\/424
|
|-heal|p1a: Excadrill|341\/424|[from] item: Leftovers
|turn|24
|
|switch|p2a: Terrakion|Terrakion|323\/323
|move|p1a: Excadrill|Earthquake|p2a: Terrakion
|-supereffective|p2a: Terrakion
|-enditem|p2a: Terrakion|Focus Sash
|-damage|p2a: Terrakion|1\/323
|
|-heal|p1a: Excadrill|367\/424|[from] item: Leftovers
|turn|25
|
|switch|p1a: Sableye|Sableye-Mega, F|155\/303 brn
|-damage|p1a: Sableye|118\/303 brn|[from] Stealth Rock
|move|p2a: Terrakion|Close Combat|p1a: Sableye
|-immune|p1a: Sableye|[msg]
|
|-damage|p1a: Sableye|81\/303 brn|[from] brn
|turn|26
|
|move|p2a: Terrakion|Stone Edge|p1a: Sableye|[miss]
|-miss|p2a: Terrakion|p1a: Sableye
|move|p1a: Sableye|Foul Play|p2a: Terrakion
|-resisted|p2a: Terrakion
|-damage|p2a: Terrakion|0 fnt
|faint|p2a: Terrakion
|
|-damage|p1a: Sableye|44\/303 brn|[from] brn
|
|switch|p2a: Diancie|Diancie-Mega|241\/241
|turn|27
|
|move|p2a: Diancie|Moonblast|p1a: Sableye
|-supereffective|p1a: Sableye
|-damage|p1a: Sableye|0 fnt
|faint|p1a: Sableye
|
|
|switch|p1a: Clefable|Clefable, M|393\/393
|-damage|p1a: Clefable|344\/393|[from] Stealth Rock
|turn|28
|
|move|p2a: Diancie|Moonblast|p1a: Clefable
|-damage|p1a: Clefable|110\/393
|move|p1a: Clefable|Moonblast|p2a: Diancie
|-damage|p2a: Diancie|142\/241
|
|-heal|p1a: Clefable|134\/393|[from] item: Leftovers
|turn|29
|
|switch|p1a: Talonflame|Talonflame, M|345\/345
|-damage|p1a: Talonflame|173\/345|[from] Stealth Rock
|move|p2a: Diancie|Moonblast|p1a: Talonflame
|-resisted|p1a: Talonflame
|-damage|p1a: Talonflame|35\/345
|
|-heal|p1a: Talonflame|56\/345|[from] item: Leftovers
|turn|30
|
|move|p1a: Talonflame|Brave Bird|p2a: Diancie
|-resisted|p2a: Diancie
|-damage|p2a: Diancie|69\/241
|-damage|p1a: Talonflame|32\/345|[from] recoil|[of] p2a: Diancie
|move|p2a: Diancie|Earth Power|p1a: Talonflame
|-immune|p1a: Talonflame|[msg]
|
|-heal|p1a: Talonflame|53\/345|[from] item: Leftovers
|turn|31
|
|switch|p2a: Magnezone|Magnezone|68\/281
|move|p1a: Talonflame|Roost|p1a: Talonflame
|-heal|p1a: Talonflame|226\/345
|
|-heal|p1a: Talonflame|247\/345|[from] item: Leftovers
|turn|32
|c|âpoek69x|you're a god
|
|switch|p1a: Excadrill|Excadrill, M|367\/424
|-damage|p1a: Excadrill|354\/424|[from] Stealth Rock
|-ability|p1a: Excadrill|Mold Breaker
|move|p2a: Magnezone|Hidden Power|p1a: Excadrill
|-supereffective|p1a: Excadrill
|-damage|p1a: Excadrill|222\/424
|
|-heal|p1a: Excadrill|248\/424|[from] item: Leftovers
|turn|33
|
|move|p2a: Magnezone|Hidden Power|p1a: Excadrill
|-supereffective|p1a: Excadrill
|-damage|p1a: Excadrill|124\/424
|move|p1a: Excadrill|Earthquake|p2a: Magnezone
|-supereffective|p2a: Magnezone
|-damage|p2a: Magnezone|0 fnt
|faint|p2a: Magnezone
|
|-heal|p1a: Excadrill|150\/424|[from] item: Leftovers
|
|switch|p2a: Greninja|Greninja, M|285\/285
|turn|34
|
|switch|p1a: Clefable|Clefable, M|134\/393
|-damage|p1a: Clefable|85\/393|[from] Stealth Rock
|move|p2a: Greninja|Ice Beam|p1a: Clefable
|-start|p2a: Greninja|typechange|Ice|[from] Protean
|-damage|p1a: Clefable|0 fnt
|-damage|p2a: Greninja|257\/285|[from] item: Life Orb
|faint|p1a: Clefable
|
|
|switch|p1a: Talonflame|Talonflame, M|247\/345
|-damage|p1a: Talonflame|75\/345|[from] Stealth Rock
|turn|35
|
|move|p1a: Talonflame|Brave Bird|p2a: Greninja
|-crit|p2a: Greninja
|-damage|p2a: Greninja|0 fnt
|-damage|p1a: Talonflame|0 fnt|[from] recoil|[of] p2a: Greninja
|faint|p2a: Greninja
|faint|p1a: Talonflame
|
|c|âpoek69x|omg
|
|switch|p2a: Diancie|Diancie-Mega|69\/241
|switch|p1a: Manaphy|Manaphy|237\/403
|-damage|p1a: Manaphy|187\/403|[from] Stealth Rock
|turn|36
|
|move|p2a: Diancie|Moonblast|p1a: Manaphy
|-damage|p1a: Manaphy|39\/403
|-unboost|p1a: Manaphy|spa|1
|move|p1a: Manaphy|Scald|p2a: Diancie
|-supereffective|p2a: Diancie
|-damage|p2a: Diancie|0 fnt
|faint|p2a: Diancie
|
|win|PokeHD
|raw|Ladder updating...
|raw|PokeHD's rating: 1427 &rarr; <strong>1451<\/strong><br \/>(+24 for winning)
|raw|poek69x's rating: 1502 &rarr; <strong>1478<\/strong><br \/>(-24 for losing)
|leave|poek69x
|player|p2
|c|âPokeHD|gg