|join|Feroli
|join|PokeHD
|player|p1|Feroli|65
|player|p2|PokeHD|2
|gametype|singles
|gen|6
|tier|OU
|rated
|clearpoke
|poke|p1|Swampert, F
|poke|p1|Scizor, F
|poke|p1|Politoed, F
|poke|p1|Klefki, F
|poke|p1|Latias, F
|poke|p1|Manaphy
|poke|p2|Sableye, F
|poke|p2|Excadrill, F
|poke|p2|Manaphy
|poke|p2|Gliscor, M
|poke|p2|Talonflame, M
|poke|p2|Clefable, F
|rule|Swagger Clause: Swagger is banned
|rule|Baton Pass Clause: Limit one PokÃ©mon knowing Baton Pass
|rule|Sleep Clause Mod: Limit one foe put to sleep
|rule|Species Clause: Limit one of each PokÃ©mon
|rule|OHKO Clause: OHKO moves are banned
|rule|Moody Clause: Moody is banned
|rule|Evasion Moves Clause: Evasion moves are banned
|rule|Endless Battle Clause: Forcing endless battles is banned
|rule|HP Percentage Mod: HP is shown in percentages
|teampreview
|
|start
|switch|p1a: Klefki|Klefki, F|318\/318
|switch|p2a: Manaphy|Manaphy|403\/403
|turn|1
|
|move|p1a: Klefki|Thunder Wave|p2a: Manaphy
|-status|p2a: Manaphy|par
|move|p2a: Manaphy|Scald|p1a: Klefki
|-damage|p1a: Klefki|230\/318
|-status|p1a: Klefki|brn
|
|-damage|p1a: Klefki|191\/318 brn|[from] brn
|turn|2
|
|move|p1a: Klefki|Light Screen|p1a: Klefki
|-sidestart|p1: Feroli|move: Light Screen
|move|p2a: Manaphy|Rain Dance|p2a: Manaphy
|-weather|RainDance
|
|-weather|RainDance|[upkeep]
|-curestatus|p2a: Manaphy|par
|-damage|p1a: Klefki|152\/318 brn|[from] brn
|turn|3
|
|move|p1a: Klefki|Reflect|p1a: Klefki
|-sidestart|p1: Feroli|Reflect
|move|p2a: Manaphy|Scald|p1a: Klefki
|-crit|p1a: Klefki
|-damage|p1a: Klefki|0 fnt
|faint|p1a: Klefki
|
|-weather|RainDance|[upkeep]
|
|switch|p1a: Manaphy|Manaphy|361\/361
|turn|4
|
|move|p1a: Manaphy|Tail Glow|p1a: Manaphy
|-boost|p1a: Manaphy|spa|3
|move|p2a: Manaphy|U-turn|p1a: Manaphy
|-damage|p1a: Manaphy|338\/361
|
|switch|p2a: Clefable|Clefable, F|393\/393
|
|-weather|RainDance|[upkeep]
|-heal|p1a: Manaphy|360\/361|[from] item: Leftovers
|turn|5
|
|move|p1a: Manaphy|Surf|p2a: Clefable
|-damage|p2a: Clefable|159\/393
|move|p2a: Clefable|Calm Mind|p2a: Clefable
|-boost|p2a: Clefable|spa|1
|-boost|p2a: Clefable|spd|1
|
|-weather|RainDance|[upkeep]
|-heal|p1a: Manaphy|361\/361|[from] item: Leftovers
|-heal|p2a: Clefable|183\/393|[from] item: Leftovers
|turn|6
|
|move|p1a: Manaphy|Tail Glow|p1a: Manaphy
|-boost|p1a: Manaphy|spa|3
|move|p2a: Clefable|Moonlight|p2a: Clefable
|-heal|p2a: Clefable|281\/393
|
|-weather|none
|-heal|p2a: Clefable|305\/393|[from] item: Leftovers
|turn|7
|
|move|p1a: Manaphy|Surf|p2a: Clefable
|-damage|p2a: Clefable|206\/393
|move|p2a: Clefable|Calm Mind|p2a: Clefable
|-boost|p2a: Clefable|spa|1
|-boost|p2a: Clefable|spd|1
|
|-heal|p2a: Clefable|230\/393|[from] item: Leftovers
|turn|8
|
|switch|p1a: Politoed|Politoed, F|384\/384
|-weather|RainDance
|move|p2a: Clefable|Moonblast|p1a: Politoed
|-damage|p1a: Politoed|309\/384
|
|-weather|RainDance|[upkeep]
|-heal|p2a: Clefable|254\/393|[from] item: Leftovers
|turn|9
|
|move|p1a: Politoed|Encore|p2a: Clefable
|-start|p2a: Clefable|Encore
|move|p2a: Clefable|Moonblast|p1a: Politoed
|-damage|p1a: Politoed|233\/384
|
|-weather|RainDance|[upkeep]
|-heal|p2a: Clefable|278\/393|[from] item: Leftovers
|-sideend|p1: Feroli|move: Light Screen
|turn|10
|
|switch|p1a: Scizor|Scizor, F|344\/344
|move|p2a: Clefable|Moonblast|p1a: Scizor
|-resisted|p1a: Scizor
|-damage|p1a: Scizor|215\/344
|
|-weather|RainDance|[upkeep]
|-heal|p2a: Clefable|302\/393|[from] item: Leftovers
|-sideend|p1: Feroli|Reflect
|turn|11
|
|switch|p2a: Sableye|Sableye, F|303\/303
|move|p1a: Scizor|Bullet Punch|p2a: Sableye
|-damage|p2a: Sableye|66\/303
|
|-weather|RainDance|[upkeep]
|turn|12
|
|switch|p2a: Gliscor|Gliscor, M|353\/353
|move|p1a: Scizor|Bullet Punch|p2a: Gliscor
|-damage|p2a: Gliscor|247\/353
|
|-weather|RainDance|[upkeep]
|-status|p2a: Gliscor|tox|[from] item: Toxic Orb
|turn|13
|
|switch|p1a: Manaphy|Manaphy|361\/361
|move|p2a: Gliscor|Earthquake|p1a: Manaphy
|-damage|p1a: Manaphy|253\/361
|
|-weather|RainDance|[upkeep]
|-heal|p1a: Manaphy|275\/361|[from] item: Leftovers
|-heal|p2a: Gliscor|291\/353 tox|[from] ability: Poison Heal
|turn|14
|
|move|p1a: Manaphy|Tail Glow|p1a: Manaphy
|-boost|p1a: Manaphy|spa|3
|move|p2a: Gliscor|Taunt|p1a: Manaphy
|-start|p1a: Manaphy|move: Taunt
|
|-weather|RainDance|[upkeep]
|-heal|p1a: Manaphy|297\/361|[from] item: Leftovers
|-heal|p2a: Gliscor|335\/353 tox|[from] ability: Poison Heal
|turn|15
|
|switch|p2a: Sableye|Sableye, F|66\/303
|move|p1a: Manaphy|Surf|p2a: Sableye
|-damage|p2a: Sableye|0 fnt
|faint|p2a: Sableye
|
|-weather|none
|-heal|p1a: Manaphy|319\/361|[from] item: Leftovers
|
|switch|p2a: Clefable|Clefable, F|302\/393
|turn|16
|
|move|p1a: Manaphy|Surf|p2a: Clefable
|-damage|p2a: Clefable|166\/393
|move|p2a: Clefable|Moonblast|p1a: Manaphy
|-damage|p1a: Manaphy|214\/361
|
|-heal|p1a: Manaphy|236\/361|[from] item: Leftovers
|-heal|p2a: Clefable|190\/393|[from] item: Leftovers
|turn|17
|
|switch|p1a: Scizor|Scizor, F|215\/344
|move|p2a: Clefable|Moonlight|p2a: Clefable
|-heal|p2a: Clefable|386\/393
|
|-heal|p2a: Clefable|393\/393|[from] item: Leftovers
|turn|18
|
|switch|p2a: Gliscor|Gliscor, M|335\/353 tox
|move|p1a: Scizor|Bullet Punch|p2a: Gliscor
|-damage|p2a: Gliscor|229\/353 tox
|
|-heal|p2a: Gliscor|273\/353 tox|[from] ability: Poison Heal
|turn|19
|
|switch|p1a: Politoed|Politoed, F|233\/384
|-weather|RainDance
|move|p2a: Gliscor|Taunt|p1a: Politoed
|-start|p1a: Politoed|move: Taunt
|
|-weather|RainDance|[upkeep]
|-heal|p2a: Gliscor|317\/353 tox|[from] ability: Poison Heal
|turn|20
|
|switch|p2a: Manaphy|Manaphy|403\/403
|switch|p1a: Swampert|Swampert, F|341\/341
|
|-weather|RainDance|[upkeep]
|turn|21
|
|switch|p1a: Latias|Latias, F|327\/327
|move|p2a: Manaphy|Scald|p1a: Latias
|-resisted|p1a: Latias
|-damage|p1a: Latias|268\/327
|
|-weather|RainDance|[upkeep]
|-heal|p1a: Latias|288\/327|[from] item: Leftovers
|turn|22
|
|move|p1a: Latias|Draco Meteor|p2a: Manaphy
|-damage|p2a: Manaphy|258\/403
|-unboost|p1a: Latias|spa|2
|move|p2a: Manaphy|U-turn|p1a: Latias
|-supereffective|p1a: Latias
|-damage|p1a: Latias|174\/327
|
|switch|p2a: Talonflame|Talonflame, M|345\/345
|
|-weather|RainDance|[upkeep]
|-heal|p1a: Latias|194\/327|[from] item: Leftovers
|turn|23
|
|move|p2a: Talonflame|Brave Bird|p1a: Latias
|-damage|p1a: Latias|14\/327
|-damage|p2a: Talonflame|286\/345|[from] recoil|[of] p1a: Latias
|move|p1a: Latias|Surf|p2a: Talonflame
|-supereffective|p2a: Talonflame
|-damage|p2a: Talonflame|90\/345
|
|-weather|RainDance|[upkeep]
|-heal|p1a: Latias|34\/327|[from] item: Leftovers
|-heal|p2a: Talonflame|111\/345|[from] item: Leftovers
|turn|24
|
|move|p2a: Talonflame|Roost|p2a: Talonflame
|-heal|p2a: Talonflame|284\/345
|move|p1a: Latias|Surf|p2a: Talonflame
|-supereffective|p2a: Talonflame
|-damage|p2a: Talonflame|98\/345
|
|-weather|RainDance|[upkeep]
|-heal|p1a: Latias|54\/327|[from] item: Leftovers
|-heal|p2a: Talonflame|119\/345|[from] item: Leftovers
|turn|25
|
|move|p2a: Talonflame|Roost|p2a: Talonflame
|-heal|p2a: Talonflame|292\/345
|move|p1a: Latias|Surf|p2a: Talonflame
|-supereffective|p2a: Talonflame
|-damage|p2a: Talonflame|112\/345
|
|-weather|RainDance|[upkeep]
|-heal|p1a: Latias|74\/327|[from] item: Leftovers
|-heal|p2a: Talonflame|133\/345|[from] item: Leftovers
|turn|26
|
|move|p2a: Talonflame|Roost|p2a: Talonflame
|-heal|p2a: Talonflame|306\/345
|move|p1a: Latias|Surf|p2a: Talonflame
|-supereffective|p2a: Talonflame
|-damage|p2a: Talonflame|118\/345
|
|-weather|none
|-heal|p1a: Latias|94\/327|[from] item: Leftovers
|-heal|p2a: Talonflame|139\/345|[from] item: Leftovers
|turn|27
|
|move|p2a: Talonflame|Brave Bird|p1a: Latias
|-damage|p1a: Latias|0 fnt
|-damage|p2a: Talonflame|108\/345|[from] recoil|[of] p1a: Latias
|faint|p1a: Latias
|
|-heal|p2a: Talonflame|129\/345|[from] item: Leftovers
|
|switch|p1a: Swampert|Swampert, F|341\/341
|turn|28
|
|detailschange|p1a: Swampert|Swampert-Mega, F
|message|Swampert has Mega Evolved into Mega Swampert!
|move|p2a: Talonflame|Will-O-Wisp|p1a: Swampert
|-status|p1a: Swampert|brn
|move|p1a: Swampert|Waterfall|p2a: Talonflame
|-supereffective|p2a: Talonflame
|-damage|p2a: Talonflame|0 fnt
|faint|p2a: Talonflame
|
|-damage|p1a: Swampert|299\/341 brn|[from] brn
|
|switch|p2a: Clefable|Clefable, F|393\/393
|turn|29
|
|move|p1a: Swampert|Earthquake|p2a: Clefable
|-damage|p2a: Clefable|290\/393
|move|p2a: Clefable|Moonblast|p1a: Swampert
|-crit|p1a: Swampert
|-damage|p1a: Swampert|140\/341 brn
|
|-heal|p2a: Clefable|314\/393|[from] item: Leftovers
|-damage|p1a: Swampert|98\/341 brn|[from] brn
|turn|30
|
|switch|p1a: Politoed|Politoed, F|233\/384
|-weather|RainDance
|move|p2a: Clefable|Calm Mind|p2a: Clefable
|-boost|p2a: Clefable|spa|1
|-boost|p2a: Clefable|spd|1
|
|-weather|RainDance|[upkeep]
|-heal|p2a: Clefable|338\/393|[from] item: Leftovers
|turn|31
|
|switch|p2a: Manaphy|Manaphy|258\/403
|move|p1a: Politoed|Toxic|p2a: Manaphy
|-status|p2a: Manaphy|tox
|
|-weather|RainDance|[upkeep]
|-curestatus|p2a: Manaphy|tox
|-heal|p2a: Manaphy|283\/403|[from] item: Leftovers
|turn|32
|
|move|p1a: Politoed|Protect|p1a: Politoed
|-singleturn|p1a: Politoed|Protect
|move|p2a: Manaphy|Rest|p2a: Manaphy
|-status|p2a: Manaphy|slp
|-heal|p2a: Manaphy|403\/403 slp|[silent]
|-status|p2a: Manaphy|slp|[from] move: Rest
|
|-weather|RainDance|[upkeep]
|-curestatus|p2a: Manaphy|slp
|turn|33
|
|switch|p1a: Swampert|Swampert-Mega, F|98\/341 brn
|move|p2a: Manaphy|U-turn|p1a: Swampert
|-damage|p1a: Swampert|54\/341 brn
|
|switch|p2a: Clefable|Clefable, F|338\/393
|
|-weather|RainDance|[upkeep]
|-heal|p2a: Clefable|362\/393|[from] item: Leftovers
|-damage|p1a: Swampert|12\/341 brn|[from] brn
|turn|34
|
|switch|p1a: Scizor|Scizor, F|215\/344
|move|p2a: Clefable|Calm Mind|p2a: Clefable
|-boost|p2a: Clefable|spa|1
|-boost|p2a: Clefable|spd|1
|
|-weather|RainDance|[upkeep]
|-heal|p2a: Clefable|386\/393|[from] item: Leftovers
|turn|35
|
|switch|p2a: Gliscor|Gliscor, M|317\/353 tox
|move|p1a: Scizor|Knock Off|p2a: Gliscor
|-damage|p2a: Gliscor|192\/353 tox
|-enditem|p2a: Gliscor|Toxic Orb|[from] move: Knock Off|[of] p1a: Scizor
|
|-weather|RainDance|[upkeep]
|-heal|p2a: Gliscor|236\/353 tox|[from] ability: Poison Heal
|turn|36
|
|switch|p1a: Swampert|Swampert-Mega, F|12\/341 brn
|move|p2a: Gliscor|Earthquake|p1a: Swampert
|-damage|p1a: Swampert|0 fnt
|faint|p1a: Swampert
|
|-weather|RainDance|[upkeep]
|-heal|p2a: Gliscor|280\/353 tox|[from] ability: Poison Heal
|
|switch|p1a: Manaphy|Manaphy|236\/361
|turn|37
|
|switch|p1a: Scizor|Scizor, F|215\/344
|switch|p2a: Clefable|Clefable, F|386\/393
|
|-weather|none
|-heal|p2a: Clefable|393\/393|[from] item: Leftovers
|turn|38
|
|switch|p2a: Gliscor|Gliscor, M|280\/353 tox
|move|p1a: Scizor|U-turn|p2a: Gliscor
|-resisted|p2a: Gliscor
|-damage|p2a: Gliscor|217\/353 tox
|
|switch|p1a: Politoed|Politoed, F|233\/384
|-weather|RainDance
|
|-weather|RainDance|[upkeep]
|-heal|p2a: Gliscor|261\/353 tox|[from] ability: Poison Heal
|turn|39
|
|move|p2a: Gliscor|U-turn|p1a: Politoed
|-damage|p1a: Politoed|164\/384
|
|switch|p2a: Manaphy|Manaphy|403\/403
|move|p1a: Politoed|Toxic|p2a: Manaphy
|-status|p2a: Manaphy|tox
|
|-weather|RainDance|[upkeep]
|-curestatus|p2a: Manaphy|tox
|turn|40
|
|switch|p1a: Scizor|Scizor, F|215\/344
|move|p2a: Manaphy|U-turn|p1a: Scizor
|-resisted|p1a: Scizor
|-damage|p1a: Scizor|189\/344
|
|switch|p2a: Excadrill|Excadrill, F|424\/424
|-ability|p2a: Excadrill|Mold Breaker
|
|-weather|RainDance|[upkeep]
|turn|41
|
|move|p2a: Excadrill|Earthquake|p1a: Scizor
|-damage|p1a: Scizor|33\/344
|move|p1a: Scizor|Superpower|p2a: Excadrill
|-supereffective|p2a: Excadrill
|-damage|p2a: Excadrill|0 fnt
|-unboost|p1a: Scizor|atk|1
|-unboost|p1a: Scizor|def|1
|faint|p2a: Excadrill
|
|-weather|RainDance|[upkeep]
|
|switch|p2a: Gliscor|Gliscor, M|261\/353 tox
|turn|42
|
|switch|p1a: Manaphy|Manaphy|236\/361
|move|p2a: Gliscor|Stealth Rock|p1a: Manaphy
|-sidestart|p1: Feroli|move: Stealth Rock
|
|-weather|RainDance|[upkeep]
|-heal|p1a: Manaphy|258\/361|[from] item: Leftovers
|-heal|p2a: Gliscor|305\/353 tox|[from] ability: Poison Heal
|turn|43
|
|switch|p2a: Manaphy|Manaphy|403\/403
|move|p1a: Manaphy|Tail Glow|p1a: Manaphy
|-boost|p1a: Manaphy|spa|3
|
|-weather|RainDance|[upkeep]
|-heal|p1a: Manaphy|280\/361|[from] item: Leftovers
|turn|44
|
|move|p1a: Manaphy|Energy Ball|p2a: Manaphy
|-supereffective|p2a: Manaphy
|-damage|p2a: Manaphy|67\/403
|move|p2a: Manaphy|U-turn|p1a: Manaphy
|-damage|p1a: Manaphy|234\/361
|
|switch|p2a: Clefable|Clefable, F|393\/393
|
|-weather|RainDance|[upkeep]
|-heal|p1a: Manaphy|256\/361|[from] item: Leftovers
|turn|45
|
|switch|p1a: Scizor|Scizor, F|33\/344
|-damage|p1a: Scizor|0 fnt|[from] Stealth Rock
|faint|p1a: Scizor
|move|p2a: Clefable|Calm Mind|p2a: Clefable
|-boost|p2a: Clefable|spa|1
|-boost|p2a: Clefable|spd|1
|
|-weather|none
|
|switch|p1a: Politoed|Politoed, F|164\/384
|-damage|p1a: Politoed|116\/384|[from] Stealth Rock
|-weather|RainDance
|turn|46
|
|move|p1a: Politoed|Toxic|p2a: Clefable|[miss]
|-miss|p1a: Politoed|p2a: Clefable
|move|p2a: Clefable|Moonblast|p1a: Politoed
|-damage|p1a: Politoed|0 fnt
|faint|p1a: Politoed
|
|-weather|RainDance|[upkeep]
|c|âFeroli|gg
|-message|Feroli forfeited.
|
|win|PokeHD
|raw|Ladder updating...
|leave|Feroli
|player|p1
|raw|Feroli's rating: 1371 &rarr; <strong>1350<\/strong><br \/>(-21 for losing)
|raw|PokeHD's rating: 1358 &rarr; <strong>1379<\/strong><br \/>(+21 for winning)