|join|PokeHD
|join|nintendistagamer
|player|p1|PokeHD|2
|player|p2|nintendistagamer|1
|gametype|singles
|gen|6
|tier|OU
|rated
|clearpoke
|poke|p1|Gallade, M
|poke|p1|Scizor, M
|poke|p1|Landorus-Therian, M
|poke|p1|Zapdos
|poke|p1|Rotom-Wash
|poke|p1|Sylveon, F
|poke|p2|Venusaur, F
|poke|p2|Landorus-Therian, M
|poke|p2|Thundurus, M
|poke|p2|Gothitelle, M
|poke|p2|Terrakion
|poke|p2|Bisharp, M
|rule|Swagger Clause: Swagger is banned
|rule|Baton Pass Clause: Limit one PokÃ©mon knowing Baton Pass
|rule|Sleep Clause Mod: Limit one foe put to sleep
|rule|Species Clause: Limit one of each PokÃ©mon
|rule|OHKO Clause: OHKO moves are banned
|rule|Moody Clause: Moody is banned
|rule|Evasion Moves Clause: Evasion moves are banned
|rule|Endless Battle Clause: Forcing endless battles is banned
|rule|HP Percentage Mod: HP is shown in percentages
|teampreview
|
|start
|switch|p1a: Landorus-Therian|Landorus-Therian, M|319\/319
|switch|p2a: Gothitelle|Gothitelle, M|281\/281
|-ability|p1a: Landorus-Therian|Intimidate|[of] p2a: Gothitelle
|-unboost|p2a: Gothitelle|atk|1
|turn|1
|
|switch|p2a: Landorus-Therian|Landorus-Therian, M|320\/320
|-ability|p2a: Landorus-Therian|Intimidate|[of] p1a: Landorus-Therian
|-unboost|p1a: Landorus-Therian|atk|1
|move|p1a: Landorus-Therian|U-turn|p2a: Landorus-Therian
|-resisted|p2a: Landorus-Therian
|-damage|p2a: Landorus-Therian|287\/320
|
|switch|p1a: Scizor|Scizor, M|344\/344
|
|turn|2
|
|move|p2a: Landorus-Therian|Earthquake|p1a: Scizor
|-damage|p1a: Scizor|152\/344
|move|p1a: Scizor|Knock Off|p2a: Landorus-Therian
|-damage|p2a: Landorus-Therian|77\/320
|-enditem|p2a: Landorus-Therian|Choice Scarf|[from] move: Knock Off|[of] p1a: Scizor
|
|turn|3
|
|switch|p2a: Thundurus|Thundurus, M|299\/299
|switch|p1a: Landorus-Therian|Landorus-Therian, M|319\/319
|-ability|p1a: Landorus-Therian|Intimidate|[of] p2a: Thundurus
|-unboost|p2a: Thundurus|atk|1
|
|turn|4
|
|switch|p2a: Terrakion|Terrakion|323\/323
|move|p1a: Landorus-Therian|U-turn|p2a: Terrakion
|-resisted|p2a: Terrakion
|-damage|p2a: Terrakion|271\/323
|
|switch|p1a: Scizor|Scizor, M|152\/344
|
|turn|5
|
|move|p1a: Scizor|Bullet Punch|p2a: Terrakion
|-supereffective|p2a: Terrakion
|-damage|p2a: Terrakion|0 fnt
|faint|p2a: Terrakion
|
|
|switch|p2a: Thundurus|Thundurus, M|299\/299
|turn|6
|
|switch|p1a: Sylveon|Sylveon, F|394\/394
|move|p2a: Thundurus|Hidden Power|p1a: Sylveon
|-damage|p1a: Sylveon|330\/394
|
|-heal|p1a: Sylveon|354\/394|[from] item: Leftovers
|turn|7
|
|switch|p1a: Gallade|Gallade, M|278\/278
|move|p2a: Thundurus|Thunderbolt|p1a: Gallade
|-damage|p1a: Gallade|131\/278
|
|turn|8
|
|switch|p1a: Sylveon|Sylveon, F|354\/394
|move|p2a: Thundurus|Hidden Power|p1a: Sylveon
|-damage|p1a: Sylveon|294\/394
|
|-heal|p1a: Sylveon|318\/394|[from] item: Leftovers
|turn|9
|
|move|p2a: Thundurus|Nasty Plot|p2a: Thundurus
|-boost|p2a: Thundurus|spa|2
|move|p1a: Sylveon|Wish|p1a: Sylveon
|
|-heal|p1a: Sylveon|342\/394|[from] item: Leftovers
|turn|10
|
|move|p2a: Thundurus|Hidden Power|p1a: Sylveon
|-damage|p1a: Sylveon|225\/394
|move|p1a: Sylveon|Hyper Voice|p2a: Thundurus
|-damage|p2a: Thundurus|127\/299
|
|-heal|p1a: Sylveon|394\/394|[from] move: Wish|[wisher] Sylveon
|-heal|p2a: Thundurus|145\/299|[from] item: Leftovers
|turn|11
|
|move|p2a: Thundurus|Thunderbolt|p1a: Sylveon
|-damage|p1a: Sylveon|196\/394
|move|p1a: Sylveon|Hyper Voice|p2a: Thundurus
|-damage|p2a: Thundurus|0 fnt
|faint|p2a: Thundurus
|
|-heal|p1a: Sylveon|220\/394|[from] item: Leftovers
|
|switch|p2a: Bisharp|Bisharp, M|272\/272
|turn|12
|
|switch|p1a: Rotom-Wash|Rotom-Wash|304\/304
|move|p2a: Bisharp|Iron Head|p1a: Rotom-Wash
|-resisted|p1a: Rotom-Wash
|-damage|p1a: Rotom-Wash|272\/304
|-damage|p2a: Bisharp|245\/272|[from] item: Life Orb
|
|-heal|p1a: Rotom-Wash|291\/304|[from] item: Leftovers
|turn|13
|
|move|p2a: Bisharp|Swords Dance|p2a: Bisharp
|-boost|p2a: Bisharp|atk|2
|move|p1a: Rotom-Wash|Will-O-Wisp|p2a: Bisharp
|-status|p2a: Bisharp|brn
|
|-heal|p1a: Rotom-Wash|304\/304|[from] item: Leftovers
|-damage|p2a: Bisharp|211\/272 brn|[from] brn
|turn|14
|
|move|p2a: Bisharp|Knock Off|p1a: Rotom-Wash
|-damage|p1a: Rotom-Wash|140\/304
|-enditem|p1a: Rotom-Wash|Leftovers|[from] move: Knock Off|[of] p2a: Bisharp
|-damage|p2a: Bisharp|184\/272 brn|[from] item: Life Orb
|move|p1a: Rotom-Wash|Hydro Pump|p2a: Bisharp
|-damage|p2a: Bisharp|0 fnt
|faint|p2a: Bisharp
|
|
|switch|p2a: Gothitelle|Gothitelle, M|281\/281
|turn|15
|
|move|p2a: Gothitelle|Psyshock|p1a: Rotom-Wash
|-damage|p1a: Rotom-Wash|8\/304
|move|p1a: Rotom-Wash|Pain Split|p2a: Gothitelle
|-sethp|p2a: Gothitelle|144\/281|p1a: Rotom-Wash|144\/304|[from] move: Pain Split
|
|turn|16
|
|move|p2a: Gothitelle|Psyshock|p1a: Rotom-Wash
|-damage|p1a: Rotom-Wash|17\/304
|move|p1a: Rotom-Wash|Volt Switch|p2a: Gothitelle
|-damage|p2a: Gothitelle|68\/281
|
|switch|p1a: Landorus-Therian|Landorus-Therian, M|319\/319
|-ability|p1a: Landorus-Therian|Intimidate|[of] p2a: Gothitelle
|-unboost|p2a: Gothitelle|atk|1
|
|turn|17
|
|move|p1a: Landorus-Therian|U-turn|p2a: Gothitelle
|-supereffective|p2a: Gothitelle
|-damage|p2a: Gothitelle|0 fnt
|faint|p2a: Gothitelle
|
|switch|p1a: Scizor|Scizor, M|152\/344
|
|
|switch|p2a: Landorus-Therian|Landorus-Therian, M|77\/320
|-ability|p2a: Landorus-Therian|Intimidate|[of] p1a: Scizor
|-unboost|p1a: Scizor|atk|1
|turn|18
|
|move|p1a: Scizor|Bullet Punch|p2a: Landorus-Therian
|-damage|p2a: Landorus-Therian|0 fnt
|faint|p2a: Landorus-Therian
|
|
|switch|p2a: Venusaur|Venusaur, F|364\/364
|turn|19
|
|switch|p1a: Rotom-Wash|Rotom-Wash|17\/304
|detailschange|p2a: Venusaur|Venusaur-Mega, F
|message|Venusaur has Mega Evolved into Mega Venusaur!
|move|p2a: Venusaur|Sludge Bomb|p1a: Rotom-Wash
|-damage|p1a: Rotom-Wash|0 fnt
|faint|p1a: Rotom-Wash
|
|
|switch|p1a: Gallade|Gallade, M|131\/278
|turn|20
|
|detailschange|p1a: Gallade|Gallade-Mega, M
|message|Gallade has Mega Evolved into Mega Gallade!
|move|p1a: Gallade|Psycho Cut|p2a: Venusaur
|-supereffective|p2a: Venusaur
|-damage|p2a: Venusaur|118\/364
|move|p2a: Venusaur|Sludge Bomb|p1a: Gallade
|-damage|p1a: Gallade|0 fnt
|faint|p1a: Gallade
|
|
|switch|p1a: Scizor|Scizor, M|152\/344
|turn|21
|
|move|p1a: Scizor|Bullet Punch|p2a: Venusaur
|-damage|p2a: Venusaur|0 fnt
|faint|p2a: Venusaur
|
|win|PokeHD
|raw|Ladder updating...