|join|CleanerThanRotom-W
|join|PokeHD
|player|p1|CleanerThanRotom-W|226
|player|p2|PokeHD|101
|gametype|singles
|gen|6
|tier|OU
|rated
|clearpoke
|poke|p1|Sableye, F
|poke|p1|Chansey, F
|poke|p1|Cresselia, F
|poke|p1|Gothitelle, M
|poke|p1|Skarmory, F
|poke|p1|Quagsire, F
|poke|p2|Sableye, M
|poke|p2|Excadrill, M
|poke|p2|Manaphy
|poke|p2|Gliscor, M
|poke|p2|Talonflame, F
|poke|p2|Clefable, M
|rule|Swagger Clause: Swagger is banned
|rule|Baton Pass Clause: Limit one PokÃ©mon knowing Baton Pass
|rule|Sleep Clause Mod: Limit one foe put to sleep
|rule|Species Clause: Limit one of each PokÃ©mon
|rule|OHKO Clause: OHKO moves are banned
|rule|Moody Clause: Moody is banned
|rule|Evasion Moves Clause: Evasion moves are banned
|rule|Endless Battle Clause: Forcing endless battles is banned
|rule|HP Percentage Mod: HP is shown in percentages
|teampreview
|
|start
|switch|p1a: Sableye|Sableye, F|303\/303
|switch|p2a: Clefable|Clefable, M|393\/393
|turn|1
CleanerThanRotom-W made this room private.
|
|switch|p1a: Gothitelle|Gothitelle, M|301\/301
|move|p2a: Clefable|Moonblast|p1a: Gothitelle
|-damage|p1a: Gothitelle|198\/301
|-unboost|p1a: Gothitelle|spa|1
|
|turn|2
|
|move|p1a: Gothitelle|Trick|p2a: Clefable
|-activate|p1a: Gothitelle|move: Trick|[of] p2a: Clefable
|-item|p2a: Clefable|Choice Scarf|[from] move: Trick
|-item|p1a: Gothitelle|Leftovers|[from] move: Trick
|move|p2a: Clefable|Moonblast|p1a: Gothitelle
|-crit|p1a: Gothitelle
|-damage|p1a: Gothitelle|47\/301
|-unboost|p1a: Gothitelle|spa|1
|
|-heal|p1a: Gothitelle|65\/301|[from] item: Leftovers
|turn|3
|
|switch|p1a: Chansey|Chansey, F|703\/703
|move|p2a: Clefable|Moonblast|p1a: Chansey
|-damage|p1a: Chansey|630\/703
|
|turn|4
|
|switch|p2a: Gliscor|Gliscor, M|353\/353
|switch|p1a: Sableye|Sableye, F|303\/303
|
|-status|p2a: Gliscor|tox|[from] item: Toxic Orb
|turn|5
|
|detailschange|p1a: Sableye|Sableye-Mega, F
|message|Sableye has Mega Evolved into Mega Sableye!
|move|p1a: Sableye|Calm Mind|p1a: Sableye
|-boost|p1a: Sableye|spa|1
|-boost|p1a: Sableye|spd|1
|move|p2a: Gliscor|U-turn|p1a: Sableye
|-damage|p1a: Sableye|262\/303
|
|switch|p2a: Clefable|Clefable, M|393\/393
|
|turn|6
|
|switch|p1a: Chansey|Chansey, F|630\/703
|move|p2a: Clefable|Moonblast|p1a: Chansey
|-damage|p1a: Chansey|558\/703
|-unboost|p1a: Chansey|spa|1
|
|turn|7
|
|switch|p2a: Gliscor|Gliscor, M|353\/353 tox
|move|p1a: Chansey|Stealth Rock|p2a: Gliscor
|-sidestart|p2: PokeHD|move: Stealth Rock
|
|turn|8
|
|switch|p1a: Skarmory|Skarmory, F|334\/334
|move|p2a: Gliscor|Taunt|p1a: Skarmory
|-start|p1a: Skarmory|move: Taunt
|
|turn|9
|
|move|p2a: Gliscor|Stealth Rock|p1a: Skarmory
|-sidestart|p1: CleanerThanRotom-W|move: Stealth Rock
|move|p1a: Skarmory|Counter|p2a: Gliscor
|-fail|p2a: Gliscor
|
|turn|10
|
|switch|p2a: Excadrill|Excadrill, M|424\/424
|-damage|p2a: Excadrill|411\/424|[from] Stealth Rock
|-ability|p2a: Excadrill|Mold Breaker
|move|p1a: Skarmory|Counter|p2a: Excadrill
|-fail|p2a: Excadrill
|
|-heal|p2a: Excadrill|424\/424|[from] item: Leftovers
|turn|11
|
|move|p2a: Excadrill|Iron Head|p1a: Skarmory
|-resisted|p1a: Skarmory
|-damage|p1a: Skarmory|297\/334
|-damage|p2a: Excadrill|354\/424|[from] item: Rocky Helmet|[of] p1a: Skarmory
|move|p1a: Skarmory|Counter|p2a: Excadrill
|-damage|p2a: Excadrill|280\/424
|
|-heal|p2a: Excadrill|306\/424|[from] item: Leftovers
|-end|p1a: Skarmory|move: Taunt
|turn|12
|
|move|p2a: Excadrill|Rapid Spin|p1a: Skarmory
|-resisted|p1a: Skarmory
|-damage|p1a: Skarmory|291\/334
|-damage|p2a: Excadrill|236\/424|[from] item: Rocky Helmet|[of] p1a: Skarmory
|-sideend|p2: PokeHD|Stealth Rock|[from] move: Rapid Spin|[of] p2a: Excadrill
|move|p1a: Skarmory|Spikes|p2a: Excadrill
|-sidestart|p2: PokeHD|Spikes
|
|-heal|p2a: Excadrill|262\/424|[from] item: Leftovers
|turn|13
|
|switch|p2a: Talonflame|Talonflame, F|345\/345
|move|p1a: Skarmory|Spikes|p2a: Talonflame
|-sidestart|p2: PokeHD|Spikes
|
|turn|14
|
|switch|p1a: Quagsire|Quagsire, F|393\/393
|-damage|p1a: Quagsire|369\/393|[from] Stealth Rock
|move|p2a: Talonflame|Taunt|p1a: Quagsire
|-start|p1a: Quagsire|move: Taunt
|
|-heal|p1a: Quagsire|393\/393|[from] item: Leftovers
|turn|15
|
|switch|p2a: Manaphy|Manaphy|403\/403
|-damage|p2a: Manaphy|336\/403|[from] Spikes
|move|p1a: Quagsire|Scald|p2a: Manaphy
|-resisted|p2a: Manaphy
|-damage|p2a: Manaphy|309\/403
|
|-heal|p2a: Manaphy|334\/403|[from] item: Leftovers
|turn|16
|
|switch|p1a: Cresselia|Cresselia, F|444\/444
|-damage|p1a: Cresselia|389\/444|[from] Stealth Rock
|move|p2a: Manaphy|Rain Dance|p2a: Manaphy
|-weather|RainDance
|
|-weather|RainDance|[upkeep]
|-heal|p2a: Manaphy|359\/403|[from] item: Leftovers
|-heal|p1a: Cresselia|416\/444|[from] item: Leftovers
|turn|17
|
|move|p2a: Manaphy|U-turn|p1a: Cresselia
|-supereffective|p1a: Cresselia
|-damage|p1a: Cresselia|332\/444
|
|switch|p2a: Sableye|Sableye, M|303\/303
|-damage|p2a: Sableye|253\/303|[from] Spikes
|move|p1a: Cresselia|Skill Swap|p2a: Sableye
|-activate|p1a: Cresselia|move: Skill Swap|Prankster|Levitate|[of] p2a: Sableye
|
|-weather|RainDance|[upkeep]
|-heal|p1a: Cresselia|359\/444|[from] item: Leftovers
|turn|18
|
|switch|p1a: Sableye|Sableye-Mega, F|262\/303
|-damage|p1a: Sableye|225\/303|[from] Stealth Rock
|detailschange|p2a: Sableye|Sableye-Mega, M
|message|Sableye has Mega Evolved into Mega Sableye!
|move|p2a: Sableye|Knock Off|p1a: Sableye
|-damage|p1a: Sableye|164\/303
|
|-weather|RainDance|[upkeep]
|turn|19
|
|switch|p2a: Excadrill|Excadrill, M|262\/424
|-damage|p2a: Excadrill|192\/424|[from] Spikes
|-ability|p2a: Excadrill|Mold Breaker
|move|p1a: Sableye|Recover|p1a: Sableye
|-heal|p1a: Sableye|303\/303
|
|-weather|RainDance|[upkeep]
|-heal|p2a: Excadrill|218\/424|[from] item: Leftovers
|turn|20
|
|switch|p2a: Sableye|Sableye-Mega, M|253\/303
|-damage|p2a: Sableye|203\/303|[from] Spikes
|move|p1a: Sableye|Will-O-Wisp|p2a: Sableye
|move|p2a: Sableye|Will-O-Wisp|p1a: Sableye|[from]Magic Bounce
|-status|p1a: Sableye|brn
|
|-weather|none
|-damage|p1a: Sableye|266\/303 brn|[from] brn
|turn|21
|
|switch|p2a: Clefable|Clefable, M|393\/393
|-damage|p2a: Clefable|328\/393|[from] Spikes
|move|p1a: Sableye|Calm Mind|p1a: Sableye
|-boost|p1a: Sableye|spa|1
|-boost|p1a: Sableye|spd|1
|
|-damage|p1a: Sableye|229\/303 brn|[from] brn
|turn|22
|
|switch|p1a: Chansey|Chansey, F|558\/703
|-damage|p1a: Chansey|471\/703|[from] Stealth Rock
|move|p2a: Clefable|Moonblast|p1a: Chansey
|-damage|p1a: Chansey|405\/703
|
|turn|23
|
|move|p2a: Clefable|Moonblast|p1a: Chansey
|-damage|p1a: Chansey|336\/703
|move|p1a: Chansey|Aromatherapy|p1a: Chansey
|-cureteam|p1a: Chansey|[from] move: Aromatherapy
|
|turn|24
|
|switch|p2a: Talonflame|Talonflame, F|345\/345
|move|p1a: Chansey|Soft-Boiled|p1a: Chansey
|-heal|p1a: Chansey|688\/703
|
|turn|25
|
|move|p2a: Talonflame|Will-O-Wisp|p1a: Chansey
|-status|p1a: Chansey|brn
|move|p1a: Chansey|Seismic Toss|p2a: Talonflame
|-damage|p2a: Talonflame|245\/345
|
|-heal|p2a: Talonflame|266\/345|[from] item: Leftovers
|-damage|p1a: Chansey|601\/703 brn|[from] brn
|turn|26
|
|switch|p1a: Quagsire|Quagsire, F|393\/393
|-damage|p1a: Quagsire|369\/393|[from] Stealth Rock
|move|p2a: Talonflame|Taunt|p1a: Quagsire
|-start|p1a: Quagsire|move: Taunt
|
|-heal|p2a: Talonflame|287\/345|[from] item: Leftovers
|-heal|p1a: Quagsire|393\/393|[from] item: Leftovers
|turn|27
|
|switch|p2a: Manaphy|Manaphy|359\/403
|-damage|p2a: Manaphy|292\/403|[from] Spikes
|move|p1a: Quagsire|Earthquake|p2a: Manaphy
|-damage|p2a: Manaphy|187\/403
|
|-heal|p2a: Manaphy|212\/403|[from] item: Leftovers
|turn|28
|
|move|p2a: Manaphy|Rain Dance|p2a: Manaphy
|-weather|RainDance
|move|p1a: Quagsire|Earthquake|p2a: Manaphy
|-damage|p2a: Manaphy|100\/403
|
|-weather|RainDance|[upkeep]
|-heal|p2a: Manaphy|125\/403|[from] item: Leftovers
|turn|29
|
|switch|p1a: Chansey|Chansey, F|601\/703
|-damage|p1a: Chansey|514\/703|[from] Stealth Rock
|move|p2a: Manaphy|Rest|p2a: Manaphy
|-status|p2a: Manaphy|slp
|-heal|p2a: Manaphy|403\/403 slp|[silent]
|-status|p2a: Manaphy|slp|[from] move: Rest
|
|-weather|RainDance|[upkeep]
|-curestatus|p2a: Manaphy|slp
|turn|30
|
|move|p2a: Manaphy|U-turn|p1a: Chansey
|-damage|p1a: Chansey|453\/703
|
|switch|p2a: Excadrill|Excadrill, M|218\/424
|-damage|p2a: Excadrill|148\/424|[from] Spikes
|-ability|p2a: Excadrill|Mold Breaker
|move|p1a: Chansey|Soft-Boiled|p1a: Chansey
|-heal|p1a: Chansey|703\/703
|
|-weather|RainDance|[upkeep]
|-heal|p2a: Excadrill|174\/424|[from] item: Leftovers
|turn|31
|
|move|p2a: Excadrill|Iron Head|p1a: Chansey
|-damage|p1a: Chansey|555\/703
|move|p1a: Chansey|Seismic Toss|p2a: Excadrill
|-damage|p2a: Excadrill|74\/424
|
|-weather|RainDance|[upkeep]
|-heal|p2a: Excadrill|100\/424|[from] item: Leftovers
|turn|32
|
|move|p2a: Excadrill|Rapid Spin|p1a: Chansey
|-damage|p1a: Chansey|526\/703
|-sideend|p2: PokeHD|Spikes|[from] move: Rapid Spin|[of] p2a: Excadrill
|move|p1a: Chansey|Seismic Toss|p2a: Excadrill
|-damage|p2a: Excadrill|0 fnt
|faint|p2a: Excadrill
|
|-weather|none
|
|switch|p2a: Talonflame|Talonflame, F|287\/345
|turn|33
|
|move|p2a: Talonflame|Will-O-Wisp|p1a: Chansey
|-status|p1a: Chansey|brn
|move|p1a: Chansey|Stealth Rock|p2a: Talonflame
|-sidestart|p2: PokeHD|move: Stealth Rock
|
|-heal|p2a: Talonflame|308\/345|[from] item: Leftovers
|-damage|p1a: Chansey|439\/703 brn|[from] brn
|turn|34
|
|move|p2a: Talonflame|Will-O-Wisp|p1a: Chansey|[miss]
|-miss|p2a: Talonflame|p1a: Chansey
|move|p1a: Chansey|Soft-Boiled|p1a: Chansey
|-heal|p1a: Chansey|703\/703 brn
|
|-heal|p2a: Talonflame|329\/345|[from] item: Leftovers
|-damage|p1a: Chansey|616\/703 brn|[from] brn
|turn|35
|
|switch|p1a: Sableye|Sableye-Mega, F|229\/303
|-damage|p1a: Sableye|192\/303|[from] Stealth Rock
|move|p2a: Talonflame|Will-O-Wisp|p1a: Sableye
|move|p1a: Sableye|Will-O-Wisp|p2a: Talonflame|[from]Magic Bounce
|-fail|p2a: Talonflame
|
|-heal|p2a: Talonflame|345\/345|[from] item: Leftovers
|turn|36
|
|move|p2a: Talonflame|Brave Bird|p1a: Sableye
|-damage|p1a: Sableye|41\/303
|-damage|p2a: Talonflame|295\/345|[from] recoil|[of] p1a: Sableye
|move|p1a: Sableye|Recover|p1a: Sableye
|-heal|p1a: Sableye|193\/303
|
|-heal|p2a: Talonflame|316\/345|[from] item: Leftovers
|turn|37
|
|switch|p1a: Quagsire|Quagsire, F|393\/393
|-damage|p1a: Quagsire|369\/393|[from] Stealth Rock
|move|p2a: Talonflame|Brave Bird|p1a: Quagsire
|-damage|p1a: Quagsire|227\/393
|-damage|p2a: Talonflame|269\/345|[from] recoil|[of] p1a: Quagsire
|
|-heal|p2a: Talonflame|290\/345|[from] item: Leftovers
|-heal|p1a: Quagsire|251\/393|[from] item: Leftovers
|turn|38
|
|move|p2a: Talonflame|Will-O-Wisp|p1a: Quagsire
|-status|p1a: Quagsire|brn
|move|p1a: Quagsire|Scald|p2a: Talonflame
|-supereffective|p2a: Talonflame
|-damage|p2a: Talonflame|98\/345
|
|-heal|p2a: Talonflame|119\/345|[from] item: Leftovers
|-heal|p1a: Quagsire|275\/393 brn|[from] item: Leftovers
|-damage|p1a: Quagsire|226\/393 brn|[from] brn
|turn|39
|
|move|p2a: Talonflame|Brave Bird|p1a: Quagsire
|-crit|p1a: Quagsire
|-damage|p1a: Quagsire|18\/393 brn
|-damage|p2a: Talonflame|50\/345|[from] recoil|[of] p1a: Quagsire
|move|p1a: Quagsire|Scald|p2a: Talonflame
|-crit|p2a: Talonflame
|-supereffective|p2a: Talonflame
|-damage|p2a: Talonflame|0 fnt
|faint|p2a: Talonflame
|
|-heal|p1a: Quagsire|42\/393 brn|[from] item: Leftovers
|-damage|p1a: Quagsire|0 fnt|[from] brn
|faint|p1a: Quagsire
|
|switch|p2a: Clefable|Clefable, M|328\/393
|switch|p1a: Sableye|Sableye-Mega, F|193\/303
|-damage|p2a: Clefable|279\/393|[from] Stealth Rock
|-damage|p1a: Sableye|156\/303|[from] Stealth Rock
|turn|40
|
|switch|p1a: Skarmory|Skarmory, F|291\/334
|-damage|p1a: Skarmory|250\/334|[from] Stealth Rock
|move|p2a: Clefable|Calm Mind|p2a: Clefable
|-boost|p2a: Clefable|spa|1
|-boost|p2a: Clefable|spd|1
|
|turn|41
|
|switch|p2a: Gliscor|Gliscor, M|353\/353 tox
|-damage|p2a: Gliscor|309\/353 tox|[from] Stealth Rock
|switch|p1a: Sableye|Sableye-Mega, F|156\/303
|-damage|p1a: Sableye|119\/303|[from] Stealth Rock
|
|-heal|p2a: Gliscor|353\/353 tox|[from] ability: Poison Heal
|turn|42
|
|move|p2a: Gliscor|Earthquake|p1a: Sableye
|-damage|p1a: Sableye|22\/303
|move|p1a: Sableye|Recover|p1a: Sableye
|-heal|p1a: Sableye|174\/303
|
|turn|43
|
|move|p2a: Gliscor|U-turn|p1a: Sableye
|-damage|p1a: Sableye|126\/303
|
|switch|p2a: Manaphy|Manaphy|403\/403
|-damage|p2a: Manaphy|353\/403|[from] Stealth Rock
|move|p1a: Sableye|Recover|p1a: Sableye
|-heal|p1a: Sableye|278\/303
|
|-heal|p2a: Manaphy|378\/403|[from] item: Leftovers
|turn|44
|
|move|p2a: Manaphy|Scald|p1a: Sableye
|-damage|p1a: Sableye|218\/303
|move|p1a: Sableye|Calm Mind|p1a: Sableye
|-boost|p1a: Sableye|spa|1
|-boost|p1a: Sableye|spd|1
|
|-heal|p2a: Manaphy|403\/403|[from] item: Leftovers
|turn|45
|
|move|p2a: Manaphy|Scald|p1a: Sableye
|-damage|p1a: Sableye|179\/303
|move|p1a: Sableye|Calm Mind|p1a: Sableye
|-boost|p1a: Sableye|spa|1
|-boost|p1a: Sableye|spd|1
|
|turn|46
|
|move|p2a: Manaphy|Scald|p1a: Sableye
|-damage|p1a: Sableye|149\/303
|move|p1a: Sableye|Recover|p1a: Sableye
|-heal|p1a: Sableye|301\/303
|
|turn|47
|
|move|p2a: Manaphy|Scald|p1a: Sableye
|-damage|p1a: Sableye|267\/303
|move|p1a: Sableye|Calm Mind|p1a: Sableye
|-boost|p1a: Sableye|spa|1
|-boost|p1a: Sableye|spd|1
|
|turn|48
|
|move|p2a: Manaphy|Scald|p1a: Sableye
|-damage|p1a: Sableye|240\/303
|move|p1a: Sableye|Calm Mind|p1a: Sableye
|-boost|p1a: Sableye|spa|1
|-boost|p1a: Sableye|spd|1
|
|turn|49
|
|move|p2a: Manaphy|Scald|p1a: Sableye
|-damage|p1a: Sableye|221\/303
|-status|p1a: Sableye|brn
|move|p1a: Sableye|Calm Mind|p1a: Sableye
|-boost|p1a: Sableye|spa|1
|-boost|p1a: Sableye|spd|1
|
|-damage|p1a: Sableye|184\/303 brn|[from] brn
|turn|50
|
|switch|p2a: Clefable|Clefable, M|279\/393
|-damage|p2a: Clefable|230\/393|[from] Stealth Rock
|move|p1a: Sableye|Recover|p1a: Sableye
|-heal|p1a: Sableye|303\/303 brn
|
|-damage|p1a: Sableye|266\/303 brn|[from] brn
|turn|51
|
|move|p2a: Clefable|Moonblast|p1a: Sableye
|-supereffective|p1a: Sableye
|-damage|p1a: Sableye|120\/303 brn
|move|p1a: Sableye|Dark Pulse|p2a: Clefable
|-resisted|p2a: Clefable
|-damage|p2a: Clefable|185\/393
|
|-damage|p1a: Sableye|83\/303 brn|[from] brn
|turn|52
|
|move|p2a: Clefable|Moonblast|p1a: Sableye
|-supereffective|p1a: Sableye
|-damage|p1a: Sableye|0 fnt
|faint|p1a: Sableye
|
|
|switch|p1a: Gothitelle|Gothitelle, M|65\/301
|-damage|p1a: Gothitelle|28\/301|[from] Stealth Rock
|turn|53
|
|move|p1a: Gothitelle|Rest|p1a: Gothitelle
|-status|p1a: Gothitelle|slp
|-heal|p1a: Gothitelle|301\/301 slp|[silent]
|-status|p1a: Gothitelle|slp|[from] move: Rest
|move|p2a: Clefable|Moonblast|p1a: Gothitelle
|-damage|p1a: Gothitelle|198\/301 slp
|
|-heal|p1a: Gothitelle|216\/301 slp|[from] item: Leftovers
|turn|54
|
|cant|p1a: Gothitelle|slp
|move|p2a: Clefable|Moonblast|p1a: Gothitelle
|-damage|p1a: Gothitelle|110\/301 slp
|
|-heal|p1a: Gothitelle|128\/301 slp|[from] item: Leftovers
|turn|55
|
|cant|p1a: Gothitelle|slp
|move|p2a: Clefable|Moonblast|p1a: Gothitelle
|-damage|p1a: Gothitelle|20\/301 slp
|
|-heal|p1a: Gothitelle|38\/301 slp|[from] item: Leftovers
|turn|56
|
|-curestatus|p1a: Gothitelle|slp
|move|p1a: Gothitelle|Rest|p1a: Gothitelle
|-status|p1a: Gothitelle|slp
|-heal|p1a: Gothitelle|301\/301 slp|[silent]
|-status|p1a: Gothitelle|slp|[from] move: Rest
|move|p2a: Clefable|Moonblast|p1a: Gothitelle
|-damage|p1a: Gothitelle|210\/301 slp
|
|-heal|p1a: Gothitelle|228\/301 slp|[from] item: Leftovers
|turn|57
|
|cant|p1a: Gothitelle|slp
|move|p2a: Clefable|Moonblast|p1a: Gothitelle
|-damage|p1a: Gothitelle|120\/301 slp
|
|-heal|p1a: Gothitelle|138\/301 slp|[from] item: Leftovers
|turn|58
|
|cant|p1a: Gothitelle|slp
|move|p2a: Clefable|Moonblast|p1a: Gothitelle
|-damage|p1a: Gothitelle|39\/301 slp
|
|-heal|p1a: Gothitelle|57\/301 slp|[from] item: Leftovers
|turn|59
|
|-curestatus|p1a: Gothitelle|slp
|move|p1a: Gothitelle|Rest|p1a: Gothitelle
|-status|p1a: Gothitelle|slp
|-heal|p1a: Gothitelle|301\/301 slp|[silent]
|-status|p1a: Gothitelle|slp|[from] move: Rest
|move|p2a: Clefable|Moonblast|p1a: Gothitelle
|-crit|p1a: Gothitelle
|-damage|p1a: Gothitelle|142\/301 slp
|
|-heal|p1a: Gothitelle|160\/301 slp|[from] item: Leftovers
|turn|60
|
|cant|p1a: Gothitelle|slp
|move|p2a: Clefable|Moonblast|p1a: Gothitelle
|-damage|p1a: Gothitelle|69\/301 slp
|-unboost|p1a: Gothitelle|spa|1
|
|-heal|p1a: Gothitelle|87\/301 slp|[from] item: Leftovers
|turn|61
|
|cant|p1a: Gothitelle|slp
|move|p2a: Clefable|Moonblast|p1a: Gothitelle
|-crit|p1a: Gothitelle
|-damage|p1a: Gothitelle|0 fnt
|faint|p1a: Gothitelle
|
|
|switch|p1a: Cresselia|Cresselia, F|359\/444
|-damage|p1a: Cresselia|304\/444|[from] Stealth Rock
|turn|62
|
|move|p2a: Clefable|Moonblast|p1a: Cresselia
|-crit|p1a: Cresselia
|-damage|p1a: Cresselia|207\/444
|move|p1a: Cresselia|Toxic|p2a: Clefable
|-status|p2a: Clefable|tox
|
|-heal|p1a: Cresselia|234\/444|[from] item: Leftovers
|-damage|p2a: Clefable|161\/393 tox|[from] psn
|turn|63
|
|switch|p2a: Gliscor|Gliscor, M|353\/353 tox
|-damage|p2a: Gliscor|309\/353 tox|[from] Stealth Rock
|move|p1a: Cresselia|Moonlight|p1a: Cresselia
|-heal|p1a: Cresselia|444\/444
|
|-heal|p2a: Gliscor|353\/353 tox|[from] ability: Poison Heal
|turn|64
|
|move|p2a: Gliscor|U-turn|p1a: Cresselia
|-supereffective|p1a: Cresselia
|-damage|p1a: Cresselia|352\/444
|
|switch|p2a: Manaphy|Manaphy|403\/403
|-damage|p2a: Manaphy|353\/403|[from] Stealth Rock
|move|p1a: Cresselia|Skill Swap|p2a: Manaphy
|-activate|p1a: Cresselia|move: Skill Swap|Hydration|Levitate|[of] p2a: Manaphy
|
|-heal|p2a: Manaphy|378\/403|[from] item: Leftovers
|-heal|p1a: Cresselia|379\/444|[from] item: Leftovers
|turn|65
|
|move|p2a: Manaphy|U-turn|p1a: Cresselia
|-crit|p1a: Cresselia
|-supereffective|p1a: Cresselia
|-damage|p1a: Cresselia|253\/444
|
|switch|p2a: Sableye|Sableye-Mega, M|203\/303
|-damage|p2a: Sableye|166\/303|[from] Stealth Rock
|move|p1a: Cresselia|Toxic|p2a: Sableye
|move|p2a: Sableye|Toxic|p1a: Cresselia|[from]Magic Bounce
|-status|p1a: Cresselia|tox
|
|-heal|p1a: Cresselia|280\/444 tox|[from] item: Leftovers
|-damage|p1a: Cresselia|253\/444 tox|[from] psn
|turn|66
|
|switch|p1a: Chansey|Chansey, F|616\/703
|-damage|p1a: Chansey|529\/703|[from] Stealth Rock
|move|p2a: Sableye|Knock Off|p1a: Chansey
|-damage|p1a: Chansey|391\/703
|-enditem|p1a: Chansey|Eviolite|[from] move: Knock Off|[of] p2a: Sableye
|
|turn|67
|
|move|p1a: Chansey|Aromatherapy|p1a: Chansey
|-cureteam|p1a: Chansey|[from] move: Aromatherapy
|move|p2a: Sableye|Will-O-Wisp|p1a: Chansey|[miss]
|-miss|p2a: Sableye|p1a: Chansey
|
|turn|68
|
|move|p1a: Chansey|Soft-Boiled|p1a: Chansey
|-heal|p1a: Chansey|703\/703
|move|p2a: Sableye|Will-O-Wisp|p1a: Chansey
|-status|p1a: Chansey|brn
|
|-damage|p1a: Chansey|616\/703 brn|[from] brn
|turn|69
|
|move|p1a: Chansey|Soft-Boiled|p1a: Chansey
|-heal|p1a: Chansey|703\/703 brn
|move|p2a: Sableye|Recover|p2a: Sableye
|-heal|p2a: Sableye|303\/303
|
|-damage|p1a: Chansey|616\/703 brn|[from] brn
|turn|70
|
|switch|p1a: Cresselia|Cresselia, F|253\/444
|-damage|p1a: Cresselia|198\/444|[from] Stealth Rock
|switch|p2a: Gliscor|Gliscor, M|353\/353 tox
|-damage|p2a: Gliscor|309\/353 tox|[from] Stealth Rock
|
|-heal|p1a: Cresselia|225\/444|[from] item: Leftovers
|-heal|p2a: Gliscor|353\/353 tox|[from] ability: Poison Heal
|turn|71
|
|move|p2a: Gliscor|Taunt|p1a: Cresselia
|-start|p1a: Cresselia|move: Taunt
|cant|p1a: Cresselia|move: Taunt|Moonlight
|
|-heal|p1a: Cresselia|252\/444|[from] item: Leftovers
|turn|72
|-message|CleanerThanRotom-W forfeited.
|
|win|PokeHD
|raw|Ladder updating...
|leave|CleanerThanRotom-W
|player|p1
|leave|PokeHD
|player|p2
|join|PokeHD