|join|PokeHD
|join|JeoffreyH
|player|p1|PokeHD|101
|player|p2|JeoffreyH|101
|gametype|singles
|gen|6
|tier|OU
|rated
|clearpoke
|poke|p1|Sableye, F
|poke|p1|Excadrill, F
|poke|p1|Manaphy
|poke|p1|Gliscor, M
|poke|p1|Talonflame, M
|poke|p1|Clefable, M
|poke|p2|Slowbro, F
|poke|p2|Gliscor, F
|poke|p2|Landorus-Therian, M
|poke|p2|Porygon2
|poke|p2|Slurpuff, M
|poke|p2|Rotom-Heat
|rule|Swagger Clause: Swagger is banned
|rule|Baton Pass Clause: Limit one PokÃ©mon knowing Baton Pass
|rule|Sleep Clause Mod: Limit one foe put to sleep
|rule|Species Clause: Limit one of each PokÃ©mon
|rule|OHKO Clause: OHKO moves are banned
|rule|Moody Clause: Moody is banned
|rule|Evasion Moves Clause: Evasion moves are banned
|rule|Endless Battle Clause: Forcing endless battles is banned
|rule|HP Percentage Mod: HP is shown in percentages
|teampreview
|
|start
|switch|p1a: Manaphy|Manaphy|403\/403
|switch|p2a: Rotom-Heat|Rotom-Heat|242\/242
|turn|1
|
|move|p2a: Rotom-Heat|Will-O-Wisp|p1a: Manaphy
|-status|p1a: Manaphy|brn
|move|p1a: Manaphy|Scald|p2a: Rotom-Heat
|-supereffective|p2a: Rotom-Heat
|-damage|p2a: Rotom-Heat|60\/242
|
|-heal|p2a: Rotom-Heat|75\/242|[from] item: Leftovers
|-damage|p1a: Manaphy|353\/403 brn|[from] brn
|turn|2
|
|move|p2a: Rotom-Heat|Volt Switch|p1a: Manaphy
|-supereffective|p1a: Manaphy
|-damage|p1a: Manaphy|207\/403 brn
|
|switch|p2a: Slowbro|Slowbro, F|394\/394
|move|p1a: Manaphy|Rain Dance|p1a: Manaphy
|-weather|RainDance
|
|-weather|RainDance|[upkeep]
|-curestatus|p1a: Manaphy|brn
|-heal|p1a: Manaphy|232\/403|[from] item: Leftovers
|turn|3
|
|detailschange|p2a: Slowbro|Slowbro-Mega, F
|message|Slowbro has Mega Evolved into Mega Slowbro!
|move|p1a: Manaphy|Scald|p2a: Slowbro
|-resisted|p2a: Slowbro
|-damage|p2a: Slowbro|334\/394
|-status|p2a: Slowbro|brn
|move|p2a: Slowbro|Calm Mind|p2a: Slowbro
|-boost|p2a: Slowbro|spa|1
|-boost|p2a: Slowbro|spd|1
|
|-weather|RainDance|[upkeep]
|-heal|p1a: Manaphy|257\/403|[from] item: Leftovers
|-damage|p2a: Slowbro|285\/394 brn|[from] brn
|turn|4
|
|move|p1a: Manaphy|Rest|p1a: Manaphy
|-status|p1a: Manaphy|slp
|-heal|p1a: Manaphy|403\/403 slp|[silent]
|-status|p1a: Manaphy|slp|[from] move: Rest
|move|p2a: Slowbro|Iron Defense|p2a: Slowbro
|-boost|p2a: Slowbro|def|2
|
|-weather|RainDance|[upkeep]
|-curestatus|p1a: Manaphy|slp
|-damage|p2a: Slowbro|236\/394 brn|[from] brn
|turn|5
|
|move|p1a: Manaphy|Scald|p2a: Slowbro
|-resisted|p2a: Slowbro
|-damage|p2a: Slowbro|200\/394 brn
|move|p2a: Slowbro|Calm Mind|p2a: Slowbro
|-boost|p2a: Slowbro|spa|1
|-boost|p2a: Slowbro|spd|1
|
|-weather|RainDance|[upkeep]
|-damage|p2a: Slowbro|151\/394 brn|[from] brn
|turn|6
|
|move|p1a: Manaphy|U-turn|p2a: Slowbro
|-supereffective|p2a: Slowbro
|-damage|p2a: Slowbro|119\/394 brn
|
|switch|p1a: Clefable|Clefable, M|393\/393
|move|p2a: Slowbro|Rest|p2a: Slowbro
|-status|p2a: Slowbro|slp
|-heal|p2a: Slowbro|394\/394 slp|[silent]
|-status|p2a: Slowbro|slp|[from] move: Rest
|
|-weather|none
|turn|7
|
|move|p1a: Clefable|Calm Mind|p1a: Clefable
|-boost|p1a: Clefable|spa|1
|-boost|p1a: Clefable|spd|1
|cant|p2a: Slowbro|slp
|
|turn|8
|
|move|p1a: Clefable|Calm Mind|p1a: Clefable
|-boost|p1a: Clefable|spa|1
|-boost|p1a: Clefable|spd|1
|cant|p2a: Slowbro|slp
|
|turn|9
|
|move|p1a: Clefable|Calm Mind|p1a: Clefable
|-boost|p1a: Clefable|spa|1
|-boost|p1a: Clefable|spd|1
|-curestatus|p2a: Slowbro|slp
|move|p2a: Slowbro|Calm Mind|p2a: Slowbro
|-boost|p2a: Slowbro|spa|1
|-boost|p2a: Slowbro|spd|1
|
|turn|10
|
|move|p1a: Clefable|Calm Mind|p1a: Clefable
|-boost|p1a: Clefable|spa|1
|-boost|p1a: Clefable|spd|1
|move|p2a: Slowbro|Calm Mind|p2a: Slowbro
|-boost|p2a: Slowbro|spa|1
|-boost|p2a: Slowbro|spd|1
|
|turn|11
|
|move|p1a: Clefable|Calm Mind|p1a: Clefable
|-boost|p1a: Clefable|spa|1
|-boost|p1a: Clefable|spd|1
|move|p2a: Slowbro|Iron Defense|p2a: Slowbro
|-boost|p2a: Slowbro|def|2
|
|turn|12
|
|move|p1a: Clefable|Calm Mind|p1a: Clefable
|-boost|p1a: Clefable|spa|1
|-boost|p1a: Clefable|spd|1
|move|p2a: Slowbro|Calm Mind|p2a: Slowbro
|-boost|p2a: Slowbro|spa|1
|-boost|p2a: Slowbro|spd|1
|
|turn|13
|
|move|p1a: Clefable|Moonblast|p2a: Slowbro
|-damage|p2a: Slowbro|15\/394
|move|p2a: Slowbro|Calm Mind|p2a: Slowbro
|-boost|p2a: Slowbro|spa|1
|-boost|p2a: Slowbro|spd|1
|
|turn|14
|c|âJeoffreyH|omg
|c|âPokeHD|Lol
|
|move|p1a: Clefable|Moonblast|p2a: Slowbro
|-damage|p2a: Slowbro|0 fnt
|faint|p2a: Slowbro
|
|
|switch|p2a: Porygon2|Porygon2|374\/374
|-boost|p2a: Porygon2|atk|1|[from] ability: Download
|turn|15
|
|move|p1a: Clefable|Moonblast|p2a: Porygon2
|-damage|p2a: Porygon2|136\/374
|move|p2a: Porygon2|Thunder Wave|p1a: Clefable
|-status|p1a: Clefable|par
|
|turn|16
|
|move|p2a: Porygon2|Recover|p2a: Porygon2
|-heal|p2a: Porygon2|323\/374
|move|p1a: Clefable|Moonblast|p2a: Porygon2
|-damage|p2a: Porygon2|100\/374
|
|turn|17
|
|move|p2a: Porygon2|Recover|p2a: Porygon2
|-heal|p2a: Porygon2|287\/374
|move|p1a: Clefable|Aromatherapy|p1a: Clefable
|-cureteam|p1a: Clefable|[from] move: Aromatherapy
|
|turn|18
|
|move|p1a: Clefable|Moonblast|p2a: Porygon2
|-crit|p2a: Porygon2
|-damage|p2a: Porygon2|0 fnt
|faint|p2a: Porygon2
|
|
|switch|p2a: Landorus-Therian|Landorus-Therian, M|320\/320
|-ability|p2a: Landorus-Therian|Intimidate|[of] p1a: Clefable
|-unboost|p1a: Clefable|atk|1
|turn|19
|
|move|p2a: Landorus-Therian|Earthquake|p1a: Clefable
|-damage|p1a: Clefable|216\/393
|move|p1a: Clefable|Moonblast|p2a: Landorus-Therian
|-damage|p2a: Landorus-Therian|0 fnt
|faint|p2a: Landorus-Therian
|
|-heal|p1a: Clefable|240\/393|[from] item: Leftovers
|
|switch|p2a: Slurpuff|Slurpuff, M|306\/306
|turn|20
|
|move|p2a: Slurpuff|Belly Drum|p2a: Slurpuff
|-damage|p2a: Slurpuff|153\/306
|-setboost|p2a: Slurpuff|atk|6|[from] move: Belly Drum
|-enditem|p2a: Slurpuff|Sitrus Berry|[eat]
|-heal|p2a: Slurpuff|229\/306|[from] item: Sitrus Berry
|move|p1a: Clefable|Moonblast|p2a: Slurpuff
|-damage|p2a: Slurpuff|0 fnt
|faint|p2a: Slurpuff
|
|-heal|p1a: Clefable|264\/393|[from] item: Leftovers
|-message|JeoffreyH forfeited.
|
|win|PokeHD
|raw|Ladder updating...
|leave|JeoffreyH
|player|p2
|raw|PokeHD's rating: 1517 &rarr; <strong>1534<\/strong><br \/>(+17 for winning)
|raw|JeoffreyH's rating: 1451 &rarr; <strong>1435<\/strong><br \/>(-16 for losing)