|join|CC) Rosalina
|join|PokeHD
|player|p1|CC) Rosalina|4
|player|p2|PokeHD|2
|gametype|singles
|gen|6
|tier|OU
|rated
|clearpoke
|poke|p1|Altaria, F
|poke|p1|Chansey, F
|poke|p1|Greninja, F
|poke|p1|Latios, M
|poke|p1|Mandibuzz, F
|poke|p1|Slowbro, M
|poke|p2|Gallade, M
|poke|p2|Scizor, M
|poke|p2|Landorus-Therian, M
|poke|p2|Zapdos
|poke|p2|Rotom-Wash
|poke|p2|Sylveon, F
|rule|Swagger Clause: Swagger is banned
|rule|Baton Pass Clause: Limit one PokÃ©mon knowing Baton Pass
|rule|Sleep Clause Mod: Limit one foe put to sleep
|rule|Species Clause: Limit one of each PokÃ©mon
|rule|OHKO Clause: OHKO moves are banned
|rule|Moody Clause: Moody is banned
|rule|Evasion Moves Clause: Evasion moves are banned
|rule|Endless Battle Clause: Forcing endless battles is banned
|rule|HP Percentage Mod: HP is shown in percentages
|teampreview
|
|start
|switch|p1a: Greninja|Greninja, F|285\/285
|switch|p2a: Zapdos|Zapdos|384\/384
|-ability|p2a: Zapdos|Pressure
|turn|1
|
|switch|p2a: Scizor|Scizor, M|344\/344
|move|p1a: Greninja|Ice Beam|p2a: Scizor
|-start|p1a: Greninja|typechange|Ice|[from] Protean
|-resisted|p2a: Scizor
|-damage|p2a: Scizor|231\/344
|-damage|p1a: Greninja|257\/285|[from] item: Life Orb
|
|turn|2
|
|switch|p1a: Mandibuzz|Mandibuzz, F|423\/423
|move|p2a: Scizor|Bullet Punch|p1a: Mandibuzz
|-damage|p1a: Mandibuzz|290\/423
|
|-heal|p1a: Mandibuzz|316\/423|[from] item: Leftovers
|turn|3
|
|switch|p2a: Zapdos|Zapdos|384\/384
|-ability|p2a: Zapdos|Pressure
|move|p1a: Mandibuzz|Foul Play|p2a: Zapdos
|-damage|p2a: Zapdos|309\/384
|
|-heal|p2a: Zapdos|333\/384|[from] item: Leftovers
|-heal|p1a: Mandibuzz|342\/423|[from] item: Leftovers
|turn|4
|
|move|p2a: Zapdos|Discharge|p1a: Mandibuzz
|-supereffective|p1a: Mandibuzz
|-damage|p1a: Mandibuzz|142\/423
|move|p1a: Mandibuzz|Foul Play|p2a: Zapdos
|-damage|p2a: Zapdos|255\/384
|
|-heal|p2a: Zapdos|279\/384|[from] item: Leftovers
|-heal|p1a: Mandibuzz|168\/423|[from] item: Leftovers
|turn|5
|
|switch|p1a: Chansey|Chansey, F|704\/704
|move|p2a: Zapdos|Discharge|p1a: Chansey
|-damage|p1a: Chansey|635\/704
|-status|p1a: Chansey|par
|
|-heal|p2a: Zapdos|303\/384|[from] item: Leftovers
|turn|6
|
|switch|p2a: Landorus-Therian|Landorus-Therian, M|319\/319
|-ability|p2a: Landorus-Therian|Intimidate|[of] p1a: Chansey
|-unboost|p1a: Chansey|atk|1
|move|p1a: Chansey|Seismic Toss|p2a: Landorus-Therian
|-damage|p2a: Landorus-Therian|219\/319
|
|turn|7
|
|switch|p1a: Slowbro|Slowbro, M|394\/394
|move|p2a: Landorus-Therian|Knock Off|p1a: Slowbro
|-supereffective|p1a: Slowbro
|-damage|p1a: Slowbro|224\/394
|-enditem|p1a: Slowbro|Leftovers|[from] move: Knock Off|[of] p2a: Landorus-Therian
|
|turn|8
|
|switch|p2a: Rotom-Wash|Rotom-Wash|304\/304
|move|p1a: Slowbro|Fire Blast|p2a: Rotom-Wash
|-crit|p2a: Rotom-Wash
|-resisted|p2a: Rotom-Wash
|-damage|p2a: Rotom-Wash|243\/304
|
|-heal|p2a: Rotom-Wash|262\/304|[from] item: Leftovers
|turn|9
|
|switch|p1a: Latios|Latios, M|302\/302
|move|p2a: Rotom-Wash|Volt Switch|p1a: Latios
|-resisted|p1a: Latios
|-damage|p1a: Latios|260\/302
|
|switch|p2a: Landorus-Therian|Landorus-Therian, M|219\/319
|-ability|p2a: Landorus-Therian|Intimidate|[of] p1a: Latios
|-unboost|p1a: Latios|atk|1
|
|turn|10
|
|move|p1a: Latios|Draco Meteor|p2a: Landorus-Therian
|-damage|p2a: Landorus-Therian|0 fnt
|-unboost|p1a: Latios|spa|2
|faint|p2a: Landorus-Therian
|
|
|switch|p2a: Sylveon|Sylveon, F|394\/394
|turn|11
|
|switch|p1a: Chansey|Chansey, F|635\/704
|move|p2a: Sylveon|Wish|p2a: Sylveon
|
|turn|12
|
|switch|p2a: Scizor|Scizor, M|231\/344
|move|p1a: Chansey|Wish|p1a: Chansey
|
|-heal|p2a: Scizor|344\/344|[from] move: Wish|[wisher] Sylveon
|turn|13
|
|switch|p1a: Slowbro|Slowbro, M|355\/394
|move|p2a: Scizor|U-turn|p1a: Slowbro
|-supereffective|p1a: Slowbro
|-damage|p1a: Slowbro|95\/394
|
|switch|p2a: Zapdos|Zapdos|303\/384
|-ability|p2a: Zapdos|Pressure
|
|-heal|p1a: Slowbro|394\/394|[from] move: Wish|[wisher] Chansey
|-heal|p2a: Zapdos|327\/384|[from] item: Leftovers
|turn|14
|
|switch|p1a: Altaria|Altaria, F|292\/292
|move|p2a: Zapdos|Discharge|p1a: Altaria
|-damage|p1a: Altaria|174\/292
|-status|p1a: Altaria|par
|
|-heal|p2a: Zapdos|351\/384|[from] item: Leftovers
|turn|15
|
|switch|p2a: Rotom-Wash|Rotom-Wash|262\/304
|switch|p1a: Chansey|Chansey, F|635\/704
|
|-heal|p2a: Rotom-Wash|281\/304|[from] item: Leftovers
|turn|16
|
|move|p2a: Rotom-Wash|Volt Switch|p1a: Chansey
|-damage|p1a: Chansey|578\/704
|
|switch|p2a: Gallade|Gallade, M|278\/278
|move|p1a: Chansey|Heal Bell|p1a: Chansey
|-cureteam|p1a: Chansey|[from] move: HealBell
|
|turn|17
|
|switch|p1a: Slowbro|Slowbro, M|394\/394
|detailschange|p2a: Gallade|Gallade-Mega, M
|message|Gallade has Mega Evolved into Mega Gallade!
|move|p2a: Gallade|Swords Dance|p2a: Gallade
|-boost|p2a: Gallade|atk|2
|
|turn|18
|
|move|p2a: Gallade|Knock Off|p1a: Slowbro
|-supereffective|p1a: Slowbro
|-damage|p1a: Slowbro|154\/394
|move|p1a: Slowbro|Thunder Wave|p2a: Gallade
|-status|p2a: Gallade|par
|
|turn|19
|
|switch|p1a: Mandibuzz|Mandibuzz, F|168\/423
|move|p2a: Gallade|Knock Off|p1a: Mandibuzz
|-resisted|p1a: Mandibuzz
|-damage|p1a: Mandibuzz|64\/423
|-enditem|p1a: Mandibuzz|Leftovers|[from] move: Knock Off|[of] p2a: Gallade
|
|turn|20
|
|switch|p2a: Sylveon|Sylveon, F|394\/394
|move|p1a: Mandibuzz|Foul Play|p2a: Sylveon
|-resisted|p2a: Sylveon
|-damage|p2a: Sylveon|347\/394
|
|-heal|p2a: Sylveon|371\/394|[from] item: Leftovers
|turn|21
|
|switch|p1a: Chansey|Chansey, F|578\/704
|move|p2a: Sylveon|Heal Bell|p2a: Sylveon
|-cureteam|p2a: Sylveon|[from] move: HealBell
|
|-heal|p2a: Sylveon|394\/394|[from] item: Leftovers
|turn|22
|
|switch|p2a: Scizor|Scizor, M|344\/344
|move|p1a: Chansey|Wish|p1a: Chansey
|
|turn|23
|
|switch|p1a: Altaria|Altaria, F|174\/292
|move|p2a: Scizor|U-turn|p1a: Altaria
|-resisted|p1a: Altaria
|-damage|p1a: Altaria|64\/292
|
|switch|p2a: Zapdos|Zapdos|351\/384
|-ability|p2a: Zapdos|Pressure
|
|-heal|p1a: Altaria|292\/292|[from] move: Wish|[wisher] Chansey
|-heal|p2a: Zapdos|375\/384|[from] item: Leftovers
|turn|24
|
|detailschange|p1a: Altaria|Altaria-Mega, F
|message|Altaria has Mega Evolved into Mega Altaria!
|move|p1a: Altaria|Substitute|p1a: Altaria
|-start|p1a: Altaria|Substitute
|-damage|p1a: Altaria|219\/292
|move|p2a: Zapdos|Discharge|p1a: Altaria
|-resisted|p1a: Altaria
|-activate|p1a: Altaria|Substitute|[damage]
|
|-heal|p2a: Zapdos|384\/384|[from] item: Leftovers
|turn|25
|
|move|p1a: Altaria|Dragon Dance|p1a: Altaria
|-boost|p1a: Altaria|atk|1
|-boost|p1a: Altaria|spe|1
|move|p2a: Zapdos|Roar|p1a: Altaria
|drag|p1a: Mandibuzz|Mandibuzz, F|64\/423
|
|turn|26
|
|switch|p1a: Latios|Latios, M|260\/302
|move|p2a: Zapdos|Discharge|p1a: Latios
|-resisted|p1a: Latios
|-damage|p1a: Latios|203\/302
|
|turn|27
|
|move|p1a: Latios|Trick|p2a: Zapdos
|-activate|p1a: Latios|move: Trick|[of] p2a: Zapdos
|-item|p2a: Zapdos|Choice Scarf|[from] move: Trick
|-item|p1a: Latios|Leftovers|[from] move: Trick
|move|p2a: Zapdos|Roost|p2a: Zapdos
|-fail|p2a: Zapdos
|
|-heal|p1a: Latios|221\/302|[from] item: Leftovers
|turn|28
|
|switch|p2a: Sylveon|Sylveon, F|394\/394
|move|p1a: Latios|Psyshock|p2a: Sylveon
|-damage|p2a: Sylveon|183\/394
|
|-heal|p1a: Latios|239\/302|[from] item: Leftovers
|-heal|p2a: Sylveon|207\/394|[from] item: Leftovers
|turn|29
|
|move|p2a: Sylveon|Protect|p2a: Sylveon
|-singleturn|p2a: Sylveon|Protect
|move|p1a: Latios|Psyshock|p2a: Sylveon
|-activate|p2a: Sylveon|Protect
|
|-heal|p1a: Latios|257\/302|[from] item: Leftovers
|-heal|p2a: Sylveon|231\/394|[from] item: Leftovers
|turn|30
|
|move|p1a: Latios|Psyshock|p2a: Sylveon
|-crit|p2a: Sylveon
|-damage|p2a: Sylveon|0 fnt
|faint|p2a: Sylveon
|
|-heal|p1a: Latios|275\/302|[from] item: Leftovers
|
|switch|p2a: Scizor|Scizor, M|344\/344
|turn|31
|
|switch|p1a: Mandibuzz|Mandibuzz, F|64\/423
|move|p2a: Scizor|U-turn|p1a: Mandibuzz
|-damage|p1a: Mandibuzz|0 fnt
|faint|p1a: Mandibuzz
|
|switch|p2a: Gallade|Gallade-Mega, M|278\/278
|
|
|switch|p1a: Altaria|Altaria-Mega, F|219\/292
|turn|32
|
|switch|p2a: Rotom-Wash|Rotom-Wash|281\/304
|move|p1a: Altaria|Frustration|p2a: Rotom-Wash
|-damage|p2a: Rotom-Wash|130\/304
|
|-heal|p2a: Rotom-Wash|149\/304|[from] item: Leftovers
|turn|33
|
|move|p1a: Altaria|Substitute|p1a: Altaria
|-start|p1a: Altaria|Substitute
|-damage|p1a: Altaria|146\/292
|move|p2a: Rotom-Wash|Volt Switch|p1a: Altaria
|-resisted|p1a: Altaria
|-activate|p1a: Altaria|Substitute|[damage]
|
|switch|p2a: Zapdos|Zapdos|384\/384
|-ability|p2a: Zapdos|Pressure
|
|turn|34
|
|move|p1a: Altaria|Frustration|p2a: Zapdos
|-damage|p2a: Zapdos|216\/384
|move|p2a: Zapdos|Roar|p1a: Altaria
|drag|p1a: Greninja|Greninja, F|257\/285
|
|turn|35
|
|switch|p2a: Rotom-Wash|Rotom-Wash|149\/304
|move|p1a: Greninja|Surf|p2a: Rotom-Wash
|-start|p1a: Greninja|typechange|Water|[from] Protean
|-resisted|p2a: Rotom-Wash
|-damage|p2a: Rotom-Wash|63\/304
|-damage|p1a: Greninja|229\/285|[from] item: Life Orb
|
|-heal|p2a: Rotom-Wash|82\/304|[from] item: Leftovers
|turn|36
|
|move|p1a: Greninja|Surf|p2a: Rotom-Wash
|-resisted|p2a: Rotom-Wash
|-damage|p2a: Rotom-Wash|4\/304
|-damage|p1a: Greninja|201\/285|[from] item: Life Orb
|move|p2a: Rotom-Wash|Pain Split|p1a: Greninja
|-sethp|p1a: Greninja|102\/285|p2a: Rotom-Wash|102\/304|[from] move: Pain Split
|
|-heal|p2a: Rotom-Wash|121\/304|[from] item: Leftovers
|turn|37
|
|move|p1a: Greninja|U-turn|p2a: Rotom-Wash
|-start|p1a: Greninja|typechange|Bug|[from] Protean
|-damage|p2a: Rotom-Wash|51\/304
|-damage|p1a: Greninja|74\/285|[from] item: Life Orb
|
|switch|p1a: Latios|Latios, M|275\/302
|move|p2a: Rotom-Wash|Volt Switch|p1a: Latios
|-resisted|p1a: Latios
|-damage|p1a: Latios|234\/302
|
|switch|p2a: Scizor|Scizor, M|344\/344
|
|-heal|p1a: Latios|252\/302|[from] item: Leftovers
|turn|38
|
|move|p1a: Latios|Draco Meteor|p2a: Scizor
|-resisted|p2a: Scizor
|-damage|p2a: Scizor|203\/344
|-unboost|p1a: Latios|spa|2
|move|p2a: Scizor|U-turn|p1a: Latios
|-supereffective|p1a: Latios
|-damage|p1a: Latios|0 fnt
|faint|p1a: Latios
|
|switch|p2a: Rotom-Wash|Rotom-Wash|51\/304
|
|-heal|p2a: Rotom-Wash|70\/304|[from] item: Leftovers
|
|switch|p1a: Greninja|Greninja, F|74\/285
|turn|39
|
|move|p1a: Greninja|Surf|p2a: Rotom-Wash
|-start|p1a: Greninja|typechange|Water|[from] Protean
|-resisted|p2a: Rotom-Wash
|-damage|p2a: Rotom-Wash|0 fnt
|-damage|p1a: Greninja|46\/285|[from] item: Life Orb
|faint|p2a: Rotom-Wash
|
|
|switch|p2a: Scizor|Scizor, M|203\/344
|turn|40
|
|switch|p1a: Chansey|Chansey, F|578\/704
|move|p2a: Scizor|Bullet Punch|p1a: Chansey
|-damage|p1a: Chansey|353\/704
|
|turn|41
|
|switch|p1a: Slowbro|Slowbro, M|285\/394
|move|p2a: Scizor|Bullet Punch|p1a: Slowbro
|-resisted|p1a: Slowbro
|-damage|p1a: Slowbro|220\/394
|
|turn|42
|
|switch|p2a: Zapdos|Zapdos|216\/384
|-ability|p2a: Zapdos|Pressure
|move|p1a: Slowbro|Scald|p2a: Zapdos
|-damage|p2a: Zapdos|117\/384
|-status|p2a: Zapdos|brn
|
|-damage|p2a: Zapdos|69\/384 brn|[from] brn
|turn|43
|
|switch|p1a: Chansey|Chansey, F|353\/704
|move|p2a: Zapdos|Roost|p2a: Zapdos
|-heal|p2a: Zapdos|261\/384 brn
|
|-damage|p2a: Zapdos|213\/384 brn|[from] brn
|turn|44
|
|move|p2a: Zapdos|Roost|p2a: Zapdos
|-heal|p2a: Zapdos|384\/384 brn
|move|p1a: Chansey|Wish|p1a: Chansey
|
|-damage|p2a: Zapdos|336\/384 brn|[from] brn
|turn|45
|
|switch|p2a: Gallade|Gallade-Mega, M|278\/278
|switch|p1a: Greninja|Greninja, F|46\/285
|
|-heal|p1a: Greninja|285\/285|[from] move: Wish|[wisher] Chansey
|turn|46
|
|move|p1a: Greninja|Surf|p2a: Gallade
|-start|p1a: Greninja|typechange|Water|[from] Protean
|-damage|p2a: Gallade|118\/278
|-damage|p1a: Greninja|257\/285|[from] item: Life Orb
|move|p2a: Gallade|Close Combat|p1a: Greninja
|-damage|p1a: Greninja|0 fnt
|-unboost|p2a: Gallade|def|1
|-unboost|p2a: Gallade|spd|1
|faint|p1a: Greninja
|
|
|switch|p1a: Slowbro|Slowbro, M|351\/394
|turn|47
|
|switch|p2a: Zapdos|Zapdos|336\/384 brn
|-ability|p2a: Zapdos|Pressure
|move|p1a: Slowbro|Scald|p2a: Zapdos
|-damage|p2a: Zapdos|236\/384 brn
|
|-damage|p2a: Zapdos|188\/384 brn|[from] brn
|turn|48
|
|switch|p1a: Chansey|Chansey, F|353\/704
|move|p2a: Zapdos|Discharge|p1a: Chansey
|-damage|p1a: Chansey|278\/704
|
|-damage|p2a: Zapdos|140\/384 brn|[from] brn
|turn|49
|
|switch|p2a: Scizor|Scizor, M|203\/344
|move|p1a: Chansey|Soft-Boiled|p1a: Chansey
|-heal|p1a: Chansey|630\/704
|
|turn|50
|
|move|p2a: Scizor|Knock Off|p1a: Chansey
|-damage|p1a: Chansey|391\/704
|-enditem|p1a: Chansey|Eviolite|[from] move: Knock Off|[of] p2a: Scizor
|move|p1a: Chansey|Soft-Boiled|p1a: Chansey
|-heal|p1a: Chansey|704\/704
|
|turn|51
|
|switch|p2a: Gallade|Gallade-Mega, M|118\/278
|move|p1a: Chansey|Wish|p1a: Chansey
|
|turn|52
|
|switch|p1a: Slowbro|Slowbro, M|394\/394
|move|p2a: Gallade|Swords Dance|p2a: Gallade
|-boost|p2a: Gallade|atk|2
|
|turn|53
|
|move|p2a: Gallade|Knock Off|p1a: Slowbro
|-supereffective|p1a: Slowbro
|-damage|p1a: Slowbro|160\/394
|move|p1a: Slowbro|Thunder Wave|p2a: Gallade
|-status|p2a: Gallade|par
|
|turn|54
|
|switch|p1a: Altaria|Altaria-Mega, F|146\/292
|cant|p2a: Gallade|par
|
|turn|55
|
|move|p1a: Altaria|Frustration|p2a: Gallade
|-supereffective|p2a: Gallade
|-damage|p2a: Gallade|0 fnt
|faint|p2a: Gallade
|
|
|switch|p2a: Scizor|Scizor, M|203\/344
|turn|56
|
|move|p1a: Altaria|Frustration|p2a: Scizor
|-resisted|p2a: Scizor
|-damage|p2a: Scizor|105\/344
|move|p2a: Scizor|U-turn|p1a: Altaria
|-resisted|p1a: Altaria
|-damage|p1a: Altaria|50\/292
|
|switch|p2a: Zapdos|Zapdos|140\/384 brn
|-ability|p2a: Zapdos|Pressure
|
|-damage|p2a: Zapdos|92\/384 brn|[from] brn
|turn|57
|
|move|p2a: Zapdos|Discharge|p1a: Altaria
|-resisted|p1a: Altaria
|-damage|p1a: Altaria|0 fnt
|faint|p1a: Altaria
|
|-damage|p2a: Zapdos|44\/384 brn|[from] brn
|
|switch|p1a: Chansey|Chansey, F|704\/704
|turn|58
|
|switch|p2a: Scizor|Scizor, M|105\/344
|move|p1a: Chansey|Seismic Toss|p2a: Scizor
|-damage|p2a: Scizor|5\/344
|
|turn|59
|
|move|p2a: Scizor|Superpower|p1a: Chansey
|-supereffective|p1a: Chansey
|-damage|p1a: Chansey|0 fnt
|-unboost|p2a: Scizor|atk|1
|-unboost|p2a: Scizor|def|1
|faint|p1a: Chansey
|
|
|switch|p1a: Slowbro|Slowbro, M|291\/394
|turn|60
|
|move|p2a: Scizor|Superpower|p1a: Slowbro
|-resisted|p1a: Slowbro
|-damage|p1a: Slowbro|237\/394
|-unboost|p2a: Scizor|atk|1
|-unboost|p2a: Scizor|def|1
|move|p1a: Slowbro|Scald|p2a: Scizor
|-damage|p2a: Scizor|0 fnt
|faint|p2a: Scizor
|
|
|switch|p2a: Zapdos|Zapdos|44\/384 brn
|-ability|p2a: Zapdos|Pressure
|turn|61
|
|move|p2a: Zapdos|Discharge|p1a: Slowbro
|-supereffective|p1a: Slowbro
|-damage|p1a: Slowbro|0 fnt
|faint|p1a: Slowbro
|
|win|PokeHD
|raw|Ladder updating...