|join|Wizyu
|join|PokeHD
|player|p1|Wizyu|265
|player|p2|PokeHD|2
|gametype|singles
|gen|6
|tier|OU
|rated
|clearpoke
|poke|p1|Lopunny, M
|poke|p1|Gengar, M
|poke|p1|Landorus-Therian, M
|poke|p1|Rotom-Wash
|poke|p1|Talonflame, M
|poke|p1|Scizor, M
|poke|p2|Gallade, M
|poke|p2|Scizor, M
|poke|p2|Landorus-Therian, M
|poke|p2|Zapdos
|poke|p2|Rotom-Wash
|poke|p2|Sylveon, F
|rule|Swagger Clause: Swagger is banned
|rule|Baton Pass Clause: Limit one PokÃ©mon knowing Baton Pass
|rule|Sleep Clause Mod: Limit one foe put to sleep
|rule|Species Clause: Limit one of each PokÃ©mon
|rule|OHKO Clause: OHKO moves are banned
|rule|Moody Clause: Moody is banned
|rule|Evasion Moves Clause: Evasion moves are banned
|rule|Endless Battle Clause: Forcing endless battles is banned
|rule|HP Percentage Mod: HP is shown in percentages
|teampreview
|
|start
|switch|p1a: Lopunny|Lopunny, M|272\/272
|switch|p2a: Rotom-Wash|Rotom-Wash|304\/304
|turn|1
|
|detailschange|p1a: Lopunny|Lopunny-Mega, M
|message|Lopunny has Mega Evolved into Mega Lopunny!
|move|p1a: Lopunny|Fake Out|p2a: Rotom-Wash
|-crit|p2a: Rotom-Wash
|-damage|p2a: Rotom-Wash|220\/304
|cant|p2a: Rotom-Wash|flinch
|
|-heal|p2a: Rotom-Wash|239\/304|[from] item: Leftovers
|turn|2
|
|switch|p1a: Rotom-Wash|Rotom-Wash|304\/304
|move|p2a: Rotom-Wash|Will-O-Wisp|p1a: Rotom-Wash
|-status|p1a: Rotom-Wash|brn
|
|-heal|p2a: Rotom-Wash|258\/304|[from] item: Leftovers
|-damage|p1a: Rotom-Wash|266\/304 brn|[from] brn
|turn|3
|
|move|p1a: Rotom-Wash|Will-O-Wisp|p2a: Rotom-Wash
|-status|p2a: Rotom-Wash|brn
|move|p2a: Rotom-Wash|Volt Switch|p1a: Rotom-Wash
|-damage|p1a: Rotom-Wash|208\/304 brn
|
|switch|p2a: Sylveon|Sylveon, F|394\/394
|
|-heal|p1a: Rotom-Wash|227\/304 brn|[from] item: Leftovers
|-damage|p1a: Rotom-Wash|189\/304 brn|[from] brn
|turn|4
|
|switch|p1a: Scizor|Scizor, M|344\/344
|move|p2a: Sylveon|Hyper Voice|p1a: Scizor
|-resisted|p1a: Scizor
|-damage|p1a: Scizor|261\/344
|
|turn|5
|
|move|p2a: Sylveon|Protect|p2a: Sylveon
|-singleturn|p2a: Sylveon|Protect
|move|p1a: Scizor|Bullet Punch|p2a: Sylveon
|-activate|p2a: Sylveon|Protect
|
|turn|6
|
|switch|p2a: Rotom-Wash|Rotom-Wash|258\/304 brn
|move|p1a: Scizor|Roost|p1a: Scizor
|-heal|p1a: Scizor|344\/344
|
|-heal|p2a: Rotom-Wash|277\/304 brn|[from] item: Leftovers
|-damage|p2a: Rotom-Wash|239\/304 brn|[from] brn
|turn|7
|
|switch|p1a: Rotom-Wash|Rotom-Wash|189\/304 brn
|move|p2a: Rotom-Wash|Volt Switch|p1a: Rotom-Wash
|-damage|p1a: Rotom-Wash|129\/304 brn
|
|switch|p2a: Zapdos|Zapdos|384\/384
|-ability|p2a: Zapdos|Pressure
|
|-heal|p1a: Rotom-Wash|148\/304 brn|[from] item: Leftovers
|-damage|p1a: Rotom-Wash|110\/304 brn|[from] brn
|turn|8
|
|move|p2a: Zapdos|Discharge|p1a: Rotom-Wash
|-damage|p1a: Rotom-Wash|31\/304 brn
|move|p1a: Rotom-Wash|Pain Split|p2a: Zapdos
|-sethp|p2a: Zapdos|207\/384|p1a: Rotom-Wash|207\/304 brn|[from] move: Pain Split
|
|-heal|p2a: Zapdos|231\/384|[from] item: Leftovers
|-heal|p1a: Rotom-Wash|226\/304 brn|[from] item: Leftovers
|-damage|p1a: Rotom-Wash|188\/304 brn|[from] brn
|turn|9
|
|move|p2a: Zapdos|Roost|p2a: Zapdos
|-heal|p2a: Zapdos|384\/384
|move|p1a: Rotom-Wash|Hydro Pump|p2a: Zapdos
|-damage|p2a: Zapdos|230\/384
|
|-heal|p2a: Zapdos|254\/384|[from] item: Leftovers
|-heal|p1a: Rotom-Wash|207\/304 brn|[from] item: Leftovers
|-damage|p1a: Rotom-Wash|169\/304 brn|[from] brn
|turn|10
|
|move|p2a: Zapdos|Discharge|p1a: Rotom-Wash
|-damage|p1a: Rotom-Wash|94\/304 brn
|move|p1a: Rotom-Wash|Will-O-Wisp|p2a: Zapdos
|-status|p2a: Zapdos|brn
|
|-heal|p2a: Zapdos|278\/384 brn|[from] item: Leftovers
|-heal|p1a: Rotom-Wash|113\/304 brn|[from] item: Leftovers
|-damage|p2a: Zapdos|230\/384 brn|[from] brn
|-damage|p1a: Rotom-Wash|75\/304 brn|[from] brn
|turn|11
|
|move|p2a: Zapdos|Discharge|p1a: Rotom-Wash
|-damage|p1a: Rotom-Wash|0 fnt
|faint|p1a: Rotom-Wash
|
|-heal|p2a: Zapdos|254\/384 brn|[from] item: Leftovers
|-damage|p2a: Zapdos|206\/384 brn|[from] brn
|
|switch|p1a: Lopunny|Lopunny-Mega, M|272\/272
|turn|12
|
|switch|p2a: Rotom-Wash|Rotom-Wash|239\/304 brn
|move|p1a: Lopunny|Fake Out|p2a: Rotom-Wash
|-damage|p2a: Rotom-Wash|182\/304 brn
|
|-heal|p2a: Rotom-Wash|201\/304 brn|[from] item: Leftovers
|-damage|p2a: Rotom-Wash|163\/304 brn|[from] brn
|turn|13
|
|switch|p1a: Talonflame|Talonflame, M|298\/298
|switch|p2a: Landorus-Therian|Landorus-Therian, M|319\/319
|-ability|p2a: Landorus-Therian|Intimidate|[of] p1a: Talonflame
|-unboost|p1a: Talonflame|atk|1
|
|turn|14
|
|switch|p1a: Landorus-Therian|Landorus-Therian, M|382\/382
|-ability|p1a: Landorus-Therian|Intimidate|[of] p2a: Landorus-Therian
|-unboost|p2a: Landorus-Therian|atk|1
|move|p2a: Landorus-Therian|Knock Off|p1a: Landorus-Therian
|-damage|p1a: Landorus-Therian|313\/382
|-enditem|p1a: Landorus-Therian|Leftovers|[from] move: Knock Off|[of] p2a: Landorus-Therian
|
|turn|15
|
|switch|p2a: Scizor|Scizor, M|344\/344
|move|p1a: Landorus-Therian|Stealth Rock|p2a: Scizor
|-sidestart|p2: PokeHD|move: Stealth Rock
|
|turn|16
|
|move|p2a: Scizor|Bullet Punch|p1a: Landorus-Therian
|-damage|p1a: Landorus-Therian|180\/382
|move|p1a: Landorus-Therian|Knock Off|p2a: Scizor
|-damage|p2a: Scizor|230\/344
|-enditem|p2a: Scizor|Choice Band|[from] move: Knock Off|[of] p1a: Landorus-Therian
|
|turn|17
|
|switch|p2a: Landorus-Therian|Landorus-Therian, M|319\/319
|-damage|p2a: Landorus-Therian|280\/319|[from] Stealth Rock
|-ability|p2a: Landorus-Therian|Intimidate|[of] p1a: Landorus-Therian
|-unboost|p1a: Landorus-Therian|atk|1
|move|p1a: Landorus-Therian|Earthquake|p2a: Landorus-Therian
|-immune|p2a: Landorus-Therian|[msg]
|
|turn|18
|
|switch|p2a: Scizor|Scizor, M|230\/344
|-damage|p2a: Scizor|187\/344|[from] Stealth Rock
|switch|p1a: Scizor|Scizor, M|344\/344
|
|turn|19
|
|move|p2a: Scizor|Knock Off|p1a: Scizor
|-damage|p1a: Scizor|260\/344
|-enditem|p1a: Scizor|Occa Berry|[from] move: Knock Off|[of] p2a: Scizor
|move|p1a: Scizor|Superpower|p2a: Scizor
|-damage|p2a: Scizor|70\/344
|-unboost|p1a: Scizor|atk|1
|-unboost|p1a: Scizor|def|1
|
|turn|20
|
|switch|p1a: Landorus-Therian|Landorus-Therian, M|180\/382
|-ability|p1a: Landorus-Therian|Intimidate|[of] p2a: Scizor
|-unboost|p2a: Scizor|atk|1
|move|p2a: Scizor|Superpower|p1a: Landorus-Therian
|-resisted|p1a: Landorus-Therian
|-damage|p1a: Landorus-Therian|142\/382
|-unboost|p2a: Scizor|atk|1
|-unboost|p2a: Scizor|def|1
|
|turn|21
|
|move|p2a: Scizor|Bullet Punch|p1a: Landorus-Therian
|-damage|p1a: Landorus-Therian|100\/382
|move|p1a: Landorus-Therian|Knock Off|p2a: Scizor
|-damage|p2a: Scizor|0 fnt
|faint|p2a: Scizor
|
|
|switch|p2a: Sylveon|Sylveon, F|394\/394
|-damage|p2a: Sylveon|345\/394|[from] Stealth Rock
|turn|22
|
|move|p1a: Landorus-Therian|Knock Off|p2a: Sylveon
|-resisted|p2a: Sylveon
|-damage|p2a: Sylveon|269\/394
|-enditem|p2a: Sylveon|Leftovers|[from] move: Knock Off|[of] p1a: Landorus-Therian
|move|p2a: Sylveon|Heal Bell|p2a: Sylveon
|-cureteam|p2a: Sylveon|[from] move: HealBell
|
|turn|23
|
|move|p1a: Landorus-Therian|Earthquake|p2a: Sylveon
|-damage|p2a: Sylveon|23\/394
|move|p2a: Sylveon|Hyper Voice|p1a: Landorus-Therian
|-damage|p1a: Landorus-Therian|0 fnt
|faint|p1a: Landorus-Therian
|
|
|switch|p1a: Gengar|Gengar, M|262\/262
|turn|24
|
|move|p1a: Gengar|Shadow Ball|p2a: Sylveon
|-damage|p2a: Sylveon|0 fnt
|-damage|p1a: Gengar|236\/262|[from] item: Life Orb
|faint|p2a: Sylveon
|
|
|switch|p2a: Landorus-Therian|Landorus-Therian, M|280\/319
|-damage|p2a: Landorus-Therian|241\/319|[from] Stealth Rock
|-ability|p2a: Landorus-Therian|Intimidate|[of] p1a: Gengar
|-unboost|p1a: Gengar|atk|1
|turn|25
|
|switch|p1a: Scizor|Scizor, M|260\/344
|move|p2a: Landorus-Therian|Knock Off|p1a: Scizor
|-damage|p1a: Scizor|198\/344
|
|turn|26
|
|switch|p2a: Zapdos|Zapdos|206\/384
|-damage|p2a: Zapdos|110\/384|[from] Stealth Rock
|-ability|p2a: Zapdos|Pressure
|move|p1a: Scizor|Roost|p1a: Scizor
|-heal|p1a: Scizor|344\/344
|
|-heal|p2a: Zapdos|134\/384|[from] item: Leftovers
|turn|27
|
|switch|p1a: Lopunny|Lopunny-Mega, M|272\/272
|move|p2a: Zapdos|Roost|p2a: Zapdos
|-heal|p2a: Zapdos|326\/384
|
|-heal|p2a: Zapdos|350\/384|[from] item: Leftovers
|turn|28
|
|move|p1a: Lopunny|Fake Out|p2a: Zapdos
|-damage|p2a: Zapdos|284\/384
|cant|p2a: Zapdos|flinch
|
|-heal|p2a: Zapdos|308\/384|[from] item: Leftovers
|turn|29
|
|move|p1a: Lopunny|Ice Punch|p2a: Zapdos
|-supereffective|p2a: Zapdos
|-damage|p2a: Zapdos|158\/384
|move|p2a: Zapdos|Discharge|p1a: Lopunny
|-damage|p1a: Lopunny|155\/272
|
|-heal|p2a: Zapdos|182\/384|[from] item: Leftovers
|turn|30
|
|move|p1a: Lopunny|Ice Punch|p2a: Zapdos
|-supereffective|p2a: Zapdos
|-damage|p2a: Zapdos|22\/384
|move|p2a: Zapdos|Roost|p2a: Zapdos
|-heal|p2a: Zapdos|214\/384
|
|-heal|p2a: Zapdos|238\/384|[from] item: Leftovers
|turn|31
|
|switch|p1a: Gengar|Gengar, M|236\/262
|move|p2a: Zapdos|Roost|p2a: Zapdos
|-heal|p2a: Zapdos|384\/384
|
|turn|32
|
|move|p1a: Gengar|Shadow Ball|p2a: Zapdos
|-damage|p2a: Zapdos|184\/384
|-damage|p1a: Gengar|210\/262|[from] item: Life Orb
|move|p2a: Zapdos|Discharge|p1a: Gengar
|-damage|p1a: Gengar|60\/262
|
|-heal|p2a: Zapdos|208\/384|[from] item: Leftovers
|turn|33
|
|switch|p2a: Rotom-Wash|Rotom-Wash|163\/304
|-damage|p2a: Rotom-Wash|125\/304|[from] Stealth Rock
|move|p1a: Gengar|Shadow Ball|p2a: Rotom-Wash
|-damage|p2a: Rotom-Wash|0 fnt
|-damage|p1a: Gengar|34\/262|[from] item: Life Orb
|faint|p2a: Rotom-Wash
|
|
|switch|p2a: Landorus-Therian|Landorus-Therian, M|241\/319
|-damage|p2a: Landorus-Therian|202\/319|[from] Stealth Rock
|-ability|p2a: Landorus-Therian|Intimidate|[of] p1a: Gengar
|-unboost|p1a: Gengar|atk|1
|turn|34
|
|move|p2a: Landorus-Therian|U-turn|p1a: Gengar
|-resisted|p1a: Gengar
|-damage|p1a: Gengar|0 fnt
|faint|p1a: Gengar
|
|switch|p2a: Gallade|Gallade, M|278\/278
|-damage|p2a: Gallade|261\/278|[from] Stealth Rock
|
|
|switch|p1a: Talonflame|Talonflame, M|298\/298
|turn|35
|
|switch|p2a: Landorus-Therian|Landorus-Therian, M|202\/319
|-damage|p2a: Landorus-Therian|163\/319|[from] Stealth Rock
|-ability|p2a: Landorus-Therian|Intimidate|[of] p1a: Talonflame
|-unboost|p1a: Talonflame|atk|1
|move|p1a: Talonflame|Brave Bird|p2a: Landorus-Therian
|-crit|p2a: Landorus-Therian
|-damage|p2a: Landorus-Therian|0 fnt
|-damage|p1a: Talonflame|244\/298|[from] recoil|[of] p2a: Landorus-Therian
|faint|p2a: Landorus-Therian
|
|
|switch|p2a: Zapdos|Zapdos|208\/384
|-damage|p2a: Zapdos|112\/384|[from] Stealth Rock
|-ability|p2a: Zapdos|Pressure
|turn|36
|
|switch|p1a: Lopunny|Lopunny-Mega, M|155\/272
|move|p2a: Zapdos|Roost|p2a: Zapdos
|-heal|p2a: Zapdos|304\/384
|
|-heal|p2a: Zapdos|328\/384|[from] item: Leftovers
|turn|37
|
|move|p1a: Lopunny|Fake Out|p2a: Zapdos
|-damage|p2a: Zapdos|262\/384
|cant|p2a: Zapdos|flinch
|
|-heal|p2a: Zapdos|286\/384|[from] item: Leftovers
|turn|38
|
|move|p1a: Lopunny|Ice Punch|p2a: Zapdos
|-supereffective|p2a: Zapdos
|-damage|p2a: Zapdos|122\/384
|move|p2a: Zapdos|Roost|p2a: Zapdos
|-heal|p2a: Zapdos|314\/384
|
|-heal|p2a: Zapdos|338\/384|[from] item: Leftovers
|turn|39
|
|move|p1a: Lopunny|Ice Punch|p2a: Zapdos
|-supereffective|p2a: Zapdos
|-damage|p2a: Zapdos|180\/384
|move|p2a: Zapdos|Discharge|p1a: Lopunny
|-damage|p1a: Lopunny|46\/272
|
|-heal|p2a: Zapdos|204\/384|[from] item: Leftovers
|turn|40
|
|move|p1a: Lopunny|Ice Punch|p2a: Zapdos
|-supereffective|p2a: Zapdos
|-damage|p2a: Zapdos|36\/384
|move|p2a: Zapdos|Roost|p2a: Zapdos
|-heal|p2a: Zapdos|228\/384
|
|-heal|p2a: Zapdos|252\/384|[from] item: Leftovers
|turn|41
|
|move|p1a: Lopunny|Ice Punch|p2a: Zapdos
|-supereffective|p2a: Zapdos
|-damage|p2a: Zapdos|92\/384
|move|p2a: Zapdos|Roost|p2a: Zapdos
|-heal|p2a: Zapdos|284\/384
|
|-heal|p2a: Zapdos|308\/384|[from] item: Leftovers
|turn|42
|
|move|p1a: Lopunny|Ice Punch|p2a: Zapdos
|-supereffective|p2a: Zapdos
|-damage|p2a: Zapdos|146\/384
|move|p2a: Zapdos|Roost|p2a: Zapdos
|-heal|p2a: Zapdos|338\/384
|
|-heal|p2a: Zapdos|362\/384|[from] item: Leftovers
|turn|43
|
|move|p1a: Lopunny|Ice Punch|p2a: Zapdos
|-supereffective|p2a: Zapdos
|-damage|p2a: Zapdos|208\/384
|move|p2a: Zapdos|Discharge|p1a: Lopunny
|-damage|p1a: Lopunny|0 fnt
|faint|p1a: Lopunny
|
|-heal|p2a: Zapdos|232\/384|[from] item: Leftovers
|
|switch|p1a: Talonflame|Talonflame, M|244\/298
|turn|44
|
|move|p1a: Talonflame|Flare Blitz|p2a: Zapdos
|-damage|p2a: Zapdos|10\/384
|-damage|p1a: Talonflame|171\/298|[from] recoil|[of] p2a: Zapdos
|move|p2a: Zapdos|Discharge|p1a: Talonflame
|-supereffective|p1a: Talonflame
|-damage|p1a: Talonflame|0 fnt
|faint|p1a: Talonflame
|
|-heal|p2a: Zapdos|34\/384|[from] item: Leftovers
|
|switch|p1a: Scizor|Scizor, M|344\/344
|turn|45
|
|move|p1a: Scizor|Bullet Punch|p2a: Zapdos
|-resisted|p2a: Zapdos
|-damage|p2a: Zapdos|0 fnt
|faint|p2a: Zapdos
|
|
|switch|p2a: Gallade|Gallade, M|261\/278
|-damage|p2a: Gallade|244\/278|[from] Stealth Rock
|turn|46
|
|detailschange|p2a: Gallade|Gallade-Mega, M
|message|Gallade has Mega Evolved into Mega Gallade!
|move|p1a: Scizor|Bullet Punch|p2a: Gallade
|-damage|p2a: Gallade|147\/278
|move|p2a: Gallade|Knock Off|p1a: Scizor
|-damage|p1a: Scizor|274\/344
|
|turn|47
|
|move|p1a: Scizor|Bullet Punch|p2a: Gallade
|-damage|p2a: Gallade|50\/278
|move|p2a: Gallade|Close Combat|p1a: Scizor
|-damage|p1a: Scizor|87\/344
|-unboost|p2a: Gallade|def|1
|-unboost|p2a: Gallade|spd|1
|
|turn|48
|-message|PokeHD forfeited.
|
|win|Wizyu
|raw|Ladder updating...
|leave|PokeHD
|player|p2
|raw|Wizyu's rating: 1300 &rarr; <strong>1323<\/strong><br \/>(+23 for winning)
|raw|PokeHD's rating: 1279 &rarr; <strong>1256<\/strong><br \/>(-23 for losing)