|join|presidentstyle
|join|PokeHD
|player|p1|presidentstyle|238
|player|p2|PokeHD|2
|gametype|singles
|gen|6
|tier|OU
|rated
|clearpoke
|poke|p1|Chansey, F
|poke|p1|Skarmory, M
|poke|p1|Gardevoir, F
|poke|p1|Garchomp, M
|poke|p1|Galvantula, F
|poke|p1|Diggersby, M
|poke|p2|Sableye, M
|poke|p2|Excadrill, M
|poke|p2|Manaphy
|poke|p2|Gliscor, F
|poke|p2|Talonflame, F
|poke|p2|Clefable, M
|rule|Swagger Clause: Swagger is banned
|rule|Baton Pass Clause: Limit one PokÃ©mon knowing Baton Pass
|rule|Sleep Clause Mod: Limit one foe put to sleep
|rule|Species Clause: Limit one of each PokÃ©mon
|rule|OHKO Clause: OHKO moves are banned
|rule|Moody Clause: Moody is banned
|rule|Evasion Moves Clause: Evasion moves are banned
|rule|Endless Battle Clause: Forcing endless battles is banned
|rule|HP Percentage Mod: HP is shown in percentages
|teampreview
|
|start
|switch|p1a: Ungoliant|Galvantula, F|282\/282
|switch|p2a: Sableye|Sableye, M|303\/303
|turn|1
|
|detailschange|p2a: Sableye|Sableye-Mega, M
|-mega|p2a: Sableye|Sableye|Sablenite
|move|p1a: Ungoliant|Thunder|p2a: Sableye
|-damage|p2a: Sableye|194\/303
|move|p2a: Sableye|Knock Off|p1a: Ungoliant
|-damage|p1a: Ungoliant|125\/282
|-enditem|p1a: Ungoliant|Focus Sash|[from] move: Knock Off|[of] p2a: Sableye
|
|turn|2
|
|switch|p2a: Excadrill|Excadrill, M|424\/424
|-ability|p2a: Excadrill|Mold Breaker
|move|p1a: Ungoliant|Bug Buzz|p2a: Excadrill
|-resisted|p2a: Excadrill
|-damage|p2a: Excadrill|361\/424
|
|-heal|p2a: Excadrill|387\/424|[from] item: Leftovers
|turn|3
|
|switch|p2a: Sableye|Sableye-Mega, M|194\/303
|move|p1a: Ungoliant|Sticky Web|p2a: Sableye
|move|p2a: Sableye|Sticky Web|p1a: Ungoliant|[from]Magic Bounce
|-sidestart|p1: presidentstyle|move: Sticky Web
|
|turn|4
|
|move|p1a: Ungoliant|Thunder|p2a: Sableye
|-damage|p2a: Sableye|91\/303
|move|p2a: Sableye|Recover|p2a: Sableye
|-heal|p2a: Sableye|243\/303
|
|turn|5
|
|move|p1a: Ungoliant|Thunder|p2a: Sableye
|-damage|p2a: Sableye|135\/303
|move|p2a: Sableye|Foul Play|p1a: Ungoliant
|-damage|p1a: Ungoliant|7\/282
|
|turn|6
|
|move|p1a: Ungoliant|Thunder|p2a: Sableye
|-damage|p2a: Sableye|36\/303
|-status|p2a: Sableye|par
|cant|p2a: Sableye|par
|
|turn|7
|
|move|p1a: Ungoliant|Bug Buzz|p2a: Sableye
|-damage|p2a: Sableye|0 fnt
|faint|p2a: Sableye
|
|
|switch|p2a: Talonflame|Talonflame, F|345\/345
|turn|8
|
|move|p2a: Talonflame|Brave Bird|p1a: Ungoliant
|-damage|p1a: Ungoliant|0 fnt
|-damage|p2a: Talonflame|343\/345|[from] recoil|[of] p1a: Ungoliant
|faint|p1a: Ungoliant
|
|-heal|p2a: Talonflame|345\/345|[from] item: Leftovers
|
|switch|p1a: Comandu'|Chansey, F|704\/704
|-activate|p1a: Comandu'|move: Sticky Web
|-unboost|p1a: Comandu'|spe|1
|turn|9
|
|move|p2a: Talonflame|Taunt|p1a: Comandu'
|-start|p1a: Comandu'|move: Taunt
|move|p1a: Comandu'|Seismic Toss|p2a: Talonflame
|-damage|p2a: Talonflame|245\/345
|
|-heal|p2a: Talonflame|266\/345|[from] item: Leftovers
|turn|10
|
|switch|p1a: Roc|Skarmory, M|334\/334
|move|p2a: Talonflame|Brave Bird|p1a: Roc
|-resisted|p1a: Roc
|-damage|p1a: Roc|289\/334
|-damage|p2a: Talonflame|209\/345|[from] item: Rocky Helmet|[of] p1a: Roc
|-damage|p2a: Talonflame|194\/345|[from] recoil|[of] p1a: Roc
|
|-heal|p2a: Talonflame|215\/345|[from] item: Leftovers
|turn|11
|
|move|p2a: Talonflame|Will-O-Wisp|p1a: Roc
|-status|p1a: Roc|brn
|move|p1a: Roc|Brave Bird|p2a: Talonflame
|-damage|p2a: Talonflame|134\/345
|-damage|p1a: Roc|262\/334 brn|[from] recoil|[of] p2a: Talonflame
|
|-heal|p2a: Talonflame|155\/345|[from] item: Leftovers
|-damage|p1a: Roc|221\/334 brn|[from] brn
|turn|12
|
|move|p2a: Talonflame|Taunt|p1a: Roc
|-start|p1a: Roc|move: Taunt
|cant|p1a: Roc|move: Taunt|Stealth Rock
|
|-heal|p2a: Talonflame|176\/345|[from] item: Leftovers
|-damage|p1a: Roc|180\/334 brn|[from] brn
|turn|13
|
|move|p2a: Talonflame|Roost|p2a: Talonflame
|-heal|p2a: Talonflame|345\/345
|move|p1a: Roc|Brave Bird|p2a: Talonflame
|-damage|p2a: Talonflame|272\/345
|-damage|p1a: Roc|156\/334 brn|[from] recoil|[of] p2a: Talonflame
|
|-heal|p2a: Talonflame|293\/345|[from] item: Leftovers
|-damage|p1a: Roc|115\/334 brn|[from] brn
|turn|14
|
|switch|p1a: Comandu'|Chansey, F|704\/704
|-activate|p1a: Comandu'|move: Sticky Web
|-unboost|p1a: Comandu'|spe|1
|move|p2a: Talonflame|Will-O-Wisp|p1a: Comandu'|[miss]
|-miss|p2a: Talonflame|p1a: Comandu'
|
|-heal|p2a: Talonflame|314\/345|[from] item: Leftovers
|turn|15
|
|move|p2a: Talonflame|Taunt|p1a: Comandu'
|-start|p1a: Comandu'|move: Taunt
|move|p1a: Comandu'|Seismic Toss|p2a: Talonflame
|-damage|p2a: Talonflame|214\/345
|
|-heal|p2a: Talonflame|235\/345|[from] item: Leftovers
|turn|16
|
|move|p2a: Talonflame|Brave Bird|p1a: Comandu'
|-damage|p1a: Comandu'|484\/704
|-damage|p2a: Talonflame|162\/345|[from] recoil|[of] p1a: Comandu'
|move|p1a: Comandu'|Seismic Toss|p2a: Talonflame
|-damage|p2a: Talonflame|62\/345
|
|-heal|p2a: Talonflame|83\/345|[from] item: Leftovers
|turn|17
|
|move|p2a: Talonflame|Roost|p2a: Talonflame
|-heal|p2a: Talonflame|256\/345
|move|p1a: Comandu'|Seismic Toss|p2a: Talonflame
|-damage|p2a: Talonflame|156\/345
|
|-heal|p2a: Talonflame|177\/345|[from] item: Leftovers
|-end|p1a: Comandu'|move: Taunt
|turn|18
|
|move|p2a: Talonflame|Taunt|p1a: Comandu'
|-start|p1a: Comandu'|move: Taunt
|move|p1a: Comandu'|Seismic Toss|p2a: Talonflame
|-damage|p2a: Talonflame|77\/345
|
|-heal|p2a: Talonflame|98\/345|[from] item: Leftovers
|turn|19
|
|move|p2a: Talonflame|Roost|p2a: Talonflame
|-heal|p2a: Talonflame|271\/345
|move|p1a: Comandu'|Seismic Toss|p2a: Talonflame
|-damage|p2a: Talonflame|171\/345
|
|-heal|p2a: Talonflame|192\/345|[from] item: Leftovers
|turn|20
|
|move|p2a: Talonflame|Roost|p2a: Talonflame
|-heal|p2a: Talonflame|345\/345
|move|p1a: Comandu'|Seismic Toss|p2a: Talonflame
|-damage|p2a: Talonflame|245\/345
|
|-heal|p2a: Talonflame|266\/345|[from] item: Leftovers
|-end|p1a: Comandu'|move: Taunt
|turn|21
|
|move|p2a: Talonflame|Taunt|p1a: Comandu'
|-start|p1a: Comandu'|move: Taunt
|move|p1a: Comandu'|Seismic Toss|p2a: Talonflame
|-damage|p2a: Talonflame|166\/345
|
|-heal|p2a: Talonflame|187\/345|[from] item: Leftovers
|turn|22
|
|move|p2a: Talonflame|Will-O-Wisp|p1a: Comandu'
|-status|p1a: Comandu'|brn
|move|p1a: Comandu'|Seismic Toss|p2a: Talonflame
|-damage|p2a: Talonflame|87\/345
|
|-heal|p2a: Talonflame|108\/345|[from] item: Leftovers
|-damage|p1a: Comandu'|396\/704 brn|[from] brn
|turn|23
|
|switch|p1a: Roc|Skarmory, M|115\/334 brn
|move|p2a: Talonflame|Roost|p2a: Talonflame
|-heal|p2a: Talonflame|281\/345
|
|-heal|p2a: Talonflame|302\/345|[from] item: Leftovers
|-damage|p1a: Roc|74\/334 brn|[from] brn
|turn|24
|
|move|p2a: Talonflame|Taunt|p1a: Roc
|-start|p1a: Roc|move: Taunt
|move|p1a: Roc|Brave Bird|p2a: Talonflame
|-damage|p2a: Talonflame|223\/345
|-damage|p1a: Roc|48\/334 brn|[from] recoil|[of] p2a: Talonflame
|
|-heal|p2a: Talonflame|244\/345|[from] item: Leftovers
|-damage|p1a: Roc|7\/334 brn|[from] brn
|turn|25
|
|move|p2a: Talonflame|Roost|p2a: Talonflame
|-heal|p2a: Talonflame|345\/345
|move|p1a: Roc|Brave Bird|p2a: Talonflame
|-damage|p2a: Talonflame|273\/345
|-damage|p1a: Roc|0 fnt|[from] recoil|[of] p2a: Talonflame
|faint|p1a: Roc
|
|-heal|p2a: Talonflame|294\/345|[from] item: Leftovers
|
|switch|p1a: Fafnir|Garchomp, M|358\/358
|-activate|p1a: Fafnir|move: Sticky Web
|-unboost|p1a: Fafnir|spe|1
|turn|26
|
|switch|p2a: Gliscor|Gliscor, F|353\/353
|move|p1a: Fafnir|Poison Jab|p2a: Gliscor
|-resisted|p2a: Gliscor
|-damage|p2a: Gliscor|325\/353
|
|-status|p2a: Gliscor|tox|[from] item: Toxic Orb
|turn|27
|
|move|p2a: Gliscor|Earthquake|p1a: Fafnir
|-damage|p1a: Fafnir|249\/358
|move|p1a: Fafnir|Swords Dance|p1a: Fafnir
|-boost|p1a: Fafnir|atk|2
|
|-heal|p2a: Gliscor|353\/353 tox|[from] ability: Poison Heal
|turn|28
|
|switch|p2a: Clefable|Clefable, M|393\/393
|move|p1a: Fafnir|Dragon Claw|p2a: Clefable
|-immune|p2a: Clefable|[msg]
|
|turn|29
|
|move|p1a: Fafnir|Poison Jab|p2a: Clefable
|-supereffective|p2a: Clefable
|-damage|p2a: Clefable|219\/393
|-status|p2a: Clefable|psn
|move|p2a: Clefable|Moonblast|p1a: Fafnir
|-supereffective|p1a: Fafnir
|-damage|p1a: Fafnir|7\/358
|-unboost|p1a: Fafnir|spa|1
|
|-heal|p2a: Clefable|243\/393 psn|[from] item: Leftovers
|-damage|p2a: Clefable|194\/393 psn|[from] psn
|turn|30
|
|switch|p2a: Gliscor|Gliscor, F|353\/353 tox
|move|p1a: Fafnir|Poison Jab|p2a: Gliscor
|-resisted|p2a: Gliscor
|-damage|p2a: Gliscor|291\/353 tox
|
|-heal|p2a: Gliscor|335\/353 tox|[from] ability: Poison Heal
|turn|31
|
|move|p2a: Gliscor|Earthquake|p1a: Fafnir
|-damage|p1a: Fafnir|0 fnt
|faint|p1a: Fafnir
|
|-heal|p2a: Gliscor|353\/353 tox|[from] ability: Poison Heal
|
|switch|p1a: Gardevoir|Gardevoir, F|278\/278
|-activate|p1a: Gardevoir|move: Sticky Web
|-unboost|p1a: Gardevoir|spe|1
|-ability|p1a: Gardevoir|Poison Heal|[from] ability: Trace|[of] p2a: Gliscor
|turn|32
|
|switch|p2a: Excadrill|Excadrill, M|387\/424
|-ability|p2a: Excadrill|Mold Breaker
|detailschange|p1a: Gardevoir|Gardevoir-Mega, F
|-mega|p1a: Gardevoir|Gardevoir|Gardevoirite
|move|p1a: Gardevoir|Hyper Voice|p2a: Excadrill
|-resisted|p2a: Excadrill
|-damage|p2a: Excadrill|273\/424
|
|-heal|p2a: Excadrill|299\/424|[from] item: Leftovers
|turn|33
|
|move|p1a: Gardevoir|Focus Blast|p2a: Excadrill|[miss]
|-miss|p1a: Gardevoir|p2a: Excadrill
|move|p2a: Excadrill|Earthquake|p1a: Gardevoir
|-damage|p1a: Gardevoir|56\/278
|
|-heal|p2a: Excadrill|325\/424|[from] item: Leftovers
|turn|34
|
|move|p1a: Gardevoir|Focus Blast|p2a: Excadrill
|-supereffective|p2a: Excadrill
|-damage|p2a: Excadrill|0 fnt
|faint|p2a: Excadrill
|
|
|switch|p2a: Talonflame|Talonflame, F|294\/345
|turn|35
|
|move|p2a: Talonflame|Brave Bird|p1a: Gardevoir
|-damage|p1a: Gardevoir|0 fnt
|-damage|p2a: Talonflame|276\/345|[from] recoil|[of] p1a: Gardevoir
|faint|p1a: Gardevoir
|
|-heal|p2a: Talonflame|297\/345|[from] item: Leftovers
|
|switch|p1a: Grendel|Diggersby, M|312\/312
|-activate|p1a: Grendel|move: Sticky Web
|-unboost|p1a: Grendel|spe|1
|turn|36
|
|move|p2a: Talonflame|Will-O-Wisp|p1a: Grendel|[miss]
|-miss|p2a: Talonflame|p1a: Grendel
|move|p1a: Grendel|Return|p2a: Talonflame
|-damage|p2a: Talonflame|0 fnt
|faint|p2a: Talonflame
|
|
|switch|p2a: Manaphy|Manaphy|403\/403
|turn|37
|
|move|p1a: Grendel|Return|p2a: Manaphy
|-damage|p2a: Manaphy|183\/403
|move|p2a: Manaphy|Scald|p1a: Grendel
|-supereffective|p1a: Grendel
|-damage|p1a: Grendel|76\/312
|
|-heal|p2a: Manaphy|208\/403|[from] item: Leftovers
|turn|38
|
|switch|p2a: Clefable|Clefable, M|194\/393 psn
|move|p1a: Grendel|Return|p2a: Clefable
|-damage|p2a: Clefable|0 fnt
|faint|p2a: Clefable
|
|
|switch|p2a: Gliscor|Gliscor, F|353\/353 tox
|turn|39
|
|switch|p1a: Comandu'|Chansey, F|396\/704
|-activate|p1a: Comandu'|move: Sticky Web
|-unboost|p1a: Comandu'|spe|1
|move|p2a: Gliscor|Earthquake|p1a: Comandu'
|-damage|p1a: Comandu'|243\/704
|
|turn|40
|
|move|p2a: Gliscor|Taunt|p1a: Comandu'
|-start|p1a: Comandu'|move: Taunt
|cant|p1a: Comandu'|move: Taunt|Soft-Boiled
|
|turn|41
|
|move|p2a: Gliscor|Earthquake|p1a: Comandu'
|-damage|p1a: Comandu'|95\/704
|move|p1a: Comandu'|Seismic Toss|p2a: Gliscor
|-damage|p2a: Gliscor|253\/353 tox
|
|-heal|p2a: Gliscor|297\/353 tox|[from] ability: Poison Heal
|turn|42
|
|move|p2a: Gliscor|Earthquake|p1a: Comandu'
|-damage|p1a: Comandu'|0 fnt
|faint|p1a: Comandu'
|
|-heal|p2a: Gliscor|341\/353 tox|[from] ability: Poison Heal
|
|switch|p1a: Grendel|Diggersby, M|76\/312
|-activate|p1a: Grendel|move: Sticky Web
|-unboost|p1a: Grendel|spe|1
|turn|43
|
|move|p1a: Grendel|Return|p2a: Gliscor
|-damage|p2a: Gliscor|197\/353 tox
|move|p2a: Gliscor|Earthquake|p1a: Grendel
|-crit|p1a: Grendel
|-damage|p1a: Grendel|0 fnt
|faint|p1a: Grendel
|
|win|PokeHD
|raw|Ladder updating...
|raw|presidentstyle's rating: 1509 &rarr; <strong>1494<\/strong><br \/>(-15 for losing)
|raw|PokeHD's rating: 1608 &rarr; <strong>1623<\/strong><br \/>(+15 for winning)
|leave|presidentstyle