|join|MaatMattos
|join|based godfish
|player|p1|MaatMattos|52
|player|p2|based godfish|144
|gametype|singles
|gen|6
|tier|ORAS OU
|rated
|rule|Sleep Clause Mod: Limit one foe put to sleep
|rule|Species Clause: Limit one of each PokÃ©mon
|rule|OHKO Clause: OHKO moves are banned
|rule|Moody Clause: Moody is banned
|rule|Evasion Moves Clause: Evasion moves are banned
|rule|Endless Battle Clause: Forcing endless battles is banned
|rule|HP Percentage Mod: HP is shown in percentages
|clearpoke
|poke|p1|Manaphy
|poke|p1|Cresselia, F
|poke|p1|Landorus-Therian, M
|poke|p1|Ferrothorn, F
|poke|p1|Slowbro, F
|poke|p1|Keldeo-Resolute
|poke|p2|Gallade, M
|poke|p2|Excadrill, F
|poke|p2|Tyranitar, F
|poke|p2|Clefable, M
|poke|p2|Landorus-Therian, M
|poke|p2|Celebi
|rule|Swagger Clause: Swagger is banned
|rule|Baton Pass Clause: Limit one PokÃ©mon knowing Baton Pass
|teampreview
|c|âbased godfish|gl
|c|âMaatMattos|u2
|
|start
|switch|p1a: Ferrothorn|Ferrothorn, F|351\/351
|switch|p2a: Based Lord|Gallade, M|278\/278
|turn|1
|
|switch|p1a: Landorus-Therian|Landorus-Therian, M|381\/381
|-ability|p1a: Landorus-Therian|Intimidate|[of] p2a: Based Lord
|-unboost|p2a: Based Lord|atk|1
|detailschange|p2a: Based Lord|Gallade-Mega, M
|message|Gallade has Mega Evolved into Mega Gallade!
|move|p2a: Based Lord|Swords Dance|p2a: Based Lord
|-boost|p2a: Based Lord|atk|2
|
|turn|2
|
|move|p2a: Based Lord|Zen Headbutt|p1a: Landorus-Therian
|-damage|p1a: Landorus-Therian|198\/381
|-damage|p2a: Based Lord|232\/278|[from] item: Rocky Helmet|[of] p1a: Landorus-Therian
|cant|p1a: Landorus-Therian|flinch
|
|turn|3
|join|jnn
|
|move|p2a: Based Lord|Zen Headbutt|p1a: Landorus-Therian
|-damage|p1a: Landorus-Therian|0 fnt
|-damage|p2a: Based Lord|186\/278|[from] item: Rocky Helmet|[of] p1a: Landorus-Therian
|faint|p1a: Landorus-Therian
|
|c|âMaatMattos|-.-
|c|âMaatMattos|that aws missleading
|
|switch|p1a: Slowbro|Slowbro, F|393\/393
|turn|4
|c|âbased godfish|ikr
|
|switch|p2a: Celebi|Celebi|363\/363
|detailschange|p1a: Slowbro|Slowbro-Mega, F
|message|Slowbro has Mega Evolved into Mega Slowbro!
|move|p1a: Slowbro|Calm Mind|p1a: Slowbro
|-boost|p1a: Slowbro|spa|1
|-boost|p1a: Slowbro|spd|1
|
|turn|5
|
|switch|p1a: Ferrothorn|Ferrothorn, F|351\/351
|move|p2a: Celebi|Nasty Plot|p2a: Celebi
|-boost|p2a: Celebi|spa|2
|
|turn|6
|
|move|p2a: Celebi|Hidden Power|p1a: Ferrothorn
|-supereffective|p1a: Ferrothorn
|-damage|p1a: Ferrothorn|11\/351
|move|p1a: Ferrothorn|Knock Off|p2a: Celebi
|-supereffective|p2a: Celebi
|-damage|p2a: Celebi|221\/363
|-enditem|p2a: Celebi|Leftovers|[from] move: Knock Off|[of] p1a: Ferrothorn
|
|-heal|p1a: Ferrothorn|32\/351|[from] item: Leftovers
|turn|7
|
|move|p1a: Ferrothorn|Protect|p1a: Ferrothorn
|-singleturn|p1a: Ferrothorn|Protect
|move|p2a: Celebi|Hidden Power|p1a: Ferrothorn
|-activate|p1a: Ferrothorn|Protect
|
|-heal|p1a: Ferrothorn|53\/351|[from] item: Leftovers
|turn|8
|
|switch|p1a: Cresselia|Cresselia, F|444\/444
|move|p2a: Celebi|Hidden Power|p1a: Cresselia
|-damage|p1a: Cresselia|366\/444
|
|turn|9
|
|move|p2a: Celebi|Giga Drain|p1a: Cresselia
|-damage|p1a: Cresselia|225\/444
|-heal|p2a: Celebi|292\/363|[from] drain|[of] p1a: Cresselia
|move|p1a: Cresselia|Light Screen|p1a: Cresselia
|-sidestart|p1: MaatMattos|move: Light Screen
|
|turn|10
|
|move|p2a: Celebi|Nasty Plot|p2a: Celebi
|-boost|p2a: Celebi|spa|2
|move|p1a: Cresselia|Thunder Wave|p2a: Celebi
|-status|p2a: Celebi|par
|
|turn|11
|
|move|p1a: Cresselia|Reflect|p1a: Cresselia
|-sidestart|p1: MaatMattos|Reflect
|move|p2a: Celebi|Giga Drain|p1a: Cresselia
|-damage|p1a: Cresselia|113\/444
|-heal|p2a: Celebi|348\/363 par|[from] drain|[of] p1a: Cresselia
|
|turn|12
|
|switch|p1a: Ferrothorn|Ferrothorn, F|53\/351
|switch|p2a: Godzilla|Tyranitar, F|342\/342
|-weather|Sandstorm
|
|-weather|Sandstorm|[upkeep]
|-heal|p1a: Ferrothorn|74\/351|[from] item: Leftovers
|turn|13
|
|move|p2a: Godzilla|Crunch|p1a: Ferrothorn
|-damage|p1a: Ferrothorn|18\/351
|-damage|p2a: Godzilla|300\/342|[from] ability: Iron Barbs|[of] p1a: Ferrothorn
|move|p1a: Ferrothorn|Leech Seed|p2a: Godzilla
|-start|p2a: Godzilla|move: Leech Seed
|
|-weather|Sandstorm|[upkeep]
|-heal|p1a: Ferrothorn|39\/351|[from] item: Leftovers
|-damage|p2a: Godzilla|258\/342|[from] Leech Seed|[of] p1a: Ferrothorn
|-heal|p1a: Ferrothorn|81\/351|[silent]
|turn|14
|
|switch|p2a: Celebi|Celebi|348\/363
|move|p1a: Ferrothorn|Spikes|p2a: Celebi
|-sidestart|p2: based godfish|Spikes
|
|-weather|Sandstorm|[upkeep]
|-damage|p2a: Celebi|326\/363|[from] sandstorm
|-heal|p1a: Ferrothorn|102\/351|[from] item: Leftovers
|turn|15
|
|switch|p1a: Manaphy|Manaphy|373\/373
|move|p2a: Celebi|Nasty Plot|p2a: Celebi
|-boost|p2a: Celebi|spa|2
|
|-weather|Sandstorm|[upkeep]
|-damage|p2a: Celebi|304\/363|[from] sandstorm
|-damage|p1a: Manaphy|350\/373|[from] sandstorm
|-heal|p1a: Manaphy|373\/373|[from] item: Leftovers
|turn|16
|
|switch|p2a: Cosmo|Clefable, M|394\/394
|move|p1a: Manaphy|Tail Glow|p1a: Manaphy
|-boost|p1a: Manaphy|spa|3
|
|-weather|none
|-sideend|p1: MaatMattos|move: Light Screen
|turn|17
|
|move|p1a: Manaphy|Rain Dance|p1a: Manaphy
|-weather|RainDance
|move|p2a: Cosmo|Moonblast|p1a: Manaphy
|-damage|p1a: Manaphy|265\/373
|-unboost|p1a: Manaphy|spa|1
|
|-weather|RainDance|[upkeep]
|-heal|p1a: Manaphy|288\/373|[from] item: Leftovers
|turn|18
|
|move|p1a: Manaphy|Scald|p2a: Cosmo
|-damage|p2a: Cosmo|58\/394
|-status|p2a: Cosmo|brn
|move|p2a: Cosmo|Moonblast|p1a: Manaphy
|-damage|p1a: Manaphy|174\/373
|
|-weather|RainDance|[upkeep]
|-heal|p1a: Manaphy|197\/373|[from] item: Leftovers
|-heal|p2a: Cosmo|82\/394 brn|[from] item: Leftovers
|-sideend|p1: MaatMattos|Reflect
|turn|19
|
|move|p1a: Manaphy|Scald|p2a: Cosmo
|-damage|p2a: Cosmo|0 fnt
|faint|p2a: Cosmo
|
|-weather|RainDance|[upkeep]
|-heal|p1a: Manaphy|220\/373|[from] item: Leftovers
|
|switch|p2a: Based Lord|Gallade-Mega, M|186\/278
|-damage|p2a: Based Lord|152\/278|[from] Spikes
|turn|20
|
|switch|p1a: Ferrothorn|Ferrothorn, F|102\/351
|move|p2a: Based Lord|Close Combat|p1a: Ferrothorn
|-supereffective|p1a: Ferrothorn
|-damage|p1a: Ferrothorn|0 fnt
|-damage|p2a: Based Lord|118\/278|[from] ability: Iron Barbs|[of] p1a: Ferrothorn
|-unboost|p2a: Based Lord|def|1
|-unboost|p2a: Based Lord|spd|1
|faint|p1a: Ferrothorn
|
|-weather|RainDance|[upkeep]
|
|switch|p1a: Keldeo-Resolute|Keldeo-Resolute|323\/323
|turn|21
|
|switch|p2a: Godzilla|Tyranitar, F|258\/342
|-damage|p2a: Godzilla|216\/342|[from] Spikes
|-weather|Sandstorm
|move|p1a: Keldeo-Resolute|Scald|p2a: Godzilla
|-supereffective|p2a: Godzilla
|-damage|p2a: Godzilla|36\/342
|
|-weather|Sandstorm|[upkeep]
|-damage|p1a: Keldeo-Resolute|303\/323|[from] sandstorm
|-heal|p1a: Keldeo-Resolute|323\/323|[from] item: Leftovers
|turn|22
|
|switch|p2a: Celebi|Celebi|304\/363
|-damage|p2a: Celebi|259\/363|[from] Spikes
|move|p1a: Keldeo-Resolute|Substitute|p1a: Keldeo-Resolute
|-start|p1a: Keldeo-Resolute|Substitute
|-damage|p1a: Keldeo-Resolute|243\/323
|
|-weather|Sandstorm|[upkeep]
|-damage|p1a: Keldeo-Resolute|223\/323|[from] sandstorm
|-damage|p2a: Celebi|237\/363|[from] sandstorm
|-heal|p1a: Keldeo-Resolute|243\/323|[from] item: Leftovers
|turn|23
|
|move|p1a: Keldeo-Resolute|Scald|p2a: Celebi
|-resisted|p2a: Celebi
|-damage|p2a: Celebi|168\/363
|move|p2a: Celebi|Giga Drain|p1a: Keldeo-Resolute
|-supereffective|p1a: Keldeo-Resolute
|-end|p1a: Keldeo-Resolute|Substitute
|-heal|p2a: Celebi|208\/363|[from] drain|[of] p1a: Keldeo-Resolute
|
|-weather|Sandstorm|[upkeep]
|-damage|p1a: Keldeo-Resolute|223\/323|[from] sandstorm
|-damage|p2a: Celebi|186\/363|[from] sandstorm
|-heal|p1a: Keldeo-Resolute|243\/323|[from] item: Leftovers
|turn|24
|
|switch|p1a: Cresselia|Cresselia, F|113\/444
|move|p2a: Celebi|Giga Drain|p1a: Cresselia
|-crit|p1a: Cresselia
|-damage|p1a: Cresselia|5\/444
|-heal|p2a: Celebi|240\/363|[from] drain|[of] p1a: Cresselia
|
|-weather|Sandstorm|[upkeep]
|-damage|p2a: Celebi|218\/363|[from] sandstorm
|-damage|p1a: Cresselia|0 fnt|[from] sandstorm
|faint|p1a: Cresselia
|
|switch|p1a: Manaphy|Manaphy|220\/373
|turn|25
|
|move|p2a: Celebi|Giga Drain|p1a: Manaphy
|-supereffective|p1a: Manaphy
|-damage|p1a: Manaphy|0 fnt
|-heal|p2a: Celebi|328\/363|[from] drain|[of] p1a: Manaphy
|faint|p1a: Manaphy
|
|-weather|none
|
|switch|p1a: Slowbro|Slowbro-Mega, F|393\/393
|turn|26
|
|move|p2a: Celebi|Nasty Plot|p2a: Celebi
|-boost|p2a: Celebi|spa|2
|move|p1a: Slowbro|Calm Mind|p1a: Slowbro
|-boost|p1a: Slowbro|spa|1
|-boost|p1a: Slowbro|spd|1
|
|turn|27
|
|move|p2a: Celebi|Nasty Plot|p2a: Celebi
|-boost|p2a: Celebi|spa|2
|move|p1a: Slowbro|Calm Mind|p1a: Slowbro
|-boost|p1a: Slowbro|spa|1
|-boost|p1a: Slowbro|spd|1
|
|turn|28
|
|move|p2a: Celebi|Nasty Plot|p2a: Celebi
|-boost|p2a: Celebi|spa|2
|move|p1a: Slowbro|Calm Mind|p1a: Slowbro
|-boost|p1a: Slowbro|spa|1
|-boost|p1a: Slowbro|spd|1
|
|turn|29
|
|move|p2a: Celebi|Giga Drain|p1a: Slowbro
|-supereffective|p1a: Slowbro
|-damage|p1a: Slowbro|0 fnt
|-heal|p2a: Celebi|363\/363|[from] drain|[of] p1a: Slowbro
|faint|p1a: Slowbro
|
|-message|MaatMattos forfeited.
|
|win|based godfish
|raw|Ladder updating...
|leave|MaatMattos
|player|p1
|raw|MaatMattos's rating: 1540 &rarr; <strong>1513<\/strong><br \/>(-27 for losing)
|raw|based godfish's rating: 1420 &rarr; <strong>1447<\/strong><br \/>(+27 for winning)
|leave|jnn
|leave|based godfish
|player|p2
|join|based godfish