|join|survivor tele
|join|MaatMattos
|player|p1|survivor tele|167
|player|p2|MaatMattos|52
|gametype|singles
|gen|6
|tier|OU
|rated
|clearpoke
|poke|p1|Jirachi
|poke|p1|Landorus-Therian, M
|poke|p1|Keldeo
|poke|p1|Clefable, M
|poke|p1|Ferrothorn, F
|poke|p1|Latios, M
|poke|p2|Manaphy
|poke|p2|Cresselia, F
|poke|p2|Diancie
|poke|p2|Ferrothorn, M
|poke|p2|Landorus-Therian, M
|poke|p2|Keldeo-Resolute
|rule|Swagger Clause: Swagger is banned
|rule|Baton Pass Clause: Limit one PokÃ©mon knowing Baton Pass
|rule|Sleep Clause Mod: Limit one foe put to sleep
|rule|Species Clause: Limit one of each PokÃ©mon
|rule|OHKO Clause: OHKO moves are banned
|rule|Moody Clause: Moody is banned
|rule|Evasion Moves Clause: Evasion moves are banned
|rule|Endless Battle Clause: Forcing endless battles is banned
|rule|HP Percentage Mod: HP is shown in percentages
|teampreview
|join|looooooooooel
|c|âsurvivor tele|hey maat
|c|âsurvivor tele|gl
|c|âMaatMattos|eeeeello
|c|âMaatMattos|u2
|join|aehrhy
|c|âsurvivor tele|explosionnn :]
|c|âMaatMattos|im totally trying diancie it might not work lol
|c|âsurvivor tele|lol
|c|âMaatMattos|-still- on the hunt for a mega after mah mawile got banned
|c|âsurvivor tele|ic
|
|start
|switch|p1a: Landorus-Therian|Landorus-Therian, M|382\/382
|switch|p2a: Diancie|Diancie|304\/304
|-ability|p1a: Landorus-Therian|Intimidate|[of] p2a: Diancie
|-fail|p2a: Diancie|unboost|[from] ability: Clear Body|[of] p2a: Diancie
|turn|1
|c|âMaatMattos|and i fear i may not ever get out of it. XD
|
|switch|p2a: Landorus-Therian|Landorus-Therian, M|381\/381
|-ability|p2a: Landorus-Therian|Intimidate|[of] p1a: Landorus-Therian
|-unboost|p1a: Landorus-Therian|atk|1
|move|p1a: Landorus-Therian|Earthquake|p2a: Landorus-Therian
|-immune|p2a: Landorus-Therian|[msg]
|
|turn|2
|
|move|p2a: Landorus-Therian|Stealth Rock|p1a: Landorus-Therian
|-sidestart|p1: survivor tele|move: Stealth Rock
|move|p1a: Landorus-Therian|Stealth Rock|p2a: Landorus-Therian
|-sidestart|p2: MaatMattos|move: Stealth Rock
|
|turn|3
|
|move|p1a: Landorus-Therian|U-turn|p2a: Landorus-Therian
|-crit|p2a: Landorus-Therian
|-resisted|p2a: Landorus-Therian
|-damage|p2a: Landorus-Therian|338\/381
|-damage|p1a: Landorus-Therian|319\/382|[from] item: Rocky Helmet|[of] p2a: Landorus-Therian
|
|switch|p1a: Ferrothorn|Ferrothorn, F|352\/352
|-damage|p1a: Ferrothorn|330\/352|[from] Stealth Rock
|move|p2a: Landorus-Therian|U-turn|p1a: Ferrothorn
|-damage|p1a: Ferrothorn|273\/352
|-damage|p2a: Landorus-Therian|291\/381|[from] ability: Iron Barbs|[of] p1a: Ferrothorn
|
|switch|p2a: Keldeo-Resolute|Keldeo-Resolute|323\/323
|-damage|p2a: Keldeo-Resolute|303\/323|[from] Stealth Rock
|
|-heal|p2a: Keldeo-Resolute|323\/323|[from] item: Leftovers
|-heal|p1a: Ferrothorn|295\/352|[from] item: Leftovers
|turn|4
|
|switch|p1a: Clefable|Clefable, M|394\/394
|move|p2a: Keldeo-Resolute|Substitute|p2a: Keldeo-Resolute
|-start|p2a: Keldeo-Resolute|Substitute
|-damage|p2a: Keldeo-Resolute|243\/323
|
|-heal|p2a: Keldeo-Resolute|263\/323|[from] item: Leftovers
|turn|5
|
|move|p2a: Keldeo-Resolute|Scald|p1a: Clefable
|-damage|p1a: Clefable|259\/394
|move|p1a: Clefable|Moonblast|p2a: Keldeo-Resolute
|-supereffective|p2a: Keldeo-Resolute
|-end|p2a: Keldeo-Resolute|Substitute
|
|-heal|p2a: Keldeo-Resolute|283\/323|[from] item: Leftovers
|-heal|p1a: Clefable|283\/394|[from] item: Leftovers
|turn|6
|
|switch|p2a: Ferrothorn|Ferrothorn, M|351\/351
|-damage|p2a: Ferrothorn|330\/351|[from] Stealth Rock
|move|p1a: Clefable|Moonblast|p2a: Ferrothorn
|-resisted|p2a: Ferrothorn
|-damage|p2a: Ferrothorn|293\/351
|
|-heal|p1a: Clefable|307\/394|[from] item: Leftovers
|-heal|p2a: Ferrothorn|314\/351|[from] item: Leftovers
|turn|7
|
|switch|p1a: Ferrothorn|Ferrothorn, F|295\/352
|-damage|p1a: Ferrothorn|273\/352|[from] Stealth Rock
|move|p2a: Ferrothorn|Knock Off|p1a: Ferrothorn
|-damage|p1a: Ferrothorn|219\/352
|-damage|p2a: Ferrothorn|271\/351|[from] ability: Iron Barbs|[of] p1a: Ferrothorn
|-enditem|p1a: Ferrothorn|Leftovers|[from] move: Knock Off|[of] p2a: Ferrothorn
|
|-heal|p2a: Ferrothorn|292\/351|[from] item: Leftovers
|turn|8
|
|move|p2a: Ferrothorn|Spikes|p1a: Ferrothorn
|-sidestart|p1: survivor tele|Spikes
|move|p1a: Ferrothorn|Spikes|p2a: Ferrothorn
|-sidestart|p2: MaatMattos|Spikes
|
|-heal|p2a: Ferrothorn|313\/351|[from] item: Leftovers
|turn|9
|join|Luna Rossa
|
|switch|p2a: Keldeo-Resolute|Keldeo-Resolute|283\/323
|-damage|p2a: Keldeo-Resolute|263\/323|[from] Stealth Rock
|-damage|p2a: Keldeo-Resolute|223\/323|[from] Spikes
|move|p1a: Ferrothorn|Spikes|p2a: Keldeo-Resolute
|-sidestart|p2: MaatMattos|Spikes
|
|-heal|p2a: Keldeo-Resolute|243\/323|[from] item: Leftovers
|turn|10
|
|switch|p1a: Clefable|Clefable, M|307\/394
|move|p2a: Keldeo-Resolute|Substitute|p2a: Keldeo-Resolute
|-start|p2a: Keldeo-Resolute|Substitute
|-damage|p2a: Keldeo-Resolute|163\/323
|
|-heal|p2a: Keldeo-Resolute|183\/323|[from] item: Leftovers
|-heal|p1a: Clefable|331\/394|[from] item: Leftovers
|turn|11
|
|move|p2a: Keldeo-Resolute|Scald|p1a: Clefable
|-damage|p1a: Clefable|196\/394
|-status|p1a: Clefable|brn
|move|p1a: Clefable|Moonblast|p2a: Keldeo-Resolute
|-supereffective|p2a: Keldeo-Resolute
|-end|p2a: Keldeo-Resolute|Substitute
|
|-heal|p2a: Keldeo-Resolute|203\/323|[from] item: Leftovers
|-heal|p1a: Clefable|220\/394 brn|[from] item: Leftovers
|turn|12
|
|move|p2a: Keldeo-Resolute|Calm Mind|p2a: Keldeo-Resolute
|-boost|p2a: Keldeo-Resolute|spa|1
|-boost|p2a: Keldeo-Resolute|spd|1
|move|p1a: Clefable|Soft-Boiled|p1a: Clefable
|-heal|p1a: Clefable|394\/394 brn
|
|-heal|p2a: Keldeo-Resolute|223\/323|[from] item: Leftovers
|turn|13
|
|move|p2a: Keldeo-Resolute|Scald|p1a: Clefable
|-damage|p1a: Clefable|192\/394 brn
|move|p1a: Clefable|Moonblast|p2a: Keldeo-Resolute
|-supereffective|p2a: Keldeo-Resolute
|-damage|p2a: Keldeo-Resolute|65\/323
|
|-heal|p2a: Keldeo-Resolute|85\/323|[from] item: Leftovers
|-heal|p1a: Clefable|216\/394 brn|[from] item: Leftovers
|turn|14
|
|move|p2a: Keldeo-Resolute|Scald|p1a: Clefable
|-damage|p1a: Clefable|17\/394 brn
|move|p1a: Clefable|Moonblast|p2a: Keldeo-Resolute
|-supereffective|p2a: Keldeo-Resolute
|-damage|p2a: Keldeo-Resolute|0 fnt
|faint|p2a: Keldeo-Resolute
|
|-heal|p1a: Clefable|41\/394 brn|[from] item: Leftovers
|
|switch|p2a: Diancie|Diancie|304\/304
|-damage|p2a: Diancie|254\/304|[from] Spikes
|-damage|p2a: Diancie|216\/304|[from] Stealth Rock
|turn|15
|
|switch|p1a: Jirachi|Jirachi|404\/404
|-damage|p1a: Jirachi|379\/404|[from] Stealth Rock
|-damage|p1a: Jirachi|329\/404|[from] Spikes
|move|p2a: Diancie|Calm Mind|p2a: Diancie
|-boost|p2a: Diancie|spa|1
|-boost|p2a: Diancie|spd|1
|
|-heal|p1a: Jirachi|354\/404|[from] item: Leftovers
|turn|16
|
|move|p1a: Jirachi|Iron Head|p2a: Diancie
|-supereffective|p2a: Diancie
|-damage|p2a: Diancie|20\/304
|cant|p2a: Diancie|flinch
|
|-heal|p1a: Jirachi|379\/404|[from] item: Leftovers
|turn|17
|leave|Luna Rossa
|c|âsurvivor tele|dang man sorry
|
|switch|p2a: Landorus-Therian|Landorus-Therian, M|291\/381
|-damage|p2a: Landorus-Therian|244\/381|[from] Stealth Rock
|-ability|p2a: Landorus-Therian|Intimidate|[of] p1a: Jirachi
|-unboost|p1a: Jirachi|atk|1
|move|p1a: Jirachi|Iron Head|p2a: Landorus-Therian
|-damage|p2a: Landorus-Therian|199\/381
|-damage|p1a: Jirachi|312\/404|[from] item: Rocky Helmet|[of] p2a: Landorus-Therian
|
|-heal|p1a: Jirachi|337\/404|[from] item: Leftovers
|turn|18
|c|âMaatMattos|ow totally forgot about that lol
|
|switch|p1a: Landorus-Therian|Landorus-Therian, M|319\/382
|-damage|p1a: Landorus-Therian|272\/382|[from] Stealth Rock
|-ability|p1a: Landorus-Therian|Intimidate|[of] p2a: Landorus-Therian
|-unboost|p2a: Landorus-Therian|atk|1
|move|p2a: Landorus-Therian|U-turn|p1a: Landorus-Therian
|-resisted|p1a: Landorus-Therian
|-damage|p1a: Landorus-Therian|251\/382
|join|L0NE
|
|switch|p2a: Manaphy|Manaphy|341\/341
|-damage|p2a: Manaphy|285\/341|[from] Spikes
|-damage|p2a: Manaphy|243\/341|[from] Stealth Rock
|
|-heal|p2a: Manaphy|264\/341|[from] item: Leftovers
|-heal|p1a: Landorus-Therian|274\/382|[from] item: Leftovers
|turn|19
|
|move|p2a: Manaphy|Tail Glow|p2a: Manaphy
|-boost|p2a: Manaphy|spa|3
|move|p1a: Landorus-Therian|U-turn|p2a: Manaphy
|-damage|p2a: Manaphy|183\/341
|
|switch|p1a: Latios|Latios, M|301\/301
|-damage|p1a: Latios|264\/301|[from] Stealth Rock
|
|-heal|p2a: Manaphy|204\/341|[from] item: Leftovers
|turn|20
|
|switch|p2a: Ferrothorn|Ferrothorn, M|313\/351
|-damage|p2a: Ferrothorn|255\/351|[from] Spikes
|-damage|p2a: Ferrothorn|234\/351|[from] Stealth Rock
|move|p1a: Latios|Draco Meteor|p2a: Ferrothorn
|-resisted|p2a: Ferrothorn
|-damage|p2a: Ferrothorn|139\/351
|-unboost|p1a: Latios|spa|2
|-damage|p1a: Latios|234\/301|[from] item: Life Orb
|
|-heal|p2a: Ferrothorn|160\/351|[from] item: Leftovers
|turn|21
|
|switch|p1a: Ferrothorn|Ferrothorn, F|219\/352
|-damage|p1a: Ferrothorn|197\/352|[from] Stealth Rock
|-damage|p1a: Ferrothorn|153\/352|[from] Spikes
|move|p2a: Ferrothorn|Knock Off|p1a: Ferrothorn
|-damage|p1a: Ferrothorn|117\/352
|-damage|p2a: Ferrothorn|117\/351|[from] ability: Iron Barbs|[of] p1a: Ferrothorn
|
|-heal|p2a: Ferrothorn|138\/351|[from] item: Leftovers
|turn|22
|
|move|p2a: Ferrothorn|Spikes|p1a: Ferrothorn
|-sidestart|p1: survivor tele|Spikes
|move|p1a: Ferrothorn|Spikes|p2a: Ferrothorn
|-sidestart|p2: MaatMattos|Spikes
|
|-heal|p2a: Ferrothorn|159\/351|[from] item: Leftovers
|turn|23
|
|switch|p1a: Clefable|Clefable, M|41\/394 brn
|move|p2a: Ferrothorn|Spikes|p1a: Clefable
|-sidestart|p1: survivor tele|Spikes
|
|-heal|p1a: Clefable|65\/394 brn|[from] item: Leftovers
|-heal|p2a: Ferrothorn|180\/351|[from] item: Leftovers
|turn|24
|
|move|p1a: Clefable|Flamethrower|p2a: Ferrothorn
|-supereffective|p2a: Ferrothorn
|-damage|p2a: Ferrothorn|0 fnt
|faint|p2a: Ferrothorn
|
|-heal|p1a: Clefable|89\/394 brn|[from] item: Leftovers
|join|Puralux
|
|switch|p2a: Manaphy|Manaphy|204\/341
|-damage|p2a: Manaphy|119\/341|[from] Spikes
|-damage|p2a: Manaphy|77\/341|[from] Stealth Rock
|turn|25
|
|switch|p1a: Ferrothorn|Ferrothorn, F|117\/352
|-damage|p1a: Ferrothorn|29\/352|[from] Spikes
|-damage|p1a: Ferrothorn|7\/352|[from] Stealth Rock
|move|p2a: Manaphy|Scald|p1a: Ferrothorn
|-resisted|p1a: Ferrothorn
|-damage|p1a: Ferrothorn|0 fnt
|faint|p1a: Ferrothorn
|
|-heal|p2a: Manaphy|98\/341|[from] item: Leftovers
|
|switch|p1a: Keldeo|Keldeo|323\/323
|-damage|p1a: Keldeo|303\/323|[from] Stealth Rock
|-damage|p1a: Keldeo|223\/323|[from] Spikes
|turn|26
|
|switch|p2a: Diancie|Diancie|20\/304
|-damage|p2a: Diancie|0 fnt|[from] Stealth Rock
|faint|p2a: Diancie
|move|p1a: Keldeo|Secret Sword|p2: Diancie|[notarget]
|-notarget
|
|-heal|p1a: Keldeo|243\/323|[from] item: Leftovers
|
|switch|p2a: Cresselia|Cresselia, F|443\/443
|-damage|p2a: Cresselia|388\/443|[from] Stealth Rock
|turn|27
|
|move|p1a: Keldeo|Substitute|p1a: Keldeo
|-start|p1a: Keldeo|Substitute
|-damage|p1a: Keldeo|163\/323
|move|p2a: Cresselia|Light Screen|p2a: Cresselia
|-sidestart|p2: MaatMattos|move: Light Screen
|
|-heal|p1a: Keldeo|183\/323|[from] item: Leftovers
|turn|28
|
|move|p1a: Keldeo|Calm Mind|p1a: Keldeo
|-boost|p1a: Keldeo|spa|1
|-boost|p1a: Keldeo|spd|1
|move|p2a: Cresselia|Lunar Dance|p2a: Cresselia
|faint|p2a: Cresselia
|
|-heal|p1a: Keldeo|203\/323|[from] item: Leftovers
|
|switch|p2a: Manaphy|Manaphy|98\/341
|-heal|p2a: Manaphy|341\/341|[from] move: Lunar Dance
|-damage|p2a: Manaphy|299\/341|[from] Stealth Rock
|-damage|p2a: Manaphy|214\/341|[from] Spikes
|turn|29
|
|move|p1a: Keldeo|Calm Mind|p1a: Keldeo
|-boost|p1a: Keldeo|spa|1
|-boost|p1a: Keldeo|spd|1
|move|p2a: Manaphy|Psychic|p1a: Keldeo
|-supereffective|p1a: Keldeo
|-end|p1a: Keldeo|Substitute
|
|-heal|p1a: Keldeo|223\/323|[from] item: Leftovers
|-heal|p2a: Manaphy|235\/341|[from] item: Leftovers
|turn|30
|c|âMaatMattos|diancie definitely not it xD
|
|move|p1a: Keldeo|Secret Sword|p2a: Manaphy
|-damage|p2a: Manaphy|84\/341
|move|p2a: Manaphy|Psychic|p1a: Keldeo
|-supereffective|p1a: Keldeo
|-damage|p1a: Keldeo|115\/323
|
|-heal|p1a: Keldeo|135\/323|[from] item: Leftovers
|-heal|p2a: Manaphy|105\/341|[from] item: Leftovers
|turn|31
|c|âMaatMattos|game man
|c|âsurvivor tele|gg :)
|c|âsurvivor tele|i hit #1
|c|âsurvivor tele|with this
|-message|MaatMattos forfeited.
|leave|MaatMattos
|c|âsurvivor tele|im happy aha
|
|win|survivor tele
|raw|Ladder updating...
|player|p2
|c|âsurvivor tele|yop
|c| looooooooooel|THE CHAMPIOOOOON
|raw|survivor tele's rating: 1849 &rarr; <strong>1860<\/strong><br \/>(+11 for winning)
|raw|MaatMattos's rating: 1691 &rarr; <strong>1679<\/strong><br \/>(-12 for losing)
|c|âsurvivor tele|un uomo solo al comando
|leave|Puralux
|leave|survivor tele
|player|p1
|leave|L0NE