|join|lil manaphy
|join|MaatMattos
|player|p1|lil manaphy|104
|player|p2|MaatMattos|52
|gametype|singles
|gen|6
|tier|OU
|rated
|clearpoke
|poke|p1|Scizor, M
|poke|p1|Skarmory, M
|poke|p1|Gothitelle, M
|poke|p1|Chansey, F
|poke|p1|Alomomola, M
|poke|p1|Cresselia, F
|poke|p2|Manaphy
|poke|p2|Keldeo-Resolute
|poke|p2|Magnezone
|poke|p2|Cresselia, F
|poke|p2|Landorus-Therian, M
|poke|p2|Alakazam, M
|rule|Swagger Clause: Swagger is banned
|rule|Baton Pass Clause: Limit one PokÃ©mon knowing Baton Pass
|rule|Sleep Clause Mod: Limit one foe put to sleep
|rule|Species Clause: Limit one of each PokÃ©mon
|rule|OHKO Clause: OHKO moves are banned
|rule|Moody Clause: Moody is banned
|rule|Evasion Moves Clause: Evasion moves are banned
|rule|Endless Battle Clause: Forcing endless battles is banned
|rule|HP Percentage Mod: HP is shown in percentages
|teampreview
|
|start
|switch|p1a: Chansey|Chansey, F|704\/704
|switch|p2a: Alakazam|Alakazam, M|251\/251
|turn|1
|
|detailschange|p2a: Alakazam|Alakazam-Mega, M
|message|Alakazam has Mega Evolved into Mega Alakazam!
|-ability|p2a: Alakazam|Natural Cure|[from] ability: Trace|[of] p1a: Chansey
|move|p2a: Alakazam|Substitute|p2a: Alakazam
|-start|p2a: Alakazam|Substitute
|-damage|p2a: Alakazam|189\/251
|move|p1a: Chansey|Seismic Toss|p2a: Alakazam
|-end|p2a: Alakazam|Substitute
|
|turn|2
|
|move|p2a: Alakazam|Psyshock|p1a: Chansey
|-damage|p1a: Chansey|467\/704
|move|p1a: Chansey|Seismic Toss|p2a: Alakazam
|-damage|p2a: Alakazam|89\/251
|
|turn|3
|
|switch|p2a: Landorus-Therian|Landorus-Therian, M|381\/381
|-ability|p2a: Landorus-Therian|Intimidate|[of] p1a: Chansey
|-unboost|p1a: Chansey|atk|1
|move|p1a: Chansey|Seismic Toss|p2a: Landorus-Therian
|-damage|p2a: Landorus-Therian|281\/381
|-damage|p1a: Chansey|350\/704|[from] item: Rocky Helmet|[of] p2a: Landorus-Therian
|
|turn|4
|
|move|p2a: Landorus-Therian|Stealth Rock|p1a: Chansey
|-sidestart|p1: lil manaphy|move: Stealth Rock
|move|p1a: Chansey|Soft-Boiled|p1a: Chansey
|-heal|p1a: Chansey|702\/704
|
|turn|5
|
|move|p2a: Landorus-Therian|U-turn|p1a: Chansey
|-damage|p1a: Chansey|605\/704
|join|SuzPeX
|
|switch|p2a: Alakazam|Alakazam-Mega, M|89\/251
|-ability|p2a: Alakazam|Natural Cure|[from] ability: Trace|[of] p1a: Chansey
|move|p1a: Chansey|Stealth Rock|p2a: Alakazam
|-sidestart|p2: MaatMattos|move: Stealth Rock
|
|turn|6
|
|switch|p1a: Scizor|Scizor, M|281\/281
|-damage|p1a: Scizor|246\/281|[from] Stealth Rock
|move|p2a: Alakazam|Psyshock|p1a: Scizor
|-resisted|p1a: Scizor
|-damage|p1a: Scizor|144\/281
|
|turn|7
|
|detailschange|p1a: Scizor|Scizor-Mega, M
|message|Scizor has Mega Evolved into Mega Scizor!
|move|p2a: Alakazam|Hidden Power|p1a: Scizor
|-supereffective|p1a: Scizor
|-damage|p1a: Scizor|0 fnt
|faint|p1a: Scizor
|
|
|switch|p1a: Chansey|Chansey, F|605\/704
|-damage|p1a: Chansey|517\/704|[from] Stealth Rock
|turn|8
|join|Forceful
|
|switch|p2a: Landorus-Therian|Landorus-Therian, M|281\/381
|-damage|p2a: Landorus-Therian|234\/381|[from] Stealth Rock
|-ability|p2a: Landorus-Therian|Intimidate|[of] p1a: Chansey
|-unboost|p1a: Chansey|atk|1
|move|p1a: Chansey|Seismic Toss|p2a: Landorus-Therian
|-damage|p2a: Landorus-Therian|134\/381
|-damage|p1a: Chansey|400\/704|[from] item: Rocky Helmet|[of] p2a: Landorus-Therian
|
|turn|9
|
|move|p2a: Landorus-Therian|U-turn|p1a: Chansey
|-damage|p1a: Chansey|301\/704
|
|switch|p2a: Alakazam|Alakazam-Mega, M|89\/251
|-damage|p2a: Alakazam|58\/251|[from] Stealth Rock
|-ability|p2a: Alakazam|Natural Cure|[from] ability: Trace|[of] p1a: Chansey
|move|p1a: Chansey|Soft-Boiled|p1a: Chansey
|-heal|p1a: Chansey|653\/704
|
|turn|10
|leave|SuzPeX
|
|move|p2a: Alakazam|Psyshock|p1a: Chansey
|-damage|p1a: Chansey|401\/704
|move|p1a: Chansey|Seismic Toss|p2a: Alakazam
|-damage|p2a: Alakazam|0 fnt
|faint|p2a: Alakazam
|
|
|switch|p2a: Landorus-Therian|Landorus-Therian, M|134\/381
|-damage|p2a: Landorus-Therian|87\/381|[from] Stealth Rock
|-ability|p2a: Landorus-Therian|Intimidate|[of] p1a: Chansey
|-unboost|p1a: Chansey|atk|1
|turn|11
|
|move|p2a: Landorus-Therian|Explosion|p1a: Chansey
|-damage|p1a: Chansey|57\/704
|faint|p2a: Landorus-Therian
|move|p1a: Chansey|Soft-Boiled|p1a: Chansey
|-heal|p1a: Chansey|409\/704
|
|
|switch|p2a: Keldeo-Resolute|Keldeo-Resolute|323\/323
|-damage|p2a: Keldeo-Resolute|303\/323|[from] Stealth Rock
|turn|12
|
|switch|p1a: Cresselia|Cresselia, F|444\/444
|-damage|p1a: Cresselia|389\/444|[from] Stealth Rock
|move|p2a: Keldeo-Resolute|Substitute|p2a: Keldeo-Resolute
|-start|p2a: Keldeo-Resolute|Substitute
|-damage|p2a: Keldeo-Resolute|223\/323
|
|-heal|p2a: Keldeo-Resolute|243\/323|[from] item: Leftovers
|-heal|p1a: Cresselia|416\/444|[from] item: Leftovers
|turn|13
|
|move|p2a: Keldeo-Resolute|Calm Mind|p2a: Keldeo-Resolute
|-boost|p2a: Keldeo-Resolute|spa|1
|-boost|p2a: Keldeo-Resolute|spd|1
|move|p1a: Cresselia|Psychic|p2a: Keldeo-Resolute
|-supereffective|p2a: Keldeo-Resolute
|-end|p2a: Keldeo-Resolute|Substitute
|
|-heal|p2a: Keldeo-Resolute|263\/323|[from] item: Leftovers
|-heal|p1a: Cresselia|443\/444|[from] item: Leftovers
|turn|14
|
|move|p2a: Keldeo-Resolute|Calm Mind|p2a: Keldeo-Resolute
|-boost|p2a: Keldeo-Resolute|spa|1
|-boost|p2a: Keldeo-Resolute|spd|1
|move|p1a: Cresselia|Psychic|p2a: Keldeo-Resolute
|-supereffective|p2a: Keldeo-Resolute
|-damage|p2a: Keldeo-Resolute|177\/323
|
|-heal|p2a: Keldeo-Resolute|197\/323|[from] item: Leftovers
|-heal|p1a: Cresselia|444\/444|[from] item: Leftovers
|turn|15
|
|move|p2a: Keldeo-Resolute|Calm Mind|p2a: Keldeo-Resolute
|-boost|p2a: Keldeo-Resolute|spa|1
|-boost|p2a: Keldeo-Resolute|spd|1
|move|p1a: Cresselia|Psychic|p2a: Keldeo-Resolute
|-supereffective|p2a: Keldeo-Resolute
|-damage|p2a: Keldeo-Resolute|117\/323
|-unboost|p2a: Keldeo-Resolute|spd|1
|
|-heal|p2a: Keldeo-Resolute|137\/323|[from] item: Leftovers
|turn|16
|
|move|p2a: Keldeo-Resolute|Scald|p1a: Cresselia
|-damage|p1a: Cresselia|234\/444
|move|p1a: Cresselia|Psychic|p2a: Keldeo-Resolute
|-supereffective|p2a: Keldeo-Resolute
|-damage|p2a: Keldeo-Resolute|41\/323
|
|-heal|p2a: Keldeo-Resolute|61\/323|[from] item: Leftovers
|-heal|p1a: Cresselia|261\/444|[from] item: Leftovers
|turn|17
|
|move|p2a: Keldeo-Resolute|Scald|p1a: Cresselia
|-damage|p1a: Cresselia|41\/444
|move|p1a: Cresselia|Psychic|p2a: Keldeo-Resolute
|-supereffective|p2a: Keldeo-Resolute
|-damage|p2a: Keldeo-Resolute|0 fnt
|faint|p2a: Keldeo-Resolute
|
|-heal|p1a: Cresselia|68\/444|[from] item: Leftovers
|
|switch|p2a: Manaphy|Manaphy|373\/373
|-damage|p2a: Manaphy|327\/373|[from] Stealth Rock
|turn|18
|
|switch|p1a: Gothitelle|Gothitelle, M|301\/301
|-damage|p1a: Gothitelle|264\/301|[from] Stealth Rock
|move|p2a: Manaphy|Tail Glow|p2a: Manaphy
|-boost|p2a: Manaphy|spa|3
|
|-heal|p2a: Manaphy|350\/373|[from] item: Leftovers
|turn|19
|
|move|p1a: Gothitelle|Trick|p2a: Manaphy
|-activate|p1a: Gothitelle|move: Trick|[of] p2a: Manaphy
|-item|p2a: Manaphy|Choice Scarf|[from] move: Trick
|-item|p1a: Gothitelle|Leftovers|[from] move: Trick
|move|p2a: Manaphy|Scald|p1a: Gothitelle
|-damage|p1a: Gothitelle|0 fnt
|faint|p1a: Gothitelle
|
|
|switch|p1a: Chansey|Chansey, F|409\/704
|-damage|p1a: Chansey|321\/704|[from] Stealth Rock
|turn|20
|
|move|p2a: Manaphy|Scald|p1a: Chansey
|-damage|p1a: Chansey|125\/704
|move|p1a: Chansey|Soft-Boiled|p1a: Chansey
|-heal|p1a: Chansey|477\/704
|
|turn|21
|
|move|p2a: Manaphy|Scald|p1a: Chansey
|-damage|p1a: Chansey|270\/704
|move|p1a: Chansey|Soft-Boiled|p1a: Chansey
|-heal|p1a: Chansey|622\/704
|
|turn|22
|
|move|p2a: Manaphy|Scald|p1a: Chansey
|-damage|p1a: Chansey|417\/704
|move|p1a: Chansey|Thunder Wave|p2a: Manaphy
|-status|p2a: Manaphy|par
|
|turn|23
|-message|MaatMattos forfeited.
|
|win|lil manaphy
|raw|Ladder updating...
|leave|MaatMattos
|player|p2
|raw|lil manaphy's rating: 1903 &rarr; <strong>1917<\/strong><br \/>(+14 for winning)
|raw|MaatMattos's rating: 1810 &rarr; <strong>1795<\/strong><br \/>(-15 for losing)
|leave|Forceful
|leave|lil manaphy
|player|p1
|join|Forceful