|join|DoughBoy
|join|MaatMattos
|player|p1|DoughBoy|2
|player|p2|MaatMattos|52
|gametype|singles
|gen|6
|tier|OU
|rated
|clearpoke
|poke|p1|Politoed, F
|poke|p1|Swampert, F
|poke|p1|Kingdra, M
|poke|p1|Klefki, M
|poke|p1|Thundurus, M
|poke|p1|Breloom, F
|poke|p2|Manaphy
|poke|p2|Cresselia, F
|poke|p2|Gyarados, F
|poke|p2|Ferrothorn, M
|poke|p2|Landorus-Therian, M
|poke|p2|Keldeo-Resolute
|rule|Swagger Clause: Swagger is banned
|rule|Baton Pass Clause: Limit one PokÃ©mon knowing Baton Pass
|rule|Sleep Clause Mod: Limit one foe put to sleep
|rule|Species Clause: Limit one of each PokÃ©mon
|rule|OHKO Clause: OHKO moves are banned
|rule|Moody Clause: Moody is banned
|rule|Evasion Moves Clause: Evasion moves are banned
|rule|Endless Battle Clause: Forcing endless battles is banned
|rule|HP Percentage Mod: HP is shown in percentages
|teampreview
|
|start
|switch|p1a: Breloom|Breloom, F|261\/261
|switch|p2a: Gyarados|Gyarados, F|331\/331
|-ability|p2a: Gyarados|Intimidate|[of] p1a: Breloom
|-unboost|p1a: Breloom|atk|1
|turn|1
|
|switch|p2a: Ferrothorn|Ferrothorn, M|351\/351
|move|p1a: Breloom|Seed Bomb|p2a: Ferrothorn
|-crit|p2a: Ferrothorn
|-resisted|p2a: Ferrothorn
|-damage|p2a: Ferrothorn|308\/351
|
|-heal|p2a: Ferrothorn|329\/351|[from] item: Leftovers
|-status|p1a: Breloom|tox|[from] item: Toxic Orb
|turn|2
|
|switch|p2a: Landorus-Therian|Landorus-Therian, M|381\/381
|-ability|p2a: Landorus-Therian|Intimidate|[of] p1a: Breloom
|-unboost|p1a: Breloom|atk|1
|move|p1a: Breloom|Swords Dance|p1a: Breloom
|-boost|p1a: Breloom|atk|2
|
|turn|3
|
|move|p1a: Breloom|Swords Dance|p1a: Breloom
|-boost|p1a: Breloom|atk|2
|move|p2a: Landorus-Therian|U-turn|p1a: Breloom
|-damage|p1a: Breloom|177\/261 tox
|
|switch|p2a: Keldeo-Resolute|Keldeo-Resolute|323\/323
|
|-heal|p1a: Breloom|209\/261 tox|[from] ability: Poison Heal
|turn|4
|
|move|p2a: Keldeo-Resolute|Secret Sword|p1a: Breloom
|-damage|p1a: Breloom|23\/261 tox
|move|p1a: Breloom|Seed Bomb|p2a: Keldeo-Resolute
|-supereffective|p2a: Keldeo-Resolute
|-damage|p2a: Keldeo-Resolute|0 fnt
|faint|p2a: Keldeo-Resolute
|
|-heal|p1a: Breloom|55\/261 tox|[from] ability: Poison Heal
|
|switch|p2a: Landorus-Therian|Landorus-Therian, M|381\/381
|-ability|p2a: Landorus-Therian|Intimidate|[of] p1a: Breloom
|-unboost|p1a: Breloom|atk|1
|turn|5
|
|switch|p1a: Thundurus|Thundurus, M|299\/299
|move|p2a: Landorus-Therian|U-turn|p1a: Thundurus
|-resisted|p1a: Thundurus
|-damage|p1a: Thundurus|250\/299
|
|switch|p2a: Ferrothorn|Ferrothorn, M|329\/351
|
|-heal|p2a: Ferrothorn|350\/351|[from] item: Leftovers
|turn|6
|
|move|p1a: Thundurus|Superpower|p2a: Ferrothorn
|-supereffective|p2a: Ferrothorn
|-damage|p2a: Ferrothorn|126\/351
|-damage|p1a: Thundurus|213\/299|[from] ability: Iron Barbs|[of] p2a: Ferrothorn
|-unboost|p1a: Thundurus|atk|1
|-unboost|p1a: Thundurus|def|1
|-damage|p1a: Thundurus|184\/299|[from] item: Life Orb
|move|p2a: Ferrothorn|Knock Off|p1a: Thundurus
|-damage|p1a: Thundurus|32\/299
|-enditem|p1a: Thundurus|Life Orb|[from] move: Knock Off|[of] p2a: Ferrothorn
|
|-heal|p2a: Ferrothorn|147\/351|[from] item: Leftovers
|turn|7
|
|switch|p1a: Breloom|Breloom, F|55\/261 tox
|switch|p2a: Landorus-Therian|Landorus-Therian, M|381\/381
|-ability|p2a: Landorus-Therian|Intimidate|[of] p1a: Breloom
|-unboost|p1a: Breloom|atk|1
|
|-heal|p1a: Breloom|87\/261 tox|[from] ability: Poison Heal
|turn|8
|
|switch|p1a: Thundurus|Thundurus, M|32\/299
|move|p2a: Landorus-Therian|U-turn|p1a: Thundurus
|-resisted|p1a: Thundurus
|-damage|p1a: Thundurus|0 fnt
|faint|p1a: Thundurus
|
|switch|p2a: Ferrothorn|Ferrothorn, M|147\/351
|
|-heal|p2a: Ferrothorn|168\/351|[from] item: Leftovers
|
|switch|p1a: Breloom|Breloom, F|87\/261 tox
|turn|9
|
|switch|p2a: Landorus-Therian|Landorus-Therian, M|381\/381
|-ability|p2a: Landorus-Therian|Intimidate|[of] p1a: Breloom
|-unboost|p1a: Breloom|atk|1
|move|p1a: Breloom|Swords Dance|p1a: Breloom
|-boost|p1a: Breloom|atk|2
|
|-heal|p1a: Breloom|119\/261 tox|[from] ability: Poison Heal
|turn|10
|
|move|p1a: Breloom|Facade|p2a: Landorus-Therian
|-damage|p2a: Landorus-Therian|201\/381
|-damage|p1a: Breloom|76\/261 tox|[from] item: Rocky Helmet|[of] p2a: Landorus-Therian
|move|p2a: Landorus-Therian|U-turn|p1a: Breloom
|-damage|p1a: Breloom|0 fnt
|faint|p1a: Breloom
|
|switch|p2a: Ferrothorn|Ferrothorn, M|168\/351
|
|-heal|p2a: Ferrothorn|189\/351|[from] item: Leftovers
|
|switch|p1a: Swampert|Swampert, F|341\/341
|turn|11
|
|switch|p2a: Landorus-Therian|Landorus-Therian, M|201\/381
|-ability|p2a: Landorus-Therian|Intimidate|[of] p1a: Swampert
|-unboost|p1a: Swampert|atk|1
|detailschange|p1a: Swampert|Swampert-Mega, F
|message|Swampert has Mega Evolved into Mega Swampert!
|move|p1a: Swampert|Earthquake|p2a: Landorus-Therian
|-immune|p2a: Landorus-Therian|[msg]
|
|turn|12
|
|move|p1a: Swampert|Stealth Rock|p2a: Landorus-Therian
|-sidestart|p2: MaatMattos|move: Stealth Rock
|move|p2a: Landorus-Therian|Explosion|p1a: Swampert
|-damage|p1a: Swampert|83\/341
|faint|p2a: Landorus-Therian
|
|
|switch|p2a: Gyarados|Gyarados, F|331\/331
|-damage|p2a: Gyarados|249\/331|[from] Stealth Rock
|-ability|p2a: Gyarados|Intimidate|[of] p1a: Swampert
|-unboost|p1a: Swampert|atk|1
|turn|13
|
|switch|p1a: Politoed|Politoed, F|383\/383
|-weather|RainDance
|detailschange|p2a: Gyarados|Gyarados-Mega, F
|message|Gyarados has Mega Evolved into Mega Gyarados!
|-ability|p2a: Gyarados|Mold Breaker
|move|p2a: Gyarados|Dragon Dance|p2a: Gyarados
|-boost|p2a: Gyarados|atk|1
|-boost|p2a: Gyarados|spe|1
|
|-weather|RainDance|[upkeep]
|turn|14
|
|move|p2a: Gyarados|Crunch|p1a: Politoed
|-damage|p1a: Politoed|161\/383
|move|p1a: Politoed|Encore|p2a: Gyarados
|-start|p2a: Gyarados|Encore
|
|-weather|RainDance|[upkeep]
|turn|15
|
|switch|p1a: Klefki|Klefki, M|318\/318
|move|p2a: Gyarados|Crunch|p1a: Klefki
|-resisted|p1a: Klefki
|-damage|p1a: Klefki|210\/318
|
|-weather|RainDance|[upkeep]
|turn|16
|
|switch|p2a: Manaphy|Manaphy|341\/341
|-damage|p2a: Manaphy|299\/341|[from] Stealth Rock
|move|p1a: Klefki|Spikes|p2a: Manaphy
|-sidestart|p2: MaatMattos|Spikes
|
|-weather|RainDance|[upkeep]
|-heal|p2a: Manaphy|320\/341|[from] item: Leftovers
|turn|17
|
|switch|p1a: Politoed|Politoed, F|161\/383
|move|p2a: Manaphy|Scald|p1a: Politoed
|-resisted|p1a: Politoed
|-damage|p1a: Politoed|69\/383
|-status|p1a: Politoed|brn
|
|-weather|RainDance|[upkeep]
|-heal|p2a: Manaphy|341\/341|[from] item: Leftovers
|-damage|p1a: Politoed|22\/383 brn|[from] brn
|turn|18
|
|move|p2a: Manaphy|Tail Glow|p2a: Manaphy
|-boost|p2a: Manaphy|spa|3
|move|p1a: Politoed|Encore|p2a: Manaphy
|-start|p2a: Manaphy|Encore
|
|-weather|RainDance|[upkeep]
|-damage|p1a: Politoed|0 fnt|[from] brn
|faint|p1a: Politoed
|
|switch|p1a: Kingdra|Kingdra, M|291\/291
|turn|19
|
|switch|p2a: Ferrothorn|Ferrothorn, M|189\/351
|-damage|p2a: Ferrothorn|168\/351|[from] Stealth Rock
|-damage|p2a: Ferrothorn|125\/351|[from] Spikes
|move|p1a: Kingdra|Hydro Pump|p2a: Ferrothorn
|-resisted|p2a: Ferrothorn
|-damage|p2a: Ferrothorn|20\/351
|-damage|p1a: Kingdra|262\/291|[from] item: Life Orb
|
|-weather|RainDance|[upkeep]
|-heal|p2a: Ferrothorn|41\/351|[from] item: Leftovers
|turn|20
|
|move|p1a: Kingdra|Waterfall|p2a: Ferrothorn
|-resisted|p2a: Ferrothorn
|-damage|p2a: Ferrothorn|0 fnt
|-damage|p1a: Kingdra|226\/291|[from] ability: Iron Barbs|[of] p2a: Ferrothorn
|-damage|p1a: Kingdra|197\/291|[from] item: Life Orb
|faint|p2a: Ferrothorn
|
|-weather|none
|
|switch|p2a: Cresselia|Cresselia, F|443\/443
|-damage|p2a: Cresselia|388\/443|[from] Stealth Rock
|turn|21
|
|switch|p1a: Klefki|Klefki, M|210\/318
|move|p2a: Cresselia|Reflect|p2a: Cresselia
|-sidestart|p2: MaatMattos|Reflect
|
|turn|22
|
|move|p1a: Klefki|Thunder Wave|p2a: Cresselia
|-status|p2a: Cresselia|par
|cant|p2a: Cresselia|par
|
|turn|23
|
|move|p1a: Klefki|Spikes|p2a: Cresselia
|-sidestart|p2: MaatMattos|Spikes
|cant|p2a: Cresselia|par
|
|turn|24
|
|move|p1a: Klefki|Spikes|p2a: Cresselia
|-sidestart|p2: MaatMattos|Spikes
|move|p2a: Cresselia|Light Screen|p2a: Cresselia
|-sidestart|p2: MaatMattos|move: Light Screen
|
|turn|25
|
|switch|p2a: Manaphy|Manaphy|341\/341
|-damage|p2a: Manaphy|299\/341|[from] Stealth Rock
|-damage|p2a: Manaphy|214\/341|[from] Spikes
|move|p1a: Klefki|Thunder Wave|p2a: Manaphy
|-status|p2a: Manaphy|par
|
|-heal|p2a: Manaphy|235\/341 par|[from] item: Leftovers
|turn|26
|
|switch|p1a: Kingdra|Kingdra, M|197\/291
|move|p2a: Manaphy|Tail Glow|p2a: Manaphy
|-boost|p2a: Manaphy|spa|3
|
|-heal|p2a: Manaphy|256\/341 par|[from] item: Leftovers
|turn|27
|
|move|p1a: Kingdra|Draco Meteor|p2a: Manaphy
|-damage|p2a: Manaphy|129\/341 par
|-unboost|p1a: Kingdra|spa|2
|-damage|p1a: Kingdra|168\/291|[from] item: Life Orb
|move|p2a: Manaphy|Psychic|p1a: Kingdra
|-damage|p1a: Kingdra|0 fnt
|faint|p1a: Kingdra
|
|-heal|p2a: Manaphy|150\/341 par|[from] item: Leftovers
|
|switch|p1a: Swampert|Swampert-Mega, F|83\/341
|turn|28
|
|move|p1a: Swampert|Waterfall|p2a: Manaphy
|-resisted|p2a: Manaphy
|-damage|p2a: Manaphy|107\/341 par
|cant|p2a: Manaphy|par
|
|-heal|p2a: Manaphy|128\/341 par|[from] item: Leftovers
|-sideend|p2: MaatMattos|Reflect
|turn|29
|
|switch|p2a: Cresselia|Cresselia, F|388\/443 par
|-damage|p2a: Cresselia|333\/443 par|[from] Stealth Rock
|move|p1a: Swampert|Earthquake|p2a: Cresselia
|-immune|p2a: Cresselia|[msg]
|
|turn|30
|
|move|p1a: Swampert|Waterfall|p2a: Cresselia
|-damage|p2a: Cresselia|183\/443 par
|move|p2a: Cresselia|Reflect|p2a: Cresselia
|-sidestart|p2: MaatMattos|Reflect
|
|turn|31
|
|move|p1a: Swampert|Waterfall|p2a: Cresselia
|-damage|p2a: Cresselia|112\/443 par
|cant|p2a: Cresselia|par
|
|-sideend|p2: MaatMattos|move: Light Screen
|turn|32
|
|move|p1a: Swampert|Waterfall|p2a: Cresselia
|-damage|p2a: Cresselia|36\/443 par
|cant|p2a: Cresselia|flinch
|
|turn|33
|c|âMaatMattos|fuck this
|
|move|p1a: Swampert|Waterfall|p2a: Cresselia
|-damage|p2a: Cresselia|0 fnt
|faint|p2a: Cresselia
|
|
|switch|p2a: Gyarados|Gyarados-Mega, F|249\/331
|-damage|p2a: Gyarados|167\/331|[from] Spikes
|-damage|p2a: Gyarados|126\/331|[from] Stealth Rock
|-ability|p2a: Gyarados|Mold Breaker
|turn|34
|
|switch|p1a: Klefki|Klefki, M|210\/318
|move|p2a: Gyarados|Waterfall|p1a: Klefki
|-damage|p1a: Klefki|42\/318
|
|turn|35
|
|move|p1a: Klefki|Thunder Wave|p2a: Gyarados
|-status|p2a: Gyarados|par
|move|p2a: Gyarados|Waterfall|p1a: Klefki
|-damage|p1a: Klefki|0 fnt
|faint|p1a: Klefki
|
|
|switch|p1a: Swampert|Swampert-Mega, F|83\/341
|turn|36
|
|move|p1a: Swampert|Waterfall|p2a: Gyarados
|-crit|p2a: Gyarados
|-resisted|p2a: Gyarados
|-damage|p2a: Gyarados|11\/331 par
|cant|p2a: Gyarados|flinch
|
|turn|37
|c|âMaatMattos|SEEMS LEGIT LOL
|
|move|p1a: Swampert|Earthquake|p2a: Gyarados
|-damage|p2a: Gyarados|0 fnt
|faint|p2a: Gyarados
|
|-sideend|p2: MaatMattos|Reflect
|
|switch|p2a: Manaphy|Manaphy|128\/341 par
|-damage|p2a: Manaphy|43\/341 par|[from] Spikes
|-damage|p2a: Manaphy|1\/341 par|[from] Stealth Rock
|turn|38
|-message|MaatMattos forfeited.
|
|win|DoughBoy
|raw|Ladder updating...
|leave|MaatMattos
|player|p2
|raw|DoughBoy's rating: 1843 &rarr; <strong>1856<\/strong><br \/>(+13 for winning)
|raw|MaatMattos's rating: 1714 &rarr; <strong>1701<\/strong><br \/>(-13 for losing)
|join|Murtada
|leave|Murtada