|join|MaatMattos
|join|LT1A Elyis
|player|p1|MaatMattos|52
|player|p2|LT1A Elyis|101
|gametype|singles
|gen|6
|tier|OU
|rated
|clearpoke
|poke|p1|Manaphy
|poke|p1|Keldeo-Resolute
|poke|p1|Cresselia, F
|poke|p1|Landorus-Therian, M
|poke|p1|Heatran, M
|poke|p1|Heracross, F
|poke|p2|Garchomp, M
|poke|p2|Pinsir, M
|poke|p2|Magnezone
|poke|p2|Azumarill, F
|poke|p2|Latios, M
|poke|p2|Diggersby, M
|rule|Swagger Clause: Swagger is banned
|rule|Baton Pass Clause: Limit one PokÃ©mon knowing Baton Pass
|rule|Sleep Clause Mod: Limit one foe put to sleep
|rule|Species Clause: Limit one of each PokÃ©mon
|rule|OHKO Clause: OHKO moves are banned
|rule|Moody Clause: Moody is banned
|rule|Evasion Moves Clause: Evasion moves are banned
|rule|Endless Battle Clause: Forcing endless battles is banned
|rule|HP Percentage Mod: HP is shown in percentages
|teampreview
|
|start
|switch|p1a: Heracross|Heracross, F|301\/301
|switch|p2a: Garchomp|Garchomp, M|358\/358
|turn|1
|join|kwiickfan
|
|detailschange|p1a: Heracross|Heracross-Mega, F
|message|Heracross has Mega Evolved into Mega Heracross!
|move|p2a: Garchomp|Stealth Rock|p1a: Heracross
|-sidestart|p1: MaatMattos|move: Stealth Rock
|move|p1a: Heracross|Pin Missile|p2a: Garchomp
|-damage|p2a: Garchomp|295\/358
|-damage|p2a: Garchomp|225\/358
|-damage|p2a: Garchomp|153\/358
|-damage|p2a: Garchomp|86\/358
|-crit|p2a: Garchomp
|-damage|p2a: Garchomp|0 fnt
|-hitcount|p2a: Garchomp|5
|faint|p2a: Garchomp
|
|
|switch|p2a: Mega Pinsir|Pinsir, M|272\/272
|turn|2
|
|switch|p1a: Heatran|Heatran, M|386\/386
|-damage|p1a: Heatran|338\/386|[from] Stealth Rock
|detailschange|p2a: Mega Pinsir|Pinsir-Mega, M
|message|Pinsir has Mega Evolved into Mega Pinsir!
|move|p2a: Mega Pinsir|Frustration|p1a: Heatran
|-resisted|p1a: Heatran
|-damage|p1a: Heatran|213\/386
|
|-heal|p1a: Heatran|237\/386|[from] item: Leftovers
|turn|3
|
|switch|p1a: Landorus-Therian|Landorus-Therian, M|381\/381
|-damage|p1a: Landorus-Therian|334\/381|[from] Stealth Rock
|-ability|p1a: Landorus-Therian|Intimidate|[of] p2a: Mega Pinsir
|-unboost|p2a: Mega Pinsir|atk|1
|move|p2a: Mega Pinsir|Close Combat|p1a: Landorus-Therian
|-resisted|p1a: Landorus-Therian
|-damage|p1a: Landorus-Therian|292\/381
|-damage|p2a: Mega Pinsir|227\/272|[from] item: Rocky Helmet|[of] p1a: Landorus-Therian
|-unboost|p2a: Mega Pinsir|def|1
|-unboost|p2a: Mega Pinsir|spd|1
|
|turn|4
|
|switch|p2a: Diggersby|Diggersby, M|312\/312
|move|p1a: Landorus-Therian|Stealth Rock|p2a: Diggersby
|-sidestart|p2: LT1A Elyis|move: Stealth Rock
|
|turn|5
|
|move|p2a: Diggersby|Frustration|p1a: Landorus-Therian
|-damage|p1a: Landorus-Therian|65\/381
|-damage|p2a: Diggersby|260\/312|[from] item: Rocky Helmet|[of] p1a: Landorus-Therian
|-damage|p2a: Diggersby|229\/312|[from] item: Life Orb
|move|p1a: Landorus-Therian|U-turn|p2a: Diggersby
|-damage|p2a: Diggersby|128\/312
|
|switch|p1a: Keldeo-Resolute|Keldeo-Resolute|323\/323
|-damage|p1a: Keldeo-Resolute|303\/323|[from] Stealth Rock
|
|-heal|p1a: Keldeo-Resolute|323\/323|[from] item: Leftovers
|turn|6
|
|switch|p2a: Latios|Latios, M|302\/302
|-damage|p2a: Latios|265\/302|[from] Stealth Rock
|move|p1a: Keldeo-Resolute|Scald|p2a: Latios
|-resisted|p2a: Latios
|-damage|p2a: Latios|201\/302
|-status|p2a: Latios|brn
|
|-damage|p2a: Latios|164\/302 brn|[from] brn
|turn|7
|
|switch|p1a: Cresselia|Cresselia, F|444\/444
|-damage|p1a: Cresselia|389\/444|[from] Stealth Rock
|move|p2a: Latios|Defog|p1a: Cresselia
|-unboost|p1a: Cresselia|evasion|1
|-sideend|p1: MaatMattos|Stealth Rock|[from] move: Defog|[of] p1a: Cresselia
|-sideend|p2: LT1A Elyis|Stealth Rock|[from] move: Defog|[of] p2a: Latios
|
|-damage|p2a: Latios|127\/302 brn|[from] brn
|turn|8
|
|switch|p2a: Azumarill|Azumarill, F|404\/404
|move|p1a: Cresselia|Light Screen|p1a: Cresselia
|-sidestart|p1: MaatMattos|move: Light Screen
|
|turn|9
|
|move|p1a: Cresselia|Reflect|p1a: Cresselia
|-sidestart|p1: MaatMattos|Reflect
|move|p2a: Azumarill|Knock Off|p1a: Cresselia
|-supereffective|p1a: Cresselia
|-damage|p1a: Cresselia|269\/444
|-enditem|p1a: Cresselia|Light Clay|[from] move: Knock Off|[of] p2a: Azumarill
|
|turn|10
|
|move|p1a: Cresselia|Thunder Wave|p2a: Azumarill
|-status|p2a: Azumarill|par
|move|p2a: Azumarill|Play Rough|p1a: Cresselia
|-damage|p1a: Cresselia|180\/444
|
|turn|11
|
|switch|p1a: Heatran|Heatran, M|237\/386
|move|p2a: Azumarill|Waterfall|p1a: Heatran
|-supereffective|p1a: Heatran
|-damage|p1a: Heatran|63\/386
|
|-heal|p1a: Heatran|87\/386|[from] item: Leftovers
|turn|12
|
|move|p2a: Azumarill|Aqua Jet|p1a: Heatran
|-supereffective|p1a: Heatran
|-damage|p1a: Heatran|2\/386
|move|p1a: Heatran|Stealth Rock|p2a: Azumarill
|-sidestart|p2: LT1A Elyis|move: Stealth Rock
|
|-heal|p1a: Heatran|26\/386|[from] item: Leftovers
|turn|13
|
|switch|p1a: Cresselia|Cresselia, F|180\/444
|move|p2a: Azumarill|Aqua Jet|p1a: Cresselia
|-damage|p1a: Cresselia|146\/444
|
|turn|14
|
|move|p1a: Cresselia|Lunar Dance|p1a: Cresselia
|faint|p1a: Cresselia
|move|p2a: Azumarill|Play Rough|p1: Cresselia|[notarget]
|-notarget
|
|
|switch|p1a: Landorus-Therian|Landorus-Therian, M|65\/381
|-heal|p1a: Landorus-Therian|381\/381|[from] move: Lunar Dance
|-ability|p1a: Landorus-Therian|Intimidate|[of] p2a: Azumarill
|-unboost|p2a: Azumarill|atk|1
|turn|15
|
|move|p1a: Landorus-Therian|Earthquake|p2a: Azumarill
|-damage|p2a: Azumarill|194\/404 par
|move|p2a: Azumarill|Waterfall|p1a: Landorus-Therian
|-supereffective|p1a: Landorus-Therian
|-damage|p1a: Landorus-Therian|300\/381
|-damage|p2a: Azumarill|127\/404 par|[from] item: Rocky Helmet|[of] p1a: Landorus-Therian
|
|-sideend|p1: MaatMattos|move: Light Screen
|turn|16
|
|switch|p2a: Latios|Latios, M|127\/302 brn
|-damage|p2a: Latios|90\/302 brn|[from] Stealth Rock
|move|p1a: Landorus-Therian|Earthquake|p2a: Latios
|-immune|p2a: Latios|[msg]
|
|-damage|p2a: Latios|53\/302 brn|[from] brn
|-sideend|p1: MaatMattos|Reflect
|turn|17
|
|switch|p1a: Heatran|Heatran, M|26\/386
|move|p2a: Latios|Defog|p1a: Heatran
|-unboost|p1a: Heatran|evasion|1
|-sideend|p2: LT1A Elyis|Stealth Rock|[from] move: Defog|[of] p2a: Latios
|
|-heal|p1a: Heatran|50\/386|[from] item: Leftovers
|-damage|p2a: Latios|16\/302 brn|[from] brn
|turn|18
|
|move|p2a: Latios|Draco Meteor|p1a: Heatran
|-resisted|p1a: Heatran
|-damage|p1a: Heatran|0 fnt
|-unboost|p2a: Latios|spa|2
|-damage|p2a: Latios|0 fnt|[from] item: Life Orb
|faint|p1a: Heatran
|faint|p2a: Latios
|
|
|switch|p1a: Heracross|Heracross-Mega, F|301\/301
|switch|p2a: Azumarill|Azumarill, F|127\/404 par
|turn|19
|
|move|p1a: Heracross|Bullet Seed|p2a: Azumarill
|-supereffective|p2a: Azumarill
|-damage|p2a: Azumarill|19\/404 par
|-supereffective|p2a: Azumarill
|-damage|p2a: Azumarill|0 fnt
|-hitcount|p2a: Azumarill|2
|faint|p2a: Azumarill
|
|
|switch|p2a: Mega Pinsir|Pinsir-Mega, M|227\/272
|turn|20
|
|switch|p1a: Landorus-Therian|Landorus-Therian, M|300\/381
|-ability|p1a: Landorus-Therian|Intimidate|[of] p2a: Mega Pinsir
|-unboost|p2a: Mega Pinsir|atk|1
|move|p2a: Mega Pinsir|Frustration|p1a: Landorus-Therian
|-damage|p1a: Landorus-Therian|171\/381
|-damage|p2a: Mega Pinsir|182\/272|[from] item: Rocky Helmet|[of] p1a: Landorus-Therian
|
|turn|21
|
|move|p2a: Mega Pinsir|Swords Dance|p2a: Mega Pinsir
|-boost|p2a: Mega Pinsir|atk|2
|move|p1a: Landorus-Therian|Explosion|p2a: Mega Pinsir
|-crit|p2a: Mega Pinsir
|-damage|p2a: Mega Pinsir|0 fnt
|faint|p1a: Landorus-Therian
|faint|p2a: Mega Pinsir
|
|c| kwiickfan|;O
|
|switch|p2a: Diggersby|Diggersby, M|128\/312
|switch|p1a: Heracross|Heracross-Mega, F|301\/301
|turn|22
|
|move|p2a: Diggersby|Quick Attack|p1a: Heracross
|-damage|p1a: Heracross|196\/301
|-damage|p2a: Diggersby|97\/312|[from] item: Life Orb
|move|p1a: Heracross|Bullet Seed|p2a: Diggersby
|-supereffective|p2a: Diggersby
|-damage|p2a: Diggersby|0 fnt
|-hitcount|p2a: Diggersby|1
|faint|p2a: Diggersby
|
|
|switch|p2a: Magnezone|Magnezone|282\/282
|turn|23
|
|move|p2a: Magnezone|Thunderbolt|p1a: Heracross
|-damage|p1a: Heracross|55\/301
|move|p1a: Heracross|Close Combat|p2a: Magnezone
|-supereffective|p2a: Magnezone
|-damage|p2a: Magnezone|0 fnt
|-unboost|p1a: Heracross|def|1
|-unboost|p1a: Heracross|spd|1
|faint|p2a: Magnezone
|
|win|MaatMattos
|raw|Ladder updating...
|raw|MaatMattos's rating: 1876 &rarr; <strong>1896<\/strong><br \/>(+20 for winning)
|raw|LT1A Elyis's rating: 1873 &rarr; <strong>1854<\/strong><br \/>(-19 for losing)
|leave|LT1A Elyis
|player|p2
|c|âMaatMattos|gg
|leave|MaatMattos
|player|p1