|join|MaatMattos
|join|lt1a rewer
|player|p1|MaatMattos|52
|player|p2|lt1a rewer|34
|gametype|singles
|gen|6
|tier|OU
|rated
|clearpoke
|poke|p1|Manaphy
|poke|p1|Keldeo-Resolute
|poke|p1|Cresselia, F
|poke|p1|Landorus-Therian, M
|poke|p1|Heatran, M
|poke|p1|Heracross, M
|poke|p2|Terrakion
|poke|p2|Garchomp, F
|poke|p2|Thundurus, M
|poke|p2|Gardevoir, M
|poke|p2|Dragonite, M
|poke|p2|Greninja, M
|rule|Swagger Clause: Swagger is banned
|rule|Baton Pass Clause: Limit one PokÃ©mon knowing Baton Pass
|rule|Sleep Clause Mod: Limit one foe put to sleep
|rule|Species Clause: Limit one of each PokÃ©mon
|rule|OHKO Clause: OHKO moves are banned
|rule|Moody Clause: Moody is banned
|rule|Evasion Moves Clause: Evasion moves are banned
|rule|Endless Battle Clause: Forcing endless battles is banned
|rule|HP Percentage Mod: HP is shown in percentages
|teampreview
|join|kwiickfan
|
|start
|switch|p1a: Heracross|Heracross, M|301\/301
|switch|p2a: Terrakion|Terrakion|323\/323
|turn|1
|
|detailschange|p1a: Heracross|Heracross-Mega, M
|message|Heracross has Mega Evolved into Mega Heracross!
|move|p2a: Terrakion|Stealth Rock|p1a: Heracross
|-sidestart|p1: MaatMattos|move: Stealth Rock
|move|p1a: Heracross|Bullet Seed|p2a: Terrakion
|-supereffective|p2a: Terrakion
|-damage|p2a: Terrakion|231\/323
|-supereffective|p2a: Terrakion
|-damage|p2a: Terrakion|131\/323
|-crit|p2a: Terrakion
|-supereffective|p2a: Terrakion
|-damage|p2a: Terrakion|0 fnt
|-hitcount|p2a: Terrakion|3
|faint|p2a: Terrakion
|
|
|switch|p2a: Gardevoir|Gardevoir, M|277\/277
|turn|2
|
|switch|p1a: Heatran|Heatran, M|386\/386
|-damage|p1a: Heatran|338\/386|[from] Stealth Rock
|detailschange|p2a: Gardevoir|Gardevoir-Mega, M
|message|Gardevoir has Mega Evolved into Mega Gardevoir!
|move|p2a: Gardevoir|Hyper Voice|p1a: Heatran
|-resisted|p1a: Heatran
|-damage|p1a: Heatran|297\/386
|
|-heal|p1a: Heatran|321\/386|[from] item: Leftovers
|turn|3
|
|move|p2a: Gardevoir|Focus Blast|p1a: Heatran
|-supereffective|p1a: Heatran
|-damage|p1a: Heatran|65\/386
|-unboost|p1a: Heatran|spd|1
|move|p1a: Heatran|Stealth Rock|p2a: Gardevoir
|-sidestart|p2: lt1a rewer|move: Stealth Rock
|
|-heal|p1a: Heatran|89\/386|[from] item: Leftovers
|turn|4
|
|move|p2a: Gardevoir|Focus Blast|p1a: Heatran
|-supereffective|p1a: Heatran
|-damage|p1a: Heatran|0 fnt
|faint|p1a: Heatran
|
|
|switch|p1a: Cresselia|Cresselia, F|444\/444
|-damage|p1a: Cresselia|389\/444|[from] Stealth Rock
|turn|5
|
|move|p2a: Gardevoir|Will-O-Wisp|p1a: Cresselia
|-status|p1a: Cresselia|brn
|move|p1a: Cresselia|Thunder Wave|p2a: Gardevoir
|-status|p2a: Gardevoir|par
|
|-damage|p1a: Cresselia|334\/444 brn|[from] brn
|turn|6
|
|move|p1a: Cresselia|Light Screen|p1a: Cresselia
|-sidestart|p1: MaatMattos|move: Light Screen
|cant|p2a: Gardevoir|par
|
|-damage|p1a: Cresselia|279\/444 brn|[from] brn
|turn|7
|
|move|p1a: Cresselia|Reflect|p1a: Cresselia
|-sidestart|p1: MaatMattos|Reflect
|move|p2a: Gardevoir|Hyper Voice|p1a: Cresselia
|-damage|p1a: Cresselia|199\/444 brn
|
|-damage|p1a: Cresselia|144\/444 brn|[from] brn
|turn|8
|
|move|p1a: Cresselia|Lunar Dance|p1a: Cresselia
|faint|p1a: Cresselia
|cant|p2a: Gardevoir|par
|
|
|switch|p1a: Manaphy|Manaphy|373\/373
|-heal|p1a: Manaphy|373\/373|[from] move: Lunar Dance
|-damage|p1a: Manaphy|327\/373|[from] Stealth Rock
|turn|9
|
|move|p1a: Manaphy|Tail Glow|p1a: Manaphy
|-boost|p1a: Manaphy|spa|3
|move|p2a: Gardevoir|Hyper Voice|p1a: Manaphy
|-damage|p1a: Manaphy|194\/373
|
|-heal|p1a: Manaphy|217\/373|[from] item: Leftovers
|turn|10
|
|move|p1a: Manaphy|Scald|p2a: Gardevoir
|-damage|p2a: Gardevoir|24\/277 par
|move|p2a: Gardevoir|Hyper Voice|p1a: Manaphy
|-damage|p1a: Manaphy|82\/373
|
|-heal|p1a: Manaphy|105\/373|[from] item: Leftovers
|turn|11
|
|move|p1a: Manaphy|Scald|p2a: Gardevoir
|-damage|p2a: Gardevoir|0 fnt
|faint|p2a: Gardevoir
|
|-heal|p1a: Manaphy|128\/373|[from] item: Leftovers
|
|switch|p2a: Greninja|Greninja, M|285\/285
|-damage|p2a: Greninja|250\/285|[from] Stealth Rock
|turn|12
|
|switch|p2a: Dragonite|Dragonite, M|323\/323
|-damage|p2a: Dragonite|243\/323|[from] Stealth Rock
|move|p1a: Manaphy|Scald|p2a: Dragonite
|-resisted|p2a: Dragonite
|-damage|p2a: Dragonite|91\/323
|-status|p2a: Dragonite|brn
|
|-heal|p1a: Manaphy|151\/373|[from] item: Leftovers
|-damage|p2a: Dragonite|51\/323 brn|[from] brn
|turn|13
|
|move|p2a: Dragonite|Extreme Speed|p1a: Manaphy
|-damage|p1a: Manaphy|112\/373
|move|p1a: Manaphy|Scald|p2a: Dragonite
|-resisted|p2a: Dragonite
|-damage|p2a: Dragonite|0 fnt
|faint|p2a: Dragonite
|
|-heal|p1a: Manaphy|135\/373|[from] item: Leftovers
|-sideend|p1: MaatMattos|move: Light Screen
|
|switch|p2a: Thundurus|Thundurus, M|351\/351
|-damage|p2a: Thundurus|264\/351|[from] Stealth Rock
|turn|14
|c| kwiickfan|why scald?
|c|âMaatMattos|burns obvsly
|join|Leftiez
|
|move|p2a: Thundurus|Thunderbolt|p1a: Manaphy
|-supereffective|p1a: Manaphy
|-damage|p1a: Manaphy|0 fnt
|faint|p1a: Manaphy
|
|-heal|p2a: Thundurus|285\/351|[from] item: Leftovers
|-sideend|p1: MaatMattos|Reflect
|
|switch|p1a: Heracross|Heracross-Mega, M|301\/301
|-damage|p1a: Heracross|264\/301|[from] Stealth Rock
|turn|15
|
|switch|p2a: Garchomp|Garchomp, F|358\/358
|-damage|p2a: Garchomp|336\/358|[from] Stealth Rock
|move|p1a: Heracross|Rock Blast|p2a: Garchomp
|-resisted|p2a: Garchomp
|-damage|p2a: Garchomp|313\/358
|-resisted|p2a: Garchomp
|-damage|p2a: Garchomp|290\/358
|-resisted|p2a: Garchomp
|-damage|p2a: Garchomp|270\/358
|-resisted|p2a: Garchomp
|-damage|p2a: Garchomp|249\/358
|-resisted|p2a: Garchomp
|-damage|p2a: Garchomp|228\/358
|-hitcount|p2a: Garchomp|5
|
|turn|16
|
|switch|p1a: Landorus-Therian|Landorus-Therian, M|381\/381
|-damage|p1a: Landorus-Therian|334\/381|[from] Stealth Rock
|-ability|p1a: Landorus-Therian|Intimidate|[of] p2a: Garchomp
|-unboost|p2a: Garchomp|atk|1
|move|p2a: Garchomp|Outrage|p1a: Landorus-Therian
|-damage|p1a: Landorus-Therian|219\/381
|-damage|p2a: Garchomp|169\/358|[from] item: Rocky Helmet|[of] p1a: Landorus-Therian
|
|turn|17
|c| kwiickfan|k
|
|move|p2a: Garchomp|Outrage|p1a: Landorus-Therian
|-damage|p1a: Landorus-Therian|113\/381
|-damage|p2a: Garchomp|110\/358|[from] item: Rocky Helmet|[of] p1a: Landorus-Therian
|move|p1a: Landorus-Therian|Earthquake|p2a: Garchomp
|-damage|p2a: Garchomp|0 fnt
|faint|p2a: Garchomp
|
|
|switch|p2a: Greninja|Greninja, M|250\/285
|-damage|p2a: Greninja|215\/285|[from] Stealth Rock
|turn|18
|
|move|p2a: Greninja|Ice Beam|p1a: Landorus-Therian
|-start|p2a: Greninja|typechange|Ice|[from] Protean
|-supereffective|p1a: Landorus-Therian
|-damage|p1a: Landorus-Therian|0 fnt
|-damage|p2a: Greninja|187\/285|[from] item: Life Orb
|faint|p1a: Landorus-Therian
|
|
|switch|p1a: Keldeo-Resolute|Keldeo-Resolute|323\/323
|-damage|p1a: Keldeo-Resolute|303\/323|[from] Stealth Rock
|turn|19
|join|LT1A NotAGymLdr
|
|switch|p2a: Thundurus|Thundurus, M|285\/351
|-damage|p2a: Thundurus|198\/351|[from] Stealth Rock
|move|p1a: Keldeo-Resolute|Scald|p2a: Thundurus
|-damage|p2a: Thundurus|27\/351
|
|-heal|p2a: Thundurus|48\/351|[from] item: Leftovers
|-heal|p1a: Keldeo-Resolute|323\/323|[from] item: Leftovers
|turn|20
|
|move|p2a: Thundurus|Thunderbolt|p1a: Keldeo-Resolute
|-supereffective|p1a: Keldeo-Resolute
|-damage|p1a: Keldeo-Resolute|39\/323
|move|p1a: Keldeo-Resolute|Scald|p2a: Thundurus
|-damage|p2a: Thundurus|0 fnt
|faint|p2a: Thundurus
|
|-heal|p1a: Keldeo-Resolute|59\/323|[from] item: Leftovers
|join|lil manaphy
|
|switch|p2a: Greninja|Greninja, M|187\/285
|-damage|p2a: Greninja|152\/285|[from] Stealth Rock
|turn|21
|c| kwiickfan|extrasensory?
|
|move|p2a: Greninja|Grass Knot|p1a: Keldeo-Resolute
|-start|p2a: Greninja|typechange|Grass|[from] Protean
|-supereffective|p1a: Keldeo-Resolute
|-damage|p1a: Keldeo-Resolute|0 fnt
|-damage|p2a: Greninja|124\/285|[from] item: Life Orb
|faint|p1a: Keldeo-Resolute
|
|
|switch|p1a: Heracross|Heracross-Mega, M|264\/301
|-damage|p1a: Heracross|227\/301|[from] Stealth Rock
|turn|22
|
|move|p2a: Greninja|Hidden Power|p1a: Heracross
|-start|p2a: Greninja|typechange|Fire|[from] Protean
|-supereffective|p1a: Heracross
|-damage|p1a: Heracross|6\/301
|-damage|p2a: Greninja|96\/285|[from] item: Life Orb
|move|p1a: Heracross|Close Combat|p2a: Greninja
|-crit|p2a: Greninja
|-damage|p2a: Greninja|0 fnt
|-unboost|p1a: Heracross|def|1
|-unboost|p1a: Heracross|spd|1
|faint|p2a: Greninja
|
|win|MaatMattos
|raw|Ladder updating...
|raw|MaatMattos's rating: 1896 &rarr; <strong>1908<\/strong><br \/>(+12 for winning)
|raw|lt1a rewer's rating: 1756 &rarr; <strong>1743<\/strong><br \/>(-13 for losing)
|leave|lt1a rewer
|player|p2
|join|redevil360
|c| kwiickfan|close?
|c|âMaatMattos|crit mattered
|c|âMaatMattos|XD
|c| kwiickfan|lol
|leave|MaatMattos
|player|p1
|leave|LT1A NotAGymLdr
|leave|redevil360
|leave|lil manaphy
|join|Prankster
|leave|Prankster
|join|MCBarrett
|leave|MCBarrett
|join|SkillCapped
|leave|SkillCapped
|join|redevil360
|leave|redevil360
|join|Xopi
|leave|Xopi
|join|Toad le Lucario
|leave|Toad le Lucario
|join|MCBarrett
|leave|MCBarrett
|leave|Leftiez