|join|lil manaphy
|join|MaatMattos
|player|p1|lil manaphy|6
|player|p2|MaatMattos|52
|gametype|singles
|gen|6
|tier|OU
|rated
|clearpoke
|poke|p1|Scizor, M
|poke|p1|Gothitelle, M
|poke|p1|Chansey, F
|poke|p1|Alomomola, F
|poke|p1|Cresselia, F
|poke|p1|Zapdos
|poke|p2|Manaphy
|poke|p2|Keldeo-Resolute
|poke|p2|Cresselia, F
|poke|p2|Magnezone
|poke|p2|Landorus-Therian, M
|poke|p2|Aerodactyl, M
|rule|Swagger Clause: Swagger is banned
|rule|Baton Pass Clause: Limit one PokÃ©mon knowing Baton Pass
|rule|Sleep Clause Mod: Limit one foe put to sleep
|rule|Species Clause: Limit one of each PokÃ©mon
|rule|OHKO Clause: OHKO moves are banned
|rule|Moody Clause: Moody is banned
|rule|Evasion Moves Clause: Evasion moves are banned
|rule|Endless Battle Clause: Forcing endless battles is banned
|rule|HP Percentage Mod: HP is shown in percentages
|teampreview
|join|AlmightyJeffwinger
|
|start
|switch|p1a: Scizor|Scizor, M|344\/344
|switch|p2a: Magnezone|Magnezone|344\/344
|turn|1
|
|detailschange|p1a: Scizor|Scizor-Mega, M
|message|Scizor has Mega Evolved into Mega Scizor!
|move|p1a: Scizor|Superpower|p2a: Magnezone
|-supereffective|p2a: Magnezone
|-damage|p2a: Magnezone|92\/344
|-unboost|p1a: Scizor|atk|1
|-unboost|p1a: Scizor|def|1
|move|p2a: Magnezone|Volt Switch|p1a: Scizor
|-damage|p1a: Scizor|97\/344
|
|switch|p2a: Landorus-Therian|Landorus-Therian, M|381\/381
|-ability|p2a: Landorus-Therian|Intimidate|[of] p1a: Scizor
|-unboost|p1a: Scizor|atk|1
|
|turn|2
|
|switch|p1a: Chansey|Chansey, F|704\/704
|move|p2a: Landorus-Therian|Stealth Rock|p1a: Chansey
|-sidestart|p1: lil manaphy|move: Stealth Rock
|
|turn|3
|
|move|p2a: Landorus-Therian|U-turn|p1a: Chansey
|-damage|p1a: Chansey|602\/704
|
|switch|p2a: Keldeo-Resolute|Keldeo-Resolute|323\/323
|move|p1a: Chansey|Stealth Rock|p2a: Keldeo-Resolute
|-sidestart|p2: MaatMattos|move: Stealth Rock
|
|turn|4
|join|UrsaReign
|join|watch cats
|
|switch|p1a: Cresselia|Cresselia, F|444\/444
|-damage|p1a: Cresselia|389\/444|[from] Stealth Rock
|move|p2a: Keldeo-Resolute|Substitute|p2a: Keldeo-Resolute
|-start|p2a: Keldeo-Resolute|Substitute
|-damage|p2a: Keldeo-Resolute|243\/323
|
|-heal|p2a: Keldeo-Resolute|263\/323|[from] item: Leftovers
|-heal|p1a: Cresselia|416\/444|[from] item: Leftovers
|turn|5
|
|move|p2a: Keldeo-Resolute|Calm Mind|p2a: Keldeo-Resolute
|-boost|p2a: Keldeo-Resolute|spa|1
|-boost|p2a: Keldeo-Resolute|spd|1
|move|p1a: Cresselia|Psyshock|p2a: Keldeo-Resolute
|-supereffective|p2a: Keldeo-Resolute
|-end|p2a: Keldeo-Resolute|Substitute
|
|-heal|p2a: Keldeo-Resolute|283\/323|[from] item: Leftovers
|-heal|p1a: Cresselia|443\/444|[from] item: Leftovers
|turn|6
|join|CleanerThanRotom-W
|
|move|p2a: Keldeo-Resolute|Scald|p1a: Cresselia
|-damage|p1a: Cresselia|310\/444
|-status|p1a: Cresselia|brn
|move|p1a: Cresselia|Psyshock|p2a: Keldeo-Resolute
|-supereffective|p2a: Keldeo-Resolute
|-damage|p2a: Keldeo-Resolute|127\/323
|
|-heal|p2a: Keldeo-Resolute|147\/323|[from] item: Leftovers
|-heal|p1a: Cresselia|337\/444 brn|[from] item: Leftovers
|-damage|p1a: Cresselia|282\/444 brn|[from] brn
|turn|7
|
|move|p2a: Keldeo-Resolute|Substitute|p2a: Keldeo-Resolute
|-start|p2a: Keldeo-Resolute|Substitute
|-damage|p2a: Keldeo-Resolute|67\/323
|move|p1a: Cresselia|Moonlight|p1a: Cresselia
|-heal|p1a: Cresselia|444\/444 brn
|
|-heal|p2a: Keldeo-Resolute|87\/323|[from] item: Leftovers
|-damage|p1a: Cresselia|389\/444 brn|[from] brn
|turn|8
|
|move|p2a: Keldeo-Resolute|Scald|p1a: Cresselia
|-damage|p1a: Cresselia|250\/444 brn
|move|p1a: Cresselia|Psyshock|p2a: Keldeo-Resolute
|-crit|p2a: Keldeo-Resolute
|-supereffective|p2a: Keldeo-Resolute
|-end|p2a: Keldeo-Resolute|Substitute
|
|-heal|p2a: Keldeo-Resolute|107\/323|[from] item: Leftovers
|-heal|p1a: Cresselia|277\/444 brn|[from] item: Leftovers
|-damage|p1a: Cresselia|222\/444 brn|[from] brn
|turn|9
|
|move|p2a: Keldeo-Resolute|Substitute|p2a: Keldeo-Resolute
|-start|p2a: Keldeo-Resolute|Substitute
|-damage|p2a: Keldeo-Resolute|27\/323
|move|p1a: Cresselia|Moonlight|p1a: Cresselia
|-heal|p1a: Cresselia|444\/444 brn
|
|-heal|p2a: Keldeo-Resolute|47\/323|[from] item: Leftovers
|-damage|p1a: Cresselia|389\/444 brn|[from] brn
|turn|10
|
|move|p2a: Keldeo-Resolute|Scald|p1a: Cresselia
|-damage|p1a: Cresselia|260\/444 brn
|move|p1a: Cresselia|Psych Up|p2a: Keldeo-Resolute
|-copyboost|p1a: Cresselia|p2a: Keldeo-Resolute|[from] move: Psych Up
|
|-heal|p2a: Keldeo-Resolute|67\/323|[from] item: Leftovers
|-heal|p1a: Cresselia|287\/444 brn|[from] item: Leftovers
|-damage|p1a: Cresselia|232\/444 brn|[from] brn
|turn|11
|
|move|p2a: Keldeo-Resolute|Scald|p1a: Cresselia
|-damage|p1a: Cresselia|142\/444 brn
|move|p1a: Cresselia|Moonlight|p1a: Cresselia
|-heal|p1a: Cresselia|364\/444 brn
|
|-heal|p2a: Keldeo-Resolute|87\/323|[from] item: Leftovers
|-heal|p1a: Cresselia|391\/444 brn|[from] item: Leftovers
|-damage|p1a: Cresselia|336\/444 brn|[from] brn
|turn|12
|
|move|p2a: Keldeo-Resolute|Secret Sword|p1a: Cresselia
|-resisted|p1a: Cresselia
|-damage|p1a: Cresselia|246\/444 brn
|move|p1a: Cresselia|Psyshock|p2a: Keldeo-Resolute
|-supereffective|p2a: Keldeo-Resolute
|-end|p2a: Keldeo-Resolute|Substitute
|
|-heal|p2a: Keldeo-Resolute|107\/323|[from] item: Leftovers
|-heal|p1a: Cresselia|273\/444 brn|[from] item: Leftovers
|-damage|p1a: Cresselia|218\/444 brn|[from] brn
|turn|13
|
|switch|p2a: Cresselia|Cresselia, F|444\/444
|-damage|p2a: Cresselia|389\/444|[from] Stealth Rock
|move|p1a: Cresselia|Psyshock|p2a: Cresselia
|-resisted|p2a: Cresselia
|-damage|p2a: Cresselia|345\/444
|
|-heal|p1a: Cresselia|245\/444 brn|[from] item: Leftovers
|-damage|p1a: Cresselia|190\/444 brn|[from] brn
|turn|14
|
|move|p2a: Cresselia|Reflect|p2a: Cresselia
|-sidestart|p2: MaatMattos|Reflect
|move|p1a: Cresselia|Moonlight|p1a: Cresselia
|-heal|p1a: Cresselia|412\/444 brn
|
|-heal|p1a: Cresselia|439\/444 brn|[from] item: Leftovers
|-damage|p1a: Cresselia|384\/444 brn|[from] brn
|turn|15
|
|switch|p1a: Scizor|Scizor-Mega, M|97\/344
|-damage|p1a: Scizor|54\/344|[from] Stealth Rock
|move|p2a: Cresselia|Light Screen|p2a: Cresselia
|-sidestart|p2: MaatMattos|move: Light Screen
|
|turn|16
|
|move|p2a: Cresselia|Thunder Wave|p1a: Scizor
|-status|p1a: Scizor|par
|cant|p1a: Scizor|par
|
|turn|17
|
|switch|p2a: Magnezone|Magnezone|92\/344
|-damage|p2a: Magnezone|71\/344|[from] Stealth Rock
|move|p1a: Scizor|Roost|p1a: Scizor
|-heal|p1a: Scizor|226\/344 par
|
|turn|18
|
|switch|p1a: Chansey|Chansey, F|602\/704
|-damage|p1a: Chansey|514\/704|[from] Stealth Rock
|move|p2a: Magnezone|Volt Switch|p1a: Chansey
|-damage|p1a: Chansey|342\/704
|
|switch|p2a: Manaphy|Manaphy|373\/373
|-damage|p2a: Manaphy|327\/373|[from] Stealth Rock
|
|-heal|p2a: Manaphy|350\/373|[from] item: Leftovers
|turn|19
|
|switch|p1a: Gothitelle|Gothitelle, M|301\/301
|-damage|p1a: Gothitelle|264\/301|[from] Stealth Rock
|move|p2a: Manaphy|Tail Glow|p2a: Manaphy
|-boost|p2a: Manaphy|spa|3
|
|-heal|p2a: Manaphy|373\/373|[from] item: Leftovers
|turn|20
|
|move|p1a: Gothitelle|Trick|p2a: Manaphy
|-activate|p1a: Gothitelle|move: Trick|[of] p2a: Manaphy
|-item|p2a: Manaphy|Choice Scarf|[from] move: Trick
|-item|p1a: Gothitelle|Leftovers|[from] move: Trick
|move|p2a: Manaphy|Scald|p1a: Gothitelle
|-damage|p1a: Gothitelle|0 fnt
|faint|p1a: Gothitelle
|
|
|switch|p1a: Chansey|Chansey, F|342\/704
|-damage|p1a: Chansey|254\/704|[from] Stealth Rock
|turn|21
|
|move|p2a: Manaphy|Scald|p1a: Chansey
|-damage|p1a: Chansey|43\/704
|move|p1a: Chansey|Soft-Boiled|p1a: Chansey
|-heal|p1a: Chansey|395\/704
|
|-sideend|p2: MaatMattos|Reflect
|turn|22
|
|move|p2a: Manaphy|Scald|p1a: Chansey
|-damage|p1a: Chansey|178\/704
|move|p1a: Chansey|Soft-Boiled|p1a: Chansey
|-heal|p1a: Chansey|530\/704
|
|-sideend|p2: MaatMattos|move: Light Screen
|turn|23
|
|move|p2a: Manaphy|Scald|p1a: Chansey
|-damage|p1a: Chansey|317\/704
|move|p1a: Chansey|Thunder Wave|p2a: Manaphy
|-status|p2a: Manaphy|par
|
|turn|24
|
|move|p1a: Chansey|Soft-Boiled|p1a: Chansey
|-heal|p1a: Chansey|669\/704
|move|p2a: Manaphy|Scald|p1a: Chansey
|-damage|p1a: Chansey|452\/704
|-status|p1a: Chansey|brn
|
|-damage|p1a: Chansey|364\/704 brn|[from] brn
|turn|25
|c| UrsaReign|whats ur gothitelle's ev
|
|move|p1a: Chansey|Soft-Boiled|p1a: Chansey
|-heal|p1a: Chansey|704\/704 brn
|move|p2a: Manaphy|Scald|p1a: Chansey
|-damage|p1a: Chansey|491\/704 brn
|
|-damage|p1a: Chansey|403\/704 brn|[from] brn
|turn|26
|
|move|p1a: Chansey|Seismic Toss|p2a: Manaphy
|-damage|p2a: Manaphy|273\/373 par
|move|p2a: Manaphy|Scald|p1a: Chansey
|-damage|p1a: Chansey|181\/704 brn
|
|-damage|p1a: Chansey|93\/704 brn|[from] brn
|turn|27
|
|move|p1a: Chansey|Soft-Boiled|p1a: Chansey
|-heal|p1a: Chansey|445\/704 brn
|move|p2a: Manaphy|Scald|p1a: Chansey
|-damage|p1a: Chansey|223\/704 brn
|
|-damage|p1a: Chansey|135\/704 brn|[from] brn
|turn|28
|
|move|p1a: Chansey|Soft-Boiled|p1a: Chansey
|-heal|p1a: Chansey|487\/704 brn
|move|p2a: Manaphy|Scald|p1a: Chansey
|-damage|p1a: Chansey|294\/704 brn
|
|-damage|p1a: Chansey|206\/704 brn|[from] brn
|turn|29
|
|move|p1a: Chansey|Soft-Boiled|p1a: Chansey
|-heal|p1a: Chansey|558\/704 brn
|move|p2a: Manaphy|Scald|p1a: Chansey
|-damage|p1a: Chansey|347\/704 brn
|
|-damage|p1a: Chansey|259\/704 brn|[from] brn
|turn|30
|
|switch|p1a: Scizor|Scizor-Mega, M|226\/344 par
|-damage|p1a: Scizor|183\/344 par|[from] Stealth Rock
|cant|p2a: Manaphy|par
|
|turn|31
|
|cant|p2a: Manaphy|par
|move|p1a: Scizor|Superpower|p2a: Manaphy
|-damage|p2a: Manaphy|146\/373 par
|-unboost|p1a: Scizor|atk|1
|-unboost|p1a: Scizor|def|1
|
|turn|32
|
|move|p1a: Scizor|Bullet Punch|p2a: Manaphy
|-resisted|p2a: Manaphy
|-damage|p2a: Manaphy|113\/373 par
|move|p2a: Manaphy|Scald|p1a: Scizor
|-damage|p1a: Scizor|0 fnt
|faint|p1a: Scizor
|
|
|switch|p1a: Chansey|Chansey, F|259\/704
|-damage|p1a: Chansey|171\/704|[from] Stealth Rock
|turn|33
|
|move|p1a: Chansey|Soft-Boiled|p1a: Chansey
|-heal|p1a: Chansey|523\/704
|move|p2a: Manaphy|Scald|p1a: Chansey
|-crit|p1a: Chansey
|-damage|p1a: Chansey|220\/704
|
|turn|34
|
|move|p1a: Chansey|Soft-Boiled|p1a: Chansey
|-heal|p1a: Chansey|572\/704
|move|p2a: Manaphy|Scald|p1a: Chansey
|-damage|p1a: Chansey|373\/704
|
|turn|35
|
|move|p1a: Chansey|Soft-Boiled|p1a: Chansey
|-heal|p1a: Chansey|704\/704
|move|p2a: Manaphy|Scald|p1a: Chansey
|-damage|p1a: Chansey|493\/704
|
|turn|36
|
|move|p1a: Chansey|Seismic Toss|p2a: Manaphy
|-damage|p2a: Manaphy|13\/373 par
|move|p2a: Manaphy|Scald|p1a: Chansey
|-damage|p1a: Chansey|282\/704
|
|turn|37
|
|move|p1a: Chansey|Soft-Boiled|p1a: Chansey
|-heal|p1a: Chansey|634\/704
|move|p2a: Manaphy|Scald|p1a: Chansey
|-damage|p1a: Chansey|439\/704
|
|turn|38
|
|switch|p2a: Landorus-Therian|Landorus-Therian, M|381\/381
|-damage|p2a: Landorus-Therian|334\/381|[from] Stealth Rock
|-ability|p2a: Landorus-Therian|Intimidate|[of] p1a: Chansey
|-unboost|p1a: Chansey|atk|1
|move|p1a: Chansey|Seismic Toss|p2a: Landorus-Therian
|-damage|p2a: Landorus-Therian|234\/381
|-damage|p1a: Chansey|322\/704|[from] item: Rocky Helmet|[of] p2a: Landorus-Therian
|
|turn|39
|
|move|p2a: Landorus-Therian|U-turn|p1a: Chansey
|-damage|p1a: Chansey|226\/704
|
|switch|p2a: Manaphy|Manaphy|13\/373 par
|-damage|p2a: Manaphy|0 fnt|[from] Stealth Rock
|faint|p2a: Manaphy
|move|p1a: Chansey|Soft-Boiled|p1a: Chansey
|-heal|p1a: Chansey|578\/704
|
|
|switch|p2a: Keldeo-Resolute|Keldeo-Resolute|107\/323
|-damage|p2a: Keldeo-Resolute|87\/323|[from] Stealth Rock
|turn|40
|
|switch|p1a: Zapdos|Zapdos|384\/384
|-damage|p1a: Zapdos|288\/384|[from] Stealth Rock
|-ability|p1a: Zapdos|Pressure
|move|p2a: Keldeo-Resolute|Substitute|p2a: Keldeo-Resolute
|-start|p2a: Keldeo-Resolute|Substitute
|-damage|p2a: Keldeo-Resolute|7\/323
|
|-heal|p2a: Keldeo-Resolute|27\/323|[from] item: Leftovers
|-heal|p1a: Zapdos|312\/384|[from] item: Leftovers
|turn|41
|
|move|p2a: Keldeo-Resolute|Scald|p1a: Zapdos
|-damage|p1a: Zapdos|147\/384
|move|p1a: Zapdos|Volt Switch|p2a: Keldeo-Resolute
|-supereffective|p2a: Keldeo-Resolute
|-end|p2a: Keldeo-Resolute|Substitute
|
|switch|p1a: Cresselia|Cresselia, F|384\/444 brn
|-damage|p1a: Cresselia|329\/444 brn|[from] Stealth Rock
|
|-heal|p2a: Keldeo-Resolute|47\/323|[from] item: Leftovers
|-heal|p1a: Cresselia|356\/444 brn|[from] item: Leftovers
|-damage|p1a: Cresselia|301\/444 brn|[from] brn
|turn|42
|
|switch|p2a: Landorus-Therian|Landorus-Therian, M|234\/381
|-damage|p2a: Landorus-Therian|187\/381|[from] Stealth Rock
|-ability|p2a: Landorus-Therian|Intimidate|[of] p1a: Cresselia
|-unboost|p1a: Cresselia|atk|1
|move|p1a: Cresselia|Psyshock|p2a: Landorus-Therian
|-damage|p2a: Landorus-Therian|130\/381
|
|-heal|p1a: Cresselia|328\/444 brn|[from] item: Leftovers
|-damage|p1a: Cresselia|273\/444 brn|[from] brn
|turn|43
|
|switch|p1a: Alomomola|Alomomola, F|530\/530
|-damage|p1a: Alomomola|464\/530|[from] Stealth Rock
|move|p2a: Landorus-Therian|U-turn|p1a: Alomomola
|-damage|p1a: Alomomola|403\/530
|
|switch|p2a: Cresselia|Cresselia, F|345\/444
|-damage|p2a: Cresselia|290\/444|[from] Stealth Rock
|
|-heal|p1a: Alomomola|436\/530|[from] item: Leftovers
|turn|44
|
|switch|p1a: Zapdos|Zapdos|147\/384
|-damage|p1a: Zapdos|51\/384|[from] Stealth Rock
|-ability|p1a: Zapdos|Pressure
|move|p2a: Cresselia|Thunder Wave|p1a: Zapdos
|-fail|p1a: Zapdos
|
|-heal|p1a: Zapdos|75\/384|[from] item: Leftovers
|turn|45
|
|move|p1a: Zapdos|Roost|p1a: Zapdos
|-heal|p1a: Zapdos|267\/384
|move|p2a: Cresselia|Light Screen|p2a: Cresselia
|-sidestart|p2: MaatMattos|move: Light Screen
|
|-heal|p1a: Zapdos|291\/384|[from] item: Leftovers
|turn|46
|
|switch|p2a: Aerodactyl|Aerodactyl, M|301\/301
|-damage|p2a: Aerodactyl|226\/301|[from] Stealth Rock
|move|p1a: Zapdos|Defog|p2a: Aerodactyl
|-unboost|p2a: Aerodactyl|evasion|1
|-sideend|p2: MaatMattos|move: Light Screen
|-sideend|p2: MaatMattos|Light Screen|[from] move: Defog|[of] p2a: Aerodactyl
|-sideend|p2: MaatMattos|Stealth Rock|[from] move: Defog|[of] p2a: Aerodactyl
|-sideend|p1: lil manaphy|Stealth Rock|[from] move: Defog|[of] p1a: Zapdos
|
|-heal|p1a: Zapdos|315\/384|[from] item: Leftovers
|turn|47
|
|switch|p1a: Alomomola|Alomomola, F|530\/530
|detailschange|p2a: Aerodactyl|Aerodactyl-Mega, M
|message|Aerodactyl has Mega Evolved into Mega Aerodactyl!
|move|p2a: Aerodactyl|Ice Fang|p1a: Alomomola
|-resisted|p1a: Alomomola
|-damage|p1a: Alomomola|482\/530
|
|-heal|p1a: Alomomola|515\/530|[from] item: Leftovers
|turn|48
|
|switch|p2a: Cresselia|Cresselia, F|290\/444
|move|p1a: Alomomola|Toxic|p2a: Cresselia
|-status|p2a: Cresselia|tox
|
|-heal|p1a: Alomomola|530\/530|[from] item: Leftovers
|-damage|p2a: Cresselia|263\/444 tox|[from] psn
|turn|49
|
|switch|p1a: Cresselia|Cresselia, F|273\/444 brn
|move|p2a: Cresselia|Light Screen|p2a: Cresselia
|-sidestart|p2: MaatMattos|move: Light Screen
|
|-heal|p1a: Cresselia|300\/444 brn|[from] item: Leftovers
|-damage|p1a: Cresselia|245\/444 brn|[from] brn
|-damage|p2a: Cresselia|209\/444 tox|[from] psn
|turn|50
|
|move|p1a: Cresselia|Moonlight|p1a: Cresselia
|-heal|p1a: Cresselia|444\/444 brn
|move|p2a: Cresselia|Lunar Dance|p2a: Cresselia
|faint|p2a: Cresselia
|
|-damage|p1a: Cresselia|389\/444 brn|[from] brn
|
|switch|p2a: Keldeo-Resolute|Keldeo-Resolute|47\/323
|-heal|p2a: Keldeo-Resolute|323\/323|[from] move: Lunar Dance
|turn|51
|
|switch|p2a: Landorus-Therian|Landorus-Therian, M|130\/381
|-ability|p2a: Landorus-Therian|Intimidate|[of] p1a: Cresselia
|-unboost|p1a: Cresselia|atk|1
|move|p1a: Cresselia|Psyshock|p2a: Landorus-Therian
|-damage|p2a: Landorus-Therian|102\/381
|
|-heal|p1a: Cresselia|416\/444 brn|[from] item: Leftovers
|-damage|p1a: Cresselia|361\/444 brn|[from] brn
|turn|52
|
|switch|p1a: Zapdos|Zapdos|315\/384
|-ability|p1a: Zapdos|Pressure
|move|p2a: Landorus-Therian|Explosion|p1a: Zapdos
|-damage|p1a: Zapdos|114\/384
|faint|p2a: Landorus-Therian
|
|-heal|p1a: Zapdos|138\/384|[from] item: Leftovers
|c| UrsaReign|lolol
|
|switch|p2a: Magnezone|Magnezone|71\/344
|turn|53
|
|move|p1a: Zapdos|Heat Wave|p2a: Magnezone
|-supereffective|p2a: Magnezone
|-damage|p2a: Magnezone|0 fnt
|faint|p2a: Magnezone
|
|-heal|p1a: Zapdos|162\/384|[from] item: Leftovers
|
|switch|p2a: Keldeo-Resolute|Keldeo-Resolute|323\/323
|turn|54
|
|move|p2a: Keldeo-Resolute|Calm Mind|p2a: Keldeo-Resolute
|-boost|p2a: Keldeo-Resolute|spa|1
|-boost|p2a: Keldeo-Resolute|spd|1
|move|p1a: Zapdos|Volt Switch|p2a: Keldeo-Resolute
|-supereffective|p2a: Keldeo-Resolute
|-damage|p2a: Keldeo-Resolute|256\/323
|
|switch|p1a: Cresselia|Cresselia, F|361\/444 brn
|
|-heal|p2a: Keldeo-Resolute|276\/323|[from] item: Leftovers
|-heal|p1a: Cresselia|388\/444 brn|[from] item: Leftovers
|-damage|p1a: Cresselia|333\/444 brn|[from] brn
|turn|55
|
|move|p2a: Keldeo-Resolute|Scald|p1a: Cresselia
|-damage|p1a: Cresselia|209\/444 brn
|move|p1a: Cresselia|Psyshock|p2a: Keldeo-Resolute
|-supereffective|p2a: Keldeo-Resolute
|-damage|p2a: Keldeo-Resolute|189\/323
|
|-heal|p2a: Keldeo-Resolute|209\/323|[from] item: Leftovers
|-heal|p1a: Cresselia|236\/444 brn|[from] item: Leftovers
|-damage|p1a: Cresselia|181\/444 brn|[from] brn
|turn|56
|
|move|p2a: Keldeo-Resolute|Calm Mind|p2a: Keldeo-Resolute
|-boost|p2a: Keldeo-Resolute|spa|1
|-boost|p2a: Keldeo-Resolute|spd|1
|move|p1a: Cresselia|Moonlight|p1a: Cresselia
|-heal|p1a: Cresselia|403\/444 brn
|
|-heal|p2a: Keldeo-Resolute|229\/323|[from] item: Leftovers
|-heal|p1a: Cresselia|430\/444 brn|[from] item: Leftovers
|-damage|p1a: Cresselia|375\/444 brn|[from] brn
|-sideend|p2: MaatMattos|move: Light Screen
|turn|57
|
|move|p2a: Keldeo-Resolute|Scald|p1a: Cresselia
|-damage|p1a: Cresselia|197\/444 brn
|move|p1a: Cresselia|Psych Up|p2a: Keldeo-Resolute
|-copyboost|p1a: Cresselia|p2a: Keldeo-Resolute|[from] move: Psych Up
|
|-heal|p2a: Keldeo-Resolute|249\/323|[from] item: Leftovers
|-heal|p1a: Cresselia|224\/444 brn|[from] item: Leftovers
|-damage|p1a: Cresselia|169\/444 brn|[from] brn
|turn|58
|
|move|p2a: Keldeo-Resolute|Secret Sword|p1a: Cresselia
|-resisted|p1a: Cresselia
|-damage|p1a: Cresselia|47\/444 brn
|move|p1a: Cresselia|Moonlight|p1a: Cresselia
|-heal|p1a: Cresselia|269\/444 brn
|
|-heal|p2a: Keldeo-Resolute|269\/323|[from] item: Leftovers
|-heal|p1a: Cresselia|296\/444 brn|[from] item: Leftovers
|-damage|p1a: Cresselia|241\/444 brn|[from] brn
|turn|59
|
|move|p2a: Keldeo-Resolute|Calm Mind|p2a: Keldeo-Resolute
|-boost|p2a: Keldeo-Resolute|spa|1
|-boost|p2a: Keldeo-Resolute|spd|1
|move|p1a: Cresselia|Psyshock|p2a: Keldeo-Resolute
|-supereffective|p2a: Keldeo-Resolute
|-damage|p2a: Keldeo-Resolute|0 fnt
|faint|p2a: Keldeo-Resolute
|
|-heal|p1a: Cresselia|268\/444 brn|[from] item: Leftovers
|-damage|p1a: Cresselia|213\/444 brn|[from] brn
|c|âMaatMattos|nice one.
|c|âMaatMattos|gg
|-message|MaatMattos forfeited.
|
|win|lil manaphy
|raw|Ladder updating...
|leave|MaatMattos
|player|p2