|join|Glaceon45
|join|MaatMattos
|player|p1|Glaceon45|266
|player|p2|MaatMattos|52
|gametype|singles
|gen|6
|tier|OU
|rated
|clearpoke
|poke|p1|Garchomp, F
|poke|p1|Greninja, F
|poke|p1|Scizor, F
|poke|p1|Bisharp, F
|poke|p1|Latios, M
|poke|p1|Landorus-Therian, M
|poke|p2|Manaphy
|poke|p2|Keldeo-Resolute
|poke|p2|Gardevoir, F
|poke|p2|Cresselia, F
|poke|p2|Landorus-Therian, M
|poke|p2|Smeargle, M
|rule|Swagger Clause: Swagger is banned
|rule|Baton Pass Clause: Limit one PokÃ©mon knowing Baton Pass
|rule|Sleep Clause Mod: Limit one foe put to sleep
|rule|Species Clause: Limit one of each PokÃ©mon
|rule|OHKO Clause: OHKO moves are banned
|rule|Moody Clause: Moody is banned
|rule|Evasion Moves Clause: Evasion moves are banned
|rule|Endless Battle Clause: Forcing endless battles is banned
|rule|HP Percentage Mod: HP is shown in percentages
|teampreview
|
|start
|switch|p1a: Garchomp|Garchomp, F|357\/357
|switch|p2a: Gardevoir|Gardevoir, F|277\/277
|-ability|p2a: Gardevoir|Rough Skin|[from] ability: Trace|[of] p1a: Garchomp
|turn|1
|join|McMeghan
|join|CrashinBoomBang
|
|detailschange|p2a: Gardevoir|Gardevoir-Mega, F
|message|Gardevoir has Mega Evolved into Mega Gardevoir!
|move|p1a: Garchomp|Stealth Rock|p2a: Gardevoir
|-sidestart|p2: MaatMattos|move: Stealth Rock
|move|p2a: Gardevoir|Hyper Voice|p1a: Garchomp
|-supereffective|p1a: Garchomp
|-enditem|p1a: Garchomp|Focus Sash
|-damage|p1a: Garchomp|1\/357
|
|turn|2
|
|switch|p2a: Landorus-Therian|Landorus-Therian, M|381\/381
|-damage|p2a: Landorus-Therian|334\/381|[from] Stealth Rock
|-ability|p2a: Landorus-Therian|Intimidate|[of] p1a: Garchomp
|-unboost|p1a: Garchomp|atk|1
|move|p1a: Garchomp|Earthquake|p2a: Landorus-Therian
|-immune|p2a: Landorus-Therian|[msg]
|
|turn|3
|
|move|p1a: Garchomp|Fire Blast|p2a: Landorus-Therian
|-damage|p2a: Landorus-Therian|249\/381
|move|p2a: Landorus-Therian|Stealth Rock|p1a: Garchomp
|-sidestart|p1: Glaceon45|move: Stealth Rock
|
|turn|4
|
|move|p1a: Garchomp|Fire Blast|p2a: Landorus-Therian
|-damage|p2a: Landorus-Therian|165\/381
|move|p2a: Landorus-Therian|U-turn|p1a: Garchomp
|-damage|p1a: Garchomp|0 fnt
|-damage|p2a: Landorus-Therian|118\/381|[from] ability: Rough Skin|[of] p1a: Garchomp
|faint|p1a: Garchomp
|
|switch|p2a: Gardevoir|Gardevoir-Mega, F|277\/277
|-damage|p2a: Gardevoir|243\/277|[from] Stealth Rock
|
|
|switch|p1a: Scizor|Scizor, F|303\/303
|-damage|p1a: Scizor|266\/303|[from] Stealth Rock
|turn|5
|
|switch|p2a: Landorus-Therian|Landorus-Therian, M|118\/381
|-damage|p2a: Landorus-Therian|71\/381|[from] Stealth Rock
|-ability|p2a: Landorus-Therian|Intimidate|[of] p1a: Scizor
|-unboost|p1a: Scizor|atk|1
|detailschange|p1a: Scizor|Scizor-Mega, F
|message|Scizor has Mega Evolved into Mega Scizor!
|move|p1a: Scizor|Bullet Punch|p2a: Landorus-Therian
|-damage|p2a: Landorus-Therian|8\/381
|-damage|p1a: Scizor|216\/303|[from] item: Rocky Helmet|[of] p2a: Landorus-Therian
|
|turn|6
|
|move|p1a: Scizor|Bullet Punch|p2a: Landorus-Therian
|-crit|p2a: Landorus-Therian
|-damage|p2a: Landorus-Therian|0 fnt
|-damage|p1a: Scizor|166\/303|[from] item: Rocky Helmet|[of] p2a: Landorus-Therian
|faint|p2a: Landorus-Therian
|
|
|switch|p2a: Keldeo-Resolute|Keldeo-Resolute|323\/323
|-damage|p2a: Keldeo-Resolute|303\/323|[from] Stealth Rock
|turn|7
|
|switch|p1a: Latios|Latios, M|302\/302
|-damage|p1a: Latios|265\/302|[from] Stealth Rock
|move|p2a: Keldeo-Resolute|Scald|p1a: Latios
|-resisted|p1a: Latios
|-damage|p1a: Latios|196\/302
|-status|p1a: Latios|brn
|
|-heal|p2a: Keldeo-Resolute|323\/323|[from] item: Leftovers
|-damage|p1a: Latios|159\/302 brn|[from] brn
|turn|8
|
|switch|p2a: Gardevoir|Gardevoir-Mega, F|243\/277
|-damage|p2a: Gardevoir|209\/277|[from] Stealth Rock
|move|p1a: Latios|Psyshock|p2a: Gardevoir
|-resisted|p2a: Gardevoir
|-damage|p2a: Gardevoir|75\/277
|-damage|p1a: Latios|129\/302 brn|[from] item: Life Orb
|
|-damage|p1a: Latios|92\/302 brn|[from] brn
|turn|9
|
|switch|p2a: Cresselia|Cresselia, F|444\/444
|-damage|p2a: Cresselia|389\/444|[from] Stealth Rock
|move|p1a: Latios|Thunderbolt|p2a: Cresselia
|-damage|p2a: Cresselia|307\/444
|-damage|p1a: Latios|62\/302 brn|[from] item: Life Orb
|
|-damage|p1a: Latios|25\/302 brn|[from] brn
|turn|10
|
|move|p1a: Latios|Recover|p1a: Latios
|-heal|p1a: Latios|176\/302 brn
|move|p2a: Cresselia|Reflect|p2a: Cresselia
|-sidestart|p2: MaatMattos|Reflect
|
|-damage|p1a: Latios|139\/302 brn|[from] brn
|turn|11
|
|move|p1a: Latios|Draco Meteor|p2a: Cresselia
|-damage|p2a: Cresselia|116\/444
|-unboost|p1a: Latios|spa|2
|-damage|p1a: Latios|109\/302 brn|[from] item: Life Orb
|move|p2a: Cresselia|Light Screen|p2a: Cresselia
|-sidestart|p2: MaatMattos|move: Light Screen
|
|-damage|p1a: Latios|72\/302 brn|[from] brn
|turn|12
|
|switch|p1a: Bisharp|Bisharp, F|271\/271
|-damage|p1a: Bisharp|255\/271|[from] Stealth Rock
|move|p2a: Cresselia|Lunar Dance|p2a: Cresselia
|faint|p2a: Cresselia
|
|join|Henry
|
|switch|p2a: Gardevoir|Gardevoir-Mega, F|75\/277
|-heal|p2a: Gardevoir|277\/277|[from] move: Lunar Dance
|-damage|p2a: Gardevoir|243\/277|[from] Stealth Rock
|turn|13
|
|move|p1a: Bisharp|Sucker Punch|p2a: Gardevoir
|-fail|p2a: Gardevoir
|move|p2a: Gardevoir|Substitute|p2a: Gardevoir
|-start|p2a: Gardevoir|Substitute
|-damage|p2a: Gardevoir|174\/277
|
|turn|14
|
|move|p1a: Bisharp|Sucker Punch|p2a: Gardevoir
|-fail|p2a: Gardevoir
|move|p2a: Gardevoir|Calm Mind|p2a: Gardevoir
|-boost|p2a: Gardevoir|spa|1
|-boost|p2a: Gardevoir|spd|1
|
|turn|15
|
|move|p1a: Bisharp|Sucker Punch|p2a: Gardevoir
|-end|p2a: Gardevoir|Substitute
|-damage|p1a: Bisharp|228\/271|[from] item: Life Orb
|move|p2a: Gardevoir|Hyper Voice|p1a: Bisharp
|-crit|p1a: Bisharp
|-damage|p1a: Bisharp|0 fnt
|faint|p1a: Bisharp
|
|
|switch|p1a: Landorus-Therian|Landorus-Therian, M|325\/325
|-damage|p1a: Landorus-Therian|285\/325|[from] Stealth Rock
|-ability|p1a: Landorus-Therian|Intimidate|[of] p2a: Gardevoir
|-unboost|p2a: Gardevoir|atk|1
|turn|16
|
|move|p1a: Landorus-Therian|U-turn|p2a: Gardevoir
|-damage|p2a: Gardevoir|108\/277
|
|switch|p1a: Latios|Latios, M|72\/302 brn
|-damage|p1a: Latios|35\/302 brn|[from] Stealth Rock
|move|p2a: Gardevoir|Hyper Voice|p1a: Latios
|-supereffective|p1a: Latios
|-damage|p1a: Latios|0 fnt
|faint|p1a: Latios
|
|
|switch|p1a: Scizor|Scizor-Mega, F|166\/303
|-damage|p1a: Scizor|129\/303|[from] Stealth Rock
|turn|17
|
|move|p1a: Scizor|Bullet Punch|p2a: Gardevoir
|-supereffective|p2a: Gardevoir
|-damage|p2a: Gardevoir|0 fnt
|faint|p2a: Gardevoir
|
|-sideend|p2: MaatMattos|Reflect
|
|switch|p2a: Smeargle|Smeargle, M|314\/314
|-damage|p2a: Smeargle|275\/314|[from] Stealth Rock
|turn|18
|
|move|p2a: Smeargle|Spore|p1a: Scizor
|-status|p1a: Scizor|slp
|cant|p1a: Scizor|slp
|
|-sideend|p2: MaatMattos|move: Light Screen
|turn|19
|join|smaked
|join|craing ;_;
|
|switch|p1a: Landorus-Therian|Landorus-Therian, M|285\/325
|-damage|p1a: Landorus-Therian|245\/325|[from] Stealth Rock
|-ability|p1a: Landorus-Therian|Intimidate|[of] p2a: Smeargle
|-unboost|p2a: Smeargle|atk|1
|move|p2a: Smeargle|Geomancy|p2a: Smeargle|[still]
|-prepare|p2a: Smeargle|Geomancy|p2a: Smeargle
|-enditem|p2a: Smeargle|Power Herb
|-anim|p2a: Smeargle|Geomancy|p2a: Smeargle
|-boost|p2a: Smeargle|spa|2
|-boost|p2a: Smeargle|spd|2
|-boost|p2a: Smeargle|spe|2
|
|turn|20
|
|move|p2a: Smeargle|Baton Pass|p2a: Smeargle
|
|switch|p2a: Keldeo-Resolute|Keldeo-Resolute|323\/323
|-damage|p2a: Keldeo-Resolute|303\/323|[from] Stealth Rock
|move|p1a: Landorus-Therian|Earthquake|p2a: Keldeo-Resolute
|-damage|p2a: Keldeo-Resolute|81\/323
|
|-heal|p2a: Keldeo-Resolute|101\/323|[from] item: Leftovers
|turn|21
|
|move|p2a: Keldeo-Resolute|Scald|p1a: Landorus-Therian
|-supereffective|p1a: Landorus-Therian
|-damage|p1a: Landorus-Therian|0 fnt
|faint|p1a: Landorus-Therian
|
|-heal|p2a: Keldeo-Resolute|121\/323|[from] item: Leftovers
|
|switch|p1a: Greninja|Greninja, F|286\/286
|-damage|p1a: Greninja|251\/286|[from] Stealth Rock
|turn|22
|leave|CrashinBoomBang
|
|move|p2a: Keldeo-Resolute|Secret Sword|p1a: Greninja
|-supereffective|p1a: Greninja
|-damage|p1a: Greninja|0 fnt
|faint|p1a: Greninja
|
|-heal|p2a: Keldeo-Resolute|141\/323|[from] item: Leftovers
|-message|Glaceon45 forfeited.
|
|win|MaatMattos
|raw|Ladder updating...
|leave|Glaceon45
|player|p1
|raw|Glaceon45's rating: 1850 &rarr; <strong>1825<\/strong><br \/>(-25 for losing)
|raw|MaatMattos's rating: 1757 &rarr; <strong>1782<\/strong><br \/>(+25 for winning)