|join|MaatMattos
|join|Lucario powa
|player|p1|MaatMattos|52
|player|p2|Lucario powa|92
|gametype|singles
|gen|6
|tier|OU
|rated
|clearpoke
|poke|p1|Manaphy
|poke|p1|Cresselia, F
|poke|p1|Ferrothorn, F
|poke|p1|Landorus-Therian, M
|poke|p1|Keldeo-Resolute
|poke|p1|Gallade, M
|poke|p2|Garchomp, F
|poke|p2|Metagross
|poke|p2|Latios, M
|poke|p2|Tyranitar, M
|poke|p2|Excadrill, F
|poke|p2|Keldeo
|rule|Swagger Clause: Swagger is banned
|rule|Baton Pass Clause: Limit one PokÃ©mon knowing Baton Pass
|rule|Sleep Clause Mod: Limit one foe put to sleep
|rule|Species Clause: Limit one of each PokÃ©mon
|rule|OHKO Clause: OHKO moves are banned
|rule|Moody Clause: Moody is banned
|rule|Evasion Moves Clause: Evasion moves are banned
|rule|Endless Battle Clause: Forcing endless battles is banned
|rule|HP Percentage Mod: HP is shown in percentages
|teampreview
|join|Exiline
|c|âLucario powa|full offence
|
|start
|switch|p1a: Gallade|Gallade, M|277\/277
|switch|p2a: Garchomp|Garchomp, F|357\/357
|turn|1
|c| Exiline|ta team se fait 6-0 par la mienne
|c|âLucario powa|rofl
|c|âLucario powa|chall apres
|c| Exiline|ok
|c| Exiline|je vais prendre ma team de ladd
|c| Exiline|:P
|
|detailschange|p1a: Gallade|Gallade-Mega, M
|message|Gallade has Mega Evolved into Mega Gallade!
|move|p2a: Garchomp|Stealth Rock|p1a: Gallade
|-sidestart|p1: MaatMattos|move: Stealth Rock
|move|p1a: Gallade|Zen Headbutt|p2a: Garchomp
|-damage|p2a: Garchomp|183\/357
|-damage|p1a: Gallade|243\/277|[from] ability: Rough Skin|[of] p2a: Garchomp
|
|turn|2
|c|âLucario powa|suck dommage
|
|move|p1a: Gallade|Close Combat|p2a: Garchomp
|-damage|p2a: Garchomp|0 fnt
|-damage|p1a: Gallade|209\/277|[from] ability: Rough Skin|[of] p2a: Garchomp
|-unboost|p1a: Gallade|def|1
|-unboost|p1a: Gallade|spd|1
|faint|p2a: Garchomp
|
|
|switch|p2a: Latios|Latios, M|302\/302
|turn|3
|
|move|p1a: Gallade|Knock Off|p2a: Latios
|-supereffective|p2a: Latios
|-damage|p2a: Latios|0 fnt
|-enditem|p2a: Latios|Life Orb|[from] move: Knock Off|[of] p1a: Gallade
|faint|p2a: Latios
|
|c|âLucario powa|so much
|c| Exiline|ok
|
|switch|p2a: Metagross|Metagross|301\/301
|turn|4
|c|âLucario powa|j'ai presque envie d'anticiper le ferro la
|
|switch|p1a: Ferrothorn|Ferrothorn, F|351\/351
|-damage|p1a: Ferrothorn|330\/351|[from] Stealth Rock
|switch|p2a: Tyranitar|Tyranitar, M|384\/384
|-weather|Sandstorm
|
|-weather|Sandstorm|[upkeep]
|-heal|p1a: Ferrothorn|351\/351|[from] item: Leftovers
|turn|5
|
|move|p2a: Tyranitar|Fire Blast|p1a: Ferrothorn
|-supereffective|p1a: Ferrothorn
|-damage|p1a: Ferrothorn|103\/351
|move|p1a: Ferrothorn|Leech Seed|p2a: Tyranitar
|-start|p2a: Tyranitar|move: Leech Seed
|
|-weather|Sandstorm|[upkeep]
|-heal|p1a: Ferrothorn|124\/351|[from] item: Leftovers
|-damage|p2a: Tyranitar|336\/384|[from] Leech Seed|[of] p1a: Ferrothorn
|-heal|p1a: Ferrothorn|172\/351|[silent]
|turn|6
|
|move|p1a: Ferrothorn|Protect|p1a: Ferrothorn
|-singleturn|p1a: Ferrothorn|Protect
|move|p2a: Tyranitar|Fire Blast|p1a: Ferrothorn
|-activate|p1a: Ferrothorn|Protect
|
|-weather|Sandstorm|[upkeep]
|-heal|p1a: Ferrothorn|193\/351|[from] item: Leftovers
|-damage|p2a: Tyranitar|288\/384|[from] Leech Seed|[of] p1a: Ferrothorn
|-heal|p1a: Ferrothorn|241\/351|[silent]
|turn|7
|
|switch|p2a: Metagross|Metagross|301\/301
|switch|p1a: Landorus-Therian|Landorus-Therian, M|381\/381
|-damage|p1a: Landorus-Therian|334\/381|[from] Stealth Rock
|-ability|p1a: Landorus-Therian|Intimidate|[of] p2a: Metagross
|-fail|p2a: Metagross|unboost|[from] ability: Clear Body|[of] p2a: Metagross
|
|-weather|Sandstorm|[upkeep]
|turn|8
|
|detailschange|p2a: Metagross|Metagross-Mega
|message|Metagross has Mega Evolved into Mega Metagross!
|move|p2a: Metagross|Ice Punch|p1a: Landorus-Therian
|-supereffective|p1a: Landorus-Therian
|-damage|p1a: Landorus-Therian|0 fnt
|-damage|p2a: Metagross|251\/301|[from] item: Rocky Helmet|[of] p1a: Landorus-Therian
|faint|p1a: Landorus-Therian
|
|-weather|Sandstorm|[upkeep]
|
|switch|p1a: Cresselia|Cresselia, F|443\/443
|-damage|p1a: Cresselia|388\/443|[from] Stealth Rock
|turn|9
|
|move|p2a: Metagross|Meteor Mash|p1a: Cresselia|[miss]
|-miss|p2a: Metagross|p1a: Cresselia
|move|p1a: Cresselia|Thunder Wave|p2a: Metagross
|-status|p2a: Metagross|par
|
|-weather|Sandstorm|[upkeep]
|-damage|p1a: Cresselia|361\/443|[from] sandstorm
|turn|10
|c|âLucario powa|dat miss
|c| Exiline|t es hyper weak a ferro
|
|move|p1a: Cresselia|Reflect|p1a: Cresselia
|-sidestart|p1: MaatMattos|Reflect
|cant|p2a: Metagross|par
|
|-weather|Sandstorm|[upkeep]
|-damage|p1a: Cresselia|334\/443|[from] sandstorm
|turn|11
|c| Exiline|tu tuais pas
|c|âLucario powa|nan mais je voulais lui faire des degat pour faire quelque chose derriere
|
|move|p1a: Cresselia|Light Screen|p1a: Cresselia
|-sidestart|p1: MaatMattos|move: Light Screen
|move|p2a: Metagross|Meteor Mash|p1a: Cresselia
|-damage|p1a: Cresselia|243\/443
|
|-weather|none
|turn|12
|
|switch|p1a: Manaphy|Manaphy|341\/341
|-damage|p1a: Manaphy|299\/341|[from] Stealth Rock
|move|p2a: Metagross|Meteor Mash|p1a: Manaphy
|-resisted|p1a: Manaphy
|-damage|p1a: Manaphy|243\/341
|-boost|p2a: Metagross|atk|1
|
|-heal|p1a: Manaphy|264\/341|[from] item: Leftovers
|turn|13
|c| Exiline|y mais il se soignait
|c| Exiline|et Ã§a allaot
|
|move|p1a: Manaphy|Tail Glow|p1a: Manaphy
|-boost|p1a: Manaphy|spa|3
|move|p2a: Metagross|Zen Headbutt|p1a: Manaphy
|-damage|p1a: Manaphy|114\/341
|
|-heal|p1a: Manaphy|135\/341|[from] item: Leftovers
|turn|14
|c|âLucario powa|je resiste
|c|âLucario powa|yn
|c| Exiline|et les teams avec des trucs du genre garchomp
|
|move|p1a: Manaphy|Scald|p2a: Metagross
|-damage|p2a: Metagross|0 fnt
|faint|p2a: Metagross
|
|-heal|p1a: Manaphy|156\/341|[from] item: Leftovers
|c| Exiline|c est weak en ORAS
|
|switch|p2a: Tyranitar|Tyranitar, M|288\/384
|-weather|Sandstorm
|turn|15
|c| Exiline|si c est le rain dance Rest jerry
|
|move|p1a: Manaphy|Scald|p2a: Tyranitar
|-supereffective|p2a: Tyranitar
|-damage|p2a: Tyranitar|0 fnt
|faint|p2a: Tyranitar
|
|-weather|Sandstorm|[upkeep]
|-damage|p1a: Manaphy|135\/341|[from] sandstorm
|-heal|p1a: Manaphy|156\/341|[from] item: Leftovers
|c|âLucario powa|mais putain dÃ©gager les scrren
|
|switch|p2a: Keldeo|Keldeo|322\/322
|turn|16
|
|move|p2a: Keldeo|Secret Sword|p1a: Manaphy
|-damage|p1a: Manaphy|81\/341
|move|p1a: Manaphy|Psychic|p2a: Keldeo
|-supereffective|p2a: Keldeo
|-damage|p2a: Keldeo|0 fnt
|faint|p2a: Keldeo
|
|-weather|Sandstorm|[upkeep]
|-damage|p1a: Manaphy|60\/341|[from] sandstorm
|-heal|p1a: Manaphy|81\/341|[from] item: Leftovers
|
|switch|p2a: Excadrill|Excadrill, F|362\/362
|turn|17
|
|move|p2a: Excadrill|Earthquake|p1a: Manaphy
|-damage|p1a: Manaphy|0 fnt
|-damage|p2a: Excadrill|326\/362|[from] item: Life Orb
|faint|p1a: Manaphy
|
|-weather|Sandstorm|[upkeep]
|-sideend|p1: MaatMattos|Reflect
|c|âLucario powa|je vais m'Ã©nerver la
|
|switch|p1a: Ferrothorn|Ferrothorn, F|241\/351
|-damage|p1a: Ferrothorn|220\/351|[from] Stealth Rock
|turn|18
|
|move|p2a: Excadrill|Swords Dance|p2a: Excadrill
|-boost|p2a: Excadrill|atk|2
|move|p1a: Ferrothorn|Leech Seed|p2a: Excadrill
|-start|p2a: Excadrill|move: Leech Seed
|
|-weather|Sandstorm|[upkeep]
|-heal|p1a: Ferrothorn|241\/351|[from] item: Leftovers
|-damage|p2a: Excadrill|281\/362|[from] Leech Seed|[of] p1a: Ferrothorn
|-heal|p1a: Ferrothorn|286\/351|[silent]
|-sideend|p1: MaatMattos|move: Light Screen
|turn|19
|join|Rifulowat
|c| Exiline|haxx no miss
|
|move|p2a: Excadrill|Earthquake|p1a: Ferrothorn
|-damage|p1a: Ferrothorn|0 fnt
|-damage|p2a: Excadrill|245\/362|[from] item: Life Orb
|faint|p1a: Ferrothorn
|
|-weather|Sandstorm|[upkeep]
|c|âLucario powa|rofl
|c|âLucario powa|je vais sweep
|c|âLucario powa|mdr
|c| Exiline|humm
|
|switch|p1a: Keldeo-Resolute|Keldeo-Resolute|323\/323
|-damage|p1a: Keldeo-Resolute|303\/323|[from] Stealth Rock
|turn|20
|c| Exiline|t as assez de SS
|c|âLucario powa|putain ne m'abandonne pas la SS
|c| Exiline|?
|c|âLucario powa|att
|c|âLucario powa|je vais essayer un truc la
|c| Exiline|il va envoyer cre Y\/N ?
|
|switch|p1a: Cresselia|Cresselia, F|243\/443
|-damage|p1a: Cresselia|188\/443|[from] Stealth Rock
|move|p2a: Excadrill|Iron Head|p1a: Cresselia
|-damage|p1a: Cresselia|0 fnt
|-damage|p2a: Excadrill|209\/362|[from] item: Life Orb
|faint|p1a: Cresselia
|
|-weather|Sandstorm|[upkeep]
|c|âLucario powa|mdr
|c| Exiline|je l avais bien dit
|c|âLucario powa|j'ne Ã©tait sur
|
|switch|p1a: Gallade|Gallade-Mega, M|209\/277
|-damage|p1a: Gallade|192\/277|[from] Stealth Rock
|turn|21
|
|move|p2a: Excadrill|Earthquake|p1a: Gallade
|-damage|p1a: Gallade|0 fnt
|-damage|p2a: Excadrill|173\/362|[from] item: Life Orb
|faint|p1a: Gallade
|
|-weather|Sandstorm|[upkeep]
|c| Exiline|mais il te manque un tou
|c| Exiline|r
|
|switch|p1a: Keldeo-Resolute|Keldeo-Resolute|303\/323
|-damage|p1a: Keldeo-Resolute|283\/323|[from] Stealth Rock
|turn|22
|c|âLucario powa|OH OUI
|c|âMaatMattos|oh fuck
|
|move|p2a: Excadrill|Earthquake|p1a: Keldeo-Resolute
|-damage|p1a: Keldeo-Resolute|0 fnt
|-damage|p2a: Excadrill|137\/362|[from] item: Life Orb
|faint|p1a: Keldeo-Resolute
|
|win|Lucario powa
|raw|Ladder updating...
|c| Exiline|ah non en fait lol
|c|âLucario powa|gg
|raw|MaatMattos's rating: 1444 &rarr; <strong>1423<\/strong><br \/>(-21 for losing)
|raw|Lucario powa's rating: 1425 &rarr; <strong>1446<\/strong><br \/>(+21 for winning)
|c|âLucario powa|mdr
|c|âMaatMattos|that was nice.
|c|âMaatMattos|i was stupid.
|c|âLucario powa|ce retournement de game
|c| Exiline|je veux le replay lol