|join|Gee Mick
|join|MaatMattos
|player|p1|Gee Mick|147
|player|p2|MaatMattos|52
|gametype|singles
|gen|6
|tier|OU
|rated
|clearpoke
|poke|p1|Aerodactyl, F
|poke|p1|Celebi
|poke|p1|Keldeo
|poke|p1|Raikou
|poke|p1|Heatran, F
|poke|p1|Starmie
|poke|p2|Manaphy
|poke|p2|Keldeo-Resolute
|poke|p2|Cresselia, F
|poke|p2|Landorus-Therian, M
|poke|p2|Heatran, M
|poke|p2|Heracross, F
|rule|Swagger Clause: Swagger is banned
|rule|Baton Pass Clause: Limit one PokÃ©mon knowing Baton Pass
|rule|Sleep Clause Mod: Limit one foe put to sleep
|rule|Species Clause: Limit one of each PokÃ©mon
|rule|OHKO Clause: OHKO moves are banned
|rule|Moody Clause: Moody is banned
|rule|Evasion Moves Clause: Evasion moves are banned
|rule|Endless Battle Clause: Forcing endless battles is banned
|rule|HP Percentage Mod: HP is shown in percentages
|teampreview
|c|âGee Mick|gl hf
|c|âMaatMattos|u2
|c|âGee Mick|your team is like so cool
|c|âMaatMattos|lol xD
|c|âGee Mick|think i saw it somewhere as well
|c|âGee Mick|oh yeah vs the goomy
|c|âGee Mick|?
|c|âMaatMattos|idk
|
|start
|switch|p1a: Keldeo|Keldeo|323\/323
|switch|p2a: Heracross|Heracross, F|364\/364
|turn|1
|
|detailschange|p2a: Heracross|Heracross-Mega, F
|message|Heracross has Mega Evolved into Mega Heracross!
|move|p1a: Keldeo|Hydro Pump|p2a: Heracross
|-damage|p2a: Heracross|105\/364
|-damage|p1a: Keldeo|291\/323|[from] item: Life Orb
|move|p2a: Heracross|Bullet Seed|p1a: Keldeo
|-supereffective|p1a: Keldeo
|-damage|p1a: Keldeo|205\/323
|-supereffective|p1a: Keldeo
|-damage|p1a: Keldeo|115\/323
|-supereffective|p1a: Keldeo
|-damage|p1a: Keldeo|21\/323
|-supereffective|p1a: Keldeo
|-damage|p1a: Keldeo|0 fnt
|-hitcount|p1a: Keldeo|4
|faint|p1a: Keldeo
|
|
|switch|p1a: Aerodactyl|Aerodactyl, F|301\/301
|turn|2
|
|switch|p2a: Landorus-Therian|Landorus-Therian, M|381\/381
|-ability|p2a: Landorus-Therian|Intimidate|[of] p1a: Aerodactyl
|-unboost|p1a: Aerodactyl|atk|1
|detailschange|p1a: Aerodactyl|Aerodactyl-Mega, F
|message|Aerodactyl has Mega Evolved into Mega Aerodactyl!
|move|p1a: Aerodactyl|Aqua Tail|p2a: Landorus-Therian
|-supereffective|p2a: Landorus-Therian
|-damage|p2a: Landorus-Therian|221\/381
|-damage|p1a: Aerodactyl|251\/301|[from] item: Rocky Helmet|[of] p2a: Landorus-Therian
|
|turn|3
|
|switch|p1a: Starmie|Starmie|323\/323
|move|p2a: Landorus-Therian|Stealth Rock|p1a: Starmie
|-sidestart|p1: Gee Mick|move: Stealth Rock
|
|turn|4
|
|switch|p2a: Cresselia|Cresselia, F|444\/444
|move|p1a: Starmie|Scald|p2a: Cresselia
|-damage|p2a: Cresselia|384\/444
|
|turn|5
|
|move|p1a: Starmie|Rapid Spin|p2a: Cresselia
|-damage|p2a: Cresselia|375\/444
|-sideend|p1: Gee Mick|Stealth Rock|[from] move: Rapid Spin|[of] p1a: Starmie
|move|p2a: Cresselia|Light Screen|p2a: Cresselia
|-sidestart|p2: MaatMattos|move: Light Screen
|
|turn|6
|
|switch|p1a: Heatran|Heatran, F|384\/384
|move|p2a: Cresselia|Reflect|p2a: Cresselia
|-sidestart|p2: MaatMattos|Reflect
|
|turn|7
|
|move|p2a: Cresselia|Thunder Wave|p1a: Heatran
|-status|p1a: Heatran|par
|move|p1a: Heatran|Toxic|p2a: Cresselia
|-status|p2a: Cresselia|tox
|
|-damage|p2a: Cresselia|348\/444 tox|[from] psn
|turn|8
|
|switch|p2a: Manaphy|Manaphy|373\/373
|move|p1a: Heatran|Taunt|p2a: Manaphy
|-start|p2a: Manaphy|move: Taunt
|
|turn|9
|
|switch|p2a: Keldeo-Resolute|Keldeo-Resolute|323\/323
|switch|p1a: Celebi|Celebi|403\/403
|
|turn|10
|
|switch|p2a: Landorus-Therian|Landorus-Therian, M|221\/381
|-ability|p2a: Landorus-Therian|Intimidate|[of] p1a: Celebi
|-unboost|p1a: Celebi|atk|1
|move|p1a: Celebi|Substitute|p1a: Celebi
|-start|p1a: Celebi|Substitute
|-damage|p1a: Celebi|303\/403
|
|-heal|p1a: Celebi|328\/403|[from] item: Leftovers
|turn|11
|
|move|p1a: Celebi|Giga Drain|p2a: Landorus-Therian
|-damage|p2a: Landorus-Therian|164\/381
|-heal|p1a: Celebi|357\/403|[from] drain|[of] p2a: Landorus-Therian
|move|p2a: Landorus-Therian|Stealth Rock|p1a: Celebi
|-sidestart|p1: Gee Mick|move: Stealth Rock
|
|-heal|p1a: Celebi|382\/403|[from] item: Leftovers
|turn|12
|
|move|p1a: Celebi|Giga Drain|p2a: Landorus-Therian
|-crit|p2a: Landorus-Therian
|-damage|p2a: Landorus-Therian|0 fnt
|-heal|p1a: Celebi|403\/403|[from] drain|[of] p2a: Landorus-Therian
|faint|p2a: Landorus-Therian
|
|-sideend|p2: MaatMattos|move: Light Screen
|c|âGee Mick|OMG
|c|âGee Mick|sorry man
|c|âGee Mick|rly
|
|switch|p2a: Heracross|Heracross-Mega, F|105\/364
|turn|13
|
|move|p1a: Celebi|Baton Pass|p1a: Celebi
|
|switch|p1a: Heatran|Heatran, F|384\/384 par
|-damage|p1a: Heatran|336\/384 par|[from] Stealth Rock
|move|p2a: Heracross|Pin Missile|p1a: Heatran
|-resisted|p1a: Heatran
|-activate|p1a: Heatran|Substitute|[damage]
|-resisted|p1a: Heatran
|-activate|p1a: Heatran|Substitute|[damage]
|-resisted|p1a: Heatran
|-activate|p1a: Heatran|Substitute|[damage]
|-resisted|p1a: Heatran
|-activate|p1a: Heatran|Substitute|[damage]
|-resisted|p1a: Heatran
|-activate|p1a: Heatran|Substitute|[damage]
|-hitcount|p1a: Heatran|5
|
|-heal|p1a: Heatran|360\/384 par|[from] item: Leftovers
|-sideend|p2: MaatMattos|Reflect
|turn|14
|
|switch|p2a: Cresselia|Cresselia, F|348\/444 tox
|cant|p1a: Heatran|par
|
|-heal|p1a: Heatran|384\/384 par|[from] item: Leftovers
|-damage|p2a: Cresselia|321\/444 tox|[from] psn
|turn|15
|
|move|p2a: Cresselia|Light Screen|p2a: Cresselia
|-sidestart|p2: MaatMattos|move: Light Screen
|cant|p1a: Heatran|par
|
|-damage|p2a: Cresselia|267\/444 tox|[from] psn
|turn|16
|
|move|p2a: Cresselia|Reflect|p2a: Cresselia
|-sidestart|p2: MaatMattos|Reflect
|move|p1a: Heatran|Taunt|p2a: Cresselia
|-start|p2a: Cresselia|move: Taunt
|
|-damage|p2a: Cresselia|186\/444 tox|[from] psn
|turn|17
|
|switch|p2a: Manaphy|Manaphy|373\/373
|move|p1a: Heatran|Taunt|p2a: Manaphy
|-start|p2a: Manaphy|move: Taunt
|
|turn|18
|
|move|p2a: Manaphy|Scald|p1a: Heatran
|-supereffective|p1a: Heatran
|-end|p1a: Heatran|Substitute
|move|p1a: Heatran|Stealth Rock|p2a: Manaphy
|-sidestart|p2: MaatMattos|move: Stealth Rock
|
|turn|19
|
|switch|p1a: Raikou|Raikou|329\/329
|-damage|p1a: Raikou|288\/329|[from] Stealth Rock
|-ability|p1a: Raikou|Pressure
|move|p2a: Manaphy|Psychic|p1a: Raikou
|-damage|p1a: Raikou|224\/329
|
|turn|20
|
|switch|p2a: Heatran|Heatran, M|386\/386
|-damage|p2a: Heatran|338\/386|[from] Stealth Rock
|move|p1a: Raikou|Thunderbolt|p2a: Heatran
|-damage|p2a: Heatran|292\/386
|
|-heal|p2a: Heatran|316\/386|[from] item: Leftovers
|turn|21
|
|move|p1a: Raikou|Volt Switch|p2a: Heatran
|-damage|p2a: Heatran|277\/386
|
|switch|p1a: Starmie|Starmie|323\/323
|-damage|p1a: Starmie|283\/323|[from] Stealth Rock
|move|p2a: Heatran|Will-O-Wisp|p1a: Starmie
|-status|p1a: Starmie|brn
|
|-heal|p1a: Starmie|303\/323 brn|[from] item: Leftovers
|-heal|p2a: Heatran|301\/386|[from] item: Leftovers
|-damage|p1a: Starmie|263\/323 brn|[from] brn
|turn|22
|
|move|p1a: Starmie|Rapid Spin|p2a: Heatran
|-resisted|p2a: Heatran
|-damage|p2a: Heatran|300\/386
|-sideend|p1: Gee Mick|Stealth Rock|[from] move: Rapid Spin|[of] p1a: Starmie
|move|p2a: Heatran|Dark Pulse|p1a: Starmie
|-supereffective|p1a: Starmie
|-damage|p1a: Starmie|83\/323 brn
|
|-heal|p1a: Starmie|103\/323 brn|[from] item: Leftovers
|-heal|p2a: Heatran|324\/386|[from] item: Leftovers
|-damage|p1a: Starmie|63\/323 brn|[from] brn
|-sideend|p2: MaatMattos|move: Light Screen
|turn|23
|
|move|p1a: Starmie|Recover|p1a: Starmie
|-heal|p1a: Starmie|225\/323 brn
|move|p2a: Heatran|Dark Pulse|p1a: Starmie
|-crit|p1a: Starmie
|-supereffective|p1a: Starmie
|-damage|p1a: Starmie|0 fnt
|faint|p1a: Starmie
|
|-heal|p2a: Heatran|348\/386|[from] item: Leftovers
|-sideend|p2: MaatMattos|Reflect
|
|switch|p1a: Aerodactyl|Aerodactyl-Mega, F|251\/301
|turn|24
|
|move|p1a: Aerodactyl|Aqua Tail|p2a: Heatran
|-supereffective|p2a: Heatran
|-damage|p2a: Heatran|20\/386
|move|p2a: Heatran|Will-O-Wisp|p1a: Aerodactyl
|-status|p1a: Aerodactyl|brn
|
|-heal|p2a: Heatran|44\/386|[from] item: Leftovers
|-damage|p1a: Aerodactyl|214\/301 brn|[from] brn
|turn|25
|
|move|p2a: Heatran|Protect|p2a: Heatran
|-singleturn|p2a: Heatran|Protect
|move|p1a: Aerodactyl|Stone Edge|p2a: Heatran
|-activate|p2a: Heatran|Protect
|
|-heal|p2a: Heatran|68\/386|[from] item: Leftovers
|-damage|p1a: Aerodactyl|177\/301 brn|[from] brn
|turn|26
|
|move|p1a: Aerodactyl|Stone Edge|p2a: Heatran
|-damage|p2a: Heatran|0 fnt
|faint|p2a: Heatran
|
|-damage|p1a: Aerodactyl|140\/301 brn|[from] brn
|
|switch|p2a: Manaphy|Manaphy|373\/373
|-damage|p2a: Manaphy|327\/373|[from] Stealth Rock
|turn|27
|
|switch|p1a: Raikou|Raikou|224\/329
|-ability|p1a: Raikou|Pressure
|move|p2a: Manaphy|Scald|p1a: Raikou
|-damage|p1a: Raikou|139\/329
|
|-heal|p2a: Manaphy|350\/373|[from] item: Leftovers
|turn|28
|
|move|p1a: Raikou|Thunderbolt|p2a: Manaphy
|-supereffective|p2a: Manaphy
|-damage|p2a: Manaphy|54\/373
|move|p2a: Manaphy|Scald|p1a: Raikou
|-damage|p1a: Raikou|57\/329
|
|-heal|p2a: Manaphy|77\/373|[from] item: Leftovers
|turn|29
|
|move|p1a: Raikou|Thunderbolt|p2a: Manaphy
|-supereffective|p2a: Manaphy
|-damage|p2a: Manaphy|0 fnt
|faint|p2a: Manaphy
|
|
|switch|p2a: Cresselia|Cresselia, F|186\/444 tox
|-damage|p2a: Cresselia|131\/444 tox|[from] Stealth Rock
|turn|30
|c|âGee Mick|I'm sorry for the crit earlier
|c|âMaatMattos|im not complaining lol
|c|âMaatMattos|it happens
|
|move|p1a: Raikou|Thunderbolt|p2a: Cresselia
|-damage|p2a: Cresselia|46\/444 tox
|move|p2a: Cresselia|Lunar Dance|p2a: Cresselia
|faint|p2a: Cresselia
|
|
|switch|p2a: Heracross|Heracross-Mega, F|105\/364
|-heal|p2a: Heracross|364\/364|[from] move: Lunar Dance
|-damage|p2a: Heracross|319\/364|[from] Stealth Rock
|turn|31
|c|âGee Mick|I would be so mad if I were you
|
|move|p1a: Raikou|Extrasensory|p2a: Heracross
|-supereffective|p2a: Heracross
|-damage|p2a: Heracross|155\/364
|move|p2a: Heracross|Pin Missile|p1a: Raikou
|-damage|p1a: Raikou|0 fnt
|-hitcount|p1a: Raikou|1
|faint|p1a: Raikou
|
|
|switch|p1a: Aerodactyl|Aerodactyl-Mega, F|140\/301 brn
|turn|32
|join|Blackwing-Dragon
|
|move|p1a: Aerodactyl|Fire Fang|p2a: Heracross
|-supereffective|p2a: Heracross
|-damage|p2a: Heracross|51\/364
|move|p2a: Heracross|Rock Blast|p1a: Aerodactyl
|-supereffective|p1a: Aerodactyl
|-damage|p1a: Aerodactyl|40\/301 brn
|-supereffective|p1a: Aerodactyl
|-damage|p1a: Aerodactyl|0 fnt
|-hitcount|p1a: Aerodactyl|2
|faint|p1a: Aerodactyl
|
|
|switch|p1a: Celebi|Celebi|403\/403
|turn|33
|
|switch|p1a: Heatran|Heatran, F|384\/384 par
|move|p2a: Heracross|Pin Missile|p1a: Heatran
|-resisted|p1a: Heatran
|-damage|p1a: Heatran|369\/384 par
|-resisted|p1a: Heatran
|-damage|p1a: Heatran|354\/384 par
|-resisted|p1a: Heatran
|-damage|p1a: Heatran|340\/384 par
|-resisted|p1a: Heatran
|-damage|p1a: Heatran|325\/384 par
|-resisted|p1a: Heatran
|-damage|p1a: Heatran|309\/384 par
|-hitcount|p1a: Heatran|5
|
|-heal|p1a: Heatran|333\/384 par|[from] item: Leftovers
|turn|34
|
|move|p2a: Heracross|Rock Blast|p1a: Heatran
|-damage|p1a: Heatran|295\/384 par
|-damage|p1a: Heatran|251\/384 par
|-damage|p1a: Heatran|212\/384 par
|-damage|p1a: Heatran|173\/384 par
|-damage|p1a: Heatran|133\/384 par
|-hitcount|p1a: Heatran|5
|cant|p1a: Heatran|par
|
|-heal|p1a: Heatran|157\/384 par|[from] item: Leftovers
|turn|35
|c|âGee Mick|oml
|
|move|p2a: Heracross|Rock Blast|p1a: Heatran
|-damage|p1a: Heatran|114\/384 par
|-damage|p1a: Heatran|74\/384 par
|-damage|p1a: Heatran|31\/384 par
|-damage|p1a: Heatran|0 fnt
|-hitcount|p1a: Heatran|4
|faint|p1a: Heatran
|
|c|âGee Mick|gg
|
|switch|p1a: Celebi|Celebi|403\/403
|turn|36
|
|move|p1a: Celebi|Giga Drain|p2a: Heracross
|-resisted|p2a: Heracross
|-damage|p2a: Heracross|5\/364
|move|p2a: Heracross|Pin Missile|p1a: Celebi
|-supereffective|p1a: Celebi
|-damage|p1a: Celebi|199\/403
|-supereffective|p1a: Celebi
|-damage|p1a: Celebi|19\/403
|-supereffective|p1a: Celebi
|-damage|p1a: Celebi|0 fnt
|-hitcount|p1a: Celebi|3
|faint|p1a: Celebi
|
|win|MaatMattos
|raw|Ladder updating...
|raw|Gee Mick's rating: 1681 &rarr; <strong>1666<\/strong><br \/>(-15 for losing)
|raw|MaatMattos's rating: 1766 &rarr; <strong>1781<\/strong><br \/>(+15 for winning)
|c|âMaatMattos|beatiful
|c|âMaatMattos|;p
|c|âMaatMattos|gg
|c|âGee Mick|nice match
|c|âMaatMattos|yep
|leave|MaatMattos
|player|p2