|join|uCan'tSeeMe
|join|MaatMattos
|player|p1|uCan'tSeeMe|211
|player|p2|MaatMattos|52
|gametype|singles
|gen|6
|tier|OU
|rated
|clearpoke
|poke|p1|Slowbro, M
|poke|p1|Charizard, M, shiny
|poke|p1|Tyranitar, M
|poke|p1|Landorus, M
|poke|p1|Ferrothorn, M
|poke|p1|Latios, M
|poke|p2|Manaphy
|poke|p2|Keldeo-Resolute
|poke|p2|Rotom-Wash
|poke|p2|Alakazam, F
|poke|p2|Cresselia, F
|poke|p2|Landorus-Therian, M
|rule|Swagger Clause: Swagger is banned
|rule|Baton Pass Clause: Limit one PokÃ©mon knowing Baton Pass
|rule|Sleep Clause Mod: Limit one foe put to sleep
|rule|Species Clause: Limit one of each PokÃ©mon
|rule|OHKO Clause: OHKO moves are banned
|rule|Moody Clause: Moody is banned
|rule|Evasion Moves Clause: Evasion moves are banned
|rule|Endless Battle Clause: Forcing endless battles is banned
|rule|HP Percentage Mod: HP is shown in percentages
|teampreview
|
|start
|switch|p1a: Charizard|Charizard, M, shiny|359\/359
|switch|p2a: Rotom-Wash|Rotom-Wash|304\/304
|turn|1
|
|detailschange|p1a: Charizard|Charizard-Mega-X, M, shiny
|message|Charizard has Mega Evolved into Mega Charizard!
|move|p1a: Charizard|Will-O-Wisp|p2a: Rotom-Wash
|-status|p2a: Rotom-Wash|brn
|move|p2a: Rotom-Wash|Volt Switch|p1a: Charizard
|-resisted|p1a: Charizard
|-damage|p1a: Charizard|317\/359
|
|switch|p2a: Landorus-Therian|Landorus-Therian, M|381\/381
|-ability|p2a: Landorus-Therian|Intimidate|[of] p1a: Charizard
|-unboost|p1a: Charizard|atk|1
|
|turn|2
|
|switch|p1a: Ferrothorn|Ferrothorn, M|352\/352
|move|p2a: Landorus-Therian|Stealth Rock|p1a: Ferrothorn
|-sidestart|p1: uCan'tSeeMe|move: Stealth Rock
|
|turn|3
|
|move|p2a: Landorus-Therian|U-turn|p1a: Ferrothorn
|-damage|p1a: Ferrothorn|299\/352
|-damage|p2a: Landorus-Therian|334\/381|[from] ability: Iron Barbs|[of] p1a: Ferrothorn
|
|switch|p2a: Alakazam|Alakazam, F|251\/251
|move|p1a: Ferrothorn|Leech Seed|p2a: Alakazam
|-start|p2a: Alakazam|move: Leech Seed
|
|-heal|p1a: Ferrothorn|321\/352|[from] item: Leftovers
|turn|4
|
|move|p2a: Alakazam|Substitute|p2a: Alakazam
|-start|p2a: Alakazam|Substitute
|-damage|p2a: Alakazam|189\/251
|move|p1a: Ferrothorn|Gyro Ball|p2a: Alakazam
|-end|p2a: Alakazam|Substitute
|
|-heal|p1a: Ferrothorn|343\/352|[from] item: Leftovers
|turn|5
|
|detailschange|p2a: Alakazam|Alakazam-Mega, F
|message|Alakazam has Mega Evolved into Mega Alakazam!
|-ability|p2a: Alakazam|Iron Barbs|[from] ability: Trace|[of] p1a: Ferrothorn
|move|p2a: Alakazam|Hidden Power|p1a: Ferrothorn
|-supereffective|p1a: Ferrothorn
|-damage|p1a: Ferrothorn|75\/352
|move|p1a: Ferrothorn|Leech Seed|p2a: Alakazam
|-fail|p2a: Alakazam
|
|-heal|p1a: Ferrothorn|97\/352|[from] item: Leftovers
|-damage|p2a: Alakazam|158\/251|[from] Leech Seed|[of] p1a: Ferrothorn
|-heal|p1a: Ferrothorn|128\/352|[silent]
|turn|6
|
|move|p2a: Alakazam|Hidden Power|p1a: Ferrothorn
|-supereffective|p1a: Ferrothorn
|-damage|p1a: Ferrothorn|0 fnt
|faint|p1a: Ferrothorn
|
|
|switch|p1a: Tyranitar|Tyranitar, M|342\/342
|-damage|p1a: Tyranitar|300\/342|[from] Stealth Rock
|-weather|Sandstorm
|turn|7
|
|move|p1a: Tyranitar|Pursuit|p2a: Alakazam|[from]Pursuit
|-supereffective|p2a: Alakazam
|-damage|p2a: Alakazam|0 fnt
|-damage|p1a: Tyranitar|258\/342|[from] ability: Iron Barbs|[of] p2a: Alakazam
|faint|p2a: Alakazam
|
|-weather|Sandstorm|[upkeep]
|
|switch|p2a: Keldeo-Resolute|Keldeo-Resolute|323\/323
|turn|8
|
|switch|p1a: Latios|Latios, M|302\/302
|-damage|p1a: Latios|265\/302|[from] Stealth Rock
|move|p2a: Keldeo-Resolute|Secret Sword|p1a: Latios
|-resisted|p1a: Latios
|-damage|p1a: Latios|169\/302
|
|-weather|Sandstorm|[upkeep]
|-damage|p1a: Latios|151\/302|[from] sandstorm
|-damage|p2a: Keldeo-Resolute|303\/323|[from] sandstorm
|-heal|p2a: Keldeo-Resolute|323\/323|[from] item: Leftovers
|turn|9
|
|switch|p2a: Cresselia|Cresselia, F|444\/444
|move|p1a: Latios|Defog|p2a: Cresselia
|-unboost|p2a: Cresselia|evasion|1
|-sideend|p1: uCan'tSeeMe|Stealth Rock|[from] move: Defog|[of] p1a: Latios
|
|-weather|Sandstorm|[upkeep]
|-damage|p1a: Latios|133\/302|[from] sandstorm
|-damage|p2a: Cresselia|417\/444|[from] sandstorm
|turn|10
|
|move|p1a: Latios|Roost|p1a: Latios
|-heal|p1a: Latios|284\/302
|move|p2a: Cresselia|Thunder Wave|p1a: Latios
|-status|p1a: Latios|par
|
|-weather|Sandstorm|[upkeep]
|-damage|p2a: Cresselia|390\/444|[from] sandstorm
|-damage|p1a: Latios|266\/302 par|[from] sandstorm
|turn|11
|
|move|p2a: Cresselia|Light Screen|p2a: Cresselia
|-sidestart|p2: MaatMattos|move: Light Screen
|move|p1a: Latios|Draco Meteor|p2a: Cresselia
|-damage|p2a: Cresselia|302\/444
|-unboost|p1a: Latios|spa|2
|-damage|p1a: Latios|236\/302 par|[from] item: Life Orb
|
|-weather|none
|turn|12
|
|switch|p1a: Tyranitar|Tyranitar, M|258\/342
|-weather|Sandstorm
|move|p2a: Cresselia|Reflect|p2a: Cresselia
|-sidestart|p2: MaatMattos|Reflect
|
|-weather|Sandstorm|[upkeep]
|-damage|p2a: Cresselia|275\/444|[from] sandstorm
|turn|13
|
|move|p1a: Tyranitar|Crunch|p2a: Cresselia
|-supereffective|p2a: Cresselia
|-damage|p2a: Cresselia|157\/444
|move|p2a: Cresselia|Thunder Wave|p1a: Tyranitar
|-status|p1a: Tyranitar|par
|
|-weather|Sandstorm|[upkeep]
|-damage|p2a: Cresselia|130\/444|[from] sandstorm
|turn|14
|
|switch|p2a: Manaphy|Manaphy|373\/373
|move|p1a: Tyranitar|Crunch|p2a: Manaphy
|-damage|p2a: Manaphy|298\/373
|
|-weather|Sandstorm|[upkeep]
|-damage|p2a: Manaphy|275\/373|[from] sandstorm
|-heal|p2a: Manaphy|298\/373|[from] item: Leftovers
|turn|15
|
|move|p2a: Manaphy|Tail Glow|p2a: Manaphy
|-boost|p2a: Manaphy|spa|3
|move|p1a: Tyranitar|Crunch|p2a: Manaphy
|-damage|p2a: Manaphy|224\/373
|
|-weather|Sandstorm|[upkeep]
|-damage|p2a: Manaphy|201\/373|[from] sandstorm
|-heal|p2a: Manaphy|224\/373|[from] item: Leftovers
|turn|16
|
|move|p2a: Manaphy|Scald|p1a: Tyranitar
|-supereffective|p1a: Tyranitar
|-damage|p1a: Tyranitar|0 fnt
|faint|p1a: Tyranitar
|
|-weather|none
|-heal|p2a: Manaphy|247\/373|[from] item: Leftovers
|
|switch|p1a: Charizard|Charizard-Mega-X, M, shiny|317\/359
|turn|17
|
|move|p1a: Charizard|Earthquake|p2a: Manaphy
|-damage|p2a: Manaphy|188\/373
|move|p2a: Manaphy|Scald|p1a: Charizard
|-damage|p1a: Charizard|0 fnt
|faint|p1a: Charizard
|
|-heal|p2a: Manaphy|211\/373|[from] item: Leftovers
|
|switch|p1a: Landorus|Landorus, M|320\/320
|turn|18
|
|move|p1a: Landorus|Earth Power|p2a: Manaphy
|-damage|p2a: Manaphy|76\/373
|move|p2a: Manaphy|Scald|p1a: Landorus
|-supereffective|p1a: Landorus
|-damage|p1a: Landorus|0 fnt
|faint|p1a: Landorus
|
|-heal|p2a: Manaphy|99\/373|[from] item: Leftovers
|-sideend|p2: MaatMattos|move: Light Screen
|-message|uCan'tSeeMe forfeited.
|
|win|MaatMattos
|raw|Ladder updating...
|leave|uCan'tSeeMe
|player|p1
|raw|uCan&apos;tSeeMe's rating: 1829 &rarr; <strong>1806<\/strong><br \/>(-23 for losing)
|raw|MaatMattos's rating: 1784 &rarr; <strong>1806<\/strong><br \/>(+22 for winning)