|join|MaatMattos
|join|LT1B PDC
|player|p1|MaatMattos|52
|player|p2|LT1B PDC|101
|gametype|singles
|gen|6
|tier|OU
|rated
|clearpoke
|poke|p1|Manaphy
|poke|p1|Heracross, F
|poke|p1|Cresselia, F
|poke|p1|Landorus-Therian, M
|poke|p1|Heatran, F
|poke|p1|Scolipede, M
|poke|p2|Gliscor, F
|poke|p2|Venusaur, M
|poke|p2|Mew
|poke|p2|Skarmory, F
|poke|p2|Azumarill, F
|poke|p2|Heatran, M
|rule|Swagger Clause: Swagger is banned
|rule|Baton Pass Clause: Limit one PokÃ©mon knowing Baton Pass
|rule|Sleep Clause Mod: Limit one foe put to sleep
|rule|Species Clause: Limit one of each PokÃ©mon
|rule|OHKO Clause: OHKO moves are banned
|rule|Moody Clause: Moody is banned
|rule|Evasion Moves Clause: Evasion moves are banned
|rule|Endless Battle Clause: Forcing endless battles is banned
|rule|HP Percentage Mod: HP is shown in percentages
|teampreview
|
|start
|switch|p1a: Heracross|Heracross, F|301\/301
|switch|p2a: Gliscor|Gliscor, F|352\/352
|turn|1
|
|switch|p1a: Scolipede|Scolipede, M|323\/323
|move|p2a: Gliscor|Toxic|p1a: Scolipede
|-fail|p1a: Scolipede
|
|-status|p2a: Gliscor|tox|[from] item: Toxic Orb
|turn|2
|
|move|p1a: Scolipede|Swords Dance|p1a: Scolipede
|-boost|p1a: Scolipede|atk|2
|move|p2a: Gliscor|Taunt|p1a: Scolipede
|-start|p1a: Scolipede|move: Taunt
|-enditem|p1a: Scolipede|Mental Herb
|-end|p1a: Scolipede|move: Taunt
|
|-boost|p1a: Scolipede|spe|1|[from] ability: Speed Boost
|turn|3
|
|move|p1a: Scolipede|Baton Pass|p1a: Scolipede
|join|wdbvaufa
|
|switch|p1a: Heracross|Heracross, F|301\/301
|move|p2a: Gliscor|Earthquake|p1a: Heracross
|-resisted|p1a: Heracross
|-damage|p1a: Heracross|223\/301
|
|turn|4
|join|LT1S Pearl.
|
|detailschange|p1a: Heracross|Heracross-Mega, F
|message|Heracross has Mega Evolved into Mega Heracross!
|move|p1a: Heracross|Bullet Seed|p2a: Gliscor
|-damage|p2a: Gliscor|279\/352 tox
|-damage|p2a: Gliscor|205\/352 tox
|-damage|p2a: Gliscor|129\/352 tox
|-damage|p2a: Gliscor|56\/352 tox
|-damage|p2a: Gliscor|0 fnt
|-hitcount|p2a: Gliscor|5
|faint|p2a: Gliscor
|
|
|switch|p2a: Skarmory|Skarmory, F|333\/333
|turn|5
|
|move|p1a: Heracross|Rock Blast|p2a: Skarmory
|-damage|p2a: Skarmory|282\/333
|-damage|p2a: Skarmory|230\/333
|-damage|p2a: Skarmory|180\/333
|-damage|p2a: Skarmory|129\/333
|-damage|p2a: Skarmory|77\/333
|-hitcount|p2a: Skarmory|5
|move|p2a: Skarmory|Counter|p1a: Heracross
|-damage|p1a: Heracross|119\/301
|
|turn|6
|c|âMaatMattos|that's fortunate
|
|move|p1a: Heracross|Rock Blast|p2a: Skarmory
|-damage|p2a: Skarmory|30\/333
|-damage|p2a: Skarmory|0 fnt
|-hitcount|p2a: Skarmory|2
|faint|p2a: Skarmory
|
|
|switch|p2a: Venusaur|Venusaur, M|363\/363
|turn|7
|
|detailschange|p2a: Venusaur|Venusaur-Mega, M
|message|Venusaur has Mega Evolved into Mega Venusaur!
|move|p1a: Heracross|Pin Missile|p2a: Venusaur
|-damage|p2a: Venusaur|281\/363
|-damage|p2a: Venusaur|194\/363
|-damage|p2a: Venusaur|113\/363
|-damage|p2a: Venusaur|35\/363
|-damage|p2a: Venusaur|0 fnt
|-hitcount|p2a: Venusaur|5
|faint|p2a: Venusaur
|
|-message|LT1B PDC forfeited.
|
|win|MaatMattos
|raw|Ladder updating...
|leave|LT1B PDC
|player|p2
|raw|MaatMattos's rating: 1873 &rarr; <strong>1893<\/strong><br \/>(+20 for winning)
|raw|LT1B PDC's rating: 1866 &rarr; <strong>1846<\/strong><br \/>(-20 for losing)
|leave|MaatMattos
|player|p1