|join|MaatMattos
|join|watch cats
|player|p1|MaatMattos|52
|player|p2|watch cats|290
|gametype|singles
|gen|6
|tier|OU
|rated
|clearpoke
|poke|p1|Manaphy
|poke|p1|Keldeo-Resolute
|poke|p1|Cresselia, F
|poke|p1|Landorus-Therian, M
|poke|p1|Heatran, M
|poke|p1|Heracross, M
|poke|p2|Bisharp, M
|poke|p2|Venusaur, F
|poke|p2|Heatran, F
|poke|p2|Keldeo
|poke|p2|Chansey, F
|poke|p2|Skarmory, F
|rule|Swagger Clause: Swagger is banned
|rule|Baton Pass Clause: Limit one PokÃ©mon knowing Baton Pass
|rule|Sleep Clause Mod: Limit one foe put to sleep
|rule|Species Clause: Limit one of each PokÃ©mon
|rule|OHKO Clause: OHKO moves are banned
|rule|Moody Clause: Moody is banned
|rule|Evasion Moves Clause: Evasion moves are banned
|rule|Endless Battle Clause: Forcing endless battles is banned
|rule|HP Percentage Mod: HP is shown in percentages
|teampreview
|
|start
|switch|p1a: Heracross|Heracross, M|364\/364
|switch|p2a: Skarmory|Skarmory, F|334\/334
|turn|1
|
|switch|p1a: Landorus-Therian|Landorus-Therian, M|381\/381
|-ability|p1a: Landorus-Therian|Intimidate|[of] p2a: Skarmory
|-unboost|p2a: Skarmory|atk|1
|move|p2a: Skarmory|Spikes|p1a: Landorus-Therian
|-sidestart|p1: MaatMattos|Spikes
|
|turn|2
|
|move|p1a: Landorus-Therian|Stealth Rock|p2a: Skarmory
|-sidestart|p2: watch cats|move: Stealth Rock
|move|p2a: Skarmory|Spikes|p1a: Landorus-Therian
|-sidestart|p1: MaatMattos|Spikes
|
|turn|3
|
|move|p1a: Landorus-Therian|U-turn|p2a: Skarmory
|-resisted|p2a: Skarmory
|-damage|p2a: Skarmory|322\/334
|-damage|p1a: Landorus-Therian|318\/381|[from] item: Rocky Helmet|[of] p2a: Skarmory
|
|switch|p1a: Keldeo-Resolute|Keldeo-Resolute|323\/323
|-damage|p1a: Keldeo-Resolute|270\/323|[from] Spikes
|move|p2a: Skarmory|Spikes|p1a: Keldeo-Resolute
|-sidestart|p1: MaatMattos|Spikes
|
|-heal|p1a: Keldeo-Resolute|290\/323|[from] item: Leftovers
|turn|4
|
|switch|p2a: Venusaur|Venusaur, F|364\/364
|-damage|p2a: Venusaur|319\/364|[from] Stealth Rock
|move|p1a: Keldeo-Resolute|Calm Mind|p1a: Keldeo-Resolute
|-boost|p1a: Keldeo-Resolute|spa|1
|-boost|p1a: Keldeo-Resolute|spd|1
|
|-heal|p1a: Keldeo-Resolute|310\/323|[from] item: Leftovers
|turn|5
|
|detailschange|p2a: Venusaur|Venusaur-Mega, F
|message|Venusaur has Mega Evolved into Mega Venusaur!
|move|p1a: Keldeo-Resolute|Substitute|p1a: Keldeo-Resolute
|-start|p1a: Keldeo-Resolute|Substitute
|-damage|p1a: Keldeo-Resolute|230\/323
|move|p2a: Venusaur|Giga Drain|p1a: Keldeo-Resolute
|-supereffective|p1a: Keldeo-Resolute
|-end|p1a: Keldeo-Resolute|Substitute
|-heal|p2a: Venusaur|359\/364|[from] drain|[of] p1a: Keldeo-Resolute
|
|-heal|p1a: Keldeo-Resolute|250\/323|[from] item: Leftovers
|turn|6
|
|move|p1a: Keldeo-Resolute|Scald|p2a: Venusaur
|-resisted|p2a: Venusaur
|-damage|p2a: Venusaur|263\/364
|move|p2a: Venusaur|Giga Drain|p1a: Keldeo-Resolute
|-supereffective|p1a: Keldeo-Resolute
|-damage|p1a: Keldeo-Resolute|86\/323
|-heal|p2a: Venusaur|345\/364|[from] drain|[of] p1a: Keldeo-Resolute
|
|-heal|p1a: Keldeo-Resolute|106\/323|[from] item: Leftovers
|turn|7
|
|switch|p1a: Heatran|Heatran, M|386\/386
|-damage|p1a: Heatran|290\/386|[from] Spikes
|move|p2a: Venusaur|Leech Seed|p1a: Heatran|[miss]
|-miss|p2a: Venusaur|p1a: Heatran
|
|-heal|p1a: Heatran|314\/386|[from] item: Leftovers
|turn|8
|
|move|p2a: Venusaur|Leech Seed|p1a: Heatran
|-start|p1a: Heatran|move: Leech Seed
|move|p1a: Heatran|Will-O-Wisp|p2a: Venusaur
|-status|p2a: Venusaur|brn
|
|-heal|p1a: Heatran|338\/386|[from] item: Leftovers
|-damage|p1a: Heatran|290\/386|[from] Leech Seed|[of] p2a: Venusaur
|-heal|p2a: Venusaur|364\/364 brn|[silent]
|-damage|p2a: Venusaur|319\/364 brn|[from] brn
|turn|9
|
|switch|p1a: Landorus-Therian|Landorus-Therian, M|318\/381
|-ability|p1a: Landorus-Therian|Intimidate|[of] p2a: Venusaur
|-unboost|p2a: Venusaur|atk|1
|move|p2a: Venusaur|Leech Seed|p1a: Landorus-Therian
|-start|p1a: Landorus-Therian|move: Leech Seed
|
|-damage|p1a: Landorus-Therian|271\/381|[from] Leech Seed|[of] p2a: Venusaur
|-heal|p2a: Venusaur|364\/364 brn|[silent]
|-damage|p2a: Venusaur|319\/364 brn|[from] brn
|turn|10
|
|move|p1a: Landorus-Therian|U-turn|p2a: Venusaur
|-damage|p2a: Venusaur|269\/364 brn
|
|switch|p1a: Cresselia|Cresselia, F|444\/444
|move|p2a: Venusaur|Leech Seed|p1a: Cresselia
|-start|p1a: Cresselia|move: Leech Seed
|
|-damage|p1a: Cresselia|389\/444|[from] Leech Seed|[of] p2a: Venusaur
|-heal|p2a: Venusaur|324\/364 brn|[silent]
|-damage|p2a: Venusaur|279\/364 brn|[from] brn
|turn|11
|
|switch|p2a: Heatran|Heatran, F|340\/340
|-damage|p2a: Heatran|298\/340|[from] Stealth Rock
|-item|p2a: Heatran|Air Balloon
|move|p1a: Cresselia|Light Screen|p1a: Cresselia
|-sidestart|p1: MaatMattos|move: Light Screen
|
|-damage|p1a: Cresselia|334\/444|[from] Leech Seed|[of] p2a: Heatran
|-heal|p2a: Heatran|340\/340|[silent]
|turn|12
|
|move|p2a: Heatran|Stealth Rock|p1a: Cresselia
|-sidestart|p1: MaatMattos|move: Stealth Rock
|move|p1a: Cresselia|Thunder Wave|p2a: Heatran
|-status|p2a: Heatran|par
|
|-damage|p1a: Cresselia|279\/444|[from] Leech Seed|[of] p2a: Heatran
|turn|13
|
|switch|p2a: Chansey|Chansey, F|684\/684
|-damage|p2a: Chansey|599\/684|[from] Stealth Rock
|move|p1a: Cresselia|Reflect|p1a: Cresselia
|-sidestart|p1: MaatMattos|Reflect
|
|-damage|p1a: Cresselia|224\/444|[from] Leech Seed|[of] p2a: Chansey
|-heal|p2a: Chansey|654\/684|[silent]
|turn|14
|
|move|p1a: Cresselia|Thunder Wave|p2a: Chansey
|-status|p2a: Chansey|par
|cant|p2a: Chansey|par
|
|-damage|p1a: Cresselia|169\/444|[from] Leech Seed|[of] p2a: Chansey
|-heal|p2a: Chansey|684\/684 par|[silent]
|turn|15
|
|move|p1a: Cresselia|Lunar Dance|p1a: Cresselia
|faint|p1a: Cresselia
|move|p2a: Chansey|Aromatherapy|p2a: Chansey
|-cureteam|p2a: Chansey|[from] move: Aromatherapy
|
|
|switch|p1a: Manaphy|Manaphy|373\/373
|-heal|p1a: Manaphy|373\/373|[from] move: Lunar Dance
|-damage|p1a: Manaphy|327\/373|[from] Stealth Rock
|-damage|p1a: Manaphy|234\/373|[from] Spikes
|turn|16
|
|move|p1a: Manaphy|Tail Glow|p1a: Manaphy
|-boost|p1a: Manaphy|spa|3
|move|p2a: Chansey|Thunder Wave|p1a: Manaphy
|-status|p1a: Manaphy|par
|
|-heal|p1a: Manaphy|257\/373 par|[from] item: Leftovers
|turn|17
|
|move|p2a: Chansey|Seismic Toss|p1a: Manaphy
|-damage|p1a: Manaphy|157\/373 par
|move|p1a: Manaphy|Rain Dance|p1a: Manaphy
|-weather|RainDance
|
|-weather|RainDance|[upkeep]
|-curestatus|p1a: Manaphy|par
|-heal|p1a: Manaphy|180\/373|[from] item: Leftovers
|turn|18
|
|move|p1a: Manaphy|Scald|p2a: Chansey
|-damage|p2a: Chansey|395\/684
|move|p2a: Chansey|Seismic Toss|p1a: Manaphy
|-damage|p1a: Manaphy|80\/373
|
|-weather|RainDance|[upkeep]
|-heal|p1a: Manaphy|103\/373|[from] item: Leftovers
|-sideend|p1: MaatMattos|move: Light Screen
|turn|19
|
|move|p1a: Manaphy|Scald|p2a: Chansey
|-damage|p2a: Chansey|88\/684
|-status|p2a: Chansey|brn
|move|p2a: Chansey|Seismic Toss|p1a: Manaphy
|-damage|p1a: Manaphy|3\/373
|
|-weather|RainDance|[upkeep]
|-heal|p1a: Manaphy|26\/373|[from] item: Leftovers
|-damage|p2a: Chansey|3\/684 brn|[from] brn
|turn|20
|
|move|p1a: Manaphy|Scald|p2a: Chansey
|-damage|p2a: Chansey|0 fnt
|faint|p2a: Chansey
|
|-weather|RainDance|[upkeep]
|-heal|p1a: Manaphy|49\/373|[from] item: Leftovers
|-sideend|p1: MaatMattos|Reflect
|
|switch|p2a: Keldeo|Keldeo|323\/323
|-damage|p2a: Keldeo|303\/323|[from] Stealth Rock
|turn|21
|
|move|p2a: Keldeo|Secret Sword|p1a: Manaphy
|-crit|p1a: Manaphy
|-damage|p1a: Manaphy|0 fnt
|faint|p1a: Manaphy
|
|-weather|none
|-heal|p2a: Keldeo|323\/323|[from] item: Leftovers
|
|switch|p1a: Keldeo-Resolute|Keldeo-Resolute|106\/323
|-damage|p1a: Keldeo-Resolute|26\/323|[from] Spikes
|-damage|p1a: Keldeo-Resolute|6\/323|[from] Stealth Rock
|turn|22
|
|switch|p2a: Venusaur|Venusaur-Mega, F|279\/364
|-damage|p2a: Venusaur|234\/364|[from] Stealth Rock
|move|p1a: Keldeo-Resolute|Secret Sword|p2a: Venusaur
|-resisted|p2a: Venusaur
|-damage|p2a: Venusaur|185\/364
|
|-heal|p1a: Keldeo-Resolute|26\/323|[from] item: Leftovers
|turn|23
|
|move|p1a: Keldeo-Resolute|Scald|p2a: Venusaur
|-resisted|p2a: Venusaur
|-damage|p2a: Venusaur|125\/364
|move|p2a: Venusaur|Synthesis|p2a: Venusaur
|-heal|p2a: Venusaur|307\/364
|
|-heal|p1a: Keldeo-Resolute|46\/323|[from] item: Leftovers
|turn|24
|
|move|p1a: Keldeo-Resolute|Scald|p2a: Venusaur
|-resisted|p2a: Venusaur
|-damage|p2a: Venusaur|248\/364
|-status|p2a: Venusaur|brn
|move|p2a: Venusaur|Giga Drain|p1a: Keldeo-Resolute
|-supereffective|p1a: Keldeo-Resolute
|-damage|p1a: Keldeo-Resolute|0 fnt
|-heal|p2a: Venusaur|271\/364 brn|[from] drain|[of] p1a: Keldeo-Resolute
|faint|p1a: Keldeo-Resolute
|
|-damage|p2a: Venusaur|226\/364 brn|[from] brn
|
|switch|p1a: Heracross|Heracross, M|364\/364
|-damage|p1a: Heracross|273\/364|[from] Spikes
|-damage|p1a: Heracross|228\/364|[from] Stealth Rock
|turn|25
|
|detailschange|p1a: Heracross|Heracross-Mega, M
|message|Heracross has Mega Evolved into Mega Heracross!
|move|p1a: Heracross|Rock Blast|p2a: Venusaur
|-damage|p2a: Venusaur|199\/364 brn
|-damage|p2a: Venusaur|173\/364 brn
|-crit|p2a: Venusaur
|-damage|p2a: Venusaur|130\/364 brn
|-damage|p2a: Venusaur|101\/364 brn
|-damage|p2a: Venusaur|71\/364 brn
|-hitcount|p2a: Venusaur|5
|move|p2a: Venusaur|Hidden Power|p1a: Heracross
|-supereffective|p1a: Heracross
|-damage|p1a: Heracross|122\/364
|
|-damage|p2a: Venusaur|26\/364 brn|[from] brn
|turn|26
|
|move|p2a: Venusaur|Hidden Power|p1a: Heracross
|-supereffective|p1a: Heracross
|-damage|p1a: Heracross|6\/364
|move|p1a: Heracross|Rock Blast|p2a: Venusaur
|-damage|p2a: Venusaur|0 fnt
|-hitcount|p2a: Venusaur|1
|faint|p2a: Venusaur
|
|
|switch|p2a: Keldeo|Keldeo|323\/323
|-damage|p2a: Keldeo|303\/323|[from] Stealth Rock
|turn|27
|
|move|p2a: Keldeo|Secret Sword|p1a: Heracross
|-resisted|p1a: Heracross
|-damage|p1a: Heracross|0 fnt
|faint|p1a: Heracross
|
|-heal|p2a: Keldeo|323\/323|[from] item: Leftovers
|
|switch|p1a: Landorus-Therian|Landorus-Therian, M|271\/381
|-damage|p1a: Landorus-Therian|224\/381|[from] Stealth Rock
|-ability|p1a: Landorus-Therian|Intimidate|[of] p2a: Keldeo
|-unboost|p2a: Keldeo|atk|1
|turn|28
|
|move|p2a: Keldeo|Scald|p1a: Landorus-Therian
|-supereffective|p1a: Landorus-Therian
|-damage|p1a: Landorus-Therian|0 fnt
|faint|p1a: Landorus-Therian
|
|-message|MaatMattos forfeited.
|
|win|watch cats
|raw|Ladder updating...
|raw|MaatMattos's rating: 1807 &rarr; <strong>1795<\/strong><br \/>(-12 for losing)
|raw|watch cats's rating: 1943 &rarr; <strong>1956<\/strong><br \/>(+13 for winning)