|join|lil manaphy
|join|MaatMattos
|player|p1|lil manaphy|6
|player|p2|MaatMattos|52
|gametype|singles
|gen|6
|tier|OU
|rated
|clearpoke
|poke|p1|Scizor, M
|poke|p1|Gothitelle, F
|poke|p1|Chansey, F
|poke|p1|Alomomola, F
|poke|p1|Cresselia, F
|poke|p1|Zapdos
|poke|p2|Manaphy
|poke|p2|Keldeo-Resolute
|poke|p2|Cresselia, F
|poke|p2|Magnezone
|poke|p2|Landorus-Therian, M
|poke|p2|Aerodactyl, F
|rule|Swagger Clause: Swagger is banned
|rule|Baton Pass Clause: Limit one PokÃ©mon knowing Baton Pass
|rule|Sleep Clause Mod: Limit one foe put to sleep
|rule|Species Clause: Limit one of each PokÃ©mon
|rule|OHKO Clause: OHKO moves are banned
|rule|Moody Clause: Moody is banned
|rule|Evasion Moves Clause: Evasion moves are banned
|rule|Endless Battle Clause: Forcing endless battles is banned
|rule|HP Percentage Mod: HP is shown in percentages
|teampreview
|
|start
|switch|p1a: Zapdos|Zapdos|384\/384
|switch|p2a: Magnezone|Magnezone|344\/344
|-ability|p1a: Zapdos|Pressure
|turn|1
|
|move|p1a: Zapdos|Roost|p1a: Zapdos
|-fail|p1a: Zapdos
|move|p2a: Magnezone|Volt Switch|p1a: Zapdos
|-damage|p1a: Zapdos|95\/384
|c|âMaatMattos|surprise :P
|
|switch|p2a: Keldeo-Resolute|Keldeo-Resolute|323\/323
|
|-heal|p1a: Zapdos|119\/384|[from] item: Leftovers
|turn|2
|
|move|p2a: Keldeo-Resolute|Scald|p1a: Zapdos
|-damage|p1a: Zapdos|0 fnt
|faint|p1a: Zapdos
|
|
|switch|p1a: Gothitelle|Gothitelle, F|301\/301
|turn|3
|join|JTangarang
|
|move|p1a: Gothitelle|Psychic|p2a: Keldeo-Resolute
|-supereffective|p2a: Keldeo-Resolute
|-damage|p2a: Keldeo-Resolute|29\/323
|move|p2a: Keldeo-Resolute|Scald|p1a: Gothitelle
|-damage|p1a: Gothitelle|175\/301
|-status|p1a: Gothitelle|brn
|
|-heal|p2a: Keldeo-Resolute|49\/323|[from] item: Leftovers
|-damage|p1a: Gothitelle|138\/301 brn|[from] brn
|turn|4
|
|move|p1a: Gothitelle|Psychic|p2a: Keldeo-Resolute
|-supereffective|p2a: Keldeo-Resolute
|-damage|p2a: Keldeo-Resolute|0 fnt
|faint|p2a: Keldeo-Resolute
|
|-damage|p1a: Gothitelle|101\/301 brn|[from] brn
|
|switch|p2a: Magnezone|Magnezone|344\/344
|turn|5
|
|switch|p1a: Chansey|Chansey, F|704\/704
|move|p2a: Magnezone|Volt Switch|p1a: Chansey
|-damage|p1a: Chansey|533\/704
|
|switch|p2a: Landorus-Therian|Landorus-Therian, M|381\/381
|-ability|p2a: Landorus-Therian|Intimidate|[of] p1a: Chansey
|-unboost|p1a: Chansey|atk|1
|
|turn|6
|join|sugarhigh
|
|move|p2a: Landorus-Therian|Stealth Rock|p1a: Chansey
|-sidestart|p1: lil manaphy|move: Stealth Rock
|move|p1a: Chansey|Stealth Rock|p2a: Landorus-Therian
|-sidestart|p2: MaatMattos|move: Stealth Rock
|
|turn|7
|
|move|p2a: Landorus-Therian|Earthquake|p1a: Chansey
|-damage|p1a: Chansey|322\/704
|move|p1a: Chansey|Soft-Boiled|p1a: Chansey
|-heal|p1a: Chansey|674\/704
|
|turn|8
|
|move|p2a: Landorus-Therian|U-turn|p1a: Chansey
|-damage|p1a: Chansey|578\/704
|
|switch|p2a: Cresselia|Cresselia, F|444\/444
|-damage|p2a: Cresselia|389\/444|[from] Stealth Rock
|move|p1a: Chansey|Seismic Toss|p2a: Cresselia
|-damage|p2a: Cresselia|289\/444
|
|turn|9
|
|switch|p1a: Gothitelle|Gothitelle, F|101\/301 brn
|-damage|p1a: Gothitelle|64\/301 brn|[from] Stealth Rock
|move|p2a: Cresselia|Thunder Wave|p1a: Gothitelle
|-fail|p1a: Gothitelle
|
|-damage|p1a: Gothitelle|27\/301 brn|[from] brn
|turn|10
|
|move|p1a: Gothitelle|Rest|p1a: Gothitelle
|-status|p1a: Gothitelle|slp
|-heal|p1a: Gothitelle|301\/301 slp|[silent]
|-status|p1a: Gothitelle|slp|[from] move: Rest
|move|p2a: Cresselia|Reflect|p2a: Cresselia
|-sidestart|p2: MaatMattos|Reflect
|
|turn|11
|
|cant|p1a: Gothitelle|slp
|move|p2a: Cresselia|Light Screen|p2a: Cresselia
|-sidestart|p2: MaatMattos|move: Light Screen
|
|turn|12
|
|cant|p1a: Gothitelle|slp
|move|p2a: Cresselia|Thunder Wave|p1a: Gothitelle
|-fail|p1a: Gothitelle
|
|turn|13
|
|switch|p1a: Chansey|Chansey, F|578\/704
|-damage|p1a: Chansey|490\/704|[from] Stealth Rock
|move|p2a: Cresselia|Thunder Wave|p1a: Chansey
|-status|p1a: Chansey|par
|
|turn|14
|
|switch|p2a: Manaphy|Manaphy|373\/373
|-damage|p2a: Manaphy|327\/373|[from] Stealth Rock
|move|p1a: Chansey|Soft-Boiled|p1a: Chansey
|-heal|p1a: Chansey|704\/704 par
|
|-heal|p2a: Manaphy|350\/373|[from] item: Leftovers
|turn|15
|
|switch|p1a: Gothitelle|Gothitelle, F|301\/301 slp
|-damage|p1a: Gothitelle|264\/301 slp|[from] Stealth Rock
|move|p2a: Manaphy|Tail Glow|p2a: Manaphy
|-boost|p2a: Manaphy|spa|3
|
|-heal|p2a: Manaphy|373\/373|[from] item: Leftovers
|turn|16
|
|-curestatus|p1a: Gothitelle|slp
|move|p1a: Gothitelle|Trick|p2a: Manaphy
|-activate|p1a: Gothitelle|move: Trick|[of] p2a: Manaphy
|-item|p2a: Manaphy|Choice Scarf|[from] move: Trick
|-item|p1a: Gothitelle|Leftovers|[from] move: Trick
|move|p2a: Manaphy|Rain Dance|p2a: Manaphy
|-weather|RainDance
|
|-weather|RainDance|[upkeep]
|-heal|p1a: Gothitelle|282\/301|[from] item: Leftovers
|turn|17
|c|âMaatMattos|fuck 
|c| JTangarang|why would oyu no attack
|c|âMaatMattos|why could u wait 1 turn
|
|move|p2a: Manaphy|Rain Dance|p2a: Manaphy
|-fail|p2a: Manaphy
|move|p1a: Gothitelle|Calm Mind|p1a: Gothitelle
|-boost|p1a: Gothitelle|spa|1
|-boost|p1a: Gothitelle|spd|1
|
|-weather|RainDance|[upkeep]
|-heal|p1a: Gothitelle|300\/301|[from] item: Leftovers
|-sideend|p2: MaatMattos|Reflect
|turn|18
|c| JTangarang|WHY
|c|âMaatMattos|Look at this now
|c|âMaatMattos|D:
|
|move|p2a: Manaphy|Rain Dance|p2a: Manaphy
|-fail|p2a: Manaphy
|move|p1a: Gothitelle|Calm Mind|p1a: Gothitelle
|-boost|p1a: Gothitelle|spa|1
|-boost|p1a: Gothitelle|spd|1
|
|-weather|RainDance|[upkeep]
|-heal|p1a: Gothitelle|301\/301|[from] item: Leftovers
|-sideend|p2: MaatMattos|move: Light Screen
|turn|19
|c| JTangarang|trick was obvious
|c| JTangarang|....
|c|âMaatMattos|yes
|c|âMaatMattos|but he was asleep
|c|âMaatMattos|i had 1 turn
|
|move|p2a: Manaphy|Rain Dance|p2a: Manaphy
|-fail|p2a: Manaphy
|move|p1a: Gothitelle|Calm Mind|p1a: Gothitelle
|-boost|p1a: Gothitelle|spa|1
|-boost|p1a: Gothitelle|spd|1
|
|-weather|RainDance|[upkeep]
|turn|20
|c| JTangarang|its clearly female
|
|move|p2a: Manaphy|Rain Dance|p2a: Manaphy
|-fail|p2a: Manaphy
|move|p1a: Gothitelle|Calm Mind|p1a: Gothitelle
|-boost|p1a: Gothitelle|spa|1
|-boost|p1a: Gothitelle|spd|1
|
|-weather|none
|turn|21
|c|âMaatMattos|why does that matter?
|
|move|p2a: Manaphy|Rain Dance|p2a: Manaphy
|-weather|RainDance
|move|p1a: Gothitelle|Calm Mind|p1a: Gothitelle
|-boost|p1a: Gothitelle|spa|1
|-boost|p1a: Gothitelle|spd|1
|
|-weather|RainDance|[upkeep]
|turn|22
|c| JTangarang|because there's something wrong with male gothitelle
|c| JTangarang|I thought it was female only
|
|move|p2a: Manaphy|Rain Dance|p2a: Manaphy
|-fail|p2a: Manaphy
|move|p1a: Gothitelle|Calm Mind|p1a: Gothitelle
|-boost|p1a: Gothitelle|spa|1
|-boost|p1a: Gothitelle|spd|1
|
|-weather|RainDance|[upkeep]
|turn|23
|join|Cienight
|
|move|p2a: Manaphy|Rain Dance|p2a: Manaphy
|-fail|p2a: Manaphy
|move|p1a: Gothitelle|Psychic|p2a: Manaphy
|-crit|p2a: Manaphy
|-damage|p2a: Manaphy|0 fnt
|faint|p2a: Manaphy
|
|-weather|RainDance|[upkeep]
|join|IamChow
|
|switch|p2a: Landorus-Therian|Landorus-Therian, M|381\/381
|-damage|p2a: Landorus-Therian|334\/381|[from] Stealth Rock
|-ability|p2a: Landorus-Therian|Intimidate|[of] p1a: Gothitelle
|-unboost|p1a: Gothitelle|atk|1
|turn|24
|
|move|p1a: Gothitelle|Calm Mind|p1a: Gothitelle
|-fail|p1a: Gothitelle
|move|p2a: Landorus-Therian|Explosion|p1a: Gothitelle
|-damage|p1a: Gothitelle|0 fnt
|faint|p2a: Landorus-Therian
|faint|p1a: Gothitelle
|
|-weather|RainDance|[upkeep]
|c|âlil manaphy|whoops
|c|âMaatMattos|lol
|c|âlil manaphy|wrong move
|c|âMaatMattos|what
|c|âlil manaphy|ok
|c| Cienight|nice and powerful
|c|âMaatMattos|ty i guess
|join|CleanerThanRotom-W
|
|switch|p2a: Aerodactyl|Aerodactyl, F|301\/301
|-damage|p2a: Aerodactyl|226\/301|[from] Stealth Rock
|switch|p1a: Chansey|Chansey, F|704\/704
|-damage|p1a: Chansey|616\/704|[from] Stealth Rock
|turn|25
|leave|CleanerThanRotom-W
|
|switch|p1a: Alomomola|Alomomola, F|530\/530
|-damage|p1a: Alomomola|464\/530|[from] Stealth Rock
|detailschange|p2a: Aerodactyl|Aerodactyl-Mega, F
|message|Aerodactyl has Mega Evolved into Mega Aerodactyl!
|move|p2a: Aerodactyl|Aqua Tail|p1a: Alomomola
|-resisted|p1a: Alomomola
|-damage|p1a: Alomomola|370\/530
|
|-weather|none
|-heal|p1a: Alomomola|403\/530|[from] item: Leftovers
|turn|26
|
|switch|p2a: Magnezone|Magnezone|344\/344
|-damage|p2a: Magnezone|323\/344|[from] Stealth Rock
|move|p1a: Alomomola|Scald|p2a: Magnezone
|-damage|p2a: Magnezone|271\/344
|
|-heal|p1a: Alomomola|436\/530|[from] item: Leftovers
|turn|27
|
|move|p1a: Alomomola|Protect|p1a: Alomomola
|-singleturn|p1a: Alomomola|Protect
|move|p2a: Magnezone|Flash Cannon|p1a: Alomomola
|-activate|p1a: Alomomola|Protect
|
|-heal|p1a: Alomomola|469\/530|[from] item: Leftovers
|turn|28
|
|switch|p1a: Cresselia|Cresselia, F|444\/444
|-damage|p1a: Cresselia|389\/444|[from] Stealth Rock
|move|p2a: Magnezone|Flash Cannon|p1a: Cresselia
|-damage|p1a: Cresselia|206\/444
|-unboost|p1a: Cresselia|spd|1
|
|-heal|p1a: Cresselia|233\/444|[from] item: Leftovers
|turn|29
|
|switch|p1a: Chansey|Chansey, F|616\/704
|-damage|p1a: Chansey|528\/704|[from] Stealth Rock
|move|p2a: Magnezone|Flash Cannon|p1a: Chansey
|-crit|p1a: Chansey
|-damage|p1a: Chansey|219\/704
|-unboost|p1a: Chansey|spd|1
|
|turn|30
|
|switch|p1a: Cresselia|Cresselia, F|233\/444
|-damage|p1a: Cresselia|178\/444|[from] Stealth Rock
|move|p2a: Magnezone|Flash Cannon|p1a: Cresselia
|-damage|p1a: Cresselia|7\/444
|
|-heal|p1a: Cresselia|34\/444|[from] item: Leftovers
|turn|31
|
|move|p1a: Cresselia|Moonlight|p1a: Cresselia
|-heal|p1a: Cresselia|256\/444
|move|p2a: Magnezone|Flash Cannon|p1a: Cresselia
|-damage|p1a: Cresselia|69\/444
|
|-heal|p1a: Cresselia|96\/444|[from] item: Leftovers
|turn|32
|join|digimon a-a
|join|jackson n_n
|
|move|p1a: Cresselia|Moonlight|p1a: Cresselia
|-heal|p1a: Cresselia|318\/444
|move|p2a: Magnezone|Flash Cannon|p1a: Cresselia
|-damage|p1a: Cresselia|131\/444
|
|-heal|p1a: Cresselia|158\/444|[from] item: Leftovers
|turn|33
|c| jackson n_n|oh
|c| Cienight|wut
|
|move|p1a: Cresselia|Moonlight|p1a: Cresselia
|-heal|p1a: Cresselia|380\/444
|move|p2a: Magnezone|Flash Cannon|p1a: Cresselia
|-damage|p1a: Cresselia|187\/444
|
|-heal|p1a: Cresselia|214\/444|[from] item: Leftovers
|turn|34
|c| jackson n_n|specs
|c| jackson n_n|- speed
|
|move|p1a: Cresselia|Psychic|p2a: Magnezone
|-resisted|p2a: Magnezone
|-damage|p2a: Magnezone|223\/344
|move|p2a: Magnezone|Flash Cannon|p1a: Cresselia
|-damage|p1a: Cresselia|34\/444
|
|-heal|p1a: Cresselia|61\/444|[from] item: Leftovers
|turn|35
|c| jackson n_n|anylactic
|
|move|p1a: Cresselia|Moonlight|p1a: Cresselia
|-heal|p1a: Cresselia|283\/444
|move|p2a: Magnezone|Flash Cannon|p1a: Cresselia
|-damage|p1a: Cresselia|109\/444
|
|-heal|p1a: Cresselia|136\/444|[from] item: Leftovers
|turn|36
|c| Cienight|that does a fukton
|c| Cienight|lmao
|c| jackson n_n|ik
|
|move|p1a: Cresselia|Moonlight|p1a: Cresselia
|-heal|p1a: Cresselia|358\/444
|move|p2a: Magnezone|Flash Cannon|p1a: Cresselia
|-damage|p1a: Cresselia|165\/444
|
|-heal|p1a: Cresselia|192\/444|[from] item: Leftovers
|turn|37
|
|move|p1a: Cresselia|Moonlight|p1a: Cresselia
|-heal|p1a: Cresselia|414\/444
|move|p2a: Magnezone|Flash Cannon|p1a: Cresselia
|-damage|p1a: Cresselia|237\/444
|-unboost|p1a: Cresselia|spd|1
|
|-heal|p1a: Cresselia|264\/444|[from] item: Leftovers
|turn|38
|
|move|p1a: Cresselia|Psychic|p2a: Magnezone
|-resisted|p2a: Magnezone
|-damage|p2a: Magnezone|174\/344
|move|p2a: Magnezone|Flash Cannon|p1a: Cresselia
|-damage|p1a: Cresselia|0 fnt
|faint|p1a: Cresselia
|
|
|switch|p1a: Scizor|Scizor, M|344\/344
|-damage|p1a: Scizor|301\/344|[from] Stealth Rock
|turn|39
|
|detailschange|p1a: Scizor|Scizor-Mega, M
|message|Scizor has Mega Evolved into Mega Scizor!
|move|p1a: Scizor|Swords Dance|p1a: Scizor
|-boost|p1a: Scizor|atk|2
|move|p2a: Magnezone|Flash Cannon|p1a: Scizor
|-resisted|p1a: Scizor
|-damage|p1a: Scizor|140\/344
|
|turn|40
|c| jackson n_n|252+ SpA Choice Specs Analytic Magnezone Thunderbolt vs. 252 HP \/ 0 SpD Zapdos: 343-405 (89.3 - 105.4%) -- 37.5% chance to OHKO
|
|move|p1a: Scizor|Roost|p1a: Scizor
|-heal|p1a: Scizor|312\/344
|move|p2a: Magnezone|Flash Cannon|p1a: Scizor
|-resisted|p1a: Scizor
|-damage|p1a: Scizor|151\/344
|
|turn|41
|c| Cienight|wot
|
|move|p1a: Scizor|Superpower|p2a: Magnezone
|-supereffective|p2a: Magnezone
|-damage|p2a: Magnezone|0 fnt
|-unboost|p1a: Scizor|atk|1
|-unboost|p1a: Scizor|def|1
|faint|p2a: Magnezone
|
|c| Cienight|47
|c| Cienight|%
|
|switch|p2a: Cresselia|Cresselia, F|289\/444
|-damage|p2a: Cresselia|234\/444|[from] Stealth Rock
|turn|42
|c| jackson n_n|gg
|
|move|p1a: Scizor|Bullet Punch|p2a: Cresselia
|-damage|p2a: Cresselia|110\/444
|move|p2a: Cresselia|Reflect|p2a: Cresselia
|-sidestart|p2: MaatMattos|Reflect
|
|turn|43
|
|move|p2a: Cresselia|Thunder Wave|p1a: Scizor
|-status|p1a: Scizor|par
|move|p1a: Scizor|Roost|p1a: Scizor
|-heal|p1a: Scizor|323\/344 par
|
|turn|44
|
|move|p2a: Cresselia|Light Screen|p2a: Cresselia
|-sidestart|p2: MaatMattos|move: Light Screen
|move|p1a: Scizor|Swords Dance|p1a: Scizor
|-boost|p1a: Scizor|atk|2
|
|turn|45
|c| jackson n_n|what ass set is that
|
|move|p1a: Scizor|Bullet Punch|p2a: Cresselia
|-damage|p2a: Cresselia|3\/444
|move|p2a: Cresselia|Lunar Dance|p2a: Cresselia
|faint|p2a: Cresselia
|
|c| jackson n_n|ahh
|c| jackson n_n|screens
|
|switch|p2a: Aerodactyl|Aerodactyl-Mega, F|226\/301
|-heal|p2a: Aerodactyl|301\/301|[from] move: Lunar Dance
|-damage|p2a: Aerodactyl|226\/301|[from] Stealth Rock
|turn|46
|
|move|p1a: Scizor|Bullet Punch|p2a: Aerodactyl
|-supereffective|p2a: Aerodactyl
|-damage|p2a: Aerodactyl|0 fnt
|faint|p2a: Aerodactyl
|
|win|lil manaphy
|raw|Ladder updating...
|raw|lil manaphy's rating: 2002 &rarr; <strong>2009<\/strong><br \/>(+7 for winning)
|raw|MaatMattos's rating: 1739 &rarr; <strong>1732<\/strong><br \/>(-7 for losing)
|leave|MaatMattos
|player|p2
|leave|IamChow
|leave|lil manaphy
|player|p1