|join|LT3X Bloo
|join|maatmattos
|player|p1|LT3X Bloo|174
|player|p2|maatmattos|52
|gametype|singles
|gen|6
|tier|OU
|rated
|clearpoke
|poke|p1|Tyranitar, F, shiny
|poke|p1|Heatran, F
|poke|p1|Slowbro, M
|poke|p1|Gliscor, M
|poke|p1|Mew
|poke|p1|Scizor, M
|poke|p2|Manaphy
|poke|p2|Keldeo-Resolute
|poke|p2|Magnezone
|poke|p2|Cresselia, F
|poke|p2|Landorus-Therian, M
|poke|p2|Alakazam, F
|rule|Swagger Clause: Swagger is banned
|rule|Baton Pass Clause: Limit one PokÃ©mon knowing Baton Pass
|rule|Sleep Clause Mod: Limit one foe put to sleep
|rule|Species Clause: Limit one of each PokÃ©mon
|rule|OHKO Clause: OHKO moves are banned
|rule|Moody Clause: Moody is banned
|rule|Evasion Moves Clause: Evasion moves are banned
|rule|Endless Battle Clause: Forcing endless battles is banned
|rule|HP Percentage Mod: HP is shown in percentages
|teampreview
|join|mien bro
|
|start
|switch|p1a: Mew|Mew|403\/403
|switch|p2a: Alakazam|Alakazam, F|251\/251
|turn|1
|
|switch|p2a: Landorus-Therian|Landorus-Therian, M|381\/381
|-ability|p2a: Landorus-Therian|Intimidate|[of] p1a: Mew
|-unboost|p1a: Mew|atk|1
|move|p1a: Mew|Knock Off|p2a: Landorus-Therian
|-damage|p2a: Landorus-Therian|342\/381
|-damage|p1a: Mew|336\/403|[from] item: Rocky Helmet|[of] p2a: Landorus-Therian
|-enditem|p2a: Landorus-Therian|Rocky Helmet|[from] move: Knock Off|[of] p1a: Mew
|
|-heal|p1a: Mew|361\/403|[from] item: Leftovers
|turn|2
|join|bro flst
|
|move|p1a: Mew|Taunt|p2a: Landorus-Therian
|-start|p2a: Landorus-Therian|move: Taunt
|cant|p2a: Landorus-Therian|move: Taunt|Stealth Rock
|
|-heal|p1a: Mew|386\/403|[from] item: Leftovers
|turn|3
|join|Not A Gym Ldr
|
|move|p1a: Mew|Will-O-Wisp|p2a: Landorus-Therian
|-status|p2a: Landorus-Therian|brn
|move|p2a: Landorus-Therian|U-turn|p1a: Mew
|-supereffective|p1a: Mew
|-damage|p1a: Mew|302\/403
|
|switch|p2a: Keldeo-Resolute|Keldeo-Resolute|323\/323
|
|-heal|p1a: Mew|327\/403|[from] item: Leftovers
|turn|4
|
|move|p2a: Keldeo-Resolute|Substitute|p2a: Keldeo-Resolute
|-start|p2a: Keldeo-Resolute|Substitute
|-damage|p2a: Keldeo-Resolute|243\/323
|move|p1a: Mew|Soft-Boiled|p1a: Mew
|-heal|p1a: Mew|403\/403
|
|-heal|p2a: Keldeo-Resolute|263\/323|[from] item: Leftovers
|turn|5
|join|IAmGingy
|
|switch|p1a: Slowbro|Slowbro, M|393\/393
|move|p2a: Keldeo-Resolute|Calm Mind|p2a: Keldeo-Resolute
|-boost|p2a: Keldeo-Resolute|spa|1
|-boost|p2a: Keldeo-Resolute|spd|1
|
|-heal|p2a: Keldeo-Resolute|283\/323|[from] item: Leftovers
|turn|6
|
|move|p2a: Keldeo-Resolute|Scald|p1a: Slowbro
|-resisted|p1a: Slowbro
|-damage|p1a: Slowbro|270\/393
|move|p1a: Slowbro|Grass Knot|p2a: Keldeo-Resolute
|-supereffective|p2a: Keldeo-Resolute
|-activate|p2a: Keldeo-Resolute|Substitute|[damage]
|
|-heal|p2a: Keldeo-Resolute|303\/323|[from] item: Leftovers
|-heal|p1a: Slowbro|294\/393|[from] item: Leftovers
|turn|7
|join|Lt3G McM
|
|move|p2a: Keldeo-Resolute|Scald|p1a: Slowbro
|-resisted|p1a: Slowbro
|-damage|p1a: Slowbro|174\/393
|move|p1a: Slowbro|Grass Knot|p2a: Keldeo-Resolute
|-supereffective|p2a: Keldeo-Resolute
|-end|p2a: Keldeo-Resolute|Substitute
|
|-heal|p2a: Keldeo-Resolute|323\/323|[from] item: Leftovers
|-heal|p1a: Slowbro|198\/393|[from] item: Leftovers
|turn|8
|join|CZ
|join|Hot N Cold
|
|move|p2a: Keldeo-Resolute|Substitute|p2a: Keldeo-Resolute
|-start|p2a: Keldeo-Resolute|Substitute
|-damage|p2a: Keldeo-Resolute|243\/323
|move|p1a: Slowbro|Thunder Wave|p2a: Keldeo-Resolute
|
|-heal|p2a: Keldeo-Resolute|263\/323|[from] item: Leftovers
|-heal|p1a: Slowbro|222\/393|[from] item: Leftovers
|turn|9
|
|switch|p1a: Tyranitar|Tyranitar, F, shiny|342\/342
|-weather|Sandstorm
|move|p2a: Keldeo-Resolute|Calm Mind|p2a: Keldeo-Resolute
|-boost|p2a: Keldeo-Resolute|spa|1
|-boost|p2a: Keldeo-Resolute|spd|1
|
|-weather|Sandstorm|[upkeep]
|-damage|p2a: Keldeo-Resolute|243\/323|[from] sandstorm
|-heal|p2a: Keldeo-Resolute|263\/323|[from] item: Leftovers
|turn|10
|join|jake5
|
|move|p1a: Tyranitar|Superpower|p2a: Keldeo-Resolute
|-end|p2a: Keldeo-Resolute|Substitute
|-unboost|p1a: Tyranitar|atk|1
|-unboost|p1a: Tyranitar|def|1
|move|p2a: Keldeo-Resolute|Secret Sword|p1a: Tyranitar
|-crit|p1a: Tyranitar
|-supereffective|p1a: Tyranitar
|-damage|p1a: Tyranitar|0 fnt
|faint|p1a: Tyranitar
|
|-weather|Sandstorm|[upkeep]
|-damage|p2a: Keldeo-Resolute|243\/323|[from] sandstorm
|-heal|p2a: Keldeo-Resolute|263\/323|[from] item: Leftovers
|
|switch|p1a: Scizor|Scizor, M|343\/343
|turn|11
|join|specs umbreon
|
|detailschange|p1a: Scizor|Scizor-Mega, M
|message|Scizor has Mega Evolved into Mega Scizor!
|move|p2a: Keldeo-Resolute|Scald|p1a: Scizor
|-damage|p1a: Scizor|85\/343
|-status|p1a: Scizor|brn
|move|p1a: Scizor|Knock Off|p2a: Keldeo-Resolute
|-resisted|p2a: Keldeo-Resolute
|-damage|p2a: Keldeo-Resolute|234\/323
|-boost|p2a: Keldeo-Resolute|atk|1|[from] ability: Justified
|-enditem|p2a: Keldeo-Resolute|Leftovers|[from] move: Knock Off|[of] p1a: Scizor
|
|-weather|Sandstorm|[upkeep]
|-damage|p2a: Keldeo-Resolute|214\/323|[from] sandstorm
|-damage|p1a: Scizor|43\/343 brn|[from] brn
|turn|12
|
|move|p1a: Scizor|Bullet Punch|p2a: Keldeo-Resolute
|-resisted|p2a: Keldeo-Resolute
|-damage|p2a: Keldeo-Resolute|187\/323
|move|p2a: Keldeo-Resolute|Calm Mind|p2a: Keldeo-Resolute
|-boost|p2a: Keldeo-Resolute|spa|1
|-boost|p2a: Keldeo-Resolute|spd|1
|
|-weather|Sandstorm|[upkeep]
|-damage|p2a: Keldeo-Resolute|167\/323|[from] sandstorm
|-damage|p1a: Scizor|1\/343 brn|[from] brn
|turn|13
|join|fingerscrossed
|-message|LT3X Bloo forfeited.
|
|win|maatmattos
|raw|Ladder updating...
|leave|LT3X Bloo
|player|p1
|raw|LT3X Bloo's rating: 1953 &rarr; <strong>1923<\/strong><br \/>(-30 for losing)
|raw|maatmattos's rating: 1763 &rarr; <strong>1793<\/strong><br \/>(+30 for winning)
|c| Not A Gym Ldr|rekt
|leave|Not A Gym Ldr
|leave|fingerscrossed
|leave|maatmattos
|player|p2
|join|Cienight
|leave|Lt3G McM
|leave|mien bro
|leave|specs umbreon
|join|specs umbreon
|leave|specs umbreon