|join|gyarad0site
|join|MaatMattos
|player|p1|gyarad0site|195
|player|p2|MaatMattos|52
|gametype|singles
|gen|6
|tier|OU
|rated
|clearpoke
|poke|p1|Scizor, M, shiny
|poke|p1|Manaphy, shiny
|poke|p1|Thundurus, M
|poke|p1|Landorus-Therian, M
|poke|p1|Cobalion
|poke|p1|Latios, M
|poke|p2|Manaphy
|poke|p2|Cresselia, F
|poke|p2|Ferrothorn, M
|poke|p2|Landorus-Therian, M
|poke|p2|Gallade, M
|poke|p2|Keldeo-Resolute
|rule|Swagger Clause: Swagger is banned
|rule|Baton Pass Clause: Limit one PokÃ©mon knowing Baton Pass
|rule|Sleep Clause Mod: Limit one foe put to sleep
|rule|Species Clause: Limit one of each PokÃ©mon
|rule|OHKO Clause: OHKO moves are banned
|rule|Moody Clause: Moody is banned
|rule|Evasion Moves Clause: Evasion moves are banned
|rule|Endless Battle Clause: Forcing endless battles is banned
|rule|HP Percentage Mod: HP is shown in percentages
|teampreview
|
|start
|switch|p1a: Thundurus|Thundurus, M|299\/299
|switch|p2a: Gallade|Gallade, M|277\/277
|turn|1
|
|switch|p2a: Ferrothorn|Ferrothorn, M|351\/351
|move|p1a: Thundurus|Thunder Wave|p2a: Ferrothorn
|-status|p2a: Ferrothorn|par
|
|turn|2
|
|move|p1a: Thundurus|Taunt|p2a: Ferrothorn
|-start|p2a: Ferrothorn|move: Taunt
|cant|p2a: Ferrothorn|move: Taunt|Leech Seed
|
|turn|3
|
|move|p1a: Thundurus|Volt Switch|p2a: Ferrothorn
|-resisted|p2a: Ferrothorn
|-damage|p2a: Ferrothorn|309\/351 par
|
|switch|p1a: sAMuel L|Landorus-Therian, M|381\/381
|-ability|p1a: sAMuel L|Intimidate|[of] p2a: Ferrothorn
|-unboost|p2a: Ferrothorn|atk|1
|move|p2a: Ferrothorn|Knock Off|p1a: sAMuel L
|-damage|p1a: sAMuel L|345\/381
|-enditem|p1a: sAMuel L|Leftovers|[from] move: Knock Off|[of] p2a: Ferrothorn
|
|-heal|p2a: Ferrothorn|330\/351 par|[from] item: Leftovers
|turn|4
|
|switch|p2a: Landorus-Therian|Landorus-Therian, M|381\/381
|-ability|p2a: Landorus-Therian|Intimidate|[of] p1a: sAMuel L
|-unboost|p1a: sAMuel L|atk|1
|move|p1a: sAMuel L|Stealth Rock|p2a: Landorus-Therian
|-sidestart|p2: MaatMattos|move: Stealth Rock
|
|turn|5
|
|move|p1a: sAMuel L|U-turn|p2a: Landorus-Therian
|-resisted|p2a: Landorus-Therian
|-damage|p2a: Landorus-Therian|360\/381
|-damage|p1a: sAMuel L|282\/381|[from] item: Rocky Helmet|[of] p2a: Landorus-Therian
|
|switch|p1a: murakAMi|Manaphy, shiny|351\/351
|move|p2a: Landorus-Therian|Stealth Rock|p1a: murakAMi
|-sidestart|p1: gyarad0site|move: Stealth Rock
|
|turn|6
|
|move|p1a: murakAMi|Scald|p2a: Landorus-Therian
|-supereffective|p2a: Landorus-Therian
|-damage|p2a: Landorus-Therian|40\/381
|move|p2a: Landorus-Therian|U-turn|p1a: murakAMi
|-damage|p1a: murakAMi|281\/351
|
|switch|p2a: Ferrothorn|Ferrothorn, M|330\/351 par
|-damage|p2a: Ferrothorn|309\/351 par|[from] Stealth Rock
|
|-heal|p1a: murakAMi|302\/351|[from] item: Leftovers
|-heal|p2a: Ferrothorn|330\/351 par|[from] item: Leftovers
|turn|7
|
|switch|p1a: flAMberge|Cobalion|358\/358
|-damage|p1a: flAMberge|347\/358|[from] Stealth Rock
|move|p2a: Ferrothorn|Leech Seed|p1a: flAMberge
|-start|p1a: flAMberge|move: Leech Seed
|
|-heal|p1a: flAMberge|358\/358|[from] item: Leftovers
|-heal|p2a: Ferrothorn|351\/351 par|[from] item: Leftovers
|-damage|p1a: flAMberge|314\/358|[from] Leech Seed|[of] p2a: Ferrothorn
|turn|8
|
|switch|p2a: Landorus-Therian|Landorus-Therian, M|40\/381
|-damage|p2a: Landorus-Therian|0 fnt|[from] Stealth Rock
|faint|p2a: Landorus-Therian
|move|p1a: flAMberge|Close Combat|p2: Landorus-Therian|[notarget]
|-notarget
|
|-heal|p1a: flAMberge|336\/358|[from] item: Leftovers
|
|switch|p2a: Gallade|Gallade, M|277\/277
|-damage|p2a: Gallade|260\/277|[from] Stealth Rock
|turn|9
|
|detailschange|p2a: Gallade|Gallade-Mega, M
|message|Gallade has Mega Evolved into Mega Gallade!
|move|p1a: flAMberge|Volt Switch|p2a: Gallade
|-damage|p2a: Gallade|219\/277
|
|switch|p1a: sAMuel L|Landorus-Therian, M|282\/381
|-damage|p1a: sAMuel L|235\/381|[from] Stealth Rock
|-ability|p1a: sAMuel L|Intimidate|[of] p2a: Gallade
|-unboost|p2a: Gallade|atk|1
|move|p2a: Gallade|Swords Dance|p2a: Gallade
|-boost|p2a: Gallade|atk|2
|
|turn|10
|
|move|p2a: Gallade|Zen Headbutt|p1a: sAMuel L
|-damage|p1a: sAMuel L|45\/381
|move|p1a: sAMuel L|Rock Tomb|p2a: Gallade
|-resisted|p2a: Gallade
|-damage|p2a: Gallade|188\/277
|-unboost|p2a: Gallade|spe|1
|
|turn|11
|
|move|p2a: Gallade|Knock Off|p1a: sAMuel L
|-damage|p1a: sAMuel L|0 fnt
|faint|p1a: sAMuel L
|
|
|switch|p1a: Latios|Latios, M|301\/301
|-damage|p1a: Latios|264\/301|[from] Stealth Rock
|turn|12
|
|switch|p2a: Ferrothorn|Ferrothorn, M|351\/351 par
|-damage|p2a: Ferrothorn|330\/351 par|[from] Stealth Rock
|move|p1a: Latios|Draco Meteor|p2a: Ferrothorn
|-resisted|p2a: Ferrothorn
|-damage|p2a: Ferrothorn|260\/351 par
|-unboost|p1a: Latios|spa|2
|
|-heal|p2a: Ferrothorn|281\/351 par|[from] item: Leftovers
|turn|13
|
|switch|p1a: flAMberge|Cobalion|336\/358
|-damage|p1a: flAMberge|325\/358|[from] Stealth Rock
|move|p2a: Ferrothorn|Leech Seed|p1a: flAMberge
|-start|p1a: flAMberge|move: Leech Seed
|
|-heal|p1a: flAMberge|347\/358|[from] item: Leftovers
|-heal|p2a: Ferrothorn|302\/351 par|[from] item: Leftovers
|-damage|p1a: flAMberge|303\/358|[from] Leech Seed|[of] p2a: Ferrothorn
|-heal|p2a: Ferrothorn|346\/351 par|[silent]
|turn|14
|
|switch|p2a: Keldeo-Resolute|Keldeo-Resolute|323\/323
|-damage|p2a: Keldeo-Resolute|303\/323|[from] Stealth Rock
|move|p1a: flAMberge|Close Combat|p2a: Keldeo-Resolute
|-damage|p2a: Keldeo-Resolute|129\/323
|-unboost|p1a: flAMberge|def|1
|-unboost|p1a: flAMberge|spd|1
|
|-heal|p1a: flAMberge|325\/358|[from] item: Leftovers
|-heal|p2a: Keldeo-Resolute|149\/323|[from] item: Leftovers
|-damage|p1a: flAMberge|281\/358|[from] Leech Seed|[of] p2a: Keldeo-Resolute
|-heal|p2a: Keldeo-Resolute|193\/323|[silent]
|turn|15
|
|move|p2a: Keldeo-Resolute|Scald|p1a: flAMberge
|-damage|p1a: flAMberge|0 fnt
|faint|p1a: flAMberge
|
|-heal|p2a: Keldeo-Resolute|213\/323|[from] item: Leftovers
|
|switch|p1a: Thundurus|Thundurus, M|299\/299
|-damage|p1a: Thundurus|225\/299|[from] Stealth Rock
|turn|16
|
|switch|p2a: Ferrothorn|Ferrothorn, M|346\/351 par
|-damage|p2a: Ferrothorn|325\/351 par|[from] Stealth Rock
|move|p1a: Thundurus|Volt Switch|p2a: Ferrothorn
|-crit|p2a: Ferrothorn
|-resisted|p2a: Ferrothorn
|-damage|p2a: Ferrothorn|265\/351 par
|
|switch|p1a: rAMbo|Scizor, M, shiny|291\/291
|-damage|p1a: rAMbo|255\/291|[from] Stealth Rock
|
|-heal|p2a: Ferrothorn|286\/351 par|[from] item: Leftovers
|turn|17
|
|detailschange|p1a: rAMbo|Scizor-Mega, M, shiny
|message|Scizor has Mega Evolved into Mega Scizor!
|move|p1a: rAMbo|Superpower|p2a: Ferrothorn
|-supereffective|p2a: Ferrothorn
|-damage|p2a: Ferrothorn|48\/351 par
|-damage|p1a: rAMbo|219\/291|[from] ability: Iron Barbs|[of] p2a: Ferrothorn
|-unboost|p1a: rAMbo|atk|1
|-unboost|p1a: rAMbo|def|1
|move|p2a: Ferrothorn|Leech Seed|p1a: rAMbo
|-start|p1a: rAMbo|move: Leech Seed
|
|-heal|p2a: Ferrothorn|69\/351 par|[from] item: Leftovers
|-damage|p1a: rAMbo|183\/291|[from] Leech Seed|[of] p2a: Ferrothorn
|-heal|p2a: Ferrothorn|105\/351 par|[silent]
|turn|18
|
|move|p2a: Ferrothorn|Protect|p2a: Ferrothorn
|-singleturn|p2a: Ferrothorn|Protect
|move|p1a: rAMbo|Bug Bite|p2a: Ferrothorn
|-activate|p2a: Ferrothorn|Protect
|
|-heal|p2a: Ferrothorn|126\/351 par|[from] item: Leftovers
|-damage|p1a: rAMbo|147\/291|[from] Leech Seed|[of] p2a: Ferrothorn
|-heal|p2a: Ferrothorn|162\/351 par|[silent]
|turn|19
|
|move|p1a: rAMbo|Swords Dance|p1a: rAMbo
|-boost|p1a: rAMbo|atk|2
|move|p2a: Ferrothorn|Knock Off|p1a: rAMbo
|-damage|p1a: rAMbo|92\/291
|
|-heal|p2a: Ferrothorn|183\/351 par|[from] item: Leftovers
|-damage|p1a: rAMbo|56\/291|[from] Leech Seed|[of] p2a: Ferrothorn
|-heal|p2a: Ferrothorn|219\/351 par|[silent]
|turn|20
|
|move|p2a: Ferrothorn|Protect|p2a: Ferrothorn
|-singleturn|p2a: Ferrothorn|Protect
|move|p1a: rAMbo|Superpower|p2a: Ferrothorn
|-activate|p2a: Ferrothorn|Protect
|
|-heal|p2a: Ferrothorn|240\/351 par|[from] item: Leftovers
|-damage|p1a: rAMbo|20\/291|[from] Leech Seed|[of] p2a: Ferrothorn
|-heal|p2a: Ferrothorn|276\/351 par|[silent]
|turn|21
|
|move|p1a: rAMbo|Superpower|p2a: Ferrothorn
|-supereffective|p2a: Ferrothorn
|-damage|p2a: Ferrothorn|0 fnt
|-damage|p1a: rAMbo|0 fnt|[from] ability: Iron Barbs|[of] p2a: Ferrothorn
|faint|p1a: rAMbo
|faint|p2a: Ferrothorn
|
|
|switch|p1a: Thundurus|Thundurus, M|225\/299
|switch|p2a: Cresselia|Cresselia, F|443\/443
|-damage|p1a: Thundurus|151\/299|[from] Stealth Rock
|-damage|p2a: Cresselia|388\/443|[from] Stealth Rock
|turn|22
|
|move|p1a: Thundurus|Taunt|p2a: Cresselia
|-start|p2a: Cresselia|move: Taunt
|cant|p2a: Cresselia|move: Taunt|Light Screen
|
|-heal|p1a: Thundurus|169\/299|[from] item: Leftovers
|turn|23
|
|move|p1a: Thundurus|Volt Switch|p2a: Cresselia
|-damage|p2a: Cresselia|319\/443
|
|switch|p1a: murakAMi|Manaphy, shiny|302\/351
|-damage|p1a: murakAMi|259\/351|[from] Stealth Rock
|-activate|p2a: Cresselia|move: Struggle
|move|p2a: Cresselia|Struggle|p1a: murakAMi
|-damage|p1a: murakAMi|230\/351
|-damage|p2a: Cresselia|209\/443
|
|-heal|p1a: murakAMi|251\/351|[from] item: Leftovers
|turn|24
|
|switch|p2a: Keldeo-Resolute|Keldeo-Resolute|213\/323
|-damage|p2a: Keldeo-Resolute|193\/323|[from] Stealth Rock
|move|p1a: murakAMi|Energy Ball|p2a: Keldeo-Resolute
|-supereffective|p2a: Keldeo-Resolute
|-damage|p2a: Keldeo-Resolute|0 fnt
|faint|p2a: Keldeo-Resolute
|
|-heal|p1a: murakAMi|272\/351|[from] item: Leftovers
|
|switch|p2a: Gallade|Gallade-Mega, M|188\/277
|-damage|p2a: Gallade|171\/277|[from] Stealth Rock
|turn|25
|
|move|p2a: Gallade|Close Combat|p1a: murakAMi
|-damage|p1a: murakAMi|14\/351
|-unboost|p2a: Gallade|def|1
|-unboost|p2a: Gallade|spd|1
|move|p1a: murakAMi|Scald|p2a: Gallade
|-damage|p2a: Gallade|6\/277
|-status|p2a: Gallade|brn
|
|-heal|p1a: murakAMi|35\/351|[from] item: Leftovers
|-damage|p2a: Gallade|0 fnt|[from] brn
|faint|p2a: Gallade
|
|switch|p2a: Cresselia|Cresselia, F|209\/443
|-damage|p2a: Cresselia|154\/443|[from] Stealth Rock
|turn|26
|
|move|p1a: murakAMi|Tail Glow|p1a: murakAMi
|-boost|p1a: murakAMi|spa|3
|move|p2a: Cresselia|Thunder Wave|p1a: murakAMi
|-status|p1a: murakAMi|par
|
|-heal|p1a: murakAMi|56\/351 par|[from] item: Leftovers
|turn|27
|
|move|p2a: Cresselia|Light Screen|p2a: Cresselia
|-sidestart|p2: MaatMattos|move: Light Screen
|cant|p1a: murakAMi|par
|
|-heal|p1a: murakAMi|77\/351 par|[from] item: Leftovers
|turn|28
|
|move|p2a: Cresselia|Lunar Dance|p2a: Cresselia
|faint|p2a: Cresselia
|cant|p1a: murakAMi|par
|
|-heal|p1a: murakAMi|98\/351 par|[from] item: Leftovers
|c|âgyarad0site|ah
|
|switch|p2a: Manaphy|Manaphy|341\/341
|-heal|p2a: Manaphy|341\/341|[from] move: Lunar Dance
|-damage|p2a: Manaphy|299\/341|[from] Stealth Rock
|turn|29
|c|âgyarad0site|nice triple para . . .
|
|move|p2a: Manaphy|Psychic|p1a: murakAMi
|-damage|p1a: murakAMi|0 fnt
|faint|p1a: murakAMi
|
|-heal|p2a: Manaphy|320\/341|[from] item: Leftovers
|
|switch|p1a: Latios|Latios, M|264\/301
|-damage|p1a: Latios|227\/301|[from] Stealth Rock
|turn|30
|
|move|p1a: Latios|Trick|p2a: Manaphy
|-activate|p1a: Latios|move: Trick|[of] p2a: Manaphy
|-item|p2a: Manaphy|Choice Scarf|[from] move: Trick
|-item|p1a: Latios|Leftovers|[from] move: Trick
|move|p2a: Manaphy|Tail Glow|p2a: Manaphy
|-boost|p2a: Manaphy|spa|3
|
|-heal|p1a: Latios|245\/301|[from] item: Leftovers
|turn|31
|c|âgyarad0site|g g
|-message|MaatMattos forfeited.
|
|win|gyarad0site
|raw|Ladder updating...
|leave|MaatMattos
|player|p2
|raw|gyarad0site's rating: 1546 &rarr; <strong>1559<\/strong><br \/>(+13 for winning)
|raw|MaatMattos's rating: 1420 &rarr; <strong>1407<\/strong><br \/>(-13 for losing)