|join|lil manaphy
|join|MaatMattos
|player|p1|lil manaphy|9
|player|p2|MaatMattos|238
|gametype|singles
|gen|6
|tier|OU
|rated
|clearpoke
|poke|p1|Lopunny, F
|poke|p1|Rotom-Wash
|poke|p1|Celebi
|poke|p1|Heatran, M
|poke|p1|Mandibuzz, F
|poke|p1|Gothitelle, F
|poke|p2|Manaphy
|poke|p2|Cresselia, F
|poke|p2|Landorus-Therian, M
|poke|p2|Ferrothorn, M
|poke|p2|Slowbro, M
|poke|p2|Hawlucha, F
|rule|Swagger Clause: Swagger is banned
|rule|Baton Pass Clause: Limit one PokÃ©mon knowing Baton Pass
|rule|Sleep Clause Mod: Limit one foe put to sleep
|rule|Species Clause: Limit one of each PokÃ©mon
|rule|OHKO Clause: OHKO moves are banned
|rule|Moody Clause: Moody is banned
|rule|Evasion Moves Clause: Evasion moves are banned
|rule|Endless Battle Clause: Forcing endless battles is banned
|rule|HP Percentage Mod: HP is shown in percentages
|teampreview
|
|start
|switch|p1a: Lopunny|Lopunny, F|271\/271
|switch|p2a: Landorus-Therian|Landorus-Therian, M|381\/381
|-ability|p2a: Landorus-Therian|Intimidate|[of] p1a: Lopunny
|-unboost|p1a: Lopunny|atk|1
|turn|1
|
|detailschange|p1a: Lopunny|Lopunny-Mega, F
|-mega|p1a: Lopunny|Lopunny|Lopunnite
|move|p1a: Lopunny|Fake Out|p2a: Landorus-Therian
|-damage|p2a: Landorus-Therian|344\/381
|-damage|p1a: Lopunny|226\/271|[from] item: Rocky Helmet|[of] p2a: Landorus-Therian
|cant|p2a: Landorus-Therian|flinch
|
|turn|2
|
|switch|p1a: Mandibuzz|Mandibuzz, F|381\/381
|move|p2a: Landorus-Therian|Stealth Rock|p1a: Mandibuzz
|-sidestart|p1: lil manaphy|move: Stealth Rock
|
|turn|3
|
|move|p1a: Mandibuzz|Defog|p2a: Landorus-Therian
|-unboost|p2a: Landorus-Therian|evasion|1
|-sideend|p1: lil manaphy|Stealth Rock|[from] move: Defog|[of] p1a: Mandibuzz
|move|p2a: Landorus-Therian|U-turn|p1a: Mandibuzz
|-damage|p1a: Mandibuzz|302\/381
|-damage|p2a: Landorus-Therian|281\/381|[from] item: Rocky Helmet|[of] p1a: Mandibuzz
|
|switch|p2a: Hawlucha|Hawlucha, F|297\/297
|
|turn|4
|
|switch|p1a: Gothitelle|Gothitelle, F|301\/301
|move|p2a: Hawlucha|Substitute|p2a: Hawlucha
|-start|p2a: Hawlucha|Substitute
|-damage|p2a: Hawlucha|223\/297
|
|turn|5
|
|move|p1a: Gothitelle|Psychic|p2a: Hawlucha
|-supereffective|p2a: Hawlucha
|-end|p2a: Hawlucha|Substitute
|move|p2a: Hawlucha|Sky Attack|p1a: Gothitelle|[still]
|-prepare|p2a: Hawlucha|Sky Attack|p1a: Gothitelle
|-enditem|p2a: Hawlucha|Power Herb
|-anim|p2a: Hawlucha|Sky Attack|p1a: Gothitelle
|-damage|p1a: Gothitelle|70\/301
|
|turn|6
|join|m00n's blanket
|
|switch|p1a: Rotom-Wash|Rotom-Wash|303\/303
|move|p2a: Hawlucha|High Jump Kick|p1a: Rotom-Wash
|-damage|p1a: Rotom-Wash|149\/303
|
|-heal|p1a: Rotom-Wash|167\/303|[from] item: Leftovers
|turn|7
|
|move|p2a: Hawlucha|High Jump Kick|p1a: Rotom-Wash
|-damage|p1a: Rotom-Wash|34\/303
|move|p1a: Rotom-Wash|Volt Switch|p2a: Hawlucha
|-supereffective|p2a: Hawlucha
|-damage|p2a: Hawlucha|0 fnt
|faint|p2a: Hawlucha
|leave|m00n's blanket
|
|switch|p1a: Mandibuzz|Mandibuzz, F|302\/381
|
|
|switch|p2a: Manaphy|Manaphy|373\/373
|turn|8
|
|switch|p1a: Gothitelle|Gothitelle, F|70\/301
|move|p2a: Manaphy|Tail Glow|p2a: Manaphy
|-boost|p2a: Manaphy|spa|3
|
|turn|9
|
|move|p1a: Gothitelle|Trick|p2a: Manaphy
|-activate|p1a: Gothitelle|move: Trick|[of] p2a: Manaphy
|-item|p2a: Manaphy|Choice Scarf|[from] move: Trick
|-item|p1a: Gothitelle|Leftovers|[from] move: Trick
|move|p2a: Manaphy|Scald|p1a: Gothitelle
|-damage|p1a: Gothitelle|0 fnt
|faint|p1a: Gothitelle
|
|
|switch|p1a: Celebi|Celebi|404\/404
|turn|10
|
|move|p2a: Manaphy|Scald|p1a: Celebi
|-resisted|p1a: Celebi
|-damage|p1a: Celebi|278\/404
|move|p1a: Celebi|Giga Drain|p2a: Manaphy
|-supereffective|p2a: Manaphy
|-damage|p2a: Manaphy|197\/373
|-heal|p1a: Celebi|366\/404|[from] drain|[of] p2a: Manaphy
|
|-heal|p1a: Celebi|391\/404|[from] item: Leftovers
|turn|11
|
|move|p2a: Manaphy|Scald|p1a: Celebi
|-resisted|p1a: Celebi
|-damage|p1a: Celebi|278\/404
|move|p1a: Celebi|Giga Drain|p2a: Manaphy
|-supereffective|p2a: Manaphy
|-damage|p2a: Manaphy|33\/373
|-heal|p1a: Celebi|360\/404|[from] drain|[of] p2a: Manaphy
|
|-heal|p1a: Celebi|385\/404|[from] item: Leftovers
|turn|12
|
|switch|p2a: Ferrothorn|Ferrothorn, M|351\/351
|move|p1a: Celebi|Baton Pass|p1a: Celebi
|
|switch|p1a: Penny traiton|Heatran, M|383\/383
|
|turn|13
|
|switch|p2a: Manaphy|Manaphy|33\/373
|move|p1a: Penny traiton|Lava Plume|p2a: Manaphy
|-crit|p2a: Manaphy
|-resisted|p2a: Manaphy
|-damage|p2a: Manaphy|0 fnt
|faint|p2a: Manaphy
|
|
|switch|p2a: Slowbro|Slowbro, M|393\/393
|turn|14
|
|move|p1a: Penny traiton|Toxic|p2a: Slowbro
|-status|p2a: Slowbro|tox
|move|p2a: Slowbro|Calm Mind|p2a: Slowbro
|-boost|p2a: Slowbro|spa|1
|-boost|p2a: Slowbro|spd|1
|
|-damage|p2a: Slowbro|369\/393 tox|[from] psn
|turn|15
|
|detailschange|p2a: Slowbro|Slowbro-Mega, M
|-mega|p2a: Slowbro|Slowbro|Slowbronite
|move|p1a: Penny traiton|Stealth Rock|p2a: Slowbro
|-sidestart|p2: MaatMattos|move: Stealth Rock
|move|p2a: Slowbro|Calm Mind|p2a: Slowbro
|-boost|p2a: Slowbro|spa|1
|-boost|p2a: Slowbro|spd|1
|
|-damage|p2a: Slowbro|321\/393 tox|[from] psn
|turn|16
|
|switch|p1a: Celebi|Celebi|385\/404
|move|p2a: Slowbro|Scald|p1a: Celebi
|-resisted|p1a: Celebi
|-damage|p1a: Celebi|305\/404
|
|-heal|p1a: Celebi|330\/404|[from] item: Leftovers
|-damage|p2a: Slowbro|249\/393 tox|[from] psn
|turn|17
|
|move|p1a: Celebi|Perish Song|p1a: Celebi
|-fieldactivate|move: Perish Song
|move|p2a: Slowbro|Rest|p2a: Slowbro
|-status|p2a: Slowbro|slp
|-heal|p2a: Slowbro|393\/393 slp|[silent]
|-status|p2a: Slowbro|slp|[from] move: Rest
|
|-start|p1a: Celebi|perish3
|-start|p2a: Slowbro|perish3
|-heal|p1a: Celebi|355\/404|[from] item: Leftovers
|turn|18
|-message|MaatMattos forfeited.
|leave|MaatMattos
|
|win|lil manaphy
|raw|Ladder updating...
|player|p2
|raw|lil manaphy's rating: 1767 &rarr; <strong>1779<\/strong><br \/>(+12 for winning)
|raw|MaatMattos's rating: 1617 &rarr; <strong>1605<\/strong><br \/>(-12 for losing)