|join|MaatMattos
|join|lil manaphy
|player|p1|MaatMattos|238
|player|p2|lil manaphy|272
|gametype|singles
|gen|6
|tier|OU
|rated
|clearpoke
|poke|p1|Manaphy
|poke|p1|Cresselia, F
|poke|p1|Landorus-Therian, M
|poke|p1|Ferrothorn, F
|poke|p1|Slowbro, M
|poke|p1|Bisharp, F
|poke|p2|Lopunny, F
|poke|p2|Manaphy
|poke|p2|Scizor, F
|poke|p2|Celebi
|poke|p2|Heatran, M
|poke|p2|Mandibuzz, F
|rule|Swagger Clause: Swagger is banned
|rule|Baton Pass Clause: Limit one PokÃ©mon knowing Baton Pass
|rule|Sleep Clause Mod: Limit one foe put to sleep
|rule|Species Clause: Limit one of each PokÃ©mon
|rule|OHKO Clause: OHKO moves are banned
|rule|Moody Clause: Moody is banned
|rule|Evasion Moves Clause: Evasion moves are banned
|rule|Endless Battle Clause: Forcing endless battles is banned
|rule|HP Percentage Mod: HP is shown in percentages
|teampreview
|
|start
|switch|p1a: Landorus-Therian|Landorus-Therian, M|381\/381
|switch|p2a: Heatran|Heatran, M|386\/386
|-ability|p1a: Landorus-Therian|Intimidate|[of] p2a: Heatran
|-unboost|p2a: Heatran|atk|1
|turn|1
|
|switch|p2a: Mandibuzz|Mandibuzz, F|423\/423
|move|p1a: Landorus-Therian|Earthquake|p2a: Mandibuzz
|-immune|p2a: Mandibuzz|[msg]
|
|turn|2
|
|switch|p1a: Manaphy|Manaphy|373\/373
|move|p2a: Mandibuzz|Foul Play|p1a: Manaphy
|-damage|p1a: Manaphy|277\/373
|
|-heal|p1a: Manaphy|300\/373|[from] item: Leftovers
|turn|3
|
|switch|p1a: Bisharp|Bisharp, F|333\/333
|switch|p2a: Celebi|Celebi|404\/404
|
|turn|4
|
|move|p2a: Celebi|Baton Pass|p2a: Celebi
|
|switch|p2a: Mandibuzz|Mandibuzz, F|423\/423
|move|p1a: Bisharp|Swords Dance|p1a: Bisharp
|-boost|p1a: Bisharp|atk|2
|
|turn|5
|
|move|p2a: Mandibuzz|Foul Play|p1a: Bisharp
|-resisted|p1a: Bisharp
|-damage|p1a: Bisharp|152\/333
|move|p1a: Bisharp|Swords Dance|p1a: Bisharp
|-boost|p1a: Bisharp|atk|2
|
|turn|6
|
|move|p2a: Mandibuzz|Foul Play|p1a: Bisharp
|-resisted|p1a: Bisharp
|-damage|p1a: Bisharp|0 fnt
|faint|p1a: Bisharp
|
|c|âMaatMattos|lopl
|c|âMaatMattos|i must be drunk
|
|switch|p1a: Manaphy|Manaphy|300\/373
|turn|7
|
|switch|p1a: Landorus-Therian|Landorus-Therian, M|381\/381
|-ability|p1a: Landorus-Therian|Intimidate|[of] p2a: Mandibuzz
|-unboost|p2a: Mandibuzz|atk|1
|switch|p2a: Celebi|Celebi|404\/404
|
|turn|8
|
|switch|p2a: Mandibuzz|Mandibuzz, F|423\/423
|move|p1a: Landorus-Therian|Stealth Rock|p2a: Mandibuzz
|-sidestart|p2: lil manaphy|move: Stealth Rock
|
|turn|9
|
|move|p1a: Landorus-Therian|U-turn|p2a: Mandibuzz
|-damage|p2a: Mandibuzz|373\/423
|-damage|p1a: Landorus-Therian|318\/381|[from] item: Rocky Helmet|[of] p2a: Mandibuzz
|
|switch|p1a: Manaphy|Manaphy|300\/373
|move|p2a: Mandibuzz|Defog|p1a: Manaphy
|-unboost|p1a: Manaphy|evasion|1
|-sideend|p2: lil manaphy|Stealth Rock|[from] move: Defog|[of] p2a: Mandibuzz
|
|-heal|p1a: Manaphy|323\/373|[from] item: Leftovers
|turn|10
|
|switch|p2a: Celebi|Celebi|404\/404
|move|p1a: Manaphy|Tail Glow|p1a: Manaphy
|-boost|p1a: Manaphy|spa|3
|
|-heal|p1a: Manaphy|346\/373|[from] item: Leftovers
|turn|11
|c|âMaatMattos|oh
|c|âMaatMattos|you're using manaphy now too
|c|âMaatMattos|:D
|
|move|p1a: Manaphy|Tail Glow|p1a: Manaphy
|-boost|p1a: Manaphy|spa|3
|move|p2a: Celebi|Giga Drain|p1a: Manaphy
|-supereffective|p1a: Manaphy
|-damage|p1a: Manaphy|170\/373
|
|-heal|p1a: Manaphy|193\/373|[from] item: Leftovers
|turn|12
|
|move|p1a: Manaphy|Scald|p2a: Celebi
|-crit|p2a: Celebi
|-resisted|p2a: Celebi
|-damage|p2a: Celebi|116\/404
|move|p2a: Celebi|Giga Drain|p1a: Manaphy
|-supereffective|p1a: Manaphy
|-damage|p1a: Manaphy|29\/373
|-heal|p2a: Celebi|198\/404|[from] drain|[of] p1a: Manaphy
|
|-heal|p1a: Manaphy|52\/373|[from] item: Leftovers
|-heal|p2a: Celebi|223\/404|[from] item: Leftovers
|turn|13
|
|move|p1a: Manaphy|Scald|p2a: Celebi
|-resisted|p2a: Celebi
|-damage|p2a: Celebi|22\/404
|move|p2a: Celebi|Giga Drain|p1a: Manaphy
|-supereffective|p1a: Manaphy
|-damage|p1a: Manaphy|0 fnt
|-heal|p2a: Celebi|48\/404|[from] drain|[of] p1a: Manaphy
|faint|p1a: Manaphy
|
|-heal|p2a: Celebi|73\/404|[from] item: Leftovers
|
|switch|p1a: Landorus-Therian|Landorus-Therian, M|318\/381
|-ability|p1a: Landorus-Therian|Intimidate|[of] p2a: Celebi
|-unboost|p2a: Celebi|atk|1
|turn|14
|
|switch|p2a: Mandibuzz|Mandibuzz, F|373\/423
|move|p1a: Landorus-Therian|U-turn|p2a: Mandibuzz
|-damage|p2a: Mandibuzz|323\/423
|-damage|p1a: Landorus-Therian|255\/381|[from] item: Rocky Helmet|[of] p2a: Mandibuzz
|
|switch|p1a: Slowbro|Slowbro, M|393\/393
|
|turn|15
|
|switch|p2a: Heatran|Heatran, M|386\/386
|detailschange|p1a: Slowbro|Slowbro-Mega, M
|-mega|p1a: Slowbro|Slowbro|Slowbronite
|move|p1a: Slowbro|Calm Mind|p1a: Slowbro
|-boost|p1a: Slowbro|spa|1
|-boost|p1a: Slowbro|spd|1
|
|turn|16
|
|move|p2a: Heatran|Toxic|p1a: Slowbro
|-status|p1a: Slowbro|tox
|move|p1a: Slowbro|Calm Mind|p1a: Slowbro
|-boost|p1a: Slowbro|spa|1
|-boost|p1a: Slowbro|spd|1
|
|-damage|p1a: Slowbro|369\/393 tox|[from] psn
|turn|17
|
|move|p2a: Heatran|Stealth Rock|p1a: Slowbro
|-sidestart|p1: MaatMattos|move: Stealth Rock
|move|p1a: Slowbro|Scald|p2a: Heatran
|-supereffective|p2a: Heatran
|-damage|p2a: Heatran|62\/386
|
|-heal|p2a: Heatran|86\/386|[from] item: Leftovers
|-damage|p1a: Slowbro|321\/393 tox|[from] psn
|turn|18
|
|move|p2a: Heatran|Protect|p2a: Heatran
|-singleturn|p2a: Heatran|Protect
|move|p1a: Slowbro|Scald|p2a: Heatran
|-activate|p2a: Heatran|Protect
|
|-heal|p2a: Heatran|110\/386|[from] item: Leftovers
|-damage|p1a: Slowbro|249\/393 tox|[from] psn
|turn|19
|
|switch|p2a: Scizor|Scizor, F|343\/343
|move|p1a: Slowbro|Scald|p2a: Scizor
|-damage|p2a: Scizor|54\/343
|-status|p2a: Scizor|brn
|
|-damage|p2a: Scizor|12\/343 brn|[from] brn
|-damage|p1a: Slowbro|153\/393 tox|[from] psn
|turn|20
|
|move|p2a: Scizor|Pursuit|p1a: Slowbro
|-supereffective|p1a: Slowbro
|-damage|p1a: Slowbro|95\/393 tox
|move|p1a: Slowbro|Rest|p1a: Slowbro
|-status|p1a: Slowbro|slp
|-heal|p1a: Slowbro|393\/393 slp|[silent]
|-status|p1a: Slowbro|slp|[from] move: Rest
|
|-damage|p2a: Scizor|0 fnt|[from] brn
|faint|p2a: Scizor
|
|switch|p2a: Celebi|Celebi|73\/404
|turn|21
|
|move|p2a: Celebi|Recover|p2a: Celebi
|-heal|p2a: Celebi|275\/404
|cant|p1a: Slowbro|slp
|move|p1a: Slowbro|Sleep Talk|p1a: Slowbro
|move|p1a: Slowbro|Scald|p2a: Celebi|[from]Sleep Talk
|-resisted|p2a: Celebi
|-damage|p2a: Celebi|186\/404
|
|-heal|p2a: Celebi|211\/404|[from] item: Leftovers
|turn|22
|join|newgenous
|
|move|p2a: Celebi|Recover|p2a: Celebi
|-heal|p2a: Celebi|404\/404
|cant|p1a: Slowbro|slp
|move|p1a: Slowbro|Sleep Talk|p1a: Slowbro
|move|p1a: Slowbro|Calm Mind|p1a: Slowbro|[from]Sleep Talk
|-boost|p1a: Slowbro|spa|1
|-boost|p1a: Slowbro|spd|1
|
|turn|23
|
|move|p2a: Celebi|Perish Song|p2a: Celebi
|-fieldactivate|move: Perish Song
|-curestatus|p1a: Slowbro|slp
|move|p1a: Slowbro|Calm Mind|p1a: Slowbro
|-boost|p1a: Slowbro|spa|1
|-boost|p1a: Slowbro|spd|1
|
|-start|p2a: Celebi|perish3
|-start|p1a: Slowbro|perish3
|turn|24
|
|move|p2a: Celebi|Giga Drain|p1a: Slowbro
|-supereffective|p1a: Slowbro
|-damage|p1a: Slowbro|315\/393
|move|p1a: Slowbro|Scald|p2a: Celebi
|-resisted|p2a: Celebi
|-damage|p2a: Celebi|277\/404
|
|-start|p2a: Celebi|perish2
|-start|p1a: Slowbro|perish2
|-heal|p2a: Celebi|302\/404|[from] item: Leftovers
|turn|25
|
|move|p2a: Celebi|Recover|p2a: Celebi
|-heal|p2a: Celebi|404\/404
|move|p1a: Slowbro|Scald|p2a: Celebi
|-resisted|p2a: Celebi
|-damage|p2a: Celebi|277\/404
|
|-start|p2a: Celebi|perish1
|-start|p1a: Slowbro|perish1
|-heal|p2a: Celebi|302\/404|[from] item: Leftovers
|turn|26
|
|switch|p2a: Mandibuzz|Mandibuzz, F|323\/423
|switch|p1a: Cresselia|Cresselia, F|443\/443
|-damage|p1a: Cresselia|388\/443|[from] Stealth Rock
|
|turn|27
|
|move|p1a: Cresselia|Thunder Wave|p2a: Mandibuzz
|-status|p2a: Mandibuzz|par
|move|p2a: Mandibuzz|Taunt|p1a: Cresselia
|-start|p1a: Cresselia|move: Taunt
|
|turn|28
|
|switch|p1a: Landorus-Therian|Landorus-Therian, M|255\/381
|-damage|p1a: Landorus-Therian|208\/381|[from] Stealth Rock
|-ability|p1a: Landorus-Therian|Intimidate|[of] p2a: Mandibuzz
|-unboost|p2a: Mandibuzz|atk|1
|cant|p2a: Mandibuzz|par
|
|turn|29
|join|ltoi6
|
|move|p1a: Landorus-Therian|Stealth Rock|p2a: Mandibuzz
|-sidestart|p2: lil manaphy|move: Stealth Rock
|move|p2a: Mandibuzz|Foul Play|p1a: Landorus-Therian
|-damage|p1a: Landorus-Therian|84\/381
|-damage|p2a: Mandibuzz|253\/423 par|[from] item: Rocky Helmet|[of] p1a: Landorus-Therian
|
|turn|30
|
|move|p1a: Landorus-Therian|Explosion|p2a: Mandibuzz
|-damage|p2a: Mandibuzz|65\/423 par
|faint|p1a: Landorus-Therian
|move|p2a: Mandibuzz|Roost|p2a: Mandibuzz
|-heal|p2a: Mandibuzz|277\/423 par
|
|-message|MaatMattos forfeited.
|
|switch|p1a: Ferrothorn|Ferrothorn, F|351\/351
|-damage|p1a: Ferrothorn|330\/351|[from] Stealth Rock
|turn|31
|leave|MaatMattos
|
|win|lil manaphy
|raw|Ladder updating...
|player|p1