|join|MaatMattos
|join|hwade495
|player|p1|MaatMattos|101
|player|p2|hwade495|290
|gametype|singles
|gen|6
|tier|OU (suspect test)
|rated
|clearpoke
|poke|p1|Manaphy
|poke|p1|Cresselia, F
|poke|p1|Landorus-Therian, M
|poke|p1|Ferrothorn, F
|poke|p1|Kyurem-Black
|poke|p1|Slowbro, M
|poke|p2|Conkeldurr, F
|poke|p2|Diancie
|poke|p2|Magnezone
|poke|p2|Rotom-Wash
|poke|p2|Landorus-Therian, M
|poke|p2|Latias, F
|rule|Swagger Clause: Swagger is banned
|rule|Baton Pass Clause: Limit one PokÃ©mon knowing Baton Pass
|rule|Sleep Clause Mod: Limit one foe put to sleep
|rule|Species Clause: Limit one of each PokÃ©mon
|rule|OHKO Clause: OHKO moves are banned
|rule|Moody Clause: Moody is banned
|rule|Evasion Moves Clause: Evasion moves are banned
|rule|Endless Battle Clause: Forcing endless battles is banned
|rule|HP Percentage Mod: HP is shown in percentages
|teampreview
|
|start
|switch|p1a: Kyurem-Black|Kyurem-Black|453\/453
|switch|p2a: Conkeldurr|Conkeldurr, F|414\/414
|-ability|p1a: Kyurem-Black|Teravolt
|turn|1
|
|switch|p1a: Landorus-Therian|Landorus-Therian, M|381\/381
|-ability|p1a: Landorus-Therian|Intimidate|[of] p2a: Conkeldurr
|-unboost|p2a: Conkeldurr|atk|1
|move|p2a: Conkeldurr|Knock Off|p1a: Landorus-Therian
|-damage|p1a: Landorus-Therian|311\/381
|-damage|p2a: Conkeldurr|345\/414|[from] item: Rocky Helmet|[of] p1a: Landorus-Therian
|-enditem|p1a: Landorus-Therian|Rocky Helmet|[from] move: Knock Off|[of] p2a: Conkeldurr
|
|turn|2
|
|move|p1a: Landorus-Therian|Stealth Rock|p2a: Conkeldurr
|-sidestart|p2: hwade495|move: Stealth Rock
|move|p2a: Conkeldurr|Ice Punch|p1a: Landorus-Therian
|-supereffective|p1a: Landorus-Therian
|-damage|p1a: Landorus-Therian|95\/381
|-status|p1a: Landorus-Therian|frz
|
|turn|3
|c|âMaatMattos|great
|c|âhwade495|srry
|
|-curestatus|p1a: Landorus-Therian|frz
|move|p1a: Landorus-Therian|Explosion|p2a: Conkeldurr
|-damage|p2a: Conkeldurr|65\/414
|faint|p1a: Landorus-Therian
|move|p2a: Conkeldurr|Ice Punch|p1: Landorus-Therian|[notarget]
|-notarget
|
|c|âMaatMattos|its not like i had a killer last minute recurse or something
|c|âMaatMattos|oh there it is
|c|âhwade495|not srry now
|c|âhwade495|lol
|
|switch|p1a: Slowbro|Slowbro, M|393\/393
|turn|4
|
|switch|p2a: Rotom-Wash|Rotom-Wash|304\/304
|-damage|p2a: Rotom-Wash|266\/304|[from] Stealth Rock
|detailschange|p1a: Slowbro|Slowbro-Mega, M
|-mega|p1a: Slowbro|Slowbro|Slowbronite
|move|p1a: Slowbro|Calm Mind|p1a: Slowbro
|-boost|p1a: Slowbro|spa|1
|-boost|p1a: Slowbro|spd|1
|
|-heal|p2a: Rotom-Wash|285\/304|[from] item: Leftovers
|turn|5
|
|move|p2a: Rotom-Wash|Will-O-Wisp|p1a: Slowbro
|-status|p1a: Slowbro|brn
|move|p1a: Slowbro|Calm Mind|p1a: Slowbro
|-boost|p1a: Slowbro|spa|1
|-boost|p1a: Slowbro|spd|1
|
|-heal|p2a: Rotom-Wash|304\/304|[from] item: Leftovers
|-damage|p1a: Slowbro|344\/393 brn|[from] brn
|turn|6
|
|move|p2a: Rotom-Wash|Volt Switch|p1a: Slowbro
|-supereffective|p1a: Slowbro
|-damage|p1a: Slowbro|236\/393 brn
|
|switch|p2a: Magnezone|Magnezone|282\/282
|-damage|p2a: Magnezone|265\/282|[from] Stealth Rock
|move|p1a: Slowbro|Calm Mind|p1a: Slowbro
|-boost|p1a: Slowbro|spa|1
|-boost|p1a: Slowbro|spd|1
|
|-damage|p1a: Slowbro|187\/393 brn|[from] brn
|turn|7
|
|move|p2a: Magnezone|Thunderbolt|p1a: Slowbro
|-supereffective|p1a: Slowbro
|-damage|p1a: Slowbro|19\/393 brn
|move|p1a: Slowbro|Rest|p1a: Slowbro
|-status|p1a: Slowbro|slp
|-heal|p1a: Slowbro|393\/393 slp|[silent]
|-status|p1a: Slowbro|slp|[from] move: Rest
|
|turn|8
|c|âMaatMattos|yes
|c|âhwade495|so close
|c|âMaatMattos|you may forfeit
|
|move|p2a: Magnezone|Thunderbolt|p1a: Slowbro
|-supereffective|p1a: Slowbro
|-damage|p1a: Slowbro|231\/393 slp
|cant|p1a: Slowbro|slp
|move|p1a: Slowbro|Sleep Talk|p1a: Slowbro
|move|p1a: Slowbro|Calm Mind|p1a: Slowbro|[from]Sleep Talk
|-boost|p1a: Slowbro|spa|1
|-boost|p1a: Slowbro|spd|1
|
|turn|9
|
|move|p2a: Magnezone|Thunderbolt|p1a: Slowbro
|-supereffective|p1a: Slowbro
|-damage|p1a: Slowbro|105\/393 slp
|cant|p1a: Slowbro|slp
|move|p1a: Slowbro|Sleep Talk|p1a: Slowbro
|move|p1a: Slowbro|Rest|p1a: Slowbro|[from]Sleep Talk
|-fail|p1a: Slowbro
|
|turn|10
|c|âMaatMattos|awww
|c|âMaatMattos|;p
|c|âMaatMattos|both scald or calm mind would had it
|c|âhwade495|never give up
|
|switch|p1a: Cresselia|Cresselia, F|443\/443
|move|p2a: Magnezone|Thunderbolt|p1a: Cresselia
|-damage|p1a: Cresselia|338\/443
|
|turn|11
|c|âhwade495|yeah
|
|switch|p2a: Conkeldurr|Conkeldurr, F|65\/414
|-damage|p2a: Conkeldurr|40\/414|[from] Stealth Rock
|move|p1a: Cresselia|Reflect|p1a: Cresselia
|-sidestart|p1: MaatMattos|Reflect
|
|turn|12
|
|move|p1a: Cresselia|Light Screen|p1a: Cresselia
|-sidestart|p1: MaatMattos|move: Light Screen
|move|p2a: Conkeldurr|Knock Off|p1a: Cresselia
|-supereffective|p1a: Cresselia
|-damage|p1a: Cresselia|231\/443
|-enditem|p1a: Cresselia|Light Clay|[from] move: Knock Off|[of] p2a: Conkeldurr
|
|turn|13
|
|move|p1a: Cresselia|Lunar Dance|p1a: Cresselia
|faint|p1a: Cresselia
|move|p2a: Conkeldurr|Knock Off|p1: Cresselia|[notarget]
|-notarget
|
|
|switch|p1a: Slowbro|Slowbro-Mega, M|105\/393 slp
|-heal|p1a: Slowbro|393\/393|[from] move: Lunar Dance
|turn|14
|
|switch|p2a: Magnezone|Magnezone|265\/282
|-damage|p2a: Magnezone|248\/282|[from] Stealth Rock
|move|p1a: Slowbro|Calm Mind|p1a: Slowbro
|-boost|p1a: Slowbro|spa|1
|-boost|p1a: Slowbro|spd|1
|
|turn|15
|
|move|p2a: Magnezone|Thunderbolt|p1a: Slowbro
|-supereffective|p1a: Slowbro
|-damage|p1a: Slowbro|269\/393
|move|p1a: Slowbro|Calm Mind|p1a: Slowbro
|-boost|p1a: Slowbro|spa|1
|-boost|p1a: Slowbro|spd|1
|
|turn|16
|
|move|p2a: Magnezone|Thunderbolt|p1a: Slowbro
|-supereffective|p1a: Slowbro
|-damage|p1a: Slowbro|173\/393
|move|p1a: Slowbro|Calm Mind|p1a: Slowbro
|-boost|p1a: Slowbro|spa|1
|-boost|p1a: Slowbro|spd|1
|
|turn|17
|
|switch|p2a: Latias|Latias, F|319\/319
|-damage|p2a: Latias|280\/319|[from] Stealth Rock
|move|p1a: Slowbro|Rest|p1a: Slowbro
|-status|p1a: Slowbro|slp
|-heal|p1a: Slowbro|393\/393 slp|[silent]
|-status|p1a: Slowbro|slp|[from] move: Rest
|
|-heal|p2a: Latias|299\/319|[from] item: Leftovers
|turn|18
|
|move|p2a: Latias|Calm Mind|p2a: Latias
|-boost|p2a: Latias|spa|1
|-boost|p2a: Latias|spd|1
|cant|p1a: Slowbro|slp
|move|p1a: Slowbro|Sleep Talk|p1a: Slowbro
|move|p1a: Slowbro|Calm Mind|p1a: Slowbro|[from]Sleep Talk
|-boost|p1a: Slowbro|spa|1
|-boost|p1a: Slowbro|spd|1
|
|-heal|p2a: Latias|318\/319|[from] item: Leftovers
|-sideend|p1: MaatMattos|Reflect
|turn|19
|
|move|p2a: Latias|Calm Mind|p2a: Latias
|-boost|p2a: Latias|spa|1
|-boost|p2a: Latias|spd|1
|cant|p1a: Slowbro|slp
|move|p1a: Slowbro|Sleep Talk|p1a: Slowbro
|move|p1a: Slowbro|Calm Mind|p1a: Slowbro|[from]Sleep Talk
|-boost|p1a: Slowbro|spa|1
|-boost|p1a: Slowbro|spd|1
|
|-heal|p2a: Latias|319\/319|[from] item: Leftovers
|-sideend|p1: MaatMattos|move: Light Screen
|turn|20
|
|move|p2a: Latias|Calm Mind|p2a: Latias
|-boost|p2a: Latias|spa|1
|-boost|p2a: Latias|spd|1
|-curestatus|p1a: Slowbro|slp
|move|p1a: Slowbro|Scald|p2a: Latias
|-resisted|p2a: Latias
|-damage|p2a: Latias|259\/319
|
|-heal|p2a: Latias|278\/319|[from] item: Leftovers
|turn|21
|
|move|p2a: Latias|Calm Mind|p2a: Latias
|-boost|p2a: Latias|spa|1
|-boost|p2a: Latias|spd|1
|move|p1a: Slowbro|Scald|p2a: Latias
|-resisted|p2a: Latias
|-damage|p2a: Latias|227\/319
|
|-heal|p2a: Latias|246\/319|[from] item: Leftovers
|turn|22
|
|move|p2a: Latias|Dragon Pulse|p1a: Slowbro
|-damage|p1a: Slowbro|282\/393
|move|p1a: Slowbro|Scald|p2a: Latias
|-crit|p2a: Latias
|-resisted|p2a: Latias
|-damage|p2a: Latias|43\/319
|
|-heal|p2a: Latias|62\/319|[from] item: Leftovers
|turn|23
|
|move|p2a: Latias|Roost|p2a: Latias
|-heal|p2a: Latias|222\/319
|move|p1a: Slowbro|Scald|p2a: Latias
|-resisted|p2a: Latias
|-damage|p2a: Latias|171\/319
|
|-heal|p2a: Latias|190\/319|[from] item: Leftovers
|turn|24
|
|move|p2a: Latias|Roost|p2a: Latias
|-heal|p2a: Latias|319\/319
|move|p1a: Slowbro|Scald|p2a: Latias
|-resisted|p2a: Latias
|-damage|p2a: Latias|267\/319
|
|-heal|p2a: Latias|286\/319|[from] item: Leftovers
|turn|25
|c|âMaatMattos|i didnt even want a burn tbh
|
|move|p2a: Latias|Calm Mind|p2a: Latias
|-boost|p2a: Latias|spa|1
|-boost|p2a: Latias|spd|1
|move|p1a: Slowbro|Scald|p2a: Latias
|-resisted|p2a: Latias
|-damage|p2a: Latias|248\/319
|
|-heal|p2a: Latias|267\/319|[from] item: Leftovers
|turn|26
|c|âMaatMattos|juuuuuuuuuust scalding.
|
|move|p2a: Latias|Calm Mind|p2a: Latias
|-boost|p2a: Latias|spa|1
|-boost|p2a: Latias|spd|1
|move|p1a: Slowbro|Scald|p2a: Latias
|-resisted|p2a: Latias
|-damage|p2a: Latias|234\/319
|
|-heal|p2a: Latias|253\/319|[from] item: Leftovers
|turn|27
|c|âhwade495|no burn nice
|
|move|p2a: Latias|Dragon Pulse|p1a: Slowbro
|-damage|p1a: Slowbro|123\/393
|move|p1a: Slowbro|Scald|p2a: Latias
|-resisted|p2a: Latias
|-damage|p2a: Latias|215\/319
|
|-heal|p2a: Latias|234\/319|[from] item: Leftovers
|turn|28
|-message|MaatMattos forfeited.
|leave|MaatMattos
|
|win|hwade495
|raw|Ladder updating...
|player|p1
|raw|MaatMattos's rating: 1305 &rarr; <strong>1290<\/strong><br \/>(-15 for losing)
|raw|hwade495's rating: 1380 &rarr; <strong>1396<\/strong><br \/>(+16 for winning)