|join|Ox the Fox
|join|iplaytennislol
|player|p1|Ox the Fox|201
|player|p2|iplaytennislol|175
|gametype|singles
|gen|6
|tier|OU
|rated
|clearpoke
|poke|p1|Azelf
|poke|p1|Breloom, M
|poke|p1|Azumarill, M
|poke|p1|Lopunny, M
|poke|p1|Raikou
|poke|p1|Keldeo
|poke|p2|Excadrill, M
|poke|p2|Azelf
|poke|p2|Pinsir, M
|poke|p2|Thundurus, M
|poke|p2|Keldeo
|poke|p2|Kyurem-Black
|rule|Swagger Clause: Swagger is banned
|rule|Baton Pass Clause: Limit one PokÃ©mon knowing Baton Pass
|rule|Sleep Clause Mod: Limit one foe put to sleep
|rule|Species Clause: Limit one of each PokÃ©mon
|rule|OHKO Clause: OHKO moves are banned
|rule|Moody Clause: Moody is banned
|rule|Evasion Moves Clause: Evasion moves are banned
|rule|Endless Battle Clause: Forcing endless battles is banned
|rule|HP Percentage Mod: HP is shown in percentages
|teampreview
|join|PeinMan
|c|âiplaytennislol|!
|c|âOx the Fox|forf?
|join|Doomed Hi
|c|âOx the Fox|:D
|c|âiplaytennislol|play it out!
|c| Doomed Hi|goodluck ox the fox
|
|start
|switch|p1a: Lead|Azelf|354\/354
|switch|p2a: Azelf|Azelf|291\/291
|turn|1
|c|âOx the Fox|aight
|c|âOx the Fox|this will determine #1
|join|Cosine180
|join|test4999
|join|Mr. GEEGEE
|c| Doomed Hi|you got this ox
|c| Doomed Hi|!!!!
|c|âOx the Fox|sry i like the red timer text
|
|move|p2a: Azelf|Taunt|p1a: Lead
|-start|p1a: Lead|move: Taunt
|cant|p1a: Lead|move: Taunt|Taunt
|
|turn|2
|
|switch|p1a: I MISS DIGGERS|Breloom, M|261\/261
|move|p2a: Azelf|Stealth Rock|p1a: I MISS DIGGERS
|-sidestart|p1: Ox the Fox|move: Stealth Rock
|
|turn|3
|c| Mr. GEEGEE|hi cosine
|c| Cosine180|go iplaytennislol!
|c| Mr. GEEGEE|i stalk you
|c| Mr. GEEGEE|D:D:D:D:
|join|I Iike Squirtles
|
|move|p2a: Azelf|Explosion|p1a: I MISS DIGGERS
|-enditem|p1a: I MISS DIGGERS|Focus Sash
|-damage|p1a: I MISS DIGGERS|1\/261
|faint|p2a: Azelf
|move|p1a: I MISS DIGGERS|Swords Dance|p1a: I MISS DIGGERS
|-boost|p1a: I MISS DIGGERS|atk|2
|
|join|Dark_380
|c| Mr. GEEGEE|keeeeek
|
|switch|p2a: Pinsir|Pinsir, M|271\/271
|turn|4
|c|âOx the Fox|stfu cosine
|join|Leafstorm121
|
|detailschange|p2a: Pinsir|Pinsir-Mega, M
|message|Pinsir has Mega Evolved into Mega Pinsir!
|move|p2a: Pinsir|Quick Attack|p1a: I MISS DIGGERS
|-supereffective|p1a: I MISS DIGGERS
|-damage|p1a: I MISS DIGGERS|0 fnt
|faint|p1a: I MISS DIGGERS
|
|c| Cosine180|:]
|join|Sephiroth VII
|
|switch|p1a: Lead|Azelf|354\/354
|-damage|p1a: Lead|310\/354|[from] Stealth Rock
|turn|5
|join|herberthuber
|c| Cosine180|sd here
|
|move|p1a: Lead|Reflect|p1a: Lead
|-sidestart|p1: Ox the Fox|Reflect
|move|p2a: Pinsir|Frustration|p1a: Lead
|-damage|p1a: Lead|127\/354
|
|turn|6
|c|âOx the Fox|pins + ground type is annoying
|c| Cosine180|get off damage on raikou
|c| Cosine180|and win with thundy
|
|move|p1a: Lead|Taunt|p2a: Pinsir
|-start|p2a: Pinsir|move: Taunt
|cant|p2a: Pinsir|move: Taunt|Swords Dance
|
|turn|7
|join|Gizmoâ
|
|move|p1a: Lead|Stealth Rock|p2a: Pinsir
|-sidestart|p2: iplaytennislol|move: Stealth Rock
|move|p2a: Pinsir|Frustration|p1a: Lead
|-damage|p1a: Lead|0 fnt
|faint|p1a: Lead
|
|
|switch|p1a: Standard Pivot|Raikou|321\/321
|-damage|p1a: Standard Pivot|281\/321|[from] Stealth Rock
|-ability|p1a: Standard Pivot|Pressure
|turn|8
|c| Cosine180|playmaker
|c| Gizmoâ|tennis
|c| Cosine180|.
|
|switch|p1a: Bunny 2|Lopunny, M|271\/271
|-damage|p1a: Bunny 2|238\/271|[from] Stealth Rock
|switch|p2a: Excadrill|Excadrill, M|362\/362
|-damage|p2a: Excadrill|351\/362|[from] Stealth Rock
|-ability|p2a: Excadrill|Mold Breaker
|
|turn|9
|c| Gizmoâ|let me make you new teams
|c| Doomed Hi|get predicted
|
|switch|p2a: Thundurus|Thundurus, M|299\/299
|-damage|p2a: Thundurus|225\/299|[from] Stealth Rock
|detailschange|p1a: Bunny 2|Lopunny-Mega, M
|message|Lopunny has Mega Evolved into Mega Lopunny!
|move|p1a: Bunny 2|Power-Up Punch|p2a: Thundurus
|-resisted|p2a: Thundurus
|-damage|p2a: Thundurus|168\/299
|-boost|p1a: Bunny 2|atk|1
|
|turn|10
|join|A2tehBR
|join|tomibello
|c| Gizmoâ|does it kill
|c| A2tehBR|how
|c| A2tehBR|do ppl lose to this
|c| A2tehBR|lmao
|c| PeinMan|gg
|
|move|p1a: Bunny 2|Quick Attack|p2a: Thundurus
|-damage|p2a: Thundurus|12\/299
|move|p2a: Thundurus|Thunder Wave|p1a: Bunny 2
|-status|p1a: Bunny 2|par
|
|turn|11
|c|âOx the Fox|ugh
|c| Doomed Hi|nooo
|c|âOx the Fox|no para
|
|move|p1a: Bunny 2|Quick Attack|p2a: Thundurus
|-damage|p2a: Thundurus|0 fnt
|faint|p2a: Thundurus
|
|c|âOx the Fox|pls
|
|switch|p2a: Pinsir|Pinsir-Mega, M|271\/271
|-damage|p2a: Pinsir|136\/271|[from] Stealth Rock
|turn|12
|c| Doomed Hi|nice nice
|
|cant|p1a: Bunny 2|par
|move|p2a: Pinsir|Frustration|p1a: Bunny 2
|-supereffective|p1a: Bunny 2
|-damage|p1a: Bunny 2|0 fnt
|faint|p1a: Bunny 2
|
|-sideend|p1: Ox the Fox|Reflect
|c| A2tehBR|rip
|c|âOx the Fox|NOOOO
|c| Cosine180|solid
|c| Gizmoâ|why did you make a team 6-0'd by band talon ox.
|c| Doomed Hi|bullshit
|
|switch|p1a: Fuck da police|Keldeo|323\/323
|-damage|p1a: Fuck da police|303\/323|[from] Stealth Rock
|turn|13
|join|Squirrelll
|c|âOx the Fox|gizmo
|c|âOx the Fox|i make teams for ladder
|
|switch|p2a: Kyurem-Black|Kyurem-Black|391\/391
|-damage|p2a: Kyurem-Black|294\/391|[from] Stealth Rock
|-ability|p2a: Kyurem-Black|Teravolt
|move|p1a: Fuck da police|Scald|p2a: Kyurem-Black
|-resisted|p2a: Kyurem-Black
|-damage|p2a: Kyurem-Black|207\/391
|
|turn|14
|c| Cosine180|bandtalon doesnt 6:0
|c|âOx the Fox|no one fucking uses talon
|c| Cosine180|sd does
|c| Gizmoâ|cosine
|
|switch|p1a: Bunny 1|Azumarill, M|364\/364
|-damage|p1a: Bunny 1|319\/364|[from] Stealth Rock
|move|p2a: Kyurem-Black|Outrage|p1a: Bunny 1
|-immune|p1a: Bunny 1|[msg]
|
|turn|15
|c| Gizmoâ|what is sd gonna get an sd on
|c|âOx the Fox|predicted?
|c| A2tehBR|bop
|c| PeinMan|wow
|
|move|p2a: Kyurem-Black|Fusion Bolt|p1a: Bunny 1
|-supereffective|p1a: Bunny 1
|-damage|p1a: Bunny 1|0 fnt
|-damage|p2a: Kyurem-Black|168\/391|[from] item: Life Orb
|faint|p1a: Bunny 1
|
|c| Gizmoâ|band just blows it back
|c| Cosine180|loom
|
|switch|p1a: Fuck da police|Keldeo|303\/323
|-damage|p1a: Fuck da police|283\/323|[from] Stealth Rock
|turn|16
|c| Doomed Hi|lol
|c| A2tehBR|gee geee
|c| Cosine180|if smth is asleep
|c| Gizmoâ|it doesn't have
|
|move|p1a: Fuck da police|Secret Sword|p2a: Kyurem-Black
|-supereffective|p2a: Kyurem-Black
|-damage|p2a: Kyurem-Black|0 fnt
|faint|p2a: Kyurem-Black
|
|c| Gizmoâ|rock tomb?
|
|switch|p2a: Keldeo|Keldeo|323\/323
|-damage|p2a: Keldeo|303\/323|[from] Stealth Rock
|turn|17
|c| Cosine180|yup
|c| Cosine180|sd
|c| Gizmoâ|....
|
|move|p1a: Fuck da police|Secret Sword|p2a: Keldeo
|-damage|p2a: Keldeo|119\/323
|move|p2a: Keldeo|Icy Wind|p1a: Fuck da police
|-resisted|p1a: Fuck da police
|-damage|p1a: Fuck da police|233\/323
|-unboost|p1a: Fuck da police|spe|1
|
|turn|18
|c| Cosine180|sd is good rn
|
|move|p2a: Keldeo|Icy Wind|p1a: Fuck da police
|-resisted|p1a: Fuck da police
|-damage|p1a: Fuck da police|180\/323
|-unboost|p1a: Fuck da police|spe|1
|move|p1a: Fuck da police|Secret Sword|p2a: Keldeo
|-damage|p2a: Keldeo|0 fnt
|faint|p2a: Keldeo
|
|c| Doomed Hi|you still have a chance ox
|
|switch|p2a: Excadrill|Excadrill, M|351\/362
|-damage|p2a: Excadrill|340\/362|[from] Stealth Rock
|-ability|p2a: Excadrill|Mold Breaker
|turn|19
|c|âOx the Fox|el choke
|c| Gizmoâ|ox
|c| Gizmoâ|did you really
|c| Gizmoâ|just lose
|c|âOx the Fox|FUCK
|c|âOx the Fox|yes
|
|switch|p1a: Standard Pivot|Raikou|281\/321
|-damage|p1a: Standard Pivot|241\/321|[from] Stealth Rock
|-ability|p1a: Standard Pivot|Pressure
|move|p2a: Excadrill|Earthquake|p1a: Standard Pivot
|-supereffective|p1a: Standard Pivot
|-damage|p1a: Standard Pivot|0 fnt
|faint|p1a: Standard Pivot
|
|c| A2tehBR|wait
|join|terry41
|c| A2tehBR|can keld
|c|âOx the Fox|tennis
|c|âOx the Fox|can u forf
|c|âOx the Fox|<3333
|c| Gizmoâ|...
|c| Gizmoâ|tennis
|c| Gizmoâ|...
|c| A2tehBR|dont do it
|c| A2tehBR|makehim earn it
|c| Gizmoâ|don't be a bitch
|
|switch|p1a: Fuck da police|Keldeo|180\/323
|-damage|p1a: Fuck da police|160\/323|[from] Stealth Rock
|turn|20
|c|âOx the Fox|do it
|c| Cosine180|dont!
|c| Gizmoâ|that's not how this shit works
|c| Cosine180|he needs to learn
|-message|iplaytennislol forfeited.
|
|win|Ox the Fox
|raw|Ladder updating...
|c|âOx the Fox|this will be 30 points
|leave|iplaytennislol
|player|p2
|c| Cosine180|n_n
|c|âOx the Fox|oh shit
|c| Cosine180|aw
|c| Gizmoâ|....................
|leave|A2tehBR
|c| PeinMan|lel
|c| Gizmoâ|wow....
|raw|Ox the Fox's rating: 1935 &rarr; <strong>1945<\/strong><br \/>(+10 for winning)
|raw|iplaytennislol's rating: 1733 &rarr; <strong>1724<\/strong><br \/>(-9 for losing)
|c|âOx the Fox|thanks buddy <333333
|c| Doomed Hi|thats nice of you tennis
|c| tomibello|c onice
|c| Squirrelll|weak
|c| Doomed Hi|tennis for the mvp
|leave|terry41
|c| Doomed Hi|MVP
|leave|Cosine180
|c| Doomed Hi|MVP
|c| Doomed Hi|MVP
|leave|I Iike Squirtles
|c| PeinMan|tennis 2 times forfeit
|c| tomibello|LOl
|leave|Ox the Fox
|player|p1
|leave|Sephiroth VII
|leave|Gizmoâ
|leave|Dark_380
|leave|tomibello