|join|Ox the Fox
|join|Aka DH
|player|p1|Ox the Fox|201
|player|p2|Aka DH|288
|gametype|singles
|gen|6
|tier|OU
|rated
|clearpoke
|poke|p1|Scizor, F
|poke|p1|Diggersby, F
|poke|p1|Sylveon, F
|poke|p1|Mamoswine, M
|poke|p1|Greninja, M
|poke|p1|Latias, F
|poke|p2|Bisharp, M
|poke|p2|Venusaur, M
|poke|p2|Heatran, F
|poke|p2|Keldeo
|poke|p2|Chansey, F
|poke|p2|Skarmory, F
|rule|Swagger Clause: Swagger is banned
|rule|Baton Pass Clause: Limit one PokÃ©mon knowing Baton Pass
|rule|Sleep Clause Mod: Limit one foe put to sleep
|rule|Species Clause: Limit one of each PokÃ©mon
|rule|OHKO Clause: OHKO moves are banned
|rule|Moody Clause: Moody is banned
|rule|Evasion Moves Clause: Evasion moves are banned
|rule|Endless Battle Clause: Forcing endless battles is banned
|rule|HP Percentage Mod: HP is shown in percentages
|teampreview
|
|start
|switch|p1a: Greninja|Greninja, M|285\/285
|switch|p2a: Heatran|Heatran, F|340\/340
|-item|p2a: Heatran|Air Balloon
|turn|1
|
|switch|p2a: Chansey|Chansey, F|684\/684
|move|p1a: Greninja|Low Kick|p2a: Chansey
|-start|p1a: Greninja|typechange|Fighting|[from] Protean
|-supereffective|p2a: Chansey
|-damage|p2a: Chansey|442\/684
|-damage|p1a: Greninja|257\/285|[from] item: Life Orb
|
|turn|2
|
|switch|p1a: Mamoswine|Mamoswine, M|361\/361
|move|p2a: Chansey|Soft-Boiled|p2a: Chansey
|-heal|p2a: Chansey|684\/684
|
|turn|3
|
|switch|p2a: Heatran|Heatran, F|340\/340
|-item|p2a: Heatran|Air Balloon
|move|p1a: Mamoswine|Stealth Rock|p2a: Heatran
|-sidestart|p2: Aka DH|move: Stealth Rock
|
|turn|4
|
|move|p1a: Mamoswine|Icicle Spear|p2a: Heatran
|-resisted|p2a: Heatran
|-damage|p2a: Heatran|328\/340
|-enditem|p2a: Heatran|Air Balloon
|-resisted|p2a: Heatran
|-damage|p2a: Heatran|316\/340
|-resisted|p2a: Heatran
|-damage|p2a: Heatran|306\/340
|-hitcount|p2a: Heatran|3
|-damage|p1a: Mamoswine|325\/361|[from] item: Life Orb
|move|p2a: Heatran|Stealth Rock|p1a: Mamoswine
|-sidestart|p1: Ox the Fox|move: Stealth Rock
|
|turn|5
|
|move|p1a: Mamoswine|Earthquake|p2a: Heatran
|-supereffective|p2a: Heatran
|-damage|p2a: Heatran|0 fnt
|-damage|p1a: Mamoswine|289\/361|[from] item: Life Orb
|faint|p2a: Heatran
|
|
|switch|p2a: Keldeo|Keldeo|323\/323
|-damage|p2a: Keldeo|303\/323|[from] Stealth Rock
|turn|6
|
|move|p1a: Mamoswine|Ice Shard|p2a: Keldeo
|-resisted|p2a: Keldeo
|-damage|p2a: Keldeo|248\/323
|-damage|p1a: Mamoswine|253\/361|[from] item: Life Orb
|move|p2a: Keldeo|Scald|p1a: Mamoswine
|-supereffective|p1a: Mamoswine
|-damage|p1a: Mamoswine|0 fnt
|faint|p1a: Mamoswine
|
|-heal|p2a: Keldeo|268\/323|[from] item: Leftovers
|
|switch|p1a: Sylveon|Sylveon, F|392\/392
|-damage|p1a: Sylveon|343\/392|[from] Stealth Rock
|turn|7
|
|switch|p2a: Chansey|Chansey, F|684\/684
|-damage|p2a: Chansey|599\/684|[from] Stealth Rock
|move|p1a: Sylveon|Baton Pass|p1a: Sylveon
|
|switch|p1a: Diggersby|Diggersby, F|311\/311
|-damage|p1a: Diggersby|292\/311|[from] Stealth Rock
|
|turn|8
|
|switch|p2a: Skarmory|Skarmory, F|334\/334
|-damage|p2a: Skarmory|293\/334|[from] Stealth Rock
|move|p1a: Diggersby|Fire Punch|p2a: Skarmory
|-supereffective|p2a: Skarmory
|-damage|p2a: Skarmory|106\/334
|-damage|p1a: Diggersby|241\/311|[from] item: Rocky Helmet|[of] p2a: Skarmory
|-damage|p1a: Diggersby|210\/311|[from] item: Life Orb
|
|turn|9
|
|move|p1a: Diggersby|Fire Punch|p2a: Skarmory
|-supereffective|p2a: Skarmory
|-damage|p2a: Skarmory|0 fnt
|-damage|p1a: Diggersby|159\/311|[from] item: Rocky Helmet|[of] p2a: Skarmory
|-damage|p1a: Diggersby|128\/311|[from] item: Life Orb
|faint|p2a: Skarmory
|
|
|switch|p2a: Keldeo|Keldeo|268\/323
|-damage|p2a: Keldeo|248\/323|[from] Stealth Rock
|turn|10
|
|move|p1a: Diggersby|Quick Attack|p2a: Keldeo
|-damage|p2a: Keldeo|122\/323
|-damage|p1a: Diggersby|97\/311|[from] item: Life Orb
|move|p2a: Keldeo|Scald|p1a: Diggersby
|-supereffective|p1a: Diggersby
|-damage|p1a: Diggersby|0 fnt
|faint|p1a: Diggersby
|
|-heal|p2a: Keldeo|142\/323|[from] item: Leftovers
|
|switch|p1a: Sylveon|Sylveon, F|343\/392
|-damage|p1a: Sylveon|294\/392|[from] Stealth Rock
|turn|11
|join|PikachuCandyã
|
|switch|p2a: Chansey|Chansey, F|599\/684
|-damage|p2a: Chansey|514\/684|[from] Stealth Rock
|move|p1a: Sylveon|Hyper Voice|p2a: Chansey
|-damage|p2a: Chansey|322\/684
|
|turn|12
|c| PikachuCandyã|reveal psyshock
|
|switch|p1a: Scizor|Scizor, F|307\/307
|-damage|p1a: Scizor|269\/307|[from] Stealth Rock
|move|p2a: Chansey|Soft-Boiled|p2a: Chansey
|-heal|p2a: Chansey|664\/684
|
|turn|13
|
|switch|p2a: Venusaur|Venusaur, M|364\/364
|-damage|p2a: Venusaur|319\/364|[from] Stealth Rock
|detailschange|p1a: Scizor|Scizor-Mega, F
|message|Scizor has Mega Evolved into Mega Scizor!
|move|p1a: Scizor|Bug Bite|p2a: Venusaur
|-damage|p2a: Venusaur|153\/364
|
|turn|14
|
|detailschange|p2a: Venusaur|Venusaur-Mega, M
|message|Venusaur has Mega Evolved into Mega Venusaur!
|move|p1a: Scizor|Bug Bite|p2a: Venusaur
|-damage|p2a: Venusaur|38\/364
|move|p2a: Venusaur|Synthesis|p2a: Venusaur
|-heal|p2a: Venusaur|220\/364
|
|turn|15
|
|move|p1a: Scizor|Swords Dance|p1a: Scizor
|-boost|p1a: Scizor|atk|2
|move|p2a: Venusaur|Synthesis|p2a: Venusaur
|-heal|p2a: Venusaur|364\/364
|
|turn|16
|
|move|p1a: Scizor|Bug Bite|p2a: Venusaur
|-damage|p2a: Venusaur|130\/364
|move|p2a: Venusaur|Hidden Power|p1a: Scizor
|-supereffective|p1a: Scizor
|-damage|p1a: Scizor|65\/307
|
|turn|17
|
|move|p1a: Scizor|Bug Bite|p2a: Venusaur
|-damage|p2a: Venusaur|0 fnt
|faint|p2a: Venusaur
|
|
|switch|p2a: Keldeo|Keldeo|142\/323
|-damage|p2a: Keldeo|122\/323|[from] Stealth Rock
|turn|18
|join|Alldaalts
|join|FrozenCold
|c| FrozenCold|the mega scizor is here
|
|move|p1a: Scizor|Bullet Punch|p2a: Keldeo
|-resisted|p2a: Keldeo
|-damage|p2a: Keldeo|0 fnt
|faint|p2a: Keldeo
|
|join|Albyness
|
|switch|p2a: Bisharp|Bisharp, M|334\/334
|-damage|p2a: Bisharp|314\/334|[from] Stealth Rock
|turn|19
|
|switch|p1a: Sylveon|Sylveon, F|294\/392
|-damage|p1a: Sylveon|245\/392|[from] Stealth Rock
|move|p2a: Bisharp|Knock Off|p1a: Sylveon
|-crit|p1a: Sylveon
|-resisted|p1a: Sylveon
|-damage|p1a: Sylveon|61\/392
|-enditem|p1a: Sylveon|Choice Specs|[from] move: Knock Off|[of] p2a: Bisharp
|
|-heal|p2a: Bisharp|334\/334|[from] item: Leftovers
|turn|20
|join|yrs
|
|move|p2a: Bisharp|Sucker Punch|p1a: Sylveon
|-resisted|p1a: Sylveon
|-damage|p1a: Sylveon|0 fnt
|faint|p1a: Sylveon
|
|
|switch|p1a: Latias|Latias, F|301\/301
|-damage|p1a: Latias|264\/301|[from] Stealth Rock
|turn|21
|
|switch|p2a: Chansey|Chansey, F|664\/684
|-damage|p2a: Chansey|579\/684|[from] Stealth Rock
|move|p1a: Latias|Healing Wish|p1a: Latias
|faint|p1a: Latias
|
|
|switch|p1a: Scizor|Scizor-Mega, F|65\/307
|-heal|p1a: Scizor|307\/307|[from] move: Healing Wish
|-damage|p1a: Scizor|269\/307|[from] Stealth Rock
|turn|22
|
|move|p1a: Scizor|Swords Dance|p1a: Scizor
|-boost|p1a: Scizor|atk|2
|move|p2a: Chansey|Thunder Wave|p1a: Scizor
|-status|p1a: Scizor|par
|
|turn|23
|
|move|p2a: Chansey|Seismic Toss|p1a: Scizor
|-damage|p1a: Scizor|169\/307 par
|move|p1a: Scizor|Bug Bite|p2a: Chansey
|-damage|p2a: Chansey|69\/684
|
|turn|24
|
|move|p1a: Scizor|Bullet Punch|p2a: Chansey
|-damage|p2a: Chansey|0 fnt
|faint|p2a: Chansey
|
|join|Squirrelll
|
|switch|p2a: Bisharp|Bisharp, M|334\/334
|-damage|p2a: Bisharp|314\/334|[from] Stealth Rock
|turn|25
|c|âOx the Fox|no hax pls
|
|move|p2a: Bisharp|Swords Dance|p2a: Bisharp
|-boost|p2a: Bisharp|atk|2
|move|p1a: Scizor|Bug Bite|p2a: Bisharp
|-damage|p2a: Bisharp|0 fnt
|faint|p2a: Bisharp
|
|win|Ox the Fox
|raw|Ladder updating...
|c|âOx the Fox|gg
|leave|Aka DH
|player|p2
|join|I Iike Squirtles
|raw|Ox the Fox's rating: 1759 &rarr; <strong>1779<\/strong><br \/>(+20 for winning)
|raw|Aka DH's rating: 1759 &rarr; <strong>1739<\/strong><br \/>(-20 for losing)
|leave|Squirrelll
|leave|FrozenCold
|c| Albyness|thank u
|c| Albyness|oml
|c| Albyness|i hate this nigga
|c| Albyness|rofl