|join|I'm Virus (~'o')~
|join|Ox the Fox
|join|Senhor Anseio
|player|p1|I'm Virus (~'o')~|6
|player|p2|Ox the Fox|201
|gametype|singles
|gen|6
|tier|OU
|clearpoke
|poke|p1|Pinsir, M
|poke|p1|Landorus-Therian, M
|poke|p1|Alomomola, F
|poke|p1|Raikou
|poke|p1|Kyurem-Black
|poke|p1|Excadrill, F
|poke|p2|Latias, F
|poke|p2|Alomomola, M
|poke|p2|Chansey, F
|poke|p2|Chesnaught, M
|poke|p2|Heatran, M
|poke|p2|Keldeo
|rule|Swagger Clause: Swagger is banned
|rule|Baton Pass Clause: Limit one PokÃ©mon knowing Baton Pass
|rule|Sleep Clause Mod: Limit one foe put to sleep
|rule|Species Clause: Limit one of each PokÃ©mon
|rule|OHKO Clause: OHKO moves are banned
|rule|Moody Clause: Moody is banned
|rule|Evasion Moves Clause: Evasion moves are banned
|rule|Endless Battle Clause: Forcing endless battles is banned
|rule|HP Percentage Mod: HP is shown in percentages
|teampreview
|join|raetjaatja
|join|selkiegal
|c|âI'm Virus (~'o')~|welp
|join|yuy
|join|Specs Fake-Out
|join|LadderSoTall
|c|âI'm Virus (~'o')~|up against a top ladderer
|c| Specs Fake-Out|gg lol
|c|âI'm Virus (~'o')~|nb
|c|âOx the Fox|ladder is fucking bull
|join|MegaSwagpert
|c|âOx the Fox|glhf
|c|âI'm Virus (~'o')~|tyu2
|c|âI'm Virus (~'o')~|._.
|join|Maiora
|join|senegal
|c|âI'm Virus (~'o')~|stallmons 24\/6
|join|EternusDraco
|c|âI'm Virus (~'o')~|._.
|join|Bantic
|c| MegaSwagpert|maybe he played against nubs, like me
|c|âI'm Virus (~'o')~|ox
|c|âI'm Virus (~'o')~|i hate to admit
|c|âI'm Virus (~'o')~|i scouted ur team
|c|âI'm Virus (~'o')~|:<
|c|âOx the Fox|idc
|join|QuagGod
|c|âOx the Fox|im playing for fun
|c|âI'm Virus (~'o')~|me 2
|c|âI'm Virus (~'o')~|kind of
|c|âI'm Virus (~'o')~|not really
|c| raetjaatja|ox actually asked me to search for battles at the same time he did, so that i could forfeit for him
|c|âI'm Virus (~'o')~|but still
|c|âI'm Virus (~'o')~|._.
|
|start
|switch|p1a: Landorus-Therian|Landorus-Therian, M|382\/382
|switch|p2a: Latias|Latias, F|363\/363
|-ability|p1a: Landorus-Therian|Intimidate|[of] p2a: Latias
|-unboost|p2a: Latias|atk|1
|turn|1
|c| raetjaatja|that's how he got #1
|c|âI'm Virus (~'o')~|inb4.
|join|obii
|c|âI'm Virus (~'o')~|bruh
|c|âI'm Virus (~'o')~|timer is so long
|c|âI'm Virus (~'o')~|;;
|c|âOx the Fox|raet who are you
|
|switch|p2a: Chesnaught|Chesnaught, M|380\/380
|move|p1a: Landorus-Therian|Stealth Rock|p2a: Chesnaught
|-sidestart|p2: Ox the Fox|move: Stealth Rock
|
|turn|2
|c| raetjaatja|im joking
|c|âI'm Virus (~'o')~|a person
|join|swag is an art
|c|âI'm Virus (~'o')~|obv
|
|move|p1a: Landorus-Therian|U-turn|p2a: Chesnaught
|-damage|p2a: Chesnaught|332\/380
|join|VagSlayer420
|
|switch|p1a: Pinsir|Pinsir, M|272\/272
|move|p2a: Chesnaught|Spikes|p1a: Pinsir
|-sidestart|p1: I'm Virus (~'o')~|Spikes
|
|-heal|p2a: Chesnaught|355\/380|[from] item: Leftovers
|turn|3
|c|âI'm Virus (~'o')~|giv
|c| swag is an art|imo that pinsir is mega
|c|âI'm Virus (~'o')~|pinsir
|c|âI'm Virus (~'o')~|a kiss
|c|âI'm Virus (~'o')~|imo
|
|switch|p2a: Heatran|Heatran, M|386\/386
|-damage|p2a: Heatran|338\/386|[from] Stealth Rock
|detailschange|p1a: Pinsir|Pinsir-Mega, M
|-mega|p1a: Pinsir|Pinsir|Pinsirite
|move|p1a: Pinsir|Frustration|p2a: Heatran
|-resisted|p2a: Heatran
|-damage|p2a: Heatran|216\/386
|
|-heal|p2a: Heatran|240\/386|[from] item: Leftovers
|turn|4
|c|âI'm Virus (~'o')~|scarf here
|c| swag is an art|ahh predicted
|c|âI'm Virus (~'o')~|aw.
|
|switch|p2a: Latias|Latias, F|363\/363
|-damage|p2a: Latias|318\/363|[from] Stealth Rock
|move|p1a: Pinsir|Earthquake|p2a: Latias
|-immune|p2a: Latias|[msg]
|
|turn|5
|c|âOx the Fox|i should have leech seeded
|c|âOx the Fox|but I didn't think u would let pinsir get weakened
|c|âI'm Virus (~'o')~|prolli.
|c| MegaSwagpert|the double switch
|c| MegaSwagpert|get rekt
|
|detailschange|p2a: Latias|Latias-Mega, F
|-mega|p2a: Latias|Latias|Latiasite
|move|p1a: Pinsir|Frustration|p2a: Latias
|-damage|p2a: Latias|140\/363
|move|p2a: Latias|Whirlpool|p1a: Pinsir
|-damage|p1a: Pinsir|233\/272
|-activate|p1a: Pinsir|move: Whirlpool|[of] p2a: Latias
|
|-damage|p1a: Pinsir|199\/272|[from] move: Whirlpool|[partiallytrapped]
|turn|6
|c| swag is an art|i love that alo is gaining usage
|c|âI'm Virus (~'o')~|shit
|c| LadderSoTall|o.o
|c|âI'm Virus (~'o')~|why is this thing bulky af
|c|âI'm Virus (~'o')~|wtf
|c|âI'm Virus (~'o')~|oml
|c|âOx the Fox|man
|c| swag is an art|thats a funny latias lol
|c| swag is an art|not gona lie
|c|âOx the Fox|why didn't I just go for leech seed
|
|switch|p2a: Alomomola|Alomomola, M|534\/534
|-damage|p2a: Alomomola|468\/534|[from] Stealth Rock
|move|p1a: Pinsir|Frustration|p2a: Alomomola
|-damage|p2a: Alomomola|245\/534
|
|-heal|p2a: Alomomola|278\/534|[from] item: Leftovers
|-end|p1a: Pinsir|Whirlpool|[partiallytrapped]
|turn|7
|c|âI'm Virus (~'o')~|because
|c|âI'm Virus (~'o')~|u st00pid
|c|âI'm Virus (~'o')~|._.
|c|âOx the Fox|idk why u went pinsir lol
|
|switch|p1a: Raikou|Raikou|322\/322
|-damage|p1a: Raikou|282\/322|[from] Spikes
|-ability|p1a: Raikou|Pressure
|move|p2a: Alomomola|Wish|p2a: Alomomola
|
|-heal|p2a: Alomomola|311\/534|[from] item: Leftovers
|turn|8
|c|âOx the Fox|w.e
|c|âI'm Virus (~'o')~|because
|c|âI'm Virus (~'o')~|i st00pid 2
|leave|Bantic
|
|switch|p2a: Heatran|Heatran, M|240\/386
|-damage|p2a: Heatran|192\/386|[from] Stealth Rock
|move|p1a: Raikou|Shadow Ball|p2a: Heatran
|-crit|p2a: Heatran
|-damage|p2a: Heatran|68\/386
|
|-heal|p2a: Heatran|335\/386|[from] move: Wish|[wisher] Alomomola
|-heal|p2a: Heatran|359\/386|[from] item: Leftovers
|turn|9
|c|âI'm Virus (~'o')~|i can tell
|c|âI'm Virus (~'o')~|this is gonna get
|c|âI'm Virus (~'o')~|really annoying
|c|âI'm Virus (~'o')~|._.
|c| swag is an art|moist
|join|yrs
|c| swag is an art|i agree
|c|âOx the Fox|u don't really have anything for tran lol
|c|âI'm Virus (~'o')~|tru
|c|âI'm Virus (~'o')~|except
|c|âI'm Virus (~'o')~|for 4 ground type moves
|
|switch|p1a: Alomomola|Alomomola, F|529\/529
|-damage|p1a: Alomomola|463\/529|[from] Spikes
|move|p2a: Heatran|Stealth Rock|p1a: Alomomola
|-sidestart|p1: I'm Virus (~'o')~|move: Stealth Rock
|
|-heal|p2a: Heatran|383\/386|[from] item: Leftovers
|-heal|p1a: Alomomola|496\/529|[from] item: Leftovers
|turn|10
|c| swag is an art|bluffing
|
|move|p2a: Heatran|Lava Plume|p1a: Alomomola
|-resisted|p1a: Alomomola
|-damage|p1a: Alomomola|430\/529
|move|p1a: Alomomola|Knock Off|p2a: Heatran
|-damage|p2a: Heatran|326\/386
|-enditem|p2a: Heatran|Leftovers|[from] move: Knock Off|[of] p1a: Alomomola
|
|-heal|p1a: Alomomola|463\/529|[from] item: Leftovers
|turn|11
|c| LadderSoTall|he prb means to counter
|c| swag is an art|your lando t doesn't carry eq
|c| swag is an art|i know your spread
|
|move|p2a: Heatran|Toxic|p1a: Alomomola
|-status|p1a: Alomomola|tox
|move|p1a: Alomomola|Wish|p1a: Alomomola
|
|-heal|p1a: Alomomola|496\/529 tox|[from] item: Leftovers
|-damage|p1a: Alomomola|463\/529 tox|[from] psn
|turn|12
|leave|obii
|c|âI'm Virus (~'o')~|im not even
|join|BibarelThump
|c| LadderSoTall|no eq .-.
|c|âI'm Virus (~'o')~|predicting properly
|join|Sike2303
|join|Yun0 Gasai
|c|âOx the Fox|i thought u would double to exca
|
|switch|p2a: Keldeo|Keldeo|323\/323
|-damage|p2a: Keldeo|303\/323|[from] Stealth Rock
|switch|p1a: Excadrill|Excadrill, F|362\/362
|-damage|p1a: Excadrill|351\/362|[from] Stealth Rock
|-ability|p1a: Excadrill|Mold Breaker
|-item|p1a: Excadrill|Air Balloon
|
|-heal|p1a: Excadrill|362\/362|[from] move: Wish|[wisher] Alomomola
|-heal|p2a: Keldeo|323\/323|[from] item: Leftovers
|turn|13
|c| BibarelThump|this will be a fun game
|c|âI'm Virus (~'o')~|o
|join|Beauty Emelyn
|c|âI'm Virus (~'o')~|<\/3
|c|âOx the Fox|:]
|c| swag is an art|a whole 3%
|c|âOx the Fox|not scarf
|
|switch|p1a: Pinsir|Pinsir-Mega, M|199\/272
|-damage|p1a: Pinsir|63\/272|[from] Stealth Rock
|move|p2a: Keldeo|Scald|p1a: Pinsir
|-damage|p1a: Pinsir|0 fnt
|faint|p1a: Pinsir
|
|c| swag is an art|healed back
|c|âOx the Fox|yum
|c|âOx the Fox|WHY
|leave|BibarelThump
|c| raetjaatja|so
|c|âI'm Virus (~'o')~|what
|c| MegaSwagpert|DAMN
|c|âOx the Fox|was your win con
|c|âI'm Virus (~'o')~|the fuck
|c| raetjaatja|pinsir wins
|c|âI'm Virus (~'o')~|i clicked
|c| raetjaatja|why would you do that
|c|âI'm Virus (~'o')~|fuckin
|c|âI'm Virus (~'o')~|raikou
|c| QuagGod|lol
|
|switch|p1a: Raikou|Raikou|282\/322
|-damage|p1a: Raikou|242\/322|[from] Stealth Rock
|-damage|p1a: Raikou|202\/322|[from] Spikes
|-ability|p1a: Raikou|Pressure
|turn|14
|join|Must be niche
|c|âI'm Virus (~'o')~|,
|
|switch|p2a: Latias|Latias-Mega, F|140\/363
|-damage|p2a: Latias|95\/363|[from] Stealth Rock
|move|p1a: Raikou|Volt Switch|p2a: Latias
|-resisted|p2a: Latias
|-damage|p2a: Latias|36\/363
|c| MegaSwagpert|hey ox, im rooting for you after that turn
|c|âOx the Fox|ok
|
|switch|p1a: Kyurem-Black|Kyurem-Black|391\/391
|-damage|p1a: Kyurem-Black|294\/391|[from] Stealth Rock
|-damage|p1a: Kyurem-Black|246\/391|[from] Spikes
|-ability|p1a: Kyurem-Black|Teravolt
|
|turn|15
|c|âI'm Virus (~'o')~|bias imo
|
|move|p1a: Kyurem-Black|Fusion Bolt|p2a: Latias
|-resisted|p2a: Latias
|-damage|p2a: Latias|0 fnt
|faint|p2a: Latias
|
|c|âOx the Fox|i think he just likes skilled players
|c|âOx the Fox|n_n
|c|âOx the Fox|nah you're good bro
|c| swag is an art|psh
|
|switch|p2a: Chansey|Chansey, F|642\/642
|-damage|p2a: Chansey|562\/642|[from] Stealth Rock
|turn|16
|c|âI'm Virus (~'o')~|:\/
|c| swag is an art|nah
|c| swag is an art|you both hoes
|
|switch|p1a: Excadrill|Excadrill, F|362\/362
|-damage|p1a: Excadrill|351\/362|[from] Stealth Rock
|-ability|p1a: Excadrill|Mold Breaker
|-item|p1a: Excadrill|Air Balloon
|move|p2a: Chansey|Seismic Toss|p1a: Excadrill
|-damage|p1a: Excadrill|251\/362
|-enditem|p1a: Excadrill|Air Balloon
|
|turn|17
|c| swag is an art|great hoes
|c|âI'm Virus (~'o')~|ox the fox is bias to himself confirmed
|
|switch|p2a: Chesnaught|Chesnaught, M|355\/380
|-damage|p2a: Chesnaught|332\/380|[from] Stealth Rock
|move|p1a: Excadrill|Rapid Spin|p2a: Chesnaught
|-damage|p2a: Chesnaught|316\/380
|-sideend|p1: I'm Virus (~'o')~|Spikes|[from] move: Rapid Spin|[of] p1a: Excadrill
|-sideend|p1: I'm Virus (~'o')~|Stealth Rock|[from] move: Rapid Spin|[of] p1a: Excadrill
|
|-heal|p2a: Chesnaught|339\/380|[from] item: Leftovers
|turn|18
|c|âOx the Fox|yes
|c|âOx the Fox|I confirm that
|join|Galactic Princess
|c|âI'm Virus (~'o')~|:I
|join|fat cunt prick
|c|âI'm Virus (~'o')~|spikes imo
|
|switch|p1a: Kyurem-Black|Kyurem-Black|246\/391
|-ability|p1a: Kyurem-Black|Teravolt
|move|p2a: Chesnaught|Spikes|p1a: Kyurem-Black
|-sidestart|p1: I'm Virus (~'o')~|Spikes
|
|-heal|p2a: Chesnaught|362\/380|[from] item: Leftovers
|turn|19
|c|âI'm Virus (~'o')~|knock
|c| fat cunt prick|lol
|c|âI'm Virus (~'o')~|this scarf off for me
|c|âI'm Virus (~'o')~|pls
|
|move|p2a: Chesnaught|Spiky Shield|p2a: Chesnaught
|-singleturn|p2a: Chesnaught|move: Protect
|move|p1a: Kyurem-Black|Ice Beam|p2a: Chesnaught
|-activate|p2a: Chesnaught|move: Protect
|
|-heal|p2a: Chesnaught|380\/380|[from] item: Leftovers
|turn|20
|c|âI'm Virus (~'o')~|i cri
|c| Yun0 Gasai|why is pinsir dead lol
|c|âI'm Virus (~'o')~|because
|c|âI'm Virus (~'o')~|i misclicked
|
|switch|p1a: Alomomola|Alomomola, F|529\/529 tox
|-damage|p1a: Alomomola|463\/529 tox|[from] Spikes
|switch|p2a: Chansey|Chansey, F|562\/642
|-damage|p2a: Chansey|482\/642|[from] Stealth Rock
|
|-heal|p1a: Alomomola|496\/529 tox|[from] item: Leftovers
|-damage|p1a: Alomomola|463\/529 tox|[from] psn
|turn|21
|
|move|p1a: Alomomola|Knock Off|p2a: Chansey
|-damage|p2a: Chansey|406\/642
|-enditem|p2a: Chansey|Eviolite|[from] move: Knock Off|[of] p1a: Alomomola
|move|p2a: Chansey|Soft-Boiled|p2a: Chansey
|-heal|p2a: Chansey|642\/642
|
|-heal|p1a: Alomomola|496\/529 tox|[from] item: Leftovers
|-damage|p1a: Alomomola|430\/529 tox|[from] psn
|turn|22
|c|âI'm Virus (~'o')~|gimme dat
|join|wolfn
|
|switch|p2a: Keldeo|Keldeo|323\/323
|-damage|p2a: Keldeo|303\/323|[from] Stealth Rock
|move|p1a: Alomomola|Wish|p1a: Alomomola
|
|-heal|p2a: Keldeo|323\/323|[from] item: Leftovers
|-heal|p1a: Alomomola|463\/529 tox|[from] item: Leftovers
|-damage|p1a: Alomomola|364\/529 tox|[from] psn
|turn|23
|c|âOx the Fox|name the switch in
|c|âI'm Virus (~'o')~|lando
|c|âI'm Virus (~'o')~|._.
|
|switch|p1a: Raikou|Raikou|202\/322
|-damage|p1a: Raikou|162\/322|[from] Spikes
|-ability|p1a: Raikou|Pressure
|move|p2a: Keldeo|Substitute|p2a: Keldeo
|-start|p2a: Keldeo|Substitute
|-damage|p2a: Keldeo|243\/323
|
|-heal|p1a: Raikou|322\/322|[from] move: Wish|[wisher] Alomomola
|-heal|p2a: Keldeo|263\/323|[from] item: Leftovers
|turn|24
|join|BulkyZardX
|c| MegaSwagpert|oh shit
|
|move|p1a: Raikou|Thunderbolt|p2a: Keldeo
|-supereffective|p2a: Keldeo
|-end|p2a: Keldeo|Substitute
|move|p2a: Keldeo|Scald|p1a: Raikou
|-damage|p1a: Raikou|186\/322
|-status|p1a: Raikou|brn
|
|-heal|p2a: Keldeo|283\/323|[from] item: Leftovers
|-damage|p1a: Raikou|146\/322 brn|[from] brn
|turn|25
|c|âOx the Fox|give me that
|c|âI'm Virus (~'o')~|i didnt giv you anything
|c|âI'm Virus (~'o')~|:\/
|
|switch|p2a: Chesnaught|Chesnaught, M|380\/380
|-damage|p2a: Chesnaught|357\/380|[from] Stealth Rock
|move|p1a: Raikou|Thunderbolt|p2a: Chesnaught
|-resisted|p2a: Chesnaught
|-damage|p2a: Chesnaught|228\/380
|
|-heal|p2a: Chesnaught|251\/380|[from] item: Leftovers
|-damage|p1a: Raikou|106\/322 brn|[from] brn
|turn|26
|c|âI'm Virus (~'o')~|too many choicemons on this team
|c|âI'm Virus (~'o')~|\/me facepalm
|
|switch|p1a: Landorus-Therian|Landorus-Therian, M|382\/382
|-ability|p1a: Landorus-Therian|Intimidate|[of] p2a: Chesnaught
|-unboost|p2a: Chesnaught|atk|1
|move|p2a: Chesnaught|Leech Seed|p1a: Landorus-Therian
|-start|p1a: Landorus-Therian|move: Leech Seed
|
|-heal|p2a: Chesnaught|274\/380|[from] item: Leftovers
|-damage|p1a: Landorus-Therian|335\/382|[from] Leech Seed|[of] p2a: Chesnaught
|-heal|p2a: Chesnaught|321\/380|[silent]
|turn|27
|c| MegaSwagpert|you gave him that fresh pinsir ass
|c|âI'm Virus (~'o')~|^
|c|âI'm Virus (~'o')~|>.>
|c| swag is an art|it happens to the best of us
|
|switch|p1a: Alomomola|Alomomola, F|529\/529 tox
|-damage|p1a: Alomomola|463\/529 tox|[from] Spikes
|move|p2a: Chesnaught|Leech Seed|p1a: Alomomola
|-start|p1a: Alomomola|move: Leech Seed
|
|-heal|p1a: Alomomola|496\/529 tox|[from] item: Leftovers
|-heal|p2a: Chesnaught|344\/380|[from] item: Leftovers
|-damage|p1a: Alomomola|430\/529 tox|[from] Leech Seed|[of] p2a: Chesnaught
|-heal|p2a: Chesnaught|380\/380|[silent]
|-damage|p1a: Alomomola|397\/529 tox|[from] psn
|turn|28
|c| swag is an art|the dreaded
|c| swag is an art|ass misclick
|c|âI'm Virus (~'o')~|misclik
|join|rob
|c|âI'm Virus (~'o')~|._.
|c| MegaSwagpert|i can see the head lines
|
|move|p1a: Alomomola|Wish|p1a: Alomomola
|move|p2a: Chesnaught|Drain Punch|p1a: Alomomola
|-damage|p1a: Alomomola|318\/529 tox
|
|-heal|p1a: Alomomola|351\/529 tox|[from] item: Leftovers
|-damage|p1a: Alomomola|285\/529 tox|[from] Leech Seed|[of] p2a: Chesnaught
|-damage|p1a: Alomomola|219\/529 tox|[from] psn
|turn|29
|c|âI'm Virus (~'o')~|i cant
|c|âI'm Virus (~'o')~|:<
|
|switch|p1a: Kyurem-Black|Kyurem-Black|246\/391
|-damage|p1a: Kyurem-Black|198\/391|[from] Spikes
|-ability|p1a: Kyurem-Black|Teravolt
|move|p2a: Chesnaught|Drain Punch|p1a: Kyurem-Black
|-supereffective|p1a: Kyurem-Black
|-damage|p1a: Kyurem-Black|78\/391
|
|-heal|p1a: Kyurem-Black|342\/391|[from] move: Wish|[wisher] Alomomola
|turn|30
|c|âI'm Virus (~'o')~|2much hp
|c| MegaSwagpert|"Im Virus loses because of misclick, entire community dies of shame"
|c|âI'm Virus (~'o')~|2much
|leave|yrs
|
|move|p2a: Chesnaught|Spiky Shield|p2a: Chesnaught
|-singleturn|p2a: Chesnaught|move: Protect
|move|p1a: Kyurem-Black|Ice Beam|p2a: Chesnaught
|-activate|p2a: Chesnaught|move: Protect
|
|turn|31
|c|âOx the Fox|that did nothing
|c|âI'm Virus (~'o')~|why is the timer running out
|c|âI'm Virus (~'o')~|.-.
|c| swag is an art|well you're not wrong
|
|switch|p1a: Alomomola|Alomomola, F|395\/529 tox
|-damage|p1a: Alomomola|329\/529 tox|[from] Spikes
|switch|p2a: Heatran|Heatran, M|326\/386
|-damage|p2a: Heatran|278\/386|[from] Stealth Rock
|
|-heal|p1a: Alomomola|362\/529 tox|[from] item: Leftovers
|-damage|p1a: Alomomola|329\/529 tox|[from] psn
|turn|32
|join|ffc - land
|
|move|p2a: Heatran|Stealth Rock|p1a: Alomomola
|-sidestart|p1: I'm Virus (~'o')~|move: Stealth Rock
|move|p1a: Alomomola|Wish|p1a: Alomomola
|
|-heal|p1a: Alomomola|362\/529 tox|[from] item: Leftovers
|-damage|p1a: Alomomola|296\/529 tox|[from] psn
|turn|33
|
|switch|p1a: Landorus-Therian|Landorus-Therian, M|335\/382
|-damage|p1a: Landorus-Therian|288\/382|[from] Stealth Rock
|-ability|p1a: Landorus-Therian|Intimidate|[of] p2a: Heatran
|-unboost|p2a: Heatran|atk|1
|move|p2a: Heatran|Lava Plume|p1a: Landorus-Therian
|-damage|p1a: Landorus-Therian|144\/382
|
|-heal|p1a: Landorus-Therian|382\/382|[from] move: Wish|[wisher] Alomomola
|turn|34
|c|âI'm Virus (~'o')~|inb4 burn
|c|âOx the Fox|if only
|
|switch|p2a: Chesnaught|Chesnaught, M|380\/380
|-damage|p2a: Chesnaught|357\/380|[from] Stealth Rock
|move|p1a: Landorus-Therian|U-turn|p2a: Chesnaught
|-damage|p2a: Chesnaught|306\/380
|join|lmLonely
|c|âOx the Fox|alom is so annoying lol
|c| swag is an art|is it just me or does lava plume never burn as much as scald does
|
|switch|p1a: Alomomola|Alomomola, F|472\/529 tox
|-damage|p1a: Alomomola|406\/529 tox|[from] Spikes
|-damage|p1a: Alomomola|340\/529 tox|[from] Stealth Rock
|
|-heal|p1a: Alomomola|373\/529 tox|[from] item: Leftovers
|-heal|p2a: Chesnaught|329\/380|[from] item: Leftovers
|-damage|p1a: Alomomola|340\/529 tox|[from] psn
|turn|35
|c|âOx the Fox|yah lava plume never burns
|c|âI'm Virus (~'o')~|scald throws hot ass boiling water at you
|c|âI'm Virus (~'o')~|how can you expect that not to burn
|c|âI'm Virus (~'o')~|wtf
|c| swag is an art|vs actual lava
|c|âOx the Fox|lava plume throws lava at you
|
|move|p1a: Alomomola|Wish|p1a: Alomomola
|move|p2a: Chesnaught|Drain Punch|p1a: Alomomola
|-damage|p1a: Alomomola|235\/529 tox
|-heal|p2a: Chesnaught|380\/380|[from] drain|[of] p1a: Alomomola
|
|-heal|p1a: Alomomola|268\/529 tox|[from] item: Leftovers
|-damage|p1a: Alomomola|202\/529 tox|[from] psn
|turn|36
|c|âI'm Virus (~'o')~|lava just
|c|âI'm Virus (~'o')~|completely dissolves you
|c|âI'm Virus (~'o')~|tho
|
|switch|p1a: Excadrill|Excadrill, F|251\/362
|-damage|p1a: Excadrill|206\/362|[from] Spikes
|-damage|p1a: Excadrill|195\/362|[from] Stealth Rock
|-ability|p1a: Excadrill|Mold Breaker
|move|p2a: Chesnaught|Drain Punch|p1a: Excadrill
|-supereffective|p1a: Excadrill
|-damage|p1a: Excadrill|0 fnt
|faint|p1a: Excadrill
|
|c|âI'm Virus (~'o')~|cancel button dont work here
|c|âI'm Virus (~'o')~|imo
|c| swag is an art|oh so you cant get burned i see
|c| swag is an art|you juts dissolve
|c|âI'm Virus (~'o')~|,
|c| Yun0 Gasai|not sure
|c|âI'm Virus (~'o')~|thats g_g
|c| Yun0 Gasai|how you win now
|
|switch|p1a: Kyurem-Black|Kyurem-Black|342\/391
|-damage|p1a: Kyurem-Black|245\/391|[from] Stealth Rock
|-damage|p1a: Kyurem-Black|197\/391|[from] Spikes
|-ability|p1a: Kyurem-Black|Teravolt
|turn|37
|c|âI'm Virus (~'o')~|the misclick
|c|âI'm Virus (~'o')~|with pinsir tho
|c|âOx the Fox|yah lol
|join|Too much swog
|
|move|p2a: Chesnaught|Spiky Shield|p2a: Chesnaught
|-singleturn|p2a: Chesnaught|move: Protect
|move|p1a: Kyurem-Black|Ice Beam|p2a: Chesnaught
|-activate|p2a: Chesnaught|move: Protect
|
|turn|38
|c|âOx the Fox|that put in the work
|c| Yun0 Gasai|pinsir just run through that
|
|switch|p2a: Keldeo|Keldeo|283\/323
|-damage|p2a: Keldeo|263\/323|[from] Stealth Rock
|move|p1a: Kyurem-Black|Ice Beam|p2a: Keldeo
|-resisted|p2a: Keldeo
|-damage|p2a: Keldeo|176\/323
|
|-heal|p2a: Keldeo|196\/323|[from] item: Leftovers
|turn|39
|c|âI'm Virus (~'o')~|i swear if i had pinsir
|c|âI'm Virus (~'o')~|that would have made this so much better
|c|âI'm Virus (~'o')~|gg
|-message|I'm Virus (~'o')~ forfeited.
|c|âOx the Fox|gg
|leave|Yun0 Gasai
|
|win|Ox the Fox
|leave|LadderSoTall
|leave|Ox the Fox
|leave|selkiegal
|leave|Galactic Princess
|player|p2
|leave|Beauty Emelyn
|leave|ffc - land
|leave|Senhor Anseio
|leave|swag is an art
|leave|I'm Virus (~'o')~
|player|p1
|leave|BulkyZardX
|leave|Maiora
|leave|VagSlayer420
|leave|senegal
|leave|MegaSwagpert
|leave|QuagGod
|leave|Sike2303
|leave|Too much swog
|leave|rob
|leave|fat cunt prick
|leave|wolfn
|leave|lmLonely
|leave|Must be niche
|join|Breeloom
|leave|Breeloom
|join|strOKing
|leave|strOKing
|leave|Specs Fake-Out
|leave|EternusDraco