|join|Ox the Fox
|join|WECAMEASROMANS
|player|p1|Ox the Fox|201
|player|p2|WECAMEASROMANS|2
|gametype|singles
|gen|6
|tier|OU
|rated
|clearpoke
|poke|p1|Sceptile, M
|poke|p1|Greninja, M
|poke|p1|Landorus, M
|poke|p1|Tyranitar, M
|poke|p1|Skarmory, M
|poke|p1|Gengar, M
|poke|p2|Thundurus, M
|poke|p2|Talonflame, F
|poke|p2|Tyranitar, F
|poke|p2|Excadrill, F
|poke|p2|Altaria, M
|poke|p2|Greninja, F
|rule|Swagger Clause: Swagger is banned
|rule|Baton Pass Clause: Limit one PokÃ©mon knowing Baton Pass
|rule|Sleep Clause Mod: Limit one foe put to sleep
|rule|Species Clause: Limit one of each PokÃ©mon
|rule|OHKO Clause: OHKO moves are banned
|rule|Moody Clause: Moody is banned
|rule|Evasion Moves Clause: Evasion moves are banned
|rule|Endless Battle Clause: Forcing endless battles is banned
|rule|HP Percentage Mod: HP is shown in percentages
|teampreview
|c|âOx the Fox|glhf
|c|âWECAMEASROMANS|gee el n_n
|
|start
|switch|p1a: Skarmory|Skarmory, M|333\/333
|switch|p2a: Greninja|Greninja, F|285\/285
|turn|1
|
|move|p2a: Greninja|Dark Pulse|p1a: Skarmory
|-start|p2a: Greninja|typechange|Dark|[from] Protean
|-damage|p1a: Skarmory|122\/333
|-damage|p2a: Greninja|257\/285|[from] item: Life Orb
|move|p1a: Skarmory|Tailwind|p1a: Skarmory
|-sidestart|p1: Ox the Fox|move: Tailwind
|
|turn|2
|
|switch|p2a: Thundurus|Thundurus, M|299\/299
|move|p1a: Skarmory|Stealth Rock|p2a: Thundurus
|-sidestart|p2: WECAMEASROMANS|move: Stealth Rock
|
|turn|3
|
|move|p2a: Thundurus|Thunder Wave|p1a: Skarmory
|-status|p1a: Skarmory|par
|move|p1a: Skarmory|Spikes|p2a: Thundurus
|-sidestart|p2: WECAMEASROMANS|Spikes
|
|turn|4
|
|move|p2a: Thundurus|Thunderbolt|p1a: Skarmory
|-crit|p1a: Skarmory
|-supereffective|p1a: Skarmory
|-damage|p1a: Skarmory|0 fnt
|-damage|p2a: Thundurus|270\/299|[from] item: Life Orb
|faint|p1a: Skarmory
|
|-sideend|p1: Ox the Fox|move: Tailwind
|
|switch|p1a: Tyranitar|Tyranitar, M|341\/341
|-weather|Sandstorm
|turn|5
|
|move|p2a: Thundurus|Thunder Wave|p1a: Tyranitar
|-status|p1a: Tyranitar|par
|move|p1a: Tyranitar|Stone Edge|p2a: Thundurus
|-supereffective|p2a: Thundurus
|-damage|p2a: Thundurus|0 fnt
|faint|p2a: Thundurus
|
|-weather|Sandstorm|[upkeep]
|
|switch|p2a: Excadrill|Excadrill, F|361\/361
|-damage|p2a: Excadrill|316\/361|[from] Spikes
|-damage|p2a: Excadrill|305\/361|[from] Stealth Rock
|turn|6
|
|switch|p1a: Gengar|Gengar, M|261\/261
|move|p2a: Excadrill|Rapid Spin|p1a: Gengar
|-immune|p1a: Gengar|[msg]
|
|-weather|Sandstorm|[upkeep]
|-damage|p1a: Gengar|245\/261|[from] sandstorm
|turn|7
|
|move|p2a: Excadrill|Iron Head|p1a: Gengar
|-damage|p1a: Gengar|0 fnt
|-damage|p2a: Excadrill|269\/361|[from] item: Life Orb
|faint|p1a: Gengar
|
|-weather|Sandstorm|[upkeep]
|
|switch|p1a: Landorus|Landorus, M|319\/319
|turn|8
|
|move|p2a: Excadrill|Rapid Spin|p1a: Landorus
|-damage|p1a: Landorus|277\/319
|-sideend|p2: WECAMEASROMANS|Spikes|[from] move: Rapid Spin|[of] p2a: Excadrill
|-sideend|p2: WECAMEASROMANS|Stealth Rock|[from] move: Rapid Spin|[of] p2a: Excadrill
|-damage|p2a: Excadrill|233\/361|[from] item: Life Orb
|move|p1a: Landorus|Earth Power|p2a: Excadrill
|-supereffective|p2a: Excadrill
|-damage|p2a: Excadrill|0 fnt
|faint|p2a: Excadrill
|
|-weather|Sandstorm|[upkeep]
|
|switch|p2a: Altaria|Altaria, M|354\/354
|turn|9
|
|move|p1a: Landorus|Psychic|p2a: Altaria
|-damage|p2a: Altaria|190\/354
|move|p2a: Altaria|Dragon Dance|p2a: Altaria
|-boost|p2a: Altaria|atk|1
|-boost|p2a: Altaria|spe|1
|
|-weather|none
|turn|10
|c|âOx the Fox|i autolose to this :[
|
|move|p1a: Landorus|Psychic|p2a: Altaria
|-damage|p2a: Altaria|30\/354
|move|p2a: Altaria|Dragon Dance|p2a: Altaria
|-boost|p2a: Altaria|atk|1
|-boost|p2a: Altaria|spe|1
|
|turn|11
|
|detailschange|p2a: Altaria|Altaria-Mega, M
|message|Altaria has Mega Evolved into Mega Altaria!
|move|p2a: Altaria|Return|p1a: Landorus
|-damage|p1a: Landorus|0 fnt
|faint|p1a: Landorus
|
|
|switch|p1a: Tyranitar|Tyranitar, M|341\/341 par
|-weather|Sandstorm
|turn|12
|
|move|p2a: Altaria|Roost|p2a: Altaria
|-heal|p2a: Altaria|207\/354
|move|p1a: Tyranitar|Stone Edge|p2a: Altaria
|-damage|p2a: Altaria|47\/354
|
|-weather|Sandstorm|[upkeep]
|-damage|p2a: Altaria|25\/354|[from] sandstorm
|turn|13
|
|move|p2a: Altaria|Roost|p2a: Altaria
|-heal|p2a: Altaria|202\/354
|move|p1a: Tyranitar|Stone Edge|p2a: Altaria
|-damage|p2a: Altaria|64\/354
|
|-weather|Sandstorm|[upkeep]
|-damage|p2a: Altaria|42\/354|[from] sandstorm
|turn|14
|
|move|p2a: Altaria|Return|p1a: Tyranitar
|-supereffective|p1a: Tyranitar
|-damage|p1a: Tyranitar|0 fnt
|faint|p1a: Tyranitar
|
|-weather|Sandstorm|[upkeep]
|-damage|p2a: Altaria|20\/354|[from] sandstorm
|
|switch|p1a: Sceptile|Sceptile, M|281\/281
|turn|15
|
|detailschange|p1a: Sceptile|Sceptile-Mega, M
|message|Sceptile has Mega Evolved into Mega Sceptile!
|move|p2a: Altaria|Roost|p2a: Altaria
|-heal|p2a: Altaria|197\/354
|move|p1a: Sceptile|Earthquake|p2a: Altaria
|-damage|p2a: Altaria|124\/354
|
|-weather|Sandstorm|[upkeep]
|-damage|p2a: Altaria|102\/354|[from] sandstorm
|-damage|p1a: Sceptile|264\/281|[from] sandstorm
|turn|16
|-message|Ox the Fox forfeited.
|
|win|WECAMEASROMANS
|raw|Ladder updating...
|c|âOx the Fox|gg