|join|Ox the Fox
|join|SL) VetDancX
|player|p1|Ox the Fox|201
|player|p2|SL) VetDancX|153
|gametype|singles
|gen|6
|tier|OU
|rated
|clearpoke
|poke|p1|Scizor, F
|poke|p1|Diggersby, M
|poke|p1|Azumarill, F
|poke|p1|Mamoswine, F
|poke|p1|Greninja, F
|poke|p1|Latias, F
|poke|p2|Talonflame, M
|poke|p2|Excadrill, F
|poke|p2|Tyranitar, F
|poke|p2|Dragonite, M
|poke|p2|Pinsir, F
|poke|p2|Gyarados, M
|rule|Swagger Clause: Swagger is banned
|rule|Baton Pass Clause: Limit one PokÃ©mon knowing Baton Pass
|rule|Sleep Clause Mod: Limit one foe put to sleep
|rule|Species Clause: Limit one of each PokÃ©mon
|rule|OHKO Clause: OHKO moves are banned
|rule|Moody Clause: Moody is banned
|rule|Evasion Moves Clause: Evasion moves are banned
|rule|Endless Battle Clause: Forcing endless battles is banned
|rule|HP Percentage Mod: HP is shown in percentages
|teampreview
|
|start
|switch|p1a: Mamoswine|Mamoswine, F|361\/361
|switch|p2a: Scarf|Tyranitar, F|341\/341
|-weather|Sandstorm
|turn|1
|
|move|p1a: Mamoswine|Earthquake|p2a: Scarf
|-supereffective|p2a: Scarf
|-enditem|p2a: Scarf|Focus Sash
|-damage|p2a: Scarf|1\/341
|move|p2a: Scarf|Stealth Rock|p1a: Mamoswine
|-sidestart|p1: Ox the Fox|move: Stealth Rock
|
|-weather|Sandstorm|[upkeep]
|turn|2
|
|move|p1a: Mamoswine|Ice Shard|p2a: Scarf
|-damage|p2a: Scarf|0 fnt
|faint|p2a: Scarf
|
|-weather|Sandstorm|[upkeep]
|
|switch|p2a: Excabron|Excadrill, F|362\/362
|turn|3
|
|move|p2a: Excabron|Iron Head|p1a: Mamoswine
|-supereffective|p1a: Mamoswine
|-enditem|p1a: Mamoswine|Focus Sash
|-damage|p1a: Mamoswine|1\/361
|-damage|p2a: Excabron|326\/362|[from] item: Life Orb
|cant|p1a: Mamoswine|flinch
|
|-weather|Sandstorm|[upkeep]
|turn|4
|c|âOx the Fox|thats annoying
|
|move|p1a: Mamoswine|Ice Shard|p2a: Excabron
|-damage|p2a: Excabron|223\/362
|move|p2a: Excabron|Iron Head|p1a: Mamoswine
|-supereffective|p1a: Mamoswine
|-damage|p1a: Mamoswine|0 fnt
|-damage|p2a: Excabron|187\/362|[from] item: Life Orb
|faint|p1a: Mamoswine
|
|-weather|Sandstorm|[upkeep]
|
|switch|p1a: Azumarill|Azumarill, F|364\/364
|-damage|p1a: Azumarill|319\/364|[from] Stealth Rock
|turn|5
|
|move|p1a: Azumarill|Aqua Jet|p2a: Excabron
|-supereffective|p2a: Excabron
|-damage|p2a: Excabron|0 fnt
|faint|p2a: Excabron
|
|-weather|none
|
|switch|p2a: Pinsir|Pinsir, F|271\/271
|-ability|p2a: Pinsir|Mold Breaker
|turn|6
|
|detailschange|p2a: Pinsir|Pinsir-Mega, F
|message|Pinsir has Mega Evolved into Mega Pinsir!
|move|p2a: Pinsir|Return|p1a: Azumarill
|-damage|p1a: Azumarill|6\/364
|-enditem|p1a: Azumarill|Sitrus Berry|[eat]
|-heal|p1a: Azumarill|97\/364|[from] item: Sitrus Berry
|move|p1a: Azumarill|Play Rough|p2a: Pinsir
|-damage|p2a: Pinsir|100\/271
|
|turn|7
|
|move|p2a: Pinsir|Quick Attack|p1a: Azumarill
|-damage|p1a: Azumarill|0 fnt
|faint|p1a: Azumarill
|
|
|switch|p1a: Scizor|Scizor, F|307\/307
|-damage|p1a: Scizor|269\/307|[from] Stealth Rock
|turn|8
|
|switch|p2a: )|Talonflame, M|298\/298
|detailschange|p1a: Scizor|Scizor-Mega, F
|message|Scizor has Mega Evolved into Mega Scizor!
|move|p1a: Scizor|Bullet Punch|p2a: )
|-resisted|p2a: )
|-damage|p2a: )|214\/298
|
|turn|9
|
|move|p2a: )|Brave Bird|p1a: Scizor
|-damage|p1a: Scizor|65\/307
|-damage|p2a: )|147\/298|[from] recoil|[of] p1a: Scizor
|move|p1a: Scizor|Bullet Punch|p2a: )
|-resisted|p2a: )
|-damage|p2a: )|58\/298
|
|turn|10
|
|move|p2a: )|Brave Bird|p1a: Scizor
|-damage|p1a: Scizor|0 fnt
|-damage|p2a: )|37\/298|[from] recoil|[of] p1a: Scizor
|faint|p1a: Scizor
|
|
|switch|p1a: Greninja|Greninja, F|285\/285
|-damage|p1a: Greninja|250\/285|[from] Stealth Rock
|turn|11
|
|switch|p2a: Pinsir|Pinsir-Mega, F|100\/271
|move|p1a: Greninja|Ice Beam|p2a: Pinsir
|-start|p1a: Greninja|typechange|Ice|[from] Protean
|-supereffective|p2a: Pinsir
|-damage|p2a: Pinsir|0 fnt
|-damage|p1a: Greninja|222\/285|[from] item: Life Orb
|faint|p2a: Pinsir
|
|
|switch|p2a: )|Talonflame, M|37\/298
|turn|12
|
|move|p2a: )|Tailwind|p2a: )
|-sidestart|p2: SL) VetDancX|move: Tailwind
|move|p1a: Greninja|Ice Beam|p2a: )
|-damage|p2a: )|0 fnt
|-damage|p1a: Greninja|194\/285|[from] item: Life Orb
|faint|p2a: )
|
|
|switch|p2a: Leyenda|Dragonite, M|324\/324
|turn|13
|
|move|p2a: Leyenda|Outrage|p1a: Greninja
|-damage|p1a: Greninja|0 fnt
|faint|p1a: Greninja
|
|
|switch|p1a: Diggersby|Diggersby, M|311\/311
|-damage|p1a: Diggersby|292\/311|[from] Stealth Rock
|turn|14
|
|move|p1a: Diggersby|Quick Attack|p2a: Leyenda
|-damage|p2a: Leyenda|263\/324
|-damage|p1a: Diggersby|261\/311|[from] item: Life Orb
|move|p2a: Leyenda|Outrage|p1a: Diggersby
|-damage|p1a: Diggersby|0 fnt
|faint|p1a: Diggersby
|
|
|switch|p1a: Latias|Latias, F|301\/301
|-damage|p1a: Latias|264\/301|[from] Stealth Rock
|turn|15
|
|move|p1a: Latias|Draco Meteor|p2a: Leyenda
|-supereffective|p2a: Leyenda
|-damage|p2a: Leyenda|0 fnt
|-unboost|p1a: Latias|spa|2
|faint|p2a: Leyenda
|
|-sideend|p2: SL) VetDancX|move: Tailwind
|c|âOx the Fox|oh lol
|
|switch|p2a: VetDancX|Gyarados, M|332\/332
|turn|16
|
|move|p1a: Latias|Draco Meteor|p2a: VetDancX
|-damage|p2a: VetDancX|227\/332
|-unboost|p1a: Latias|spa|2
|move|p2a: VetDancX|Outrage|p1a: Latias
|-supereffective|p1a: Latias
|-damage|p1a: Latias|0 fnt
|faint|p1a: Latias
|-boost|p2a: VetDancX|atk|1|[from] ability: Moxie
|
|win|SL) VetDancX
|raw|Ladder updating...
|raw|Ox the Fox's rating: 1779 &rarr; <strong>1749<\/strong><br \/>(-30 for losing)
|raw|SL) VetDancX's rating: 1568 &rarr; <strong>1599<\/strong><br \/>(+31 for winning)
|c|âSL) VetDancX|lol
|leave|Ox the Fox
|player|p1
|c|âSL) VetDancX|gg