|join|Ox the Fox
|join|soulofaetherym
|player|p1|Ox the Fox|201
|player|p2|soulofaetherym|99
|gametype|singles
|gen|6
|tier|OU
|rated
|clearpoke
|poke|p1|Azelf
|poke|p1|Bisharp, F
|poke|p1|Azumarill, F
|poke|p1|Lopunny, F
|poke|p1|Raikou
|poke|p1|Keldeo
|poke|p2|Metagross
|poke|p2|Greninja, F
|poke|p2|Latios, M
|poke|p2|Landorus-Therian, M
|poke|p2|Heatran, F
|poke|p2|Breloom, F
|rule|Swagger Clause: Swagger is banned
|rule|Baton Pass Clause: Limit one PokÃ©mon knowing Baton Pass
|rule|Sleep Clause Mod: Limit one foe put to sleep
|rule|Species Clause: Limit one of each PokÃ©mon
|rule|OHKO Clause: OHKO moves are banned
|rule|Moody Clause: Moody is banned
|rule|Evasion Moves Clause: Evasion moves are banned
|rule|Endless Battle Clause: Forcing endless battles is banned
|rule|HP Percentage Mod: HP is shown in percentages
|teampreview
|c|âOx the Fox|glhf
|c|âsoulofaetherym|u2
|join|SeventyFive
|c| SeventyFive|( Í¡Â° ÍÊ Í¡Â°)
|c| SeventyFive|( Í¡Â° ÍÊ Í¡Â°)
|
|start
|switch|p1a: Lead|Azelf|353\/353
|switch|p2a: Landorus-Therian|Landorus-Therian, M|325\/325
|-ability|p2a: Landorus-Therian|Intimidate|[of] p1a: Lead
|-unboost|p1a: Lead|atk|1
|turn|1
|
|move|p2a: Landorus-Therian|U-turn|p1a: Lead
|-supereffective|p1a: Lead
|-damage|p1a: Lead|99\/353
|
|switch|p2a: Greninja|Greninja, F|286\/286
|move|p1a: Lead|Stealth Rock|p2a: Greninja
|-sidestart|p2: soulofaetherym|move: Stealth Rock
|
|turn|2
|join|Great Cornholio
|c| Great Cornholio|gl lads
|c| Great Cornholio|or lasses
|c| Great Cornholio|i dunno
|
|switch|p1a: Fuck da police|Keldeo|323\/323
|move|p2a: Greninja|Dark Pulse|p1a: Fuck da police
|-start|p2a: Greninja|typechange|Dark|[from] Protean
|-resisted|p1a: Fuck da police
|-damage|p1a: Fuck da police|236\/323
|-boost|p1a: Fuck da police|atk|1|[from] ability: Justified
|-damage|p2a: Greninja|258\/286|[from] item: Life Orb
|
|turn|3
|c|âOx the Fox|at least one lad
|
|switch|p1a: Lead|Azelf|99\/353
|move|p2a: Greninja|Gunk Shot|p1a: Lead|[miss]
|-start|p2a: Greninja|typechange|Poison|[from] Protean
|-miss|p2a: Greninja|p1a: Lead
|
|turn|4
|c| Great Cornholio|lol
|
|switch|p1a: Fuck da police|Keldeo|236\/323
|move|p2a: Greninja|Dark Pulse|p1a: Fuck da police
|-start|p2a: Greninja|typechange|Dark|[from] Protean
|-resisted|p1a: Fuck da police
|-damage|p1a: Fuck da police|158\/323
|-boost|p1a: Fuck da police|atk|1|[from] ability: Justified
|-damage|p2a: Greninja|230\/286|[from] item: Life Orb
|
|turn|5
|c|âOx the Fox|i don't get these niggas
|c|âOx the Fox|miss
|
|move|p1a: Fuck da police|Secret Sword|p2a: Greninja
|-crit|p2a: Greninja
|-supereffective|p2a: Greninja
|-damage|p2a: Greninja|0 fnt
|faint|p2a: Greninja
|
|c|âOx the Fox|they don't predict shit
|c|âOx the Fox|"lemme just bring in my specs keldeo to potentially get killed by gunk, and force a 50.50"
|
|switch|p2a: Landorus-Therian|Landorus-Therian, M|325\/325
|-damage|p2a: Landorus-Therian|285\/325|[from] Stealth Rock
|-ability|p2a: Landorus-Therian|Intimidate|[of] p1a: Fuck da police
|-unboost|p1a: Fuck da police|atk|1
|turn|6
|
|switch|p1a: Lead|Azelf|99\/353
|move|p2a: Landorus-Therian|U-turn|p1a: Lead
|-supereffective|p1a: Lead
|-damage|p1a: Lead|0 fnt
|faint|p1a: Lead
|
|switch|p2a: Heatran|Heatran, F|386\/386
|-damage|p2a: Heatran|338\/386|[from] Stealth Rock
|
|-heal|p2a: Heatran|362\/386|[from] item: Leftovers
|
|switch|p1a: Fuck da police|Keldeo|158\/323
|turn|7
|
|move|p1a: Fuck da police|Secret Sword|p2a: Heatran
|-supereffective|p2a: Heatran
|-damage|p2a: Heatran|78\/386
|move|p2a: Heatran|Stealth Rock|p1a: Fuck da police
|-sidestart|p1: Ox the Fox|move: Stealth Rock
|
|-heal|p2a: Heatran|102\/386|[from] item: Leftovers
|turn|8
|
|move|p1a: Fuck da police|Secret Sword|p2a: Heatran
|-supereffective|p2a: Heatran
|-damage|p2a: Heatran|0 fnt
|faint|p2a: Heatran
|
|
|switch|p2a: Landorus-Therian|Landorus-Therian, M|285\/325
|-damage|p2a: Landorus-Therian|245\/325|[from] Stealth Rock
|-ability|p2a: Landorus-Therian|Intimidate|[of] p1a: Fuck da police
|-unboost|p1a: Fuck da police|atk|1
|turn|9
|
|move|p1a: Fuck da police|Secret Sword|p2a: Landorus-Therian
|-resisted|p2a: Landorus-Therian
|-damage|p2a: Landorus-Therian|167\/325
|move|p2a: Landorus-Therian|Earthquake|p1a: Fuck da police
|-damage|p1a: Fuck da police|0 fnt
|faint|p1a: Fuck da police
|
|
|switch|p1a: I MISS DIGGERS|Bisharp, F|271\/271
|-damage|p1a: I MISS DIGGERS|255\/271|[from] Stealth Rock
|turn|10
|c|âOx the Fox|pls cancel
|c|âOx the Fox|ffs
|
|move|p1a: I MISS DIGGERS|Sucker Punch|p2a: Landorus-Therian
|-damage|p2a: Landorus-Therian|0 fnt
|-damage|p1a: I MISS DIGGERS|228\/271|[from] item: Life Orb
|faint|p2a: Landorus-Therian
|
|
|switch|p2a: Breloom|Breloom, F|262\/262
|-damage|p2a: Breloom|246\/262|[from] Stealth Rock
|turn|11
|c| Great Cornholio|what item? if keld is specs how u no outspeed
|c| Great Cornholio|w lando
|c|âOx the Fox|scarf
|c|âOx the Fox|ofc
|
|switch|p1a: Bunny 1|Azumarill, F|364\/364
|-damage|p1a: Bunny 1|319\/364|[from] Stealth Rock
|move|p2a: Breloom|Spore|p1a: Bunny 1
|-status|p1a: Bunny 1|slp
|
|turn|12
|c| Great Cornholio|i see
|c| Great Cornholio|derp
|
|move|p2a: Breloom|Bullet Seed|p1a: Bunny 1
|-supereffective|p1a: Bunny 1
|-damage|p1a: Bunny 1|139\/364 slp
|-enditem|p1a: Bunny 1|Sitrus Berry|[eat]
|-heal|p1a: Bunny 1|230\/364 slp|[from] item: Sitrus Berry
|-supereffective|p1a: Bunny 1
|-damage|p1a: Bunny 1|68\/364 slp
|-hitcount|p1a: Bunny 1|2
|cant|p1a: Bunny 1|slp
|
|turn|13
|c|âOx the Fox|no wake nice hax
|c| Great Cornholio|got thrown off by the specs keld you said earlier. i guess the damage said otherwise
|
|cant|p1a: Bunny 1|slp
|move|p2a: Breloom|Bullet Seed|p1a: Bunny 1
|-supereffective|p1a: Bunny 1
|-damage|p1a: Bunny 1|0 fnt
|-hitcount|p1a: Bunny 1|1
|faint|p1a: Bunny 1
|
|join|ffdsafsdasdf
|c| ffdsafsdasdf|BRING IN THE BUNNY
|
|switch|p1a: Standard Pivot|Raikou|321\/321
|-damage|p1a: Standard Pivot|281\/321|[from] Stealth Rock
|-ability|p1a: Standard Pivot|Pressure
|turn|14
|c| ffdsafsdasdf|or nah
|
|switch|p2a: Latios|Latios, M|302\/302
|-damage|p2a: Latios|265\/302|[from] Stealth Rock
|move|p1a: Standard Pivot|Volt Switch|p2a: Latios
|-resisted|p2a: Latios
|-damage|p2a: Latios|189\/302
|c| ffdsafsdasdf|dat choke
|c| Great Cornholio|wow, what a huge bunny
|c|âOx the Fox|how did I choke
|
|switch|p1a: I MISS DIGGERS|Bisharp, F|228\/271
|-damage|p1a: I MISS DIGGERS|212\/271|[from] Stealth Rock
|
|turn|15
|c| Great Cornholio|not a choke :I
|
|move|p1a: I MISS DIGGERS|Sucker Punch|p2a: Latios
|-supereffective|p2a: Latios
|-damage|p2a: Latios|0 fnt
|-damage|p1a: I MISS DIGGERS|185\/271|[from] item: Life Orb
|faint|p2a: Latios
|
|
|switch|p2a: Breloom|Breloom, F|246\/262
|-damage|p2a: Breloom|230\/262|[from] Stealth Rock
|turn|16
|
|move|p2a: Breloom|Mach Punch|p1a: I MISS DIGGERS
|-supereffective|p1a: I MISS DIGGERS
|-damage|p1a: I MISS DIGGERS|0 fnt
|faint|p1a: I MISS DIGGERS
|
|c| ffdsafsdasdf|groan
|
|switch|p1a: Bunny 2|Lopunny, F|271\/271
|-damage|p1a: Bunny 2|238\/271|[from] Stealth Rock
|turn|17
|c|âOx the Fox|don't fucking miss
|
|detailschange|p1a: Bunny 2|Lopunny-Mega, F
|-mega|p1a: Bunny 2|Lopunny|Lopunnite
|move|p2a: Breloom|Mach Punch|p1a: Bunny 2
|-supereffective|p1a: Bunny 2
|-damage|p1a: Bunny 2|0 fnt
|faint|p1a: Bunny 2
|
|c|âOx the Fox|wait what
|c| ffdsafsdasdf|O.o
|c| Great Cornholio|well then
|c| ffdsafsdasdf|O.o
|c|âOx the Fox|252 Atk Technician Breloom Mach Punch vs. 0 HP \/ 4 Def Mega Lopunny: 206-246 (76 - 90.7%) -- guaranteed 2HKO after Stealth Rock
|c|âOx the Fox|nice fucking max roll
|c|âOx the Fox|...
|c|âOx the Fox|that just lost me 34 more points
|
|switch|p1a: Standard Pivot|Raikou|281\/321
|-damage|p1a: Standard Pivot|241\/321|[from] Stealth Rock
|-ability|p1a: Standard Pivot|Pressure
|turn|18
|
|move|p2a: Breloom|Mach Punch|p1a: Standard Pivot
|-damage|p1a: Standard Pivot|106\/321
|move|p1a: Standard Pivot|Shadow Ball|p2a: Breloom
|-damage|p2a: Breloom|23\/262
|
|turn|19
|c|âOx the Fox|bg
|-message|Ox the Fox forfeited.
|c|âOx the Fox|how many
|
|win|soulofaetherym
|raw|Ladder updating...
|raw|Ox the Fox's rating: 1953 &rarr; <strong>1920<\/strong><br \/>(-33 for losing)
|raw|soulofaetherym's rating: 1664 &rarr; <strong>1697<\/strong><br \/>(+33 for winning)
|c|âOx the Fox|FUCK YOU
|
|leave|Ox the Fox
|join|KratosSnake
|player|p1
|leave|KratosSnake
|leave|Great Cornholio