|join|Aka DH
|join|Ox the Fox
|player|p1|Aka DH|1
|player|p2|Ox the Fox|201
|gametype|singles
|gen|6
|tier|OU
|rated
|clearpoke
|poke|p1|Bisharp, M
|poke|p1|Venusaur, M
|poke|p1|Heatran, M
|poke|p1|Keldeo
|poke|p1|Chansey, F
|poke|p1|Skarmory, M
|poke|p2|Azelf
|poke|p2|Bisharp, F
|poke|p2|Azumarill, M
|poke|p2|Lopunny, M
|poke|p2|Raikou
|poke|p2|Keldeo
|rule|Swagger Clause: Swagger is banned
|rule|Baton Pass Clause: Limit one PokÃ©mon knowing Baton Pass
|rule|Sleep Clause Mod: Limit one foe put to sleep
|rule|Species Clause: Limit one of each PokÃ©mon
|rule|OHKO Clause: OHKO moves are banned
|rule|Moody Clause: Moody is banned
|rule|Evasion Moves Clause: Evasion moves are banned
|rule|Endless Battle Clause: Forcing endless battles is banned
|rule|HP Percentage Mod: HP is shown in percentages
|teampreview
|join|gyarad0site
|join|gamerguy1123
|join|Yuttt.annual
|join|Gizmo
|join|MoldyMango
|join|jake5
|
|start
|switch|p1a: Heatran|Heatran, M|340\/340
|switch|p2a: Lead|Azelf|353\/353
|-item|p1a: Heatran|Air Balloon
|turn|1
|join|Storm Jesus
|
|move|p2a: Lead|Taunt|p1a: Heatran
|-start|p1a: Heatran|move: Taunt
|move|p1a: Heatran|Fire Blast|p2a: Lead
|-damage|p2a: Lead|134\/353
|
|turn|2
|
|switch|p1a: Chansey|Chansey, F|684\/684
|move|p2a: Lead|Stealth Rock|p1a: Chansey
|-sidestart|p1: Aka DH|move: Stealth Rock
|
|turn|3
|
|move|p2a: Lead|Taunt|p1a: Chansey
|-start|p1a: Chansey|move: Taunt
|move|p1a: Chansey|Seismic Toss|p2a: Lead
|-damage|p2a: Lead|34\/353
|
|turn|4
|
|move|p2a: Lead|Reflect|p2a: Lead
|-sidestart|p2: Ox the Fox|Reflect
|move|p1a: Chansey|Seismic Toss|p2a: Lead
|-damage|p2a: Lead|0 fnt
|faint|p2a: Lead
|
|join|Jefo
|
|switch|p2a: Bunny 2|Lopunny, M|271\/271
|turn|5
|
|switch|p1a: Skarmory|Skarmory, M|334\/334
|-damage|p1a: Skarmory|293\/334|[from] Stealth Rock
|detailschange|p2a: Bunny 2|Lopunny-Mega, M
|-mega|p2a: Bunny 2|Lopunny|Lopunnite
|move|p2a: Bunny 2|Power-Up Punch|p1a: Skarmory
|-damage|p1a: Skarmory|247\/334
|-damage|p2a: Bunny 2|226\/271|[from] item: Rocky Helmet|[of] p1a: Skarmory
|-boost|p2a: Bunny 2|atk|1
|
|turn|6
|
|move|p2a: Bunny 2|Power-Up Punch|p1a: Skarmory
|-damage|p1a: Skarmory|174\/334
|-damage|p2a: Bunny 2|181\/271|[from] item: Rocky Helmet|[of] p1a: Skarmory
|-boost|p2a: Bunny 2|atk|1
|move|p1a: Skarmory|Whirlwind|p2a: Bunny 2
|drag|p2a: Fuck da police|Keldeo|323\/323
|
|turn|7
|c|âOx the Fox|i canceled
|c| Yuttt.annual|newb
|join|Ghostfear
|c|âOx the Fox|i went for hjk
|c| jake5|lel
|c| jake5|if you went for it
|c| jake5|his skarm would be as good as ded
|c|âOx the Fox|fuck cancel
|
|switch|p2a: Bunny 2|Lopunny-Mega, M|181\/271
|switch|p1a: Venusaur|Venusaur, M|364\/364
|-damage|p1a: Venusaur|319\/364|[from] Stealth Rock
|
|turn|8
|c|âOx the Fox|useless piece of shit
|join|Asa Reagan
|c| jake5|get past this
|
|detailschange|p1a: Venusaur|Venusaur-Mega, M
|-mega|p1a: Venusaur|Venusaur|Venusaurite
|move|p2a: Bunny 2|Power-Up Punch|p1a: Venusaur
|-resisted|p1a: Venusaur
|-damage|p1a: Venusaur|298\/364
|-boost|p2a: Bunny 2|atk|1
|move|p1a: Venusaur|Giga Drain|p2a: Bunny 2
|-damage|p2a: Bunny 2|69\/271
|-heal|p1a: Venusaur|354\/364|[from] drain|[of] p2a: Bunny 2
|
|turn|9
|c| jake5|....
|c| Yuttt.annual|just crit
|c|âOx the Fox|n
|c|âOx the Fox|hjk on skarm
|
|move|p2a: Bunny 2|Return|p1a: Venusaur
|-damage|p1a: Venusaur|180\/364
|move|p1a: Venusaur|Giga Drain|p2a: Bunny 2
|-damage|p2a: Bunny 2|0 fnt
|-heal|p1a: Venusaur|215\/364|[from] drain|[of] p2a: Bunny 2
|faint|p2a: Bunny 2
|
|c| jake5|that did nothing lol
|c| Asa Reagan|you've been complaining about that every fucking game
|
|switch|p2a: I MISS DIGGERS|Bisharp, F|271\/271
|turn|10
|c|âOx the Fox|asa stop following me
|c| Asa Reagan|just think your move through b4 you click
|c| Asa Reagan|jesus
|c| jake5|^
|c|âOx the Fox|jesus
|c|âOx the Fox|did I ask for you opinion
|c|âOx the Fox|I'm player
|
|switch|p1a: Heatran|Heatran, M|340\/340
|-damage|p1a: Heatran|298\/340|[from] Stealth Rock
|-item|p1a: Heatran|Air Balloon
|move|p2a: I MISS DIGGERS|Iron Head|p1a: Heatran
|-resisted|p1a: Heatran
|-damage|p1a: Heatran|262\/340
|-enditem|p1a: Heatran|Air Balloon
|-damage|p2a: I MISS DIGGERS|244\/271|[from] item: Life Orb
|
|turn|11
|c|âOx the Fox|I'll complain if I want
|join|TheLaughingCats
|c| jake5|i hardly ever use the cancel button personally
|c| jake5|anyway go ox
|join|Leafstorm121
|
|switch|p2a: Bunny 1|Azumarill, M|364\/364
|move|p1a: Heatran|Stealth Rock|p2a: Bunny 1
|-sidestart|p2: Ox the Fox|move: Stealth Rock
|
|-sideend|p2: Ox the Fox|Reflect
|turn|12
|
|switch|p2a: I MISS DIGGERS|Bisharp, F|244\/271
|-damage|p2a: I MISS DIGGERS|228\/271|[from] Stealth Rock
|move|p1a: Heatran|Taunt|p2a: I MISS DIGGERS
|-start|p2a: I MISS DIGGERS|move: Taunt
|
|turn|13
|-message|Ox the Fox forfeited.
|leave|jake5
|join|jake5
|
|win|Aka DH
|raw|Ladder updating...
|leave|gamerguy1123
|raw|Aka DH's rating: 1827 &rarr; <strong>1851<\/strong><br \/>(+24 for winning)
|raw|Ox the Fox's rating: 1909 &rarr; <strong>1885<\/strong><br \/>(-24 for losing)
|leave|TheLaughingCats
|leave|Ox the Fox