|join|ox the fox
|join|Flan76
|player|p1|ox the fox|201
|player|p2|Flan76|132
|gametype|singles
|gen|6
|tier|OU
|rated
|clearpoke
|poke|p1|Scizor, M, shiny
|poke|p1|Diggersby, M, shiny
|poke|p1|Raikou, shiny
|poke|p1|Azelf, shiny
|poke|p1|Greninja, F
|poke|p1|Latios, M, shiny
|poke|p2|Excadrill, M
|poke|p2|Latias, F
|poke|p2|Keldeo
|poke|p2|Diancie
|poke|p2|Landorus-Therian, M
|poke|p2|Scizor, F
|rule|Swagger Clause: Swagger is banned
|rule|Baton Pass Clause: Limit one PokÃ©mon knowing Baton Pass
|rule|Sleep Clause Mod: Limit one foe put to sleep
|rule|Species Clause: Limit one of each PokÃ©mon
|rule|OHKO Clause: OHKO moves are banned
|rule|Moody Clause: Moody is banned
|rule|Evasion Moves Clause: Evasion moves are banned
|rule|Endless Battle Clause: Forcing endless battles is banned
|rule|HP Percentage Mod: HP is shown in percentages
|teampreview
|c|âox the fox|ayyy
|c|âox the fox|glhf
|c|âox the fox|forfeit poopyhead
|c|âFlan76|oh hey
|c|âFlan76|glhf
|
|start
|switch|p1a: Azelf|Azelf, shiny|291\/291
|switch|p2a: Landorus-Therian|Landorus-Therian, M|320\/320
|-ability|p2a: Landorus-Therian|Intimidate|[of] p1a: Azelf
|-unboost|p1a: Azelf|atk|1
|turn|1
|c|âox the fox|im trying to get 1900
|c|âox the fox|forfeit and be a bae
|
|move|p2a: Landorus-Therian|U-turn|p1a: Azelf
|-supereffective|p1a: Azelf
|-damage|p1a: Azelf|41\/291
|c|âFlan76|im ok
|
|switch|p2a: Diancie|Diancie|241\/241
|move|p1a: Azelf|Stealth Rock|p2a: Diancie
|-sidestart|p2: Flan76|move: Stealth Rock
|
|turn|2
|
|detailschange|p2a: Diancie|Diancie-Mega
|message|Diancie has Mega Evolved into Mega Diancie!
|move|p1a: Azelf|Skill Swap|p2a: Diancie
|-activate|p1a: Azelf|move: Skill Swap|Magic Bounce|Levitate|[of] p2a: Diancie
|move|p2a: Diancie|Rock Polish|p2a: Diancie
|-boost|p2a: Diancie|spe|2
|
|turn|3
|
|move|p2a: Diancie|Moonblast|p1a: Azelf
|-damage|p1a: Azelf|0 fnt
|faint|p1a: Azelf
|
|
|switch|p1a: Scizor|Scizor, M, shiny|307\/307
|turn|4
|
|switch|p2a: Keldeo|Keldeo|323\/323
|-damage|p2a: Keldeo|303\/323|[from] Stealth Rock
|detailschange|p1a: Scizor|Scizor-Mega, M, shiny
|message|Scizor has Mega Evolved into Mega Scizor!
|move|p1a: Scizor|Bullet Punch|p2a: Keldeo
|-resisted|p2a: Keldeo
|-damage|p2a: Keldeo|235\/323
|
|turn|5
|
|switch|p2a: Landorus-Therian|Landorus-Therian, M|320\/320
|-damage|p2a: Landorus-Therian|280\/320|[from] Stealth Rock
|-ability|p2a: Landorus-Therian|Intimidate|[of] p1a: Scizor
|-unboost|p1a: Scizor|atk|1
|switch|p1a: Latios|Latios, M, shiny|301\/301
|
|turn|6
|
|move|p1a: Latios|Draco Meteor|p2a: Landorus-Therian
|-damage|p2a: Landorus-Therian|0 fnt
|-unboost|p1a: Latios|spa|2
|faint|p2a: Landorus-Therian
|
|
|switch|p2a: Latias|Latias, F|301\/301
|-damage|p2a: Latias|264\/301|[from] Stealth Rock
|turn|7
|
|switch|p1a: hoes on mah bed|Diggersby, M, shiny|311\/311
|move|p2a: Latias|Hidden Power|p1a: hoes on mah bed
|-damage|p1a: hoes on mah bed|216\/311
|-damage|p2a: Latias|234\/301|[from] item: Life Orb
|
|turn|8
|
|move|p1a: hoes on mah bed|Quick Attack|p2a: Latias
|-damage|p2a: Latias|112\/301
|-damage|p1a: hoes on mah bed|185\/311|[from] item: Life Orb
|move|p2a: Latias|Roost|p2a: Latias
|-heal|p2a: Latias|263\/301
|
|turn|9
|
|move|p1a: hoes on mah bed|Quick Attack|p2a: Latias
|-damage|p2a: Latias|137\/301
|-damage|p1a: hoes on mah bed|154\/311|[from] item: Life Orb
|move|p2a: Latias|Draco Meteor|p1a: hoes on mah bed
|-damage|p1a: hoes on mah bed|0 fnt
|-unboost|p2a: Latias|spa|2
|-damage|p2a: Latias|107\/301|[from] item: Life Orb
|faint|p1a: hoes on mah bed
|
|c|âox the fox|what do u have for e sens ninja
|c|âFlan76|2 scarfers
|c|âFlan76|and bpo
|c|âFlan76|bp
|
|switch|p1a: Greninja|Greninja, F|285\/285
|turn|10
|
|move|p1a: Greninja|Dark Pulse|p2a: Latias
|-start|p1a: Greninja|typechange|Dark|[from] Protean
|-supereffective|p2a: Latias
|-damage|p2a: Latias|0 fnt
|-damage|p1a: Greninja|257\/285|[from] item: Life Orb
|faint|p2a: Latias
|
|
|switch|p2a: Keldeo|Keldeo|235\/323
|-damage|p2a: Keldeo|215\/323|[from] Stealth Rock
|turn|11
|
|move|p2a: Keldeo|Secret Sword|p1a: Greninja
|-supereffective|p1a: Greninja
|-damage|p1a: Greninja|0 fnt
|faint|p1a: Greninja
|
|c|âox the fox|oh
|c|âox the fox|scarf keldeo
|c|âox the fox|pls don't tell me thats scarf exca
|c|âox the fox|lol
|c|âFlan76|nah son
|
|switch|p1a: Raikou|Raikou, shiny|329\/329
|-ability|p1a: Raikou|Pressure
|turn|12
|c|âFlan76|its still a threat though
|c|âox the fox|good
|
|switch|p2a: Diancie|Diancie-Mega|241\/241
|-damage|p2a: Diancie|211\/241|[from] Stealth Rock
|move|p1a: Raikou|Shadow Ball|p2a: Diancie
|-damage|p2a: Diancie|87\/241
|
|turn|13
|
|move|p1a: Raikou|Shadow Ball|p2a: Diancie
|-damage|p2a: Diancie|0 fnt
|faint|p2a: Diancie
|
|c|âox the fox|spdf imo
|
|switch|p2a: Excadrill|Excadrill, M|361\/361
|-damage|p2a: Excadrill|350\/361|[from] Stealth Rock
|-ability|p2a: Excadrill|Mold Breaker
|turn|14
|
|move|p1a: Raikou|Shadow Ball|p2a: Excadrill
|-damage|p2a: Excadrill|170\/361
|-unboost|p2a: Excadrill|spd|1
|move|p2a: Excadrill|Earthquake|p1a: Raikou
|-supereffective|p1a: Raikou
|-damage|p1a: Raikou|0 fnt
|faint|p1a: Raikou
|
|
|switch|p1a: Latios|Latios, M, shiny|301\/301
|turn|15
|
|move|p1a: Latios|Surf|p2a: Excadrill
|-crit|p2a: Excadrill
|-supereffective|p2a: Excadrill
|-damage|p2a: Excadrill|0 fnt
|faint|p2a: Excadrill
|
|
|switch|p2a: Scizor|Scizor, F|293\/293
|-damage|p2a: Scizor|257\/293|[from] Stealth Rock
|turn|16
|
|switch|p1a: Scizor|Scizor-Mega, M, shiny|307\/307
|move|p2a: Scizor|U-turn|p1a: Scizor
|-resisted|p1a: Scizor
|-damage|p1a: Scizor|227\/307
|
|switch|p2a: Keldeo|Keldeo|215\/323
|-damage|p2a: Keldeo|195\/323|[from] Stealth Rock
|
|turn|17
|
|move|p2a: Keldeo|Scald|p1a: Scizor
|-damage|p1a: Scizor|80\/307
|move|p1a: Scizor|Superpower|p2a: Keldeo
|-damage|p2a: Keldeo|0 fnt
|-unboost|p1a: Scizor|atk|1
|-unboost|p1a: Scizor|def|1
|faint|p2a: Keldeo
|
|c|âFlan76|scarf hp fire?????????
|
|switch|p2a: Scizor|Scizor, F|257\/293
|-damage|p2a: Scizor|221\/293|[from] Stealth Rock
|turn|18
|c|âox the fox|lol
|c|âox the fox|yes
|c|âox the fox|can u forf so we don't have to risk crit
|c|âox the fox|n_n
|
|move|p1a: Scizor|Superpower|p2a: Scizor
|-damage|p2a: Scizor|106\/293
|-unboost|p1a: Scizor|atk|1
|-unboost|p1a: Scizor|def|1
|move|p2a: Scizor|Knock Off|p1a: Scizor
|-damage|p1a: Scizor|0 fnt
|faint|p1a: Scizor
|
|
|switch|p1a: Latios|Latios, M, shiny|301\/301
|turn|19
|c|âFlan76|gg
|c|âox the fox|gg
|
|move|p1a: Latios|Hidden Power|p2a: Scizor
|-supereffective|p2a: Scizor
|-damage|p2a: Scizor|0 fnt
|faint|p2a: Scizor
|
|win|ox the fox
|raw|Ladder updating...