|join|Ox the Fox
|join|Arcanine is Regal
|join|I ABR I
|player|p1|Ox the Fox|201
|player|p2|Arcanine is Regal|126
|gametype|singles
|gen|6
|tier|OU
|clearpoke
|poke|p1|Bisharp, F
|poke|p1|Scizor, F
|poke|p1|Heatran, M
|poke|p1|Latios, M
|poke|p1|Azumarill, F
|poke|p1|Landorus-Therian, M
|poke|p2|Landorus, M
|poke|p2|Keldeo
|poke|p2|Metagross
|poke|p2|Tyranitar, M
|poke|p2|Clefable, M
|poke|p2|Excadrill, F
|rule|Swagger Clause: Swagger is banned
|rule|Baton Pass Clause: Limit one PokÃ©mon knowing Baton Pass
|rule|Sleep Clause Mod: Limit one foe put to sleep
|rule|Species Clause: Limit one of each PokÃ©mon
|rule|OHKO Clause: OHKO moves are banned
|rule|Moody Clause: Moody is banned
|rule|Evasion Moves Clause: Evasion moves are banned
|rule|Endless Battle Clause: Forcing endless battles is banned
|rule|HP Percentage Mod: HP is shown in percentages
|teampreview
|join|banslowbro
|c| I ABR I|ah metagross sand nb
|join|Yuttt.ninja
|join|Alldaalts
|
|start
|switch|p1a: Landorus-Therian|Landorus-Therian, M|319\/319
|switch|p2a: Metagross|Metagross|301\/301
|-ability|p1a: Landorus-Therian|Intimidate|[of] p2a: Metagross
|-fail|p2a: Metagross|unboost|[from] ability: Clear Body|[of] p2a: Metagross
|turn|1
|
|detailschange|p2a: Metagross|Metagross-Mega
|-mega|p2a: Metagross|Metagross|Metagrossite
|move|p1a: Landorus-Therian|U-turn|p2a: Metagross
|-damage|p2a: Metagross|234\/301
|
|switch|p1a: Heatran|Heatran, M|385\/385
|move|p2a: Metagross|Meteor Mash|p1a: Heatran
|-resisted|p1a: Heatran
|-damage|p1a: Heatran|333\/385
|
|-heal|p1a: Heatran|357\/385|[from] item: Leftovers
|turn|2
|leave|banslowbro
|
|move|p2a: Metagross|Hammer Arm|p1a: Heatran
|-supereffective|p1a: Heatran
|-damage|p1a: Heatran|29\/385
|-unboost|p2a: Metagross|spe|1
|move|p1a: Heatran|Lava Plume|p2a: Metagross
|-supereffective|p2a: Metagross
|-damage|p2a: Metagross|4\/301
|
|-heal|p1a: Heatran|53\/385|[from] item: Leftovers
|turn|3
|c| I ABR I|rip
|c|âArcanine is Regal|yum
|
|move|p1a: Heatran|Protect|p1a: Heatran
|-singleturn|p1a: Heatran|Protect
|move|p2a: Metagross|Hammer Arm|p1a: Heatran
|-activate|p1a: Heatran|Protect
|
|-heal|p1a: Heatran|77\/385|[from] item: Leftovers
|turn|4
|c|âOx the Fox|ew
|c| I ABR I|shoulda used zen
|c| Yuttt.ninja|^
|c| I ABR I|turn 1
|
|switch|p1a: Landorus-Therian|Landorus-Therian, M|319\/319
|-ability|p1a: Landorus-Therian|Intimidate|[of] p2a: Metagross
|-unboost|p2a: Metagross|atk|1
|move|p2a: Metagross|Hammer Arm|p1a: Landorus-Therian
|-resisted|p1a: Landorus-Therian
|-damage|p1a: Landorus-Therian|255\/319
|-unboost|p2a: Metagross|spe|1
|
|turn|5
|c| Yuttt.ninja|easiest
|c| Yuttt.ninja|ice punch
|c| Yuttt.ninja|ever
|c| I ABR I|reveal
|c| I ABR I|hwish clef
|c| I ABR I|pls
|c|âArcanine is Regal|im just chilling with a crisp 4 hp
|
|move|p1a: Landorus-Therian|U-turn|p2a: Metagross
|-damage|p2a: Metagross|0 fnt
|faint|p2a: Metagross
|c|âOx the Fox|threat adverted
|
|switch|p1a: Azumarill|Azumarill, F|381\/381
|
|c| I ABR I|damn azu has so much fun
|c|âArcanine is Regal|yeah thats why I lead with gross
|c|âArcanine is Regal|but then I just kinda
|c|âArcanine is Regal|you know
|
|switch|p2a: Clefable|Clefable, M|394\/394
|turn|6
|join|yrs
|
|switch|p1a: Heatran|Heatran, M|77\/385
|move|p2a: Clefable|Moonblast|p1a: Heatran
|-resisted|p1a: Heatran
|-damage|p1a: Heatran|59\/385
|
|-heal|p1a: Heatran|83\/385|[from] item: Leftovers
|turn|7
|c|âOx the Fox|blast
|c|âOx the Fox|pls
|
|switch|p2a: Tyranitar|Tyranitar, M|341\/341
|-weather|Sandstorm
|move|p1a: Heatran|Stealth Rock|p2a: Tyranitar
|-sidestart|p2: Arcanine is Regal|move: Stealth Rock
|
|-weather|Sandstorm|[upkeep]
|-heal|p1a: Heatran|107\/385|[from] item: Leftovers
|turn|8
|
|move|p2a: Tyranitar|Crunch|p1a: Heatran
|-crit|p1a: Heatran
|-damage|p1a: Heatran|0 fnt
|faint|p1a: Heatran
|
|-weather|Sandstorm|[upkeep]
|
|switch|p1a: Bisharp|Bisharp, F|271\/271
|turn|9
|
|switch|p2a: Keldeo|Keldeo|323\/323
|-damage|p2a: Keldeo|303\/323|[from] Stealth Rock
|move|p1a: Bisharp|Iron Head|p2a: Keldeo
|-resisted|p2a: Keldeo
|-damage|p2a: Keldeo|189\/323
|-damage|p1a: Bisharp|244\/271|[from] item: Life Orb
|
|-weather|Sandstorm|[upkeep]
|-damage|p2a: Keldeo|169\/323|[from] sandstorm
|-heal|p2a: Keldeo|189\/323|[from] item: Leftovers
|turn|10
|
|switch|p2a: Tyranitar|Tyranitar, M|341\/341
|-damage|p2a: Tyranitar|299\/341|[from] Stealth Rock
|switch|p1a: Latios|Latios, M|301\/301
|
|-weather|Sandstorm|[upkeep]
|-damage|p1a: Latios|283\/301|[from] sandstorm
|turn|11
|
|move|p2a: Tyranitar|Pursuit|p1a: Latios
|-crit|p1a: Latios
|-supereffective|p1a: Latios
|-damage|p1a: Latios|7\/301
|move|p1a: Latios|Draco Meteor|p2a: Tyranitar
|-damage|p2a: Tyranitar|81\/341
|-unboost|p1a: Latios|spa|2
|-damage|p1a: Latios|0 fnt|[from] item: Life Orb
|faint|p1a: Latios
|
|-weather|none
|join|I'm Virus (~'o')~
|
|switch|p1a: Bisharp|Bisharp, F|244\/271
|turn|12
|c| I'm Virus (~'o')~|arc
|c|âArcanine is Regal|hm?
|c| I'm Virus (~'o')~|hi.
|
|switch|p2a: Keldeo|Keldeo|189\/323
|-damage|p2a: Keldeo|169\/323|[from] Stealth Rock
|move|p1a: Bisharp|Knock Off|p2a: Keldeo
|-resisted|p2a: Keldeo
|-damage|p2a: Keldeo|34\/323
|-boost|p2a: Keldeo|atk|1|[from] ability: Justified
|-enditem|p2a: Keldeo|Leftovers|[from] move: Knock Off|[of] p1a: Bisharp
|-damage|p1a: Bisharp|217\/271|[from] item: Life Orb
|
|turn|13
|c|âArcanine is Regal|hey
|
|move|p1a: Bisharp|Sucker Punch|p2a: Keldeo
|-resisted|p2a: Keldeo
|-damage|p2a: Keldeo|0 fnt
|-damage|p1a: Bisharp|190\/271|[from] item: Life Orb
|faint|p2a: Keldeo
|
|
|switch|p2a: Tyranitar|Tyranitar, M|81\/341
|-damage|p2a: Tyranitar|39\/341|[from] Stealth Rock
|-weather|Sandstorm
|turn|14
|
|move|p1a: Bisharp|Sucker Punch|p2a: Tyranitar
|-crit|p2a: Tyranitar
|-resisted|p2a: Tyranitar
|-damage|p2a: Tyranitar|0 fnt
|-damage|p1a: Bisharp|163\/271|[from] item: Life Orb
|faint|p2a: Tyranitar
|
|-weather|Sandstorm|[upkeep]
|c| I'm Virus (~'o')~|bishop
|
|switch|p2a: Excadrill|Excadrill, F|361\/361
|-damage|p2a: Excadrill|350\/361|[from] Stealth Rock
|turn|15
|c| I'm Virus (~'o')~|sweeping
|c| I'm Virus (~'o')~|this team
|c| I'm Virus (~'o')~|oml
|c|âOx the Fox|i had psycho cut
|
|switch|p1a: Landorus-Therian|Landorus-Therian, M|255\/319
|-ability|p1a: Landorus-Therian|Intimidate|[of] p2a: Excadrill
|-unboost|p2a: Excadrill|atk|1
|move|p2a: Excadrill|Earthquake|p1a: Landorus-Therian
|-immune|p1a: Landorus-Therian|[msg]
|
|-weather|Sandstorm|[upkeep]
|turn|16
|c|âOx the Fox|but i was just talking about it in chat so I thought he'd predict it lol
|join|RNGzus
|join|HTAG
|
|move|p2a: Excadrill|Iron Head|p1a: Landorus-Therian
|-damage|p1a: Landorus-Therian|99\/319
|-damage|p2a: Excadrill|314\/361|[from] item: Life Orb
|move|p1a: Landorus-Therian|Earthquake|p2a: Excadrill
|-supereffective|p2a: Excadrill
|-damage|p2a: Excadrill|0 fnt
|faint|p2a: Excadrill
|
|-weather|Sandstorm|[upkeep]
|c|âOx the Fox|canceled
|c|âOx the Fox|but w.e
|c|âArcanine is Regal|oh lol that woulda been epic
|c|âArcanine is Regal|if you psycho cutted
|c|âOx the Fox|i went for u turn
|
|switch|p2a: Clefable|Clefable, M|394\/394
|turn|17
|c|âOx the Fox|then was going to set up with zor :[]
|
|move|p1a: Landorus-Therian|Earthquake|p2a: Clefable
|-damage|p2a: Clefable|196\/394
|move|p2a: Clefable|Flamethrower|p1a: Landorus-Therian
|-crit|p1a: Landorus-Therian
|-damage|p1a: Landorus-Therian|0 fnt
|faint|p1a: Landorus-Therian
|
|-weather|Sandstorm|[upkeep]
|-heal|p2a: Clefable|220\/394|[from] item: Leftovers
|c|âArcanine is Regal|yeah your team has too much priority for me
|
|switch|p1a: Bisharp|Bisharp, F|163\/271
|turn|18
|c|âOx the Fox|yeah
|c|âOx the Fox|the team matchup was bad
|
|move|p1a: Bisharp|Iron Head|p2a: Clefable
|-supereffective|p2a: Clefable
|-damage|p2a: Clefable|0 fnt
|-damage|p1a: Bisharp|136\/271|[from] item: Life Orb
|faint|p2a: Clefable
|
|-weather|none
|
|switch|p2a: Landorus|Landorus, M|319\/319
|-damage|p2a: Landorus|280\/319|[from] Stealth Rock
|turn|19
|c|âArcanine is Regal|eh wasnt too bad, but I need gross
|leave|HTAG
|c|âOx the Fox|yah u really should have kept it
|
|move|p1a: Bisharp|Sucker Punch|p2a: Landorus
|-damage|p2a: Landorus|49\/319
|-damage|p1a: Bisharp|109\/271|[from] item: Life Orb
|move|p2a: Landorus|Earth Power|p1a: Bisharp
|-supereffective|p1a: Bisharp
|-damage|p1a: Bisharp|0 fnt
|faint|p1a: Bisharp
|
|c|âArcanine is Regal|I was just so sure youd lead azu
|c| Alldaalts|gg
|join|Squirrelll
|c|âOx the Fox|nah
|
|switch|p1a: AYYYY SLICE|Scizor, F|307\/307
|turn|20
|c|âOx the Fox|landot had amazing matchup
|join|CleanerThanRotom-W
|c|âOx the Fox|so did azu but i wanted to stop megagross if u led that
|c|âArcanine is Regal|yeah but keldeo was a good choice for me too
|
|detailschange|p1a: AYYYY SLICE|Scizor-Mega, F
|-mega|p1a: AYYYY SLICE|Scizor|Scizorite
|move|p2a: Landorus|Stealth Rock|p1a: AYYYY SLICE
|-sidestart|p1: Ox the Fox|move: Stealth Rock
|move|p1a: AYYYY SLICE|Swords Dance|p1a: AYYYY SLICE
|-boost|p1a: AYYYY SLICE|atk|2
|
|turn|21
|c|âArcanine is Regal|cuz tran and lando-t
|c|âArcanine is Regal|and I can trap lati
|c|âArcanine is Regal|but yeah w\/e
|c|âOx the Fox|yeah
|c|âArcanine is Regal|I think too much
|c|âOx the Fox|lol
|
|move|p1a: AYYYY SLICE|Bullet Punch|p2a: Landorus
|-damage|p2a: Landorus|0 fnt
|faint|p2a: Landorus
|
|win|Ox the Fox
|c|âArcanine is Regal|gg :)
|leave|Ox the Fox
|leave|Arcanine is Regal
|player|p1
|leave|I ABR I
|player|p2
|leave|Squirrelll
|leave|RNGzus
|join|Ox the Fox