|join|ox the fox
|join|Reverb
|c|âReverb|hf
|join|yuy
|c|âox the fox|oh hi
|player|p1|ox the fox|201
|player|p2|Reverb|#reverbxmas
|gametype|singles
|gen|6
|tier|OU
|rated
|clearpoke
|poke|p1|Azelf, shiny
|poke|p1|Hawlucha, M, shiny
|poke|p1|Azumarill, M, shiny
|poke|p1|Lopunny, F, shiny
|poke|p1|Raikou, shiny
|poke|p1|Keldeo
|poke|p2|Metagross
|poke|p2|Heatran, M
|poke|p2|Thundurus, M
|poke|p2|Rotom-Wash
|poke|p2|Keldeo
|poke|p2|Gengar, F
|rule|Swagger Clause: Swagger is banned
|rule|Baton Pass Clause: Limit one PokÃ©mon knowing Baton Pass
|rule|Sleep Clause Mod: Limit one foe put to sleep
|rule|Species Clause: Limit one of each PokÃ©mon
|rule|OHKO Clause: OHKO moves are banned
|rule|Moody Clause: Moody is banned
|rule|Evasion Moves Clause: Evasion moves are banned
|rule|Endless Battle Clause: Forcing endless battles is banned
|rule|HP Percentage Mod: HP is shown in percentages
|teampreview
|c|âox the fox|u2
|join|chumped
|
|start
|switch|p1a: Lead|Azelf, shiny|353\/353
|switch|p2a: Gengar|Gengar, F|261\/261
|turn|1
|join|UpperLadderStall
|join|PuddlesA1
|
|move|p1a: Lead|Stealth Rock|p2a: Gengar
|-sidestart|p2: Reverb|move: Stealth Rock
|move|p2a: Gengar|Taunt|p1a: Lead
|-start|p1a: Lead|move: Taunt
|
|turn|2
|
|switch|p1a: Standard Pivot|Raikou, shiny|321\/321
|-ability|p1a: Standard Pivot|Pressure
|move|p2a: Gengar|Sludge Wave|p1a: Standard Pivot
|-damage|p1a: Standard Pivot|101\/321
|-damage|p2a: Gengar|235\/261|[from] item: Life Orb
|
|turn|3
|
|move|p1a: Standard Pivot|Volt Switch|p2a: Gengar
|-damage|p2a: Gengar|7\/261
|
|switch|p1a: Lead|Azelf, shiny|353\/353
|move|p2a: Gengar|Sludge Wave|p1a: Lead
|-damage|p1a: Lead|83\/353
|-damage|p2a: Gengar|0 fnt|[from] item: Life Orb
|faint|p2a: Gengar
|
|
|switch|p2a: Keldeo|Keldeo|323\/323
|-damage|p2a: Keldeo|303\/323|[from] Stealth Rock
|turn|4
|c| UpperLadderStall|not even resolute
|
|move|p2a: Keldeo|Scald|p1a: Lead
|-damage|p1a: Lead|0 fnt
|faint|p1a: Lead
|
|c|âReverb|lel
|
|switch|p1a: Bunny 1|Azumarill, M, shiny|364\/364
|turn|5
|
|switch|p2a: Rotom-Wash|Rotom-Wash|303\/303
|-damage|p2a: Rotom-Wash|266\/303|[from] Stealth Rock
|move|p1a: Bunny 1|Play Rough|p2a: Rotom-Wash|[miss]
|-miss|p1a: Bunny 1|p2a: Rotom-Wash
|
|-heal|p2a: Rotom-Wash|284\/303|[from] item: Leftovers
|turn|6
|c|âox the fox|fucking cancel
|join|m00n's blanket
|c| m00n's blanket|hawlucha !!!!
|
|move|p2a: Rotom-Wash|Volt Switch|p1a: Bunny 1
|-supereffective|p1a: Bunny 1
|-damage|p1a: Bunny 1|166\/364
|c|âox the fox|i meant to go for knock :[
|
|switch|p2a: Heatran|Heatran, M|385\/385
|-enditem|p1a: Bunny 1|Sitrus Berry|[eat]
|-heal|p1a: Bunny 1|257\/364|[from] item: Sitrus Berry
|-damage|p2a: Heatran|337\/385|[from] Stealth Rock
|move|p1a: Bunny 1|Knock Off|p2a: Heatran
|-damage|p2a: Heatran|207\/385
|-enditem|p2a: Heatran|Leftovers|[from] move: Knock Off|[of] p1a: Bunny 1
|
|turn|7
|
|move|p1a: Bunny 1|Aqua Jet|p2a: Heatran
|-supereffective|p2a: Heatran
|-damage|p2a: Heatran|39\/385
|move|p2a: Heatran|Stealth Rock|p1a: Bunny 1
|-sidestart|p1: ox the fox|move: Stealth Rock
|
|turn|8
|
|move|p1a: Bunny 1|Aqua Jet|p2a: Heatran
|-supereffective|p2a: Heatran
|-damage|p2a: Heatran|0 fnt
|faint|p2a: Heatran
|
|
|switch|p2a: Rotom-Wash|Rotom-Wash|284\/303
|-damage|p2a: Rotom-Wash|247\/303|[from] Stealth Rock
|turn|9
|
|move|p2a: Rotom-Wash|Will-O-Wisp|p1a: Bunny 1
|-status|p1a: Bunny 1|brn
|move|p1a: Bunny 1|Knock Off|p2a: Rotom-Wash
|-damage|p2a: Rotom-Wash|194\/303
|-enditem|p2a: Rotom-Wash|Leftovers|[from] move: Knock Off|[of] p1a: Bunny 1
|
|-damage|p1a: Bunny 1|212\/364 brn|[from] brn
|turn|10
|
|move|p2a: Rotom-Wash|Hydro Pump|p1a: Bunny 1
|-resisted|p1a: Bunny 1
|-damage|p1a: Bunny 1|133\/364 brn
|move|p1a: Bunny 1|Knock Off|p2a: Rotom-Wash
|-damage|p2a: Rotom-Wash|163\/303
|
|-damage|p1a: Bunny 1|88\/364 brn|[from] brn
|turn|11
|
|move|p1a: Bunny 1|Aqua Jet|p2a: Rotom-Wash
|-resisted|p2a: Rotom-Wash
|-damage|p2a: Rotom-Wash|149\/303
|move|p2a: Rotom-Wash|Volt Switch|p1a: Bunny 1
|-supereffective|p1a: Bunny 1
|-damage|p1a: Bunny 1|0 fnt
|faint|p1a: Bunny 1
|
|switch|p2a: Keldeo|Keldeo|303\/323
|-damage|p2a: Keldeo|283\/323|[from] Stealth Rock
|
|
|switch|p1a: Fuck da police|Keldeo|323\/323
|-damage|p1a: Fuck da police|303\/323|[from] Stealth Rock
|turn|12
|
|move|p1a: Fuck da police|Secret Sword|p2a: Keldeo
|-damage|p2a: Keldeo|105\/323
|move|p2a: Keldeo|Scald|p1a: Fuck da police
|-resisted|p1a: Fuck da police
|-damage|p1a: Fuck da police|228\/323
|-status|p1a: Fuck da police|brn
|
|-damage|p1a: Fuck da police|188\/323 brn|[from] brn
|turn|13
|
|move|p1a: Fuck da police|Secret Sword|p2a: Keldeo
|-damage|p2a: Keldeo|0 fnt
|faint|p2a: Keldeo
|
|-damage|p1a: Fuck da police|148\/323 brn|[from] brn
|
|switch|p2a: Metagross|Metagross|301\/301
|-damage|p2a: Metagross|283\/301|[from] Stealth Rock
|turn|14
|
|detailschange|p2a: Metagross|Metagross-Mega
|-mega|p2a: Metagross|Metagross|Metagrossite
|move|p1a: Fuck da police|Secret Sword|p2a: Metagross
|-damage|p2a: Metagross|168\/301
|move|p2a: Metagross|Agility|p2a: Metagross
|-boost|p2a: Metagross|spe|2
|
|-damage|p1a: Fuck da police|108\/323 brn|[from] brn
|turn|15
|c|âox the fox|fucking
|c| UpperLadderStall|oh there it is :\/
|
|move|p2a: Metagross|Earthquake|p1a: Fuck da police
|-damage|p1a: Fuck da police|0 fnt
|faint|p1a: Fuck da police
|
|join|Ary
|
|switch|p1a: Bunny 2|Lopunny, F, shiny|271\/271
|-damage|p1a: Bunny 2|238\/271|[from] Stealth Rock
|turn|16
|c|âReverb|pls dont miss
|c| Ary|el gg
|
|detailschange|p1a: Bunny 2|Lopunny-Mega, F, shiny
|-mega|p1a: Bunny 2|Lopunny|Lopunnite
|move|p2a: Metagross|Zen Headbutt|p1a: Bunny 2
|-supereffective|p1a: Bunny 2
|-damage|p1a: Bunny 2|0 fnt
|faint|p1a: Bunny 2
|
|c|âox the fox|pls miss
|leave|m00n's blanket
|c|âox the fox|hax
|-message|ox the fox forfeited.
|c|âox the fox|gg
|c|âReverb|gg
|
|win|Reverb
|raw|Ladder updating...