|join|Ox the Fox
|join|BulkyZardX
|join|Senhor Anseio
|join|wolfn
|join|swag is an art
|c|âOx the Fox|def 224+ speed
|c|âOx the Fox|my bad
|join|AM
|player|p1|Ox the Fox|201
|player|p2|BulkyZardX|190
|gametype|singles
|gen|6
|tier|OU
|clearpoke
|poke|p1|Latias, F
|poke|p1|Alomomola, F
|poke|p1|Chansey, F
|poke|p1|Chesnaught, M
|poke|p1|Heatran, F
|poke|p1|Keldeo
|poke|p2|Swampert, M
|poke|p2|Tornadus-Therian, M, shiny
|poke|p2|Manaphy
|poke|p2|Latias, F
|poke|p2|Politoed, M
|poke|p2|Conkeldurr, M
|rule|Swagger Clause: Swagger is banned
|rule|Baton Pass Clause: Limit one PokÃ©mon knowing Baton Pass
|rule|Sleep Clause Mod: Limit one foe put to sleep
|rule|Species Clause: Limit one of each PokÃ©mon
|rule|OHKO Clause: OHKO moves are banned
|rule|Moody Clause: Moody is banned
|rule|Evasion Moves Clause: Evasion moves are banned
|rule|Endless Battle Clause: Forcing endless battles is banned
|rule|HP Percentage Mod: HP is shown in percentages
|teampreview
|join|raetjaatja
|join|Beauty Emelyn
|join|ffc - land
|c|âOx the Fox|glhf
|join|fat cunt prick
|join|Yun0 Gasai
|join|Maiora
|join|VagSlayer420
|join|Stockfish
|join|LadderSoTall
|join|senegal
|
|start
|switch|p1a: Latias|Latias, F|363\/363
|switch|p2a: Naked in the Rain|Politoed, M|384\/384
|-weather|RainDance
|turn|1
|c| fat cunt prick|lol another FUCKING reused rain team, and another reused heatran ches core, can we just eliminated both of these players, pls?
|c|âOx the Fox|wish I still had goth
|join|GreatExpectations
|c|âOx the Fox|for mana
|join|MegaSwagpert
fat cunt prick was warned by AM. (don't be a dick and if you don't want to watch then don't)
|unlink|fatcuntprick
|join|QuagGod
|join|Sike2303
|c| fat cunt prick|the fact that he had goth in the first place is a good reason fo
|c| raetjaatja|AM he's just trolling
|
|detailschange|p1a: Latias|Latias-Mega, F
|-mega|p1a: Latias|Latias|Latiasite
|move|p1a: Latias|Whirlpool|p2a: Naked in the Rain|[miss]
|-miss|p1a: Latias|p2a: Naked in the Rain
|move|p2a: Naked in the Rain|Toxic|p1a: Latias
|-status|p1a: Latias|tox
|
|-weather|RainDance|[upkeep]
|-damage|p1a: Latias|341\/363 tox|[from] psn
|turn|2
fat cunt prick was muted by AM for 7 minutes.
|unlink|fatcuntprick
|join|AlldaAlts
|c| swag is an art|:I
|c|âOx the Fox|shit ass move
|c| MegaSwagpert|yuno gasai ran through his entire half of the bracket
|join|Too much swog
|join|Betapf
|c| Sike2303|all of his opponents were ass D:
|
|switch|p2a: Conkelduro|Conkeldurr, M|352\/352
|move|p1a: Latias|Psywave|p2a: Conkelduro
|-damage|p2a: Conkelduro|248\/352
|
|-weather|RainDance|[upkeep]
|-damage|p1a: Latias|297\/363 tox|[from] psn
|turn|3
|c| ffc - land|whirpool is apropiated for conkeldurr
|c| Sike2303|< one of his opponenets
|join|shadowthorn
|c| swag is an art|does that not say super effective?
|join|king of spycrabs
|
|switch|p1a: Alomomola|Alomomola, F|534\/534
|move|p2a: Conkelduro|Knock Off|p1a: Alomomola
|-damage|p1a: Alomomola|420\/534
|-enditem|p1a: Alomomola|Leftovers|[from] move: Knock Off|[of] p2a: Conkelduro
|
|-weather|RainDance|[upkeep]
|turn|4
|c| Too much swog|hes gonna counter team imo
|c|âOx the Fox|psywave is like seismic toss
|c| Sike2303|yuno how was my team btw
|c| ffc - land|sweep calm mind
|c| Yun0 Gasai|nice team
|c| Yun0 Gasai|in my unbiased opinion
|
|move|p1a: Alomomola|Wish|p1a: Alomomola
|move|p2a: Conkelduro|Drain Punch|p1a: Alomomola
|-damage|p1a: Alomomola|279\/534
|-heal|p2a: Conkelduro|319\/352|[from] drain|[of] p1a: Alomomola
|
|-weather|RainDance|[upkeep]
|turn|5
|join|Mouzourides
|leave|Mouzourides
|
|move|p1a: Alomomola|Toxic|p2a: Conkelduro
|-status|p2a: Conkelduro|tox
|move|p2a: Conkelduro|Knock Off|p1a: Alomomola
|-damage|p1a: Alomomola|160\/534
|
|-weather|RainDance|[upkeep]
|-heal|p1a: Alomomola|427\/534|[from] move: Wish|[wisher] Alomomola
|-damage|p2a: Conkelduro|297\/352 tox|[from] psn
|turn|6
|
|move|p1a: Alomomola|Wish|p1a: Alomomola
|move|p2a: Conkelduro|Drain Punch|p1a: Alomomola
|-damage|p1a: Alomomola|231\/534
|-heal|p2a: Conkelduro|352\/352 tox|[from] drain|[of] p1a: Alomomola
|
|-weather|RainDance|[upkeep]
|-damage|p2a: Conkelduro|308\/352 tox|[from] psn
|turn|7
|join|MlopGothcore
|join|gigaimpactblissey
|
|move|p1a: Alomomola|Scald|p2a: Conkelduro
|-damage|p2a: Conkelduro|259\/352 tox
|move|p2a: Conkelduro|Drain Punch|p1a: Alomomola
|-damage|p1a: Alomomola|30\/534
|-heal|p2a: Conkelduro|352\/352 tox|[from] drain|[of] p1a: Alomomola
|
|-weather|RainDance|[upkeep]
|-heal|p1a: Alomomola|297\/534|[from] move: Wish|[wisher] Alomomola
|-damage|p2a: Conkelduro|286\/352 tox|[from] psn
|turn|8
|c| MegaSwagpert|i feel like both of them have pocket teams
|c| MegaSwagpert|that they can pull out to stop the scout
|c| ffc - land|switch your conkeldurr!!
|
|switch|p2a: Kokonoe|Latias, F|319\/319
|move|p1a: Alomomola|Protect|p1a: Alomomola
|-fail|p1a: Alomomola
|
|-weather|none
|turn|9
|leave|Yun0 Gasai
|join|Knikolas
|
|switch|p2a: Naked in the Rain|Politoed, M|384\/384
|-weather|RainDance
|switch|p1a: Heatran|Heatran, F|386\/386
|
|-weather|RainDance|[upkeep]
|turn|10
|c| ffc - land|alomomola not have good sp.def
|join|TheObsessed
|c|âOx the Fox|yes it does
|leave|VagSlayer420
|
|move|p1a: Heatran|Stealth Rock|p2a: Naked in the Rain
|-sidestart|p2: BulkyZardX|move: Stealth Rock
|move|p2a: Naked in the Rain|Scald|p1a: Heatran
|-crit|p1a: Heatran
|-supereffective|p1a: Heatran
|-damage|p1a: Heatran|110\/386
|
|-weather|RainDance|[upkeep]
|-heal|p1a: Heatran|134\/386|[from] item: Leftovers
|turn|11
|c|âOx the Fox|!dt alomomola
|c|~|\/data-pokemon Alomomola
|raw|<font size="1"><font color=#585858>Dex#:<\/font> 594&nbsp;|&ThickSpace;<font color=#585858>Height:<\/font> 1.2 m&nbsp;|&ThickSpace;<font color=#585858>Weight:<\/font> 31.6 kg <em>(60 BP)<\/em>&nbsp;|&ThickSpace;<font color=#585858>Dex Colour:<\/font> Pink&nbsp;|&ThickSpace;<font color=#585858>Egg Group(s):<\/font> Water 1, Water 2&nbsp;|&ThickSpace;<font color=#585858><font color=#585858>Does Not Evolve<\/font><\/font><\/font>
|join|VagSlayer420
|c| MegaSwagpert|ooh shit
|c|âOx the Fox|stop fucking haxing me
|c| MegaSwagpert|that crit
|c|âOx the Fox|aids game
|c| ffc - land|kkkk
|c|âOx the Fox|this poli should be gone lol
|
|switch|p1a: Chansey|Chansey, F|642\/642
|move|p2a: Naked in the Rain|Scald|p1a: Chansey
|-damage|p1a: Chansey|575\/642
|-status|p1a: Chansey|brn
|
|-weather|RainDance|[upkeep]
|-damage|p1a: Chansey|495\/642 brn|[from] brn
|turn|12
|c| ffc - land|lol
|c| ffc - land|fatal hax
|
|switch|p2a: Swampertough|Swampert, M|367\/367
|-damage|p2a: Swampertough|345\/367|[from] Stealth Rock
|move|p1a: Chansey|Heal Bell|p1a: Chansey
|-cureteam|p1a: Chansey|[from] move: HealBell
|
|-weather|RainDance|[upkeep]
|turn|13
|join|aurao
|
|switch|p1a: Chesnaught|Chesnaught, M|380\/380
|detailschange|p2a: Swampertough|Swampert-Mega, M
|-mega|p2a: Swampertough|Swampert|Swampertite
|move|p2a: Swampertough|Waterfall|p1a: Chesnaught
|-resisted|p1a: Chesnaught
|-damage|p1a: Chesnaught|297\/380
|
|-weather|RainDance|[upkeep]
|-heal|p1a: Chesnaught|320\/380|[from] item: Leftovers
|turn|14
|
|switch|p2a: Swagnadus-Therian|Tornadus-Therian, M, shiny|299\/299
|-damage|p2a: Swagnadus-Therian|225\/299|[from] Stealth Rock
|move|p1a: Chesnaught|Leech Seed|p2a: Swagnadus-Therian|[miss]
|-miss|p1a: Chesnaught|p2a: Swagnadus-Therian
|
|-weather|RainDance|[upkeep]
|-heal|p1a: Chesnaught|343\/380|[from] item: Leftovers
|turn|15
|c|âOx the Fox|are
|c|âOx the Fox|u
|c|âOx the Fox|kdiding
|c|âOx the Fox|me
|c| LadderSoTall|no
|c|âOx the Fox|lel
|
|move|p1a: Chesnaught|Spiky Shield|p1a: Chesnaught
|-singleturn|p1a: Chesnaught|move: Protect
|move|p2a: Swagnadus-Therian|Hurricane|p1a: Chesnaught
|-activate|p1a: Chesnaught|move: Protect
|
|-weather|RainDance|[upkeep]
|-heal|p1a: Chesnaught|366\/380|[from] item: Leftovers
|turn|16
|
|switch|p1a: Chansey|Chansey, F|495\/642
|move|p2a: Swagnadus-Therian|Superpower|p1a: Chansey
|-supereffective|p1a: Chansey
|-damage|p1a: Chansey|178\/642
|-unboost|p2a: Swagnadus-Therian|atk|1
|-unboost|p2a: Swagnadus-Therian|def|1
|-damage|p2a: Swagnadus-Therian|196\/299|[from] item: Life Orb
|
|-weather|none
|turn|17
|c| AlldaAlts|oml get predicted
|c| QuagGod|^
|c|âOx the Fox|if i had hit that leech lol
|c| fat cunt prick|about fucking time, 7 minutes
|c| LadderSoTall|Shh^
|c| fat cunt prick|k
|join|IhyMSableye
|c| LadderSoTall|lol
|join|habajiga
|c| LadderSoTall|go for superpower
|join|Kl0ng
|
|move|p2a: Swagnadus-Therian|Superpower|p1a: Chansey
|-supereffective|p1a: Chansey
|-damage|p1a: Chansey|0 fnt
|-unboost|p2a: Swagnadus-Therian|atk|1
|-unboost|p2a: Swagnadus-Therian|def|1
|-damage|p2a: Swagnadus-Therian|167\/299|[from] item: Life Orb
|faint|p1a: Chansey
|
|c|âOx the Fox|u kill
|join|IlyOxTheFox
|
|switch|p1a: Latias|Latias-Mega, F|297\/363
|turn|18
|leave|Kl0ng
|join|BoxedOccaBerrys
|
|move|p2a: Swagnadus-Therian|U-turn|p1a: Latias
|-supereffective|p1a: Latias
|-damage|p1a: Latias|248\/363
|-damage|p2a: Swagnadus-Therian|138\/299|[from] item: Life Orb
|c|âOx the Fox|i lose to mana either way now
|join|Plepplep
|
|switch|p2a: Conkelduro|Conkeldurr, M|286\/352 tox
|-damage|p2a: Conkelduro|264\/352 tox|[from] Stealth Rock
|move|p1a: Latias|Psywave|p2a: Conkelduro
|-damage|p2a: Conkelduro|147\/352 tox
|
|-damage|p2a: Conkelduro|125\/352 tox|[from] psn
|turn|19
|c| BoxedOccaBerrys|psywave?
|c| MegaSwagpert|the psywave makes me giggle
|
|move|p1a: Latias|Reflect Type|p2a: Conkelduro
|-start|p1a: Latias|typechange|[from] move: Reflect Type|[of] p2a: Conkelduro
|move|p2a: Conkelduro|Knock Off|p1a: Latias
|-resisted|p1a: Latias
|-damage|p1a: Latias|196\/363
|
|-damage|p2a: Conkelduro|81\/352 tox|[from] psn
|turn|20
|c| MegaSwagpert|everytime
|c| gigaimpactblissey|oh my god
|c| Sike2303|o
|c| IlyOxTheFox|oo
|c|%AM|man
|c| Sike2303|rt lati
|c| swag is an art|sexy
|c|%AM|that's just sexy
|c| Sike2303|legit
|
|move|p2a: Conkelduro|Mach Punch|p1a: Latias
|-damage|p1a: Latias|114\/363
|move|p1a: Latias|Psywave|p2a: Conkelduro
|-damage|p2a: Conkelduro|0 fnt
|faint|p2a: Conkelduro
|
|c| MegaSwagpert|what the fuck
|c| MegaSwagpert|just happened
|c|%AM|definitely
|c|%AM|going to try that out
|c|âOx the Fox|shame I didn't roost lol
|c| Sike2303|almost like my rt gengar :D
|join|i came from leddit
|c| Sike2303|but gen has bad bulk so
|c|âOx the Fox|I probs won 1v1
|join|A2tehBR
|join|Hoole Suspect
|
|switch|p2a: Swagnadus-Therian|Tornadus-Therian, M, shiny|237\/299
|-damage|p2a: Swagnadus-Therian|163\/299|[from] Stealth Rock
|turn|21
|c| habajiga|stop dis
|c| A2tehBR|ox run my new spread
|c| habajiga|if u can
|c| A2tehBR|imo
|c|âOx the Fox|abr what does it do
|
|move|p2a: Swagnadus-Therian|Hurricane|p1a: Latias|[miss]
|-miss|p2a: Swagnadus-Therian|p1a: Latias
|move|p1a: Latias|Roost|p1a: Latias
|-heal|p1a: Latias|296\/363
|
|turn|22
|c|âOx the Fox|DESERVED
|c|âOx the Fox|:]]]]
|leave|i came from leddit
|
|switch|p1a: Heatran|Heatran, F|134\/386
|move|p2a: Swagnadus-Therian|Hurricane|p1a: Heatran|[miss]
|-miss|p2a: Swagnadus-Therian|p1a: Heatran
|
|-heal|p1a: Heatran|158\/386|[from] item: Leftovers
|turn|23
|c| swag is an art|wow
|leave|GreatExpectations
|join|Yun0 Gasai
|c| swag is an art|balls o steel
|
|move|p1a: Heatran|Protect|p1a: Heatran
|-singleturn|p1a: Heatran|Protect
|move|p2a: Swagnadus-Therian|Superpower|p1a: Heatran
|-activate|p1a: Heatran|Protect
|
|-heal|p1a: Heatran|182\/386|[from] item: Leftovers
|turn|24
|c| Yun0 Gasai|mfw this is still going
|c| MegaSwagpert|LOL
|
|switch|p1a: Alomomola|Alomomola, F|475\/534
|move|p2a: Swagnadus-Therian|U-turn|p1a: Alomomola
|-damage|p1a: Alomomola|419\/534
|-damage|p2a: Swagnadus-Therian|134\/299|[from] item: Life Orb
|join|WhyPokemonWhy
|
|switch|p2a: Naked in the Rain|Politoed, M|384\/384
|-damage|p2a: Naked in the Rain|336\/384|[from] Stealth Rock
|-weather|RainDance
|
|-weather|RainDance|[upkeep]
|turn|25
|c| Sike2303|its naked o.o
|
|switch|p1a: Chesnaught|Chesnaught, M|366\/380
|move|p2a: Naked in the Rain|Toxic|p1a: Chesnaught
|-status|p1a: Chesnaught|tox
|
|-weather|RainDance|[upkeep]
|-heal|p1a: Chesnaught|380\/380 tox|[from] item: Leftovers
|-damage|p1a: Chesnaught|357\/380 tox|[from] psn
|turn|26
|c| BoxedOccaBerrys|Dancing in the rain is a much better name
|leave|fat cunt prick
|c| WhyPokemonWhy|hey ox
|c|âOx the Fox|h
|c|âOx the Fox|hi
|c| swag is an art|Name it Greninja
|c| swag is an art|then cry
|c| Yun0 Gasai|name it Turtle
|c| swag is an art|about your loss
|c| Yun0 Gasai|because it is one
|
|switch|p2a: Kokonoe|Latias, F|319\/319
|-damage|p2a: Kokonoe|280\/319|[from] Stealth Rock
|move|p1a: Chesnaught|Leech Seed|p2a: Kokonoe
|-start|p2a: Kokonoe|move: Leech Seed
|
|-weather|RainDance|[upkeep]
|-heal|p1a: Chesnaught|380\/380 tox|[from] item: Leftovers
|-damage|p2a: Kokonoe|241\/319|[from] Leech Seed|[of] p1a: Chesnaught
|-damage|p1a: Chesnaught|334\/380 tox|[from] psn
|turn|27
|leave|Stockfish
|c|âOx the Fox|pls cancel
|c| Sike2303|wait
|
|switch|p1a: Alomomola|Alomomola, F|534\/534
|move|p2a: Kokonoe|Defog|p1a: Alomomola
|-unboost|p1a: Alomomola|evasion|1
|-sideend|p2: BulkyZardX|Stealth Rock|[from] move: Defog|[of] p2a: Kokonoe
|
|-weather|RainDance|[upkeep]
|-damage|p2a: Kokonoe|202\/319|[from] Leech Seed|[of] p1a: Alomomola
|turn|28
|join|I'm Virus (~'o')~
|c| Sike2303|where is the bulky zard x i came for
|c| I'm Virus (~'o')~|why do you gotta kill me ox
|c|âOx the Fox|what
|c|âOx the Fox|I thought he would surf
|c| I'm Virus (~'o')~|why do you have the powers to make me misclick
|c| I'm Virus (~'o')~|>.>
|
|switch|p1a: Heatran|Heatran, F|182\/386
|move|p2a: Kokonoe|Draco Meteor|p1a: Heatran|[miss]
|-miss|p2a: Kokonoe|p1a: Heatran
|
|-weather|RainDance|[upkeep]
|-heal|p1a: Heatran|206\/386|[from] item: Leftovers
|-damage|p2a: Kokonoe|163\/319|[from] Leech Seed|[of] p1a: Heatran
|-heal|p1a: Heatran|245\/386|[silent]
|turn|29
|
|switch|p2a: Swampertough|Swampert-Mega, M|345\/367
|move|p1a: Heatran|Stealth Rock|p2a: Swampertough
|-sidestart|p2: BulkyZardX|move: Stealth Rock
|
|-weather|RainDance|[upkeep]
|-heal|p1a: Heatran|269\/386|[from] item: Leftovers
|turn|30
|c| I'm Virus (~'o')~|bulkzard
|c| I'm Virus (~'o')~|40 seconds left
|c|âOx the Fox|sh
|c| Sike2303|why is his time running so fast\/
|c| MegaSwagpert|he musnt know
|
|move|p1a: Heatran|Protect|p1a: Heatran
|-singleturn|p1a: Heatran|Protect
|move|p2a: Swampertough|Waterfall|p1a: Heatran
|-activate|p1a: Heatran|Protect
|
|-weather|RainDance|[upkeep]
|-heal|p1a: Heatran|293\/386|[from] item: Leftovers
|turn|31
|c| wolfn|its been bugged for a while
|c| MegaSwagpert|this battle has to end eventually
|
|switch|p1a: Alomomola|Alomomola, F|534\/534
|move|p2a: Swampertough|Brick Break|p1a: Alomomola
|-damage|p1a: Alomomola|448\/534
|
|-weather|none
|turn|32
|c|âOx the Fox|does it though
|c| Yun0 Gasai|sub here
|
|switch|p2a: Naked in the Rain|Politoed, M|336\/384
|-damage|p2a: Naked in the Rain|288\/384|[from] Stealth Rock
|-weather|RainDance
|move|p1a: Alomomola|Toxic|p2a: Naked in the Rain
|-status|p2a: Naked in the Rain|tox
|
|-weather|RainDance|[upkeep]
|-damage|p2a: Naked in the Rain|264\/384 tox|[from] psn
|turn|33
|join|slim mattie
|c| LadderSoTall|inb4 rest
|c|âOx the Fox|well ofc
|
|switch|p2a: Swagnadus-Therian|Tornadus-Therian, M, shiny|233\/299
|-damage|p2a: Swagnadus-Therian|159\/299|[from] Stealth Rock
|move|p1a: Alomomola|Protect|p1a: Alomomola
|-fail|p1a: Alomomola
|
|-weather|RainDance|[upkeep]
|turn|34
|leave|AlldaAlts
|c| MegaSwagpert|the stall
|c| MegaSwagpert|pls
|c| QuagGod|reveal grass knot
|join|AlldaAlts
|
|move|p2a: Swagnadus-Therian|Hurricane|p1a: Alomomola
|-damage|p1a: Alomomola|50\/534
|-damage|p2a: Swagnadus-Therian|130\/299|[from] item: Life Orb
|move|p1a: Alomomola|Scald|p2a: Swagnadus-Therian
|-damage|p2a: Swagnadus-Therian|55\/299
|
|-weather|RainDance|[upkeep]
|turn|35
|c| gigaimpactblissey|holy
|c|âOx the Fox|didn't kill
|c| gigaimpactblissey|moly
|c| I'm Virus (~'o')~|domaj
|c|âOx the Fox|damn
|join|SilviuSantos
|c| I'm Virus (~'o')~|>didnt kill
|c| I'm Virus (~'o')~|?_?
|c|âOx the Fox|I mean, I thought I would kill
|c|âOx the Fox|rain boosted lel
|c| Yun0 Gasai|lol
|c| I'm Virus (~'o')~|with that base 45 power
|c| I'm Virus (~'o')~|oml
|c| I'm Virus (~'o')~|too much domaj
|c| Yun0 Gasai|unboosted it deals 0
|c| Yun0 Gasai|rain boosted it deals
|c| Yun0 Gasai|more than 0
|join|I'm Batman ('O')
|
|move|p1a: Alomomola|Protect|p1a: Alomomola
|-singleturn|p1a: Alomomola|Protect
|move|p2a: Swagnadus-Therian|Hurricane|p1a: Alomomola
|-activate|p1a: Alomomola|Protect
|
|-weather|RainDance|[upkeep]
|turn|36
|join|Cosine180
|c| I'm Virus (~'o')~|0 x rainboost = x
|c| Yun0 Gasai|got me
|leave|Knikolas
|c| I'm Virus (~'o')~|0 x (1.5) = x
|
|switch|p1a: Heatran|Heatran, F|293\/386
|move|p2a: Swagnadus-Therian|Hurricane|p1a: Heatran
|-resisted|p1a: Heatran
|-damage|p1a: Heatran|209\/386
|-start|p1a: Heatran|confusion
|-damage|p2a: Swagnadus-Therian|26\/299|[from] item: Life Orb
|
|-weather|RainDance|[upkeep]
|-heal|p1a: Heatran|233\/386|[from] item: Leftovers
|turn|37
|c|âOx the Fox|fuck cancel
|c| I'm Virus (~'o')~|0 = x confirmed
|c| I'm Virus (~'o')~|._.
|join|oml it's too ez
|c| I'm Virus (~'o')~|ox
|c| I'm Virus (~'o')~|i clicked cancel on the pinsir switch
|c|âOx the Fox|lol
|c| MegaSwagpert|rektttt
|c|âOx the Fox|virus if u had gone raikou
|
|switch|p2a: Stay calm and burn|Manaphy|404\/404
|-damage|p2a: Stay calm and burn|354\/404|[from] Stealth Rock
|switch|p1a: Chesnaught|Chesnaught, M|334\/380 tox
|
|-weather|RainDance|[upkeep]
|-heal|p2a: Stay calm and burn|379\/404|[from] item: Leftovers
|-heal|p1a: Chesnaught|357\/380 tox|[from] item: Leftovers
|-damage|p1a: Chesnaught|334\/380 tox|[from] psn
|turn|38
|c|âOx the Fox|sub cm keldeo like straight up won
|c| I'm Virus (~'o')~|?_?
|join|Gnaro
|c|âOx the Fox|even tho i just revealed :ooo
|join|live lavish
|
|move|p2a: Stay calm and burn|Calm Mind|p2a: Stay calm and burn
|-boost|p2a: Stay calm and burn|spa|1
|-boost|p2a: Stay calm and burn|spd|1
|move|p1a: Chesnaught|Leech Seed|p2a: Stay calm and burn
|-start|p2a: Stay calm and burn|move: Leech Seed
|
|-weather|RainDance|[upkeep]
|-heal|p2a: Stay calm and burn|404\/404|[from] item: Leftovers
|-heal|p1a: Chesnaught|357\/380 tox|[from] item: Leftovers
|-damage|p2a: Stay calm and burn|354\/404|[from] Leech Seed|[of] p1a: Chesnaught
|-heal|p1a: Chesnaught|380\/380 tox|[silent]
|-damage|p1a: Chesnaught|334\/380 tox|[from] psn
|turn|39
|c| I'm Virus (~'o')~|i knew that you were sub cm
|c| I'm Virus (~'o')~|i scouted your team >.>
|c|âOx the Fox|I hit
|c|âOx the Fox|:o
|
|switch|p1a: Latias|Latias-Mega, F|296\/363
|move|p2a: Stay calm and burn|Calm Mind|p2a: Stay calm and burn
|-boost|p2a: Stay calm and burn|spa|1
|-boost|p2a: Stay calm and burn|spd|1
|
|-weather|none
|-heal|p2a: Stay calm and burn|379\/404|[from] item: Leftovers
|-damage|p2a: Stay calm and burn|329\/404|[from] Leech Seed|[of] p1a: Latias
|-heal|p1a: Latias|346\/363|[silent]
|turn|40
|leave|oml it's too ez
|
|move|p1a: Latias|Whirlpool|p2a: Stay calm and burn
|-resisted|p2a: Stay calm and burn
|-damage|p2a: Stay calm and burn|321\/404
|-activate|p2a: Stay calm and burn|move: Whirlpool|[of] p1a: Latias
|move|p2a: Stay calm and burn|Rain Dance|p2a: Stay calm and burn
|-weather|RainDance
|
|-weather|RainDance|[upkeep]
|-heal|p2a: Stay calm and burn|346\/404|[from] item: Leftovers
|-damage|p2a: Stay calm and burn|296\/404|[from] Leech Seed|[of] p1a: Latias
|-heal|p1a: Latias|363\/363|[silent]
|-damage|p2a: Stay calm and burn|246\/404|[from] move: Whirlpool|[partiallytrapped]
|turn|41
|c| MegaSwagpert|that manaphy is terrifying
|
|move|p1a: Latias|Psywave|p2a: Stay calm and burn
|-damage|p2a: Stay calm and burn|151\/404
|move|p2a: Stay calm and burn|Rest|p2a: Stay calm and burn
|-status|p2a: Stay calm and burn|slp
|-heal|p2a: Stay calm and burn|404\/404 slp|[silent]
|-status|p2a: Stay calm and burn|slp|[from] move: Rest
|
|-weather|RainDance|[upkeep]
|-curestatus|p2a: Stay calm and burn|slp
|-damage|p2a: Stay calm and burn|354\/404|[from] Leech Seed|[of] p1a: Latias
|-damage|p2a: Stay calm and burn|304\/404|[from] move: Whirlpool|[partiallytrapped]
|turn|42
|c| Yun0 Gasai|i literally cant even
|c|âOx the Fox|what
|c| I'm Virus (~'o')~|i can odd
|c| gigaimpactblissey|what is this latias doing
|
|move|p1a: Latias|Psywave|p2a: Stay calm and burn
|-damage|p2a: Stay calm and burn|156\/404
|move|p2a: Stay calm and burn|Calm Mind|p2a: Stay calm and burn
|-boost|p2a: Stay calm and burn|spa|1
|-boost|p2a: Stay calm and burn|spd|1
|
|-weather|RainDance|[upkeep]
|-heal|p2a: Stay calm and burn|181\/404|[from] item: Leftovers
|-damage|p2a: Stay calm and burn|131\/404|[from] Leech Seed|[of] p1a: Latias
|-damage|p2a: Stay calm and burn|81\/404|[from] move: Whirlpool|[partiallytrapped]
|turn|43
|c| I'm Virus (~'o')~|but i cant even
|join|ItzAri
|c|âOx the Fox|innovation to much?
|c| I'm Virus (~'o')~|:\/
|c| swag is an art|wait did it juts win
|c| MegaSwagpert|yuno, youll be 84 by the time this match is done
|c| Yun0 Gasai|i literally cant even this 1vs1
|c| MegaSwagpert|bc rest
|
|move|p1a: Latias|Psywave|p2a: Stay calm and burn
|-damage|p2a: Stay calm and burn|0 fnt
|faint|p2a: Stay calm and burn
|
|-weather|RainDance|[upkeep]
|c| swag is an art|so psywave is seismic toss essentially? ignores boosts?
|c| MegaSwagpert|or not
|c| LadderSoTall|suicune is bulker if ur gonna CM it
|c| MegaSwagpert|does it?
|c| I'm Virus (~'o')~|ehh
|c| Yun0 Gasai|it does random damage
|c| I'm Virus (~'o')~|kinda
|c| gigaimpactblissey|except you pray to rnjesus
|join|Mi-Pipino
|leave|ItzAri
|join|etaoi
|join|lil manaphy
|c| I'm Virus (~'o')~|0.5x - 1.5x your level
|c| MegaSwagpert|pray to the hax god
|c| I'm Virus (~'o')~|WHAT THE FUCK
|c| swag is an art|hi lil manaphy
|c| I'm Virus (~'o')~|why is lil mana here
|c| I'm Virus (~'o')~|._.
|join|hand relief
|c| swag is an art|you just saw yourself die
|
|switch|p2a: Swampertough|Swampert-Mega, M|345\/367
|-damage|p2a: Swampertough|323\/367|[from] Stealth Rock
|turn|44
|c| MegaSwagpert|lol
|join|Breeloom
|join|Albyness
|leave|A2tehBR
|c| swag is an art|more people
|c| Yun0 Gasai|if that was tail glow
|c| swag is an art|ew
|c| Yun0 Gasai|this would be over already
|
|switch|p1a: Keldeo|Keldeo|323\/323
|move|p2a: Swampertough|Ice Punch|p1a: Keldeo
|-resisted|p1a: Keldeo
|-damage|p1a: Keldeo|261\/323
|
|-weather|none
|-heal|p1a: Keldeo|281\/323|[from] item: Leftovers
|turn|45
|c| LadderSoTall|it could do 250 hp damage
|c| MegaSwagpert|i think this is the only active match in the tourney\
|
|switch|p2a: Naked in the Rain|Politoed, M|264\/384 tox
|-damage|p2a: Naked in the Rain|216\/384 tox|[from] Stealth Rock
|-weather|RainDance
|move|p1a: Keldeo|Scald|p2a: Naked in the Rain
|-crit|p2a: Naked in the Rain
|-resisted|p2a: Naked in the Rain
|-damage|p2a: Naked in the Rain|95\/384 tox
|
|-weather|RainDance|[upkeep]
|-heal|p1a: Keldeo|301\/323|[from] item: Leftovers
|-damage|p2a: Naked in the Rain|71\/384 tox|[from] psn
|turn|46
|c| LadderSoTall|actually 150
|c| MegaSwagpert|oh no talenheim just started
|c| swag is an art|this will be an easy snackwrap
|c| MegaSwagpert|still picking starters
|
|move|p1a: Keldeo|Secret Sword|p2a: Naked in the Rain
|-damage|p2a: Naked in the Rain|0 fnt
|faint|p2a: Naked in the Rain
|
|-weather|RainDance|[upkeep]
|-heal|p1a: Keldeo|321\/323|[from] item: Leftovers
|
|switch|p2a: Swagnadus-Therian|Tornadus-Therian, M, shiny|125\/299
|-damage|p2a: Swagnadus-Therian|51\/299|[from] Stealth Rock
|turn|47
|c| Yun0 Gasai|k ill be watching the 50th spider man movie while this ends
|c|âOx the Fox|lol
|
|switch|p1a: Latias|Latias-Mega, F|363\/363
|move|p2a: Swagnadus-Therian|Hurricane|p1a: Latias
|-damage|p1a: Latias|219\/363
|-damage|p2a: Swagnadus-Therian|22\/299|[from] item: Life Orb
|
|-weather|RainDance|[upkeep]
|turn|48
|c|âOx the Fox|this man needs to stop spending a minute on a play
|join|Vertex.S
|join|iKray
|c| WhyPokemonWhy|is that specs keldeo
|c| Breeloom|not everyones a god like you ox
|c| Breeloom|some ppl hae to think
|c| Sike2303|s minute per play keeps the 5-0 away
|c| gigaimpactblissey|the timer though
|
|switch|p2a: Kokonoe|Latias, F|163\/319
|-damage|p2a: Kokonoe|124\/319|[from] Stealth Rock
|move|p1a: Latias|Psywave|p2a: Kokonoe
|-damage|p2a: Kokonoe|6\/319
|
|-weather|RainDance|[upkeep]
|turn|49
|leave|I'm Batman ('O')
|c| Vertex.S|lol
|c| Sike2303|is he timer stalling?
|c| I'm Virus (~'o')~|ox
|c| WhyPokemonWhy|ox do you have specs keldeo
|c| I'm Virus (~'o')~|i have to ask something
|c| Yun0 Gasai|nigga you lost
|c| Yun0 Gasai|just
|c| Yun0 Gasai|give up
|leave|live lavish
|c|âOx the Fox|HURRY UP
|c|âOx the Fox|pls bud
|c| I'm Virus (~'o')~|how do you
|-message|BulkyZardX lost due to inactivity.
|c| I'm Virus (~'o')~|deal with mega pinsir
|join|Beevo13
|
|win|Ox the Fox
|c| Yun0 Gasai|zzz
|c| I'm Virus (~'o')~|?_?
|c|âOx the Fox|50 battles
|leave|BulkyZardX
|leave|WhyPokemonWhy
|c|âOx the Fox|like 30 minutes
|c| Vertex.S|mega metagross
|c|âOx the Fox|lol
|leave|Senhor Anseio
|player|p2
|leave|Maiora
|leave|Yun0 Gasai
|c|âOx the Fox|gg
|leave|Vertex.S
|leave|gigaimpactblissey
|leave|senegal
|leave|Ox the Fox
|leave|shadowthorn
|player|p1
|leave|Sike2303
|leave|VagSlayer420
|leave|Hoole Suspect
|leave|LadderSoTall
|leave|Plepplep
|leave|wolfn
|leave|Gnaro
|leave|AlldaAlts
|leave|Breeloom
|leave|SilviuSantos
|leave|iKray
|leave|ffc - land
|leave|Mi-Pipino
|leave|swag is an art
|leave|MegaSwagpert
|leave|Cosine180
|leave|QuagGod
|leave|BoxedOccaBerrys
|leave|TheObsessed
|leave|Beevo13
|leave|aurao
|join|m00n's blanket
|leave|slim mattie
|leave|AM
|leave|Too much swog
|leave|I'm Virus (~'o')~
|leave|raetjaatja
|leave|Albyness
|leave|Benis the Menace
|join|suspect is stupid
|leave|lil manaphy
|leave|suspect is stupid
|leave|habajiga
|leave|m00n's blanket