|join|Gros orteil)))
|join|Ox the Fox
|player|p1|Gros orteil)))|107
|player|p2|Ox the Fox|201
|gametype|singles
|gen|6
|tier|OU (suspect test)
|clearpoke
|poke|p1|Tornadus-Therian, M
|poke|p1|Ferrothorn, F
|poke|p1|Politoed, F, shiny
|poke|p1|Kingdra, M
|poke|p1|Latios, M, shiny
|poke|p1|Swampert, M
|poke|p2|Azelf, shiny
|poke|p2|Hawlucha, F, shiny
|poke|p2|Azumarill, F, shiny
|poke|p2|Lopunny, M, shiny
|poke|p2|Raikou, shiny
|poke|p2|Keldeo
|rule|Swagger Clause: Swagger is banned
|rule|Baton Pass Clause: Limit one PokÃ©mon knowing Baton Pass
|rule|Sleep Clause Mod: Limit one foe put to sleep
|rule|Species Clause: Limit one of each PokÃ©mon
|rule|OHKO Clause: OHKO moves are banned
|rule|Moody Clause: Moody is banned
|rule|Evasion Moves Clause: Evasion moves are banned
|rule|Endless Battle Clause: Forcing endless battles is banned
|rule|HP Percentage Mod: HP is shown in percentages
|teampreview
Gros orteil))) turned on modjoin.
|raw|<div class="broadcast-red"><b>Moderated chat was set to +!<\/b><br \/>Only users of rank + and higher can talk.<\/div>
Gros orteil))) made this room hidden.
|c|âOx the Fox|glhf
|c|âGros orteil)))|question is
|c|âGros orteil)))|is that my hawlucha
|c|âGros orteil)))|:D
|c|âOx the Fox|whats your hawlucha
|c|âGros orteil)))|sd sub acrobatics hjk
|
|start
|switch|p1a: Tornadus-Therian|Tornadus-Therian, M|299\/299
|switch|p2a: Lead|Azelf, shiny|353\/353
|turn|1
|
|move|p1a: Tornadus-Therian|U-turn|p2a: Lead
|-supereffective|p2a: Lead
|-damage|p2a: Lead|197\/353
|
|switch|p1a: Politoed|Politoed, F, shiny|384\/384
|-weather|RainDance
|move|p2a: Lead|Stealth Rock|p1a: Politoed
|-sidestart|p1: Gros orteil)))|move: Stealth Rock
|
|-weather|RainDance|[upkeep]
|turn|2
|
|switch|p1a: Ferrothorn|Ferrothorn, F|352\/352
|-damage|p1a: Ferrothorn|330\/352|[from] Stealth Rock
|move|p2a: Lead|Taunt|p1a: Ferrothorn
|-start|p1a: Ferrothorn|move: Taunt
|
|-weather|RainDance|[upkeep]
|-heal|p1a: Ferrothorn|352\/352|[from] item: Leftovers
|turn|3
|
|switch|p1a: Kingdra|Kingdra, M|291\/291
|-damage|p1a: Kingdra|255\/291|[from] Stealth Rock
|move|p2a: Lead|Reflect|p2a: Lead
|-sidestart|p2: Ox the Fox|Reflect
|
|-weather|RainDance|[upkeep]
|turn|4
|
|move|p1a: Kingdra|Hydro Pump|p2a: Lead|[miss]
|-miss|p1a: Kingdra|p2a: Lead
|move|p2a: Lead|Light Screen|p2a: Lead
|-sidestart|p2: Ox the Fox|move: Light Screen
|
|-weather|RainDance|[upkeep]
|turn|5
|c|âOx the Fox|sry :[[
|c|âGros orteil)))|:'(((
|
|move|p1a: Kingdra|Hydro Pump|p2a: Lead
|-damage|p2a: Lead|0 fnt
|-damage|p1a: Kingdra|226\/291|[from] item: Life Orb
|faint|p2a: Lead
|
|-weather|RainDance|[upkeep]
|c|âGros orteil)))|dw
|c|âGros orteil)))|against scotti
|
|switch|p2a: Bunny 1|Azumarill, F, shiny|364\/364
|turn|6
|c|âGros orteil)))|his metagross missed
|c|âGros orteil)))|meteor mash
|c|âGros orteil)))|hammer arm
|c|âGros orteil)))|zend headbutt
|c|âOx the Fox|:[
|c|âGros orteil)))|3 parahaxx
|
|move|p1a: Kingdra|Hydro Pump|p2a: Bunny 1
|-resisted|p2a: Bunny 1
|-damage|p2a: Bunny 1|259\/364
|-damage|p1a: Kingdra|197\/291|[from] item: Life Orb
|move|p2a: Bunny 1|Belly Drum|p2a: Bunny 1
|-damage|p2a: Bunny 1|77\/364
|-setboost|p2a: Bunny 1|atk|6|[from] move: Belly Drum
|-enditem|p2a: Bunny 1|Sitrus Berry|[eat]
|-heal|p2a: Bunny 1|168\/364|[from] item: Sitrus Berry
|
|-weather|RainDance|[upkeep]
|turn|7
|
|move|p1a: Kingdra|Hydro Pump|p2a: Bunny 1|[miss]
|-miss|p1a: Kingdra|p2a: Bunny 1
|move|p2a: Bunny 1|Knock Off|p1a: Kingdra
|-damage|p1a: Kingdra|0 fnt
|-enditem|p1a: Kingdra|Life Orb|[from] move: Knock Off|[of] p2a: Bunny 1
|faint|p1a: Kingdra
|
|-weather|RainDance|[upkeep]
|c|âOx the Fox|:[[[
|c|âGros orteil)))|lel
|
|switch|p1a: Latios|Latios, M, shiny|301\/301
|-damage|p1a: Latios|264\/301|[from] Stealth Rock
|turn|8
|
|move|p2a: Bunny 1|Aqua Jet|p1a: Latios
|-resisted|p1a: Latios
|-damage|p1a: Latios|0 fnt
|faint|p1a: Latios
|
|-weather|none
|c|âGros orteil)))|lol
|c|âGros orteil)))|wtf
|c|âOx the Fox|rain was up
|c|âGros orteil)))|<-- retard
|
|switch|p1a: Ferrothorn|Ferrothorn, F|352\/352
|-damage|p1a: Ferrothorn|330\/352|[from] Stealth Rock
|turn|9
|c|âOx the Fox|no way this lives
|
|move|p2a: Bunny 1|Knock Off|p1a: Ferrothorn
|-damage|p1a: Ferrothorn|0 fnt
|-damage|p2a: Bunny 1|123\/364|[from] ability: Iron Barbs|[of] p1a: Ferrothorn
|-enditem|p1a: Ferrothorn|Leftovers|[from] move: Knock Off|[of] p2a: Bunny 1
|faint|p1a: Ferrothorn
|
|c|âOx the Fox|lol
|c|âGros orteil)))|y
|c|âGros orteil)))|tbh
|c|âGros orteil)))|against a belly drum azu set up
|c|âGros orteil)))|i always choke
|c|âGros orteil)))|:D
|c|âOx the Fox|yeah
|
|switch|p1a: Politoed|Politoed, F, shiny|384\/384
|-damage|p1a: Politoed|336\/384|[from] Stealth Rock
|-weather|RainDance
|turn|10
|c|âOx the Fox|how did you choke tho
|c|âGros orteil)))|and
|c|âOx the Fox|this was hard
|c|âGros orteil)))|are u english btw?
|c|âOx the Fox|yeah
|c|âGros orteil)))|okay
|c|âOx the Fox|why
|
|move|p2a: Bunny 1|Knock Off|p1a: Politoed
|-damage|p1a: Politoed|0 fnt
|-enditem|p1a: Politoed|Damp Rock|[from] move: Knock Off|[of] p2a: Bunny 1
|faint|p1a: Politoed
|
|-weather|RainDance|[upkeep]
|-sideend|p2: Ox the Fox|Reflect
|c|âGros orteil)))|usa?
|c|âOx the Fox|yes
|c|âGros orteil)))|happy new year n_n
|c|âOx the Fox|u2
|c|âGros orteil)))|and gg xD
|c|âOx the Fox|gg sry about misses
|
|switch|p1a: Tornadus-Therian|Tornadus-Therian, M|299\/299
|-damage|p1a: Tornadus-Therian|225\/299|[from] Stealth Rock
|turn|11
|
|move|p2a: Bunny 1|Aqua Jet|p1a: Tornadus-Therian
|-damage|p1a: Tornadus-Therian|0 fnt
|faint|p1a: Tornadus-Therian
|
|-weather|RainDance|[upkeep]
|-sideend|p2: Ox the Fox|move: Light Screen
|
|switch|p1a: Swampert|Swampert, M|367\/367
|-damage|p1a: Swampert|345\/367|[from] Stealth Rock
|turn|12
|
|detailschange|p1a: Swampert|Swampert-Mega, M
|-mega|p1a: Swampert|Swampert|Swampertite
|move|p2a: Bunny 1|Aqua Jet|p1a: Swampert
|-damage|p1a: Swampert|0 fnt
|faint|p1a: Swampert
|
|win|Ox the Fox