|join|Nakitek
|join|Amoonbro
|player|p1|Nakitek|249
|player|p2|Amoonbro|102
|gametype|singles
|gen|6
|tier|OU
|rated
|clearpoke
|poke|p1|Clefable, F
|poke|p1|Heatran, M
|poke|p1|Reuniclus, F
|poke|p1|Suicune
|poke|p1|Blissey, F
|poke|p1|Mew
|poke|p2|Chansey, F, shiny
|poke|p2|Skarmory, F, shiny
|poke|p2|Alomomola, M, shiny
|poke|p2|Amoonguss, F, shiny
|poke|p2|Quagsire, F, shiny
|poke|p2|Sableye, M, shiny
|rule|Swagger Clause: Swagger is banned
|rule|Baton Pass Clause: Limit one PokÃ©mon knowing Baton Pass
|rule|Sleep Clause Mod: Limit one foe put to sleep
|rule|Species Clause: Limit one of each PokÃ©mon
|rule|OHKO Clause: OHKO moves are banned
|rule|Moody Clause: Moody is banned
|rule|Evasion Moves Clause: Evasion moves are banned
|rule|Endless Battle Clause: Forcing endless battles is banned
|rule|HP Percentage Mod: HP is shown in percentages
|teampreview
|
|start
|switch|p1a: Vulcan|Heatran, M|385\/385
|switch|p2a: Not Mega|Sableye, M, shiny|304\/304
|turn|1
|
|detailschange|p2a: Not Mega|Sableye-Mega, M, shiny
|-mega|p2a: Not Mega|Sableye|Sablenite
|move|p1a: Vulcan|Lava Plume|p2a: Not Mega
|-damage|p2a: Not Mega|177\/304
|move|p2a: Not Mega|Knock Off|p1a: Vulcan
|-damage|p1a: Vulcan|297\/385
|-enditem|p1a: Vulcan|Shuca Berry|[from] move: Knock Off|[of] p2a: Not Mega
|
|turn|2
|
|switch|p2a: Uncle Blobby|Quagsire, F, shiny|394\/394
|move|p1a: Vulcan|Lava Plume|p2a: Uncle Blobby
|-resisted|p2a: Uncle Blobby
|-damage|p2a: Uncle Blobby|282\/394
|
|-heal|p2a: Uncle Blobby|306\/394|[from] item: Leftovers
|turn|3
|
|switch|p1a: Mew|Mew|404\/404
|move|p2a: Uncle Blobby|Earthquake|p1a: Mew
|-damage|p1a: Mew|334\/404
|
|-heal|p1a: Mew|359\/404|[from] item: Leftovers
|-heal|p2a: Uncle Blobby|330\/394|[from] item: Leftovers
|turn|4
|
|switch|p2a: Not Mega|Sableye-Mega, M, shiny|177\/304
|move|p1a: Mew|Knock Off|p2a: Not Mega
|-damage|p2a: Not Mega|145\/304
|
|-heal|p1a: Mew|384\/404|[from] item: Leftovers
|turn|5
|
|switch|p1a: Kevin|Clefable, F|394\/394
|move|p2a: Not Mega|Recover|p2a: Not Mega
|-heal|p2a: Not Mega|297\/304
|
|turn|6
|
|switch|p2a: Mr Blobby|Amoonguss, F, shiny|432\/432
|move|p1a: Kevin|Flamethrower|p2a: Mr Blobby
|-crit|p2a: Mr Blobby
|-supereffective|p2a: Mr Blobby
|-damage|p2a: Mr Blobby|272\/432
|
|turn|7
|
|switch|p1a: Katherine|Blissey, F|651\/651
|switch|p2a: Baby Blobby|Chansey, F, shiny|704\/704
|
|turn|8
|
|switch|p1a: Reuniclus|Reuniclus, F|424\/424
|switch|p2a: Not Mega|Sableye-Mega, M, shiny|297\/304
|
|turn|9
|
|switch|p1a: Okami|Suicune|404\/404
|-ability|p1a: Okami|Pressure
|move|p2a: Not Mega|Knock Off|p1a: Okami
|-damage|p1a: Okami|341\/404
|-enditem|p1a: Okami|Leftovers|[from] move: Knock Off|[of] p2a: Not Mega
|
|turn|10
|
|switch|p2a: Baby Blobby|Chansey, F, shiny|704\/704
|move|p1a: Okami|Scald|p2a: Baby Blobby
|-damage|p2a: Baby Blobby|652\/704
|
|turn|11
|
|switch|p1a: Katherine|Blissey, F|651\/651
|move|p2a: Baby Blobby|Seismic Toss|p1a: Katherine
|-damage|p1a: Katherine|551\/651
|
|-heal|p1a: Katherine|591\/651|[from] item: Leftovers
|turn|12
|
|switch|p2a: Not Mega|Sableye-Mega, M, shiny|297\/304
|move|p1a: Katherine|Ice Beam|p2a: Not Mega
|-damage|p2a: Not Mega|224\/304
|
|-heal|p1a: Katherine|631\/651|[from] item: Leftovers
|turn|13
|
|switch|p1a: Okami|Suicune|341\/404
|-ability|p1a: Okami|Pressure
|move|p2a: Not Mega|Recover|p2a: Not Mega
|-heal|p2a: Not Mega|304\/304
|
|turn|14
|
|switch|p2a: Baby Blobby|Chansey, F, shiny|652\/704
|move|p1a: Okami|Scald|p2a: Baby Blobby
|-damage|p2a: Baby Blobby|594\/704
|-status|p2a: Baby Blobby|brn
|
|-damage|p2a: Baby Blobby|506\/704 brn|[from] brn
|turn|15
|
|switch|p2a: Mrs Blobby|Alomomola, M, shiny|529\/529
|move|p1a: Okami|Calm Mind|p1a: Okami
|-boost|p1a: Okami|spa|1
|-boost|p1a: Okami|spd|1
|
|turn|16
|
|switch|p2a: Baby Blobby|Chansey, F, shiny|506\/704
|move|p1a: Okami|Calm Mind|p1a: Okami
|-boost|p1a: Okami|spa|1
|-boost|p1a: Okami|spd|1
|
|turn|17
|
|move|p1a: Okami|Calm Mind|p1a: Okami
|-boost|p1a: Okami|spa|1
|-boost|p1a: Okami|spd|1
|move|p2a: Baby Blobby|Soft-Boiled|p2a: Baby Blobby
|-heal|p2a: Baby Blobby|704\/704
|
|turn|18
|
|switch|p2a: Mr Blobby|Amoonguss, F, shiny|416\/432
|move|p1a: Okami|Calm Mind|p1a: Okami
|-boost|p1a: Okami|spa|1
|-boost|p1a: Okami|spd|1
|
|turn|19
|
|move|p1a: Okami|Calm Mind|p1a: Okami
|-boost|p1a: Okami|spa|1
|-boost|p1a: Okami|spd|1
|move|p2a: Mr Blobby|Clear Smog|p1a: Okami
|-damage|p1a: Okami|328\/404
|-clearboost|p1a: Okami
|
|turn|20
|
|switch|p1a: Reuniclus|Reuniclus, F|424\/424
|switch|p2a: Baby Blobby|Chansey, F, shiny|704\/704
|
|turn|21
|
|switch|p2a: Not Mega|Sableye-Mega, M, shiny|304\/304
|move|p1a: Reuniclus|Calm Mind|p1a: Reuniclus
|-boost|p1a: Reuniclus|spa|1
|-boost|p1a: Reuniclus|spd|1
|
|turn|22
|
|switch|p1a: Okami|Suicune|328\/404
|-ability|p1a: Okami|Pressure
|move|p2a: Not Mega|Knock Off|p1a: Okami
|-crit|p1a: Okami
|-damage|p1a: Okami|265\/404
|
|turn|23
|
|switch|p1a: Kevin|Clefable, F|394\/394
|switch|p2a: Baby Blobby|Chansey, F, shiny|704\/704
|
|turn|24
|
|switch|p1a: Reuniclus|Reuniclus, F|424\/424
|switch|p2a: Mr Blobby|Amoonguss, F, shiny|432\/432
|
|turn|25
|
|switch|p2a: Not Mega|Sableye-Mega, M, shiny|304\/304
|move|p1a: Reuniclus|Psyshock|p2a: Not Mega
|-immune|p2a: Not Mega|[msg]
|
|turn|26
|
|switch|p1a: Okami|Suicune|265\/404
|-ability|p1a: Okami|Pressure
|move|p2a: Not Mega|Knock Off|p1a: Okami
|-damage|p1a: Okami|223\/404
|
|turn|27
|
|switch|p2a: Baby Blobby|Chansey, F, shiny|704\/704
|move|p1a: Okami|Calm Mind|p1a: Okami
|-boost|p1a: Okami|spa|1
|-boost|p1a: Okami|spd|1
|
|turn|28
|
|move|p1a: Okami|Scald|p2a: Baby Blobby
|-damage|p2a: Baby Blobby|628\/704
|move|p2a: Baby Blobby|Toxic|p1a: Okami
|-status|p1a: Okami|tox
|
|-damage|p1a: Okami|198\/404 tox|[from] psn
|turn|29
|
|move|p1a: Okami|Rest|p1a: Okami
|-status|p1a: Okami|slp
|-heal|p1a: Okami|404\/404 slp|[silent]
|-status|p1a: Okami|slp|[from] move: Rest
|move|p2a: Baby Blobby|Toxic|p1a: Okami
|-fail|p1a: Okami
|
|turn|30
|
|switch|p2a: Mrs Blobby|Alomomola, M, shiny|529\/529
|cant|p1a: Okami|slp
|
|turn|31
|
|switch|p2a: Baby Blobby|Chansey, F, shiny|628\/704
|cant|p1a: Okami|slp
|
|turn|32
|
|switch|p2a: Mrs Blobby|Alomomola, M, shiny|529\/529
|-curestatus|p1a: Okami|slp
|move|p1a: Okami|Calm Mind|p1a: Okami
|-boost|p1a: Okami|spa|1
|-boost|p1a: Okami|spd|1
|
|turn|33
|
|switch|p2a: Baby Blobby|Chansey, F, shiny|628\/704
|move|p1a: Okami|Scald|p2a: Baby Blobby
|-damage|p2a: Baby Blobby|525\/704
|
|turn|34
|
|switch|p2a: Mr Blobby|Amoonguss, F, shiny|432\/432
|move|p1a: Okami|Calm Mind|p1a: Okami
|-boost|p1a: Okami|spa|1
|-boost|p1a: Okami|spd|1
|
|turn|35
|
|move|p1a: Okami|Scald|p2a: Mr Blobby
|-resisted|p2a: Mr Blobby
|-damage|p2a: Mr Blobby|352\/432
|-status|p2a: Mr Blobby|brn
|move|p2a: Mr Blobby|Clear Smog|p1a: Okami
|-damage|p1a: Okami|386\/404
|-clearboost|p1a: Okami
|
|-damage|p2a: Mr Blobby|298\/432 brn|[from] brn
|turn|36
|
|switch|p1a: Mew|Mew|384\/404
|switch|p2a: Baby Blobby|Chansey, F, shiny|525\/704
|
|-heal|p1a: Mew|404\/404|[from] item: Leftovers
|turn|37
|
|switch|p2a: Not Mega|Sableye-Mega, M, shiny|304\/304
|move|p1a: Mew|Knock Off|p2a: Not Mega
|-crit|p2a: Not Mega
|-damage|p2a: Not Mega|260\/304
|
|turn|38
|
|switch|p1a: Okami|Suicune|386\/404
|-ability|p1a: Okami|Pressure
|move|p2a: Not Mega|Knock Off|p1a: Okami
|-damage|p1a: Okami|343\/404
|
|turn|39
|c|âNakitek|your team
|
|switch|p1a: Vulcan|Heatran, M|297\/385
|switch|p2a: Baby Blobby|Chansey, F, shiny|525\/704
|
|turn|40
|c|âNakitek|worst stall i can imagine
|c|âNakitek|the one time im not packing gothitelle
|
|switch|p1a: Katherine|Blissey, F|631\/651
|move|p2a: Baby Blobby|Seismic Toss|p1a: Katherine
|-damage|p1a: Katherine|531\/651
|
|-heal|p1a: Katherine|571\/651|[from] item: Leftovers
|turn|41
|
|switch|p2a: Not Mega|Sableye-Mega, M, shiny|260\/304
|move|p1a: Katherine|Ice Beam|p2a: Not Mega
|-damage|p2a: Not Mega|192\/304
|
|-heal|p1a: Katherine|611\/651|[from] item: Leftovers
|turn|42
|
|switch|p1a: Okami|Suicune|343\/404
|-ability|p1a: Okami|Pressure
|move|p2a: Not Mega|Recover|p2a: Not Mega
|-heal|p2a: Not Mega|304\/304
|
|turn|43
|
|switch|p1a: Reuniclus|Reuniclus, F|424\/424
|switch|p2a: Baby Blobby|Chansey, F, shiny|525\/704
|
|turn|44
|
|switch|p2a: Not Mega|Sableye-Mega, M, shiny|304\/304
|switch|p1a: Okami|Suicune|343\/404
|-ability|p1a: Okami|Pressure
|
|turn|45
|
|switch|p1a: Kevin|Clefable, F|394\/394
|switch|p2a: Baby Blobby|Chansey, F, shiny|525\/704
|
|turn|46
|
|switch|p1a: Okami|Suicune|343\/404
|-ability|p1a: Okami|Pressure
|move|p2a: Baby Blobby|Heal Bell|p2a: Baby Blobby
|-cureteam|p2a: Baby Blobby|[from] move: HealBell
|
|turn|47
|
|switch|p1a: Katherine|Blissey, F|611\/651
|switch|p2a: Mrs Blobby|Alomomola, M, shiny|529\/529
|
|-heal|p1a: Katherine|651\/651|[from] item: Leftovers
|turn|48
|
|switch|p2a: Not Mega|Sableye-Mega, M, shiny|304\/304
|move|p1a: Katherine|Thunderbolt|p2a: Not Mega
|-damage|p2a: Not Mega|233\/304
|
|turn|49
|
|switch|p1a: Okami|Suicune|343\/404
|-ability|p1a: Okami|Pressure
|switch|p2a: Mr Blobby|Amoonguss, F, shiny|432\/432
|
|turn|50
|c|âNakitek|well ill just check facebook
|
|switch|p1a: Reuniclus|Reuniclus, F|424\/424
|switch|p2a: Baby Blobby|Chansey, F, shiny|525\/704
|
|turn|51
|
|switch|p2a: Not Mega|Sableye-Mega, M, shiny|233\/304
|switch|p1a: Katherine|Blissey, F|651\/651
|
|turn|52
|c|âNakitek|im going to wait
|c|âNakitek|till it gets to 10 seconds
|c|âNakitek|just to fuck around with you LOL
|c|âNakitek|were literally pp stalling
|c|âNakitek|it can't get worse than that
|join|Alter
Nakitek was kicked from a battle by Alter (timerstalling)
|player|p1
|-message|nakitek lost due to inactivity.
|
|win|Amoonbro
|raw|Ladder updating...
|raw|Nakitek's rating: 1681 &rarr; <strong>1660<\/strong><br \/>(-21 for losing)
|raw|Amoonbro's rating: 1673 &rarr; <strong>1693<\/strong><br \/>(+20 for winning)
|c|@Alter|sorry for the inconvenience
|leave|Nakitek