|join|Ligabue
|join|Nakitek
|player|p1|Ligabue|53
|player|p2|Nakitek|249
|gametype|singles
|gen|6
|tier|OU
|rated
|clearpoke
|poke|p1|Tyranitar, M
|poke|p1|Landorus, M
|poke|p1|Keldeo
|poke|p1|Skarmory, M
|poke|p1|Altaria, M
|poke|p1|Ferrothorn, M
|poke|p2|Clefable, F
|poke|p2|Heatran, F
|poke|p2|Reuniclus, M
|poke|p2|Suicune
|poke|p2|Blissey, F
|poke|p2|Mew
|rule|Swagger Clause: Swagger is banned
|rule|Baton Pass Clause: Limit one PokÃ©mon knowing Baton Pass
|rule|Sleep Clause Mod: Limit one foe put to sleep
|rule|Species Clause: Limit one of each PokÃ©mon
|rule|OHKO Clause: OHKO moves are banned
|rule|Moody Clause: Moody is banned
|rule|Evasion Moves Clause: Evasion moves are banned
|rule|Endless Battle Clause: Forcing endless battles is banned
|rule|HP Percentage Mod: HP is shown in percentages
|teampreview
|
|start
|switch|p1a: Landorus|Landorus, M|319\/319
|switch|p2a: Vulcan|Heatran, F|385\/385
|turn|1
|
|switch|p2a: Katherine|Blissey, F|651\/651
|move|p1a: Landorus|Stealth Rock|p2a: Katherine
|-sidestart|p2: Nakitek|move: Stealth Rock
|
|turn|2
|
|switch|p1a: Tyranitar|Tyranitar, M|380\/380
|-weather|Sandstorm
|move|p2a: Katherine|Fire Blast|p1a: Tyranitar
|-resisted|p1a: Tyranitar
|-damage|p1a: Tyranitar|348\/380
|
|-weather|Sandstorm|[upkeep]
|-damage|p2a: Katherine|611\/651|[from] sandstorm
|-heal|p2a: Katherine|651\/651|[from] item: Leftovers
|turn|3
|
|switch|p2a: Okami|Suicune|404\/404
|-damage|p2a: Okami|354\/404|[from] Stealth Rock
|-ability|p2a: Okami|Pressure
|move|p1a: Tyranitar|Stone Edge|p2a: Okami
|-damage|p2a: Okami|144\/404
|
|-weather|Sandstorm|[upkeep]
|-damage|p2a: Okami|119\/404|[from] sandstorm
|-heal|p2a: Okami|144\/404|[from] item: Leftovers
|turn|4
|
|move|p2a: Okami|Rest|p2a: Okami
|-status|p2a: Okami|slp
|-heal|p2a: Okami|404\/404 slp|[silent]
|-status|p2a: Okami|slp|[from] move: Rest
|move|p1a: Tyranitar|Stone Edge|p2a: Okami
|-damage|p2a: Okami|214\/404 slp
|
|-weather|Sandstorm|[upkeep]
|-damage|p2a: Okami|189\/404 slp|[from] sandstorm
|-heal|p2a: Okami|214\/404 slp|[from] item: Leftovers
|turn|5
|
|cant|p2a: Okami|slp
|move|p2a: Okami|Sleep Talk|p2a: Okami
|move|p2a: Okami|Scald|p1a: Tyranitar|[from]Sleep Talk
|-supereffective|p1a: Tyranitar
|-damage|p1a: Tyranitar|228\/380
|move|p1a: Tyranitar|Stone Edge|p2a: Okami
|-damage|p2a: Okami|10\/404 slp
|
|-weather|Sandstorm|[upkeep]
|-damage|p2a: Okami|0 fnt|[from] sandstorm
|faint|p2a: Okami
|
|switch|p2a: Mew|Mew|404\/404
|-damage|p2a: Mew|354\/404|[from] Stealth Rock
|turn|6
|
|switch|p1a: Altaria|Altaria, M|309\/309
|move|p2a: Mew|Will-O-Wisp|p1a: Altaria
|-status|p1a: Altaria|brn
|
|-weather|none
|-heal|p2a: Mew|379\/404|[from] item: Leftovers
|-damage|p1a: Altaria|271\/309 brn|[from] brn
|turn|7
|
|detailschange|p1a: Altaria|Altaria-Mega, M
|-mega|p1a: Altaria|Altaria|Altarianite
|move|p2a: Mew|Defog|p1a: Altaria
|-unboost|p1a: Altaria|evasion|1
|-sideend|p2: Nakitek|Stealth Rock|[from] move: Defog|[of] p2a: Mew
|move|p1a: Altaria|Hyper Voice|p2a: Mew
|-damage|p2a: Mew|175\/404
|
|-heal|p2a: Mew|200\/404|[from] item: Leftovers
|-damage|p1a: Altaria|233\/309 brn|[from] brn
|turn|8
|
|switch|p1a: Keldeo|Keldeo|324\/324
|move|p2a: Mew|Soft-Boiled|p2a: Mew
|-heal|p2a: Mew|402\/404
|
|-heal|p2a: Mew|404\/404|[from] item: Leftovers
|turn|9
|
|move|p1a: Keldeo|Scald|p2a: Mew
|-damage|p2a: Mew|257\/404
|-status|p2a: Mew|brn
|-status|p1a: Keldeo|brn
|move|p2a: Mew|Will-O-Wisp|p1a: Keldeo
|-fail|p1a: Keldeo|brn
|
|-heal|p2a: Mew|282\/404 brn|[from] item: Leftovers
|-damage|p1a: Keldeo|284\/324 brn|[from] brn
|-damage|p2a: Mew|232\/404 brn|[from] brn
|turn|10
|
|switch|p1a: Landorus|Landorus, M|319\/319
|move|p2a: Mew|Soft-Boiled|p2a: Mew
|-heal|p2a: Mew|404\/404 brn
|
|-damage|p2a: Mew|354\/404 brn|[from] brn
|turn|11
|
|switch|p2a: Katherine|Blissey, F|651\/651
|move|p1a: Landorus|Earth Power|p2a: Katherine
|-crit|p2a: Katherine
|-damage|p2a: Katherine|339\/651
|
|-heal|p2a: Katherine|379\/651|[from] item: Leftovers
|turn|12
|
|move|p1a: Landorus|Stealth Rock|p2a: Katherine
|-sidestart|p2: Nakitek|move: Stealth Rock
|move|p2a: Katherine|Ice Beam|p1a: Landorus
|-crit|p1a: Landorus
|-supereffective|p1a: Landorus
|-damage|p1a: Landorus|0 fnt
|faint|p1a: Landorus
|
|-heal|p2a: Katherine|419\/651|[from] item: Leftovers
|
|switch|p1a: Tyranitar|Tyranitar, M|228\/380
|-weather|Sandstorm
|turn|13
|
|move|p1a: Tyranitar|Stone Edge|p2a: Katherine|[miss]
|-miss|p1a: Tyranitar|p2a: Katherine
|move|p2a: Katherine|Soft-Boiled|p2a: Katherine
|-heal|p2a: Katherine|651\/651
|
|-weather|Sandstorm|[upkeep]
|-damage|p2a: Katherine|611\/651|[from] sandstorm
|-heal|p2a: Katherine|651\/651|[from] item: Leftovers
|turn|14
|
|move|p1a: Tyranitar|Stone Edge|p2a: Katherine
|-damage|p2a: Katherine|42\/651
|move|p2a: Katherine|Soft-Boiled|p2a: Katherine
|-heal|p2a: Katherine|368\/651
|
|-weather|Sandstorm|[upkeep]
|-damage|p2a: Katherine|328\/651|[from] sandstorm
|-heal|p2a: Katherine|368\/651|[from] item: Leftovers
|turn|15
|
|switch|p1a: Ferrothorn|Ferrothorn, M|352\/352
|move|p2a: Katherine|Soft-Boiled|p2a: Katherine
|-heal|p2a: Katherine|651\/651
|
|-weather|Sandstorm|[upkeep]
|-damage|p2a: Katherine|611\/651|[from] sandstorm
|-heal|p2a: Katherine|651\/651|[from] item: Leftovers
|turn|16
|
|move|p2a: Katherine|Fire Blast|p1a: Ferrothorn
|-supereffective|p1a: Ferrothorn
|-damage|p1a: Ferrothorn|64\/352
|move|p1a: Ferrothorn|Spikes|p2a: Katherine
|-sidestart|p2: Nakitek|Spikes
|
|-weather|Sandstorm|[upkeep]
|-damage|p2a: Katherine|611\/651|[from] sandstorm
|-heal|p2a: Katherine|651\/651|[from] item: Leftovers
|-heal|p1a: Ferrothorn|86\/352|[from] item: Leftovers
|turn|17
|
|switch|p2a: Mew|Mew|354\/404 brn
|-damage|p2a: Mew|304\/404 brn|[from] Stealth Rock
|-damage|p2a: Mew|254\/404 brn|[from] Spikes
|switch|p1a: Tyranitar|Tyranitar, M|228\/380
|
|-weather|none
|-heal|p2a: Mew|279\/404 brn|[from] item: Leftovers
|-damage|p2a: Mew|229\/404 brn|[from] brn
|turn|18
|
|move|p2a: Mew|Will-O-Wisp|p1a: Tyranitar
|-status|p1a: Tyranitar|brn
|move|p1a: Tyranitar|Crunch|p2a: Mew
|-supereffective|p2a: Mew
|-damage|p2a: Mew|37\/404 brn
|
|-heal|p2a: Mew|62\/404 brn|[from] item: Leftovers
|-damage|p2a: Mew|12\/404 brn|[from] brn
|-damage|p1a: Tyranitar|181\/380 brn|[from] brn
|turn|19
|
|switch|p1a: Keldeo|Keldeo|284\/324 brn
|move|p2a: Mew|Defog|p1a: Keldeo
|-unboost|p1a: Keldeo|evasion|1
|-sideend|p2: Nakitek|Spikes|[from] move: Defog|[of] p2a: Mew
|-sideend|p2: Nakitek|Stealth Rock|[from] move: Defog|[of] p2a: Mew
|
|-heal|p1a: Keldeo|304\/324 brn|[from] item: Leftovers
|-heal|p2a: Mew|37\/404 brn|[from] item: Leftovers
|-damage|p1a: Keldeo|264\/324 brn|[from] brn
|-damage|p2a: Mew|0 fnt|[from] brn
|faint|p2a: Mew
|
|switch|p2a: Kevin|Clefable, F|394\/394
|turn|20
|
|switch|p1a: Altaria|Altaria-Mega, M|233\/309 brn
|move|p2a: Kevin|Calm Mind|p2a: Kevin
|-boost|p2a: Kevin|spa|1
|-boost|p2a: Kevin|spd|1
|
|-damage|p1a: Altaria|195\/309 brn|[from] brn
|turn|21
|
|switch|p1a: Ferrothorn|Ferrothorn, M|86\/352
|move|p2a: Kevin|Calm Mind|p2a: Kevin
|-boost|p2a: Kevin|spa|1
|-boost|p2a: Kevin|spd|1
|
|-heal|p1a: Ferrothorn|108\/352|[from] item: Leftovers
|turn|22
|
|move|p2a: Kevin|Flamethrower|p1a: Ferrothorn
|-supereffective|p1a: Ferrothorn
|-damage|p1a: Ferrothorn|0 fnt
|faint|p1a: Ferrothorn
|
|-message|Ligabue forfeited.
|
|win|Nakitek
|raw|Ladder updating...
|leave|Ligabue
|player|p1
|raw|Ligabue's rating: 1578 &rarr; <strong>1563<\/strong><br \/>(-15 for losing)
|raw|Nakitek's rating: 1668 &rarr; <strong>1683<\/strong><br \/>(+15 for winning)