|join|Nakitek
|join|altariaaa
|player|p1|Nakitek|249
|player|p2|altariaaa|81
|gametype|singles
|gen|6
|tier|OU
|rated
|clearpoke
|poke|p1|Clefable, F
|poke|p1|Mew
|poke|p1|Heatran, M
|poke|p1|Gothitelle, M
|poke|p1|Suicune
|poke|p1|Sableye, F
|poke|p2|Manaphy
|poke|p2|Serperior, F
|poke|p2|Thundurus, M
|poke|p2|Metagross
|poke|p2|Azumarill, M
|poke|p2|Latias, F
|rule|Swagger Clause: Swagger is banned
|rule|Baton Pass Clause: Limit one PokÃ©mon knowing Baton Pass
|rule|Sleep Clause Mod: Limit one foe put to sleep
|rule|Species Clause: Limit one of each PokÃ©mon
|rule|OHKO Clause: OHKO moves are banned
|rule|Moody Clause: Moody is banned
|rule|Evasion Moves Clause: Evasion moves are banned
|rule|Endless Battle Clause: Forcing endless battles is banned
|rule|HP Percentage Mod: HP is shown in percentages
|teampreview
|
|start
|switch|p1a: Vulcan|Heatran, M|385\/385
|switch|p2a: Serperior|Serperior, F|291\/291
|turn|1
|
|switch|p2a: Manaphy|Manaphy|357\/357
|move|p1a: Vulcan|Will-O-Wisp|p2a: Manaphy
|-status|p2a: Manaphy|brn
|
|-damage|p2a: Manaphy|313\/357 brn|[from] brn
|turn|2
|
|switch|p1a: Kevin|Clefable, F|394\/394
|move|p2a: Manaphy|Tail Glow|p2a: Manaphy
|-boost|p2a: Manaphy|spa|3
|
|-damage|p2a: Manaphy|269\/357 brn|[from] brn
|turn|3
|
|move|p2a: Manaphy|Scald|p1a: Kevin
|-crit|p1a: Kevin
|-damage|p1a: Kevin|190\/394
|move|p1a: Kevin|Calm Mind|p1a: Kevin
|-boost|p1a: Kevin|spa|1
|-boost|p1a: Kevin|spd|1
|
|-heal|p1a: Kevin|214\/394|[from] item: Leftovers
|-damage|p2a: Manaphy|225\/357 brn|[from] brn
|turn|4
|
|switch|p2a: Metagross|Metagross|301\/301
|move|p1a: Kevin|Moonblast|p2a: Metagross
|-resisted|p2a: Metagross
|-damage|p2a: Metagross|211\/301
|
|-heal|p1a: Kevin|238\/394|[from] item: Leftovers
|turn|5
|
|switch|p1a: Okami|Suicune|404\/404
|-ability|p1a: Okami|Pressure
|detailschange|p2a: Metagross|Metagross-Mega
|-mega|p2a: Metagross|Metagross|Metagrossite
|move|p2a: Metagross|Stealth Rock|p1a: Okami
|-sidestart|p1: Nakitek|move: Stealth Rock
|
|turn|6
|
|switch|p2a: Serperior|Serperior, F|291\/291
|move|p1a: Okami|Calm Mind|p1a: Okami
|-boost|p1a: Okami|spa|1
|-boost|p1a: Okami|spd|1
|
|turn|7
|
|switch|p1a: Vulcan|Heatran, M|385\/385
|-damage|p1a: Vulcan|337\/385|[from] Stealth Rock
|move|p2a: Serperior|Leaf Storm|p1a: Vulcan
|-resisted|p1a: Vulcan
|-damage|p1a: Vulcan|302\/385
|-boost|p2a: Serperior|spa|2
|
|turn|8
|
|move|p2a: Serperior|Hidden Power|p1a: Vulcan
|-supereffective|p1a: Vulcan
|-enditem|p1a: Vulcan|Shuca Berry|[eat]
|-damage|p1a: Vulcan|110\/385
|move|p1a: Vulcan|Dragon Pulse|p2a: Serperior
|-damage|p2a: Serperior|218\/291
|
|turn|9
|
|move|p2a: Serperior|Hidden Power|p1a: Vulcan
|-supereffective|p1a: Vulcan
|-damage|p1a: Vulcan|0 fnt
|faint|p1a: Vulcan
|
|
|switch|p1a: Kevin|Clefable, F|238\/394
|-damage|p1a: Kevin|189\/394|[from] Stealth Rock
|turn|10
|
|switch|p2a: Metagross|Metagross-Mega|211\/301
|move|p1a: Kevin|Flamethrower|p2a: Metagross
|-supereffective|p2a: Metagross
|-damage|p2a: Metagross|89\/301
|
|-heal|p1a: Kevin|213\/394|[from] item: Leftovers
|turn|11
|
|switch|p1a: Mew|Mew|403\/403
|-damage|p1a: Mew|353\/403|[from] Stealth Rock
|move|p2a: Metagross|Zen Headbutt|p1a: Mew
|-resisted|p1a: Mew
|-damage|p1a: Mew|259\/403
|
|-heal|p1a: Mew|284\/403|[from] item: Leftovers
|turn|12
|
|switch|p2a: Manaphy|Manaphy|225\/357 brn
|move|p1a: Mew|Amnesia|p1a: Mew
|-boost|p1a: Mew|spd|2
|
|-heal|p1a: Mew|309\/403|[from] item: Leftovers
|-damage|p2a: Manaphy|181\/357 brn|[from] brn
|turn|13
|
|move|p2a: Manaphy|Tail Glow|p2a: Manaphy
|-boost|p2a: Manaphy|spa|3
|move|p1a: Mew|Amnesia|p1a: Mew
|-boost|p1a: Mew|spd|2
|
|-heal|p1a: Mew|334\/403|[from] item: Leftovers
|-damage|p2a: Manaphy|137\/357 brn|[from] brn
|turn|14
|
|move|p2a: Manaphy|Tail Glow|p2a: Manaphy
|-boost|p2a: Manaphy|spa|3
|move|p1a: Mew|Amnesia|p1a: Mew
|-boost|p1a: Mew|spd|2
|
|-heal|p1a: Mew|359\/403|[from] item: Leftovers
|-damage|p2a: Manaphy|93\/357 brn|[from] brn
|turn|15
|
|move|p2a: Manaphy|Scald|p1a: Mew
|-damage|p1a: Mew|236\/403
|move|p1a: Mew|Barrier|p1a: Mew
|-boost|p1a: Mew|def|2
|
|-heal|p1a: Mew|261\/403|[from] item: Leftovers
|-damage|p2a: Manaphy|49\/357 brn|[from] brn
|turn|16
|
|move|p2a: Manaphy|Scald|p1a: Mew
|-damage|p1a: Mew|140\/403
|move|p1a: Mew|Roost|p1a: Mew
|-heal|p1a: Mew|342\/403
|
|-heal|p1a: Mew|367\/403|[from] item: Leftovers
|-damage|p2a: Manaphy|5\/357 brn|[from] brn
|turn|17
|
|move|p2a: Manaphy|Scald|p1a: Mew
|-damage|p1a: Mew|247\/403
|-status|p1a: Mew|brn
|move|p1a: Mew|Barrier|p1a: Mew
|-boost|p1a: Mew|def|2
|
|-heal|p1a: Mew|272\/403 brn|[from] item: Leftovers
|-damage|p2a: Manaphy|0 fnt|[from] brn
|-damage|p1a: Mew|222\/403 brn|[from] brn
|faint|p2a: Manaphy
|
|switch|p2a: Azumarill|Azumarill, M|370\/370
|turn|18
|
|move|p1a: Mew|Barrier|p1a: Mew
|-boost|p1a: Mew|def|2
|move|p2a: Azumarill|Belly Drum|p2a: Azumarill
|-damage|p2a: Azumarill|185\/370
|-setboost|p2a: Azumarill|atk|6|[from] move: Belly Drum
|-enditem|p2a: Azumarill|Sitrus Berry|[eat]
|-heal|p2a: Azumarill|277\/370|[from] item: Sitrus Berry
|
|-heal|p1a: Mew|247\/403 brn|[from] item: Leftovers
|-damage|p1a: Mew|197\/403 brn|[from] brn
|turn|19
|
|move|p1a: Mew|Baton Pass|p1a: Mew
|
|switch|p1a: Kevin|Clefable, F|213\/394
|-damage|p1a: Kevin|164\/394|[from] Stealth Rock
|move|p2a: Azumarill|Play Rough|p1a: Kevin
|-damage|p1a: Kevin|125\/394
|
|-heal|p1a: Kevin|149\/394|[from] item: Leftovers
|turn|20
|
|move|p2a: Azumarill|Play Rough|p1a: Kevin
|-damage|p1a: Kevin|110\/394
|move|p1a: Kevin|Flamethrower|p2a: Azumarill
|-resisted|p2a: Azumarill
|-damage|p2a: Azumarill|233\/370
|
|-heal|p1a: Kevin|134\/394|[from] item: Leftovers
|turn|21
|
|move|p2a: Azumarill|Play Rough|p1a: Kevin
|-damage|p1a: Kevin|94\/394
|move|p1a: Kevin|Calm Mind|p1a: Kevin
|-boost|p1a: Kevin|spa|1
|
|-heal|p1a: Kevin|118\/394|[from] item: Leftovers
|turn|22
|
|move|p2a: Azumarill|Play Rough|p1a: Kevin
|-damage|p1a: Kevin|79\/394
|move|p1a: Kevin|Rest|p1a: Kevin
|-status|p1a: Kevin|slp
|-heal|p1a: Kevin|394\/394 slp|[silent]
|-status|p1a: Kevin|slp|[from] move: Rest
|
|turn|23
|
|move|p2a: Azumarill|Play Rough|p1a: Kevin
|-damage|p1a: Kevin|355\/394 slp
|cant|p1a: Kevin|slp
|
|-heal|p1a: Kevin|379\/394 slp|[from] item: Leftovers
|turn|24
|
|move|p2a: Azumarill|Play Rough|p1a: Kevin
|-damage|p1a: Kevin|334\/394 slp
|cant|p1a: Kevin|slp
|
|-heal|p1a: Kevin|358\/394 slp|[from] item: Leftovers
|turn|25
|
|move|p2a: Azumarill|Play Rough|p1a: Kevin
|-damage|p1a: Kevin|315\/394 slp
|-curestatus|p1a: Kevin|slp
|move|p1a: Kevin|Calm Mind|p1a: Kevin
|-boost|p1a: Kevin|spa|1
|
|-heal|p1a: Kevin|339\/394|[from] item: Leftovers
|turn|26
|
|move|p2a: Azumarill|Play Rough|p1a: Kevin
|-damage|p1a: Kevin|296\/394
|move|p1a: Kevin|Moonblast|p2a: Azumarill
|-damage|p2a: Azumarill|0 fnt
|faint|p2a: Azumarill
|
|-heal|p1a: Kevin|320\/394|[from] item: Leftovers
|
|switch|p2a: Latias|Latias, F|309\/309
|turn|27
|
|move|p2a: Latias|Healing Wish|p2a: Latias
|faint|p2a: Latias
|move|p1a: Kevin|Moonblast|p2: Latias|[notarget]
|-notarget
|
|-heal|p1a: Kevin|344\/394|[from] item: Leftovers
|
|switch|p2a: Metagross|Metagross-Mega|89\/301
|-heal|p2a: Metagross|301\/301|[from] move: Healing Wish
|turn|28
|
|move|p2a: Metagross|Meteor Mash|p1a: Kevin
|-supereffective|p1a: Kevin
|-damage|p1a: Kevin|240\/394
|move|p1a: Kevin|Flamethrower|p2a: Metagross
|-supereffective|p2a: Metagross
|-damage|p2a: Metagross|49\/301
|
|-heal|p1a: Kevin|264\/394|[from] item: Leftovers
|turn|29
|
|move|p2a: Metagross|Meteor Mash|p1a: Kevin
|-supereffective|p1a: Kevin
|-damage|p1a: Kevin|166\/394
|-boost|p2a: Metagross|atk|1
|move|p1a: Kevin|Flamethrower|p2a: Metagross
|-supereffective|p2a: Metagross
|-damage|p2a: Metagross|0 fnt
|faint|p2a: Metagross
|
|-heal|p1a: Kevin|190\/394|[from] item: Leftovers
|
|switch|p2a: Thundurus|Thundurus, M|299\/299
|turn|30
|
|move|p2a: Thundurus|Thunder Wave|p1a: Kevin
|-status|p1a: Kevin|par
|move|p1a: Kevin|Moonblast|p2a: Thundurus
|-damage|p2a: Thundurus|62\/299
|
|-heal|p1a: Kevin|214\/394 par|[from] item: Leftovers
|turn|31
|
|move|p2a: Thundurus|Thunderbolt|p1a: Kevin
|-damage|p1a: Kevin|162\/394 par
|-damage|p2a: Thundurus|33\/299|[from] item: Life Orb
|move|p1a: Kevin|Moonblast|p2a: Thundurus
|-damage|p2a: Thundurus|0 fnt
|faint|p2a: Thundurus
|
|-heal|p1a: Kevin|186\/394 par|[from] item: Leftovers
|
|switch|p2a: Serperior|Serperior, F|218\/291
|turn|32
|
|move|p2a: Serperior|Leaf Storm|p1a: Kevin
|-crit|p1a: Kevin
|-damage|p1a: Kevin|0 fnt
|-boost|p2a: Serperior|spa|2
|faint|p1a: Kevin
|
|c|âNakitek|wwwwwwwwoooow
|
|switch|p1a: Rihanna|Gothitelle, M|344\/344
|-damage|p1a: Rihanna|301\/344|[from] Stealth Rock
|turn|33
|c|âaltariaaa|finally
|
|move|p2a: Serperior|Giga Drain|p1a: Rihanna
|-damage|p1a: Rihanna|115\/344
|-heal|p2a: Serperior|291\/291|[from] drain|[of] p1a: Rihanna
|move|p1a: Rihanna|Psyshock|p2a: Serperior
|-damage|p2a: Serperior|197\/291
|
|-heal|p1a: Rihanna|136\/344|[from] item: Leftovers
|turn|34
|c|âNakitek|that crit came at the perfect time
|
|move|p2a: Serperior|Leaf Storm|p1a: Rihanna
|-damage|p1a: Rihanna|0 fnt
|-boost|p2a: Serperior|spa|2
|faint|p1a: Rihanna
|
|
|switch|p1a: Stich|Sableye, F|303\/303
|-damage|p1a: Stich|266\/303|[from] Stealth Rock
|turn|35
|c|âNakitek|the best display of luck ive ever seen LOL
|-message|Nakitek forfeited.
|
|win|altariaaa
|raw|Ladder updating...
|leave|Nakitek
|player|p1
|raw|Nakitek's rating: 1591 &rarr; <strong>1572<\/strong><br \/>(-19 for losing)
|raw|altariaaa's rating: 1610 &rarr; <strong>1629<\/strong><br \/>(+19 for winning)