|join|Blackheartgamer
|join|yotk13
|player|p1|Blackheartgamer|99
|player|p2|yotk13|165
|gametype|singles
|gen|6
|tier|ORAS OU
|rated
|rule|Sleep Clause Mod: Limit one foe put to sleep
|rule|Species Clause: Limit one of each PokÃ©mon
|rule|OHKO Clause: OHKO moves are banned
|rule|Moody Clause: Moody is banned
|rule|Evasion Moves Clause: Evasion moves are banned
|rule|Endless Battle Clause: Forcing endless battles is banned
|rule|HP Percentage Mod: HP is shown in percentages
|clearpoke
|poke|p1|Klefki, F
|poke|p1|Swoobat, M
|poke|p1|Mr. Mime, M
|poke|p1|Cryogonal
|poke|p1|Audino, F
|poke|p1|Scrafty, M
|poke|p2|Gallade, M
|poke|p2|Weavile, M
|poke|p2|Zoroark, M
|poke|p2|Azumarill, F
|poke|p2|Alakazam, M
|poke|p2|Landorus, M
|rule|Swagger Clause: Swagger is banned
|rule|Baton Pass Clause: Limit one PokÃ©mon knowing Baton Pass
|teampreview
|
|start
|switch|p1a: Scrafty|Scrafty, M|334\/334
|switch|p2a: Azumarill|Azumarill, F|262\/262
|turn|1
|
|move|p2a: Azumarill|Trick|p1a: Scrafty
|-activate|p2a: Azumarill|move: Trick|[of] p1a: Scrafty
|-item|p1a: Scrafty|Choice Specs|[from] move: Trick
|-item|p2a: Azumarill|Leftovers|[from] move: Trick
|move|p1a: Scrafty|Knock Off|p2a: Azumarill
|-resisted|p2a: Azumarill
|replace|p2a: Zoroark|Zoroark, M|262\/262
|-damage|p2a: Zoroark|181\/262
|-enditem|p2a: Zoroark|Leftovers|[from] move: Knock Off|[of] p1a: Scrafty
|
|turn|2
|
|move|p2a: Zoroark|Dark Pulse|p1a: Scrafty
|-resisted|p1a: Scrafty
|-damage|p1a: Scrafty|306\/334
|cant|p1a: Scrafty|flinch
|
|turn|3
|
|move|p2a: Zoroark|Focus Blast|p1a: Scrafty
|-supereffective|p1a: Scrafty
|-damage|p1a: Scrafty|52\/334
|-unboost|p1a: Scrafty|spd|1
|move|p1a: Scrafty|Knock Off|p2a: Zoroark
|-resisted|p2a: Zoroark
|-damage|p2a: Zoroark|125\/262
|
|turn|4
|
|move|p2a: Zoroark|Dark Pulse|p1a: Scrafty
|-resisted|p1a: Scrafty
|-damage|p1a: Scrafty|10\/334
|move|p1a: Scrafty|Knock Off|p2a: Zoroark
|-resisted|p2a: Zoroark
|-damage|p2a: Zoroark|76\/262
|
|turn|5
|
|move|p2a: Zoroark|Dark Pulse|p1a: Scrafty
|-resisted|p1a: Scrafty
|-damage|p1a: Scrafty|0 fnt
|faint|p1a: Scrafty
|
|
|switch|p1a: Audino|Audino, F|347\/347
|turn|6
|
|detailschange|p1a: Audino|Audino-Mega, F
|message|Audino has Mega Evolved into Mega Audino!
|move|p2a: Zoroark|Focus Blast|p1a: Audino|[miss]
|-miss|p2a: Zoroark|p1a: Audino
|move|p1a: Audino|Calm Mind|p1a: Audino
|-boost|p1a: Audino|spa|1
|-boost|p1a: Audino|spd|1
|
|turn|7
|
|switch|p2a: Landorus|Landorus, M|320\/320
|move|p1a: Audino|Calm Mind|p1a: Audino
|-boost|p1a: Audino|spa|1
|-boost|p1a: Audino|spd|1
|
|turn|8
|
|move|p2a: Landorus|Sludge Wave|p1a: Audino
|-supereffective|p1a: Audino
|-damage|p1a: Audino|238\/347
|move|p1a: Audino|Skill Swap|p2a: Landorus
|-activate|p1a: Audino|move: Skill Swap|Sheer Force|Healer|[of] p2a: Landorus
|
|turn|9
|
|switch|p2a: Azumarill|Azumarill, F|404\/404
|move|p1a: Audino|Draining Kiss|p2a: Azumarill
|-damage|p2a: Azumarill|287\/404
|-heal|p1a: Audino|326\/347|[from] drain|[of] p2a: Azumarill
|
|turn|10
|
|move|p1a: Audino|Skill Swap|p2a: Azumarill
|-activate|p1a: Audino|move: Skill Swap|Huge Power|Sheer Force|[of] p2a: Azumarill
|move|p2a: Azumarill|Belly Drum|p2a: Azumarill
|-damage|p2a: Azumarill|85\/404
|-setboost|p2a: Azumarill|atk|6|[from] move: Belly Drum
|-enditem|p2a: Azumarill|Sitrus Berry|[eat]
|-heal|p2a: Azumarill|186\/404|[from] item: Sitrus Berry
|
|turn|11
|
|move|p2a: Azumarill|Aqua Jet|p1a: Audino
|-damage|p1a: Audino|217\/347
|move|p1a: Audino|Hyper Voice|p2a: Azumarill
|-damage|p2a: Azumarill|0 fnt
|faint|p2a: Azumarill
|
|
|switch|p2a: Alakazam|Alakazam, M|252\/252
|turn|12
|
|move|p2a: Alakazam|Psyshock|p1a: Audino
|-damage|p1a: Audino|104\/347
|move|p1a: Audino|Draining Kiss|p2a: Alakazam
|-damage|p2a: Alakazam|144\/252
|-heal|p1a: Audino|185\/347|[from] drain|[of] p2a: Alakazam
|
|turn|13
|
|move|p2a: Alakazam|Psyshock|p1a: Audino
|-damage|p1a: Audino|59\/347
|move|p1a: Audino|Draining Kiss|p2a: Alakazam
|-damage|p2a: Alakazam|33\/252
|-heal|p1a: Audino|143\/347|[from] drain|[of] p2a: Alakazam
|
|turn|14
|
|move|p2a: Alakazam|Psyshock|p1a: Audino
|-damage|p1a: Audino|34\/347
|move|p1a: Audino|Draining Kiss|p2a: Alakazam
|-damage|p2a: Alakazam|0 fnt
|-heal|p1a: Audino|59\/347|[from] drain|[of] p2a: Alakazam
|faint|p2a: Alakazam
|
|
|switch|p2a: Landorus|Landorus, M|320\/320
|turn|15
|
|switch|p1a: Cryogonal|Cryogonal|281\/281
|move|p2a: Landorus|Sludge Wave|p1a: Cryogonal
|-damage|p1a: Cryogonal|151\/281
|
|turn|16
|
|move|p1a: Cryogonal|Freeze-Dry|p2a: Landorus
|-supereffective|p2a: Landorus
|-damage|p2a: Landorus|0 fnt
|faint|p2a: Landorus
|
|
|switch|p2a: Zoroark|Zoroark, M|76\/262
|turn|17
|
|move|p2a: Zoroark|Flamethrower|p1a: Cryogonal
|-supereffective|p1a: Cryogonal
|-damage|p1a: Cryogonal|0 fnt
|faint|p1a: Cryogonal
|
|
|switch|p1a: Klefki|Klefki, F|256\/256
|turn|18
|
|move|p1a: Klefki|Reflect|p1a: Klefki
|-sidestart|p1: Blackheartgamer|Reflect
|move|p2a: Zoroark|Trick|p1a: Klefki
|-activate|p2a: Zoroark|move: Trick|[of] p1a: Klefki
|-item|p2a: Zoroark|Light Clay|[from] move: Trick
|
|turn|19
|
|move|p1a: Klefki|Light Screen|p1a: Klefki
|-sidestart|p1: Blackheartgamer|move: Light Screen
|move|p2a: Zoroark|Flamethrower|p1a: Klefki
|-supereffective|p1a: Klefki
|-damage|p1a: Klefki|176\/256
|
|turn|20
|
|move|p1a: Klefki|Spikes|p2a: Zoroark
|-sidestart|p2: yotk13|Spikes
|move|p2a: Zoroark|Flamethrower|p1a: Klefki
|-supereffective|p1a: Klefki
|-damage|p1a: Klefki|96\/256
|
|turn|21
|
|move|p1a: Klefki|Spikes|p2a: Zoroark
|-sidestart|p2: yotk13|Spikes
|move|p2a: Zoroark|Flamethrower|p1a: Klefki
|-supereffective|p1a: Klefki
|-damage|p1a: Klefki|7\/256
|
|turn|22
|
|move|p1a: Klefki|Toxic|p2a: Zoroark
|-status|p2a: Zoroark|tox
|move|p2a: Zoroark|Flamethrower|p1a: Klefki
|-supereffective|p1a: Klefki
|-damage|p1a: Klefki|0 fnt
|faint|p1a: Klefki
|
|-damage|p2a: Zoroark|60\/262 tox|[from] psn
|
|switch|p1a: Audino|Audino-Mega, F|59\/347
|turn|23
|
|move|p2a: Zoroark|Focus Blast|p1a: Audino|[miss]
|-miss|p2a: Zoroark|p1a: Audino
|move|p1a: Audino|Draining Kiss|p2a: Zoroark
|-supereffective|p2a: Zoroark
|-damage|p2a: Zoroark|0 fnt
|-heal|p1a: Audino|104\/347|[from] drain|[of] p2a: Zoroark
|faint|p2a: Zoroark
|
|-sideend|p1: Blackheartgamer|move: Light Screen
|
|switch|p2a: Gallade|Gallade, M|278\/278
|-damage|p2a: Gallade|232\/278|[from] Spikes
|turn|24
|
|detailschange|p2a: Gallade|Gallade-Mega, M
|message|Gallade has Mega Evolved into Mega Gallade!
|move|p2a: Gallade|Drain Punch|p1a: Audino
|-damage|p1a: Audino|56\/347
|-heal|p2a: Gallade|256\/278|[from] drain|[of] p1a: Audino
|move|p1a: Audino|Draining Kiss|p2a: Gallade
|-supereffective|p2a: Gallade
|-damage|p2a: Gallade|164\/278
|-heal|p1a: Audino|125\/347|[from] drain|[of] p2a: Gallade
|
|turn|25
|
|move|p2a: Gallade|Swords Dance|p2a: Gallade
|-boost|p2a: Gallade|atk|2
|move|p1a: Audino|Draining Kiss|p2a: Gallade
|-supereffective|p2a: Gallade
|-damage|p2a: Gallade|72\/278
|-heal|p1a: Audino|194\/347|[from] drain|[of] p2a: Gallade
|
|-sideend|p1: Blackheartgamer|Reflect
|turn|26
|
|move|p2a: Gallade|Drain Punch|p1a: Audino
|-damage|p1a: Audino|5\/347
|-heal|p2a: Gallade|167\/278|[from] drain|[of] p1a: Audino
|move|p1a: Audino|Draining Kiss|p2a: Gallade
|-crit|p2a: Gallade
|-supereffective|p2a: Gallade
|-damage|p2a: Gallade|35\/278
|-heal|p1a: Audino|104\/347|[from] drain|[of] p2a: Gallade
|
|turn|27
|
|move|p2a: Gallade|Drain Punch|p1a: Audino
|-crit|p1a: Audino
|-damage|p1a: Audino|0 fnt
|-heal|p2a: Gallade|87\/278|[from] drain|[of] p1a: Audino
|faint|p1a: Audino
|
|
|switch|p1a: Mr. Mime|Mr. Mime, M|221\/221
|turn|28
|
|move|p2a: Gallade|Shadow Sneak|p1a: Mr. Mime
|-supereffective|p1a: Mr. Mime
|-damage|p1a: Mr. Mime|0 fnt
|faint|p1a: Mr. Mime
|
|
|switch|p1a: Swoobat|Swoobat, M|276\/276
|turn|29
|
|move|p2a: Gallade|Shadow Sneak|p1a: Swoobat
|-supereffective|p1a: Swoobat
|-damage|p1a: Swoobat|38\/276
|-enditem|p1a: Swoobat|Kee Berry|[eat]
|-boost|p1a: Swoobat|def|2|[from] item: Kee Berry
|move|p1a: Swoobat|Heat Wave|p2a: Gallade
|-damage|p2a: Gallade|29\/278
|
|turn|30
|
|move|p2a: Gallade|Shadow Sneak|p1a: Swoobat
|-crit|p1a: Swoobat
|-supereffective|p1a: Swoobat
|-damage|p1a: Swoobat|0 fnt
|faint|p1a: Swoobat
|
|win|yotk13
|raw|Ladder updating...
|raw|Blackheartgamer's rating: 1085 &rarr; <strong>1065<\/strong><br \/>(-20 for losing)
|raw|yotk13's rating: 1121 &rarr; <strong>1144<\/strong><br \/>(+23 for winning)