|join|Psychological
|join|yotk13
|player|p1|Psychological|1
|player|p2|yotk13|238
|gametype|singles
|gen|6
|tier|OU
|rated
|clearpoke
|poke|p1|Manaphy
|poke|p1|Heatran, M
|poke|p1|Garchomp, F
|poke|p1|Breloom, F
|poke|p1|Latios, M
|poke|p1|Scizor, M
|poke|p2|Weavile, F
|poke|p2|Scizor, F
|poke|p2|Alakazam, F
|poke|p2|Garchomp, M
|poke|p2|Tyranitar, F
|poke|p2|Gengar, F
|rule|Sleep Clause Mod: Limit one foe put to sleep
|rule|Species Clause: Limit one of each Pokemon
|rule|OHKO Clause: OHKO moves are banned
|rule|Moody Clause: Moody is banned
|rule|Evasion Moves Clause: Evasion moves are banned
|rule|Endless Battle Clause: Forcing endless battles is banned.
|rule|HP Percentage Mod: HP is reported as percentages
|teampreview
|
|start
|switch|p1a: Scizor|Scizor, M|344\/344
|switch|p2a: Tyranitar|Tyranitar, F|342\/342
|-weather|Sandstorm
|turn|1
|
|-formechange|p1a: Scizor|Scizor-Mega
|message|Scizor has Mega Evolved into Mega Scizor!
|move|p1a: Scizor|Bullet Punch|p2a: Tyranitar
|-supereffective|p2a: Tyranitar
|-damage|p2a: Tyranitar|154\/342
|move|p2a: Tyranitar|Stealth Rock|p1a: Scizor
|-sidestart|p1: Psychological|move: Stealth Rock
|
|-weather|Sandstorm|[upkeep]
|turn|2
|
|move|p2a: Tyranitar|Flamethrower|p1a: Scizor
|-supereffective|p1a: Scizor
|-damage|p1a: Scizor|0 fnt
|faint|p1a: Scizor
|
|-weather|Sandstorm|[upkeep]
|
|switch|p1a: Manaphy|Manaphy|400\/400
|-damage|p1a: Manaphy|350\/400|[from] Stealth Rock
|turn|3
|
|move|p1a: Manaphy|Rain Dance|p1a: Manaphy
|-weather|RainDance
|move|p2a: Tyranitar|Thunder Wave|p1a: Manaphy
|-status|p1a: Manaphy|par
|
|-weather|RainDance|[upkeep]
|-curestatus|p1a: Manaphy|par
|-heal|p1a: Manaphy|375\/400|[from] item: Leftovers
|turn|4
|
|move|p1a: Manaphy|Calm Mind|p1a: Manaphy
|-boost|p1a: Manaphy|spa|1
|-boost|p1a: Manaphy|spd|1
|move|p2a: Tyranitar|Dark Pulse|p1a: Manaphy
|-crit|p1a: Manaphy
|-damage|p1a: Manaphy|186\/400
|
|-weather|RainDance|[upkeep]
|-heal|p1a: Manaphy|211\/400|[from] item: Leftovers
|turn|5
|
|move|p1a: Manaphy|Calm Mind|p1a: Manaphy
|-boost|p1a: Manaphy|spa|1
|-boost|p1a: Manaphy|spd|1
|move|p2a: Tyranitar|Dark Pulse|p1a: Manaphy
|-damage|p1a: Manaphy|150\/400
|
|-weather|RainDance|[upkeep]
|-heal|p1a: Manaphy|175\/400|[from] item: Leftovers
|turn|6
|
|move|p1a: Manaphy|Rest|p1a: Manaphy
|-status|p1a: Manaphy|slp
|-heal|p1a: Manaphy|400\/400 slp|[silent]
|-status|p1a: Manaphy|slp|[from] move: Rest
|move|p2a: Tyranitar|Dark Pulse|p1a: Manaphy
|-damage|p1a: Manaphy|333\/400 slp
|
|-weather|RainDance|[upkeep]
|-curestatus|p1a: Manaphy|slp
|-heal|p1a: Manaphy|358\/400|[from] item: Leftovers
|turn|7
|
|switch|p2a: Garchomp|Garchomp, M|358\/358
|move|p1a: Manaphy|Calm Mind|p1a: Manaphy
|-boost|p1a: Manaphy|spa|1
|-boost|p1a: Manaphy|spd|1
|
|-weather|none
|-heal|p1a: Manaphy|383\/400|[from] item: Leftovers
|turn|8
|
|move|p2a: Garchomp|Outrage|p1a: Manaphy
|-damage|p1a: Manaphy|215\/400
|move|p1a: Manaphy|Scald|p2a: Garchomp
|-damage|p2a: Garchomp|87\/358
|-status|p2a: Garchomp|brn
|
|-heal|p1a: Manaphy|240\/400|[from] item: Leftovers
|-damage|p2a: Garchomp|43\/358 brn|[from] brn
|turn|9
|
|move|p2a: Garchomp|Outrage|p1a: Manaphy
|-damage|p1a: Manaphy|161\/400
|move|p1a: Manaphy|Rain Dance|p1a: Manaphy
|-weather|RainDance
|
|-weather|RainDance|[upkeep]
|-heal|p1a: Manaphy|186\/400|[from] item: Leftovers
|-damage|p2a: Garchomp|0 fnt|[from] brn
|faint|p2a: Garchomp
|
|switch|p2a: Tyranitar|Tyranitar, F|154\/342
|-weather|Sandstorm
|turn|10
|
|switch|p2a: Alakazam|Alakazam, F|252\/252
|move|p1a: Manaphy|Rain Dance|p1a: Manaphy
|-weather|RainDance
|
|-weather|RainDance|[upkeep]
|-heal|p1a: Manaphy|211\/400|[from] item: Leftovers
|turn|11
|
|move|p2a: Alakazam|Energy Ball|p1a: Manaphy
|-supereffective|p1a: Manaphy
|-damage|p1a: Manaphy|86\/400
|move|p1a: Manaphy|Scald|p2a: Alakazam
|-damage|p2a: Alakazam|0 fnt
|faint|p2a: Alakazam
|
|-weather|RainDance|[upkeep]
|-heal|p1a: Manaphy|111\/400|[from] item: Leftovers
|
|switch|p2a: Gengar|Gengar, F|262\/262
|turn|12
|
|move|p2a: Gengar|Thunderbolt|p1a: Manaphy
|-supereffective|p1a: Manaphy
|-damage|p1a: Manaphy|19\/400
|move|p1a: Manaphy|Rest|p1a: Manaphy
|-status|p1a: Manaphy|slp
|-heal|p1a: Manaphy|400\/400 slp|[silent]
|-status|p1a: Manaphy|slp|[from] move: Rest
|
|-weather|RainDance|[upkeep]
|-curestatus|p1a: Manaphy|slp
|turn|13
|
|move|p2a: Gengar|Will-O-Wisp|p1a: Manaphy
|-status|p1a: Manaphy|brn
|move|p1a: Manaphy|Scald|p2a: Gengar
|-damage|p2a: Gengar|0 fnt
|faint|p2a: Gengar
|
|-weather|RainDance|[upkeep]
|-curestatus|p1a: Manaphy|brn
|
|switch|p2a: Scizor|Scizor, F|344\/344
|turn|14
|
|-formechange|p2a: Scizor|Scizor-Mega
|message|Scizor has Mega Evolved into Mega Scizor!
|move|p1a: Manaphy|Scald|p2a: Scizor
|-damage|p2a: Scizor|0 fnt
|faint|p2a: Scizor
|
|-weather|none
|
|switch|p2a: Weavile|Weavile, F|282\/282
|-ability|p2a: Weavile|Pressure
|turn|15
|
|move|p2a: Weavile|Swords Dance|p2a: Weavile
|-boost|p2a: Weavile|atk|2
|move|p1a: Manaphy|Scald|p2a: Weavile
|-damage|p2a: Weavile|17\/282
|
|turn|16
|
|move|p2a: Weavile|Knock Off|p1a: Manaphy
|-damage|p1a: Manaphy|148\/400
|-enditem|p1a: Manaphy|Leftovers|[from] move: Knock Off|[of] p2a: Weavile
|move|p1a: Manaphy|Scald|p2a: Weavile
|-damage|p2a: Weavile|0 fnt
|faint|p2a: Weavile
|
|
|switch|p2a: Tyranitar|Tyranitar, F|154\/342
|-weather|Sandstorm
|turn|17
|
|move|p1a: Manaphy|Scald|p2a: Tyranitar
|-supereffective|p2a: Tyranitar
|-damage|p2a: Tyranitar|0 fnt
|faint|p2a: Tyranitar
|
|win|Psychological
|raw|Ladder updating...
|raw|Psychological's rating: 1703 &rarr; <strong>1719<\/strong><br \/>(+16 for winning)
|raw|yotk13's rating: 1644 &rarr; <strong>1627<\/strong><br \/>(-17 for losing)
|leave|yotk13
|player|p2