|join|Blvdman
|join|yotk13
|player|p1|Blvdman|102
|player|p2|yotk13|238
|gametype|singles
|gen|6
|tier|OU
|rated
|clearpoke
|poke|p1|Gengar, M
|poke|p1|Mawile, F
|poke|p1|Tyranitar, F
|poke|p1|Deoxys-Speed
|poke|p1|Rotom-Wash
|poke|p1|Terrakion
|poke|p2|Weavile, M
|poke|p2|Scizor, F
|poke|p2|Alakazam, M
|poke|p2|Garchomp, M
|poke|p2|Tyranitar, F
|poke|p2|Gengar, M
|rule|Sleep Clause Mod: Limit one foe put to sleep
|rule|Species Clause: Limit one of each Pokemon
|rule|OHKO Clause: OHKO moves are banned
|rule|Moody Clause: Moody is banned
|rule|Evasion Moves Clause: Evasion moves are banned
|rule|Endless Battle Clause: Forcing endless battles is banned.
|rule|HP Percentage Mod: HP is reported as percentages
|teampreview
|
|start
|switch|p1a: Mawile|Mawile, F|303\/303
|switch|p2a: Tyranitar|Tyranitar, F|342\/342
|-weather|Sandstorm
|turn|1
|
|switch|p1a: Rotom-Wash|Rotom-Wash|304\/304
|move|p2a: Tyranitar|Thunder Wave|p1a: Rotom-Wash
|-fail|p1a: Rotom-Wash
|
|-weather|Sandstorm|[upkeep]
|-damage|p1a: Rotom-Wash|285\/304|[from] Sandstorm
|-heal|p1a: Rotom-Wash|304\/304|[from] item: Leftovers
|turn|2
|
|move|p2a: Tyranitar|Stealth Rock|p1a: Rotom-Wash
|-sidestart|p1: Blvdman|move: Stealth Rock
|move|p1a: Rotom-Wash|Will-O-Wisp|p2a: Tyranitar
|-status|p2a: Tyranitar|brn
|
|-weather|Sandstorm|[upkeep]
|-damage|p1a: Rotom-Wash|285\/304|[from] Sandstorm
|-heal|p1a: Rotom-Wash|304\/304|[from] item: Leftovers
|-damage|p2a: Tyranitar|300\/342 brn|[from] brn
|turn|3
|
|move|p2a: Tyranitar|Dark Pulse|p1a: Rotom-Wash
|-damage|p1a: Rotom-Wash|181\/304
|cant|p1a: Rotom-Wash|flinch
|
|-weather|Sandstorm|[upkeep]
|-damage|p1a: Rotom-Wash|162\/304|[from] Sandstorm
|-heal|p1a: Rotom-Wash|181\/304|[from] item: Leftovers
|-damage|p2a: Tyranitar|258\/342 brn|[from] brn
|turn|4
|chat|Blvdman|oo
|
|move|p2a: Tyranitar|Dark Pulse|p1a: Rotom-Wash
|-damage|p1a: Rotom-Wash|70\/304
|move|p1a: Rotom-Wash|Volt Switch|p2a: Tyranitar
|-damage|p2a: Tyranitar|201\/342 brn
|
|switch|p1a: Tyranitar|Tyranitar, F|404\/404
|-damage|p1a: Tyranitar|354\/404|[from] Stealth Rock
|
|-weather|Sandstorm|[upkeep]
|-heal|p1a: Tyranitar|379\/404|[from] item: Leftovers
|-damage|p2a: Tyranitar|159\/342 brn|[from] brn
|turn|5
|
|move|p2a: Tyranitar|Thunder Wave|p1a: Tyranitar
|-status|p1a: Tyranitar|par
|move|p1a: Tyranitar|Stealth Rock|p2a: Tyranitar
|-sidestart|p2: yotk13|move: Stealth Rock
|
|-weather|none
|-heal|p1a: Tyranitar|404\/404 par|[from] item: Leftovers
|-damage|p2a: Tyranitar|117\/342 brn|[from] brn
|turn|6
|
|move|p2a: Tyranitar|Dark Pulse|p1a: Tyranitar
|-resisted|p1a: Tyranitar
|-damage|p1a: Tyranitar|341\/404 par
|cant|p1a: Tyranitar|flinch
|
|-heal|p1a: Tyranitar|366\/404 par|[from] item: Leftovers
|-damage|p2a: Tyranitar|75\/342 brn|[from] brn
|turn|7
|
|move|p2a: Tyranitar|Thunder Wave|p1a: Tyranitar
|-fail|p1a: Tyranitar|par
|move|p1a: Tyranitar|Earthquake|p2a: Tyranitar
|-supereffective|p2a: Tyranitar
|-damage|p2a: Tyranitar|0 fnt
|faint|p2a: Tyranitar
|
|-heal|p1a: Tyranitar|391\/404 par|[from] item: Leftovers
|
|switch|p2a: Garchomp|Garchomp, M|358\/358
|-damage|p2a: Garchomp|336\/358|[from] Stealth Rock
|turn|8
|
|move|p2a: Garchomp|Earthquake|p1a: Tyranitar
|-supereffective|p1a: Tyranitar
|-damage|p1a: Tyranitar|65\/404 par
|move|p1a: Tyranitar|Earthquake|p2a: Garchomp
|-damage|p2a: Garchomp|185\/358
|
|-heal|p1a: Tyranitar|90\/404 par|[from] item: Leftovers
|turn|9
|
|move|p2a: Garchomp|Earthquake|p1a: Tyranitar
|-supereffective|p1a: Tyranitar
|-damage|p1a: Tyranitar|0 fnt
|faint|p1a: Tyranitar
|
|
|switch|p1a: Gengar|Gengar, M|261\/261
|-damage|p1a: Gengar|229\/261|[from] Stealth Rock
|turn|10
|
|move|p2a: Garchomp|Outrage|p1a: Gengar
|-damage|p1a: Gengar|0 fnt
|faint|p1a: Gengar
|
|chat|Blvdman|hmm
|chat|Blvdman|ahha forgot to put nature on my mon
|
|switch|p1a: Mawile|Mawile, F|303\/303
|-damage|p1a: Mawile|285\/303|[from] Stealth Rock
|turn|11
|
|-formechange|p1a: Mawile|Mawile-Mega
|message|Mawile has Mega Evolved into Mega Mawile!
|move|p2a: Garchomp|Outrage|p1a: Mawile
|-immune|p1a: Mawile|[msg]
|move|p1a: Mawile|Swords Dance|p1a: Mawile
|-boost|p1a: Mawile|atk|2
|
|-end|p2a: Garchomp|rampage
|-start|p2a: Garchomp|confusion
|turn|12
|
|move|p1a: Mawile|Sucker Punch|p2a: Garchomp
|-damage|p2a: Garchomp|0 fnt
|-damage|p1a: Mawile|248\/303|[from] ability: Rough Skin|[of] p2a: Garchomp
|-damage|p1a: Mawile|198\/303|[from] item: Rocky Helmet|[of] p2a: Garchomp
|faint|p2a: Garchomp
|
|
|switch|p2a: Gengar|Gengar, M|262\/262
|-damage|p2a: Gengar|230\/262|[from] Stealth Rock
|turn|13
|
|move|p2a: Gengar|Will-O-Wisp|p1a: Mawile
|-status|p1a: Mawile|brn
|move|p1a: Mawile|Iron Head|p2a: Gengar
|-damage|p2a: Gengar|0 fnt
|faint|p2a: Gengar
|
|-damage|p1a: Mawile|161\/303 brn|[from] brn
|
|switch|p2a: Scizor|Scizor, F|344\/344
|-damage|p2a: Scizor|301\/344|[from] Stealth Rock
|turn|14
|
|-formechange|p2a: Scizor|Scizor-Mega
|message|Scizor has Mega Evolved into Mega Scizor!
|move|p2a: Scizor|Bullet Punch|p1a: Mawile
|-damage|p1a: Mawile|55\/303 brn
|move|p1a: Mawile|Iron Head|p2a: Scizor
|-resisted|p2a: Scizor
|-damage|p2a: Scizor|197\/344
|
|-damage|p1a: Mawile|18\/303 brn|[from] brn
|turn|15
|
|move|p2a: Scizor|Roost|p2a: Scizor
|-heal|p2a: Scizor|344\/344
|move|p1a: Mawile|Iron Head|p2a: Scizor
|-resisted|p2a: Scizor
|-damage|p2a: Scizor|242\/344
|
|-damage|p1a: Mawile|0 fnt|[from] brn
|faint|p1a: Mawile
|
|switch|p1a: Deoxys-Speed|Deoxys-Speed|241\/241
|-damage|p1a: Deoxys-Speed|211\/241|[from] Stealth Rock
|-ability|p1a: Deoxys-Speed|Pressure
|turn|16
|
|move|p2a: Scizor|Bullet Punch|p1a: Deoxys-Speed
|-damage|p1a: Deoxys-Speed|79\/241
|move|p1a: Deoxys-Speed|Hidden Power|p2a: Scizor
|-supereffective|p2a: Scizor
|-damage|p2a: Scizor|0 fnt
|-damage|p1a: Deoxys-Speed|55\/241|[from] item: Life Orb
|faint|p2a: Scizor
|
|
|switch|p2a: Weavile|Weavile, M|282\/282
|-damage|p2a: Weavile|212\/282|[from] Stealth Rock
|-ability|p2a: Weavile|Pressure
|turn|17
|
|switch|p1a: Rotom-Wash|Rotom-Wash|70\/304
|-damage|p1a: Rotom-Wash|32\/304|[from] Stealth Rock
|move|p2a: Weavile|Ice Shard|p1a: Rotom-Wash
|-resisted|p1a: Rotom-Wash
|-damage|p1a: Rotom-Wash|9\/304
|
|-heal|p1a: Rotom-Wash|28\/304|[from] item: Leftovers
|turn|18
|
|move|p2a: Weavile|Knock Off|p1a: Rotom-Wash
|-damage|p1a: Rotom-Wash|0 fnt
|faint|p1a: Rotom-Wash
|
|
|switch|p1a: Terrakion|Terrakion|323\/323
|-damage|p1a: Terrakion|303\/323|[from] Stealth Rock
|turn|19
|
|move|p1a: Terrakion|Close Combat|p2a: Weavile
|-supereffective|p2a: Weavile
|-damage|p2a: Weavile|0 fnt
|-unboost|p1a: Terrakion|def|1
|-unboost|p1a: Terrakion|spd|1
|faint|p2a: Weavile
|
|
|switch|p2a: Alakazam|Alakazam, M|252\/252
|turn|20
|
|move|p1a: Terrakion|Close Combat|p2a: Alakazam
|-resisted|p2a: Alakazam
|-damage|p2a: Alakazam|39\/252
|-unboost|p1a: Terrakion|def|1
|-unboost|p1a: Terrakion|spd|1
|move|p2a: Alakazam|Psyshock|p1a: Terrakion
|-supereffective|p1a: Terrakion
|-damage|p1a: Terrakion|0 fnt
|faint|p1a: Terrakion
|
|
|switch|p1a: Deoxys-Speed|Deoxys-Speed|55\/241
|-damage|p1a: Deoxys-Speed|25\/241|[from] Stealth Rock
|-ability|p1a: Deoxys-Speed|Pressure
|turn|21
|
|move|p1a: Deoxys-Speed|Ice Beam|p2a: Alakazam
|-damage|p2a: Alakazam|0 fnt
|-damage|p1a: Deoxys-Speed|1\/241|[from] item: Life Orb
|faint|p2a: Alakazam
|
|win|Blvdman
|raw|Ladder updating...
|chat|Blvdman|xD
|chat|Blvdman|gg
|raw|Blvdman's rating: 1616 &rarr; <strong>1638<\/strong><br \/>(+22 for winning)
|raw|yotk13's rating: 1652 &rarr; <strong>1630<\/strong><br \/>(-22 for losing)
|leave|yotk13
|player|p2