|join|BLT2 Cr7
|join|yotk13
|player|p1|BLT2 Cr7|221
|player|p2|yotk13|165
|gametype|singles
|gen|6
|tier|OU
|rated
|clearpoke
|poke|p1|Garchomp, M
|poke|p1|Kyurem-Black
|poke|p1|Slowbro, M, shiny
|poke|p1|Tyranitar, M
|poke|p1|Gliscor, F
|poke|p1|Excadrill, F
|poke|p2|Weavile, F
|poke|p2|Scizor, M
|poke|p2|Alakazam, F
|poke|p2|Zapdos
|poke|p2|Sylveon, F
|poke|p2|Landorus-Therian, M
|rule|Swagger Clause: Swagger is banned
|rule|Baton Pass Clause: Limit one PokÃ©mon knowing Baton Pass
|rule|Sleep Clause Mod: Limit one foe put to sleep
|rule|Species Clause: Limit one of each PokÃ©mon
|rule|OHKO Clause: OHKO moves are banned
|rule|Moody Clause: Moody is banned
|rule|Evasion Moves Clause: Evasion moves are banned
|rule|Endless Battle Clause: Forcing endless battles is banned
|rule|HP Percentage Mod: HP is shown in percentages
|teampreview
|
|start
|switch|p1a: Tyranitar|Tyranitar, M|404\/404
|switch|p2a: Landorus-Therian|Landorus-Therian, M|320\/320
|-ability|p2a: Landorus-Therian|Intimidate|[of] p1a: Tyranitar
|-unboost|p1a: Tyranitar|atk|1
|-weather|Sandstorm
|turn|1
|
|move|p2a: Landorus-Therian|Stealth Rock|p1a: Tyranitar
|-sidestart|p1: BLT2 Cr7|move: Stealth Rock
|move|p1a: Tyranitar|Stealth Rock|p2a: Landorus-Therian
|-sidestart|p2: yotk13|move: Stealth Rock
|
|-weather|Sandstorm|[upkeep]
|turn|2
|
|switch|p2a: Scizor|Scizor, M|344\/344
|-damage|p2a: Scizor|301\/344|[from] Stealth Rock
|move|p1a: Tyranitar|Ice Beam|p2a: Scizor
|-resisted|p2a: Scizor
|-damage|p2a: Scizor|258\/344
|
|-weather|Sandstorm|[upkeep]
|turn|3
|join|zfantasyy
|
|switch|p2a: Sylveon|Sylveon, F|394\/394
|-damage|p2a: Sylveon|345\/394|[from] Stealth Rock
|switch|p1a: Gliscor|Gliscor, F|354\/354
|-damage|p1a: Gliscor|310\/354|[from] Stealth Rock
|
|-weather|Sandstorm|[upkeep]
|-damage|p2a: Sylveon|321\/394|[from] sandstorm
|-heal|p2a: Sylveon|345\/394|[from] item: Leftovers
|-status|p1a: Gliscor|tox|[from] item: Toxic Orb
|turn|4
|
|move|p1a: Gliscor|Taunt|p2a: Sylveon
|-start|p2a: Sylveon|move: Taunt
|move|p2a: Sylveon|Hyper Voice|p1a: Gliscor
|-damage|p1a: Gliscor|148\/354 tox
|
|-weather|Sandstorm|[upkeep]
|-damage|p2a: Sylveon|321\/394|[from] sandstorm
|-heal|p2a: Sylveon|345\/394|[from] item: Leftovers
|-heal|p1a: Gliscor|192\/354 tox|[from] ability: Poison Heal
|turn|5
|c| zfantasyy|wasnt looking on PO ^^
|
|switch|p2a: Scizor|Scizor, M|258\/344
|-damage|p2a: Scizor|215\/344|[from] Stealth Rock
|move|p1a: Gliscor|Earthquake|p2a: Scizor
|-damage|p2a: Scizor|100\/344
|
|-weather|Sandstorm|[upkeep]
|-heal|p1a: Gliscor|236\/354 tox|[from] ability: Poison Heal
|turn|6
|
|detailschange|p2a: Scizor|Scizor-Mega, M
|message|Scizor has Mega Evolved into Mega Scizor!
|move|p1a: Gliscor|Earthquake|p2a: Scizor
|-damage|p2a: Scizor|24\/344
|move|p2a: Scizor|Roost|p2a: Scizor
|-heal|p2a: Scizor|196\/344
|
|-weather|Sandstorm|[upkeep]
|-heal|p1a: Gliscor|280\/354 tox|[from] ability: Poison Heal
|turn|7
|join|eulen glupschi x3
|
|move|p2a: Scizor|Bullet Punch|p1a: Gliscor
|-damage|p1a: Gliscor|189\/354 tox
|move|p1a: Gliscor|Earthquake|p2a: Scizor
|-damage|p2a: Scizor|112\/344
|
|-weather|Sandstorm|[upkeep]
|-heal|p1a: Gliscor|233\/354 tox|[from] ability: Poison Heal
|turn|8
|
|switch|p2a: Landorus-Therian|Landorus-Therian, M|320\/320
|-damage|p2a: Landorus-Therian|280\/320|[from] Stealth Rock
|-ability|p2a: Landorus-Therian|Intimidate|[of] p1a: Gliscor
|-unboost|p1a: Gliscor|atk|1
|move|p1a: Gliscor|Taunt|p2a: Landorus-Therian
|-start|p2a: Landorus-Therian|move: Taunt
|
|-weather|none
|-heal|p1a: Gliscor|277\/354 tox|[from] ability: Poison Heal
|turn|9
|
|move|p2a: Landorus-Therian|U-turn|p1a: Gliscor
|-resisted|p1a: Gliscor
|-damage|p1a: Gliscor|242\/354 tox
|
|switch|p2a: Zapdos|Zapdos|383\/383
|-damage|p2a: Zapdos|288\/383|[from] Stealth Rock
|-ability|p2a: Zapdos|Pressure
|move|p1a: Gliscor|Knock Off|p2a: Zapdos
|-damage|p2a: Zapdos|246\/383
|-enditem|p2a: Zapdos|Leftovers|[from] move: Knock Off|[of] p1a: Gliscor
|
|-heal|p1a: Gliscor|286\/354 tox|[from] ability: Poison Heal
|turn|10
|
|move|p1a: Gliscor|Taunt|p2a: Zapdos
|-start|p2a: Zapdos|move: Taunt
|cant|p2a: Zapdos|move: Taunt|Roost
|
|-heal|p1a: Gliscor|330\/354 tox|[from] ability: Poison Heal
|turn|11
|
|switch|p1a: Tyranitar|Tyranitar, M|404\/404
|-damage|p1a: Tyranitar|354\/404|[from] Stealth Rock
|-weather|Sandstorm
|move|p2a: Zapdos|Heat Wave|p1a: Tyranitar
|-resisted|p1a: Tyranitar
|-damage|p1a: Tyranitar|330\/404
|
|-weather|Sandstorm|[upkeep]
|-damage|p2a: Zapdos|223\/383|[from] sandstorm
|turn|12
|
|move|p1a: Tyranitar|Pursuit|p2a: Zapdos|[from]Pursuit
|-damage|p2a: Zapdos|117\/383
|switch|p2a: Sylveon|Sylveon, F|345\/394
|-damage|p2a: Sylveon|296\/394|[from] Stealth Rock
|
|-weather|Sandstorm|[upkeep]
|-damage|p2a: Sylveon|272\/394|[from] sandstorm
|-heal|p2a: Sylveon|296\/394|[from] item: Leftovers
|turn|13
|
|switch|p1a: Excadrill|Excadrill, F|362\/362
|-damage|p1a: Excadrill|351\/362|[from] Stealth Rock
|move|p2a: Sylveon|Wish|p2a: Sylveon
|
|-weather|Sandstorm|[upkeep]
|-damage|p2a: Sylveon|272\/394|[from] sandstorm
|-heal|p2a: Sylveon|296\/394|[from] item: Leftovers
|turn|14
|
|switch|p2a: Scizor|Scizor-Mega, M|112\/344
|-damage|p2a: Scizor|69\/344|[from] Stealth Rock
|move|p1a: Excadrill|Iron Head|p2a: Scizor
|-resisted|p2a: Scizor
|-damage|p2a: Scizor|0 fnt
|faint|p2a: Scizor
|
|-weather|Sandstorm|[upkeep]
|
|switch|p2a: Landorus-Therian|Landorus-Therian, M|280\/320
|-damage|p2a: Landorus-Therian|240\/320|[from] Stealth Rock
|-ability|p2a: Landorus-Therian|Intimidate|[of] p1a: Excadrill
|-unboost|p1a: Excadrill|atk|1
|turn|15
|
|move|p1a: Excadrill|Iron Head|p2a: Landorus-Therian
|-damage|p2a: Landorus-Therian|72\/320
|move|p2a: Landorus-Therian|U-turn|p1a: Excadrill
|-resisted|p1a: Excadrill
|-damage|p1a: Excadrill|286\/362
|
|switch|p2a: Zapdos|Zapdos|117\/383
|-damage|p2a: Zapdos|22\/383|[from] Stealth Rock
|-ability|p2a: Zapdos|Pressure
|
|-weather|Sandstorm|[upkeep]
|-damage|p2a: Zapdos|0 fnt|[from] sandstorm
|faint|p2a: Zapdos
|
|switch|p2a: Landorus-Therian|Landorus-Therian, M|72\/320
|-damage|p2a: Landorus-Therian|32\/320|[from] Stealth Rock
|-ability|p2a: Landorus-Therian|Intimidate|[of] p1a: Excadrill
|-unboost|p1a: Excadrill|atk|1
|turn|16
|
|move|p1a: Excadrill|Iron Head|p2a: Landorus-Therian
|-damage|p2a: Landorus-Therian|0 fnt
|faint|p2a: Landorus-Therian
|
|-weather|Sandstorm|[upkeep]
|c|âBLT2 Cr7|gg gg
|
|switch|p2a: Alakazam|Alakazam, F|252\/252
|turn|17
|
|move|p1a: Excadrill|Iron Head|p2a: Alakazam
|-damage|p2a: Alakazam|21\/252
|move|p2a: Alakazam|Focus Blast|p1a: Excadrill
|-supereffective|p1a: Excadrill
|-damage|p1a: Excadrill|0 fnt
|faint|p1a: Excadrill
|
|-weather|Sandstorm|[upkeep]
|
|switch|p1a: Gliscor|Gliscor, F|330\/354 tox
|-damage|p1a: Gliscor|286\/354 tox|[from] Stealth Rock
|turn|18
|c|âBLT2 Cr7|the fuck have i done
|c| zfantasyy|lol
|c|âBLT2 Cr7|why no switch
|
|move|p2a: Alakazam|Energy Ball|p1a: Gliscor
|-damage|p1a: Gliscor|133\/354 tox
|move|p1a: Gliscor|Earthquake|p2a: Alakazam
|-damage|p2a: Alakazam|0 fnt
|faint|p2a: Alakazam
|
|-weather|none
|-heal|p1a: Gliscor|177\/354 tox|[from] ability: Poison Heal
|c| zfantasyy|you still win though
|
|switch|p2a: Weavile|Weavile, F|282\/282
|-damage|p2a: Weavile|212\/282|[from] Stealth Rock
|-ability|p2a: Weavile|Pressure
|turn|19
|
|move|p1a: Gliscor|Protect|p1a: Gliscor
|-singleturn|p1a: Gliscor|Protect
|move|p2a: Weavile|Swords Dance|p2a: Weavile
|-boost|p2a: Weavile|atk|2
|
|-heal|p1a: Gliscor|221\/354 tox|[from] ability: Poison Heal
|turn|20
|c|âBLT2 Cr7|Idk
|c| zfantasyy|well
|
|switch|p1a: Tyranitar|Tyranitar, M|330\/404
|-damage|p1a: Tyranitar|280\/404|[from] Stealth Rock
|-weather|Sandstorm
|move|p2a: Weavile|Ice Shard|p1a: Tyranitar
|-damage|p1a: Tyranitar|144\/404
|-damage|p2a: Weavile|184\/282|[from] item: Life Orb
|
|-weather|Sandstorm|[upkeep]
|-damage|p2a: Weavile|167\/282|[from] sandstorm
|turn|21
|
|move|p2a: Weavile|Low Kick|p1a: Tyranitar
|-supereffective|p1a: Tyranitar
|-damage|p1a: Tyranitar|0 fnt
|-damage|p2a: Weavile|139\/282|[from] item: Life Orb
|faint|p1a: Tyranitar
|
|-weather|Sandstorm|[upkeep]
|-damage|p2a: Weavile|122\/282|[from] sandstorm
|
|switch|p1a: Gliscor|Gliscor, F|221\/354 tox
|-damage|p1a: Gliscor|177\/354 tox|[from] Stealth Rock
|turn|22
|
|move|p1a: Gliscor|Protect|p1a: Gliscor
|-singleturn|p1a: Gliscor|Protect
|move|p2a: Weavile|Ice Shard|p1a: Gliscor
|-activate|p1a: Gliscor|Protect
|
|-weather|Sandstorm|[upkeep]
|-damage|p2a: Weavile|105\/282|[from] sandstorm
|-heal|p1a: Gliscor|221\/354 tox|[from] ability: Poison Heal
|turn|23
|
|move|p2a: Weavile|Knock Off|p1a: Gliscor
|-damage|p1a: Gliscor|0 fnt
|-enditem|p1a: Gliscor|Toxic Orb|[from] move: Knock Off|[of] p2a: Weavile
|-damage|p2a: Weavile|77\/282|[from] item: Life Orb
|faint|p1a: Gliscor
|
|-weather|Sandstorm|[upkeep]
|-damage|p2a: Weavile|60\/282|[from] sandstorm
|
|switch|p1a: Garchomp|Garchomp, M|357\/357
|-damage|p1a: Garchomp|335\/357|[from] Stealth Rock
|turn|24
|
|move|p2a: Weavile|Ice Shard|p1a: Garchomp
|-crit|p1a: Garchomp
|-supereffective|p1a: Garchomp
|-damage|p1a: Garchomp|0 fnt
|-damage|p2a: Weavile|32\/282|[from] item: Life Orb
|faint|p1a: Garchomp
|
|-weather|Sandstorm|[upkeep]
|-damage|p2a: Weavile|15\/282|[from] sandstorm
|
|switch|p1a: Slowbro|Slowbro, M, shiny|394\/394
|-damage|p1a: Slowbro|345\/394|[from] Stealth Rock
|turn|25
|
|move|p2a: Weavile|Knock Off|p1a: Slowbro
|-supereffective|p1a: Slowbro
|-damage|p1a: Slowbro|0 fnt
|-enditem|p1a: Slowbro|Leftovers|[from] move: Knock Off|[of] p2a: Weavile
|-damage|p2a: Weavile|0 fnt|[from] item: Life Orb
|faint|p1a: Slowbro
|faint|p2a: Weavile
|
|-weather|Sandstorm|[upkeep]
|c|âBLT2 Cr7|Yah i win
|c|âBLT2 Cr7|gg
|
|switch|p1a: Kyurem-Black|Kyurem-Black|391\/391
|-damage|p1a: Kyurem-Black|294\/391|[from] Stealth Rock
|switch|p2a: Sylveon|Sylveon, F|296\/394
|-damage|p2a: Sylveon|247\/394|[from] Stealth Rock
|-ability|p1a: Kyurem-Black|Teravolt
|turn|26
|c| zfantasyy|um
|c| zfantasyy|sure? xD
|c|âyotk13|so close
|c|âBLT2 Cr7|Yesh
|
|move|p1a: Kyurem-Black|Iron Head|p2a: Sylveon
|-supereffective|p2a: Sylveon
|-damage|p2a: Sylveon|0 fnt
|-damage|p1a: Kyurem-Black|255\/391|[from] item: Life Orb
|faint|p2a: Sylveon
|
|win|BLT2 Cr7
|raw|Ladder updating...
|raw|BLT2 Cr7's rating: 1889 &rarr; <strong>1896<\/strong><br \/>(+7 for winning)
|raw|yotk13's rating: 1641 &rarr; <strong>1633<\/strong><br \/>(-8 for losing)
|c| zfantasyy|ah
|c|âyotk13|gg
|leave|yotk13
|player|p2
|leave|zfantasyy
|leave|BLT2 Cr7
|player|p1