|join|done with le lader
|join|yotk13
|player|p1|done with le lader|91
|player|p2|yotk13|238
|gametype|singles
|gen|6
|tier|OU
|rated
|clearpoke
|poke|p1|Gothitelle, M
|poke|p1|Skarmory, M
|poke|p1|Quagsire, M
|poke|p1|Chansey, F
|poke|p1|Amoonguss, M
|poke|p1|Charizard, F
|poke|p2|Weavile, M
|poke|p2|Scizor, M
|poke|p2|Alakazam, F
|poke|p2|Tyranitar, F
|poke|p2|Garchomp, M
|poke|p2|Keldeo
|rule|Sleep Clause Mod: Limit one foe put to sleep
|rule|Species Clause: Limit one of each Pokemon
|rule|OHKO Clause: OHKO moves are banned
|rule|Moody Clause: Moody is banned
|rule|Evasion Moves Clause: Evasion moves are banned
|rule|Endless Battle Clause: Forcing endless battles is banned.
|rule|HP Percentage Mod: HP is reported as percentages
|teampreview
|
|start
|switch|p1a: Skarmory|Skarmory, M|333\/333
|switch|p2a: Tyranitar|Tyranitar, F|342\/342
|-weather|Sandstorm
|turn|1
|
|move|p2a: Tyranitar|Stealth Rock|p1a: Skarmory
|-sidestart|p1: done with le lader|move: Stealth Rock
|move|p1a: Skarmory|Stealth Rock|p2a: Tyranitar
|-sidestart|p2: yotk13|move: Stealth Rock
|
|-weather|Sandstorm|[upkeep]
|turn|2
|
|move|p2a: Tyranitar|Flamethrower|p1a: Skarmory
|-supereffective|p1a: Skarmory
|-damage|p1a: Skarmory|109\/333
|move|p1a: Skarmory|Roost|p1a: Skarmory
|-heal|p1a: Skarmory|276\/333
|
|-weather|Sandstorm|[upkeep]
|turn|3
|
|switch|p1a: Quagsire|Quagsire, M|393\/393
|-damage|p1a: Quagsire|369\/393|[from] Stealth Rock
|move|p2a: Tyranitar|Thunder Wave|p1a: Quagsire
|-immune|p1a: Quagsire|[msg]
|
|-weather|Sandstorm|[upkeep]
|-heal|p1a: Quagsire|393\/393|[from] item: Leftovers
|turn|4
|
|move|p2a: Tyranitar|Dark Pulse|p1a: Quagsire
|-damage|p1a: Quagsire|245\/393
|move|p1a: Quagsire|Toxic|p2a: Tyranitar
|-status|p2a: Tyranitar|tox
|
|-weather|Sandstorm|[upkeep]
|-heal|p1a: Quagsire|269\/393|[from] item: Leftovers
|-damage|p2a: Tyranitar|321\/342 tox|[from] psn
|turn|5
|
|move|p2a: Tyranitar|Dark Pulse|p1a: Quagsire
|-damage|p1a: Quagsire|103\/393
|move|p1a: Quagsire|Recover|p1a: Quagsire
|-heal|p1a: Quagsire|300\/393
|
|-weather|none
|-heal|p1a: Quagsire|324\/393|[from] item: Leftovers
|-damage|p2a: Tyranitar|279\/342 tox|[from] psn
|turn|6
|
|switch|p2a: Keldeo|Keldeo|324\/324
|-damage|p2a: Keldeo|304\/324|[from] Stealth Rock
|switch|p1a: Chansey|Chansey, F|703\/703
|-damage|p1a: Chansey|616\/703|[from] Stealth Rock
|
|-heal|p2a: Keldeo|324\/324|[from] item: Leftovers
|turn|7
|
|switch|p1a: Amoonguss|Amoonguss, M|431\/431
|-damage|p1a: Amoonguss|378\/431|[from] Stealth Rock
|move|p2a: Keldeo|Substitute|p2a: Keldeo
|-start|p2a: Keldeo|Substitute
|-damage|p2a: Keldeo|243\/324
|
|-heal|p2a: Keldeo|263\/324|[from] item: Leftovers
|-heal|p1a: Amoonguss|404\/431|[from] item: Black Sludge
|turn|8
|
|move|p2a: Keldeo|Hidden Power|p1a: Amoonguss
|-crit|p1a: Amoonguss
|-supereffective|p1a: Amoonguss
|-damage|p1a: Amoonguss|214\/431
|move|p1a: Amoonguss|Giga Drain|p2a: Keldeo
|-supereffective|p2a: Keldeo
|-end|p2a: Keldeo|Substitute
|-heal|p1a: Amoonguss|255\/431|[from] drain|[of] p2a: Keldeo
|
|-heal|p2a: Keldeo|283\/324|[from] item: Leftovers
|-heal|p1a: Amoonguss|281\/431|[from] item: Black Sludge
|turn|9
|
|move|p2a: Keldeo|Substitute|p2a: Keldeo
|-start|p2a: Keldeo|Substitute
|-damage|p2a: Keldeo|202\/324
|move|p1a: Amoonguss|Foul Play|p2a: Keldeo
|-resisted|p2a: Keldeo
|-activate|p2a: Keldeo|Substitute|[damage]
|
|-heal|p2a: Keldeo|222\/324|[from] item: Leftovers
|-heal|p1a: Amoonguss|307\/431|[from] item: Black Sludge
|turn|10
|
|move|p2a: Keldeo|Scald|p1a: Amoonguss
|-resisted|p1a: Amoonguss
|-damage|p1a: Amoonguss|246\/431
|-status|p1a: Amoonguss|brn
|move|p1a: Amoonguss|Giga Drain|p2a: Keldeo
|-supereffective|p2a: Keldeo
|-end|p2a: Keldeo|Substitute
|-heal|p1a: Amoonguss|273\/431 brn|[from] drain|[of] p2a: Keldeo
|
|-heal|p2a: Keldeo|242\/324|[from] item: Leftovers
|-heal|p1a: Amoonguss|299\/431 brn|[from] item: Black Sludge
|-damage|p1a: Amoonguss|246\/431 brn|[from] brn
|turn|11
|
|switch|p2a: Scizor|Scizor, M|344\/344
|-damage|p2a: Scizor|301\/344|[from] Stealth Rock
|move|p1a: Amoonguss|Giga Drain|p2a: Scizor
|-crit|p2a: Scizor
|-resisted|p2a: Scizor
|-damage|p2a: Scizor|268\/344
|-heal|p1a: Amoonguss|263\/431 brn|[from] drain|[of] p2a: Scizor
|
|-heal|p1a: Amoonguss|289\/431 brn|[from] item: Black Sludge
|-damage|p1a: Amoonguss|236\/431 brn|[from] brn
|turn|12
|
|switch|p1a: Skarmory|Skarmory, M|276\/333
|-damage|p1a: Skarmory|235\/333|[from] Stealth Rock
|-formechange|p2a: Scizor|Scizor-Mega
|message|Scizor has Mega Evolved into Mega Scizor!
|move|p2a: Scizor|Knock Off|p1a: Skarmory
|-damage|p1a: Skarmory|151\/333
|-enditem|p1a: Skarmory|Shed Shell|[from] move: Knock Off|[of] p2a: Scizor
|
|turn|13
|
|move|p2a: Scizor|Swords Dance|p2a: Scizor
|-boost|p2a: Scizor|atk|2
|move|p1a: Skarmory|Roost|p1a: Skarmory
|-heal|p1a: Skarmory|318\/333
|
|turn|14
|
|switch|p1a: Quagsire|Quagsire, M|324\/393
|-damage|p1a: Quagsire|300\/393|[from] Stealth Rock
|move|p2a: Scizor|Knock Off|p1a: Quagsire
|-damage|p1a: Quagsire|186\/393
|-enditem|p1a: Quagsire|Leftovers|[from] move: Knock Off|[of] p2a: Scizor
|
|turn|15
|
|move|p2a: Scizor|Knock Off|p1a: Quagsire
|-damage|p1a: Quagsire|116\/393
|move|p1a: Quagsire|Recover|p1a: Quagsire
|-heal|p1a: Quagsire|313\/393
|
|turn|16
|
|switch|p2a: Tyranitar|Tyranitar, F|279\/342 tox
|-damage|p2a: Tyranitar|237\/342 tox|[from] Stealth Rock
|-weather|Sandstorm
|move|p1a: Quagsire|Scald|p2a: Tyranitar
|-supereffective|p2a: Tyranitar
|-damage|p2a: Tyranitar|145\/342 tox
|
|-weather|Sandstorm|[upkeep]
|-damage|p2a: Tyranitar|124\/342 tox|[from] psn
|turn|17
|
|move|p2a: Tyranitar|Dark Pulse|p1a: Quagsire
|-crit|p1a: Quagsire
|-damage|p1a: Quagsire|72\/393
|move|p1a: Quagsire|Recover|p1a: Quagsire
|-heal|p1a: Quagsire|269\/393
|
|-weather|Sandstorm|[upkeep]
|-damage|p2a: Tyranitar|82\/342 tox|[from] psn
|turn|18
|
|move|p2a: Tyranitar|Dark Pulse|p1a: Quagsire
|-damage|p1a: Quagsire|113\/393
|cant|p1a: Quagsire|flinch
|
|-weather|Sandstorm|[upkeep]
|-damage|p2a: Tyranitar|19\/342 tox|[from] psn
|turn|19
|chat|done with le lader|lmao
|
|switch|p1a: Chansey|Chansey, F|616\/703
|-damage|p1a: Chansey|529\/703|[from] Stealth Rock
|move|p2a: Tyranitar|Dark Pulse|p1a: Chansey
|-damage|p1a: Chansey|451\/703
|
|-weather|Sandstorm|[upkeep]
|-damage|p1a: Chansey|408\/703|[from] sandstorm
|-damage|p2a: Tyranitar|0 fnt|[from] psn
|faint|p2a: Tyranitar
|
|switch|p2a: Keldeo|Keldeo|242\/324
|-damage|p2a: Keldeo|222\/324|[from] Stealth Rock
|turn|20
|
|switch|p1a: Gothitelle|Gothitelle, M|301\/301
|-damage|p1a: Gothitelle|264\/301|[from] Stealth Rock
|move|p2a: Keldeo|Substitute|p2a: Keldeo
|-start|p2a: Keldeo|Substitute
|-damage|p2a: Keldeo|141\/324
|
|-weather|none
|-heal|p2a: Keldeo|161\/324|[from] item: Leftovers
|turn|21
|
|move|p1a: Gothitelle|Psychic|p2a: Keldeo
|-supereffective|p2a: Keldeo
|-end|p2a: Keldeo|Substitute
|move|p2a: Keldeo|Scald|p1a: Gothitelle
|-damage|p1a: Gothitelle|138\/301
|
|-heal|p2a: Keldeo|181\/324|[from] item: Leftovers
|turn|22
|
|move|p1a: Gothitelle|Psychic|p2a: Keldeo
|-supereffective|p2a: Keldeo
|-damage|p2a: Keldeo|0 fnt
|faint|p2a: Keldeo
|
|
|switch|p2a: Alakazam|Alakazam, F|252\/252
|turn|23
|
|switch|p1a: Quagsire|Quagsire, M|113\/393
|-damage|p1a: Quagsire|89\/393|[from] Stealth Rock
|move|p2a: Alakazam|Psyshock|p1a: Quagsire
|-damage|p1a: Quagsire|0 fnt
|faint|p1a: Quagsire
|
|
|switch|p1a: Gothitelle|Gothitelle, M|138\/301
|-damage|p1a: Gothitelle|101\/301|[from] Stealth Rock
|turn|24
|
|move|p1a: Gothitelle|Trick|p2a: Alakazam
|-activate|p1a: Gothitelle|move: Trick|[of] p2a: Alakazam
|-item|p2a: Alakazam|Choice Scarf|[from] move: Trick
|-item|p1a: Gothitelle|Life Orb|[from] move: Trick
|move|p2a: Alakazam|Shadow Ball|p1a: Gothitelle
|-supereffective|p1a: Gothitelle
|-damage|p1a: Gothitelle|0 fnt
|faint|p1a: Gothitelle
|
|
|switch|p1a: Chansey|Chansey, F|408\/703
|-damage|p1a: Chansey|321\/703|[from] Stealth Rock
|turn|25
|
|switch|p2a: Scizor|Scizor, M|268\/344
|-formechange|p2a: Scizor|Scizor-Mega
|-damage|p2a: Scizor|225\/344|[from] Stealth Rock
|move|p1a: Chansey|Soft-Boiled|p1a: Chansey
|-heal|p1a: Chansey|673\/703
|
|turn|26
|
|switch|p1a: Charizard|Charizard, F|359\/359
|-damage|p1a: Charizard|180\/359|[from] Stealth Rock
|move|p2a: Scizor|Knock Off|p1a: Charizard
|-damage|p1a: Charizard|66\/359
|
|turn|27
|
|-formechange|p1a: Charizard|Charizard-Mega-X
|message|Charizard has Mega Evolved into Mega Charizard!
|move|p2a: Scizor|Bullet Punch|p1a: Charizard
|-resisted|p1a: Charizard
|-damage|p1a: Charizard|4\/359
|move|p1a: Charizard|Roost|p1a: Charizard
|-heal|p1a: Charizard|184\/359
|
|turn|28
|
|switch|p2a: Garchomp|Garchomp, M|358\/358
|-damage|p2a: Garchomp|336\/358|[from] Stealth Rock
|move|p1a: Charizard|Will-O-Wisp|p2a: Garchomp
|-status|p2a: Garchomp|brn
|
|-damage|p2a: Garchomp|292\/358 brn|[from] brn
|turn|29
|
|switch|p1a: Skarmory|Skarmory, M|318\/333
|-damage|p1a: Skarmory|277\/333|[from] Stealth Rock
|move|p2a: Garchomp|Earthquake|p1a: Skarmory
|-immune|p1a: Skarmory|[msg]
|
|-damage|p2a: Garchomp|248\/358 brn|[from] brn
|turn|30
|
|move|p2a: Garchomp|Fire Fang|p1a: Skarmory
|-supereffective|p1a: Skarmory
|-damage|p1a: Skarmory|229\/333
|move|p1a: Skarmory|Defog|p2a: Garchomp
|-unboost|p2a: Garchomp|evasion|1
|-sideend|p2: yotk13|Stealth Rock|[from] move: Defog|[of] p2a: Garchomp
|-sideend|p1: done with le lader|Stealth Rock|[from] move: Defog|[of] p1a: Skarmory
|
|-damage|p2a: Garchomp|204\/358 brn|[from] brn
|turn|31
|
|move|p2a: Garchomp|Fire Fang|p1a: Skarmory
|-supereffective|p1a: Skarmory
|-damage|p1a: Skarmory|183\/333
|cant|p1a: Skarmory|flinch
|
|-damage|p2a: Garchomp|160\/358 brn|[from] brn
|turn|32
|
|move|p2a: Garchomp|Fire Fang|p1a: Skarmory
|-supereffective|p1a: Skarmory
|-damage|p1a: Skarmory|141\/333
|move|p1a: Skarmory|Roost|p1a: Skarmory
|-heal|p1a: Skarmory|308\/333
|
|-damage|p2a: Garchomp|116\/358 brn|[from] brn
|turn|33
|
|switch|p1a: Chansey|Chansey, F|673\/703
|move|p2a: Garchomp|Fire Fang|p1a: Chansey
|-damage|p1a: Chansey|623\/703
|
|-damage|p2a: Garchomp|72\/358 brn|[from] brn
|turn|34
|
|move|p2a: Garchomp|Fire Fang|p1a: Chansey
|-damage|p1a: Chansey|573\/703
|move|p1a: Chansey|Aromatherapy|p1a: Chansey
|-cureteam|p1a: Chansey|[from] move: Aromatherapy
|
|-damage|p2a: Garchomp|28\/358 brn|[from] brn
|turn|35
|
|move|p2a: Garchomp|Fire Fang|p1a: Chansey
|-damage|p1a: Chansey|523\/703
|move|p1a: Chansey|Soft-Boiled|p1a: Chansey
|-heal|p1a: Chansey|703\/703
|
|-damage|p2a: Garchomp|0 fnt|[from] brn
|faint|p2a: Garchomp
|
|switch|p2a: Scizor|Scizor, M|225\/344
|-formechange|p2a: Scizor|Scizor-Mega
|turn|36
|
|switch|p1a: Charizard|Charizard, F|184\/359
|-formechange|p1a: Charizard|Charizard-Mega-X
|move|p2a: Scizor|Knock Off|p1a: Charizard
|-damage|p1a: Charizard|104\/359
|
|turn|37
|
|move|p1a: Charizard|Roost|p1a: Charizard
|-heal|p1a: Charizard|284\/359
|move|p2a: Scizor|Knock Off|p1a: Charizard
|-damage|p1a: Charizard|196\/359
|
|turn|38
|
|switch|p2a: Alakazam|Alakazam, F|252\/252
|move|p1a: Charizard|Roost|p1a: Charizard
|-heal|p1a: Charizard|359\/359
|
|turn|39
|
|switch|p1a: Chansey|Chansey, F|703\/703
|move|p2a: Alakazam|Psyshock|p1a: Chansey
|-damage|p1a: Chansey|516\/703
|
|turn|40
|
|switch|p2a: Scizor|Scizor, M|225\/344
|-formechange|p2a: Scizor|Scizor-Mega
|move|p1a: Chansey|Seismic Toss|p2a: Scizor
|-damage|p2a: Scizor|125\/344
|
|turn|41
|
|switch|p1a: Charizard|Charizard, F|359\/359
|-formechange|p1a: Charizard|Charizard-Mega-X
|move|p2a: Scizor|Roost|p2a: Scizor
|-heal|p2a: Scizor|297\/344
|
|turn|42
|
|switch|p2a: Alakazam|Alakazam, F|252\/252
|move|p1a: Charizard|Flare Blitz|p2a: Alakazam
|-crit|p2a: Alakazam
|-damage|p2a: Alakazam|0 fnt
|-damage|p1a: Charizard|276\/359|[from] recoil|[of] p2a: Alakazam
|faint|p2a: Alakazam
|
|
|switch|p2a: Weavile|Weavile, M|282\/282
|-ability|p2a: Weavile|Pressure
|turn|43
|
|switch|p1a: Skarmory|Skarmory, M|308\/333
|move|p2a: Weavile|Night Slash|p1a: Skarmory
|-damage|p1a: Skarmory|226\/333
|-damage|p2a: Weavile|254\/282|[from] item: Life Orb
|
|turn|44
|
|move|p2a: Weavile|Swords Dance|p2a: Weavile
|-boost|p2a: Weavile|atk|2
|move|p1a: Skarmory|Roost|p1a: Skarmory
|-heal|p1a: Skarmory|333\/333
|
|turn|45
|
|move|p2a: Weavile|Night Slash|p1a: Skarmory
|-damage|p1a: Skarmory|146\/333
|-damage|p2a: Weavile|226\/282|[from] item: Life Orb
|move|p1a: Skarmory|Counter|p2a: Weavile
|-damage|p2a: Weavile|0 fnt
|faint|p2a: Weavile
|
|
|switch|p2a: Scizor|Scizor, M|297\/344
|-formechange|p2a: Scizor|Scizor-Mega
|turn|46
|
|switch|p1a: Charizard|Charizard, F|276\/359
|-formechange|p1a: Charizard|Charizard-Mega-X
|move|p2a: Scizor|Swords Dance|p2a: Scizor
|-boost|p2a: Scizor|atk|2
|
|turn|47
|
|move|p2a: Scizor|Bullet Punch|p1a: Charizard
|-resisted|p1a: Charizard
|-damage|p1a: Charizard|165\/359
|move|p1a: Charizard|Flare Blitz|p2a: Scizor
|-supereffective|p2a: Scizor
|-damage|p2a: Scizor|0 fnt
|-damage|p1a: Charizard|67\/359|[from] recoil|[of] p2a: Scizor
|faint|p2a: Scizor
|
|win|done with le lader
|raw|Ladder updating...
|chat|done with le lader|lol fucking pathetic