|join|Strawberry Swisher
|join|yotk13
|player|p1|Strawberry Swisher|126
|player|p2|yotk13|165
|gametype|singles
|gen|6
|tier|OU
|rated
|clearpoke
|poke|p1|Talonflame, F, shiny
|poke|p1|Espeon, F, shiny
|poke|p1|Azelf, shiny
|poke|p1|Whimsicott, F, shiny
|poke|p1|Smeargle, F, shiny
|poke|p1|Gothitelle, F, shiny
|poke|p2|Weavile, M
|poke|p2|Scizor, M
|poke|p2|Alakazam, M
|poke|p2|Zapdos
|poke|p2|Garchomp, F
|poke|p2|Sylveon, F
|rule|Swagger Clause: Swagger is banned
|rule|Baton Pass Clause: Limit one PokÃ©mon knowing Baton Pass
|rule|Sleep Clause Mod: Limit one foe put to sleep
|rule|Species Clause: Limit one of each PokÃ©mon
|rule|OHKO Clause: OHKO moves are banned
|rule|Moody Clause: Moody is banned
|rule|Evasion Moves Clause: Evasion moves are banned
|rule|Endless Battle Clause: Forcing endless battles is banned
|rule|HP Percentage Mod: HP is shown in percentages
|teampreview
|
|start
|switch|p1a: Meth From Above|Talonflame, F, shiny|360\/360
|switch|p2a: Weavile|Weavile, M|282\/282
|-ability|p2a: Weavile|Pressure
|turn|1
|
|move|p1a: Meth From Above|Will-O-Wisp|p2a: Weavile
|-status|p2a: Weavile|brn
|move|p2a: Weavile|Knock Off|p1a: Meth From Above
|-damage|p1a: Meth From Above|226\/360
|-enditem|p1a: Meth From Above|Focus Sash|[from] move: Knock Off|[of] p2a: Weavile
|-damage|p2a: Weavile|254\/282 brn|[from] item: Life Orb
|
|-damage|p2a: Weavile|219\/282 brn|[from] brn
|turn|2
|
|switch|p2a: Alakazam|Alakazam, M|252\/252
|move|p1a: Meth From Above|Tailwind|p1a: Meth From Above
|-sidestart|p1: Strawberry Swisher|move: Tailwind
|
|turn|3
|
|move|p1a: Meth From Above|Brave Bird|p2a: Alakazam
|-damage|p2a: Alakazam|41\/252
|-damage|p1a: Meth From Above|156\/360|[from] recoil|[of] p2a: Alakazam
|move|p2a: Alakazam|Psyshock|p1a: Meth From Above
|-damage|p1a: Meth From Above|0 fnt
|faint|p1a: Meth From Above
|
|
|switch|p1a: Adderall Admiral|Azelf, shiny|354\/354
|turn|4
|
|move|p1a: Adderall Admiral|Light Screen|p1a: Adderall Admiral
|-sidestart|p1: Strawberry Swisher|move: Light Screen
|move|p2a: Alakazam|Shadow Ball|p1a: Adderall Admiral
|-supereffective|p1a: Adderall Admiral
|-damage|p1a: Adderall Admiral|198\/354
|
|turn|5
|
|move|p1a: Adderall Admiral|Reflect|p1a: Adderall Admiral
|-sidestart|p1: Strawberry Swisher|Reflect
|move|p2a: Alakazam|Shadow Ball|p1a: Adderall Admiral
|-supereffective|p1a: Adderall Admiral
|-damage|p1a: Adderall Admiral|26\/354
|
|-sideend|p1: Strawberry Swisher|move: Tailwind
|turn|6
|
|move|p2a: Alakazam|Psyshock|p1a: Adderall Admiral
|-resisted|p1a: Adderall Admiral
|-damage|p1a: Adderall Admiral|0 fnt
|faint|p1a: Adderall Admiral
|
|
|switch|p1a: Holy Sage|Whimsicott, F, shiny|324\/324
|turn|7
|
|switch|p2a: Garchomp|Garchomp, F|358\/358
|move|p1a: Holy Sage|Tailwind|p1a: Holy Sage
|-sidestart|p1: Strawberry Swisher|move: Tailwind
|
|turn|8
|
|move|p1a: Holy Sage|Memento|p2a: Garchomp
|-unboost|p2a: Garchomp|atk|2
|-unboost|p2a: Garchomp|spa|2
|faint|p1a: Holy Sage
|move|p2a: Garchomp|Poison Jab|p1: Holy Sage|[notarget]
|-notarget
|
|
|switch|p1a: Peyote Picasso|Smeargle, F, shiny|314\/314
|turn|9
|
|switch|p2a: Weavile|Weavile, M|219\/282 brn
|-ability|p2a: Weavile|Pressure
|move|p1a: Peyote Picasso|Geomancy|p1a: Peyote Picasso|[still]
|-prepare|p1a: Peyote Picasso|Geomancy|p1a: Peyote Picasso
|-enditem|p1a: Peyote Picasso|Power Herb
|-anim|p1a: Peyote Picasso|Geomancy|p1a: Peyote Picasso
|-boost|p1a: Peyote Picasso|spa|2
|-boost|p1a: Peyote Picasso|spd|2
|-boost|p1a: Peyote Picasso|spe|2
|
|-damage|p2a: Weavile|184\/282 brn|[from] brn
|turn|10
|
|move|p1a: Peyote Picasso|Cotton Guard|p1a: Peyote Picasso
|-boost|p1a: Peyote Picasso|def|3
|move|p2a: Weavile|Knock Off|p1a: Peyote Picasso
|-damage|p1a: Peyote Picasso|296\/314
|-damage|p2a: Weavile|156\/282 brn|[from] item: Life Orb
|
|-damage|p2a: Weavile|121\/282 brn|[from] brn
|-sideend|p1: Strawberry Swisher|move: Tailwind
|turn|11
|
|switch|p2a: Sylveon|Sylveon, F|394\/394
|move|p1a: Peyote Picasso|Baton Pass|p1a: Peyote Picasso
|
|switch|p1a: Green Lean|Espeon, F, shiny|334\/334
|
|-sideend|p1: Strawberry Swisher|move: Light Screen
|turn|12
|
|move|p1a: Green Lean|Substitute|p1a: Green Lean
|-start|p1a: Green Lean|Substitute
|-damage|p1a: Green Lean|251\/334
|move|p2a: Sylveon|Hyper Voice|p1a: Green Lean
|-damage|p1a: Green Lean|178\/334
|
|-heal|p1a: Green Lean|198\/334|[from] item: Leftovers
|-sideend|p1: Strawberry Swisher|Reflect
|turn|13
|
|move|p1a: Green Lean|Calm Mind|p1a: Green Lean
|-boost|p1a: Green Lean|spa|1
|-boost|p1a: Green Lean|spd|1
|move|p2a: Sylveon|Hyper Voice|p1a: Green Lean
|-damage|p1a: Green Lean|140\/334
|
|-heal|p1a: Green Lean|160\/334|[from] item: Leftovers
|turn|14
|
|move|p1a: Green Lean|Stored Power|p2a: Sylveon
|-damage|p2a: Sylveon|0 fnt
|faint|p2a: Sylveon
|
|-heal|p1a: Green Lean|180\/334|[from] item: Leftovers
|
|switch|p2a: Scizor|Scizor, M|344\/344
|turn|15
|
|detailschange|p2a: Scizor|Scizor-Mega, M
|message|Scizor has Mega Evolved into Mega Scizor!
|move|p2a: Scizor|Bullet Punch|p1a: Green Lean
|-activate|p1a: Green Lean|Substitute|[damage]
|move|p1a: Green Lean|Stored Power|p2a: Scizor
|-crit|p2a: Scizor
|-resisted|p2a: Scizor
|-damage|p2a: Scizor|0 fnt
|faint|p2a: Scizor
|
|-heal|p1a: Green Lean|200\/334|[from] item: Leftovers
|c|âyotk13|your team is so boring bye
|-message|yotk13 forfeited.
|
|win|Strawberry Swisher
|raw|Ladder updating...
|raw|Strawberry Swisher's rating: 1646 &rarr; <strong>1666<\/strong><br \/>(+20 for winning)
|raw|yotk13's rating: 1634 &rarr; <strong>1615<\/strong><br \/>(-19 for losing)
|leave|yotk13
|player|p2