|join|dEnIssSs
|join|yotk13
|player|p1|dEnIssSs|288
|player|p2|yotk13|238
|gametype|singles
|gen|6
|tier|OU
|rated
|clearpoke
|poke|p1|Smeargle, M, shiny
|poke|p1|Vaporeon, F
|poke|p1|Scolipede, M, shiny
|poke|p1|Sylveon, F
|poke|p1|Mr. Mime, M, shiny
|poke|p1|Espeon, M, shiny
|poke|p2|Weavile, M
|poke|p2|Scizor, F
|poke|p2|Alakazam, M
|poke|p2|Tyranitar, M
|poke|p2|Garchomp, M
|poke|p2|Keldeo
|rule|Sleep Clause Mod: Limit one foe put to sleep
|rule|Species Clause: Limit one of each Pokemon
|rule|OHKO Clause: OHKO moves are banned
|rule|Moody Clause: Moody is banned
|rule|Evasion Moves Clause: Evasion moves are banned
|rule|Endless Battle Clause: Forcing endless battles is banned.
|rule|HP Percentage Mod: HP is reported as percentages
|teampreview
|
|start
|switch|p1a: la cucaracha|Scolipede, M, shiny|321\/321
|switch|p2a: Tyranitar|Tyranitar, M|342\/342
|-weather|Sandstorm
|turn|1
|
|move|p1a: la cucaracha|Iron Defense|p1a: la cucaracha
|-boost|p1a: la cucaracha|def|2
|move|p2a: Tyranitar|Flamethrower|p1a: la cucaracha
|-supereffective|p1a: la cucaracha
|-damage|p1a: la cucaracha|91\/321
|
|-weather|Sandstorm|[upkeep]
|-damage|p1a: la cucaracha|71\/321|[from] sandstorm
|-boost|p1a: la cucaracha|spe|1|[from] ability: Speed Boost
|turn|2
|join|Lord Xen III
|
|move|p1a: la cucaracha|Baton Pass|p1a: la cucaracha
|
|switch|p1a: FrozenSoul|Vaporeon, F|449\/449
|move|p2a: Tyranitar|Stealth Rock|p1a: FrozenSoul
|-sidestart|p1: dEnIssSs|move: Stealth Rock
|
|-weather|Sandstorm|[upkeep]
|-damage|p1a: FrozenSoul|421\/449|[from] sandstorm
|-heal|p1a: FrozenSoul|449\/449|[from] item: Leftovers
|turn|3
|
|move|p1a: FrozenSoul|Substitute|p1a: FrozenSoul
|-start|p1a: FrozenSoul|Substitute
|-damage|p1a: FrozenSoul|337\/449
|move|p2a: Tyranitar|Thunder Wave|p1a: FrozenSoul
|
|-weather|Sandstorm|[upkeep]
|-damage|p1a: FrozenSoul|309\/449|[from] sandstorm
|-heal|p1a: FrozenSoul|337\/449|[from] item: Leftovers
|turn|4
|
|move|p1a: FrozenSoul|Baton Pass|p1a: FrozenSoul
|
|switch|p1a: Mind Blocker|Mr. Mime, M, shiny|284\/284
|-damage|p1a: Mind Blocker|249\/284|[from] Stealth Rock
|move|p2a: Tyranitar|Dark Pulse|p1a: Mind Blocker
|-crit|p1a: Mind Blocker
|-end|p1a: Mind Blocker|Substitute
|
|-weather|Sandstorm|[upkeep]
|-damage|p1a: Mind Blocker|232\/284|[from] sandstorm
|-heal|p1a: Mind Blocker|249\/284|[from] item: Leftovers
|turn|5
|
|move|p1a: Mind Blocker|Calm Mind|p1a: Mind Blocker
|-boost|p1a: Mind Blocker|spa|1
|-boost|p1a: Mind Blocker|spd|1
|move|p2a: Tyranitar|Flamethrower|p1a: Mind Blocker
|-damage|p1a: Mind Blocker|209\/284
|
|-weather|none
|-heal|p1a: Mind Blocker|226\/284|[from] item: Leftovers
|turn|6
|
|switch|p2a: Scizor|Scizor, F|344\/344
|move|p1a: Mind Blocker|Substitute|p1a: Mind Blocker
|-start|p1a: Mind Blocker|Substitute
|-damage|p1a: Mind Blocker|155\/284
|
|-heal|p1a: Mind Blocker|172\/284|[from] item: Leftovers
|turn|7
|
|-formechange|p2a: Scizor|Scizor-Mega
|message|Scizor has Mega Evolved into Mega Scizor!
|move|p2a: Scizor|Bullet Punch|p1a: Mind Blocker
|-crit|p1a: Mind Blocker
|-supereffective|p1a: Mind Blocker
|-end|p1a: Mind Blocker|Substitute
|move|p1a: Mind Blocker|Baton Pass|p1a: Mind Blocker
|
|switch|p1a: FrozenSoul|Vaporeon, F|337\/449
|-damage|p1a: FrozenSoul|281\/449|[from] Stealth Rock
|
|-heal|p1a: FrozenSoul|309\/449|[from] item: Leftovers
|turn|8
|join|Dajaja
|
|switch|p2a: Alakazam|Alakazam, M|252\/252
|move|p1a: FrozenSoul|Substitute|p1a: FrozenSoul
|-start|p1a: FrozenSoul|Substitute
|-damage|p1a: FrozenSoul|197\/449
|
|-heal|p1a: FrozenSoul|225\/449|[from] item: Leftovers
|turn|9
|
|move|p2a: Alakazam|Energy Ball|p1a: FrozenSoul
|-supereffective|p1a: FrozenSoul
|-end|p1a: FrozenSoul|Substitute
|move|p1a: FrozenSoul|Baton Pass|p1a: FrozenSoul
|
|switch|p1a: Pandora Box|Espeon, M, shiny|334\/334
|-damage|p1a: Pandora Box|293\/334|[from] Stealth Rock
|
|-heal|p1a: Pandora Box|313\/334|[from] item: Leftovers
|turn|10
|
|move|p1a: Pandora Box|Calm Mind|p1a: Pandora Box
|-boost|p1a: Pandora Box|spa|1
|-boost|p1a: Pandora Box|spd|1
|move|p2a: Alakazam|Shadow Ball|p1a: Pandora Box
|-supereffective|p1a: Pandora Box
|-damage|p1a: Pandora Box|188\/334
|-unboost|p1a: Pandora Box|spd|1
|
|-heal|p1a: Pandora Box|208\/334|[from] item: Leftovers
|turn|11
|join|drumdog
|
|move|p1a: Pandora Box|Baton Pass|p1a: Pandora Box
|
|switch|p1a: fairy METEOR|Sylveon, F|385\/385
|-damage|p1a: fairy METEOR|337\/385|[from] Stealth Rock
|move|p2a: Alakazam|Shadow Ball|p1a: fairy METEOR
|-crit|p1a: fairy METEOR
|-damage|p1a: fairy METEOR|190\/385
|-unboost|p1a: fairy METEOR|spd|1
|
|-heal|p1a: fairy METEOR|214\/385|[from] item: Leftovers
|turn|12
|
|move|p2a: Alakazam|Shadow Ball|p1a: fairy METEOR
|-damage|p1a: fairy METEOR|123\/385
|move|p1a: fairy METEOR|Baton Pass|p1a: fairy METEOR
|
|switch|p1a: PabloPicasso|Smeargle, M, shiny|273\/273
|-damage|p1a: PabloPicasso|239\/273|[from] Stealth Rock
|
|turn|13
|
|move|p1a: PabloPicasso|Spore|p2a: Alakazam
|-status|p2a: Alakazam|slp
|cant|p2a: Alakazam|slp
|
|turn|14
|
|switch|p2a: Keldeo|Keldeo|323\/323
|move|p1a: PabloPicasso|Quiver Dance|p1a: PabloPicasso
|-boost|p1a: PabloPicasso|spa|1
|-boost|p1a: PabloPicasso|spd|1
|-boost|p1a: PabloPicasso|spe|1
|
|turn|15
|
|move|p1a: PabloPicasso|Baton Pass|p1a: PabloPicasso
|
|switch|p1a: Mind Blocker|Mr. Mime, M, shiny|172\/284
|-damage|p1a: Mind Blocker|137\/284|[from] Stealth Rock
|move|p2a: Keldeo|Secret Sword|p1a: Mind Blocker
|-resisted|p1a: Mind Blocker
|-damage|p1a: Mind Blocker|111\/284
|
|-heal|p1a: Mind Blocker|128\/284|[from] item: Leftovers
|turn|16
|
|move|p1a: Mind Blocker|Substitute|p1a: Mind Blocker
|-start|p1a: Mind Blocker|Substitute
|-damage|p1a: Mind Blocker|57\/284
|move|p2a: Keldeo|Substitute|p2a: Keldeo
|-start|p2a: Keldeo|Substitute
|-damage|p2a: Keldeo|243\/323
|
|-heal|p1a: Mind Blocker|74\/284|[from] item: Leftovers
|-heal|p2a: Keldeo|263\/323|[from] item: Leftovers
|turn|17
|
|move|p1a: Mind Blocker|Encore|p2a: Keldeo
|-start|p2a: Keldeo|Encore
|move|p2a: Keldeo|Substitute|p2a: Keldeo
|-fail|p2a: Keldeo|move: Substitute
|
|-heal|p1a: Mind Blocker|91\/284|[from] item: Leftovers
|-heal|p2a: Keldeo|283\/323|[from] item: Leftovers
|turn|18
|chat|Lord Xen III|lol
|
|switch|p2a: Scizor|Scizor, F|344\/344
|-formechange|p2a: Scizor|Scizor-Mega
|move|p1a: Mind Blocker|Calm Mind|p1a: Mind Blocker
|-boost|p1a: Mind Blocker|spa|1
|-boost|p1a: Mind Blocker|spd|1
|
|-heal|p1a: Mind Blocker|108\/284|[from] item: Leftovers
|turn|19
|
|move|p2a: Scizor|Bullet Punch|p1a: Mind Blocker
|-crit|p1a: Mind Blocker
|-supereffective|p1a: Mind Blocker
|-end|p1a: Mind Blocker|Substitute
|move|p1a: Mind Blocker|Baton Pass|p1a: Mind Blocker
|
|switch|p1a: FrozenSoul|Vaporeon, F|225\/449
|-damage|p1a: FrozenSoul|169\/449|[from] Stealth Rock
|
|-heal|p1a: FrozenSoul|197\/449|[from] item: Leftovers
|turn|20
|
|move|p1a: FrozenSoul|Substitute|p1a: FrozenSoul
|-start|p1a: FrozenSoul|Substitute
|-damage|p1a: FrozenSoul|85\/449
|move|p2a: Scizor|Knock Off|p1a: FrozenSoul
|-crit|p1a: FrozenSoul
|-end|p1a: FrozenSoul|Substitute
|
|-heal|p1a: FrozenSoul|113\/449|[from] item: Leftovers
|turn|21
|
|switch|p2a: Tyranitar|Tyranitar, M|342\/342
|-weather|Sandstorm
|move|p1a: FrozenSoul|Acid Armor|p1a: FrozenSoul
|-boost|p1a: FrozenSoul|def|2
|
|-weather|Sandstorm|[upkeep]
|-damage|p1a: FrozenSoul|85\/449|[from] sandstorm
|-heal|p1a: FrozenSoul|113\/449|[from] item: Leftovers
|turn|22
|
|move|p1a: FrozenSoul|Baton Pass|p1a: FrozenSoul
|
|switch|p1a: Pandora Box|Espeon, M, shiny|208\/334
|-damage|p1a: Pandora Box|167\/334|[from] Stealth Rock
|move|p2a: Tyranitar|Thunder Wave|p1a: Pandora Box
|move|p1a: Pandora Box|Thunder Wave|p2a: Tyranitar|[from]Magic Bounce
|-status|p2a: Tyranitar|par
|
|-weather|Sandstorm|[upkeep]
|-damage|p1a: Pandora Box|147\/334|[from] sandstorm
|-heal|p1a: Pandora Box|167\/334|[from] item: Leftovers
|turn|23
|
|move|p1a: Pandora Box|Substitute|p1a: Pandora Box
|-start|p1a: Pandora Box|Substitute
|-damage|p1a: Pandora Box|84\/334
|move|p2a: Tyranitar|Dark Pulse|p1a: Pandora Box
|-supereffective|p1a: Pandora Box
|-end|p1a: Pandora Box|Substitute
|
|-weather|Sandstorm|[upkeep]
|-damage|p1a: Pandora Box|64\/334|[from] sandstorm
|-heal|p1a: Pandora Box|84\/334|[from] item: Leftovers
|turn|24
|
|move|p1a: Pandora Box|Baton Pass|p1a: Pandora Box
|
|switch|p1a: PabloPicasso|Smeargle, M, shiny|239\/273
|-damage|p1a: PabloPicasso|205\/273|[from] Stealth Rock
|move|p2a: Tyranitar|Thunder Wave|p1a: PabloPicasso
|-status|p1a: PabloPicasso|par
|
|-weather|Sandstorm|[upkeep]
|-damage|p1a: PabloPicasso|188\/273 par|[from] sandstorm
|turn|25
|
|switch|p2a: Scizor|Scizor, F|344\/344
|-formechange|p2a: Scizor|Scizor-Mega
|move|p1a: PabloPicasso|Baton Pass|p1a: PabloPicasso
|
|switch|p1a: Pandora Box|Espeon, M, shiny|84\/334
|-damage|p1a: Pandora Box|43\/334|[from] Stealth Rock
|
|-weather|none
|-heal|p1a: Pandora Box|63\/334|[from] item: Leftovers
|turn|26
|
|move|p1a: Pandora Box|Stored Power|p2a: Scizor
|-resisted|p2a: Scizor
|-damage|p2a: Scizor|0 fnt
|faint|p2a: Scizor
|
|-heal|p1a: Pandora Box|83\/334|[from] item: Leftovers
|
|switch|p2a: Tyranitar|Tyranitar, M|342\/342 par
|-weather|Sandstorm
|turn|27
|
|move|p1a: Pandora Box|Baton Pass|p1a: Pandora Box
|
|switch|p1a: fairy METEOR|Sylveon, F|123\/385
|-damage|p1a: fairy METEOR|75\/385|[from] Stealth Rock
|move|p2a: Tyranitar|Dark Pulse|p1a: fairy METEOR
|-resisted|p1a: fairy METEOR
|-damage|p1a: fairy METEOR|55\/385
|
|-weather|Sandstorm|[upkeep]
|-damage|p1a: fairy METEOR|31\/385|[from] sandstorm
|-heal|p1a: fairy METEOR|55\/385|[from] item: Leftovers
|turn|28
|
|move|p1a: fairy METEOR|Hyper Voice|p2a: Tyranitar
|-supereffective|p2a: Tyranitar
|-enditem|p2a: Tyranitar|Focus Sash
|-damage|p2a: Tyranitar|1\/342 par
|move|p2a: Tyranitar|Thunder Wave|p1a: fairy METEOR
|-status|p1a: fairy METEOR|par
|
|-weather|Sandstorm|[upkeep]
|-damage|p1a: fairy METEOR|31\/385 par|[from] sandstorm
|-heal|p1a: fairy METEOR|55\/385 par|[from] item: Leftovers
|turn|29
|
|move|p1a: fairy METEOR|Baton Pass|p1a: fairy METEOR
|
|switch|p1a: Mind Blocker|Mr. Mime, M, shiny|108\/284
|-damage|p1a: Mind Blocker|73\/284|[from] Stealth Rock
|move|p2a: Tyranitar|Flamethrower|p1a: Mind Blocker
|-damage|p1a: Mind Blocker|44\/284
|-status|p1a: Mind Blocker|brn
|
|-weather|Sandstorm|[upkeep]
|-damage|p1a: Mind Blocker|27\/284 brn|[from] sandstorm
|-heal|p1a: Mind Blocker|44\/284 brn|[from] item: Leftovers
|-damage|p1a: Mind Blocker|9\/284 brn|[from] brn
|turn|30
|chat|Lord Xen III|hmm
|chat|Dajaja|lol
|chat|Dajaja|just lol
|chat|dEnIssSs|weirdest shit
|chat|Dajaja|off flamethrower?
|chat|dEnIssSs|i ever found
|
|move|p1a: Mind Blocker|Baton Pass|p1a: Mind Blocker
|chat|Lord Xen III|lol
|chat|Dajaja|wow
|
|switch|p1a: PabloPicasso|Smeargle, M, shiny|188\/273 par
|-damage|p1a: PabloPicasso|154\/273 par|[from] Stealth Rock
|cant|p2a: Tyranitar|par
|
|-weather|Sandstorm|[upkeep]
|-damage|p1a: PabloPicasso|137\/273 par|[from] sandstorm
|turn|31
|
|move|p1a: PabloPicasso|Ingrain|p1a: PabloPicasso
|-start|p1a: PabloPicasso|move: Ingrain
|cant|p2a: Tyranitar|par
|
|-weather|none
|-heal|p1a: PabloPicasso|154\/273 par|[from] Ingrain
|turn|32
|
|switch|p2a: Garchomp|Garchomp, M|358\/358
|move|p1a: PabloPicasso|Baton Pass|p1a: PabloPicasso
|
|switch|p1a: FrozenSoul|Vaporeon, F|113\/449
|-damage|p1a: FrozenSoul|57\/449|[from] Stealth Rock
|
|-heal|p1a: FrozenSoul|85\/449|[from] item: Leftovers
|-heal|p1a: FrozenSoul|113\/449|[from] Ingrain
|turn|33
|chat|Lord Xen III|no para hax lol
|
|move|p1a: FrozenSoul|Acid Armor|p1a: FrozenSoul
|-boost|p1a: FrozenSoul|def|2
|move|p2a: Garchomp|Poison Jab|p1a: FrozenSoul
|-damage|p1a: FrozenSoul|88\/449
|-status|p1a: FrozenSoul|psn
|
|-heal|p1a: FrozenSoul|116\/449 psn|[from] item: Leftovers
|-heal|p1a: FrozenSoul|144\/449 psn|[from] Ingrain
|-damage|p1a: FrozenSoul|88\/449 psn|[from] psn
|turn|34
|chat|Dajaja|hahaha
|chat|Lord Xen III|LOL
|chat|Dajaja|denis. the poke gods want u to lose.
|chat|Dajaja|forfeit to make the pain easier.
|
|move|p1a: FrozenSoul|Baton Pass|p1a: FrozenSoul
|
|switch|p1a: Pandora Box|Espeon, M, shiny|83\/334
|-damage|p1a: Pandora Box|42\/334|[from] Stealth Rock
|move|p2a: Garchomp|Poison Jab|p1a: Pandora Box
|-damage|p1a: Pandora Box|18\/334
|-status|p1a: Pandora Box|psn
|
|-heal|p1a: Pandora Box|38\/334 psn|[from] item: Leftovers
|-heal|p1a: Pandora Box|58\/334 psn|[from] Ingrain
|-damage|p1a: Pandora Box|17\/334 psn|[from] psn
|turn|35
|chat|Lord Xen III|lol nah he still got this
|chat|Dajaja|ROFLMAO
|chat|Lord Xen III|lmao
|chat|Lord Xen III|wtf
|chat|Dajaja|ROFLMAO!!!!!!!!!!!!!!!!!!!!!!!!!!!!!!!!!!!!
|
|move|p1a: Pandora Box|Baton Pass|p1a: Pandora Box
|chat|dEnIssSs|w\/e
|chat|Dajaja|WOW
|-message|dEnIssSs forfeited.
|
|win|yotk13
|raw|Ladder updating...
|raw|dEnIssSs's rating: 1976 &rarr; <strong>1944<\/strong><br \/>(-32 for losing)
|raw|yotk13's rating: 1734 &rarr; <strong>1766<\/strong><br \/>(+32 for winning)
|chat|Dajaja|this is the WORST hax
|chat|Lord Xen III|xD
|chat|Dajaja|i have EVER seen
|chat|Dajaja|EVER
|leave|drumdog
|leave|dEnIssSs
|player|p1