|join|yotk13
|join|(LoD) Dormll
|player|p1|yotk13|238
|player|p2|(LoD) Dormll|126
|gametype|singles
|gen|6
|tier|OU
|rated
|clearpoke
|poke|p1|Weavile, F
|poke|p1|Scizor, M
|poke|p1|Alakazam, F
|poke|p1|Tyranitar, M
|poke|p1|Garchomp, F
|poke|p1|Keldeo
|poke|p2|Garchomp, M, shiny
|poke|p2|Aegislash, M, shiny
|poke|p2|Conkeldurr, F, shiny
|poke|p2|Gyarados, F
|poke|p2|Latias, F
|poke|p2|Thundurus, M
|rule|Sleep Clause Mod: Limit one foe put to sleep
|rule|Species Clause: Limit one of each Pokemon
|rule|OHKO Clause: OHKO moves are banned
|rule|Moody Clause: Moody is banned
|rule|Evasion Moves Clause: Evasion moves are banned
|rule|Endless Battle Clause: Forcing endless battles is banned.
|rule|HP Percentage Mod: HP is reported as percentages
|teampreview
|
|start
|switch|p1a: Tyranitar|Tyranitar, M|342\/342
|switch|p2a: Mold Breaker|Gyarados, F|332\/332
|-ability|p2a: Mold Breaker|Intimidate|[of] p1a: Tyranitar
|-unboost|p1a: Tyranitar|atk|1
|-weather|Sandstorm
|turn|1
|
|-formechange|p2a: Mold Breaker|Gyarados-Mega
|message|Gyarados has Mega Evolved into Mega Gyarados!
|-ability|p2a: Mold Breaker|Mold Breaker
|move|p2a: Mold Breaker|Waterfall|p1a: Tyranitar
|-supereffective|p1a: Tyranitar
|-enditem|p1a: Tyranitar|Focus Sash
|-damage|p1a: Tyranitar|1\/342
|move|p1a: Tyranitar|Thunder Wave|p2a: Mold Breaker
|-status|p2a: Mold Breaker|par
|
|-weather|Sandstorm|[upkeep]
|-damage|p2a: Mold Breaker|312\/332 par|[from] sandstorm
|turn|2
|
|move|p1a: Tyranitar|Stealth Rock|p2a: Mold Breaker
|-sidestart|p2: (LoD) Dormll|move: Stealth Rock
|move|p2a: Mold Breaker|Earthquake|p1a: Tyranitar
|-supereffective|p1a: Tyranitar
|-damage|p1a: Tyranitar|0 fnt
|faint|p1a: Tyranitar
|
|-weather|Sandstorm|[upkeep]
|-damage|p2a: Mold Breaker|292\/332 par|[from] sandstorm
|
|switch|p1a: Keldeo|Keldeo|323\/323
|turn|3
|
|switch|p2a: MC|Latias, F|302\/302
|-damage|p2a: MC|265\/302|[from] Stealth Rock
|move|p1a: Keldeo|Substitute|p1a: Keldeo
|-start|p1a: Keldeo|Substitute
|-damage|p1a: Keldeo|243\/323
|
|-weather|Sandstorm|[upkeep]
|-damage|p2a: MC|247\/302|[from] sandstorm
|-damage|p1a: Keldeo|223\/323|[from] sandstorm
|-heal|p1a: Keldeo|243\/323|[from] item: Leftovers
|turn|4
|
|move|p2a: MC|Psyshock|p1a: Keldeo
|-supereffective|p1a: Keldeo
|-end|p1a: Keldeo|Substitute
|move|p1a: Keldeo|Calm Mind|p1a: Keldeo
|-boost|p1a: Keldeo|spa|1
|-boost|p1a: Keldeo|spd|1
|
|-weather|Sandstorm|[upkeep]
|-damage|p2a: MC|229\/302|[from] sandstorm
|-damage|p1a: Keldeo|223\/323|[from] sandstorm
|-heal|p1a: Keldeo|243\/323|[from] item: Leftovers
|turn|5
|
|move|p2a: MC|Psyshock|p1a: Keldeo
|-supereffective|p1a: Keldeo
|-damage|p1a: Keldeo|0 fnt
|faint|p1a: Keldeo
|
|-weather|none
|
|switch|p1a: Weavile|Weavile, F|282\/282
|-ability|p1a: Weavile|Pressure
|turn|6
|
|switch|p2a: LoD|Conkeldurr, F, shiny|414\/414
|-damage|p2a: LoD|389\/414|[from] Stealth Rock
|move|p1a: Weavile|Night Slash|p2a: LoD
|-resisted|p2a: LoD
|-damage|p2a: LoD|303\/414
|-damage|p1a: Weavile|254\/282|[from] item: Life Orb
|
|turn|7
|
|switch|p1a: Scizor|Scizor, M|344\/344
|move|p2a: LoD|Drain Punch|p1a: Scizor
|-damage|p1a: Scizor|185\/344
|-heal|p2a: LoD|383\/414|[from] drain|[of] p1a: Scizor
|
|turn|8
|
|-formechange|p1a: Scizor|Scizor-Mega
|message|Scizor has Mega Evolved into Mega Scizor!
|move|p1a: Scizor|Roost|p1a: Scizor
|-heal|p1a: Scizor|344\/344
|move|p2a: LoD|Drain Punch|p1a: Scizor
|-damage|p1a: Scizor|235\/344
|-heal|p2a: LoD|414\/414|[from] drain|[of] p1a: Scizor
|
|turn|9
|
|switch|p2a: Le Power|Garchomp, M, shiny|357\/357
|-damage|p2a: Le Power|335\/357|[from] Stealth Rock
|move|p1a: Scizor|Swords Dance|p1a: Scizor
|-boost|p1a: Scizor|atk|2
|
|turn|10
|
|move|p1a: Scizor|Bullet Punch|p2a: Le Power
|-damage|p2a: Le Power|64\/357
|-damage|p1a: Scizor|192\/344|[from] ability: Rough Skin|[of] p2a: Le Power
|move|p2a: Le Power|Fire Blast|p1a: Scizor
|-supereffective|p1a: Scizor
|-damage|p1a: Scizor|0 fnt
|faint|p1a: Scizor
|
|
|switch|p1a: Alakazam|Alakazam, F|252\/252
|turn|11
|
|switch|p2a: 1-99|Aegislash, M, shiny|318\/318
|-damage|p2a: 1-99|299\/318|[from] Stealth Rock
|move|p1a: Alakazam|Shadow Ball|p2a: 1-99
|-supereffective|p2a: 1-99
|-damage|p2a: 1-99|140\/318
|
|-heal|p2a: 1-99|159\/318|[from] item: Leftovers
|turn|12
|
|switch|p1a: Garchomp|Garchomp, F|358\/358
|move|p2a: 1-99|King's Shield|p2a: 1-99
|-fail|p2a: 1-99
|
|-heal|p2a: 1-99|178\/318|[from] item: Leftovers
|turn|13
|
|switch|p2a: Le Power|Garchomp, M, shiny|64\/357
|-damage|p2a: Le Power|42\/357|[from] Stealth Rock
|move|p1a: Garchomp|Earthquake|p2a: Le Power
|-damage|p2a: Le Power|0 fnt
|faint|p2a: Le Power
|
|
|switch|p2a: Le Thundurus|Thundurus, M|300\/300
|-damage|p2a: Le Thundurus|225\/300|[from] Stealth Rock
|turn|14
|
|move|p2a: Le Thundurus|Hidden Power|p1a: Garchomp
|-supereffective|p1a: Garchomp
|-damage|p1a: Garchomp|30\/358
|move|p1a: Garchomp|Dragon Claw|p2a: Le Thundurus
|-damage|p2a: Le Thundurus|38\/300
|
|-heal|p2a: Le Thundurus|56\/300|[from] item: Leftovers
|turn|15
|
|move|p2a: Le Thundurus|Hidden Power|p1a: Garchomp
|-supereffective|p1a: Garchomp
|-damage|p1a: Garchomp|0 fnt
|faint|p1a: Garchomp
|
|-heal|p2a: Le Thundurus|74\/300|[from] item: Leftovers
|
|switch|p1a: Alakazam|Alakazam, F|252\/252
|turn|16
|
|move|p2a: Le Thundurus|Thunder Wave|p1a: Alakazam
|-status|p1a: Alakazam|par
|move|p1a: Alakazam|Shadow Ball|p2a: Le Thundurus
|-damage|p2a: Le Thundurus|0 fnt
|faint|p2a: Le Thundurus
|
|
|switch|p2a: MC|Latias, F|229\/302
|-damage|p2a: MC|192\/302|[from] Stealth Rock
|turn|17
|
|move|p2a: MC|Draco Meteor|p1a: Alakazam
|-damage|p1a: Alakazam|36\/252 par
|-unboost|p2a: MC|spa|2
|move|p1a: Alakazam|Shadow Ball|p2a: MC
|-supereffective|p2a: MC
|-damage|p2a: MC|0 fnt
|faint|p2a: MC
|
|
|switch|p2a: LoD|Conkeldurr, F, shiny|414\/414
|-damage|p2a: LoD|389\/414|[from] Stealth Rock
|turn|18
|
|move|p2a: LoD|Mach Punch|p1a: Alakazam
|-resisted|p1a: Alakazam
|-damage|p1a: Alakazam|0 fnt
|faint|p1a: Alakazam
|
|
|switch|p1a: Weavile|Weavile, F|254\/282
|-ability|p1a: Weavile|Pressure
|turn|19
|
|move|p1a: Weavile|Ice Shard|p2a: LoD
|-damage|p2a: LoD|299\/414
|-damage|p1a: Weavile|226\/282|[from] item: Life Orb
|move|p2a: LoD|Mach Punch|p1a: Weavile
|-supereffective|p1a: Weavile
|-damage|p1a: Weavile|0 fnt
|faint|p1a: Weavile
|
|win|(LoD) Dormll
|raw|Ladder updating...
|raw|yotk13's rating: 1774 &rarr; <strong>1749<\/strong><br \/>(-25 for losing)
|raw|(LoD) Dormll's rating: 1688 &rarr; <strong>1713<\/strong><br \/>(+25 for winning)