|join|yotk13
|join|puella magi magica
|player|p1|yotk13|238
|player|p2|puella magi magica|86
|gametype|singles
|gen|6
|tier|OU
|rated
|clearpoke
|poke|p1|Weavile, M
|poke|p1|Scizor, F
|poke|p1|Alakazam, M
|poke|p1|Zapdos
|poke|p1|Sylveon, M
|poke|p1|Garchomp, F
|poke|p2|Sylveon, F
|poke|p2|Aegislash, F
|poke|p2|Azumarill, F
|poke|p2|Mawile, F
|poke|p2|Gardevoir, F
|poke|p2|Sableye, F, shiny
|rule|Swagger Clause: Swagger is banned
|rule|Baton Pass Clause: Limit three PokÃ©mon knowing Baton Pass
|rule|Sleep Clause Mod: Limit one foe put to sleep
|rule|Species Clause: Limit one of each PokÃ©mon
|rule|OHKO Clause: OHKO moves are banned
|rule|Moody Clause: Moody is banned
|rule|Evasion Moves Clause: Evasion moves are banned
|rule|Endless Battle Clause: Forcing endless battles is banned
|rule|HP Percentage Mod: HP is reported as percentages
|teampreview
|join|ngngngkffkf
|
|start
|switch|p1a: Sylveon|Sylveon, M|394\/394
|switch|p2a: Mami Tomoe|Gardevoir, F|278\/278
|-ability|p2a: Mami Tomoe|Pixilate|[from] ability: Trace|[of] p1a: Sylveon
|turn|1
|
|move|p2a: Mami Tomoe|Psyshock|p1a: Sylveon
|-damage|p1a: Sylveon|204\/394
|move|p1a: Sylveon|Yawn|p2a: Mami Tomoe
|-start|p2a: Mami Tomoe|move: Yawn|[of] p1a: Sylveon
|
|-heal|p1a: Sylveon|228\/394|[from] item: Leftovers
|turn|2
|
|switch|p2a: Madoka|Sylveon, F|352\/352
|switch|p1a: Garchomp|Garchomp, F|358\/358
|
|turn|3
|
|move|p1a: Garchomp|Stealth Rock|p2a: Madoka
|-sidestart|p2: puella magi magica|move: Stealth Rock
|move|p2a: Madoka|Hyper Voice|p1a: Garchomp
|-supereffective|p1a: Garchomp
|-damage|p1a: Garchomp|0 fnt
|faint|p1a: Garchomp
|
|
|switch|p1a: Scizor|Scizor, F|344\/344
|turn|4
|
|switch|p2a: Homura|Aegislash, F|324\/324
|-damage|p2a: Homura|304\/324|[from] Stealth Rock
|detailschange|p1a: Scizor|Scizor-Mega, F
|message|Scizor has Mega Evolved into Mega Scizor!
|move|p1a: Scizor|Knock Off|p2a: Homura
|-supereffective|p2a: Homura
|-damage|p2a: Homura|94\/324
|-enditem|p2a: Homura|Weakness Policy
|-boost|p2a: Homura|atk|2|[from] item: Weakness Policy
|-boost|p2a: Homura|spa|2|[from] item: Weakness Policy
|
|turn|5
|
|move|p2a: Homura|King's Shield|p2a: Homura
|-singleturn|p2a: Homura|Protect
|move|p1a: Scizor|Knock Off|p2a: Homura
|-activate|p2a: Homura|Protect
|-unboost|p1a: Scizor|atk|2
|
|turn|6
|
|move|p1a: Scizor|Knock Off|p2a: Homura
|-supereffective|p2a: Homura
|-damage|p2a: Homura|22\/324
|-formechange|p2a: Homura|Aegislash-Blade
|move|p2a: Homura|Shadow Ball|p1a: Scizor
|-damage|p1a: Scizor|25\/344
|
|turn|7
|
|switch|p1a: Zapdos|Zapdos|321\/321
|-ability|p1a: Zapdos|Pressure
|move|p2a: Homura|Shadow Sneak|p1a: Zapdos
|-damage|p1a: Zapdos|206\/321
|
|-heal|p1a: Zapdos|226\/321|[from] item: Leftovers
|turn|8
|
|move|p2a: Homura|Shadow Sneak|p1a: Zapdos
|-damage|p1a: Zapdos|102\/321
|move|p1a: Zapdos|Discharge|p2a: Homura
|-damage|p2a: Homura|0 fnt
|faint|p2a: Homura
|
|-heal|p1a: Zapdos|122\/321|[from] item: Leftovers
|
|switch|p2a: Madoka|Sylveon, F|352\/352
|-damage|p2a: Madoka|308\/352|[from] Stealth Rock
|turn|9
|
|switch|p1a: Sylveon|Sylveon, M|228\/394
|move|p2a: Madoka|Calm Mind|p2a: Madoka
|-boost|p2a: Madoka|spa|1
|-boost|p2a: Madoka|spd|1
|
|-heal|p2a: Madoka|330\/352|[from] item: Leftovers
|-heal|p1a: Sylveon|252\/394|[from] item: Leftovers
|turn|10
|
|move|p2a: Madoka|Substitute|p2a: Madoka
|-start|p2a: Madoka|Substitute
|-damage|p2a: Madoka|242\/352
|move|p1a: Sylveon|Yawn|p2a: Madoka
|
|-heal|p2a: Madoka|264\/352|[from] item: Leftovers
|-heal|p1a: Sylveon|276\/394|[from] item: Leftovers
|turn|11
|
|move|p2a: Madoka|Calm Mind|p2a: Madoka
|-boost|p2a: Madoka|spa|1
|-boost|p2a: Madoka|spd|1
|move|p1a: Sylveon|Wish|p1a: Sylveon
|
|-heal|p2a: Madoka|286\/352|[from] item: Leftovers
|-heal|p1a: Sylveon|300\/394|[from] item: Leftovers
|turn|12
|
|switch|p1a: Scizor|Scizor-Mega, F|25\/344
|move|p2a: Madoka|Hyper Voice|p1a: Scizor
|-resisted|p1a: Scizor
|-damage|p1a: Scizor|0 fnt
|faint|p1a: Scizor
|
|-heal|p2a: Madoka|308\/352|[from] item: Leftovers
|
|switch|p1a: Alakazam|Alakazam, M|252\/252
|turn|13
|
|move|p1a: Alakazam|Psyshock|p2a: Madoka
|-end|p2a: Madoka|Substitute
|move|p2a: Madoka|Hyper Voice|p1a: Alakazam
|-enditem|p1a: Alakazam|Focus Sash
|-damage|p1a: Alakazam|1\/252
|
|-heal|p2a: Madoka|330\/352|[from] item: Leftovers
|turn|14
|
|move|p1a: Alakazam|Psyshock|p2a: Madoka
|-damage|p2a: Madoka|129\/352
|move|p2a: Madoka|Hyper Voice|p1a: Alakazam
|-damage|p1a: Alakazam|0 fnt
|faint|p1a: Alakazam
|
|-heal|p2a: Madoka|151\/352|[from] item: Leftovers
|
|switch|p1a: Weavile|Weavile, M|282\/282
|-ability|p1a: Weavile|Pressure
|turn|15
|
|switch|p2a: Kyoko|Mawile, F|303\/303
|-damage|p2a: Kyoko|285\/303|[from] Stealth Rock
|-ability|p2a: Kyoko|Intimidate|[of] p1a: Weavile
|-unboost|p1a: Weavile|atk|1
|move|p1a: Weavile|Knock Off|p2a: Kyoko
|-resisted|p2a: Kyoko
|-damage|p2a: Kyoko|228\/303
|-damage|p1a: Weavile|254\/282|[from] item: Life Orb
|
|turn|16
|
|switch|p1a: Zapdos|Zapdos|122\/321
|-ability|p1a: Zapdos|Pressure
|detailschange|p2a: Kyoko|Mawile-Mega, F
|message|Mawile has Mega Evolved into Mega Mawile!
|move|p2a: Kyoko|Iron Head|p1a: Zapdos
|-resisted|p1a: Zapdos
|-damage|p1a: Zapdos|8\/321
|
|-heal|p1a: Zapdos|28\/321|[from] item: Leftovers
|turn|17
|
|move|p1a: Zapdos|Roost|p1a: Zapdos
|-heal|p1a: Zapdos|189\/321
|move|p2a: Kyoko|Iron Head|p1a: Zapdos
|-resisted|p1a: Zapdos
|-damage|p1a: Zapdos|73\/321
|
|-heal|p1a: Zapdos|93\/321|[from] item: Leftovers
|turn|18
|
|switch|p2a: Mami Tomoe|Gardevoir, F|278\/278
|-damage|p2a: Mami Tomoe|244\/278|[from] Stealth Rock
|-ability|p2a: Mami Tomoe|Pressure|[from] ability: Trace|[of] p1a: Zapdos
|-ability|p2a: Mami Tomoe|Pressure
|move|p1a: Zapdos|Roost|p1a: Zapdos
|-heal|p1a: Zapdos|254\/321
|
|-heal|p1a: Zapdos|274\/321|[from] item: Leftovers
|turn|19
|
|move|p2a: Mami Tomoe|Moonblast|p1a: Zapdos
|-damage|p1a: Zapdos|103\/321
|move|p1a: Zapdos|Discharge|p2a: Mami Tomoe
|-damage|p2a: Mami Tomoe|109\/278
|
|-heal|p1a: Zapdos|123\/321|[from] item: Leftovers
|turn|20
|
|switch|p1a: Sylveon|Sylveon, M|300\/394
|move|p2a: Mami Tomoe|Moonblast|p1a: Sylveon
|-damage|p1a: Sylveon|204\/394
|-unboost|p1a: Sylveon|spa|1
|
|-heal|p1a: Sylveon|228\/394|[from] item: Leftovers
|turn|21
|
|switch|p2a: Sayaka|Azumarill, F|404\/404
|-damage|p2a: Sayaka|354\/404|[from] Stealth Rock
|move|p1a: Sylveon|Hyper Voice|p2a: Sayaka
|-damage|p2a: Sayaka|239\/404
|
|-heal|p1a: Sylveon|252\/394|[from] item: Leftovers
|turn|22
|
|move|p1a: Sylveon|Yawn|p2a: Sayaka
|-start|p2a: Sayaka|move: Yawn|[of] p1a: Sylveon
|move|p2a: Sayaka|Play Rough|p1a: Sylveon
|-damage|p1a: Sylveon|0 fnt
|faint|p1a: Sylveon
|
|
|switch|p1a: Zapdos|Zapdos|123\/321
|-ability|p1a: Zapdos|Pressure
|turn|23
|
|switch|p2a: Q.B.|Sableye, F, shiny|304\/304
|-damage|p2a: Q.B.|266\/304|[from] Stealth Rock
|move|p1a: Zapdos|Discharge|p2a: Q.B.
|-damage|p2a: Q.B.|121\/304
|-status|p2a: Q.B.|par
|
|-heal|p1a: Zapdos|143\/321|[from] item: Leftovers
|-heal|p2a: Q.B.|140\/304 par|[from] item: Leftovers
|turn|24
|
|cant|p2a: Q.B.|par
|move|p1a: Zapdos|Roost|p1a: Zapdos
|-heal|p1a: Zapdos|304\/321
|
|-heal|p1a: Zapdos|321\/321|[from] item: Leftovers
|-heal|p2a: Q.B.|159\/304 par|[from] item: Leftovers
|turn|25
|
|move|p2a: Q.B.|Taunt|p1a: Zapdos
|-start|p1a: Zapdos|move: Taunt
|move|p1a: Zapdos|Discharge|p2a: Q.B.
|-damage|p2a: Q.B.|17\/304 par
|
|-heal|p2a: Q.B.|36\/304 par|[from] item: Leftovers
|turn|26
|
|move|p1a: Zapdos|Discharge|p2a: Q.B.
|-damage|p2a: Q.B.|0 fnt
|faint|p2a: Q.B.
|
|
|switch|p2a: Mami Tomoe|Gardevoir, F|109\/278
|-damage|p2a: Mami Tomoe|75\/278|[from] Stealth Rock
|-ability|p2a: Mami Tomoe|Pressure|[from] ability: Trace|[of] p1a: Zapdos
|-ability|p2a: Mami Tomoe|Pressure
|turn|27
|
|move|p2a: Mami Tomoe|Destiny Bond|p2a: Mami Tomoe
|-singlemove|p2a: Mami Tomoe|Destiny Bond
|move|p1a: Zapdos|Discharge|p2a: Mami Tomoe
|-damage|p2a: Mami Tomoe|0 fnt
|faint|p2a: Mami Tomoe
|-activate|p2a: Mami Tomoe|Destiny Bond
|faint|p1a: Zapdos
|
|
|switch|p1a: Weavile|Weavile, M|254\/282
|switch|p2a: Sayaka|Azumarill, F|239\/404
|-damage|p2a: Sayaka|189\/404|[from] Stealth Rock
|-ability|p1a: Weavile|Pressure
|-enditem|p2a: Sayaka|Sitrus Berry|[eat]
|-heal|p2a: Sayaka|290\/404|[from] item: Sitrus Berry
|turn|28
|
|move|p1a: Weavile|Knock Off|p2a: Sayaka
|-resisted|p2a: Sayaka
|-damage|p2a: Sayaka|198\/404
|-damage|p1a: Weavile|226\/282|[from] item: Life Orb
|move|p2a: Sayaka|Brick Break|p1a: Weavile
|-supereffective|p1a: Weavile
|-damage|p1a: Weavile|0 fnt
|faint|p1a: Weavile
|
|win|puella magi magica
|raw|Ladder updating...
|raw|yotk13's rating: 1768 &rarr; <strong>1742<\/strong><br \/>(-26 for losing)
|raw|puella magi magica's rating: 1674 &rarr; <strong>1699<\/strong><br \/>(+25 for winning)
|chat|puella magi magica|gg
|leave|yotk13
|player|p1