|join|yotk13
|join|iKingARIstotle
|player|p1|yotk13|238
|player|p2|iKingARIstotle|266
|gametype|singles
|gen|6
|tier|OU
|rated
|clearpoke
|poke|p1|Weavile, M
|poke|p1|Scizor, F
|poke|p1|Alakazam, F
|poke|p1|Zapdos
|poke|p1|Sylveon, F
|poke|p1|Excadrill, M
|poke|p2|Amoonguss, F, shiny
|poke|p2|Heatran, M
|poke|p2|Rotom-Wash
|poke|p2|Mandibuzz, F
|poke|p2|Scizor, F, shiny
|poke|p2|Charizard, F
|rule|Swagger Clause: Swagger is banned
|rule|Baton Pass Clause: Limit 3 pokemon knowing Baton Pass
|rule|Sleep Clause Mod: Limit one foe put to sleep
|rule|Species Clause: Limit one of each Pokemon
|rule|OHKO Clause: OHKO moves are banned
|rule|Moody Clause: Moody is banned
|rule|Evasion Moves Clause: Evasion moves are banned
|rule|Endless Battle Clause: Forcing endless battles is banned
|rule|HP Percentage Mod: HP is reported as percentages
|teampreview
|
|start
|switch|p1a: Excadrill|Excadrill, M|362\/362
|switch|p2a: Scizor|Scizor, F, shiny|344\/344
|-ability|p1a: Excadrill|Mold Breaker
|turn|1
|
|move|p1a: Excadrill|Stealth Rock|p2a: Scizor
|-sidestart|p2: iKingARIstotle|move: Stealth Rock
|move|p2a: Scizor|U-turn|p1a: Excadrill
|-resisted|p1a: Excadrill
|-damage|p1a: Excadrill|200\/362
|
|switch|p2a: Mandibuzz|Mandibuzz, F|423\/423
|-damage|p2a: Mandibuzz|318\/423|[from] Stealth Rock
|
|-heal|p2a: Mandibuzz|344\/423|[from] item: Leftovers
|turn|2
|
|switch|p1a: Sylveon|Sylveon, F|394\/394
|move|p2a: Mandibuzz|Foul Play|p1a: Sylveon
|-crit|p1a: Sylveon
|-resisted|p1a: Sylveon
|-damage|p1a: Sylveon|321\/394
|
|-heal|p2a: Mandibuzz|370\/423|[from] item: Leftovers
|-heal|p1a: Sylveon|345\/394|[from] item: Leftovers
|turn|3
|
|switch|p2a: Scizor|Scizor, F, shiny|344\/344
|-damage|p2a: Scizor|301\/344|[from] Stealth Rock
|move|p1a: Sylveon|Hyper Voice|p2a: Scizor
|-resisted|p2a: Scizor
|-damage|p2a: Scizor|214\/344
|
|-heal|p1a: Sylveon|369\/394|[from] item: Leftovers
|turn|4
|
|switch|p1a: Zapdos|Zapdos|322\/322
|-ability|p1a: Zapdos|Pressure
|move|p2a: Scizor|U-turn|p1a: Zapdos
|-resisted|p1a: Zapdos
|-damage|p1a: Zapdos|224\/322
|
|switch|p2a: Heatran|Heatran, M|386\/386
|-damage|p2a: Heatran|338\/386|[from] Stealth Rock
|-item|p2a: Heatran|Air Balloon
|
|-heal|p1a: Zapdos|244\/322|[from] item: Leftovers
|turn|5
|
|move|p1a: Zapdos|Discharge|p2a: Heatran
|-damage|p2a: Heatran|223\/386
|-enditem|p2a: Heatran|Air Balloon
|move|p2a: Heatran|Toxic|p1a: Zapdos
|-status|p1a: Zapdos|tox
|
|-heal|p1a: Zapdos|264\/322 tox|[from] item: Leftovers
|-damage|p1a: Zapdos|244\/322 tox|[from] psn
|turn|6
|
|move|p1a: Zapdos|Roost|p1a: Zapdos
|-heal|p1a: Zapdos|322\/322 tox
|move|p2a: Heatran|Stealth Rock|p1a: Zapdos
|-sidestart|p1: yotk13|move: Stealth Rock
|
|-damage|p1a: Zapdos|282\/322 tox|[from] psn
|turn|7
|
|move|p1a: Zapdos|Discharge|p2a: Heatran
|-damage|p2a: Heatran|123\/386
|move|p2a: Heatran|Lava Plume|p1a: Zapdos
|-damage|p1a: Zapdos|144\/322 tox
|
|-heal|p1a: Zapdos|164\/322 tox|[from] item: Leftovers
|-damage|p1a: Zapdos|104\/322 tox|[from] psn
|turn|8
|
|switch|p1a: Sylveon|Sylveon, F|369\/394
|-damage|p1a: Sylveon|320\/394|[from] Stealth Rock
|move|p2a: Heatran|Lava Plume|p1a: Sylveon
|-damage|p1a: Sylveon|242\/394
|
|-heal|p1a: Sylveon|266\/394|[from] item: Leftovers
|turn|9
|
|move|p1a: Sylveon|Heal Bell|p1a: Sylveon
|-cureteam|p1a: Sylveon|[from] move: HealBell
|move|p2a: Heatran|Roar|p1a: Sylveon
|drag|p1a: Excadrill|Excadrill, M|200\/362
|-damage|p1a: Excadrill|189\/362|[from] Stealth Rock
|-ability|p1a: Excadrill|Mold Breaker
|
|turn|10
|
|switch|p2a: Mandibuzz|Mandibuzz, F|370\/423
|-damage|p2a: Mandibuzz|265\/423|[from] Stealth Rock
|move|p1a: Excadrill|Earthquake|p2a: Mandibuzz
|-immune|p2a: Mandibuzz|[msg]
|
|-heal|p2a: Mandibuzz|291\/423|[from] item: Leftovers
|turn|11
|
|switch|p1a: Sylveon|Sylveon, F|266\/394
|-damage|p1a: Sylveon|217\/394|[from] Stealth Rock
|switch|p2a: Scizor|Scizor, F, shiny|214\/344
|-damage|p2a: Scizor|171\/344|[from] Stealth Rock
|
|-heal|p1a: Sylveon|241\/394|[from] item: Leftovers
|turn|12
|
|switch|p1a: Scizor|Scizor, F|344\/344
|-damage|p1a: Scizor|301\/344|[from] Stealth Rock
|move|p2a: Scizor|Bullet Punch|p1a: Scizor
|-resisted|p1a: Scizor
|-damage|p1a: Scizor|208\/344
|
|turn|13
|
|switch|p2a: Rotom-Wash|Rotom-Wash|241\/241
|-damage|p2a: Rotom-Wash|211\/241|[from] Stealth Rock
|detailschange|p1a: Scizor|Scizor-Mega, F
|message|Scizor has Mega Evolved into Mega Scizor!
|move|p1a: Scizor|Swords Dance|p1a: Scizor
|-boost|p1a: Scizor|atk|2
|
|turn|14
|
|move|p2a: Rotom-Wash|Hydro Pump|p1a: Scizor
|-damage|p1a: Scizor|37\/344
|move|p1a: Scizor|Knock Off|p2a: Rotom-Wash
|-damage|p2a: Rotom-Wash|0 fnt
|-enditem|p2a: Rotom-Wash|Choice Scarf|[from] move: Knock Off|[of] p1a: Scizor
|faint|p2a: Rotom-Wash
|
|
|switch|p2a: Amoonguss|Amoonguss, F, shiny|432\/432
|-damage|p2a: Amoonguss|378\/432|[from] Stealth Rock
|turn|15
|
|move|p1a: Scizor|Roost|p1a: Scizor
|-heal|p1a: Scizor|209\/344
|move|p2a: Amoonguss|Spore|p1a: Scizor
|-status|p1a: Scizor|slp
|
|-heal|p2a: Amoonguss|405\/432|[from] item: Black Sludge
|turn|16
|
|switch|p2a: Mandibuzz|Mandibuzz, F|291\/423
|-damage|p2a: Mandibuzz|186\/423|[from] Stealth Rock
|cant|p1a: Scizor|slp
|
|-heal|p2a: Mandibuzz|212\/423|[from] item: Leftovers
|turn|17
|
|cant|p1a: Scizor|slp
|move|p2a: Mandibuzz|Roost|p2a: Mandibuzz
|-heal|p2a: Mandibuzz|423\/423
|
|turn|18
|
|move|p2a: Mandibuzz|Foul Play|p1a: Scizor
|-damage|p1a: Scizor|0 fnt
|faint|p1a: Scizor
|
|
|switch|p1a: Sylveon|Sylveon, F|241\/394
|-damage|p1a: Sylveon|192\/394|[from] Stealth Rock
|turn|19
|
|switch|p2a: Heatran|Heatran, M|123\/386
|-damage|p2a: Heatran|75\/386|[from] Stealth Rock
|move|p1a: Sylveon|Wish|p1a: Sylveon
|
|-heal|p1a: Sylveon|216\/394|[from] item: Leftovers
|turn|20
|
|move|p2a: Heatran|Toxic|p1a: Sylveon
|-status|p1a: Sylveon|tox
|move|p1a: Sylveon|Hyper Voice|p2a: Heatran
|-resisted|p2a: Heatran
|-damage|p2a: Heatran|48\/386
|
|-heal|p1a: Sylveon|394\/394 tox|[from] move: Wish|[wisher] Sylveon
|-damage|p1a: Sylveon|370\/394 tox|[from] psn
|turn|21
|
|move|p1a: Sylveon|Heal Bell|p1a: Sylveon
|-cureteam|p1a: Sylveon|[from] move: HealBell
|move|p2a: Heatran|Roar|p1a: Sylveon
|drag|p1a: Alakazam|Alakazam, F|252\/252
|
|turn|22
|
|move|p1a: Alakazam|Shadow Ball|p2a: Heatran
|-damage|p2a: Heatran|0 fnt
|faint|p2a: Heatran
|
|
|switch|p2a: Mandibuzz|Mandibuzz, F|423\/423
|-damage|p2a: Mandibuzz|318\/423|[from] Stealth Rock
|turn|23
|
|switch|p1a: Sylveon|Sylveon, F|370\/394
|-damage|p1a: Sylveon|321\/394|[from] Stealth Rock
|move|p2a: Mandibuzz|Defog|p1a: Sylveon
|-unboost|p1a: Sylveon|evasion|1
|-sideend|p1: yotk13|Stealth Rock|[from] move: Defog|[of] p1a: Sylveon
|-sideend|p2: iKingARIstotle|Stealth Rock|[from] move: Defog|[of] p2a: Mandibuzz
|
|-heal|p2a: Mandibuzz|344\/423|[from] item: Leftovers
|-heal|p1a: Sylveon|345\/394|[from] item: Leftovers
|turn|24
|
|switch|p2a: Scizor|Scizor, F, shiny|171\/344
|move|p1a: Sylveon|Wish|p1a: Sylveon
|
|-heal|p1a: Sylveon|369\/394|[from] item: Leftovers
|turn|25
|
|switch|p1a: Zapdos|Zapdos|104\/322
|-ability|p1a: Zapdos|Pressure
|move|p2a: Scizor|Quick Attack|p1a: Zapdos
|-damage|p1a: Zapdos|0 fnt
|faint|p1a: Zapdos
|
|
|switch|p1a: Excadrill|Excadrill, M|189\/362
|-ability|p1a: Excadrill|Mold Breaker
|turn|26
|
|switch|p2a: Mandibuzz|Mandibuzz, F|344\/423
|move|p1a: Excadrill|Earthquake|p2a: Mandibuzz
|-immune|p2a: Mandibuzz|[msg]
|
|-heal|p2a: Mandibuzz|370\/423|[from] item: Leftovers
|turn|27
|
|switch|p1a: Sylveon|Sylveon, F|369\/394
|move|p2a: Mandibuzz|Whirlwind|p1a: Sylveon
|drag|p1a: Alakazam|Alakazam, F|252\/252
|
|-heal|p2a: Mandibuzz|396\/423|[from] item: Leftovers
|turn|28
|
|switch|p1a: Sylveon|Sylveon, F|369\/394
|move|p2a: Mandibuzz|Foul Play|p1a: Sylveon
|-resisted|p1a: Sylveon
|-damage|p1a: Sylveon|320\/394
|
|-heal|p2a: Mandibuzz|422\/423|[from] item: Leftovers
|-heal|p1a: Sylveon|344\/394|[from] item: Leftovers
|turn|29
|
|switch|p2a: Amoonguss|Amoonguss, F, shiny|432\/432
|move|p1a: Sylveon|Yawn|p2a: Amoonguss
|-start|p2a: Amoonguss|move: Yawn|[of] p1a: Sylveon
|
|-heal|p1a: Sylveon|368\/394|[from] item: Leftovers
|turn|30
|
|switch|p2a: Scizor|Scizor, F, shiny|171\/344
|move|p1a: Sylveon|Wish|p1a: Sylveon
|
|-heal|p1a: Sylveon|392\/394|[from] item: Leftovers
|turn|31
|
|switch|p1a: Excadrill|Excadrill, M|189\/362
|-ability|p1a: Excadrill|Mold Breaker
|move|p2a: Scizor|U-turn|p1a: Excadrill
|-resisted|p1a: Excadrill
|-damage|p1a: Excadrill|27\/362
|
|switch|p2a: Amoonguss|Amoonguss, F, shiny|432\/432
|
|-heal|p1a: Excadrill|224\/362|[from] move: Wish|[wisher] Sylveon
|turn|32
|
|move|p1a: Excadrill|Stealth Rock|p2a: Amoonguss
|-sidestart|p2: iKingARIstotle|move: Stealth Rock
|move|p2a: Amoonguss|Spore|p1a: Excadrill
|-status|p1a: Excadrill|slp
|
|turn|33
|
|switch|p1a: Sylveon|Sylveon, F|392\/394
|move|p2a: Amoonguss|Sludge Bomb|p1a: Sylveon
|-supereffective|p1a: Sylveon
|-damage|p1a: Sylveon|290\/394
|
|-heal|p1a: Sylveon|314\/394|[from] item: Leftovers
|turn|34
|
|move|p1a: Sylveon|Yawn|p2a: Amoonguss
|-start|p2a: Amoonguss|move: Yawn|[of] p1a: Sylveon
|move|p2a: Amoonguss|Spore|p1a: Sylveon
|-message|Sleep Clause Mod activated.
|-fail|p1a: Sylveon
|
|-heal|p1a: Sylveon|338\/394|[from] item: Leftovers
|turn|35
|
|switch|p2a: Scizor|Scizor, F, shiny|171\/344
|-damage|p2a: Scizor|128\/344|[from] Stealth Rock
|move|p1a: Sylveon|Hyper Voice|p2a: Scizor
|-resisted|p2a: Scizor
|-damage|p2a: Scizor|41\/344
|
|-heal|p1a: Sylveon|362\/394|[from] item: Leftovers
|turn|36
|
|move|p2a: Scizor|U-turn|p1a: Sylveon
|-resisted|p1a: Sylveon
|-damage|p1a: Sylveon|229\/394
|
|switch|p2a: Amoonguss|Amoonguss, F, shiny|432\/432
|-damage|p2a: Amoonguss|378\/432|[from] Stealth Rock
|move|p1a: Sylveon|Heal Bell|p1a: Sylveon
|-cureteam|p1a: Sylveon|[from] move: HealBell
|
|-heal|p1a: Sylveon|253\/394|[from] item: Leftovers
|-heal|p2a: Amoonguss|405\/432|[from] item: Black Sludge
|turn|37
|
|move|p1a: Sylveon|Yawn|p2a: Amoonguss
|-start|p2a: Amoonguss|move: Yawn|[of] p1a: Sylveon
|move|p2a: Amoonguss|Spore|p1a: Sylveon
|-status|p1a: Sylveon|slp
|
|-heal|p1a: Sylveon|277\/394 slp|[from] item: Leftovers
|-heal|p2a: Amoonguss|432\/432|[from] item: Black Sludge
|turn|38
|
|switch|p1a: Excadrill|Excadrill, M|224\/362
|-ability|p1a: Excadrill|Mold Breaker
|switch|p2a: Charizard|Charizard, F|359\/359
|-damage|p2a: Charizard|180\/359|[from] Stealth Rock
|
|turn|39
|
|switch|p2a: Mandibuzz|Mandibuzz, F|422\/423
|-damage|p2a: Mandibuzz|317\/423|[from] Stealth Rock
|move|p1a: Excadrill|Iron Head|p2a: Mandibuzz
|-crit|p2a: Mandibuzz
|-damage|p2a: Mandibuzz|157\/423
|
|-heal|p2a: Mandibuzz|183\/423|[from] item: Leftovers
|turn|40
|
|switch|p1a: Sylveon|Sylveon, F|277\/394 slp
|move|p2a: Mandibuzz|Roost|p2a: Mandibuzz
|-heal|p2a: Mandibuzz|395\/423
|
|-heal|p2a: Mandibuzz|421\/423|[from] item: Leftovers
|-heal|p1a: Sylveon|301\/394 slp|[from] item: Leftovers
|turn|41
|
|move|p2a: Mandibuzz|Defog|p1a: Sylveon
|-unboost|p1a: Sylveon|evasion|1
|-sideend|p2: iKingARIstotle|Stealth Rock|[from] move: Defog|[of] p2a: Mandibuzz
|cant|p1a: Sylveon|slp
|
|-heal|p2a: Mandibuzz|423\/423|[from] item: Leftovers
|-heal|p1a: Sylveon|325\/394 slp|[from] item: Leftovers
|turn|42
|
|switch|p2a: Charizard|Charizard, F|180\/359
|cant|p1a: Sylveon|slp
|
|-heal|p1a: Sylveon|349\/394 slp|[from] item: Leftovers
|turn|43
|
|detailschange|p2a: Charizard|Charizard-Mega-X, F
|message|Charizard has Mega Evolved into Mega Charizard!
|move|p2a: Charizard|Dragon Dance|p2a: Charizard
|-boost|p2a: Charizard|atk|1
|-boost|p2a: Charizard|spe|1
|cant|p1a: Sylveon|slp
|
|-heal|p1a: Sylveon|373\/394 slp|[from] item: Leftovers
|turn|44
|
|move|p2a: Charizard|Flare Blitz|p1a: Sylveon
|-damage|p1a: Sylveon|0 fnt
|-damage|p2a: Charizard|57\/359|[from] recoil|[of] p1a: Sylveon
|faint|p1a: Sylveon
|
|
|switch|p1a: Weavile|Weavile, M|282\/282
|-ability|p1a: Weavile|Pressure
|turn|45
|
|move|p1a: Weavile|Ice Shard|p2a: Charizard
|-crit|p2a: Charizard
|-damage|p2a: Charizard|0 fnt
|-damage|p1a: Weavile|254\/282|[from] item: Life Orb
|faint|p2a: Charizard
|
|
|switch|p2a: Scizor|Scizor, F, shiny|41\/344
|turn|46
|
|move|p1a: Weavile|Ice Shard|p2a: Scizor
|-resisted|p2a: Scizor
|-damage|p2a: Scizor|0 fnt
|-damage|p1a: Weavile|226\/282|[from] item: Life Orb
|faint|p2a: Scizor
|
|
|switch|p2a: Amoonguss|Amoonguss, F, shiny|432\/432
|turn|47
|
|move|p1a: Weavile|Knock Off|p2a: Amoonguss
|-crit|p2a: Amoonguss
|-damage|p2a: Amoonguss|143\/432
|-enditem|p2a: Amoonguss|Black Sludge|[from] move: Knock Off|[of] p1a: Weavile
|-damage|p1a: Weavile|198\/282|[from] item: Life Orb
|move|p2a: Amoonguss|Spore|p1a: Weavile
|-status|p1a: Weavile|slp
|
|turn|48
|
|cant|p1a: Weavile|slp
|move|p2a: Amoonguss|Giga Drain|p1a: Weavile
|-damage|p1a: Weavile|101\/282 slp
|-heal|p2a: Amoonguss|192\/432|[from] drain|[of] p1a: Weavile
|
|turn|49
|
|switch|p1a: Alakazam|Alakazam, F|252\/252
|move|p2a: Amoonguss|Giga Drain|p1a: Alakazam
|-damage|p1a: Alakazam|177\/252
|-heal|p2a: Amoonguss|230\/432|[from] drain|[of] p1a: Alakazam
|
|turn|50
|
|switch|p2a: Mandibuzz|Mandibuzz, F|423\/423
|move|p1a: Alakazam|Psyshock|p2a: Mandibuzz
|-immune|p2a: Mandibuzz|[msg]
|
|turn|51
|
|switch|p1a: Weavile|Weavile, M|101\/282 slp
|-ability|p1a: Weavile|Pressure
|move|p2a: Mandibuzz|Foul Play|p1a: Weavile
|-resisted|p1a: Weavile
|-damage|p1a: Weavile|0 fnt
|faint|p1a: Weavile
|
|
|switch|p1a: Excadrill|Excadrill, M|224\/362
|-ability|p1a: Excadrill|Mold Breaker
|turn|52
|
|move|p1a: Excadrill|Iron Head|p2a: Mandibuzz
|-damage|p2a: Mandibuzz|314\/423
|cant|p2a: Mandibuzz|flinch
|
|-heal|p2a: Mandibuzz|340\/423|[from] item: Leftovers
|turn|53
|
|move|p1a: Excadrill|Iron Head|p2a: Mandibuzz
|-damage|p2a: Mandibuzz|237\/423
|move|p2a: Mandibuzz|Roost|p2a: Mandibuzz
|-heal|p2a: Mandibuzz|423\/423
|
|turn|54
|
|switch|p1a: Alakazam|Alakazam, F|177\/252
|move|p2a: Mandibuzz|Foul Play|p1a: Alakazam
|-supereffective|p1a: Alakazam
|-damage|p1a: Alakazam|0 fnt
|faint|p1a: Alakazam
|
|-message|yotk13 forfeited.
|
|win|iKingARIstotle
|raw|Ladder updating...
|leave|yotk13
|player|p1
|raw|yotk13's rating: 1692 &rarr; <strong>1665<\/strong><br \/>(-27 for losing)
|raw|iKingARIstotle's rating: 1556 &rarr; <strong>1584<\/strong><br \/>(+28 for winning)