|join|leinad41
|join|yotk13
|player|p1|leinad41|279
|player|p2|yotk13|238
|gametype|singles
|gen|6
|tier|OU
|rated
|clearpoke
|poke|p1|Greninja, M
|poke|p1|Mandibuzz, F
|poke|p1|Charizard, F
|poke|p1|Chansey, F
|poke|p1|Scizor, F
|poke|p1|Alakazam, M
|poke|p2|Tyranitar, M
|poke|p2|Hippowdon, M
|poke|p2|Aegislash, F
|poke|p2|Lucario, F
|poke|p2|Bisharp, M
|poke|p2|Landorus, M
|rule|Baton Pass Clause: Limit 3 pokemon knowing Baton Pass
|rule|Sleep Clause Mod: Limit one foe put to sleep
|rule|Species Clause: Limit one of each Pokemon
|rule|OHKO Clause: OHKO moves are banned
|rule|Moody Clause: Moody is banned
|rule|Evasion Moves Clause: Evasion moves are banned
|rule|Endless Battle Clause: Forcing endless battles is banned
|rule|HP Percentage Mod: HP is reported as percentages
|teampreview
|
|start
|switch|p1a: Alakazam|Alakazam, M|252\/252
|switch|p2a: Tyranitar|Tyranitar, M|404\/404
|-weather|Sandstorm
|turn|1
|
|move|p1a: Alakazam|Focus Blast|p2a: Tyranitar
|-crit|p2a: Tyranitar
|-supereffective|p2a: Tyranitar
|-enditem|p2a: Tyranitar|Focus Sash
|-damage|p2a: Tyranitar|1\/404
|move|p2a: Tyranitar|Thunder Wave|p1a: Alakazam
|-status|p1a: Alakazam|par
|
|-weather|Sandstorm|[upkeep]
|turn|2
|
|switch|p1a: Scizor|Scizor, F|344\/344
|move|p2a: Tyranitar|Stealth Rock|p1a: Scizor
|-sidestart|p1: leinad41|move: Stealth Rock
|
|-weather|Sandstorm|[upkeep]
|turn|3
|
|move|p1a: Scizor|U-turn|p2a: Tyranitar
|-supereffective|p2a: Tyranitar
|-damage|p2a: Tyranitar|0 fnt
|faint|p2a: Tyranitar
|
|switch|p1a: Mandibuzz|Mandibuzz, F|424\/424
|-damage|p1a: Mandibuzz|318\/424|[from] Stealth Rock
|
|-weather|Sandstorm|[upkeep]
|-heal|p1a: Mandibuzz|344\/424|[from] item: Leftovers
|
|switch|p2a: Lucario|Lucario, F|282\/282
|turn|4
|
|move|p2a: Lucario|Flash Cannon|p1a: Mandibuzz
|-damage|p1a: Mandibuzz|205\/424
|move|p1a: Mandibuzz|Defog|p2a: Lucario
|-unboost|p2a: Lucario|evasion|1
|-sideend|p1: leinad41|Stealth Rock|[from] move: Defog|[of] p1a: Mandibuzz
|
|-weather|Sandstorm|[upkeep]
|-heal|p1a: Mandibuzz|231\/424|[from] item: Leftovers
|turn|5
|
|move|p2a: Lucario|Aura Sphere|p1a: Mandibuzz
|-damage|p1a: Mandibuzz|105\/424
|move|p1a: Mandibuzz|Roost|p1a: Mandibuzz
|-heal|p1a: Mandibuzz|317\/424
|
|-weather|none
|-heal|p1a: Mandibuzz|343\/424|[from] item: Leftovers
|turn|6
|
|move|p2a: Lucario|Flash Cannon|p1a: Mandibuzz
|-damage|p1a: Mandibuzz|201\/424
|-unboost|p1a: Mandibuzz|spd|1
|move|p1a: Mandibuzz|Foul Play|p2a: Lucario
|-resisted|p2a: Lucario
|-damage|p2a: Lucario|206\/282
|
|-heal|p1a: Mandibuzz|227\/424|[from] item: Leftovers
|turn|7
|
|switch|p1a: Scizor|Scizor, F|344\/344
|move|p2a: Lucario|Aura Sphere|p1a: Scizor
|-damage|p1a: Scizor|176\/344
|
|turn|8
|
|move|p1a: Scizor|Bullet Punch|p2a: Lucario
|-resisted|p2a: Lucario
|-damage|p2a: Lucario|78\/282
|move|p2a: Lucario|Aura Sphere|p1a: Scizor
|-damage|p1a: Scizor|28\/344
|
|turn|9
|
|move|p1a: Scizor|Bullet Punch|p2a: Lucario
|-resisted|p2a: Lucario
|-damage|p2a: Lucario|0 fnt
|faint|p2a: Lucario
|
|
|switch|p2a: Bisharp|Bisharp, M|272\/272
|turn|10
|
|switch|p1a: Mandibuzz|Mandibuzz, F|227\/424
|move|p2a: Bisharp|Knock Off|p1a: Mandibuzz
|-resisted|p1a: Mandibuzz
|-damage|p1a: Mandibuzz|157\/424
|-enditem|p1a: Mandibuzz|Leftovers|[from] move: Knock Off|[of] p2a: Bisharp
|-damage|p2a: Bisharp|245\/272|[from] item: Life Orb
|
|turn|11
|
|move|p2a: Bisharp|Swords Dance|p2a: Bisharp
|-boost|p2a: Bisharp|atk|2
|move|p1a: Mandibuzz|Roost|p1a: Mandibuzz
|-heal|p1a: Mandibuzz|369\/424
|
|turn|12
|
|move|p2a: Bisharp|Iron Head|p1a: Mandibuzz
|-damage|p1a: Mandibuzz|122\/424
|-damage|p2a: Bisharp|218\/272|[from] item: Life Orb
|move|p1a: Mandibuzz|Foul Play|p2a: Bisharp
|-resisted|p2a: Bisharp
|-damage|p2a: Bisharp|67\/272
|
|turn|13
|
|move|p2a: Bisharp|Iron Head|p1a: Mandibuzz
|-damage|p1a: Mandibuzz|0 fnt
|-damage|p2a: Bisharp|40\/272|[from] item: Life Orb
|faint|p1a: Mandibuzz
|
|
|switch|p1a: Alakazam|Alakazam, M|252\/252 par
|turn|14
|
|move|p2a: Bisharp|Knock Off|p1a: Alakazam
|-supereffective|p1a: Alakazam
|-enditem|p1a: Alakazam|Focus Sash
|-damage|p1a: Alakazam|1\/252 par
|-damage|p2a: Bisharp|13\/272|[from] item: Life Orb
|move|p1a: Alakazam|Shadow Ball|p2a: Bisharp
|-resisted|p2a: Bisharp
|-damage|p2a: Bisharp|0 fnt
|faint|p2a: Bisharp
|
|
|switch|p2a: Hippowdon|Hippowdon, M|420\/420
|-weather|Sandstorm
|turn|15
|
|move|p2a: Hippowdon|Stealth Rock|p1a: Alakazam
|-sidestart|p1: leinad41|move: Stealth Rock
|move|p1a: Alakazam|Hidden Power|p2a: Hippowdon
|-crit|p2a: Hippowdon
|-supereffective|p2a: Hippowdon
|-damage|p2a: Hippowdon|110\/420
|
|-weather|Sandstorm|[upkeep]
|-heal|p2a: Hippowdon|136\/420|[from] item: Leftovers
|turn|16
|
|move|p2a: Hippowdon|Earthquake|p1a: Alakazam
|-damage|p1a: Alakazam|0 fnt
|faint|p1a: Alakazam
|
|-weather|Sandstorm|[upkeep]
|-heal|p2a: Hippowdon|162\/420|[from] item: Leftovers
|
|switch|p1a: Charizard|Charizard, F|298\/298
|-damage|p1a: Charizard|149\/298|[from] Stealth Rock
|turn|17
|
|detailschange|p1a: Charizard|Charizard-Mega-X, F
|message|Charizard has Mega Evolved into Mega Charizard!
|move|p1a: Charizard|Flare Blitz|p2a: Hippowdon
|-damage|p2a: Hippowdon|0 fnt
|-damage|p1a: Charizard|96\/298|[from] recoil|[of] p2a: Hippowdon
|faint|p2a: Hippowdon
|
|-weather|Sandstorm|[upkeep]
|-damage|p1a: Charizard|78\/298|[from] sandstorm
|
|switch|p2a: Aegislash|Aegislash, F|262\/262
|turn|18
|
|-formechange|p2a: Aegislash|Aegislash-Blade
|move|p2a: Aegislash|Shadow Sneak|p1a: Charizard
|-damage|p1a: Charizard|0 fnt
|-damage|p2a: Aegislash|236\/262|[from] item: Life Orb
|faint|p1a: Charizard
|
|-weather|Sandstorm|[upkeep]
|
|switch|p1a: Chansey|Chansey, F|704\/704
|-damage|p1a: Chansey|616\/704|[from] Stealth Rock
|turn|19
|
|move|p2a: Aegislash|Sacred Sword|p1a: Chansey
|-supereffective|p1a: Chansey
|-damage|p1a: Chansey|143\/704
|-damage|p2a: Aegislash|210\/262|[from] item: Life Orb
|move|p1a: Chansey|Wish|p1a: Chansey
|
|-weather|none
|turn|20
|
|move|p1a: Chansey|Protect|p1a: Chansey
|-singleturn|p1a: Chansey|Protect
|move|p2a: Aegislash|Sacred Sword|p1a: Chansey
|-activate|p1a: Chansey|Protect
|
|-heal|p1a: Chansey|495\/704|[from] move: Wish|[wisher] Chansey
|turn|21
|
|move|p2a: Aegislash|Sacred Sword|p1a: Chansey
|-supereffective|p1a: Chansey
|-damage|p1a: Chansey|11\/704
|-damage|p2a: Aegislash|184\/262|[from] item: Life Orb
|move|p1a: Chansey|Wish|p1a: Chansey
|
|turn|22
|
|move|p1a: Chansey|Protect|p1a: Chansey
|-singleturn|p1a: Chansey|Protect
|move|p2a: Aegislash|Sacred Sword|p1a: Chansey
|-activate|p1a: Chansey|Protect
|
|-heal|p1a: Chansey|363\/704|[from] move: Wish|[wisher] Chansey
|turn|23
|
|move|p2a: Aegislash|Sacred Sword|p1a: Chansey
|-supereffective|p1a: Chansey
|-damage|p1a: Chansey|0 fnt
|-damage|p2a: Aegislash|158\/262|[from] item: Life Orb
|faint|p1a: Chansey
|
|
|switch|p1a: Greninja|Greninja, M|286\/286
|-damage|p1a: Greninja|251\/286|[from] Stealth Rock
|turn|24
|
|switch|p1a: Scizor|Scizor, F|28\/344
|-damage|p1a: Scizor|0 fnt|[from] Stealth Rock
|faint|p1a: Scizor
|-formechange|p2a: Aegislash|Aegislash
|move|p2a: Aegislash|King's Shield|p2a: Aegislash
|-fail|p2a: Aegislash
|
|
|switch|p1a: Greninja|Greninja, M|251\/286
|-damage|p1a: Greninja|216\/286|[from] Stealth Rock
|turn|25
|
|-start|p1a: Greninja|typechange|Fire|[from] Protean
|move|p1a: Greninja|Hidden Power|p2a: Aegislash
|-supereffective|p2a: Aegislash
|-damage|p2a: Aegislash|0 fnt
|-damage|p1a: Greninja|188\/286|[from] item: Life Orb
|faint|p2a: Aegislash
|
|
|switch|p2a: Landorus|Landorus, M|320\/320
|turn|26
|
|-start|p1a: Greninja|typechange|Ice|[from] Protean
|move|p1a: Greninja|Ice Beam|p2a: Landorus
|-supereffective|p2a: Landorus
|-damage|p2a: Landorus|0 fnt
|-damage|p1a: Greninja|160\/286|[from] item: Life Orb
|faint|p2a: Landorus
|
|win|leinad41
|raw|Ladder updating...
|raw|leinad41's rating: 1554 &rarr; <strong>1572<\/strong><br \/>(+18 for winning)
|raw|yotk13's rating: 1520 &rarr; <strong>1502<\/strong><br \/>(-18 for losing)
|chat|leinad41|gg
|leave|yotk13
|player|p2
|leave|leinad41
|player|p1
|join|leinad41