|join|Victor Infinity
|join|yotk13
|player|p1|Victor Infinity|52
|player|p2|yotk13|238
|gametype|singles
|gen|6
|tier|OU
|rated
|clearpoke
|poke|p1|Pinsir, M
|poke|p1|Skarmory, M
|poke|p1|Keldeo-Resolute
|poke|p1|Latias, F, shiny
|poke|p1|Entei, shiny
|poke|p1|Clefable, F
|poke|p2|Weavile, F
|poke|p2|Scizor, M
|poke|p2|Alakazam, M
|poke|p2|Sylveon, M
|poke|p2|Garchomp, M
|poke|p2|Zapdos
|rule|Swagger Clause: Swagger is banned
|rule|Baton Pass Clause: Limit one PokÃ©mon knowing Baton Pass
|rule|Sleep Clause Mod: Limit one foe put to sleep
|rule|Species Clause: Limit one of each PokÃ©mon
|rule|OHKO Clause: OHKO moves are banned
|rule|Moody Clause: Moody is banned
|rule|Evasion Moves Clause: Evasion moves are banned
|rule|Endless Battle Clause: Forcing endless battles is banned
|rule|HP Percentage Mod: HP is reported as percentages
|teampreview
|
|start
|switch|p1a: Silver Bird|Skarmory, M|334\/334
|switch|p2a: Garchomp|Garchomp, M|358\/358
|turn|1
|
|move|p2a: Garchomp|Stealth Rock|p1a: Silver Bird
|-sidestart|p1: Victor Infinity|move: Stealth Rock
|move|p1a: Silver Bird|Stealth Rock|p2a: Garchomp
|-sidestart|p2: yotk13|move: Stealth Rock
|
|turn|2
|
|switch|p2a: Zapdos|Zapdos|384\/384
|-damage|p2a: Zapdos|288\/384|[from] Stealth Rock
|-ability|p2a: Zapdos|Pressure
|move|p1a: Silver Bird|Defog|p2a: Zapdos
|-unboost|p2a: Zapdos|evasion|1
|-sideend|p2: yotk13|Stealth Rock|[from] move: Defog|[of] p2a: Zapdos
|-sideend|p1: Victor Infinity|Stealth Rock|[from] move: Defog|[of] p1a: Silver Bird
|
|-heal|p2a: Zapdos|312\/384|[from] item: Leftovers
|turn|3
|
|move|p2a: Zapdos|Thunderbolt|p1a: Silver Bird
|-supereffective|p1a: Silver Bird
|-activate|p1a: Silver Bird|Sturdy
|-damage|p1a: Silver Bird|1\/334
|move|p1a: Silver Bird|Stealth Rock|p2a: Zapdos
|-sidestart|p2: yotk13|move: Stealth Rock
|
|-heal|p2a: Zapdos|336\/384|[from] item: Leftovers
|turn|4
|
|switch|p1a: Ana Olimpio|Latias, F, shiny|301\/301
|move|p2a: Zapdos|Thunderbolt|p1a: Ana Olimpio
|-resisted|p1a: Ana Olimpio
|-damage|p1a: Ana Olimpio|248\/301
|
|-heal|p2a: Zapdos|360\/384|[from] item: Leftovers
|turn|5
|
|move|p1a: Ana Olimpio|Draco Meteor|p2a: Zapdos
|-damage|p2a: Zapdos|66\/384
|-unboost|p1a: Ana Olimpio|spa|2
|-damage|p1a: Ana Olimpio|218\/301|[from] item: Life Orb
|move|p2a: Zapdos|Toxic|p1a: Ana Olimpio
|-status|p1a: Ana Olimpio|tox
|
|-heal|p2a: Zapdos|90\/384|[from] item: Leftovers
|-damage|p1a: Ana Olimpio|200\/301 tox|[from] psn
|turn|6
|
|move|p1a: Ana Olimpio|Psyshock|p2a: Zapdos
|-damage|p2a: Zapdos|20\/384
|-damage|p1a: Ana Olimpio|170\/301 tox|[from] item: Life Orb
|move|p2a: Zapdos|Roost|p2a: Zapdos
|-heal|p2a: Zapdos|212\/384
|
|-heal|p2a: Zapdos|236\/384|[from] item: Leftovers
|-damage|p1a: Ana Olimpio|134\/301 tox|[from] psn
|turn|7
|
|switch|p1a: Mufasa|Entei, shiny|372\/372
|-ability|p1a: Mufasa|Pressure
|move|p2a: Zapdos|Roost|p2a: Zapdos
|-heal|p2a: Zapdos|384\/384
|
|turn|8
|
|move|p1a: Mufasa|Sacred Fire|p2a: Zapdos
|-damage|p2a: Zapdos|167\/384
|-status|p2a: Zapdos|brn
|move|p2a: Zapdos|Thunderbolt|p1a: Mufasa
|-crit|p1a: Mufasa
|-damage|p1a: Mufasa|129\/372
|
|-heal|p2a: Zapdos|191\/384 brn|[from] item: Leftovers
|-damage|p2a: Zapdos|143\/384 brn|[from] brn
|turn|9
|
|move|p1a: Mufasa|Sacred Fire|p2a: Zapdos
|-damage|p2a: Zapdos|0 fnt
|faint|p2a: Zapdos
|
|
|switch|p2a: Garchomp|Garchomp, M|358\/358
|-damage|p2a: Garchomp|336\/358|[from] Stealth Rock
|turn|10
|
|move|p2a: Garchomp|Stealth Rock|p1a: Mufasa
|-sidestart|p1: Victor Infinity|move: Stealth Rock
|move|p1a: Mufasa|Sacred Fire|p2a: Garchomp
|-resisted|p2a: Garchomp
|-damage|p2a: Garchomp|207\/358
|-status|p2a: Garchomp|brn
|
|-damage|p2a: Garchomp|163\/358 brn|[from] brn
|turn|11
|
|switch|p1a: Silver Bird|Skarmory, M|1\/334
|-damage|p1a: Silver Bird|0 fnt|[from] Stealth Rock
|faint|p1a: Silver Bird
|move|p2a: Garchomp|Earthquake|p1: Silver Bird|[notarget]
|-notarget
|
|-damage|p2a: Garchomp|119\/358 brn|[from] brn
|
|switch|p1a: Shirahama Kenichi|Keldeo-Resolute|333\/333
|-damage|p1a: Shirahama Kenichi|313\/333|[from] Stealth Rock
|turn|12
|
|move|p1a: Shirahama Kenichi|Scald|p2a: Garchomp
|-damage|p2a: Garchomp|0 fnt
|faint|p2a: Garchomp
|
|
|switch|p2a: Sylveon|Sylveon, M|394\/394
|-damage|p2a: Sylveon|345\/394|[from] Stealth Rock
|turn|13
|
|switch|p1a: Ana Olimpio|Latias, F, shiny|134\/301 tox
|-damage|p1a: Ana Olimpio|97\/301 tox|[from] Stealth Rock
|move|p2a: Sylveon|Hyper Voice|p1a: Ana Olimpio
|-supereffective|p1a: Ana Olimpio
|-damage|p1a: Ana Olimpio|0 fnt
|faint|p1a: Ana Olimpio
|
|-heal|p2a: Sylveon|369\/394|[from] item: Leftovers
|
|switch|p1a: Flying Cockroach|Pinsir, M|271\/271
|-damage|p1a: Flying Cockroach|204\/271|[from] Stealth Rock
|turn|14
|
|detailschange|p1a: Flying Cockroach|Pinsir-Mega, M
|message|Pinsir has Mega Evolved into Mega Pinsir!
|move|p1a: Flying Cockroach|Return|p2a: Sylveon
|-damage|p2a: Sylveon|0 fnt
|faint|p2a: Sylveon
|
|
|switch|p2a: Scizor|Scizor, M|282\/282
|-damage|p2a: Scizor|247\/282|[from] Stealth Rock
|turn|15
|
|detailschange|p2a: Scizor|Scizor-Mega, M
|message|Scizor has Mega Evolved into Mega Scizor!
|move|p2a: Scizor|Bullet Punch|p1a: Flying Cockroach
|-damage|p1a: Flying Cockroach|90\/271
|move|p1a: Flying Cockroach|Close Combat|p2a: Scizor
|-damage|p2a: Scizor|145\/282
|-unboost|p1a: Flying Cockroach|def|1
|-unboost|p1a: Flying Cockroach|spd|1
|
|turn|16
|chat|Victor Infinity|i forgot
|chat|Victor Infinity|i am flyng
|chat|Victor Infinity|shit
|
|move|p1a: Flying Cockroach|Quick Attack|p2a: Scizor
|-damage|p2a: Scizor|67\/282
|move|p2a: Scizor|Bullet Punch|p1a: Flying Cockroach
|-damage|p1a: Flying Cockroach|0 fnt
|faint|p1a: Flying Cockroach
|
|chat|Victor Infinity|i am soo dumb
|
|switch|p1a: Shirahama Kenichi|Keldeo-Resolute|313\/333
|-damage|p1a: Shirahama Kenichi|293\/333|[from] Stealth Rock
|turn|17
|
|switch|p2a: Weavile|Weavile, F|282\/282
|-damage|p2a: Weavile|212\/282|[from] Stealth Rock
|move|p1a: Shirahama Kenichi|Scald|p2a: Weavile
|-damage|p2a: Weavile|29\/282
|
|turn|18
|
|move|p1a: Shirahama Kenichi|Scald|p2a: Weavile
|-damage|p2a: Weavile|0 fnt
|faint|p2a: Weavile
|
|
|switch|p2a: Alakazam|Alakazam, M|252\/252
|turn|19
|
|move|p1a: Shirahama Kenichi|Scald|p2a: Alakazam
|-damage|p2a: Alakazam|83\/252
|move|p2a: Alakazam|Psyshock|p1a: Shirahama Kenichi
|-supereffective|p1a: Shirahama Kenichi
|-damage|p1a: Shirahama Kenichi|0 fnt
|faint|p1a: Shirahama Kenichi
|
|
|switch|p1a: Mufasa|Entei, shiny|129\/372
|-damage|p1a: Mufasa|36\/372|[from] Stealth Rock
|-ability|p1a: Mufasa|Pressure
|turn|20
|
|move|p1a: Mufasa|Extreme Speed|p2a: Alakazam
|-damage|p2a: Alakazam|0 fnt
|faint|p2a: Alakazam
|
|
|switch|p2a: Scizor|Scizor-Mega, M|67\/282
|-damage|p2a: Scizor|32\/282|[from] Stealth Rock
|turn|21
|
|move|p1a: Mufasa|Extreme Speed|p2a: Scizor
|-resisted|p2a: Scizor
|-damage|p2a: Scizor|0 fnt
|faint|p2a: Scizor
|
|win|Victor Infinity
|raw|Ladder updating...
|raw|Victor Infinity's rating: 1704 &rarr; <strong>1721<\/strong><br \/>(+17 for winning)
|raw|yotk13's rating: 1649 &rarr; <strong>1632<\/strong><br \/>(-17 for losing)
|chat|Victor Infinity|gg
|leave|yotk13
|player|p2