|join|Jafalx
|join|yotk13
|player|p1|Jafalx|281
|player|p2|yotk13|238
|gametype|singles
|gen|6
|tier|OU
|rated
|clearpoke
|poke|p1|Pinsir, F
|poke|p1|Rotom-Wash
|poke|p1|Zapdos
|poke|p1|Aegislash, F, shiny
|poke|p1|Conkeldurr, M
|poke|p1|Landorus-Therian, M
|poke|p2|Weavile, F
|poke|p2|Lucario, F
|poke|p2|Scizor, M
|poke|p2|Alakazam, M
|poke|p2|Tyranitar, M
|poke|p2|Dragonite, M
|rule|Sleep Clause Mod: Limit one foe put to sleep
|rule|Species Clause: Limit one of each Pokemon
|rule|OHKO Clause: OHKO moves are banned
|rule|Moody Clause: Moody is banned
|rule|Evasion Moves Clause: Evasion moves are banned
|rule|Endless Battle Clause: Forcing endless battles is banned.
|rule|HP Percentage Mod: HP is reported as percentages
|teampreview
|
|start
|switch|p1a: Conkeldurr|Conkeldurr, M|401\/401
|switch|p2a: Tyranitar|Tyranitar, M|342\/342
|-weather|Sandstorm
|turn|1
|
|move|p2a: Tyranitar|Stealth Rock|p1a: Conkeldurr
|-sidestart|p1: Jafalx|move: Stealth Rock
|move|p1a: Conkeldurr|Drain Punch|p2a: Tyranitar
|-supereffective|p2a: Tyranitar
|-enditem|p2a: Tyranitar|Focus Sash
|-damage|p2a: Tyranitar|1\/342
|
|-weather|Sandstorm|[upkeep]
|-damage|p1a: Conkeldurr|376\/401|[from] sandstorm
|turn|2
|
|move|p1a: Conkeldurr|Mach Punch|p2a: Tyranitar
|-supereffective|p2a: Tyranitar
|-damage|p2a: Tyranitar|0 fnt
|faint|p2a: Tyranitar
|
|-weather|Sandstorm|[upkeep]
|-damage|p1a: Conkeldurr|351\/401|[from] sandstorm
|
|switch|p2a: Alakazam|Alakazam, M|252\/252
|turn|3
|
|switch|p1a: Aegislash|Aegislash, F, shiny|323\/323
|-damage|p1a: Aegislash|303\/323|[from] Stealth Rock
|move|p2a: Alakazam|Psyshock|p1a: Aegislash
|-resisted|p1a: Aegislash
|-damage|p1a: Aegislash|242\/323
|
|-weather|Sandstorm|[upkeep]
|-heal|p1a: Aegislash|262\/323|[from] item: Leftovers
|turn|4
|
|switch|p2a: Dragonite|Dragonite, M|324\/324
|-formechange|p1a: Aegislash|Aegislash-Blade
|move|p1a: Aegislash|Flash Cannon|p2a: Dragonite
|-damage|p2a: Dragonite|253\/324
|
|-weather|Sandstorm|[upkeep]
|-damage|p2a: Dragonite|233\/324|[from] sandstorm
|-heal|p2a: Dragonite|253\/324|[from] item: Leftovers
|-heal|p1a: Aegislash|282\/323|[from] item: Leftovers
|turn|5
|
|switch|p1a: Landorus-Therian|Landorus-Therian, M|379\/379
|-damage|p1a: Landorus-Therian|332\/379|[from] Stealth Rock
|-ability|p1a: Landorus-Therian|Intimidate|[of] p2a: Dragonite
|-unboost|p2a: Dragonite|atk|1
|move|p2a: Dragonite|Dragon Dance|p2a: Dragonite
|-boost|p2a: Dragonite|atk|1
|-boost|p2a: Dragonite|spe|1
|
|-weather|none
|-heal|p2a: Dragonite|273\/324|[from] item: Leftovers
|-heal|p1a: Landorus-Therian|355\/379|[from] item: Leftovers
|turn|6
|
|move|p2a: Dragonite|Dragon Dance|p2a: Dragonite
|-boost|p2a: Dragonite|atk|1
|-boost|p2a: Dragonite|spe|1
|move|p1a: Landorus-Therian|Hidden Power|p2a: Dragonite
|-supereffective|p2a: Dragonite
|-damage|p2a: Dragonite|85\/324
|
|-heal|p2a: Dragonite|105\/324|[from] item: Leftovers
|-heal|p1a: Landorus-Therian|378\/379|[from] item: Leftovers
|turn|7
|
|move|p2a: Dragonite|Outrage|p1a: Landorus-Therian
|-damage|p1a: Landorus-Therian|62\/379
|move|p1a: Landorus-Therian|Hidden Power|p2a: Dragonite
|-supereffective|p2a: Dragonite
|-damage|p2a: Dragonite|0 fnt
|faint|p2a: Dragonite
|
|-heal|p1a: Landorus-Therian|85\/379|[from] item: Leftovers
|
|switch|p2a: Alakazam|Alakazam, M|252\/252
|turn|8
|
|move|p2a: Alakazam|Shadow Ball|p1a: Landorus-Therian
|-damage|p1a: Landorus-Therian|0 fnt
|faint|p1a: Landorus-Therian
|
|
|switch|p1a: Rotom-Wash|Rotom-Wash|303\/303
|-damage|p1a: Rotom-Wash|266\/303|[from] Stealth Rock
|turn|9
|
|move|p2a: Alakazam|Energy Ball|p1a: Rotom-Wash
|-supereffective|p1a: Rotom-Wash
|-damage|p1a: Rotom-Wash|66\/303
|move|p1a: Rotom-Wash|Trick|p2a: Alakazam
|-activate|p1a: Rotom-Wash|move: Trick|[of] p2a: Alakazam
|-item|p2a: Alakazam|Choice Scarf|[from] move: Trick
|-item|p1a: Rotom-Wash|Life Orb|[from] move: Trick
|
|turn|10
|
|move|p2a: Alakazam|Shadow Ball|p1a: Rotom-Wash
|-damage|p1a: Rotom-Wash|0 fnt
|faint|p1a: Rotom-Wash
|
|
|switch|p1a: Zapdos|Zapdos|383\/383
|-damage|p1a: Zapdos|288\/383|[from] Stealth Rock
|-ability|p1a: Zapdos|Pressure
|turn|11
|
|move|p2a: Alakazam|Shadow Ball|p1a: Zapdos
|-damage|p1a: Zapdos|214\/383
|move|p1a: Zapdos|Defog|p2a: Alakazam
|-unboost|p2a: Alakazam|evasion|1
|-sideend|p1: Jafalx|Stealth Rock|[from] move: Defog|[of] p1a: Zapdos
|
|-heal|p1a: Zapdos|237\/383|[from] item: Leftovers
|turn|12
|
|switch|p2a: Lucario|Lucario, F|282\/282
|move|p1a: Zapdos|Roost|p1a: Zapdos
|-heal|p1a: Zapdos|383\/383
|
|turn|13
|
|move|p2a: Lucario|Swords Dance|p2a: Lucario
|-boost|p2a: Lucario|atk|2
|move|p1a: Zapdos|Heat Wave|p2a: Lucario
|-supereffective|p2a: Lucario
|-damage|p2a: Lucario|26\/282
|
|turn|14
|
|move|p2a: Lucario|Ice Punch|p1a: Zapdos
|-supereffective|p1a: Zapdos
|-damage|p1a: Zapdos|0 fnt
|-damage|p2a: Lucario|0 fnt|[from] item: Life Orb
|faint|p1a: Zapdos
|faint|p2a: Lucario
|
|
|switch|p2a: Weavile|Weavile, F|282\/282
|switch|p1a: Aegislash|Aegislash, F, shiny|282\/323
|-ability|p2a: Weavile|Pressure
|turn|15
|
|move|p1a: Aegislash|King's Shield|p1a: Aegislash
|-singleturn|p1a: Aegislash|Protect
|move|p2a: Weavile|Swords Dance|p2a: Weavile
|-boost|p2a: Weavile|atk|2
|
|-heal|p1a: Aegislash|302\/323|[from] item: Leftovers
|turn|16
|
|move|p2a: Weavile|Night Slash|p1a: Aegislash
|-supereffective|p1a: Aegislash
|-damage|p1a: Aegislash|0 fnt
|-damage|p2a: Weavile|254\/282|[from] item: Life Orb
|faint|p1a: Aegislash
|
|
|switch|p1a: Conkeldurr|Conkeldurr, M|351\/401
|turn|17
|
|move|p2a: Weavile|Night Slash|p1a: Conkeldurr
|-resisted|p1a: Conkeldurr
|-damage|p1a: Conkeldurr|191\/401
|-damage|p2a: Weavile|226\/282|[from] item: Life Orb
|move|p1a: Conkeldurr|Drain Punch|p2a: Weavile
|-supereffective|p2a: Weavile
|-damage|p2a: Weavile|0 fnt
|-heal|p1a: Conkeldurr|304\/401|[from] drain|[of] p2a: Weavile
|faint|p2a: Weavile
|
|
|switch|p2a: Alakazam|Alakazam, M|252\/252
|turn|18
|
|move|p1a: Conkeldurr|Mach Punch|p2a: Alakazam
|-resisted|p2a: Alakazam
|-damage|p2a: Alakazam|172\/252
|move|p2a: Alakazam|Psyshock|p1a: Conkeldurr
|-supereffective|p1a: Conkeldurr
|-damage|p1a: Conkeldurr|0 fnt
|faint|p1a: Conkeldurr
|
|
|switch|p1a: Pinsir|Pinsir, F|271\/271
|turn|19
|
|-formechange|p1a: Pinsir|Pinsir-Mega
|message|Pinsir has Mega Evolved into Mega Pinsir!
|move|p2a: Alakazam|Psyshock|p1a: Pinsir
|-damage|p1a: Pinsir|142\/271
|move|p1a: Pinsir|Swords Dance|p1a: Pinsir
|-boost|p1a: Pinsir|atk|2
|
|turn|20
|
|move|p1a: Pinsir|Quick Attack|p2a: Alakazam
|-damage|p2a: Alakazam|0 fnt
|faint|p2a: Alakazam
|
|
|switch|p2a: Scizor|Scizor, M|344\/344
|turn|21
|
|-formechange|p2a: Scizor|Scizor-Mega
|message|Scizor has Mega Evolved into Mega Scizor!
|move|p2a: Scizor|Bullet Punch|p1a: Pinsir
|-damage|p1a: Pinsir|25\/271
|move|p1a: Pinsir|Return|p2a: Scizor
|-damage|p2a: Scizor|0 fnt
|faint|p2a: Scizor
|
|win|Jafalx
|raw|Ladder updating...
|raw|Jafalx's rating: 1712 &rarr; <strong>1738<\/strong><br \/>(+26 for winning)
|raw|yotk13's rating: 1807 &rarr; <strong>1782<\/strong><br \/>(-25 for losing)
|leave|yotk13
|player|p2