|join|yotk13
|join|GioDudee
|player|p1|yotk13|238
|player|p2|GioDudee|165
|gametype|singles
|gen|6
|tier|OU Monotype
|rated
|rule|Same Type Clause: PokÃ©mon in a team must share a type
|rule|Sleep Clause Mod: Limit one foe put to sleep
|rule|Species Clause: Limit one of each PokÃ©mon
|rule|OHKO Clause: OHKO moves are banned
|rule|Moody Clause: Moody is banned
|rule|Evasion Moves Clause: Evasion moves are banned
|rule|Endless Battle Clause: Forcing endless battles is banned
|rule|HP Percentage Mod: HP is reported as percentages
|clearpoke
|poke|p1|Weavile, M
|poke|p1|Zoroark, M
|poke|p1|Hydreigon, F
|poke|p1|Umbreon, M
|poke|p1|Sableye, M
|poke|p1|Bisharp, F
|poke|p2|Conkeldurr, F
|poke|p2|Breloom, F
|poke|p2|Terrakion, shiny
|poke|p2|Infernape, M
|poke|p2|Toxicroak, F, shiny
|poke|p2|Heracross, M
|rule|Swagger Clause: Swagger is banned
|rule|Baton Pass Clause: Limit one PokÃ©mon knowing Baton Pass
|teampreview
|
|start
|switch|p1a: Bisharp|Bisharp, F|262\/262
|switch|p2a: Heracross|Heracross, M|310\/310
|turn|1
|
|detailschange|p2a: Heracross|Heracross-Mega, M
|message|Heracross has Mega Evolved into Mega Heracross!
|move|p1a: Bisharp|Flamethrower|p2a: Heracross
|-supereffective|p2a: Heracross
|-damage|p2a: Heracross|20\/310
|move|p2a: Heracross|Arm Thrust|p1a: Bisharp
|-supereffective|p1a: Bisharp
|replace|p1a: Zoroark|Zoroark, M|262\/262
|-damage|p1a: Zoroark|146\/262
|-crit|p1a: Zoroark
|-supereffective|p1a: Zoroark
|-damage|p1a: Zoroark|0 fnt
|-hitcount|p1a: Zoroark|2
|faint|p1a: Zoroark
|
|
|switch|p1a: Weavile|Weavile, M|282\/282
|-ability|p1a: Weavile|Pressure
|turn|2
|chat|GioDudee|wut?
|
|switch|p2a: Conkelderp|Conkeldurr, F|414\/414
|move|p1a: Weavile|Knock Off|p2a: Conkelderp
|-resisted|p2a: Conkelderp
|-damage|p2a: Conkelderp|331\/414
|-enditem|p2a: Conkelderp|Focus Sash|[from] move: Knock Off|[of] p1a: Weavile
|
|turn|3
|
|switch|p1a: Sableye|Sableye, M|304\/304
|move|p2a: Conkelderp|Drain Punch|p1a: Sableye
|-immune|p1a: Sableye|[msg]
|
|turn|4
|
|move|p1a: Sableye|Will-O-Wisp|p2a: Conkelderp
|-status|p2a: Conkelderp|brn
|move|p2a: Conkelderp|Ice Punch|p1a: Sableye
|-damage|p1a: Sableye|155\/304
|-status|p1a: Sableye|frz
|
|-heal|p1a: Sableye|174\/304 frz|[from] item: Leftovers
|-damage|p2a: Conkelderp|280\/414 brn|[from] brn
|turn|5
|
|cant|p1a: Sableye|frz
|move|p2a: Conkelderp|Ice Punch|p1a: Sableye
|-damage|p1a: Sableye|18\/304 frz
|
|-heal|p1a: Sableye|37\/304 frz|[from] item: Leftovers
|-damage|p2a: Conkelderp|229\/414 brn|[from] brn
|turn|6
|
|cant|p1a: Sableye|frz
|move|p2a: Conkelderp|Ice Punch|p1a: Sableye
|-damage|p1a: Sableye|0 fnt
|faint|p1a: Sableye
|
|-damage|p2a: Conkelderp|178\/414 brn|[from] brn
|
|switch|p1a: Hydreigon|Hydreigon, F|326\/326
|turn|7
|
|move|p2a: Conkelderp|Mach Punch|p1a: Hydreigon
|-supereffective|p1a: Hydreigon
|-damage|p1a: Hydreigon|96\/326
|move|p1a: Hydreigon|Draco Meteor|p2a: Conkelderp
|-damage|p2a: Conkelderp|0 fnt
|-unboost|p1a: Hydreigon|spa|2
|faint|p2a: Conkelderp
|
|
|switch|p2a: Breloom|Breloom, F|261\/261
|turn|8
|
|switch|p1a: Umbreon|Umbreon, M|394\/394
|move|p2a: Breloom|Mach Punch|p1a: Umbreon
|-supereffective|p1a: Umbreon
|-damage|p1a: Umbreon|220\/394
|
|-heal|p1a: Umbreon|244\/394|[from] item: Leftovers
|turn|9
|
|move|p2a: Breloom|Spore|p1a: Umbreon
|-status|p1a: Umbreon|slp
|cant|p1a: Umbreon|slp
|
|-heal|p1a: Umbreon|268\/394 slp|[from] item: Leftovers
|turn|10
|
|switch|p1a: Hydreigon|Hydreigon, F|96\/326
|move|p2a: Breloom|Mach Punch|p1a: Hydreigon
|-supereffective|p1a: Hydreigon
|-damage|p1a: Hydreigon|0 fnt
|faint|p1a: Hydreigon
|
|
|switch|p1a: Weavile|Weavile, M|282\/282
|-ability|p1a: Weavile|Pressure
|turn|11
|
|move|p1a: Weavile|Ice Shard|p2a: Breloom
|-supereffective|p2a: Breloom
|-damage|p2a: Breloom|103\/261
|move|p2a: Breloom|Mach Punch|p1a: Weavile
|-supereffective|p1a: Weavile
|-enditem|p1a: Weavile|Focus Sash
|-damage|p1a: Weavile|1\/282
|
|-heal|p2a: Breloom|119\/261|[from] item: Leftovers
|turn|12
|
|move|p1a: Weavile|Ice Shard|p2a: Breloom
|-supereffective|p2a: Breloom
|-damage|p2a: Breloom|0 fnt
|faint|p2a: Breloom
|
|
|switch|p2a: The Cole Train|Infernape, M|293\/293
|turn|13
|
|move|p2a: The Cole Train|Mach Punch|p1a: Weavile
|-supereffective|p1a: Weavile
|-damage|p1a: Weavile|0 fnt
|-damage|p2a: The Cole Train|264\/293|[from] item: Life Orb
|faint|p1a: Weavile
|
|
|switch|p1a: Umbreon|Umbreon, M|268\/394 slp
|turn|14
|
|move|p2a: The Cole Train|Mach Punch|p1a: Umbreon
|-supereffective|p1a: Umbreon
|-damage|p1a: Umbreon|96\/394 slp
|-damage|p2a: The Cole Train|235\/293|[from] item: Life Orb
|-curestatus|p1a: Umbreon|slp
|move|p1a: Umbreon|Foul Play|p2a: The Cole Train
|-resisted|p2a: The Cole Train
|-damage|p2a: The Cole Train|135\/293
|
|-heal|p1a: Umbreon|120\/394|[from] item: Leftovers
|turn|15
|
|move|p2a: The Cole Train|Mach Punch|p1a: Umbreon
|-supereffective|p1a: Umbreon
|-damage|p1a: Umbreon|0 fnt
|-damage|p2a: The Cole Train|106\/293|[from] item: Life Orb
|faint|p1a: Umbreon
|
|
|switch|p1a: Bisharp|Bisharp, F|272\/272
|turn|16
|
|move|p1a: Bisharp|Sucker Punch|p2a: The Cole Train
|-resisted|p2a: The Cole Train
|-damage|p2a: The Cole Train|12\/293
|move|p2a: The Cole Train|Flare Blitz|p1a: Bisharp
|-supereffective|p1a: Bisharp
|-damage|p1a: Bisharp|0 fnt
|-damage|p2a: The Cole Train|0 fnt|[from] recoil|[of] p1a: Bisharp
|faint|p1a: Bisharp
|faint|p2a: The Cole Train
|
|win|GioDudee
|raw|Ladder updating...
|raw|yotk13's rating: 1261 &rarr; <strong>1233<\/strong><br \/>(-28 for losing)
|raw|GioDudee's rating: 1218 &rarr; <strong>1246<\/strong><br \/>(+28 for winning)
|chat|GioDudee|gg
|leave|yotk13
|player|p1