|join|BIG ARBOCK
|join|Shreksack
|player|p1|BIG ARBOCK|161
|player|p2|Shreksack|124
|gametype|singles
|gen|6
|tier|OU
|rated
|clearpoke
|poke|p1|Jirachi
|poke|p1|Latios, M
|poke|p1|Altaria, M
|poke|p1|Keldeo-Resolute
|poke|p1|Tyranitar, M
|poke|p1|Heatran, F
|poke|p2|Crawdaunt, M
|poke|p2|Heracross, M
|poke|p2|Chandelure, F
|poke|p2|Serperior, F
|poke|p2|Smeargle, M
|poke|p2|Skarmory, F
|rule|Swagger Clause: Swagger is banned
|rule|Baton Pass Clause: Limit one PokÃ©mon knowing Baton Pass
|rule|Sleep Clause Mod: Limit one foe put to sleep
|rule|Species Clause: Limit one of each PokÃ©mon
|rule|OHKO Clause: OHKO moves are banned
|rule|Moody Clause: Moody is banned
|rule|Evasion Moves Clause: Evasion moves are banned
|rule|Endless Battle Clause: Forcing endless battles is banned
|rule|HP Percentage Mod: HP is shown in percentages
|teampreview
|c|âShreksack|glhf
|join|Bob the Metapod
|c|âBIG ARBOCK|gl^^
|
|start
|switch|p1a: Jirachi|Jirachi|404\/404
|switch|p2a: Smeargle|Smeargle, M|313\/313
|turn|1
|leave|Bob the Metapod
|join|Bob the Metapod
|leave|Bob the Metapod
|join|Bob the Metapod
|leave|Bob the Metapod
|join|Bob the Metapod
|leave|Bob the Metapod
|
|switch|p2a: Chandelure|Chandelure, F|261\/261
|move|p1a: Jirachi|Iron Head|p2a: Chandelure
|-resisted|p2a: Chandelure
|-damage|p2a: Chandelure|202\/261
|
|turn|2
|c|âBIG ARBOCK|omg stop bob
|join|Bob the Metapod
|c|âShreksack|haha
|
|switch|p1a: Tyranitar|Tyranitar, M|341\/341
|-weather|Sandstorm
|move|p2a: Chandelure|Fire Blast|p1a: Tyranitar
|-resisted|p1a: Tyranitar
|-damage|p1a: Tyranitar|261\/341
|
|-weather|Sandstorm|[upkeep]
|-damage|p2a: Chandelure|186\/261|[from] sandstorm
|turn|3
|leave|Bob the Metapod
|join|Bob the Metapod
|leave|Bob the Metapod
|join|Bob the Metapod
|c| Bob the Metapod|wat
|
|move|p1a: Tyranitar|Pursuit|p2a: Chandelure|[from]Pursuit
|-supereffective|p2a: Chandelure
|-damage|p2a: Chandelure|0 fnt
|faint|p2a: Chandelure
|
|-weather|Sandstorm|[upkeep]
|c|âShreksack|FACK
|c|âBIG ARBOCK|^^
|c|âShreksack|:)
|c| Bob the Metapod|to be fair he shouldve seen that coming
|c| Bob the Metapod|lol
|c|âBIG ARBOCK|i always fear the wow
|c|âShreksack|whore team vs. this...
|
|switch|p2a: Crawdaunt|Crawdaunt, M|329\/329
|turn|4
|
|switch|p1a: Keldeo-Resolute|Keldeo-Resolute|322\/322
|move|p2a: Crawdaunt|Waterfall|p1a: Keldeo-Resolute
|-resisted|p1a: Keldeo-Resolute
|-damage|p1a: Keldeo-Resolute|215\/322
|
|-weather|Sandstorm|[upkeep]
|-damage|p1a: Keldeo-Resolute|195\/322|[from] sandstorm
|-damage|p2a: Crawdaunt|309\/329|[from] sandstorm
|-heal|p1a: Keldeo-Resolute|215\/322|[from] item: Leftovers
|turn|5
|
|switch|p2a: Skarmory|Skarmory, F|333\/333
|move|p1a: Keldeo-Resolute|Secret Sword|p2a: Skarmory
|-damage|p2a: Skarmory|251\/333
|
|-weather|Sandstorm|[upkeep]
|-damage|p1a: Keldeo-Resolute|195\/322|[from] sandstorm
|-heal|p1a: Keldeo-Resolute|215\/322|[from] item: Leftovers
|turn|6
|
|move|p1a: Keldeo-Resolute|Scald|p2a: Skarmory
|-damage|p2a: Skarmory|73\/333
|move|p2a: Skarmory|Brave Bird|p1a: Keldeo-Resolute
|-supereffective|p1a: Keldeo-Resolute
|-damage|p1a: Keldeo-Resolute|0 fnt
|-damage|p2a: Skarmory|2\/333|[from] recoil|[of] p1a: Keldeo-Resolute
|faint|p1a: Keldeo-Resolute
|
|-weather|none
|
|switch|p1a: Altaria|Altaria, M|300\/300
|turn|7
|c|âShreksack|no sweep 4u :)
|c|âShreksack|6-0*
|c|âBIG ARBOCK|this wasnt my sweeper
|c|âBIG ARBOCK|hehe
|
|detailschange|p1a: Altaria|Altaria-Mega, M
|-mega|p1a: Altaria|Altaria|Altarianite
|move|p1a: Altaria|Hyper Voice|p2a: Skarmory
|-resisted|p2a: Skarmory
|-damage|p2a: Skarmory|0 fnt
|faint|p2a: Skarmory
|
|
|switch|p2a: Serperior|Serperior, F|291\/291
|turn|8
|
|move|p2a: Serperior|Gastro Acid|p1a: Altaria
|-endability|p1a: Altaria
|move|p1a: Altaria|Fire Blast|p2a: Serperior
|-supereffective|p2a: Serperior
|-damage|p2a: Serperior|35\/291
|
|turn|9
|
|switch|p2a: Crawdaunt|Crawdaunt, M|309\/329
|move|p1a: Altaria|Hyper Voice|p2a: Crawdaunt
|-damage|p2a: Crawdaunt|154\/329
|
|turn|10
|
|move|p2a: Crawdaunt|Aqua Jet|p1a: Altaria
|-resisted|p1a: Altaria
|-damage|p1a: Altaria|255\/300
|move|p1a: Altaria|Hyper Voice|p2a: Crawdaunt
|-damage|p2a: Crawdaunt|9\/329
|
|turn|11
|
|move|p2a: Crawdaunt|Aqua Jet|p1a: Altaria
|-resisted|p1a: Altaria
|-damage|p1a: Altaria|211\/300
|move|p1a: Altaria|Hyper Voice|p2a: Crawdaunt
|-damage|p2a: Crawdaunt|0 fnt
|faint|p2a: Crawdaunt
|
|
|switch|p2a: Smeargle|Smeargle, M|313\/313
|turn|12
|
|switch|p1a: Tyranitar|Tyranitar, M|261\/341
|-weather|Sandstorm
|move|p2a: Smeargle|Shift Gear|p2a: Smeargle
|-boost|p2a: Smeargle|atk|1
|-boost|p2a: Smeargle|spe|2
|
|-weather|Sandstorm|[upkeep]
|-damage|p2a: Smeargle|294\/313|[from] sandstorm
|turn|13
|c|âBIG ARBOCK|o
|
|move|p2a: Smeargle|Baton Pass|p2a: Smeargle
|
|switch|p2a: Heracross|Heracross, M|302\/302
|move|p1a: Tyranitar|Stone Edge|p2a: Heracross
|-damage|p2a: Heracross|76\/302
|
|-weather|Sandstorm|[upkeep]
|-damage|p2a: Heracross|58\/302|[from] sandstorm
|turn|14
|
|detailschange|p2a: Heracross|Heracross-Mega, M
|-mega|p2a: Heracross|Heracross|Heracronite
|move|p2a: Heracross|Close Combat|p1a: Tyranitar
|-supereffective|p1a: Tyranitar
|-damage|p1a: Tyranitar|0 fnt
|-unboost|p2a: Heracross|def|1
|-unboost|p2a: Heracross|spd|1
|faint|p1a: Tyranitar
|
|-weather|Sandstorm|[upkeep]
|-damage|p2a: Heracross|40\/302|[from] sandstorm
|c|âShreksack|heracunt :)
|c|âBIG ARBOCK|now
|c|âBIG ARBOCK|i'm in trouble
|c|âBIG ARBOCK|o_O
|
|switch|p1a: Altaria|Altaria-Mega, M|211\/300
|turn|15
|c|âShreksack|sand should drop me
|
|move|p2a: Heracross|Rock Blast|p1a: Altaria
|-damage|p1a: Altaria|152\/300
|-damage|p1a: Altaria|91\/300
|-damage|p1a: Altaria|26\/300
|-damage|p1a: Altaria|0 fnt
|-hitcount|p1a: Altaria|4
|faint|p1a: Altaria
|
|-weather|Sandstorm|[upkeep]
|-damage|p2a: Heracross|22\/302|[from] sandstorm
|
|switch|p1a: Heatran|Heatran, F|323\/323
|-item|p1a: Heatran|Air Balloon
|turn|16
|c| Bob the Metapod|lol man
|
|switch|p1a: Latios|Latios, M|301\/301
|move|p2a: Heracross|Close Combat|p1a: Latios
|-resisted|p1a: Latios
|-damage|p1a: Latios|0 fnt
|-unboost|p2a: Heracross|def|1
|-unboost|p2a: Heracross|spd|1
|faint|p1a: Latios
|
|-weather|none
|c|âBIG ARBOCK|k
|c|âBIG ARBOCK|i lost
|c| Bob the Metapod|lol
|
|switch|p1a: Jirachi|Jirachi|404\/404
|turn|17
|c|âShreksack|damn son where'd you find this?
|
|move|p2a: Heracross|Close Combat|p1a: Jirachi
|-damage|p1a: Jirachi|0 fnt
|-unboost|p2a: Heracross|def|1
|-unboost|p2a: Heracross|spd|1
|faint|p1a: Jirachi
|
|c|âBIG ARBOCK|no priority also
|c|âBIG ARBOCK|lol
|
|switch|p1a: Heatran|Heatran, F|323\/323
|-item|p1a: Heatran|Air Balloon
|turn|18
|
|move|p2a: Heracross|Close Combat|p1a: Heatran
|-supereffective|p1a: Heatran
|-damage|p1a: Heatran|0 fnt
|-enditem|p1a: Heatran|Air Balloon
|-unboost|p2a: Heracross|def|1
|-unboost|p2a: Heracross|spd|1
|faint|p1a: Heatran
|
|win|Shreksack
|raw|Ladder updating...
|raw|BIG ARBOCK's rating: 1103 &rarr; <strong>1077<\/strong><br \/>(-26 for losing)
|raw|Shreksack's rating: 1097 &rarr; <strong>1123<\/strong><br \/>(+26 for winning)
|c|âShreksack|gg
|c|âBIG ARBOCK|gg
|c| Bob the Metapod|lol
|leave|BIG ARBOCK
|player|p1
|leave|Bob the Metapod
|join|Bob the Metapod
|leave|Bob the Metapod