|join|Reverb
|join|BIG ARBOCK
|player|p1|Reverb|#reverb
|player|p2|BIG ARBOCK|161
|gametype|singles
|gen|6
|tier|OU
|rated
|clearpoke
|poke|p1|Tornadus-Therian, M
|poke|p1|Metagross
|poke|p1|Keldeo
|poke|p1|Landorus-Therian, M
|poke|p1|Rotom-Wash
|poke|p1|Clefable, M
|poke|p2|Latias, F
|poke|p2|Politoed, M
|poke|p2|Kingdra, F
|poke|p2|Tornadus-Therian, M
|poke|p2|Ferrothorn, F
|poke|p2|Bisharp, F
|rule|Swagger Clause: Swagger is banned
|rule|Baton Pass Clause: Limit one PokÃ©mon knowing Baton Pass
|rule|Sleep Clause Mod: Limit one foe put to sleep
|rule|Species Clause: Limit one of each PokÃ©mon
|rule|OHKO Clause: OHKO moves are banned
|rule|Moody Clause: Moody is banned
|rule|Evasion Moves Clause: Evasion moves are banned
|rule|Endless Battle Clause: Forcing endless battles is banned
|rule|HP Percentage Mod: HP is shown in percentages
|teampreview
|c|âBIG ARBOCK|hello^^
|c|âReverb|hf
|c|âBIG ARBOCK|gl
|join|napty
|join|Dark380
|join|Cienight
|c| Cienight|^_^
|
|start
|switch|p1a: Big Bird|Tornadus-Therian, M|299\/299
|switch|p2a: Politoed|Politoed, M|383\/383
|-weather|RainDance
|turn|1
|c|âReverb|thanks for the rain lol
|c|âBIG ARBOCK|:X
|join|Numera
|
|move|p1a: Big Bird|Hurricane|p2a: Politoed
|-damage|p2a: Politoed|214\/383
|-start|p2a: Politoed|confusion
|-damage|p1a: Big Bird|270\/299|[from] item: Life Orb
|-activate|p2a: Politoed|confusion
|-damage|p2a: Politoed|189\/383|[from] confusion
|
|-weather|RainDance|[upkeep]
|turn|2
|join|watch this battle
|
|switch|p2a: Bisharp|Bisharp, F|272\/272
|move|p1a: Big Bird|Hurricane|p2a: Bisharp
|-resisted|p2a: Bisharp
|-damage|p2a: Bisharp|175\/272
|-damage|p1a: Big Bird|241\/299|[from] item: Life Orb
|
|-weather|RainDance|[upkeep]
|turn|3
|join|C1one
|join|PoweredByRevenge
|join|JeffWingr
|join|Ox the Box
|
|switch|p1a: Paavo|Keldeo|323\/323
|switch|p2a: Tornadus-Therian|Tornadus-Therian, M|299\/299
|
|-weather|RainDance|[upkeep]
|turn|4
|c| Ox the Box|megatiar
|
|switch|p1a: Kyau|Rotom-Wash|303\/303
|move|p2a: Tornadus-Therian|Hurricane|p1a: Kyau
|-resisted|p1a: Kyau
|-damage|p1a: Kyau|202\/303
|-damage|p2a: Tornadus-Therian|270\/299|[from] item: Life Orb
|
|-weather|RainDance|[upkeep]
|-heal|p1a: Kyau|220\/303|[from] item: Leftovers
|turn|5
|join|AlmightyJeffwinger
|join|bloons4dayz
|join|CleanerThanRotom-W
|
|move|p2a: Tornadus-Therian|U-turn|p1a: Kyau
|-damage|p1a: Kyau|160\/303
|-damage|p2a: Tornadus-Therian|241\/299|[from] item: Life Orb
|leave|PoweredByRevenge
|join|yuy
|join|haunter
|
|switch|p2a: Ferrothorn|Ferrothorn, F|352\/352
|move|p1a: Kyau|Volt Switch|p2a: Ferrothorn
|-resisted|p2a: Ferrothorn
|-damage|p2a: Ferrothorn|321\/352
|
|switch|p1a: Tony|Landorus-Therian, M|367\/367
|-ability|p1a: Tony|Intimidate|[of] p2a: Ferrothorn
|-unboost|p2a: Ferrothorn|atk|1
|
|-weather|RainDance|[upkeep]
|-heal|p2a: Ferrothorn|343\/352|[from] item: Leftovers
|turn|6
|c| napty|his metagross has hammer arm
|join|IAmGingy
|join|uhhh o-ok
|leave|Numera
|join|Jefo
|join|Jukain
napty was locked from talking by Reverb. (quiet)
|unlink|hide|napty
|
|move|p1a: Tony|Stealth Rock|p2a: Ferrothorn
|-sidestart|p2: BIG ARBOCK|move: Stealth Rock
|move|p2a: Ferrothorn|Stealth Rock|p1a: Tony
|-sidestart|p1: Reverb|move: Stealth Rock
|
|-weather|RainDance|[upkeep]
|-heal|p2a: Ferrothorn|352\/352|[from] item: Leftovers
|turn|7
|c|âBIG ARBOCK|haha
napty was unlocked by Reverb.
|join|heartfield
|join|cosine180
|join|Cashier
|
|move|p1a: Tony|Earthquake|p2a: Ferrothorn
|-damage|p2a: Ferrothorn|243\/352
|move|p2a: Ferrothorn|Leech Seed|p1a: Tony
|-start|p1a: Tony|move: Leech Seed
|
|-weather|RainDance|[upkeep]
|-heal|p2a: Ferrothorn|265\/352|[from] item: Leftovers
|-damage|p1a: Tony|322\/367|[from] Leech Seed|[of] p2a: Ferrothorn
|-heal|p2a: Ferrothorn|310\/352|[silent]
|turn|8
|
|switch|p1a: Albert|Clefable, M|394\/394
|move|p2a: Ferrothorn|Leech Seed|p1a: Albert
|-start|p1a: Albert|move: Leech Seed
|
|-weather|none
|-heal|p2a: Ferrothorn|332\/352|[from] item: Leftovers
|turn|9
|
|switch|p2a: Politoed|Politoed, M|189\/383
|-damage|p2a: Politoed|142\/383|[from] Stealth Rock
|-weather|RainDance
|move|p1a: Albert|Moonblast|p2a: Politoed
|-damage|p2a: Politoed|55\/383
|
|-weather|RainDance|[upkeep]
|turn|10
|c| napty|reverb
|c|âReverb|what
|c| napty|slowbro mega counters your whole team
|c|âReverb|no
|join|helpfulcacnea
|c| napty|you can only hope to get a burn
|c| napty|and spam volt switch
|c| napty|or get a confusion
|c| napty|that's it
|join|subzeromkx
|c| napty|it thought your clef was unaware
|join|fischfreunde
|
|move|p2a: Politoed|Rest|p2a: Politoed
|-status|p2a: Politoed|slp
|-heal|p2a: Politoed|383\/383 slp|[silent]
|-status|p2a: Politoed|slp|[from] move: Rest
|move|p1a: Albert|Moonblast|p2a: Politoed
|-damage|p2a: Politoed|293\/383 slp
|
|-weather|RainDance|[upkeep]
|turn|11
|raw|<div class="broadcast-blue"><b>The VGC 2015 format has been removed because it is exactly the same as Battle Spot Doubles. You can continue playing with VGC 2015 rules by playing on the Battle Spot Doubles format.<\/b><\/div>
|c| fischfreunde|>tfw
|
|switch|p2a: Ferrothorn|Ferrothorn, F|332\/352
|-damage|p2a: Ferrothorn|310\/352|[from] Stealth Rock
|move|p1a: Albert|Calm Mind|p1a: Albert
|-boost|p1a: Albert|spa|1
|-boost|p1a: Albert|spd|1
|
|-weather|RainDance|[upkeep]
|-heal|p2a: Ferrothorn|332\/352|[from] item: Leftovers
|turn|12
|leave|helpfulcacnea
|
|switch|p2a: Bisharp|Bisharp, F|175\/272
|-damage|p2a: Bisharp|158\/272|[from] Stealth Rock
|move|p1a: Albert|Calm Mind|p1a: Albert
|-boost|p1a: Albert|spa|1
|-boost|p1a: Albert|spd|1
|
|-weather|RainDance|[upkeep]
|turn|13
|c|âReverb|fk cancel button lol
|
|switch|p1a: Paavo|Keldeo|323\/323
|-damage|p1a: Paavo|303\/323|[from] Stealth Rock
|move|p2a: Bisharp|Iron Head|p1a: Paavo
|-resisted|p1a: Paavo
|-damage|p1a: Paavo|231\/323
|
|-weather|RainDance|[upkeep]
|-heal|p1a: Paavo|251\/323|[from] item: Leftovers
|turn|14
|
|switch|p2a: Latias|Latias, F|304\/304
|-damage|p2a: Latias|266\/304|[from] Stealth Rock
|move|p1a: Paavo|Scald|p2a: Latias
|-resisted|p2a: Latias
|-damage|p2a: Latias|185\/304
|
|-weather|RainDance|[upkeep]
|-heal|p1a: Paavo|271\/323|[from] item: Leftovers
|turn|15
|join|I ABR I
|
|switch|p2a: Kingdra|Kingdra, F|291\/291
|-damage|p2a: Kingdra|255\/291|[from] Stealth Rock
|switch|p1a: Jono|Metagross|301\/301
|-damage|p1a: Jono|283\/301|[from] Stealth Rock
|
|-weather|RainDance|[upkeep]
|turn|16
|
|switch|p1a: Kyau|Rotom-Wash|160\/303
|-damage|p1a: Kyau|123\/303|[from] Stealth Rock
|move|p2a: Kingdra|Hydro Pump|p1a: Kyau
|-resisted|p1a: Kyau
|-damage|p1a: Kyau|0 fnt
|faint|p1a: Kyau
|
|-weather|none
|
|switch|p1a: Paavo|Keldeo|271\/323
|-damage|p1a: Paavo|251\/323|[from] Stealth Rock
|turn|17
|join|Floush
|leave|heartfield
|
|switch|p2a: Latias|Latias, F|185\/304
|-damage|p2a: Latias|147\/304|[from] Stealth Rock
|move|p1a: Paavo|Substitute|p1a: Paavo
|-start|p1a: Paavo|Substitute
|-damage|p1a: Paavo|171\/323
|
|-heal|p1a: Paavo|191\/323|[from] item: Leftovers
|turn|18
|leave|Jefo
|
|detailschange|p2a: Latias|Latias-Mega, F
|-mega|p2a: Latias|Latias|Latiasite
|move|p2a: Latias|Dragon Pulse|p1a: Paavo
|-end|p1a: Paavo|Substitute
|move|p1a: Paavo|Secret Sword|p2a: Latias
|-resisted|p2a: Latias
|-damage|p2a: Latias|81\/304
|
|-heal|p1a: Paavo|211\/323|[from] item: Leftovers
|turn|19
|c| napty|that moment before using hydro pump
|join|heartfield
|c| napty|being stressed out
|
|switch|p1a: Jono|Metagross|283\/301
|-damage|p1a: Jono|265\/301|[from] Stealth Rock
|move|p2a: Latias|Defog|p1a: Jono
|-fail|p1a: Jono|unboost|[from] ability: Clear Body|[of] p1a: Jono
|-sideend|p1: Reverb|Stealth Rock|[from] move: Defog|[of] p1a: Jono
|-sideend|p2: BIG ARBOCK|Stealth Rock|[from] move: Defog|[of] p2a: Latias
|
|turn|20
|c| napty|crying like a girl when it misses
|c| napty|thanking god when it doesn't
|
|switch|p2a: Ferrothorn|Ferrothorn, F|332\/352
|detailschange|p1a: Jono|Metagross-Mega
|-mega|p1a: Jono|Metagross|Metagrossite
|move|p1a: Jono|Meteor Mash|p2a: Ferrothorn
|-resisted|p2a: Ferrothorn
|-damage|p2a: Ferrothorn|254\/352
|-damage|p1a: Jono|228\/301|[from] ability: Iron Barbs|[of] p2a: Ferrothorn
|
|-heal|p2a: Ferrothorn|276\/352|[from] item: Leftovers
|turn|21
|c|âReverb|stop talking
|c| napty|y
|join|FUQ GLISCORE
|leave|I ABR I
|c| napty|this is a chat
|c| uhhh o-ok|Shutup napty you stupid kid
napty was locked from talking by Reverb.
|unlink|hide|napty
|
|switch|p1a: Tony|Landorus-Therian, M|322\/367
|-ability|p1a: Tony|Intimidate|[of] p2a: Ferrothorn
|-unboost|p2a: Ferrothorn|atk|1
|move|p2a: Ferrothorn|Leech Seed|p1a: Tony
|-start|p1a: Tony|move: Leech Seed
|
|-heal|p1a: Tony|344\/367|[from] item: Leftovers
|-heal|p2a: Ferrothorn|298\/352|[from] item: Leftovers
|-damage|p1a: Tony|299\/367|[from] Leech Seed|[of] p2a: Ferrothorn
|-heal|p2a: Ferrothorn|343\/352|[silent]
|turn|22
|join|gyarad0site afk
|
|move|p1a: Tony|Stealth Rock|p2a: Ferrothorn
|-sidestart|p2: BIG ARBOCK|move: Stealth Rock
|move|p2a: Ferrothorn|Spikes|p1a: Tony
|-sidestart|p1: Reverb|Spikes
|
|-heal|p1a: Tony|321\/367|[from] item: Leftovers
|-heal|p2a: Ferrothorn|352\/352|[from] item: Leftovers
|-damage|p1a: Tony|276\/367|[from] Leech Seed|[of] p2a: Ferrothorn
|turn|23
|leave|heartfield
|join|Incognitus
|
|switch|p1a: Albert|Clefable, M|394\/394
|switch|p2a: Politoed|Politoed, M|293\/383 slp
|-damage|p2a: Politoed|246\/383 slp|[from] Stealth Rock
|-weather|RainDance
|
|-weather|RainDance|[upkeep]
|turn|24
|leave|FUQ GLISCORE
|join|heartfield
|join|Omegasization
|join|TryHorN
|
|switch|p2a: Bisharp|Bisharp, F|158\/272
|-damage|p2a: Bisharp|141\/272|[from] Stealth Rock
|move|p1a: Albert|Calm Mind|p1a: Albert
|-boost|p1a: Albert|spa|1
|-boost|p1a: Albert|spd|1
|
|-weather|RainDance|[upkeep]
|turn|25
|
|switch|p1a: Paavo|Keldeo|211\/323
|-damage|p1a: Paavo|171\/323|[from] Spikes
|move|p2a: Bisharp|Iron Head|p1a: Paavo
|-resisted|p1a: Paavo
|-damage|p1a: Paavo|92\/323
|
|-weather|RainDance|[upkeep]
|-heal|p1a: Paavo|112\/323|[from] item: Leftovers
|turn|26
|join|Mistaken
|c| uhhh o-ok|Nice lorb
|
|switch|p2a: Latias|Latias-Mega, F|81\/304
|-damage|p2a: Latias|43\/304|[from] Stealth Rock
|move|p1a: Paavo|Secret Sword|p2a: Latias
|-resisted|p2a: Latias
|-damage|p2a: Latias|0 fnt
|faint|p2a: Latias
|
|-weather|RainDance|[upkeep]
|-heal|p1a: Paavo|132\/323|[from] item: Leftovers
|c| uhhh o-ok|ayy lmao
|
|switch|p2a: Kingdra|Kingdra, F|255\/291
|-damage|p2a: Kingdra|219\/291|[from] Stealth Rock
|turn|27
|leave|subzeromkx
|join|SuperSmoke
|
|switch|p1a: Tony|Landorus-Therian, M|276\/367
|-ability|p1a: Tony|Intimidate|[of] p2a: Kingdra
|-unboost|p2a: Kingdra|atk|1
|move|p2a: Kingdra|Hydro Pump|p1a: Tony|[miss]
|-miss|p2a: Kingdra|p1a: Tony
|
|-weather|RainDance|[upkeep]
|-heal|p1a: Tony|298\/367|[from] item: Leftovers
|turn|28
|join|Sunseting
|leave|bloons4dayz
|leave|Sunseting
|
|move|p2a: Kingdra|Hydro Pump|p1a: Tony
|-supereffective|p1a: Tony
|-damage|p1a: Tony|0 fnt
|faint|p1a: Tony
|
|-weather|RainDance|[upkeep]
|
|switch|p1a: Albert|Clefable, M|394\/394
|turn|29
|
|switch|p2a: Bisharp|Bisharp, F|141\/272
|-damage|p2a: Bisharp|124\/272|[from] Stealth Rock
|move|p1a: Albert|Moonblast|p2a: Bisharp
|-damage|p2a: Bisharp|36\/272
|
|-weather|RainDance|[upkeep]
|turn|30
|join|lil manaphy
|
|switch|p1a: Paavo|Keldeo|132\/323
|-damage|p1a: Paavo|92\/323|[from] Spikes
|move|p2a: Bisharp|Iron Head|p1a: Paavo
|-resisted|p1a: Paavo
|-damage|p1a: Paavo|14\/323
|
|-weather|none
|-heal|p1a: Paavo|34\/323|[from] item: Leftovers
|turn|31
|
|move|p2a: Bisharp|Sucker Punch|p1a: Paavo
|-fail|p1a: Paavo
|move|p1a: Paavo|Calm Mind|p1a: Paavo
|-boost|p1a: Paavo|spa|1
|-boost|p1a: Paavo|spd|1
|
|-heal|p1a: Paavo|54\/323|[from] item: Leftovers
|turn|32
|join|Delta Articuno
|
|switch|p2a: Tornadus-Therian|Tornadus-Therian, M|299\/299
|-damage|p2a: Tornadus-Therian|225\/299|[from] Stealth Rock
|move|p1a: Paavo|Calm Mind|p1a: Paavo
|-boost|p1a: Paavo|spa|1
|-boost|p1a: Paavo|spd|1
|
|-heal|p1a: Paavo|74\/323|[from] item: Leftovers
|turn|33
|leave|Delta Articuno
|
|move|p2a: Tornadus-Therian|Superpower|p1a: Paavo
|-damage|p1a: Paavo|0 fnt
|-unboost|p2a: Tornadus-Therian|atk|1
|-unboost|p2a: Tornadus-Therian|def|1
|-damage|p2a: Tornadus-Therian|196\/299|[from] item: Life Orb
|faint|p1a: Paavo
|
|
|switch|p1a: Albert|Clefable, M|394\/394
|turn|34
|leave|napty
|join|A2tehBR
|join|WECAMEASROMANS
|join|PoweredByRevenge
|leave|A2tehBR
|
|move|p2a: Tornadus-Therian|Hurricane|p1a: Albert|[miss]
|-miss|p2a: Tornadus-Therian|p1a: Albert
|move|p1a: Albert|Moonblast|p2a: Tornadus-Therian
|-damage|p2a: Tornadus-Therian|57\/299
|-unboost|p2a: Tornadus-Therian|spa|1
|
|turn|35
|join|subzeromkx
|
|move|p2a: Tornadus-Therian|Taunt|p1a: Albert
|-start|p1a: Albert|move: Taunt
|move|p1a: Albert|Flamethrower|p2a: Tornadus-Therian
|-damage|p2a: Tornadus-Therian|0 fnt
|faint|p2a: Tornadus-Therian
|
|join|Jamel
|
|switch|p2a: Bisharp|Bisharp, F|36\/272
|-damage|p2a: Bisharp|19\/272|[from] Stealth Rock
|turn|36
|leave|heartfield
|
|switch|p1a: Jono|Metagross-Mega|228\/301
|-damage|p1a: Jono|191\/301|[from] Spikes
|move|p2a: Bisharp|Iron Head|p1a: Jono
|-resisted|p1a: Jono
|-damage|p1a: Jono|146\/301
|
|turn|37
|
|switch|p1a: Big Bird|Tornadus-Therian, M|299\/299
|switch|p2a: Ferrothorn|Ferrothorn, F|352\/352
|-damage|p2a: Ferrothorn|330\/352|[from] Stealth Rock
|
|-heal|p2a: Ferrothorn|352\/352|[from] item: Leftovers
|turn|38
|join|Barge7799
|join|Gremarill
|
|move|p1a: Big Bird|Heat Wave|p2a: Ferrothorn
|-supereffective|p2a: Ferrothorn
|-damage|p2a: Ferrothorn|0 fnt
|-damage|p1a: Big Bird|270\/299|[from] item: Life Orb
|faint|p2a: Ferrothorn
|
|
|switch|p2a: Politoed|Politoed, M|246\/383 slp
|-damage|p2a: Politoed|199\/383 slp|[from] Stealth Rock
|-weather|RainDance
|turn|39
|join|fingerscrossed
|join|The Mimic
|
|move|p1a: Big Bird|Hurricane|p2a: Politoed
|-damage|p2a: Politoed|35\/383 slp
|-start|p2a: Politoed|confusion
|-damage|p1a: Big Bird|241\/299|[from] item: Life Orb
|cant|p2a: Politoed|slp
|
|-weather|RainDance|[upkeep]
|turn|40
|c|+fingerscrossed|0
|join|Khaliem
|c|âBIG ARBOCK|crit hydro pump on clef can still save me
|
|move|p1a: Big Bird|Hurricane|p2a: Politoed
|-damage|p2a: Politoed|0 fnt
|-damage|p1a: Big Bird|212\/299|[from] item: Life Orb
|faint|p2a: Politoed
|
|-weather|RainDance|[upkeep]
|join|Jefo
|join|HAK ATL
|join|blankaking
|c| uhhh o-ok|You dont need crit
|c| uhhh o-ok|do you?
|leave|blankaking
|
|switch|p2a: Kingdra|Kingdra, F|219\/291
|-damage|p2a: Kingdra|183\/291|[from] Stealth Rock
|turn|41
|c|âBIG ARBOCK|i do
|c|âReverb|he does
|c| uhhh o-ok|whats bish at
|
|switch|p1a: Jono|Metagross-Mega|146\/301
|-damage|p1a: Jono|109\/301|[from] Spikes
|move|p2a: Kingdra|Hydro Pump|p1a: Jono
|-damage|p1a: Jono|0 fnt
|faint|p1a: Jono
|
|-weather|RainDance|[upkeep]
|join|CatchThisDead
|c|âReverb|v low
|
|switch|p1a: Albert|Clefable, M|394\/394
|turn|42
|
|move|p2a: Kingdra|Hydro Pump|p1a: Albert
|-damage|p1a: Albert|37\/394
|move|p1a: Albert|Moonblast|p2a: Kingdra
|-supereffective|p2a: Kingdra
|-damage|p2a: Kingdra|0 fnt
|faint|p2a: Kingdra
|
|-weather|RainDance|[upkeep]
|-heal|p1a: Albert|61\/394|[from] item: Leftovers
|c| uhhh o-ok|top gg
|
|switch|p2a: Bisharp|Bisharp, F|19\/272
|-damage|p2a: Bisharp|2\/272|[from] Stealth Rock
|turn|43
|leave|CleanerThanRotom-W
|c| uhhh o-ok|tfw this kid threw
|join|gizmo
|c| uhhh o-ok|yeah kingdra doesnt beat your whole team reverb
|
|move|p2a: Bisharp|Iron Head|p1a: Albert
|-supereffective|p1a: Albert
|-damage|p1a: Albert|0 fnt
|faint|p1a: Albert
|
|-weather|RainDance|[upkeep]
|c| uhhh o-ok|rly no rly!
|join|A2tehBR
|
|switch|p1a: Big Bird|Tornadus-Therian, M|299\/299
|turn|44
|c|âReverb|did you ever consider
|leave|A2tehBR
|c|âReverb|i just played well
|c| uhhh o-ok|Scarf iron head
|c|âBIG ARBOCK|:X
|c| uhhh o-ok|linch
|join|Was Mah Name
|c|âReverb|gg
|raw|<div class="broadcast-blue"><b>I've updated Battle Spot Doubles name to Battle Spot Doubles (VGC 2015). This ensures a fair total ladder reset for all BS Dubs \/ VGC players. These two formats are equal as of ORAS, bar unimplemented timer rules (on the pipeline). Enjoy!<\/b><\/div>
|c| uhhh o-ok|flinch*
|c|âBIG ARBOCK|gg
|
|move|p2a: Bisharp|Sucker Punch|p1a: Big Bird
|-damage|p1a: Big Bird|142\/299
|move|p1a: Big Bird|Knock Off|p2a: Bisharp
|-resisted|p2a: Bisharp
|-damage|p2a: Bisharp|0 fnt
|-enditem|p2a: Bisharp|Assault Vest|[from] move: Knock Off|[of] p1a: Big Bird
|-damage|p1a: Big Bird|113\/299|[from] item: Life Orb
|faint|p2a: Bisharp
|
|win|Reverb
|raw|Ladder updating...
|raw|Reverb's rating: 1739 &rarr; <strong>1756<\/strong><br \/>(+17 for winning)
|raw|BIG ARBOCK's rating: 1689 &rarr; <strong>1672<\/strong><br \/>(-17 for losing)
|leave|WECAMEASROMANS
|leave|BIG ARBOCK
|player|p2
|c| The Mimic|gg
|leave|fingerscrossed
|leave|Floush
|leave|cosine180
|leave|Khaliem
|leave|Cashier
|leave|Omegasization
|leave|Gremarill
|leave|Reverb
|leave|Ox the Box
|leave|Mistaken
|join|Panda Problems
|leave|Cienight
|player|p1
|join|fingerscrossed
|leave|fischfreunde
|leave|AlmightyJeffwinger
|leave|haunter
|leave|Panda Problems
|leave|TryHorN
|leave|gizmo
|leave|The Mimic
|join|The DragonKnight
|leave|The DragonKnight
|leave|Jefo
|join|Scizor Specs Best
|leave|Was Mah Name
|join|AtrueGenius
|leave|CatchThisDead
|leave|Scizor Specs Best
|leave|AtrueGenius
|leave|JeffWingr
|join|Mistaken
|leave|Incognitus
|join|BIG ARBOCK
|leave|Mistaken