|join|BIG ARBOCK
|join|Superpanda91
|player|p1|BIG ARBOCK|161
|player|p2|Superpanda91|164
|gametype|singles
|gen|6
|tier|OU
|rated
|clearpoke
|poke|p1|Tornadus-Therian, M
|poke|p1|Politoed, F
|poke|p1|Seismitoad, F
|poke|p1|Scizor, F
|poke|p1|Celebi
|poke|p1|Raikou
|poke|p2|Slowbro, M
|poke|p2|Breloom, F
|poke|p2|Heatran, F
|poke|p2|Bisharp, F
|poke|p2|Latios, M
|poke|p2|Magnezone
|rule|Swagger Clause: Swagger is banned
|rule|Baton Pass Clause: Limit one PokÃ©mon knowing Baton Pass
|rule|Sleep Clause Mod: Limit one foe put to sleep
|rule|Species Clause: Limit one of each PokÃ©mon
|rule|OHKO Clause: OHKO moves are banned
|rule|Moody Clause: Moody is banned
|rule|Evasion Moves Clause: Evasion moves are banned
|rule|Endless Battle Clause: Forcing endless battles is banned
|rule|HP Percentage Mod: HP is shown in percentages
|teampreview
|
|start
|switch|p1a: Politoed|Politoed, F|383\/383
|switch|p2a: Heatran|Heatran, F|385\/385
|-weather|RainDance
|turn|1
|
|switch|p2a: Slowbro|Slowbro, M|393\/393
|move|p1a: Politoed|Scald|p2a: Slowbro
|-resisted|p2a: Slowbro
|-damage|p2a: Slowbro|312\/393
|
|-weather|RainDance|[upkeep]
|turn|2
|
|switch|p2a: Magnezone|Magnezone|281\/281
|move|p1a: Politoed|Toxic|p2a: Magnezone
|-fail|p2a: Magnezone
|
|-weather|RainDance|[upkeep]
|turn|3
|
|switch|p1a: Seismitoad|Seismitoad, F|351\/351
|move|p2a: Magnezone|Volt Switch|p1a: Seismitoad
|-immune|p1a: Seismitoad|[msg]
|
|-weather|RainDance|[upkeep]
|turn|4
|
|switch|p2a: Slowbro|Slowbro, M|393\/393
|move|p1a: Seismitoad|Stealth Rock|p2a: Slowbro
|-sidestart|p2: Superpanda91|move: Stealth Rock
|
|-weather|RainDance|[upkeep]
|turn|5
|
|switch|p1a: Celebi|Celebi|403\/403
|move|p2a: Slowbro|Calm Mind|p2a: Slowbro
|-boost|p2a: Slowbro|spa|1
|-boost|p2a: Slowbro|spd|1
|
|-weather|RainDance|[upkeep]
|turn|6
|
|switch|p2a: Heatran|Heatran, F|385\/385
|-damage|p2a: Heatran|337\/385|[from] Stealth Rock
|move|p1a: Celebi|Giga Drain|p2a: Heatran
|-resisted|p2a: Heatran
|-damage|p2a: Heatran|322\/385
|
|-weather|RainDance|[upkeep]
|-heal|p2a: Heatran|346\/385|[from] item: Leftovers
|turn|7
|
|move|p1a: Celebi|Nasty Plot|p1a: Celebi
|-boost|p1a: Celebi|spa|2
|move|p2a: Heatran|Stealth Rock|p1a: Celebi
|-sidestart|p1: BIG ARBOCK|move: Stealth Rock
|
|-weather|RainDance|[upkeep]
|-heal|p2a: Heatran|370\/385|[from] item: Leftovers
|turn|8
|
|move|p1a: Celebi|Nasty Plot|p1a: Celebi
|-boost|p1a: Celebi|spa|2
|move|p2a: Heatran|Toxic|p1a: Celebi
|-status|p1a: Celebi|tox
|
|-weather|none
|-heal|p2a: Heatran|385\/385|[from] item: Leftovers
|-damage|p1a: Celebi|378\/403 tox|[from] psn
|turn|9
|
|move|p1a: Celebi|Baton Pass|p1a: Celebi
|
|switch|p1a: Politoed|Politoed, F|383\/383
|-damage|p1a: Politoed|336\/383|[from] Stealth Rock
|-weather|RainDance
|move|p2a: Heatran|Lava Plume|p1a: Politoed
|-resisted|p1a: Politoed
|-damage|p1a: Politoed|315\/383
|
|-weather|RainDance|[upkeep]
|turn|10
|
|move|p2a: Heatran|Toxic|p1a: Politoed
|-status|p1a: Politoed|tox
|move|p1a: Politoed|Scald|p2a: Heatran
|-supereffective|p2a: Heatran
|-damage|p2a: Heatran|0 fnt
|faint|p2a: Heatran
|
|-weather|RainDance|[upkeep]
|-damage|p1a: Politoed|292\/383 tox|[from] psn
|
|switch|p2a: Breloom|Breloom, F|261\/261
|-damage|p2a: Breloom|245\/261|[from] Stealth Rock
|turn|11
|
|switch|p1a: Celebi|Celebi|378\/403
|-damage|p1a: Celebi|328\/403|[from] Stealth Rock
|move|p2a: Breloom|Bullet Seed|p1a: Celebi
|-resisted|p1a: Celebi
|-damage|p1a: Celebi|295\/403
|-resisted|p1a: Celebi
|-damage|p1a: Celebi|261\/403
|-resisted|p1a: Celebi
|-damage|p1a: Celebi|226\/403
|-resisted|p1a: Celebi
|-damage|p1a: Celebi|193\/403
|-resisted|p1a: Celebi
|-damage|p1a: Celebi|163\/403
|-hitcount|p1a: Celebi|5
|
|-weather|RainDance|[upkeep]
|-heal|p1a: Celebi|188\/403|[from] item: Leftovers
|turn|12
|
|move|p1a: Celebi|Recover|p1a: Celebi
|-heal|p1a: Celebi|390\/403
|move|p2a: Breloom|Rock Tomb|p1a: Celebi|[miss]
|-miss|p2a: Breloom|p1a: Celebi
|
|-weather|RainDance|[upkeep]
|-heal|p1a: Celebi|403\/403|[from] item: Leftovers
|turn|13
|
|switch|p2a: Bisharp|Bisharp, F|271\/271
|-damage|p2a: Bisharp|255\/271|[from] Stealth Rock
|move|p1a: Celebi|Giga Drain|p2a: Bisharp
|-resisted|p2a: Bisharp
|-damage|p2a: Bisharp|195\/271
|
|-weather|RainDance|[upkeep]
|turn|14
|
|move|p1a: Celebi|Baton Pass|p1a: Celebi
|
|switch|p1a: Scizor|Scizor, F|344\/344
|-damage|p1a: Scizor|301\/344|[from] Stealth Rock
|move|p2a: Bisharp|Knock Off|p1a: Scizor
|-damage|p1a: Scizor|195\/344
|
|-weather|RainDance|[upkeep]
|turn|15
|
|detailschange|p1a: Scizor|Scizor-Mega, F
|-mega|p1a: Scizor|Scizor|Scizorite
|move|p2a: Bisharp|Low Kick|p1a: Scizor
|-damage|p1a: Scizor|132\/344
|move|p1a: Scizor|U-turn|p2a: Bisharp
|-damage|p2a: Bisharp|86\/271
|
|switch|p1a: Seismitoad|Seismitoad, F|351\/351
|-damage|p1a: Seismitoad|330\/351|[from] Stealth Rock
|
|-weather|RainDance|[upkeep]
|turn|16
|c|âSuperpanda91|i expected low kick to do a little more.
|
|switch|p2a: Slowbro|Slowbro, M|393\/393
|-damage|p2a: Slowbro|344\/393|[from] Stealth Rock
|move|p1a: Seismitoad|Hydro Pump|p2a: Slowbro
|-resisted|p2a: Slowbro
|-damage|p2a: Slowbro|145\/393
|-damage|p1a: Seismitoad|295\/351|[from] item: Life Orb
|
|-weather|none
|turn|17
|c|âBIG ARBOCK|!data scizor-mega
|c|~|\/data-pokemon Scizor-Mega

|c|âBIG ARBOCK|oh it doesnt show the weight
|c|âBIG ARBOCK|i need something for bisharp badly
|c|âBIG ARBOCK|no dark resist
|
|detailschange|p2a: Slowbro|Slowbro-Mega, M
|-mega|p2a: Slowbro|Slowbro|Slowbronite
|move|p1a: Seismitoad|Earth Power|p2a: Slowbro
|-damage|p2a: Slowbro|0 fnt
|-damage|p1a: Seismitoad|260\/351|[from] item: Life Orb
|faint|p2a: Slowbro
|
|
|switch|p2a: Breloom|Breloom, F|245\/261
|-damage|p2a: Breloom|229\/261|[from] Stealth Rock
|turn|18
|
|switch|p1a: Celebi|Celebi|403\/403
|-damage|p1a: Celebi|353\/403|[from] Stealth Rock
|move|p2a: Breloom|Bullet Seed|p1a: Celebi
|-resisted|p1a: Celebi
|-damage|p1a: Celebi|320\/403
|-resisted|p1a: Celebi
|-damage|p1a: Celebi|286\/403
|-hitcount|p1a: Celebi|2
|
|-heal|p1a: Celebi|311\/403|[from] item: Leftovers
|turn|19
|
|move|p1a: Celebi|Giga Drain|p2a: Breloom
|-resisted|p2a: Breloom
|-damage|p2a: Breloom|166\/261
|-heal|p1a: Celebi|343\/403|[from] drain|[of] p2a: Breloom
|move|p2a: Breloom|Rock Tomb|p1a: Celebi
|-damage|p1a: Celebi|232\/403
|-unboost|p1a: Celebi|spe|1
|
|-heal|p1a: Celebi|257\/403|[from] item: Leftovers
|turn|20
|
|switch|p2a: Magnezone|Magnezone|281\/281
|-damage|p2a: Magnezone|264\/281|[from] Stealth Rock
|move|p1a: Celebi|Giga Drain|p2a: Magnezone
|-resisted|p2a: Magnezone
|-damage|p2a: Magnezone|219\/281
|-heal|p1a: Celebi|280\/403|[from] drain|[of] p2a: Magnezone
|
|-heal|p1a: Celebi|305\/403|[from] item: Leftovers
|turn|21
|
|move|p2a: Magnezone|Hidden Power|p1a: Celebi
|-supereffective|p1a: Celebi
|-damage|p1a: Celebi|167\/403
|move|p1a: Celebi|Recover|p1a: Celebi
|-heal|p1a: Celebi|369\/403
|
|-heal|p1a: Celebi|394\/403|[from] item: Leftovers
|turn|22
|c|âBIG ARBOCK|nah
|c|âBIG ARBOCK|i just need roost on scizor
|
|switch|p2a: Latios|Latios, M|301\/301
|-damage|p2a: Latios|264\/301|[from] Stealth Rock
|switch|p1a: Politoed|Politoed, F|292\/383 tox
|-damage|p1a: Politoed|245\/383 tox|[from] Stealth Rock
|-weather|RainDance
|
|-weather|RainDance|[upkeep]
|-damage|p1a: Politoed|222\/383 tox|[from] psn
|turn|23
|c|âSuperpanda91|lame
|c|âBIG ARBOCK|fuck pursuit
|
|switch|p1a: Celebi|Celebi|394\/403
|-damage|p1a: Celebi|344\/403|[from] Stealth Rock
|move|p2a: Latios|Draco Meteor|p1a: Celebi
|-crit|p1a: Celebi
|-damage|p1a: Celebi|0 fnt
|-unboost|p2a: Latios|spa|2
|-damage|p2a: Latios|234\/301|[from] item: Life Orb
|faint|p1a: Celebi
|
|-weather|RainDance|[upkeep]
|
|switch|p1a: Scizor|Scizor-Mega, F|132\/344
|-damage|p1a: Scizor|89\/344|[from] Stealth Rock
|turn|24
|
|move|p2a: Latios|Draco Meteor|p1a: Scizor
|-crit|p1a: Scizor
|-resisted|p1a: Scizor
|-damage|p1a: Scizor|0 fnt
|-unboost|p2a: Latios|spa|2
|-damage|p2a: Latios|204\/301|[from] item: Life Orb
|faint|p1a: Scizor
|
|-weather|RainDance|[upkeep]
|c|âSuperpanda91|holy hax batman
|c|âBIG ARBOCK|ok
|
|switch|p1a: Seismitoad|Seismitoad, F|260\/351
|-damage|p1a: Seismitoad|239\/351|[from] Stealth Rock
|turn|25
|c|âSuperpanda91|i dont know if that crit mattered but i bet it did
|c|âBIG ARBOCK|ofc it did
|c|âBIG ARBOCK|lol
|c|âBIG ARBOCK|both
|c|âSuperpanda91|lol
|
|switch|p2a: Breloom|Breloom, F|166\/261
|-damage|p2a: Breloom|150\/261|[from] Stealth Rock
|move|p1a: Seismitoad|Hydro Pump|p2a: Breloom|[miss]
|-miss|p1a: Seismitoad|p2a: Breloom
|
|-weather|RainDance|[upkeep]
|turn|26
|
|move|p1a: Seismitoad|Hydro Pump|p2a: Breloom|[miss]
|-miss|p1a: Seismitoad|p2a: Breloom
|move|p2a: Breloom|Spore|p1a: Seismitoad
|-status|p1a: Seismitoad|slp
|
|-weather|RainDance|[upkeep]
|turn|27
|c|âSuperpanda91|oh no
|c|âBIG ARBOCK|well now
|c|âBIG ARBOCK|i'm sure i won't win
|c|âBIG ARBOCK|lol
|c|âSuperpanda91|i hate it when 85 and 75 accurate moves miss in a row
|
|switch|p1a: Raikou|Raikou|321\/321
|-damage|p1a: Raikou|281\/321|[from] Stealth Rock
|-ability|p1a: Raikou|Pressure
|move|p2a: Breloom|Bullet Seed|p1a: Raikou
|-damage|p1a: Raikou|202\/321
|-damage|p1a: Raikou|124\/321
|-hitcount|p1a: Raikou|2
|
|-weather|RainDance|[upkeep]
|-heal|p1a: Raikou|144\/321|[from] item: Leftovers
|turn|28
|c|âBIG ARBOCK|hydro is 80 actually
|
|move|p2a: Breloom|Mach Punch|p1a: Raikou
|-damage|p1a: Raikou|9\/321
|move|p1a: Raikou|Hidden Power|p2a: Breloom
|-supereffective|p2a: Breloom
|-damage|p2a: Breloom|0 fnt
|faint|p2a: Breloom
|
|-weather|RainDance|[upkeep]
|-heal|p1a: Raikou|29\/321|[from] item: Leftovers
|c|âBIG ARBOCK|o
|c|âBIG ARBOCK|it took it
|
|switch|p2a: Magnezone|Magnezone|219\/281
|-damage|p2a: Magnezone|202\/281|[from] Stealth Rock
|turn|29
|c|âSuperpanda91|wow thaut it was dead for sure
|
|move|p1a: Raikou|Thunder|p2a: Magnezone
|-resisted|p2a: Magnezone
|-damage|p2a: Magnezone|103\/281
|move|p2a: Magnezone|Volt Switch|p1a: Raikou
|-resisted|p1a: Raikou
|-damage|p1a: Raikou|0 fnt
|faint|p1a: Raikou
|
|switch|p2a: Bisharp|Bisharp, F|86\/271
|-damage|p2a: Bisharp|70\/271|[from] Stealth Rock
|
|-weather|none
|
|switch|p1a: Politoed|Politoed, F|222\/383 tox
|-damage|p1a: Politoed|175\/383 tox|[from] Stealth Rock
|-weather|RainDance
|turn|30
|
|move|p2a: Bisharp|Knock Off|p1a: Politoed
|-damage|p1a: Politoed|0 fnt
|-enditem|p1a: Politoed|Damp Rock|[from] move: Knock Off|[of] p2a: Bisharp
|faint|p1a: Politoed
|
|-weather|RainDance|[upkeep]
|
|switch|p1a: Tornadus-Therian|Tornadus-Therian, M|299\/299
|-damage|p1a: Tornadus-Therian|225\/299|[from] Stealth Rock
|turn|31
|
|move|p2a: Bisharp|Sucker Punch|p1a: Tornadus-Therian
|-damage|p1a: Tornadus-Therian|21\/299
|move|p1a: Tornadus-Therian|Superpower|p2a: Bisharp
|-crit|p2a: Bisharp
|-supereffective|p2a: Bisharp
|-damage|p2a: Bisharp|0 fnt
|-unboost|p1a: Tornadus-Therian|atk|1
|-unboost|p1a: Tornadus-Therian|def|1
|-damage|p1a: Tornadus-Therian|0 fnt|[from] item: Life Orb
|faint|p2a: Bisharp
|faint|p1a: Tornadus-Therian
|
|-weather|RainDance|[upkeep]
|
|switch|p1a: Seismitoad|Seismitoad, F|239\/351 slp
|switch|p2a: Latios|Latios, M|204\/301
|-damage|p1a: Seismitoad|218\/351 slp|[from] Stealth Rock
|-damage|p2a: Latios|167\/301|[from] Stealth Rock
|turn|32
|c|âBIG ARBOCK|:(
|
|cant|p1a: Seismitoad|slp
|move|p2a: Latios|Draco Meteor|p1a: Seismitoad
|-damage|p1a: Seismitoad|0 fnt
|-unboost|p2a: Latios|spa|2
|-damage|p2a: Latios|137\/301|[from] item: Life Orb
|faint|p1a: Seismitoad
|
|win|Superpanda91
|raw|Ladder updating...
|raw|BIG ARBOCK's rating: 1528 &rarr; <strong>1504<\/strong><br \/>(-24 for losing)
|raw|Superpanda91's rating: 1460 &rarr; <strong>1484<\/strong><br \/>(+24 for winning)
|c|âSuperpanda91|gg
|c|âBIG ARBOCK|gg
|leave|BIG ARBOCK
|player|p1