|join|naneek
|join|Ysterix
|player|p1|naneek|265
|player|p2|Ysterix|169
|gametype|singles
|gen|6
|tier|OU
|rated
|clearpoke
|poke|p1|Sceptile, M
|poke|p1|Rotom-Wash
|poke|p1|Talonflame, M
|poke|p1|Landorus-Therian, M
|poke|p1|Zapdos
|poke|p1|Ferrothorn, M
|poke|p2|Metagross
|poke|p2|Magnezone
|poke|p2|Azumarill, M
|poke|p2|Landorus-Therian, M
|poke|p2|Breloom, F
|poke|p2|Zapdos
|rule|Swagger Clause: Swagger is banned
|rule|Baton Pass Clause: Limit one PokÃ©mon knowing Baton Pass
|rule|Sleep Clause Mod: Limit one foe put to sleep
|rule|Species Clause: Limit one of each PokÃ©mon
|rule|OHKO Clause: OHKO moves are banned
|rule|Moody Clause: Moody is banned
|rule|Evasion Moves Clause: Evasion moves are banned
|rule|Endless Battle Clause: Forcing endless battles is banned
|rule|HP Percentage Mod: HP is shown in percentages
|teampreview
|
|start
|switch|p1a: Landorus-Therian|Landorus-Therian, M|381\/381
|switch|p2a: Zapdos|Zapdos|384\/384
|-ability|p2a: Zapdos|Pressure
|-ability|p1a: Landorus-Therian|Intimidate|[of] p2a: Zapdos
|-unboost|p2a: Zapdos|atk|1
|turn|1
|
|move|p2a: Zapdos|Heat Wave|p1a: Landorus-Therian
|-crit|p1a: Landorus-Therian
|-damage|p1a: Landorus-Therian|210\/381
|move|p1a: Landorus-Therian|Knock Off|p2a: Zapdos
|-damage|p2a: Zapdos|295\/384
|-enditem|p2a: Zapdos|Leftovers|[from] move: Knock Off|[of] p1a: Landorus-Therian
|
|-heal|p1a: Landorus-Therian|233\/381|[from] item: Leftovers
|turn|2
|
|move|p2a: Zapdos|Heat Wave|p1a: Landorus-Therian
|-damage|p1a: Landorus-Therian|116\/381
|-status|p1a: Landorus-Therian|brn
|move|p1a: Landorus-Therian|Stealth Rock|p2a: Zapdos
|-sidestart|p2: Ysterix|move: Stealth Rock
|
|-heal|p1a: Landorus-Therian|139\/381 brn|[from] item: Leftovers
|-damage|p1a: Landorus-Therian|92\/381 brn|[from] brn
|turn|3
|
|move|p2a: Zapdos|Defog|p1a: Landorus-Therian
|-unboost|p1a: Landorus-Therian|evasion|1
|-sideend|p2: Ysterix|Stealth Rock|[from] move: Defog|[of] p2a: Zapdos
|move|p1a: Landorus-Therian|U-turn|p2a: Zapdos
|-resisted|p2a: Zapdos
|-damage|p2a: Zapdos|278\/384
|
|switch|p1a: Rotom-Wash|Rotom-Wash|303\/303
|
|turn|4
|
|move|p2a: Zapdos|Discharge|p1a: Rotom-Wash
|-damage|p1a: Rotom-Wash|189\/303
|move|p1a: Rotom-Wash|Will-O-Wisp|p2a: Zapdos|[miss]
|-miss|p1a: Rotom-Wash|p2a: Zapdos
|
|-heal|p1a: Rotom-Wash|207\/303|[from] item: Leftovers
|turn|5
|
|move|p2a: Zapdos|Discharge|p1a: Rotom-Wash
|-damage|p1a: Rotom-Wash|86\/303
|move|p1a: Rotom-Wash|Will-O-Wisp|p2a: Zapdos
|-status|p2a: Zapdos|brn
|
|-heal|p1a: Rotom-Wash|104\/303|[from] item: Leftovers
|-damage|p2a: Zapdos|230\/384 brn|[from] brn
|turn|6
|
|switch|p1a: Zapdos|Zapdos|383\/383
|-ability|p1a: Zapdos|Pressure
|move|p2a: Zapdos|Discharge|p1a: Zapdos
|-damage|p1a: Zapdos|253\/383
|
|-heal|p1a: Zapdos|276\/383|[from] item: Leftovers
|-damage|p2a: Zapdos|182\/384 brn|[from] brn
|turn|7
|
|move|p1a: Zapdos|Heat Wave|p2a: Zapdos
|-damage|p2a: Zapdos|79\/384 brn
|move|p2a: Zapdos|Roost|p2a: Zapdos
|-heal|p2a: Zapdos|271\/384 brn
|
|-heal|p1a: Zapdos|299\/383|[from] item: Leftovers
|-damage|p2a: Zapdos|223\/384 brn|[from] brn
|turn|8
|
|move|p1a: Zapdos|Thunderbolt|p2a: Zapdos
|-damage|p2a: Zapdos|87\/384 brn
|move|p2a: Zapdos|Roost|p2a: Zapdos
|-heal|p2a: Zapdos|279\/384 brn
|
|-heal|p1a: Zapdos|322\/383|[from] item: Leftovers
|-damage|p2a: Zapdos|231\/384 brn|[from] brn
|turn|9
|
|switch|p2a: Landorus-Therian|Landorus-Therian, M|320\/320
|-ability|p2a: Landorus-Therian|Intimidate|[of] p1a: Zapdos
|-unboost|p1a: Zapdos|atk|1
|move|p1a: Zapdos|Thunderbolt|p2a: Landorus-Therian
|-immune|p2a: Landorus-Therian|[msg]
|
|-heal|p1a: Zapdos|345\/383|[from] item: Leftovers
|turn|10
|
|move|p2a: Landorus-Therian|Stone Edge|p1a: Zapdos
|-supereffective|p1a: Zapdos
|-damage|p1a: Zapdos|89\/383
|move|p1a: Zapdos|Heat Wave|p2a: Landorus-Therian
|-damage|p2a: Landorus-Therian|205\/320
|
|-heal|p1a: Zapdos|112\/383|[from] item: Leftovers
|turn|11
|
|switch|p1a: Ferrothorn|Ferrothorn, M|352\/352
|move|p2a: Landorus-Therian|Stone Edge|p1a: Ferrothorn
|-resisted|p1a: Ferrothorn
|-damage|p1a: Ferrothorn|302\/352
|
|turn|12
|
|switch|p2a: Magnezone|Magnezone|307\/307
|move|p1a: Ferrothorn|Leech Seed|p2a: Magnezone|[miss]
|-miss|p1a: Ferrothorn|p2a: Magnezone
|
|turn|13
|
|move|p1a: Ferrothorn|Protect|p1a: Ferrothorn
|-singleturn|p1a: Ferrothorn|Protect
|move|p2a: Magnezone|Hidden Power|p1a: Ferrothorn
|-activate|p1a: Ferrothorn|Protect
|
|turn|14
|
|switch|p1a: Rotom-Wash|Rotom-Wash|104\/303
|move|p2a: Magnezone|Hidden Power|p1a: Rotom-Wash
|-resisted|p1a: Rotom-Wash
|-damage|p1a: Rotom-Wash|46\/303
|
|-heal|p1a: Rotom-Wash|64\/303|[from] item: Leftovers
|turn|15
|
|switch|p2a: Zapdos|Zapdos|231\/384 brn
|-ability|p2a: Zapdos|Pressure
|move|p1a: Rotom-Wash|Pain Split|p2a: Zapdos
|-sethp|p2a: Zapdos|147\/384 brn|p1a: Rotom-Wash|147\/303|[from] move: Pain Split
|
|-heal|p1a: Rotom-Wash|165\/303|[from] item: Leftovers
|-damage|p2a: Zapdos|99\/384 brn|[from] brn
|turn|16
|
|move|p2a: Zapdos|Roost|p2a: Zapdos
|-heal|p2a: Zapdos|291\/384 brn
|move|p1a: Rotom-Wash|Volt Switch|p2a: Zapdos
|-resisted|p2a: Zapdos
|-damage|p2a: Zapdos|234\/384 brn
|
|switch|p1a: Sceptile|Sceptile, M|281\/281
|
|-damage|p2a: Zapdos|186\/384 brn|[from] brn
|turn|17
|
|detailschange|p1a: Sceptile|Sceptile-Mega, M
|message|Sceptile has Mega Evolved into Mega Sceptile!
|move|p1a: Sceptile|Dragon Pulse|p2a: Zapdos
|-damage|p2a: Zapdos|15\/384 brn
|move|p2a: Zapdos|Roost|p2a: Zapdos
|-heal|p2a: Zapdos|207\/384 brn
|
|-damage|p2a: Zapdos|159\/384 brn|[from] brn
|turn|18
|
|switch|p2a: Metagross|Metagross|301\/301
|move|p1a: Sceptile|Dragon Pulse|p2a: Metagross
|-resisted|p2a: Metagross
|-damage|p2a: Metagross|213\/301
|
|turn|19
|
|switch|p1a: Ferrothorn|Ferrothorn, M|302\/352
|detailschange|p2a: Metagross|Metagross-Mega
|message|Metagross has Mega Evolved into Mega Metagross!
|move|p2a: Metagross|Ice Punch|p1a: Ferrothorn
|-damage|p1a: Ferrothorn|203\/352
|-damage|p2a: Metagross|176\/301|[from] ability: Iron Barbs|[of] p1a: Ferrothorn
|
|turn|20
|
|switch|p2a: Magnezone|Magnezone|307\/307
|move|p1a: Ferrothorn|Leech Seed|p2a: Magnezone
|-start|p2a: Magnezone|move: Leech Seed
|
|-damage|p2a: Magnezone|269\/307|[from] Leech Seed|[of] p1a: Ferrothorn
|-heal|p1a: Ferrothorn|241\/352|[silent]
|turn|21
|
|move|p1a: Ferrothorn|Protect|p1a: Ferrothorn
|-singleturn|p1a: Ferrothorn|Protect
|move|p2a: Magnezone|Hidden Power|p1a: Ferrothorn
|-activate|p1a: Ferrothorn|Protect
|
|-damage|p2a: Magnezone|231\/307|[from] Leech Seed|[of] p1a: Ferrothorn
|-heal|p1a: Ferrothorn|279\/352|[silent]
|turn|22
|
|switch|p1a: Talonflame|Talonflame, M|319\/319
|move|p2a: Magnezone|Hidden Power|p1a: Talonflame
|-resisted|p1a: Talonflame
|-damage|p1a: Talonflame|244\/319
|
|-damage|p2a: Magnezone|193\/307|[from] Leech Seed|[of] p1a: Talonflame
|-heal|p1a: Talonflame|282\/319|[silent]
|turn|23
|c|âYsterix|oh
|c|âYsterix|i thought
|c|âYsterix|it only work one time
|
|switch|p2a: Zapdos|Zapdos|159\/384 brn
|-ability|p2a: Zapdos|Pressure
|move|p1a: Talonflame|Flare Blitz|p2a: Zapdos
|-damage|p2a: Zapdos|17\/384 brn
|-damage|p1a: Talonflame|235\/319|[from] recoil|[of] p2a: Zapdos
|
|-damage|p2a: Zapdos|0 fnt|[from] brn
|faint|p2a: Zapdos
|
|switch|p2a: Landorus-Therian|Landorus-Therian, M|205\/320
|-ability|p2a: Landorus-Therian|Intimidate|[of] p1a: Talonflame
|-unboost|p1a: Talonflame|atk|1
|turn|24
|
|switch|p1a: Ferrothorn|Ferrothorn, M|279\/352
|move|p2a: Landorus-Therian|Earthquake|p1a: Ferrothorn
|-crit|p1a: Ferrothorn
|-damage|p1a: Ferrothorn|17\/352
|
|turn|25
|
|switch|p1a: Landorus-Therian|Landorus-Therian, M|92\/381 brn
|-ability|p1a: Landorus-Therian|Intimidate|[of] p2a: Landorus-Therian
|-unboost|p2a: Landorus-Therian|atk|1
|move|p2a: Landorus-Therian|Stone Edge|p1a: Landorus-Therian
|-damage|p1a: Landorus-Therian|21\/381 brn
|
|-heal|p1a: Landorus-Therian|44\/381 brn|[from] item: Leftovers
|-damage|p1a: Landorus-Therian|0 fnt|[from] brn
|faint|p1a: Landorus-Therian
|
|switch|p1a: Sceptile|Sceptile-Mega, M|281\/281
|turn|26
|
|switch|p2a: Breloom|Breloom, F|309\/309
|move|p1a: Sceptile|Dragon Pulse|p2a: Breloom
|-crit|p2a: Breloom
|-damage|p2a: Breloom|0 fnt
|faint|p2a: Breloom
|
|
|switch|p2a: Metagross|Metagross-Mega|176\/301
|turn|27
|
|switch|p1a: Ferrothorn|Ferrothorn, M|17\/352
|move|p2a: Metagross|Ice Punch|p1a: Ferrothorn
|-damage|p1a: Ferrothorn|0 fnt
|-damage|p2a: Metagross|139\/301|[from] ability: Iron Barbs|[of] p1a: Ferrothorn
|faint|p1a: Ferrothorn
|
|
|switch|p1a: Talonflame|Talonflame, M|235\/319
|turn|28
|
|switch|p2a: Azumarill|Azumarill, M|401\/401
|move|p1a: Talonflame|Flare Blitz|p2a: Azumarill
|-resisted|p2a: Azumarill
|-damage|p2a: Azumarill|309\/401
|-damage|p1a: Talonflame|205\/319|[from] recoil|[of] p2a: Azumarill
|
|turn|29
|
|switch|p1a: Rotom-Wash|Rotom-Wash|165\/303
|move|p2a: Azumarill|Play Rough|p1a: Rotom-Wash|[miss]
|-miss|p2a: Azumarill|p1a: Rotom-Wash
|
|-heal|p1a: Rotom-Wash|183\/303|[from] item: Leftovers
|turn|30
|c|âYsterix|lol
|
|switch|p2a: Magnezone|Magnezone|193\/307
|move|p1a: Rotom-Wash|Will-O-Wisp|p2a: Magnezone
|-status|p2a: Magnezone|brn
|
|-heal|p1a: Rotom-Wash|201\/303|[from] item: Leftovers
|-damage|p2a: Magnezone|155\/307 brn|[from] brn
|turn|31
|
|move|p1a: Rotom-Wash|Volt Switch|p2a: Magnezone
|-resisted|p2a: Magnezone
|-damage|p2a: Magnezone|95\/307 brn
|
|switch|p1a: Sceptile|Sceptile-Mega, M|281\/281
|move|p2a: Magnezone|Flash Cannon|p1a: Sceptile
|-crit|p1a: Sceptile
|-damage|p1a: Sceptile|0 fnt
|faint|p1a: Sceptile
|
|-damage|p2a: Magnezone|57\/307 brn|[from] brn
|
|switch|p1a: Zapdos|Zapdos|112\/383
|-ability|p1a: Zapdos|Pressure
|turn|32
|
|move|p1a: Zapdos|Thunderbolt|p2a: Magnezone
|-resisted|p2a: Magnezone
|-damage|p2a: Magnezone|0 fnt
|faint|p2a: Magnezone
|
|-heal|p1a: Zapdos|135\/383|[from] item: Leftovers
|
|switch|p2a: Metagross|Metagross-Mega|139\/301
|turn|33
|
|move|p2a: Metagross|Zen Headbutt|p1a: Zapdos|[miss]
|-miss|p2a: Metagross|p1a: Zapdos
|move|p1a: Zapdos|Roost|p1a: Zapdos
|-heal|p1a: Zapdos|327\/383
|
|-heal|p1a: Zapdos|350\/383|[from] item: Leftovers
|turn|34
|c|âYsterix|!!
|c|âYsterix|dafuq rng
|c|âYsterix|well, if the game doesn't want me to win, i can't...
|
|move|p2a: Metagross|Ice Punch|p1a: Zapdos
|-supereffective|p1a: Zapdos
|-damage|p1a: Zapdos|146\/383
|move|p1a: Zapdos|Heat Wave|p2a: Metagross
|-supereffective|p2a: Metagross
|-damage|p2a: Metagross|0 fnt
|faint|p2a: Metagross
|
|-heal|p1a: Zapdos|169\/383|[from] item: Leftovers
|c|âYsterix|gg...
|
|switch|p2a: Landorus-Therian|Landorus-Therian, M|205\/320
|-ability|p2a: Landorus-Therian|Intimidate|[of] p1a: Zapdos
|-unboost|p1a: Zapdos|atk|1
|turn|35
|
|move|p2a: Landorus-Therian|Stealth Rock|p1a: Zapdos
|-sidestart|p1: naneek|move: Stealth Rock
|move|p1a: Zapdos|Heat Wave|p2a: Landorus-Therian
|-damage|p2a: Landorus-Therian|95\/320
|
|-heal|p1a: Zapdos|192\/383|[from] item: Leftovers
|turn|36
|
|move|p2a: Landorus-Therian|Stone Edge|p1a: Zapdos|[miss]
|-miss|p2a: Landorus-Therian|p1a: Zapdos
|move|p1a: Zapdos|Heat Wave|p2a: Landorus-Therian
|-damage|p2a: Landorus-Therian|0 fnt
|faint|p2a: Landorus-Therian
|
|-heal|p1a: Zapdos|215\/383|[from] item: Leftovers
|c|âYsterix|xD
|
|switch|p2a: Azumarill|Azumarill, M|309\/401
|turn|37
|c|âYsterix|all those misses
|c|âYsterix|one is ok, but here
|c|âYsterix|just too mucj
|
|move|p1a: Zapdos|Thunderbolt|p2a: Azumarill
|-crit|p2a: Azumarill
|-supereffective|p2a: Azumarill
|-damage|p2a: Azumarill|0 fnt
|faint|p2a: Azumarill
|
|win|naneek
|raw|Ladder updating...
|raw|naneek's rating: 1611 &rarr; <strong>1625<\/strong><br \/>(+14 for winning)
|raw|Ysterix's rating: 1520 &rarr; <strong>1505<\/strong><br \/>(-15 for losing)
|leave|naneek
|player|p1
|c|âYsterix|ocrit of cours