|join|naneek
|join|kapparinos
|player|p1|naneek|175
|player|p2|kapparinos|146
|gametype|singles
|gen|6
|tier|OU
|rated
|clearpoke
|poke|p1|Gyarados, M
|poke|p1|Magnezone
|poke|p1|Talonflame, F
|poke|p1|Latias, F
|poke|p1|Mamoswine, F
|poke|p1|Greninja, M
|poke|p2|Charizard, M, shiny
|poke|p2|Mew, shiny
|poke|p2|Landorus-Therian, M
|poke|p2|Milotic, F
|poke|p2|Dragonite, F, shiny
|poke|p2|Sylveon, F, shiny
|rule|Swagger Clause: Swagger is banned
|rule|Baton Pass Clause: Limit one PokÃ©mon knowing Baton Pass
|rule|Sleep Clause Mod: Limit one foe put to sleep
|rule|Species Clause: Limit one of each PokÃ©mon
|rule|OHKO Clause: OHKO moves are banned
|rule|Moody Clause: Moody is banned
|rule|Evasion Moves Clause: Evasion moves are banned
|rule|Endless Battle Clause: Forcing endless battles is banned
|rule|HP Percentage Mod: HP is shown in percentages
|teampreview
|
|start
|switch|p1a: Greninja|Greninja, M|285\/285
|switch|p2a: Milotic|Milotic, F|394\/394
|turn|1
|
|move|p1a: Greninja|Dark Pulse|p2a: Milotic
|-start|p1a: Greninja|typechange|Dark|[from] Protean
|-damage|p2a: Milotic|273\/394
|-damage|p1a: Greninja|257\/285|[from] item: Life Orb
|cant|p2a: Milotic|flinch
|
|-heal|p2a: Milotic|297\/394|[from] item: Leftovers
|turn|2
|
|switch|p1a: Magnezone|Magnezone|323\/323
|move|p2a: Milotic|Scald|p1a: Magnezone
|-damage|p1a: Magnezone|220\/323
|
|-heal|p2a: Milotic|321\/394|[from] item: Leftovers
|turn|3
|
|switch|p2a: Landorus-Therian|Landorus-Therian, M|381\/381
|-ability|p2a: Landorus-Therian|Intimidate|[of] p1a: Magnezone
|-unboost|p1a: Magnezone|atk|1
|move|p1a: Magnezone|Thunderbolt|p2a: Landorus-Therian
|-immune|p2a: Landorus-Therian|[msg]
|
|turn|4
|
|switch|p1a: Mamoswine|Mamoswine, F|361\/361
|move|p2a: Landorus-Therian|Stealth Rock|p1a: Mamoswine
|-sidestart|p1: naneek|move: Stealth Rock
|
|turn|5
|
|switch|p2a: Mew|Mew, shiny|404\/404
|move|p1a: Mamoswine|Stealth Rock|p2a: Mew
|-sidestart|p2: kapparinos|move: Stealth Rock
|
|turn|6
|
|move|p2a: Mew|Will-O-Wisp|p1a: Mamoswine
|-status|p1a: Mamoswine|brn
|move|p1a: Mamoswine|Knock Off|p2a: Mew
|-supereffective|p2a: Mew
|-damage|p2a: Mew|258\/404
|-enditem|p2a: Mew|Leftovers|[from] move: Knock Off|[of] p1a: Mamoswine
|-damage|p1a: Mamoswine|325\/361 brn|[from] item: Life Orb
|
|-damage|p1a: Mamoswine|280\/361 brn|[from] brn
|turn|7
|
|switch|p1a: Greninja|Greninja, M|257\/285
|-damage|p1a: Greninja|222\/285|[from] Stealth Rock
|move|p2a: Mew|Roost|p2a: Mew
|-heal|p2a: Mew|404\/404
|
|turn|8
|
|switch|p2a: Sylveon|Sylveon, F, shiny|394\/394
|-damage|p2a: Sylveon|345\/394|[from] Stealth Rock
|move|p1a: Greninja|Dark Pulse|p2a: Sylveon
|-start|p1a: Greninja|typechange|Dark|[from] Protean
|-resisted|p2a: Sylveon
|-damage|p2a: Sylveon|279\/394
|-damage|p1a: Greninja|194\/285|[from] item: Life Orb
|
|-heal|p2a: Sylveon|303\/394|[from] item: Leftovers
|turn|9
|
|switch|p2a: Charizard|Charizard, M, shiny|359\/359
|-damage|p2a: Charizard|180\/359|[from] Stealth Rock
|move|p1a: Greninja|Gunk Shot|p2a: Charizard|[miss]
|-start|p1a: Greninja|typechange|Poison|[from] Protean
|-miss|p1a: Greninja|p2a: Charizard
|
|turn|10
|
|detailschange|p2a: Charizard|Charizard-Mega-X, M, shiny
|message|Charizard has Mega Evolved into Mega Charizard!
|move|p1a: Greninja|Ice Beam|p2a: Charizard
|-start|p1a: Greninja|typechange|Ice|[from] Protean
|-damage|p2a: Charizard|28\/359
|-damage|p1a: Greninja|166\/285|[from] item: Life Orb
|move|p2a: Charizard|Roost|p2a: Charizard
|-heal|p2a: Charizard|208\/359
|
|turn|11
|
|move|p1a: Greninja|Hydro Pump|p2a: Charizard
|-start|p1a: Greninja|typechange|Water|[from] Protean
|-damage|p2a: Charizard|29\/359
|-damage|p1a: Greninja|138\/285|[from] item: Life Orb
|move|p2a: Charizard|Roost|p2a: Charizard
|-heal|p2a: Charizard|209\/359
|
|turn|12
|
|move|p1a: Greninja|Dark Pulse|p2a: Charizard
|-start|p1a: Greninja|typechange|Dark|[from] Protean
|-damage|p2a: Charizard|73\/359
|-damage|p1a: Greninja|110\/285|[from] item: Life Orb
|cant|p2a: Charizard|flinch
|
|turn|13
|
|switch|p2a: Milotic|Milotic, F|321\/394
|-damage|p2a: Milotic|272\/394|[from] Stealth Rock
|move|p1a: Greninja|Dark Pulse|p2a: Milotic
|-damage|p2a: Milotic|132\/394
|-damage|p1a: Greninja|82\/285|[from] item: Life Orb
|
|-heal|p2a: Milotic|156\/394|[from] item: Leftovers
|turn|14
|
|switch|p1a: Latias|Latias, F|301\/301
|-damage|p1a: Latias|264\/301|[from] Stealth Rock
|move|p2a: Milotic|Recover|p2a: Milotic
|-heal|p2a: Milotic|353\/394
|
|-heal|p2a: Milotic|377\/394|[from] item: Leftovers
|turn|15
|
|move|p1a: Latias|Psyshock|p2a: Milotic
|-damage|p2a: Milotic|235\/394
|-damage|p1a: Latias|234\/301|[from] item: Life Orb
|move|p2a: Milotic|Ice Beam|p1a: Latias
|-supereffective|p1a: Latias
|-damage|p1a: Latias|114\/301
|
|-heal|p2a: Milotic|259\/394|[from] item: Leftovers
|turn|16
|
|move|p1a: Latias|Draco Meteor|p2a: Milotic
|-damage|p2a: Milotic|55\/394
|-unboost|p1a: Latias|spa|2
|-damage|p1a: Latias|84\/301|[from] item: Life Orb
|move|p2a: Milotic|Recover|p2a: Milotic
|-heal|p2a: Milotic|252\/394
|
|-heal|p2a: Milotic|276\/394|[from] item: Leftovers
|turn|17
|
|switch|p1a: Magnezone|Magnezone|220\/323
|-damage|p1a: Magnezone|200\/323|[from] Stealth Rock
|move|p2a: Milotic|Scald|p1a: Magnezone
|-crit|p1a: Magnezone
|-damage|p1a: Magnezone|49\/323
|
|-heal|p2a: Milotic|300\/394|[from] item: Leftovers
|turn|18
|
|switch|p2a: Charizard|Charizard-Mega-X, M, shiny|73\/359
|-damage|p2a: Charizard|0 fnt|[from] Stealth Rock
|faint|p2a: Charizard
|move|p1a: Magnezone|Thunderbolt|p2: Charizard|[notarget]
|-notarget
|
|
|switch|p2a: Landorus-Therian|Landorus-Therian, M|381\/381
|-damage|p2a: Landorus-Therian|334\/381|[from] Stealth Rock
|-ability|p2a: Landorus-Therian|Intimidate|[of] p1a: Magnezone
|-unboost|p1a: Magnezone|atk|1
|turn|19
|
|switch|p1a: Mamoswine|Mamoswine, F|280\/361 brn
|-damage|p1a: Mamoswine|235\/361 brn|[from] Stealth Rock
|move|p2a: Landorus-Therian|Knock Off|p1a: Mamoswine
|-damage|p1a: Mamoswine|73\/361 brn
|-enditem|p1a: Mamoswine|Life Orb|[from] move: Knock Off|[of] p2a: Landorus-Therian
|
|-heal|p2a: Landorus-Therian|357\/381|[from] item: Leftovers
|-damage|p1a: Mamoswine|28\/361 brn|[from] brn
|turn|20
|
|switch|p2a: Milotic|Milotic, F|300\/394
|-damage|p2a: Milotic|251\/394|[from] Stealth Rock
|move|p1a: Mamoswine|Knock Off|p2a: Milotic
|-damage|p2a: Milotic|199\/394
|-enditem|p2a: Milotic|Leftovers|[from] move: Knock Off|[of] p1a: Mamoswine
|
|-damage|p1a: Mamoswine|0 fnt|[from] brn
|faint|p1a: Mamoswine
|
|switch|p1a: Magnezone|Magnezone|49\/323
|-damage|p1a: Magnezone|29\/323|[from] Stealth Rock
|turn|21
|
|switch|p2a: Mew|Mew, shiny|404\/404
|-damage|p2a: Mew|354\/404|[from] Stealth Rock
|move|p1a: Magnezone|Thunderbolt|p2a: Mew
|-damage|p2a: Mew|104\/404
|
|turn|22
|
|move|p2a: Mew|Will-O-Wisp|p1a: Magnezone
|-status|p1a: Magnezone|brn
|move|p1a: Magnezone|Thunderbolt|p2a: Mew
|-damage|p2a: Mew|0 fnt
|faint|p2a: Mew
|
|-damage|p1a: Magnezone|0 fnt|[from] brn
|faint|p1a: Magnezone
|
|switch|p1a: Greninja|Greninja, M|82\/285
|switch|p2a: Dragonite|Dragonite, F, shiny|324\/324
|-damage|p1a: Greninja|47\/285|[from] Stealth Rock
|-damage|p2a: Dragonite|243\/324|[from] Stealth Rock
|turn|23
|
|move|p2a: Dragonite|Extreme Speed|p1a: Greninja
|-damage|p1a: Greninja|0 fnt
|faint|p1a: Greninja
|
|
|switch|p1a: Gyarados|Gyarados, M|331\/331
|-damage|p1a: Gyarados|249\/331|[from] Stealth Rock
|-ability|p1a: Gyarados|Intimidate|[of] p2a: Dragonite
|-unboost|p2a: Dragonite|atk|1
|turn|24
|
|switch|p2a: Milotic|Milotic, F|199\/394
|-damage|p2a: Milotic|150\/394|[from] Stealth Rock
|detailschange|p1a: Gyarados|Gyarados-Mega, M
|message|Gyarados has Mega Evolved into Mega Gyarados!
|-ability|p1a: Gyarados|Mold Breaker
|move|p1a: Gyarados|Dragon Dance|p1a: Gyarados
|-boost|p1a: Gyarados|atk|1
|-boost|p1a: Gyarados|spe|1
|
|turn|25
|
|move|p1a: Gyarados|Crunch|p2a: Milotic
|-damage|p2a: Milotic|0 fnt
|faint|p2a: Milotic
|
|
|switch|p2a: Sylveon|Sylveon, F, shiny|303\/394
|-damage|p2a: Sylveon|254\/394|[from] Stealth Rock
|turn|26
|
|move|p1a: Gyarados|Waterfall|p2a: Sylveon
|-damage|p2a: Sylveon|1\/394
|move|p2a: Sylveon|Hyper Voice|p1a: Gyarados
|-supereffective|p1a: Gyarados
|-damage|p1a: Gyarados|15\/331
|
|-heal|p2a: Sylveon|25\/394|[from] item: Leftovers
|turn|27
|c|âkapparinos|gg
|
|move|p1a: Gyarados|Waterfall|p2a: Sylveon
|-damage|p2a: Sylveon|0 fnt
|faint|p2a: Sylveon
|
|
|switch|p2a: Dragonite|Dragonite, F, shiny|243\/324
|-damage|p2a: Dragonite|162\/324|[from] Stealth Rock
|turn|28
|
|move|p2a: Dragonite|Extreme Speed|p1a: Gyarados
|-damage|p1a: Gyarados|0 fnt
|faint|p1a: Gyarados
|
|-message|naneek forfeited.
|
|win|kapparinos
|raw|Ladder updating...
|leave|naneek
|player|p1
|raw|naneek's rating: 1566 &rarr; <strong>1543<\/strong><br \/>(-23 for losing)
|raw|kapparinos's rating: 1519 &rarr; <strong>1542<\/strong><br \/>(+23 for winning)