|join|Reverb
|join|naneek
|player|p1|Reverb|#reverb
|player|p2|naneek|175
|gametype|singles
|gen|6
|tier|OU
|rated
|clearpoke
|poke|p1|Empoleon, M
|poke|p1|Tyranitar, M
|poke|p1|Charizard, M
|poke|p1|Keldeo
|poke|p1|Kyurem-Black
|poke|p1|Landorus-Therian, M
|poke|p2|Gyarados, F
|poke|p2|Magnezone
|poke|p2|Talonflame, M
|poke|p2|Latias, F
|poke|p2|Mamoswine, F
|poke|p2|Greninja, F
|rule|Swagger Clause: Swagger is banned
|rule|Baton Pass Clause: Limit one PokÃ©mon knowing Baton Pass
|rule|Sleep Clause Mod: Limit one foe put to sleep
|rule|Species Clause: Limit one of each PokÃ©mon
|rule|OHKO Clause: OHKO moves are banned
|rule|Moody Clause: Moody is banned
|rule|Evasion Moves Clause: Evasion moves are banned
|rule|Endless Battle Clause: Forcing endless battles is banned
|rule|HP Percentage Mod: HP is shown in percentages
|teampreview
|
|start
|switch|p1a: Keldeo|Keldeo|323\/323
|switch|p2a: Latias|Latias, F|301\/301
|turn|1
|
|switch|p2a: Magnezone|Magnezone|323\/323
|move|p1a: Keldeo|Scald|p2a: Magnezone
|-damage|p2a: Magnezone|82\/323
|-status|p2a: Magnezone|brn
|
|-damage|p2a: Magnezone|42\/323 brn|[from] brn
|turn|2
|
|switch|p1a: Landorus-Therian|Landorus-Therian, M|327\/327
|-ability|p1a: Landorus-Therian|Intimidate|[of] p2a: Magnezone
|-unboost|p2a: Magnezone|atk|1
|move|p2a: Magnezone|Volt Switch|p1a: Landorus-Therian
|-immune|p1a: Landorus-Therian|[msg]
|
|-damage|p2a: Magnezone|2\/323 brn|[from] brn
|turn|3
|
|move|p1a: Landorus-Therian|U-turn|p2a: Magnezone
|-resisted|p2a: Magnezone
|-damage|p2a: Magnezone|0 fnt
|faint|p2a: Magnezone
|
|switch|p1a: Kyurem-Black|Kyurem-Black|391\/391
|-ability|p1a: Kyurem-Black|Teravolt
|
|
|switch|p2a: Gyarados|Gyarados, F|331\/331
|-ability|p2a: Gyarados|Intimidate|[of] p1a: Kyurem-Black
|-unboost|p1a: Kyurem-Black|atk|1
|turn|4
|
|switch|p2a: Mamoswine|Mamoswine, F|361\/361
|move|p1a: Kyurem-Black|Fusion Bolt|p2a: Mamoswine
|-immune|p2a: Mamoswine|[msg]
|
|turn|5
|
|switch|p1a: Keldeo|Keldeo|323\/323
|move|p2a: Mamoswine|Stealth Rock|p1a: Keldeo
|-sidestart|p1: Reverb|move: Stealth Rock
|
|turn|6
|
|move|p1a: Keldeo|Scald|p2a: Mamoswine
|-supereffective|p2a: Mamoswine
|-damage|p2a: Mamoswine|0 fnt
|faint|p2a: Mamoswine
|
|
|switch|p2a: Latias|Latias, F|301\/301
|turn|7
|
|switch|p2a: Gyarados|Gyarados, F|331\/331
|-ability|p2a: Gyarados|Intimidate|[of] p1a: Keldeo
|-unboost|p1a: Keldeo|atk|1
|switch|p1a: Empoleon|Empoleon, M|372\/372
|-damage|p1a: Empoleon|349\/372|[from] Stealth Rock
|
|-heal|p1a: Empoleon|372\/372|[from] item: Leftovers
|turn|8
|
|detailschange|p2a: Gyarados|Gyarados-Mega, F
|message|Gyarados has Mega Evolved into Mega Gyarados!
|-ability|p2a: Gyarados|Mold Breaker
|move|p2a: Gyarados|Crunch|p1a: Empoleon
|-damage|p1a: Empoleon|236\/372
|move|p1a: Empoleon|Defog|p2a: Gyarados
|-unboost|p2a: Gyarados|evasion|1
|-sideend|p1: Reverb|Stealth Rock|[from] move: Defog|[of] p1a: Empoleon
|
|-heal|p1a: Empoleon|259\/372|[from] item: Leftovers
|turn|9
|
|move|p2a: Gyarados|Crunch|p1a: Empoleon
|-crit|p1a: Empoleon
|-damage|p1a: Empoleon|27\/372
|move|p1a: Empoleon|Stealth Rock|p2a: Gyarados
|-sidestart|p2: naneek|move: Stealth Rock
|
|-heal|p1a: Empoleon|50\/372|[from] item: Leftovers
|turn|10
|
|move|p2a: Gyarados|Waterfall|p1a: Empoleon
|-resisted|p1a: Empoleon
|-damage|p1a: Empoleon|0 fnt
|faint|p1a: Empoleon
|
|
|switch|p1a: Keldeo|Keldeo|323\/323
|turn|11
|
|switch|p2a: Latias|Latias, F|301\/301
|-damage|p2a: Latias|264\/301|[from] Stealth Rock
|move|p1a: Keldeo|Secret Sword|p2a: Latias
|-resisted|p2a: Latias
|-damage|p2a: Latias|135\/301
|
|turn|12
|
|move|p2a: Latias|Defog|p1a: Keldeo
|-unboost|p1a: Keldeo|evasion|1
|-sideend|p2: naneek|Stealth Rock|[from] move: Defog|[of] p2a: Latias
|move|p1a: Keldeo|Secret Sword|p2a: Latias
|-resisted|p2a: Latias
|-damage|p2a: Latias|18\/301
|
|turn|13
|
|switch|p1a: Tyranitar|Tyranitar, M|383\/383
|-weather|Sandstorm
|move|p2a: Latias|Draco Meteor|p1a: Tyranitar
|-damage|p1a: Tyranitar|200\/383
|-unboost|p2a: Latias|spa|2
|-damage|p2a: Latias|0 fnt|[from] item: Life Orb
|faint|p2a: Latias
|
|-weather|Sandstorm|[upkeep]
|
|switch|p2a: Gyarados|Gyarados-Mega, F|331\/331
|-ability|p2a: Gyarados|Mold Breaker
|turn|14
|
|switch|p1a: Keldeo|Keldeo|323\/323
|move|p2a: Gyarados|Waterfall|p1a: Keldeo
|-resisted|p1a: Keldeo
|-damage|p1a: Keldeo|230\/323
|
|-weather|Sandstorm|[upkeep]
|-damage|p1a: Keldeo|210\/323|[from] sandstorm
|-damage|p2a: Gyarados|311\/331|[from] sandstorm
|turn|15
|
|switch|p2a: Talonflame|Talonflame, M|297\/297
|move|p1a: Keldeo|Secret Sword|p2a: Talonflame
|-resisted|p2a: Talonflame
|-damage|p2a: Talonflame|153\/297
|
|-weather|Sandstorm|[upkeep]
|-damage|p2a: Talonflame|135\/297|[from] sandstorm
|-damage|p1a: Keldeo|190\/323|[from] sandstorm
|turn|16
|
|switch|p2a: Gyarados|Gyarados-Mega, F|311\/331
|-ability|p2a: Gyarados|Mold Breaker
|switch|p1a: Landorus-Therian|Landorus-Therian, M|327\/327
|-ability|p1a: Landorus-Therian|Intimidate|[of] p2a: Gyarados
|-unboost|p2a: Gyarados|atk|1
|
|-weather|Sandstorm|[upkeep]
|-damage|p2a: Gyarados|291\/331|[from] sandstorm
|turn|17
|
|move|p1a: Landorus-Therian|U-turn|p2a: Gyarados
|-supereffective|p2a: Gyarados
|-damage|p2a: Gyarados|131\/331
|
|switch|p1a: Keldeo|Keldeo|190\/323
|move|p2a: Gyarados|Waterfall|p1a: Keldeo
|-resisted|p1a: Keldeo
|-damage|p1a: Keldeo|131\/323
|
|-weather|none
|turn|18
|
|move|p1a: Keldeo|Secret Sword|p2a: Gyarados
|-supereffective|p2a: Gyarados
|-damage|p2a: Gyarados|0 fnt
|faint|p2a: Gyarados
|
|
|switch|p2a: Talonflame|Talonflame, M|135\/297
|turn|19
|
|switch|p2a: Greninja|Greninja, F|285\/285
|move|p1a: Keldeo|Secret Sword|p2a: Greninja
|-supereffective|p2a: Greninja
|-damage|p2a: Greninja|0 fnt
|faint|p2a: Greninja
|
|-message|naneek forfeited.
|
|win|Reverb
|raw|Ladder updating...
|leave|naneek
|player|p2
|raw|Reverb's rating: 1705 &rarr; <strong>1716<\/strong><br \/>(+11 for winning)
|raw|naneek's rating: 1538 &rarr; <strong>1527<\/strong><br \/>(-11 for losing)