|join|hegemoth
|join|naneek
|player|p1|hegemoth|265
|player|p2|naneek|2
|gametype|singles
|gen|6
|tier|OU
|rated
|clearpoke
|poke|p1|Garchomp, M
|poke|p1|Torterra, F
|poke|p1|Nidoking, M
|poke|p1|Steelix, M
|poke|p1|Gastrodon, F
|poke|p1|Mamoswine, F
|poke|p2|Chesnaught, M
|poke|p2|Slowbro, F
|poke|p2|Heatran, M
|poke|p2|Tentacruel, F
|poke|p2|Sylveon, M
|poke|p2|Landorus-Therian, M
|rule|Swagger Clause: Swagger is banned
|rule|Baton Pass Clause: Limit one PokÃ©mon knowing Baton Pass
|rule|Sleep Clause Mod: Limit one foe put to sleep
|rule|Species Clause: Limit one of each PokÃ©mon
|rule|OHKO Clause: OHKO moves are banned
|rule|Moody Clause: Moody is banned
|rule|Evasion Moves Clause: Evasion moves are banned
|rule|Endless Battle Clause: Forcing endless battles is banned
|rule|HP Percentage Mod: HP is shown in percentages
|teampreview
|
|start
|switch|p1a: Torterra|Torterra, F|394\/394
|switch|p2a: Landorus-Therian|Landorus-Therian, M|337\/337
|-ability|p2a: Landorus-Therian|Intimidate|[of] p1a: Torterra
|-unboost|p1a: Torterra|atk|1
|turn|1
|
|move|p2a: Landorus-Therian|Stealth Rock|p1a: Torterra
|-sidestart|p1: hegemoth|move: Stealth Rock
|move|p1a: Torterra|Stealth Rock|p2a: Landorus-Therian
|-sidestart|p2: naneek|move: Stealth Rock
|
|turn|2
|
|move|p2a: Landorus-Therian|Knock Off|p1a: Torterra
|-damage|p1a: Torterra|305\/394
|-enditem|p1a: Torterra|Leftovers|[from] move: Knock Off|[of] p2a: Landorus-Therian
|move|p1a: Torterra|Earthquake|p2a: Landorus-Therian
|-immune|p2a: Landorus-Therian|[msg]
|
|turn|3
|
|move|p2a: Landorus-Therian|U-turn|p1a: Torterra
|-supereffective|p1a: Torterra
|-damage|p1a: Torterra|153\/394
|
|switch|p2a: Chesnaught|Chesnaught, M|379\/379
|-damage|p2a: Chesnaught|356\/379|[from] Stealth Rock
|move|p1a: Torterra|Leech Seed|p2a: Chesnaught
|-immune|p2a: Chesnaught|[msg]
|
|-heal|p2a: Chesnaught|379\/379|[from] item: Leftovers
|turn|4
|
|switch|p1a: Nidoking|Nidoking, M|304\/304
|-damage|p1a: Nidoking|285\/304|[from] Stealth Rock
|move|p2a: Chesnaught|Spikes|p1a: Nidoking
|-sidestart|p1: hegemoth|Spikes
|
|turn|5
|
|switch|p2a: Tentacruel|Tentacruel, F|364\/364
|-damage|p2a: Tentacruel|319\/364|[from] Stealth Rock
|move|p1a: Nidoking|Earth Power|p2a: Tentacruel
|-supereffective|p2a: Tentacruel
|-damage|p2a: Tentacruel|0 fnt
|faint|p2a: Tentacruel
|
|
|switch|p2a: Landorus-Therian|Landorus-Therian, M|337\/337
|-damage|p2a: Landorus-Therian|295\/337|[from] Stealth Rock
|-ability|p2a: Landorus-Therian|Intimidate|[of] p1a: Nidoking
|-unboost|p1a: Nidoking|atk|1
|turn|6
|
|move|p1a: Nidoking|Ice Beam|p2a: Landorus-Therian
|-supereffective|p2a: Landorus-Therian
|-damage|p2a: Landorus-Therian|0 fnt
|faint|p2a: Landorus-Therian
|
|c|âhegemoth|just die
|
|switch|p2a: Slowbro|Slowbro, F|393\/393
|-damage|p2a: Slowbro|344\/393|[from] Stealth Rock
|turn|7
|
|detailschange|p2a: Slowbro|Slowbro-Mega, F
|message|Slowbro has Mega Evolved into Mega Slowbro!
|move|p1a: Nidoking|Sludge Wave|p2a: Slowbro
|-damage|p2a: Slowbro|74\/393
|move|p2a: Slowbro|Ice Beam|p1a: Nidoking
|-supereffective|p1a: Nidoking
|-damage|p1a: Nidoking|0 fnt
|faint|p1a: Nidoking
|
|
|switch|p1a: Mamoswine|Mamoswine, F|378\/378
|-damage|p1a: Mamoswine|331\/378|[from] Stealth Rock
|-damage|p1a: Mamoswine|284\/378|[from] Spikes
|turn|8
|
|switch|p2a: Chesnaught|Chesnaught, M|379\/379
|-damage|p2a: Chesnaught|356\/379|[from] Stealth Rock
|move|p1a: Mamoswine|Earthquake|p2a: Chesnaught
|-crit|p2a: Chesnaught
|-resisted|p2a: Chesnaught
|-damage|p2a: Chesnaught|257\/379
|
|-heal|p2a: Chesnaught|280\/379|[from] item: Leftovers
|turn|9
|
|move|p1a: Mamoswine|Icicle Spear|p2a: Chesnaught
|-supereffective|p2a: Chesnaught
|-damage|p2a: Chesnaught|214\/379
|-supereffective|p2a: Chesnaught
|-damage|p2a: Chesnaught|152\/379
|-hitcount|p2a: Chesnaught|2
|move|p2a: Chesnaught|Drain Punch|p1a: Mamoswine
|-supereffective|p1a: Mamoswine
|-damage|p1a: Mamoswine|42\/378
|-heal|p2a: Chesnaught|273\/379|[from] drain|[of] p1a: Mamoswine
|-enditem|p1a: Mamoswine|Weakness Policy
|-boost|p1a: Mamoswine|atk|2|[from] item: Weakness Policy
|-boost|p1a: Mamoswine|spa|2|[from] item: Weakness Policy
|
|-heal|p2a: Chesnaught|296\/379|[from] item: Leftovers
|turn|10
|c|âhegemoth|thank you
|
|move|p1a: Mamoswine|Icicle Spear|p2a: Chesnaught
|-supereffective|p2a: Chesnaught
|-damage|p2a: Chesnaught|168\/379
|-supereffective|p2a: Chesnaught
|-damage|p2a: Chesnaught|42\/379
|-supereffective|p2a: Chesnaught
|-damage|p2a: Chesnaught|0 fnt
|-hitcount|p2a: Chesnaught|3
|faint|p2a: Chesnaught
|
|-message|naneek forfeited.
|
|win|hegemoth
|raw|Ladder updating...
|leave|naneek
|player|p2
|raw|hegemoth's rating: 1568 &rarr; <strong>1588<\/strong><br \/>(+20 for winning)
|raw|naneek's rating: 1568 &rarr; <strong>1548<\/strong><br \/>(-20 for losing)