|join|lil manaphy
|join|naneek
|player|p1|lil manaphy|8
|player|p2|naneek|175
|gametype|singles
|gen|6
|tier|OU
|rated
|clearpoke
|poke|p1|Lopunny, F
|poke|p1|Rotom-Wash
|poke|p1|Gothitelle, M
|poke|p1|Mandibuzz, F
|poke|p1|Heatran, F
|poke|p1|Celebi
|poke|p2|Gyarados, F
|poke|p2|Magnezone
|poke|p2|Talonflame, F
|poke|p2|Latias, F
|poke|p2|Mamoswine, M
|poke|p2|Greninja, F
|rule|Swagger Clause: Swagger is banned
|rule|Baton Pass Clause: Limit one PokÃ©mon knowing Baton Pass
|rule|Sleep Clause Mod: Limit one foe put to sleep
|rule|Species Clause: Limit one of each PokÃ©mon
|rule|OHKO Clause: OHKO moves are banned
|rule|Moody Clause: Moody is banned
|rule|Evasion Moves Clause: Evasion moves are banned
|rule|Endless Battle Clause: Forcing endless battles is banned
|rule|HP Percentage Mod: HP is shown in percentages
|teampreview
|
|start
|switch|p1a: Lopunny|Lopunny, F|271\/271
|switch|p2a: Talonflame|Talonflame, F|297\/297
|turn|1
|
|detailschange|p1a: Lopunny|Lopunny-Mega, F
|message|Lopunny has Mega Evolved into Mega Lopunny!
|move|p1a: Lopunny|Fake Out|p2a: Talonflame
|-damage|p2a: Talonflame|203\/297
|cant|p2a: Talonflame|flinch
|
|turn|2
|
|switch|p1a: Heatran|Heatran, F|386\/386
|switch|p2a: Mamoswine|Mamoswine, M|361\/361
|
|turn|3
|
|switch|p1a: Gothitelle|Gothitelle, M|301\/301
|move|p2a: Mamoswine|Stealth Rock|p1a: Gothitelle
|-sidestart|p1: lil manaphy|move: Stealth Rock
|
|turn|4
|
|move|p1a: Gothitelle|Trick|p2a: Mamoswine
|-activate|p1a: Gothitelle|move: Trick|[of] p2a: Mamoswine
|-item|p2a: Mamoswine|Choice Scarf|[from] move: Trick
|-item|p1a: Gothitelle|Life Orb|[from] move: Trick
|move|p2a: Mamoswine|Knock Off|p1a: Gothitelle
|-supereffective|p1a: Gothitelle
|-damage|p1a: Gothitelle|31\/301
|-enditem|p1a: Gothitelle|Life Orb|[from] move: Knock Off|[of] p2a: Mamoswine
|
|turn|5
|
|switch|p1a: Mandibuzz|Mandibuzz, F|424\/424
|-damage|p1a: Mandibuzz|318\/424|[from] Stealth Rock
|move|p2a: Mamoswine|Knock Off|p1a: Mandibuzz
|-resisted|p1a: Mandibuzz
|-damage|p1a: Mandibuzz|271\/424
|-enditem|p1a: Mandibuzz|Leftovers|[from] move: Knock Off|[of] p2a: Mamoswine
|
|turn|6
|
|switch|p2a: Magnezone|Magnezone|323\/323
|move|p1a: Mandibuzz|Defog|p2a: Magnezone
|-unboost|p2a: Magnezone|evasion|1
|-sideend|p1: lil manaphy|Stealth Rock|[from] move: Defog|[of] p1a: Mandibuzz
|
|turn|7
|
|switch|p1a: Heatran|Heatran, F|386\/386
|move|p2a: Magnezone|Volt Switch|p1a: Heatran
|-damage|p1a: Heatran|250\/386
|
|switch|p2a: Gyarados|Gyarados, F|331\/331
|-ability|p2a: Gyarados|Intimidate|[of] p1a: Heatran
|-unboost|p1a: Heatran|atk|1
|
|-heal|p1a: Heatran|274\/386|[from] item: Leftovers
|turn|8
|
|switch|p1a: Lopunny|Lopunny-Mega, F|271\/271
|detailschange|p2a: Gyarados|Gyarados-Mega, F
|message|Gyarados has Mega Evolved into Mega Gyarados!
|-ability|p2a: Gyarados|Mold Breaker
|move|p2a: Gyarados|Crunch|p1a: Lopunny
|-resisted|p1a: Lopunny
|-damage|p1a: Lopunny|176\/271
|
|turn|9
|
|switch|p2a: Latias|Latias, F|301\/301
|move|p1a: Lopunny|High Jump Kick|p2a: Latias|[miss]
|-miss|p1a: Lopunny|p2a: Latias
|-damage|p1a: Lopunny|41\/271|[from] highjumpkick
|
|turn|10
|
|switch|p1a: Heatran|Heatran, F|274\/386
|switch|p2a: Greninja|Greninja, F|285\/285
|
|-heal|p1a: Heatran|298\/386|[from] item: Leftovers
|turn|11
|
|move|p1a: Heatran|Protect|p1a: Heatran
|-singleturn|p1a: Heatran|Protect
|move|p2a: Greninja|Hydro Pump|p1a: Heatran
|-start|p2a: Greninja|typechange|Water|[from] Protean
|-activate|p1a: Heatran|Protect
|
|-heal|p1a: Heatran|322\/386|[from] item: Leftovers
|turn|12
|
|move|p2a: Greninja|Hydro Pump|p1a: Heatran|[miss]
|-miss|p2a: Greninja|p1a: Heatran
|move|p1a: Heatran|Stealth Rock|p2a: Greninja
|-sidestart|p2: naneek|move: Stealth Rock
|
|-heal|p1a: Heatran|346\/386|[from] item: Leftovers
|turn|13
|
|switch|p2a: Gyarados|Gyarados-Mega, F|331\/331
|-damage|p2a: Gyarados|290\/331|[from] Stealth Rock
|-ability|p2a: Gyarados|Mold Breaker
|move|p1a: Heatran|Protect|p1a: Heatran
|-fail|p1a: Heatran
|
|-heal|p1a: Heatran|370\/386|[from] item: Leftovers
|turn|14
|
|switch|p1a: Rotom-Wash|Rotom-Wash|303\/303
|move|p2a: Gyarados|Waterfall|p1a: Rotom-Wash
|-resisted|p1a: Rotom-Wash
|-damage|p1a: Rotom-Wash|240\/303
|
|-heal|p1a: Rotom-Wash|258\/303|[from] item: Leftovers
|turn|15
|
|switch|p2a: Latias|Latias, F|301\/301
|-damage|p2a: Latias|264\/301|[from] Stealth Rock
|move|p1a: Rotom-Wash|Volt Switch|p2a: Latias
|-resisted|p2a: Latias
|-damage|p2a: Latias|229\/301
|
|switch|p1a: Lopunny|Lopunny-Mega, F|41\/271
|
|turn|16
|
|move|p1a: Lopunny|Fake Out|p2a: Latias
|-damage|p2a: Latias|145\/301
|cant|p2a: Latias|flinch
|
|turn|17
|
|move|p1a: Lopunny|Return|p2a: Latias
|-damage|p2a: Latias|0 fnt
|faint|p2a: Latias
|
|
|switch|p2a: Mamoswine|Mamoswine, M|361\/361
|-damage|p2a: Mamoswine|316\/361|[from] Stealth Rock
|turn|18
|
|switch|p1a: Gothitelle|Gothitelle, M|31\/301
|move|p2a: Mamoswine|Ice Shard|p1a: Gothitelle
|-damage|p1a: Gothitelle|0 fnt
|faint|p1a: Gothitelle
|
|
|switch|p1a: Rotom-Wash|Rotom-Wash|258\/303
|turn|19
|
|switch|p2a: Magnezone|Magnezone|323\/323
|-damage|p2a: Magnezone|303\/323|[from] Stealth Rock
|move|p1a: Rotom-Wash|Volt Switch|p2a: Magnezone
|-resisted|p2a: Magnezone
|-damage|p2a: Magnezone|255\/323
|
|switch|p1a: Lopunny|Lopunny-Mega, F|41\/271
|
|turn|20
|
|move|p1a: Lopunny|High Jump Kick|p2a: Magnezone
|-supereffective|p2a: Magnezone
|-damage|p2a: Magnezone|0 fnt
|faint|p2a: Magnezone
|
|
|switch|p2a: Mamoswine|Mamoswine, M|316\/361
|-damage|p2a: Mamoswine|271\/361|[from] Stealth Rock
|turn|21
|
|switch|p1a: Rotom-Wash|Rotom-Wash|258\/303
|move|p2a: Mamoswine|Stealth Rock|p1a: Rotom-Wash
|-sidestart|p1: lil manaphy|move: Stealth Rock
|
|-heal|p1a: Rotom-Wash|276\/303|[from] item: Leftovers
|turn|22
|
|move|p2a: Mamoswine|Stealth Rock|p1a: Rotom-Wash
|-fail|p1a: Rotom-Wash
|move|p1a: Rotom-Wash|Hydro Pump|p2a: Mamoswine|[miss]
|-miss|p1a: Rotom-Wash|p2a: Mamoswine
|
|-heal|p1a: Rotom-Wash|294\/303|[from] item: Leftovers
|turn|23
|
|move|p2a: Mamoswine|Stealth Rock|p1a: Rotom-Wash
|-fail|p1a: Rotom-Wash
|move|p1a: Rotom-Wash|Hydro Pump|p2a: Mamoswine
|-supereffective|p2a: Mamoswine
|-damage|p2a: Mamoswine|0 fnt
|faint|p2a: Mamoswine
|
|-heal|p1a: Rotom-Wash|303\/303|[from] item: Leftovers
|
|switch|p2a: Greninja|Greninja, F|285\/285
|-damage|p2a: Greninja|250\/285|[from] Stealth Rock
|turn|24
|
|move|p2a: Greninja|Dark Pulse|p1a: Rotom-Wash
|-start|p2a: Greninja|typechange|Dark|[from] Protean
|-damage|p1a: Rotom-Wash|161\/303
|-damage|p2a: Greninja|222\/285|[from] item: Life Orb
|move|p1a: Rotom-Wash|Volt Switch|p2a: Greninja
|-damage|p2a: Greninja|92\/285
|
|switch|p1a: Celebi|Celebi|404\/404
|-damage|p1a: Celebi|354\/404|[from] Stealth Rock
|
|-heal|p1a: Celebi|379\/404|[from] item: Leftovers
|turn|25
|
|move|p2a: Greninja|Ice Beam|p1a: Celebi
|-start|p2a: Greninja|typechange|Ice|[from] Protean
|-supereffective|p1a: Celebi
|-damage|p1a: Celebi|106\/404
|-damage|p2a: Greninja|64\/285|[from] item: Life Orb
|move|p1a: Celebi|Giga Drain|p2a: Greninja
|-damage|p2a: Greninja|0 fnt
|-heal|p1a: Celebi|138\/404|[from] drain|[of] p2a: Greninja
|faint|p2a: Greninja
|
|-heal|p1a: Celebi|163\/404|[from] item: Leftovers
|
|switch|p2a: Talonflame|Talonflame, F|203\/297
|-damage|p2a: Talonflame|55\/297|[from] Stealth Rock
|turn|26
|
|move|p2a: Talonflame|Roost|p2a: Talonflame
|-heal|p2a: Talonflame|204\/297
|move|p1a: Celebi|Giga Drain|p2a: Talonflame
|-resisted|p2a: Talonflame
|-damage|p2a: Talonflame|149\/297
|-heal|p1a: Celebi|191\/404|[from] drain|[of] p2a: Talonflame
|
|-heal|p1a: Celebi|216\/404|[from] item: Leftovers
|turn|27
|
|move|p2a: Talonflame|Brave Bird|p1a: Celebi
|-supereffective|p1a: Celebi
|-damage|p1a: Celebi|0 fnt
|-damage|p2a: Talonflame|78\/297|[from] recoil|[of] p1a: Celebi
|faint|p1a: Celebi
|
|
|switch|p1a: Rotom-Wash|Rotom-Wash|161\/303
|-damage|p1a: Rotom-Wash|124\/303|[from] Stealth Rock
|turn|28
|
|move|p2a: Talonflame|Roost|p2a: Talonflame
|-heal|p2a: Talonflame|227\/297
|move|p1a: Rotom-Wash|Hydro Pump|p2a: Talonflame
|-supereffective|p2a: Talonflame
|-damage|p2a: Talonflame|0 fnt
|faint|p2a: Talonflame
|
|-heal|p1a: Rotom-Wash|142\/303|[from] item: Leftovers
|
|switch|p2a: Gyarados|Gyarados-Mega, F|290\/331
|-damage|p2a: Gyarados|249\/331|[from] Stealth Rock
|-ability|p2a: Gyarados|Mold Breaker
|turn|29
|
|move|p2a: Gyarados|Dragon Dance|p2a: Gyarados
|-boost|p2a: Gyarados|atk|1
|-boost|p2a: Gyarados|spe|1
|move|p1a: Rotom-Wash|Volt Switch|p2a: Gyarados
|-supereffective|p2a: Gyarados
|-damage|p2a: Gyarados|115\/331
|
|switch|p1a: Lopunny|Lopunny-Mega, F|41\/271
|-damage|p1a: Lopunny|25\/271|[from] Stealth Rock
|
|turn|30
|
|move|p1a: Lopunny|Fake Out|p2a: Gyarados
|-damage|p2a: Gyarados|52\/331
|cant|p2a: Gyarados|flinch
|
|turn|31
|
|switch|p1a: Heatran|Heatran, F|370\/386
|-damage|p1a: Heatran|322\/386|[from] Stealth Rock
|move|p2a: Gyarados|Waterfall|p1a: Heatran
|-supereffective|p1a: Heatran
|-damage|p1a: Heatran|0 fnt
|faint|p1a: Heatran
|
|
|switch|p1a: Lopunny|Lopunny-Mega, F|25\/271
|-damage|p1a: Lopunny|9\/271|[from] Stealth Rock
|turn|32
|-message|naneek forfeited.
|
|win|lil manaphy
|raw|Ladder updating...
|raw|lil manaphy's rating: 1726 &rarr; <strong>1736<\/strong><br \/>(+10 for winning)
|raw|naneek's rating: 1535 &rarr; <strong>1525<\/strong><br \/>(-10 for losing)
|leave|naneek
|player|p2