|join|naneek
|join|Steez Ibanez
|player|p1|naneek|2
|player|p2|Steez Ibanez|290
|gametype|singles
|gen|6
|tier|OU
|rated
|clearpoke
|poke|p1|Gyarados, F
|poke|p1|Magnezone
|poke|p1|Talonflame, F
|poke|p1|Latias, F
|poke|p1|Mamoswine, M
|poke|p1|Greninja, F
|poke|p2|Beedrill, M
|poke|p2|Rotom-Wash
|poke|p2|Landorus-Therian, M
|poke|p2|Heatran, M
|poke|p2|Latias, F
|poke|p2|Sylveon, M
|rule|Swagger Clause: Swagger is banned
|rule|Baton Pass Clause: Limit one PokÃ©mon knowing Baton Pass
|rule|Sleep Clause Mod: Limit one foe put to sleep
|rule|Species Clause: Limit one of each PokÃ©mon
|rule|OHKO Clause: OHKO moves are banned
|rule|Moody Clause: Moody is banned
|rule|Evasion Moves Clause: Evasion moves are banned
|rule|Endless Battle Clause: Forcing endless battles is banned
|rule|HP Percentage Mod: HP is shown in percentages
|teampreview
|
|start
|switch|p1a: Talonflame|Talonflame, F|297\/297
|switch|p2a: Shukaku|Landorus-Therian, M|381\/381
|-ability|p2a: Shukaku|Intimidate|[of] p1a: Talonflame
|-unboost|p1a: Talonflame|atk|1
|turn|1
|
|switch|p1a: Mamoswine|Mamoswine, M|361\/361
|move|p2a: Shukaku|Stone Edge|p1a: Mamoswine
|-damage|p1a: Mamoswine|208\/361
|
|turn|2
|
|move|p1a: Mamoswine|Knock Off|p2a: Shukaku
|-damage|p2a: Shukaku|233\/381
|-enditem|p2a: Shukaku|Leftovers|[from] move: Knock Off|[of] p1a: Mamoswine
|-damage|p1a: Mamoswine|172\/361|[from] item: Life Orb
|move|p2a: Shukaku|Earthquake|p1a: Mamoswine
|-damage|p1a: Mamoswine|0 fnt
|faint|p1a: Mamoswine
|
|
|switch|p1a: Gyarados|Gyarados, F|331\/331
|-ability|p1a: Gyarados|Intimidate|[of] p2a: Shukaku
|-unboost|p2a: Shukaku|atk|1
|turn|3
|
|move|p1a: Gyarados|Dragon Dance|p1a: Gyarados
|-boost|p1a: Gyarados|atk|1
|-boost|p1a: Gyarados|spe|1
|move|p2a: Shukaku|U-turn|p1a: Gyarados
|-resisted|p1a: Gyarados
|-damage|p1a: Gyarados|300\/331
|
|switch|p2a: Lavadora|Rotom-Wash|303\/303
|
|turn|4
|
|switch|p2a: Shukaku|Landorus-Therian, M|233\/381
|-ability|p2a: Shukaku|Intimidate|[of] p1a: Gyarados
|-unboost|p1a: Gyarados|atk|1
|detailschange|p1a: Gyarados|Gyarados-Mega, F
|message|Gyarados has Mega Evolved into Mega Gyarados!
|-ability|p1a: Gyarados|Mold Breaker
|move|p1a: Gyarados|Crunch|p2a: Shukaku
|-damage|p2a: Shukaku|85\/381
|
|turn|5
|
|move|p1a: Gyarados|Crunch|p2a: Shukaku
|-damage|p2a: Shukaku|0 fnt
|faint|p2a: Shukaku
|
|
|switch|p2a: Pixelmon|Sylveon, M|393\/393
|turn|6
|
|switch|p1a: Magnezone|Magnezone|323\/323
|move|p2a: Pixelmon|Hyper Voice|p1a: Magnezone
|-resisted|p1a: Magnezone
|-damage|p1a: Magnezone|242\/323
|
|turn|7
|
|move|p2a: Pixelmon|Protect|p2a: Pixelmon
|-singleturn|p2a: Pixelmon|Protect
|move|p1a: Magnezone|Volt Switch|p2a: Pixelmon
|-activate|p2a: Pixelmon|Protect
|
|turn|8
|
|move|p1a: Magnezone|Volt Switch|p2a: Pixelmon
|-damage|p2a: Pixelmon|230\/393
|
|switch|p1a: Talonflame|Talonflame, F|297\/297
|move|p2a: Pixelmon|Hyper Voice|p1a: Talonflame
|-resisted|p1a: Talonflame
|-damage|p1a: Talonflame|191\/297
|
|-heal|p2a: Pixelmon|254\/393|[from] item: Leftovers
|turn|9
|
|move|p1a: Talonflame|U-turn|p2a: Pixelmon
|-resisted|p2a: Pixelmon
|-damage|p2a: Pixelmon|225\/393
|
|switch|p1a: Magnezone|Magnezone|242\/323
|move|p2a: Pixelmon|Wish|p2a: Pixelmon
|
|-heal|p2a: Pixelmon|249\/393|[from] item: Leftovers
|turn|10
|
|move|p2a: Pixelmon|Protect|p2a: Pixelmon
|-singleturn|p2a: Pixelmon|Protect
|move|p1a: Magnezone|Flash Cannon|p2a: Pixelmon
|-activate|p2a: Pixelmon|Protect
|
|-heal|p2a: Pixelmon|393\/393|[from] move: Wish|[wisher] Pixelmon
|turn|11
|
|switch|p1a: Greninja|Greninja, F|285\/285
|switch|p2a: Lavadora|Rotom-Wash|303\/303
|
|turn|12
|
|move|p1a: Greninja|Dark Pulse|p2a: Lavadora
|-start|p1a: Greninja|typechange|Dark|[from] Protean
|-damage|p2a: Lavadora|161\/303
|-damage|p1a: Greninja|257\/285|[from] item: Life Orb
|move|p2a: Lavadora|Hydro Pump|p1a: Greninja
|-damage|p1a: Greninja|52\/285
|
|-heal|p2a: Lavadora|179\/303|[from] item: Leftovers
|turn|13
|
|switch|p1a: Latias|Latias, F|301\/301
|move|p2a: Lavadora|Volt Switch|p1a: Latias
|-resisted|p1a: Latias
|-damage|p1a: Latias|265\/301
|
|switch|p2a: Pixelmon|Sylveon, M|393\/393
|
|turn|14
|
|switch|p1a: Talonflame|Talonflame, F|191\/297
|move|p2a: Pixelmon|Hyper Voice|p1a: Talonflame
|-resisted|p1a: Talonflame
|-damage|p1a: Talonflame|92\/297
|
|turn|15
|
|move|p1a: Talonflame|Roost|p1a: Talonflame
|-heal|p1a: Talonflame|241\/297
|move|p2a: Pixelmon|Hyper Voice|p1a: Talonflame
|-resisted|p1a: Talonflame
|-damage|p1a: Talonflame|147\/297
|
|turn|16
|
|move|p1a: Talonflame|Roost|p1a: Talonflame
|-heal|p1a: Talonflame|296\/297
|move|p2a: Pixelmon|Wish|p2a: Pixelmon
|
|turn|17
|
|switch|p2a: Lavadora|Rotom-Wash|179\/303
|move|p1a: Talonflame|U-turn|p2a: Lavadora
|-damage|p2a: Lavadora|134\/303
|
|switch|p1a: Magnezone|Magnezone|242\/323
|
|-heal|p2a: Lavadora|303\/303|[from] move: Wish|[wisher] Pixelmon
|turn|18
|
|move|p2a: Lavadora|Volt Switch|p1a: Magnezone
|-resisted|p1a: Magnezone
|-damage|p1a: Magnezone|194\/323
|
|switch|p2a: Kuton|Heatran, M|385\/385
|move|p1a: Magnezone|Volt Switch|p2a: Kuton
|-damage|p2a: Kuton|246\/385
|
|switch|p1a: Gyarados|Gyarados-Mega, F|300\/331
|-ability|p1a: Gyarados|Mold Breaker
|
|-heal|p2a: Kuton|270\/385|[from] item: Leftovers
|turn|19
|
|switch|p2a: Pixelmon|Sylveon, M|393\/393
|move|p1a: Gyarados|Waterfall|p2a: Pixelmon
|-damage|p2a: Pixelmon|222\/393
|
|-heal|p2a: Pixelmon|246\/393|[from] item: Leftovers
|turn|20
|
|move|p1a: Gyarados|Waterfall|p2a: Pixelmon
|-damage|p2a: Pixelmon|92\/393
|move|p2a: Pixelmon|Hyper Voice|p1a: Gyarados
|-supereffective|p1a: Gyarados
|-damage|p1a: Gyarados|72\/331
|
|-heal|p2a: Pixelmon|116\/393|[from] item: Leftovers
|turn|21
|
|switch|p2a: Latias|Latias, F|301\/301
|move|p1a: Gyarados|Crunch|p2a: Latias
|-supereffective|p2a: Latias
|-damage|p2a: Latias|0 fnt
|faint|p2a: Latias
|
|c|âSteez Ibanez|nice
|
|switch|p2a: Lavadora|Rotom-Wash|303\/303
|turn|22
|
|switch|p1a: Latias|Latias, F|265\/301
|move|p2a: Lavadora|Volt Switch|p1a: Latias
|-resisted|p1a: Latias
|-damage|p1a: Latias|233\/301
|
|switch|p2a: Pixelmon|Sylveon, M|116\/393
|
|-heal|p2a: Pixelmon|140\/393|[from] item: Leftovers
|turn|23
|
|move|p1a: Latias|Psyshock|p2a: Pixelmon
|-damage|p2a: Pixelmon|0 fnt
|-damage|p1a: Latias|203\/301|[from] item: Life Orb
|faint|p2a: Pixelmon
|
|
|switch|p2a: Kuton|Heatran, M|270\/385
|turn|24
|
|move|p1a: Latias|Healing Wish|p1a: Latias
|faint|p1a: Latias
|move|p2a: Kuton|Toxic|p1: Latias|[notarget]
|-notarget
|
|-heal|p2a: Kuton|294\/385|[from] item: Leftovers
|
|switch|p1a: Gyarados|Gyarados-Mega, F|72\/331
|-heal|p1a: Gyarados|331\/331|[from] move: Healing Wish
|-ability|p1a: Gyarados|Mold Breaker
|turn|25
|
|move|p1a: Gyarados|Waterfall|p2a: Kuton
|-supereffective|p2a: Kuton
|-damage|p2a: Kuton|0 fnt
|faint|p2a: Kuton
|
|
|switch|p2a: Lotus|Beedrill, M|271\/271
|turn|26
|
|switch|p1a: Greninja|Greninja, F|52\/285
|detailschange|p2a: Lotus|Beedrill-Mega, M
|message|Beedrill has Mega Evolved into Mega Beedrill!
|move|p2a: Lotus|U-turn|p1a: Greninja
|-supereffective|p1a: Greninja
|-damage|p1a: Greninja|0 fnt
|faint|p1a: Greninja
|
|switch|p2a: Lavadora|Rotom-Wash|303\/303
|
|
|switch|p1a: Magnezone|Magnezone|194\/323
|turn|27
|
|move|p2a: Lavadora|Hydro Pump|p1a: Magnezone
|-damage|p1a: Magnezone|32\/323
|move|p1a: Magnezone|Volt Switch|p2a: Lavadora
|-damage|p2a: Lavadora|117\/303
|
|switch|p1a: Gyarados|Gyarados-Mega, F|331\/331
|-ability|p1a: Gyarados|Mold Breaker
|
|-heal|p2a: Lavadora|135\/303|[from] item: Leftovers
|turn|28
|
|move|p1a: Gyarados|Crunch|p2a: Lavadora
|-damage|p2a: Lavadora|17\/303
|move|p2a: Lavadora|Pain Split|p1a: Gyarados
|-sethp|p1a: Gyarados|174\/331|p2a: Lavadora|174\/303|[from] move: Pain Split
|
|-heal|p2a: Lavadora|192\/303|[from] item: Leftovers
|turn|29
|
|move|p1a: Gyarados|Crunch|p2a: Lavadora
|-damage|p2a: Lavadora|74\/303
|move|p2a: Lavadora|Volt Switch|p1a: Gyarados
|-supereffective|p1a: Gyarados
|-damage|p1a: Gyarados|30\/331
|
|switch|p2a: Lotus|Beedrill-Mega, M|271\/271
|
|turn|30
|
|switch|p1a: Magnezone|Magnezone|32\/323
|move|p2a: Lotus|U-turn|p1a: Magnezone
|-resisted|p1a: Magnezone
|-damage|p1a: Magnezone|0 fnt
|faint|p1a: Magnezone
|
|switch|p2a: Lavadora|Rotom-Wash|74\/303
|
|-heal|p2a: Lavadora|92\/303|[from] item: Leftovers
|
|switch|p1a: Gyarados|Gyarados-Mega, F|30\/331
|-ability|p1a: Gyarados|Mold Breaker
|turn|31
|
|switch|p2a: Lotus|Beedrill-Mega, M|271\/271
|move|p1a: Gyarados|Crunch|p2a: Lotus
|-damage|p2a: Lotus|0 fnt
|faint|p2a: Lotus
|
|c|âSteez Ibanez|lol
|
|switch|p2a: Lavadora|Rotom-Wash|92\/303
|turn|32
|c|âSteez Ibanez|smh
|c|ânaneek|that bulk
|
|move|p1a: Gyarados|Crunch|p2a: Lavadora
|-damage|p2a: Lavadora|0 fnt
|faint|p2a: Lavadora
|
|win|naneek
|raw|Ladder updating...
|raw|naneek's rating: 1574 &rarr; <strong>1591<\/strong><br \/>(+17 for winning)
|raw|Steez Ibanez's rating: 1523 &rarr; <strong>1505<\/strong><br \/>(-18 for losing)