|join|pachuco
|join|naneek
|player|p1|pachuco|266
|player|p2|naneek|170
|gametype|singles
|gen|6
|tier|OU
|rated
|clearpoke
|poke|p1|Tyranitar, M
|poke|p1|Excadrill, M
|poke|p1|Landorus, M
|poke|p1|Breloom, M
|poke|p1|Gyarados, M
|poke|p1|Latios, M
|poke|p2|Aegislash, M
|poke|p2|Landorus, M
|poke|p2|Tyranitar, M
|poke|p2|Rotom-Wash
|poke|p2|Conkeldurr, M
|poke|p2|Scizor, M
|rule|Sleep Clause Mod: Limit one foe put to sleep
|rule|Species Clause: Limit one of each Pokemon
|rule|OHKO Clause: OHKO moves are banned
|rule|Moody Clause: Moody is banned
|rule|Evasion Moves Clause: Evasion moves are banned
|rule|Endless Battle Clause: Forcing endless battles is banned.
|rule|HP Percentage Mod: HP is reported as percentages
|teampreview
|
|start
|switch|p1a: Breloom|Breloom, M|261\/261
|switch|p2a: Conkeldurr|Conkeldurr, M|385\/385
|turn|1
|
|switch|p2a: Tyranitar|Tyranitar, M|342\/342
|-weather|Sandstorm
|move|p1a: Breloom|Spore|p2a: Tyranitar
|-status|p2a: Tyranitar|slp
|
|-weather|Sandstorm|[upkeep]
|-damage|p1a: Breloom|245\/261|[from] sandstorm
|turn|2
|
|switch|p2a: Aegislash|Aegislash, M|321\/321
|move|p1a: Breloom|Bullet Seed|p2a: Aegislash
|-resisted|p2a: Aegislash
|-damage|p2a: Aegislash|296\/321
|-resisted|p2a: Aegislash
|-damage|p2a: Aegislash|274\/321
|-hitcount|p2a: Aegislash|2
|
|-weather|Sandstorm|[upkeep]
|-damage|p1a: Breloom|229\/261|[from] sandstorm
|-heal|p2a: Aegislash|294\/321|[from] item: Leftovers
|turn|3
|
|switch|p1a: Tyranitar|Tyranitar, M|365\/365
|-formechange|p2a: Aegislash|Aegislash-Blade
|move|p2a: Aegislash|Sacred Sword|p1a: Tyranitar
|-supereffective|p1a: Tyranitar
|-damage|p1a: Tyranitar|0 fnt
|faint|p1a: Tyranitar
|
|-weather|Sandstorm|[upkeep]
|-heal|p2a: Aegislash|314\/321|[from] item: Leftovers
|
|switch|p1a: Gyarados|Gyarados, M|333\/333
|-ability|p1a: Gyarados|Intimidate|[of] p2a: Aegislash
|-unboost|p2a: Aegislash|atk|1
|turn|4
|
|switch|p2a: Rotom-Wash|Rotom-Wash|303\/303
|detailschange|p1a: Gyarados|Gyarados-Mega, M
|message|Gyarados has Mega Evolved into Mega Gyarados!
|-ability|p1a: Gyarados|Mold Breaker
|move|p1a: Gyarados|Dragon Dance|p1a: Gyarados
|-boost|p1a: Gyarados|atk|1
|-boost|p1a: Gyarados|spe|1
|
|-weather|Sandstorm|[upkeep]
|-damage|p1a: Gyarados|313\/333|[from] sandstorm
|-damage|p2a: Rotom-Wash|285\/303|[from] sandstorm
|-heal|p2a: Rotom-Wash|303\/303|[from] item: Leftovers
|turn|5
|
|move|p1a: Gyarados|Earthquake|p2a: Rotom-Wash
|-supereffective|p2a: Rotom-Wash
|-damage|p2a: Rotom-Wash|0 fnt
|faint|p2a: Rotom-Wash
|
|-weather|none
|
|switch|p2a: Conkeldurr|Conkeldurr, M|385\/385
|turn|6
|
|switch|p1a: Breloom|Breloom, M|229\/261
|move|p2a: Conkeldurr|Drain Punch|p1a: Breloom
|-damage|p1a: Breloom|37\/261
|
|turn|7
|
|move|p1a: Breloom|Mach Punch|p2a: Conkeldurr
|-damage|p2a: Conkeldurr|274\/385
|move|p2a: Conkeldurr|Drain Punch|p1a: Breloom
|-damage|p1a: Breloom|0 fnt
|-heal|p2a: Conkeldurr|293\/385|[from] drain|[of] p1a: Breloom
|faint|p1a: Breloom
|
|
|switch|p1a: Latios|Latios, M|301\/301
|turn|8
|
|switch|p1a: Gyarados|Gyarados-Mega, M|313\/333
|-ability|p1a: Gyarados|Mold Breaker
|switch|p2a: Aegislash|Aegislash, M|314\/321
|
|-heal|p2a: Aegislash|321\/321|[from] item: Leftovers
|turn|9
|
|move|p1a: Gyarados|Earthquake|p2a: Aegislash
|-supereffective|p2a: Aegislash
|-damage|p2a: Aegislash|103\/321
|-formechange|p2a: Aegislash|Aegislash-Blade
|move|p2a: Aegislash|Sacred Sword|p1a: Gyarados
|-supereffective|p1a: Gyarados
|-damage|p1a: Gyarados|135\/333
|
|-heal|p2a: Aegislash|123\/321|[from] item: Leftovers
|turn|10
|
|switch|p2a: Landorus|Landorus, M|320\/320
|move|p1a: Gyarados|Waterfall|p2a: Landorus
|-supereffective|p2a: Landorus
|-damage|p2a: Landorus|0 fnt
|faint|p2a: Landorus
|
|
|switch|p2a: Conkeldurr|Conkeldurr, M|293\/385
|turn|11
|
|move|p1a: Gyarados|Waterfall|p2a: Conkeldurr
|-damage|p2a: Conkeldurr|116\/385
|move|p2a: Conkeldurr|Knock Off|p1a: Gyarados
|-resisted|p1a: Gyarados
|-damage|p1a: Gyarados|96\/333
|
|turn|12
|
|move|p2a: Conkeldurr|Mach Punch|p1a: Gyarados
|-supereffective|p1a: Gyarados
|-damage|p1a: Gyarados|0 fnt
|faint|p1a: Gyarados
|
|
|switch|p1a: Landorus|Landorus, M|319\/319
|turn|13
|
|switch|p2a: Tyranitar|Tyranitar, M|342\/342 slp
|-weather|Sandstorm
|move|p1a: Landorus|Earth Power|p2a: Tyranitar
|-supereffective|p2a: Tyranitar
|-damage|p2a: Tyranitar|0 fnt
|faint|p2a: Tyranitar
|
|-weather|Sandstorm|[upkeep]
|
|switch|p2a: Scizor|Scizor, M|343\/343
|turn|14
|
|detailschange|p2a: Scizor|Scizor-Mega, M
|message|Scizor has Mega Evolved into Mega Scizor!
|move|p1a: Landorus|Earth Power|p2a: Scizor
|-damage|p2a: Scizor|148\/343
|move|p2a: Scizor|Swords Dance|p2a: Scizor
|-boost|p2a: Scizor|atk|2
|
|-weather|Sandstorm|[upkeep]
|turn|15
|
|move|p2a: Scizor|Bullet Punch|p1a: Landorus
|-damage|p1a: Landorus|60\/319
|move|p1a: Landorus|Earth Power|p2a: Scizor
|-damage|p2a: Scizor|0 fnt
|faint|p2a: Scizor
|
|-weather|Sandstorm|[upkeep]
|
|switch|p2a: Aegislash|Aegislash, M|123\/321
|turn|16
|
|-formechange|p2a: Aegislash|Aegislash-Blade
|move|p2a: Aegislash|Shadow Sneak|p1a: Landorus
|-damage|p1a: Landorus|0 fnt
|faint|p1a: Landorus
|
|-weather|Sandstorm|[upkeep]
|-heal|p2a: Aegislash|143\/321|[from] item: Leftovers
|
|switch|p1a: Excadrill|Excadrill, M|359\/359
|turn|17
|
|move|p1a: Excadrill|Earthquake|p2a: Aegislash
|-supereffective|p2a: Aegislash
|-damage|p2a: Aegislash|0 fnt
|-damage|p1a: Excadrill|324\/359|[from] item: Life Orb
|faint|p2a: Aegislash
|
|-weather|none
|-message|naneek forfeited.
|
|win|pachuco
|raw|Ladder updating...
|leave|naneek
|player|p2
|raw|pachuco's rating: 1892 &rarr; <strong>1901<\/strong><br \/>(+9 for winning)
|raw|naneek's rating: 1654 &rarr; <strong>1646<\/strong><br \/>(-8 for losing)