|join|naneek
|join|Test04112005
|player|p1|naneek|175
|player|p2|Test04112005|169
|gametype|singles
|gen|6
|tier|OU
|rated
|clearpoke
|poke|p1|Metagross
|poke|p1|Thundurus, M
|poke|p1|Landorus-Therian, M
|poke|p1|Keldeo-Resolute
|poke|p1|Latios, M
|poke|p1|Rotom-Wash
|poke|p2|Cofagrigus, M
|poke|p2|Venusaur, F
|poke|p2|Heatran, F
|poke|p2|Cresselia, F
|poke|p2|Chansey, F
|poke|p2|Quagsire, F
|rule|Swagger Clause: Swagger is banned
|rule|Baton Pass Clause: Limit one PokÃ©mon knowing Baton Pass
|rule|Sleep Clause Mod: Limit one foe put to sleep
|rule|Species Clause: Limit one of each PokÃ©mon
|rule|OHKO Clause: OHKO moves are banned
|rule|Moody Clause: Moody is banned
|rule|Evasion Moves Clause: Evasion moves are banned
|rule|Endless Battle Clause: Forcing endless battles is banned
|rule|HP Percentage Mod: HP is shown in percentages
|teampreview
|
|start
|switch|p1a: Landorus-Therian|Landorus-Therian, M|381\/381
|switch|p2a: Venusaur|Venusaur, F|364\/364
|-ability|p1a: Landorus-Therian|Intimidate|[of] p2a: Venusaur
|-unboost|p2a: Venusaur|atk|1
|turn|1
|
|detailschange|p2a: Venusaur|Venusaur-Mega, F
|message|Venusaur has Mega Evolved into Mega Venusaur!
|move|p1a: Landorus-Therian|Stealth Rock|p2a: Venusaur
|-sidestart|p2: Test04112005|move: Stealth Rock
|move|p2a: Venusaur|Leech Seed|p1a: Landorus-Therian
|-start|p1a: Landorus-Therian|move: Leech Seed
|
|-damage|p1a: Landorus-Therian|334\/381|[from] Leech Seed|[of] p2a: Venusaur
|turn|2
|
|move|p1a: Landorus-Therian|U-turn|p2a: Venusaur
|-damage|p2a: Venusaur|317\/364
|
|switch|p1a: Metagross|Metagross|301\/301
|move|p2a: Venusaur|Giga Drain|p1a: Metagross
|-resisted|p1a: Metagross
|-damage|p1a: Metagross|241\/301
|-heal|p2a: Venusaur|347\/364|[from] drain|[of] p1a: Metagross
|
|turn|3
|
|switch|p2a: Cresselia|Cresselia, F|441\/441
|-damage|p2a: Cresselia|386\/441|[from] Stealth Rock
|detailschange|p1a: Metagross|Metagross-Mega
|message|Metagross has Mega Evolved into Mega Metagross!
|move|p1a: Metagross|Zen Headbutt|p2a: Cresselia
|-resisted|p2a: Cresselia
|-damage|p2a: Cresselia|325\/441
|
|-heal|p2a: Cresselia|352\/441|[from] item: Leftovers
|turn|4
|
|move|p1a: Metagross|Meteor Mash|p2a: Cresselia
|-damage|p2a: Cresselia|211\/441
|move|p2a: Cresselia|Reflect|p2a: Cresselia
|-sidestart|p2: Test04112005|Reflect
|
|-heal|p2a: Cresselia|238\/441|[from] item: Leftovers
|turn|5
|
|move|p1a: Metagross|Meteor Mash|p2a: Cresselia
|-damage|p2a: Cresselia|166\/441
|move|p2a: Cresselia|Moonlight|p2a: Cresselia
|-heal|p2a: Cresselia|386\/441
|
|-heal|p2a: Cresselia|413\/441|[from] item: Leftovers
|turn|6
|
|switch|p2a: Quagsire|Quagsire, F|394\/394
|-damage|p2a: Quagsire|370\/394|[from] Stealth Rock
|move|p1a: Metagross|Meteor Mash|p2a: Quagsire
|-resisted|p2a: Quagsire
|-damage|p2a: Quagsire|326\/394
|
|-heal|p2a: Quagsire|350\/394|[from] item: Leftovers
|turn|7
|
|switch|p1a: Rotom-Wash|Rotom-Wash|303\/303
|move|p2a: Quagsire|Scald|p1a: Rotom-Wash
|-resisted|p1a: Rotom-Wash
|-damage|p1a: Rotom-Wash|272\/303
|-status|p1a: Rotom-Wash|brn
|
|-heal|p2a: Quagsire|374\/394|[from] item: Leftovers
|-damage|p1a: Rotom-Wash|235\/303 brn|[from] brn
|turn|8
|
|switch|p2a: Heatran|Heatran, F|385\/385
|-damage|p2a: Heatran|337\/385|[from] Stealth Rock
|move|p1a: Rotom-Wash|Trick|p2a: Heatran
|-activate|p1a: Rotom-Wash|move: Trick|[of] p2a: Heatran
|-item|p2a: Heatran|Choice Scarf|[from] move: Trick
|-item|p1a: Rotom-Wash|Leftovers|[from] move: Trick
|
|-heal|p1a: Rotom-Wash|253\/303 brn|[from] item: Leftovers
|-damage|p1a: Rotom-Wash|216\/303 brn|[from] brn
|-sideend|p2: Test04112005|Reflect
|turn|9
|
|move|p1a: Rotom-Wash|Volt Switch|p2a: Heatran
|-damage|p2a: Heatran|277\/385
|
|switch|p1a: Latios|Latios, M|301\/301
|move|p2a: Heatran|Stealth Rock|p1a: Latios
|-sidestart|p1: naneek|move: Stealth Rock
|
|turn|10
|
|switch|p2a: Cresselia|Cresselia, F|413\/441
|-damage|p2a: Cresselia|358\/441|[from] Stealth Rock
|move|p1a: Latios|Defog|p2a: Cresselia
|-unboost|p2a: Cresselia|evasion|1
|-sideend|p2: Test04112005|Stealth Rock|[from] move: Defog|[of] p2a: Cresselia
|-sideend|p1: naneek|Stealth Rock|[from] move: Defog|[of] p1a: Latios
|
|-heal|p2a: Cresselia|385\/441|[from] item: Leftovers
|turn|11
|
|move|p1a: Latios|Draco Meteor|p2a: Cresselia
|-damage|p2a: Cresselia|135\/441
|-unboost|p1a: Latios|spa|2
|-damage|p1a: Latios|271\/301|[from] item: Life Orb
|move|p2a: Cresselia|Reflect|p2a: Cresselia
|-sidestart|p2: Test04112005|Reflect
|
|-heal|p2a: Cresselia|162\/441|[from] item: Leftovers
|turn|12
|
|switch|p1a: Thundurus|Thundurus, M|299\/299
|move|p2a: Cresselia|Moonlight|p2a: Cresselia
|-heal|p2a: Cresselia|382\/441
|
|-heal|p2a: Cresselia|409\/441|[from] item: Leftovers
|turn|13
|
|switch|p2a: Venusaur|Venusaur-Mega, F|347\/364
|move|p1a: Thundurus|Taunt|p2a: Venusaur
|-start|p2a: Venusaur|move: Taunt
|
|turn|14
|
|switch|p1a: Latios|Latios, M|271\/301
|move|p2a: Venusaur|Sludge Bomb|p1a: Latios
|-damage|p1a: Latios|151\/301
|
|turn|15
|
|switch|p1a: Landorus-Therian|Landorus-Therian, M|334\/381
|-ability|p1a: Landorus-Therian|Intimidate|[of] p2a: Venusaur
|-unboost|p2a: Venusaur|atk|1
|move|p2a: Venusaur|Sludge Bomb|p1a: Landorus-Therian
|-resisted|p1a: Landorus-Therian
|-damage|p1a: Landorus-Therian|259\/381
|
|-heal|p1a: Landorus-Therian|282\/381|[from] item: Leftovers
|-sideend|p2: Test04112005|Reflect
|turn|16
|
|move|p1a: Landorus-Therian|U-turn|p2a: Venusaur
|-damage|p2a: Venusaur|295\/364
|
|switch|p1a: Latios|Latios, M|151\/301
|move|p2a: Venusaur|Giga Drain|p1a: Latios
|-resisted|p1a: Latios
|-damage|p1a: Latios|100\/301
|-heal|p2a: Venusaur|321\/364|[from] drain|[of] p1a: Latios
|
|-end|p2a: Venusaur|move: Taunt
|turn|17
|
|switch|p2a: Cresselia|Cresselia, F|409\/441
|move|p1a: Latios|Psyshock|p2a: Cresselia
|-resisted|p2a: Cresselia
|-damage|p2a: Cresselia|353\/441
|-damage|p1a: Latios|70\/301|[from] item: Life Orb
|
|-heal|p2a: Cresselia|380\/441|[from] item: Leftovers
|turn|18
|
|switch|p1a: Landorus-Therian|Landorus-Therian, M|282\/381
|-ability|p1a: Landorus-Therian|Intimidate|[of] p2a: Cresselia
|-unboost|p2a: Cresselia|atk|1
|move|p2a: Cresselia|Reflect|p2a: Cresselia
|-sidestart|p2: Test04112005|Reflect
|
|-heal|p1a: Landorus-Therian|305\/381|[from] item: Leftovers
|-heal|p2a: Cresselia|407\/441|[from] item: Leftovers
|turn|19
|
|move|p1a: Landorus-Therian|Knock Off|p2a: Cresselia
|-supereffective|p2a: Cresselia
|-damage|p2a: Cresselia|337\/441
|-enditem|p2a: Cresselia|Leftovers|[from] move: Knock Off|[of] p1a: Landorus-Therian
|move|p2a: Cresselia|Ice Beam|p1a: Landorus-Therian
|-crit|p1a: Landorus-Therian
|-supereffective|p1a: Landorus-Therian
|-damage|p1a: Landorus-Therian|0 fnt
|faint|p1a: Landorus-Therian
|
|
|switch|p1a: Thundurus|Thundurus, M|299\/299
|turn|20
|
|switch|p2a: Venusaur|Venusaur-Mega, F|321\/364
|move|p1a: Thundurus|Thunderbolt|p2a: Venusaur
|-resisted|p2a: Venusaur
|-damage|p2a: Venusaur|239\/364
|-status|p2a: Venusaur|par
|-damage|p1a: Thundurus|270\/299|[from] item: Life Orb
|
|turn|21
|
|switch|p1a: Latios|Latios, M|70\/301
|move|p2a: Venusaur|Sludge Bomb|p1a: Latios
|-crit|p1a: Latios
|-damage|p1a: Latios|0 fnt
|faint|p1a: Latios
|
|
|switch|p1a: Metagross|Metagross-Mega|241\/301
|turn|22
|
|switch|p2a: Cresselia|Cresselia, F|337\/441
|move|p1a: Metagross|Meteor Mash|p2a: Cresselia
|-damage|p2a: Cresselia|257\/441
|
|-sideend|p2: Test04112005|Reflect
|turn|23
|
|move|p1a: Metagross|Meteor Mash|p2a: Cresselia
|-damage|p2a: Cresselia|116\/441
|-boost|p1a: Metagross|atk|1
|move|p2a: Cresselia|Moonlight|p2a: Cresselia
|-heal|p2a: Cresselia|336\/441
|
|turn|24
|
|move|p1a: Metagross|Meteor Mash|p2a: Cresselia
|-damage|p2a: Cresselia|122\/441
|move|p2a: Cresselia|Reflect|p2a: Cresselia
|-sidestart|p2: Test04112005|Reflect
|
|turn|25
|
|move|p1a: Metagross|Meteor Mash|p2a: Cresselia
|-damage|p2a: Cresselia|7\/441
|move|p2a: Cresselia|Moonlight|p2a: Cresselia
|-heal|p2a: Cresselia|227\/441
|
|turn|26
|
|move|p1a: Metagross|Meteor Mash|p2a: Cresselia
|-damage|p2a: Cresselia|111\/441
|move|p2a: Cresselia|Moonlight|p2a: Cresselia
|-heal|p2a: Cresselia|331\/441
|
|turn|27
|
|move|p1a: Metagross|Meteor Mash|p2a: Cresselia|[miss]
|-miss|p1a: Metagross|p2a: Cresselia
|move|p2a: Cresselia|Moonlight|p2a: Cresselia
|-heal|p2a: Cresselia|441\/441
|
|turn|28
|
|switch|p2a: Cofagrigus|Cofagrigus, M|319\/319
|move|p1a: Metagross|Meteor Mash|p2a: Cofagrigus
|-damage|p2a: Cofagrigus|222\/319
|-endability|p1a: Metagross|toughclaws|[from] Mummy
|-ability|p1a: Metagross|Mummy|[from] Mummy
|
|-heal|p2a: Cofagrigus|241\/319|[from] item: Leftovers
|-sideend|p2: Test04112005|Reflect
|turn|29
|
|switch|p1a: Rotom-Wash|Rotom-Wash|216\/303 brn
|move|p2a: Cofagrigus|Will-O-Wisp|p1a: Rotom-Wash
|-fail|p1a: Rotom-Wash|brn
|
|-heal|p1a: Rotom-Wash|234\/303 brn|[from] item: Leftovers
|-heal|p2a: Cofagrigus|260\/319|[from] item: Leftovers
|-damage|p1a: Rotom-Wash|197\/303 brn|[from] brn
|turn|30
|-message|naneek forfeited.
|
|win|Test04112005
|raw|Ladder updating...
|leave|naneek
|player|p1
|raw|naneek's rating: 1588 &rarr; <strong>1567<\/strong><br \/>(-21 for losing)
|raw|Test04112005's rating: 1572 &rarr; <strong>1593<\/strong><br \/>(+21 for winning)