|join|R3PR0
|join|naneek
|player|p1|R3PR0|232
|player|p2|naneek|175
|gametype|singles
|gen|6
|tier|OU
|rated
|clearpoke
|poke|p1|Metagross
|poke|p1|Talonflame, M
|poke|p1|Greninja, M
|poke|p1|Rotom-Wash
|poke|p1|Tyranitar, F
|poke|p1|Excadrill, M
|poke|p2|Metagross
|poke|p2|Sylveon, M
|poke|p2|Landorus, M
|poke|p2|Ferrothorn, M
|poke|p2|Rotom-Wash
|poke|p2|Latios, M
|rule|Swagger Clause: Swagger is banned
|rule|Baton Pass Clause: Limit one PokÃ©mon knowing Baton Pass
|rule|Sleep Clause Mod: Limit one foe put to sleep
|rule|Species Clause: Limit one of each PokÃ©mon
|rule|OHKO Clause: OHKO moves are banned
|rule|Moody Clause: Moody is banned
|rule|Evasion Moves Clause: Evasion moves are banned
|rule|Endless Battle Clause: Forcing endless battles is banned
|rule|HP Percentage Mod: HP is shown in percentages
|teampreview
|
|start
|switch|p1a: Rotom-Wash|Rotom-Wash|241\/241
|switch|p2a: Sylveon|Sylveon, M|392\/392
|turn|1
|
|move|p1a: Rotom-Wash|Volt Switch|p2a: Sylveon
|-damage|p2a: Sylveon|308\/392
|
|switch|p1a: Metagross|Metagross|302\/302
|move|p2a: Sylveon|Hyper Voice|p1a: Metagross
|-resisted|p1a: Metagross
|-damage|p1a: Metagross|147\/302
|
|turn|2
|
|switch|p2a: Rotom-Wash|Rotom-Wash|303\/303
|detailschange|p1a: Metagross|Metagross-Mega
|message|Metagross has Mega Evolved into Mega Metagross!
|move|p1a: Metagross|Hammer Arm|p2a: Rotom-Wash
|-crit|p2a: Rotom-Wash
|-damage|p2a: Rotom-Wash|133\/303
|-unboost|p1a: Metagross|spe|1
|
|-heal|p2a: Rotom-Wash|151\/303|[from] item: Leftovers
|turn|3
|
|move|p1a: Metagross|Zen Headbutt|p2a: Rotom-Wash
|-damage|p2a: Rotom-Wash|22\/303
|move|p2a: Rotom-Wash|Volt Switch|p1a: Metagross
|-damage|p1a: Metagross|66\/302
|
|switch|p2a: Landorus|Landorus, M|319\/319
|
|turn|4
|
|switch|p1a: Rotom-Wash|Rotom-Wash|241\/241
|move|p2a: Landorus|Knock Off|p1a: Rotom-Wash
|-damage|p1a: Rotom-Wash|123\/241
|-enditem|p1a: Rotom-Wash|Choice Scarf|[from] move: Knock Off|[of] p2a: Landorus
|-damage|p2a: Landorus|288\/319|[from] item: Life Orb
|
|turn|5
|
|move|p2a: Landorus|Focus Blast|p1a: Rotom-Wash
|-damage|p1a: Rotom-Wash|0 fnt
|faint|p1a: Rotom-Wash
|
|
|switch|p1a: Greninja|Greninja, M|285\/285
|turn|6
|
|switch|p1a: Talonflame|Talonflame, M|319\/319
|switch|p2a: Ferrothorn|Ferrothorn, M|351\/351
|
|turn|7
|
|move|p1a: Talonflame|Flare Blitz|p2a: Ferrothorn
|-supereffective|p2a: Ferrothorn
|-damage|p2a: Ferrothorn|0 fnt
|-damage|p1a: Talonflame|280\/319|[from] ability: Iron Barbs|[of] p2a: Ferrothorn
|-damage|p1a: Talonflame|164\/319|[from] recoil|[of] p2a: Ferrothorn
|faint|p2a: Ferrothorn
|
|
|switch|p2a: Latios|Latios, M|301\/301
|turn|8
|
|switch|p2a: Landorus|Landorus, M|288\/319
|switch|p1a: Tyranitar|Tyranitar, F|401\/401
|-weather|Sandstorm
|
|-weather|Sandstorm|[upkeep]
|turn|9
|
|move|p2a: Landorus|Stealth Rock|p1a: Tyranitar
|-sidestart|p1: R3PR0|move: Stealth Rock
|move|p1a: Tyranitar|Ice Beam|p2a: Landorus
|-supereffective|p2a: Landorus
|-damage|p2a: Landorus|0 fnt
|faint|p2a: Landorus
|
|-weather|Sandstorm|[upkeep]
|
|switch|p2a: Metagross|Metagross|301\/301
|turn|10
|
|switch|p1a: Metagross|Metagross-Mega|66\/302
|-damage|p1a: Metagross|48\/302|[from] Stealth Rock
|detailschange|p2a: Metagross|Metagross-Mega
|message|Metagross has Mega Evolved into Mega Metagross!
|move|p2a: Metagross|Meteor Mash|p1a: Metagross
|-resisted|p1a: Metagross
|-damage|p1a: Metagross|0 fnt
|faint|p1a: Metagross
|
|-weather|Sandstorm|[upkeep]
|
|switch|p1a: Excadrill|Excadrill, M|362\/362
|-damage|p1a: Excadrill|351\/362|[from] Stealth Rock
|-item|p1a: Excadrill|Air Balloon
|turn|11
|
|move|p2a: Metagross|Bullet Punch|p1a: Excadrill
|-resisted|p1a: Excadrill
|-damage|p1a: Excadrill|270\/362
|-enditem|p1a: Excadrill|Air Balloon
|move|p1a: Excadrill|Earthquake|p2a: Metagross
|-supereffective|p2a: Metagross
|-damage|p2a: Metagross|65\/301
|
|-weather|Sandstorm|[upkeep]
|turn|12
|
|move|p1a: Excadrill|Earthquake|p2a: Metagross
|-supereffective|p2a: Metagross
|-damage|p2a: Metagross|0 fnt
|faint|p2a: Metagross
|
|-weather|Sandstorm|[upkeep]
|-message|naneek forfeited.
|
|win|R3PR0
|raw|Ladder updating...
|leave|naneek
|player|p2
|raw|R3PR0's rating: 1585 &rarr; <strong>1602<\/strong><br \/>(+17 for winning)
|raw|naneek's rating: 1538 &rarr; <strong>1520<\/strong><br \/>(-18 for losing)