|join|naneek
|join|R3PR0
|player|p1|naneek|175
|player|p2|R3PR0|232
|gametype|singles
|gen|6
|tier|OU
|rated
|clearpoke
|poke|p1|Metagross
|poke|p1|Sylveon, F
|poke|p1|Landorus, M
|poke|p1|Ferrothorn, F
|poke|p1|Rotom-Wash
|poke|p1|Keldeo
|poke|p2|Metagross
|poke|p2|Talonflame, F
|poke|p2|Greninja, M
|poke|p2|Rotom-Wash
|poke|p2|Tyranitar, M
|poke|p2|Excadrill, F
|rule|Swagger Clause: Swagger is banned
|rule|Baton Pass Clause: Limit one PokÃ©mon knowing Baton Pass
|rule|Sleep Clause Mod: Limit one foe put to sleep
|rule|Species Clause: Limit one of each PokÃ©mon
|rule|OHKO Clause: OHKO moves are banned
|rule|Moody Clause: Moody is banned
|rule|Evasion Moves Clause: Evasion moves are banned
|rule|Endless Battle Clause: Forcing endless battles is banned
|rule|HP Percentage Mod: HP is shown in percentages
|teampreview
|
|start
|switch|p1a: Landorus|Landorus, M|319\/319
|switch|p2a: Greninja|Greninja, M|285\/285
|turn|1
|
|switch|p1a: Ferrothorn|Ferrothorn, F|351\/351
|move|p2a: Greninja|Toxic Spikes|p1a: Ferrothorn
|-start|p2a: Greninja|typechange|Poison|[from] Protean
|-sidestart|p1: naneek|move: Toxic Spikes
|
|turn|2
|
|switch|p2a: Rotom-Wash|Rotom-Wash|241\/241
|move|p1a: Ferrothorn|Leech Seed|p2a: Rotom-Wash|[miss]
|-miss|p1a: Ferrothorn|p2a: Rotom-Wash
|
|turn|3
|
|move|p2a: Rotom-Wash|Trick|p1a: Ferrothorn
|-activate|p2a: Rotom-Wash|move: Trick|[of] p1a: Ferrothorn
|-item|p1a: Ferrothorn|Choice Scarf|[from] move: Trick
|-item|p2a: Rotom-Wash|Leftovers|[from] move: Trick
|move|p1a: Ferrothorn|Leech Seed|p2a: Rotom-Wash
|-start|p2a: Rotom-Wash|move: Leech Seed
|
|-damage|p2a: Rotom-Wash|211\/241|[from] Leech Seed|[of] p1a: Ferrothorn
|turn|4
|
|move|p2a: Rotom-Wash|Volt Switch|p1a: Ferrothorn
|-resisted|p1a: Ferrothorn
|-damage|p1a: Ferrothorn|315\/351
|
|switch|p2a: Talonflame|Talonflame, F|319\/319
|move|p1a: Ferrothorn|Leech Seed|p2a: Talonflame
|-start|p2a: Talonflame|move: Leech Seed
|
|-damage|p2a: Talonflame|280\/319|[from] Leech Seed|[of] p1a: Ferrothorn
|-heal|p1a: Ferrothorn|351\/351|[silent]
|turn|5
|
|switch|p2a: Greninja|Greninja, M|285\/285
|switch|p1a: Rotom-Wash|Rotom-Wash|303\/303
|
|turn|6
|
|move|p2a: Greninja|Hidden Power|p1a: Rotom-Wash
|-start|p2a: Greninja|typechange|Grass|[from] Protean
|-supereffective|p1a: Rotom-Wash
|-damage|p1a: Rotom-Wash|69\/303
|-damage|p2a: Greninja|257\/285|[from] item: Life Orb
|move|p1a: Rotom-Wash|Hydro Pump|p2a: Greninja
|-resisted|p2a: Greninja
|-damage|p2a: Greninja|161\/285
|
|-heal|p1a: Rotom-Wash|87\/303|[from] item: Leftovers
|turn|7
|
|switch|p1a: Ferrothorn|Ferrothorn, F|351\/351
|move|p2a: Greninja|Hydro Pump|p1a: Ferrothorn
|-start|p2a: Greninja|typechange|Water|[from] Protean
|-resisted|p1a: Ferrothorn
|-damage|p1a: Ferrothorn|282\/351
|-damage|p2a: Greninja|133\/285|[from] item: Life Orb
|
|turn|8
|
|switch|p2a: Talonflame|Talonflame, F|280\/319
|move|p1a: Ferrothorn|Gyro Ball|p2a: Talonflame
|-resisted|p2a: Talonflame
|-damage|p2a: Talonflame|166\/319
|
|turn|9
|
|move|p2a: Talonflame|Swords Dance|p2a: Talonflame
|-boost|p2a: Talonflame|atk|2
|move|p1a: Ferrothorn|Gyro Ball|p2a: Talonflame
|-crit|p2a: Talonflame
|-resisted|p2a: Talonflame
|-damage|p2a: Talonflame|0 fnt
|faint|p2a: Talonflame
|
|
|switch|p2a: Metagross|Metagross|302\/302
|turn|10
|
|switch|p1a: Rotom-Wash|Rotom-Wash|87\/303
|detailschange|p2a: Metagross|Metagross-Mega
|message|Metagross has Mega Evolved into Mega Metagross!
|move|p2a: Metagross|Meteor Mash|p1a: Rotom-Wash
|-resisted|p1a: Rotom-Wash
|-damage|p1a: Rotom-Wash|49\/303
|
|-heal|p1a: Rotom-Wash|67\/303|[from] item: Leftovers
|turn|11
|
|switch|p1a: Ferrothorn|Ferrothorn, F|282\/351
|move|p2a: Metagross|Zen Headbutt|p1a: Ferrothorn
|-resisted|p1a: Ferrothorn
|-damage|p1a: Ferrothorn|204\/351
|-damage|p2a: Metagross|265\/302|[from] ability: Iron Barbs|[of] p1a: Ferrothorn
|
|turn|12
|
|move|p2a: Metagross|Hammer Arm|p1a: Ferrothorn
|-supereffective|p1a: Ferrothorn
|-damage|p1a: Ferrothorn|0 fnt
|-damage|p2a: Metagross|228\/302|[from] ability: Iron Barbs|[of] p1a: Ferrothorn
|-unboost|p2a: Metagross|spe|1
|faint|p1a: Ferrothorn
|
|
|switch|p1a: Landorus|Landorus, M|319\/319
|turn|13
|
|switch|p2a: Rotom-Wash|Rotom-Wash|211\/241
|move|p1a: Landorus|Knock Off|p2a: Rotom-Wash
|-damage|p2a: Rotom-Wash|106\/241
|-enditem|p2a: Rotom-Wash|Leftovers|[from] move: Knock Off|[of] p1a: Landorus
|-damage|p1a: Landorus|288\/319|[from] item: Life Orb
|
|turn|14
|
|move|p1a: Landorus|Focus Blast|p2a: Rotom-Wash
|-damage|p2a: Rotom-Wash|0 fnt
|faint|p2a: Rotom-Wash
|
|
|switch|p2a: Greninja|Greninja, M|133\/285
|turn|15
|
|switch|p1a: Rotom-Wash|Rotom-Wash|67\/303
|move|p2a: Greninja|Hydro Pump|p1a: Rotom-Wash
|-start|p2a: Greninja|typechange|Water|[from] Protean
|-resisted|p1a: Rotom-Wash
|-damage|p1a: Rotom-Wash|0 fnt
|-damage|p2a: Greninja|105\/285|[from] item: Life Orb
|faint|p1a: Rotom-Wash
|
|
|switch|p1a: Sylveon|Sylveon, F|392\/392
|-status|p1a: Sylveon|psn
|turn|16
|
|switch|p2a: Metagross|Metagross-Mega|228\/302
|move|p1a: Sylveon|Hidden Power|p2a: Metagross
|-supereffective|p2a: Metagross
|-damage|p2a: Metagross|38\/302
|
|-damage|p1a: Sylveon|343\/392 psn|[from] psn
|turn|17
|
|move|p2a: Metagross|Meteor Mash|p1a: Sylveon
|-supereffective|p1a: Sylveon
|-damage|p1a: Sylveon|0 fnt
|faint|p1a: Sylveon
|
|
|switch|p1a: Keldeo|Keldeo|323\/323
|-status|p1a: Keldeo|psn
|turn|18
|
|move|p2a: Metagross|Bullet Punch|p1a: Keldeo
|-resisted|p1a: Keldeo
|-damage|p1a: Keldeo|265\/323 psn
|move|p1a: Keldeo|Secret Sword|p2a: Metagross
|-damage|p2a: Metagross|0 fnt
|faint|p2a: Metagross
|
|-damage|p1a: Keldeo|225\/323 psn|[from] psn
|
|switch|p2a: Tyranitar|Tyranitar, M|401\/401
|-weather|Sandstorm
|turn|19
|
|move|p1a: Keldeo|Secret Sword|p2a: Tyranitar
|-supereffective|p2a: Tyranitar
|-damage|p2a: Tyranitar|0 fnt
|faint|p2a: Tyranitar
|
|-weather|Sandstorm|[upkeep]
|-damage|p1a: Keldeo|205\/323 psn|[from] sandstorm
|-damage|p1a: Keldeo|165\/323 psn|[from] psn
|
|switch|p2a: Excadrill|Excadrill, F|362\/362
|-item|p2a: Excadrill|Air Balloon
|turn|20
|
|move|p2a: Excadrill|Earthquake|p1a: Keldeo
|-damage|p1a: Keldeo|0 fnt
|faint|p1a: Keldeo
|
|-weather|Sandstorm|[upkeep]
|
|switch|p1a: Landorus|Landorus, M|288\/319
|turn|21
|
|move|p2a: Excadrill|Iron Head|p1a: Landorus
|-damage|p1a: Landorus|128\/319
|cant|p1a: Landorus|flinch
|
|-weather|Sandstorm|[upkeep]
|turn|22
|
|move|p2a: Excadrill|Iron Head|p1a: Landorus
|-damage|p1a: Landorus|0 fnt
|faint|p1a: Landorus
|
|-weather|Sandstorm|[upkeep]
|-message|naneek forfeited.
|
|win|R3PR0
|raw|Ladder updating...
|raw|naneek's rating: 1601 &rarr; <strong>1580<\/strong><br \/>(-21 for losing)
|raw|R3PR0's rating: 1584 &rarr; <strong>1605<\/strong><br \/>(+21 for winning)
|leave|naneek
|player|p1