|join|naneek
|join|dat pillow doe
|player|p1|naneek|175
|player|p2|dat pillow doe|23
|gametype|singles
|gen|6
|tier|OU
|rated
|clearpoke
|poke|p1|Metagross
|poke|p1|Sylveon, F
|poke|p1|Landorus, M
|poke|p1|Ferrothorn, M
|poke|p1|Rotom-Wash
|poke|p1|Latios, M
|poke|p2|Landorus-Therian, M
|poke|p2|Rotom-Wash
|poke|p2|Tyranitar, M
|poke|p2|Magnezone
|poke|p2|Excadrill, M
|poke|p2|Pinsir, M
|rule|Swagger Clause: Swagger is banned
|rule|Baton Pass Clause: Limit one PokÃ©mon knowing Baton Pass
|rule|Sleep Clause Mod: Limit one foe put to sleep
|rule|Species Clause: Limit one of each PokÃ©mon
|rule|OHKO Clause: OHKO moves are banned
|rule|Moody Clause: Moody is banned
|rule|Evasion Moves Clause: Evasion moves are banned
|rule|Endless Battle Clause: Forcing endless battles is banned
|rule|HP Percentage Mod: HP is shown in percentages
|teampreview
|
|start
|switch|p1a: Sylveon|Sylveon, F|392\/392
|switch|p2a: Landorus-Therian|Landorus-Therian, M|380\/380
|-ability|p2a: Landorus-Therian|Intimidate|[of] p1a: Sylveon
|-unboost|p1a: Sylveon|atk|1
|turn|1
|
|move|p2a: Landorus-Therian|Stealth Rock|p1a: Sylveon
|-sidestart|p1: naneek|move: Stealth Rock
|move|p1a: Sylveon|Hyper Voice|p2a: Landorus-Therian
|-damage|p2a: Landorus-Therian|20\/380
|
|turn|2
|
|switch|p2a: Magnezone|Magnezone|282\/282
|switch|p1a: Landorus|Landorus, M|319\/319
|-damage|p1a: Landorus|280\/319|[from] Stealth Rock
|
|turn|3
|
|switch|p2a: Rotom-Wash|Rotom-Wash|304\/304
|move|p1a: Landorus|Stealth Rock|p2a: Rotom-Wash
|-sidestart|p2: dat pillow doe|move: Stealth Rock
|
|turn|4
|
|switch|p1a: Latios|Latios, M|301\/301
|-damage|p1a: Latios|264\/301|[from] Stealth Rock
|move|p2a: Rotom-Wash|Hydro Pump|p1a: Latios
|-resisted|p1a: Latios
|-damage|p1a: Latios|206\/301
|
|turn|5
|
|switch|p1a: Landorus|Landorus, M|280\/319
|-damage|p1a: Landorus|241\/319|[from] Stealth Rock
|switch|p2a: Tyranitar|Tyranitar, M|404\/404
|-damage|p2a: Tyranitar|354\/404|[from] Stealth Rock
|-weather|Sandstorm
|
|-weather|Sandstorm|[upkeep]
|-heal|p2a: Tyranitar|379\/404|[from] item: Leftovers
|turn|6
|
|switch|p2a: Landorus-Therian|Landorus-Therian, M|20\/380
|-damage|p2a: Landorus-Therian|0 fnt|[from] Stealth Rock
|faint|p2a: Landorus-Therian
|move|p1a: Landorus|Focus Blast|p2: Landorus-Therian|[notarget]
|-notarget
|
|-weather|Sandstorm|[upkeep]
|
|switch|p2a: Excadrill|Excadrill, M|362\/362
|-damage|p2a: Excadrill|351\/362|[from] Stealth Rock
|turn|7
|
|switch|p1a: Rotom-Wash|Rotom-Wash|303\/303
|-damage|p1a: Rotom-Wash|266\/303|[from] Stealth Rock
|move|p2a: Excadrill|Rapid Spin|p1a: Rotom-Wash
|-damage|p1a: Rotom-Wash|241\/303
|-sideend|p2: dat pillow doe|Stealth Rock|[from] move: Rapid Spin|[of] p2a: Excadrill
|-damage|p2a: Excadrill|315\/362|[from] item: Life Orb
|
|-weather|Sandstorm|[upkeep]
|-damage|p1a: Rotom-Wash|223\/303|[from] sandstorm
|-heal|p1a: Rotom-Wash|241\/303|[from] item: Leftovers
|turn|8
|
|switch|p2a: Magnezone|Magnezone|282\/282
|move|p1a: Rotom-Wash|Volt Switch|p2a: Magnezone
|-resisted|p2a: Magnezone
|-damage|p2a: Magnezone|233\/282
|
|switch|p1a: Landorus|Landorus, M|241\/319
|-damage|p1a: Landorus|202\/319|[from] Stealth Rock
|
|-weather|Sandstorm|[upkeep]
|turn|9
|
|move|p2a: Magnezone|Flash Cannon|p1a: Landorus
|-damage|p1a: Landorus|6\/319
|move|p1a: Landorus|Focus Blast|p2a: Magnezone
|-supereffective|p2a: Magnezone
|-damage|p2a: Magnezone|0 fnt
|faint|p2a: Magnezone
|
|-weather|none
|
|switch|p2a: Pinsir|Pinsir, M|272\/272
|turn|10
|
|switch|p1a: Rotom-Wash|Rotom-Wash|241\/303
|-damage|p1a: Rotom-Wash|204\/303|[from] Stealth Rock
|detailschange|p2a: Pinsir|Pinsir-Mega, M
|message|Pinsir has Mega Evolved into Mega Pinsir!
|move|p2a: Pinsir|Swords Dance|p2a: Pinsir
|-boost|p2a: Pinsir|atk|2
|
|-heal|p1a: Rotom-Wash|222\/303|[from] item: Leftovers
|turn|11
|
|move|p2a: Pinsir|Close Combat|p1a: Rotom-Wash
|-damage|p1a: Rotom-Wash|10\/303
|-unboost|p2a: Pinsir|def|1
|-unboost|p2a: Pinsir|spd|1
|move|p1a: Rotom-Wash|Will-O-Wisp|p2a: Pinsir
|-status|p2a: Pinsir|brn
|
|-heal|p1a: Rotom-Wash|28\/303|[from] item: Leftovers
|-damage|p2a: Pinsir|238\/272 brn|[from] brn
|turn|12
|
|move|p2a: Pinsir|Frustration|p1a: Rotom-Wash
|-resisted|p1a: Rotom-Wash
|-damage|p1a: Rotom-Wash|0 fnt
|faint|p1a: Rotom-Wash
|
|-damage|p2a: Pinsir|204\/272 brn|[from] brn
|
|switch|p1a: Metagross|Metagross|301\/301
|-damage|p1a: Metagross|283\/301|[from] Stealth Rock
|turn|13
|
|switch|p2a: Rotom-Wash|Rotom-Wash|304\/304
|detailschange|p1a: Metagross|Metagross-Mega
|message|Metagross has Mega Evolved into Mega Metagross!
|move|p1a: Metagross|Zen Headbutt|p2a: Rotom-Wash|[miss]
|-miss|p1a: Metagross|p2a: Rotom-Wash
|
|turn|14
|
|switch|p1a: Latios|Latios, M|206\/301
|-damage|p1a: Latios|169\/301|[from] Stealth Rock
|move|p2a: Rotom-Wash|Will-O-Wisp|p1a: Latios
|-status|p1a: Latios|brn
|
|-damage|p1a: Latios|132\/301 brn|[from] brn
|turn|15
|
|switch|p2a: Tyranitar|Tyranitar, M|379\/404
|-weather|Sandstorm
|move|p1a: Latios|Trick|p2a: Tyranitar
|-activate|p1a: Latios|move: Trick|[of] p2a: Tyranitar
|-item|p2a: Tyranitar|Choice Scarf|[from] move: Trick
|-item|p1a: Latios|Leftovers|[from] move: Trick
|
|-weather|Sandstorm|[upkeep]
|-damage|p1a: Latios|114\/301 brn|[from] sandstorm
|-heal|p1a: Latios|132\/301 brn|[from] item: Leftovers
|-damage|p1a: Latios|95\/301 brn|[from] brn
|turn|16
|
|move|p1a: Latios|Defog|p2a: Tyranitar
|-unboost|p2a: Tyranitar|evasion|1
|-sideend|p1: naneek|Stealth Rock|[from] move: Defog|[of] p1a: Latios
|move|p2a: Tyranitar|Ice Punch|p1a: Latios
|-supereffective|p1a: Latios
|-damage|p1a: Latios|0 fnt
|faint|p1a: Latios
|
|-weather|Sandstorm|[upkeep]
|
|switch|p1a: Metagross|Metagross-Mega|283\/301
|turn|17
|
|switch|p2a: Rotom-Wash|Rotom-Wash|304\/304
|move|p1a: Metagross|Meteor Mash|p2a: Rotom-Wash
|-resisted|p2a: Rotom-Wash
|-damage|p2a: Rotom-Wash|260\/304
|
|-weather|Sandstorm|[upkeep]
|-damage|p2a: Rotom-Wash|241\/304|[from] sandstorm
|-heal|p2a: Rotom-Wash|260\/304|[from] item: Leftovers
|turn|18
|
|switch|p1a: Sylveon|Sylveon, F|392\/392
|move|p2a: Rotom-Wash|Will-O-Wisp|p1a: Sylveon|[miss]
|-miss|p2a: Rotom-Wash|p1a: Sylveon
|
|-weather|Sandstorm|[upkeep]
|-damage|p2a: Rotom-Wash|241\/304|[from] sandstorm
|-damage|p1a: Sylveon|368\/392|[from] sandstorm
|-heal|p2a: Rotom-Wash|260\/304|[from] item: Leftovers
|turn|19
|
|switch|p2a: Pinsir|Pinsir-Mega, M|204\/272 brn
|move|p1a: Sylveon|Hyper Voice|p2a: Pinsir
|-damage|p2a: Pinsir|0 fnt
|faint|p2a: Pinsir
|
|-weather|none
|
|switch|p2a: Excadrill|Excadrill, M|315\/362
|turn|20
|
|switch|p1a: Ferrothorn|Ferrothorn, M|351\/351
|move|p2a: Excadrill|Earthquake|p1a: Ferrothorn
|-damage|p1a: Ferrothorn|147\/351
|-damage|p2a: Excadrill|279\/362|[from] item: Life Orb
|
|-heal|p1a: Ferrothorn|168\/351|[from] item: Leftovers
|turn|21
|
|move|p1a: Ferrothorn|Protect|p1a: Ferrothorn
|-singleturn|p1a: Ferrothorn|Protect
|move|p2a: Excadrill|Earthquake|p1a: Ferrothorn
|-activate|p1a: Ferrothorn|Protect
|
|-heal|p1a: Ferrothorn|189\/351|[from] item: Leftovers
|turn|22
|
|move|p2a: Excadrill|Earthquake|p1a: Ferrothorn
|-damage|p1a: Ferrothorn|0 fnt
|-damage|p2a: Excadrill|243\/362|[from] item: Life Orb
|faint|p1a: Ferrothorn
|
|
|switch|p1a: Landorus|Landorus, M|6\/319
|turn|23
|
|switch|p2a: Tyranitar|Tyranitar, M|379\/404
|-weather|Sandstorm
|move|p1a: Landorus|Focus Blast|p2a: Tyranitar
|-supereffective|p2a: Tyranitar
|-damage|p2a: Tyranitar|0 fnt
|faint|p2a: Tyranitar
|
|-weather|Sandstorm|[upkeep]
|
|switch|p2a: Excadrill|Excadrill, M|243\/362
|turn|24
|
|switch|p1a: Metagross|Metagross-Mega|283\/301
|move|p2a: Excadrill|Iron Head|p1a: Metagross
|-resisted|p1a: Metagross
|-damage|p1a: Metagross|205\/301
|-damage|p2a: Excadrill|207\/362|[from] item: Life Orb
|
|-weather|Sandstorm|[upkeep]
|turn|25
|
|switch|p1a: Landorus|Landorus, M|6\/319
|move|p2a: Excadrill|Iron Head|p1a: Landorus
|-damage|p1a: Landorus|0 fnt
|-damage|p2a: Excadrill|171\/362|[from] item: Life Orb
|faint|p1a: Landorus
|
|-weather|Sandstorm|[upkeep]
|-message|naneek forfeited.
|
|win|dat pillow doe
|raw|Ladder updating...
|leave|naneek
|player|p1
|raw|naneek's rating: 1501 &rarr; <strong>1479<\/strong><br \/>(-22 for losing)
|raw|dat pillow doe's rating: 1460 &rarr; <strong>1482<\/strong><br \/>(+22 for winning)