|join|naneek
|join|Carillon
|player|p1|naneek|175
|player|p2|Carillon|78
|gametype|singles
|gen|6
|tier|OU
|rated
|clearpoke
|poke|p1|Metagross
|poke|p1|Thundurus, M
|poke|p1|Tyranitar, F
|poke|p1|Keldeo-Resolute
|poke|p1|Latios, M
|poke|p1|Landorus-Therian, M
|poke|p2|Diggersby, F
|poke|p2|Rotom-Wash
|poke|p2|Gardevoir, F
|poke|p2|Bisharp, M
|poke|p2|Thundurus, M
|poke|p2|Ferrothorn, M
|rule|Swagger Clause: Swagger is banned
|rule|Baton Pass Clause: Limit one PokÃ©mon knowing Baton Pass
|rule|Sleep Clause Mod: Limit one foe put to sleep
|rule|Species Clause: Limit one of each PokÃ©mon
|rule|OHKO Clause: OHKO moves are banned
|rule|Moody Clause: Moody is banned
|rule|Evasion Moves Clause: Evasion moves are banned
|rule|Endless Battle Clause: Forcing endless battles is banned
|rule|HP Percentage Mod: HP is shown in percentages
|teampreview
|
|start
|switch|p1a: Landorus-Therian|Landorus-Therian, M|319\/319
|switch|p2a: Ferrothorn|Ferrothorn, M|352\/352
|-ability|p1a: Landorus-Therian|Intimidate|[of] p2a: Ferrothorn
|-unboost|p2a: Ferrothorn|atk|1
|turn|1
|
|move|p1a: Landorus-Therian|U-turn|p2a: Ferrothorn
|-damage|p2a: Ferrothorn|284\/352
|-damage|p1a: Landorus-Therian|280\/319|[from] ability: Iron Barbs|[of] p2a: Ferrothorn
|
|switch|p1a: Latios|Latios, M|301\/301
|move|p2a: Ferrothorn|Stealth Rock|p1a: Latios
|-sidestart|p1: naneek|move: Stealth Rock
|
|-heal|p2a: Ferrothorn|306\/352|[from] item: Leftovers
|turn|2
|
|move|p1a: Latios|Hidden Power|p2a: Ferrothorn
|-supereffective|p2a: Ferrothorn
|-damage|p2a: Ferrothorn|25\/352
|-damage|p1a: Latios|271\/301|[from] item: Life Orb
|move|p2a: Ferrothorn|Leech Seed|p1a: Latios
|-start|p1a: Latios|move: Leech Seed
|
|-heal|p2a: Ferrothorn|47\/352|[from] item: Leftovers
|-damage|p1a: Latios|234\/301|[from] Leech Seed|[of] p2a: Ferrothorn
|-heal|p2a: Ferrothorn|84\/352|[silent]
|turn|3
|
|move|p2a: Ferrothorn|Protect|p2a: Ferrothorn
|-singleturn|p2a: Ferrothorn|Protect
|move|p1a: Latios|Draco Meteor|p2a: Ferrothorn
|-activate|p2a: Ferrothorn|Protect
|
|-heal|p2a: Ferrothorn|106\/352|[from] item: Leftovers
|-damage|p1a: Latios|197\/301|[from] Leech Seed|[of] p2a: Ferrothorn
|-heal|p2a: Ferrothorn|143\/352|[silent]
|turn|4
|
|switch|p1a: Keldeo-Resolute|Keldeo-Resolute|323\/323
|-damage|p1a: Keldeo-Resolute|303\/323|[from] Stealth Rock
|switch|p2a: Rotom-Wash|Rotom-Wash|241\/241
|
|turn|5
|
|move|p1a: Keldeo-Resolute|Secret Sword|p2a: Rotom-Wash
|-damage|p2a: Rotom-Wash|39\/241
|move|p2a: Rotom-Wash|Volt Switch|p1a: Keldeo-Resolute
|-supereffective|p1a: Keldeo-Resolute
|-damage|p1a: Keldeo-Resolute|85\/323
|
|switch|p2a: Gardevoir|Gardevoir, F|277\/277
|-ability|p2a: Gardevoir|Justified|[from] ability: Trace|[of] p1a: Keldeo-Resolute
|
|turn|6
|
|detailschange|p2a: Gardevoir|Gardevoir-Mega, F
|message|Gardevoir has Mega Evolved into Mega Gardevoir!
|move|p1a: Keldeo-Resolute|Secret Sword|p2a: Gardevoir
|-resisted|p2a: Gardevoir
|-damage|p2a: Gardevoir|199\/277
|move|p2a: Gardevoir|Hyper Voice|p1a: Keldeo-Resolute
|-supereffective|p1a: Keldeo-Resolute
|-damage|p1a: Keldeo-Resolute|0 fnt
|faint|p1a: Keldeo-Resolute
|
|
|switch|p1a: Metagross|Metagross|301\/301
|-damage|p1a: Metagross|283\/301|[from] Stealth Rock
|turn|7
|
|switch|p2a: Rotom-Wash|Rotom-Wash|39\/241
|detailschange|p1a: Metagross|Metagross-Mega
|message|Metagross has Mega Evolved into Mega Metagross!
|move|p1a: Metagross|Earthquake|p2a: Rotom-Wash
|-immune|p2a: Rotom-Wash|[msg]
|
|-heal|p2a: Rotom-Wash|54\/241|[from] item: Leftovers
|turn|8
|
|move|p1a: Metagross|Meteor Mash|p2a: Rotom-Wash
|-resisted|p2a: Rotom-Wash
|-damage|p2a: Rotom-Wash|4\/241
|move|p2a: Rotom-Wash|Will-O-Wisp|p1a: Metagross
|-status|p1a: Metagross|brn
|
|-heal|p2a: Rotom-Wash|19\/241|[from] item: Leftovers
|-damage|p1a: Metagross|246\/301 brn|[from] brn
|turn|9
|
|move|p1a: Metagross|Zen Headbutt|p2a: Rotom-Wash
|-damage|p2a: Rotom-Wash|0 fnt
|faint|p2a: Rotom-Wash
|
|-damage|p1a: Metagross|209\/301 brn|[from] brn
|
|switch|p2a: Ferrothorn|Ferrothorn, M|143\/352
|turn|10
|
|move|p1a: Metagross|Earthquake|p2a: Ferrothorn
|-damage|p2a: Ferrothorn|97\/352
|move|p2a: Ferrothorn|Leech Seed|p1a: Metagross
|-start|p1a: Metagross|move: Leech Seed
|
|-heal|p2a: Ferrothorn|119\/352|[from] item: Leftovers
|-damage|p1a: Metagross|172\/301 brn|[from] Leech Seed|[of] p2a: Ferrothorn
|-heal|p2a: Ferrothorn|156\/352|[silent]
|-damage|p1a: Metagross|135\/301 brn|[from] brn
|turn|11
|
|switch|p1a: Latios|Latios, M|197\/301
|-damage|p1a: Latios|160\/301|[from] Stealth Rock
|move|p2a: Ferrothorn|Leech Seed|p1a: Latios
|-start|p1a: Latios|move: Leech Seed
|
|-heal|p2a: Ferrothorn|178\/352|[from] item: Leftovers
|-damage|p1a: Latios|123\/301|[from] Leech Seed|[of] p2a: Ferrothorn
|-heal|p2a: Ferrothorn|215\/352|[silent]
|turn|12
|
|switch|p1a: Tyranitar|Tyranitar, F|403\/403
|-damage|p1a: Tyranitar|353\/403|[from] Stealth Rock
|-weather|Sandstorm
|move|p2a: Ferrothorn|Protect|p2a: Ferrothorn
|-fail|p2a: Ferrothorn
|
|-weather|Sandstorm|[upkeep]
|-heal|p1a: Tyranitar|378\/403|[from] item: Leftovers
|-heal|p2a: Ferrothorn|237\/352|[from] item: Leftovers
|turn|13
|
|move|p1a: Tyranitar|Stealth Rock|p2a: Ferrothorn
|-sidestart|p2: Carillon|move: Stealth Rock
|move|p2a: Ferrothorn|Leech Seed|p1a: Tyranitar
|-start|p1a: Tyranitar|move: Leech Seed
|
|-weather|Sandstorm|[upkeep]
|-heal|p1a: Tyranitar|403\/403|[from] item: Leftovers
|-heal|p2a: Ferrothorn|259\/352|[from] item: Leftovers
|-damage|p1a: Tyranitar|353\/403|[from] Leech Seed|[of] p2a: Ferrothorn
|-heal|p2a: Ferrothorn|309\/352|[silent]
|turn|14
|
|switch|p1a: Metagross|Metagross-Mega|135\/301 brn
|-damage|p1a: Metagross|117\/301 brn|[from] Stealth Rock
|move|p2a: Ferrothorn|Protect|p2a: Ferrothorn
|-fail|p2a: Ferrothorn
|
|-weather|Sandstorm|[upkeep]
|-heal|p2a: Ferrothorn|331\/352|[from] item: Leftovers
|-damage|p1a: Metagross|80\/301 brn|[from] brn
|turn|15
|
|move|p1a: Metagross|Earthquake|p2a: Ferrothorn
|-damage|p2a: Ferrothorn|279\/352
|move|p2a: Ferrothorn|Leech Seed|p1a: Metagross
|-start|p1a: Metagross|move: Leech Seed
|
|-weather|Sandstorm|[upkeep]
|-heal|p2a: Ferrothorn|301\/352|[from] item: Leftovers
|-damage|p1a: Metagross|43\/301 brn|[from] Leech Seed|[of] p2a: Ferrothorn
|-heal|p2a: Ferrothorn|338\/352|[silent]
|-damage|p1a: Metagross|6\/301 brn|[from] brn
|turn|16
|
|move|p2a: Ferrothorn|Protect|p2a: Ferrothorn
|-singleturn|p2a: Ferrothorn|Protect
|move|p1a: Metagross|Earthquake|p2a: Ferrothorn
|-activate|p2a: Ferrothorn|Protect
|
|-weather|none
|-heal|p2a: Ferrothorn|352\/352|[from] item: Leftovers
|-damage|p1a: Metagross|0 fnt|[from] Leech Seed|[of] p2a: Ferrothorn
|faint|p1a: Metagross
|
|switch|p1a: Landorus-Therian|Landorus-Therian, M|280\/319
|-damage|p1a: Landorus-Therian|241\/319|[from] Stealth Rock
|-ability|p1a: Landorus-Therian|Intimidate|[of] p2a: Ferrothorn
|-unboost|p2a: Ferrothorn|atk|1
|turn|17
|
|move|p1a: Landorus-Therian|Knock Off|p2a: Ferrothorn
|-damage|p2a: Ferrothorn|251\/352
|-damage|p1a: Landorus-Therian|202\/319|[from] ability: Iron Barbs|[of] p2a: Ferrothorn
|-enditem|p2a: Ferrothorn|Leftovers|[from] move: Knock Off|[of] p1a: Landorus-Therian
|move|p2a: Ferrothorn|Leech Seed|p1a: Landorus-Therian
|-start|p1a: Landorus-Therian|move: Leech Seed
|
|-damage|p1a: Landorus-Therian|163\/319|[from] Leech Seed|[of] p2a: Ferrothorn
|-heal|p2a: Ferrothorn|290\/352|[silent]
|turn|18
|
|switch|p1a: Thundurus|Thundurus, M|299\/299
|-damage|p1a: Thundurus|225\/299|[from] Stealth Rock
|move|p2a: Ferrothorn|Leech Seed|p1a: Thundurus
|-start|p1a: Thundurus|move: Leech Seed
|
|-damage|p1a: Thundurus|188\/299|[from] Leech Seed|[of] p2a: Ferrothorn
|-heal|p2a: Ferrothorn|327\/352|[silent]
|turn|19
|
|move|p2a: Ferrothorn|Protect|p2a: Ferrothorn
|-singleturn|p2a: Ferrothorn|Protect
|move|p1a: Thundurus|Taunt|p2a: Ferrothorn
|-activate|p2a: Ferrothorn|Protect
|
|-damage|p1a: Thundurus|151\/299|[from] Leech Seed|[of] p2a: Ferrothorn
|-heal|p2a: Ferrothorn|352\/352|[silent]
|turn|20
|
|switch|p2a: Diggersby|Diggersby, F|311\/311
|-damage|p2a: Diggersby|292\/311|[from] Stealth Rock
|move|p1a: Thundurus|Taunt|p2a: Diggersby
|-start|p2a: Diggersby|move: Taunt
|
|-damage|p1a: Thundurus|114\/299|[from] Leech Seed|[of] p2a: Diggersby
|-heal|p2a: Diggersby|311\/311|[silent]
|turn|21
|
|move|p2a: Diggersby|Frustration|p1a: Thundurus
|-damage|p1a: Thundurus|0 fnt
|faint|p1a: Thundurus
|
|
|switch|p1a: Tyranitar|Tyranitar, F|353\/403
|-damage|p1a: Tyranitar|303\/403|[from] Stealth Rock
|-weather|Sandstorm
|turn|22
|
|switch|p2a: Ferrothorn|Ferrothorn, M|352\/352
|-damage|p2a: Ferrothorn|330\/352|[from] Stealth Rock
|switch|p1a: Latios|Latios, M|123\/301
|-damage|p1a: Latios|86\/301|[from] Stealth Rock
|
|-weather|Sandstorm|[upkeep]
|-damage|p1a: Latios|68\/301|[from] sandstorm
|turn|23
|
|move|p2a: Ferrothorn|Protect|p2a: Ferrothorn
|-singleturn|p2a: Ferrothorn|Protect
|move|p1a: Latios|Hidden Power|p2a: Ferrothorn
|-activate|p2a: Ferrothorn|Protect
|
|-weather|Sandstorm|[upkeep]
|-damage|p1a: Latios|50\/301|[from] sandstorm
|turn|24
|
|switch|p2a: Thundurus|Thundurus, M|300\/300
|-damage|p2a: Thundurus|225\/300|[from] Stealth Rock
|move|p1a: Latios|Hidden Power|p2a: Thundurus
|-damage|p2a: Thundurus|109\/300
|-damage|p1a: Latios|20\/301|[from] item: Life Orb
|
|-weather|Sandstorm|[upkeep]
|-damage|p2a: Thundurus|91\/300|[from] sandstorm
|-damage|p1a: Latios|2\/301|[from] sandstorm
|turn|25
|
|move|p2a: Thundurus|Taunt|p1a: Latios
|-start|p1a: Latios|move: Taunt
|move|p1a: Latios|Psyshock|p2a: Thundurus
|-damage|p2a: Thundurus|0 fnt
|-damage|p1a: Latios|0 fnt|[from] item: Life Orb
|faint|p2a: Thundurus
|faint|p1a: Latios
|
|-weather|Sandstorm|[upkeep]
|-message|naneek forfeited.
|
|win|Carillon
|raw|Ladder updating...
|leave|naneek
|player|p1
|raw|naneek's rating: 1643 &rarr; <strong>1616<\/strong><br \/>(-27 for losing)
|raw|Carillon's rating: 1507 &rarr; <strong>1534<\/strong><br \/>(+27 for winning)