|join|naneek
|join|dghfghfgd
|player|p1|naneek|2
|player|p2|dghfghfgd|260
|gametype|singles
|gen|6
|tier|OU
|rated
|clearpoke
|poke|p1|Gyarados, M
|poke|p1|Magnezone
|poke|p1|Talonflame, F
|poke|p1|Latias, F
|poke|p1|Mamoswine, F
|poke|p1|Greninja, F
|poke|p2|Metagross
|poke|p2|Umbreon, F
|poke|p2|Greninja, M
|poke|p2|Landorus-Therian, M
|poke|p2|Forretress, F
|poke|p2|Keldeo-Resolute
|rule|Swagger Clause: Swagger is banned
|rule|Baton Pass Clause: Limit one PokÃ©mon knowing Baton Pass
|rule|Sleep Clause Mod: Limit one foe put to sleep
|rule|Species Clause: Limit one of each PokÃ©mon
|rule|OHKO Clause: OHKO moves are banned
|rule|Moody Clause: Moody is banned
|rule|Evasion Moves Clause: Evasion moves are banned
|rule|Endless Battle Clause: Forcing endless battles is banned
|rule|HP Percentage Mod: HP is shown in percentages
|teampreview
|
|start
|switch|p1a: Greninja|Greninja, F|285\/285
|switch|p2a: Umbreon|Umbreon, F|394\/394
|turn|1
|
|switch|p1a: Mamoswine|Mamoswine, F|361\/361
|move|p2a: Umbreon|Foul Play|p1a: Mamoswine
|-damage|p1a: Mamoswine|144\/361
|
|turn|2
|
|move|p1a: Mamoswine|Stealth Rock|p2a: Umbreon
|-sidestart|p2: dghfghfgd|move: Stealth Rock
|move|p2a: Umbreon|Foul Play|p1a: Mamoswine
|-damage|p1a: Mamoswine|0 fnt
|faint|p1a: Mamoswine
|
|
|switch|p1a: Gyarados|Gyarados, M|331\/331
|-ability|p1a: Gyarados|Intimidate|[of] p2a: Umbreon
|-unboost|p2a: Umbreon|atk|1
|turn|3
|
|detailschange|p1a: Gyarados|Gyarados-Mega, M
|message|Gyarados has Mega Evolved into Mega Gyarados!
|-ability|p1a: Gyarados|Mold Breaker
|move|p1a: Gyarados|Waterfall|p2a: Umbreon
|-damage|p2a: Umbreon|243\/394
|move|p2a: Umbreon|Toxic|p1a: Gyarados
|-status|p1a: Gyarados|tox
|
|-heal|p2a: Umbreon|267\/394|[from] item: Leftovers
|-damage|p1a: Gyarados|311\/331 tox|[from] psn
|turn|4
|
|move|p1a: Gyarados|Dragon Dance|p1a: Gyarados
|-boost|p1a: Gyarados|atk|1
|-boost|p1a: Gyarados|spe|1
|move|p2a: Umbreon|Wish|p2a: Umbreon
|
|-heal|p2a: Umbreon|291\/394|[from] item: Leftovers
|-damage|p1a: Gyarados|271\/331 tox|[from] psn
|turn|5
|
|move|p1a: Gyarados|Waterfall|p2a: Umbreon
|-damage|p2a: Umbreon|59\/394
|move|p2a: Umbreon|Foul Play|p1a: Gyarados
|-resisted|p1a: Gyarados
|-damage|p1a: Gyarados|135\/331 tox
|
|-heal|p2a: Umbreon|256\/394|[from] move: Wish|[wisher] Umbreon
|-heal|p2a: Umbreon|280\/394|[from] item: Leftovers
|-damage|p1a: Gyarados|75\/331 tox|[from] psn
|turn|6
|
|move|p2a: Umbreon|Protect|p2a: Umbreon
|-singleturn|p2a: Umbreon|Protect
|move|p1a: Gyarados|Waterfall|p2a: Umbreon
|-activate|p2a: Umbreon|Protect
|
|-heal|p2a: Umbreon|304\/394|[from] item: Leftovers
|-damage|p1a: Gyarados|0 fnt|[from] psn
|faint|p1a: Gyarados
|-message|naneek forfeited.
|
|win|dghfghfgd
|raw|Ladder updating...
|leave|naneek
|player|p1
|raw|naneek's rating: 1497 &rarr; <strong>1484<\/strong><br \/>(-13 for losing)
|raw|dghfghfgd's rating: 1618 &rarr; <strong>1632<\/strong><br \/>(+14 for winning)