|join|naneek
|join|HellfireKnots
|player|p1|naneek|175
|player|p2|HellfireKnots|161
|gametype|singles
|gen|6
|tier|OU
|rated
|clearpoke
|poke|p1|Manectric, M
|poke|p1|Scizor, F
|poke|p1|Landorus-Therian, M
|poke|p1|Latios, M
|poke|p1|Keldeo
|poke|p1|Bisharp, F
|poke|p2|Azelf
|poke|p2|Gorebyss, M
|poke|p2|Kyurem-Black
|poke|p2|Metagross
|poke|p2|Landorus, M
|poke|p2|Breloom, F
|rule|Swagger Clause: Swagger is banned
|rule|Baton Pass Clause: Limit one PokÃ©mon knowing Baton Pass
|rule|Sleep Clause Mod: Limit one foe put to sleep
|rule|Species Clause: Limit one of each PokÃ©mon
|rule|OHKO Clause: OHKO moves are banned
|rule|Moody Clause: Moody is banned
|rule|Evasion Moves Clause: Evasion moves are banned
|rule|Endless Battle Clause: Forcing endless battles is banned
|rule|HP Percentage Mod: HP is shown in percentages
|teampreview
|join|HellfireChainy
|
|start
|switch|p1a: Manectric|Manectric, M|281\/281
|switch|p2a: Azelf|Azelf|354\/354
|turn|1
|join|Pyramid King Amir
|c| Pyramid King Amir|oh nice
|c|âHellfireKnots|Hm?
|c| Pyramid King Amir|Smash Pass
|c|âHellfireKnots|knotsi style
|c| Pyramid King Amir|lol
|
|detailschange|p1a: Manectric|Manectric-Mega, M
|-mega|p1a: Manectric|Manectric|Manectite
|-ability|p1a: Manectric|Intimidate|[of] p2a: Azelf
|-unboost|p2a: Azelf|atk|1
|move|p2a: Azelf|Light Screen|p2a: Azelf
|-sidestart|p2: HellfireKnots|move: Light Screen
|move|p1a: Manectric|Thunderbolt|p2a: Azelf
|-damage|p2a: Azelf|234\/354
|
|turn|2
|
|move|p1a: Manectric|Thunderbolt|p2a: Azelf
|-damage|p2a: Azelf|126\/354
|move|p2a: Azelf|Stealth Rock|p1a: Manectric
|-sidestart|p1: naneek|move: Stealth Rock
|
|turn|3
|
|move|p1a: Manectric|Volt Switch|p2a: Azelf
|-damage|p2a: Azelf|42\/354
|
|switch|p1a: Landorus-Therian|Landorus-Therian, M|381\/381
|-damage|p1a: Landorus-Therian|334\/381|[from] Stealth Rock
|-ability|p1a: Landorus-Therian|Intimidate|[of] p2a: Azelf
|-unboost|p2a: Azelf|atk|1
|move|p2a: Azelf|Reflect|p2a: Azelf
|-sidestart|p2: HellfireKnots|Reflect
|
|-heal|p1a: Landorus-Therian|357\/381|[from] item: Leftovers
|turn|4
|
|move|p2a: Azelf|Taunt|p1a: Landorus-Therian
|-start|p1a: Landorus-Therian|move: Taunt
|cant|p1a: Landorus-Therian|move: Taunt|Stealth Rock
|
|-heal|p1a: Landorus-Therian|380\/381|[from] item: Leftovers
|turn|5
|
|move|p2a: Azelf|Taunt|p1a: Landorus-Therian
|-fail|p1a: Landorus-Therian
|move|p1a: Landorus-Therian|U-turn|p2a: Azelf
|-supereffective|p2a: Azelf
|-damage|p2a: Azelf|0 fnt
|faint|p2a: Azelf
|
|switch|p1a: Manectric|Manectric-Mega, M|281\/281
|-damage|p1a: Manectric|246\/281|[from] Stealth Rock
|
|
|switch|p2a: Gorebyss|Gorebyss, M|314\/314
|turn|6
|
|move|p1a: Manectric|Thunderbolt|p2a: Gorebyss
|-supereffective|p2a: Gorebyss
|-damage|p2a: Gorebyss|125\/314
|move|p2a: Gorebyss|Shell Smash|p2a: Gorebyss
|-boost|p2a: Gorebyss|atk|2
|-boost|p2a: Gorebyss|spa|2
|-boost|p2a: Gorebyss|spe|2
|-unboost|p2a: Gorebyss|def|1
|-unboost|p2a: Gorebyss|spd|1
|-enditem|p2a: Gorebyss|White Herb
|-restoreboost|p2a: Gorebyss|[silent]
|
|turn|7
|
|move|p1a: Manectric|Hidden Power|p2a: Gorebyss
|-resisted|p2a: Gorebyss
|-damage|p2a: Gorebyss|104\/314
|move|p2a: Gorebyss|Baton Pass|p2a: Gorebyss
|
|switch|p2a: Metagross|Metagross|303\/303
|
|turn|8
|
|switch|p1a: Latios|Latios, M|301\/301
|-damage|p1a: Latios|264\/301|[from] Stealth Rock
|move|p2a: Metagross|Earthquake|p1a: Latios
|-immune|p1a: Latios|[msg]
|
|-sideend|p2: HellfireKnots|move: Light Screen
|turn|9
|
|move|p2a: Metagross|Meteor Mash|p1a: Latios|[miss]
|-miss|p2a: Metagross|p1a: Latios
|move|p1a: Latios|Defog|p2a: Metagross
|-fail|p2a: Metagross|unboost|[from] ability: Clear Body|[of] p2a: Metagross
|-sideend|p2: HellfireKnots|Reflect
|-sideend|p2: HellfireKnots|Reflect|[from] move: Defog|[of] p2a: Metagross
|-sideend|p1: naneek|Stealth Rock|[from] move: Defog|[of] p1a: Latios
|
|turn|10
|
|switch|p1a: Keldeo|Keldeo|323\/323
|move|p2a: Metagross|Meteor Mash|p1a: Keldeo
|-resisted|p1a: Keldeo
|-damage|p1a: Keldeo|124\/323
|
|-heal|p1a: Keldeo|144\/323|[from] item: Leftovers
|turn|11
|
|move|p2a: Metagross|Meteor Mash|p1a: Keldeo
|-resisted|p1a: Keldeo
|-damage|p1a: Keldeo|0 fnt
|faint|p1a: Keldeo
|
|
|switch|p1a: Bisharp|Bisharp, F|271\/271
|turn|12
|
|move|p1a: Bisharp|Sucker Punch|p2a: Metagross
|-fail|p2a: Metagross
|move|p2a: Metagross|Substitute|p2a: Metagross
|-start|p2a: Metagross|Substitute
|-damage|p2a: Metagross|228\/303
|
|turn|13
|
|move|p1a: Bisharp|Sucker Punch|p2a: Metagross
|-supereffective|p2a: Metagross
|-end|p2a: Metagross|Substitute
|-damage|p1a: Bisharp|244\/271|[from] item: Life Orb
|move|p2a: Metagross|Earthquake|p1a: Bisharp
|-supereffective|p1a: Bisharp
|-damage|p1a: Bisharp|0 fnt
|faint|p1a: Bisharp
|
|
|switch|p1a: Landorus-Therian|Landorus-Therian, M|380\/381
|-ability|p1a: Landorus-Therian|Intimidate|[of] p2a: Metagross
|-fail|p2a: Metagross|unboost|[from] ability: Clear Body|[of] p2a: Metagross
|turn|14
|
|detailschange|p2a: Metagross|Metagross-Mega
|-mega|p2a: Metagross|Metagross|Metagrossite
|move|p2a: Metagross|Meteor Mash|p1a: Landorus-Therian
|-damage|p1a: Landorus-Therian|0 fnt
|faint|p1a: Landorus-Therian
|
|
|switch|p1a: Scizor|Scizor, F|281\/281
|turn|15
|
|move|p2a: Metagross|Earthquake|p1a: Scizor
|-damage|p1a: Scizor|16\/281
|move|p1a: Scizor|Bug Bite|p2a: Metagross
|-damage|p2a: Metagross|80\/303
|-damage|p1a: Scizor|0 fnt|[from] item: Life Orb
|faint|p1a: Scizor
|
|-message|naneek forfeited.
|leave|naneek
|
|win|HellfireKnots
|raw|Ladder updating...
|player|p1
|raw|naneek's rating: 1705 &rarr; <strong>1675<\/strong><br \/>(-30 for losing)
|raw|HellfireKnots's rating: 1509 &rarr; <strong>1539<\/strong><br \/>(+30 for winning)
|leave|HellfireKnots
|player|p2