|join|Albyness
|join|naneek
|player|p1|Albyness|44
|player|p2|naneek|46
|gametype|singles
|gen|6
|tier|OU
|rated
|clearpoke
|poke|p1|Metagross
|poke|p1|Keldeo
|poke|p1|Landorus, M, shiny
|poke|p1|Clefable, M
|poke|p1|Heatran, M
|poke|p1|Latios, M
|poke|p2|Altaria, F
|poke|p2|Bisharp, F
|poke|p2|Keldeo
|poke|p2|Landorus-Therian, M
|poke|p2|Heatran, F
|poke|p2|Latias, F
|rule|Swagger Clause: Swagger is banned
|rule|Baton Pass Clause: Limit one PokÃ©mon knowing Baton Pass
|rule|Sleep Clause Mod: Limit one foe put to sleep
|rule|Species Clause: Limit one of each PokÃ©mon
|rule|OHKO Clause: OHKO moves are banned
|rule|Moody Clause: Moody is banned
|rule|Evasion Moves Clause: Evasion moves are banned
|rule|Endless Battle Clause: Forcing endless battles is banned
|rule|HP Percentage Mod: HP is shown in percentages
|teampreview
|
|start
|switch|p1a: Keldeo|Keldeo|323\/323
|switch|p2a: Keldeo|Keldeo|323\/323
|turn|1
|
|move|p2a: Keldeo|Secret Sword|p1a: Keldeo
|-damage|p1a: Keldeo|35\/323
|move|p1a: Keldeo|Scald|p2a: Keldeo
|-resisted|p2a: Keldeo
|-damage|p2a: Keldeo|248\/323
|
|-heal|p1a: Keldeo|55\/323|[from] item: Leftovers
|turn|2
|
|switch|p1a: Clefable|Clefable, M|393\/393
|move|p2a: Keldeo|Secret Sword|p1a: Clefable
|-resisted|p1a: Clefable
|-damage|p1a: Clefable|284\/393
|
|-heal|p1a: Clefable|308\/393|[from] item: Leftovers
|turn|3
|
|switch|p2a: Bisharp|Bisharp, F|271\/271
|switch|p1a: Landorus|Landorus, M, shiny|333\/333
|
|turn|4
|join|CleanerThanRotom-W
|
|switch|p1a: Metagross|Metagross|301\/301
|switch|p2a: Latias|Latias, F|321\/321
|
|turn|5
|
|detailschange|p1a: Metagross|Metagross-Mega
|-mega|p1a: Metagross|Metagross|Metagrossite
|move|p2a: Latias|Draco Meteor|p1a: Metagross
|-resisted|p1a: Metagross
|-damage|p1a: Metagross|192\/301
|-unboost|p2a: Latias|spa|2
|-damage|p2a: Latias|289\/321|[from] item: Life Orb
|move|p1a: Metagross|Pursuit|p2a: Latias
|-supereffective|p2a: Latias
|-damage|p2a: Latias|125\/321
|
|turn|6
|
|move|p1a: Metagross|Pursuit|p2a: Latias|[from]Pursuit
|-supereffective|p2a: Latias
|-damage|p2a: Latias|0 fnt
|faint|p2a: Latias
|
|
|switch|p2a: Landorus-Therian|Landorus-Therian, M|381\/381
|-ability|p2a: Landorus-Therian|Intimidate|[of] p1a: Metagross
|-unboost|p1a: Metagross|atk|1
|turn|7
|join|cosine180
|leave|CleanerThanRotom-W
|
|move|p1a: Metagross|Hammer Arm|p2a: Landorus-Therian
|-resisted|p2a: Landorus-Therian
|-damage|p2a: Landorus-Therian|337\/381
|-unboost|p1a: Metagross|spe|1
|move|p2a: Landorus-Therian|Stealth Rock|p1a: Metagross
|-sidestart|p1: Albyness|move: Stealth Rock
|
|-heal|p2a: Landorus-Therian|360\/381|[from] item: Leftovers
|turn|8
|
|switch|p1a: Landorus|Landorus, M, shiny|333\/333
|-damage|p1a: Landorus|292\/333|[from] Stealth Rock
|move|p2a: Landorus-Therian|U-turn|p1a: Landorus
|-resisted|p1a: Landorus
|-damage|p1a: Landorus|254\/333
|
|switch|p2a: Keldeo|Keldeo|248\/323
|
|turn|9
|
|switch|p1a: Latios|Latios, M|301\/301
|-damage|p1a: Latios|264\/301|[from] Stealth Rock
|move|p2a: Keldeo|Scald|p1a: Latios
|-resisted|p1a: Latios
|-damage|p1a: Latios|160\/301
|-status|p1a: Latios|brn
|
|-damage|p1a: Latios|123\/301 brn|[from] brn
|turn|10
|
|switch|p2a: Bisharp|Bisharp, F|271\/271
|move|p1a: Latios|Thunderbolt|p2a: Bisharp
|-damage|p2a: Bisharp|84\/271
|-damage|p1a: Latios|93\/301 brn|[from] item: Life Orb
|
|-damage|p1a: Latios|56\/301 brn|[from] brn
|turn|11
|
|switch|p1a: Heatran|Heatran, M|386\/386
|-damage|p1a: Heatran|338\/386|[from] Stealth Rock
|move|p2a: Bisharp|Sucker Punch|p1a: Heatran
|-fail|p1a: Heatran
|
|-heal|p1a: Heatran|362\/386|[from] item: Leftovers
|turn|12
|leave|cosine180
|
|move|p2a: Bisharp|Knock Off|p1a: Heatran
|-damage|p1a: Heatran|140\/386
|-enditem|p1a: Heatran|Leftovers|[from] move: Knock Off|[of] p2a: Bisharp
|-damage|p2a: Bisharp|57\/271|[from] item: Life Orb
|move|p1a: Heatran|Stealth Rock|p2a: Bisharp
|-sidestart|p2: naneek|move: Stealth Rock
|
|turn|13
|
|move|p2a: Bisharp|Knock Off|p1a: Heatran
|-damage|p1a: Heatran|6\/386
|-damage|p2a: Bisharp|30\/271|[from] item: Life Orb
|move|p1a: Heatran|Magma Storm|p2a: Bisharp
|-supereffective|p2a: Bisharp
|-damage|p2a: Bisharp|0 fnt
|faint|p2a: Bisharp
|
|
|switch|p2a: Keldeo|Keldeo|248\/323
|-damage|p2a: Keldeo|228\/323|[from] Stealth Rock
|turn|14
|
|move|p2a: Keldeo|Scald|p1a: Heatran
|-supereffective|p1a: Heatran
|-damage|p1a: Heatran|0 fnt
|faint|p1a: Heatran
|
|
|switch|p1a: Latios|Latios, M|56\/301 brn
|-damage|p1a: Latios|19\/301 brn|[from] Stealth Rock
|turn|15
|
|switch|p2a: Heatran|Heatran, F|385\/385
|-damage|p2a: Heatran|337\/385|[from] Stealth Rock
|move|p1a: Latios|Draco Meteor|p2a: Heatran
|-resisted|p2a: Heatran
|-damage|p2a: Heatran|219\/385
|-unboost|p1a: Latios|spa|2
|-damage|p1a: Latios|0 fnt|[from] item: Life Orb
|faint|p1a: Latios
|
|-heal|p2a: Heatran|243\/385|[from] item: Leftovers
|
|switch|p1a: Landorus|Landorus, M, shiny|254\/333
|-damage|p1a: Landorus|213\/333|[from] Stealth Rock
|turn|16
|
|switch|p2a: Altaria|Altaria, F|311\/311
|-damage|p2a: Altaria|234\/311|[from] Stealth Rock
|move|p1a: Landorus|Rock Polish|p1a: Landorus
|-boost|p1a: Landorus|spe|2
|
|turn|17
|
|detailschange|p2a: Altaria|Altaria-Mega, F
|-mega|p2a: Altaria|Altaria|Altarianite
|move|p1a: Landorus|Earth Power|p2a: Altaria
|-damage|p2a: Altaria|0 fnt
|faint|p2a: Altaria
|
|
|switch|p2a: Landorus-Therian|Landorus-Therian, M|360\/381
|-damage|p2a: Landorus-Therian|313\/381|[from] Stealth Rock
|-ability|p2a: Landorus-Therian|Intimidate|[of] p1a: Landorus
|-unboost|p1a: Landorus|atk|1
|turn|18
|
|move|p1a: Landorus|Psychic|p2a: Landorus-Therian
|-damage|p2a: Landorus-Therian|78\/381
|move|p2a: Landorus-Therian|Stone Edge|p1a: Landorus
|-damage|p1a: Landorus|88\/333
|
|-heal|p2a: Landorus-Therian|101\/381|[from] item: Leftovers
|turn|19
|-message|naneek forfeited.
|leave|naneek
|
|win|Albyness
|raw|Ladder updating...
|player|p2
|raw|Albyness's rating: 1616 &rarr; <strong>1639<\/strong><br \/>(+23 for winning)
|raw|naneek's rating: 1668 &rarr; <strong>1645<\/strong><br \/>(-23 for losing)