|join|naneek
|join|TheMundane
|player|p1|naneek|175
|player|p2|TheMundane|222
|gametype|singles
|gen|6
|tier|OU
|rated
|clearpoke
|poke|p1|Gardevoir, M
|poke|p1|Thundurus, M
|poke|p1|Landorus-Therian, M
|poke|p1|Latias, F
|poke|p1|Terrakion
|poke|p1|Keldeo
|poke|p2|Metagross
|poke|p2|Landorus-Therian, M
|poke|p2|Heatran, M
|poke|p2|Latios, M
|poke|p2|Chesnaught, M
|poke|p2|Keldeo
|rule|Swagger Clause: Swagger is banned
|rule|Baton Pass Clause: Limit one PokÃ©mon knowing Baton Pass
|rule|Sleep Clause Mod: Limit one foe put to sleep
|rule|Species Clause: Limit one of each PokÃ©mon
|rule|OHKO Clause: OHKO moves are banned
|rule|Moody Clause: Moody is banned
|rule|Evasion Moves Clause: Evasion moves are banned
|rule|Endless Battle Clause: Forcing endless battles is banned
|rule|HP Percentage Mod: HP is shown in percentages
|teampreview
|
|start
|switch|p1a: Gardevoir|Gardevoir, M|277\/277
|switch|p2a: Metagross|Metagross|301\/301
|-ability|p1a: Gardevoir|Clear Body|[from] ability: Trace|[of] p2a: Metagross
|turn|1
|
|switch|p1a: Thundurus|Thundurus, M|299\/299
|move|p2a: Metagross|Meteor Mash|p1a: Thundurus
|-resisted|p1a: Thundurus
|-damage|p1a: Thundurus|180\/299
|
|turn|2
|
|switch|p2a: Landorus-Therian|Landorus-Therian, M|379\/379
|-ability|p2a: Landorus-Therian|Intimidate|[of] p1a: Thundurus
|-unboost|p1a: Thundurus|atk|1
|-boost|p1a: Thundurus|atk|2|[from] ability: Defiant
|move|p1a: Thundurus|Thunderbolt|p2a: Landorus-Therian
|-immune|p2a: Landorus-Therian|[msg]
|
|turn|3
|
|switch|p2a: Heatran|Heatran, M|323\/323
|move|p1a: Thundurus|Knock Off|p2a: Heatran
|-damage|p2a: Heatran|148\/323
|-enditem|p2a: Heatran|Choice Scarf|[from] move: Knock Off|[of] p1a: Thundurus
|-damage|p1a: Thundurus|151\/299|[from] item: Life Orb
|
|turn|4
|
|switch|p2a: Chesnaught|Chesnaught, M|320\/320
|move|p1a: Thundurus|Thunderbolt|p2a: Chesnaught
|-resisted|p2a: Chesnaught
|-damage|p2a: Chesnaught|199\/320
|-damage|p1a: Thundurus|122\/299|[from] item: Life Orb
|
|turn|5
|
|switch|p2a: Heatran|Heatran, M|148\/323
|move|p1a: Thundurus|Hidden Power|p2a: Heatran
|-resisted|p2a: Heatran
|-damage|p2a: Heatran|129\/323
|-damage|p1a: Thundurus|93\/299|[from] item: Life Orb
|
|turn|6
|
|switch|p2a: Chesnaught|Chesnaught, M|199\/320
|move|p1a: Thundurus|Thunderbolt|p2a: Chesnaught
|-resisted|p2a: Chesnaught
|-damage|p2a: Chesnaught|77\/320
|-damage|p1a: Thundurus|64\/299|[from] item: Life Orb
|-enditem|p2a: Chesnaught|Salac Berry|[eat]
|-boost|p2a: Chesnaught|spe|1|[from] item: Salac Berry
|
|turn|7
|
|move|p2a: Chesnaught|Seed Bomb|p1a: Thundurus
|-resisted|p1a: Thundurus
|-damage|p1a: Thundurus|0 fnt
|faint|p1a: Thundurus
|
|
|switch|p1a: Latias|Latias, F|319\/319
|turn|8
|
|switch|p2a: Metagross|Metagross|301\/301
|move|p1a: Latias|Psyshock|p2a: Metagross
|-resisted|p2a: Metagross
|-damage|p2a: Metagross|272\/301
|-damage|p1a: Latias|288\/319|[from] item: Life Orb
|
|turn|9
|
|move|p1a: Latias|Draco Meteor|p2a: Metagross
|-resisted|p2a: Metagross
|-damage|p2a: Metagross|146\/301
|-unboost|p1a: Latias|spa|2
|-damage|p1a: Latias|257\/319|[from] item: Life Orb
|move|p2a: Metagross|Meteor Mash|p1a: Latias|[miss]
|-miss|p2a: Metagross|p1a: Latias
|
|turn|10
|
|switch|p1a: Keldeo|Keldeo|323\/323
|detailschange|p2a: Metagross|Metagross-Mega
|-mega|p2a: Metagross|Metagross|Metagrossite
|move|p2a: Metagross|Meteor Mash|p1a: Keldeo|[miss]
|-miss|p2a: Metagross|p1a: Keldeo
|
|turn|11
|
|switch|p1a: Latias|Latias, F|257\/319
|move|p2a: Metagross|Zen Headbutt|p1a: Latias
|-resisted|p1a: Latias
|-damage|p1a: Latias|151\/319
|
|turn|12
|
|move|p2a: Metagross|Meteor Mash|p1a: Latias
|-damage|p1a: Latias|0 fnt
|faint|p1a: Latias
|
|
|switch|p1a: Landorus-Therian|Landorus-Therian, M|319\/319
|-ability|p1a: Landorus-Therian|Intimidate|[of] p2a: Metagross
|-unboost|p2a: Metagross|atk|1
|turn|13
|
|switch|p2a: Landorus-Therian|Landorus-Therian, M|379\/379
|-ability|p2a: Landorus-Therian|Intimidate|[of] p1a: Landorus-Therian
|-unboost|p1a: Landorus-Therian|atk|1
|move|p1a: Landorus-Therian|U-turn|p2a: Landorus-Therian
|-resisted|p2a: Landorus-Therian
|-damage|p2a: Landorus-Therian|355\/379
|
|switch|p1a: Gardevoir|Gardevoir, M|277\/277
|-ability|p1a: Gardevoir|Intimidate|[from] ability: Trace|[of] p2a: Landorus-Therian
|-ability|p1a: Gardevoir|Intimidate|[of] p2a: Landorus-Therian
|-unboost|p2a: Landorus-Therian|atk|1
|
|-heal|p2a: Landorus-Therian|378\/379|[from] item: Leftovers
|turn|14
|
|switch|p2a: Chesnaught|Chesnaught, M|77\/320
|detailschange|p1a: Gardevoir|Gardevoir-Mega, M
|-mega|p1a: Gardevoir|Gardevoir|Gardevoirite
|move|p1a: Gardevoir|Hyper Voice|p2a: Chesnaught
|-supereffective|p2a: Chesnaught
|-damage|p2a: Chesnaught|0 fnt
|faint|p2a: Chesnaught
|
|
|switch|p2a: Metagross|Metagross-Mega|146\/301
|turn|15
|
|switch|p1a: Terrakion|Terrakion|323\/323
|move|p2a: Metagross|Meteor Mash|p1a: Terrakion
|-crit|p1a: Terrakion
|-supereffective|p1a: Terrakion
|-enditem|p1a: Terrakion|Focus Sash
|-damage|p1a: Terrakion|1\/323
|
|turn|16
|
|move|p2a: Metagross|Meteor Mash|p1a: Terrakion
|-supereffective|p1a: Terrakion
|-damage|p1a: Terrakion|0 fnt
|faint|p1a: Terrakion
|
|
|switch|p1a: Landorus-Therian|Landorus-Therian, M|319\/319
|-ability|p1a: Landorus-Therian|Intimidate|[of] p2a: Metagross
|-unboost|p2a: Metagross|atk|1
|turn|17
|
|switch|p2a: Landorus-Therian|Landorus-Therian, M|378\/379
|-ability|p2a: Landorus-Therian|Intimidate|[of] p1a: Landorus-Therian
|-unboost|p1a: Landorus-Therian|atk|1
|move|p1a: Landorus-Therian|U-turn|p2a: Landorus-Therian
|-resisted|p2a: Landorus-Therian
|-damage|p2a: Landorus-Therian|356\/379
|
|switch|p1a: Gardevoir|Gardevoir-Mega, M|277\/277
|
|-heal|p2a: Landorus-Therian|379\/379|[from] item: Leftovers
|turn|18
|
|move|p1a: Gardevoir|Hyper Voice|p2a: Landorus-Therian
|-damage|p2a: Landorus-Therian|34\/379
|move|p2a: Landorus-Therian|Stealth Rock|p1a: Gardevoir
|-sidestart|p1: naneek|move: Stealth Rock
|
|-heal|p2a: Landorus-Therian|57\/379|[from] item: Leftovers
|turn|19
|
|switch|p2a: Heatran|Heatran, M|129\/323
|move|p1a: Gardevoir|Hyper Voice|p2a: Heatran
|-resisted|p2a: Heatran
|-damage|p2a: Heatran|70\/323
|
|turn|20
|
|move|p1a: Gardevoir|Psyshock|p2a: Heatran
|-resisted|p2a: Heatran
|-damage|p2a: Heatran|0 fnt
|faint|p2a: Heatran
|
|
|switch|p2a: Keldeo|Keldeo|323\/323
|turn|21
|
|move|p2a: Keldeo|Scald|p1a: Gardevoir
|-damage|p1a: Gardevoir|165\/277
|-status|p1a: Gardevoir|brn
|move|p1a: Gardevoir|Hyper Voice|p2a: Keldeo
|-supereffective|p2a: Keldeo
|-damage|p2a: Keldeo|0 fnt
|faint|p2a: Keldeo
|
|-damage|p1a: Gardevoir|131\/277 brn|[from] brn
|
|switch|p2a: Metagross|Metagross-Mega|146\/301
|turn|22
|
|move|p2a: Metagross|Bullet Punch|p1a: Gardevoir
|-supereffective|p1a: Gardevoir
|-damage|p1a: Gardevoir|0 fnt
|faint|p1a: Gardevoir
|
|
|switch|p1a: Landorus-Therian|Landorus-Therian, M|319\/319
|-damage|p1a: Landorus-Therian|280\/319|[from] Stealth Rock
|-ability|p1a: Landorus-Therian|Intimidate|[of] p2a: Metagross
|-unboost|p2a: Metagross|atk|1
|turn|23
|
|move|p1a: Landorus-Therian|U-turn|p2a: Metagross
|-damage|p2a: Metagross|81\/301
|
|switch|p1a: Keldeo|Keldeo|323\/323
|-damage|p1a: Keldeo|303\/323|[from] Stealth Rock
|move|p2a: Metagross|Zen Headbutt|p1a: Keldeo
|-supereffective|p1a: Keldeo
|-damage|p1a: Keldeo|9\/323
|
|turn|24
|
|move|p2a: Metagross|Bullet Punch|p1a: Keldeo
|-resisted|p1a: Keldeo
|-damage|p1a: Keldeo|0 fnt
|faint|p1a: Keldeo
|
|-message|naneek forfeited.
|leave|naneek
|
|switch|p1a: Landorus-Therian|Landorus-Therian, M|280\/319
|-damage|p1a: Landorus-Therian|241\/319|[from] Stealth Rock
|-ability|p1a: Landorus-Therian|Intimidate|[of] p2a: Metagross
|-unboost|p2a: Metagross|atk|1
|turn|25
|
|win|TheMundane
|raw|Ladder updating...
|raw|naneek's rating: 1715 &rarr; <strong>1694<\/strong><br \/>(-21 for losing)
|raw|TheMundane's rating: 1699 &rarr; <strong>1719<\/strong><br \/>(+20 for winning)
|player|p1