|join|naneek
|join|ghostworld
|player|p1|naneek|46
|player|p2|ghostworld|121
|gametype|singles
|gen|6
|tier|OU (suspect test)
|rated
|clearpoke
|poke|p1|Swampert, M
|poke|p1|Politoed, F
|poke|p1|Gothitelle, M
|poke|p1|Ferrothorn, F
|poke|p1|Kingdra, F
|poke|p1|Tornadus-Therian, M
|poke|p2|Azelf
|poke|p2|Bisharp, F
|poke|p2|Diggersby, M
|poke|p2|Azumarill, F
|poke|p2|Pinsir, F
|poke|p2|Thundurus, M
|rule|Swagger Clause: Swagger is banned
|rule|Baton Pass Clause: Limit one PokÃ©mon knowing Baton Pass
|rule|Sleep Clause Mod: Limit one foe put to sleep
|rule|Species Clause: Limit one of each PokÃ©mon
|rule|OHKO Clause: OHKO moves are banned
|rule|Moody Clause: Moody is banned
|rule|Evasion Moves Clause: Evasion moves are banned
|rule|Endless Battle Clause: Forcing endless battles is banned
|rule|HP Percentage Mod: HP is shown in percentages
|teampreview
|
|start
|switch|p1a: Politoed|Politoed, F|384\/384
|switch|p2a: Azelf|Azelf|291\/291
|-weather|RainDance
|turn|1
|
|move|p2a: Azelf|Stealth Rock|p1a: Politoed
|-sidestart|p1: naneek|move: Stealth Rock
|move|p1a: Politoed|Encore|p2a: Azelf
|-start|p2a: Azelf|Encore
|
|-weather|RainDance|[upkeep]
|turn|2
|
|move|p2a: Azelf|Stealth Rock|p1a: Politoed
|-fail|p1a: Politoed
|move|p1a: Politoed|Scald|p2a: Azelf
|-damage|p2a: Azelf|126\/291
|-status|p2a: Azelf|brn
|
|-weather|RainDance|[upkeep]
|-damage|p2a: Azelf|90\/291 brn|[from] brn
|turn|3
|
|move|p2a: Azelf|Stealth Rock|p1a: Politoed
|-fail|p1a: Politoed
|move|p1a: Politoed|Scald|p2a: Azelf
|-damage|p2a: Azelf|0 fnt
|faint|p2a: Azelf
|
|-weather|RainDance|[upkeep]
|
|switch|p2a: Diggersby|Diggersby, M|311\/311
|turn|4
|
|move|p2a: Diggersby|Knock Off|p1a: Politoed
|-damage|p1a: Politoed|202\/384
|-enditem|p1a: Politoed|Damp Rock|[from] move: Knock Off|[of] p2a: Diggersby
|-damage|p2a: Diggersby|280\/311|[from] item: Life Orb
|move|p1a: Politoed|Encore|p2a: Diggersby
|-start|p2a: Diggersby|Encore
|
|-weather|RainDance|[upkeep]
|turn|5
|
|move|p2a: Diggersby|Knock Off|p1a: Politoed
|-damage|p1a: Politoed|89\/384
|-damage|p2a: Diggersby|249\/311|[from] item: Life Orb
|move|p1a: Politoed|Scald|p2a: Diggersby
|-supereffective|p2a: Diggersby
|-damage|p2a: Diggersby|0 fnt
|faint|p2a: Diggersby
|
|-weather|RainDance|[upkeep]
|
|switch|p2a: Bisharp|Bisharp, F|271\/271
|turn|6
|
|switch|p1a: Ferrothorn|Ferrothorn, F|352\/352
|-damage|p1a: Ferrothorn|330\/352|[from] Stealth Rock
|move|p2a: Bisharp|Knock Off|p1a: Ferrothorn
|-damage|p1a: Ferrothorn|165\/352
|-damage|p2a: Bisharp|238\/271|[from] ability: Iron Barbs|[of] p1a: Ferrothorn
|-enditem|p1a: Ferrothorn|Leftovers|[from] move: Knock Off|[of] p2a: Bisharp
|-damage|p2a: Bisharp|211\/271|[from] item: Life Orb
|
|-weather|RainDance|[upkeep]
|turn|7
|
|move|p2a: Bisharp|Swords Dance|p2a: Bisharp
|-boost|p2a: Bisharp|atk|2
|move|p1a: Ferrothorn|Leech Seed|p2a: Bisharp
|-start|p2a: Bisharp|move: Leech Seed
|
|-weather|RainDance|[upkeep]
|-damage|p2a: Bisharp|178\/271|[from] Leech Seed|[of] p1a: Ferrothorn
|-heal|p1a: Ferrothorn|198\/352|[silent]
|turn|8
|
|move|p2a: Bisharp|Knock Off|p1a: Ferrothorn
|-damage|p1a: Ferrothorn|0 fnt
|-damage|p2a: Bisharp|145\/271|[from] ability: Iron Barbs|[of] p1a: Ferrothorn
|-damage|p2a: Bisharp|118\/271|[from] item: Life Orb
|faint|p1a: Ferrothorn
|
|-weather|none
|
|switch|p1a: Swampert|Swampert, M|348\/348
|-damage|p1a: Swampert|327\/348|[from] Stealth Rock
|turn|9
|
|detailschange|p1a: Swampert|Swampert-Mega, M
|-mega|p1a: Swampert|Swampert|Swampertite
|move|p2a: Bisharp|Sucker Punch|p1a: Swampert
|-damage|p1a: Swampert|0 fnt
|-damage|p2a: Bisharp|91\/271|[from] item: Life Orb
|faint|p1a: Swampert
|
|
|switch|p1a: Gothitelle|Gothitelle, M|281\/281
|-damage|p1a: Gothitelle|246\/281|[from] Stealth Rock
|turn|10
|
|move|p2a: Bisharp|Sucker Punch|p1a: Gothitelle
|-fail|p1a: Gothitelle
|move|p1a: Gothitelle|Trick|p2a: Bisharp
|-activate|p1a: Gothitelle|move: Trick|[of] p2a: Bisharp
|-item|p2a: Bisharp|Choice Scarf|[from] move: Trick
|-item|p1a: Gothitelle|Life Orb|[from] move: Trick
|
|-damage|p2a: Bisharp|58\/271|[from] Leech Seed|[of] p1a: Gothitelle
|-heal|p1a: Gothitelle|279\/281|[silent]
|turn|11
|
|move|p2a: Bisharp|Knock Off|p1a: Gothitelle
|-supereffective|p1a: Gothitelle
|-damage|p1a: Gothitelle|0 fnt
|-enditem|p1a: Gothitelle|Life Orb|[from] move: Knock Off|[of] p2a: Bisharp
|faint|p1a: Gothitelle
|
|
|switch|p1a: Politoed|Politoed, F|89\/384
|-damage|p1a: Politoed|41\/384|[from] Stealth Rock
|-weather|RainDance
|turn|12
|
|move|p2a: Bisharp|Knock Off|p1a: Politoed
|-damage|p1a: Politoed|0 fnt
|faint|p1a: Politoed
|
|-weather|RainDance|[upkeep]
|
|switch|p1a: Kingdra|Kingdra, F|307\/307
|-damage|p1a: Kingdra|269\/307|[from] Stealth Rock
|turn|13
|
|move|p1a: Kingdra|Surf|p2a: Bisharp
|-damage|p2a: Bisharp|0 fnt
|faint|p2a: Bisharp
|
|-weather|RainDance|[upkeep]
|
|switch|p2a: Azumarill|Azumarill, F|354\/354
|turn|14
|
|move|p1a: Kingdra|Surf|p2a: Azumarill
|-resisted|p2a: Azumarill
|-damage|p2a: Azumarill|160\/354
|-enditem|p2a: Azumarill|Sitrus Berry|[eat]
|-heal|p2a: Azumarill|248\/354|[from] item: Sitrus Berry
|move|p2a: Azumarill|Play Rough|p1a: Kingdra
|-supereffective|p1a: Kingdra
|-damage|p1a: Kingdra|0 fnt
|faint|p1a: Kingdra
|
|-weather|RainDance|[upkeep]
|
|switch|p1a: Tornadus-Therian|Tornadus-Therian, M|299\/299
|-damage|p1a: Tornadus-Therian|225\/299|[from] Stealth Rock
|turn|15
|
|move|p2a: Azumarill|Aqua Jet|p1a: Tornadus-Therian
|-damage|p1a: Tornadus-Therian|54\/299
|move|p1a: Tornadus-Therian|Hurricane|p2a: Azumarill
|-damage|p2a: Azumarill|0 fnt
|-damage|p1a: Tornadus-Therian|25\/299|[from] item: Life Orb
|faint|p2a: Azumarill
|
|-weather|RainDance|[upkeep]
|
|switch|p2a: Pinsir|Pinsir, F|271\/271
|turn|16
|-message|naneek forfeited.
|
|win|ghostworld
|raw|Ladder updating...
|leave|naneek
|player|p1
|raw|naneek's rating: 1443 &rarr; <strong>1420<\/strong><br \/>(-23 for losing)
|raw|ghostworld's rating: 1390 &rarr; <strong>1413<\/strong><br \/>(+23 for winning)