|join|Futakuchi-onna
|join|naneek
|player|p1|Futakuchi-onna|51
|player|p2|naneek|101
|gametype|singles
|gen|6
|tier|OU (suspect test)
|rated
|clearpoke
|poke|p1|Mawile, M
|poke|p1|Landorus, M
|poke|p1|Aegislash, F
|poke|p1|Rotom-Wash
|poke|p1|Hydreigon, F
|poke|p1|Conkeldurr, F
|poke|p2|Heatran, M
|poke|p2|Rotom-Wash
|poke|p2|Landorus, M
|poke|p2|Pinsir, M
|poke|p2|Latios, M
|poke|p2|Clefable, F
|rule|Sleep Clause Mod: Limit one foe put to sleep
|rule|Species Clause: Limit one of each Pokemon
|rule|OHKO Clause: OHKO moves are banned
|rule|Moody Clause: Moody is banned
|rule|Evasion Moves Clause: Evasion moves are banned
|rule|Endless Battle Clause: Forcing endless battles is banned.
|rule|HP Percentage Mod: HP is reported as percentages
|teampreview
|callback|decision
|
|start
|switch|p1a: Rotom-Wash|Rotom-Wash|304\/304
|switch|p2a: Rotom-Wash|Rotom-Wash|303\/303
|turn|1
|callback|decision
|
|move|p1a: Rotom-Wash|Will-O-Wisp|p2a: Rotom-Wash
|-status|p2a: Rotom-Wash|brn
|move|p2a: Rotom-Wash|Will-O-Wisp|p1a: Rotom-Wash
|-status|p1a: Rotom-Wash|brn
|
|-damage|p1a: Rotom-Wash|266\/304 brn|[from] brn
|-damage|p2a: Rotom-Wash|266\/303 brn|[from] brn
|turn|2
|callback|decision
|
|move|p1a: Rotom-Wash|Volt Switch|p2a: Rotom-Wash
|-damage|p2a: Rotom-Wash|184\/303 brn
|callback|decision
|
|switch|p1a: Landorus|Landorus, M|319\/319
|move|p2a: Rotom-Wash|Volt Switch|p1a: Landorus
|-immune|p1a: Landorus|[msg]
|
|-heal|p2a: Rotom-Wash|202\/303 brn|[from] item: Leftovers
|-damage|p2a: Rotom-Wash|165\/303 brn|[from] brn
|turn|3
|callback|decision
|
|switch|p1a: Conkeldurr|Conkeldurr, F|351\/351
|switch|p2a: Latios|Latios, M|301\/301
|
|turn|4
|callback|decision
|
|switch|p1a: Aegislash|Aegislash, F|319\/319
|move|p2a: Latios|Psyshock|p1a: Aegislash
|-resisted|p1a: Aegislash
|-damage|p1a: Aegislash|257\/319
|-damage|p2a: Latios|271\/301|[from] item: Life Orb
|
|turn|5
|callback|decision
|
|-formechange|p1a: Aegislash|Aegislash-Blade
|move|p1a: Aegislash|Pursuit|p2a: Latios|[from]Pursuit
|-supereffective|p2a: Latios
|-damage|p2a: Latios|0 fnt
|-damage|p1a: Aegislash|226\/319|[from] item: Life Orb
|faint|p2a: Latios
|
|callback|decision
|
|switch|p2a: Landorus|Landorus, M|320\/320
|turn|6
|callback|decision
|
|move|p2a: Landorus|Focus Blast|p1a: Aegislash
|-immune|p1a: Aegislash|[msg]
|move|p1a: Aegislash|Shadow Ball|p2a: Landorus
|-damage|p2a: Landorus|67\/320
|-damage|p1a: Aegislash|195\/319|[from] item: Life Orb
|
|turn|7
|callback|decision
|
|switch|p2a: Heatran|Heatran, M|386\/386
|move|p1a: Aegislash|Shadow Sneak|p2a: Heatran
|-damage|p2a: Heatran|299\/386
|-damage|p1a: Aegislash|164\/319|[from] item: Life Orb
|
|-heal|p2a: Heatran|323\/386|[from] item: Leftovers
|turn|8
|callback|decision
|
|switch|p1a: Landorus|Landorus, M|319\/319
|move|p2a: Heatran|Stealth Rock|p1a: Landorus
|-sidestart|p1: Futakuchi-onna|move: Stealth Rock
|
|-heal|p2a: Heatran|347\/386|[from] item: Leftovers
|turn|9
|callback|decision
|
|switch|p2a: Landorus|Landorus, M|67\/320
|move|p1a: Landorus|Stealth Rock|p2a: Landorus
|-sidestart|p2: naneek|move: Stealth Rock
|
|turn|10
|callback|decision
|
|move|p1a: Landorus|Psychic|p2a: Landorus
|-damage|p2a: Landorus|0 fnt
|faint|p2a: Landorus
|
|callback|decision
|-message|naneek forfeited.
|
|win|Futakuchi-onna
|raw|Ladder updating...
|leave|naneek
|player|p2
|raw|Futakuchi-onna's rating: 1197 &rarr; <strong>1220<\/strong><br \/>(+23 for winning)
|raw|naneek's rating: 1174 &rarr; <strong>1151<\/strong><br \/>(-23 for losing)