|join|naneek
|join|Jukain
|player|p1|naneek|46
|player|p2|Jukain|291
|gametype|singles
|gen|6
|tier|OU (suspect test)
|rated
|clearpoke
|poke|p1|Swampert, F
|poke|p1|Politoed, M
|poke|p1|Gothitelle, F
|poke|p1|Ferrothorn, M
|poke|p1|Kingdra, F
|poke|p1|Tornadus-Therian, M
|poke|p2|Sableye, M
|poke|p2|Talonflame, M
|poke|p2|Starmie
|poke|p2|Ferrothorn, F
|poke|p2|Landorus-Therian, M
|poke|p2|Tyranitar, F
|rule|Swagger Clause: Swagger is banned
|rule|Baton Pass Clause: Limit one PokÃ©mon knowing Baton Pass
|rule|Sleep Clause Mod: Limit one foe put to sleep
|rule|Species Clause: Limit one of each PokÃ©mon
|rule|OHKO Clause: OHKO moves are banned
|rule|Moody Clause: Moody is banned
|rule|Evasion Moves Clause: Evasion moves are banned
|rule|Endless Battle Clause: Forcing endless battles is banned
|rule|HP Percentage Mod: HP is shown in percentages
|teampreview
|
|start
|switch|p1a: Kingdra|Kingdra, F|307\/307
|switch|p2a: Tyranitar|Tyranitar, F|341\/341
|-weather|Sandstorm
|turn|1
|
|move|p2a: Tyranitar|Stone Edge|p1a: Kingdra
|-damage|p1a: Kingdra|105\/307
|move|p1a: Kingdra|Surf|p2a: Tyranitar
|-supereffective|p2a: Tyranitar
|-damage|p2a: Tyranitar|33\/341
|
|-weather|Sandstorm|[upkeep]
|-damage|p1a: Kingdra|86\/307|[from] sandstorm
|turn|2
|
|switch|p2a: Sableye|Sableye, M|304\/304
|switch|p1a: Ferrothorn|Ferrothorn, M|352\/352
|
|-weather|Sandstorm|[upkeep]
|-damage|p2a: Sableye|285\/304|[from] sandstorm
|turn|3
|
|switch|p1a: Kingdra|Kingdra, F|86\/307
|detailschange|p2a: Sableye|Sableye-Mega, M
|-mega|p2a: Sableye|Sableye|Sablenite
|move|p2a: Sableye|Will-O-Wisp|p1a: Kingdra
|-status|p1a: Kingdra|brn
|
|-weather|Sandstorm|[upkeep]
|-damage|p1a: Kingdra|67\/307 brn|[from] sandstorm
|-damage|p2a: Sableye|266\/304|[from] sandstorm
|-damage|p1a: Kingdra|29\/307 brn|[from] brn
|turn|4
|join|Arikado
|
|switch|p2a: Ferrothorn|Ferrothorn, F|352\/352
|move|p1a: Kingdra|Surf|p2a: Ferrothorn
|-resisted|p2a: Ferrothorn
|-damage|p2a: Ferrothorn|274\/352
|
|-weather|Sandstorm|[upkeep]
|-damage|p1a: Kingdra|10\/307 brn|[from] sandstorm
|-heal|p2a: Ferrothorn|296\/352|[from] item: Leftovers
|-damage|p1a: Kingdra|0 fnt|[from] brn
|faint|p1a: Kingdra
|join|Omegasization
|join|bitches brew
|
|switch|p1a: Gothitelle|Gothitelle, F|281\/281
|turn|5
|
|move|p2a: Ferrothorn|Protect|p2a: Ferrothorn
|-singleturn|p2a: Ferrothorn|Protect
|move|p1a: Gothitelle|Trick|p2a: Ferrothorn
|-activate|p2a: Ferrothorn|Protect
|
|-weather|none
|-heal|p2a: Ferrothorn|318\/352|[from] item: Leftovers
|turn|6
|join|Grievousgriffin
|c| bitches brew|jesus
|c| bitches brew|fucking
|c| bitches brew|christ
|c| bitches brew|fsr the sound was on
|
|move|p1a: Gothitelle|Trick|p2a: Ferrothorn
|-activate|p1a: Gothitelle|move: Trick|[of] p2a: Ferrothorn
|-item|p2a: Ferrothorn|Choice Scarf|[from] move: Trick
|-item|p1a: Gothitelle|Leftovers|[from] move: Trick
|move|p2a: Ferrothorn|Spikes|p1a: Gothitelle
|-sidestart|p1: naneek|Spikes
|
|turn|7
|c| bitches brew|and the gothitelle noise
|c| bitches brew|just scared the shit out of me
|c|+Arikado|lmao
|c|+Arikado|i wish they would
|
|switch|p1a: Ferrothorn|Ferrothorn, M|352\/352
|-damage|p1a: Ferrothorn|308\/352|[from] Spikes
|move|p2a: Ferrothorn|Spikes|p1a: Ferrothorn
|-sidestart|p1: naneek|Spikes
|
|-heal|p1a: Ferrothorn|330\/352|[from] item: Leftovers
|turn|8
|c|+Arikado|use better battle music
|c| bitches brew|i just mute it
|c| bitches brew|and listen to
|c| bitches brew|my own music
|c|+Arikado|same
|c| bitches brew|when playing
|c|âJukain|who uses
|c| bitches brew|=]
|c|+Arikado|but
|c|âJukain|battle music
|c|+Arikado|good music would be nice
|
|switch|p2a: Sableye|Sableye-Mega, M|266\/304
|switch|p1a: Tornadus-Therian|Tornadus-Therian, M|299\/299
|
|turn|9
|c| Omegasization|jukain
|
|move|p1a: Tornadus-Therian|Hurricane|p2a: Sableye|[miss]
|-miss|p1a: Tornadus-Therian|p2a: Sableye
|move|p2a: Sableye|Recover|p2a: Sableye
|-heal|p2a: Sableye|304\/304
|
|turn|10
|c| Omegasization|i only use real music for battle's
|
|switch|p2a: Tyranitar|Tyranitar, F|33\/341
|-weather|Sandstorm
|move|p1a: Tornadus-Therian|Hurricane|p2a: Tyranitar|[miss]
|-miss|p1a: Tornadus-Therian|p2a: Tyranitar
|
|-weather|Sandstorm|[upkeep]
|-damage|p1a: Tornadus-Therian|281\/299|[from] sandstorm
|turn|11
|join|Lasagne
|c| Omegasization|not the boring PS one's
|c|+Arikado|blind bird
|
|move|p1a: Tornadus-Therian|Knock Off|p2a: Tyranitar
|-resisted|p2a: Tyranitar
|-damage|p2a: Tyranitar|0 fnt
|-enditem|p2a: Tyranitar|Choice Scarf|[from] move: Knock Off|[of] p1a: Tornadus-Therian
|-damage|p1a: Tornadus-Therian|252\/299|[from] item: Life Orb
|faint|p2a: Tyranitar
|
|-weather|Sandstorm|[upkeep]
|-damage|p1a: Tornadus-Therian|234\/299|[from] sandstorm
|
|switch|p2a: Landorus-Therian|Landorus-Therian, M|381\/381
|-ability|p2a: Landorus-Therian|Intimidate|[of] p1a: Tornadus-Therian
|-unboost|p1a: Tornadus-Therian|atk|1
|turn|12
|
|move|p1a: Tornadus-Therian|U-turn|p2a: Landorus-Therian
|-resisted|p2a: Landorus-Therian
|-damage|p2a: Landorus-Therian|363\/381
|-damage|p1a: Tornadus-Therian|205\/299|[from] item: Life Orb
|
|switch|p1a: Politoed|Politoed, M|384\/384
|-damage|p1a: Politoed|320\/384|[from] Spikes
|-weather|RainDance
|move|p2a: Landorus-Therian|Stealth Rock|p1a: Politoed
|-sidestart|p1: naneek|move: Stealth Rock
|
|-weather|RainDance|[upkeep]
|-heal|p2a: Landorus-Therian|381\/381|[from] item: Leftovers
|turn|13
|
|move|p2a: Landorus-Therian|U-turn|p1a: Politoed
|-damage|p1a: Politoed|256\/384
|
|switch|p2a: Ferrothorn|Ferrothorn, F|318\/352
|move|p1a: Politoed|Scald|p2a: Ferrothorn
|-resisted|p2a: Ferrothorn
|-damage|p2a: Ferrothorn|270\/352
|
|-weather|RainDance|[upkeep]
|turn|14
|
|move|p1a: Politoed|Scald|p2a: Ferrothorn
|-resisted|p2a: Ferrothorn
|-damage|p2a: Ferrothorn|225\/352
|-status|p2a: Ferrothorn|brn
|move|p2a: Ferrothorn|Leech Seed|p1a: Politoed
|-start|p1a: Politoed|move: Leech Seed
|
|-weather|RainDance|[upkeep]
|-damage|p1a: Politoed|208\/384|[from] Leech Seed|[of] p2a: Ferrothorn
|-heal|p2a: Ferrothorn|273\/352 brn|[silent]
|-damage|p2a: Ferrothorn|229\/352 brn|[from] brn
|turn|15
|c| Omegasization|https:\/\/www.youtube.com\/watch?v=d3bkJTJ6O9Y
|c| Omegasization|this is a good one
|
|switch|p1a: Tornadus-Therian|Tornadus-Therian, M|299\/299
|-damage|p1a: Tornadus-Therian|225\/299|[from] Stealth Rock
|move|p2a: Ferrothorn|Leech Seed|p1a: Tornadus-Therian
|-start|p1a: Tornadus-Therian|move: Leech Seed
|
|-weather|RainDance|[upkeep]
|-damage|p1a: Tornadus-Therian|188\/299|[from] Leech Seed|[of] p2a: Ferrothorn
|-heal|p2a: Ferrothorn|266\/352 brn|[silent]
|-damage|p2a: Ferrothorn|222\/352 brn|[from] brn
|turn|16
|c| bitches brew|jesus
|
|move|p1a: Tornadus-Therian|Hurricane|p2a: Ferrothorn
|-damage|p2a: Ferrothorn|35\/352 brn
|-damage|p1a: Tornadus-Therian|159\/299|[from] item: Life Orb
|move|p2a: Ferrothorn|Leech Seed|p1a: Tornadus-Therian
|-fail|p1a: Tornadus-Therian
|
|-weather|RainDance|[upkeep]
|-damage|p1a: Tornadus-Therian|122\/299|[from] Leech Seed|[of] p2a: Ferrothorn
|-heal|p2a: Ferrothorn|72\/352 brn|[silent]
|-damage|p2a: Ferrothorn|28\/352 brn|[from] brn
|turn|17
|c| bitches brew|arikado
|c| bitches brew|this movie
|
|move|p1a: Tornadus-Therian|U-turn|p2a: Ferrothorn
|-damage|p2a: Ferrothorn|0 fnt
|-damage|p1a: Tornadus-Therian|85\/299|[from] ability: Iron Barbs|[of] p2a: Ferrothorn
|-damage|p1a: Tornadus-Therian|56\/299|[from] item: Life Orb
|faint|p2a: Ferrothorn
|c| bitches brew|is cool
|c| bitches brew|o0
|c|+Arikado|whats it called
|c| bitches brew|the truman show
|
|switch|p1a: Ferrothorn|Ferrothorn, M|330\/352
|-damage|p1a: Ferrothorn|272\/352|[from] Spikes
|-damage|p1a: Ferrothorn|250\/352|[from] Stealth Rock
|
|-weather|RainDance|[upkeep]
|-heal|p1a: Ferrothorn|272\/352|[from] item: Leftovers
|
|switch|p2a: Sableye|Sableye-Mega, M|304\/304
|turn|18
|
|switch|p1a: Gothitelle|Gothitelle, F|281\/281
|-damage|p1a: Gothitelle|235\/281|[from] Spikes
|-damage|p1a: Gothitelle|200\/281|[from] Stealth Rock
|move|p2a: Sableye|Calm Mind|p2a: Sableye
|-boost|p2a: Sableye|spa|1
|-boost|p2a: Sableye|spd|1
|
|-weather|RainDance|[upkeep]
|-heal|p1a: Gothitelle|217\/281|[from] item: Leftovers
|turn|19
|
|switch|p1a: Tornadus-Therian|Tornadus-Therian, M|155\/299
|-damage|p1a: Tornadus-Therian|81\/299|[from] Stealth Rock
|move|p2a: Sableye|Calm Mind|p2a: Sableye
|-boost|p2a: Sableye|spa|1
|-boost|p2a: Sableye|spd|1
|
|-weather|none
|turn|20
|
|move|p1a: Tornadus-Therian|Hurricane|p2a: Sableye|[miss]
|-miss|p1a: Tornadus-Therian|p2a: Sableye
|move|p2a: Sableye|Shadow Ball|p1a: Tornadus-Therian
|-damage|p1a: Tornadus-Therian|0 fnt
|faint|p1a: Tornadus-Therian
|
|-message|naneek forfeited.
|
|win|Jukain
|raw|Ladder updating...
|leave|naneek
|player|p1
|raw|naneek's rating: 1446 &rarr; <strong>1430<\/strong><br \/>(-16 for losing)
|raw|Jukain's rating: 1514 &rarr; <strong>1530<\/strong><br \/>(+16 for winning)
|leave|Grievousgriffin
|leave|Jukain
|player|p2
|leave|Omegasization
|leave|bitches brew