|join|smogon test123
|join|3Go
|player|p1|smogon test123|266
|player|p2|3Go|167
|gametype|singles
|gen|6
|tier|OU
|rated
|clearpoke
|poke|p1|Sableye, F
|poke|p1|Volcarona, M
|poke|p1|Toxicroak, M
|poke|p1|Landorus-Therian, M
|poke|p1|Slowbro, F
|poke|p1|Mamoswine, M
|poke|p2|Garchomp, M
|poke|p2|Breloom, F
|poke|p2|Clefable, M
|poke|p2|Keldeo
|poke|p2|Talonflame, F
|poke|p2|Metagross, shiny
|rule|Swagger Clause: Swagger is banned
|rule|Baton Pass Clause: Limit one PokÃ©mon knowing Baton Pass
|rule|Sleep Clause Mod: Limit one foe put to sleep
|rule|Species Clause: Limit one of each PokÃ©mon
|rule|OHKO Clause: OHKO moves are banned
|rule|Moody Clause: Moody is banned
|rule|Evasion Moves Clause: Evasion moves are banned
|rule|Endless Battle Clause: Forcing endless battles is banned
|rule|HP Percentage Mod: HP is shown in percentages
|teampreview
|join|inimitable
|
|start
|switch|p1a: Sableye|Sableye, F|303\/303
|switch|p2a: Talonflame|Talonflame, F|297\/297
|turn|1
|join|Altilt
|
|detailschange|p1a: Sableye|Sableye-Mega, F
|-mega|p1a: Sableye|Sableye|Sablenite
|move|p2a: Talonflame|Flare Blitz|p1a: Sableye
|-damage|p1a: Sableye|162\/303
|-damage|p2a: Talonflame|250\/297|[from] recoil|[of] p1a: Sableye
|move|p1a: Sableye|Foul Play|p2a: Talonflame
|-damage|p2a: Talonflame|67\/297
|
|turn|2
|
|move|p2a: Talonflame|U-turn|p1a: Sableye
|-damage|p1a: Sableye|111\/303
|c| inimitable|like why
|c|âsmogon test123|hi ego
|
|switch|p2a: Breloom|Breloom, F|264\/264
|move|p1a: Sableye|Recover|p1a: Sableye
|-heal|p1a: Sableye|263\/303
|
|-status|p2a: Breloom|tox|[from] item: Toxic Orb
|turn|3
|c| inimitable|haha
|
|switch|p1a: Volcarona|Volcarona, M|347\/347
|move|p2a: Breloom|Substitute|p2a: Breloom
|-start|p2a: Breloom|Substitute
|-damage|p2a: Breloom|198\/264 tox
|
|-heal|p2a: Breloom|231\/264 tox|[from] ability: Poison Heal
|turn|4
|join|mouse de frank
|
|move|p1a: Volcarona|Bug Buzz|p2a: Breloom
|-crit|p2a: Breloom
|-damage|p2a: Breloom|0 fnt
|-damage|p1a: Volcarona|313\/347|[from] item: Life Orb
|faint|p2a: Breloom
|
|
|switch|p2a: Talonflame|Talonflame, F|67\/297
|turn|5
|c| inimitable|``Like why``
|
|switch|p1a: Slowbro|Slowbro, F|393\/393
|move|p2a: Talonflame|U-turn|p1a: Slowbro
|-supereffective|p1a: Slowbro
|-damage|p1a: Slowbro|301\/393
|c|âsmogon test123|like
|c|âsmogon test123|why
|
|switch|p2a: Clefable|Clefable, M|394\/394
|
|-heal|p1a: Slowbro|325\/393|[from] item: Leftovers
|turn|6
|join|TOTEMO
|
|switch|p1a: Volcarona|Volcarona, M|313\/347
|move|p2a: Clefable|Thunder Wave|p1a: Volcarona
|-status|p1a: Volcarona|par
|
|turn|7
|c|âsmogon test123|wtf
|c| inimitable|whyy
|c|âsmogon test123|lol
|
|switch|p2a: Keldeo|Keldeo|324\/324
|cant|p1a: Volcarona|par
|
|turn|8
|c|âsmogon test123|lik
|c|âsmogon test123|likewhy
|
|switch|p1a: Slowbro|Slowbro, F|393\/393
|move|p2a: Keldeo|Secret Sword|p1a: Slowbro
|-resisted|p1a: Slowbro
|-damage|p1a: Slowbro|314\/393
|
|-heal|p1a: Slowbro|338\/393|[from] item: Leftovers
|turn|9
|
|switch|p2a: Clefable|Clefable, M|394\/394
|move|p1a: Slowbro|Thunder Wave|p2a: Clefable
|-status|p2a: Clefable|par
|
|-heal|p1a: Slowbro|362\/393|[from] item: Leftovers
|turn|10
|c| inimitable|Yáµáµ Oá¶°Ë¡Ê¸ Lá¶¤áµáµ Oá¶°á¶áµ
|-message|3Go forfeited.
|
|win|smogon test123
|raw|Ladder updating...
|leave|3Go
|player|p2
|raw|smogon test123's rating: 1637 &rarr; <strong>1648<\/strong><br \/>(+11 for winning)
|raw|3Go's rating: 1485 &rarr; <strong>1473<\/strong><br \/>(-12 for losing)
|leave|mouse de frank
|leave|TOTEMO