|join|smogon test123
|join|z0mOG
|player|p1|smogon test123|266
|player|p2|z0mOG|294
|gametype|singles
|gen|6
|tier|OU
|rated
|clearpoke
|poke|p1|Sableye, F
|poke|p1|Volcarona, M
|poke|p1|Toxicroak, F
|poke|p1|Landorus-Therian, M
|poke|p1|Slowbro, F
|poke|p1|Mamoswine, M
|poke|p2|Scizor, F
|poke|p2|Heatran, F
|poke|p2|Thundurus-Therian, M
|poke|p2|Latios, M
|poke|p2|Keldeo
|poke|p2|Rotom-Wash
|rule|Swagger Clause: Swagger is banned
|rule|Baton Pass Clause: Limit one PokÃ©mon knowing Baton Pass
|rule|Sleep Clause Mod: Limit one foe put to sleep
|rule|Species Clause: Limit one of each PokÃ©mon
|rule|OHKO Clause: OHKO moves are banned
|rule|Moody Clause: Moody is banned
|rule|Evasion Moves Clause: Evasion moves are banned
|rule|Endless Battle Clause: Forcing endless battles is banned
|rule|HP Percentage Mod: HP is shown in percentages
|teampreview
|join|Altilt
|join|inimitable
|c|âz0mOG|elmo
|c|âsmogon test123|like why
|c|âz0mOG|>using ben gay's team
|join|mouse de frank
|c|âsmogon test123|this isnt bens
|c|âsmogon test123|i made this
|c| Altilt|this isnt ben gays team kid
|c|âz0mOG|o
|c|âz0mOG|i saw toxicroak+volc so I just assumed it was
|c| inimitable|Shut the fuck up POOPYHEAD *teleports around and shoots beams at you*'You! *kicks you from behind* Are! *teleports in front of you and uppercuts you into the air* Just! *flies into the air with flaming spiral uppercut* NOOB!
|c| inimitable|*hits you with flame uppercut and grabs your head and throws you down to the ground* NOW DIE FAG!!! *crashes into you with meteor slam attack and kills you*Heh... another noob falls to me. *teleports away*
|
|start
|switch|p1a: Sableye|Sableye, F|303\/303
|switch|p2a: Heatran|Heatran, F|385\/385
|-item|p2a: Heatran|Air Balloon
|turn|1
|c|âsmogon test123|http:\/\/replay.pokemonshowdown.com\/ou-202118201
|c|âsmogon test123|this is his teaM!
|
|switch|p2a: Keldeo|Keldeo|323\/323
|detailschange|p1a: Sableye|Sableye-Mega, F
|-mega|p1a: Sableye|Sableye|Sablenite
|move|p1a: Sableye|Knock Off|p2a: Keldeo
|-resisted|p2a: Keldeo
|-damage|p2a: Keldeo|266\/323
|-boost|p2a: Keldeo|atk|1|[from] ability: Justified
|-enditem|p2a: Keldeo|Choice Specs|[from] move: Knock Off|[of] p1a: Sableye
|
|turn|2
|c|âsmogon test123|nooby
|
|move|p2a: Keldeo|Scald|p1a: Sableye
|-damage|p1a: Sableye|212\/303
|move|p1a: Sableye|Will-O-Wisp|p2a: Keldeo
|-status|p2a: Keldeo|brn
|
|-damage|p2a: Keldeo|226\/323 brn|[from] brn
|turn|3
|
|switch|p1a: Slowbro|Slowbro, F|393\/393
|move|p2a: Keldeo|Scald|p1a: Slowbro
|-crit|p1a: Slowbro
|-resisted|p1a: Slowbro
|-damage|p1a: Slowbro|273\/393
|
|-heal|p1a: Slowbro|297\/393|[from] item: Leftovers
|-damage|p2a: Keldeo|186\/323 brn|[from] brn
|turn|4
|join|TOTEMO
|
|move|p2a: Keldeo|Hidden Power|p1a: Slowbro
|-supereffective|p1a: Slowbro
|-damage|p1a: Slowbro|137\/393
|move|p1a: Slowbro|Scald|p2a: Keldeo
|-resisted|p2a: Keldeo
|-damage|p2a: Keldeo|132\/323 brn
|
|-heal|p1a: Slowbro|161\/393|[from] item: Leftovers
|-damage|p2a: Keldeo|92\/323 brn|[from] brn
|turn|5
|join|Ordall
|
|switch|p2a: Scizor|Scizor, F|333\/333
|switch|p1a: Toxicroak|Toxicroak, F|307\/307
|
|turn|6
|c|âsmogon test123|like
|c|âsmogon test123|why
|
|switch|p1a: Volcarona|Volcarona, M|347\/347
|detailschange|p2a: Scizor|Scizor-Mega, F
|-mega|p2a: Scizor|Scizor|Scizorite
|move|p2a: Scizor|Knock Off|p1a: Volcarona
|-damage|p1a: Volcarona|158\/347
|-enditem|p1a: Volcarona|Life Orb|[from] move: Knock Off|[of] p2a: Scizor
|
|turn|7
|c| Altilt|so how long until tran gets slammed
|c| inimitable|like why
|c| Altilt|and then
|c| Altilt|gg
|
|switch|p1a: Mamoswine|Mamoswine, M|361\/361
|switch|p2a: Heatran|Heatran, F|385\/385
|-item|p2a: Heatran|Air Balloon
|
|turn|8
|c| inimitable|balon
|c| inimitable|like w
|c| inimitable|w
|c| inimitable|w
|c| inimitable|w
|c| inimitable|w
|
|move|p1a: Mamoswine|Icicle Crash|p2a: Heatran
|-resisted|p2a: Heatran
|-damage|p2a: Heatran|349\/385
|-enditem|p2a: Heatran|Air Balloon
|cant|p2a: Heatran|flinch
|
|turn|9
|c| mouse de frank|:(
|c| inimitable|why
|c| inimitable|owned
|c| inimitable|fag
|c| Altilt|skill
|c| mouse de frank|elmao
|c|âz0mOG|yEah oK
|
|move|p1a: Mamoswine|Earthquake|p2a: Heatran
|-supereffective|p2a: Heatran
|-damage|p2a: Heatran|0 fnt
|faint|p2a: Heatran
|
|c| Altilt|slammed
|c| inimitable|nice move
|c| mouse de frank|ummmmm
|
|switch|p2a: Rotom-Wash|Rotom-Wash|300\/300
|turn|10
|c| inimitable|r tard
|c| mouse de frank|ummmmmmmmmmmmmmmmmmmmmmmmmmmmmm
|
|move|p1a: Mamoswine|Stealth Rock|p2a: Rotom-Wash
|-sidestart|p2: z0mOG|move: Stealth Rock
|move|p2a: Rotom-Wash|Will-O-Wisp|p1a: Mamoswine
|-status|p1a: Mamoswine|brn
|
|-damage|p1a: Mamoswine|316\/361 brn|[from] brn
|turn|11
|c|âsmogon test123|like why
|c| mouse de frank|ur kinda weak to volcarno :I
|c| Altilt|this game
|
|move|p1a: Mamoswine|Icicle Crash|p2a: Rotom-Wash
|-resisted|p2a: Rotom-Wash
|-damage|p2a: Rotom-Wash|273\/300
|move|p2a: Rotom-Wash|Will-O-Wisp|p1a: Mamoswine|[miss]
|-miss|p2a: Rotom-Wash|p1a: Mamoswine
|
|-damage|p1a: Mamoswine|271\/361 brn|[from] brn
|turn|12
|c| Altilt|is
|c| Altilt|over
|c| Altilt|gg
|c|âsmogon test123|LIKE
|c|âsmogon test123|WHYYY
|
|move|p1a: Mamoswine|Icicle Crash|p2a: Rotom-Wash
|-resisted|p2a: Rotom-Wash
|-damage|p2a: Rotom-Wash|248\/300
|move|p2a: Rotom-Wash|Hydro Pump|p1a: Mamoswine
|-supereffective|p1a: Mamoswine
|-damage|p1a: Mamoswine|0 fnt
|faint|p1a: Mamoswine
|
|c|âz0mOG|so is ur life!
|c| inimitable|weak fag
|c|âz0mOG|\/me slice katana through altilt throat
|
|switch|p1a: Sableye|Sableye-Mega, F|212\/303
|turn|13
|
|move|p2a: Rotom-Wash|Volt Switch|p1a: Sableye
|-damage|p1a: Sableye|154\/303
|c| inimitable|random banana
|
|switch|p2a: Keldeo|Keldeo|92\/323 brn
|-damage|p2a: Keldeo|72\/323 brn|[from] Stealth Rock
|move|p1a: Sableye|Recover|p1a: Sableye
|-heal|p1a: Sableye|303\/303
|
|-damage|p2a: Keldeo|32\/323 brn|[from] brn
|turn|14
|c| mouse de frank|haha
|
|move|p2a: Keldeo|Scald|p1a: Sableye
|-damage|p1a: Sableye|206\/303
|-status|p1a: Sableye|brn
|move|p1a: Sableye|Recover|p1a: Sableye
|-heal|p1a: Sableye|303\/303 brn
|
|-damage|p2a: Keldeo|0 fnt|[from] brn
|-damage|p1a: Sableye|266\/303 brn|[from] brn
|faint|p2a: Keldeo
|c|âsmogon test123|fuck you
|c| mouse de frank|ye
|c|âz0mOG|ha c team ha like why ha
|c|âsmogon test123|shut up bitch
|c|âsmogon test123|your bad
|
|switch|p2a: el bazingas|Thundurus-Therian, M|299\/299
|-damage|p2a: el bazingas|225\/299|[from] Stealth Rock
|turn|15
|c|âz0mOG|let me show you my moves!
|
|move|p2a: el bazingas|Agility|p2a: el bazingas
|-boost|p2a: el bazingas|spe|2
|move|p1a: Sableye|Will-O-Wisp|p2a: el bazingas
|-status|p2a: el bazingas|brn
|
|-damage|p2a: el bazingas|188\/299 brn|[from] brn
|-damage|p1a: Sableye|229\/303 brn|[from] brn
|turn|16
|
|move|p2a: el bazingas|Thunderbolt|p1a: Sableye
|-damage|p1a: Sableye|73\/303 brn
|-damage|p2a: el bazingas|159\/299 brn|[from] item: Life Orb
|move|p1a: Sableye|Knock Off|p2a: el bazingas
|-damage|p2a: el bazingas|95\/299 brn
|-enditem|p2a: el bazingas|Life Orb|[from] move: Knock Off|[of] p1a: Sableye
|
|-damage|p2a: el bazingas|58\/299 brn|[from] brn
|-damage|p1a: Sableye|36\/303 brn|[from] brn
|turn|17
|c| Ordall|zomog were not in the battle just now? where i killed smogon test 123
|c| mouse de frank|nice.............................................
|c|âsmogon test123|like why
|
|move|p2a: el bazingas|Hidden Power|p1a: Sableye
|-damage|p1a: Sableye|0 fnt
|faint|p1a: Sableye
|
|-damage|p2a: el bazingas|21\/299 brn|[from] brn
|c| inimitable|Ordall Shut the fuck up POOPYHEAD *teleports around and shoots beams at you*'You! *kicks you from behind* Are! *teleports in front of you and uppercuts you into the air* Just! *flies into the air with flaming spiral uppercut* NOOB!
|c| inimitable|*hits you with flame uppercut and grabs your head and throws you down to the ground* NOW DIE FAG!!! *crashes into you with meteor slam attack and kills you*Heh... another noob falls to me. *teleports away*
|
|switch|p1a: Toxicroak|Toxicroak, F|307\/307
|turn|18
|c|âsmogon test123|lmfao
|
|move|p1a: Toxicroak|Sucker Punch|p2a: el bazingas
|-damage|p2a: el bazingas|0 fnt
|-damage|p1a: Toxicroak|277\/307|[from] item: Life Orb
|faint|p2a: el bazingas
|
|c|âz0mOG|stop triggering me
|
|switch|p2a: Scizor|Scizor-Mega, F|333\/333
|-damage|p2a: Scizor|292\/333|[from] Stealth Rock
|turn|19
|c|âz0mOG|thanks ^_^
|
|switch|p1a: Volcarona|Volcarona, M|158\/347
|move|p2a: Scizor|Swords Dance|p2a: Scizor
|-boost|p2a: Scizor|atk|2
|
|turn|20
|c|âz0mOG|no byrne..
|
|move|p2a: Scizor|Bullet Punch|p1a: Volcarona
|-resisted|p1a: Volcarona
|-damage|p1a: Volcarona|3\/347
|move|p1a: Volcarona|Fire Blast|p2a: Scizor
|-supereffective|p2a: Scizor
|-damage|p2a: Scizor|0 fnt
|faint|p2a: Scizor
|
|c|âz0mOG|FUCK U KID 2
|c| Altilt|VOLCARNO
|c| mouse de frank|ur weak to volcarno :I
|c| inimitable|boomm
|c|âsmogon test123|GG NOOB
|
|switch|p2a: Latios|Latios, M|301\/301
|-damage|p2a: Latios|264\/301|[from] Stealth Rock
|turn|21
|c| Ordall|http:\/\/replay.pokemonshowdown.com\/ou-202460245 check turn 7, zomog joins!
|
|move|p2a: Latios|Psyshock|p1a: Volcarona
|-damage|p1a: Volcarona|0 fnt
|faint|p1a: Volcarona
|
|
|switch|p1a: Landorus-Therian|Landorus-Therian, M|325\/325
|-ability|p1a: Landorus-Therian|Intimidate|[of] p2a: Latios
|-unboost|p2a: Latios|atk|1
|turn|22
|c|âz0mOG|+2 80+ Atk Technician Mega Scizor Bullet Punch vs. 240 HP \/ 252 Def Volcarona on a critical hit: 165-195 (44.4 - 52.5%) -- guaranteed 3HKO after Leftovers recovery
|c|âz0mOG|min roll at times
|
|move|p2a: Latios|Psyshock|p1a: Landorus-Therian
|-damage|p1a: Landorus-Therian|159\/325
|move|p1a: Landorus-Therian|Knock Off|p2a: Latios
|-supereffective|p2a: Latios
|-damage|p2a: Latios|0 fnt
|-enditem|p2a: Latios|Choice Scarf|[from] move: Knock Off|[of] p1a: Landorus-Therian
|faint|p2a: Latios
|
|
|switch|p2a: Rotom-Wash|Rotom-Wash|248\/300
|-damage|p2a: Rotom-Wash|211\/300|[from] Stealth Rock
|turn|23
|c| Altilt|>240\/242 on a crit
|c| Altilt|zamog thats some strong engineering...
|
|move|p1a: Landorus-Therian|Knock Off|p2a: Rotom-Wash
|-damage|p2a: Rotom-Wash|130\/300
|-enditem|p2a: Rotom-Wash|Chesto Berry|[from] move: Knock Off|[of] p1a: Landorus-Therian
|move|p2a: Rotom-Wash|Rest|p2a: Rotom-Wash
|-status|p2a: Rotom-Wash|slp
|-heal|p2a: Rotom-Wash|300\/300 slp|[silent]
|-status|p2a: Rotom-Wash|slp|[from] move: Rest
|
|turn|24
|c|âz0mOG|sleepy washer
|
|switch|p1a: Toxicroak|Toxicroak, F|277\/307
|cant|p2a: Rotom-Wash|slp
|
|turn|25
|c|âsmogon test123|LMAO
|
|move|p1a: Toxicroak|Swords Dance|p1a: Toxicroak
|-boost|p1a: Toxicroak|atk|2
|cant|p2a: Rotom-Wash|slp
|
|turn|26
|c| inimitable|nice um
|c| inimitable|set
|c|âsmogon test123|noob
|
|move|p1a: Toxicroak|Drain Punch|p2a: Rotom-Wash
|-damage|p2a: Rotom-Wash|96\/300 slp
|-heal|p1a: Toxicroak|307\/307|[from] drain|[of] p2a: Rotom-Wash
|-damage|p1a: Toxicroak|277\/307|[from] item: Life Orb
|-curestatus|p2a: Rotom-Wash|slp
|move|p2a: Rotom-Wash|Will-O-Wisp|p1a: Toxicroak
|-status|p1a: Toxicroak|brn
|
|-damage|p1a: Toxicroak|239\/307 brn|[from] brn
|turn|27
|
|move|p1a: Toxicroak|Gunk Shot|p2a: Rotom-Wash|[miss]
|-miss|p1a: Toxicroak|p2a: Rotom-Wash
|move|p2a: Rotom-Wash|Rest|p2a: Rotom-Wash
|-status|p2a: Rotom-Wash|slp
|-heal|p2a: Rotom-Wash|300\/300 slp|[silent]
|-status|p2a: Rotom-Wash|slp|[from] move: Rest
|
|-damage|p1a: Toxicroak|201\/307 brn|[from] brn
|turn|28
|c|âz0mOG|miss cum shot
|c|âz0mOG|nice
|c| inimitable|WHAT
|
|move|p1a: Toxicroak|Gunk Shot|p2a: Rotom-Wash
|-damage|p2a: Rotom-Wash|147\/300 slp
|-damage|p1a: Toxicroak|171\/307 brn|[from] item: Life Orb
|cant|p2a: Rotom-Wash|slp
|
|-damage|p1a: Toxicroak|133\/307 brn|[from] brn
|turn|29
|
|move|p1a: Toxicroak|Gunk Shot|p2a: Rotom-Wash
|-damage|p2a: Rotom-Wash|0 fnt
|-damage|p1a: Toxicroak|103\/307 brn|[from] item: Life Orb
|faint|p2a: Rotom-Wash
|
|win|smogon test123
|raw|Ladder updating...
|raw|smogon test123's rating: 1603 &rarr; <strong>1623<\/strong><br \/>(+20 for winning)
|raw|z0mOG's rating: 1595 &rarr; <strong>1576<\/strong><br \/>(-19 for losing)
|c| Ordall|smogon test is a noob, he stays in with mega sabe vs mega gard
|leave|mouse de frank
|c|âz0mOG|bg poorly played
|leave|z0mOG
|player|p2
|leave|Altilt
|leave|TOTEMO
|leave|Ordall