|join|Here to Stay
|join|smogon test123
|player|p1|Here to Stay|266
|player|p2|smogon test123|266
|gametype|singles
|gen|6
|tier|OU
|rated
|clearpoke
|poke|p1|Metagross
|poke|p1|Landorus, M
|poke|p1|Bisharp, F
|poke|p1|Talonflame, M
|poke|p1|Latios, M
|poke|p1|Crawdaunt, M
|poke|p2|Sableye, F
|poke|p2|Volcarona, M
|poke|p2|Toxicroak, M
|poke|p2|Landorus-Therian, M
|poke|p2|Slowbro, M
|poke|p2|Mamoswine, F
|rule|Swagger Clause: Swagger is banned
|rule|Baton Pass Clause: Limit one PokÃ©mon knowing Baton Pass
|rule|Sleep Clause Mod: Limit one foe put to sleep
|rule|Species Clause: Limit one of each PokÃ©mon
|rule|OHKO Clause: OHKO moves are banned
|rule|Moody Clause: Moody is banned
|rule|Evasion Moves Clause: Evasion moves are banned
|rule|Endless Battle Clause: Forcing endless battles is banned
|rule|HP Percentage Mod: HP is shown in percentages
|teampreview
|join|the haxy child
|join|mouse de frank
|
|start
|switch|p1a: Crawdaunt|Crawdaunt, M|267\/267
|switch|p2a: Sableye|Sableye, F|303\/303
|turn|1
|leave|mouse de frank
|
|switch|p1a: Talonflame|Talonflame, M|297\/297
|switch|p2a: Toxicroak|Toxicroak, M|307\/307
|
|turn|2
|join|TOTEMO
|
|switch|p2a: Slowbro|Slowbro, M|393\/393
|move|p1a: Talonflame|U-turn|p2a: Slowbro
|-supereffective|p2a: Slowbro
|-damage|p2a: Slowbro|263\/393
|
|switch|p1a: Crawdaunt|Crawdaunt, M|267\/267
|
|-heal|p2a: Slowbro|287\/393|[from] item: Leftovers
|turn|3
|
|switch|p2a: Toxicroak|Toxicroak, M|307\/307
|move|p1a: Crawdaunt|Knock Off|p2a: Toxicroak
|-resisted|p2a: Toxicroak
|-damage|p2a: Toxicroak|46\/307
|-enditem|p2a: Toxicroak|Life Orb|[from] move: Knock Off|[of] p1a: Crawdaunt
|
|turn|4
|
|switch|p1a: Metagross|Metagross|301\/301
|move|p2a: Toxicroak|Drain Punch|p1a: Metagross
|-damage|p1a: Metagross|199\/301
|-heal|p2a: Toxicroak|97\/307|[from] drain|[of] p1a: Metagross
|
|turn|5
|
|switch|p2a: Slowbro|Slowbro, M|393\/393
|detailschange|p1a: Metagross|Metagross-Mega
|-mega|p1a: Metagross|Metagross|Metagrossite
|move|p1a: Metagross|Bullet Punch|p2a: Slowbro
|-resisted|p2a: Slowbro
|-damage|p2a: Slowbro|360\/393
|
|-heal|p2a: Slowbro|384\/393|[from] item: Leftovers
|turn|6
|
|switch|p1a: Latios|Latios, M|301\/301
|move|p2a: Slowbro|Thunder Wave|p1a: Latios
|-status|p1a: Latios|par
|
|-heal|p2a: Slowbro|393\/393|[from] item: Leftovers
|turn|7
|
|switch|p2a: Toxicroak|Toxicroak, M|97\/307
|switch|p1a: Crawdaunt|Crawdaunt, M|267\/267
|
|turn|8
|
|switch|p1a: Landorus|Landorus, M|319\/319
|move|p2a: Toxicroak|Gunk Shot|p1a: Landorus|[miss]
|-miss|p2a: Toxicroak|p1a: Landorus
|
|turn|9
|
|move|p1a: Landorus|Knock Off|p2a: Toxicroak
|-resisted|p2a: Toxicroak
|-damage|p2a: Toxicroak|41\/307
|-damage|p1a: Landorus|288\/319|[from] item: Life Orb
|move|p2a: Toxicroak|Gunk Shot|p1a: Landorus|[miss]
|-miss|p2a: Toxicroak|p1a: Landorus
|
|turn|10
|join|Altilt
|
|move|p2a: Toxicroak|Sucker Punch|p1a: Landorus
|-damage|p1a: Landorus|205\/319
|move|p1a: Landorus|Sludge Wave|p2a: Toxicroak
|-resisted|p2a: Toxicroak
|-damage|p2a: Toxicroak|0 fnt
|faint|p2a: Toxicroak
|
|
|switch|p2a: Mamoswine|Mamoswine, F|361\/361
|turn|11
|c| the haxy child|YOUR BAD
|c| the haxy child|LUCKY
|
|move|p1a: Landorus|Earth Power|p2a: Mamoswine
|-enditem|p2a: Mamoswine|Focus Sash
|-damage|p2a: Mamoswine|1\/361
|move|p2a: Mamoswine|Stealth Rock|p1a: Landorus
|-sidestart|p1: Here to Stay|move: Stealth Rock
|
|turn|12
|
|move|p2a: Mamoswine|Ice Shard|p1a: Landorus
|-supereffective|p1a: Landorus
|-damage|p1a: Landorus|0 fnt
|faint|p1a: Landorus
|
|
|switch|p1a: Metagross|Metagross-Mega|199\/301
|-damage|p1a: Metagross|181\/301|[from] Stealth Rock
|turn|13
|
|move|p1a: Metagross|Ice Punch|p2a: Mamoswine
|-damage|p2a: Mamoswine|0 fnt
|faint|p2a: Mamoswine
|
|
|switch|p2a: Slowbro|Slowbro, M|393\/393
|turn|14
|
|switch|p1a: Crawdaunt|Crawdaunt, M|267\/267
|-damage|p1a: Crawdaunt|234\/267|[from] Stealth Rock
|switch|p2a: Landorus-Therian|Landorus-Therian, M|325\/325
|-ability|p2a: Landorus-Therian|Intimidate|[of] p1a: Crawdaunt
|-unboost|p1a: Crawdaunt|atk|1
|
|turn|15
|
|move|p1a: Crawdaunt|Aqua Jet|p2a: Landorus-Therian
|-supereffective|p2a: Landorus-Therian
|-damage|p2a: Landorus-Therian|97\/325
|move|p2a: Landorus-Therian|U-turn|p1a: Crawdaunt
|-supereffective|p1a: Crawdaunt
|-damage|p1a: Crawdaunt|20\/267
|
|switch|p2a: Slowbro|Slowbro, M|393\/393
|
|turn|16
|
|switch|p1a: Latios|Latios, M|301\/301 par
|-damage|p1a: Latios|264\/301 par|[from] Stealth Rock
|move|p2a: Slowbro|Scald|p1a: Latios
|-resisted|p1a: Latios
|-damage|p1a: Latios|219\/301 par
|
|turn|17
|
|switch|p2a: Landorus-Therian|Landorus-Therian, M|97\/325
|-ability|p2a: Landorus-Therian|Intimidate|[of] p1a: Latios
|-unboost|p1a: Latios|atk|1
|move|p1a: Latios|Defog|p2a: Landorus-Therian
|-unboost|p2a: Landorus-Therian|evasion|1
|-sideend|p1: Here to Stay|Stealth Rock|[from] move: Defog|[of] p1a: Latios
|
|turn|18
|
|move|p2a: Landorus-Therian|U-turn|p1a: Latios
|-supereffective|p1a: Latios
|-damage|p1a: Latios|0 fnt
|faint|p1a: Latios
|
|switch|p2a: Volcarona|Volcarona, M|347\/347
|
|
|switch|p1a: Talonflame|Talonflame, M|297\/297
|turn|19
|
|switch|p2a: Slowbro|Slowbro, M|393\/393
|move|p1a: Talonflame|Brave Bird|p2a: Slowbro
|-damage|p2a: Slowbro|249\/393
|-damage|p1a: Talonflame|249\/297|[from] recoil|[of] p2a: Slowbro
|
|-heal|p2a: Slowbro|273\/393|[from] item: Leftovers
|turn|20
|
|switch|p1a: Bisharp|Bisharp, F|271\/271
|move|p2a: Slowbro|Scald|p1a: Bisharp
|-damage|p1a: Bisharp|145\/271
|
|-heal|p2a: Slowbro|297\/393|[from] item: Leftovers
|turn|21
|
|switch|p2a: Sableye|Sableye, F|303\/303
|move|p1a: Bisharp|Stealth Rock|p2a: Sableye
|-sidestart|p2: smogon test123|move: Stealth Rock
|
|turn|22
|
|switch|p1a: Talonflame|Talonflame, M|249\/297
|detailschange|p2a: Sableye|Sableye-Mega, F
|-mega|p2a: Sableye|Sableye|Sablenite
|move|p2a: Sableye|Foul Play|p1a: Talonflame
|-damage|p1a: Talonflame|75\/297
|
|turn|23
|
|move|p1a: Talonflame|U-turn|p2a: Sableye
|-crit|p2a: Sableye
|-damage|p2a: Sableye|192\/303
|
|switch|p1a: Bisharp|Bisharp, F|145\/271
|move|p2a: Sableye|Recover|p2a: Sableye
|-heal|p2a: Sableye|303\/303
|
|turn|24
|
|move|p1a: Bisharp|Pursuit|p2a: Sableye
|-damage|p2a: Sableye|243\/303
|move|p2a: Sableye|Will-O-Wisp|p1a: Bisharp
|-status|p1a: Bisharp|brn
|
|-damage|p1a: Bisharp|112\/271 brn|[from] brn
|turn|25
|
|move|p1a: Bisharp|Sucker Punch|p2a: Sableye
|-fail|p2a: Sableye
|move|p2a: Sableye|Recover|p2a: Sableye
|-heal|p2a: Sableye|303\/303
|
|-damage|p1a: Bisharp|79\/271 brn|[from] brn
|turn|26
|
|switch|p1a: Crawdaunt|Crawdaunt, M|20\/267
|move|p2a: Sableye|Foul Play|p1a: Crawdaunt
|-resisted|p1a: Crawdaunt
|-damage|p1a: Crawdaunt|0 fnt
|faint|p1a: Crawdaunt
|
|-message|Here to Stay forfeited.
|leave|Here to Stay
|
|win|smogon test123
|raw|Ladder updating...
|player|p1
|raw|Here to Stay's rating: 1593 &rarr; <strong>1576<\/strong><br \/>(-17 for losing)
|raw|smogon test123's rating: 1643 &rarr; <strong>1660<\/strong><br \/>(+17 for winning)
|leave|the haxy child