|join|smogon test123
|join|gstarz
|player|p1|smogon test123|266
|player|p2|gstarz|164
|gametype|singles
|gen|6
|tier|OU
|rated
|clearpoke
|poke|p1|Sableye, M
|poke|p1|Volcarona, F
|poke|p1|Toxicroak, M
|poke|p1|Landorus-Therian, M
|poke|p1|Slowbro, F
|poke|p1|Mamoswine, F
|poke|p2|Gallade, M
|poke|p2|Rotom-Wash
|poke|p2|Landorus-Therian, M
|poke|p2|Bisharp, F
|poke|p2|Infernape, F
|poke|p2|Sylveon, F
|rule|Swagger Clause: Swagger is banned
|rule|Baton Pass Clause: Limit one PokÃ©mon knowing Baton Pass
|rule|Sleep Clause Mod: Limit one foe put to sleep
|rule|Species Clause: Limit one of each PokÃ©mon
|rule|OHKO Clause: OHKO moves are banned
|rule|Moody Clause: Moody is banned
|rule|Evasion Moves Clause: Evasion moves are banned
|rule|Endless Battle Clause: Forcing endless battles is banned
|rule|HP Percentage Mod: HP is shown in percentages
|teampreview
|join|the haxy child
|join|xxrayxx
|join|Altilt
|join|belli
|c| belli|is that ben jay
|
|start
|switch|p1a: Jewel Thief|Sableye, M|303\/303
|switch|p2a: Infernape|Infernape, F|294\/294
|turn|1
|c| belli|ben jay!
|
|detailschange|p1a: Jewel Thief|Sableye-Mega, M
|-mega|p1a: Jewel Thief|Sableye|Sablenite
|move|p1a: Jewel Thief|Recover|p1a: Jewel Thief
|-fail|p1a: Jewel Thief
|move|p2a: Infernape|U-turn|p1a: Jewel Thief
|-damage|p1a: Jewel Thief|240\/303
|c| belli|God who
|
|switch|p2a: Sylveon|Sylveon, F|394\/394
|
|turn|2
|leave|belli
|
|switch|p1a: Tundra|Mamoswine, F|361\/361
|move|p2a: Sylveon|Hyper Voice|p1a: Tundra
|-damage|p1a: Tundra|109\/361
|
|turn|3
|
|switch|p2a: Rotom-Wash|Rotom-Wash|304\/304
|move|p1a: Tundra|Stealth Rock|p2a: Rotom-Wash
|-sidestart|p2: gstarz|move: Stealth Rock
|
|turn|4
|
|switch|p1a: Jewel Thief|Sableye-Mega, M|240\/303
|move|p2a: Rotom-Wash|Hydro Pump|p1a: Jewel Thief
|-damage|p1a: Jewel Thief|147\/303
|
|turn|5
|join|belli
|
|move|p2a: Rotom-Wash|Volt Switch|p1a: Jewel Thief
|-damage|p1a: Jewel Thief|90\/303
|
|switch|p2a: Sylveon|Sylveon, F|394\/394
|-damage|p2a: Sylveon|345\/394|[from] Stealth Rock
|move|p1a: Jewel Thief|Recover|p1a: Jewel Thief
|-heal|p1a: Jewel Thief|242\/303
|
|-heal|p2a: Sylveon|369\/394|[from] item: Leftovers
|turn|6
|c| belli|Volcarno=cteam
|
|switch|p1a: Moth|Volcarona, F|347\/347
|move|p2a: Sylveon|Psyshock|p1a: Moth
|-damage|p1a: Moth|253\/347
|
|-heal|p2a: Sylveon|393\/394|[from] item: Leftovers
|turn|7
|c|âsmogon test123|like why
|
|switch|p2a: Rotom-Wash|Rotom-Wash|304\/304
|-damage|p2a: Rotom-Wash|266\/304|[from] Stealth Rock
|move|p1a: Moth|Quiver Dance|p1a: Moth
|-boost|p1a: Moth|spa|1
|-boost|p1a: Moth|spd|1
|-boost|p1a: Moth|spe|1
|
|-heal|p2a: Rotom-Wash|285\/304|[from] item: Leftovers
|turn|8
|join|xxrayxx
|
|move|p1a: Moth|Giga Drain|p2a: Rotom-Wash
|-supereffective|p2a: Rotom-Wash
|-damage|p2a: Rotom-Wash|0 fnt
|-heal|p1a: Moth|347\/347|[from] drain|[of] p2a: Rotom-Wash
|-damage|p1a: Moth|313\/347|[from] item: Life Orb
|faint|p2a: Rotom-Wash
|
|
|switch|p2a: Infernape|Infernape, F|294\/294
|-damage|p2a: Infernape|258\/294|[from] Stealth Rock
|turn|9
|
|switch|p1a: Short Bus|Slowbro, F|393\/393
|move|p2a: Infernape|Stone Edge|p1a: Short Bus
|-damage|p1a: Short Bus|323\/393
|
|-heal|p1a: Short Bus|347\/393|[from] item: Leftovers
|turn|10
|
|move|p2a: Infernape|U-turn|p1a: Short Bus
|-supereffective|p1a: Short Bus
|-damage|p1a: Short Bus|255\/393
|
|switch|p2a: Bisharp|Bisharp, F|333\/333
|-damage|p2a: Bisharp|313\/333|[from] Stealth Rock
|move|p1a: Short Bus|Scald|p2a: Bisharp
|-crit|p2a: Bisharp
|-damage|p2a: Bisharp|141\/333
|-status|p2a: Bisharp|brn
|
|-heal|p1a: Short Bus|279\/393|[from] item: Leftovers
|-damage|p2a: Bisharp|100\/333 brn|[from] brn
|turn|11
|c| belli|Hax
|join|chumped
|
|switch|p1a: Fr0gger|Toxicroak, M|307\/307
|move|p2a: Bisharp|Knock Off|p1a: Fr0gger
|-resisted|p1a: Fr0gger
|-damage|p1a: Fr0gger|228\/307
|-enditem|p1a: Fr0gger|Life Orb|[from] move: Knock Off|[of] p2a: Bisharp
|
|-damage|p2a: Bisharp|59\/333 brn|[from] brn
|turn|12
|c| belli|Pitiful pathetic hax reliant
|
|move|p2a: Bisharp|Sucker Punch|p1a: Fr0gger
|-resisted|p1a: Fr0gger
|-damage|p1a: Fr0gger|162\/307
|move|p1a: Fr0gger|Drain Punch|p2a: Bisharp
|-supereffective|p2a: Bisharp
|-damage|p2a: Bisharp|0 fnt
|-heal|p1a: Fr0gger|192\/307|[from] drain|[of] p2a: Bisharp
|faint|p2a: Bisharp
|
|
|switch|p2a: Landorus-Therian|Landorus-Therian, M|382\/382
|-damage|p2a: Landorus-Therian|335\/382|[from] Stealth Rock
|-ability|p2a: Landorus-Therian|Intimidate|[of] p1a: Fr0gger
|-unboost|p1a: Fr0gger|atk|1
|turn|13
|
|switch|p1a: Short Bus|Slowbro, F|393\/393
|move|p2a: Landorus-Therian|Stealth Rock|p1a: Short Bus
|-sidestart|p1: smogon test123|move: Stealth Rock
|
|-heal|p2a: Landorus-Therian|358\/382|[from] item: Leftovers
|turn|14
|
|move|p2a: Landorus-Therian|U-turn|p1a: Short Bus
|-supereffective|p1a: Short Bus
|-damage|p1a: Short Bus|251\/393
|
|switch|p2a: Sylveon|Sylveon, F|393\/394
|-damage|p2a: Sylveon|344\/394|[from] Stealth Rock
|move|p1a: Short Bus|Scald|p2a: Sylveon
|-damage|p2a: Sylveon|286\/394
|
|-heal|p2a: Sylveon|310\/394|[from] item: Leftovers
|-heal|p1a: Short Bus|275\/393|[from] item: Leftovers
|turn|15
|
|switch|p1a: Moth|Volcarona, F|313\/347
|-damage|p1a: Moth|140\/347|[from] Stealth Rock
|move|p2a: Sylveon|Hyper Voice|p1a: Moth
|-resisted|p1a: Moth
|-damage|p1a: Moth|74\/347
|
|-heal|p2a: Sylveon|334\/394|[from] item: Leftovers
|turn|16
|
|switch|p2a: Infernape|Infernape, F|258\/294
|-damage|p2a: Infernape|222\/294|[from] Stealth Rock
|move|p1a: Moth|Fire Blast|p2a: Infernape
|-resisted|p2a: Infernape
|-damage|p2a: Infernape|113\/294
|-damage|p1a: Moth|40\/347|[from] item: Life Orb
|
|turn|17
|c| belli|Wtf kid
|c|âsmogon test123|>
|c|âsmogon test123|?
|c| belli|nice psyshock
|
|move|p2a: Infernape|Fire Blast|p1a: Moth|[miss]
|-miss|p2a: Infernape|p1a: Moth
|move|p1a: Moth|Fire Blast|p2a: Infernape
|-resisted|p2a: Infernape
|-damage|p2a: Infernape|0 fnt
|-damage|p1a: Moth|6\/347|[from] item: Life Orb
|faint|p2a: Infernape
|
|c|âsmogon test123|sorry
|
|switch|p2a: Gallade|Gallade, M|278\/278
|-damage|p2a: Gallade|261\/278|[from] Stealth Rock
|turn|18
|
|detailschange|p2a: Gallade|Gallade-Mega, M
|-mega|p2a: Gallade|Gallade|Galladite
|move|p1a: Moth|Fire Blast|p2a: Gallade
|-crit|p2a: Gallade
|-damage|p2a: Gallade|0 fnt
|-damage|p1a: Moth|0 fnt|[from] item: Life Orb
|faint|p2a: Gallade
|faint|p1a: Moth
|
|c| chumped|kekt
|c|âsmogon test123|sorry
|-message|gstarz forfeited.
|leave|gstarz
|
|win|smogon test123
|raw|Ladder updating...
|player|p2
|leave|xxrayxx
|leave|belli
|raw|smogon test123's rating: 1734 &rarr; <strong>1742<\/strong><br \/>(+8 for winning)
|raw|gstarz's rating: 1489 &rarr; <strong>1481<\/strong><br \/>(-8 for losing)
|leave|chumped
|leave|Altilt
|leave|the haxy child
|join|the haxy child