|join|Bjork
|join|D4RR3N
|player|p1|Bjork|265
|player|p2|D4RR3N|101
|gametype|singles
|gen|3
|tier|[Gen 3] OU (beta)
|rule|Sleep Clause Mod: Limit one foe put to sleep
|rule|Species Clause: Limit one of each PokÃ©mon
|rule|OHKO Clause: OHKO moves are banned
|rule|Moody Clause: Moody is banned
|rule|Evasion Moves Clause: Evasion moves are banned
|rule|Endless Battle Clause: Forcing endless battles is banned
|rule|HP Percentage Mod: HP is shown in percentages
|
|start
|switch|p1a: Gengar|Gengar, F|304\/304
|switch|p2a: Skarmory|Skarmory, M|334\/334
|turn|1
|c|âD4RR3N|hf
|c|âBjork|gl
|
|switch|p2a: Snorlax|Snorlax, M|493\/493
|move|p1a: Gengar|Will-O-Wisp|p2a: Snorlax
|-status|p2a: Snorlax|brn
|
|-damage|p2a: Snorlax|432\/493 brn|[from] brn
|turn|2
|
|switch|p1a: Cloyster|Cloyster, F|304\/304
|switch|p2a: Blissey|Blissey, F|651\/651
|
|turn|3
|
|move|p1a: Cloyster|Spikes|p2a: Blissey
|-sidestart|p2: D4RR3N|Spikes
|move|p2a: Blissey|Thunderbolt|p1a: Cloyster
|-supereffective|p1a: Cloyster
|-damage|p1a: Cloyster|48\/304
|
|-heal|p1a: Cloyster|67\/304|[from] item: Leftovers
|turn|4
|
|switch|p1a: Gengar|Gengar, F|304\/304
|switch|p2a: Skarmory|Skarmory, M|334\/334
|
|turn|5
|
|move|p1a: Gengar|Hypnosis|p2a: Skarmory|[miss]
|-miss|p1a: Gengar|p2a: Skarmory
|move|p2a: Skarmory|Spikes|p1a: Gengar
|-sidestart|p1: Bjork|Spikes
|
|turn|6
|c|âD4RR3N|sorry
|
|switch|p2a: Snorlax|Snorlax, M|432\/493 brn
|-damage|p2a: Snorlax|371\/493 brn|[from] Spikes
|move|p1a: Gengar|Thunderbolt|p2a: Snorlax
|-damage|p2a: Snorlax|294\/493 brn
|
|-heal|p2a: Snorlax|324\/493 brn|[from] item: Leftovers
|-damage|p2a: Snorlax|263\/493 brn|[from] brn
|turn|7
|
|switch|p1a: Metagross|Metagross|364\/364
|-damage|p1a: Metagross|319\/364|[from] Spikes
|move|p2a: Snorlax|Rest|p2a: Snorlax
|-status|p2a: Snorlax|slp
|-heal|p2a: Snorlax|493\/493 slp|[silent]
|-status|p2a: Snorlax|slp|[from] move: Rest
|
|-heal|p1a: Metagross|341\/364|[from] item: Leftovers
|turn|8
|
|switch|p1a: Gengar|Gengar, F|304\/304
|switch|p2a: Skarmory|Skarmory, M|334\/334
|
|turn|9
|
|switch|p2a: Snorlax|Snorlax, M|493\/493 slp
|-damage|p2a: Snorlax|432\/493 slp|[from] Spikes
|move|p1a: Gengar|Thunderbolt|p2a: Snorlax
|-damage|p2a: Snorlax|350\/493 slp
|
|-heal|p2a: Snorlax|380\/493 slp|[from] item: Leftovers
|turn|10
|
|move|p1a: Gengar|Hypnosis|p2a: Snorlax
|-fail|p2a: Snorlax|slp
|cant|p2a: Snorlax|slp
|
|-heal|p2a: Snorlax|410\/493 slp|[from] item: Leftovers
|turn|11
|
|switch|p1a: Cloyster|Cloyster, F|67\/304
|-damage|p1a: Cloyster|29\/304|[from] Spikes
|cant|p2a: Snorlax|slp
|
|-heal|p1a: Cloyster|48\/304|[from] item: Leftovers
|-heal|p2a: Snorlax|440\/493 slp|[from] item: Leftovers
|turn|12
|
|switch|p2a: Gengar|Gengar, F|324\/324
|move|p1a: Cloyster|Rapid Spin|p2a: Gengar
|-immune|p2a: Gengar|[msg]
|
|-heal|p1a: Cloyster|67\/304|[from] item: Leftovers
|turn|13
|
|switch|p1a: Snorlax|Snorlax, M|497\/497
|-damage|p1a: Snorlax|435\/497|[from] Spikes
|move|p2a: Gengar|Will-O-Wisp|p1a: Snorlax
|-status|p1a: Snorlax|brn
|
|-heal|p1a: Snorlax|466\/497 brn|[from] item: Leftovers
|-damage|p1a: Snorlax|404\/497 brn|[from] brn
|turn|14
|
|switch|p1a: Cloyster|Cloyster, F|67\/304
|-damage|p1a: Cloyster|29\/304|[from] Spikes
|move|p2a: Gengar|Taunt|p1a: Cloyster
|-start|p1a: Cloyster|move: Taunt
|
|-heal|p1a: Cloyster|48\/304|[from] item: Leftovers
|turn|15
|
|switch|p1a: Gengar|Gengar, F|304\/304
|move|p2a: Gengar|Thunderbolt|p1a: Gengar
|-damage|p1a: Gengar|179\/304
|
|-heal|p1a: Gengar|198\/304|[from] item: Leftovers
|turn|16
|
|switch|p1a: Metagross|Metagross|341\/364
|-damage|p1a: Metagross|296\/364|[from] Spikes
|switch|p2a: Snorlax|Snorlax, M|440\/493 slp
|-damage|p2a: Snorlax|379\/493 slp|[from] Spikes
|
|-heal|p1a: Metagross|318\/364|[from] item: Leftovers
|-heal|p2a: Snorlax|409\/493 slp|[from] item: Leftovers
|turn|17
|
|switch|p2a: Skarmory|Skarmory, M|334\/334
|move|p1a: Metagross|Meteor Mash|p2a: Skarmory
|-resisted|p2a: Skarmory
|-damage|p2a: Skarmory|270\/334
|
|-heal|p2a: Skarmory|290\/334|[from] item: Leftovers
|-heal|p1a: Metagross|340\/364|[from] item: Leftovers
|turn|18
|
|move|p2a: Skarmory|Spikes|p1a: Metagross
|-sidestart|p1: Bjork|Spikes
|move|p1a: Metagross|Explosion|p2a: Skarmory
|-resisted|p2a: Skarmory
|-damage|p2a: Skarmory|71\/334
|faint|p1a: Metagross
|
|switch|p1a: Tyranitar|Tyranitar, M|345\/345
|-damage|p1a: Tyranitar|288\/345|[from] Spikes
|-weather|Sandstorm|[from] ability: Sand Stream|[of] p1a: Tyranitar
|
|-weather|Sandstorm|[upkeep]
|-heal|p1a: Tyranitar|309\/345|[from] item: Leftovers
|-heal|p2a: Skarmory|91\/334|[from] item: Leftovers
|turn|19
|
|switch|p2a: Claydol|Claydol|324\/324
|move|p1a: Tyranitar|Taunt|p2a: Claydol
|-start|p2a: Claydol|move: Taunt
|
|-weather|Sandstorm|[upkeep]
|-heal|p1a: Tyranitar|330\/345|[from] item: Leftovers
|turn|20
|
|switch|p1a: Cloyster|Cloyster, F|48\/304
|-damage|p1a: Cloyster|0 fnt|[from] Spikes
|faint|p1a: Cloyster
|
|switch|p1a: Gengar|Gengar, F|198\/304
|move|p2a: Claydol|Rapid Spin|p1a: Gengar
|-immune|p1a: Gengar|[msg]
|
|-weather|Sandstorm|[upkeep]
|-damage|p1a: Gengar|179\/304|[from] sandstorm
|-heal|p1a: Gengar|198\/304|[from] item: Leftovers
|-end|p2a: Claydol|move: Taunt
|turn|21
|
|switch|p2a: Snorlax|Snorlax, M|409\/493 slp
|-damage|p2a: Snorlax|348\/493 slp|[from] Spikes
|move|p1a: Gengar|Will-O-Wisp|p2a: Snorlax|[miss]
|-miss|p1a: Gengar|p2a: Snorlax
|
|-weather|Sandstorm|[upkeep]
|-damage|p1a: Gengar|179\/304|[from] sandstorm
|-damage|p2a: Snorlax|318\/493 slp|[from] sandstorm
|-heal|p1a: Gengar|198\/304|[from] item: Leftovers
|-heal|p2a: Snorlax|348\/493 slp|[from] item: Leftovers
|turn|22
|
|switch|p1a: Aerodactyl|Aerodactyl, F|300\/300
|switch|p2a: Claydol|Claydol|324\/324
|
|-weather|Sandstorm|[upkeep]
|turn|23
|
|move|p1a: Aerodactyl|Double-Edge|p2a: Claydol
|-damage|p2a: Claydol|183\/324
|move|p2a: Claydol|Psychic|p1a: Aerodactyl
|-damage|p1a: Aerodactyl|185\/300
|
|-weather|Sandstorm|[upkeep]
|-heal|p2a: Claydol|203\/324|[from] item: Leftovers
|turn|24
|
|switch|p1a: Gengar|Gengar, F|198\/304
|move|p2a: Claydol|Rapid Spin|p1a: Gengar
|-immune|p1a: Gengar|[msg]
|
|-weather|Sandstorm|[upkeep]
|-damage|p1a: Gengar|179\/304|[from] sandstorm
|-heal|p1a: Gengar|198\/304|[from] item: Leftovers
|-heal|p2a: Claydol|223\/324|[from] item: Leftovers
|turn|25
|
|move|p1a: Gengar|Ice Punch|p2a: Claydol
|-supereffective|p2a: Claydol
|-damage|p2a: Claydol|91\/324
|move|p2a: Claydol|Psychic|p1a: Gengar
|-supereffective|p1a: Gengar
|-damage|p1a: Gengar|0 fnt
|faint|p1a: Gengar
|
|switch|p1a: Aerodactyl|Aerodactyl, F|185\/300
|
|-weather|Sandstorm|[upkeep]
|-heal|p2a: Claydol|111\/324|[from] item: Leftovers
|turn|26
|
|switch|p2a: Skarmory|Skarmory, M|91\/334
|move|p1a: Aerodactyl|Hidden Power|p2a: Skarmory
|-resisted|p2a: Skarmory
|-damage|p2a: Skarmory|40\/334
|
|-weather|Sandstorm|[upkeep]
|-heal|p2a: Skarmory|60\/334|[from] item: Leftovers
|turn|27
|
|switch|p1a: Tyranitar|Tyranitar, M|330\/345
|-damage|p1a: Tyranitar|273\/345|[from] Spikes
|move|p2a: Skarmory|Rest|p2a: Skarmory
|-status|p2a: Skarmory|slp
|-heal|p2a: Skarmory|334\/334 slp|[silent]
|-status|p2a: Skarmory|slp|[from] move: Rest
|
|-weather|Sandstorm|[upkeep]
|-heal|p1a: Tyranitar|294\/345|[from] item: Leftovers
|turn|28
|
|switch|p2a: Suicune|Suicune|404\/404
|-damage|p2a: Suicune|354\/404|[from] Spikes
|move|p1a: Tyranitar|Dragon Dance|p1a: Tyranitar
|-boost|p1a: Tyranitar|atk|1
|-boost|p1a: Tyranitar|spe|1
|
|-weather|Sandstorm|[upkeep]
|-damage|p2a: Suicune|329\/404|[from] sandstorm
|-heal|p1a: Tyranitar|315\/345|[from] item: Leftovers
|-heal|p2a: Suicune|354\/404|[from] item: Leftovers
|turn|29
|
|move|p1a: Tyranitar|Rock Slide|p2a: Suicune
|-crit|p2a: Suicune
|-damage|p2a: Suicune|41\/404
|move|p2a: Suicune|Roar|p1a: Tyranitar
|drag|p1a: Aerodactyl|Aerodactyl, F|185\/300
|
|-weather|Sandstorm|[upkeep]
|-damage|p2a: Suicune|16\/404|[from] sandstorm
|-heal|p2a: Suicune|41\/404|[from] item: Leftovers
|turn|30
|
|move|p1a: Aerodactyl|Rock Slide|p2a: Suicune
|-damage|p2a: Suicune|0 fnt
|faint|p2a: Suicune
|
|switch|p2a: Claydol|Claydol|111\/324
|
|-weather|Sandstorm|[upkeep]
|-heal|p2a: Claydol|131\/324|[from] item: Leftovers
|turn|31
|
|move|p1a: Aerodactyl|Rock Slide|p2a: Claydol
|-resisted|p2a: Claydol
|-damage|p2a: Claydol|68\/324
|cant|p2a: Claydol|flinch
|
|-weather|Sandstorm|[upkeep]
|-heal|p2a: Claydol|88\/324|[from] item: Leftovers
|turn|32
|
|switch|p1a: Snorlax|Snorlax, M|404\/497 brn
|-damage|p1a: Snorlax|322\/497 brn|[from] Spikes
|move|p2a: Claydol|Ice Beam|p1a: Snorlax
|-damage|p1a: Snorlax|276\/497 brn
|
|-weather|Sandstorm|[upkeep]
|-damage|p1a: Snorlax|245\/497 brn|[from] sandstorm
|-heal|p2a: Claydol|108\/324|[from] item: Leftovers
|-heal|p1a: Snorlax|276\/497 brn|[from] item: Leftovers
|-damage|p1a: Snorlax|214\/497 brn|[from] brn
|turn|33
|
|switch|p2a: Skarmory|Skarmory, M|334\/334 slp
|move|p1a: Snorlax|Rest|p1a: Snorlax
|-status|p1a: Snorlax|slp
|-heal|p1a: Snorlax|497\/497 slp|[silent]
|-status|p1a: Snorlax|slp|[from] move: Rest
|
|-weather|Sandstorm|[upkeep]
|-damage|p1a: Snorlax|466\/497 slp|[from] sandstorm
|-heal|p1a: Snorlax|497\/497 slp|[from] item: Leftovers
|turn|34
|
|switch|p2a: Gengar|Gengar, F|324\/324
|switch|p1a: Tyranitar|Tyranitar, M|315\/345
|-damage|p1a: Tyranitar|258\/345|[from] Spikes
|
|-weather|Sandstorm|[upkeep]
|-damage|p2a: Gengar|304\/324|[from] sandstorm
|-heal|p2a: Gengar|324\/324|[from] item: Leftovers
|-heal|p1a: Tyranitar|279\/345|[from] item: Leftovers
|turn|35
|
|switch|p1a: Snorlax|Snorlax, M|497\/497 slp
|-damage|p1a: Snorlax|415\/497 slp|[from] Spikes
|move|p2a: Gengar|Will-O-Wisp|p1a: Snorlax
|-fail|p1a: Snorlax
|
|-weather|Sandstorm|[upkeep]
|-damage|p2a: Gengar|304\/324|[from] sandstorm
|-damage|p1a: Snorlax|384\/497 slp|[from] sandstorm
|-heal|p2a: Gengar|324\/324|[from] item: Leftovers
|-heal|p1a: Snorlax|415\/497 slp|[from] item: Leftovers
|turn|36
|
|move|p2a: Gengar|Thunderbolt|p1a: Snorlax
|-damage|p1a: Snorlax|345\/497 slp
|cant|p1a: Snorlax|slp
|
|-weather|Sandstorm|[upkeep]
|-damage|p2a: Gengar|304\/324|[from] sandstorm
|-damage|p1a: Snorlax|314\/497 slp|[from] sandstorm
|-heal|p2a: Gengar|324\/324|[from] item: Leftovers
|-heal|p1a: Snorlax|345\/497 slp|[from] item: Leftovers
|turn|37
|
|move|p2a: Gengar|Thunderbolt|p1a: Snorlax
|-damage|p1a: Snorlax|265\/497 slp
|cant|p1a: Snorlax|slp
|
|-weather|Sandstorm|[upkeep]
|-damage|p2a: Gengar|304\/324|[from] sandstorm
|-damage|p1a: Snorlax|234\/497 slp|[from] sandstorm
|-heal|p2a: Gengar|324\/324|[from] item: Leftovers
|-heal|p1a: Snorlax|265\/497 slp|[from] item: Leftovers
|turn|38
|
|switch|p2a: Skarmory|Skarmory, M|334\/334 slp
|-curestatus|p1a: Snorlax|slp
|move|p1a: Snorlax|Shadow Ball|p2a: Skarmory
|-resisted|p2a: Skarmory
|-damage|p2a: Skarmory|307\/334 slp
|
|-weather|Sandstorm|[upkeep]
|-damage|p1a: Snorlax|234\/497|[from] sandstorm
|-heal|p2a: Skarmory|327\/334 slp|[from] item: Leftovers
|-heal|p1a: Snorlax|265\/497|[from] item: Leftovers
|turn|39
|
|switch|p2a: Gengar|Gengar, F|324\/324
|move|p1a: Snorlax|Rest|p1a: Snorlax
|-status|p1a: Snorlax|slp
|-heal|p1a: Snorlax|497\/497 slp|[silent]
|-status|p1a: Snorlax|slp|[from] move: Rest
|
|-weather|Sandstorm|[upkeep]
|-damage|p2a: Gengar|304\/324|[from] sandstorm
|-damage|p1a: Snorlax|466\/497 slp|[from] sandstorm
|-heal|p2a: Gengar|324\/324|[from] item: Leftovers
|-heal|p1a: Snorlax|497\/497 slp|[from] item: Leftovers
|turn|40
|
|switch|p2a: Claydol|Claydol|108\/324
|cant|p1a: Snorlax|slp
|
|-weather|Sandstorm|[upkeep]
|-damage|p1a: Snorlax|466\/497 slp|[from] sandstorm
|-heal|p2a: Claydol|128\/324|[from] item: Leftovers
|-heal|p1a: Snorlax|497\/497 slp|[from] item: Leftovers
|turn|41
|
|move|p2a: Claydol|Rapid Spin|p1a: Snorlax
|-damage|p1a: Snorlax|482\/497 slp
|-sideend|p2: D4RR3N|Spikes|[from] move: Rapid Spin|[of] p2a: Claydol
|cant|p1a: Snorlax|slp
|
|-weather|Sandstorm|[upkeep]
|-damage|p1a: Snorlax|451\/497 slp|[from] sandstorm
|-heal|p2a: Claydol|148\/324|[from] item: Leftovers
|-heal|p1a: Snorlax|482\/497 slp|[from] item: Leftovers
|turn|42
|
|switch|p2a: Skarmory|Skarmory, M|327\/334 slp
|-curestatus|p1a: Snorlax|slp
|move|p1a: Snorlax|Curse|p1a: Snorlax
|-boost|p1a: Snorlax|atk|1
|-boost|p1a: Snorlax|def|1
|-unboost|p1a: Snorlax|spe|1
|
|-weather|Sandstorm|[upkeep]
|-damage|p1a: Snorlax|451\/497|[from] sandstorm
|-heal|p2a: Skarmory|334\/334 slp|[from] item: Leftovers
|-heal|p1a: Snorlax|482\/497|[from] item: Leftovers
|turn|43
|
|switch|p1a: Tyranitar|Tyranitar, M|279\/345
|-damage|p1a: Tyranitar|222\/345|[from] Spikes
|cant|p2a: Skarmory|slp
|
|-weather|Sandstorm|[upkeep]
|-heal|p1a: Tyranitar|243\/345|[from] item: Leftovers
|turn|44
|
|switch|p2a: Claydol|Claydol|148\/324
|move|p1a: Tyranitar|Taunt|p2a: Claydol
|-start|p2a: Claydol|move: Taunt
|
|-weather|Sandstorm|[upkeep]
|-heal|p1a: Tyranitar|264\/345|[from] item: Leftovers
|-heal|p2a: Claydol|168\/324|[from] item: Leftovers
|turn|45
|
|switch|p1a: Aerodactyl|Aerodactyl, F|185\/300
|move|p2a: Claydol|Earthquake|p1a: Aerodactyl
|-immune|p1a: Aerodactyl|[msg]
|
|-weather|Sandstorm|[upkeep]
|-heal|p2a: Claydol|188\/324|[from] item: Leftovers
|-end|p2a: Claydol|move: Taunt
|turn|46
|
|switch|p2a: Skarmory|Skarmory, M|334\/334 slp
|move|p1a: Aerodactyl|Hidden Power|p2a: Skarmory
|-resisted|p2a: Skarmory
|-damage|p2a: Skarmory|283\/334 slp
|
|-weather|Sandstorm|[upkeep]
|-heal|p2a: Skarmory|303\/334 slp|[from] item: Leftovers
|turn|47
|
|move|p1a: Aerodactyl|Hidden Power|p2a: Skarmory
|-resisted|p2a: Skarmory
|-damage|p2a: Skarmory|250\/334 slp
|cant|p2a: Skarmory|slp
|
|-weather|Sandstorm|[upkeep]
|-heal|p2a: Skarmory|270\/334 slp|[from] item: Leftovers
|turn|48
|
|switch|p1a: Snorlax|Snorlax, M|482\/497
|-damage|p1a: Snorlax|400\/497|[from] Spikes
|-curestatus|p2a: Skarmory|slp
|move|p2a: Skarmory|Toxic|p1a: Snorlax
|-fail|p1a: Snorlax
|
|-weather|Sandstorm|[upkeep]
|-damage|p1a: Snorlax|369\/497|[from] sandstorm
|-heal|p2a: Skarmory|290\/334|[from] item: Leftovers
|-heal|p1a: Snorlax|400\/497|[from] item: Leftovers
|turn|49
|
|move|p1a: Snorlax|Body Slam|p2a: Skarmory
|-resisted|p2a: Skarmory
|-damage|p2a: Skarmory|250\/334
|move|p2a: Skarmory|Whirlwind|p1a: Snorlax
|drag|p1a: Aerodactyl|Aerodactyl, F|185\/300
|
|-weather|Sandstorm|[upkeep]
|-heal|p2a: Skarmory|270\/334|[from] item: Leftovers
|turn|50
|
|move|p1a: Aerodactyl|Rock Slide|p2a: Skarmory
|-damage|p2a: Skarmory|150\/334
|move|p2a: Skarmory|Toxic|p1a: Aerodactyl
|-status|p1a: Aerodactyl|tox
|
|-weather|Sandstorm|[upkeep]
|-heal|p2a: Skarmory|170\/334|[from] item: Leftovers
|-damage|p1a: Aerodactyl|167\/300 tox|[from] psn
|turn|51
|
|switch|p2a: Claydol|Claydol|188\/324
|move|p1a: Aerodactyl|Rock Slide|p2a: Claydol
|-resisted|p2a: Claydol
|-damage|p2a: Claydol|120\/324
|
|-weather|Sandstorm|[upkeep]
|-heal|p2a: Claydol|140\/324|[from] item: Leftovers
|-damage|p1a: Aerodactyl|131\/300 tox|[from] psn
|turn|52
|
|switch|p1a: Snorlax|Snorlax, M|400\/497
|-damage|p1a: Snorlax|318\/497|[from] Spikes
|move|p2a: Claydol|Psychic|p1a: Snorlax
|-damage|p1a: Snorlax|243\/497
|
|-weather|Sandstorm|[upkeep]
|-damage|p1a: Snorlax|212\/497|[from] sandstorm
|-heal|p2a: Claydol|160\/324|[from] item: Leftovers
|-heal|p1a: Snorlax|243\/497|[from] item: Leftovers
|turn|53
|
|switch|p2a: Skarmory|Skarmory, M|170\/334
|move|p1a: Snorlax|Curse|p1a: Snorlax
|-boost|p1a: Snorlax|atk|1
|-boost|p1a: Snorlax|def|1
|-unboost|p1a: Snorlax|spe|1
|
|-weather|Sandstorm|[upkeep]
|-damage|p1a: Snorlax|212\/497|[from] sandstorm
|-heal|p2a: Skarmory|190\/334|[from] item: Leftovers
|-heal|p1a: Snorlax|243\/497|[from] item: Leftovers
|turn|54
|
|move|p1a: Snorlax|Rest|p1a: Snorlax
|-status|p1a: Snorlax|slp
|-heal|p1a: Snorlax|497\/497 slp|[silent]
|-status|p1a: Snorlax|slp|[from] move: Rest
|move|p2a: Skarmory|Whirlwind|p1a: Snorlax
|drag|p1a: Aerodactyl|Aerodactyl, F|131\/300 tox
|
|-weather|Sandstorm|[upkeep]
|-heal|p2a: Skarmory|210\/334|[from] item: Leftovers
|-damage|p1a: Aerodactyl|113\/300 tox|[from] psn
|turn|55
|
|switch|p2a: Blissey|Blissey, F|651\/651
|move|p1a: Aerodactyl|Rock Slide|p2a: Blissey
|-damage|p2a: Blissey|281\/651
|
|-weather|Sandstorm|[upkeep]
|-damage|p2a: Blissey|241\/651|[from] sandstorm
|-heal|p2a: Blissey|281\/651|[from] item: Leftovers
|-damage|p1a: Aerodactyl|77\/300 tox|[from] psn
|turn|56
|
|move|p1a: Aerodactyl|Rock Slide|p2a: Blissey
|-damage|p2a: Blissey|0 fnt
|faint|p2a: Blissey
|
|switch|p2a: Claydol|Claydol|160\/324
|
|-weather|Sandstorm|[upkeep]
|-heal|p2a: Claydol|180\/324|[from] item: Leftovers
|-damage|p1a: Aerodactyl|23\/300 tox|[from] psn
|turn|57
|
|switch|p1a: Snorlax|Snorlax, M|497\/497 slp
|-damage|p1a: Snorlax|415\/497 slp|[from] Spikes
|move|p2a: Claydol|Psychic|p1a: Snorlax
|-damage|p1a: Snorlax|339\/497 slp
|-unboost|p1a: Snorlax|spd|1
|
|-weather|Sandstorm|[upkeep]
|-damage|p1a: Snorlax|308\/497 slp|[from] sandstorm
|-heal|p2a: Claydol|200\/324|[from] item: Leftovers
|-heal|p1a: Snorlax|339\/497 slp|[from] item: Leftovers
|turn|58
|
|switch|p2a: Skarmory|Skarmory, M|210\/334
|cant|p1a: Snorlax|slp
|
|-weather|Sandstorm|[upkeep]
|-damage|p1a: Snorlax|308\/497 slp|[from] sandstorm
|-heal|p2a: Skarmory|230\/334|[from] item: Leftovers
|-heal|p1a: Snorlax|339\/497 slp|[from] item: Leftovers
|turn|59
|
|cant|p1a: Snorlax|slp
|move|p2a: Skarmory|Whirlwind|p1a: Snorlax
|drag|p1a: Tyranitar|Tyranitar, M|264\/345
|-damage|p1a: Tyranitar|207\/345|[from] Spikes
|
|-weather|Sandstorm|[upkeep]
|-heal|p1a: Tyranitar|228\/345|[from] item: Leftovers
|-heal|p2a: Skarmory|250\/334|[from] item: Leftovers
|turn|60
|
|switch|p2a: Claydol|Claydol|200\/324
|move|p1a: Tyranitar|Taunt|p2a: Claydol
|-start|p2a: Claydol|move: Taunt
|
|-weather|Sandstorm|[upkeep]
|-heal|p1a: Tyranitar|249\/345|[from] item: Leftovers
|-heal|p2a: Claydol|220\/324|[from] item: Leftovers
|turn|61
|
|move|p1a: Tyranitar|Dragon Dance|p1a: Tyranitar
|-boost|p1a: Tyranitar|atk|1
|-boost|p1a: Tyranitar|spe|1
|move|p2a: Claydol|Earthquake|p1a: Tyranitar
|-supereffective|p1a: Tyranitar
|-damage|p1a: Tyranitar|85\/345
|
|-weather|Sandstorm|[upkeep]
|-heal|p1a: Tyranitar|106\/345|[from] item: Leftovers
|-heal|p2a: Claydol|240\/324|[from] item: Leftovers
|-end|p2a: Claydol|move: Taunt
|turn|62
|
|move|p1a: Tyranitar|Earthquake|p2a: Claydol
|-immune|p2a: Claydol|[msg]
|move|p2a: Claydol|Earthquake|p1a: Tyranitar
|-supereffective|p1a: Tyranitar
|-damage|p1a: Tyranitar|0 fnt
|faint|p1a: Tyranitar
|c|âBjork|gg
|c|âD4RR3N|gg
|leave|Bjork
|player|p1
|-message|Player 1 lost due to inactivity.
|
|win|D4RR3N