|join|Hogback_fosh_men
|join|Bjork
|player|p1|Hogback_fosh_men|266
|player|p2|Bjork|102
|gametype|singles
|tier|OU
|rated
|rule|Evasion Abilities Clause: Evasion abilities are banned
|clearpoke
|poke|p1|Cloyster, F, shiny
|poke|p1|Breloom, M, shiny
|poke|p1|Jellicent, M
|poke|p1|Heatran, F
|poke|p1|Thundurus-Therian, M
|poke|p1|Latios, M, shiny
|poke|p2|Rotom-Wash
|poke|p2|Scizor, F
|poke|p2|Froslass, F
|poke|p2|Garchomp, M
|poke|p2|Latios, M
|poke|p2|Salamence, F
|rule|Sleep Clause Mod: Limit one foe put to sleep
|rule|Species Clause: Limit one of each Pokemon
|rule|OHKO Clause: OHKO moves are banned
|rule|Moody Clause: Moody is banned
|rule|Evasion Moves Clause: Evasion moves are banned
|rule|HP Percentage Mod: HP is reported as percentages
|teampreview
|callback|decision
|
|start
|switch|p1a: Thundurus-Therian|Thundurus-Therian, M|300\/300
|switch|p2a: Froslass|Froslass, F|281\/281
|turn|1
|callback|decision
|
|move|p2a: Froslass|Spikes|p1a: Thundurus-Therian
|-sidestart|p1: Hogback_fosh_men|Spikes
|move|p1a: Thundurus-Therian|Thunderbolt|p2a: Froslass
|-damage|p2a: Froslass|79\/281
|
|turn|2
|callback|decision
|
|move|p2a: Froslass|Ice Beam|p1a: Thundurus-Therian
|-supereffective|p1a: Thundurus-Therian
|-damage|p1a: Thundurus-Therian|60\/300
|move|p1a: Thundurus-Therian|Substitute|p1a: Thundurus-Therian
|-fail|p1a: Thundurus-Therian|move: Substitute|[weak]
|
|-heal|p1a: Thundurus-Therian|78\/300|[from] item: Leftovers
|turn|3
|callback|decision
|
|move|p2a: Froslass|Spikes|p1a: Thundurus-Therian
|-sidestart|p1: Hogback_fosh_men|Spikes
|move|p1a: Thundurus-Therian|Thunderbolt|p2a: Froslass
|-damage|p2a: Froslass|0 fnt
|faint|p2a: Froslass
|
|-heal|p1a: Thundurus-Therian|96\/300|[from] item: Leftovers
|callback|decision
|
|switch|p2a: Latios|Latios, M|302\/302
|turn|4
|callback|decision
|
|move|p2a: Latios|Dragon Pulse|p1a: Thundurus-Therian
|-damage|p1a: Thundurus-Therian|0 fnt
|-damage|p2a: Latios|272\/302|[from] item: Life Orb
|faint|p1a: Thundurus-Therian
|
|callback|decision
|
|switch|p1a: Likesir|Jellicent, M|404\/404
|-damage|p1a: Likesir|337\/404|[from] Spikes
|turn|5
|callback|decision
|
|switch|p2a: Rotom-Wash|Rotom-Wash|242\/242
|move|p1a: Likesir|Shadow Ball|p2a: Rotom-Wash
|-damage|p2a: Rotom-Wash|163\/242
|
|-heal|p1a: Likesir|362\/404|[from] item: Leftovers
|turn|6
|callback|decision
|
|move|p2a: Rotom-Wash|Volt Switch|p1a: Likesir
|-supereffective|p1a: Likesir
|-damage|p1a: Likesir|72\/404
|callback|decision
|
|switch|p2a: Scizor|Scizor, F|344\/344
|move|p1a: Likesir|Will-O-Wisp|p2a: Scizor
|-status|p2a: Scizor|brn
|
|-heal|p1a: Likesir|97\/404|[from] item: Leftovers
|-damage|p2a: Scizor|301\/344 brn|[from] brn
|turn|7
|callback|decision
|
|move|p2a: Scizor|Pursuit|p1a: Likesir
|-supereffective|p1a: Likesir
|-damage|p1a: Likesir|0 fnt
|faint|p1a: Likesir
|
|-damage|p2a: Scizor|258\/344 brn|[from] brn
|callback|decision
|
|switch|p1a: Cloyster|Cloyster, F, shiny|278\/278
|-damage|p1a: Cloyster|232\/278|[from] Spikes
|turn|8
|callback|decision
|
|switch|p2a: Garchomp|Garchomp, M|358\/358
|move|p1a: Cloyster|Shell Smash|p1a: Cloyster
|-boost|p1a: Cloyster|atk|2
|-boost|p1a: Cloyster|spa|2
|-boost|p1a: Cloyster|spe|2
|-unboost|p1a: Cloyster|def|1
|-unboost|p1a: Cloyster|spd|1
|
|turn|9
|callback|decision
|
|move|p1a: Cloyster|Ice Shard|p2a: Garchomp
|-supereffective|p2a: Garchomp
|-damage|p2a: Garchomp|0 fnt
|faint|p2a: Garchomp
|
|callback|decision
|
|switch|p2a: Scizor|Scizor, F|258\/344 brn
|turn|10
|callback|decision
|
|move|p2a: Scizor|Bullet Punch|p1a: Cloyster
|-damage|p1a: Cloyster|145\/278
|move|p1a: Cloyster|Rock Blast|p2a: Scizor
|-damage|p2a: Scizor|207\/344 brn
|-damage|p2a: Scizor|156\/344 brn
|-damage|p2a: Scizor|103\/344 brn
|-damage|p2a: Scizor|51\/344 brn
|-damage|p2a: Scizor|2\/344 brn
|-hitcount|p2a: Scizor|5
|
|-damage|p2a: Scizor|0 fnt|[from] brn
|faint|p2a: Scizor
|callback|decision
|
|switch|p2a: Salamence|Salamence, F|331\/331
|turn|11
|callback|decision
|
|move|p1a: Cloyster|Ice Shard|p2a: Salamence
|-supereffective|p2a: Salamence
|-damage|p2a: Salamence|0 fnt
|faint|p2a: Salamence
|
|callback|decision
|-message|Bjork forfeited.
|
|win|Hogback_fosh_men
|raw|Ladder updating...
|raw|Hogback_fosh_men's rating: 1872 &rarr; <strong>1875<\/strong><br \/>(+3 for winning)
|raw|Bjork's rating: 1829 &rarr; <strong>1820<\/strong><br \/>(-9 for losing)
|leave|Bjork
|player|p2