|join|Srn2
|join|bjork
|player|p1|Srn2|69
|player|p2|bjork|265
|gametype|singles
|gen|6
|tier|OU (suspect test)
|rated
|clearpoke
|poke|p1|Alakazam, M
|poke|p1|Bisharp, M
|poke|p1|Dragonite, M
|poke|p1|Excadrill, M
|poke|p1|Thundurus, M
|poke|p1|Terrakion
|poke|p2|Keldeo
|poke|p2|Deoxys-Defense
|poke|p2|Latios, M
|poke|p2|Scizor, F
|poke|p2|Thundurus, M
|poke|p2|Landorus, M
|rule|Sleep Clause Mod: Limit one foe put to sleep
|rule|Species Clause: Limit one of each Pokemon
|rule|OHKO Clause: OHKO moves are banned
|rule|Moody Clause: Moody is banned
|rule|Evasion Moves Clause: Evasion moves are banned
|rule|Endless Battle Clause: Forcing endless battles is banned.
|rule|HP Percentage Mod: HP is reported as percentages
|teampreview
|chat|Srn2|gl hf
|chat|bjork|sup
|
|start
|switch|p1a: Terrakion|Terrakion|323\/323
|switch|p2a: Thundurus|Thundurus, M|300\/300
|turn|1
|
|move|p2a: Thundurus|U-turn|p1a: Terrakion
|-resisted|p1a: Terrakion
|-damage|p1a: Terrakion|282\/323
|
|switch|p2a: Scizor|Scizor, F|344\/344
|move|p1a: Terrakion|Stone Edge|p2a: Scizor
|-damage|p2a: Scizor|167\/344
|
|turn|2
|
|switch|p1a: Thundurus|Thundurus, M|299\/299
|detailschange|p2a: Scizor|Scizor-Mega, F
|message|Scizor has Mega Evolved into Mega Scizor!
|move|p2a: Scizor|Roost|p2a: Scizor
|-heal|p2a: Scizor|339\/344
|
|turn|3
|
|move|p1a: Thundurus|Hidden Power|p2a: Scizor
|-resisted|p2a: Scizor
|-damage|p2a: Scizor|295\/344
|-damage|p1a: Thundurus|270\/299|[from] item: Life Orb
|move|p2a: Scizor|U-turn|p1a: Thundurus
|-resisted|p1a: Thundurus
|-damage|p1a: Thundurus|162\/299
|
|switch|p2a: Latios|Latios, M|301\/301
|
|turn|4
|
|switch|p1a: Bisharp|Bisharp, M|299\/299
|move|p2a: Latios|Thunderbolt|p1a: Bisharp
|-damage|p1a: Bisharp|109\/299
|-damage|p2a: Latios|271\/301|[from] item: Life Orb
|
|turn|5
|
|switch|p2a: Scizor|Scizor-Mega, F|295\/344
|move|p1a: Bisharp|Sucker Punch|p2a: Scizor
|-fail|p2a: Scizor
|
|turn|6
|
|switch|p1a: Dragonite|Dragonite, M|333\/333
|move|p2a: Scizor|U-turn|p1a: Dragonite
|-resisted|p1a: Dragonite
|-damage|p1a: Dragonite|291\/333
|
|switch|p2a: Deoxys-Defense|Deoxys-Defense|304\/304
|-ability|p2a: Deoxys-Defense|Pressure
|
|turn|7
|
|switch|p1a: Excadrill|Excadrill, M|362\/362
|-ability|p1a: Excadrill|Mold Breaker
|move|p2a: Deoxys-Defense|Taunt|p1a: Excadrill
|-start|p1a: Excadrill|move: Taunt
|
|turn|8
|
|switch|p2a: Landorus|Landorus, M|319\/319
|move|p1a: Excadrill|Iron Head|p2a: Landorus
|-damage|p2a: Landorus|160\/319
|
|turn|9
|
|switch|p1a: Bisharp|Bisharp, M|109\/299
|move|p2a: Landorus|Focus Blast|p1a: Bisharp
|-supereffective|p1a: Bisharp
|-damage|p1a: Bisharp|0 fnt
|faint|p1a: Bisharp
|
|
|switch|p1a: Dragonite|Dragonite, M|291\/333
|turn|10
|
|switch|p2a: Deoxys-Defense|Deoxys-Defense|304\/304
|-ability|p2a: Deoxys-Defense|Pressure
|move|p1a: Dragonite|Dragon Dance|p1a: Dragonite
|-boost|p1a: Dragonite|atk|1
|-boost|p1a: Dragonite|spe|1
|
|turn|11
|
|move|p1a: Dragonite|Outrage|p2a: Deoxys-Defense
|-damage|p2a: Deoxys-Defense|84\/304
|move|p2a: Deoxys-Defense|Stealth Rock|p1a: Dragonite
|-sidestart|p1: Srn2|move: Stealth Rock
|
|turn|12
|
|move|p1a: Dragonite|Outrage|p2a: Deoxys-Defense
|-damage|p2a: Deoxys-Defense|0 fnt
|faint|p2a: Deoxys-Defense
|
|-end|p1a: Dragonite|rampage
|-start|p1a: Dragonite|confusion
|
|switch|p2a: Landorus|Landorus, M|160\/319
|-enditem|p1a: Dragonite|Lum Berry|[eat]
|-end|p1a: Dragonite|confusion
|turn|13
|
|move|p1a: Dragonite|Extreme Speed|p2a: Landorus
|-damage|p2a: Landorus|0 fnt
|faint|p2a: Landorus
|
|
|switch|p2a: Thundurus|Thundurus, M|300\/300
|turn|14
|
|move|p1a: Dragonite|Extreme Speed|p2a: Thundurus
|-damage|p2a: Thundurus|99\/300
|move|p2a: Thundurus|Wild Charge|p1a: Dragonite
|-damage|p1a: Dragonite|144\/333
|-damage|p2a: Thundurus|62\/300|[from] recoil|[of] p1a: Dragonite
|
|-heal|p2a: Thundurus|80\/300|[from] item: Leftovers
|turn|15
|
|move|p1a: Dragonite|Extreme Speed|p2a: Thundurus
|-damage|p2a: Thundurus|0 fnt
|faint|p2a: Thundurus
|
|
|switch|p2a: Scizor|Scizor-Mega, F|295\/344
|turn|16
|
|move|p2a: Scizor|Bullet Punch|p1a: Dragonite
|-damage|p1a: Dragonite|15\/333
|move|p1a: Dragonite|Fire Punch|p2a: Scizor
|-supereffective|p2a: Scizor
|-damage|p2a: Scizor|0 fnt
|faint|p2a: Scizor
|
|chat|Srn2|damn :I
|chat|bjork|fuck gg
|-message|bjork forfeited.
|
|win|Srn2
|raw|Ladder updating...
|leave|bjork
|player|p2
|raw|Srn2's rating: 1306 &rarr; <strong>1318<\/strong><br \/>(+12 for winning)
|raw|bjork's rating: 1152 &rarr; <strong>1137<\/strong><br \/>(-15 for losing)