|join|Bjork
|join|dog :o
|player|p1|Bjork|102
|player|p2|dog :o|144
|gametype|singles
|tier|OU (suspect test)
|rated
|rule|Evasion Abilities Clause: Evasion abilities are banned
|clearpoke
|poke|p1|Azelf
|poke|p1|Dragonite, M
|poke|p1|Terrakion
|poke|p1|Haxorus, F
|poke|p1|Jirachi
|poke|p1|Lucario, F
|poke|p2|Hippowdon, M
|poke|p2|Stoutland, M
|poke|p2|Magnezone
|poke|p2|Rotom-Wash
|poke|p2|Latias, F
|poke|p2|Mamoswine, M
|rule|Sleep Clause Mod: Limit one foe put to sleep
|rule|Species Clause: Limit one of each Pokemon
|rule|OHKO Clause: OHKO moves are banned
|rule|Moody Clause: Moody is banned
|rule|Evasion Moves Clause: Evasion moves are banned
|rule|HP Percentage Mod: HP is reported as percentages
|teampreview
|callback|decision
|
|start
|switch|p1a: Azelf|Azelf|354\/354
|switch|p2a: McFly|Hippowdon, M|420\/420
|-weather|Sandstorm|[from] ability: Sand Stream|[of] p2a: McFly
|turn|1
|callback|decision
|
|switch|p2a: Dog|Stoutland, M|311\/311
|move|p1a: Azelf|Taunt|p2a: Dog
|-start|p2a: Dog|move: Taunt
|
|-weather|Sandstorm|[upkeep]
|-damage|p1a: Azelf|332\/354|[from] sandstorm
|turn|2
|callback|decision
|
|move|p2a: Dog|Pursuit|p1a: Azelf|[from]Pursuit
|-supereffective|p1a: Azelf
|-damage|p1a: Azelf|12\/354
|switch|p1a: Jirachi|Jirachi|341\/341
|
|-weather|Sandstorm|[upkeep]
|turn|3
|callback|decision
|
|switch|p2a: Biff|Mamoswine, M|359\/359
|move|p1a: Jirachi|U-turn|p2a: Biff
|-damage|p2a: Biff|274\/359
|callback|decision
|
|switch|p1a: Terrakion|Terrakion|323\/323
|
|-weather|Sandstorm|[upkeep]
|turn|4
|callback|decision
|
|switch|p2a: Lorraine|Latias, F|319\/319
|move|p1a: Terrakion|Close Combat|p2a: Lorraine
|-resisted|p2a: Lorraine
|-damage|p2a: Lorraine|155\/319
|-unboost|p1a: Terrakion|def|1
|-unboost|p1a: Terrakion|spd|1
|-damage|p1a: Terrakion|291\/323|[from] item: Life Orb
|
|-weather|Sandstorm|[upkeep]
|-damage|p2a: Lorraine|136\/319|[from] sandstorm
|turn|5
|callback|decision
|
|switch|p2a: McFly|Hippowdon, M|420\/420
|switch|p1a: Jirachi|Jirachi|341\/341
|
|-weather|Sandstorm|[upkeep]
|turn|6
|callback|decision
|
|move|p1a: Jirachi|Trick|p2a: McFly
|-activate|p1a: Jirachi|move: Trick|[of] p2a: McFly
|-item|p2a: McFly|Choice Scarf|[from] move: Trick
|-item|p1a: Jirachi|Leftovers|[from] move: Trick
|move|p2a: McFly|Stealth Rock|p1a: Jirachi
|-sidestart|p1: Bjork|move: Stealth Rock
|
|-weather|Sandstorm|[upkeep]
|turn|7
|callback|decision
|
|switch|p2a: Dog|Stoutland, M|311\/311
|move|p1a: Jirachi|U-turn|p2a: Dog
|-damage|p2a: Dog|239\/311
|callback|decision
|
|switch|p1a: Terrakion|Terrakion|291\/323
|-damage|p1a: Terrakion|271\/323|[from] Stealth Rock
|
|-weather|Sandstorm|[upkeep]
|turn|8
|callback|decision
|
|switch|p1a: Azelf|Azelf|12\/354
|-damage|p1a: Azelf|0 fnt|[from] Stealth Rock
|faint|p1a: Azelf
|move|p2a: Dog|Superpower|p1: Azelf|[notarget]
|-notarget
|
|-weather|Sandstorm|[upkeep]
|callback|decision
|
|switch|p1a: Haxorus|Haxorus, F|302\/302
|-damage|p1a: Haxorus|265\/302|[from] Stealth Rock
|-ability|p1a: Haxorus|Mold Breaker
|turn|9
|callback|decision
|chat|dog :o|nice
|chat|dog :o|what's your smogon username?
|chat|dog :o|clearly too good to be a random
|chat|Bjork|not good enough to win this match
|
|switch|p2a: Lorraine|Latias, F|136\/319
|move|p1a: Haxorus|Dragon Dance|p1a: Haxorus
|-boost|p1a: Haxorus|atk|1
|-boost|p1a: Haxorus|spe|1
|
|-weather|Sandstorm|[upkeep]
|-damage|p1a: Haxorus|247\/302|[from] sandstorm
|-damage|p2a: Lorraine|117\/319|[from] sandstorm
|turn|10
|callback|decision
|chat|dog :o|interesting username choice
|
|move|p1a: Haxorus|Earthquake|p2a: Lorraine
|-damage|p2a: Lorraine|0 fnt
|faint|p2a: Lorraine
|
|-weather|Sandstorm|[upkeep]
|-damage|p1a: Haxorus|229\/302|[from] sandstorm
|callback|decision
|
|switch|p2a: Dog|Stoutland, M|239\/311
|turn|11
|callback|decision
|
|switch|p1a: Jirachi|Jirachi|341\/341
|-damage|p1a: Jirachi|320\/341|[from] Stealth Rock
|move|p2a: Dog|Return|p1a: Jirachi
|-resisted|p1a: Jirachi
|-damage|p1a: Jirachi|203\/341
|
|-weather|Sandstorm|[upkeep]
|-heal|p1a: Jirachi|224\/341|[from] item: Leftovers
|turn|12
|callback|decision
|
|move|p2a: Dog|Return|p1a: Jirachi
|-resisted|p1a: Jirachi
|-damage|p1a: Jirachi|110\/341
|move|p1a: Jirachi|U-turn|p2a: Dog
|-damage|p2a: Dog|157\/311
|callback|decision
|
|switch|p1a: Terrakion|Terrakion|271\/323
|-damage|p1a: Terrakion|251\/323|[from] Stealth Rock
|
|-weather|Sandstorm|[upkeep]
|turn|13
|callback|decision
|
|switch|p2a: 1.21 Gigawatts|Rotom-Wash|304\/304
|move|p1a: Terrakion|Close Combat|p2a: 1.21 Gigawatts
|-damage|p2a: 1.21 Gigawatts|0 fnt
|-unboost|p1a: Terrakion|def|1
|-unboost|p1a: Terrakion|spd|1
|-damage|p1a: Terrakion|219\/323|[from] item: Life Orb
|faint|p2a: 1.21 Gigawatts
|
|-weather|Sandstorm|[upkeep]
|callback|decision
|
|switch|p2a: Dog|Stoutland, M|157\/311
|turn|14
|callback|decision
|
|switch|p1a: Haxorus|Haxorus, F|229\/302
|-damage|p1a: Haxorus|192\/302|[from] Stealth Rock
|-ability|p1a: Haxorus|Mold Breaker
|move|p2a: Dog|Superpower|p1a: Haxorus
|-damage|p1a: Haxorus|0 fnt
|-unboost|p2a: Dog|atk|1
|-unboost|p2a: Dog|def|1
|faint|p1a: Haxorus
|
|-weather|Sandstorm|[upkeep]
|callback|decision
|
|switch|p1a: Dragonite|Dragonite, M|324\/324
|-damage|p1a: Dragonite|243\/324|[from] Stealth Rock
|turn|15
|callback|decision
|
|switch|p2a: Biff|Mamoswine, M|274\/359
|move|p1a: Dragonite|Dragon Dance|p1a: Dragonite
|-boost|p1a: Dragonite|atk|1
|-boost|p1a: Dragonite|spe|1
|
|-weather|Sandstorm|[upkeep]
|-damage|p1a: Dragonite|223\/324|[from] sandstorm
|turn|16
|callback|decision
|
|switch|p1a: Jirachi|Jirachi|110\/341
|-damage|p1a: Jirachi|89\/341|[from] Stealth Rock
|move|p2a: Biff|Ice Shard|p1a: Jirachi
|-resisted|p1a: Jirachi
|-damage|p1a: Jirachi|42\/341
|-damage|p2a: Biff|239\/359|[from] item: Life Orb
|
|-weather|Sandstorm|[upkeep]
|-heal|p1a: Jirachi|63\/341|[from] item: Leftovers
|turn|17
|callback|decision
|
|switch|p2a: Clock Tower|Magnezone|317\/317
|move|p1a: Jirachi|Iron Head|p2a: Clock Tower
|-resisted|p2a: Clock Tower
|-damage|p2a: Clock Tower|293\/317
|
|-weather|Sandstorm|[upkeep]
|-heal|p1a: Jirachi|84\/341|[from] item: Leftovers
|turn|18
|callback|decision
|
|move|p1a: Jirachi|Ice Punch|p2a: Clock Tower
|-resisted|p2a: Clock Tower
|-damage|p2a: Clock Tower|262\/317
|move|p2a: Clock Tower|Volt Switch|p1a: Jirachi
|-damage|p1a: Jirachi|0 fnt
|faint|p1a: Jirachi
|callback|decision
|
|switch|p2a: Dog|Stoutland, M|157\/311
|
|-weather|Sandstorm|[upkeep]
|callback|decision
|
|switch|p1a: Dragonite|Dragonite, M|223\/324
|-damage|p1a: Dragonite|142\/324|[from] Stealth Rock
|turn|19
|callback|decision
|
|switch|p2a: Clock Tower|Magnezone|262\/317
|move|p1a: Dragonite|ExtremeSpeed|p2a: Clock Tower
|-resisted|p2a: Clock Tower
|-damage|p2a: Clock Tower|218\/317
|
|-weather|Sandstorm|[upkeep]
|-damage|p1a: Dragonite|122\/324|[from] sandstorm
|turn|20
|callback|decision
|
|move|p1a: Dragonite|Fire Punch|p2a: Clock Tower
|-supereffective|p2a: Clock Tower
|-damage|p2a: Clock Tower|44\/317
|move|p2a: Clock Tower|Volt Switch|p1a: Dragonite
|-damage|p1a: Dragonite|0 fnt
|faint|p1a: Dragonite
|callback|decision
|
|switch|p2a: Dog|Stoutland, M|157\/311
|
|-weather|Sandstorm|[upkeep]
|callback|decision
|chat|dog :o|hmm gg
|
|switch|p1a: Terrakion|Terrakion|219\/323
|-damage|p1a: Terrakion|199\/323|[from] Stealth Rock
|turn|21
|callback|decision
|chat|dog :o|need a crit
|
|move|p2a: Dog|Superpower|p1a: Terrakion
|-supereffective|p1a: Terrakion
|-damage|p1a: Terrakion|0 fnt
|-unboost|p2a: Dog|atk|1
|-unboost|p2a: Dog|def|1
|faint|p1a: Terrakion
|
|-weather|Sandstorm|[upkeep]
|callback|decision
|
|switch|p1a: Lucario|Lucario, F|281\/281
|-damage|p1a: Lucario|273\/281|[from] Stealth Rock
|turn|22
|callback|decision
|
|move|p1a: Lucario|ExtremeSpeed|p2a: Dog
|-damage|p2a: Dog|0 fnt
|-damage|p1a: Lucario|245\/281|[from] item: Life Orb
|faint|p2a: Dog
|
|-weather|Sandstorm|[upkeep]
|callback|decision
|
|switch|p2a: McFly|Hippowdon, M|420\/420
|turn|23
|callback|decision
|chat|dog :o|no you need a freeze actually
|
|move|p1a: Lucario|Close Combat|p2a: McFly
|-damage|p2a: McFly|255\/420
|-unboost|p1a: Lucario|def|1
|-unboost|p1a: Lucario|spd|1
|-damage|p1a: Lucario|217\/281|[from] item: Life Orb
|move|p2a: McFly|Earthquake|p1a: Lucario
|-supereffective|p1a: Lucario
|-damage|p1a: Lucario|0 fnt
|faint|p1a: Lucario
|
|win|dog :o
|raw|Ladder updating...
|raw|Bjork's rating: 2177 &rarr; <strong>2148<\/strong><br \/>(-29 for losing)
|raw|dog :o's rating: 1404 &rarr; <strong>1690<\/strong><br \/>(+286 for winning)
|leave|Bjork
|player|p1
|chat|dog :o|yeah gg
|player|p2|Guest 371371|144
|join|Great Mighty Doom
|player|p2|Great Mighty Doom|144