|join|Bjork
|join|Leftiez
|player|p1|Bjork|2
|player|p2|Leftiez|265
|gametype|singles
|gen|4
|tier|[Gen 4] OU
|rule|Sleep Clause Mod: Limit one foe put to sleep
|rule|Species Clause: Limit one of each PokÃ©mon
|rule|OHKO Clause: OHKO moves are banned
|rule|Moody Clause: Moody is banned
|rule|Evasion Moves Clause: Evasion moves are banned
|rule|Endless Battle Clause: Forcing endless battles is banned
|rule|HP Percentage Mod: HP is shown in percentages
|
|start
|switch|p1a: Heatran|Heatran, M|324\/324
|switch|p2a: Machamp|Machamp, M|347\/347
|turn|1
|c|âLeftiez|sash champ
|c|âLeftiez|js
|
|move|p1a: Heatran|Stealth Rock|p2a: Machamp
|-sidestart|p2: Leftiez|move: Stealth Rock
|move|p2a: Machamp|Dynamic Punch|p1a: Heatran
|-supereffective|p1a: Heatran
|-damage|p1a: Heatran|0 fnt
|faint|p1a: Heatran
|
|join|the pdc show
|join|Erick 17
|join|will hug for food
|c|âLeftiez|godbless
|c|âBjork|does that thing run max speed
|join|Croven
|
|switch|p1a: Scizor|Scizor, M|344\/344
|turn|2
|
|move|p2a: Machamp|Dynamic Punch|p1a: Scizor
|-damage|p1a: Scizor|151\/344
|-start|p1a: Scizor|confusion
|-activate|p1a: Scizor|confusion
|move|p1a: Scizor|U-turn|p2a: Machamp
|-resisted|p2a: Machamp
|-damage|p2a: Machamp|215\/347
|c|âBjork|. not confusin
|
|switch|p1a: Dragonite|Dragonite, M|323\/323
|
|turn|3
|c|âLeftiez|?_?
|
|switch|p2a: Bronzong|Bronzong|338\/338
|-damage|p2a: Bronzong|317\/338|[from] Stealth Rock
|move|p1a: Dragonite|Draco Meteor|p2a: Bronzong
|-resisted|p2a: Bronzong
|-damage|p2a: Bronzong|215\/338
|-unboost|p1a: Dragonite|spa|2
|-damage|p1a: Dragonite|291\/323|[from] item: Life Orb
|
|-heal|p2a: Bronzong|236\/338|[from] item: Leftovers
|turn|4
|join|Adversaree
|
|switch|p1a: Scizor|Scizor, M|151\/344
|move|p2a: Bronzong|Stealth Rock|p1a: Scizor
|-sidestart|p1: Bjork|move: Stealth Rock
|
|-heal|p2a: Bronzong|257\/338|[from] item: Leftovers
|turn|5
|join|Fakesi
|
|switch|p2a: Machamp|Machamp, M|215\/347
|-damage|p2a: Machamp|194\/347|[from] Stealth Rock
|move|p1a: Scizor|U-turn|p2a: Machamp
|-resisted|p2a: Machamp
|-damage|p2a: Machamp|73\/347
|
|switch|p1a: Dragonite|Dragonite, M|291\/323
|-damage|p1a: Dragonite|211\/323|[from] Stealth Rock
|
|turn|6
|
|switch|p2a: Tyranitar|Tyranitar, M|369\/369
|-damage|p2a: Tyranitar|323\/369|[from] Stealth Rock
|-weather|Sandstorm|[from] ability: Sand Stream|[of] p2a: Tyranitar
|move|p1a: Dragonite|Extreme Speed|p2a: Tyranitar
|-resisted|p2a: Tyranitar
|-damage|p2a: Tyranitar|278\/369
|-damage|p1a: Dragonite|179\/323|[from] item: Life Orb
|
|-weather|Sandstorm|[upkeep]
|-damage|p1a: Dragonite|159\/323|[from] sandstorm
|turn|7
|
|switch|p1a: Flygon|Flygon, M|301\/301
|-damage|p1a: Flygon|283\/301|[from] Stealth Rock
|switch|p2a: Machamp|Machamp, M|73\/347
|-damage|p2a: Machamp|52\/347|[from] Stealth Rock
|
|-weather|Sandstorm|[upkeep]
|-damage|p2a: Machamp|31\/347|[from] sandstorm
|turn|8
|
|move|p1a: Flygon|U-turn|p2a: Machamp
|-resisted|p2a: Machamp
|-damage|p2a: Machamp|0 fnt
|faint|p2a: Machamp
|c|âLeftiez|fuck
|
|switch|p1a: Scizor|Scizor, M|151\/344
|-damage|p1a: Scizor|108\/344|[from] Stealth Rock
|
|-weather|Sandstorm|[upkeep]
|
|switch|p2a: Gliscor|Gliscor, F|354\/354
|-damage|p2a: Gliscor|310\/354|[from] Stealth Rock
|turn|9
|c|âBjork|f that thing
|c|âBjork|cant hit it
|c|âBjork|o.o
|
|switch|p1a: Suicune|Suicune|404\/404
|-damage|p1a: Suicune|354\/404|[from] Stealth Rock
|-ability|p1a: Suicune|Pressure
|move|p2a: Gliscor|Earthquake|p1a: Suicune
|-damage|p1a: Suicune|249\/404
|
|-weather|Sandstorm|[upkeep]
|-damage|p1a: Suicune|224\/404|[from] sandstorm
|-heal|p2a: Gliscor|332\/354|[from] item: Leftovers
|-heal|p1a: Suicune|249\/404|[from] item: Leftovers
|turn|10
|c|âLeftiez|fuck cune really
|c|âBjork|ok so
|c|âBjork|you have ur own cune or smthg
|c|âBjork|maybe
|c|âBjork|idk
|
|switch|p2a: Celebi|Celebi|400\/400
|-damage|p2a: Celebi|350\/400|[from] Stealth Rock
|move|p1a: Suicune|Surf|p2a: Celebi
|-resisted|p2a: Celebi
|-damage|p2a: Celebi|294\/400
|
|-weather|Sandstorm|[upkeep]
|-damage|p1a: Suicune|224\/404|[from] sandstorm
|-damage|p2a: Celebi|269\/400|[from] sandstorm
|-heal|p1a: Suicune|249\/404|[from] item: Leftovers
|-heal|p2a: Celebi|294\/400|[from] item: Leftovers
|turn|11
|c|âLeftiez|O:
|
|switch|p1a: Flygon|Flygon, M|283\/301
|-damage|p1a: Flygon|265\/301|[from] Stealth Rock
|move|p2a: Celebi|Recover|p2a: Celebi
|-heal|p2a: Celebi|400\/400
|
|-weather|Sandstorm|[upkeep]
|-damage|p2a: Celebi|375\/400|[from] sandstorm
|-heal|p2a: Celebi|400\/400|[from] item: Leftovers
|turn|12
|
|switch|p2a: Gliscor|Gliscor, F|332\/354
|-damage|p2a: Gliscor|288\/354|[from] Stealth Rock
|move|p1a: Flygon|U-turn|p2a: Gliscor
|-resisted|p2a: Gliscor
|-damage|p2a: Gliscor|260\/354
|c|âLeftiez|no miss
|
|switch|p1a: Dragonite|Dragonite, M|159\/323
|-damage|p1a: Dragonite|79\/323|[from] Stealth Rock
|
|-weather|Sandstorm|[upkeep]
|-damage|p1a: Dragonite|59\/323|[from] sandstorm
|-heal|p2a: Gliscor|282\/354|[from] item: Leftovers
|turn|13
|
|move|p2a: Gliscor|Ice Fang|p1a: Dragonite
|-supereffective|p1a: Dragonite
|-damage|p1a: Dragonite|0 fnt
|faint|p1a: Dragonite
|
|-weather|Sandstorm|[upkeep]
|-heal|p2a: Gliscor|304\/354|[from] item: Leftovers
|c|âBjork|fast
|join|Bisharp Nehru
|c|âLeftiez|always
|
|switch|p1a: Suicune|Suicune|249\/404
|-damage|p1a: Suicune|199\/404|[from] Stealth Rock
|-ability|p1a: Suicune|Pressure
|turn|14
|
|switch|p2a: Bronzong|Bronzong|257\/338
|-damage|p2a: Bronzong|236\/338|[from] Stealth Rock
|move|p1a: Suicune|Ice Beam|p2a: Bronzong
|-resisted|p2a: Bronzong
|-damage|p2a: Bronzong|210\/338
|
|-weather|Sandstorm|[upkeep]
|-damage|p1a: Suicune|174\/404|[from] sandstorm
|-heal|p1a: Suicune|199\/404|[from] item: Leftovers
|-heal|p2a: Bronzong|231\/338|[from] item: Leftovers
|turn|15
|
|switch|p2a: Celebi|Celebi|400\/400
|-damage|p2a: Celebi|350\/400|[from] Stealth Rock
|move|p1a: Suicune|Rest|p1a: Suicune
|-status|p1a: Suicune|slp
|-heal|p1a: Suicune|404\/404 slp|[silent]
|-status|p1a: Suicune|slp|[from] move: Rest
|
|-weather|Sandstorm|[upkeep]
|-damage|p1a: Suicune|379\/404 slp|[from] sandstorm
|-damage|p2a: Celebi|325\/400|[from] sandstorm
|-heal|p1a: Suicune|404\/404 slp|[from] item: Leftovers
|-heal|p2a: Celebi|350\/400|[from] item: Leftovers
|turn|16
|
|switch|p1a: Flygon|Flygon, M|265\/301
|-damage|p1a: Flygon|247\/301|[from] Stealth Rock
|move|p2a: Celebi|Leaf Storm|p1a: Flygon
|-damage|p1a: Flygon|0 fnt
|-unboost|p2a: Celebi|spa|2
|faint|p1a: Flygon
|
|-weather|Sandstorm|[upkeep]
|-damage|p2a: Celebi|325\/400|[from] sandstorm
|-heal|p2a: Celebi|350\/400|[from] item: Leftovers
|c|âLeftiez|rip
|
|switch|p1a: Kingdra|Kingdra, F|291\/291
|-damage|p1a: Kingdra|255\/291|[from] Stealth Rock
|turn|17
|
|switch|p1a: Scizor|Scizor, M|108\/344
|-damage|p1a: Scizor|65\/344|[from] Stealth Rock
|move|p2a: Celebi|Thunder Wave|p1a: Scizor
|-status|p1a: Scizor|par
|
|-weather|Sandstorm|[upkeep]
|-damage|p2a: Celebi|325\/400|[from] sandstorm
|-heal|p2a: Celebi|350\/400|[from] item: Leftovers
|turn|18
|c|âLeftiez|meh
|
|switch|p1a: Suicune|Suicune|404\/404 slp
|-damage|p1a: Suicune|354\/404 slp|[from] Stealth Rock
|-ability|p1a: Suicune|Pressure
|move|p2a: Celebi|Hidden Power|p1a: Suicune
|-resisted|p1a: Suicune
|-damage|p1a: Suicune|337\/404 slp
|
|-weather|Sandstorm|[upkeep]
|-damage|p1a: Suicune|312\/404 slp|[from] sandstorm
|-damage|p2a: Celebi|325\/400|[from] sandstorm
|-heal|p1a: Suicune|337\/404 slp|[from] item: Leftovers
|-heal|p2a: Celebi|350\/400|[from] item: Leftovers
|turn|19
|
|cant|p1a: Suicune|slp
|move|p2a: Celebi|Leaf Storm|p1a: Suicune
|-supereffective|p1a: Suicune
|-damage|p1a: Suicune|131\/404 slp
|-unboost|p2a: Celebi|spa|2
|
|-weather|Sandstorm|[upkeep]
|-damage|p1a: Suicune|106\/404 slp|[from] sandstorm
|-damage|p2a: Celebi|325\/400|[from] sandstorm
|-heal|p1a: Suicune|131\/404 slp|[from] item: Leftovers
|-heal|p2a: Celebi|350\/400|[from] item: Leftovers
|turn|20
|
|cant|p1a: Suicune|slp
|move|p2a: Celebi|Leaf Storm|p1a: Suicune
|-supereffective|p1a: Suicune
|-damage|p1a: Suicune|0 fnt
|-unboost|p2a: Celebi|spa|2
|faint|p1a: Suicune
|
|-weather|Sandstorm|[upkeep]
|-damage|p2a: Celebi|325\/400|[from] sandstorm
|-heal|p2a: Celebi|350\/400|[from] item: Leftovers
|
|switch|p1a: Kingdra|Kingdra, F|255\/291
|-damage|p1a: Kingdra|219\/291|[from] Stealth Rock
|turn|21
|
|move|p1a: Kingdra|Signal Beam|p2a: Celebi
|-supereffective|p2a: Celebi
|-damage|p2a: Celebi|0 fnt
|-damage|p1a: Kingdra|190\/291|[from] item: Life Orb
|faint|p2a: Celebi
|
|-weather|Sandstorm|[upkeep]
|-damage|p1a: Kingdra|172\/291|[from] sandstorm
|c|âLeftiez|oh siht
|
|switch|p2a: Tyranitar|Tyranitar, M|278\/369
|-damage|p2a: Tyranitar|232\/369|[from] Stealth Rock
|turn|22
|c|âLeftiez|g_g tho
|c|âBjork|gg
|
|move|p1a: Kingdra|Hydro Pump|p2a: Tyranitar
|-supereffective|p2a: Tyranitar
|-enditem|p2a: Tyranitar|Passho Berry|[eat]
|-damage|p2a: Tyranitar|60\/369
|-damage|p1a: Kingdra|143\/291|[from] item: Life Orb
|move|p2a: Tyranitar|Crunch|p1a: Kingdra
|-damage|p1a: Kingdra|0 fnt
|faint|p1a: Kingdra
|
|-weather|Sandstorm|[upkeep]
|
|switch|p1a: Scizor|Scizor, M|65\/344 par
|-damage|p1a: Scizor|22\/344 par|[from] Stealth Rock
|turn|23
|
|move|p1a: Scizor|Bullet Punch|p2a: Tyranitar
|-supereffective|p2a: Tyranitar
|-damage|p2a: Tyranitar|0 fnt
|faint|p2a: Tyranitar
|
|-weather|Sandstorm|[upkeep]
|
|switch|p2a: Gliscor|Gliscor, F|304\/354
|-damage|p2a: Gliscor|260\/354|[from] Stealth Rock
|turn|24
|
|move|p1a: Scizor|Bullet Punch|p2a: Gliscor
|-damage|p2a: Gliscor|128\/354
|move|p2a: Gliscor|Earthquake|p1a: Scizor
|-damage|p1a: Scizor|0 fnt
|faint|p1a: Scizor
|
|win|Leftiez
|join|DerSweeper
|leave|DerSweeper