|join|Bjork
|join|Finchinator
|player|p1|Bjork|2
|player|p2|Finchinator|1
|gametype|singles
|gen|4
|tier|[Gen 4] Ubers
|rule|Sleep Clause Mod: Limit one foe put to sleep
|rule|Species Clause: Limit one of each PokÃ©mon
|rule|OHKO Clause: OHKO moves are banned
|rule|Moody Clause: Moody is banned
|rule|Evasion Moves Clause: Evasion moves are banned
|rule|Endless Battle Clause: Forcing endless battles is banned
|rule|HP Percentage Mod: HP is shown in percentages
|
|start
|switch|p1a: Azelf|Azelf|354\/354
|switch|p2a: Heatran|Heatran, M|323\/323
|turn|1
|c|âBjork|gl
|c|âFinchinator|u2
|join|Hack
|join|ancient power ttar
|join|Key
|
|move|p1a: Azelf|Light Screen|p1a: Azelf
|-sidestart|p1: Bjork|move: Light Screen
|move|p2a: Heatran|Fire Blast|p1a: Azelf
|-damage|p1a: Azelf|208\/354
|
|turn|2
|
|move|p1a: Azelf|Stealth Rock|p2a: Heatran
|-sidestart|p2: Finchinator|move: Stealth Rock
|move|p2a: Heatran|Stealth Rock|p1a: Azelf
|-sidestart|p1: Bjork|move: Stealth Rock
|
|turn|3
|
|move|p1a: Azelf|Reflect|p1a: Azelf
|-sidestart|p1: Bjork|Reflect
|move|p2a: Heatran|Fire Blast|p1a: Azelf
|-damage|p1a: Azelf|59\/354
|
|turn|4
|join|BKC
|
|switch|p2a: Rotom-Wash|Rotom-Wash|245\/245
|-damage|p2a: Rotom-Wash|215\/245|[from] Stealth Rock
|move|p1a: Azelf|Taunt|p2a: Rotom-Wash
|-start|p2a: Rotom-Wash|move: Taunt
|
|turn|5
|c|âBjork|.
|
|switch|p2a: Flygon|Flygon, M|301\/301
|-damage|p2a: Flygon|283\/301|[from] Stealth Rock
|move|p1a: Azelf|Taunt|p2a: Flygon
|-start|p2a: Flygon|move: Taunt
|
|turn|6
|
|move|p1a: Azelf|Taunt|p2a: Flygon
|-fail|p2a: Flygon
|move|p2a: Flygon|U-turn|p1a: Azelf
|-supereffective|p1a: Azelf
|-damage|p1a: Azelf|0 fnt
|faint|p1a: Azelf
|c|âFinchinator|sorry
|c|âFinchinator|about that
|
|switch|p2a: Heatran|Heatran, M|323\/323
|-damage|p2a: Heatran|283\/323|[from] Stealth Rock
|
|
|switch|p1a: Tyranitar|Tyranitar, M|342\/342
|-damage|p1a: Tyranitar|300\/342|[from] Stealth Rock
|-weather|Sandstorm|[from] ability: Sand Stream|[of] p1a: Tyranitar
|turn|7
|join|flcl
|leave|flcl
|join|Praj.pran
|
|switch|p2a: Roserade|Roserade, M|261\/261
|-damage|p2a: Roserade|229\/261|[from] Stealth Rock
|move|p1a: Tyranitar|Dragon Dance|p1a: Tyranitar
|-boost|p1a: Tyranitar|atk|1
|-boost|p1a: Tyranitar|spe|1
|
|-weather|Sandstorm|[upkeep]
|-damage|p2a: Roserade|213\/261|[from] sandstorm
|turn|8
|
|move|p2a: Roserade|Sleep Powder|p1a: Tyranitar|[miss]
|-miss|p2a: Roserade|p1a: Tyranitar
|move|p1a: Tyranitar|Crunch|p2a: Roserade
|-damage|p2a: Roserade|0 fnt
|faint|p2a: Roserade
|
|-weather|Sandstorm|[upkeep]
|-sideend|p1: Bjork|move: Light Screen
|c|âBjork|srry
|c|âFinchinator|all good
|
|switch|p2a: Bugzy|Empoleon, M|312\/312
|-damage|p2a: Bugzy|293\/312|[from] Stealth Rock
|turn|9
|
|move|p1a: Tyranitar|Stone Edge|p2a: Bugzy
|-resisted|p2a: Bugzy
|-damage|p2a: Bugzy|133\/312
|move|p2a: Bugzy|Agility|p2a: Bugzy
|-boost|p2a: Bugzy|spe|2
|
|-weather|Sandstorm|[upkeep]
|turn|10
|
|move|p2a: Bugzy|Substitute|p2a: Bugzy
|-start|p2a: Bugzy|Substitute
|-damage|p2a: Bugzy|55\/312
|-enditem|p2a: Bugzy|Petaya Berry|[eat]
|-boost|p2a: Bugzy|spa|1|[from] item: Petaya Berry
|move|p1a: Tyranitar|Dragon Dance|p1a: Tyranitar
|-boost|p1a: Tyranitar|atk|1
|-boost|p1a: Tyranitar|spe|1
|
|-weather|Sandstorm|[upkeep]
|-sideend|p1: Bjork|Reflect
|turn|11
|join|daftmau5
|
|move|p1a: Tyranitar|Crunch|p2a: Bugzy
|-resisted|p2a: Bugzy
|-end|p2a: Bugzy|Substitute
|move|p2a: Bugzy|Hydro Pump|p1a: Tyranitar
|-supereffective|p1a: Tyranitar
|-damage|p1a: Tyranitar|0 fnt
|faint|p1a: Tyranitar
|
|-weather|Sandstorm|[upkeep]
|
|switch|p1a: Kingdra|Kingdra, M|291\/291
|-damage|p1a: Kingdra|255\/291|[from] Stealth Rock
|turn|12
|
|move|p2a: Bugzy|Ice Beam|p1a: Kingdra
|-damage|p1a: Kingdra|88\/291
|move|p1a: Kingdra|Waterfall|p2a: Bugzy
|-resisted|p2a: Bugzy
|-damage|p2a: Bugzy|0 fnt
|faint|p2a: Bugzy
|
|-weather|Sandstorm|[upkeep]
|-damage|p1a: Kingdra|70\/291|[from] sandstorm
|join|Pleasure
|
|switch|p2a: Flygon|Flygon, M|283\/301
|-damage|p2a: Flygon|265\/301|[from] Stealth Rock
|turn|13
|
|move|p2a: Flygon|U-turn|p1a: Kingdra
|-damage|p1a: Kingdra|0 fnt
|faint|p1a: Kingdra
|
|switch|p2a: Heatran|Heatran, M|283\/323
|-damage|p2a: Heatran|243\/323|[from] Stealth Rock
|
|-weather|Sandstorm|[upkeep]
|
|switch|p1a: Dragonite|Dragonite, F|324\/324
|-damage|p1a: Dragonite|243\/324|[from] Stealth Rock
|turn|14
|
|move|p2a: Heatran|Explosion|p1a: Dragonite
|-damage|p1a: Dragonite|0 fnt
|faint|p1a: Dragonite
|faint|p2a: Heatran
|
|-weather|Sandstorm|[upkeep]
|
|switch|p2a: Rotom-Wash|Rotom-Wash|215\/245
|switch|p1a: Scizor|Scizor, F|287\/287
|-damage|p2a: Rotom-Wash|185\/245|[from] Stealth Rock
|-damage|p1a: Scizor|252\/287|[from] Stealth Rock
|turn|15
|
|move|p2a: Rotom-Wash|Thunderbolt|p1a: Scizor
|-damage|p1a: Scizor|23\/287
|-damage|p2a: Rotom-Wash|161\/245|[from] item: Life Orb
|move|p1a: Scizor|Bug Bite|p2a: Rotom-Wash
|-resisted|p2a: Rotom-Wash
|-damage|p2a: Rotom-Wash|47\/245
|-damage|p1a: Scizor|0 fnt|[from] item: Life Orb
|faint|p1a: Scizor
|
|-weather|Sandstorm|[upkeep]
|-damage|p2a: Rotom-Wash|32\/245|[from] sandstorm
|
|switch|p1a: Metagross|Metagross|302\/302
|-damage|p1a: Metagross|284\/302|[from] Stealth Rock
|turn|16
|join|Evuelf
|
|move|p2a: Rotom-Wash|Pain Split|p1a: Metagross
|-sethp|p1a: Metagross|158\/302|p2a: Rotom-Wash|158\/245|[from] move: Pain Split
|move|p1a: Metagross|Agility|p1a: Metagross
|-boost|p1a: Metagross|spe|2
|
|-weather|Sandstorm|[upkeep]
|-damage|p2a: Rotom-Wash|143\/245|[from] sandstorm
|turn|17
|c|âBjork|gg
|join|Reymedy
|
|move|p1a: Metagross|Meteor Mash|p2a: Rotom-Wash
|-resisted|p2a: Rotom-Wash
|-damage|p2a: Rotom-Wash|11\/245
|-damage|p1a: Metagross|128\/302|[from] item: Life Orb
|move|p2a: Rotom-Wash|Thunderbolt|p1a: Metagross
|-damage|p1a: Metagross|0 fnt
|-damage|p2a: Rotom-Wash|0 fnt|[from] item: Life Orb
|faint|p1a: Metagross
|faint|p2a: Rotom-Wash
|
|win|Finchinator
|c|âFinchinator|ggs 
|leave|BKC
|leave|Bjork
|player|p1
|leave|Evuelf
|leave|Hack
|leave|ancient power ttar
|leave|Praj.pran