|join|Bjork
|join|february stars
|player|p1|Bjork|266
|player|p2|february stars|102
|gametype|singles
|gen|3
|tier|[Gen 3] Custom Game
|rule|HP Percentage Mod: HP is shown in percentages
|
|start
|switch|p1a: Gengar|Gengar, F|304\/304
|switch|p2a: Forretress|Forretress, M|353\/353
|turn|1
|
|switch|p2a: Tyranitar|Tyranitar, M|403\/403
|-weather|Sandstorm|[from] ability: Sand Stream|[of] p2a: Tyranitar
|move|p1a: Gengar|Hypnosis|p2a: Tyranitar
|debug|randBW(100) = 54
|-status|p2a: Tyranitar|slp
|debug|randBW(2, 6) = 3
|
|-weather|Sandstorm|[upkeep]
|-damage|p1a: Gengar|285\/304|[from] sandstorm
|debug|natural immunity
|debug|weather immunity
|-heal|p1a: Gengar|304\/304|[from] item: Leftovers
|turn|2
|
|switch|p1a: Cloyster|Cloyster, M|304\/304
|cant|p2a: Tyranitar|slp
|
|-weather|Sandstorm|[upkeep]
|-damage|p1a: Cloyster|285\/304|[from] sandstorm
|debug|natural immunity
|debug|weather immunity
|-heal|p1a: Cloyster|304\/304|[from] item: Leftovers
|turn|3
|
|switch|p1a: Metagross|Metagross|364\/364
|switch|p2a: Forretress|Forretress, M|353\/353
|
|-weather|Sandstorm|[upkeep]
|debug|natural immunity
|debug|weather immunity
|debug|natural immunity
|debug|weather immunity
|turn|4
|
|switch|p1a: Cloyster|Cloyster, M|304\/304
|move|p2a: Forretress|Spikes|p1a: Cloyster
|-sidestart|p1: Bjork|Spikes
|
|-weather|Sandstorm|[upkeep]
|-damage|p1a: Cloyster|285\/304|[from] sandstorm
|debug|natural immunity
|debug|weather immunity
|-heal|p1a: Cloyster|304\/304|[from] item: Leftovers
|turn|5
|join|bitches brew
|join|Yin
|join|Kyou Fujibayashi
|join|Soulgazer
|
|switch|p2a: Gengar|Gengar, M|323\/323
|move|p1a: Cloyster|Spikes|p2a: Gengar
|-sidestart|p2: february stars|Spikes
|
|-weather|Sandstorm|[upkeep]
|-damage|p2a: Gengar|303\/323|[from] sandstorm
|-damage|p1a: Cloyster|285\/304|[from] sandstorm
|-heal|p2a: Gengar|323\/323|[from] item: Leftovers
|-heal|p1a: Cloyster|304\/304|[from] item: Leftovers
|turn|6
|join|Finchinator
|join|BKC
|
|switch|p1a: Snorlax|Snorlax, F|497\/497
|-damage|p1a: Snorlax|435\/497|[from] Spikes
|move|p2a: Gengar|Will-O-Wisp|p1a: Snorlax
|debug|randBW(100) = 19
|-status|p1a: Snorlax|brn
|
|-weather|Sandstorm|[upkeep]
|-damage|p2a: Gengar|303\/323|[from] sandstorm
|-damage|p1a: Snorlax|404\/497 brn|[from] sandstorm
|-heal|p2a: Gengar|323\/323|[from] item: Leftovers
|-heal|p1a: Snorlax|435\/497 brn|[from] item: Leftovers
|-damage|p1a: Snorlax|373\/497 brn|[from] brn
|turn|7
|
|switch|p2a: BLEED|Aerodactyl, M|363\/363
|debug|natural immunity
|move|p1a: Snorlax|Shadow Ball|p2a: BLEED
|debug|randBW(100) = 88
|debug|randBW(16) = 2
|debug|randBW(16) = 8
|debug|"Rock"
|debug|"Flying"
|-damage|p2a: BLEED|306\/363
|debug|randBW(100) = 1
|-unboost|p2a: BLEED|spd|1
|
|-weather|Sandstorm|[upkeep]
|debug|natural immunity
|debug|weather immunity
|-damage|p1a: Snorlax|342\/497 brn|[from] sandstorm
|-heal|p2a: BLEED|328\/363|[from] item: Leftovers
|-heal|p1a: Snorlax|373\/497 brn|[from] item: Leftovers
|-damage|p1a: Snorlax|311\/497 brn|[from] brn
|turn|8
|c|+BKC|good name honey
|
|switch|p1a: Metagross|Metagross|364\/364
|-damage|p1a: Metagross|319\/364|[from] Spikes
|move|p2a: BLEED|Substitute|p2a: BLEED
|-start|p2a: BLEED|Substitute
|-damage|p2a: BLEED|238\/363
|
|-weather|Sandstorm|[upkeep]
|debug|natural immunity
|debug|weather immunity
|debug|natural immunity
|debug|weather immunity
|-heal|p2a: BLEED|260\/363|[from] item: Leftovers
|-heal|p1a: Metagross|341\/364|[from] item: Leftovers
|turn|9
|c|âBjork|what us that
|c|âBjork|*is
|c|+BKC|a monster
|c|âBjork|sub aero
|
|move|p2a: BLEED|Taunt|p1a: Metagross
|debug|randBW(100) = 17
|-start|p1a: Metagross|move: Taunt
|move|p1a: Metagross|Hidden Power|p2a: BLEED
|debug|randBW(100) = 21
|debug|randBW(16) = 8
|debug|randBW(16) = 7
|debug|"Rock"
|debug|"Flying"
|-activate|p2a: BLEED|Substitute|[damage]
|
|-weather|Sandstorm|[upkeep]
|debug|natural immunity
|debug|weather immunity
|debug|natural immunity
|debug|weather immunity
|-heal|p2a: BLEED|282\/363|[from] item: Leftovers
|-heal|p1a: Metagross|363\/364|[from] item: Leftovers
|turn|10
|c|âfebruary stars|yr 
|c|âfebruary stars|ur supposed to run
|c|âBjork|bulky af
|
|switch|p2a: Forretress|Forretress, M|353\/353
|-damage|p2a: Forretress|309\/353|[from] Spikes
|move|p1a: Metagross|Meteor Mash|p2a: Forretress
|debug|randBW(100) = 26
|debug|randBW(16) = 13
|debug|randBW(16) = 9
|debug|"Bug"
|debug|"Steel"
|-resisted|p2a: Forretress
|-damage|p2a: Forretress|237\/353
|debug|randBW(100) = 23
|
|-weather|Sandstorm|[upkeep]
|debug|natural immunity
|debug|weather immunity
|debug|natural immunity
|debug|weather immunity
|-heal|p1a: Metagross|364\/364|[from] item: Leftovers
|-heal|p2a: Forretress|259\/353|[from] item: Leftovers
|-end|p1a: Metagross|move: Taunt
|turn|11
|c|âBjork|ok what is it
|
|switch|p1a: Gengar|Gengar, F|304\/304
|debug|artificial immunity
|move|p2a: Forretress|Spikes|p1a: Gengar
|-sidestart|p1: Bjork|Spikes
|
|-weather|Sandstorm|[upkeep]
|-damage|p1a: Gengar|285\/304|[from] sandstorm
|debug|natural immunity
|debug|weather immunity
|-heal|p1a: Gengar|304\/304|[from] item: Leftovers
|-heal|p2a: Forretress|281\/353|[from] item: Leftovers
|turn|12
|
|move|p1a: Gengar|Will-O-Wisp|p2a: Forretress
|debug|randBW(100) = 72
|-status|p2a: Forretress|brn
|move|p2a: Forretress|Spikes|p1a: Gengar
|-sidestart|p1: Bjork|Spikes
|
|-weather|Sandstorm|[upkeep]
|-damage|p1a: Gengar|285\/304|[from] sandstorm
|debug|natural immunity
|debug|weather immunity
|-heal|p1a: Gengar|304\/304|[from] item: Leftovers
|-heal|p2a: Forretress|303\/353 brn|[from] item: Leftovers
|-damage|p2a: Forretress|259\/353 brn|[from] brn
|turn|13
|
|switch|p2a: Tyranitar|Tyranitar, M|403\/403 slp
|-damage|p2a: Tyranitar|353\/403 slp|[from] Spikes
|move|p1a: Gengar|Thunderbolt|p2a: Tyranitar
|debug|randBW(100) = 40
|debug|randBW(16) = 5
|debug|randBW(16) = 8
|debug|"Rock"
|debug|"Dark"
|-damage|p2a: Tyranitar|249\/403 slp
|debug|randBW(100) = 60
|
|-weather|Sandstorm|[upkeep]
|-damage|p1a: Gengar|285\/304|[from] sandstorm
|debug|natural immunity
|debug|weather immunity
|-heal|p1a: Gengar|304\/304|[from] item: Leftovers
|-heal|p2a: Tyranitar|274\/403 slp|[from] item: Leftovers
|turn|14
|c|âfebruary stars|can we jsut ban gengar
|
|debug|before turn callback: pursuit
|debug|Pursuit start
|cant|p2a: Tyranitar|slp
|switch|p1a: Cloyster|Cloyster, M|304\/304
|-damage|p1a: Cloyster|228\/304|[from] Spikes
|
|-weather|Sandstorm|[upkeep]
|-damage|p1a: Cloyster|209\/304|[from] sandstorm
|debug|natural immunity
|debug|weather immunity
|-heal|p1a: Cloyster|228\/304|[from] item: Leftovers
|-heal|p2a: Tyranitar|299\/403 slp|[from] item: Leftovers
|turn|15
|c|+BKC|you sound like danilo
|
|switch|p2a: Gengar|Gengar, M|323\/323
|debug|artificial immunity
|move|p1a: Cloyster|Surf|p2a: Gengar
|debug|randBW(100) = 9
|debug|randBW(16) = 2
|debug|randBW(16) = 15
|debug|"Ghost"
|debug|"Poison"
|-damage|p2a: Gengar|199\/323
|
|-weather|Sandstorm|[upkeep]
|-damage|p2a: Gengar|179\/323|[from] sandstorm
|-damage|p1a: Cloyster|209\/304|[from] sandstorm
|-heal|p2a: Gengar|199\/323|[from] item: Leftovers
|-heal|p1a: Cloyster|228\/304|[from] item: Leftovers
|turn|16
|
|switch|p1a: Gengar|Gengar, F|304\/304
|debug|artificial immunity
|move|p2a: Gengar|Thunderbolt|p1a: Gengar
|debug|randBW(100) = 97
|debug|randBW(16) = 12
|debug|randBW(16) = 14
|debug|"Ghost"
|debug|"Poison"
|-damage|p1a: Gengar|193\/304
|debug|randBW(100) = 4
|-status|p1a: Gengar|par
|
|-weather|Sandstorm|[upkeep]
|-damage|p2a: Gengar|179\/323|[from] sandstorm
|-damage|p1a: Gengar|174\/304 par|[from] sandstorm
|-heal|p2a: Gengar|199\/323|[from] item: Leftovers
|-heal|p1a: Gengar|193\/304 par|[from] item: Leftovers
|turn|17
|
|move|p2a: Gengar|Thunderbolt|p1a: Gengar
|debug|randBW(100) = 95
|debug|randBW(16) = 1
|debug|randBW(16) = 2
|debug|"Ghost"
|debug|"Poison"
|-damage|p1a: Gengar|66\/304 par
|debug|randBW(100) = 35
|debug|randBW(4) = 3
|move|p1a: Gengar|Thunderbolt|p2a: Gengar
|debug|randBW(100) = 41
|debug|randBW(16) = 2
|debug|randBW(16) = 1
|debug|"Ghost"
|debug|"Poison"
|-damage|p2a: Gengar|58\/323
|debug|randBW(100) = 44
|
|-weather|Sandstorm|[upkeep]
|-damage|p2a: Gengar|38\/323|[from] sandstorm
|-damage|p1a: Gengar|47\/304 par|[from] sandstorm
|-heal|p2a: Gengar|58\/323|[from] item: Leftovers
|-heal|p1a: Gengar|66\/304 par|[from] item: Leftovers
|turn|18
|
|move|p2a: Gengar|Thunderbolt|p1a: Gengar
|debug|randBW(100) = 56
|debug|randBW(16) = 9
|debug|randBW(16) = 13
|debug|"Ghost"
|debug|"Poison"
|-damage|p1a: Gengar|0 fnt
|debug|randBW(100) = 28
|faint|p1a: Gengar
|join|silverghoooost
|
|switch|p1a: Aerodactyl|Aerodactyl, F|300\/300
|debug|natural immunity
|
|-weather|Sandstorm|[upkeep]
|debug|natural immunity
|debug|weather immunity
|-damage|p2a: Gengar|38\/323|[from] sandstorm
|-heal|p2a: Gengar|58\/323|[from] item: Leftovers
|turn|19
|
|switch|p2a: Steelix|Steelix, M|354\/354
|-damage|p2a: Steelix|310\/354|[from] Spikes
|move|p1a: Aerodactyl|Rock Slide|p2a: Steelix
|debug|randBW(100) = 96
|-miss|p1a: Aerodactyl|p2a: Steelix
|
|-weather|Sandstorm|[upkeep]
|debug|natural immunity
|debug|weather immunity
|debug|natural immunity
|debug|weather immunity
|-heal|p2a: Steelix|332\/354|[from] item: Leftovers
|turn|20
|
|switch|p1a: Cloyster|Cloyster, M|228\/304
|-damage|p1a: Cloyster|152\/304|[from] Spikes
|move|p2a: Steelix|Roar|p1a: Cloyster
|debug|randBW(100) = 21
|debug|randBW(4) = 0
|drag|p1a: Aerodactyl|Aerodactyl, F|300\/300
|debug|natural immunity
|
|-weather|Sandstorm|[upkeep]
|debug|natural immunity
|debug|weather immunity
|debug|natural immunity
|debug|weather immunity
|-heal|p2a: Steelix|354\/354|[from] item: Leftovers
|turn|21
|join|MoxieInfinite
|
|move|p1a: Aerodactyl|Earthquake|p2a: Steelix
|debug|randBW(100) = 53
|debug|randBW(16) = 14
|debug|randBW(16) = 10
|debug|"Steel"
|debug|"Ground"
|-supereffective|p2a: Steelix
|-damage|p2a: Steelix|214\/354
|move|p2a: Steelix|Roar|p1a: Aerodactyl
|debug|randBW(100) = 13
|debug|randBW(4) = 3
|drag|p1a: Snorlax|Snorlax, F|311\/497 brn
|-damage|p1a: Snorlax|187\/497 brn|[from] Spikes
|
|-weather|Sandstorm|[upkeep]
|debug|natural immunity
|debug|weather immunity
|-damage|p1a: Snorlax|156\/497 brn|[from] sandstorm
|-heal|p1a: Snorlax|187\/497 brn|[from] item: Leftovers
|-heal|p2a: Steelix|236\/354|[from] item: Leftovers
|-damage|p1a: Snorlax|125\/497 brn|[from] brn
|turn|22
|
|move|p2a: Steelix|Protect|p2a: Steelix
|-singleturn|p2a: Steelix|Protect
|move|p1a: Snorlax|Rest|p1a: Snorlax
|-status|p1a: Snorlax|slp
|debug|randBW(2, 6) = 3
|-heal|p1a: Snorlax|497\/497 slp|[silent]
|-status|p1a: Snorlax|slp|[from] move: Rest
|
|-weather|Sandstorm|[upkeep]
|-damage|p1a: Snorlax|466\/497 slp|[from] sandstorm
|debug|natural immunity
|debug|weather immunity
|-heal|p1a: Snorlax|497\/497 slp|[from] item: Leftovers
|-heal|p2a: Steelix|258\/354|[from] item: Leftovers
|turn|23
|
|switch|p2a: Forretress|Forretress, M|259\/353 brn
|-damage|p2a: Forretress|215\/353 brn|[from] Spikes
|cant|p1a: Snorlax|slp
|
|-weather|Sandstorm|[upkeep]
|debug|natural immunity
|debug|weather immunity
|-damage|p1a: Snorlax|466\/497 slp|[from] sandstorm
|-heal|p2a: Forretress|237\/353 brn|[from] item: Leftovers
|-heal|p1a: Snorlax|497\/497 slp|[from] item: Leftovers
|-damage|p2a: Forretress|193\/353 brn|[from] brn
|turn|24
|
|move|p2a: Forretress|Rapid Spin|p1a: Snorlax
|debug|randBW(100) = 93
|debug|randBW(16) = 6
|debug|randBW(16) = 4
|debug|"Normal"
|-damage|p1a: Snorlax|487\/497 slp
|-sideend|p2: february stars|Spikes|[from] move: Rapid Spin|[of] p2a: Forretress
|cant|p1a: Snorlax|slp
|
|-weather|Sandstorm|[upkeep]
|debug|natural immunity
|debug|weather immunity
|-damage|p1a: Snorlax|456\/497 slp|[from] sandstorm
|-heal|p2a: Forretress|215\/353 brn|[from] item: Leftovers
|-heal|p1a: Snorlax|487\/497 slp|[from] item: Leftovers
|-damage|p2a: Forretress|171\/353 brn|[from] brn
|turn|25
|
|move|p2a: Forretress|Explosion|p1a: Snorlax
|debug|randBW(100) = 30
|debug|randBW(16) = 2
|debug|randBW(16) = 14
|debug|"Normal"
|-damage|p1a: Snorlax|291\/497 slp
|faint|p2a: Forretress
|
|switch|p2a: BLEED|Aerodactyl, M|282\/363
|
|-weather|Sandstorm|[upkeep]
|debug|natural immunity
|debug|weather immunity
|-damage|p1a: Snorlax|260\/497 slp|[from] sandstorm
|-heal|p2a: BLEED|304\/363|[from] item: Leftovers
|-heal|p1a: Snorlax|291\/497 slp|[from] item: Leftovers
|turn|26
|
|move|p2a: BLEED|Rock Slide|p1a: Snorlax
|debug|randBW(100) = 93
|-miss|p2a: BLEED|p1a: Snorlax
|-curestatus|p1a: Snorlax|slp
|move|p1a: Snorlax|Body Slam|p2a: BLEED
|debug|randBW(100) = 36
|debug|randBW(16) = 3
|debug|randBW(16) = 3
|debug|"Rock"
|debug|"Flying"
|-resisted|p2a: BLEED
|-damage|p2a: BLEED|209\/363
|debug|randBW(100) = 61
|
|-weather|Sandstorm|[upkeep]
|debug|natural immunity
|debug|weather immunity
|-damage|p1a: Snorlax|260\/497|[from] sandstorm
|-heal|p2a: BLEED|231\/363|[from] item: Leftovers
|-heal|p1a: Snorlax|291\/497|[from] item: Leftovers
|turn|27
|leave|silverghoooost
|
|switch|p1a: Metagross|Metagross|364\/364
|-damage|p1a: Metagross|273\/364|[from] Spikes
|move|p2a: BLEED|Rock Slide|p1a: Metagross
|debug|randBW(100) = 40
|debug|randBW(16) = 10
|debug|randBW(16) = 10
|debug|"Steel"
|debug|"Psychic"
|-resisted|p1a: Metagross
|-damage|p1a: Metagross|238\/364
|debug|randBW(100) = 43
|
|-weather|Sandstorm|[upkeep]
|debug|natural immunity
|debug|weather immunity
|debug|natural immunity
|debug|weather immunity
|-heal|p2a: BLEED|253\/363|[from] item: Leftovers
|-heal|p1a: Metagross|260\/364|[from] item: Leftovers
|turn|28
|
|switch|p2a: Vaporeon|Vaporeon, M|463\/463
|move|p1a: Metagross|Meteor Mash|p2a: Vaporeon
|debug|randBW(100) = 72
|debug|randBW(16) = 4
|debug|randBW(16) = 14
|debug|"Water"
|-resisted|p2a: Vaporeon
|-damage|p2a: Vaporeon|373\/463
|debug|randBW(100) = 9
|-boost|p1a: Metagross|atk|1
|
|-weather|Sandstorm|[upkeep]
|-damage|p2a: Vaporeon|345\/463|[from] sandstorm
|debug|natural immunity
|debug|weather immunity
|-heal|p2a: Vaporeon|373\/463|[from] item: Leftovers
|-heal|p1a: Metagross|282\/364|[from] item: Leftovers
|turn|29
|
|move|p2a: Vaporeon|Surf|p1a: Metagross
|debug|randBW(100) = 32
|debug|randBW(16) = 13
|debug|randBW(16) = 2
|debug|"Steel"
|debug|"Psychic"
|-damage|p1a: Metagross|140\/364
|move|p1a: Metagross|Earthquake|p2a: Vaporeon
|debug|randBW(100) = 81
|debug|randBW(16) = 4
|debug|randBW(16) = 9
|debug|"Water"
|-damage|p2a: Vaporeon|182\/463
|
|-weather|Sandstorm|[upkeep]
|-damage|p2a: Vaporeon|154\/463|[from] sandstorm
|debug|natural immunity
|debug|weather immunity
|-heal|p2a: Vaporeon|182\/463|[from] item: Leftovers
|-heal|p1a: Metagross|162\/364|[from] item: Leftovers
|turn|30
|
|move|p2a: Vaporeon|Surf|p1a: Metagross
|debug|randBW(100) = 4
|debug|randBW(16) = 10
|debug|randBW(16) = 4
|debug|"Steel"
|debug|"Psychic"
|-damage|p1a: Metagross|23\/364
|move|p1a: Metagross|Meteor Mash|p2a: Vaporeon
|debug|randBW(100) = 78
|debug|randBW(16) = 14
|debug|randBW(16) = 11
|debug|"Water"
|-resisted|p2a: Vaporeon
|-damage|p2a: Vaporeon|43\/463
|debug|randBW(100) = 4
|-boost|p1a: Metagross|atk|1
|
|-weather|Sandstorm|[upkeep]
|-damage|p2a: Vaporeon|15\/463|[from] sandstorm
|debug|natural immunity
|debug|weather immunity
|-heal|p2a: Vaporeon|43\/463|[from] item: Leftovers
|-heal|p1a: Metagross|45\/364|[from] item: Leftovers
|turn|31
|
|move|p2a: Vaporeon|Surf|p1a: Metagross
|debug|randBW(100) = 60
|debug|randBW(16) = 0
|-crit|p1a: Metagross
|debug|randBW(16) = 0
|debug|"Steel"
|debug|"Psychic"
|-damage|p1a: Metagross|0 fnt
|faint|p1a: Metagross
|
|switch|p1a: Snorlax|Snorlax, F|291\/497
|-damage|p1a: Snorlax|167\/497|[from] Spikes
|
|-weather|Sandstorm|[upkeep]
|-damage|p2a: Vaporeon|15\/463|[from] sandstorm
|-damage|p1a: Snorlax|136\/497|[from] sandstorm
|-heal|p2a: Vaporeon|43\/463|[from] item: Leftovers
|-heal|p1a: Snorlax|167\/497|[from] item: Leftovers
|turn|32
|join|Bad Ass
|
|move|p2a: Vaporeon|Wish|p2a: Vaporeon
|move|p1a: Snorlax|Shadow Ball|p2a: Vaporeon
|debug|randBW(100) = 70
|debug|randBW(16) = 3
|debug|randBW(16) = 7
|debug|"Water"
|-damage|p2a: Vaporeon|0 fnt
|debug|randBW(100) = 95
|faint|p2a: Vaporeon
|
|switch|p2a: BLEED|Aerodactyl, M|253\/363
|
|-weather|Sandstorm|[upkeep]
|debug|natural immunity
|debug|weather immunity
|-damage|p1a: Snorlax|136\/497|[from] sandstorm
|-heal|p2a: BLEED|275\/363|[from] item: Leftovers
|-heal|p1a: Snorlax|167\/497|[from] item: Leftovers
|turn|33
|
|move|p2a: BLEED|Taunt|p1a: Snorlax
|debug|randBW(100) = 34
|-start|p1a: Snorlax|move: Taunt
|move|p1a: Snorlax|Body Slam|p2a: BLEED
|debug|randBW(100) = 20
|debug|randBW(16) = 4
|debug|randBW(16) = 14
|debug|"Rock"
|debug|"Flying"
|-resisted|p2a: BLEED
|-damage|p2a: BLEED|191\/363
|debug|randBW(100) = 22
|-status|p2a: BLEED|par
|
|-weather|Sandstorm|[upkeep]
|-damage|p1a: Snorlax|136\/497|[from] sandstorm
|debug|natural immunity
|debug|weather immunity
|-heal|p2a: BLEED|363\/363 par|[from] move: Wish|[wisher] Vaporeon
|-heal|p1a: Snorlax|167\/497|[from] item: Leftovers
|turn|34
|
|switch|p1a: Tyranitar|Tyranitar, F|345\/345
|-damage|p1a: Tyranitar|259\/345|[from] Spikes
|debug|randBW(4) = 2
|move|p2a: BLEED|Rock Slide|p1a: Tyranitar
|debug|randBW(100) = 35
|debug|randBW(16) = 6
|debug|randBW(16) = 11
|debug|"Rock"
|debug|"Dark"
|-damage|p1a: Tyranitar|186\/345
|debug|randBW(100) = 10
|
|-weather|Sandstorm|[upkeep]
|debug|natural immunity
|debug|weather immunity
|debug|natural immunity
|debug|weather immunity
|-heal|p1a: Tyranitar|207\/345|[from] item: Leftovers
|turn|35
|
|move|p1a: Tyranitar|Dragon Dance|p1a: Tyranitar
|-boost|p1a: Tyranitar|atk|1
|-boost|p1a: Tyranitar|spe|1
|debug|randBW(4) = 3
|move|p2a: BLEED|Toxic|p1a: Tyranitar
|debug|randBW(100) = 72
|-status|p1a: Tyranitar|tox
|
|-weather|Sandstorm|[upkeep]
|debug|natural immunity
|debug|weather immunity
|debug|natural immunity
|debug|weather immunity
|-heal|p1a: Tyranitar|228\/345 tox|[from] item: Leftovers
|-damage|p1a: Tyranitar|207\/345 tox|[from] psn
|turn|36
|
|switch|p2a: Steelix|Steelix, M|258\/354
|move|p1a: Tyranitar|Rock Slide|p2a: Steelix
|debug|randBW(100) = 61
|debug|randBW(16) = 9
|debug|randBW(16) = 1
|debug|"Steel"
|debug|"Ground"
|-resisted|p2a: Steelix
|-damage|p2a: Steelix|231\/354
|debug|randBW(100) = 97
|
|-weather|Sandstorm|[upkeep]
|debug|natural immunity
|debug|weather immunity
|debug|natural immunity
|debug|weather immunity
|-heal|p1a: Tyranitar|228\/345 tox|[from] item: Leftovers
|-heal|p2a: Steelix|253\/354|[from] item: Leftovers
|-damage|p1a: Tyranitar|186\/345 tox|[from] psn
|turn|37
|
|move|p2a: Steelix|Protect|p2a: Steelix
|-singleturn|p2a: Steelix|Protect
|move|p1a: Tyranitar|Dragon Dance|p1a: Tyranitar
|-boost|p1a: Tyranitar|atk|1
|-boost|p1a: Tyranitar|spe|1
|
|-weather|Sandstorm|[upkeep]
|debug|natural immunity
|debug|weather immunity
|debug|natural immunity
|debug|weather immunity
|-heal|p1a: Tyranitar|207\/345 tox|[from] item: Leftovers
|-heal|p2a: Steelix|275\/354|[from] item: Leftovers
|-damage|p1a: Tyranitar|144\/345 tox|[from] psn
|turn|38
|
|switch|p2a: BLEED|Aerodactyl, M|363\/363 par
|move|p1a: Tyranitar|Rock Slide|p2a: BLEED
|debug|randBW(100) = 55
|debug|randBW(16) = 3
|debug|randBW(16) = 8
|debug|"Rock"
|debug|"Flying"
|-supereffective|p2a: BLEED
|-damage|p2a: BLEED|0 fnt
|debug|randBW(100) = 95
|faint|p2a: BLEED
|
|switch|p2a: Steelix|Steelix, M|275\/354
|
|-weather|Sandstorm|[upkeep]
|debug|natural immunity
|debug|weather immunity
|debug|natural immunity
|debug|weather immunity
|-heal|p1a: Tyranitar|165\/345 tox|[from] item: Leftovers
|-heal|p2a: Steelix|297\/354|[from] item: Leftovers
|-damage|p1a: Tyranitar|81\/345 tox|[from] psn
|turn|39
|
|switch|p1a: Cloyster|Cloyster, M|152\/304
|-damage|p1a: Cloyster|76\/304|[from] Spikes
|move|p2a: Steelix|Protect|p2a: Steelix
|-fail|p2a: Steelix
|
|-weather|Sandstorm|[upkeep]
|-damage|p1a: Cloyster|57\/304|[from] sandstorm
|debug|natural immunity
|debug|weather immunity
|-heal|p1a: Cloyster|76\/304|[from] item: Leftovers
|-heal|p2a: Steelix|319\/354|[from] item: Leftovers
|turn|40
|
|move|p1a: Cloyster|Surf|p2a: Steelix
|debug|randBW(100) = 33
|debug|randBW(16) = 4
|debug|randBW(16) = 12
|debug|"Steel"
|debug|"Ground"
|-supereffective|p2a: Steelix
|-damage|p2a: Steelix|83\/354
|move|p2a: Steelix|Roar|p1a: Cloyster
|debug|randBW(100) = 23
|debug|randBW(3) = 0
|drag|p1a: Tyranitar|Tyranitar, F|81\/345 tox
|-damage|p1a: Tyranitar|0 fnt|[from] Spikes
|faint|p1a: Tyranitar
|
|switch|p1a: Aerodactyl|Aerodactyl, F|300\/300
|debug|natural immunity
|
|-weather|Sandstorm|[upkeep]
|debug|natural immunity
|debug|weather immunity
|debug|natural immunity
|debug|weather immunity
|-heal|p2a: Steelix|105\/354|[from] item: Leftovers
|turn|41
|c|âfebruary stars|if u had sub aero
|c|âfebruary stars|u could win right now
|
|move|p2a: Steelix|Protect|p2a: Steelix
|-singleturn|p2a: Steelix|Protect
|move|p1a: Aerodactyl|Earthquake|p2a: Steelix
|-activate|p2a: Steelix|Protect
|
|-weather|Sandstorm|[upkeep]
|debug|natural immunity
|debug|weather immunity
|debug|natural immunity
|debug|weather immunity
|-heal|p2a: Steelix|127\/354|[from] item: Leftovers
|turn|42
|
|switch|p1a: Snorlax|Snorlax, F|167\/497
|-damage|p1a: Snorlax|43\/497|[from] Spikes
|switch|p2a: Gengar|Gengar, M|58\/323
|
|-weather|Sandstorm|[upkeep]
|-damage|p2a: Gengar|38\/323|[from] sandstorm
|-damage|p1a: Snorlax|12\/497|[from] sandstorm
|-heal|p2a: Gengar|58\/323|[from] item: Leftovers
|-heal|p1a: Snorlax|43\/497|[from] item: Leftovers
|turn|43
|
|move|p2a: Gengar|Thunderbolt|p1a: Snorlax
|debug|randBW(100) = 78
|debug|randBW(16) = 8
|debug|randBW(16) = 11
|debug|"Normal"
|-damage|p1a: Snorlax|0 fnt
|debug|randBW(100) = 33
|faint|p1a: Snorlax
|
|switch|p1a: Aerodactyl|Aerodactyl, F|300\/300
|debug|natural immunity
|
|-weather|Sandstorm|[upkeep]
|debug|natural immunity
|debug|weather immunity
|-damage|p2a: Gengar|38\/323|[from] sandstorm
|-heal|p2a: Gengar|58\/323|[from] item: Leftovers
|turn|44
|
|switch|p2a: Tyranitar|Tyranitar, M|299\/403 slp
|move|p1a: Aerodactyl|Earthquake|p2a: Tyranitar
|debug|randBW(100) = 1
|debug|randBW(16) = 2
|debug|randBW(16) = 12
|debug|"Rock"
|debug|"Dark"
|-supereffective|p2a: Tyranitar
|-damage|p2a: Tyranitar|31\/403 slp
|
|-weather|Sandstorm|[upkeep]
|debug|natural immunity
|debug|weather immunity
|debug|natural immunity
|debug|weather immunity
|-heal|p2a: Tyranitar|56\/403 slp|[from] item: Leftovers
|turn|45
|
|switch|p2a: Gengar|Gengar, M|58\/323
|move|p1a: Aerodactyl|Earthquake|p2a: Gengar
|debug|artificial immunity
|-immune|p2a: Gengar|[msg]
|
|-weather|Sandstorm|[upkeep]
|debug|natural immunity
|debug|weather immunity
|-damage|p2a: Gengar|38\/323|[from] sandstorm
|-heal|p2a: Gengar|58\/323|[from] item: Leftovers
|turn|46
|
|switch|p1a: Cloyster|Cloyster, M|76\/304
|-damage|p1a: Cloyster|0 fnt|[from] Spikes
|faint|p1a: Cloyster
|
|switch|p1a: Aerodactyl|Aerodactyl, F|300\/300
|debug|natural immunity
|move|p2a: Gengar|Thunderbolt|p1a: Aerodactyl
|debug|randBW(100) = 22
|debug|randBW(16) = 4
|debug|randBW(16) = 14
|debug|"Rock"
|debug|"Flying"
|-supereffective|p1a: Aerodactyl
|-damage|p1a: Aerodactyl|76\/300
|debug|randBW(100) = 26
|
|-weather|Sandstorm|[upkeep]
|debug|natural immunity
|debug|weather immunity
|-damage|p2a: Gengar|38\/323|[from] sandstorm
|-heal|p2a: Gengar|58\/323|[from] item: Leftovers
|turn|47
|c|âBjork|ok that didnt work
|c|âfebruary stars|wait
|c|âfebruary stars|wut
|c|âfebruary stars|just happened
|c|âBjork|idk
|c|âfebruary stars|ps is bugged?
|
|switch|p2a: Tyranitar|Tyranitar, M|56\/403 slp
|move|p1a: Aerodactyl|Hidden Power|p2a: Tyranitar
|debug|randBW(100) = 46
|debug|randBW(16) = 6
|debug|randBW(16) = 0
|debug|"Rock"
|debug|"Dark"
|-resisted|p2a: Tyranitar
|-damage|p2a: Tyranitar|0 fnt
|faint|p2a: Tyranitar
|c|+BKC|yea lol
|c|âBjork|ill save the log
|
|switch|p2a: Steelix|Steelix, M|127\/354
|
|-weather|Sandstorm|[upkeep]
|debug|natural immunity
|debug|weather immunity
|debug|natural immunity
|debug|weather immunity
|-heal|p2a: Steelix|149\/354|[from] item: Leftovers
|turn|48
|c|âBjork|man this means no spl adv on ps
|c|âBjork|also f steelicks
|
|move|p1a: Aerodactyl|Hidden Power|p2a: Steelix
|debug|randBW(100) = 14
|debug|randBW(16) = 0
|-crit|p2a: Steelix
|debug|randBW(16) = 0
|debug|"Steel"
|debug|"Ground"
|-resisted|p2a: Steelix
|-damage|p2a: Steelix|67\/354
|move|p2a: Steelix|Toxic|p1a: Aerodactyl
|debug|randBW(100) = 66
|-status|p1a: Aerodactyl|tox
|
|-weather|Sandstorm|[upkeep]
|debug|natural immunity
|debug|weather immunity
|debug|natural immunity
|debug|weather immunity
|-heal|p2a: Steelix|89\/354|[from] item: Leftovers
|-damage|p1a: Aerodactyl|58\/300 tox|[from] psn
|turn|49
|c|âfebruary stars|bring back netbattle
|
|move|p2a: Steelix|Protect|p2a: Steelix
|-singleturn|p2a: Steelix|Protect
|move|p1a: Aerodactyl|Hidden Power|p2a: Steelix
|-activate|p2a: Steelix|Protect
|
|-weather|Sandstorm|[upkeep]
|debug|natural immunity
|debug|weather immunity
|debug|natural immunity
|debug|weather immunity
|-heal|p2a: Steelix|111\/354|[from] item: Leftovers
|-damage|p1a: Aerodactyl|22\/300 tox|[from] psn
|turn|50
|
|move|p2a: Steelix|Protect|p2a: Steelix
|debug|Success chance: 50%
|debug|randBW(2) = 1
|-fail|p2a: Steelix
|move|p1a: Aerodactyl|Hidden Power|p2a: Steelix
|debug|randBW(100) = 80
|debug|randBW(16) = 8
|debug|randBW(16) = 6
|debug|"Steel"
|debug|"Ground"
|-resisted|p2a: Steelix
|-damage|p2a: Steelix|73\/354
|
|-weather|Sandstorm|[upkeep]
|debug|natural immunity
|debug|weather immunity
|debug|natural immunity
|debug|weather immunity
|-heal|p2a: Steelix|95\/354|[from] item: Leftovers
|-damage|p1a: Aerodactyl|0 fnt|[from] psn
|faint|p1a: Aerodactyl
|
|win|february stars
|c|âBjork|gg
|c|âfebruary stars|gg
|leave|bitches brew
|leave|february stars
|player|p2
|leave|Bjork
|player|p1
|leave|Yin
|leave|Bad Ass
|leave|BKC
|leave|MoxieInfinite