|join|lil manaphy
|join|Handiman
|player|p1|lil manaphy|9
|player|p2|Handiman|253
|gametype|singles
|gen|6
|tier|OU
|rated
|clearpoke
|poke|p1|Gardevoir, F
|poke|p1|Keldeo
|poke|p1|Amoonguss, M
|poke|p1|Chansey, F
|poke|p1|Mandibuzz, F
|poke|p1|Landorus-Therian, M
|poke|p2|Landorus-Therian, M
|poke|p2|Rotom-Wash
|poke|p2|Talonflame, F
|poke|p2|Sableye, M
|poke|p2|Azumarill, F
|poke|p2|Ditto
|rule|Swagger Clause: Swagger is banned
|rule|Baton Pass Clause: Limit one PokÃ©mon knowing Baton Pass
|rule|Sleep Clause Mod: Limit one foe put to sleep
|rule|Species Clause: Limit one of each PokÃ©mon
|rule|OHKO Clause: OHKO moves are banned
|rule|Moody Clause: Moody is banned
|rule|Evasion Moves Clause: Evasion moves are banned
|rule|Endless Battle Clause: Forcing endless battles is banned
|rule|HP Percentage Mod: HP is shown in percentages
|teampreview
|
|start
|switch|p1a: Gardevoir|Gardevoir, F|277\/277
|switch|p2a: Landorus-Therian|Landorus-Therian, M|382\/382
|-ability|p1a: Gardevoir|Intimidate|[from] ability: Trace|[of] p2a: Landorus-Therian
|-ability|p1a: Gardevoir|Intimidate|[of] p2a: Landorus-Therian
|-unboost|p2a: Landorus-Therian|atk|1
|-ability|p2a: Landorus-Therian|Intimidate|[of] p1a: Gardevoir
|-unboost|p1a: Gardevoir|atk|1
|turn|1
|
|switch|p1a: Landorus-Therian|Landorus-Therian, M|382\/382
|-ability|p1a: Landorus-Therian|Intimidate|[of] p2a: Landorus-Therian
|-unboost|p2a: Landorus-Therian|atk|1
|move|p2a: Landorus-Therian|Stealth Rock|p1a: Landorus-Therian
|-sidestart|p1: lil manaphy|move: Stealth Rock
|
|turn|2
|
|move|p2a: Landorus-Therian|U-turn|p1a: Landorus-Therian
|-resisted|p1a: Landorus-Therian
|-damage|p1a: Landorus-Therian|366\/382
|
|switch|p2a: Sableye|Sableye, M|304\/304
|move|p1a: Landorus-Therian|Stealth Rock|p2a: Sableye
|-sidestart|p2: Handiman|move: Stealth Rock
|
|-heal|p1a: Landorus-Therian|382\/382|[from] item: Leftovers
|turn|3
|
|switch|p1a: Gardevoir|Gardevoir, F|277\/277
|-damage|p1a: Gardevoir|243\/277|[from] Stealth Rock
|-ability|p1a: Gardevoir|Prankster|[from] ability: Trace|[of] p2a: Sableye
|detailschange|p2a: Sableye|Sableye-Mega, M
|-mega|p2a: Sableye|Sableye|Sablenite
|move|p2a: Sableye|Knock Off|p1a: Gardevoir
|-damage|p1a: Gardevoir|143\/277
|
|turn|4
|
|detailschange|p1a: Gardevoir|Gardevoir-Mega, F
|-mega|p1a: Gardevoir|Gardevoir|Gardevoirite
|move|p1a: Gardevoir|Hyper Voice|p2a: Sableye
|-supereffective|p2a: Sableye
|-damage|p2a: Sableye|0 fnt
|faint|p2a: Sableye
|
|
|switch|p2a: Ditto|Ditto|299\/299
|-damage|p2a: Ditto|262\/299|[from] Stealth Rock
|-transform|p2a: Ditto|p1a: Gardevoir
|turn|5
|
|switch|p1a: Chansey|Chansey, F|703\/703
|-damage|p1a: Chansey|616\/703|[from] Stealth Rock
|move|p2a: Ditto|Hyper Voice|p1a: Chansey
|-damage|p1a: Chansey|460\/703
|
|turn|6
|
|switch|p2a: Rotom-Wash|Rotom-Wash|304\/304
|-damage|p2a: Rotom-Wash|266\/304|[from] Stealth Rock
|move|p1a: Chansey|Soft-Boiled|p1a: Chansey
|-heal|p1a: Chansey|703\/703
|
|-heal|p2a: Rotom-Wash|285\/304|[from] item: Leftovers
|turn|7
|
|move|p2a: Rotom-Wash|Will-O-Wisp|p1a: Chansey
|-status|p1a: Chansey|brn
|move|p1a: Chansey|Wish|p1a: Chansey
|
|-heal|p2a: Rotom-Wash|304\/304|[from] item: Leftovers
|-damage|p1a: Chansey|616\/703 brn|[from] brn
|turn|8
|
|switch|p1a: Gardevoir|Gardevoir-Mega, F|143\/277
|-damage|p1a: Gardevoir|109\/277|[from] Stealth Rock
|move|p2a: Rotom-Wash|Volt Switch|p1a: Gardevoir
|-damage|p1a: Gardevoir|39\/277
|
|switch|p2a: Ditto|Ditto|262\/299
|-damage|p2a: Ditto|225\/299|[from] Stealth Rock
|-transform|p2a: Ditto|p1a: Gardevoir
|
|-heal|p1a: Gardevoir|277\/277|[from] move: Wish|[wisher] Chansey
|turn|9
|
|move|p2a: Ditto|Hyper Voice|p1a: Gardevoir
|-damage|p1a: Gardevoir|72\/277
|move|p1a: Gardevoir|Hyper Voice|p2a: Ditto
|-damage|p2a: Ditto|35\/299
|
|turn|10
|
|switch|p1a: Chansey|Chansey, F|616\/703
|-damage|p1a: Chansey|529\/703|[from] Stealth Rock
|move|p2a: Ditto|Hyper Voice|p1a: Chansey
|-crit|p1a: Chansey
|-damage|p1a: Chansey|292\/703
|
|turn|11
|
|switch|p2a: Talonflame|Talonflame, F|360\/360
|-damage|p2a: Talonflame|180\/360|[from] Stealth Rock
|move|p1a: Chansey|Soft-Boiled|p1a: Chansey
|-heal|p1a: Chansey|644\/703
|
|-heal|p2a: Talonflame|202\/360|[from] item: Leftovers
|turn|12
|
|move|p2a: Talonflame|Taunt|p1a: Chansey
|-start|p1a: Chansey|move: Taunt
|cant|p1a: Chansey|move: Taunt|Thunder Wave
|
|-heal|p2a: Talonflame|224\/360|[from] item: Leftovers
|turn|13
|
|switch|p1a: Landorus-Therian|Landorus-Therian, M|382\/382
|-damage|p1a: Landorus-Therian|335\/382|[from] Stealth Rock
|-ability|p1a: Landorus-Therian|Intimidate|[of] p2a: Talonflame
|-unboost|p2a: Talonflame|atk|1
|move|p2a: Talonflame|Roost|p2a: Talonflame
|-heal|p2a: Talonflame|360\/360
|
|-heal|p1a: Landorus-Therian|358\/382|[from] item: Leftovers
|turn|14
|
|switch|p2a: Landorus-Therian|Landorus-Therian, M|382\/382
|-damage|p2a: Landorus-Therian|335\/382|[from] Stealth Rock
|-ability|p2a: Landorus-Therian|Intimidate|[of] p1a: Landorus-Therian
|-unboost|p1a: Landorus-Therian|atk|1
|move|p1a: Landorus-Therian|Stone Edge|p2a: Landorus-Therian|[miss]
|-miss|p1a: Landorus-Therian|p2a: Landorus-Therian
|
|-heal|p1a: Landorus-Therian|381\/382|[from] item: Leftovers
|-heal|p2a: Landorus-Therian|358\/382|[from] item: Leftovers
|turn|15
|
|move|p2a: Landorus-Therian|U-turn|p1a: Landorus-Therian
|-resisted|p1a: Landorus-Therian
|-damage|p1a: Landorus-Therian|353\/382
|
|switch|p2a: Rotom-Wash|Rotom-Wash|304\/304
|-damage|p2a: Rotom-Wash|266\/304|[from] Stealth Rock
|move|p1a: Landorus-Therian|U-turn|p2a: Rotom-Wash
|-damage|p2a: Rotom-Wash|218\/304
|-message|Handiman forfeited.
|
|win|lil manaphy
|raw|Ladder updating...
|leave|Handiman
|player|p2
|raw|lil manaphy's rating: 1748 &rarr; <strong>1768<\/strong><br \/>(+20 for winning)
|raw|Handiman's rating: 1736 &rarr; <strong>1717<\/strong><br \/>(-19 for losing)