|join|Zedseayou
|join|lil manaphy
|player|p1|Zedseayou|129
|player|p2|lil manaphy|9
|gametype|singles
|gen|6
|tier|OU
|rated
|clearpoke
|poke|p1|Breloom, M
|poke|p1|Lopunny, M
|poke|p1|Skarmory, M
|poke|p1|Gengar, M
|poke|p1|Azumarill, F
|poke|p1|Bisharp, F
|poke|p2|Gardevoir, F
|poke|p2|Keldeo
|poke|p2|Amoonguss, M
|poke|p2|Chansey, F
|poke|p2|Mandibuzz, F
|poke|p2|Landorus-Therian, M
|rule|Swagger Clause: Swagger is banned
|rule|Baton Pass Clause: Limit one PokÃ©mon knowing Baton Pass
|rule|Sleep Clause Mod: Limit one foe put to sleep
|rule|Species Clause: Limit one of each PokÃ©mon
|rule|OHKO Clause: OHKO moves are banned
|rule|Moody Clause: Moody is banned
|rule|Evasion Moves Clause: Evasion moves are banned
|rule|Endless Battle Clause: Forcing endless battles is banned
|rule|HP Percentage Mod: HP is shown in percentages
|teampreview
|
|start
|switch|p1a: Skarmory|Skarmory, M|271\/271
|switch|p2a: Gardevoir|Gardevoir, F|277\/277
|-ability|p2a: Gardevoir|Sturdy|[from] ability: Trace|[of] p1a: Skarmory
|turn|1
|
|detailschange|p2a: Gardevoir|Gardevoir-Mega, F
|-mega|p2a: Gardevoir|Gardevoir|Gardevoirite
|move|p2a: Gardevoir|Taunt|p1a: Skarmory
|-start|p1a: Skarmory|move: Taunt
|cant|p1a: Skarmory|move: Taunt|Taunt
|
|turn|2
|
|move|p2a: Gardevoir|Hyper Voice|p1a: Skarmory
|-resisted|p1a: Skarmory
|-damage|p1a: Skarmory|116\/271
|move|p1a: Skarmory|Brave Bird|p2a: Gardevoir
|-damage|p2a: Gardevoir|61\/277
|-damage|p1a: Skarmory|45\/271|[from] recoil|[of] p2a: Gardevoir
|-enditem|p1a: Skarmory|Salac Berry|[eat]
|-boost|p1a: Skarmory|spe|1|[from] item: Salac Berry
|
|turn|3
|
|switch|p2a: Mandibuzz|Mandibuzz, F|423\/423
|move|p1a: Skarmory|Brave Bird|p2a: Mandibuzz
|-damage|p2a: Mandibuzz|314\/423
|-damage|p1a: Skarmory|0 fnt|[from] item: Rocky Helmet|[of] p2a: Mandibuzz
|faint|p1a: Skarmory
|
|
|switch|p1a: Azumarill|Azumarill, F|358\/358
|turn|4
|
|switch|p2a: Amoonguss|Amoonguss, M|432\/432
|move|p1a: Azumarill|Play Rough|p2a: Amoonguss
|-resisted|p2a: Amoonguss
|-damage|p2a: Amoonguss|339\/432
|
|-heal|p2a: Amoonguss|366\/432|[from] item: Black Sludge
|turn|5
|
|switch|p1a: Gengar|Gengar, M|261\/261
|move|p2a: Amoonguss|Clear Smog|p1a: Gengar
|-resisted|p1a: Gengar
|-damage|p1a: Gengar|246\/261
|-clearboost|p1a: Gengar
|
|-heal|p2a: Amoonguss|393\/432|[from] item: Black Sludge
|turn|6
|
|move|p1a: Gengar|Taunt|p2a: Amoonguss
|-start|p2a: Amoonguss|move: Taunt
|cant|p2a: Amoonguss|move: Taunt|Spore
|
|-heal|p2a: Amoonguss|420\/432|[from] item: Black Sludge
|turn|7
|
|switch|p2a: Gardevoir|Gardevoir-Mega, F|61\/277
|move|p1a: Gengar|Sludge Wave|p2a: Gardevoir
|-supereffective|p2a: Gardevoir
|-damage|p2a: Gardevoir|0 fnt
|-damage|p1a: Gengar|220\/261|[from] item: Life Orb
|faint|p2a: Gardevoir
|
|
|switch|p2a: Landorus-Therian|Landorus-Therian, M|382\/382
|-ability|p2a: Landorus-Therian|Intimidate|[of] p1a: Gengar
|-unboost|p1a: Gengar|atk|1
|turn|8
|
|move|p1a: Gengar|Shadow Ball|p2a: Landorus-Therian
|-damage|p2a: Landorus-Therian|139\/382
|-damage|p1a: Gengar|194\/261|[from] item: Life Orb
|move|p2a: Landorus-Therian|Stone Edge|p1a: Gengar
|-damage|p1a: Gengar|45\/261
|
|-heal|p2a: Landorus-Therian|162\/382|[from] item: Leftovers
|turn|9
|
|switch|p2a: Amoonguss|Amoonguss, M|432\/432
|move|p1a: Gengar|Shadow Ball|p2a: Amoonguss
|-damage|p2a: Amoonguss|218\/432
|-damage|p1a: Gengar|19\/261|[from] item: Life Orb
|
|-heal|p2a: Amoonguss|245\/432|[from] item: Black Sludge
|turn|10
|
|switch|p2a: Landorus-Therian|Landorus-Therian, M|162\/382
|-ability|p2a: Landorus-Therian|Intimidate|[of] p1a: Gengar
|-unboost|p1a: Gengar|atk|1
|move|p1a: Gengar|Sludge Wave|p2a: Landorus-Therian
|-resisted|p2a: Landorus-Therian
|-damage|p2a: Landorus-Therian|39\/382
|-damage|p1a: Gengar|0 fnt|[from] item: Life Orb
|faint|p1a: Gengar
|
|-heal|p2a: Landorus-Therian|62\/382|[from] item: Leftovers
|
|switch|p1a: Azumarill|Azumarill, F|358\/358
|turn|11
|
|move|p2a: Landorus-Therian|Earthquake|p1a: Azumarill
|-damage|p1a: Azumarill|184\/358
|move|p1a: Azumarill|Belly Drum|p1a: Azumarill
|-damage|p1a: Azumarill|5\/358
|-setboost|p1a: Azumarill|atk|6|[from] move: Belly Drum
|-enditem|p1a: Azumarill|Sitrus Berry|[eat]
|-heal|p1a: Azumarill|94\/358|[from] item: Sitrus Berry
|
|-heal|p2a: Landorus-Therian|85\/382|[from] item: Leftovers
|turn|12
|
|move|p1a: Azumarill|Aqua Jet|p2a: Landorus-Therian
|-supereffective|p2a: Landorus-Therian
|-damage|p2a: Landorus-Therian|0 fnt
|faint|p2a: Landorus-Therian
|
|
|switch|p2a: Mandibuzz|Mandibuzz, F|314\/423
|turn|13
|
|move|p1a: Azumarill|Aqua Jet|p2a: Mandibuzz
|-damage|p2a: Mandibuzz|65\/423
|-damage|p1a: Azumarill|35\/358|[from] item: Rocky Helmet|[of] p2a: Mandibuzz
|move|p2a: Mandibuzz|Foul Play|p1a: Azumarill
|-resisted|p1a: Azumarill
|-damage|p1a: Azumarill|0 fnt
|faint|p1a: Azumarill
|
|
|switch|p1a: Lopunny|Lopunny, M|271\/271
|turn|14
|
|detailschange|p1a: Lopunny|Lopunny-Mega, M
|-mega|p1a: Lopunny|Lopunny|Lopunnite
|move|p1a: Lopunny|Power-Up Punch|p2a: Mandibuzz
|-damage|p2a: Mandibuzz|16\/423
|-damage|p1a: Lopunny|226\/271|[from] item: Rocky Helmet|[of] p2a: Mandibuzz
|-boost|p1a: Lopunny|atk|1
|move|p2a: Mandibuzz|Foul Play|p1a: Lopunny
|-resisted|p1a: Lopunny
|-damage|p1a: Lopunny|92\/271
|
|turn|15
|
|move|p1a: Lopunny|Power-Up Punch|p2a: Mandibuzz
|-damage|p2a: Mandibuzz|0 fnt
|-damage|p1a: Lopunny|47\/271|[from] item: Rocky Helmet|[of] p2a: Mandibuzz
|-boost|p1a: Lopunny|atk|1
|faint|p2a: Mandibuzz
|
|
|switch|p2a: Amoonguss|Amoonguss, M|389\/432
|turn|16
|
|move|p1a: Lopunny|Return|p2a: Amoonguss
|-damage|p2a: Amoonguss|77\/432
|move|p2a: Amoonguss|Giga Drain|p1a: Lopunny
|-damage|p1a: Lopunny|0 fnt
|-heal|p2a: Amoonguss|101\/432|[from] drain|[of] p1a: Lopunny
|faint|p1a: Lopunny
|
|-heal|p2a: Amoonguss|128\/432|[from] item: Black Sludge
|
|switch|p1a: Bisharp|Bisharp, F|272\/272
|turn|17
|
|switch|p2a: Keldeo|Keldeo|323\/323
|move|p1a: Bisharp|Knock Off|p2a: Keldeo
|-resisted|p2a: Keldeo
|-damage|p2a: Keldeo|226\/323
|-boost|p2a: Keldeo|atk|1|[from] ability: Justified
|-enditem|p2a: Keldeo|Leftovers|[from] move: Knock Off|[of] p1a: Bisharp
|
|turn|18
|
|move|p2a: Keldeo|Secret Sword|p1a: Bisharp
|-crit|p1a: Bisharp
|-supereffective|p1a: Bisharp
|-damage|p1a: Bisharp|0 fnt
|faint|p1a: Bisharp
|
|
|switch|p1a: Breloom|Breloom, M|261\/261
|turn|19
|
|move|p2a: Keldeo|Secret Sword|p1a: Breloom
|-damage|p1a: Breloom|86\/261
|move|p1a: Breloom|Spore|p2a: Keldeo
|-status|p2a: Keldeo|slp
|
|turn|20
|
|switch|p2a: Amoonguss|Amoonguss, M|272\/432
|move|p1a: Breloom|Rock Tomb|p2a: Amoonguss
|-damage|p2a: Amoonguss|174\/432
|-unboost|p2a: Amoonguss|spe|1
|
|-heal|p2a: Amoonguss|201\/432|[from] item: Black Sludge
|turn|21
|-message|Zedseayou forfeited.
|
|win|lil manaphy
|raw|Ladder updating...
|leave|Zedseayou
|player|p1
|raw|Zedseayou's rating: 1669 &rarr; <strong>1652<\/strong><br \/>(-17 for losing)
|raw|lil manaphy's rating: 1727 &rarr; <strong>1744<\/strong><br \/>(+17 for winning)