|join|lil manaphy
|join|Albyness
|player|p1|lil manaphy|170
|player|p2|Albyness|265
|gametype|singles
|gen|6
|tier|OU
|rated
|clearpoke
|poke|p1|Lopunny, F
|poke|p1|Rotom-Wash
|poke|p1|Gothitelle, F
|poke|p1|Celebi
|poke|p1|Heatran, M
|poke|p1|Mandibuzz, F
|poke|p2|Gardevoir, F, shiny
|poke|p2|Scizor, M
|poke|p2|Bisharp, F
|poke|p2|Latias, F
|poke|p2|Terrakion
|poke|p2|Celebi
|rule|Swagger Clause: Swagger is banned
|rule|Baton Pass Clause: Limit one PokÃ©mon knowing Baton Pass
|rule|Sleep Clause Mod: Limit one foe put to sleep
|rule|Species Clause: Limit one of each PokÃ©mon
|rule|OHKO Clause: OHKO moves are banned
|rule|Moody Clause: Moody is banned
|rule|Evasion Moves Clause: Evasion moves are banned
|rule|Endless Battle Clause: Forcing endless battles is banned
|rule|HP Percentage Mod: HP is shown in percentages
|teampreview
|
|start
|switch|p1a: Lopunny|Lopunny, F|271\/271
|switch|p2a: Gardevoir|Gardevoir, F, shiny|314\/314
|-ability|p2a: Gardevoir|Limber|[from] ability: Trace|[of] p1a: Lopunny
|turn|1
|
|switch|p2a: Celebi|Celebi|404\/404
|detailschange|p1a: Lopunny|Lopunny-Mega, F
|-mega|p1a: Lopunny|Lopunny|Lopunnite
|move|p1a: Lopunny|Fake Out|p2a: Celebi
|-damage|p2a: Celebi|347\/404
|
|-heal|p2a: Celebi|372\/404|[from] item: Leftovers
|turn|2
|
|switch|p1a: Heatran|Heatran, M|384\/384
|move|p2a: Celebi|Baton Pass|p2a: Celebi
|
|switch|p2a: Terrakion|Terrakion|323\/323
|
|turn|3
|
|switch|p1a: Gothitelle|Gothitelle, F|301\/301
|move|p2a: Terrakion|Stone Edge|p1a: Gothitelle
|-crit|p1a: Gothitelle
|-damage|p1a: Gothitelle|33\/301
|
|turn|4
|
|move|p2a: Terrakion|Stone Edge|p1a: Gothitelle
|-damage|p1a: Gothitelle|0 fnt
|faint|p1a: Gothitelle
|
|
|switch|p1a: Heatran|Heatran, M|384\/384
|turn|5
|
|switch|p2a: Latias|Latias, F|301\/301
|move|p1a: Heatran|Stealth Rock|p2a: Latias
|-sidestart|p2: Albyness|move: Stealth Rock
|
|turn|6
|join|kikkjhgkih
|
|move|p2a: Latias|Defog|p1a: Heatran
|-unboost|p1a: Heatran|evasion|1
|-sideend|p2: Albyness|Stealth Rock|[from] move: Defog|[of] p2a: Latias
|move|p1a: Heatran|Toxic|p2a: Latias
|-status|p2a: Latias|tox
|
|-damage|p2a: Latias|283\/301 tox|[from] psn
|turn|7
|
|switch|p2a: Gardevoir|Gardevoir, F, shiny|314\/314
|-ability|p2a: Gardevoir|Flash Fire|[from] ability: Trace|[of] p1a: Heatran
|move|p1a: Heatran|Stealth Rock|p2a: Gardevoir
|-sidestart|p2: Albyness|move: Stealth Rock
|
|turn|8
|
|move|p1a: Heatran|Toxic|p2a: Gardevoir
|-status|p2a: Gardevoir|tox
|move|p2a: Gardevoir|Taunt|p1a: Heatran
|-start|p1a: Heatran|move: Taunt
|
|-damage|p2a: Gardevoir|295\/314 tox|[from] psn
|turn|9
|
|switch|p1a: Celebi|Celebi|404\/404
|detailschange|p2a: Gardevoir|Gardevoir-Mega, F, shiny
|-mega|p2a: Gardevoir|Gardevoir|Gardevoirite
|move|p2a: Gardevoir|Hidden Power|p1a: Celebi
|-resisted|p1a: Celebi
|-damage|p1a: Celebi|371\/404
|
|-heal|p1a: Celebi|396\/404|[from] item: Leftovers
|-damage|p2a: Gardevoir|257\/314 tox|[from] psn
|turn|10
|
|switch|p2a: Latias|Latias, F|283\/301 tox
|-damage|p2a: Latias|246\/301 tox|[from] Stealth Rock
|move|p1a: Celebi|Baton Pass|p1a: Celebi
|
|switch|p1a: Lopunny|Lopunny-Mega, F|271\/271
|
|-damage|p2a: Latias|228\/301 tox|[from] psn
|turn|11
|
|switch|p2a: Terrakion|Terrakion|323\/323
|-damage|p2a: Terrakion|303\/323|[from] Stealth Rock
|move|p1a: Lopunny|Fake Out|p2a: Terrakion
|-resisted|p2a: Terrakion
|-damage|p2a: Terrakion|262\/323
|
|turn|12
|
|switch|p1a: Celebi|Celebi|396\/404
|move|p2a: Terrakion|Stone Edge|p1a: Celebi
|-damage|p1a: Celebi|221\/404
|
|-heal|p1a: Celebi|246\/404|[from] item: Leftovers
|turn|13
|
|switch|p2a: Latias|Latias, F|228\/301 tox
|-damage|p2a: Latias|191\/301 tox|[from] Stealth Rock
|move|p1a: Celebi|Recover|p1a: Celebi
|-heal|p1a: Celebi|404\/404
|
|-damage|p2a: Latias|173\/301 tox|[from] psn
|turn|14
|
|switch|p1a: Heatran|Heatran, M|384\/384
|move|p2a: Latias|Defog|p1a: Heatran
|-unboost|p1a: Heatran|evasion|1
|-sideend|p2: Albyness|Stealth Rock|[from] move: Defog|[of] p2a: Latias
|
|-damage|p2a: Latias|137\/301 tox|[from] psn
|turn|15
|
|move|p2a: Latias|Healing Wish|p2a: Latias
|faint|p2a: Latias
|move|p1a: Heatran|Stealth Rock|p2: Latias
|-sidestart|p2: Albyness|move: Stealth Rock
|
|
|switch|p2a: Gardevoir|Gardevoir-Mega, F, shiny|257\/314 tox
|-heal|p2a: Gardevoir|314\/314|[from] move: Healing Wish
|-damage|p2a: Gardevoir|275\/314|[from] Stealth Rock
|turn|16
|
|switch|p1a: Celebi|Celebi|404\/404
|move|p2a: Gardevoir|Hidden Power|p1a: Celebi
|-resisted|p1a: Celebi
|-damage|p1a: Celebi|369\/404
|
|-heal|p1a: Celebi|394\/404|[from] item: Leftovers
|turn|17
|c| kikkjhgkih|P
|
|move|p2a: Gardevoir|Taunt|p1a: Celebi
|-start|p1a: Celebi|move: Taunt
|move|p1a: Celebi|Giga Drain|p2a: Gardevoir
|-damage|p2a: Gardevoir|205\/314
|-heal|p1a: Celebi|404\/404|[from] drain|[of] p2a: Gardevoir
|
|turn|18
|
|switch|p2a: Bisharp|Bisharp, F|271\/271
|-damage|p2a: Bisharp|255\/271|[from] Stealth Rock
|switch|p1a: Heatran|Heatran, M|384\/384
|
|turn|19
|
|switch|p2a: Terrakion|Terrakion|262\/323
|-damage|p2a: Terrakion|242\/323|[from] Stealth Rock
|move|p1a: Heatran|Lava Plume|p2a: Terrakion
|-resisted|p2a: Terrakion
|-damage|p2a: Terrakion|176\/323
|
|turn|20
|
|switch|p1a: Rotom-Wash|Rotom-Wash|303\/303
|move|p2a: Terrakion|Stone Edge|p1a: Rotom-Wash
|-damage|p1a: Rotom-Wash|170\/303
|
|-heal|p1a: Rotom-Wash|188\/303|[from] item: Leftovers
|turn|21
|
|move|p2a: Terrakion|Stone Edge|p1a: Rotom-Wash
|-damage|p1a: Rotom-Wash|64\/303
|move|p1a: Rotom-Wash|Volt Switch|p2a: Terrakion
|-damage|p2a: Terrakion|79\/323
|
|switch|p1a: Lopunny|Lopunny-Mega, F|271\/271
|
|turn|22
|
|switch|p2a: Celebi|Celebi|372\/404
|-damage|p2a: Celebi|322\/404|[from] Stealth Rock
|move|p1a: Lopunny|Return|p2a: Celebi
|-damage|p2a: Celebi|172\/404
|
|-heal|p2a: Celebi|197\/404|[from] item: Leftovers
|turn|23
|
|switch|p1a: Heatran|Heatran, M|384\/384
|move|p2a: Celebi|Giga Drain|p1a: Heatran
|-resisted|p1a: Heatran
|-damage|p1a: Heatran|362\/384
|-heal|p2a: Celebi|208\/404|[from] drain|[of] p1a: Heatran
|
|-heal|p1a: Heatran|384\/384|[from] item: Leftovers
|-heal|p2a: Celebi|233\/404|[from] item: Leftovers
|turn|24
|
|move|p1a: Heatran|Taunt|p2a: Celebi
|-start|p2a: Celebi|move: Taunt
|cant|p2a: Celebi|move: Taunt|Substitute
|
|-heal|p2a: Celebi|258\/404|[from] item: Leftovers
|turn|25
|
|switch|p2a: Terrakion|Terrakion|79\/323
|-damage|p2a: Terrakion|59\/323|[from] Stealth Rock
|move|p1a: Heatran|Lava Plume|p2a: Terrakion
|-resisted|p2a: Terrakion
|-damage|p2a: Terrakion|0 fnt
|faint|p2a: Terrakion
|
|
|switch|p2a: Gardevoir|Gardevoir-Mega, F, shiny|205\/314
|-damage|p2a: Gardevoir|166\/314|[from] Stealth Rock
|turn|26
|
|switch|p1a: Rotom-Wash|Rotom-Wash|64\/303
|move|p2a: Gardevoir|Hidden Power|p1a: Rotom-Wash
|-immune|p1a: Rotom-Wash|[msg]
|
|-heal|p1a: Rotom-Wash|82\/303|[from] item: Leftovers
|turn|27
|
|switch|p1a: Heatran|Heatran, M|384\/384
|move|p2a: Gardevoir|Hyper Voice|p1a: Heatran
|-resisted|p1a: Heatran
|-damage|p1a: Heatran|323\/384
|
|-heal|p1a: Heatran|347\/384|[from] item: Leftovers
|turn|28
|
|switch|p1a: Rotom-Wash|Rotom-Wash|82\/303
|move|p2a: Gardevoir|Hyper Voice|p1a: Rotom-Wash
|-damage|p1a: Rotom-Wash|0 fnt
|faint|p1a: Rotom-Wash
|
|
|switch|p1a: Lopunny|Lopunny-Mega, F|271\/271
|turn|29
|
|switch|p2a: Scizor|Scizor, M|318\/318
|-damage|p2a: Scizor|279\/318|[from] Stealth Rock
|move|p1a: Lopunny|Return|p2a: Scizor
|-resisted|p2a: Scizor
|-damage|p2a: Scizor|177\/318
|
|turn|30
|leave|kikkjhgkih
|
|switch|p1a: Mandibuzz|Mandibuzz, F|423\/423
|switch|p2a: Bisharp|Bisharp, F|255\/271
|-damage|p2a: Bisharp|239\/271|[from] Stealth Rock
|
|turn|31
|
|move|p2a: Bisharp|Stealth Rock|p1a: Mandibuzz
|-sidestart|p1: lil manaphy|move: Stealth Rock
|move|p1a: Mandibuzz|Foul Play|p2a: Bisharp
|-resisted|p2a: Bisharp
|-damage|p2a: Bisharp|144\/271
|
|turn|32
|
|move|p2a: Bisharp|Iron Head|p1a: Mandibuzz
|-damage|p1a: Mandibuzz|312\/423
|-damage|p2a: Bisharp|99\/271|[from] item: Rocky Helmet|[of] p1a: Mandibuzz
|cant|p1a: Mandibuzz|flinch
|
|turn|33
|
|move|p2a: Bisharp|Knock Off|p1a: Mandibuzz
|-resisted|p1a: Mandibuzz
|-damage|p1a: Mandibuzz|247\/423
|-damage|p2a: Bisharp|54\/271|[from] item: Rocky Helmet|[of] p1a: Mandibuzz
|-enditem|p1a: Mandibuzz|Rocky Helmet|[from] move: Knock Off|[of] p2a: Bisharp
|move|p1a: Mandibuzz|Roost|p1a: Mandibuzz
|-heal|p1a: Mandibuzz|423\/423
|
|turn|34
|
|move|p2a: Bisharp|Iron Head|p1a: Mandibuzz
|-damage|p1a: Mandibuzz|317\/423
|move|p1a: Mandibuzz|Foul Play|p2a: Bisharp
|-resisted|p2a: Bisharp
|-damage|p2a: Bisharp|0 fnt
|faint|p2a: Bisharp
|
|
|switch|p2a: Gardevoir|Gardevoir-Mega, F, shiny|166\/314
|-damage|p2a: Gardevoir|127\/314|[from] Stealth Rock
|turn|35
|
|move|p2a: Gardevoir|Hyper Voice|p1a: Mandibuzz
|-supereffective|p1a: Mandibuzz
|-damage|p1a: Mandibuzz|0 fnt
|faint|p1a: Mandibuzz
|
|
|switch|p1a: Lopunny|Lopunny-Mega, F|271\/271
|-damage|p1a: Lopunny|255\/271|[from] Stealth Rock
|turn|36
|
|switch|p2a: Scizor|Scizor, M|177\/318
|-damage|p2a: Scizor|138\/318|[from] Stealth Rock
|move|p1a: Lopunny|Return|p2a: Scizor
|-resisted|p2a: Scizor
|-damage|p2a: Scizor|48\/318
|
|turn|37
|
|move|p2a: Scizor|Bullet Punch|p1a: Lopunny
|-damage|p1a: Lopunny|119\/271
|move|p1a: Lopunny|Drain Punch|p2a: Scizor
|-damage|p2a: Scizor|0 fnt
|-heal|p1a: Lopunny|143\/271|[from] drain|[of] p2a: Scizor
|faint|p2a: Scizor
|
|
|switch|p2a: Celebi|Celebi|258\/404
|-damage|p2a: Celebi|208\/404|[from] Stealth Rock
|turn|38
|
|switch|p1a: Heatran|Heatran, M|347\/384
|-damage|p1a: Heatran|299\/384|[from] Stealth Rock
|move|p2a: Celebi|Substitute|p2a: Celebi
|-start|p2a: Celebi|Substitute
|-damage|p2a: Celebi|107\/404
|
|-heal|p1a: Heatran|323\/384|[from] item: Leftovers
|-heal|p2a: Celebi|132\/404|[from] item: Leftovers
|turn|39
|c|âAlbyness|Gg
|c|âlil manaphy|gg
|-message|Albyness forfeited.
|
|win|lil manaphy
|raw|Ladder updating...
|leave|Albyness
|player|p2
|raw|lil manaphy's rating: 1861 &rarr; <strong>1869<\/strong><br \/>(+8 for winning)
|raw|Albyness's rating: 1629 &rarr; <strong>1621<\/strong><br \/>(-8 for losing)