|join|MoB Barley
|join|lil manaphy
|player|p1|MoB Barley|161
|player|p2|lil manaphy|9
|gametype|singles
|gen|6
|tier|OU
|rated
|clearpoke
|poke|p1|Metagross, shiny
|poke|p1|Landorus, M, shiny
|poke|p1|Garchomp, M, shiny
|poke|p1|Azumarill, M
|poke|p1|Latias, F
|poke|p1|Keldeo-Resolute, shiny
|poke|p2|Gardevoir, M
|poke|p2|Keldeo
|poke|p2|Amoonguss, F
|poke|p2|Chansey, F
|poke|p2|Mandibuzz, F
|poke|p2|Landorus-Therian, M
|rule|Swagger Clause: Swagger is banned
|rule|Baton Pass Clause: Limit one PokÃ©mon knowing Baton Pass
|rule|Sleep Clause Mod: Limit one foe put to sleep
|rule|Species Clause: Limit one of each PokÃ©mon
|rule|OHKO Clause: OHKO moves are banned
|rule|Moody Clause: Moody is banned
|rule|Evasion Moves Clause: Evasion moves are banned
|rule|Endless Battle Clause: Forcing endless battles is banned
|rule|HP Percentage Mod: HP is shown in percentages
|teampreview
|join|Void
|c|âMoB Barley|hey baeeee
|
|start
|switch|p1a: Landorus|Landorus, M, shiny|319\/319
|switch|p2a: Keldeo|Keldeo|323\/323
|turn|1
|
|switch|p1a: Latias|Latias, F|301\/301
|move|p2a: Keldeo|Scald|p1a: Latias
|-resisted|p1a: Latias
|-damage|p1a: Latias|247\/301
|
|turn|2
|join|Tom Bus
|
|switch|p1a: Metagross|Metagross, shiny|301\/301
|switch|p2a: Gardevoir|Gardevoir, M|277\/277
|-ability|p2a: Gardevoir|Clear Body|[from] ability: Trace|[of] p1a: Metagross
|
|turn|3
|join|iplaytennislol
|
|switch|p2a: Mandibuzz|Mandibuzz, F|423\/423
|detailschange|p1a: Metagross|Metagross-Mega, shiny
|-mega|p1a: Metagross|Metagross|Metagrossite
|move|p1a: Metagross|Meteor Mash|p2a: Mandibuzz
|-damage|p2a: Mandibuzz|254\/423
|-damage|p1a: Metagross|251\/301|[from] item: Rocky Helmet|[of] p2a: Mandibuzz
|
|turn|4
|join|Don't Get Swept
|
|switch|p1a: Landorus|Landorus, M, shiny|319\/319
|move|p2a: Mandibuzz|Roost|p2a: Mandibuzz
|-heal|p2a: Mandibuzz|423\/423
|
|turn|5
|
|switch|p2a: Keldeo|Keldeo|323\/323
|move|p1a: Landorus|Knock Off|p2a: Keldeo
|-resisted|p2a: Keldeo
|-damage|p2a: Keldeo|257\/323
|-boost|p2a: Keldeo|atk|1|[from] ability: Justified
|-enditem|p2a: Keldeo|Leftovers|[from] move: Knock Off|[of] p1a: Landorus
|-damage|p1a: Landorus|288\/319|[from] item: Life Orb
|
|turn|6
|
|switch|p1a: Keldeo-Resolute|Keldeo-Resolute, shiny|323\/323
|move|p2a: Keldeo|Scald|p1a: Keldeo-Resolute
|-resisted|p1a: Keldeo-Resolute
|-damage|p1a: Keldeo-Resolute|248\/323
|-status|p1a: Keldeo-Resolute|brn
|
|-damage|p1a: Keldeo-Resolute|208\/323 brn|[from] brn
|turn|7
|
|switch|p1a: Metagross|Metagross-Mega, shiny|251\/301
|move|p2a: Keldeo|Secret Sword|p1a: Metagross
|-damage|p1a: Metagross|152\/301
|
|turn|8
|
|switch|p1a: Landorus|Landorus, M, shiny|288\/319
|switch|p2a: Landorus-Therian|Landorus-Therian, M|382\/382
|-ability|p2a: Landorus-Therian|Intimidate|[of] p1a: Landorus
|-unboost|p1a: Landorus|atk|1
|
|turn|9
|join|Prankster
|
|move|p1a: Landorus|Stealth Rock|p2a: Landorus-Therian
|-sidestart|p2: lil manaphy|move: Stealth Rock
|move|p2a: Landorus-Therian|U-turn|p1a: Landorus
|-resisted|p1a: Landorus
|-damage|p1a: Landorus|248\/319
|
|switch|p2a: Keldeo|Keldeo|257\/323
|-damage|p2a: Keldeo|237\/323|[from] Stealth Rock
|
|turn|10
|
|switch|p1a: Latias|Latias, F|247\/301
|move|p2a: Keldeo|Scald|p1a: Latias
|-resisted|p1a: Latias
|-damage|p1a: Latias|188\/301
|
|turn|11
|
|switch|p2a: Chansey|Chansey, F|703\/703
|-damage|p2a: Chansey|616\/703|[from] Stealth Rock
|move|p1a: Latias|Psyshock|p2a: Chansey
|-damage|p2a: Chansey|416\/703
|-damage|p1a: Latias|158\/301|[from] item: Life Orb
|
|turn|12
|
|switch|p1a: Azumarill|Azumarill, M|360\/360
|move|p2a: Chansey|Soft-Boiled|p2a: Chansey
|-heal|p2a: Chansey|703\/703
|
|turn|13
|
|switch|p1a: Metagross|Metagross-Mega, shiny|152\/301
|move|p2a: Chansey|Thunder Wave|p1a: Metagross
|-status|p1a: Metagross|par
|
|turn|14
|
|switch|p1a: Landorus|Landorus, M, shiny|248\/319
|move|p2a: Chansey|Seismic Toss|p1a: Landorus
|-damage|p1a: Landorus|148\/319
|
|turn|15
|
|move|p1a: Landorus|Knock Off|p2a: Chansey
|-damage|p2a: Chansey|544\/703
|-enditem|p2a: Chansey|Eviolite|[from] move: Knock Off|[of] p1a: Landorus
|-damage|p1a: Landorus|117\/319|[from] item: Life Orb
|move|p2a: Chansey|Seismic Toss|p1a: Landorus
|-damage|p1a: Landorus|17\/319
|
|turn|16
|
|move|p1a: Landorus|Focus Blast|p2a: Chansey|[miss]
|-miss|p1a: Landorus|p2a: Chansey
|move|p2a: Chansey|Seismic Toss|p1a: Landorus
|-damage|p1a: Landorus|0 fnt
|faint|p1a: Landorus
|
|
|switch|p1a: Keldeo-Resolute|Keldeo-Resolute, shiny|208\/323 brn
|turn|17
|
|switch|p1a: Latias|Latias, F|158\/301
|switch|p2a: Gardevoir|Gardevoir, M|277\/277
|-damage|p2a: Gardevoir|243\/277|[from] Stealth Rock
|-ability|p2a: Gardevoir|Levitate|[from] ability: Trace|[of] p1a: Latias
|
|turn|18
|
|detailschange|p2a: Gardevoir|Gardevoir-Mega, M
|-mega|p2a: Gardevoir|Gardevoir|Gardevoirite
|move|p1a: Latias|Healing Wish|p1a: Latias
|faint|p1a: Latias
|move|p2a: Gardevoir|Hyper Voice|p1: Latias|[notarget]
|-notarget
|
|
|switch|p1a: Metagross|Metagross-Mega, shiny|152\/301 par
|-heal|p1a: Metagross|301\/301|[from] move: Healing Wish
|turn|19
|
|switch|p2a: Landorus-Therian|Landorus-Therian, M|382\/382
|-damage|p2a: Landorus-Therian|335\/382|[from] Stealth Rock
|-ability|p2a: Landorus-Therian|Intimidate|[of] p1a: Metagross
|-unboost|p1a: Metagross|atk|1
|move|p1a: Metagross|Meteor Mash|p2a: Landorus-Therian
|-damage|p2a: Landorus-Therian|206\/382
|
|-heal|p2a: Landorus-Therian|229\/382|[from] item: Leftovers
|turn|20
|
|switch|p1a: Keldeo-Resolute|Keldeo-Resolute, shiny|208\/323 brn
|move|p2a: Landorus-Therian|Earthquake|p1a: Keldeo-Resolute
|-damage|p1a: Keldeo-Resolute|43\/323 brn
|
|-heal|p2a: Landorus-Therian|252\/382|[from] item: Leftovers
|-damage|p1a: Keldeo-Resolute|3\/323 brn|[from] brn
|turn|21
|
|switch|p2a: Amoonguss|Amoonguss, F|432\/432
|-damage|p2a: Amoonguss|378\/432|[from] Stealth Rock
|move|p1a: Keldeo-Resolute|Scald|p2a: Amoonguss
|-resisted|p2a: Amoonguss
|-damage|p2a: Amoonguss|247\/432
|
|-heal|p2a: Amoonguss|274\/432|[from] item: Black Sludge
|-damage|p1a: Keldeo-Resolute|0 fnt|[from] brn
|faint|p1a: Keldeo-Resolute
|
|switch|p1a: Metagross|Metagross-Mega, shiny|301\/301
|turn|22
|
|switch|p2a: Landorus-Therian|Landorus-Therian, M|252\/382
|-damage|p2a: Landorus-Therian|205\/382|[from] Stealth Rock
|-ability|p2a: Landorus-Therian|Intimidate|[of] p1a: Metagross
|-unboost|p1a: Metagross|atk|1
|move|p1a: Metagross|Meteor Mash|p2a: Landorus-Therian
|-damage|p2a: Landorus-Therian|93\/382
|
|-heal|p2a: Landorus-Therian|116\/382|[from] item: Leftovers
|turn|23
|
|move|p1a: Metagross|Meteor Mash|p2a: Landorus-Therian
|-damage|p2a: Landorus-Therian|0 fnt
|faint|p2a: Landorus-Therian
|
|
|switch|p2a: Mandibuzz|Mandibuzz, F|423\/423
|-damage|p2a: Mandibuzz|318\/423|[from] Stealth Rock
|turn|24
|
|switch|p1a: Azumarill|Azumarill, M|360\/360
|move|p2a: Mandibuzz|Defog|p1a: Azumarill
|-unboost|p1a: Azumarill|evasion|1
|-sideend|p2: lil manaphy|Stealth Rock|[from] move: Defog|[of] p2a: Mandibuzz
|
|turn|25
|
|move|p2a: Mandibuzz|Taunt|p1a: Azumarill
|-start|p1a: Azumarill|move: Taunt
|move|p1a: Azumarill|Play Rough|p2a: Mandibuzz
|-supereffective|p2a: Mandibuzz
|-damage|p2a: Mandibuzz|24\/423
|-damage|p1a: Azumarill|300\/360|[from] item: Rocky Helmet|[of] p2a: Mandibuzz
|
|turn|26
|
|switch|p2a: Amoonguss|Amoonguss, F|418\/432
|move|p1a: Azumarill|Aqua Jet|p2a: Amoonguss
|-crit|p2a: Amoonguss
|-resisted|p2a: Amoonguss
|-damage|p2a: Amoonguss|359\/432
|
|-heal|p2a: Amoonguss|386\/432|[from] item: Black Sludge
|turn|27
|
|switch|p1a: Garchomp|Garchomp, M, shiny|358\/358
|move|p2a: Amoonguss|Giga Drain|p1a: Garchomp
|-damage|p1a: Garchomp|276\/358
|-heal|p2a: Amoonguss|427\/432|[from] drain|[of] p1a: Garchomp
|
|-heal|p2a: Amoonguss|432\/432|[from] item: Black Sludge
|turn|28
|
|move|p1a: Garchomp|Outrage|p2a: Amoonguss
|-damage|p2a: Amoonguss|237\/432
|move|p2a: Amoonguss|Giga Drain|p1a: Garchomp
|-damage|p1a: Garchomp|189\/358
|-heal|p2a: Amoonguss|281\/432|[from] drain|[of] p1a: Garchomp
|
|-heal|p2a: Amoonguss|308\/432|[from] item: Black Sludge
|turn|29
|
|switch|p2a: Gardevoir|Gardevoir-Mega, M|243\/277
|move|p1a: Garchomp|Outrage|p2a: Gardevoir
|-immune|p2a: Gardevoir|[msg]
|
|turn|30
|
|move|p1a: Garchomp|Outrage|p2a: Gardevoir
|-immune|p2a: Gardevoir|[msg]
|move|p2a: Gardevoir|Hyper Voice|p1a: Garchomp
|-crit|p1a: Garchomp
|-supereffective|p1a: Garchomp
|-damage|p1a: Garchomp|0 fnt
|faint|p1a: Garchomp
|
|
|switch|p1a: Metagross|Metagross-Mega, shiny|301\/301
|turn|31
|
|switch|p2a: Mandibuzz|Mandibuzz, F|24\/423
|move|p1a: Metagross|Meteor Mash|p2a: Mandibuzz|[miss]
|-miss|p1a: Metagross|p2a: Mandibuzz
|
|turn|32
|
|move|p1a: Metagross|Meteor Mash|p2a: Mandibuzz
|-damage|p2a: Mandibuzz|0 fnt
|-damage|p1a: Metagross|251\/301|[from] item: Rocky Helmet|[of] p2a: Mandibuzz
|-boost|p1a: Metagross|atk|1
|faint|p2a: Mandibuzz
|
|
|switch|p2a: Amoonguss|Amoonguss, F|432\/432
|turn|33
|
|move|p1a: Metagross|Zen Headbutt|p2a: Amoonguss
|-supereffective|p2a: Amoonguss
|-damage|p2a: Amoonguss|0 fnt
|faint|p2a: Amoonguss
|
|
|switch|p2a: Chansey|Chansey, F|544\/703
|turn|34
|
|move|p1a: Metagross|Meteor Mash|p2a: Chansey
|-damage|p2a: Chansey|0 fnt
|faint|p2a: Chansey
|
|
|switch|p2a: Keldeo|Keldeo|237\/323
|turn|35
|
|move|p1a: Metagross|Zen Headbutt|p2a: Keldeo
|-supereffective|p2a: Keldeo
|-damage|p2a: Keldeo|0 fnt
|faint|p2a: Keldeo
|
|-message|lil manaphy forfeited.
|
|win|MoB Barley
|raw|Ladder updating...
|leave|lil manaphy
|player|p2
|raw|MoB Barley's rating: 1774 &rarr; <strong>1793<\/strong><br \/>(+19 for winning)
|raw|lil manaphy's rating: 1744 &rarr; <strong>1726<\/strong><br \/>(-18 for losing)