|join|lil manaphy
|join|John Krasinski
|player|p1|lil manaphy|9
|player|p2|John Krasinski|221
|gametype|singles
|gen|6
|tier|OU
|rated
|clearpoke
|poke|p1|Gardevoir, M
|poke|p1|Keldeo
|poke|p1|Amoonguss, M
|poke|p1|Chansey, F
|poke|p1|Mandibuzz, F
|poke|p1|Landorus-Therian, M
|poke|p2|Raikou
|poke|p2|Tentacruel, F
|poke|p2|Tyranitar, F
|poke|p2|Charizard, M
|poke|p2|Latios, M
|poke|p2|Hippowdon, M
|rule|Swagger Clause: Swagger is banned
|rule|Baton Pass Clause: Limit one PokÃ©mon knowing Baton Pass
|rule|Sleep Clause Mod: Limit one foe put to sleep
|rule|Species Clause: Limit one of each PokÃ©mon
|rule|OHKO Clause: OHKO moves are banned
|rule|Moody Clause: Moody is banned
|rule|Evasion Moves Clause: Evasion moves are banned
|rule|Endless Battle Clause: Forcing endless battles is banned
|rule|HP Percentage Mod: HP is shown in percentages
|teampreview
|c|âJohn Krasinski|oh
|c|âJohn Krasinski|hello
|
|start
|switch|p1a: Keldeo|Keldeo|323\/323
|switch|p2a: Charizard|Charizard, M|297\/297
|turn|1
|
|detailschange|p2a: Charizard|Charizard-Mega-Y, M
|-mega|p2a: Charizard|Charizard|Charizardite Y
|-weather|SunnyDay
|move|p1a: Keldeo|Substitute|p1a: Keldeo
|-start|p1a: Keldeo|Substitute
|-damage|p1a: Keldeo|243\/323
|move|p2a: Charizard|Solar Beam|p1a: Keldeo|[still]
|-prepare|p2a: Charizard|Solar Beam|p1a: Keldeo
|-anim|p2a: Charizard|Solar Beam|p1a: Keldeo
|-supereffective|p1a: Keldeo
|-end|p1a: Keldeo|Substitute
|
|-weather|SunnyDay|[upkeep]
|-heal|p1a: Keldeo|263\/323|[from] item: Leftovers
|turn|2
|
|switch|p1a: Chansey|Chansey, F|703\/703
|move|p2a: Charizard|Flamethrower|p1a: Chansey
|-damage|p1a: Chansey|522\/703
|
|-weather|SunnyDay|[upkeep]
|turn|3
|
|switch|p2a: Tentacruel|Tentacruel, F|364\/364
|switch|p1a: Keldeo|Keldeo|263\/323
|
|-weather|SunnyDay|[upkeep]
|-heal|p1a: Keldeo|283\/323|[from] item: Leftovers
|turn|4
|
|move|p1a: Keldeo|Substitute|p1a: Keldeo
|-start|p1a: Keldeo|Substitute
|-damage|p1a: Keldeo|203\/323
|move|p2a: Tentacruel|Toxic Spikes|p1a: Keldeo
|-sidestart|p1: lil manaphy|move: Toxic Spikes
|
|-weather|SunnyDay|[upkeep]
|-heal|p1a: Keldeo|223\/323|[from] item: Leftovers
|turn|5
|
|switch|p2a: Latios|Latios, M|301\/301
|move|p1a: Keldeo|Calm Mind|p1a: Keldeo
|-boost|p1a: Keldeo|spa|1
|-boost|p1a: Keldeo|spd|1
|
|-weather|none
|-heal|p1a: Keldeo|243\/323|[from] item: Leftovers
|turn|6
|
|move|p2a: Latios|Psyshock|p1a: Keldeo
|-supereffective|p1a: Keldeo
|-end|p1a: Keldeo|Substitute
|-damage|p2a: Latios|271\/301|[from] item: Life Orb
|move|p1a: Keldeo|Secret Sword|p2a: Latios
|-resisted|p2a: Latios
|-damage|p2a: Latios|132\/301
|
|-heal|p1a: Keldeo|263\/323|[from] item: Leftovers
|turn|7
|
|switch|p1a: Chansey|Chansey, F|522\/703
|-status|p1a: Chansey|psn
|move|p2a: Latios|Roost|p2a: Latios
|-heal|p2a: Latios|283\/301
|
|-damage|p1a: Chansey|435\/703 psn|[from] psn
|turn|8
|
|switch|p2a: Tyranitar|Tyranitar, F|341\/341
|-weather|Sandstorm
|move|p1a: Chansey|Soft-Boiled|p1a: Chansey
|-heal|p1a: Chansey|703\/703 psn
|
|-weather|Sandstorm|[upkeep]
|-damage|p1a: Chansey|660\/703 psn|[from] sandstorm
|-damage|p1a: Chansey|573\/703 psn|[from] psn
|turn|9
|
|move|p2a: Tyranitar|Pursuit|p1a: Chansey|[from]Pursuit
|-damage|p1a: Chansey|368\/703 psn
|switch|p1a: Amoonguss|Amoonguss, M|432\/432
|-sideend|p1: lil manaphy|move: Toxic Spikes|[of] p1a: Amoonguss
|
|-weather|Sandstorm|[upkeep]
|-damage|p1a: Amoonguss|405\/432|[from] sandstorm
|-heal|p1a: Amoonguss|432\/432|[from] item: Black Sludge
|turn|10
|
|switch|p2a: Latios|Latios, M|283\/301
|move|p1a: Amoonguss|Spore|p2a: Latios
|-status|p2a: Latios|slp
|
|-weather|Sandstorm|[upkeep]
|-damage|p2a: Latios|265\/301 slp|[from] sandstorm
|-damage|p1a: Amoonguss|405\/432|[from] sandstorm
|-heal|p1a: Amoonguss|432\/432|[from] item: Black Sludge
|turn|11
|
|switch|p2a: Hippowdon|Hippowdon, M|419\/419
|switch|p1a: Gardevoir|Gardevoir, M|277\/277
|-ability|p1a: Gardevoir|Sand Stream|[from] ability: Trace|[of] p2a: Hippowdon
|
|-weather|Sandstorm|[upkeep]
|-damage|p1a: Gardevoir|260\/277|[from] sandstorm
|turn|12
|
|detailschange|p1a: Gardevoir|Gardevoir-Mega, M
|-mega|p1a: Gardevoir|Gardevoir|Gardevoirite
|move|p1a: Gardevoir|Hyper Voice|p2a: Hippowdon
|-damage|p2a: Hippowdon|122\/419
|move|p2a: Hippowdon|Earthquake|p1a: Gardevoir
|-damage|p1a: Gardevoir|64\/277
|
|-weather|none
|-heal|p2a: Hippowdon|148\/419|[from] item: Leftovers
|turn|13
|
|move|p1a: Gardevoir|Hyper Voice|p2a: Hippowdon
|-damage|p2a: Hippowdon|0 fnt
|faint|p2a: Hippowdon
|
|
|switch|p2a: Tyranitar|Tyranitar, F|341\/341
|-weather|Sandstorm
|turn|14
|
|move|p2a: Tyranitar|Pursuit|p1a: Gardevoir
|-damage|p1a: Gardevoir|0 fnt
|faint|p1a: Gardevoir
|
|-weather|Sandstorm|[upkeep]
|
|switch|p1a: Keldeo|Keldeo|263\/323
|turn|15
|c|âJohn Krasinski|hmm
|
|switch|p2a: Raikou|Raikou|335\/335
|-ability|p2a: Raikou|Pressure
|move|p1a: Keldeo|Scald|p2a: Raikou
|-damage|p2a: Raikou|202\/335
|
|-weather|Sandstorm|[upkeep]
|-damage|p2a: Raikou|182\/335|[from] sandstorm
|-damage|p1a: Keldeo|243\/323|[from] sandstorm
|-heal|p2a: Raikou|202\/335|[from] item: Leftovers
|-heal|p1a: Keldeo|263\/323|[from] item: Leftovers
|turn|16
|
|switch|p1a: Amoonguss|Amoonguss, M|432\/432
|move|p2a: Raikou|Thunderbolt|p1a: Amoonguss
|-resisted|p1a: Amoonguss
|-damage|p1a: Amoonguss|341\/432
|
|-weather|Sandstorm|[upkeep]
|-damage|p2a: Raikou|182\/335|[from] sandstorm
|-damage|p1a: Amoonguss|314\/432|[from] sandstorm
|-heal|p2a: Raikou|202\/335|[from] item: Leftovers
|-heal|p1a: Amoonguss|341\/432|[from] item: Black Sludge
|turn|17
|
|switch|p1a: Landorus-Therian|Landorus-Therian, M|382\/382
|-ability|p1a: Landorus-Therian|Intimidate|[of] p2a: Raikou
|-unboost|p2a: Raikou|atk|1
|move|p2a: Raikou|Substitute|p2a: Raikou
|-start|p2a: Raikou|Substitute
|-damage|p2a: Raikou|119\/335
|
|-weather|Sandstorm|[upkeep]
|-damage|p2a: Raikou|99\/335|[from] sandstorm
|-heal|p2a: Raikou|119\/335|[from] item: Leftovers
|turn|18
|
|switch|p1a: Chansey|Chansey, F|368\/703
|move|p2a: Raikou|Thunderbolt|p1a: Chansey
|-damage|p1a: Chansey|268\/703
|
|-weather|none
|-heal|p2a: Raikou|139\/335|[from] item: Leftovers
|turn|19
|
|move|p2a: Raikou|Thunderbolt|p1a: Chansey
|-damage|p1a: Chansey|177\/703
|move|p1a: Chansey|Soft-Boiled|p1a: Chansey
|-heal|p1a: Chansey|529\/703
|
|-heal|p2a: Raikou|159\/335|[from] item: Leftovers
|turn|20
|
|move|p2a: Raikou|Substitute|p2a: Raikou
|-fail|p2a: Raikou|move: Substitute
|move|p1a: Chansey|Wish|p1a: Chansey
|
|-heal|p2a: Raikou|179\/335|[from] item: Leftovers
|turn|21
|c|âJohn Krasinski|ow
|c|âJohn Krasinski|solid misclick
|
|move|p2a: Raikou|Hidden Power|p1a: Chansey
|-damage|p1a: Chansey|488\/703
|move|p1a: Chansey|Seismic Toss|p2a: Raikou
|-end|p2a: Raikou|Substitute
|
|-heal|p1a: Chansey|703\/703|[from] move: Wish|[wisher] Chansey
|-heal|p2a: Raikou|199\/335|[from] item: Leftovers
|turn|22
|
|switch|p2a: Tentacruel|Tentacruel, F|364\/364
|move|p1a: Chansey|Seismic Toss|p2a: Tentacruel
|-damage|p2a: Tentacruel|264\/364
|
|-heal|p2a: Tentacruel|286\/364|[from] item: Black Sludge
|turn|23
|
|switch|p1a: Landorus-Therian|Landorus-Therian, M|382\/382
|-ability|p1a: Landorus-Therian|Intimidate|[of] p2a: Tentacruel
|-unboost|p2a: Tentacruel|atk|1
|move|p2a: Tentacruel|Acid Spray|p1a: Landorus-Therian
|-resisted|p1a: Landorus-Therian
|-damage|p1a: Landorus-Therian|360\/382
|-unboost|p1a: Landorus-Therian|spd|2
|
|-heal|p2a: Tentacruel|308\/364|[from] item: Black Sludge
|-heal|p1a: Landorus-Therian|382\/382|[from] item: Leftovers
|turn|24
|
|move|p2a: Tentacruel|Scald|p1a: Landorus-Therian
|-supereffective|p1a: Landorus-Therian
|-damage|p1a: Landorus-Therian|0 fnt
|faint|p1a: Landorus-Therian
|
|-heal|p2a: Tentacruel|330\/364|[from] item: Black Sludge
|
|switch|p1a: Keldeo|Keldeo|263\/323
|turn|25
|
|switch|p2a: Raikou|Raikou|199\/335
|-ability|p2a: Raikou|Pressure
|move|p1a: Keldeo|Scald|p2a: Raikou
|-damage|p2a: Raikou|51\/335
|
|-heal|p2a: Raikou|71\/335|[from] item: Leftovers
|-heal|p1a: Keldeo|283\/323|[from] item: Leftovers
|turn|26
|
|switch|p1a: Chansey|Chansey, F|703\/703
|move|p2a: Raikou|Thunderbolt|p1a: Chansey
|-damage|p1a: Chansey|603\/703
|
|-heal|p2a: Raikou|91\/335|[from] item: Leftovers
|turn|27
|
|switch|p2a: Tentacruel|Tentacruel, F|330\/364
|move|p1a: Chansey|Seismic Toss|p2a: Tentacruel
|-damage|p2a: Tentacruel|230\/364
|
|-heal|p2a: Tentacruel|252\/364|[from] item: Black Sludge
|turn|28
|
|move|p2a: Tentacruel|Acid Spray|p1a: Chansey
|-damage|p1a: Chansey|578\/703
|-unboost|p1a: Chansey|spd|2
|move|p1a: Chansey|Thunder Wave|p2a: Tentacruel
|-status|p2a: Tentacruel|par
|
|-heal|p2a: Tentacruel|274\/364 par|[from] item: Black Sludge
|turn|29
|
|switch|p1a: Keldeo|Keldeo|283\/323
|move|p2a: Tentacruel|Acid Spray|p1a: Keldeo
|-crit|p1a: Keldeo
|-damage|p1a: Keldeo|219\/323
|-unboost|p1a: Keldeo|spd|2
|
|-heal|p1a: Keldeo|239\/323|[from] item: Leftovers
|-heal|p2a: Tentacruel|296\/364 par|[from] item: Black Sludge
|turn|30
|
|switch|p1a: Amoonguss|Amoonguss, M|432\/432
|move|p2a: Tentacruel|Scald|p1a: Amoonguss
|-resisted|p1a: Amoonguss
|-damage|p1a: Amoonguss|386\/432
|-status|p1a: Amoonguss|brn
|
|-heal|p1a: Amoonguss|413\/432 brn|[from] item: Black Sludge
|-heal|p2a: Tentacruel|318\/364 par|[from] item: Black Sludge
|-damage|p1a: Amoonguss|359\/432 brn|[from] brn
|turn|31
|
|switch|p1a: Keldeo|Keldeo|239\/323
|move|p2a: Tentacruel|Toxic Spikes|p1a: Keldeo
|-sidestart|p1: lil manaphy|move: Toxic Spikes
|
|-heal|p1a: Keldeo|259\/323|[from] item: Leftovers
|-heal|p2a: Tentacruel|340\/364 par|[from] item: Black Sludge
|turn|32
|
|switch|p2a: Raikou|Raikou|91\/335
|-ability|p2a: Raikou|Pressure
|move|p1a: Keldeo|Scald|p2a: Raikou
|-damage|p2a: Raikou|0 fnt
|faint|p2a: Raikou
|
|-heal|p1a: Keldeo|279\/323|[from] item: Leftovers
|
|switch|p2a: Charizard|Charizard-Mega-Y, M|297\/297
|-weather|SunnyDay
|turn|33
|
|switch|p1a: Chansey|Chansey, F|578\/703
|-status|p1a: Chansey|psn
|move|p2a: Charizard|Flamethrower|p1a: Chansey
|-damage|p1a: Chansey|380\/703 psn
|
|-weather|SunnyDay|[upkeep]
|-damage|p1a: Chansey|293\/703 psn|[from] psn
|turn|34
|
|switch|p2a: Latios|Latios, M|265\/301 slp
|move|p1a: Chansey|Soft-Boiled|p1a: Chansey
|-heal|p1a: Chansey|645\/703 psn
|
|-weather|SunnyDay|[upkeep]
|-damage|p1a: Chansey|558\/703 psn|[from] psn
|turn|35
|
|switch|p1a: Amoonguss|Amoonguss, M|432\/432 brn
|-sideend|p1: lil manaphy|move: Toxic Spikes|[of] p1a: Amoonguss
|cant|p2a: Latios|slp
|
|-weather|SunnyDay|[upkeep]
|-damage|p1a: Amoonguss|378\/432 brn|[from] brn
|turn|36
|
|switch|p1a: Chansey|Chansey, F|558\/703
|-curestatus|p2a: Latios|slp
|move|p2a: Latios|Psyshock|p1a: Chansey
|-damage|p1a: Chansey|332\/703
|-damage|p2a: Latios|235\/301|[from] item: Life Orb
|
|-weather|SunnyDay|[upkeep]
|turn|37
|
|switch|p2a: Tyranitar|Tyranitar, F|341\/341
|-weather|Sandstorm
|move|p1a: Chansey|Soft-Boiled|p1a: Chansey
|-heal|p1a: Chansey|684\/703
|
|-weather|Sandstorm|[upkeep]
|-damage|p1a: Chansey|641\/703|[from] sandstorm
|turn|38
|
|move|p2a: Tyranitar|Superpower|p1a: Chansey
|-supereffective|p1a: Chansey
|-damage|p1a: Chansey|283\/703
|-unboost|p2a: Tyranitar|atk|1
|-unboost|p2a: Tyranitar|def|1
|move|p1a: Chansey|Soft-Boiled|p1a: Chansey
|-heal|p1a: Chansey|635\/703
|
|-weather|Sandstorm|[upkeep]
|-damage|p1a: Chansey|592\/703|[from] sandstorm
|turn|39
|
|switch|p2a: Tentacruel|Tentacruel, F|340\/364 par
|move|p1a: Chansey|Seismic Toss|p2a: Tentacruel
|-damage|p2a: Tentacruel|240\/364 par
|
|-weather|Sandstorm|[upkeep]
|-damage|p1a: Chansey|549\/703|[from] sandstorm
|-damage|p2a: Tentacruel|218\/364 par|[from] sandstorm
|-heal|p2a: Tentacruel|240\/364 par|[from] item: Black Sludge
|turn|40
|
|move|p1a: Chansey|Seismic Toss|p2a: Tentacruel
|-damage|p2a: Tentacruel|140\/364 par
|cant|p2a: Tentacruel|par
|
|-weather|Sandstorm|[upkeep]
|-damage|p1a: Chansey|506\/703|[from] sandstorm
|-damage|p2a: Tentacruel|118\/364 par|[from] sandstorm
|-heal|p2a: Tentacruel|140\/364 par|[from] item: Black Sludge
|turn|41
|
|move|p1a: Chansey|Seismic Toss|p2a: Tentacruel
|-damage|p2a: Tentacruel|40\/364 par
|cant|p2a: Tentacruel|par
|
|-weather|none
|-heal|p2a: Tentacruel|62\/364 par|[from] item: Black Sludge
|turn|42
|
|move|p1a: Chansey|Seismic Toss|p2a: Tentacruel
|-damage|p2a: Tentacruel|0 fnt
|faint|p2a: Tentacruel
|
|
|switch|p2a: Tyranitar|Tyranitar, F|341\/341
|-weather|Sandstorm
|turn|43
|
|move|p2a: Tyranitar|Crunch|p1a: Chansey
|-damage|p1a: Chansey|311\/703
|move|p1a: Chansey|Soft-Boiled|p1a: Chansey
|-heal|p1a: Chansey|663\/703
|
|-weather|Sandstorm|[upkeep]
|-damage|p1a: Chansey|620\/703|[from] sandstorm
|turn|44
|
|move|p2a: Tyranitar|Crunch|p1a: Chansey
|-damage|p1a: Chansey|424\/703
|move|p1a: Chansey|Thunder Wave|p2a: Tyranitar
|-status|p2a: Tyranitar|par
|
|-weather|Sandstorm|[upkeep]
|-damage|p1a: Chansey|381\/703|[from] sandstorm
|turn|45
|
|move|p1a: Chansey|Soft-Boiled|p1a: Chansey
|-heal|p1a: Chansey|703\/703
|move|p2a: Tyranitar|Crunch|p1a: Chansey
|-damage|p1a: Chansey|517\/703
|
|-weather|Sandstorm|[upkeep]
|-damage|p1a: Chansey|474\/703|[from] sandstorm
|turn|46
|
|switch|p2a: Charizard|Charizard-Mega-Y, M|297\/297
|-weather|SunnyDay
|move|p1a: Chansey|Soft-Boiled|p1a: Chansey
|-heal|p1a: Chansey|703\/703
|
|-weather|SunnyDay|[upkeep]
|turn|47
|
|switch|p2a: Tyranitar|Tyranitar, F|341\/341 par
|-weather|Sandstorm
|move|p1a: Chansey|Thunder Wave|p2a: Tyranitar
|-fail|p2a: Tyranitar|par
|
|-weather|Sandstorm|[upkeep]
|-damage|p1a: Chansey|660\/703|[from] sandstorm
|turn|48
|
|switch|p1a: Keldeo|Keldeo|279\/323
|move|p2a: Tyranitar|Crunch|p1a: Keldeo
|-resisted|p1a: Keldeo
|-damage|p1a: Keldeo|192\/323
|-boost|p1a: Keldeo|atk|1|[from] ability: Justified
|
|-weather|Sandstorm|[upkeep]
|-damage|p1a: Keldeo|172\/323|[from] sandstorm
|-heal|p1a: Keldeo|192\/323|[from] item: Leftovers
|turn|49
|
|switch|p2a: Latios|Latios, M|235\/301
|move|p1a: Keldeo|Scald|p2a: Latios
|-crit|p2a: Latios
|-resisted|p2a: Latios
|-damage|p2a: Latios|142\/301
|
|-weather|Sandstorm|[upkeep]
|-damage|p2a: Latios|124\/301|[from] sandstorm
|-damage|p1a: Keldeo|172\/323|[from] sandstorm
|-heal|p1a: Keldeo|192\/323|[from] item: Leftovers
|turn|50
|
|switch|p1a: Chansey|Chansey, F|660\/703
|move|p2a: Latios|Roost|p2a: Latios
|-heal|p2a: Latios|275\/301
|
|-weather|Sandstorm|[upkeep]
|-damage|p2a: Latios|257\/301|[from] sandstorm
|-damage|p1a: Chansey|617\/703|[from] sandstorm
|turn|51
|
|switch|p2a: Tyranitar|Tyranitar, F|341\/341 par
|move|p1a: Chansey|Seismic Toss|p2a: Tyranitar
|-damage|p2a: Tyranitar|241\/341 par
|
|-weather|none
|turn|52
|
|move|p1a: Chansey|Seismic Toss|p2a: Tyranitar
|-damage|p2a: Tyranitar|141\/341 par
|move|p2a: Tyranitar|Crunch|p1a: Chansey
|-damage|p1a: Chansey|428\/703
|
|turn|53
|
|move|p1a: Chansey|Soft-Boiled|p1a: Chansey
|-heal|p1a: Chansey|703\/703
|cant|p2a: Tyranitar|par
|
|turn|54
|
|move|p1a: Chansey|Seismic Toss|p2a: Tyranitar
|-damage|p2a: Tyranitar|41\/341 par
|cant|p2a: Tyranitar|par
|
|turn|55
|
|move|p1a: Chansey|Seismic Toss|p2a: Tyranitar
|-damage|p2a: Tyranitar|0 fnt
|faint|p2a: Tyranitar
|
|
|switch|p2a: Latios|Latios, M|257\/301
|turn|56
|
|move|p2a: Latios|Psyshock|p1a: Chansey
|-damage|p1a: Chansey|456\/703
|-damage|p2a: Latios|227\/301|[from] item: Life Orb
|move|p1a: Chansey|Wish|p1a: Chansey
|
|turn|57
|
|move|p2a: Latios|Psyshock|p1a: Chansey
|-damage|p1a: Chansey|230\/703
|-damage|p2a: Latios|197\/301|[from] item: Life Orb
|move|p1a: Chansey|Thunder Wave|p2a: Latios
|-status|p2a: Latios|par
|
|-heal|p1a: Chansey|581\/703|[from] move: Wish|[wisher] Chansey
|turn|58
|
|move|p1a: Chansey|Seismic Toss|p2a: Latios
|-damage|p2a: Latios|97\/301 par
|cant|p2a: Latios|par
|
|turn|59
|c|âJohn Krasinski|holy shit
|c|âJohn Krasinski|i had no idea twave was 100% rate
|
|move|p1a: Chansey|Seismic Toss|p2a: Latios
|-damage|p2a: Latios|0 fnt
|faint|p2a: Latios
|
|
|switch|p2a: Charizard|Charizard-Mega-Y, M|297\/297
|-weather|SunnyDay
|turn|60
|-message|John Krasinski forfeited.
|
|win|lil manaphy
|raw|Ladder updating...
|leave|John Krasinski
|player|p2
|raw|lil manaphy's rating: 1691 &rarr; <strong>1706<\/strong><br \/>(+15 for winning)
|raw|John Krasinski's rating: 1610 &rarr; <strong>1595<\/strong><br \/>(-15 for losing)