|join|mightyking34
|join|lil manaphy
|player|p1|mightyking34|52
|player|p2|lil manaphy|9
|gametype|singles
|gen|6
|tier|OU
|rated
|clearpoke
|poke|p1|Altaria, M
|poke|p1|Heatran, F
|poke|p1|Chesnaught, M
|poke|p1|Azumarill, M
|poke|p1|Sylveon, F
|poke|p1|Excadrill, M
|poke|p2|Gardevoir, F
|poke|p2|Keldeo-Resolute
|poke|p2|Chansey, F
|poke|p2|Mandibuzz, F
|poke|p2|Amoonguss, F
|poke|p2|Landorus-Therian, M
|rule|Swagger Clause: Swagger is banned
|rule|Baton Pass Clause: Limit one PokÃ©mon knowing Baton Pass
|rule|Sleep Clause Mod: Limit one foe put to sleep
|rule|Species Clause: Limit one of each PokÃ©mon
|rule|OHKO Clause: OHKO moves are banned
|rule|Moody Clause: Moody is banned
|rule|Evasion Moves Clause: Evasion moves are banned
|rule|Endless Battle Clause: Forcing endless battles is banned
|rule|HP Percentage Mod: HP is shown in percentages
|teampreview
|
|start
|switch|p1a: Chesnaught|Chesnaught, M|380\/380
|switch|p2a: Gardevoir|Gardevoir, F|277\/277
|-ability|p2a: Gardevoir|Bulletproof|[from] ability: Trace|[of] p1a: Chesnaught
|turn|1
|
|detailschange|p2a: Gardevoir|Gardevoir-Mega, F
|-mega|p2a: Gardevoir|Gardevoir|Gardevoirite
|move|p1a: Chesnaught|Spiky Shield|p1a: Chesnaught
|-singleturn|p1a: Chesnaught|move: Protect
|move|p2a: Gardevoir|Hyper Voice|p1a: Chesnaught
|-activate|p1a: Chesnaught|move: Protect
|
|turn|2
|
|switch|p1a: Sylveon|Sylveon, F|394\/394
|move|p2a: Gardevoir|Focus Blast|p1a: Sylveon
|-resisted|p1a: Sylveon
|-damage|p1a: Sylveon|335\/394
|
|-heal|p1a: Sylveon|359\/394|[from] item: Leftovers
|turn|3
|
|switch|p2a: Amoonguss|Amoonguss, F|432\/432
|switch|p1a: Chesnaught|Chesnaught, M|380\/380
|
|turn|4
|
|switch|p2a: Landorus-Therian|Landorus-Therian, M|382\/382
|-ability|p2a: Landorus-Therian|Intimidate|[of] p1a: Chesnaught
|-unboost|p1a: Chesnaught|atk|1
|move|p1a: Chesnaught|Spikes|p2a: Landorus-Therian
|-sidestart|p2: lil manaphy|Spikes
|
|turn|5
|join|terry41
|leave|terry41
|
|move|p2a: Landorus-Therian|Stealth Rock|p1a: Chesnaught
|-sidestart|p1: mightyking34|move: Stealth Rock
|move|p1a: Chesnaught|Leech Seed|p2a: Landorus-Therian|[miss]
|-miss|p1a: Chesnaught|p2a: Landorus-Therian
|
|turn|6
|c|âmightyking34|ugh laggggg
|
|move|p2a: Landorus-Therian|U-turn|p1a: Chesnaught
|-damage|p1a: Chesnaught|336\/380
|
|switch|p2a: Mandibuzz|Mandibuzz, F|423\/423
|move|p1a: Chesnaught|Spikes|p2a: Mandibuzz
|-sidestart|p2: lil manaphy|Spikes
|
|-heal|p1a: Chesnaught|359\/380|[from] item: Leftovers
|turn|7
|
|move|p2a: Mandibuzz|Taunt|p1a: Chesnaught
|-start|p1a: Chesnaught|move: Taunt
|cant|p1a: Chesnaught|move: Taunt|Leech Seed
|
|-heal|p1a: Chesnaught|380\/380|[from] item: Leftovers
|turn|8
|
|move|p2a: Mandibuzz|Defog|p1a: Chesnaught
|-unboost|p1a: Chesnaught|evasion|1
|-sideend|p1: mightyking34|Stealth Rock|[from] move: Defog|[of] p1a: Chesnaught
|-sideend|p2: lil manaphy|Spikes|[from] move: Defog|[of] p2a: Mandibuzz
|move|p1a: Chesnaught|Drain Punch|p2a: Mandibuzz
|-crit|p2a: Mandibuzz
|-damage|p2a: Mandibuzz|327\/423
|-damage|p1a: Chesnaught|317\/380|[from] item: Rocky Helmet|[of] p2a: Mandibuzz
|
|-heal|p1a: Chesnaught|340\/380|[from] item: Leftovers
|turn|9
|
|switch|p2a: Gardevoir|Gardevoir-Mega, F|277\/277
|switch|p1a: Heatran|Heatran, F|386\/386
|
|turn|10
|
|move|p2a: Gardevoir|Focus Blast|p1a: Heatran
|-supereffective|p1a: Heatran
|-damage|p1a: Heatran|154\/386
|move|p1a: Heatran|Toxic|p2a: Gardevoir
|-status|p2a: Gardevoir|tox
|
|-heal|p1a: Heatran|178\/386|[from] item: Leftovers
|-damage|p2a: Gardevoir|260\/277 tox|[from] psn
|turn|11
|
|switch|p2a: Keldeo-Resolute|Keldeo-Resolute|323\/323
|move|p1a: Heatran|Protect|p1a: Heatran
|-fail|p1a: Heatran
|
|-heal|p1a: Heatran|202\/386|[from] item: Leftovers
|turn|12
|
|move|p1a: Heatran|Protect|p1a: Heatran
|-singleturn|p1a: Heatran|Protect
|move|p2a: Keldeo-Resolute|Scald|p1a: Heatran
|-activate|p1a: Heatran|Protect
|
|-heal|p1a: Heatran|226\/386|[from] item: Leftovers
|turn|13
|
|switch|p1a: Sylveon|Sylveon, F|359\/394
|move|p2a: Keldeo-Resolute|Scald|p1a: Sylveon
|-damage|p1a: Sylveon|253\/394
|
|-heal|p1a: Sylveon|277\/394|[from] item: Leftovers
|turn|14
|
|switch|p2a: Amoonguss|Amoonguss, F|432\/432
|switch|p1a: Chesnaught|Chesnaught, M|340\/380
|
|-heal|p1a: Chesnaught|363\/380|[from] item: Leftovers
|turn|15
|
|switch|p2a: Landorus-Therian|Landorus-Therian, M|382\/382
|-ability|p2a: Landorus-Therian|Intimidate|[of] p1a: Chesnaught
|-unboost|p1a: Chesnaught|atk|1
|move|p1a: Chesnaught|Leech Seed|p2a: Landorus-Therian
|-start|p2a: Landorus-Therian|move: Leech Seed
|
|-heal|p1a: Chesnaught|380\/380|[from] item: Leftovers
|-damage|p2a: Landorus-Therian|335\/382|[from] Leech Seed|[of] p1a: Chesnaught
|turn|16
|
|move|p2a: Landorus-Therian|Stealth Rock|p1a: Chesnaught
|-sidestart|p1: mightyking34|move: Stealth Rock
|move|p1a: Chesnaught|Spikes|p2a: Landorus-Therian
|-sidestart|p2: lil manaphy|Spikes
|
|-heal|p2a: Landorus-Therian|358\/382|[from] item: Leftovers
|-damage|p2a: Landorus-Therian|311\/382|[from] Leech Seed|[of] p1a: Chesnaught
|turn|17
|
|switch|p2a: Amoonguss|Amoonguss, F|432\/432
|-damage|p2a: Amoonguss|378\/432|[from] Spikes
|move|p1a: Chesnaught|Spiky Shield|p1a: Chesnaught
|-fail|p1a: Chesnaught
|
|-heal|p2a: Amoonguss|405\/432|[from] item: Black Sludge
|turn|18
|
|move|p1a: Chesnaught|Spikes|p2a: Amoonguss
|-sidestart|p2: lil manaphy|Spikes
|move|p2a: Amoonguss|Hidden Power|p1a: Chesnaught
|-crit|p1a: Chesnaught
|-supereffective|p1a: Chesnaught
|-damage|p1a: Chesnaught|220\/380
|
|-heal|p1a: Chesnaught|243\/380|[from] item: Leftovers
|-heal|p2a: Amoonguss|432\/432|[from] item: Black Sludge
|turn|19
|
|move|p1a: Chesnaught|Spikes|p2a: Amoonguss
|-sidestart|p2: lil manaphy|Spikes
|move|p2a: Amoonguss|Hidden Power|p1a: Chesnaught
|-supereffective|p1a: Chesnaught
|-damage|p1a: Chesnaught|137\/380
|
|-heal|p1a: Chesnaught|160\/380|[from] item: Leftovers
|turn|20
|
|switch|p1a: Heatran|Heatran, F|226\/386
|-damage|p1a: Heatran|178\/386|[from] Stealth Rock
|move|p2a: Amoonguss|Hidden Power|p1a: Heatran
|-start|p1a: Heatran|ability: Flash Fire
|
|-heal|p1a: Heatran|202\/386|[from] item: Leftovers
|turn|21
|
|switch|p2a: Landorus-Therian|Landorus-Therian, M|311\/382
|-ability|p2a: Landorus-Therian|Intimidate|[of] p1a: Heatran
|-unboost|p1a: Heatran|atk|1
|move|p1a: Heatran|Lava Plume|p2a: Landorus-Therian
|-damage|p2a: Landorus-Therian|112\/382
|
|-heal|p2a: Landorus-Therian|135\/382|[from] item: Leftovers
|-heal|p1a: Heatran|226\/386|[from] item: Leftovers
|turn|22
|
|move|p1a: Heatran|Protect|p1a: Heatran
|-singleturn|p1a: Heatran|Protect
|move|p2a: Landorus-Therian|Earthquake|p1a: Heatran
|-activate|p1a: Heatran|Protect
|
|-heal|p2a: Landorus-Therian|158\/382|[from] item: Leftovers
|-heal|p1a: Heatran|250\/386|[from] item: Leftovers
|turn|23
|
|switch|p1a: Chesnaught|Chesnaught, M|160\/380
|-damage|p1a: Chesnaught|137\/380|[from] Stealth Rock
|move|p2a: Landorus-Therian|U-turn|p1a: Chesnaught
|-damage|p1a: Chesnaught|92\/380
|
|switch|p2a: Mandibuzz|Mandibuzz, F|327\/423
|
|-heal|p1a: Chesnaught|115\/380|[from] item: Leftovers
|turn|24
|
|move|p1a: Chesnaught|Spiky Shield|p1a: Chesnaught
|-singleturn|p1a: Chesnaught|move: Protect
|move|p2a: Mandibuzz|Defog|p1a: Chesnaught
|-activate|p1a: Chesnaught|move: Protect
|
|-heal|p1a: Chesnaught|138\/380|[from] item: Leftovers
|turn|25
|
|move|p2a: Mandibuzz|Taunt|p1a: Chesnaught
|-start|p1a: Chesnaught|move: Taunt
|cant|p1a: Chesnaught|move: Taunt|Leech Seed
|
|-heal|p1a: Chesnaught|161\/380|[from] item: Leftovers
|turn|26
|
|switch|p1a: Altaria|Altaria, M|291\/291
|-damage|p1a: Altaria|219\/291|[from] Stealth Rock
|move|p2a: Mandibuzz|Defog|p1a: Altaria
|-unboost|p1a: Altaria|evasion|1
|-sideend|p1: mightyking34|Stealth Rock|[from] move: Defog|[of] p1a: Altaria
|-sideend|p2: lil manaphy|Spikes|[from] move: Defog|[of] p2a: Mandibuzz
|
|turn|27
|
|switch|p2a: Amoonguss|Amoonguss, F|432\/432
|move|p1a: Altaria|Substitute|p1a: Altaria
|-start|p1a: Altaria|Substitute
|-damage|p1a: Altaria|147\/291
|
|turn|28
|
|detailschange|p1a: Altaria|Altaria-Mega, M
|-mega|p1a: Altaria|Altaria|Altarianite
|move|p1a: Altaria|Return|p2a: Amoonguss
|-resisted|p2a: Amoonguss
|-damage|p2a: Amoonguss|331\/432
|move|p2a: Amoonguss|Clear Smog|p1a: Altaria
|-supereffective|p1a: Altaria
|-end|p1a: Altaria|Substitute
|
|-heal|p2a: Amoonguss|358\/432|[from] item: Black Sludge
|turn|29
|join|jeffle
|
|switch|p1a: Heatran|Heatran, F|250\/386
|move|p2a: Amoonguss|Spore|p1a: Heatran
|-status|p1a: Heatran|slp
|
|-heal|p1a: Heatran|274\/386 slp|[from] item: Leftovers
|-heal|p2a: Amoonguss|385\/432|[from] item: Black Sludge
|turn|30
|leave|jeffle
|
|switch|p2a: Keldeo-Resolute|Keldeo-Resolute|323\/323
|cant|p1a: Heatran|slp
|
|-heal|p1a: Heatran|298\/386 slp|[from] item: Leftovers
|turn|31
|
|switch|p1a: Sylveon|Sylveon, F|277\/394
|move|p2a: Keldeo-Resolute|Scald|p1a: Sylveon
|-damage|p1a: Sylveon|159\/394
|
|-heal|p1a: Sylveon|183\/394|[from] item: Leftovers
|turn|32
|
|switch|p2a: Chansey|Chansey, F|703\/703
|move|p1a: Sylveon|Wish|p1a: Sylveon
|
|-heal|p1a: Sylveon|207\/394|[from] item: Leftovers
|turn|33
|
|switch|p1a: Chesnaught|Chesnaught, M|161\/380
|move|p2a: Chansey|Thunder Wave|p1a: Chesnaught
|-status|p1a: Chesnaught|par
|
|-heal|p1a: Chesnaught|358\/380 par|[from] move: Wish|[wisher] Sylveon
|-heal|p1a: Chesnaught|380\/380 par|[from] item: Leftovers
|turn|34
|
|switch|p2a: Keldeo-Resolute|Keldeo-Resolute|323\/323
|cant|p1a: Chesnaught|par
|
|turn|35
|
|move|p1a: Chesnaught|Spiky Shield|p1a: Chesnaught
|-singleturn|p1a: Chesnaught|move: Protect
|move|p2a: Keldeo-Resolute|Calm Mind|p2a: Keldeo-Resolute
|-boost|p2a: Keldeo-Resolute|spa|1
|-boost|p2a: Keldeo-Resolute|spd|1
|
|turn|36
|
|move|p2a: Keldeo-Resolute|Substitute|p2a: Keldeo-Resolute
|-start|p2a: Keldeo-Resolute|Substitute
|-damage|p2a: Keldeo-Resolute|243\/323
|move|p1a: Chesnaught|Leech Seed|p2a: Keldeo-Resolute
|
|-heal|p2a: Keldeo-Resolute|263\/323|[from] item: Leftovers
|turn|37
|
|move|p2a: Keldeo-Resolute|Calm Mind|p2a: Keldeo-Resolute
|-boost|p2a: Keldeo-Resolute|spa|1
|-boost|p2a: Keldeo-Resolute|spd|1
|cant|p1a: Chesnaught|par
|
|-heal|p2a: Keldeo-Resolute|283\/323|[from] item: Leftovers
|turn|38
|
|switch|p1a: Sylveon|Sylveon, F|207\/394
|move|p2a: Keldeo-Resolute|Calm Mind|p2a: Keldeo-Resolute
|-boost|p2a: Keldeo-Resolute|spa|1
|-boost|p2a: Keldeo-Resolute|spd|1
|
|-heal|p2a: Keldeo-Resolute|303\/323|[from] item: Leftovers
|-heal|p1a: Sylveon|231\/394|[from] item: Leftovers
|turn|39
|
|move|p2a: Keldeo-Resolute|Scald|p1a: Sylveon
|-damage|p1a: Sylveon|0 fnt
|faint|p1a: Sylveon
|
|-heal|p2a: Keldeo-Resolute|323\/323|[from] item: Leftovers
|
|switch|p1a: Chesnaught|Chesnaught, M|380\/380 par
|turn|40
|
|move|p2a: Keldeo-Resolute|Scald|p1a: Chesnaught
|-crit|p1a: Chesnaught
|-resisted|p1a: Chesnaught
|-damage|p1a: Chesnaught|68\/380 par
|move|p1a: Chesnaught|Drain Punch|p2a: Keldeo-Resolute
|-end|p2a: Keldeo-Resolute|Substitute
|-heal|p1a: Chesnaught|108\/380 par|[from] drain|[of] p2a: Keldeo-Resolute
|
|-heal|p1a: Chesnaught|131\/380 par|[from] item: Leftovers
|turn|41
|-message|mightyking34 forfeited.
|leave|mightyking34
|
|win|lil manaphy
|raw|Ladder updating...
|player|p1
|raw|mightyking34's rating: 1621 &rarr; <strong>1609<\/strong><br \/>(-12 for losing)
|raw|lil manaphy's rating: 1760 &rarr; <strong>1772<\/strong><br \/>(+12 for winning)