|join|lil manaphy
|join|A2tehBR
|player|p1|lil manaphy|9
|player|p2|A2tehBR|291
|gametype|singles
|gen|6
|tier|OU
|rated
|clearpoke
|poke|p1|Gardevoir, M
|poke|p1|Keldeo
|poke|p1|Amoonguss, M
|poke|p1|Chansey, F
|poke|p1|Mandibuzz, F
|poke|p1|Landorus-Therian, M
|poke|p2|Tangrowth, M
|poke|p2|Charizard, M
|poke|p2|Starmie
|poke|p2|Jirachi
|poke|p2|Landorus-Therian, M
|poke|p2|Goodra, M
|rule|Swagger Clause: Swagger is banned
|rule|Baton Pass Clause: Limit one PokÃ©mon knowing Baton Pass
|rule|Sleep Clause Mod: Limit one foe put to sleep
|rule|Species Clause: Limit one of each PokÃ©mon
|rule|OHKO Clause: OHKO moves are banned
|rule|Moody Clause: Moody is banned
|rule|Evasion Moves Clause: Evasion moves are banned
|rule|Endless Battle Clause: Forcing endless battles is banned
|rule|HP Percentage Mod: HP is shown in percentages
|teampreview
|
|start
|switch|p1a: Landorus-Therian|Landorus-Therian, M|382\/382
|switch|p2a: Landorus-Therian|Landorus-Therian, M|381\/381
|-ability|p1a: Landorus-Therian|Intimidate|[of] p2a: Landorus-Therian
|-unboost|p2a: Landorus-Therian|atk|1
|-ability|p2a: Landorus-Therian|Intimidate|[of] p1a: Landorus-Therian
|-unboost|p1a: Landorus-Therian|atk|1
|turn|1
|c|âA2tehBR|hf
|join|Rob
|join|Tom Bus
|
|move|p2a: Landorus-Therian|Stealth Rock|p1a: Landorus-Therian
|-sidestart|p1: lil manaphy|move: Stealth Rock
|move|p1a: Landorus-Therian|Stealth Rock|p2a: Landorus-Therian
|-sidestart|p2: A2tehBR|move: Stealth Rock
|
|turn|2
|
|move|p2a: Landorus-Therian|Knock Off|p1a: Landorus-Therian
|-damage|p1a: Landorus-Therian|325\/382
|-enditem|p1a: Landorus-Therian|Leftovers|[from] move: Knock Off|[of] p2a: Landorus-Therian
|move|p1a: Landorus-Therian|U-turn|p2a: Landorus-Therian
|-resisted|p2a: Landorus-Therian
|-damage|p2a: Landorus-Therian|361\/381
|join|Ox the Box
|join|daftmau5
|join|yuy
|
|switch|p1a: Keldeo|Keldeo|323\/323
|-damage|p1a: Keldeo|303\/323|[from] Stealth Rock
|
|-heal|p1a: Keldeo|323\/323|[from] item: Leftovers
|-heal|p2a: Landorus-Therian|381\/381|[from] item: Leftovers
|turn|3
|join|I Iike Squirtles
|join|gizmo
|c| gizmo|wut
|
|switch|p2a: Tangrowth|Tangrowth, M|403\/403
|-damage|p2a: Tangrowth|353\/403|[from] Stealth Rock
|move|p1a: Keldeo|Substitute|p1a: Keldeo
|-start|p1a: Keldeo|Substitute
|-damage|p1a: Keldeo|243\/323
|
|-heal|p1a: Keldeo|263\/323|[from] item: Leftovers
|turn|4
|c|âA2tehBR|?
|c| daftmau5|is that __the__ goodra
|c| gizmo|wtf did you make abr
|
|move|p1a: Keldeo|Scald|p2a: Tangrowth
|-resisted|p2a: Tangrowth
|-damage|p2a: Tangrowth|290\/403
|move|p2a: Tangrowth|Giga Drain|p1a: Keldeo
|-supereffective|p1a: Keldeo
|-end|p1a: Keldeo|Substitute
|-heal|p2a: Tangrowth|330\/403|[from] drain|[of] p1a: Keldeo
|
|-heal|p1a: Keldeo|283\/323|[from] item: Leftovers
|turn|5
|c| daftmau5|IS IT GIZMO??
|c| gizmo|you tried to innovate too hard
|c| gizmo|no daft it isn't
|c| daftmau5|:C
|c|âA2tehBR|ive been using this shit for a few days
|c|âA2tehBR|it works just fine
|
|switch|p1a: Amoonguss|Amoonguss, M|432\/432
|-damage|p1a: Amoonguss|378\/432|[from] Stealth Rock
|move|p2a: Tangrowth|Giga Drain|p1a: Amoonguss
|-resisted|p1a: Amoonguss
|-damage|p1a: Amoonguss|350\/432
|-heal|p2a: Tangrowth|344\/403|[from] drain|[of] p1a: Amoonguss
|
|-heal|p1a: Amoonguss|377\/432|[from] item: Black Sludge
|turn|6
|c|âA2tehBR|the main weakness is weavile tbh
|c| gizmo|it looks like it relies on tang
|c| gizmo|A LOT
|c|âA2tehBR|tang checks
|
|move|p2a: Tangrowth|Knock Off|p1a: Amoonguss
|-damage|p1a: Amoonguss|304\/432
|-enditem|p1a: Amoonguss|Black Sludge|[from] move: Knock Off|[of] p2a: Tangrowth
|move|p1a: Amoonguss|Spore|p2a: Tangrowth
|-fail|p2a: Tangrowth
|
|turn|7
|c|âA2tehBR|so much
|c| daftmau5|Gizmo you were the only person to sucker at my goodra :C
|c| Ox the Box|lol
|c| Ox the Box|weavile 6-0s
|
|move|p2a: Tangrowth|Hidden Power|p1a: Amoonguss
|-supereffective|p1a: Amoonguss
|-damage|p1a: Amoonguss|186\/432
|move|p1a: Amoonguss|Clear Smog|p2a: Tangrowth
|-supereffective|p2a: Tangrowth
|-damage|p2a: Tangrowth|264\/403
|-clearboost|p2a: Tangrowth
|
|turn|8
|
|switch|p1a: Mandibuzz|Mandibuzz, F|423\/423
|-damage|p1a: Mandibuzz|318\/423|[from] Stealth Rock
|move|p2a: Tangrowth|Hidden Power|p1a: Mandibuzz
|-crit|p1a: Mandibuzz
|-supereffective|p1a: Mandibuzz
|-damage|p1a: Mandibuzz|170\/423
|
|turn|9
|
|switch|p2a: Charizard|Charizard, M|325\/325
|-damage|p2a: Charizard|163\/325|[from] Stealth Rock
|move|p1a: Mandibuzz|Roost|p1a: Mandibuzz
|-heal|p1a: Mandibuzz|382\/423
|
|turn|10
|c| Ox the Box|charx the mandi counter
|
|detailschange|p2a: Charizard|Charizard-Mega-X, M
|-mega|p2a: Charizard|Charizard|Charizardite X
|move|p2a: Charizard|Roost|p2a: Charizard
|-heal|p2a: Charizard|325\/325
|move|p1a: Mandibuzz|Foul Play|p2a: Charizard
|-damage|p2a: Charizard|160\/325
|
|turn|11
|
|switch|p2a: Starmie|Starmie|323\/323
|-damage|p2a: Starmie|283\/323|[from] Stealth Rock
|move|p1a: Mandibuzz|Foul Play|p2a: Starmie
|-supereffective|p2a: Starmie
|-damage|p2a: Starmie|131\/323
|
|-heal|p2a: Starmie|151\/323|[from] item: Leftovers
|turn|12
|join|Praj.pran
|c|âA2tehBR|nah starmie beats non knock mandi
|
|switch|p1a: Keldeo|Keldeo|283\/323
|-damage|p1a: Keldeo|263\/323|[from] Stealth Rock
|move|p2a: Starmie|Recover|p2a: Starmie
|-heal|p2a: Starmie|313\/323
|
|-heal|p2a: Starmie|323\/323|[from] item: Leftovers
|-heal|p1a: Keldeo|283\/323|[from] item: Leftovers
|turn|13
|c|âA2tehBR|scald burn
|c|âA2tehBR|cmon
|c| Ox the Box|than whyd u go charx ;_;
|c|âA2tehBR|i was scouting
|c|âA2tehBR|for knock
|c| Praj.pran|wtf wtf wtf wtf wtf ABR I made almost same team
|c| Ox the Box|oh
|c| Ox the Box|lol praj
|c| Praj.pran|only goodra out gengar in
|
|move|p2a: Starmie|Scald|p1a: Keldeo
|-resisted|p1a: Keldeo
|-damage|p1a: Keldeo|236\/323
|-status|p1a: Keldeo|brn
|move|p1a: Keldeo|Substitute|p1a: Keldeo
|-start|p1a: Keldeo|Substitute
|-damage|p1a: Keldeo|156\/323 brn
|
|-heal|p1a: Keldeo|176\/323 brn|[from] item: Leftovers
|-damage|p1a: Keldeo|136\/323 brn|[from] brn
|turn|14
|c|âA2tehBR|nice
|c| yuy|thsi reminds me of qseasons gen 5 rain
|c| yuy|little diff but not much
|
|switch|p1a: Gardevoir|Gardevoir, M|277\/277
|-damage|p1a: Gardevoir|243\/277|[from] Stealth Rock
|-ability|p1a: Gardevoir|Natural Cure|[from] ability: Trace|[of] p2a: Starmie
|move|p2a: Starmie|Rapid Spin|p1a: Gardevoir
|-damage|p1a: Gardevoir|230\/277
|-sideend|p2: A2tehBR|Stealth Rock|[from] move: Rapid Spin|[of] p2a: Starmie
|
|turn|15
|c| yuy|rachi, starmie, growth
|c|âA2tehBR|this team is gr8 giz dont hate
|c|âA2tehBR|cuz u aint
|join|cosine180
|
|switch|p2a: Jirachi|Jirachi|400\/400
|switch|p1a: Mandibuzz|Mandibuzz, F|382\/423
|-damage|p1a: Mandibuzz|277\/423|[from] Stealth Rock
|
|turn|16
|join|Cienight
|
|move|p2a: Jirachi|U-turn|p1a: Mandibuzz
|-damage|p1a: Mandibuzz|238\/423
|-damage|p2a: Jirachi|334\/400|[from] item: Rocky Helmet|[of] p1a: Mandibuzz
|
|switch|p2a: Landorus-Therian|Landorus-Therian, M|381\/381
|-ability|p2a: Landorus-Therian|Intimidate|[of] p1a: Mandibuzz
|-unboost|p1a: Mandibuzz|atk|1
|move|p1a: Mandibuzz|Defog|p2a: Landorus-Therian
|-unboost|p2a: Landorus-Therian|evasion|1
|-sideend|p1: lil manaphy|Stealth Rock|[from] move: Defog|[of] p1a: Mandibuzz
|
|turn|17
|
|move|p2a: Landorus-Therian|Stealth Rock|p1a: Mandibuzz
|-sidestart|p1: lil manaphy|move: Stealth Rock
|move|p1a: Mandibuzz|Roost|p1a: Mandibuzz
|-heal|p1a: Mandibuzz|423\/423
|
|turn|18
|c| gizmo|all i'm saying is
|c| cosine180|mana what u got for spdef talonflame
|
|move|p2a: Landorus-Therian|Knock Off|p1a: Mandibuzz
|-resisted|p1a: Mandibuzz
|-damage|p1a: Mandibuzz|384\/423
|-damage|p2a: Landorus-Therian|318\/381|[from] item: Rocky Helmet|[of] p1a: Mandibuzz
|-enditem|p1a: Mandibuzz|Rocky Helmet|[from] move: Knock Off|[of] p2a: Landorus-Therian
|move|p1a: Mandibuzz|Defog|p2a: Landorus-Therian
|-unboost|p2a: Landorus-Therian|evasion|1
|-sideend|p1: lil manaphy|Stealth Rock|[from] move: Defog|[of] p1a: Mandibuzz
|
|-heal|p2a: Landorus-Therian|341\/381|[from] item: Leftovers
|turn|19
|c| gizmo|it looks like it relies on tang almost too much
|c|âA2tehBR|tang has pretty damn good survivability
|
|switch|p2a: Starmie|Starmie|323\/323
|move|p1a: Mandibuzz|Foul Play|p2a: Starmie
|-supereffective|p2a: Starmie
|-damage|p2a: Starmie|167\/323
|
|-heal|p2a: Starmie|187\/323|[from] item: Leftovers
|turn|20
|c| Ox the Box|why don't you use tangela
|c|âA2tehBR|setup fodder for cm keld
|
|switch|p1a: Amoonguss|Amoonguss, M|330\/432
|move|p2a: Starmie|Scald|p1a: Amoonguss
|-resisted|p1a: Amoonguss
|-damage|p1a: Amoonguss|273\/432
|
|-heal|p2a: Starmie|207\/323|[from] item: Leftovers
|turn|21
|
|move|p2a: Starmie|Reflect Type|p1a: Amoonguss
|-start|p2a: Starmie|typechange|[from] move: Reflect Type|[of] p1a: Amoonguss
|move|p1a: Amoonguss|Spore|p2a: Starmie
|-fail|p2a: Starmie
|
|-heal|p2a: Starmie|227\/323|[from] item: Leftovers
|turn|22
|join|yrs
|join|haunter
|leave|yrs
|join|yrs
|leave|yrs
|
|move|p2a: Starmie|Scald|p1a: Amoonguss
|-resisted|p1a: Amoonguss
|-damage|p1a: Amoonguss|237\/432
|move|p1a: Amoonguss|Hidden Power|p2a: Starmie
|-crit|p2a: Starmie
|-supereffective|p2a: Starmie
|-damage|p2a: Starmie|79\/323
|
|-heal|p2a: Starmie|99\/323|[from] item: Leftovers
|turn|23
|
|move|p2a: Starmie|Recover|p2a: Starmie
|-heal|p2a: Starmie|261\/323
|move|p1a: Amoonguss|Hidden Power|p2a: Starmie
|-supereffective|p2a: Starmie
|-damage|p2a: Starmie|165\/323
|
|-heal|p2a: Starmie|185\/323|[from] item: Leftovers
|turn|24
|join|yrs
|
|move|p2a: Starmie|Scald|p1a: Amoonguss
|-resisted|p1a: Amoonguss
|-damage|p1a: Amoonguss|196\/432
|-status|p1a: Amoonguss|brn
|move|p1a: Amoonguss|Hidden Power|p2a: Starmie
|-supereffective|p2a: Starmie
|-damage|p2a: Starmie|89\/323
|
|-heal|p2a: Starmie|109\/323|[from] item: Leftovers
|-damage|p1a: Amoonguss|142\/432 brn|[from] brn
|turn|25
|c|âA2tehBR|lets get dis burn
|c| yrs|nice
|c| Ox the Box|lukE n bad
|
|switch|p1a: Chansey|Chansey, F|703\/703
|move|p2a: Starmie|Recover|p2a: Starmie
|-heal|p2a: Starmie|271\/323
|
|-heal|p2a: Starmie|291\/323|[from] item: Leftovers
|turn|26
|
|switch|p2a: Landorus-Therian|Landorus-Therian, M|341\/381
|-ability|p2a: Landorus-Therian|Intimidate|[of] p1a: Chansey
|-unboost|p1a: Chansey|atk|1
|move|p1a: Chansey|Thunder Wave|p2a: Landorus-Therian
|-immune|p2a: Landorus-Therian|[msg]
|
|-heal|p2a: Landorus-Therian|364\/381|[from] item: Leftovers
|turn|27
|c| Ox the Box|mana this is why u run heal bell
|
|switch|p1a: Mandibuzz|Mandibuzz, F|384\/423
|move|p2a: Landorus-Therian|Stealth Rock|p1a: Mandibuzz
|-sidestart|p1: lil manaphy|move: Stealth Rock
|
|-heal|p2a: Landorus-Therian|381\/381|[from] item: Leftovers
|turn|28
|c| Ox the Box|t wave isn't really needed
|
|switch|p2a: Starmie|Starmie|291\/323
|move|p1a: Mandibuzz|Defog|p2a: Starmie
|-unboost|p2a: Starmie|evasion|1
|-sideend|p1: lil manaphy|Stealth Rock|[from] move: Defog|[of] p1a: Mandibuzz
|
|-heal|p2a: Starmie|311\/323|[from] item: Leftovers
|turn|29
|c|âA2tehBR|starmie is such a threat
|
|switch|p1a: Amoonguss|Amoonguss, M|286\/432 brn
|move|p2a: Starmie|Scald|p1a: Amoonguss
|-resisted|p1a: Amoonguss
|-damage|p1a: Amoonguss|227\/432 brn
|
|-heal|p2a: Starmie|323\/323|[from] item: Leftovers
|-damage|p1a: Amoonguss|173\/432 brn|[from] brn
|turn|30
|leave|Ox the Box
|
|switch|p2a: Tangrowth|Tangrowth, M|398\/403
|switch|p1a: Chansey|Chansey, F|703\/703
|
|turn|31
|
|move|p1a: Chansey|Thunder Wave|p2a: Tangrowth
|-status|p2a: Tangrowth|par
|move|p2a: Tangrowth|Knock Off|p1a: Chansey
|-crit|p1a: Chansey
|-damage|p1a: Chansey|562\/703
|-enditem|p1a: Chansey|Eviolite|[from] move: Knock Off|[of] p2a: Tangrowth
|
|turn|32
|
|switch|p1a: Landorus-Therian|Landorus-Therian, M|325\/382
|-ability|p1a: Landorus-Therian|Intimidate|[of] p2a: Tangrowth
|-unboost|p2a: Tangrowth|atk|1
|switch|p2a: Landorus-Therian|Landorus-Therian, M|381\/381
|-ability|p2a: Landorus-Therian|Intimidate|[of] p1a: Landorus-Therian
|-unboost|p1a: Landorus-Therian|atk|1
|
|turn|33
|
|move|p2a: Landorus-Therian|Stealth Rock|p1a: Landorus-Therian
|-sidestart|p1: lil manaphy|move: Stealth Rock
|move|p1a: Landorus-Therian|Stealth Rock|p2a: Landorus-Therian
|-sidestart|p2: A2tehBR|move: Stealth Rock
|
|turn|34
|
|move|p1a: Landorus-Therian|Stone Edge|p2a: Landorus-Therian
|-damage|p2a: Landorus-Therian|325\/381
|move|p2a: Landorus-Therian|Rock Slide|p1a: Landorus-Therian
|-miss|p2a: Landorus-Therian|p1a: Landorus-Therian
|
|-heal|p2a: Landorus-Therian|348\/381|[from] item: Leftovers
|turn|35
|
|move|p2a: Landorus-Therian|Rock Slide|p1a: Landorus-Therian
|-damage|p1a: Landorus-Therian|263\/382
|move|p1a: Landorus-Therian|Stone Edge|p2a: Landorus-Therian
|-damage|p2a: Landorus-Therian|294\/381
|
|-heal|p2a: Landorus-Therian|317\/381|[from] item: Leftovers
|turn|36
|
|move|p1a: Landorus-Therian|U-turn|p2a: Landorus-Therian
|-resisted|p2a: Landorus-Therian
|-damage|p2a: Landorus-Therian|296\/381
|
|switch|p1a: Amoonguss|Amoonguss, M|317\/432 brn
|-damage|p1a: Amoonguss|263\/432 brn|[from] Stealth Rock
|move|p2a: Landorus-Therian|Knock Off|p1a: Amoonguss
|-damage|p1a: Amoonguss|196\/432 brn
|
|-heal|p2a: Landorus-Therian|319\/381|[from] item: Leftovers
|-damage|p1a: Amoonguss|142\/432 brn|[from] brn
|turn|37
|
|switch|p1a: Mandibuzz|Mandibuzz, F|384\/423
|-damage|p1a: Mandibuzz|279\/423|[from] Stealth Rock
|move|p2a: Landorus-Therian|Earthquake|p1a: Mandibuzz
|-immune|p1a: Mandibuzz|[msg]
|
|-heal|p2a: Landorus-Therian|342\/381|[from] item: Leftovers
|turn|38
|
|move|p2a: Landorus-Therian|Rock Slide|p1a: Mandibuzz
|-supereffective|p1a: Mandibuzz
|-damage|p1a: Mandibuzz|155\/423
|cant|p1a: Mandibuzz|flinch
|
|-heal|p2a: Landorus-Therian|365\/381|[from] item: Leftovers
|turn|39
|
|move|p2a: Landorus-Therian|Rock Slide|p1a: Mandibuzz
|-supereffective|p1a: Mandibuzz
|-damage|p1a: Mandibuzz|31\/423
|move|p1a: Mandibuzz|Roost|p1a: Mandibuzz
|-heal|p1a: Mandibuzz|243\/423
|
|-heal|p2a: Landorus-Therian|381\/381|[from] item: Leftovers
|turn|40
|
|switch|p2a: Starmie|Starmie|323\/323
|-damage|p2a: Starmie|283\/323|[from] Stealth Rock
|move|p1a: Mandibuzz|Roost|p1a: Mandibuzz
|-heal|p1a: Mandibuzz|423\/423
|
|-heal|p2a: Starmie|303\/323|[from] item: Leftovers
|turn|41
|
|move|p2a: Starmie|Scald|p1a: Mandibuzz
|-crit|p1a: Mandibuzz
|-damage|p1a: Mandibuzz|276\/423
|move|p1a: Mandibuzz|Defog|p2a: Starmie
|-unboost|p2a: Starmie|evasion|1
|-sideend|p2: A2tehBR|Stealth Rock|[from] move: Defog|[of] p2a: Starmie
|-sideend|p1: lil manaphy|Stealth Rock|[from] move: Defog|[of] p1a: Mandibuzz
|
|-heal|p2a: Starmie|323\/323|[from] item: Leftovers
|turn|42
|c|âA2tehBR|where is mah burn
|
|switch|p1a: Amoonguss|Amoonguss, M|286\/432 brn
|move|p2a: Starmie|Scald|p1a: Amoonguss
|-resisted|p1a: Amoonguss
|-damage|p1a: Amoonguss|232\/432 brn
|
|-damage|p1a: Amoonguss|178\/432 brn|[from] brn
|turn|43
|
|switch|p2a: Tangrowth|Tangrowth, M|403\/403 par
|switch|p1a: Gardevoir|Gardevoir, M|230\/277
|-ability|p1a: Gardevoir|Regenerator|[from] ability: Trace|[of] p2a: Tangrowth
|
|turn|44
|
|move|p1a: Gardevoir|Focus Blast|p2a: Tangrowth
|-damage|p2a: Tangrowth|275\/403 par
|move|p2a: Tangrowth|Giga Drain|p1a: Gardevoir
|-damage|p1a: Gardevoir|152\/277
|-heal|p2a: Tangrowth|314\/403 par|[from] drain|[of] p1a: Gardevoir
|
|turn|45
|
|switch|p2a: Jirachi|Jirachi|334\/400
|move|p1a: Gardevoir|Psyshock|p2a: Jirachi
|-resisted|p2a: Jirachi
|-damage|p2a: Jirachi|303\/400
|
|-heal|p2a: Jirachi|328\/400|[from] item: Leftovers
|turn|46
|
|switch|p1a: Landorus-Therian|Landorus-Therian, M|263\/382
|-ability|p1a: Landorus-Therian|Intimidate|[of] p2a: Jirachi
|-unboost|p2a: Jirachi|atk|1
|move|p2a: Jirachi|U-turn|p1a: Landorus-Therian
|-resisted|p1a: Landorus-Therian
|-damage|p1a: Landorus-Therian|250\/382
|
|switch|p2a: Landorus-Therian|Landorus-Therian, M|381\/381
|-ability|p2a: Landorus-Therian|Intimidate|[of] p1a: Landorus-Therian
|-unboost|p1a: Landorus-Therian|atk|1
|
|turn|47
|
|move|p2a: Landorus-Therian|Stealth Rock|p1a: Landorus-Therian
|-sidestart|p1: lil manaphy|move: Stealth Rock
|move|p1a: Landorus-Therian|Stealth Rock|p2a: Landorus-Therian
|-sidestart|p2: A2tehBR|move: Stealth Rock
|
|turn|48
|leave|yrs
|join|yrs
|leave|yrs
|
|move|p1a: Landorus-Therian|U-turn|p2a: Landorus-Therian
|-resisted|p2a: Landorus-Therian
|-damage|p2a: Landorus-Therian|360\/381
|
|switch|p1a: Amoonguss|Amoonguss, M|322\/432 brn
|-damage|p1a: Amoonguss|268\/432 brn|[from] Stealth Rock
|move|p2a: Landorus-Therian|Knock Off|p1a: Amoonguss
|-damage|p1a: Amoonguss|203\/432 brn
|
|-heal|p2a: Landorus-Therian|381\/381|[from] item: Leftovers
|-damage|p1a: Amoonguss|149\/432 brn|[from] brn
|turn|49
|
|switch|p2a: Tangrowth|Tangrowth, M|403\/403 par
|-damage|p2a: Tangrowth|353\/403 par|[from] Stealth Rock
|switch|p1a: Landorus-Therian|Landorus-Therian, M|250\/382
|-damage|p1a: Landorus-Therian|203\/382|[from] Stealth Rock
|-ability|p1a: Landorus-Therian|Intimidate|[of] p2a: Tangrowth
|-unboost|p2a: Tangrowth|atk|1
|
|turn|50
|
|move|p1a: Landorus-Therian|U-turn|p2a: Tangrowth
|-supereffective|p2a: Tangrowth
|-damage|p2a: Tangrowth|233\/403 par
|join|TheMundane
|
|switch|p1a: Gardevoir|Gardevoir, M|244\/277
|-damage|p1a: Gardevoir|210\/277|[from] Stealth Rock
|-ability|p1a: Gardevoir|Regenerator|[from] ability: Trace|[of] p2a: Tangrowth
|move|p2a: Tangrowth|Giga Drain|p1a: Gardevoir
|-damage|p1a: Gardevoir|128\/277
|-heal|p2a: Tangrowth|274\/403 par|[from] drain|[of] p1a: Gardevoir
|
|turn|51
|join|Yuttt.mackerel
|
|switch|p2a: Jirachi|Jirachi|328\/400
|-damage|p2a: Jirachi|303\/400|[from] Stealth Rock
|move|p1a: Gardevoir|Focus Blast|p2a: Jirachi
|-damage|p2a: Jirachi|204\/400
|
|-heal|p2a: Jirachi|229\/400|[from] item: Leftovers
|turn|52
|
|switch|p1a: Landorus-Therian|Landorus-Therian, M|203\/382
|-damage|p1a: Landorus-Therian|156\/382|[from] Stealth Rock
|-ability|p1a: Landorus-Therian|Intimidate|[of] p2a: Jirachi
|-unboost|p2a: Jirachi|atk|1
|move|p2a: Jirachi|Wish|p2a: Jirachi
|
|-heal|p2a: Jirachi|254\/400|[from] item: Leftovers
|turn|53
|
|move|p2a: Jirachi|Protect|p2a: Jirachi
|-singleturn|p2a: Jirachi|Protect
|move|p1a: Landorus-Therian|Earthquake|p2a: Jirachi
|-activate|p2a: Jirachi|Protect
|
|-heal|p2a: Jirachi|400\/400|[from] move: Wish|[wisher] Jirachi
|turn|54
|join|Alldaalts
|
|switch|p2a: Tangrowth|Tangrowth, M|403\/403 par
|-damage|p2a: Tangrowth|353\/403 par|[from] Stealth Rock
|move|p1a: Landorus-Therian|U-turn|p2a: Tangrowth
|-supereffective|p2a: Tangrowth
|-damage|p2a: Tangrowth|233\/403 par
|
|switch|p1a: Gardevoir|Gardevoir, M|220\/277
|-damage|p1a: Gardevoir|186\/277|[from] Stealth Rock
|-ability|p1a: Gardevoir|Regenerator|[from] ability: Trace|[of] p2a: Tangrowth
|
|turn|55
|c| cosine180|doesnt keldeo break
|c|âlil manaphy|got haxed
|join|0 Void Star 0
|c| cosine180|:\/
|c|âA2tehBR|?
|
|switch|p2a: Jirachi|Jirachi|400\/400
|-damage|p2a: Jirachi|375\/400|[from] Stealth Rock
|detailschange|p1a: Gardevoir|Gardevoir-Mega, M
|-mega|p1a: Gardevoir|Gardevoir|Gardevoirite
|move|p1a: Gardevoir|Hyper Voice|p2a: Jirachi
|-resisted|p2a: Jirachi
|-damage|p2a: Jirachi|282\/400
|
|-heal|p2a: Jirachi|307\/400|[from] item: Leftovers
|turn|56
|-message|lil manaphy forfeited.
|leave|lil manaphy
|leave|cosine180
|
|win|A2tehBR
|raw|Ladder updating...
|player|p1
|raw|lil manaphy's rating: 1726 &rarr; <strong>1694<\/strong><br \/>(-32 for losing)
|raw|A2tehBR's rating: 1497 &rarr; <strong>1529<\/strong><br \/>(+32 for winning)
|c| gizmo|abr the haxing fgt
|leave|0 Void Star 0
|join|0 Void Star 0
|leave|TheMundane
|leave|0 Void Star 0
|join|TheMundane
|leave|TheMundane
|c| Yuttt.mackerel|y yeah
|leave|Yuttt.mackerel
|leave|A2tehBR
|join|Yuttt.mackerel
|join|A2tehBR
|leave|Yuttt.mackerel
|leave|A2tehBR
|player|p2