|join|lil manaphy
|join|ThisFireBurns
|player|p1|lil manaphy|9
|player|p2|ThisFireBurns|1
|gametype|singles
|gen|6
|tier|OU
|rated
|clearpoke
|poke|p1|Lopunny, F
|poke|p1|Rotom-Wash
|poke|p1|Gothitelle, F
|poke|p1|Celebi
|poke|p1|Heatran, M
|poke|p1|Mandibuzz, F
|poke|p2|Lopunny, F
|poke|p2|Rotom-Wash
|poke|p2|Gardevoir, M
|poke|p2|Landorus-Therian, M
|poke|p2|Bisharp, F
|poke|p2|Kyurem-Black
|rule|Swagger Clause: Swagger is banned
|rule|Baton Pass Clause: Limit one PokÃ©mon knowing Baton Pass
|rule|Sleep Clause Mod: Limit one foe put to sleep
|rule|Species Clause: Limit one of each PokÃ©mon
|rule|OHKO Clause: OHKO moves are banned
|rule|Moody Clause: Moody is banned
|rule|Evasion Moves Clause: Evasion moves are banned
|rule|Endless Battle Clause: Forcing endless battles is banned
|rule|HP Percentage Mod: HP is shown in percentages
|teampreview
|
|start
|switch|p1a: Lopunny|Lopunny, F|271\/271
|switch|p2a: Lopunny|Lopunny, F|271\/271
|turn|1
|
|switch|p1a: Mandibuzz|Mandibuzz, F|423\/423
|detailschange|p2a: Lopunny|Lopunny-Mega, F
|-mega|p2a: Lopunny|Lopunny|Lopunnite
|move|p2a: Lopunny|Fake Out|p1a: Mandibuzz
|-damage|p1a: Mandibuzz|366\/423
|-damage|p2a: Lopunny|226\/271|[from] item: Rocky Helmet|[of] p1a: Mandibuzz
|
|turn|2
|
|switch|p2a: Rotom-Wash|Rotom-Wash|299\/299
|move|p1a: Mandibuzz|Foul Play|p2a: Rotom-Wash
|-damage|p2a: Rotom-Wash|256\/299
|
|turn|3
|
|switch|p1a: Celebi|Celebi|404\/404
|move|p2a: Rotom-Wash|Volt Switch|p1a: Celebi
|-resisted|p1a: Celebi
|-damage|p1a: Celebi|374\/404
|
|switch|p2a: Bisharp|Bisharp, F|271\/271
|
|-heal|p1a: Celebi|399\/404|[from] item: Leftovers
|turn|4
|
|switch|p1a: Mandibuzz|Mandibuzz, F|366\/423
|move|p2a: Bisharp|Knock Off|p1a: Mandibuzz
|-resisted|p1a: Mandibuzz
|-damage|p1a: Mandibuzz|285\/423
|-damage|p2a: Bisharp|226\/271|[from] item: Rocky Helmet|[of] p1a: Mandibuzz
|-enditem|p1a: Mandibuzz|Rocky Helmet|[from] move: Knock Off|[of] p2a: Bisharp
|-damage|p2a: Bisharp|199\/271|[from] item: Life Orb
|
|turn|5
|
|switch|p2a: Rotom-Wash|Rotom-Wash|256\/299
|move|p1a: Mandibuzz|Roost|p1a: Mandibuzz
|-heal|p1a: Mandibuzz|423\/423
|
|turn|6
|
|switch|p1a: Celebi|Celebi|399\/404
|move|p2a: Rotom-Wash|Volt Switch|p1a: Celebi
|-resisted|p1a: Celebi
|-damage|p1a: Celebi|369\/404
|
|switch|p2a: Kyurem-Black|Kyurem-Black|391\/391
|-ability|p2a: Kyurem-Black|Teravolt
|
|-heal|p1a: Celebi|394\/404|[from] item: Leftovers
|turn|7
|
|switch|p1a: Gothitelle|Gothitelle, F|301\/301
|move|p2a: Kyurem-Black|Ice Beam|p1a: Gothitelle
|-damage|p1a: Gothitelle|116\/301
|-damage|p2a: Kyurem-Black|352\/391|[from] item: Life Orb
|
|turn|8
|
|move|p1a: Gothitelle|Trick|p2a: Kyurem-Black
|-activate|p1a: Gothitelle|move: Trick|[of] p2a: Kyurem-Black
|-item|p2a: Kyurem-Black|Choice Scarf|[from] move: Trick
|-item|p1a: Gothitelle|Life Orb|[from] move: Trick
|move|p2a: Kyurem-Black|Ice Beam|p1a: Gothitelle
|-damage|p1a: Gothitelle|0 fnt
|faint|p1a: Gothitelle
|
|
|switch|p1a: Heatran|Heatran, M|384\/384
|turn|9
|join|All together Now
|
|switch|p2a: Lopunny|Lopunny-Mega, F|226\/271
|move|p1a: Heatran|Stealth Rock|p2a: Lopunny
|-sidestart|p2: ThisFireBurns|move: Stealth Rock
|
|turn|10
|
|switch|p1a: Mandibuzz|Mandibuzz, F|423\/423
|move|p2a: Lopunny|High Jump Kick|p1a: Mandibuzz
|-damage|p1a: Mandibuzz|257\/423
|
|turn|11
|
|switch|p2a: Landorus-Therian|Landorus-Therian, M|319\/319
|-damage|p2a: Landorus-Therian|280\/319|[from] Stealth Rock
|-ability|p2a: Landorus-Therian|Intimidate|[of] p1a: Mandibuzz
|-unboost|p1a: Mandibuzz|atk|1
|move|p1a: Mandibuzz|Roost|p1a: Mandibuzz
|-heal|p1a: Mandibuzz|423\/423
|
|turn|12
|
|move|p2a: Landorus-Therian|Stealth Rock|p1a: Mandibuzz
|-sidestart|p1: lil manaphy|move: Stealth Rock
|move|p1a: Mandibuzz|Foul Play|p2a: Landorus-Therian
|-damage|p2a: Landorus-Therian|81\/319
|
|turn|13
|
|switch|p2a: Rotom-Wash|Rotom-Wash|256\/299
|-damage|p2a: Rotom-Wash|219\/299|[from] Stealth Rock
|move|p1a: Mandibuzz|Foul Play|p2a: Rotom-Wash
|-damage|p2a: Rotom-Wash|168\/299
|
|turn|14
|
|switch|p1a: Celebi|Celebi|394\/404
|-damage|p1a: Celebi|344\/404|[from] Stealth Rock
|move|p2a: Rotom-Wash|Volt Switch|p1a: Celebi
|-resisted|p1a: Celebi
|-damage|p1a: Celebi|314\/404
|
|switch|p2a: Lopunny|Lopunny-Mega, F|226\/271
|-damage|p2a: Lopunny|210\/271|[from] Stealth Rock
|
|-heal|p1a: Celebi|339\/404|[from] item: Leftovers
|turn|15
|
|move|p2a: Lopunny|Return|p1a: Celebi
|-damage|p1a: Celebi|144\/404
|move|p1a: Celebi|Recover|p1a: Celebi
|-heal|p1a: Celebi|346\/404
|
|-heal|p1a: Celebi|371\/404|[from] item: Leftovers
|turn|16
|
|move|p2a: Lopunny|Return|p1a: Celebi
|-damage|p1a: Celebi|172\/404
|move|p1a: Celebi|Giga Drain|p2a: Lopunny
|-damage|p2a: Lopunny|117\/271
|-heal|p1a: Celebi|219\/404|[from] drain|[of] p2a: Lopunny
|
|-heal|p1a: Celebi|244\/404|[from] item: Leftovers
|turn|17
|
|switch|p2a: Kyurem-Black|Kyurem-Black|352\/391
|-damage|p2a: Kyurem-Black|255\/391|[from] Stealth Rock
|-ability|p2a: Kyurem-Black|Teravolt
|move|p1a: Celebi|Recover|p1a: Celebi
|-heal|p1a: Celebi|404\/404
|
|turn|18
|
|move|p2a: Kyurem-Black|Earth Power|p1a: Celebi
|-resisted|p1a: Celebi
|-damage|p1a: Celebi|360\/404
|move|p1a: Celebi|Recover|p1a: Celebi
|-heal|p1a: Celebi|404\/404
|
|turn|19
|
|switch|p2a: Bisharp|Bisharp, F|199\/271
|-damage|p2a: Bisharp|183\/271|[from] Stealth Rock
|move|p1a: Celebi|Baton Pass|p1a: Celebi
|
|switch|p1a: Lopunny|Lopunny, F|271\/271
|-damage|p1a: Lopunny|238\/271|[from] Stealth Rock
|
|turn|20
|
|switch|p2a: Landorus-Therian|Landorus-Therian, M|81\/319
|-damage|p2a: Landorus-Therian|42\/319|[from] Stealth Rock
|-ability|p2a: Landorus-Therian|Intimidate|[of] p1a: Lopunny
|-unboost|p1a: Lopunny|atk|1
|detailschange|p1a: Lopunny|Lopunny-Mega, F
|-mega|p1a: Lopunny|Lopunny|Lopunnite
|move|p1a: Lopunny|Drain Punch|p2a: Landorus-Therian
|-resisted|p2a: Landorus-Therian
|-damage|p2a: Landorus-Therian|0 fnt
|-heal|p1a: Lopunny|259\/271|[from] drain|[of] p2a: Landorus-Therian
|faint|p2a: Landorus-Therian
|
|
|switch|p2a: Gardevoir|Gardevoir, M|277\/277
|-damage|p2a: Gardevoir|243\/277|[from] Stealth Rock
|-ability|p2a: Gardevoir|Scrappy|[from] ability: Trace|[of] p1a: Lopunny
|turn|21
|
|switch|p1a: Celebi|Celebi|404\/404
|-damage|p1a: Celebi|354\/404|[from] Stealth Rock
|switch|p2a: Bisharp|Bisharp, F|183\/271
|-damage|p2a: Bisharp|167\/271|[from] Stealth Rock
|
|-heal|p1a: Celebi|379\/404|[from] item: Leftovers
|turn|22
|
|switch|p1a: Mandibuzz|Mandibuzz, F|423\/423
|-damage|p1a: Mandibuzz|318\/423|[from] Stealth Rock
|move|p2a: Bisharp|Thunder Wave|p1a: Mandibuzz
|-status|p1a: Mandibuzz|par
|
|turn|23
|
|switch|p2a: Rotom-Wash|Rotom-Wash|168\/299
|-damage|p2a: Rotom-Wash|131\/299|[from] Stealth Rock
|move|p1a: Mandibuzz|Roost|p1a: Mandibuzz
|-heal|p1a: Mandibuzz|423\/423 par
|
|turn|24
|
|switch|p1a: Celebi|Celebi|379\/404
|-damage|p1a: Celebi|329\/404|[from] Stealth Rock
|move|p2a: Rotom-Wash|Volt Switch|p1a: Celebi
|-crit|p1a: Celebi
|-resisted|p1a: Celebi
|-damage|p1a: Celebi|278\/404
|
|switch|p2a: Bisharp|Bisharp, F|167\/271
|-damage|p2a: Bisharp|151\/271|[from] Stealth Rock
|
|-heal|p1a: Celebi|303\/404|[from] item: Leftovers
|turn|25
|
|switch|p1a: Mandibuzz|Mandibuzz, F|423\/423 par
|-damage|p1a: Mandibuzz|318\/423 par|[from] Stealth Rock
|move|p2a: Bisharp|Iron Head|p1a: Mandibuzz
|-damage|p1a: Mandibuzz|166\/423 par
|-damage|p2a: Bisharp|124\/271|[from] item: Life Orb
|
|turn|26
|
|move|p2a: Bisharp|Iron Head|p1a: Mandibuzz
|-damage|p1a: Mandibuzz|36\/423 par
|-damage|p2a: Bisharp|97\/271|[from] item: Life Orb
|cant|p1a: Mandibuzz|par
|
|turn|27
|
|move|p2a: Bisharp|Knock Off|p1a: Mandibuzz
|-crit|p1a: Mandibuzz
|-resisted|p1a: Mandibuzz
|-damage|p1a: Mandibuzz|0 fnt
|-damage|p2a: Bisharp|70\/271|[from] item: Life Orb
|faint|p1a: Mandibuzz
|
|
|switch|p1a: Lopunny|Lopunny-Mega, F|259\/271
|-damage|p1a: Lopunny|243\/271|[from] Stealth Rock
|turn|28
|
|move|p2a: Bisharp|Sucker Punch|p1a: Lopunny
|-resisted|p1a: Lopunny
|-damage|p1a: Lopunny|139\/271
|-damage|p2a: Bisharp|43\/271|[from] item: Life Orb
|move|p1a: Lopunny|Drain Punch|p2a: Bisharp
|-supereffective|p2a: Bisharp
|-damage|p2a: Bisharp|0 fnt
|-heal|p1a: Lopunny|161\/271|[from] drain|[of] p2a: Bisharp
|faint|p2a: Bisharp
|
|
|switch|p2a: Lopunny|Lopunny-Mega, F|117\/271
|-damage|p2a: Lopunny|101\/271|[from] Stealth Rock
|turn|29
|
|switch|p1a: Rotom-Wash|Rotom-Wash|303\/303
|-damage|p1a: Rotom-Wash|266\/303|[from] Stealth Rock
|move|p2a: Lopunny|Return|p1a: Rotom-Wash
|-damage|p1a: Rotom-Wash|140\/303
|
|-heal|p1a: Rotom-Wash|158\/303|[from] item: Leftovers
|turn|30
|
|move|p2a: Lopunny|High Jump Kick|p1a: Rotom-Wash|[miss]
|-miss|p2a: Lopunny|p1a: Rotom-Wash
|-damage|p2a: Lopunny|0 fnt|[from] highjumpkick
|faint|p2a: Lopunny
|move|p1a: Rotom-Wash|Volt Switch|p2: Lopunny|[notarget]
|-notarget
|
|-heal|p1a: Rotom-Wash|176\/303|[from] item: Leftovers
|-message|ThisFireBurns forfeited.
|leave|ThisFireBurns
|
|win|lil manaphy
|raw|Ladder updating...
|raw|lil manaphy's rating: 1762 &rarr; <strong>1776<\/strong><br \/>(+14 for winning)
|raw|ThisFireBurns's rating: 1661 &rarr; <strong>1647<\/strong><br \/>(-14 for losing)