|join|Messuduppotatoasia
|join|Morhange
|player|p1|Messuduppotatoasia|142
|player|p2|Morhange|267
|gametype|singles
|gen|6
|tier|OU
|rated
|clearpoke
|poke|p1|Landorus-Therian, M
|poke|p1|Heracross, F
|poke|p1|Raikou
|poke|p1|Scizor, F
|poke|p1|Latios, M
|poke|p1|Terrakion
|poke|p2|Pinsir, M, shiny
|poke|p2|Clefable, M
|poke|p2|Magnezone
|poke|p2|Keldeo-Resolute
|poke|p2|Donphan, F, shiny
|poke|p2|Darmanitan, M
|rule|Swagger Clause: Swagger is banned
|rule|Baton Pass Clause: Limit one PokÃ©mon knowing Baton Pass
|rule|Sleep Clause Mod: Limit one foe put to sleep
|rule|Species Clause: Limit one of each PokÃ©mon
|rule|OHKO Clause: OHKO moves are banned
|rule|Moody Clause: Moody is banned
|rule|Evasion Moves Clause: Evasion moves are banned
|rule|Endless Battle Clause: Forcing endless battles is banned
|rule|HP Percentage Mod: HP is shown in percentages
|teampreview
|
|start
|switch|p1a: Isai|Heracross, F|308\/308
|switch|p2a: Keldeo-Resolute|Keldeo-Resolute|323\/323
|turn|1
|
|detailschange|p1a: Isai|Heracross-Mega, F
|message|Heracross has Mega Evolved into Mega Heracross!
|move|p2a: Keldeo-Resolute|Hydro Pump|p1a: Isai|[miss]
|-miss|p2a: Keldeo-Resolute|p1a: Isai
|move|p1a: Isai|Bullet Seed|p2a: Keldeo-Resolute
|-supereffective|p2a: Keldeo-Resolute
|-damage|p2a: Keldeo-Resolute|225\/323
|-supereffective|p2a: Keldeo-Resolute
|-damage|p2a: Keldeo-Resolute|135\/323
|-supereffective|p2a: Keldeo-Resolute
|-damage|p2a: Keldeo-Resolute|35\/323
|-supereffective|p2a: Keldeo-Resolute
|-damage|p2a: Keldeo-Resolute|0 fnt
|-hitcount|p2a: Keldeo-Resolute|4
|faint|p2a: Keldeo-Resolute
|
|
|switch|p2a: Pinsir|Pinsir, M, shiny|271\/271
|-ability|p2a: Pinsir|Mold Breaker
|turn|2
|
|switch|p1a: Landorus-Therian|Landorus-Therian, M|381\/381
|-ability|p1a: Landorus-Therian|Intimidate|[of] p2a: Pinsir
|-unboost|p2a: Pinsir|atk|1
|move|p2a: Pinsir|Substitute|p2a: Pinsir
|-start|p2a: Pinsir|Substitute
|-damage|p2a: Pinsir|204\/271
|
|turn|3
|
|detailschange|p2a: Pinsir|Pinsir-Mega, M, shiny
|message|Pinsir has Mega Evolved into Mega Pinsir!
|move|p2a: Pinsir|Return|p1a: Landorus-Therian
|-damage|p1a: Landorus-Therian|243\/381
|-damage|p2a: Pinsir|159\/271|[from] item: Rocky Helmet|[of] p1a: Landorus-Therian
|move|p1a: Landorus-Therian|Stealth Rock|p2a: Pinsir
|-sidestart|p2: Morhange|move: Stealth Rock
|
|turn|4
|
|move|p2a: Pinsir|Return|p1a: Landorus-Therian
|-damage|p1a: Landorus-Therian|104\/381
|-damage|p2a: Pinsir|114\/271|[from] item: Rocky Helmet|[of] p1a: Landorus-Therian
|move|p1a: Landorus-Therian|Stone Edge|p2a: Pinsir
|-supereffective|p2a: Pinsir
|-end|p2a: Pinsir|Substitute
|
|turn|5
|
|switch|p1a: Scizor|Scizor, F|343\/343
|move|p2a: Pinsir|Return|p1a: Scizor
|-crit|p1a: Scizor
|-damage|p1a: Scizor|0 fnt
|faint|p1a: Scizor
|
|
|switch|p1a: Raikou|Raikou|321\/321
|-ability|p1a: Raikou|Pressure
|turn|6
|
|switch|p2a: Magnezone|Magnezone|281\/281
|-damage|p2a: Magnezone|264\/281|[from] Stealth Rock
|move|p1a: Raikou|Volt Switch|p2a: Magnezone
|-resisted|p2a: Magnezone
|-damage|p2a: Magnezone|198\/281
|
|switch|p1a: Terrakion|Terrakion|323\/323
|
|turn|7
|
|switch|p2a: Donfina|Donphan, F, shiny|384\/384
|-damage|p2a: Donfina|360\/384|[from] Stealth Rock
|move|p1a: Terrakion|Close Combat|p2a: Donfina
|-damage|p2a: Donfina|221\/384
|-unboost|p1a: Terrakion|def|1
|-unboost|p1a: Terrakion|spd|1
|
|-heal|p2a: Donfina|245\/384|[from] item: Leftovers
|turn|8
|
|switch|p1a: Isai|Heracross-Mega, F|308\/308
|move|p2a: Donfina|Rapid Spin|p1a: Isai
|-damage|p1a: Isai|292\/308
|-sideend|p2: Morhange|Stealth Rock|[from] move: Rapid Spin|[of] p2a: Donfina
|
|-heal|p2a: Donfina|269\/384|[from] item: Leftovers
|turn|9
|
|switch|p2a: Pinsir|Pinsir-Mega, M, shiny|114\/271
|move|p1a: Isai|Pin Missile|p2a: Pinsir
|-resisted|p2a: Pinsir
|-damage|p2a: Pinsir|85\/271
|-resisted|p2a: Pinsir
|-damage|p2a: Pinsir|55\/271
|-resisted|p2a: Pinsir
|-damage|p2a: Pinsir|28\/271
|-resisted|p2a: Pinsir
|-damage|p2a: Pinsir|1\/271
|-resisted|p2a: Pinsir
|-damage|p2a: Pinsir|0 fnt
|-hitcount|p2a: Pinsir|5
|faint|p2a: Pinsir
|
|
|switch|p2a: Darmanitan|Darmanitan, M|351\/351
|turn|10
|
|switch|p1a: Landorus-Therian|Landorus-Therian, M|104\/381
|-ability|p1a: Landorus-Therian|Intimidate|[of] p2a: Darmanitan
|-unboost|p2a: Darmanitan|atk|1
|move|p2a: Darmanitan|U-turn|p1a: Landorus-Therian
|-crit|p1a: Landorus-Therian
|-resisted|p1a: Landorus-Therian
|-damage|p1a: Landorus-Therian|56\/381
|-damage|p2a: Darmanitan|293\/351|[from] item: Rocky Helmet|[of] p1a: Landorus-Therian
|
|switch|p2a: Donfina|Donphan, F, shiny|269\/384
|
|-heal|p2a: Donfina|293\/384|[from] item: Leftovers
|turn|11
|
|move|p2a: Donfina|Ice Shard|p1a: Landorus-Therian
|-supereffective|p1a: Landorus-Therian
|-damage|p1a: Landorus-Therian|0 fnt
|faint|p1a: Landorus-Therian
|
|-heal|p2a: Donfina|317\/384|[from] item: Leftovers
|
|switch|p1a: Isai|Heracross-Mega, F|292\/308
|turn|12
|
|switch|p2a: Magnezone|Magnezone|198\/281
|move|p1a: Isai|Bullet Seed|p2a: Magnezone
|-resisted|p2a: Magnezone
|-damage|p2a: Magnezone|179\/281
|-resisted|p2a: Magnezone
|-damage|p2a: Magnezone|159\/281
|-resisted|p2a: Magnezone
|-damage|p2a: Magnezone|139\/281
|-resisted|p2a: Magnezone
|-damage|p2a: Magnezone|122\/281
|-resisted|p2a: Magnezone
|-damage|p2a: Magnezone|104\/281
|-hitcount|p2a: Magnezone|5
|
|turn|13
|
|move|p2a: Magnezone|Volt Switch|p1a: Isai
|-damage|p1a: Isai|181\/308
|
|switch|p2a: Clef.|Clefable, M|390\/390
|move|p1a: Isai|Pin Missile|p2a: Clef.
|-resisted|p2a: Clef.
|-damage|p2a: Clef.|357\/390
|-resisted|p2a: Clef.
|-damage|p2a: Clef.|322\/390
|-resisted|p2a: Clef.
|-damage|p2a: Clef.|286\/390
|-resisted|p2a: Clef.
|-damage|p2a: Clef.|252\/390
|-resisted|p2a: Clef.
|-damage|p2a: Clef.|216\/390
|-hitcount|p2a: Clef.|5
|
|-heal|p2a: Clef.|240\/390|[from] item: Leftovers
|turn|14
|
|move|p1a: Isai|Bullet Seed|p2a: Clef.
|-damage|p2a: Clef.|193\/390
|-crit|p2a: Clef.
|-damage|p2a: Clef.|131\/390
|-damage|p2a: Clef.|86\/390
|-damage|p2a: Clef.|39\/390
|-damage|p2a: Clef.|0 fnt
|-hitcount|p2a: Clef.|5
|faint|p2a: Clef.
|
|
|switch|p2a: Darmanitan|Darmanitan, M|293\/351
|turn|15
|
|move|p2a: Darmanitan|Flare Blitz|p1a: Isai
|-supereffective|p1a: Isai
|-damage|p1a: Isai|0 fnt
|-damage|p2a: Darmanitan|233\/351|[from] recoil|[of] p1a: Isai
|faint|p1a: Isai
|
|
|switch|p1a: Terrakion|Terrakion|323\/323
|turn|16
|
|move|p1a: Terrakion|Close Combat|p2a: Darmanitan
|-damage|p2a: Darmanitan|0 fnt
|-unboost|p1a: Terrakion|def|1
|-unboost|p1a: Terrakion|spd|1
|faint|p2a: Darmanitan
|
|
|switch|p2a: Donfina|Donphan, F, shiny|317\/384
|turn|17
|
|switch|p1a: Latios|Latios, M|301\/301
|move|p2a: Donfina|Knock Off|p1a: Latios
|-supereffective|p1a: Latios
|-damage|p1a: Latios|41\/301
|-enditem|p1a: Latios|Life Orb|[from] move: Knock Off|[of] p2a: Donfina
|
|-heal|p2a: Donfina|341\/384|[from] item: Leftovers
|turn|18
|
|move|p2a: Donfina|Ice Shard|p1a: Latios
|-supereffective|p1a: Latios
|-damage|p1a: Latios|0 fnt
|faint|p1a: Latios
|
|-heal|p2a: Donfina|365\/384|[from] item: Leftovers
|
|switch|p1a: Raikou|Raikou|321\/321
|-ability|p1a: Raikou|Pressure
|turn|19
|
|switch|p2a: Magnezone|Magnezone|104\/281
|move|p1a: Raikou|Hidden Power|p2a: Magnezone
|-resisted|p2a: Magnezone
|-damage|p2a: Magnezone|69\/281
|
|turn|20
|
|move|p2a: Magnezone|Flash Cannon|p1a: Raikou
|-resisted|p1a: Raikou
|-damage|p1a: Raikou|276\/321
|-unboost|p1a: Raikou|spd|1
|move|p1a: Raikou|Hidden Power|p2a: Magnezone
|-resisted|p2a: Magnezone
|-damage|p2a: Magnezone|36\/281
|
|turn|21
|
|move|p2a: Magnezone|Flash Cannon|p1a: Raikou
|-resisted|p1a: Raikou
|-damage|p1a: Raikou|207\/321
|-unboost|p1a: Raikou|spd|1
|move|p1a: Raikou|Hidden Power|p2a: Magnezone
|-resisted|p2a: Magnezone
|-damage|p2a: Magnezone|0 fnt
|faint|p2a: Magnezone
|
|
|switch|p2a: Donfina|Donphan, F, shiny|365\/384
|turn|22
|
|move|p1a: Raikou|Hidden Power|p2a: Donfina
|-supereffective|p2a: Donfina
|-damage|p2a: Donfina|149\/384
|move|p2a: Donfina|Earthquake|p1a: Raikou
|-supereffective|p1a: Raikou
|-damage|p1a: Raikou|0 fnt
|faint|p1a: Raikou
|
|-heal|p2a: Donfina|173\/384|[from] item: Leftovers
|
|switch|p1a: Terrakion|Terrakion|323\/323
|turn|23
|
|move|p1a: Terrakion|Close Combat|p2a: Donfina
|-damage|p2a: Donfina|47\/384
|-unboost|p1a: Terrakion|def|1
|-unboost|p1a: Terrakion|spd|1
|move|p2a: Donfina|Earthquake|p1a: Terrakion
|-supereffective|p1a: Terrakion
|-damage|p1a: Terrakion|0 fnt
|faint|p1a: Terrakion
|
|win|Morhange
|raw|Ladder updating...
|raw|Messuduppotatoasia's rating: 1728 &rarr; <strong>1707<\/strong><br \/>(-21 for losing)
|raw|Morhange's rating: 1719 &rarr; <strong>1739<\/strong><br \/>(+20 for winning)
|leave|Messuduppotatoasia
|player|p1