|join|Messuduppotatoasia
|join|MagcargoFTW
|player|p1|Messuduppotatoasia|142
|player|p2|MagcargoFTW|102
|gametype|singles
|gen|6
|tier|OU
|clearpoke
|poke|p1|Tyranitar, F
|poke|p1|Charizard, M
|poke|p1|Rotom-Wash
|poke|p1|Scizor, F
|poke|p1|Terrakion
|poke|p1|Latios, M
|poke|p2|Politoed, M
|poke|p2|Armaldo, M
|poke|p2|Feraligatr, M
|poke|p2|Dragonite, M
|poke|p2|Kingdra, M
|poke|p2|Manectric, M
|rule|Swagger Clause: Swagger is banned
|rule|Baton Pass Clause: Limit one PokÃ©mon knowing Baton Pass
|rule|Sleep Clause Mod: Limit one foe put to sleep
|rule|Species Clause: Limit one of each PokÃ©mon
|rule|OHKO Clause: OHKO moves are banned
|rule|Moody Clause: Moody is banned
|rule|Evasion Moves Clause: Evasion moves are banned
|rule|Endless Battle Clause: Forcing endless battles is banned
|rule|HP Percentage Mod: HP is reported as percentages
|teampreview
|chat|MagcargoFTW|gl hf
|chat|Messuduppotatoasia|in the meanwhile I'll post it on the thread
|
|start
|switch|p1a: Charizard|Charizard, M|297\/297
|switch|p2a: Politoed|Politoed, M|384\/384
|-weather|RainDance
|turn|1
|
|detailschange|p1a: Charizard|Charizard-Mega-Y, M
|message|Charizard has Mega Evolved into Mega Charizard!
|-weather|SunnyDay
|move|p1a: Charizard|Solar Beam|p2a: Politoed|[still]
|-prepare|p1a: Charizard|Solar Beam|p2a: Politoed
|-anim|p1a: Charizard|Solar Beam|p2a: Politoed
|-supereffective|p2a: Politoed
|-damage|p2a: Politoed|58\/384
|move|p2a: Politoed|Hypnosis|p1a: Charizard
|-status|p1a: Charizard|slp
|
|-weather|SunnyDay|[upkeep]
|turn|2
|
|switch|p2a: Manectric|Manectric, M|282\/282
|cant|p1a: Charizard|slp
|
|-weather|SunnyDay|[upkeep]
|turn|3
|
|switch|p1a: Tyranitar|Tyranitar, F|404\/404
|-weather|Sandstorm
|detailschange|p2a: Manectric|Manectric-Mega, M
|message|Manectric has Mega Evolved into Mega Manectric!
|-ability|p2a: Manectric|Intimidate|[of] p1a: Tyranitar
|-unboost|p1a: Tyranitar|atk|1
|move|p2a: Manectric|Rain Dance|p2a: Manectric
|-weather|RainDance
|
|-weather|RainDance|[upkeep]
|turn|4
|
|move|p2a: Manectric|Volt Switch|p1a: Tyranitar
|-damage|p1a: Tyranitar|319\/404
|
|switch|p2a: Feraligatr|Feraligatr, M|312\/312
|move|p1a: Tyranitar|Stealth Rock|p2a: Feraligatr
|-sidestart|p2: MagcargoFTW|move: Stealth Rock
|
|-weather|RainDance|[upkeep]
|-heal|p1a: Tyranitar|344\/404|[from] item: Leftovers
|turn|5
|
|switch|p1a: Charizard|Charizard-Mega-Y, M|297\/297 slp
|-weather|SunnyDay
|move|p2a: Feraligatr|Swords Dance|p2a: Feraligatr
|-boost|p2a: Feraligatr|atk|2
|
|-weather|SunnyDay|[upkeep]
|turn|6
|
|move|p2a: Feraligatr|Aqua Jet|p1a: Charizard
|-supereffective|p1a: Charizard
|-damage|p1a: Charizard|84\/297 slp
|-damage|p2a: Feraligatr|281\/312|[from] item: Life Orb
|-curestatus|p1a: Charizard|slp
|move|p1a: Charizard|Solar Beam|p2a: Feraligatr|[still]
|-prepare|p1a: Charizard|Solar Beam|p2a: Feraligatr
|-anim|p1a: Charizard|Solar Beam|p2a: Feraligatr
|-supereffective|p2a: Feraligatr
|-damage|p2a: Feraligatr|0 fnt
|faint|p2a: Feraligatr
|
|-weather|SunnyDay|[upkeep]
|chat|Messuduppotatoasia|wow I sure got lucky
|
|switch|p2a: Politoed|Politoed, M|58\/384
|-damage|p2a: Politoed|10\/384|[from] Stealth Rock
|-weather|RainDance
|turn|7
|chat|MagcargoFTW|I forgot to change my avatar
|chat|MagcargoFTW|im on a different computer
|chat|MagcargoFTW|lol
|chat|Messuduppotatoasia|I just found out how to change it today lol
|
|switch|p1a: Tyranitar|Tyranitar, F|344\/404
|-weather|Sandstorm
|move|p2a: Politoed|Hydro Pump|p1a: Tyranitar|[miss]
|-miss|p2a: Politoed|p1a: Tyranitar
|
|-weather|Sandstorm|[upkeep]
|-damage|p2a: Politoed|0 fnt|[from] sandstorm
|-heal|p1a: Tyranitar|369\/404|[from] item: Leftovers
|faint|p2a: Politoed
|chat|Messuduppotatoasia|too much luck :(
|
|switch|p2a: Manectric|Manectric-Mega, M|282\/282
|-damage|p2a: Manectric|247\/282|[from] Stealth Rock
|-ability|p2a: Manectric|Intimidate|[of] p1a: Tyranitar
|-unboost|p1a: Tyranitar|atk|1
|turn|8
|
|move|p2a: Manectric|Volt Switch|p1a: Tyranitar
|-damage|p1a: Tyranitar|311\/404
|
|switch|p2a: Dragonite|Dragonite, M|323\/323
|-damage|p2a: Dragonite|243\/323|[from] Stealth Rock
|move|p1a: Tyranitar|Crunch|p2a: Dragonite
|-damage|p2a: Dragonite|141\/323
|
|-weather|Sandstorm|[upkeep]
|-damage|p2a: Dragonite|121\/323|[from] sandstorm
|-heal|p1a: Tyranitar|336\/404|[from] item: Leftovers
|turn|9
|join|Nitami
|
|switch|p2a: Manectric|Manectric-Mega, M|247\/282
|-damage|p2a: Manectric|212\/282|[from] Stealth Rock
|-ability|p2a: Manectric|Intimidate|[of] p1a: Tyranitar
|-unboost|p1a: Tyranitar|atk|1
|move|p1a: Tyranitar|Crunch|p2a: Manectric
|-damage|p2a: Manectric|131\/282
|-unboost|p2a: Manectric|def|1
|
|-weather|Sandstorm|[upkeep]
|-damage|p2a: Manectric|114\/282|[from] sandstorm
|-heal|p1a: Tyranitar|361\/404|[from] item: Leftovers
|turn|10
|chat|Messuduppotatoasia|too much T.T
|
|move|p2a: Manectric|Rain Dance|p2a: Manectric
|-weather|RainDance
|move|p1a: Tyranitar|Pursuit|p2a: Manectric
|-damage|p2a: Manectric|57\/282
|
|-weather|RainDance|[upkeep]
|-heal|p1a: Tyranitar|386\/404|[from] item: Leftovers
|turn|11
|
|move|p2a: Manectric|Thunder|p1a: Tyranitar
|-damage|p1a: Tyranitar|236\/404
|move|p1a: Tyranitar|Pursuit|p2a: Manectric
|-damage|p2a: Manectric|0 fnt
|faint|p2a: Manectric
|
|-weather|RainDance|[upkeep]
|-heal|p1a: Tyranitar|261\/404|[from] item: Leftovers
|
|switch|p2a: Kingdra|Kingdra, M|292\/292
|-damage|p2a: Kingdra|256\/292|[from] Stealth Rock
|turn|12
|
|move|p2a: Kingdra|Scald|p1a: Tyranitar
|-supereffective|p1a: Tyranitar
|-damage|p1a: Tyranitar|0 fnt
|faint|p1a: Tyranitar
|
|-weather|RainDance|[upkeep]
|
|switch|p1a: Charizard|Charizard-Mega-Y, M|84\/297
|-weather|SunnyDay
|turn|13
|
|move|p1a: Charizard|Solar Beam|p2a: Kingdra|[still]
|-prepare|p1a: Charizard|Solar Beam|p2a: Kingdra
|-anim|p1a: Charizard|Solar Beam|p2a: Kingdra
|-damage|p2a: Kingdra|81\/292
|move|p2a: Kingdra|Scald|p1a: Charizard
|-crit|p1a: Charizard
|-supereffective|p1a: Charizard
|-damage|p1a: Charizard|0 fnt
|faint|p1a: Charizard
|
|-weather|SunnyDay|[upkeep]
|
|switch|p1a: Terrakion|Terrakion|323\/323
|turn|14
|chat|MagcargoFTW|that went horrible
|
|move|p1a: Terrakion|Close Combat|p2a: Kingdra
|-damage|p2a: Kingdra|0 fnt
|-unboost|p1a: Terrakion|def|1
|-unboost|p1a: Terrakion|spd|1
|faint|p2a: Kingdra
|
|-weather|SunnyDay|[upkeep]
|chat|Messuduppotatoasia|too much hax on my end
|
|switch|p2a: Dragonite|Dragonite, M|121\/323
|-damage|p2a: Dragonite|41\/323|[from] Stealth Rock
|turn|15
|chat|Messuduppotatoasia|hopefully next round is better 
|
|move|p2a: Dragonite|Extreme Speed|p1a: Terrakion
|-resisted|p1a: Terrakion
|-damage|p1a: Terrakion|252\/323
|move|p1a: Terrakion|Close Combat|p2a: Dragonite
|-resisted|p2a: Dragonite
|-damage|p2a: Dragonite|0 fnt
|-unboost|p1a: Terrakion|def|1
|-unboost|p1a: Terrakion|spd|1
|faint|p2a: Dragonite
|
|-weather|SunnyDay|[upkeep]
|
|switch|p2a: Armaldo|Armaldo, M|292\/292
|-damage|p2a: Armaldo|219\/292|[from] Stealth Rock
|turn|16
|
|move|p1a: Terrakion|Close Combat|p2a: Armaldo
|-damage|p2a: Armaldo|12\/292
|-damage|p1a: Terrakion|199\/323|[from] item: Rocky Helmet|[of] p2a: Armaldo
|-unboost|p1a: Terrakion|def|1
|-unboost|p1a: Terrakion|spd|1
|move|p2a: Armaldo|Swords Dance|p2a: Armaldo
|-boost|p2a: Armaldo|atk|2
|
|-weather|SunnyDay|[upkeep]
|turn|17
|
|move|p1a: Terrakion|Close Combat|p2a: Armaldo
|-damage|p2a: Armaldo|0 fnt
|-damage|p1a: Terrakion|146\/323|[from] item: Rocky Helmet|[of] p2a: Armaldo
|-unboost|p1a: Terrakion|def|1
|-unboost|p1a: Terrakion|spd|1
|faint|p2a: Armaldo
|
|win|Messuduppotatoasia
|chat|MagcargoFTW|gg
|chat|Messuduppotatoasia|gg
|chat|Messuduppotatoasia|next round
|chat|Messuduppotatoasia|:P
|chat|Messuduppotatoasia|do you want me to challenge you?
|join|GoodGame1324
|leave|MagcargoFTW
|player|p2
|leave|Nitami
|leave|GoodGame1324
|join|GoodGame1324