|join|MagcargoFTW
|join|Messuduppotatoasia
|player|p1|MagcargoFTW|102
|player|p2|Messuduppotatoasia|142
|gametype|singles
|gen|6
|tier|OU
|clearpoke
|poke|p1|Politoed, M
|poke|p1|Armaldo, M
|poke|p1|Feraligatr, M
|poke|p1|Dragonite, M
|poke|p1|Kingdra, M
|poke|p1|Manectric, M
|poke|p2|Garchomp, F
|poke|p2|Jirachi
|poke|p2|Hippowdon, F
|poke|p2|Latios, M
|poke|p2|Thundurus, M
|poke|p2|Terrakion
|rule|Swagger Clause: Swagger is banned
|rule|Baton Pass Clause: Limit one PokÃ©mon knowing Baton Pass
|rule|Sleep Clause Mod: Limit one foe put to sleep
|rule|Species Clause: Limit one of each PokÃ©mon
|rule|OHKO Clause: OHKO moves are banned
|rule|Moody Clause: Moody is banned
|rule|Evasion Moves Clause: Evasion moves are banned
|rule|Endless Battle Clause: Forcing endless battles is banned
|rule|HP Percentage Mod: HP is reported as percentages
|teampreview
|chat|Messuduppotatoasia|um
|chat|Messuduppotatoasia|I didn't save the replay from last match
|chat|Messuduppotatoasia|did you happen to do so?
|chat|MagcargoFTW|had no time to make another team
|chat|MagcargoFTW|no
|join|GoodGame1324
|chat|GoodGame1324|gl to both of u
|
|start
|switch|p1a: Politoed|Politoed, M|384\/384
|switch|p2a: Thundurus|Thundurus, M|299\/299
|-weather|RainDance
|turn|1
|chat|MagcargoFTW|that isn't good
|chat|Messuduppotatoasia|alright I got the replay
|
|switch|p1a: Manectric|Manectric, M|282\/282
|move|p2a: Thundurus|Thunderbolt|p1a: Manectric
|-boost|p1a: Manectric|spa|1|[from] ability: Lightningrod
|
|-weather|RainDance|[upkeep]
|turn|2
|
|switch|p2a: Hippowdon|Hippowdon, F|420\/420
|-weather|Sandstorm
|detailschange|p1a: Manectric|Manectric-Mega, M
|message|Manectric has Mega Evolved into Mega Manectric!
|-ability|p1a: Manectric|Intimidate|[of] p2a: Hippowdon
|-unboost|p2a: Hippowdon|atk|1
|move|p1a: Manectric|Overheat|p2a: Hippowdon
|-damage|p2a: Hippowdon|100\/420
|-unboost|p1a: Manectric|spa|2
|
|-weather|Sandstorm|[upkeep]
|-damage|p1a: Manectric|265\/282|[from] sandstorm
|-heal|p2a: Hippowdon|126\/420|[from] item: Leftovers
|turn|3
|
|switch|p2a: Jirachi|Jirachi|404\/404
|move|p1a: Manectric|Overheat|p2a: Jirachi
|-supereffective|p2a: Jirachi
|-damage|p2a: Jirachi|254\/404
|-unboost|p1a: Manectric|spa|2
|
|-weather|Sandstorm|[upkeep]
|-damage|p1a: Manectric|248\/282|[from] sandstorm
|-heal|p2a: Jirachi|279\/404|[from] item: Leftovers
|turn|4
|
|move|p1a: Manectric|Volt Switch|p2a: Jirachi
|-damage|p2a: Jirachi|242\/404
|
|switch|p1a: Politoed|Politoed, M|384\/384
|-weather|RainDance
|move|p2a: Jirachi|Body Slam|p1a: Politoed
|-damage|p1a: Politoed|298\/384
|
|-weather|RainDance|[upkeep]
|-heal|p2a: Jirachi|267\/404|[from] item: Leftovers
|turn|5
|
|move|p2a: Jirachi|Protect|p2a: Jirachi
|-singleturn|p2a: Jirachi|Protect
|move|p1a: Politoed|Hydro Pump|p2a: Jirachi
|-activate|p2a: Jirachi|Protect
|
|-weather|RainDance|[upkeep]
|-heal|p2a: Jirachi|292\/404|[from] item: Leftovers
|turn|6
|
|switch|p2a: Latios|Latios, M|301\/301
|move|p1a: Politoed|Hydro Pump|p2a: Latios
|-resisted|p2a: Latios
|-damage|p2a: Latios|193\/301
|
|-weather|RainDance|[upkeep]
|turn|7
|
|move|p2a: Latios|Psyshock|p1a: Politoed
|-damage|p1a: Politoed|72\/384
|-damage|p2a: Latios|163\/301|[from] item: Life Orb
|move|p1a: Politoed|Ice Beam|p2a: Latios
|-supereffective|p2a: Latios
|-damage|p2a: Latios|0 fnt
|faint|p2a: Latios
|
|-weather|RainDance|[upkeep]
|
|switch|p2a: Jirachi|Jirachi|292\/404
|turn|8
|
|switch|p1a: Manectric|Manectric-Mega, M|248\/282
|-ability|p1a: Manectric|Intimidate|[of] p2a: Jirachi
|-unboost|p2a: Jirachi|atk|1
|move|p2a: Jirachi|Protect|p2a: Jirachi
|-fail|p2a: Jirachi
|
|-weather|RainDance|[upkeep]
|-heal|p2a: Jirachi|317\/404|[from] item: Leftovers
|turn|9
|
|move|p2a: Jirachi|Protect|p2a: Jirachi
|-singleturn|p2a: Jirachi|Protect
|move|p1a: Manectric|Overheat|p2a: Jirachi
|-activate|p2a: Jirachi|Protect
|
|-weather|RainDance|[upkeep]
|-heal|p2a: Jirachi|342\/404|[from] item: Leftovers
|turn|10
|
|move|p1a: Manectric|Thunder|p2a: Jirachi
|-damage|p2a: Jirachi|185\/404
|-status|p2a: Jirachi|par
|move|p2a: Jirachi|Body Slam|p1a: Manectric
|-damage|p1a: Manectric|195\/282
|
|-weather|RainDance|[upkeep]
|-heal|p2a: Jirachi|210\/404 par|[from] item: Leftovers
|turn|11
|chat|MagcargoFTW|oh the irony
|chat|Messuduppotatoasia|I think out of about 10 times I've used Body Slam
|chat|Messuduppotatoasia|I only got the paralysis once
|chat|Messuduppotatoasia|:\/
|
|switch|p2a: Hippowdon|Hippowdon, F|126\/420
|-weather|Sandstorm
|move|p1a: Manectric|Overheat|p2a: Hippowdon
|-damage|p2a: Hippowdon|0 fnt
|-unboost|p1a: Manectric|spa|2
|faint|p2a: Hippowdon
|
|-weather|Sandstorm|[upkeep]
|-damage|p1a: Manectric|178\/282|[from] sandstorm
|chat|Messuduppotatoasia|so oh well xD
|chat|GoodGame1324|electric types cannot be paralyed due to the new XY mechanics
|
|switch|p2a: Garchomp|Garchomp, F|357\/357
|turn|12
|chat|Messuduppotatoasia|oh yeah
|chat|Messuduppotatoasia|I thought they were just immune to Thunder Wave
|join|Wiggy
|chat|Messuduppotatoasia|well that's a good reminder
|chat|Messuduppotatoasia|:P
|chat|Wiggy|MAGCARGO I BELIEVE IN YOU
|
|detailschange|p2a: Garchomp|Garchomp-Mega, F
|message|Garchomp has Mega Evolved into Mega Garchomp!
|move|p1a: Manectric|Rain Dance|p1a: Manectric
|-weather|RainDance
|move|p2a: Garchomp|Earthquake|p1a: Manectric
|-supereffective|p1a: Manectric
|-damage|p1a: Manectric|0 fnt
|faint|p1a: Manectric
|
|-weather|RainDance|[upkeep]
|chat|Wiggy|that is all
|chat|MagcargoFTW|sup wiggy
|chat|GoodGame1324|hi
|
|switch|p1a: Kingdra|Kingdra, M|292\/292
|turn|13
|chat|Wiggy|omg magcargo is winning
|chat|Wiggy|YOU CAN DO THIS
|chat|GoodGame1324|and its a tie
|chat|MagcargoFTW|im down one game though
|
|switch|p2a: Jirachi|Jirachi|210\/404 par
|move|p1a: Kingdra|Ice Beam|p2a: Jirachi
|-resisted|p2a: Jirachi
|-damage|p2a: Jirachi|159\/404 par
|
|-weather|RainDance|[upkeep]
|-heal|p2a: Jirachi|184\/404 par|[from] item: Leftovers
|turn|14
|chat|Wiggy|yeah I saw
|chat|GoodGame1324|I just missed the first game -_-
|chat|Wiggy|oh come on that was obvious; step up your game magcargo!
|
|switch|p1a: Politoed|Politoed, M|72\/384
|move|p2a: Jirachi|Protect|p2a: Jirachi
|-fail|p2a: Jirachi
|
|-weather|RainDance|[upkeep]
|-heal|p2a: Jirachi|209\/404 par|[from] item: Leftovers
|turn|15
|
|move|p2a: Jirachi|Protect|p2a: Jirachi
|-singleturn|p2a: Jirachi|Protect
|move|p1a: Politoed|Hydro Pump|p2a: Jirachi
|-activate|p2a: Jirachi|Protect
|
|-weather|RainDance|[upkeep]
|-heal|p2a: Jirachi|234\/404 par|[from] item: Leftovers
|turn|16
|chat|Wiggy|No member of Team Kick Their Ass is going to be a slouch predictor.
|
|move|p1a: Politoed|Hydro Pump|p2a: Jirachi|[miss]
|-miss|p1a: Politoed|p2a: Jirachi
|move|p2a: Jirachi|Wish|p2a: Jirachi
|
|-weather|none
|-heal|p2a: Jirachi|259\/404 par|[from] item: Leftovers
|turn|17
|chat|Messuduppotatoasia|so many misses and crits during this set
|chat|Messuduppotatoasia|and they're all benefiting me :(
|
|switch|p1a: Feraligatr|Feraligatr, M|312\/312
|cant|p2a: Jirachi|par
|
|-heal|p2a: Jirachi|404\/404 par|[from] move: Wish|[wisher] Jirachi
|turn|18
|chat|GoodGame1324|and a parahax
|
|move|p1a: Feraligatr|Swords Dance|p1a: Feraligatr
|-boost|p1a: Feraligatr|atk|2
|move|p2a: Jirachi|Body Slam|p1a: Feraligatr
|-damage|p1a: Feraligatr|245\/312
|
|turn|19
|
|move|p1a: Feraligatr|Earthquake|p2a: Jirachi
|-supereffective|p2a: Jirachi
|-damage|p2a: Jirachi|0 fnt
|-damage|p1a: Feraligatr|214\/312|[from] item: Life Orb
|faint|p2a: Jirachi
|
|
|switch|p2a: Garchomp|Garchomp-Mega, F|357\/357
|turn|20
|
|move|p1a: Feraligatr|Aqua Jet|p2a: Garchomp
|-damage|p2a: Garchomp|197\/357
|-damage|p1a: Feraligatr|183\/312|[from] item: Life Orb
|move|p2a: Garchomp|Earthquake|p1a: Feraligatr
|-damage|p1a: Feraligatr|0 fnt
|faint|p1a: Feraligatr
|
|
|switch|p1a: Politoed|Politoed, M|72\/384
|-weather|RainDance
|turn|21
|
|move|p2a: Garchomp|Earthquake|p1a: Politoed
|-damage|p1a: Politoed|0 fnt
|faint|p1a: Politoed
|
|-weather|RainDance|[upkeep]
|
|switch|p1a: Kingdra|Kingdra, M|292\/292
|turn|22
|join|Bossvelt
|
|move|p1a: Kingdra|Dragon Pulse|p2a: Garchomp
|-supereffective|p2a: Garchomp
|-damage|p2a: Garchomp|0 fnt
|faint|p2a: Garchomp
|
|-weather|RainDance|[upkeep]
|
|switch|p2a: Thundurus|Thundurus, M|299\/299
|turn|23
|
|move|p2a: Thundurus|Thunder Wave|p1a: Kingdra
|-status|p1a: Kingdra|par
|move|p1a: Kingdra|Dragon Pulse|p2a: Thundurus
|-crit|p2a: Thundurus
|-damage|p2a: Thundurus|0 fnt
|faint|p2a: Thundurus
|
|-weather|RainDance|[upkeep]
|chat|Wiggy|Magcargo I summoned the rest of team kick their ass
|
|switch|p2a: Terrakion|Terrakion|323\/323
|turn|24
|chat|MagcargoFTW|nice
|chat|Wiggy|You can do thisssss
|
|move|p2a: Terrakion|Rock Slide|p1a: Kingdra
|-damage|p1a: Kingdra|154\/292 par
|cant|p1a: Kingdra|flinch
|
|-weather|RainDance|[upkeep]
|turn|25
|chat|MagcargoFTW|fair enough
|chat|GoodGame1324|paraflinch
|
|move|p2a: Terrakion|Rock Slide|p1a: Kingdra
|-damage|p1a: Kingdra|21\/292 par
|move|p1a: Kingdra|Dragon Pulse|p2a: Terrakion
|-damage|p2a: Terrakion|92\/323
|
|-weather|RainDance|[upkeep]
|turn|26
|
|move|p2a: Terrakion|Rock Slide|p1a: Kingdra
|-damage|p1a: Kingdra|0 fnt
|faint|p1a: Kingdra
|
|-weather|RainDance|[upkeep]
|
|switch|p1a: Armaldo|Armaldo, M|292\/292
|turn|27
|
|move|p2a: Terrakion|Rock Slide|p1a: Armaldo
|-supereffective|p1a: Armaldo
|-damage|p1a: Armaldo|4\/292
|move|p1a: Armaldo|X-Scissor|p2a: Terrakion
|-resisted|p2a: Terrakion
|-damage|p2a: Terrakion|14\/323
|
|-weather|RainDance|[upkeep]
|turn|28
|
|move|p2a: Terrakion|Rock Slide|p1a: Armaldo
|-supereffective|p1a: Armaldo
|-damage|p1a: Armaldo|0 fnt
|faint|p1a: Armaldo
|
|-weather|none
|chat|Messuduppotatoasia|D-nite has ExtremeSpeed anyway
|
|switch|p1a: Dragonite|Dragonite, M|323\/323
|turn|29
|chat|MagcargoFTW|gg
|chat|Messuduppotatoasia|or so I'd assume
|chat|Messuduppotatoasia|gg
|
|move|p1a: Dragonite|Extreme Speed|p2a: Terrakion
|-resisted|p2a: Terrakion
|-damage|p2a: Terrakion|0 fnt
|faint|p2a: Terrakion
|
|win|MagcargoFTW
|chat|GoodGame1324|GG both played well