|join|Messuduppotatoasia
|join|Lakertard
|player|p1|Messuduppotatoasia|142
|player|p2|Lakertard|163
|gametype|singles
|gen|6
|tier|OU
|clearpoke
|poke|p1|Landorus-Therian, M
|poke|p1|Heracross, M
|poke|p1|Raikou
|poke|p1|Scizor, M
|poke|p1|Latios, M
|poke|p1|Terrakion
|poke|p2|Scizor, M
|poke|p2|Dragonite, M
|poke|p2|Ferrothorn, F
|poke|p2|Politoed, M
|poke|p2|Azumarill, F
|poke|p2|Kabutops, M
|rule|Swagger Clause: Swagger is banned
|rule|Baton Pass Clause: Limit one PokÃ©mon knowing Baton Pass
|rule|Sleep Clause Mod: Limit one foe put to sleep
|rule|Species Clause: Limit one of each PokÃ©mon
|rule|OHKO Clause: OHKO moves are banned
|rule|Moody Clause: Moody is banned
|rule|Evasion Moves Clause: Evasion moves are banned
|rule|Endless Battle Clause: Forcing endless battles is banned
|rule|HP Percentage Mod: HP is shown in percentages
|teampreview
|chat|Messuduppotatoasia|Sorry to keep you waiting
|
|start
|switch|p1a: Raikou|Raikou|321\/321
|switch|p2a: Frogger|Politoed, M|384\/384
|-ability|p1a: Raikou|Pressure
|-weather|RainDance
|turn|1
|chat|Lakertard|its all right
|chat|Messuduppotatoasia|now this is a scary matchup
|
|switch|p2a: Dragonite|Dragonite, M|324\/324
|move|p1a: Raikou|Volt Switch|p2a: Dragonite
|-damage|p2a: Dragonite|271\/324
|chat|Messuduppotatoasia|I'm honestly surprised to see so many rain teams this tourney
|
|switch|p1a: Latios|Latios, M|301\/301
|
|-weather|RainDance|[upkeep]
|turn|2
|
|move|p2a: Dragonite|Draco Meteor|p1a: Latios
|-supereffective|p1a: Latios
|-damage|p1a: Latios|0 fnt
|-unboost|p2a: Dragonite|spa|2
|faint|p1a: Latios
|
|-weather|RainDance|[upkeep]
|
|switch|p1a: Isai|Heracross, M|308\/308
|turn|3
|
|switch|p2a: ImSoTHorny|Ferrothorn, F|352\/352
|detailschange|p1a: Isai|Heracross-Mega, M
|message|Heracross has Mega Evolved into Mega Heracross!
|move|p1a: Isai|Rock Blast|p2a: ImSoTHorny
|-resisted|p2a: ImSoTHorny
|-damage|p2a: ImSoTHorny|336\/352
|-resisted|p2a: ImSoTHorny
|-damage|p2a: ImSoTHorny|321\/352
|-resisted|p2a: ImSoTHorny
|-damage|p2a: ImSoTHorny|306\/352
|-resisted|p2a: ImSoTHorny
|-damage|p2a: ImSoTHorny|290\/352
|-resisted|p2a: ImSoTHorny
|-damage|p2a: ImSoTHorny|275\/352
|-hitcount|p2a: ImSoTHorny|5
|
|-weather|RainDance|[upkeep]
|-heal|p2a: ImSoTHorny|297\/352|[from] item: Leftovers
|turn|4
|
|move|p1a: Isai|Close Combat|p2a: ImSoTHorny
|-supereffective|p2a: ImSoTHorny
|-damage|p2a: ImSoTHorny|0 fnt
|-damage|p1a: Isai|270\/308|[from] ability: Iron Barbs|[of] p2a: ImSoTHorny
|-unboost|p1a: Isai|def|1
|-unboost|p1a: Isai|spd|1
|faint|p2a: ImSoTHorny
|
|-weather|RainDance|[upkeep]
|
|switch|p2a: Dome Fossil|Kabutops, M|261\/261
|turn|5
|
|switch|p1a: Landorus-Therian|Landorus-Therian, M|381\/381
|-ability|p1a: Landorus-Therian|Intimidate|[of] p2a: Dome Fossil
|-unboost|p2a: Dome Fossil|atk|1
|move|p2a: Dome Fossil|Swords Dance|p2a: Dome Fossil
|-boost|p2a: Dome Fossil|atk|2
|
|-weather|RainDance|[upkeep]
|turn|6
|
|switch|p1a: Terrakion|Terrakion|323\/323
|move|p2a: Dome Fossil|Waterfall|p1a: Terrakion
|-supereffective|p1a: Terrakion
|-damage|p1a: Terrakion|0 fnt
|-damage|p2a: Dome Fossil|235\/261|[from] item: Life Orb
|faint|p1a: Terrakion
|
|-weather|RainDance|[upkeep]
|
|switch|p1a: Landorus-Therian|Landorus-Therian, M|381\/381
|-ability|p1a: Landorus-Therian|Intimidate|[of] p2a: Dome Fossil
|-unboost|p2a: Dome Fossil|atk|1
|turn|7
|
|move|p2a: Dome Fossil|Waterfall|p1a: Landorus-Therian
|-supereffective|p1a: Landorus-Therian
|-damage|p1a: Landorus-Therian|0 fnt
|-damage|p2a: Dome Fossil|192\/261|[from] item: Rocky Helmet|[of] p1a: Landorus-Therian
|-damage|p2a: Dome Fossil|166\/261|[from] item: Life Orb
|faint|p1a: Landorus-Therian
|
|-weather|RainDance|[upkeep]
|
|switch|p1a: Scizor|Scizor, M|343\/343
|turn|8
|
|switch|p2a: The Claw!|Scizor, M|343\/343
|move|p1a: Scizor|Bullet Punch|p2a: The Claw!
|-crit|p2a: The Claw!
|-resisted|p2a: The Claw!
|-damage|p2a: The Claw!|238\/343
|
|-weather|none
|turn|9
|
|switch|p1a: Isai|Heracross-Mega, M|270\/308
|detailschange|p2a: The Claw!|Scizor-Mega, M
|message|Scizor has Mega Evolved into Mega Scizor!
|move|p2a: The Claw!|Swords Dance|p2a: The Claw!
|-boost|p2a: The Claw!|atk|2
|
|turn|10
|
|move|p2a: The Claw!|Bullet Punch|p1a: Isai
|-damage|p1a: Isai|50\/308
|move|p1a: Isai|Close Combat|p2a: The Claw!
|-damage|p2a: The Claw!|52\/343
|-unboost|p1a: Isai|def|1
|-unboost|p1a: Isai|spd|1
|
|turn|11
|
|move|p2a: The Claw!|Bullet Punch|p1a: Isai
|-crit|p1a: Isai
|-damage|p1a: Isai|0 fnt
|faint|p1a: Isai
|
|
|switch|p1a: Raikou|Raikou|321\/321
|-ability|p1a: Raikou|Pressure
|turn|12
|
|move|p2a: The Claw!|Bullet Punch|p1a: Raikou
|-resisted|p1a: Raikou
|-damage|p1a: Raikou|177\/321
|move|p1a: Raikou|Thunderbolt|p2a: The Claw!
|-damage|p2a: The Claw!|0 fnt
|faint|p2a: The Claw!
|
|
|switch|p2a: Dragonite|Dragonite, M|271\/324
|turn|13
|
|switch|p1a: Scizor|Scizor, M|343\/343
|move|p2a: Dragonite|Draco Meteor|p1a: Scizor|[miss]
|-miss|p2a: Dragonite|p1a: Scizor
|
|turn|14
|
|switch|p2a: Frogger|Politoed, M|384\/384
|-weather|RainDance
|move|p1a: Scizor|U-turn|p2a: Frogger
|-damage|p2a: Frogger|216\/384
|
|switch|p1a: Raikou|Raikou|177\/321
|-ability|p1a: Raikou|Pressure
|
|-weather|RainDance|[upkeep]
|turn|15
|
|move|p1a: Raikou|Thunderbolt|p2a: Frogger
|-supereffective|p2a: Frogger
|-damage|p2a: Frogger|0 fnt
|faint|p2a: Frogger
|
|-weather|RainDance|[upkeep]
|
|switch|p2a: Dome Fossil|Kabutops, M|166\/261
|turn|16
|
|move|p2a: Dome Fossil|Waterfall|p1a: Raikou
|-damage|p1a: Raikou|0 fnt
|-damage|p2a: Dome Fossil|140\/261|[from] item: Life Orb
|faint|p1a: Raikou
|
|-weather|RainDance|[upkeep]
|
|switch|p1a: Scizor|Scizor, M|343\/343
|turn|17
|chat|Messuduppotatoasia|gg there's no way I can win unless I crit
|
|move|p2a: Dome Fossil|Aqua Jet|p1a: Scizor
|-damage|p1a: Scizor|199\/343
|-damage|p2a: Dome Fossil|114\/261|[from] item: Life Orb
|move|p1a: Scizor|Bullet Punch|p2a: Dome Fossil
|-damage|p2a: Dome Fossil|0 fnt
|faint|p2a: Dome Fossil
|
|-weather|RainDance|[upkeep]
|
|switch|p2a: Oswald|Azumarill, F|404\/404
|turn|18
|
|move|p1a: Scizor|Bullet Punch|p2a: Oswald
|-damage|p2a: Oswald|190\/404
|-enditem|p2a: Oswald|Sitrus Berry|[eat]
|-heal|p2a: Oswald|291\/404|[from] item: Sitrus Berry
|move|p2a: Oswald|Aqua Jet|p1a: Scizor
|-damage|p1a: Scizor|69\/343
|
|-weather|RainDance|[upkeep]
|turn|19
|
|move|p1a: Scizor|Bullet Punch|p2a: Oswald
|-damage|p2a: Oswald|92\/404
|move|p2a: Oswald|Aqua Jet|p1a: Scizor
|-damage|p1a: Scizor|0 fnt
|faint|p1a: Scizor
|
|win|Lakertard
|chat|Lakertard|gg