|join|Messuduppotatoasia
|join|GG mawile
|player|p1|Messuduppotatoasia|266
|player|p2|GG mawile|165
|gametype|singles
|gen|6
|tier|OU (suspect test)
|rated
|clearpoke
|poke|p1|Landorus-Therian, M
|poke|p1|Heracross, M
|poke|p1|Latios, M
|poke|p1|Scizor, M
|poke|p1|Terrakion
|poke|p1|Heatran, F
|poke|p2|Amoonguss, F
|poke|p2|Slowbro, F
|poke|p2|Clefable, F
|poke|p2|Charizard, F
|poke|p2|Skarmory, M
|poke|p2|Chansey, F
|rule|Swagger Clause: Swagger is banned
|rule|Baton Pass Clause: Limit one PokÃ©mon knowing Baton Pass
|rule|Sleep Clause Mod: Limit one foe put to sleep
|rule|Species Clause: Limit one of each PokÃ©mon
|rule|OHKO Clause: OHKO moves are banned
|rule|Moody Clause: Moody is banned
|rule|Evasion Moves Clause: Evasion moves are banned
|rule|Endless Battle Clause: Forcing endless battles is banned
|rule|HP Percentage Mod: HP is reported as percentages
|teampreview
|
|start
|switch|p1a: Latios|Latios, M|301\/301
|switch|p2a: Chansey|Chansey, F|704\/704
|turn|1
|
|move|p1a: Latios|Psyshock|p2a: Chansey
|-damage|p2a: Chansey|443\/704
|-damage|p1a: Latios|271\/301|[from] item: Life Orb
|move|p2a: Chansey|Stealth Rock|p1a: Latios
|-sidestart|p1: Messuduppotatoasia|move: Stealth Rock
|
|turn|2
|
|move|p1a: Latios|Defog|p2a: Chansey
|-unboost|p2a: Chansey|evasion|1
|-sideend|p1: Messuduppotatoasia|Stealth Rock|[from] move: Defog|[of] p1a: Latios
|move|p2a: Chansey|Wish|p2a: Chansey
|
|turn|3
|
|switch|p1a: Heracross|Heracross, M|311\/311
|move|p2a: Chansey|Stealth Rock|p1a: Heracross
|-sidestart|p1: Messuduppotatoasia|move: Stealth Rock
|
|-heal|p2a: Chansey|704\/704|[from] move: Wish|[wisher] Chansey
|turn|4
|
|switch|p2a: Charizard|Charizard, F|358\/358
|detailschange|p1a: Heracross|Heracross-Mega, M
|message|Heracross has Mega Evolved into Mega Heracross!
|move|p1a: Heracross|Close Combat|p2a: Charizard
|-resisted|p2a: Charizard
|-damage|p2a: Charizard|175\/358
|-unboost|p1a: Heracross|def|1
|-unboost|p1a: Heracross|spd|1
|
|turn|5
|join|SquirtleTactics
|
|switch|p1a: Latios|Latios, M|271\/301
|-damage|p1a: Latios|234\/301|[from] Stealth Rock
|detailschange|p2a: Charizard|Charizard-Mega-X, F
|message|Charizard has Mega Evolved into Mega Charizard!
|move|p2a: Charizard|Will-O-Wisp|p1a: Latios
|-status|p1a: Latios|brn
|
|-damage|p1a: Latios|197\/301 brn|[from] brn
|turn|6
|
|switch|p2a: Chansey|Chansey, F|704\/704
|move|p1a: Latios|Draco Meteor|p2a: Chansey|[miss]
|-miss|p1a: Latios|p2a: Chansey
|
|-damage|p1a: Latios|160\/301 brn|[from] brn
|turn|7
|
|move|p1a: Latios|Defog|p2a: Chansey
|-unboost|p2a: Chansey|evasion|1
|-sideend|p1: Messuduppotatoasia|Stealth Rock|[from] move: Defog|[of] p1a: Latios
|move|p2a: Chansey|Stealth Rock|p1a: Latios
|-sidestart|p1: Messuduppotatoasia|move: Stealth Rock
|
|-damage|p1a: Latios|123\/301 brn|[from] brn
|turn|8
|
|switch|p1a: Landorus-Therian|Landorus-Therian, M|382\/382
|-damage|p1a: Landorus-Therian|335\/382|[from] Stealth Rock
|-ability|p1a: Landorus-Therian|Intimidate|[of] p2a: Chansey
|-unboost|p2a: Chansey|atk|1
|move|p2a: Chansey|Stealth Rock|p1a: Landorus-Therian
|-fail|p1a: Landorus-Therian
|
|turn|9
|
|switch|p2a: Slowbro|Slowbro, F|394\/394
|move|p1a: Landorus-Therian|Stealth Rock|p2a: Slowbro
|-sidestart|p2: GG mawile|move: Stealth Rock
|
|turn|10
|
|move|p1a: Landorus-Therian|U-turn|p2a: Slowbro
|-supereffective|p2a: Slowbro
|-damage|p2a: Slowbro|292\/394
|
|switch|p1a: Latios|Latios, M|123\/301 brn
|-damage|p1a: Latios|86\/301 brn|[from] Stealth Rock
|move|p2a: Slowbro|Scald|p1a: Latios
|-resisted|p1a: Latios
|-damage|p1a: Latios|40\/301 brn
|
|-heal|p2a: Slowbro|316\/394|[from] item: Leftovers
|-damage|p1a: Latios|3\/301 brn|[from] brn
|turn|11
|
|switch|p2a: Chansey|Chansey, F|704\/704
|-damage|p2a: Chansey|616\/704|[from] Stealth Rock
|move|p1a: Latios|Draco Meteor|p2a: Chansey
|-damage|p2a: Chansey|420\/704
|-unboost|p1a: Latios|spa|2
|-damage|p1a: Latios|0 fnt|[from] item: Life Orb
|faint|p1a: Latios
|
|
|switch|p1a: Heracross|Heracross-Mega, M|311\/311
|-damage|p1a: Heracross|273\/311|[from] Stealth Rock
|turn|12
|
|switch|p2a: Skarmory|Skarmory, M|334\/334
|-damage|p2a: Skarmory|293\/334|[from] Stealth Rock
|move|p1a: Heracross|Close Combat|p2a: Skarmory
|-crit|p2a: Skarmory
|-damage|p2a: Skarmory|16\/334
|-unboost|p1a: Heracross|def|1
|-unboost|p1a: Heracross|spd|1
|
|-heal|p2a: Skarmory|36\/334|[from] item: Leftovers
|turn|13
|
|move|p1a: Heracross|Close Combat|p2a: Skarmory
|-damage|p2a: Skarmory|0 fnt
|-unboost|p1a: Heracross|def|1
|-unboost|p1a: Heracross|spd|1
|faint|p2a: Skarmory
|
|
|switch|p2a: Clefable|Clefable, F|394\/394
|turn|14
|
|switch|p1a: Heatran|Heatran, F|323\/323
|-damage|p1a: Heatran|283\/323|[from] Stealth Rock
|move|p2a: Clefable|Calm Mind|p2a: Clefable
|-boost|p2a: Clefable|spa|1
|-boost|p2a: Clefable|spd|1
|
|turn|15
|
|move|p1a: Heatran|Flash Cannon|p2a: Clefable
|-supereffective|p2a: Clefable
|-damage|p2a: Clefable|160\/394
|move|p2a: Clefable|Calm Mind|p2a: Clefable
|-boost|p2a: Clefable|spa|1
|-boost|p2a: Clefable|spd|1
|
|-heal|p2a: Clefable|184\/394|[from] item: Leftovers
|turn|16
|
|switch|p2a: Chansey|Chansey, F|420\/704
|-damage|p2a: Chansey|332\/704|[from] Stealth Rock
|move|p1a: Heatran|Flash Cannon|p2a: Chansey
|-damage|p2a: Chansey|239\/704
|
|turn|17
|
|switch|p1a: Heracross|Heracross-Mega, M|273\/311
|-damage|p1a: Heracross|235\/311|[from] Stealth Rock
|move|p2a: Chansey|Wish|p2a: Chansey
|
|turn|18
|
|move|p2a: Chansey|Protect|p2a: Chansey
|-singleturn|p2a: Chansey|Protect
|move|p1a: Heracross|Close Combat|p2a: Chansey
|-activate|p2a: Chansey|Protect
|
|-heal|p2a: Chansey|591\/704|[from] move: Wish|[wisher] Chansey
|turn|19
|
|switch|p2a: Slowbro|Slowbro, F|394\/394
|-damage|p2a: Slowbro|345\/394|[from] Stealth Rock
|move|p1a: Heracross|Close Combat|p2a: Slowbro
|-resisted|p2a: Slowbro
|-damage|p2a: Slowbro|250\/394
|-unboost|p1a: Heracross|def|1
|-unboost|p1a: Heracross|spd|1
|
|-heal|p2a: Slowbro|274\/394|[from] item: Leftovers
|turn|20
|
|move|p1a: Heracross|Bullet Seed|p2a: Slowbro
|-supereffective|p2a: Slowbro
|-damage|p2a: Slowbro|216\/394
|-supereffective|p2a: Slowbro
|-damage|p2a: Slowbro|158\/394
|-supereffective|p2a: Slowbro
|-damage|p2a: Slowbro|96\/394
|-supereffective|p2a: Slowbro
|-damage|p2a: Slowbro|36\/394
|-supereffective|p2a: Slowbro
|-damage|p2a: Slowbro|0 fnt
|-hitcount|p2a: Slowbro|5
|faint|p2a: Slowbro
|
|
|switch|p2a: Charizard|Charizard-Mega-X, F|175\/358
|-damage|p2a: Charizard|86\/358|[from] Stealth Rock
|turn|21
|
|move|p2a: Charizard|Roost|p2a: Charizard
|-heal|p2a: Charizard|265\/358
|move|p1a: Heracross|Rock Blast|p2a: Charizard
|-supereffective|p2a: Charizard
|-damage|p2a: Charizard|181\/358
|-crit|p2a: Charizard
|-supereffective|p2a: Charizard
|-damage|p2a: Charizard|65\/358
|-supereffective|p2a: Charizard
|-damage|p2a: Charizard|0 fnt
|-hitcount|p2a: Charizard|3
|faint|p2a: Charizard
|
|-message|GG mawile forfeited.
|
|switch|p2a: Amoonguss|Amoonguss, F|432\/432
|-damage|p2a: Amoonguss|378\/432|[from] Stealth Rock
|turn|22
|leave|GG mawile
|
|win|Messuduppotatoasia
|raw|Ladder updating...
|player|p2
|raw|Messuduppotatoasia's rating: 1281 &rarr; <strong>1299<\/strong><br \/>(+18 for winning)
|raw|GG mawile's rating: 1182 &rarr; <strong>1164<\/strong><br \/>(-18 for losing)