|join|AlekDesu
|join|Kaka Karrot Kake
|player|p1|AlekDesu|34
|player|p2|Kaka Karrot Kake|153
|gametype|singles
|gen|6
|tier|OU
|rated
|clearpoke
|poke|p1|Kingdra, F
|poke|p1|Kabutops, F
|poke|p1|Ferrothorn, M
|poke|p1|Landorus-Therian, M
|poke|p1|Politoed, M
|poke|p1|Heracross, M
|poke|p2|Clefable, M
|poke|p2|Skarmory, M
|poke|p2|Latios, M
|poke|p2|Gengar, M
|poke|p2|Dragonite, M
|poke|p2|Landorus-Therian, M
|rule|Swagger Clause: Swagger is banned
|rule|Baton Pass Clause: Limit one PokÃ©mon knowing Baton Pass
|rule|Sleep Clause Mod: Limit one foe put to sleep
|rule|Species Clause: Limit one of each PokÃ©mon
|rule|OHKO Clause: OHKO moves are banned
|rule|Moody Clause: Moody is banned
|rule|Evasion Moves Clause: Evasion moves are banned
|rule|Endless Battle Clause: Forcing endless battles is banned
|rule|HP Percentage Mod: HP is shown in percentages
|teampreview
|
|start
|switch|p1a: Politoed|Politoed, M|383\/383
|switch|p2a: Ganger|Gengar, M|262\/262
|-weather|RainDance
|turn|1
|
|move|p2a: Ganger|Substitute|p2a: Ganger
|-start|p2a: Ganger|Substitute
|-damage|p2a: Ganger|197\/262
|move|p1a: Politoed|Scald|p2a: Ganger
|-crit|p2a: Ganger
|-end|p2a: Ganger|Substitute
|
|-weather|RainDance|[upkeep]
|-heal|p2a: Ganger|213\/262|[from] item: Black Sludge
|turn|2
|
|move|p2a: Ganger|Substitute|p2a: Ganger
|-start|p2a: Ganger|Substitute
|-damage|p2a: Ganger|148\/262
|move|p1a: Politoed|Scald|p2a: Ganger
|-end|p2a: Ganger|Substitute
|
|-weather|RainDance|[upkeep]
|-heal|p2a: Ganger|164\/262|[from] item: Black Sludge
|turn|3
|
|move|p2a: Ganger|Shadow Ball|p1a: Politoed
|-damage|p1a: Politoed|274\/383
|move|p1a: Politoed|Scald|p2a: Ganger
|-damage|p2a: Ganger|0 fnt
|faint|p2a: Ganger
|
|-weather|RainDance|[upkeep]
|
|switch|p2a: Dragonite|Dragonite, M|324\/324
|turn|4
|
|move|p2a: Dragonite|Dragon Dance|p2a: Dragonite
|-boost|p2a: Dragonite|atk|1
|-boost|p2a: Dragonite|spe|1
|move|p1a: Politoed|Encore|p2a: Dragonite
|-start|p2a: Dragonite|Encore
|
|-weather|RainDance|[upkeep]
|turn|5
|
|switch|p1a: Heracross|Heracross, M|301\/301
|move|p2a: Dragonite|Dragon Dance|p2a: Dragonite
|-boost|p2a: Dragonite|atk|1
|-boost|p2a: Dragonite|spe|1
|
|-weather|RainDance|[upkeep]
|turn|6
|
|switch|p2a: Skarmory|Skarmory, M|330\/330
|detailschange|p1a: Heracross|Heracross-Mega, M
|message|Heracross has Mega Evolved into Mega Heracross!
|move|p1a: Heracross|Rock Blast|p2a: Skarmory
|-damage|p2a: Skarmory|306\/330
|-damage|p2a: Skarmory|283\/330
|-damage|p2a: Skarmory|257\/330
|-damage|p2a: Skarmory|235\/330
|-damage|p2a: Skarmory|211\/330
|-hitcount|p2a: Skarmory|5
|
|-weather|RainDance|[upkeep]
|turn|7
|
|move|p1a: Heracross|Close Combat|p2a: Skarmory
|-damage|p2a: Skarmory|51\/330
|-damage|p1a: Heracross|251\/301|[from] item: Rocky Helmet|[of] p2a: Skarmory
|-unboost|p1a: Heracross|def|1
|-unboost|p1a: Heracross|spd|1
|move|p2a: Skarmory|Roost|p2a: Skarmory
|-heal|p2a: Skarmory|216\/330
|
|-weather|RainDance|[upkeep]
|turn|8
|
|move|p1a: Heracross|Swords Dance|p1a: Heracross
|-boost|p1a: Heracross|atk|2
|move|p2a: Skarmory|Roost|p2a: Skarmory
|-heal|p2a: Skarmory|330\/330
|
|-weather|none
|turn|9
|
|move|p1a: Heracross|Swords Dance|p1a: Heracross
|-boost|p1a: Heracross|atk|2
|move|p2a: Skarmory|Brave Bird|p1a: Heracross
|-supereffective|p1a: Heracross
|-damage|p1a: Heracross|0 fnt
|-damage|p2a: Skarmory|247\/330|[from] recoil|[of] p1a: Heracross
|faint|p1a: Heracross
|
|
|switch|p1a: Politoed|Politoed, M|274\/383
|-weather|RainDance
|turn|10
|
|switch|p2a: Burter|Latios, M|302\/302
|move|p1a: Politoed|Scald|p2a: Burter
|-resisted|p2a: Burter
|-damage|p2a: Burter|244\/302
|-status|p2a: Burter|brn
|
|-weather|RainDance|[upkeep]
|-damage|p2a: Burter|207\/302 brn|[from] brn
|turn|11
|
|move|p2a: Burter|Psyshock|p1a: Politoed
|-damage|p1a: Politoed|58\/383
|-damage|p2a: Burter|177\/302 brn|[from] item: Life Orb
|move|p1a: Politoed|Hypnosis|p2a: Burter
|-fail|p2a: Burter
|
|-weather|RainDance|[upkeep]
|-damage|p2a: Burter|140\/302 brn|[from] brn
|turn|12
|
|switch|p1a: Ferrothorn|Ferrothorn, M|352\/352
|move|p2a: Burter|Roost|p2a: Burter
|-heal|p2a: Burter|291\/302 brn
|
|-weather|RainDance|[upkeep]
|-damage|p2a: Burter|254\/302 brn|[from] brn
|turn|13
|
|switch|p2a: Clefable|Clefable, M|394\/394
|move|p1a: Ferrothorn|Stealth Rock|p2a: Clefable
|-sidestart|p2: Kaka Karrot Kake|move: Stealth Rock
|
|-weather|RainDance|[upkeep]
|turn|14
|
|switch|p1a: Kingdra|Kingdra, F|292\/292
|move|p2a: Clefable|Calm Mind|p2a: Clefable
|-boost|p2a: Clefable|spa|1
|-boost|p2a: Clefable|spd|1
|
|-weather|RainDance|[upkeep]
|turn|15
|
|switch|p1a: Politoed|Politoed, M|58\/383
|move|p2a: Clefable|Calm Mind|p2a: Clefable
|-boost|p2a: Clefable|spa|1
|-boost|p2a: Clefable|spd|1
|
|-weather|RainDance|[upkeep]
|turn|16
|
|move|p1a: Politoed|Encore|p2a: Clefable
|-start|p2a: Clefable|Encore
|move|p2a: Clefable|Calm Mind|p2a: Clefable
|-boost|p2a: Clefable|spa|1
|-boost|p2a: Clefable|spd|1
|
|-weather|RainDance|[upkeep]
|turn|17
|
|move|p1a: Politoed|Hypnosis|p2a: Clefable|[miss]
|-miss|p1a: Politoed|p2a: Clefable
|move|p2a: Clefable|Calm Mind|p2a: Clefable
|-boost|p2a: Clefable|spa|1
|-boost|p2a: Clefable|spd|1
|
|-weather|none
|turn|18
|
|move|p1a: Politoed|Hypnosis|p2a: Clefable|[miss]
|-miss|p1a: Politoed|p2a: Clefable
|move|p2a: Clefable|Calm Mind|p2a: Clefable
|-boost|p2a: Clefable|spa|1
|-boost|p2a: Clefable|spd|1
|
|-end|p2a: Clefable|Encore
|turn|19
|
|switch|p2a: Burter|Latios, M|254\/302 brn
|-damage|p2a: Burter|217\/302 brn|[from] Stealth Rock
|move|p1a: Politoed|Encore|p2a: Burter
|-fail|p2a: Burter
|
|-damage|p2a: Burter|180\/302 brn|[from] brn
|turn|20
|
|switch|p1a: Ferrothorn|Ferrothorn, M|352\/352
|move|p2a: Burter|Psyshock|p1a: Ferrothorn
|-resisted|p1a: Ferrothorn
|-damage|p1a: Ferrothorn|294\/352
|-damage|p2a: Burter|150\/302 brn|[from] item: Life Orb
|
|-heal|p1a: Ferrothorn|316\/352|[from] item: Leftovers
|-damage|p2a: Burter|113\/302 brn|[from] brn
|turn|21
|
|switch|p1a: Politoed|Politoed, M|58\/383
|-weather|RainDance
|move|p2a: Burter|Roost|p2a: Burter
|-heal|p2a: Burter|264\/302 brn
|
|-weather|RainDance|[upkeep]
|-damage|p2a: Burter|227\/302 brn|[from] brn
|turn|22
|
|switch|p1a: Ferrothorn|Ferrothorn, M|316\/352
|move|p2a: Burter|Psyshock|p1a: Ferrothorn
|-resisted|p1a: Ferrothorn
|-damage|p1a: Ferrothorn|255\/352
|-damage|p2a: Burter|197\/302 brn|[from] item: Life Orb
|
|-weather|RainDance|[upkeep]
|-heal|p1a: Ferrothorn|277\/352|[from] item: Leftovers
|-damage|p2a: Burter|160\/302 brn|[from] brn
|turn|23
|
|switch|p1a: Kingdra|Kingdra, F|292\/292
|move|p2a: Burter|Roost|p2a: Burter
|-heal|p2a: Burter|302\/302 brn
|
|-weather|RainDance|[upkeep]
|-damage|p2a: Burter|265\/302 brn|[from] brn
|turn|24
|
|switch|p2a: Clefable|Clefable, M|394\/394
|move|p1a: Kingdra|Dragon Pulse|p2a: Clefable
|-immune|p2a: Clefable|[msg]
|
|-weather|RainDance|[upkeep]
|turn|25
|
|switch|p1a: Kabutops|Kabutops, F|262\/262
|move|p2a: Clefable|Moonblast|p1a: Kabutops
|-damage|p1a: Kabutops|112\/262
|
|-weather|RainDance|[upkeep]
|turn|26
|
|move|p1a: Kabutops|Waterfall|p2a: Clefable
|-damage|p2a: Clefable|131\/394
|-damage|p1a: Kabutops|86\/262|[from] item: Life Orb
|cant|p2a: Clefable|flinch
|
|-weather|RainDance|[upkeep]
|-heal|p2a: Clefable|155\/394|[from] item: Leftovers
|turn|27
|
|switch|p2a: Skarmory|Skarmory, M|247\/330
|-damage|p2a: Skarmory|206\/330|[from] Stealth Rock
|move|p1a: Kabutops|Waterfall|p2a: Skarmory
|-damage|p2a: Skarmory|31\/330
|-damage|p1a: Kabutops|43\/262|[from] item: Rocky Helmet|[of] p2a: Skarmory
|-damage|p1a: Kabutops|17\/262|[from] item: Life Orb
|
|-weather|RainDance|[upkeep]
|turn|28
|
|move|p1a: Kabutops|Waterfall|p2a: Skarmory
|-crit|p2a: Skarmory
|-damage|p2a: Skarmory|0 fnt
|-damage|p1a: Kabutops|0 fnt|[from] item: Rocky Helmet|[of] p2a: Skarmory
|faint|p1a: Kabutops
|faint|p2a: Skarmory
|
|-weather|none
|
|switch|p1a: Landorus-Therian|Landorus-Therian, M|319\/319
|switch|p2a: Clefable|Clefable, M|155\/394
|-ability|p1a: Landorus-Therian|Intimidate|[of] p2a: Clefable
|-unboost|p2a: Clefable|atk|1
|turn|29
|
|switch|p2a: Landorus-Therian|Landorus-Therian, M|320\/320
|-damage|p2a: Landorus-Therian|280\/320|[from] Stealth Rock
|-ability|p2a: Landorus-Therian|Intimidate|[of] p1a: Landorus-Therian
|-unboost|p1a: Landorus-Therian|atk|1
|move|p1a: Landorus-Therian|Earthquake|p2a: Landorus-Therian
|-immune|p2a: Landorus-Therian|[msg]
|
|turn|30
|
|switch|p1a: Politoed|Politoed, M|58\/383
|-weather|RainDance
|move|p2a: Landorus-Therian|Knock Off|p1a: Politoed
|-damage|p1a: Politoed|0 fnt
|-enditem|p1a: Politoed|Damp Rock|[from] move: Knock Off|[of] p2a: Landorus-Therian
|faint|p1a: Politoed
|
|-weather|RainDance|[upkeep]
|
|switch|p1a: Kingdra|Kingdra, F|292\/292
|turn|31
|
|move|p1a: Kingdra|Scald|p2a: Landorus-Therian
|-supereffective|p2a: Landorus-Therian
|-damage|p2a: Landorus-Therian|0 fnt
|faint|p2a: Landorus-Therian
|
|-weather|RainDance|[upkeep]
|
|switch|p2a: Clefable|Clefable, M|155\/394
|turn|32
|
|move|p1a: Kingdra|Scald|p2a: Clefable
|-damage|p2a: Clefable|0 fnt
|faint|p2a: Clefable
|
|-weather|RainDance|[upkeep]
|
|switch|p2a: Burter|Latios, M|265\/302 brn
|-damage|p2a: Burter|228\/302 brn|[from] Stealth Rock
|turn|33
|
|move|p1a: Kingdra|Scald|p2a: Burter
|-resisted|p2a: Burter
|-damage|p2a: Burter|94\/302 brn
|move|p2a: Burter|Draco Meteor|p1a: Kingdra|[miss]
|-miss|p2a: Burter|p1a: Kingdra
|
|-weather|RainDance|[upkeep]
|-damage|p2a: Burter|57\/302 brn|[from] brn
|turn|34
|
|move|p1a: Kingdra|Scald|p2a: Burter
|-resisted|p2a: Burter
|-damage|p2a: Burter|0 fnt
|faint|p2a: Burter
|
|-weather|RainDance|[upkeep]
|
|switch|p2a: Dragonite|Dragonite, M|324\/324
|-damage|p2a: Dragonite|243\/324|[from] Stealth Rock
|turn|35
|
|move|p1a: Kingdra|Scald|p2a: Dragonite
|-resisted|p2a: Dragonite
|-damage|p2a: Dragonite|108\/324
|move|p2a: Dragonite|Roost|p2a: Dragonite
|-heal|p2a: Dragonite|270\/324
|
|-weather|RainDance|[upkeep]
|-heal|p2a: Dragonite|290\/324|[from] item: Leftovers
|turn|36
|
|switch|p1a: Landorus-Therian|Landorus-Therian, M|319\/319
|-ability|p1a: Landorus-Therian|Intimidate|[of] p2a: Dragonite
|-unboost|p2a: Dragonite|atk|1
|move|p2a: Dragonite|Dragon Dance|p2a: Dragonite
|-boost|p2a: Dragonite|atk|1
|-boost|p2a: Dragonite|spe|1
|
|-weather|RainDance|[upkeep]
|-heal|p2a: Dragonite|310\/324|[from] item: Leftovers
|turn|37
|
|move|p1a: Landorus-Therian|Knock Off|p2a: Dragonite
|-crit|p2a: Dragonite
|-damage|p2a: Dragonite|104\/324
|-enditem|p2a: Dragonite|Leftovers|[from] move: Knock Off|[of] p1a: Landorus-Therian
|move|p2a: Dragonite|Dragon Dance|p2a: Dragonite
|-boost|p2a: Dragonite|atk|1
|-boost|p2a: Dragonite|spe|1
|
|-weather|none
|turn|38
|
|switch|p1a: Ferrothorn|Ferrothorn, M|277\/352
|move|p2a: Dragonite|Roost|p2a: Dragonite
|-heal|p2a: Dragonite|266\/324
|
|-heal|p1a: Ferrothorn|299\/352|[from] item: Leftovers
|turn|39
|
|move|p2a: Dragonite|Earthquake|p1a: Ferrothorn
|-damage|p1a: Ferrothorn|171\/352
|move|p1a: Ferrothorn|Leech Seed|p2a: Dragonite
|-start|p2a: Dragonite|move: Leech Seed
|
|-heal|p1a: Ferrothorn|193\/352|[from] item: Leftovers
|-damage|p2a: Dragonite|226\/324|[from] Leech Seed|[of] p1a: Ferrothorn
|-heal|p1a: Ferrothorn|233\/352|[silent]
|turn|40
|
|switch|p1a: Landorus-Therian|Landorus-Therian, M|319\/319
|-ability|p1a: Landorus-Therian|Intimidate|[of] p2a: Dragonite
|-unboost|p2a: Dragonite|atk|1
|move|p2a: Dragonite|Dragon Dance|p2a: Dragonite
|-boost|p2a: Dragonite|atk|1
|-boost|p2a: Dragonite|spe|1
|
|-damage|p2a: Dragonite|186\/324|[from] Leech Seed|[of] p1a: Landorus-Therian
|turn|41
|
|move|p2a: Dragonite|Dragon Claw|p1a: Landorus-Therian
|-damage|p1a: Landorus-Therian|48\/319
|move|p1a: Landorus-Therian|Stone Edge|p2a: Dragonite|[miss]
|-miss|p1a: Landorus-Therian|p2a: Dragonite
|
|-damage|p2a: Dragonite|146\/324|[from] Leech Seed|[of] p1a: Landorus-Therian
|-heal|p1a: Landorus-Therian|88\/319|[silent]
|turn|42
|c|âAlekDesu|zzzzzzzzzzzzzzzzzzzzz
|
|move|p2a: Dragonite|Dragon Claw|p1a: Landorus-Therian
|-damage|p1a: Landorus-Therian|0 fnt
|faint|p1a: Landorus-Therian
|
|
|switch|p1a: Ferrothorn|Ferrothorn, M|233\/352
|turn|43
|
|move|p2a: Dragonite|Roost|p2a: Dragonite
|-heal|p2a: Dragonite|308\/324
|move|p1a: Ferrothorn|Power Whip|p2a: Dragonite
|-resisted|p2a: Dragonite
|-damage|p2a: Dragonite|239\/324
|
|-heal|p1a: Ferrothorn|255\/352|[from] item: Leftovers
|-damage|p2a: Dragonite|199\/324|[from] Leech Seed|[of] p1a: Ferrothorn
|-heal|p1a: Ferrothorn|295\/352|[silent]
|turn|44
|c|âAlekDesu|go fuck yourself
|-message|AlekDesu forfeited.
|leave|AlekDesu
|
|win|Kaka Karrot Kake
|raw|Ladder updating...
|player|p1
|raw|AlekDesu's rating: 1474 &rarr; <strong>1452<\/strong><br \/>(-22 for losing)
|raw|Kaka Karrot Kake's rating: 1442 &rarr; <strong>1464<\/strong><br \/>(+22 for winning)