|join|Gaunab
|join|AlekDesu
|player|p1|Gaunab|143
|player|p2|AlekDesu|216
|gametype|singles
|gen|6
|tier|OU
|rated
|clearpoke
|poke|p1|Charizard, M, shiny
|poke|p1|Venusaur, F
|poke|p1|Tyranitar, F
|poke|p1|Ferrothorn, M
|poke|p1|Keldeo
|poke|p1|Excadrill, F
|poke|p2|Lopunny, M
|poke|p2|Doublade, M
|poke|p2|Hydreigon, M
|poke|p2|Starmie
|poke|p2|Bisharp, M
|poke|p2|Talonflame, F
|rule|Swagger Clause: Swagger is banned
|rule|Baton Pass Clause: Limit one PokÃ©mon knowing Baton Pass
|rule|Sleep Clause Mod: Limit one foe put to sleep
|rule|Species Clause: Limit one of each PokÃ©mon
|rule|OHKO Clause: OHKO moves are banned
|rule|Moody Clause: Moody is banned
|rule|Evasion Moves Clause: Evasion moves are banned
|rule|Endless Battle Clause: Forcing endless battles is banned
|rule|HP Percentage Mod: HP is shown in percentages
|teampreview
|
|start
|switch|p1a: Charizard|Charizard, M, shiny|297\/297
|switch|p2a: Bisharp|Bisharp, M|271\/271
|turn|1
|
|detailschange|p1a: Charizard|Charizard-Mega-Y, M, shiny
|-mega|p1a: Charizard|Charizard|Charizardite Y
|-weather|SunnyDay
|move|p1a: Charizard|Flamethrower|p2a: Bisharp
|-supereffective|p2a: Bisharp
|-enditem|p2a: Bisharp|Focus Sash
|-damage|p2a: Bisharp|1\/271
|move|p2a: Bisharp|Stealth Rock|p1a: Charizard
|-sidestart|p1: Gaunab|move: Stealth Rock
|
|-weather|SunnyDay|[upkeep]
|turn|2
|
|move|p2a: Bisharp|Sucker Punch|p1a: Charizard
|-damage|p1a: Charizard|119\/297
|move|p1a: Charizard|Flamethrower|p2a: Bisharp
|-supereffective|p2a: Bisharp
|-damage|p2a: Bisharp|0 fnt
|faint|p2a: Bisharp
|
|-weather|SunnyDay|[upkeep]
|
|switch|p2a: Lopunny|Lopunny, M|272\/272
|turn|3
|
|switch|p1a: Ferrothorn|Ferrothorn, M|352\/352
|-damage|p1a: Ferrothorn|330\/352|[from] Stealth Rock
|detailschange|p2a: Lopunny|Lopunny-Mega, M
|-mega|p2a: Lopunny|Lopunny|Lopunnite
|move|p2a: Lopunny|Return|p1a: Ferrothorn
|-crit|p1a: Ferrothorn
|-resisted|p1a: Ferrothorn
|-damage|p1a: Ferrothorn|238\/352
|-damage|p2a: Lopunny|238\/272|[from] ability: Iron Barbs|[of] p1a: Ferrothorn
|
|-weather|SunnyDay|[upkeep]
|-heal|p1a: Ferrothorn|260\/352|[from] item: Leftovers
|turn|4
|
|move|p2a: Lopunny|High Jump Kick|p1a: Ferrothorn|[miss]
|-miss|p2a: Lopunny|p1a: Ferrothorn
|-damage|p2a: Lopunny|102\/272|[from] highjumpkick
|move|p1a: Ferrothorn|Stealth Rock|p2a: Lopunny
|-sidestart|p2: AlekDesu|move: Stealth Rock
|
|-weather|SunnyDay|[upkeep]
|-heal|p1a: Ferrothorn|282\/352|[from] item: Leftovers
|turn|5
|
|move|p2a: Lopunny|Encore|p1a: Ferrothorn
|-start|p1a: Ferrothorn|Encore
|move|p1a: Ferrothorn|Stealth Rock|p2a: Lopunny
|-fail|p2a: Lopunny
|
|-weather|none
|-heal|p1a: Ferrothorn|304\/352|[from] item: Leftovers
|turn|6
|c|âAlekDesu|-_-
|
|switch|p1a: Venusaur|Venusaur, F|301\/301
|-damage|p1a: Venusaur|264\/301|[from] Stealth Rock
|move|p2a: Lopunny|High Jump Kick|p1a: Venusaur
|-resisted|p1a: Venusaur
|-damage|p1a: Venusaur|117\/301
|
|turn|7
|
|move|p2a: Lopunny|High Jump Kick|p1a: Venusaur
|-resisted|p1a: Venusaur
|-damage|p1a: Venusaur|0 fnt
|faint|p1a: Venusaur
|
|
|switch|p1a: Tyranitar|Tyranitar, F|341\/341
|-damage|p1a: Tyranitar|299\/341|[from] Stealth Rock
|-weather|Sandstorm
|turn|8
|
|move|p2a: Lopunny|High Jump Kick|p1a: Tyranitar
|-supereffective|p1a: Tyranitar
|-damage|p1a: Tyranitar|0 fnt
|faint|p1a: Tyranitar
|
|-weather|Sandstorm|[upkeep]
|-damage|p2a: Lopunny|85\/272|[from] sandstorm
|
|switch|p1a: Excadrill|Excadrill, F|361\/361
|-damage|p1a: Excadrill|350\/361|[from] Stealth Rock
|turn|9
|
|move|p1a: Excadrill|Iron Head|p2a: Lopunny
|-damage|p2a: Lopunny|0 fnt
|-damage|p1a: Excadrill|314\/361|[from] item: Life Orb
|faint|p2a: Lopunny
|
|-weather|Sandstorm|[upkeep]
|
|switch|p2a: Doublade|Doublade, M|322\/322
|-damage|p2a: Doublade|302\/322|[from] Stealth Rock
|turn|10
|
|move|p1a: Excadrill|Earthquake|p2a: Doublade
|-supereffective|p2a: Doublade
|-damage|p2a: Doublade|37\/322
|-damage|p1a: Excadrill|278\/361|[from] item: Life Orb
|move|p2a: Doublade|Shadow Claw|p1a: Excadrill
|-damage|p1a: Excadrill|106\/361
|
|-weather|Sandstorm|[upkeep]
|turn|11
|
|move|p2a: Doublade|Shadow Sneak|p1a: Excadrill
|-damage|p1a: Excadrill|0 fnt
|faint|p1a: Excadrill
|
|-weather|Sandstorm|[upkeep]
|
|switch|p1a: Ferrothorn|Ferrothorn, M|304\/352
|-damage|p1a: Ferrothorn|282\/352|[from] Stealth Rock
|turn|12
|
|move|p2a: Doublade|Shadow Claw|p1a: Ferrothorn
|-damage|p1a: Ferrothorn|204\/352
|-damage|p2a: Doublade|0 fnt|[from] ability: Iron Barbs|[of] p1a: Ferrothorn
|faint|p2a: Doublade
|move|p1a: Ferrothorn|Leech Seed|p2: Doublade|[notarget]
|-notarget
|
|-weather|none
|-heal|p1a: Ferrothorn|226\/352|[from] item: Leftovers
|
|switch|p2a: Talonflame|Talonflame, F|347\/347
|-damage|p2a: Talonflame|174\/347|[from] Stealth Rock
|turn|13
|
|move|p2a: Talonflame|Taunt|p1a: Ferrothorn
|-start|p1a: Ferrothorn|move: Taunt
|move|p1a: Ferrothorn|Gyro Ball|p2a: Talonflame
|-resisted|p2a: Talonflame
|-damage|p2a: Talonflame|57\/347
|
|-heal|p2a: Talonflame|78\/347|[from] item: Leftovers
|-heal|p1a: Ferrothorn|248\/352|[from] item: Leftovers
|turn|14
|
|move|p2a: Talonflame|Roost|p2a: Talonflame
|-heal|p2a: Talonflame|252\/347
|move|p1a: Ferrothorn|Knock Off|p2a: Talonflame
|-damage|p2a: Talonflame|163\/347
|-enditem|p2a: Talonflame|Leftovers|[from] move: Knock Off|[of] p1a: Ferrothorn
|
|-heal|p1a: Ferrothorn|270\/352|[from] item: Leftovers
|turn|15
|
|move|p2a: Talonflame|Roost|p2a: Talonflame
|-heal|p2a: Talonflame|337\/347
|move|p1a: Ferrothorn|Gyro Ball|p2a: Talonflame
|-resisted|p2a: Talonflame
|-damage|p2a: Talonflame|228\/347
|
|-heal|p1a: Ferrothorn|292\/352|[from] item: Leftovers
|-end|p1a: Ferrothorn|move: Taunt
|turn|16
|
|switch|p1a: Keldeo|Keldeo|323\/323
|-damage|p1a: Keldeo|303\/323|[from] Stealth Rock
|move|p2a: Talonflame|Taunt|p1a: Keldeo
|-start|p1a: Keldeo|move: Taunt
|
|turn|17
|
|move|p2a: Talonflame|Brave Bird|p1a: Keldeo
|-supereffective|p1a: Keldeo
|-damage|p1a: Keldeo|0 fnt
|-damage|p2a: Talonflame|128\/347|[from] recoil|[of] p1a: Keldeo
|faint|p1a: Keldeo
|
|
|switch|p1a: Ferrothorn|Ferrothorn, M|292\/352
|-damage|p1a: Ferrothorn|270\/352|[from] Stealth Rock
|turn|18
|
|move|p2a: Talonflame|Roost|p2a: Talonflame
|-heal|p2a: Talonflame|302\/347
|move|p1a: Ferrothorn|Leech Seed|p2a: Talonflame
|-start|p2a: Talonflame|move: Leech Seed
|
|-heal|p1a: Ferrothorn|292\/352|[from] item: Leftovers
|-damage|p2a: Talonflame|259\/347|[from] Leech Seed|[of] p1a: Ferrothorn
|-heal|p1a: Ferrothorn|335\/352|[silent]
|turn|19
|
|switch|p2a: Hydreigon|Hydreigon, M|325\/325
|-damage|p2a: Hydreigon|285\/325|[from] Stealth Rock
|move|p1a: Ferrothorn|Knock Off|p2a: Hydreigon
|-resisted|p2a: Hydreigon
|-damage|p2a: Hydreigon|249\/325
|-enditem|p2a: Hydreigon|Choice Scarf|[from] move: Knock Off|[of] p1a: Ferrothorn
|
|-heal|p1a: Ferrothorn|352\/352|[from] item: Leftovers
|turn|20
|
|move|p2a: Hydreigon|Dark Pulse|p1a: Ferrothorn
|-damage|p1a: Ferrothorn|226\/352
|cant|p1a: Ferrothorn|flinch
|
|-heal|p1a: Ferrothorn|248\/352|[from] item: Leftovers
|turn|21
|
|move|p2a: Hydreigon|Dark Pulse|p1a: Ferrothorn
|-damage|p1a: Ferrothorn|116\/352
|move|p1a: Ferrothorn|Leech Seed|p2a: Hydreigon|[miss]
|-miss|p1a: Ferrothorn|p2a: Hydreigon
|
|-heal|p1a: Ferrothorn|138\/352|[from] item: Leftovers
|turn|22
|c|âGaunab|.-.
|c|âAlekDesu|I don't see what you could do anyway, it just speeds it up
|c|âAlekDesu|unless you get like 3 crits in a row on talonflame after I spin
|
|move|p2a: Hydreigon|Dark Pulse|p1a: Ferrothorn
|-damage|p1a: Ferrothorn|15\/352
|cant|p1a: Ferrothorn|flinch
|
|-heal|p1a: Ferrothorn|37\/352|[from] item: Leftovers
|turn|23
|c|âAlekDesu|gg
|c|âGaunab|gg
|
|move|p2a: Hydreigon|Dark Pulse|p1a: Ferrothorn
|-damage|p1a: Ferrothorn|0 fnt
|faint|p1a: Ferrothorn
|
|
|switch|p1a: Charizard|Charizard-Mega-Y, M, shiny|119\/297
|-damage|p1a: Charizard|0 fnt|[from] Stealth Rock
|faint|p1a: Charizard
|
|win|AlekDesu
|raw|Ladder updating...
|raw|Gaunab's rating: 1547 &rarr; <strong>1527<\/strong><br \/>(-20 for losing)
|raw|AlekDesu's rating: 1548 &rarr; <strong>1568<\/strong><br \/>(+20 for winning)
|leave|Gaunab
|leave|AlekDesu
|player|p1
|player|p2
|join|AlekDesu