|join|Walter C. Dolnez
|join|AlekDesu
|player|p1|Walter C. Dolnez|266
|player|p2|AlekDesu|124
|gametype|singles
|gen|6
|tier|OU
|rated
|clearpoke
|poke|p1|Scizor, F
|poke|p1|Jirachi
|poke|p1|Landorus-Therian, M
|poke|p1|Clefable, F
|poke|p1|Latias, F
|poke|p1|Rotom-Wash
|poke|p2|Chansey, F
|poke|p2|Gothitelle, F
|poke|p2|Skarmory, F
|poke|p2|Quagsire, M
|poke|p2|Sableye, M
|poke|p2|Cresselia, F
|rule|Swagger Clause: Swagger is banned
|rule|Baton Pass Clause: Limit one PokÃ©mon knowing Baton Pass
|rule|Sleep Clause Mod: Limit one foe put to sleep
|rule|Species Clause: Limit one of each PokÃ©mon
|rule|OHKO Clause: OHKO moves are banned
|rule|Moody Clause: Moody is banned
|rule|Evasion Moves Clause: Evasion moves are banned
|rule|Endless Battle Clause: Forcing endless battles is banned
|rule|HP Percentage Mod: HP is shown in percentages
|teampreview
|
|start
|switch|p1a: Rotom-Wash|Rotom-Wash|304\/304
|switch|p2a: Sableye|Sableye, M|304\/304
|turn|1
|
|move|p1a: Rotom-Wash|Volt Switch|p2a: Sableye
|-damage|p2a: Sableye|186\/304
|
|switch|p1a: Clefable|Clefable, F|394\/394
|move|p2a: Sableye|Snarl|p1a: Clefable
|-resisted|p1a: Clefable
|-damage|p1a: Clefable|370\/394
|-unboost|p1a: Clefable|spa|1
|
|-heal|p1a: Clefable|394\/394|[from] item: Leftovers
|turn|2
|
|switch|p1a: Landorus-Therian|Landorus-Therian, M|328\/328
|-ability|p1a: Landorus-Therian|Intimidate|[of] p2a: Sableye
|-unboost|p2a: Sableye|atk|1
|detailschange|p2a: Sableye|Sableye-Mega, M
|-mega|p2a: Sableye|Sableye|Sablenite
|move|p2a: Sableye|Recover|p2a: Sableye
|-heal|p2a: Sableye|304\/304
|
|turn|3
|
|move|p1a: Landorus-Therian|U-turn|p2a: Sableye
|-damage|p2a: Sableye|238\/304
|
|switch|p1a: Clefable|Clefable, F|394\/394
|move|p2a: Sableye|Will-O-Wisp|p1a: Clefable|[miss]
|-miss|p2a: Sableye|p1a: Clefable
|
|turn|4
|
|switch|p2a: Gothitelle|Gothitelle, F|281\/281
|move|p1a: Clefable|Moonblast|p2a: Gothitelle
|-damage|p2a: Gothitelle|176\/281
|
|turn|5
|
|move|p2a: Gothitelle|Trick|p1a: Clefable
|-activate|p2a: Gothitelle|move: Trick|[of] p1a: Clefable
|-item|p1a: Clefable|Choice Scarf|[from] move: Trick
|-item|p2a: Gothitelle|Leftovers|[from] move: Trick
|move|p1a: Clefable|Moonblast|p2a: Gothitelle
|-damage|p2a: Gothitelle|71\/281
|
|-heal|p2a: Gothitelle|88\/281|[from] item: Leftovers
|turn|6
|
|switch|p2a: Chansey|Chansey, F|704\/704
|move|p1a: Clefable|Moonblast|p2a: Chansey
|-damage|p2a: Chansey|628\/704
|-unboost|p2a: Chansey|spa|1
|
|turn|7
|
|switch|p1a: Jirachi|Jirachi|404\/404
|move|p2a: Chansey|Stealth Rock|p1a: Jirachi
|-sidestart|p1: Walter C. Dolnez|move: Stealth Rock
|
|turn|8
|
|switch|p2a: Sableye|Sableye-Mega, M|238\/304
|move|p1a: Jirachi|Stealth Rock|p2a: Sableye
|move|p2a: Sableye|Stealth Rock|p1a: Jirachi|[from]Magic Bounce
|-fail|p1a: Jirachi
|
|turn|9
|-message|Walter C. Dolnez forfeited.
|leave|Walter C. Dolnez
|
|win|AlekDesu
|raw|Ladder updating...
|player|p1