|join|AlekDesu
|join|Rarudo
|player|p1|AlekDesu|190
|player|p2|Rarudo|169
|gametype|singles
|tier|OU (beta)
|rated
|rule|Evasion Abilities Clause: Evasion abilities are banned
|clearpoke
|poke|p1|Greninja, F
|poke|p1|Tyranitar, M
|poke|p1|Garchomp, F
|poke|p1|Excadrill, F
|poke|p1|Charizard, M
|poke|p1|Gengar, M
|poke|p2|Munchlax, M
|poke|p2|Marowak, F
|poke|p2|Delphox, F
|poke|p2|Azumarill, F
|poke|p2|Jolteon, M
|poke|p2|Ninjask, F
|rule|Sleep Clause Mod: Limit one foe put to sleep
|rule|Species Clause: Limit one of each Pokemon
|rule|OHKO Clause: OHKO moves are banned
|rule|Moody Clause: Moody is banned
|rule|Evasion Moves Clause: Evasion moves are banned
|rule|HP Percentage Mod: HP is reported as percentages
|teampreview
|callback|decision
|
|start
|switch|p1a: Greninja|Greninja, F|286\/286
|switch|p2a: Zuzu|Azumarill, F|404\/404
|turn|1
|callback|decision
|chat|Rarudo|My god, your team alone is intimidating.. ouch.
|
|-start|p1a: Greninja|typechange|Psychic|[from] Protean
|move|p1a: Greninja|Extrasensory|p2a: Zuzu
|-damage|p2a: Zuzu|212\/404
|-damage|p1a: Greninja|258\/286|[from] item: Life Orb
|move|p2a: Zuzu|Superpower|p1a: Greninja
|-resisted|p1a: Greninja
|-damage|p1a: Greninja|132\/286
|-unboost|p2a: Zuzu|atk|1
|-unboost|p2a: Zuzu|def|1
|
|turn|2
|callback|decision
|
|move|p2a: Zuzu|Aqua Jet|p1a: Greninja
|-damage|p1a: Greninja|51\/286
|move|p1a: Greninja|Extrasensory|p2a: Zuzu
|-damage|p2a: Zuzu|5\/404
|-damage|p1a: Greninja|23\/286|[from] item: Life Orb
|
|turn|3
|callback|decision
|
|switch|p1a: Tyranitar|Tyranitar, M|404\/404
|-weather|Sandstorm
|move|p2a: Zuzu|Aqua Jet|p1a: Tyranitar
|-supereffective|p1a: Tyranitar
|-damage|p1a: Tyranitar|290\/404
|
|-weather|Sandstorm|[upkeep]
|-damage|p2a: Zuzu|0 fnt|[from] sandstorm
|-heal|p1a: Tyranitar|315\/404|[from] item: Leftovers
|faint|p2a: Zuzu
|callback|decision
|chat|AlekDesu|yes it is ^^
|
|switch|p2a: Vivian|Delphox, F|292\/292
|turn|4
|callback|decision
|
|move|p2a: Vivian|Hidden Power|p1a: Tyranitar
|-supereffective|p1a: Tyranitar
|-damage|p1a: Tyranitar|147\/404
|move|p1a: Tyranitar|Stone Edge|p2a: Vivian
|-supereffective|p2a: Vivian
|-damage|p2a: Vivian|0 fnt
|faint|p2a: Vivian
|
|-weather|Sandstorm|[upkeep]
|-heal|p1a: Tyranitar|172\/404|[from] item: Leftovers
|callback|decision
|
|switch|p2a: Beef|Munchlax, M|412\/412
|turn|5
|callback|decision
|
|move|p1a: Tyranitar|Stone Edge|p2a: Beef
|-damage|p2a: Beef|250\/412
|move|p2a: Beef|Return|p1a: Tyranitar
|-resisted|p1a: Tyranitar
|-damage|p1a: Tyranitar|107\/404
|
|-weather|Sandstorm|[upkeep]
|-damage|p2a: Beef|225\/412|[from] sandstorm
|-heal|p1a: Tyranitar|132\/404|[from] item: Leftovers
|turn|6
|callback|decision
|
|move|p1a: Tyranitar|Stealth Rock|p2a: Beef
|-sidestart|p2: Rarudo|move: Stealth Rock
|move|p2a: Beef|Earthquake|p1a: Tyranitar
|-supereffective|p1a: Tyranitar
|-damage|p1a: Tyranitar|0 fnt
|faint|p1a: Tyranitar
|
|-weather|Sandstorm|[upkeep]
|-damage|p2a: Beef|200\/412|[from] sandstorm
|callback|decision
|
|switch|p1a: Excadrill|Excadrill, F|362\/362
|-item|p1a: Excadrill|Air Balloon
|turn|7
|callback|decision
|
|move|p1a: Excadrill|Earthquake|p2a: Beef
|-damage|p2a: Beef|34\/412
|move|p2a: Beef|Return|p1a: Excadrill
|-resisted|p1a: Excadrill
|-damage|p1a: Excadrill|257\/362
|-enditem|p1a: Excadrill|Air Balloon
|
|-weather|none
|turn|8
|callback|decision
|
|move|p2a: Beef|Protect|p2a: Beef
|-singleturn|p2a: Beef|Protect
|move|p1a: Excadrill|Earthquake|p2a: Beef
|-activate|p2a: Beef|Protect
|
|turn|9
|callback|decision
|
|move|p1a: Excadrill|Earthquake|p2a: Beef
|-damage|p2a: Beef|0 fnt
|faint|p2a: Beef
|
|callback|decision
|
|switch|p2a: Ein|Ninjask, F|326\/326
|-damage|p2a: Ein|163\/326|[from] Stealth Rock
|turn|10
|callback|decision
|
|move|p2a: Ein|Substitute|p2a: Ein
|-start|p2a: Ein|Substitute
|-damage|p2a: Ein|82\/326
|move|p1a: Excadrill|Rock Slide|p2a: Ein
|-supereffective|p2a: Ein
|-end|p2a: Ein|Substitute
|
|-heal|p2a: Ein|102\/326|[from] item: Leftovers
|-boost|p2a: Ein|spe|1|[from] ability: Speed Boost
|turn|11
|callback|decision
|
|move|p2a: Ein|Protect|p2a: Ein
|-singleturn|p2a: Ein|Protect
|move|p1a: Excadrill|Rock Slide|p2a: Ein
|-activate|p2a: Ein|Protect
|
|-heal|p2a: Ein|122\/326|[from] item: Leftovers
|-boost|p2a: Ein|spe|1|[from] ability: Speed Boost
|turn|12
|callback|decision
|
|switch|p1a: Greninja|Greninja, F|23\/286
|move|p2a: Ein|Substitute|p2a: Ein
|-start|p2a: Ein|Substitute
|-damage|p2a: Ein|41\/326
|
|-heal|p2a: Ein|61\/326|[from] item: Leftovers
|-boost|p2a: Ein|spe|1|[from] ability: Speed Boost
|turn|13
|callback|decision
|
|move|p2a: Ein|X-Scissor|p1a: Greninja
|-supereffective|p1a: Greninja
|-damage|p1a: Greninja|0 fnt
|faint|p1a: Greninja
|
|-heal|p2a: Ein|81\/326|[from] item: Leftovers
|-boost|p2a: Ein|spe|1|[from] ability: Speed Boost
|callback|decision
|
|switch|p1a: Charizard|Charizard, M|298\/298
|turn|14
|callback|decision
|
|move|p2a: Ein|Baton Pass|p2a: Ein
|callback|decision
|
|switch|p2a: Leah|Marowak, F|323\/323
|-damage|p2a: Leah|303\/323|[from] Stealth Rock
|move|p1a: Charizard|Flare Blitz|p2a: Leah
|-end|p2a: Leah|Substitute
|-damage|p1a: Charizard|271\/298|[from] recoil|[of] p2a: Leah
|
|turn|15
|callback|decision
|
|-formechange|p1a: Charizard|Charizard-Mega-X
|message|Charizard mega-evolved into Charizard-Mega-X!
|move|p2a: Leah|Stone Edge|p1a: Charizard
|-supereffective|p1a: Charizard
|-damage|p1a: Charizard|0 fnt
|faint|p1a: Charizard
|
|callback|decision
|
|switch|p1a: Gengar|Gengar, M|262\/262
|turn|16
|callback|decision
|
|move|p2a: Leah|Stone Edge|p1a: Gengar
|-damage|p1a: Gengar|0 fnt
|faint|p1a: Gengar
|
|callback|decision
|
|switch|p1a: Excadrill|Excadrill, F|257\/362
|turn|17
|callback|decision
|
|move|p2a: Leah|Bonemerang|p1a: Excadrill
|-supereffective|p1a: Excadrill
|-damage|p1a: Excadrill|0 fnt
|-hitcount|p1a: Excadrill|1
|faint|p1a: Excadrill
|
|callback|decision
|
|switch|p1a: Garchomp|Garchomp, F|358\/358
|turn|18
|callback|decision
|
|move|p2a: Leah|Bonemerang|p1a: Garchomp
|-damage|p1a: Garchomp|220\/358
|-crit|p1a: Garchomp
|-damage|p1a: Garchomp|16\/358
|-hitcount|p1a: Garchomp|2
|move|p1a: Garchomp|Earthquake|p2a: Leah
|-damage|p2a: Leah|147\/323
|
|-heal|p1a: Garchomp|38\/358|[from] item: Leftovers
|turn|19
|callback|decision
|-message|AlekDesu forfeited.
|
|win|Rarudo
|raw|Ladder updating...
|leave|AlekDesu
|player|p1
|raw|AlekDesu's rating: 1243 &rarr; <strong>1231<\/strong><br \/>(-12 for losing)
|raw|Rarudo's rating: 1292 &rarr; <strong>1298<\/strong><br \/>(+6 for winning)