|join|JAUNm
|join|AlekDesu
|player|p1|JAUNm|1
|player|p2|AlekDesu|190
|gametype|singles
|tier|OU (beta)
|rated
|rule|Evasion Abilities Clause: Evasion abilities are banned
|clearpoke
|poke|p1|Aegislash, F
|poke|p1|Charizard, F
|poke|p1|Heliolisk, M
|poke|p1|Klefki, F
|poke|p1|Forretress, M
|poke|p1|Zygarde
|poke|p2|Goodra, F
|poke|p2|Aegislash, F
|poke|p2|Mamoswine, M
|poke|p2|Skarmory, M
|poke|p2|Rotom-Wash
|poke|p2|Lucario, M
|rule|Sleep Clause Mod: Limit one foe put to sleep
|rule|Species Clause: Limit one of each Pokemon
|rule|OHKO Clause: OHKO moves are banned
|rule|Moody Clause: Moody is banned
|rule|Evasion Moves Clause: Evasion moves are banned
|rule|HP Percentage Mod: HP is reported as percentages
|teampreview
|callback|decision
|
|start
|switch|p1a: Charizard|Charizard, F|297\/297
|switch|p2a: Mamoswine|Mamoswine, M|424\/424
|turn|1
|callback|decision
|
|-formechange|p1a: Charizard|Charizard-Mega-Y
|message|Charizard has Mega Evolved into Mega Charizard!
|-weather|SunnyDay
|move|p1a: Charizard|SolarBeam|p2a: Mamoswine|[still]
|-prepare|p1a: Charizard|SolarBeam|p2a: Mamoswine
|-anim|p1a: Charizard|SolarBeam|p2a: Mamoswine
|-supereffective|p2a: Mamoswine
|-damage|p2a: Mamoswine|0 fnt
|faint|p2a: Mamoswine
|
|-weather|SunnyDay|[upkeep]
|callback|decision
|
|switch|p2a: Vaurien|Goodra, F|384\/384
|turn|2
|callback|decision
|
|switch|p1a: Heliolisk|Heliolisk, M|265\/265
|move|p2a: Vaurien|Thunderbolt|p1a: Heliolisk
|-resisted|p1a: Heliolisk
|-damage|p1a: Heliolisk|206\/265
|
|-weather|SunnyDay|[upkeep]
|-damage|p1a: Heliolisk|173\/265|[from] ability: Solar Power
|turn|3
|callback|decision
|
|move|p1a: Heliolisk|Hidden Power|p2a: Vaurien
|-supereffective|p2a: Vaurien
|-damage|p2a: Vaurien|248\/384
|move|p2a: Vaurien|Focus Blast|p1a: Heliolisk
|-supereffective|p1a: Heliolisk
|-damage|p1a: Heliolisk|0 fnt
|faint|p1a: Heliolisk
|
|-weather|SunnyDay|[upkeep]
|-heal|p2a: Vaurien|272\/384|[from] item: Leftovers
|callback|decision
|
|switch|p1a: Klefki|Klefki, F|320\/320
|turn|4
|callback|decision
|
|move|p1a: Klefki|Toxic|p2a: Vaurien
|-status|p2a: Vaurien|tox
|move|p2a: Vaurien|Flamethrower|p1a: Klefki
|-supereffective|p1a: Klefki
|-enditem|p1a: Klefki|Focus Sash
|-damage|p1a: Klefki|1\/320
|-status|p1a: Klefki|brn
|
|-weather|SunnyDay|[upkeep]
|-heal|p2a: Vaurien|296\/384 tox|[from] item: Leftovers
|-damage|p2a: Vaurien|272\/384 tox|[from] psn
|-damage|p1a: Klefki|0 fnt|[from] brn
|faint|p1a: Klefki
|callback|decision
|
|switch|p1a: Charizard|Charizard, F|297\/297
|-formechange|p1a: Charizard|Charizard-Mega-Y
|turn|5
|callback|decision
|
|move|p1a: Charizard|Air Slash|p2a: Vaurien
|-damage|p2a: Vaurien|155\/384 tox
|move|p2a: Vaurien|Thunderbolt|p1a: Charizard
|-supereffective|p1a: Charizard
|-damage|p1a: Charizard|123\/297
|
|-weather|none
|-heal|p2a: Vaurien|179\/384 tox|[from] item: Leftovers
|-damage|p2a: Vaurien|131\/384 tox|[from] psn
|turn|6
|callback|decision
|
|switch|p1a: Aegislash|Aegislash, F|324\/324
|move|p2a: Vaurien|Thunderbolt|p1a: Aegislash
|-damage|p1a: Aegislash|251\/324
|
|-heal|p2a: Vaurien|155\/384 tox|[from] item: Leftovers
|-heal|p1a: Aegislash|271\/324|[from] item: Leftovers
|-damage|p2a: Vaurien|83\/384 tox|[from] psn
|turn|7
|callback|decision
|
|switch|p1a: Charizard|Charizard, F|123\/297
|-formechange|p1a: Charizard|Charizard-Mega-Y
|-weather|SunnyDay
|move|p2a: Vaurien|Flamethrower|p1a: Charizard
|-resisted|p1a: Charizard
|-damage|p1a: Charizard|53\/297
|
|-weather|SunnyDay|[upkeep]
|-heal|p2a: Vaurien|107\/384 tox|[from] item: Leftovers
|-damage|p2a: Vaurien|11\/384 tox|[from] psn
|turn|8
|callback|decision
|
|move|p1a: Charizard|Roost|p1a: Charizard
|-heal|p1a: Charizard|202\/297
|move|p2a: Vaurien|Flamethrower|p1a: Charizard
|-resisted|p1a: Charizard
|-damage|p1a: Charizard|135\/297
|
|-weather|SunnyDay|[upkeep]
|-heal|p2a: Vaurien|35\/384 tox|[from] item: Leftovers
|-damage|p2a: Vaurien|0 fnt|[from] psn
|faint|p2a: Vaurien
|callback|decision
|
|switch|p2a: Rotom-Wash|Rotom-Wash|304\/304
|turn|9
|callback|decision
|
|move|p1a: Charizard|SolarBeam|p2a: Rotom-Wash|[still]
|-prepare|p1a: Charizard|SolarBeam|p2a: Rotom-Wash
|-anim|p1a: Charizard|SolarBeam|p2a: Rotom-Wash
|-supereffective|p2a: Rotom-Wash
|-damage|p2a: Rotom-Wash|0 fnt
|faint|p2a: Rotom-Wash
|
|-weather|SunnyDay|[upkeep]
|callback|decision
|
|switch|p2a: Aegislash|Aegislash, F|262\/262
|turn|10
|callback|decision
|
|move|p2a: Aegislash|King's Shield|p2a: Aegislash
|-singleturn|p2a: Aegislash|King's Shield
|move|p1a: Charizard|Roost|p1a: Charizard
|-heal|p1a: Charizard|284\/297
|
|-weather|SunnyDay|[upkeep]
|turn|11
|callback|decision
|
|move|p1a: Charizard|Fire Blast|p2a: Aegislash
|-supereffective|p2a: Aegislash
|-damage|p2a: Aegislash|0 fnt
|faint|p2a: Aegislash
|
|-weather|none
|callback|decision
|
|switch|p2a: Skarmory|Skarmory, M|334\/334
|turn|12
|callback|decision
|
|move|p1a: Charizard|Fire Blast|p2a: Skarmory
|-supereffective|p2a: Skarmory
|-activate|p2a: Skarmory|Sturdy
|-damage|p2a: Skarmory|1\/334
|move|p2a: Skarmory|Brave Bird|p1a: Charizard
|-damage|p1a: Charizard|148\/297
|-damage|p2a: Skarmory|0 fnt|[from] recoil|[of] p1a: Charizard
|faint|p2a: Skarmory
|
|callback|decision
|
|switch|p2a: Lucario|Lucario, M|281\/281
|turn|13
|callback|decision
|
|-formechange|p2a: Lucario|Lucario-Mega
|message|Lucario has Mega Evolved into Mega Lucario!
|move|p2a: Lucario|Extreme Speed|p1a: Charizard
|-damage|p1a: Charizard|17\/297
|move|p1a: Charizard|Fire Blast|p2a: Lucario
|-crit|p2a: Lucario
|-supereffective|p2a: Lucario
|-damage|p2a: Lucario|0 fnt
|faint|p2a: Lucario
|
|win|JAUNm
|raw|Ladder updating...
|raw|JAUNm's rating: 1465 &rarr; <strong>1500<\/strong><br \/>(+35 for winning)
|raw|AlekDesu's rating: 1407 &rarr; <strong>1403<\/strong><br \/>(-4 for losing)
|leave|AlekDesu
|player|p2