|join|ArchPhantom
|join|AlekDesu
|player|p1|ArchPhantom|222
|player|p2|AlekDesu|34
|gametype|singles
|gen|6
|tier|OU (suspect test)
|rated
|clearpoke
|poke|p1|Metagross
|poke|p1|Keldeo
|poke|p1|Landorus-Therian, M
|poke|p1|Tyranitar, M
|poke|p1|Latios, M
|poke|p1|Entei, shiny
|poke|p2|Houndoom, F
|poke|p2|Toxicroak, F
|poke|p2|Azumarill, F
|poke|p2|Landorus-Therian, M
|poke|p2|Latios, M
|poke|p2|Ferrothorn, M
|rule|Swagger Clause: Swagger is banned
|rule|Baton Pass Clause: Limit one PokÃ©mon knowing Baton Pass
|rule|Sleep Clause Mod: Limit one foe put to sleep
|rule|Species Clause: Limit one of each PokÃ©mon
|rule|OHKO Clause: OHKO moves are banned
|rule|Moody Clause: Moody is banned
|rule|Evasion Moves Clause: Evasion moves are banned
|rule|Endless Battle Clause: Forcing endless battles is banned
|rule|HP Percentage Mod: HP is shown in percentages
|teampreview
|
|start
|switch|p1a: Keldeo|Keldeo|323\/323
|switch|p2a: Landorus-Therian|Landorus-Therian, M|382\/382
|-ability|p2a: Landorus-Therian|Intimidate|[of] p1a: Keldeo
|-unboost|p1a: Keldeo|atk|1
|turn|1
|
|switch|p2a: Latios|Latios, M|301\/301
|move|p1a: Keldeo|Scald|p2a: Latios
|-resisted|p2a: Latios
|-damage|p2a: Latios|232\/301
|
|turn|2
|
|switch|p2a: Landorus-Therian|Landorus-Therian, M|382\/382
|-ability|p2a: Landorus-Therian|Intimidate|[of] p1a: Keldeo
|-unboost|p1a: Keldeo|atk|1
|switch|p1a: Metagross|Metagross|301\/301
|
|turn|3
|
|switch|p1a: Landorus-Therian|Landorus-Therian, M|381\/381
|-ability|p1a: Landorus-Therian|Intimidate|[of] p2a: Landorus-Therian
|-unboost|p2a: Landorus-Therian|atk|1
|move|p2a: Landorus-Therian|Stealth Rock|p1a: Landorus-Therian
|-sidestart|p1: ArchPhantom|move: Stealth Rock
|
|turn|4
|
|move|p1a: Landorus-Therian|Stealth Rock|p2a: Landorus-Therian
|-sidestart|p2: AlekDesu|move: Stealth Rock
|move|p2a: Landorus-Therian|U-turn|p1a: Landorus-Therian
|-resisted|p1a: Landorus-Therian
|-damage|p1a: Landorus-Therian|361\/381
|
|switch|p2a: Azumarill|Azumarill, F|341\/341
|-damage|p2a: Azumarill|299\/341|[from] Stealth Rock
|
|-heal|p1a: Landorus-Therian|381\/381|[from] item: Leftovers
|turn|5
|
|move|p1a: Landorus-Therian|U-turn|p2a: Azumarill
|-resisted|p2a: Azumarill
|-damage|p2a: Azumarill|253\/341
|
|switch|p1a: Latios|Latios, M|301\/301
|-damage|p1a: Latios|264\/301|[from] Stealth Rock
|move|p2a: Azumarill|Waterfall|p1a: Latios
|-resisted|p1a: Latios
|-damage|p1a: Latios|156\/301
|
|turn|6
|
|move|p1a: Latios|Psyshock|p2a: Azumarill
|-damage|p2a: Azumarill|37\/341
|-damage|p1a: Latios|126\/301|[from] item: Life Orb
|move|p2a: Azumarill|Knock Off|p1a: Latios
|-supereffective|p1a: Latios
|-damage|p1a: Latios|0 fnt
|-enditem|p1a: Latios|Life Orb|[from] move: Knock Off|[of] p2a: Azumarill
|faint|p1a: Latios
|
|
|switch|p1a: Landorus-Therian|Landorus-Therian, M|381\/381
|-damage|p1a: Landorus-Therian|334\/381|[from] Stealth Rock
|-ability|p1a: Landorus-Therian|Intimidate|[of] p2a: Azumarill
|-unboost|p2a: Azumarill|atk|1
|turn|7
|
|move|p2a: Azumarill|Aqua Jet|p1a: Landorus-Therian
|-supereffective|p1a: Landorus-Therian
|-damage|p1a: Landorus-Therian|236\/381
|move|p1a: Landorus-Therian|U-turn|p2a: Azumarill
|-resisted|p2a: Azumarill
|-damage|p2a: Azumarill|0 fnt
|faint|p2a: Azumarill
|
|switch|p1a: Keldeo|Keldeo|323\/323
|-damage|p1a: Keldeo|303\/323|[from] Stealth Rock
|
|
|switch|p2a: Latios|Latios, M|232\/301
|-damage|p2a: Latios|195\/301|[from] Stealth Rock
|turn|8
|
|switch|p1a: Tyranitar|Tyranitar, M|383\/383
|-damage|p1a: Tyranitar|336\/383|[from] Stealth Rock
|-weather|Sandstorm
|move|p2a: Latios|Draco Meteor|p1a: Tyranitar
|-damage|p1a: Tyranitar|173\/383
|-unboost|p2a: Latios|spa|2
|
|-weather|Sandstorm|[upkeep]
|-damage|p2a: Latios|177\/301|[from] sandstorm
|turn|9
|
|move|p2a: Latios|Draco Meteor|p1a: Tyranitar
|-damage|p1a: Tyranitar|89\/383
|-unboost|p2a: Latios|spa|2
|move|p1a: Tyranitar|Pursuit|p2a: Latios
|-supereffective|p2a: Latios
|-damage|p2a: Latios|0 fnt
|faint|p2a: Latios
|
|-weather|Sandstorm|[upkeep]
|
|switch|p2a: Ferrothorn|Ferrothorn, M|352\/352
|-damage|p2a: Ferrothorn|330\/352|[from] Stealth Rock
|turn|10
|
|move|p1a: Tyranitar|Pursuit|p2a: Ferrothorn
|-damage|p2a: Ferrothorn|245\/352
|-damage|p1a: Tyranitar|42\/383|[from] ability: Iron Barbs|[of] p2a: Ferrothorn
|move|p2a: Ferrothorn|Leech Seed|p1a: Tyranitar
|-start|p1a: Tyranitar|move: Leech Seed
|
|-weather|Sandstorm|[upkeep]
|-damage|p1a: Tyranitar|0 fnt|[from] Leech Seed|[of] p2a: Ferrothorn
|-heal|p2a: Ferrothorn|287\/352|[silent]
|faint|p1a: Tyranitar
|
|switch|p1a: Entei|Entei, shiny|371\/371
|-damage|p1a: Entei|279\/371|[from] Stealth Rock
|-ability|p1a: Entei|Pressure
|turn|11
|
|move|p2a: Ferrothorn|Protect|p2a: Ferrothorn
|-singleturn|p2a: Ferrothorn|Protect
|move|p1a: Entei|Sacred Fire|p2a: Ferrothorn
|-activate|p2a: Ferrothorn|Protect
|
|-weather|Sandstorm|[upkeep]
|-damage|p1a: Entei|256\/371|[from] sandstorm
|turn|12
|
|switch|p2a: Houndoom|Houndoom, F|291\/291
|-damage|p2a: Houndoom|219\/291|[from] Stealth Rock
|move|p1a: Entei|Sacred Fire|p2a: Houndoom
|-start|p2a: Houndoom|ability: Flash Fire
|
|-weather|none
|turn|13
|
|detailschange|p2a: Houndoom|Houndoom-Mega, F
|-mega|p2a: Houndoom|Houndoom|Houndoominite
|move|p1a: Entei|Extreme Speed|p2a: Houndoom
|-damage|p2a: Houndoom|80\/291
|-damage|p1a: Entei|219\/371|[from] item: Life Orb
|move|p2a: Houndoom|Fire Blast|p1a: Entei|[miss]
|-miss|p2a: Houndoom|p1a: Entei
|
|turn|14
|c|âAlekDesu|I lost last game because gunk shot miss
|c|âAlekDesu|this game it's fire blast I guess aha
|c|âAlekDesu|gg
|
|switch|p2a: Ferrothorn|Ferrothorn, M|287\/352
|-damage|p2a: Ferrothorn|265\/352|[from] Stealth Rock
|move|p1a: Entei|Extreme Speed|p2a: Ferrothorn
|-resisted|p2a: Ferrothorn
|-damage|p2a: Ferrothorn|225\/352
|-damage|p1a: Entei|173\/371|[from] ability: Iron Barbs|[of] p2a: Ferrothorn
|-damage|p1a: Entei|136\/371|[from] item: Life Orb
|
|turn|15
|c|âArchPhantom|srry bruh
|c|âAlekDesu|it's fine though
|c|âAlekDesu|just a bit irritating not gonna lie
|c|âArchPhantom|Yeah :[
|c|âAlekDesu|Like the thing is I still have a chance I'm prob going to loose from nothing has it would have been like a kinda easy win with fire blast connecting
|c|âAlekDesu|although nothing I can do about it, guess I should run flamethrower aha
|
|switch|p2a: Landorus-Therian|Landorus-Therian, M|382\/382
|-damage|p2a: Landorus-Therian|335\/382|[from] Stealth Rock
|-ability|p2a: Landorus-Therian|Intimidate|[of] p1a: Entei
|-unboost|p1a: Entei|atk|1
|move|p1a: Entei|Sacred Fire|p2a: Landorus-Therian|[miss]
|-miss|p1a: Entei|p2a: Landorus-Therian
|
|-heal|p2a: Landorus-Therian|358\/382|[from] item: Leftovers
|turn|16
|c|âArchPhantom|Keldeo is scarfed but yh things would've been way different
|c|âAlekDesu|thing is toxicroak checks it pretty damn well still
|c|âArchPhantom|Yh that's tru
|
|switch|p1a: Landorus-Therian|Landorus-Therian, M|236\/381
|-damage|p1a: Landorus-Therian|189\/381|[from] Stealth Rock
|-ability|p1a: Landorus-Therian|Intimidate|[of] p2a: Landorus-Therian
|-unboost|p2a: Landorus-Therian|atk|1
|move|p2a: Landorus-Therian|Earthquake|p1a: Landorus-Therian
|-immune|p1a: Landorus-Therian|[msg]
|
|-heal|p1a: Landorus-Therian|212\/381|[from] item: Leftovers
|-heal|p2a: Landorus-Therian|381\/382|[from] item: Leftovers
|turn|17
|
|move|p1a: Landorus-Therian|U-turn|p2a: Landorus-Therian
|-resisted|p2a: Landorus-Therian
|-damage|p2a: Landorus-Therian|353\/382
|c|âAlekDesu|that's were you regret you put speed investment aha
|
|switch|p1a: Metagross|Metagross|301\/301
|-damage|p1a: Metagross|283\/301|[from] Stealth Rock
|move|p2a: Landorus-Therian|U-turn|p1a: Metagross
|-damage|p1a: Metagross|241\/301
|c|âArchPhantom|yh haha
|
|switch|p2a: Ferrothorn|Ferrothorn, M|225\/352
|-damage|p2a: Ferrothorn|203\/352|[from] Stealth Rock
|
|turn|18
|c|âArchPhantom|Ugh ferro
|c|âAlekDesu|now I die to a bp damn ^^
|
|detailschange|p1a: Metagross|Metagross-Mega
|-mega|p1a: Metagross|Metagross|Metagrossite
|move|p1a: Metagross|Hammer Arm|p2a: Ferrothorn
|-supereffective|p2a: Ferrothorn
|-damage|p2a: Ferrothorn|0 fnt
|-damage|p1a: Metagross|204\/301|[from] ability: Iron Barbs|[of] p2a: Ferrothorn
|-unboost|p1a: Metagross|spe|1
|faint|p2a: Ferrothorn
|
|c|âArchPhantom|:]
|c|âAlekDesu|you're hammer arm though aha
|
|switch|p2a: Landorus-Therian|Landorus-Therian, M|353\/382
|-damage|p2a: Landorus-Therian|306\/382|[from] Stealth Rock
|-ability|p2a: Landorus-Therian|Intimidate|[of] p1a: Metagross
|-unboost|p1a: Metagross|atk|1
|turn|19
|
|switch|p1a: Keldeo|Keldeo|303\/323
|-damage|p1a: Keldeo|283\/323|[from] Stealth Rock
|move|p2a: Landorus-Therian|U-turn|p1a: Keldeo
|-crit|p1a: Keldeo
|-resisted|p1a: Keldeo
|-damage|p1a: Keldeo|226\/323
|
|switch|p2a: Toxicroak|Toxicroak, F|307\/307
|-damage|p2a: Toxicroak|288\/307|[from] Stealth Rock
|
|turn|20
|c|âAlekDesu|reveal the hp psychic keldeo if real
|c|âAlekDesu|aha
|c|âArchPhantom|Haha
|
|move|p1a: Keldeo|Icy Wind|p2a: Toxicroak
|-damage|p2a: Toxicroak|193\/307
|-unboost|p2a: Toxicroak|spe|1
|move|p2a: Toxicroak|Drain Punch|p1a: Keldeo
|-damage|p1a: Keldeo|58\/323
|-heal|p2a: Toxicroak|277\/307|[from] drain|[of] p1a: Keldeo
|-damage|p2a: Toxicroak|247\/307|[from] item: Life Orb
|
|turn|21
|
|switch|p1a: Landorus-Therian|Landorus-Therian, M|212\/381
|-damage|p1a: Landorus-Therian|165\/381|[from] Stealth Rock
|-ability|p1a: Landorus-Therian|Intimidate|[of] p2a: Toxicroak
|-unboost|p2a: Toxicroak|atk|1
|move|p2a: Toxicroak|Drain Punch|p1a: Landorus-Therian
|-crit|p1a: Landorus-Therian
|-resisted|p1a: Landorus-Therian
|-damage|p1a: Landorus-Therian|75\/381
|-heal|p2a: Toxicroak|292\/307|[from] drain|[of] p1a: Landorus-Therian
|-damage|p2a: Toxicroak|262\/307|[from] item: Life Orb
|
|-heal|p1a: Landorus-Therian|98\/381|[from] item: Leftovers
|turn|22
|
|switch|p2a: Houndoom|Houndoom-Mega, F|80\/291
|-damage|p2a: Houndoom|8\/291|[from] Stealth Rock
|move|p1a: Landorus-Therian|Stealth Rock|p2a: Houndoom
|-fail|p2a: Houndoom
|
|-heal|p1a: Landorus-Therian|121\/381|[from] item: Leftovers
|turn|23
|c|âAlekDesu|predicted sucker?
|c|âArchPhantom|yh
|c|âAlekDesu|ah, I don't think it would've killed though
|
|switch|p1a: Keldeo|Keldeo|58\/323
|-damage|p1a: Keldeo|38\/323|[from] Stealth Rock
|move|p2a: Houndoom|Dark Pulse|p1a: Keldeo
|-resisted|p1a: Keldeo
|-damage|p1a: Keldeo|0 fnt
|faint|p1a: Keldeo
|
|
|switch|p1a: Metagross|Metagross-Mega|204\/301
|-damage|p1a: Metagross|186\/301|[from] Stealth Rock
|turn|24
|
|move|p1a: Metagross|Bullet Punch|p2a: Houndoom
|-resisted|p2a: Houndoom
|-damage|p2a: Houndoom|0 fnt
|faint|p2a: Houndoom
|
|
|switch|p2a: Landorus-Therian|Landorus-Therian, M|306\/382
|-damage|p2a: Landorus-Therian|259\/382|[from] Stealth Rock
|-ability|p2a: Landorus-Therian|Intimidate|[of] p1a: Metagross
|-unboost|p1a: Metagross|atk|1
|turn|25
|c|âAlekDesu|ice punch hammer arm I doubt it aha
|
|switch|p1a: Landorus-Therian|Landorus-Therian, M|121\/381
|-damage|p1a: Landorus-Therian|74\/381|[from] Stealth Rock
|-ability|p1a: Landorus-Therian|Intimidate|[of] p2a: Landorus-Therian
|-unboost|p2a: Landorus-Therian|atk|1
|move|p2a: Landorus-Therian|Earthquake|p1a: Landorus-Therian
|-immune|p1a: Landorus-Therian|[msg]
|
|-heal|p1a: Landorus-Therian|97\/381|[from] item: Leftovers
|-heal|p2a: Landorus-Therian|282\/382|[from] item: Leftovers
|turn|26
|c|âArchPhantom|Yh xD dual stab BP hammee
|c|âArchPhantom|hammer*
|
|move|p1a: Landorus-Therian|Stone Edge|p2a: Landorus-Therian
|-damage|p2a: Landorus-Therian|197\/382
|move|p2a: Landorus-Therian|U-turn|p1a: Landorus-Therian
|-resisted|p1a: Landorus-Therian
|-damage|p1a: Landorus-Therian|79\/381
|c|âAlekDesu|entei wins now
|c|âAlekDesu|the entei that should've died from a fire blast
|c|âAlekDesu|^^
|
|switch|p2a: Toxicroak|Toxicroak, F|262\/307
|-damage|p2a: Toxicroak|243\/307|[from] Stealth Rock
|
|-heal|p1a: Landorus-Therian|102\/381|[from] item: Leftovers
|turn|27
|c|âArchPhantom|:[
|
|move|p2a: Toxicroak|Ice Punch|p1a: Landorus-Therian
|-supereffective|p1a: Landorus-Therian
|-damage|p1a: Landorus-Therian|0 fnt
|-damage|p2a: Toxicroak|213\/307|[from] item: Life Orb
|faint|p1a: Landorus-Therian
|
|
|switch|p1a: Metagross|Metagross-Mega|186\/301
|-damage|p1a: Metagross|168\/301|[from] Stealth Rock
|turn|28
|
|move|p2a: Toxicroak|Sucker Punch|p1a: Metagross
|-supereffective|p1a: Metagross
|-damage|p1a: Metagross|0 fnt
|-damage|p2a: Toxicroak|183\/307|[from] item: Life Orb
|faint|p1a: Metagross
|
|
|switch|p1a: Entei|Entei, shiny|136\/371
|-damage|p1a: Entei|44\/371|[from] Stealth Rock
|-ability|p1a: Entei|Pressure
|turn|29
|c|âAlekDesu|holy crap I don't think you win actually
|c|âArchPhantom|Oh you have sucker lol
|c|âAlekDesu|aha
|
|move|p1a: Entei|Extreme Speed|p2a: Toxicroak
|-damage|p2a: Toxicroak|6\/307
|-damage|p1a: Entei|7\/371|[from] item: Life Orb
|move|p2a: Toxicroak|Drain Punch|p1a: Entei
|-damage|p1a: Entei|0 fnt
|-heal|p2a: Toxicroak|10\/307|[from] drain|[of] p1a: Entei
|-damage|p2a: Toxicroak|0 fnt|[from] item: Life Orb
|faint|p1a: Entei
|faint|p2a: Toxicroak
|
|win|AlekDesu
|raw|Ladder updating...
|raw|ArchPhantom's rating: 1340 &rarr; <strong>1319<\/strong><br \/>(-21 for losing)
|raw|AlekDesu's rating: 1322 &rarr; <strong>1343<\/strong><br \/>(+21 for winning)
|c|âAlekDesu|gg
|c|âArchPhantom|Was thinking sd three attacks with ice punch
|c|âArchPhantom|gg man
|c|âAlekDesu|was a really fun game though
|c|âArchPhantom|Yh
|c|âArchPhantom|:]
|c|âAlekDesu|so glad I bringed it back aha
|c|âArchPhantom|Good job imo
|leave|ArchPhantom
|player|p1