|join|AlekDesu
|join|lmCJ
|player|p1|AlekDesu|34
|player|p2|lmCJ|102
|gametype|singles
|gen|6
|tier|OU (suspect test)
|rated
|clearpoke
|poke|p1|Wobbuffet, M
|poke|p1|Azelf
|poke|p1|Manaphy
|poke|p1|Hawlucha, F
|poke|p1|Charizard, M
|poke|p1|Bisharp, F
|poke|p2|Azumarill, M
|poke|p2|Gliscor, F
|poke|p2|Sylveon, F
|poke|p2|Hippowdon, F
|poke|p2|Heracross, F
|poke|p2|Gengar, M
|rule|Swagger Clause: Swagger is banned
|rule|Baton Pass Clause: Limit one PokÃ©mon knowing Baton Pass
|rule|Sleep Clause Mod: Limit one foe put to sleep
|rule|Species Clause: Limit one of each PokÃ©mon
|rule|OHKO Clause: OHKO moves are banned
|rule|Moody Clause: Moody is banned
|rule|Evasion Moves Clause: Evasion moves are banned
|rule|Endless Battle Clause: Forcing endless battles is banned
|rule|HP Percentage Mod: HP is shown in percentages
|teampreview
|
|start
|switch|p1a: Azelf|Azelf|291\/291
|switch|p2a: Azumarill|Azumarill, M|342\/342
|turn|1
|
|move|p1a: Azelf|Stealth Rock|p2a: Azumarill
|-sidestart|p2: lmCJ|move: Stealth Rock
|move|p2a: Azumarill|Waterfall|p1a: Azelf
|-enditem|p1a: Azelf|Focus Sash
|-damage|p1a: Azelf|1\/291
|
|turn|2
|
|switch|p1a: Wobbuffet|Wobbuffet, M|528\/528
|move|p2a: Azumarill|Waterfall|p1a: Wobbuffet
|-damage|p1a: Wobbuffet|284\/528
|
|turn|3
|
|move|p2a: Azumarill|Waterfall|p1a: Wobbuffet
|-damage|p1a: Wobbuffet|14\/528
|-enditem|p1a: Wobbuffet|Sitrus Berry|[eat]
|-heal|p1a: Wobbuffet|146\/528|[from] item: Sitrus Berry
|move|p1a: Wobbuffet|Counter|p2a: Azumarill
|-damage|p2a: Azumarill|0 fnt
|faint|p2a: Azumarill
|
|
|switch|p2a: Gliscor|Gliscor, F|353\/353
|-damage|p2a: Gliscor|309\/353|[from] Stealth Rock
|turn|4
|
|move|p2a: Gliscor|Toxic|p1a: Wobbuffet
|-status|p1a: Wobbuffet|tox
|move|p1a: Wobbuffet|Encore|p2a: Gliscor
|-start|p2a: Gliscor|Encore
|
|-damage|p1a: Wobbuffet|113\/528 tox|[from] psn
|-status|p2a: Gliscor|tox|[from] item: Toxic Orb
|turn|5
|
|move|p2a: Gliscor|Toxic|p1a: Wobbuffet
|-fail|p1a: Wobbuffet|tox
|move|p1a: Wobbuffet|Safeguard|p1a: Wobbuffet
|-sidestart|p1: AlekDesu|Safeguard
|
|-heal|p2a: Gliscor|353\/353 tox|[from] ability: Poison Heal
|-damage|p1a: Wobbuffet|47\/528 tox|[from] psn
|turn|6
|
|switch|p1a: Charizard|Charizard, M|297\/297
|move|p2a: Gliscor|Toxic|p1a: Charizard
|-fail|p1a: Charizard
|
|turn|7
|
|switch|p2a: Hippowdon|Hippowdon, F|420\/420
|-damage|p2a: Hippowdon|394\/420|[from] Stealth Rock
|-weather|Sandstorm
|detailschange|p1a: Charizard|Charizard-Mega-X, M
|-mega|p1a: Charizard|Charizard|Charizardite X
|move|p1a: Charizard|Dragon Dance|p1a: Charizard
|-boost|p1a: Charizard|atk|1
|-boost|p1a: Charizard|spe|1
|
|-weather|Sandstorm|[upkeep]
|-damage|p1a: Charizard|279\/297|[from] sandstorm
|-heal|p2a: Hippowdon|420\/420|[from] item: Leftovers
|turn|8
|
|move|p1a: Charizard|Flare Blitz|p2a: Hippowdon
|-damage|p2a: Hippowdon|156\/420
|-damage|p1a: Charizard|192\/297|[from] recoil|[of] p2a: Hippowdon
|move|p2a: Hippowdon|Stealth Rock|p1a: Charizard
|-sidestart|p1: AlekDesu|move: Stealth Rock
|
|-weather|Sandstorm|[upkeep]
|-damage|p1a: Charizard|174\/297|[from] sandstorm
|-heal|p2a: Hippowdon|182\/420|[from] item: Leftovers
|turn|9
|
|move|p1a: Charizard|Flare Blitz|p2a: Hippowdon
|-damage|p2a: Hippowdon|0 fnt
|-damage|p1a: Charizard|114\/297|[from] recoil|[of] p2a: Hippowdon
|faint|p2a: Hippowdon
|
|-weather|Sandstorm|[upkeep]
|-damage|p1a: Charizard|96\/297|[from] sandstorm
|-sideend|p1: AlekDesu|Safeguard
|join|tehfloow
|
|switch|p2a: Gliscor|Gliscor, F|353\/353 tox
|-damage|p2a: Gliscor|309\/353 tox|[from] Stealth Rock
|turn|10
|
|move|p1a: Charizard|Flare Blitz|p2a: Gliscor
|-crit|p2a: Gliscor
|-damage|p2a: Gliscor|0 fnt
|-damage|p1a: Charizard|0 fnt|[from] recoil|[of] p2a: Gliscor
|faint|p2a: Gliscor
|faint|p1a: Charizard
|
|-weather|Sandstorm|[upkeep]
|
|switch|p2a: Heracross|Heracross, F|302\/302
|switch|p1a: Bisharp|Bisharp, F|272\/272
|-damage|p2a: Heracross|265\/302|[from] Stealth Rock
|-damage|p1a: Bisharp|255\/272|[from] Stealth Rock
|turn|11
|
|switch|p1a: Wobbuffet|Wobbuffet, M|47\/528 tox
|-damage|p1a: Wobbuffet|0 fnt|[from] Stealth Rock
|faint|p1a: Wobbuffet
|move|p2a: Heracross|Close Combat|p1: Wobbuffet|[notarget]
|-notarget
|
|-weather|none
|
|switch|p1a: Hawlucha|Hawlucha, F|297\/297
|-damage|p1a: Hawlucha|260\/297|[from] Stealth Rock
|turn|12
|
|switch|p2a: Gengar|Gengar, M|261\/261
|-damage|p2a: Gengar|229\/261|[from] Stealth Rock
|move|p1a: Hawlucha|Sky Attack|p2a: Gengar|[still]
|-prepare|p1a: Hawlucha|Sky Attack|p2a: Gengar
|-enditem|p1a: Hawlucha|Power Herb
|-anim|p1a: Hawlucha|Sky Attack|p2a: Gengar
|-crit|p2a: Gengar
|-damage|p2a: Gengar|0 fnt
|faint|p2a: Gengar
|
|
|switch|p2a: Sylveon|Sylveon, F|393\/393
|-damage|p2a: Sylveon|344\/393|[from] Stealth Rock
|turn|13
|
|switch|p1a: Azelf|Azelf|1\/291
|-damage|p1a: Azelf|0 fnt|[from] Stealth Rock
|faint|p1a: Azelf
|move|p2a: Sylveon|Hyper Voice|p1: Azelf|[notarget]
|-notarget
|
|
|switch|p1a: Bisharp|Bisharp, F|255\/272
|-damage|p1a: Bisharp|238\/272|[from] Stealth Rock
|turn|14
|
|move|p1a: Bisharp|Iron Head|p2a: Sylveon
|-supereffective|p2a: Sylveon
|-damage|p2a: Sylveon|0 fnt
|-damage|p1a: Bisharp|211\/272|[from] item: Life Orb
|faint|p2a: Sylveon
|
|c|âlmCJ|gg
|
|switch|p2a: Heracross|Heracross, F|265\/302
|-damage|p2a: Heracross|228\/302|[from] Stealth Rock
|turn|15
|
|move|p2a: Heracross|Close Combat|p1a: Bisharp
|-supereffective|p1a: Bisharp
|-damage|p1a: Bisharp|0 fnt
|-unboost|p2a: Heracross|def|1
|-unboost|p2a: Heracross|spd|1
|faint|p1a: Bisharp
|-boost|p2a: Heracross|atk|1|[from] ability: Moxie
|
|
|switch|p1a: Hawlucha|Hawlucha, F|260\/297
|-damage|p1a: Hawlucha|223\/297|[from] Stealth Rock
|turn|16
|
|move|p1a: Hawlucha|Acrobatics|p2a: Heracross
|-supereffective|p2a: Heracross
|-damage|p2a: Heracross|0 fnt
|faint|p2a: Heracross
|
|win|AlekDesu
|raw|Ladder updating...
|raw|AlekDesu's rating: 1140 &rarr; <strong>1158<\/strong><br \/>(+18 for winning)
|raw|lmCJ's rating: 1033 &rarr; <strong>1022<\/strong><br \/>(-11 for losing)
|leave|lmCJ
|leave|AlekDesu
|player|p2
|player|p1