|join|julillogm
|join|siempre13
|player|p1|julillogm|1
|player|p2|siempre13|101
|gametype|singles
|gen|6
|tier|UU
|rated
|rule|Sleep Clause Mod: Limit one foe put to sleep
|rule|Species Clause: Limit one of each PokÃ©mon
|rule|OHKO Clause: OHKO moves are banned
|rule|Moody Clause: Moody is banned
|rule|Evasion Moves Clause: Evasion moves are banned
|rule|Endless Battle Clause: Forcing endless battles is banned
|rule|HP Percentage Mod: HP is shown in percentages
|clearpoke
|poke|p1|Pidgeot, F
|poke|p1|Azelf
|poke|p1|Arcanine, M, shiny
|poke|p1|Donphan, M, shiny
|poke|p1|Vaporeon, F, shiny
|poke|p1|Noivern, M, shiny
|poke|p2|Crobat, F
|poke|p2|Azelf
|poke|p2|Blastoise, M
|poke|p2|Hippowdon, M
|poke|p2|Flygon, F
|poke|p2|Raikou, shiny
|rule|Swagger Clause: Swagger is banned
|rule|Baton Pass Clause: Limit one PokÃ©mon knowing Baton Pass
|teampreview
|
|start
|switch|p1a: Arcanine|Arcanine, M, shiny|321\/321
|switch|p2a: Azelf|Azelf|292\/292
|-ability|p1a: Arcanine|Intimidate|[of] p2a: Azelf
|-unboost|p2a: Azelf|atk|1
|turn|1
|
|move|p2a: Azelf|Stealth Rock|p1a: Arcanine
|-sidestart|p1: julillogm|move: Stealth Rock
|move|p1a: Arcanine|Crunch|p2a: Azelf
|-supereffective|p2a: Azelf
|-enditem|p2a: Azelf|Focus Sash
|-damage|p2a: Azelf|1\/292
|-damage|p1a: Arcanine|289\/321|[from] item: Life Orb
|
|turn|2
|
|move|p1a: Arcanine|Extreme Speed|p2a: Azelf
|-damage|p2a: Azelf|0 fnt
|-damage|p1a: Arcanine|257\/321|[from] item: Life Orb
|faint|p2a: Azelf
|
|
|switch|p2a: Blastoise|Blastoise, M|313\/313
|turn|3
|
|switch|p1a: Vaporeon|Vaporeon, F, shiny|464\/464
|-damage|p1a: Vaporeon|406\/464|[from] Stealth Rock
|detailschange|p2a: Blastoise|Blastoise-Mega, M
|-mega|p2a: Blastoise|Blastoise|Blastoisinite
|move|p2a: Blastoise|Scald|p1a: Vaporeon
|-heal|p1a: Vaporeon|464\/464|[from] ability: Water Absorb|[of] p2a: Blastoise
|
|turn|4
|
|move|p2a: Blastoise|Dragon Pulse|p1a: Vaporeon
|-damage|p1a: Vaporeon|279\/464
|move|p1a: Vaporeon|Scald|p2a: Blastoise
|-resisted|p2a: Blastoise
|-damage|p2a: Blastoise|268\/313
|-status|p2a: Blastoise|brn
|
|-heal|p1a: Vaporeon|308\/464|[from] item: Leftovers
|-damage|p2a: Blastoise|229\/313 brn|[from] brn
|turn|5
|
|move|p2a: Blastoise|Dragon Pulse|p1a: Vaporeon
|-crit|p1a: Vaporeon
|-damage|p1a: Vaporeon|57\/464
|move|p1a: Vaporeon|Wish|p1a: Vaporeon
|
|-heal|p1a: Vaporeon|86\/464|[from] item: Leftovers
|-damage|p2a: Blastoise|190\/313 brn|[from] brn
|turn|6
|
|move|p1a: Vaporeon|Protect|p1a: Vaporeon
|-singleturn|p1a: Vaporeon|Protect
|move|p2a: Blastoise|Dragon Pulse|p1a: Vaporeon
|-activate|p1a: Vaporeon|Protect
|
|-heal|p1a: Vaporeon|318\/464|[from] move: Wish|[wisher] Vaporeon
|-heal|p1a: Vaporeon|347\/464|[from] item: Leftovers
|-damage|p2a: Blastoise|151\/313 brn|[from] brn
|turn|7
|
|move|p2a: Blastoise|Dragon Pulse|p1a: Vaporeon
|-damage|p1a: Vaporeon|164\/464
|move|p1a: Vaporeon|Wish|p1a: Vaporeon
|
|-heal|p1a: Vaporeon|193\/464|[from] item: Leftovers
|-damage|p2a: Blastoise|112\/313 brn|[from] brn
|turn|8
|
|switch|p2a: Raikou|Raikou, shiny|321\/321
|-ability|p2a: Raikou|Pressure
|move|p1a: Vaporeon|Protect|p1a: Vaporeon
|-fail|p1a: Vaporeon
|
|-heal|p1a: Vaporeon|425\/464|[from] move: Wish|[wisher] Vaporeon
|-heal|p1a: Vaporeon|454\/464|[from] item: Leftovers
|turn|9
|
|move|p1a: Vaporeon|Protect|p1a: Vaporeon
|-singleturn|p1a: Vaporeon|Protect
|move|p2a: Raikou|Thunderbolt|p1a: Vaporeon
|-activate|p1a: Vaporeon|Protect
|
|-heal|p1a: Vaporeon|464\/464|[from] item: Leftovers
|turn|10
|
|move|p2a: Raikou|Hidden Power|p1a: Vaporeon
|-resisted|p1a: Vaporeon
|-damage|p1a: Vaporeon|425\/464
|move|p1a: Vaporeon|Scald|p2a: Raikou
|-damage|p2a: Raikou|249\/321
|
|-heal|p1a: Vaporeon|454\/464|[from] item: Leftovers
|turn|11
|
|switch|p1a: Donphan|Donphan, M, shiny|383\/383
|-damage|p1a: Donphan|360\/383|[from] Stealth Rock
|move|p2a: Raikou|Extrasensory|p1a: Donphan
|-damage|p1a: Donphan|209\/383
|
|-heal|p1a: Donphan|232\/383|[from] item: Leftovers
|turn|12
|
|switch|p2a: Crobat|Crobat, F|311\/311
|switch|p1a: Arcanine|Arcanine, M, shiny|257\/321
|-damage|p1a: Arcanine|177\/321|[from] Stealth Rock
|-ability|p1a: Arcanine|Intimidate|[of] p2a: Crobat
|-unboost|p2a: Crobat|atk|1
|
|turn|13
|
|switch|p1a: Vaporeon|Vaporeon, F, shiny|454\/464
|-damage|p1a: Vaporeon|396\/464|[from] Stealth Rock
|move|p2a: Crobat|Brave Bird|p1a: Vaporeon
|-damage|p1a: Vaporeon|242\/464
|-damage|p2a: Crobat|260\/311|[from] recoil|[of] p1a: Vaporeon
|
|-heal|p1a: Vaporeon|271\/464|[from] item: Leftovers
|turn|14
|
|switch|p2a: Raikou|Raikou, shiny|249\/321
|-ability|p2a: Raikou|Pressure
|move|p1a: Vaporeon|Wish|p1a: Vaporeon
|
|-heal|p1a: Vaporeon|300\/464|[from] item: Leftovers
|turn|15
|
|switch|p1a: Azelf|Azelf|291\/291
|-damage|p1a: Azelf|255\/291|[from] Stealth Rock
|move|p2a: Raikou|Thunderbolt|p1a: Azelf
|-damage|p1a: Azelf|57\/291
|-status|p1a: Azelf|par
|
|-heal|p1a: Azelf|289\/291 par|[from] move: Wish|[wisher] Vaporeon
|turn|16
|
|move|p2a: Raikou|Thunderbolt|p1a: Azelf
|-damage|p1a: Azelf|88\/291 par
|move|p1a: Azelf|Psyshock|p2a: Raikou
|-damage|p2a: Raikou|0 fnt
|-damage|p1a: Azelf|59\/291 par|[from] item: Life Orb
|faint|p2a: Raikou
|
|
|switch|p2a: Crobat|Crobat, F|260\/311
|turn|17
|
|move|p2a: Crobat|U-turn|p1a: Azelf
|-crit|p1a: Azelf
|-supereffective|p1a: Azelf
|-damage|p1a: Azelf|0 fnt
|faint|p1a: Azelf
|
|switch|p2a: Hippowdon|Hippowdon, M|420\/420
|
|
|switch|p1a: Donphan|Donphan, M, shiny|232\/383
|-damage|p1a: Donphan|209\/383|[from] Stealth Rock
|turn|18
|
|move|p1a: Donphan|Rapid Spin|p2a: Hippowdon
|-damage|p2a: Hippowdon|403\/420
|-sideend|p1: julillogm|Stealth Rock|[from] move: Rapid Spin|[of] p1a: Donphan
|move|p2a: Hippowdon|Toxic|p1a: Donphan
|-status|p1a: Donphan|tox
|
|-heal|p1a: Donphan|232\/383 tox|[from] item: Leftovers
|-heal|p2a: Hippowdon|420\/420|[from] item: Leftovers
|-damage|p1a: Donphan|209\/383 tox|[from] psn
|turn|19
|
|move|p1a: Donphan|Stealth Rock|p2a: Hippowdon
|-sidestart|p2: siempre13|move: Stealth Rock
|move|p2a: Hippowdon|Stone Edge|p1a: Donphan|[miss]
|-miss|p2a: Hippowdon|p1a: Donphan
|
|-heal|p1a: Donphan|232\/383 tox|[from] item: Leftovers
|-damage|p1a: Donphan|186\/383 tox|[from] psn
|turn|20
|
|switch|p1a: Arcanine|Arcanine, M, shiny|177\/321
|-ability|p1a: Arcanine|Intimidate|[of] p2a: Hippowdon
|-unboost|p2a: Hippowdon|atk|1
|move|p2a: Hippowdon|Stone Edge|p1a: Arcanine|[miss]
|-miss|p2a: Hippowdon|p1a: Arcanine
|
|turn|21
|
|switch|p1a: Vaporeon|Vaporeon, F, shiny|300\/464
|move|p2a: Hippowdon|Earthquake|p1a: Vaporeon
|-damage|p1a: Vaporeon|215\/464
|
|-heal|p1a: Vaporeon|244\/464|[from] item: Leftovers
|turn|22
|
|move|p1a: Vaporeon|Scald|p2a: Hippowdon
|-supereffective|p2a: Hippowdon
|-damage|p2a: Hippowdon|190\/420
|move|p2a: Hippowdon|Toxic|p1a: Vaporeon
|-status|p1a: Vaporeon|tox
|
|-heal|p1a: Vaporeon|273\/464 tox|[from] item: Leftovers
|-heal|p2a: Hippowdon|216\/420|[from] item: Leftovers
|-damage|p1a: Vaporeon|244\/464 tox|[from] psn
|turn|23
|
|switch|p2a: Blastoise|Blastoise-Mega, M|112\/313 brn
|-damage|p2a: Blastoise|73\/313 brn|[from] Stealth Rock
|move|p1a: Vaporeon|Wish|p1a: Vaporeon
|
|-heal|p1a: Vaporeon|273\/464 tox|[from] item: Leftovers
|-damage|p2a: Blastoise|34\/313 brn|[from] brn
|-damage|p1a: Vaporeon|215\/464 tox|[from] psn
|turn|24
|
|switch|p1a: Noivern|Noivern, M, shiny|311\/311
|move|p2a: Blastoise|Dragon Pulse|p1a: Noivern
|-supereffective|p1a: Noivern
|-damage|p1a: Noivern|0 fnt
|faint|p1a: Noivern
|
|-damage|p2a: Blastoise|0 fnt|[from] brn
|faint|p2a: Blastoise
|
|switch|p2a: Crobat|Crobat, F|260\/311
|switch|p1a: Arcanine|Arcanine, M, shiny|177\/321
|-damage|p2a: Crobat|183\/311|[from] Stealth Rock
|-ability|p1a: Arcanine|Intimidate|[of] p2a: Crobat
|-unboost|p2a: Crobat|atk|1
|turn|25
|
|move|p2a: Crobat|U-turn|p1a: Arcanine
|-resisted|p1a: Arcanine
|-damage|p1a: Arcanine|136\/321
|
|switch|p2a: Hippowdon|Hippowdon, M|216\/420
|-damage|p2a: Hippowdon|190\/420|[from] Stealth Rock
|move|p1a: Arcanine|Flare Blitz|p2a: Hippowdon
|-damage|p2a: Hippowdon|0 fnt
|-damage|p1a: Arcanine|73\/321|[from] recoil|[of] p2a: Hippowdon
|-damage|p1a: Arcanine|41\/321|[from] item: Life Orb
|faint|p2a: Hippowdon
|
|
|switch|p2a: Crobat|Crobat, F|183\/311
|-damage|p2a: Crobat|106\/311|[from] Stealth Rock
|turn|26
|
|move|p1a: Arcanine|Extreme Speed|p2a: Crobat
|-damage|p2a: Crobat|0 fnt
|-damage|p1a: Arcanine|9\/321|[from] item: Life Orb
|faint|p2a: Crobat
|
|
|switch|p2a: Flygon|Flygon, F|301\/301
|-damage|p2a: Flygon|283\/301|[from] Stealth Rock
|turn|27
|
|switch|p1a: Donphan|Donphan, M, shiny|186\/383 tox
|move|p2a: Flygon|Outrage|p1a: Donphan
|-damage|p1a: Donphan|33\/383 tox
|
|-heal|p1a: Donphan|56\/383 tox|[from] item: Leftovers
|-damage|p1a: Donphan|33\/383 tox|[from] psn
|turn|28
|
|move|p1a: Donphan|Ice Shard|p2a: Flygon
|-supereffective|p2a: Flygon
|-damage|p2a: Flygon|43\/301
|move|p2a: Flygon|Outrage|p1a: Donphan
|-damage|p1a: Donphan|0 fnt
|faint|p1a: Donphan
|
|
|switch|p1a: Arcanine|Arcanine, M, shiny|9\/321
|-ability|p1a: Arcanine|Intimidate|[of] p2a: Flygon
|-unboost|p2a: Flygon|atk|1
|turn|29
|c|âsiempre13|gg
|
|move|p1a: Arcanine|Extreme Speed|p2a: Flygon
|-damage|p2a: Flygon|0 fnt
|-damage|p1a: Arcanine|0 fnt|[from] item: Life Orb
|faint|p2a: Flygon
|faint|p1a: Arcanine
|
|win|julillogm
|raw|Ladder updating...
|c|âjulillogm|gg
|raw|julillogm's rating: 1459 &rarr; <strong>1466<\/strong><br \/>(+7 for winning)
|raw|siempre13's rating: 1191 &rarr; <strong>1182<\/strong><br \/>(-9 for losing)