|join|theiel
|join|Kioskate
|player|p1|theiel|277
|player|p2|Kioskate|266
|gametype|singles
|gen|6
|tier|ORAS OU
|rated
|rule|Sleep Clause Mod: Limit one foe put to sleep
|rule|Species Clause: Limit one of each PokÃ©mon
|rule|OHKO Clause: OHKO moves are banned
|rule|Moody Clause: Moody is banned
|rule|Evasion Moves Clause: Evasion moves are banned
|rule|Endless Battle Clause: Forcing endless battles is banned
|rule|HP Percentage Mod: HP is shown in percentages
|clearpoke
|poke|p1|Altaria, F, shiny
|poke|p1|Metagross, shiny
|poke|p1|Sceptile, M
|poke|p2|Slowbro, F
|poke|p2|Sylveon, M
|poke|p2|Chesnaught, F
|poke|p2|Rhyperior, F
|poke|p2|Tentacruel, F
|poke|p2|Doublade, M
|rule|Swagger Clause: Swagger is banned
|rule|Baton Pass Clause: Limit one PokÃ©mon knowing Baton Pass
|teampreview
|
|start
|switch|p1a: Altaria|Altaria, F, shiny|354\/354
|switch|p2a: Rhyperior|Rhyperior, F|424\/424
|turn|1
|
|move|p1a: Altaria|Dazzling Gleam|p2a: Rhyperior
|-damage|p2a: Rhyperior|310\/424
|move|p2a: Rhyperior|Stealth Rock|p1a: Altaria
|-sidestart|p1: theiel|move: Stealth Rock
|
|-heal|p2a: Rhyperior|336\/424|[from] item: Leftovers
|turn|2
|
|switch|p2a: Sylveon|Sylveon, M|393\/393
|move|p1a: Altaria|Dragon Rush|p2a: Sylveon
|-immune|p2a: Sylveon|[msg]
|
|turn|3
|
|move|p1a: Altaria|Flamethrower|p2a: Sylveon
|-damage|p2a: Sylveon|340\/393
|move|p2a: Sylveon|Hyper Voice|p1a: Altaria
|-supereffective|p1a: Altaria
|-damage|p1a: Altaria|82\/354
|
|-heal|p2a: Sylveon|364\/393|[from] item: Leftovers
|turn|4
|
|move|p1a: Altaria|Dazzling Gleam|p2a: Sylveon
|-damage|p2a: Sylveon|315\/393
|move|p2a: Sylveon|Wish|p2a: Sylveon
|
|-heal|p2a: Sylveon|339\/393|[from] item: Leftovers
|turn|5
|
|move|p1a: Altaria|Flamethrower|p2a: Sylveon
|-crit|p2a: Sylveon
|-damage|p2a: Sylveon|261\/393
|-status|p2a: Sylveon|brn
|move|p2a: Sylveon|Hyper Voice|p1a: Altaria
|-supereffective|p1a: Altaria
|-damage|p1a: Altaria|0 fnt
|faint|p1a: Altaria
|
|-heal|p2a: Sylveon|393\/393 brn|[from] move: Wish|[wisher] Sylveon
|-damage|p2a: Sylveon|344\/393 brn|[from] brn
|
|switch|p1a: Metagross|Metagross, shiny|364\/364
|-damage|p1a: Metagross|342\/364|[from] Stealth Rock
|turn|6
|
|switch|p2a: Doublade|Doublade, M|319\/319
|detailschange|p1a: Metagross|Metagross-Mega, shiny
|message|Metagross has Mega Evolved into Mega Metagross!
|move|p1a: Metagross|Meteor Mash|p2a: Doublade
|-resisted|p2a: Doublade
|-damage|p2a: Doublade|271\/319
|
|turn|7
|
|move|p1a: Metagross|Flash Cannon|p2a: Doublade
|-resisted|p2a: Doublade
|-damage|p2a: Doublade|220\/319
|move|p2a: Doublade|Sacred Sword|p1a: Metagross
|-damage|p1a: Metagross|280\/364
|
|turn|8
|
|move|p1a: Metagross|Hyper Beam|p2a: Doublade
|-immune|p2a: Doublade|[msg]
|move|p2a: Doublade|Sacred Sword|p1a: Metagross
|-damage|p1a: Metagross|223\/364
|
|turn|9
|-message|theiel forfeited.
|
|win|Kioskate
|raw|Ladder updating...
|raw|theiel's rating: 1000 &rarr; <strong>1000<\/strong><br \/>(+0 for losing)
|raw|Kioskate's rating: 1067 &rarr; <strong>1091<\/strong><br \/>(+24 for winning)
|leave|theiel
|player|p1