|join|lil manaphy
|join|Kioskate
|player|p1|lil manaphy|272
|player|p2|Kioskate|1
|gametype|singles
|gen|6
|tier|OU
|rated
|clearpoke
|poke|p1|Lopunny, F
|poke|p1|Manaphy
|poke|p1|Scizor, F
|poke|p1|Celebi
|poke|p1|Heatran, M
|poke|p1|Mandibuzz, F
|poke|p2|Clefable, F
|poke|p2|Sableye, F
|poke|p2|Bronzong
|poke|p2|Gyarados, F
|poke|p2|Skarmory, M
|poke|p2|Chansey, F
|rule|Swagger Clause: Swagger is banned
|rule|Baton Pass Clause: Limit one PokÃ©mon knowing Baton Pass
|rule|Sleep Clause Mod: Limit one foe put to sleep
|rule|Species Clause: Limit one of each PokÃ©mon
|rule|OHKO Clause: OHKO moves are banned
|rule|Moody Clause: Moody is banned
|rule|Evasion Moves Clause: Evasion moves are banned
|rule|Endless Battle Clause: Forcing endless battles is banned
|rule|HP Percentage Mod: HP is shown in percentages
|teampreview
|
|start
|switch|p1a: small|Manaphy|341\/341
|switch|p2a: Gyarados|Gyarados, F|352\/352
|-ability|p2a: Gyarados|Intimidate|[of] p1a: small
|-unboost|p1a: small|atk|1
|turn|1
|
|switch|p2a: Clefable|Clefable, F|393\/393
|move|p1a: small|Tail Glow|p1a: small
|-boost|p1a: small|spa|3
|
|turn|2
|
|switch|p1a: Heatran|Heatran, M|386\/386
|move|p2a: Clefable|Thunder Wave|p1a: Heatran
|-status|p1a: Heatran|par
|
|turn|3
|
|switch|p2a: Sableye|Sableye, F|303\/303
|move|p1a: Heatran|Stealth Rock|p2a: Sableye
|-sidestart|p2: Kioskate|move: Stealth Rock
|
|turn|4
|
|switch|p1a: small|Manaphy|341\/341
|detailschange|p2a: Sableye|Sableye-Mega, F
|-mega|p2a: Sableye|Sableye|Sablenite
|move|p2a: Sableye|Knock Off|p1a: small
|-damage|p1a: small|235\/341
|-enditem|p1a: small|Leftovers|[from] move: Knock Off|[of] p2a: Sableye
|
|turn|5
|
|switch|p2a: Clefable|Clefable, F|393\/393
|-damage|p2a: Clefable|344\/393|[from] Stealth Rock
|move|p1a: small|Rain Dance|p1a: small
|-weather|RainDance
|
|-weather|RainDance|[upkeep]
|-heal|p2a: Clefable|368\/393|[from] item: Leftovers
|turn|6
|join|Mistaken
|
|move|p1a: small|Scald|p2a: Clefable
|-damage|p2a: Clefable|206\/393
|move|p2a: Clefable|Moonblast|p1a: small
|-damage|p1a: small|124\/341
|
|-weather|RainDance|[upkeep]
|-heal|p2a: Clefable|230\/393|[from] item: Leftovers
|turn|7
|
|switch|p1a: Heatran|Heatran, M|386\/386 par
|move|p2a: Clefable|Wish|p2a: Clefable
|
|-weather|RainDance|[upkeep]
|-heal|p2a: Clefable|254\/393|[from] item: Leftovers
|turn|8
|join|newgenous
|
|move|p2a: Clefable|Moonblast|p1a: Heatran
|-resisted|p1a: Heatran
|-damage|p1a: Heatran|366\/386 par
|move|p1a: Heatran|Toxic|p2a: Clefable
|-status|p2a: Clefable|tox
|
|-weather|RainDance|[upkeep]
|-heal|p2a: Clefable|393\/393 tox|[from] move: Wish|[wisher] Clefable
|-heal|p1a: Heatran|386\/386 par|[from] item: Leftovers
|-damage|p2a: Clefable|369\/393 tox|[from] psn
|turn|9
|
|switch|p2a: Chansey|Chansey, F|703\/703
|-damage|p2a: Chansey|616\/703|[from] Stealth Rock
|switch|p1a: Scizor|Scizor, F|343\/343
|
|-weather|none
|turn|10
|
|move|p1a: Scizor|Superpower|p2a: Chansey
|-supereffective|p2a: Chansey
|-damage|p2a: Chansey|0 fnt
|-unboost|p1a: Scizor|atk|1
|-unboost|p1a: Scizor|def|1
|faint|p2a: Chansey
|
|-message|Kioskate forfeited.
|leave|Kioskate
|
|win|lil manaphy
|raw|Ladder updating...
|player|p2
|raw|lil manaphy's rating: 1666 &rarr; <strong>1679<\/strong><br \/>(+13 for winning)
|raw|Kioskate's rating: 1545 &rarr; <strong>1532<\/strong><br \/>(-13 for losing)
|leave|newgenous