|join|Kioskate
|join|lynxHdn
|player|p1|Kioskate|170
|player|p2|lynxHdn|10
|gametype|singles
|gen|6
|tier|OU
|rated
|clearpoke
|poke|p1|Gothitelle, F
|poke|p1|Sableye, F
|poke|p1|Jirachi
|poke|p1|Chesnaught, M
|poke|p1|Skarmory, M
|poke|p1|Chansey, F
|poke|p2|Venusaur, M
|poke|p2|Garchomp, F
|poke|p2|Landorus-Therian, M
|poke|p2|Heatran, F
|poke|p2|Latios, M
|poke|p2|Azumarill, F
|rule|Swagger Clause: Swagger is banned
|rule|Baton Pass Clause: Limit one PokÃ©mon knowing Baton Pass
|rule|Sleep Clause Mod: Limit one foe put to sleep
|rule|Species Clause: Limit one of each PokÃ©mon
|rule|OHKO Clause: OHKO moves are banned
|rule|Moody Clause: Moody is banned
|rule|Evasion Moves Clause: Evasion moves are banned
|rule|Endless Battle Clause: Forcing endless battles is banned
|rule|HP Percentage Mod: HP is shown in percentages
|teampreview
|
|start
|switch|p1a: Chesnaught|Chesnaught, M|379\/379
|switch|p2a: Garchomp|Garchomp, F|357\/357
|turn|1
|
|switch|p1a: Gothitelle|Gothitelle, F|344\/344
|move|p2a: Garchomp|Stealth Rock|p1a: Gothitelle
|-sidestart|p1: Kioskate|move: Stealth Rock
|
|turn|2
|
|move|p2a: Garchomp|Dragon Claw|p1a: Gothitelle
|-damage|p1a: Gothitelle|179\/344
|move|p1a: Gothitelle|Charm|p2a: Garchomp
|-unboost|p2a: Garchomp|atk|2
|
|-heal|p1a: Gothitelle|200\/344|[from] item: Leftovers
|turn|3
|
|move|p2a: Garchomp|Fire Blast|p1a: Gothitelle|[miss]
|-miss|p2a: Garchomp|p1a: Gothitelle
|move|p1a: Gothitelle|Charm|p2a: Garchomp
|-unboost|p2a: Garchomp|atk|2
|
|-heal|p1a: Gothitelle|221\/344|[from] item: Leftovers
|turn|4
|
|move|p2a: Garchomp|Fire Blast|p1a: Gothitelle
|-damage|p1a: Gothitelle|176\/344
|move|p1a: Gothitelle|Charm|p2a: Garchomp
|-unboost|p2a: Garchomp|atk|2
|
|-heal|p1a: Gothitelle|197\/344|[from] item: Leftovers
|turn|5
|
|move|p2a: Garchomp|Fire Blast|p1a: Gothitelle|[miss]
|-miss|p2a: Garchomp|p1a: Gothitelle
|move|p1a: Gothitelle|Rest|p1a: Gothitelle
|-status|p1a: Gothitelle|slp
|-heal|p1a: Gothitelle|344\/344 slp|[silent]
|-status|p1a: Gothitelle|slp|[from] move: Rest
|
|turn|6
|
|move|p2a: Garchomp|Earthquake|p1a: Gothitelle
|-damage|p1a: Gothitelle|295\/344 slp
|cant|p1a: Gothitelle|slp
|
|-heal|p1a: Gothitelle|316\/344 slp|[from] item: Leftovers
|turn|7
|
|move|p2a: Garchomp|Earthquake|p1a: Gothitelle
|-damage|p1a: Gothitelle|265\/344 slp
|cant|p1a: Gothitelle|slp
|
|-heal|p1a: Gothitelle|286\/344 slp|[from] item: Leftovers
|turn|8
|
|move|p2a: Garchomp|Earthquake|p1a: Gothitelle
|-damage|p1a: Gothitelle|234\/344 slp
|-curestatus|p1a: Gothitelle|slp
|move|p1a: Gothitelle|Calm Mind|p1a: Gothitelle
|-boost|p1a: Gothitelle|spa|1
|-boost|p1a: Gothitelle|spd|1
|
|-heal|p1a: Gothitelle|255\/344|[from] item: Leftovers
|turn|9
|
|move|p2a: Garchomp|Earthquake|p1a: Gothitelle
|-damage|p1a: Gothitelle|203\/344
|move|p1a: Gothitelle|Calm Mind|p1a: Gothitelle
|-boost|p1a: Gothitelle|spa|1
|-boost|p1a: Gothitelle|spd|1
|
|-heal|p1a: Gothitelle|224\/344|[from] item: Leftovers
|turn|10
|
|move|p2a: Garchomp|Earthquake|p1a: Gothitelle
|-damage|p1a: Gothitelle|175\/344
|move|p1a: Gothitelle|Rest|p1a: Gothitelle
|-status|p1a: Gothitelle|slp
|-heal|p1a: Gothitelle|344\/344 slp|[silent]
|-status|p1a: Gothitelle|slp|[from] move: Rest
|
|turn|11
|
|move|p2a: Garchomp|Earthquake|p1a: Gothitelle
|-damage|p1a: Gothitelle|293\/344 slp
|cant|p1a: Gothitelle|slp
|
|-heal|p1a: Gothitelle|314\/344 slp|[from] item: Leftovers
|turn|12
|
|move|p2a: Garchomp|Earthquake|p1a: Gothitelle
|-damage|p1a: Gothitelle|262\/344 slp
|cant|p1a: Gothitelle|slp
|
|-heal|p1a: Gothitelle|283\/344 slp|[from] item: Leftovers
|turn|13
|c|âKioskate|Don't worry I'm not going to +6
|
|move|p2a: Garchomp|Dragon Claw|p1a: Gothitelle
|-damage|p1a: Gothitelle|241\/344 slp
|-curestatus|p1a: Gothitelle|slp
|move|p1a: Gothitelle|Dark Pulse|p2a: Garchomp
|-damage|p2a: Garchomp|223\/357
|
|-heal|p1a: Gothitelle|262\/344|[from] item: Leftovers
|turn|14
|
|move|p2a: Garchomp|Dragon Claw|p1a: Gothitelle
|-damage|p1a: Gothitelle|223\/344
|move|p1a: Gothitelle|Dark Pulse|p2a: Garchomp
|-damage|p2a: Garchomp|92\/357
|
|-heal|p1a: Gothitelle|244\/344|[from] item: Leftovers
|turn|15
|
|move|p2a: Garchomp|Dragon Claw|p1a: Gothitelle
|-damage|p1a: Gothitelle|207\/344
|move|p1a: Gothitelle|Rest|p1a: Gothitelle
|-status|p1a: Gothitelle|slp
|-heal|p1a: Gothitelle|344\/344 slp|[silent]
|-status|p1a: Gothitelle|slp|[from] move: Rest
|
|turn|16
|
|move|p2a: Garchomp|Dragon Claw|p1a: Gothitelle
|-damage|p1a: Gothitelle|302\/344 slp
|cant|p1a: Gothitelle|slp
|
|-heal|p1a: Gothitelle|323\/344 slp|[from] item: Leftovers
|turn|17
|
|move|p2a: Garchomp|Dragon Claw|p1a: Gothitelle
|-damage|p1a: Gothitelle|281\/344 slp
|cant|p1a: Gothitelle|slp
|
|-heal|p1a: Gothitelle|302\/344 slp|[from] item: Leftovers
|turn|18
|
|move|p2a: Garchomp|Dragon Claw|p1a: Gothitelle
|-damage|p1a: Gothitelle|266\/344 slp
|-curestatus|p1a: Gothitelle|slp
|move|p1a: Gothitelle|Dark Pulse|p2a: Garchomp
|-damage|p2a: Garchomp|0 fnt
|faint|p2a: Garchomp
|
|-heal|p1a: Gothitelle|287\/344|[from] item: Leftovers
|
|switch|p2a: Landorus-Therian|Landorus-Therian, M|319\/319
|-ability|p2a: Landorus-Therian|Intimidate|[of] p1a: Gothitelle
|-unboost|p1a: Gothitelle|atk|1
|turn|19
|
|switch|p1a: Skarmory|Skarmory, M|333\/333
|-damage|p1a: Skarmory|292\/333|[from] Stealth Rock
|move|p2a: Landorus-Therian|Knock Off|p1a: Skarmory
|-damage|p1a: Skarmory|218\/333
|-enditem|p1a: Skarmory|Shed Shell|[from] move: Knock Off|[of] p2a: Landorus-Therian
|
|turn|20
|
|switch|p2a: Heatran|Heatran, F|323\/323
|move|p1a: Skarmory|Defog|p2a: Heatran
|-unboost|p2a: Heatran|evasion|1
|-sideend|p1: Kioskate|Stealth Rock|[from] move: Defog|[of] p1a: Skarmory
|
|turn|21
|
|switch|p2a: Azumarill|Azumarill, F|403\/403
|switch|p1a: Gothitelle|Gothitelle, F|287\/344
|
|-heal|p1a: Gothitelle|308\/344|[from] item: Leftovers
|turn|22
|
|switch|p1a: Skarmory|Skarmory, M|218\/333
|move|p2a: Azumarill|Knock Off|p1a: Skarmory
|-damage|p1a: Skarmory|142\/333
|
|turn|23
|c|âKioskate|wonder if heatran has roar
|
|switch|p2a: Heatran|Heatran, F|323\/323
|move|p1a: Skarmory|Roost|p1a: Skarmory
|-heal|p1a: Skarmory|309\/333
|
|turn|24
|c|âKioskate|inc roar
|
|switch|p1a: Gothitelle|Gothitelle, F|308\/344
|move|p2a: Heatran|Overheat|p1a: Gothitelle
|-damage|p1a: Gothitelle|158\/344
|-unboost|p2a: Heatran|spa|2
|
|-heal|p1a: Gothitelle|179\/344|[from] item: Leftovers
|turn|25
|
|move|p2a: Heatran|Overheat|p1a: Gothitelle|[miss]
|-miss|p2a: Heatran|p1a: Gothitelle
|move|p1a: Gothitelle|Rest|p1a: Gothitelle
|-status|p1a: Gothitelle|slp
|-heal|p1a: Gothitelle|344\/344 slp|[silent]
|-status|p1a: Gothitelle|slp|[from] move: Rest
|
|turn|26
|c|âKioskate|maybe scarf
|
|move|p2a: Heatran|Overheat|p1a: Gothitelle|[miss]
|-miss|p2a: Heatran|p1a: Gothitelle
|cant|p1a: Gothitelle|slp
|
|turn|27
|
|move|p2a: Heatran|Overheat|p1a: Gothitelle
|-damage|p1a: Gothitelle|257\/344 slp
|-unboost|p2a: Heatran|spa|2
|cant|p1a: Gothitelle|slp
|
|-heal|p1a: Gothitelle|278\/344 slp|[from] item: Leftovers
|turn|28
|
|move|p2a: Heatran|Overheat|p1a: Gothitelle
|-damage|p1a: Gothitelle|226\/344 slp
|-unboost|p2a: Heatran|spa|2
|-curestatus|p1a: Gothitelle|slp
|move|p1a: Gothitelle|Calm Mind|p1a: Gothitelle
|-boost|p1a: Gothitelle|spa|1
|-boost|p1a: Gothitelle|spd|1
|
|-heal|p1a: Gothitelle|247\/344|[from] item: Leftovers
|turn|29
|c|âKioskate|We'll see if you start struggling
|
|move|p2a: Heatran|Overheat|p1a: Gothitelle
|-damage|p1a: Gothitelle|217\/344
|move|p1a: Gothitelle|Calm Mind|p1a: Gothitelle
|-boost|p1a: Gothitelle|spa|1
|-boost|p1a: Gothitelle|spd|1
|
|-heal|p1a: Gothitelle|238\/344|[from] item: Leftovers
|turn|30
|
|move|p2a: Heatran|Overheat|p1a: Gothitelle
|-damage|p1a: Gothitelle|216\/344
|move|p1a: Gothitelle|Rest|p1a: Gothitelle
|-status|p1a: Gothitelle|slp
|-heal|p1a: Gothitelle|344\/344 slp|[silent]
|-status|p1a: Gothitelle|slp|[from] move: Rest
|
|turn|31
|
|move|p2a: Heatran|Overheat|p1a: Gothitelle
|-damage|p1a: Gothitelle|323\/344 slp
|cant|p1a: Gothitelle|slp
|
|-heal|p1a: Gothitelle|344\/344 slp|[from] item: Leftovers
|turn|32
|c|âKioskate|Would be funny if you roar'd now
|
|move|p2a: Heatran|Struggle|p1a: Gothitelle
|-damage|p1a: Gothitelle|309\/344 slp
|-damage|p2a: Heatran|243\/323
|cant|p1a: Gothitelle|slp
|
|-heal|p1a: Gothitelle|330\/344 slp|[from] item: Leftovers
|turn|33
|
|move|p2a: Heatran|Struggle|p1a: Gothitelle
|-damage|p1a: Gothitelle|300\/344 slp
|-damage|p2a: Heatran|163\/323
|-curestatus|p1a: Gothitelle|slp
|move|p1a: Gothitelle|Charm|p2a: Heatran
|-unboost|p2a: Heatran|atk|2
|
|-heal|p1a: Gothitelle|321\/344|[from] item: Leftovers
|turn|34
|
|move|p2a: Heatran|Struggle|p1a: Gothitelle
|-damage|p1a: Gothitelle|304\/344
|-damage|p2a: Heatran|83\/323
|move|p1a: Gothitelle|Charm|p2a: Heatran
|-unboost|p2a: Heatran|atk|2
|
|-heal|p1a: Gothitelle|325\/344|[from] item: Leftovers
|turn|35
|
|move|p2a: Heatran|Struggle|p1a: Gothitelle
|-damage|p1a: Gothitelle|314\/344
|-damage|p2a: Heatran|3\/323
|move|p1a: Gothitelle|Charm|p2a: Heatran
|-unboost|p2a: Heatran|atk|2
|
|-heal|p1a: Gothitelle|335\/344|[from] item: Leftovers
|turn|36
|
|switch|p1a: Skarmory|Skarmory, M|309\/333
|move|p2a: Heatran|Struggle|p1a: Skarmory
|-damage|p1a: Skarmory|304\/333
|-damage|p2a: Heatran|0 fnt
|faint|p2a: Heatran
|
|c|âlynxHdn|gg
|-message|lynxHdn forfeited.
|c|âKioskate|gg
|leave|lynxHdn
|
|win|Kioskate
|raw|Ladder updating...
|player|p2
|raw|Kioskate's rating: 1368 &rarr; <strong>1387<\/strong><br \/>(+19 for winning)
|raw|lynxHdn's rating: 1342 &rarr; <strong>1324<\/strong><br \/>(-18 for losing)