|join|Nuggetman
|join|Kioskate
|player|p1|Nuggetman|165
|player|p2|Kioskate|2
|gametype|singles
|gen|6
|tier|OU
|rated
|clearpoke
|poke|p1|Blissey, F
|poke|p1|Amoonguss, M
|poke|p1|Slowking, F
|poke|p1|Skarmory, M
|poke|p1|Alomomola, F
|poke|p1|Kyurem-Black
|poke|p2|Gothitelle, M
|poke|p2|Sableye, M
|poke|p2|Jirachi
|poke|p2|Chesnaught, M
|poke|p2|Skarmory, M
|poke|p2|Chansey, F
|rule|Swagger Clause: Swagger is banned
|rule|Baton Pass Clause: Limit one PokÃ©mon knowing Baton Pass
|rule|Sleep Clause Mod: Limit one foe put to sleep
|rule|Species Clause: Limit one of each PokÃ©mon
|rule|OHKO Clause: OHKO moves are banned
|rule|Moody Clause: Moody is banned
|rule|Evasion Moves Clause: Evasion moves are banned
|rule|Endless Battle Clause: Forcing endless battles is banned
|rule|HP Percentage Mod: HP is shown in percentages
|teampreview
|c|âKioskate|Oh god
|c|âKioskate|Time for goth to put in work
|
|start
|switch|p1a: Slowking|Slowking, F|394\/394
|switch|p2a: Sableye|Sableye, M|303\/303
|turn|1
|
|detailschange|p2a: Sableye|Sableye-Mega, M
|-mega|p2a: Sableye|Sableye|Sablenite
|move|p2a: Sableye|Knock Off|p1a: Slowking
|-supereffective|p1a: Slowking
|-damage|p1a: Slowking|238\/394
|-enditem|p1a: Slowking|Assault Vest|[from] move: Knock Off|[of] p2a: Sableye
|move|p1a: Slowking|Scald|p2a: Sableye
|-damage|p2a: Sableye|219\/303
|
|turn|2
|
|move|p1a: Slowking|Scald|p2a: Sableye
|-damage|p2a: Sableye|141\/303
|move|p2a: Sableye|Recover|p2a: Sableye
|-heal|p2a: Sableye|293\/303
|
|turn|3
|
|switch|p2a: Gothitelle|Gothitelle, M|344\/344
|move|p1a: Slowking|Scald|p2a: Gothitelle
|-damage|p2a: Gothitelle|278\/344
|
|-heal|p2a: Gothitelle|299\/344|[from] item: Leftovers
|turn|4
|
|move|p2a: Gothitelle|Dark Pulse|p1a: Slowking
|-supereffective|p1a: Slowking
|-damage|p1a: Slowking|120\/394
|move|p1a: Slowking|Scald|p2a: Gothitelle
|-crit|p2a: Gothitelle
|-damage|p2a: Gothitelle|196\/344
|
|-heal|p2a: Gothitelle|217\/344|[from] item: Leftovers
|turn|5
|
|move|p2a: Gothitelle|Calm Mind|p2a: Gothitelle
|-boost|p2a: Gothitelle|spa|1
|-boost|p2a: Gothitelle|spd|1
|move|p1a: Slowking|Scald|p2a: Gothitelle
|-damage|p2a: Gothitelle|175\/344
|-status|p2a: Gothitelle|brn
|
|-heal|p2a: Gothitelle|196\/344 brn|[from] item: Leftovers
|-damage|p2a: Gothitelle|153\/344 brn|[from] brn
|turn|6
|
|move|p2a: Gothitelle|Rest|p2a: Gothitelle
|-status|p2a: Gothitelle|slp
|-heal|p2a: Gothitelle|344\/344 slp|[silent]
|-status|p2a: Gothitelle|slp|[from] move: Rest
|move|p1a: Slowking|Scald|p2a: Gothitelle
|-damage|p2a: Gothitelle|302\/344 slp
|
|-heal|p2a: Gothitelle|323\/344 slp|[from] item: Leftovers
|turn|7
|
|cant|p2a: Gothitelle|slp
|move|p1a: Slowking|Scald|p2a: Gothitelle
|-damage|p2a: Gothitelle|280\/344 slp
|
|-heal|p2a: Gothitelle|301\/344 slp|[from] item: Leftovers
|turn|8
|
|cant|p2a: Gothitelle|slp
|move|p1a: Slowking|Scald|p2a: Gothitelle
|-damage|p2a: Gothitelle|258\/344 slp
|
|-heal|p2a: Gothitelle|279\/344 slp|[from] item: Leftovers
|turn|9
|
|-curestatus|p2a: Gothitelle|slp
|move|p2a: Gothitelle|Calm Mind|p2a: Gothitelle
|-boost|p2a: Gothitelle|spa|1
|-boost|p2a: Gothitelle|spd|1
|move|p1a: Slowking|Scald|p2a: Gothitelle
|-damage|p2a: Gothitelle|246\/344
|-status|p2a: Gothitelle|brn
|
|-heal|p2a: Gothitelle|267\/344 brn|[from] item: Leftovers
|-damage|p2a: Gothitelle|224\/344 brn|[from] brn
|turn|10
|
|move|p2a: Gothitelle|Calm Mind|p2a: Gothitelle
|-boost|p2a: Gothitelle|spa|1
|-boost|p2a: Gothitelle|spd|1
|move|p1a: Slowking|Scald|p2a: Gothitelle
|-damage|p2a: Gothitelle|196\/344 brn
|
|-heal|p2a: Gothitelle|217\/344 brn|[from] item: Leftovers
|-damage|p2a: Gothitelle|174\/344 brn|[from] brn
|turn|11
|
|move|p2a: Gothitelle|Calm Mind|p2a: Gothitelle
|-boost|p2a: Gothitelle|spa|1
|-boost|p2a: Gothitelle|spd|1
|move|p1a: Slowking|Scald|p2a: Gothitelle
|-damage|p2a: Gothitelle|152\/344 brn
|
|-heal|p2a: Gothitelle|173\/344 brn|[from] item: Leftovers
|-damage|p2a: Gothitelle|130\/344 brn|[from] brn
|turn|12
|
|move|p2a: Gothitelle|Rest|p2a: Gothitelle
|-status|p2a: Gothitelle|slp
|-heal|p2a: Gothitelle|344\/344 slp|[silent]
|-status|p2a: Gothitelle|slp|[from] move: Rest
|move|p1a: Slowking|Scald|p2a: Gothitelle
|-damage|p2a: Gothitelle|322\/344 slp
|
|-heal|p2a: Gothitelle|343\/344 slp|[from] item: Leftovers
|turn|13
|
|cant|p2a: Gothitelle|slp
|move|p1a: Slowking|Scald|p2a: Gothitelle
|-damage|p2a: Gothitelle|322\/344 slp
|
|-heal|p2a: Gothitelle|343\/344 slp|[from] item: Leftovers
|turn|14
|
|cant|p2a: Gothitelle|slp
|move|p1a: Slowking|Scald|p2a: Gothitelle
|-crit|p2a: Gothitelle
|-damage|p2a: Gothitelle|249\/344 slp
|
|-heal|p2a: Gothitelle|270\/344 slp|[from] item: Leftovers
|turn|15
|
|-curestatus|p2a: Gothitelle|slp
|move|p2a: Gothitelle|Dark Pulse|p1a: Slowking
|-supereffective|p1a: Slowking
|-damage|p1a: Slowking|0 fnt
|faint|p1a: Slowking
|
|-heal|p2a: Gothitelle|291\/344|[from] item: Leftovers
|
|switch|p1a: Skarmory|Skarmory, M|334\/334
|turn|16
|
|move|p2a: Gothitelle|Dark Pulse|p1a: Skarmory
|-damage|p1a: Skarmory|90\/334
|move|p1a: Skarmory|Whirlwind|p2a: Gothitelle
|drag|p2a: Skarmory|Skarmory, M|333\/333
|
|-heal|p1a: Skarmory|110\/334|[from] item: Leftovers
|turn|17
|
|switch|p2a: Sableye|Sableye-Mega, M|293\/303
|move|p1a: Skarmory|Roost|p1a: Skarmory
|-heal|p1a: Skarmory|277\/334
|
|-heal|p1a: Skarmory|297\/334|[from] item: Leftovers
|turn|18
|
|switch|p1a: Blissey|Blissey, F|714\/714
|move|p2a: Sableye|Knock Off|p1a: Blissey
|-damage|p1a: Blissey|516\/714
|-enditem|p1a: Blissey|Leftovers|[from] move: Knock Off|[of] p2a: Sableye
|
|turn|19
|
|switch|p1a: Kyurem-Black|Kyurem-Black|453\/453
|-ability|p1a: Kyurem-Black|Teravolt
|move|p2a: Sableye|Will-O-Wisp|p1a: Kyurem-Black
|-status|p1a: Kyurem-Black|brn
|
|-damage|p1a: Kyurem-Black|397\/453 brn|[from] brn
|turn|20
|-message|Nuggetman forfeited.
|
|win|Kioskate
|raw|Ladder updating...
|leave|Nuggetman
|player|p1
|raw|Nuggetman's rating: 1399 &rarr; <strong>1379<\/strong><br \/>(-20 for losing)
|raw|Kioskate's rating: 1392 &rarr; <strong>1413<\/strong><br \/>(+21 for winning)