|join|Steel Scorpion
|join|Kioskate
|player|p1|Steel Scorpion|190
|player|p2|Kioskate|1
|gametype|singles
|gen|6
|tier|OU
|rated
|clearpoke
|poke|p1|Pidgeot, F, shiny
|poke|p1|Slowbro, F
|poke|p1|Keldeo
|poke|p1|Gliscor, F, shiny
|poke|p1|Latios, M, shiny
|poke|p1|Heatran, M, shiny
|poke|p2|Clefable, F
|poke|p2|Sableye, F
|poke|p2|Bronzong
|poke|p2|Gyarados, M
|poke|p2|Skarmory, F
|poke|p2|Chansey, F
|rule|Swagger Clause: Swagger is banned
|rule|Baton Pass Clause: Limit one PokÃ©mon knowing Baton Pass
|rule|Sleep Clause Mod: Limit one foe put to sleep
|rule|Species Clause: Limit one of each PokÃ©mon
|rule|OHKO Clause: OHKO moves are banned
|rule|Moody Clause: Moody is banned
|rule|Evasion Moves Clause: Evasion moves are banned
|rule|Endless Battle Clause: Forcing endless battles is banned
|rule|HP Percentage Mod: HP is shown in percentages
|teampreview
|
|start
|switch|p1a: Kite|Gliscor, F, shiny|344\/344
|switch|p2a: Sableye|Sableye, F|303\/303
|turn|1
|
|detailschange|p2a: Sableye|Sableye-Mega, F
|-mega|p2a: Sableye|Sableye|Sablenite
|move|p1a: Kite|Protect|p1a: Kite
|-singleturn|p1a: Kite|Protect
|move|p2a: Sableye|Knock Off|p1a: Kite
|-activate|p1a: Kite|Protect
|
|-status|p1a: Kite|tox|[from] item: Toxic Orb
|turn|2
|
|move|p1a: Kite|Knock Off|p2a: Sableye
|-damage|p2a: Sableye|272\/303
|move|p2a: Sableye|Knock Off|p1a: Kite
|-damage|p1a: Kite|284\/344 tox
|-enditem|p1a: Kite|Toxic Orb|[from] move: Knock Off|[of] p2a: Sableye
|
|-heal|p1a: Kite|327\/344 tox|[from] ability: Poison Heal
|turn|3
|
|move|p1a: Kite|Knock Off|p2a: Sableye
|-damage|p2a: Sableye|239\/303
|move|p2a: Sableye|Foul Play|p1a: Kite
|-damage|p1a: Kite|263\/344 tox
|
|-heal|p1a: Kite|306\/344 tox|[from] ability: Poison Heal
|turn|4
|
|move|p1a: Kite|Knock Off|p2a: Sableye
|-damage|p2a: Sableye|209\/303
|move|p2a: Sableye|Knock Off|p1a: Kite
|-damage|p1a: Kite|260\/344 tox
|
|-heal|p1a: Kite|303\/344 tox|[from] ability: Poison Heal
|turn|5
|
|move|p1a: Kite|Knock Off|p2a: Sableye
|-damage|p2a: Sableye|177\/303
|move|p2a: Sableye|Foul Play|p1a: Kite
|-damage|p1a: Kite|231\/344 tox
|
|-heal|p1a: Kite|274\/344 tox|[from] ability: Poison Heal
|turn|6
|
|move|p1a: Kite|Knock Off|p2a: Sableye
|-damage|p2a: Sableye|148\/303
|move|p2a: Sableye|Recover|p2a: Sableye
|-heal|p2a: Sableye|300\/303
|
|-heal|p1a: Kite|317\/344 tox|[from] ability: Poison Heal
|turn|7
|
|switch|p2a: Skarmory|Skarmory, F|333\/333
|move|p1a: Kite|Knock Off|p2a: Skarmory
|-damage|p2a: Skarmory|287\/333
|-enditem|p2a: Skarmory|Shed Shell|[from] move: Knock Off|[of] p1a: Kite
|
|-heal|p1a: Kite|344\/344 tox|[from] ability: Poison Heal
|turn|8
|
|switch|p1a: Bird Counter|Heatran, M, shiny|367\/367
|switch|p2a: Sableye|Sableye-Mega, F|300\/303
|
|turn|9
|
|switch|p1a: Kite|Gliscor, F, shiny|344\/344 tox
|move|p2a: Sableye|Knock Off|p1a: Kite
|-damage|p1a: Kite|298\/344 tox
|
|-heal|p1a: Kite|341\/344 tox|[from] ability: Poison Heal
|turn|10
|
|switch|p2a: Skarmory|Skarmory, F|287\/333
|move|p1a: Kite|Knock Off|p2a: Skarmory
|-damage|p2a: Skarmory|258\/333
|
|-heal|p1a: Kite|344\/344 tox|[from] ability: Poison Heal
|turn|11
|
|switch|p1a: Tweetie|Pidgeot, F, shiny|307\/307
|move|p2a: Skarmory|Roost|p2a: Skarmory
|-heal|p2a: Skarmory|333\/333
|
|turn|12
|
|switch|p2a: Chansey|Chansey, F|703\/703
|detailschange|p1a: Tweetie|Pidgeot-Mega, F, shiny
|-mega|p1a: Tweetie|Pidgeot|Pidgeotite
|move|p1a: Tweetie|Heat Wave|p2a: Chansey
|-damage|p2a: Chansey|631\/703
|
|turn|13
|
|switch|p1a: Kite|Gliscor, F, shiny|344\/344 tox
|move|p2a: Chansey|Seismic Toss|p1a: Kite
|-damage|p1a: Kite|244\/344 tox
|
|-heal|p1a: Kite|287\/344 tox|[from] ability: Poison Heal
|turn|14
|
|switch|p1a: Pony Boss|Keldeo|323\/323
|switch|p2a: Skarmory|Skarmory, F|333\/333
|
|turn|15
|
|switch|p2a: Clefable|Clefable, F|393\/393
|move|p1a: Pony Boss|Scald|p2a: Clefable
|-damage|p2a: Clefable|282\/393
|
|-heal|p2a: Clefable|306\/393|[from] item: Leftovers
|turn|16
|
|switch|p1a: Bird Counter|Heatran, M, shiny|367\/367
|move|p2a: Clefable|Thunder Wave|p1a: Bird Counter
|-status|p1a: Bird Counter|par
|
|-heal|p2a: Clefable|330\/393|[from] item: Leftovers
|turn|17
|
|switch|p2a: Sableye|Sableye-Mega, F|300\/303
|move|p1a: Bird Counter|Lava Plume|p2a: Sableye
|-damage|p2a: Sableye|204\/303
|
|turn|18
|
|switch|p1a: Kite|Gliscor, F, shiny|287\/344 tox
|move|p2a: Sableye|Knock Off|p1a: Kite
|-damage|p1a: Kite|241\/344 tox
|
|-heal|p1a: Kite|284\/344 tox|[from] ability: Poison Heal
|turn|19
|
|switch|p1a: Tweetie|Pidgeot-Mega, F, shiny|307\/307
|move|p2a: Sableye|Recover|p2a: Sableye
|-heal|p2a: Sableye|303\/303
|
|turn|20
|
|switch|p2a: Chansey|Chansey, F|631\/703
|move|p1a: Tweetie|Hurricane|p2a: Chansey
|-damage|p2a: Chansey|492\/703
|-start|p2a: Chansey|confusion
|
|turn|21
|
|switch|p1a: Pony Boss|Keldeo|323\/323
|-activate|p2a: Chansey|confusion
|move|p2a: Chansey|Soft-Boiled|p2a: Chansey
|-heal|p2a: Chansey|703\/703
|
|turn|22
|
|switch|p2a: Clefable|Clefable, F|330\/393
|move|p1a: Pony Boss|Substitute|p1a: Pony Boss
|-start|p1a: Pony Boss|Substitute
|-damage|p1a: Pony Boss|243\/323
|
|-heal|p1a: Pony Boss|263\/323|[from] item: Leftovers
|-heal|p2a: Clefable|354\/393|[from] item: Leftovers
|turn|23
|
|move|p1a: Pony Boss|Scald|p2a: Clefable
|-damage|p2a: Clefable|252\/393
|move|p2a: Clefable|Moonblast|p1a: Pony Boss
|-supereffective|p1a: Pony Boss
|-end|p1a: Pony Boss|Substitute
|
|-heal|p1a: Pony Boss|283\/323|[from] item: Leftovers
|-heal|p2a: Clefable|276\/393|[from] item: Leftovers
|turn|24
|
|switch|p1a: Bird Counter|Heatran, M, shiny|367\/367 par
|move|p2a: Clefable|Moonblast|p1a: Bird Counter
|-resisted|p1a: Bird Counter
|-damage|p1a: Bird Counter|348\/367 par
|
|-heal|p2a: Clefable|300\/393|[from] item: Leftovers
|-heal|p1a: Bird Counter|367\/367 par|[from] item: Leftovers
|turn|25
|
|switch|p2a: Sableye|Sableye-Mega, F|303\/303
|cant|p1a: Bird Counter|par
|
|turn|26
|
|switch|p1a: Tweetie|Pidgeot-Mega, F, shiny|307\/307
|move|p2a: Sableye|Knock Off|p1a: Tweetie
|-damage|p1a: Tweetie|232\/307
|
|turn|27
|
|switch|p2a: Chansey|Chansey, F|703\/703
|move|p1a: Tweetie|Hurricane|p2a: Chansey
|-damage|p2a: Chansey|568\/703
|-start|p2a: Chansey|confusion
|
|turn|28
|
|switch|p1a: Pony Boss|Keldeo|283\/323
|-activate|p2a: Chansey|confusion
|-damage|p2a: Chansey|565\/703|[from] confusion
|
|-heal|p1a: Pony Boss|303\/323|[from] item: Leftovers
|turn|29
|
|switch|p2a: Clefable|Clefable, F|300\/393
|move|p1a: Pony Boss|Scald|p2a: Clefable
|-damage|p2a: Clefable|180\/393
|-status|p2a: Clefable|brn
|
|-heal|p1a: Pony Boss|323\/323|[from] item: Leftovers
|-heal|p2a: Clefable|204\/393 brn|[from] item: Leftovers
|-damage|p2a: Clefable|155\/393 brn|[from] brn
|turn|30
|
|switch|p1a: Kite|Gliscor, F, shiny|284\/344 tox
|move|p2a: Clefable|Wish|p2a: Clefable
|
|-heal|p2a: Clefable|179\/393 brn|[from] item: Leftovers
|-heal|p1a: Kite|327\/344 tox|[from] ability: Poison Heal
|-damage|p2a: Clefable|130\/393 brn|[from] brn
|turn|31
|
|move|p2a: Clefable|Protect|p2a: Clefable
|-singleturn|p2a: Clefable|Protect
|move|p1a: Kite|Knock Off|p2a: Clefable
|-activate|p2a: Clefable|Protect
|
|-heal|p2a: Clefable|326\/393 brn|[from] move: Wish|[wisher] Clefable
|-heal|p2a: Clefable|350\/393 brn|[from] item: Leftovers
|-heal|p1a: Kite|344\/344 tox|[from] ability: Poison Heal
|-damage|p2a: Clefable|301\/393 brn|[from] brn
|turn|32
|
|switch|p2a: Skarmory|Skarmory, F|333\/333
|move|p1a: Kite|Knock Off|p2a: Skarmory
|-damage|p2a: Skarmory|302\/333
|
|turn|33
|
|switch|p1a: Bird Counter|Heatran, M, shiny|367\/367 par
|move|p2a: Skarmory|Whirlwind|p1a: Bird Counter
|drag|p1a: Tweetie|Pidgeot-Mega, F, shiny|232\/307
|
|turn|34
|
|switch|p2a: Chansey|Chansey, F|565\/703
|move|p1a: Tweetie|Heat Wave|p2a: Chansey
|-damage|p2a: Chansey|489\/703
|
|turn|35
|
|switch|p1a: Kite|Gliscor, F, shiny|344\/344 tox
|move|p2a: Chansey|Heal Bell|p2a: Chansey
|-cureteam|p2a: Chansey|[from] move: HealBell
|
|turn|36
|
|switch|p2a: Sableye|Sableye-Mega, F|303\/303
|move|p1a: Kite|Knock Off|p2a: Sableye
|-damage|p2a: Sableye|274\/303
|
|turn|37
|
|move|p1a: Kite|Knock Off|p2a: Sableye
|-damage|p2a: Sableye|243\/303
|move|p2a: Sableye|Will-O-Wisp|p1a: Kite
|-fail|p1a: Kite
|
|turn|38
|
|move|p1a: Kite|Knock Off|p2a: Sableye
|-damage|p2a: Sableye|210\/303
|move|p2a: Sableye|Knock Off|p1a: Kite
|-damage|p1a: Kite|298\/344 tox
|
|-heal|p1a: Kite|341\/344 tox|[from] ability: Poison Heal
|turn|39
|
|move|p1a: Kite|Knock Off|p2a: Sableye
|-damage|p2a: Sableye|182\/303
|move|p2a: Sableye|Will-O-Wisp|p1a: Kite
|-fail|p1a: Kite
|
|-heal|p1a: Kite|344\/344 tox|[from] ability: Poison Heal
|turn|40
|
|move|p1a: Kite|Knock Off|p2a: Sableye
|-damage|p2a: Sableye|154\/303
|move|p2a: Sableye|Will-O-Wisp|p1a: Kite
|-fail|p1a: Kite
|
|turn|41
|
|switch|p1a: Tweetie|Pidgeot-Mega, F, shiny|232\/307
|move|p2a: Sableye|Knock Off|p1a: Tweetie
|-damage|p1a: Tweetie|151\/307
|
|turn|42
|
|switch|p2a: Chansey|Chansey, F|489\/703
|move|p1a: Tweetie|Roost|p1a: Tweetie
|-heal|p1a: Tweetie|305\/307
|
|turn|43
|
|switch|p1a: Bird Counter|Heatran, M, shiny|367\/367 par
|move|p2a: Chansey|Soft-Boiled|p2a: Chansey
|-heal|p2a: Chansey|703\/703
|
|turn|44
|
|move|p2a: Chansey|Seismic Toss|p1a: Bird Counter
|-damage|p1a: Bird Counter|267\/367 par
|move|p1a: Bird Counter|Lava Plume|p2a: Chansey
|-damage|p2a: Chansey|631\/703
|
|-heal|p1a: Bird Counter|289\/367 par|[from] item: Leftovers
|turn|45
|
|move|p2a: Chansey|Seismic Toss|p1a: Bird Counter
|-damage|p1a: Bird Counter|189\/367 par
|move|p1a: Bird Counter|Lava Plume|p2a: Chansey
|-damage|p2a: Chansey|559\/703
|
|-heal|p1a: Bird Counter|211\/367 par|[from] item: Leftovers
|turn|46
|
|move|p2a: Chansey|Seismic Toss|p1a: Bird Counter
|-damage|p1a: Bird Counter|111\/367 par
|cant|p1a: Bird Counter|par
|
|-heal|p1a: Bird Counter|133\/367 par|[from] item: Leftovers
|turn|47
|
|switch|p1a: Kite|Gliscor, F, shiny|344\/344 tox
|move|p2a: Chansey|Seismic Toss|p1a: Kite
|-damage|p1a: Kite|244\/344 tox
|
|-heal|p1a: Kite|287\/344 tox|[from] ability: Poison Heal
|turn|48
|
|switch|p1a: Pony Boss|Keldeo|323\/323
|switch|p2a: Sableye|Sableye-Mega, F|154\/303
|
|turn|49
|
|switch|p2a: Clefable|Clefable, F|301\/393
|move|p1a: Pony Boss|Substitute|p1a: Pony Boss
|-start|p1a: Pony Boss|Substitute
|-damage|p1a: Pony Boss|243\/323
|
|-heal|p1a: Pony Boss|263\/323|[from] item: Leftovers
|-heal|p2a: Clefable|325\/393|[from] item: Leftovers
|turn|50
|
|move|p2a: Clefable|Protect|p2a: Clefable
|-singleturn|p2a: Clefable|Protect
|move|p1a: Pony Boss|Scald|p2a: Clefable
|-activate|p2a: Clefable|Protect
|
|-heal|p1a: Pony Boss|283\/323|[from] item: Leftovers
|-heal|p2a: Clefable|349\/393|[from] item: Leftovers
|turn|51
|
|move|p1a: Pony Boss|Scald|p2a: Clefable
|-damage|p2a: Clefable|237\/393
|move|p2a: Clefable|Moonblast|p1a: Pony Boss
|-supereffective|p1a: Pony Boss
|-end|p1a: Pony Boss|Substitute
|
|-heal|p1a: Pony Boss|303\/323|[from] item: Leftovers
|-heal|p2a: Clefable|261\/393|[from] item: Leftovers
|turn|52
|
|switch|p1a: Kite|Gliscor, F, shiny|287\/344 tox
|move|p2a: Clefable|Moonblast|p1a: Kite
|-damage|p1a: Kite|143\/344 tox
|
|-heal|p2a: Clefable|285\/393|[from] item: Leftovers
|-heal|p1a: Kite|186\/344 tox|[from] ability: Poison Heal
|turn|53
|
|switch|p2a: Sableye|Sableye-Mega, F|154\/303
|move|p1a: Kite|Knock Off|p2a: Sableye
|-damage|p2a: Sableye|121\/303
|
|-heal|p1a: Kite|229\/344 tox|[from] ability: Poison Heal
|turn|54
|
|move|p1a: Kite|Earthquake|p2a: Sableye
|-crit|p2a: Sableye
|-damage|p2a: Sableye|13\/303
|move|p2a: Sableye|Recover|p2a: Sableye
|-heal|p2a: Sableye|165\/303
|
|-heal|p1a: Kite|272\/344 tox|[from] ability: Poison Heal
|turn|55
|
|move|p1a: Kite|Protect|p1a: Kite
|-singleturn|p1a: Kite|Protect
|move|p2a: Sableye|Recover|p2a: Sableye
|-heal|p2a: Sableye|303\/303
|
|-heal|p1a: Kite|315\/344 tox|[from] ability: Poison Heal
|turn|56
|
|move|p1a: Kite|Knock Off|p2a: Sableye
|-damage|p2a: Sableye|273\/303
|move|p2a: Sableye|Knock Off|p1a: Kite
|-damage|p1a: Kite|273\/344 tox
|
|-heal|p1a: Kite|316\/344 tox|[from] ability: Poison Heal
|turn|57
|
|move|p1a: Kite|Earthquake|p2a: Sableye
|-crit|p2a: Sableye
|-damage|p2a: Sableye|171\/303
|move|p2a: Sableye|Foul Play|p1a: Kite
|-damage|p1a: Kite|252\/344 tox
|
|-heal|p1a: Kite|295\/344 tox|[from] ability: Poison Heal
|turn|58
|
|move|p1a: Kite|Earthquake|p2a: Sableye
|-damage|p2a: Sableye|102\/303
|move|p2a: Sableye|Recover|p2a: Sableye
|-heal|p2a: Sableye|254\/303
|
|-heal|p1a: Kite|338\/344 tox|[from] ability: Poison Heal
|turn|59
|
|move|p1a: Kite|Knock Off|p2a: Sableye
|-damage|p2a: Sableye|224\/303
|move|p2a: Sableye|Foul Play|p1a: Kite
|-damage|p1a: Kite|272\/344 tox
|
|-heal|p1a: Kite|315\/344 tox|[from] ability: Poison Heal
|turn|60
|
|move|p1a: Kite|Earthquake|p2a: Sableye
|-damage|p2a: Sableye|158\/303
|move|p2a: Sableye|Foul Play|p1a: Kite
|-damage|p1a: Kite|251\/344 tox
|
|-heal|p1a: Kite|294\/344 tox|[from] ability: Poison Heal
|turn|61
|
|move|p1a: Kite|Earthquake|p2a: Sableye
|-damage|p2a: Sableye|86\/303
|move|p2a: Sableye|Recover|p2a: Sableye
|-heal|p2a: Sableye|238\/303
|
|-heal|p1a: Kite|337\/344 tox|[from] ability: Poison Heal
|turn|62
|
|move|p1a: Kite|Earthquake|p2a: Sableye
|-damage|p2a: Sableye|166\/303
|move|p2a: Sableye|Foul Play|p1a: Kite
|-damage|p1a: Kite|271\/344 tox
|
|-heal|p1a: Kite|314\/344 tox|[from] ability: Poison Heal
|turn|63
|
|move|p1a: Kite|Protect|p1a: Kite
|-singleturn|p1a: Kite|Protect
|move|p2a: Sableye|Recover|p2a: Sableye
|-heal|p2a: Sableye|303\/303
|
|-heal|p1a: Kite|344\/344 tox|[from] ability: Poison Heal
|turn|64
|
|switch|p2a: Skarmory|Skarmory, F|302\/333
|move|p1a: Kite|Knock Off|p2a: Skarmory
|-damage|p2a: Skarmory|275\/333
|
|turn|65
|
|switch|p1a: Pony Boss|Keldeo|303\/323
|move|p2a: Skarmory|Roost|p2a: Skarmory
|-heal|p2a: Skarmory|333\/333
|
|-heal|p1a: Pony Boss|323\/323|[from] item: Leftovers
|turn|66
|
|switch|p2a: Clefable|Clefable, F|285\/393
|move|p1a: Pony Boss|Scald|p2a: Clefable
|-damage|p2a: Clefable|180\/393
|-status|p2a: Clefable|brn
|
|-heal|p2a: Clefable|204\/393 brn|[from] item: Leftovers
|-damage|p2a: Clefable|155\/393 brn|[from] brn
|turn|67
|
|switch|p1a: Bird Counter|Heatran, M, shiny|133\/367 par
|move|p2a: Clefable|Wish|p2a: Clefable
|
|-heal|p2a: Clefable|179\/393 brn|[from] item: Leftovers
|-heal|p1a: Bird Counter|155\/367 par|[from] item: Leftovers
|-damage|p2a: Clefable|130\/393 brn|[from] brn
|turn|68
|
|move|p2a: Clefable|Protect|p2a: Clefable
|-singleturn|p2a: Clefable|Protect
|move|p1a: Bird Counter|Stealth Rock|p2a: Clefable
|-sidestart|p2: Kioskate|move: Stealth Rock
|
|-heal|p2a: Clefable|326\/393 brn|[from] move: Wish|[wisher] Clefable
|-heal|p2a: Clefable|350\/393 brn|[from] item: Leftovers
|-heal|p1a: Bird Counter|177\/367 par|[from] item: Leftovers
|-damage|p2a: Clefable|301\/393 brn|[from] brn
|turn|69
|
|switch|p2a: Sableye|Sableye-Mega, F|303\/303
|-damage|p2a: Sableye|266\/303|[from] Stealth Rock
|cant|p1a: Bird Counter|par
|
|-heal|p1a: Bird Counter|199\/367 par|[from] item: Leftovers
|turn|70
|
|switch|p1a: Kite|Gliscor, F, shiny|344\/344 tox
|move|p2a: Sableye|Knock Off|p1a: Kite
|-damage|p1a: Kite|301\/344 tox
|
|-heal|p1a: Kite|344\/344 tox|[from] ability: Poison Heal
|turn|71
|
|switch|p1a: Tweetie|Pidgeot-Mega, F, shiny|305\/307
|switch|p2a: Skarmory|Skarmory, F|333\/333
|-damage|p2a: Skarmory|292\/333|[from] Stealth Rock
|
|turn|72
|
|switch|p1a: Pony Boss|Keldeo|323\/323
|switch|p2a: Chansey|Chansey, F|559\/703
|-damage|p2a: Chansey|472\/703|[from] Stealth Rock
|
|turn|73
|
|move|p1a: Pony Boss|Scald|p2a: Chansey
|-damage|p2a: Chansey|385\/703
|move|p2a: Chansey|Soft-Boiled|p2a: Chansey
|-heal|p2a: Chansey|703\/703
|
|turn|74
|
|move|p1a: Pony Boss|Scald|p2a: Chansey
|-damage|p2a: Chansey|609\/703
|-status|p2a: Chansey|brn
|move|p2a: Chansey|Heal Bell|p2a: Chansey
|-cureteam|p2a: Chansey|[from] move: HealBell
|
|turn|75
|
|move|p1a: Pony Boss|Secret Sword|p2a: Chansey
|-supereffective|p2a: Chansey
|-damage|p2a: Chansey|189\/703
|move|p2a: Chansey|Wish|p2a: Chansey
|
|turn|76
|
|move|p1a: Pony Boss|Scald|p2a: Chansey
|-damage|p2a: Chansey|102\/703
|-status|p2a: Chansey|brn
|move|p2a: Chansey|Soft-Boiled|p2a: Chansey
|-heal|p2a: Chansey|454\/703 brn
|
|-heal|p2a: Chansey|703\/703 brn|[from] move: Wish|[wisher] Chansey
|-damage|p2a: Chansey|616\/703 brn|[from] brn
|turn|77
|
|switch|p2a: Clefable|Clefable, F|301\/393
|-damage|p2a: Clefable|252\/393|[from] Stealth Rock
|move|p1a: Pony Boss|Substitute|p1a: Pony Boss
|-start|p1a: Pony Boss|Substitute
|-damage|p1a: Pony Boss|243\/323
|
|-heal|p1a: Pony Boss|263\/323|[from] item: Leftovers
|-heal|p2a: Clefable|276\/393|[from] item: Leftovers
|turn|78
|
|move|p2a: Clefable|Protect|p2a: Clefable
|-singleturn|p2a: Clefable|Protect
|move|p1a: Pony Boss|Scald|p2a: Clefable
|-activate|p2a: Clefable|Protect
|
|-heal|p1a: Pony Boss|283\/323|[from] item: Leftovers
|-heal|p2a: Clefable|300\/393|[from] item: Leftovers
|turn|79
|
|move|p1a: Pony Boss|Scald|p2a: Clefable
|-damage|p2a: Clefable|194\/393
|move|p2a: Clefable|Moonblast|p1a: Pony Boss
|-supereffective|p1a: Pony Boss
|-end|p1a: Pony Boss|Substitute
|
|-heal|p1a: Pony Boss|303\/323|[from] item: Leftovers
|-heal|p2a: Clefable|218\/393|[from] item: Leftovers
|turn|80
|
|switch|p1a: Bird Counter|Heatran, M, shiny|199\/367 par
|move|p2a: Clefable|Wish|p2a: Clefable
|
|-heal|p2a: Clefable|242\/393|[from] item: Leftovers
|-heal|p1a: Bird Counter|221\/367 par|[from] item: Leftovers
|turn|81
|
|move|p2a: Clefable|Protect|p2a: Clefable
|-singleturn|p2a: Clefable|Protect
|move|p1a: Bird Counter|Lava Plume|p2a: Clefable
|-activate|p2a: Clefable|Protect
|
|-heal|p2a: Clefable|393\/393|[from] move: Wish|[wisher] Clefable
|-heal|p1a: Bird Counter|243\/367 par|[from] item: Leftovers
|turn|82
|
|switch|p2a: Chansey|Chansey, F|616\/703
|-damage|p2a: Chansey|529\/703|[from] Stealth Rock
|cant|p1a: Bird Counter|par
|
|-heal|p1a: Bird Counter|265\/367 par|[from] item: Leftovers
|turn|83
|
|switch|p1a: Pony Boss|Keldeo|303\/323
|move|p2a: Chansey|Seismic Toss|p1a: Pony Boss
|-damage|p1a: Pony Boss|203\/323
|
|-heal|p1a: Pony Boss|223\/323|[from] item: Leftovers
|turn|84
|
|switch|p2a: Clefable|Clefable, F|393\/393
|-damage|p2a: Clefable|344\/393|[from] Stealth Rock
|move|p1a: Pony Boss|Secret Sword|p2a: Clefable
|-resisted|p2a: Clefable
|-damage|p2a: Clefable|250\/393
|
|-heal|p1a: Pony Boss|243\/323|[from] item: Leftovers
|-heal|p2a: Clefable|274\/393|[from] item: Leftovers
|turn|85
|
|switch|p1a: Kite|Gliscor, F, shiny|344\/344 tox
|move|p2a: Clefable|Wish|p2a: Clefable
|
|-heal|p2a: Clefable|298\/393|[from] item: Leftovers
|turn|86
|
|switch|p1a: Tweetie|Pidgeot-Mega, F, shiny|305\/307
|switch|p2a: Skarmory|Skarmory, F|292\/333
|-damage|p2a: Skarmory|251\/333|[from] Stealth Rock
|
|-heal|p2a: Skarmory|333\/333|[from] move: Wish|[wisher] Clefable
|turn|87
|
|switch|p2a: Chansey|Chansey, F|529\/703
|-damage|p2a: Chansey|442\/703|[from] Stealth Rock
|move|p1a: Tweetie|Heat Wave|p2a: Chansey
|-damage|p2a: Chansey|361\/703
|
|turn|88
|
|move|p1a: Tweetie|Hurricane|p2a: Chansey
|-damage|p2a: Chansey|231\/703
|-start|p2a: Chansey|confusion
|-activate|p2a: Chansey|confusion
|-damage|p2a: Chansey|228\/703|[from] confusion
|
|turn|89
|
|switch|p1a: Pony Boss|Keldeo|243\/323
|-end|p2a: Chansey|confusion
|move|p2a: Chansey|Soft-Boiled|p2a: Chansey
|-heal|p2a: Chansey|580\/703
|
|-heal|p1a: Pony Boss|263\/323|[from] item: Leftovers
|turn|90
|
|switch|p2a: Clefable|Clefable, F|298\/393
|-damage|p2a: Clefable|249\/393|[from] Stealth Rock
|move|p1a: Pony Boss|Scald|p2a: Clefable
|-damage|p2a: Clefable|140\/393
|-status|p2a: Clefable|brn
|
|-heal|p1a: Pony Boss|283\/323|[from] item: Leftovers
|-heal|p2a: Clefable|164\/393 brn|[from] item: Leftovers
|-damage|p2a: Clefable|115\/393 brn|[from] brn
|turn|91
|
|move|p1a: Pony Boss|Substitute|p1a: Pony Boss
|-start|p1a: Pony Boss|Substitute
|-damage|p1a: Pony Boss|203\/323
|move|p2a: Clefable|Thunder Wave|p1a: Pony Boss
|
|-heal|p1a: Pony Boss|223\/323|[from] item: Leftovers
|-heal|p2a: Clefable|139\/393 brn|[from] item: Leftovers
|-damage|p2a: Clefable|90\/393 brn|[from] brn
|turn|92
|-message|Kioskate forfeited.
|
|win|Steel Scorpion
|raw|Ladder updating...
|raw|Steel Scorpion's rating: 1416 &rarr; <strong>1440<\/strong><br \/>(+24 for winning)
|raw|Kioskate's rating: 1479 &rarr; <strong>1455<\/strong><br \/>(-24 for losing)
|leave|Kioskate
|player|p2