|join|Kioskate
|join|Raagh
|player|p1|Kioskate|102
|player|p2|Raagh|10
|gametype|singles
|gen|6
|tier|OU
|rated
|clearpoke
|poke|p1|Talonflame, F
|poke|p1|Venusaur, M
|poke|p1|Jirachi
|poke|p1|Gothitelle, M
|poke|p1|Mandibuzz, F
|poke|p1|Clefable, M
|poke|p2|Venusaur, M
|poke|p2|Landorus-Therian, M
|poke|p2|Latios, M
|poke|p2|Clefable, F
|poke|p2|Heatran, F
|poke|p2|Rotom-Wash
|rule|Swagger Clause: Swagger is banned
|rule|Baton Pass Clause: Limit one PokÃ©mon knowing Baton Pass
|rule|Sleep Clause Mod: Limit one foe put to sleep
|rule|Species Clause: Limit one of each PokÃ©mon
|rule|OHKO Clause: OHKO moves are banned
|rule|Moody Clause: Moody is banned
|rule|Evasion Moves Clause: Evasion moves are banned
|rule|Endless Battle Clause: Forcing endless battles is banned
|rule|HP Percentage Mod: HP is shown in percentages
|teampreview
|
|start
|switch|p1a: Venusaur|Venusaur, M|363\/363
|switch|p2a: Landorus-Therian|Landorus-Therian, M|319\/319
|-ability|p2a: Landorus-Therian|Intimidate|[of] p1a: Venusaur
|-unboost|p1a: Venusaur|atk|1
|turn|1
|
|detailschange|p1a: Venusaur|Venusaur-Mega, M
|-mega|p1a: Venusaur|Venusaur|Venusaurite
|move|p2a: Landorus-Therian|Stone Edge|p1a: Venusaur
|-damage|p1a: Venusaur|287\/363
|move|p1a: Venusaur|Sleep Powder|p2a: Landorus-Therian
|-status|p2a: Landorus-Therian|slp
|
|turn|2
|
|switch|p2a: Heatran|Heatran, F|386\/386
|move|p1a: Venusaur|Giga Drain|p2a: Heatran
|-crit|p2a: Heatran
|-resisted|p2a: Heatran
|-damage|p2a: Heatran|361\/386
|-heal|p1a: Venusaur|300\/363|[from] drain|[of] p2a: Heatran
|
|-heal|p2a: Heatran|385\/386|[from] item: Leftovers
|turn|3
|
|switch|p1a: Gothitelle|Gothitelle, M|343\/343
|move|p2a: Heatran|Stealth Rock|p1a: Gothitelle
|-sidestart|p1: Kioskate|move: Stealth Rock
|
|-heal|p2a: Heatran|386\/386|[from] item: Leftovers
|turn|4
|
|move|p2a: Heatran|Toxic|p1a: Gothitelle
|-status|p1a: Gothitelle|tox
|move|p1a: Gothitelle|Dark Pulse|p2a: Heatran
|-damage|p2a: Heatran|346\/386
|
|-heal|p2a: Heatran|370\/386|[from] item: Leftovers
|-damage|p1a: Gothitelle|322\/343 tox|[from] psn
|turn|5
|
|move|p2a: Heatran|Lava Plume|p1a: Gothitelle
|-damage|p1a: Gothitelle|241\/343 tox
|move|p1a: Gothitelle|Calm Mind|p1a: Gothitelle
|-boost|p1a: Gothitelle|spa|1
|-boost|p1a: Gothitelle|spd|1
|
|-heal|p2a: Heatran|386\/386|[from] item: Leftovers
|-heal|p1a: Gothitelle|262\/343 tox|[from] item: Leftovers
|-damage|p1a: Gothitelle|220\/343 tox|[from] psn
|turn|6
|
|move|p1a: Gothitelle|Rest|p1a: Gothitelle
|-status|p1a: Gothitelle|slp
|-heal|p1a: Gothitelle|343\/343 slp|[silent]
|-status|p1a: Gothitelle|slp|[from] move: Rest
|move|p2a: Heatran|Roar|p1a: Gothitelle
|drag|p1a: Clefable|Clefable, M|394\/394
|
|turn|7
|c|âKioskate|hoping you were protect
|
|move|p1a: Clefable|Heal Bell|p1a: Clefable
|-cureteam|p1a: Clefable|[from] move: HealBell
|move|p2a: Heatran|Roar|p1a: Clefable
|drag|p1a: Venusaur|Venusaur-Mega, M|300\/363
|-damage|p1a: Venusaur|255\/363|[from] Stealth Rock
|
|turn|8
|
|switch|p1a: Mandibuzz|Mandibuzz, F|423\/423
|-damage|p1a: Mandibuzz|318\/423|[from] Stealth Rock
|move|p2a: Heatran|Toxic|p1a: Mandibuzz
|-status|p1a: Mandibuzz|tox
|
|-heal|p1a: Mandibuzz|344\/423 tox|[from] item: Leftovers
|-damage|p1a: Mandibuzz|318\/423 tox|[from] psn
|turn|9
|
|move|p1a: Mandibuzz|Knock Off|p2a: Heatran
|-crit|p2a: Heatran
|-damage|p2a: Heatran|305\/386
|-enditem|p2a: Heatran|Leftovers|[from] move: Knock Off|[of] p1a: Mandibuzz
|move|p2a: Heatran|Lava Plume|p1a: Mandibuzz
|-damage|p1a: Mandibuzz|185\/423 tox
|
|-heal|p1a: Mandibuzz|211\/423 tox|[from] item: Leftovers
|-damage|p1a: Mandibuzz|159\/423 tox|[from] psn
|turn|10
|
|switch|p1a: Clefable|Clefable, M|394\/394
|switch|p2a: Landorus-Therian|Landorus-Therian, M|319\/319 slp
|-ability|p2a: Landorus-Therian|Intimidate|[of] p1a: Clefable
|-unboost|p1a: Clefable|atk|1
|
|turn|11
|
|cant|p2a: Landorus-Therian|slp
|move|p1a: Clefable|Wish|p1a: Clefable
|
|turn|12
|
|cant|p2a: Landorus-Therian|slp
|move|p1a: Clefable|Heal Bell|p1a: Clefable
|-cureteam|p1a: Clefable|[from] move: HealBell
|
|turn|13
|
|cant|p2a: Landorus-Therian|slp
|move|p1a: Clefable|Wish|p1a: Clefable
|
|turn|14
|
|switch|p1a: Mandibuzz|Mandibuzz, F|159\/423
|-damage|p1a: Mandibuzz|54\/423|[from] Stealth Rock
|-curestatus|p2a: Landorus-Therian|slp
|move|p2a: Landorus-Therian|Knock Off|p1a: Mandibuzz
|-resisted|p1a: Mandibuzz
|-damage|p1a: Mandibuzz|7\/423
|-enditem|p1a: Mandibuzz|Leftovers|[from] move: Knock Off|[of] p2a: Landorus-Therian
|
|-heal|p1a: Mandibuzz|204\/423|[from] move: Wish|[wisher] Clefable
|turn|15
|
|switch|p2a: Latios|Latios, M|301\/301
|move|p1a: Mandibuzz|Roost|p1a: Mandibuzz
|-heal|p1a: Mandibuzz|416\/423
|
|turn|16
|
|switch|p1a: Jirachi|Jirachi|403\/403
|-damage|p1a: Jirachi|378\/403|[from] Stealth Rock
|move|p2a: Latios|Ice Beam|p1a: Jirachi
|-resisted|p1a: Jirachi
|-damage|p1a: Jirachi|330\/403
|-damage|p2a: Latios|271\/301|[from] item: Life Orb
|
|-heal|p1a: Jirachi|355\/403|[from] item: Leftovers
|turn|17
|
|switch|p2a: Heatran|Heatran, F|305\/386
|move|p1a: Jirachi|Stealth Rock|p2a: Heatran
|-sidestart|p2: Raagh|move: Stealth Rock
|
|-heal|p1a: Jirachi|380\/403|[from] item: Leftovers
|turn|18
|
|move|p1a: Jirachi|Body Slam|p2a: Heatran
|-crit|p2a: Heatran
|-resisted|p2a: Heatran
|-damage|p2a: Heatran|258\/386
|move|p2a: Heatran|Lava Plume|p1a: Jirachi
|-supereffective|p1a: Jirachi
|-damage|p1a: Jirachi|204\/403
|-status|p1a: Jirachi|brn
|
|-heal|p1a: Jirachi|229\/403 brn|[from] item: Leftovers
|-damage|p1a: Jirachi|179\/403 brn|[from] brn
|turn|19
|
|move|p1a: Jirachi|U-turn|p2a: Heatran
|-resisted|p2a: Heatran
|-damage|p2a: Heatran|252\/386
|
|switch|p1a: Clefable|Clefable, M|394\/394
|move|p2a: Heatran|Lava Plume|p1a: Clefable
|-damage|p1a: Clefable|301\/394
|
|-heal|p1a: Clefable|325\/394|[from] item: Leftovers
|turn|20
|
|move|p1a: Clefable|Moonblast|p2a: Heatran
|-resisted|p2a: Heatran
|-damage|p2a: Heatran|235\/386
|move|p2a: Heatran|Roar|p1a: Clefable
|drag|p1a: Gothitelle|Gothitelle, M|343\/343
|-damage|p1a: Gothitelle|301\/343|[from] Stealth Rock
|
|-heal|p1a: Gothitelle|322\/343|[from] item: Leftovers
|turn|21
|
|move|p2a: Heatran|Toxic|p1a: Gothitelle
|-status|p1a: Gothitelle|tox
|move|p1a: Gothitelle|Dark Pulse|p2a: Heatran
|-damage|p2a: Heatran|194\/386
|
|-heal|p1a: Gothitelle|343\/343 tox|[from] item: Leftovers
|-damage|p1a: Gothitelle|322\/343 tox|[from] psn
|turn|22
|
|move|p2a: Heatran|Lava Plume|p1a: Gothitelle
|-damage|p1a: Gothitelle|241\/343 tox
|move|p1a: Gothitelle|Dark Pulse|p2a: Heatran
|-damage|p2a: Heatran|148\/386
|
|-heal|p1a: Gothitelle|262\/343 tox|[from] item: Leftovers
|-damage|p1a: Gothitelle|220\/343 tox|[from] psn
|turn|23
|
|move|p1a: Gothitelle|Rest|p1a: Gothitelle
|-status|p1a: Gothitelle|slp
|-heal|p1a: Gothitelle|343\/343 slp|[silent]
|-status|p1a: Gothitelle|slp|[from] move: Rest
|move|p2a: Heatran|Roar|p1a: Gothitelle
|drag|p1a: Jirachi|Jirachi|179\/403 brn
|-damage|p1a: Jirachi|154\/403 brn|[from] Stealth Rock
|
|-heal|p1a: Jirachi|179\/403 brn|[from] item: Leftovers
|-damage|p1a: Jirachi|129\/403 brn|[from] brn
|turn|24
|
|move|p1a: Jirachi|U-turn|p2a: Heatran
|-resisted|p2a: Heatran
|-damage|p2a: Heatran|141\/386
|
|switch|p1a: Clefable|Clefable, M|325\/394
|move|p2a: Heatran|Lava Plume|p1a: Clefable
|-damage|p1a: Clefable|229\/394
|-status|p1a: Clefable|brn
|
|-heal|p1a: Clefable|253\/394 brn|[from] item: Leftovers
|turn|25
|
|move|p1a: Clefable|Heal Bell|p1a: Clefable
|-cureteam|p1a: Clefable|[from] move: HealBell
|move|p2a: Heatran|Roar|p1a: Clefable
|drag|p1a: Jirachi|Jirachi|129\/403
|-damage|p1a: Jirachi|104\/403|[from] Stealth Rock
|
|-heal|p1a: Jirachi|129\/403|[from] item: Leftovers
|turn|26
|
|move|p1a: Jirachi|U-turn|p2a: Heatran
|-resisted|p2a: Heatran
|-damage|p2a: Heatran|129\/386
|
|switch|p1a: Clefable|Clefable, M|253\/394
|move|p2a: Heatran|Lava Plume|p1a: Clefable
|-damage|p1a: Clefable|168\/394
|
|-heal|p1a: Clefable|192\/394|[from] item: Leftovers
|turn|27
|
|move|p1a: Clefable|Soft-Boiled|p1a: Clefable
|-heal|p1a: Clefable|389\/394
|move|p2a: Heatran|Roar|p1a: Clefable
|drag|p1a: Venusaur|Venusaur-Mega, M|255\/363
|-damage|p1a: Venusaur|210\/363|[from] Stealth Rock
|
|turn|28
|
|move|p1a: Venusaur|Synthesis|p1a: Venusaur
|-heal|p1a: Venusaur|363\/363
|move|p2a: Heatran|Lava Plume|p1a: Venusaur
|-supereffective|p1a: Venusaur
|-damage|p1a: Venusaur|265\/363
|
|turn|29
|
|move|p1a: Venusaur|Sleep Powder|p2a: Heatran|[miss]
|-miss|p1a: Venusaur|p2a: Heatran
|move|p2a: Heatran|Roar|p1a: Venusaur
|drag|p1a: Clefable|Clefable, M|389\/394
|
|-heal|p1a: Clefable|394\/394|[from] item: Leftovers
|turn|30
|
|move|p2a: Heatran|Lava Plume|p1a: Clefable
|-damage|p1a: Clefable|298\/394
|-status|p1a: Clefable|brn
|move|p1a: Clefable|Wish|p1a: Clefable
|
|-heal|p1a: Clefable|322\/394 brn|[from] item: Leftovers
|turn|31
|
|move|p1a: Clefable|Moonblast|p2a: Heatran
|-resisted|p2a: Heatran
|-damage|p2a: Heatran|110\/386
|-unboost|p2a: Heatran|spa|1
|move|p2a: Heatran|Roar|p1a: Clefable
|drag|p1a: Talonflame|Talonflame, F|359\/359
|-damage|p1a: Talonflame|180\/359|[from] Stealth Rock
|
|-heal|p1a: Talonflame|359\/359|[from] move: Wish|[wisher] Clefable
|turn|32
|
|switch|p1a: Clefable|Clefable, M|322\/394 brn
|move|p2a: Heatran|Toxic|p1a: Clefable|[miss]
|-miss|p2a: Heatran|p1a: Clefable
|
|-heal|p1a: Clefable|346\/394 brn|[from] item: Leftovers
|turn|33
|
|switch|p2a: Landorus-Therian|Landorus-Therian, M|319\/319
|-damage|p2a: Landorus-Therian|280\/319|[from] Stealth Rock
|-ability|p2a: Landorus-Therian|Intimidate|[of] p1a: Clefable
|-unboost|p1a: Clefable|atk|1
|move|p1a: Clefable|Moonblast|p2a: Landorus-Therian
|-damage|p2a: Landorus-Therian|148\/319
|
|-heal|p1a: Clefable|370\/394 brn|[from] item: Leftovers
|turn|34
|
|switch|p1a: Venusaur|Venusaur-Mega, M|265\/363
|-damage|p1a: Venusaur|220\/363|[from] Stealth Rock
|move|p2a: Landorus-Therian|Superpower|p1a: Venusaur
|-resisted|p1a: Venusaur
|-damage|p1a: Venusaur|173\/363
|-unboost|p2a: Landorus-Therian|atk|1
|-unboost|p2a: Landorus-Therian|def|1
|
|turn|35
|
|switch|p2a: Latios|Latios, M|271\/301
|-damage|p2a: Latios|234\/301|[from] Stealth Rock
|move|p1a: Venusaur|Synthesis|p1a: Venusaur
|-heal|p1a: Venusaur|354\/363
|
|turn|36
|
|switch|p1a: Jirachi|Jirachi|129\/403
|-damage|p1a: Jirachi|104\/403|[from] Stealth Rock
|move|p2a: Latios|Psyshock|p1a: Jirachi
|-resisted|p1a: Jirachi
|-damage|p1a: Jirachi|56\/403
|-damage|p2a: Latios|204\/301|[from] item: Life Orb
|
|-heal|p1a: Jirachi|81\/403|[from] item: Leftovers
|turn|37
|
|move|p2a: Latios|Roost|p2a: Latios
|-heal|p2a: Latios|301\/301
|move|p1a: Jirachi|Body Slam|p2a: Latios
|-crit|p2a: Latios
|-damage|p2a: Latios|191\/301
|
|-heal|p1a: Jirachi|106\/403|[from] item: Leftovers
|turn|38
|
|move|p2a: Latios|Defog|p1a: Jirachi
|-unboost|p1a: Jirachi|evasion|1
|-sideend|p1: Kioskate|Stealth Rock|[from] move: Defog|[of] p1a: Jirachi
|-sideend|p2: Raagh|Stealth Rock|[from] move: Defog|[of] p2a: Latios
|move|p1a: Jirachi|Body Slam|p2a: Latios
|-damage|p2a: Latios|104\/301
|-status|p2a: Latios|par
|
|-heal|p1a: Jirachi|131\/403|[from] item: Leftovers
|turn|39
|
|switch|p2a: Venusaur|Venusaur, M|359\/359
|move|p1a: Jirachi|Stealth Rock|p2a: Venusaur
|-sidestart|p2: Raagh|move: Stealth Rock
|
|-heal|p1a: Jirachi|156\/403|[from] item: Leftovers
|turn|40
|
|switch|p2a: Landorus-Therian|Landorus-Therian, M|148\/319
|-damage|p2a: Landorus-Therian|109\/319|[from] Stealth Rock
|-ability|p2a: Landorus-Therian|Intimidate|[of] p1a: Jirachi
|-unboost|p1a: Jirachi|atk|1
|move|p1a: Jirachi|U-turn|p2a: Landorus-Therian
|-resisted|p2a: Landorus-Therian
|-damage|p2a: Landorus-Therian|91\/319
|
|switch|p1a: Venusaur|Venusaur-Mega, M|354\/363
|
|turn|41
|
|move|p2a: Landorus-Therian|Earthquake|p1a: Venusaur
|-damage|p1a: Venusaur|236\/363
|move|p1a: Venusaur|Sludge Bomb|p2a: Landorus-Therian
|-resisted|p2a: Landorus-Therian
|-damage|p2a: Landorus-Therian|15\/319
|
|turn|42
|
|switch|p2a: Venusaur|Venusaur, M|359\/359
|-damage|p2a: Venusaur|315\/359|[from] Stealth Rock
|move|p1a: Venusaur|Synthesis|p1a: Venusaur
|-heal|p1a: Venusaur|363\/363
|
|turn|43
|-message|Raagh forfeited.
|leave|Raagh
|
|win|Kioskate
|raw|Ladder updating...
|player|p2
|raw|Kioskate's rating: 1206 &rarr; <strong>1230<\/strong><br \/>(+24 for winning)
|raw|Raagh's rating: 1192 &rarr; <strong>1168<\/strong><br \/>(-24 for losing)