|join|Kioskate
|join|Sharpteeth
|player|p1|Kioskate|265
|player|p2|Sharpteeth|1
|gametype|singles
|gen|6
|tier|OU
|rated
|clearpoke
|poke|p1|Clefable, F
|poke|p1|Sableye, F
|poke|p1|Bronzong
|poke|p1|Gyarados, M
|poke|p1|Skarmory, M
|poke|p1|Rhyperior, M
|poke|p2|Weavile, F
|poke|p2|Diancie
|poke|p2|Skarmory, M
|poke|p2|Latias, F
|poke|p2|Magnezone
|poke|p2|Garchomp, M
|rule|Swagger Clause: Swagger is banned
|rule|Baton Pass Clause: Limit one PokÃ©mon knowing Baton Pass
|rule|Sleep Clause Mod: Limit one foe put to sleep
|rule|Species Clause: Limit one of each PokÃ©mon
|rule|OHKO Clause: OHKO moves are banned
|rule|Moody Clause: Moody is banned
|rule|Evasion Moves Clause: Evasion moves are banned
|rule|Endless Battle Clause: Forcing endless battles is banned
|rule|HP Percentage Mod: HP is shown in percentages
|teampreview
|
|start
|switch|p1a: Clefable|Clefable, F|393\/393
|switch|p2a: Garden Gnome|Diancie|241\/241
|turn|1
|
|switch|p1a: Bronzong|Bronzong|337\/337
|detailschange|p2a: Garden Gnome|Diancie-Mega
|-mega|p2a: Garden Gnome|Diancie|Diancite
|move|p2a: Garden Gnome|Protect|p2a: Garden Gnome
|-fail|p2a: Garden Gnome
|
|turn|2
|
|switch|p2a: Panic Button|Skarmory, M|334\/334
|move|p1a: Bronzong|Earthquake|p2a: Panic Button
|-immune|p2a: Panic Button|[msg]
|
|turn|3
|
|move|p2a: Panic Button|Stealth Rock|p1a: Bronzong
|-sidestart|p1: Kioskate|move: Stealth Rock
|move|p1a: Bronzong|Stealth Rock|p2a: Panic Button
|-sidestart|p2: Sharpteeth|move: Stealth Rock
|
|turn|4
|
|switch|p1a: Sableye|Sableye, F|303\/303
|-damage|p1a: Sableye|266\/303|[from] Stealth Rock
|move|p2a: Panic Button|Spikes|p1a: Sableye
|-sidestart|p1: Kioskate|Spikes
|
|turn|5
|
|switch|p2a: Garden Gnome|Diancie-Mega|241\/241
|-damage|p2a: Garden Gnome|211\/241|[from] Stealth Rock
|detailschange|p1a: Sableye|Sableye-Mega, F
|-mega|p1a: Sableye|Sableye|Sablenite
|move|p1a: Sableye|Knock Off|p2a: Garden Gnome
|-resisted|p2a: Garden Gnome
|-damage|p2a: Garden Gnome|178\/241
|
|turn|6
|
|switch|p1a: Skarmory|Skarmory, M|333\/333
|-damage|p1a: Skarmory|292\/333|[from] Stealth Rock
|move|p2a: Garden Gnome|Moonblast|p1a: Skarmory
|-resisted|p1a: Skarmory
|-damage|p1a: Skarmory|157\/333
|-unboost|p1a: Skarmory|spa|1
|
|turn|7
|
|move|p2a: Garden Gnome|Moonblast|p1a: Skarmory
|-resisted|p1a: Skarmory
|-damage|p1a: Skarmory|28\/333
|move|p1a: Skarmory|Defog|p2a: Garden Gnome
|move|p2a: Garden Gnome|Defog|p1a: Skarmory|[from]Magic Bounce
|-unboost|p1a: Skarmory|evasion|1
|-sideend|p1: Kioskate|Spikes|[from] move: Defog|[of] p1a: Skarmory
|-sideend|p1: Kioskate|Stealth Rock|[from] move: Defog|[of] p1a: Skarmory
|-sideend|p2: Sharpteeth|Stealth Rock|[from] move: Defog|[of] p2a: Garden Gnome
|
|turn|8
|
|switch|p1a: Bronzong|Bronzong|337\/337
|move|p2a: Garden Gnome|Moonblast|p1a: Bronzong
|-resisted|p1a: Bronzong
|-damage|p1a: Bronzong|278\/337
|
|-heal|p1a: Bronzong|299\/337|[from] item: Leftovers
|turn|9
|
|switch|p2a: Panic Button|Skarmory, M|334\/334
|move|p1a: Bronzong|Stealth Rock|p2a: Panic Button
|-sidestart|p2: Sharpteeth|move: Stealth Rock
|
|-heal|p1a: Bronzong|320\/337|[from] item: Leftovers
|turn|10
|
|switch|p2a: Rubber Duck|Latias, F|344\/344
|-damage|p2a: Rubber Duck|301\/344|[from] Stealth Rock
|switch|p1a: Skarmory|Skarmory, M|28\/333
|
|-heal|p2a: Rubber Duck|322\/344|[from] item: Leftovers
|turn|11
|
|switch|p1a: Bronzong|Bronzong|320\/337
|move|p2a: Rubber Duck|Draco Meteor|p1a: Bronzong
|-resisted|p1a: Bronzong
|-damage|p1a: Bronzong|257\/337
|-unboost|p2a: Rubber Duck|spa|2
|
|-heal|p2a: Rubber Duck|343\/344|[from] item: Leftovers
|-heal|p1a: Bronzong|278\/337|[from] item: Leftovers
|turn|12
|
|move|p2a: Rubber Duck|Defog|p1a: Bronzong
|-unboost|p1a: Bronzong|evasion|1
|-sideend|p2: Sharpteeth|Stealth Rock|[from] move: Defog|[of] p2a: Rubber Duck
|move|p1a: Bronzong|Toxic|p2a: Rubber Duck
|-status|p2a: Rubber Duck|tox
|
|-heal|p2a: Rubber Duck|344\/344 tox|[from] item: Leftovers
|-heal|p1a: Bronzong|299\/337|[from] item: Leftovers
|-damage|p2a: Rubber Duck|323\/344 tox|[from] psn
|turn|13
|
|switch|p2a: Garden Gnome|Diancie-Mega|178\/241
|move|p1a: Bronzong|Gyro Ball|p2a: Garden Gnome
|-supereffective|p2a: Garden Gnome
|-damage|p2a: Garden Gnome|0 fnt
|faint|p2a: Garden Gnome
|
|-heal|p1a: Bronzong|320\/337|[from] item: Leftovers
|
|switch|p2a: Broom Head|Weavile, F|282\/282
|-ability|p2a: Broom Head|Pressure
|turn|14
|
|switch|p1a: Gyarados|Gyarados, M|393\/393
|-ability|p1a: Gyarados|Intimidate|[of] p2a: Broom Head
|-unboost|p2a: Broom Head|atk|1
|move|p2a: Broom Head|Knock Off|p1a: Gyarados
|-crit|p1a: Gyarados
|-damage|p1a: Gyarados|58\/393
|-enditem|p1a: Gyarados|Leftovers|[from] move: Knock Off|[of] p2a: Broom Head
|-damage|p2a: Broom Head|254\/282|[from] item: Life Orb
|
|turn|15
|
|move|p2a: Broom Head|Knock Off|p1a: Gyarados
|-damage|p1a: Gyarados|0 fnt
|-damage|p2a: Broom Head|226\/282|[from] item: Life Orb
|faint|p1a: Gyarados
|
|
|switch|p1a: Sableye|Sableye-Mega, F|266\/303
|turn|16
|
|switch|p2a: Tinfoil Hat|Magnezone|319\/319
|move|p1a: Sableye|Will-O-Wisp|p2a: Tinfoil Hat
|-status|p2a: Tinfoil Hat|brn
|
|-damage|p2a: Tinfoil Hat|280\/319 brn|[from] brn
|turn|17
|
|switch|p1a: Skarmory|Skarmory, M|28\/333
|move|p2a: Tinfoil Hat|Flash Cannon|p1a: Skarmory
|-resisted|p1a: Skarmory
|-damage|p1a: Skarmory|0 fnt
|faint|p1a: Skarmory
|
|-damage|p2a: Tinfoil Hat|241\/319 brn|[from] brn
|
|switch|p1a: Bronzong|Bronzong|320\/337
|turn|18
|leave|Kioskate
|
|switch|p2a: Hot Stove|Garchomp, M|420\/420
|move|p1a: Bronzong|Stealth Rock|p2a: Hot Stove
|-sidestart|p2: Sharpteeth|move: Stealth Rock
|
|-heal|p1a: Bronzong|337\/337|[from] item: Leftovers
|turn|19
|player|p1
|join|Kioskate
|player|p1|Kioskate|265
|
|switch|p1a: Rhyperior|Rhyperior, M|433\/433
|move|p2a: Hot Stove|Fire Blast|p1a: Rhyperior
|-resisted|p1a: Rhyperior
|-damage|p1a: Rhyperior|382\/433
|
|-heal|p1a: Rhyperior|409\/433|[from] item: Leftovers
|turn|20
|
|move|p2a: Hot Stove|Stealth Rock|p1a: Rhyperior
|-sidestart|p1: Kioskate|move: Stealth Rock
|move|p1a: Rhyperior|Roar|p2a: Hot Stove
|drag|p2a: Panic Button|Skarmory, M|334\/334
|-damage|p2a: Panic Button|293\/334|[from] Stealth Rock
|
|-heal|p1a: Rhyperior|433\/433|[from] item: Leftovers
|turn|21
|
|switch|p2a: Tinfoil Hat|Magnezone|241\/319 brn
|-damage|p2a: Tinfoil Hat|222\/319 brn|[from] Stealth Rock
|move|p1a: Rhyperior|Roar|p2a: Tinfoil Hat
|drag|p2a: Broom Head|Weavile, F|226\/282
|-damage|p2a: Broom Head|156\/282|[from] Stealth Rock
|-ability|p2a: Broom Head|Pressure
|
|turn|22
|
|switch|p2a: Hot Stove|Garchomp, M|420\/420
|-damage|p2a: Hot Stove|394\/420|[from] Stealth Rock
|move|p1a: Rhyperior|Earthquake|p2a: Hot Stove
|-damage|p2a: Hot Stove|285\/420
|
|turn|23
|join|req'd by crobro
|
|move|p2a: Hot Stove|Earthquake|p1a: Rhyperior
|-crit|p1a: Rhyperior
|-supereffective|p1a: Rhyperior
|-damage|p1a: Rhyperior|240\/433
|move|p1a: Rhyperior|Toxic|p2a: Hot Stove
|-status|p2a: Hot Stove|tox
|
|-heal|p1a: Rhyperior|267\/433|[from] item: Leftovers
|-damage|p2a: Hot Stove|259\/420 tox|[from] psn
|turn|24
|
|switch|p1a: Bronzong|Bronzong|337\/337
|-damage|p1a: Bronzong|316\/337|[from] Stealth Rock
|move|p2a: Hot Stove|Earthquake|p1a: Bronzong
|-immune|p1a: Bronzong|[msg]
|
|-heal|p1a: Bronzong|337\/337|[from] item: Leftovers
|-damage|p2a: Hot Stove|207\/420 tox|[from] psn
|turn|25
|
|move|p2a: Hot Stove|Fire Blast|p1a: Bronzong
|-supereffective|p1a: Bronzong
|-damage|p1a: Bronzong|245\/337
|move|p1a: Bronzong|Earthquake|p2a: Hot Stove
|-damage|p2a: Hot Stove|157\/420 tox
|
|-heal|p1a: Bronzong|266\/337|[from] item: Leftovers
|-damage|p2a: Hot Stove|79\/420 tox|[from] psn
|turn|26
|join|rika and hanyuu
|
|move|p2a: Hot Stove|Fire Blast|p1a: Bronzong
|-supereffective|p1a: Bronzong
|-damage|p1a: Bronzong|176\/337
|move|p1a: Bronzong|Earthquake|p2a: Hot Stove
|-damage|p2a: Hot Stove|23\/420 tox
|
|-heal|p1a: Bronzong|197\/337|[from] item: Leftovers
|-damage|p2a: Hot Stove|0 fnt|[from] psn
|faint|p2a: Hot Stove
|
|switch|p2a: Broom Head|Weavile, F|156\/282
|-damage|p2a: Broom Head|86\/282|[from] Stealth Rock
|-ability|p2a: Broom Head|Pressure
|turn|27
|
|switch|p1a: Sableye|Sableye-Mega, F|266\/303
|-damage|p1a: Sableye|229\/303|[from] Stealth Rock
|move|p2a: Broom Head|Icicle Crash|p1a: Sableye
|-crit|p1a: Sableye
|-damage|p1a: Sableye|52\/303
|-damage|p2a: Broom Head|58\/282|[from] item: Life Orb
|
|turn|28
|join|ShotB
|
|move|p2a: Broom Head|Knock Off|p1a: Sableye
|-damage|p1a: Sableye|0 fnt
|-damage|p2a: Broom Head|30\/282|[from] item: Life Orb
|faint|p1a: Sableye
|
|
|switch|p1a: Clefable|Clefable, F|393\/393
|-damage|p1a: Clefable|344\/393|[from] Stealth Rock
|turn|29
|
|move|p1a: Clefable|Protect|p1a: Clefable
|-singleturn|p1a: Clefable|Protect
|move|p2a: Broom Head|Icicle Crash|p1a: Clefable
|-activate|p1a: Clefable|Protect
|
|-heal|p1a: Clefable|368\/393|[from] item: Leftovers
|turn|30
|
|move|p2a: Broom Head|Icicle Crash|p1a: Clefable|[miss]
|-miss|p2a: Broom Head|p1a: Clefable
|move|p1a: Clefable|Moonblast|p2a: Broom Head
|-supereffective|p2a: Broom Head
|-damage|p2a: Broom Head|0 fnt
|faint|p2a: Broom Head
|
|-heal|p1a: Clefable|392\/393|[from] item: Leftovers
|
|switch|p2a: Tinfoil Hat|Magnezone|222\/319 brn
|-damage|p2a: Tinfoil Hat|203\/319 brn|[from] Stealth Rock
|turn|31
|
|move|p1a: Clefable|Protect|p1a: Clefable
|-singleturn|p1a: Clefable|Protect
|move|p2a: Tinfoil Hat|Flash Cannon|p1a: Clefable
|-activate|p1a: Clefable|Protect
|
|-heal|p1a: Clefable|393\/393|[from] item: Leftovers
|-damage|p2a: Tinfoil Hat|164\/319 brn|[from] brn
|turn|32
|
|switch|p1a: Bronzong|Bronzong|197\/337
|-damage|p1a: Bronzong|176\/337|[from] Stealth Rock
|move|p2a: Tinfoil Hat|Flash Cannon|p1a: Bronzong
|-resisted|p1a: Bronzong
|-damage|p1a: Bronzong|98\/337
|-unboost|p1a: Bronzong|spd|1
|
|-heal|p1a: Bronzong|119\/337|[from] item: Leftovers
|-damage|p2a: Tinfoil Hat|125\/319 brn|[from] brn
|turn|33
|
|switch|p2a: Panic Button|Skarmory, M|293\/334
|-damage|p2a: Panic Button|252\/334|[from] Stealth Rock
|move|p1a: Bronzong|Earthquake|p2a: Panic Button
|-immune|p2a: Panic Button|[msg]
|
|-heal|p1a: Bronzong|140\/337|[from] item: Leftovers
|turn|34
|
|move|p2a: Panic Button|Spikes|p1a: Bronzong
|-sidestart|p1: Kioskate|Spikes
|move|p1a: Bronzong|Stealth Rock|p2a: Panic Button
|-fail|p2a: Panic Button
|
|-heal|p1a: Bronzong|161\/337|[from] item: Leftovers
|turn|35
|
|switch|p1a: Rhyperior|Rhyperior, M|267\/433
|-damage|p1a: Rhyperior|240\/433|[from] Stealth Rock
|-damage|p1a: Rhyperior|186\/433|[from] Spikes
|move|p2a: Panic Button|Iron Head|p1a: Rhyperior
|-supereffective|p1a: Rhyperior
|-damage|p1a: Rhyperior|110\/433
|
|-heal|p1a: Rhyperior|137\/433|[from] item: Leftovers
|turn|36
|
|move|p2a: Panic Button|Spikes|p1a: Rhyperior
|-sidestart|p1: Kioskate|Spikes
|move|p1a: Rhyperior|Rock Blast|p2a: Panic Button
|-damage|p2a: Panic Button|224\/334
|-damage|p2a: Panic Button|191\/334
|-damage|p2a: Panic Button|158\/334
|-damage|p2a: Panic Button|124\/334
|-hitcount|p2a: Panic Button|4
|-enditem|p2a: Panic Button|Red Card|[of] p1a: Rhyperior
|drag|p1a: Clefable|Clefable, F|393\/393
|-damage|p1a: Clefable|328\/393|[from] Spikes
|-damage|p1a: Clefable|279\/393|[from] Stealth Rock
|
|-heal|p1a: Clefable|303\/393|[from] item: Leftovers
|turn|37
|
|move|p2a: Panic Button|Taunt|p1a: Clefable
|-start|p1a: Clefable|move: Taunt
|cant|p1a: Clefable|move: Taunt|Wish
|
|-heal|p1a: Clefable|327\/393|[from] item: Leftovers
|turn|38
|
|move|p2a: Panic Button|Iron Head|p1a: Clefable
|-supereffective|p1a: Clefable
|-damage|p1a: Clefable|159\/393
|move|p1a: Clefable|Moonblast|p2a: Panic Button
|-resisted|p2a: Panic Button
|-damage|p2a: Panic Button|55\/334
|
|-heal|p1a: Clefable|183\/393|[from] item: Leftovers
|turn|39
|join|Siliga
|
|move|p2a: Panic Button|Iron Head|p1a: Clefable
|-supereffective|p1a: Clefable
|-damage|p1a: Clefable|13\/393
|move|p1a: Clefable|Moonblast|p2a: Panic Button
|-resisted|p2a: Panic Button
|-damage|p2a: Panic Button|0 fnt
|faint|p2a: Panic Button
|
|-heal|p1a: Clefable|37\/393|[from] item: Leftovers
|-end|p1a: Clefable|move: Taunt
|join|Don't Get Swept
|join|Africans
|
|switch|p2a: Tinfoil Hat|Magnezone|125\/319 brn
|-damage|p2a: Tinfoil Hat|106\/319 brn|[from] Stealth Rock
|turn|40
|
|move|p1a: Clefable|Protect|p1a: Clefable
|-singleturn|p1a: Clefable|Protect
|move|p2a: Tinfoil Hat|Flash Cannon|p1a: Clefable
|-activate|p1a: Clefable|Protect
|
|-heal|p1a: Clefable|61\/393|[from] item: Leftovers
|-damage|p2a: Tinfoil Hat|67\/319 brn|[from] brn
|turn|41
|
|move|p1a: Clefable|Protect|p1a: Clefable
|-fail|p1a: Clefable
|move|p2a: Tinfoil Hat|Flash Cannon|p1a: Clefable
|-crit|p1a: Clefable
|-supereffective|p1a: Clefable
|-damage|p1a: Clefable|0 fnt
|faint|p1a: Clefable
|
|-damage|p2a: Tinfoil Hat|28\/319 brn|[from] brn
|
|switch|p1a: Rhyperior|Rhyperior, M|137\/433
|-damage|p1a: Rhyperior|110\/433|[from] Stealth Rock
|-damage|p1a: Rhyperior|38\/433|[from] Spikes
|turn|42
|
|move|p2a: Tinfoil Hat|Flash Cannon|p1a: Rhyperior
|-supereffective|p1a: Rhyperior
|-damage|p1a: Rhyperior|0 fnt
|faint|p1a: Rhyperior
|
|-damage|p2a: Tinfoil Hat|0 fnt|[from] brn
|faint|p2a: Tinfoil Hat
|c|âSharpteeth|gg
|
|switch|p2a: Rubber Duck|Latias, F|323\/344 tox
|switch|p1a: Bronzong|Bronzong|161\/337
|-damage|p2a: Rubber Duck|280\/344 tox|[from] Stealth Rock
|-damage|p1a: Bronzong|140\/337|[from] Stealth Rock
|turn|43
|c|âKioskate|gg
|
|move|p2a: Rubber Duck|Draco Meteor|p1a: Bronzong
|-resisted|p1a: Bronzong
|-damage|p1a: Bronzong|77\/337
|-unboost|p2a: Rubber Duck|spa|2
|move|p1a: Bronzong|Gyro Ball|p2a: Rubber Duck
|-damage|p2a: Rubber Duck|109\/344 tox
|
|-heal|p2a: Rubber Duck|130\/344 tox|[from] item: Leftovers
|-heal|p1a: Bronzong|98\/337|[from] item: Leftovers
|-damage|p2a: Rubber Duck|109\/344 tox|[from] psn
|turn|44
|
|move|p2a: Rubber Duck|Draco Meteor|p1a: Bronzong
|-resisted|p1a: Bronzong
|-damage|p1a: Bronzong|70\/337
|-unboost|p2a: Rubber Duck|spa|2
|move|p1a: Bronzong|Gyro Ball|p2a: Rubber Duck
|-damage|p2a: Rubber Duck|0 fnt
|faint|p2a: Rubber Duck
|
|win|Kioskate
|raw|Ladder updating...
|raw|Kioskate's rating: 1610 &rarr; <strong>1635<\/strong><br \/>(+25 for winning)
|raw|Sharpteeth's rating: 1689 &rarr; <strong>1665<\/strong><br \/>(-24 for losing)
|leave|Sharpteeth