|join|Kioskate
|join|Cheeseboy628
|player|p1|Kioskate|101
|player|p2|Cheeseboy628|284
|gametype|singles
|gen|6
|tier|OU
|rated
|clearpoke
|poke|p1|Clefable, F
|poke|p1|Sableye, M
|poke|p1|Bronzong
|poke|p1|Gyarados, F
|poke|p1|Skarmory, F
|poke|p1|Chansey, F
|poke|p2|Scizor, F
|poke|p2|Azumarill, M
|poke|p2|Latios, M
|poke|p2|Mamoswine, M
|poke|p2|Zapdos
|poke|p2|Clefable, F
|rule|Swagger Clause: Swagger is banned
|rule|Baton Pass Clause: Limit one PokÃ©mon knowing Baton Pass
|rule|Sleep Clause Mod: Limit one foe put to sleep
|rule|Species Clause: Limit one of each PokÃ©mon
|rule|OHKO Clause: OHKO moves are banned
|rule|Moody Clause: Moody is banned
|rule|Evasion Moves Clause: Evasion moves are banned
|rule|Endless Battle Clause: Forcing endless battles is banned
|rule|HP Percentage Mod: HP is shown in percentages
|teampreview
|
|start
|switch|p1a: Sableye|Sableye, M|303\/303
|switch|p2a: Zapdos|Zapdos|321\/321
|-ability|p2a: Zapdos|Pressure
|turn|1
|
|detailschange|p1a: Sableye|Sableye-Mega, M
|-mega|p1a: Sableye|Sableye|Sablenite
|move|p2a: Zapdos|Volt Switch|p1a: Sableye
|-damage|p1a: Sableye|195\/303
|
|switch|p2a: Clefable|Clefable, F|394\/394
|move|p1a: Sableye|Knock Off|p2a: Clefable
|-resisted|p2a: Clefable
|-damage|p2a: Clefable|347\/394
|-enditem|p2a: Clefable|Leftovers|[from] move: Knock Off|[of] p1a: Sableye
|
|turn|2
|
|switch|p2a: Azumarill|Azumarill, M|403\/403
|switch|p1a: Clefable|Clefable, F|393\/393
|
|turn|3
|
|move|p1a: Clefable|Thunder Wave|p2a: Azumarill
|-status|p2a: Azumarill|par
|move|p2a: Azumarill|Knock Off|p1a: Clefable
|-resisted|p1a: Clefable
|-damage|p1a: Clefable|299\/393
|-enditem|p1a: Clefable|Leftovers|[from] move: Knock Off|[of] p2a: Azumarill
|
|turn|4
|
|switch|p1a: Skarmory|Skarmory, F|333\/333
|move|p2a: Azumarill|Play Rough|p1a: Skarmory
|-resisted|p1a: Skarmory
|-damage|p1a: Skarmory|279\/333
|
|turn|5
|
|cant|p2a: Azumarill|par
|move|p1a: Skarmory|Counter|p2a: Azumarill
|-fail|p2a: Azumarill
|
|turn|6
|
|move|p1a: Skarmory|Roost|p1a: Skarmory
|-heal|p1a: Skarmory|333\/333
|move|p2a: Azumarill|Knock Off|p1a: Skarmory
|-damage|p1a: Skarmory|255\/333
|-enditem|p1a: Skarmory|Shed Shell|[from] move: Knock Off|[of] p2a: Azumarill
|
|turn|7
|
|switch|p2a: Zapdos|Zapdos|321\/321
|-ability|p2a: Zapdos|Pressure
|move|p1a: Skarmory|Roost|p1a: Skarmory
|-heal|p1a: Skarmory|333\/333
|
|turn|8
|
|switch|p1a: Chansey|Chansey, F|703\/703
|move|p2a: Zapdos|Volt Switch|p1a: Chansey
|-damage|p1a: Chansey|628\/703
|
|switch|p2a: Mamoswine|Mamoswine, M|361\/361
|
|turn|9
|
|switch|p1a: Bronzong|Bronzong|337\/337
|move|p2a: Mamoswine|Earthquake|p1a: Bronzong
|-immune|p1a: Bronzong|[msg]
|
|turn|10
|
|switch|p2a: Scizor|Scizor, F|343\/343
|switch|p1a: Sableye|Sableye-Mega, M|195\/303
|
|turn|11
|
|switch|p2a: Clefable|Clefable, F|347\/394
|move|p1a: Sableye|Will-O-Wisp|p2a: Clefable
|-status|p2a: Clefable|brn
|
|turn|12
|
|switch|p2a: Azumarill|Azumarill, M|403\/403 par
|switch|p1a: Chansey|Chansey, F|628\/703
|
|turn|13
|
|switch|p1a: Skarmory|Skarmory, F|333\/333
|switch|p2a: Scizor|Scizor, F|343\/343
|
|turn|14
|
|detailschange|p2a: Scizor|Scizor-Mega, F
|-mega|p2a: Scizor|Scizor|Scizorite
|move|p2a: Scizor|Swords Dance|p2a: Scizor
|-boost|p2a: Scizor|atk|2
|move|p1a: Skarmory|Counter|p2a: Scizor
|-fail|p2a: Scizor
|
|turn|15
|
|move|p2a: Scizor|Swords Dance|p2a: Scizor
|-boost|p2a: Scizor|atk|2
|move|p1a: Skarmory|Counter|p2a: Scizor
|-fail|p2a: Scizor
|
|turn|16
|
|move|p2a: Scizor|Swords Dance|p2a: Scizor
|-boost|p2a: Scizor|atk|2
|move|p1a: Skarmory|Whirlwind|p2a: Scizor
|drag|p2a: Zapdos|Zapdos|321\/321
|-ability|p2a: Zapdos|Pressure
|
|turn|17
|
|switch|p1a: Chansey|Chansey, F|628\/703
|move|p2a: Zapdos|Volt Switch|p1a: Chansey
|-damage|p1a: Chansey|547\/703
|
|switch|p2a: Mamoswine|Mamoswine, M|361\/361
|
|turn|18
|
|switch|p1a: Sableye|Sableye-Mega, M|195\/303
|move|p2a: Mamoswine|Earthquake|p1a: Sableye
|-damage|p1a: Sableye|80\/303
|
|turn|19
|
|move|p2a: Mamoswine|Stealth Rock|p1a: Sableye
|move|p1a: Sableye|Stealth Rock|p2a: Mamoswine|[from]Magic Bounce
|-sidestart|p2: Cheeseboy628|move: Stealth Rock
|move|p1a: Sableye|Recover|p1a: Sableye
|-heal|p1a: Sableye|232\/303
|
|turn|20
|
|switch|p2a: Clefable|Clefable, F|347\/394 brn
|move|p1a: Sableye|Recover|p1a: Sableye
|-heal|p1a: Sableye|303\/303
|
|turn|21
|
|switch|p1a: Chansey|Chansey, F|547\/703
|move|p2a: Clefable|Wish|p2a: Clefable
|
|turn|22
|
|switch|p2a: Latios|Latios, M|301\/301
|-damage|p2a: Latios|264\/301|[from] Stealth Rock
|move|p1a: Chansey|Soft-Boiled|p1a: Chansey
|-heal|p1a: Chansey|703\/703
|
|-heal|p2a: Latios|301\/301|[from] move: Wish|[wisher] Clefable
|turn|23
|
|switch|p1a: Bronzong|Bronzong|337\/337
|move|p2a: Latios|Defog|p1a: Bronzong
|-unboost|p1a: Bronzong|evasion|1
|-sideend|p2: Cheeseboy628|Stealth Rock|[from] move: Defog|[of] p2a: Latios
|
|turn|24
|
|switch|p2a: Scizor|Scizor-Mega, F|343\/343
|move|p1a: Bronzong|Stealth Rock|p2a: Scizor
|-sidestart|p2: Cheeseboy628|move: Stealth Rock
|
|turn|25
|
|switch|p2a: Latios|Latios, M|301\/301
|-damage|p2a: Latios|264\/301|[from] Stealth Rock
|switch|p1a: Sableye|Sableye-Mega, M|303\/303
|
|turn|26
|
|switch|p1a: Bronzong|Bronzong|337\/337
|move|p2a: Latios|Draco Meteor|p1a: Bronzong
|-resisted|p1a: Bronzong
|-damage|p1a: Bronzong|233\/337
|-unboost|p2a: Latios|spa|2
|-damage|p2a: Latios|234\/301|[from] item: Life Orb
|
|-heal|p1a: Bronzong|254\/337|[from] item: Leftovers
|turn|27
|
|move|p2a: Latios|Defog|p1a: Bronzong
|-unboost|p1a: Bronzong|evasion|1
|-sideend|p2: Cheeseboy628|Stealth Rock|[from] move: Defog|[of] p2a: Latios
|move|p1a: Bronzong|Gyro Ball|p2a: Latios
|-damage|p2a: Latios|47\/301
|
|-heal|p1a: Bronzong|275\/337|[from] item: Leftovers
|turn|28
|
|switch|p2a: Scizor|Scizor-Mega, F|343\/343
|move|p1a: Bronzong|Stealth Rock|p2a: Scizor
|-sidestart|p2: Cheeseboy628|move: Stealth Rock
|
|-heal|p1a: Bronzong|296\/337|[from] item: Leftovers
|turn|29
|
|switch|p1a: Sableye|Sableye-Mega, M|303\/303
|move|p2a: Scizor|Swords Dance|p2a: Scizor
|-boost|p2a: Scizor|atk|2
|
|turn|30
|
|move|p2a: Scizor|Bug Bite|p1a: Sableye
|-damage|p1a: Sableye|72\/303
|move|p1a: Sableye|Will-O-Wisp|p2a: Scizor
|-status|p2a: Scizor|brn
|
|-damage|p2a: Scizor|301\/343 brn|[from] brn
|turn|31
|
|switch|p1a: Gyarados|Gyarados, F|352\/352
|-ability|p1a: Gyarados|Intimidate|[of] p2a: Scizor
|-unboost|p2a: Scizor|atk|1
|move|p2a: Scizor|Knock Off|p1a: Gyarados
|-damage|p1a: Gyarados|228\/352
|-enditem|p1a: Gyarados|Leftovers|[from] move: Knock Off|[of] p2a: Scizor
|
|-damage|p2a: Scizor|259\/343 brn|[from] brn
|turn|32
|
|move|p1a: Gyarados|Waterfall|p2a: Scizor
|-damage|p2a: Scizor|162\/343 brn
|cant|p2a: Scizor|flinch
|
|-damage|p2a: Scizor|120\/343 brn|[from] brn
|turn|33
|
|move|p1a: Gyarados|Waterfall|p2a: Scizor
|-damage|p2a: Scizor|32\/343 brn
|move|p2a: Scizor|Knock Off|p1a: Gyarados
|-damage|p1a: Gyarados|148\/352
|
|-damage|p2a: Scizor|0 fnt|[from] brn
|faint|p2a: Scizor
|
|switch|p2a: Latios|Latios, M|47\/301
|-damage|p2a: Latios|10\/301|[from] Stealth Rock
|turn|34
|
|switch|p1a: Bronzong|Bronzong|296\/337
|move|p2a: Latios|Defog|p1a: Bronzong
|-unboost|p1a: Bronzong|evasion|1
|-sideend|p2: Cheeseboy628|Stealth Rock|[from] move: Defog|[of] p2a: Latios
|
|-heal|p1a: Bronzong|317\/337|[from] item: Leftovers
|turn|35
|
|switch|p2a: Mamoswine|Mamoswine, M|361\/361
|move|p1a: Bronzong|Stealth Rock|p2a: Mamoswine
|-sidestart|p2: Cheeseboy628|move: Stealth Rock
|
|-heal|p1a: Bronzong|337\/337|[from] item: Leftovers
|turn|36
|
|move|p2a: Mamoswine|Stealth Rock|p1a: Bronzong
|-sidestart|p1: Kioskate|move: Stealth Rock
|move|p1a: Bronzong|Gyro Ball|p2a: Mamoswine
|-supereffective|p2a: Mamoswine
|-damage|p2a: Mamoswine|77\/361
|
|turn|37
|
|switch|p2a: Clefable|Clefable, F|347\/394 brn
|move|p1a: Bronzong|Toxic|p2a: Clefable
|-fail|p2a: Clefable
|
|turn|38
|
|switch|p2a: Azumarill|Azumarill, M|403\/403 par
|-damage|p2a: Azumarill|353\/403 par|[from] Stealth Rock
|move|p1a: Bronzong|Gyro Ball|p2a: Azumarill
|-damage|p2a: Azumarill|334\/403 par
|
|turn|39
|
|switch|p1a: Skarmory|Skarmory, F|333\/333
|-damage|p1a: Skarmory|292\/333|[from] Stealth Rock
|cant|p2a: Azumarill|par
|
|turn|40
|
|switch|p2a: Clefable|Clefable, F|347\/394 brn
|move|p1a: Skarmory|Whirlwind|p2a: Clefable
|drag|p2a: Zapdos|Zapdos|321\/321
|-damage|p2a: Zapdos|241\/321|[from] Stealth Rock
|-ability|p2a: Zapdos|Pressure
|
|turn|41
|
|switch|p1a: Chansey|Chansey, F|703\/703
|-damage|p1a: Chansey|616\/703|[from] Stealth Rock
|move|p2a: Zapdos|Volt Switch|p1a: Chansey
|-damage|p1a: Chansey|543\/703
|
|switch|p2a: Azumarill|Azumarill, M|334\/403 par
|-damage|p2a: Azumarill|284\/403 par|[from] Stealth Rock
|
|turn|42
|
|switch|p1a: Skarmory|Skarmory, F|292\/333
|-damage|p1a: Skarmory|251\/333|[from] Stealth Rock
|move|p2a: Azumarill|Knock Off|p1a: Skarmory
|-damage|p1a: Skarmory|195\/333
|
|turn|43
|
|move|p1a: Skarmory|Roost|p1a: Skarmory
|-heal|p1a: Skarmory|333\/333
|move|p2a: Azumarill|Waterfall|p1a: Skarmory
|-damage|p1a: Skarmory|228\/333
|
|turn|44
|
|move|p2a: Azumarill|Waterfall|p1a: Skarmory
|-damage|p1a: Skarmory|119\/333
|cant|p1a: Skarmory|flinch
|
|turn|45
|
|move|p1a: Skarmory|Roost|p1a: Skarmory
|-heal|p1a: Skarmory|286\/333
|move|p2a: Azumarill|Waterfall|p1a: Skarmory
|-damage|p1a: Skarmory|177\/333
|
|turn|46
|
|move|p1a: Skarmory|Roost|p1a: Skarmory
|-heal|p1a: Skarmory|333\/333
|move|p2a: Azumarill|Waterfall|p1a: Skarmory
|-damage|p1a: Skarmory|225\/333
|
|turn|47
|
|move|p2a: Azumarill|Waterfall|p1a: Skarmory
|-damage|p1a: Skarmory|125\/333
|move|p1a: Skarmory|Counter|p2a: Azumarill
|-damage|p2a: Azumarill|84\/403 par
|
|turn|48
|
|move|p1a: Skarmory|Roost|p1a: Skarmory
|-heal|p1a: Skarmory|292\/333
|move|p2a: Azumarill|Waterfall|p1a: Skarmory
|-damage|p1a: Skarmory|190\/333
|
|turn|49
|
|move|p1a: Skarmory|Roost|p1a: Skarmory
|-heal|p1a: Skarmory|333\/333
|move|p2a: Azumarill|Waterfall|p1a: Skarmory
|-damage|p1a: Skarmory|227\/333
|
|turn|50
|
|move|p2a: Azumarill|Waterfall|p1a: Skarmory
|-damage|p1a: Skarmory|130\/333
|move|p1a: Skarmory|Counter|p2a: Azumarill
|-damage|p2a: Azumarill|0 fnt
|faint|p2a: Azumarill
|
|
|switch|p2a: Zapdos|Zapdos|241\/321
|-damage|p2a: Zapdos|161\/321|[from] Stealth Rock
|-ability|p2a: Zapdos|Pressure
|turn|51
|
|switch|p1a: Chansey|Chansey, F|543\/703
|-damage|p1a: Chansey|456\/703|[from] Stealth Rock
|move|p2a: Zapdos|Volt Switch|p1a: Chansey
|-damage|p1a: Chansey|384\/703
|
|switch|p2a: Mamoswine|Mamoswine, M|77\/361
|-damage|p2a: Mamoswine|32\/361|[from] Stealth Rock
|
|turn|52
|
|switch|p1a: Bronzong|Bronzong|337\/337
|-damage|p1a: Bronzong|316\/337|[from] Stealth Rock
|move|p2a: Mamoswine|Icicle Spear|p1a: Bronzong
|-resisted|p1a: Bronzong
|-damage|p1a: Bronzong|296\/337
|-resisted|p1a: Bronzong
|-damage|p1a: Bronzong|275\/337
|-hitcount|p1a: Bronzong|2
|
|-heal|p1a: Bronzong|296\/337|[from] item: Leftovers
|turn|53
|-message|Cheeseboy628 forfeited.
|leave|Cheeseboy628
|
|win|Kioskate
|raw|Ladder updating...
|player|p2
|raw|Kioskate's rating: 1351 &rarr; <strong>1371<\/strong><br \/>(+20 for winning)
|raw|Cheeseboy628's rating: 1346 &rarr; <strong>1326<\/strong><br \/>(-20 for losing)