|join|Katrinaprime
|join|Kioskate
|player|p1|Katrinaprime|260
|player|p2|Kioskate|1
|gametype|singles
|gen|6
|tier|OU
|rated
|clearpoke
|poke|p1|Galvantula, F, shiny
|poke|p1|Excadrill, M
|poke|p1|Gothitelle, F
|poke|p1|Garchomp, M, shiny
|poke|p1|Tyranitar, M
|poke|p1|Charizard, F, shiny
|poke|p2|Clefable, M
|poke|p2|Sableye, F
|poke|p2|Bronzong
|poke|p2|Gyarados, F
|poke|p2|Skarmory, M
|poke|p2|Chansey, F
|rule|Swagger Clause: Swagger is banned
|rule|Baton Pass Clause: Limit one PokÃ©mon knowing Baton Pass
|rule|Sleep Clause Mod: Limit one foe put to sleep
|rule|Species Clause: Limit one of each PokÃ©mon
|rule|OHKO Clause: OHKO moves are banned
|rule|Moody Clause: Moody is banned
|rule|Evasion Moves Clause: Evasion moves are banned
|rule|Endless Battle Clause: Forcing endless battles is banned
|rule|HP Percentage Mod: HP is shown in percentages
|teampreview
|
|start
|switch|p1a: Kumonga|Galvantula, F, shiny|281\/281
|switch|p2a: Sableye|Sableye, F|303\/303
|turn|1
|
|detailschange|p2a: Sableye|Sableye-Mega, F
|-mega|p2a: Sableye|Sableye|Sablenite
|move|p2a: Sableye|Will-O-Wisp|p1a: Kumonga
|-status|p1a: Kumonga|brn
|move|p1a: Kumonga|Thunder|p2a: Sableye
|-damage|p2a: Sableye|168\/303
|
|-damage|p1a: Kumonga|246\/281 brn|[from] brn
|turn|2
|
|move|p1a: Kumonga|Thunder|p2a: Sableye
|-damage|p2a: Sableye|23\/303
|-status|p2a: Sableye|par
|move|p2a: Sableye|Recover|p2a: Sableye
|-heal|p2a: Sableye|175\/303 par
|
|-damage|p1a: Kumonga|211\/281 brn|[from] brn
|turn|3
|
|move|p1a: Kumonga|Thunder|p2a: Sableye
|-damage|p2a: Sableye|39\/303 par
|move|p2a: Sableye|Recover|p2a: Sableye
|-heal|p2a: Sableye|191\/303 par
|
|-damage|p1a: Kumonga|176\/281 brn|[from] brn
|turn|4
|
|switch|p2a: Chansey|Chansey, F|703\/703
|move|p1a: Kumonga|Thunder|p2a: Chansey
|-damage|p2a: Chansey|606\/703
|
|-damage|p1a: Kumonga|141\/281 brn|[from] brn
|turn|5
|
|switch|p2a: Sableye|Sableye-Mega, F|191\/303 par
|move|p1a: Kumonga|Thunder Wave|p2a: Sableye
|move|p2a: Sableye|Thunder Wave|p1a: Kumonga|[from]Magic Bounce
|-fail|p1a: Kumonga
|
|-damage|p1a: Kumonga|106\/281 brn|[from] brn
|turn|6
|
|move|p1a: Kumonga|Thunder|p2a: Sableye
|-damage|p2a: Sableye|47\/303 par
|move|p2a: Sableye|Recover|p2a: Sableye
|-heal|p2a: Sableye|199\/303 par
|
|-damage|p1a: Kumonga|71\/281 brn|[from] brn
|turn|7
|
|switch|p2a: Chansey|Chansey, F|606\/703
|move|p1a: Kumonga|Bug Buzz|p2a: Chansey
|-damage|p2a: Chansey|527\/703
|-unboost|p2a: Chansey|spd|1
|
|-damage|p1a: Kumonga|36\/281 brn|[from] brn
|turn|8
|
|switch|p2a: Clefable|Clefable, M|393\/393
|move|p1a: Kumonga|Thunder Wave|p2a: Clefable
|-status|p2a: Clefable|par
|
|-damage|p1a: Kumonga|1\/281 brn|[from] brn
|turn|9
|
|switch|p2a: Sableye|Sableye-Mega, F|199\/303 par
|move|p1a: Kumonga|Thunder|p2a: Sableye
|-damage|p2a: Sableye|54\/303 par
|
|-damage|p1a: Kumonga|0 fnt|[from] brn
|faint|p1a: Kumonga
|
|switch|p1a: Miki|Charizard, F, shiny|297\/297
|turn|10
|c|âKioskate|!compound eyes
|c|âKioskate|!dt compound eyes
|c|~|\/data-ability Compound Eyes
|raw|<font size="1"><\/font>
|
|switch|p2a: Chansey|Chansey, F|527\/703
|detailschange|p1a: Miki|Charizard-Mega-Y, F, shiny
|-mega|p1a: Miki|Charizard|Charizardite Y
|-weather|SunnyDay
|move|p1a: Miki|Flamethrower|p2a: Chansey
|-damage|p2a: Chansey|353\/703
|
|-weather|SunnyDay|[upkeep]
|turn|11
|
|switch|p1a: Gothitelle|Gothitelle, F|281\/281
|move|p2a: Chansey|Soft-Boiled|p2a: Chansey
|-heal|p2a: Chansey|703\/703
|
|-weather|SunnyDay|[upkeep]
|turn|12
|
|move|p1a: Gothitelle|Trick|p2a: Chansey
|-activate|p1a: Gothitelle|move: Trick|[of] p2a: Chansey
|-item|p2a: Chansey|Choice Specs|[from] move: Trick
|-item|p1a: Gothitelle|Eviolite|[from] move: Trick
|move|p2a: Chansey|Seismic Toss|p1a: Gothitelle
|-damage|p1a: Gothitelle|181\/281
|
|-weather|SunnyDay|[upkeep]
|turn|13
|
|move|p1a: Gothitelle|Psyshock|p2a: Chansey
|-damage|p2a: Chansey|471\/703
|move|p2a: Chansey|Seismic Toss|p1a: Gothitelle
|-damage|p1a: Gothitelle|81\/281
|
|-weather|SunnyDay|[upkeep]
|turn|14
|
|move|p1a: Gothitelle|Psyshock|p2a: Chansey
|-damage|p2a: Chansey|216\/703
|move|p2a: Chansey|Seismic Toss|p1a: Gothitelle
|-damage|p1a: Gothitelle|0 fnt
|faint|p1a: Gothitelle
|
|-weather|none
|
|switch|p1a: Ripster|Garchomp, M, shiny|358\/358
|turn|15
|
|switch|p2a: Sableye|Sableye-Mega, F|54\/303 par
|move|p1a: Ripster|Swords Dance|p1a: Ripster
|-boost|p1a: Ripster|atk|2
|
|turn|16
|
|move|p1a: Ripster|Dragon Claw|p2a: Sableye
|-damage|p2a: Sableye|0 fnt
|faint|p2a: Sableye
|
|
|switch|p2a: Skarmory|Skarmory, M|333\/333
|turn|17
|
|move|p1a: Ripster|Stone Edge|p2a: Skarmory
|-damage|p2a: Skarmory|185\/333
|move|p2a: Skarmory|Counter|p1a: Ripster
|-damage|p1a: Ripster|62\/358
|-damage|p2a: Skarmory|144\/333|[from] ability: Rough Skin|[of] p1a: Ripster
|
|turn|18
|
|move|p1a: Ripster|Stone Edge|p2a: Skarmory
|-damage|p2a: Skarmory|8\/333
|move|p2a: Skarmory|Roost|p2a: Skarmory
|-heal|p2a: Skarmory|175\/333
|
|turn|19
|
|move|p1a: Ripster|Swords Dance|p1a: Ripster
|-boost|p1a: Ripster|atk|2
|move|p2a: Skarmory|Counter|p1a: Ripster
|-fail|p1a: Ripster
|
|turn|20
|
|move|p1a: Ripster|Stone Edge|p2a: Skarmory
|-damage|p2a: Skarmory|0 fnt
|faint|p2a: Skarmory
|
|
|switch|p2a: Bronzong|Bronzong|337\/337
|turn|21
|
|move|p1a: Ripster|Dragon Claw|p2a: Bronzong
|-crit|p2a: Bronzong
|-resisted|p2a: Bronzong
|-damage|p2a: Bronzong|53\/337
|move|p2a: Bronzong|Gyro Ball|p1a: Ripster
|-damage|p1a: Ripster|0 fnt
|-damage|p2a: Bronzong|11\/337|[from] ability: Rough Skin|[of] p1a: Ripster
|faint|p1a: Ripster
|
|-heal|p2a: Bronzong|32\/337|[from] item: Leftovers
|
|switch|p1a: Godzilla|Tyranitar, M|403\/403
|-weather|Sandstorm
|turn|22
|
|move|p1a: Godzilla|Stealth Rock|p2a: Bronzong
|-sidestart|p2: Kioskate|move: Stealth Rock
|move|p2a: Bronzong|Gyro Ball|p1a: Godzilla
|-supereffective|p1a: Godzilla
|-damage|p1a: Godzilla|295\/403
|
|-weather|Sandstorm|[upkeep]
|-heal|p1a: Godzilla|320\/403|[from] item: Leftovers
|-heal|p2a: Bronzong|53\/337|[from] item: Leftovers
|turn|23
|
|switch|p1a: Miki|Charizard-Mega-Y, F, shiny|297\/297
|-weather|SunnyDay
|move|p2a: Bronzong|Stealth Rock|p1a: Miki
|-sidestart|p1: Katrinaprime|move: Stealth Rock
|
|-weather|SunnyDay|[upkeep]
|-heal|p2a: Bronzong|74\/337|[from] item: Leftovers
|turn|24
|
|move|p1a: Miki|Flamethrower|p2a: Bronzong
|-supereffective|p2a: Bronzong
|-damage|p2a: Bronzong|0 fnt
|faint|p2a: Bronzong
|
|-weather|SunnyDay|[upkeep]
|
|switch|p2a: Gyarados|Gyarados, F|352\/352
|-damage|p2a: Gyarados|264\/352|[from] Stealth Rock
|-ability|p2a: Gyarados|Intimidate|[of] p1a: Miki
|-unboost|p1a: Miki|atk|1
|turn|25
|
|move|p1a: Miki|Solar Beam|p2a: Gyarados|[still]
|-prepare|p1a: Miki|Solar Beam|p2a: Gyarados
|-anim|p1a: Miki|Solar Beam|p2a: Gyarados
|-damage|p2a: Gyarados|101\/352
|move|p2a: Gyarados|Dragon Dance|p2a: Gyarados
|-boost|p2a: Gyarados|atk|1
|-boost|p2a: Gyarados|spe|1
|
|-weather|SunnyDay|[upkeep]
|-heal|p2a: Gyarados|123\/352|[from] item: Leftovers
|turn|26
|
|move|p2a: Gyarados|Rest|p2a: Gyarados
|-status|p2a: Gyarados|slp
|-heal|p2a: Gyarados|352\/352 slp|[silent]
|-status|p2a: Gyarados|slp|[from] move: Rest
|move|p1a: Miki|Solar Beam|p2a: Gyarados|[still]
|-prepare|p1a: Miki|Solar Beam|p2a: Gyarados
|-anim|p1a: Miki|Solar Beam|p2a: Gyarados
|-damage|p2a: Gyarados|189\/352 slp
|
|-weather|SunnyDay|[upkeep]
|-heal|p2a: Gyarados|211\/352 slp|[from] item: Leftovers
|turn|27
|
|move|p1a: Miki|Solar Beam|p2a: Gyarados|[still]
|-prepare|p1a: Miki|Solar Beam|p2a: Gyarados
|-anim|p1a: Miki|Solar Beam|p2a: Gyarados
|-damage|p2a: Gyarados|46\/352 slp
|cant|p2a: Gyarados|slp
|move|p2a: Gyarados|Sleep Talk|p2a: Gyarados
|move|p2a: Gyarados|Dragon Dance|p2a: Gyarados|[from]Sleep Talk
|-boost|p2a: Gyarados|atk|1
|-boost|p2a: Gyarados|spe|1
|
|-weather|none
|-heal|p2a: Gyarados|68\/352 slp|[from] item: Leftovers
|turn|28
|
|cant|p2a: Gyarados|slp
|move|p2a: Gyarados|Sleep Talk|p2a: Gyarados
|move|p2a: Gyarados|Rest|p2a: Gyarados|[from]Sleep Talk
|-fail|p2a: Gyarados
|move|p1a: Miki|Flamethrower|p2a: Gyarados
|-resisted|p2a: Gyarados
|-damage|p2a: Gyarados|0 fnt
|faint|p2a: Gyarados
|
|-message|Kioskate forfeited.
|
|win|Katrinaprime
|raw|Ladder updating...
|leave|Kioskate
|player|p2
|raw|Katrinaprime's rating: 1441 &rarr; <strong>1461<\/strong><br \/>(+20 for winning)
|raw|Kioskate's rating: 1455 &rarr; <strong>1434<\/strong><br \/>(-21 for losing)