|join|Kioskate
|join|foncused
|player|p1|Kioskate|102
|player|p2|foncused|170
|gametype|singles
|gen|6
|tier|OU
|rated
|clearpoke
|poke|p1|Gothitelle, F
|poke|p1|Sableye, F
|poke|p1|Jirachi
|poke|p1|Alomomola, M
|poke|p1|Skarmory, M
|poke|p1|Chansey, F
|poke|p2|Heracross, M
|poke|p2|Lopunny, F
|poke|p2|Infernape, M
|poke|p2|Latios, M
|poke|p2|Raikou
|poke|p2|Landorus-Therian, M
|rule|Swagger Clause: Swagger is banned
|rule|Baton Pass Clause: Limit one PokÃ©mon knowing Baton Pass
|rule|Sleep Clause Mod: Limit one foe put to sleep
|rule|Species Clause: Limit one of each PokÃ©mon
|rule|OHKO Clause: OHKO moves are banned
|rule|Moody Clause: Moody is banned
|rule|Evasion Moves Clause: Evasion moves are banned
|rule|Endless Battle Clause: Forcing endless battles is banned
|rule|HP Percentage Mod: HP is shown in percentages
|teampreview
|
|start
|switch|p1a: Gothitelle|Gothitelle, F|344\/344
|switch|p2a: Heracross|Heracross, M|308\/308
|turn|1
|
|switch|p1a: Skarmory|Skarmory, M|333\/333
|move|p2a: Heracross|Knock Off|p1a: Skarmory
|-damage|p1a: Skarmory|224\/333
|-enditem|p1a: Skarmory|Shed Shell|[from] move: Knock Off|[of] p2a: Heracross
|
|turn|2
|
|switch|p2a: Infernape|Infernape, M|293\/293
|move|p1a: Skarmory|Roost|p1a: Skarmory
|-heal|p1a: Skarmory|333\/333
|
|turn|3
|
|switch|p1a: Alomomola|Alomomola, M|533\/533
|move|p2a: Infernape|Stealth Rock|p1a: Alomomola
|-sidestart|p1: Kioskate|move: Stealth Rock
|
|turn|4
|
|switch|p2a: Heracross|Heracross, M|308\/308
|move|p1a: Alomomola|Toxic|p2a: Heracross
|-status|p2a: Heracross|tox
|
|-damage|p2a: Heracross|289\/308 tox|[from] psn
|turn|5
|
|move|p1a: Alomomola|Protect|p1a: Alomomola
|-singleturn|p1a: Alomomola|Protect
|move|p2a: Heracross|Close Combat|p1a: Alomomola
|-activate|p1a: Alomomola|Protect
|
|-damage|p2a: Heracross|251\/308 tox|[from] psn
|turn|6
|
|switch|p2a: Raikou|Raikou|321\/321
|-ability|p2a: Raikou|Pressure
|switch|p1a: Sableye|Sableye, F|303\/303
|-damage|p1a: Sableye|266\/303|[from] Stealth Rock
|
|turn|7
|
|detailschange|p1a: Sableye|Sableye-Mega, F
|-mega|p1a: Sableye|Sableye|Sablenite
|move|p2a: Raikou|Volt Switch|p1a: Sableye
|-damage|p1a: Sableye|157\/303
|
|switch|p2a: Lopunny|Lopunny, F|271\/271
|move|p1a: Sableye|Knock Off|p2a: Lopunny
|-crit|p2a: Lopunny
|-damage|p2a: Lopunny|144\/271
|
|turn|8
|
|switch|p1a: Skarmory|Skarmory, M|333\/333
|-damage|p1a: Skarmory|292\/333|[from] Stealth Rock
|detailschange|p2a: Lopunny|Lopunny-Mega, F
|-mega|p2a: Lopunny|Lopunny|Lopunnite
|move|p2a: Lopunny|High Jump Kick|p1a: Skarmory
|-damage|p1a: Skarmory|159\/333
|
|turn|9
|
|switch|p2a: Raikou|Raikou|321\/321
|-ability|p2a: Raikou|Pressure
|move|p1a: Skarmory|Roost|p1a: Skarmory
|-heal|p1a: Skarmory|326\/333
|
|turn|10
|
|switch|p1a: Chansey|Chansey, F|703\/703
|-damage|p1a: Chansey|616\/703|[from] Stealth Rock
|move|p2a: Raikou|Volt Switch|p1a: Chansey
|-damage|p1a: Chansey|540\/703
|
|switch|p2a: Heracross|Heracross, M|251\/308 tox
|
|-damage|p2a: Heracross|232\/308 tox|[from] psn
|turn|11
|
|switch|p1a: Skarmory|Skarmory, M|326\/333
|-damage|p1a: Skarmory|285\/333|[from] Stealth Rock
|move|p2a: Heracross|Megahorn|p1a: Skarmory
|-resisted|p1a: Skarmory
|-damage|p1a: Skarmory|216\/333
|
|-damage|p2a: Heracross|194\/308 tox|[from] psn
|turn|12
|
|switch|p2a: Raikou|Raikou|321\/321
|-ability|p2a: Raikou|Pressure
|move|p1a: Skarmory|Defog|p2a: Raikou
|-unboost|p2a: Raikou|evasion|1
|-sideend|p1: Kioskate|Stealth Rock|[from] move: Defog|[of] p1a: Skarmory
|
|turn|13
|
|switch|p1a: Chansey|Chansey, F|540\/703
|move|p2a: Raikou|Volt Switch|p1a: Chansey
|-damage|p1a: Chansey|468\/703
|
|switch|p2a: Heracross|Heracross, M|194\/308 tox
|
|-damage|p2a: Heracross|175\/308 tox|[from] psn
|turn|14
|
|switch|p1a: Alomomola|Alomomola, M|533\/533
|move|p2a: Heracross|Close Combat|p1a: Alomomola
|-damage|p1a: Alomomola|133\/533
|-damage|p2a: Heracross|124\/308 tox|[from] item: Rocky Helmet|[of] p1a: Alomomola
|-unboost|p2a: Heracross|def|1
|-unboost|p2a: Heracross|spd|1
|
|-damage|p2a: Heracross|86\/308 tox|[from] psn
|turn|15
|
|switch|p2a: Raikou|Raikou|321\/321
|-ability|p2a: Raikou|Pressure
|move|p1a: Alomomola|Wish|p1a: Alomomola
|
|turn|16
|
|move|p1a: Alomomola|Protect|p1a: Alomomola
|-singleturn|p1a: Alomomola|Protect
|move|p2a: Raikou|Thunderbolt|p1a: Alomomola
|-activate|p1a: Alomomola|Protect
|
|-heal|p1a: Alomomola|399\/533|[from] move: Wish|[wisher] Alomomola
|turn|17
|
|switch|p1a: Chansey|Chansey, F|468\/703
|move|p2a: Raikou|Volt Switch|p1a: Chansey
|-damage|p1a: Chansey|390\/703
|
|switch|p2a: Lopunny|Lopunny-Mega, F|144\/271
|
|turn|18
|
|switch|p1a: Alomomola|Alomomola, M|533\/533
|move|p2a: Lopunny|High Jump Kick|p1a: Alomomola
|-damage|p1a: Alomomola|320\/533
|-damage|p2a: Lopunny|99\/271|[from] item: Rocky Helmet|[of] p1a: Alomomola
|
|turn|19
|
|switch|p2a: Raikou|Raikou|321\/321
|-ability|p2a: Raikou|Pressure
|switch|p1a: Skarmory|Skarmory, M|216\/333
|
|turn|20
|
|switch|p1a: Chansey|Chansey, F|390\/703
|move|p2a: Raikou|Volt Switch|p1a: Chansey
|-damage|p1a: Chansey|315\/703
|
|switch|p2a: Heracross|Heracross, M|86\/308 tox
|
|-damage|p2a: Heracross|67\/308 tox|[from] psn
|turn|21
|
|switch|p1a: Alomomola|Alomomola, M|497\/533
|move|p2a: Heracross|Close Combat|p1a: Alomomola
|-damage|p1a: Alomomola|61\/533
|-damage|p2a: Heracross|16\/308 tox|[from] item: Rocky Helmet|[of] p1a: Alomomola
|-unboost|p2a: Heracross|def|1
|-unboost|p2a: Heracross|spd|1
|
|-damage|p2a: Heracross|0 fnt|[from] psn
|faint|p2a: Heracross
|
|switch|p2a: Raikou|Raikou|321\/321
|-ability|p2a: Raikou|Pressure
|turn|22
|
|move|p1a: Alomomola|Protect|p1a: Alomomola
|-singleturn|p1a: Alomomola|Protect
|move|p2a: Raikou|Volt Switch|p1a: Alomomola
|-activate|p1a: Alomomola|Protect
|
|turn|23
|
|switch|p1a: Jirachi|Jirachi|403\/403
|move|p2a: Raikou|Volt Switch|p1a: Jirachi
|-damage|p1a: Jirachi|318\/403
|
|switch|p2a: Infernape|Infernape, M|293\/293
|
|-heal|p1a: Jirachi|343\/403|[from] item: Leftovers
|turn|24
|
|switch|p1a: Sableye|Sableye-Mega, F|157\/303
|move|p2a: Infernape|Flamethrower|p1a: Sableye
|-damage|p1a: Sableye|63\/303
|-status|p1a: Sableye|brn
|
|-damage|p1a: Sableye|26\/303 brn|[from] brn
|turn|25
|
|move|p2a: Infernape|Flamethrower|p1a: Sableye
|-damage|p1a: Sableye|0 fnt
|faint|p1a: Sableye
|
|
|switch|p1a: Chansey|Chansey, F|315\/703
|turn|26
|
|move|p2a: Infernape|Close Combat|p1a: Chansey
|-supereffective|p1a: Chansey
|-damage|p1a: Chansey|0 fnt
|-unboost|p2a: Infernape|def|1
|-unboost|p2a: Infernape|spd|1
|faint|p1a: Chansey
|
|
|switch|p1a: Gothitelle|Gothitelle, F|344\/344
|turn|27
|
|move|p2a: Infernape|Flamethrower|p1a: Gothitelle
|-damage|p1a: Gothitelle|271\/344
|-status|p1a: Gothitelle|brn
|move|p1a: Gothitelle|Trick|p2a: Infernape
|-activate|p1a: Gothitelle|move: Trick|[of] p2a: Infernape
|-item|p2a: Infernape|Choice Scarf|[from] move: Trick
|-item|p1a: Gothitelle|Focus Sash|[from] move: Trick
|
|-damage|p1a: Gothitelle|228\/344 brn|[from] brn
|turn|28
|
|move|p2a: Infernape|Flamethrower|p1a: Gothitelle
|-damage|p1a: Gothitelle|147\/344 brn
|move|p1a: Gothitelle|Rest|p1a: Gothitelle
|-status|p1a: Gothitelle|slp
|-heal|p1a: Gothitelle|344\/344 slp|[silent]
|-status|p1a: Gothitelle|slp|[from] move: Rest
|
|turn|29
|
|move|p2a: Infernape|Flamethrower|p1a: Gothitelle
|-damage|p1a: Gothitelle|271\/344 slp
|cant|p1a: Gothitelle|slp
|
|turn|30
|
|move|p2a: Infernape|Flamethrower|p1a: Gothitelle
|-damage|p1a: Gothitelle|196\/344 slp
|cant|p1a: Gothitelle|slp
|
|turn|31
|
|move|p2a: Infernape|Flamethrower|p1a: Gothitelle
|-damage|p1a: Gothitelle|120\/344 slp
|-curestatus|p1a: Gothitelle|slp
|move|p1a: Gothitelle|Calm Mind|p1a: Gothitelle
|-boost|p1a: Gothitelle|spa|1
|-boost|p1a: Gothitelle|spd|1
|
|turn|32
|
|move|p2a: Infernape|Flamethrower|p1a: Gothitelle
|-damage|p1a: Gothitelle|66\/344
|move|p1a: Gothitelle|Rest|p1a: Gothitelle
|-status|p1a: Gothitelle|slp
|-heal|p1a: Gothitelle|344\/344 slp|[silent]
|-status|p1a: Gothitelle|slp|[from] move: Rest
|
|turn|33
|
|move|p2a: Infernape|Flamethrower|p1a: Gothitelle
|-damage|p1a: Gothitelle|290\/344 slp
|cant|p1a: Gothitelle|slp
|
|turn|34
|
|move|p2a: Infernape|Flamethrower|p1a: Gothitelle
|-damage|p1a: Gothitelle|235\/344 slp
|cant|p1a: Gothitelle|slp
|
|turn|35
|
|move|p2a: Infernape|Flamethrower|p1a: Gothitelle
|-damage|p1a: Gothitelle|178\/344 slp
|-curestatus|p1a: Gothitelle|slp
|move|p1a: Gothitelle|Calm Mind|p1a: Gothitelle
|-boost|p1a: Gothitelle|spa|1
|-boost|p1a: Gothitelle|spd|1
|
|turn|36
|
|move|p2a: Infernape|Flamethrower|p1a: Gothitelle
|-damage|p1a: Gothitelle|141\/344
|move|p1a: Gothitelle|Rest|p1a: Gothitelle
|-status|p1a: Gothitelle|slp
|-heal|p1a: Gothitelle|344\/344 slp|[silent]
|-status|p1a: Gothitelle|slp|[from] move: Rest
|
|turn|37
|
|move|p2a: Infernape|Flamethrower|p1a: Gothitelle
|-damage|p1a: Gothitelle|307\/344 slp
|cant|p1a: Gothitelle|slp
|
|turn|38
|
|move|p2a: Infernape|Flamethrower|p1a: Gothitelle
|-crit|p1a: Gothitelle
|-damage|p1a: Gothitelle|199\/344 slp
|cant|p1a: Gothitelle|slp
|
|turn|39
|
|move|p2a: Infernape|Flamethrower|p1a: Gothitelle
|-damage|p1a: Gothitelle|162\/344 slp
|-curestatus|p1a: Gothitelle|slp
|move|p1a: Gothitelle|Calm Mind|p1a: Gothitelle
|-boost|p1a: Gothitelle|spa|1
|-boost|p1a: Gothitelle|spd|1
|
|turn|40
|
|move|p2a: Infernape|Flamethrower|p1a: Gothitelle
|-damage|p1a: Gothitelle|132\/344
|move|p1a: Gothitelle|Rest|p1a: Gothitelle
|-status|p1a: Gothitelle|slp
|-heal|p1a: Gothitelle|344\/344 slp|[silent]
|-status|p1a: Gothitelle|slp|[from] move: Rest
|
|turn|41
|
|move|p2a: Infernape|Flamethrower|p1a: Gothitelle
|-damage|p1a: Gothitelle|311\/344 slp
|cant|p1a: Gothitelle|slp
|
|turn|42
|
|move|p2a: Infernape|Flamethrower|p1a: Gothitelle
|-damage|p1a: Gothitelle|281\/344 slp
|cant|p1a: Gothitelle|slp
|
|turn|43
|
|move|p2a: Infernape|Flamethrower|p1a: Gothitelle
|-damage|p1a: Gothitelle|250\/344 slp
|-curestatus|p1a: Gothitelle|slp
|move|p1a: Gothitelle|Calm Mind|p1a: Gothitelle
|-boost|p1a: Gothitelle|spa|1
|-boost|p1a: Gothitelle|spd|1
|
|turn|44
|
|move|p2a: Infernape|Flamethrower|p1a: Gothitelle
|-damage|p1a: Gothitelle|225\/344
|move|p1a: Gothitelle|Calm Mind|p1a: Gothitelle
|-boost|p1a: Gothitelle|spa|1
|-boost|p1a: Gothitelle|spd|1
|
|turn|45
|
|move|p2a: Infernape|Flamethrower|p1a: Gothitelle
|-damage|p1a: Gothitelle|203\/344
|move|p1a: Gothitelle|Calm Mind|p1a: Gothitelle
|-boost|p1a: Gothitelle|spa|1
|-boost|p1a: Gothitelle|spd|1
|
|turn|46
|
|move|p2a: Infernape|Flamethrower|p1a: Gothitelle
|-damage|p1a: Gothitelle|182\/344
|move|p1a: Gothitelle|Calm Mind|p1a: Gothitelle
|-fail|p1a: Gothitelle
|
|turn|47
|
|move|p2a: Infernape|Flamethrower|p1a: Gothitelle
|-damage|p1a: Gothitelle|161\/344
|-status|p1a: Gothitelle|brn
|move|p1a: Gothitelle|Rest|p1a: Gothitelle
|-status|p1a: Gothitelle|slp
|-heal|p1a: Gothitelle|344\/344 slp|[silent]
|-status|p1a: Gothitelle|slp|[from] move: Rest
|
|turn|48
|
|move|p2a: Infernape|Flamethrower|p1a: Gothitelle
|-damage|p1a: Gothitelle|325\/344 slp
|cant|p1a: Gothitelle|slp
|
|turn|49
|
|move|p2a: Infernape|Struggle|p1a: Gothitelle
|-damage|p1a: Gothitelle|273\/344 slp
|-damage|p2a: Infernape|220\/293
|cant|p1a: Gothitelle|slp
|
|turn|50
|
|move|p2a: Infernape|Struggle|p1a: Gothitelle
|-damage|p1a: Gothitelle|222\/344 slp
|-damage|p2a: Infernape|147\/293
|-curestatus|p1a: Gothitelle|slp
|move|p1a: Gothitelle|Rest|p1a: Gothitelle
|-status|p1a: Gothitelle|slp
|-heal|p1a: Gothitelle|344\/344 slp|[silent]
|-status|p1a: Gothitelle|slp|[from] move: Rest
|
|turn|51
|
|move|p2a: Infernape|Struggle|p1a: Gothitelle
|-damage|p1a: Gothitelle|291\/344 slp
|-damage|p2a: Infernape|74\/293
|cant|p1a: Gothitelle|slp
|
|turn|52
|
|switch|p1a: Skarmory|Skarmory, M|216\/333
|move|p2a: Infernape|Struggle|p1a: Skarmory
|-damage|p1a: Skarmory|185\/333
|-damage|p2a: Infernape|1\/293
|
|turn|53
|
|switch|p2a: Raikou|Raikou|321\/321
|-ability|p2a: Raikou|Pressure
|move|p1a: Skarmory|Roost|p1a: Skarmory
|-heal|p1a: Skarmory|333\/333
|
|turn|54
|
|switch|p1a: Jirachi|Jirachi|343\/403
|move|p2a: Raikou|Volt Switch|p1a: Jirachi
|-damage|p1a: Jirachi|258\/403
|
|switch|p2a: Infernape|Infernape, M|1\/293
|
|-heal|p1a: Jirachi|283\/403|[from] item: Leftovers
|turn|55
|
|switch|p1a: Gothitelle|Gothitelle, F|291\/344 slp
|move|p2a: Infernape|Stealth Rock|p1a: Gothitelle
|-sidestart|p1: Kioskate|move: Stealth Rock
|
|turn|56
|
|switch|p1a: Alomomola|Alomomola, M|238\/533
|-damage|p1a: Alomomola|172\/533|[from] Stealth Rock
|move|p2a: Infernape|Stealth Rock|p1a: Alomomola
|-fail|p1a: Alomomola
|
|turn|57
|
|switch|p2a: Raikou|Raikou|321\/321
|-ability|p2a: Raikou|Pressure
|move|p1a: Alomomola|Wish|p1a: Alomomola
|
|turn|58
|
|switch|p1a: Jirachi|Jirachi|283\/403
|-damage|p1a: Jirachi|258\/403|[from] Stealth Rock
|move|p2a: Raikou|Thunderbolt|p1a: Jirachi
|-damage|p1a: Jirachi|147\/403
|
|-heal|p1a: Jirachi|403\/403|[from] move: Wish|[wisher] Alomomola
|turn|59
|
|move|p2a: Raikou|Shadow Ball|p1a: Jirachi
|-supereffective|p1a: Jirachi
|-damage|p1a: Jirachi|277\/403
|move|p1a: Jirachi|Stealth Rock|p2a: Raikou
|-sidestart|p2: foncused|move: Stealth Rock
|
|-heal|p1a: Jirachi|302\/403|[from] item: Leftovers
|turn|60
|
|move|p2a: Raikou|Volt Switch|p1a: Jirachi
|-damage|p1a: Jirachi|217\/403
|
|switch|p2a: Landorus-Therian|Landorus-Therian, M|319\/319
|-damage|p2a: Landorus-Therian|280\/319|[from] Stealth Rock
|-ability|p2a: Landorus-Therian|Intimidate|[of] p1a: Jirachi
|-unboost|p1a: Jirachi|atk|1
|move|p1a: Jirachi|Toxic|p2a: Landorus-Therian
|-status|p2a: Landorus-Therian|tox
|
|-heal|p1a: Jirachi|242\/403|[from] item: Leftovers
|-damage|p2a: Landorus-Therian|261\/319 tox|[from] psn
|turn|61
|
|switch|p1a: Skarmory|Skarmory, M|333\/333
|-damage|p1a: Skarmory|292\/333|[from] Stealth Rock
|move|p2a: Landorus-Therian|U-turn|p1a: Skarmory
|-resisted|p1a: Skarmory
|-damage|p1a: Skarmory|280\/333
|
|switch|p2a: Raikou|Raikou|321\/321
|-damage|p2a: Raikou|281\/321|[from] Stealth Rock
|-ability|p2a: Raikou|Pressure
|
|turn|62
|
|switch|p1a: Gothitelle|Gothitelle, F|291\/344 slp
|-damage|p1a: Gothitelle|248\/344 slp|[from] Stealth Rock
|move|p2a: Raikou|Volt Switch|p1a: Gothitelle
|-damage|p1a: Gothitelle|164\/344 slp
|
|switch|p2a: Landorus-Therian|Landorus-Therian, M|261\/319 tox
|-damage|p2a: Landorus-Therian|222\/319 tox|[from] Stealth Rock
|-ability|p2a: Landorus-Therian|Intimidate|[of] p1a: Gothitelle
|-unboost|p1a: Gothitelle|atk|1
|
|-damage|p2a: Landorus-Therian|203\/319 tox|[from] psn
|turn|63
|
|move|p2a: Landorus-Therian|U-turn|p1a: Gothitelle
|-supereffective|p1a: Gothitelle
|-damage|p1a: Gothitelle|0 fnt
|faint|p1a: Gothitelle
|
|switch|p2a: Latios|Latios, M|301\/301
|-damage|p2a: Latios|264\/301|[from] Stealth Rock
|
|
|switch|p1a: Jirachi|Jirachi|242\/403
|-damage|p1a: Jirachi|217\/403|[from] Stealth Rock
|turn|64
|
|move|p2a: Latios|Defog|p1a: Jirachi
|-unboost|p1a: Jirachi|evasion|1
|-sideend|p1: Kioskate|Stealth Rock|[from] move: Defog|[of] p1a: Jirachi
|-sideend|p2: foncused|Stealth Rock|[from] move: Defog|[of] p2a: Latios
|move|p1a: Jirachi|U-turn|p2a: Latios
|-supereffective|p2a: Latios
|-damage|p2a: Latios|136\/301
|
|switch|p1a: Alomomola|Alomomola, M|349\/533
|
|turn|65
|
|switch|p1a: Jirachi|Jirachi|217\/403
|move|p2a: Latios|Draco Meteor|p1a: Jirachi
|-resisted|p1a: Jirachi
|-damage|p1a: Jirachi|103\/403
|-unboost|p2a: Latios|spa|2
|-damage|p2a: Latios|106\/301|[from] item: Life Orb
|
|-heal|p1a: Jirachi|128\/403|[from] item: Leftovers
|turn|66
|
|switch|p2a: Infernape|Infernape, M|1\/293
|move|p1a: Jirachi|Stealth Rock|p2a: Infernape
|-sidestart|p2: foncused|move: Stealth Rock
|
|-heal|p1a: Jirachi|153\/403|[from] item: Leftovers
|turn|67
|
|move|p2a: Infernape|Close Combat|p1a: Jirachi
|-damage|p1a: Jirachi|0 fnt
|-unboost|p2a: Infernape|def|1
|-unboost|p2a: Infernape|spd|1
|faint|p1a: Jirachi
|
|
|switch|p1a: Alomomola|Alomomola, M|526\/533
|turn|68
|
|move|p2a: Infernape|Close Combat|p1a: Alomomola
|-damage|p1a: Alomomola|376\/533
|-damage|p2a: Infernape|0 fnt|[from] item: Rocky Helmet|[of] p1a: Alomomola
|faint|p2a: Infernape
|move|p1a: Alomomola|Wish|p1a: Alomomola
|
|
|switch|p2a: Lopunny|Lopunny-Mega, F|99\/271
|-damage|p2a: Lopunny|83\/271|[from] Stealth Rock
|turn|69
|
|move|p2a: Lopunny|Return|p1a: Alomomola
|-damage|p1a: Alomomola|210\/533
|-damage|p2a: Lopunny|38\/271|[from] item: Rocky Helmet|[of] p1a: Alomomola
|move|p1a: Alomomola|Toxic|p2a: Lopunny|[miss]
|-miss|p1a: Alomomola|p2a: Lopunny
|
|-heal|p1a: Alomomola|476\/533|[from] move: Wish|[wisher] Alomomola
|turn|70
|
|move|p2a: Lopunny|High Jump Kick|p1a: Alomomola
|-crit|p1a: Alomomola
|-damage|p1a: Alomomola|199\/533
|-damage|p2a: Lopunny|0 fnt|[from] item: Rocky Helmet|[of] p1a: Alomomola
|faint|p2a: Lopunny
|move|p1a: Alomomola|Wish|p1a: Alomomola
|
|
|switch|p2a: Raikou|Raikou|281\/321
|-damage|p2a: Raikou|241\/321|[from] Stealth Rock
|-ability|p2a: Raikou|Pressure
|turn|71
|
|move|p1a: Alomomola|Protect|p1a: Alomomola
|-singleturn|p1a: Alomomola|Protect
|move|p2a: Raikou|Thunderbolt|p1a: Alomomola
|-activate|p1a: Alomomola|Protect
|
|-heal|p1a: Alomomola|465\/533|[from] move: Wish|[wisher] Alomomola
|turn|72
|
|move|p2a: Raikou|Thunderbolt|p1a: Alomomola
|-supereffective|p1a: Alomomola
|-damage|p1a: Alomomola|0 fnt
|faint|p1a: Alomomola
|
|
|switch|p1a: Skarmory|Skarmory, M|280\/333
|turn|73
|
|move|p2a: Raikou|Thunderbolt|p1a: Skarmory
|-crit|p1a: Skarmory
|-supereffective|p1a: Skarmory
|-damage|p1a: Skarmory|0 fnt
|faint|p1a: Skarmory
|
|win|foncused
|raw|Ladder updating...
|c|âKioskate|gg
|raw|Kioskate's rating: 1476 &rarr; <strong>1452<\/strong><br \/>(-24 for losing)
|raw|foncused's rating: 1403 &rarr; <strong>1428<\/strong><br \/>(+25 for winning)
|c|âfoncused|gg
|leave|Kioskate
|player|p1