|join|Kioskate
|join|Evan Lawyer
|player|p1|Kioskate|2
|player|p2|Evan Lawyer|266
|gametype|singles
|gen|6
|tier|OU
|rated
|clearpoke
|poke|p1|Gothitelle, M
|poke|p1|Sableye, F
|poke|p1|Jirachi
|poke|p1|Chesnaught, M
|poke|p1|Skarmory, F
|poke|p1|Chansey, F
|poke|p2|Garchomp, F, shiny
|poke|p2|Conkeldurr, F
|poke|p2|Talonflame, F
|poke|p2|Greninja, M
|poke|p2|Pinsir, F, shiny
|poke|p2|Keldeo
|rule|Swagger Clause: Swagger is banned
|rule|Baton Pass Clause: Limit one PokÃ©mon knowing Baton Pass
|rule|Sleep Clause Mod: Limit one foe put to sleep
|rule|Species Clause: Limit one of each PokÃ©mon
|rule|OHKO Clause: OHKO moves are banned
|rule|Moody Clause: Moody is banned
|rule|Evasion Moves Clause: Evasion moves are banned
|rule|Endless Battle Clause: Forcing endless battles is banned
|rule|HP Percentage Mod: HP is shown in percentages
|teampreview
|c|âKioskate|Your team looks really scary
|c|âKioskate|Like one wrong play and I use
|
|start
|switch|p1a: Gothitelle|Gothitelle, M|344\/344
|switch|p2a: probably sashed|Garchomp, F, shiny|358\/358
|turn|1
|
|move|p2a: probably sashed|Earthquake|p1a: Gothitelle
|-damage|p1a: Gothitelle|157\/344
|move|p1a: Gothitelle|Charm|p2a: probably sashed
|-unboost|p2a: probably sashed|atk|2
|
|-heal|p1a: Gothitelle|178\/344|[from] item: Leftovers
|turn|2
|
|move|p2a: probably sashed|Stealth Rock|p1a: Gothitelle
|-sidestart|p1: Kioskate|move: Stealth Rock
|move|p1a: Gothitelle|Charm|p2a: probably sashed
|-unboost|p2a: probably sashed|atk|2
|
|-heal|p1a: Gothitelle|199\/344|[from] item: Leftovers
|turn|3
|
|move|p2a: probably sashed|Stone Edge|p1a: Gothitelle
|-damage|p1a: Gothitelle|160\/344
|move|p1a: Gothitelle|Charm|p2a: probably sashed
|-unboost|p2a: probably sashed|atk|2
|
|-heal|p1a: Gothitelle|181\/344|[from] item: Leftovers
|turn|4
|c|âKioskate|Thank god that only has 8 pp
|
|move|p2a: probably sashed|Stone Edge|p1a: Gothitelle|[miss]
|-miss|p2a: probably sashed|p1a: Gothitelle
|move|p1a: Gothitelle|Rest|p1a: Gothitelle
|-status|p1a: Gothitelle|slp
|-heal|p1a: Gothitelle|344\/344 slp|[silent]
|-status|p1a: Gothitelle|slp|[from] move: Rest
|
|turn|5
|c|âKioskate|and 0 accuracy
|
|move|p2a: probably sashed|Stone Edge|p1a: Gothitelle
|-damage|p1a: Gothitelle|314\/344 slp
|cant|p1a: Gothitelle|slp
|
|-heal|p1a: Gothitelle|335\/344 slp|[from] item: Leftovers
|turn|6
|
|move|p2a: probably sashed|Stone Edge|p1a: Gothitelle
|-damage|p1a: Gothitelle|303\/344 slp
|cant|p1a: Gothitelle|slp
|
|-heal|p1a: Gothitelle|324\/344 slp|[from] item: Leftovers
|turn|7
|
|move|p2a: probably sashed|Stone Edge|p1a: Gothitelle
|-crit|p1a: Gothitelle
|-damage|p1a: Gothitelle|133\/344 slp
|-curestatus|p1a: Gothitelle|slp
|move|p1a: Gothitelle|Calm Mind|p1a: Gothitelle
|-boost|p1a: Gothitelle|spa|1
|-boost|p1a: Gothitelle|spd|1
|
|-heal|p1a: Gothitelle|154\/344|[from] item: Leftovers
|turn|8
|c|âEvan Lawyer|haha I want it so bad
|c|âEvan Lawyer|turnup
|
|move|p2a: probably sashed|Stone Edge|p1a: Gothitelle
|-damage|p1a: Gothitelle|125\/344
|move|p1a: Gothitelle|Rest|p1a: Gothitelle
|-status|p1a: Gothitelle|slp
|-heal|p1a: Gothitelle|344\/344 slp|[silent]
|-status|p1a: Gothitelle|slp|[from] move: Rest
|
|turn|9
|
|move|p2a: probably sashed|Stone Edge|p1a: Gothitelle
|-damage|p1a: Gothitelle|313\/344 slp
|cant|p1a: Gothitelle|slp
|
|-heal|p1a: Gothitelle|334\/344 slp|[from] item: Leftovers
|turn|10
|
|move|p2a: probably sashed|Stone Edge|p1a: Gothitelle
|-damage|p1a: Gothitelle|303\/344 slp
|cant|p1a: Gothitelle|slp
|
|-heal|p1a: Gothitelle|324\/344 slp|[from] item: Leftovers
|turn|11
|
|move|p2a: probably sashed|Earthquake|p1a: Gothitelle
|-damage|p1a: Gothitelle|281\/344 slp
|-curestatus|p1a: Gothitelle|slp
|move|p1a: Gothitelle|Calm Mind|p1a: Gothitelle
|-boost|p1a: Gothitelle|spa|1
|-boost|p1a: Gothitelle|spd|1
|
|-heal|p1a: Gothitelle|302\/344|[from] item: Leftovers
|turn|12
|c|âKioskate|So is it sashed or lum?
|
|move|p2a: probably sashed|Earthquake|p1a: Gothitelle
|-damage|p1a: Gothitelle|256\/344
|move|p1a: Gothitelle|Calm Mind|p1a: Gothitelle
|-boost|p1a: Gothitelle|spa|1
|-boost|p1a: Gothitelle|spd|1
|
|-heal|p1a: Gothitelle|277\/344|[from] item: Leftovers
|turn|13
|c|âEvan Lawyer|idk
|
|move|p2a: probably sashed|Earthquake|p1a: Gothitelle
|-damage|p1a: Gothitelle|235\/344
|move|p1a: Gothitelle|Dark Pulse|p2a: probably sashed
|-damage|p2a: probably sashed|200\/358
|
|-heal|p1a: Gothitelle|256\/344|[from] item: Leftovers
|turn|14
|c|âKioskate|considered leading with sable but so many lum
|
|move|p2a: probably sashed|Earthquake|p1a: Gothitelle
|-damage|p1a: Gothitelle|207\/344
|move|p1a: Gothitelle|Dark Pulse|p2a: probably sashed
|-damage|p2a: probably sashed|41\/358
|
|-heal|p1a: Gothitelle|228\/344|[from] item: Leftovers
|turn|15
|c|âEvan Lawyer|sash
|
|move|p2a: probably sashed|Outrage|p1a: Gothitelle
|-damage|p1a: Gothitelle|177\/344
|move|p1a: Gothitelle|Rest|p1a: Gothitelle
|-status|p1a: Gothitelle|slp
|-heal|p1a: Gothitelle|344\/344 slp|[silent]
|-status|p1a: Gothitelle|slp|[from] move: Rest
|
|turn|16
|
|move|p2a: probably sashed|Outrage|p1a: Gothitelle
|-damage|p1a: Gothitelle|287\/344 slp
|cant|p1a: Gothitelle|slp
|
|-end|p2a: probably sashed|rampage
|-start|p2a: probably sashed|confusion
|-heal|p1a: Gothitelle|308\/344 slp|[from] item: Leftovers
|turn|17
|
|-activate|p2a: probably sashed|confusion
|-damage|p2a: probably sashed|27\/358|[from] confusion
|cant|p1a: Gothitelle|slp
|
|-heal|p1a: Gothitelle|329\/344 slp|[from] item: Leftovers
|turn|18
|
|-activate|p2a: probably sashed|confusion
|-damage|p2a: probably sashed|14\/358|[from] confusion
|-curestatus|p1a: Gothitelle|slp
|move|p1a: Gothitelle|Dark Pulse|p2a: probably sashed
|-damage|p2a: probably sashed|0 fnt
|faint|p2a: probably sashed
|
|-heal|p1a: Gothitelle|344\/344|[from] item: Leftovers
|
|switch|p2a: Greninja|Greninja, M|285\/285
|turn|19
|c|âEvan Lawyer|(:
|
|move|p2a: Greninja|Dark Pulse|p1a: Gothitelle
|-start|p2a: Greninja|typechange|Dark|[from] Protean
|-supereffective|p1a: Gothitelle
|-damage|p1a: Gothitelle|272\/344
|move|p1a: Gothitelle|Dark Pulse|p2a: Greninja
|-resisted|p2a: Greninja
|-damage|p2a: Greninja|189\/285
|
|-heal|p1a: Gothitelle|293\/344|[from] item: Leftovers
|turn|20
|c|âEvan Lawyer|):
|c|âKioskate|...umm
|c|âKioskate|why not go conk
|c|âKioskate|And threaten knock off
|c|âEvan Lawyer|for some reason I thought you were using a psychic attack, so I was all proud of myself for throwing in greninja
|c|âKioskate|Psyshock is the norm
|c|âEvan Lawyer|yeah I just assumed and didn't bother to look
|c|âEvan Lawyer|I run psyshock and hpfire on my other
|c|âKioskate|I have a hard time with ferro with psyshock
|c|âKioskate|I like charm for pp stalling though
|c|âKioskate|And some weak attackers it can take too
|c|âEvan Lawyer|I go with trick
|c|âKioskate|or things that are burned
|c|âKioskate|I've been thinking about it
|c|âKioskate|Rain Dance Tail glow manaphy just 6-0's me
|c|âEvan Lawyer|haha I run that as well on another
|
|move|p2a: Greninja|Dark Pulse|p1a: Gothitelle
|-crit|p1a: Gothitelle
|-supereffective|p1a: Gothitelle
|-damage|p1a: Gothitelle|39\/344
|move|p1a: Gothitelle|Dark Pulse|p2a: Greninja
|-resisted|p2a: Greninja
|-damage|p2a: Greninja|87\/285
|
|-heal|p1a: Gothitelle|60\/344|[from] item: Leftovers
|turn|21
|c|âEvan Lawyer|rest as well
|c|âKioskate|ouch
|
|move|p2a: Greninja|Dark Pulse|p1a: Gothitelle
|-supereffective|p1a: Gothitelle
|-damage|p1a: Gothitelle|0 fnt
|faint|p1a: Gothitelle
|
|
|switch|p1a: Chansey|Chansey, F|703\/703
|-damage|p1a: Chansey|616\/703|[from] Stealth Rock
|turn|22
|c|âEvan Lawyer|I was hoping for a flinch before a crit
|
|switch|p2a: Dragonborn|Keldeo|323\/323
|move|p1a: Chansey|Seismic Toss|p2a: Dragonborn
|-damage|p2a: Dragonborn|223\/323
|
|turn|23
|c|âEvan Lawyer|no t wave?
|
|switch|p1a: Chesnaught|Chesnaught, M|379\/379
|-damage|p1a: Chesnaught|356\/379|[from] Stealth Rock
|move|p2a: Dragonborn|Secret Sword|p1a: Chesnaught
|-damage|p1a: Chesnaught|254\/379
|
|-heal|p1a: Chesnaught|277\/379|[from] item: Leftovers
|turn|24
|c|âKioskate|nope
|
|switch|p2a: Stealth Rocks|Talonflame, F|297\/297
|move|p1a: Chesnaught|Leech Seed|p2a: Stealth Rocks
|-start|p2a: Stealth Rocks|move: Leech Seed
|
|-heal|p1a: Chesnaught|300\/379|[from] item: Leftovers
|-damage|p2a: Stealth Rocks|260\/297|[from] Leech Seed|[of] p1a: Chesnaught
|-heal|p1a: Chesnaught|337\/379|[silent]
|turn|25
|
|switch|p1a: Sableye|Sableye, F|303\/303
|-damage|p1a: Sableye|266\/303|[from] Stealth Rock
|move|p2a: Stealth Rocks|Will-O-Wisp|p1a: Sableye
|-status|p1a: Sableye|brn
|
|-heal|p2a: Stealth Rocks|278\/297|[from] item: Leftovers
|-damage|p2a: Stealth Rocks|241\/297|[from] Leech Seed|[of] p1a: Sableye
|-heal|p1a: Sableye|303\/303 brn|[silent]
|-damage|p1a: Sableye|266\/303 brn|[from] brn
|turn|26
|c|âEvan Lawyer|ughhh
|c|âEvan Lawyer|this guy fucks my team
|
|switch|p2a: Dragonborn|Keldeo|223\/323
|move|p1a: Sableye|Knock Off|p2a: Dragonborn
|-resisted|p2a: Dragonborn
|-damage|p2a: Dragonborn|199\/323
|-boost|p2a: Dragonborn|atk|1|[from] ability: Justified
|-enditem|p2a: Dragonborn|Assault Vest|[from] move: Knock Off|[of] p1a: Sableye
|
|-damage|p1a: Sableye|229\/303 brn|[from] brn
|turn|27
|
|switch|p1a: Chesnaught|Chesnaught, M|337\/379
|-damage|p1a: Chesnaught|314\/379|[from] Stealth Rock
|move|p2a: Dragonborn|Hydro Pump|p1a: Chesnaught|[miss]
|-miss|p2a: Dragonborn|p1a: Chesnaught
|
|-heal|p1a: Chesnaught|337\/379|[from] item: Leftovers
|turn|28
|c|âEvan Lawyer|):
|
|switch|p2a: Stealth Rocks|Talonflame, F|241\/297
|move|p1a: Chesnaught|Spikes|p2a: Stealth Rocks
|-sidestart|p2: Evan Lawyer|Spikes
|
|-heal|p2a: Stealth Rocks|259\/297|[from] item: Leftovers
|-heal|p1a: Chesnaught|360\/379|[from] item: Leftovers
|turn|29
|
|switch|p1a: Sableye|Sableye, F|229\/303 brn
|-damage|p1a: Sableye|192\/303 brn|[from] Stealth Rock
|move|p2a: Stealth Rocks|Brave Bird|p1a: Sableye
|-damage|p1a: Sableye|68\/303 brn
|-damage|p2a: Stealth Rocks|218\/297|[from] recoil|[of] p1a: Sableye
|
|-heal|p2a: Stealth Rocks|236\/297|[from] item: Leftovers
|-damage|p1a: Sableye|31\/303 brn|[from] brn
|turn|30
|c|âKioskate|can't believe you use that without defog
|
|move|p2a: Stealth Rocks|Brave Bird|p1a: Sableye
|-damage|p1a: Sableye|0 fnt
|-damage|p2a: Stealth Rocks|226\/297|[from] recoil|[of] p1a: Sableye
|faint|p1a: Sableye
|
|-heal|p2a: Stealth Rocks|244\/297|[from] item: Leftovers
|c|âEvan Lawyer|yolo
|c|âKioskate|oh right
|c|âKioskate|I'm out prioritied
|c|âEvan Lawyer|you didn't SR so who's more bold here (:
|
|switch|p1a: Jirachi|Jirachi|403\/403
|-damage|p1a: Jirachi|378\/403|[from] Stealth Rock
|turn|31
|
|move|p2a: Stealth Rocks|Flare Blitz|p1a: Jirachi
|-supereffective|p1a: Jirachi
|-damage|p1a: Jirachi|40\/403
|-damage|p2a: Stealth Rocks|132\/297|[from] recoil|[of] p1a: Jirachi
|move|p1a: Jirachi|Body Slam|p2a: Stealth Rocks
|-damage|p2a: Stealth Rocks|49\/297
|-status|p2a: Stealth Rocks|par
|
|-heal|p1a: Jirachi|65\/403|[from] item: Leftovers
|-heal|p2a: Stealth Rocks|67\/297 par|[from] item: Leftovers
|turn|32
|c|âKioskate|Oh man
|c|âEvan Lawyer|it'll be a clsoe one
|c|âKioskate|Thought it was that sdef bulk up set
|c|âEvan Lawyer|depends on your EVs I think
|
|move|p2a: Stealth Rocks|Brave Bird|p1a: Jirachi
|-resisted|p1a: Jirachi
|-damage|p1a: Jirachi|0 fnt
|-damage|p2a: Stealth Rocks|46\/297 par|[from] recoil|[of] p1a: Jirachi
|faint|p1a: Jirachi
|
|-heal|p2a: Stealth Rocks|64\/297 par|[from] item: Leftovers
|
|switch|p1a: Chansey|Chansey, F|616\/703
|-damage|p1a: Chansey|529\/703|[from] Stealth Rock
|turn|33
|
|cant|p2a: Stealth Rocks|par
|move|p1a: Chansey|Seismic Toss|p2a: Stealth Rocks
|-damage|p2a: Stealth Rocks|0 fnt
|faint|p2a: Stealth Rocks
|
|
|switch|p2a: Return|Pinsir, F, shiny|272\/272
|-damage|p2a: Return|238\/272|[from] Spikes
|turn|34
|c|âKioskate|Oh well, any game I get to trap with goth is fun anyway
|
|switch|p1a: Skarmory|Skarmory, F|333\/333
|-damage|p1a: Skarmory|292\/333|[from] Stealth Rock
|move|p2a: Return|Swords Dance|p2a: Return
|-boost|p2a: Return|atk|2
|
|turn|35
|c|âEvan Lawyer|haha absolutely
|
|detailschange|p2a: Return|Pinsir-Mega, F, shiny
|-mega|p2a: Return|Pinsir|Pinsirite
|move|p2a: Return|Return|p1a: Skarmory
|-resisted|p1a: Skarmory
|-damage|p1a: Skarmory|116\/333
|move|p1a: Skarmory|Counter|p2a: Return
|-damage|p2a: Return|0 fnt
|faint|p2a: Return
|
|c|âEvan Lawyer|OUCH
|c|âKioskate|oh and that
|c|âKioskate|that's fun too
|c|âEvan Lawyer|not at all what I expected
|
|switch|p2a: Dragonborn|Keldeo|199\/323
|-damage|p2a: Dragonborn|159\/323|[from] Spikes
|turn|36
|
|switch|p1a: Chesnaught|Chesnaught, M|360\/379
|-damage|p1a: Chesnaught|337\/379|[from] Stealth Rock
|move|p2a: Dragonborn|Hidden Power|p1a: Chesnaught
|-supereffective|p1a: Chesnaught
|-damage|p1a: Chesnaught|159\/379
|
|-heal|p1a: Chesnaught|182\/379|[from] item: Leftovers
|turn|37
|c|âKioskate|It's awesome defogging on bisharp switch
|c|âKioskate|Then doing that
|
|switch|p2a: Greninja|Greninja, M|87\/285
|-damage|p2a: Greninja|52\/285|[from] Spikes
|move|p1a: Chesnaught|Spiky Shield|p1a: Chesnaught
|-fail|p1a: Chesnaught
|
|-heal|p1a: Chesnaught|205\/379|[from] item: Leftovers
|turn|38
|c|âEvan Lawyer|phew
|
|switch|p1a: Chansey|Chansey, F|529\/703
|-damage|p1a: Chansey|442\/703|[from] Stealth Rock
|move|p2a: Greninja|Ice Beam|p1a: Chansey
|-start|p2a: Greninja|typechange|Ice|[from] Protean
|-damage|p1a: Chansey|355\/703
|
|turn|39
|c|âEvan Lawyer|this will be pretty close
|
|move|p2a: Greninja|Dark Pulse|p1a: Chansey
|-start|p2a: Greninja|typechange|Dark|[from] Protean
|-damage|p1a: Chansey|270\/703
|move|p1a: Chansey|Wish|p1a: Chansey
|
|turn|40
|
|move|p2a: Greninja|Ice Beam|p1a: Chansey
|-start|p2a: Greninja|typechange|Ice|[from] Protean
|-damage|p1a: Chansey|183\/703
|move|p1a: Chansey|Soft-Boiled|p1a: Chansey
|-heal|p1a: Chansey|535\/703
|
|-heal|p1a: Chansey|703\/703|[from] move: Wish|[wisher] Chansey
|turn|41
|c|âKioskate|wait
|c|âKioskate|no LO
|c|âKioskate|Weird
|c|âEvan Lawyer|huh?
|
|move|p2a: Greninja|Ice Beam|p1a: Chansey
|-damage|p1a: Chansey|621\/703
|move|p1a: Chansey|Wish|p1a: Chansey
|
|turn|42
|c|âKioskate|You're not using life orb
|c|âEvan Lawyer|sash
|
|move|p2a: Greninja|Ice Beam|p1a: Chansey
|-damage|p1a: Chansey|534\/703
|move|p1a: Chansey|Seismic Toss|p2a: Greninja
|-damage|p2a: Greninja|0 fnt
|faint|p2a: Greninja
|
|-heal|p1a: Chansey|703\/703|[from] move: Wish|[wisher] Chansey
|c|âEvan Lawyer|I either lead with greninja or gar
|
|switch|p2a: Removal Crew|Conkeldurr, F|414\/414
|-damage|p2a: Removal Crew|363\/414|[from] Spikes
|turn|43
|
|switch|p1a: Skarmory|Skarmory, F|116\/333
|-damage|p1a: Skarmory|75\/333|[from] Stealth Rock
|move|p2a: Removal Crew|Ice Punch|p1a: Skarmory
|-damage|p1a: Skarmory|18\/333
|-status|p1a: Skarmory|frz
|
|turn|44
|c|âKioskate|ow
|
|move|p2a: Removal Crew|Mach Punch|p1a: Skarmory
|-damage|p1a: Skarmory|0 fnt
|faint|p1a: Skarmory
|
|
|switch|p1a: Chesnaught|Chesnaught, M|205\/379
|-damage|p1a: Chesnaught|182\/379|[from] Stealth Rock
|turn|45
|
|move|p1a: Chesnaught|Spiky Shield|p1a: Chesnaught
|-singleturn|p1a: Chesnaught|move: Protect
|move|p2a: Removal Crew|Ice Punch|p1a: Chesnaught
|-activate|p1a: Chesnaught|move: Protect
|-damage|p2a: Removal Crew|312\/414|[from] Spiky Shield|[of] p1a: Chesnaught
|
|-heal|p1a: Chesnaught|205\/379|[from] item: Leftovers
|turn|46
|c|âEvan Lawyer|assault vest ):
|
|move|p1a: Chesnaught|Drain Punch|p2a: Removal Crew
|-damage|p2a: Removal Crew|207\/414
|-heal|p1a: Chesnaught|258\/379|[from] drain|[of] p2a: Removal Crew
|move|p2a: Removal Crew|Ice Punch|p1a: Chesnaught
|-supereffective|p1a: Chesnaught
|-damage|p1a: Chesnaught|126\/379
|
|-heal|p1a: Chesnaught|149\/379|[from] item: Leftovers
|turn|47
|
|switch|p2a: Dragonborn|Keldeo|159\/323
|-damage|p2a: Dragonborn|119\/323|[from] Spikes
|move|p1a: Chesnaught|Leech Seed|p2a: Dragonborn
|-start|p2a: Dragonborn|move: Leech Seed
|
|-heal|p1a: Chesnaught|172\/379|[from] item: Leftovers
|-damage|p2a: Dragonborn|79\/323|[from] Leech Seed|[of] p1a: Chesnaught
|-heal|p1a: Chesnaught|212\/379|[silent]
|turn|48
|c|âEvan Lawyer|fuck
|c|âEvan Lawyer|good play man
|c|âKioskate|:)
|
|move|p1a: Chesnaught|Spiky Shield|p1a: Chesnaught
|-singleturn|p1a: Chesnaught|move: Protect
|move|p2a: Dragonborn|Icy Wind|p1a: Chesnaught
|-activate|p1a: Chesnaught|move: Protect
|
|-heal|p1a: Chesnaught|235\/379|[from] item: Leftovers
|-damage|p2a: Dragonborn|39\/323|[from] Leech Seed|[of] p1a: Chesnaught
|-heal|p1a: Chesnaught|275\/379|[silent]
|turn|49
|c|âKioskate|Might still win
|c|âEvan Lawyer|not sure if I'm gonna be able to get out of this one
|c|âEvan Lawyer|that counter skarm was pretty bi
|c|âKioskate|Way better than bb
|
|move|p2a: Dragonborn|Hidden Power|p1a: Chesnaught
|-supereffective|p1a: Chesnaught
|-damage|p1a: Chesnaught|105\/379
|move|p1a: Chesnaught|Spikes|p2a: Dragonborn
|-sidestart|p2: Evan Lawyer|Spikes
|
|-heal|p1a: Chesnaught|128\/379|[from] item: Leftovers
|-damage|p2a: Dragonborn|0 fnt|[from] Leech Seed|[of] p1a: Chesnaught
|-heal|p1a: Chesnaught|167\/379|[silent]
|faint|p2a: Dragonborn
|
|switch|p2a: Removal Crew|Conkeldurr, F|207\/414
|-damage|p2a: Removal Crew|138\/414|[from] Spikes
|turn|50
|
|move|p1a: Chesnaught|Spiky Shield|p1a: Chesnaught
|-singleturn|p1a: Chesnaught|move: Protect
|move|p2a: Removal Crew|Ice Punch|p1a: Chesnaught
|-activate|p1a: Chesnaught|move: Protect
|-damage|p2a: Removal Crew|87\/414|[from] Spiky Shield|[of] p1a: Chesnaught
|
|-heal|p1a: Chesnaught|190\/379|[from] item: Leftovers
|turn|51
|
|move|p1a: Chesnaught|Drain Punch|p2a: Removal Crew
|-damage|p2a: Removal Crew|0 fnt
|-heal|p1a: Chesnaught|234\/379|[from] drain|[of] p2a: Removal Crew
|faint|p2a: Removal Crew
|
|win|Kioskate
|raw|Ladder updating...
|c|âEvan Lawyer|gg
|raw|Kioskate's rating: 1371 &rarr; <strong>1392<\/strong><br \/>(+21 for winning)
|raw|Evan Lawyer's rating: 1390 &rarr; <strong>1369<\/strong><br \/>(-21 for losing)
|c|âKioskate|gg
|leave|Evan Lawyer
|player|p2