|join|Kioskate
|join|Starfall11
|player|p1|Kioskate|169
|player|p2|Starfall11|290
|gametype|singles
|gen|6
|tier|OU
|rated
|clearpoke
|poke|p1|Clefable, M
|poke|p1|Sableye, F
|poke|p1|Bronzong
|poke|p1|Gyarados, M
|poke|p1|Skarmory, F
|poke|p1|Chansey, F
|poke|p2|Absol, M
|poke|p2|Talonflame, M
|poke|p2|Serperior, M
|poke|p2|Gengar, M
|poke|p2|Tentacruel, M
|poke|p2|Rhyperior, M
|rule|Swagger Clause: Swagger is banned
|rule|Baton Pass Clause: Limit one PokÃ©mon knowing Baton Pass
|rule|Sleep Clause Mod: Limit one foe put to sleep
|rule|Species Clause: Limit one of each PokÃ©mon
|rule|OHKO Clause: OHKO moves are banned
|rule|Moody Clause: Moody is banned
|rule|Evasion Moves Clause: Evasion moves are banned
|rule|Endless Battle Clause: Forcing endless battles is banned
|rule|HP Percentage Mod: HP is shown in percentages
|teampreview
|
|start
|switch|p1a: Sableye|Sableye, F|303\/303
|switch|p2a: Gengar|Gengar, M|261\/261
|turn|1
|
|detailschange|p1a: Sableye|Sableye-Mega, F
|-mega|p1a: Sableye|Sableye|Sablenite
|move|p2a: Gengar|Shadow Ball|p1a: Sableye
|-damage|p1a: Sableye|130\/303
|-damage|p2a: Gengar|235\/261|[from] item: Life Orb
|move|p1a: Sableye|Knock Off|p2a: Gengar
|-supereffective|p2a: Gengar
|-damage|p2a: Gengar|0 fnt
|-enditem|p2a: Gengar|Life Orb|[from] move: Knock Off|[of] p1a: Sableye
|faint|p2a: Gengar
|
|
|switch|p2a: Absol|Absol, M|271\/271
|turn|2
|
|switch|p1a: Gyarados|Gyarados, M|352\/352
|-ability|p1a: Gyarados|Intimidate|[of] p2a: Absol
|-unboost|p2a: Absol|atk|1
|detailschange|p2a: Absol|Absol-Mega, M
|-mega|p2a: Absol|Absol|Absolite
|move|p2a: Absol|Knock Off|p1a: Gyarados
|-damage|p1a: Gyarados|208\/352
|-enditem|p1a: Gyarados|Leftovers|[from] move: Knock Off|[of] p2a: Absol
|
|turn|3
|
|switch|p2a: Serperior|Serperior, M|292\/292
|move|p1a: Gyarados|Rest|p1a: Gyarados
|-status|p1a: Gyarados|slp
|-heal|p1a: Gyarados|352\/352 slp|[silent]
|-status|p1a: Gyarados|slp|[from] move: Rest
|
|turn|4
|
|switch|p1a: Clefable|Clefable, M|393\/393
|move|p2a: Serperior|Leaf Storm|p1a: Clefable
|-damage|p1a: Clefable|260\/393
|-boost|p2a: Serperior|spa|2
|
|-heal|p1a: Clefable|284\/393|[from] item: Leftovers
|turn|5
|
|switch|p2a: Tentacruel|Tentacruel, M|357\/357
|move|p1a: Clefable|Wish|p1a: Clefable
|
|-heal|p1a: Clefable|308\/393|[from] item: Leftovers
|turn|6
|
|switch|p1a: Sableye|Sableye-Mega, F|130\/303
|move|p2a: Tentacruel|Scald|p1a: Sableye
|-damage|p1a: Sableye|64\/303
|-status|p1a: Sableye|brn
|
|-heal|p1a: Sableye|260\/303 brn|[from] move: Wish|[wisher] Clefable
|-damage|p1a: Sableye|223\/303 brn|[from] brn
|turn|7
|
|move|p2a: Tentacruel|Acid Spray|p1a: Sableye
|-resisted|p1a: Sableye
|-damage|p1a: Sableye|207\/303 brn
|-unboost|p1a: Sableye|spd|2
|move|p1a: Sableye|Recover|p1a: Sableye
|-heal|p1a: Sableye|303\/303 brn
|
|-damage|p1a: Sableye|266\/303 brn|[from] brn
|turn|8
|
|switch|p1a: Bronzong|Bronzong|337\/337
|move|p2a: Tentacruel|Scald|p1a: Bronzong
|-damage|p1a: Bronzong|286\/337
|-status|p1a: Bronzong|brn
|
|-heal|p1a: Bronzong|307\/337 brn|[from] item: Leftovers
|-damage|p1a: Bronzong|265\/337 brn|[from] brn
|turn|9
|
|switch|p2a: Rhyperior|Rhyperior, M|424\/424
|move|p1a: Bronzong|Earthquake|p2a: Rhyperior
|-supereffective|p2a: Rhyperior
|-damage|p2a: Rhyperior|387\/424
|
|-heal|p2a: Rhyperior|413\/424|[from] item: Leftovers
|-heal|p1a: Bronzong|286\/337 brn|[from] item: Leftovers
|-damage|p1a: Bronzong|244\/337 brn|[from] brn
|turn|10
|c|âKioskate|super effective
|c|âStarfall11|lmao
|
|switch|p1a: Sableye|Sableye-Mega, F|266\/303 brn
|move|p2a: Rhyperior|Earthquake|p1a: Sableye
|-damage|p1a: Sableye|152\/303 brn
|
|-heal|p2a: Rhyperior|424\/424|[from] item: Leftovers
|-damage|p1a: Sableye|115\/303 brn|[from] brn
|turn|11
|
|move|p2a: Rhyperior|Earthquake|p1a: Sableye
|-crit|p1a: Sableye
|-damage|p1a: Sableye|0 fnt
|faint|p1a: Sableye
|
|
|switch|p1a: Gyarados|Gyarados, M|352\/352 slp
|-ability|p1a: Gyarados|Intimidate|[of] p2a: Rhyperior
|-unboost|p2a: Rhyperior|atk|1
|turn|12
|
|cant|p1a: Gyarados|slp
|move|p1a: Gyarados|Sleep Talk|p1a: Gyarados
|move|p1a: Gyarados|Dragon Dance|p1a: Gyarados|[from]Sleep Talk
|-boost|p1a: Gyarados|atk|1
|-boost|p1a: Gyarados|spe|1
|move|p2a: Rhyperior|Stealth Rock|p1a: Gyarados
|-sidestart|p1: Kioskate|move: Stealth Rock
|
|turn|13
|
|switch|p2a: Serperior|Serperior, M|292\/292
|cant|p1a: Gyarados|slp
|move|p1a: Gyarados|Sleep Talk|p1a: Gyarados
|move|p1a: Gyarados|Waterfall|p2a: Serperior|[from]Sleep Talk
|-resisted|p2a: Serperior
|-damage|p2a: Serperior|205\/292
|
|turn|14
|
|switch|p1a: Clefable|Clefable, M|308\/393
|-damage|p1a: Clefable|259\/393|[from] Stealth Rock
|move|p2a: Serperior|Leaf Storm|p1a: Clefable|[miss]
|-miss|p2a: Serperior|p1a: Clefable
|
|-heal|p1a: Clefable|283\/393|[from] item: Leftovers
|turn|15
|
|switch|p2a: Tentacruel|Tentacruel, M|357\/357
|move|p1a: Clefable|Wish|p1a: Clefable
|
|-heal|p1a: Clefable|307\/393|[from] item: Leftovers
|turn|16
|
|switch|p1a: Gyarados|Gyarados, M|352\/352 slp
|-damage|p1a: Gyarados|264\/352 slp|[from] Stealth Rock
|-ability|p1a: Gyarados|Intimidate|[of] p2a: Tentacruel
|-unboost|p2a: Tentacruel|atk|1
|move|p2a: Tentacruel|Acid Spray|p1a: Gyarados
|-damage|p1a: Gyarados|228\/352 slp
|-unboost|p1a: Gyarados|spd|2
|
|-heal|p1a: Gyarados|352\/352 slp|[from] move: Wish|[wisher] Clefable
|turn|17
|
|move|p2a: Tentacruel|Sludge Wave|p1a: Gyarados
|-damage|p1a: Gyarados|186\/352 slp
|-curestatus|p1a: Gyarados|slp
|move|p1a: Gyarados|Waterfall|p2a: Tentacruel
|-resisted|p2a: Tentacruel
|-damage|p2a: Tentacruel|301\/357
|
|-heal|p2a: Tentacruel|323\/357|[from] item: Black Sludge
|turn|18
|
|move|p2a: Tentacruel|Scald|p1a: Gyarados
|-crit|p1a: Gyarados
|-resisted|p1a: Gyarados
|-damage|p1a: Gyarados|81\/352
|move|p1a: Gyarados|Rest|p1a: Gyarados
|-status|p1a: Gyarados|slp
|-heal|p1a: Gyarados|352\/352 slp|[silent]
|-status|p1a: Gyarados|slp|[from] move: Rest
|
|-heal|p2a: Tentacruel|345\/357|[from] item: Black Sludge
|turn|19
|
|switch|p1a: Chansey|Chansey, F|703\/703
|-damage|p1a: Chansey|616\/703|[from] Stealth Rock
|move|p2a: Tentacruel|Sludge Wave|p1a: Chansey
|-damage|p1a: Chansey|553\/703
|
|-heal|p2a: Tentacruel|357\/357|[from] item: Black Sludge
|turn|20
|
|switch|p2a: Absol|Absol-Mega, M|271\/271
|move|p1a: Chansey|Heal Bell|p1a: Chansey
|-cureteam|p1a: Chansey|[from] move: HealBell
|
|turn|21
|
|switch|p1a: Gyarados|Gyarados, M|352\/352
|-damage|p1a: Gyarados|264\/352|[from] Stealth Rock
|-ability|p1a: Gyarados|Intimidate|[of] p2a: Absol
|-unboost|p2a: Absol|atk|1
|move|p2a: Absol|Knock Off|p1a: Gyarados
|-damage|p1a: Gyarados|165\/352
|
|turn|22
|
|switch|p2a: Serperior|Serperior, M|205\/292
|move|p1a: Gyarados|Rest|p1a: Gyarados
|-status|p1a: Gyarados|slp
|-heal|p1a: Gyarados|352\/352 slp|[silent]
|-status|p1a: Gyarados|slp|[from] move: Rest
|
|turn|23
|
|switch|p1a: Clefable|Clefable, M|307\/393
|-damage|p1a: Clefable|258\/393|[from] Stealth Rock
|move|p2a: Serperior|Leaf Storm|p1a: Clefable
|-damage|p1a: Clefable|129\/393
|-boost|p2a: Serperior|spa|2
|
|-heal|p1a: Clefable|153\/393|[from] item: Leftovers
|turn|24
|
|move|p2a: Serperior|Leaf Storm|p1a: Clefable
|-damage|p1a: Clefable|26\/393
|-boost|p2a: Serperior|spa|2
|move|p1a: Clefable|Wish|p1a: Clefable
|
|-heal|p1a: Clefable|50\/393|[from] item: Leftovers
|turn|25
|
|move|p1a: Clefable|Protect|p1a: Clefable
|-singleturn|p1a: Clefable|Protect
|move|p2a: Serperior|Giga Drain|p1a: Clefable
|-activate|p1a: Clefable|Protect
|
|-heal|p1a: Clefable|246\/393|[from] move: Wish|[wisher] Clefable
|-heal|p1a: Clefable|270\/393|[from] item: Leftovers
|turn|26
|
|switch|p2a: Tentacruel|Tentacruel, M|357\/357
|move|p1a: Clefable|Wish|p1a: Clefable
|
|-heal|p1a: Clefable|294\/393|[from] item: Leftovers
|turn|27
|
|switch|p1a: Bronzong|Bronzong|244\/337
|-damage|p1a: Bronzong|223\/337|[from] Stealth Rock
|move|p2a: Tentacruel|Scald|p1a: Bronzong
|-damage|p1a: Bronzong|169\/337
|-status|p1a: Bronzong|brn
|
|-heal|p1a: Bronzong|337\/337 brn|[from] move: Wish|[wisher] Clefable
|-damage|p1a: Bronzong|295\/337 brn|[from] brn
|turn|28
|
|switch|p2a: Talonflame|Talonflame, M|325\/325
|move|p1a: Bronzong|Toxic|p2a: Talonflame
|-status|p2a: Talonflame|tox
|
|-heal|p1a: Bronzong|316\/337 brn|[from] item: Leftovers
|-damage|p2a: Talonflame|305\/325 tox|[from] psn
|-damage|p1a: Bronzong|274\/337 brn|[from] brn
|turn|29
|
|switch|p1a: Gyarados|Gyarados, M|352\/352 slp
|-damage|p1a: Gyarados|264\/352 slp|[from] Stealth Rock
|-ability|p1a: Gyarados|Intimidate|[of] p2a: Talonflame
|-unboost|p2a: Talonflame|atk|1
|move|p2a: Talonflame|Swords Dance|p2a: Talonflame
|-boost|p2a: Talonflame|atk|2
|
|-heal|p2a: Talonflame|325\/325 tox|[from] item: Leftovers
|-damage|p2a: Talonflame|285\/325 tox|[from] psn
|turn|30
|
|move|p2a: Talonflame|Brave Bird|p1a: Gyarados
|-damage|p1a: Gyarados|0 fnt
|-damage|p2a: Talonflame|198\/325 tox|[from] recoil|[of] p1a: Gyarados
|faint|p1a: Gyarados
|
|-heal|p2a: Talonflame|218\/325 tox|[from] item: Leftovers
|-damage|p2a: Talonflame|158\/325 tox|[from] psn
|
|switch|p1a: Skarmory|Skarmory, F|333\/333
|-damage|p1a: Skarmory|292\/333|[from] Stealth Rock
|turn|31
|
|move|p2a: Talonflame|Flare Blitz|p1a: Skarmory
|-supereffective|p1a: Skarmory
|-damage|p1a: Skarmory|32\/333
|-damage|p2a: Talonflame|72\/325 tox|[from] recoil|[of] p1a: Skarmory
|move|p1a: Skarmory|Defog|p2a: Talonflame
|-unboost|p2a: Talonflame|evasion|1
|-sideend|p1: Kioskate|Stealth Rock|[from] move: Defog|[of] p1a: Skarmory
|
|-heal|p2a: Talonflame|92\/325 tox|[from] item: Leftovers
|-damage|p2a: Talonflame|12\/325 tox|[from] psn
|turn|32
|
|move|p2a: Talonflame|Brave Bird|p1a: Skarmory
|-resisted|p1a: Skarmory
|-damage|p1a: Skarmory|0 fnt
|-damage|p2a: Talonflame|1\/325 tox|[from] recoil|[of] p1a: Skarmory
|faint|p1a: Skarmory
|
|-heal|p2a: Talonflame|21\/325 tox|[from] item: Leftovers
|-damage|p2a: Talonflame|0 fnt|[from] psn
|faint|p2a: Talonflame
|
|switch|p2a: Absol|Absol-Mega, M|271\/271
|switch|p1a: Chansey|Chansey, F|553\/703
|turn|33
|
|move|p2a: Absol|Knock Off|p1a: Chansey
|-damage|p1a: Chansey|319\/703
|-enditem|p1a: Chansey|Eviolite|[from] move: Knock Off|[of] p2a: Absol
|move|p1a: Chansey|Soft-Boiled|p1a: Chansey
|-heal|p1a: Chansey|671\/703
|
|turn|34
|
|move|p2a: Absol|Swords Dance|p2a: Absol
|-boost|p2a: Absol|atk|2
|move|p1a: Chansey|Heal Bell|p1a: Chansey
|-cureteam|p1a: Chansey|[from] move: HealBell
|
|turn|35
|
|switch|p1a: Clefable|Clefable, M|294\/393
|move|p2a: Absol|Knock Off|p1a: Clefable
|-resisted|p1a: Clefable
|-damage|p1a: Clefable|177\/393
|-enditem|p1a: Clefable|Leftovers|[from] move: Knock Off|[of] p2a: Absol
|
|turn|36
|
|switch|p2a: Tentacruel|Tentacruel, M|357\/357
|move|p1a: Clefable|Wish|p1a: Clefable
|
|turn|37
|
|move|p1a: Clefable|Protect|p1a: Clefable
|-singleturn|p1a: Clefable|Protect
|move|p2a: Tentacruel|Scald|p1a: Clefable
|-activate|p1a: Clefable|Protect
|
|-heal|p1a: Clefable|373\/393|[from] move: Wish|[wisher] Clefable
|turn|38
|
|switch|p1a: Chansey|Chansey, F|671\/703
|move|p2a: Tentacruel|Acid Spray|p1a: Chansey
|-damage|p1a: Chansey|632\/703
|-unboost|p1a: Chansey|spd|2
|
|turn|39
|
|switch|p2a: Rhyperior|Rhyperior, M|424\/424
|move|p1a: Chansey|Seismic Toss|p2a: Rhyperior
|-damage|p2a: Rhyperior|324\/424
|
|-heal|p2a: Rhyperior|350\/424|[from] item: Leftovers
|turn|40
|
|switch|p1a: Bronzong|Bronzong|274\/337
|move|p2a: Rhyperior|Stealth Rock|p1a: Bronzong
|-sidestart|p1: Kioskate|move: Stealth Rock
|
|-heal|p2a: Rhyperior|376\/424|[from] item: Leftovers
|-heal|p1a: Bronzong|295\/337|[from] item: Leftovers
|turn|41
|
|move|p2a: Rhyperior|Earthquake|p1a: Bronzong
|-immune|p1a: Bronzong|[msg]
|move|p1a: Bronzong|Gyro Ball|p2a: Rhyperior
|-supereffective|p2a: Rhyperior
|-damage|p2a: Rhyperior|327\/424
|
|-heal|p2a: Rhyperior|353\/424|[from] item: Leftovers
|-heal|p1a: Bronzong|316\/337|[from] item: Leftovers
|turn|42
|
|switch|p2a: Serperior|Serperior, M|205\/292
|move|p1a: Bronzong|Toxic|p2a: Serperior
|-status|p2a: Serperior|tox
|
|-heal|p1a: Bronzong|337\/337|[from] item: Leftovers
|-damage|p2a: Serperior|187\/292 tox|[from] psn
|turn|43
|
|move|p2a: Serperior|Leaf Storm|p1a: Bronzong
|-resisted|p1a: Bronzong
|-damage|p1a: Bronzong|283\/337
|-boost|p2a: Serperior|spa|2
|move|p1a: Bronzong|Gyro Ball|p2a: Serperior
|-damage|p2a: Serperior|19\/292 tox
|
|-heal|p1a: Bronzong|304\/337|[from] item: Leftovers
|-damage|p2a: Serperior|0 fnt|[from] psn
|faint|p2a: Serperior
|
|switch|p2a: Absol|Absol-Mega, M|271\/271
|turn|44
|
|switch|p1a: Clefable|Clefable, M|373\/393
|-damage|p1a: Clefable|324\/393|[from] Stealth Rock
|move|p2a: Absol|Knock Off|p1a: Clefable
|-resisted|p1a: Clefable
|-damage|p1a: Clefable|236\/393
|
|turn|45
|
|switch|p2a: Tentacruel|Tentacruel, M|357\/357
|move|p1a: Clefable|Wish|p1a: Clefable
|
|turn|46
|
|move|p1a: Clefable|Protect|p1a: Clefable
|-singleturn|p1a: Clefable|Protect
|move|p2a: Tentacruel|Acid Spray|p1a: Clefable
|-activate|p1a: Clefable|Protect
|
|-heal|p1a: Clefable|393\/393|[from] move: Wish|[wisher] Clefable
|turn|47
|
|move|p2a: Tentacruel|Scald|p1a: Clefable
|-damage|p1a: Clefable|329\/393
|move|p1a: Clefable|Wish|p1a: Clefable
|
|turn|48
|
|move|p2a: Tentacruel|Scald|p1a: Clefable
|-damage|p1a: Clefable|268\/393
|move|p1a: Clefable|Moonblast|p2a: Tentacruel
|-resisted|p2a: Tentacruel
|-damage|p2a: Tentacruel|309\/357
|
|-heal|p1a: Clefable|393\/393|[from] move: Wish|[wisher] Clefable
|-heal|p2a: Tentacruel|331\/357|[from] item: Black Sludge
|turn|49
|
|switch|p1a: Chansey|Chansey, F|632\/703
|-damage|p1a: Chansey|545\/703|[from] Stealth Rock
|move|p2a: Tentacruel|Scald|p1a: Chansey
|-damage|p1a: Chansey|463\/703
|-status|p1a: Chansey|brn
|
|-heal|p2a: Tentacruel|353\/357|[from] item: Black Sludge
|-damage|p1a: Chansey|376\/703 brn|[from] brn
|turn|50
|
|move|p2a: Tentacruel|Acid Spray|p1a: Chansey
|-damage|p1a: Chansey|339\/703 brn
|-unboost|p1a: Chansey|spd|2
|move|p1a: Chansey|Soft-Boiled|p1a: Chansey
|-heal|p1a: Chansey|691\/703 brn
|
|-heal|p2a: Tentacruel|357\/357|[from] item: Black Sludge
|-damage|p1a: Chansey|604\/703 brn|[from] brn
|turn|51
|
|move|p2a: Tentacruel|Scald|p1a: Chansey
|-damage|p1a: Chansey|460\/703 brn
|move|p1a: Chansey|Wish|p1a: Chansey
|
|-damage|p1a: Chansey|373\/703 brn|[from] brn
|turn|52
|
|move|p2a: Tentacruel|Acid Spray|p1a: Chansey
|-damage|p1a: Chansey|294\/703 brn
|-unboost|p1a: Chansey|spd|2
|move|p1a: Chansey|Heal Bell|p1a: Chansey
|-cureteam|p1a: Chansey|[from] move: HealBell
|
|-heal|p1a: Chansey|645\/703|[from] move: Wish|[wisher] Chansey
|turn|53
|
|switch|p1a: Bronzong|Bronzong|304\/337
|-damage|p1a: Bronzong|283\/337|[from] Stealth Rock
|move|p2a: Tentacruel|Scald|p1a: Bronzong
|-damage|p1a: Bronzong|231\/337
|
|-heal|p1a: Bronzong|252\/337|[from] item: Leftovers
|turn|54
|
|switch|p2a: Rhyperior|Rhyperior, M|353\/424
|move|p1a: Bronzong|Stealth Rock|p2a: Rhyperior
|-sidestart|p2: Starfall11|move: Stealth Rock
|
|-heal|p2a: Rhyperior|379\/424|[from] item: Leftovers
|-heal|p1a: Bronzong|273\/337|[from] item: Leftovers
|turn|55
|
|switch|p2a: Absol|Absol-Mega, M|271\/271
|-damage|p2a: Absol|238\/271|[from] Stealth Rock
|move|p1a: Bronzong|Toxic|p2a: Absol
|move|p2a: Absol|Toxic|p1a: Bronzong|[from]Magic Bounce
|-fail|p1a: Bronzong
|
|-heal|p1a: Bronzong|294\/337|[from] item: Leftovers
|turn|56
|c|âKioskate|!dt acid spray
|c|~|\/data-move Acid Spray
|raw|<font size="1"><font color=#585858>Priority:<\/font> 0&nbsp;|&ThickSpace;<font color=#585858><font color=black>&#10003; Secondary effect<\/font><\/font>&nbsp;|&ThickSpace;<font color=#585858><font color=black>&#10003; Bullet<\/font><\/font>&nbsp;|&ThickSpace;<font color=#585858><font color=black>&#10003; Blocked by Protect<\/font><\/font>&nbsp;|&ThickSpace;<font color=#585858>Target:<\/font> One Adjacent Pokemon<\/font>
|
|switch|p2a: Tentacruel|Tentacruel, M|357\/357
|-damage|p2a: Tentacruel|313\/357|[from] Stealth Rock
|switch|p1a: Clefable|Clefable, M|393\/393
|-damage|p1a: Clefable|344\/393|[from] Stealth Rock
|
|-heal|p2a: Tentacruel|335\/357|[from] item: Black Sludge
|turn|57
|
|switch|p1a: Bronzong|Bronzong|294\/337
|-damage|p1a: Bronzong|273\/337|[from] Stealth Rock
|move|p2a: Tentacruel|Acid Spray|p1a: Bronzong
|-immune|p1a: Bronzong|[msg]
|
|-heal|p2a: Tentacruel|357\/357|[from] item: Black Sludge
|-heal|p1a: Bronzong|294\/337|[from] item: Leftovers
|turn|58
|
|switch|p2a: Rhyperior|Rhyperior, M|379\/424
|-damage|p2a: Rhyperior|353\/424|[from] Stealth Rock
|move|p1a: Bronzong|Earthquake|p2a: Rhyperior
|-supereffective|p2a: Rhyperior
|-damage|p2a: Rhyperior|284\/424
|
|-heal|p2a: Rhyperior|310\/424|[from] item: Leftovers
|-heal|p1a: Bronzong|315\/337|[from] item: Leftovers
|turn|59
|
|move|p2a: Rhyperior|Rock Blast|p1a: Bronzong
|-resisted|p1a: Bronzong
|-damage|p1a: Bronzong|294\/337
|-resisted|p1a: Bronzong
|-damage|p1a: Bronzong|275\/337
|-resisted|p1a: Bronzong
|-damage|p1a: Bronzong|257\/337
|-resisted|p1a: Bronzong
|-damage|p1a: Bronzong|236\/337
|-hitcount|p1a: Bronzong|4
|move|p1a: Bronzong|Gyro Ball|p2a: Rhyperior
|-supereffective|p2a: Rhyperior
|-damage|p2a: Rhyperior|264\/424
|
|-heal|p2a: Rhyperior|290\/424|[from] item: Leftovers
|-heal|p1a: Bronzong|257\/337|[from] item: Leftovers
|turn|60
|
|move|p2a: Rhyperior|Rock Blast|p1a: Bronzong
|-resisted|p1a: Bronzong
|-damage|p1a: Bronzong|239\/337
|-resisted|p1a: Bronzong
|-damage|p1a: Bronzong|217\/337
|-resisted|p1a: Bronzong
|-damage|p1a: Bronzong|197\/337
|-hitcount|p1a: Bronzong|3
|move|p1a: Bronzong|Gyro Ball|p2a: Rhyperior
|-supereffective|p2a: Rhyperior
|-damage|p2a: Rhyperior|241\/424
|
|-heal|p2a: Rhyperior|267\/424|[from] item: Leftovers
|-heal|p1a: Bronzong|218\/337|[from] item: Leftovers
|turn|61
|
|move|p2a: Rhyperior|Rock Blast|p1a: Bronzong|[miss]
|-miss|p2a: Rhyperior|p1a: Bronzong
|move|p1a: Bronzong|Earthquake|p2a: Rhyperior
|-supereffective|p2a: Rhyperior
|-damage|p2a: Rhyperior|194\/424
|
|-heal|p2a: Rhyperior|220\/424|[from] item: Leftovers
|-heal|p1a: Bronzong|239\/337|[from] item: Leftovers
|turn|62
|
|move|p2a: Rhyperior|Rock Blast|p1a: Bronzong
|-resisted|p1a: Bronzong
|-damage|p1a: Bronzong|219\/337
|-resisted|p1a: Bronzong
|-damage|p1a: Bronzong|200\/337
|-hitcount|p1a: Bronzong|2
|move|p1a: Bronzong|Toxic|p2a: Rhyperior
|-status|p2a: Rhyperior|tox
|
|-heal|p2a: Rhyperior|246\/424 tox|[from] item: Leftovers
|-heal|p1a: Bronzong|221\/337|[from] item: Leftovers
|-damage|p2a: Rhyperior|220\/424 tox|[from] psn
|turn|63
|
|move|p2a: Rhyperior|Rock Blast|p1a: Bronzong
|-resisted|p1a: Bronzong
|-damage|p1a: Bronzong|200\/337
|-resisted|p1a: Bronzong
|-damage|p1a: Bronzong|180\/337
|-resisted|p1a: Bronzong
|-damage|p1a: Bronzong|160\/337
|-resisted|p1a: Bronzong
|-damage|p1a: Bronzong|141\/337
|-hitcount|p1a: Bronzong|4
|move|p1a: Bronzong|Earthquake|p2a: Rhyperior
|-supereffective|p2a: Rhyperior
|-damage|p2a: Rhyperior|145\/424 tox
|
|-heal|p2a: Rhyperior|171\/424 tox|[from] item: Leftovers
|-heal|p1a: Bronzong|162\/337|[from] item: Leftovers
|-damage|p2a: Rhyperior|119\/424 tox|[from] psn
|turn|64
|
|move|p2a: Rhyperior|Rock Blast|p1a: Bronzong
|-resisted|p1a: Bronzong
|-damage|p1a: Bronzong|143\/337
|-resisted|p1a: Bronzong
|-damage|p1a: Bronzong|124\/337
|-hitcount|p1a: Bronzong|2
|move|p1a: Bronzong|Earthquake|p2a: Rhyperior
|-supereffective|p2a: Rhyperior
|-damage|p2a: Rhyperior|44\/424 tox
|
|-heal|p2a: Rhyperior|70\/424 tox|[from] item: Leftovers
|-heal|p1a: Bronzong|145\/337|[from] item: Leftovers
|-damage|p2a: Rhyperior|0 fnt|[from] psn
|faint|p2a: Rhyperior
|
|switch|p2a: Absol|Absol-Mega, M|238\/271
|-damage|p2a: Absol|205\/271|[from] Stealth Rock
|turn|65
|
|switch|p2a: Tentacruel|Tentacruel, M|357\/357
|-damage|p2a: Tentacruel|313\/357|[from] Stealth Rock
|switch|p1a: Clefable|Clefable, M|344\/393
|-damage|p1a: Clefable|295\/393|[from] Stealth Rock
|
|-heal|p2a: Tentacruel|335\/357|[from] item: Black Sludge
|turn|66
|
|switch|p1a: Chansey|Chansey, F|645\/703
|-damage|p1a: Chansey|558\/703|[from] Stealth Rock
|move|p2a: Tentacruel|Scald|p1a: Chansey
|-damage|p1a: Chansey|486\/703
|
|-heal|p2a: Tentacruel|357\/357|[from] item: Black Sludge
|turn|67
|
|move|p2a: Tentacruel|Acid Spray|p1a: Chansey
|-damage|p1a: Chansey|446\/703
|-unboost|p1a: Chansey|spd|2
|move|p1a: Chansey|Wish|p1a: Chansey
|
|turn|68
|
|switch|p1a: Bronzong|Bronzong|145\/337
|-damage|p1a: Bronzong|124\/337|[from] Stealth Rock
|move|p2a: Tentacruel|Scald|p1a: Bronzong
|-damage|p1a: Bronzong|70\/337
|-status|p1a: Bronzong|brn
|
|-heal|p1a: Bronzong|337\/337 brn|[from] move: Wish|[wisher] Chansey
|-damage|p1a: Bronzong|295\/337 brn|[from] brn
|turn|69
|
|switch|p1a: Chansey|Chansey, F|446\/703
|-damage|p1a: Chansey|359\/703|[from] Stealth Rock
|move|p2a: Tentacruel|Rapid Spin|p1a: Chansey
|-damage|p1a: Chansey|337\/703
|-sideend|p2: Starfall11|Stealth Rock|[from] move: Rapid Spin|[of] p2a: Tentacruel
|
|turn|70
|
|switch|p2a: Absol|Absol-Mega, M|205\/271
|move|p1a: Chansey|Soft-Boiled|p1a: Chansey
|-heal|p1a: Chansey|689\/703
|
|turn|71
|
|move|p2a: Absol|Knock Off|p1a: Chansey
|-damage|p1a: Chansey|427\/703
|move|p1a: Chansey|Seismic Toss|p2a: Absol
|-damage|p2a: Absol|105\/271
|
|turn|72
|
|move|p2a: Absol|Knock Off|p1a: Chansey
|-damage|p1a: Chansey|159\/703
|move|p1a: Chansey|Soft-Boiled|p1a: Chansey
|-heal|p1a: Chansey|511\/703
|
|turn|73
|
|move|p2a: Absol|Knock Off|p1a: Chansey
|-damage|p1a: Chansey|234\/703
|move|p1a: Chansey|Soft-Boiled|p1a: Chansey
|-heal|p1a: Chansey|586\/703
|
|turn|74
|
|switch|p2a: Tentacruel|Tentacruel, M|357\/357
|move|p1a: Chansey|Soft-Boiled|p1a: Chansey
|-heal|p1a: Chansey|703\/703
|
|turn|75
|
|move|p2a: Tentacruel|Scald|p1a: Chansey
|-damage|p1a: Chansey|630\/703
|move|p1a: Chansey|Heal Bell|p1a: Chansey
|-cureteam|p1a: Chansey|[from] move: HealBell
|
|turn|76
|
|switch|p2a: Absol|Absol-Mega, M|105\/271
|switch|p1a: Bronzong|Bronzong|295\/337
|-damage|p1a: Bronzong|274\/337|[from] Stealth Rock
|
|-heal|p1a: Bronzong|295\/337|[from] item: Leftovers
|turn|77
|
|switch|p1a: Clefable|Clefable, M|295\/393
|-damage|p1a: Clefable|246\/393|[from] Stealth Rock
|move|p2a: Absol|Knock Off|p1a: Clefable
|-resisted|p1a: Clefable
|-damage|p1a: Clefable|170\/393
|
|turn|78
|
|switch|p2a: Tentacruel|Tentacruel, M|357\/357
|move|p1a: Clefable|Wish|p1a: Clefable
|
|turn|79
|
|move|p1a: Clefable|Protect|p1a: Clefable
|-singleturn|p1a: Clefable|Protect
|move|p2a: Tentacruel|Scald|p1a: Clefable
|-activate|p1a: Clefable|Protect
|
|-heal|p1a: Clefable|366\/393|[from] move: Wish|[wisher] Clefable
|turn|80
|
|switch|p1a: Bronzong|Bronzong|295\/337
|-damage|p1a: Bronzong|274\/337|[from] Stealth Rock
|move|p2a: Tentacruel|Scald|p1a: Bronzong
|-crit|p1a: Bronzong
|-damage|p1a: Bronzong|201\/337
|
|-heal|p1a: Bronzong|222\/337|[from] item: Leftovers
|turn|81
|
|move|p2a: Tentacruel|Scald|p1a: Bronzong
|-damage|p1a: Bronzong|174\/337
|move|p1a: Bronzong|Earthquake|p2a: Tentacruel
|-supereffective|p2a: Tentacruel
|-damage|p2a: Tentacruel|209\/357
|
|-heal|p2a: Tentacruel|231\/357|[from] item: Black Sludge
|-heal|p1a: Bronzong|195\/337|[from] item: Leftovers
|turn|82
|
|switch|p2a: Absol|Absol-Mega, M|105\/271
|move|p1a: Bronzong|Earthquake|p2a: Absol
|-damage|p2a: Absol|0 fnt
|faint|p2a: Absol
|
|-heal|p1a: Bronzong|216\/337|[from] item: Leftovers
|
|switch|p2a: Tentacruel|Tentacruel, M|231\/357
|turn|83
|
|move|p2a: Tentacruel|Scald|p1a: Bronzong
|-damage|p1a: Bronzong|167\/337
|-status|p1a: Bronzong|brn
|move|p1a: Bronzong|Earthquake|p2a: Tentacruel
|-supereffective|p2a: Tentacruel
|-damage|p2a: Tentacruel|157\/357
|
|-heal|p2a: Tentacruel|179\/357|[from] item: Black Sludge
|-heal|p1a: Bronzong|188\/337 brn|[from] item: Leftovers
|-damage|p1a: Bronzong|146\/337 brn|[from] brn
|turn|84
|
|switch|p1a: Chansey|Chansey, F|630\/703
|-damage|p1a: Chansey|543\/703|[from] Stealth Rock
|move|p2a: Tentacruel|Acid Spray|p1a: Chansey
|-damage|p1a: Chansey|503\/703
|-unboost|p1a: Chansey|spd|2
|
|-heal|p2a: Tentacruel|201\/357|[from] item: Black Sludge
|turn|85
|
|move|p2a: Tentacruel|Sludge Wave|p1a: Chansey
|-damage|p1a: Chansey|341\/703
|move|p1a: Chansey|Seismic Toss|p2a: Tentacruel
|-damage|p2a: Tentacruel|101\/357
|
|-heal|p2a: Tentacruel|123\/357|[from] item: Black Sludge
|turn|86
|
|move|p2a: Tentacruel|Sludge Wave|p1a: Chansey
|-damage|p1a: Chansey|154\/703
|move|p1a: Chansey|Soft-Boiled|p1a: Chansey
|-heal|p1a: Chansey|506\/703
|
|-heal|p2a: Tentacruel|145\/357|[from] item: Black Sludge
|turn|87
|c|âKioskate|gg
|
|move|p2a: Tentacruel|Acid Spray|p1a: Chansey
|-damage|p1a: Chansey|430\/703
|-unboost|p1a: Chansey|spd|2
|move|p1a: Chansey|Seismic Toss|p2a: Tentacruel
|-damage|p2a: Tentacruel|45\/357
|
|-heal|p2a: Tentacruel|67\/357|[from] item: Black Sludge
|turn|88
|
|move|p2a: Tentacruel|Sludge Wave|p1a: Chansey
|-damage|p1a: Chansey|148\/703
|move|p1a: Chansey|Seismic Toss|p2a: Tentacruel
|-damage|p2a: Tentacruel|0 fnt
|faint|p2a: Tentacruel
|
|win|Kioskate
|raw|Ladder updating...
|raw|Kioskate's rating: 1501 &rarr; <strong>1518<\/strong><br \/>(+17 for winning)
|raw|Starfall11's rating: 1455 &rarr; <strong>1438<\/strong><br \/>(-17 for losing)
|leave|Starfall11
|player|p2