|join|Reverb
|join|Kioskate
|player|p1|Reverb|#reverb
|player|p2|Kioskate|102
|gametype|singles
|gen|6
|tier|OU
|rated
|clearpoke
|poke|p1|Lopunny, M
|poke|p1|Celebi
|poke|p1|Tyranitar, M
|poke|p1|Keldeo
|poke|p1|Landorus-Therian, M
|poke|p1|Empoleon, F
|poke|p2|Gothitelle, F
|poke|p2|Sableye, M
|poke|p2|Jirachi
|poke|p2|Alomomola, F
|poke|p2|Skarmory, F
|poke|p2|Chansey, F
|rule|Swagger Clause: Swagger is banned
|rule|Baton Pass Clause: Limit one PokÃ©mon knowing Baton Pass
|rule|Sleep Clause Mod: Limit one foe put to sleep
|rule|Species Clause: Limit one of each PokÃ©mon
|rule|OHKO Clause: OHKO moves are banned
|rule|Moody Clause: Moody is banned
|rule|Evasion Moves Clause: Evasion moves are banned
|rule|Endless Battle Clause: Forcing endless battles is banned
|rule|HP Percentage Mod: HP is shown in percentages
|teampreview
|c|âKioskate|I really think 2 pokemon should be able to use BP
|c|âKioskate|So lop and cel can both use it
|
|start
|switch|p1a: Empoleon|Empoleon, F|371\/371
|switch|p2a: Sableye|Sableye, M|303\/303
|turn|1
|c|âReverb|lol
|
|detailschange|p2a: Sableye|Sableye-Mega, M
|-mega|p2a: Sableye|Sableye|Sablenite
|move|p2a: Sableye|Will-O-Wisp|p1a: Empoleon
|-status|p1a: Empoleon|brn
|move|p1a: Empoleon|Scald|p2a: Sableye
|-damage|p2a: Sableye|216\/303
|
|-damage|p1a: Empoleon|325\/371 brn|[from] brn
|turn|2
|
|move|p1a: Empoleon|Scald|p2a: Sableye
|-damage|p2a: Sableye|125\/303
|-status|p2a: Sableye|brn
|move|p2a: Sableye|Knock Off|p1a: Empoleon
|-crit|p1a: Empoleon
|-damage|p1a: Empoleon|262\/371 brn
|-enditem|p1a: Empoleon|Leftovers|[from] move: Knock Off|[of] p2a: Sableye
|
|-damage|p1a: Empoleon|216\/371 brn|[from] brn
|-damage|p2a: Sableye|88\/303 brn|[from] brn
|turn|3
|
|move|p1a: Empoleon|Scald|p2a: Sableye
|-damage|p2a: Sableye|3\/303 brn
|move|p2a: Sableye|Recover|p2a: Sableye
|-heal|p2a: Sableye|155\/303 brn
|
|-damage|p1a: Empoleon|170\/371 brn|[from] brn
|-damage|p2a: Sableye|118\/303 brn|[from] brn
|turn|4
|
|switch|p1a: Celebi|Celebi|404\/404
|move|p2a: Sableye|Recover|p2a: Sableye
|-heal|p2a: Sableye|270\/303 brn
|
|-damage|p2a: Sableye|233\/303 brn|[from] brn
|turn|5
|
|switch|p2a: Chansey|Chansey, F|703\/703
|move|p1a: Celebi|Substitute|p1a: Celebi
|-start|p1a: Celebi|Substitute
|-damage|p1a: Celebi|303\/404
|
|-heal|p1a: Celebi|328\/404|[from] item: Leftovers
|turn|6
|
|move|p1a: Celebi|Baton Pass|p1a: Celebi
|
|switch|p1a: Tyranitar|Tyranitar, M|383\/383
|-weather|Sandstorm
|move|p2a: Chansey|Heal Bell|p2a: Chansey
|-cureteam|p2a: Chansey|[from] move: HealBell
|
|-weather|Sandstorm|[upkeep]
|-damage|p2a: Chansey|660\/703|[from] sandstorm
|turn|7
|
|move|p1a: Tyranitar|Pursuit|p2a: Chansey|[from]Pursuit
|-damage|p2a: Chansey|336\/703
|switch|p2a: Alomomola|Alomomola, F|533\/533
|
|-weather|Sandstorm|[upkeep]
|-damage|p2a: Alomomola|500\/533|[from] sandstorm
|turn|8
|
|switch|p1a: Empoleon|Empoleon, F|170\/371 brn
|move|p2a: Alomomola|Wish|p2a: Alomomola
|
|-weather|Sandstorm|[upkeep]
|-damage|p2a: Alomomola|467\/533|[from] sandstorm
|-damage|p1a: Empoleon|124\/371 brn|[from] brn
|turn|9
|
|switch|p2a: Chansey|Chansey, F|336\/703
|move|p1a: Empoleon|Roar|p2a: Chansey
|drag|p2a: Alomomola|Alomomola, F|533\/533
|
|-weather|Sandstorm|[upkeep]
|-damage|p2a: Alomomola|500\/533|[from] sandstorm
|-heal|p2a: Alomomola|533\/533|[from] move: Wish|[wisher] Alomomola
|-damage|p1a: Empoleon|78\/371 brn|[from] brn
|turn|10
|
|move|p2a: Alomomola|Wish|p2a: Alomomola
|move|p1a: Empoleon|Stealth Rock|p2a: Alomomola
|-sidestart|p2: Kioskate|move: Stealth Rock
|
|-weather|none
|-damage|p1a: Empoleon|32\/371 brn|[from] brn
|turn|11
|
|switch|p2a: Jirachi|Jirachi|403\/403
|-damage|p2a: Jirachi|378\/403|[from] Stealth Rock
|move|p1a: Empoleon|Scald|p2a: Jirachi
|-damage|p2a: Jirachi|260\/403
|
|-heal|p2a: Jirachi|403\/403|[from] move: Wish|[wisher] Alomomola
|-damage|p1a: Empoleon|0 fnt|[from] brn
|faint|p1a: Empoleon
|
|switch|p1a: Landorus-Therian|Landorus-Therian, M|327\/327
|-ability|p1a: Landorus-Therian|Intimidate|[of] p2a: Jirachi
|-unboost|p2a: Jirachi|atk|1
|turn|12
|
|switch|p2a: Skarmory|Skarmory, F|333\/333
|-damage|p2a: Skarmory|292\/333|[from] Stealth Rock
|move|p1a: Landorus-Therian|U-turn|p2a: Skarmory
|-resisted|p2a: Skarmory
|-damage|p2a: Skarmory|280\/333
|
|switch|p1a: Keldeo|Keldeo|323\/323
|
|turn|13
|
|switch|p2a: Alomomola|Alomomola, F|533\/533
|-damage|p2a: Alomomola|467\/533|[from] Stealth Rock
|move|p1a: Keldeo|Scald|p2a: Alomomola
|-resisted|p2a: Alomomola
|-damage|p2a: Alomomola|269\/533
|
|turn|14
|
|move|p1a: Keldeo|Scald|p2a: Alomomola
|-resisted|p2a: Alomomola
|-damage|p2a: Alomomola|83\/533
|move|p2a: Alomomola|Wish|p2a: Alomomola
|
|turn|15
|
|switch|p1a: Celebi|Celebi|328\/404
|move|p2a: Alomomola|Protect|p2a: Alomomola
|-fail|p2a: Alomomola
|
|-heal|p2a: Alomomola|349\/533|[from] move: Wish|[wisher] Alomomola
|-heal|p1a: Celebi|353\/404|[from] item: Leftovers
|turn|16
|
|switch|p2a: Chansey|Chansey, F|336\/703
|-damage|p2a: Chansey|249\/703|[from] Stealth Rock
|move|p1a: Celebi|Baton Pass|p1a: Celebi
|
|switch|p1a: Tyranitar|Tyranitar, M|383\/383
|-weather|Sandstorm
|
|-weather|Sandstorm|[upkeep]
|-damage|p2a: Chansey|206\/703|[from] sandstorm
|turn|17
|
|move|p1a: Tyranitar|Crunch|p2a: Chansey
|-damage|p2a: Chansey|0 fnt
|faint|p2a: Chansey
|
|-weather|Sandstorm|[upkeep]
|
|switch|p2a: Sableye|Sableye-Mega, M|233\/303
|-damage|p2a: Sableye|196\/303|[from] Stealth Rock
|turn|18
|
|move|p1a: Tyranitar|Crunch|p2a: Sableye
|-damage|p2a: Sableye|51\/303
|move|p2a: Sableye|Knock Off|p1a: Tyranitar
|-resisted|p1a: Tyranitar
|-damage|p1a: Tyranitar|335\/383
|-enditem|p1a: Tyranitar|Choice Band|[from] move: Knock Off|[of] p2a: Sableye
|
|-weather|Sandstorm|[upkeep]
|-damage|p2a: Sableye|33\/303|[from] sandstorm
|turn|19
|-message|Kioskate forfeited.
|
|win|Reverb
|raw|Ladder updating...
|leave|Kioskate
|player|p2
|raw|Reverb's rating: 1658 &rarr; <strong>1670<\/strong><br \/>(+12 for winning)
|raw|Kioskate's rating: 1511 &rarr; <strong>1499<\/strong><br \/>(-12 for losing)