|join|Kioskate
|join|Der Twist
|player|p1|Kioskate|2
|player|p2|Der Twist|53
|gametype|singles
|gen|6
|tier|OU (suspect test)
|rated
|clearpoke
|poke|p1|Talonflame, M
|poke|p1|Venusaur, M
|poke|p1|Jirachi
|poke|p1|Gothitelle, M
|poke|p1|Mandibuzz, F
|poke|p1|Clefable, M
|poke|p2|Altaria, F, shiny
|poke|p2|Heatran, M
|poke|p2|Keldeo-Resolute
|poke|p2|Celebi
|poke|p2|Scizor, M
|poke|p2|Landorus-Therian, M
|rule|Swagger Clause: Swagger is banned
|rule|Baton Pass Clause: Limit one PokÃ©mon knowing Baton Pass
|rule|Sleep Clause Mod: Limit one foe put to sleep
|rule|Species Clause: Limit one of each PokÃ©mon
|rule|OHKO Clause: OHKO moves are banned
|rule|Moody Clause: Moody is banned
|rule|Evasion Moves Clause: Evasion moves are banned
|rule|Endless Battle Clause: Forcing endless battles is banned
|rule|HP Percentage Mod: HP is shown in percentages
|teampreview
|
|start
|switch|p1a: Venusaur|Venusaur, M|363\/363
|switch|p2a: Doge|Landorus-Therian, M|381\/381
|-ability|p2a: Doge|Intimidate|[of] p1a: Venusaur
|-unboost|p1a: Venusaur|atk|1
|turn|1
|join|Gonzo0o
|
|detailschange|p1a: Venusaur|Venusaur-Mega, M
|-mega|p1a: Venusaur|Venusaur|Venusaurite
|move|p2a: Doge|U-turn|p1a: Venusaur
|-damage|p1a: Venusaur|295\/363
|
|switch|p2a: Arts n Craft|Scizor, M|343\/343
|move|p1a: Venusaur|Giga Drain|p2a: Arts n Craft
|-resisted|p2a: Arts n Craft
|-damage|p2a: Arts n Craft|310\/343
|-heal|p1a: Venusaur|312\/363|[from] drain|[of] p2a: Arts n Craft
|
|turn|2
|
|switch|p1a: Mandibuzz|Mandibuzz, F|423\/423
|move|p2a: Arts n Craft|Knock Off|p1a: Mandibuzz
|-resisted|p1a: Mandibuzz
|-damage|p1a: Mandibuzz|385\/423
|-enditem|p1a: Mandibuzz|Leftovers|[from] move: Knock Off|[of] p2a: Arts n Craft
|
|turn|3
|
|switch|p1a: Gothitelle|Gothitelle, M|343\/343
|switch|p2a: Furnace|Heatran, M|323\/323
|
|turn|4
|
|move|p2a: Furnace|Flash Cannon|p1a: Gothitelle
|-crit|p1a: Gothitelle
|-damage|p1a: Gothitelle|175\/343
|move|p1a: Gothitelle|Calm Mind|p1a: Gothitelle
|-boost|p1a: Gothitelle|spa|1
|-boost|p1a: Gothitelle|spd|1
|
|-heal|p1a: Gothitelle|196\/343|[from] item: Leftovers
|turn|5
|
|move|p2a: Furnace|Flash Cannon|p1a: Gothitelle
|-damage|p1a: Gothitelle|126\/343
|move|p1a: Gothitelle|Calm Mind|p1a: Gothitelle
|-boost|p1a: Gothitelle|spa|1
|-boost|p1a: Gothitelle|spd|1
|
|-heal|p1a: Gothitelle|147\/343|[from] item: Leftovers
|turn|6
|
|move|p2a: Furnace|Flash Cannon|p1a: Gothitelle
|-damage|p1a: Gothitelle|93\/343
|move|p1a: Gothitelle|Rest|p1a: Gothitelle
|-status|p1a: Gothitelle|slp
|-heal|p1a: Gothitelle|343\/343 slp|[silent]
|-status|p1a: Gothitelle|slp|[from] move: Rest
|
|turn|7
|
|move|p2a: Furnace|Flash Cannon|p1a: Gothitelle
|-damage|p1a: Gothitelle|294\/343 slp
|cant|p1a: Gothitelle|slp
|
|-heal|p1a: Gothitelle|315\/343 slp|[from] item: Leftovers
|turn|8
|
|move|p2a: Furnace|Flash Cannon|p1a: Gothitelle
|-damage|p1a: Gothitelle|260\/343 slp
|cant|p1a: Gothitelle|slp
|
|-heal|p1a: Gothitelle|281\/343 slp|[from] item: Leftovers
|turn|9
|
|move|p2a: Furnace|Flash Cannon|p1a: Gothitelle
|-damage|p1a: Gothitelle|229\/343 slp
|-curestatus|p1a: Gothitelle|slp
|move|p1a: Gothitelle|Calm Mind|p1a: Gothitelle
|-boost|p1a: Gothitelle|spa|1
|-boost|p1a: Gothitelle|spd|1
|
|-heal|p1a: Gothitelle|250\/343|[from] item: Leftovers
|turn|10
|
|move|p2a: Furnace|Flash Cannon|p1a: Gothitelle
|-damage|p1a: Gothitelle|204\/343
|move|p1a: Gothitelle|Calm Mind|p1a: Gothitelle
|-boost|p1a: Gothitelle|spa|1
|-boost|p1a: Gothitelle|spd|1
|
|-heal|p1a: Gothitelle|225\/343|[from] item: Leftovers
|turn|11
|
|move|p2a: Furnace|Flash Cannon|p1a: Gothitelle
|-damage|p1a: Gothitelle|188\/343
|move|p1a: Gothitelle|Calm Mind|p1a: Gothitelle
|-boost|p1a: Gothitelle|spa|1
|-boost|p1a: Gothitelle|spd|1
|
|-heal|p1a: Gothitelle|209\/343|[from] item: Leftovers
|turn|12
|
|move|p2a: Furnace|Flash Cannon|p1a: Gothitelle
|-damage|p1a: Gothitelle|176\/343
|move|p1a: Gothitelle|Calm Mind|p1a: Gothitelle
|-boost|p1a: Gothitelle|spa|1
|-boost|p1a: Gothitelle|spd|1
|
|-heal|p1a: Gothitelle|197\/343|[from] item: Leftovers
|turn|13
|
|move|p2a: Furnace|Flash Cannon|p1a: Gothitelle
|-damage|p1a: Gothitelle|170\/343
|move|p1a: Gothitelle|Rest|p1a: Gothitelle
|-status|p1a: Gothitelle|slp
|-heal|p1a: Gothitelle|343\/343 slp|[silent]
|-status|p1a: Gothitelle|slp|[from] move: Rest
|
|turn|14
|
|move|p2a: Furnace|Flash Cannon|p1a: Gothitelle
|-damage|p1a: Gothitelle|318\/343 slp
|-unboost|p1a: Gothitelle|spd|1
|cant|p1a: Gothitelle|slp
|
|-heal|p1a: Gothitelle|339\/343 slp|[from] item: Leftovers
|turn|15
|
|move|p2a: Furnace|Flash Cannon|p1a: Gothitelle
|-damage|p1a: Gothitelle|306\/343 slp
|cant|p1a: Gothitelle|slp
|
|-heal|p1a: Gothitelle|327\/343 slp|[from] item: Leftovers
|turn|16
|
|move|p2a: Furnace|Flash Cannon|p1a: Gothitelle
|-damage|p1a: Gothitelle|297\/343 slp
|-curestatus|p1a: Gothitelle|slp
|move|p1a: Gothitelle|Dark Pulse|p2a: Furnace
|-damage|p2a: Furnace|83\/323
|
|-heal|p1a: Gothitelle|318\/343|[from] item: Leftovers
|turn|17
|
|move|p2a: Furnace|Flash Cannon|p1a: Gothitelle
|-damage|p1a: Gothitelle|288\/343
|move|p1a: Gothitelle|Dark Pulse|p2a: Furnace
|-crit|p2a: Furnace
|-damage|p2a: Furnace|0 fnt
|faint|p2a: Furnace
|
|-heal|p1a: Gothitelle|309\/343|[from] item: Leftovers
|
|switch|p2a: Doge|Landorus-Therian, M|381\/381
|-ability|p2a: Doge|Intimidate|[of] p1a: Gothitelle
|-unboost|p1a: Gothitelle|atk|1
|turn|18
|
|move|p2a: Doge|U-turn|p1a: Gothitelle
|-supereffective|p1a: Gothitelle
|-damage|p1a: Gothitelle|91\/343
|
|switch|p2a: Arts n Craft|Scizor, M|310\/343
|move|p1a: Gothitelle|Charm|p2a: Arts n Craft
|-unboost|p2a: Arts n Craft|atk|2
|
|-heal|p1a: Gothitelle|112\/343|[from] item: Leftovers
|turn|19
|
|move|p1a: Gothitelle|Rest|p1a: Gothitelle
|-status|p1a: Gothitelle|slp
|-heal|p1a: Gothitelle|343\/343 slp|[silent]
|-status|p1a: Gothitelle|slp|[from] move: Rest
|move|p2a: Arts n Craft|Knock Off|p1a: Gothitelle
|-supereffective|p1a: Gothitelle
|-damage|p1a: Gothitelle|241\/343 slp
|-enditem|p1a: Gothitelle|Leftovers|[from] move: Knock Off|[of] p2a: Arts n Craft
|
|turn|20
|
|move|p2a: Arts n Craft|Knock Off|p1a: Gothitelle
|-supereffective|p1a: Gothitelle
|-damage|p1a: Gothitelle|175\/343 slp
|cant|p1a: Gothitelle|slp
|
|turn|21
|leave|Gonzo0o
|
|move|p2a: Arts n Craft|Knock Off|p1a: Gothitelle
|-crit|p1a: Gothitelle
|-supereffective|p1a: Gothitelle
|-damage|p1a: Gothitelle|0 fnt
|faint|p1a: Gothitelle
|
|
|switch|p1a: Talonflame|Talonflame, M|359\/359
|turn|22
|
|switch|p2a: Doge|Landorus-Therian, M|381\/381
|-ability|p2a: Doge|Intimidate|[of] p1a: Talonflame
|-unboost|p1a: Talonflame|atk|1
|move|p1a: Talonflame|Will-O-Wisp|p2a: Doge|[miss]
|-miss|p1a: Talonflame|p2a: Doge
|
|turn|23
|
|switch|p1a: Venusaur|Venusaur-Mega, M|312\/363
|switch|p2a: Mighty Puff|Altaria, F, shiny|307\/307
|-ability|p2a: Mighty Puff|Cloud Nine
|
|turn|24
|
|switch|p2a: Arts n Craft|Scizor, M|310\/343
|move|p1a: Venusaur|Sleep Powder|p2a: Arts n Craft
|-status|p2a: Arts n Craft|slp
|
|turn|25
|
|switch|p1a: Talonflame|Talonflame, M|359\/359
|switch|p2a: Doge|Landorus-Therian, M|381\/381
|-ability|p2a: Doge|Intimidate|[of] p1a: Talonflame
|-unboost|p1a: Talonflame|atk|1
|
|turn|26
|
|move|p1a: Talonflame|Will-O-Wisp|p2a: Doge
|-status|p2a: Doge|brn
|move|p2a: Doge|Smack Down|p1a: Talonflame
|-supereffective|p1a: Talonflame
|-damage|p1a: Talonflame|167\/359
|-start|p1a: Talonflame|Smack Down
|
|-heal|p1a: Talonflame|189\/359|[from] item: Leftovers
|-damage|p2a: Doge|334\/381 brn|[from] brn
|turn|27
|
|move|p1a: Talonflame|Roost|p1a: Talonflame
|-heal|p1a: Talonflame|359\/359
|move|p2a: Doge|Earthquake|p1a: Talonflame
|-supereffective|p1a: Talonflame
|-damage|p1a: Talonflame|65\/359
|
|-heal|p1a: Talonflame|87\/359|[from] item: Leftovers
|-heal|p2a: Doge|357\/381 brn|[from] item: Leftovers
|-damage|p2a: Doge|310\/381 brn|[from] brn
|turn|28
|
|switch|p1a: Mandibuzz|Mandibuzz, F|385\/423
|switch|p2a: Mighty Puff|Altaria, F, shiny|307\/307
|-ability|p2a: Mighty Puff|Cloud Nine
|
|turn|29
|
|switch|p1a: Venusaur|Venusaur-Mega, M|312\/363
|detailschange|p2a: Mighty Puff|Altaria-Mega, F, shiny
|-mega|p2a: Mighty Puff|Altaria|Altarianite
|move|p2a: Mighty Puff|Heal Bell|p2a: Mighty Puff
|-cureteam|p2a: Mighty Puff|[from] move: HealBell
|
|turn|30
|
|switch|p2a: Arts n Craft|Scizor, M|310\/343
|move|p1a: Venusaur|Sludge Bomb|p2a: Arts n Craft
|-immune|p2a: Arts n Craft|[msg]
|
|turn|31
|
|move|p1a: Venusaur|Synthesis|p1a: Venusaur
|-heal|p1a: Venusaur|363\/363
|move|p2a: Arts n Craft|Knock Off|p1a: Venusaur
|-damage|p1a: Venusaur|320\/363
|
|turn|32
|
|move|p1a: Venusaur|Giga Drain|p2a: Arts n Craft
|-resisted|p2a: Arts n Craft
|-damage|p2a: Arts n Craft|276\/343
|-heal|p1a: Venusaur|337\/363|[from] drain|[of] p2a: Arts n Craft
|move|p2a: Arts n Craft|Knock Off|p1a: Venusaur
|-crit|p1a: Venusaur
|-damage|p1a: Venusaur|270\/363
|
|turn|33
|
|switch|p2a: Salad|Celebi|404\/404
|move|p1a: Venusaur|Sleep Powder|p2a: Salad|[miss]
|-miss|p1a: Venusaur|p2a: Salad
|
|turn|34
|
|move|p2a: Salad|Nasty Plot|p2a: Salad
|-boost|p2a: Salad|spa|2
|move|p1a: Venusaur|Sludge Bomb|p2a: Salad
|-supereffective|p2a: Salad
|-damage|p2a: Salad|210\/404
|
|-heal|p2a: Salad|235\/404|[from] item: Leftovers
|turn|35
|leave|Kioskate
|player|p1
|join|Kioskate
|player|p1|Kioskate|2
|
|switch|p1a: Jirachi|Jirachi|403\/403
|move|p2a: Salad|Recover|p2a: Salad
|-heal|p2a: Salad|404\/404
|
|turn|36
|
|move|p2a: Salad|Nasty Plot|p2a: Salad
|-boost|p2a: Salad|spa|2
|move|p1a: Jirachi|Body Slam|p2a: Salad
|-damage|p2a: Salad|337\/404
|-status|p2a: Salad|par
|
|-heal|p2a: Salad|362\/404 par|[from] item: Leftovers
|turn|37
|
|move|p1a: Jirachi|Iron Head|p2a: Salad
|-damage|p2a: Salad|274\/404 par
|cant|p2a: Salad|par
|
|-heal|p2a: Salad|299\/404 par|[from] item: Leftovers
|turn|38
|
|move|p1a: Jirachi|Iron Head|p2a: Salad
|-damage|p2a: Salad|197\/404 par
|cant|p2a: Salad|flinch
|
|-heal|p2a: Salad|222\/404 par|[from] item: Leftovers
|turn|39
|
|move|p1a: Jirachi|U-turn|p2a: Salad
|-supereffective|p2a: Salad
|-damage|p2a: Salad|2\/404 par
|
|switch|p1a: Talonflame|Talonflame, M|87\/359
|move|p2a: Salad|Recover|p2a: Salad
|-heal|p2a: Salad|204\/404 par
|
|-heal|p1a: Talonflame|109\/359|[from] item: Leftovers
|-heal|p2a: Salad|229\/404 par|[from] item: Leftovers
|turn|40
|
|switch|p2a: Mighty Puff|Altaria-Mega, F, shiny|307\/307
|move|p1a: Talonflame|Brave Bird|p2a: Mighty Puff
|-damage|p2a: Mighty Puff|199\/307
|-damage|p1a: Talonflame|73\/359|[from] recoil|[of] p2a: Mighty Puff
|
|-heal|p1a: Talonflame|95\/359|[from] item: Leftovers
|turn|41
|
|move|p1a: Talonflame|Roost|p1a: Talonflame
|-heal|p1a: Talonflame|275\/359
|move|p2a: Mighty Puff|Roost|p2a: Mighty Puff
|-heal|p2a: Mighty Puff|307\/307
|
|-heal|p1a: Talonflame|297\/359|[from] item: Leftovers
|turn|42
|
|move|p1a: Talonflame|Bulk Up|p1a: Talonflame
|-boost|p1a: Talonflame|atk|1
|-boost|p1a: Talonflame|def|1
|move|p2a: Mighty Puff|Heal Bell|p2a: Mighty Puff
|-cureteam|p2a: Mighty Puff|[from] move: HealBell
|
|-heal|p1a: Talonflame|319\/359|[from] item: Leftovers
|turn|43
|
|move|p1a: Talonflame|Bulk Up|p1a: Talonflame
|-boost|p1a: Talonflame|atk|1
|-boost|p1a: Talonflame|def|1
|move|p2a: Mighty Puff|Dragon Dance|p2a: Mighty Puff
|-boost|p2a: Mighty Puff|atk|1
|-boost|p2a: Mighty Puff|spe|1
|
|-heal|p1a: Talonflame|341\/359|[from] item: Leftovers
|turn|44
|
|move|p1a: Talonflame|Brave Bird|p2a: Mighty Puff
|-damage|p2a: Mighty Puff|88\/307
|-damage|p1a: Talonflame|269\/359|[from] recoil|[of] p2a: Mighty Puff
|move|p2a: Mighty Puff|Return|p1a: Talonflame
|-resisted|p1a: Talonflame
|-damage|p1a: Talonflame|166\/359
|
|-heal|p1a: Talonflame|188\/359|[from] item: Leftovers
|turn|45
|
|switch|p2a: Salad|Celebi|229\/404
|move|p1a: Talonflame|Will-O-Wisp|p2a: Salad
|-status|p2a: Salad|brn
|
|-heal|p1a: Talonflame|210\/359|[from] item: Leftovers
|-heal|p2a: Salad|254\/404 brn|[from] item: Leftovers
|-damage|p2a: Salad|204\/404 brn|[from] brn
|turn|46
|
|move|p1a: Talonflame|Brave Bird|p2a: Salad
|-supereffective|p2a: Salad
|-damage|p2a: Salad|0 fnt
|-damage|p1a: Talonflame|143\/359|[from] recoil|[of] p2a: Salad
|faint|p2a: Salad
|
|-heal|p1a: Talonflame|165\/359|[from] item: Leftovers
|
|switch|p2a: Doge|Landorus-Therian, M|310\/381
|-ability|p2a: Doge|Intimidate|[of] p1a: Talonflame
|-unboost|p1a: Talonflame|atk|1
|turn|47
|
|move|p1a: Talonflame|Will-O-Wisp|p2a: Doge
|-status|p2a: Doge|brn
|move|p2a: Doge|Smack Down|p1a: Talonflame
|-supereffective|p1a: Talonflame
|-damage|p1a: Talonflame|69\/359
|-start|p1a: Talonflame|Smack Down
|
|-heal|p1a: Talonflame|91\/359|[from] item: Leftovers
|-heal|p2a: Doge|333\/381 brn|[from] item: Leftovers
|-damage|p2a: Doge|286\/381 brn|[from] brn
|turn|48
|
|move|p1a: Talonflame|Roost|p1a: Talonflame
|-heal|p1a: Talonflame|271\/359
|move|p2a: Doge|Earthquake|p1a: Talonflame
|-crit|p1a: Talonflame
|-supereffective|p1a: Talonflame
|-damage|p1a: Talonflame|0 fnt
|faint|p1a: Talonflame
|
|-heal|p2a: Doge|309\/381 brn|[from] item: Leftovers
|-damage|p2a: Doge|262\/381 brn|[from] brn
|
|switch|p1a: Venusaur|Venusaur-Mega, M|270\/363
|turn|49
|
|move|p2a: Doge|U-turn|p1a: Venusaur
|-damage|p1a: Venusaur|236\/363
|
|switch|p2a: Arts n Craft|Scizor, M|276\/343
|move|p1a: Venusaur|Sleep Powder|p2a: Arts n Craft
|-status|p2a: Arts n Craft|slp
|
|turn|50
|
|switch|p1a: Jirachi|Jirachi|403\/403
|cant|p2a: Arts n Craft|slp
|
|turn|51
|
|switch|p2a: 20 Cooler|Keldeo-Resolute|323\/323
|move|p1a: Jirachi|Stealth Rock|p2a: 20 Cooler
|-sidestart|p2: Der Twist|move: Stealth Rock
|
|turn|52
|
|move|p2a: 20 Cooler|Secret Sword|p1a: Jirachi
|-damage|p1a: Jirachi|246\/403
|move|p1a: Jirachi|Body Slam|p2a: 20 Cooler
|-damage|p2a: 20 Cooler|243\/323
|-status|p2a: 20 Cooler|par
|
|-heal|p1a: Jirachi|271\/403|[from] item: Leftovers
|turn|53
|
|move|p1a: Jirachi|Iron Head|p2a: 20 Cooler
|-resisted|p2a: 20 Cooler
|-damage|p2a: 20 Cooler|194\/323 par
|move|p2a: 20 Cooler|Secret Sword|p1a: Jirachi
|-damage|p1a: Jirachi|118\/403
|
|-heal|p1a: Jirachi|143\/403|[from] item: Leftovers
|turn|54
|
|switch|p1a: Clefable|Clefable, M|394\/394
|cant|p2a: 20 Cooler|par
|
|turn|55
|
|switch|p2a: Doge|Landorus-Therian, M|262\/381 brn
|-damage|p2a: Doge|215\/381 brn|[from] Stealth Rock
|-ability|p2a: Doge|Intimidate|[of] p1a: Clefable
|-unboost|p1a: Clefable|atk|1
|move|p1a: Clefable|Wish|p1a: Clefable
|
|-heal|p2a: Doge|238\/381 brn|[from] item: Leftovers
|-damage|p2a: Doge|191\/381 brn|[from] brn
|turn|56
|
|move|p2a: Doge|Earthquake|p1a: Clefable
|-damage|p1a: Clefable|256\/394
|move|p1a: Clefable|Moonblast|p2a: Doge
|-damage|p2a: Doge|71\/381 brn
|
|-heal|p1a: Clefable|394\/394|[from] move: Wish|[wisher] Clefable
|-heal|p2a: Doge|94\/381 brn|[from] item: Leftovers
|-damage|p2a: Doge|47\/381 brn|[from] brn
|turn|57
|
|move|p2a: Doge|U-turn|p1a: Clefable
|-resisted|p1a: Clefable
|-damage|p1a: Clefable|362\/394
|
|switch|p2a: Arts n Craft|Scizor, M|276\/343 slp
|-damage|p2a: Arts n Craft|234\/343 slp|[from] Stealth Rock
|move|p1a: Clefable|Wish|p1a: Clefable
|
|-heal|p1a: Clefable|386\/394|[from] item: Leftovers
|turn|58
|
|switch|p1a: Mandibuzz|Mandibuzz, F|385\/423
|cant|p2a: Arts n Craft|slp
|
|-heal|p1a: Mandibuzz|423\/423|[from] move: Wish|[wisher] Clefable
|turn|59
|
|move|p1a: Mandibuzz|Knock Off|p2a: Arts n Craft
|-damage|p2a: Arts n Craft|188\/343 slp
|-enditem|p2a: Arts n Craft|Shed Shell|[from] move: Knock Off|[of] p1a: Mandibuzz
|cant|p2a: Arts n Craft|slp
|
|turn|60
|c|âKioskate|oh
|c|âKioskate|thought it was band
|c|âKioskate|that's why it's so weak
|
|-curestatus|p2a: Arts n Craft|slp
|move|p2a: Arts n Craft|Roost|p2a: Arts n Craft
|-heal|p2a: Arts n Craft|343\/343
|move|p1a: Mandibuzz|Whirlwind|p2a: Arts n Craft
|drag|p2a: Doge|Landorus-Therian, M|47\/381 brn
|-damage|p2a: Doge|0 fnt|[from] Stealth Rock
|faint|p2a: Doge
|
|
|switch|p2a: Mighty Puff|Altaria-Mega, F, shiny|88\/307
|-damage|p2a: Mighty Puff|50\/307|[from] Stealth Rock
|turn|61
|
|switch|p1a: Venusaur|Venusaur-Mega, M|236\/363
|move|p2a: Mighty Puff|Roost|p2a: Mighty Puff
|-heal|p2a: Mighty Puff|204\/307
|
|turn|62
|
|move|p2a: Mighty Puff|Return|p1a: Venusaur
|-resisted|p1a: Venusaur
|-damage|p1a: Venusaur|167\/363
|move|p1a: Venusaur|Synthesis|p1a: Venusaur
|-heal|p1a: Venusaur|348\/363
|
|turn|63
|
|switch|p2a: Arts n Craft|Scizor, M|343\/343
|-damage|p2a: Arts n Craft|301\/343|[from] Stealth Rock
|move|p1a: Venusaur|Sludge Bomb|p2a: Arts n Craft
|-immune|p2a: Arts n Craft|[msg]
|
|turn|64
|
|switch|p1a: Mandibuzz|Mandibuzz, F|423\/423
|switch|p2a: Mighty Puff|Altaria-Mega, F, shiny|204\/307
|-damage|p2a: Mighty Puff|166\/307|[from] Stealth Rock
|
|turn|65
|
|switch|p1a: Clefable|Clefable, M|386\/394
|move|p2a: Mighty Puff|Roost|p2a: Mighty Puff
|-heal|p2a: Mighty Puff|307\/307
|
|-heal|p1a: Clefable|394\/394|[from] item: Leftovers
|turn|66
|
|move|p2a: Mighty Puff|Dragon Dance|p2a: Mighty Puff
|-boost|p2a: Mighty Puff|atk|1
|-boost|p2a: Mighty Puff|spe|1
|move|p1a: Clefable|Wish|p1a: Clefable
|
|turn|67
|
|switch|p1a: Jirachi|Jirachi|143\/403
|move|p2a: Mighty Puff|Roost|p2a: Mighty Puff
|-fail|p2a: Mighty Puff
|
|-heal|p1a: Jirachi|340\/403|[from] move: Wish|[wisher] Clefable
|-heal|p1a: Jirachi|365\/403|[from] item: Leftovers
|turn|68
|c|âDer Twist|Shit!
|c|âDer Twist|I was going to cancel that Roost.
|c|âKioskate|cancel never works
|
|switch|p2a: 20 Cooler|Keldeo-Resolute|194\/323 par
|-damage|p2a: 20 Cooler|174\/323 par|[from] Stealth Rock
|move|p1a: Jirachi|Body Slam|p2a: 20 Cooler
|-damage|p2a: 20 Cooler|97\/323 par
|
|-heal|p1a: Jirachi|390\/403|[from] item: Leftovers
|turn|69
|
|move|p1a: Jirachi|Iron Head|p2a: 20 Cooler
|-resisted|p2a: 20 Cooler
|-damage|p2a: 20 Cooler|49\/323 par
|cant|p2a: 20 Cooler|par
|
|-heal|p1a: Jirachi|403\/403|[from] item: Leftovers
|turn|70
|
|move|p1a: Jirachi|Body Slam|p2a: 20 Cooler
|-damage|p2a: 20 Cooler|0 fnt
|faint|p2a: 20 Cooler
|
|
|switch|p2a: Arts n Craft|Scizor, M|301\/343
|-damage|p2a: Arts n Craft|259\/343|[from] Stealth Rock
|turn|71
|
|move|p1a: Jirachi|Body Slam|p2a: Arts n Craft
|-resisted|p2a: Arts n Craft
|-damage|p2a: Arts n Craft|231\/343
|-status|p2a: Arts n Craft|par
|move|p2a: Arts n Craft|Knock Off|p1a: Jirachi
|-supereffective|p1a: Jirachi
|-damage|p1a: Jirachi|217\/403
|-enditem|p1a: Jirachi|Leftovers|[from] move: Knock Off|[of] p2a: Arts n Craft
|
|turn|72
|
|move|p1a: Jirachi|Iron Head|p2a: Arts n Craft
|-resisted|p2a: Arts n Craft
|-damage|p2a: Arts n Craft|195\/343 par
|cant|p2a: Arts n Craft|flinch
|
|turn|73
|
|move|p1a: Jirachi|Iron Head|p2a: Arts n Craft
|-resisted|p2a: Arts n Craft
|-damage|p2a: Arts n Craft|157\/343 par
|cant|p2a: Arts n Craft|flinch
|
|turn|74
|c|âDer Twist|How many people have raged at you for using paraflinch Rachi?
|
|move|p1a: Jirachi|U-turn|p2a: Arts n Craft
|-resisted|p2a: Arts n Craft
|-damage|p2a: Arts n Craft|136\/343 par
|c|âKioskate|None
|c|âKioskate|It's goth that gets them
|
|switch|p1a: Clefable|Clefable, M|394\/394
|cant|p2a: Arts n Craft|par
|
|turn|75
|c|âDer Twist|I can imagine. I thought it was Trick Specs.
|c|âDer Twist|Haven't seen CM for a long time.
|c|âKioskate|charm physically defensive goth is amazing
|
|move|p1a: Clefable|Wish|p1a: Clefable
|move|p2a: Arts n Craft|Roost|p2a: Arts n Craft
|-heal|p2a: Arts n Craft|308\/343 par
|
|turn|76
|
|switch|p1a: Jirachi|Jirachi|217\/403
|move|p2a: Arts n Craft|Bullet Punch|p1a: Jirachi
|-resisted|p1a: Jirachi
|-damage|p1a: Jirachi|172\/403
|
|-heal|p1a: Jirachi|369\/403|[from] move: Wish|[wisher] Clefable
|turn|77
|c|âKioskate|thinking I need to stall out roost
|
|switch|p1a: Mandibuzz|Mandibuzz, F|423\/423
|move|p2a: Arts n Craft|Knock Off|p1a: Mandibuzz
|-resisted|p1a: Mandibuzz
|-damage|p1a: Mandibuzz|401\/423
|
|turn|78
|
|move|p2a: Arts n Craft|Knock Off|p1a: Mandibuzz
|-resisted|p1a: Mandibuzz
|-damage|p1a: Mandibuzz|377\/423
|move|p1a: Mandibuzz|Whirlwind|p2a: Arts n Craft
|drag|p2a: Mighty Puff|Altaria-Mega, F, shiny|307\/307
|-damage|p2a: Mighty Puff|269\/307|[from] Stealth Rock
|
|turn|79
|
|switch|p1a: Venusaur|Venusaur-Mega, M|348\/363
|move|p2a: Mighty Puff|Return|p1a: Venusaur
|-resisted|p1a: Venusaur
|-damage|p1a: Venusaur|275\/363
|
|turn|80
|
|move|p2a: Mighty Puff|Roost|p2a: Mighty Puff
|-heal|p2a: Mighty Puff|307\/307
|move|p1a: Venusaur|Sludge Bomb|p2a: Mighty Puff
|-supereffective|p2a: Mighty Puff
|-damage|p2a: Mighty Puff|83\/307
|
|turn|81
|
|switch|p2a: Arts n Craft|Scizor, M|308\/343 par
|-damage|p2a: Arts n Craft|266\/343 par|[from] Stealth Rock
|move|p1a: Venusaur|Sludge Bomb|p2a: Arts n Craft
|-immune|p2a: Arts n Craft|[msg]
|
|turn|82
|
|switch|p1a: Mandibuzz|Mandibuzz, F|377\/423
|move|p2a: Arts n Craft|Knock Off|p1a: Mandibuzz
|-resisted|p1a: Mandibuzz
|-damage|p1a: Mandibuzz|353\/423
|
|turn|83
|
|switch|p2a: Mighty Puff|Altaria-Mega, F, shiny|83\/307
|-damage|p2a: Mighty Puff|45\/307|[from] Stealth Rock
|move|p1a: Mandibuzz|Knock Off|p2a: Mighty Puff
|-resisted|p2a: Mighty Puff
|-damage|p2a: Mighty Puff|27\/307
|
|turn|84
|
|switch|p1a: Venusaur|Venusaur-Mega, M|275\/363
|move|p2a: Mighty Puff|Roost|p2a: Mighty Puff
|-heal|p2a: Mighty Puff|181\/307
|
|turn|85
|
|switch|p2a: Arts n Craft|Scizor, M|266\/343 par
|-damage|p2a: Arts n Craft|224\/343 par|[from] Stealth Rock
|move|p1a: Venusaur|Sludge Bomb|p2a: Arts n Craft
|-immune|p2a: Arts n Craft|[msg]
|
|turn|86
|c|âKioskate|I'm more scared of scizor tbh lol
|
|switch|p1a: Mandibuzz|Mandibuzz, F|353\/423
|move|p2a: Arts n Craft|Defog|p1a: Mandibuzz
|-unboost|p1a: Mandibuzz|evasion|1
|-sideend|p2: Der Twist|Stealth Rock|[from] move: Defog|[of] p2a: Arts n Craft
|
|turn|87
|c|âDer Twist|I'm scared of your Rachi.
|
|switch|p1a: Jirachi|Jirachi|369\/403
|move|p2a: Arts n Craft|Roost|p2a: Arts n Craft
|-heal|p2a: Arts n Craft|343\/343 par
|
|turn|88
|
|move|p1a: Jirachi|Iron Head|p2a: Arts n Craft
|-resisted|p2a: Arts n Craft
|-damage|p2a: Arts n Craft|309\/343 par
|move|p2a: Arts n Craft|Knock Off|p1a: Jirachi
|-supereffective|p1a: Jirachi
|-damage|p1a: Jirachi|243\/403
|
|turn|89
|c|âDer Twist|And the Paraflinch fun begins again.
|c|âDer Twist|Delightful.
|
|move|p1a: Jirachi|Iron Head|p2a: Arts n Craft
|-resisted|p2a: Arts n Craft
|-damage|p2a: Arts n Craft|272\/343 par
|move|p2a: Arts n Craft|Knock Off|p1a: Jirachi
|-supereffective|p1a: Jirachi
|-damage|p1a: Jirachi|111\/403
|
|turn|90
|c|âKioskate|maybe I should use fire punch over u turn
|
|move|p1a: Jirachi|Iron Head|p2a: Arts n Craft
|-resisted|p2a: Arts n Craft
|-damage|p2a: Arts n Craft|236\/343 par
|move|p2a: Arts n Craft|Knock Off|p1a: Jirachi
|-crit|p1a: Jirachi
|-supereffective|p1a: Jirachi
|-damage|p1a: Jirachi|0 fnt
|faint|p1a: Jirachi
|
|c|âKioskate|I
|c|âDer Twist|And the scourge was no more.
|c|âKioskate|I'd rather lose quickly then try to stall it out
|c|âKioskate|gg
|-message|Kioskate forfeited.
|leave|Kioskate
|
|win|Der Twist
|raw|Ladder updating...
|player|p1
|raw|Kioskate's rating: 1291 &rarr; <strong>1263<\/strong><br \/>(-28 for losing)
|raw|Der Twist's rating: 1251 &rarr; <strong>1279<\/strong><br \/>(+28 for winning)