|join|Kioskate
|join|aceking28
|player|p1|Kioskate|2
|player|p2|aceking28|169
|gametype|singles
|gen|6
|tier|OU (suspect test)
|rated
|clearpoke
|poke|p1|Talonflame, F
|poke|p1|Venusaur, F
|poke|p1|Jirachi
|poke|p1|Gothitelle, M
|poke|p1|Mandibuzz, F
|poke|p1|Clefable, M
|poke|p2|Landorus-Therian, M
|poke|p2|Diancie
|poke|p2|Talonflame, F
|poke|p2|Garchomp, F
|poke|p2|Gengar, M
|poke|p2|Ludicolo, M
|rule|Swagger Clause: Swagger is banned
|rule|Baton Pass Clause: Limit one PokÃ©mon knowing Baton Pass
|rule|Sleep Clause Mod: Limit one foe put to sleep
|rule|Species Clause: Limit one of each PokÃ©mon
|rule|OHKO Clause: OHKO moves are banned
|rule|Moody Clause: Moody is banned
|rule|Evasion Moves Clause: Evasion moves are banned
|rule|Endless Battle Clause: Forcing endless battles is banned
|rule|HP Percentage Mod: HP is shown in percentages
|teampreview
|
|start
|switch|p1a: Venusaur|Venusaur, F|363\/363
|switch|p2a: Diancie|Diancie|241\/241
|turn|1
|
|switch|p2a: Landorus-Therian|Landorus-Therian, M|344\/344
|-ability|p2a: Landorus-Therian|Intimidate|[of] p1a: Venusaur
|-unboost|p1a: Venusaur|atk|1
|detailschange|p1a: Venusaur|Venusaur-Mega, F
|-mega|p1a: Venusaur|Venusaur|Venusaurite
|move|p1a: Venusaur|Sludge Bomb|p2a: Landorus-Therian
|-resisted|p2a: Landorus-Therian
|-damage|p2a: Landorus-Therian|293\/344
|
|turn|2
|
|move|p2a: Landorus-Therian|Hidden Power|p1a: Venusaur
|-supereffective|p1a: Venusaur
|-damage|p1a: Venusaur|313\/363
|move|p1a: Venusaur|Sleep Powder|p2a: Landorus-Therian
|-status|p2a: Landorus-Therian|slp
|
|turn|3
|
|switch|p1a: Gothitelle|Gothitelle, M|343\/343
|cant|p2a: Landorus-Therian|slp
|
|turn|4
|
|-curestatus|p2a: Landorus-Therian|slp
|move|p2a: Landorus-Therian|Earth Power|p1a: Gothitelle
|-crit|p1a: Gothitelle
|-damage|p1a: Gothitelle|201\/343
|move|p1a: Gothitelle|Charm|p2a: Landorus-Therian
|-unboost|p2a: Landorus-Therian|atk|2
|
|-heal|p1a: Gothitelle|222\/343|[from] item: Leftovers
|turn|5
|
|move|p2a: Landorus-Therian|Earth Power|p1a: Gothitelle
|-damage|p1a: Gothitelle|120\/343
|move|p1a: Gothitelle|Calm Mind|p1a: Gothitelle
|-boost|p1a: Gothitelle|spa|1
|-boost|p1a: Gothitelle|spd|1
|
|-heal|p1a: Gothitelle|141\/343|[from] item: Leftovers
|turn|6
|
|move|p2a: Landorus-Therian|Earth Power|p1a: Gothitelle
|-damage|p1a: Gothitelle|77\/343
|move|p1a: Gothitelle|Rest|p1a: Gothitelle
|-status|p1a: Gothitelle|slp
|-heal|p1a: Gothitelle|343\/343 slp|[silent]
|-status|p1a: Gothitelle|slp|[from] move: Rest
|
|turn|7
|
|move|p2a: Landorus-Therian|Earth Power|p1a: Gothitelle
|-damage|p1a: Gothitelle|279\/343 slp
|-unboost|p1a: Gothitelle|spd|1
|cant|p1a: Gothitelle|slp
|
|-heal|p1a: Gothitelle|300\/343 slp|[from] item: Leftovers
|turn|8
|
|move|p2a: Landorus-Therian|Sludge Wave|p1a: Gothitelle
|-damage|p1a: Gothitelle|239\/343 slp
|cant|p1a: Gothitelle|slp
|
|-heal|p1a: Gothitelle|260\/343 slp|[from] item: Leftovers
|turn|9
|
|move|p2a: Landorus-Therian|Earth Power|p1a: Gothitelle
|-damage|p1a: Gothitelle|172\/343 slp
|-curestatus|p1a: Gothitelle|slp
|move|p1a: Gothitelle|Calm Mind|p1a: Gothitelle
|-boost|p1a: Gothitelle|spa|1
|-boost|p1a: Gothitelle|spd|1
|
|-heal|p1a: Gothitelle|193\/343|[from] item: Leftovers
|turn|10
|
|move|p2a: Landorus-Therian|Earth Power|p1a: Gothitelle
|-damage|p1a: Gothitelle|130\/343
|move|p1a: Gothitelle|Calm Mind|p1a: Gothitelle
|-boost|p1a: Gothitelle|spa|1
|-boost|p1a: Gothitelle|spd|1
|
|-heal|p1a: Gothitelle|151\/343|[from] item: Leftovers
|turn|11
|
|move|p2a: Landorus-Therian|Earth Power|p1a: Gothitelle
|-damage|p1a: Gothitelle|105\/343
|move|p1a: Gothitelle|Calm Mind|p1a: Gothitelle
|-boost|p1a: Gothitelle|spa|1
|-boost|p1a: Gothitelle|spd|1
|
|-heal|p1a: Gothitelle|126\/343|[from] item: Leftovers
|turn|12
|
|move|p2a: Landorus-Therian|Earth Power|p1a: Gothitelle
|-damage|p1a: Gothitelle|90\/343
|move|p1a: Gothitelle|Rest|p1a: Gothitelle
|-status|p1a: Gothitelle|slp
|-heal|p1a: Gothitelle|343\/343 slp|[silent]
|-status|p1a: Gothitelle|slp|[from] move: Rest
|
|turn|13
|
|move|p2a: Landorus-Therian|Earth Power|p1a: Gothitelle
|-damage|p1a: Gothitelle|304\/343 slp
|cant|p1a: Gothitelle|slp
|
|-heal|p1a: Gothitelle|325\/343 slp|[from] item: Leftovers
|turn|14
|
|move|p2a: Landorus-Therian|Earth Power|p1a: Gothitelle
|-damage|p1a: Gothitelle|285\/343 slp
|cant|p1a: Gothitelle|slp
|
|-heal|p1a: Gothitelle|306\/343 slp|[from] item: Leftovers
|turn|15
|
|move|p2a: Landorus-Therian|Earth Power|p1a: Gothitelle
|-damage|p1a: Gothitelle|267\/343 slp
|-curestatus|p1a: Gothitelle|slp
|move|p1a: Gothitelle|Calm Mind|p1a: Gothitelle
|-boost|p1a: Gothitelle|spa|1
|-boost|p1a: Gothitelle|spd|1
|
|-heal|p1a: Gothitelle|288\/343|[from] item: Leftovers
|turn|16
|
|move|p2a: Landorus-Therian|Earth Power|p1a: Gothitelle
|-damage|p1a: Gothitelle|255\/343
|move|p1a: Gothitelle|Calm Mind|p1a: Gothitelle
|-boost|p1a: Gothitelle|spa|1
|-boost|p1a: Gothitelle|spd|1
|
|-heal|p1a: Gothitelle|276\/343|[from] item: Leftovers
|turn|17
|
|move|p2a: Landorus-Therian|Earth Power|p1a: Gothitelle
|-damage|p1a: Gothitelle|246\/343
|move|p1a: Gothitelle|Calm Mind|p1a: Gothitelle
|-boost|p1a: Gothitelle|spd|1
|
|-heal|p1a: Gothitelle|267\/343|[from] item: Leftovers
|turn|18
|
|move|p2a: Landorus-Therian|Earth Power|p1a: Gothitelle
|-damage|p1a: Gothitelle|245\/343
|move|p1a: Gothitelle|Dark Pulse|p2a: Landorus-Therian
|-damage|p2a: Landorus-Therian|94\/344
|
|-heal|p1a: Gothitelle|266\/343|[from] item: Leftovers
|turn|19
|
|move|p2a: Landorus-Therian|Earth Power|p1a: Gothitelle
|-damage|p1a: Gothitelle|241\/343
|move|p1a: Gothitelle|Rest|p1a: Gothitelle
|-status|p1a: Gothitelle|slp
|-heal|p1a: Gothitelle|343\/343 slp|[silent]
|-status|p1a: Gothitelle|slp|[from] move: Rest
|
|turn|20
|
|move|p2a: Landorus-Therian|Earth Power|p1a: Gothitelle
|-damage|p1a: Gothitelle|319\/343 slp
|cant|p1a: Gothitelle|slp
|
|-heal|p1a: Gothitelle|340\/343 slp|[from] item: Leftovers
|turn|21
|
|move|p2a: Landorus-Therian|Sludge Wave|p1a: Gothitelle
|-damage|p1a: Gothitelle|324\/343 slp
|cant|p1a: Gothitelle|slp
|
|-heal|p1a: Gothitelle|343\/343 slp|[from] item: Leftovers
|turn|22
|
|move|p2a: Landorus-Therian|Sludge Wave|p1a: Gothitelle
|-damage|p1a: Gothitelle|326\/343 slp
|-curestatus|p1a: Gothitelle|slp
|move|p1a: Gothitelle|Dark Pulse|p2a: Landorus-Therian
|-damage|p2a: Landorus-Therian|0 fnt
|faint|p2a: Landorus-Therian
|
|-heal|p1a: Gothitelle|343\/343|[from] item: Leftovers
|
|switch|p2a: Diancie|Diancie|241\/241
|turn|23
|
|detailschange|p2a: Diancie|Diancie-Mega
|-mega|p2a: Diancie|Diancie|Diancite
|move|p2a: Diancie|Moonblast|p1a: Gothitelle
|-damage|p1a: Gothitelle|309\/343
|-unboost|p1a: Gothitelle|spa|1
|move|p1a: Gothitelle|Dark Pulse|p2a: Diancie
|-resisted|p2a: Diancie
|-damage|p2a: Diancie|161\/241
|
|-heal|p1a: Gothitelle|330\/343|[from] item: Leftovers
|turn|24
|
|move|p2a: Diancie|Diamond Storm|p1a: Gothitelle
|-damage|p1a: Gothitelle|134\/343
|move|p1a: Gothitelle|Dark Pulse|p2a: Diancie
|-resisted|p2a: Diancie
|-damage|p2a: Diancie|82\/241
|
|-heal|p1a: Gothitelle|155\/343|[from] item: Leftovers
|turn|25
|
|switch|p1a: Jirachi|Jirachi|403\/403
|move|p2a: Diancie|Diamond Storm|p1a: Jirachi
|-resisted|p1a: Jirachi
|-damage|p1a: Jirachi|307\/403
|-boost|p2a: Diancie|def|1
|
|-heal|p1a: Jirachi|332\/403|[from] item: Leftovers
|turn|26
|
|move|p2a: Diancie|Earth Power|p1a: Jirachi
|-supereffective|p1a: Jirachi
|-damage|p1a: Jirachi|168\/403
|move|p1a: Jirachi|Iron Head|p2a: Diancie
|-supereffective|p2a: Diancie
|-damage|p2a: Diancie|0 fnt
|faint|p2a: Diancie
|
|-heal|p1a: Jirachi|193\/403|[from] item: Leftovers
|
|switch|p2a: Talonflame|Talonflame, F|360\/360
|turn|27
|
|move|p2a: Talonflame|U-turn|p1a: Jirachi
|-damage|p1a: Jirachi|121\/403
|
|switch|p2a: Garchomp|Garchomp, F|357\/357
|move|p1a: Jirachi|Body Slam|p2a: Garchomp
|-damage|p2a: Garchomp|290\/357
|-damage|p1a: Jirachi|71\/403|[from] ability: Rough Skin|[of] p2a: Garchomp
|
|-heal|p1a: Jirachi|96\/403|[from] item: Leftovers
|turn|28
|
|move|p2a: Garchomp|Fire Fang|p1a: Jirachi
|-supereffective|p1a: Jirachi
|-damage|p1a: Jirachi|0 fnt
|faint|p1a: Jirachi
|
|
|switch|p1a: Gothitelle|Gothitelle, M|155\/343
|turn|29
|
|move|p2a: Garchomp|Fire Fang|p1a: Gothitelle
|-damage|p1a: Gothitelle|80\/343
|move|p1a: Gothitelle|Rest|p1a: Gothitelle
|-status|p1a: Gothitelle|slp
|-heal|p1a: Gothitelle|343\/343 slp|[silent]
|-status|p1a: Gothitelle|slp|[from] move: Rest
|
|turn|30
|
|move|p2a: Garchomp|Fire Fang|p1a: Gothitelle
|-damage|p1a: Gothitelle|256\/343 slp
|cant|p1a: Gothitelle|slp
|
|-heal|p1a: Gothitelle|277\/343 slp|[from] item: Leftovers
|turn|31
|
|move|p2a: Garchomp|Fire Fang|p1a: Gothitelle
|-damage|p1a: Gothitelle|203\/343 slp
|cant|p1a: Gothitelle|slp
|
|-heal|p1a: Gothitelle|224\/343 slp|[from] item: Leftovers
|turn|32
|
|move|p2a: Garchomp|Fire Fang|p1a: Gothitelle
|-damage|p1a: Gothitelle|139\/343 slp
|-curestatus|p1a: Gothitelle|slp
|move|p1a: Gothitelle|Charm|p2a: Garchomp
|-unboost|p2a: Garchomp|atk|2
|
|-heal|p1a: Gothitelle|160\/343|[from] item: Leftovers
|turn|33
|
|move|p2a: Garchomp|Fire Fang|p1a: Gothitelle
|-damage|p1a: Gothitelle|120\/343
|move|p1a: Gothitelle|Charm|p2a: Garchomp
|-unboost|p2a: Garchomp|atk|2
|
|-heal|p1a: Gothitelle|141\/343|[from] item: Leftovers
|turn|34
|
|move|p2a: Garchomp|Fire Fang|p1a: Gothitelle
|-crit|p1a: Gothitelle
|-damage|p1a: Gothitelle|13\/343
|move|p1a: Gothitelle|Charm|p2a: Garchomp
|-unboost|p2a: Garchomp|atk|2
|
|-heal|p1a: Gothitelle|34\/343|[from] item: Leftovers
|turn|35
|
|move|p2a: Garchomp|Fire Fang|p1a: Gothitelle
|-damage|p1a: Gothitelle|11\/343
|move|p1a: Gothitelle|Rest|p1a: Gothitelle
|-status|p1a: Gothitelle|slp
|-heal|p1a: Gothitelle|343\/343 slp|[silent]
|-status|p1a: Gothitelle|slp|[from] move: Rest
|
|turn|36
|
|move|p2a: Garchomp|Fire Fang|p1a: Gothitelle
|-damage|p1a: Gothitelle|322\/343 slp
|cant|p1a: Gothitelle|slp
|
|-heal|p1a: Gothitelle|343\/343 slp|[from] item: Leftovers
|turn|37
|-message|aceking28 forfeited.
|leave|aceking28
|
|win|Kioskate
|raw|Ladder updating...
|player|p2
|raw|Kioskate's rating: 1241 &rarr; <strong>1262<\/strong><br \/>(+21 for winning)
|raw|aceking28's rating: 1194 &rarr; <strong>1173<\/strong><br \/>(-21 for losing)