|join|Kioskate
|join|cheese23423
|player|p1|Kioskate|265
|player|p2|cheese23423|293
|gametype|singles
|gen|6
|tier|OU (suspect test)
|rated
|clearpoke
|poke|p1|Talonflame, M
|poke|p1|Venusaur, M
|poke|p1|Jirachi
|poke|p1|Landorus-Therian, M
|poke|p1|Mandibuzz, F
|poke|p1|Clefable, F
|poke|p2|Sharpedo, F
|poke|p2|Heatran, M
|poke|p2|Ferrothorn, M
|poke|p2|Slowbro, M
|poke|p2|Landorus-Therian, M
|poke|p2|Magneton
|rule|Swagger Clause: Swagger is banned
|rule|Baton Pass Clause: Limit one PokÃ©mon knowing Baton Pass
|rule|Sleep Clause Mod: Limit one foe put to sleep
|rule|Species Clause: Limit one of each PokÃ©mon
|rule|OHKO Clause: OHKO moves are banned
|rule|Moody Clause: Moody is banned
|rule|Evasion Moves Clause: Evasion moves are banned
|rule|Endless Battle Clause: Forcing endless battles is banned
|rule|HP Percentage Mod: HP is shown in percentages
|teampreview
|
|start
|switch|p1a: Venusaur|Venusaur, M|363\/363
|switch|p2a: Landorus-Therian|Landorus-Therian, M|319\/319
|-ability|p2a: Landorus-Therian|Intimidate|[of] p1a: Venusaur
|-unboost|p1a: Venusaur|atk|1
|turn|1
|
|detailschange|p1a: Venusaur|Venusaur-Mega, M
|-mega|p1a: Venusaur|Venusaur|Venusaurite
|move|p2a: Landorus-Therian|U-turn|p1a: Venusaur
|-damage|p1a: Venusaur|307\/363
|
|switch|p2a: Ferrothorn|Ferrothorn, M|352\/352
|move|p1a: Venusaur|Sleep Powder|p2a: Ferrothorn
|-fail|p2a: Ferrothorn
|
|turn|2
|
|switch|p1a: Talonflame|Talonflame, M|359\/359
|move|p2a: Ferrothorn|Thunder Wave|p1a: Talonflame
|-status|p1a: Talonflame|par
|
|turn|3
|
|switch|p2a: Heatran|Heatran, M|386\/386
|-item|p2a: Heatran|Air Balloon
|switch|p1a: Landorus-Therian|Landorus-Therian, M|381\/381
|-ability|p1a: Landorus-Therian|Intimidate|[of] p2a: Heatran
|-unboost|p2a: Heatran|atk|1
|
|turn|4
|
|move|p1a: Landorus-Therian|U-turn|p2a: Heatran
|-resisted|p2a: Heatran
|-damage|p2a: Heatran|368\/386
|-enditem|p2a: Heatran|Air Balloon
|
|switch|p1a: Clefable|Clefable, F|394\/394
|move|p2a: Heatran|Stealth Rock|p1a: Clefable
|-sidestart|p1: Kioskate|move: Stealth Rock
|
|turn|5
|
|move|p2a: Heatran|Lava Plume|p1a: Clefable
|-damage|p1a: Clefable|298\/394
|-status|p1a: Clefable|brn
|move|p1a: Clefable|Heal Bell|p1a: Clefable
|-cureteam|p1a: Clefable|[from] move: HealBell
|
|-heal|p1a: Clefable|322\/394|[from] item: Leftovers
|turn|6
|
|switch|p2a: Magneton|Magneton|241\/241
|move|p1a: Clefable|Wish|p1a: Clefable
|
|-heal|p1a: Clefable|346\/394|[from] item: Leftovers
|turn|7
|
|move|p2a: Magneton|Thunderbolt|p1a: Clefable
|-damage|p1a: Clefable|225\/394
|move|p1a: Clefable|Moonblast|p2a: Magneton
|-crit|p2a: Magneton
|-resisted|p2a: Magneton
|-damage|p2a: Magneton|142\/241
|
|-heal|p1a: Clefable|394\/394|[from] move: Wish|[wisher] Clefable
|turn|8
|
|switch|p2a: Heatran|Heatran, M|368\/386
|move|p1a: Clefable|Wish|p1a: Clefable
|
|turn|9
|
|move|p1a: Clefable|Moonblast|p2a: Heatran
|-resisted|p2a: Heatran
|-damage|p2a: Heatran|351\/386
|move|p2a: Heatran|Roar|p1a: Clefable
|drag|p1a: Talonflame|Talonflame, M|359\/359
|-damage|p1a: Talonflame|180\/359|[from] Stealth Rock
|
|-heal|p1a: Talonflame|359\/359|[from] move: Wish|[wisher] Clefable
|turn|10
|
|switch|p1a: Clefable|Clefable, F|394\/394
|move|p2a: Heatran|Toxic|p1a: Clefable|[miss]
|-miss|p2a: Heatran|p1a: Clefable
|
|turn|11
|
|switch|p2a: Magneton|Magneton|142\/241
|move|p1a: Clefable|Moonblast|p2a: Magneton
|-resisted|p2a: Magneton
|-damage|p2a: Magneton|68\/241
|
|turn|12
|
|move|p2a: Magneton|Flash Cannon|p1a: Clefable
|-supereffective|p1a: Clefable
|-damage|p1a: Clefable|188\/394
|move|p1a: Clefable|Soft-Boiled|p1a: Clefable
|-heal|p1a: Clefable|385\/394
|
|-heal|p1a: Clefable|394\/394|[from] item: Leftovers
|turn|13
|
|switch|p1a: Jirachi|Jirachi|403\/403
|-damage|p1a: Jirachi|378\/403|[from] Stealth Rock
|move|p2a: Magneton|Flash Cannon|p1a: Jirachi
|-resisted|p1a: Jirachi
|-damage|p1a: Jirachi|331\/403
|
|-heal|p1a: Jirachi|356\/403|[from] item: Leftovers
|turn|14
|
|switch|p2a: Ferrothorn|Ferrothorn, M|352\/352
|move|p1a: Jirachi|Body Slam|p2a: Ferrothorn
|-resisted|p2a: Ferrothorn
|-damage|p2a: Ferrothorn|331\/352
|-damage|p1a: Jirachi|306\/403|[from] ability: Iron Barbs|[of] p2a: Ferrothorn
|-damage|p1a: Jirachi|239\/403|[from] item: Rocky Helmet|[of] p2a: Ferrothorn
|-status|p2a: Ferrothorn|par
|
|-heal|p1a: Jirachi|264\/403|[from] item: Leftovers
|turn|15
|
|switch|p1a: Clefable|Clefable, F|394\/394
|cant|p2a: Ferrothorn|par
|
|turn|16
|
|move|p1a: Clefable|Moonblast|p2a: Ferrothorn
|-resisted|p2a: Ferrothorn
|-damage|p2a: Ferrothorn|288\/352 par
|-unboost|p2a: Ferrothorn|spa|1
|move|p2a: Ferrothorn|Leech Seed|p1a: Clefable
|-start|p1a: Clefable|move: Leech Seed
|
|turn|17
|
|move|p1a: Clefable|Moonblast|p2a: Ferrothorn
|-resisted|p2a: Ferrothorn
|-damage|p2a: Ferrothorn|249\/352 par
|move|p2a: Ferrothorn|Spikes|p1a: Clefable
|-sidestart|p1: Kioskate|Spikes
|
|turn|18
|
|move|p1a: Clefable|Moonblast|p2a: Ferrothorn
|-resisted|p2a: Ferrothorn
|-damage|p2a: Ferrothorn|204\/352 par
|-unboost|p2a: Ferrothorn|spa|1
|move|p2a: Ferrothorn|Spikes|p1a: Clefable
|-sidestart|p1: Kioskate|Spikes
|
|turn|19
|
|move|p1a: Clefable|Moonblast|p2a: Ferrothorn
|-resisted|p2a: Ferrothorn
|-damage|p2a: Ferrothorn|165\/352 par
|move|p2a: Ferrothorn|Spikes|p1a: Clefable
|-sidestart|p1: Kioskate|Spikes
|
|turn|20
|
|switch|p2a: Slowbro|Slowbro, M|394\/394
|move|p1a: Clefable|Wish|p1a: Clefable
|
|turn|21
|
|switch|p1a: Jirachi|Jirachi|264\/403
|-damage|p1a: Jirachi|239\/403|[from] Stealth Rock
|-damage|p1a: Jirachi|139\/403|[from] Spikes
|move|p2a: Slowbro|Calm Mind|p2a: Slowbro
|-boost|p2a: Slowbro|spa|1
|-boost|p2a: Slowbro|spd|1
|
|-heal|p1a: Jirachi|336\/403|[from] move: Wish|[wisher] Clefable
|-heal|p1a: Jirachi|361\/403|[from] item: Leftovers
|turn|22
|
|move|p1a: Jirachi|Body Slam|p2a: Slowbro
|-damage|p2a: Slowbro|350\/394
|-status|p2a: Slowbro|par
|cant|p2a: Slowbro|par
|
|-heal|p1a: Jirachi|386\/403|[from] item: Leftovers
|-heal|p2a: Slowbro|374\/394 par|[from] item: Leftovers
|turn|23
|
|move|p1a: Jirachi|U-turn|p2a: Slowbro
|-supereffective|p2a: Slowbro
|-damage|p2a: Slowbro|292\/394 par
|
|switch|p1a: Mandibuzz|Mandibuzz, F|423\/423
|-damage|p1a: Mandibuzz|318\/423|[from] Stealth Rock
|move|p2a: Slowbro|Scald|p1a: Mandibuzz
|-damage|p1a: Mandibuzz|170\/423
|
|-heal|p1a: Mandibuzz|196\/423|[from] item: Leftovers
|-heal|p2a: Slowbro|316\/394 par|[from] item: Leftovers
|turn|24
|
|move|p1a: Mandibuzz|Defog|p2a: Slowbro
|-unboost|p2a: Slowbro|evasion|1
|-sideend|p1: Kioskate|Spikes|[from] move: Defog|[of] p1a: Mandibuzz
|-sideend|p1: Kioskate|Stealth Rock|[from] move: Defog|[of] p1a: Mandibuzz
|move|p2a: Slowbro|Scald|p1a: Mandibuzz
|-damage|p1a: Mandibuzz|48\/423
|
|-heal|p1a: Mandibuzz|74\/423|[from] item: Leftovers
|-heal|p2a: Slowbro|340\/394 par|[from] item: Leftovers
|turn|25
|
|move|p1a: Mandibuzz|Roost|p1a: Mandibuzz
|-heal|p1a: Mandibuzz|286\/423
|move|p2a: Slowbro|Scald|p1a: Mandibuzz
|-damage|p1a: Mandibuzz|135\/423
|
|-heal|p1a: Mandibuzz|161\/423|[from] item: Leftovers
|-heal|p2a: Slowbro|364\/394 par|[from] item: Leftovers
|turn|26
|
|move|p1a: Mandibuzz|Roost|p1a: Mandibuzz
|-heal|p1a: Mandibuzz|373\/423
|move|p2a: Slowbro|Scald|p1a: Mandibuzz
|-damage|p1a: Mandibuzz|232\/423
|
|-heal|p1a: Mandibuzz|258\/423|[from] item: Leftovers
|-heal|p2a: Slowbro|388\/394 par|[from] item: Leftovers
|turn|27
|
|move|p2a: Slowbro|Calm Mind|p2a: Slowbro
|-boost|p2a: Slowbro|spa|1
|-boost|p2a: Slowbro|spd|1
|move|p1a: Mandibuzz|Whirlwind|p2a: Slowbro
|drag|p2a: Heatran|Heatran, M|351\/386
|
|-heal|p1a: Mandibuzz|284\/423|[from] item: Leftovers
|turn|28
|
|switch|p1a: Clefable|Clefable, F|394\/394
|move|p2a: Heatran|Lava Plume|p1a: Clefable
|-damage|p1a: Clefable|301\/394
|
|-heal|p1a: Clefable|325\/394|[from] item: Leftovers
|turn|29
|
|move|p2a: Heatran|Toxic|p1a: Clefable
|-status|p1a: Clefable|tox
|move|p1a: Clefable|Moonblast|p2a: Heatran
|-resisted|p2a: Heatran
|-damage|p2a: Heatran|333\/386
|
|-heal|p1a: Clefable|349\/394 tox|[from] item: Leftovers
|turn|30
|
|move|p2a: Heatran|Lava Plume|p1a: Clefable
|-damage|p1a: Clefable|253\/394 tox
|move|p1a: Clefable|Moonblast|p2a: Heatran
|-crit|p2a: Heatran
|-resisted|p2a: Heatran
|-damage|p2a: Heatran|305\/386
|
|-heal|p1a: Clefable|277\/394 tox|[from] item: Leftovers
|turn|31
|
|move|p2a: Heatran|Stealth Rock|p1a: Clefable
|-sidestart|p1: Kioskate|move: Stealth Rock
|move|p1a: Clefable|Moonblast|p2a: Heatran
|-resisted|p2a: Heatran
|-damage|p2a: Heatran|286\/386
|
|-heal|p1a: Clefable|301\/394 tox|[from] item: Leftovers
|turn|32
|
|move|p1a: Clefable|Moonblast|p2a: Heatran
|-resisted|p2a: Heatran
|-damage|p2a: Heatran|267\/386
|-unboost|p2a: Heatran|spa|1
|move|p2a: Heatran|Roar|p1a: Clefable
|drag|p1a: Venusaur|Venusaur-Mega, M|307\/363
|-damage|p1a: Venusaur|262\/363|[from] Stealth Rock
|
|turn|33
|
|switch|p2a: Ferrothorn|Ferrothorn, M|165\/352 par
|move|p1a: Venusaur|Sleep Powder|p2a: Ferrothorn
|-fail|p2a: Ferrothorn
|
|turn|34
|
|move|p1a: Venusaur|Giga Drain|p2a: Ferrothorn
|-resisted|p2a: Ferrothorn
|-damage|p2a: Ferrothorn|146\/352 par
|-heal|p1a: Venusaur|272\/363|[from] drain|[of] p2a: Ferrothorn
|move|p2a: Ferrothorn|Thunder Wave|p1a: Venusaur
|-status|p1a: Venusaur|par
|
|turn|35
|
|move|p1a: Venusaur|Giga Drain|p2a: Ferrothorn
|-resisted|p2a: Ferrothorn
|-damage|p2a: Ferrothorn|125\/352 par
|-heal|p1a: Venusaur|283\/363 par|[from] drain|[of] p2a: Ferrothorn
|move|p2a: Ferrothorn|Spikes|p1a: Venusaur
|-sidestart|p1: Kioskate|Spikes
|
|turn|36
|
|cant|p1a: Venusaur|par
|cant|p2a: Ferrothorn|par
|
|turn|37
|
|cant|p1a: Venusaur|par
|move|p2a: Ferrothorn|Spikes|p1a: Venusaur
|-sidestart|p1: Kioskate|Spikes
|
|turn|38
|
|switch|p1a: Mandibuzz|Mandibuzz, F|284\/423
|-damage|p1a: Mandibuzz|179\/423|[from] Stealth Rock
|move|p2a: Ferrothorn|Spikes|p1a: Mandibuzz
|-sidestart|p1: Kioskate|Spikes
|
|-heal|p1a: Mandibuzz|205\/423|[from] item: Leftovers
|turn|39
|
|switch|p2a: Sharpedo|Sharpedo, F|282\/282
|move|p1a: Mandibuzz|Defog|p2a: Sharpedo
|-unboost|p2a: Sharpedo|evasion|1
|-sideend|p1: Kioskate|Spikes|[from] move: Defog|[of] p1a: Mandibuzz
|-sideend|p1: Kioskate|Stealth Rock|[from] move: Defog|[of] p1a: Mandibuzz
|
|-heal|p1a: Mandibuzz|231\/423|[from] item: Leftovers
|turn|40
|
|switch|p1a: Venusaur|Venusaur-Mega, M|283\/363 par
|detailschange|p2a: Sharpedo|Sharpedo-Mega, F
|-mega|p2a: Sharpedo|Sharpedo|Sharpedonite
|move|p2a: Sharpedo|Ice Fang|p1a: Venusaur
|-supereffective|p1a: Venusaur
|-damage|p1a: Venusaur|209\/363 par
|
|turn|41
|
|switch|p2a: Ferrothorn|Ferrothorn, M|125\/352 par
|move|p1a: Venusaur|Giga Drain|p2a: Ferrothorn
|-resisted|p2a: Ferrothorn
|-damage|p2a: Ferrothorn|106\/352 par
|-heal|p1a: Venusaur|219\/363 par|[from] drain|[of] p2a: Ferrothorn
|
|turn|42
|
|switch|p2a: Heatran|Heatran, M|267\/386
|move|p1a: Venusaur|Giga Drain|p2a: Heatran
|-resisted|p2a: Heatran
|-damage|p2a: Heatran|251\/386
|-heal|p1a: Venusaur|227\/363 par|[from] drain|[of] p2a: Heatran
|
|turn|43
|
|switch|p1a: Clefable|Clefable, F|301\/394 tox
|move|p2a: Heatran|Lava Plume|p1a: Clefable
|-damage|p1a: Clefable|214\/394 tox
|
|-heal|p1a: Clefable|238\/394 tox|[from] item: Leftovers
|turn|44
|
|move|p2a: Heatran|Lava Plume|p1a: Clefable
|-damage|p1a: Clefable|153\/394 tox
|move|p1a: Clefable|Wish|p1a: Clefable
|
|-heal|p1a: Clefable|177\/394 tox|[from] item: Leftovers
|turn|45
|
|switch|p2a: Landorus-Therian|Landorus-Therian, M|319\/319
|-ability|p2a: Landorus-Therian|Intimidate|[of] p1a: Clefable
|-unboost|p1a: Clefable|atk|1
|move|p1a: Clefable|Moonblast|p2a: Landorus-Therian
|-damage|p2a: Landorus-Therian|201\/319
|
|-heal|p1a: Clefable|374\/394 tox|[from] move: Wish|[wisher] Clefable
|-heal|p1a: Clefable|394\/394 tox|[from] item: Leftovers
|turn|46
|c|âcheese23423|your team is so fuking annoying
|
|move|p2a: Landorus-Therian|Knock Off|p1a: Clefable
|-resisted|p1a: Clefable
|-damage|p1a: Clefable|318\/394 tox
|-enditem|p1a: Clefable|Leftovers|[from] move: Knock Off|[of] p2a: Landorus-Therian
|move|p1a: Clefable|Soft-Boiled|p1a: Clefable
|-heal|p1a: Clefable|394\/394 tox
|
|turn|47
|
|switch|p2a: Slowbro|Slowbro, M|394\/394 par
|move|p1a: Clefable|Moonblast|p2a: Slowbro
|-damage|p2a: Slowbro|259\/394 par
|
|-heal|p2a: Slowbro|283\/394 par|[from] item: Leftovers
|turn|48
|
|switch|p1a: Venusaur|Venusaur-Mega, M|227\/363 par
|cant|p2a: Slowbro|par
|
|-heal|p2a: Slowbro|307\/394 par|[from] item: Leftovers
|turn|49
|
|switch|p2a: Heatran|Heatran, M|251\/386
|cant|p1a: Venusaur|par
|
|turn|50
|
|switch|p1a: Clefable|Clefable, F|394\/394 tox
|move|p2a: Heatran|Stealth Rock|p1a: Clefable
|-sidestart|p1: Kioskate|move: Stealth Rock
|
|turn|51
|
|switch|p2a: Ferrothorn|Ferrothorn, M|106\/352 par
|move|p1a: Clefable|Moonblast|p2a: Ferrothorn
|-resisted|p2a: Ferrothorn
|-damage|p2a: Ferrothorn|64\/352 par
|-unboost|p2a: Ferrothorn|spa|1
|
|turn|52
|
|move|p1a: Clefable|Moonblast|p2a: Ferrothorn
|-resisted|p2a: Ferrothorn
|-damage|p2a: Ferrothorn|24\/352 par
|move|p2a: Ferrothorn|Spikes|p1a: Clefable
|-sidestart|p1: Kioskate|Spikes
|
|turn|53
|
|move|p1a: Clefable|Moonblast|p2a: Ferrothorn
|-resisted|p2a: Ferrothorn
|-damage|p2a: Ferrothorn|0 fnt
|faint|p2a: Ferrothorn
|
|
|switch|p2a: Magneton|Magneton|68\/241
|turn|54
|c|âKioskate|and no more spikes
|
|move|p2a: Magneton|Flash Cannon|p1a: Clefable
|-supereffective|p1a: Clefable
|-damage|p1a: Clefable|184\/394 tox
|move|p1a: Clefable|Soft-Boiled|p1a: Clefable
|-heal|p1a: Clefable|381\/394 tox
|
|turn|55
|
|switch|p1a: Jirachi|Jirachi|386\/403
|-damage|p1a: Jirachi|361\/403|[from] Stealth Rock
|-damage|p1a: Jirachi|311\/403|[from] Spikes
|move|p2a: Magneton|Flash Cannon|p1a: Jirachi
|-resisted|p1a: Jirachi
|-damage|p1a: Jirachi|260\/403
|
|-heal|p1a: Jirachi|285\/403|[from] item: Leftovers
|turn|56
|
|switch|p2a: Slowbro|Slowbro, M|394\/394 par
|move|p1a: Jirachi|Wish|p1a: Jirachi
|
|-heal|p1a: Jirachi|310\/403|[from] item: Leftovers
|turn|57
|
|switch|p1a: Mandibuzz|Mandibuzz, F|231\/423
|-damage|p1a: Mandibuzz|126\/423|[from] Stealth Rock
|cant|p2a: Slowbro|par
|
|-heal|p1a: Mandibuzz|327\/423|[from] move: Wish|[wisher] Jirachi
|-heal|p1a: Mandibuzz|353\/423|[from] item: Leftovers
|turn|58
|
|move|p1a: Mandibuzz|Defog|p2a: Slowbro
|-unboost|p2a: Slowbro|evasion|1
|-sideend|p1: Kioskate|Spikes|[from] move: Defog|[of] p1a: Mandibuzz
|-sideend|p1: Kioskate|Stealth Rock|[from] move: Defog|[of] p1a: Mandibuzz
|move|p2a: Slowbro|Calm Mind|p2a: Slowbro
|-boost|p2a: Slowbro|spa|1
|-boost|p2a: Slowbro|spd|1
|
|-heal|p1a: Mandibuzz|379\/423|[from] item: Leftovers
|turn|59
|
|cant|p2a: Slowbro|par
|move|p1a: Mandibuzz|Whirlwind|p2a: Slowbro
|drag|p2a: Magneton|Magneton|68\/241
|
|-heal|p1a: Mandibuzz|405\/423|[from] item: Leftovers
|turn|60
|
|switch|p1a: Clefable|Clefable, F|381\/394 tox
|move|p2a: Magneton|Flash Cannon|p1a: Clefable
|-supereffective|p1a: Clefable
|-damage|p1a: Clefable|189\/394 tox
|
|turn|61
|
|switch|p1a: Jirachi|Jirachi|310\/403
|move|p2a: Magneton|Flash Cannon|p1a: Jirachi
|-crit|p1a: Jirachi
|-resisted|p1a: Jirachi
|-damage|p1a: Jirachi|236\/403
|
|-heal|p1a: Jirachi|261\/403|[from] item: Leftovers
|turn|62
|
|switch|p2a: Slowbro|Slowbro, M|394\/394 par
|move|p1a: Jirachi|Wish|p1a: Jirachi
|
|-heal|p1a: Jirachi|286\/403|[from] item: Leftovers
|turn|63
|
|move|p1a: Jirachi|U-turn|p2a: Slowbro
|-supereffective|p2a: Slowbro
|-damage|p2a: Slowbro|320\/394 par
|
|switch|p1a: Clefable|Clefable, F|189\/394 tox
|move|p2a: Slowbro|Calm Mind|p2a: Slowbro
|-boost|p2a: Slowbro|spa|1
|-boost|p2a: Slowbro|spd|1
|
|-heal|p1a: Clefable|390\/394 tox|[from] move: Wish|[wisher] Jirachi
|-heal|p2a: Slowbro|344\/394 par|[from] item: Leftovers
|turn|64
|
|switch|p1a: Mandibuzz|Mandibuzz, F|405\/423
|cant|p2a: Slowbro|par
|
|-heal|p1a: Mandibuzz|423\/423|[from] item: Leftovers
|-heal|p2a: Slowbro|368\/394 par|[from] item: Leftovers
|turn|65
|
|move|p2a: Slowbro|Scald|p1a: Mandibuzz
|-damage|p1a: Mandibuzz|281\/423
|move|p1a: Mandibuzz|Whirlwind|p2a: Slowbro
|drag|p2a: Heatran|Heatran, M|251\/386
|
|-heal|p1a: Mandibuzz|307\/423|[from] item: Leftovers
|turn|66
|
|switch|p1a: Clefable|Clefable, F|390\/394 tox
|switch|p2a: Magneton|Magneton|68\/241
|
|turn|67
|
|move|p2a: Magneton|Flash Cannon|p1a: Clefable
|-supereffective|p1a: Clefable
|-damage|p1a: Clefable|184\/394 tox
|move|p1a: Clefable|Soft-Boiled|p1a: Clefable
|-heal|p1a: Clefable|381\/394 tox
|
|turn|68
|
|move|p2a: Magneton|Flash Cannon|p1a: Clefable
|-supereffective|p1a: Clefable
|-damage|p1a: Clefable|165\/394 tox
|move|p1a: Clefable|Soft-Boiled|p1a: Clefable
|-heal|p1a: Clefable|362\/394 tox
|
|turn|69
|
|switch|p2a: Sharpedo|Sharpedo-Mega, F|282\/282
|switch|p1a: Talonflame|Talonflame, M|359\/359
|
|turn|70
|
|switch|p2a: Slowbro|Slowbro, M|394\/394 par
|move|p1a: Talonflame|Brave Bird|p2a: Slowbro
|-damage|p2a: Slowbro|313\/394 par
|-damage|p1a: Talonflame|332\/359|[from] recoil|[of] p2a: Slowbro
|
|-heal|p1a: Talonflame|354\/359|[from] item: Leftovers
|-heal|p2a: Slowbro|337\/394 par|[from] item: Leftovers
|turn|71
|
|switch|p1a: Clefable|Clefable, F|362\/394 tox
|move|p2a: Slowbro|Calm Mind|p2a: Slowbro
|-boost|p2a: Slowbro|spa|1
|-boost|p2a: Slowbro|spd|1
|
|-heal|p2a: Slowbro|361\/394 par|[from] item: Leftovers
|turn|72
|
|move|p1a: Clefable|Heal Bell|p1a: Clefable
|-cureteam|p1a: Clefable|[from] move: HealBell
|cant|p2a: Slowbro|par
|
|-heal|p2a: Slowbro|385\/394 par|[from] item: Leftovers
|turn|73
|
|move|p1a: Clefable|Wish|p1a: Clefable
|move|p2a: Slowbro|Calm Mind|p2a: Slowbro
|-boost|p2a: Slowbro|spa|1
|-boost|p2a: Slowbro|spd|1
|
|-heal|p2a: Slowbro|394\/394 par|[from] item: Leftovers
|turn|74
|
|switch|p1a: Mandibuzz|Mandibuzz, F|307\/423
|move|p2a: Slowbro|Calm Mind|p2a: Slowbro
|-boost|p2a: Slowbro|spa|1
|-boost|p2a: Slowbro|spd|1
|
|-heal|p1a: Mandibuzz|423\/423|[from] move: Wish|[wisher] Clefable
|turn|75
|
|cant|p2a: Slowbro|par
|move|p1a: Mandibuzz|Whirlwind|p2a: Slowbro
|drag|p2a: Heatran|Heatran, M|251\/386
|
|turn|76
|
|switch|p1a: Clefable|Clefable, F|362\/394
|switch|p2a: Slowbro|Slowbro, M|394\/394 par
|
|turn|77
|
|switch|p1a: Venusaur|Venusaur-Mega, M|227\/363
|move|p2a: Slowbro|Calm Mind|p2a: Slowbro
|-boost|p2a: Slowbro|spa|1
|-boost|p2a: Slowbro|spd|1
|
|turn|78
|
|move|p1a: Venusaur|Giga Drain|p2a: Slowbro
|-supereffective|p2a: Slowbro
|-damage|p2a: Slowbro|224\/394 par
|-heal|p1a: Venusaur|312\/363|[from] drain|[of] p2a: Slowbro
|move|p2a: Slowbro|Psyshock|p1a: Venusaur
|-supereffective|p1a: Venusaur
|-damage|p1a: Venusaur|138\/363
|
|-heal|p2a: Slowbro|248\/394 par|[from] item: Leftovers
|turn|79
|
|move|p1a: Venusaur|Giga Drain|p2a: Slowbro
|-supereffective|p2a: Slowbro
|-damage|p2a: Slowbro|74\/394 par
|-heal|p1a: Venusaur|225\/363|[from] drain|[of] p2a: Slowbro
|move|p2a: Slowbro|Psyshock|p1a: Venusaur
|-supereffective|p1a: Venusaur
|-damage|p1a: Venusaur|51\/363
|
|-heal|p2a: Slowbro|98\/394 par|[from] item: Leftovers
|turn|80
|
|switch|p2a: Heatran|Heatran, M|251\/386
|move|p1a: Venusaur|Synthesis|p1a: Venusaur
|-heal|p1a: Venusaur|232\/363
|
|turn|81
|
|move|p1a: Venusaur|Sleep Powder|p2a: Heatran
|-status|p2a: Heatran|slp
|cant|p2a: Heatran|slp
|
|turn|82
|
|switch|p1a: Landorus-Therian|Landorus-Therian, M|381\/381
|-ability|p1a: Landorus-Therian|Intimidate|[of] p2a: Heatran
|-unboost|p2a: Heatran|atk|1
|cant|p2a: Heatran|slp
|
|turn|83
|
|switch|p2a: Slowbro|Slowbro, M|229\/394 par
|move|p1a: Landorus-Therian|Stealth Rock|p2a: Slowbro
|-sidestart|p2: cheese23423|move: Stealth Rock
|
|-heal|p2a: Slowbro|253\/394 par|[from] item: Leftovers
|turn|84
|
|move|p1a: Landorus-Therian|U-turn|p2a: Slowbro
|-supereffective|p2a: Slowbro
|-damage|p2a: Slowbro|143\/394 par
|
|switch|p1a: Venusaur|Venusaur-Mega, M|232\/363
|move|p2a: Slowbro|Scald|p1a: Venusaur
|-resisted|p1a: Venusaur
|-damage|p1a: Venusaur|192\/363
|-status|p1a: Venusaur|brn
|
|-heal|p2a: Slowbro|167\/394 par|[from] item: Leftovers
|-damage|p1a: Venusaur|147\/363 brn|[from] brn
|turn|85
|
|move|p1a: Venusaur|Giga Drain|p2a: Slowbro
|-supereffective|p2a: Slowbro
|-damage|p2a: Slowbro|0 fnt
|-heal|p1a: Venusaur|231\/363 brn|[from] drain|[of] p2a: Slowbro
|faint|p2a: Slowbro
|
|-damage|p1a: Venusaur|186\/363 brn|[from] brn
|
|switch|p2a: Sharpedo|Sharpedo-Mega, F|282\/282
|-damage|p2a: Sharpedo|247\/282|[from] Stealth Rock
|turn|86
|
|move|p2a: Sharpedo|Ice Fang|p1a: Venusaur
|-supereffective|p1a: Venusaur
|-damage|p1a: Venusaur|102\/363 brn
|move|p1a: Venusaur|Synthesis|p1a: Venusaur
|-heal|p1a: Venusaur|283\/363 brn
|
|-damage|p1a: Venusaur|238\/363 brn|[from] brn
|turn|87
|
|switch|p2a: Landorus-Therian|Landorus-Therian, M|201\/319
|-damage|p2a: Landorus-Therian|162\/319|[from] Stealth Rock
|-ability|p2a: Landorus-Therian|Intimidate|[of] p1a: Venusaur
|-unboost|p1a: Venusaur|atk|1
|move|p1a: Venusaur|Giga Drain|p2a: Landorus-Therian
|-damage|p2a: Landorus-Therian|33\/319
|-heal|p1a: Venusaur|303\/363 brn|[from] drain|[of] p2a: Landorus-Therian
|
|-damage|p1a: Venusaur|258\/363 brn|[from] brn
|turn|88
|-message|cheese23423 forfeited.
|leave|cheese23423
|
|win|Kioskate
|raw|Ladder updating...
|player|p2
|raw|Kioskate's rating: 1373 &rarr; <strong>1387<\/strong><br \/>(+14 for winning)
|raw|cheese23423's rating: 1267 &rarr; <strong>1249<\/strong><br \/>(-18 for losing)