|join|Bergulum 1.8
|join|Kioskate
|player|p1|Bergulum 1.8|240
|player|p2|Kioskate|1
|gametype|singles
|gen|6
|tier|OU (suspect test)
|rated
|clearpoke
|poke|p1|Crawdaunt, F
|poke|p1|Zapdos
|poke|p1|Latias, F
|poke|p1|Tyranitar, M
|poke|p1|Breloom, F
|poke|p1|Altaria, M
|poke|p2|Talonflame, M
|poke|p2|Venusaur, F
|poke|p2|Jirachi
|poke|p2|Gothitelle, F
|poke|p2|Mandibuzz, F
|poke|p2|Clefable, M
|rule|Swagger Clause: Swagger is banned
|rule|Baton Pass Clause: Limit one PokÃ©mon knowing Baton Pass
|rule|Sleep Clause Mod: Limit one foe put to sleep
|rule|Species Clause: Limit one of each PokÃ©mon
|rule|OHKO Clause: OHKO moves are banned
|rule|Moody Clause: Moody is banned
|rule|Evasion Moves Clause: Evasion moves are banned
|rule|Endless Battle Clause: Forcing endless battles is banned
|rule|HP Percentage Mod: HP is shown in percentages
|teampreview
|
|start
|switch|p1a: Stolichnaya|Tyranitar, M|404\/404
|switch|p2a: Venusaur|Venusaur, F|363\/363
|-weather|Sandstorm
|-item|p1a: Stolichnaya|Air Balloon
|turn|1
|
|detailschange|p2a: Venusaur|Venusaur-Mega, F
|-mega|p2a: Venusaur|Venusaur|Venusaurite
|move|p2a: Venusaur|Sleep Powder|p1a: Stolichnaya
|-status|p1a: Stolichnaya|slp
|cant|p1a: Stolichnaya|slp
|
|-weather|Sandstorm|[upkeep]
|-damage|p2a: Venusaur|341\/363|[from] sandstorm
|turn|2
|
|switch|p2a: Gothitelle|Gothitelle, F|343\/343
|cant|p1a: Stolichnaya|slp
|
|-weather|Sandstorm|[upkeep]
|-damage|p2a: Gothitelle|322\/343|[from] sandstorm
|-heal|p2a: Gothitelle|343\/343|[from] item: Leftovers
|turn|3
|
|move|p2a: Gothitelle|Charm|p1a: Stolichnaya
|-unboost|p1a: Stolichnaya|atk|2
|cant|p1a: Stolichnaya|slp
|
|-weather|Sandstorm|[upkeep]
|-damage|p2a: Gothitelle|322\/343|[from] sandstorm
|-heal|p2a: Gothitelle|343\/343|[from] item: Leftovers
|turn|4
|
|move|p2a: Gothitelle|Charm|p1a: Stolichnaya
|-unboost|p1a: Stolichnaya|atk|2
|-curestatus|p1a: Stolichnaya|slp
|move|p1a: Stolichnaya|Stealth Rock|p2a: Gothitelle
|-sidestart|p2: Kioskate|move: Stealth Rock
|
|-weather|Sandstorm|[upkeep]
|-damage|p2a: Gothitelle|322\/343|[from] sandstorm
|-heal|p2a: Gothitelle|343\/343|[from] item: Leftovers
|turn|5
|
|move|p2a: Gothitelle|Charm|p1a: Stolichnaya
|-unboost|p1a: Stolichnaya|atk|2
|move|p1a: Stolichnaya|Pursuit|p2a: Gothitelle
|-supereffective|p2a: Gothitelle
|-damage|p2a: Gothitelle|301\/343
|
|-weather|none
|-heal|p2a: Gothitelle|322\/343|[from] item: Leftovers
|turn|6
|c|âKioskate|!dt pursuit
|c|~|\/data-move Pursuit
|raw|<font size="1"><font color=#585858>Priority:<\/font> 0&nbsp;|&ThickSpace;<font color=#585858><font color=black>&#10003; Contact<\/font><\/font>&nbsp;|&ThickSpace;<font color=#585858><font color=black>&#10003; Blocked by Protect<\/font><\/font>&nbsp;|&ThickSpace;<font color=#585858>Target:<\/font> One Adjacent Pokemon<\/font>
|
|move|p2a: Gothitelle|Calm Mind|p2a: Gothitelle
|-boost|p2a: Gothitelle|spa|1
|-boost|p2a: Gothitelle|spd|1
|move|p1a: Stolichnaya|Fire Blast|p2a: Gothitelle
|-damage|p2a: Gothitelle|284\/343
|
|-heal|p2a: Gothitelle|305\/343|[from] item: Leftovers
|turn|7
|c|âBergulum 1.8|you are cheap as fuck sir
|c|âKioskate|PP stall inc
|
|move|p2a: Gothitelle|Calm Mind|p2a: Gothitelle
|-boost|p2a: Gothitelle|spa|1
|-boost|p2a: Gothitelle|spd|1
|move|p1a: Stolichnaya|Fire Blast|p2a: Gothitelle
|-damage|p2a: Gothitelle|279\/343
|
|-heal|p2a: Gothitelle|300\/343|[from] item: Leftovers
|turn|8
|c|âKioskate|Don't worry I have rest
|c|âKioskate|won't be burning me
|
|move|p2a: Gothitelle|Calm Mind|p2a: Gothitelle
|-boost|p2a: Gothitelle|spa|1
|-boost|p2a: Gothitelle|spd|1
|move|p1a: Stolichnaya|Fire Blast|p2a: Gothitelle
|-damage|p2a: Gothitelle|277\/343
|
|-heal|p2a: Gothitelle|298\/343|[from] item: Leftovers
|turn|9
|
|move|p2a: Gothitelle|Calm Mind|p2a: Gothitelle
|-boost|p2a: Gothitelle|spa|1
|-boost|p2a: Gothitelle|spd|1
|move|p1a: Stolichnaya|Stealth Rock|p2a: Gothitelle
|-fail|p2a: Gothitelle
|
|-heal|p2a: Gothitelle|319\/343|[from] item: Leftovers
|turn|10
|
|move|p2a: Gothitelle|Calm Mind|p2a: Gothitelle
|-boost|p2a: Gothitelle|spa|1
|-boost|p2a: Gothitelle|spd|1
|move|p1a: Stolichnaya|Pursuit|p2a: Gothitelle
|-supereffective|p2a: Gothitelle
|-damage|p2a: Gothitelle|277\/343
|
|-heal|p2a: Gothitelle|298\/343|[from] item: Leftovers
|turn|11
|
|move|p2a: Gothitelle|Calm Mind|p2a: Gothitelle
|-boost|p2a: Gothitelle|spa|1
|-boost|p2a: Gothitelle|spd|1
|move|p1a: Stolichnaya|Fire Blast|p2a: Gothitelle
|-damage|p2a: Gothitelle|283\/343
|
|-heal|p2a: Gothitelle|304\/343|[from] item: Leftovers
|turn|12
|
|move|p2a: Gothitelle|Charm|p1a: Stolichnaya
|-fail|p1a: Stolichnaya
|move|p1a: Stolichnaya|Fire Blast|p2a: Gothitelle
|-damage|p2a: Gothitelle|289\/343
|
|-heal|p2a: Gothitelle|310\/343|[from] item: Leftovers
|turn|13
|
|move|p2a: Gothitelle|Charm|p1a: Stolichnaya
|-fail|p1a: Stolichnaya
|move|p1a: Stolichnaya|Fire Blast|p2a: Gothitelle
|-damage|p2a: Gothitelle|297\/343
|
|-heal|p2a: Gothitelle|318\/343|[from] item: Leftovers
|turn|14
|
|move|p2a: Gothitelle|Charm|p1a: Stolichnaya
|-fail|p1a: Stolichnaya
|move|p1a: Stolichnaya|Fire Blast|p2a: Gothitelle
|-damage|p2a: Gothitelle|303\/343
|
|-heal|p2a: Gothitelle|324\/343|[from] item: Leftovers
|turn|15
|c|âKioskate|maybe I should run dark pulse over psyshock
|
|move|p2a: Gothitelle|Charm|p1a: Stolichnaya
|-fail|p1a: Stolichnaya
|move|p1a: Stolichnaya|Fire Blast|p2a: Gothitelle
|-crit|p2a: Gothitelle
|-damage|p2a: Gothitelle|244\/343
|-status|p2a: Gothitelle|brn
|
|-heal|p2a: Gothitelle|265\/343 brn|[from] item: Leftovers
|-damage|p2a: Gothitelle|223\/343 brn|[from] brn
|turn|16
|
|move|p2a: Gothitelle|Rest|p2a: Gothitelle
|-status|p2a: Gothitelle|slp
|-heal|p2a: Gothitelle|343\/343 slp|[silent]
|-status|p2a: Gothitelle|slp|[from] move: Rest
|move|p1a: Stolichnaya|Pursuit|p2a: Gothitelle
|-supereffective|p2a: Gothitelle
|-damage|p2a: Gothitelle|305\/343 slp
|
|-heal|p2a: Gothitelle|326\/343 slp|[from] item: Leftovers
|turn|17
|
|cant|p2a: Gothitelle|slp
|move|p1a: Stolichnaya|Pursuit|p2a: Gothitelle
|-supereffective|p2a: Gothitelle
|-damage|p2a: Gothitelle|282\/343 slp
|
|-heal|p2a: Gothitelle|303\/343 slp|[from] item: Leftovers
|turn|18
|
|cant|p2a: Gothitelle|slp
|move|p1a: Stolichnaya|Pursuit|p2a: Gothitelle
|-supereffective|p2a: Gothitelle
|-damage|p2a: Gothitelle|259\/343 slp
|
|-heal|p2a: Gothitelle|280\/343 slp|[from] item: Leftovers
|turn|19
|
|-curestatus|p2a: Gothitelle|slp
|move|p2a: Gothitelle|Charm|p1a: Stolichnaya
|-fail|p1a: Stolichnaya
|move|p1a: Stolichnaya|Superpower|p2a: Gothitelle
|-resisted|p2a: Gothitelle
|-damage|p2a: Gothitelle|259\/343
|-unboost|p1a: Stolichnaya|def|1
|
|-heal|p2a: Gothitelle|280\/343|[from] item: Leftovers
|turn|20
|c|âKioskate|!dt superpower
|c|~|\/data-move Superpower
|raw|<font size="1"><font color=#585858>Priority:<\/font> 0&nbsp;|&ThickSpace;<font color=#585858><font color=black>&#10003; Contact<\/font><\/font>&nbsp;|&ThickSpace;<font color=#585858><font color=black>&#10003; Blocked by Protect<\/font><\/font>&nbsp;|&ThickSpace;<font color=#585858>Target:<\/font> One Adjacent Pokemon<\/font>
|c|âBergulum 1.8|cool
|c|âKioskate|so 80 pp to burn
|c|âBergulum 1.8|you can also use \/ instead of !
|
|move|p2a: Gothitelle|Charm|p1a: Stolichnaya
|-fail|p1a: Stolichnaya
|move|p1a: Stolichnaya|Superpower|p2a: Gothitelle
|-resisted|p2a: Gothitelle
|-damage|p2a: Gothitelle|261\/343
|-unboost|p1a: Stolichnaya|def|1
|
|-heal|p2a: Gothitelle|282\/343|[from] item: Leftovers
|turn|21
|c|âBergulum 1.8|im in no hurry
|c|âKioskate|same
|
|move|p2a: Gothitelle|Charm|p1a: Stolichnaya
|-fail|p1a: Stolichnaya
|move|p1a: Stolichnaya|Superpower|p2a: Gothitelle
|-resisted|p2a: Gothitelle
|-damage|p2a: Gothitelle|263\/343
|-unboost|p1a: Stolichnaya|def|1
|
|-heal|p2a: Gothitelle|284\/343|[from] item: Leftovers
|turn|22
|c|âBergulum 1.8|my bad connection might make this a long one tho
|c|âKioskate|doing things in other windows
|c|âBergulum 1.8|so am i
|c|âBergulum 1.8|this battle is shit
|
|move|p2a: Gothitelle|Charm|p1a: Stolichnaya
|-fail|p1a: Stolichnaya
|move|p1a: Stolichnaya|Superpower|p2a: Gothitelle
|-resisted|p2a: Gothitelle
|-damage|p2a: Gothitelle|263\/343
|-unboost|p1a: Stolichnaya|def|1
|
|-heal|p2a: Gothitelle|284\/343|[from] item: Leftovers
|turn|23
|
|move|p2a: Gothitelle|Charm|p1a: Stolichnaya
|-fail|p1a: Stolichnaya
|move|p1a: Stolichnaya|Superpower|p2a: Gothitelle
|-crit|p2a: Gothitelle
|-resisted|p2a: Gothitelle
|-damage|p2a: Gothitelle|163\/343
|-unboost|p1a: Stolichnaya|def|1
|
|-heal|p2a: Gothitelle|184\/343|[from] item: Leftovers
|turn|24
|
|move|p2a: Gothitelle|Charm|p1a: Stolichnaya
|-fail|p1a: Stolichnaya
|move|p1a: Stolichnaya|Superpower|p2a: Gothitelle
|-resisted|p2a: Gothitelle
|-damage|p2a: Gothitelle|163\/343
|-unboost|p1a: Stolichnaya|def|1
|
|-heal|p2a: Gothitelle|184\/343|[from] item: Leftovers
|turn|25
|
|move|p2a: Gothitelle|Rest|p2a: Gothitelle
|-status|p2a: Gothitelle|slp
|-heal|p2a: Gothitelle|343\/343 slp|[silent]
|-status|p2a: Gothitelle|slp|[from] move: Rest
|move|p1a: Stolichnaya|Superpower|p2a: Gothitelle
|-resisted|p2a: Gothitelle
|-damage|p2a: Gothitelle|321\/343 slp
|
|-heal|p2a: Gothitelle|342\/343 slp|[from] item: Leftovers
|turn|26
|
|cant|p2a: Gothitelle|slp
|move|p1a: Stolichnaya|Stealth Rock|p2a: Gothitelle
|-fail|p2a: Gothitelle
|
|-heal|p2a: Gothitelle|343\/343 slp|[from] item: Leftovers
|turn|27
|
|cant|p2a: Gothitelle|slp
|move|p1a: Stolichnaya|Stealth Rock|p2a: Gothitelle
|-fail|p2a: Gothitelle
|
|turn|28
|
|-curestatus|p2a: Gothitelle|slp
|move|p2a: Gothitelle|Charm|p1a: Stolichnaya
|-fail|p1a: Stolichnaya
|move|p1a: Stolichnaya|Stealth Rock|p2a: Gothitelle
|-fail|p2a: Gothitelle
|
|turn|29
|
|move|p2a: Gothitelle|Charm|p1a: Stolichnaya
|-fail|p1a: Stolichnaya
|move|p1a: Stolichnaya|Stealth Rock|p2a: Gothitelle
|-fail|p2a: Gothitelle
|
|turn|30
|
|move|p2a: Gothitelle|Charm|p1a: Stolichnaya
|-fail|p1a: Stolichnaya
|move|p1a: Stolichnaya|Stealth Rock|p2a: Gothitelle
|-fail|p2a: Gothitelle
|
|turn|31
|
|move|p2a: Gothitelle|Charm|p1a: Stolichnaya
|-fail|p1a: Stolichnaya
|move|p1a: Stolichnaya|Stealth Rock|p2a: Gothitelle
|-fail|p2a: Gothitelle
|
|turn|32
|
|move|p2a: Gothitelle|Charm|p1a: Stolichnaya
|-fail|p1a: Stolichnaya
|move|p1a: Stolichnaya|Stealth Rock|p2a: Gothitelle
|-fail|p2a: Gothitelle
|
|turn|33
|
|move|p2a: Gothitelle|Charm|p1a: Stolichnaya
|-fail|p1a: Stolichnaya
|move|p1a: Stolichnaya|Stealth Rock|p2a: Gothitelle
|-fail|p2a: Gothitelle
|
|turn|34
|
|move|p2a: Gothitelle|Charm|p1a: Stolichnaya
|-fail|p1a: Stolichnaya
|move|p1a: Stolichnaya|Stealth Rock|p2a: Gothitelle
|-fail|p2a: Gothitelle
|
|turn|35
|
|move|p2a: Gothitelle|Charm|p1a: Stolichnaya
|-fail|p1a: Stolichnaya
|move|p1a: Stolichnaya|Stealth Rock|p2a: Gothitelle
|-fail|p2a: Gothitelle
|
|turn|36
|
|move|p2a: Gothitelle|Charm|p1a: Stolichnaya
|-fail|p1a: Stolichnaya
|move|p1a: Stolichnaya|Stealth Rock|p2a: Gothitelle
|-fail|p2a: Gothitelle
|
|turn|37
|
|move|p2a: Gothitelle|Calm Mind|p2a: Gothitelle
|-fail|p2a: Gothitelle
|move|p1a: Stolichnaya|Stealth Rock|p2a: Gothitelle
|-fail|p2a: Gothitelle
|
|turn|38
|
|move|p2a: Gothitelle|Calm Mind|p2a: Gothitelle
|-fail|p2a: Gothitelle
|move|p1a: Stolichnaya|Stealth Rock|p2a: Gothitelle
|-fail|p2a: Gothitelle
|
|turn|39
|
|move|p2a: Gothitelle|Calm Mind|p2a: Gothitelle
|-fail|p2a: Gothitelle
|move|p1a: Stolichnaya|Stealth Rock|p2a: Gothitelle
|-fail|p2a: Gothitelle
|
|turn|40
|
|move|p2a: Gothitelle|Calm Mind|p2a: Gothitelle
|-fail|p2a: Gothitelle
|move|p1a: Stolichnaya|Stealth Rock|p2a: Gothitelle
|-fail|p2a: Gothitelle
|
|turn|41
|
|move|p2a: Gothitelle|Calm Mind|p2a: Gothitelle
|-fail|p2a: Gothitelle
|move|p1a: Stolichnaya|Stealth Rock|p2a: Gothitelle
|-fail|p2a: Gothitelle
|
|turn|42
|
|move|p2a: Gothitelle|Calm Mind|p2a: Gothitelle
|-fail|p2a: Gothitelle
|move|p1a: Stolichnaya|Stealth Rock|p2a: Gothitelle
|-fail|p2a: Gothitelle
|
|turn|43
|
|move|p2a: Gothitelle|Calm Mind|p2a: Gothitelle
|-fail|p2a: Gothitelle
|move|p1a: Stolichnaya|Stealth Rock|p2a: Gothitelle
|-fail|p2a: Gothitelle
|
|turn|44
|
|move|p2a: Gothitelle|Calm Mind|p2a: Gothitelle
|-fail|p2a: Gothitelle
|move|p1a: Stolichnaya|Stealth Rock|p2a: Gothitelle
|-fail|p2a: Gothitelle
|
|turn|45
|
|move|p2a: Gothitelle|Calm Mind|p2a: Gothitelle
|-fail|p2a: Gothitelle
|move|p1a: Stolichnaya|Stealth Rock|p2a: Gothitelle
|-fail|p2a: Gothitelle
|
|turn|46
|
|move|p2a: Gothitelle|Psyshock|p1a: Stolichnaya
|-immune|p1a: Stolichnaya|[msg]
|move|p1a: Stolichnaya|Stealth Rock|p2a: Gothitelle
|-fail|p2a: Gothitelle
|
|turn|47
|
|move|p2a: Gothitelle|Charm|p1a: Stolichnaya
|-fail|p1a: Stolichnaya
|move|p1a: Stolichnaya|Stealth Rock|p2a: Gothitelle
|-fail|p2a: Gothitelle
|
|turn|48
|
|move|p2a: Gothitelle|Calm Mind|p2a: Gothitelle
|-fail|p2a: Gothitelle
|move|p1a: Stolichnaya|Stealth Rock|p2a: Gothitelle
|-fail|p2a: Gothitelle
|
|turn|49
|
|move|p2a: Gothitelle|Calm Mind|p2a: Gothitelle
|-fail|p2a: Gothitelle
|move|p1a: Stolichnaya|Stealth Rock|p2a: Gothitelle
|-fail|p2a: Gothitelle
|
|turn|50
|
|move|p2a: Gothitelle|Psyshock|p1a: Stolichnaya
|-immune|p1a: Stolichnaya|[msg]
|move|p1a: Stolichnaya|Stealth Rock|p2a: Gothitelle
|-fail|p2a: Gothitelle
|
|turn|51
|c|âKioskate|So 5 SR one Super power and some pursuits left right?
|
|move|p2a: Gothitelle|Calm Mind|p2a: Gothitelle
|-fail|p2a: Gothitelle
|move|p1a: Stolichnaya|Stealth Rock|p2a: Gothitelle
|-fail|p2a: Gothitelle
|
|turn|52
|c|âBergulum 1.8|5 rocks, 27 pursuits and 1 sp
|
|move|p2a: Gothitelle|Psyshock|p1a: Stolichnaya
|-immune|p1a: Stolichnaya|[msg]
|move|p1a: Stolichnaya|Stealth Rock|p2a: Gothitelle
|-fail|p2a: Gothitelle
|
|turn|53
|c|âKioskate|use the rocks and SP and I won't stall the pursuits
|c|âBergulum 1.8|why do you do this btw? would you stall anyway if t-tar wouldnt be immune to your only attack?
|
|move|p2a: Gothitelle|Psyshock|p1a: Stolichnaya
|-immune|p1a: Stolichnaya|[msg]
|move|p1a: Stolichnaya|Stealth Rock|p2a: Gothitelle
|-fail|p2a: Gothitelle
|
|turn|54
|c|âKioskate|yeah I'm thinking of switching to dark pulse
|c|âKioskate|Usually can't trap ttar though
|
|move|p2a: Gothitelle|Psyshock|p1a: Stolichnaya
|-immune|p1a: Stolichnaya|[msg]
|move|p1a: Stolichnaya|Stealth Rock|p2a: Gothitelle
|-fail|p2a: Gothitelle
|
|turn|55
|c|âKioskate|Too risky with crunch crits
|c|âKioskate|and def drops
|
|move|p2a: Gothitelle|Psyshock|p1a: Stolichnaya
|-immune|p1a: Stolichnaya|[msg]
|move|p1a: Stolichnaya|Stealth Rock|p2a: Gothitelle
|-fail|p2a: Gothitelle
|
|turn|56
|
|move|p2a: Gothitelle|Psyshock|p1a: Stolichnaya
|-immune|p1a: Stolichnaya|[msg]
|move|p1a: Stolichnaya|Superpower|p2a: Gothitelle
|-resisted|p2a: Gothitelle
|-damage|p2a: Gothitelle|320\/343
|
|-heal|p2a: Gothitelle|341\/343|[from] item: Leftovers
|turn|57
|c|âBergulum 1.8|i dont time stall. my connection is just bad
|
|move|p1a: Stolichnaya|Pursuit|p2a: Gothitelle|[from]Pursuit
|-supereffective|p2a: Gothitelle
|-damage|p2a: Gothitelle|251\/343
|switch|p2a: Mandibuzz|Mandibuzz, F|423\/423
|-damage|p2a: Mandibuzz|318\/423|[from] Stealth Rock
|
|-heal|p2a: Mandibuzz|344\/423|[from] item: Leftovers
|turn|58
|
|switch|p1a: Shatterproof|Crawdaunt, F|330\/330
|move|p2a: Mandibuzz|Defog|p1a: Shatterproof
|-unboost|p1a: Shatterproof|evasion|1
|-sideend|p2: Kioskate|Stealth Rock|[from] move: Defog|[of] p2a: Mandibuzz
|
|-heal|p2a: Mandibuzz|370\/423|[from] item: Leftovers
|turn|59
|
|switch|p2a: Venusaur|Venusaur-Mega, F|341\/363
|move|p1a: Shatterproof|Swords Dance|p1a: Shatterproof
|-boost|p1a: Shatterproof|atk|2
|
|turn|60
|
|move|p2a: Venusaur|Giga Drain|p1a: Shatterproof
|-supereffective|p1a: Shatterproof
|-damage|p1a: Shatterproof|12\/330
|-heal|p2a: Venusaur|363\/363|[from] drain|[of] p1a: Shatterproof
|move|p1a: Shatterproof|Knock Off|p2a: Venusaur
|-damage|p2a: Venusaur|153\/363
|
|-heal|p1a: Shatterproof|32\/330|[from] item: Leftovers
|turn|61
|c|âKioskate|going to have to add some satk to this
|
|move|p2a: Venusaur|Sleep Powder|p1a: Shatterproof
|-status|p1a: Shatterproof|slp
|cant|p1a: Shatterproof|slp
|
|-heal|p1a: Shatterproof|52\/330 slp|[from] item: Leftovers
|turn|62
|
|switch|p1a: Cowbell|Latias, F|302\/302
|move|p2a: Venusaur|Synthesis|p2a: Venusaur
|-heal|p2a: Venusaur|334\/363
|
|turn|63
|
|switch|p2a: Jirachi|Jirachi|403\/403
|move|p1a: Cowbell|Dragon Pulse|p2a: Jirachi
|-resisted|p2a: Jirachi
|-damage|p2a: Jirachi|358\/403
|
|-heal|p2a: Jirachi|383\/403|[from] item: Leftovers
|turn|64
|
|move|p1a: Cowbell|Healing Wish|p1a: Cowbell
|faint|p1a: Cowbell
|move|p2a: Jirachi|Body Slam|p1: Cowbell|[notarget]
|-notarget
|
|-heal|p2a: Jirachi|403\/403|[from] item: Leftovers
|c|âKioskate|oh mean
|
|switch|p1a: Shatterproof|Crawdaunt, F|52\/330 slp
|-heal|p1a: Shatterproof|330\/330|[from] move: Healing Wish
|turn|65
|c|âKioskate|!dt healing wish
|c|~|\/data-move Healing Wish
|raw|<font size="1"><font color=#585858>Priority:<\/font> 0&nbsp;|&ThickSpace;<font color=#585858>Target:<\/font> User<\/font>
|c|âKioskate|oh thought it gave pp like lunar dance
|
|move|p2a: Jirachi|U-turn|p1a: Shatterproof
|-supereffective|p1a: Shatterproof
|-damage|p1a: Shatterproof|214\/330
|
|switch|p2a: Venusaur|Venusaur-Mega, F|334\/363
|move|p1a: Shatterproof|Knock Off|p2a: Venusaur
|-damage|p2a: Venusaur|224\/363
|
|-heal|p1a: Shatterproof|234\/330|[from] item: Leftovers
|turn|66
|
|switch|p1a: Lamar|Breloom, F|324\/324
|move|p2a: Venusaur|Synthesis|p2a: Venusaur
|-heal|p2a: Venusaur|363\/363
|
|-status|p1a: Lamar|tox|[from] item: Toxic Orb
|turn|67
|
|switch|p1a: Incestuous|Zapdos|322\/322
|-ability|p1a: Incestuous|Pressure
|move|p2a: Venusaur|Sludge Bomb|p1a: Incestuous
|-damage|p1a: Incestuous|189\/322
|
|-heal|p1a: Incestuous|209\/322|[from] item: Leftovers
|turn|68
|
|move|p1a: Incestuous|Heat Wave|p2a: Venusaur
|-supereffective|p2a: Venusaur
|-damage|p2a: Venusaur|269\/363
|move|p2a: Venusaur|Sleep Powder|p1a: Incestuous
|-status|p1a: Incestuous|slp
|
|-heal|p1a: Incestuous|229\/322 slp|[from] item: Leftovers
|turn|69
|
|switch|p2a: Gothitelle|Gothitelle, F|251\/343
|cant|p1a: Incestuous|slp
|
|-heal|p1a: Incestuous|249\/322 slp|[from] item: Leftovers
|-heal|p2a: Gothitelle|272\/343|[from] item: Leftovers
|turn|70
|-message|Bergulum 1.8 forfeited.
|leave|Bergulum 1.8
|
|win|Kioskate
|raw|Ladder updating...
|player|p1
|raw|Bergulum 1.8's rating: 1268 &rarr; <strong>1248<\/strong><br \/>(-20 for losing)
|raw|Kioskate's rating: 1333 &rarr; <strong>1350<\/strong><br \/>(+17 for winning)