|join|breadandbutter555
|join|Kioskate
|player|p1|breadandbutter555|169
|player|p2|Kioskate|2
|gametype|singles
|gen|6
|tier|OU (suspect test)
|rated
|clearpoke
|poke|p1|Diancie
|poke|p1|Conkeldurr, F
|poke|p1|Ferrothorn, M
|poke|p1|Goodra, F
|poke|p1|Keldeo
|poke|p1|Bisharp, F
|poke|p2|Talonflame, F
|poke|p2|Venusaur, M
|poke|p2|Jirachi
|poke|p2|Gothitelle, F
|poke|p2|Mandibuzz, F
|poke|p2|Clefable, F
|rule|Swagger Clause: Swagger is banned
|rule|Baton Pass Clause: Limit one PokÃ©mon knowing Baton Pass
|rule|Sleep Clause Mod: Limit one foe put to sleep
|rule|Species Clause: Limit one of each PokÃ©mon
|rule|OHKO Clause: OHKO moves are banned
|rule|Moody Clause: Moody is banned
|rule|Evasion Moves Clause: Evasion moves are banned
|rule|Endless Battle Clause: Forcing endless battles is banned
|rule|HP Percentage Mod: HP is shown in percentages
|teampreview
|
|start
|switch|p1a: Ferrothorn|Ferrothorn, M|351\/351
|switch|p2a: Gothitelle|Gothitelle, F|343\/343
|turn|1
|
|move|p2a: Gothitelle|Calm Mind|p2a: Gothitelle
|-boost|p2a: Gothitelle|spa|1
|-boost|p2a: Gothitelle|spd|1
|move|p1a: Ferrothorn|Stealth Rock|p2a: Gothitelle
|-sidestart|p2: Kioskate|move: Stealth Rock
|
|turn|2
|
|move|p2a: Gothitelle|Charm|p1a: Ferrothorn
|-unboost|p1a: Ferrothorn|atk|2
|move|p1a: Ferrothorn|Leech Seed|p2a: Gothitelle
|-start|p2a: Gothitelle|move: Leech Seed
|
|-damage|p2a: Gothitelle|301\/343|[from] Leech Seed|[of] p1a: Ferrothorn
|turn|3
|c|âKioskate|oh boy
|c|âKioskate|pp stall now
|leave|Kioskate
|
|move|p2a: Gothitelle|Calm Mind|p2a: Gothitelle
|-boost|p2a: Gothitelle|spa|1
|-boost|p2a: Gothitelle|spd|1
|move|p1a: Ferrothorn|Gyro Ball|p2a: Gothitelle
|-damage|p2a: Gothitelle|240\/343
|
|-heal|p2a: Gothitelle|261\/343|[from] item: Leftovers
|-damage|p2a: Gothitelle|219\/343|[from] Leech Seed|[of] p1a: Ferrothorn
|turn|4
|player|p2
|join|Kioskate
|player|p2|Kioskate|2
|
|move|p2a: Gothitelle|Charm|p1a: Ferrothorn
|-unboost|p1a: Ferrothorn|atk|2
|move|p1a: Ferrothorn|Gyro Ball|p2a: Gothitelle
|-damage|p2a: Gothitelle|180\/343
|
|-heal|p2a: Gothitelle|201\/343|[from] item: Leftovers
|-damage|p2a: Gothitelle|159\/343|[from] Leech Seed|[of] p1a: Ferrothorn
|turn|5
|
|move|p2a: Gothitelle|Charm|p1a: Ferrothorn
|-unboost|p1a: Ferrothorn|atk|2
|move|p1a: Ferrothorn|Gyro Ball|p2a: Gothitelle
|-damage|p2a: Gothitelle|125\/343
|
|-heal|p2a: Gothitelle|146\/343|[from] item: Leftovers
|-damage|p2a: Gothitelle|104\/343|[from] Leech Seed|[of] p1a: Ferrothorn
|turn|6
|
|move|p2a: Gothitelle|Rest|p2a: Gothitelle
|-status|p2a: Gothitelle|slp
|-heal|p2a: Gothitelle|343\/343 slp|[silent]
|-status|p2a: Gothitelle|slp|[from] move: Rest
|move|p1a: Ferrothorn|Gyro Ball|p2a: Gothitelle
|-damage|p2a: Gothitelle|312\/343 slp
|
|-heal|p2a: Gothitelle|333\/343 slp|[from] item: Leftovers
|-damage|p2a: Gothitelle|291\/343 slp|[from] Leech Seed|[of] p1a: Ferrothorn
|turn|7
|
|cant|p2a: Gothitelle|slp
|move|p1a: Ferrothorn|Gyro Ball|p2a: Gothitelle
|-damage|p2a: Gothitelle|263\/343 slp
|
|-heal|p2a: Gothitelle|284\/343 slp|[from] item: Leftovers
|-damage|p2a: Gothitelle|242\/343 slp|[from] Leech Seed|[of] p1a: Ferrothorn
|turn|8
|
|cant|p2a: Gothitelle|slp
|move|p1a: Ferrothorn|Power Whip|p2a: Gothitelle
|-damage|p2a: Gothitelle|206\/343 slp
|
|-heal|p2a: Gothitelle|227\/343 slp|[from] item: Leftovers
|-damage|p2a: Gothitelle|185\/343 slp|[from] Leech Seed|[of] p1a: Ferrothorn
|turn|9
|c|âKioskate|at least you don't have too much pp
|c|âbreadandbutter555|I have like...
|c|âbreadandbutter555|70
|
|-curestatus|p2a: Gothitelle|slp
|move|p2a: Gothitelle|Calm Mind|p2a: Gothitelle
|-boost|p2a: Gothitelle|spa|1
|-boost|p2a: Gothitelle|spd|1
|move|p1a: Ferrothorn|Power Whip|p2a: Gothitelle
|-damage|p2a: Gothitelle|152\/343
|
|-heal|p2a: Gothitelle|173\/343|[from] item: Leftovers
|-damage|p2a: Gothitelle|131\/343|[from] Leech Seed|[of] p1a: Ferrothorn
|turn|10
|c|âKioskate|I've stalled out much more
|c|âbreadandbutter555|,,,
|c|âbreadandbutter555|your
|c|âKioskate|Some people run SR and Spikes
|c|âbreadandbutter555|truly
|
|move|p2a: Gothitelle|Rest|p2a: Gothitelle
|-status|p2a: Gothitelle|slp
|-heal|p2a: Gothitelle|343\/343 slp|[silent]
|-status|p2a: Gothitelle|slp|[from] move: Rest
|move|p1a: Ferrothorn|Power Whip|p2a: Gothitelle
|-damage|p2a: Gothitelle|309\/343 slp
|
|-heal|p2a: Gothitelle|330\/343 slp|[from] item: Leftovers
|-damage|p2a: Gothitelle|288\/343 slp|[from] Leech Seed|[of] p1a: Ferrothorn
|turn|11
|c|âbreadandbutter555|evil
|c|âKioskate|Your fault for seeding me
|
|cant|p2a: Gothitelle|slp
|move|p1a: Ferrothorn|Power Whip|p2a: Gothitelle
|-damage|p2a: Gothitelle|252\/343 slp
|
|-heal|p2a: Gothitelle|273\/343 slp|[from] item: Leftovers
|-damage|p2a: Gothitelle|231\/343 slp|[from] Leech Seed|[of] p1a: Ferrothorn
|turn|12
|c|âbreadandbutter555|I have time..
|
|cant|p2a: Gothitelle|slp
|move|p1a: Ferrothorn|Power Whip|p2a: Gothitelle
|-damage|p2a: Gothitelle|197\/343 slp
|
|-heal|p2a: Gothitelle|218\/343 slp|[from] item: Leftovers
|-damage|p2a: Gothitelle|176\/343 slp|[from] Leech Seed|[of] p1a: Ferrothorn
|turn|13
|
|-curestatus|p2a: Gothitelle|slp
|move|p2a: Gothitelle|Calm Mind|p2a: Gothitelle
|-boost|p2a: Gothitelle|spa|1
|-boost|p2a: Gothitelle|spd|1
|move|p1a: Ferrothorn|Gyro Ball|p2a: Gothitelle
|-damage|p2a: Gothitelle|145\/343
|
|-heal|p2a: Gothitelle|166\/343|[from] item: Leftovers
|-damage|p2a: Gothitelle|124\/343|[from] Leech Seed|[of] p1a: Ferrothorn
|turn|14
|c|âbreadandbutter555|KILL ME DAMNIT
|c|âKioskate|can't
|
|move|p2a: Gothitelle|Rest|p2a: Gothitelle
|-status|p2a: Gothitelle|slp
|-heal|p2a: Gothitelle|343\/343 slp|[silent]
|-status|p2a: Gothitelle|slp|[from] move: Rest
|move|p1a: Ferrothorn|Gyro Ball|p2a: Gothitelle
|-damage|p2a: Gothitelle|315\/343 slp
|
|-heal|p2a: Gothitelle|336\/343 slp|[from] item: Leftovers
|-damage|p2a: Gothitelle|294\/343 slp|[from] Leech Seed|[of] p1a: Ferrothorn
|turn|15
|c|âKioskate|You keep attacking
|c|âKioskate|and have me seeded
|c|âKioskate|So I have to keep resting
|c|âbreadandbutter555|u5e 5leepy talk
|
|cant|p2a: Gothitelle|slp
|move|p1a: Ferrothorn|Gyro Ball|p2a: Gothitelle
|-damage|p2a: Gothitelle|264\/343 slp
|
|-heal|p2a: Gothitelle|285\/343 slp|[from] item: Leftovers
|-damage|p2a: Gothitelle|243\/343 slp|[from] Leech Seed|[of] p1a: Ferrothorn
|turn|16
|c|âbreadandbutter555|i beg of you
|c|âKioskate|don't have
|c|âKioskate|If you want this to be faster spam SR
|c|âbreadandbutter555|i hoping crit
|c|âbreadandbutter555|lol
|
|cant|p2a: Gothitelle|slp
|move|p1a: Ferrothorn|Power Whip|p2a: Gothitelle
|-damage|p2a: Gothitelle|209\/343 slp
|
|-heal|p2a: Gothitelle|230\/343 slp|[from] item: Leftovers
|-damage|p2a: Gothitelle|188\/343 slp|[from] Leech Seed|[of] p1a: Ferrothorn
|turn|17
|c|âKioskate|then don't complain
|c|âbreadandbutter555|fair enough
|
|-curestatus|p2a: Gothitelle|slp
|move|p2a: Gothitelle|Calm Mind|p2a: Gothitelle
|-boost|p2a: Gothitelle|spa|1
|-boost|p2a: Gothitelle|spd|1
|move|p1a: Ferrothorn|Power Whip|p2a: Gothitelle
|-damage|p2a: Gothitelle|151\/343
|
|-heal|p2a: Gothitelle|172\/343|[from] item: Leftovers
|-damage|p2a: Gothitelle|130\/343|[from] Leech Seed|[of] p1a: Ferrothorn
|turn|18
|c|âbreadandbutter555|fuck it
|
|move|p2a: Gothitelle|Rest|p2a: Gothitelle
|-status|p2a: Gothitelle|slp
|-heal|p2a: Gothitelle|343\/343 slp|[silent]
|-status|p2a: Gothitelle|slp|[from] move: Rest
|move|p1a: Ferrothorn|Stealth Rock|p2a: Gothitelle
|-fail|p2a: Gothitelle
|
|-damage|p2a: Gothitelle|301\/343 slp|[from] Leech Seed|[of] p1a: Ferrothorn
|turn|19
|
|cant|p2a: Gothitelle|slp
|move|p1a: Ferrothorn|Stealth Rock|p2a: Gothitelle
|-fail|p2a: Gothitelle
|
|-heal|p2a: Gothitelle|322\/343 slp|[from] item: Leftovers
|-damage|p2a: Gothitelle|280\/343 slp|[from] Leech Seed|[of] p1a: Ferrothorn
|turn|20
|
|cant|p2a: Gothitelle|slp
|move|p1a: Ferrothorn|Stealth Rock|p2a: Gothitelle
|-fail|p2a: Gothitelle
|
|-heal|p2a: Gothitelle|301\/343 slp|[from] item: Leftovers
|-damage|p2a: Gothitelle|259\/343 slp|[from] Leech Seed|[of] p1a: Ferrothorn
|turn|21
|
|-curestatus|p2a: Gothitelle|slp
|move|p2a: Gothitelle|Calm Mind|p2a: Gothitelle
|-boost|p2a: Gothitelle|spa|1
|-boost|p2a: Gothitelle|spd|1
|move|p1a: Ferrothorn|Stealth Rock|p2a: Gothitelle
|-fail|p2a: Gothitelle
|
|-heal|p2a: Gothitelle|280\/343|[from] item: Leftovers
|-damage|p2a: Gothitelle|238\/343|[from] Leech Seed|[of] p1a: Ferrothorn
|turn|22
|
|move|p2a: Gothitelle|Dark Pulse|p1a: Ferrothorn
|-damage|p1a: Ferrothorn|146\/351
|move|p1a: Ferrothorn|Stealth Rock|p2a: Gothitelle
|-fail|p2a: Gothitelle
|
|-heal|p2a: Gothitelle|259\/343|[from] item: Leftovers
|-damage|p2a: Gothitelle|217\/343|[from] Leech Seed|[of] p1a: Ferrothorn
|-heal|p1a: Ferrothorn|188\/351|[silent]
|turn|23
|
|move|p2a: Gothitelle|Dark Pulse|p1a: Ferrothorn
|-damage|p1a: Ferrothorn|0 fnt
|faint|p1a: Ferrothorn
|
|-heal|p2a: Gothitelle|238\/343|[from] item: Leftovers
|
|switch|p1a: Bisharp|Bisharp, F|271\/271
|turn|24
|c|âbreadandbutter555|all that
|c|âbreadandbutter555|for an ohko
|c|âbreadandbutter555|bravo
|c|âKioskate|2hko*
|c|âbreadandbutter555|no
|c|âbreadandbutter555|ima
|c|âbreadandbutter555|ohko
|c|âbreadandbutter555|you
|
|switch|p2a: Venusaur|Venusaur, M|363\/363
|-damage|p2a: Venusaur|318\/363|[from] Stealth Rock
|move|p1a: Bisharp|Knock Off|p2a: Venusaur
|-damage|p2a: Venusaur|193\/363
|-damage|p1a: Bisharp|244\/271|[from] item: Life Orb
|
|turn|25
|c|âKioskate|oh
|c|âbreadandbutter555|or you can be
|c|âbreadandbutter555|gay
|c|âbreadandbutter555|and leave
|c|âKioskate|thought you meant I got 1hko
|c|âbreadandbutter555|lol
|c|âbreadandbutter555|no no
|c|âbreadandbutter555|im not idiot
|c|âbreadandbutter555|lol
|
|detailschange|p2a: Venusaur|Venusaur-Mega, M
|-mega|p2a: Venusaur|Venusaur|Venusaurite
|move|p1a: Bisharp|Swords Dance|p1a: Bisharp
|-boost|p1a: Bisharp|atk|2
|move|p2a: Venusaur|Synthesis|p2a: Venusaur
|-heal|p2a: Venusaur|363\/363
|
|turn|26
|c|âKioskate|You lead with ferro against goth stall :P
|c|âbreadandbutter555|i didn't kno you lead goth
|
|move|p1a: Bisharp|Iron Head|p2a: Venusaur
|-damage|p2a: Venusaur|152\/363
|-damage|p1a: Bisharp|217\/271|[from] item: Life Orb
|move|p2a: Venusaur|Sleep Powder|p1a: Bisharp
|-status|p1a: Bisharp|slp
|
|turn|27
|
|cant|p1a: Bisharp|slp
|move|p2a: Venusaur|Giga Drain|p1a: Bisharp
|-resisted|p1a: Bisharp
|-damage|p1a: Bisharp|149\/271 slp
|-heal|p2a: Venusaur|186\/363|[from] drain|[of] p1a: Bisharp
|
|turn|28
|c|âbreadandbutter555|people like you
|c|âbreadandbutter555|are the rea5on gen 6 i5 terrible
|
|-curestatus|p1a: Bisharp|slp
|move|p1a: Bisharp|Iron Head|p2a: Venusaur
|-damage|p2a: Venusaur|0 fnt
|-damage|p1a: Bisharp|122\/271|[from] item: Life Orb
|faint|p2a: Venusaur
|
|c|âKioskate|I haven't even started with para flinch yet
|c|âbreadandbutter555|ill murder you
|c|âbreadandbutter555|lol
|
|switch|p2a: Talonflame|Talonflame, F|359\/359
|-damage|p2a: Talonflame|180\/359|[from] Stealth Rock
|turn|29
|c|âbreadandbutter555|i beg
|c|âbreadandbutter555|dont
|
|switch|p1a: Diancie|Diancie|241\/241
|move|p2a: Talonflame|Will-O-Wisp|p1a: Diancie
|-status|p1a: Diancie|brn
|
|-heal|p2a: Talonflame|202\/359|[from] item: Leftovers
|-damage|p1a: Diancie|211\/241 brn|[from] brn
|turn|30
|c|âKioskate|my team is incredibly weak to talon
|c|âKioskate|I mean sharp
|c|âbreadandbutter555|ik
|
|detailschange|p1a: Diancie|Diancie-Mega
|-mega|p1a: Diancie|Diancie|Diancite
|move|p2a: Talonflame|Roost|p2a: Talonflame
|-heal|p2a: Talonflame|359\/359
|move|p1a: Diancie|Diamond Storm|p2a: Talonflame
|-supereffective|p2a: Talonflame
|-damage|p2a: Talonflame|153\/359
|
|-heal|p2a: Talonflame|175\/359|[from] item: Leftovers
|-damage|p1a: Diancie|181\/241 brn|[from] brn
|turn|31
|
|switch|p2a: Jirachi|Jirachi|403\/403
|-damage|p2a: Jirachi|378\/403|[from] Stealth Rock
|move|p1a: Diancie|Earth Power|p2a: Jirachi
|-supereffective|p2a: Jirachi
|-damage|p2a: Jirachi|194\/403
|
|-heal|p2a: Jirachi|219\/403|[from] item: Leftovers
|-damage|p1a: Diancie|151\/241 brn|[from] brn
|turn|32
|
|switch|p1a: Conkeldurr|Conkeldurr, F|413\/413
|move|p2a: Jirachi|Body Slam|p1a: Conkeldurr
|-damage|p1a: Conkeldurr|346\/413
|-status|p1a: Conkeldurr|par
|
|-heal|p2a: Jirachi|244\/403|[from] item: Leftovers
|turn|33
|
|move|p2a: Jirachi|Iron Head|p1a: Conkeldurr
|-damage|p1a: Conkeldurr|249\/413 par
|cant|p1a: Conkeldurr|par
|
|-heal|p2a: Jirachi|269\/403|[from] item: Leftovers
|turn|34
|c|âbreadandbutter555|lord have mercy on your 5oul
|
|move|p1a: Conkeldurr|Mach Punch|p2a: Jirachi
|-damage|p2a: Jirachi|140\/403
|move|p2a: Jirachi|Iron Head|p1a: Conkeldurr
|-damage|p1a: Conkeldurr|146\/413 par
|
|-heal|p2a: Jirachi|165\/403|[from] item: Leftovers
|turn|35
|
|switch|p2a: Clefable|Clefable, F|394\/394
|cant|p1a: Conkeldurr|par
|
|turn|36
|
|move|p2a: Clefable|Wish|p2a: Clefable
|move|p1a: Conkeldurr|Knock Off|p2a: Clefable
|-crit|p2a: Clefable
|-resisted|p2a: Clefable
|-damage|p2a: Clefable|200\/394
|-enditem|p2a: Clefable|Leftovers|[from] move: Knock Off|[of] p1a: Conkeldurr
|
|turn|37
|
|move|p2a: Clefable|Moonblast|p1a: Conkeldurr
|-supereffective|p1a: Conkeldurr
|-damage|p1a: Conkeldurr|0 fnt
|faint|p1a: Conkeldurr
|
|-heal|p2a: Clefable|394\/394|[from] move: Wish|[wisher] Clefable
|
|switch|p1a: Bisharp|Bisharp, F|122\/271
|turn|38
|
|move|p1a: Bisharp|Iron Head|p2a: Clefable
|-supereffective|p2a: Clefable
|-damage|p2a: Clefable|0 fnt
|-damage|p1a: Bisharp|95\/271|[from] item: Life Orb
|faint|p2a: Clefable
|
|
|switch|p2a: Mandibuzz|Mandibuzz, F|423\/423
|-damage|p2a: Mandibuzz|318\/423|[from] Stealth Rock
|turn|39
|
|switch|p1a: Goodra|Goodra, F|367\/367
|move|p2a: Mandibuzz|Whirlwind|p1a: Goodra
|drag|p1a: Bisharp|Bisharp, F|95\/271
|
|-heal|p2a: Mandibuzz|344\/423|[from] item: Leftovers
|turn|40
|c|âbreadandbutter555|ok
|
|move|p1a: Bisharp|Swords Dance|p1a: Bisharp
|-boost|p1a: Bisharp|atk|2
|move|p2a: Mandibuzz|Knock Off|p1a: Bisharp
|-resisted|p1a: Bisharp
|-damage|p1a: Bisharp|68\/271
|-enditem|p1a: Bisharp|Life Orb|[from] move: Knock Off|[of] p2a: Mandibuzz
|
|-heal|p2a: Mandibuzz|370\/423|[from] item: Leftovers
|turn|41
|
|move|p1a: Bisharp|Iron Head|p2a: Mandibuzz
|-damage|p2a: Mandibuzz|181\/423
|move|p2a: Mandibuzz|Whirlwind|p1a: Bisharp
|drag|p1a: Goodra|Goodra, F|367\/367
|
|-heal|p2a: Mandibuzz|207\/423|[from] item: Leftovers
|turn|42
|c|âbreadandbutter555|thank you
|
|move|p2a: Mandibuzz|Roost|p2a: Mandibuzz
|-heal|p2a: Mandibuzz|419\/423
|move|p1a: Goodra|Thunderbolt|p2a: Mandibuzz
|-crit|p2a: Mandibuzz
|-damage|p2a: Mandibuzz|255\/423
|
|-heal|p2a: Mandibuzz|281\/423|[from] item: Leftovers
|turn|43
|
|move|p2a: Mandibuzz|Roost|p2a: Mandibuzz
|-heal|p2a: Mandibuzz|423\/423
|move|p1a: Goodra|Thunderbolt|p2a: Mandibuzz
|-damage|p2a: Mandibuzz|323\/423
|
|-heal|p2a: Mandibuzz|349\/423|[from] item: Leftovers
|turn|44
|
|switch|p1a: Keldeo|Keldeo|323\/323
|move|p2a: Mandibuzz|Defog|p1a: Keldeo
|-unboost|p1a: Keldeo|evasion|1
|-sideend|p2: Kioskate|Stealth Rock|[from] move: Defog|[of] p2a: Mandibuzz
|
|-heal|p2a: Mandibuzz|375\/423|[from] item: Leftovers
|turn|45
|
|switch|p2a: Jirachi|Jirachi|165\/403
|move|p1a: Keldeo|Hydro Pump|p2a: Jirachi
|-damage|p2a: Jirachi|30\/403
|
|-heal|p2a: Jirachi|55\/403|[from] item: Leftovers
|turn|46
|c|âbreadandbutter555|HYDRO IF YOU DONT FUCKING HIT
|
|move|p1a: Keldeo|Hydro Pump|p2a: Jirachi
|-damage|p2a: Jirachi|0 fnt
|faint|p2a: Jirachi
|
|c|âbreadandbutter555|ok
|c|âbreadandbutter555|good
|
|switch|p2a: Gothitelle|Gothitelle, F|238\/343
|turn|47
|
|move|p1a: Keldeo|Hydro Pump|p2a: Gothitelle
|-damage|p2a: Gothitelle|99\/343
|move|p2a: Gothitelle|Calm Mind|p2a: Gothitelle
|-boost|p2a: Gothitelle|spa|1
|-boost|p2a: Gothitelle|spd|1
|
|-heal|p2a: Gothitelle|120\/343|[from] item: Leftovers
|turn|48
|
|move|p1a: Keldeo|Hydro Pump|p2a: Gothitelle
|-damage|p2a: Gothitelle|27\/343
|move|p2a: Gothitelle|Rest|p2a: Gothitelle
|-status|p2a: Gothitelle|slp
|-heal|p2a: Gothitelle|343\/343 slp|[silent]
|-status|p2a: Gothitelle|slp|[from] move: Rest
|
|turn|49
|c|âbreadandbutter555|oh god
|c|âbreadandbutter555|here
|
|move|p1a: Keldeo|Hydro Pump|p2a: Gothitelle
|-crit|p2a: Gothitelle
|-damage|p2a: Gothitelle|138\/343 slp
|cant|p2a: Gothitelle|slp
|
|-heal|p2a: Gothitelle|159\/343 slp|[from] item: Leftovers
|turn|50
|c|âbreadandbutter555|yay
|c|âbreadandbutter555|go keldeo
|
|move|p1a: Keldeo|Hydro Pump|p2a: Gothitelle
|-damage|p2a: Gothitelle|77\/343 slp
|cant|p2a: Gothitelle|slp
|
|-heal|p2a: Gothitelle|98\/343 slp|[from] item: Leftovers
|turn|51
|
|move|p1a: Keldeo|Hydro Pump|p2a: Gothitelle
|-damage|p2a: Gothitelle|2\/343 slp
|-curestatus|p2a: Gothitelle|slp
|move|p2a: Gothitelle|Rest|p2a: Gothitelle
|-status|p2a: Gothitelle|slp
|-heal|p2a: Gothitelle|343\/343 slp|[silent]
|-status|p2a: Gothitelle|slp|[from] move: Rest
|
|turn|52
|c|âbreadandbutter555|one more time kedeo
|c|âbreadandbutter555|NO
|c|âbreadandbutter555|NO
|c|âbreadandbutter555|BAD
|c|âbreadandbutter555|DAMNIT
|
|move|p1a: Keldeo|Hydro Pump|p2a: Gothitelle|[miss]
|-miss|p1a: Keldeo|p2a: Gothitelle
|cant|p2a: Gothitelle|slp
|
|turn|53
|
|move|p1a: Keldeo|Struggle|p2a: Gothitelle
|-crit|p2a: Gothitelle
|-damage|p2a: Gothitelle|303\/343 slp
|-damage|p1a: Keldeo|243\/323
|cant|p2a: Gothitelle|slp
|
|-heal|p2a: Gothitelle|324\/343 slp|[from] item: Leftovers
|turn|54
|c|âbreadandbutter555|ya keldeo
|
|move|p1a: Keldeo|Struggle|p2a: Gothitelle
|-damage|p2a: Gothitelle|298\/343 slp
|-damage|p1a: Keldeo|163\/323
|-curestatus|p2a: Gothitelle|slp
|move|p2a: Gothitelle|Charm|p1a: Keldeo
|-unboost|p1a: Keldeo|atk|2
|
|-heal|p2a: Gothitelle|319\/343|[from] item: Leftovers
|turn|55
|c|âbreadandbutter555|getting it done
|
|move|p1a: Keldeo|Struggle|p2a: Gothitelle
|-damage|p2a: Gothitelle|304\/343
|-damage|p1a: Keldeo|83\/323
|move|p2a: Gothitelle|Charm|p1a: Keldeo
|-unboost|p1a: Keldeo|atk|2
|
|-heal|p2a: Gothitelle|325\/343|[from] item: Leftovers
|turn|56
|
|move|p1a: Keldeo|Struggle|p2a: Gothitelle
|-damage|p2a: Gothitelle|316\/343
|-damage|p1a: Keldeo|3\/323
|move|p2a: Gothitelle|Charm|p1a: Keldeo
|-unboost|p1a: Keldeo|atk|2
|
|-heal|p2a: Gothitelle|337\/343|[from] item: Leftovers
|turn|57
|
|switch|p2a: Mandibuzz|Mandibuzz, F|375\/423
|move|p1a: Keldeo|Struggle|p2a: Mandibuzz
|-damage|p2a: Mandibuzz|370\/423
|-damage|p1a: Keldeo|0 fnt
|faint|p1a: Keldeo
|
|-heal|p2a: Mandibuzz|396\/423|[from] item: Leftovers
|
|switch|p1a: Goodra|Goodra, F|367\/367
|turn|58
|
|switch|p2a: Gothitelle|Gothitelle, F|337\/343
|move|p1a: Goodra|Thunderbolt|p2a: Gothitelle
|-damage|p2a: Gothitelle|275\/343
|
|-heal|p2a: Gothitelle|296\/343|[from] item: Leftovers
|turn|59
|
|move|p1a: Goodra|Fire Blast|p2a: Gothitelle|[miss]
|-miss|p1a: Goodra|p2a: Gothitelle
|move|p2a: Gothitelle|Calm Mind|p2a: Gothitelle
|-boost|p2a: Gothitelle|spa|1
|-boost|p2a: Gothitelle|spd|1
|
|-heal|p2a: Gothitelle|317\/343|[from] item: Leftovers
|turn|60
|c|âbreadandbutter555|ok.
|c|âbreadandbutter555|im gonna...
|c|âbreadandbutter555|go
|c|âbreadandbutter555|FUCK YOU
|-message|breadandbutter555 forfeited.
|leave|breadandbutter555
|
|win|Kioskate
|raw|Ladder updating...
|player|p1