|join|pinkrose08
|join|Xavipato
|player|p1|pinkrose08|81
|player|p2|Xavipato|3
|gametype|singles
|gen|6
|tier|UU
|rated
|rule|Sleep Clause Mod: Limit one foe put to sleep
|rule|Species Clause: Limit one of each PokÃ©mon
|rule|OHKO Clause: OHKO moves are banned
|rule|Moody Clause: Moody is banned
|rule|Evasion Moves Clause: Evasion moves are banned
|rule|Endless Battle Clause: Forcing endless battles is banned
|rule|HP Percentage Mod: HP is shown in percentages
|clearpoke
|poke|p1|Beedrill, M
|poke|p1|Florges, F
|poke|p1|Donphan, M
|poke|p1|Suicune
|poke|p1|Jirachi
|poke|p1|Raikou
|poke|p2|Donphan, F
|poke|p2|Darmanitan, M
|poke|p2|Tentacruel, M
|poke|p2|Galvantula, F
|poke|p2|Hydreigon, F
|poke|p2|Crobat, M
|rule|Swagger Clause: Swagger is banned
|rule|Baton Pass Clause: Limit one PokÃ©mon knowing Baton Pass
|teampreview
|
|start
|switch|p1a: Jirachi|Jirachi|341\/341
|switch|p2a: Galvantula|Galvantula, F|281\/281
|turn|1
|
|move|p1a: Jirachi|Iron Head|p2a: Galvantula
|-resisted|p2a: Galvantula
|-damage|p2a: Galvantula|185\/281
|cant|p2a: Galvantula|flinch
|
|turn|2
|
|move|p1a: Jirachi|Iron Head|p2a: Galvantula
|-resisted|p2a: Galvantula
|-damage|p2a: Galvantula|93\/281
|cant|p2a: Galvantula|flinch
|
|turn|3
|
|move|p1a: Jirachi|Iron Head|p2a: Galvantula
|-resisted|p2a: Galvantula
|-damage|p2a: Galvantula|0 fnt
|faint|p2a: Galvantula
|
|
|switch|p2a: Hydreigon|Hydreigon, F|325\/325
|turn|4
|
|switch|p1a: Florges|Florges, F|359\/359
|move|p2a: Hydreigon|Iron Tail|p1a: Florges
|-supereffective|p1a: Florges
|-damage|p1a: Florges|50\/359
|-damage|p2a: Hydreigon|293\/325|[from] item: Life Orb
|
|-heal|p1a: Florges|72\/359|[from] item: Leftovers
|turn|5
|
|move|p1a: Florges|Protect|p1a: Florges
|-singleturn|p1a: Florges|Protect
|move|p2a: Hydreigon|Iron Tail|p1a: Florges
|-activate|p1a: Florges|Protect
|
|-heal|p1a: Florges|94\/359|[from] item: Leftovers
|turn|6
|
|switch|p1a: Donphan|Donphan, M|383\/383
|move|p2a: Hydreigon|Iron Tail|p1a: Donphan
|-damage|p1a: Donphan|310\/383
|-damage|p2a: Hydreigon|261\/325|[from] item: Life Orb
|
|-heal|p1a: Donphan|333\/383|[from] item: Leftovers
|turn|7
|
|switch|p1a: Florges|Florges, F|94\/359
|move|p2a: Hydreigon|Draco Meteor|p1a: Florges
|-immune|p1a: Florges|[msg]
|
|-heal|p1a: Florges|116\/359|[from] item: Leftovers
|turn|8
|
|move|p1a: Florges|Protect|p1a: Florges
|-singleturn|p1a: Florges|Protect
|move|p2a: Hydreigon|Iron Tail|p1a: Florges
|-activate|p1a: Florges|Protect
|
|-heal|p1a: Florges|138\/359|[from] item: Leftovers
|turn|9
|
|move|p2a: Hydreigon|Iron Tail|p1a: Florges|[miss]
|-miss|p2a: Hydreigon|p1a: Florges
|move|p1a: Florges|Moonblast|p2a: Hydreigon
|-supereffective|p2a: Hydreigon
|-damage|p2a: Hydreigon|0 fnt
|faint|p2a: Hydreigon
|
|-heal|p1a: Florges|160\/359|[from] item: Leftovers
|
|switch|p2a: Darmanitan|Darmanitan, M|352\/352
|turn|10
|
|move|p1a: Florges|Protect|p1a: Florges
|-singleturn|p1a: Florges|Protect
|move|p2a: Darmanitan|Substitute|p2a: Darmanitan
|-start|p2a: Darmanitan|Substitute
|-damage|p2a: Darmanitan|264\/352
|
|-heal|p1a: Florges|182\/359|[from] item: Leftovers
|turn|11
|
|move|p2a: Darmanitan|Belly Drum|p2a: Darmanitan
|-damage|p2a: Darmanitan|88\/352
|-setboost|p2a: Darmanitan|atk|6|[from] move: Belly Drum
|-enditem|p2a: Darmanitan|Salac Berry|[eat]
|-boost|p2a: Darmanitan|spe|1|[from] item: Salac Berry
|move|p1a: Florges|Wish|p1a: Florges
|
|-heal|p1a: Florges|204\/359|[from] item: Leftovers
|turn|12
|
|move|p2a: Darmanitan|Earthquake|p1a: Florges
|-damage|p1a: Florges|0 fnt
|faint|p1a: Florges
|
|
|switch|p1a: Raikou|Raikou|321\/321
|-ability|p1a: Raikou|Pressure
|turn|13
|
|move|p2a: Darmanitan|Earthquake|p1a: Raikou
|-supereffective|p1a: Raikou
|-damage|p1a: Raikou|0 fnt
|faint|p1a: Raikou
|
|
|switch|p1a: Beedrill|Beedrill, M|271\/271
|turn|14
|
|detailschange|p1a: Beedrill|Beedrill-Mega, M
|-mega|p1a: Beedrill|Beedrill|Beedrillite
|move|p1a: Beedrill|Protect|p1a: Beedrill
|-singleturn|p1a: Beedrill|Protect
|move|p2a: Darmanitan|Earthquake|p1a: Beedrill
|-activate|p1a: Beedrill|Protect
|
|turn|15
|
|move|p2a: Darmanitan|Earthquake|p1a: Beedrill
|-damage|p1a: Beedrill|0 fnt
|faint|p1a: Beedrill
|
|
|switch|p1a: Jirachi|Jirachi|341\/341
|turn|16
|
|move|p1a: Jirachi|U-turn|p2a: Darmanitan
|-resisted|p2a: Darmanitan
|-activate|p2a: Darmanitan|Substitute|[damage]
|
|switch|p1a: Donphan|Donphan, M|333\/383
|move|p2a: Darmanitan|Earthquake|p1a: Donphan
|-damage|p1a: Donphan|24\/383
|
|-heal|p1a: Donphan|47\/383|[from] item: Leftovers
|turn|17
|
|move|p2a: Darmanitan|Earthquake|p1a: Donphan
|-crit|p1a: Donphan
|-damage|p1a: Donphan|0 fnt
|faint|p1a: Donphan
|
|
|switch|p1a: Jirachi|Jirachi|341\/341
|turn|18
|
|move|p1a: Jirachi|U-turn|p2a: Darmanitan
|-resisted|p2a: Darmanitan
|-end|p2a: Darmanitan|Substitute
|
|switch|p1a: Suicune|Suicune|403\/403
|-ability|p1a: Suicune|Pressure
|move|p2a: Darmanitan|Earthquake|p1a: Suicune
|-damage|p1a: Suicune|92\/403
|
|-heal|p1a: Suicune|117\/403|[from] item: Leftovers
|turn|19
|
|move|p2a: Darmanitan|Earthquake|p1a: Suicune
|-damage|p1a: Suicune|0 fnt
|faint|p1a: Suicune
|
|
|switch|p1a: Jirachi|Jirachi|341\/341
|turn|20
|
|move|p1a: Jirachi|Iron Head|p2a: Darmanitan
|-resisted|p2a: Darmanitan
|-damage|p2a: Darmanitan|0 fnt
|faint|p2a: Darmanitan
|
|
|switch|p2a: Donphan|Donphan, F|321\/321
|turn|21
|
|move|p1a: Jirachi|Iron Head|p2a: Donphan
|-damage|p2a: Donphan|218\/321
|move|p2a: Donphan|Earthquake|p1a: Jirachi
|-supereffective|p1a: Jirachi
|-damage|p1a: Jirachi|0 fnt
|faint|p1a: Jirachi
|
|win|Xavipato
|raw|Ladder updating...
|raw|pinkrose08's rating: 1258 &rarr; <strong>1232<\/strong><br \/>(-26 for losing)
|raw|Xavipato's rating: 1247 &rarr; <strong>1273<\/strong><br \/>(+26 for winning)
|leave|pinkrose08
|player|p1