|join|CaioPortilho
|join|Less than tragic
|player|p1|CaioPortilho|105
|player|p2|Less than tragic|184
|gametype|singles
|gen|6
|tier|UU
|rated
|rule|Sleep Clause Mod: Limit one foe put to sleep
|rule|Species Clause: Limit one of each PokÃ©mon
|rule|OHKO Clause: OHKO moves are banned
|rule|Moody Clause: Moody is banned
|rule|Evasion Moves Clause: Evasion moves are banned
|rule|Endless Battle Clause: Forcing endless battles is banned
|rule|HP Percentage Mod: HP is shown in percentages
|clearpoke
|poke|p1|Aerodactyl, M
|poke|p1|Arcanine, M
|poke|p1|Infernape, F
|poke|p1|Raikou
|poke|p1|Alakazam, F
|poke|p1|Jirachi
|poke|p2|Nidoking, M, shiny
|poke|p2|Aerodactyl, F
|poke|p2|Hydreigon, F
|poke|p2|Empoleon, F
|poke|p2|Machamp, F
|poke|p2|Celebi
|rule|Swagger Clause: Swagger is banned
|rule|Baton Pass Clause: Limit one PokÃ©mon knowing Baton Pass
|teampreview
|
|start
|switch|p1a: Aerodactyl|Aerodactyl, M|311\/311
|switch|p2a: Empoleon|Empoleon, F|371\/371
|turn|1
|
|detailschange|p1a: Aerodactyl|Aerodactyl-Mega, M
|-mega|p1a: Aerodactyl|Aerodactyl|Aerodactylite
|move|p1a: Aerodactyl|Taunt|p2a: Empoleon
|-start|p2a: Empoleon|move: Taunt
|move|p2a: Empoleon|Scald|p1a: Aerodactyl
|-supereffective|p1a: Aerodactyl
|-damage|p1a: Aerodactyl|89\/311
|
|turn|2
|
|move|p1a: Aerodactyl|Stealth Rock|p2a: Empoleon
|-sidestart|p2: Less than tragic|move: Stealth Rock
|move|p2a: Empoleon|Scald|p1a: Aerodactyl
|-supereffective|p1a: Aerodactyl
|-damage|p1a: Aerodactyl|0 fnt
|faint|p1a: Aerodactyl
|
|
|switch|p1a: Raikou|Raikou|320\/320
|-ability|p1a: Raikou|Pressure
|turn|3
|
|switch|p2a: Machamp|Machamp, F|364\/364
|-damage|p2a: Machamp|342\/364|[from] Stealth Rock
|move|p1a: Raikou|Volt Switch|p2a: Machamp
|-damage|p2a: Machamp|249\/364
|
|switch|p1a: Alakazam|Alakazam, F|251\/251
|
|turn|4
|
|switch|p2a: Celebi|Celebi|341\/341
|-damage|p2a: Celebi|299\/341|[from] Stealth Rock
|move|p1a: Alakazam|Psyshock|p2a: Celebi
|-resisted|p2a: Celebi
|-damage|p2a: Celebi|227\/341
|
|turn|5
|
|switch|p1a: Jirachi|Jirachi|404\/404
|move|p2a: Celebi|Earth Power|p1a: Jirachi
|-crit|p1a: Jirachi
|-supereffective|p1a: Jirachi
|-damage|p1a: Jirachi|206\/404
|
|-heal|p1a: Jirachi|231\/404|[from] item: Leftovers
|turn|6
|
|switch|p2a: Empoleon|Empoleon, F|371\/371
|-damage|p2a: Empoleon|348\/371|[from] Stealth Rock
|move|p1a: Jirachi|U-turn|p2a: Empoleon
|-resisted|p2a: Empoleon
|-damage|p2a: Empoleon|323\/371
|
|switch|p1a: Raikou|Raikou|320\/320
|-ability|p1a: Raikou|Pressure
|
|-heal|p2a: Empoleon|346\/371|[from] item: Leftovers
|turn|7
|
|move|p1a: Raikou|Thunderbolt|p2a: Empoleon
|-crit|p2a: Empoleon
|-supereffective|p2a: Empoleon
|-damage|p2a: Empoleon|0 fnt
|faint|p2a: Empoleon
|
|
|switch|p2a: Hydreigon|Hydreigon, F|325\/325
|-damage|p2a: Hydreigon|285\/325|[from] Stealth Rock
|turn|8
|
|move|p1a: Raikou|Hidden Power|p2a: Hydreigon
|-supereffective|p2a: Hydreigon
|-damage|p2a: Hydreigon|124\/325
|move|p2a: Hydreigon|Dark Pulse|p1a: Raikou
|-damage|p1a: Raikou|184\/320
|
|turn|9
|
|switch|p2a: Machamp|Machamp, F|249\/364
|-damage|p2a: Machamp|227\/364|[from] Stealth Rock
|move|p1a: Raikou|Hidden Power|p2a: Machamp
|-damage|p2a: Machamp|173\/364
|
|turn|10
|
|move|p1a: Raikou|Volt Switch|p2a: Machamp
|-damage|p2a: Machamp|83\/364
|
|switch|p1a: Jirachi|Jirachi|231\/404
|move|p2a: Machamp|Close Combat|p1a: Jirachi
|-damage|p1a: Jirachi|20\/404
|-unboost|p2a: Machamp|def|1
|-unboost|p2a: Machamp|spd|1
|
|-heal|p1a: Jirachi|45\/404|[from] item: Leftovers
|turn|11
|
|move|p1a: Jirachi|Iron Head|p2a: Machamp
|-damage|p2a: Machamp|0 fnt
|faint|p2a: Machamp
|
|-heal|p1a: Jirachi|70\/404|[from] item: Leftovers
|
|switch|p2a: Hydreigon|Hydreigon, F|124\/325
|-damage|p2a: Hydreigon|84\/325|[from] Stealth Rock
|turn|12
|
|move|p2a: Hydreigon|Dark Pulse|p1a: Jirachi
|-supereffective|p1a: Jirachi
|-damage|p1a: Jirachi|0 fnt
|faint|p1a: Jirachi
|
|
|switch|p1a: Infernape|Infernape, F|293\/293
|turn|13
|
|move|p1a: Infernape|U-turn|p2a: Hydreigon
|-supereffective|p2a: Hydreigon
|-damage|p2a: Hydreigon|0 fnt
|faint|p2a: Hydreigon
|
|switch|p1a: Raikou|Raikou|184\/320
|-ability|p1a: Raikou|Pressure
|
|
|switch|p2a: Aerodactyl|Aerodactyl, F|301\/301
|-damage|p2a: Aerodactyl|226\/301|[from] Stealth Rock
|-ability|p2a: Aerodactyl|Unnerve|p1: CaioPortilho
|turn|14
|
|detailschange|p2a: Aerodactyl|Aerodactyl-Mega, F
|-mega|p2a: Aerodactyl|Aerodactyl|Aerodactylite
|move|p2a: Aerodactyl|Earthquake|p1a: Raikou
|-supereffective|p1a: Raikou
|-damage|p1a: Raikou|0 fnt
|faint|p1a: Raikou
|
|
|switch|p1a: Alakazam|Alakazam, F|251\/251
|turn|15
|
|move|p2a: Aerodactyl|Aerial Ace|p1a: Alakazam
|-enditem|p1a: Alakazam|Focus Sash
|-damage|p1a: Alakazam|1\/251
|move|p1a: Alakazam|Psyshock|p2a: Aerodactyl
|-damage|p2a: Aerodactyl|57\/301
|
|turn|16
|
|move|p2a: Aerodactyl|Aerial Ace|p1a: Alakazam
|-damage|p1a: Alakazam|0 fnt
|faint|p1a: Alakazam
|
|
|switch|p1a: Arcanine|Arcanine, M|320\/320
|-ability|p1a: Arcanine|Intimidate|[of] p2a: Aerodactyl
|-unboost|p2a: Aerodactyl|atk|1
|turn|17
|
|move|p1a: Arcanine|Extreme Speed|p2a: Aerodactyl
|-resisted|p2a: Aerodactyl
|-damage|p2a: Aerodactyl|0 fnt
|-damage|p1a: Arcanine|288\/320|[from] item: Life Orb
|faint|p2a: Aerodactyl
|
|
|switch|p2a: Celebi|Celebi|227\/341
|-damage|p2a: Celebi|185\/341|[from] Stealth Rock
|turn|18
|
|move|p2a: Celebi|Earth Power|p1a: Arcanine
|-supereffective|p1a: Arcanine
|-damage|p1a: Arcanine|36\/320
|move|p1a: Arcanine|Flare Blitz|p2a: Celebi
|-crit|p2a: Celebi
|-supereffective|p2a: Celebi
|-damage|p2a: Celebi|0 fnt
|-damage|p1a: Arcanine|0 fnt|[from] recoil|[of] p2a: Celebi
|faint|p2a: Celebi
|faint|p1a: Arcanine
|
|c|âLess than tragic|gg
|
|switch|p1a: Infernape|Infernape, F|293\/293
|switch|p2a: Nidoking|Nidoking, M, shiny|303\/303
|-damage|p2a: Nidoking|285\/303|[from] Stealth Rock
|turn|19
|
|move|p1a: Infernape|Heat Wave|p2a: Nidoking
|-damage|p2a: Nidoking|135\/303
|move|p2a: Nidoking|Earth Power|p1a: Infernape
|-supereffective|p1a: Infernape
|-damage|p1a: Infernape|0 fnt
|faint|p1a: Infernape
|
|win|Less than tragic
|raw|Ladder updating...
|raw|CaioPortilho's rating: 1342 &rarr; <strong>1315<\/strong><br \/>(-27 for losing)
|raw|Less than tragic's rating: 1216 &rarr; <strong>1250<\/strong><br \/>(+34 for winning)
|join|Snowballin