|join|T0kidoki
|join|Less than tragic
|player|p1|T0kidoki|265
|player|p2|Less than tragic|184
|gametype|singles
|gen|6
|tier|UU
|rated
|rule|Sleep Clause Mod: Limit one foe put to sleep
|rule|Species Clause: Limit one of each PokÃ©mon
|rule|OHKO Clause: OHKO moves are banned
|rule|Moody Clause: Moody is banned
|rule|Evasion Moves Clause: Evasion moves are banned
|rule|Endless Battle Clause: Forcing endless battles is banned
|rule|HP Percentage Mod: HP is shown in percentages
|clearpoke
|poke|p1|Sharpedo, F
|poke|p1|Zangoose, M
|poke|p1|Magneton
|poke|p1|Jirachi
|poke|p1|Alomomola, M
|poke|p1|Hydreigon, F
|poke|p2|Nidoking, M, shiny
|poke|p2|Aerodactyl, F
|poke|p2|Hydreigon, M
|poke|p2|Empoleon, F
|poke|p2|Machamp, F
|poke|p2|Celebi
|rule|Swagger Clause: Swagger is banned
|rule|Baton Pass Clause: Limit one PokÃ©mon knowing Baton Pass
|teampreview
|
|start
|switch|p1a: Magneton|Magneton|241\/241
|switch|p2a: Machamp|Machamp, F|364\/364
|-item|p1a: Magneton|Air Balloon
|turn|1
|
|move|p1a: Magneton|Volt Switch|p2a: Machamp
|-damage|p2a: Machamp|279\/364
|
|switch|p1a: Alomomola|Alomomola, M|534\/534
|move|p2a: Machamp|Close Combat|p1a: Alomomola
|-damage|p1a: Alomomola|326\/534
|-unboost|p2a: Machamp|def|1
|-unboost|p2a: Machamp|spd|1
|
|-heal|p1a: Alomomola|359\/534|[from] item: Leftovers
|turn|2
|
|move|p2a: Machamp|Knock Off|p1a: Alomomola
|-damage|p1a: Alomomola|262\/534
|-enditem|p1a: Alomomola|Leftovers|[from] move: Knock Off|[of] p2a: Machamp
|move|p1a: Alomomola|Toxic|p2a: Machamp
|-status|p2a: Machamp|tox
|
|-damage|p2a: Machamp|257\/364 tox|[from] psn
|turn|3
|
|move|p1a: Alomomola|Protect|p1a: Alomomola
|-singleturn|p1a: Alomomola|Protect
|move|p2a: Machamp|Close Combat|p1a: Alomomola
|-activate|p1a: Alomomola|Protect
|
|-damage|p2a: Machamp|213\/364 tox|[from] psn
|turn|4
|
|move|p2a: Machamp|Close Combat|p1a: Alomomola
|-crit|p1a: Alomomola
|-damage|p1a: Alomomola|0 fnt
|-unboost|p2a: Machamp|def|1
|-unboost|p2a: Machamp|spd|1
|faint|p1a: Alomomola
|
|-damage|p2a: Machamp|147\/364 tox|[from] psn
|
|switch|p1a: Magneton|Magneton|241\/241
|-item|p1a: Magneton|Air Balloon
|turn|5
|
|switch|p2a: Nidoking|Nidoking, M, shiny|303\/303
|move|p1a: Magneton|Volt Switch|p2a: Nidoking
|-immune|p2a: Nidoking|[msg]
|
|turn|6
|
|switch|p1a: Hydreigon|Hydreigon, F|325\/325
|move|p2a: Nidoking|Superpower|p1a: Hydreigon
|-supereffective|p1a: Hydreigon
|-damage|p1a: Hydreigon|29\/325
|-unboost|p2a: Nidoking|atk|1
|-unboost|p2a: Nidoking|def|1
|-damage|p2a: Nidoking|273\/303|[from] item: Life Orb
|
|turn|7
|
|switch|p2a: Empoleon|Empoleon, F|371\/371
|move|p1a: Hydreigon|Draco Meteor|p2a: Empoleon
|-resisted|p2a: Empoleon
|-damage|p2a: Empoleon|266\/371
|-unboost|p1a: Hydreigon|spa|2
|
|-heal|p2a: Empoleon|289\/371|[from] item: Leftovers
|turn|8
|
|switch|p1a: Magneton|Magneton|241\/241
|-item|p1a: Magneton|Air Balloon
|switch|p2a: Nidoking|Nidoking, M, shiny|273\/303
|
|turn|9
|
|switch|p1a: Hydreigon|Hydreigon, F|29\/325
|move|p2a: Nidoking|Superpower|p1a: Hydreigon
|-supereffective|p1a: Hydreigon
|-damage|p1a: Hydreigon|0 fnt
|-unboost|p2a: Nidoking|atk|1
|-unboost|p2a: Nidoking|def|1
|-damage|p2a: Nidoking|243\/303|[from] item: Life Orb
|faint|p1a: Hydreigon
|
|
|switch|p1a: Zangoose|Zangoose, M|287\/287
|turn|10
|
|switch|p2a: Aerodactyl|Aerodactyl, F|301\/301
|-ability|p2a: Aerodactyl|Unnerve|p1: T0kidoki
|move|p1a: Zangoose|Swords Dance|p1a: Zangoose
|-boost|p1a: Zangoose|atk|2
|
|-status|p1a: Zangoose|tox|[from] item: Toxic Orb
|turn|11
|
|detailschange|p2a: Aerodactyl|Aerodactyl-Mega, F
|-mega|p2a: Aerodactyl|Aerodactyl|Aerodactylite
|move|p2a: Aerodactyl|Aerial Ace|p1a: Zangoose
|-damage|p1a: Zangoose|50\/287 tox
|move|p1a: Zangoose|Knock Off|p2a: Aerodactyl
|-damage|p2a: Aerodactyl|56\/301
|
|-damage|p1a: Zangoose|33\/287 tox|[from] psn
|turn|12
|
|move|p1a: Zangoose|Quick Attack|p2a: Aerodactyl
|-resisted|p2a: Aerodactyl
|-damage|p2a: Aerodactyl|0 fnt
|faint|p2a: Aerodactyl
|
|-damage|p1a: Zangoose|0 fnt|[from] psn
|faint|p1a: Zangoose
|
|switch|p2a: Celebi|Celebi|341\/341
|switch|p1a: Jirachi|Jirachi|404\/404
|turn|13
|
|move|p2a: Celebi|Healing Wish|p2a: Celebi
|faint|p2a: Celebi
|move|p1a: Jirachi|Stealth Rock|p2: Celebi
|-sidestart|p2: Less than tragic|move: Stealth Rock
|
|
|switch|p2a: Machamp|Machamp, F|147\/364 tox
|-heal|p2a: Machamp|364\/364|[from] move: Healing Wish
|-damage|p2a: Machamp|342\/364|[from] Stealth Rock
|turn|14
|
|move|p1a: Jirachi|Iron Head|p2a: Machamp
|-damage|p2a: Machamp|237\/364
|cant|p2a: Machamp|flinch
|
|turn|15
|
|switch|p2a: Empoleon|Empoleon, F|289\/371
|-damage|p2a: Empoleon|266\/371|[from] Stealth Rock
|move|p1a: Jirachi|Iron Head|p2a: Empoleon
|-resisted|p2a: Empoleon
|-damage|p2a: Empoleon|247\/371
|
|-heal|p2a: Empoleon|270\/371|[from] item: Leftovers
|turn|16
|
|switch|p2a: Nidoking|Nidoking, M, shiny|243\/303
|-damage|p2a: Nidoking|225\/303|[from] Stealth Rock
|move|p1a: Jirachi|Thunder Wave|p2a: Nidoking
|-immune|p2a: Nidoking|[msg]
|
|turn|17
|
|move|p2a: Nidoking|Earth Power|p1a: Jirachi
|-crit|p1a: Jirachi
|-supereffective|p1a: Jirachi
|-damage|p1a: Jirachi|0 fnt
|faint|p1a: Jirachi
|
|
|switch|p1a: Sharpedo|Sharpedo, F|281\/281
|turn|18
|
|switch|p2a: Empoleon|Empoleon, F|270\/371
|-damage|p2a: Empoleon|247\/371|[from] Stealth Rock
|move|p1a: Sharpedo|Waterfall|p2a: Empoleon
|-resisted|p2a: Empoleon
|-damage|p2a: Empoleon|184\/371
|
|-heal|p2a: Empoleon|207\/371|[from] item: Leftovers
|-boost|p1a: Sharpedo|spe|1|[from] ability: Speed Boost
|turn|19
|
|move|p1a: Sharpedo|Protect|p1a: Sharpedo
|-singleturn|p1a: Sharpedo|Protect
|move|p2a: Empoleon|Defog|p1a: Sharpedo
|-activate|p1a: Sharpedo|Protect
|
|-heal|p2a: Empoleon|230\/371|[from] item: Leftovers
|-boost|p1a: Sharpedo|spe|1|[from] ability: Speed Boost
|turn|20
|
|detailschange|p1a: Sharpedo|Sharpedo-Mega, F
|-mega|p1a: Sharpedo|Sharpedo|Sharpedonite
|move|p1a: Sharpedo|Crunch|p2a: Empoleon
|-damage|p2a: Empoleon|0 fnt
|faint|p2a: Empoleon
|
|
|switch|p2a: Hydreigon|Hydreigon, M|325\/325
|-damage|p2a: Hydreigon|285\/325|[from] Stealth Rock
|turn|21
|
|move|p1a: Sharpedo|Protect|p1a: Sharpedo
|-singleturn|p1a: Sharpedo|Protect
|move|p2a: Hydreigon|Draco Meteor|p1a: Sharpedo
|-activate|p1a: Sharpedo|Protect
|
|turn|22
|
|switch|p1a: Magneton|Magneton|241\/241
|-item|p1a: Magneton|Air Balloon
|move|p2a: Hydreigon|Draco Meteor|p1a: Magneton
|-resisted|p1a: Magneton
|-damage|p1a: Magneton|55\/241
|-enditem|p1a: Magneton|Air Balloon
|-unboost|p2a: Hydreigon|spa|2
|
|turn|23
|
|move|p2a: Hydreigon|Draco Meteor|p1a: Magneton
|-crit|p1a: Magneton
|-resisted|p1a: Magneton
|-damage|p1a: Magneton|0 fnt
|-unboost|p2a: Hydreigon|spa|2
|faint|p1a: Magneton
|
|
|switch|p1a: Sharpedo|Sharpedo-Mega, F|281\/281
|turn|24
|
|switch|p2a: Nidoking|Nidoking, M, shiny|225\/303
|-damage|p2a: Nidoking|207\/303|[from] Stealth Rock
|move|p1a: Sharpedo|Crunch|p2a: Nidoking
|-damage|p2a: Nidoking|0 fnt
|faint|p2a: Nidoking
|
|
|switch|p2a: Hydreigon|Hydreigon, M|285\/325
|-damage|p2a: Hydreigon|245\/325|[from] Stealth Rock
|turn|25
|
|move|p1a: Sharpedo|Protect|p1a: Sharpedo
|-singleturn|p1a: Sharpedo|Protect
|move|p2a: Hydreigon|Draco Meteor|p1a: Sharpedo
|-activate|p1a: Sharpedo|Protect
|
|turn|26
|c|âLess than tragic|gg
|
|move|p2a: Hydreigon|Draco Meteor|p1a: Sharpedo
|-damage|p1a: Sharpedo|0 fnt
|-unboost|p2a: Hydreigon|spa|2
|faint|p1a: Sharpedo
|
|win|Less than tragic
|raw|Ladder updating...
|c|âT0kidoki|gg
|raw|T0kidoki's rating: 1372 &rarr; <strong>1345<\/strong><br \/>(-27 for losing)
|raw|Less than tragic's rating: 1250 &rarr; <strong>1284<\/strong><br \/>(+34 for winning)
|leave|T0kidoki
|leave|Less than tragic
|player|p1
|player|p2
|join|Less than tragic