|join|ULT Narcotics
|join|Less than tragic
|player|p1|ULT Narcotics|143
|player|p2|Less than tragic|184
|gametype|singles
|gen|6
|tier|UU
|rated
|rule|Sleep Clause Mod: Limit one foe put to sleep
|rule|Species Clause: Limit one of each PokÃ©mon
|rule|OHKO Clause: OHKO moves are banned
|rule|Moody Clause: Moody is banned
|rule|Evasion Moves Clause: Evasion moves are banned
|rule|Endless Battle Clause: Forcing endless battles is banned
|rule|HP Percentage Mod: HP is shown in percentages
|clearpoke
|poke|p1|Pangoro, M, shiny
|poke|p1|Doublade, F, shiny
|poke|p1|Abomasnow, F, shiny
|poke|p1|Starmie, shiny
|poke|p1|Flygon, F, shiny
|poke|p1|Porygon-Z
|poke|p2|Absol, F
|poke|p2|Crobat, M
|poke|p2|Seismitoad, F
|poke|p2|Entei, shiny
|poke|p2|Alakazam, M
|poke|p2|Mienshao, F
|rule|Swagger Clause: Swagger is banned
|rule|Baton Pass Clause: Limit one PokÃ©mon knowing Baton Pass
|teampreview
|
|start
|switch|p1a: Dragoun Fly|Flygon, F, shiny|301\/301
|switch|p2a: Crobat|Crobat, M|373\/373
|turn|1
|
|move|p1a: Dragoun Fly|Outrage|p2a: Crobat
|-damage|p2a: Crobat|156\/373
|move|p2a: Crobat|Taunt|p1a: Dragoun Fly
|-start|p1a: Dragoun Fly|move: Taunt
|
|-heal|p2a: Crobat|179\/373|[from] item: Black Sludge
|turn|2
|
|move|p1a: Dragoun Fly|Outrage|p2a: Crobat
|-damage|p2a: Crobat|0 fnt
|faint|p2a: Crobat
|
|
|switch|p2a: Mienshao|Mienshao, F|271\/271
|turn|3
|
|move|p2a: Mienshao|High Jump Kick|p1a: Dragoun Fly|[miss]
|-miss|p2a: Mienshao|p1a: Dragoun Fly
|-damage|p2a: Mienshao|136\/271|[from] highjumpkick
|move|p1a: Dragoun Fly|Outrage|p2a: Mienshao
|-damage|p2a: Mienshao|0 fnt
|faint|p2a: Mienshao
|
|-end|p1a: Dragoun Fly|rampage
|-start|p1a: Dragoun Fly|confusion
|
|switch|p2a: Godtoad|Seismitoad, F|414\/414
|turn|4
|
|switch|p1a: Obamasnow|Abomasnow, F, shiny|321\/321
|move|p2a: Godtoad|Stealth Rock|p1a: Obamasnow
|-sidestart|p1: ULT Narcotics|move: Stealth Rock
|
|turn|5
|
|switch|p2a: Entei|Entei, shiny|411\/411
|-ability|p2a: Entei|Pressure
|detailschange|p1a: Obamasnow|Abomasnow-Mega, F, shiny
|-mega|p1a: Obamasnow|Abomasnow|Abomasite
|-weather|Hail
|move|p1a: Obamasnow|Earthquake|p2a: Entei
|-supereffective|p2a: Entei
|-damage|p2a: Entei|187\/411
|
|-weather|Hail|[upkeep]
|-damage|p2a: Entei|162\/411|[from] hail
|turn|6
|
|switch|p1a: Seafood|Starmie, shiny|324\/324
|-damage|p1a: Seafood|284\/324|[from] Stealth Rock
|move|p2a: Entei|Sacred Fire|p1a: Seafood
|-resisted|p1a: Seafood
|-damage|p1a: Seafood|176\/324
|
|-weather|Hail|[upkeep]
|-damage|p1a: Seafood|156\/324|[from] hail
|-damage|p2a: Entei|137\/411|[from] hail
|-heal|p1a: Seafood|176\/324|[from] item: Leftovers
|turn|7
|
|move|p1a: Seafood|Recover|p1a: Seafood
|-heal|p1a: Seafood|324\/324
|move|p2a: Entei|Sacred Fire|p1a: Seafood
|-resisted|p1a: Seafood
|-damage|p1a: Seafood|214\/324
|-status|p1a: Seafood|brn
|
|-weather|Hail|[upkeep]
|-damage|p1a: Seafood|194\/324 brn|[from] hail
|-damage|p2a: Entei|112\/411|[from] hail
|-heal|p1a: Seafood|214\/324 brn|[from] item: Leftovers
|-damage|p1a: Seafood|174\/324 brn|[from] brn
|turn|8
|
|move|p1a: Seafood|Psyshock|p2a: Entei
|-damage|p2a: Entei|10\/411
|move|p2a: Entei|Sacred Fire|p1a: Seafood
|-resisted|p1a: Seafood
|-damage|p1a: Seafood|80\/324 brn
|
|-weather|Hail|[upkeep]
|-damage|p1a: Seafood|60\/324 brn|[from] hail
|-damage|p2a: Entei|0 fnt|[from] hail
|-heal|p1a: Seafood|80\/324 brn|[from] item: Leftovers
|-damage|p1a: Seafood|40\/324 brn|[from] brn
|faint|p2a: Entei
|
|switch|p2a: Absol|Absol, F|271\/271
|turn|9
|
|detailschange|p2a: Absol|Absol-Mega, F
|-mega|p2a: Absol|Absol|Absolite
|move|p1a: Seafood|Scald|p2a: Absol
|-damage|p2a: Absol|121\/271
|move|p2a: Absol|Swords Dance|p2a: Absol
|-boost|p2a: Absol|atk|2
|
|-weather|none
|-heal|p1a: Seafood|60\/324 brn|[from] item: Leftovers
|-damage|p1a: Seafood|20\/324 brn|[from] brn
|turn|10
|
|move|p2a: Absol|Sucker Punch|p1a: Seafood
|-supereffective|p1a: Seafood
|-damage|p1a: Seafood|0 fnt
|faint|p1a: Seafood
|
|
|switch|p1a: Obamasnow|Abomasnow-Mega, F, shiny|321\/321
|-damage|p1a: Obamasnow|241\/321|[from] Stealth Rock
|-weather|Hail
|turn|11
|
|move|p2a: Absol|Sucker Punch|p1a: Obamasnow
|-damage|p1a: Obamasnow|0 fnt
|faint|p1a: Obamasnow
|
|-weather|Hail|[upkeep]
|-damage|p2a: Absol|105\/271|[from] hail
|
|switch|p1a: Dragoun Fly|Flygon, F, shiny|301\/301
|-damage|p1a: Dragoun Fly|283\/301|[from] Stealth Rock
|turn|12
|
|move|p2a: Absol|Sucker Punch|p1a: Dragoun Fly
|-damage|p1a: Dragoun Fly|0 fnt
|faint|p1a: Dragoun Fly
|
|-weather|Hail|[upkeep]
|-damage|p2a: Absol|89\/271|[from] hail
|
|switch|p1a: Damocles|Doublade, F, shiny|321\/321
|-damage|p1a: Damocles|301\/321|[from] Stealth Rock
|turn|13
|
|move|p1a: Damocles|Shadow Sneak|p2a: Absol
|-resisted|p2a: Absol
|-damage|p2a: Absol|38\/271
|move|p2a: Absol|Knock Off|p1a: Damocles
|-crit|p1a: Damocles
|-supereffective|p1a: Damocles
|-damage|p1a: Damocles|0 fnt
|-enditem|p1a: Damocles|Eviolite|[from] move: Knock Off|[of] p2a: Absol
|faint|p1a: Damocles
|
|-weather|Hail|[upkeep]
|-damage|p2a: Absol|22\/271|[from] hail
|
|switch|p1a: Porygon-Z|Porygon-Z|311\/311
|-damage|p1a: Porygon-Z|273\/311|[from] Stealth Rock
|turn|14
|
|move|p2a: Absol|Sucker Punch|p1a: Porygon-Z
|-damage|p1a: Porygon-Z|0 fnt
|faint|p1a: Porygon-Z
|
|-weather|Hail|[upkeep]
|-damage|p2a: Absol|6\/271|[from] hail
|c|âULT Narcotics|such BS
|
|switch|p1a: Pandatitude|Pangoro, M, shiny|357\/357
|-damage|p1a: Pandatitude|335\/357|[from] Stealth Rock
|turn|15
|c|âLess than tragic|lol
|c|âLess than tragic|why?
|
|move|p2a: Absol|Play Rough|p1a: Pandatitude
|-supereffective|p1a: Pandatitude
|-damage|p1a: Pandatitude|0 fnt
|faint|p1a: Pandatitude
|
|win|Less than tragic
|raw|Ladder updating...
|raw|ULT Narcotics's rating: 1413 &rarr; <strong>1395<\/strong><br \/>(-18 for losing)
|raw|Less than tragic's rating: 1448 &rarr; <strong>1466<\/strong><br \/>(+18 for winning)
|c|âULT Narcotics|because it is
|leave|ULT Narcotics
|player|p1