|join|ULT Narcotics
|join|Less than tragic
|player|p1|ULT Narcotics|143
|player|p2|Less than tragic|184
|gametype|singles
|gen|6
|tier|UU
|rated
|rule|Sleep Clause Mod: Limit one foe put to sleep
|rule|Species Clause: Limit one of each PokÃ©mon
|rule|OHKO Clause: OHKO moves are banned
|rule|Moody Clause: Moody is banned
|rule|Evasion Moves Clause: Evasion moves are banned
|rule|Endless Battle Clause: Forcing endless battles is banned
|rule|HP Percentage Mod: HP is shown in percentages
|clearpoke
|poke|p1|Doublade, F, shiny
|poke|p1|Rotom-Heat
|poke|p1|Beedrill, M
|poke|p1|Hydreigon, M, shiny
|poke|p1|Machamp, M
|poke|p1|Empoleon, F
|poke|p2|Absol, F
|poke|p2|Crobat, M
|poke|p2|Seismitoad, M
|poke|p2|Cobalion
|poke|p2|Entei, shiny
|poke|p2|Alakazam, F
|rule|Swagger Clause: Swagger is banned
|rule|Baton Pass Clause: Limit one PokÃ©mon knowing Baton Pass
|teampreview
|
|start
|switch|p1a: Fired Up|Rotom-Heat|241\/241
|switch|p2a: Entei|Entei, shiny|411\/411
|-ability|p2a: Entei|Pressure
|turn|1
|
|move|p1a: Fired Up|Volt Switch|p2a: Entei
|-damage|p2a: Entei|318\/411
|
|switch|p1a: Napoleon|Empoleon, F|372\/372
|move|p2a: Entei|Sacred Fire|p1a: Napoleon
|-damage|p1a: Napoleon|239\/372
|
|-heal|p1a: Napoleon|262\/372|[from] item: Leftovers
|turn|2
|
|switch|p2a: Godtoad|Seismitoad, M|414\/414
|move|p1a: Napoleon|Scald|p2a: Godtoad
|-immune|p2a: Godtoad|[msg]
|
|-heal|p1a: Napoleon|285\/372|[from] item: Leftovers
|turn|3
|join|Orange Quartz
|
|move|p2a: Godtoad|Stealth Rock|p1a: Napoleon
|-sidestart|p1: ULT Narcotics|move: Stealth Rock
|move|p1a: Napoleon|Stealth Rock|p2a: Godtoad
|-sidestart|p2: Less than tragic|move: Stealth Rock
|
|-heal|p1a: Napoleon|308\/372|[from] item: Leftovers
|turn|4
|leave|Orange Quartz
|
|switch|p2a: Alakazam|Alakazam, F|251\/251
|move|p1a: Napoleon|Roar|p2a: Alakazam
|drag|p2a: Cobalion|Cobalion|323\/323
|-damage|p2a: Cobalion|313\/323|[from] Stealth Rock
|
|-heal|p1a: Napoleon|331\/372|[from] item: Leftovers
|turn|5
|
|move|p2a: Cobalion|Swords Dance|p2a: Cobalion
|-boost|p2a: Cobalion|atk|2
|move|p1a: Napoleon|Scald|p2a: Cobalion
|-damage|p2a: Cobalion|178\/323
|-status|p2a: Cobalion|brn
|-enditem|p2a: Cobalion|Lum Berry|[eat]
|-curestatus|p2a: Cobalion|brn
|
|-heal|p1a: Napoleon|354\/372|[from] item: Leftovers
|turn|6
|
|switch|p1a: Damocles|Doublade, F, shiny|322\/322
|-damage|p1a: Damocles|302\/322|[from] Stealth Rock
|move|p2a: Cobalion|Close Combat|p1a: Damocles
|-immune|p1a: Damocles|[msg]
|
|turn|7
|
|move|p2a: Cobalion|Taunt|p1a: Damocles
|-start|p1a: Damocles|move: Taunt
|move|p1a: Damocles|Sacred Sword|p2a: Cobalion
|-supereffective|p2a: Cobalion
|-damage|p2a: Cobalion|0 fnt
|faint|p2a: Cobalion
|
|
|switch|p2a: Entei|Entei, shiny|318\/411
|-damage|p2a: Entei|216\/411|[from] Stealth Rock
|-ability|p2a: Entei|Pressure
|turn|8
|
|switch|p1a: Napoleon|Empoleon, F|354\/372
|-damage|p1a: Napoleon|331\/372|[from] Stealth Rock
|move|p2a: Entei|Sacred Fire|p1a: Napoleon
|-damage|p1a: Napoleon|198\/372
|
|-heal|p1a: Napoleon|221\/372|[from] item: Leftovers
|turn|9
|
|switch|p2a: Godtoad|Seismitoad, M|414\/414
|-damage|p2a: Godtoad|389\/414|[from] Stealth Rock
|move|p1a: Napoleon|Defog|p2a: Godtoad
|-unboost|p2a: Godtoad|evasion|1
|-sideend|p2: Less than tragic|Stealth Rock|[from] move: Defog|[of] p2a: Godtoad
|-sideend|p1: ULT Narcotics|Stealth Rock|[from] move: Defog|[of] p1a: Napoleon
|
|-heal|p2a: Godtoad|414\/414|[from] item: Leftovers
|-heal|p1a: Napoleon|244\/372|[from] item: Leftovers
|turn|10
|
|switch|p1a: Fired Up|Rotom-Heat|241\/241
|move|p2a: Godtoad|Earth Power|p1a: Fired Up
|-immune|p1a: Fired Up|[msg]
|
|turn|11
|
|switch|p2a: Entei|Entei, shiny|216\/411
|-ability|p2a: Entei|Pressure
|move|p1a: Fired Up|Hidden Power|p2a: Entei
|-resisted|p2a: Entei
|-damage|p2a: Entei|189\/411
|
|turn|12
|
|switch|p1a: Napoleon|Empoleon, F|244\/372
|move|p2a: Entei|Sacred Fire|p1a: Napoleon
|-damage|p1a: Napoleon|94\/372
|-status|p1a: Napoleon|brn
|
|-heal|p1a: Napoleon|117\/372 brn|[from] item: Leftovers
|-damage|p1a: Napoleon|71\/372 brn|[from] brn
|turn|13
|
|move|p2a: Entei|Bulldoze|p1a: Napoleon
|-supereffective|p1a: Napoleon
|-damage|p1a: Napoleon|0 fnt
|faint|p1a: Napoleon
|
|
|switch|p1a: Stingy Bitch|Beedrill, M|271\/271
|turn|14
|
|switch|p2a: Crobat|Crobat, M|373\/373
|detailschange|p1a: Stingy Bitch|Beedrill-Mega, M
|-mega|p1a: Stingy Bitch|Beedrill|Beedrillite
|move|p1a: Stingy Bitch|Protect|p1a: Stingy Bitch
|-fail|p1a: Stingy Bitch
|
|turn|15
|
|switch|p2a: Godtoad|Seismitoad, M|414\/414
|move|p1a: Stingy Bitch|U-turn|p2a: Godtoad
|-damage|p2a: Godtoad|244\/414
|
|switch|p1a: Fired Up|Rotom-Heat|241\/241
|
|-heal|p2a: Godtoad|269\/414|[from] item: Leftovers
|turn|16
|
|move|p1a: Fired Up|Hidden Power|p2a: Godtoad
|-supereffective|p2a: Godtoad
|-damage|p2a: Godtoad|0 fnt
|faint|p2a: Godtoad
|
|
|switch|p2a: Absol|Absol, F|271\/271
|turn|17
|
|switch|p1a: The Champion|Machamp, M|384\/384
|detailschange|p2a: Absol|Absol-Mega, F
|-mega|p2a: Absol|Absol|Absolite
|move|p2a: Absol|Swords Dance|p2a: Absol
|-boost|p2a: Absol|atk|2
|
|turn|18
|
|move|p2a: Absol|Play Rough|p1a: The Champion
|-crit|p1a: The Champion
|-supereffective|p1a: The Champion
|-damage|p1a: The Champion|0 fnt
|faint|p1a: The Champion
|
|
|switch|p1a: Angry Dragoun|Hydreigon, M, shiny|325\/325
|turn|19
|
|move|p2a: Absol|Play Rough|p1a: Angry Dragoun
|-supereffective|p1a: Angry Dragoun
|-damage|p1a: Angry Dragoun|0 fnt
|faint|p1a: Angry Dragoun
|
|
|switch|p1a: Fired Up|Rotom-Heat|241\/241
|turn|20
|
|move|p2a: Absol|Sucker Punch|p1a: Fired Up
|-damage|p1a: Fired Up|0 fnt
|faint|p1a: Fired Up
|
|
|switch|p1a: Stingy Bitch|Beedrill-Mega, M|271\/271
|turn|21
|
|move|p2a: Absol|Sucker Punch|p1a: Stingy Bitch
|-damage|p1a: Stingy Bitch|0 fnt
|faint|p1a: Stingy Bitch
|
|c|âULT Narcotics|gg
|c|âLess than tragic|gg
|
|switch|p1a: Damocles|Doublade, F, shiny|302\/322
|turn|22
|
|move|p2a: Absol|Knock Off|p1a: Damocles
|-supereffective|p1a: Damocles
|-damage|p1a: Damocles|0 fnt
|-enditem|p1a: Damocles|Eviolite|[from] move: Knock Off|[of] p2a: Absol
|faint|p1a: Damocles
|
|win|Less than tragic
|raw|Ladder updating...
|raw|ULT Narcotics's rating: 1470 &rarr; <strong>1445<\/strong><br \/>(-25 for losing)
|raw|Less than tragic's rating: 1386 &rarr; <strong>1411<\/strong><br \/>(+25 for winning)
|leave|ULT Narcotics
|player|p1