|join|Muk the kid
|join|fifa2
|player|p1|Muk the kid|256
|player|p2|fifa2|257
|gametype|singles
|gen|6
|tier|OU
|rated
|clearpoke
|poke|p1|Diggersby, F
|poke|p1|Rotom-Wash
|poke|p1|Lopunny, F
|poke|p1|Azumarill, M
|poke|p1|Heatran, F
|poke|p1|Gengar, F
|poke|p2|Ninetales, F
|poke|p2|Donphan, F
|poke|p2|Heatran, M
|poke|p2|Gyarados, F
|poke|p2|Venusaur, M
|poke|p2|Dragonite, M
|rule|Swagger Clause: Swagger is banned
|rule|Baton Pass Clause: Limit one PokÃ©mon knowing Baton Pass
|rule|Sleep Clause Mod: Limit one foe put to sleep
|rule|Species Clause: Limit one of each PokÃ©mon
|rule|OHKO Clause: OHKO moves are banned
|rule|Moody Clause: Moody is banned
|rule|Evasion Moves Clause: Evasion moves are banned
|rule|Endless Battle Clause: Forcing endless battles is banned
|rule|HP Percentage Mod: HP is shown in percentages
|teampreview
|
|start
|switch|p1a: Diggersby|Diggersby, F|311\/311
|switch|p2a: Ninetales|Ninetales, F|287\/287
|-weather|SunnyDay
|turn|1
|
|switch|p1a: Heatran|Heatran, F|385\/385
|move|p2a: Ninetales|Will-O-Wisp|p1a: Heatran
|-start|p1a: Heatran|ability: Flash Fire
|
|-weather|SunnyDay|[upkeep]
|turn|2
|
|move|p2a: Ninetales|Hidden Power|p1a: Heatran
|-supereffective|p1a: Heatran
|-damage|p1a: Heatran|229\/385
|move|p1a: Heatran|Stealth Rock|p2a: Ninetales
|-sidestart|p2: fifa2|move: Stealth Rock
|
|-weather|SunnyDay|[upkeep]
|-heal|p1a: Heatran|253\/385|[from] item: Leftovers
|turn|3
|
|switch|p1a: Lopunny|Lopunny, F|271\/271
|move|p2a: Ninetales|Hidden Power|p1a: Lopunny
|-damage|p1a: Lopunny|218\/271
|
|-weather|SunnyDay|[upkeep]
|turn|4
|
|switch|p2a: Gyarados|Gyarados, F|394\/394
|-damage|p2a: Gyarados|296\/394|[from] Stealth Rock
|-ability|p2a: Gyarados|Intimidate|[of] p1a: Lopunny
|-unboost|p1a: Lopunny|atk|1
|detailschange|p1a: Lopunny|Lopunny-Mega, F
|-mega|p1a: Lopunny|Lopunny|Lopunnite
|move|p1a: Lopunny|Fake Out|p2a: Gyarados
|-damage|p2a: Gyarados|250\/394
|
|-weather|SunnyDay|[upkeep]
|-heal|p2a: Gyarados|274\/394|[from] item: Leftovers
|turn|5
|
|switch|p1a: Rotom-Wash|Rotom-Wash|303\/303
|move|p2a: Gyarados|Dragon Tail|p1a: Rotom-Wash
|-damage|p1a: Rotom-Wash|261\/303
|drag|p1a: Diggersby|Diggersby, F|311\/311
|
|-weather|SunnyDay|[upkeep]
|-heal|p2a: Gyarados|298\/394|[from] item: Leftovers
|turn|6
|
|switch|p2a: Heatran|Heatran, M|385\/385
|-damage|p2a: Heatran|337\/385|[from] Stealth Rock
|move|p1a: Diggersby|Return|p2a: Heatran
|-resisted|p2a: Heatran
|-damage|p2a: Heatran|194\/385
|-damage|p1a: Diggersby|280\/311|[from] item: Life Orb
|
|-weather|SunnyDay|[upkeep]
|-heal|p2a: Heatran|218\/385|[from] item: Leftovers
|turn|7
|
|switch|p2a: Gyarados|Gyarados, F|298\/394
|-damage|p2a: Gyarados|200\/394|[from] Stealth Rock
|-ability|p2a: Gyarados|Intimidate|[of] p1a: Diggersby
|-unboost|p1a: Diggersby|atk|1
|move|p1a: Diggersby|Earthquake|p2a: Gyarados
|-immune|p2a: Gyarados|[msg]
|
|-weather|SunnyDay|[upkeep]
|-heal|p2a: Gyarados|224\/394|[from] item: Leftovers
|turn|8
|
|switch|p1a: Rotom-Wash|Rotom-Wash|261\/303
|move|p2a: Gyarados|Rest|p2a: Gyarados
|-status|p2a: Gyarados|slp
|-heal|p2a: Gyarados|394\/394 slp|[silent]
|-status|p2a: Gyarados|slp|[from] move: Rest
|
|-weather|none
|-heal|p1a: Rotom-Wash|279\/303|[from] item: Leftovers
|turn|9
|
|switch|p2a: Ninetales|Ninetales, F|287\/287
|-damage|p2a: Ninetales|216\/287|[from] Stealth Rock
|-weather|SunnyDay
|move|p1a: Rotom-Wash|Will-O-Wisp|p2a: Ninetales
|-fail|p2a: Ninetales
|
|-weather|SunnyDay|[upkeep]
|-heal|p1a: Rotom-Wash|297\/303|[from] item: Leftovers
|turn|10
|
|move|p2a: Ninetales|Energy Ball|p1a: Rotom-Wash
|-supereffective|p1a: Rotom-Wash
|-damage|p1a: Rotom-Wash|145\/303
|-unboost|p1a: Rotom-Wash|spd|1
|move|p1a: Rotom-Wash|Volt Switch|p2a: Ninetales
|-damage|p2a: Ninetales|123\/287
|
|switch|p1a: Heatran|Heatran, F|253\/385
|
|-weather|SunnyDay|[upkeep]
|-heal|p1a: Heatran|277\/385|[from] item: Leftovers
|turn|11
|
|switch|p1a: Lopunny|Lopunny-Mega, F|218\/271
|move|p2a: Ninetales|Hidden Power|p1a: Lopunny
|-damage|p1a: Lopunny|162\/271
|
|-weather|SunnyDay|[upkeep]
|turn|12
|
|switch|p2a: Gyarados|Gyarados, F|394\/394 slp
|-damage|p2a: Gyarados|296\/394 slp|[from] Stealth Rock
|-ability|p2a: Gyarados|Intimidate|[of] p1a: Lopunny
|-unboost|p1a: Lopunny|atk|1
|move|p1a: Lopunny|Return|p2a: Gyarados
|-damage|p2a: Gyarados|191\/394 slp
|
|-weather|SunnyDay|[upkeep]
|-heal|p2a: Gyarados|215\/394 slp|[from] item: Leftovers
|turn|13
|
|switch|p1a: Rotom-Wash|Rotom-Wash|145\/303
|cant|p2a: Gyarados|slp
|move|p2a: Gyarados|Sleep Talk|p2a: Gyarados
|move|p2a: Gyarados|Dragon Tail|p1a: Rotom-Wash|[from]Sleep Talk
|-damage|p1a: Rotom-Wash|103\/303
|drag|p1a: Azumarill|Azumarill, M|401\/401
|
|-weather|SunnyDay|[upkeep]
|-heal|p2a: Gyarados|239\/394 slp|[from] item: Leftovers
|turn|14
|
|switch|p2a: Venusaur|Venusaur, M|338\/338
|-damage|p2a: Venusaur|296\/338|[from] Stealth Rock
|move|p1a: Azumarill|Play Rough|p2a: Venusaur
|-crit|p2a: Venusaur
|-resisted|p2a: Venusaur
|-damage|p2a: Venusaur|62\/338
|
|-weather|SunnyDay|[upkeep]
|turn|15
|
|switch|p1a: Rotom-Wash|Rotom-Wash|103\/303
|detailschange|p2a: Venusaur|Venusaur-Mega, M
|-mega|p2a: Venusaur|Venusaur|Venusaurite
|move|p2a: Venusaur|Giga Drain|p1a: Rotom-Wash
|-crit|p1a: Rotom-Wash
|-supereffective|p1a: Rotom-Wash
|-damage|p1a: Rotom-Wash|0 fnt
|-heal|p2a: Venusaur|114\/338|[from] drain|[of] p1a: Rotom-Wash
|faint|p1a: Rotom-Wash
|
|-weather|SunnyDay|[upkeep]
|
|switch|p1a: Gengar|Gengar, F|261\/261
|turn|16
|
|switch|p2a: Heatran|Heatran, M|218\/385
|-damage|p2a: Heatran|170\/385|[from] Stealth Rock
|move|p1a: Gengar|Shadow Ball|p2a: Heatran
|-damage|p2a: Heatran|41\/385
|-damage|p1a: Gengar|235\/261|[from] item: Life Orb
|
|-weather|none
|-heal|p2a: Heatran|65\/385|[from] item: Leftovers
|turn|17
|
|move|p1a: Gengar|Shadow Ball|p2a: Heatran
|-damage|p2a: Heatran|0 fnt
|-damage|p1a: Gengar|209\/261|[from] item: Life Orb
|faint|p2a: Heatran
|
|
|switch|p2a: Donphan|Donphan, F|361\/361
|-damage|p2a: Donphan|339\/361|[from] Stealth Rock
|turn|18
|
|move|p2a: Donphan|Ice Shard|p1a: Gengar
|-damage|p1a: Gengar|136\/261
|move|p1a: Gengar|Shadow Ball|p2a: Donphan
|-damage|p2a: Donphan|39\/361
|-damage|p1a: Gengar|110\/261|[from] item: Life Orb
|
|-heal|p2a: Donphan|61\/361|[from] item: Leftovers
|turn|19
|
|move|p2a: Donphan|Ice Shard|p1a: Gengar
|-damage|p1a: Gengar|31\/261
|move|p1a: Gengar|Shadow Ball|p2a: Donphan
|-damage|p2a: Donphan|0 fnt
|-damage|p1a: Gengar|5\/261|[from] item: Life Orb
|faint|p2a: Donphan
|
|
|switch|p2a: Ninetales|Ninetales, F|123\/287
|-damage|p2a: Ninetales|52\/287|[from] Stealth Rock
|-weather|SunnyDay
|turn|20
|
|switch|p1a: Lopunny|Lopunny-Mega, F|162\/271
|move|p2a: Ninetales|Energy Ball|p1a: Lopunny
|-damage|p1a: Lopunny|86\/271
|
|-weather|SunnyDay|[upkeep]
|turn|21
|
|move|p1a: Lopunny|Healing Wish|p1a: Lopunny
|faint|p1a: Lopunny
|move|p2a: Ninetales|Overheat|p1: Lopunny|[notarget]
|-notarget
|
|-weather|SunnyDay|[upkeep]
|
|switch|p1a: Gengar|Gengar, F|5\/261
|-heal|p1a: Gengar|261\/261|[from] move: Healing Wish
|turn|22
|
|move|p1a: Gengar|Shadow Ball|p2a: Ninetales
|-damage|p2a: Ninetales|0 fnt
|-damage|p1a: Gengar|235\/261|[from] item: Life Orb
|faint|p2a: Ninetales
|
|-weather|SunnyDay|[upkeep]
|
|switch|p2a: Dragonite|Dragonite, M|323\/323
|-damage|p2a: Dragonite|243\/323|[from] Stealth Rock
|turn|23
|
|move|p1a: Gengar|Sludge Wave|p2a: Dragonite
|-damage|p2a: Dragonite|32\/323
|-damage|p1a: Gengar|209\/261|[from] item: Life Orb
|move|p2a: Dragonite|Dragon Dance|p2a: Dragonite
|-boost|p2a: Dragonite|atk|1
|-boost|p2a: Dragonite|spe|1
|
|-weather|SunnyDay|[upkeep]
|turn|24
|
|switch|p1a: Azumarill|Azumarill, M|401\/401
|move|p2a: Dragonite|Fire Punch|p1a: Azumarill
|-crit|p1a: Azumarill
|-resisted|p1a: Azumarill
|-damage|p1a: Azumarill|214\/401
|
|-weather|SunnyDay|[upkeep]
|turn|25
|
|move|p1a: Azumarill|Aqua Jet|p2a: Dragonite
|-resisted|p2a: Dragonite
|-damage|p2a: Dragonite|0 fnt
|faint|p2a: Dragonite
|
|-weather|SunnyDay|[upkeep]
|
|switch|p2a: Venusaur|Venusaur-Mega, M|114\/338
|-damage|p2a: Venusaur|72\/338|[from] Stealth Rock
|turn|26
|
|switch|p1a: Gengar|Gengar, F|209\/261
|move|p2a: Venusaur|Giga Drain|p1a: Gengar
|-resisted|p1a: Gengar
|-damage|p1a: Gengar|122\/261
|-heal|p2a: Venusaur|116\/338|[from] drain|[of] p1a: Gengar
|
|-weather|SunnyDay|[upkeep]
|turn|27
|
|move|p1a: Gengar|Sludge Wave|p2a: Venusaur
|-damage|p2a: Venusaur|0 fnt
|-damage|p1a: Gengar|96\/261|[from] item: Life Orb
|faint|p2a: Venusaur
|
|-weather|none
|-message|fifa2 forfeited.
|leave|fifa2
|
|win|Muk the kid
|raw|Ladder updating...
|player|p2
|raw|Muk the kid's rating: 1627 &rarr; <strong>1647<\/strong><br \/>(+20 for winning)
|raw|fifa2's rating: 1624 &rarr; <strong>1604<\/strong><br \/>(-20 for losing)
|c|âMuk the kid|ur bad