|join|muk the kid
|join|kalisbetter
|player|p1|muk the kid|265
|player|p2|kalisbetter|2
|gametype|singles
|gen|6
|tier|OU
|rated
|clearpoke
|poke|p1|Lopunny, M
|poke|p1|Landorus, M
|poke|p1|Thundurus, M
|poke|p1|Tornadus-Therian, M
|poke|p1|Azelf
|poke|p1|Keldeo
|poke|p2|Manectric, M
|poke|p2|Scizor, F
|poke|p2|Landorus-Therian, M
|poke|p2|Garchomp, M
|poke|p2|Azumarill, F
|poke|p2|Gengar, F
|rule|Swagger Clause: Swagger is banned
|rule|Baton Pass Clause: Limit one PokÃ©mon knowing Baton Pass
|rule|Sleep Clause Mod: Limit one foe put to sleep
|rule|Species Clause: Limit one of each PokÃ©mon
|rule|OHKO Clause: OHKO moves are banned
|rule|Moody Clause: Moody is banned
|rule|Evasion Moves Clause: Evasion moves are banned
|rule|Endless Battle Clause: Forcing endless battles is banned
|rule|HP Percentage Mod: HP is shown in percentages
|teampreview
|join|y4
|join|zaeqweqeeeqee
|join|Altilt
|
|start
|switch|p1a: Azelf|Azelf|291\/291
|switch|p2a: Azumarill|Azumarill, F|341\/341
|turn|1
|
|move|p1a: Azelf|Stealth Rock|p2a: Azumarill
|-sidestart|p2: kalisbetter|move: Stealth Rock
|move|p2a: Azumarill|Knock Off|p1a: Azelf
|-crit|p1a: Azelf
|-supereffective|p1a: Azelf
|-enditem|p1a: Azelf|Focus Sash
|-damage|p1a: Azelf|1\/291
|
|turn|2
|
|switch|p1a: Lopunny|Lopunny, M|271\/271
|move|p2a: Azumarill|Aqua Jet|p1a: Lopunny
|-damage|p1a: Lopunny|162\/271
|
|turn|3
|
|detailschange|p1a: Lopunny|Lopunny-Mega, M
|-mega|p1a: Lopunny|Lopunny|Lopunnite
|move|p1a: Lopunny|Fake Out|p2a: Azumarill
|-damage|p2a: Azumarill|259\/341
|cant|p2a: Azumarill|flinch
|
|turn|4
|
|switch|p1a: Azelf|Azelf|1\/291
|move|p2a: Azumarill|Play Rough|p1a: Azelf
|-damage|p1a: Azelf|0 fnt
|faint|p1a: Azelf
|
|
|switch|p1a: Thundurus|Thundurus, M|299\/299
|turn|5
|
|switch|p2a: Manectric|Manectric, M|281\/281
|-damage|p2a: Manectric|246\/281|[from] Stealth Rock
|move|p1a: Thundurus|Thunderbolt|p2a: Manectric
|-boost|p2a: Manectric|spa|1|[from] ability: Lightning Rod
|
|turn|6
|join|Tng
|c| y4|demolished
|c| Tng|who is muk the kid
|c| Tng|is he any good
|c| y4|no
|c|âmuk the kid|no
|c| Tng|136-73
|c| Tng|eh
|c| Tng|thats ALRIGHT
|c| Tng|i GUESS
|c| y4|no
|
|detailschange|p2a: Manectric|Manectric-Mega, M
|-mega|p2a: Manectric|Manectric|Manectite
|-ability|p2a: Manectric|Intimidate|[of] p1a: Thundurus
|-unboost|p1a: Thundurus|atk|1
|move|p1a: Thundurus|Superpower|p2a: Manectric
|-damage|p2a: Manectric|143\/281
|-unboost|p1a: Thundurus|atk|1
|-unboost|p1a: Thundurus|def|1
|-damage|p1a: Thundurus|270\/299|[from] item: Life Orb
|move|p2a: Manectric|Hidden Power|p1a: Thundurus
|-supereffective|p1a: Thundurus
|-damage|p1a: Thundurus|8\/299
|
|turn|7
|c| y4|defiant
|c| y4|when
|join|Apathos
|
|move|p2a: Manectric|Thunderbolt|p1a: Thundurus
|-damage|p1a: Thundurus|0 fnt
|faint|p1a: Thundurus
|
|
|switch|p1a: Lopunny|Lopunny-Mega, M|162\/271
|turn|8
|c| Tng|ya kids not good...
|
|switch|p2a: Garchomp|Garchomp, M|357\/357
|-damage|p2a: Garchomp|335\/357|[from] Stealth Rock
|move|p1a: Lopunny|High Jump Kick|p2a: Garchomp
|-damage|p2a: Garchomp|68\/357
|-damage|p1a: Lopunny|129\/271|[from] ability: Rough Skin|[of] p2a: Garchomp
|
|turn|9
|c| Tng|y4 give me mod in cpg
|
|move|p1a: Lopunny|Return|p2a: Garchomp
|-damage|p2a: Garchomp|0 fnt
|-damage|p1a: Lopunny|96\/271|[from] ability: Rough Skin|[of] p2a: Garchomp
|faint|p2a: Garchomp
|
|c| Tng|at lEAST driver
|c| y4|i think u mean tcg
|c| Tng|at lEAST
|
|switch|p2a: Scizor|Scizor, F|281\/281
|-damage|p2a: Scizor|246\/281|[from] Stealth Rock
|turn|10
|
|switch|p1a: Keldeo|Keldeo|323\/323
|switch|p2a: Manectric|Manectric-Mega, M|143\/281
|-damage|p2a: Manectric|108\/281|[from] Stealth Rock
|-ability|p2a: Manectric|Intimidate|[of] p1a: Keldeo
|-unboost|p1a: Keldeo|atk|1
|
|turn|11
|c| y4|didnt even uturn
|
|switch|p1a: Landorus|Landorus, M|319\/319
|move|p2a: Manectric|Thunderbolt|p1a: Landorus
|-immune|p1a: Landorus|[msg]
|
|turn|12
|c| y4|tbolt again
|
|switch|p1a: Lopunny|Lopunny-Mega, M|96\/271
|move|p2a: Manectric|Hidden Power|p1a: Lopunny
|-damage|p1a: Lopunny|17\/271
|
|turn|13
|
|switch|p2a: Azumarill|Azumarill, F|259\/341
|-damage|p2a: Azumarill|217\/341|[from] Stealth Rock
|move|p1a: Lopunny|Ice Punch|p2a: Azumarill
|-resisted|p2a: Azumarill
|-damage|p2a: Azumarill|158\/341
|
|turn|14
|
|switch|p1a: Keldeo|Keldeo|323\/323
|move|p2a: Azumarill|Aqua Jet|p1a: Keldeo
|-resisted|p1a: Keldeo
|-damage|p1a: Keldeo|272\/323
|
|turn|15
|c| Tng|what is a play?
|
|switch|p2a: Gengar|Gengar, F|261\/261
|-damage|p2a: Gengar|229\/261|[from] Stealth Rock
|move|p1a: Keldeo|Hidden Power|p2a: Gengar
|-damage|p2a: Gengar|100\/261
|
|turn|16
|join|fingerscrossed
|
|switch|p1a: Tornadus-Therian|Tornadus-Therian, M|299\/299
|move|p2a: Gengar|Shadow Ball|p1a: Tornadus-Therian
|-damage|p1a: Tornadus-Therian|85\/299
|-damage|p2a: Gengar|74\/261|[from] item: Life Orb
|
|turn|17
|leave|Tng
|
|move|p1a: Tornadus-Therian|Knock Off|p2a: Gengar
|-supereffective|p2a: Gengar
|-damage|p2a: Gengar|0 fnt
|-enditem|p2a: Gengar|Life Orb|[from] move: Knock Off|[of] p1a: Tornadus-Therian
|-damage|p1a: Tornadus-Therian|56\/299|[from] item: Life Orb
|faint|p2a: Gengar
|
|
|switch|p2a: Manectric|Manectric-Mega, M|108\/281
|-damage|p2a: Manectric|73\/281|[from] Stealth Rock
|-ability|p2a: Manectric|Intimidate|[of] p1a: Tornadus-Therian
|-unboost|p1a: Tornadus-Therian|atk|1
|turn|18
|
|move|p2a: Manectric|Volt Switch|p1a: Tornadus-Therian
|-supereffective|p1a: Tornadus-Therian
|-damage|p1a: Tornadus-Therian|0 fnt
|faint|p1a: Tornadus-Therian
|
|switch|p2a: Landorus-Therian|Landorus-Therian, M|319\/319
|-damage|p2a: Landorus-Therian|280\/319|[from] Stealth Rock
|
|
|switch|p1a: Landorus|Landorus, M|319\/319
|turn|19
|
|move|p2a: Landorus-Therian|Knock Off|p1a: Landorus
|-damage|p1a: Landorus|174\/319
|-enditem|p1a: Landorus|Life Orb|[from] move: Knock Off|[of] p2a: Landorus-Therian
|move|p1a: Landorus|Psychic|p2a: Landorus-Therian
|-damage|p2a: Landorus-Therian|124\/319
|
|turn|20
|
|move|p2a: Landorus-Therian|Knock Off|p1a: Landorus
|-damage|p1a: Landorus|75\/319
|move|p1a: Landorus|Earth Power|p2a: Landorus-Therian
|-immune|p2a: Landorus-Therian|[msg]
|
|turn|21
|-message|muk the kid forfeited.
|
|win|kalisbetter
|raw|Ladder updating...
|leave|muk the kid
|player|p1
|raw|muk the kid's rating: 1688 &rarr; <strong>1659<\/strong><br \/>(-29 for losing)
|raw|kalisbetter's rating: 1514 &rarr; <strong>1543<\/strong><br \/>(+29 for winning)
|leave|y4
|leave|Apathos
|leave|Altilt
|join|Reverend
|leave|fingerscrossed
|leave|zaeqweqeeeqee
|leave|kalisbetter
|player|p2