|join|Muk the kid
|join|Gwynsbeard
|player|p1|Muk the kid|256
|player|p2|Gwynsbeard|126
|gametype|singles
|gen|6
|tier|OU
|rated
|clearpoke
|poke|p1|Diggersby, F
|poke|p1|Rotom-Wash
|poke|p1|Lopunny, M
|poke|p1|Azumarill, M
|poke|p1|Heatran, F
|poke|p1|Gengar, M
|poke|p2|Manectric, M, shiny
|poke|p2|Landorus-Therian, M
|poke|p2|Latios, M
|poke|p2|Diggersby, F
|poke|p2|Bisharp, M, shiny
|poke|p2|Garchomp, M
|rule|Swagger Clause: Swagger is banned
|rule|Baton Pass Clause: Limit one PokÃ©mon knowing Baton Pass
|rule|Sleep Clause Mod: Limit one foe put to sleep
|rule|Species Clause: Limit one of each PokÃ©mon
|rule|OHKO Clause: OHKO moves are banned
|rule|Moody Clause: Moody is banned
|rule|Evasion Moves Clause: Evasion moves are banned
|rule|Endless Battle Clause: Forcing endless battles is banned
|rule|HP Percentage Mod: HP is shown in percentages
|teampreview
|
|start
|switch|p1a: Lopunny|Lopunny, M|271\/271
|switch|p2a: Landorus-Therian|Landorus-Therian, M|319\/319
|-ability|p2a: Landorus-Therian|Intimidate|[of] p1a: Lopunny
|-unboost|p1a: Lopunny|atk|1
|turn|1
|join|Rock Throw
|
|detailschange|p1a: Lopunny|Lopunny-Mega, M
|-mega|p1a: Lopunny|Lopunny|Lopunnite
|move|p1a: Lopunny|Fake Out|p2a: Landorus-Therian
|-damage|p2a: Landorus-Therian|261\/319
|cant|p2a: Landorus-Therian|flinch
|
|turn|2
|
|move|p2a: Landorus-Therian|Superpower|p1a: Lopunny
|-supereffective|p1a: Lopunny
|-damage|p1a: Lopunny|0 fnt
|-unboost|p2a: Landorus-Therian|atk|1
|-unboost|p2a: Landorus-Therian|def|1
|faint|p1a: Lopunny
|
|
|switch|p1a: Gengar|Gengar, M|261\/261
|turn|3
|
|switch|p2a: Bisharp|Bisharp, M, shiny|271\/271
|move|p1a: Gengar|Focus Blast|p2a: Bisharp|[miss]
|-miss|p1a: Gengar|p2a: Bisharp
|
|turn|4
|c| Rock Throw|skill!
|c|âGwynsbeard|it didnt matter i got chople
|
|switch|p2a: Landorus-Therian|Landorus-Therian, M|261\/319
|-ability|p2a: Landorus-Therian|Intimidate|[of] p1a: Gengar
|-unboost|p1a: Gengar|atk|1
|move|p1a: Gengar|Substitute|p1a: Gengar
|-start|p1a: Gengar|Substitute
|-damage|p1a: Gengar|196\/261
|
|turn|5
|
|move|p2a: Landorus-Therian|Stone Edge|p1a: Gengar
|-end|p1a: Gengar|Substitute
|move|p1a: Gengar|Shadow Ball|p2a: Landorus-Therian
|-damage|p2a: Landorus-Therian|54\/319
|-damage|p1a: Gengar|170\/261|[from] item: Life Orb
|
|turn|6
|
|switch|p1a: Heatran|Heatran, F|385\/385
|move|p2a: Landorus-Therian|Stone Edge|p1a: Heatran
|-damage|p1a: Heatran|256\/385
|
|-heal|p1a: Heatran|280\/385|[from] item: Leftovers
|turn|7
|join|Apathos
|
|switch|p2a: Garchomp|Garchomp, M|357\/357
|move|p1a: Heatran|Stealth Rock|p2a: Garchomp
|-sidestart|p2: Gwynsbeard|move: Stealth Rock
|
|-heal|p1a: Heatran|304\/385|[from] item: Leftovers
|turn|8
|c| Rock Throw|252 SpA Life Orb Gengar Focus Blast vs. 4 HP \/ 0 SpD Chople Berry Bisharp: 455-538 (167.2 - 197.7%) -- guaranteed OHKO
|c| Rock Throw|you do realize
|c| Rock Throw|chople isn't doing shit
|c|âGwynsbeard|lmao obvs
|c| Rock Throw|for something as flimsy
|c| Rock Throw|as bisharp right
|c| Rock Throw|...
|c|âGwynsbeard|nigga i was kidding
|
|switch|p1a: Azumarill|Azumarill, M|401\/401
|move|p2a: Garchomp|Stealth Rock|p1a: Azumarill
|-sidestart|p1: Muk the kid|move: Stealth Rock
|
|turn|9
|c|âMuk the kid|mouse de N1GGA
|
|move|p2a: Garchomp|Earthquake|p1a: Azumarill
|-damage|p1a: Azumarill|190\/401
|move|p1a: Azumarill|Play Rough|p2a: Garchomp
|-crit|p2a: Garchomp
|-supereffective|p2a: Garchomp
|-enditem|p2a: Garchomp|Focus Sash
|-damage|p2a: Garchomp|1\/357
|-damage|p1a: Azumarill|140\/401|[from] ability: Rough Skin|[of] p2a: Garchomp
|
|turn|10
|c| Rock Throw|bad joke
|c| Rock Throw|for a bad player...
|
|switch|p1a: Rotom-Wash|Rotom-Wash|303\/303
|-damage|p1a: Rotom-Wash|266\/303|[from] Stealth Rock
|move|p2a: Garchomp|Earthquake|p1a: Rotom-Wash
|-immune|p1a: Rotom-Wash|[msg]
|
|-heal|p1a: Rotom-Wash|284\/303|[from] item: Leftovers
|turn|11
|
|move|p2a: Garchomp|Outrage|p1a: Rotom-Wash
|-damage|p1a: Rotom-Wash|124\/303
|move|p1a: Rotom-Wash|Hydro Pump|p2a: Garchomp
|-damage|p2a: Garchomp|0 fnt
|faint|p2a: Garchomp
|
|-heal|p1a: Rotom-Wash|142\/303|[from] item: Leftovers
|
|switch|p2a: Latios|Latios, M|301\/301
|-damage|p2a: Latios|264\/301|[from] Stealth Rock
|turn|12
|
|switch|p1a: Heatran|Heatran, F|304\/385
|-damage|p1a: Heatran|256\/385|[from] Stealth Rock
|move|p2a: Latios|Draco Meteor|p1a: Heatran
|-resisted|p1a: Heatran
|-damage|p1a: Heatran|143\/385
|-unboost|p2a: Latios|spa|2
|-damage|p2a: Latios|234\/301|[from] item: Life Orb
|
|-heal|p1a: Heatran|167\/385|[from] item: Leftovers
|turn|13
|
|move|p2a: Latios|Earthquake|p1a: Heatran
|-supereffective|p1a: Heatran
|-damage|p1a: Heatran|0 fnt
|-damage|p2a: Latios|204\/301|[from] item: Life Orb
|faint|p1a: Heatran
|
|c| Rock Throw|LMAO
|c| Rock Throw|what is this
|c| Rock Throw|cteam
|
|switch|p1a: Gengar|Gengar, M|170\/261
|-damage|p1a: Gengar|138\/261|[from] Stealth Rock
|turn|14
|
|move|p1a: Gengar|Shadow Ball|p2a: Latios
|-supereffective|p2a: Latios
|-damage|p2a: Latios|0 fnt
|-damage|p1a: Gengar|112\/261|[from] item: Life Orb
|faint|p2a: Latios
|
|
|switch|p2a: Diggersby|Diggersby, F|311\/311
|-damage|p2a: Diggersby|292\/311|[from] Stealth Rock
|turn|15
|c| Rock Throw|nice scarf..
|
|switch|p2a: Landorus-Therian|Landorus-Therian, M|54\/319
|-damage|p2a: Landorus-Therian|15\/319|[from] Stealth Rock
|-ability|p2a: Landorus-Therian|Intimidate|[of] p1a: Gengar
|-unboost|p1a: Gengar|atk|1
|move|p1a: Gengar|Focus Blast|p2a: Landorus-Therian
|-resisted|p2a: Landorus-Therian
|-damage|p2a: Landorus-Therian|0 fnt
|-damage|p1a: Gengar|86\/261|[from] item: Life Orb
|faint|p2a: Landorus-Therian
|
|c|âMuk the kid|what
|c|âMuk the kid|good play i guess!
|c|âGwynsbeard|misclick
|join|Altilt
|c| Rock Throw|i dont even get
|
|switch|p2a: Manectric|Manectric, M, shiny|281\/281
|-damage|p2a: Manectric|246\/281|[from] Stealth Rock
|turn|16
|c| Rock Throw|huh?
|c|âMuk the kid|HMM
|c|âMuk the kid|HE HAS THIS THOUGH
|c|âMuk the kid|HE WINS
|c|âGwynsbeard|i clicked on dig? lol
|c|âMuk the kid|lol!
|
|detailschange|p2a: Manectric|Manectric-Mega, M, shiny
|-mega|p2a: Manectric|Manectric|Manectite
|-ability|p2a: Manectric|Intimidate|[of] p1a: Gengar
|-unboost|p1a: Gengar|atk|1
|move|p1a: Gengar|Sludge Wave|p2a: Manectric
|-damage|p2a: Manectric|0 fnt
|-damage|p1a: Gengar|60\/261|[from] item: Life Orb
|faint|p2a: Manectric
|
|c| Rock Throw|LMAO
|c| Rock Throw|LMAO
|
|switch|p2a: Bisharp|Bisharp, M, shiny|271\/271
|-damage|p2a: Bisharp|255\/271|[from] Stealth Rock
|turn|17
|c| Rock Throw|fuck this kid
|c| Rock Throw|is atrocious
|
|move|p1a: Gengar|Focus Blast|p2a: Bisharp
|-crit|p2a: Bisharp
|-supereffective|p2a: Bisharp
|-damage|p2a: Bisharp|0 fnt
|-damage|p1a: Gengar|34\/261|[from] item: Life Orb
|faint|p2a: Bisharp
|
|c|âGwynsbeard|gg
|
|switch|p2a: Diggersby|Diggersby, F|292\/311
|-damage|p2a: Diggersby|273\/311|[from] Stealth Rock
|turn|18
|
|move|p2a: Diggersby|Quick Attack|p1a: Gengar
|-immune|p1a: Gengar|[msg]
|move|p1a: Gengar|Focus Blast|p2a: Diggersby
|-supereffective|p2a: Diggersby
|-damage|p2a: Diggersby|0 fnt
|-damage|p1a: Gengar|8\/261|[from] item: Life Orb
|faint|p2a: Diggersby
|
|win|Muk the kid
|raw|Ladder updating...
|c|âMuk the kid|gg!
|raw|Muk the kid's rating: 1493 &rarr; <strong>1513<\/strong><br \/>(+20 for winning)
|raw|Gwynsbeard's rating: 1500 &rarr; <strong>1479<\/strong><br \/>(-21 for losing)