|join|TheRealMaxPotter
|join|muk the kid
|player|p1|TheRealMaxPotter|102
|player|p2|muk the kid|170
|gametype|singles
|gen|6
|tier|OU
|rated
|clearpoke
|poke|p1|Metagross, shiny
|poke|p1|Tyranitar, M, shiny
|poke|p1|Landorus, M, shiny
|poke|p1|Magnezone
|poke|p1|Azumarill, M
|poke|p1|Breloom, F, shiny
|poke|p2|Diggersby, M
|poke|p2|Rotom-Wash
|poke|p2|Lopunny, F
|poke|p2|Azumarill, F
|poke|p2|Heatran, F
|poke|p2|Gengar, F
|rule|Swagger Clause: Swagger is banned
|rule|Baton Pass Clause: Limit one PokÃ©mon knowing Baton Pass
|rule|Sleep Clause Mod: Limit one foe put to sleep
|rule|Species Clause: Limit one of each PokÃ©mon
|rule|OHKO Clause: OHKO moves are banned
|rule|Moody Clause: Moody is banned
|rule|Evasion Moves Clause: Evasion moves are banned
|rule|Endless Battle Clause: Forcing endless battles is banned
|rule|HP Percentage Mod: HP is shown in percentages
|teampreview
|join|Updated Kanto
|join|el hacker
|c| Updated Kanto|is that really __the__ real max potter???????
|
|start
|switch|p1a: Breloom|Breloom, F, shiny|261\/261
|switch|p2a: Lopunny|Lopunny, F|271\/271
|turn|1
|
|detailschange|p2a: Lopunny|Lopunny-Mega, F
|-mega|p2a: Lopunny|Lopunny|Lopunnite
|move|p1a: Breloom|Mach Punch|p2a: Lopunny
|-supereffective|p2a: Lopunny
|-damage|p2a: Lopunny|55\/271
|move|p2a: Lopunny|High Jump Kick|p1a: Breloom
|-enditem|p1a: Breloom|Focus Sash
|-damage|p1a: Breloom|1\/261
|
|turn|2
|
|switch|p2a: Gengar|Gengar, F|261\/261
|move|p1a: Breloom|Rock Tomb|p2a: Gengar
|-damage|p2a: Gengar|104\/261
|-unboost|p2a: Gengar|spe|1
|
|turn|3
|
|move|p1a: Breloom|Spore|p2a: Gengar
|-status|p2a: Gengar|slp
|cant|p2a: Gengar|slp
|
|turn|4
|
|switch|p2a: Heatran|Heatran, F|385\/385
|move|p1a: Breloom|Rock Tomb|p2a: Heatran
|-damage|p2a: Heatran|288\/385
|-unboost|p2a: Heatran|spe|1
|
|-heal|p2a: Heatran|312\/385|[from] item: Leftovers
|turn|5
|
|move|p1a: Breloom|Mach Punch|p2a: Heatran
|-supereffective|p2a: Heatran
|-damage|p2a: Heatran|118\/385
|move|p2a: Heatran|Stealth Rock|p1a: Breloom
|-sidestart|p1: TheRealMaxPotter|move: Stealth Rock
|
|-heal|p2a: Heatran|142\/385|[from] item: Leftovers
|turn|6
|
|switch|p2a: Gengar|Gengar, F|104\/261 slp
|move|p1a: Breloom|Bullet Seed|p2a: Gengar
|-resisted|p2a: Gengar
|-damage|p2a: Gengar|56\/261 slp
|-resisted|p2a: Gengar
|-damage|p2a: Gengar|6\/261 slp
|-hitcount|p2a: Gengar|2
|
|turn|7
|leave|Updated Kanto
|c|âmuk the kid|GOTTA PREDICT EVERY TURN
|
|switch|p2a: Heatran|Heatran, F|142\/385
|move|p1a: Breloom|Bullet Seed|p2a: Heatran
|-crit|p2a: Heatran
|-resisted|p2a: Heatran
|-damage|p2a: Heatran|119\/385
|-crit|p2a: Heatran
|-resisted|p2a: Heatran
|-damage|p2a: Heatran|96\/385
|-resisted|p2a: Heatran
|-damage|p2a: Heatran|82\/385
|-resisted|p2a: Heatran
|-damage|p2a: Heatran|66\/385
|-hitcount|p2a: Heatran|4
|
|-heal|p2a: Heatran|90\/385|[from] item: Leftovers
|turn|8
|
|move|p1a: Breloom|Bullet Seed|p2a: Heatran
|-resisted|p2a: Heatran
|-damage|p2a: Heatran|75\/385
|-resisted|p2a: Heatran
|-damage|p2a: Heatran|59\/385
|-resisted|p2a: Heatran
|-damage|p2a: Heatran|43\/385
|-crit|p2a: Heatran
|-resisted|p2a: Heatran
|-damage|p2a: Heatran|22\/385
|-resisted|p2a: Heatran
|-damage|p2a: Heatran|7\/385
|-hitcount|p2a: Heatran|5
|move|p2a: Heatran|Lava Plume|p1a: Breloom
|-supereffective|p1a: Breloom
|-damage|p1a: Breloom|0 fnt
|faint|p1a: Breloom
|
|-heal|p2a: Heatran|31\/385|[from] item: Leftovers
|
|switch|p1a: Landorus|Landorus, M, shiny|319\/319
|-damage|p1a: Landorus|280\/319|[from] Stealth Rock
|turn|9
|
|move|p1a: Landorus|Psychic|p2a: Heatran
|-resisted|p2a: Heatran
|-damage|p2a: Heatran|0 fnt
|faint|p2a: Heatran
|
|
|switch|p2a: Azumarill|Azumarill, F|401\/401
|turn|10
|
|move|p2a: Azumarill|Aqua Jet|p1a: Landorus
|-supereffective|p1a: Landorus
|-damage|p1a: Landorus|8\/319
|move|p1a: Landorus|Sludge Wave|p2a: Azumarill
|-crit|p2a: Azumarill
|-supereffective|p2a: Azumarill
|-damage|p2a: Azumarill|0 fnt
|faint|p2a: Azumarill
|
|c| jacob5|Nice roll
|leave|jacob5
|c|âmuk the kid|252+ Atk Choice Band Huge Power Azumarill Aqua Jet vs. 0 HP \/ 4 Def Landorus: 260-308 (81.5 - 96.5%) -- 56.3% chance to OHKO after Stealth Rock
|c|âmuk the kid|hAHA!
|
|switch|p2a: Lopunny|Lopunny-Mega, F|55\/271
|turn|11
|c|âTheRealMaxPotter|you act like it really mattered lol
|c|âmuk the kid|because it did
|c|âmuk the kid|?!?!?!?!?!?!!?!
|c|âTheRealMaxPotter|in the long run no it didnt?
|
|move|p2a: Lopunny|Fake Out|p1a: Landorus
|-damage|p1a: Landorus|0 fnt
|faint|p1a: Landorus
|
|
|switch|p1a: Metagross|Metagross, shiny|302\/302
|-damage|p1a: Metagross|284\/302|[from] Stealth Rock
|turn|12
|c|âTheRealMaxPotter|what was your 5 hp azumarill gonna do?
|
|switch|p2a: Rotom-Wash|Rotom-Wash|303\/303
|detailschange|p1a: Metagross|Metagross-Mega, shiny
|-mega|p1a: Metagross|Metagross|Metagrossite
|move|p1a: Metagross|Zen Headbutt|p2a: Rotom-Wash
|-damage|p2a: Rotom-Wash|156\/303
|
|-heal|p2a: Rotom-Wash|174\/303|[from] item: Leftovers
|turn|13
|c|âmuk the kid|>5 hp
|c|âmuk the kid|what????????????????????????????????????????????????????????????????????\/\/
|c|âmuk the kid|it wasnt at 5 hp
|c|âmuk the kid|it killed the lando
|c|âmuk the kid|it was at full?!??
|
|switch|p1a: Magnezone|Magnezone|343\/343
|-damage|p1a: Magnezone|322\/343|[from] Stealth Rock
|move|p2a: Rotom-Wash|Will-O-Wisp|p1a: Magnezone
|-status|p1a: Magnezone|brn
|
|-heal|p2a: Rotom-Wash|192\/303|[from] item: Leftovers
|-damage|p1a: Magnezone|280\/343 brn|[from] brn
|turn|14
|join|Its Shane Ni99a
|c|âTheRealMaxPotter|it was lower than 20% and aqua jet kills from 20%
|c|âTheRealMaxPotter|no no it didn't matter.
|join|Updated Kanto
|c|âTheRealMaxPotter|besides half my team walls it.
|c|âTheRealMaxPotter|kids like you blame one set of hacks for the whole match
|c|âmuk the kid|âTheRealMaxPotter: it was lower than 20% and aqua jet kills from 20%
|c|âmuk the kid|AJ KILLED
|c|âmuk the kid|WHERE DID 20% COME FROM
|c|âmuk the kid|it kills the lando
|c|âTheRealMaxPotter|do a banded aj agqainst your azu dumb ass
|join|Jefo
|c|âmuk the kid|oml you're bad!
|c|âTheRealMaxPotter|i would have revenge killed.
|c|âmuk the kid|âTheRealMaxPotter: do a banded aj agqainst your azu dumb ass
|c|âmuk the kid|WHAT??
|c|âmuk the kid|WHATTT
|c| Its Shane Ni99a|the real question is, whos winning
|c|âmuk the kid|WHATTTTTTTTTTTT
|c| Jefo|:^)
|c|âmuk the kid|you're retarded and dont know what your saying
|c|âmuk the kid|el bad kid
|c|âTheRealMaxPotter|i guess lol
|c| Its Shane Ni99a|whos winning
|c|âmuk the kid|its okay
|c| Its Shane Ni99a|whos winning
|c| Its Shane Ni99a|whos winning
|c|âTheRealMaxPotter|make a move muk
|
|move|p2a: Rotom-Wash|Hydro Pump|p1a: Magnezone|[miss]
|-miss|p2a: Rotom-Wash|p1a: Magnezone
|move|p1a: Magnezone|Flash Cannon|p2a: Rotom-Wash
|-resisted|p2a: Rotom-Wash
|-damage|p2a: Rotom-Wash|158\/303
|
|-heal|p2a: Rotom-Wash|176\/303|[from] item: Leftovers
|-damage|p1a: Magnezone|238\/343 brn|[from] brn
|turn|15
|c| Its Shane Ni99a|max whos winning
|c| Jefo|ay glameow
|c|âmuk the kid|yeah whos winning
|
|move|p2a: Rotom-Wash|Hydro Pump|p1a: Magnezone
|-damage|p1a: Magnezone|132\/343 brn
|move|p1a: Magnezone|Volt Switch|p2a: Rotom-Wash
|-damage|p2a: Rotom-Wash|49\/303
|c|âTheRealMaxPotter|me now bitch
|leave|Updated Kanto
|c|âmuk the kid|yeah ur good!
|c|âmuk the kid|80 gxe god
|c| Its Shane Ni99a|the person that is losing stfu
|
|switch|p1a: Metagross|Metagross-Mega, shiny|284\/302
|-damage|p1a: Metagross|266\/302|[from] Stealth Rock
|
|-heal|p2a: Rotom-Wash|67\/303|[from] item: Leftovers
|turn|16
|c|âmuk the kid|using av MAGNE
|c| Its Shane Ni99a|u have 84 gxe m8 so stfu
|
|move|p1a: Metagross|Zen Headbutt|p2a: Rotom-Wash
|-damage|p2a: Rotom-Wash|0 fnt
|faint|p2a: Rotom-Wash
|
|c|âmuk the kid|better than his garbage
|c|âTheRealMaxPotter|ty shane <3
|c|âTheRealMaxPotter|muk
|c|âTheRealMaxPotter|you lost to me 3 times last night
|c|âTheRealMaxPotter|lol
|c|âTheRealMaxPotter|your trash
|
|switch|p2a: Lopunny|Lopunny-Mega, F|55\/271
|turn|17
|c|âmuk the kid|73-38 - ur trash
|c|âmuk the kid|el good
|
|move|p2a: Lopunny|Fake Out|p1a: Metagross
|-resisted|p1a: Metagross
|-damage|p1a: Metagross|242\/302
|cant|p1a: Metagross|flinch
|
|turn|18
|c| Its Shane Ni99a|lmao i fuckin hate 12 year olds that talk instead of battle
|
|move|p2a: Lopunny|Healing Wish|p2a: Lopunny
|faint|p2a: Lopunny
|move|p1a: Metagross|Iron Head|p2: Lopunny|[notarget]
|-notarget
|
|c|âTheRealMaxPotter|double my wins and lossed and i have a better record lawl
|c|âmuk the kid|whos this moron^
|raw|<div class="broadcast-red"><b>Moderated chat was set to +!<\/b><br \/>Only users of rank + and higher can talk.<\/div>
|c|âTheRealMaxPotter|right?
|c|âTheRealMaxPotter|look he has to moderate the chat
|c|âTheRealMaxPotter|lol
|c|âmuk the kid|yeah you couldn't explain what you were trying to say earlier
|c|âmuk the kid|your bad!
|c|âmuk the kid|ml w\/l is obv better
|
|switch|p2a: Gengar|Gengar, F|6\/261 slp
|-heal|p2a: Gengar|261\/261|[from] move: Healing Wish
|turn|19
|
|switch|p1a: Magnezone|Magnezone|132\/343 brn
|-damage|p1a: Magnezone|111\/343 brn|[from] Stealth Rock
|move|p2a: Gengar|Shadow Ball|p1a: Magnezone
|-damage|p1a: Magnezone|0 fnt
|-damage|p2a: Gengar|235\/261|[from] item: Life Orb
|faint|p1a: Magnezone
|
|
|switch|p1a: Tyranitar|Tyranitar, M, shiny|341\/341
|-damage|p1a: Tyranitar|299\/341|[from] Stealth Rock
|-weather|Sandstorm
|turn|20
|c|âTheRealMaxPotter|\/\/roomvoice-
Jefo was promoted to Room Voice by muk the kid.
|c|âmuk the kid|cant even use simple commands
|c|âmuk the kid|god you're autistic AND bad at mons
|
|move|p2a: Gengar|Focus Blast|p1a: Tyranitar
|-supereffective|p1a: Tyranitar
|-damage|p1a: Tyranitar|0 fnt
|-damage|p2a: Gengar|209\/261|[from] item: Life Orb
|faint|p1a: Tyranitar
|
|-weather|Sandstorm|[upkeep]
|-damage|p2a: Gengar|193\/261|[from] sandstorm
|
|switch|p1a: Azumarill|Azumarill, M|403\/403
|-damage|p1a: Azumarill|353\/403|[from] Stealth Rock
|turn|21
Its Shane Ni99a was promoted to Room Voice by TheRealMaxPotter.
|c|âTheRealMaxPotter|lol
|c|+Its Shane Ni99a|ok nigga
|c|âmuk the kid|yeah nigg
|
|move|p1a: Azumarill|Aqua Jet|p2a: Gengar
|-damage|p2a: Gengar|9\/261
|move|p2a: Gengar|Sludge Wave|p1a: Azumarill
|-supereffective|p1a: Azumarill
|-damage|p1a: Azumarill|0 fnt
|-damage|p2a: Gengar|0 fnt|[from] item: Life Orb
|faint|p1a: Azumarill
|faint|p2a: Gengar
|
|-weather|Sandstorm|[upkeep]
|c|âmuk the kid|NIGGA!
|c|âmuk the kid|kek
|c|âmuk the kid|your an el joke
|c|+Jefo|scarf
|c|+Jefo|when
|c|+Jefo|please
|
|switch|p1a: Metagross|Metagross-Mega, shiny|242\/302
|switch|p2a: Diggersby|Diggersby, M|311\/311
|-damage|p1a: Metagross|224\/302|[from] Stealth Rock
|turn|22
|c|âmuk the kid|this kid barely won even after all of that hax
|c|âmuk the kid|epic
|c|+Jefo|o
|
|move|p1a: Metagross|Ice Punch|p2a: Diggersby
|-supereffective|p2a: Diggersby
|-damage|p2a: Diggersby|7\/311
|move|p2a: Diggersby|Earthquake|p1a: Metagross
|-supereffective|p1a: Metagross
|-damage|p1a: Metagross|0 fnt
|-damage|p2a: Diggersby|0 fnt|[from] item: Life Orb
|faint|p1a: Metagross
|faint|p2a: Diggersby
|
|win|muk the kid
|raw|Ladder updating...
|c|âmuk the kid|LOL
|c|âTheRealMaxPotter|lol "all that hax"
|raw|TheRealMaxPotter's rating: 1687 &rarr; <strong>1665<\/strong><br \/>(-22 for losing)
|raw|muk the kid's rating: 1651 &rarr; <strong>1673<\/strong><br \/>(+22 for winning)
|c|âmuk the kid|your bad
|leave|TheRealMaxPotter
|c|âmuk the kid|stop talking
|c|âmuk the kid|fucking moron
|player|p1