|join|muk the kid
|join|36 thats a kilo
|player|p1|muk the kid|170
|player|p2|36 thats a kilo|95
|gametype|singles
|gen|6
|tier|OU
|rated
|clearpoke
|poke|p1|Charizard, F
|poke|p1|Starmie
|poke|p1|Ferrothorn, M
|poke|p1|Clefable, M
|poke|p1|Tornadus-Therian, M
|poke|p1|Hippowdon, M
|poke|p2|Latias, F
|poke|p2|Landorus-Therian, M
|poke|p2|Heatran, M
|poke|p2|Chesnaught, F
|poke|p2|Rotom-Wash
|poke|p2|Clefable, F
|rule|Swagger Clause: Swagger is banned
|rule|Baton Pass Clause: Limit one PokÃ©mon knowing Baton Pass
|rule|Sleep Clause Mod: Limit one foe put to sleep
|rule|Species Clause: Limit one of each PokÃ©mon
|rule|OHKO Clause: OHKO moves are banned
|rule|Moody Clause: Moody is banned
|rule|Evasion Moves Clause: Evasion moves are banned
|rule|Endless Battle Clause: Forcing endless battles is banned
|rule|HP Percentage Mod: HP is shown in percentages
|teampreview
|
|start
|switch|p1a: Charizard|Charizard, F|359\/359
|switch|p2a: Cagnazzo|Heatran, M|386\/386
|turn|1
|
|detailschange|p1a: Charizard|Charizard-Mega-X, F
|-mega|p1a: Charizard|Charizard|Charizardite X
|move|p2a: Cagnazzo|Protect|p2a: Cagnazzo
|-singleturn|p2a: Cagnazzo|Protect
|move|p1a: Charizard|Earthquake|p2a: Cagnazzo
|-activate|p2a: Cagnazzo|Protect
|
|turn|2
|
|switch|p2a: Scarmiglione|Landorus-Therian, M|320\/320
|-ability|p2a: Scarmiglione|Intimidate|[of] p1a: Charizard
|-unboost|p1a: Charizard|atk|1
|move|p1a: Charizard|Flare Blitz|p2a: Scarmiglione
|-damage|p2a: Scarmiglione|161\/320
|-damage|p1a: Charizard|307\/359|[from] recoil|[of] p2a: Scarmiglione
|
|turn|3
|
|switch|p1a: Ferrothorn|Ferrothorn, M|352\/352
|move|p2a: Scarmiglione|U-turn|p1a: Ferrothorn
|-damage|p1a: Ferrothorn|294\/352
|-damage|p2a: Scarmiglione|121\/320|[from] ability: Iron Barbs|[of] p1a: Ferrothorn
|
|switch|p2a: Cagnazzo|Heatran, M|386\/386
|
|-heal|p1a: Ferrothorn|316\/352|[from] item: Leftovers
|turn|4
|
|switch|p1a: Starmie|Starmie|261\/261
|move|p2a: Cagnazzo|Toxic|p1a: Starmie
|-status|p1a: Starmie|tox
|
|-damage|p1a: Starmie|245\/261 tox|[from] psn
|turn|5
|join|Henry
|
|switch|p1a: Hippowdon|Hippowdon, M|420\/420
|-weather|Sandstorm
|switch|p2a: Kraken|Rotom-Wash|303\/303
|
|-weather|Sandstorm|[upkeep]
|-damage|p2a: Kraken|285\/303|[from] sandstorm
|-heal|p2a: Kraken|303\/303|[from] item: Leftovers
|turn|6
|
|switch|p1a: Clefable|Clefable, M|394\/394
|move|p2a: Kraken|Hydro Pump|p1a: Clefable|[miss]
|-miss|p2a: Kraken|p1a: Clefable
|
|-weather|Sandstorm|[upkeep]
|-damage|p2a: Kraken|285\/303|[from] sandstorm
|-heal|p2a: Kraken|303\/303|[from] item: Leftovers
|turn|7
|
|move|p2a: Kraken|Volt Switch|p1a: Clefable
|-damage|p1a: Clefable|309\/394
|join|y4
|
|switch|p2a: Cagnazzo|Heatran, M|386\/386
|move|p1a: Clefable|Soft-Boiled|p1a: Clefable
|-heal|p1a: Clefable|394\/394
|
|-weather|Sandstorm|[upkeep]
|turn|8
|
|switch|p1a: Starmie|Starmie|245\/261
|move|p2a: Cagnazzo|Stealth Rock|p1a: Starmie
|-sidestart|p1: muk the kid|move: Stealth Rock
|
|-weather|Sandstorm|[upkeep]
|-damage|p1a: Starmie|229\/261|[from] sandstorm
|-heal|p1a: Starmie|245\/261|[from] item: Leftovers
|turn|9
|
|switch|p2a: Kraken|Rotom-Wash|303\/303
|move|p1a: Starmie|Rapid Spin|p2a: Kraken
|-damage|p2a: Kraken|294\/303
|-sideend|p1: muk the kid|Stealth Rock|[from] move: Rapid Spin|[of] p1a: Starmie
|
|-weather|none
|-heal|p1a: Starmie|261\/261|[from] item: Leftovers
|-heal|p2a: Kraken|303\/303|[from] item: Leftovers
|turn|10
|
|move|p1a: Starmie|Reflect Type|p2a: Kraken
|-start|p1a: Starmie|typechange|[from] move: Reflect Type|[of] p2a: Kraken
|move|p2a: Kraken|Will-O-Wisp|p1a: Starmie
|-status|p1a: Starmie|brn
|
|-damage|p1a: Starmie|229\/261 brn|[from] brn
|turn|11
|
|move|p1a: Starmie|Scald|p2a: Kraken
|-resisted|p2a: Kraken
|-damage|p2a: Kraken|255\/303
|-status|p2a: Kraken|brn
|move|p2a: Kraken|Volt Switch|p1a: Starmie
|-damage|p1a: Starmie|126\/261 brn
|
|switch|p2a: Scarmiglione|Landorus-Therian, M|121\/320
|-ability|p2a: Scarmiglione|Intimidate|[of] p1a: Starmie
|-unboost|p1a: Starmie|atk|1
|
|-heal|p1a: Starmie|142\/261 brn|[from] item: Leftovers
|-damage|p1a: Starmie|110\/261 brn|[from] brn
|turn|12
|
|switch|p1a: Ferrothorn|Ferrothorn, M|316\/352
|move|p2a: Scarmiglione|U-turn|p1a: Ferrothorn
|-damage|p1a: Ferrothorn|260\/352
|-damage|p2a: Scarmiglione|81\/320|[from] ability: Iron Barbs|[of] p1a: Ferrothorn
|
|switch|p2a: Kraken|Rotom-Wash|255\/303 brn
|
|-heal|p2a: Kraken|273\/303 brn|[from] item: Leftovers
|-heal|p1a: Ferrothorn|282\/352|[from] item: Leftovers
|-damage|p2a: Kraken|236\/303 brn|[from] brn
|turn|13
|
|move|p1a: Ferrothorn|Protect|p1a: Ferrothorn
|-singleturn|p1a: Ferrothorn|Protect
|move|p2a: Kraken|Volt Switch|p1a: Ferrothorn
|-activate|p1a: Ferrothorn|Protect
|
|-heal|p2a: Kraken|254\/303 brn|[from] item: Leftovers
|-heal|p1a: Ferrothorn|304\/352|[from] item: Leftovers
|-damage|p2a: Kraken|217\/303 brn|[from] brn
|turn|14
|
|switch|p1a: Clefable|Clefable, M|394\/394
|move|p2a: Kraken|Will-O-Wisp|p1a: Clefable
|-status|p1a: Clefable|brn
|
|-heal|p2a: Kraken|235\/303 brn|[from] item: Leftovers
|-damage|p2a: Kraken|198\/303 brn|[from] brn
|turn|15
|
|switch|p1a: Hippowdon|Hippowdon, M|420\/420
|-weather|Sandstorm
|move|p2a: Kraken|Volt Switch|p1a: Hippowdon
|-immune|p1a: Hippowdon|[msg]
|
|-weather|Sandstorm|[upkeep]
|-damage|p2a: Kraken|180\/303 brn|[from] sandstorm
|-heal|p2a: Kraken|198\/303 brn|[from] item: Leftovers
|-damage|p2a: Kraken|161\/303 brn|[from] brn
|turn|16
|
|move|p2a: Kraken|Volt Switch|p1a: Hippowdon
|-immune|p1a: Hippowdon|[msg]
|move|p1a: Hippowdon|Stealth Rock|p2a: Kraken
|-sidestart|p2: 36 thats a kilo|move: Stealth Rock
|
|-weather|Sandstorm|[upkeep]
|-damage|p2a: Kraken|143\/303 brn|[from] sandstorm
|-heal|p2a: Kraken|161\/303 brn|[from] item: Leftovers
|-damage|p2a: Kraken|124\/303 brn|[from] brn
|turn|17
|
|move|p2a: Kraken|Pain Split|p1a: Hippowdon
|-sethp|p1a: Hippowdon|272\/420|p2a: Kraken|272\/303 brn|[from] move: Pain Split
|move|p1a: Hippowdon|Rock Slide|p2a: Kraken
|-damage|p2a: Kraken|225\/303 brn
|
|-weather|Sandstorm|[upkeep]
|-damage|p2a: Kraken|207\/303 brn|[from] sandstorm
|-heal|p2a: Kraken|225\/303 brn|[from] item: Leftovers
|-heal|p1a: Hippowdon|298\/420|[from] item: Leftovers
|-damage|p2a: Kraken|188\/303 brn|[from] brn
|turn|18
|
|switch|p1a: Clefable|Clefable, M|394\/394 brn
|move|p2a: Kraken|Volt Switch|p1a: Clefable
|-crit|p1a: Clefable
|-damage|p1a: Clefable|252\/394 brn
|
|switch|p2a: Cagnazzo|Heatran, M|386\/386
|-damage|p2a: Cagnazzo|338\/386|[from] Stealth Rock
|
|-weather|Sandstorm|[upkeep]
|-heal|p2a: Cagnazzo|362\/386|[from] item: Leftovers
|-heal|p1a: Clefable|276\/394 brn|[from] item: Leftovers
|turn|19
|
|switch|p1a: Starmie|Starmie|110\/261
|move|p2a: Cagnazzo|Stealth Rock|p1a: Starmie
|-sidestart|p1: muk the kid|move: Stealth Rock
|
|-weather|none
|-heal|p1a: Starmie|126\/261|[from] item: Leftovers
|-heal|p2a: Cagnazzo|386\/386|[from] item: Leftovers
|turn|20
|
|move|p1a: Starmie|Reflect Type|p2a: Cagnazzo
|-start|p1a: Starmie|typechange|[from] move: Reflect Type|[of] p2a: Cagnazzo
|move|p2a: Cagnazzo|Toxic|p1a: Starmie
|-fail|p1a: Starmie
|
|-heal|p1a: Starmie|142\/261|[from] item: Leftovers
|turn|21
|
|move|p1a: Starmie|Rapid Spin|p2a: Cagnazzo
|-resisted|p2a: Cagnazzo
|-damage|p2a: Cagnazzo|381\/386
|-sideend|p1: muk the kid|Stealth Rock|[from] move: Rapid Spin|[of] p1a: Starmie
|move|p2a: Cagnazzo|Lava Plume|p1a: Starmie
|-damage|p1a: Starmie|0 fnt
|faint|p1a: Starmie
|
|-heal|p2a: Cagnazzo|386\/386|[from] item: Leftovers
|
|switch|p1a: Charizard|Charizard-Mega-X, F|307\/359
|turn|22
|join|el hacker
|
|switch|p2a: Scarmiglione|Landorus-Therian, M|81\/320
|-damage|p2a: Scarmiglione|41\/320|[from] Stealth Rock
|-ability|p2a: Scarmiglione|Intimidate|[of] p1a: Charizard
|-unboost|p1a: Charizard|atk|1
|move|p1a: Charizard|Will-O-Wisp|p2a: Scarmiglione
|-status|p2a: Scarmiglione|brn
|
|-damage|p2a: Scarmiglione|1\/320 brn|[from] brn
|turn|23
|
|move|p2a: Scarmiglione|Earthquake|p1a: Charizard
|-supereffective|p1a: Charizard
|-damage|p1a: Charizard|131\/359
|move|p1a: Charizard|Roost|p1a: Charizard
|-heal|p1a: Charizard|311\/359
|
|-damage|p2a: Scarmiglione|0 fnt|[from] brn
|faint|p2a: Scarmiglione
|
|switch|p2a: Kraken|Rotom-Wash|188\/303 brn
|-damage|p2a: Kraken|151\/303 brn|[from] Stealth Rock
|turn|24
|
|switch|p1a: Clefable|Clefable, M|276\/394 brn
|move|p2a: Kraken|Pain Split|p1a: Clefable
|-sethp|p1a: Clefable|213\/394 brn|p2a: Kraken|213\/303 brn|[from] move: Pain Split
|
|-heal|p2a: Kraken|231\/303 brn|[from] item: Leftovers
|-heal|p1a: Clefable|237\/394 brn|[from] item: Leftovers
|-damage|p2a: Kraken|194\/303 brn|[from] brn
|turn|25
|
|move|p2a: Kraken|Volt Switch|p1a: Clefable
|-damage|p1a: Clefable|152\/394 brn
|
|switch|p2a: Cagnazzo|Heatran, M|386\/386
|-damage|p2a: Cagnazzo|338\/386|[from] Stealth Rock
|move|p1a: Clefable|Soft-Boiled|p1a: Clefable
|-heal|p1a: Clefable|349\/394 brn
|
|-heal|p2a: Cagnazzo|362\/386|[from] item: Leftovers
|-heal|p1a: Clefable|373\/394 brn|[from] item: Leftovers
|turn|26
|
|switch|p1a: Charizard|Charizard-Mega-X, F|311\/359
|move|p2a: Cagnazzo|Stealth Rock|p1a: Charizard
|-sidestart|p1: muk the kid|move: Stealth Rock
|
|-heal|p2a: Cagnazzo|386\/386|[from] item: Leftovers
|turn|27
|
|switch|p2a: Marilith|Latias, F|364\/364
|-damage|p2a: Marilith|319\/364|[from] Stealth Rock
|move|p1a: Charizard|Earthquake|p2a: Marilith
|-immune|p2a: Marilith|[msg]
|
|turn|28
|
|detailschange|p2a: Marilith|Latias-Mega, F
|-mega|p2a: Marilith|Latias|Latiasite
|move|p2a: Marilith|Substitute|p2a: Marilith
|-start|p2a: Marilith|Substitute
|-damage|p2a: Marilith|228\/364
|move|p1a: Charizard|Will-O-Wisp|p2a: Marilith
|
|turn|29
|
|switch|p1a: Clefable|Clefable, M|373\/394 brn
|move|p2a: Marilith|Recover|p2a: Marilith
|-heal|p2a: Marilith|364\/364
|
|-heal|p1a: Clefable|394\/394 brn|[from] item: Leftovers
|turn|30
|
|move|p2a: Marilith|Calm Mind|p2a: Marilith
|-boost|p2a: Marilith|spa|1
|-boost|p2a: Marilith|spd|1
|move|p1a: Clefable|Moonblast|p2a: Marilith
|-supereffective|p2a: Marilith
|-end|p2a: Marilith|Substitute
|
|turn|31
|c| y4|RELFECT
|c| y4|TYPE
|c| y4|WHEN
|
|move|p2a: Marilith|Calm Mind|p2a: Marilith
|-boost|p2a: Marilith|spa|1
|-boost|p2a: Marilith|spd|1
|move|p1a: Clefable|Calm Mind|p1a: Clefable
|-boost|p1a: Clefable|spa|1
|-boost|p1a: Clefable|spd|1
|
|turn|32
|
|move|p2a: Marilith|Calm Mind|p2a: Marilith
|-boost|p2a: Marilith|spa|1
|-boost|p2a: Marilith|spd|1
|move|p1a: Clefable|Calm Mind|p1a: Clefable
|-boost|p1a: Clefable|spa|1
|-boost|p1a: Clefable|spd|1
|
|turn|33
|c| el hacker|Gg kid
|
|move|p2a: Marilith|Calm Mind|p2a: Marilith
|-boost|p2a: Marilith|spa|1
|-boost|p2a: Marilith|spd|1
|move|p1a: Clefable|Calm Mind|p1a: Clefable
|-boost|p1a: Clefable|spa|1
|-boost|p1a: Clefable|spd|1
|
|turn|34
|
|move|p2a: Marilith|Calm Mind|p2a: Marilith
|-boost|p2a: Marilith|spa|1
|-boost|p2a: Marilith|spd|1
|move|p1a: Clefable|Moonblast|p2a: Marilith
|-supereffective|p2a: Marilith
|-damage|p2a: Marilith|250\/364
|
|turn|35
|c| el hacker|Kid hes unaware
|c| el hacker|ur bad
|
|move|p2a: Marilith|Calm Mind|p2a: Marilith
|-boost|p2a: Marilith|spa|1
|-boost|p2a: Marilith|spd|1
|move|p1a: Clefable|Moonblast|p2a: Marilith
|-supereffective|p2a: Marilith
|-damage|p2a: Marilith|160\/364
|
|turn|36
|
|move|p2a: Marilith|Recover|p2a: Marilith
|-heal|p2a: Marilith|342\/364
|move|p1a: Clefable|Moonblast|p2a: Marilith
|-supereffective|p2a: Marilith
|-damage|p2a: Marilith|244\/364
|
|turn|37
|
|move|p2a: Marilith|Stored Power|p1a: Clefable
|-damage|p1a: Clefable|0 fnt
|faint|p1a: Clefable
|
|-message|muk the kid forfeited.
|leave|muk the kid
|c| el hacker|AYY LMAO
|c|â36 thats a kilo|ye
|
|win|36 thats a kilo
|raw|Ladder updating...
|player|p1
|raw|muk the kid's rating: 1710 &rarr; <strong>1679<\/strong><br \/>(-31 for losing)
|raw|36 thats a kilo's rating: 1509 &rarr; <strong>1540<\/strong><br \/>(+31 for winning)
|leave|y4
|leave|el hacker