|join|Muk the kid
|join|pikachuwithswag
|player|p1|Muk the kid|256
|player|p2|pikachuwithswag|99
|gametype|singles
|gen|6
|tier|OU
|rated
|clearpoke
|poke|p1|Porygon2
|poke|p1|Dugtrio, F
|poke|p1|Altaria, F
|poke|p1|Suicune
|poke|p1|Zapdos
|poke|p1|Clefable, F
|poke|p2|Diggersby, F
|poke|p2|Raikou
|poke|p2|Azelf
|poke|p2|Bisharp, M
|poke|p2|Slowbro, M
|poke|p2|Landorus, M
|rule|Swagger Clause: Swagger is banned
|rule|Baton Pass Clause: Limit one PokÃ©mon knowing Baton Pass
|rule|Sleep Clause Mod: Limit one foe put to sleep
|rule|Species Clause: Limit one of each PokÃ©mon
|rule|OHKO Clause: OHKO moves are banned
|rule|Moody Clause: Moody is banned
|rule|Evasion Moves Clause: Evasion moves are banned
|rule|Endless Battle Clause: Forcing endless battles is banned
|rule|HP Percentage Mod: HP is shown in percentages
|teampreview
|join|CFTC DBZ SSJ3 V3
|join|topkektus
|c|âMuk the kid|NOOOOOOOOOOOOOBYYYYYY
|
|start
|switch|p1a: Altaria|Altaria, F|354\/354
|switch|p2a: Azelf|Azelf|291\/291
|turn|1
|c|âpikachuwithswag|Dick ass pussy
|c| topkektus|pussy ass dick
|join|Rock Throw
|c|âMuk the kid|SHUT UP BITCH
|
|detailschange|p1a: Altaria|Altaria-Mega, F
|-mega|p1a: Altaria|Altaria|Altarianite
|move|p2a: Azelf|Taunt|p1a: Altaria
|-start|p1a: Altaria|move: Taunt
|cant|p1a: Altaria|move: Taunt|Dragon Dance
|
|turn|2
|c|âMuk the kid|taunt azelf
|c|âMuk the kid|this kids stupid
|c| CFTC DBZ SSJ3 V3|KILL URSELF KID
|
|move|p2a: Azelf|Stealth Rock|p1a: Altaria
|-sidestart|p1: Muk the kid|move: Stealth Rock
|move|p1a: Altaria|Return|p2a: Azelf
|-damage|p2a: Azelf|39\/291
|
|turn|3
|c|âpikachuwithswag|And you can go fuck your self
|
|move|p2a: Azelf|Explosion|p1a: Altaria
|-damage|p1a: Altaria|146\/354
|faint|p2a: Azelf
|move|p1a: Altaria|Return|p2: Azelf|[notarget]
|-notarget
|
|-end|p1a: Altaria|move: Taunt
|
|switch|p2a: Diggersby|Diggersby, F|311\/311
|turn|4
|c|âMuk the kid|porygon2 says gg noob
|c| Rock Throw|âMuk the kid: this kids stupid
|
|move|p2a: Diggersby|Earthquake|p1a: Altaria
|-damage|p1a: Altaria|0 fnt
|-damage|p2a: Diggersby|280\/311|[from] item: Life Orb
|faint|p1a: Altaria
|
|c| Rock Throw|is that why he just blew you out
|c| Rock Throw|with el donks
|
|switch|p1a: Suicune|Suicune|404\/404
|-damage|p1a: Suicune|354\/404|[from] Stealth Rock
|-ability|p1a: Suicune|Pressure
|turn|5
|c|âMuk the kid|how did he donk me
|
|switch|p2a: Raikou|Raikou|321\/321
|-ability|p2a: Raikou|Pressure
|move|p1a: Suicune|Scald|p2a: Raikou
|-damage|p2a: Raikou|233\/321
|
|-heal|p2a: Raikou|253\/321|[from] item: Leftovers
|-heal|p1a: Suicune|379\/404|[from] item: Leftovers
|turn|6
|c|âMuk the kid|your ary
|
|move|p2a: Raikou|Shadow Ball|p1a: Suicune
|-damage|p1a: Suicune|296\/404
|-unboost|p1a: Suicune|spd|1
|move|p1a: Suicune|Scald|p2a: Raikou
|-damage|p2a: Raikou|160\/321
|
|-heal|p2a: Raikou|180\/321|[from] item: Leftovers
|-heal|p1a: Suicune|321\/404|[from] item: Leftovers
|turn|7
|c| Rock Throw|lefties what
|c| Rock Throw|he donked you
|
|switch|p1a: Dugtrio|Dugtrio, F|211\/211
|-damage|p1a: Dugtrio|198\/211|[from] Stealth Rock
|move|p2a: Raikou|Thunderbolt|p1a: Dugtrio
|-immune|p1a: Dugtrio|[msg]
|
|-heal|p2a: Raikou|200\/321|[from] item: Leftovers
|turn|8
|c| Rock Throw|what is turn 1 taunt
|c|âpikachuwithswag|u
|c| Rock Throw|then he effectively made your altaria useless
|c| Rock Throw|with el boom boom
|c| Rock Throw|it wasn't a bad play
|
|move|p1a: Dugtrio|Earthquake|p2a: Raikou
|-supereffective|p2a: Raikou
|-damage|p2a: Raikou|0 fnt
|faint|p2a: Raikou
|
|
|switch|p2a: Landorus|Landorus, M|319\/319
|turn|9
|
|move|p1a: Dugtrio|Memento|p2a: Landorus
|-unboost|p2a: Landorus|atk|2
|-unboost|p2a: Landorus|spa|2
|faint|p1a: Dugtrio
|move|p2a: Landorus|Earth Power|p1: Dugtrio|[notarget]
|-notarget
|
|
|switch|p1a: Suicune|Suicune|321\/404
|-damage|p1a: Suicune|271\/404|[from] Stealth Rock
|-ability|p1a: Suicune|Pressure
|turn|10
|
|switch|p2a: Slowbro|Slowbro, M|394\/394
|move|p1a: Suicune|Calm Mind|p1a: Suicune
|-boost|p1a: Suicune|spa|1
|-boost|p1a: Suicune|spd|1
|
|-heal|p1a: Suicune|296\/404|[from] item: Leftovers
|turn|11
|
|switch|p1a: Zapdos|Zapdos|362\/362
|-damage|p1a: Zapdos|272\/362|[from] Stealth Rock
|-ability|p1a: Zapdos|Pressure
|move|p2a: Slowbro|Psyshock|p1a: Zapdos
|-damage|p1a: Zapdos|161\/362
|
|-heal|p1a: Zapdos|183\/362|[from] item: Leftovers
|turn|12
|c| CFTC DBZ SSJ3 V3|CROCUNE COUNTERU
|join|Apathos
|
|switch|p2a: Bisharp|Bisharp, M|272\/272
|move|p1a: Zapdos|Heat Wave|p2a: Bisharp
|-supereffective|p2a: Bisharp
|-damage|p2a: Bisharp|0 fnt
|faint|p2a: Bisharp
|
|-heal|p1a: Zapdos|205\/362|[from] item: Leftovers
|c| CFTC DBZ SSJ3 V3|owned
|c| CFTC DBZ SSJ3 V3|...
|
|switch|p2a: Landorus|Landorus, M|319\/319
|turn|13
|c|âMuk the kid|P2 SAYS GG NOOB
|
|move|p2a: Landorus|Psychic|p1a: Zapdos
|-damage|p1a: Zapdos|23\/362
|move|p1a: Zapdos|Defog|p2a: Landorus
|-unboost|p2a: Landorus|evasion|1
|-sideend|p1: Muk the kid|Stealth Rock|[from] move: Defog|[of] p1a: Zapdos
|
|-heal|p1a: Zapdos|45\/362|[from] item: Leftovers
|turn|14
|c| CFTC DBZ SSJ3 V3|porygon2 owns u
|c| CFTC DBZ SSJ3 V3|its god
|c| CFTC DBZ SSJ3 V3|@
|c| CFTC DBZ SSJ3 V3|@'2
|c| CFTC DBZ SSJ3 V3|3'2
|c| CFTC DBZ SSJ3 V3|'3
|c| CFTC DBZ SSJ3 V3|2'3
|c| CFTC DBZ SSJ3 V3|2'3
|c| CFTC DBZ SSJ3 V3|23
|c| CFTC DBZ SSJ3 V3|'3
|c| CFTC DBZ SSJ3 V3|3
|leave|pikachuwithswag
|player|p2
|c| kektus the good|Shut Up Spammer You're Retarted
|leave|kektus the good
|c|âMuk the kid|HHAHAHAHAHAH RAGEQUITTING NOOB
|c|âMuk the kid|COULDNT HANDLE DEFEAT SO HE RAGEQUITS LIKE A COWARD
|c|âMuk the kid|A PATHETIC PITIFUL WORTHLESS HAX RELIANT SHITWEED
|c| CFTC DBZ SSJ3 V3|PITIFUL POND LIFE RAGEQUITTING SKILLESS PATHETIC SCRUB NOOB WITH NO SKILL WHATSOEVER
|c|âMuk the kid|NOOB
|-message|pikachuwithswag lost due to inactivity.
|
|win|Muk the kid
|raw|Ladder updating...
|c|âMuk the kid|P2>YOUR WHOLE TEAM
|raw|Muk the kid's rating: 1288 &rarr; <strong>1313<\/strong><br \/>(+25 for winning)
|raw|pikachuwithswag's rating: 1280 &rarr; <strong>1256<\/strong><br \/>(-24 for losing)
|leave|Rock Throw