|join|muk the kid
|join|Eosapien
|player|p1|muk the kid|265
|player|p2|Eosapien|2
|gametype|singles
|gen|6
|tier|OU
|rated
|clearpoke
|poke|p1|Lopunny, F
|poke|p1|Landorus, M
|poke|p1|Thundurus, M
|poke|p1|Tornadus-Therian, M
|poke|p1|Azelf
|poke|p1|Keldeo
|poke|p2|Tyranitar, M, shiny
|poke|p2|Garchomp, M, shiny
|poke|p2|Metagross, shiny
|poke|p2|Skarmory, M, shiny
|poke|p2|Porygon2, shiny
|poke|p2|Excadrill, M, shiny
|rule|Swagger Clause: Swagger is banned
|rule|Baton Pass Clause: Limit one PokÃ©mon knowing Baton Pass
|rule|Sleep Clause Mod: Limit one foe put to sleep
|rule|Species Clause: Limit one of each PokÃ©mon
|rule|OHKO Clause: OHKO moves are banned
|rule|Moody Clause: Moody is banned
|rule|Evasion Moves Clause: Evasion moves are banned
|rule|Endless Battle Clause: Forcing endless battles is banned
|rule|HP Percentage Mod: HP is shown in percentages
|teampreview
|join|Altilt
|join|y4
|
|start
|switch|p1a: Tornadus-Therian|Tornadus-Therian, M|299\/299
|switch|p2a: Tyranitar|Tyranitar, M, shiny|403\/403
|-weather|Sandstorm
|turn|1
|
|switch|p2a: Garchomp|Garchomp, M, shiny|420\/420
|move|p1a: Tornadus-Therian|Superpower|p2a: Garchomp
|-damage|p2a: Garchomp|315\/420
|-damage|p1a: Tornadus-Therian|262\/299|[from] ability: Rough Skin|[of] p2a: Garchomp
|-damage|p1a: Tornadus-Therian|213\/299|[from] item: Rocky Helmet|[of] p2a: Garchomp
|-unboost|p1a: Tornadus-Therian|atk|1
|-unboost|p1a: Tornadus-Therian|def|1
|-damage|p1a: Tornadus-Therian|184\/299|[from] item: Life Orb
|
|-weather|Sandstorm|[upkeep]
|-damage|p1a: Tornadus-Therian|166\/299|[from] sandstorm
|turn|2
|
|move|p1a: Tornadus-Therian|Hurricane|p2a: Garchomp
|-damage|p2a: Garchomp|42\/420
|-start|p2a: Garchomp|confusion
|-damage|p1a: Tornadus-Therian|137\/299|[from] item: Life Orb
|-activate|p2a: Garchomp|confusion
|move|p2a: Garchomp|Stealth Rock|p1a: Tornadus-Therian
|-sidestart|p1: muk the kid|move: Stealth Rock
|
|-weather|Sandstorm|[upkeep]
|-damage|p1a: Tornadus-Therian|119\/299|[from] sandstorm
|turn|3
|
|switch|p1a: Azelf|Azelf|291\/291
|-damage|p1a: Azelf|255\/291|[from] Stealth Rock
|switch|p2a: Skarmory|Skarmory, M, shiny|334\/334
|
|-weather|Sandstorm|[upkeep]
|-damage|p1a: Azelf|237\/291|[from] sandstorm
|turn|4
|
|switch|p2a: Tyranitar|Tyranitar, M, shiny|403\/403
|move|p1a: Azelf|Stealth Rock|p2a: Tyranitar
|-sidestart|p2: Eosapien|move: Stealth Rock
|
|-weather|Sandstorm|[upkeep]
|-damage|p1a: Azelf|219\/291|[from] sandstorm
|turn|5
|join|Apathos
|
|move|p2a: Tyranitar|Pursuit|p1a: Azelf|[from]Pursuit
|-supereffective|p1a: Azelf
|-damage|p1a: Azelf|0 fnt
|faint|p1a: Azelf
|
|-weather|Sandstorm|[upkeep]
|
|switch|p1a: Lopunny|Lopunny, F|271\/271
|-damage|p1a: Lopunny|238\/271|[from] Stealth Rock
|turn|6
|
|switch|p2a: Garchomp|Garchomp, M, shiny|42\/420
|-damage|p2a: Garchomp|16\/420|[from] Stealth Rock
|detailschange|p1a: Lopunny|Lopunny-Mega, F
|-mega|p1a: Lopunny|Lopunny|Lopunnite
|move|p1a: Lopunny|High Jump Kick|p2a: Garchomp
|-damage|p2a: Garchomp|0 fnt
|-damage|p1a: Lopunny|205\/271|[from] ability: Rough Skin|[of] p2a: Garchomp
|-damage|p1a: Lopunny|160\/271|[from] item: Rocky Helmet|[of] p2a: Garchomp
|faint|p2a: Garchomp
|
|-weather|Sandstorm|[upkeep]
|-damage|p1a: Lopunny|144\/271|[from] sandstorm
|
|switch|p2a: Excadrill|Excadrill, M, shiny|374\/374
|-damage|p2a: Excadrill|363\/374|[from] Stealth Rock
|turn|7
|
|switch|p1a: Tornadus-Therian|Tornadus-Therian, M|218\/299
|-damage|p1a: Tornadus-Therian|144\/299|[from] Stealth Rock
|move|p2a: Excadrill|Iron Head|p1a: Tornadus-Therian
|-damage|p1a: Tornadus-Therian|0 fnt
|-damage|p2a: Excadrill|326\/374|[from] item: Life Orb
|faint|p1a: Tornadus-Therian
|
|-weather|Sandstorm|[upkeep]
|
|switch|p1a: Keldeo|Keldeo|323\/323
|-damage|p1a: Keldeo|303\/323|[from] Stealth Rock
|turn|8
|
|switch|p2a: Porygon2|Porygon2, shiny|373\/373
|-damage|p2a: Porygon2|327\/373|[from] Stealth Rock
|-ability|p2a: Porygon2|Justified|[from] ability: Trace|[of] p1a: Keldeo
|move|p1a: Keldeo|Scald|p2a: Porygon2
|-damage|p2a: Porygon2|227\/373
|
|-weather|none
|turn|9
|c| Altilt|nice gren counter....
|
|switch|p1a: Lopunny|Lopunny-Mega, F|144\/271
|-damage|p1a: Lopunny|128\/271|[from] Stealth Rock
|move|p2a: Porygon2|Toxic|p1a: Lopunny
|-status|p1a: Lopunny|tox
|
|-damage|p1a: Lopunny|112\/271 tox|[from] psn
|turn|10
|
|switch|p2a: Skarmory|Skarmory, M, shiny|334\/334
|-damage|p2a: Skarmory|293\/334|[from] Stealth Rock
|move|p1a: Lopunny|High Jump Kick|p2a: Skarmory
|-damage|p2a: Skarmory|155\/334
|-damage|p1a: Lopunny|67\/271 tox|[from] item: Rocky Helmet|[of] p2a: Skarmory
|
|-damage|p1a: Lopunny|35\/271 tox|[from] psn
|turn|11
|join|zaeqweqeeeqee
|c| y4|HELM
|c| y4|ON
|c| y4|EVERYTHING
|
|move|p1a: Lopunny|High Jump Kick|p2a: Skarmory
|-damage|p2a: Skarmory|16\/334
|-damage|p1a: Lopunny|0 fnt|[from] item: Rocky Helmet|[of] p2a: Skarmory
|faint|p1a: Lopunny
|move|p2a: Skarmory|Roost|p2a: Skarmory
|-heal|p2a: Skarmory|183\/334
|
|
|switch|p1a: Landorus|Landorus, M|319\/319
|-damage|p1a: Landorus|280\/319|[from] Stealth Rock
|turn|12
|
|move|p1a: Landorus|Rock Polish|p1a: Landorus
|-boost|p1a: Landorus|spe|2
|move|p2a: Skarmory|Roost|p2a: Skarmory
|-heal|p2a: Skarmory|334\/334
|
|turn|13
|
|move|p1a: Landorus|Focus Blast|p2a: Skarmory
|-damage|p2a: Skarmory|8\/334
|move|p2a: Skarmory|Whirlwind|p1a: Landorus
|drag|p1a: Thundurus|Thundurus, M|299\/299
|-damage|p1a: Thundurus|225\/299|[from] Stealth Rock
|
|turn|14
|
|move|p1a: Thundurus|Hidden Power|p2a: Skarmory
|-damage|p2a: Skarmory|0 fnt
|-damage|p1a: Thundurus|196\/299|[from] item: Life Orb
|faint|p2a: Skarmory
|
|
|switch|p2a: Tyranitar|Tyranitar, M, shiny|403\/403
|-damage|p2a: Tyranitar|353\/403|[from] Stealth Rock
|-weather|Sandstorm
|turn|15
|
|move|p1a: Thundurus|Superpower|p2a: Tyranitar
|-supereffective|p2a: Tyranitar
|-damage|p2a: Tyranitar|0 fnt
|-unboost|p1a: Thundurus|atk|1
|-unboost|p1a: Thundurus|def|1
|-damage|p1a: Thundurus|167\/299|[from] item: Life Orb
|faint|p2a: Tyranitar
|
|-weather|Sandstorm|[upkeep]
|-damage|p1a: Thundurus|149\/299|[from] sandstorm
|
|switch|p2a: Excadrill|Excadrill, M, shiny|326\/374
|-damage|p2a: Excadrill|315\/374|[from] Stealth Rock
|turn|16
|
|move|p2a: Excadrill|Rock Slide|p1a: Thundurus
|-supereffective|p1a: Thundurus
|-damage|p1a: Thundurus|0 fnt
|-damage|p2a: Excadrill|278\/374|[from] item: Life Orb
|faint|p1a: Thundurus
|
|-weather|Sandstorm|[upkeep]
|join|Druides
|
|switch|p1a: Landorus|Landorus, M|280\/319
|-damage|p1a: Landorus|241\/319|[from] Stealth Rock
|turn|17
|
|move|p2a: Excadrill|Iron Head|p1a: Landorus
|-damage|p1a: Landorus|23\/319
|-damage|p2a: Excadrill|241\/374|[from] item: Life Orb
|move|p1a: Landorus|Rock Polish|p1a: Landorus
|-boost|p1a: Landorus|spe|2
|
|-weather|Sandstorm|[upkeep]
|turn|18
|
|move|p1a: Landorus|Earth Power|p2a: Excadrill
|-supereffective|p2a: Excadrill
|-damage|p2a: Excadrill|0 fnt
|faint|p2a: Excadrill
|
|-weather|Sandstorm|[upkeep]
|
|switch|p2a: Metagross|Metagross, shiny|301\/301
|-damage|p2a: Metagross|283\/301|[from] Stealth Rock
|turn|19
|
|detailschange|p2a: Metagross|Metagross-Mega, shiny
|-mega|p2a: Metagross|Metagross|Metagrossite
|move|p2a: Metagross|Bullet Punch|p1a: Landorus
|-damage|p1a: Landorus|0 fnt
|faint|p1a: Landorus
|
|-weather|Sandstorm|[upkeep]
|
|switch|p1a: Keldeo|Keldeo|303\/323
|-damage|p1a: Keldeo|283\/323|[from] Stealth Rock
|turn|20
|
|move|p1a: Keldeo|Hydro Pump|p2a: Metagross
|-damage|p2a: Metagross|120\/301
|move|p2a: Metagross|Zen Headbutt|p1a: Keldeo
|-supereffective|p1a: Keldeo
|-damage|p1a: Keldeo|0 fnt
|faint|p1a: Keldeo
|
|win|Eosapien
|raw|Ladder updating...
|raw|muk the kid's rating: 1659 &rarr; <strong>1626<\/strong><br \/>(-33 for losing)
|raw|Eosapien's rating: 1398 &rarr; <strong>1431<\/strong><br \/>(+33 for winning)