|join|wish killer
|join|Muk the kid
|player|p1|wish killer|68
|player|p2|Muk the kid|256
|gametype|singles
|gen|6
|tier|OU
|rated
|clearpoke
|poke|p1|Bisharp, F
|poke|p1|Venusaur, F
|poke|p1|Heatran, M
|poke|p1|Keldeo
|poke|p1|Chansey, F
|poke|p1|Skarmory, F
|poke|p2|Thundurus, M
|poke|p2|Metagross
|poke|p2|Azumarill, M
|poke|p2|Azelf
|poke|p2|Landorus, M
|poke|p2|Crawdaunt, M
|rule|Swagger Clause: Swagger is banned
|rule|Baton Pass Clause: Limit one PokÃ©mon knowing Baton Pass
|rule|Sleep Clause Mod: Limit one foe put to sleep
|rule|Species Clause: Limit one of each PokÃ©mon
|rule|OHKO Clause: OHKO moves are banned
|rule|Moody Clause: Moody is banned
|rule|Evasion Moves Clause: Evasion moves are banned
|rule|Endless Battle Clause: Forcing endless battles is banned
|rule|HP Percentage Mod: HP is shown in percentages
|teampreview
|join|Updated Kanto
|join|Reud
|join|Rock throw
|join|Druides
|join|flyingsweater
|
|start
|switch|p1a: Heatran|Heatran, M|340\/340
|switch|p2a: Thundurus|Thundurus, M|299\/299
|-item|p1a: Heatran|Air Balloon
|turn|1
|c| Reud|nice avatar
|join|i came from leddit
|c| Updated Kanto|isn't that ur hero muk the kid
|
|move|p2a: Thundurus|Superpower|p1a: Heatran
|-supereffective|p1a: Heatran
|-damage|p1a: Heatran|124\/340
|-enditem|p1a: Heatran|Air Balloon
|-unboost|p2a: Thundurus|atk|1
|-unboost|p2a: Thundurus|def|1
|-damage|p2a: Thundurus|270\/299|[from] item: Life Orb
|move|p1a: Heatran|Fire Blast|p2a: Thundurus
|-damage|p2a: Thundurus|59\/299
|
|turn|2
|c| i came from leddit|**go bloody!**
|leave|Reud
|
|switch|p1a: Chansey|Chansey, F|684\/684
|move|p2a: Thundurus|Thunderbolt|p1a: Chansey
|-damage|p1a: Chansey|574\/684
|-damage|p2a: Thundurus|30\/299|[from] item: Life Orb
|
|turn|3
|
|switch|p2a: Azelf|Azelf|291\/291
|move|p1a: Chansey|Soft-Boiled|p1a: Chansey
|-heal|p1a: Chansey|684\/684
|
|turn|4
|
|move|p2a: Azelf|Stealth Rock|p1a: Chansey
|-sidestart|p1: wish killer|move: Stealth Rock
|move|p1a: Chansey|Thunder Wave|p2a: Azelf
|-status|p2a: Azelf|par
|
|turn|5
|
|move|p1a: Chansey|Seismic Toss|p2a: Azelf
|-damage|p2a: Azelf|191\/291 par
|cant|p2a: Azelf|par
|
|turn|6
|
|switch|p1a: Heatran|Heatran, M|124\/340
|-damage|p1a: Heatran|82\/340|[from] Stealth Rock
|move|p2a: Azelf|Explosion|p1a: Heatran
|-resisted|p1a: Heatran
|-damage|p1a: Heatran|0 fnt
|faint|p2a: Azelf
|faint|p1a: Heatran
|
|c| i came from leddit|>no full para again
|c| i came from leddit|so lucky
|
|switch|p2a: Metagross|Metagross|301\/301
|switch|p1a: Venusaur|Venusaur, F|364\/364
|-damage|p1a: Venusaur|319\/364|[from] Stealth Rock
|turn|7
|
|switch|p2a: Landorus|Landorus, M|319\/319
|switch|p1a: Skarmory|Skarmory, F|334\/334
|-damage|p1a: Skarmory|293\/334|[from] Stealth Rock
|
|turn|8
|
|switch|p1a: Chansey|Chansey, F|684\/684
|-damage|p1a: Chansey|599\/684|[from] Stealth Rock
|move|p2a: Landorus|Focus Blast|p1a: Chansey
|-supereffective|p1a: Chansey
|-damage|p1a: Chansey|292\/684
|
|turn|9
|c| i came from leddit|>modest
|c| Updated Kanto|is something wrong?
|
|move|p2a: Landorus|Focus Blast|p1a: Chansey
|-supereffective|p1a: Chansey
|-damage|p1a: Chansey|3\/684
|move|p1a: Chansey|Seismic Toss|p2a: Landorus
|-damage|p2a: Landorus|219\/319
|
|turn|10
|c| i came from leddit|ez
|c|âMuk the kid|ah the good move
|
|move|p2a: Landorus|Earth Power|p1a: Chansey
|-damage|p1a: Chansey|0 fnt
|faint|p1a: Chansey
|
|
|switch|p1a: Keldeo|Keldeo|323\/323
|-damage|p1a: Keldeo|303\/323|[from] Stealth Rock
|turn|11
|
|switch|p2a: Crawdaunt|Crawdaunt, M|269\/269
|move|p1a: Keldeo|Scald|p2a: Crawdaunt
|-resisted|p2a: Crawdaunt
|-damage|p2a: Crawdaunt|160\/269
|
|-heal|p1a: Keldeo|323\/323|[from] item: Leftovers
|turn|12
|c| i came from leddit|amazing play!
|
|switch|p2a: Metagross|Metagross|301\/301
|move|p1a: Keldeo|Secret Sword|p2a: Metagross
|-damage|p2a: Metagross|186\/301
|
|turn|13
|c|âMuk the kid|thanks kid
|
|switch|p1a: Skarmory|Skarmory, F|293\/334
|-damage|p1a: Skarmory|252\/334|[from] Stealth Rock
|detailschange|p2a: Metagross|Metagross-Mega
|-mega|p2a: Metagross|Metagross|Metagrossite
|move|p2a: Metagross|Zen Headbutt|p1a: Skarmory
|-resisted|p1a: Skarmory
|-damage|p1a: Skarmory|191\/334
|-damage|p2a: Metagross|136\/301|[from] item: Rocky Helmet|[of] p1a: Skarmory
|
|turn|14
|
|switch|p2a: Landorus|Landorus, M|219\/319
|move|p1a: Skarmory|Spikes|p2a: Landorus
|-sidestart|p2: Muk the kid|Spikes
|
|turn|15
|
|move|p2a: Landorus|Focus Blast|p1a: Skarmory|[miss]
|-miss|p2a: Landorus|p1a: Skarmory
|move|p1a: Skarmory|Brave Bird|p2a: Landorus
|-damage|p2a: Landorus|90\/319
|-damage|p1a: Skarmory|148\/334|[from] recoil|[of] p2a: Landorus
|
|turn|16
|
|move|p2a: Landorus|Focus Blast|p1a: Skarmory|[miss]
|-miss|p2a: Landorus|p1a: Skarmory
|move|p1a: Skarmory|Brave Bird|p2a: Landorus
|-damage|p2a: Landorus|0 fnt
|-damage|p1a: Skarmory|118\/334|[from] recoil|[of] p2a: Landorus
|faint|p2a: Landorus
|
|leave|flyingsweater
|c| i came from leddit|:]
|
|switch|p2a: Thundurus|Thundurus, M|30\/299
|turn|17
|
|switch|p1a: Venusaur|Venusaur, F|319\/364
|-damage|p1a: Venusaur|274\/364|[from] Stealth Rock
|move|p2a: Thundurus|Thunderbolt|p1a: Venusaur
|-resisted|p1a: Venusaur
|-damage|p1a: Venusaur|165\/364
|-damage|p2a: Thundurus|1\/299|[from] item: Life Orb
|
|turn|18
|
|detailschange|p1a: Venusaur|Venusaur-Mega, F
|-mega|p1a: Venusaur|Venusaur|Venusaurite
|move|p2a: Thundurus|Thunder Wave|p1a: Venusaur
|-status|p1a: Venusaur|par
|move|p1a: Venusaur|Synthesis|p1a: Venusaur
|-heal|p1a: Venusaur|347\/364 par
|
|turn|19
|
|switch|p2a: Metagross|Metagross-Mega|136\/301
|-damage|p2a: Metagross|99\/301|[from] Spikes
|move|p1a: Venusaur|Synthesis|p1a: Venusaur
|-heal|p1a: Venusaur|364\/364 par
|
|turn|20
|
|switch|p1a: Skarmory|Skarmory, F|118\/334
|-damage|p1a: Skarmory|77\/334|[from] Stealth Rock
|move|p2a: Metagross|Zen Headbutt|p1a: Skarmory
|-resisted|p1a: Skarmory
|-damage|p1a: Skarmory|14\/334
|-damage|p2a: Metagross|49\/301|[from] item: Rocky Helmet|[of] p1a: Skarmory
|
|turn|21
|
|move|p2a: Metagross|Ice Punch|p1a: Skarmory
|-damage|p1a: Skarmory|0 fnt
|-damage|p2a: Metagross|0 fnt|[from] item: Rocky Helmet|[of] p1a: Skarmory
|faint|p2a: Metagross
|faint|p1a: Skarmory
|
|
|switch|p2a: Thundurus|Thundurus, M|1\/299
|switch|p1a: Keldeo|Keldeo|323\/323
|-damage|p1a: Keldeo|303\/323|[from] Stealth Rock
|turn|22
|
|switch|p2a: Crawdaunt|Crawdaunt, M|160\/269
|-damage|p2a: Crawdaunt|127\/269|[from] Spikes
|switch|p1a: Bisharp|Bisharp, F|334\/334
|-damage|p1a: Bisharp|314\/334|[from] Stealth Rock
|
|-heal|p1a: Bisharp|334\/334|[from] item: Leftovers
|turn|23
|
|switch|p1a: Keldeo|Keldeo|303\/323
|-damage|p1a: Keldeo|283\/323|[from] Stealth Rock
|move|p2a: Crawdaunt|Crabhammer|p1a: Keldeo
|-crit|p1a: Keldeo
|-resisted|p1a: Keldeo
|-damage|p1a: Keldeo|36\/323
|-damage|p2a: Crawdaunt|101\/269|[from] item: Life Orb
|
|-heal|p1a: Keldeo|56\/323|[from] item: Leftovers
|turn|24
|c| i came from leddit|...
|
|switch|p1a: Bisharp|Bisharp, F|334\/334
|-damage|p1a: Bisharp|314\/334|[from] Stealth Rock
|move|p2a: Crawdaunt|Aqua Jet|p1a: Bisharp
|-damage|p1a: Bisharp|197\/334
|-damage|p2a: Crawdaunt|75\/269|[from] item: Life Orb
|
|-heal|p1a: Bisharp|217\/334|[from] item: Leftovers
|turn|25
|c| i came from leddit|ok
|
|move|p1a: Bisharp|Sucker Punch|p2a: Crawdaunt
|-resisted|p2a: Crawdaunt
|-damage|p2a: Crawdaunt|0 fnt
|faint|p2a: Crawdaunt
|
|-heal|p1a: Bisharp|237\/334|[from] item: Leftovers
|
|switch|p2a: Azumarill|Azumarill, M|401\/401
|-damage|p2a: Azumarill|351\/401|[from] Spikes
|turn|26
|
|move|p1a: Bisharp|Iron Head|p2a: Azumarill
|-crit|p2a: Azumarill
|-damage|p2a: Azumarill|59\/401
|move|p2a: Azumarill|Play Rough|p1a: Bisharp
|-damage|p1a: Bisharp|50\/334
|
|-heal|p1a: Bisharp|70\/334|[from] item: Leftovers
|turn|27
|c| i came from leddit|gg!
|-message|Muk the kid forfeited.
|leave|Muk the kid
|
|win|wish killer
|raw|Ladder updating...
|player|p2
|leave|Updated Kanto
|raw|wish killer's rating: 1712 &rarr; <strong>1728<\/strong><br \/>(+16 for winning)
|raw|Muk the kid's rating: 1650 &rarr; <strong>1633<\/strong><br \/>(-17 for losing)