|join|Aragorn1398
|join|Muk the kid
|player|p1|Aragorn1398|52
|player|p2|Muk the kid|256
|gametype|singles
|gen|6
|tier|OU
|rated
|clearpoke
|poke|p1|Bisharp, M
|poke|p1|Gallade, M
|poke|p1|Clefable, F
|poke|p1|Landorus-Therian, M
|poke|p1|Latias, F
|poke|p1|Keldeo-Resolute
|poke|p2|Diggersby, F
|poke|p2|Rotom-Wash
|poke|p2|Lopunny, F
|poke|p2|Azumarill, M
|poke|p2|Heatran, F
|poke|p2|Gengar, M
|rule|Swagger Clause: Swagger is banned
|rule|Baton Pass Clause: Limit one PokÃ©mon knowing Baton Pass
|rule|Sleep Clause Mod: Limit one foe put to sleep
|rule|Species Clause: Limit one of each PokÃ©mon
|rule|OHKO Clause: OHKO moves are banned
|rule|Moody Clause: Moody is banned
|rule|Evasion Moves Clause: Evasion moves are banned
|rule|Endless Battle Clause: Forcing endless battles is banned
|rule|HP Percentage Mod: HP is shown in percentages
|teampreview
|join|Windy Attack
|join|Rock Throw
|
|start
|switch|p1a: Landorus-Therian|Landorus-Therian, M|369\/369
|switch|p2a: Lopunny|Lopunny, F|271\/271
|-ability|p1a: Landorus-Therian|Intimidate|[of] p2a: Lopunny
|-unboost|p2a: Lopunny|atk|1
|turn|1
|join|Apathos
|
|switch|p1a: Keldeo-Resolute|Keldeo-Resolute|323\/323
|detailschange|p2a: Lopunny|Lopunny-Mega, F
|-mega|p2a: Lopunny|Lopunny|Lopunnite
|move|p2a: Lopunny|Fake Out|p1a: Keldeo-Resolute
|-damage|p1a: Keldeo-Resolute|272\/323
|
|turn|2
|
|switch|p2a: Rotom-Wash|Rotom-Wash|303\/303
|move|p1a: Keldeo-Resolute|Scald|p2a: Rotom-Wash
|-resisted|p2a: Rotom-Wash
|-damage|p2a: Rotom-Wash|237\/303
|
|-heal|p2a: Rotom-Wash|255\/303|[from] item: Leftovers
|turn|3
|
|switch|p1a: Latias|Latias, F|301\/301
|move|p2a: Rotom-Wash|Volt Switch|p1a: Latias
|-resisted|p1a: Latias
|-damage|p1a: Latias|267\/301
|
|switch|p2a: Azumarill|Azumarill, M|401\/401
|
|turn|4
|join|Altilt
|
|move|p1a: Latias|Psyshock|p2a: Azumarill
|-damage|p2a: Azumarill|194\/401
|-damage|p1a: Latias|237\/301|[from] item: Life Orb
|move|p2a: Azumarill|Knock Off|p1a: Latias
|-supereffective|p1a: Latias
|-damage|p1a: Latias|0 fnt
|-enditem|p1a: Latias|Life Orb|[from] move: Knock Off|[of] p2a: Azumarill
|faint|p1a: Latias
|
|
|switch|p1a: Bisharp|Bisharp, M|271\/271
|turn|5
|
|switch|p2a: Heatran|Heatran, F|385\/385
|move|p1a: Bisharp|Iron Head|p2a: Heatran
|-resisted|p2a: Heatran
|-damage|p2a: Heatran|352\/385
|
|-heal|p2a: Heatran|376\/385|[from] item: Leftovers
|turn|6
|
|switch|p1a: Gallade|Gallade, M|277\/277
|move|p2a: Heatran|Stealth Rock|p1a: Gallade
|-sidestart|p1: Aragorn1398|move: Stealth Rock
|
|-heal|p2a: Heatran|385\/385|[from] item: Leftovers
|turn|7
|
|switch|p2a: Azumarill|Azumarill, M|194\/401
|detailschange|p1a: Gallade|Gallade-Mega, M
|-mega|p1a: Gallade|Gallade|Galladite
|move|p1a: Gallade|Knock Off|p2a: Azumarill
|-resisted|p2a: Azumarill
|-damage|p2a: Azumarill|114\/401
|-enditem|p2a: Azumarill|Choice Band|[from] move: Knock Off|[of] p1a: Gallade
|
|turn|8
|
|move|p2a: Azumarill|Aqua Jet|p1a: Gallade
|-damage|p1a: Gallade|190\/277
|move|p1a: Gallade|Close Combat|p2a: Azumarill
|-resisted|p2a: Azumarill
|-damage|p2a: Azumarill|0 fnt
|-unboost|p1a: Gallade|def|1
|-unboost|p1a: Gallade|spd|1
|faint|p2a: Azumarill
|
|
|switch|p2a: Lopunny|Lopunny-Mega, F|271\/271
|turn|9
|
|switch|p1a: Landorus-Therian|Landorus-Therian, M|369\/369
|-damage|p1a: Landorus-Therian|323\/369|[from] Stealth Rock
|-ability|p1a: Landorus-Therian|Intimidate|[of] p2a: Lopunny
|-unboost|p2a: Lopunny|atk|1
|move|p2a: Lopunny|Return|p1a: Landorus-Therian
|-damage|p1a: Landorus-Therian|217\/369
|
|-heal|p1a: Landorus-Therian|240\/369|[from] item: Leftovers
|turn|10
|
|switch|p2a: Diggersby|Diggersby, F|311\/311
|switch|p1a: Keldeo-Resolute|Keldeo-Resolute|272\/323
|-damage|p1a: Keldeo-Resolute|252\/323|[from] Stealth Rock
|
|turn|11
|
|switch|p2a: Rotom-Wash|Rotom-Wash|255\/303
|move|p1a: Keldeo-Resolute|Scald|p2a: Rotom-Wash
|-crit|p2a: Rotom-Wash
|-resisted|p2a: Rotom-Wash
|-damage|p2a: Rotom-Wash|162\/303
|
|-heal|p2a: Rotom-Wash|180\/303|[from] item: Leftovers
|turn|12
|
|switch|p1a: Clefable|Clefable, F|385\/385
|move|p2a: Rotom-Wash|Volt Switch|p1a: Clefable
|-damage|p1a: Clefable|303\/385
|
|switch|p2a: Diggersby|Diggersby, F|311\/311
|
|-heal|p1a: Clefable|327\/385|[from] item: Leftovers
|turn|13
|
|move|p2a: Diggersby|Return|p1a: Clefable
|-damage|p1a: Clefable|58\/385
|-damage|p2a: Diggersby|280\/311|[from] item: Life Orb
|move|p1a: Clefable|Moonblast|p2a: Diggersby
|-damage|p2a: Diggersby|136\/311
|
|-heal|p1a: Clefable|82\/385|[from] item: Leftovers
|turn|14
|
|move|p2a: Diggersby|Return|p1a: Clefable
|-damage|p1a: Clefable|0 fnt
|-damage|p2a: Diggersby|105\/311|[from] item: Life Orb
|faint|p1a: Clefable
|
|
|switch|p1a: Landorus-Therian|Landorus-Therian, M|240\/369
|-damage|p1a: Landorus-Therian|194\/369|[from] Stealth Rock
|-ability|p1a: Landorus-Therian|Intimidate|[of] p2a: Diggersby
|-unboost|p2a: Diggersby|atk|1
|turn|15
|
|move|p2a: Diggersby|Return|p1a: Landorus-Therian
|-damage|p1a: Landorus-Therian|54\/369
|-damage|p2a: Diggersby|74\/311|[from] item: Life Orb
|move|p1a: Landorus-Therian|Stealth Rock|p2a: Diggersby
|-sidestart|p2: Muk the kid|move: Stealth Rock
|
|-heal|p1a: Landorus-Therian|77\/369|[from] item: Leftovers
|turn|16
|
|move|p2a: Diggersby|Return|p1a: Landorus-Therian
|-damage|p1a: Landorus-Therian|0 fnt
|-damage|p2a: Diggersby|43\/311|[from] item: Life Orb
|faint|p1a: Landorus-Therian
|
|
|switch|p1a: Keldeo-Resolute|Keldeo-Resolute|252\/323
|-damage|p1a: Keldeo-Resolute|232\/323|[from] Stealth Rock
|turn|17
|
|move|p2a: Diggersby|Quick Attack|p1a: Keldeo-Resolute
|-damage|p1a: Keldeo-Resolute|149\/323
|-damage|p2a: Diggersby|12\/311|[from] item: Life Orb
|move|p1a: Keldeo-Resolute|Scald|p2a: Diggersby
|-supereffective|p2a: Diggersby
|-damage|p2a: Diggersby|0 fnt
|faint|p2a: Diggersby
|
|
|switch|p2a: Rotom-Wash|Rotom-Wash|180\/303
|-damage|p2a: Rotom-Wash|143\/303|[from] Stealth Rock
|turn|18
|
|switch|p1a: Bisharp|Bisharp, M|271\/271
|-damage|p1a: Bisharp|255\/271|[from] Stealth Rock
|move|p2a: Rotom-Wash|Volt Switch|p1a: Bisharp
|-damage|p1a: Bisharp|146\/271
|
|switch|p2a: Lopunny|Lopunny-Mega, F|271\/271
|-damage|p2a: Lopunny|255\/271|[from] Stealth Rock
|
|turn|19
|
|move|p1a: Bisharp|Sucker Punch|p2a: Lopunny
|-resisted|p2a: Lopunny
|-damage|p2a: Lopunny|179\/271
|move|p2a: Lopunny|High Jump Kick|p1a: Bisharp
|-supereffective|p1a: Bisharp
|-damage|p1a: Bisharp|0 fnt
|faint|p1a: Bisharp
|
|
|switch|p1a: Keldeo-Resolute|Keldeo-Resolute|149\/323
|-damage|p1a: Keldeo-Resolute|129\/323|[from] Stealth Rock
|turn|20
|
|switch|p2a: Heatran|Heatran, F|385\/385
|-damage|p2a: Heatran|337\/385|[from] Stealth Rock
|move|p1a: Keldeo-Resolute|Hydro Pump|p2a: Heatran|[miss]
|-miss|p1a: Keldeo-Resolute|p2a: Heatran
|
|-heal|p2a: Heatran|361\/385|[from] item: Leftovers
|turn|21
|
|switch|p1a: Gallade|Gallade-Mega, M|190\/277
|-damage|p1a: Gallade|173\/277|[from] Stealth Rock
|move|p2a: Heatran|Toxic|p1a: Gallade
|-status|p1a: Gallade|tox
|
|-heal|p2a: Heatran|385\/385|[from] item: Leftovers
|-damage|p1a: Gallade|156\/277 tox|[from] psn
|turn|22
|
|move|p1a: Gallade|Swords Dance|p1a: Gallade
|-boost|p1a: Gallade|atk|2
|move|p2a: Heatran|Lava Plume|p1a: Gallade
|-damage|p1a: Gallade|42\/277 tox
|
|-damage|p1a: Gallade|8\/277 tox|[from] psn
|turn|23
|
|move|p1a: Gallade|Knock Off|p2a: Heatran
|-damage|p2a: Heatran|107\/385
|-enditem|p2a: Heatran|Leftovers|[from] move: Knock Off|[of] p1a: Gallade
|move|p2a: Heatran|Lava Plume|p1a: Gallade
|-damage|p1a: Gallade|0 fnt
|faint|p1a: Gallade
|
|
|switch|p1a: Keldeo-Resolute|Keldeo-Resolute|129\/323
|-damage|p1a: Keldeo-Resolute|109\/323|[from] Stealth Rock
|turn|24
|
|move|p1a: Keldeo-Resolute|Hydro Pump|p2a: Heatran|[miss]
|-miss|p1a: Keldeo-Resolute|p2a: Heatran
|move|p2a: Heatran|Toxic|p1a: Keldeo-Resolute
|-status|p1a: Keldeo-Resolute|tox
|
|-damage|p1a: Keldeo-Resolute|89\/323 tox|[from] psn
|turn|25
|-message|Aragorn1398 forfeited.
|
|win|Muk the kid
|raw|Ladder updating...
|leave|Aragorn1398
|player|p1
|raw|Aragorn1398's rating: 1472 &rarr; <strong>1455<\/strong><br \/>(-17 for losing)
|raw|Muk the kid's rating: 1529 &rarr; <strong>1546<\/strong><br \/>(+17 for winning)