|join|JustTestingBruh
|join|Muk the kid
|player|p1|JustTestingBruh|2
|player|p2|Muk the kid|256
|gametype|singles
|gen|6
|tier|OU
|rated
|clearpoke
|poke|p1|Serperior, M, shiny
|poke|p1|Entei, shiny
|poke|p1|Sharpedo, F
|poke|p1|Nidoking, M
|poke|p1|Krookodile, M
|poke|p1|Mienshao, F
|poke|p2|Diggersby, F
|poke|p2|Rotom-Wash
|poke|p2|Lopunny, M
|poke|p2|Azumarill, F
|poke|p2|Heatran, M
|poke|p2|Gengar, M
|rule|Swagger Clause: Swagger is banned
|rule|Baton Pass Clause: Limit one PokÃ©mon knowing Baton Pass
|rule|Sleep Clause Mod: Limit one foe put to sleep
|rule|Species Clause: Limit one of each PokÃ©mon
|rule|OHKO Clause: OHKO moves are banned
|rule|Moody Clause: Moody is banned
|rule|Evasion Moves Clause: Evasion moves are banned
|rule|Endless Battle Clause: Forcing endless battles is banned
|rule|HP Percentage Mod: HP is shown in percentages
|teampreview
|join|CFTC DBZ SSJ3 V3
|join|Apathos
|join|Rock Throw
|join|inscribe
|c| Rock Throw|wow this team looks fucking
|c| Rock Throw|epic tbh
|c| Apathos|Nice UU team man.
|c| CFTC DBZ SSJ3 V3|did u click the wrong tier
|leave|inscribe
|join|hand relief
|c|âJustTestingBruh|i wanted to see how it did in ou
|c| Apathos|__badly__
|
|start
|switch|p1a: Bender|Serperior, M, shiny|291\/291
|switch|p2a: Lopunny|Lopunny, M|271\/271
|turn|1
|
|switch|p1a: Jake the Dog|Entei, shiny|371\/371
|-ability|p1a: Jake the Dog|Pressure
|detailschange|p2a: Lopunny|Lopunny-Mega, M
|-mega|p2a: Lopunny|Lopunny|Lopunnite
|move|p2a: Lopunny|Fake Out|p1a: Jake the Dog
|-damage|p1a: Jake the Dog|284\/371
|
|turn|2
|
|switch|p2a: Rotom-Wash|Rotom-Wash|303\/303
|switch|p1a: Chandler Bing|Nidoking, M|303\/303
|
|turn|3
|
|move|p1a: Chandler Bing|Sludge Wave|p2a: Rotom-Wash
|-damage|p2a: Rotom-Wash|108\/303
|move|p2a: Rotom-Wash|Hydro Pump|p1a: Chandler Bing
|-supereffective|p1a: Chandler Bing
|-damage|p1a: Chandler Bing|0 fnt
|faint|p1a: Chandler Bing
|
|-heal|p2a: Rotom-Wash|126\/303|[from] item: Leftovers
|c|âJustTestingBruh|probabl
|
|switch|p1a: Romo|Mienshao, F|271\/271
|turn|4
|
|move|p1a: Romo|Knock Off|p2a: Rotom-Wash
|-damage|p2a: Rotom-Wash|19\/303
|-enditem|p2a: Rotom-Wash|Leftovers|[from] move: Knock Off|[of] p1a: Romo
|-damage|p1a: Romo|244\/271|[from] item: Life Orb
|move|p2a: Rotom-Wash|Pain Split|p1a: Romo
|-sethp|p1a: Romo|131\/271|p2a: Rotom-Wash|131\/303|[from] move: Pain Split
|
|turn|5
|
|switch|p2a: Gengar|Gengar, M|261\/261
|move|p1a: Romo|High Jump Kick|p2a: Gengar
|-immune|p2a: Gengar|[msg]
|-damage|p1a: Romo|0 fnt|[from] highjumpkick
|faint|p1a: Romo
|
|
|switch|p1a: Mordecai|Sharpedo, F|281\/281
|turn|6
|
|move|p1a: Mordecai|Protect|p1a: Mordecai
|-singleturn|p1a: Mordecai|Protect
|move|p2a: Gengar|Substitute|p2a: Gengar
|-start|p2a: Gengar|Substitute
|-damage|p2a: Gengar|196\/261
|
|-boost|p1a: Mordecai|spe|1|[from] ability: Speed Boost
|turn|7
|
|detailschange|p1a: Mordecai|Sharpedo-Mega, F
|-mega|p1a: Mordecai|Sharpedo|Sharpedonite
|move|p1a: Mordecai|Crunch|p2a: Gengar
|-supereffective|p2a: Gengar
|-end|p2a: Gengar|Substitute
|move|p2a: Gengar|Sludge Wave|p1a: Mordecai
|-damage|p1a: Mordecai|0 fnt
|-damage|p2a: Gengar|170\/261|[from] item: Life Orb
|faint|p1a: Mordecai
|
|c| CFTC DBZ SSJ3 V3|called out
|
|switch|p1a: Heisenberg|Krookodile, M|331\/331
|turn|8
|c| Rock Throw|i wonder if this guy
|
|move|p1a: Heisenberg|Knock Off|p2a: Gengar
|-supereffective|p2a: Gengar
|-damage|p2a: Gengar|0 fnt
|-enditem|p2a: Gengar|Life Orb|[from] move: Knock Off|[of] p1a: Heisenberg
|faint|p2a: Gengar
|-boost|p1a: Heisenberg|atk|1|[from] ability: Moxie
|
|
|switch|p2a: Lopunny|Lopunny-Mega, M|271\/271
|turn|9
|c| Rock Throw|watched cartoon network
|
|move|p1a: Heisenberg|Knock Off|p2a: Lopunny
|-resisted|p2a: Lopunny
|-damage|p2a: Lopunny|193\/271
|move|p2a: Lopunny|High Jump Kick|p1a: Heisenberg
|-supereffective|p1a: Heisenberg
|-damage|p1a: Heisenberg|0 fnt
|faint|p1a: Heisenberg
|
|
|switch|p1a: Jake the Dog|Entei, shiny|284\/371
|-ability|p1a: Jake the Dog|Pressure
|turn|10
|c| CFTC DBZ SSJ3 V3|Where Did You Get That Idea Rock Throw
|
|switch|p2a: Heatran|Heatran, M|385\/385
|move|p1a: Jake the Dog|Sacred Fire|p2a: Heatran
|-start|p2a: Heatran|ability: Flash Fire
|
|turn|11
|
|move|p1a: Jake the Dog|Stone Edge|p2a: Heatran
|-damage|p2a: Heatran|228\/385
|-damage|p1a: Jake the Dog|247\/371|[from] item: Life Orb
|move|p2a: Heatran|Stealth Rock|p1a: Jake the Dog
|-sidestart|p1: JustTestingBruh|move: Stealth Rock
|
|-heal|p2a: Heatran|252\/385|[from] item: Leftovers
|turn|12
|
|switch|p2a: Rotom-Wash|Rotom-Wash|131\/303
|move|p1a: Jake the Dog|Stone Edge|p2a: Rotom-Wash
|-damage|p2a: Rotom-Wash|21\/303
|-damage|p1a: Jake the Dog|210\/371|[from] item: Life Orb
|
|turn|13
|
|move|p1a: Jake the Dog|Extreme Speed|p2a: Rotom-Wash
|-damage|p2a: Rotom-Wash|0 fnt
|-damage|p1a: Jake the Dog|173\/371|[from] item: Life Orb
|faint|p2a: Rotom-Wash
|
|
|switch|p2a: Lopunny|Lopunny-Mega, M|193\/271
|turn|14
|
|move|p2a: Lopunny|Fake Out|p1a: Jake the Dog
|-crit|p1a: Jake the Dog
|-damage|p1a: Jake the Dog|40\/371
|cant|p1a: Jake the Dog|flinch
|
|turn|15
|
|move|p1a: Jake the Dog|Extreme Speed|p2a: Lopunny
|-damage|p2a: Lopunny|70\/271
|-damage|p1a: Jake the Dog|3\/371|[from] item: Life Orb
|move|p2a: Lopunny|Return|p1a: Jake the Dog
|-damage|p1a: Jake the Dog|0 fnt
|faint|p1a: Jake the Dog
|
|
|switch|p1a: Bender|Serperior, M, shiny|291\/291
|-damage|p1a: Bender|255\/291|[from] Stealth Rock
|turn|16
|
|move|p2a: Lopunny|Return|p1a: Bender
|-damage|p1a: Bender|71\/291
|move|p1a: Bender|Leaf Storm|p2a: Lopunny
|-damage|p2a: Lopunny|0 fnt
|-boost|p1a: Bender|spa|2
|-damage|p1a: Bender|42\/291|[from] item: Life Orb
|faint|p2a: Lopunny
|
|
|switch|p2a: Heatran|Heatran, M|252\/385
|turn|17
|c| Apathos|>Scarf moxie knock off
|c| Rock Throw|apathos in uu
|c| Rock Throw|krook runs band
|c| Rock Throw|or el scarf
|c| Rock Throw|if krook got
|c| Rock Throw|sucker punch
|
|move|p1a: Bender|Dragon Pulse|p2a: Heatran
|-resisted|p2a: Heatran
|-damage|p2a: Heatran|194\/385
|-damage|p1a: Bender|13\/291|[from] item: Life Orb
|move|p2a: Heatran|Lava Plume|p1a: Bender
|-supereffective|p1a: Bender
|-damage|p1a: Bender|0 fnt
|faint|p1a: Bender
|
|win|Muk the kid
|raw|Ladder updating...
|raw|JustTestingBruh's rating: 1433 &rarr; <strong>1415<\/strong><br \/>(-18 for losing)
|raw|Muk the kid's rating: 1475 &rarr; <strong>1493<\/strong><br \/>(+18 for winning)
|c| Rock Throw|it would've been ou ez pz
|c| Rock Throw|in gen 5