|join|Muk the kid
|join|AdiratcuzNegat
|player|p1|Muk the kid|256
|player|p2|AdiratcuzNegat|246
|gametype|singles
|gen|6
|tier|OU
|rated
|clearpoke
|poke|p1|Diancie
|poke|p1|Azumarill, M
|poke|p1|Talonflame, M
|poke|p1|Ferrothorn, F
|poke|p1|Mew
|poke|p1|Latias, F
|poke|p2|Lopunny, F
|poke|p2|Raikou
|poke|p2|Gyarados, M
|poke|p2|Bisharp, F
|poke|p2|Victini
|poke|p2|Forretress, F
|rule|Swagger Clause: Swagger is banned
|rule|Baton Pass Clause: Limit one PokÃ©mon knowing Baton Pass
|rule|Sleep Clause Mod: Limit one foe put to sleep
|rule|Species Clause: Limit one of each PokÃ©mon
|rule|OHKO Clause: OHKO moves are banned
|rule|Moody Clause: Moody is banned
|rule|Evasion Moves Clause: Evasion moves are banned
|rule|Endless Battle Clause: Forcing endless battles is banned
|rule|HP Percentage Mod: HP is shown in percentages
|teampreview
|
|start
|switch|p1a: Diancie|Diancie|241\/241
|switch|p2a: Victini|Victini|341\/341
|turn|1
|
|detailschange|p1a: Diancie|Diancie-Mega
|-mega|p1a: Diancie|Diancie|Diancite
|move|p1a: Diancie|Protect|p1a: Diancie
|-singleturn|p1a: Diancie|Protect
|move|p2a: Victini|U-turn|p1a: Diancie
|-activate|p1a: Diancie|Protect
|
|turn|2
|join|Updated Kanto
|
|switch|p2a: Gyarados|Gyarados, M|335\/335
|-ability|p2a: Gyarados|Intimidate|[of] p1a: Diancie
|-unboost|p1a: Diancie|atk|1
|move|p1a: Diancie|Moonblast|p2a: Gyarados
|-damage|p2a: Gyarados|152\/335
|
|-heal|p2a: Gyarados|172\/335|[from] item: Leftovers
|turn|3
|
|switch|p2a: Bisharp|Bisharp, F|271\/271
|move|p1a: Diancie|Moonblast|p2a: Bisharp
|-damage|p2a: Bisharp|4\/271
|
|turn|4
|
|switch|p1a: Ferrothorn|Ferrothorn, F|352\/352
|move|p2a: Bisharp|Sucker Punch|p1a: Ferrothorn
|-fail|p1a: Ferrothorn
|
|turn|5
|
|move|p2a: Bisharp|Swords Dance|p2a: Bisharp
|-boost|p2a: Bisharp|atk|2
|move|p1a: Ferrothorn|Stealth Rock|p2a: Bisharp
|-sidestart|p2: AdiratcuzNegat|move: Stealth Rock
|
|turn|6
|
|move|p2a: Bisharp|Knock Off|p1a: Ferrothorn
|-damage|p1a: Ferrothorn|76\/352
|-damage|p2a: Bisharp|0 fnt|[from] ability: Iron Barbs|[of] p1a: Ferrothorn
|faint|p2a: Bisharp
|move|p1a: Ferrothorn|Gyro Ball|p2: Bisharp|[notarget]
|-notarget
|
|-heal|p1a: Ferrothorn|98\/352|[from] item: Leftovers
|join|Altilt
|
|switch|p2a: Lopunny|Lopunny, F|271\/271
|-damage|p2a: Lopunny|238\/271|[from] Stealth Rock
|turn|7
|
|detailschange|p2a: Lopunny|Lopunny-Mega, F
|-mega|p2a: Lopunny|Lopunny|Lopunnite
|move|p2a: Lopunny|Fake Out|p1a: Ferrothorn
|-resisted|p1a: Ferrothorn
|-damage|p1a: Ferrothorn|75\/352
|-damage|p2a: Lopunny|205\/271|[from] ability: Iron Barbs|[of] p1a: Ferrothorn
|cant|p1a: Ferrothorn|flinch
|
|-heal|p1a: Ferrothorn|97\/352|[from] item: Leftovers
|turn|8
|
|move|p1a: Ferrothorn|Protect|p1a: Ferrothorn
|-singleturn|p1a: Ferrothorn|Protect
|move|p2a: Lopunny|Return|p1a: Ferrothorn
|-activate|p1a: Ferrothorn|Protect
|
|-heal|p1a: Ferrothorn|119\/352|[from] item: Leftovers
|turn|9
|
|move|p1a: Ferrothorn|Protect|p1a: Ferrothorn
|-fail|p1a: Ferrothorn
|move|p2a: Lopunny|High Jump Kick|p1a: Ferrothorn
|-supereffective|p1a: Ferrothorn
|-damage|p1a: Ferrothorn|0 fnt
|-damage|p2a: Lopunny|172\/271|[from] ability: Iron Barbs|[of] p1a: Ferrothorn
|faint|p1a: Ferrothorn
|
|
|switch|p1a: Talonflame|Talonflame, M|297\/297
|turn|10
|
|switch|p2a: Forretress|Forretress, F|354\/354
|-damage|p2a: Forretress|310\/354|[from] Stealth Rock
|move|p1a: Talonflame|Brave Bird|p2a: Forretress
|-damage|p2a: Forretress|210\/354
|-damage|p1a: Talonflame|264\/297|[from] recoil|[of] p2a: Forretress
|
|-heal|p2a: Forretress|232\/354|[from] item: Leftovers
|turn|11
|join|TOTEMO
|
|move|p1a: Talonflame|Flare Blitz|p2a: Forretress
|-supereffective|p2a: Forretress
|-damage|p2a: Forretress|0 fnt
|-damage|p1a: Talonflame|187\/297|[from] recoil|[of] p2a: Forretress
|faint|p2a: Forretress
|
|
|switch|p2a: Raikou|Raikou|321\/321
|-damage|p2a: Raikou|281\/321|[from] Stealth Rock
|-ability|p2a: Raikou|Pressure
|turn|12
|
|switch|p1a: Mew|Mew|404\/404
|move|p2a: Raikou|Thunderbolt|p1a: Mew
|-damage|p1a: Mew|280\/404
|
|-heal|p1a: Mew|305\/404|[from] item: Leftovers
|turn|13
|
|move|p2a: Raikou|Volt Switch|p1a: Mew
|-damage|p1a: Mew|218\/404
|
|switch|p2a: Victini|Victini|341\/341
|-damage|p2a: Victini|256\/341|[from] Stealth Rock
|move|p1a: Mew|Knock Off|p2a: Victini
|-supereffective|p2a: Victini
|-damage|p2a: Victini|92\/341
|-enditem|p2a: Victini|Choice Scarf|[from] move: Knock Off|[of] p1a: Mew
|
|-heal|p1a: Mew|243\/404|[from] item: Leftovers
|turn|14
|
|switch|p1a: Diancie|Diancie-Mega|241\/241
|move|p2a: Victini|V-create|p1a: Diancie
|-resisted|p1a: Diancie
|-damage|p1a: Diancie|94\/241
|-unboost|p2a: Victini|def|1
|-unboost|p2a: Victini|spd|1
|-unboost|p2a: Victini|spe|1
|
|turn|15
|
|move|p1a: Diancie|Moonblast|p2a: Victini
|-resisted|p2a: Victini
|-damage|p2a: Victini|0 fnt
|faint|p2a: Victini
|
|
|switch|p2a: Raikou|Raikou|281\/321
|-damage|p2a: Raikou|241\/321|[from] Stealth Rock
|-ability|p2a: Raikou|Pressure
|turn|16
|
|switch|p1a: Latias|Latias, F|301\/301
|move|p2a: Raikou|Thunderbolt|p1a: Latias
|-resisted|p1a: Latias
|-damage|p1a: Latias|246\/301
|
|turn|17
|
|move|p2a: Raikou|Hidden Power|p1a: Latias
|-supereffective|p1a: Latias
|-damage|p1a: Latias|148\/301
|move|p1a: Latias|Psyshock|p2a: Raikou
|-damage|p2a: Raikou|49\/321
|-damage|p1a: Latias|118\/301|[from] item: Life Orb
|
|turn|18
|
|move|p2a: Raikou|Hidden Power|p1a: Latias
|-supereffective|p1a: Latias
|-damage|p1a: Latias|22\/301
|move|p1a: Latias|Roost|p1a: Latias
|-heal|p1a: Latias|173\/301
|
|turn|19
|
|move|p2a: Raikou|Thunderbolt|p1a: Latias
|-resisted|p1a: Latias
|-damage|p1a: Latias|114\/301
|move|p1a: Latias|Roost|p1a: Latias
|-heal|p1a: Latias|265\/301
|
|turn|20
|
|move|p2a: Raikou|Thunderbolt|p1a: Latias
|-crit|p1a: Latias
|-resisted|p1a: Latias
|-damage|p1a: Latias|172\/301
|move|p1a: Latias|Roost|p1a: Latias
|-heal|p1a: Latias|301\/301
|
|turn|21
|c|âAdiratcuzNegat|gg
|-message|AdiratcuzNegat forfeited.
|leave|AdiratcuzNegat
|
|win|Muk the kid
|raw|Ladder updating...
|player|p2
|raw|Muk the kid's rating: 1689 &rarr; <strong>1702<\/strong><br \/>(+13 for winning)
|raw|AdiratcuzNegat's rating: 1551 &rarr; <strong>1538<\/strong><br \/>(-13 for losing)
|leave|TOTEMO
|c|âMuk the kid|gg
|join|TOTEMO