|join|Muk the kid
|join|nyctest
|player|p1|Muk the kid|256
|player|p2|nyctest|92
|gametype|singles
|gen|6
|tier|OU
|rated
|clearpoke
|poke|p1|Thundurus, M
|poke|p1|Metagross
|poke|p1|Azumarill, M
|poke|p1|Azelf
|poke|p1|Landorus, M
|poke|p1|Crawdaunt, F
|poke|p2|Landorus-Therian, M
|poke|p2|Ferrothorn, M
|poke|p2|Latias, F, shiny
|poke|p2|Keldeo-Resolute
|poke|p2|Gothitelle, F, shiny
|poke|p2|Charizard, M, shiny
|rule|Swagger Clause: Swagger is banned
|rule|Baton Pass Clause: Limit one PokÃ©mon knowing Baton Pass
|rule|Sleep Clause Mod: Limit one foe put to sleep
|rule|Species Clause: Limit one of each PokÃ©mon
|rule|OHKO Clause: OHKO moves are banned
|rule|Moody Clause: Moody is banned
|rule|Evasion Moves Clause: Evasion moves are banned
|rule|Endless Battle Clause: Forcing endless battles is banned
|rule|HP Percentage Mod: HP is shown in percentages
|teampreview
|join|y4
|join|Reud
|join|hey225
|join|Altilt
|
|start
|switch|p1a: Metagross|Metagross|301\/301
|switch|p2a: Keldeo-Resolute|Keldeo-Resolute|323\/323
|turn|1
|join|Jaggi
|
|switch|p2a: Ferrothorn|Ferrothorn, M|352\/352
|detailschange|p1a: Metagross|Metagross-Mega
|-mega|p1a: Metagross|Metagross|Metagrossite
|move|p1a: Metagross|Hammer Arm|p2a: Ferrothorn
|-supereffective|p2a: Ferrothorn
|-damage|p2a: Ferrothorn|100\/352
|-damage|p1a: Metagross|264\/301|[from] ability: Iron Barbs|[of] p2a: Ferrothorn
|-unboost|p1a: Metagross|spe|1
|
|-heal|p2a: Ferrothorn|122\/352|[from] item: Leftovers
|turn|2
|
|move|p2a: Ferrothorn|Protect|p2a: Ferrothorn
|-singleturn|p2a: Ferrothorn|Protect
|move|p1a: Metagross|Hammer Arm|p2a: Ferrothorn
|-activate|p2a: Ferrothorn|Protect
|
|-heal|p2a: Ferrothorn|144\/352|[from] item: Leftovers
|turn|3
|c| Reud|muh lefties
|
|switch|p2a: Landorus-Therian|Landorus-Therian, M|381\/381
|-ability|p2a: Landorus-Therian|Intimidate|[of] p1a: Metagross
|-unboost|p1a: Metagross|atk|1
|move|p1a: Metagross|Ice Punch|p2a: Landorus-Therian
|-supereffective|p2a: Landorus-Therian
|-damage|p2a: Landorus-Therian|109\/381
|
|-heal|p2a: Landorus-Therian|132\/381|[from] item: Leftovers
|turn|4
|
|switch|p2a: Keldeo-Resolute|Keldeo-Resolute|323\/323
|move|p1a: Metagross|Ice Punch|p2a: Keldeo-Resolute
|-resisted|p2a: Keldeo-Resolute
|-damage|p2a: Keldeo-Resolute|273\/323
|
|turn|5
|c| Reud|hue
|
|move|p2a: Keldeo-Resolute|Scald|p1a: Metagross
|-damage|p1a: Metagross|140\/301
|move|p1a: Metagross|Zen Headbutt|p2a: Keldeo-Resolute
|-supereffective|p2a: Keldeo-Resolute
|-damage|p2a: Keldeo-Resolute|0 fnt
|faint|p2a: Keldeo-Resolute
|
|c| Reud|nice
|join|flyingsweater
|
|switch|p2a: Charizard|Charizard, M, shiny|319\/319
|turn|6
|
|switch|p1a: Azelf|Azelf|291\/291
|detailschange|p2a: Charizard|Charizard-Mega-X, M, shiny
|-mega|p2a: Charizard|Charizard|Charizardite X
|move|p2a: Charizard|Dragon Dance|p2a: Charizard
|-boost|p2a: Charizard|atk|1
|-boost|p2a: Charizard|spe|1
|
|turn|7
|
|move|p2a: Charizard|Dragon Claw|p1a: Azelf
|-enditem|p1a: Azelf|Focus Sash
|-damage|p1a: Azelf|1\/291
|move|p1a: Azelf|Explosion|p2a: Charizard
|-damage|p2a: Charizard|59\/319
|faint|p1a: Azelf
|
|
|switch|p1a: Crawdaunt|Crawdaunt, F|269\/269
|turn|8
|
|move|p1a: Crawdaunt|Aqua Jet|p2a: Charizard
|-damage|p2a: Charizard|0 fnt
|-damage|p1a: Crawdaunt|243\/269|[from] item: Life Orb
|faint|p2a: Charizard
|
|
|switch|p2a: Latias|Latias, F, shiny|319\/319
|turn|9
|
|switch|p1a: Azumarill|Azumarill, M|401\/401
|move|p2a: Latias|Draco Meteor|p1a: Azumarill
|-immune|p1a: Azumarill|[msg]
|
|turn|10
|
|move|p2a: Latias|Psyshock|p1a: Azumarill
|-damage|p1a: Azumarill|228\/401
|-damage|p2a: Latias|288\/319|[from] item: Life Orb
|move|p1a: Azumarill|Knock Off|p2a: Latias
|-supereffective|p2a: Latias
|-damage|p2a: Latias|0 fnt
|-enditem|p2a: Latias|Life Orb|[from] move: Knock Off|[of] p1a: Azumarill
|faint|p2a: Latias
|
|-message|nyctest forfeited.
|leave|nyctest
|
|win|Muk the kid
|raw|Ladder updating...
|player|p2
|raw|Muk the kid's rating: 1688 &rarr; <strong>1704<\/strong><br \/>(+16 for winning)
|raw|nyctest's rating: 1614 &rarr; <strong>1598<\/strong><br \/>(-16 for losing)
|leave|y4