|join|ilrey
|join|Morgan Threeman
|player|p1|ilrey|191
|player|p2|Morgan Threeman|10
|gametype|singles
|gen|6
|tier|UU
|rated
|rule|Sleep Clause Mod: Limit one foe put to sleep
|rule|Species Clause: Limit one of each PokÃ©mon
|rule|OHKO Clause: OHKO moves are banned
|rule|Moody Clause: Moody is banned
|rule|Evasion Moves Clause: Evasion moves are banned
|rule|Endless Battle Clause: Forcing endless battles is banned
|rule|HP Percentage Mod: HP is reported as percentages
|clearpoke
|poke|p1|Forretress, M
|poke|p1|Blastoise, M
|poke|p1|Toxicroak, F
|poke|p1|Blissey, F
|poke|p1|Rotom-Heat
|poke|p1|Mismagius, F
|poke|p2|Hippowdon, M
|poke|p2|Blastoise, F
|poke|p2|Florges, F
|poke|p2|Hydreigon, M
|poke|p2|Toxicroak, F
|poke|p2|Victini
|rule|Swagger Clause: Swagger is banned
|rule|Baton Pass Clause: Limit one PokÃ©mon knowing Baton Pass
|teampreview
|
|start
|switch|p1a: Blastoise|Blastoise, M|324\/324
|switch|p2a: Victini|Victini|341\/341
|turn|1
|
|detailschange|p1a: Blastoise|Blastoise-Mega, M
|message|Blastoise has Mega Evolved into Mega Blastoise!
|move|p2a: Victini|U-turn|p1a: Blastoise
|-damage|p1a: Blastoise|270\/324
|
|switch|p2a: Toxicroak|Toxicroak, F|307\/307
|move|p1a: Blastoise|Scald|p2a: Toxicroak
|-immune|p2a: Toxicroak|[msg]
|
|turn|2
|
|move|p2a: Toxicroak|Drain Punch|p1a: Blastoise
|-damage|p1a: Blastoise|137\/324
|-damage|p2a: Toxicroak|277\/307|[from] item: Life Orb
|move|p1a: Blastoise|Roar|p2a: Toxicroak
|drag|p2a: Victini|Victini|341\/341
|
|turn|3
|
|switch|p1a: Trollrestress|Forretress, M|354\/354
|move|p2a: Victini|Bolt Strike|p1a: Trollrestress
|-damage|p1a: Trollrestress|275\/354
|
|-heal|p1a: Trollrestress|297\/354|[from] item: Leftovers
|turn|4
|
|switch|p2a: Blastoise|Blastoise, F|362\/362
|switch|p1a: Blissey|Blissey, F|714\/714
|
|turn|5
|
|detailschange|p2a: Blastoise|Blastoise-Mega, F
|message|Blastoise has Mega Evolved into Mega Blastoise!
|move|p2a: Blastoise|Aura Sphere|p1a: Blissey
|-supereffective|p1a: Blissey
|-damage|p1a: Blissey|450\/714
|move|p1a: Blissey|Seismic Toss|p2a: Blastoise
|-damage|p2a: Blastoise|262\/362
|
|-heal|p1a: Blissey|494\/714|[from] item: Leftovers
|turn|6
|
|switch|p2a: Toxicroak|Toxicroak, F|277\/307
|move|p1a: Blissey|Wish|p1a: Blissey
|
|-heal|p1a: Blissey|538\/714|[from] item: Leftovers
|turn|7
|
|switch|p1a: Mismagius|Mismagius, F|282\/282
|move|p2a: Toxicroak|Gunk Shot|p1a: Mismagius|[miss]
|-miss|p2a: Toxicroak|p1a: Mismagius
|
|turn|8
|
|move|p2a: Toxicroak|Sucker Punch|p1a: Mismagius
|-supereffective|p1a: Mismagius
|-damage|p1a: Mismagius|0 fnt
|-damage|p2a: Toxicroak|247\/307|[from] item: Life Orb
|faint|p1a: Mismagius
|
|
|switch|p1a: Rotom-Heat|Rotom-Heat|241\/241
|turn|9
|
|switch|p2a: Hydreigon|Hydreigon, M|325\/325
|move|p1a: Rotom-Heat|Will-O-Wisp|p2a: Hydreigon
|-status|p2a: Hydreigon|brn
|
|-damage|p2a: Hydreigon|285\/325 brn|[from] brn
|turn|10
|
|switch|p1a: Blissey|Blissey, F|538\/714
|move|p2a: Hydreigon|U-turn|p1a: Blissey
|-damage|p1a: Blissey|472\/714
|-damage|p2a: Hydreigon|253\/325 brn|[from] item: Life Orb
|
|switch|p2a: Toxicroak|Toxicroak, F|247\/307
|
|-heal|p1a: Blissey|516\/714|[from] item: Leftovers
|turn|11
|
|switch|p1a: Trollrestress|Forretress, M|297\/354
|move|p2a: Toxicroak|Drain Punch|p1a: Trollrestress
|-damage|p1a: Trollrestress|190\/354
|-heal|p2a: Toxicroak|301\/307|[from] drain|[of] p1a: Trollrestress
|-damage|p2a: Toxicroak|271\/307|[from] item: Life Orb
|
|-heal|p1a: Trollrestress|212\/354|[from] item: Leftovers
|turn|12
|
|move|p2a: Toxicroak|Swords Dance|p2a: Toxicroak
|-boost|p2a: Toxicroak|atk|2
|move|p1a: Trollrestress|Stealth Rock|p2a: Toxicroak
|-sidestart|p2: Morgan Threeman|move: Stealth Rock
|
|-heal|p1a: Trollrestress|234\/354|[from] item: Leftovers
|turn|13
|
|move|p2a: Toxicroak|Drain Punch|p1a: Trollrestress
|-damage|p1a: Trollrestress|47\/354
|-heal|p2a: Toxicroak|307\/307|[from] drain|[of] p1a: Trollrestress
|-damage|p2a: Toxicroak|277\/307|[from] item: Life Orb
|move|p1a: Trollrestress|Explosion|p2a: Toxicroak
|-damage|p2a: Toxicroak|11\/307
|faint|p1a: Trollrestress
|
|
|switch|p1a: Rotom-Heat|Rotom-Heat|241\/241
|turn|14
|
|move|p1a: Rotom-Heat|Volt Switch|p2a: Toxicroak
|-damage|p2a: Toxicroak|0 fnt
|faint|p2a: Toxicroak
|
|switch|p1a: Blissey|Blissey, F|516\/714
|
|-heal|p1a: Blissey|560\/714|[from] item: Leftovers
|
|switch|p2a: Victini|Victini|341\/341
|-damage|p2a: Victini|256\/341|[from] Stealth Rock
|turn|15
|
|move|p1a: Blissey|Protect|p1a: Blissey
|-singleturn|p1a: Blissey|Protect
|move|p2a: Victini|V-create|p1a: Blissey
|-activate|p1a: Blissey|Protect
|
|-heal|p1a: Blissey|604\/714|[from] item: Leftovers
|turn|16
|
|switch|p2a: Hydreigon|Hydreigon, M|253\/325 brn
|-damage|p2a: Hydreigon|213\/325 brn|[from] Stealth Rock
|move|p1a: Blissey|Seismic Toss|p2a: Hydreigon
|-damage|p2a: Hydreigon|113\/325 brn
|
|-heal|p1a: Blissey|648\/714|[from] item: Leftovers
|-damage|p2a: Hydreigon|73\/325 brn|[from] brn
|turn|17
|
|move|p2a: Hydreigon|Draco Meteor|p1a: Blissey|[miss]
|-miss|p2a: Hydreigon|p1a: Blissey
|move|p1a: Blissey|Dazzling Gleam|p2a: Hydreigon
|-supereffective|p2a: Hydreigon
|-damage|p2a: Hydreigon|0 fnt
|faint|p2a: Hydreigon
|
|-heal|p1a: Blissey|692\/714|[from] item: Leftovers
|
|switch|p2a: Victini|Victini|256\/341
|-damage|p2a: Victini|171\/341|[from] Stealth Rock
|turn|18
|
|move|p2a: Victini|V-create|p1a: Blissey
|-damage|p1a: Blissey|227\/714
|-unboost|p2a: Victini|def|1
|-unboost|p2a: Victini|spd|1
|-unboost|p2a: Victini|spe|1
|move|p1a: Blissey|Seismic Toss|p2a: Victini
|-damage|p2a: Victini|71\/341
|
|-heal|p1a: Blissey|271\/714|[from] item: Leftovers
|turn|19
|
|move|p1a: Blissey|Protect|p1a: Blissey
|-singleturn|p1a: Blissey|Protect
|move|p2a: Victini|V-create|p1a: Blissey
|-activate|p1a: Blissey|Protect
|
|-heal|p1a: Blissey|315\/714|[from] item: Leftovers
|turn|20
|
|switch|p1a: Rotom-Heat|Rotom-Heat|241\/241
|move|p2a: Victini|V-create|p1a: Rotom-Heat
|-resisted|p1a: Rotom-Heat
|-damage|p1a: Rotom-Heat|105\/241
|-unboost|p2a: Victini|def|1
|-unboost|p2a: Victini|spd|1
|-unboost|p2a: Victini|spe|1
|
|turn|21
|
|move|p1a: Rotom-Heat|Volt Switch|p2a: Victini
|-crit|p2a: Victini
|-damage|p2a: Victini|0 fnt
|faint|p2a: Victini
|
|switch|p1a: Toxicroak|Toxicroak, F|370\/370
|
|
|switch|p2a: Hippowdon|Hippowdon, M|420\/420
|-damage|p2a: Hippowdon|394\/420|[from] Stealth Rock
|-weather|Sandstorm
|turn|22
|
|switch|p1a: Rotom-Heat|Rotom-Heat|105\/241
|move|p2a: Hippowdon|Stealth Rock|p1a: Rotom-Heat
|-sidestart|p1: ilrey|move: Stealth Rock
|
|-weather|Sandstorm|[upkeep]
|-damage|p1a: Rotom-Heat|90\/241|[from] sandstorm
|-heal|p2a: Hippowdon|420\/420|[from] item: Leftovers
|turn|23
|
|switch|p2a: Florges|Florges, F|360\/360
|-damage|p2a: Florges|315\/360|[from] Stealth Rock
|move|p1a: Rotom-Heat|Pain Split|p2a: Florges
|-sethp|p2a: Florges|202\/360|p1a: Rotom-Heat|202\/241|[from] move: Pain Split
|
|-weather|Sandstorm|[upkeep]
|-damage|p1a: Rotom-Heat|187\/241|[from] sandstorm
|-damage|p2a: Florges|180\/360|[from] sandstorm
|-heal|p2a: Florges|202\/360|[from] item: Leftovers
|turn|24
|
|switch|p1a: Blissey|Blissey, F|315\/714
|-damage|p1a: Blissey|226\/714|[from] Stealth Rock
|move|p2a: Florges|Wish|p2a: Florges
|
|-weather|Sandstorm|[upkeep]
|-damage|p2a: Florges|180\/360|[from] sandstorm
|-damage|p1a: Blissey|182\/714|[from] sandstorm
|-heal|p2a: Florges|202\/360|[from] item: Leftovers
|-heal|p1a: Blissey|226\/714|[from] item: Leftovers
|turn|25
|
|move|p2a: Florges|Moonblast|p1a: Blissey
|-damage|p1a: Blissey|139\/714
|-unboost|p1a: Blissey|spa|1
|move|p1a: Blissey|Wish|p1a: Blissey
|
|-weather|Sandstorm|[upkeep]
|-damage|p2a: Florges|180\/360|[from] sandstorm
|-damage|p1a: Blissey|95\/714|[from] sandstorm
|-heal|p2a: Florges|360\/360|[from] move: Wish|[wisher] Florges
|-heal|p1a: Blissey|139\/714|[from] item: Leftovers
|turn|26
|
|switch|p2a: Hippowdon|Hippowdon, M|420\/420
|-damage|p2a: Hippowdon|394\/420|[from] Stealth Rock
|move|p1a: Blissey|Protect|p1a: Blissey
|-fail|p1a: Blissey
|
|-weather|none
|-heal|p1a: Blissey|496\/714|[from] move: Wish|[wisher] Blissey
|-heal|p1a: Blissey|540\/714|[from] item: Leftovers
|-heal|p2a: Hippowdon|420\/420|[from] item: Leftovers
|turn|27
|
|move|p1a: Blissey|Wish|p1a: Blissey
|move|p2a: Hippowdon|Toxic|p1a: Blissey
|-status|p1a: Blissey|tox
|
|-heal|p1a: Blissey|584\/714 tox|[from] item: Leftovers
|-damage|p1a: Blissey|540\/714 tox|[from] psn
|turn|28
|
|switch|p1a: Blastoise|Blastoise-Mega, M|137\/324
|-damage|p1a: Blastoise|97\/324|[from] Stealth Rock
|move|p2a: Hippowdon|Earthquake|p1a: Blastoise
|-damage|p1a: Blastoise|0 fnt
|faint|p1a: Blastoise
|
|
|switch|p1a: Rotom-Heat|Rotom-Heat|187\/241
|-damage|p1a: Rotom-Heat|127\/241|[from] Stealth Rock
|turn|29
|
|move|p1a: Rotom-Heat|Pain Split|p2a: Hippowdon
|-sethp|p2a: Hippowdon|273\/420|p1a: Rotom-Heat|241\/241|[from] move: Pain Split
|move|p2a: Hippowdon|Toxic|p1a: Rotom-Heat
|-status|p1a: Rotom-Heat|tox
|
|-heal|p2a: Hippowdon|299\/420|[from] item: Leftovers
|-damage|p1a: Rotom-Heat|226\/241 tox|[from] psn
|turn|30
|
|switch|p1a: Blissey|Blissey, F|540\/714
|-damage|p1a: Blissey|451\/714|[from] Stealth Rock
|switch|p2a: Florges|Florges, F|360\/360
|-damage|p2a: Florges|315\/360|[from] Stealth Rock
|
|-heal|p2a: Florges|337\/360|[from] item: Leftovers
|-heal|p1a: Blissey|495\/714|[from] item: Leftovers
|turn|31
|
|switch|p2a: Blastoise|Blastoise-Mega, F|262\/362
|-damage|p2a: Blastoise|217\/362|[from] Stealth Rock
|move|p1a: Blissey|Seismic Toss|p2a: Blastoise
|-damage|p2a: Blastoise|117\/362
|
|-heal|p1a: Blissey|539\/714|[from] item: Leftovers
|turn|32
|
|move|p2a: Blastoise|Aura Sphere|p1a: Blissey
|-supereffective|p1a: Blissey
|-damage|p1a: Blissey|301\/714
|move|p1a: Blissey|Seismic Toss|p2a: Blastoise
|-damage|p2a: Blastoise|17\/362
|
|-heal|p1a: Blissey|345\/714|[from] item: Leftovers
|turn|33
|
|move|p1a: Blissey|Protect|p1a: Blissey
|-singleturn|p1a: Blissey|Protect
|move|p2a: Blastoise|Aura Sphere|p1a: Blissey
|-activate|p1a: Blissey|Protect
|
|-heal|p1a: Blissey|389\/714|[from] item: Leftovers
|turn|34
|
|move|p2a: Blastoise|Aura Sphere|p1a: Blissey
|-supereffective|p1a: Blissey
|-damage|p1a: Blissey|135\/714
|move|p1a: Blissey|Seismic Toss|p2a: Blastoise
|-damage|p2a: Blastoise|0 fnt
|faint|p2a: Blastoise
|
|-heal|p1a: Blissey|179\/714|[from] item: Leftovers
|
|switch|p2a: Hippowdon|Hippowdon, M|299\/420
|-damage|p2a: Hippowdon|273\/420|[from] Stealth Rock
|-weather|Sandstorm
|turn|35
|
|move|p1a: Blissey|Protect|p1a: Blissey
|-singleturn|p1a: Blissey|Protect
|move|p2a: Hippowdon|Earthquake|p1a: Blissey
|-activate|p1a: Blissey|Protect
|
|-weather|Sandstorm|[upkeep]
|-damage|p1a: Blissey|135\/714|[from] sandstorm
|-heal|p1a: Blissey|179\/714|[from] item: Leftovers
|-heal|p2a: Hippowdon|299\/420|[from] item: Leftovers
|turn|36
|
|switch|p1a: Rotom-Heat|Rotom-Heat|226\/241 tox
|-damage|p1a: Rotom-Heat|166\/241 tox|[from] Stealth Rock
|move|p2a: Hippowdon|Earthquake|p1a: Rotom-Heat
|-immune|p1a: Rotom-Heat|[msg]
|
|-weather|Sandstorm|[upkeep]
|-damage|p1a: Rotom-Heat|151\/241 tox|[from] sandstorm
|-heal|p2a: Hippowdon|325\/420|[from] item: Leftovers
|-damage|p1a: Rotom-Heat|136\/241 tox|[from] psn
|turn|37
|
|switch|p2a: Florges|Florges, F|337\/360
|-damage|p2a: Florges|292\/360|[from] Stealth Rock
|move|p1a: Rotom-Heat|Pain Split|p2a: Florges
|-sethp|p2a: Florges|214\/360|p1a: Rotom-Heat|214\/241 tox|[from] move: Pain Split
|
|-weather|Sandstorm|[upkeep]
|-damage|p1a: Rotom-Heat|199\/241 tox|[from] sandstorm
|-damage|p2a: Florges|192\/360|[from] sandstorm
|-heal|p2a: Florges|214\/360|[from] item: Leftovers
|-damage|p1a: Rotom-Heat|169\/241 tox|[from] psn
|turn|38
|
|switch|p1a: Toxicroak|Toxicroak, F|370\/370
|-damage|p1a: Toxicroak|347\/370|[from] Stealth Rock
|move|p2a: Florges|Moonblast|p1a: Toxicroak
|-damage|p1a: Toxicroak|178\/370
|
|-weather|Sandstorm|[upkeep]
|-damage|p1a: Toxicroak|155\/370|[from] sandstorm
|-damage|p2a: Florges|192\/360|[from] sandstorm
|-heal|p1a: Toxicroak|178\/370|[from] item: Black Sludge
|-heal|p2a: Florges|214\/360|[from] item: Leftovers
|turn|39
|
|switch|p2a: Hippowdon|Hippowdon, M|325\/420
|-damage|p2a: Hippowdon|299\/420|[from] Stealth Rock
|move|p1a: Toxicroak|Knock Off|p2a: Hippowdon
|-damage|p2a: Hippowdon|231\/420
|-enditem|p2a: Hippowdon|Leftovers|[from] move: Knock Off|[of] p1a: Toxicroak
|
|-weather|none
|-heal|p1a: Toxicroak|201\/370|[from] item: Black Sludge
|turn|40
|
|switch|p1a: Rotom-Heat|Rotom-Heat|169\/241 tox
|-damage|p1a: Rotom-Heat|109\/241 tox|[from] Stealth Rock
|move|p2a: Hippowdon|Earthquake|p1a: Rotom-Heat
|-immune|p1a: Rotom-Heat|[msg]
|
|-damage|p1a: Rotom-Heat|94\/241 tox|[from] psn
|turn|41
|
|move|p1a: Rotom-Heat|Pain Split|p2a: Hippowdon
|-sethp|p2a: Hippowdon|162\/420|p1a: Rotom-Heat|162\/241 tox|[from] move: Pain Split
|move|p2a: Hippowdon|Slack Off|p2a: Hippowdon
|-heal|p2a: Hippowdon|372\/420
|
|-damage|p1a: Rotom-Heat|132\/241 tox|[from] psn
|turn|42
|
|switch|p2a: Florges|Florges, F|214\/360
|-damage|p2a: Florges|169\/360|[from] Stealth Rock
|move|p1a: Rotom-Heat|Pain Split|p2a: Florges
|-sethp|p2a: Florges|150\/360|p1a: Rotom-Heat|150\/241 tox|[from] move: Pain Split
|
|-heal|p2a: Florges|172\/360|[from] item: Leftovers
|-damage|p1a: Rotom-Heat|105\/241 tox|[from] psn
|turn|43
|
|move|p1a: Rotom-Heat|Pain Split|p2a: Florges
|-sethp|p2a: Florges|138\/360|p1a: Rotom-Heat|138\/241 tox|[from] move: Pain Split
|move|p2a: Florges|Wish|p2a: Florges
|
|-heal|p2a: Florges|160\/360|[from] item: Leftovers
|-damage|p1a: Rotom-Heat|78\/241 tox|[from] psn
|turn|44
|
|move|p1a: Rotom-Heat|Pain Split|p2a: Florges
|-sethp|p2a: Florges|119\/360|p1a: Rotom-Heat|119\/241 tox|[from] move: Pain Split
|move|p2a: Florges|Moonblast|p1a: Rotom-Heat
|-resisted|p1a: Rotom-Heat
|-damage|p1a: Rotom-Heat|60\/241 tox
|-unboost|p1a: Rotom-Heat|spa|1
|
|-heal|p2a: Florges|299\/360|[from] move: Wish|[wisher] Florges
|-heal|p2a: Florges|321\/360|[from] item: Leftovers
|-damage|p1a: Rotom-Heat|0 fnt|[from] psn
|faint|p1a: Rotom-Heat
|
|switch|p1a: Blissey|Blissey, F|179\/714
|-damage|p1a: Blissey|90\/714|[from] Stealth Rock
|turn|45
|chat|ilrey|gg
|
|move|p2a: Florges|Moonblast|p1a: Blissey
|-damage|p1a: Blissey|0 fnt
|faint|p1a: Blissey
|
|-heal|p2a: Florges|343\/360|[from] item: Leftovers
|chat|Morgan Threeman|gg
|
|switch|p1a: Toxicroak|Toxicroak, F|201\/370
|-damage|p1a: Toxicroak|178\/370|[from] Stealth Rock
|turn|46
|
|move|p1a: Toxicroak|Knock Off|p2a: Florges
|-resisted|p2a: Florges
|-damage|p2a: Florges|292\/360
|-enditem|p2a: Florges|Leftovers|[from] move: Knock Off|[of] p1a: Toxicroak
|move|p2a: Florges|Moonblast|p1a: Toxicroak
|-damage|p1a: Toxicroak|0 fnt
|faint|p1a: Toxicroak
|
|win|Morgan Threeman
|raw|Ladder updating...
|raw|ilrey's rating: 1180 &rarr; <strong>1164<\/strong><br \/>(-16 for losing)
|raw|Morgan Threeman's rating: 1308 &rarr; <strong>1321<\/strong><br \/>(+13 for winning)
|leave|ilrey
|player|p1
|leave|Morgan Threeman
|player|p2
|join|Morgan Threeman