|join|Morgan ThreeMan
|join|Jinsu
|player|p1|Morgan ThreeMan|10
|player|p2|Jinsu|266
|gametype|singles
|gen|6
|tier|UU
|rated
|rule|Sleep Clause Mod: Limit one foe put to sleep
|rule|Species Clause: Limit one of each PokÃ©mon
|rule|OHKO Clause: OHKO moves are banned
|rule|Moody Clause: Moody is banned
|rule|Evasion Moves Clause: Evasion moves are banned
|rule|Endless Battle Clause: Forcing endless battles is banned
|rule|HP Percentage Mod: HP is shown in percentages
|clearpoke
|poke|p1|Florges, F, shiny
|poke|p1|Aggron, M
|poke|p1|Hydreigon, F
|poke|p1|Chandelure, F
|poke|p1|Mew, shiny
|poke|p1|Crobat, M
|poke|p2|Flygon, M
|poke|p2|Aerodactyl, F
|poke|p2|Entei, shiny
|poke|p2|Machamp, F
|poke|p2|Omastar, F
|poke|p2|Galvantula, M
|rule|Swagger Clause: Swagger is banned
|rule|Baton Pass Clause: Limit one PokÃ©mon knowing Baton Pass
|teampreview
|c|âMorgan ThreeMan|gl hf
|c|âJinsu|u 2 bud
|
|start
|switch|p1a: Specs|Hydreigon, F|325\/325
|switch|p2a: Galvantula|Galvantula, M|302\/302
|turn|1
|join|watfor
|
|move|p1a: Specs|U-turn|p2a: Galvantula
|-crit|p2a: Galvantula
|-damage|p2a: Galvantula|201\/302
|
|switch|p1a: Scarf|Crobat, M|331\/331
|move|p2a: Galvantula|Sticky Web|p1a: Scarf
|-sidestart|p1: Morgan ThreeMan|move: Sticky Web
|
|turn|2
|
|move|p1a: Scarf|Brave Bird|p2a: Galvantula
|-damage|p2a: Galvantula|0 fnt
|-damage|p1a: Scarf|265\/331|[from] recoil|[of] p2a: Galvantula
|faint|p2a: Galvantula
|
|
|switch|p2a: Aerodactyl|Aerodactyl, F|302\/302
|turn|3
|join|Lixx
|c| Lixx|why does
|c| Lixx|this guy
|c| Lixx|have
|c| Lixx|ur
|c| Lixx|team
|c| Lixx|watfor
|c| watfor|cuz
|c| Lixx|bby grill
|c| watfor|he
|c| watfor|is 
|c| watfor|a 
|c| watfor|fren
|c| watfor|lixx
|c| Lixx|nb
|c| watfor|grill
|c| Lixx|nb
|c| Lixx|hello Morgan ThreeMan
|c|âMorgan ThreeMan|sup?
|c| Lixx|I hear you're frens w\/ my grillfren
|c|âMorgan ThreeMan|<--- LTTM
|c|âMorgan ThreeMan|btw
|c| Lixx|what
|c| Lixx|is lttm
|c| watfor|Lessthanthreeman
|c|âMorgan ThreeMan|lessthanthreeman
|c| Lixx|refresh me its 6 am
|c| Lixx|OOOOOOOOOOOOOOOOOOOOOOOOOOOOOOOOOOOOOOOOOOOOOOOOOOOOOOOOOOOOOOOOOOOOOOOOOO
|c| Lixx|hi ltm
|c|âMorgan ThreeMan|sorry for taking a while
|c|âMorgan ThreeMan|frens showed up :]
|
|switch|p1a: Blue Devil|Mew, shiny|403\/403
|-activate|p1a: Blue Devil|move: Sticky Web
|-unboost|p1a: Blue Devil|spe|1
|detailschange|p2a: Aerodactyl|Aerodactyl-Mega, F
|message|Aerodactyl has Mega Evolved into Mega Aerodactyl!
|move|p2a: Aerodactyl|Stone Edge|p1a: Blue Devil
|-crit|p1a: Blue Devil
|-damage|p1a: Blue Devil|147\/403
|
|-heal|p1a: Blue Devil|172\/403|[from] item: Leftovers
|turn|4
|c| Lixx|n don't b sorry
|c| watfor|welp
|c|âMorgan ThreeMan|k
|c| watfor|nice and critted
|c| Lixx|if u want an offensive team i can pass you some
|
|switch|p1a: Band|Aggron, M|343\/343
|-activate|p1a: Band|move: Sticky Web
|-unboost|p1a: Band|spe|1
|move|p2a: Aerodactyl|Crunch|p1a: Band
|-damage|p1a: Band|282\/343
|
|turn|5
|
|detailschange|p1a: Band|Aggron-Mega, M
|message|Aggron has Mega Evolved into Mega Aggron!
|move|p2a: Aerodactyl|Aqua Tail|p1a: Band
|-damage|p1a: Band|222\/343
|move|p1a: Band|Stealth Rock|p2a: Aerodactyl
|-sidestart|p2: Jinsu|move: Stealth Rock
|
|turn|6
|c| watfor|damage?????????
|c| watfor|:^]]]]
|c|âMorgan ThreeMan|^
|c| Lixx|aqua tail
|c| Lixx|is 
|c| Lixx|#1
|
|switch|p2a: Flygon|Flygon, M|302\/302
|-damage|p2a: Flygon|284\/302|[from] Stealth Rock
|move|p1a: Band|Heavy Slam|p2a: Flygon
|-damage|p2a: Flygon|86\/302
|
|turn|7
|c| Lixx|especially w\/ an omastar
|
|switch|p1a: Scarf|Crobat, M|265\/331
|move|p2a: Flygon|Earthquake|p1a: Scarf
|-immune|p1a: Scarf|[msg]
|
|turn|8
|c| Lixx|i bet this machamp is scarf
|
|switch|p2a: Omastar|Omastar, F|282\/282
|-damage|p2a: Omastar|247\/282|[from] Stealth Rock
|move|p1a: Scarf|U-turn|p2a: Omastar
|-damage|p2a: Omastar|197\/282
|c| Lixx|Jinsu is your macahmp coice scarf?
|c|âJinsu|no mate
|c|âJinsu|and this is a new team
|c| Lixx|liar
|c| Lixx|is it av?
|c|âJinsu|so its not polished out
|
|switch|p1a: Specs|Hydreigon, F|325\/325
|
|turn|9
|c|âJinsu|but thanks for the dickhead expert commentary
|c| Lixx|im bad
|c| Lixx|don't worry
|c| Lixx|it's just how salty you let yourself become from someone on the internet you don't know
|
|switch|p2a: Machamp|Machamp, F|384\/384
|-damage|p2a: Machamp|360\/384|[from] Stealth Rock
|move|p1a: Specs|Draco Meteor|p2a: Machamp
|-damage|p2a: Machamp|192\/384
|-unboost|p1a: Specs|spa|2
|
|turn|10
|c| Lixx|o it is av
|c|âMorgan ThreeMan|aren't they all?
|
|switch|p1a: Specs|Florges, F, shiny|359\/359
|-activate|p1a: Specs|move: Sticky Web
|-unboost|p1a: Specs|spe|1
|move|p2a: Machamp|Knock Off|p1a: Specs
|-resisted|p1a: Specs
|-damage|p1a: Specs|297\/359
|-enditem|p1a: Specs|Leftovers|[from] move: Knock Off|[of] p2a: Machamp
|
|turn|11
|c| Lixx|xD
|c|âMorgan ThreeMan|scarf 3 real
|
|switch|p2a: Entei|Entei, shiny|372\/372
|-damage|p2a: Entei|279\/372|[from] Stealth Rock
|-ability|p2a: Entei|Pressure
|move|p1a: Specs|Wish|p1a: Specs
|
|turn|12
|
|move|p1a: Specs|Protect|p1a: Specs
|-singleturn|p1a: Specs|Protect
|move|p2a: Entei|Stone Edge|p1a: Specs
|-activate|p1a: Specs|Protect
|
|-heal|p1a: Specs|359\/359|[from] move: Wish|[wisher] Specs
|turn|13
|
|switch|p1a: Band|Aggron-Mega, M|222\/343
|-activate|p1a: Band|move: Sticky Web
|-unboost|p1a: Band|spe|1
|move|p2a: Entei|Stone Edge|p1a: Band
|-resisted|p1a: Band
|-damage|p1a: Band|184\/343
|
|turn|14
|
|switch|p2a: Aerodactyl|Aerodactyl-Mega, F|302\/302
|-damage|p2a: Aerodactyl|227\/302|[from] Stealth Rock
|move|p1a: Band|Heavy Slam|p2a: Aerodactyl
|-supereffective|p2a: Aerodactyl
|-damage|p2a: Aerodactyl|0 fnt
|faint|p2a: Aerodactyl
|
|c| watfor|aero
|
|switch|p2a: Machamp|Machamp, F|192\/384
|-damage|p2a: Machamp|168\/384|[from] Stealth Rock
|turn|15
|c| watfor|DEAD
|c| watfor|tyl
|c| watfor|:^
|c| watfor|]
|
|switch|p1a: Specs|Florges, F, shiny|359\/359
|-activate|p1a: Specs|move: Sticky Web
|-unboost|p1a: Specs|spe|1
|move|p2a: Machamp|Dynamic Punch|p1a: Specs
|-resisted|p1a: Specs
|-damage|p1a: Specs|253\/359
|-start|p1a: Specs|confusion
|
|turn|16
|
|move|p2a: Machamp|Bullet Punch|p1a: Specs
|-supereffective|p1a: Specs
|-damage|p1a: Specs|139\/359
|-activate|p1a: Specs|confusion
|-damage|p1a: Specs|122\/359|[from] confusion
|
|turn|17
|c| watfor|time to hax u to death here
|c| watfor|ez
|
|move|p2a: Machamp|Ice Punch|p1a: Specs
|-damage|p1a: Specs|18\/359
|-end|p1a: Specs|confusion
|move|p1a: Specs|Wish|p1a: Specs
|
|turn|18
|
|move|p1a: Specs|Protect|p1a: Specs
|-singleturn|p1a: Specs|Protect
|move|p2a: Machamp|Bullet Punch|p1a: Specs
|-activate|p1a: Specs|Protect
|
|-heal|p1a: Specs|197\/359|[from] move: Wish|[wisher] Specs
|turn|19
|
|move|p2a: Machamp|Dynamic Punch|p1a: Specs
|-resisted|p1a: Specs
|-damage|p1a: Specs|92\/359
|-start|p1a: Specs|confusion
|-activate|p1a: Specs|confusion
|move|p1a: Specs|Wish|p1a: Specs
|
|turn|20
|
|-activate|p1a: Specs|confusion
|move|p1a: Specs|Protect|p1a: Specs
|-singleturn|p1a: Specs|Protect
|move|p2a: Machamp|Bullet Punch|p1a: Specs
|-activate|p1a: Specs|Protect
|
|-heal|p1a: Specs|271\/359|[from] move: Wish|[wisher] Specs
|turn|21
|c| watfor|hartman pls
|
|move|p2a: Machamp|Ice Punch|p1a: Specs
|-damage|p1a: Specs|170\/359
|-activate|p1a: Specs|confusion
|move|p1a: Specs|Moonblast|p2a: Machamp
|-supereffective|p2a: Machamp
|-damage|p2a: Machamp|0 fnt
|faint|p2a: Machamp
|
|c|âMorgan ThreeMan|:]
|
|switch|p2a: Omastar|Omastar, F|197\/282
|-damage|p2a: Omastar|162\/282|[from] Stealth Rock
|turn|22
|
|move|p2a: Omastar|Shell Smash|p2a: Omastar
|-boost|p2a: Omastar|atk|2
|-boost|p2a: Omastar|spa|2
|-boost|p2a: Omastar|spe|2
|-unboost|p2a: Omastar|def|1
|-unboost|p2a: Omastar|spd|1
|-activate|p1a: Specs|confusion
|-damage|p1a: Specs|152\/359|[from] confusion
|
|turn|23
|c| Lixx|u2 must b
|c| Lixx|good frens
|
|move|p2a: Omastar|Hydro Pump|p1a: Specs
|-damage|p1a: Specs|0 fnt
|-damage|p2a: Omastar|134\/282|[from] item: Life Orb
|faint|p1a: Specs
|
|c|âMorgan ThreeMan|yeah I known watfor for a while
|
|switch|p1a: Specs|Hydreigon, F|325\/325
|turn|24
|
|move|p1a: Specs|Dragon Pulse|p2a: Omastar
|-damage|p2a: Omastar|0 fnt
|faint|p2a: Omastar
|
|
|switch|p2a: Entei|Entei, shiny|279\/372
|-damage|p2a: Entei|186\/372|[from] Stealth Rock
|-ability|p2a: Entei|Pressure
|turn|25
|c|âMorgan ThreeMan|*I've
|c| Lixx|y im  a bit obnoxious at first but i mean well
|c| Lixx|:)
|c| watfor|dragon pulse hydreigon
|c| watfor|is so fucking good
|join|ninetynineflake
|join|Tontonsam
|
|switch|p1a: Band|Aggron-Mega, M|184\/343
|-activate|p1a: Band|move: Sticky Web
|-unboost|p1a: Band|spe|1
|move|p2a: Entei|Stone Edge|p1a: Band
|-resisted|p1a: Band
|-damage|p1a: Band|147\/343
|
|turn|26
|
|move|p2a: Entei|Stone Edge|p1a: Band
|-resisted|p1a: Band
|-damage|p1a: Band|114\/343
|move|p1a: Band|Heavy Slam|p2a: Entei
|-resisted|p2a: Entei
|-damage|p2a: Entei|148\/372
|
|turn|27
|
|move|p2a: Entei|Stone Edge|p1a: Band
|-resisted|p1a: Band
|-damage|p1a: Band|78\/343
|move|p1a: Band|Earthquake|p2a: Entei
|-supereffective|p2a: Entei
|-damage|p2a: Entei|0 fnt
|faint|p2a: Entei
|
|
|switch|p2a: Flygon|Flygon, M|86\/302
|-damage|p2a: Flygon|68\/302|[from] Stealth Rock
|turn|28
|join|Blue_Spade
|c|âJinsu|gg bud
|
|move|p2a: Flygon|Outrage|p1a: Band
|-resisted|p1a: Band
|-damage|p1a: Band|45\/343
|move|p1a: Band|Heavy Slam|p2a: Flygon
|-damage|p2a: Flygon|0 fnt
|faint|p2a: Flygon
|
|win|Morgan ThreeMan
|raw|Ladder updating...
|c|âMorgan ThreeMan|gg
|raw|Morgan ThreeMan's rating: 1301 &rarr; <strong>1326<\/strong><br \/>(+25 for winning)
|raw|Jinsu's rating: 1393 &rarr; <strong>1368<\/strong><br \/>(-25 for losing)
|c|âMorgan ThreeMan|:]
|leave|watfor
|leave|Jinsu
|player|p2
|leave|Lixx
|leave|Morgan ThreeMan
|player|p1
|leave|Tontonsam
|c| Blue_Spade|what going on here