|join|morgan threeman
|join|Volbeatdown
|player|p1|morgan threeman|10
|player|p2|Volbeatdown|126
|gametype|singles
|gen|6
|tier|UU
|rated
|rule|Sleep Clause Mod: Limit one foe put to sleep
|rule|Species Clause: Limit one of each PokÃ©mon
|rule|OHKO Clause: OHKO moves are banned
|rule|Moody Clause: Moody is banned
|rule|Evasion Moves Clause: Evasion moves are banned
|rule|Endless Battle Clause: Forcing endless battles is banned
|rule|HP Percentage Mod: HP is shown in percentages
|clearpoke
|poke|p1|Sharpedo, M
|poke|p1|Celebi
|poke|p1|Crobat, M
|poke|p1|Suicune
|poke|p1|Cobalion
|poke|p1|Raikou, shiny
|poke|p2|Froslass, F
|poke|p2|Spiritomb, M
|poke|p2|Swampert, M
|poke|p2|Sharpedo, M
|poke|p2|Yanmega, F
|poke|p2|Celebi
|rule|Swagger Clause: Swagger is banned
|rule|Baton Pass Clause: Limit one PokÃ©mon knowing Baton Pass
|teampreview
|join|Meowiekins
|c|âmorgan threeman|oh hi fren
|c|âVolbeatdown|hi flen
|c|âmorgan threeman|s
|c|âmorgan threeman|:]
|c| Meowiekins|^_^
|
|start
|switch|p1a: Cobalion|Cobalion|323\/323
|switch|p2a: Froslass|Froslass, F|343\/343
|turn|1
|join|Wanka RW
|
|move|p2a: Froslass|Spikes|p1a: Cobalion
|-sidestart|p1: morgan threeman|Spikes
|move|p1a: Cobalion|Taunt|p2a: Froslass
|-start|p2a: Froslass|move: Taunt
|
|turn|2
|
|switch|p2a: Celebi|Celebi|380\/380
|move|p1a: Cobalion|Stealth Rock|p2a: Celebi
|-sidestart|p2: Volbeatdown|move: Stealth Rock
|
|turn|3
|
|switch|p1a: Crobat|Crobat, M|313\/313
|switch|p2a: Swampert|Swampert, M|404\/404
|-damage|p2a: Swampert|379\/404|[from] Stealth Rock
|
|-heal|p2a: Swampert|404\/404|[from] item: Leftovers
|turn|4
|
|move|p1a: Crobat|U-turn|p2a: Swampert
|-damage|p2a: Swampert|347\/404
|
|switch|p1a: Celebi|Celebi|404\/404
|-damage|p1a: Celebi|354\/404|[from] Spikes
|move|p2a: Swampert|Scald|p1a: Celebi
|-resisted|p1a: Celebi
|-damage|p1a: Celebi|315\/404
|
|-heal|p2a: Swampert|372\/404|[from] item: Leftovers
|turn|5
|
|switch|p2a: Froslass|Froslass, F|343\/343
|-damage|p2a: Froslass|258\/343|[from] Stealth Rock
|move|p1a: Celebi|Swords Dance|p1a: Celebi
|-boost|p1a: Celebi|atk|2
|
|turn|6
|
|move|p2a: Froslass|Spikes|p1a: Celebi
|-sidestart|p1: morgan threeman|Spikes
|move|p1a: Celebi|Baton Pass|p1a: Celebi
|leave|Wanka RW
|
|switch|p1a: Crobat|Crobat, M|313\/313
|
|turn|7
|
|move|p1a: Crobat|Brave Bird|p2a: Froslass
|-damage|p2a: Froslass|0 fnt
|-damage|p1a: Crobat|228\/313|[from] recoil|[of] p2a: Froslass
|faint|p2a: Froslass
|
|
|switch|p2a: Spiritomb|Spiritomb, M|304\/304
|-damage|p2a: Spiritomb|266\/304|[from] Stealth Rock
|turn|8
|
|move|p1a: Crobat|Brave Bird|p2a: Spiritomb
|-damage|p2a: Spiritomb|0 fnt
|-damage|p1a: Crobat|140\/313|[from] recoil|[of] p2a: Spiritomb
|faint|p2a: Spiritomb
|
|
|switch|p2a: Yanmega|Yanmega, F|313\/313
|-damage|p2a: Yanmega|157\/313|[from] Stealth Rock
|turn|9
|
|move|p1a: Crobat|Brave Bird|p2a: Yanmega
|-supereffective|p2a: Yanmega
|-damage|p2a: Yanmega|0 fnt
|-damage|p1a: Crobat|88\/313|[from] recoil|[of] p2a: Yanmega
|faint|p2a: Yanmega
|
|
|switch|p2a: Swampert|Swampert, M|372\/404
|-damage|p2a: Swampert|347\/404|[from] Stealth Rock
|turn|10
|-message|Volbeatdown forfeited.
|leave|Volbeatdown
|
|win|morgan threeman
|raw|Ladder updating...
|player|p2
|raw|morgan threeman's rating: 1461 &rarr; <strong>1480<\/strong><br \/>(+19 for winning)
|raw|Volbeatdown's rating: 1452 &rarr; <strong>1433<\/strong><br \/>(-19 for losing)
|c|âmorgan threeman|gg fren
|c|âmorgan threeman|it was scarf too lol
|leave|Meowiekins