|join|morgan threeman
|join|JAMPlayer_lml12
|player|p1|morgan threeman|10
|player|p2|JAMPlayer_lml12|161
|gametype|singles
|gen|6
|tier|UU
|rated
|rule|Sleep Clause Mod: Limit one foe put to sleep
|rule|Species Clause: Limit one of each PokÃ©mon
|rule|OHKO Clause: OHKO moves are banned
|rule|Moody Clause: Moody is banned
|rule|Evasion Moves Clause: Evasion moves are banned
|rule|Endless Battle Clause: Forcing endless battles is banned
|rule|HP Percentage Mod: HP is shown in percentages
|clearpoke
|poke|p1|Tornadus, M
|poke|p1|Mienshao, M
|poke|p1|Nidoqueen, F
|poke|p1|Jirachi
|poke|p1|Virizion
|poke|p1|Blastoise, F
|poke|p2|Blastoise, F
|poke|p2|Porygon2
|poke|p2|Goodra, M
|poke|p2|Galvantula, F
|poke|p2|Arcanine, M
|poke|p2|Honchkrow, M
|rule|Swagger Clause: Swagger is banned
|rule|Baton Pass Clause: Limit one PokÃ©mon knowing Baton Pass
|teampreview
|
|start
|switch|p1a: Jirachi|Jirachi|341\/341
|switch|p2a: Goodra|Goodra, M|384\/384
|turn|1
|
|move|p1a: Jirachi|U-turn|p2a: Goodra
|-damage|p2a: Goodra|324\/384
|
|switch|p1a: Blastoise|Blastoise, F|323\/323
|move|p2a: Goodra|Fire Blast|p1a: Blastoise
|-resisted|p1a: Blastoise
|-damage|p1a: Blastoise|280\/323
|
|turn|2
|
|detailschange|p1a: Blastoise|Blastoise-Mega, F
|message|Blastoise has Mega Evolved into Mega Blastoise!
|move|p1a: Blastoise|Dragon Pulse|p2a: Goodra
|-supereffective|p2a: Goodra
|-damage|p2a: Goodra|164\/384
|move|p2a: Goodra|Power Whip|p1a: Blastoise
|-supereffective|p1a: Blastoise
|-damage|p1a: Blastoise|132\/323
|
|turn|3
|
|switch|p1a: Jirachi|Jirachi|341\/341
|switch|p2a: Porygon2|Porygon2|374\/374
|-boost|p2a: Porygon2|atk|1|[from] ability: Download
|
|turn|4
|
|move|p1a: Jirachi|U-turn|p2a: Porygon2
|-damage|p2a: Porygon2|334\/374
|
|switch|p1a: Virizion|Virizion|323\/323
|move|p2a: Porygon2|Charge Beam|p1a: Virizion
|-resisted|p1a: Virizion
|-damage|p1a: Virizion|306\/323
|
|turn|5
|
|move|p1a: Virizion|Close Combat|p2a: Porygon2
|-supereffective|p2a: Porygon2
|-damage|p2a: Porygon2|152\/374
|-unboost|p1a: Virizion|def|1
|-unboost|p1a: Virizion|spd|1
|move|p2a: Porygon2|Ice Beam|p1a: Virizion
|-supereffective|p1a: Virizion
|-damage|p1a: Virizion|112\/323
|
|turn|6
|
|switch|p2a: Arcanine|Arcanine, M|321\/321
|move|p1a: Virizion|Close Combat|p2a: Arcanine
|-damage|p2a: Arcanine|131\/321
|-unboost|p1a: Virizion|def|1
|-unboost|p1a: Virizion|spd|1
|
|turn|7
|
|switch|p1a: Blastoise|Blastoise-Mega, F|132\/323
|move|p2a: Arcanine|Flare Blitz|p1a: Blastoise
|-resisted|p1a: Blastoise
|-damage|p1a: Blastoise|0 fnt
|-damage|p2a: Arcanine|87\/321|[from] recoil|[of] p1a: Blastoise
|faint|p1a: Blastoise
|
|
|switch|p1a: Mienshao|Mienshao, M|271\/271
|turn|8
|
|switch|p2a: Blastoise|Blastoise, F|320\/320
|move|p1a: Mienshao|Knock Off|p2a: Blastoise
|-damage|p2a: Blastoise|237\/320
|-damage|p1a: Mienshao|244\/271|[from] item: Life Orb
|
|turn|9
|
|detailschange|p2a: Blastoise|Blastoise-Mega, F
|message|Blastoise has Mega Evolved into Mega Blastoise!
|move|p1a: Mienshao|High Jump Kick|p2a: Blastoise
|-damage|p2a: Blastoise|0 fnt
|-damage|p1a: Mienshao|217\/271|[from] item: Life Orb
|faint|p2a: Blastoise
|
|
|switch|p2a: Galvantula|Galvantula, F|281\/281
|turn|10
|
|switch|p1a: Nidoqueen|Nidoqueen, F|341\/341
|move|p2a: Galvantula|Thunder|p1a: Nidoqueen
|-immune|p1a: Nidoqueen|[msg]
|
|turn|11
|
|switch|p2a: Goodra|Goodra, M|164\/384
|move|p1a: Nidoqueen|Stealth Rock|p2a: Goodra
|-sidestart|p2: JAMPlayer_lml12|move: Stealth Rock
|
|turn|12
|
|move|p1a: Nidoqueen|Ice Beam|p2a: Goodra
|-supereffective|p2a: Goodra
|-damage|p2a: Goodra|29\/384
|move|p2a: Goodra|Ice Beam|p1a: Nidoqueen
|-supereffective|p1a: Nidoqueen
|-damage|p1a: Nidoqueen|161\/341
|
|turn|13
|
|move|p1a: Nidoqueen|Sludge Wave|p2a: Goodra
|-damage|p2a: Goodra|0 fnt
|faint|p2a: Goodra
|
|
|switch|p2a: Arcanine|Arcanine, M|87\/321
|-damage|p2a: Arcanine|7\/321|[from] Stealth Rock
|turn|14
|
|move|p2a: Arcanine|Flare Blitz|p1a: Nidoqueen
|-damage|p1a: Nidoqueen|0 fnt
|-damage|p2a: Arcanine|0 fnt|[from] recoil|[of] p1a: Nidoqueen
|faint|p1a: Nidoqueen
|faint|p2a: Arcanine
|
|
|switch|p1a: Tornadus|Tornadus, M|299\/299
|switch|p2a: Galvantula|Galvantula, F|281\/281
|-damage|p2a: Galvantula|211\/281|[from] Stealth Rock
|turn|15
|
|move|p1a: Tornadus|Heat Wave|p2a: Galvantula
|-supereffective|p2a: Galvantula
|-damage|p2a: Galvantula|0 fnt
|-damage|p1a: Tornadus|270\/299|[from] item: Life Orb
|faint|p2a: Galvantula
|
|
|switch|p2a: Honchkrow|Honchkrow, M|342\/342
|-damage|p2a: Honchkrow|257\/342|[from] Stealth Rock
|turn|16
|
|move|p1a: Tornadus|Hurricane|p2a: Honchkrow
|-damage|p2a: Honchkrow|0 fnt
|-damage|p1a: Tornadus|241\/299|[from] item: Life Orb
|faint|p2a: Honchkrow
|
|
|switch|p2a: Porygon2|Porygon2|152\/374
|-damage|p2a: Porygon2|106\/374|[from] Stealth Rock
|-boost|p2a: Porygon2|spa|1|[from] ability: Download
|turn|17
|
|move|p1a: Tornadus|Superpower|p2a: Porygon2
|-supereffective|p2a: Porygon2
|-damage|p2a: Porygon2|0 fnt
|-unboost|p1a: Tornadus|atk|1
|-unboost|p1a: Tornadus|def|1
|-damage|p1a: Tornadus|212\/299|[from] item: Life Orb
|faint|p2a: Porygon2
|
|win|morgan threeman
|raw|Ladder updating...
|raw|morgan threeman's rating: 1477 &rarr; <strong>1491<\/strong><br \/>(+14 for winning)
|raw|JAMPlayer_lml12's rating: 1358 &rarr; <strong>1344<\/strong><br \/>(-14 for losing)
|c|âmorgan threeman|gg
|c|âJAMPlayer_lml12|gg
|leave|JAMPlayer_lml12
|player|p2