|join|morgan threeman
|join|Vrille
|player|p1|morgan threeman|10
|player|p2|Vrille|268
|gametype|singles
|gen|6
|tier|UU
|rated
|rule|Sleep Clause Mod: Limit one foe put to sleep
|rule|Species Clause: Limit one of each PokÃ©mon
|rule|OHKO Clause: OHKO moves are banned
|rule|Moody Clause: Moody is banned
|rule|Evasion Moves Clause: Evasion moves are banned
|rule|Endless Battle Clause: Forcing endless battles is banned
|rule|HP Percentage Mod: HP is shown in percentages
|clearpoke
|poke|p1|Sharpedo, F
|poke|p1|Celebi
|poke|p1|Crobat, M
|poke|p1|Suicune
|poke|p1|Cobalion
|poke|p1|Raikou, shiny
|poke|p2|Jirachi
|poke|p2|Zygarde
|poke|p2|Pidgeot, M
|poke|p2|Machamp, M
|poke|p2|Kingdra, M
|poke|p2|Nidoqueen, F
|rule|Swagger Clause: Swagger is banned
|rule|Baton Pass Clause: Limit one PokÃ©mon knowing Baton Pass
|teampreview
|
|start
|switch|p1a: Crobat|Crobat, M|313\/313
|switch|p2a: Zygarde|Zygarde|407\/407
|-ability|p2a: Zygarde|Aura Break
|turn|1
|
|move|p1a: Crobat|U-turn|p2a: Zygarde
|-damage|p2a: Zygarde|360\/407
|-damage|p1a: Crobat|261\/313|[from] item: Rocky Helmet|[of] p2a: Zygarde
|
|switch|p1a: Suicune|Suicune|368\/368
|-ability|p1a: Suicune|Pressure
|move|p2a: Zygarde|Glare|p1a: Suicune
|-status|p1a: Suicune|par
|
|turn|2
|
|switch|p2a: Machamp|Machamp, M|383\/383
|move|p1a: Suicune|Ice Beam|p2a: Machamp
|-damage|p2a: Machamp|319\/383
|
|turn|3
|
|switch|p1a: Crobat|Crobat, M|261\/313
|move|p2a: Machamp|Ice Punch|p1a: Crobat
|-supereffective|p1a: Crobat
|-damage|p1a: Crobat|13\/313
|
|turn|4
|
|move|p2a: Machamp|Bullet Punch|p1a: Crobat
|-damage|p1a: Crobat|0 fnt
|faint|p1a: Crobat
|
|
|switch|p1a: Celebi|Celebi|404\/404
|turn|5
|
|switch|p2a: Pidgeot|Pidgeot, M|307\/307
|move|p1a: Celebi|Swords Dance|p1a: Celebi
|-boost|p1a: Celebi|atk|2
|
|turn|6
|
|detailschange|p2a: Pidgeot|Pidgeot-Mega, M
|-mega|p2a: Pidgeot|Pidgeot|Pidgeotite
|move|p2a: Pidgeot|Hurricane|p1a: Celebi
|-supereffective|p1a: Celebi
|-damage|p1a: Celebi|24\/404
|-enditem|p1a: Celebi|Weakness Policy
|-boost|p1a: Celebi|atk|2|[from] item: Weakness Policy
|-boost|p1a: Celebi|spa|2|[from] item: Weakness Policy
|move|p1a: Celebi|Baton Pass|p1a: Celebi
|
|switch|p1a: Sharpedo|Sharpedo, F|281\/281
|
|turn|7
|
|switch|p2a: Zygarde|Zygarde|360\/407
|-ability|p2a: Zygarde|Aura Break
|move|p1a: Sharpedo|Protect|p1a: Sharpedo
|-fail|p1a: Sharpedo
|
|-boost|p1a: Sharpedo|spe|1|[from] ability: Speed Boost
|turn|8
|
|move|p2a: Zygarde|Extreme Speed|p1a: Sharpedo
|-damage|p1a: Sharpedo|136\/281
|move|p1a: Sharpedo|Ice Fang|p2a: Zygarde
|-supereffective|p2a: Zygarde
|-damage|p2a: Zygarde|0 fnt
|-damage|p1a: Sharpedo|90\/281|[from] item: Rocky Helmet|[of] p2a: Zygarde
|faint|p2a: Zygarde
|
|-boost|p1a: Sharpedo|spe|1|[from] ability: Speed Boost
|
|switch|p2a: Machamp|Machamp, M|319\/383
|turn|9
|
|detailschange|p1a: Sharpedo|Sharpedo-Mega, F
|-mega|p1a: Sharpedo|Sharpedo|Sharpedonite
|move|p1a: Sharpedo|Waterfall|p2a: Machamp
|-damage|p2a: Machamp|0 fnt
|faint|p2a: Machamp
|
|c|âmorgan threeman|:]
|-message|Vrille forfeited.
|
|win|morgan threeman
|raw|Ladder updating...
|raw|morgan threeman's rating: 1444 &rarr; <strong>1465<\/strong><br \/>(+21 for winning)
|raw|Vrille's rating: 1460 &rarr; <strong>1440<\/strong><br \/>(-20 for losing)