|join|morgan threeman
|join|WorstPerson
|player|p1|morgan threeman|10
|player|p2|WorstPerson|120
|gametype|singles
|gen|6
|tier|UU
|rated
|rule|Sleep Clause Mod: Limit one foe put to sleep
|rule|Species Clause: Limit one of each PokÃ©mon
|rule|OHKO Clause: OHKO moves are banned
|rule|Moody Clause: Moody is banned
|rule|Evasion Moves Clause: Evasion moves are banned
|rule|Endless Battle Clause: Forcing endless battles is banned
|rule|HP Percentage Mod: HP is shown in percentages
|clearpoke
|poke|p1|Tornadus, M
|poke|p1|Jirachi
|poke|p1|Nidoqueen, F
|poke|p1|Virizion
|poke|p1|Krookodile, M
|poke|p1|Blastoise, M
|poke|p2|Sableye, M
|poke|p2|Flygon, M
|poke|p2|Chesnaught, F
|poke|p2|Blissey, F
|poke|p2|Magneton
|poke|p2|Mienshao, M
|rule|Swagger Clause: Swagger is banned
|rule|Baton Pass Clause: Limit one PokÃ©mon knowing Baton Pass
|teampreview
|c|âmorgan threeman|gl hf
|c|âWorstPerson|u2
|
|start
|switch|p1a: Krookodile|Krookodile, M|331\/331
|switch|p2a: Mienshao|Mienshao, M|271\/271
|-ability|p1a: Krookodile|Intimidate|[of] p2a: Mienshao
|-unboost|p2a: Mienshao|atk|1
|turn|1
|
|switch|p1a: Nidoqueen|Nidoqueen, F|344\/344
|move|p2a: Mienshao|U-turn|p1a: Nidoqueen
|-resisted|p1a: Nidoqueen
|-damage|p1a: Nidoqueen|309\/344
|
|switch|p2a: Blissey|Blissey, F|651\/651
|
|turn|2
|
|move|p1a: Nidoqueen|Stealth Rock|p2a: Blissey
|-sidestart|p2: WorstPerson|move: Stealth Rock
|move|p2a: Blissey|Stealth Rock|p1a: Nidoqueen
|-sidestart|p1: morgan threeman|move: Stealth Rock
|
|turn|3
|
|switch|p1a: Virizion|Virizion|323\/323
|-damage|p1a: Virizion|303\/323|[from] Stealth Rock
|move|p2a: Blissey|Seismic Toss|p1a: Virizion
|-damage|p1a: Virizion|203\/323
|
|turn|4
|
|switch|p2a: Sableye|Sableye, M|304\/304
|-damage|p2a: Sableye|266\/304|[from] Stealth Rock
|move|p1a: Virizion|Leaf Blade|p2a: Sableye
|-damage|p2a: Sableye|164\/304
|
|-heal|p2a: Sableye|183\/304|[from] item: Leftovers
|turn|5
|
|switch|p1a: Tornadus|Tornadus, M|299\/299
|-damage|p1a: Tornadus|225\/299|[from] Stealth Rock
|move|p2a: Sableye|Will-O-Wisp|p1a: Tornadus
|-status|p1a: Tornadus|brn
|
|-heal|p2a: Sableye|202\/304|[from] item: Leftovers
|-damage|p1a: Tornadus|188\/299 brn|[from] brn
|turn|6
|
|switch|p2a: Magneton|Magneton|286\/286
|-damage|p2a: Magneton|269\/286|[from] Stealth Rock
|move|p1a: Tornadus|Hurricane|p2a: Magneton
|-resisted|p2a: Magneton
|-damage|p2a: Magneton|181\/286
|-damage|p1a: Tornadus|159\/299 brn|[from] item: Life Orb
|
|-damage|p1a: Tornadus|122\/299 brn|[from] brn
|turn|7
|
|move|p1a: Tornadus|Tailwind|p1a: Tornadus
|-sidestart|p1: morgan threeman|move: Tailwind
|move|p2a: Magneton|Flash Cannon|p1a: Tornadus
|-damage|p1a: Tornadus|0 fnt
|faint|p1a: Tornadus
|
|
|switch|p1a: Virizion|Virizion|203\/323
|-damage|p1a: Virizion|183\/323|[from] Stealth Rock
|turn|8
|
|switch|p2a: Sableye|Sableye, M|202\/304
|-damage|p2a: Sableye|164\/304|[from] Stealth Rock
|move|p1a: Virizion|Swords Dance|p1a: Virizion
|-boost|p1a: Virizion|atk|2
|
|-heal|p2a: Sableye|183\/304|[from] item: Leftovers
|turn|9
|
|move|p2a: Sableye|Will-O-Wisp|p1a: Virizion|[miss]
|-miss|p2a: Sableye|p1a: Virizion
|move|p1a: Virizion|Leaf Blade|p2a: Sableye
|-damage|p2a: Sableye|0 fnt
|faint|p2a: Sableye
|
|c|âmorgan threeman|sorry
|c|âmorgan threeman|but is lum anyways
|
|switch|p2a: Chesnaught|Chesnaught, F|380\/380
|-damage|p2a: Chesnaught|357\/380|[from] Stealth Rock
|turn|10
|
|move|p1a: Virizion|Zen Headbutt|p2a: Chesnaught
|-supereffective|p2a: Chesnaught
|-damage|p2a: Chesnaught|179\/380
|move|p2a: Chesnaught|Hammer Arm|p1a: Virizion
|-damage|p1a: Virizion|32\/323
|-unboost|p2a: Chesnaught|spe|1
|
|-heal|p2a: Chesnaught|202\/380|[from] item: Leftovers
|-sideend|p1: morgan threeman|move: Tailwind
|turn|11
|
|move|p2a: Chesnaught|Spiky Shield|p2a: Chesnaught
|-singleturn|p2a: Chesnaught|move: Protect
|move|p1a: Virizion|Swords Dance|p1a: Virizion
|-boost|p1a: Virizion|atk|2
|
|-heal|p2a: Chesnaught|225\/380|[from] item: Leftovers
|turn|12
|
|move|p1a: Virizion|Zen Headbutt|p2a: Chesnaught
|-supereffective|p2a: Chesnaught
|-damage|p2a: Chesnaught|0 fnt
|faint|p2a: Chesnaught
|
|
|switch|p2a: Mienshao|Mienshao, M|271\/271
|-damage|p2a: Mienshao|255\/271|[from] Stealth Rock
|turn|13
|
|switch|p1a: Nidoqueen|Nidoqueen, F|309\/344
|-damage|p1a: Nidoqueen|288\/344|[from] Stealth Rock
|move|p2a: Mienshao|U-turn|p1a: Nidoqueen
|-resisted|p1a: Nidoqueen
|-damage|p1a: Nidoqueen|236\/344
|
|switch|p2a: Blissey|Blissey, F|651\/651
|-damage|p2a: Blissey|570\/651|[from] Stealth Rock
|
|-heal|p2a: Blissey|610\/651|[from] item: Leftovers
|turn|14
|
|switch|p1a: Krookodile|Krookodile, M|331\/331
|-damage|p1a: Krookodile|311\/331|[from] Stealth Rock
|-ability|p1a: Krookodile|Intimidate|[of] p2a: Blissey
|-unboost|p2a: Blissey|atk|1
|move|p2a: Blissey|Toxic|p1a: Krookodile
|-status|p1a: Krookodile|tox
|
|-heal|p2a: Blissey|650\/651|[from] item: Leftovers
|-damage|p1a: Krookodile|291\/331 tox|[from] psn
|turn|15
|
|switch|p2a: Flygon|Flygon, M|364\/364
|-damage|p2a: Flygon|342\/364|[from] Stealth Rock
|move|p1a: Krookodile|Superpower|p2a: Flygon
|-damage|p2a: Flygon|189\/364
|-unboost|p1a: Krookodile|atk|1
|-unboost|p1a: Krookodile|def|1
|
|-heal|p2a: Flygon|211\/364|[from] item: Leftovers
|-damage|p1a: Krookodile|251\/331 tox|[from] psn
|turn|16
|
|switch|p1a: Blastoise|Blastoise, M|326\/326
|-damage|p1a: Blastoise|286\/326|[from] Stealth Rock
|move|p2a: Flygon|Roost|p2a: Flygon
|-heal|p2a: Flygon|364\/364
|
|turn|17
|
|switch|p2a: Blissey|Blissey, F|650\/651
|-damage|p2a: Blissey|569\/651|[from] Stealth Rock
|detailschange|p1a: Blastoise|Blastoise-Mega, M
|message|Blastoise has Mega Evolved into Mega Blastoise!
|move|p1a: Blastoise|Rapid Spin|p2a: Blissey
|-damage|p2a: Blissey|542\/651
|-sideend|p1: morgan threeman|Stealth Rock|[from] move: Rapid Spin|[of] p1a: Blastoise
|
|-heal|p2a: Blissey|582\/651|[from] item: Leftovers
|turn|18
|
|switch|p1a: Krookodile|Krookodile, M|251\/331 tox
|-ability|p1a: Krookodile|Intimidate|[of] p2a: Blissey
|-unboost|p2a: Blissey|atk|1
|move|p2a: Blissey|Seismic Toss|p1a: Krookodile
|-damage|p1a: Krookodile|151\/331 tox
|
|-heal|p2a: Blissey|622\/651|[from] item: Leftovers
|-damage|p1a: Krookodile|131\/331 tox|[from] psn
|turn|19
|
|switch|p2a: Flygon|Flygon, M|364\/364
|-damage|p2a: Flygon|342\/364|[from] Stealth Rock
|move|p1a: Krookodile|Knock Off|p2a: Flygon
|-damage|p2a: Flygon|153\/364
|-enditem|p2a: Flygon|Leftovers|[from] move: Knock Off|[of] p1a: Krookodile
|
|-damage|p1a: Krookodile|91\/331 tox|[from] psn
|turn|20
|
|switch|p1a: Jirachi|Jirachi|341\/341
|move|p2a: Flygon|Roost|p2a: Flygon
|-heal|p2a: Flygon|335\/364
|
|turn|21
|
|switch|p2a: Magneton|Magneton|181\/286
|-damage|p2a: Magneton|164\/286|[from] Stealth Rock
|move|p1a: Jirachi|Healing Wish|p1a: Jirachi
|faint|p1a: Jirachi
|
|
|switch|p1a: Virizion|Virizion|32\/323
|-heal|p1a: Virizion|323\/323|[from] move: Healing Wish
|turn|22
|
|move|p1a: Virizion|Swords Dance|p1a: Virizion
|-boost|p1a: Virizion|atk|2
|move|p2a: Magneton|Flash Cannon|p1a: Virizion
|-damage|p1a: Virizion|112\/323
|
|turn|23
|
|move|p1a: Virizion|Close Combat|p2a: Magneton
|-supereffective|p2a: Magneton
|-damage|p2a: Magneton|0 fnt
|-unboost|p1a: Virizion|def|1
|-unboost|p1a: Virizion|spd|1
|faint|p2a: Magneton
|
|
|switch|p2a: Mienshao|Mienshao, M|271\/271
|-damage|p2a: Mienshao|255\/271|[from] Stealth Rock
|turn|24
|
|switch|p1a: Krookodile|Krookodile, M|91\/331 tox
|-ability|p1a: Krookodile|Intimidate|[of] p2a: Mienshao
|-unboost|p2a: Mienshao|atk|1
|move|p2a: Mienshao|High Jump Kick|p1a: Krookodile
|-supereffective|p1a: Krookodile
|-damage|p1a: Krookodile|0 fnt
|faint|p1a: Krookodile
|
|
|switch|p1a: Nidoqueen|Nidoqueen, F|236\/344
|turn|25
|
|switch|p2a: Blissey|Blissey, F|622\/651
|-damage|p2a: Blissey|541\/651|[from] Stealth Rock
|switch|p1a: Virizion|Virizion|112\/323
|
|-heal|p2a: Blissey|581\/651|[from] item: Leftovers
|turn|26
|
|switch|p2a: Flygon|Flygon, M|335\/364
|-damage|p2a: Flygon|313\/364|[from] Stealth Rock
|move|p1a: Virizion|Swords Dance|p1a: Virizion
|-boost|p1a: Virizion|atk|2
|
|turn|27
|
|move|p1a: Virizion|Leaf Blade|p2a: Flygon
|-crit|p2a: Flygon
|-damage|p2a: Flygon|0 fnt
|faint|p2a: Flygon
|
|
|switch|p2a: Mienshao|Mienshao, M|271\/271
|-damage|p2a: Mienshao|255\/271|[from] Stealth Rock
|turn|28
|
|switch|p1a: Blastoise|Blastoise-Mega, M|286\/326
|move|p2a: Mienshao|U-turn|p1a: Blastoise
|-damage|p1a: Blastoise|210\/326
|
|switch|p2a: Blissey|Blissey, F|581\/651
|-damage|p2a: Blissey|500\/651|[from] Stealth Rock
|
|-heal|p2a: Blissey|540\/651|[from] item: Leftovers
|turn|29
|
|move|p1a: Blastoise|Hydro Pump|p2a: Blissey
|-damage|p2a: Blissey|417\/651
|move|p2a: Blissey|Seismic Toss|p1a: Blastoise
|-damage|p1a: Blastoise|110\/326
|
|-heal|p2a: Blissey|457\/651|[from] item: Leftovers
|turn|30
|
|switch|p1a: Virizion|Virizion|112\/323
|move|p2a: Blissey|Toxic|p1a: Virizion
|-status|p1a: Virizion|tox
|-enditem|p1a: Virizion|Lum Berry|[eat]
|-curestatus|p1a: Virizion|tox
|
|-heal|p2a: Blissey|497\/651|[from] item: Leftovers
|turn|31
|
|move|p1a: Virizion|Close Combat|p2a: Blissey
|-supereffective|p2a: Blissey
|-damage|p2a: Blissey|0 fnt
|-unboost|p1a: Virizion|def|1
|-unboost|p1a: Virizion|spd|1
|faint|p2a: Blissey
|
|
|switch|p2a: Mienshao|Mienshao, M|271\/271
|-damage|p2a: Mienshao|255\/271|[from] Stealth Rock
|turn|32
|
|move|p2a: Mienshao|High Jump Kick|p1a: Virizion
|-damage|p1a: Virizion|0 fnt
|faint|p1a: Virizion
|
|
|switch|p1a: Nidoqueen|Nidoqueen, F|236\/344
|turn|33
|
|move|p2a: Mienshao|High Jump Kick|p1a: Nidoqueen
|-resisted|p1a: Nidoqueen
|-damage|p1a: Nidoqueen|88\/344
|move|p1a: Nidoqueen|Sludge Wave|p2a: Mienshao
|-damage|p2a: Mienshao|0 fnt
|faint|p2a: Mienshao
|
|win|morgan threeman
|raw|Ladder updating...
|raw|morgan threeman's rating: 1463 &rarr; <strong>1489<\/strong><br \/>(+26 for winning)
|raw|WorstPerson's rating: 1570 &rarr; <strong>1544<\/strong><br \/>(-26 for losing)
|c|âmorgan threeman|gg
|c|âWorstPerson|gg
|leave|WorstPerson
|player|p2