|join|so long lonesome
|join|Adenosine 3-P
|player|p1|so long lonesome|102
|player|p2|Adenosine 3-P|42
|gametype|singles
|gen|6
|tier|OU
|rated
|clearpoke
|poke|p1|Jirachi
|poke|p1|Starmie
|poke|p1|Kyurem-Black
|poke|p1|Manectric, M
|poke|p1|Landorus-Therian, M
|poke|p1|Weavile, M
|poke|p2|Amoonguss, F
|poke|p2|Tornadus-Therian, M
|poke|p2|Slowbro, M
|poke|p2|Excadrill, F
|poke|p2|Gyarados, M, shiny
|poke|p2|Heatran, M
|rule|Swagger Clause: Swagger is banned
|rule|Baton Pass Clause: Limit one PokÃ©mon knowing Baton Pass
|rule|Sleep Clause Mod: Limit one foe put to sleep
|rule|Species Clause: Limit one of each PokÃ©mon
|rule|OHKO Clause: OHKO moves are banned
|rule|Moody Clause: Moody is banned
|rule|Evasion Moves Clause: Evasion moves are banned
|rule|Endless Battle Clause: Forcing endless battles is banned
|rule|HP Percentage Mod: HP is shown in percentages
|teampreview
|
|start
|switch|p1a: monroe|Landorus-Therian, M|381\/381
|switch|p2a: Gyarados|Gyarados, M, shiny|331\/331
|-ability|p2a: Gyarados|Intimidate|[of] p1a: monroe
|-unboost|p1a: monroe|atk|1
|-ability|p1a: monroe|Intimidate|[of] p2a: Gyarados
|-unboost|p2a: Gyarados|atk|1
|turn|1
|
|detailschange|p2a: Gyarados|Gyarados-Mega, M, shiny
|-mega|p2a: Gyarados|Gyarados|Gyaradosite
|-ability|p2a: Gyarados|Mold Breaker
|move|p2a: Gyarados|Dragon Dance|p2a: Gyarados
|-boost|p2a: Gyarados|atk|1
|-boost|p2a: Gyarados|spe|1
|move|p1a: monroe|Stealth Rock|p2a: Gyarados
|-sidestart|p2: Adenosine 3-P|move: Stealth Rock
|
|turn|2
|
|move|p2a: Gyarados|Waterfall|p1a: monroe
|-supereffective|p1a: monroe
|-damage|p1a: monroe|111\/381
|cant|p1a: monroe|flinch
|
|-heal|p1a: monroe|134\/381|[from] item: Leftovers
|turn|3
|c|âso long lonesome|na toll
|
|switch|p1a: deal of thought|Kyurem-Black|391\/391
|-ability|p1a: deal of thought|Teravolt
|move|p2a: Gyarados|Substitute|p2a: Gyarados
|-start|p2a: Gyarados|Substitute
|-damage|p2a: Gyarados|249\/331
|
|turn|4
|
|move|p2a: Gyarados|Earthquake|p1a: deal of thought
|-damage|p1a: deal of thought|240\/391
|move|p1a: deal of thought|Fusion Bolt|p2a: Gyarados
|-supereffective|p2a: Gyarados
|-end|p2a: Gyarados|Substitute
|
|turn|5
|
|switch|p2a: Excadrill|Excadrill, F|361\/361
|-damage|p2a: Excadrill|350\/361|[from] Stealth Rock
|-ability|p2a: Excadrill|Mold Breaker
|switch|p1a: monroe|Landorus-Therian, M|134\/381
|-ability|p1a: monroe|Intimidate|[of] p2a: Excadrill
|-unboost|p2a: Excadrill|atk|1
|
|-heal|p1a: monroe|157\/381|[from] item: Leftovers
|turn|6
|
|move|p2a: Excadrill|Rapid Spin|p1a: monroe
|-damage|p1a: monroe|144\/381
|-sideend|p2: Adenosine 3-P|Stealth Rock|[from] move: Rapid Spin|[of] p2a: Excadrill
|move|p1a: monroe|Earthquake|p2a: Excadrill
|-supereffective|p2a: Excadrill
|-damage|p2a: Excadrill|0 fnt
|faint|p2a: Excadrill
|
|-heal|p1a: monroe|167\/381|[from] item: Leftovers
|
|switch|p2a: Amoonguss|Amoonguss, F|432\/432
|turn|7
|
|move|p1a: monroe|Stealth Rock|p2a: Amoonguss
|-sidestart|p2: Adenosine 3-P|move: Stealth Rock
|move|p2a: Amoonguss|Spore|p1a: monroe
|-status|p1a: monroe|slp
|
|-heal|p1a: monroe|190\/381 slp|[from] item: Leftovers
|turn|8
|
|switch|p1a: needa talk|Jirachi|341\/341
|move|p2a: Amoonguss|Foul Play|p1a: needa talk
|-supereffective|p1a: needa talk
|-damage|p1a: needa talk|141\/341
|
|turn|9
|
|move|p1a: needa talk|U-turn|p2a: Amoonguss
|-damage|p2a: Amoonguss|364\/432
|
|switch|p1a: no rush|Weavile, M|281\/281
|-ability|p1a: no rush|Pressure
|move|p2a: Amoonguss|Foul Play|p1a: no rush
|-resisted|p1a: no rush
|-damage|p1a: no rush|200\/281
|
|-heal|p2a: Amoonguss|391\/432|[from] item: Black Sludge
|turn|10
|
|move|p1a: no rush|Knock Off|p2a: Amoonguss
|-damage|p2a: Amoonguss|184\/432
|-enditem|p2a: Amoonguss|Black Sludge|[from] move: Knock Off|[of] p1a: no rush
|-damage|p1a: no rush|172\/281|[from] item: Life Orb
|move|p2a: Amoonguss|Giga Drain|p1a: no rush
|-damage|p1a: no rush|90\/281
|-heal|p2a: Amoonguss|225\/432|[from] drain|[of] p1a: no rush
|
|turn|11
|
|switch|p2a: Slowbro|Slowbro, M|394\/394
|-damage|p2a: Slowbro|345\/394|[from] Stealth Rock
|move|p1a: no rush|Icicle Crash|p2a: Slowbro
|-resisted|p2a: Slowbro
|-damage|p2a: Slowbro|279\/394
|-damage|p1a: no rush|62\/281|[from] item: Life Orb
|
|turn|12
|
|switch|p2a: Gyarados|Gyarados-Mega, M, shiny|249\/331
|-damage|p2a: Gyarados|208\/331|[from] Stealth Rock
|-ability|p2a: Gyarados|Mold Breaker
|move|p1a: no rush|Knock Off|p2a: Gyarados
|-resisted|p2a: Gyarados
|-damage|p2a: Gyarados|138\/331
|-damage|p1a: no rush|34\/281|[from] item: Life Orb
|
|turn|13
|
|move|p1a: no rush|Low Kick|p2a: Gyarados
|-supereffective|p2a: Gyarados
|-damage|p2a: Gyarados|0 fnt
|-damage|p1a: no rush|6\/281|[from] item: Life Orb
|faint|p2a: Gyarados
|
|
|switch|p2a: Tornadus-Therian|Tornadus-Therian, M|332\/332
|-damage|p2a: Tornadus-Therian|249\/332|[from] Stealth Rock
|turn|14
|
|switch|p1a: maybe a problem|Manectric, M|281\/281
|switch|p2a: Slowbro|Slowbro, M|394\/394
|-damage|p2a: Slowbro|345\/394|[from] Stealth Rock
|
|turn|15
|
|switch|p2a: Amoonguss|Amoonguss, F|369\/432
|-damage|p2a: Amoonguss|315\/432|[from] Stealth Rock
|detailschange|p1a: maybe a problem|Manectric-Mega, M
|-mega|p1a: maybe a problem|Manectric|Manectite
|-ability|p1a: maybe a problem|Intimidate|[of] p2a: Amoonguss
|-unboost|p2a: Amoonguss|atk|1
|move|p1a: maybe a problem|Volt Switch|p2a: Amoonguss
|-resisted|p2a: Amoonguss
|-damage|p2a: Amoonguss|246\/432
|
|switch|p1a: needa talk|Jirachi|141\/341
|
|turn|16
|
|move|p1a: needa talk|Healing Wish|p1a: needa talk
|faint|p1a: needa talk
|move|p2a: Amoonguss|Foul Play|p1: needa talk|[notarget]
|-notarget
|
|
|switch|p1a: no rush|Weavile, M|6\/281
|-heal|p1a: no rush|281\/281|[from] move: Healing Wish
|-ability|p1a: no rush|Pressure
|turn|17
|leave|Adenosine 3-P
|player|p2
|-message|adenosine3p lost due to inactivity.
|
|win|so long lonesome
|raw|Ladder updating...
|raw|so long lonesome's rating: 1639 &rarr; <strong>1655<\/strong><br \/>(+16 for winning)
|raw|Adenosine 3-P's rating: 1572 &rarr; <strong>1556<\/strong><br \/>(-16 for losing)