|join|MajinYoshi
|join|so long lonesome
|player|p1|MajinYoshi|33
|player|p2|so long lonesome|244
|gametype|singles
|gen|6
|tier|OU
|rated
|clearpoke
|poke|p1|Starmie
|poke|p1|Garchomp, M
|poke|p1|Slowbro, M
|poke|p1|Thundurus-Therian, M
|poke|p1|Heatran, M
|poke|p1|Ferrothorn, M
|poke|p2|Starmie
|poke|p2|Venusaur, F
|poke|p2|Crawdaunt, M
|poke|p2|Tornadus-Therian, M
|poke|p2|Gliscor, F
|poke|p2|Garchomp, F
|rule|Swagger Clause: Swagger is banned
|rule|Baton Pass Clause: Limit one PokÃ©mon knowing Baton Pass
|rule|Sleep Clause Mod: Limit one foe put to sleep
|rule|Species Clause: Limit one of each PokÃ©mon
|rule|OHKO Clause: OHKO moves are banned
|rule|Moody Clause: Moody is banned
|rule|Evasion Moves Clause: Evasion moves are banned
|rule|Endless Battle Clause: Forcing endless battles is banned
|rule|HP Percentage Mod: HP is shown in percentages
|teampreview
|
|start
|switch|p1a: Ruben|Starmie|261\/261
|switch|p2a: balance|Garchomp, F|419\/419
|turn|1
|
|switch|p1a: Raijin|Thundurus-Therian, M|299\/299
|switch|p2a: heavens backbone|Tornadus-Therian, M|309\/309
|
|turn|2
|
|move|p1a: Raijin|Hidden Power|p2a: heavens backbone
|-supereffective|p2a: heavens backbone
|-damage|p2a: heavens backbone|199\/309
|move|p2a: heavens backbone|U-turn|p1a: Raijin
|-resisted|p1a: Raijin
|-damage|p1a: Raijin|264\/299
|
|switch|p2a: oh boi|Crawdaunt, M|267\/267
|
|turn|3
|
|switch|p1a: Pyrrhon|Heatran, M|386\/386
|move|p2a: oh boi|Knock Off|p1a: Pyrrhon
|-damage|p1a: Pyrrhon|54\/386
|-enditem|p1a: Pyrrhon|Leftovers|[from] move: Knock Off|[of] p2a: oh boi
|
|turn|4
|
|move|p2a: oh boi|Knock Off|p1a: Pyrrhon
|-crit|p1a: Pyrrhon
|-damage|p1a: Pyrrhon|0 fnt
|faint|p1a: Pyrrhon
|
|
|switch|p1a: Chris|Ferrothorn, M|352\/352
|turn|5
|
|move|p2a: oh boi|Knock Off|p1a: Chris
|-damage|p1a: Chris|128\/352
|-damage|p2a: oh boi|234\/267|[from] ability: Iron Barbs|[of] p1a: Chris
|-enditem|p1a: Chris|Leftovers|[from] move: Knock Off|[of] p2a: oh boi
|move|p1a: Chris|Leech Seed|p2a: oh boi|[miss]
|-miss|p1a: Chris|p2a: oh boi
|
|turn|6
|
|switch|p2a: balance|Garchomp, F|419\/419
|move|p1a: Chris|Power Whip|p2a: balance
|-damage|p2a: balance|304\/419
|-damage|p1a: Chris|84\/352|[from] ability: Rough Skin|[of] p2a: balance
|-damage|p1a: Chris|26\/352|[from] item: Rocky Helmet|[of] p2a: balance
|
|turn|7
|
|move|p2a: balance|Stealth Rock|p1a: Chris
|-sidestart|p1: MajinYoshi|move: Stealth Rock
|move|p1a: Chris|Spikes|p2a: balance
|-sidestart|p2: so long lonesome|Spikes
|
|turn|8
|
|switch|p1a: Josh|Slowbro, M|393\/393
|-damage|p1a: Josh|344\/393|[from] Stealth Rock
|move|p2a: balance|Earthquake|p1a: Josh
|-damage|p1a: Josh|239\/393
|
|turn|9
|
|move|p2a: balance|Swords Dance|p2a: balance
|-boost|p2a: balance|atk|2
|move|p1a: Josh|Scald|p2a: balance
|-damage|p2a: balance|192\/419
|
|turn|10
|
|switch|p1a: Chris|Ferrothorn, M|26\/352
|-damage|p1a: Chris|4\/352|[from] Stealth Rock
|move|p2a: balance|Earthquake|p1a: Chris
|-damage|p1a: Chris|0 fnt
|faint|p1a: Chris
|
|
|switch|p1a: Ruben|Starmie|261\/261
|-damage|p1a: Ruben|229\/261|[from] Stealth Rock
|turn|11
|
|switch|p2a: heavens backbone|Tornadus-Therian, M|302\/309
|move|p1a: Ruben|Ice Beam|p2a: heavens backbone
|-supereffective|p2a: heavens backbone
|-damage|p2a: heavens backbone|73\/309
|-status|p2a: heavens backbone|frz
|-damage|p1a: Ruben|203\/261|[from] item: Life Orb
|
|turn|12
|
|switch|p2a: krengverein|Starmie|323\/323
|-damage|p2a: krengverein|283\/323|[from] Spikes
|move|p1a: Ruben|Ice Beam|p2a: krengverein
|-resisted|p2a: krengverein
|-damage|p2a: krengverein|195\/323
|-status|p2a: krengverein|frz
|-damage|p1a: Ruben|177\/261|[from] item: Life Orb
|
|-heal|p2a: krengverein|215\/323 frz|[from] item: Leftovers
|turn|13
|c|âMajinYoshi|well
|
|switch|p1a: Raijin|Thundurus-Therian, M|264\/299
|-damage|p1a: Raijin|190\/299|[from] Stealth Rock
|-curestatus|p2a: krengverein|frz
|move|p2a: krengverein|Scald|p1a: Raijin
|-damage|p1a: Raijin|73\/299
|
|-heal|p2a: krengverein|235\/323|[from] item: Leftovers
|turn|14
|
|switch|p2a: balance|Garchomp, F|192\/419
|-damage|p2a: balance|140\/419|[from] Spikes
|move|p1a: Raijin|Hidden Power|p2a: balance
|-crit|p2a: balance
|-supereffective|p2a: balance
|-damage|p2a: balance|0 fnt
|faint|p2a: balance
|
|
|switch|p2a: krengverein|Starmie|235\/323
|-damage|p2a: krengverein|195\/323|[from] Spikes
|turn|15
|
|switch|p1a: Josh|Slowbro, M|370\/393
|-damage|p1a: Josh|321\/393|[from] Stealth Rock
|move|p2a: krengverein|Rapid Spin|p1a: Josh
|-damage|p1a: Josh|314\/393
|-sideend|p2: so long lonesome|Spikes|[from] move: Rapid Spin|[of] p2a: krengverein
|
|-heal|p2a: krengverein|215\/323|[from] item: Leftovers
|turn|16
|
|switch|p2a: oh boi|Crawdaunt, M|234\/267
|detailschange|p1a: Josh|Slowbro-Mega, M
|-mega|p1a: Josh|Slowbro|Slowbronite
|move|p1a: Josh|Calm Mind|p1a: Josh
|-boost|p1a: Josh|spa|1
|-boost|p1a: Josh|spd|1
|
|turn|17
|
|move|p2a: oh boi|Crunch|p1a: Josh
|-supereffective|p1a: Josh
|-damage|p1a: Josh|38\/393
|move|p1a: Josh|Scald|p2a: oh boi
|-resisted|p2a: oh boi
|-damage|p2a: oh boi|97\/267
|-status|p2a: oh boi|brn
|
|-damage|p2a: oh boi|64\/267 brn|[from] brn
|turn|18
|
|move|p2a: oh boi|Crunch|p1a: Josh
|-supereffective|p1a: Josh
|-damage|p1a: Josh|0 fnt
|faint|p1a: Josh
|
|-damage|p2a: oh boi|31\/267 brn|[from] brn
|
|switch|p1a: Scimitar|Garchomp, M|357\/357
|-damage|p1a: Scimitar|335\/357|[from] Stealth Rock
|turn|19
|
|move|p1a: Scimitar|Earthquake|p2a: oh boi
|-damage|p2a: oh boi|0 fnt
|faint|p2a: oh boi
|
|
|switch|p2a: show gratitude|Gliscor, F|353\/353
|turn|20
|
|move|p1a: Scimitar|Swords Dance|p1a: Scimitar
|-boost|p1a: Scimitar|atk|2
|move|p2a: show gratitude|Substitute|p2a: show gratitude
|-start|p2a: show gratitude|Substitute
|-damage|p2a: show gratitude|265\/353
|
|-status|p2a: show gratitude|tox|[from] item: Toxic Orb
|turn|21
|
|move|p1a: Scimitar|Outrage|p2a: show gratitude
|-end|p2a: show gratitude|Substitute
|move|p2a: show gratitude|Baton Pass|p2a: show gratitude
|
|switch|p2a: heavens backbone|Tornadus-Therian, M|176\/309 frz
|
|turn|22
|
|cant|p2a: heavens backbone|frz
|move|p1a: Scimitar|Outrage|p2a: heavens backbone
|-damage|p2a: heavens backbone|0 fnt
|faint|p2a: heavens backbone
|
|
|switch|p2a: krengverein|Starmie|215\/323
|turn|23
|
|move|p2a: krengverein|Ice Beam|p1a: Scimitar
|-supereffective|p1a: Scimitar
|-damage|p1a: Scimitar|0 fnt
|faint|p1a: Scimitar
|
|-heal|p2a: krengverein|235\/323|[from] item: Leftovers
|
|switch|p1a: Ruben|Starmie|177\/261
|-damage|p1a: Ruben|145\/261|[from] Stealth Rock
|turn|24
|
|move|p1a: Ruben|Ice Beam|p2a: krengverein
|-resisted|p2a: krengverein
|-damage|p2a: krengverein|171\/323
|-status|p2a: krengverein|frz
|-damage|p1a: Ruben|119\/261|[from] item: Life Orb
|-curestatus|p2a: krengverein|frz
|move|p2a: krengverein|Scald|p1a: Ruben
|-crit|p1a: Ruben
|-resisted|p1a: Ruben
|-damage|p1a: Ruben|32\/261
|
|-heal|p2a: krengverein|191\/323|[from] item: Leftovers
|turn|25
|
|move|p1a: Ruben|Rapid Spin|p2a: krengverein
|-damage|p2a: krengverein|174\/323
|-sideend|p1: MajinYoshi|Stealth Rock|[from] move: Rapid Spin|[of] p1a: Ruben
|-damage|p1a: Ruben|6\/261|[from] item: Life Orb
|move|p2a: krengverein|Scald|p1a: Ruben
|-resisted|p1a: Ruben
|-damage|p1a: Ruben|0 fnt
|faint|p1a: Ruben
|
|-heal|p2a: krengverein|194\/323|[from] item: Leftovers
|c|âMajinYoshi|gg
|
|switch|p1a: Raijin|Thundurus-Therian, M|73\/299
|turn|26
|
|move|p1a: Raijin|Hidden Power|p2a: krengverein
|-resisted|p2a: krengverein
|-damage|p2a: krengverein|153\/323
|move|p2a: krengverein|Ice Beam|p1a: Raijin
|-supereffective|p1a: Raijin
|-damage|p1a: Raijin|0 fnt
|faint|p1a: Raijin
|
|win|so long lonesome
|raw|Ladder updating...