|join|obliviatee
|join|so long lonesome
|join|Wooppermann
|join|Mise en abyme
|player|p1|obliviatee|266
|player|p2|so long lonesome|244
|gametype|singles
|gen|6
|tier|OU
|rated
|clearpoke
|poke|p1|Dragalge, F
|poke|p1|Gyarados, M
|poke|p1|Volcarona, F
|poke|p1|Starmie
|poke|p1|Gliscor, F
|poke|p1|Ferrothorn, F
|poke|p2|Keldeo-Resolute
|poke|p2|Venusaur, F
|poke|p2|Starmie
|poke|p2|Tornadus-Therian, M
|poke|p2|Gliscor, F
|poke|p2|Crawdaunt, M
|rule|Swagger Clause: Swagger is banned
|rule|Baton Pass Clause: Limit one PokÃ©mon knowing Baton Pass
|rule|Sleep Clause Mod: Limit one foe put to sleep
|rule|Species Clause: Limit one of each PokÃ©mon
|rule|OHKO Clause: OHKO moves are banned
|rule|Moody Clause: Moody is banned
|rule|Evasion Moves Clause: Evasion moves are banned
|rule|Endless Battle Clause: Forcing endless battles is banned
|rule|HP Percentage Mod: HP is shown in percentages
|teampreview
|join|fgnfm
|c|âso long lonesome|HALLO FLO
|
|start
|switch|p1a: Gliscor|Gliscor, F|352\/352
|switch|p2a: show gratitude|Gliscor, F|353\/353
|turn|1
|c|âobliviatee|hi ?_?
|join|Parzi Arzi
|c| Parzi Arzi|oh hi flo
|c|âobliviatee|hi parthiarthi
|
|switch|p2a: grandma loved me|Keldeo-Resolute|323\/323
|move|p1a: Gliscor|Swords Dance|p1a: Gliscor
|-boost|p1a: Gliscor|atk|2
|
|-status|p1a: Gliscor|tox|[from] item: Toxic Orb
|turn|2
|
|switch|p1a: Starmie|Starmie|324\/324
|move|p2a: grandma loved me|Hydro Pump|p1a: Starmie
|-resisted|p1a: Starmie
|-damage|p1a: Starmie|155\/324
|
|-heal|p1a: Starmie|175\/324|[from] item: Leftovers
|turn|3
|
|switch|p2a: heavens backbone|Tornadus-Therian, M|309\/309
|move|p1a: Starmie|Recover|p1a: Starmie
|-heal|p1a: Starmie|324\/324
|
|turn|4
|
|switch|p1a: Gliscor|Gliscor, F|352\/352 tox
|move|p2a: heavens backbone|U-turn|p1a: Gliscor
|-resisted|p1a: Gliscor
|-damage|p1a: Gliscor|337\/352 tox
|
|switch|p2a: show gratitude|Gliscor, F|353\/353
|
|-heal|p1a: Gliscor|352\/352 tox|[from] ability: Poison Heal
|-status|p2a: show gratitude|tox|[from] item: Toxic Orb
|turn|5
|
|move|p2a: show gratitude|Taunt|p1a: Gliscor
|-start|p1a: Gliscor|move: Taunt
|cant|p1a: Gliscor|move: Taunt|Baton Pass
|
|turn|6
|
|switch|p1a: Starmie|Starmie|324\/324
|move|p2a: show gratitude|Substitute|p2a: show gratitude
|-start|p2a: show gratitude|Substitute
|-damage|p2a: show gratitude|265\/353 tox
|
|-heal|p2a: show gratitude|309\/353 tox|[from] ability: Poison Heal
|turn|7
|
|move|p1a: Starmie|Scald|p2a: show gratitude
|-supereffective|p2a: show gratitude
|-end|p2a: show gratitude|Substitute
|move|p2a: show gratitude|Baton Pass|p2a: show gratitude
|
|switch|p2a: oh boi|Crawdaunt, M|267\/267
|
|turn|8
|c| Wooppermann|limo
|c| Wooppermann|laughing in my oma
|c|âobliviatee|passt
|c| Mise en abyme|ist das Ã¼berhaupt legal
|c|âso long lonesome|vielleicht ist es ja tatsÃ¤chlich so
|
|switch|p1a: Gyarados|Gyarados, M|331\/331
|-ability|p1a: Gyarados|Intimidate|[of] p2a: oh boi
|-unboost|p2a: oh boi|atk|1
|move|p2a: oh boi|Knock Off|p1a: Gyarados
|-damage|p1a: Gyarados|151\/331
|
|turn|9
|c| Mise en abyme|ich komm mir selbst entfremdet vor
|c|âso long lonesome|verrenn mich so
|
|switch|p2a: grandma loved me|Keldeo-Resolute|323\/323
|detailschange|p1a: Gyarados|Gyarados-Mega, M
|-mega|p1a: Gyarados|Gyarados|Gyaradosite
|-ability|p1a: Gyarados|Mold Breaker
|move|p1a: Gyarados|Crunch|p2a: grandma loved me
|-resisted|p2a: grandma loved me
|-damage|p2a: grandma loved me|219\/323
|-boost|p2a: grandma loved me|atk|1|[from] ability: Justified
|
|turn|10
|
|switch|p2a: oh boi|Crawdaunt, M|267\/267
|move|p1a: Gyarados|Crunch|p2a: oh boi
|-resisted|p2a: oh boi
|-damage|p2a: oh boi|169\/267
|
|turn|11
|
|switch|p1a: Starmie|Starmie|324\/324
|switch|p2a: grandma loved me|Keldeo-Resolute|219\/323
|
|turn|12
|
|switch|p2a: heavens backbone|Tornadus-Therian, M|309\/309
|move|p1a: Starmie|Scald|p2a: heavens backbone
|-damage|p2a: heavens backbone|245\/309
|
|turn|13
|
|switch|p1a: Gliscor|Gliscor, F|352\/352 tox
|move|p2a: heavens backbone|Knock Off|p1a: Gliscor
|-damage|p1a: Gliscor|305\/352 tox
|-enditem|p1a: Gliscor|Toxic Orb|[from] move: Knock Off|[of] p2a: heavens backbone
|
|-heal|p1a: Gliscor|349\/352 tox|[from] ability: Poison Heal
|turn|14
|
|move|p2a: heavens backbone|U-turn|p1a: Gliscor
|-resisted|p1a: Gliscor
|-damage|p1a: Gliscor|334\/352 tox
|
|switch|p2a: show gratitude|Gliscor, F|309\/353 tox
|move|p1a: Gliscor|Baton Pass|p1a: Gliscor
|
|switch|p1a: Volcarona|Volcarona, F|335\/335
|
|-heal|p2a: show gratitude|353\/353 tox|[from] ability: Poison Heal
|turn|15
|
|switch|p2a: heavens backbone|Tornadus-Therian, M|309\/309
|move|p1a: Volcarona|Quiver Dance|p1a: Volcarona
|-boost|p1a: Volcarona|spa|1
|-boost|p1a: Volcarona|spd|1
|-boost|p1a: Volcarona|spe|1
|
|turn|16
|
|move|p1a: Volcarona|Fire Blast|p2a: heavens backbone
|-damage|p2a: heavens backbone|50\/309
|move|p2a: heavens backbone|Hurricane|p1a: Volcarona
|-crit|p1a: Volcarona
|-supereffective|p1a: Volcarona
|-damage|p1a: Volcarona|0 fnt
|faint|p1a: Volcarona
|
|
|switch|p1a: Gliscor|Gliscor, F|334\/352 tox
|turn|17
|
|move|p2a: heavens backbone|U-turn|p1a: Gliscor
|-resisted|p1a: Gliscor
|-damage|p1a: Gliscor|318\/352 tox
|
|switch|p2a: show gratitude|Gliscor, F|353\/353 tox
|move|p1a: Gliscor|Baton Pass|p1a: Gliscor
|
|switch|p1a: Starmie|Starmie|324\/324
|
|turn|18
|
|switch|p2a: just not leaving|Venusaur, F|341\/341
|move|p1a: Starmie|Scald|p2a: just not leaving
|-resisted|p2a: just not leaving
|-damage|p2a: just not leaving|293\/341
|
|turn|19
|
|switch|p1a: Dragalge|Dragalge, F|334\/334
|detailschange|p2a: just not leaving|Venusaur-Mega, F
|-mega|p2a: just not leaving|Venusaur|Venusaurite
|move|p2a: just not leaving|Hidden Power|p1a: Dragalge
|-resisted|p1a: Dragalge
|-damage|p1a: Dragalge|302\/334
|
|turn|20
|
|move|p2a: just not leaving|Synthesis|p2a: just not leaving
|-heal|p2a: just not leaving|341\/341
|move|p1a: Dragalge|Sludge Wave|p2a: just not leaving
|-damage|p2a: just not leaving|105\/341
|
|turn|21
|
|switch|p2a: show gratitude|Gliscor, F|353\/353 tox
|switch|p1a: Starmie|Starmie|324\/324
|
|turn|22
|c|âso long lonesome|der played mich einfach
|
|switch|p2a: heavens backbone|Tornadus-Therian, M|153\/309
|move|p1a: Starmie|Psyshock|p2a: heavens backbone
|-damage|p2a: heavens backbone|45\/309
|
|turn|23
|c|âobliviatee|^_^
|
|move|p2a: heavens backbone|U-turn|p1a: Starmie
|-supereffective|p1a: Starmie
|-damage|p1a: Starmie|244\/324
|
|switch|p2a: krengverein|Starmie|323\/323
|move|p1a: Starmie|Recover|p1a: Starmie
|-heal|p1a: Starmie|324\/324
|
|turn|24
|
|move|p2a: krengverein|Scald|p1a: Starmie
|-resisted|p1a: Starmie
|-damage|p1a: Starmie|271\/324
|-status|p1a: Starmie|brn
|move|p1a: Starmie|Scald|p2a: krengverein
|-resisted|p2a: krengverein
|-damage|p2a: krengverein|272\/323
|-status|p2a: krengverein|brn
|
|-heal|p2a: krengverein|292\/323 brn|[from] item: Leftovers
|-heal|p1a: Starmie|291\/324 brn|[from] item: Leftovers
|-damage|p2a: krengverein|252\/323 brn|[from] brn
|-damage|p1a: Starmie|251\/324 brn|[from] brn
|turn|25
|
|switch|p2a: show gratitude|Gliscor, F|353\/353 tox
|switch|p1a: Ferrothorn|Ferrothorn, F|352\/352
|
|turn|26
|
|switch|p1a: Starmie|Starmie|251\/324
|move|p2a: show gratitude|Taunt|p1a: Starmie
|-start|p1a: Starmie|move: Taunt
|
|-heal|p1a: Starmie|271\/324|[from] item: Leftovers
|turn|27
|
|move|p1a: Starmie|Psyshock|p2a: show gratitude
|-damage|p2a: show gratitude|280\/353 tox
|move|p2a: show gratitude|Baton Pass|p2a: show gratitude
|
|switch|p2a: heavens backbone|Tornadus-Therian, M|148\/309
|
|-heal|p1a: Starmie|291\/324|[from] item: Leftovers
|turn|28
|
|move|p2a: heavens backbone|Knock Off|p1a: Starmie
|-supereffective|p1a: Starmie
|-damage|p1a: Starmie|181\/324
|-enditem|p1a: Starmie|Leftovers|[from] move: Knock Off|[of] p2a: heavens backbone
|move|p1a: Starmie|Scald|p2a: heavens backbone
|-damage|p2a: heavens backbone|73\/309
|
|turn|29
|
|move|p2a: heavens backbone|U-turn|p1a: Starmie
|-supereffective|p1a: Starmie
|-damage|p1a: Starmie|95\/324
|
|switch|p2a: krengverein|Starmie|252\/323
|move|p1a: Starmie|Scald|p2a: krengverein
|-resisted|p2a: krengverein
|-damage|p2a: krengverein|201\/323
|
|-heal|p2a: krengverein|221\/323|[from] item: Leftovers
|-end|p1a: Starmie|move: Taunt
|turn|30
|
|switch|p2a: heavens backbone|Tornadus-Therian, M|176\/309
|move|p1a: Starmie|Recover|p1a: Starmie
|-heal|p1a: Starmie|257\/324
|
|turn|31
|
|move|p2a: heavens backbone|U-turn|p1a: Starmie
|-supereffective|p1a: Starmie
|-damage|p1a: Starmie|169\/324
|
|switch|p2a: krengverein|Starmie|221\/323
|move|p1a: Starmie|Recover|p1a: Starmie
|-heal|p1a: Starmie|324\/324
|
|-heal|p2a: krengverein|241\/323|[from] item: Leftovers
|turn|32
|c| Mise en abyme|wollt ihr euch mal beeilen
|
|switch|p1a: Dragalge|Dragalge, F|302\/334
|move|p2a: krengverein|Scald|p1a: Dragalge
|-resisted|p1a: Dragalge
|-damage|p1a: Dragalge|262\/334
|
|-heal|p2a: krengverein|261\/323|[from] item: Leftovers
|turn|33
|c| Mise en abyme|es ist verdammt langweilig
|c|âso long lonesome|lol chill mein sÃ¼Ãer
|c|âso long lonesome|laughing out loud
|
|move|p2a: krengverein|Psyshock|p1a: Dragalge
|-supereffective|p1a: Dragalge
|-damage|p1a: Dragalge|58\/334
|move|p1a: Dragalge|Draco Meteor|p2a: krengverein
|-damage|p2a: krengverein|0 fnt
|-unboost|p1a: Dragalge|spa|2
|faint|p2a: krengverein
|
|
|switch|p2a: just not leaving|Venusaur-Mega, F|105\/341
|turn|34
|
|move|p2a: just not leaving|Synthesis|p2a: just not leaving
|-heal|p2a: just not leaving|275\/341
|move|p1a: Dragalge|Draco Meteor|p2a: just not leaving
|-damage|p2a: just not leaving|93\/341
|-unboost|p1a: Dragalge|spa|2
|
|turn|35
|
|switch|p1a: Gliscor|Gliscor, F|318\/352 tox
|move|p2a: just not leaving|Synthesis|p2a: just not leaving
|-heal|p2a: just not leaving|263\/341
|
|-heal|p1a: Gliscor|352\/352 tox|[from] ability: Poison Heal
|turn|36
|
|move|p1a: Gliscor|Baton Pass|p1a: Gliscor
|c| Mise en abyme|arthur macht mich immer traurig
|
|switch|p1a: Ferrothorn|Ferrothorn, F|352\/352
|move|p2a: just not leaving|Giga Drain|p1a: Ferrothorn
|-resisted|p1a: Ferrothorn
|-damage|p1a: Ferrothorn|322\/352
|-heal|p2a: just not leaving|278\/341|[from] drain|[of] p1a: Ferrothorn
|
|-heal|p1a: Ferrothorn|344\/352|[from] item: Leftovers
|turn|37
|c|âso long lonesome|KRENGVEREIN
|c|âso long lonesome|LOOOOS
|
|switch|p1a: Starmie|Starmie|324\/324
|move|p2a: just not leaving|Hidden Power|p1a: Starmie
|-resisted|p1a: Starmie
|-damage|p1a: Starmie|280\/324
|
|turn|38
|
|move|p1a: Starmie|Scald|p2a: just not leaving
|-crit|p2a: just not leaving
|-resisted|p2a: just not leaving
|-damage|p2a: just not leaving|219\/341
|-status|p2a: just not leaving|brn
|move|p2a: just not leaving|Giga Drain|p1a: Starmie
|-supereffective|p1a: Starmie
|-damage|p1a: Starmie|0 fnt
|-heal|p2a: just not leaving|341\/341 brn|[from] drain|[of] p1a: Starmie
|faint|p1a: Starmie
|
|-damage|p2a: just not leaving|299\/341 brn|[from] brn
|c| Mise en abyme|WAS WILL DER KRENG
|c|âso long lonesome|aber nicht der bjÃ¶rn
|
|switch|p1a: Gliscor|Gliscor, F|352\/352 tox
|turn|39
|c| Wooppermann|och ne der bÃ¶rn
|c| Mise en abyme|MEIN SCHWAMMPFERD BRENNT
|
|switch|p2a: show gratitude|Gliscor, F|280\/353 tox
|move|p1a: Gliscor|Swords Dance|p1a: Gliscor
|-boost|p1a: Gliscor|atk|2
|
|-heal|p2a: show gratitude|324\/353 tox|[from] ability: Poison Heal
|turn|40
|
|switch|p1a: Gyarados|Gyarados-Mega, M|151\/331
|-ability|p1a: Gyarados|Mold Breaker
|move|p2a: show gratitude|Taunt|p1a: Gyarados
|-start|p1a: Gyarados|move: Taunt
|
|-heal|p2a: show gratitude|353\/353 tox|[from] ability: Poison Heal
|turn|41
|
|switch|p2a: grandma loved me|Keldeo-Resolute|219\/323
|move|p1a: Gyarados|Crunch|p2a: grandma loved me
|-resisted|p2a: grandma loved me
|-damage|p2a: grandma loved me|114\/323
|-boost|p2a: grandma loved me|atk|1|[from] ability: Justified
|
|turn|42
|
|switch|p1a: Gliscor|Gliscor, F|352\/352 tox
|move|p2a: grandma loved me|Secret Sword|p1a: Gliscor
|-resisted|p1a: Gliscor
|-damage|p1a: Gliscor|283\/352 tox
|
|-heal|p1a: Gliscor|327\/352 tox|[from] ability: Poison Heal
|turn|43
|
|move|p2a: grandma loved me|Secret Sword|p1a: Gliscor
|-resisted|p1a: Gliscor
|-damage|p1a: Gliscor|248\/352 tox
|move|p1a: Gliscor|Baton Pass|p1a: Gliscor
|
|switch|p1a: Dragalge|Dragalge, F|58\/334
|
|turn|44
|
|switch|p1a: Gliscor|Gliscor, F|248\/352 tox
|move|p2a: grandma loved me|Secret Sword|p1a: Gliscor
|-resisted|p1a: Gliscor
|-damage|p1a: Gliscor|179\/352 tox
|
|-heal|p1a: Gliscor|223\/352 tox|[from] ability: Poison Heal
|turn|45
|
|switch|p2a: show gratitude|Gliscor, F|353\/353 tox
|move|p1a: Gliscor|Baton Pass|p1a: Gliscor
|
|switch|p1a: Gyarados|Gyarados-Mega, M|151\/331
|-ability|p1a: Gyarados|Mold Breaker
|
|turn|46
|
|move|p1a: Gyarados|Dragon Dance|p1a: Gyarados
|-boost|p1a: Gyarados|atk|1
|-boost|p1a: Gyarados|spe|1
|move|p2a: show gratitude|Earthquake|p1a: Gyarados
|-damage|p1a: Gyarados|54\/331
|
|turn|47
|
|move|p1a: Gyarados|Waterfall|p2a: show gratitude
|-supereffective|p2a: show gratitude
|-damage|p2a: show gratitude|0 fnt
|faint|p2a: show gratitude
|
|
|switch|p2a: just not leaving|Venusaur-Mega, F|299\/341 brn
|turn|48
|
|move|p1a: Gyarados|Crunch|p2a: just not leaving
|-damage|p2a: just not leaving|74\/341 brn
|move|p2a: just not leaving|Giga Drain|p1a: Gyarados
|-supereffective|p1a: Gyarados
|-damage|p1a: Gyarados|0 fnt
|-heal|p2a: just not leaving|101\/341 brn|[from] drain|[of] p1a: Gyarados
|faint|p1a: Gyarados
|
|-damage|p2a: just not leaving|59\/341 brn|[from] brn
|
|switch|p1a: Gliscor|Gliscor, F|223\/352 tox
|turn|49
|
|switch|p2a: grandma loved me|Keldeo-Resolute|114\/323
|move|p1a: Gliscor|Swords Dance|p1a: Gliscor
|-boost|p1a: Gliscor|atk|2
|
|-heal|p1a: Gliscor|267\/352 tox|[from] ability: Poison Heal
|turn|50
|
|switch|p1a: Dragalge|Dragalge, F|58\/334
|move|p2a: grandma loved me|Scald|p1a: Dragalge
|-resisted|p1a: Dragalge
|-damage|p1a: Dragalge|0 fnt
|faint|p1a: Dragalge
|
|
|switch|p1a: Ferrothorn|Ferrothorn, F|344\/352
|turn|51
|
|switch|p2a: just not leaving|Venusaur-Mega, F|59\/341 brn
|move|p1a: Ferrothorn|Stealth Rock|p2a: just not leaving
|-sidestart|p2: so long lonesome|move: Stealth Rock
|
|-heal|p1a: Ferrothorn|352\/352|[from] item: Leftovers
|-damage|p2a: just not leaving|17\/341 brn|[from] brn
|turn|52
|
|move|p2a: just not leaving|Synthesis|p2a: just not leaving
|-heal|p2a: just not leaving|187\/341 brn
|move|p1a: Ferrothorn|Gyro Ball|p2a: just not leaving
|-damage|p2a: just not leaving|78\/341 brn
|
|-damage|p2a: just not leaving|36\/341 brn|[from] brn
|turn|53
|
|move|p2a: just not leaving|Hidden Power|p1a: Ferrothorn
|-supereffective|p1a: Ferrothorn
|-damage|p1a: Ferrothorn|108\/352
|move|p1a: Ferrothorn|Gyro Ball|p2a: just not leaving
|-damage|p2a: just not leaving|0 fnt
|faint|p2a: just not leaving
|
|-heal|p1a: Ferrothorn|130\/352|[from] item: Leftovers
|
|switch|p2a: heavens backbone|Tornadus-Therian, M|279\/309
|-damage|p2a: heavens backbone|202\/309|[from] Stealth Rock
|turn|54
|
|move|p1a: Ferrothorn|Protect|p1a: Ferrothorn
|-singleturn|p1a: Ferrothorn|Protect
|move|p2a: heavens backbone|Heat Wave|p1a: Ferrothorn
|-activate|p1a: Ferrothorn|Protect
|
|-heal|p1a: Ferrothorn|152\/352|[from] item: Leftovers
|turn|55
|
|move|p2a: heavens backbone|Heat Wave|p1a: Ferrothorn
|-supereffective|p1a: Ferrothorn
|-damage|p1a: Ferrothorn|0 fnt
|faint|p1a: Ferrothorn
|
|
|switch|p1a: Gliscor|Gliscor, F|267\/352 tox
|turn|56
|
|move|p2a: heavens backbone|Hurricane|p1a: Gliscor|[miss]
|-miss|p2a: heavens backbone|p1a: Gliscor
|move|p1a: Gliscor|Roost|p1a: Gliscor
|-heal|p1a: Gliscor|352\/352 tox
|
|turn|57
|
|move|p2a: heavens backbone|Hurricane|p1a: Gliscor|[miss]
|-miss|p2a: heavens backbone|p1a: Gliscor
|move|p1a: Gliscor|Baton Pass|p1a: Gliscor
|-fail|p1a: Gliscor
|
|turn|58
|
|move|p2a: heavens backbone|Hurricane|p1a: Gliscor
|-damage|p1a: Gliscor|130\/352 tox
|-start|p1a: Gliscor|confusion
|-activate|p1a: Gliscor|confusion
|move|p1a: Gliscor|Roost|p1a: Gliscor
|-heal|p1a: Gliscor|306\/352 tox
|
|-heal|p1a: Gliscor|350\/352 tox|[from] ability: Poison Heal
|turn|59
|
|move|p2a: heavens backbone|Hurricane|p1a: Gliscor
|-damage|p1a: Gliscor|140\/352 tox
|-activate|p1a: Gliscor|confusion
|-damage|p1a: Gliscor|118\/352 tox|[from] confusion
|
|-heal|p1a: Gliscor|162\/352 tox|[from] ability: Poison Heal
|turn|60
|
|move|p2a: heavens backbone|Hurricane|p1a: Gliscor
|-damage|p1a: Gliscor|0 fnt
|faint|p1a: Gliscor
|
|win|so long lonesome
|raw|Ladder updating...
|raw|obliviatee's rating: 1406 &rarr; <strong>1384<\/strong><br \/>(-22 for losing)
|raw|so long lonesome's rating: 1380 &rarr; <strong>1402<\/strong><br \/>(+22 for winning)
|c|âobliviatee|gg :D
|leave|obliviatee