|join|so long lonesome
|join|Viperking7
|player|p1|so long lonesome|244
|player|p2|Viperking7|161
|gametype|singles
|gen|6
|tier|OU
|rated
|clearpoke
|poke|p1|Starmie
|poke|p1|Venusaur, F
|poke|p1|Crawdaunt, M
|poke|p1|Tornadus-Therian, M
|poke|p1|Gliscor, F
|poke|p1|Garchomp, F
|poke|p2|Metagross, shiny
|poke|p2|Landorus-Therian, M, shiny
|poke|p2|Raikou, shiny
|poke|p2|Heatran, M, shiny
|poke|p2|Latias, F, shiny
|poke|p2|Keldeo-Resolute, shiny
|rule|Swagger Clause: Swagger is banned
|rule|Baton Pass Clause: Limit one PokÃ©mon knowing Baton Pass
|rule|Sleep Clause Mod: Limit one foe put to sleep
|rule|Species Clause: Limit one of each PokÃ©mon
|rule|OHKO Clause: OHKO moves are banned
|rule|Moody Clause: Moody is banned
|rule|Evasion Moves Clause: Evasion moves are banned
|rule|Endless Battle Clause: Forcing endless battles is banned
|rule|HP Percentage Mod: HP is shown in percentages
|teampreview
|
|start
|switch|p1a: balance|Garchomp, F|419\/419
|switch|p2a: Landorus-Therian|Landorus-Therian, M, shiny|320\/320
|-ability|p2a: Landorus-Therian|Intimidate|[of] p1a: balance
|-unboost|p1a: balance|atk|1
|turn|1
|
|move|p2a: Landorus-Therian|U-turn|p1a: balance
|-crit|p1a: balance
|-damage|p1a: balance|298\/419
|-damage|p2a: Landorus-Therian|280\/320|[from] ability: Rough Skin|[of] p1a: balance
|-damage|p2a: Landorus-Therian|227\/320|[from] item: Rocky Helmet|[of] p1a: balance
|
|switch|p2a: Keldeo-Resolute|Keldeo-Resolute, shiny|324\/324
|move|p1a: balance|Stealth Rock|p2a: Keldeo-Resolute
|-sidestart|p2: Viperking7|move: Stealth Rock
|
|turn|2
|
|switch|p1a: heavens backbone|Tornadus-Therian, M|309\/309
|move|p2a: Keldeo-Resolute|Icy Wind|p1a: heavens backbone
|-crit|p1a: heavens backbone
|-supereffective|p1a: heavens backbone
|-damage|p1a: heavens backbone|124\/309
|-unboost|p1a: heavens backbone|spe|1
|
|turn|3
|
|switch|p1a: krengverein|Starmie|323\/323
|move|p2a: Keldeo-Resolute|Icy Wind|p1a: krengverein
|-miss|p2a: Keldeo-Resolute|p1a: krengverein
|
|turn|4
|
|switch|p1a: heavens backbone|Tornadus-Therian, M|227\/309
|switch|p2a: Latias|Latias, F, shiny|319\/319
|-damage|p2a: Latias|280\/319|[from] Stealth Rock
|
|turn|5
|
|move|p1a: heavens backbone|Knock Off|p2a: Latias
|-supereffective|p2a: Latias
|-damage|p2a: Latias|136\/319
|-enditem|p2a: Latias|Life Orb|[from] move: Knock Off|[of] p1a: heavens backbone
|move|p2a: Latias|Draco Meteor|p1a: heavens backbone
|-damage|p1a: heavens backbone|91\/309
|-unboost|p2a: Latias|spa|2
|
|turn|6
|
|switch|p2a: Keldeo-Resolute|Keldeo-Resolute, shiny|324\/324
|-damage|p2a: Keldeo-Resolute|304\/324|[from] Stealth Rock
|move|p1a: heavens backbone|Hurricane|p2a: Keldeo-Resolute
|-supereffective|p2a: Keldeo-Resolute
|-damage|p2a: Keldeo-Resolute|0 fnt
|faint|p2a: Keldeo-Resolute
|
|
|switch|p2a: Heatran|Heatran, M, shiny|386\/386
|-damage|p2a: Heatran|338\/386|[from] Stealth Rock
|turn|7
|
|move|p1a: heavens backbone|U-turn|p2a: Heatran
|-resisted|p2a: Heatran
|-damage|p2a: Heatran|326\/386
|
|switch|p1a: balance|Garchomp, F|298\/419
|move|p2a: Heatran|Stealth Rock|p1a: balance
|-sidestart|p1: so long lonesome|move: Stealth Rock
|
|-heal|p2a: Heatran|350\/386|[from] item: Leftovers
|turn|8
|
|switch|p2a: Landorus-Therian|Landorus-Therian, M, shiny|227\/320
|-damage|p2a: Landorus-Therian|187\/320|[from] Stealth Rock
|-ability|p2a: Landorus-Therian|Intimidate|[of] p1a: balance
|-unboost|p1a: balance|atk|1
|move|p1a: balance|Dragon Claw|p2a: Landorus-Therian
|-damage|p2a: Landorus-Therian|99\/320
|
|turn|9
|
|move|p2a: Landorus-Therian|Earthquake|p1a: balance
|-damage|p1a: balance|121\/419
|move|p1a: balance|Earthquake|p2a: Landorus-Therian
|-immune|p2a: Landorus-Therian|[msg]
|
|turn|10
|
|switch|p1a: show gratitude|Gliscor, F|353\/353
|-damage|p1a: show gratitude|309\/353|[from] Stealth Rock
|move|p2a: Landorus-Therian|Earthquake|p1a: show gratitude
|-immune|p1a: show gratitude|[msg]
|
|-status|p1a: show gratitude|tox|[from] item: Toxic Orb
|turn|11
|
|switch|p2a: Latias|Latias, F, shiny|136\/319
|-damage|p2a: Latias|97\/319|[from] Stealth Rock
|move|p1a: show gratitude|Substitute|p1a: show gratitude
|-start|p1a: show gratitude|Substitute
|-damage|p1a: show gratitude|221\/353 tox
|
|-heal|p1a: show gratitude|265\/353 tox|[from] ability: Poison Heal
|turn|12
|
|move|p2a: Latias|Psyshock|p1a: show gratitude
|-end|p1a: show gratitude|Substitute
|move|p1a: show gratitude|Baton Pass|p1a: show gratitude
|
|switch|p1a: heavens backbone|Tornadus-Therian, M|194\/309
|-damage|p1a: heavens backbone|117\/309|[from] Stealth Rock
|
|turn|13
|
|switch|p2a: Heatran|Heatran, M, shiny|350\/386
|-damage|p2a: Heatran|302\/386|[from] Stealth Rock
|move|p1a: heavens backbone|U-turn|p2a: Heatran
|-resisted|p2a: Heatran
|-damage|p2a: Heatran|290\/386
|
|switch|p1a: balance|Garchomp, F|121\/419
|-damage|p1a: balance|95\/419|[from] Stealth Rock
|
|-heal|p2a: Heatran|314\/386|[from] item: Leftovers
|turn|14
|
|move|p2a: Heatran|Protect|p2a: Heatran
|-singleturn|p2a: Heatran|Protect
|move|p1a: balance|Earthquake|p2a: Heatran
|-activate|p2a: Heatran|Protect
|
|-heal|p2a: Heatran|338\/386|[from] item: Leftovers
|turn|15
|
|switch|p2a: Latias|Latias, F, shiny|97\/319
|-damage|p2a: Latias|58\/319|[from] Stealth Rock
|move|p1a: balance|Dragon Claw|p2a: Latias
|-supereffective|p2a: Latias
|-damage|p2a: Latias|0 fnt
|faint|p2a: Latias
|
|
|switch|p2a: Raikou|Raikou, shiny|321\/321
|-damage|p2a: Raikou|281\/321|[from] Stealth Rock
|-ability|p2a: Raikou|Pressure
|turn|16
|c|âViperking7|that tornadus realy did a number on me
|
|move|p2a: Raikou|Hidden Power|p1a: balance
|-supereffective|p1a: balance
|-damage|p1a: balance|0 fnt
|faint|p1a: balance
|
|c|âso long lonesome|tornt is a lord
|c|âso long lonesome|taking hits all day
|c|âso long lonesome|being fast, gaining momentum, killing stuff
|c|âso long lonesome|really just good
|
|switch|p1a: just not leaving|Venusaur, F|341\/341
|-damage|p1a: just not leaving|299\/341|[from] Stealth Rock
|turn|17
|
|switch|p2a: Metagross|Metagross, shiny|302\/302
|-damage|p2a: Metagross|284\/302|[from] Stealth Rock
|detailschange|p1a: just not leaving|Venusaur-Mega, F
|-mega|p1a: just not leaving|Venusaur|Venusaurite
|move|p1a: just not leaving|Hidden Power|p2a: Metagross
|-supereffective|p2a: Metagross
|-damage|p2a: Metagross|120\/302
|
|turn|18
|
|switch|p1a: krengverein|Starmie|323\/323
|-damage|p1a: krengverein|283\/323|[from] Stealth Rock
|detailschange|p2a: Metagross|Metagross-Mega, shiny
|-mega|p2a: Metagross|Metagross|Metagrossite
|move|p2a: Metagross|Zen Headbutt|p1a: krengverein
|-resisted|p1a: krengverein
|-damage|p1a: krengverein|191\/323
|
|-heal|p1a: krengverein|211\/323|[from] item: Leftovers
|turn|19
|c|âViperking7|!data tornadus
|c|~|\/data-pokemon Tornadus

|c|âso long lonesome|!data tornadus-t
|c|~|\/data-pokemon Tornadus-Therian

|c|âViperking7|he dosent work everytime tho too much relaince on misssing move
|c|âViperking7|other than that hes awesom
|
|switch|p2a: Heatran|Heatran, M, shiny|338\/386
|-damage|p2a: Heatran|290\/386|[from] Stealth Rock
|move|p1a: krengverein|Rapid Spin|p2a: Heatran
|-resisted|p2a: Heatran
|-damage|p2a: Heatran|286\/386
|-sideend|p1: so long lonesome|Stealth Rock|[from] move: Rapid Spin|[of] p1a: krengverein
|
|-heal|p1a: krengverein|231\/323|[from] item: Leftovers
|-heal|p2a: Heatran|310\/386|[from] item: Leftovers
|turn|20
|c|âso long lonesome|yea that's the biggest drawback
|c|âso long lonesome|but since it has huge bulk and regen
|c|âso long lonesome|you can usually afford missing hurricane
|c|âso long lonesome|just don't get into situations where it can cost you the game lol
|
|move|p1a: krengverein|Scald|p2a: Heatran
|-supereffective|p2a: Heatran
|-damage|p2a: Heatran|182\/386
|move|p2a: Heatran|Stealth Rock|p1a: krengverein
|-sidestart|p1: so long lonesome|move: Stealth Rock
|
|-heal|p1a: krengverein|251\/323|[from] item: Leftovers
|-heal|p2a: Heatran|206\/386|[from] item: Leftovers
|turn|21
|join|Aurious
|c|âViperking7|never understood why he is bl
|
|move|p1a: krengverein|Rapid Spin|p2a: Heatran
|-resisted|p2a: Heatran
|-damage|p2a: Heatran|201\/386
|-sideend|p1: so long lonesome|Stealth Rock|[from] move: Rapid Spin|[of] p1a: krengverein
|move|p2a: Heatran|Toxic|p1a: krengverein
|-status|p1a: krengverein|tox
|
|-heal|p1a: krengverein|271\/323 tox|[from] item: Leftovers
|-heal|p2a: Heatran|225\/386|[from] item: Leftovers
|-damage|p1a: krengverein|251\/323 tox|[from] psn
|turn|22
|
|switch|p1a: show gratitude|Gliscor, F|265\/353 tox
|move|p2a: Heatran|Protect|p2a: Heatran
|-fail|p2a: Heatran
|
|-heal|p2a: Heatran|249\/386|[from] item: Leftovers
|-heal|p1a: show gratitude|309\/353 tox|[from] ability: Poison Heal
|turn|23
|
|switch|p2a: Landorus-Therian|Landorus-Therian, M, shiny|99\/320
|-damage|p2a: Landorus-Therian|59\/320|[from] Stealth Rock
|-ability|p2a: Landorus-Therian|Intimidate|[of] p1a: show gratitude
|-unboost|p1a: show gratitude|atk|1
|move|p1a: show gratitude|Earthquake|p2a: Landorus-Therian
|-immune|p2a: Landorus-Therian|[msg]
|
|-heal|p1a: show gratitude|353\/353 tox|[from] ability: Poison Heal
|turn|24
|
|move|p2a: Landorus-Therian|Knock Off|p1a: show gratitude
|-damage|p1a: show gratitude|248\/353 tox
|-enditem|p1a: show gratitude|Toxic Orb|[from] move: Knock Off|[of] p2a: Landorus-Therian
|move|p1a: show gratitude|Substitute|p1a: show gratitude
|-start|p1a: show gratitude|Substitute
|-damage|p1a: show gratitude|160\/353 tox
|
|-heal|p1a: show gratitude|204\/353 tox|[from] ability: Poison Heal
|turn|25
|
|move|p2a: Landorus-Therian|Knock Off|p1a: show gratitude
|-activate|p1a: show gratitude|Substitute|[damage]
|move|p1a: show gratitude|Baton Pass|p1a: show gratitude
|
|switch|p1a: oh boi|Crawdaunt, M|267\/267
|
|turn|26
|
|move|p1a: oh boi|Aqua Jet|p2a: Landorus-Therian
|-supereffective|p2a: Landorus-Therian
|-damage|p2a: Landorus-Therian|0 fnt
|faint|p2a: Landorus-Therian
|
|
|switch|p2a: Metagross|Metagross-Mega, shiny|120\/302
|-damage|p2a: Metagross|102\/302|[from] Stealth Rock
|turn|27
|
|move|p1a: oh boi|Aqua Jet|p2a: Metagross
|-damage|p2a: Metagross|28\/302
|move|p2a: Metagross|Hammer Arm|p1a: oh boi
|-crit|p1a: oh boi
|-supereffective|p1a: oh boi
|-end|p1a: oh boi|Substitute
|-unboost|p2a: Metagross|spe|1
|
|turn|28
|
|move|p1a: oh boi|Aqua Jet|p2a: Metagross
|-damage|p2a: Metagross|0 fnt
|faint|p2a: Metagross
|
|
|switch|p2a: Raikou|Raikou, shiny|281\/321
|-damage|p2a: Raikou|241\/321|[from] Stealth Rock
|-ability|p2a: Raikou|Pressure
|turn|29
|
|switch|p1a: just not leaving|Venusaur-Mega, F|299\/341
|move|p2a: Raikou|Thunderbolt|p1a: just not leaving
|-resisted|p1a: just not leaving
|-damage|p1a: just not leaving|212\/341
|
|turn|30
|
|switch|p1a: show gratitude|Gliscor, F|204\/353 tox
|move|p2a: Raikou|Thunderbolt|p1a: show gratitude
|-immune|p1a: show gratitude|[msg]
|
|-heal|p1a: show gratitude|248\/353 tox|[from] ability: Poison Heal
|turn|31
|c|âso long lonesome|hello?
|
|switch|p2a: Heatran|Heatran, M, shiny|249\/386
|-damage|p2a: Heatran|201\/386|[from] Stealth Rock
|move|p1a: show gratitude|Substitute|p1a: show gratitude
|-start|p1a: show gratitude|Substitute
|-damage|p1a: show gratitude|160\/353 tox
|
|-heal|p2a: Heatran|225\/386|[from] item: Leftovers
|-heal|p1a: show gratitude|204\/353 tox|[from] ability: Poison Heal
|turn|32
|
|move|p1a: show gratitude|Earthquake|p2a: Heatran
|-supereffective|p2a: Heatran
|-damage|p2a: Heatran|0 fnt
|faint|p2a: Heatran
|
|-heal|p1a: show gratitude|248\/353 tox|[from] ability: Poison Heal
|c|âViperking7|mehh
|c|âViperking7|gg
|-message|Viperking7 forfeited.
|leave|Viperking7
|
|win|so long lonesome
|raw|Ladder updating...
|player|p2