|join|Secondary
|join|so long lonesome
|c|âso long lonesome|gl hf
|player|p1|Secondary|248
|player|p2|so long lonesome|244
|gametype|singles
|gen|6
|tier|OU
|clearpoke
|poke|p1|Victini
|poke|p1|Dugtrio, M
|poke|p1|Altaria, F
|poke|p1|Rotom-Wash
|poke|p1|Scizor, M
|poke|p1|Tornadus-Therian, M
|poke|p2|Keldeo-Resolute
|poke|p2|Diancie
|poke|p2|Latias, F
|poke|p2|Tornadus-Therian, M
|poke|p2|Gliscor, F
|poke|p2|Crawdaunt, M
|rule|Swagger Clause: Swagger is banned
|rule|Baton Pass Clause: Limit one PokÃ©mon knowing Baton Pass
|rule|Sleep Clause Mod: Limit one foe put to sleep
|rule|Species Clause: Limit one of each PokÃ©mon
|rule|OHKO Clause: OHKO moves are banned
|rule|Moody Clause: Moody is banned
|rule|Evasion Moves Clause: Evasion moves are banned
|rule|Endless Battle Clause: Forcing endless battles is banned
|rule|HP Percentage Mod: HP is shown in percentages
|teampreview
|c|âso long lonesome|showdown is so laggy
|c|âSecondary|u2
|
|start
|switch|p1a: Scizor|Scizor, M|343\/343
|switch|p2a: Tornadus-Therian|Tornadus-Therian, M|309\/309
|turn|1
|
|switch|p1a: Altaria|Altaria, F|291\/291
|move|p2a: Tornadus-Therian|Heat Wave|p1a: Altaria
|-resisted|p1a: Altaria
|-damage|p1a: Altaria|246\/291
|-status|p1a: Altaria|brn
|
|-damage|p1a: Altaria|210\/291 brn|[from] brn
|turn|2
|c|âso long lonesome|oh my god
|c|âso long lonesome|lucky and bad
|c|âso long lonesome|restart imo
|c|âSecondary|nah
|c|âSecondary|its part of the game
|
|switch|p1a: Rotom-Wash|Rotom-Wash|304\/304
|move|p2a: Tornadus-Therian|U-turn|p1a: Rotom-Wash
|-damage|p1a: Rotom-Wash|268\/304
|c|âSecondary|i gotta try to win without that
|
|switch|p2a: Gliscor|Gliscor, F|353\/353
|
|-heal|p1a: Rotom-Wash|287\/304|[from] item: Leftovers
|-status|p2a: Gliscor|tox|[from] item: Toxic Orb
|turn|3
|
|move|p2a: Gliscor|Substitute|p2a: Gliscor
|-start|p2a: Gliscor|Substitute
|-damage|p2a: Gliscor|265\/353 tox
|move|p1a: Rotom-Wash|Hydro Pump|p2a: Gliscor
|-crit|p2a: Gliscor
|-supereffective|p2a: Gliscor
|-end|p2a: Gliscor|Substitute
|
|-heal|p1a: Rotom-Wash|304\/304|[from] item: Leftovers
|-heal|p2a: Gliscor|309\/353 tox|[from] ability: Poison Heal
|turn|4
|c|âso long lonesome|you'll miss
|c|âSecondary|WAIT
|c|âSecondary|im so retarded
|c|âSecondary|nvm
|c|âSecondary|altaria has natural cure lol
|c|âso long lonesome|hahahahahaha
|c|âSecondary|i forgot
|
|move|p2a: Gliscor|Substitute|p2a: Gliscor
|-start|p2a: Gliscor|Substitute
|-damage|p2a: Gliscor|221\/353 tox
|move|p1a: Rotom-Wash|Hydro Pump|p2a: Gliscor|[miss]
|-miss|p1a: Rotom-Wash|p2a: Gliscor
|
|-heal|p2a: Gliscor|265\/353 tox|[from] ability: Poison Heal
|turn|5
|c|âSecondary|one more thing
|c|âSecondary|my rotom is ..
|c|âSecondary|ncm
|c|âSecondary|*nvm
|c|âSecondary|not as well trained as i thought
|
|move|p2a: Gliscor|Baton Pass|p2a: Gliscor
|
|switch|p2a: Latias|Latias, F|323\/323
|move|p1a: Rotom-Wash|Volt Switch|p2a: Latias
|-resisted|p2a: Latias
|-activate|p2a: Latias|Substitute|[damage]
|
|switch|p1a: Scizor|Scizor, M|343\/343
|
|turn|6
|
|move|p2a: Latias|Draco Meteor|p1a: Scizor
|-resisted|p1a: Scizor
|-damage|p1a: Scizor|183\/343
|-unboost|p2a: Latias|spa|2
|-damage|p2a: Latias|291\/323|[from] item: Life Orb
|move|p1a: Scizor|U-turn|p2a: Latias
|-supereffective|p2a: Latias
|-end|p2a: Latias|Substitute
|
|switch|p1a: Altaria|Altaria, F|210\/291
|
|turn|7
|c|âSecondary|pls work
|c|âSecondary|cancel
|
|switch|p2a: Gliscor|Gliscor, F|265\/353 tox
|detailschange|p1a: Altaria|Altaria-Mega, F
|-mega|p1a: Altaria|Altaria|Altarianite
|move|p1a: Altaria|Substitute|p1a: Altaria
|-start|p1a: Altaria|Substitute
|-damage|p1a: Altaria|138\/291
|
|-heal|p2a: Gliscor|309\/353 tox|[from] ability: Poison Heal
|turn|8
|c|âSecondary|nope
|
|move|p2a: Gliscor|Taunt|p1a: Altaria
|-start|p1a: Altaria|move: Taunt
|cant|p1a: Altaria|move: Taunt|Roost
|
|-heal|p2a: Gliscor|353\/353 tox|[from] ability: Poison Heal
|turn|9
|
|switch|p1a: Rotom-Wash|Rotom-Wash|304\/304
|move|p2a: Gliscor|Earthquake|p1a: Rotom-Wash
|-immune|p1a: Rotom-Wash|[msg]
|
|turn|10
|join|werwillwas
|
|move|p2a: Gliscor|Substitute|p2a: Gliscor
|-start|p2a: Gliscor|Substitute
|-damage|p2a: Gliscor|265\/353 tox
|move|p1a: Rotom-Wash|Hydro Pump|p2a: Gliscor
|-supereffective|p2a: Gliscor
|-end|p2a: Gliscor|Substitute
|
|-heal|p2a: Gliscor|309\/353 tox|[from] ability: Poison Heal
|turn|11
|
|move|p2a: Gliscor|Substitute|p2a: Gliscor
|-start|p2a: Gliscor|Substitute
|-damage|p2a: Gliscor|221\/353 tox
|move|p1a: Rotom-Wash|Hydro Pump|p2a: Gliscor
|-supereffective|p2a: Gliscor
|-end|p2a: Gliscor|Substitute
|
|-heal|p2a: Gliscor|265\/353 tox|[from] ability: Poison Heal
|turn|12
|
|switch|p1a: Tornadus-Therian|Tornadus-Therian, M|311\/311
|move|p2a: Gliscor|Substitute|p2a: Gliscor
|-start|p2a: Gliscor|Substitute
|-damage|p2a: Gliscor|177\/353 tox
|
|-heal|p2a: Gliscor|221\/353 tox|[from] ability: Poison Heal
|turn|13
|
|move|p1a: Tornadus-Therian|Hurricane|p2a: Gliscor
|-end|p2a: Gliscor|Substitute
|move|p2a: Gliscor|Baton Pass|p2a: Gliscor
|
|switch|p2a: Diancie|Diancie|241\/241
|
|turn|14
|
|detailschange|p2a: Diancie|Diancie-Mega
|-mega|p2a: Diancie|Diancie|Diancite
|move|p1a: Tornadus-Therian|U-turn|p2a: Diancie
|-resisted|p2a: Diancie
|-damage|p2a: Diancie|219\/241
|
|switch|p1a: Dugtrio|Dugtrio, M|211\/211
|move|p2a: Diancie|Earth Power|p1a: Dugtrio
|-damage|p1a: Dugtrio|43\/211
|
|turn|15
|
|move|p1a: Dugtrio|Earthquake|p2a: Diancie
|-supereffective|p2a: Diancie
|-damage|p2a: Diancie|0 fnt
|faint|p2a: Diancie
|
|
|switch|p2a: Tornadus-Therian|Tornadus-Therian, M|309\/309
|turn|16
|
|move|p1a: Dugtrio|Stealth Rock|p2a: Tornadus-Therian
|-sidestart|p2: so long lonesome|move: Stealth Rock
|move|p2a: Tornadus-Therian|U-turn|p1a: Dugtrio
|-damage|p1a: Dugtrio|0 fnt
|faint|p1a: Dugtrio
|
|switch|p2a: Latias|Latias, F|291\/323
|-damage|p2a: Latias|251\/323|[from] Stealth Rock
|
|
|switch|p1a: Scizor|Scizor, M|183\/343
|turn|17
|
|move|p2a: Latias|Defog|p1a: Scizor
|-unboost|p1a: Scizor|evasion|1
|-sideend|p2: so long lonesome|Stealth Rock|[from] move: Defog|[of] p2a: Latias
|move|p1a: Scizor|U-turn|p2a: Latias
|-supereffective|p2a: Latias
|-damage|p2a: Latias|0 fnt
|faint|p2a: Latias
|
|switch|p1a: Tornadus-Therian|Tornadus-Therian, M|311\/311
|
|
|switch|p2a: Tornadus-Therian|Tornadus-Therian, M|309\/309
|turn|18
|
|move|p2a: Tornadus-Therian|Knock Off|p1a: Tornadus-Therian
|-damage|p1a: Tornadus-Therian|235\/311
|-enditem|p1a: Tornadus-Therian|Assault Vest|[from] move: Knock Off|[of] p2a: Tornadus-Therian
|move|p1a: Tornadus-Therian|Knock Off|p2a: Tornadus-Therian
|-crit|p2a: Tornadus-Therian
|-damage|p2a: Tornadus-Therian|183\/309
|-enditem|p2a: Tornadus-Therian|Assault Vest|[from] move: Knock Off|[of] p1a: Tornadus-Therian
|
|turn|19
|c|âSecondary|you run 363 as well?
|leave|werwillwas
|c|âso long lonesome|no
|c|âso long lonesome|365
|c|âSecondary|ooh
|c|âso long lonesome|wanna be faster than scarftar
|
|move|p2a: Tornadus-Therian|Hurricane|p1a: Tornadus-Therian
|-damage|p1a: Tornadus-Therian|49\/311
|-start|p1a: Tornadus-Therian|confusion
|-activate|p1a: Tornadus-Therian|confusion
|-damage|p1a: Tornadus-Therian|15\/311|[from] confusion
|
|turn|20
|c|âso long lonesome|lol
|c|âso long lonesome|my torn
|c|âso long lonesome|always confuses when I want it to
|c|âso long lonesome|no joke
|c|âSecondary|lol
|c|âSecondary|it loves you as much as you love it
|
|switch|p1a: Rotom-Wash|Rotom-Wash|304\/304
|move|p2a: Tornadus-Therian|Knock Off|p1a: Rotom-Wash
|-damage|p1a: Rotom-Wash|258\/304
|-enditem|p1a: Rotom-Wash|Leftovers|[from] move: Knock Off|[of] p2a: Tornadus-Therian
|
|turn|21
|
|move|p2a: Tornadus-Therian|Hurricane|p1a: Rotom-Wash
|-resisted|p1a: Rotom-Wash
|-damage|p1a: Rotom-Wash|172\/304
|-start|p1a: Rotom-Wash|confusion
|-activate|p1a: Rotom-Wash|confusion
|move|p1a: Rotom-Wash|Volt Switch|p2a: Tornadus-Therian
|-supereffective|p2a: Tornadus-Therian
|-damage|p2a: Tornadus-Therian|9\/309
|
|switch|p1a: Scizor|Scizor, M|183\/343
|
|-heal|p1a: Scizor|204\/343|[from] item: Leftovers
|turn|22
|
|switch|p2a: Keldeo-Resolute|Keldeo-Resolute|323\/323
|move|p1a: Scizor|Bullet Punch|p2a: Keldeo-Resolute
|-resisted|p2a: Keldeo-Resolute
|-damage|p2a: Keldeo-Resolute|257\/323
|
|-heal|p1a: Scizor|225\/343|[from] item: Leftovers
|turn|23
|
|switch|p1a: Victini|Victini|341\/341
|move|p2a: Keldeo-Resolute|Scald|p1a: Victini
|-supereffective|p1a: Victini
|-damage|p1a: Victini|0 fnt
|faint|p1a: Victini
|
|
|switch|p1a: Altaria|Altaria-Mega, F|138\/291
|turn|24
|
|move|p2a: Keldeo-Resolute|Scald|p1a: Altaria
|-resisted|p1a: Altaria
|-damage|p1a: Altaria|31\/291
|move|p1a: Altaria|Roost|p1a: Altaria
|-heal|p1a: Altaria|177\/291
|
|turn|25
|
|move|p2a: Keldeo-Resolute|Scald|p1a: Altaria
|-resisted|p1a: Altaria
|-damage|p1a: Altaria|73\/291
|move|p1a: Altaria|Return|p2a: Keldeo-Resolute
|-supereffective|p2a: Keldeo-Resolute
|-damage|p2a: Keldeo-Resolute|0 fnt
|faint|p2a: Keldeo-Resolute
|
|
|switch|p2a: Tornadus-Therian|Tornadus-Therian, M|112\/309
|turn|26
|
|move|p2a: Tornadus-Therian|Hurricane|p1a: Altaria
|-damage|p1a: Altaria|0 fnt
|faint|p1a: Altaria
|
|
|switch|p1a: Scizor|Scizor, M|225\/343
|turn|27
|
|switch|p2a: Crawdaunt|Crawdaunt, M|267\/267
|move|p1a: Scizor|Bullet Punch|p2a: Crawdaunt
|-resisted|p2a: Crawdaunt
|-damage|p2a: Crawdaunt|204\/267
|
|-heal|p1a: Scizor|246\/343|[from] item: Leftovers
|turn|28
|
|move|p2a: Crawdaunt|Knock Off|p1a: Scizor
|-damage|p1a: Scizor|0 fnt
|-enditem|p1a: Scizor|Leftovers|[from] move: Knock Off|[of] p2a: Crawdaunt
|faint|p1a: Scizor
|
|c|âso long lonesome|death
|c|âSecondary|why are you so fast?
|c|âSecondary|or am i just that slow
|
|switch|p1a: Rotom-Wash|Rotom-Wash|172\/304
|turn|29
|
|switch|p2a: Gliscor|Gliscor, F|221\/353 tox
|move|p1a: Rotom-Wash|Volt Switch|p2a: Gliscor
|-immune|p2a: Gliscor|[msg]
|
|-heal|p2a: Gliscor|265\/353 tox|[from] ability: Poison Heal
|turn|30
|
|move|p2a: Gliscor|Substitute|p2a: Gliscor
|-start|p2a: Gliscor|Substitute
|-damage|p2a: Gliscor|177\/353 tox
|move|p1a: Rotom-Wash|Hydro Pump|p2a: Gliscor
|-supereffective|p2a: Gliscor
|-end|p2a: Gliscor|Substitute
|
|-heal|p2a: Gliscor|221\/353 tox|[from] ability: Poison Heal
|turn|31
|
|switch|p1a: Tornadus-Therian|Tornadus-Therian, M|118\/311
|move|p2a: Gliscor|Substitute|p2a: Gliscor
|-start|p2a: Gliscor|Substitute
|-damage|p2a: Gliscor|133\/353 tox
|
|-heal|p2a: Gliscor|177\/353 tox|[from] ability: Poison Heal
|turn|32
|c|âso long lonesome|miss pls
|
|move|p1a: Tornadus-Therian|Hurricane|p2a: Gliscor|[miss]
|-miss|p1a: Tornadus-Therian|p2a: Gliscor
|move|p2a: Gliscor|Baton Pass|p2a: Gliscor
|c|âSecondary|rip
|
|switch|p2a: Tornadus-Therian|Tornadus-Therian, M|215\/309
|
|turn|33
|c|âSecondary|return the favor
|
|move|p2a: Tornadus-Therian|Hurricane|p1a: Tornadus-Therian|[miss]
|-miss|p2a: Tornadus-Therian|p1a: Tornadus-Therian
|move|p1a: Tornadus-Therian|Hurricane|p2a: Tornadus-Therian
|-end|p2a: Tornadus-Therian|Substitute
|
|turn|34
|c|âso long lonesome|lol
|
|move|p2a: Tornadus-Therian|Hurricane|p1a: Tornadus-Therian
|-damage|p1a: Tornadus-Therian|0 fnt
|faint|p1a: Tornadus-Therian
|
|
|switch|p1a: Rotom-Wash|Rotom-Wash|172\/304
|turn|35
|
|move|p2a: Tornadus-Therian|Hurricane|p1a: Rotom-Wash
|-resisted|p1a: Rotom-Wash
|-damage|p1a: Rotom-Wash|91\/304
|move|p1a: Rotom-Wash|Volt Switch|p2a: Tornadus-Therian
|-supereffective|p2a: Tornadus-Therian
|-damage|p2a: Tornadus-Therian|29\/309
|
|turn|36
|
|move|p2a: Tornadus-Therian|U-turn|p1a: Rotom-Wash
|-damage|p1a: Rotom-Wash|59\/304
|
|switch|p2a: Gliscor|Gliscor, F|177\/353 tox
|move|p1a: Rotom-Wash|Volt Switch|p2a: Gliscor
|-immune|p2a: Gliscor|[msg]
|
|-heal|p2a: Gliscor|221\/353 tox|[from] ability: Poison Heal
|turn|37
|
|move|p2a: Gliscor|Substitute|p2a: Gliscor
|-start|p2a: Gliscor|Substitute
|-damage|p2a: Gliscor|133\/353 tox
|move|p1a: Rotom-Wash|Hydro Pump|p2a: Gliscor
|-supereffective|p2a: Gliscor
|-end|p2a: Gliscor|Substitute
|
|-heal|p2a: Gliscor|177\/353 tox|[from] ability: Poison Heal
|turn|38
|
|move|p2a: Gliscor|Substitute|p2a: Gliscor
|-start|p2a: Gliscor|Substitute
|-damage|p2a: Gliscor|89\/353 tox
|move|p1a: Rotom-Wash|Hydro Pump|p2a: Gliscor
|-supereffective|p2a: Gliscor
|-end|p2a: Gliscor|Substitute
|
|-heal|p2a: Gliscor|133\/353 tox|[from] ability: Poison Heal
|turn|39
|c|âSecondary|predict the miss?
|c|âso long lonesome|lol
|
|move|p2a: Gliscor|Substitute|p2a: Gliscor
|-start|p2a: Gliscor|Substitute
|-damage|p2a: Gliscor|45\/353 tox
|move|p1a: Rotom-Wash|Hydro Pump|p2a: Gliscor
|-supereffective|p2a: Gliscor
|-end|p2a: Gliscor|Substitute
|
|-heal|p2a: Gliscor|89\/353 tox|[from] ability: Poison Heal
|turn|40
|c|âso long lonesome|idc, I'll just stall you out
|c|âSecondary|i call a bug
|c|âSecondary|i cant click hydro
|
|move|p2a: Gliscor|Substitute|p2a: Gliscor
|-start|p2a: Gliscor|Substitute
|-damage|p2a: Gliscor|1\/353 tox
|move|p1a: Rotom-Wash|Volt Switch|p2a: Gliscor
|-immune|p2a: Gliscor|[msg]
|
|-heal|p2a: Gliscor|45\/353 tox|[from] ability: Poison Heal
|turn|41
|
|move|p2a: Gliscor|Taunt|p1a: Rotom-Wash
|-start|p1a: Rotom-Wash|move: Taunt
|move|p1a: Rotom-Wash|Volt Switch|p2a: Gliscor
|-immune|p2a: Gliscor|[msg]
|
|-heal|p2a: Gliscor|89\/353 tox|[from] ability: Poison Heal
|turn|42
|
|move|p2a: Gliscor|Baton Pass|p2a: Gliscor
|
|switch|p2a: Tornadus-Therian|Tornadus-Therian, M|132\/309
|move|p1a: Rotom-Wash|Volt Switch|p2a: Tornadus-Therian
|-supereffective|p2a: Tornadus-Therian
|-end|p2a: Tornadus-Therian|Substitute
|
|turn|43
|
|move|p2a: Tornadus-Therian|U-turn|p1a: Rotom-Wash
|-damage|p1a: Rotom-Wash|22\/304
|
|switch|p2a: Gliscor|Gliscor, F|89\/353 tox
|move|p1a: Rotom-Wash|Volt Switch|p2a: Gliscor
|-immune|p2a: Gliscor|[msg]
|
|-heal|p2a: Gliscor|133\/353 tox|[from] ability: Poison Heal
|-end|p1a: Rotom-Wash|move: Taunt
|turn|44
|c|âSecondary|whats the point of this
|
|move|p2a: Gliscor|Substitute|p2a: Gliscor
|-start|p2a: Gliscor|Substitute
|-damage|p2a: Gliscor|45\/353 tox
|move|p1a: Rotom-Wash|Volt Switch|p2a: Gliscor
|-immune|p2a: Gliscor|[msg]
|
|-heal|p2a: Gliscor|89\/353 tox|[from] ability: Poison Heal
|turn|45
|c|âso long lonesome|not letting you pain split up
|c|âSecondary|thanks?
|c|âSecondary|just end it
|
|move|p2a: Gliscor|Baton Pass|p2a: Gliscor
|c|âso long lonesome|I'm playing it safe
|c|âso long lonesome|lol
|
|switch|p2a: Tornadus-Therian|Tornadus-Therian, M|235\/309
|move|p1a: Rotom-Wash|Volt Switch|p2a: Tornadus-Therian
|-supereffective|p2a: Tornadus-Therian
|-end|p2a: Tornadus-Therian|Substitute
|
|turn|46
|c|âso long lonesome|I got lucky here
|
|move|p2a: Tornadus-Therian|U-turn|p1a: Rotom-Wash
|-damage|p1a: Rotom-Wash|0 fnt
|faint|p1a: Rotom-Wash
|
|win|so long lonesome
|c|âSecondary|where?
|c|âso long lonesome|can you give me an importable of your team?
|c|âso long lonesome|the tornt hax