|join|FLCL
|join|purrl
|player|p1|FLCL|8
|player|p2|purrl|8
|gametype|singles
|gen|6
|tier|UU
|rule|Sleep Clause Mod: Limit one foe put to sleep
|rule|Species Clause: Limit one of each PokÃ©mon
|rule|OHKO Clause: OHKO moves are banned
|rule|Moody Clause: Moody is banned
|rule|Evasion Moves Clause: Evasion moves are banned
|rule|Endless Battle Clause: Forcing endless battles is banned
|rule|HP Percentage Mod: HP is shown in percentages
|clearpoke
|poke|p1|Abomasnow, M
|poke|p1|Jirachi
|poke|p1|Gligar, F
|poke|p1|Infernape, M
|poke|p1|Suicune
|poke|p1|Hydreigon, F
|poke|p2|Sharpedo, M
|poke|p2|Entei, shiny
|poke|p2|Jirachi
|poke|p2|Crobat, F, shiny
|poke|p2|Swampert, M
|poke|p2|Toxicroak, M
|rule|Swagger Clause: Swagger is banned
|rule|Baton Pass Clause: Limit one PokÃ©mon knowing Baton Pass
|teampreview
|
|start
|switch|p1a: Hydreigon|Hydreigon, F|325\/325
|switch|p2a: Entei|Entei, shiny|371\/371
|-ability|p2a: Entei|Pressure
|turn|1
|
|move|p1a: Hydreigon|Dark Pulse|p2a: Entei
|-damage|p2a: Entei|151\/371
|-damage|p1a: Hydreigon|293\/325|[from] item: Life Orb
|move|p2a: Entei|Sacred Fire|p1a: Hydreigon
|-resisted|p1a: Hydreigon
|-damage|p1a: Hydreigon|139\/325
|-status|p1a: Hydreigon|brn
|
|-damage|p1a: Hydreigon|99\/325 brn|[from] brn
|turn|2
|
|switch|p2a: Swampert|Swampert, M|401\/401
|move|p1a: Hydreigon|Roost|p1a: Hydreigon
|-heal|p1a: Hydreigon|262\/325 brn
|
|-damage|p1a: Hydreigon|222\/325 brn|[from] brn
|turn|3
|
|move|p1a: Hydreigon|Taunt|p2a: Swampert
|-start|p2a: Swampert|move: Taunt
|cant|p2a: Swampert|move: Taunt|Stealth Rock
|
|-damage|p1a: Hydreigon|182\/325 brn|[from] brn
|turn|4
|
|switch|p2a: Jirachi|Jirachi|341\/341
|move|p1a: Hydreigon|Roost|p1a: Hydreigon
|-heal|p1a: Hydreigon|325\/325 brn
|
|-damage|p1a: Hydreigon|285\/325 brn|[from] brn
|turn|5
|
|switch|p1a: Jirachi|Jirachi|404\/404
|move|p2a: Jirachi|U-turn|p1a: Jirachi
|-damage|p1a: Jirachi|348\/404
|
|switch|p2a: Swampert|Swampert, M|401\/401
|
|-heal|p1a: Jirachi|373\/404|[from] item: Leftovers
|turn|6
|
|move|p1a: Jirachi|Stealth Rock|p2a: Swampert
|-sidestart|p2: purrl|move: Stealth Rock
|move|p2a: Swampert|Stealth Rock|p1a: Jirachi
|-sidestart|p1: FLCL|move: Stealth Rock
|
|-heal|p1a: Jirachi|398\/404|[from] item: Leftovers
|turn|7
|
|move|p1a: Jirachi|U-turn|p2a: Swampert
|-crit|p2a: Swampert
|-damage|p2a: Swampert|336\/401
|
|switch|p1a: Hydreigon|Hydreigon, F|285\/325 brn
|-damage|p1a: Hydreigon|245\/325 brn|[from] Stealth Rock
|move|p2a: Swampert|Scald|p1a: Hydreigon
|-resisted|p1a: Hydreigon
|-damage|p1a: Hydreigon|200\/325 brn
|
|-heal|p2a: Swampert|361\/401|[from] item: Leftovers
|-damage|p1a: Hydreigon|160\/325 brn|[from] brn
|turn|8
|
|move|p1a: Hydreigon|Roost|p1a: Hydreigon
|-heal|p1a: Hydreigon|323\/325 brn
|move|p2a: Swampert|Roar|p1a: Hydreigon
|drag|p1a: Gligar|Gligar, F|333\/333
|-damage|p1a: Gligar|292\/333|[from] Stealth Rock
|
|-heal|p2a: Swampert|386\/401|[from] item: Leftovers
|turn|9
|
|move|p1a: Gligar|U-turn|p2a: Swampert
|-damage|p2a: Swampert|355\/401
|
|switch|p1a: Suicune|Suicune|351\/351
|-damage|p1a: Suicune|308\/351|[from] Stealth Rock
|-ability|p1a: Suicune|Pressure
|move|p2a: Swampert|Scald|p1a: Suicune
|-resisted|p1a: Suicune
|-damage|p1a: Suicune|271\/351
|-status|p1a: Suicune|brn
|
|-heal|p1a: Suicune|292\/351 brn|[from] item: Leftovers
|-heal|p2a: Swampert|380\/401|[from] item: Leftovers
|-damage|p1a: Suicune|249\/351 brn|[from] brn
|turn|10
|
|move|p1a: Suicune|Calm Mind|p1a: Suicune
|-boost|p1a: Suicune|spa|1
|-boost|p1a: Suicune|spd|1
|move|p2a: Swampert|Earthquake|p1a: Suicune
|-damage|p1a: Suicune|135\/351 brn
|
|-heal|p1a: Suicune|156\/351 brn|[from] item: Leftovers
|-heal|p2a: Swampert|401\/401|[from] item: Leftovers
|-damage|p1a: Suicune|113\/351 brn|[from] brn
|turn|11
|
|switch|p2a: Toxicroak|Toxicroak, M|307\/307
|-damage|p2a: Toxicroak|288\/307|[from] Stealth Rock
|move|p1a: Suicune|Hydro Pump|p2a: Toxicroak
|-heal|p2a: Toxicroak|307\/307|[from] ability: Dry Skin|[of] p1a: Suicune
|
|-heal|p1a: Suicune|134\/351 brn|[from] item: Leftovers
|-damage|p1a: Suicune|91\/351 brn|[from] brn
|turn|12
|
|move|p2a: Toxicroak|Drain Punch|p1a: Suicune
|-damage|p1a: Suicune|0 fnt
|-damage|p2a: Toxicroak|277\/307|[from] item: Life Orb
|faint|p1a: Suicune
|
|
|switch|p1a: Hydreigon|Hydreigon, F|323\/325 brn
|-damage|p1a: Hydreigon|283\/325 brn|[from] Stealth Rock
|turn|13
|
|switch|p2a: Jirachi|Jirachi|341\/341
|-damage|p2a: Jirachi|320\/341|[from] Stealth Rock
|move|p1a: Hydreigon|Dark Pulse|p2a: Jirachi
|-supereffective|p2a: Jirachi
|-damage|p2a: Jirachi|0 fnt
|-damage|p1a: Hydreigon|251\/325 brn|[from] item: Life Orb
|faint|p2a: Jirachi
|
|-damage|p1a: Hydreigon|211\/325 brn|[from] brn
|
|switch|p2a: Sharpedo|Sharpedo, M|281\/281
|-damage|p2a: Sharpedo|246\/281|[from] Stealth Rock
|turn|14
|
|switch|p1a: Gligar|Gligar, F|292\/333
|-damage|p1a: Gligar|251\/333|[from] Stealth Rock
|move|p2a: Sharpedo|Protect|p2a: Sharpedo
|-fail|p2a: Sharpedo
|
|-boost|p2a: Sharpedo|spe|1|[from] ability: Speed Boost
|turn|15
|
|detailschange|p2a: Sharpedo|Sharpedo-Mega, M
|message|Sharpedo has Mega Evolved into Mega Sharpedo!
|move|p2a: Sharpedo|Ice Fang|p1a: Gligar
|-crit|p1a: Gligar
|-supereffective|p1a: Gligar
|-damage|p1a: Gligar|0 fnt
|faint|p1a: Gligar
|
|
|switch|p1a: Infernape|Infernape, M|293\/293
|-damage|p1a: Infernape|257\/293|[from] Stealth Rock
|turn|16
|
|move|p1a: Infernape|Close Combat|p2a: Sharpedo
|-supereffective|p2a: Sharpedo
|-damage|p2a: Sharpedo|0 fnt
|-unboost|p1a: Infernape|def|1
|-unboost|p1a: Infernape|spd|1
|faint|p2a: Sharpedo
|
|
|switch|p2a: Toxicroak|Toxicroak, M|277\/307
|-damage|p2a: Toxicroak|258\/307|[from] Stealth Rock
|turn|17
|
|switch|p1a: Jirachi|Jirachi|398\/404
|-damage|p1a: Jirachi|373\/404|[from] Stealth Rock
|move|p2a: Toxicroak|Drain Punch|p1a: Jirachi
|-crit|p1a: Jirachi
|-damage|p1a: Jirachi|192\/404
|-heal|p2a: Toxicroak|307\/307|[from] drain|[of] p1a: Jirachi
|-damage|p2a: Toxicroak|277\/307|[from] item: Life Orb
|
|-heal|p1a: Jirachi|217\/404|[from] item: Leftovers
|turn|18
|
|move|p2a: Toxicroak|Sucker Punch|p1a: Jirachi
|-supereffective|p1a: Jirachi
|-damage|p1a: Jirachi|25\/404
|-damage|p2a: Toxicroak|247\/307|[from] item: Life Orb
|move|p1a: Jirachi|U-turn|p2a: Toxicroak
|-resisted|p2a: Toxicroak
|-damage|p2a: Toxicroak|229\/307
|
|switch|p1a: Hydreigon|Hydreigon, F|211\/325 brn
|-damage|p1a: Hydreigon|171\/325 brn|[from] Stealth Rock
|
|-damage|p1a: Hydreigon|131\/325 brn|[from] brn
|turn|19
|
|switch|p2a: Entei|Entei, shiny|151\/371
|-damage|p2a: Entei|59\/371|[from] Stealth Rock
|-ability|p2a: Entei|Pressure
|move|p1a: Hydreigon|Draco Meteor|p2a: Entei
|-damage|p2a: Entei|0 fnt
|-unboost|p1a: Hydreigon|spa|2
|-damage|p1a: Hydreigon|99\/325 brn|[from] item: Life Orb
|faint|p2a: Entei
|
|-damage|p1a: Hydreigon|59\/325 brn|[from] brn
|
|switch|p2a: Crobat|Crobat, F, shiny|373\/373
|-damage|p2a: Crobat|280\/373|[from] Stealth Rock
|turn|20
|
|switch|p1a: Jirachi|Jirachi|25\/404
|-damage|p1a: Jirachi|0 fnt|[from] Stealth Rock
|faint|p1a: Jirachi
|move|p2a: Crobat|Brave Bird|p1: Jirachi|[notarget]
|-notarget
|
|-heal|p2a: Crobat|303\/373|[from] item: Black Sludge
|
|switch|p1a: Infernape|Infernape, M|257\/293
|-damage|p1a: Infernape|221\/293|[from] Stealth Rock
|turn|21
|join|DerSweeper
|
|move|p1a: Infernape|Flare Blitz|p2a: Crobat
|-damage|p2a: Crobat|80\/373
|-damage|p1a: Infernape|147\/293|[from] recoil|[of] p2a: Crobat
|move|p2a: Crobat|Brave Bird|p1a: Infernape
|-crit|p1a: Infernape
|-supereffective|p1a: Infernape
|-damage|p1a: Infernape|0 fnt
|-damage|p2a: Crobat|31\/373|[from] recoil|[of] p1a: Infernape
|faint|p1a: Infernape
|
|-heal|p2a: Crobat|54\/373|[from] item: Black Sludge
|
|switch|p1a: Abomasnow|Abomasnow, M|381\/381
|-damage|p1a: Abomasnow|286\/381|[from] Stealth Rock
|-weather|Hail
|turn|22
|
|detailschange|p1a: Abomasnow|Abomasnow-Mega, M
|message|Abomasnow has Mega Evolved into Mega Abomasnow!
|move|p2a: Crobat|Brave Bird|p1a: Abomasnow
|-supereffective|p1a: Abomasnow
|-damage|p1a: Abomasnow|14\/381
|-damage|p2a: Crobat|0 fnt|[from] recoil|[of] p1a: Abomasnow
|faint|p2a: Crobat
|move|p1a: Abomasnow|Swords Dance|p1a: Abomasnow
|-boost|p1a: Abomasnow|atk|2
|
|-weather|Hail|[upkeep]
|
|switch|p2a: Toxicroak|Toxicroak, M|229\/307
|-damage|p2a: Toxicroak|210\/307|[from] Stealth Rock
|turn|23
|
|move|p2a: Toxicroak|Sucker Punch|p1a: Abomasnow
|-fail|p1a: Abomasnow
|move|p1a: Abomasnow|Swords Dance|p1a: Abomasnow
|-boost|p1a: Abomasnow|atk|2
|
|-weather|Hail|[upkeep]
|-damage|p2a: Toxicroak|191\/307|[from] hail
|turn|24
|
|move|p2a: Toxicroak|Sucker Punch|p1a: Abomasnow
|-fail|p1a: Abomasnow
|move|p1a: Abomasnow|Swords Dance|p1a: Abomasnow
|-boost|p1a: Abomasnow|atk|2
|
|-weather|Hail|[upkeep]
|-damage|p2a: Toxicroak|172\/307|[from] hail
|turn|25
|
|move|p2a: Toxicroak|Sucker Punch|p1a: Abomasnow
|-fail|p1a: Abomasnow
|move|p1a: Abomasnow|Swords Dance|p1a: Abomasnow
|-fail|p1a: Abomasnow
|
|-weather|Hail|[upkeep]
|-damage|p2a: Toxicroak|153\/307|[from] hail
|turn|26
|
|move|p2a: Toxicroak|Sucker Punch|p1a: Abomasnow
|-fail|p1a: Abomasnow
|move|p1a: Abomasnow|Swords Dance|p1a: Abomasnow
|-fail|p1a: Abomasnow
|
|-weather|none
|turn|27
|
|move|p2a: Toxicroak|Sucker Punch|p1a: Abomasnow
|-damage|p1a: Abomasnow|0 fnt
|-damage|p2a: Toxicroak|123\/307|[from] item: Life Orb
|faint|p1a: Abomasnow
|
|
|switch|p1a: Hydreigon|Hydreigon, F|59\/325 brn
|-damage|p1a: Hydreigon|19\/325 brn|[from] Stealth Rock
|turn|28
|
|move|p2a: Toxicroak|Sucker Punch|p1a: Hydreigon
|-resisted|p1a: Hydreigon
|-damage|p1a: Hydreigon|0 fnt
|-damage|p2a: Toxicroak|93\/307|[from] item: Life Orb
|faint|p1a: Hydreigon
|
|win|purrl
|c|âFLCL|gg
|c|âpurrl|gg
|leave|purrl
|player|p2
|leave|FLCL
|player|p1
|leave|DerSweeper
|join|tyran the tar
|join|The Four Seasons
|leave|The Four Seasons
|join|stella i love you
|join|MTVJam
|leave|tyran the tar
|leave|MTVJam
|leave|stella i love you
|join|MTVJam
|join|swagger on deck
|join|FLCL
|leave|FLCL
|join|Meruu
|leave|Meruu
|join|Meruu