|join|purrl
|join|Cell in a Hell
|player|p1|purrl|8
|player|p2|Cell in a Hell|125
|gametype|singles
|gen|6
|tier|UU
|rated
|rule|Sleep Clause Mod: Limit one foe put to sleep
|rule|Species Clause: Limit one of each PokÃ©mon
|rule|OHKO Clause: OHKO moves are banned
|rule|Moody Clause: Moody is banned
|rule|Evasion Moves Clause: Evasion moves are banned
|rule|Endless Battle Clause: Forcing endless battles is banned
|rule|HP Percentage Mod: HP is shown in percentages
|clearpoke
|poke|p1|Sharpedo, M
|poke|p1|Entei, shiny
|poke|p1|Jirachi
|poke|p1|Crobat, F, shiny
|poke|p1|Swampert, M
|poke|p1|Toxicroak, M
|poke|p2|Mienshao, M
|poke|p2|Chandelure, F
|poke|p2|Zygarde
|poke|p2|Starmie
|poke|p2|Roserade, F
|poke|p2|Aerodactyl, F
|rule|Swagger Clause: Swagger is banned
|rule|Baton Pass Clause: Limit one PokÃ©mon knowing Baton Pass
|teampreview
|
|start
|switch|p1a: Entei|Entei, shiny|371\/371
|switch|p2a: Aerodactyl|Aerodactyl, F|301\/301
|-ability|p1a: Entei|Pressure
|turn|1
|
|switch|p1a: Swampert|Swampert, M|401\/401
|detailschange|p2a: Aerodactyl|Aerodactyl-Mega, F
|message|Aerodactyl has Mega Evolved into Mega Aerodactyl!
|move|p2a: Aerodactyl|Stealth Rock|p1a: Swampert
|-sidestart|p1: purrl|move: Stealth Rock
|
|turn|2
|
|move|p2a: Aerodactyl|Taunt|p1a: Swampert
|-start|p1a: Swampert|move: Taunt
|cant|p1a: Swampert|move: Taunt|Stealth Rock
|
|turn|3
|
|switch|p2a: Roserade|Roserade, F|321\/321
|move|p1a: Swampert|Earthquake|p2a: Roserade
|-damage|p2a: Roserade|137\/321
|
|-heal|p2a: Roserade|157\/321|[from] item: Black Sludge
|turn|4
|
|switch|p1a: Crobat|Crobat, F, shiny|373\/373
|-damage|p1a: Crobat|280\/373|[from] Stealth Rock
|move|p2a: Roserade|Giga Drain|p1a: Crobat
|-resisted|p1a: Crobat
|-damage|p1a: Crobat|251\/373
|-heal|p2a: Roserade|172\/321|[from] drain|[of] p1a: Crobat
|
|-heal|p1a: Crobat|274\/373|[from] item: Black Sludge
|-heal|p2a: Roserade|192\/321|[from] item: Black Sludge
|turn|5
|join|curse drum snorlax
|
|move|p1a: Crobat|Defog|p2a: Roserade
|-unboost|p2a: Roserade|evasion|1
|-sideend|p1: purrl|Stealth Rock|[from] move: Defog|[of] p1a: Crobat
|move|p2a: Roserade|Sleep Powder|p1a: Crobat
|-status|p1a: Crobat|slp
|
|-heal|p1a: Crobat|297\/373 slp|[from] item: Black Sludge
|-heal|p2a: Roserade|212\/321|[from] item: Black Sludge
|turn|6
|
|switch|p1a: Entei|Entei, shiny|371\/371
|-ability|p1a: Entei|Pressure
|switch|p2a: Aerodactyl|Aerodactyl-Mega, F|301\/301
|
|turn|7
|
|switch|p1a: Swampert|Swampert, M|401\/401
|move|p2a: Aerodactyl|Aerial Ace|p1a: Swampert
|-damage|p1a: Swampert|284\/401
|
|-heal|p1a: Swampert|309\/401|[from] item: Leftovers
|turn|8
|
|switch|p2a: Starmie|Starmie|261\/261
|move|p1a: Swampert|Stealth Rock|p2a: Starmie
|-sidestart|p2: Cell in a Hell|move: Stealth Rock
|
|-heal|p1a: Swampert|334\/401|[from] item: Leftovers
|turn|9
|
|move|p2a: Starmie|Hydro Pump|p1a: Swampert
|-damage|p1a: Swampert|108\/401
|-damage|p2a: Starmie|235\/261|[from] item: Life Orb
|move|p1a: Swampert|Earthquake|p2a: Starmie
|-damage|p2a: Starmie|78\/261
|
|-heal|p1a: Swampert|133\/401|[from] item: Leftovers
|turn|10
|
|move|p2a: Starmie|Psyshock|p1a: Swampert
|-damage|p1a: Swampert|8\/401
|-damage|p2a: Starmie|52\/261|[from] item: Life Orb
|move|p1a: Swampert|Stealth Rock|p2a: Starmie
|-fail|p2a: Starmie
|
|-heal|p1a: Swampert|33\/401|[from] item: Leftovers
|turn|11
|c|âCell in a Hell|rapid spin crit imo
|
|move|p2a: Starmie|Psyshock|p1a: Swampert
|-damage|p1a: Swampert|0 fnt
|-damage|p2a: Starmie|26\/261|[from] item: Life Orb
|faint|p1a: Swampert
|
|
|switch|p1a: Jirachi|Jirachi|341\/341
|turn|12
|
|move|p1a: Jirachi|U-turn|p2a: Starmie
|-supereffective|p2a: Starmie
|-damage|p2a: Starmie|0 fnt
|faint|p2a: Starmie
|
|switch|p1a: Sharpedo|Sharpedo, M|281\/281
|
|
|switch|p2a: Mienshao|Mienshao, M|271\/271
|-damage|p2a: Mienshao|255\/271|[from] Stealth Rock
|turn|13
|
|move|p1a: Sharpedo|Protect|p1a: Sharpedo
|-singleturn|p1a: Sharpedo|Protect
|move|p2a: Mienshao|Knock Off|p1a: Sharpedo
|-activate|p1a: Sharpedo|Protect
|
|-boost|p1a: Sharpedo|spe|1|[from] ability: Speed Boost
|turn|14
|
|detailschange|p1a: Sharpedo|Sharpedo-Mega, M
|message|Sharpedo has Mega Evolved into Mega Sharpedo!
|move|p1a: Sharpedo|Waterfall|p2a: Mienshao
|-damage|p2a: Mienshao|26\/271
|move|p2a: Mienshao|High Jump Kick|p1a: Sharpedo
|-supereffective|p1a: Sharpedo
|-damage|p1a: Sharpedo|0 fnt
|-damage|p2a: Mienshao|0 fnt|[from] item: Life Orb
|faint|p1a: Sharpedo
|faint|p2a: Mienshao
|
|c|âCell in a Hell|i need to put 8 evs to my hp
|
|switch|p1a: Jirachi|Jirachi|341\/341
|switch|p2a: Zygarde|Zygarde|405\/405
|-damage|p2a: Zygarde|380\/405|[from] Stealth Rock
|-ability|p2a: Zygarde|Aura Break
|turn|15
|
|switch|p2a: Aerodactyl|Aerodactyl-Mega, F|301\/301
|-damage|p2a: Aerodactyl|226\/301|[from] Stealth Rock
|move|p1a: Jirachi|Ice Punch|p2a: Aerodactyl
|-supereffective|p2a: Aerodactyl
|-damage|p2a: Aerodactyl|54\/301
|
|turn|16
|c|âCell in a Hell|o
|
|move|p1a: Jirachi|Ice Punch|p2a: Aerodactyl
|-crit|p2a: Aerodactyl
|-supereffective|p2a: Aerodactyl
|-damage|p2a: Aerodactyl|0 fnt
|faint|p2a: Aerodactyl
|
|c|âCell in a Hell|just in case if you thought that was a bad play on my part i predicted trick :)
|c|âCell in a Hell|also :(
|
|switch|p2a: Chandelure|Chandelure, F|281\/281
|-damage|p2a: Chandelure|211\/281|[from] Stealth Rock
|turn|17
|
|switch|p1a: Entei|Entei, shiny|371\/371
|-ability|p1a: Entei|Pressure
|move|p2a: Chandelure|Substitute|p2a: Chandelure
|-start|p2a: Chandelure|Substitute
|-damage|p2a: Chandelure|141\/281
|
|-heal|p2a: Chandelure|158\/281|[from] item: Leftovers
|turn|18
|c|âpurrl|o dw
|c|âpurrl|i dont rly judge ppl's plays
|
|move|p1a: Entei|Stone Edge|p2a: Chandelure
|-supereffective|p2a: Chandelure
|-end|p2a: Chandelure|Substitute
|move|p2a: Chandelure|Shadow Ball|p1a: Entei
|-damage|p1a: Entei|202\/371
|-unboost|p1a: Entei|spd|1
|
|-heal|p2a: Chandelure|175\/281|[from] item: Leftovers
|turn|19
|c|âpurrl|i've probably done worse at some point
|
|switch|p1a: Toxicroak|Toxicroak, M|307\/307
|switch|p2a: Zygarde|Zygarde|380\/405
|-damage|p2a: Zygarde|355\/405|[from] Stealth Rock
|-ability|p2a: Zygarde|Aura Break
|
|-heal|p2a: Zygarde|380\/405|[from] item: Leftovers
|turn|20
|
|move|p2a: Zygarde|Earthquake|p1a: Toxicroak
|-supereffective|p1a: Toxicroak
|-damage|p1a: Toxicroak|1\/307
|move|p1a: Toxicroak|Drain Punch|p2a: Zygarde
|-damage|p2a: Zygarde|238\/405
|-heal|p1a: Toxicroak|72\/307|[from] drain|[of] p2a: Zygarde
|-damage|p1a: Toxicroak|42\/307|[from] item: Life Orb
|
|-heal|p2a: Zygarde|263\/405|[from] item: Leftovers
|turn|21
|c|âCell in a Hell|nice sash
|
|move|p2a: Zygarde|Coil|p2a: Zygarde
|-boost|p2a: Zygarde|atk|1
|-boost|p2a: Zygarde|def|1
|-boost|p2a: Zygarde|accuracy|1
|move|p1a: Toxicroak|Drain Punch|p2a: Zygarde
|-damage|p2a: Zygarde|169\/405
|-heal|p1a: Toxicroak|89\/307|[from] drain|[of] p2a: Zygarde
|-damage|p1a: Toxicroak|59\/307|[from] item: Life Orb
|
|-heal|p2a: Zygarde|194\/405|[from] item: Leftovers
|turn|22
|
|switch|p1a: Jirachi|Jirachi|341\/341
|move|p2a: Zygarde|Substitute|p2a: Zygarde
|-start|p2a: Zygarde|Substitute
|-damage|p2a: Zygarde|93\/405
|
|-heal|p2a: Zygarde|118\/405|[from] item: Leftovers
|turn|23
|
|move|p1a: Jirachi|Healing Wish|p1a: Jirachi
|faint|p1a: Jirachi
|move|p2a: Zygarde|Earthquake|p1: Jirachi|[notarget]
|-notarget
|
|-heal|p2a: Zygarde|143\/405|[from] item: Leftovers
|
|switch|p1a: Crobat|Crobat, F, shiny|297\/373 slp
|-heal|p1a: Crobat|373\/373|[from] move: Healing Wish
|turn|24
|
|move|p1a: Crobat|Toxic|p2a: Zygarde
|-status|p2a: Zygarde|tox
|move|p2a: Zygarde|Dragon Tail|p1a: Crobat
|-damage|p1a: Crobat|240\/373
|drag|p1a: Entei|Entei, shiny|202\/371
|-ability|p1a: Entei|Pressure
|
|-heal|p2a: Zygarde|168\/405 tox|[from] item: Leftovers
|-damage|p2a: Zygarde|143\/405 tox|[from] psn
|turn|25
|
|switch|p1a: Crobat|Crobat, F, shiny|240\/373
|move|p2a: Zygarde|Dragon Tail|p1a: Crobat
|-damage|p1a: Crobat|122\/373
|drag|p1a: Entei|Entei, shiny|202\/371
|-ability|p1a: Entei|Pressure
|
|-heal|p2a: Zygarde|168\/405 tox|[from] item: Leftovers
|-damage|p2a: Zygarde|118\/405 tox|[from] psn
|turn|26
|
|move|p1a: Entei|Extreme Speed|p2a: Zygarde
|-activate|p2a: Zygarde|Substitute|[damage]
|move|p2a: Zygarde|Earthquake|p1a: Entei
|-supereffective|p1a: Entei
|-damage|p1a: Entei|0 fnt
|faint|p1a: Entei
|
|-heal|p2a: Zygarde|143\/405 tox|[from] item: Leftovers
|-damage|p2a: Zygarde|68\/405 tox|[from] psn
|
|switch|p1a: Crobat|Crobat, F, shiny|122\/373
|turn|27
|
|switch|p1a: Toxicroak|Toxicroak, M|59\/307
|move|p2a: Zygarde|Dragon Tail|p1a: Toxicroak
|-damage|p1a: Toxicroak|0 fnt
|faint|p1a: Toxicroak
|
|-heal|p2a: Zygarde|93\/405 tox|[from] item: Leftovers
|-damage|p2a: Zygarde|0 fnt|[from] psn
|faint|p2a: Zygarde
|
|switch|p1a: Crobat|Crobat, F, shiny|122\/373
|switch|p2a: Chandelure|Chandelure, F|175\/281
|-damage|p2a: Chandelure|105\/281|[from] Stealth Rock
|turn|28
|c|âCell in a Hell|gg
|
|move|p1a: Crobat|Brave Bird|p2a: Chandelure
|-damage|p2a: Chandelure|0 fnt
|-damage|p1a: Crobat|87\/373|[from] recoil|[of] p2a: Chandelure
|faint|p2a: Chandelure
|
|-heal|p1a: Crobat|110\/373|[from] item: Black Sludge
|c|âpurrl|gg
|c|âCell in a Hell|wait
|c|âCell in a Hell|o nvm
|
|switch|p2a: Roserade|Roserade, F|212\/321
|-damage|p2a: Roserade|172\/321|[from] Stealth Rock
|turn|29
|
|move|p1a: Crobat|Brave Bird|p2a: Roserade
|-supereffective|p2a: Roserade
|-damage|p2a: Roserade|0 fnt
|-damage|p1a: Crobat|53\/373|[from] recoil|[of] p2a: Roserade
|faint|p2a: Roserade
|
|win|purrl
|raw|Ladder updating...
|raw|purrl's rating: 1640 &rarr; <strong>1647<\/strong><br \/>(+7 for winning)
|raw|Cell in a Hell's rating: 1382 &rarr; <strong>1374<\/strong><br \/>(-8 for losing)
|leave|purrl
|player|p1
|leave|curse drum snorlax