|join|purrl
|join|deluks917
|player|p1|purrl|8
|player|p2|deluks917|211
|gametype|singles
|gen|6
|tier|UU
|rated
|rule|Sleep Clause Mod: Limit one foe put to sleep
|rule|Species Clause: Limit one of each PokÃ©mon
|rule|OHKO Clause: OHKO moves are banned
|rule|Moody Clause: Moody is banned
|rule|Evasion Moves Clause: Evasion moves are banned
|rule|Endless Battle Clause: Forcing endless battles is banned
|rule|HP Percentage Mod: HP is shown in percentages
|clearpoke
|poke|p1|Sharpedo, M
|poke|p1|Entei, shiny
|poke|p1|Jirachi
|poke|p1|Crobat, F, shiny
|poke|p1|Swampert, M
|poke|p1|Toxicroak, M
|poke|p2|Blissey, F
|poke|p2|Spiritomb, M
|poke|p2|Tentacruel, M
|poke|p2|Meloetta
|poke|p2|Gligar, M
|poke|p2|Quagsire, M
|rule|Swagger Clause: Swagger is banned
|rule|Baton Pass Clause: Limit one PokÃ©mon knowing Baton Pass
|teampreview
|
|start
|switch|p1a: Entei|Entei, shiny|371\/371
|switch|p2a: Gligar|Gligar, M|324\/324
|-ability|p1a: Entei|Pressure
|turn|1
|
|move|p1a: Entei|Sacred Fire|p2a: Gligar
|-damage|p2a: Gligar|197\/324
|-status|p2a: Gligar|brn
|move|p2a: Gligar|Stealth Rock|p1a: Entei
|-sidestart|p1: purrl|move: Stealth Rock
|
|-damage|p2a: Gligar|157\/324 brn|[from] brn
|turn|2
|
|switch|p1a: Swampert|Swampert, M|401\/401
|-damage|p1a: Swampert|376\/401|[from] Stealth Rock
|switch|p2a: Quagsire|Quagsire, M|384\/384
|
|-heal|p1a: Swampert|401\/401|[from] item: Leftovers
|turn|3
|
|move|p1a: Swampert|Scald|p2a: Quagsire
|-damage|p2a: Quagsire|267\/384
|-status|p2a: Quagsire|brn
|move|p2a: Quagsire|Toxic|p1a: Swampert
|-status|p1a: Swampert|tox
|
|-heal|p2a: Quagsire|291\/384 brn|[from] item: Leftovers
|-damage|p1a: Swampert|376\/401 tox|[from] psn
|-damage|p2a: Quagsire|243\/384 brn|[from] brn
|turn|4
|
|switch|p2a: Blissey|Blissey, F|656\/656
|move|p1a: Swampert|Stealth Rock|p2a: Blissey
|-sidestart|p2: deluks917|move: Stealth Rock
|
|-heal|p1a: Swampert|401\/401 tox|[from] item: Leftovers
|-damage|p1a: Swampert|351\/401 tox|[from] psn
|turn|5
|
|switch|p1a: Toxicroak|Toxicroak, M|307\/307
|-damage|p1a: Toxicroak|288\/307|[from] Stealth Rock
|move|p2a: Blissey|Aromatherapy|p2a: Blissey
|-cureteam|p2a: Blissey|[from] move: Aromatherapy
|
|turn|6
|
|switch|p2a: Quagsire|Quagsire, M|243\/384
|-damage|p2a: Quagsire|219\/384|[from] Stealth Rock
|move|p1a: Toxicroak|Gunk Shot|p2a: Quagsire|[miss]
|-miss|p1a: Toxicroak|p2a: Quagsire
|
|-heal|p2a: Quagsire|243\/384|[from] item: Leftovers
|turn|7
|
|switch|p1a: Swampert|Swampert, M|351\/401 tox
|-damage|p1a: Swampert|326\/401 tox|[from] Stealth Rock
|move|p2a: Quagsire|Recover|p2a: Quagsire
|-heal|p2a: Quagsire|384\/384
|
|-heal|p1a: Swampert|351\/401 tox|[from] item: Leftovers
|-damage|p1a: Swampert|326\/401 tox|[from] psn
|turn|8
|
|move|p1a: Swampert|Scald|p2a: Quagsire
|-damage|p2a: Quagsire|264\/384
|-status|p2a: Quagsire|brn
|move|p2a: Quagsire|Scald|p1a: Swampert
|-damage|p1a: Swampert|257\/401 tox
|
|-heal|p1a: Swampert|282\/401 tox|[from] item: Leftovers
|-heal|p2a: Quagsire|288\/384 brn|[from] item: Leftovers
|-damage|p1a: Swampert|232\/401 tox|[from] psn
|-damage|p2a: Quagsire|240\/384 brn|[from] brn
|turn|9
|
|switch|p1a: Toxicroak|Toxicroak, M|288\/307
|-damage|p1a: Toxicroak|269\/307|[from] Stealth Rock
|move|p2a: Quagsire|Recover|p2a: Quagsire
|-heal|p2a: Quagsire|384\/384 brn
|
|-damage|p2a: Quagsire|336\/384 brn|[from] brn
|turn|10
|
|move|p1a: Toxicroak|Drain Punch|p2a: Quagsire
|-damage|p2a: Quagsire|214\/384 brn
|-heal|p1a: Toxicroak|307\/307|[from] drain|[of] p2a: Quagsire
|-damage|p1a: Toxicroak|277\/307|[from] item: Life Orb
|move|p2a: Quagsire|Earthquake|p1a: Toxicroak
|-supereffective|p1a: Toxicroak
|-damage|p1a: Toxicroak|133\/307
|
|-heal|p2a: Quagsire|238\/384 brn|[from] item: Leftovers
|-damage|p2a: Quagsire|190\/384 brn|[from] brn
|turn|11
|
|move|p1a: Toxicroak|Drain Punch|p2a: Quagsire
|-damage|p2a: Quagsire|57\/384 brn
|-heal|p1a: Toxicroak|200\/307|[from] drain|[of] p2a: Quagsire
|-damage|p1a: Toxicroak|170\/307|[from] item: Life Orb
|move|p2a: Quagsire|Recover|p2a: Quagsire
|-heal|p2a: Quagsire|249\/384 brn
|
|-heal|p2a: Quagsire|273\/384 brn|[from] item: Leftovers
|-damage|p2a: Quagsire|225\/384 brn|[from] brn
|turn|12
|
|move|p1a: Toxicroak|Drain Punch|p2a: Quagsire
|-damage|p2a: Quagsire|96\/384 brn
|-heal|p1a: Toxicroak|235\/307|[from] drain|[of] p2a: Quagsire
|-damage|p1a: Toxicroak|205\/307|[from] item: Life Orb
|move|p2a: Quagsire|Recover|p2a: Quagsire
|-heal|p2a: Quagsire|288\/384 brn
|
|-heal|p2a: Quagsire|312\/384 brn|[from] item: Leftovers
|-damage|p2a: Quagsire|264\/384 brn|[from] brn
|turn|13
|
|move|p1a: Toxicroak|Drain Punch|p2a: Quagsire
|-damage|p2a: Quagsire|135\/384 brn
|-heal|p1a: Toxicroak|270\/307|[from] drain|[of] p2a: Quagsire
|-damage|p1a: Toxicroak|240\/307|[from] item: Life Orb
|move|p2a: Quagsire|Recover|p2a: Quagsire
|-heal|p2a: Quagsire|327\/384 brn
|
|-heal|p2a: Quagsire|351\/384 brn|[from] item: Leftovers
|-damage|p2a: Quagsire|303\/384 brn|[from] brn
|turn|14
|
|move|p1a: Toxicroak|Drain Punch|p2a: Quagsire
|-damage|p2a: Quagsire|181\/384 brn
|-heal|p1a: Toxicroak|301\/307|[from] drain|[of] p2a: Quagsire
|-damage|p1a: Toxicroak|271\/307|[from] item: Life Orb
|move|p2a: Quagsire|Recover|p2a: Quagsire
|-heal|p2a: Quagsire|373\/384 brn
|
|-heal|p2a: Quagsire|384\/384 brn|[from] item: Leftovers
|-damage|p2a: Quagsire|336\/384 brn|[from] brn
|turn|15
|
|switch|p1a: Swampert|Swampert, M|232\/401 tox
|-damage|p1a: Swampert|207\/401 tox|[from] Stealth Rock
|move|p2a: Quagsire|Earthquake|p1a: Swampert
|-damage|p1a: Swampert|164\/401 tox
|
|-heal|p1a: Swampert|189\/401 tox|[from] item: Leftovers
|-heal|p2a: Quagsire|360\/384 brn|[from] item: Leftovers
|-damage|p1a: Swampert|164\/401 tox|[from] psn
|-damage|p2a: Quagsire|312\/384 brn|[from] brn
|turn|16
|
|switch|p1a: Sharpedo|Sharpedo, M|281\/281
|-damage|p1a: Sharpedo|246\/281|[from] Stealth Rock
|switch|p2a: Blissey|Blissey, F|656\/656
|-damage|p2a: Blissey|574\/656|[from] Stealth Rock
|
|-heal|p2a: Blissey|615\/656|[from] item: Leftovers
|turn|17
|
|detailschange|p1a: Sharpedo|Sharpedo-Mega, M
|message|Sharpedo has Mega Evolved into Mega Sharpedo!
|move|p1a: Sharpedo|Crunch|p2a: Blissey
|-damage|p2a: Blissey|129\/656
|move|p2a: Blissey|Toxic|p1a: Sharpedo
|-status|p1a: Sharpedo|tox
|
|-heal|p2a: Blissey|170\/656|[from] item: Leftovers
|-damage|p1a: Sharpedo|229\/281 tox|[from] psn
|turn|18
|
|move|p1a: Sharpedo|Crunch|p2a: Blissey
|-damage|p2a: Blissey|0 fnt
|faint|p2a: Blissey
|
|-damage|p1a: Sharpedo|195\/281 tox|[from] psn
|
|switch|p2a: Spiritomb|Spiritomb, M|304\/304
|-damage|p2a: Spiritomb|266\/304|[from] Stealth Rock
|-ability|p2a: Spiritomb|Pressure
|turn|19
|
|switch|p1a: Swampert|Swampert, M|164\/401 tox
|-damage|p1a: Swampert|139\/401 tox|[from] Stealth Rock
|move|p2a: Spiritomb|Foul Play|p1a: Swampert
|-damage|p1a: Swampert|40\/401 tox
|
|-heal|p1a: Swampert|65\/401 tox|[from] item: Leftovers
|-heal|p2a: Spiritomb|285\/304|[from] item: Leftovers
|-damage|p1a: Swampert|40\/401 tox|[from] psn
|turn|20
|
|switch|p2a: Tentacruel|Tentacruel, M|352\/352
|-damage|p2a: Tentacruel|308\/352|[from] Stealth Rock
|move|p1a: Swampert|Scald|p2a: Tentacruel
|-resisted|p2a: Tentacruel
|-damage|p2a: Tentacruel|276\/352
|-status|p2a: Tentacruel|brn
|
|-heal|p2a: Tentacruel|298\/352 brn|[from] item: Leftovers
|-heal|p1a: Swampert|65\/401 tox|[from] item: Leftovers
|-damage|p2a: Tentacruel|254\/352 brn|[from] brn
|-damage|p1a: Swampert|15\/401 tox|[from] psn
|turn|21
|
|move|p2a: Tentacruel|Rapid Spin|p1a: Swampert
|-damage|p1a: Swampert|10\/401 tox
|-sideend|p2: deluks917|Stealth Rock|[from] move: Rapid Spin|[of] p2a: Tentacruel
|move|p1a: Swampert|Earthquake|p2a: Tentacruel
|-supereffective|p2a: Tentacruel
|-damage|p2a: Tentacruel|0 fnt
|faint|p2a: Tentacruel
|
|-heal|p1a: Swampert|35\/401 tox|[from] item: Leftovers
|-damage|p1a: Swampert|0 fnt|[from] psn
|faint|p1a: Swampert
|
|switch|p1a: Entei|Entei, shiny|371\/371
|switch|p2a: Spiritomb|Spiritomb, M|285\/304
|-damage|p1a: Entei|279\/371|[from] Stealth Rock
|-ability|p1a: Entei|Pressure
|-ability|p2a: Spiritomb|Pressure
|turn|22
|
|switch|p2a: Quagsire|Quagsire, M|312\/384 brn
|move|p1a: Entei|Flare Blitz|p2a: Quagsire
|-resisted|p2a: Quagsire
|-damage|p2a: Quagsire|186\/384 brn
|-damage|p1a: Entei|237\/371|[from] recoil|[of] p2a: Quagsire
|
|-heal|p2a: Quagsire|210\/384 brn|[from] item: Leftovers
|-damage|p2a: Quagsire|162\/384 brn|[from] brn
|turn|23
|
|switch|p1a: Jirachi|Jirachi|341\/341
|-damage|p1a: Jirachi|320\/341|[from] Stealth Rock
|move|p2a: Quagsire|Recover|p2a: Quagsire
|-heal|p2a: Quagsire|354\/384 brn
|
|-heal|p2a: Quagsire|378\/384 brn|[from] item: Leftovers
|-damage|p2a: Quagsire|330\/384 brn|[from] brn
|turn|24
|
|switch|p2a: Gligar|Gligar, M|157\/324
|move|p1a: Jirachi|Iron Head|p2a: Gligar
|-damage|p2a: Gligar|102\/324
|
|turn|25
|
|move|p1a: Jirachi|Iron Head|p2a: Gligar
|-damage|p2a: Gligar|48\/324
|move|p2a: Gligar|Roost|p2a: Gligar
|-heal|p2a: Gligar|210\/324
|
|turn|26
|
|switch|p1a: Crobat|Crobat, F, shiny|373\/373
|-damage|p1a: Crobat|280\/373|[from] Stealth Rock
|move|p2a: Gligar|Earthquake|p1a: Crobat
|-immune|p1a: Crobat|[msg]
|
|-heal|p1a: Crobat|303\/373|[from] item: Black Sludge
|turn|27
|
|move|p1a: Crobat|Defog|p2a: Gligar
|-unboost|p2a: Gligar|evasion|1
|-sideend|p1: purrl|Stealth Rock|[from] move: Defog|[of] p1a: Crobat
|move|p2a: Gligar|Roost|p2a: Gligar
|-heal|p2a: Gligar|324\/324
|
|-heal|p1a: Crobat|326\/373|[from] item: Black Sludge
|turn|28
|
|switch|p1a: Jirachi|Jirachi|320\/341
|move|p2a: Gligar|Stealth Rock|p1a: Jirachi
|-sidestart|p1: purrl|move: Stealth Rock
|
|turn|29
|
|switch|p2a: Quagsire|Quagsire, M|330\/384 brn
|move|p1a: Jirachi|U-turn|p2a: Quagsire
|-damage|p2a: Quagsire|276\/384 brn
|
|switch|p1a: Sharpedo|Sharpedo-Mega, M|195\/281 tox
|-damage|p1a: Sharpedo|160\/281 tox|[from] Stealth Rock
|
|-heal|p2a: Quagsire|300\/384 brn|[from] item: Leftovers
|-damage|p1a: Sharpedo|143\/281 tox|[from] psn
|-damage|p2a: Quagsire|252\/384 brn|[from] brn
|turn|30
|
|switch|p2a: Gligar|Gligar, M|324\/324
|move|p1a: Sharpedo|Crunch|p2a: Gligar
|-damage|p2a: Gligar|215\/324
|
|-damage|p1a: Sharpedo|109\/281 tox|[from] psn
|turn|31
|
|switch|p2a: Spiritomb|Spiritomb, M|285\/304
|-ability|p2a: Spiritomb|Pressure
|move|p1a: Sharpedo|Ice Fang|p2a: Spiritomb
|-damage|p2a: Spiritomb|189\/304
|
|-heal|p2a: Spiritomb|208\/304|[from] item: Leftovers
|-damage|p1a: Sharpedo|58\/281 tox|[from] psn
|turn|32
|
|switch|p1a: Crobat|Crobat, F, shiny|326\/373
|-damage|p1a: Crobat|233\/373|[from] Stealth Rock
|move|p2a: Spiritomb|Foul Play|p1a: Crobat
|-damage|p1a: Crobat|94\/373
|
|-heal|p1a: Crobat|117\/373|[from] item: Black Sludge
|-heal|p2a: Spiritomb|227\/304|[from] item: Leftovers
|turn|33
|
|move|p1a: Crobat|Defog|p2a: Spiritomb
|-unboost|p2a: Spiritomb|evasion|1
|-sideend|p1: purrl|Stealth Rock|[from] move: Defog|[of] p1a: Crobat
|move|p2a: Spiritomb|Will-O-Wisp|p1a: Crobat
|-status|p1a: Crobat|brn
|
|-heal|p1a: Crobat|140\/373 brn|[from] item: Black Sludge
|-heal|p2a: Spiritomb|246\/304|[from] item: Leftovers
|-damage|p1a: Crobat|94\/373 brn|[from] brn
|turn|34
|
|switch|p2a: Gligar|Gligar, M|215\/324
|move|p1a: Crobat|Toxic|p2a: Gligar
|-fail|p2a: Gligar
|
|-heal|p1a: Crobat|117\/373 brn|[from] item: Black Sludge
|-damage|p1a: Crobat|71\/373 brn|[from] brn
|turn|35
|
|switch|p1a: Jirachi|Jirachi|320\/341
|move|p2a: Gligar|Stealth Rock|p1a: Jirachi
|-sidestart|p1: purrl|move: Stealth Rock
|
|turn|36
|
|move|p1a: Jirachi|Healing Wish|p1a: Jirachi
|faint|p1a: Jirachi
|move|p2a: Gligar|Roost|p2a: Gligar
|-heal|p2a: Gligar|324\/324
|
|
|switch|p1a: Sharpedo|Sharpedo-Mega, M|58\/281 tox
|-heal|p1a: Sharpedo|281\/281|[from] move: Healing Wish
|-damage|p1a: Sharpedo|246\/281|[from] Stealth Rock
|turn|37
|
|switch|p2a: Quagsire|Quagsire, M|252\/384 brn
|move|p1a: Sharpedo|Ice Fang|p2a: Quagsire|[miss]
|-miss|p1a: Sharpedo|p2a: Quagsire
|
|-heal|p2a: Quagsire|276\/384 brn|[from] item: Leftovers
|-damage|p2a: Quagsire|228\/384 brn|[from] brn
|turn|38
|
|move|p1a: Sharpedo|Crunch|p2a: Quagsire
|-damage|p2a: Quagsire|29\/384 brn
|move|p2a: Quagsire|Toxic|p1a: Sharpedo
|-status|p1a: Sharpedo|tox
|
|-heal|p2a: Quagsire|53\/384 brn|[from] item: Leftovers
|-damage|p1a: Sharpedo|229\/281 tox|[from] psn
|-damage|p2a: Quagsire|5\/384 brn|[from] brn
|turn|39
|
|move|p1a: Sharpedo|Crunch|p2a: Quagsire
|-damage|p2a: Quagsire|0 fnt
|faint|p2a: Quagsire
|
|-damage|p1a: Sharpedo|195\/281 tox|[from] psn
|
|switch|p2a: Spiritomb|Spiritomb, M|246\/304
|-ability|p2a: Spiritomb|Pressure
|turn|40
|
|switch|p1a: Crobat|Crobat, F, shiny|71\/373 brn
|-damage|p1a: Crobat|0 fnt|[from] Stealth Rock
|faint|p1a: Crobat
|move|p2a: Spiritomb|Foul Play|p1: Crobat|[notarget]
|-notarget
|
|-heal|p2a: Spiritomb|265\/304|[from] item: Leftovers
|
|switch|p1a: Entei|Entei, shiny|237\/371
|-damage|p1a: Entei|145\/371|[from] Stealth Rock
|-ability|p1a: Entei|Pressure
|turn|41
|join|The Testing Imp
|
|move|p1a: Entei|Sacred Fire|p2a: Spiritomb
|-damage|p2a: Spiritomb|78\/304
|move|p2a: Spiritomb|Foul Play|p1a: Entei
|-damage|p1a: Entei|0 fnt
|faint|p1a: Entei
|
|-heal|p2a: Spiritomb|97\/304|[from] item: Leftovers
|
|switch|p1a: Sharpedo|Sharpedo-Mega, M|195\/281 tox
|-damage|p1a: Sharpedo|160\/281 tox|[from] Stealth Rock
|turn|42
|
|switch|p2a: Gligar|Gligar, M|324\/324
|move|p1a: Sharpedo|Crunch|p2a: Gligar
|-damage|p2a: Gligar|218\/324
|
|-damage|p1a: Sharpedo|143\/281 tox|[from] psn
|turn|43
|
|switch|p2a: Spiritomb|Spiritomb, M|97\/304
|-ability|p2a: Spiritomb|Pressure
|move|p1a: Sharpedo|Ice Fang|p2a: Spiritomb
|-damage|p2a: Spiritomb|6\/304
|
|-heal|p2a: Spiritomb|25\/304|[from] item: Leftovers
|-damage|p1a: Sharpedo|109\/281 tox|[from] psn
|turn|44
|
|move|p1a: Sharpedo|Crunch|p2a: Spiritomb
|-damage|p2a: Spiritomb|0 fnt
|faint|p2a: Spiritomb
|
|-damage|p1a: Sharpedo|58\/281 tox|[from] psn
|
|switch|p2a: Meloetta|Meloetta|352\/352
|turn|45
|
|move|p1a: Sharpedo|Crunch|p2a: Meloetta
|-supereffective|p2a: Meloetta
|-damage|p2a: Meloetta|0 fnt
|faint|p2a: Meloetta
|
|-damage|p1a: Sharpedo|0 fnt|[from] psn
|faint|p1a: Sharpedo
|
|switch|p1a: Toxicroak|Toxicroak, M|271\/307
|switch|p2a: Gligar|Gligar, M|218\/324
|-damage|p1a: Toxicroak|252\/307|[from] Stealth Rock
|turn|46
|
|move|p1a: Toxicroak|Gunk Shot|p2a: Gligar
|-resisted|p2a: Gligar
|-damage|p2a: Gligar|154\/324
|-damage|p1a: Toxicroak|222\/307|[from] item: Life Orb
|move|p2a: Gligar|Earthquake|p1a: Toxicroak
|-supereffective|p1a: Toxicroak
|-damage|p1a: Toxicroak|0 fnt
|faint|p1a: Toxicroak
|
|win|deluks917
|raw|Ladder updating...
|raw|purrl's rating: 1566 &rarr; <strong>1542<\/strong><br \/>(-24 for losing)
|raw|deluks917's rating: 1500 &rarr; <strong>1524<\/strong><br \/>(+24 for winning)
|c|âpurrl|gg