|join|PURRL
|join|radianthero156
|player|p1|PURRL|8
|player|p2|radianthero156|184
|gametype|singles
|gen|6
|tier|UU
|rated
|rule|Sleep Clause Mod: Limit one foe put to sleep
|rule|Species Clause: Limit one of each PokÃ©mon
|rule|OHKO Clause: OHKO moves are banned
|rule|Moody Clause: Moody is banned
|rule|Evasion Moves Clause: Evasion moves are banned
|rule|Endless Battle Clause: Forcing endless battles is banned
|rule|HP Percentage Mod: HP is shown in percentages
|clearpoke
|poke|p1|Gallade, M
|poke|p1|Suicune
|poke|p1|Jirachi
|poke|p1|Whimsicott, F
|poke|p1|Raikou
|poke|p1|Nidoqueen, F
|poke|p2|Beedrill, F
|poke|p2|Rotom-Heat
|poke|p2|Jirachi
|poke|p2|Krookodile, F
|poke|p2|Starmie
|poke|p2|Mienshao, M
|rule|Swagger Clause: Swagger is banned
|rule|Baton Pass Clause: Limit one PokÃ©mon knowing Baton Pass
|teampreview
|c|âradianthero156|hello thar
|c|âPURRL|hey :]
|
|start
|switch|p1a: Nidoqueen|Nidoqueen, F|327\/327
|switch|p2a: Rotom-Heat|Rotom-Heat|241\/241
|turn|1
|
|move|p2a: Rotom-Heat|Hidden Power|p1a: Nidoqueen
|-supereffective|p1a: Nidoqueen
|-damage|p1a: Nidoqueen|133\/327
|move|p1a: Nidoqueen|Stealth Rock|p2a: Rotom-Heat
|-sidestart|p2: radianthero156|move: Stealth Rock
|
|turn|2
|
|switch|p1a: Jirachi|Jirachi|341\/341
|move|p2a: Rotom-Heat|Thunderbolt|p1a: Jirachi
|-damage|p1a: Jirachi|202\/341
|
|turn|3
|
|move|p1a: Jirachi|U-turn|p2a: Rotom-Heat
|-resisted|p2a: Rotom-Heat
|-damage|p2a: Rotom-Heat|210\/241
|
|switch|p1a: Suicune|Suicune|391\/391
|-ability|p1a: Suicune|Pressure
|move|p2a: Rotom-Heat|Volt Switch|p1a: Suicune
|-supereffective|p1a: Suicune
|-damage|p1a: Suicune|146\/391
|
|switch|p2a: Starmie|Starmie|261\/261
|-damage|p2a: Starmie|229\/261|[from] Stealth Rock
|
|-heal|p1a: Suicune|170\/391|[from] item: Leftovers
|turn|4
|
|switch|p1a: Whimsicott|Whimsicott, F|261\/261
|move|p2a: Starmie|Rapid Spin|p1a: Whimsicott
|-damage|p1a: Whimsicott|239\/261
|-sideend|p2: radianthero156|Stealth Rock|[from] move: Rapid Spin|[of] p2a: Starmie
|-damage|p2a: Starmie|203\/261|[from] item: Life Orb
|
|turn|5
|
|switch|p1a: Gallade|Gallade, M|277\/277
|switch|p2a: Beedrill|Beedrill, F|271\/271
|
|turn|6
|
|detailschange|p1a: Gallade|Gallade-Mega, M
|message|Gallade has Mega Evolved into Mega Gallade!
|detailschange|p2a: Beedrill|Beedrill-Mega, F
|message|Beedrill has Mega Evolved into Mega Beedrill!
|move|p2a: Beedrill|Protect|p2a: Beedrill
|-singleturn|p2a: Beedrill|Protect
|move|p1a: Gallade|Zen Headbutt|p2a: Beedrill
|-activate|p2a: Beedrill|Protect
|
|turn|7
|
|switch|p1a: Nidoqueen|Nidoqueen, F|133\/327
|move|p2a: Beedrill|U-turn|p1a: Nidoqueen
|-crit|p1a: Nidoqueen
|-resisted|p1a: Nidoqueen
|-damage|p1a: Nidoqueen|0 fnt
|faint|p1a: Nidoqueen
|
|switch|p2a: Starmie|Starmie|203\/261
|
|
|switch|p1a: Whimsicott|Whimsicott, F|239\/261
|turn|8
|
|switch|p2a: Jirachi|Jirachi|341\/341
|move|p1a: Whimsicott|Energy Ball|p2a: Jirachi
|-resisted|p2a: Jirachi
|-damage|p2a: Jirachi|268\/341
|-damage|p1a: Whimsicott|213\/261|[from] item: Life Orb
|
|turn|9
|raw|<div class="broadcast-blue"><b>New seasonal, Sleigh Showdown, is out now!<\/b><\/div>
|
|switch|p2a: Rotom-Heat|Rotom-Heat|210\/241
|switch|p1a: Suicune|Suicune|170\/391
|-ability|p1a: Suicune|Pressure
|
|-heal|p1a: Suicune|194\/391|[from] item: Leftovers
|turn|10
|
|switch|p1a: Raikou|Raikou|321\/321
|-ability|p1a: Raikou|Pressure
|move|p2a: Rotom-Heat|Volt Switch|p1a: Raikou
|-resisted|p1a: Raikou
|-damage|p1a: Raikou|262\/321
|
|switch|p2a: Krookodile|Krookodile, F|394\/394
|-ability|p2a: Krookodile|Intimidate|[of] p1a: Raikou
|-unboost|p1a: Raikou|atk|1
|
|turn|11
|
|switch|p1a: Whimsicott|Whimsicott, F|213\/261
|move|p2a: Krookodile|Stealth Rock|p1a: Whimsicott
|-sidestart|p1: PURRL|move: Stealth Rock
|
|turn|12
|
|switch|p2a: Rotom-Heat|Rotom-Heat|210\/241
|move|p1a: Whimsicott|Moonblast|p2a: Rotom-Heat
|-resisted|p2a: Rotom-Heat
|-damage|p2a: Rotom-Heat|132\/241
|-damage|p1a: Whimsicott|187\/261|[from] item: Life Orb
|
|turn|13
|
|switch|p1a: Suicune|Suicune|194\/391
|-damage|p1a: Suicune|146\/391|[from] Stealth Rock
|-ability|p1a: Suicune|Pressure
|move|p2a: Rotom-Heat|Hidden Power|p1a: Suicune
|-resisted|p1a: Suicune
|-damage|p1a: Suicune|115\/391
|
|-heal|p1a: Suicune|139\/391|[from] item: Leftovers
|turn|14
|
|switch|p1a: Raikou|Raikou|262\/321
|-damage|p1a: Raikou|222\/321|[from] Stealth Rock
|-ability|p1a: Raikou|Pressure
|move|p2a: Rotom-Heat|Volt Switch|p1a: Raikou
|-resisted|p1a: Raikou
|-damage|p1a: Raikou|167\/321
|
|switch|p2a: Beedrill|Beedrill-Mega, F|271\/271
|
|turn|15
|
|move|p2a: Beedrill|U-turn|p1a: Raikou
|-damage|p1a: Raikou|0 fnt
|faint|p1a: Raikou
|
|switch|p2a: Rotom-Heat|Rotom-Heat|132\/241
|
|
|switch|p1a: Gallade|Gallade-Mega, M|277\/277
|-damage|p1a: Gallade|260\/277|[from] Stealth Rock
|turn|16
|
|switch|p2a: Krookodile|Krookodile, F|394\/394
|-ability|p2a: Krookodile|Intimidate|[of] p1a: Gallade
|-unboost|p1a: Gallade|atk|1
|move|p1a: Gallade|Zen Headbutt|p2a: Krookodile
|-immune|p2a: Krookodile|[msg]
|
|turn|17
|
|switch|p1a: Whimsicott|Whimsicott, F|187\/261
|-damage|p1a: Whimsicott|155\/261|[from] Stealth Rock
|switch|p2a: Jirachi|Jirachi|268\/341
|
|turn|18
|
|switch|p1a: Suicune|Suicune|139\/391
|-damage|p1a: Suicune|91\/391|[from] Stealth Rock
|-ability|p1a: Suicune|Pressure
|move|p2a: Jirachi|U-turn|p1a: Suicune
|-damage|p1a: Suicune|30\/391
|
|switch|p2a: Beedrill|Beedrill-Mega, F|271\/271
|
|-heal|p1a: Suicune|54\/391|[from] item: Leftovers
|turn|19
|
|move|p2a: Beedrill|Poison Jab|p1a: Suicune
|-damage|p1a: Suicune|0 fnt
|faint|p1a: Suicune
|
|
|switch|p1a: Whimsicott|Whimsicott, F|155\/261
|-damage|p1a: Whimsicott|123\/261|[from] Stealth Rock
|turn|20
|
|move|p1a: Whimsicott|Stun Spore|p2a: Beedrill
|-status|p2a: Beedrill|par
|move|p2a: Beedrill|Poison Jab|p1a: Whimsicott
|-supereffective|p1a: Whimsicott
|-damage|p1a: Whimsicott|0 fnt
|faint|p1a: Whimsicott
|
|
|switch|p1a: Gallade|Gallade-Mega, M|260\/277
|-damage|p1a: Gallade|243\/277|[from] Stealth Rock
|turn|21
|
|switch|p2a: Krookodile|Krookodile, F|394\/394
|-ability|p2a: Krookodile|Intimidate|[of] p1a: Gallade
|-unboost|p1a: Gallade|atk|1
|move|p1a: Gallade|Zen Headbutt|p2a: Krookodile
|-immune|p2a: Krookodile|[msg]
|
|turn|22
|
|move|p1a: Gallade|Close Combat|p2a: Krookodile
|-supereffective|p2a: Krookodile
|-damage|p2a: Krookodile|98\/394
|-unboost|p1a: Gallade|def|1
|-unboost|p1a: Gallade|spd|1
|move|p2a: Krookodile|Earthquake|p1a: Gallade
|-damage|p1a: Gallade|45\/277
|
|-heal|p2a: Krookodile|122\/394|[from] item: Leftovers
|turn|23
|
|move|p1a: Gallade|Close Combat|p2a: Krookodile
|-supereffective|p2a: Krookodile
|-damage|p2a: Krookodile|0 fnt
|-unboost|p1a: Gallade|def|1
|-unboost|p1a: Gallade|spd|1
|faint|p2a: Krookodile
|
|
|switch|p2a: Jirachi|Jirachi|268\/341
|turn|24
|
|switch|p1a: Jirachi|Jirachi|202\/341
|-damage|p1a: Jirachi|181\/341|[from] Stealth Rock
|move|p2a: Jirachi|U-turn|p1a: Jirachi
|-damage|p1a: Jirachi|105\/341
|
|switch|p2a: Starmie|Starmie|203\/261
|
|turn|25
|
|move|p1a: Jirachi|Healing Wish|p1a: Jirachi
|faint|p1a: Jirachi
|move|p2a: Starmie|Thunderbolt|p1: Jirachi|[notarget]
|-notarget
|
|
|switch|p1a: Gallade|Gallade-Mega, M|45\/277
|-heal|p1a: Gallade|277\/277|[from] move: Healing Wish
|-damage|p1a: Gallade|260\/277|[from] Stealth Rock
|turn|26
|
|move|p2a: Starmie|Hydro Pump|p1a: Gallade
|-damage|p1a: Gallade|85\/277
|-damage|p2a: Starmie|177\/261|[from] item: Life Orb
|move|p1a: Gallade|Knock Off|p2a: Starmie
|-supereffective|p2a: Starmie
|-damage|p2a: Starmie|0 fnt
|-enditem|p2a: Starmie|Life Orb|[from] move: Knock Off|[of] p1a: Gallade
|faint|p2a: Starmie
|
|
|switch|p2a: Jirachi|Jirachi|268\/341
|turn|27
|c|âradianthero156|G_G
|
|move|p2a: Jirachi|Iron Head|p1a: Gallade
|-damage|p1a: Gallade|0 fnt
|faint|p1a: Gallade
|
|win|radianthero156
|raw|Ladder updating...
|c|âPURRL|gg
|raw|PURRL's rating: 1618 &rarr; <strong>1592<\/strong><br \/>(-26 for losing)
|raw|radianthero156's rating: 1508 &rarr; <strong>1535<\/strong><br \/>(+27 for winning)