|join|purrl
|join|tuRkles
|player|p1|purrl|8
|player|p2|tuRkles|115
|gametype|singles
|gen|6
|tier|UU
|rated
|rule|Sleep Clause Mod: Limit one foe put to sleep
|rule|Species Clause: Limit one of each PokÃ©mon
|rule|OHKO Clause: OHKO moves are banned
|rule|Moody Clause: Moody is banned
|rule|Evasion Moves Clause: Evasion moves are banned
|rule|Endless Battle Clause: Forcing endless battles is banned
|rule|HP Percentage Mod: HP is shown in percentages
|clearpoke
|poke|p1|Gallade, M
|poke|p1|Suicune
|poke|p1|Jirachi
|poke|p1|Whimsicott, M
|poke|p1|Raikou
|poke|p1|Nidoqueen, F
|poke|p2|Jirachi
|poke|p2|Lucario, F
|poke|p2|Krookodile, F
|poke|p2|Bronzong
|poke|p2|Blastoise, M
|poke|p2|Raikou
|rule|Swagger Clause: Swagger is banned
|rule|Baton Pass Clause: Limit one PokÃ©mon knowing Baton Pass
|teampreview
|
|start
|switch|p1a: Jirachi|Jirachi|341\/341
|switch|p2a: Bronzong|Bronzong|338\/338
|turn|1
|
|move|p1a: Jirachi|Trick|p2a: Bronzong
|-activate|p1a: Jirachi|move: Trick|[of] p2a: Bronzong
|-item|p2a: Bronzong|Choice Scarf|[from] move: Trick
|-item|p1a: Jirachi|Leftovers|[from] move: Trick
|move|p2a: Bronzong|Stealth Rock|p1a: Jirachi
|-sidestart|p1: purrl|move: Stealth Rock
|
|turn|2
|
|switch|p2a: Jirachi|Jirachi|341\/341
|move|p1a: Jirachi|U-turn|p2a: Jirachi
|-damage|p2a: Jirachi|269\/341
|
|switch|p1a: Gallade|Gallade, M|277\/277
|-damage|p1a: Gallade|260\/277|[from] Stealth Rock
|
|turn|3
|
|detailschange|p1a: Gallade|Gallade-Mega, M
|message|Gallade has Mega Evolved into Mega Gallade!
|move|p2a: Jirachi|U-turn|p1a: Gallade
|-damage|p1a: Gallade|193\/277
|
|switch|p2a: Bronzong|Bronzong|338\/338
|move|p1a: Gallade|Knock Off|p2a: Bronzong
|-supereffective|p2a: Bronzong
|-damage|p2a: Bronzong|82\/338
|-enditem|p2a: Bronzong|Choice Scarf|[from] move: Knock Off|[of] p1a: Gallade
|
|turn|4
|
|move|p2a: Bronzong|Protect|p2a: Bronzong
|-singleturn|p2a: Bronzong|Protect
|move|p1a: Gallade|Knock Off|p2a: Bronzong
|-activate|p2a: Bronzong|Protect
|
|turn|5
|
|switch|p2a: Blastoise|Blastoise, M|334\/334
|move|p1a: Gallade|Knock Off|p2a: Blastoise
|-damage|p2a: Blastoise|249\/334
|
|turn|6
|
|detailschange|p2a: Blastoise|Blastoise-Mega, M
|message|Blastoise has Mega Evolved into Mega Blastoise!
|move|p1a: Gallade|Swords Dance|p1a: Gallade
|-boost|p1a: Gallade|atk|2
|move|p2a: Blastoise|Scald|p1a: Gallade
|-damage|p1a: Gallade|54\/277
|
|turn|7
|
|switch|p2a: Bronzong|Bronzong|82\/338
|move|p1a: Gallade|Close Combat|p2a: Bronzong
|-crit|p2a: Bronzong
|-damage|p2a: Bronzong|0 fnt
|-unboost|p1a: Gallade|def|1
|-unboost|p1a: Gallade|spd|1
|faint|p2a: Bronzong
|
|
|switch|p2a: Lucario|Lucario, F|281\/281
|turn|8
|
|switch|p1a: Nidoqueen|Nidoqueen, F|327\/327
|-damage|p1a: Nidoqueen|307\/327|[from] Stealth Rock
|move|p2a: Lucario|Extreme Speed|p1a: Nidoqueen
|-damage|p1a: Nidoqueen|177\/327
|-damage|p2a: Lucario|253\/281|[from] item: Life Orb
|
|turn|9
|
|switch|p2a: Blastoise|Blastoise-Mega, M|249\/334
|move|p1a: Nidoqueen|Earth Power|p2a: Blastoise
|-damage|p2a: Blastoise|81\/334
|
|turn|10
|
|move|p1a: Nidoqueen|Sludge Wave|p2a: Blastoise
|-crit|p2a: Blastoise
|-damage|p2a: Blastoise|0 fnt
|faint|p2a: Blastoise
|
|
|switch|p2a: Krookodile|Krookodile, F|331\/331
|-ability|p2a: Krookodile|Intimidate|[of] p1a: Nidoqueen
|-unboost|p1a: Nidoqueen|atk|1
|turn|11
|
|switch|p1a: Whimsicott|Whimsicott, M|261\/261
|-damage|p1a: Whimsicott|229\/261|[from] Stealth Rock
|move|p2a: Krookodile|Earthquake|p1a: Whimsicott
|-resisted|p1a: Whimsicott
|-damage|p1a: Whimsicott|79\/261
|
|turn|12
|
|move|p1a: Whimsicott|Moonblast|p2a: Krookodile
|-supereffective|p2a: Krookodile
|-damage|p2a: Krookodile|0 fnt
|-damage|p1a: Whimsicott|53\/261|[from] item: Life Orb
|faint|p2a: Krookodile
|
|
|switch|p2a: Lucario|Lucario, F|253\/281
|turn|13
|
|switch|p1a: Suicune|Suicune|391\/391
|-damage|p1a: Suicune|343\/391|[from] Stealth Rock
|-ability|p1a: Suicune|Pressure
|move|p2a: Lucario|Extreme Speed|p1a: Suicune
|-damage|p1a: Suicune|226\/391
|-damage|p2a: Lucario|225\/281|[from] item: Life Orb
|
|-heal|p1a: Suicune|250\/391|[from] item: Leftovers
|turn|14
|
|move|p2a: Lucario|Swords Dance|p2a: Lucario
|-boost|p2a: Lucario|atk|2
|move|p1a: Suicune|Hydro Pump|p2a: Lucario|[miss]
|-miss|p1a: Suicune|p2a: Lucario
|
|-heal|p1a: Suicune|274\/391|[from] item: Leftovers
|turn|15
|
|move|p2a: Lucario|Close Combat|p1a: Suicune
|-damage|p1a: Suicune|0 fnt
|-unboost|p2a: Lucario|def|1
|-unboost|p2a: Lucario|spd|1
|-damage|p2a: Lucario|197\/281|[from] item: Life Orb
|faint|p1a: Suicune
|
|
|switch|p1a: Jirachi|Jirachi|341\/341
|-damage|p1a: Jirachi|320\/341|[from] Stealth Rock
|turn|16
|
|move|p1a: Jirachi|Iron Head|p2a: Lucario
|-resisted|p2a: Lucario
|-damage|p2a: Lucario|70\/281
|move|p2a: Lucario|Crunch|p1a: Jirachi
|-supereffective|p1a: Jirachi
|-damage|p1a: Jirachi|0 fnt
|-damage|p2a: Lucario|42\/281|[from] item: Life Orb
|faint|p1a: Jirachi
|
|
|switch|p1a: Raikou|Raikou|321\/321
|-damage|p1a: Raikou|281\/321|[from] Stealth Rock
|-ability|p1a: Raikou|Pressure
|turn|17
|
|move|p2a: Lucario|Extreme Speed|p1a: Raikou
|-damage|p1a: Raikou|0 fnt
|-damage|p2a: Lucario|14\/281|[from] item: Life Orb
|faint|p1a: Raikou
|
|
|switch|p1a: Gallade|Gallade-Mega, M|54\/277
|-damage|p1a: Gallade|37\/277|[from] Stealth Rock
|turn|18
|
|move|p2a: Lucario|Extreme Speed|p1a: Gallade
|-damage|p1a: Gallade|0 fnt
|-damage|p2a: Lucario|0 fnt|[from] item: Life Orb
|faint|p1a: Gallade
|faint|p2a: Lucario
|
|
|switch|p1a: Whimsicott|Whimsicott, M|53\/261
|switch|p2a: Raikou|Raikou|322\/322
|-damage|p1a: Whimsicott|21\/261|[from] Stealth Rock
|-ability|p2a: Raikou|Pressure
|turn|19
|
|move|p1a: Whimsicott|Tailwind|p1a: Whimsicott
|-sidestart|p1: purrl|move: Tailwind
|move|p2a: Raikou|Extrasensory|p1a: Whimsicott
|-damage|p1a: Whimsicott|0 fnt
|faint|p1a: Whimsicott
|
|
|switch|p1a: Nidoqueen|Nidoqueen, F|177\/327
|-damage|p1a: Nidoqueen|157\/327|[from] Stealth Rock
|turn|20
|
|move|p1a: Nidoqueen|Earth Power|p2a: Raikou
|-supereffective|p2a: Raikou
|-damage|p2a: Raikou|0 fnt
|faint|p2a: Raikou
|
|
|switch|p2a: Jirachi|Jirachi|269\/341
|turn|21
|
|move|p1a: Nidoqueen|Earth Power|p2a: Jirachi
|-supereffective|p2a: Jirachi
|-damage|p2a: Jirachi|0 fnt
|faint|p2a: Jirachi
|
|win|purrl
|raw|Ladder updating...
|raw|purrl's rating: 1600 &rarr; <strong>1613<\/strong><br \/>(+13 for winning)
|raw|tuRkles's rating: 1465 &rarr; <strong>1453<\/strong><br \/>(-12 for losing)
|c|âtuRkles|wp
|c|âpurrl|gg
|c|âtuRkles|gg
|leave|purrl
|player|p1
|leave|tuRkles
|player|p2
|join|purrl