|join|Bl153
|join|purrl
|player|p1|Bl153|101
|player|p2|purrl|8
|gametype|singles
|gen|6
|tier|UU
|rated
|rule|Sleep Clause Mod: Limit one foe put to sleep
|rule|Species Clause: Limit one of each PokÃ©mon
|rule|OHKO Clause: OHKO moves are banned
|rule|Moody Clause: Moody is banned
|rule|Evasion Moves Clause: Evasion moves are banned
|rule|Endless Battle Clause: Forcing endless battles is banned
|rule|HP Percentage Mod: HP is shown in percentages
|clearpoke
|poke|p1|Altaria, F
|poke|p1|Amoonguss, M
|poke|p1|Azelf
|poke|p1|Empoleon, M
|poke|p1|Arcanine, M
|poke|p1|Mienshao, M
|poke|p2|Volcarona, F, shiny
|poke|p2|Swampert, M
|poke|p2|Forretress, F
|poke|p2|Diancie
|poke|p2|Shaymin, shiny
|poke|p2|Machamp, M
|rule|Swagger Clause: Swagger is banned
|rule|Baton Pass Clause: Limit one PokÃ©mon knowing Baton Pass
|teampreview
|c|âBl153|gl hf
|
|start
|switch|p1a: Azelf|Azelf|291\/291
|switch|p2a: Diancie|Diancie|241\/241
|turn|1
|
|detailschange|p2a: Diancie|Diancie-Mega
|message|Diancie has Mega Evolved into Mega Diancie!
|move|p1a: Azelf|U-turn|p2a: Diancie
|-resisted|p2a: Diancie
|-damage|p2a: Diancie|197\/241
|-damage|p1a: Azelf|262\/291|[from] item: Life Orb
|
|switch|p1a: Amoonguss|Amoonguss, M|421\/421
|move|p2a: Diancie|Moonblast|p1a: Amoonguss
|-resisted|p1a: Amoonguss
|-damage|p1a: Amoonguss|337\/421
|-unboost|p1a: Amoonguss|spa|1
|
|turn|2
|
|switch|p2a: Forretress|Forretress, F|354\/354
|move|p1a: Amoonguss|Sludge Bomb|p2a: Forretress
|-immune|p2a: Forretress|[msg]
|
|turn|3
|
|switch|p1a: Empoleon|Empoleon, M|371\/371
|move|p2a: Forretress|Spikes|p1a: Empoleon
|-sidestart|p1: Bl153|Spikes
|
|turn|4
|
|move|p1a: Empoleon|Scald|p2a: Forretress
|-damage|p2a: Forretress|243\/354
|-status|p2a: Forretress|brn
|move|p2a: Forretress|Volt Switch|p1a: Empoleon
|-supereffective|p1a: Empoleon
|-damage|p1a: Empoleon|311\/371
|
|switch|p2a: Swampert|Swampert, M|401\/401
|
|-heal|p1a: Empoleon|334\/371|[from] item: Leftovers
|turn|5
|
|move|p1a: Empoleon|Scald|p2a: Swampert
|-damage|p2a: Swampert|295\/401
|-status|p2a: Swampert|brn
|move|p2a: Swampert|Earthquake|p1a: Empoleon
|-supereffective|p1a: Empoleon
|-damage|p1a: Empoleon|190\/371
|
|-heal|p1a: Empoleon|213\/371|[from] item: Leftovers
|-heal|p2a: Swampert|320\/401 brn|[from] item: Leftovers
|-damage|p2a: Swampert|270\/401 brn|[from] brn
|turn|6
|
|move|p1a: Empoleon|Stealth Rock|p2a: Swampert
|-sidestart|p2: purrl|move: Stealth Rock
|move|p2a: Swampert|Earthquake|p1a: Empoleon
|-supereffective|p1a: Empoleon
|-damage|p1a: Empoleon|67\/371
|
|-heal|p1a: Empoleon|90\/371|[from] item: Leftovers
|-heal|p2a: Swampert|295\/401 brn|[from] item: Leftovers
|-damage|p2a: Swampert|245\/401 brn|[from] brn
|turn|7
|
|switch|p1a: Azelf|Azelf|262\/291
|move|p2a: Swampert|Stealth Rock|p1a: Azelf
|-sidestart|p1: Bl153|move: Stealth Rock
|
|-heal|p2a: Swampert|270\/401 brn|[from] item: Leftovers
|-damage|p2a: Swampert|220\/401 brn|[from] brn
|turn|8
|
|move|p1a: Azelf|Psyshock|p2a: Swampert
|-crit|p2a: Swampert
|-damage|p2a: Swampert|0 fnt
|-damage|p1a: Azelf|233\/291|[from] item: Life Orb
|faint|p2a: Swampert
|
|
|switch|p2a: Diancie|Diancie-Mega|197\/241
|-damage|p2a: Diancie|167\/241|[from] Stealth Rock
|turn|9
|
|move|p1a: Azelf|Grass Knot|p2a: Diancie
|-supereffective|p2a: Diancie
|-damage|p2a: Diancie|11\/241
|-damage|p1a: Azelf|204\/291|[from] item: Life Orb
|move|p2a: Diancie|Moonblast|p1a: Azelf
|-damage|p1a: Azelf|0 fnt
|faint|p1a: Azelf
|
|
|switch|p1a: Mienshao|Mienshao, M|271\/271
|-damage|p1a: Mienshao|255\/271|[from] Stealth Rock
|-damage|p1a: Mienshao|222\/271|[from] Spikes
|turn|10
|
|switch|p2a: Forretress|Forretress, F|243\/354 brn
|-damage|p2a: Forretress|199\/354 brn|[from] Stealth Rock
|move|p1a: Mienshao|Rock Slide|p2a: Forretress
|-damage|p2a: Forretress|135\/354 brn
|
|-heal|p2a: Forretress|157\/354 brn|[from] item: Leftovers
|-damage|p2a: Forretress|113\/354 brn|[from] brn
|turn|11
|
|switch|p1a: Empoleon|Empoleon, M|90\/371
|-damage|p1a: Empoleon|67\/371|[from] Stealth Rock
|-damage|p1a: Empoleon|21\/371|[from] Spikes
|move|p2a: Forretress|Rapid Spin|p1a: Empoleon
|-resisted|p1a: Empoleon
|-damage|p1a: Empoleon|17\/371
|-sideend|p2: purrl|Stealth Rock|[from] move: Rapid Spin|[of] p2a: Forretress
|
|-heal|p1a: Empoleon|40\/371|[from] item: Leftovers
|-heal|p2a: Forretress|135\/354 brn|[from] item: Leftovers
|-damage|p2a: Forretress|91\/354 brn|[from] brn
|turn|12
|
|move|p1a: Empoleon|Defog|p2a: Forretress
|-unboost|p2a: Forretress|evasion|1
|-sideend|p1: Bl153|Spikes|[from] move: Defog|[of] p1a: Empoleon
|-sideend|p1: Bl153|Stealth Rock|[from] move: Defog|[of] p1a: Empoleon
|move|p2a: Forretress|Rapid Spin|p1a: Empoleon
|-resisted|p1a: Empoleon
|-damage|p1a: Empoleon|36\/371
|
|-heal|p1a: Empoleon|59\/371|[from] item: Leftovers
|-heal|p2a: Forretress|113\/354 brn|[from] item: Leftovers
|-damage|p2a: Forretress|69\/354 brn|[from] brn
|turn|13
|
|move|p1a: Empoleon|Scald|p2a: Forretress
|-damage|p2a: Forretress|0 fnt
|faint|p2a: Forretress
|
|-heal|p1a: Empoleon|82\/371|[from] item: Leftovers
|
|switch|p2a: Volcarona|Volcarona, F, shiny|373\/373
|turn|14
|
|move|p2a: Volcarona|Fiery Dance|p1a: Empoleon
|-damage|p1a: Empoleon|0 fnt
|-boost|p2a: Volcarona|spa|1
|faint|p1a: Empoleon
|
|
|switch|p1a: Mienshao|Mienshao, M|222\/271
|turn|15
|
|switch|p2a: Machamp|Machamp, M|364\/364
|move|p1a: Mienshao|High Jump Kick|p2a: Machamp
|-damage|p2a: Machamp|45\/364
|
|turn|16
|
|switch|p1a: Arcanine|Arcanine, M|383\/383
|-ability|p1a: Arcanine|Intimidate|[of] p2a: Machamp
|-unboost|p2a: Machamp|atk|1
|switch|p2a: Volcarona|Volcarona, F, shiny|373\/373
|
|turn|17
|
|move|p2a: Volcarona|Quiver Dance|p2a: Volcarona
|-boost|p2a: Volcarona|spa|1
|-boost|p2a: Volcarona|spd|1
|-boost|p2a: Volcarona|spe|1
|move|p1a: Arcanine|Flare Blitz|p2a: Volcarona
|-damage|p2a: Volcarona|207\/373
|-damage|p1a: Arcanine|328\/383|[from] recoil|[of] p2a: Volcarona
|
|-heal|p2a: Volcarona|230\/373|[from] item: Leftovers
|-heal|p1a: Arcanine|351\/383|[from] item: Leftovers
|turn|18
|
|move|p2a: Volcarona|Roost|p2a: Volcarona
|-heal|p2a: Volcarona|373\/373
|move|p1a: Arcanine|Flare Blitz|p2a: Volcarona
|-damage|p2a: Volcarona|202\/373
|-damage|p1a: Arcanine|295\/383|[from] recoil|[of] p2a: Volcarona
|
|-heal|p2a: Volcarona|225\/373|[from] item: Leftovers
|-heal|p1a: Arcanine|318\/383|[from] item: Leftovers
|turn|19
|
|switch|p1a: Mienshao|Mienshao, M|222\/271
|move|p2a: Volcarona|Roost|p2a: Volcarona
|-heal|p2a: Volcarona|373\/373
|
|turn|20
|
|switch|p2a: Shaymin|Shaymin, shiny|341\/341
|move|p1a: Mienshao|Rock Slide|p2a: Shaymin
|-damage|p2a: Shaymin|259\/341
|
|turn|21
|
|switch|p1a: Amoonguss|Amoonguss, M|421\/421
|move|p2a: Shaymin|Psychic|p1a: Amoonguss
|-supereffective|p1a: Amoonguss
|-damage|p1a: Amoonguss|239\/421
|-damage|p2a: Shaymin|225\/341|[from] item: Life Orb
|
|turn|22
|
|switch|p2a: Volcarona|Volcarona, F, shiny|373\/373
|move|p1a: Amoonguss|Sludge Bomb|p2a: Volcarona
|-damage|p2a: Volcarona|262\/373
|-status|p2a: Volcarona|psn
|
|-heal|p2a: Volcarona|285\/373 psn|[from] item: Leftovers
|-damage|p2a: Volcarona|239\/373 psn|[from] psn
|turn|23
|
|switch|p1a: Arcanine|Arcanine, M|318\/383
|-ability|p1a: Arcanine|Intimidate|[of] p2a: Volcarona
|-unboost|p2a: Volcarona|atk|1
|move|p2a: Volcarona|Fiery Dance|p1a: Arcanine
|-resisted|p1a: Arcanine
|-damage|p1a: Arcanine|243\/383
|-boost|p2a: Volcarona|spa|1
|
|-heal|p2a: Volcarona|262\/373 psn|[from] item: Leftovers
|-heal|p1a: Arcanine|266\/383|[from] item: Leftovers
|-damage|p2a: Volcarona|216\/373 psn|[from] psn
|turn|24
|
|switch|p1a: Mienshao|Mienshao, M|222\/271
|move|p2a: Volcarona|Roost|p2a: Volcarona
|-heal|p2a: Volcarona|373\/373 psn
|
|-damage|p2a: Volcarona|327\/373 psn|[from] psn
|turn|25
|
|switch|p2a: Shaymin|Shaymin, shiny|225\/341
|move|p1a: Mienshao|Rock Slide|p2a: Shaymin
|-damage|p2a: Shaymin|145\/341
|
|turn|26
|
|switch|p1a: Altaria|Altaria, F|291\/291
|switch|p2a: Diancie|Diancie-Mega|11\/241
|
|turn|27
|
|switch|p1a: Amoonguss|Amoonguss, M|379\/421
|move|p2a: Diancie|Diamond Storm|p1a: Amoonguss
|-damage|p1a: Amoonguss|181\/421
|
|turn|28
|
|switch|p1a: Mienshao|Mienshao, M|222\/271
|move|p2a: Diancie|Moonblast|p1a: Mienshao
|-supereffective|p1a: Mienshao
|-damage|p1a: Mienshao|0 fnt
|faint|p1a: Mienshao
|
|
|switch|p1a: Arcanine|Arcanine, M|266\/383
|-ability|p1a: Arcanine|Intimidate|[of] p2a: Diancie
|-unboost|p2a: Diancie|atk|1
|turn|29
|
|switch|p2a: Volcarona|Volcarona, F, shiny|327\/373 psn
|move|p1a: Arcanine|Extreme Speed|p2a: Volcarona
|-damage|p2a: Volcarona|253\/373 psn
|
|-heal|p2a: Volcarona|276\/373 psn|[from] item: Leftovers
|-heal|p1a: Arcanine|289\/383|[from] item: Leftovers
|-damage|p2a: Volcarona|230\/373 psn|[from] psn
|turn|30
|
|switch|p2a: Diancie|Diancie-Mega|11\/241
|move|p1a: Arcanine|Flare Blitz|p2a: Diancie
|-resisted|p2a: Diancie
|-damage|p2a: Diancie|0 fnt
|-damage|p1a: Arcanine|285\/383|[from] recoil|[of] p2a: Diancie
|faint|p2a: Diancie
|
|-heal|p1a: Arcanine|308\/383|[from] item: Leftovers
|
|switch|p2a: Volcarona|Volcarona, F, shiny|230\/373 psn
|turn|31
|
|move|p2a: Volcarona|Roost|p2a: Volcarona
|-heal|p2a: Volcarona|373\/373 psn
|move|p1a: Arcanine|Flare Blitz|p2a: Volcarona
|-damage|p2a: Volcarona|220\/373 psn
|-damage|p1a: Arcanine|258\/383|[from] recoil|[of] p2a: Volcarona
|
|-heal|p2a: Volcarona|243\/373 psn|[from] item: Leftovers
|-heal|p1a: Arcanine|281\/383|[from] item: Leftovers
|-damage|p2a: Volcarona|197\/373 psn|[from] psn
|turn|32
|
|switch|p1a: Altaria|Altaria, F|291\/291
|move|p2a: Volcarona|Roost|p2a: Volcarona
|-heal|p2a: Volcarona|373\/373 psn
|
|-damage|p2a: Volcarona|327\/373 psn|[from] psn
|turn|33
|
|detailschange|p1a: Altaria|Altaria-Mega, F
|message|Altaria has Mega Evolved into Mega Altaria!
|move|p2a: Volcarona|Quiver Dance|p2a: Volcarona
|-boost|p2a: Volcarona|spa|1
|-boost|p2a: Volcarona|spd|1
|-boost|p2a: Volcarona|spe|1
|move|p1a: Altaria|Dragon Dance|p1a: Altaria
|-boost|p1a: Altaria|atk|1
|-boost|p1a: Altaria|spe|1
|
|-heal|p2a: Volcarona|350\/373 psn|[from] item: Leftovers
|-damage|p2a: Volcarona|304\/373 psn|[from] psn
|turn|34
|
|move|p2a: Volcarona|Fiery Dance|p1a: Altaria
|-resisted|p1a: Altaria
|-damage|p1a: Altaria|200\/291
|move|p1a: Altaria|Dragon Dance|p1a: Altaria
|-boost|p1a: Altaria|atk|1
|-boost|p1a: Altaria|spe|1
|
|-heal|p2a: Volcarona|327\/373 psn|[from] item: Leftovers
|-damage|p2a: Volcarona|281\/373 psn|[from] psn
|turn|35
|
|move|p1a: Altaria|Earthquake|p2a: Volcarona
|-damage|p2a: Volcarona|18\/373 psn
|move|p2a: Volcarona|Roost|p2a: Volcarona
|-heal|p2a: Volcarona|205\/373 psn
|
|-heal|p2a: Volcarona|228\/373 psn|[from] item: Leftovers
|-damage|p2a: Volcarona|182\/373 psn|[from] psn
|turn|36
|-message|purrl forfeited.
|
|win|Bl153
|raw|Ladder updating...
|leave|purrl
|player|p2
|raw|Bl153's rating: 1438 &rarr; <strong>1464<\/strong><br \/>(+26 for winning)
|raw|purrl's rating: 1561 &rarr; <strong>1534<\/strong><br \/>(-27 for losing)