|join|purrl
|join|kokoloko
|player|p1|purrl|8
|player|p2|kokoloko|290
|gametype|singles
|gen|6
|tier|UU
|rated
|rule|Sleep Clause Mod: Limit one foe put to sleep
|rule|Species Clause: Limit one of each PokÃ©mon
|rule|OHKO Clause: OHKO moves are banned
|rule|Moody Clause: Moody is banned
|rule|Evasion Moves Clause: Evasion moves are banned
|rule|Endless Battle Clause: Forcing endless battles is banned
|rule|HP Percentage Mod: HP is shown in percentages
|clearpoke
|poke|p1|Sharpedo, M
|poke|p1|Entei, shiny
|poke|p1|Jirachi
|poke|p1|Crobat, F, shiny
|poke|p1|Swampert, M
|poke|p1|Toxicroak, M
|poke|p2|Pidgeot, F
|poke|p2|Starmie
|poke|p2|Krookodile, M
|poke|p2|Crobat, M
|poke|p2|Snorlax, M
|poke|p2|Jirachi
|rule|Swagger Clause: Swagger is banned
|rule|Baton Pass Clause: Limit one PokÃ©mon knowing Baton Pass
|teampreview
|c|âpurrl|is that
|c|âkokoloko|purrl :]
|c|âpurrl|the KOKOLOKO
|c|âkokoloko|it is i
|c|âpurrl|:]
|c|âpurrl|hf
|c|âkokoloko|u2
|c|âkokoloko|:]
|
|start
|switch|p1a: Swampert|Swampert, M|401\/401
|switch|p2a: Krookodile|Krookodile, M|331\/331
|-ability|p2a: Krookodile|Intimidate|[of] p1a: Swampert
|-unboost|p1a: Swampert|atk|1
|turn|1
|
|move|p2a: Krookodile|Stealth Rock|p1a: Swampert
|-sidestart|p1: purrl|move: Stealth Rock
|move|p1a: Swampert|Scald|p2a: Krookodile
|-supereffective|p2a: Krookodile
|-damage|p2a: Krookodile|115\/331
|
|turn|2
|
|switch|p2a: Starmie|Starmie|323\/323
|move|p1a: Swampert|Stealth Rock|p2a: Starmie
|-sidestart|p2: kokoloko|move: Stealth Rock
|
|turn|3
|
|move|p2a: Starmie|Rapid Spin|p1a: Swampert
|-damage|p1a: Swampert|393\/401
|-sideend|p2: kokoloko|Stealth Rock|[from] move: Rapid Spin|[of] p2a: Starmie
|move|p1a: Swampert|Earthquake|p2a: Starmie
|-damage|p2a: Starmie|229\/323
|
|-heal|p2a: Starmie|249\/323|[from] item: Leftovers
|-heal|p1a: Swampert|401\/401|[from] item: Leftovers
|turn|4
|c|âkokoloko|dmg
|
|move|p2a: Starmie|Scald|p1a: Swampert
|-damage|p1a: Swampert|295\/401
|move|p1a: Swampert|Earthquake|p2a: Starmie
|-damage|p2a: Starmie|149\/323
|
|-heal|p2a: Starmie|169\/323|[from] item: Leftovers
|-heal|p1a: Swampert|320\/401|[from] item: Leftovers
|turn|5
|
|move|p2a: Starmie|Recover|p2a: Starmie
|-heal|p2a: Starmie|323\/323
|move|p1a: Swampert|Roar|p2a: Starmie
|drag|p2a: Crobat|Crobat, M|373\/373
|
|-heal|p1a: Swampert|345\/401|[from] item: Leftovers
|turn|6
|
|switch|p2a: Starmie|Starmie|323\/323
|move|p1a: Swampert|Scald|p2a: Starmie
|-resisted|p2a: Starmie
|-damage|p2a: Starmie|277\/323
|-status|p2a: Starmie|brn
|
|-heal|p2a: Starmie|297\/323 brn|[from] item: Leftovers
|-heal|p1a: Swampert|370\/401|[from] item: Leftovers
|-damage|p2a: Starmie|257\/323 brn|[from] brn
|turn|7
|
|move|p2a: Starmie|Scald|p1a: Swampert
|-damage|p1a: Swampert|261\/401
|-status|p1a: Swampert|brn
|move|p1a: Swampert|Stealth Rock|p2a: Starmie
|-sidestart|p2: kokoloko|move: Stealth Rock
|
|-heal|p2a: Starmie|277\/323 brn|[from] item: Leftovers
|-heal|p1a: Swampert|286\/401 brn|[from] item: Leftovers
|-damage|p2a: Starmie|237\/323 brn|[from] brn
|-damage|p1a: Swampert|236\/401 brn|[from] brn
|turn|8
|
|switch|p1a: Jirachi|Jirachi|341\/341
|-damage|p1a: Jirachi|320\/341|[from] Stealth Rock
|move|p2a: Starmie|Rapid Spin|p1a: Jirachi
|-resisted|p1a: Jirachi
|-damage|p1a: Jirachi|318\/341
|-sideend|p2: kokoloko|Stealth Rock|[from] move: Rapid Spin|[of] p2a: Starmie
|
|-heal|p2a: Starmie|257\/323 brn|[from] item: Leftovers
|-damage|p2a: Starmie|217\/323 brn|[from] brn
|turn|9
|
|switch|p2a: Crobat|Crobat, M|373\/373
|move|p1a: Jirachi|U-turn|p2a: Crobat
|-resisted|p2a: Crobat
|-damage|p2a: Crobat|353\/373
|
|switch|p1a: Crobat|Crobat, F, shiny|373\/373
|-damage|p1a: Crobat|280\/373|[from] Stealth Rock
|
|-heal|p1a: Crobat|303\/373|[from] item: Black Sludge
|turn|10
|
|move|p1a: Crobat|Defog|p2a: Crobat
|-unboost|p2a: Crobat|evasion|1
|-sideend|p1: purrl|Stealth Rock|[from] move: Defog|[of] p1a: Crobat
|move|p2a: Crobat|Taunt|p1a: Crobat
|-start|p1a: Crobat|move: Taunt
|
|-heal|p1a: Crobat|326\/373|[from] item: Black Sludge
|turn|11
|
|move|p1a: Crobat|Brave Bird|p2a: Crobat
|-damage|p2a: Crobat|188\/373
|-damage|p1a: Crobat|272\/373|[from] recoil|[of] p2a: Crobat
|move|p2a: Crobat|U-turn|p1a: Crobat
|-resisted|p1a: Crobat
|-damage|p1a: Crobat|257\/373
|
|switch|p2a: Pidgeot|Pidgeot, F|307\/307
|
|-heal|p1a: Crobat|280\/373|[from] item: Black Sludge
|turn|12
|
|switch|p1a: Jirachi|Jirachi|318\/341
|detailschange|p2a: Pidgeot|Pidgeot-Mega, F
|-mega|p2a: Pidgeot|Pidgeot|Pidgeotite
|move|p2a: Pidgeot|Hurricane|p1a: Jirachi
|-resisted|p1a: Jirachi
|-damage|p1a: Jirachi|213\/341
|
|turn|13
|
|switch|p2a: Jirachi|Jirachi|341\/341
|move|p1a: Jirachi|U-turn|p2a: Jirachi
|-damage|p2a: Jirachi|266\/341
|
|switch|p1a: Entei|Entei, shiny|371\/371
|-ability|p1a: Entei|Pressure
|
|turn|14
|
|move|p2a: Jirachi|U-turn|p1a: Entei
|-resisted|p1a: Entei
|-damage|p1a: Entei|333\/371
|join|Scythe Kronos
|
|switch|p2a: Snorlax|Snorlax, M|513\/513
|move|p1a: Entei|Sacred Fire|p2a: Snorlax
|-damage|p2a: Snorlax|342\/513
|
|-heal|p2a: Snorlax|374\/513|[from] item: Leftovers
|turn|15
|
|switch|p1a: Swampert|Swampert, M|236\/401 brn
|move|p2a: Snorlax|Earthquake|p1a: Swampert
|-damage|p1a: Swampert|165\/401 brn
|
|-heal|p1a: Swampert|190\/401 brn|[from] item: Leftovers
|-heal|p2a: Snorlax|406\/513|[from] item: Leftovers
|-damage|p1a: Swampert|140\/401 brn|[from] brn
|turn|16
|
|switch|p1a: Sharpedo|Sharpedo, M|281\/281
|switch|p2a: Starmie|Starmie|217\/323
|
|-heal|p2a: Starmie|237\/323|[from] item: Leftovers
|turn|17
|
|switch|p2a: Krookodile|Krookodile, M|115\/331
|-ability|p2a: Krookodile|Intimidate|[of] p1a: Sharpedo
|-unboost|p1a: Sharpedo|atk|1
|move|p1a: Sharpedo|Crunch|p2a: Krookodile
|-resisted|p2a: Krookodile
|-damage|p2a: Krookodile|55\/331
|-unboost|p2a: Krookodile|def|1
|
|-boost|p1a: Sharpedo|spe|1|[from] ability: Speed Boost
|turn|18
|
|switch|p2a: Snorlax|Snorlax, M|406\/513
|move|p1a: Sharpedo|Crunch|p2a: Snorlax
|-damage|p2a: Snorlax|288\/513
|-unboost|p2a: Snorlax|def|1
|
|-heal|p2a: Snorlax|320\/513|[from] item: Leftovers
|-boost|p1a: Sharpedo|spe|1|[from] ability: Speed Boost
|turn|19
|c|âkokoloko|ugh
|
|detailschange|p1a: Sharpedo|Sharpedo-Mega, M
|-mega|p1a: Sharpedo|Sharpedo|Sharpedonite
|move|p1a: Sharpedo|Crunch|p2a: Snorlax
|-damage|p2a: Snorlax|17\/513
|move|p2a: Snorlax|Body Slam|p1a: Sharpedo
|-damage|p1a: Sharpedo|130\/281
|
|-heal|p2a: Snorlax|49\/513|[from] item: Leftovers
|turn|20
|c|âpurrl|damn
|c|âpurrl|that's unfortunate :\/
|c|âkokoloko|yeah the def drop.
|
|move|p1a: Sharpedo|Crunch|p2a: Snorlax
|-damage|p2a: Snorlax|0 fnt
|faint|p2a: Snorlax
|
|
|switch|p2a: Pidgeot|Pidgeot-Mega, F|307\/307
|turn|21
|
|move|p1a: Sharpedo|Crunch|p2a: Pidgeot
|-damage|p2a: Pidgeot|96\/307
|move|p2a: Pidgeot|Hurricane|p1a: Sharpedo
|-damage|p1a: Sharpedo|0 fnt
|faint|p1a: Sharpedo
|
|
|switch|p1a: Entei|Entei, shiny|333\/371
|-ability|p1a: Entei|Pressure
|turn|22
|c|âkokoloko|this is annoying
|
|move|p2a: Pidgeot|Hurricane|p1a: Entei
|-damage|p1a: Entei|95\/371
|move|p1a: Entei|Sacred Fire|p2a: Pidgeot
|-damage|p2a: Pidgeot|0 fnt
|faint|p2a: Pidgeot
|
|
|switch|p2a: Starmie|Starmie|237\/323
|turn|23
|
|switch|p1a: Crobat|Crobat, F, shiny|280\/373
|move|p2a: Starmie|Psyshock|p1a: Crobat
|-supereffective|p1a: Crobat
|-damage|p1a: Crobat|52\/373
|
|-heal|p1a: Crobat|75\/373|[from] item: Black Sludge
|-heal|p2a: Starmie|257\/323|[from] item: Leftovers
|turn|24
|c|âpurrl|the counter
|
|move|p1a: Crobat|Brave Bird|p2a: Starmie
|-damage|p2a: Starmie|115\/323
|-damage|p1a: Crobat|28\/373|[from] recoil|[of] p2a: Starmie
|move|p2a: Starmie|Scald|p1a: Crobat
|-damage|p1a: Crobat|0 fnt
|faint|p1a: Crobat
|
|-heal|p2a: Starmie|135\/323|[from] item: Leftovers
|
|switch|p1a: Jirachi|Jirachi|213\/341
|turn|25
|
|switch|p2a: Crobat|Crobat, M|188\/373
|move|p1a: Jirachi|U-turn|p2a: Crobat
|-resisted|p2a: Crobat
|-damage|p2a: Crobat|170\/373
|
|switch|p1a: Entei|Entei, shiny|95\/371
|-ability|p1a: Entei|Pressure
|
|turn|26
|
|move|p1a: Entei|Extreme Speed|p2a: Crobat
|-damage|p2a: Crobat|0 fnt
|faint|p2a: Crobat
|
|c|âkokoloko|lol...
|c|âkokoloko|max was 47
|
|switch|p2a: Jirachi|Jirachi|266\/341
|turn|27
|
|switch|p1a: Jirachi|Jirachi|213\/341
|move|p2a: Jirachi|Healing Wish|p2a: Jirachi
|faint|p2a: Jirachi
|
|
|switch|p2a: Krookodile|Krookodile, M|55\/331
|-heal|p2a: Krookodile|331\/331|[from] move: Healing Wish
|-ability|p2a: Krookodile|Intimidate|[of] p1a: Jirachi
|-unboost|p1a: Jirachi|atk|1
|turn|28
|
|move|p1a: Jirachi|Healing Wish|p1a: Jirachi
|faint|p1a: Jirachi
|move|p2a: Krookodile|Knock Off|p1: Jirachi|[notarget]
|-notarget
|
|
|switch|p1a: Swampert|Swampert, M|140\/401 brn
|-heal|p1a: Swampert|401\/401|[from] move: Healing Wish
|turn|29
|
|switch|p2a: Starmie|Starmie|135\/323
|switch|p1a: Toxicroak|Toxicroak, M|307\/307
|
|-heal|p2a: Starmie|155\/323|[from] item: Leftovers
|turn|30
|c|âkokoloko|k so 5050 for the game
|c|âkokoloko|unless ur like
|c|âkokoloko|payapa
|
|switch|p2a: Krookodile|Krookodile, M|331\/331
|-ability|p2a: Krookodile|Intimidate|[of] p1a: Toxicroak
|-unboost|p1a: Toxicroak|atk|1
|move|p1a: Toxicroak|Drain Punch|p2a: Krookodile
|-supereffective|p2a: Krookodile
|-damage|p2a: Krookodile|87\/331
|-damage|p1a: Toxicroak|277\/307|[from] item: Life Orb
|
|turn|31
|c|âpurrl|lol payapa
|
|switch|p1a: Swampert|Swampert, M|401\/401
|move|p2a: Krookodile|Earthquake|p1a: Swampert
|-damage|p1a: Swampert|268\/401
|
|-heal|p1a: Swampert|293\/401|[from] item: Leftovers
|turn|32
|leave|Scythe Kronos
|
|switch|p2a: Starmie|Starmie|155\/323
|move|p1a: Swampert|Earthquake|p2a: Starmie
|-damage|p2a: Starmie|22\/323
|
|-heal|p2a: Starmie|42\/323|[from] item: Leftovers
|-heal|p1a: Swampert|318\/401|[from] item: Leftovers
|turn|33
|
|move|p2a: Starmie|Recover|p2a: Starmie
|-heal|p2a: Starmie|204\/323
|move|p1a: Swampert|Roar|p2a: Starmie
|drag|p2a: Krookodile|Krookodile, M|87\/331
|-ability|p2a: Krookodile|Intimidate|[of] p1a: Swampert
|-unboost|p1a: Swampert|atk|1
|
|-heal|p1a: Swampert|343\/401|[from] item: Leftovers
|turn|34
|
|switch|p2a: Starmie|Starmie|204\/323
|move|p1a: Swampert|Stealth Rock|p2a: Starmie
|-sidestart|p2: kokoloko|move: Stealth Rock
|
|-heal|p2a: Starmie|224\/323|[from] item: Leftovers
|-heal|p1a: Swampert|368\/401|[from] item: Leftovers
|turn|35
|
|switch|p1a: Entei|Entei, shiny|95\/371
|-ability|p1a: Entei|Pressure
|move|p2a: Starmie|Rapid Spin|p1a: Entei
|-damage|p1a: Entei|83\/371
|-sideend|p2: kokoloko|Stealth Rock|[from] move: Rapid Spin|[of] p2a: Starmie
|
|-heal|p2a: Starmie|244\/323|[from] item: Leftovers
|turn|36
|
|move|p1a: Entei|Extreme Speed|p2a: Starmie
|-damage|p2a: Starmie|99\/323
|move|p2a: Starmie|Scald|p1a: Entei
|-supereffective|p1a: Entei
|-damage|p1a: Entei|0 fnt
|faint|p1a: Entei
|
|-heal|p2a: Starmie|119\/323|[from] item: Leftovers
|
|switch|p1a: Toxicroak|Toxicroak, M|277\/307
|turn|37
|c|âpurrl|i love them 50\/50s
|c|âpurrl|zz
|
|switch|p2a: Krookodile|Krookodile, M|87\/331
|-ability|p2a: Krookodile|Intimidate|[of] p1a: Toxicroak
|-unboost|p1a: Toxicroak|atk|1
|move|p1a: Toxicroak|Gunk Shot|p2a: Krookodile
|-resisted|p2a: Krookodile
|-damage|p2a: Krookodile|0 fnt
|-damage|p1a: Toxicroak|247\/307|[from] item: Life Orb
|faint|p2a: Krookodile
|
|
|switch|p2a: Starmie|Starmie|119\/323
|turn|38
|
|switch|p1a: Swampert|Swampert, M|368\/401
|move|p2a: Starmie|Recover|p2a: Starmie
|-heal|p2a: Starmie|281\/323
|
|-heal|p2a: Starmie|301\/323|[from] item: Leftovers
|-heal|p1a: Swampert|393\/401|[from] item: Leftovers
|turn|39
|
|move|p2a: Starmie|Scald|p1a: Swampert
|-damage|p1a: Swampert|288\/401
|move|p1a: Swampert|Earthquake|p2a: Starmie
|-damage|p2a: Starmie|151\/323
|
|-heal|p2a: Starmie|171\/323|[from] item: Leftovers
|-heal|p1a: Swampert|313\/401|[from] item: Leftovers
|turn|40
|
|move|p2a: Starmie|Scald|p1a: Swampert
|-damage|p1a: Swampert|219\/401
|-status|p1a: Swampert|brn
|move|p1a: Swampert|Scald|p2a: Starmie
|-resisted|p2a: Starmie
|-damage|p2a: Starmie|126\/323
|
|-heal|p2a: Starmie|146\/323|[from] item: Leftovers
|-heal|p1a: Swampert|244\/401 brn|[from] item: Leftovers
|-damage|p1a: Swampert|194\/401 brn|[from] brn
|turn|41
|
|move|p2a: Starmie|Recover|p2a: Starmie
|-heal|p2a: Starmie|308\/323
|move|p1a: Swampert|Scald|p2a: Starmie
|-resisted|p2a: Starmie
|-damage|p2a: Starmie|261\/323
|
|-heal|p2a: Starmie|281\/323|[from] item: Leftovers
|-heal|p1a: Swampert|219\/401 brn|[from] item: Leftovers
|-damage|p1a: Swampert|169\/401 brn|[from] brn
|turn|42
|
|move|p2a: Starmie|Scald|p1a: Swampert
|-damage|p1a: Swampert|72\/401 brn
|move|p1a: Swampert|Scald|p2a: Starmie
|-resisted|p2a: Starmie
|-damage|p2a: Starmie|238\/323
|
|-heal|p2a: Starmie|258\/323|[from] item: Leftovers
|-heal|p1a: Swampert|97\/401 brn|[from] item: Leftovers
|-damage|p1a: Swampert|47\/401 brn|[from] brn
|turn|43
|join|GraveBandit
|
|move|p2a: Starmie|Recover|p2a: Starmie
|-heal|p2a: Starmie|323\/323
|move|p1a: Swampert|Scald|p2a: Starmie
|-resisted|p2a: Starmie
|-damage|p2a: Starmie|280\/323
|-status|p2a: Starmie|brn
|
|-heal|p2a: Starmie|300\/323 brn|[from] item: Leftovers
|-heal|p1a: Swampert|72\/401 brn|[from] item: Leftovers
|-damage|p2a: Starmie|260\/323 brn|[from] brn
|-damage|p1a: Swampert|22\/401 brn|[from] brn
|turn|44
|c|âkokoloko|ahhhh
|
|move|p2a: Starmie|Scald|p1a: Swampert
|-damage|p1a: Swampert|0 fnt
|faint|p1a: Swampert
|
|-heal|p2a: Starmie|280\/323 brn|[from] item: Leftovers
|-damage|p2a: Starmie|240\/323 brn|[from] brn
|
|switch|p1a: Toxicroak|Toxicroak, M|247\/307
|turn|45
|
|move|p1a: Toxicroak|Sucker Punch|p2a: Starmie
|-fail|p2a: Starmie
|move|p2a: Starmie|Recover|p2a: Starmie
|-heal|p2a: Starmie|323\/323 brn
|
|-damage|p2a: Starmie|283\/323 brn|[from] brn
|turn|46
|c|âpurrl|i dunno
|c|âkokoloko|252+ Atk Life Orb Toxicroak Sucker Punch vs. 248 HP \/ 44 Def Starmie: 234-278 (72.4 - 86%) -- guaranteed 2HKO after Leftovers recovery
|c|âpurrl|your starmie spread
|c|âkokoloko|if ur adamant
|c|âpurrl|o
|c|âkokoloko|ur a fuckin nub
|c|âkokoloko|lol
|c|âpurrl|yh
|c|âpurrl|just choked this away zz
|
|move|p1a: Toxicroak|Sucker Punch|p2a: Starmie
|-supereffective|p2a: Starmie
|-damage|p2a: Starmie|39\/323 brn
|-damage|p1a: Toxicroak|217\/307|[from] item: Life Orb
|move|p2a: Starmie|Psyshock|p1a: Toxicroak
|-supereffective|p1a: Toxicroak
|-damage|p1a: Toxicroak|0 fnt
|faint|p1a: Toxicroak
|
|win|kokoloko
|raw|Ladder updating...
|raw|purrl's rating: 1656 &rarr; <strong>1637<\/strong><br \/>(-19 for losing)
|raw|kokoloko's rating: 1674 &rarr; <strong>1693<\/strong><br \/>(+19 for winning)
|c|âpurrl|was a gg tho
|c|âkokoloko|gg
|leave|purrl
|player|p1
|leave|GraveBandit