|join|purrl
|join|colinaustin
|player|p1|purrl|8
|player|p2|colinaustin|2
|gametype|singles
|gen|6
|tier|UU
|rated
|rule|Sleep Clause Mod: Limit one foe put to sleep
|rule|Species Clause: Limit one of each PokÃ©mon
|rule|OHKO Clause: OHKO moves are banned
|rule|Moody Clause: Moody is banned
|rule|Evasion Moves Clause: Evasion moves are banned
|rule|Endless Battle Clause: Forcing endless battles is banned
|rule|HP Percentage Mod: HP is shown in percentages
|clearpoke
|poke|p1|Pidgeot, M
|poke|p1|Tentacruel, F
|poke|p1|Krookodile, M
|poke|p1|Jirachi
|poke|p1|Kyurem, shiny
|poke|p1|Mienshao, F, shiny
|poke|p2|Nidoking, M
|poke|p2|Pidgeot, M
|poke|p2|Honchkrow, F
|poke|p2|Galvantula, M
|poke|p2|Blastoise, M
|poke|p2|Regirock
|rule|Swagger Clause: Swagger is banned
|rule|Baton Pass Clause: Limit one PokÃ©mon knowing Baton Pass
|teampreview
|
|start
|switch|p1a: omfuga fetish|Kyurem, shiny|391\/391
|switch|p2a: Regirock|Regirock|364\/364
|-ability|p1a: omfuga fetish|Pressure
|turn|1
|
|move|p1a: omfuga fetish|Dragon Pulse|p2a: Regirock
|-damage|p2a: Regirock|184\/364
|move|p2a: Regirock|Stealth Rock|p1a: omfuga fetish
|-sidestart|p1: purrl|move: Stealth Rock
|
|-heal|p2a: Regirock|206\/364|[from] item: Leftovers
|turn|2
|
|move|p1a: omfuga fetish|Dragon Pulse|p2a: Regirock
|-damage|p2a: Regirock|31\/364
|move|p2a: Regirock|Stone Edge|p1a: omfuga fetish
|-supereffective|p1a: omfuga fetish
|-damage|p1a: omfuga fetish|115\/391
|
|-heal|p2a: Regirock|53\/364|[from] item: Leftovers
|turn|3
|
|move|p1a: omfuga fetish|Dragon Pulse|p2a: Regirock
|-damage|p2a: Regirock|0 fnt
|faint|p2a: Regirock
|
|
|switch|p2a: Galvantula|Galvantula, M|281\/281
|turn|4
|
|move|p2a: Galvantula|Sticky Web|p1a: omfuga fetish
|-sidestart|p1: purrl|move: Sticky Web
|move|p1a: omfuga fetish|Dragon Pulse|p2a: Galvantula
|-enditem|p2a: Galvantula|Focus Sash
|-damage|p2a: Galvantula|1\/281
|
|turn|5
|
|move|p2a: Galvantula|Bug Buzz|p1a: omfuga fetish
|-damage|p1a: omfuga fetish|0 fnt
|faint|p1a: omfuga fetish
|
|
|switch|p1a: Tentacruel|Tentacruel, F|361\/361
|-damage|p1a: Tentacruel|316\/361|[from] Stealth Rock
|-activate|p1a: Tentacruel|move: Sticky Web
|-unboost|p1a: Tentacruel|spe|1
|turn|6
|
|move|p2a: Galvantula|Thunder|p1a: Tentacruel
|-supereffective|p1a: Tentacruel
|-damage|p1a: Tentacruel|50\/361
|move|p1a: Tentacruel|Rapid Spin|p2a: Galvantula
|-damage|p2a: Galvantula|0 fnt
|-sideend|p1: purrl|Stealth Rock|[from] move: Rapid Spin|[of] p1a: Tentacruel
|-sideend|p1: purrl|Sticky Web|[from] move: Rapid Spin|[of] p1a: Tentacruel
|faint|p2a: Galvantula
|
|-heal|p1a: Tentacruel|72\/361|[from] item: Black Sludge
|
|switch|p2a: Nidoking|Nidoking, M|303\/303
|turn|7
|
|switch|p1a: Krookodile|Krookodile, M|331\/331
|-ability|p1a: Krookodile|Intimidate|[of] p2a: Nidoking
|-unboost|p2a: Nidoking|atk|1
|move|p2a: Nidoking|Earth Power|p1a: Krookodile
|-damage|p1a: Krookodile|57\/331
|
|turn|8
|
|move|p1a: Krookodile|Pursuit|p2a: Nidoking|[from]Pursuit
|-damage|p2a: Nidoking|107\/303
|switch|p2a: Blastoise|Blastoise, M|362\/362
|
|turn|9
|
|move|p1a: Krookodile|Knock Off|p2a: Blastoise
|-damage|p2a: Blastoise|223\/362
|-enditem|p2a: Blastoise|Leftovers|[from] move: Knock Off|[of] p1a: Krookodile
|move|p2a: Blastoise|Iron Defense|p2a: Blastoise
|-boost|p2a: Blastoise|def|2
|
|turn|10
|
|move|p1a: Krookodile|Taunt|p2a: Blastoise
|-start|p2a: Blastoise|move: Taunt
|move|p2a: Blastoise|Scald|p1a: Krookodile
|-supereffective|p1a: Krookodile
|-damage|p1a: Krookodile|0 fnt
|faint|p1a: Krookodile
|
|
|switch|p1a: Pidgeot|Pidgeot, M|307\/307
|turn|11
|
|detailschange|p1a: Pidgeot|Pidgeot-Mega, M
|-mega|p1a: Pidgeot|Pidgeot|Pidgeotite
|move|p1a: Pidgeot|Hurricane|p2a: Blastoise
|-damage|p2a: Blastoise|43\/362
|-start|p2a: Blastoise|confusion
|-activate|p2a: Blastoise|confusion
|move|p2a: Blastoise|Icy Wind|p1a: Pidgeot
|-supereffective|p1a: Pidgeot
|-damage|p1a: Pidgeot|215\/307
|-unboost|p1a: Pidgeot|spe|1
|
|turn|12
|
|move|p1a: Pidgeot|Hurricane|p2a: Blastoise
|-crit|p2a: Blastoise
|-damage|p2a: Blastoise|0 fnt
|faint|p2a: Blastoise
|
|
|switch|p2a: Pidgeot|Pidgeot, M|308\/308
|turn|13
|
|switch|p1a: Jirachi|Jirachi|404\/404
|detailschange|p2a: Pidgeot|Pidgeot-Mega, M
|-mega|p2a: Pidgeot|Pidgeot|Pidgeotite
|move|p2a: Pidgeot|Hurricane|p1a: Jirachi
|-resisted|p1a: Jirachi
|-damage|p1a: Jirachi|334\/404
|
|-heal|p1a: Jirachi|359\/404|[from] item: Leftovers
|turn|14
|
|move|p2a: Pidgeot|Hidden Power|p1a: Jirachi
|-supereffective|p1a: Jirachi
|-damage|p1a: Jirachi|241\/404
|move|p1a: Jirachi|Iron Head|p2a: Pidgeot
|-crit|p2a: Pidgeot
|-damage|p2a: Pidgeot|151\/308
|
|-heal|p1a: Jirachi|266\/404|[from] item: Leftovers
|turn|15
|
|move|p2a: Pidgeot|Heat Wave|p1a: Jirachi
|-supereffective|p1a: Jirachi
|-damage|p1a: Jirachi|94\/404
|move|p1a: Jirachi|U-turn|p2a: Pidgeot
|-resisted|p2a: Pidgeot
|-damage|p2a: Pidgeot|116\/308
|
|switch|p1a: Mienshao|Mienshao, F, shiny|271\/271
|
|turn|16
|
|move|p1a: Mienshao|High Jump Kick|p2a: Pidgeot
|-damage|p2a: Pidgeot|0 fnt
|faint|p2a: Pidgeot
|
|
|switch|p2a: Nidoking|Nidoking, M|107\/303
|turn|17
|join|Pink Core Is Back
|
|move|p1a: Mienshao|High Jump Kick|p2a: Nidoking
|-resisted|p2a: Nidoking
|-damage|p2a: Nidoking|0 fnt
|faint|p2a: Nidoking
|
|
|switch|p2a: Honchkrow|Honchkrow, F|342\/342
|turn|18
|
|move|p1a: Mienshao|High Jump Kick|p2a: Honchkrow
|-damage|p2a: Honchkrow|0 fnt
|faint|p2a: Honchkrow
|
|win|purrl
|raw|Ladder updating...
|raw|purrl's rating: 1635 &rarr; <strong>1642<\/strong><br \/>(+7 for winning)
|raw|colinaustin's rating: 1346 &rarr; <strong>1340<\/strong><br \/>(-6 for losing)
|leave|colinaustin
|leave|purrl
|player|p2
|player|p1
|leave|Pink Core Is Back