|join|Kushalos
|join|purrl
|player|p1|Kushalos|34
|player|p2|purrl|95
|gametype|singles
|gen|6
|tier|UU
|rule|Sleep Clause Mod: Limit one foe put to sleep
|rule|Species Clause: Limit one of each PokÃ©mon
|rule|OHKO Clause: OHKO moves are banned
|rule|Moody Clause: Moody is banned
|rule|Evasion Moves Clause: Evasion moves are banned
|rule|Endless Battle Clause: Forcing endless battles is banned
|rule|HP Percentage Mod: HP is shown in percentages
|clearpoke
|poke|p1|Hippowdon, M
|poke|p1|Celebi
|poke|p1|Hydreigon, F
|poke|p1|Crobat, M
|poke|p1|Suicune
|poke|p1|Diancie
|poke|p2|Pidgeot, M
|poke|p2|Tentacruel, F
|poke|p2|Krookodile, M
|poke|p2|Jirachi
|poke|p2|Kyurem, shiny
|poke|p2|Mienshao, F, shiny
|rule|Swagger Clause: Swagger is banned
|rule|Baton Pass Clause: Limit one PokÃ©mon knowing Baton Pass
|teampreview
|c|âKushalos|im rusty af
|c|âpurrl|this team is old
|c|âpurrl|[
|
|start
|switch|p1a: Hippowdon|Hippowdon, M|405\/405
|switch|p2a: omfuga fetish|Kyurem, shiny|391\/391
|-ability|p2a: omfuga fetish|Pressure
|-weather|Sandstorm
|turn|1
|c|âpurrl|gets raped by diancie probably
|
|switch|p1a: Suicune|Suicune|404\/404
|-ability|p1a: Suicune|Pressure
|move|p2a: omfuga fetish|Ice Beam|p1a: Suicune
|-resisted|p1a: Suicune
|-damage|p1a: Suicune|290\/404
|
|-weather|Sandstorm|[upkeep]
|-damage|p2a: omfuga fetish|367\/391|[from] sandstorm
|-damage|p1a: Suicune|265\/404|[from] sandstorm
|-heal|p1a: Suicune|290\/404|[from] item: Leftovers
|turn|2
|
|switch|p2a: Tentacruel|Tentacruel, F|361\/361
|move|p1a: Suicune|Calm Mind|p1a: Suicune
|-boost|p1a: Suicune|spa|1
|-boost|p1a: Suicune|spd|1
|
|-weather|Sandstorm|[upkeep]
|-damage|p1a: Suicune|265\/404|[from] sandstorm
|-damage|p2a: Tentacruel|339\/361|[from] sandstorm
|-heal|p1a: Suicune|290\/404|[from] item: Leftovers
|-heal|p2a: Tentacruel|361\/361|[from] item: Black Sludge
|turn|3
|
|move|p1a: Suicune|Substitute|p1a: Suicune
|-start|p1a: Suicune|Substitute
|-damage|p1a: Suicune|189\/404
|move|p2a: Tentacruel|Toxic Spikes|p1a: Suicune
|-sidestart|p1: Kushalos|move: Toxic Spikes
|
|-weather|Sandstorm|[upkeep]
|-damage|p1a: Suicune|164\/404|[from] sandstorm
|-damage|p2a: Tentacruel|339\/361|[from] sandstorm
|-heal|p1a: Suicune|189\/404|[from] item: Leftovers
|-heal|p2a: Tentacruel|361\/361|[from] item: Black Sludge
|turn|4
|join|Cyndequilâ¥
|
|move|p1a: Suicune|Scald|p2a: Tentacruel
|-resisted|p2a: Tentacruel
|-damage|p2a: Tentacruel|291\/361
|-status|p2a: Tentacruel|brn
|move|p2a: Tentacruel|Haze|p2a: Tentacruel
|-clearallboost
|
|-weather|Sandstorm|[upkeep]
|-damage|p1a: Suicune|164\/404|[from] sandstorm
|-damage|p2a: Tentacruel|269\/361 brn|[from] sandstorm
|-heal|p1a: Suicune|189\/404|[from] item: Leftovers
|-heal|p2a: Tentacruel|291\/361 brn|[from] item: Black Sludge
|-damage|p2a: Tentacruel|246\/361 brn|[from] brn
|turn|5
|c|âKushalos|ah
|c|âKushalos|so they do run that
|
|switch|p2a: omfuga fetish|Kyurem, shiny|367\/391
|-ability|p2a: omfuga fetish|Pressure
|move|p1a: Suicune|Calm Mind|p1a: Suicune
|-boost|p1a: Suicune|spa|1
|-boost|p1a: Suicune|spd|1
|
|-weather|none
|-heal|p1a: Suicune|214\/404|[from] item: Leftovers
|turn|6
|leave|Cyndequilâ¥
|
|move|p2a: omfuga fetish|Dragon Pulse|p1a: Suicune
|-end|p1a: Suicune|Substitute
|move|p1a: Suicune|Scald|p2a: omfuga fetish
|-resisted|p2a: omfuga fetish
|-damage|p2a: omfuga fetish|283\/391
|
|-heal|p1a: Suicune|239\/404|[from] item: Leftovers
|turn|7
|
|switch|p1a: Celebi|Celebi|404\/404
|-status|p1a: Celebi|psn
|move|p2a: omfuga fetish|Dragon Pulse|p1a: Celebi
|-damage|p1a: Celebi|233\/404 psn
|
|-damage|p1a: Celebi|183\/404 psn|[from] psn
|turn|8
|
|switch|p2a: Jirachi|Jirachi|404\/404
|move|p1a: Celebi|Recover|p1a: Celebi
|-heal|p1a: Celebi|385\/404 psn
|
|-damage|p1a: Celebi|335\/404 psn|[from] psn
|turn|9
|
|move|p1a: Celebi|Baton Pass|p1a: Celebi
|
|switch|p1a: Crobat|Crobat, M|369\/369
|move|p2a: Jirachi|U-turn|p1a: Crobat
|-resisted|p1a: Crobat
|-damage|p1a: Crobat|354\/369
|
|switch|p2a: omfuga fetish|Kyurem, shiny|283\/391
|-ability|p2a: omfuga fetish|Pressure
|
|turn|10
|
|move|p1a: Crobat|Defog|p2a: omfuga fetish
|-unboost|p2a: omfuga fetish|evasion|1
|-sideend|p1: Kushalos|Toxic Spikes|[from] move: Defog|[of] p1a: Crobat
|move|p2a: omfuga fetish|Ice Beam|p1a: Crobat
|-supereffective|p1a: Crobat
|-damage|p1a: Crobat|0 fnt
|faint|p1a: Crobat
|
|
|switch|p1a: Celebi|Celebi|335\/404
|turn|11
|
|move|p2a: omfuga fetish|Ice Beam|p1a: Celebi
|-supereffective|p1a: Celebi
|-damage|p1a: Celebi|0 fnt
|faint|p1a: Celebi
|
|c|âKushalos|o
|c|âKushalos|i thought i could take that
|c|âKushalos|and pass weakness policy
|c|âKushalos|rip
|c|âKushalos|are you timid
|c|âKushalos|or modest
|c|âpurrl|modest
|c|âKushalos|then it wasnt a roll
|c|âKushalos|im just dum
|c|âpurrl|rip
|c|âKushalos|maybe jirachi fits better on this team
|c|âKushalos|after all
|
|switch|p1a: Diancie|Diancie|263\/263
|turn|12
|
|switch|p2a: Jirachi|Jirachi|404\/404
|detailschange|p1a: Diancie|Diancie-Mega
|-mega|p1a: Diancie|Diancie|Diancite
|move|p1a: Diancie|Earth Power|p2a: Jirachi
|-supereffective|p2a: Jirachi
|-damage|p2a: Jirachi|206\/404
|
|-heal|p2a: Jirachi|231\/404|[from] item: Leftovers
|turn|13
|
|switch|p1a: Hydreigon|Hydreigon, F|325\/325
|move|p2a: Jirachi|Iron Head|p1a: Hydreigon
|-damage|p1a: Hydreigon|229\/325
|
|-heal|p2a: Jirachi|256\/404|[from] item: Leftovers
|turn|14
|
|switch|p2a: Krookodile|Krookodile, M|331\/331
|-ability|p2a: Krookodile|Intimidate|[of] p1a: Hydreigon
|-unboost|p1a: Hydreigon|atk|1
|move|p1a: Hydreigon|U-turn|p2a: Krookodile
|-supereffective|p2a: Krookodile
|-damage|p2a: Krookodile|249\/331
|
|switch|p1a: Hippowdon|Hippowdon, M|405\/405
|-weather|Sandstorm
|
|-weather|Sandstorm|[upkeep]
|turn|15
|
|move|p2a: Krookodile|Taunt|p1a: Hippowdon
|-start|p1a: Hippowdon|move: Taunt
|cant|p1a: Hippowdon|move: Taunt|Stealth Rock
|
|-weather|Sandstorm|[upkeep]
|turn|16
|
|move|p2a: Krookodile|Knock Off|p1a: Hippowdon
|-damage|p1a: Hippowdon|290\/405
|-enditem|p1a: Hippowdon|Leftovers|[from] move: Knock Off|[of] p2a: Krookodile
|move|p1a: Hippowdon|Stone Edge|p2a: Krookodile
|-resisted|p2a: Krookodile
|-damage|p2a: Krookodile|200\/331
|
|-weather|Sandstorm|[upkeep]
|turn|17
|
|switch|p2a: omfuga fetish|Kyurem, shiny|283\/391
|-ability|p2a: omfuga fetish|Pressure
|switch|p1a: Hydreigon|Hydreigon, F|229\/325
|
|-weather|Sandstorm|[upkeep]
|-damage|p1a: Hydreigon|209\/325|[from] sandstorm
|-damage|p2a: omfuga fetish|259\/391|[from] sandstorm
|turn|18
|join|hxhxhxhxhxhxhx
|
|switch|p2a: Krookodile|Krookodile, M|200\/331
|-ability|p2a: Krookodile|Intimidate|[of] p1a: Hydreigon
|-unboost|p1a: Hydreigon|atk|1
|move|p1a: Hydreigon|Dark Pulse|p2a: Krookodile
|-resisted|p2a: Krookodile
|-damage|p2a: Krookodile|113\/331
|
|-weather|none
|turn|19
|
|move|p2a: Krookodile|Pursuit|p1a: Hydreigon|[from]Pursuit
|-resisted|p1a: Hydreigon
|-damage|p1a: Hydreigon|119\/325
|switch|p1a: Hippowdon|Hippowdon, M|290\/405
|-weather|Sandstorm
|
|-weather|Sandstorm|[upkeep]
|turn|20
|
|move|p2a: Krookodile|Taunt|p1a: Hippowdon
|-start|p1a: Hippowdon|move: Taunt
|move|p1a: Hippowdon|Earthquake|p2a: Krookodile
|-damage|p2a: Krookodile|0 fnt
|faint|p2a: Krookodile
|
|-weather|Sandstorm|[upkeep]
|
|switch|p2a: omfuga fetish|Kyurem, shiny|259\/391
|-ability|p2a: omfuga fetish|Pressure
|turn|21
|
|switch|p1a: Diancie|Diancie-Mega|263\/263
|move|p2a: omfuga fetish|Ice Beam|p1a: Diancie
|-damage|p1a: Diancie|110\/263
|-status|p1a: Diancie|frz
|
|-weather|Sandstorm|[upkeep]
|-damage|p2a: omfuga fetish|235\/391|[from] sandstorm
|turn|22
|c|âKushalos|nichze
|
|switch|p1a: Suicune|Suicune|239\/404
|-ability|p1a: Suicune|Pressure
|move|p2a: omfuga fetish|Ice Beam|p1a: Suicune
|-resisted|p1a: Suicune
|-damage|p1a: Suicune|121\/404
|
|-weather|Sandstorm|[upkeep]
|-damage|p2a: omfuga fetish|211\/391|[from] sandstorm
|-damage|p1a: Suicune|96\/404|[from] sandstorm
|-heal|p1a: Suicune|121\/404|[from] item: Leftovers
|turn|23
|
|move|p2a: omfuga fetish|Ice Beam|p1a: Suicune
|-resisted|p1a: Suicune
|-damage|p1a: Suicune|10\/404
|move|p1a: Suicune|Scald|p2a: omfuga fetish
|-resisted|p2a: omfuga fetish
|-damage|p2a: omfuga fetish|153\/391
|
|-weather|none
|-heal|p1a: Suicune|35\/404|[from] item: Leftovers
|turn|24
|c|âKushalos|been out of this for too long
|c|âKushalos|zzz
|
|move|p2a: omfuga fetish|Ice Beam|p1a: Suicune
|-resisted|p1a: Suicune
|-damage|p1a: Suicune|0 fnt
|faint|p1a: Suicune
|
|
|switch|p1a: Hydreigon|Hydreigon, F|119\/325
|turn|25
|join|dissolve in water
|
|switch|p2a: Jirachi|Jirachi|256\/404
|move|p1a: Hydreigon|Dark Pulse|p2a: Jirachi
|-crit|p2a: Jirachi
|-supereffective|p2a: Jirachi
|-damage|p2a: Jirachi|0 fnt
|faint|p2a: Jirachi
|
|
|switch|p2a: Mienshao|Mienshao, F, shiny|271\/271
|turn|26
|
|switch|p1a: Diancie|Diancie-Mega|110\/263 frz
|move|p2a: Mienshao|High Jump Kick|p1a: Diancie
|-damage|p1a: Diancie|0 fnt
|faint|p1a: Diancie
|
|
|switch|p1a: Hippowdon|Hippowdon, M|290\/405
|-weather|Sandstorm
|turn|27
|join|MegaShuckle2015
|
|move|p2a: Mienshao|High Jump Kick|p1a: Hippowdon
|-damage|p1a: Hippowdon|104\/405
|move|p1a: Hippowdon|Slack Off|p1a: Hippowdon
|-heal|p1a: Hippowdon|307\/405
|
|-weather|Sandstorm|[upkeep]
|-damage|p2a: Mienshao|255\/271|[from] sandstorm
|turn|28
|c| MegaShuckle2015|o hi kush
|c|âKushalos|hi
|
|move|p2a: Mienshao|High Jump Kick|p1a: Hippowdon
|-damage|p1a: Hippowdon|139\/405
|move|p1a: Hippowdon|Earthquake|p2a: Mienshao
|-damage|p2a: Mienshao|71\/271
|
|-weather|Sandstorm|[upkeep]
|-damage|p2a: Mienshao|55\/271|[from] sandstorm
|turn|29
|
|move|p2a: Mienshao|High Jump Kick|p1a: Hippowdon
|-crit|p1a: Hippowdon
|-damage|p1a: Hippowdon|0 fnt
|faint|p1a: Hippowdon
|
|-weather|Sandstorm|[upkeep]
|-damage|p2a: Mienshao|39\/271|[from] sandstorm
|
|switch|p1a: Hydreigon|Hydreigon, F|119\/325
|turn|30
|
|move|p2a: Mienshao|High Jump Kick|p1a: Hydreigon
|-supereffective|p1a: Hydreigon
|-damage|p1a: Hydreigon|0 fnt
|faint|p1a: Hydreigon
|
|win|purrl
|c|âKushalos|gg
|c|âpurrl|gg
|leave|purrl
|player|p2