|join|DellBR
|join|WarriorBlast
|player|p1|DellBR|33
|player|p2|WarriorBlast|167
|gametype|singles
|gen|6
|tier|OU
|rated
|clearpoke
|poke|p1|Tyranitar, M
|poke|p1|Keldeo
|poke|p1|Talonflame, M
|poke|p1|Skarmory, M
|poke|p1|Excadrill, F
|poke|p1|Sylveon, M
|poke|p2|Victini, shiny
|poke|p2|Weavile, F, shiny
|poke|p2|Breloom, M, shiny
|poke|p2|Deoxys-Speed, shiny
|poke|p2|Zapdos, shiny
|poke|p2|Gyarados, F, shiny
|rule|Sleep Clause Mod: Limit one foe put to sleep
|rule|Species Clause: Limit one of each Pokemon
|rule|OHKO Clause: OHKO moves are banned
|rule|Moody Clause: Moody is banned
|rule|Evasion Moves Clause: Evasion moves are banned
|rule|Endless Battle Clause: Forcing endless battles is banned.
|rule|HP Percentage Mod: HP is reported as percentages
|teampreview
|
|start
|switch|p1a: Talonflame|Talonflame, M|345\/345
|switch|p2a: Slashdoll|Weavile, F, shiny|282\/282
|-ability|p2a: Slashdoll|Pressure
|turn|1
|
|move|p2a: Slashdoll|Knock Off|p1a: Talonflame
|-crit|p1a: Talonflame
|-damage|p1a: Talonflame|0 fnt
|-damage|p2a: Slashdoll|254\/282|[from] item: Life Orb
|faint|p1a: Talonflame
|
|
|switch|p1a: Excadrill|Excadrill, F|381\/381
|-ability|p1a: Excadrill|Mold Breaker
|turn|2
|chat|WarriorBlast|float like a butterfly, sting like a bee
|
|move|p2a: Slashdoll|Knock Off|p1a: Excadrill
|-damage|p1a: Excadrill|44\/381
|-enditem|p1a: Excadrill|Assault Vest|[from] move: Knock Off|[of] p2a: Slashdoll
|-damage|p2a: Slashdoll|226\/282|[from] item: Life Orb
|move|p1a: Excadrill|Iron Head|p2a: Slashdoll
|-supereffective|p2a: Slashdoll
|-damage|p2a: Slashdoll|0 fnt
|faint|p2a: Slashdoll
|
|
|switch|p2a: Remember You|Gyarados, F, shiny|332\/332
|-ability|p2a: Remember You|Intimidate|[of] p1a: Excadrill
|-unboost|p1a: Excadrill|atk|1
|turn|3
|
|-formechange|p2a: Remember You|Gyarados-Mega
|message|Gyarados has Mega Evolved into Mega Gyarados!
|-ability|p2a: Remember You|Mold Breaker
|move|p2a: Remember You|Dragon Dance|p2a: Remember You
|-boost|p2a: Remember You|atk|1
|-boost|p2a: Remember You|spe|1
|move|p1a: Excadrill|Rock Slide|p2a: Remember You
|-damage|p2a: Remember You|275\/332
|
|turn|4
|
|move|p2a: Remember You|Dragon Dance|p2a: Remember You
|-boost|p2a: Remember You|atk|1
|-boost|p2a: Remember You|spe|1
|move|p1a: Excadrill|Earthquake|p2a: Remember You
|-damage|p2a: Remember You|152\/332
|
|turn|5
|
|move|p2a: Remember You|Waterfall|p1a: Excadrill
|-supereffective|p1a: Excadrill
|-damage|p1a: Excadrill|0 fnt
|faint|p1a: Excadrill
|
|
|switch|p1a: Skarmory|Skarmory, M|327\/327
|turn|6
|
|move|p2a: Remember You|Waterfall|p1a: Skarmory
|-damage|p1a: Skarmory|132\/327
|move|p1a: Skarmory|Whirlwind|p2a: Remember You
|drag|p2a: Problem|Deoxys-Speed, shiny|241\/241
|-ability|p2a: Problem|Pressure
|
|-heal|p1a: Skarmory|152\/327|[from] item: Leftovers
|turn|7
|
|move|p2a: Problem|Ice Beam|p1a: Skarmory
|-damage|p1a: Skarmory|9\/327
|-damage|p2a: Problem|217\/241|[from] item: Life Orb
|move|p1a: Skarmory|Roost|p1a: Skarmory
|-heal|p1a: Skarmory|173\/327
|
|-heal|p1a: Skarmory|193\/327|[from] item: Leftovers
|turn|8
|
|move|p2a: Problem|Knock Off|p1a: Skarmory
|-damage|p1a: Skarmory|116\/327
|-enditem|p1a: Skarmory|Leftovers|[from] move: Knock Off|[of] p2a: Problem
|-damage|p2a: Problem|193\/241|[from] item: Life Orb
|move|p1a: Skarmory|Roost|p1a: Skarmory
|-heal|p1a: Skarmory|280\/327
|
|turn|9
|
|move|p2a: Problem|Ice Beam|p1a: Skarmory
|-damage|p1a: Skarmory|138\/327
|-damage|p2a: Problem|169\/241|[from] item: Life Orb
|move|p1a: Skarmory|Stealth Rock|p2a: Problem
|-sidestart|p2: WarriorBlast|move: Stealth Rock
|
|turn|10
|
|switch|p1a: Ryan|Sylveon, M|393\/393
|move|p2a: Problem|Ice Beam|p1a: Ryan
|-damage|p1a: Ryan|311\/393
|-damage|p2a: Problem|145\/241|[from] item: Life Orb
|
|-heal|p1a: Ryan|335\/393|[from] item: Leftovers
|turn|11
|
|move|p2a: Problem|Knock Off|p1a: Ryan
|-resisted|p1a: Ryan
|-damage|p1a: Ryan|274\/393
|-enditem|p1a: Ryan|Leftovers|[from] move: Knock Off|[of] p2a: Problem
|-damage|p2a: Problem|121\/241|[from] item: Life Orb
|move|p1a: Ryan|Hyper Voice|p2a: Problem
|-damage|p2a: Problem|0 fnt
|faint|p2a: Problem
|
|
|switch|p2a: Hero Boy|Breloom, M, shiny|322\/322
|-damage|p2a: Hero Boy|302\/322|[from] Stealth Rock
|turn|12
|
|switch|p1a: Skarmory|Skarmory, M|138\/327
|move|p2a: Hero Boy|Spore|p1a: Skarmory
|-status|p1a: Skarmory|slp
|
|-status|p2a: Hero Boy|tox|[from] item: Toxic Orb
|turn|13
|
|switch|p1a: Ryan|Sylveon, M|274\/393
|move|p2a: Hero Boy|Seed Bomb|p1a: Ryan
|-damage|p1a: Ryan|126\/393
|
|-heal|p2a: Hero Boy|322\/322 tox|[from] ability: Poison Heal
|turn|14
|
|move|p2a: Hero Boy|Seed Bomb|p1a: Ryan
|-damage|p1a: Ryan|0 fnt
|faint|p1a: Ryan
|
|
|switch|p1a: KelDell-Resolute|Keldeo|323\/323
|turn|15
|
|move|p1a: KelDell-Resolute|Secret Sword|p2a: Hero Boy
|-damage|p2a: Hero Boy|55\/322 tox
|move|p2a: Hero Boy|Seed Bomb|p1a: KelDell-Resolute
|-supereffective|p1a: KelDell-Resolute
|-damage|p1a: KelDell-Resolute|0 fnt
|faint|p1a: KelDell-Resolute
|
|-heal|p2a: Hero Boy|95\/322 tox|[from] ability: Poison Heal
|
|switch|p1a: Tyranitar|Tyranitar, M|341\/341
|-weather|Sandstorm
|turn|16
|
|-formechange|p1a: Tyranitar|Tyranitar-Mega
|message|Tyranitar has Mega Evolved into Mega Tyranitar!
|move|p2a: Hero Boy|Mach Punch|p1a: Tyranitar
|-supereffective|p1a: Tyranitar
|-damage|p1a: Tyranitar|133\/341
|move|p1a: Tyranitar|Crunch|p2a: Hero Boy
|-resisted|p2a: Hero Boy
|-damage|p2a: Hero Boy|0 fnt
|faint|p2a: Hero Boy
|
|-weather|Sandstorm|[upkeep]
|
|switch|p2a: Bombfox|Victini, shiny|359\/359
|-damage|p2a: Bombfox|270\/359|[from] Stealth Rock
|turn|17
|
|switch|p1a: Skarmory|Skarmory, M|138\/327 slp
|move|p2a: Bombfox|Focus Blast|p1a: Skarmory
|-damage|p1a: Skarmory|0 fnt
|-damage|p2a: Bombfox|235\/359|[from] item: Life Orb
|faint|p1a: Skarmory
|
|-weather|Sandstorm|[upkeep]
|-damage|p2a: Bombfox|213\/359|[from] sandstorm
|
|switch|p1a: Tyranitar|Tyranitar, M|133\/341
|-formechange|p1a: Tyranitar|Tyranitar-Mega
|turn|18
|
|move|p2a: Bombfox|Focus Blast|p1a: Tyranitar|[miss]
|-miss|p2a: Bombfox|p1a: Tyranitar
|move|p1a: Tyranitar|Dragon Dance|p1a: Tyranitar
|-boost|p1a: Tyranitar|atk|1
|-boost|p1a: Tyranitar|spe|1
|
|-weather|Sandstorm|[upkeep]
|-damage|p2a: Bombfox|191\/359|[from] sandstorm
|turn|19
|
|move|p1a: Tyranitar|Crunch|p2a: Bombfox
|-supereffective|p2a: Bombfox
|-damage|p2a: Bombfox|0 fnt
|faint|p2a: Bombfox
|
|-weather|Sandstorm|[upkeep]
|
|switch|p2a: Remember You|Gyarados, F, shiny|152\/332
|-formechange|p2a: Remember You|Gyarados-Mega
|-damage|p2a: Remember You|111\/332|[from] Stealth Rock
|-ability|p2a: Remember You|Mold Breaker
|turn|20
|
|move|p1a: Tyranitar|Earthquake|p2a: Remember You
|-damage|p2a: Remember You|0 fnt
|faint|p2a: Remember You
|
|-weather|none
|
|switch|p2a: Bacon Pancakes|Zapdos, shiny|366\/366
|-damage|p2a: Bacon Pancakes|275\/366|[from] Stealth Rock
|-ability|p2a: Bacon Pancakes|Pressure
|turn|21
|
|move|p1a: Tyranitar|Ice Punch|p2a: Bacon Pancakes
|-supereffective|p2a: Bacon Pancakes
|-damage|p2a: Bacon Pancakes|0 fnt
|faint|p2a: Bacon Pancakes
|
|win|DellBR
|raw|Ladder updating...
|raw|DellBR's rating: 1547 &rarr; <strong>1568<\/strong><br \/>(+21 for winning)
|raw|WarriorBlast's rating: 1580 &rarr; <strong>1558<\/strong><br \/>(-22 for losing)
|leave|WarriorBlast
|player|p2