|join|hawluchaman
|join|WarriorBlast
|player|p1|hawluchaman|53
|player|p2|WarriorBlast|167
|gametype|singles
|gen|6
|tier|OU
|rated
|clearpoke
|poke|p1|Garchomp, F
|poke|p1|Mawile, F
|poke|p1|Keldeo
|poke|p1|Thundurus, M
|poke|p1|Aegislash, F
|poke|p1|Slowbro, F
|poke|p2|Scolipede, M, shiny
|poke|p2|Manaphy, shiny
|poke|p2|Zapdos, shiny
|poke|p2|Celebi, shiny
|poke|p2|Mawile, F, shiny
|poke|p2|Kingdra, M, shiny
|rule|Sleep Clause Mod: Limit one foe put to sleep
|rule|Species Clause: Limit one of each Pokemon
|rule|OHKO Clause: OHKO moves are banned
|rule|Moody Clause: Moody is banned
|rule|Evasion Moves Clause: Evasion moves are banned
|rule|Endless Battle Clause: Forcing endless battles is banned.
|rule|HP Percentage Mod: HP is reported as percentages
|teampreview
|
|start
|switch|p1a: Slowbro|Slowbro, F|394\/394
|switch|p2a: Mawile|Mawile, F, shiny|304\/304
|turn|1
|
|-formechange|p2a: Mawile|Mawile-Mega
|message|Mawile has Mega Evolved into Mega Mawile!
|move|p2a: Mawile|Swords Dance|p2a: Mawile
|-boost|p2a: Mawile|atk|2
|move|p1a: Slowbro|Fire Blast|p2a: Mawile
|-supereffective|p2a: Mawile
|-damage|p2a: Mawile|138\/304
|
|turn|2
|
|move|p2a: Mawile|Sucker Punch|p1a: Slowbro
|-fail|p1a: Slowbro
|move|p1a: Slowbro|Trick Room|p1a: Slowbro
|-fieldstart|move: Trick Room|[of] p1a: Slowbro
|
|turn|3
|
|move|p1a: Slowbro|Fire Blast|p2a: Mawile
|-crit|p2a: Mawile
|-supereffective|p2a: Mawile
|-damage|p2a: Mawile|0 fnt
|faint|p2a: Mawile
|
|chat|hawluchaman|pheeeeew
|
|switch|p2a: Manaphy|Manaphy, shiny|404\/404
|turn|4
|
|switch|p1a: Mawile|Mawile, F|274\/274
|-ability|p1a: Mawile|Intimidate|[of] p2a: Manaphy
|-unboost|p2a: Manaphy|atk|1
|move|p2a: Manaphy|Tail Glow|p2a: Manaphy
|-boost|p2a: Manaphy|spa|3
|
|turn|5
|
|-formechange|p1a: Mawile|Mawile-Mega
|message|Mawile has Mega Evolved into Mega Mawile!
|move|p1a: Mawile|Play Rough|p2a: Manaphy
|-damage|p2a: Manaphy|119\/404
|move|p2a: Manaphy|Scald|p1a: Mawile
|-damage|p1a: Mawile|0 fnt
|faint|p1a: Mawile
|
|
|switch|p1a: Aegislash|Aegislash, F|320\/320
|turn|6
|
|-formechange|p1a: Aegislash|Aegislash-Blade
|move|p1a: Aegislash|Shadow Ball|p2a: Manaphy
|-damage|p2a: Manaphy|0 fnt
|faint|p2a: Manaphy
|
|-fieldend|move: Trick Room
|
|switch|p2a: Kingdra|Kingdra, M, shiny|291\/291
|turn|7
|chat|hawluchaman|is every pokemon of yours a set up sweeper? lol
|chat|WarriorBlast|perhaps
|
|move|p2a: Kingdra|Dragon Dance|p2a: Kingdra
|-boost|p2a: Kingdra|atk|1
|-boost|p2a: Kingdra|spe|1
|move|p1a: Aegislash|Shadow Ball|p2a: Kingdra
|-damage|p2a: Kingdra|107\/291
|
|turn|8
|chat|hawluchaman|thats really dumb
|
|-formechange|p1a: Aegislash|Aegislash
|move|p1a: Aegislash|King's Shield|p1a: Aegislash
|-singleturn|p1a: Aegislash|Protect
|move|p2a: Kingdra|Dragon Dance|p2a: Kingdra
|-boost|p2a: Kingdra|atk|1
|-boost|p2a: Kingdra|spe|1
|
|turn|9
|
|move|p2a: Kingdra|Waterfall|p1a: Aegislash
|-damage|p1a: Aegislash|148\/320
|-formechange|p1a: Aegislash|Aegislash-Blade
|move|p1a: Aegislash|Shadow Ball|p2a: Kingdra
|-damage|p2a: Kingdra|0 fnt
|faint|p2a: Kingdra
|
|-heal|p1a: Aegislash|168\/320|[from] item: Leftovers
|chat|WarriorBlast|well, if it werent for your luck you would have lost, so i wouldnt be talking
|chat|hawluchaman|luck?
|chat|WarriorBlast|trick room was a nice throw off
|chat|hawluchaman|wtf 
|
|switch|p2a: Scolipede|Scolipede, M, shiny|323\/323
|turn|10
|chat|hawluchaman|no hax until now
|
|move|p2a: Scolipede|Iron Defense|p2a: Scolipede
|-boost|p2a: Scolipede|def|2
|move|p1a: Aegislash|Iron Head|p2a: Scolipede
|-damage|p2a: Scolipede|253\/323
|
|-heal|p1a: Aegislash|188\/320|[from] item: Leftovers
|-boost|p2a: Scolipede|spe|1|[from] ability: Speed Boost
|turn|11
|
|move|p2a: Scolipede|Substitute|p2a: Scolipede
|-start|p2a: Scolipede|Substitute
|-damage|p2a: Scolipede|173\/323
|move|p1a: Aegislash|Shadow Ball|p2a: Scolipede
|-end|p2a: Scolipede|Substitute
|
|-heal|p1a: Aegislash|208\/320|[from] item: Leftovers
|-boost|p2a: Scolipede|spe|1|[from] ability: Speed Boost
|turn|12
|
|move|p2a: Scolipede|Protect|p2a: Scolipede
|-singleturn|p2a: Scolipede|Protect
|move|p1a: Aegislash|Shadow Ball|p2a: Scolipede
|-activate|p2a: Scolipede|Protect
|
|-heal|p1a: Aegislash|228\/320|[from] item: Leftovers
|-boost|p2a: Scolipede|spe|1|[from] ability: Speed Boost
|turn|13
|
|move|p2a: Scolipede|Substitute|p2a: Scolipede
|-start|p2a: Scolipede|Substitute
|-damage|p2a: Scolipede|93\/323
|move|p1a: Aegislash|Shadow Ball|p2a: Scolipede
|-end|p2a: Scolipede|Substitute
|
|-heal|p1a: Aegislash|248\/320|[from] item: Leftovers
|-boost|p2a: Scolipede|spe|1|[from] ability: Speed Boost
|turn|14
|
|move|p2a: Scolipede|Baton Pass|p2a: Scolipede
|
|switch|p2a: Celebi|Celebi, shiny|396\/396
|move|p1a: Aegislash|Shadow Ball|p2a: Celebi
|-supereffective|p2a: Celebi
|-damage|p2a: Celebi|30\/396
|-unboost|p2a: Celebi|spd|1
|
|-heal|p2a: Celebi|54\/396|[from] item: Leftovers
|-heal|p1a: Aegislash|268\/320|[from] item: Leftovers
|turn|15
|
|move|p2a: Celebi|Shadow Ball|p1a: Aegislash
|-supereffective|p1a: Aegislash
|-damage|p1a: Aegislash|0 fnt
|faint|p1a: Aegislash
|
|-heal|p2a: Celebi|78\/396|[from] item: Leftovers
|
|switch|p1a: Garchomp|Garchomp, F|357\/357
|turn|16
|
|move|p2a: Celebi|Giga Drain|p1a: Garchomp
|-damage|p1a: Garchomp|195\/357
|-heal|p2a: Celebi|159\/396|[from] drain|[of] p1a: Garchomp
|move|p1a: Garchomp|Outrage|p2a: Celebi
|-damage|p2a: Celebi|42\/396
|
|-heal|p2a: Celebi|66\/396|[from] item: Leftovers
|turn|17
|
|move|p2a: Celebi|Giga Drain|p1a: Garchomp
|-damage|p1a: Garchomp|41\/357
|-heal|p2a: Celebi|143\/396|[from] drain|[of] p1a: Garchomp
|move|p1a: Garchomp|Outrage|p2a: Celebi
|-damage|p2a: Celebi|34\/396
|
|-heal|p2a: Celebi|58\/396|[from] item: Leftovers
|turn|18
|
|move|p2a: Celebi|Giga Drain|p1a: Garchomp
|-damage|p1a: Garchomp|0 fnt
|-heal|p2a: Celebi|79\/396|[from] drain|[of] p1a: Garchomp
|faint|p1a: Garchomp
|
|-heal|p2a: Celebi|103\/396|[from] item: Leftovers
|
|switch|p1a: Thundurus|Thundurus, M|299\/299
|turn|19
|
|move|p2a: Celebi|Psychic|p1a: Thundurus
|-damage|p1a: Thundurus|116\/299
|move|p1a: Thundurus|Hidden Power|p2a: Celebi
|-supereffective|p2a: Celebi
|-damage|p2a: Celebi|0 fnt
|faint|p2a: Celebi
|
|-heal|p1a: Thundurus|134\/299|[from] item: Leftovers
|leave|WarriorBlast
|player|p2
|-message|warriorblast lost due to inactivity.
|
|win|hawluchaman
|raw|Ladder updating...
|raw|hawluchaman's rating: 1572 &rarr; <strong>1595<\/strong><br \/>(+23 for winning)
|raw|WarriorBlast's rating: 1612 &rarr; <strong>1590<\/strong><br \/>(-22 for losing)