|join|majorsc2
|join|WarriorBlast
|player|p1|majorsc2|266
|player|p2|WarriorBlast|1
|gametype|singles
|gen|6
|tier|OU
|rated
|clearpoke
|poke|p1|Xatu, M
|poke|p1|Skarmory, F
|poke|p1|Amoonguss, M
|poke|p1|Garchomp, F
|poke|p1|Conkeldurr, M
|poke|p1|Mawile, F
|poke|p2|Deoxys-Speed
|poke|p2|Charizard, M
|poke|p2|Staraptor, M
|poke|p2|Talonflame, M
|poke|p2|Excadrill, F, shiny
|poke|p2|Breloom, F
|rule|Sleep Clause Mod: Limit one foe put to sleep
|rule|Species Clause: Limit one of each Pokemon
|rule|OHKO Clause: OHKO moves are banned
|rule|Moody Clause: Moody is banned
|rule|Evasion Moves Clause: Evasion moves are banned
|rule|Endless Battle Clause: Forcing endless battles is banned.
|rule|HP Percentage Mod: HP is reported as percentages
|teampreview
|
|start
|switch|p1a: Amoonguss|Amoonguss, M|432\/432
|switch|p2a: Come on step it up|Deoxys-Speed|304\/304
|-ability|p2a: Come on step it up|Pressure
|turn|1
|
|switch|p1a: Xatu|Xatu, M|334\/334
|move|p2a: Come on step it up|Taunt|p1a: Xatu
|move|p1a: Xatu|Taunt|p2a: Come on step it up|[from]Magic Bounce
|-start|p2a: Come on step it up|move: Taunt
|
|turn|2
|
|switch|p2a: Lombardi|Staraptor, M|311\/311
|move|p1a: Xatu|Thunder Wave|p2a: Lombardi
|-status|p2a: Lombardi|par
|
|turn|3
|
|move|p1a: Xatu|U-turn|p2a: Lombardi
|-resisted|p2a: Lombardi
|-damage|p2a: Lombardi|282\/311 par
|
|switch|p1a: Skarmory|Skarmory, F|333\/333
|move|p2a: Lombardi|U-turn|p1a: Skarmory
|-resisted|p1a: Skarmory
|-damage|p1a: Skarmory|317\/333
|-damage|p2a: Lombardi|251\/311 par|[from] item: Life Orb
|
|switch|p2a: Hitmontree|Breloom, F|262\/262
|
|-heal|p1a: Skarmory|333\/333|[from] item: Leftovers
|turn|4
|
|switch|p1a: Amoonguss|Amoonguss, M|432\/432
|move|p2a: Hitmontree|Rock Tomb|p1a: Amoonguss
|-damage|p1a: Amoonguss|291\/432
|-unboost|p1a: Amoonguss|spe|1
|
|-heal|p1a: Amoonguss|318\/432|[from] item: Black Sludge
|turn|5
|
|switch|p2a: Lombardi|Staraptor, M|251\/311 par
|move|p1a: Amoonguss|Foul Play|p2a: Lombardi
|-damage|p2a: Lombardi|94\/311 par
|
|-heal|p1a: Amoonguss|345\/432|[from] item: Black Sludge
|turn|6
|
|switch|p1a: Skarmory|Skarmory, F|333\/333
|cant|p2a: Lombardi|par
|
|turn|7
|
|move|p1a: Skarmory|Stealth Rock|p2a: Lombardi
|-sidestart|p2: WarriorBlast|move: Stealth Rock
|move|p2a: Lombardi|Close Combat|p1a: Skarmory
|-damage|p1a: Skarmory|220\/333
|-unboost|p2a: Lombardi|def|1
|-unboost|p2a: Lombardi|spd|1
|-damage|p2a: Lombardi|63\/311 par|[from] item: Life Orb
|
|-heal|p1a: Skarmory|240\/333|[from] item: Leftovers
|turn|8
|
|move|p2a: Lombardi|Close Combat|p1a: Skarmory
|-damage|p1a: Skarmory|126\/333
|-unboost|p2a: Lombardi|def|1
|-unboost|p2a: Lombardi|spd|1
|-damage|p2a: Lombardi|32\/311 par|[from] item: Life Orb
|move|p1a: Skarmory|Whirlwind|p2a: Lombardi
|drag|p2a: Santoryu|Excadrill, F, shiny|424\/424
|-damage|p2a: Santoryu|411\/424|[from] Stealth Rock
|-ability|p2a: Santoryu|Mold Breaker
|-item|p2a: Santoryu|Air Balloon
|
|-heal|p1a: Skarmory|146\/333|[from] item: Leftovers
|turn|9
|
|move|p2a: Santoryu|Rapid Spin|p1a: Skarmory
|-resisted|p1a: Skarmory
|-damage|p1a: Skarmory|138\/333
|-sideend|p2: WarriorBlast|Stealth Rock|[from] move: Rapid Spin|[of] p2a: Santoryu
|move|p1a: Skarmory|Roost|p1a: Skarmory
|-heal|p1a: Skarmory|305\/333
|
|-heal|p1a: Skarmory|325\/333|[from] item: Leftovers
|turn|10
|
|switch|p2a: Come on step it up|Deoxys-Speed|304\/304
|-ability|p2a: Come on step it up|Pressure
|move|p1a: Skarmory|Stealth Rock|p2a: Come on step it up
|-sidestart|p2: WarriorBlast|move: Stealth Rock
|
|-heal|p1a: Skarmory|333\/333|[from] item: Leftovers
|turn|11
|
|switch|p1a: Xatu|Xatu, M|334\/334
|move|p2a: Come on step it up|Reflect|p2a: Come on step it up
|-sidestart|p2: WarriorBlast|Reflect
|
|turn|12
|
|move|p2a: Come on step it up|Light Screen|p2a: Come on step it up
|-sidestart|p2: WarriorBlast|move: Light Screen
|move|p1a: Xatu|Thunder Wave|p2a: Come on step it up
|-status|p2a: Come on step it up|par
|
|turn|13
|
|switch|p2a: Lombardi|Staraptor, M|32\/311 par
|-damage|p2a: Lombardi|0 fnt|[from] Stealth Rock
|faint|p2a: Lombardi
|move|p1a: Xatu|Night Shade|p2: Lombardi|[notarget]
|-notarget
|
|
|switch|p2a: F-Zero|Talonflame, M|297\/297
|-damage|p2a: F-Zero|149\/297|[from] Stealth Rock
|turn|14
|
|move|p2a: F-Zero|Flare Blitz|p1a: Xatu
|-damage|p1a: Xatu|4\/334
|-damage|p2a: F-Zero|40\/297|[from] recoil|[of] p1a: Xatu
|move|p1a: Xatu|U-turn|p2a: F-Zero
|-resisted|p2a: F-Zero
|-damage|p2a: F-Zero|33\/297
|
|switch|p1a: Conkeldurr|Conkeldurr, M|414\/414
|
|turn|15
|
|move|p1a: Conkeldurr|Mach Punch|p2a: F-Zero
|-resisted|p2a: F-Zero
|-damage|p2a: F-Zero|9\/297
|move|p2a: F-Zero|Flare Blitz|p1a: Conkeldurr
|-damage|p1a: Conkeldurr|161\/414
|-damage|p2a: F-Zero|0 fnt|[from] recoil|[of] p1a: Conkeldurr
|faint|p2a: F-Zero
|
|
|switch|p2a: Hitmontree|Breloom, F|262\/262
|-damage|p2a: Hitmontree|246\/262|[from] Stealth Rock
|turn|16
|
|switch|p1a: Amoonguss|Amoonguss, M|432\/432
|move|p2a: Hitmontree|Rock Tomb|p1a: Amoonguss
|-damage|p1a: Amoonguss|281\/432
|-unboost|p1a: Amoonguss|spe|1
|
|-heal|p1a: Amoonguss|308\/432|[from] item: Black Sludge
|turn|17
|
|move|p2a: Hitmontree|Rock Tomb|p1a: Amoonguss
|-damage|p1a: Amoonguss|168\/432
|-unboost|p1a: Amoonguss|spe|1
|move|p1a: Amoonguss|Sludge Bomb|p2a: Hitmontree
|-supereffective|p2a: Hitmontree
|-damage|p2a: Hitmontree|114\/262
|-status|p2a: Hitmontree|psn
|
|-heal|p1a: Amoonguss|195\/432|[from] item: Black Sludge
|-damage|p2a: Hitmontree|82\/262 psn|[from] psn
|turn|18
|
|move|p2a: Hitmontree|Rock Tomb|p1a: Amoonguss
|-damage|p1a: Amoonguss|43\/432
|-unboost|p1a: Amoonguss|spe|1
|move|p1a: Amoonguss|Sludge Bomb|p2a: Hitmontree
|-supereffective|p2a: Hitmontree
|-damage|p2a: Hitmontree|0 fnt
|faint|p2a: Hitmontree
|
|-heal|p1a: Amoonguss|70\/432|[from] item: Black Sludge
|-sideend|p2: WarriorBlast|Reflect
|
|switch|p2a: Dovah|Charizard, M|297\/297
|-damage|p2a: Dovah|149\/297|[from] Stealth Rock
|turn|19
|
|detailschange|p2a: Dovah|Charizard-Mega-X, M
|message|Charizard has Mega Evolved into Mega Charizard!
|move|p2a: Dovah|Dragon Dance|p2a: Dovah
|-boost|p2a: Dovah|atk|1
|-boost|p2a: Dovah|spe|1
|move|p1a: Amoonguss|Spore|p2a: Dovah
|-status|p2a: Dovah|slp
|
|-heal|p1a: Amoonguss|97\/432|[from] item: Black Sludge
|-sideend|p2: WarriorBlast|move: Light Screen
|turn|20
|
|cant|p2a: Dovah|slp
|move|p1a: Amoonguss|Foul Play|p2a: Dovah
|-damage|p2a: Dovah|0 fnt
|faint|p2a: Dovah
|
|-heal|p1a: Amoonguss|124\/432|[from] item: Black Sludge
|leave|WarriorBlast
|player|p2
|-message|warriorblast lost due to inactivity.
|
|win|majorsc2
|raw|Ladder updating...
|raw|majorsc2's rating: 1728 &rarr; <strong>1744<\/strong><br \/>(+16 for winning)
|raw|WarriorBlast's rating: 1649 &rarr; <strong>1634<\/strong><br \/>(-15 for losing)