|join|WarriorBlast
|join|danielstop
|player|p1|WarriorBlast|266
|player|p2|danielstop|169
|gametype|singles
|gen|6
|tier|OU
|rated
|clearpoke
|poke|p1|Smeargle, M, shiny
|poke|p1|Vaporeon, F
|poke|p1|Scolipede, M, shiny
|poke|p1|Sylveon, F
|poke|p1|Mr. Mime, M, shiny
|poke|p1|Espeon, M, shiny
|poke|p2|Rotom-Wash
|poke|p2|Mamoswine, M
|poke|p2|Talonflame, F
|poke|p2|Thundurus, M
|poke|p2|Latias, F
|poke|p2|Ferrothorn, M
|rule|Sleep Clause Mod: Limit one foe put to sleep
|rule|Species Clause: Limit one of each Pokemon
|rule|OHKO Clause: OHKO moves are banned
|rule|Moody Clause: Moody is banned
|rule|Evasion Moves Clause: Evasion moves are banned
|rule|Endless Battle Clause: Forcing endless battles is banned.
|rule|HP Percentage Mod: HP is reported as percentages
|teampreview
|
|start
|switch|p1a: PabloPicasso|Smeargle, M, shiny|273\/273
|switch|p2a: Mamoswine|Mamoswine, M|361\/361
|turn|1
|
|move|p2a: Mamoswine|Ice Shard|p1a: PabloPicasso
|-damage|p1a: PabloPicasso|158\/273
|move|p1a: PabloPicasso|Spore|p2a: Mamoswine
|-status|p2a: Mamoswine|slp
|
|turn|2
|
|switch|p2a: Talonflame|Talonflame, F|297\/297
|move|p1a: PabloPicasso|Baton Pass|p1a: PabloPicasso
|
|switch|p1a: FrozenSoul|Vaporeon, F|449\/449
|
|turn|3
|
|move|p2a: Talonflame|U-turn|p1a: FrozenSoul
|-damage|p1a: FrozenSoul|345\/449
|
|switch|p2a: Thundurus|Thundurus, M|299\/299
|move|p1a: FrozenSoul|Acid Armor|p1a: FrozenSoul
|-boost|p1a: FrozenSoul|def|2
|
|-heal|p1a: FrozenSoul|373\/449|[from] item: Leftovers
|turn|4
|
|move|p2a: Thundurus|Thunderbolt|p1a: FrozenSoul
|-supereffective|p1a: FrozenSoul
|-damage|p1a: FrozenSoul|53\/449
|move|p1a: FrozenSoul|Baton Pass|p1a: FrozenSoul
|
|switch|p1a: fairy METEOR|Sylveon, F|385\/385
|
|turn|5
|
|move|p2a: Thundurus|Nasty Plot|p2a: Thundurus
|-boost|p2a: Thundurus|spa|2
|move|p1a: fairy METEOR|Calm Mind|p1a: fairy METEOR
|-boost|p1a: fairy METEOR|spa|1
|-boost|p1a: fairy METEOR|spd|1
|
|turn|6
|
|move|p2a: Thundurus|Nasty Plot|p2a: Thundurus
|-boost|p2a: Thundurus|spa|2
|move|p1a: fairy METEOR|Hyper Voice|p2a: Thundurus
|-damage|p2a: Thundurus|43\/299
|
|-heal|p2a: Thundurus|61\/299|[from] item: Leftovers
|turn|7
|
|move|p2a: Thundurus|Thunderbolt|p1a: fairy METEOR
|-damage|p1a: fairy METEOR|157\/385
|move|p1a: fairy METEOR|Hyper Voice|p2a: Thundurus
|-damage|p2a: Thundurus|0 fnt
|faint|p2a: Thundurus
|
|-heal|p1a: fairy METEOR|181\/385|[from] item: Leftovers
|
|switch|p2a: Talonflame|Talonflame, F|297\/297
|turn|8
|
|move|p2a: Talonflame|Brave Bird|p1a: fairy METEOR
|-damage|p1a: fairy METEOR|27\/385
|-damage|p2a: Talonflame|246\/297|[from] recoil|[of] p1a: fairy METEOR
|move|p1a: fairy METEOR|Stored Power|p2a: Talonflame
|-damage|p2a: Talonflame|73\/297
|
|-heal|p1a: fairy METEOR|51\/385|[from] item: Leftovers
|turn|9
|
|move|p2a: Talonflame|Brave Bird|p1a: fairy METEOR
|-crit|p1a: fairy METEOR
|-damage|p1a: fairy METEOR|0 fnt
|-damage|p2a: Talonflame|56\/297|[from] recoil|[of] p1a: fairy METEOR
|faint|p1a: fairy METEOR
|
|
|switch|p1a: Mind Blocker|Mr. Mime, M, shiny|284\/284
|turn|10
|
|switch|p2a: Latias|Latias, F|301\/301
|move|p1a: Mind Blocker|Calm Mind|p1a: Mind Blocker
|-boost|p1a: Mind Blocker|spa|1
|-boost|p1a: Mind Blocker|spd|1
|
|turn|11
|
|move|p2a: Latias|Draco Meteor|p1a: Mind Blocker
|-immune|p1a: Mind Blocker|[msg]
|move|p1a: Mind Blocker|Calm Mind|p1a: Mind Blocker
|-boost|p1a: Mind Blocker|spa|1
|-boost|p1a: Mind Blocker|spd|1
|
|turn|12
|
|move|p2a: Latias|Healing Wish|p2a: Latias
|faint|p2a: Latias
|move|p1a: Mind Blocker|Substitute|p1a: Mind Blocker
|-start|p1a: Mind Blocker|Substitute
|-damage|p1a: Mind Blocker|213\/284
|
|-heal|p1a: Mind Blocker|230\/284|[from] item: Leftovers
|
|switch|p2a: Talonflame|Talonflame, F|56\/297
|-heal|p2a: Talonflame|297\/297|[from] move: Healing Wish
|turn|13
|
|move|p2a: Talonflame|Brave Bird|p1a: Mind Blocker
|-end|p1a: Mind Blocker|Substitute
|-damage|p2a: Talonflame|274\/297|[from] recoil|[of] p1a: Mind Blocker
|move|p1a: Mind Blocker|Baton Pass|p1a: Mind Blocker
|
|switch|p1a: Pandora Box|Espeon, M, shiny|334\/334
|
|turn|14
|
|move|p2a: Talonflame|Brave Bird|p1a: Pandora Box
|-damage|p1a: Pandora Box|64\/334
|-damage|p2a: Talonflame|185\/297|[from] recoil|[of] p1a: Pandora Box
|move|p1a: Pandora Box|Stored Power|p2a: Talonflame
|-damage|p2a: Talonflame|0 fnt
|faint|p2a: Talonflame
|
|-heal|p1a: Pandora Box|84\/334|[from] item: Leftovers
|
|switch|p2a: Ferrothorn|Ferrothorn, M|352\/352
|turn|15
|
|move|p1a: Pandora Box|Substitute|p1a: Pandora Box
|-start|p1a: Pandora Box|Substitute
|-damage|p1a: Pandora Box|1\/334
|move|p2a: Ferrothorn|Gyro Ball|p1a: Pandora Box
|-end|p1a: Pandora Box|Substitute
|
|-heal|p1a: Pandora Box|21\/334|[from] item: Leftovers
|turn|16
|
|move|p1a: Pandora Box|Baton Pass|p1a: Pandora Box
|
|switch|p1a: la cucaracha|Scolipede, M, shiny|321\/321
|move|p2a: Ferrothorn|Gyro Ball|p1a: la cucaracha
|-damage|p1a: la cucaracha|146\/321
|
|turn|17
|
|move|p1a: la cucaracha|Iron Defense|p1a: la cucaracha
|-boost|p1a: la cucaracha|def|2
|move|p2a: Ferrothorn|Gyro Ball|p1a: la cucaracha
|-damage|p1a: la cucaracha|65\/321
|
|-boost|p1a: la cucaracha|spe|1|[from] ability: Speed Boost
|turn|18
|
|move|p1a: la cucaracha|Iron Defense|p1a: la cucaracha
|-boost|p1a: la cucaracha|def|2
|move|p2a: Ferrothorn|Spikes|p1a: la cucaracha
|-sidestart|p1: WarriorBlast|Spikes
|
|-boost|p1a: la cucaracha|spe|1|[from] ability: Speed Boost
|turn|19
|
|move|p1a: la cucaracha|Baton Pass|p1a: la cucaracha
|
|switch|p1a: PabloPicasso|Smeargle, M, shiny|158\/273
|-damage|p1a: PabloPicasso|124\/273|[from] Spikes
|move|p2a: Ferrothorn|Gyro Ball|p1a: PabloPicasso
|-damage|p1a: PabloPicasso|43\/273
|
|turn|20
|
|move|p1a: PabloPicasso|Ingrain|p1a: PabloPicasso
|-start|p1a: PabloPicasso|move: Ingrain
|move|p2a: Ferrothorn|Gyro Ball|p1a: PabloPicasso
|-damage|p1a: PabloPicasso|0 fnt
|faint|p1a: PabloPicasso
|
|
|switch|p1a: FrozenSoul|Vaporeon, F|53\/449
|-damage|p1a: FrozenSoul|0 fnt|[from] Spikes
|faint|p1a: FrozenSoul
|-message|WarriorBlast forfeited.
|
|win|danielstop
|raw|Ladder updating...
|raw|WarriorBlast's rating: 1616 &rarr; <strong>1596<\/strong><br \/>(-20 for losing)
|raw|danielstop's rating: 1605 &rarr; <strong>1626<\/strong><br \/>(+21 for winning)
|leave|WarriorBlast
|player|p1