|join|WarriorBlast
|join|Bl153
|player|p1|WarriorBlast|167
|player|p2|Bl153|262
|gametype|singles
|gen|6
|tier|OU
|rated
|clearpoke
|poke|p1|Smeargle, M, shiny
|poke|p1|Gliscor, M, shiny
|poke|p1|Talonflame, M, shiny
|poke|p1|Latias, F, shiny
|poke|p1|Venusaur, F, shiny
|poke|p1|Landorus, M, shiny
|poke|p2|Charizard, M
|poke|p2|Ferrothorn, M
|poke|p2|Alakazam, M
|poke|p2|Togekiss, M
|poke|p2|Swampert, M
|poke|p2|Donphan, M
|rule|Sleep Clause Mod: Limit one foe put to sleep
|rule|Species Clause: Limit one of each Pokemon
|rule|OHKO Clause: OHKO moves are banned
|rule|Moody Clause: Moody is banned
|rule|Evasion Moves Clause: Evasion moves are banned
|rule|Endless Battle Clause: Forcing endless battles is banned.
|rule|HP Percentage Mod: HP is reported as percentages
|teampreview
|join|Conmon
|chat|Bl153|gl hf
|
|start
|switch|p1a: Smeargle|Smeargle, M, shiny|314\/314
|switch|p2a: Invader|Ferrothorn, M|352\/352
|turn|1
|
|move|p1a: Smeargle|Dark Void|p2a: Invader
|-status|p2a: Invader|slp
|cant|p2a: Invader|slp
|
|turn|2
|chat|WarriorBlast|u2
|
|switch|p2a: Babar|Donphan, M|371\/371
|move|p1a: Smeargle|Geomancy|p1a: Smeargle|[still]
|-prepare|p1a: Smeargle|Geomancy|p1a: Smeargle
|-enditem|p1a: Smeargle|Power Herb
|-anim|p1a: Smeargle|Geomancy|p1a: Smeargle
|-boost|p1a: Smeargle|spa|2
|-boost|p1a: Smeargle|spd|2
|-boost|p1a: Smeargle|spe|2
|
|turn|3
|leave|Conmon
|
|switch|p2a: On Fiya|Charizard, M|298\/298
|move|p1a: Smeargle|Baton Pass|p1a: Smeargle
|
|switch|p1a: Landorus|Landorus, M, shiny|320\/320
|
|turn|4
|
|switch|p2a: Pucker Up|Togekiss, M|373\/373
|move|p1a: Landorus|Psychic|p2a: Pucker Up
|-damage|p2a: Pucker Up|68\/373
|
|-heal|p2a: Pucker Up|91\/373|[from] item: Leftovers
|turn|5
|
|move|p1a: Landorus|Psychic|p2a: Pucker Up
|-damage|p2a: Pucker Up|0 fnt
|faint|p2a: Pucker Up
|
|
|switch|p2a: Babar|Donphan, M|371\/371
|turn|6
|
|move|p2a: Babar|Ice Shard|p1a: Landorus
|-supereffective|p1a: Landorus
|-damage|p1a: Landorus|104\/320
|move|p1a: Landorus|Earth Power|p2a: Babar
|-activate|p2a: Babar|Sturdy
|-damage|p2a: Babar|1\/371
|
|turn|7
|
|switch|p1a: Talonflame|Talonflame, M, shiny|298\/298
|move|p2a: Babar|Ice Shard|p1a: Talonflame
|-damage|p1a: Talonflame|236\/298
|
|turn|8
|
|switch|p2a: My name is Mud|Swampert, M|404\/404
|move|p1a: Talonflame|Brave Bird|p2a: My name is Mud
|-damage|p2a: My name is Mud|266\/404
|-damage|p1a: Talonflame|190\/298|[from] recoil|[of] p2a: My name is Mud
|
|-heal|p2a: My name is Mud|291\/404|[from] item: Leftovers
|turn|9
|
|switch|p1a: Venusaur|Venusaur, F, shiny|351\/351
|move|p2a: My name is Mud|Scald|p1a: Venusaur
|-resisted|p1a: Venusaur
|-damage|p1a: Venusaur|309\/351
|
|-heal|p2a: My name is Mud|316\/404|[from] item: Leftovers
|turn|10
|
|switch|p2a: On Fiya|Charizard, M|298\/298
|-formechange|p1a: Venusaur|Venusaur-Mega
|message|Venusaur has Mega Evolved into Mega Venusaur!
|move|p1a: Venusaur|Sludge Bomb|p2a: On Fiya
|-damage|p2a: On Fiya|93\/298
|
|turn|11
|
|-formechange|p2a: On Fiya|Charizard-Mega-X
|message|Charizard has Mega Evolved into Mega Charizard!
|move|p2a: On Fiya|Flare Blitz|p1a: Venusaur
|-supereffective|p1a: Venusaur
|-damage|p1a: Venusaur|43\/351
|-damage|p2a: On Fiya|5\/298|[from] recoil|[of] p1a: Venusaur
|move|p1a: Venusaur|Sludge Bomb|p2a: On Fiya
|-damage|p2a: On Fiya|0 fnt
|faint|p2a: On Fiya
|
|
|switch|p2a: L|Alakazam, M|252\/252
|turn|12
|
|switch|p1a: Latias|Latias, F, shiny|302\/302
|move|p2a: L|Psyshock|p1a: Latias
|-resisted|p1a: Latias
|-damage|p1a: Latias|220\/302
|
|turn|13
|
|switch|p2a: Invader|Ferrothorn, M|352\/352 slp
|move|p1a: Latias|Surf|p2a: Invader
|-resisted|p2a: Invader
|-damage|p2a: Invader|308\/352 slp
|-damage|p1a: Latias|190\/302|[from] item: Life Orb
|
|-heal|p2a: Invader|330\/352 slp|[from] item: Leftovers
|turn|14
|
|switch|p1a: Venusaur|Venusaur, F, shiny|43\/351
|-formechange|p1a: Venusaur|Venusaur-Mega
|switch|p2a: L|Alakazam, M|252\/252
|
|turn|15
|
|switch|p1a: Gliscor|Gliscor, M, shiny|352\/352
|move|p2a: L|Signal Beam|p1a: Gliscor
|-resisted|p1a: Gliscor
|-damage|p1a: Gliscor|286\/352
|
|-status|p1a: Gliscor|tox|[from] item: Toxic Orb
|turn|16
|
|switch|p2a: My name is Mud|Swampert, M|316\/404
|move|p1a: Gliscor|Earthquake|p2a: My name is Mud
|-damage|p2a: My name is Mud|195\/404
|
|-heal|p2a: My name is Mud|220\/404|[from] item: Leftovers
|-heal|p1a: Gliscor|330\/352 tox|[from] ability: Poison Heal
|turn|17
|
|move|p1a: Gliscor|Protect|p1a: Gliscor
|-singleturn|p1a: Gliscor|Protect
|move|p2a: My name is Mud|Ice Beam|p1a: Gliscor
|-activate|p1a: Gliscor|Protect
|
|-heal|p2a: My name is Mud|245\/404|[from] item: Leftovers
|-heal|p1a: Gliscor|352\/352 tox|[from] ability: Poison Heal
|turn|18
|
|switch|p1a: Talonflame|Talonflame, M, shiny|190\/298
|move|p2a: My name is Mud|Ice Beam|p1a: Talonflame
|-damage|p1a: Talonflame|108\/298
|-enditem|p1a: Talonflame|Sitrus Berry|[eat]
|-heal|p1a: Talonflame|182\/298|[from] item: Sitrus Berry
|
|-heal|p2a: My name is Mud|270\/404|[from] item: Leftovers
|turn|19
|
|switch|p2a: Invader|Ferrothorn, M|330\/352 slp
|move|p1a: Talonflame|Brave Bird|p2a: Invader
|-damage|p2a: Invader|221\/352 slp
|-damage|p1a: Talonflame|146\/298|[from] recoil|[of] p2a: Invader
|-damage|p1a: Talonflame|109\/298|[from] ability: Iron Barbs|[of] p2a: Invader
|
|-heal|p2a: Invader|243\/352 slp|[from] item: Leftovers
|turn|20
|
|-curestatus|p2a: Invader|slp
|move|p2a: Invader|Protect|p2a: Invader
|-singleturn|p2a: Invader|Protect
|move|p1a: Talonflame|Flare Blitz|p2a: Invader
|-activate|p2a: Invader|Protect
|
|-heal|p2a: Invader|265\/352|[from] item: Leftovers
|turn|21
|
|move|p1a: Talonflame|Swords Dance|p1a: Talonflame
|-boost|p1a: Talonflame|atk|2
|move|p2a: Invader|Leech Seed|p1a: Talonflame
|-start|p1a: Talonflame|move: Leech Seed
|
|-heal|p2a: Invader|287\/352|[from] item: Leftovers
|-damage|p1a: Talonflame|72\/298|[from] Leech Seed|[of] p2a: Invader
|-heal|p2a: Invader|324\/352|[silent]
|turn|22
|
|move|p1a: Talonflame|Flare Blitz|p2a: Invader
|-supereffective|p2a: Invader
|-damage|p2a: Invader|0 fnt
|-damage|p1a: Talonflame|0 fnt|[from] recoil|[of] p2a: Invader
|faint|p2a: Invader
|faint|p1a: Talonflame
|
|
|switch|p1a: Venusaur|Venusaur, F, shiny|43\/351
|-formechange|p1a: Venusaur|Venusaur-Mega
|switch|p2a: Babar|Donphan, M|1\/371
|turn|23
|
|move|p2a: Babar|Ice Shard|p1a: Venusaur
|-supereffective|p1a: Venusaur
|-damage|p1a: Venusaur|0 fnt
|faint|p1a: Venusaur
|
|
|switch|p1a: Landorus|Landorus, M, shiny|104\/320
|turn|24
|
|move|p2a: Babar|Ice Shard|p1a: Landorus
|-supereffective|p1a: Landorus
|-damage|p1a: Landorus|0 fnt
|faint|p1a: Landorus
|
|
|switch|p1a: Latias|Latias, F, shiny|190\/302
|turn|25
|
|move|p2a: Babar|Ice Shard|p1a: Latias
|-supereffective|p1a: Latias
|-damage|p1a: Latias|82\/302
|move|p1a: Latias|Surf|p2a: Babar
|-supereffective|p2a: Babar
|-damage|p2a: Babar|0 fnt
|-damage|p1a: Latias|52\/302|[from] item: Life Orb
|faint|p2a: Babar
|
|
|switch|p2a: L|Alakazam, M|252\/252
|turn|26
|
|move|p2a: L|Shadow Ball|p1a: Latias
|-supereffective|p1a: Latias
|-damage|p1a: Latias|0 fnt
|faint|p1a: Latias
|
|-message|WarriorBlast forfeited.
|
|win|Bl153
|raw|Ladder updating...
|leave|WarriorBlast
|player|p1
|raw|WarriorBlast's rating: 1458 &rarr; <strong>1438<\/strong><br \/>(-20 for losing)
|raw|Bl153's rating: 1462 &rarr; <strong>1481<\/strong><br \/>(+19 for winning)