|join|WarriorBlast
|join|Christcrusher
|player|p1|WarriorBlast|101
|player|p2|Christcrusher|294
|gametype|singles
|gen|6
|tier|OU
|rated
|clearpoke
|poke|p1|Sylveon, F, shiny
|poke|p1|Latios, M, shiny
|poke|p1|Keldeo
|poke|p1|Landorus-Therian, M, shiny
|poke|p1|Entei, shiny
|poke|p1|Absol, F, shiny
|poke|p2|Hydreigon, F
|poke|p2|Feraligatr, M, shiny
|poke|p2|Infernape, M, shiny
|poke|p2|Ferrothorn, M
|poke|p2|Manectric, M, shiny
|poke|p2|Gengar, M, shiny
|rule|Swagger Clause: Swagger is banned
|rule|Baton Pass Clause: Limit one PokÃ©mon knowing Baton Pass
|rule|Sleep Clause Mod: Limit one foe put to sleep
|rule|Species Clause: Limit one of each PokÃ©mon
|rule|OHKO Clause: OHKO moves are banned
|rule|Moody Clause: Moody is banned
|rule|Evasion Moves Clause: Evasion moves are banned
|rule|Endless Battle Clause: Forcing endless battles is banned
|rule|HP Percentage Mod: HP is shown in percentages
|teampreview
|c|âChristcrusher|hi
|join|Fh27
|join|GunnerRohan
|c| Fh27|rohan whats ur bro set?
|
|start
|switch|p1a: Scarf|Landorus-Therian, M, shiny|382\/382
|switch|p2a: Hydreigon|Hydreigon, F|325\/325
|-ability|p1a: Scarf|Intimidate|[of] p2a: Hydreigon
|-unboost|p2a: Hydreigon|atk|1
|turn|1
|
|move|p2a: Hydreigon|Hidden Power|p1a: Scarf
|-supereffective|p1a: Scarf
|-damage|p1a: Scarf|70\/382
|move|p1a: Scarf|Stealth Rock|p2a: Hydreigon
|-sidestart|p2: Christcrusher|move: Stealth Rock
|
|-heal|p1a: Scarf|93\/382|[from] item: Leftovers
|turn|2
|c|âChristcrusher|no way
|
|switch|p2a: Gengar|Gengar, M, shiny|261\/261
|-damage|p2a: Gengar|229\/261|[from] Stealth Rock
|switch|p1a: Slayer|Sylveon, F, shiny|332\/332
|
|turn|3
|
|move|p2a: Gengar|Sludge Bomb|p1a: Slayer
|-supereffective|p1a: Slayer
|-damage|p1a: Slayer|22\/332
|move|p1a: Slayer|Psyshock|p2a: Gengar
|-supereffective|p2a: Gengar
|-damage|p2a: Gengar|0 fnt
|faint|p2a: Gengar
|
|c|âChristcrusher|damn
|c| Fh27|this man is running the 4 leg squad
|c|âChristcrusher|im good with switches
|c|âWarriorBlast|latios has no legs
|join|inglorion
|leave|inglorion
|
|switch|p2a: Manectric|Manectric, M, shiny|281\/281
|-damage|p2a: Manectric|246\/281|[from] Stealth Rock
|turn|4
|c| Fh27|yh bc latios is the captain
|
|detailschange|p2a: Manectric|Manectric-Mega, M, shiny
|-mega|p2a: Manectric|Manectric|Manectite
|-ability|p2a: Manectric|Intimidate|[of] p1a: Slayer
|-unboost|p1a: Slayer|atk|1
|move|p2a: Manectric|Hidden Power|p1a: Slayer
|-damage|p1a: Slayer|0 fnt
|faint|p1a: Slayer
|
|c|âChristcrusher|captani?
|c| Fh27|he had legs.... before the accident
|
|switch|p1a: Chester|Keldeo|323\/323
|turn|5
|c|âChristcrusher|hm
|
|move|p1a: Chester|Hydro Pump|p2a: Manectric
|-damage|p2a: Manectric|9\/281
|move|p2a: Manectric|Thunderbolt|p1a: Chester
|-supereffective|p1a: Chester
|-damage|p1a: Chester|0 fnt
|faint|p1a: Chester
|
|c| Fh27|now he teaches the younger generation
|
|switch|p1a: Illuminate|Entei, shiny|371\/371
|-ability|p1a: Illuminate|Pressure
|turn|6
|c|âChristcrusher|more like jester
|c|âChristcrusher|what a joke
|c|âChristcrusher|jk
|c|âChristcrusher|u might win
|c|âWarriorBlast|naa
|c|âChristcrusher|i just love cheeap jokse
|c|âWarriorBlast|cores almost gone
|
|switch|p2a: Ferrothorn|Ferrothorn, M|351\/351
|-damage|p2a: Ferrothorn|330\/351|[from] Stealth Rock
|move|p1a: Illuminate|Extreme Speed|p2a: Ferrothorn
|-resisted|p2a: Ferrothorn
|-damage|p2a: Ferrothorn|295\/351
|-damage|p1a: Illuminate|325\/371|[from] ability: Iron Barbs|[of] p2a: Ferrothorn
|-damage|p1a: Illuminate|264\/371|[from] item: Rocky Helmet|[of] p2a: Ferrothorn
|-damage|p1a: Illuminate|227\/371|[from] item: Life Orb
|
|turn|7
|c|âChristcrusher|core
|c|âChristcrusher|?
|
|switch|p2a: Feraligatr|Feraligatr, M, shiny|311\/311
|-damage|p2a: Feraligatr|273\/311|[from] Stealth Rock
|move|p1a: Illuminate|Sacred Fire|p2a: Feraligatr
|-resisted|p2a: Feraligatr
|-damage|p2a: Feraligatr|152\/311
|-damage|p1a: Illuminate|190\/371|[from] item: Life Orb
|
|turn|8
|c|âChristcrusher|whos my core
|c|âChristcrusher|telll me
|c| Fh27|do u even tem beld imo
|
|move|p1a: Illuminate|Sacred Fire|p2a: Feraligatr
|-resisted|p2a: Feraligatr
|-damage|p2a: Feraligatr|31\/311
|-damage|p1a: Illuminate|153\/371|[from] item: Life Orb
|move|p2a: Feraligatr|Dragon Dance|p2a: Feraligatr
|-boost|p2a: Feraligatr|atk|1
|-boost|p2a: Feraligatr|spe|1
|
|turn|9
|c|âWarriorBlast|my core
|c| Fh27|core workout
|c| Fh27|cardio
|
|switch|p2a: Ferrothorn|Ferrothorn, M|295\/351
|-damage|p2a: Ferrothorn|274\/351|[from] Stealth Rock
|move|p1a: Illuminate|Extreme Speed|p2a: Ferrothorn
|-resisted|p2a: Ferrothorn
|-damage|p2a: Ferrothorn|239\/351
|-damage|p1a: Illuminate|107\/371|[from] ability: Iron Barbs|[of] p2a: Ferrothorn
|-damage|p1a: Illuminate|46\/371|[from] item: Rocky Helmet|[of] p2a: Ferrothorn
|-damage|p1a: Illuminate|9\/371|[from] item: Life Orb
|
|turn|10
|c|âChristcrusher|oops
|c|âChristcrusher|dumbass me
|
|switch|p2a: Feraligatr|Feraligatr, M, shiny|31\/311
|-damage|p2a: Feraligatr|0 fnt|[from] Stealth Rock
|faint|p2a: Feraligatr
|move|p1a: Illuminate|Sacred Fire|p2: Feraligatr|[notarget]
|-notarget
|
|c|âWarriorBlast|you like risks
|c|âChristcrusher|yes
|c|âWarriorBlast|respect
|c|âChristcrusher|im a risk:er
|c| Fh27|lol chris lives life
|c| Fh27|like no one i know
|c| Fh27|hes wild
|c|âChristcrusher|https:\/\/www.youtube.com\/watch?v=F32u4dut0PI
|c|âChristcrusher|risk:er
|c|âWarriorBlast|lol
|
|switch|p2a: Monkey Majik|Infernape, M, shiny|293\/293
|-damage|p2a: Monkey Majik|257\/293|[from] Stealth Rock
|turn|11
|c|âChristcrusher|my my
|
|move|p2a: Monkey Majik|Fake Out|p1a: Illuminate
|-damage|p1a: Illuminate|0 fnt
|-damage|p2a: Monkey Majik|228\/293|[from] item: Life Orb
|faint|p1a: Illuminate
|
|c|âChristcrusher|this battle
|c|âChristcrusher|is too intense
|
|switch|p1a: Eos|Latios, M, shiny|301\/301
|turn|12
|c|âChristcrusher|i need a smoke
|c|âChristcrusher|so bad
|
|switch|p2a: Ferrothorn|Ferrothorn, M|239\/351
|-damage|p2a: Ferrothorn|218\/351|[from] Stealth Rock
|move|p1a: Eos|Draco Meteor|p2a: Ferrothorn
|-resisted|p2a: Ferrothorn
|-damage|p2a: Ferrothorn|78\/351
|-unboost|p1a: Eos|spa|2
|-damage|p1a: Eos|271\/301|[from] item: Life Orb
|
|turn|13
|c| Fh27|ofc
|
|move|p1a: Eos|Hidden Power|p2a: Ferrothorn
|-supereffective|p2a: Ferrothorn
|-damage|p2a: Ferrothorn|0 fnt
|-damage|p1a: Eos|241\/301|[from] item: Life Orb
|faint|p2a: Ferrothorn
|
|c|âChristcrusher|oh
|c|âChristcrusher|my my
|
|switch|p2a: Hydreigon|Hydreigon, F|325\/325
|-damage|p2a: Hydreigon|285\/325|[from] Stealth Rock
|turn|14
|
|switch|p1a: Soul Hospital|Absol, F, shiny|271\/271
|move|p2a: Hydreigon|Draco Meteor|p1a: Soul Hospital
|-damage|p1a: Soul Hospital|0 fnt
|-unboost|p2a: Hydreigon|spa|2
|faint|p1a: Soul Hospital
|
|c| Fh27|me oh my
|c|âChristcrusher|lets have fun
|c|âChristcrusher|bro
|c| Fh27|soul hospital.... hello?
|
|switch|p1a: Scarf|Landorus-Therian, M, shiny|93\/382
|-ability|p1a: Scarf|Intimidate|[of] p2a: Hydreigon
|-unboost|p2a: Hydreigon|atk|1
|turn|15
|c|âChristcrusher|bro
|
|move|p2a: Hydreigon|Draco Meteor|p1a: Scarf
|-damage|p1a: Scarf|0 fnt
|-unboost|p2a: Hydreigon|spa|2
|faint|p1a: Scarf
|
|
|switch|p1a: Eos|Latios, M, shiny|241\/301
|turn|16
|c|âChristcrusher|u listenin to my song
|c|âChristcrusher|?
|
|switch|p2a: Manectric|Manectric-Mega, M, shiny|9\/281
|-damage|p2a: Manectric|0 fnt|[from] Stealth Rock
|faint|p2a: Manectric
|move|p1a: Eos|Draco Meteor|p2: Manectric|[notarget]
|-notarget
|
|c|âWarriorBlast|gg
|c|âChristcrusher|gg
|c|âChristcrusher|warrior
|c|âWarriorBlast|scarf surprise
|c|âChristcrusher|ur a fun little slut
|c|âChristcrusher|ur fun to mess around with
|c|âChristcrusher|;)
|c|âWarriorBlast|lol
|
|switch|p2a: Hydreigon|Hydreigon, F|285\/325
|-damage|p2a: Hydreigon|245\/325|[from] Stealth Rock
|turn|17
|
|move|p2a: Hydreigon|Draco Meteor|p1a: Eos
|-supereffective|p1a: Eos
|-damage|p1a: Eos|0 fnt
|-unboost|p2a: Hydreigon|spa|2
|faint|p1a: Eos
|
|win|Christcrusher
|raw|Ladder updating...
|raw|WarriorBlast's rating: 1526 &rarr; <strong>1504<\/strong><br \/>(-22 for losing)
|raw|Christcrusher's rating: 1493 &rarr; <strong>1515<\/strong><br \/>(+22 for winning)
|leave|WarriorBlast
|player|p1
|c|âChristcrusher|if that were to miss
|c| Fh27|wtf
|c| Fh27|why are you so high
|c|âChristcrusher|i would be so pissed
|c|âChristcrusher|bro
|c| Fh27|you wer down in the dirt b4
|c| GunnerRohan|well im in a tourney
|c|âChristcrusher|im not even that high, only got a little weed left
|c| GunnerRohan|ohhh
|c| Fh27|B)
|leave|GunnerRohan
|c|âChristcrusher|yeah i was so drunk taht night
|c|âChristcrusher|i lost 200 points
|c|âChristcrusher|hehhe
|c|âChristcrusher|lets watch rohan
|c| Fh27|:P