|join|WarriorBlast
|join|Biancaa
|player|p1|WarriorBlast|101
|player|p2|Biancaa|104
|gametype|singles
|gen|6
|tier|OU
|rated
|clearpoke
|poke|p1|Pinsir, F, shiny
|poke|p1|Heatran, F, shiny
|poke|p1|Espeon, M, shiny
|poke|p1|Dragonite, F, shiny
|poke|p1|Volcarona, M, shiny
|poke|p1|Umbreon, M, shiny
|poke|p2|Swampert, M
|poke|p2|Rotom-Wash
|poke|p2|Mawile, F
|poke|p2|Aegislash, F
|poke|p2|Golbat, F
|poke|p2|Hydreigon, F
|rule|Sleep Clause Mod: Limit one foe put to sleep
|rule|Species Clause: Limit one of each Pokemon
|rule|OHKO Clause: OHKO moves are banned
|rule|Moody Clause: Moody is banned
|rule|Evasion Moves Clause: Evasion moves are banned
|rule|Endless Battle Clause: Forcing endless battles is banned.
|rule|HP Percentage Mod: HP is reported as percentages
|teampreview
|
|start
|switch|p1a: Heatran|Heatran, F, shiny|386\/386
|switch|p2a: Swampert|Swampert, M|401\/401
|-item|p1a: Heatran|Air Balloon
|turn|1
|
|move|p1a: Heatran|Stealth Rock|p2a: Swampert
|-sidestart|p2: Biancaa|move: Stealth Rock
|move|p2a: Swampert|Scald|p1a: Heatran
|-supereffective|p1a: Heatran
|-damage|p1a: Heatran|224\/386
|-enditem|p1a: Heatran|Air Balloon
|
|turn|2
|
|switch|p1a: Umbreon|Umbreon, M, shiny|394\/394
|move|p2a: Swampert|Stealth Rock|p1a: Umbreon
|-sidestart|p1: WarriorBlast|move: Stealth Rock
|
|turn|3
|
|move|p1a: Umbreon|Yawn|p2a: Swampert
|-start|p2a: Swampert|move: Yawn|[of] p1a: Umbreon
|move|p2a: Swampert|Earthquake|p1a: Umbreon
|-damage|p1a: Umbreon|277\/394
|
|-heal|p1a: Umbreon|301\/394|[from] item: Leftovers
|turn|4
|
|switch|p2a: Rotom-Wash|Rotom-Wash|304\/304
|-damage|p2a: Rotom-Wash|266\/304|[from] Stealth Rock
|move|p1a: Umbreon|Wish|p1a: Umbreon
|
|-heal|p1a: Umbreon|325\/394|[from] item: Leftovers
|turn|5
|
|move|p2a: Rotom-Wash|Volt Switch|p1a: Umbreon
|-damage|p1a: Umbreon|276\/394
|
|switch|p2a: Mawile|Mawile, F|274\/274
|-damage|p2a: Mawile|257\/274|[from] Stealth Rock
|-ability|p2a: Mawile|Intimidate|[of] p1a: Umbreon
|-unboost|p1a: Umbreon|atk|1
|move|p1a: Umbreon|Yawn|p2a: Mawile
|-start|p2a: Mawile|move: Yawn|[of] p1a: Umbreon
|
|-heal|p1a: Umbreon|394\/394|[from] move: Wish|[wisher] Umbreon
|turn|6
|
|switch|p2a: Hydreigon|Hydreigon, F|326\/326
|-damage|p2a: Hydreigon|286\/326|[from] Stealth Rock
|move|p1a: Umbreon|Yawn|p2a: Hydreigon
|-start|p2a: Hydreigon|move: Yawn|[of] p1a: Umbreon
|
|turn|7
|
|move|p1a: Umbreon|Protect|p1a: Umbreon
|-singleturn|p1a: Umbreon|Protect
|move|p2a: Hydreigon|Superpower|p1a: Umbreon
|-activate|p1a: Umbreon|Protect
|
|-status|p2a: Hydreigon|slp
|turn|8
|
|switch|p2a: Swampert|Swampert, M|401\/401
|-damage|p2a: Swampert|376\/401|[from] Stealth Rock
|switch|p1a: Volcarona|Volcarona, M, shiny|312\/312
|-damage|p1a: Volcarona|156\/312|[from] Stealth Rock
|
|-heal|p2a: Swampert|401\/401|[from] item: Leftovers
|turn|9
|
|move|p1a: Volcarona|Giga Drain|p2a: Swampert
|-supereffective|p2a: Swampert
|-damage|p2a: Swampert|0 fnt
|-heal|p1a: Volcarona|312\/312|[from] drain|[of] p2a: Swampert
|faint|p2a: Swampert
|
|
|switch|p2a: Golbat|Golbat, F|350\/350
|-damage|p2a: Golbat|263\/350|[from] Stealth Rock
|turn|10
|
|move|p1a: Volcarona|Quiver Dance|p1a: Volcarona
|-boost|p1a: Volcarona|spa|1
|-boost|p1a: Volcarona|spd|1
|-boost|p1a: Volcarona|spe|1
|move|p2a: Golbat|Brave Bird|p1a: Volcarona
|-supereffective|p1a: Volcarona
|-damage|p1a: Volcarona|0 fnt
|-damage|p2a: Golbat|160\/350|[from] recoil|[of] p1a: Volcarona
|faint|p1a: Volcarona
|
|
|switch|p1a: Heatran|Heatran, F, shiny|224\/386
|-damage|p1a: Heatran|176\/386|[from] Stealth Rock
|turn|11
|
|move|p2a: Golbat|Roost|p2a: Golbat
|-heal|p2a: Golbat|335\/350
|move|p1a: Heatran|Lava Plume|p2a: Golbat
|-damage|p2a: Golbat|244\/350
|-status|p2a: Golbat|brn
|
|-damage|p2a: Golbat|201\/350 brn|[from] brn
|turn|12
|
|move|p2a: Golbat|Roost|p2a: Golbat
|-heal|p2a: Golbat|350\/350 brn
|move|p1a: Heatran|Flash Cannon|p2a: Golbat
|-damage|p2a: Golbat|260\/350 brn
|
|-damage|p2a: Golbat|217\/350 brn|[from] brn
|turn|13
|
|switch|p2a: Rotom-Wash|Rotom-Wash|266\/304
|-damage|p2a: Rotom-Wash|228\/304|[from] Stealth Rock
|move|p1a: Heatran|Flash Cannon|p2a: Rotom-Wash
|-resisted|p2a: Rotom-Wash
|-damage|p2a: Rotom-Wash|191\/304
|
|turn|14
|
|switch|p1a: Umbreon|Umbreon, M, shiny|394\/394
|-damage|p1a: Umbreon|345\/394|[from] Stealth Rock
|move|p2a: Rotom-Wash|Hydro Pump|p1a: Umbreon
|-damage|p1a: Umbreon|267\/394
|
|-heal|p1a: Umbreon|291\/394|[from] item: Leftovers
|turn|15
|
|move|p2a: Rotom-Wash|Will-O-Wisp|p1a: Umbreon
|-status|p1a: Umbreon|brn
|-status|p2a: Rotom-Wash|brn
|move|p1a: Umbreon|Yawn|p2a: Rotom-Wash
|-fail|p2a: Rotom-Wash
|
|-heal|p1a: Umbreon|315\/394 brn|[from] item: Leftovers
|-damage|p2a: Rotom-Wash|153\/304 brn|[from] brn
|-damage|p1a: Umbreon|266\/394 brn|[from] brn
|turn|16
|
|move|p2a: Rotom-Wash|Volt Switch|p1a: Umbreon
|-damage|p1a: Umbreon|217\/394 brn
|
|switch|p2a: Mawile|Mawile, F|257\/274
|-damage|p2a: Mawile|240\/274|[from] Stealth Rock
|-ability|p2a: Mawile|Intimidate|[of] p1a: Umbreon
|-unboost|p1a: Umbreon|atk|1
|move|p1a: Umbreon|Wish|p1a: Umbreon
|
|-heal|p1a: Umbreon|241\/394 brn|[from] item: Leftovers
|-damage|p1a: Umbreon|192\/394 brn|[from] brn
|turn|17
|
|-formechange|p2a: Mawile|Mawile-Mega
|message|Mawile has Mega Evolved into Mega Mawile!
|move|p1a: Umbreon|Protect|p1a: Umbreon
|-singleturn|p1a: Umbreon|Protect
|move|p2a: Mawile|Play Rough|p1a: Umbreon
|-activate|p1a: Umbreon|Protect
|
|-heal|p1a: Umbreon|389\/394 brn|[from] move: Wish|[wisher] Umbreon
|-heal|p1a: Umbreon|394\/394 brn|[from] item: Leftovers
|-damage|p1a: Umbreon|345\/394 brn|[from] brn
|turn|18
|
|switch|p1a: Heatran|Heatran, F, shiny|176\/386
|-damage|p1a: Heatran|128\/386|[from] Stealth Rock
|move|p2a: Mawile|Play Rough|p1a: Heatran
|-resisted|p1a: Heatran
|-damage|p1a: Heatran|55\/386
|
|turn|19
|
|move|p2a: Mawile|Sucker Punch|p1a: Heatran
|-damage|p1a: Heatran|0 fnt
|faint|p1a: Heatran
|
|
|switch|p1a: Dragonite|Dragonite, F, shiny|324\/324
|-damage|p1a: Dragonite|243\/324|[from] Stealth Rock
|turn|20
|
|move|p1a: Dragonite|Dragon Dance|p1a: Dragonite
|-boost|p1a: Dragonite|atk|1
|-boost|p1a: Dragonite|spe|1
|move|p2a: Mawile|Play Rough|p1a: Dragonite
|-supereffective|p1a: Dragonite
|-damage|p1a: Dragonite|0 fnt
|faint|p1a: Dragonite
|
|
|switch|p1a: Pinsir|Pinsir, F, shiny|272\/272
|-damage|p1a: Pinsir|204\/272|[from] Stealth Rock
|turn|21
|
|-formechange|p1a: Pinsir|Pinsir-Mega
|message|Pinsir has Mega Evolved into Mega Pinsir!
|move|p1a: Pinsir|Earthquake|p2a: Mawile
|-supereffective|p2a: Mawile
|-damage|p2a: Mawile|4\/274
|move|p2a: Mawile|Fire Fang|p1a: Pinsir
|-supereffective|p1a: Pinsir
|-damage|p1a: Pinsir|0 fnt
|faint|p1a: Pinsir
|
|-message|WarriorBlast forfeited.
|
|win|Biancaa
|raw|Ladder updating...
|raw|WarriorBlast's rating: 1363 &rarr; <strong>1333<\/strong><br \/>(-30 for losing)
|raw|Biancaa's rating: 1297 &rarr; <strong>1327<\/strong><br \/>(+30 for winning)
|leave|WarriorBlast
|player|p1