|join|Scolimaster
|join|tipptopp20
|player|p1|Scolimaster|76
|player|p2|tipptopp20|1
|gametype|singles
|gen|6
|tier|UU
|rated
|rule|Sleep Clause Mod: Limit one foe put to sleep
|rule|Species Clause: Limit one of each PokÃ©mon
|rule|OHKO Clause: OHKO moves are banned
|rule|Moody Clause: Moody is banned
|rule|Evasion Moves Clause: Evasion moves are banned
|rule|Endless Battle Clause: Forcing endless battles is banned
|rule|HP Percentage Mod: HP is shown in percentages
|clearpoke
|poke|p1|Beedrill, F
|poke|p1|Hydreigon, F
|poke|p1|Empoleon, F
|poke|p1|Spiritomb, M
|poke|p1|Rhyperior, M
|poke|p1|Rotom-Mow
|poke|p2|Hydreigon, F
|poke|p2|Mienshao, M
|poke|p2|Alomomola, M
|poke|p2|Aggron, M
|poke|p2|Celebi
|poke|p2|Golbat, M
|rule|Swagger Clause: Swagger is banned
|rule|Baton Pass Clause: Limit one PokÃ©mon knowing Baton Pass
|teampreview
|
|start
|switch|p1a: Rotom-Mow|Rotom-Mow|241\/241
|switch|p2a: SlapThat|Mienshao, M|271\/271
|turn|1
|
|switch|p1a: Spiritomb|Spiritomb, M|293\/293
|move|p2a: SlapThat|U-turn|p1a: Spiritomb
|-damage|p1a: Spiritomb|221\/293
|
|switch|p2a: AirborneDemon|Hydreigon, F|325\/325
|
|-heal|p1a: Spiritomb|239\/293|[from] item: Leftovers
|turn|2
|
|switch|p1a: Empoleon|Empoleon, F|372\/372
|move|p2a: AirborneDemon|U-turn|p1a: Empoleon
|-resisted|p1a: Empoleon
|-damage|p1a: Empoleon|327\/372
|-damage|p2a: AirborneDemon|293\/325|[from] item: Life Orb
|
|switch|p2a: SlapThat|Mienshao, M|271\/271
|
|-heal|p1a: Empoleon|350\/372|[from] item: Leftovers
|turn|3
|
|switch|p1a: Spiritomb|Spiritomb, M|239\/293
|move|p2a: SlapThat|Knock Off|p1a: Spiritomb
|-damage|p1a: Spiritomb|140\/293
|-enditem|p1a: Spiritomb|Leftovers|[from] move: Knock Off|[of] p2a: SlapThat
|
|turn|4
|
|switch|p2a: SmartAssPlant|Celebi|404\/404
|switch|p1a: Beedrill|Beedrill, F|272\/272
|
|turn|5
|
|switch|p2a: WingMan|Golbat, M|354\/354
|detailschange|p1a: Beedrill|Beedrill-Mega, F
|message|Beedrill has Mega Evolved into Mega Beedrill!
|move|p1a: Beedrill|U-turn|p2a: WingMan
|-crit|p2a: WingMan
|-resisted|p2a: WingMan
|-damage|p2a: WingMan|288\/354
|
|switch|p1a: Hydreigon|Hydreigon, F|325\/325
|
|turn|6
|
|move|p1a: Hydreigon|Draco Meteor|p2a: WingMan
|-damage|p2a: WingMan|132\/354
|-unboost|p1a: Hydreigon|spa|2
|-damage|p1a: Hydreigon|293\/325|[from] item: Life Orb
|move|p2a: WingMan|Roost|p2a: WingMan
|-heal|p2a: WingMan|309\/354
|
|turn|7
|
|switch|p1a: Rotom-Mow|Rotom-Mow|241\/241
|switch|p2a: SmartAssPlant|Celebi|404\/404
|
|turn|8
|
|move|p1a: Rotom-Mow|Volt Switch|p2a: SmartAssPlant
|-resisted|p2a: SmartAssPlant
|-damage|p2a: SmartAssPlant|367\/404
|
|switch|p1a: Empoleon|Empoleon, F|350\/372
|move|p2a: SmartAssPlant|Giga Drain|p1a: Empoleon
|-damage|p1a: Empoleon|281\/372
|-heal|p2a: SmartAssPlant|402\/404|[from] drain|[of] p1a: Empoleon
|
|-heal|p2a: SmartAssPlant|404\/404|[from] item: Leftovers
|-heal|p1a: Empoleon|304\/372|[from] item: Leftovers
|turn|9
|
|switch|p2a: SlapThat|Mienshao, M|271\/271
|move|p1a: Empoleon|Stealth Rock|p2a: SlapThat
|-sidestart|p2: tipptopp20|move: Stealth Rock
|
|-heal|p1a: Empoleon|327\/372|[from] item: Leftovers
|turn|10
|
|switch|p1a: Spiritomb|Spiritomb, M|140\/293
|move|p2a: SlapThat|Stone Edge|p1a: Spiritomb
|-damage|p1a: Spiritomb|30\/293
|
|turn|11
|
|switch|p2a: SmartAssPlant|Celebi|404\/404
|-damage|p2a: SmartAssPlant|354\/404|[from] Stealth Rock
|switch|p1a: Rhyperior|Rhyperior, M|433\/433
|
|-heal|p2a: SmartAssPlant|379\/404|[from] item: Leftovers
|turn|12
|
|move|p2a: SmartAssPlant|Giga Drain|p1a: Rhyperior
|-supereffective|p1a: Rhyperior
|-damage|p1a: Rhyperior|124\/433
|-heal|p2a: SmartAssPlant|404\/404|[from] drain|[of] p1a: Rhyperior
|move|p1a: Rhyperior|Megahorn|p2a: SmartAssPlant
|-supereffective|p2a: SmartAssPlant
|-damage|p2a: SmartAssPlant|0 fnt
|faint|p2a: SmartAssPlant
|
|-heal|p1a: Rhyperior|151\/433|[from] item: Leftovers
|
|switch|p2a: AirborneDemon|Hydreigon, F|293\/325
|-damage|p2a: AirborneDemon|253\/325|[from] Stealth Rock
|turn|13
|
|move|p2a: AirborneDemon|Dark Pulse|p1a: Rhyperior
|-damage|p1a: Rhyperior|0 fnt
|-damage|p2a: AirborneDemon|221\/325|[from] item: Life Orb
|faint|p1a: Rhyperior
|
|
|switch|p1a: Beedrill|Beedrill-Mega, F|272\/272
|turn|14
|
|switch|p2a: SwitchProof|Aggron, M|344\/344
|-damage|p2a: SwitchProof|323\/344|[from] Stealth Rock
|move|p1a: Beedrill|U-turn|p2a: SwitchProof
|-resisted|p2a: SwitchProof
|-damage|p2a: SwitchProof|270\/344
|
|switch|p1a: Hydreigon|Hydreigon, F|293\/325
|
|turn|15
|
|switch|p2a: SlapThat|Mienshao, M|271\/271
|-damage|p2a: SlapThat|255\/271|[from] Stealth Rock
|move|p1a: Hydreigon|Fire Blast|p2a: SlapThat
|-damage|p2a: SlapThat|21\/271
|-damage|p1a: Hydreigon|261\/325|[from] item: Life Orb
|
|turn|16
|
|switch|p1a: Empoleon|Empoleon, F|327\/372
|move|p2a: SlapThat|U-turn|p1a: Empoleon
|-resisted|p1a: Empoleon
|-damage|p1a: Empoleon|285\/372
|
|switch|p2a: SwitchProof|Aggron, M|270\/344
|-damage|p2a: SwitchProof|249\/344|[from] Stealth Rock
|
|-heal|p1a: Empoleon|308\/372|[from] item: Leftovers
|turn|17
|
|detailschange|p2a: SwitchProof|Aggron-Mega, M
|message|Aggron has Mega Evolved into Mega Aggron!
|move|p1a: Empoleon|Scald|p2a: SwitchProof
|-crit|p2a: SwitchProof
|-damage|p2a: SwitchProof|72\/344
|move|p2a: SwitchProof|Thunder Wave|p1a: Empoleon
|-status|p1a: Empoleon|par
|
|-heal|p1a: Empoleon|331\/372 par|[from] item: Leftovers
|turn|18
|
|switch|p2a: FishyFishyFish|Alomomola, M|534\/534
|-damage|p2a: FishyFishyFish|468\/534|[from] Stealth Rock
|move|p1a: Empoleon|Scald|p2a: FishyFishyFish
|-crit|p2a: FishyFishyFish
|-resisted|p2a: FishyFishyFish
|-damage|p2a: FishyFishyFish|315\/534
|
|-heal|p2a: FishyFishyFish|348\/534|[from] item: Leftovers
|-heal|p1a: Empoleon|354\/372 par|[from] item: Leftovers
|turn|19
|
|move|p2a: FishyFishyFish|Wish|p2a: FishyFishyFish
|move|p1a: Empoleon|Scald|p2a: FishyFishyFish
|-resisted|p2a: FishyFishyFish
|-damage|p2a: FishyFishyFish|244\/534
|
|-heal|p2a: FishyFishyFish|277\/534|[from] item: Leftovers
|-heal|p1a: Empoleon|372\/372 par|[from] item: Leftovers
|turn|20
|
|switch|p2a: AirborneDemon|Hydreigon, F|221\/325
|-damage|p2a: AirborneDemon|181\/325|[from] Stealth Rock
|move|p1a: Empoleon|Roar|p2a: AirborneDemon
|drag|p2a: FishyFishyFish|Alomomola, M|455\/534
|-damage|p2a: FishyFishyFish|389\/534|[from] Stealth Rock
|
|-heal|p2a: FishyFishyFish|534\/534|[from] move: Wish|[wisher] FishyFishyFish
|turn|21
|
|switch|p1a: Rotom-Mow|Rotom-Mow|241\/241
|move|p2a: FishyFishyFish|Toxic|p1a: Rotom-Mow
|-status|p1a: Rotom-Mow|tox
|
|-damage|p1a: Rotom-Mow|226\/241 tox|[from] psn
|turn|22
|
|move|p1a: Rotom-Mow|Volt Switch|p2a: FishyFishyFish
|-supereffective|p2a: FishyFishyFish
|-damage|p2a: FishyFishyFish|106\/534
|
|switch|p1a: Hydreigon|Hydreigon, F|261\/325
|move|p2a: FishyFishyFish|Mirror Coat|p1a: Hydreigon
|-immune|p1a: Hydreigon|[msg]
|
|-heal|p2a: FishyFishyFish|139\/534|[from] item: Leftovers
|turn|23
|
|switch|p2a: WingMan|Golbat, M|309\/354
|-damage|p2a: WingMan|221\/354|[from] Stealth Rock
|move|p1a: Hydreigon|Draco Meteor|p2a: WingMan
|-damage|p2a: WingMan|64\/354
|-unboost|p1a: Hydreigon|spa|2
|-damage|p1a: Hydreigon|229\/325|[from] item: Life Orb
|
|turn|24
|
|move|p1a: Hydreigon|Draco Meteor|p2a: WingMan
|-damage|p2a: WingMan|0 fnt
|-unboost|p1a: Hydreigon|spa|2
|-damage|p1a: Hydreigon|197\/325|[from] item: Life Orb
|faint|p2a: WingMan
|
|
|switch|p2a: SlapThat|Mienshao, M|111\/271
|-damage|p2a: SlapThat|95\/271|[from] Stealth Rock
|turn|25
|
|switch|p1a: Empoleon|Empoleon, F|372\/372 par
|move|p2a: SlapThat|High Jump Kick|p1a: Empoleon
|-supereffective|p1a: Empoleon
|-damage|p1a: Empoleon|0 fnt
|faint|p1a: Empoleon
|
|
|switch|p1a: Spiritomb|Spiritomb, M|30\/293
|turn|26
|
|move|p1a: Spiritomb|Pursuit|p2a: SlapThat|[from]Pursuit
|-resisted|p2a: SlapThat
|-damage|p2a: SlapThat|0 fnt
|faint|p2a: SlapThat
|
|
|switch|p2a: AirborneDemon|Hydreigon, F|181\/325
|-damage|p2a: AirborneDemon|141\/325|[from] Stealth Rock
|turn|27
|
|move|p1a: Spiritomb|Sucker Punch|p2a: AirborneDemon
|-resisted|p2a: AirborneDemon
|-damage|p2a: AirborneDemon|69\/325
|move|p2a: AirborneDemon|Draco Meteor|p1a: Spiritomb
|-damage|p1a: Spiritomb|0 fnt
|-unboost|p2a: AirborneDemon|spa|2
|-damage|p2a: AirborneDemon|37\/325|[from] item: Life Orb
|faint|p1a: Spiritomb
|
|
|switch|p1a: Beedrill|Beedrill-Mega, F|272\/272
|turn|28
|
|move|p1a: Beedrill|U-turn|p2a: AirborneDemon
|-supereffective|p2a: AirborneDemon
|-damage|p2a: AirborneDemon|0 fnt
|faint|p2a: AirborneDemon
|
|switch|p1a: Rotom-Mow|Rotom-Mow|226\/241 tox
|
|-damage|p1a: Rotom-Mow|211\/241 tox|[from] psn
|
|switch|p2a: SwitchProof|Aggron-Mega, M|72\/344
|-damage|p2a: SwitchProof|51\/344|[from] Stealth Rock
|turn|29
|c|âtipptopp20|gg
|
|move|p1a: Rotom-Mow|Thunderbolt|p2a: SwitchProof
|-damage|p2a: SwitchProof|0 fnt
|faint|p2a: SwitchProof
|
|-damage|p1a: Rotom-Mow|181\/241 tox|[from] psn
|
|switch|p2a: FishyFishyFish|Alomomola, M|317\/534
|-damage|p2a: FishyFishyFish|251\/534|[from] Stealth Rock
|turn|30
|c|âScolimaster|gg
|
|move|p1a: Rotom-Mow|Thunderbolt|p2a: FishyFishyFish
|-supereffective|p2a: FishyFishyFish
|-damage|p2a: FishyFishyFish|0 fnt
|faint|p2a: FishyFishyFish
|
|win|Scolimaster
|raw|Ladder updating...