|join|Scolimaster
|join|canboma
|player|p1|Scolimaster|76
|player|p2|canboma|101
|gametype|singles
|gen|6
|tier|UU
|rated
|rule|Sleep Clause Mod: Limit one foe put to sleep
|rule|Species Clause: Limit one of each PokÃ©mon
|rule|OHKO Clause: OHKO moves are banned
|rule|Moody Clause: Moody is banned
|rule|Evasion Moves Clause: Evasion moves are banned
|rule|Endless Battle Clause: Forcing endless battles is banned
|rule|HP Percentage Mod: HP is shown in percentages
|clearpoke
|poke|p1|Mienshao, M
|poke|p1|Goodra, M
|poke|p1|Blastoise, F
|poke|p1|Doublade, M
|poke|p1|Swampert, M
|poke|p1|Rotom-Heat
|poke|p2|Beedrill, F
|poke|p2|Raikou
|poke|p2|Empoleon, M
|poke|p2|Hydreigon, F
|poke|p2|Zygarde
|poke|p2|Cobalion
|rule|Swagger Clause: Swagger is banned
|rule|Baton Pass Clause: Limit one PokÃ©mon knowing Baton Pass
|teampreview
|
|start
|switch|p1a: Rotom-Heat|Rotom-Heat|304\/304
|switch|p2a: Cobalion|Cobalion|329\/329
|turn|1
|
|switch|p2a: Hydreigon|Hydreigon, F|325\/325
|move|p1a: Rotom-Heat|Will-O-Wisp|p2a: Hydreigon
|-status|p2a: Hydreigon|brn
|
|-damage|p2a: Hydreigon|285\/325 brn|[from] brn
|turn|2
|
|move|p2a: Hydreigon|U-turn|p1a: Rotom-Heat
|-resisted|p1a: Rotom-Heat
|-damage|p1a: Rotom-Heat|292\/304
|
|switch|p2a: Raikou|Raikou|321\/321
|-ability|p2a: Raikou|Pressure
|move|p1a: Rotom-Heat|Pain Split|p2a: Raikou
|-sethp|p2a: Raikou|306\/321|p1a: Rotom-Heat|304\/304|[from] move: Pain Split
|
|turn|3
|
|move|p2a: Raikou|Volt Switch|p1a: Rotom-Heat
|-resisted|p1a: Rotom-Heat
|-damage|p1a: Rotom-Heat|242\/304
|
|switch|p2a: Zygarde|Zygarde|387\/387
|-ability|p2a: Zygarde|Aura Break
|move|p1a: Rotom-Heat|Volt Switch|p2a: Zygarde
|-immune|p2a: Zygarde|[msg]
|
|-heal|p1a: Rotom-Heat|261\/304|[from] item: Leftovers
|turn|4
|
|switch|p1a: Swampert|Swampert, M|404\/404
|move|p2a: Zygarde|Dragon Dance|p2a: Zygarde
|-boost|p2a: Zygarde|atk|1
|-boost|p2a: Zygarde|spe|1
|
|turn|5
|
|move|p2a: Zygarde|Earthquake|p1a: Swampert
|-damage|p1a: Swampert|245\/404
|move|p1a: Swampert|Scald|p2a: Zygarde
|-damage|p2a: Zygarde|296\/387
|
|-heal|p1a: Swampert|270\/404|[from] item: Leftovers
|turn|6
|
|switch|p1a: Rotom-Heat|Rotom-Heat|261\/304
|move|p2a: Zygarde|Dragon Dance|p2a: Zygarde
|-boost|p2a: Zygarde|atk|1
|-boost|p2a: Zygarde|spe|1
|
|-heal|p1a: Rotom-Heat|280\/304|[from] item: Leftovers
|turn|7
|
|move|p2a: Zygarde|Outrage|p1a: Rotom-Heat
|-damage|p1a: Rotom-Heat|0 fnt
|faint|p1a: Rotom-Heat
|
|
|switch|p1a: Doublade|Doublade, M|321\/321
|turn|8
|
|move|p2a: Zygarde|Outrage|p1a: Doublade
|-resisted|p1a: Doublade
|-damage|p1a: Doublade|236\/321
|move|p1a: Doublade|Iron Head|p2a: Zygarde
|-damage|p2a: Zygarde|179\/387
|
|-end|p2a: Zygarde|rampage
|-start|p2a: Zygarde|confusion
|-enditem|p2a: Zygarde|Lum Berry|[eat]
|-end|p2a: Zygarde|confusion
|turn|9
|
|move|p2a: Zygarde|Earthquake|p1a: Doublade
|-supereffective|p1a: Doublade
|-damage|p1a: Doublade|0 fnt
|faint|p1a: Doublade
|
|
|switch|p1a: Mienshao|Mienshao, M|271\/271
|turn|10
|
|move|p2a: Zygarde|Earthquake|p1a: Mienshao
|-damage|p1a: Mienshao|0 fnt
|faint|p1a: Mienshao
|
|-message|Scolimaster forfeited.
|leave|Scolimaster
|
|win|canboma
|raw|Ladder updating...
|player|p1
|raw|Scolimaster's rating: 1481 &rarr; <strong>1453<\/strong><br \/>(-28 for losing)
|raw|canboma's rating: 1327 &rarr; <strong>1355<\/strong><br \/>(+28 for winning)