|join|Deluks917 UU
|join|Scolimaster
|player|p1|Deluks917 UU|23
|player|p2|Scolimaster|76
|gametype|singles
|gen|6
|tier|UU
|rated
|rule|Sleep Clause Mod: Limit one foe put to sleep
|rule|Species Clause: Limit one of each PokÃ©mon
|rule|OHKO Clause: OHKO moves are banned
|rule|Moody Clause: Moody is banned
|rule|Evasion Moves Clause: Evasion moves are banned
|rule|Endless Battle Clause: Forcing endless battles is banned
|rule|HP Percentage Mod: HP is shown in percentages
|clearpoke
|poke|p1|Jirachi
|poke|p1|Alakazam, M
|poke|p1|Zygarde
|poke|p1|Suicune
|poke|p1|Infernape, F
|poke|p1|Raikou
|poke|p2|Drapion, F
|poke|p2|Sceptile, F
|poke|p2|Slurpuff, M
|poke|p2|Omastar, F
|poke|p2|Delphox, M
|poke|p2|Jolteon, F
|rule|Swagger Clause: Swagger is banned
|rule|Baton Pass Clause: Limit one PokÃ©mon knowing Baton Pass
|teampreview
|c|âScolimaster|fuck these missclicks
|
|start
|switch|p1a: Infernape|Infernape, F|293\/293
|switch|p2a: Omastar|Omastar, F|343\/343
|turn|1
|
|move|p1a: Infernape|Close Combat|p2a: Omastar
|-supereffective|p2a: Omastar
|-damage|p2a: Omastar|29\/343
|-boost|p2a: Omastar|spe|1|[from] ability: Weak Armor
|-unboost|p2a: Omastar|def|1|[from] ability: Weak Armor
|-unboost|p1a: Infernape|def|1
|-unboost|p1a: Infernape|spd|1
|move|p2a: Omastar|Toxic Spikes|p1a: Infernape
|-sidestart|p1: Deluks917 UU|move: Toxic Spikes
|
|turn|2
|
|move|p1a: Infernape|Stealth Rock|p2a: Omastar
|-sidestart|p2: Scolimaster|move: Stealth Rock
|move|p2a: Omastar|Scald|p1a: Infernape
|-supereffective|p1a: Infernape
|-enditem|p1a: Infernape|Focus Sash
|-damage|p1a: Infernape|1\/293
|
|turn|3
|
|move|p1a: Infernape|Mach Punch|p2a: Omastar
|-supereffective|p2a: Omastar
|-damage|p2a: Omastar|0 fnt
|faint|p2a: Omastar
|
|
|switch|p2a: Jolteon|Jolteon, F|271\/271
|-damage|p2a: Jolteon|238\/271|[from] Stealth Rock
|turn|4
|
|move|p1a: Infernape|Mach Punch|p2a: Jolteon
|-damage|p2a: Jolteon|151\/271
|move|p2a: Jolteon|Volt Switch|p1a: Infernape
|-damage|p1a: Infernape|0 fnt
|faint|p1a: Infernape
|
|switch|p2a: Delphox|Delphox, M|291\/291
|-damage|p2a: Delphox|219\/291|[from] Stealth Rock
|
|
|switch|p1a: Suicune|Suicune|345\/345
|-status|p1a: Suicune|psn
|-ability|p1a: Suicune|Pressure
|turn|5
|
|move|p2a: Delphox|Solar Beam|p1a: Suicune|[still]
|-prepare|p2a: Delphox|Solar Beam|p1a: Suicune
|-enditem|p2a: Delphox|Power Herb
|-anim|p2a: Delphox|Solar Beam|p1a: Suicune
|-supereffective|p1a: Suicune
|-damage|p1a: Suicune|131\/345 psn
|-item|p2a: Delphox|Leftovers|[from] ability: Magician|[of] p1a: Suicune
|move|p1a: Suicune|Surf|p2a: Delphox
|-supereffective|p2a: Delphox
|-damage|p2a: Delphox|0 fnt
|faint|p2a: Delphox
|
|-damage|p1a: Suicune|88\/345 psn|[from] psn
|
|switch|p2a: Sceptile|Sceptile, F|281\/281
|-damage|p2a: Sceptile|246\/281|[from] Stealth Rock
|turn|6
|
|detailschange|p2a: Sceptile|Sceptile-Mega, F
|-mega|p2a: Sceptile|Sceptile|Sceptilite
|move|p2a: Sceptile|Giga Drain|p1a: Suicune
|-supereffective|p1a: Suicune
|-damage|p1a: Suicune|0 fnt
|-heal|p2a: Sceptile|281\/281|[from] drain|[of] p1a: Suicune
|faint|p1a: Suicune
|
|
|switch|p1a: Jirachi|Jirachi|342\/342
|turn|7
|
|switch|p2a: Jolteon|Jolteon, F|151\/271
|-damage|p2a: Jolteon|118\/271|[from] Stealth Rock
|move|p1a: Jirachi|Iron Head|p2a: Jolteon
|-resisted|p2a: Jolteon
|-damage|p2a: Jolteon|29\/271
|
|turn|8
|
|switch|p1a: Raikou|Raikou|321\/321
|-status|p1a: Raikou|psn
|-ability|p1a: Raikou|Pressure
|move|p2a: Jolteon|Shadow Ball|p1a: Raikou
|-damage|p1a: Raikou|195\/321 psn
|-unboost|p1a: Raikou|spd|1
|
|-damage|p1a: Raikou|155\/321 psn|[from] psn
|turn|9
|
|move|p1a: Raikou|Hidden Power|p2a: Jolteon
|-damage|p2a: Jolteon|0 fnt
|faint|p2a: Jolteon
|
|-damage|p1a: Raikou|115\/321 psn|[from] psn
|
|switch|p2a: Slurpuff|Slurpuff, M|306\/306
|-damage|p2a: Slurpuff|268\/306|[from] Stealth Rock
|turn|10
|
|move|p1a: Raikou|Hidden Power|p2a: Slurpuff
|-damage|p2a: Slurpuff|181\/306
|move|p2a: Slurpuff|Belly Drum|p2a: Slurpuff
|-damage|p2a: Slurpuff|28\/306
|-setboost|p2a: Slurpuff|atk|6|[from] move: Belly Drum
|-enditem|p2a: Slurpuff|Sitrus Berry|[eat]
|-heal|p2a: Slurpuff|104\/306|[from] item: Sitrus Berry
|
|-damage|p1a: Raikou|75\/321 psn|[from] psn
|turn|11
|
|move|p1a: Raikou|Hidden Power|p2a: Slurpuff
|-damage|p2a: Slurpuff|15\/306
|move|p2a: Slurpuff|Drain Punch|p1a: Raikou
|-damage|p1a: Raikou|0 fnt
|-heal|p2a: Slurpuff|53\/306|[from] drain|[of] p1a: Raikou
|faint|p1a: Raikou
|
|
|switch|p1a: Zygarde|Zygarde|358\/358
|-status|p1a: Zygarde|psn
|-ability|p1a: Zygarde|Aura Break
|turn|12
|
|move|p1a: Zygarde|Extreme Speed|p2a: Slurpuff
|-damage|p2a: Slurpuff|0 fnt
|faint|p2a: Slurpuff
|
|-damage|p1a: Zygarde|314\/358 psn|[from] psn
|
|switch|p2a: Sceptile|Sceptile-Mega, F|281\/281
|-damage|p2a: Sceptile|246\/281|[from] Stealth Rock
|turn|13
|
|switch|p1a: Alakazam|Alakazam, M|251\/251
|-status|p1a: Alakazam|psn
|move|p2a: Sceptile|Dragon Pulse|p1a: Alakazam
|-damage|p1a: Alakazam|88\/251 psn
|
|turn|14
|
|detailschange|p1a: Alakazam|Alakazam-Mega, M
|-mega|p1a: Alakazam|Alakazam|Alakazite
|-ability|p1a: Alakazam|Lightning Rod|[from] ability: Trace|[of] p2a: Sceptile
|move|p2a: Sceptile|Dragon Pulse|p1a: Alakazam
|-damage|p1a: Alakazam|0 fnt
|faint|p1a: Alakazam
|
|
|switch|p1a: Jirachi|Jirachi|342\/342
|turn|15
|
|switch|p2a: Drapion|Drapion, F|281\/281
|-damage|p2a: Drapion|246\/281|[from] Stealth Rock
|move|p1a: Jirachi|Iron Head|p2a: Drapion
|-damage|p2a: Drapion|126\/281
|
|turn|16
|
|move|p2a: Drapion|Knock Off|p1a: Jirachi
|-supereffective|p1a: Jirachi
|-damage|p1a: Jirachi|12\/342
|-enditem|p1a: Jirachi|Leftovers|[from] move: Knock Off|[of] p2a: Drapion
|-damage|p2a: Drapion|98\/281|[from] item: Life Orb
|move|p1a: Jirachi|Substitute|p1a: Jirachi
|-fail|p1a: Jirachi|move: Substitute|[weak]
|
|turn|17
|
|move|p2a: Drapion|Pursuit|p1a: Jirachi
|-supereffective|p1a: Jirachi
|-damage|p1a: Jirachi|0 fnt
|-damage|p2a: Drapion|70\/281|[from] item: Life Orb
|faint|p1a: Jirachi
|
|
|switch|p1a: Zygarde|Zygarde|314\/358 psn
|-ability|p1a: Zygarde|Aura Break
|turn|18
|
|move|p1a: Zygarde|Extreme Speed|p2a: Drapion
|-damage|p2a: Drapion|0 fnt
|faint|p2a: Drapion
|
|-damage|p1a: Zygarde|270\/358 psn|[from] psn
|
|switch|p2a: Sceptile|Sceptile-Mega, F|246\/281
|-damage|p2a: Sceptile|211\/281|[from] Stealth Rock
|turn|19
|c|âScolimaster|gg!
|
|move|p1a: Zygarde|Extreme Speed|p2a: Sceptile
|-damage|p2a: Sceptile|58\/281
|move|p2a: Sceptile|Dragon Pulse|p1a: Zygarde
|-supereffective|p1a: Zygarde
|-damage|p1a: Zygarde|0 fnt
|faint|p1a: Zygarde
|
|win|Scolimaster
|raw|Ladder updating...
|c|âDeluks917 UU|gg
|raw|Deluks917 UU's rating: 1489 &rarr; <strong>1470<\/strong><br \/>(-19 for losing)
|raw|Scolimaster's rating: 1505 &rarr; <strong>1524<\/strong><br \/>(+19 for winning)