|join|newbishop
|join|Scolimaster
|player|p1|newbishop|2
|player|p2|Scolimaster|76
|gametype|singles
|gen|6
|tier|UU
|rated
|rule|Sleep Clause Mod: Limit one foe put to sleep
|rule|Species Clause: Limit one of each PokÃ©mon
|rule|OHKO Clause: OHKO moves are banned
|rule|Moody Clause: Moody is banned
|rule|Evasion Moves Clause: Evasion moves are banned
|rule|Endless Battle Clause: Forcing endless battles is banned
|rule|HP Percentage Mod: HP is reported as percentages
|clearpoke
|poke|p1|Heracross, M
|poke|p1|Ampharos, M
|poke|p1|Amoonguss, F
|poke|p1|Empoleon, F
|poke|p1|Slowbro, M
|poke|p1|Haxorus, M
|poke|p2|Hippowdon, F
|poke|p2|Sableye, F
|poke|p2|Stoutland, M
|poke|p2|Tentacruel, M
|poke|p2|Blissey, F
|poke|p2|Roserade, M
|rule|Swagger Clause: Swagger is banned
|rule|Baton Pass Clause: Limit one PokÃ©mon knowing Baton Pass
|teampreview
|
|start
|switch|p1a: Amoonguss|Amoonguss, F|432\/432
|switch|p2a: Hippowdon|Hippowdon, F|420\/420
|-weather|Sandstorm
|turn|1
|
|switch|p2a: Roserade|Roserade, M|280\/280
|move|p1a: Amoonguss|Spore|p2a: Roserade
|-fail|p2a: Roserade
|
|-weather|Sandstorm|[upkeep]
|-damage|p2a: Roserade|263\/280|[from] sandstorm
|-damage|p1a: Amoonguss|405\/432|[from] sandstorm
|-heal|p1a: Amoonguss|432\/432|[from] item: Black Sludge
|turn|2
|
|move|p2a: Roserade|Spikes|p1a: Amoonguss
|-sidestart|p1: newbishop|Spikes
|move|p1a: Amoonguss|Sludge Bomb|p2a: Roserade
|-damage|p2a: Roserade|167\/280
|
|-weather|Sandstorm|[upkeep]
|-damage|p2a: Roserade|150\/280|[from] sandstorm
|-damage|p1a: Amoonguss|405\/432|[from] sandstorm
|-heal|p1a: Amoonguss|432\/432|[from] item: Black Sludge
|turn|3
|
|move|p2a: Roserade|Spikes|p1a: Amoonguss
|-sidestart|p1: newbishop|Spikes
|move|p1a: Amoonguss|Sludge Bomb|p2a: Roserade
|-damage|p2a: Roserade|53\/280
|
|-weather|Sandstorm|[upkeep]
|-damage|p2a: Roserade|36\/280|[from] sandstorm
|-damage|p1a: Amoonguss|405\/432|[from] sandstorm
|-heal|p1a: Amoonguss|432\/432|[from] item: Black Sludge
|turn|4
|
|move|p2a: Roserade|Rest|p2a: Roserade
|-status|p2a: Roserade|slp
|-heal|p2a: Roserade|280\/280 slp|[silent]
|-status|p2a: Roserade|slp|[from] move: Rest
|move|p1a: Amoonguss|Foul Play|p2a: Roserade
|-damage|p2a: Roserade|210\/280 slp
|
|-weather|Sandstorm|[upkeep]
|-damage|p2a: Roserade|193\/280 slp|[from] sandstorm
|-damage|p1a: Amoonguss|405\/432|[from] sandstorm
|-heal|p1a: Amoonguss|432\/432|[from] item: Black Sludge
|turn|5
|
|switch|p2a: Blissey|Blissey, F|714\/714
|switch|p1a: Empoleon|Empoleon, F|372\/372
|-damage|p1a: Empoleon|310\/372|[from] Spikes
|
|-weather|none
|-heal|p1a: Empoleon|333\/372|[from] item: Leftovers
|turn|6
|
|move|p1a: Empoleon|Defog|p2a: Blissey
|-unboost|p2a: Blissey|evasion|1
|-sideend|p1: newbishop|Spikes|[from] move: Defog|[of] p1a: Empoleon
|move|p2a: Blissey|Thunder Wave|p1a: Empoleon
|-status|p1a: Empoleon|par
|
|-heal|p1a: Empoleon|356\/372 par|[from] item: Leftovers
|turn|7
|
|move|p2a: Blissey|Seismic Toss|p1a: Empoleon
|-damage|p1a: Empoleon|256\/372 par
|cant|p1a: Empoleon|par
|
|-heal|p1a: Empoleon|279\/372 par|[from] item: Leftovers
|turn|8
|
|move|p2a: Blissey|Wish|p2a: Blissey
|cant|p1a: Empoleon|par
|
|-heal|p1a: Empoleon|302\/372 par|[from] item: Leftovers
|turn|9
|
|switch|p2a: Hippowdon|Hippowdon, F|420\/420
|-weather|Sandstorm
|move|p1a: Empoleon|Stealth Rock|p2a: Hippowdon
|-sidestart|p2: Scolimaster|move: Stealth Rock
|
|-weather|Sandstorm|[upkeep]
|-heal|p1a: Empoleon|325\/372 par|[from] item: Leftovers
|turn|10
|
|move|p2a: Hippowdon|Toxic|p1a: Empoleon
|-fail|p1a: Empoleon
|move|p1a: Empoleon|Scald|p2a: Hippowdon
|-supereffective|p2a: Hippowdon
|-damage|p2a: Hippowdon|204\/420
|
|-weather|Sandstorm|[upkeep]
|-heal|p2a: Hippowdon|230\/420|[from] item: Leftovers
|-heal|p1a: Empoleon|348\/372 par|[from] item: Leftovers
|turn|11
|
|move|p2a: Hippowdon|Toxic|p1a: Empoleon
|-fail|p1a: Empoleon
|move|p1a: Empoleon|Scald|p2a: Hippowdon
|-supereffective|p2a: Hippowdon
|-damage|p2a: Hippowdon|18\/420
|-status|p2a: Hippowdon|brn
|
|-weather|Sandstorm|[upkeep]
|-heal|p2a: Hippowdon|44\/420 brn|[from] item: Leftovers
|-heal|p1a: Empoleon|371\/372 par|[from] item: Leftovers
|-damage|p2a: Hippowdon|0 fnt|[from] brn
|faint|p2a: Hippowdon
|
|switch|p2a: Roserade|Roserade, M|193\/280
|-damage|p2a: Roserade|158\/280|[from] Stealth Rock
|turn|12
|
|move|p2a: Roserade|Leaf Storm|p1a: Empoleon
|-damage|p1a: Empoleon|137\/372 par
|-unboost|p2a: Roserade|spa|2
|-damage|p2a: Roserade|130\/280|[from] item: Life Orb
|cant|p1a: Empoleon|par
|
|-weather|Sandstorm|[upkeep]
|-damage|p2a: Roserade|113\/280|[from] sandstorm
|-heal|p1a: Empoleon|160\/372 par|[from] item: Leftovers
|turn|13
|
|move|p2a: Roserade|Rest|p2a: Roserade
|-status|p2a: Roserade|slp
|-heal|p2a: Roserade|280\/280 slp|[silent]
|-status|p2a: Roserade|slp|[from] move: Rest
|move|p1a: Empoleon|Scald|p2a: Roserade
|-resisted|p2a: Roserade
|-damage|p2a: Roserade|230\/280 slp
|
|-weather|none
|-heal|p1a: Empoleon|183\/372 par|[from] item: Leftovers
|turn|14
|
|switch|p2a: Sableye|Sableye, F|304\/304
|-damage|p2a: Sableye|266\/304|[from] Stealth Rock
|switch|p1a: Heracross|Heracross, M|302\/302
|
|-heal|p2a: Sableye|285\/304|[from] item: Leftovers
|turn|15
|
|switch|p1a: Empoleon|Empoleon, F|183\/372 par
|move|p2a: Sableye|Will-O-Wisp|p1a: Empoleon
|-fail|p1a: Empoleon
|
|-heal|p2a: Sableye|304\/304|[from] item: Leftovers
|-heal|p1a: Empoleon|206\/372 par|[from] item: Leftovers
|turn|16
|
|switch|p1a: Amoonguss|Amoonguss, F|432\/432
|move|p2a: Sableye|Foul Play|p1a: Amoonguss
|-damage|p1a: Amoonguss|368\/432
|
|-heal|p1a: Amoonguss|395\/432|[from] item: Black Sludge
|turn|17
|
|switch|p1a: Ampharos|Ampharos, M|384\/384
|move|p2a: Sableye|Taunt|p1a: Ampharos
|-start|p1a: Ampharos|move: Taunt
|
|turn|18
|
|move|p2a: Sableye|Will-O-Wisp|p1a: Ampharos
|-status|p1a: Ampharos|brn
|move|p1a: Ampharos|Volt Switch|p2a: Sableye
|-damage|p2a: Sableye|114\/304
|
|switch|p1a: Empoleon|Empoleon, F|206\/372 par
|
|-heal|p2a: Sableye|133\/304|[from] item: Leftovers
|-heal|p1a: Empoleon|229\/372 par|[from] item: Leftovers
|turn|19
|
|move|p2a: Sableye|Recover|p2a: Sableye
|-heal|p2a: Sableye|285\/304
|move|p1a: Empoleon|Scald|p2a: Sableye
|-damage|p2a: Sableye|140\/304
|-status|p2a: Sableye|brn
|
|-heal|p2a: Sableye|159\/304 brn|[from] item: Leftovers
|-heal|p1a: Empoleon|252\/372 par|[from] item: Leftovers
|-damage|p2a: Sableye|121\/304 brn|[from] brn
|turn|20
|
|switch|p2a: Blissey|Blissey, F|714\/714
|-damage|p2a: Blissey|625\/714|[from] Stealth Rock
|move|p1a: Empoleon|Scald|p2a: Blissey
|-damage|p2a: Blissey|552\/714
|-status|p2a: Blissey|brn
|
|-heal|p2a: Blissey|596\/714 brn|[from] item: Leftovers
|-heal|p1a: Empoleon|275\/372 par|[from] item: Leftovers
|-damage|p2a: Blissey|507\/714 brn|[from] brn
|turn|21
|
|switch|p1a: Ampharos|Ampharos, M|384\/384 brn
|move|p2a: Blissey|Heal Bell|p2a: Blissey
|-cureteam|p2a: Blissey|[from] move: HealBell
|
|-heal|p2a: Blissey|551\/714|[from] item: Leftovers
|-damage|p1a: Ampharos|336\/384 brn|[from] brn
|turn|22
|chat|Scolimaster|3 of 4 '' 30%''
|
|detailschange|p1a: Ampharos|Ampharos-Mega, M
|message|Ampharos has Mega Evolved into Mega Ampharos!
|-ability|p1a: Ampharos|Mold Breaker
|move|p2a: Blissey|Seismic Toss|p1a: Ampharos
|-damage|p1a: Ampharos|236\/384 brn
|move|p1a: Ampharos|Volt Switch|p2a: Blissey
|-damage|p2a: Blissey|427\/714
|chat|newbishop|I've always doubted Scald to be 30%, seems to get burns more often than not .-.
|
|switch|p1a: Heracross|Heracross, M|302\/302
|
|-heal|p2a: Blissey|471\/714|[from] item: Leftovers
|turn|23
|
|switch|p2a: Tentacruel|Tentacruel, M|364\/364
|-damage|p2a: Tentacruel|319\/364|[from] Stealth Rock
|move|p1a: Heracross|Megahorn|p2a: Tentacruel|[miss]
|-miss|p1a: Heracross|p2a: Tentacruel
|
|-heal|p2a: Tentacruel|341\/364|[from] item: Black Sludge
|turn|24
|
|switch|p1a: Amoonguss|Amoonguss, F|432\/432
|move|p2a: Tentacruel|Rapid Spin|p1a: Amoonguss
|-damage|p1a: Amoonguss|424\/432
|-sideend|p2: Scolimaster|Stealth Rock|[from] move: Rapid Spin|[of] p2a: Tentacruel
|
|-heal|p2a: Tentacruel|363\/364|[from] item: Black Sludge
|-heal|p1a: Amoonguss|432\/432|[from] item: Black Sludge
|turn|25
|
|switch|p2a: Roserade|Roserade, M|230\/280
|switch|p1a: Ampharos|Ampharos-Mega, M|236\/384 brn
|-ability|p1a: Ampharos|Mold Breaker
|
|-damage|p1a: Ampharos|188\/384 brn|[from] brn
|turn|26
|
|move|p2a: Roserade|Sludge Bomb|p1a: Ampharos
|-damage|p1a: Ampharos|0 fnt
|-damage|p2a: Roserade|202\/280|[from] item: Life Orb
|faint|p1a: Ampharos
|
|
|switch|p1a: Heracross|Heracross, M|302\/302
|turn|27
|
|switch|p2a: Stoutland|Stoutland, M|311\/311
|move|p1a: Heracross|Knock Off|p2a: Stoutland
|-damage|p2a: Stoutland|181\/311
|-enditem|p2a: Stoutland|Life Orb|[from] move: Knock Off|[of] p1a: Heracross
|
|turn|28
|
|switch|p1a: Slowbro|Slowbro, M|394\/394
|move|p2a: Stoutland|Return|p1a: Slowbro
|-damage|p1a: Slowbro|268\/394
|
|-heal|p1a: Slowbro|292\/394|[from] item: Leftovers
|turn|29
|
|move|p2a: Stoutland|Crunch|p1a: Slowbro
|-supereffective|p1a: Slowbro
|-damage|p1a: Slowbro|172\/394
|move|p1a: Slowbro|Psyshock|p2a: Stoutland
|-damage|p2a: Stoutland|78\/311
|
|-heal|p1a: Slowbro|196\/394|[from] item: Leftovers
|turn|30
|
|switch|p2a: Sableye|Sableye, F|121\/304
|move|p1a: Slowbro|Slack Off|p1a: Slowbro
|-heal|p1a: Slowbro|393\/394
|
|-heal|p2a: Sableye|140\/304|[from] item: Leftovers
|-heal|p1a: Slowbro|394\/394|[from] item: Leftovers
|turn|31
|
|move|p2a: Sableye|Taunt|p1a: Slowbro
|-start|p1a: Slowbro|move: Taunt
|cant|p1a: Slowbro|move: Taunt|Calm Mind
|
|-heal|p2a: Sableye|159\/304|[from] item: Leftovers
|turn|32
|
|switch|p1a: Empoleon|Empoleon, F|275\/372 par
|move|p2a: Sableye|Recover|p2a: Sableye
|-heal|p2a: Sableye|304\/304
|
|-heal|p1a: Empoleon|298\/372 par|[from] item: Leftovers
|turn|33
|
|switch|p2a: Blissey|Blissey, F|471\/714
|move|p1a: Empoleon|Scald|p2a: Blissey
|-damage|p2a: Blissey|398\/714
|-status|p2a: Blissey|brn
|
|-heal|p2a: Blissey|442\/714 brn|[from] item: Leftovers
|-heal|p1a: Empoleon|321\/372 par|[from] item: Leftovers
|-damage|p2a: Blissey|353\/714 brn|[from] brn
|turn|34
|
|move|p2a: Blissey|Wish|p2a: Blissey
|move|p1a: Empoleon|Stealth Rock|p2a: Blissey
|-sidestart|p2: Scolimaster|move: Stealth Rock
|
|-heal|p2a: Blissey|397\/714 brn|[from] item: Leftovers
|-heal|p1a: Empoleon|344\/372 par|[from] item: Leftovers
|-damage|p2a: Blissey|308\/714 brn|[from] brn
|turn|35
|
|move|p2a: Blissey|Seismic Toss|p1a: Empoleon
|-damage|p1a: Empoleon|244\/372 par
|move|p1a: Empoleon|Roar|p2a: Blissey
|drag|p2a: Sableye|Sableye, F|304\/304
|-damage|p2a: Sableye|266\/304|[from] Stealth Rock
|
|-heal|p2a: Sableye|304\/304|[from] move: Wish|[wisher] Blissey
|-heal|p1a: Empoleon|267\/372 par|[from] item: Leftovers
|turn|36
|
|move|p2a: Sableye|Foul Play|p1a: Empoleon
|-damage|p1a: Empoleon|185\/372 par
|move|p1a: Empoleon|Scald|p2a: Sableye
|-damage|p2a: Sableye|153\/304
|
|-heal|p2a: Sableye|172\/304|[from] item: Leftovers
|-heal|p1a: Empoleon|208\/372 par|[from] item: Leftovers
|turn|37
|
|move|p2a: Sableye|Foul Play|p1a: Empoleon
|-damage|p1a: Empoleon|130\/372 par
|move|p1a: Empoleon|Scald|p2a: Sableye
|-damage|p2a: Sableye|37\/304
|
|-heal|p2a: Sableye|56\/304|[from] item: Leftovers
|-heal|p1a: Empoleon|153\/372 par|[from] item: Leftovers
|turn|38
|
|move|p2a: Sableye|Recover|p2a: Sableye
|-heal|p2a: Sableye|208\/304
|move|p1a: Empoleon|Scald|p2a: Sableye
|-damage|p2a: Sableye|55\/304
|-status|p2a: Sableye|brn
|
|-heal|p2a: Sableye|74\/304 brn|[from] item: Leftovers
|-heal|p1a: Empoleon|176\/372 par|[from] item: Leftovers
|-damage|p2a: Sableye|36\/304 brn|[from] brn
|turn|39
|
|move|p2a: Sableye|Recover|p2a: Sableye
|-heal|p2a: Sableye|188\/304 brn
|move|p1a: Empoleon|Scald|p2a: Sableye
|-damage|p2a: Sableye|43\/304 brn
|
|-heal|p2a: Sableye|62\/304 brn|[from] item: Leftovers
|-heal|p1a: Empoleon|199\/372 par|[from] item: Leftovers
|-damage|p2a: Sableye|24\/304 brn|[from] brn
|turn|40
|
|move|p2a: Sableye|Recover|p2a: Sableye
|-heal|p2a: Sableye|176\/304 brn
|move|p1a: Empoleon|Scald|p2a: Sableye
|-damage|p2a: Sableye|25\/304 brn
|
|-heal|p2a: Sableye|44\/304 brn|[from] item: Leftovers
|-heal|p1a: Empoleon|222\/372 par|[from] item: Leftovers
|-damage|p2a: Sableye|6\/304 brn|[from] brn
|turn|41
|
|move|p2a: Sableye|Recover|p2a: Sableye
|-heal|p2a: Sableye|158\/304 brn
|move|p1a: Empoleon|Scald|p2a: Sableye
|-damage|p2a: Sableye|2\/304 brn
|
|-heal|p2a: Sableye|21\/304 brn|[from] item: Leftovers
|-heal|p1a: Empoleon|245\/372 par|[from] item: Leftovers
|-damage|p2a: Sableye|0 fnt|[from] brn
|faint|p2a: Sableye
|-message|Scolimaster forfeited.
|
|win|newbishop
|raw|Ladder updating...
|raw|newbishop's rating: 1431 &rarr; <strong>1451<\/strong><br \/>(+20 for winning)
|raw|Scolimaster's rating: 1430 &rarr; <strong>1410<\/strong><br \/>(-20 for losing)
|leave|Scolimaster
|player|p2