|join|juancar_tested
|join|Scolimaster
|player|p1|juancar_tested|165
|player|p2|Scolimaster|76
|gametype|singles
|gen|6
|tier|UU
|rated
|rule|Sleep Clause Mod: Limit one foe put to sleep
|rule|Species Clause: Limit one of each PokÃ©mon
|rule|OHKO Clause: OHKO moves are banned
|rule|Moody Clause: Moody is banned
|rule|Evasion Moves Clause: Evasion moves are banned
|rule|Endless Battle Clause: Forcing endless battles is banned
|rule|HP Percentage Mod: HP is shown in percentages
|clearpoke
|poke|p1|Yanmega, M
|poke|p1|Weezing, M
|poke|p1|Houndoom, F
|poke|p1|Hitmontop, M
|poke|p1|Rhyperior, F
|poke|p1|Porygon2
|poke|p2|Milotic, F
|poke|p2|Crobat, F
|poke|p2|Krookodile, F
|poke|p2|Raikou
|poke|p2|Entei, shiny
|poke|p2|Toxicroak, F
|rule|Swagger Clause: Swagger is banned
|rule|Baton Pass Clause: Limit one PokÃ©mon knowing Baton Pass
|teampreview
|
|start
|switch|p1a: TeamRocket|Porygon2|373\/373
|switch|p2a: Badass|Krookodile, F|394\/394
|-ability|p2a: Badass|Intimidate|[of] p1a: TeamRocket
|-unboost|p1a: TeamRocket|atk|1
|-ability|p1a: TeamRocket|Intimidate|[from] ability: Trace|[of] p2a: Badass
|-ability|p1a: TeamRocket|Intimidate|[of] p2a: Badass
|-unboost|p2a: Badass|atk|1
|turn|1
|
|switch|p1a: Butch|Hitmontop, M|303\/303
|move|p2a: Badass|Knock Off|p1a: Butch
|-resisted|p1a: Butch
|-damage|p1a: Butch|245\/303
|-enditem|p1a: Butch|Life Orb|[from] move: Knock Off|[of] p2a: Badass
|
|turn|2
|
|switch|p2a: fly or die|Crobat, F|373\/373
|move|p1a: Butch|Thief|p2a: fly or die
|-damage|p2a: fly or die|263\/373
|-item|p1a: Butch|Black Sludge|[from] move: Thief|[of] p2a: fly or die
|
|-damage|p1a: Butch|208\/303|[from] item: Black Sludge
|turn|3
|
|switch|p1a: James|Weezing, M|333\/333
|move|p2a: fly or die|U-turn|p1a: James
|-resisted|p1a: James
|-damage|p1a: James|315\/333
|c|âScolimaster|nice hitmon top set :)
|c|âjuancar_tested|thx
|c|âScolimaster|technicain knock off switch in with thief
|
|switch|p2a: nice dawgi|Raikou|322\/322
|-ability|p2a: nice dawgi|Pressure
|
|-heal|p1a: James|333\/333|[from] item: Black Sludge
|turn|4
|
|switch|p2a: Nessi|Milotic, F|394\/394
|move|p1a: James|Pain Split|p2a: Nessi
|-sethp|p2a: Nessi|363\/394|p1a: James|333\/333|[from] move: Pain Split
|
|-heal|p2a: Nessi|387\/394|[from] item: Leftovers
|turn|5
|
|move|p2a: Nessi|Scald|p1a: James
|-damage|p1a: James|212\/333
|move|p1a: James|Will-O-Wisp|p2a: Nessi
|-status|p2a: Nessi|brn
|
|-heal|p2a: Nessi|394\/394 brn|[from] item: Leftovers
|-heal|p1a: James|232\/333|[from] item: Black Sludge
|-damage|p2a: Nessi|345\/394 brn|[from] brn
|turn|6
|
|move|p2a: Nessi|Scald|p1a: James
|-damage|p1a: James|99\/333
|-status|p1a: James|brn
|move|p1a: James|Thunderbolt|p2a: Nessi
|-supereffective|p2a: Nessi
|-damage|p2a: Nessi|245\/394 brn
|
|-heal|p2a: Nessi|269\/394 brn|[from] item: Leftovers
|-heal|p1a: James|119\/333 brn|[from] item: Black Sludge
|-damage|p2a: Nessi|220\/394 brn|[from] brn
|-damage|p1a: James|78\/333 brn|[from] brn
|turn|7
|
|move|p2a: Nessi|Recover|p2a: Nessi
|-heal|p2a: Nessi|394\/394 brn
|move|p1a: James|Pain Split|p2a: Nessi
|-sethp|p2a: Nessi|236\/394 brn|p1a: James|236\/333 brn|[from] move: Pain Split
|
|-heal|p2a: Nessi|260\/394 brn|[from] item: Leftovers
|-heal|p1a: James|256\/333 brn|[from] item: Black Sludge
|-damage|p2a: Nessi|211\/394 brn|[from] brn
|-damage|p1a: James|215\/333 brn|[from] brn
|turn|8
|
|move|p2a: Nessi|Scald|p1a: James
|-damage|p1a: James|97\/333 brn
|move|p1a: James|Thunderbolt|p2a: Nessi
|-supereffective|p2a: Nessi
|-damage|p2a: Nessi|101\/394 brn
|
|-heal|p2a: Nessi|125\/394 brn|[from] item: Leftovers
|-heal|p1a: James|117\/333 brn|[from] item: Black Sludge
|-damage|p2a: Nessi|76\/394 brn|[from] brn
|-damage|p1a: James|76\/333 brn|[from] brn
|turn|9
|
|move|p2a: Nessi|Recover|p2a: Nessi
|-heal|p2a: Nessi|273\/394 brn
|move|p1a: James|Thunderbolt|p2a: Nessi
|-supereffective|p2a: Nessi
|-damage|p2a: Nessi|173\/394 brn
|
|-heal|p2a: Nessi|197\/394 brn|[from] item: Leftovers
|-heal|p1a: James|96\/333 brn|[from] item: Black Sludge
|-damage|p2a: Nessi|148\/394 brn|[from] brn
|-damage|p1a: James|55\/333 brn|[from] brn
|turn|10
|
|move|p2a: Nessi|Scald|p1a: James
|-damage|p1a: James|0 fnt
|faint|p1a: James
|
|-heal|p2a: Nessi|172\/394 brn|[from] item: Leftovers
|-damage|p2a: Nessi|123\/394 brn|[from] brn
|
|switch|p1a: Jessie|Yanmega, M|313\/313
|turn|11
|
|switch|p2a: fly or die|Crobat, F|263\/373
|move|p1a: Jessie|Giga Drain|p2a: fly or die
|-resisted|p2a: fly or die
|-damage|p2a: fly or die|227\/373
|-damage|p1a: Jessie|282\/313|[from] item: Life Orb
|
|-boost|p1a: Jessie|spe|1|[from] ability: Speed Boost
|turn|12
|
|move|p1a: Jessie|Air Slash|p2a: fly or die
|-damage|p2a: fly or die|27\/373
|-damage|p1a: Jessie|251\/313|[from] item: Life Orb
|move|p2a: fly or die|U-turn|p1a: Jessie
|-resisted|p1a: Jessie
|-damage|p1a: Jessie|220\/313
|
|switch|p2a: exelENTEI|Entei, shiny|371\/371
|-ability|p2a: exelENTEI|Pressure
|
|-boost|p1a: Jessie|spe|1|[from] ability: Speed Boost
|turn|13
|
|move|p1a: Jessie|Protect|p1a: Jessie
|-singleturn|p1a: Jessie|Protect
|move|p2a: exelENTEI|Extreme Speed|p1a: Jessie
|-activate|p1a: Jessie|Protect
|
|-boost|p1a: Jessie|spe|1|[from] ability: Speed Boost
|turn|14
|
|switch|p1a: Geovanni|Rhyperior, F|409\/409
|switch|p2a: Nessi|Milotic, F|123\/394 brn
|
|-heal|p2a: Nessi|147\/394 brn|[from] item: Leftovers
|-damage|p2a: Nessi|98\/394 brn|[from] brn
|turn|15
|
|move|p2a: Nessi|Recover|p2a: Nessi
|-heal|p2a: Nessi|295\/394 brn
|move|p1a: Geovanni|Stealth Rock|p2a: Nessi
|-sidestart|p2: Scolimaster|move: Stealth Rock
|
|-heal|p2a: Nessi|319\/394 brn|[from] item: Leftovers
|-damage|p2a: Nessi|270\/394 brn|[from] brn
|turn|16
|
|switch|p1a: Butch|Hitmontop, M|208\/303
|move|p2a: Nessi|Scald|p1a: Butch
|-damage|p1a: Butch|123\/303
|
|-heal|p2a: Nessi|294\/394 brn|[from] item: Leftovers
|-damage|p1a: Butch|86\/303|[from] item: Black Sludge
|-damage|p2a: Nessi|245\/394 brn|[from] brn
|turn|17
|
|move|p1a: Butch|Fake Out|p2a: Nessi
|-damage|p2a: Nessi|209\/394 brn
|cant|p2a: Nessi|flinch
|
|-heal|p2a: Nessi|233\/394 brn|[from] item: Leftovers
|-damage|p1a: Butch|49\/303|[from] item: Black Sludge
|-damage|p2a: Nessi|184\/394 brn|[from] brn
|turn|18
|
|switch|p1a: Jessie|Yanmega, M|220\/313
|move|p2a: Nessi|Recover|p2a: Nessi
|-heal|p2a: Nessi|381\/394 brn
|
|-heal|p2a: Nessi|394\/394 brn|[from] item: Leftovers
|-damage|p2a: Nessi|345\/394 brn|[from] brn
|turn|19
|
|move|p1a: Jessie|Giga Drain|p2a: Nessi
|-supereffective|p2a: Nessi
|-damage|p2a: Nessi|153\/394 brn
|-heal|p1a: Jessie|313\/313|[from] drain|[of] p2a: Nessi
|-damage|p1a: Jessie|282\/313|[from] item: Life Orb
|move|p2a: Nessi|Ice Beam|p1a: Jessie
|-crit|p1a: Jessie
|-supereffective|p1a: Jessie
|-damage|p1a: Jessie|0 fnt
|faint|p1a: Jessie
|
|-heal|p2a: Nessi|177\/394 brn|[from] item: Leftovers
|-damage|p2a: Nessi|128\/394 brn|[from] brn
|
|switch|p1a: Cassidy|Houndoom, F|291\/291
|turn|20
|
|detailschange|p1a: Cassidy|Houndoom-Mega, F
|message|Houndoom has Mega Evolved into Mega Houndoom!
|move|p1a: Cassidy|Dark Pulse|p2a: Nessi
|-damage|p2a: Nessi|2\/394 brn
|cant|p2a: Nessi|flinch
|
|-heal|p2a: Nessi|26\/394 brn|[from] item: Leftovers
|-damage|p2a: Nessi|0 fnt|[from] brn
|faint|p2a: Nessi
|
|switch|p2a: Badass|Krookodile, F|394\/394
|-damage|p2a: Badass|370\/394|[from] Stealth Rock
|-ability|p2a: Badass|Intimidate|[of] p1a: Cassidy
|-unboost|p1a: Cassidy|atk|1
|turn|21
|
|switch|p1a: Butch|Hitmontop, M|49\/303
|move|p2a: Badass|Earthquake|p1a: Butch
|-damage|p1a: Butch|0 fnt
|faint|p1a: Butch
|
|-heal|p2a: Badass|394\/394|[from] item: Leftovers
|
|switch|p1a: TeamRocket|Porygon2|373\/373
|-ability|p1a: TeamRocket|Intimidate|[from] ability: Trace|[of] p2a: Badass
|-ability|p1a: TeamRocket|Intimidate|[of] p2a: Badass
|-unboost|p2a: Badass|atk|1
|turn|22
|
|move|p2a: Badass|Stealth Rock|p1a: TeamRocket
|-sidestart|p1: juancar_tested|move: Stealth Rock
|move|p1a: TeamRocket|Toxic|p2a: Badass
|-status|p2a: Badass|tox
|
|-damage|p2a: Badass|370\/394 tox|[from] psn
|turn|23
|
|move|p2a: Badass|Knock Off|p1a: TeamRocket
|-damage|p1a: TeamRocket|291\/373
|-enditem|p1a: TeamRocket|Eviolite|[from] move: Knock Off|[of] p2a: Badass
|move|p1a: TeamRocket|Tri Attack|p2a: Badass
|-damage|p2a: Badass|244\/394 tox
|
|-heal|p2a: Badass|268\/394 tox|[from] item: Leftovers
|-damage|p2a: Badass|220\/394 tox|[from] psn
|turn|24
|
|switch|p2a: Kermit|Toxicroak, F|307\/307
|-damage|p2a: Kermit|288\/307|[from] Stealth Rock
|move|p1a: TeamRocket|Recover|p1a: TeamRocket
|-heal|p1a: TeamRocket|373\/373
|
|turn|25
|
|move|p2a: Kermit|Drain Punch|p1a: TeamRocket
|-supereffective|p1a: TeamRocket
|-damage|p1a: TeamRocket|53\/373
|-heal|p2a: Kermit|307\/307|[from] drain|[of] p1a: TeamRocket
|-damage|p2a: Kermit|277\/307|[from] item: Life Orb
|move|p1a: TeamRocket|Thunder Wave|p2a: Kermit
|-status|p2a: Kermit|par
|
|turn|26
|
|move|p1a: TeamRocket|Tri Attack|p2a: Kermit
|-damage|p2a: Kermit|142\/307 par
|move|p2a: Kermit|Swords Dance|p2a: Kermit
|-boost|p2a: Kermit|atk|2
|
|turn|27
|
|move|p2a: Kermit|Sucker Punch|p1a: TeamRocket
|-fail|p1a: TeamRocket
|move|p1a: TeamRocket|Recover|p1a: TeamRocket
|-heal|p1a: TeamRocket|240\/373
|
|turn|28
|
|move|p2a: Kermit|Sucker Punch|p1a: TeamRocket
|-damage|p1a: TeamRocket|24\/373
|-damage|p2a: Kermit|112\/307 par|[from] item: Life Orb
|move|p1a: TeamRocket|Tri Attack|p2a: Kermit
|-damage|p2a: Kermit|0 fnt
|faint|p2a: Kermit
|
|
|switch|p2a: Badass|Krookodile, F|220\/394 tox
|-damage|p2a: Badass|196\/394 tox|[from] Stealth Rock
|-ability|p2a: Badass|Intimidate|[of] p1a: TeamRocket
|-unboost|p1a: TeamRocket|atk|1
|turn|29
|
|move|p2a: Badass|Earthquake|p1a: TeamRocket
|-damage|p1a: TeamRocket|0 fnt
|faint|p1a: TeamRocket
|
|-heal|p2a: Badass|220\/394 tox|[from] item: Leftovers
|-damage|p2a: Badass|196\/394 tox|[from] psn
|
|switch|p1a: Cassidy|Houndoom-Mega, F|291\/291
|-damage|p1a: Cassidy|219\/291|[from] Stealth Rock
|turn|30
|
|switch|p2a: fly or die|Crobat, F|27\/373
|-damage|p2a: fly or die|0 fnt|[from] Stealth Rock
|faint|p2a: fly or die
|move|p1a: Cassidy|Fire Blast|p2: fly or die|[notarget]
|-notarget
|
|
|switch|p2a: exelENTEI|Entei, shiny|371\/371
|-damage|p2a: exelENTEI|279\/371|[from] Stealth Rock
|-ability|p2a: exelENTEI|Pressure
|turn|31
|
|move|p1a: Cassidy|Destiny Bond|p1a: Cassidy
|-singlemove|p1a: Cassidy|Destiny Bond
|move|p2a: exelENTEI|Stone Edge|p1a: Cassidy|[miss]
|-miss|p2a: exelENTEI|p1a: Cassidy
|
|turn|32
|
|switch|p1a: Geovanni|Rhyperior, F|409\/409
|-damage|p1a: Geovanni|384\/409|[from] Stealth Rock
|move|p2a: exelENTEI|Stone Edge|p1a: Geovanni
|-crit|p1a: Geovanni
|-resisted|p1a: Geovanni
|-damage|p1a: Geovanni|281\/409
|
|-heal|p1a: Geovanni|306\/409|[from] item: Leftovers
|turn|33
|
|switch|p2a: Badass|Krookodile, F|196\/394 tox
|-damage|p2a: Badass|172\/394 tox|[from] Stealth Rock
|-ability|p2a: Badass|Intimidate|[of] p1a: Geovanni
|-unboost|p1a: Geovanni|atk|1
|move|p1a: Geovanni|Dragon Tail|p2a: Badass
|-damage|p2a: Badass|110\/394 tox
|drag|p2a: exelENTEI|Entei, shiny|279\/371
|-damage|p2a: exelENTEI|187\/371|[from] Stealth Rock
|-ability|p2a: exelENTEI|Pressure
|
|-heal|p1a: Geovanni|331\/409|[from] item: Leftovers
|turn|34
|
|move|p2a: exelENTEI|Sacred Fire|p1a: Geovanni|[miss]
|-miss|p2a: exelENTEI|p1a: Geovanni
|move|p1a: Geovanni|Earthquake|p2a: exelENTEI
|-supereffective|p2a: exelENTEI
|-damage|p2a: exelENTEI|0 fnt
|faint|p2a: exelENTEI
|
|-heal|p1a: Geovanni|356\/409|[from] item: Leftovers
|c|âScolimaster|thats game
|
|switch|p2a: Badass|Krookodile, F|110\/394 tox
|-damage|p2a: Badass|86\/394 tox|[from] Stealth Rock
|-ability|p2a: Badass|Intimidate|[of] p1a: Geovanni
|-unboost|p1a: Geovanni|atk|1
|turn|35
|
|move|p2a: Badass|Earthquake|p1a: Geovanni
|-supereffective|p1a: Geovanni
|-damage|p1a: Geovanni|131\/409
|move|p1a: Geovanni|Earthquake|p2a: Badass
|-damage|p2a: Badass|0 fnt
|faint|p2a: Badass
|
|-heal|p1a: Geovanni|156\/409|[from] item: Leftovers
|
|switch|p2a: nice dawgi|Raikou|322\/322
|-damage|p2a: nice dawgi|282\/322|[from] Stealth Rock
|-ability|p2a: nice dawgi|Pressure
|turn|36
|
|move|p2a: nice dawgi|Hidden Power|p1a: Geovanni
|-supereffective|p1a: Geovanni
|-damage|p1a: Geovanni|27\/409
|move|p1a: Geovanni|Earthquake|p2a: nice dawgi
|-supereffective|p2a: nice dawgi
|-damage|p2a: nice dawgi|36\/322
|
|-heal|p1a: Geovanni|52\/409|[from] item: Leftovers
|turn|37
|
|move|p2a: nice dawgi|Hidden Power|p1a: Geovanni
|-supereffective|p1a: Geovanni
|-damage|p1a: Geovanni|0 fnt
|faint|p1a: Geovanni
|
|
|switch|p1a: Cassidy|Houndoom-Mega, F|219\/291
|-damage|p1a: Cassidy|147\/291|[from] Stealth Rock
|turn|38
|
|move|p2a: nice dawgi|Hidden Power|p1a: Cassidy
|-crit|p1a: Cassidy
|-resisted|p1a: Cassidy
|-damage|p1a: Cassidy|90\/291
|move|p1a: Cassidy|Dark Pulse|p2a: nice dawgi
|-damage|p2a: nice dawgi|0 fnt
|faint|p2a: nice dawgi
|
|win|juancar_tested
|raw|Ladder updating...
|raw|juancar_tested's rating: 1397 &rarr; <strong>1419<\/strong><br \/>(+22 for winning)
|raw|Scolimaster's rating: 1428 &rarr; <strong>1406<\/strong><br \/>(-22 for losing)
|c|âjuancar_tested|gg