|join|Avatar Karin
|join|chrono5
|player|p1|Avatar Karin|148
|player|p2|chrono5|80
|gametype|singles
|gen|6
|tier|OU
|rated
|clearpoke
|poke|p1|Heracross, M
|poke|p1|Rotom-Wash
|poke|p1|Sylveon, F
|poke|p1|Landorus, M
|poke|p1|Amoonguss, M
|poke|p1|Mew
|poke|p2|Archeops, M
|poke|p2|Rotom-Wash
|poke|p2|Scizor, F
|poke|p2|Heliolisk, F
|poke|p2|Landorus-Therian, M
|poke|p2|Talonflame, F
|rule|Sleep Clause Mod: Limit one foe put to sleep
|rule|Species Clause: Limit one of each Pokemon
|rule|OHKO Clause: OHKO moves are banned
|rule|Moody Clause: Moody is banned
|rule|Evasion Moves Clause: Evasion moves are banned
|rule|Endless Battle Clause: Forcing endless battles is banned.
|rule|HP Percentage Mod: HP is reported as percentages
|teampreview
|
|start
|switch|p1a: Mew|Mew|404\/404
|switch|p2a: Archeops|Archeops, M|291\/291
|turn|1
|
|move|p1a: Mew|Knock Off|p2a: Archeops
|-damage|p2a: Archeops|179\/291
|-enditem|p2a: Archeops|Choice Band|[from] move: Knock Off|[of] p1a: Mew
|move|p2a: Archeops|Head Smash|p1a: Mew
|-damage|p1a: Mew|92\/404
|-damage|p2a: Archeops|23\/291|[from] recoil|[of] p1a: Mew
|
|-heal|p1a: Mew|117\/404|[from] item: Leftovers
|turn|2
|
|move|p1a: Mew|Stealth Rock|p2a: Archeops
|-sidestart|p2: chrono5|move: Stealth Rock
|move|p2a: Archeops|Head Smash|p1a: Mew
|-damage|p1a: Mew|0 fnt
|-damage|p2a: Archeops|0 fnt|[from] recoil|[of] p1a: Mew
|faint|p1a: Mew
|faint|p2a: Archeops
|
|
|switch|p1a: Rotom-Wash|Rotom-Wash|249\/249
|switch|p2a: Scizor|Scizor, F|344\/344
|-damage|p2a: Scizor|301\/344|[from] Stealth Rock
|turn|3
|
|-formechange|p2a: Scizor|Scizor-Mega
|message|Scizor has Mega Evolved into Mega Scizor!
|move|p1a: Rotom-Wash|Will-O-Wisp|p2a: Scizor
|-status|p2a: Scizor|brn
|move|p2a: Scizor|Defog|p1a: Rotom-Wash
|-unboost|p1a: Rotom-Wash|evasion|1
|-sideend|p2: chrono5|Stealth Rock|[from] move: Defog|[of] p2a: Scizor
|
|-damage|p2a: Scizor|258\/344 brn|[from] brn
|turn|4
|
|switch|p1a: Sylveon|Sylveon, F|394\/394
|move|p2a: Scizor|U-turn|p1a: Sylveon
|-resisted|p1a: Sylveon
|-damage|p1a: Sylveon|358\/394
|
|switch|p2a: Landorus-Therian|Landorus-Therian, M|320\/320
|-ability|p2a: Landorus-Therian|Intimidate|[of] p1a: Sylveon
|-unboost|p1a: Sylveon|atk|1
|
|-heal|p1a: Sylveon|382\/394|[from] item: Leftovers
|turn|5
|
|move|p2a: Landorus-Therian|Knock Off|p1a: Sylveon
|-resisted|p1a: Sylveon
|-damage|p1a: Sylveon|327\/394
|-enditem|p1a: Sylveon|Leftovers|[from] move: Knock Off|[of] p2a: Landorus-Therian
|move|p1a: Sylveon|Hyper Voice|p2a: Landorus-Therian
|-damage|p2a: Landorus-Therian|148\/320
|
|turn|6
|
|switch|p2a: Talonflame|Talonflame, F|298\/298
|switch|p1a: Rotom-Wash|Rotom-Wash|249\/249
|
|turn|7
|
|move|p2a: Talonflame|U-turn|p1a: Rotom-Wash
|-damage|p1a: Rotom-Wash|180\/249
|
|switch|p2a: Heliolisk|Heliolisk, F|266\/266
|move|p1a: Rotom-Wash|Volt Switch|p2a: Heliolisk
|-resisted|p2a: Heliolisk
|-damage|p2a: Heliolisk|173\/266
|
|switch|p1a: Heracross|Heracross, M|301\/301
|
|turn|8
|
|-formechange|p1a: Heracross|Heracross-Mega
|message|Heracross has Mega Evolved into Mega Heracross!
|move|p2a: Heliolisk|Volt Switch|p1a: Heracross
|-damage|p1a: Heracross|141\/301
|
|switch|p2a: Scizor|Scizor, F|258\/344 brn
|-formechange|p2a: Scizor|Scizor-Mega
|move|p1a: Heracross|Pin Missile|p2a: Scizor
|-resisted|p2a: Scizor
|-damage|p2a: Scizor|232\/344 brn
|-resisted|p2a: Scizor
|-damage|p2a: Scizor|208\/344 brn
|-resisted|p2a: Scizor
|-damage|p2a: Scizor|182\/344 brn
|-resisted|p2a: Scizor
|-damage|p2a: Scizor|157\/344 brn
|-resisted|p2a: Scizor
|-damage|p2a: Scizor|132\/344 brn
|-hitcount|p2a: Scizor|5
|
|-damage|p2a: Scizor|89\/344 brn|[from] brn
|turn|9
|
|move|p2a: Scizor|Bullet Punch|p1a: Heracross
|-damage|p1a: Heracross|81\/301
|move|p1a: Heracross|Rock Blast|p2a: Scizor
|-damage|p2a: Scizor|56\/344 brn
|-damage|p2a: Scizor|26\/344 brn
|-damage|p2a: Scizor|0 fnt
|-hitcount|p2a: Scizor|3
|faint|p2a: Scizor
|
|
|switch|p2a: Heliolisk|Heliolisk, F|173\/266
|turn|10
|
|switch|p1a: Landorus|Landorus, M|319\/319
|move|p2a: Heliolisk|Surf|p1a: Landorus
|-supereffective|p1a: Landorus
|-damage|p1a: Landorus|0 fnt
|faint|p1a: Landorus
|
|
|switch|p1a: Rotom-Wash|Rotom-Wash|180\/249
|turn|11
|
|switch|p2a: Rotom-Wash|Rotom-Wash|304\/304
|move|p1a: Rotom-Wash|Hydro Pump|p2a: Rotom-Wash
|-resisted|p2a: Rotom-Wash
|-damage|p2a: Rotom-Wash|181\/304
|
|turn|12
|
|switch|p1a: Sylveon|Sylveon, F|327\/394
|move|p2a: Rotom-Wash|Will-O-Wisp|p1a: Sylveon
|-status|p1a: Sylveon|brn
|
|-damage|p1a: Sylveon|278\/394 brn|[from] brn
|turn|13
|
|move|p2a: Rotom-Wash|Rest|p2a: Rotom-Wash
|-status|p2a: Rotom-Wash|slp
|-heal|p2a: Rotom-Wash|304\/304 slp|[silent]
|-status|p2a: Rotom-Wash|slp|[from] move: Rest
|-enditem|p2a: Rotom-Wash|Chesto Berry|[eat]
|-curestatus|p2a: Rotom-Wash|slp
|move|p1a: Sylveon|Heal Bell|p1a: Sylveon
|-cureteam|p1a: Sylveon|[from] move: HealBell
|
|turn|14
|
|move|p2a: Rotom-Wash|Volt Switch|p1a: Sylveon
|-damage|p1a: Sylveon|211\/394
|
|switch|p2a: Talonflame|Talonflame, F|298\/298
|move|p1a: Sylveon|Wish|p1a: Sylveon
|
|turn|15
|
|switch|p1a: Rotom-Wash|Rotom-Wash|180\/249
|move|p2a: Talonflame|Brave Bird|p1a: Rotom-Wash
|-resisted|p1a: Rotom-Wash
|-damage|p1a: Rotom-Wash|97\/249
|-damage|p2a: Talonflame|271\/298|[from] recoil|[of] p1a: Rotom-Wash
|
|-heal|p1a: Rotom-Wash|249\/249|[from] move: Wish|[wisher] Sylveon
|-heal|p2a: Talonflame|289\/298|[from] item: Leftovers
|turn|16
|
|move|p2a: Talonflame|U-turn|p1a: Rotom-Wash
|-damage|p1a: Rotom-Wash|180\/249
|
|switch|p2a: Heliolisk|Heliolisk, F|173\/266
|move|p1a: Rotom-Wash|Trick|p2a: Heliolisk
|-activate|p1a: Rotom-Wash|move: Trick|[of] p2a: Heliolisk
|-item|p2a: Heliolisk|Choice Specs|[from] move: Trick
|-item|p1a: Rotom-Wash|Choice Specs|[from] move: Trick
|
|turn|17
|
|switch|p1a: Amoonguss|Amoonguss, M|432\/432
|move|p2a: Heliolisk|Volt Switch|p1a: Amoonguss
|-resisted|p1a: Amoonguss
|-damage|p1a: Amoonguss|363\/432
|
|switch|p2a: Talonflame|Talonflame, F|289\/298
|
|-heal|p2a: Talonflame|298\/298|[from] item: Leftovers
|turn|18
|
|move|p2a: Talonflame|Brave Bird|p1a: Amoonguss
|-supereffective|p1a: Amoonguss
|-damage|p1a: Amoonguss|75\/432
|-damage|p2a: Talonflame|203\/298|[from] recoil|[of] p1a: Amoonguss
|move|p1a: Amoonguss|Sludge Bomb|p2a: Talonflame
|-damage|p2a: Talonflame|77\/298
|
|-heal|p2a: Talonflame|95\/298|[from] item: Leftovers
|turn|19
|
|move|p2a: Talonflame|Brave Bird|p1a: Amoonguss
|-supereffective|p1a: Amoonguss
|-damage|p1a: Amoonguss|0 fnt
|-damage|p2a: Talonflame|70\/298|[from] recoil|[of] p1a: Amoonguss
|faint|p1a: Amoonguss
|
|-heal|p2a: Talonflame|88\/298|[from] item: Leftovers
|
|switch|p1a: Rotom-Wash|Rotom-Wash|180\/249
|turn|20
|
|move|p2a: Talonflame|U-turn|p1a: Rotom-Wash
|-damage|p1a: Rotom-Wash|119\/249
|
|switch|p2a: Heliolisk|Heliolisk, F|173\/266
|move|p1a: Rotom-Wash|Volt Switch|p2a: Heliolisk
|-resisted|p2a: Heliolisk
|-damage|p2a: Heliolisk|77\/266
|
|switch|p1a: Sylveon|Sylveon, F|211\/394
|
|turn|21
|
|move|p1a: Sylveon|Protect|p1a: Sylveon
|-singleturn|p1a: Sylveon|Protect
|move|p2a: Heliolisk|Thunderbolt|p1a: Sylveon
|-activate|p1a: Sylveon|Protect
|
|turn|22
|
|move|p2a: Heliolisk|Thunderbolt|p1a: Sylveon
|-damage|p1a: Sylveon|34\/394
|move|p1a: Sylveon|Wish|p1a: Sylveon
|
|turn|23
|
|switch|p2a: Talonflame|Talonflame, F|88\/298
|move|p1a: Sylveon|Hyper Voice|p2a: Talonflame
|-resisted|p2a: Talonflame
|-damage|p2a: Talonflame|0 fnt
|faint|p2a: Talonflame
|
|-heal|p1a: Sylveon|231\/394|[from] move: Wish|[wisher] Sylveon
|-message|chrono5 forfeited.
|
|win|Avatar Karin
|raw|Ladder updating...
|leave|chrono5
|player|p2
|raw|Avatar Karin's rating: 1616 &rarr; <strong>1635<\/strong><br \/>(+19 for winning)
|raw|chrono5's rating: 1606 &rarr; <strong>1587<\/strong><br \/>(-19 for losing)