|join|Avatar Karin
|join|Hookshot
|player|p1|Avatar Karin|190
|player|p2|Hookshot|264
|gametype|singles
|gen|6
|tier|OU
|rated
|clearpoke
|poke|p1|Tyranitar, M
|poke|p1|Garchomp, F
|poke|p1|Excadrill, M
|poke|p1|Zapdos
|poke|p1|Noivern, F
|poke|p1|Keldeo
|poke|p2|Alakazam, M
|poke|p2|Lucario, M
|poke|p2|Arcanine, M
|poke|p2|Hydreigon, M
|poke|p2|Mamoswine, M
|poke|p2|Relicanth, M
|rule|Swagger Clause: Swagger is banned
|rule|Baton Pass Clause: Limit one PokÃ©mon knowing Baton Pass
|rule|Sleep Clause Mod: Limit one foe put to sleep
|rule|Species Clause: Limit one of each PokÃ©mon
|rule|OHKO Clause: OHKO moves are banned
|rule|Moody Clause: Moody is banned
|rule|Evasion Moves Clause: Evasion moves are banned
|rule|Endless Battle Clause: Forcing endless battles is banned
|rule|HP Percentage Mod: HP is reported as percentages
|teampreview
|
|start
|switch|p1a: Keldeo|Keldeo|322\/322
|switch|p2a: Mamoswine|Mamoswine, M|361\/361
|turn|1
|
|move|p1a: Keldeo|Scald|p2a: Mamoswine
|-supereffective|p2a: Mamoswine
|-enditem|p2a: Mamoswine|Focus Sash
|-damage|p2a: Mamoswine|1\/361
|move|p2a: Mamoswine|Stealth Rock|p1a: Keldeo
|-sidestart|p1: Avatar Karin|move: Stealth Rock
|
|turn|2
|
|move|p1a: Keldeo|Scald|p2a: Mamoswine
|-supereffective|p2a: Mamoswine
|-damage|p2a: Mamoswine|0 fnt
|faint|p2a: Mamoswine
|
|
|switch|p2a: Hydreigon|Hydreigon, M|325\/325
|turn|3
|
|move|p2a: Hydreigon|Draco Meteor|p1a: Keldeo
|-damage|p1a: Keldeo|94\/322
|-unboost|p2a: Hydreigon|spa|2
|move|p1a: Keldeo|Scald|p2a: Hydreigon
|-resisted|p2a: Hydreigon
|-damage|p2a: Hydreigon|211\/325
|
|turn|4
|
|switch|p1a: Tyranitar|Tyranitar, M|404\/404
|-damage|p1a: Tyranitar|354\/404|[from] Stealth Rock
|-weather|Sandstorm
|move|p2a: Hydreigon|Draco Meteor|p1a: Tyranitar
|-damage|p1a: Tyranitar|279\/404
|-unboost|p2a: Hydreigon|spa|2
|
|-weather|Sandstorm|[upkeep]
|-damage|p2a: Hydreigon|191\/325|[from] sandstorm
|turn|5
|
|switch|p2a: Relicanth|Relicanth, M|372\/372
|move|p1a: Tyranitar|Stealth Rock|p2a: Relicanth
|-sidestart|p2: Hookshot|move: Stealth Rock
|
|-weather|Sandstorm|[upkeep]
|turn|6
|
|move|p2a: Relicanth|Waterfall|p1a: Tyranitar
|-supereffective|p1a: Tyranitar
|-damage|p1a: Tyranitar|0 fnt
|faint|p1a: Tyranitar
|
|-weather|Sandstorm|[upkeep]
|
|switch|p1a: Keldeo|Keldeo|94\/322
|-damage|p1a: Keldeo|74\/322|[from] Stealth Rock
|turn|7
|
|move|p1a: Keldeo|Secret Sword|p2a: Relicanth
|-supereffective|p2a: Relicanth
|-damage|p2a: Relicanth|0 fnt
|faint|p2a: Relicanth
|
|-weather|Sandstorm|[upkeep]
|-damage|p1a: Keldeo|54\/322|[from] sandstorm
|
|switch|p2a: Alakazam|Alakazam, M|252\/252
|turn|8
|
|detailschange|p2a: Alakazam|Alakazam-Mega, M
|message|Alakazam has Mega Evolved into Mega Alakazam!
|-ability|p2a: Alakazam|Justified|[from] ability: Trace|[of] p1a: Keldeo
|move|p2a: Alakazam|Substitute|p2a: Alakazam
|-start|p2a: Alakazam|Substitute
|-damage|p2a: Alakazam|189\/252
|move|p1a: Keldeo|Secret Sword|p2a: Alakazam
|-resisted|p2a: Alakazam
|-end|p2a: Alakazam|Substitute
|
|-weather|Sandstorm|[upkeep]
|-damage|p2a: Alakazam|174\/252|[from] sandstorm
|-damage|p1a: Keldeo|34\/322|[from] sandstorm
|turn|9
|
|move|p2a: Alakazam|Psyshock|p1a: Keldeo
|-supereffective|p1a: Keldeo
|-damage|p1a: Keldeo|0 fnt
|faint|p1a: Keldeo
|
|-weather|Sandstorm|[upkeep]
|-damage|p2a: Alakazam|159\/252|[from] sandstorm
|
|switch|p1a: Excadrill|Excadrill, M|361\/361
|-damage|p1a: Excadrill|350\/361|[from] Stealth Rock
|turn|10
|
|move|p1a: Excadrill|Iron Head|p2a: Alakazam
|-damage|p2a: Alakazam|0 fnt
|-damage|p1a: Excadrill|314\/361|[from] item: Life Orb
|faint|p2a: Alakazam
|
|-weather|Sandstorm|[upkeep]
|
|switch|p2a: Arcanine|Arcanine, M|383\/383
|-damage|p2a: Arcanine|288\/383|[from] Stealth Rock
|-ability|p2a: Arcanine|Intimidate|[of] p1a: Excadrill
|-unboost|p1a: Excadrill|atk|1
|turn|11
|
|switch|p2a: Hydreigon|Hydreigon, M|191\/325
|-damage|p2a: Hydreigon|151\/325|[from] Stealth Rock
|move|p1a: Excadrill|Rapid Spin|p2a: Hydreigon
|-damage|p2a: Hydreigon|122\/325
|-sideend|p1: Avatar Karin|Stealth Rock|[from] move: Rapid Spin|[of] p1a: Excadrill
|-damage|p1a: Excadrill|278\/361|[from] item: Life Orb
|
|-weather|none
|turn|12
|
|move|p2a: Hydreigon|Fire Blast|p1a: Excadrill
|-supereffective|p1a: Excadrill
|-damage|p1a: Excadrill|0 fnt
|faint|p1a: Excadrill
|
|
|switch|p1a: Garchomp|Garchomp, F|404\/404
|turn|13
|
|switch|p2a: Arcanine|Arcanine, M|288\/383
|-damage|p2a: Arcanine|193\/383|[from] Stealth Rock
|-ability|p2a: Arcanine|Intimidate|[of] p1a: Garchomp
|-unboost|p1a: Garchomp|atk|1
|move|p1a: Garchomp|Substitute|p1a: Garchomp
|-start|p1a: Garchomp|Substitute
|-damage|p1a: Garchomp|303\/404
|
|-heal|p2a: Arcanine|216\/383|[from] item: Leftovers
|turn|14
|
|move|p1a: Garchomp|Earthquake|p2a: Arcanine
|-supereffective|p2a: Arcanine
|-damage|p2a: Arcanine|0 fnt
|faint|p2a: Arcanine
|
|
|switch|p2a: Lucario|Lucario, M|281\/281
|-damage|p2a: Lucario|273\/281|[from] Stealth Rock
|turn|15
|
|detailschange|p1a: Garchomp|Garchomp-Mega, F
|message|Garchomp has Mega Evolved into Mega Garchomp!
|move|p2a: Lucario|Extreme Speed|p1a: Garchomp
|-activate|p1a: Garchomp|Substitute|[damage]
|-damage|p2a: Lucario|245\/281|[from] item: Life Orb
|move|p1a: Garchomp|Earthquake|p2a: Lucario
|-supereffective|p2a: Lucario
|-damage|p2a: Lucario|0 fnt
|faint|p2a: Lucario
|
|
|switch|p2a: Hydreigon|Hydreigon, M|122\/325
|-damage|p2a: Hydreigon|82\/325|[from] Stealth Rock
|turn|16
|chat|Hookshot|nice!
|chat|Hookshot|gg
|
|move|p2a: Hydreigon|Draco Meteor|p1a: Garchomp
|-supereffective|p1a: Garchomp
|-end|p1a: Garchomp|Substitute
|-unboost|p2a: Hydreigon|spa|2
|move|p1a: Garchomp|Stone Edge|p2a: Hydreigon
|-damage|p2a: Hydreigon|0 fnt
|faint|p2a: Hydreigon
|
|win|Avatar Karin
|raw|Ladder updating...
|raw|Avatar Karin's rating: 1546 &rarr; <strong>1561<\/strong><br \/>(+15 for winning)
|raw|Hookshot's rating: 1464 &rarr; <strong>1449<\/strong><br \/>(-15 for losing)