|join|Avatar Karin
|join|theWhiteRaven
|player|p1|Avatar Karin|223
|player|p2|theWhiteRaven|29
|gametype|singles
|gen|6
|tier|OU
|rated
|clearpoke
|poke|p1|Rotom-Heat
|poke|p1|Keldeo
|poke|p1|Tyranitar, F
|poke|p1|Excadrill, M
|poke|p1|Togekiss, M
|poke|p1|Ditto
|poke|p2|Azumarill, M
|poke|p2|Heatran, F
|poke|p2|Excadrill, M
|poke|p2|Latios, M
|poke|p2|Conkeldurr, M
|poke|p2|Suicune
|rule|Sleep Clause Mod: Limit one foe put to sleep
|rule|Species Clause: Limit one of each Pokemon
|rule|OHKO Clause: OHKO moves are banned
|rule|Moody Clause: Moody is banned
|rule|Evasion Moves Clause: Evasion moves are banned
|rule|Endless Battle Clause: Forcing endless battles is banned.
|rule|HP Percentage Mod: HP is reported as percentages
|teampreview
|
|start
|switch|p1a: Excadrill|Excadrill, M|361\/361
|switch|p2a: Latios|Latios, M|302\/302
|-ability|p1a: Excadrill|Mold Breaker
|turn|1
|
|move|p2a: Latios|Surf|p1a: Excadrill
|-supereffective|p1a: Excadrill
|-damage|p1a: Excadrill|43\/361
|move|p1a: Excadrill|Earthquake|p2a: Latios
|-damage|p2a: Latios|56\/302
|
|turn|2
|
|switch|p1a: Keldeo|Keldeo|323\/323
|move|p2a: Latios|Surf|p1a: Keldeo
|-resisted|p1a: Keldeo
|-damage|p1a: Keldeo|241\/323
|
|-heal|p1a: Keldeo|261\/323|[from] item: Leftovers
|turn|3
|
|switch|p2a: Azumarill|Azumarill, M|342\/342
|switch|p1a: Tyranitar|Tyranitar, F|341\/341
|-weather|Sandstorm
|
|-weather|Sandstorm|[upkeep]
|-damage|p2a: Azumarill|321\/342|[from] sandstorm
|turn|4
|
|switch|p1a: Rotom-Heat|Rotom-Heat|304\/304
|move|p2a: Azumarill|Waterfall|p1a: Rotom-Heat
|-supereffective|p1a: Rotom-Heat
|-damage|p1a: Rotom-Heat|0 fnt
|faint|p1a: Rotom-Heat
|
|-weather|Sandstorm|[upkeep]
|-damage|p2a: Azumarill|300\/342|[from] sandstorm
|
|switch|p1a: Excadrill|Excadrill, M|43\/361
|-ability|p1a: Excadrill|Mold Breaker
|turn|5
|
|move|p2a: Azumarill|Aqua Jet|p1a: Excadrill
|-crit|p1a: Excadrill
|-supereffective|p1a: Excadrill
|-damage|p1a: Excadrill|0 fnt
|faint|p1a: Excadrill
|
|-weather|Sandstorm|[upkeep]
|-damage|p2a: Azumarill|279\/342|[from] sandstorm
|
|switch|p1a: Togekiss|Togekiss, M|311\/311
|turn|6
|
|switch|p2a: Heatran|Heatran, F|386\/386
|move|p1a: Togekiss|Air Slash|p2a: Heatran
|-resisted|p2a: Heatran
|-damage|p2a: Heatran|342\/386
|
|-weather|Sandstorm|[upkeep]
|-damage|p1a: Togekiss|292\/311|[from] sandstorm
|-heal|p2a: Heatran|366\/386|[from] item: Leftovers
|turn|7
|
|move|p1a: Togekiss|Nasty Plot|p1a: Togekiss
|-boost|p1a: Togekiss|spa|2
|move|p2a: Heatran|Stealth Rock|p1a: Togekiss
|-sidestart|p1: Avatar Karin|move: Stealth Rock
|
|-weather|none
|-heal|p2a: Heatran|386\/386|[from] item: Leftovers
|turn|8
|
|move|p1a: Togekiss|Air Slash|p2a: Heatran
|-resisted|p2a: Heatran
|-damage|p2a: Heatran|284\/386
|move|p2a: Heatran|Roar|p1a: Togekiss
|drag|p1a: Keldeo|Keldeo|261\/323
|-damage|p1a: Keldeo|241\/323|[from] Stealth Rock
|
|-heal|p1a: Keldeo|261\/323|[from] item: Leftovers
|-heal|p2a: Heatran|308\/386|[from] item: Leftovers
|turn|9
|
|switch|p2a: Suicune|Suicune|404\/404
|-ability|p2a: Suicune|Pressure
|move|p1a: Keldeo|Secret Sword|p2a: Suicune
|-damage|p2a: Suicune|308\/404
|
|-heal|p1a: Keldeo|281\/323|[from] item: Leftovers
|-heal|p2a: Suicune|333\/404|[from] item: Leftovers
|turn|10
|
|move|p1a: Keldeo|Calm Mind|p1a: Keldeo
|-boost|p1a: Keldeo|spa|1
|-boost|p1a: Keldeo|spd|1
|move|p2a: Suicune|Scald|p1a: Keldeo
|-resisted|p1a: Keldeo
|-damage|p1a: Keldeo|251\/323
|
|-heal|p1a: Keldeo|271\/323|[from] item: Leftovers
|-heal|p2a: Suicune|358\/404|[from] item: Leftovers
|turn|11
|
|switch|p2a: Latios|Latios, M|56\/302
|move|p1a: Keldeo|Substitute|p1a: Keldeo
|-start|p1a: Keldeo|Substitute
|-damage|p1a: Keldeo|191\/323
|
|-heal|p1a: Keldeo|211\/323|[from] item: Leftovers
|turn|12
|
|move|p2a: Latios|Psyshock|p1a: Keldeo
|-supereffective|p1a: Keldeo
|-end|p1a: Keldeo|Substitute
|move|p1a: Keldeo|Scald|p2a: Latios
|-resisted|p2a: Latios
|-damage|p2a: Latios|0 fnt
|faint|p2a: Latios
|
|-heal|p1a: Keldeo|231\/323|[from] item: Leftovers
|
|switch|p2a: Azumarill|Azumarill, M|279\/342
|turn|13
|
|move|p1a: Keldeo|Scald|p2a: Azumarill
|-resisted|p2a: Azumarill
|-damage|p2a: Azumarill|162\/342
|-enditem|p2a: Azumarill|Sitrus Berry|[eat]
|-heal|p2a: Azumarill|247\/342|[from] item: Sitrus Berry
|move|p2a: Azumarill|Play Rough|p1a: Keldeo
|-supereffective|p1a: Keldeo
|-damage|p1a: Keldeo|0 fnt
|faint|p1a: Keldeo
|
|
|switch|p1a: Ditto|Ditto|299\/299
|-damage|p1a: Ditto|262\/299|[from] Stealth Rock
|-transform|p1a: Ditto|p2a: Azumarill
|turn|14
|
|move|p1a: Ditto|Play Rough|p2a: Azumarill
|-damage|p2a: Azumarill|24\/342
|-unboost|p2a: Azumarill|atk|1
|move|p2a: Azumarill|Play Rough|p1a: Ditto
|-damage|p1a: Ditto|109\/299
|
|turn|15
|
|move|p2a: Azumarill|Aqua Jet|p1a: Ditto
|-resisted|p1a: Ditto
|-damage|p1a: Ditto|73\/299
|move|p1a: Ditto|Play Rough|p2a: Azumarill
|-damage|p2a: Azumarill|0 fnt
|faint|p2a: Azumarill
|
|
|switch|p2a: Excadrill|Excadrill, M|361\/361
|-ability|p2a: Excadrill|Mold Breaker
|-item|p2a: Excadrill|Air Balloon
|turn|16
|
|move|p1a: Ditto|Play Rough|p2a: Excadrill
|-resisted|p2a: Excadrill
|-damage|p2a: Excadrill|217\/361
|-enditem|p2a: Excadrill|Air Balloon
|move|p2a: Excadrill|Iron Head|p1a: Ditto
|-crit|p1a: Ditto
|-damage|p1a: Ditto|0 fnt
|faint|p1a: Ditto
|
|
|switch|p1a: Togekiss|Togekiss, M|292\/311
|-damage|p1a: Togekiss|215\/311|[from] Stealth Rock
|turn|17
|
|move|p1a: Togekiss|Air Slash|p2a: Excadrill
|-resisted|p2a: Excadrill
|-damage|p2a: Excadrill|121\/361
|move|p2a: Excadrill|Iron Head|p1a: Togekiss
|-supereffective|p1a: Togekiss
|-damage|p1a: Togekiss|0 fnt
|faint|p1a: Togekiss
|
|-message|Avatar Karin forfeited.
|
|win|theWhiteRaven
|raw|Ladder updating...
|leave|Avatar Karin
|player|p1
|raw|Avatar Karin's rating: 1688 &rarr; <strong>1667<\/strong><br \/>(-21 for losing)
|raw|theWhiteRaven's rating: 1681 &rarr; <strong>1702<\/strong><br \/>(+21 for winning)