|join|FIGHTDAPOWAH
|join|Avatar Karin
|player|p1|FIGHTDAPOWAH|209
|player|p2|Avatar Karin|223
|gametype|singles
|gen|6
|tier|OU
|rated
|clearpoke
|poke|p1|Chesnaught, F, shiny
|poke|p1|Swampert, M
|poke|p1|Ninetales, F
|poke|p1|Staraptor, F
|poke|p1|Kyurem-Black
|poke|p1|Sableye, M
|poke|p2|Houndoom, M
|poke|p2|Celebi
|poke|p2|Gliscor, F
|poke|p2|Weavile, F
|poke|p2|Keldeo
|poke|p2|Toxicroak, M
|rule|Swagger Clause: Swagger is banned
|rule|Baton Pass Clause: Limit one PokÃ©mon knowing Baton Pass
|rule|Sleep Clause Mod: Limit one foe put to sleep
|rule|Species Clause: Limit one of each PokÃ©mon
|rule|OHKO Clause: OHKO moves are banned
|rule|Moody Clause: Moody is banned
|rule|Evasion Moves Clause: Evasion moves are banned
|rule|Endless Battle Clause: Forcing endless battles is banned
|rule|HP Percentage Mod: HP is shown in percentages
|teampreview
|
|start
|switch|p1a: Wendy|Staraptor, F|312\/312
|switch|p2a: Celebi|Celebi|404\/404
|turn|1
|
|move|p1a: Wendy|Brave Bird|p2a: Celebi
|-supereffective|p2a: Celebi
|-damage|p2a: Celebi|0 fnt
|-damage|p1a: Wendy|179\/312|[from] recoil|[of] p2a: Celebi
|faint|p2a: Celebi
|
|
|switch|p2a: Gliscor|Gliscor, F|354\/354
|turn|2
|
|move|p1a: Wendy|Brave Bird|p2a: Gliscor
|-damage|p2a: Gliscor|35\/354
|-damage|p1a: Wendy|74\/312|[from] recoil|[of] p2a: Gliscor
|move|p2a: Gliscor|Stealth Rock|p1a: Wendy
|-sidestart|p1: FIGHTDAPOWAH|move: Stealth Rock
|
|-heal|p2a: Gliscor|57\/354|[from] item: Leftovers
|turn|3
|
|move|p1a: Wendy|Brave Bird|p2a: Gliscor
|-damage|p2a: Gliscor|0 fnt
|-damage|p1a: Wendy|55\/312|[from] recoil|[of] p2a: Gliscor
|faint|p2a: Gliscor
|
|
|switch|p2a: Keldeo|Keldeo|323\/323
|turn|4
|
|move|p2a: Keldeo|Scald|p1a: Wendy
|-damage|p1a: Wendy|0 fnt
|faint|p1a: Wendy
|
|
|switch|p1a: Kyuubi|Ninetales, F|349\/349
|-damage|p1a: Kyuubi|262\/349|[from] Stealth Rock
|-weather|SunnyDay
|turn|5
|
|switch|p2a: Houndoom|Houndoom, M|312\/312
|move|p1a: Kyuubi|Solar Beam|p2a: Houndoom|[still]
|-prepare|p1a: Kyuubi|Solar Beam|p2a: Houndoom
|-anim|p1a: Kyuubi|Solar Beam|p2a: Houndoom
|-resisted|p2a: Houndoom
|-damage|p2a: Houndoom|266\/312
|
|-weather|SunnyDay|[upkeep]
|turn|6
|
|detailschange|p2a: Houndoom|Houndoom-Mega, M
|-mega|p2a: Houndoom|Houndoom|Houndoominite
|move|p2a: Houndoom|Fire Blast|p1a: Kyuubi|[miss]
|-miss|p2a: Houndoom|p1a: Kyuubi
|move|p1a: Kyuubi|Toxic|p2a: Houndoom
|-status|p2a: Houndoom|tox
|
|-weather|SunnyDay|[upkeep]
|-damage|p2a: Houndoom|227\/312 tox|[from] ability: Solar Power
|-damage|p2a: Houndoom|208\/312 tox|[from] psn
|turn|7
|
|move|p2a: Houndoom|Fire Blast|p1a: Kyuubi
|-resisted|p1a: Kyuubi
|-damage|p1a: Kyuubi|106\/349
|move|p1a: Kyuubi|Flamethrower|p2a: Houndoom
|-resisted|p2a: Houndoom
|-damage|p2a: Houndoom|136\/312 tox
|
|-weather|SunnyDay|[upkeep]
|-damage|p2a: Houndoom|97\/312 tox|[from] ability: Solar Power
|-damage|p2a: Houndoom|59\/312 tox|[from] psn
|turn|8
|
|move|p2a: Houndoom|Dark Pulse|p1a: Kyuubi
|-damage|p1a: Kyuubi|0 fnt
|faint|p1a: Kyuubi
|
|-weather|SunnyDay|[upkeep]
|-damage|p2a: Houndoom|20\/312 tox|[from] ability: Solar Power
|-damage|p2a: Houndoom|0 fnt|[from] psn
|faint|p2a: Houndoom
|
|switch|p2a: Weavile|Weavile, F|281\/281
|switch|p1a: Roll|Chesnaught, F, shiny|379\/379
|-ability|p2a: Weavile|Pressure
|-damage|p1a: Roll|356\/379|[from] Stealth Rock
|turn|9
|
|move|p1a: Roll|Spiky Shield|p1a: Roll
|-singleturn|p1a: Roll|move: Protect
|move|p2a: Weavile|Icicle Crash|p1a: Roll
|-activate|p1a: Roll|move: Protect
|
|-weather|none
|turn|10
|
|move|p2a: Weavile|Icicle Crash|p1a: Roll
|-supereffective|p1a: Roll
|-damage|p1a: Roll|104\/379
|cant|p1a: Roll|flinch
|
|turn|11
|
|move|p2a: Weavile|Icicle Crash|p1a: Roll
|-supereffective|p1a: Roll
|-damage|p1a: Roll|0 fnt
|faint|p1a: Roll
|
|
|switch|p1a: Geass|Sableye, M|242\/242
|-damage|p1a: Geass|212\/242|[from] Stealth Rock
|turn|12
|
|switch|p2a: Keldeo|Keldeo|323\/323
|detailschange|p1a: Geass|Sableye-Mega, M
|-mega|p1a: Geass|Sableye|Sablenite
|move|p1a: Geass|Will-O-Wisp|p2a: Keldeo
|-status|p2a: Keldeo|brn
|
|-damage|p2a: Keldeo|283\/323 brn|[from] brn
|turn|13
|
|move|p2a: Keldeo|Scald|p1a: Geass
|-damage|p1a: Geass|107\/242
|move|p1a: Geass|Calm Mind|p1a: Geass
|-boost|p1a: Geass|spa|1
|-boost|p1a: Geass|spd|1
|
|-damage|p2a: Keldeo|243\/323 brn|[from] brn
|turn|14
|
|move|p2a: Keldeo|Scald|p1a: Geass
|-damage|p1a: Geass|29\/242
|move|p1a: Geass|Recover|p1a: Geass
|-heal|p1a: Geass|150\/242
|
|-damage|p2a: Keldeo|203\/323 brn|[from] brn
|turn|15
|
|move|p2a: Keldeo|Scald|p1a: Geass
|-damage|p1a: Geass|72\/242
|move|p1a: Geass|Recover|p1a: Geass
|-heal|p1a: Geass|193\/242
|
|-damage|p2a: Keldeo|163\/323 brn|[from] brn
|turn|16
|
|move|p2a: Keldeo|Scald|p1a: Geass
|-crit|p1a: Geass
|-damage|p1a: Geass|36\/242
|move|p1a: Geass|Recover|p1a: Geass
|-heal|p1a: Geass|157\/242
|
|-damage|p2a: Keldeo|123\/323 brn|[from] brn
|turn|17
|
|move|p2a: Keldeo|Scald|p1a: Geass
|-damage|p1a: Geass|78\/242
|-status|p1a: Geass|brn
|move|p1a: Geass|Recover|p1a: Geass
|-heal|p1a: Geass|199\/242 brn
|
|-damage|p2a: Keldeo|83\/323 brn|[from] brn
|-damage|p1a: Geass|169\/242 brn|[from] brn
|turn|18
|
|switch|p2a: Weavile|Weavile, F|281\/281
|-ability|p2a: Weavile|Pressure
|move|p1a: Geass|Recover|p1a: Geass
|-heal|p1a: Geass|242\/242 brn
|
|-damage|p1a: Geass|212\/242 brn|[from] brn
|turn|19
|
|move|p2a: Weavile|Icicle Crash|p1a: Geass
|-damage|p1a: Geass|46\/242 brn
|move|p1a: Geass|Will-O-Wisp|p2a: Weavile
|-status|p2a: Weavile|brn
|
|-damage|p2a: Weavile|246\/281 brn|[from] brn
|-damage|p1a: Geass|16\/242 brn|[from] brn
|turn|20
|
|move|p2a: Weavile|Icicle Crash|p1a: Geass
|-damage|p1a: Geass|0 fnt
|faint|p1a: Geass
|
|-damage|p2a: Weavile|211\/281 brn|[from] brn
|
|switch|p1a: Hero of Ideals|Kyurem-Black|454\/454
|-damage|p1a: Hero of Ideals|341\/454|[from] Stealth Rock
|-ability|p1a: Hero of Ideals|Teravolt
|turn|21
|
|move|p2a: Weavile|Icicle Crash|p1a: Hero of Ideals|[miss]
|-miss|p2a: Weavile|p1a: Hero of Ideals
|move|p1a: Hero of Ideals|Roost|p1a: Hero of Ideals
|-heal|p1a: Hero of Ideals|454\/454
|
|-damage|p2a: Weavile|176\/281 brn|[from] brn
|turn|22
|
|move|p2a: Weavile|Icicle Crash|p1a: Hero of Ideals
|-damage|p1a: Hero of Ideals|343\/454
|move|p1a: Hero of Ideals|Fusion Bolt|p2a: Weavile
|-damage|p2a: Weavile|0 fnt
|faint|p2a: Weavile
|
|-heal|p1a: Hero of Ideals|371\/454|[from] item: Leftovers
|
|switch|p2a: Toxicroak|Toxicroak, M|337\/337
|turn|23
|
|move|p2a: Toxicroak|Low Kick|p1a: Hero of Ideals
|-supereffective|p1a: Hero of Ideals
|-damage|p1a: Hero of Ideals|0 fnt
|faint|p1a: Hero of Ideals
|
|
|switch|p1a: Jecht|Swampert, M|404\/404
|-damage|p1a: Jecht|379\/404|[from] Stealth Rock
|turn|24
|
|move|p2a: Toxicroak|Knock Off|p1a: Jecht
|-damage|p1a: Jecht|262\/404
|-enditem|p1a: Jecht|Assault Vest|[from] move: Knock Off|[of] p2a: Toxicroak
|move|p1a: Jecht|Earthquake|p2a: Toxicroak
|-supereffective|p2a: Toxicroak
|-damage|p2a: Toxicroak|0 fnt
|faint|p2a: Toxicroak
|
|
|switch|p2a: Keldeo|Keldeo|83\/323 brn
|turn|25
|
|move|p2a: Keldeo|Scald|p1a: Jecht
|-damage|p1a: Jecht|108\/404
|move|p1a: Jecht|Earthquake|p2a: Keldeo
|-damage|p2a: Keldeo|0 fnt
|faint|p2a: Keldeo
|
|win|FIGHTDAPOWAH
|raw|Ladder updating...
|raw|FIGHTDAPOWAH's rating: 1183 &rarr; <strong>1210<\/strong><br \/>(+27 for winning)
|raw|Avatar Karin's rating: 1210 &rarr; <strong>1183<\/strong><br \/>(-27 for losing)
|leave|Avatar Karin
|player|p2