|join|naneek
|join|Avatar Karin
|player|p1|naneek|46
|player|p2|Avatar Karin|223
|gametype|singles
|gen|6
|tier|OU (suspect test)
|rated
|clearpoke
|poke|p1|Swampert, M
|poke|p1|Politoed, F
|poke|p1|Gothitelle, M
|poke|p1|Ferrothorn, M
|poke|p1|Kingdra, F
|poke|p1|Tornadus-Therian, M
|poke|p2|Weavile, M
|poke|p2|Camerupt, M
|poke|p2|Keldeo
|poke|p2|Celebi
|poke|p2|Noivern, M
|poke|p2|Ditto
|rule|Swagger Clause: Swagger is banned
|rule|Baton Pass Clause: Limit one PokÃ©mon knowing Baton Pass
|rule|Sleep Clause Mod: Limit one foe put to sleep
|rule|Species Clause: Limit one of each PokÃ©mon
|rule|OHKO Clause: OHKO moves are banned
|rule|Moody Clause: Moody is banned
|rule|Evasion Moves Clause: Evasion moves are banned
|rule|Endless Battle Clause: Forcing endless battles is banned
|rule|HP Percentage Mod: HP is shown in percentages
|teampreview
|
|start
|switch|p1a: Tornadus-Therian|Tornadus-Therian, M|299\/299
|switch|p2a: Camerupt|Camerupt, M|344\/344
|turn|1
|
|detailschange|p2a: Camerupt|Camerupt-Mega, M
|-mega|p2a: Camerupt|Camerupt|Cameruptite
|move|p1a: Tornadus-Therian|U-turn|p2a: Camerupt
|-resisted|p2a: Camerupt
|-damage|p2a: Camerupt|308\/344
|-damage|p1a: Tornadus-Therian|270\/299|[from] item: Life Orb
|
|switch|p1a: Politoed|Politoed, F|384\/384
|-weather|RainDance
|move|p2a: Camerupt|Stealth Rock|p1a: Politoed
|-sidestart|p1: naneek|move: Stealth Rock
|
|-weather|RainDance|[upkeep]
|turn|2
|
|switch|p1a: Gothitelle|Gothitelle, M|281\/281
|-damage|p1a: Gothitelle|246\/281|[from] Stealth Rock
|switch|p2a: Celebi|Celebi|404\/404
|
|-weather|RainDance|[upkeep]
|turn|3
|
|move|p1a: Gothitelle|Trick|p2a: Celebi
|-activate|p1a: Gothitelle|move: Trick|[of] p2a: Celebi
|-item|p2a: Celebi|Choice Scarf|[from] move: Trick
|-item|p1a: Gothitelle|Leftovers|[from] move: Trick
|move|p2a: Celebi|Baton Pass|p2a: Celebi
|
|switch|p2a: Weavile|Weavile, M|281\/281
|-ability|p2a: Weavile|Pressure
|
|-weather|RainDance|[upkeep]
|-heal|p1a: Gothitelle|263\/281|[from] item: Leftovers
|turn|4
|
|move|p2a: Weavile|Knock Off|p1a: Gothitelle
|-supereffective|p1a: Gothitelle
|-damage|p1a: Gothitelle|0 fnt
|-enditem|p1a: Gothitelle|Leftovers|[from] move: Knock Off|[of] p2a: Weavile
|faint|p1a: Gothitelle
|
|-weather|RainDance|[upkeep]
|
|switch|p1a: Swampert|Swampert, M|348\/348
|-damage|p1a: Swampert|327\/348|[from] Stealth Rock
|turn|5
|
|switch|p2a: Celebi|Celebi|404\/404
|detailschange|p1a: Swampert|Swampert-Mega, M
|-mega|p1a: Swampert|Swampert|Swampertite
|move|p1a: Swampert|Waterfall|p2a: Celebi
|-resisted|p2a: Celebi
|-damage|p2a: Celebi|299\/404
|
|-weather|RainDance|[upkeep]
|turn|6
|
|switch|p1a: Ferrothorn|Ferrothorn, M|352\/352
|-damage|p1a: Ferrothorn|330\/352|[from] Stealth Rock
|move|p2a: Celebi|Baton Pass|p2a: Celebi
|
|switch|p2a: Camerupt|Camerupt-Mega, M|308\/344
|
|-weather|RainDance|[upkeep]
|-heal|p1a: Ferrothorn|352\/352|[from] item: Leftovers
|turn|7
|
|switch|p1a: Politoed|Politoed, F|384\/384
|-damage|p1a: Politoed|336\/384|[from] Stealth Rock
|move|p2a: Camerupt|Fire Blast|p1a: Politoed
|-resisted|p1a: Politoed
|-damage|p1a: Politoed|266\/384
|
|-weather|RainDance|[upkeep]
|turn|8
|
|switch|p2a: Weavile|Weavile, M|281\/281
|-ability|p2a: Weavile|Pressure
|move|p1a: Politoed|Scald|p2a: Weavile
|-damage|p2a: Weavile|136\/281
|
|-weather|none
|turn|9
|
|switch|p1a: Swampert|Swampert-Mega, M|327\/348
|-damage|p1a: Swampert|306\/348|[from] Stealth Rock
|move|p2a: Weavile|Icicle Crash|p1a: Swampert
|-damage|p1a: Swampert|95\/348
|
|turn|10
|
|switch|p1a: Ferrothorn|Ferrothorn, M|352\/352
|-damage|p1a: Ferrothorn|330\/352|[from] Stealth Rock
|move|p2a: Weavile|Icicle Crash|p1a: Ferrothorn
|-damage|p1a: Ferrothorn|176\/352
|
|-heal|p1a: Ferrothorn|198\/352|[from] item: Leftovers
|turn|11
|
|move|p2a: Weavile|Icicle Crash|p1a: Ferrothorn
|-damage|p1a: Ferrothorn|35\/352
|cant|p1a: Ferrothorn|flinch
|
|-heal|p1a: Ferrothorn|57\/352|[from] item: Leftovers
|turn|12
|
|move|p2a: Weavile|Icicle Crash|p1a: Ferrothorn
|-damage|p1a: Ferrothorn|0 fnt
|faint|p1a: Ferrothorn
|
|
|switch|p1a: Politoed|Politoed, F|266\/384
|-damage|p1a: Politoed|218\/384|[from] Stealth Rock
|-weather|RainDance
|turn|13
|
|switch|p2a: Celebi|Celebi|299\/404
|move|p1a: Politoed|Scald|p2a: Celebi
|-resisted|p2a: Celebi
|-damage|p2a: Celebi|239\/404
|
|-weather|RainDance|[upkeep]
|turn|14
|
|switch|p1a: Tornadus-Therian|Tornadus-Therian, M|299\/299
|-damage|p1a: Tornadus-Therian|225\/299|[from] Stealth Rock
|move|p2a: Celebi|Baton Pass|p2a: Celebi
|
|switch|p2a: Weavile|Weavile, M|136\/281
|-ability|p2a: Weavile|Pressure
|
|-weather|RainDance|[upkeep]
|turn|15
|
|switch|p1a: Kingdra|Kingdra, F|307\/307
|-damage|p1a: Kingdra|269\/307|[from] Stealth Rock
|move|p2a: Weavile|Knock Off|p1a: Kingdra
|-damage|p1a: Kingdra|7\/307
|-enditem|p1a: Kingdra|Choice Specs|[from] move: Knock Off|[of] p2a: Weavile
|
|-weather|RainDance|[upkeep]
|turn|16
|
|switch|p2a: Ditto|Ditto|300\/300
|-transform|p2a: Ditto|p1a: Kingdra
|move|p1a: Kingdra|Dragon Pulse|p2a: Ditto
|-supereffective|p2a: Ditto
|-damage|p2a: Ditto|22\/300
|
|-weather|RainDance|[upkeep]
|turn|17
|
|move|p2a: Ditto|Surf|p1a: Kingdra
|-resisted|p1a: Kingdra
|-damage|p1a: Kingdra|0 fnt
|faint|p1a: Kingdra
|
|-weather|RainDance|[upkeep]
|
|switch|p1a: Politoed|Politoed, F|218\/384
|-damage|p1a: Politoed|170\/384|[from] Stealth Rock
|turn|18
|
|move|p2a: Ditto|Surf|p1a: Politoed
|-resisted|p1a: Politoed
|-damage|p1a: Politoed|70\/384
|move|p1a: Politoed|Scald|p2a: Ditto
|-crit|p2a: Ditto
|-resisted|p2a: Ditto
|-damage|p2a: Ditto|0 fnt
|faint|p2a: Ditto
|
|-weather|RainDance|[upkeep]
|
|switch|p2a: Weavile|Weavile, M|136\/281
|-ability|p2a: Weavile|Pressure
|turn|19
|
|move|p2a: Weavile|Knock Off|p1a: Politoed
|-damage|p1a: Politoed|0 fnt
|-enditem|p1a: Politoed|Damp Rock|[from] move: Knock Off|[of] p2a: Weavile
|faint|p1a: Politoed
|
|-weather|RainDance|[upkeep]
|
|switch|p1a: Swampert|Swampert-Mega, M|95\/348
|-damage|p1a: Swampert|74\/348|[from] Stealth Rock
|turn|20
|
|switch|p2a: Noivern|Noivern, M|311\/311
|move|p1a: Swampert|Ice Punch|p2a: Noivern
|-supereffective|p2a: Noivern
|-damage|p2a: Noivern|0 fnt
|faint|p2a: Noivern
|
|-weather|none
|
|switch|p2a: Weavile|Weavile, M|136\/281
|-ability|p2a: Weavile|Pressure
|turn|21
|-message|naneek forfeited.
|
|win|Avatar Karin
|raw|Ladder updating...
|leave|naneek
|player|p1
|raw|naneek's rating: 1483 &rarr; <strong>1454<\/strong><br \/>(-29 for losing)
|raw|Avatar Karin's rating: 1328 &rarr; <strong>1356<\/strong><br \/>(+28 for winning)