|join|Massacote
|join|d.d. survivor
|player|p1|Massacote|1
|player|p2|d.d. survivor|30
|gametype|singles
|gen|6
|tier|OU
|rated
|clearpoke
|poke|p1|Gyarados, M
|poke|p1|Latias, F
|poke|p1|Kyurem-Black
|poke|p1|Aegislash, M
|poke|p1|Landorus-Therian, M
|poke|p1|Raikou
|poke|p2|Gyarados, F
|poke|p2|Braviary, M
|poke|p2|Gothitelle, F
|poke|p2|Magnezone
|poke|p2|Ditto
|poke|p2|Conkeldurr, M
|rule|Sleep Clause Mod: Limit one foe put to sleep
|rule|Species Clause: Limit one of each Pokemon
|rule|OHKO Clause: OHKO moves are banned
|rule|Moody Clause: Moody is banned
|rule|Evasion Moves Clause: Evasion moves are banned
|rule|Endless Battle Clause: Forcing endless battles is banned.
|rule|HP Percentage Mod: HP is reported as percentages
|teampreview
|
|start
|switch|p1a: Raikou|Raikou|321\/321
|switch|p2a: Braviary|Braviary, M|401\/401
|-ability|p1a: Raikou|Pressure
|turn|1
|
|switch|p2a: Ditto|Ditto|300\/300
|-transform|p2a: Ditto|p1a: Raikou
|-ability|p2a: Ditto|Pressure
|move|p1a: Raikou|Thunderbolt|p2a: Ditto
|-resisted|p2a: Ditto
|-damage|p2a: Ditto|228\/300
|
|turn|2
|
|move|p2a: Ditto|Volt Switch|p1a: Raikou
|-resisted|p1a: Raikou
|-damage|p1a: Raikou|286\/321
|
|switch|p2a: Conkeldurr|Conkeldurr, M|351\/351
|move|p1a: Raikou|Volt Switch|p2a: Conkeldurr
|-damage|p2a: Conkeldurr|264\/351
|
|switch|p1a: Landorus-Therian|Landorus-Therian, M|381\/381
|-ability|p1a: Landorus-Therian|Intimidate|[of] p2a: Conkeldurr
|-unboost|p2a: Conkeldurr|atk|1
|
|turn|3
|
|move|p1a: Landorus-Therian|Stealth Rock|p2a: Conkeldurr
|-sidestart|p2: d.d. survivor|move: Stealth Rock
|move|p2a: Conkeldurr|Ice Punch|p1a: Landorus-Therian
|-supereffective|p1a: Landorus-Therian
|-damage|p1a: Landorus-Therian|177\/381
|-damage|p2a: Conkeldurr|206\/351|[from] item: Rocky Helmet|[of] p1a: Landorus-Therian
|
|turn|4
|
|move|p1a: Landorus-Therian|U-turn|p2a: Conkeldurr
|-resisted|p2a: Conkeldurr
|-damage|p2a: Conkeldurr|170\/351
|
|switch|p1a: Gyarados|Gyarados, M|361\/361
|-ability|p1a: Gyarados|Intimidate|[of] p2a: Conkeldurr
|-unboost|p2a: Conkeldurr|atk|1
|move|p2a: Conkeldurr|Knock Off|p1a: Gyarados
|-damage|p1a: Gyarados|307\/361
|
|turn|5
|
|switch|p2a: Braviary|Braviary, M|401\/401
|-damage|p2a: Braviary|301\/401|[from] Stealth Rock
|move|p1a: Gyarados|Waterfall|p2a: Braviary
|-damage|p2a: Braviary|175\/401
|
|-heal|p2a: Braviary|200\/401|[from] item: Leftovers
|turn|6
|
|move|p1a: Gyarados|Dragon Dance|p1a: Gyarados
|-boost|p1a: Gyarados|atk|1
|-boost|p1a: Gyarados|spe|1
|move|p2a: Braviary|Roost|p2a: Braviary
|-heal|p2a: Braviary|401\/401
|
|turn|7
|
|move|p1a: Gyarados|Waterfall|p2a: Braviary
|-damage|p2a: Braviary|235\/401
|move|p2a: Braviary|Defog|p1a: Gyarados
|-unboost|p1a: Gyarados|evasion|1
|-sideend|p2: d.d. survivor|Stealth Rock|[from] move: Defog|[of] p2a: Braviary
|
|-heal|p2a: Braviary|260\/401|[from] item: Leftovers
|turn|8
|
|-formechange|p1a: Gyarados|Gyarados-Mega
|message|Gyarados has Mega Evolved into Mega Gyarados!
|-ability|p1a: Gyarados|Mold Breaker
|move|p1a: Gyarados|Waterfall|p2a: Braviary
|-damage|p2a: Braviary|59\/401
|cant|p2a: Braviary|flinch
|
|-heal|p2a: Braviary|84\/401|[from] item: Leftovers
|turn|9
|
|move|p1a: Gyarados|Waterfall|p2a: Braviary
|-damage|p2a: Braviary|0 fnt
|faint|p2a: Braviary
|
|
|switch|p2a: Ditto|Ditto|228\/300
|-transform|p2a: Ditto|p1a: Gyarados
|-ability|p2a: Ditto|Mold Breaker
|turn|10
|
|switch|p1a: Kyurem-Black|Kyurem-Black|404\/404
|-ability|p1a: Kyurem-Black|Teravolt
|move|p2a: Ditto|Earthquake|p1a: Kyurem-Black
|-damage|p1a: Kyurem-Black|180\/404
|
|-heal|p1a: Kyurem-Black|205\/404|[from] item: Leftovers
|turn|11
|
|switch|p1a: Landorus-Therian|Landorus-Therian, M|177\/381
|-ability|p1a: Landorus-Therian|Intimidate|[of] p2a: Ditto
|-unboost|p2a: Ditto|atk|1
|move|p2a: Ditto|Earthquake|p1a: Landorus-Therian
|-immune|p1a: Landorus-Therian|[msg]
|
|turn|12
|
|switch|p2a: Gyarados|Gyarados, F|332\/332
|-ability|p2a: Gyarados|Intimidate|[of] p1a: Landorus-Therian
|-unboost|p1a: Landorus-Therian|atk|1
|move|p1a: Landorus-Therian|Stealth Rock|p2a: Gyarados
|-sidestart|p2: d.d. survivor|move: Stealth Rock
|
|turn|13
|
|move|p2a: Gyarados|Dragon Dance|p2a: Gyarados
|-boost|p2a: Gyarados|atk|1
|-boost|p2a: Gyarados|spe|1
|move|p1a: Landorus-Therian|U-turn|p2a: Gyarados
|-resisted|p2a: Gyarados
|-damage|p2a: Gyarados|304\/332
|
|switch|p1a: Kyurem-Black|Kyurem-Black|205\/404
|-ability|p1a: Kyurem-Black|Teravolt
|
|-heal|p1a: Kyurem-Black|230\/404|[from] item: Leftovers
|turn|14
|
|-formechange|p2a: Gyarados|Gyarados-Mega
|message|Gyarados has Mega Evolved into Mega Gyarados!
|-ability|p2a: Gyarados|Mold Breaker
|move|p2a: Gyarados|Earthquake|p1a: Kyurem-Black
|-damage|p1a: Kyurem-Black|0 fnt
|faint|p1a: Kyurem-Black
|
|
|switch|p1a: Landorus-Therian|Landorus-Therian, M|177\/381
|-ability|p1a: Landorus-Therian|Intimidate|[of] p2a: Gyarados
|-unboost|p2a: Gyarados|atk|1
|turn|15
|
|move|p2a: Gyarados|Waterfall|p1a: Landorus-Therian
|-supereffective|p1a: Landorus-Therian
|-damage|p1a: Landorus-Therian|0 fnt
|-damage|p2a: Gyarados|249\/332|[from] item: Rocky Helmet|[of] p1a: Landorus-Therian
|faint|p1a: Landorus-Therian
|
|
|switch|p1a: Latias|Latias, F|301\/301
|turn|16
|
|move|p2a: Gyarados|Ice Fang|p1a: Latias
|-supereffective|p1a: Latias
|-damage|p1a: Latias|115\/301
|move|p1a: Latias|Draco Meteor|p2a: Gyarados
|-damage|p2a: Gyarados|31\/332
|-unboost|p1a: Latias|spa|2
|-damage|p1a: Latias|85\/301|[from] item: Life Orb
|
|turn|17
|
|switch|p1a: Aegislash|Aegislash, M|324\/324
|move|p2a: Gyarados|Waterfall|p1a: Aegislash
|-damage|p1a: Aegislash|207\/324
|
|-heal|p1a: Aegislash|227\/324|[from] item: Leftovers
|turn|18
|
|-formechange|p1a: Aegislash|Aegislash-Blade
|move|p1a: Aegislash|Shadow Sneak|p2a: Gyarados
|-resisted|p2a: Gyarados
|-damage|p2a: Gyarados|1\/332
|move|p2a: Gyarados|Earthquake|p1a: Aegislash
|-supereffective|p1a: Aegislash
|-damage|p1a: Aegislash|0 fnt
|faint|p1a: Aegislash
|
|
|switch|p1a: Gyarados|Gyarados, M|307\/361
|-formechange|p1a: Gyarados|Gyarados-Mega
|-ability|p1a: Gyarados|Mold Breaker
|turn|19
|
|move|p2a: Gyarados|Earthquake|p1a: Gyarados
|-crit|p1a: Gyarados
|-damage|p1a: Gyarados|119\/361
|move|p1a: Gyarados|Waterfall|p2a: Gyarados
|-resisted|p2a: Gyarados
|-damage|p2a: Gyarados|0 fnt
|faint|p2a: Gyarados
|
|
|switch|p2a: Magnezone|Magnezone|281\/281
|-damage|p2a: Magnezone|264\/281|[from] Stealth Rock
|turn|20
|
|move|p2a: Magnezone|Volt Switch|p1a: Gyarados
|-supereffective|p1a: Gyarados
|-damage|p1a: Gyarados|0 fnt
|faint|p1a: Gyarados
|
|switch|p2a: Gothitelle|Gothitelle, F|281\/281
|-damage|p2a: Gothitelle|246\/281|[from] Stealth Rock
|
|
|switch|p1a: Raikou|Raikou|286\/321
|-ability|p1a: Raikou|Pressure
|turn|21
|
|move|p1a: Raikou|Thunderbolt|p2a: Gothitelle
|-damage|p2a: Gothitelle|111\/281
|move|p2a: Gothitelle|Psyshock|p1a: Raikou
|-damage|p1a: Raikou|34\/321
|
|turn|22
|
|move|p1a: Raikou|Thunderbolt|p2a: Gothitelle
|-damage|p2a: Gothitelle|0 fnt
|faint|p2a: Gothitelle
|
|
|switch|p2a: Ditto|Ditto|228\/300
|-damage|p2a: Ditto|191\/300|[from] Stealth Rock
|-transform|p2a: Ditto|p1a: Raikou
|-ability|p2a: Ditto|Pressure
|turn|23
|
|move|p2a: Ditto|Shadow Ball|p1a: Raikou
|-damage|p1a: Raikou|0 fnt
|faint|p1a: Raikou
|
|-message|Massacote forfeited.
|
|win|d.d. survivor
|raw|Ladder updating...
|raw|Massacote's rating: 1699 &rarr; <strong>1681<\/strong><br \/>(-18 for losing)
|raw|d.d. survivor's rating: 1729 &rarr; <strong>1747<\/strong><br \/>(+18 for winning)
|leave|Massacote
|player|p1