|join|Smogon Bleb :DDDDD
|join|d.d. survivor
|player|p1|Smogon Bleb :DDDDD|112
|player|p2|d.d. survivor|265
|gametype|singles
|gen|6
|tier|OU
|rated
|clearpoke
|poke|p1|Kyurem-Black
|poke|p1|Latias, F
|poke|p1|Landorus-Therian, M
|poke|p1|Terrakion
|poke|p1|Pinsir, M
|poke|p1|Magnezone
|poke|p2|Aegislash, F
|poke|p2|Kyurem-Black
|poke|p2|Clefable, F
|poke|p2|Zapdos
|poke|p2|Venusaur, F
|poke|p2|Rotom-Wash
|rule|Sleep Clause Mod: Limit one foe put to sleep
|rule|Species Clause: Limit one of each Pokemon
|rule|OHKO Clause: OHKO moves are banned
|rule|Moody Clause: Moody is banned
|rule|Evasion Moves Clause: Evasion moves are banned
|rule|Endless Battle Clause: Forcing endless battles is banned.
|rule|HP Percentage Mod: HP is reported as percentages
|teampreview
|join|STROKING
|join|oy vey my shekels
|chat|STROKING|fuk u
|
|start
|switch|p1a: Feel Slayer|Magnezone|344\/344
|switch|p2a: Venusaur|Venusaur, F|362\/362
|turn|1
|chat|Smogon Bleb :DDDDD|don't heckle the champ
|join|mouse de frank
|
|detailschange|p2a: Venusaur|Venusaur-Mega, F
|message|Venusaur has Mega Evolved into Mega Venusaur!
|move|p2a: Venusaur|Sleep Powder|p1a: Feel Slayer|[miss]
|-miss|p2a: Venusaur|p1a: Feel Slayer
|move|p1a: Feel Slayer|Volt Switch|p2a: Venusaur
|-resisted|p2a: Venusaur
|-damage|p2a: Venusaur|282\/362
|
|switch|p1a: UBERSATAN|Pinsir, M|271\/271
|-ability|p1a: UBERSATAN|Mold Breaker
|
|turn|2
|chat|STROKING|balk
|
|switch|p2a: Rotom-Wash|Rotom-Wash|301\/301
|detailschange|p1a: UBERSATAN|Pinsir-Mega, M
|message|Pinsir has Mega Evolved into Mega Pinsir!
|move|p1a: UBERSATAN|Frustration|p2a: Rotom-Wash
|-resisted|p2a: Rotom-Wash
|-damage|p2a: Rotom-Wash|211\/301
|
|turn|3
|
|switch|p1a: Feel Slayer|Magnezone|344\/344
|move|p2a: Rotom-Wash|Will-O-Wisp|p1a: Feel Slayer
|-status|p1a: Feel Slayer|brn
|
|-damage|p1a: Feel Slayer|301\/344 brn|[from] brn
|turn|4
|join|Tchadyy
|
|move|p2a: Rotom-Wash|Hydro Pump|p1a: Feel Slayer
|-damage|p1a: Feel Slayer|162\/344 brn
|move|p1a: Feel Slayer|Volt Switch|p2a: Rotom-Wash
|-damage|p2a: Rotom-Wash|31\/301
|
|switch|p1a: UBERSATAN|Pinsir-Mega, M|271\/271
|
|turn|5
|
|switch|p2a: Aegislash|Aegislash, F|304\/304
|move|p1a: UBERSATAN|Frustration|p2a: Aegislash
|-resisted|p2a: Aegislash
|-damage|p2a: Aegislash|217\/304
|
|-heal|p2a: Aegislash|236\/304|[from] item: Leftovers
|turn|6
|chat|Smogon Bleb :DDDDD|everything is fully defensively invested
|
|move|p1a: UBERSATAN|Earthquake|p2a: Aegislash
|-supereffective|p2a: Aegislash
|-damage|p2a: Aegislash|58\/304
|move|p2a: Aegislash|Toxic|p1a: UBERSATAN
|-status|p1a: UBERSATAN|tox
|
|-heal|p2a: Aegislash|77\/304|[from] item: Leftovers
|-damage|p1a: UBERSATAN|255\/271 tox|[from] psn
|turn|7
|
|switch|p2a: Zapdos|Zapdos|384\/384
|-ability|p2a: Zapdos|Pressure
|move|p1a: UBERSATAN|Swords Dance|p1a: UBERSATAN
|-boost|p1a: UBERSATAN|atk|2
|
|-damage|p1a: UBERSATAN|223\/271 tox|[from] psn
|turn|8
|chat|mouse de frank|that guy has two checks to mega pincer gezz
|chat|STROKING|To be fair the meta is pretty physically based right now
|
|move|p1a: UBERSATAN|Frustration|p2a: Zapdos
|-resisted|p2a: Zapdos
|-damage|p2a: Zapdos|98\/384
|move|p2a: Zapdos|Discharge|p1a: UBERSATAN
|-supereffective|p1a: UBERSATAN
|-damage|p1a: UBERSATAN|0 fnt
|faint|p1a: UBERSATAN
|
|-heal|p2a: Zapdos|122\/384|[from] item: Leftovers
|
|switch|p1a: Sound Owl|Kyurem-Black|391\/391
|-ability|p1a: Sound Owl|Teravolt
|turn|9
|join|BTFO
|chat|STROKING|btw nice thick fat on that venu :^)
|
|switch|p2a: Aegislash|Aegislash, F|77\/304
|move|p1a: Sound Owl|Fusion Bolt|p2a: Aegislash
|-damage|p2a: Aegislash|0 fnt
|faint|p2a: Aegislash
|
|
|switch|p2a: Kyurem-Black|Kyurem-Black|404\/404
|-ability|p2a: Kyurem-Black|Teravolt
|turn|10
|
|switch|p1a: Land Doge|Landorus-Therian, M|381\/381
|-ability|p1a: Land Doge|Intimidate|[of] p2a: Kyurem-Black
|-unboost|p2a: Kyurem-Black|atk|1
|move|p2a: Kyurem-Black|Substitute|p2a: Kyurem-Black
|-start|p2a: Kyurem-Black|Substitute
|-damage|p2a: Kyurem-Black|303\/404
|
|-heal|p2a: Kyurem-Black|328\/404|[from] item: Leftovers
|turn|11
|chat|BTFO|ice beam inc
|
|move|p1a: Land Doge|Earthquake|p2a: Kyurem-Black
|-end|p2a: Kyurem-Black|Substitute
|move|p2a: Kyurem-Black|Ice Beam|p1a: Land Doge
|-crit|p1a: Land Doge
|-supereffective|p1a: Land Doge
|-damage|p1a: Land Doge|0 fnt
|faint|p1a: Land Doge
|
|-heal|p2a: Kyurem-Black|353\/404|[from] item: Leftovers
|chat|STROKING|BTFO
|
|switch|p1a: Fashion Nigger|Terrakion|323\/323
|turn|12
|chat|Smogon Bleb :DDDDD|doesn't even matter
|chat|STROKING|le negro faec
|chat|STROKING|inb4 stone miss
|chat|Smogon Bleb :DDDDD|CC :DDD
|
|switch|p2a: Rotom-Wash|Rotom-Wash|31\/301
|move|p1a: Fashion Nigger|Stone Edge|p2a: Rotom-Wash
|-crit|p2a: Rotom-Wash
|-damage|p2a: Rotom-Wash|0 fnt
|faint|p2a: Rotom-Wash
|
|chat|STROKING|PP :DD
|
|switch|p2a: Clefable|Clefable, F|394\/394
|turn|13
|chat|STROKING|DD XD
|chat|STROKING|QQ ;_;7
|
|switch|p1a: Feel Slayer|Magnezone|162\/344 brn
|move|p2a: Clefable|Moonblast|p1a: Feel Slayer
|-resisted|p1a: Feel Slayer
|-damage|p1a: Feel Slayer|99\/344 brn
|-unboost|p1a: Feel Slayer|spa|1
|
|-damage|p1a: Feel Slayer|56\/344 brn|[from] brn
|turn|14
|
|switch|p2a: Zapdos|Zapdos|122\/384
|-ability|p2a: Zapdos|Pressure
|move|p1a: Feel Slayer|Flash Cannon|p2a: Zapdos
|-resisted|p2a: Zapdos
|-damage|p2a: Zapdos|58\/384
|
|-heal|p2a: Zapdos|82\/384|[from] item: Leftovers
|-damage|p1a: Feel Slayer|13\/344 brn|[from] brn
|turn|15
|chat|Smogon Bleb :DDDDD|dat fucking SpA drop
|
|move|p2a: Zapdos|Roost|p2a: Zapdos
|-heal|p2a: Zapdos|274\/384
|move|p1a: Feel Slayer|Flash Cannon|p2a: Zapdos
|-resisted|p2a: Zapdos
|-damage|p2a: Zapdos|210\/384
|-unboost|p2a: Zapdos|spd|1
|
|-heal|p2a: Zapdos|234\/384|[from] item: Leftovers
|-damage|p1a: Feel Slayer|0 fnt|[from] brn
|faint|p1a: Feel Slayer
|
|switch|p1a: Fashion Nigger|Terrakion|323\/323
|turn|16
|
|move|p1a: Fashion Nigger|Stone Edge|p2a: Zapdos
|-supereffective|p2a: Zapdos
|-damage|p2a: Zapdos|0 fnt
|faint|p2a: Zapdos
|
|
|switch|p2a: Clefable|Clefable, F|394\/394
|turn|17
|
|switch|p1a: ULTIMATE WEAPON|Latias, F|363\/363
|move|p2a: Clefable|Toxic|p1a: ULTIMATE WEAPON
|-status|p1a: ULTIMATE WEAPON|tox
|
|-damage|p1a: ULTIMATE WEAPON|341\/363 tox|[from] psn
|turn|18
|
|switch|p2a: Kyurem-Black|Kyurem-Black|353\/404
|-ability|p2a: Kyurem-Black|Teravolt
|move|p1a: ULTIMATE WEAPON|Thunder Wave|p2a: Kyurem-Black
|-status|p2a: Kyurem-Black|par
|
|-heal|p1a: ULTIMATE WEAPON|363\/363 tox|[from] item: Leftovers
|-heal|p2a: Kyurem-Black|378\/404 par|[from] item: Leftovers
|-damage|p1a: ULTIMATE WEAPON|319\/363 tox|[from] psn
|turn|19
|
|switch|p2a: Clefable|Clefable, F|394\/394
|move|p1a: ULTIMATE WEAPON|Draco Meteor|p2a: Clefable
|-immune|p2a: Clefable|[msg]
|
|-heal|p1a: ULTIMATE WEAPON|341\/363 tox|[from] item: Leftovers
|-damage|p1a: ULTIMATE WEAPON|275\/363 tox|[from] psn
|turn|20
|
|move|p1a: ULTIMATE WEAPON|Thunder Wave|p2a: Clefable
|-status|p2a: Clefable|par
|move|p2a: Clefable|Aromatherapy|p2a: Clefable
|-cureteam|p2a: Clefable|[from] move: Aromatherapy
|
|-heal|p1a: ULTIMATE WEAPON|297\/363 tox|[from] item: Leftovers
|-damage|p1a: ULTIMATE WEAPON|209\/363 tox|[from] psn
|turn|21
|
|move|p1a: ULTIMATE WEAPON|Thunder Wave|p2a: Clefable
|-status|p2a: Clefable|par
|move|p2a: Clefable|Moonblast|p1a: ULTIMATE WEAPON
|-supereffective|p1a: ULTIMATE WEAPON
|-damage|p1a: ULTIMATE WEAPON|53\/363 tox
|
|-heal|p1a: ULTIMATE WEAPON|75\/363 tox|[from] item: Leftovers
|-damage|p1a: ULTIMATE WEAPON|0 fnt|[from] psn
|faint|p1a: ULTIMATE WEAPON
|
|switch|p1a: Sound Owl|Kyurem-Black|391\/391
|-ability|p1a: Sound Owl|Teravolt
|turn|22
|
|move|p1a: Sound Owl|Iron Head|p2a: Clefable
|-supereffective|p2a: Clefable
|-damage|p2a: Clefable|182\/394 par
|cant|p2a: Clefable|flinch
|
|-heal|p2a: Clefable|206\/394 par|[from] item: Leftovers
|turn|23
|chat|STROKING|le paraflinch
|
|switch|p2a: Venusaur|Venusaur-Mega, F|282\/362
|move|p1a: Sound Owl|Iron Head|p2a: Venusaur
|-crit|p2a: Venusaur
|-damage|p2a: Venusaur|175\/362
|
|turn|24
|
|switch|p1a: Fashion Nigger|Terrakion|323\/323
|move|p2a: Venusaur|Sleep Powder|p1a: Fashion Nigger|[miss]
|-miss|p2a: Venusaur|p1a: Fashion Nigger
|
|turn|25
|
|move|p1a: Fashion Nigger|Taunt|p2a: Venusaur
|-start|p2a: Venusaur|move: Taunt
|cant|p2a: Venusaur|move: Taunt|Synthesis
|
|turn|26
|chat|oy vey my shekels|sleep miss
|chat|BTFO|gg i win
|
|switch|p1a: Sound Owl|Kyurem-Black|391\/391
|-ability|p1a: Sound Owl|Teravolt
|move|p2a: Venusaur|Giga Drain|p1a: Sound Owl
|-resisted|p1a: Sound Owl
|-damage|p1a: Sound Owl|331\/391
|-heal|p2a: Venusaur|205\/362|[from] drain|[of] p1a: Sound Owl
|
|turn|27
|chat|oy vey my shekels|gg i win
|
|switch|p2a: Clefable|Clefable, F|206\/394 par
|move|p1a: Sound Owl|Outrage|p2a: Clefable
|-immune|p2a: Clefable|[msg]
|
|-heal|p2a: Clefable|230\/394 par|[from] item: Leftovers
|turn|28
|join|BTFO
|chat|BTFO|>gg i win is registered
|
|switch|p1a: Fashion Nigger|Terrakion|323\/323
|move|p2a: Clefable|Moonblast|p1a: Fashion Nigger
|-supereffective|p1a: Fashion Nigger
|-damage|p1a: Fashion Nigger|81\/323
|-unboost|p1a: Fashion Nigger|spa|1
|
|-heal|p2a: Clefable|254\/394 par|[from] item: Leftovers
|turn|29
|
|move|p1a: Fashion Nigger|Stone Edge|p2a: Clefable
|-damage|p2a: Clefable|86\/394 par
|move|p2a: Clefable|Moonblast|p1a: Fashion Nigger
|-supereffective|p1a: Fashion Nigger
|-damage|p1a: Fashion Nigger|0 fnt
|faint|p1a: Fashion Nigger
|
|-heal|p2a: Clefable|110\/394 par|[from] item: Leftovers
|
|switch|p1a: Sound Owl|Kyurem-Black|331\/391
|-ability|p1a: Sound Owl|Teravolt
|turn|30
|chat|BTFO|wheres the para
|
|move|p1a: Sound Owl|Iron Head|p2a: Clefable
|-supereffective|p2a: Clefable
|-damage|p2a: Clefable|0 fnt
|faint|p2a: Clefable
|
|
|switch|p2a: Venusaur|Venusaur-Mega, F|205\/362
|turn|31
|
|move|p1a: Sound Owl|Iron Head|p2a: Venusaur
|-crit|p2a: Venusaur
|-damage|p2a: Venusaur|93\/362
|cant|p2a: Venusaur|flinch
|
|turn|32
|chat|Tchadyy|lol
|
|move|p1a: Sound Owl|Iron Head|p2a: Venusaur
|-damage|p2a: Venusaur|19\/362
|move|p2a: Venusaur|Synthesis|p2a: Venusaur
|-heal|p2a: Venusaur|200\/362
|
|turn|33
|chat|STROKING|Nigger you should have iron head on that terrakion
|chat|BTFO|SKILLED
|
|move|p1a: Sound Owl|Iron Head|p2a: Venusaur
|-damage|p2a: Venusaur|131\/362
|move|p2a: Venusaur|Synthesis|p2a: Venusaur
|-heal|p2a: Venusaur|312\/362
|
|turn|34
|
|move|p1a: Sound Owl|Iron Head|p2a: Venusaur
|-damage|p2a: Venusaur|244\/362
|move|p2a: Venusaur|Sleep Powder|p1a: Sound Owl|[miss]
|-miss|p2a: Venusaur|p1a: Sound Owl
|
|turn|35
|chat|BTFO|gg i win
|
|move|p1a: Sound Owl|Iron Head|p2a: Venusaur
|-damage|p2a: Venusaur|177\/362
|cant|p2a: Venusaur|flinch
|
|turn|36
|chat|oy vey my shekels|sleep miss
|chat|oy vey my shekels|skill it
|
|move|p1a: Sound Owl|Iron Head|p2a: Venusaur
|-damage|p2a: Venusaur|99\/362
|move|p2a: Venusaur|Synthesis|p2a: Venusaur
|-heal|p2a: Venusaur|280\/362
|
|turn|37
|
|move|p1a: Sound Owl|Iron Head|p2a: Venusaur
|-damage|p2a: Venusaur|201\/362
|move|p2a: Venusaur|Sleep Powder|p1a: Sound Owl|[miss]
|-miss|p2a: Venusaur|p1a: Sound Owl
|
|turn|38
|chat|oy vey my shekels|KEK
|
|move|p1a: Sound Owl|Iron Head|p2a: Venusaur
|-damage|p2a: Venusaur|126\/362
|move|p2a: Venusaur|Synthesis|p2a: Venusaur
|-heal|p2a: Venusaur|307\/362
|
|turn|39
|
|move|p1a: Sound Owl|Iron Head|p2a: Venusaur
|-damage|p2a: Venusaur|232\/362
|move|p2a: Venusaur|Sleep Powder|p1a: Sound Owl
|-status|p1a: Sound Owl|slp
|
|turn|40
|
|cant|p1a: Sound Owl|slp
|move|p2a: Venusaur|Sludge Bomb|p1a: Sound Owl
|-damage|p1a: Sound Owl|184\/391 slp
|
|turn|41
|
|-curestatus|p1a: Sound Owl|slp
|move|p1a: Sound Owl|Iron Head|p2a: Venusaur
|-damage|p2a: Venusaur|155\/362
|move|p2a: Venusaur|Giga Drain|p1a: Sound Owl
|-resisted|p1a: Sound Owl
|-damage|p1a: Sound Owl|126\/391
|-heal|p2a: Venusaur|184\/362|[from] drain|[of] p1a: Sound Owl
|
|turn|42
|
|move|p1a: Sound Owl|Iron Head|p2a: Venusaur
|-damage|p2a: Venusaur|110\/362
|move|p2a: Venusaur|Sludge Bomb|p1a: Sound Owl
|-damage|p1a: Sound Owl|0 fnt
|faint|p1a: Sound Owl
|
|win|d.d. survivor
|raw|Ladder updating...
|raw|Smogon Bleb :DDDDD's rating: 1796 &rarr; <strong>1773<\/strong><br \/>(-23 for losing)
|raw|d.d. survivor's rating: 1742 &rarr; <strong>1765<\/strong><br \/>(+23 for winning)
|leave|Smogon Bleb :DDDDD
|player|p1
|leave|BTFO
|leave|oy vey my shekels
|leave|mouse de frank