|join|mastermind15
|join|d.d. survivor
|player|p1|mastermind15|33
|player|p2|d.d. survivor|265
|gametype|singles
|gen|6
|tier|OU
|rated
|clearpoke
|poke|p1|Slowbro, M, shiny
|poke|p1|Ditto
|poke|p1|Mandibuzz, F
|poke|p1|Amoonguss, F, shiny
|poke|p1|Mawile, F
|poke|p1|Tyranitar, M
|poke|p2|Gyarados, M
|poke|p2|Excadrill, F
|poke|p2|Breloom, M
|poke|p2|Dragonite, F
|poke|p2|Kyurem-Black
|poke|p2|Tyranitar, F
|rule|Sleep Clause Mod: Limit one foe put to sleep
|rule|Species Clause: Limit one of each Pokemon
|rule|OHKO Clause: OHKO moves are banned
|rule|Moody Clause: Moody is banned
|rule|Evasion Moves Clause: Evasion moves are banned
|rule|Endless Battle Clause: Forcing endless battles is banned.
|rule|HP Percentage Mod: HP is reported as percentages
|teampreview
|
|start
|switch|p1a: Delilah|Mawile, F|273\/273
|switch|p2a: Breloom|Breloom, M|261\/261
|-ability|p1a: Delilah|Intimidate|[of] p2a: Breloom
|-unboost|p2a: Breloom|atk|1
|turn|1
|
|switch|p1a: Penelope|Amoonguss, F, shiny|432\/432
|move|p2a: Breloom|Spore|p1a: Penelope
|-fail|p1a: Penelope
|
|turn|2
|
|move|p2a: Breloom|Rock Tomb|p1a: Penelope
|-damage|p1a: Penelope|332\/432
|-unboost|p1a: Penelope|spe|1
|move|p1a: Penelope|Spore|p2a: Breloom
|-fail|p2a: Breloom
|
|-heal|p1a: Penelope|359\/432|[from] item: Black Sludge
|turn|3
|
|switch|p2a: Excadrill|Excadrill, F|361\/361
|move|p1a: Penelope|Clear Smog|p2a: Excadrill
|-immune|p2a: Excadrill|[msg]
|
|-heal|p1a: Penelope|386\/432|[from] item: Black Sludge
|turn|4
|
|switch|p1a: Agatha|Mandibuzz, F|423\/423
|move|p2a: Excadrill|Earthquake|p1a: Agatha
|-immune|p1a: Agatha|[msg]
|
|turn|5
|
|switch|p2a: Tyranitar|Tyranitar, F|400\/400
|-weather|Sandstorm
|move|p1a: Agatha|Foul Play|p2a: Tyranitar
|-resisted|p2a: Tyranitar
|-damage|p2a: Tyranitar|342\/400
|
|-weather|Sandstorm|[upkeep]
|-heal|p2a: Tyranitar|367\/400|[from] item: Leftovers
|turn|6
|
|switch|p1a: Delilah|Mawile, F|273\/273
|-ability|p1a: Delilah|Intimidate|[of] p2a: Tyranitar
|-unboost|p2a: Tyranitar|atk|1
|move|p2a: Tyranitar|Stealth Rock|p1a: Delilah
|-sidestart|p1: mastermind15|move: Stealth Rock
|
|-weather|Sandstorm|[upkeep]
|-heal|p2a: Tyranitar|392\/400|[from] item: Leftovers
|turn|7
|
|switch|p2a: Gyarados|Gyarados, M|331\/331
|-ability|p2a: Gyarados|Intimidate|[of] p1a: Delilah
|-unboost|p1a: Delilah|atk|1
|detailschange|p1a: Delilah|Mawile-Mega, F
|message|Mawile has Mega Evolved into Mega Mawile!
|move|p1a: Delilah|Play Rough|p2a: Gyarados|[miss]
|-miss|p1a: Delilah|p2a: Gyarados
|
|-weather|Sandstorm|[upkeep]
|-damage|p2a: Gyarados|311\/331|[from] sandstorm
|turn|8
|
|switch|p1a: Agatha|Mandibuzz, F|423\/423
|-damage|p1a: Agatha|318\/423|[from] Stealth Rock
|move|p2a: Gyarados|Waterfall|p1a: Agatha
|-crit|p1a: Agatha
|-damage|p1a: Agatha|144\/423
|
|-weather|Sandstorm|[upkeep]
|-damage|p2a: Gyarados|291\/331|[from] sandstorm
|-heal|p1a: Agatha|170\/423|[from] item: Leftovers
|turn|9
|
|move|p2a: Gyarados|Dragon Dance|p2a: Gyarados
|-boost|p2a: Gyarados|atk|1
|-boost|p2a: Gyarados|spe|1
|move|p1a: Agatha|Roost|p1a: Agatha
|-heal|p1a: Agatha|382\/423
|
|-weather|none
|-heal|p1a: Agatha|408\/423|[from] item: Leftovers
|turn|10
|
|detailschange|p2a: Gyarados|Gyarados-Mega, M
|message|Gyarados has Mega Evolved into Mega Gyarados!
|-ability|p2a: Gyarados|Mold Breaker
|move|p2a: Gyarados|Ice Fang|p1a: Agatha
|-supereffective|p1a: Agatha
|-damage|p1a: Agatha|204\/423
|move|p1a: Agatha|Defog|p2a: Gyarados
|-unboost|p2a: Gyarados|evasion|1
|-sideend|p1: mastermind15|Stealth Rock|[from] move: Defog|[of] p1a: Agatha
|
|-heal|p1a: Agatha|230\/423|[from] item: Leftovers
|turn|11
|
|switch|p1a: Kevin|Ditto|300\/300
|-transform|p1a: Kevin|p2a: Gyarados
|-ability|p1a: Kevin|Mold Breaker
|move|p2a: Gyarados|Waterfall|p1a: Kevin
|-resisted|p1a: Kevin
|-damage|p1a: Kevin|172\/300
|
|turn|12
|
|switch|p2a: Dragonite|Dragonite, F|323\/323
|move|p1a: Kevin|Earthquake|p2a: Dragonite
|-immune|p2a: Dragonite|[msg]
|
|turn|13
|
|switch|p1a: Bill|Slowbro, M, shiny|394\/394
|move|p2a: Dragonite|Superpower|p1a: Bill
|-resisted|p1a: Bill
|-damage|p1a: Bill|316\/394
|-unboost|p2a: Dragonite|atk|1
|-unboost|p2a: Dragonite|def|1
|
|turn|14
|
|switch|p2a: Tyranitar|Tyranitar, F|392\/400
|-weather|Sandstorm
|move|p1a: Bill|Scald|p2a: Tyranitar
|-supereffective|p2a: Tyranitar
|-damage|p2a: Tyranitar|270\/400
|
|-weather|Sandstorm|[upkeep]
|-damage|p1a: Bill|292\/394|[from] sandstorm
|-heal|p2a: Tyranitar|295\/400|[from] item: Leftovers
|turn|15
|
|switch|p1a: Delilah|Mawile-Mega, F|273\/273
|move|p2a: Tyranitar|Stealth Rock|p1a: Delilah
|-sidestart|p1: mastermind15|move: Stealth Rock
|
|-weather|Sandstorm|[upkeep]
|-heal|p2a: Tyranitar|320\/400|[from] item: Leftovers
|turn|16
|
|move|p1a: Delilah|Play Rough|p2a: Tyranitar
|-supereffective|p2a: Tyranitar
|-damage|p2a: Tyranitar|0 fnt
|faint|p2a: Tyranitar
|
|-weather|Sandstorm|[upkeep]
|
|switch|p2a: Breloom|Breloom, M|261\/261
|turn|17
|
|switch|p1a: Penelope|Amoonguss, F, shiny|432\/432
|-damage|p1a: Penelope|378\/432|[from] Stealth Rock
|move|p2a: Breloom|Rock Tomb|p1a: Penelope
|-damage|p1a: Penelope|224\/432
|-unboost|p1a: Penelope|spe|1
|
|-weather|Sandstorm|[upkeep]
|-damage|p2a: Breloom|245\/261|[from] sandstorm
|-damage|p1a: Penelope|197\/432|[from] sandstorm
|-heal|p1a: Penelope|224\/432|[from] item: Black Sludge
|turn|18
|
|move|p2a: Breloom|Rock Tomb|p1a: Penelope
|-damage|p1a: Penelope|81\/432
|-unboost|p1a: Penelope|spe|1
|move|p1a: Penelope|Clear Smog|p2a: Breloom
|-supereffective|p2a: Breloom
|-damage|p2a: Breloom|83\/261
|-clearboost|p2a: Breloom
|
|-weather|none
|-heal|p1a: Penelope|108\/432|[from] item: Black Sludge
|turn|19
|
|switch|p1a: Agatha|Mandibuzz, F|230\/423
|-damage|p1a: Agatha|125\/423|[from] Stealth Rock
|move|p2a: Breloom|Rock Tomb|p1a: Agatha
|-supereffective|p1a: Agatha
|-damage|p1a: Agatha|0 fnt
|faint|p1a: Agatha
|
|
|switch|p1a: Penelope|Amoonguss, F, shiny|252\/432
|-damage|p1a: Penelope|198\/432|[from] Stealth Rock
|turn|20
|
|move|p2a: Breloom|Rock Tomb|p1a: Penelope
|-damage|p1a: Penelope|46\/432
|-unboost|p1a: Penelope|spe|1
|move|p1a: Penelope|Clear Smog|p2a: Breloom
|-supereffective|p2a: Breloom
|-damage|p2a: Breloom|0 fnt
|-clearboost|p2a: Breloom
|faint|p2a: Breloom
|
|-heal|p1a: Penelope|73\/432|[from] item: Black Sludge
|
|switch|p2a: Excadrill|Excadrill, F|361\/361
|turn|21
|
|switch|p1a: Bill|Slowbro, M, shiny|394\/394
|-damage|p1a: Bill|345\/394|[from] Stealth Rock
|move|p2a: Excadrill|Earthquake|p1a: Bill
|-damage|p1a: Bill|166\/394
|-damage|p2a: Excadrill|325\/361|[from] item: Life Orb
|
|turn|22
|
|switch|p1a: Sam|Tyranitar, M|341\/341
|-damage|p1a: Sam|299\/341|[from] Stealth Rock
|-weather|Sandstorm
|move|p2a: Excadrill|Earthquake|p1a: Sam
|-supereffective|p1a: Sam
|-damage|p1a: Sam|0 fnt
|-damage|p2a: Excadrill|289\/361|[from] item: Life Orb
|faint|p1a: Sam
|
|-weather|Sandstorm|[upkeep]
|
|switch|p1a: Bill|Slowbro, M, shiny|297\/394
|-damage|p1a: Bill|248\/394|[from] Stealth Rock
|turn|23
|
|switch|p2a: Dragonite|Dragonite, F|323\/323
|move|p1a: Bill|Scald|p2a: Dragonite
|-resisted|p2a: Dragonite
|-damage|p2a: Dragonite|301\/323
|-status|p2a: Dragonite|brn
|
|-weather|Sandstorm|[upkeep]
|-damage|p2a: Dragonite|281\/323 brn|[from] sandstorm
|-damage|p1a: Bill|224\/394|[from] sandstorm
|-damage|p2a: Dragonite|241\/323 brn|[from] brn
|turn|24
|
|switch|p1a: Delilah|Mawile-Mega, F|273\/273
|-damage|p1a: Delilah|256\/273|[from] Stealth Rock
|move|p2a: Dragonite|Outrage|p1a: Delilah
|-immune|p1a: Delilah|[msg]
|
|-weather|Sandstorm|[upkeep]
|-damage|p2a: Dragonite|221\/323 brn|[from] sandstorm
|-damage|p2a: Dragonite|181\/323 brn|[from] brn
|turn|25
|
|-singleturn|p1a: Delilah|move: Focus Punch
|switch|p2a: Gyarados|Gyarados-Mega, M|291\/331
|-ability|p2a: Gyarados|Mold Breaker
|move|p1a: Delilah|Focus Punch|p2a: Gyarados
|-supereffective|p2a: Gyarados
|-damage|p2a: Gyarados|0 fnt
|faint|p2a: Gyarados
|
|-weather|Sandstorm|[upkeep]
|
|switch|p2a: Excadrill|Excadrill, F|289\/361
|turn|26
|
|switch|p1a: Penelope|Amoonguss, F, shiny|217\/432
|-damage|p1a: Penelope|163\/432|[from] Stealth Rock
|move|p2a: Excadrill|Earthquake|p1a: Penelope
|-damage|p1a: Penelope|0 fnt
|-damage|p2a: Excadrill|253\/361|[from] item: Life Orb
|faint|p1a: Penelope
|
|-weather|none
|join|Musk sticks
|chat|Musk sticks|:] you're still using the team
|chat|mastermind15|yep, been using it since december :D
|chat|Musk sticks|Oh, wow
|
|switch|p1a: Kevin|Ditto|172\/300
|-damage|p1a: Kevin|135\/300|[from] Stealth Rock
|-transform|p1a: Kevin|p2a: Excadrill
|turn|27
|chat|Musk sticks|I rarely use a team for over a week
|chat|mastermind15|whoa, that seems too short
|
|switch|p2a: Dragonite|Dragonite, F|181\/323 brn
|move|p1a: Kevin|Earthquake|p2a: Dragonite
|-immune|p2a: Dragonite|[msg]
|
|-damage|p2a: Dragonite|141\/323 brn|[from] brn
|turn|28
|chat|Musk sticks|Sometimes I go back to old teams, but they seem out-of-date when I do
|chat|Musk sticks|ie. Not as effective as they were when I first used them
|
|switch|p1a: Bill|Slowbro, M, shiny|355\/394
|-damage|p1a: Bill|306\/394|[from] Stealth Rock
|move|p2a: Dragonite|Outrage|p1a: Bill
|-damage|p1a: Bill|189\/394
|
|-damage|p2a: Dragonite|101\/323 brn|[from] brn
|turn|29
|chat|mastermind15|yeah, the meta is constantly evolving
|
|switch|p1a: Delilah|Mawile-Mega, F|256\/273
|-damage|p1a: Delilah|239\/273|[from] Stealth Rock
|move|p2a: Dragonite|Outrage|p1a: Delilah
|-immune|p1a: Delilah|[msg]
|
|-damage|p2a: Dragonite|61\/323 brn|[from] brn
|turn|30
|chat|Musk sticks|It was getting a bit stale, but I've been seeing really innovative teams near the top of the ladder lately. It's great :]
|chat|Musk sticks|"It" being the OU meta
|
|-singleturn|p1a: Delilah|move: Focus Punch
|move|p2a: Dragonite|Outrage|p1a: Delilah
|-immune|p1a: Delilah|[msg]
|move|p1a: Delilah|Focus Punch|p2a: Dragonite
|-resisted|p2a: Dragonite
|-damage|p2a: Dragonite|0 fnt
|faint|p2a: Dragonite
|
|
|switch|p2a: Kyurem-Black|Kyurem-Black|391\/391
|-ability|p2a: Kyurem-Black|Teravolt
|turn|31
|chat|mastermind15|yeah, i think all really great teams require a bit of a "surprise" factor
|chat|Musk sticks|I rely on that, ha. I'm not a good enough team builder to win with genuinely brilliant teams
|chat|Musk sticks|Not to say that your innovative approach is any less credible! I think it's a really cool team
|
|switch|p1a: Bill|Slowbro, M, shiny|320\/394
|-damage|p1a: Bill|271\/394|[from] Stealth Rock
|move|p2a: Kyurem-Black|Earth Power|p1a: Bill
|-crit|p1a: Bill
|-damage|p1a: Bill|86\/394
|-damage|p2a: Kyurem-Black|352\/391|[from] item: Life Orb
|
|turn|32
|chat|mastermind15|yay, no scarf!
|
|move|p2a: Kyurem-Black|Earth Power|p1a: Bill
|-damage|p1a: Bill|0 fnt
|-damage|p2a: Kyurem-Black|313\/391|[from] item: Life Orb
|faint|p1a: Bill
|
|
|switch|p1a: Kevin|Ditto|135\/300
|-damage|p1a: Kevin|98\/300|[from] Stealth Rock
|-transform|p1a: Kevin|p2a: Kyurem-Black
|-ability|p1a: Kevin|Teravolt
|turn|33
|chat|Musk sticks|inb4 no dragon move
|
|switch|p2a: Excadrill|Excadrill, F|253\/361
|move|p1a: Kevin|Outrage|p2a: Excadrill
|-resisted|p2a: Excadrill
|-damage|p2a: Excadrill|82\/361
|
|turn|34
|chat|Musk sticks|hoooohmygod.
|chat|Musk sticks|Kyurem needs to stop
|
|move|p1a: Kevin|Outrage|p2a: Excadrill
|-crit|p2a: Excadrill
|-resisted|p2a: Excadrill
|-damage|p2a: Excadrill|0 fnt
|faint|p2a: Excadrill
|
|-end|p1a: Kevin|rampage
|-start|p1a: Kevin|confusion
|
|switch|p2a: Kyurem-Black|Kyurem-Black|313\/391
|-ability|p2a: Kyurem-Black|Teravolt
|turn|35
|chat|Musk sticks|Very well played, dude :]
|chat|mastermind15|thanks
|
|switch|p1a: Delilah|Mawile-Mega, F|239\/273
|-damage|p1a: Delilah|222\/273|[from] Stealth Rock
|move|p2a: Kyurem-Black|Earth Power|p1a: Delilah
|-supereffective|p1a: Delilah
|-damage|p1a: Delilah|0 fnt
|-damage|p2a: Kyurem-Black|274\/391|[from] item: Life Orb
|faint|p1a: Delilah
|
|chat|mastermind15|starting to make up for the awful tilt i had last night
|
|switch|p1a: Kevin|Ditto|98\/300
|-damage|p1a: Kevin|61\/300|[from] Stealth Rock
|-transform|p1a: Kevin|p2a: Kyurem-Black
|-ability|p1a: Kevin|Teravolt
|turn|36
|
|move|p1a: Kevin|Outrage|p2a: Kyurem-Black
|-supereffective|p2a: Kyurem-Black
|-damage|p2a: Kyurem-Black|0 fnt
|faint|p2a: Kyurem-Black
|
|win|mastermind15
|raw|Ladder updating...
|raw|mastermind15's rating: 1815 &rarr; <strong>1833<\/strong><br \/>(+18 for winning)
|raw|d.d. survivor's rating: 1780 &rarr; <strong>1762<\/strong><br \/>(-18 for losing)
|leave|mastermind15
|player|p1