|join|d.d. survivor
|join|rs (not c0sta)
|player|p1|d.d. survivor|30
|player|p2|rs (not c0sta)|170
|gametype|singles
|gen|6
|tier|OU
|rated
|clearpoke
|poke|p1|Espeon, M
|poke|p1|Scolipede, F
|poke|p1|Zapdos
|poke|p1|Sylveon, F
|poke|p1|Mew, shiny
|poke|p1|Vaporeon, F
|poke|p2|Omastar, F
|poke|p2|Kingdra, F
|poke|p2|Deoxys-Speed
|poke|p2|Latios, M
|poke|p2|Venusaur, F
|poke|p2|Politoed, M
|rule|Sleep Clause Mod: Limit one foe put to sleep
|rule|Species Clause: Limit one of each Pokemon
|rule|OHKO Clause: OHKO moves are banned
|rule|Moody Clause: Moody is banned
|rule|Evasion Moves Clause: Evasion moves are banned
|rule|Endless Battle Clause: Forcing endless battles is banned.
|rule|HP Percentage Mod: HP is reported as percentages
|teampreview
|
|start
|switch|p1a: Scolipede|Scolipede, F|316\/316
|switch|p2a: Politoed|Politoed, M|384\/384
|-weather|RainDance
|turn|1
|
|move|p1a: Scolipede|Protect|p1a: Scolipede
|-singleturn|p1a: Scolipede|Protect
|move|p2a: Politoed|Scald|p1a: Scolipede
|-activate|p1a: Scolipede|Protect
|
|-weather|RainDance|[upkeep]
|-boost|p1a: Scolipede|spe|1|[from] ability: Speed Boost
|turn|2
|
|move|p1a: Scolipede|Substitute|p1a: Scolipede
|-start|p1a: Scolipede|Substitute
|-damage|p1a: Scolipede|237\/316
|move|p2a: Politoed|Encore|p1a: Scolipede
|-start|p1a: Scolipede|Encore
|-enditem|p1a: Scolipede|Mental Herb
|-end|p1a: Scolipede|Encore
|
|-weather|RainDance|[upkeep]
|-boost|p1a: Scolipede|spe|1|[from] ability: Speed Boost
|turn|3
|
|move|p1a: Scolipede|Protect|p1a: Scolipede
|-singleturn|p1a: Scolipede|Protect
|move|p2a: Politoed|Scald|p1a: Scolipede
|-activate|p1a: Scolipede|Protect
|
|-weather|RainDance|[upkeep]
|-boost|p1a: Scolipede|spe|1|[from] ability: Speed Boost
|turn|4
|
|move|p1a: Scolipede|Baton Pass|p1a: Scolipede
|
|switch|p1a: Mew|Mew, shiny|404\/404
|move|p2a: Politoed|Scald|p1a: Mew
|-end|p1a: Mew|Substitute
|
|-weather|RainDance|[upkeep]
|turn|5
|
|move|p1a: Mew|Baton Pass|p1a: Mew
|
|switch|p1a: Zapdos|Zapdos|384\/384
|-ability|p1a: Zapdos|Pressure
|move|p2a: Politoed|Encore|p1a: Zapdos
|-fail|p1a: Zapdos
|
|-weather|RainDance|[upkeep]
|turn|6
|
|move|p1a: Zapdos|Substitute|p1a: Zapdos
|-start|p1a: Zapdos|Substitute
|-damage|p1a: Zapdos|288\/384
|move|p2a: Politoed|Haze|p2a: Politoed
|-clearallboost
|
|-weather|RainDance|[upkeep]
|-heal|p1a: Zapdos|312\/384|[from] item: Leftovers
|turn|7
|
|switch|p2a: Latios|Latios, M|301\/301
|move|p1a: Zapdos|Baton Pass|p1a: Zapdos
|
|switch|p1a: Scolipede|Scolipede, F|237\/316
|
|-weather|RainDance|[upkeep]
|turn|8
|
|move|p1a: Scolipede|Protect|p1a: Scolipede
|-singleturn|p1a: Scolipede|Protect
|move|p2a: Latios|Psyshock|p1a: Scolipede
|-activate|p1a: Scolipede|Protect
|
|-weather|none
|-boost|p1a: Scolipede|spe|1|[from] ability: Speed Boost
|turn|9
|
|move|p1a: Scolipede|Iron Defense|p1a: Scolipede
|-boost|p1a: Scolipede|def|2
|move|p2a: Latios|Psyshock|p1a: Scolipede
|-supereffective|p1a: Scolipede
|-end|p1a: Scolipede|Substitute
|-damage|p2a: Latios|271\/301|[from] item: Life Orb
|
|-boost|p1a: Scolipede|spe|1|[from] ability: Speed Boost
|turn|10
|
|switch|p2a: Politoed|Politoed, M|384\/384
|-weather|RainDance
|move|p1a: Scolipede|Substitute|p1a: Scolipede
|-start|p1a: Scolipede|Substitute
|-damage|p1a: Scolipede|158\/316
|
|-weather|RainDance|[upkeep]
|-boost|p1a: Scolipede|spe|1|[from] ability: Speed Boost
|turn|11
|
|move|p1a: Scolipede|Protect|p1a: Scolipede
|-singleturn|p1a: Scolipede|Protect
|move|p2a: Politoed|Haze|p2a: Politoed
|-clearallboost
|
|-weather|RainDance|[upkeep]
|-boost|p1a: Scolipede|spe|1|[from] ability: Speed Boost
|turn|12
|
|move|p1a: Scolipede|Baton Pass|p1a: Scolipede
|
|switch|p1a: Zapdos|Zapdos|312\/384
|-ability|p1a: Zapdos|Pressure
|move|p2a: Politoed|Scald|p1a: Zapdos
|-end|p1a: Zapdos|Substitute
|
|-weather|RainDance|[upkeep]
|-heal|p1a: Zapdos|336\/384|[from] item: Leftovers
|turn|13
|
|switch|p2a: Venusaur|Venusaur, F|353\/353
|move|p1a: Zapdos|Thunderbolt|p2a: Venusaur
|-resisted|p2a: Venusaur
|-damage|p2a: Venusaur|283\/353
|
|-weather|RainDance|[upkeep]
|-heal|p1a: Zapdos|360\/384|[from] item: Leftovers
|turn|14
|
|-formechange|p2a: Venusaur|Venusaur-Mega
|message|Venusaur has Mega Evolved into Mega Venusaur!
|move|p1a: Zapdos|Substitute|p1a: Zapdos
|-start|p1a: Zapdos|Substitute
|-damage|p1a: Zapdos|264\/384
|move|p2a: Venusaur|Knock Off|p1a: Zapdos
|-activate|p1a: Zapdos|Substitute|[damage]
|
|-weather|RainDance|[upkeep]
|-heal|p1a: Zapdos|288\/384|[from] item: Leftovers
|turn|15
|
|move|p1a: Zapdos|Thunderbolt|p2a: Venusaur
|-resisted|p2a: Venusaur
|-damage|p2a: Venusaur|223\/353
|move|p2a: Venusaur|Giga Drain|p1a: Zapdos
|-resisted|p1a: Zapdos
|-end|p1a: Zapdos|Substitute
|-heal|p2a: Venusaur|240\/353|[from] drain|[of] p1a: Zapdos
|
|-weather|RainDance|[upkeep]
|-heal|p1a: Zapdos|312\/384|[from] item: Leftovers
|turn|16
|
|move|p1a: Zapdos|Substitute|p1a: Zapdos
|-start|p1a: Zapdos|Substitute
|-damage|p1a: Zapdos|216\/384
|move|p2a: Venusaur|Sludge Bomb|p1a: Zapdos
|-end|p1a: Zapdos|Substitute
|
|-weather|RainDance|[upkeep]
|-heal|p1a: Zapdos|240\/384|[from] item: Leftovers
|turn|17
|
|move|p1a: Zapdos|Baton Pass|p1a: Zapdos
|
|switch|p1a: Scolipede|Scolipede, F|158\/316
|move|p2a: Venusaur|Sludge Bomb|p1a: Scolipede
|-crit|p1a: Scolipede
|-resisted|p1a: Scolipede
|-damage|p1a: Scolipede|0 fnt
|faint|p1a: Scolipede
|
|-weather|none
|
|switch|p1a: Espeon|Espeon, M|321\/321
|turn|18
|
|move|p1a: Espeon|Calm Mind|p1a: Espeon
|-boost|p1a: Espeon|spa|1
|-boost|p1a: Espeon|spd|1
|move|p2a: Venusaur|Knock Off|p1a: Espeon
|-supereffective|p1a: Espeon
|-damage|p1a: Espeon|149\/321
|-enditem|p1a: Espeon|Leftovers|[from] move: Knock Off|[of] p2a: Venusaur
|
|turn|19
|
|switch|p2a: Politoed|Politoed, M|384\/384
|-weather|RainDance
|move|p1a: Espeon|Calm Mind|p1a: Espeon
|-boost|p1a: Espeon|spa|1
|-boost|p1a: Espeon|spd|1
|
|-weather|RainDance|[upkeep]
|turn|20
|
|move|p1a: Espeon|Stored Power|p2a: Politoed
|-damage|p2a: Politoed|81\/384
|move|p2a: Politoed|Haze|p2a: Politoed
|-clearallboost
|
|-weather|RainDance|[upkeep]
|turn|21
|
|switch|p2a: Kingdra|Kingdra, F|291\/291
|move|p1a: Espeon|Calm Mind|p1a: Espeon
|-boost|p1a: Espeon|spa|1
|-boost|p1a: Espeon|spd|1
|
|-weather|RainDance|[upkeep]
|turn|22
|
|switch|p1a: Vaporeon|Vaporeon, F|448\/448
|move|p2a: Kingdra|Draco Meteor|p1a: Vaporeon
|-damage|p1a: Vaporeon|244\/448
|-unboost|p2a: Kingdra|spa|2
|-damage|p2a: Kingdra|262\/291|[from] item: Life Orb
|
|-weather|RainDance|[upkeep]
|-heal|p1a: Vaporeon|272\/448|[from] item: Leftovers
|turn|23
|
|move|p2a: Kingdra|Outrage|p1a: Vaporeon
|-damage|p1a: Vaporeon|9\/448
|-damage|p2a: Kingdra|233\/291|[from] item: Life Orb
|move|p1a: Vaporeon|Substitute|p1a: Vaporeon
|-fail|p1a: Vaporeon|move: Substitute|[weak]
|
|-weather|RainDance|[upkeep]
|-heal|p1a: Vaporeon|37\/448|[from] item: Leftovers
|turn|24
|
|move|p2a: Kingdra|Outrage|p1a: Vaporeon
|-damage|p1a: Vaporeon|0 fnt
|-damage|p2a: Kingdra|204\/291|[from] item: Life Orb
|faint|p1a: Vaporeon
|
|-weather|RainDance|[upkeep]
|
|switch|p1a: Sylveon|Sylveon, F|371\/371
|turn|25
|
|move|p2a: Kingdra|Outrage|p1a: Sylveon
|-immune|p1a: Sylveon|[msg]
|move|p1a: Sylveon|Calm Mind|p1a: Sylveon
|-boost|p1a: Sylveon|spa|1
|-boost|p1a: Sylveon|spd|1
|
|-end|p2a: Kingdra|rampage
|-start|p2a: Kingdra|confusion
|-weather|RainDance|[upkeep]
|turn|26
|
|switch|p2a: Venusaur|Venusaur, F|240\/353
|-formechange|p2a: Venusaur|Venusaur-Mega
|move|p1a: Sylveon|Baton Pass|p1a: Sylveon
|
|switch|p1a: Zapdos|Zapdos|240\/384
|-ability|p1a: Zapdos|Pressure
|
|-weather|none
|-heal|p1a: Zapdos|264\/384|[from] item: Leftovers
|turn|27
|
|move|p1a: Zapdos|Substitute|p1a: Zapdos
|-start|p1a: Zapdos|Substitute
|-damage|p1a: Zapdos|168\/384
|move|p2a: Venusaur|Sludge Bomb|p1a: Zapdos
|-crit|p1a: Zapdos
|-end|p1a: Zapdos|Substitute
|
|-heal|p1a: Zapdos|192\/384|[from] item: Leftovers
|turn|28
|
|move|p1a: Zapdos|Substitute|p1a: Zapdos
|-start|p1a: Zapdos|Substitute
|-damage|p1a: Zapdos|96\/384
|move|p2a: Venusaur|Sludge Bomb|p1a: Zapdos
|-end|p1a: Zapdos|Substitute
|
|-heal|p1a: Zapdos|120\/384|[from] item: Leftovers
|turn|29
|
|move|p1a: Zapdos|Roost|p1a: Zapdos
|-heal|p1a: Zapdos|312\/384
|move|p2a: Venusaur|Sludge Bomb|p1a: Zapdos
|-damage|p1a: Zapdos|192\/384
|-status|p1a: Zapdos|psn
|
|-heal|p1a: Zapdos|216\/384 psn|[from] item: Leftovers
|-damage|p1a: Zapdos|168\/384 psn|[from] psn
|turn|30
|
|move|p1a: Zapdos|Baton Pass|p1a: Zapdos
|
|switch|p1a: Mew|Mew, shiny|404\/404
|move|p2a: Venusaur|Knock Off|p1a: Mew
|-crit|p1a: Mew
|-supereffective|p1a: Mew
|-damage|p1a: Mew|192\/404
|-enditem|p1a: Mew|Leftovers|[from] move: Knock Off|[of] p2a: Venusaur
|
|turn|31
|
|move|p1a: Mew|Amnesia|p1a: Mew
|-boost|p1a: Mew|spd|2
|move|p2a: Venusaur|Sludge Bomb|p1a: Mew
|-damage|p1a: Mew|146\/404
|-status|p1a: Mew|psn
|
|-damage|p1a: Mew|96\/404 psn|[from] psn
|turn|32
|
|switch|p2a: Deoxys-Speed|Deoxys-Speed|303\/303
|-ability|p2a: Deoxys-Speed|Pressure
|move|p1a: Mew|Baton Pass|p1a: Mew
|
|switch|p1a: Sylveon|Sylveon, F|371\/371
|
|turn|33
|
|move|p2a: Deoxys-Speed|Knock Off|p1a: Sylveon
|-crit|p1a: Sylveon
|-resisted|p1a: Sylveon
|-damage|p1a: Sylveon|311\/371
|-enditem|p1a: Sylveon|Leftovers|[from] move: Knock Off|[of] p2a: Deoxys-Speed
|move|p1a: Sylveon|Hyper Voice|p2a: Deoxys-Speed
|-damage|p2a: Deoxys-Speed|0 fnt
|faint|p2a: Deoxys-Speed
|
|
|switch|p2a: Politoed|Politoed, M|81\/384
|-weather|RainDance
|turn|34
|
|move|p2a: Politoed|Haze|p2a: Politoed
|-clearallboost
|move|p1a: Sylveon|Hyper Voice|p2a: Politoed
|-damage|p2a: Politoed|0 fnt
|faint|p2a: Politoed
|
|-weather|RainDance|[upkeep]
|-message|d.d. survivor forfeited.
|
|win|rs (not c0sta)
|raw|Ladder updating...
|leave|d.d. survivor
|player|p1
|raw|d.d. survivor's rating: 1786 &rarr; <strong>1771<\/strong><br \/>(-15 for losing)
|raw|rs (not c0sta)'s rating: 1881 &rarr; <strong>1896<\/strong><br \/>(+15 for winning)