|join|d.d. survivor
|join|Smogon Bleb :DDDDD
|player|p1|d.d. survivor|2
|player|p2|Smogon Bleb :DDDDD|112
|gametype|singles
|gen|6
|tier|OU
|rated
|clearpoke
|poke|p1|Aegislash, F
|poke|p1|Kyurem-Black
|poke|p1|Clefable, F
|poke|p1|Zapdos
|poke|p1|Venusaur, F
|poke|p1|Rotom-Wash
|poke|p2|Kyurem-Black
|poke|p2|Latias, F
|poke|p2|Landorus-Therian, M
|poke|p2|Terrakion
|poke|p2|Pinsir, M
|poke|p2|Magnezone
|rule|Sleep Clause Mod: Limit one foe put to sleep
|rule|Species Clause: Limit one of each Pokemon
|rule|OHKO Clause: OHKO moves are banned
|rule|Moody Clause: Moody is banned
|rule|Evasion Moves Clause: Evasion moves are banned
|rule|Endless Battle Clause: Forcing endless battles is banned.
|rule|HP Percentage Mod: HP is reported as percentages
|teampreview
|
|start
|switch|p1a: Rotom-Wash|Rotom-Wash|301\/301
|switch|p2a: Sound Owl|Kyurem-Black|391\/391
|-ability|p2a: Sound Owl|Teravolt
|turn|1
|
|switch|p1a: Clefable|Clefable, F|394\/394
|move|p2a: Sound Owl|Outrage|p1a: Clefable
|-immune|p1a: Clefable|[msg]
|
|turn|2
|
|switch|p2a: Feel Slayer|Magnezone|344\/344
|move|p1a: Clefable|Moonblast|p2a: Feel Slayer
|-resisted|p2a: Feel Slayer
|-damage|p2a: Feel Slayer|290\/344
|-unboost|p2a: Feel Slayer|spa|1
|
|turn|3
|
|move|p1a: Clefable|Moonlight|p1a: Clefable
|move|p2a: Feel Slayer|Volt Switch|p1a: Clefable
|-damage|p1a: Clefable|171\/394
|
|switch|p2a: UBERSATAN|Pinsir, M|271\/271
|
|-heal|p1a: Clefable|195\/394|[from] item: Leftovers
|turn|4
|
|switch|p1a: Rotom-Wash|Rotom-Wash|301\/301
|detailschange|p2a: UBERSATAN|Pinsir-Mega, M
|message|Pinsir has Mega Evolved into Mega Pinsir!
|move|p2a: UBERSATAN|Frustration|p1a: Rotom-Wash
|-resisted|p1a: Rotom-Wash
|-damage|p1a: Rotom-Wash|208\/301
|
|turn|5
|
|switch|p2a: Feel Slayer|Magnezone|290\/344
|move|p1a: Rotom-Wash|Will-O-Wisp|p2a: Feel Slayer
|-status|p2a: Feel Slayer|brn
|
|-damage|p2a: Feel Slayer|247\/344 brn|[from] brn
|turn|6
|
|switch|p1a: Venusaur|Venusaur, F|362\/362
|move|p2a: Feel Slayer|Volt Switch|p1a: Venusaur
|-resisted|p1a: Venusaur
|-damage|p1a: Venusaur|265\/362
|
|switch|p2a: UBERSATAN|Pinsir-Mega, M|271\/271
|
|turn|7
|
|switch|p1a: Aegislash|Aegislash, F|304\/304
|move|p2a: UBERSATAN|Frustration|p1a: Aegislash
|-resisted|p1a: Aegislash
|-damage|p1a: Aegislash|206\/304
|
|-heal|p1a: Aegislash|225\/304|[from] item: Leftovers
|turn|8
|
|switch|p1a: Rotom-Wash|Rotom-Wash|208\/301
|move|p2a: UBERSATAN|Frustration|p1a: Rotom-Wash
|-crit|p1a: Rotom-Wash
|-resisted|p1a: Rotom-Wash
|-damage|p1a: Rotom-Wash|79\/301
|
|turn|9
|
|move|p2a: UBERSATAN|Frustration|p1a: Rotom-Wash
|-resisted|p1a: Rotom-Wash
|-damage|p1a: Rotom-Wash|0 fnt
|faint|p1a: Rotom-Wash
|
|
|switch|p1a: Kyurem-Black|Kyurem-Black|404\/404
|-ability|p1a: Kyurem-Black|Teravolt
|turn|10
|
|switch|p2a: Feel Slayer|Magnezone|247\/344 brn
|move|p1a: Kyurem-Black|Ice Beam|p2a: Feel Slayer
|-crit|p2a: Feel Slayer
|-resisted|p2a: Feel Slayer
|-damage|p2a: Feel Slayer|125\/344 brn
|
|-damage|p2a: Feel Slayer|82\/344 brn|[from] brn
|turn|11
|
|move|p1a: Kyurem-Black|Ice Beam|p2a: Feel Slayer
|-resisted|p2a: Feel Slayer
|-damage|p2a: Feel Slayer|0 fnt
|faint|p2a: Feel Slayer
|
|
|switch|p2a: Fashion Nigger|Terrakion|323\/323
|turn|12
|
|switch|p1a: Aegislash|Aegislash, F|225\/304
|move|p2a: Fashion Nigger|Stone Edge|p1a: Aegislash|[miss]
|-miss|p2a: Fashion Nigger|p1a: Aegislash
|
|-heal|p1a: Aegislash|244\/304|[from] item: Leftovers
|turn|13
|
|switch|p2a: Land Doge|Landorus-Therian, M|381\/381
|-ability|p2a: Land Doge|Intimidate|[of] p1a: Aegislash
|-unboost|p1a: Aegislash|atk|1
|move|p1a: Aegislash|Toxic|p2a: Land Doge
|-status|p2a: Land Doge|tox
|
|-heal|p1a: Aegislash|263\/304|[from] item: Leftovers
|-damage|p2a: Land Doge|358\/381 tox|[from] psn
|turn|14
|
|switch|p1a: Zapdos|Zapdos|384\/384
|-ability|p1a: Zapdos|Pressure
|move|p2a: Land Doge|Stealth Rock|p1a: Zapdos
|-sidestart|p1: d.d. survivor|move: Stealth Rock
|
|-heal|p2a: Land Doge|381\/381 tox|[from] item: Leftovers
|-damage|p2a: Land Doge|335\/381 tox|[from] psn
|turn|15
|
|move|p2a: Land Doge|U-turn|p1a: Zapdos
|-resisted|p1a: Zapdos
|-damage|p1a: Zapdos|344\/384
|
|switch|p2a: Fashion Nigger|Terrakion|323\/323
|move|p1a: Zapdos|Defog|p2a: Fashion Nigger
|-unboost|p2a: Fashion Nigger|evasion|1
|-sideend|p1: d.d. survivor|Stealth Rock|[from] move: Defog|[of] p1a: Zapdos
|
|-heal|p1a: Zapdos|368\/384|[from] item: Leftovers
|turn|16
|
|switch|p1a: Aegislash|Aegislash, F|263\/304
|move|p2a: Fashion Nigger|Earthquake|p1a: Aegislash
|-supereffective|p1a: Aegislash
|-damage|p1a: Aegislash|95\/304
|
|-heal|p1a: Aegislash|114\/304|[from] item: Leftovers
|turn|17
|
|move|p1a: Aegislash|King's Shield|p1a: Aegislash
|-singleturn|p1a: Aegislash|Protect
|move|p2a: Fashion Nigger|Earthquake|p1a: Aegislash
|-activate|p1a: Aegislash|Protect
|
|-heal|p1a: Aegislash|133\/304|[from] item: Leftovers
|turn|18
|
|switch|p1a: Zapdos|Zapdos|368\/384
|-ability|p1a: Zapdos|Pressure
|move|p2a: Fashion Nigger|Earthquake|p1a: Zapdos
|-immune|p1a: Zapdos|[msg]
|
|-heal|p1a: Zapdos|384\/384|[from] item: Leftovers
|turn|19
|
|switch|p2a: Land Doge|Landorus-Therian, M|335\/381 tox
|-ability|p2a: Land Doge|Intimidate|[of] p1a: Zapdos
|-unboost|p1a: Zapdos|atk|1
|move|p1a: Zapdos|Discharge|p2a: Land Doge
|-immune|p2a: Land Doge|[msg]
|
|-heal|p2a: Land Doge|358\/381 tox|[from] item: Leftovers
|-damage|p2a: Land Doge|335\/381 tox|[from] psn
|turn|20
|
|move|p2a: Land Doge|Rock Slide|p1a: Zapdos
|-supereffective|p1a: Zapdos
|-damage|p1a: Zapdos|206\/384
|cant|p1a: Zapdos|flinch
|
|-heal|p2a: Land Doge|358\/381 tox|[from] item: Leftovers
|-heal|p1a: Zapdos|230\/384|[from] item: Leftovers
|-damage|p2a: Land Doge|312\/381 tox|[from] psn
|turn|21
|
|move|p2a: Land Doge|Rock Slide|p1a: Zapdos
|-supereffective|p1a: Zapdos
|-damage|p1a: Zapdos|26\/384
|move|p1a: Zapdos|Roost|p1a: Zapdos
|-heal|p1a: Zapdos|218\/384
|
|-heal|p2a: Land Doge|335\/381 tox|[from] item: Leftovers
|-heal|p1a: Zapdos|242\/384|[from] item: Leftovers
|-damage|p2a: Land Doge|266\/381 tox|[from] psn
|turn|22
|
|move|p2a: Land Doge|Rock Slide|p1a: Zapdos
|-supereffective|p1a: Zapdos
|-damage|p1a: Zapdos|62\/384
|move|p1a: Zapdos|Roost|p1a: Zapdos
|-heal|p1a: Zapdos|254\/384
|
|-heal|p2a: Land Doge|289\/381 tox|[from] item: Leftovers
|-heal|p1a: Zapdos|278\/384|[from] item: Leftovers
|-damage|p2a: Land Doge|197\/381 tox|[from] psn
|turn|23
|
|switch|p2a: Fashion Nigger|Terrakion|323\/323
|move|p1a: Zapdos|Roost|p1a: Zapdos
|-heal|p1a: Zapdos|384\/384
|
|turn|24
|
|switch|p1a: Aegislash|Aegislash, F|133\/304
|move|p2a: Fashion Nigger|Stone Edge|p1a: Aegislash
|-resisted|p1a: Aegislash
|-damage|p1a: Aegislash|73\/304
|
|-heal|p1a: Aegislash|92\/304|[from] item: Leftovers
|turn|25
|
|switch|p2a: Land Doge|Landorus-Therian, M|197\/381 tox
|-ability|p2a: Land Doge|Intimidate|[of] p1a: Aegislash
|-unboost|p1a: Aegislash|atk|1
|-formechange|p1a: Aegislash|Aegislash-Blade
|move|p1a: Aegislash|Shadow Ball|p2a: Land Doge
|-damage|p2a: Land Doge|37\/381 tox
|
|-heal|p2a: Land Doge|60\/381 tox|[from] item: Leftovers
|-heal|p1a: Aegislash|111\/304|[from] item: Leftovers
|-damage|p2a: Land Doge|37\/381 tox|[from] psn
|turn|26
|
|-formechange|p1a: Aegislash|Aegislash
|move|p1a: Aegislash|King's Shield|p1a: Aegislash
|-singleturn|p1a: Aegislash|Protect
|move|p2a: Land Doge|Stealth Rock|p1a: Aegislash
|-sidestart|p1: d.d. survivor|move: Stealth Rock
|
|-heal|p2a: Land Doge|60\/381 tox|[from] item: Leftovers
|-heal|p1a: Aegislash|130\/304|[from] item: Leftovers
|-damage|p2a: Land Doge|14\/381 tox|[from] psn
|turn|27
|
|switch|p1a: Zapdos|Zapdos|384\/384
|-damage|p1a: Zapdos|288\/384|[from] Stealth Rock
|-ability|p1a: Zapdos|Pressure
|move|p2a: Land Doge|Earthquake|p1a: Zapdos
|-immune|p1a: Zapdos|[msg]
|
|-heal|p2a: Land Doge|37\/381 tox|[from] item: Leftovers
|-heal|p1a: Zapdos|312\/384|[from] item: Leftovers
|-damage|p2a: Land Doge|0 fnt|[from] psn
|faint|p2a: Land Doge
|
|switch|p2a: Fashion Nigger|Terrakion|323\/323
|turn|28
|
|switch|p1a: Venusaur|Venusaur, F|265\/362
|-damage|p1a: Venusaur|220\/362|[from] Stealth Rock
|move|p2a: Fashion Nigger|Stone Edge|p1a: Venusaur
|-damage|p1a: Venusaur|87\/362
|
|turn|29
|
|move|p2a: Fashion Nigger|Stone Edge|p1a: Venusaur
|-damage|p1a: Venusaur|0 fnt
|faint|p1a: Venusaur
|
|
|switch|p1a: Aegislash|Aegislash, F|130\/304
|-damage|p1a: Aegislash|111\/304|[from] Stealth Rock
|turn|30
|
|switch|p2a: Sound Owl|Kyurem-Black|391\/391
|-ability|p2a: Sound Owl|Teravolt
|move|p1a: Aegislash|Toxic|p2a: Sound Owl
|-status|p2a: Sound Owl|tox
|
|-heal|p1a: Aegislash|130\/304|[from] item: Leftovers
|-damage|p2a: Sound Owl|367\/391 tox|[from] psn
|turn|31
|
|move|p1a: Aegislash|King's Shield|p1a: Aegislash
|-singleturn|p1a: Aegislash|Protect
|move|p2a: Sound Owl|Fusion Bolt|p1a: Aegislash
|-activate|p1a: Aegislash|Protect
|
|-heal|p1a: Aegislash|149\/304|[from] item: Leftovers
|-damage|p2a: Sound Owl|319\/391 tox|[from] psn
|turn|32
|
|switch|p1a: Kyurem-Black|Kyurem-Black|404\/404
|-damage|p1a: Kyurem-Black|303\/404|[from] Stealth Rock
|-ability|p1a: Kyurem-Black|Teravolt
|move|p2a: Sound Owl|Fusion Bolt|p1a: Kyurem-Black
|-resisted|p1a: Kyurem-Black
|-damage|p1a: Kyurem-Black|226\/404
|
|-heal|p1a: Kyurem-Black|251\/404|[from] item: Leftovers
|-damage|p2a: Sound Owl|247\/391 tox|[from] psn
|turn|33
|
|switch|p2a: Fashion Nigger|Terrakion|323\/323
|move|p1a: Kyurem-Black|Substitute|p1a: Kyurem-Black
|-start|p1a: Kyurem-Black|Substitute
|-damage|p1a: Kyurem-Black|150\/404
|
|-heal|p1a: Kyurem-Black|175\/404|[from] item: Leftovers
|turn|34
|
|move|p2a: Fashion Nigger|Earthquake|p1a: Kyurem-Black
|-end|p1a: Kyurem-Black|Substitute
|move|p1a: Kyurem-Black|Substitute|p1a: Kyurem-Black
|-start|p1a: Kyurem-Black|Substitute
|-damage|p1a: Kyurem-Black|74\/404
|
|-heal|p1a: Kyurem-Black|99\/404|[from] item: Leftovers
|turn|35
|
|move|p2a: Fashion Nigger|Earthquake|p1a: Kyurem-Black
|-end|p1a: Kyurem-Black|Substitute
|move|p1a: Kyurem-Black|Earth Power|p2a: Fashion Nigger
|-supereffective|p2a: Fashion Nigger
|-damage|p2a: Fashion Nigger|97\/323
|
|-heal|p1a: Kyurem-Black|124\/404|[from] item: Leftovers
|turn|36
|
|switch|p2a: ULTIMATE WEAPON|Latias, F|363\/363
|move|p1a: Kyurem-Black|Ice Beam|p2a: ULTIMATE WEAPON
|-supereffective|p2a: ULTIMATE WEAPON
|-damage|p2a: ULTIMATE WEAPON|121\/363
|
|-heal|p2a: ULTIMATE WEAPON|143\/363|[from] item: Leftovers
|-heal|p1a: Kyurem-Black|149\/404|[from] item: Leftovers
|turn|37
|
|move|p2a: ULTIMATE WEAPON|Draco Meteor|p1a: Kyurem-Black
|-supereffective|p1a: Kyurem-Black
|-damage|p1a: Kyurem-Black|0 fnt
|-unboost|p2a: ULTIMATE WEAPON|spa|2
|faint|p1a: Kyurem-Black
|
|-heal|p2a: ULTIMATE WEAPON|165\/363|[from] item: Leftovers
|
|switch|p1a: Aegislash|Aegislash, F|149\/304
|-damage|p1a: Aegislash|130\/304|[from] Stealth Rock
|turn|38
|
|switch|p2a: Sound Owl|Kyurem-Black|247\/391 tox
|-ability|p2a: Sound Owl|Teravolt
|move|p1a: Aegislash|Substitute|p1a: Aegislash
|-start|p1a: Aegislash|Substitute
|-damage|p1a: Aegislash|54\/304
|
|-heal|p1a: Aegislash|73\/304|[from] item: Leftovers
|-damage|p2a: Sound Owl|223\/391 tox|[from] psn
|turn|39
|
|move|p1a: Aegislash|King's Shield|p1a: Aegislash
|-singleturn|p1a: Aegislash|Protect
|move|p2a: Sound Owl|Fusion Bolt|p1a: Aegislash
|-activate|p1a: Aegislash|Protect
|
|-heal|p1a: Aegislash|92\/304|[from] item: Leftovers
|-damage|p2a: Sound Owl|175\/391 tox|[from] psn
|turn|40
|
|move|p2a: Sound Owl|Fusion Bolt|p1a: Aegislash
|-end|p1a: Aegislash|Substitute
|-formechange|p1a: Aegislash|Aegislash-Blade
|move|p1a: Aegislash|Shadow Ball|p2a: Sound Owl
|-damage|p2a: Sound Owl|1\/391 tox
|
|-heal|p1a: Aegislash|111\/304|[from] item: Leftovers
|-damage|p2a: Sound Owl|0 fnt|[from] psn
|faint|p2a: Sound Owl
|
|switch|p2a: UBERSATAN|Pinsir-Mega, M|271\/271
|turn|41
|
|move|p2a: UBERSATAN|Swords Dance|p2a: UBERSATAN
|-boost|p2a: UBERSATAN|atk|2
|move|p1a: Aegislash|Toxic|p2a: UBERSATAN
|-status|p2a: UBERSATAN|tox
|
|-heal|p1a: Aegislash|130\/304|[from] item: Leftovers
|-damage|p2a: UBERSATAN|255\/271 tox|[from] psn
|turn|42
|
|-formechange|p1a: Aegislash|Aegislash
|move|p1a: Aegislash|King's Shield|p1a: Aegislash
|-singleturn|p1a: Aegislash|Protect
|move|p2a: UBERSATAN|Earthquake|p1a: Aegislash
|-activate|p1a: Aegislash|Protect
|
|-heal|p1a: Aegislash|149\/304|[from] item: Leftovers
|-damage|p2a: UBERSATAN|223\/271 tox|[from] psn
|turn|43
|
|switch|p1a: Clefable|Clefable, F|195\/394
|-damage|p1a: Clefable|146\/394|[from] Stealth Rock
|move|p2a: UBERSATAN|Frustration|p1a: Clefable
|-damage|p1a: Clefable|0 fnt
|faint|p1a: Clefable
|
|-damage|p2a: UBERSATAN|175\/271 tox|[from] psn
|
|switch|p1a: Zapdos|Zapdos|312\/384
|-damage|p1a: Zapdos|216\/384|[from] Stealth Rock
|-ability|p1a: Zapdos|Pressure
|turn|44
|
|move|p2a: UBERSATAN|Frustration|p1a: Zapdos
|-resisted|p1a: Zapdos
|-damage|p1a: Zapdos|0 fnt
|faint|p1a: Zapdos
|
|-damage|p2a: UBERSATAN|111\/271 tox|[from] psn
|
|switch|p1a: Aegislash|Aegislash, F|149\/304
|-damage|p1a: Aegislash|130\/304|[from] Stealth Rock
|turn|45
|
|move|p2a: UBERSATAN|Earthquake|p1a: Aegislash
|-supereffective|p1a: Aegislash
|-damage|p1a: Aegislash|0 fnt
|faint|p1a: Aegislash
|
|win|Smogon Bleb :DDDDD
|raw|Ladder updating...
|raw|d.d. survivor's rating: 1720 &rarr; <strong>1699<\/strong><br \/>(-21 for losing)
|raw|Smogon Bleb :DDDDD's rating: 1713 &rarr; <strong>1734<\/strong><br \/>(+21 for winning)