|join|d.d. survivor
|join|Kelfki4Ubers
|player|p1|d.d. survivor|30
|player|p2|Kelfki4Ubers|226
|gametype|singles
|gen|6
|tier|OU
|rated
|clearpoke
|poke|p1|Zapdos
|poke|p1|Rotom-Wash
|poke|p1|Clefable, F
|poke|p1|Venusaur, F
|poke|p1|Aegislash, M
|poke|p1|Kyurem-Black
|poke|p2|Kyurem-Black
|poke|p2|Thundurus, M
|poke|p2|Charizard, F
|poke|p2|Azumarill, F
|poke|p2|Excadrill, M
|poke|p2|Deoxys-Speed
|rule|Sleep Clause Mod: Limit one foe put to sleep
|rule|Species Clause: Limit one of each Pokemon
|rule|OHKO Clause: OHKO moves are banned
|rule|Moody Clause: Moody is banned
|rule|Evasion Moves Clause: Evasion moves are banned
|rule|Endless Battle Clause: Forcing endless battles is banned.
|rule|HP Percentage Mod: HP is reported as percentages
|teampreview
|join|bluri
|
|start
|switch|p1a: Aegislash|Aegislash, M|304\/304
|switch|p2a: Charizard|Charizard, F|359\/359
|turn|1
|
|-formechange|p2a: Charizard|Charizard-Mega-X
|message|Charizard has Mega Evolved into Mega Charizard!
|move|p2a: Charizard|Dragon Dance|p2a: Charizard
|-boost|p2a: Charizard|atk|1
|-boost|p2a: Charizard|spe|1
|move|p1a: Aegislash|Toxic|p2a: Charizard
|-status|p2a: Charizard|tox
|
|-damage|p2a: Charizard|337\/359 tox|[from] psn
|turn|2
|
|switch|p1a: Rotom-Wash|Rotom-Wash|303\/303
|move|p2a: Charizard|Dragon Dance|p2a: Charizard
|-boost|p2a: Charizard|atk|1
|-boost|p2a: Charizard|spe|1
|
|-damage|p2a: Charizard|293\/359 tox|[from] psn
|turn|3
|
|switch|p1a: Clefable|Clefable, F|394\/394
|move|p2a: Charizard|Flare Blitz|p1a: Clefable
|-damage|p1a: Clefable|136\/394
|-damage|p2a: Charizard|208\/359 tox|[from] recoil|[of] p1a: Clefable
|
|-heal|p1a: Clefable|160\/394|[from] item: Leftovers
|-damage|p2a: Charizard|142\/359 tox|[from] psn
|turn|4
|
|switch|p1a: Rotom-Wash|Rotom-Wash|303\/303
|move|p2a: Charizard|Flare Blitz|p1a: Rotom-Wash
|-resisted|p1a: Rotom-Wash
|-damage|p1a: Rotom-Wash|90\/303
|-damage|p2a: Charizard|72\/359 tox|[from] recoil|[of] p1a: Rotom-Wash
|
|-damage|p2a: Charizard|0 fnt|[from] psn
|faint|p2a: Charizard
|
|switch|p2a: Deoxys-Speed|Deoxys-Speed|241\/241
|-ability|p2a: Deoxys-Speed|Pressure
|turn|5
|join|marshmallon
|
|move|p2a: Deoxys-Speed|Psycho Boost|p1a: Rotom-Wash
|-damage|p1a: Rotom-Wash|0 fnt
|-unboost|p2a: Deoxys-Speed|spa|2
|-damage|p2a: Deoxys-Speed|217\/241|[from] item: Life Orb
|faint|p1a: Rotom-Wash
|
|
|switch|p1a: Aegislash|Aegislash, M|304\/304
|turn|6
|chat|bluri|hey mash :D
|
|switch|p2a: Excadrill|Excadrill, M|361\/361
|-ability|p2a: Excadrill|Mold Breaker
|-formechange|p1a: Aegislash|Aegislash-Blade
|move|p1a: Aegislash|Shadow Ball|p2a: Excadrill
|-damage|p2a: Excadrill|169\/361
|
|turn|7
|chat|marshmallon|hi blu^^
|
|-formechange|p1a: Aegislash|Aegislash
|move|p1a: Aegislash|King's Shield|p1a: Aegislash
|-singleturn|p1a: Aegislash|Protect
|move|p2a: Excadrill|Earthquake|p1a: Aegislash
|-activate|p1a: Aegislash|Protect
|
|turn|8
|
|switch|p2a: Kyurem-Black|Kyurem-Black|391\/391
|-ability|p2a: Kyurem-Black|Teravolt
|switch|p1a: Zapdos|Zapdos|384\/384
|-ability|p1a: Zapdos|Pressure
|
|turn|9
|join|Yong'Seun
|chat|bluri|sub aegislash pls
|chat|Kelfki4Ubers|lol he is
|chat|Kelfki4Ubers|imo
|chat|Yong'Seun|Dat so offensive team by klefki 
|
|switch|p1a: Aegislash|Aegislash, M|304\/304
|move|p2a: Kyurem-Black|Ice Beam|p1a: Aegislash
|-resisted|p1a: Aegislash
|-damage|p1a: Aegislash|242\/304
|-damage|p2a: Kyurem-Black|352\/391|[from] item: Life Orb
|
|-heal|p1a: Aegislash|261\/304|[from] item: Leftovers
|turn|10
|chat|bluri|No no no
|chat|bluri|not klefki
|chat|bluri|Kelfki
|chat|Yong'Seun|Lol 
|chat|Kelfki4Ubers|haha XD
|
|move|p1a: Aegislash|King's Shield|p1a: Aegislash
|-singleturn|p1a: Aegislash|Protect
|move|p2a: Kyurem-Black|Earth Power|p1a: Aegislash
|-activate|p1a: Aegislash|Protect
|
|-heal|p1a: Aegislash|280\/304|[from] item: Leftovers
|turn|11
|chat|Yong'Seun|i saw klefki 
|chat|Yong'Seun|:D
|chat|bluri|:D:D:D
|chat|bluri|Mee2
|chat|bluri|:D
|chat|Yong'Seun|i thought that was something like ur past name blu
|
|move|p2a: Kyurem-Black|Earth Power|p1a: Aegislash
|-supereffective|p1a: Aegislash
|-damage|p1a: Aegislash|134\/304
|-damage|p2a: Kyurem-Black|313\/391|[from] item: Life Orb
|-formechange|p1a: Aegislash|Aegislash-Blade
|move|p1a: Aegislash|Shadow Ball|p2a: Kyurem-Black
|-damage|p2a: Kyurem-Black|139\/391
|
|-heal|p1a: Aegislash|153\/304|[from] item: Leftovers
|turn|12
|chat|bluri|My past name wre
|chat|bluri|KlefkiHaters
|chat|Yong'Seun|y
|chat|bluri|And ClefableHaters lol
|
|switch|p2a: Azumarill|Azumarill, F|403\/403
|-formechange|p1a: Aegislash|Aegislash
|move|p1a: Aegislash|King's Shield|p1a: Aegislash
|-fail|p1a: Aegislash
|
|-heal|p1a: Aegislash|172\/304|[from] item: Leftovers
|turn|13
|chat|Yong'Seun|Azu in o:
|
|move|p1a: Aegislash|Substitute|p1a: Aegislash
|-start|p1a: Aegislash|Substitute
|-damage|p1a: Aegislash|96\/304
|move|p2a: Azumarill|Knock Off|p1a: Aegislash
|-supereffective|p1a: Aegislash
|-end|p1a: Aegislash|Substitute
|
|-heal|p1a: Aegislash|115\/304|[from] item: Leftovers
|turn|14
|chat|bluri|Goddamn
|chat|Yong'Seun|ah kk 
|chat|bluri|belly drum now
|chat|bluri|venu switch
|
|move|p1a: Aegislash|King's Shield|p1a: Aegislash
|-singleturn|p1a: Aegislash|Protect
|move|p2a: Azumarill|Knock Off|p1a: Aegislash
|-activate|p1a: Aegislash|Protect
|-unboost|p2a: Azumarill|atk|2
|
|-heal|p1a: Aegislash|134\/304|[from] item: Leftovers
|turn|15
|chat|Yong'Seun|Knock and BD isn't possible y\/n?
|leave|marshmallon
|join|marshmallon
|chat|bluri|IsÂ´nt it?
|chat|bluri|Dont knew it lol o.O
|chat|Kelfki4Ubers|no i dont think so
|
|move|p1a: Aegislash|Substitute|p1a: Aegislash
|-start|p1a: Aegislash|Substitute
|-damage|p1a: Aegislash|58\/304
|move|p2a: Azumarill|Knock Off|p1a: Aegislash
|-crit|p1a: Aegislash
|-supereffective|p1a: Aegislash
|-end|p1a: Aegislash|Substitute
|
|-heal|p1a: Aegislash|77\/304|[from] item: Leftovers
|turn|16
|chat|bluri|goddamn
|
|move|p1a: Aegislash|King's Shield|p1a: Aegislash
|-singleturn|p1a: Aegislash|Protect
|move|p2a: Azumarill|Knock Off|p1a: Aegislash
|-activate|p1a: Aegislash|Protect
|-unboost|p2a: Azumarill|atk|2
|
|-heal|p1a: Aegislash|96\/304|[from] item: Leftovers
|turn|17
|chat|bluri|this is a e-bell azu
|
|move|p1a: Aegislash|Substitute|p1a: Aegislash
|-start|p1a: Aegislash|Substitute
|-damage|p1a: Aegislash|20\/304
|move|p2a: Azumarill|Knock Off|p1a: Aegislash
|-crit|p1a: Aegislash
|-supereffective|p1a: Aegislash
|-end|p1a: Aegislash|Substitute
|
|-heal|p1a: Aegislash|39\/304|[from] item: Leftovers
|turn|18
|chat|bluri|we mad especial split
|chat|Yong'Seun|Lool
|
|-formechange|p1a: Aegislash|Aegislash-Blade
|move|p1a: Aegislash|Shadow Ball|p2a: Azumarill
|-damage|p2a: Azumarill|238\/403
|move|p2a: Azumarill|Knock Off|p1a: Aegislash
|-supereffective|p1a: Aegislash
|-damage|p1a: Aegislash|0 fnt
|faint|p1a: Aegislash
|
|chat|Kelfki4Ubers|lolol
|chat|bluri|can take 3 shadow balls of defensive aegislash
|
|switch|p1a: Kyurem-Black|Kyurem-Black|404\/404
|-ability|p1a: Kyurem-Black|Teravolt
|turn|19
|chat|bluri|and kill aegislash with sub after 0,33 atk
|chat|Kelfki4Ubers|hahaha
|chat|Kelfki4Ubers|XD
|
|switch|p2a: Excadrill|Excadrill, M|169\/361
|-ability|p2a: Excadrill|Mold Breaker
|move|p1a: Kyurem-Black|Substitute|p1a: Kyurem-Black
|-start|p1a: Kyurem-Black|Substitute
|-damage|p1a: Kyurem-Black|303\/404
|
|-heal|p1a: Kyurem-Black|328\/404|[from] item: Leftovers
|turn|20
|
|move|p2a: Excadrill|Iron Head|p1a: Kyurem-Black
|-supereffective|p1a: Kyurem-Black
|-end|p1a: Kyurem-Black|Substitute
|move|p1a: Kyurem-Black|Earth Power|p2a: Excadrill
|-supereffective|p2a: Excadrill
|-damage|p2a: Excadrill|0 fnt
|faint|p2a: Excadrill
|
|-heal|p1a: Kyurem-Black|353\/404|[from] item: Leftovers
|chat|bluri|http:\/\/www.youtube.com\/watch?v=jWxaQBmyqD4 AMAZING GERMAN SINGER
|
|switch|p2a: Thundurus|Thundurus, M|299\/299
|turn|21
|chat|bluri|sub pls kelfki
|chat|bluri|play save
|chat|Kelfki4Ubers|ye
|chat|Kelfki4Ubers|or hp fly?
|chat|bluri|hp fly and then nasty
|chat|Kelfki4Ubers|pred venu?
|chat|bluri|first nasty
|chat|Kelfki4Ubers|kk
|chat|bluri|not sub,then nasty and then hp fly
|chat|bluri|Now
|
|switch|p1a: Venusaur|Venusaur, F|362\/362
|move|p2a: Thundurus|Focus Blast|p1a: Venusaur
|-resisted|p1a: Venusaur
|-damage|p1a: Venusaur|275\/362
|-damage|p2a: Thundurus|270\/299|[from] item: Life Orb
|
|turn|22
|chat|Kelfki4Ubers|now hp fly?
|
|switch|p2a: Deoxys-Speed|Deoxys-Speed|217\/241
|-ability|p2a: Deoxys-Speed|Pressure
|-formechange|p1a: Venusaur|Venusaur-Mega
|message|Venusaur has Mega Evolved into Mega Venusaur!
|move|p1a: Venusaur|Sludge Bomb|p2a: Deoxys-Speed
|-damage|p2a: Deoxys-Speed|70\/241
|
|turn|23
|chat|bluri|sure
|
|switch|p1a: Zapdos|Zapdos|384\/384
|-ability|p1a: Zapdos|Pressure
|move|p2a: Deoxys-Speed|Psycho Boost|p1a: Zapdos|[miss]
|-miss|p2a: Deoxys-Speed|p1a: Zapdos
|
|turn|24
|chat|bluri|goddamn where is the shadow tag deoxys-s
|chat|bluri|BANN THE BASTARD
|
|move|p2a: Deoxys-Speed|Stealth Rock|p1a: Zapdos
|-sidestart|p1: d.d. survivor|move: Stealth Rock
|move|p1a: Zapdos|Discharge|p2a: Deoxys-Speed
|-damage|p2a: Deoxys-Speed|0 fnt
|faint|p2a: Deoxys-Speed
|
|
|switch|p2a: Kyurem-Black|Kyurem-Black|139\/391
|-ability|p2a: Kyurem-Black|Teravolt
|turn|25
|chat|bluri|arabische missgeburt
|chat|Kelfki4Ubers|annoying miss
|chat|Kelfki4Ubers|tbh
|
|move|p2a: Kyurem-Black|Ice Beam|p1a: Zapdos
|-supereffective|p1a: Zapdos
|-damage|p1a: Zapdos|69\/384
|-damage|p2a: Kyurem-Black|100\/391|[from] item: Life Orb
|move|p1a: Zapdos|Roost|p1a: Zapdos
|-heal|p1a: Zapdos|261\/384
|
|-heal|p1a: Zapdos|285\/384|[from] item: Leftovers
|turn|26
|chat|bluri|so true
|chat|Kelfki4Ubers|i would have 10% more health
|chat|Kelfki4Ubers|enough to take out the rest of his team lol
|chat|Kelfki4Ubers|W\/e
|
|switch|p1a: Clefable|Clefable, F|160\/394
|-damage|p1a: Clefable|111\/394|[from] Stealth Rock
|move|p2a: Kyurem-Black|Ice Beam|p1a: Clefable
|-damage|p1a: Clefable|0 fnt
|-damage|p2a: Kyurem-Black|61\/391|[from] item: Life Orb
|faint|p1a: Clefable
|
|
|switch|p1a: Kyurem-Black|Kyurem-Black|353\/404
|-damage|p1a: Kyurem-Black|252\/404|[from] Stealth Rock
|-ability|p1a: Kyurem-Black|Teravolt
|turn|27
|chat|bluri|Motherfucker ur luck sucks kelfki :D
|
|switch|p2a: Azumarill|Azumarill, F|238\/403
|move|p1a: Kyurem-Black|Ice Beam|p2a: Azumarill
|-resisted|p2a: Azumarill
|-damage|p2a: Azumarill|148\/403
|-status|p2a: Azumarill|frz
|
|-heal|p1a: Kyurem-Black|277\/404|[from] item: Leftovers
|turn|28
|chat|Kelfki4Ubers|omg
|chat|marshmallon|._.
|chat|Kelfki4Ubers|the fuck is this
|
|move|p1a: Kyurem-Black|Substitute|p1a: Kyurem-Black
|-start|p1a: Kyurem-Black|Substitute
|-damage|p1a: Kyurem-Black|176\/404
|cant|p2a: Azumarill|frz
|
|-heal|p1a: Kyurem-Black|201\/404|[from] item: Leftovers
|turn|29
|chat|bluri|free sub
|chat|bluri|omfg
|
|move|p1a: Kyurem-Black|Earth Power|p2a: Azumarill
|-damage|p2a: Azumarill|8\/403 frz
|-unboost|p2a: Azumarill|spd|1
|cant|p2a: Azumarill|frz
|
|-heal|p1a: Kyurem-Black|226\/404|[from] item: Leftovers
|turn|30
|chat|Kelfki4Ubers|omg
|
|cant|p2a: Azumarill|frz
|move|p1a: Kyurem-Black|Ice Beam|p2a: Azumarill
|-resisted|p2a: Azumarill
|-damage|p2a: Azumarill|0 fnt
|faint|p2a: Azumarill
|
|-heal|p1a: Kyurem-Black|251\/404|[from] item: Leftovers
|
|switch|p2a: Thundurus|Thundurus, M|270\/299
|turn|31
|chat|Kelfki4Ubers|hax 
|chat|Kelfki4Ubers|is fucking bs
|
|move|p2a: Thundurus|Thunderbolt|p1a: Kyurem-Black
|-resisted|p1a: Kyurem-Black
|-end|p1a: Kyurem-Black|Substitute
|-damage|p2a: Thundurus|241\/299|[from] item: Life Orb
|move|p1a: Kyurem-Black|Ice Beam|p2a: Thundurus
|-supereffective|p2a: Thundurus
|-damage|p2a: Thundurus|0 fnt
|faint|p2a: Thundurus
|
|-heal|p1a: Kyurem-Black|276\/404|[from] item: Leftovers
|
|switch|p2a: Kyurem-Black|Kyurem-Black|61\/391
|-ability|p2a: Kyurem-Black|Teravolt
|turn|32
|
|move|p1a: Kyurem-Black|Ice Beam|p2a: Kyurem-Black
|-damage|p2a: Kyurem-Black|0 fnt
|faint|p2a: Kyurem-Black
|
|win|d.d. survivor
|raw|Ladder updating...
|raw|d.d. survivor's rating: 1843 &rarr; <strong>1862<\/strong><br \/>(+19 for winning)
|raw|Kelfki4Ubers's rating: 1822 &rarr; <strong>1803<\/strong><br \/>(-19 for losing)
|chat|bluri|gg
|chat|Kelfki4Ubers|tie win as well
|chat|Kelfki4Ubers|fuck this
|leave|bluri
|leave|marshmallon
|leave|Kelfki4Ubers
|player|p2