|join|LadderSoTall
|join|d.d. survivor
|player|p1|LadderSoTall|130
|player|p2|d.d. survivor|1
|gametype|singles
|gen|6
|tier|OU
|rated
|clearpoke
|poke|p1|Chansey, F
|poke|p1|Skarmory, M, shiny
|poke|p1|Venusaur, M
|poke|p1|Bisharp, M
|poke|p1|Keldeo-Resolute
|poke|p1|Diancie
|poke|p2|Tyranitar, F
|poke|p2|Gyarados, M
|poke|p2|Breloom, M
|poke|p2|Excadrill, F
|poke|p2|Dragonite, M
|poke|p2|Kyurem-Black
|rule|Swagger Clause: Swagger is banned
|rule|Baton Pass Clause: Limit one PokÃ©mon knowing Baton Pass
|rule|Sleep Clause Mod: Limit one foe put to sleep
|rule|Species Clause: Limit one of each PokÃ©mon
|rule|OHKO Clause: OHKO moves are banned
|rule|Moody Clause: Moody is banned
|rule|Evasion Moves Clause: Evasion moves are banned
|rule|Endless Battle Clause: Forcing endless battles is banned
|rule|HP Percentage Mod: HP is reported as percentages
|teampreview
|
|start
|switch|p1a: Dramasaur|Venusaur, M|364\/364
|switch|p2a: Tia Ana|Gyarados, M|331\/331
|-ability|p2a: Tia Ana|Intimidate|[of] p1a: Dramasaur
|-unboost|p1a: Dramasaur|atk|1
|turn|1
|
|detailschange|p2a: Tia Ana|Gyarados-Mega, M
|message|Gyarados has Mega Evolved into Mega Gyarados!
|-ability|p2a: Tia Ana|Mold Breaker
|detailschange|p1a: Dramasaur|Venusaur-Mega, M
|message|Venusaur has Mega Evolved into Mega Venusaur!
|move|p2a: Tia Ana|Taunt|p1a: Dramasaur
|-start|p1a: Dramasaur|move: Taunt
|move|p1a: Dramasaur|Giga Drain|p2a: Tia Ana
|-supereffective|p2a: Tia Ana
|-damage|p2a: Tia Ana|101\/331
|
|turn|2
|
|switch|p2a: Tio Vinny|Kyurem-Black|391\/391
|-ability|p2a: Tio Vinny|Teravolt
|move|p1a: Dramasaur|Sludge Bomb|p2a: Tio Vinny
|-damage|p2a: Tio Vinny|219\/391
|
|turn|3
|
|switch|p1a: Serene Grace|Chansey, F|704\/704
|move|p2a: Tio Vinny|Ice Beam|p1a: Serene Grace
|-damage|p1a: Serene Grace|575\/704
|-damage|p2a: Tio Vinny|180\/391|[from] item: Life Orb
|
|turn|4
|
|switch|p2a: Tio Weine|Excadrill, F|361\/361
|move|p1a: Serene Grace|Seismic Toss|p2a: Tio Weine
|-damage|p2a: Tio Weine|261\/361
|
|turn|5
|
|switch|p2a: Tia Ana|Gyarados-Mega, M|101\/331
|-ability|p2a: Tia Ana|Mold Breaker
|switch|p1a: Sturdy|Skarmory, M, shiny|334\/334
|
|turn|6
|
|move|p2a: Tia Ana|Dragon Dance|p2a: Tia Ana
|-boost|p2a: Tia Ana|atk|1
|-boost|p2a: Tia Ana|spe|1
|move|p1a: Sturdy|Brave Bird|p2a: Tia Ana
|-damage|p2a: Tia Ana|0 fnt
|-damage|p1a: Sturdy|301\/334|[from] recoil|[of] p2a: Tia Ana
|faint|p2a: Tia Ana
|
|
|switch|p2a: Tio Vinny|Kyurem-Black|180\/391
|-ability|p2a: Tio Vinny|Teravolt
|turn|7
|
|switch|p1a: Serene Grace|Chansey, F|575\/704
|move|p2a: Tio Vinny|Ice Beam|p1a: Serene Grace
|-damage|p1a: Serene Grace|435\/704
|-damage|p2a: Tio Vinny|141\/391|[from] item: Life Orb
|
|turn|8
|
|move|p2a: Tio Vinny|Outrage|p1a: Serene Grace
|-damage|p1a: Serene Grace|80\/704
|-damage|p2a: Tio Vinny|102\/391|[from] item: Life Orb
|move|p1a: Serene Grace|Soft-Boiled|p1a: Serene Grace
|-heal|p1a: Serene Grace|432\/704
|
|turn|9
|
|switch|p1a: The Queen|Diancie|304\/304
|move|p2a: Tio Vinny|Outrage|p1a: The Queen
|-immune|p1a: The Queen|[msg]
|
|-end|p2a: Tio Vinny|rampage
|-start|p2a: Tio Vinny|confusion
|turn|10
|
|switch|p2a: Tio Weine|Excadrill, F|261\/361
|move|p1a: The Queen|Stealth Rock|p2a: Tio Weine
|-sidestart|p2: d.d. survivor|move: Stealth Rock
|
|turn|11
|
|switch|p1a: Sturdy|Skarmory, M, shiny|301\/334
|move|p2a: Tio Weine|Rapid Spin|p1a: Sturdy
|-resisted|p1a: Sturdy
|-damage|p1a: Sturdy|291\/334
|-damage|p2a: Tio Weine|201\/361|[from] item: Rocky Helmet|[of] p1a: Sturdy
|-sideend|p2: d.d. survivor|Stealth Rock|[from] move: Rapid Spin|[of] p2a: Tio Weine
|-damage|p2a: Tio Weine|165\/361|[from] item: Life Orb
|
|turn|12
|
|switch|p2a: Tio Clison|Breloom, M|261\/261
|move|p1a: Sturdy|Stealth Rock|p2a: Tio Clison
|-sidestart|p2: d.d. survivor|move: Stealth Rock
|
|turn|13
|
|switch|p1a: Dramasaur|Venusaur-Mega, M|364\/364
|move|p2a: Tio Clison|Rock Tomb|p1a: Dramasaur
|-damage|p1a: Dramasaur|271\/364
|-unboost|p1a: Dramasaur|spe|1
|
|turn|14
|
|switch|p2a: Tio Weine|Excadrill, F|165\/361
|-damage|p2a: Tio Weine|154\/361|[from] Stealth Rock
|move|p1a: Dramasaur|Hidden Power|p2a: Tio Weine
|-supereffective|p2a: Tio Weine
|-damage|p2a: Tio Weine|0 fnt
|faint|p2a: Tio Weine
|
|
|switch|p2a: Tio Vinny|Kyurem-Black|102\/391
|-damage|p2a: Tio Vinny|5\/391|[from] Stealth Rock
|-ability|p2a: Tio Vinny|Teravolt
|turn|15
|
|switch|p1a: Serene Grace|Chansey, F|432\/704
|move|p2a: Tio Vinny|Outrage|p1a: Serene Grace
|-damage|p1a: Serene Grace|52\/704
|-damage|p2a: Tio Vinny|0 fnt|[from] item: Life Orb
|faint|p2a: Tio Vinny
|
|
|switch|p2a: Tio Caio|Tyranitar, F|400\/400
|-damage|p2a: Tio Caio|350\/400|[from] Stealth Rock
|-weather|Sandstorm
|turn|16
|
|move|p2a: Tio Caio|Crunch|p1a: Serene Grace
|-crit|p1a: Serene Grace
|-damage|p1a: Serene Grace|0 fnt
|faint|p1a: Serene Grace
|
|-weather|Sandstorm|[upkeep]
|-heal|p2a: Tio Caio|375\/400|[from] item: Leftovers
|
|switch|p1a: Pwny|Keldeo-Resolute|323\/323
|turn|17
|
|move|p1a: Pwny|Secret Sword|p2a: Tio Caio
|-supereffective|p2a: Tio Caio
|-damage|p2a: Tio Caio|0 fnt
|faint|p2a: Tio Caio
|
|-weather|Sandstorm|[upkeep]
|-damage|p1a: Pwny|303\/323|[from] sandstorm
|
|switch|p2a: Tio Clison|Breloom, M|261\/261
|-damage|p2a: Tio Clison|245\/261|[from] Stealth Rock
|turn|18
|
|move|p1a: Pwny|Hidden Power|p2a: Tio Clison
|-supereffective|p2a: Tio Clison
|-damage|p2a: Tio Clison|0 fnt
|faint|p2a: Tio Clison
|
|-weather|Sandstorm|[upkeep]
|-damage|p1a: Pwny|283\/323|[from] sandstorm
|
|switch|p2a: Tio Vile X|Dragonite, M|339\/339
|-damage|p2a: Tio Vile X|255\/339|[from] Stealth Rock
|turn|19
|
|move|p2a: Tio Vile X|Extreme Speed|p1a: Pwny
|-damage|p1a: Pwny|120\/323
|move|p1a: Pwny|Hidden Power|p2a: Tio Vile X
|-crit|p2a: Tio Vile X
|-supereffective|p2a: Tio Vile X
|-damage|p2a: Tio Vile X|0 fnt
|faint|p2a: Tio Vile X
|
|win|LadderSoTall
|raw|Ladder updating...
|raw|LadderSoTall's rating: 1602 &rarr; <strong>1623<\/strong><br \/>(+21 for winning)
|raw|d.d. survivor's rating: 1611 &rarr; <strong>1591<\/strong><br \/>(-20 for losing)
|leave|d.d. survivor
|player|p2