|join|thenewguy24imo
|join|d.d. survivor
|player|p1|thenewguy24imo|209
|player|p2|d.d. survivor|30
|gametype|singles
|gen|6
|tier|OU
|rated
|clearpoke
|poke|p1|Mawile, F
|poke|p1|Keldeo
|poke|p1|Thundurus, M
|poke|p1|Aegislash, M
|poke|p1|Deoxys-Speed
|poke|p1|Garchomp, F
|poke|p2|Milotic, M
|poke|p2|Tyranitar, M
|poke|p2|Excadrill, F
|poke|p2|Thundurus, M
|poke|p2|Garchomp, M
|poke|p2|Aegislash, F
|rule|Sleep Clause Mod: Limit one foe put to sleep
|rule|Species Clause: Limit one of each Pokemon
|rule|OHKO Clause: OHKO moves are banned
|rule|Moody Clause: Moody is banned
|rule|Evasion Moves Clause: Evasion moves are banned
|rule|Endless Battle Clause: Forcing endless battles is banned.
|rule|HP Percentage Mod: HP is reported as percentages
|teampreview
|join|Jolteonite
|join|SansNickel
|chat|thenewguy24imo|hmm
|
|start
|switch|p1a: Garchomp|Garchomp, F|358\/358
|switch|p2a: Thundurus|Thundurus, M|299\/299
|turn|1
|
|move|p2a: Thundurus|Knock Off|p1a: Garchomp
|-damage|p1a: Garchomp|227\/358
|-damage|p2a: Thundurus|262\/299|[from] ability: Rough Skin|[of] p1a: Garchomp
|-enditem|p1a: Garchomp|Focus Sash|[from] move: Knock Off|[of] p2a: Thundurus
|-damage|p2a: Thundurus|233\/299|[from] item: Life Orb
|move|p1a: Garchomp|Outrage|p2a: Thundurus
|-damage|p2a: Thundurus|0 fnt
|faint|p2a: Thundurus
|
|chat|thenewguy24imo|nb
|chat|thenewguy24imo|im weak to thundy
|
|switch|p2a: Milotic|Milotic, M|331\/331
|turn|2
|join|The King in Yellow
|
|move|p2a: Milotic|Ice Beam|p1a: Garchomp
|-supereffective|p1a: Garchomp
|-damage|p1a: Garchomp|0 fnt
|faint|p1a: Garchomp
|
|chat|Jolteonite|is scarfchomp the best set?
|chat|thenewguy24imo|lol scarf milotic
|chat|SansNickel|scarf milotic
|chat|SansNickel|it has 100 spA
|
|switch|p1a: Keldeo|Keldeo|322\/322
|turn|3
|
|switch|p2a: Aegislash|Aegislash, F|304\/304
|move|p1a: Keldeo|Calm Mind|p1a: Keldeo
|-boost|p1a: Keldeo|spa|1
|-boost|p1a: Keldeo|spd|1
|
|turn|4
|
|move|p1a: Keldeo|Surf|p2a: Aegislash
|-damage|p2a: Aegislash|127\/304
|-damage|p1a: Keldeo|290\/322|[from] item: Life Orb
|move|p2a: Aegislash|Toxic|p1a: Keldeo
|-status|p1a: Keldeo|tox
|
|-heal|p2a: Aegislash|146\/304|[from] item: Leftovers
|-damage|p1a: Keldeo|270\/322 tox|[from] psn
|turn|5
|chat|thenewguy24imo|nb
|
|move|p1a: Keldeo|Surf|p2a: Aegislash
|-damage|p2a: Aegislash|0 fnt
|-damage|p1a: Keldeo|238\/322 tox|[from] item: Life Orb
|faint|p2a: Aegislash
|
|-damage|p1a: Keldeo|198\/322 tox|[from] psn
|chat|thenewguy24imo|nb
|chat|Jolteonite|a def aeg that took that much thats nuts
|chat|SansNickel|the predicts
|chat|thenewguy24imo|now another scarf leggi
|
|switch|p2a: Tyranitar|Tyranitar, M|341\/341
|-weather|Sandstorm
|turn|6
|chat|SansNickel|scarf hp grass
|
|switch|p2a: Milotic|Milotic, M|331\/331
|move|p1a: Keldeo|Secret Sword|p2a: Milotic
|-damage|p2a: Milotic|0 fnt
|-damage|p1a: Keldeo|166\/322 tox|[from] item: Life Orb
|faint|p2a: Milotic
|
|-weather|Sandstorm|[upkeep]
|-damage|p1a: Keldeo|146\/322 tox|[from] sandstorm
|-damage|p1a: Keldeo|86\/322 tox|[from] psn
|chat|SansNickel|LOLIN
|chat|thenewguy24imo|thanks i guess
|chat|SansNickel|AN ATTEMPT WAS MADE
|
|switch|p2a: Excadrill|Excadrill, F|361\/361
|-item|p2a: Excadrill|Air Balloon
|turn|7
|chat|The King in Yellow|lol damn
|chat|thenewguy24imo|nb
|chat|thenewguy24imo|nb
|
|move|p2a: Excadrill|Earthquake|p1a: Keldeo
|-damage|p1a: Keldeo|0 fnt
|faint|p1a: Keldeo
|
|-weather|Sandstorm|[upkeep]
|chat|SansNickel|sand rush
|chat|SansNickel|lul
|
|switch|p1a: Thundurus|Thundurus, M|299\/299
|turn|8
|
|switch|p1a: Aegislash|Aegislash, M|320\/320
|move|p2a: Excadrill|Rock Slide|p1a: Aegislash
|-resisted|p1a: Aegislash
|-damage|p1a: Aegislash|283\/320
|
|-weather|Sandstorm|[upkeep]
|turn|9
|join|jailbait jenny
|
|switch|p2a: Garchomp|Garchomp, M|400\/400
|move|p1a: Aegislash|King's Shield|p1a: Aegislash
|-fail|p1a: Aegislash
|
|-weather|Sandstorm|[upkeep]
|turn|10
|chat|thenewguy24imo|nb
|
|move|p2a: Garchomp|Stealth Rock|p1a: Aegislash
|-sidestart|p1: thenewguy24imo|move: Stealth Rock
|-formechange|p1a: Aegislash|Aegislash-Blade
|move|p1a: Aegislash|Shadow Ball|p2a: Garchomp
|-damage|p2a: Garchomp|196\/400
|
|-weather|none
|-heal|p2a: Garchomp|221\/400|[from] item: Leftovers
|turn|11
|
|move|p2a: Garchomp|Earthquake|p1a: Aegislash
|-supereffective|p1a: Aegislash
|-damage|p1a: Aegislash|0 fnt
|faint|p1a: Aegislash
|
|-heal|p2a: Garchomp|246\/400|[from] item: Leftovers
|chat|jailbait jenny|lefties chomp 
|chat|thenewguy24imo|i lost tho the same strat should be ubers imo
|chat|thenewguy24imo|exca is still beast in sand
|
|switch|p1a: Deoxys-Speed|Deoxys-Speed|241\/241
|-damage|p1a: Deoxys-Speed|211\/241|[from] Stealth Rock
|-ability|p1a: Deoxys-Speed|Pressure
|turn|12
|
|switch|p2a: Tyranitar|Tyranitar, M|341\/341
|-weather|Sandstorm
|move|p1a: Deoxys-Speed|Ice Beam|p2a: Tyranitar
|-damage|p2a: Tyranitar|267\/341
|-damage|p1a: Deoxys-Speed|187\/241|[from] item: Life Orb
|
|-weather|Sandstorm|[upkeep]
|-damage|p1a: Deoxys-Speed|172\/241|[from] sandstorm
|turn|13
|
|switch|p2a: Garchomp|Garchomp, M|246\/400
|move|p1a: Deoxys-Speed|Superpower|p2a: Garchomp
|-damage|p2a: Garchomp|151\/400
|-damage|p1a: Deoxys-Speed|142\/241|[from] ability: Rough Skin|[of] p2a: Garchomp
|-unboost|p1a: Deoxys-Speed|atk|1
|-unboost|p1a: Deoxys-Speed|def|1
|-damage|p1a: Deoxys-Speed|118\/241|[from] item: Life Orb
|
|-weather|Sandstorm|[upkeep]
|-damage|p1a: Deoxys-Speed|103\/241|[from] sandstorm
|-heal|p2a: Garchomp|176\/400|[from] item: Leftovers
|turn|14
|chat|Jolteonite|why do you run surf over scald tho just curious
|
|switch|p2a: Excadrill|Excadrill, F|361\/361
|-item|p2a: Excadrill|Air Balloon
|move|p1a: Deoxys-Speed|Superpower|p2a: Excadrill
|-crit|p2a: Excadrill
|-supereffective|p2a: Excadrill
|-damage|p2a: Excadrill|0 fnt
|-enditem|p2a: Excadrill|Air Balloon
|-unboost|p1a: Deoxys-Speed|atk|1
|-unboost|p1a: Deoxys-Speed|def|1
|-damage|p1a: Deoxys-Speed|79\/241|[from] item: Life Orb
|faint|p2a: Excadrill
|
|-weather|Sandstorm|[upkeep]
|-damage|p1a: Deoxys-Speed|64\/241|[from] sandstorm
|chat|thenewguy24imo|nb
|chat|thenewguy24imo|nb
|chat|thenewguy24imo|nb
|chat|thenewguy24imo|nb
|chat|thenewguy24imo|nb
|chat|The King in Yellow|loool
|
|switch|p2a: Tyranitar|Tyranitar, M|267\/341
|turn|15
|
|switch|p1a: Thundurus|Thundurus, M|299\/299
|-damage|p1a: Thundurus|225\/299|[from] Stealth Rock
|-formechange|p2a: Tyranitar|Tyranitar-Mega
|message|Tyranitar has Mega Evolved into Mega Tyranitar!
|move|p2a: Tyranitar|Crunch|p1a: Thundurus
|-damage|p1a: Thundurus|0 fnt
|faint|p1a: Thundurus
|
|-weather|Sandstorm|[upkeep]
|chat|jailbait jenny|dragon dance NIGGUH
|chat|SansNickel|how did outspeed
|join|BHARATH_THEBEST
|
|switch|p1a: Deoxys-Speed|Deoxys-Speed|64\/241
|-damage|p1a: Deoxys-Speed|34\/241|[from] Stealth Rock
|-ability|p1a: Deoxys-Speed|Pressure
|turn|16
|
|move|p1a: Deoxys-Speed|Ice Beam|p2a: Tyranitar
|-crit|p2a: Tyranitar
|-damage|p2a: Tyranitar|175\/341
|-damage|p1a: Deoxys-Speed|10\/241|[from] item: Life Orb
|move|p2a: Tyranitar|Crunch|p1a: Deoxys-Speed
|-crit|p1a: Deoxys-Speed
|-supereffective|p1a: Deoxys-Speed
|-damage|p1a: Deoxys-Speed|0 fnt
|faint|p1a: Deoxys-Speed
|
|-weather|none
|chat|jailbait jenny|rofl
|chat|thenewguy24imo|omg
|chat|thenewguy24imo|the 17 plays
|
|switch|p1a: Mawile|Mawile, F|242\/242
|-damage|p1a: Mawile|227\/242|[from] Stealth Rock
|-ability|p1a: Mawile|Intimidate|[of] p2a: Tyranitar
|-unboost|p2a: Tyranitar|atk|1
|turn|17
|
|-formechange|p1a: Mawile|Mawile-Mega
|message|Mawile has Mega Evolved into Mega Mawile!
|move|p2a: Tyranitar|Taunt|p1a: Mawile
|-start|p1a: Mawile|move: Taunt
|move|p1a: Mawile|Iron Head|p2a: Tyranitar
|-supereffective|p2a: Tyranitar
|-damage|p2a: Tyranitar|0 fnt
|faint|p2a: Tyranitar
|
|chat|SansNickel|nice lead
|
|switch|p2a: Garchomp|Garchomp, M|176\/400
|turn|18
|
|move|p1a: Mawile|Sucker Punch|p2a: Garchomp
|-damage|p2a: Garchomp|17\/400
|-damage|p1a: Mawile|197\/242|[from] ability: Rough Skin|[of] p2a: Garchomp
|move|p2a: Garchomp|Earthquake|p1a: Mawile
|-supereffective|p1a: Mawile
|-damage|p1a: Mawile|0 fnt
|faint|p1a: Mawile
|
|win|d.d. survivor
|raw|Ladder updating...
|raw|thenewguy24imo's rating: 1857 &rarr; <strong>1832<\/strong><br \/>(-25 for losing)
|raw|d.d. survivor's rating: 1764 &rarr; <strong>1790<\/strong><br \/>(+26 for winning)
|chat|thenewguy24imo|weak af
|chat|BHARATH_THEBEST|wtf
|chat|The King in Yellow|lol gg
|chat|jailbait jenny|o yeah
|chat|d.d. survivor|nub
|leave|thenewguy24imo
|player|p1
|chat|d.d. survivor|nb
|chat|BHARATH_THEBEST|gg
|chat|d.d. survivor|nb
|chat|d.d. survivor|nb
|chat|d.d. survivor|nb
|chat|d.d. survivor|nb
|chat|jailbait jenny|garchomp the man
|leave|SansNickel
|leave|The King in Yellow
|leave|jailbait jenny
|leave|Jolteonite
|chat|BHARATH_THEBEST|garchomp survived