|join|d.d. survivor
|join|tru
|player|p1|d.d. survivor|170
|player|p2|tru|2
|gametype|singles
|gen|6
|tier|OU
|rated
|clearpoke
|poke|p1|Ninetales, M
|poke|p1|Victini
|poke|p1|Heliolisk, F
|poke|p1|Latios, M
|poke|p1|Gyarados, M
|poke|p1|Garchomp, F
|poke|p2|Mawile, M, shiny
|poke|p2|Politoed, M
|poke|p2|Garchomp, M, shiny
|poke|p2|Kabutops, F
|poke|p2|Kingdra, F
|poke|p2|Latias, F
|rule|Sleep Clause Mod: Limit one foe put to sleep
|rule|Species Clause: Limit one of each Pokemon
|rule|OHKO Clause: OHKO moves are banned
|rule|Moody Clause: Moody is banned
|rule|Evasion Moves Clause: Evasion moves are banned
|rule|Endless Battle Clause: Forcing endless battles is banned.
|rule|HP Percentage Mod: HP is reported as percentages
|teampreview
|
|start
|switch|p1a: Gyarados|Gyarados, M|331\/331
|switch|p2a: Garchomp|Garchomp, M, shiny|358\/358
|-ability|p1a: Gyarados|Intimidate|[of] p2a: Garchomp
|-unboost|p2a: Garchomp|atk|1
|turn|1
|
|move|p2a: Garchomp|Swords Dance|p2a: Garchomp
|-boost|p2a: Garchomp|atk|2
|move|p1a: Gyarados|Dragon Dance|p1a: Gyarados
|-boost|p1a: Gyarados|atk|1
|-boost|p1a: Gyarados|spe|1
|
|turn|2
|
|detailschange|p1a: Gyarados|Gyarados-Mega, M
|message|Gyarados has Mega Evolved into Mega Gyarados!
|-ability|p1a: Gyarados|Mold Breaker
|move|p1a: Gyarados|Waterfall|p2a: Garchomp
|-damage|p2a: Garchomp|94\/358
|-damage|p1a: Gyarados|290\/331|[from] ability: Rough Skin|[of] p2a: Garchomp
|move|p2a: Garchomp|Outrage|p1a: Gyarados
|-damage|p1a: Gyarados|0 fnt
|faint|p1a: Gyarados
|
|
|switch|p1a: Latios|Latios, M|301\/301
|turn|3
|
|move|p1a: Latios|Psychic|p2a: Garchomp
|-damage|p2a: Garchomp|0 fnt
|-damage|p1a: Latios|271\/301|[from] item: Life Orb
|faint|p2a: Garchomp
|
|
|switch|p2a: Politoed|Politoed, M|384\/384
|-weather|RainDance
|turn|4
|
|switch|p1a: Ninetales|Ninetales, M|350\/350
|-weather|SunnyDay
|move|p2a: Politoed|Toxic|p1a: Ninetales
|-status|p1a: Ninetales|tox
|
|-weather|SunnyDay|[upkeep]
|-damage|p1a: Ninetales|329\/350 tox|[from] psn
|turn|5
|
|switch|p2a: Latias|Latias, F|302\/302
|move|p1a: Ninetales|Will-O-Wisp|p2a: Latias|[miss]
|-miss|p1a: Ninetales|p2a: Latias
|
|-weather|SunnyDay|[upkeep]
|-damage|p1a: Ninetales|287\/350 tox|[from] psn
|turn|6
|
|switch|p1a: Heliolisk|Heliolisk, F|265\/265
|move|p2a: Latias|Draco Meteor|p1a: Heliolisk
|-damage|p1a: Heliolisk|0 fnt
|-unboost|p2a: Latias|spa|2
|-damage|p2a: Latias|272\/302|[from] item: Life Orb
|faint|p1a: Heliolisk
|
|-weather|SunnyDay|[upkeep]
|
|switch|p1a: Victini|Victini|341\/341
|turn|7
|
|move|p2a: Latias|Draco Meteor|p1a: Victini
|-damage|p1a: Victini|219\/341
|-unboost|p2a: Latias|spa|2
|-damage|p2a: Latias|242\/302|[from] item: Life Orb
|move|p1a: Victini|Fusion Bolt|p2a: Latias
|-resisted|p2a: Latias
|-damage|p2a: Latias|163\/302
|
|-weather|SunnyDay|[upkeep]
|turn|8
|
|switch|p1a: Garchomp|Garchomp, F|400\/400
|move|p2a: Latias|Draco Meteor|p1a: Garchomp
|-supereffective|p1a: Garchomp
|-damage|p1a: Garchomp|189\/400
|-unboost|p2a: Latias|spa|2
|-damage|p2a: Latias|133\/302|[from] item: Life Orb
|
|-weather|SunnyDay|[upkeep]
|-heal|p1a: Garchomp|214\/400|[from] item: Leftovers
|turn|9
|
|move|p2a: Latias|Draco Meteor|p1a: Garchomp
|-supereffective|p1a: Garchomp
|-damage|p1a: Garchomp|63\/400
|-damage|p2a: Latias|103\/302|[from] item: Life Orb
|move|p1a: Garchomp|Stealth Rock|p2a: Latias
|-sidestart|p2: tru|move: Stealth Rock
|
|-weather|SunnyDay|[upkeep]
|-heal|p1a: Garchomp|88\/400|[from] item: Leftovers
|turn|10
|
|move|p2a: Latias|Draco Meteor|p1a: Garchomp
|-supereffective|p1a: Garchomp
|-damage|p1a: Garchomp|0 fnt
|-damage|p2a: Latias|73\/302|[from] item: Life Orb
|faint|p1a: Garchomp
|
|-weather|SunnyDay|[upkeep]
|
|switch|p1a: Latios|Latios, M|271\/301
|turn|11
|
|switch|p2a: Mawile|Mawile, M, shiny|281\/281
|-damage|p2a: Mawile|264\/281|[from] Stealth Rock
|-ability|p2a: Mawile|Intimidate|[of] p1a: Latios
|-unboost|p1a: Latios|atk|1
|move|p1a: Latios|Psychic|p2a: Mawile
|-resisted|p2a: Mawile
|-damage|p2a: Mawile|86\/281
|-damage|p1a: Latios|241\/301|[from] item: Life Orb
|
|-weather|none
|turn|12
|
|switch|p1a: Ninetales|Ninetales, M|287\/350 tox
|-weather|SunnyDay
|detailschange|p2a: Mawile|Mawile-Mega, M, shiny
|message|Mawile has Mega Evolved into Mega Mawile!
|move|p2a: Mawile|Sucker Punch|p1a: Ninetales
|-fail|p1a: Ninetales
|
|-weather|SunnyDay|[upkeep]
|-damage|p1a: Ninetales|266\/350 tox|[from] psn
|turn|13
|
|move|p1a: Ninetales|Will-O-Wisp|p2a: Mawile
|-status|p2a: Mawile|brn
|move|p2a: Mawile|Knock Off|p1a: Ninetales
|-damage|p1a: Ninetales|122\/350 tox
|-enditem|p1a: Ninetales|Heat Rock|[from] move: Knock Off|[of] p2a: Mawile
|
|-weather|SunnyDay|[upkeep]
|-damage|p1a: Ninetales|80\/350 tox|[from] psn
|-damage|p2a: Mawile|51\/281 brn|[from] brn
|turn|14
|
|switch|p1a: Victini|Victini|219\/341
|move|p2a: Mawile|Sucker Punch|p1a: Victini
|-fail|p1a: Victini
|
|-weather|SunnyDay|[upkeep]
|-damage|p2a: Mawile|16\/281 brn|[from] brn
|turn|15
|
|switch|p1a: Ninetales|Ninetales, M|80\/350 tox
|move|p2a: Mawile|Sucker Punch|p1a: Ninetales
|-fail|p1a: Ninetales
|
|-weather|SunnyDay|[upkeep]
|-damage|p1a: Ninetales|59\/350 tox|[from] psn
|-damage|p2a: Mawile|0 fnt|[from] brn
|faint|p2a: Mawile
|
|switch|p2a: Politoed|Politoed, M|384\/384
|-damage|p2a: Politoed|336\/384|[from] Stealth Rock
|-weather|RainDance
|turn|16
|
|switch|p1a: Latios|Latios, M|241\/301
|move|p2a: Politoed|Ice Beam|p1a: Latios
|-supereffective|p1a: Latios
|-damage|p1a: Latios|129\/301
|
|-weather|RainDance|[upkeep]
|turn|17
|
|switch|p2a: Kabutops|Kabutops, F|262\/262
|-damage|p2a: Kabutops|230\/262|[from] Stealth Rock
|move|p1a: Latios|Roost|p1a: Latios
|-heal|p1a: Latios|280\/301
|
|-weather|RainDance|[upkeep]
|turn|18
|
|switch|p1a: Ninetales|Ninetales, M|59\/350 tox
|-weather|SunnyDay
|move|p2a: Kabutops|Stone Edge|p1a: Ninetales
|-supereffective|p1a: Ninetales
|-damage|p1a: Ninetales|0 fnt
|faint|p1a: Ninetales
|
|-weather|SunnyDay|[upkeep]
|
|switch|p1a: Victini|Victini|219\/341
|turn|19
|
|switch|p2a: Politoed|Politoed, M|336\/384
|-damage|p2a: Politoed|288\/384|[from] Stealth Rock
|-weather|RainDance
|move|p1a: Victini|Fusion Bolt|p2a: Politoed
|-supereffective|p2a: Politoed
|-damage|p2a: Politoed|0 fnt
|faint|p2a: Politoed
|
|-weather|RainDance|[upkeep]
|
|switch|p2a: Kabutops|Kabutops, F|230\/262
|-damage|p2a: Kabutops|198\/262|[from] Stealth Rock
|turn|20
|
|move|p2a: Kabutops|Waterfall|p1a: Victini
|-supereffective|p1a: Victini
|-damage|p1a: Victini|0 fnt
|faint|p1a: Victini
|
|-weather|RainDance|[upkeep]
|
|switch|p1a: Latios|Latios, M|280\/301
|turn|21
|
|move|p2a: Kabutops|Waterfall|p1a: Latios
|-resisted|p1a: Latios
|-damage|p1a: Latios|73\/301
|cant|p1a: Latios|flinch
|
|-weather|RainDance|[upkeep]
|turn|22
|-message|d.d. survivor forfeited.
|
|win|tru
|raw|Ladder updating...
|leave|d.d. survivor
|player|p1
|raw|d.d. survivor's rating: 1794 &rarr; <strong>1769<\/strong><br \/>(-25 for losing)
|raw|tru's rating: 1702 &rarr; <strong>1727<\/strong><br \/>(+25 for winning)