|join|Bloody Sunday
|join|d.d. survivor
|player|p1|Bloody Sunday|102
|player|p2|d.d. survivor|102
|gametype|singles
|gen|6
|tier|OU
|rated
|clearpoke
|poke|p1|Chansey, F
|poke|p1|Keldeo
|poke|p1|Heatran, M
|poke|p1|Skarmory, F
|poke|p1|Bisharp, M
|poke|p1|Venusaur, M
|poke|p2|Tyranitar, F
|poke|p2|Gyarados, M
|poke|p2|Breloom, M
|poke|p2|Excadrill, F
|poke|p2|Dragonite, M
|poke|p2|Kyurem-Black
|rule|Sleep Clause Mod: Limit one foe put to sleep
|rule|Species Clause: Limit one of each Pokemon
|rule|OHKO Clause: OHKO moves are banned
|rule|Moody Clause: Moody is banned
|rule|Evasion Moves Clause: Evasion moves are banned
|rule|Endless Battle Clause: Forcing endless battles is banned.
|rule|HP Percentage Mod: HP is reported as percentages
|teampreview
|
|start
|switch|p1a: Heatran|Heatran, M|340\/340
|switch|p2a: Tio Vinny|Kyurem-Black|391\/391
|-ability|p2a: Tio Vinny|Teravolt
|-item|p1a: Heatran|Air Balloon
|turn|1
|
|move|p2a: Tio Vinny|Iron Head|p1a: Heatran
|-resisted|p1a: Heatran
|-damage|p1a: Heatran|313\/340
|-enditem|p1a: Heatran|Air Balloon
|-damage|p2a: Tio Vinny|352\/391|[from] item: Life Orb
|move|p1a: Heatran|Toxic|p2a: Tio Vinny
|-status|p2a: Tio Vinny|tox
|
|-damage|p2a: Tio Vinny|328\/391 tox|[from] psn
|turn|2
|
|switch|p2a: Tia Ana|Gyarados, M|331\/331
|-ability|p2a: Tia Ana|Intimidate|[of] p1a: Heatran
|-unboost|p1a: Heatran|atk|1
|switch|p1a: Chansey|Chansey, F|685\/685
|
|turn|3
|
|move|p2a: Tia Ana|Taunt|p1a: Chansey
|-start|p1a: Chansey|move: Taunt
|move|p1a: Chansey|Seismic Toss|p2a: Tia Ana
|-damage|p2a: Tia Ana|231\/331
|
|turn|4
|
|detailschange|p2a: Tia Ana|Gyarados-Mega, M
|message|Gyarados has Mega Evolved into Mega Gyarados!
|-ability|p2a: Tia Ana|Mold Breaker
|move|p2a: Tia Ana|Dragon Dance|p2a: Tia Ana
|-boost|p2a: Tia Ana|atk|1
|-boost|p2a: Tia Ana|spe|1
|move|p1a: Chansey|Seismic Toss|p2a: Tia Ana
|-damage|p2a: Tia Ana|131\/331
|
|turn|5
|
|move|p2a: Tia Ana|Waterfall|p1a: Chansey
|-damage|p1a: Chansey|337\/685
|cant|p1a: Chansey|flinch
|
|-end|p1a: Chansey|move: Taunt
|turn|6
|
|move|p2a: Tia Ana|Earthquake|p1a: Chansey
|-damage|p1a: Chansey|31\/685
|move|p1a: Chansey|Thunder Wave|p2a: Tia Ana
|-status|p2a: Tia Ana|par
|
|turn|7
|
|move|p1a: Chansey|Soft-Boiled|p1a: Chansey
|-heal|p1a: Chansey|374\/685
|cant|p2a: Tia Ana|par
|
|turn|8
|
|move|p1a: Chansey|Seismic Toss|p2a: Tia Ana
|-damage|p2a: Tia Ana|31\/331 par
|move|p2a: Tia Ana|Waterfall|p1a: Chansey
|-damage|p1a: Chansey|0 fnt
|faint|p1a: Chansey
|
|
|switch|p1a: Keldeo|Keldeo|323\/323
|turn|9
|
|move|p1a: Keldeo|Secret Sword|p2a: Tia Ana
|-supereffective|p2a: Tia Ana
|-damage|p2a: Tia Ana|0 fnt
|faint|p2a: Tia Ana
|
|
|switch|p2a: Tio Clison|Breloom, M|261\/261
|turn|10
|
|move|p1a: Keldeo|Hidden Power|p2a: Tio Clison
|-supereffective|p2a: Tio Clison
|-enditem|p2a: Tio Clison|Focus Sash
|-damage|p2a: Tio Clison|1\/261
|move|p2a: Tio Clison|Rock Tomb|p1a: Keldeo
|-resisted|p1a: Keldeo
|-damage|p1a: Keldeo|264\/323
|-unboost|p1a: Keldeo|spe|1
|
|-heal|p1a: Keldeo|284\/323|[from] item: Leftovers
|turn|11
|
|switch|p1a: Venusaur|Venusaur, M|364\/364
|move|p2a: Tio Clison|Bullet Seed|p1a: Venusaur
|-resisted|p1a: Venusaur
|-damage|p1a: Venusaur|350\/364
|-resisted|p1a: Venusaur
|-damage|p1a: Venusaur|338\/364
|-hitcount|p1a: Venusaur|2
|
|turn|12
|
|detailschange|p1a: Venusaur|Venusaur-Mega, M
|message|Venusaur has Mega Evolved into Mega Venusaur!
|move|p2a: Tio Clison|Rock Tomb|p1a: Venusaur
|-damage|p1a: Venusaur|271\/364
|-unboost|p1a: Venusaur|spe|1
|move|p1a: Venusaur|Giga Drain|p2a: Tio Clison
|-resisted|p2a: Tio Clison
|-damage|p2a: Tio Clison|0 fnt
|-heal|p1a: Venusaur|272\/364|[from] drain|[of] p2a: Tio Clison
|faint|p2a: Tio Clison
|
|
|switch|p2a: Tio Vinny|Kyurem-Black|328\/391 tox
|-ability|p2a: Tio Vinny|Teravolt
|turn|13
|
|switch|p1a: Heatran|Heatran, M|313\/340
|move|p2a: Tio Vinny|Ice Beam|p1a: Heatran
|-resisted|p1a: Heatran
|-damage|p1a: Heatran|261\/340
|-damage|p2a: Tio Vinny|289\/391 tox|[from] item: Life Orb
|
|-damage|p2a: Tio Vinny|265\/391 tox|[from] psn
|turn|14
|
|move|p2a: Tio Vinny|Earth Power|p1a: Heatran
|-supereffective|p1a: Heatran
|-damage|p1a: Heatran|0 fnt
|-damage|p2a: Tio Vinny|226\/391 tox|[from] item: Life Orb
|faint|p1a: Heatran
|
|-damage|p2a: Tio Vinny|178\/391 tox|[from] psn
|
|switch|p1a: Keldeo|Keldeo|284\/323
|turn|15
|
|switch|p2a: Tio Caio|Tyranitar, F|400\/400
|-weather|Sandstorm
|move|p1a: Keldeo|Secret Sword|p2a: Tio Caio
|-supereffective|p2a: Tio Caio
|-damage|p2a: Tio Caio|0 fnt
|faint|p2a: Tio Caio
|
|-weather|Sandstorm|[upkeep]
|-damage|p1a: Keldeo|264\/323|[from] sandstorm
|-heal|p1a: Keldeo|284\/323|[from] item: Leftovers
|
|switch|p2a: Tio Weine|Excadrill, F|361\/361
|turn|16
|
|move|p2a: Tio Weine|Earthquake|p1a: Keldeo
|-crit|p1a: Keldeo
|-damage|p1a: Keldeo|0 fnt
|-damage|p2a: Tio Weine|325\/361|[from] item: Life Orb
|faint|p1a: Keldeo
|
|-weather|Sandstorm|[upkeep]
|
|switch|p1a: Skarmory|Skarmory, F|334\/334
|turn|17
|
|move|p2a: Tio Weine|Rock Slide|p1a: Skarmory
|-damage|p1a: Skarmory|255\/334
|-damage|p2a: Tio Weine|289\/361|[from] item: Life Orb
|move|p1a: Skarmory|Spikes|p2a: Tio Weine
|-sidestart|p2: d.d. survivor|Spikes
|
|-weather|Sandstorm|[upkeep]
|turn|18
|
|move|p2a: Tio Weine|Rock Slide|p1a: Skarmory
|-damage|p1a: Skarmory|177\/334
|-damage|p2a: Tio Weine|253\/361|[from] item: Life Orb
|cant|p1a: Skarmory|flinch
|
|-weather|Sandstorm|[upkeep]
|turn|19
|
|move|p2a: Tio Weine|Rock Slide|p1a: Skarmory
|-damage|p1a: Skarmory|98\/334
|-damage|p2a: Tio Weine|217\/361|[from] item: Life Orb
|move|p1a: Skarmory|Roost|p1a: Skarmory
|-heal|p1a: Skarmory|265\/334
|
|-weather|none
|turn|20
|
|switch|p2a: Tio Vile X|Dragonite, M|323\/323
|move|p1a: Skarmory|Spikes|p2a: Tio Vile X
|-sidestart|p2: d.d. survivor|Spikes
|
|turn|21
|
|move|p2a: Tio Vile X|Fire Punch|p1a: Skarmory
|-supereffective|p1a: Skarmory
|-damage|p1a: Skarmory|85\/334
|-damage|p2a: Tio Vile X|270\/323|[from] item: Rocky Helmet|[of] p1a: Skarmory
|move|p1a: Skarmory|Roost|p1a: Skarmory
|-heal|p1a: Skarmory|252\/334
|
|turn|22
|
|move|p2a: Tio Vile X|Fire Punch|p1a: Skarmory
|-supereffective|p1a: Skarmory
|-damage|p1a: Skarmory|56\/334
|-damage|p2a: Tio Vile X|217\/323|[from] item: Rocky Helmet|[of] p1a: Skarmory
|move|p1a: Skarmory|Whirlwind|p2a: Tio Vile X
|drag|p2a: Tio Weine|Excadrill, F|217\/361
|-damage|p2a: Tio Weine|157\/361|[from] Spikes
|
|turn|23
|
|switch|p1a: Venusaur|Venusaur-Mega, M|272\/364
|move|p2a: Tio Weine|Rock Slide|p1a: Venusaur
|-damage|p1a: Venusaur|195\/364
|-damage|p2a: Tio Weine|121\/361|[from] item: Life Orb
|
|turn|24
|
|move|p2a: Tio Weine|Rapid Spin|p1a: Venusaur
|-damage|p1a: Venusaur|176\/364
|-sideend|p2: d.d. survivor|Spikes|[from] move: Rapid Spin|[of] p2a: Tio Weine
|-damage|p2a: Tio Weine|85\/361|[from] item: Life Orb
|move|p1a: Venusaur|Giga Drain|p2a: Tio Weine
|-damage|p2a: Tio Weine|0 fnt
|-heal|p1a: Venusaur|219\/364|[from] drain|[of] p2a: Tio Weine
|faint|p2a: Tio Weine
|
|
|switch|p2a: Tio Vinny|Kyurem-Black|178\/391 tox
|-ability|p2a: Tio Vinny|Teravolt
|turn|25
|
|switch|p1a: Skarmory|Skarmory, F|56\/334
|move|p2a: Tio Vinny|Ice Beam|p1a: Skarmory
|-damage|p1a: Skarmory|0 fnt
|-damage|p2a: Tio Vinny|139\/391 tox|[from] item: Life Orb
|faint|p1a: Skarmory
|
|-damage|p2a: Tio Vinny|115\/391 tox|[from] psn
|
|switch|p1a: Bisharp|Bisharp, M|334\/334
|turn|26
|
|switch|p2a: Tio Vile X|Dragonite, M|217\/323
|move|p1a: Bisharp|Sucker Punch|p2a: Tio Vile X
|-fail|p2a: Tio Vile X
|
|turn|27
|
|move|p2a: Tio Vile X|Fire Punch|p1a: Bisharp
|-supereffective|p1a: Bisharp
|-damage|p1a: Bisharp|32\/334
|move|p1a: Bisharp|Knock Off|p2a: Tio Vile X
|-damage|p2a: Tio Vile X|27\/323
|-enditem|p2a: Tio Vile X|Choice Band|[from] move: Knock Off|[of] p1a: Bisharp
|
|-heal|p1a: Bisharp|52\/334|[from] item: Leftovers
|turn|28
|
|move|p2a: Tio Vile X|Extreme Speed|p1a: Bisharp
|-resisted|p1a: Bisharp
|-damage|p1a: Bisharp|0 fnt
|faint|p1a: Bisharp
|
|
|switch|p1a: Venusaur|Venusaur-Mega, M|219\/364
|turn|29
|
|move|p2a: Tio Vile X|Outrage|p1a: Venusaur
|-damage|p1a: Venusaur|78\/364
|move|p1a: Venusaur|Synthesis|p1a: Venusaur
|-heal|p1a: Venusaur|260\/364
|
|turn|30
|
|move|p2a: Tio Vile X|Outrage|p1a: Venusaur
|-damage|p1a: Venusaur|110\/364
|move|p1a: Venusaur|Synthesis|p1a: Venusaur
|-heal|p1a: Venusaur|292\/364
|
|turn|31
|
|move|p2a: Tio Vile X|Outrage|p1a: Venusaur
|-damage|p1a: Venusaur|150\/364
|move|p1a: Venusaur|Synthesis|p1a: Venusaur
|-heal|p1a: Venusaur|332\/364
|
|-end|p2a: Tio Vile X|rampage
|-start|p2a: Tio Vile X|confusion
|turn|32
|
|-activate|p2a: Tio Vile X|confusion
|-damage|p2a: Tio Vile X|0 fnt|[from] confusion
|faint|p2a: Tio Vile X
|move|p1a: Venusaur|Hidden Power|p2: Tio Vile X|[notarget]
|-notarget
|
|
|switch|p2a: Tio Vinny|Kyurem-Black|115\/391 tox
|-ability|p2a: Tio Vinny|Teravolt
|turn|33
|
|move|p2a: Tio Vinny|Ice Beam|p1a: Venusaur
|-supereffective|p1a: Venusaur
|-damage|p1a: Venusaur|0 fnt
|-damage|p2a: Tio Vinny|76\/391 tox|[from] item: Life Orb
|faint|p1a: Venusaur
|
|win|d.d. survivor
|raw|Ladder updating...
|raw|Bloody Sunday's rating: 1912 &rarr; <strong>1887<\/strong><br \/>(-25 for losing)
|raw|d.d. survivor's rating: 1815 &rarr; <strong>1840<\/strong><br \/>(+25 for winning)
|leave|Bloody Sunday
|player|p1