|join|DeadlySushi
|join|d.d. survivor
|player|p1|DeadlySushi|265
|player|p2|d.d. survivor|30
|gametype|singles
|gen|6
|tier|OU
|rated
|clearpoke
|poke|p1|Gengar, M
|poke|p1|Landorus-Therian, M
|poke|p1|Forretress, M
|poke|p1|Medicham, M
|poke|p1|Rotom-Wash
|poke|p1|Clefable, M
|poke|p2|Espeon, F
|poke|p2|Scolipede, F
|poke|p2|Zapdos
|poke|p2|Sylveon, F
|poke|p2|Mew, shiny
|poke|p2|Vaporeon, M
|rule|Sleep Clause Mod: Limit one foe put to sleep
|rule|Species Clause: Limit one of each Pokemon
|rule|OHKO Clause: OHKO moves are banned
|rule|Moody Clause: Moody is banned
|rule|Evasion Moves Clause: Evasion moves are banned
|rule|Endless Battle Clause: Forcing endless battles is banned.
|rule|HP Percentage Mod: HP is reported as percentages
|teampreview
|join|kill bp
|
|start
|switch|p1a: Medicham|Medicham, M|262\/262
|switch|p2a: Scolipede|Scolipede, F|316\/316
|turn|1
|
|-formechange|p1a: Medicham|Medicham-Mega
|message|Medicham has Mega Evolved into Mega Medicham!
|move|p1a: Medicham|Fake Out|p2a: Scolipede
|-damage|p2a: Scolipede|243\/316
|cant|p2a: Scolipede|flinch
|
|-boost|p2a: Scolipede|spe|1|[from] ability: Speed Boost
|turn|2
|
|move|p2a: Scolipede|Protect|p2a: Scolipede
|-singleturn|p2a: Scolipede|Protect
|move|p1a: Medicham|Psycho Cut|p2a: Scolipede
|-activate|p2a: Scolipede|Protect
|
|-boost|p2a: Scolipede|spe|1|[from] ability: Speed Boost
|turn|3
|
|move|p2a: Scolipede|Substitute|p2a: Scolipede
|-start|p2a: Scolipede|Substitute
|-damage|p2a: Scolipede|164\/316
|move|p1a: Medicham|Psycho Cut|p2a: Scolipede
|-supereffective|p2a: Scolipede
|-end|p2a: Scolipede|Substitute
|
|-boost|p2a: Scolipede|spe|1|[from] ability: Speed Boost
|turn|4
|
|move|p2a: Scolipede|Protect|p2a: Scolipede
|-singleturn|p2a: Scolipede|Protect
|move|p1a: Medicham|Fire Punch|p2a: Scolipede
|-activate|p2a: Scolipede|Protect
|
|-boost|p2a: Scolipede|spe|1|[from] ability: Speed Boost
|turn|5
|
|move|p2a: Scolipede|Baton Pass|p2a: Scolipede
|
|switch|p2a: Vaporeon|Vaporeon, M|448\/448
|move|p1a: Medicham|Fire Punch|p2a: Vaporeon
|-resisted|p2a: Vaporeon
|-damage|p2a: Vaporeon|374\/448
|
|-heal|p2a: Vaporeon|402\/448|[from] item: Leftovers
|turn|6
|chat|DeadlySushi|plz dont do this to me
|
|switch|p1a: Rotom-Wash|Rotom-Wash|304\/304
|move|p2a: Vaporeon|Acid Armor|p2a: Vaporeon
|-boost|p2a: Vaporeon|def|2
|
|-heal|p2a: Vaporeon|430\/448|[from] item: Leftovers
|turn|7
|
|move|p2a: Vaporeon|Substitute|p2a: Vaporeon
|-start|p2a: Vaporeon|Substitute
|-damage|p2a: Vaporeon|318\/448
|move|p1a: Rotom-Wash|Volt Switch|p2a: Vaporeon
|-supereffective|p2a: Vaporeon
|-end|p2a: Vaporeon|Substitute
|chat|kill bp|why would you even click fire punch
|
|switch|p1a: Gengar|Gengar, M|262\/262
|
|-heal|p2a: Vaporeon|346\/448|[from] item: Leftovers
|turn|8
|chat|kill bp|are you trying to lose
|
|move|p2a: Vaporeon|Baton Pass|p2a: Vaporeon
|
|switch|p2a: Mew|Mew, shiny|404\/404
|move|p1a: Gengar|Sludge Wave|p2a: Mew
|-damage|p2a: Mew|223\/404
|
|-heal|p2a: Mew|248\/404|[from] item: Leftovers
|turn|9
|chat|DeadlySushi|why would go out to mew
|
|move|p2a: Mew|Amnesia|p2a: Mew
|-boost|p2a: Mew|spd|2
|move|p1a: Gengar|Sludge Wave|p2a: Mew
|-damage|p2a: Mew|155\/404
|-status|p2a: Mew|psn
|
|-heal|p2a: Mew|180\/404 psn|[from] item: Leftovers
|-damage|p2a: Mew|130\/404 psn|[from] psn
|turn|10
|
|switch|p1a: Landorus-Therian|Landorus-Therian, M|320\/320
|-ability|p1a: Landorus-Therian|Intimidate|[of] p2a: Mew
|-unboost|p2a: Mew|atk|1
|move|p2a: Mew|Roost|p2a: Mew
|-heal|p2a: Mew|332\/404 psn
|
|-heal|p2a: Mew|357\/404 psn|[from] item: Leftovers
|-damage|p2a: Mew|307\/404 psn|[from] psn
|turn|11
|
|move|p2a: Mew|Substitute|p2a: Mew
|-start|p2a: Mew|Substitute
|-damage|p2a: Mew|206\/404 psn
|move|p1a: Landorus-Therian|Knock Off|p2a: Mew
|-supereffective|p2a: Mew
|-end|p2a: Mew|Substitute
|
|-heal|p2a: Mew|231\/404 psn|[from] item: Leftovers
|-damage|p2a: Mew|181\/404 psn|[from] psn
|turn|12
|
|move|p2a: Mew|Roost|p2a: Mew
|-heal|p2a: Mew|383\/404 psn
|move|p1a: Landorus-Therian|Knock Off|p2a: Mew
|-supereffective|p2a: Mew
|-damage|p2a: Mew|235\/404 psn
|-enditem|p2a: Mew|Leftovers|[from] move: Knock Off|[of] p1a: Landorus-Therian
|
|-damage|p2a: Mew|185\/404 psn|[from] psn
|turn|13
|
|switch|p1a: Gengar|Gengar, M|262\/262
|move|p2a: Mew|Roost|p2a: Mew
|-heal|p2a: Mew|387\/404 psn
|
|-damage|p2a: Mew|337\/404 psn|[from] psn
|turn|14
|
|move|p2a: Mew|Amnesia|p2a: Mew
|-boost|p2a: Mew|spd|2
|move|p1a: Gengar|Trick|p2a: Mew
|-activate|p1a: Gengar|move: Trick|[of] p2a: Mew
|-item|p2a: Mew|Choice Specs|[from] move: Trick
|
|-damage|p2a: Mew|287\/404 psn|[from] psn
|turn|15
|
|switch|p1a: Medicham|Medicham, M|262\/262
|-formechange|p1a: Medicham|Medicham-Mega
|move|p2a: Mew|Baton Pass|p2a: Mew
|
|switch|p2a: Vaporeon|Vaporeon, M|346\/448
|
|-heal|p2a: Vaporeon|374\/448|[from] item: Leftovers
|turn|16
|
|move|p2a: Vaporeon|Acid Armor|p2a: Vaporeon
|-boost|p2a: Vaporeon|def|2
|move|p1a: Medicham|High Jump Kick|p2a: Vaporeon|[miss]
|-miss|p1a: Medicham|p2a: Vaporeon
|-damage|p1a: Medicham|131\/262|[from] highjumpkick
|
|-heal|p2a: Vaporeon|402\/448|[from] item: Leftovers
|turn|17
|
|switch|p1a: Forretress|Forretress, M|354\/354
|move|p2a: Vaporeon|Acid Armor|p2a: Vaporeon
|-boost|p2a: Vaporeon|def|2
|
|-heal|p2a: Vaporeon|430\/448|[from] item: Leftovers
|turn|18
|
|move|p2a: Vaporeon|Baton Pass|p2a: Vaporeon
|
|switch|p2a: Espeon|Espeon, F|321\/321
|move|p1a: Forretress|Toxic|p2a: Espeon
|move|p2a: Espeon|Toxic|p1a: Forretress|[from]Magic Bounce
|-fail|p1a: Forretress
|
|turn|19
|
|move|p2a: Espeon|Baton Pass|p2a: Espeon
|
|switch|p2a: Vaporeon|Vaporeon, M|430\/448
|move|p1a: Forretress|Volt Switch|p2a: Vaporeon
|-supereffective|p2a: Vaporeon
|-damage|p2a: Vaporeon|404\/448
|
|switch|p1a: Rotom-Wash|Rotom-Wash|304\/304
|
|-heal|p2a: Vaporeon|432\/448|[from] item: Leftovers
|turn|20
|
|move|p2a: Vaporeon|Substitute|p2a: Vaporeon
|-start|p2a: Vaporeon|Substitute
|-damage|p2a: Vaporeon|320\/448
|move|p1a: Rotom-Wash|Volt Switch|p2a: Vaporeon
|-crit|p2a: Vaporeon
|-supereffective|p2a: Vaporeon
|-end|p2a: Vaporeon|Substitute
|
|switch|p1a: Forretress|Forretress, M|354\/354
|
|-heal|p2a: Vaporeon|348\/448|[from] item: Leftovers
|turn|21
|
|move|p2a: Vaporeon|Substitute|p2a: Vaporeon
|-start|p2a: Vaporeon|Substitute
|-damage|p2a: Vaporeon|236\/448
|move|p1a: Forretress|Stealth Rock|p2a: Vaporeon
|-sidestart|p2: d.d. survivor|move: Stealth Rock
|
|-heal|p2a: Vaporeon|264\/448|[from] item: Leftovers
|turn|22
|
|move|p2a: Vaporeon|Baton Pass|p2a: Vaporeon
|
|switch|p2a: Sylveon|Sylveon, F|371\/371
|-damage|p2a: Sylveon|325\/371|[from] Stealth Rock
|move|p1a: Forretress|Volt Switch|p2a: Sylveon
|-crit|p2a: Sylveon
|-activate|p2a: Sylveon|Substitute|[damage]
|
|switch|p1a: Gengar|Gengar, M|262\/262
|
|-heal|p2a: Sylveon|348\/371|[from] item: Leftovers
|turn|23
|
|switch|p1a: Forretress|Forretress, M|354\/354
|move|p2a: Sylveon|Calm Mind|p2a: Sylveon
|-boost|p2a: Sylveon|spa|1
|-boost|p2a: Sylveon|spd|1
|
|-heal|p2a: Sylveon|371\/371|[from] item: Leftovers
|turn|24
|
|move|p2a: Sylveon|Calm Mind|p2a: Sylveon
|-boost|p2a: Sylveon|spa|1
|-boost|p2a: Sylveon|spd|1
|move|p1a: Forretress|Volt Switch|p2a: Sylveon
|-activate|p2a: Sylveon|Substitute|[damage]
|chat|DeadlySushi|plz thats too much
|
|switch|p1a: Clefable|Clefable, M|394\/394
|
|turn|25
|
|switch|p1a: Forretress|Forretress, M|354\/354
|move|p2a: Sylveon|Baton Pass|p2a: Sylveon
|chat|DeadlySushi|i just wanto go to 1700
|
|switch|p2a: Vaporeon|Vaporeon, M|264\/448
|-damage|p2a: Vaporeon|208\/448|[from] Stealth Rock
|
|-heal|p2a: Vaporeon|236\/448|[from] item: Leftovers
|turn|26
|
|move|p1a: Forretress|Volt Switch|p2a: Vaporeon
|-supereffective|p2a: Vaporeon
|-activate|p2a: Vaporeon|Substitute|[damage]
|
|switch|p1a: Rotom-Wash|Rotom-Wash|304\/304
|move|p2a: Vaporeon|Roar|p1a: Rotom-Wash
|drag|p1a: Gengar|Gengar, M|262\/262
|
|-heal|p2a: Vaporeon|264\/448|[from] item: Leftovers
|turn|27
|
|switch|p1a: Forretress|Forretress, M|354\/354
|move|p2a: Vaporeon|Acid Armor|p2a: Vaporeon
|-fail|p2a: Vaporeon
|
|-heal|p2a: Vaporeon|292\/448|[from] item: Leftovers
|turn|28
|
|move|p2a: Vaporeon|Baton Pass|p2a: Vaporeon
|
|switch|p2a: Espeon|Espeon, F|321\/321
|-damage|p2a: Espeon|281\/321|[from] Stealth Rock
|move|p1a: Forretress|Volt Switch|p2a: Espeon
|-activate|p2a: Espeon|Substitute|[damage]
|
|switch|p1a: Gengar|Gengar, M|262\/262
|
|-heal|p2a: Espeon|301\/321|[from] item: Leftovers
|turn|29
|
|switch|p1a: Forretress|Forretress, M|354\/354
|move|p2a: Espeon|Calm Mind|p2a: Espeon
|-boost|p2a: Espeon|spa|1
|
|-heal|p2a: Espeon|321\/321|[from] item: Leftovers
|turn|30
|
|move|p2a: Espeon|Calm Mind|p2a: Espeon
|-boost|p2a: Espeon|spa|1
|move|p1a: Forretress|Toxic|p2a: Espeon
|move|p2a: Espeon|Toxic|p1a: Forretress|[from]Magic Bounce
|-fail|p1a: Forretress
|
|turn|31
|
|move|p2a: Espeon|Stored Power|p1a: Forretress
|-resisted|p1a: Forretress
|-activate|p1a: Forretress|Sturdy
|-damage|p1a: Forretress|1\/354
|-enditem|p1a: Forretress|Red Card|[of] p2a: Espeon
|drag|p2a: Sylveon|Sylveon, F|371\/371
|-damage|p2a: Sylveon|325\/371|[from] Stealth Rock
|move|p1a: Forretress|Volt Switch|p2a: Sylveon
|-damage|p2a: Sylveon|295\/371
|
|switch|p1a: Gengar|Gengar, M|262\/262
|
|-heal|p2a: Sylveon|318\/371|[from] item: Leftovers
|turn|32
|
|move|p1a: Gengar|Sludge Wave|p2a: Sylveon
|-supereffective|p2a: Sylveon
|-damage|p2a: Sylveon|40\/371
|move|p2a: Sylveon|Baton Pass|p2a: Sylveon
|
|switch|p2a: Scolipede|Scolipede, F|164\/316
|-damage|p2a: Scolipede|85\/316|[from] Stealth Rock
|
|turn|33
|
|move|p2a: Scolipede|Protect|p2a: Scolipede
|-singleturn|p2a: Scolipede|Protect
|move|p1a: Gengar|Shadow Ball|p2a: Scolipede
|-activate|p2a: Scolipede|Protect
|
|-boost|p2a: Scolipede|spe|1|[from] ability: Speed Boost
|turn|34
|
|move|p2a: Scolipede|Substitute|p2a: Scolipede
|-start|p2a: Scolipede|Substitute
|-damage|p2a: Scolipede|6\/316
|move|p1a: Gengar|Shadow Ball|p2a: Scolipede
|-end|p2a: Scolipede|Substitute
|
|-boost|p2a: Scolipede|spe|1|[from] ability: Speed Boost
|turn|35
|
|move|p2a: Scolipede|Protect|p2a: Scolipede
|-singleturn|p2a: Scolipede|Protect
|move|p1a: Gengar|Shadow Ball|p2a: Scolipede
|-activate|p2a: Scolipede|Protect
|
|-boost|p2a: Scolipede|spe|1|[from] ability: Speed Boost
|turn|36
|
|move|p2a: Scolipede|Baton Pass|p2a: Scolipede
|
|switch|p2a: Zapdos|Zapdos|384\/384
|-damage|p2a: Zapdos|288\/384|[from] Stealth Rock
|-ability|p2a: Zapdos|Pressure
|move|p1a: Gengar|Shadow Ball|p2a: Zapdos
|-damage|p2a: Zapdos|128\/384
|
|-heal|p2a: Zapdos|152\/384|[from] item: Leftovers
|turn|37
|
|move|p2a: Zapdos|Roost|p2a: Zapdos
|-heal|p2a: Zapdos|344\/384
|move|p1a: Gengar|Shadow Ball|p2a: Zapdos
|-damage|p2a: Zapdos|178\/384
|
|-heal|p2a: Zapdos|202\/384|[from] item: Leftovers
|turn|38
|
|move|p2a: Zapdos|Thunderbolt|p1a: Gengar
|-damage|p1a: Gengar|111\/262
|move|p1a: Gengar|Sludge Wave|p2a: Zapdos
|-damage|p2a: Zapdos|16\/384
|
|-heal|p2a: Zapdos|40\/384|[from] item: Leftovers
|turn|39
|
|move|p2a: Zapdos|Thunderbolt|p1a: Gengar
|-damage|p1a: Gengar|0 fnt
|faint|p1a: Gengar
|
|-heal|p2a: Zapdos|64\/384|[from] item: Leftovers
|
|switch|p1a: Medicham|Medicham, M|131\/262
|-formechange|p1a: Medicham|Medicham-Mega
|turn|40
|
|move|p1a: Medicham|Fake Out|p2a: Zapdos
|-damage|p2a: Zapdos|0 fnt
|faint|p2a: Zapdos
|
|chat|DeadlySushi|lol
|-message|d.d. survivor forfeited.
|
|win|DeadlySushi
|raw|Ladder updating...
|raw|DeadlySushi's rating: 1828 &rarr; <strong>1848<\/strong><br \/>(+20 for winning)
|raw|d.d. survivor's rating: 1829 &rarr; <strong>1809<\/strong><br \/>(-20 for losing)
|leave|d.d. survivor
|player|p2