|join|dolanpls1
|join|d.d. survivor
|player|p1|dolanpls1|1
|player|p2|d.d. survivor|30
|gametype|singles
|gen|6
|tier|OU
|rated
|clearpoke
|poke|p1|Bisharp, F
|poke|p1|Breloom, M
|poke|p1|Infernape, M
|poke|p1|Volcarona, M
|poke|p1|Whimsicott, F
|poke|p1|Dragonite, M
|poke|p2|Regirock
|poke|p2|Jirachi
|poke|p2|Charizard, F
|poke|p2|Keldeo
|poke|p2|Goodra, F
|poke|p2|Clefable, M
|rule|Sleep Clause Mod: Limit one foe put to sleep
|rule|Species Clause: Limit one of each Pokemon
|rule|OHKO Clause: OHKO moves are banned
|rule|Moody Clause: Moody is banned
|rule|Evasion Moves Clause: Evasion moves are banned
|rule|Endless Battle Clause: Forcing endless battles is banned.
|rule|HP Percentage Mod: HP is reported as percentages
|teampreview
|
|start
|switch|p1a: Infernape|Infernape, M|293\/293
|switch|p2a: Regirock|Regirock|352\/352
|turn|1
|
|move|p1a: Infernape|Close Combat|p2a: Regirock
|-supereffective|p2a: Regirock
|-damage|p2a: Regirock|193\/352
|-unboost|p1a: Infernape|def|1
|-unboost|p1a: Infernape|spd|1
|-damage|p1a: Infernape|264\/293|[from] item: Life Orb
|move|p2a: Regirock|Stealth Rock|p1a: Infernape
|-sidestart|p1: dolanpls1|move: Stealth Rock
|
|-heal|p2a: Regirock|215\/352|[from] item: Leftovers
|turn|2
|
|switch|p2a: Charizard|Charizard, F|360\/360
|move|p1a: Infernape|Stealth Rock|p2a: Charizard
|-sidestart|p2: d.d. survivor|move: Stealth Rock
|
|turn|3
|chat|dolanpls1|the bulk is such
|
|-formechange|p2a: Charizard|Charizard-Mega-X
|message|Charizard has Mega Evolved into Mega Charizard!
|move|p1a: Infernape|Close Combat|p2a: Charizard
|-damage|p2a: Charizard|238\/360
|-unboost|p1a: Infernape|def|1
|-unboost|p1a: Infernape|spd|1
|-damage|p1a: Infernape|235\/293|[from] item: Life Orb
|move|p2a: Charizard|Dragon Claw|p1a: Infernape
|-damage|p1a: Infernape|0 fnt
|faint|p1a: Infernape
|
|chat|d.d. survivor|?
|
|switch|p1a: Be Sharp|Bisharp, F|289\/289
|-damage|p1a: Be Sharp|271\/289|[from] Stealth Rock
|turn|4
|
|move|p1a: Be Sharp|Sucker Punch|p2a: Charizard
|-fail|p2a: Charizard
|move|p2a: Charizard|Will-O-Wisp|p1a: Be Sharp
|-status|p1a: Be Sharp|brn
|
|-heal|p1a: Be Sharp|289\/289 brn|[from] item: Leftovers
|-damage|p1a: Be Sharp|253\/289 brn|[from] brn
|turn|5
|
|move|p1a: Be Sharp|Sucker Punch|p2a: Charizard
|-fail|p2a: Charizard
|move|p2a: Charizard|Roost|p2a: Charizard
|-heal|p2a: Charizard|360\/360
|
|-heal|p1a: Be Sharp|271\/289 brn|[from] item: Leftovers
|-damage|p1a: Be Sharp|235\/289 brn|[from] brn
|turn|6
|
|move|p2a: Charizard|Dragon Claw|p1a: Be Sharp
|-resisted|p1a: Be Sharp
|-damage|p1a: Be Sharp|153\/289 brn
|move|p1a: Be Sharp|Iron Head|p2a: Charizard
|-resisted|p2a: Charizard
|-damage|p2a: Charizard|332\/360
|
|-heal|p1a: Be Sharp|171\/289 brn|[from] item: Leftovers
|-damage|p1a: Be Sharp|135\/289 brn|[from] brn
|turn|7
|
|move|p2a: Charizard|Dragon Claw|p1a: Be Sharp
|-resisted|p1a: Be Sharp
|-damage|p1a: Be Sharp|62\/289 brn
|move|p1a: Be Sharp|Swords Dance|p1a: Be Sharp
|-boost|p1a: Be Sharp|atk|2
|
|-heal|p1a: Be Sharp|80\/289 brn|[from] item: Leftovers
|-damage|p1a: Be Sharp|44\/289 brn|[from] brn
|turn|8
|
|move|p1a: Be Sharp|Sucker Punch|p2a: Charizard
|-damage|p2a: Charizard|224\/360
|move|p2a: Charizard|Dragon Claw|p1a: Be Sharp
|-resisted|p1a: Be Sharp
|-damage|p1a: Be Sharp|0 fnt
|faint|p1a: Be Sharp
|
|
|switch|p1a: Whimsicott|Whimsicott, F|324\/324
|-damage|p1a: Whimsicott|284\/324|[from] Stealth Rock
|turn|9
|
|move|p1a: Whimsicott|Leech Seed|p2a: Charizard
|-start|p2a: Charizard|move: Leech Seed
|move|p2a: Charizard|Flare Blitz|p1a: Whimsicott
|-supereffective|p1a: Whimsicott
|-damage|p1a: Whimsicott|0 fnt
|-damage|p2a: Charizard|130\/360|[from] recoil|[of] p1a: Whimsicott
|-damage|p2a: Charizard|70\/360|[from] item: Rocky Helmet|[of] p1a: Whimsicott
|faint|p1a: Whimsicott
|
|
|switch|p1a: Dragonite|Dragonite, M|349\/349
|-damage|p1a: Dragonite|262\/349|[from] Stealth Rock
|turn|10
|
|move|p2a: Charizard|Dragon Claw|p1a: Dragonite
|-supereffective|p1a: Dragonite
|-damage|p1a: Dragonite|0 fnt
|faint|p1a: Dragonite
|
|
|switch|p1a: Breloom|Breloom, M|321\/321
|-damage|p1a: Breloom|301\/321|[from] Stealth Rock
|turn|11
|
|move|p1a: Breloom|Mach Punch|p2a: Charizard
|-damage|p2a: Charizard|13\/360
|move|p2a: Charizard|Flare Blitz|p1a: Breloom
|-supereffective|p1a: Breloom
|-damage|p1a: Breloom|0 fnt
|-damage|p2a: Charizard|0 fnt|[from] recoil|[of] p1a: Breloom
|faint|p1a: Breloom
|faint|p2a: Charizard
|
|
|switch|p1a: Volcarona|Volcarona, M|321\/321
|-damage|p1a: Volcarona|161\/321|[from] Stealth Rock
|switch|p2a: Regirock|Regirock|215\/352
|-damage|p2a: Regirock|171\/352|[from] Stealth Rock
|turn|12
|
|move|p1a: Volcarona|Bug Buzz|p2a: Regirock
|-damage|p2a: Regirock|14\/352
|move|p2a: Regirock|Thunder Wave|p1a: Volcarona
|-status|p1a: Volcarona|par
|
|-heal|p2a: Regirock|36\/352|[from] item: Leftovers
|-heal|p1a: Volcarona|181\/321 par|[from] item: Leftovers
|turn|13
|
|move|p2a: Regirock|Rock Slide|p1a: Volcarona
|-supereffective|p1a: Volcarona
|-damage|p1a: Volcarona|0 fnt
|faint|p1a: Volcarona
|
|win|d.d. survivor
|raw|Ladder updating...
|raw|dolanpls1's rating: 1444 &rarr; <strong>1426<\/strong><br \/>(-18 for losing)
|raw|d.d. survivor's rating: 1483 &rarr; <strong>1501<\/strong><br \/>(+18 for winning)
|chat|dolanpls1|gg
|leave|dolanpls1
|player|p1