|join|Rayoflightning
|join|Mario's Food
|player|p1|Rayoflightning|80
|player|p2|Mario's Food|25
|gametype|singles
|gen|4
|tier|[Gen 4] UU
|rule|Sleep Clause Mod: Limit one foe put to sleep
|rule|Species Clause: Limit one of each Pokemon
|rule|OHKO Clause: OHKO moves are banned
|rule|Moody Clause: Moody is banned
|rule|Evasion Moves Clause: Evasion moves are banned
|rule|Endless Battle Clause: Forcing endless battles is banned
|rule|HP Percentage Mod: HP is reported as percentages
|
|start
|switch|p1a: Vagina|Cloyster, F|287\/287
|switch|p2a: Uxie|Uxie|354\/354
|turn|1
|chat|Mario's Food|good luck
|
|move|p2a: Uxie|Thunder Wave|p1a: Vagina
|-status|p1a: Vagina|par
|cant|p1a: Vagina|par
|
|turn|2
|chat|Rayoflightning|same to you
|
|move|p2a: Uxie|Stealth Rock|p1a: Vagina
|-sidestart|p1: Rayoflightning|move: Stealth Rock
|move|p1a: Vagina|Spikes|p2a: Uxie
|-sidestart|p2: Mario's Food|Spikes
|
|turn|3
|
|move|p2a: Uxie|U-turn|p1a: Vagina
|-damage|p1a: Vagina|264\/287 par
|
|switch|p2a: Rhyperior|Rhyperior, M|434\/434
|-damage|p2a: Rhyperior|380\/434|[from] Spikes
|move|p1a: Vagina|Spikes|p2a: Rhyperior
|-sidestart|p2: Mario's Food|Spikes
|
|turn|4
|
|switch|p1a: Playdol|Claydol|324\/324
|-damage|p1a: Playdol|304\/324|[from] Stealth Rock
|move|p2a: Rhyperior|Stone Edge|p1a: Playdol|[miss]
|-miss|p2a: Rhyperior|p1a: Playdol
|
|-heal|p1a: Playdol|324\/324|[from] item: Leftovers
|turn|5
|
|switch|p2a: Venusaur|Venusaur, M|302\/302
|-damage|p2a: Venusaur|252\/302|[from] Spikes
|move|p1a: Playdol|Stealth Rock|p2a: Venusaur
|-sidestart|p2: Mario's Food|move: Stealth Rock
|
|turn|6
|
|switch|p1a: Trolololol|Clefable, F|394\/394
|move|p2a: Venusaur|Leaf Storm|p1a: Trolololol
|-damage|p1a: Trolololol|192\/394
|-unboost|p2a: Venusaur|spa|2
|-damage|p2a: Venusaur|222\/302|[from] item: Life Orb
|
|-status|p1a: Trolololol|brn|[from] item: Flame Orb
|turn|7
|
|switch|p2a: Arcanine|Arcanine, M|384\/384
|-damage|p2a: Arcanine|320\/384|[from] Spikes
|-damage|p2a: Arcanine|224\/384|[from] Stealth Rock
|-ability|p2a: Arcanine|Intimidate|[of] p1a: Trolololol
|-unboost|p1a: Trolololol|atk|1
|move|p1a: Trolololol|Soft-Boiled|p1a: Trolololol
|-heal|p1a: Trolololol|389\/394 brn
|
|-heal|p2a: Arcanine|248\/384|[from] item: Leftovers
|turn|8
|
|move|p2a: Arcanine|Flare Blitz|p1a: Trolololol
|-damage|p1a: Trolololol|101\/394 brn
|-damage|p2a: Arcanine|153\/384|[from] recoil|[of] p1a: Trolololol
|move|p1a: Trolololol|Thunder Wave|p2a: Arcanine
|-status|p2a: Arcanine|par
|
|-heal|p2a: Arcanine|177\/384 par|[from] item: Leftovers
|turn|9
|
|move|p2a: Arcanine|Extreme Speed|p1a: Trolololol
|-damage|p1a: Trolololol|0 fnt
|faint|p1a: Trolololol
|
|-heal|p2a: Arcanine|201\/384 par|[from] item: Leftovers
|
|switch|p1a: Playdol|Claydol|324\/324
|-damage|p1a: Playdol|304\/324|[from] Stealth Rock
|turn|10
|
|move|p2a: Arcanine|Extreme Speed|p1a: Playdol
|-damage|p1a: Playdol|229\/324
|move|p1a: Playdol|Psychic|p2a: Arcanine
|-crit|p2a: Arcanine
|-damage|p2a: Arcanine|0 fnt
|faint|p2a: Arcanine
|
|-heal|p1a: Playdol|249\/324|[from] item: Leftovers
|
|switch|p2a: Venusaur|Venusaur, M|222\/302
|-damage|p2a: Venusaur|172\/302|[from] Spikes
|-damage|p2a: Venusaur|135\/302|[from] Stealth Rock
|turn|11
|
|switch|p1a: Battletoads|Toxicroak, M|307\/307
|-damage|p1a: Battletoads|288\/307|[from] Stealth Rock
|move|p2a: Venusaur|Leaf Storm|p1a: Battletoads
|-resisted|p1a: Battletoads
|-damage|p1a: Battletoads|103\/307
|-unboost|p2a: Venusaur|spa|2
|-damage|p2a: Venusaur|105\/302|[from] item: Life Orb
|
|turn|12
|
|move|p1a: Battletoads|Ice Punch|p2a: Venusaur
|-supereffective|p2a: Venusaur
|-damage|p2a: Venusaur|0 fnt
|-damage|p1a: Battletoads|73\/307|[from] item: Life Orb
|faint|p2a: Venusaur
|
|
|switch|p2a: Uxie|Uxie|354\/354
|-damage|p2a: Uxie|310\/354|[from] Stealth Rock
|turn|13
|
|switch|p1a: Playdol|Claydol|249\/324
|-damage|p1a: Playdol|229\/324|[from] Stealth Rock
|move|p2a: Uxie|Psychic|p1a: Playdol
|-resisted|p1a: Playdol
|-damage|p1a: Playdol|191\/324
|
|-heal|p2a: Uxie|332\/354|[from] item: Leftovers
|-heal|p1a: Playdol|211\/324|[from] item: Leftovers
|turn|14
|
|move|p2a: Uxie|U-turn|p1a: Playdol
|-supereffective|p1a: Playdol
|-damage|p1a: Playdol|155\/324
|
|switch|p2a: Slowbro|Slowbro, F|394\/394
|-damage|p2a: Slowbro|345\/394|[from] Stealth Rock
|-damage|p2a: Slowbro|280\/394|[from] Spikes
|move|p1a: Playdol|Rapid Spin|p2a: Slowbro
|-damage|p2a: Slowbro|272\/394
|-sideend|p1: Rayoflightning|Stealth Rock|[from] move: Rapid Spin|[of] p1a: Playdol
|
|-heal|p1a: Playdol|175\/324|[from] item: Leftovers
|-heal|p2a: Slowbro|296\/394|[from] item: Leftovers
|turn|15
|
|switch|p1a: Vagina|Cloyster, F|264\/287 par
|move|p2a: Slowbro|Surf|p1a: Vagina
|-resisted|p1a: Vagina
|-damage|p1a: Vagina|164\/287 par
|
|-heal|p2a: Slowbro|320\/394|[from] item: Leftovers
|turn|16
|
|move|p2a: Slowbro|Psychic|p1a: Vagina
|-damage|p1a: Vagina|0 fnt
|faint|p1a: Vagina
|
|-heal|p2a: Slowbro|344\/394|[from] item: Leftovers
|
|switch|p1a: Missy Elliot|Mismagius, F|262\/262
|turn|17
|
|switch|p2a: Registeel|Registeel|364\/364
|-damage|p2a: Registeel|342\/364|[from] Stealth Rock
|-damage|p2a: Registeel|282\/364|[from] Spikes
|move|p1a: Missy Elliot|Substitute|p1a: Missy Elliot
|-start|p1a: Missy Elliot|Substitute
|-damage|p1a: Missy Elliot|197\/262
|
|-heal|p1a: Missy Elliot|213\/262|[from] item: Leftovers
|-heal|p2a: Registeel|304\/364|[from] item: Leftovers
|turn|18
|
|move|p1a: Missy Elliot|Hidden Power|p2a: Registeel
|-supereffective|p2a: Registeel
|-damage|p2a: Registeel|230\/364
|move|p2a: Registeel|Iron Head|p1a: Missy Elliot
|-end|p1a: Missy Elliot|Substitute
|
|-heal|p1a: Missy Elliot|229\/262|[from] item: Leftovers
|-heal|p2a: Registeel|252\/364|[from] item: Leftovers
|turn|19
|
|switch|p1a: Playdol|Claydol|175\/324
|move|p2a: Registeel|Iron Head|p1a: Playdol
|-damage|p1a: Playdol|118\/324
|
|-heal|p1a: Playdol|138\/324|[from] item: Leftovers
|-heal|p2a: Registeel|274\/364|[from] item: Leftovers
|turn|20
|
|move|p1a: Playdol|Earth Power|p2a: Registeel
|-supereffective|p2a: Registeel
|-damage|p2a: Registeel|166\/364
|move|p2a: Registeel|Seismic Toss|p1a: Playdol
|-damage|p1a: Playdol|38\/324
|
|-heal|p1a: Playdol|58\/324|[from] item: Leftovers
|-heal|p2a: Registeel|188\/364|[from] item: Leftovers
|turn|21
|
|move|p1a: Playdol|Earth Power|p2a: Registeel
|-supereffective|p2a: Registeel
|-damage|p2a: Registeel|92\/364
|move|p2a: Registeel|Seismic Toss|p1a: Playdol
|-damage|p1a: Playdol|0 fnt
|faint|p1a: Playdol
|
|-heal|p2a: Registeel|114\/364|[from] item: Leftovers
|
|switch|p1a: Battletoads|Toxicroak, M|73\/307
|turn|22
|
|switch|p2a: Uxie|Uxie|332\/354
|-damage|p2a: Uxie|288\/354|[from] Stealth Rock
|move|p1a: Battletoads|Low Kick|p2a: Uxie
|-resisted|p2a: Uxie
|-damage|p2a: Uxie|272\/354
|-damage|p1a: Battletoads|43\/307|[from] item: Life Orb
|
|-heal|p2a: Uxie|294\/354|[from] item: Leftovers
|turn|23
|
|move|p1a: Battletoads|Ice Punch|p2a: Uxie
|-damage|p2a: Uxie|214\/354
|-damage|p1a: Battletoads|13\/307|[from] item: Life Orb
|move|p2a: Uxie|Stealth Rock|p1a: Battletoads
|-sidestart|p1: Rayoflightning|move: Stealth Rock
|
|-heal|p2a: Uxie|236\/354|[from] item: Leftovers
|turn|24
|
|move|p1a: Battletoads|Ice Punch|p2a: Uxie
|-damage|p2a: Uxie|151\/354
|-damage|p1a: Battletoads|0 fnt|[from] item: Life Orb
|faint|p1a: Battletoads
|move|p2a: Uxie|Psychic|p1: Battletoads|[notarget]
|-notarget
|
|-heal|p2a: Uxie|173\/354|[from] item: Leftovers
|
|switch|p1a: Missy Elliot|Mismagius, F|229\/262
|-damage|p1a: Missy Elliot|197\/262|[from] Stealth Rock
|turn|25
|
|move|p1a: Missy Elliot|Substitute|p1a: Missy Elliot
|-start|p1a: Missy Elliot|Substitute
|-damage|p1a: Missy Elliot|132\/262
|move|p2a: Uxie|Thunder Wave|p1a: Missy Elliot
|
|-heal|p1a: Missy Elliot|148\/262|[from] item: Leftovers
|-heal|p2a: Uxie|195\/354|[from] item: Leftovers
|turn|26
|
|move|p1a: Missy Elliot|Nasty Plot|p1a: Missy Elliot
|-boost|p1a: Missy Elliot|spa|2
|move|p2a: Uxie|Psychic|p1a: Missy Elliot
|-end|p1a: Missy Elliot|Substitute
|
|-heal|p1a: Missy Elliot|164\/262|[from] item: Leftovers
|-heal|p2a: Uxie|217\/354|[from] item: Leftovers
|turn|27
|
|move|p1a: Missy Elliot|Shadow Ball|p2a: Uxie
|-supereffective|p2a: Uxie
|-damage|p2a: Uxie|0 fnt
|faint|p2a: Uxie
|
|-heal|p1a: Missy Elliot|180\/262|[from] item: Leftovers
|
|switch|p2a: Registeel|Registeel|114\/364
|-damage|p2a: Registeel|92\/364|[from] Stealth Rock
|-damage|p2a: Registeel|32\/364|[from] Spikes
|turn|28
|
|move|p1a: Missy Elliot|Hidden Power|p2a: Registeel
|-supereffective|p2a: Registeel
|-damage|p2a: Registeel|0 fnt
|faint|p2a: Registeel
|
|-heal|p1a: Missy Elliot|196\/262|[from] item: Leftovers
|
|switch|p2a: Rhyperior|Rhyperior, M|380\/434
|-damage|p2a: Rhyperior|308\/434|[from] Spikes
|-damage|p2a: Rhyperior|281\/434|[from] Stealth Rock
|turn|29
|
|move|p1a: Missy Elliot|Shadow Ball|p2a: Rhyperior
|-damage|p2a: Rhyperior|0 fnt
|faint|p2a: Rhyperior
|
|-heal|p1a: Missy Elliot|212\/262|[from] item: Leftovers
|
|switch|p2a: Slowbro|Slowbro, F|344\/394
|-damage|p2a: Slowbro|279\/394|[from] Spikes
|-damage|p2a: Slowbro|230\/394|[from] Stealth Rock
|turn|30
|
|move|p1a: Missy Elliot|Shadow Ball|p2a: Slowbro
|-supereffective|p2a: Slowbro
|-damage|p2a: Slowbro|0 fnt
|faint|p2a: Slowbro
|
|win|Rayoflightning
|chat|Rayoflightning|gg
|chat|Mario's Food|gg