|join|LilDurkXOTF
|join|Rayoflightning
|player|p1|LilDurkXOTF|167
|player|p2|Rayoflightning|80
|gametype|singles
|gen|4
|tier|[Gen 4] UU
|rule|Sleep Clause Mod: Limit one foe put to sleep
|rule|Species Clause: Limit one of each Pokemon
|rule|OHKO Clause: OHKO moves are banned
|rule|Moody Clause: Moody is banned
|rule|Evasion Moves Clause: Evasion moves are banned
|rule|Endless Battle Clause: Forcing endless battles is banned
|rule|HP Percentage Mod: HP is reported as percentages
|
|start
|switch|p1a: Rhyperior|Rhyperior, F|434\/434
|switch|p2a: Vagina|Cloyster, F|287\/287
|turn|1
|
|switch|p1a: Slowbro|Slowbro, F|394\/394
|move|p2a: Vagina|Spikes|p1a: Slowbro
|-sidestart|p1: LilDurkXOTF|Spikes
|
|turn|2
|join|Rykard
|
|move|p2a: Vagina|Spikes|p1a: Slowbro
|-sidestart|p1: LilDurkXOTF|Spikes
|move|p1a: Slowbro|Psychic|p2a: Vagina
|-damage|p2a: Vagina|94\/287
|
|turn|3
|
|move|p2a: Vagina|Explosion|p1a: Slowbro
|-crit|p1a: Slowbro
|-damage|p1a: Slowbro|0 fnt
|faint|p1a: Slowbro
|faint|p2a: Vagina
|
|
|switch|p2a: Playdol|Claydol|324\/324
|switch|p1a: Hitmontop|Hitmontop, M|304\/304
|-damage|p1a: Hitmontop|254\/304|[from] Spikes
|-ability|p1a: Hitmontop|Intimidate|[of] p2a: Playdol
|-unboost|p2a: Playdol|atk|1
|turn|4
|
|switch|p2a: Missy Elliot|Mismagius, F|262\/262
|move|p1a: Hitmontop|Rapid Spin|p2a: Missy Elliot
|-immune|p2a: Missy Elliot|[msg]
|
|-heal|p1a: Hitmontop|273\/304|[from] item: Leftovers
|turn|5
|
|switch|p1a: Rhyperior|Rhyperior, F|434\/434
|-damage|p1a: Rhyperior|362\/434|[from] Spikes
|move|p2a: Missy Elliot|Substitute|p2a: Missy Elliot
|-start|p2a: Missy Elliot|Substitute
|-damage|p2a: Missy Elliot|197\/262
|
|-heal|p2a: Missy Elliot|213\/262|[from] item: Leftovers
|-heal|p1a: Rhyperior|389\/434|[from] item: Leftovers
|turn|6
|
|move|p2a: Missy Elliot|Nasty Plot|p2a: Missy Elliot
|-boost|p2a: Missy Elliot|spa|2
|move|p1a: Rhyperior|Rock Blast|p2a: Missy Elliot
|-activate|p2a: Missy Elliot|Substitute|[damage]
|-end|p2a: Missy Elliot|Substitute
|-hitcount|p2a: Missy Elliot|2
|
|-heal|p2a: Missy Elliot|229\/262|[from] item: Leftovers
|-heal|p1a: Rhyperior|416\/434|[from] item: Leftovers
|turn|7
|
|move|p2a: Missy Elliot|Shadow Ball|p1a: Rhyperior
|-damage|p1a: Rhyperior|134\/434
|-unboost|p1a: Rhyperior|spd|1
|move|p1a: Rhyperior|Roar|p2a: Missy Elliot
|drag|p2a: Battletoads|Toxicroak, M|307\/307
|
|-heal|p1a: Rhyperior|161\/434|[from] item: Leftovers
|turn|8
|
|switch|p1a: Hitmontop|Hitmontop, M|273\/304
|-damage|p1a: Hitmontop|223\/304|[from] Spikes
|-ability|p1a: Hitmontop|Intimidate|[of] p2a: Battletoads
|-unboost|p2a: Battletoads|atk|1
|move|p2a: Battletoads|Low Kick|p1a: Hitmontop
|-damage|p1a: Hitmontop|160\/304
|-damage|p2a: Battletoads|277\/307|[from] item: Life Orb
|
|-heal|p1a: Hitmontop|179\/304|[from] item: Leftovers
|turn|9
|
|switch|p2a: Missy Elliot|Mismagius, F|229\/262
|move|p1a: Hitmontop|Toxic|p2a: Missy Elliot
|-status|p2a: Missy Elliot|tox
|
|-heal|p2a: Missy Elliot|245\/262 tox|[from] item: Leftovers
|-heal|p1a: Hitmontop|198\/304|[from] item: Leftovers
|-damage|p2a: Missy Elliot|229\/262 tox|[from] psn
|turn|10
|
|move|p2a: Missy Elliot|Shadow Ball|p1a: Hitmontop
|-damage|p1a: Hitmontop|86\/304
|-unboost|p1a: Hitmontop|spd|1
|move|p1a: Hitmontop|Foresight|p2a: Missy Elliot
|-start|p2a: Missy Elliot|Foresight
|
|-heal|p2a: Missy Elliot|245\/262 tox|[from] item: Leftovers
|-heal|p1a: Hitmontop|105\/304|[from] item: Leftovers
|-damage|p2a: Missy Elliot|213\/262 tox|[from] psn
|turn|11
|chat|LilDurkXOTF|is this for real?
|chat|Rykard|what?
|chat|LilDurkXOTF|Nvm
|
|move|p2a: Missy Elliot|Shadow Ball|p1a: Hitmontop
|-damage|p1a: Hitmontop|0 fnt
|faint|p1a: Hitmontop
|
|-heal|p2a: Missy Elliot|229\/262 tox|[from] item: Leftovers
|-damage|p2a: Missy Elliot|181\/262 tox|[from] psn
|
|switch|p1a: Blaziken|Blaziken, F|301\/301
|-damage|p1a: Blaziken|251\/301|[from] Spikes
|turn|12
|
|switch|p2a: Blaze Heatnix|Moltres|321\/321
|-ability|p2a: Blaze Heatnix|Pressure
|move|p1a: Blaziken|Fire Blast|p2a: Blaze Heatnix
|-resisted|p2a: Blaze Heatnix
|-damage|p2a: Blaze Heatnix|160\/321
|-damage|p1a: Blaziken|221\/301|[from] item: Life Orb
|
|turn|13
|
|switch|p1a: Rhyperior|Rhyperior, F|161\/434
|-damage|p1a: Rhyperior|89\/434|[from] Spikes
|move|p2a: Blaze Heatnix|Air Slash|p1a: Rhyperior
|-resisted|p1a: Rhyperior
|-damage|p1a: Rhyperior|17\/434
|
|-heal|p1a: Rhyperior|44\/434|[from] item: Leftovers
|turn|14
|
|move|p2a: Blaze Heatnix|Air Slash|p1a: Rhyperior
|-resisted|p1a: Rhyperior
|-damage|p1a: Rhyperior|0 fnt
|faint|p1a: Rhyperior
|
|
|switch|p1a: Mismagius|Mismagius, F|262\/262
|turn|15
|
|move|p2a: Blaze Heatnix|Air Slash|p1a: Mismagius|[miss]
|-miss|p2a: Blaze Heatnix|p1a: Mismagius
|move|p1a: Mismagius|Substitute|p1a: Mismagius
|-start|p1a: Mismagius|Substitute
|-damage|p1a: Mismagius|197\/262
|
|-heal|p1a: Mismagius|213\/262|[from] item: Leftovers
|turn|16
|
|move|p2a: Blaze Heatnix|Air Slash|p1a: Mismagius
|-end|p1a: Mismagius|Substitute
|move|p1a: Mismagius|Nasty Plot|p1a: Mismagius
|-boost|p1a: Mismagius|spa|2
|
|-heal|p1a: Mismagius|229\/262|[from] item: Leftovers
|turn|17
|
|move|p2a: Blaze Heatnix|Air Slash|p1a: Mismagius
|-damage|p1a: Mismagius|102\/262
|move|p1a: Mismagius|Substitute|p1a: Mismagius
|-start|p1a: Mismagius|Substitute
|-damage|p1a: Mismagius|37\/262
|
|-heal|p1a: Mismagius|53\/262|[from] item: Leftovers
|turn|18
|
|switch|p2a: Trolololol|Clefable, F|394\/394
|move|p1a: Mismagius|Shadow Ball|p2a: Trolololol
|-immune|p2a: Trolololol|[msg]
|
|-heal|p1a: Mismagius|69\/262|[from] item: Leftovers
|-status|p2a: Trolololol|brn|[from] item: Flame Orb
|turn|19
|
|move|p1a: Mismagius|Hidden Power|p2a: Trolololol
|-supereffective|p2a: Trolololol
|-damage|p2a: Trolololol|174\/394 brn
|move|p2a: Trolololol|Encore|p1a: Mismagius
|-start|p1a: Mismagius|Encore
|
|-heal|p1a: Mismagius|85\/262|[from] item: Leftovers
|turn|20
|
|switch|p2a: Missy Elliot|Mismagius, F|181\/262 tox
|move|p1a: Mismagius|Hidden Power|p2a: Missy Elliot
|-immune|p2a: Missy Elliot|[msg]
|
|-heal|p2a: Missy Elliot|197\/262 tox|[from] item: Leftovers
|-heal|p1a: Mismagius|101\/262|[from] item: Leftovers
|-damage|p2a: Missy Elliot|181\/262 tox|[from] psn
|turn|21
|chat|LilDurkXOTF|gg
|
|move|p1a: Mismagius|Hidden Power|p2a: Missy Elliot
|-immune|p2a: Missy Elliot|[msg]
|move|p2a: Missy Elliot|Shadow Ball|p1a: Mismagius
|-supereffective|p1a: Mismagius
|-end|p1a: Mismagius|Substitute
|
|-heal|p1a: Mismagius|117\/262|[from] item: Leftovers
|-heal|p2a: Missy Elliot|197\/262 tox|[from] item: Leftovers
|-damage|p2a: Missy Elliot|165\/262 tox|[from] psn
|turn|22
|chat|Rayoflightning|gg
|
|move|p2a: Missy Elliot|Shadow Ball|p1a: Mismagius
|-supereffective|p1a: Mismagius
|-damage|p1a: Mismagius|0 fnt
|faint|p1a: Mismagius
|
|-heal|p2a: Missy Elliot|181\/262 tox|[from] item: Leftovers
|-damage|p2a: Missy Elliot|133\/262 tox|[from] psn
|
|switch|p1a: Venusaur|Venusaur, M|301\/301
|-damage|p1a: Venusaur|251\/301|[from] Spikes
|turn|23
|chat|LilDurkXOTF|Encore is such a broken move
|
|move|p2a: Missy Elliot|Shadow Ball|p1a: Venusaur
|-damage|p1a: Venusaur|121\/301
|move|p1a: Venusaur|Sludge Bomb|p2a: Missy Elliot
|-resisted|p2a: Missy Elliot
|-damage|p2a: Missy Elliot|35\/262 tox
|
|-heal|p2a: Missy Elliot|51\/262 tox|[from] item: Leftovers
|-damage|p2a: Missy Elliot|0 fnt|[from] psn
|faint|p2a: Missy Elliot
|chat|Rayoflightning|yeah it is  
|chat|Rayoflightning|but now they nerf it in newer gens
|
|switch|p2a: Blaze Heatnix|Moltres|160\/321
|-ability|p2a: Blaze Heatnix|Pressure
|turn|24
|
|move|p2a: Blaze Heatnix|Air Slash|p1a: Venusaur
|-supereffective|p1a: Venusaur
|-damage|p1a: Venusaur|0 fnt
|faint|p1a: Venusaur
|
|
|switch|p1a: Blaziken|Blaziken, F|221\/301
|-damage|p1a: Blaziken|171\/301|[from] Spikes
|turn|25
|
|move|p2a: Blaze Heatnix|Air Slash|p1a: Blaziken
|-supereffective|p1a: Blaziken
|-damage|p1a: Blaziken|0 fnt
|faint|p1a: Blaziken
|
|win|Rayoflightning