|join|Rayoflightning
|join|MishaAnderson
|player|p1|Rayoflightning|80
|player|p2|MishaAnderson|1
|gametype|singles
|gen|4
|tier|[Gen 4] UU
|rule|Sleep Clause Mod: Limit one foe put to sleep
|rule|Species Clause: Limit one of each Pokemon
|rule|OHKO Clause: OHKO moves are banned
|rule|Moody Clause: Moody is banned
|rule|Evasion Moves Clause: Evasion moves are banned
|rule|Endless Battle Clause: Forcing endless battles is banned
|rule|HP Percentage Mod: HP is reported as percentages
|
|start
|switch|p1a: Vagina|Cloyster, F|287\/287
|switch|p2a: Alakazam|Alakazam, M|252\/252
|turn|1
|
|switch|p1a: Trolololol|Clefable, F|394\/394
|move|p2a: Alakazam|Psychic|p1a: Trolololol
|-damage|p1a: Trolololol|270\/394
|
|-status|p1a: Trolololol|brn|[from] item: Flame Orb
|turn|2
|
|move|p2a: Alakazam|Calm Mind|p2a: Alakazam
|-boost|p2a: Alakazam|spa|1
|-boost|p2a: Alakazam|spd|1
|move|p1a: Trolololol|Thunder Wave|p2a: Alakazam
|-status|p2a: Alakazam|par
|
|turn|3
|
|move|p1a: Trolololol|Encore|p2a: Alakazam
|-start|p2a: Alakazam|Encore
|cant|p2a: Alakazam|par
|
|turn|4
|
|switch|p2a: Primeape|Primeape, M|272\/272
|move|p1a: Trolololol|Soft-Boiled|p1a: Trolololol
|-heal|p1a: Trolololol|394\/394 brn
|
|turn|5
|
|switch|p1a: Playdol|Claydol|324\/324
|move|p2a: Primeape|Close Combat|p1a: Playdol
|-resisted|p1a: Playdol
|-damage|p1a: Playdol|256\/324
|-unboost|p2a: Primeape|def|1
|-unboost|p2a: Primeape|spd|1
|
|-heal|p1a: Playdol|276\/324|[from] item: Leftovers
|turn|6
|
|switch|p2a: Mismagius|Mismagius, M|262\/262
|move|p1a: Playdol|Stealth Rock|p2a: Mismagius
|-sidestart|p2: MishaAnderson|move: Stealth Rock
|
|-heal|p1a: Playdol|296\/324|[from] item: Leftovers
|turn|7
|
|switch|p1a: Trolololol|Clefable, F|394\/394 brn
|move|p2a: Mismagius|Substitute|p2a: Mismagius
|-start|p2a: Mismagius|Substitute
|-damage|p2a: Mismagius|197\/262
|
|turn|8
|
|move|p2a: Mismagius|Calm Mind|p2a: Mismagius
|-boost|p2a: Mismagius|spa|1
|-boost|p2a: Mismagius|spd|1
|move|p1a: Trolololol|Encore|p2a: Mismagius
|-start|p2a: Mismagius|Encore
|
|turn|9
|
|switch|p1a: Vagina|Cloyster, F|287\/287
|move|p2a: Mismagius|Calm Mind|p2a: Mismagius
|-boost|p2a: Mismagius|spa|1
|-boost|p2a: Mismagius|spd|1
|
|turn|10
|
|switch|p2a: Slowking|Slowking, F|394\/394
|-damage|p2a: Slowking|345\/394|[from] Stealth Rock
|move|p1a: Vagina|Rock Blast|p2a: Slowking
|-damage|p2a: Slowking|311\/394
|-damage|p2a: Slowking|274\/394
|-damage|p2a: Slowking|234\/394
|-crit|p2a: Slowking
|-damage|p2a: Slowking|155\/394
|-damage|p2a: Slowking|115\/394
|-hitcount|p2a: Slowking|5
|-damage|p1a: Vagina|259\/287|[from] item: Life Orb
|
|-heal|p2a: Slowking|139\/394|[from] item: Leftovers
|turn|11
|
|move|p1a: Vagina|Rock Blast|p2a: Slowking
|-damage|p2a: Slowking|103\/394
|-damage|p2a: Slowking|67\/394
|-damage|p2a: Slowking|29\/394
|-damage|p2a: Slowking|0 fnt
|-hitcount|p2a: Slowking|4
|-damage|p1a: Vagina|231\/287|[from] item: Life Orb
|faint|p2a: Slowking
|
|
|switch|p2a: Drapion|Drapion, M, shiny|281\/281
|-damage|p2a: Drapion|246\/281|[from] Stealth Rock
|turn|12
|
|move|p2a: Drapion|Night Slash|p1a: Vagina
|-crit|p1a: Vagina
|-damage|p1a: Vagina|59\/287
|move|p1a: Vagina|Spikes|p2a: Drapion
|-sidestart|p2: MishaAnderson|Spikes
|
|turn|13
|
|switch|p1a: Trolololol|Clefable, F|394\/394 brn
|move|p2a: Drapion|Cross Poison|p1a: Trolololol
|-damage|p1a: Trolololol|261\/394 brn
|
|turn|14
|
|move|p2a: Drapion|Taunt|p1a: Trolololol
|-start|p1a: Trolololol|move: Taunt
|cant|p1a: Trolololol|move: Taunt|Thunder Wave
|
|turn|15
|
|move|p2a: Drapion|Swords Dance|p2a: Drapion
|-boost|p2a: Drapion|atk|2
|move|p1a: Trolololol|Seismic Toss|p2a: Drapion
|-damage|p2a: Drapion|146\/281
|
|turn|16
|
|move|p2a: Drapion|Night Slash|p1a: Trolololol
|-damage|p1a: Trolololol|18\/394 brn
|move|p1a: Trolololol|Seismic Toss|p2a: Drapion
|-damage|p2a: Drapion|46\/281
|
|-end|p1a: Trolololol|move: Taunt
|turn|17
|
|move|p2a: Drapion|Night Slash|p1a: Trolololol
|-damage|p1a: Trolololol|0 fnt
|faint|p1a: Trolololol
|
|
|switch|p1a: Vagina|Cloyster, F|59\/287
|turn|18
|
|move|p1a: Vagina|Ice Shard|p2a: Drapion
|-damage|p2a: Drapion|0 fnt
|-damage|p1a: Vagina|31\/287|[from] item: Life Orb
|faint|p2a: Drapion
|
|
|switch|p2a: Primeape|Primeape, M|272\/272
|-damage|p2a: Primeape|238\/272|[from] Spikes
|-damage|p2a: Primeape|221\/272|[from] Stealth Rock
|turn|19
|
|switch|p1a: Blaze Heatnix|Moltres|321\/321
|-ability|p1a: Blaze Heatnix|Pressure
|move|p2a: Primeape|U-turn|p1a: Blaze Heatnix
|-resisted|p1a: Blaze Heatnix
|-damage|p1a: Blaze Heatnix|303\/321
|
|switch|p2a: Donphan|Donphan, M|384\/384
|-damage|p2a: Donphan|360\/384|[from] Stealth Rock
|-damage|p2a: Donphan|312\/384|[from] Spikes
|
|-heal|p2a: Donphan|336\/384|[from] item: Leftovers
|turn|20
|
|move|p1a: Blaze Heatnix|U-turn|p2a: Donphan
|-damage|p2a: Donphan|302\/384
|
|switch|p1a: Missy Elliot|Mismagius, F|262\/262
|move|p2a: Donphan|Rapid Spin|p1a: Missy Elliot
|-immune|p1a: Missy Elliot|[msg]
|
|-heal|p2a: Donphan|326\/384|[from] item: Leftovers
|turn|21
|
|switch|p1a: Vagina|Cloyster, F|31\/287
|move|p2a: Donphan|Ice Shard|p1a: Vagina
|-resisted|p1a: Vagina
|-damage|p1a: Vagina|26\/287
|
|-heal|p2a: Donphan|350\/384|[from] item: Leftovers
|turn|22
|
|move|p1a: Vagina|Explosion|p2a: Donphan
|-damage|p2a: Donphan|0 fnt
|faint|p2a: Donphan
|faint|p1a: Vagina
|
|
|switch|p2a: Primeape|Primeape, M|221\/272
|-damage|p2a: Primeape|204\/272|[from] Stealth Rock
|-damage|p2a: Primeape|170\/272|[from] Spikes
|switch|p1a: Blaze Heatnix|Moltres|303\/321
|-ability|p1a: Blaze Heatnix|Pressure
|turn|23
|
|switch|p1a: Playdol|Claydol|296\/324
|move|p2a: Primeape|Stone Edge|p1a: Playdol
|-resisted|p1a: Playdol
|-damage|p1a: Playdol|256\/324
|
|-heal|p1a: Playdol|276\/324|[from] item: Leftovers
|turn|24
|
|switch|p2a: Mismagius|Mismagius, M|197\/262
|-damage|p2a: Mismagius|165\/262|[from] Stealth Rock
|move|p1a: Playdol|Psychic|p2a: Mismagius
|-damage|p2a: Mismagius|75\/262
|
|-heal|p1a: Playdol|296\/324|[from] item: Leftovers
|turn|25
|
|move|p2a: Mismagius|Shadow Ball|p1a: Playdol
|-crit|p1a: Playdol
|-supereffective|p1a: Playdol
|-damage|p1a: Playdol|0 fnt
|faint|p1a: Playdol
|
|
|switch|p1a: Blaze Heatnix|Moltres|303\/321
|-ability|p1a: Blaze Heatnix|Pressure
|turn|26
|
|move|p1a: Blaze Heatnix|Air Slash|p2a: Mismagius
|-crit|p2a: Mismagius
|-damage|p2a: Mismagius|0 fnt
|faint|p2a: Mismagius
|
|
|switch|p2a: Primeape|Primeape, M|170\/272
|-damage|p2a: Primeape|136\/272|[from] Spikes
|-damage|p2a: Primeape|119\/272|[from] Stealth Rock
|turn|27
|
|move|p2a: Primeape|Stone Edge|p1a: Blaze Heatnix
|-supereffective|p1a: Blaze Heatnix
|-damage|p1a: Blaze Heatnix|0 fnt
|faint|p1a: Blaze Heatnix
|
|
|switch|p1a: Battletoads|Toxicroak, M|307\/307
|turn|28
|
|move|p2a: Primeape|Stone Edge|p1a: Battletoads|[miss]
|-miss|p2a: Primeape|p1a: Battletoads
|move|p1a: Battletoads|Ice Punch|p2a: Primeape
|-damage|p2a: Primeape|0 fnt
|-damage|p1a: Battletoads|277\/307|[from] item: Life Orb
|faint|p2a: Primeape
|
|
|switch|p2a: Alakazam|Alakazam, M|252\/252 par
|-damage|p2a: Alakazam|221\/252 par|[from] Spikes
|-damage|p2a: Alakazam|190\/252 par|[from] Stealth Rock
|turn|29
|
|move|p1a: Battletoads|Ice Punch|p2a: Alakazam
|-damage|p2a: Alakazam|0 fnt
|-damage|p1a: Battletoads|247\/307|[from] item: Life Orb
|faint|p2a: Alakazam
|
|win|Rayoflightning
|chat|MishaAnderson|vg
|chat|Rayoflightning|gg
|chat|MishaAnderson|gg*