|join|Rayoflightning
|join|Aaron1997
|player|p1|Rayoflightning|80
|player|p2|Aaron1997|267
|gametype|singles
|gen|4
|tier|[Gen 4] UU
|rule|Sleep Clause Mod: Limit one foe put to sleep
|rule|Species Clause: Limit one of each Pokemon
|rule|OHKO Clause: OHKO moves are banned
|rule|Moody Clause: Moody is banned
|rule|Evasion Moves Clause: Evasion moves are banned
|rule|Endless Battle Clause: Forcing endless battles is banned
|rule|HP Percentage Mod: HP is reported as percentages
|
|start
|switch|p1a: Vagina|Cloyster, F|287\/287
|switch|p2a: Uxie|Uxie|354\/354
|turn|1
|
|move|p2a: Uxie|Stealth Rock|p1a: Vagina
|-sidestart|p1: Rayoflightning|move: Stealth Rock
|move|p1a: Vagina|Spikes|p2a: Uxie
|-sidestart|p2: Aaron1997|Spikes
|
|turn|2
|
|move|p2a: Uxie|U-turn|p1a: Vagina
|-damage|p1a: Vagina|265\/287
|
|switch|p2a: Drapion|Drapion, M|282\/282
|-damage|p2a: Drapion|247\/282|[from] Spikes
|move|p1a: Vagina|Spikes|p2a: Drapion
|-sidestart|p2: Aaron1997|Spikes
|
|turn|3
|
|move|p2a: Drapion|Swords Dance|p2a: Drapion
|-boost|p2a: Drapion|atk|2
|move|p1a: Vagina|Rock Blast|p2a: Drapion
|-damage|p2a: Drapion|217\/282
|-damage|p2a: Drapion|187\/282
|-damage|p2a: Drapion|153\/282
|-damage|p2a: Drapion|120\/282
|-damage|p2a: Drapion|91\/282
|-hitcount|p2a: Drapion|5
|-damage|p1a: Vagina|237\/287|[from] item: Life Orb
|
|turn|4
|
|move|p1a: Vagina|Ice Shard|p2a: Drapion
|-damage|p2a: Drapion|7\/282
|-damage|p1a: Vagina|209\/287|[from] item: Life Orb
|move|p2a: Drapion|Crunch|p1a: Vagina
|-damage|p1a: Vagina|43\/287
|-unboost|p1a: Vagina|def|1
|-damage|p2a: Drapion|0 fnt|[from] item: Life Orb
|faint|p2a: Drapion
|
|
|switch|p2a: Mismagius|Mismagius, F|262\/262
|turn|5
|
|switch|p1a: Trolololol|Clefable, F|394\/394
|move|p2a: Mismagius|Shadow Ball|p1a: Trolololol
|-immune|p1a: Trolololol|[msg]
|
|-status|p1a: Trolololol|brn|[from] item: Flame Orb
|turn|6
|
|switch|p2a: Clefable|Clefable, F|394\/394
|move|p1a: Trolololol|Thunder Wave|p2a: Clefable
|-status|p2a: Clefable|par
|
|turn|7
|
|move|p1a: Trolololol|Seismic Toss|p2a: Clefable
|-damage|p2a: Clefable|294\/394 par
|move|p2a: Clefable|Heal Bell|p2a: Clefable
|-cureteam|p2a: Clefable|[from] move: HealBell
|
|-heal|p2a: Clefable|318\/394|[from] item: Leftovers
|turn|8
|
|move|p2a: Clefable|Wish|p2a: Clefable
|move|p1a: Trolololol|Encore|p2a: Clefable
|-start|p2a: Clefable|Encore
|
|-heal|p2a: Clefable|342\/394|[from] item: Leftovers
|turn|9
|
|switch|p2a: Blaziken|Blaziken, M|301\/301
|-damage|p2a: Blaziken|251\/301|[from] Spikes
|move|p1a: Trolololol|Thunder Wave|p2a: Blaziken
|-status|p2a: Blaziken|par
|
|-heal|p2a: Blaziken|301\/301 par|[from] move: Wish|[wisher] Clefable
|turn|10
|
|switch|p1a: Vagina|Cloyster, F|43\/287
|-damage|p1a: Vagina|0 fnt|[from] Stealth Rock
|faint|p1a: Vagina
|switch|p2a: Clefable|Clefable, F|342\/394
|
|-heal|p2a: Clefable|366\/394|[from] item: Leftovers
|
|switch|p1a: Battletoads|Toxicroak, M|307\/307
|-damage|p1a: Battletoads|288\/307|[from] Stealth Rock
|turn|11
|
|switch|p2a: Spiritomb|Spiritomb, M|304\/304
|-damage|p2a: Spiritomb|254\/304|[from] Spikes
|-ability|p2a: Spiritomb|Pressure
|move|p1a: Battletoads|Ice Punch|p2a: Spiritomb
|-damage|p2a: Spiritomb|175\/304
|-damage|p1a: Battletoads|258\/307|[from] item: Life Orb
|
|-heal|p2a: Spiritomb|194\/304|[from] item: Leftovers
|turn|12
|
|switch|p1a: Trolololol|Clefable, F|394\/394 brn
|move|p2a: Spiritomb|Will-O-Wisp|p1a: Trolololol
|-fail|p1a: Trolololol|brn
|
|-heal|p2a: Spiritomb|213\/304|[from] item: Leftovers
|turn|13
|
|move|p1a: Trolololol|Seismic Toss|p2a: Spiritomb
|-immune|p2a: Spiritomb|[msg]
|move|p2a: Spiritomb|Rest|p2a: Spiritomb
|-status|p2a: Spiritomb|slp
|-heal|p2a: Spiritomb|304\/304 slp|[silent]
|-status|p2a: Spiritomb|slp|[from] move: Rest
|
|turn|14
|
|move|p1a: Trolololol|Seismic Toss|p2a: Spiritomb
|-immune|p2a: Spiritomb|[msg]
|cant|p2a: Spiritomb|slp
|move|p2a: Spiritomb|Sleep Talk|p2a: Spiritomb
|move|p2a: Spiritomb|Will-O-Wisp|p1a: Trolololol|[from]Sleep Talk|[miss]
|-miss|p2a: Spiritomb|p1a: Trolololol
|
|turn|15
|
|switch|p2a: Clefable|Clefable, F|366\/394
|move|p1a: Trolololol|Encore|p2a: Clefable
|-fail|p2a: Clefable
|
|-heal|p2a: Clefable|390\/394|[from] item: Leftovers
|turn|16
|
|move|p1a: Trolololol|Thunder Wave|p2a: Clefable
|-status|p2a: Clefable|par
|move|p2a: Clefable|Heal Bell|p2a: Clefable
|-cureteam|p2a: Clefable|[from] move: HealBell
|
|-heal|p2a: Clefable|394\/394|[from] item: Leftovers
|turn|17
|
|move|p2a: Clefable|Seismic Toss|p1a: Trolololol
|-damage|p1a: Trolololol|294\/394 brn
|move|p1a: Trolololol|Seismic Toss|p2a: Clefable
|-damage|p2a: Clefable|294\/394
|
|-heal|p2a: Clefable|318\/394|[from] item: Leftovers
|turn|18
|
|move|p1a: Trolololol|Encore|p2a: Clefable
|-start|p2a: Clefable|Encore
|move|p2a: Clefable|Seismic Toss|p1a: Trolololol
|-damage|p1a: Trolololol|194\/394 brn
|
|-heal|p2a: Clefable|342\/394|[from] item: Leftovers
|turn|19
|join|Judge Bennett
|
|move|p1a: Trolololol|Soft-Boiled|p1a: Trolololol
|-heal|p1a: Trolololol|391\/394 brn
|move|p2a: Clefable|Seismic Toss|p1a: Trolololol
|-damage|p1a: Trolololol|291\/394 brn
|
|-heal|p2a: Clefable|366\/394|[from] item: Leftovers
|turn|20
|
|switch|p1a: Missy Elliot|Mismagius, F|262\/262
|-damage|p1a: Missy Elliot|230\/262|[from] Stealth Rock
|move|p2a: Clefable|Seismic Toss|p1a: Missy Elliot
|-immune|p1a: Missy Elliot|[msg]
|
|-heal|p1a: Missy Elliot|246\/262|[from] item: Leftovers
|-heal|p2a: Clefable|390\/394|[from] item: Leftovers
|turn|21
|
|switch|p2a: Spiritomb|Spiritomb, M|304\/304
|-damage|p2a: Spiritomb|254\/304|[from] Spikes
|-ability|p2a: Spiritomb|Pressure
|move|p1a: Missy Elliot|Substitute|p1a: Missy Elliot
|-start|p1a: Missy Elliot|Substitute
|-damage|p1a: Missy Elliot|181\/262
|
|-heal|p1a: Missy Elliot|197\/262|[from] item: Leftovers
|-heal|p2a: Spiritomb|273\/304|[from] item: Leftovers
|turn|22
|
|move|p1a: Missy Elliot|Nasty Plot|p1a: Missy Elliot
|-boost|p1a: Missy Elliot|spa|2
|move|p2a: Spiritomb|Dark Pulse|p1a: Missy Elliot
|-supereffective|p1a: Missy Elliot
|-end|p1a: Missy Elliot|Substitute
|
|-heal|p1a: Missy Elliot|213\/262|[from] item: Leftovers
|-heal|p2a: Spiritomb|292\/304|[from] item: Leftovers
|turn|23
|
|move|p1a: Missy Elliot|Shadow Ball|p2a: Spiritomb
|-damage|p2a: Spiritomb|121\/304
|move|p2a: Spiritomb|Dark Pulse|p1a: Missy Elliot
|-supereffective|p1a: Missy Elliot
|-damage|p1a: Missy Elliot|55\/262
|
|-heal|p1a: Missy Elliot|71\/262|[from] item: Leftovers
|-heal|p2a: Spiritomb|140\/304|[from] item: Leftovers
|turn|24
|
|move|p1a: Missy Elliot|Shadow Ball|p2a: Spiritomb
|-damage|p2a: Spiritomb|0 fnt
|faint|p2a: Spiritomb
|
|-heal|p1a: Missy Elliot|87\/262|[from] item: Leftovers
|
|switch|p2a: Mismagius|Mismagius, F|262\/262
|turn|25
|
|switch|p1a: Trolololol|Clefable, F|291\/394 brn
|move|p2a: Mismagius|Thunderbolt|p1a: Trolololol
|-damage|p1a: Trolololol|207\/394 brn
|
|turn|26
|
|switch|p2a: Uxie|Uxie|354\/354
|move|p1a: Trolololol|Soft-Boiled|p1a: Trolololol
|-heal|p1a: Trolololol|394\/394 brn
|
|turn|27
|
|switch|p2a: Mismagius|Mismagius, F|262\/262
|move|p1a: Trolololol|Thunder Wave|p2a: Mismagius
|-status|p2a: Mismagius|par
|
|turn|28
|
|switch|p1a: Playdol|Claydol|324\/324
|-damage|p1a: Playdol|304\/324|[from] Stealth Rock
|move|p2a: Mismagius|Trick|p1a: Playdol
|-activate|p2a: Mismagius|move: Trick|[of] p1a: Playdol
|-item|p1a: Playdol|Choice Scarf|[from] move: Trick
|-item|p2a: Mismagius|Leftovers|[from] move: Trick
|
|turn|29
|
|switch|p2a: Clefable|Clefable, F|390\/394
|move|p1a: Playdol|Stealth Rock|p2a: Clefable
|-sidestart|p2: Aaron1997|move: Stealth Rock
|
|-heal|p2a: Clefable|394\/394|[from] item: Leftovers
|turn|30
|
|switch|p1a: Battletoads|Toxicroak, M|258\/307
|-damage|p1a: Battletoads|239\/307|[from] Stealth Rock
|move|p2a: Clefable|Heal Bell|p2a: Clefable
|-cureteam|p2a: Clefable|[from] move: HealBell
|
|turn|31
|
|switch|p2a: Uxie|Uxie|354\/354
|-damage|p2a: Uxie|310\/354|[from] Stealth Rock
|move|p1a: Battletoads|Low Kick|p2a: Uxie
|-resisted|p2a: Uxie
|-damage|p2a: Uxie|298\/354
|-damage|p1a: Battletoads|209\/307|[from] item: Life Orb
|
|-heal|p2a: Uxie|320\/354|[from] item: Leftovers
|turn|32
|
|switch|p1a: Playdol|Claydol|304\/324
|-damage|p1a: Playdol|284\/324|[from] Stealth Rock
|move|p2a: Uxie|U-turn|p1a: Playdol
|-supereffective|p1a: Playdol
|-damage|p1a: Playdol|228\/324
|
|switch|p2a: Clefable|Clefable, F|394\/394
|
|turn|33
|
|move|p1a: Playdol|Rapid Spin|p2a: Clefable
|-damage|p2a: Clefable|380\/394
|-sideend|p1: Rayoflightning|Stealth Rock|[from] move: Rapid Spin|[of] p1a: Playdol
|move|p2a: Clefable|Ice Beam|p1a: Playdol
|-supereffective|p1a: Playdol
|-damage|p1a: Playdol|120\/324
|
|-heal|p2a: Clefable|394\/394|[from] item: Leftovers
|turn|34
|
|switch|p1a: Trolololol|Clefable, F|394\/394 brn
|move|p2a: Clefable|Ice Beam|p1a: Trolololol
|-damage|p1a: Trolololol|346\/394 brn
|
|turn|35
|
|move|p2a: Clefable|Seismic Toss|p1a: Trolololol
|-damage|p1a: Trolololol|246\/394 brn
|move|p1a: Trolololol|Thunder Wave|p2a: Clefable
|-status|p2a: Clefable|par
|
|turn|36
|
|switch|p2a: Blaziken|Blaziken, M|301\/301
|-damage|p2a: Blaziken|251\/301|[from] Spikes
|-damage|p2a: Blaziken|214\/301|[from] Stealth Rock
|move|p1a: Trolololol|Soft-Boiled|p1a: Trolololol
|-heal|p1a: Trolololol|394\/394 brn
|
|turn|37
|
|switch|p1a: Blaze Heatnix|Moltres|321\/321
|-ability|p1a: Blaze Heatnix|Pressure
|move|p2a: Blaziken|Fire Blast|p1a: Blaze Heatnix
|-resisted|p1a: Blaze Heatnix
|-damage|p1a: Blaze Heatnix|175\/321
|-damage|p2a: Blaziken|184\/301|[from] item: Life Orb
|
|turn|38
|
|switch|p2a: Clefable|Clefable, F|394\/394 par
|move|p1a: Blaze Heatnix|U-turn|p2a: Clefable
|-damage|p2a: Clefable|334\/394 par
|
|switch|p1a: Missy Elliot|Mismagius, F|87\/262
|
|-heal|p1a: Missy Elliot|103\/262|[from] item: Leftovers
|-heal|p2a: Clefable|358\/394 par|[from] item: Leftovers
|turn|39
|
|move|p1a: Missy Elliot|Substitute|p1a: Missy Elliot
|-start|p1a: Missy Elliot|Substitute
|-damage|p1a: Missy Elliot|38\/262
|move|p2a: Clefable|Ice Beam|p1a: Missy Elliot
|-activate|p1a: Missy Elliot|Substitute|[damage]
|
|-heal|p1a: Missy Elliot|54\/262|[from] item: Leftovers
|-heal|p2a: Clefable|382\/394 par|[from] item: Leftovers
|turn|40
|
|switch|p2a: Uxie|Uxie|320\/354
|-damage|p2a: Uxie|276\/354|[from] Stealth Rock
|move|p1a: Missy Elliot|Nasty Plot|p1a: Missy Elliot
|-boost|p1a: Missy Elliot|spa|2
|
|-heal|p1a: Missy Elliot|70\/262|[from] item: Leftovers
|-heal|p2a: Uxie|298\/354|[from] item: Leftovers
|turn|41
|
|move|p1a: Missy Elliot|Shadow Ball|p2a: Uxie
|-supereffective|p2a: Uxie
|-damage|p2a: Uxie|0 fnt
|faint|p2a: Uxie
|
|-heal|p1a: Missy Elliot|86\/262|[from] item: Leftovers
|
|switch|p2a: Mismagius|Mismagius, F|262\/262
|-damage|p2a: Mismagius|230\/262|[from] Stealth Rock
|turn|42
|
|move|p1a: Missy Elliot|Shadow Ball|p2a: Mismagius
|-supereffective|p2a: Mismagius
|-damage|p2a: Mismagius|0 fnt
|faint|p2a: Mismagius
|
|-heal|p1a: Missy Elliot|102\/262|[from] item: Leftovers
|
|switch|p2a: Clefable|Clefable, F|382\/394 par
|turn|43
|
|move|p1a: Missy Elliot|Hidden Power|p2a: Clefable
|-supereffective|p2a: Clefable
|-damage|p2a: Clefable|146\/394 par
|move|p2a: Clefable|Heal Bell|p2a: Clefable
|-cureteam|p2a: Clefable|[from] move: HealBell
|
|-heal|p1a: Missy Elliot|118\/262|[from] item: Leftovers
|-heal|p2a: Clefable|170\/394|[from] item: Leftovers
|turn|44
|
|move|p1a: Missy Elliot|Hidden Power|p2a: Clefable
|-supereffective|p2a: Clefable
|-damage|p2a: Clefable|0 fnt
|faint|p2a: Clefable
|
|-heal|p1a: Missy Elliot|134\/262|[from] item: Leftovers
|
|switch|p2a: Blaziken|Blaziken, M|184\/301
|-damage|p2a: Blaziken|134\/301|[from] Spikes
|-damage|p2a: Blaziken|97\/301|[from] Stealth Rock
|turn|45
|
|move|p1a: Missy Elliot|Shadow Ball|p2a: Blaziken
|-crit|p2a: Blaziken
|-damage|p2a: Blaziken|0 fnt
|faint|p2a: Blaziken
|
|win|Rayoflightning
|chat|Rayoflightning|gg