|join|Rayoflightning
|join|LilDurkXOTF
|player|p1|Rayoflightning|80
|player|p2|LilDurkXOTF|167
|gametype|singles
|gen|4
|tier|[Gen 4] UU
|rule|Sleep Clause Mod: Limit one foe put to sleep
|rule|Species Clause: Limit one of each Pokemon
|rule|OHKO Clause: OHKO moves are banned
|rule|Moody Clause: Moody is banned
|rule|Evasion Moves Clause: Evasion moves are banned
|rule|Endless Battle Clause: Forcing endless battles is banned
|rule|HP Percentage Mod: HP is reported as percentages
|
|start
|switch|p1a: Vagina|Cloyster, F|287\/287
|switch|p2a: Rhyperior|Rhyperior, F|434\/434
|turn|1
|join|Darklordprinny
|join|Rykard
|
|switch|p1a: Playdol|Claydol|324\/324
|move|p2a: Rhyperior|Roar|p1a: Playdol
|drag|p1a: Vagina|Cloyster, F|287\/287
|
|turn|2
|join|milkshakercow
|join|charizardthree
|
|move|p1a: Vagina|Spikes|p2a: Rhyperior
|-sidestart|p2: LilDurkXOTF|Spikes
|move|p2a: Rhyperior|Rock Blast|p1a: Vagina
|-supereffective|p1a: Vagina
|-damage|p1a: Vagina|227\/287
|-supereffective|p1a: Vagina
|-damage|p1a: Vagina|177\/287
|-supereffective|p1a: Vagina
|-damage|p1a: Vagina|117\/287
|-supereffective|p1a: Vagina
|-damage|p1a: Vagina|63\/287
|-supereffective|p1a: Vagina
|-damage|p1a: Vagina|13\/287
|-hitcount|p1a: Vagina|5
|
|turn|3
|join|KoalaBroz
|join|Swagicles
|leave|KoalaBroz
|
|move|p1a: Vagina|Ice Shard|p2a: Rhyperior
|-supereffective|p2a: Rhyperior
|-damage|p2a: Rhyperior|334\/434
|-damage|p1a: Vagina|0 fnt|[from] item: Life Orb
|faint|p1a: Vagina
|move|p2a: Rhyperior|Earthquake|p1: Vagina|[notarget]
|-notarget
|
|-heal|p2a: Rhyperior|361\/434|[from] item: Leftovers
|join|pokemonmanstuff
|chat|milkshakercow|lol vag
|leave|milkshakercow
|
|switch|p1a: Playdol|Claydol|324\/324
|turn|4
|join|SuperPokeTrainer
|
|switch|p2a: Venusaur|Venusaur, M|301\/301
|-damage|p2a: Venusaur|264\/301|[from] Spikes
|move|p1a: Playdol|Stealth Rock|p2a: Venusaur
|-sidestart|p2: LilDurkXOTF|move: Stealth Rock
|
|turn|5
|
|switch|p1a: Trolololol|Clefable, F|394\/394
|move|p2a: Venusaur|Leaf Storm|p1a: Trolololol
|-damage|p1a: Trolololol|121\/394
|-unboost|p2a: Venusaur|spa|2
|
|-status|p1a: Trolololol|brn|[from] item: Flame Orb
|turn|6
|
|move|p2a: Venusaur|Leaf Storm|p1a: Trolololol
|-damage|p1a: Trolololol|0 fnt
|-unboost|p2a: Venusaur|spa|2
|faint|p1a: Trolololol
|
|
|switch|p1a: Blaze Heatnix|Moltres|321\/321
|-ability|p1a: Blaze Heatnix|Pressure
|turn|7
|join|vintagekola
|
|switch|p2a: Slowbro|Slowbro, M|394\/394
|-damage|p2a: Slowbro|345\/394|[from] Stealth Rock
|-damage|p2a: Slowbro|296\/394|[from] Spikes
|move|p1a: Blaze Heatnix|U-turn|p2a: Slowbro
|-supereffective|p2a: Slowbro
|-damage|p2a: Slowbro|224\/394
|
|switch|p1a: Missy Elliot|Mismagius, F|262\/262
|
|-heal|p2a: Slowbro|248\/394|[from] item: Leftovers
|turn|8
|leave|vintagekola
|
|move|p1a: Missy Elliot|Shadow Ball|p2a: Slowbro
|-supereffective|p2a: Slowbro
|-damage|p2a: Slowbro|0 fnt
|faint|p2a: Slowbro
|
|
|switch|p2a: Blaziken|Blaziken, F|301\/301
|-damage|p2a: Blaziken|264\/301|[from] Spikes
|-damage|p2a: Blaziken|227\/301|[from] Stealth Rock
|turn|9
|
|move|p1a: Missy Elliot|Substitute|p1a: Missy Elliot
|-start|p1a: Missy Elliot|Substitute
|-damage|p1a: Missy Elliot|197\/262
|move|p2a: Blaziken|Fire Blast|p1a: Missy Elliot|[miss]
|-miss|p2a: Blaziken|p1a: Missy Elliot
|
|-heal|p1a: Missy Elliot|213\/262|[from] item: Leftovers
|turn|10
|chat|LilDurkXOTF|GG
|
|move|p1a: Missy Elliot|Nasty Plot|p1a: Missy Elliot
|-boost|p1a: Missy Elliot|spa|2
|move|p2a: Blaziken|Fire Blast|p1a: Missy Elliot
|-end|p1a: Missy Elliot|Substitute
|
|-heal|p1a: Missy Elliot|229\/262|[from] item: Leftovers
|turn|11
|
|move|p1a: Missy Elliot|Shadow Ball|p2a: Blaziken
|-damage|p2a: Blaziken|0 fnt
|faint|p2a: Blaziken
|
|-heal|p1a: Missy Elliot|245\/262|[from] item: Leftovers
|
|switch|p2a: Rhyperior|Rhyperior, F|361\/434
|-damage|p2a: Rhyperior|334\/434|[from] Stealth Rock
|-damage|p2a: Rhyperior|280\/434|[from] Spikes
|turn|12
|chat|Rayoflightning|dang that sucks
|
|move|p1a: Missy Elliot|Shadow Ball|p2a: Rhyperior
|-damage|p2a: Rhyperior|10\/434
|move|p2a: Rhyperior|Roar|p1a: Missy Elliot
|drag|p1a: Playdol|Claydol|324\/324
|
|-heal|p2a: Rhyperior|37\/434|[from] item: Leftovers
|turn|13
|chat|LilDurkXOTF|I lose to Moltres because of that mis
|chat|LilDurkXOTF|I can't seem to catch a break
|
|move|p1a: Playdol|Psychic|p2a: Rhyperior
|-damage|p2a: Rhyperior|0 fnt
|faint|p2a: Rhyperior
|
|
|switch|p2a: Mismagius|Mismagius, F|262\/262
|-damage|p2a: Mismagius|230\/262|[from] Stealth Rock
|turn|14
|chat|Rayoflightning|sorry man
|
|move|p2a: Mismagius|Nasty Plot|p2a: Mismagius
|-boost|p2a: Mismagius|spa|2
|move|p1a: Playdol|Psychic|p2a: Mismagius
|-crit|p2a: Mismagius
|-damage|p2a: Mismagius|58\/262
|
|-heal|p2a: Mismagius|74\/262|[from] item: Leftovers
|turn|15
|
|move|p2a: Mismagius|Shadow Ball|p1a: Playdol
|-supereffective|p1a: Playdol
|-damage|p1a: Playdol|0 fnt
|faint|p1a: Playdol
|
|-heal|p2a: Mismagius|90\/262|[from] item: Leftovers
|
|switch|p1a: Blaze Heatnix|Moltres|321\/321
|-ability|p1a: Blaze Heatnix|Pressure
|turn|16
|chat|LilDurkXOTF|I Had a chance again had you not crit me
|chat|SuperPokeTrainer|lol
|
|move|p1a: Blaze Heatnix|Fire Blast|p2a: Mismagius
|-damage|p2a: Mismagius|0 fnt
|faint|p2a: Mismagius
|
|chat|Rayoflightning|yeah i know
|
|switch|p2a: Hitmontop|Hitmontop, M|304\/304
|-damage|p2a: Hitmontop|266\/304|[from] Spikes
|-damage|p2a: Hitmontop|247\/304|[from] Stealth Rock
|-ability|p2a: Hitmontop|Intimidate|[of] p1a: Blaze Heatnix
|-unboost|p1a: Blaze Heatnix|atk|1
|turn|17
|
|switch|p1a: Battletoads|Toxicroak, M|307\/307
|move|p2a: Hitmontop|Toxic|p1a: Battletoads|[miss]
|-miss|p2a: Hitmontop|p1a: Battletoads
|
|-heal|p2a: Hitmontop|266\/304|[from] item: Leftovers
|turn|18
|chat|SuperPokeTrainer|gg
|chat|LilDurkXOTF|Can I forfeit?
|chat|Rykard|no
|join|SuperParadox
|chat|LilDurkXOTF|Lol ok
|
|move|p1a: Battletoads|Swords Dance|p1a: Battletoads
|-boost|p1a: Battletoads|atk|2
|move|p2a: Hitmontop|Rapid Spin|p1a: Battletoads
|-damage|p1a: Battletoads|284\/307
|-sideend|p2: LilDurkXOTF|Spikes|[from] move: Rapid Spin|[of] p2a: Hitmontop
|-sideend|p2: LilDurkXOTF|Stealth Rock|[from] move: Rapid Spin|[of] p2a: Hitmontop
|
|-heal|p2a: Hitmontop|285\/304|[from] item: Leftovers
|turn|19
|
|move|p1a: Battletoads|Ice Punch|p2a: Hitmontop
|-damage|p2a: Hitmontop|139\/304
|-status|p2a: Hitmontop|frz
|-damage|p1a: Battletoads|254\/307|[from] item: Life Orb
|cant|p2a: Hitmontop|frz
|
|-heal|p2a: Hitmontop|158\/304 frz|[from] item: Leftovers
|turn|20
|chat|LilDurkXOTF|NICE!
|leave|pokemonmanstuff
|chat|LilDurkXOTF|Kick me while I'm down
|
|move|p1a: Battletoads|Low Kick|p2a: Hitmontop
|-damage|p2a: Hitmontop|0 fnt
|-damage|p1a: Battletoads|224\/307|[from] item: Life Orb
|faint|p2a: Hitmontop
|
|
|switch|p2a: Venusaur|Venusaur, M|264\/301
|turn|21
|
|move|p1a: Battletoads|Ice Punch|p2a: Venusaur
|-supereffective|p2a: Venusaur
|-damage|p2a: Venusaur|0 fnt
|-damage|p1a: Battletoads|194\/307|[from] item: Life Orb
|faint|p2a: Venusaur
|
|win|Rayoflightning
|leave|SuperPokeTrainer
|leave|LilDurkXOTF
|player|p2
|leave|Darklordprinny
|leave|Swagicles