|join|Rayoflightning
|join|DarkMuffins
|player|p1|Rayoflightning|80
|player|p2|DarkMuffins|106
|gametype|singles
|gen|4
|tier|[Gen 4] UU
|rule|Sleep Clause Mod: Limit one foe put to sleep
|rule|Species Clause: Limit one of each Pokemon
|rule|OHKO Clause: OHKO moves are banned
|rule|Moody Clause: Moody is banned
|rule|Evasion Moves Clause: Evasion moves are banned
|rule|Endless Battle Clause: Forcing endless battles is banned
|rule|HP Percentage Mod: HP is reported as percentages
|
|start
|switch|p1a: Vagina|Cloyster, F|287\/287
|switch|p2a: Registeel|Registeel|364\/364
|turn|1
|
|switch|p1a: Playdol|Claydol|324\/324
|move|p2a: Registeel|Gravity|p2a: Registeel
|-fieldstart|move: Gravity
|
|turn|2
|
|move|p1a: Playdol|Stealth Rock|p2a: Registeel
|-sidestart|p2: DarkMuffins|move: Stealth Rock
|move|p2a: Registeel|Stealth Rock|p1a: Playdol
|-sidestart|p1: Rayoflightning|move: Stealth Rock
|
|turn|3
|
|move|p1a: Playdol|Earth Power|p2a: Registeel
|-supereffective|p2a: Registeel
|-damage|p2a: Registeel|254\/364
|move|p2a: Registeel|Dynamic Punch|p1a: Playdol|[miss]
|-miss|p2a: Registeel|p1a: Playdol
|
|-heal|p2a: Registeel|276\/364|[from] item: Leftovers
|turn|4
|
|move|p1a: Playdol|Earth Power|p2a: Registeel
|-supereffective|p2a: Registeel
|-damage|p2a: Registeel|166\/364
|move|p2a: Registeel|Dynamic Punch|p1a: Playdol
|-resisted|p1a: Playdol
|-damage|p1a: Playdol|300\/324
|-start|p1a: Playdol|confusion
|
|-heal|p1a: Playdol|320\/324|[from] item: Leftovers
|-heal|p2a: Registeel|188\/364|[from] item: Leftovers
|turn|5
|
|switch|p2a: Cradily|Cradily, F|375\/375
|-damage|p2a: Cradily|329\/375|[from] Stealth Rock
|-activate|p1a: Playdol|confusion
|move|p1a: Playdol|Earth Power|p2a: Cradily
|-crit|p2a: Cradily
|-damage|p2a: Cradily|193\/375
|
|-heal|p1a: Playdol|324\/324|[from] item: Leftovers
|-heal|p2a: Cradily|216\/375|[from] item: Leftovers
|-fieldend|move: Gravity
|turn|6
|
|switch|p1a: Battletoads|Toxicroak, M|307\/307
|-damage|p1a: Battletoads|288\/307|[from] Stealth Rock
|move|p2a: Cradily|Toxic|p1a: Battletoads|[miss]
|-miss|p2a: Cradily|p1a: Battletoads
|
|-heal|p2a: Cradily|239\/375|[from] item: Leftovers
|turn|7
|
|switch|p2a: Registeel|Registeel|188\/364
|-damage|p2a: Registeel|166\/364|[from] Stealth Rock
|move|p1a: Battletoads|Ice Punch|p2a: Registeel
|-resisted|p2a: Registeel
|-damage|p2a: Registeel|124\/364
|-status|p2a: Registeel|frz
|-damage|p1a: Battletoads|258\/307|[from] item: Life Orb
|
|-heal|p2a: Registeel|146\/364 frz|[from] item: Leftovers
|turn|8
|
|move|p1a: Battletoads|Low Kick|p2a: Registeel
|-supereffective|p2a: Registeel
|-damage|p2a: Registeel|0 fnt
|-damage|p1a: Battletoads|228\/307|[from] item: Life Orb
|faint|p2a: Registeel
|
|
|switch|p2a: Arcanine|Arcanine, M|321\/321
|-damage|p2a: Arcanine|241\/321|[from] Stealth Rock
|turn|9
|
|switch|p1a: Playdol|Claydol|324\/324
|-damage|p1a: Playdol|304\/324|[from] Stealth Rock
|move|p2a: Arcanine|Flare Blitz|p1a: Playdol
|-damage|p1a: Playdol|130\/324
|-damage|p2a: Arcanine|184\/321|[from] recoil|[of] p1a: Playdol
|
|-heal|p1a: Playdol|150\/324|[from] item: Leftovers
|turn|10
|
|switch|p1a: Vagina|Cloyster, F|287\/287
|-damage|p1a: Vagina|216\/287|[from] Stealth Rock
|move|p2a: Arcanine|Flare Blitz|p1a: Vagina
|-crit|p1a: Vagina
|-damage|p1a: Vagina|0 fnt
|-damage|p2a: Arcanine|113\/321|[from] recoil|[of] p1a: Vagina
|faint|p1a: Vagina
|
|
|switch|p1a: Blaze Heatnix|Moltres|321\/321
|-damage|p1a: Blaze Heatnix|161\/321|[from] Stealth Rock
|-ability|p1a: Blaze Heatnix|Pressure
|turn|11
|
|move|p1a: Blaze Heatnix|Air Slash|p2a: Arcanine
|-damage|p2a: Arcanine|0 fnt
|faint|p2a: Arcanine
|
|join|Rykard
|
|switch|p2a: Cradily|Cradily, F|239\/375
|-damage|p2a: Cradily|193\/375|[from] Stealth Rock
|turn|12
|
|switch|p1a: Battletoads|Toxicroak, M|228\/307
|-damage|p1a: Battletoads|209\/307|[from] Stealth Rock
|move|p2a: Cradily|Rock Slide|p1a: Battletoads
|-resisted|p1a: Battletoads
|-damage|p1a: Battletoads|158\/307
|
|-heal|p2a: Cradily|216\/375|[from] item: Leftovers
|turn|13
|
|move|p1a: Battletoads|Low Kick|p2a: Cradily
|-supereffective|p2a: Cradily
|-damage|p2a: Cradily|0 fnt
|-damage|p1a: Battletoads|128\/307|[from] item: Life Orb
|faint|p2a: Cradily
|
|
|switch|p2a: Mismagius|Mismagius, F|262\/262
|-damage|p2a: Mismagius|230\/262|[from] Stealth Rock
|turn|14
|
|switch|p1a: Trolololol|Clefable, F|394\/394
|move|p2a: Mismagius|Substitute|p2a: Mismagius
|-start|p2a: Mismagius|Substitute
|-damage|p2a: Mismagius|165\/262
|
|-heal|p2a: Mismagius|181\/262|[from] item: Leftovers
|-status|p1a: Trolololol|brn|[from] item: Flame Orb
|turn|15
|
|move|p2a: Mismagius|Nasty Plot|p2a: Mismagius
|-boost|p2a: Mismagius|spa|2
|move|p1a: Trolololol|Encore|p2a: Mismagius
|-start|p2a: Mismagius|Encore
|
|-heal|p2a: Mismagius|197\/262|[from] item: Leftovers
|turn|16
|
|switch|p1a: Battletoads|Toxicroak, M|128\/307
|-damage|p1a: Battletoads|109\/307|[from] Stealth Rock
|move|p2a: Mismagius|Nasty Plot|p2a: Mismagius
|-boost|p2a: Mismagius|spa|2
|
|-heal|p2a: Mismagius|213\/262|[from] item: Leftovers
|turn|17
|
|switch|p2a: Weezing|Weezing, M|334\/334
|-damage|p2a: Weezing|293\/334|[from] Stealth Rock
|move|p1a: Battletoads|Ice Punch|p2a: Weezing
|-damage|p2a: Weezing|234\/334
|-damage|p1a: Battletoads|79\/307|[from] item: Life Orb
|
|-heal|p2a: Weezing|254\/334|[from] item: Black Sludge
|turn|18
|
|switch|p1a: Playdol|Claydol|150\/324
|-damage|p1a: Playdol|130\/324|[from] Stealth Rock
|move|p2a: Weezing|Will-O-Wisp|p1a: Playdol|[miss]
|-miss|p2a: Weezing|p1a: Playdol
|
|-heal|p1a: Playdol|150\/324|[from] item: Leftovers
|-heal|p2a: Weezing|274\/334|[from] item: Black Sludge
|turn|19
|
|move|p1a: Playdol|Psychic|p2a: Weezing
|-supereffective|p2a: Weezing
|-damage|p2a: Weezing|38\/334
|move|p2a: Weezing|Will-O-Wisp|p1a: Playdol
|-status|p1a: Playdol|brn
|
|-heal|p1a: Playdol|170\/324 brn|[from] item: Leftovers
|-heal|p2a: Weezing|58\/334|[from] item: Black Sludge
|-damage|p1a: Playdol|130\/324 brn|[from] brn
|turn|20
|
|move|p1a: Playdol|Rapid Spin|p2a: Weezing
|-damage|p2a: Weezing|54\/334
|-sideend|p1: Rayoflightning|Stealth Rock|[from] move: Rapid Spin|[of] p1a: Playdol
|move|p2a: Weezing|Sludge Bomb|p1a: Playdol
|-resisted|p1a: Playdol
|-damage|p1a: Playdol|92\/324 brn
|
|-heal|p1a: Playdol|112\/324 brn|[from] item: Leftovers
|-heal|p2a: Weezing|74\/334|[from] item: Black Sludge
|-damage|p1a: Playdol|72\/324 brn|[from] brn
|turn|21
|
|move|p1a: Playdol|Psychic|p2a: Weezing
|-supereffective|p2a: Weezing
|-damage|p2a: Weezing|0 fnt
|faint|p2a: Weezing
|
|-heal|p1a: Playdol|92\/324 brn|[from] item: Leftovers
|-damage|p1a: Playdol|52\/324 brn|[from] brn
|
|switch|p2a: Mismagius|Mismagius, F|213\/262
|-damage|p2a: Mismagius|181\/262|[from] Stealth Rock
|turn|22
|
|move|p2a: Mismagius|Substitute|p2a: Mismagius
|-start|p2a: Mismagius|Substitute
|-damage|p2a: Mismagius|116\/262
|move|p1a: Playdol|Psychic|p2a: Mismagius
|-end|p2a: Mismagius|Substitute
|
|-heal|p2a: Mismagius|132\/262|[from] item: Leftovers
|-heal|p1a: Playdol|72\/324 brn|[from] item: Leftovers
|-damage|p1a: Playdol|32\/324 brn|[from] brn
|turn|23
|
|move|p2a: Mismagius|Shadow Ball|p1a: Playdol
|-supereffective|p1a: Playdol
|-damage|p1a: Playdol|0 fnt
|faint|p1a: Playdol
|
|-heal|p2a: Mismagius|148\/262|[from] item: Leftovers
|
|switch|p1a: Blaze Heatnix|Moltres|161\/321
|-ability|p1a: Blaze Heatnix|Pressure
|turn|24
|
|move|p1a: Blaze Heatnix|Fire Blast|p2a: Mismagius
|-damage|p2a: Mismagius|0 fnt
|faint|p2a: Mismagius
|
|
|switch|p2a: Sceptile|Sceptile, F|282\/282
|-damage|p2a: Sceptile|247\/282|[from] Stealth Rock
|turn|25
|
|move|p1a: Blaze Heatnix|Fire Blast|p2a: Sceptile
|-supereffective|p2a: Sceptile
|-damage|p2a: Sceptile|0 fnt
|faint|p2a: Sceptile
|
|win|Rayoflightning
|chat|Rayoflightning|gg