|join|LilDurkXOTF
|join|Rayoflightning
|player|p1|LilDurkXOTF|167
|player|p2|Rayoflightning|80
|gametype|singles
|gen|4
|tier|[Gen 4] UU
|rule|Sleep Clause Mod: Limit one foe put to sleep
|rule|Species Clause: Limit one of each Pokemon
|rule|OHKO Clause: OHKO moves are banned
|rule|Moody Clause: Moody is banned
|rule|Evasion Moves Clause: Evasion moves are banned
|rule|Endless Battle Clause: Forcing endless battles is banned
|rule|HP Percentage Mod: HP is reported as percentages
|
|start
|switch|p1a: Rhyperior|Rhyperior, M|434\/434
|switch|p2a: Vagina|Cloyster, F|287\/287
|turn|1
|join|Darklordprinny
|join|Rykard
|
|move|p2a: Vagina|Spikes|p1a: Rhyperior
|-sidestart|p1: LilDurkXOTF|Spikes
|move|p1a: Rhyperior|Stealth Rock|p2a: Vagina
|-sidestart|p2: Rayoflightning|move: Stealth Rock
|
|turn|2
|join|TheBlickachu
|join|Adisobedientfruit
|join|Swagicles
|
|move|p2a: Vagina|Spikes|p1a: Rhyperior
|-sidestart|p1: LilDurkXOTF|Spikes
|move|p1a: Rhyperior|Rock Blast|p2a: Vagina
|-supereffective|p2a: Vagina
|-damage|p2a: Vagina|231\/287
|-supereffective|p2a: Vagina
|-damage|p2a: Vagina|181\/287
|-hitcount|p2a: Vagina|2
|
|turn|3
|join|ImBaconBoy
|leave|Adisobedientfruit
|
|switch|p2a: Playdol|Claydol|324\/324
|-damage|p2a: Playdol|304\/324|[from] Stealth Rock
|move|p1a: Rhyperior|Rock Blast|p2a: Playdol
|-resisted|p2a: Playdol
|-damage|p2a: Playdol|287\/324
|-resisted|p2a: Playdol
|-damage|p2a: Playdol|272\/324
|-resisted|p2a: Playdol
|-damage|p2a: Playdol|257\/324
|-resisted|p2a: Playdol
|-damage|p2a: Playdol|242\/324
|-resisted|p2a: Playdol
|-damage|p2a: Playdol|224\/324
|-hitcount|p2a: Playdol|5
|
|-heal|p2a: Playdol|244\/324|[from] item: Leftovers
|turn|4
|leave|TheBlickachu
|
|switch|p1a: Venusaur|Venusaur, F|301\/301
|-damage|p1a: Venusaur|251\/301|[from] Spikes
|move|p2a: Playdol|Stealth Rock|p1a: Venusaur
|-sidestart|p1: LilDurkXOTF|move: Stealth Rock
|
|-heal|p2a: Playdol|264\/324|[from] item: Leftovers
|turn|5
|join|charizardthree
|
|switch|p2a: Trolololol|Clefable, F|394\/394
|move|p1a: Venusaur|Giga Drain|p2a: Trolololol
|-damage|p2a: Trolololol|283\/394
|-heal|p1a: Venusaur|301\/301|[from] drain|[of] p2a: Trolololol
|
|-status|p2a: Trolololol|brn|[from] item: Flame Orb
|turn|6
|
|move|p1a: Venusaur|Giga Drain|p2a: Trolololol
|-damage|p2a: Trolololol|168\/394 brn
|move|p2a: Trolololol|Thunder Wave|p1a: Venusaur
|-status|p1a: Venusaur|par
|
|turn|7
|
|switch|p1a: Blaziken|Blaziken, F|301\/301
|-damage|p1a: Blaziken|251\/301|[from] Spikes
|-damage|p1a: Blaziken|214\/301|[from] Stealth Rock
|move|p2a: Trolololol|Soft-Boiled|p2a: Trolololol
|-heal|p2a: Trolololol|365\/394 brn
|
|turn|8
|chat|ImBaconBoy|blaziken is uu in 4th gen?
|chat|ImBaconBoy|lol
|
|switch|p2a: Playdol|Claydol|264\/324
|-damage|p2a: Playdol|244\/324|[from] Stealth Rock
|move|p1a: Blaziken|Fire Blast|p2a: Playdol
|-damage|p2a: Playdol|12\/324
|-damage|p1a: Blaziken|184\/301|[from] item: Life Orb
|
|-heal|p2a: Playdol|32\/324|[from] item: Leftovers
|turn|9
|
|move|p1a: Blaziken|Hidden Power|p2a: Playdol
|-supereffective|p2a: Playdol
|-damage|p2a: Playdol|0 fnt
|-damage|p1a: Blaziken|154\/301|[from] item: Life Orb
|faint|p2a: Playdol
|
|
|switch|p2a: Missy Elliot|Mismagius, F|262\/262
|-damage|p2a: Missy Elliot|230\/262|[from] Stealth Rock
|turn|10
|
|move|p2a: Missy Elliot|Shadow Ball|p1a: Blaziken
|-damage|p1a: Blaziken|1\/301
|move|p1a: Blaziken|Fire Blast|p2a: Missy Elliot
|-crit|p2a: Missy Elliot
|-damage|p2a: Missy Elliot|0 fnt
|-damage|p1a: Blaziken|0 fnt|[from] item: Life Orb
|faint|p2a: Missy Elliot
|faint|p1a: Blaziken
|
|
|switch|p2a: Vagina|Cloyster, F|181\/287
|-damage|p2a: Vagina|110\/287|[from] Stealth Rock
|switch|p1a: Hitmontop|Hitmontop, M|304\/304
|-damage|p1a: Hitmontop|285\/304|[from] Stealth Rock
|-damage|p1a: Hitmontop|235\/304|[from] Spikes
|-ability|p1a: Hitmontop|Intimidate|[of] p2a: Vagina
|-unboost|p2a: Vagina|atk|1
|turn|11
|
|switch|p1a: Mismagius|Mismagius, M|262\/262
|-damage|p1a: Mismagius|230\/262|[from] Stealth Rock
|move|p2a: Vagina|Explosion|p1a: Mismagius
|-immune|p1a: Mismagius|[msg]
|faint|p2a: Vagina
|
|-heal|p1a: Mismagius|246\/262|[from] item: Leftovers
|
|switch|p2a: Trolololol|Clefable, F|365\/394 brn
|turn|12
|
|switch|p1a: Venusaur|Venusaur, F|301\/301 par
|-damage|p1a: Venusaur|264\/301 par|[from] Stealth Rock
|-damage|p1a: Venusaur|214\/301 par|[from] Spikes
|move|p2a: Trolololol|Seismic Toss|p1a: Venusaur
|-damage|p1a: Venusaur|114\/301 par
|
|turn|13
|
|move|p2a: Trolololol|Seismic Toss|p1a: Venusaur
|-damage|p1a: Venusaur|14\/301 par
|move|p1a: Venusaur|Giga Drain|p2a: Trolololol
|-damage|p2a: Trolololol|208\/394 brn
|-heal|p1a: Venusaur|93\/301 par|[from] drain|[of] p2a: Trolololol
|
|turn|14
|
|move|p2a: Trolololol|Seismic Toss|p1a: Venusaur
|-damage|p1a: Venusaur|0 fnt
|faint|p1a: Venusaur
|
|
|switch|p1a: Hitmontop|Hitmontop, M|235\/304
|-damage|p1a: Hitmontop|216\/304|[from] Stealth Rock
|-damage|p1a: Hitmontop|166\/304|[from] Spikes
|-ability|p1a: Hitmontop|Intimidate|[of] p2a: Trolololol
|-unboost|p2a: Trolololol|atk|1
|turn|15
|join|Numerator
|leave|ImBaconBoy
|chat|Numerator|Bacon you need to battle Shadown1ne
|
|switch|p2a: Battletoads|Toxicroak, M|307\/307
|-damage|p2a: Battletoads|288\/307|[from] Stealth Rock
|move|p1a: Hitmontop|Rapid Spin|p2a: Battletoads
|-damage|p2a: Battletoads|265\/307
|-sideend|p1: LilDurkXOTF|Spikes|[from] move: Rapid Spin|[of] p1a: Hitmontop
|-sideend|p1: LilDurkXOTF|Stealth Rock|[from] move: Rapid Spin|[of] p1a: Hitmontop
|
|-heal|p1a: Hitmontop|185\/304|[from] item: Leftovers
|turn|16
|
|switch|p1a: Slowbro|Slowbro, F|394\/394
|move|p2a: Battletoads|Swords Dance|p2a: Battletoads
|-boost|p2a: Battletoads|atk|2
|
|turn|17
|chat|Numerator|shadownin13
|chat|Numerator|*
|leave|Numerator
|
|move|p2a: Battletoads|Sucker Punch|p1a: Slowbro
|-supereffective|p1a: Slowbro
|-damage|p1a: Slowbro|90\/394
|-damage|p2a: Battletoads|235\/307|[from] item: Life Orb
|move|p1a: Slowbro|Psychic|p2a: Battletoads
|-supereffective|p2a: Battletoads
|-damage|p2a: Battletoads|0 fnt
|faint|p2a: Battletoads
|
|-heal|p1a: Slowbro|114\/394|[from] item: Leftovers
|
|switch|p2a: Trolololol|Clefable, F|208\/394 brn
|turn|18
|
|switch|p1a: Hitmontop|Hitmontop, M|185\/304
|-ability|p1a: Hitmontop|Intimidate|[of] p2a: Trolololol
|-unboost|p2a: Trolololol|atk|1
|move|p2a: Trolololol|Seismic Toss|p1a: Hitmontop
|-damage|p1a: Hitmontop|85\/304
|
|-heal|p1a: Hitmontop|104\/304|[from] item: Leftovers
|turn|19
|
|move|p1a: Hitmontop|Close Combat|p2a: Trolololol
|-supereffective|p2a: Trolololol
|-damage|p2a: Trolololol|0 fnt
|-unboost|p1a: Hitmontop|def|1
|-unboost|p1a: Hitmontop|spd|1
|faint|p2a: Trolololol
|
|-heal|p1a: Hitmontop|123\/304|[from] item: Leftovers
|
|switch|p2a: Blaze Heatnix|Moltres|321\/321
|-damage|p2a: Blaze Heatnix|161\/321|[from] Stealth Rock
|-ability|p2a: Blaze Heatnix|Pressure
|turn|20
|
|switch|p1a: Slowbro|Slowbro, F|114\/394
|move|p2a: Blaze Heatnix|Hidden Power|p1a: Slowbro
|-supereffective|p1a: Slowbro
|-damage|p1a: Slowbro|0 fnt
|faint|p1a: Slowbro
|
|
|switch|p1a: Hitmontop|Hitmontop, M|123\/304
|-ability|p1a: Hitmontop|Intimidate|[of] p2a: Blaze Heatnix
|-unboost|p2a: Blaze Heatnix|atk|1
|turn|21
|chat|LilDurkXOTF|Misclick
|
|move|p2a: Blaze Heatnix|Hidden Power|p1a: Hitmontop
|-damage|p1a: Hitmontop|49\/304
|move|p1a: Hitmontop|Toxic|p2a: Blaze Heatnix|[miss]
|-miss|p1a: Hitmontop|p2a: Blaze Heatnix
|
|-heal|p1a: Hitmontop|68\/304|[from] item: Leftovers
|turn|22
|
|move|p2a: Blaze Heatnix|Hidden Power|p1a: Hitmontop
|-damage|p1a: Hitmontop|0 fnt
|faint|p1a: Hitmontop
|
|
|switch|p1a: Rhyperior|Rhyperior, M|434\/434
|turn|23
|
|move|p2a: Blaze Heatnix|Hidden Power|p1a: Rhyperior
|-supereffective|p1a: Rhyperior
|-damage|p1a: Rhyperior|179\/434
|move|p1a: Rhyperior|Rock Blast|p2a: Blaze Heatnix
|-supereffective|p2a: Blaze Heatnix
|-damage|p2a: Blaze Heatnix|0 fnt
|-hitcount|p2a: Blaze Heatnix|1
|faint|p2a: Blaze Heatnix
|
|win|LilDurkXOTF
|chat|Rayoflightning|gg
|chat|LilDurkXOTF|gg
|chat|Rykard|ok rematch
|chat|LilDurkXOTF|Yup
|leave|LilDurkXOTF
|player|p1
|leave|charizardthree
|leave|Rayoflightning
|player|p2