|join|Rayoflightning
|join|TryHardBJ11z Test
|player|p1|Rayoflightning|170
|player|p2|TryHardBJ11z Test|102
|gametype|singles
|tier|UU
|rated
|rule|Sleep Clause: Limit one foe put to sleep
|rule|Species Clause: Limit one of each Pokemon
|rule|OHKO Clause: OHKO moves are banned
|rule|Moody Clause: Moody is banned
|rule|Evasion Moves Clause: Evasion moves are banned
|rule|Evasion Abilities Clause: Evasion abilities are banned
|clearpoke
|poke|p1|Blastoise, M
|poke|p1|Magneton
|poke|p1|Crobat, F
|poke|p1|Piloswine, F
|poke|p1|Darmanitan, F
|poke|p1|Shaymin
|poke|p2|Honchkrow, F
|poke|p2|Mew, shiny
|poke|p2|Mienshao, M, shiny
|poke|p2|Slowbro, F, shiny
|poke|p2|Snorlax, F, shiny
|poke|p2|Shaymin, shiny
|teampreview
|callback|decision
|
|start
|switch|p1a: Crobat|Crobat, F|311\/311
|switch|p2a: Mienshao|Mienshao, M, shiny|271\/271
|turn|1
|callback|decision
|
|switch|p2a: Slowbro|Slowbro, F, shiny|394\/394
|move|p1a: Crobat|Brave Bird|p2a: Slowbro
|-damage|p2a: Slowbro|223\/394
|-damage|p1a: Crobat|255\/311|[from] recoil|[of] p2a: Slowbro
|
|-heal|p2a: Slowbro|247\/394|[from] item: Leftovers
|turn|2
|callback|decision
|
|switch|p1a: Blastoise|Blastoise, M|362\/362
|move|p2a: Slowbro|Yawn|p1a: Blastoise
|-start|p1a: Blastoise|move: Yawn|[of] p2a: Slowbro
|
|-heal|p2a: Slowbro|271\/394|[from] item: Leftovers
|turn|3
|callback|decision
|
|switch|p1a: Shaymin|Shaymin|341\/341
|switch|p2a: Shaymin|Shaymin, shiny|341\/341
|
|turn|4
|callback|decision
|
|move|p2a: Shaymin|Seed Flare|p1a: Shaymin
|-resisted|p1a: Shaymin
|-damage|p1a: Shaymin|228\/341
|-damage|p2a: Shaymin|307\/341|[from] item: Life Orb
|move|p1a: Shaymin|Psychic|p2a: Shaymin
|-damage|p2a: Shaymin|191\/341
|-damage|p1a: Shaymin|194\/341|[from] item: Life Orb
|
|turn|5
|callback|decision
|
|switch|p1a: Crobat|Crobat, F|255\/311
|switch|p2a: Snorlax|Snorlax, F, shiny|461\/461
|
|turn|6
|callback|decision
|
|switch|p2a: Slowbro|Slowbro, F, shiny|394\/394
|move|p1a: Crobat|U-turn|p2a: Slowbro
|-supereffective|p2a: Slowbro
|-damage|p2a: Slowbro|262\/394
|callback|decision
|
|switch|p1a: Shaymin|Shaymin|194\/341
|
|-heal|p2a: Slowbro|286\/394|[from] item: Leftovers
|turn|7
|callback|decision
|
|switch|p2a: Snorlax|Snorlax, F, shiny|461\/461
|move|p1a: Shaymin|Seed Flare|p2a: Snorlax
|-damage|p2a: Snorlax|296\/461
|-damage|p1a: Shaymin|160\/341|[from] item: Life Orb
|
|turn|8
|callback|decision
|
|switch|p1a: Blastoise|Blastoise, M|362\/362
|move|p2a: Snorlax|Earthquake|p1a: Blastoise
|-damage|p1a: Blastoise|231\/362
|
|-heal|p1a: Blastoise|253\/362|[from] item: Leftovers
|turn|9
|callback|decision
|
|switch|p1a: Crobat|Crobat, F|255\/311
|switch|p2a: Mew|Mew, shiny|404\/404
|
|turn|10
|callback|decision
|
|move|p1a: Crobat|U-turn|p2a: Mew
|-supereffective|p2a: Mew
|-damage|p2a: Mew|198\/404
|callback|decision
|
|switch|p1a: Darmanitan|Darmanitan, F|351\/351
|move|p2a: Mew|Will-O-Wisp|p1a: Darmanitan
|
|turn|11
|callback|decision
|
|switch|p2a: Slowbro|Slowbro, F, shiny|394\/394
|move|p1a: Darmanitan|U-turn|p2a: Slowbro
|-crit|p2a: Slowbro
|-supereffective|p2a: Slowbro
|-damage|p2a: Slowbro|150\/394
|callback|decision
|
|switch|p1a: Shaymin|Shaymin|160\/341
|
|-heal|p2a: Slowbro|174\/394|[from] item: Leftovers
|turn|12
|callback|decision
|
|switch|p2a: Mew|Mew, shiny|198\/404
|move|p1a: Shaymin|Seed Flare|p2a: Mew
|-damage|p2a: Mew|0 fnt
|-damage|p1a: Shaymin|126\/341|[from] item: Life Orb
|faint|p2a: Mew
|
|callback|decision
|
|switch|p2a: Snorlax|Snorlax, F, shiny|296\/461
|turn|13
|callback|decision
|
|move|p1a: Shaymin|Seed Flare|p2a: Snorlax
|-damage|p2a: Snorlax|121\/461
|-damage|p1a: Shaymin|92\/341|[from] item: Life Orb
|move|p2a: Snorlax|Pursuit|p1a: Shaymin
|-damage|p1a: Shaymin|26\/341
|
|turn|14
|callback|decision
|chat|TryHardBJ11z Test|vrevgrtgbvrt
|
|switch|p2a: Shaymin|Shaymin, shiny|191\/341
|move|p1a: Shaymin|Rest|p1a: Shaymin
|-status|p1a: Shaymin|slp
|-heal|p1a: Shaymin|341\/341 slp|[silent]
|-status|p1a: Shaymin|slp|[from] move: Rest
|
|turn|15
|callback|decision
|
|switch|p1a: Crobat|Crobat, F|255\/311
|switch|p2a: Mienshao|Mienshao, M, shiny|271\/271
|
|turn|16
|callback|decision
|
|switch|p1a: Blastoise|Blastoise, M|253\/362
|move|p2a: Mienshao|U-turn|p1a: Blastoise
|-damage|p1a: Blastoise|191\/362
|callback|decision
|
|switch|p2a: Shaymin|Shaymin, shiny|191\/341
|
|-heal|p1a: Blastoise|213\/362|[from] item: Leftovers
|turn|17
|callback|decision
|
|switch|p1a: Crobat|Crobat, F|255\/311
|move|p2a: Shaymin|Seed Flare|p1a: Crobat
|-resisted|p1a: Crobat
|-damage|p1a: Crobat|184\/311
|-damage|p2a: Shaymin|157\/341|[from] item: Life Orb
|
|turn|18
|callback|decision
|
|switch|p2a: Slowbro|Slowbro, F, shiny|305\/394
|move|p1a: Crobat|Brave Bird|p2a: Slowbro
|-damage|p2a: Slowbro|127\/394
|-damage|p1a: Crobat|125\/311|[from] recoil|[of] p2a: Slowbro
|
|-heal|p2a: Slowbro|151\/394|[from] item: Leftovers
|turn|19
|callback|decision
|
|switch|p2a: Snorlax|Snorlax, F, shiny|121\/461
|move|p1a: Crobat|Brave Bird|p2a: Snorlax
|-damage|p2a: Snorlax|0 fnt
|-damage|p1a: Crobat|85\/311|[from] recoil|[of] p2a: Snorlax
|faint|p2a: Snorlax
|
|callback|decision
|
|switch|p2a: PimpKrow|Honchkrow, F|342\/342
|turn|20
|callback|decision
|
|switch|p1a: Blastoise|Blastoise, M|213\/362
|move|p2a: PimpKrow|Brave Bird|p1a: Blastoise
|-damage|p1a: Blastoise|14\/362
|-damage|p2a: PimpKrow|276\/342|[from] recoil|[of] p1a: Blastoise
|-damage|p2a: PimpKrow|242\/342|[from] item: Life Orb
|
|-heal|p1a: Blastoise|36\/362|[from] item: Leftovers
|turn|21
|callback|decision
|
|move|p2a: PimpKrow|Brave Bird|p1a: Blastoise
|-damage|p1a: Blastoise|0 fnt
|-damage|p2a: PimpKrow|230\/342|[from] recoil|[of] p1a: Blastoise
|-damage|p2a: PimpKrow|196\/342|[from] item: Life Orb
|faint|p1a: Blastoise
|-boost|p2a: PimpKrow|atk|1|[from] ability: Moxie
|
|callback|decision
|
|switch|p1a: Piloswine|Piloswine, F|404\/404
|turn|22
|callback|decision
|
|switch|p2a: Slowbro|Slowbro, F, shiny|282\/394
|move|p1a: Piloswine|Ice Shard|p2a: Slowbro
|-resisted|p2a: Slowbro
|-damage|p2a: Slowbro|260\/394
|
|-heal|p2a: Slowbro|284\/394|[from] item: Leftovers
|turn|23
|callback|decision
|
|switch|p1a: Shaymin|Shaymin|341\/341
|switch|p2a: Mienshao|Mienshao, M, shiny|271\/271
|
|turn|24
|callback|decision
|
|move|p2a: Mienshao|U-turn|p1a: Shaymin
|-supereffective|p1a: Shaymin
|-damage|p1a: Shaymin|167\/341
|callback|decision
|
|switch|p2a: Shaymin|Shaymin, shiny|157\/341
|move|p1a: Shaymin|Seed Flare|p2a: Shaymin
|-resisted|p2a: Shaymin
|-damage|p2a: Shaymin|35\/341
|-damage|p1a: Shaymin|133\/341|[from] item: Life Orb
|
|turn|25
|callback|decision
|
|move|p1a: Shaymin|Psychic|p2a: Shaymin
|-damage|p2a: Shaymin|0 fnt
|-damage|p1a: Shaymin|99\/341|[from] item: Life Orb
|faint|p2a: Shaymin
|
|callback|decision
|
|switch|p2a: Mienshao|Mienshao, M, shiny|271\/271
|turn|26
|callback|decision
|
|move|p2a: Mienshao|Hi Jump Kick|p1a: Shaymin
|-damage|p1a: Shaymin|0 fnt
|faint|p1a: Shaymin
|
|callback|decision
|
|switch|p1a: Crobat|Crobat, F|85\/311
|turn|27
|callback|decision
|
|switch|p2a: Slowbro|Slowbro, F, shiny|394\/394
|move|p1a: Crobat|Cross Poison|p2a: Slowbro
|-damage|p2a: Slowbro|297\/394
|
|-heal|p2a: Slowbro|321\/394|[from] item: Leftovers
|turn|28
|callback|decision
|
|switch|p1a: Magneton|Magneton|294\/294
|move|p2a: Slowbro|Scald|p1a: Magneton
|-crit|p1a: Magneton
|-damage|p1a: Magneton|113\/294
|
|-heal|p2a: Slowbro|345\/394|[from] item: Leftovers
|turn|29
|callback|decision
|
|move|p1a: Magneton|Thunderbolt|p2a: Slowbro
|-supereffective|p2a: Slowbro
|-damage|p2a: Slowbro|0 fnt
|faint|p2a: Slowbro
|
|callback|decision
|
|switch|p2a: PimpKrow|Honchkrow, F|196\/342
|turn|30
|callback|decision
|
|move|p2a: PimpKrow|Superpower|p1a: Magneton
|-supereffective|p1a: Magneton
|-damage|p1a: Magneton|0 fnt
|-unboost|p2a: PimpKrow|atk|1
|-unboost|p2a: PimpKrow|def|1
|-damage|p2a: PimpKrow|162\/342|[from] item: Life Orb
|faint|p1a: Magneton
|-boost|p2a: PimpKrow|atk|1|[from] ability: Moxie
|
|callback|decision
|
|switch|p1a: Piloswine|Piloswine, F|404\/404
|turn|31
|callback|decision
|
|move|p2a: PimpKrow|Sucker Punch|p1a: Piloswine
|-damage|p1a: Piloswine|257\/404
|-damage|p2a: PimpKrow|128\/342|[from] item: Life Orb
|move|p1a: Piloswine|Ice Shard|p2a: PimpKrow
|-supereffective|p2a: PimpKrow
|-damage|p2a: PimpKrow|0 fnt
|faint|p2a: PimpKrow
|
|callback|decision
|
|switch|p2a: Mienshao|Mienshao, M, shiny|271\/271
|turn|32
|callback|decision
|
|move|p1a: Piloswine|Ice Shard|p2a: Mienshao
|-damage|p2a: Mienshao|171\/271
|move|p2a: Mienshao|Hi Jump Kick|p1a: Piloswine
|-supereffective|p1a: Piloswine
|-damage|p1a: Piloswine|0 fnt
|faint|p1a: Piloswine
|
|callback|decision
|
|switch|p1a: Crobat|Crobat, F|85\/311
|turn|33
|callback|decision
|
|move|p2a: Mienshao|Hi Jump Kick|p1a: Crobat
|-resisted|p1a: Crobat
|-damage|p1a: Crobat|13\/311
|move|p1a: Crobat|Brave Bird|p2a: Mienshao
|-supereffective|p2a: Mienshao
|-damage|p2a: Mienshao|0 fnt
|-damage|p1a: Crobat|0 fnt|[from] recoil|[of] p2a: Mienshao
|faint|p2a: Mienshao
|faint|p1a: Crobat
|
|win|Rayoflightning
|raw|Ladder updating...
|raw|Rayoflightning's rating: 1721 &rarr; <strong>1730<\/strong><br \/>(+9 for winning)
|raw|TryHardBJ11z Test's rating: 1715 &rarr; <strong>1708<\/strong><br \/>(-7 for losing)
|chat|TryHardBJ11z Test|gg
|chat|Rayoflightning|gg