|join|Rayoflightning
|join|Frisky Business
|player|p1|Rayoflightning|2
|player|p2|Frisky Business|289
|gametype|singles
|tier|UU
|rated
|rule|Sleep Clause: Limit one foe put to sleep
|rule|Species Clause: Limit one of each Pokemon
|rule|OHKO Clause: OHKO moves are banned
|rule|Moody Clause: Moody is banned
|rule|Evasion Moves Clause: Evasion moves are banned
|rule|Evasion Abilities Clause: Evasion abilities are banned
|clearpoke
|poke|p1|Blastoise, M
|poke|p1|Magneton
|poke|p1|Crobat, F
|poke|p1|Piloswine, F
|poke|p1|Darmanitan, F
|poke|p1|Shaymin
|poke|p2|Sceptile, M
|poke|p2|Nidoqueen, F
|poke|p2|Slowbro, M
|poke|p2|Hitmontop, M
|poke|p2|Krookodile, M
|poke|p2|Umbreon, F
|teampreview
|callback|decision
|join|LaxBro13
|
|start
|switch|p1a: Piloswine|Piloswine, F|404\/404
|switch|p2a: Hitmontop|Hitmontop, M|304\/304
|-ability|p2a: Hitmontop|Intimidate|[of] p1a: Piloswine
|-unboost|p1a: Piloswine|atk|1
|turn|1
|callback|decision
|
|switch|p1a: Crobat|Crobat, F|311\/311
|move|p2a: Hitmontop|Close Combat|p1a: Crobat
|-resisted|p1a: Crobat
|-damage|p1a: Crobat|268\/311
|-unboost|p2a: Hitmontop|def|1
|-unboost|p2a: Hitmontop|spd|1
|
|turn|2
|callback|decision
|
|switch|p2a: Slowbro|Slowbro, M|393\/393
|move|p1a: Crobat|U-turn|p2a: Slowbro
|-supereffective|p2a: Slowbro
|-damage|p2a: Slowbro|253\/393
|callback|decision
|
|switch|p1a: Shaymin|Shaymin|341\/341
|
|-heal|p2a: Slowbro|277\/393|[from] item: Leftovers
|turn|3
|callback|decision
|
|switch|p2a: Nidoqueen|Nidoqueen, F|346\/346
|move|p1a: Shaymin|Seed Flare|p2a: Nidoqueen
|-damage|p2a: Nidoqueen|94\/346
|-damage|p1a: Shaymin|307\/341|[from] item: Life Orb
|
|turn|4
|callback|decision
|
|switch|p2a: Umbreon|Umbreon, F|394\/394
|move|p1a: Shaymin|Earth Power|p2a: Umbreon
|-damage|p2a: Umbreon|329\/394
|-damage|p1a: Shaymin|273\/341|[from] item: Life Orb
|
|-heal|p2a: Umbreon|353\/394|[from] item: Leftovers
|turn|5
|callback|decision
|
|switch|p1a: Magneton|Magneton|294\/294
|move|p2a: Umbreon|Wish|p2a: Umbreon
|
|-heal|p2a: Umbreon|377\/394|[from] item: Leftovers
|turn|6
|callback|decision
|
|switch|p2a: Nidoqueen|Nidoqueen, F|94\/346
|move|p1a: Magneton|Hidden Power|p2a: Nidoqueen
|-supereffective|p2a: Nidoqueen
|-damage|p2a: Nidoqueen|0 fnt
|faint|p2a: Nidoqueen
|
|callback|decision
|
|switch|p2a: Hitmontop|Hitmontop, M|304\/304
|-ability|p2a: Hitmontop|Intimidate|[of] p1a: Magneton
|-unboost|p1a: Magneton|atk|1
|turn|7
|callback|decision
|
|switch|p1a: Crobat|Crobat, F|268\/311
|move|p2a: Hitmontop|Stone Edge|p1a: Crobat
|-supereffective|p1a: Crobat
|-damage|p1a: Crobat|90\/311
|
|turn|8
|callback|decision
|
|switch|p2a: Slowbro|Slowbro, M|393\/393
|move|p1a: Crobat|Brave Bird|p2a: Slowbro
|-damage|p2a: Slowbro|237\/393
|-damage|p1a: Crobat|39\/311|[from] recoil|[of] p2a: Slowbro
|
|-heal|p2a: Slowbro|261\/393|[from] item: Leftovers
|turn|9
|callback|decision
|
|switch|p1a: Blastoise|Blastoise, M|362\/362
|move|p2a: Slowbro|Psyshock|p1a: Blastoise
|-damage|p1a: Blastoise|299\/362
|
|-heal|p1a: Blastoise|321\/362|[from] item: Leftovers
|-heal|p2a: Slowbro|285\/393|[from] item: Leftovers
|turn|10
|callback|decision
|
|switch|p1a: Magneton|Magneton|294\/294
|move|p2a: Slowbro|Thunder Wave|p1a: Magneton
|-status|p1a: Magneton|par
|
|-heal|p2a: Slowbro|309\/393|[from] item: Leftovers
|turn|11
|callback|decision
|
|switch|p2a: Umbreon|Umbreon, F|377\/394
|move|p1a: Magneton|Substitute|p1a: Magneton
|-start|p1a: Magneton|Substitute
|-damage|p1a: Magneton|221\/294 par
|
|-heal|p2a: Umbreon|394\/394|[from] item: Leftovers
|turn|12
|callback|decision
|
|move|p2a: Umbreon|Foul Play|p1a: Magneton
|-resisted|p1a: Magneton
|-activate|p1a: Magneton|Substitute|[damage]
|move|p1a: Magneton|Thunderbolt|p2a: Umbreon
|-damage|p2a: Umbreon|292\/394
|
|-heal|p2a: Umbreon|316\/394|[from] item: Leftovers
|turn|13
|callback|decision
|
|move|p2a: Umbreon|Foul Play|p1a: Magneton
|-resisted|p1a: Magneton
|-activate|p1a: Magneton|Substitute|[damage]
|move|p1a: Magneton|Thunderbolt|p2a: Umbreon
|-damage|p2a: Umbreon|222\/394
|
|-heal|p2a: Umbreon|246\/394|[from] item: Leftovers
|turn|14
|callback|decision
|
|move|p2a: Umbreon|Wish|p2a: Umbreon
|move|p1a: Magneton|Thunderbolt|p2a: Umbreon
|-damage|p2a: Umbreon|156\/394
|
|-heal|p2a: Umbreon|180\/394|[from] item: Leftovers
|turn|15
|callback|decision
|
|move|p2a: Umbreon|Foul Play|p1a: Magneton
|-resisted|p1a: Magneton
|-activate|p1a: Magneton|Substitute|[damage]
|cant|p1a: Magneton|par
|
|-heal|p2a: Umbreon|377\/394|[from] move: Wish|[wisher] Umbreon
|-heal|p2a: Umbreon|394\/394|[from] item: Leftovers
|turn|16
|callback|decision
|
|move|p2a: Umbreon|Foul Play|p1a: Magneton
|-resisted|p1a: Magneton
|-end|p1a: Magneton|Substitute
|cant|p1a: Magneton|par
|
|turn|17
|callback|decision
|
|switch|p2a: Krookodile|Krookodile, M|331\/331
|switch|p1a: Piloswine|Piloswine, F|404\/404
|
|turn|18
|callback|decision
|
|switch|p2a: Slowbro|Slowbro, M|393\/393
|move|p1a: Piloswine|Earthquake|p2a: Slowbro
|-damage|p2a: Slowbro|282\/393
|
|-heal|p2a: Slowbro|306\/393|[from] item: Leftovers
|turn|19
|callback|decision
|
|switch|p1a: Blastoise|Blastoise, M|321\/362
|move|p2a: Slowbro|Scald|p1a: Blastoise
|-resisted|p1a: Blastoise
|-damage|p1a: Blastoise|273\/362
|
|-heal|p1a: Blastoise|295\/362|[from] item: Leftovers
|-heal|p2a: Slowbro|330\/393|[from] item: Leftovers
|turn|20
|callback|decision
|
|switch|p1a: Magneton|Magneton|221\/294 par
|move|p2a: Slowbro|Thunder Wave|p1a: Magneton
|-fail|p1a: Magneton|par
|
|-heal|p2a: Slowbro|354\/393|[from] item: Leftovers
|turn|21
|callback|decision
|
|switch|p2a: Hitmontop|Hitmontop, M|304\/304
|-ability|p2a: Hitmontop|Intimidate|[of] p1a: Magneton
|-unboost|p1a: Magneton|atk|1
|switch|p1a: Crobat|Crobat, F|39\/311
|
|turn|22
|callback|decision
|
|switch|p2a: Slowbro|Slowbro, M|393\/393
|move|p1a: Crobat|U-turn|p2a: Slowbro
|-supereffective|p2a: Slowbro
|-damage|p2a: Slowbro|257\/393
|callback|decision
|
|switch|p1a: Shaymin|Shaymin|273\/341
|
|-heal|p2a: Slowbro|281\/393|[from] item: Leftovers
|turn|23
|callback|decision
|chat|Frisky Business|so much switching...
|
|switch|p2a: Umbreon|Umbreon, F|394\/394
|move|p1a: Shaymin|Seed Flare|p2a: Umbreon
|-damage|p2a: Umbreon|256\/394
|-damage|p1a: Shaymin|239\/341|[from] item: Life Orb
|
|-heal|p2a: Umbreon|280\/394|[from] item: Leftovers
|turn|24
|callback|decision
|
|move|p1a: Shaymin|Seed Flare|p2a: Umbreon|[miss]
|-miss|p1a: Shaymin|p2a: Umbreon
|move|p2a: Umbreon|Foul Play|p1a: Shaymin
|-damage|p1a: Shaymin|143\/341
|
|-heal|p2a: Umbreon|304\/394|[from] item: Leftovers
|turn|25
|callback|decision
|
|move|p1a: Shaymin|Rest|p1a: Shaymin
|-status|p1a: Shaymin|slp
|-heal|p1a: Shaymin|341\/341 slp|[silent]
|-status|p1a: Shaymin|slp|[from] move: Rest
|move|p2a: Umbreon|Wish|p2a: Umbreon
|
|-heal|p2a: Umbreon|328\/394|[from] item: Leftovers
|turn|26
|callback|decision
|
|switch|p1a: Magneton|Magneton|221\/294 par
|switch|p2a: Sceptile|Sceptile, M|281\/281
|
|turn|27
|callback|decision
|
|switch|p1a: Crobat|Crobat, F|39\/311
|move|p2a: Sceptile|Earthquake|p1a: Crobat
|-immune|p1a: Crobat|[msg]
|
|turn|28
|callback|decision
|
|switch|p2a: Hitmontop|Hitmontop, M|304\/304
|-ability|p2a: Hitmontop|Intimidate|[of] p1a: Crobat
|-unboost|p1a: Crobat|atk|1
|move|p1a: Crobat|U-turn|p2a: Hitmontop
|-resisted|p2a: Hitmontop
|-damage|p2a: Hitmontop|279\/304
|callback|decision
|
|switch|p1a: Shaymin|Shaymin|341\/341
|
|-heal|p2a: Hitmontop|298\/304|[from] item: Leftovers
|turn|29
|callback|decision
|
|move|p1a: Shaymin|Seed Flare|p2a: Hitmontop
|-damage|p2a: Hitmontop|73\/304
|-damage|p1a: Shaymin|307\/341|[from] item: Life Orb
|move|p2a: Hitmontop|Close Combat|p1a: Shaymin
|-damage|p1a: Shaymin|166\/341
|-unboost|p2a: Hitmontop|def|1
|-unboost|p2a: Hitmontop|spd|1
|
|-heal|p2a: Hitmontop|92\/304|[from] item: Leftovers
|turn|30
|callback|decision
|
|switch|p2a: Umbreon|Umbreon, F|328\/394
|move|p1a: Shaymin|Seed Flare|p2a: Umbreon
|-damage|p2a: Umbreon|177\/394
|-unboost|p2a: Umbreon|spd|2
|-damage|p1a: Shaymin|132\/341|[from] item: Life Orb
|
|-heal|p2a: Umbreon|201\/394|[from] item: Leftovers
|turn|31
|callback|decision
|
|move|p2a: Umbreon|Protect|p2a: Umbreon
|-singleturn|p2a: Umbreon|Protect
|move|p1a: Shaymin|Seed Flare|p2a: Umbreon
|-activate|p2a: Umbreon|Protect
|
|-heal|p2a: Umbreon|225\/394|[from] item: Leftovers
|turn|32
|callback|decision
|chat|LaxBro13|how much pp does Seed flare have?
|chat|Frisky Business|no idea
|
|move|p1a: Shaymin|Seed Flare|p2a: Umbreon
|-damage|p2a: Umbreon|0 fnt
|-damage|p1a: Shaymin|98\/341|[from] item: Life Orb
|faint|p2a: Umbreon
|
|callback|decision
|chat|LaxBro13|you might want to check real quick
|chat|LaxBro13|nvm
|
|switch|p2a: Sceptile|Sceptile, M|281\/281
|turn|33
|callback|decision
|
|move|p2a: Sceptile|Acrobatics|p1a: Shaymin
|-enditem|p2a: Sceptile|Flying Gem|[from] gem|[move] Acrobatics
|-supereffective|p1a: Shaymin
|-damage|p1a: Shaymin|0 fnt
|faint|p1a: Shaymin
|
|callback|decision
|
|switch|p1a: Piloswine|Piloswine, F|404\/404
|turn|34
|callback|decision
|
|switch|p2a: Slowbro|Slowbro, M|393\/393
|move|p1a: Piloswine|Icicle Spear|p2a: Slowbro
|-resisted|p2a: Slowbro
|-damage|p2a: Slowbro|379\/393
|-resisted|p2a: Slowbro
|-damage|p2a: Slowbro|364\/393
|-hitcount|p2a: Slowbro|2
|
|-heal|p2a: Slowbro|388\/393|[from] item: Leftovers
|turn|35
|callback|decision
|
|switch|p1a: Blastoise|Blastoise, M|295\/362
|move|p2a: Slowbro|Scald|p1a: Blastoise
|-resisted|p1a: Blastoise
|-damage|p1a: Blastoise|247\/362
|-status|p1a: Blastoise|brn
|
|-heal|p1a: Blastoise|269\/362 brn|[from] item: Leftovers
|-heal|p2a: Slowbro|393\/393|[from] item: Leftovers
|-damage|p1a: Blastoise|224\/362 brn|[from] brn
|turn|36
|callback|decision
|
|move|p1a: Blastoise|Scald|p2a: Slowbro
|-resisted|p2a: Slowbro
|-damage|p2a: Slowbro|345\/393
|-status|p2a: Slowbro|brn
|move|p2a: Slowbro|Scald|p1a: Blastoise
|-resisted|p1a: Blastoise
|-damage|p1a: Blastoise|174\/362 brn
|
|-heal|p1a: Blastoise|196\/362 brn|[from] item: Leftovers
|-heal|p2a: Slowbro|369\/393 brn|[from] item: Leftovers
|-damage|p1a: Blastoise|151\/362 brn|[from] brn
|-damage|p2a: Slowbro|320\/393 brn|[from] brn
|turn|37
|callback|decision
|
|move|p2a: Slowbro|Psyshock|p1a: Blastoise
|-damage|p1a: Blastoise|85\/362 brn
|move|p1a: Blastoise|Roar|p2a: Slowbro
|drag|p2a: Hitmontop|Hitmontop, M|92\/304
|-ability|p2a: Hitmontop|Intimidate|[of] p1a: Blastoise
|-unboost|p1a: Blastoise|atk|1
|
|-heal|p1a: Blastoise|107\/362 brn|[from] item: Leftovers
|-heal|p2a: Hitmontop|111\/304|[from] item: Leftovers
|-damage|p1a: Blastoise|62\/362 brn|[from] brn
|turn|38
|callback|decision
|
|move|p1a: Blastoise|Scald|p2a: Hitmontop
|-damage|p2a: Hitmontop|0 fnt
|faint|p2a: Hitmontop
|
|-heal|p1a: Blastoise|84\/362 brn|[from] item: Leftovers
|-damage|p1a: Blastoise|39\/362 brn|[from] brn
|callback|decision
|
|switch|p2a: Krookodile|Krookodile, M|331\/331
|turn|39
|callback|decision
|
|move|p2a: Krookodile|Crunch|p1a: Blastoise
|-damage|p1a: Blastoise|0 fnt
|faint|p1a: Blastoise
|-boost|p2a: Krookodile|atk|1|[from] ability: Moxie
|
|callback|decision
|
|switch|p1a: Piloswine|Piloswine, F|404\/404
|turn|40
|callback|decision
|
|switch|p2a: Slowbro|Slowbro, M|393\/393 brn
|switch|p1a: Magneton|Magneton|221\/294 par
|
|-damage|p2a: Slowbro|344\/393 brn|[from] brn
|turn|41
|callback|decision
|
|switch|p2a: Krookodile|Krookodile, M|331\/331
|move|p1a: Magneton|Substitute|p1a: Magneton
|-start|p1a: Magneton|Substitute
|-damage|p1a: Magneton|148\/294 par
|
|turn|42
|callback|decision
|
|move|p2a: Krookodile|Earthquake|p1a: Magneton
|-supereffective|p1a: Magneton
|-end|p1a: Magneton|Substitute
|cant|p1a: Magneton|par
|
|turn|43
|callback|decision
|
|switch|p2a: Slowbro|Slowbro, M|393\/393 brn
|switch|p1a: Crobat|Crobat, F|39\/311
|
|-damage|p2a: Slowbro|344\/393 brn|[from] brn
|turn|44
|callback|decision
|
|move|p1a: Crobat|Brave Bird|p2a: Slowbro
|-crit|p2a: Slowbro
|-damage|p2a: Slowbro|16\/393 brn
|-damage|p1a: Crobat|0 fnt|[from] recoil|[of] p2a: Slowbro
|faint|p1a: Crobat
|move|p2a: Slowbro|Scald|p1: Crobat|[notarget]
|-notarget
|
|-heal|p2a: Slowbro|40\/393 brn|[from] item: Leftovers
|-damage|p2a: Slowbro|0 fnt|[from] brn
|faint|p2a: Slowbro
|callback|decision
|chat|LaxBro13|this is a good battle
|
|switch|p2a: Sceptile|Sceptile, M|281\/281
|switch|p1a: Piloswine|Piloswine, F|404\/404
|turn|45
|callback|decision
|
|move|p1a: Piloswine|Ice Shard|p2a: Sceptile
|-supereffective|p2a: Sceptile
|-damage|p2a: Sceptile|93\/281
|move|p2a: Sceptile|Leaf Blade|p1a: Piloswine
|-supereffective|p1a: Piloswine
|-damage|p1a: Piloswine|182\/404
|
|turn|46
|callback|decision
|
|move|p1a: Piloswine|Ice Shard|p2a: Sceptile
|-supereffective|p2a: Sceptile
|-damage|p2a: Sceptile|0 fnt
|faint|p2a: Sceptile
|
|callback|decision
|
|switch|p2a: Krookodile|Krookodile, M|331\/331
|turn|47
|callback|decision
|chat|Frisky Business|i lose gg
|
|move|p1a: Piloswine|Ice Shard|p2a: Krookodile
|-supereffective|p2a: Krookodile
|-damage|p2a: Krookodile|161\/331
|move|p2a: Krookodile|Earthquake|p1a: Piloswine
|-damage|p1a: Piloswine|41\/404
|
|turn|48
|callback|decision
|
|move|p1a: Piloswine|Ice Shard|p2a: Krookodile
|-supereffective|p2a: Krookodile
|-damage|p2a: Krookodile|0 fnt
|faint|p2a: Krookodile
|
|win|Rayoflightning
|raw|Ladder updating...
|raw|Rayoflightning's rating: 1696 &rarr; <strong>1705<\/strong><br \/>(+9 for winning)
|raw|Frisky Business's rating: 1636 &rarr; <strong>1633<\/strong><br \/>(-3 for losing)
|chat|Rayoflightning|gg
|chat|LaxBro13|great game