|join|Huyenstinkt
|join|Petula
|player|p1|Huyenstinkt|273
|player|p2|Petula|170
|gametype|singles
|gen|6
|tier|UU
|rated
|rule|Sleep Clause Mod: Limit one foe put to sleep
|rule|Species Clause: Limit one of each PokÃ©mon
|rule|OHKO Clause: OHKO moves are banned
|rule|Moody Clause: Moody is banned
|rule|Evasion Moves Clause: Evasion moves are banned
|rule|Endless Battle Clause: Forcing endless battles is banned
|rule|HP Percentage Mod: HP is shown in percentages
|clearpoke
|poke|p1|Crobat, F
|poke|p1|Krookodile, M
|poke|p1|Steelix, F
|poke|p1|Suicune
|poke|p1|Serperior, F
|poke|p1|Honchkrow, F
|poke|p2|Serperior, M
|poke|p2|Honchkrow, F
|poke|p2|Espeon, M
|poke|p2|Goodra, F
|poke|p2|Arcanine, F
|poke|p2|Aerodactyl, M
|rule|Swagger Clause: Swagger is banned
|rule|Baton Pass Clause: Limit one PokÃ©mon knowing Baton Pass
|teampreview
|
|start
|switch|p1a: Steelix|Steelix, F|353\/353
|switch|p2a: Aerodactyl|Aerodactyl, M|301\/301
|turn|1
|
|switch|p2a: Arcanine|Arcanine, F|342\/342
|-ability|p2a: Arcanine|Intimidate|[of] p1a: Steelix
|-unboost|p1a: Steelix|atk|1
|detailschange|p1a: Steelix|Steelix-Mega, F
|-mega|p1a: Steelix|Steelix|Steelixite
|move|p1a: Steelix|Heavy Slam|p2a: Arcanine
|-resisted|p2a: Arcanine
|-damage|p2a: Arcanine|275\/342
|-damage|p1a: Steelix|295\/353|[from] item: Rocky Helmet|[of] p2a: Arcanine
|
|turn|2
|
|move|p2a: Arcanine|Will-O-Wisp|p1a: Steelix
|-status|p1a: Steelix|brn
|move|p1a: Steelix|Stealth Rock|p2a: Arcanine
|-sidestart|p2: Petula|move: Stealth Rock
|
|-damage|p1a: Steelix|251\/353 brn|[from] brn
|turn|3
|
|switch|p1a: Suicune|Suicune|404\/404
|-ability|p1a: Suicune|Pressure
|move|p2a: Arcanine|Flare Blitz|p1a: Suicune
|-resisted|p1a: Suicune
|-damage|p1a: Suicune|354\/404
|-damage|p2a: Arcanine|258\/342|[from] recoil|[of] p1a: Suicune
|
|-heal|p1a: Suicune|379\/404|[from] item: Leftovers
|turn|4
|
|switch|p2a: Serperior|Serperior, M|291\/291
|-damage|p2a: Serperior|255\/291|[from] Stealth Rock
|switch|p1a: Krookodile|Krookodile, M|331\/331
|
|turn|5
|join|vulpizz
|
|move|p1a: Krookodile|Knock Off|p2a: Serperior
|-damage|p2a: Serperior|69\/291
|-enditem|p2a: Serperior|Assault Vest|[from] move: Knock Off|[of] p1a: Krookodile
|move|p2a: Serperior|Leaf Storm|p1a: Krookodile
|-supereffective|p1a: Krookodile
|-damage|p1a: Krookodile|0 fnt
|-boost|p2a: Serperior|spa|2
|faint|p1a: Krookodile
|
|leave|vulpizz
|
|switch|p1a: Crobat|Crobat, F|311\/311
|turn|6
|
|switch|p2a: Arcanine|Arcanine, F|258\/342
|-damage|p2a: Arcanine|173\/342|[from] Stealth Rock
|-ability|p2a: Arcanine|Intimidate|[of] p1a: Crobat
|-unboost|p1a: Crobat|atk|1
|move|p1a: Crobat|Sludge Bomb|p2a: Arcanine
|-damage|p2a: Arcanine|20\/342
|-status|p2a: Arcanine|psn
|-damage|p1a: Crobat|280\/311|[from] item: Life Orb
|
|-damage|p2a: Arcanine|0 fnt|[from] psn
|faint|p2a: Arcanine
|
|switch|p2a: Aerodactyl|Aerodactyl, M|301\/301
|-damage|p2a: Aerodactyl|226\/301|[from] Stealth Rock
|turn|7
|
|switch|p1a: Suicune|Suicune|379\/404
|-ability|p1a: Suicune|Pressure
|detailschange|p2a: Aerodactyl|Aerodactyl-Mega, M
|-mega|p2a: Aerodactyl|Aerodactyl|Aerodactylite
|move|p2a: Aerodactyl|Stone Edge|p1a: Suicune|[miss]
|-miss|p2a: Aerodactyl|p1a: Suicune
|
|-heal|p1a: Suicune|404\/404|[from] item: Leftovers
|turn|8
|
|move|p2a: Aerodactyl|Aerial Ace|p1a: Suicune
|-damage|p1a: Suicune|314\/404
|move|p1a: Suicune|Scald|p2a: Aerodactyl
|-supereffective|p2a: Aerodactyl
|-damage|p2a: Aerodactyl|38\/301
|
|-heal|p1a: Suicune|339\/404|[from] item: Leftovers
|turn|9
|-message|Petula lost due to inactivity.
|
|win|Huyenstinkt
|raw|Ladder updating...
|raw|Huyenstinkt's rating: 1230 &rarr; <strong>1254<\/strong><br \/>(+24 for winning)
|raw|Petula's rating: 1206 &rarr; <strong>1182<\/strong><br \/>(-24 for losing)