|join|CGE Testing
|join|Pagoose
|player|p1|CGE Testing|154
|player|p2|Pagoose|141
|gametype|singles
|gen|6
|tier|ORAS OU
|rated
|rule|Sleep Clause Mod: Limit one foe put to sleep
|rule|Species Clause: Limit one of each PokÃ©mon
|rule|OHKO Clause: OHKO moves are banned
|rule|Moody Clause: Moody is banned
|rule|Evasion Moves Clause: Evasion moves are banned
|rule|Endless Battle Clause: Forcing endless battles is banned
|rule|HP Percentage Mod: HP is shown in percentages
|clearpoke
|poke|p1|Beedrill, M
|poke|p1|Alomomola, M
|poke|p1|Florges, F
|poke|p1|Latios, M
|poke|p1|Heatran, F
|poke|p1|Krookodile, F
|poke|p2|Salamence, F
|poke|p2|Landorus-Therian, M
|poke|p2|Ferrothorn, M
|poke|p2|Mew
|poke|p2|Latios, M
|poke|p2|Keldeo-Resolute
|rule|Swagger Clause: Swagger is banned
|rule|Baton Pass Clause: Limit one PokÃ©mon knowing Baton Pass
|teampreview
|
|start
|switch|p1a: Heatran|Heatran, F|323\/323
|switch|p2a: Keldeo-Resolute|Keldeo-Resolute|323\/323
|turn|1
|
|switch|p1a: Latios|Latios, M|302\/302
|move|p2a: Keldeo-Resolute|Hydro Pump|p1a: Latios
|-resisted|p1a: Latios
|-damage|p1a: Latios|179\/302
|
|turn|2
|
|switch|p1a: Heatran|Heatran, F|323\/323
|switch|p2a: Ferrothorn|Ferrothorn, M|352\/352
|
|turn|3
|
|switch|p2a: Keldeo-Resolute|Keldeo-Resolute|323\/323
|move|p1a: Heatran|Toxic|p2a: Keldeo-Resolute
|-status|p2a: Keldeo-Resolute|tox
|
|-damage|p2a: Keldeo-Resolute|303\/323 tox|[from] psn
|turn|4
|
|switch|p1a: Florges|Florges, F|360\/360
|move|p2a: Keldeo-Resolute|Hydro Pump|p1a: Florges
|-damage|p1a: Florges|206\/360
|
|-heal|p1a: Florges|228\/360|[from] item: Leftovers
|-damage|p2a: Keldeo-Resolute|263\/323 tox|[from] psn
|turn|5
|
|switch|p2a: Landorus-Therian|Landorus-Therian, M|319\/319
|-ability|p2a: Landorus-Therian|Intimidate|[of] p1a: Florges
|-unboost|p1a: Florges|atk|1
|move|p1a: Florges|Wish|p1a: Florges
|
|-heal|p1a: Florges|250\/360|[from] item: Leftovers
|turn|6
|
|switch|p1a: Alomomola|Alomomola, M|534\/534
|move|p2a: Landorus-Therian|U-turn|p1a: Alomomola
|-damage|p1a: Alomomola|454\/534
|-damage|p2a: Landorus-Therian|266\/319|[from] item: Rocky Helmet|[of] p1a: Alomomola
|
|switch|p2a: Latios|Latios, M|301\/301
|
|-heal|p1a: Alomomola|534\/534|[from] move: Wish|[wisher] Florges
|turn|7
|
|move|p1a: Alomomola|Protect|p1a: Alomomola
|-singleturn|p1a: Alomomola|Protect
|move|p2a: Latios|Draco Meteor|p1a: Alomomola
|-activate|p1a: Alomomola|Protect
|
|turn|8
|
|switch|p2a: Salamence|Salamence, F|331\/331
|-ability|p2a: Salamence|Intimidate|[of] p1a: Alomomola
|-unboost|p1a: Alomomola|atk|1
|switch|p1a: Florges|Florges, F|250\/360
|
|-heal|p1a: Florges|272\/360|[from] item: Leftovers
|turn|9
|
|detailschange|p2a: Salamence|Salamence-Mega, F
|message|Salamence has Mega Evolved into Mega Salamence!
|move|p2a: Salamence|Frustration|p1a: Florges
|-damage|p1a: Florges|0 fnt
|faint|p1a: Florges
|
|c|âPagoose|why are you using florges?
|c|âPagoose|did it get a new tutor move?
|
|switch|p1a: Alomomola|Alomomola, M|534\/534
|turn|10
|c|âCGE Testing|nope just like her :(
|c|âPagoose|oh :P
|
|switch|p2a: Latios|Latios, M|301\/301
|move|p1a: Alomomola|Toxic|p2a: Latios
|-status|p2a: Latios|tox
|
|-damage|p2a: Latios|283\/301 tox|[from] psn
|turn|11
|
|move|p1a: Alomomola|Protect|p1a: Alomomola
|-singleturn|p1a: Alomomola|Protect
|move|p2a: Latios|Draco Meteor|p1a: Alomomola
|-activate|p1a: Alomomola|Protect
|
|-damage|p2a: Latios|247\/301 tox|[from] psn
|turn|12
|
|switch|p1a: Heatran|Heatran, F|323\/323
|move|p2a: Latios|Draco Meteor|p1a: Heatran
|-resisted|p1a: Heatran
|-damage|p1a: Heatran|187\/323
|-unboost|p2a: Latios|spa|2
|-damage|p2a: Latios|217\/301 tox|[from] item: Life Orb
|
|-damage|p2a: Latios|163\/301 tox|[from] psn
|turn|13
|
|switch|p2a: Keldeo-Resolute|Keldeo-Resolute|263\/323 tox
|move|p1a: Heatran|Flash Cannon|p2a: Keldeo-Resolute
|-resisted|p2a: Keldeo-Resolute
|-damage|p2a: Keldeo-Resolute|180\/323 tox
|
|-damage|p2a: Keldeo-Resolute|160\/323 tox|[from] psn
|turn|14
|
|switch|p1a: Alomomola|Alomomola, M|534\/534
|move|p2a: Keldeo-Resolute|Scald|p1a: Alomomola
|-resisted|p1a: Alomomola
|-damage|p1a: Alomomola|327\/534
|
|-damage|p2a: Keldeo-Resolute|120\/323 tox|[from] psn
|turn|15
|
|switch|p2a: Ferrothorn|Ferrothorn, M|352\/352
|move|p1a: Alomomola|Wish|p1a: Alomomola
|
|turn|16
|
|switch|p1a: Heatran|Heatran, F|187\/323
|move|p2a: Ferrothorn|Stealth Rock|p1a: Heatran
|-sidestart|p1: CGE Testing|move: Stealth Rock
|
|-heal|p1a: Heatran|323\/323|[from] move: Wish|[wisher] Alomomola
|turn|17
|
|switch|p2a: Landorus-Therian|Landorus-Therian, M|266\/319
|-ability|p2a: Landorus-Therian|Intimidate|[of] p1a: Heatran
|-unboost|p1a: Heatran|atk|1
|move|p1a: Heatran|Fire Blast|p2a: Landorus-Therian
|-damage|p2a: Landorus-Therian|20\/319
|-status|p2a: Landorus-Therian|brn
|
|-damage|p2a: Landorus-Therian|0 fnt|[from] brn
|faint|p2a: Landorus-Therian
|
|switch|p2a: Salamence|Salamence-Mega, F|331\/331
|turn|18
|
|switch|p1a: Alomomola|Alomomola, M|505\/534
|-damage|p1a: Alomomola|439\/534|[from] Stealth Rock
|move|p2a: Salamence|Earthquake|p1a: Alomomola
|-damage|p1a: Alomomola|331\/534
|
|turn|19
|
|switch|p2a: Latios|Latios, M|163\/301 tox
|move|p1a: Alomomola|Wish|p1a: Alomomola
|
|-damage|p2a: Latios|145\/301 tox|[from] psn
|turn|20
|
|switch|p1a: Heatran|Heatran, F|323\/323
|-damage|p1a: Heatran|283\/323|[from] Stealth Rock
|move|p2a: Latios|Recover|p2a: Latios
|-heal|p2a: Latios|296\/301 tox
|
|-heal|p1a: Heatran|323\/323|[from] move: Wish|[wisher] Alomomola
|-damage|p2a: Latios|260\/301 tox|[from] psn
|turn|21
|
|switch|p2a: Salamence|Salamence-Mega, F|331\/331
|move|p1a: Heatran|Flash Cannon|p2a: Salamence
|-damage|p2a: Salamence|147\/331
|
|turn|22
|
|switch|p1a: Alomomola|Alomomola, M|509\/534
|-damage|p1a: Alomomola|443\/534|[from] Stealth Rock
|move|p2a: Salamence|Earthquake|p1a: Alomomola
|-damage|p1a: Alomomola|329\/534
|
|turn|23
|
|move|p2a: Salamence|Frustration|p1a: Alomomola
|-damage|p1a: Alomomola|103\/534
|-damage|p2a: Salamence|92\/331|[from] item: Rocky Helmet|[of] p1a: Alomomola
|move|p1a: Alomomola|Wish|p1a: Alomomola
|
|turn|24
|
|move|p1a: Alomomola|Protect|p1a: Alomomola
|-singleturn|p1a: Alomomola|Protect
|move|p2a: Salamence|Dragon Dance|p2a: Salamence
|-boost|p2a: Salamence|atk|1
|-boost|p2a: Salamence|spe|1
|
|-heal|p1a: Alomomola|370\/534|[from] move: Wish|[wisher] Alomomola
|turn|25
|
|move|p2a: Salamence|Dragon Dance|p2a: Salamence
|-boost|p2a: Salamence|atk|1
|-boost|p2a: Salamence|spe|1
|move|p1a: Alomomola|Toxic|p2a: Salamence
|-status|p2a: Salamence|tox
|
|-damage|p2a: Salamence|72\/331 tox|[from] psn
|turn|26
|
|move|p1a: Alomomola|Protect|p1a: Alomomola
|-singleturn|p1a: Alomomola|Protect
|move|p2a: Salamence|Frustration|p1a: Alomomola
|-activate|p1a: Alomomola|Protect
|
|-damage|p2a: Salamence|32\/331 tox|[from] psn
|turn|27
|-message|Pagoose forfeited.
|
|win|CGE Testing
|raw|Ladder updating...
|leave|Pagoose
|player|p2
|raw|CGE Testing's rating: 1168 &rarr; <strong>1199<\/strong><br \/>(+31 for winning)
|raw|Pagoose's rating: 1262 &rarr; <strong>1230<\/strong><br \/>(-32 for losing)