|join|EverZero
|join|Pagoose
|player|p1|EverZero|170
|player|p2|Pagoose|141
|gametype|singles
|gen|6
|tier|ORAS OU
|rated
|rule|Sleep Clause Mod: Limit one foe put to sleep
|rule|Species Clause: Limit one of each PokÃ©mon
|rule|OHKO Clause: OHKO moves are banned
|rule|Moody Clause: Moody is banned
|rule|Evasion Moves Clause: Evasion moves are banned
|rule|Endless Battle Clause: Forcing endless battles is banned
|rule|HP Percentage Mod: HP is shown in percentages
|clearpoke
|poke|p1|Steelix, F
|poke|p1|Tyranitar, M
|poke|p1|Hippowdon, F
|poke|p1|Sylveon, F
|poke|p1|Tentacruel, F
|poke|p1|Klefki, M
|poke|p2|Rhyperior, M
|poke|p2|Alomomola, F
|poke|p2|Chesnaught, F
|poke|p2|Altaria, M
|poke|p2|Gliscor, M
|poke|p2|Heatran, M
|rule|Swagger Clause: Swagger is banned
|rule|Baton Pass Clause: Limit one PokÃ©mon knowing Baton Pass
|teampreview
|
|start
|switch|p1a: Hippowdon|Hippowdon, F|420\/420
|switch|p2a: Altaria|Altaria, M|354\/354
|-weather|Sandstorm
|turn|1
|
|detailschange|p2a: Altaria|Altaria-Mega, M
|message|Altaria has Mega Evolved into Mega Altaria!
|move|p2a: Altaria|Hyper Voice|p1a: Hippowdon
|-damage|p1a: Hippowdon|239\/420
|move|p1a: Hippowdon|Stealth Rock|p2a: Altaria
|-sidestart|p2: Pagoose|move: Stealth Rock
|
|-weather|Sandstorm|[upkeep]
|-damage|p2a: Altaria|332\/354|[from] sandstorm
|turn|2
|
|switch|p2a: Chesnaught|Chesnaught, F|380\/380
|-damage|p2a: Chesnaught|357\/380|[from] Stealth Rock
|move|p1a: Hippowdon|Slack Off|p1a: Hippowdon
|-heal|p1a: Hippowdon|420\/420
|
|-weather|Sandstorm|[upkeep]
|-damage|p2a: Chesnaught|334\/380|[from] sandstorm
|-heal|p2a: Chesnaught|357\/380|[from] item: Leftovers
|turn|3
|
|switch|p1a: Klefki|Klefki, M|318\/318
|move|p2a: Chesnaught|Spikes|p1a: Klefki
|-sidestart|p1: EverZero|Spikes
|
|-weather|Sandstorm|[upkeep]
|-damage|p2a: Chesnaught|334\/380|[from] sandstorm
|-heal|p2a: Chesnaught|357\/380|[from] item: Leftovers
|turn|4
|
|move|p1a: Klefki|Toxic|p2a: Chesnaught
|-status|p2a: Chesnaught|tox
|move|p2a: Chesnaught|Spikes|p1a: Klefki
|-sidestart|p1: EverZero|Spikes
|
|-weather|Sandstorm|[upkeep]
|-damage|p2a: Chesnaught|334\/380 tox|[from] sandstorm
|-heal|p2a: Chesnaught|357\/380 tox|[from] item: Leftovers
|-damage|p2a: Chesnaught|334\/380 tox|[from] psn
|turn|5
|
|move|p1a: Klefki|Reflect|p1a: Klefki
|-sidestart|p1: EverZero|Reflect
|move|p2a: Chesnaught|Spikes|p1a: Klefki
|-sidestart|p1: EverZero|Spikes
|
|-weather|Sandstorm|[upkeep]
|-damage|p2a: Chesnaught|311\/380 tox|[from] sandstorm
|-heal|p2a: Chesnaught|334\/380 tox|[from] item: Leftovers
|-damage|p2a: Chesnaught|288\/380 tox|[from] psn
|turn|6
|
|switch|p2a: Heatran|Heatran, M|386\/386
|-damage|p2a: Heatran|338\/386|[from] Stealth Rock
|move|p1a: Klefki|Spikes|p2a: Heatran
|-sidestart|p2: Pagoose|Spikes
|
|-weather|Sandstorm|[upkeep]
|-heal|p2a: Heatran|362\/386|[from] item: Leftovers
|turn|7
|
|move|p1a: Klefki|Light Screen|p1a: Klefki
|-sidestart|p1: EverZero|move: Light Screen
|move|p2a: Heatran|Lava Plume|p1a: Klefki
|-supereffective|p1a: Klefki
|-damage|p1a: Klefki|197\/318
|
|-weather|Sandstorm|[upkeep]
|-heal|p2a: Heatran|386\/386|[from] item: Leftovers
|turn|8
|
|switch|p2a: Rhyperior|Rhyperior, M|434\/434
|-damage|p2a: Rhyperior|407\/434|[from] Stealth Rock
|-damage|p2a: Rhyperior|353\/434|[from] Spikes
|move|p1a: Klefki|Spikes|p2a: Rhyperior
|-sidestart|p2: Pagoose|Spikes
|
|-weather|none
|-heal|p2a: Rhyperior|380\/434|[from] item: Leftovers
|turn|9
|
|move|p1a: Klefki|Toxic|p2a: Rhyperior
|-status|p2a: Rhyperior|tox
|move|p2a: Rhyperior|Earthquake|p1a: Klefki
|-supereffective|p1a: Klefki
|-damage|p1a: Klefki|85\/318
|
|-heal|p2a: Rhyperior|407\/434 tox|[from] item: Leftovers
|-damage|p2a: Rhyperior|380\/434 tox|[from] psn
|turn|10
|
|move|p1a: Klefki|Toxic|p2a: Rhyperior
|-fail|p2a: Rhyperior|tox
|move|p2a: Rhyperior|Rest|p2a: Rhyperior
|-status|p2a: Rhyperior|slp
|-heal|p2a: Rhyperior|434\/434 slp|[silent]
|-status|p2a: Rhyperior|slp|[from] move: Rest
|
|turn|11
|
|move|p1a: Klefki|Toxic|p2a: Rhyperior
|-fail|p2a: Rhyperior
|cant|p2a: Rhyperior|slp
|
|turn|12
|
|move|p1a: Klefki|Toxic|p2a: Rhyperior
|-fail|p2a: Rhyperior
|cant|p2a: Rhyperior|slp
|
|-sideend|p1: EverZero|Reflect
|turn|13
|
|move|p1a: Klefki|Reflect|p1a: Klefki
|-sidestart|p1: EverZero|Reflect
|-curestatus|p2a: Rhyperior|slp
|move|p2a: Rhyperior|Earthquake|p1a: Klefki
|-supereffective|p1a: Klefki
|-damage|p1a: Klefki|0 fnt
|faint|p1a: Klefki
|
|
|switch|p1a: Tentacruel|Tentacruel, F|364\/364
|-damage|p1a: Tentacruel|273\/364|[from] Spikes
|turn|14
|
|move|p1a: Tentacruel|Rapid Spin|p2a: Rhyperior
|-resisted|p2a: Rhyperior
|-damage|p2a: Rhyperior|431\/434
|-sideend|p1: EverZero|Spikes|[from] move: Rapid Spin|[of] p1a: Tentacruel
|move|p2a: Rhyperior|Earthquake|p1a: Tentacruel
|-supereffective|p1a: Tentacruel
|-damage|p1a: Tentacruel|119\/364
|
|-heal|p1a: Tentacruel|141\/364|[from] item: Black Sludge
|-heal|p2a: Rhyperior|434\/434|[from] item: Leftovers
|-sideend|p1: EverZero|move: Light Screen
|turn|15
|
|move|p1a: Tentacruel|Scald|p2a: Rhyperior
|-supereffective|p2a: Rhyperior
|-damage|p2a: Rhyperior|20\/434
|move|p2a: Rhyperior|Earthquake|p1a: Tentacruel
|-supereffective|p1a: Tentacruel
|-damage|p1a: Tentacruel|3\/364
|
|-heal|p1a: Tentacruel|25\/364|[from] item: Black Sludge
|-heal|p2a: Rhyperior|47\/434|[from] item: Leftovers
|turn|16
|c|âPagoose|nuuuu
|
|switch|p2a: Altaria|Altaria-Mega, M|332\/354
|-damage|p2a: Altaria|273\/354|[from] Spikes
|-damage|p2a: Altaria|229\/354|[from] Stealth Rock
|move|p1a: Tentacruel|Scald|p2a: Altaria
|-resisted|p2a: Altaria
|-damage|p2a: Altaria|202\/354
|-status|p2a: Altaria|brn
|
|-heal|p1a: Tentacruel|47\/364|[from] item: Black Sludge
|-damage|p2a: Altaria|158\/354 brn|[from] brn
|turn|17
|
|switch|p1a: Sylveon|Sylveon, F|394\/394
|move|p2a: Altaria|Hyper Voice|p1a: Sylveon
|-damage|p1a: Sylveon|301\/394
|
|-heal|p1a: Sylveon|325\/394|[from] item: Leftovers
|-damage|p2a: Altaria|114\/354 brn|[from] brn
|turn|18
|
|move|p2a: Altaria|Roost|p2a: Altaria
|-heal|p2a: Altaria|291\/354 brn
|move|p1a: Sylveon|Wish|p1a: Sylveon
|
|-heal|p1a: Sylveon|349\/394|[from] item: Leftovers
|-damage|p2a: Altaria|247\/354 brn|[from] brn
|turn|19
|
|move|p2a: Altaria|Heal Bell|p2a: Altaria
|-cureteam|p2a: Altaria|[from] move: HealBell
|move|p1a: Sylveon|Hyper Voice|p2a: Altaria
|-supereffective|p2a: Altaria
|-damage|p2a: Altaria|29\/354
|
|-heal|p1a: Sylveon|394\/394|[from] move: Wish|[wisher] Sylveon
|turn|20
|c|âPagoose|oops
|c|âPagoose|misclick
|c|âPagoose|whatever
|
|switch|p2a: Heatran|Heatran, M|386\/386
|-damage|p2a: Heatran|322\/386|[from] Spikes
|-damage|p2a: Heatran|274\/386|[from] Stealth Rock
|move|p1a: Sylveon|Wish|p1a: Sylveon
|
|-heal|p2a: Heatran|298\/386|[from] item: Leftovers
|-sideend|p1: EverZero|Reflect
|turn|21
|
|switch|p1a: Hippowdon|Hippowdon, F|420\/420
|-weather|Sandstorm
|move|p2a: Heatran|Lava Plume|p1a: Hippowdon
|-damage|p1a: Hippowdon|258\/420
|
|-weather|Sandstorm|[upkeep]
|-heal|p1a: Hippowdon|420\/420|[from] move: Wish|[wisher] Sylveon
|-heal|p2a: Heatran|322\/386|[from] item: Leftovers
|turn|22
|
|switch|p2a: Chesnaught|Chesnaught, F|288\/380
|-damage|p2a: Chesnaught|225\/380|[from] Spikes
|-damage|p2a: Chesnaught|202\/380|[from] Stealth Rock
|move|p1a: Hippowdon|Whirlwind|p2a: Chesnaught
|drag|p2a: Altaria|Altaria-Mega, M|29\/354
|-damage|p2a: Altaria|0 fnt|[from] Stealth Rock
|faint|p2a: Altaria
|
|-weather|Sandstorm|[upkeep]
|
|switch|p2a: Chesnaught|Chesnaught, F|202\/380
|-damage|p2a: Chesnaught|139\/380|[from] Spikes
|-damage|p2a: Chesnaught|116\/380|[from] Stealth Rock
|turn|23
|
|move|p2a: Chesnaught|Spikes|p1a: Hippowdon
|-sidestart|p1: EverZero|Spikes
|move|p1a: Hippowdon|Whirlwind|p2a: Chesnaught
|drag|p2a: Heatran|Heatran, M|322\/386
|-damage|p2a: Heatran|274\/386|[from] Stealth Rock
|-damage|p2a: Heatran|210\/386|[from] Spikes
|
|-weather|Sandstorm|[upkeep]
|-heal|p2a: Heatran|234\/386|[from] item: Leftovers
|turn|24
|
|switch|p2a: Alomomola|Alomomola, F|534\/534
|-damage|p2a: Alomomola|468\/534|[from] Stealth Rock
|-damage|p2a: Alomomola|379\/534|[from] Spikes
|move|p1a: Hippowdon|Earthquake|p2a: Alomomola
|-damage|p2a: Alomomola|273\/534
|
|-weather|Sandstorm|[upkeep]
|-damage|p2a: Alomomola|240\/534|[from] sandstorm
|-heal|p2a: Alomomola|273\/534|[from] item: Leftovers
|turn|25
|
|move|p2a: Alomomola|Wish|p2a: Alomomola
|move|p1a: Hippowdon|Whirlwind|p2a: Alomomola
|drag|p2a: Heatran|Heatran, M|234\/386
|-damage|p2a: Heatran|186\/386|[from] Stealth Rock
|-damage|p2a: Heatran|122\/386|[from] Spikes
|
|-weather|Sandstorm|[upkeep]
|-heal|p2a: Heatran|146\/386|[from] item: Leftovers
|turn|26
|
|switch|p2a: Chesnaught|Chesnaught, F|116\/380
|-damage|p2a: Chesnaught|93\/380|[from] Stealth Rock
|-damage|p2a: Chesnaught|30\/380|[from] Spikes
|move|p1a: Hippowdon|Whirlwind|p2a: Chesnaught
|drag|p2a: Rhyperior|Rhyperior, M|47\/434
|-damage|p2a: Rhyperior|0 fnt|[from] Spikes
|faint|p2a: Rhyperior
|
|-weather|Sandstorm|[upkeep]
|
|switch|p2a: Alomomola|Alomomola, F|451\/534
|-damage|p2a: Alomomola|385\/534|[from] Stealth Rock
|-damage|p2a: Alomomola|296\/534|[from] Spikes
|turn|27
|
|move|p2a: Alomomola|Toxic|p1a: Hippowdon
|-status|p1a: Hippowdon|tox
|move|p1a: Hippowdon|Whirlwind|p2a: Alomomola
|drag|p2a: Gliscor|Gliscor, M|354\/354
|-damage|p2a: Gliscor|310\/354|[from] Stealth Rock
|
|-weather|Sandstorm|[upkeep]
|-damage|p1a: Hippowdon|394\/420 tox|[from] psn
|-status|p2a: Gliscor|tox|[from] item: Toxic Orb
|turn|28
|
|move|p2a: Gliscor|Taunt|p1a: Hippowdon
|-start|p1a: Hippowdon|move: Taunt
|cant|p1a: Hippowdon|move: Taunt|Whirlwind
|
|-weather|none
|-heal|p2a: Gliscor|354\/354 tox|[from] ability: Poison Heal
|-damage|p1a: Hippowdon|342\/420 tox|[from] psn
|turn|29
|
|switch|p2a: Alomomola|Alomomola, F|474\/534
|-damage|p2a: Alomomola|408\/534|[from] Stealth Rock
|-damage|p2a: Alomomola|319\/534|[from] Spikes
|switch|p1a: Tyranitar|Tyranitar, M|404\/404
|-damage|p1a: Tyranitar|354\/404|[from] Spikes
|-weather|Sandstorm
|
|-weather|Sandstorm|[upkeep]
|-damage|p2a: Alomomola|286\/534|[from] sandstorm
|-heal|p2a: Alomomola|319\/534|[from] item: Leftovers
|turn|30
|
|move|p2a: Alomomola|Toxic|p1a: Tyranitar
|-status|p1a: Tyranitar|tox
|move|p1a: Tyranitar|Substitute|p1a: Tyranitar
|-start|p1a: Tyranitar|Substitute
|-damage|p1a: Tyranitar|253\/404 tox
|
|-weather|Sandstorm|[upkeep]
|-damage|p2a: Alomomola|286\/534|[from] sandstorm
|-heal|p2a: Alomomola|319\/534|[from] item: Leftovers
|-damage|p1a: Tyranitar|228\/404 tox|[from] psn
|turn|31
|
|move|p2a: Alomomola|Wish|p2a: Alomomola
|move|p1a: Tyranitar|Crunch|p2a: Alomomola
|-damage|p2a: Alomomola|159\/534
|-damage|p1a: Tyranitar|188\/404 tox|[from] item: Life Orb
|
|-weather|Sandstorm|[upkeep]
|-damage|p2a: Alomomola|126\/534|[from] sandstorm
|-heal|p2a: Alomomola|159\/534|[from] item: Leftovers
|-damage|p1a: Tyranitar|138\/404 tox|[from] psn
|turn|32
|
|switch|p1a: Sylveon|Sylveon, F|394\/394
|-damage|p1a: Sylveon|345\/394|[from] Spikes
|move|p2a: Alomomola|Protect|p2a: Alomomola
|-fail|p2a: Alomomola
|
|-weather|Sandstorm|[upkeep]
|-damage|p2a: Alomomola|126\/534|[from] sandstorm
|-damage|p1a: Sylveon|321\/394|[from] sandstorm
|-heal|p2a: Alomomola|393\/534|[from] move: Wish|[wisher] Alomomola
|-heal|p2a: Alomomola|426\/534|[from] item: Leftovers
|-heal|p1a: Sylveon|345\/394|[from] item: Leftovers
|turn|33
|
|switch|p2a: Gliscor|Gliscor, M|354\/354 tox
|-damage|p2a: Gliscor|310\/354 tox|[from] Stealth Rock
|move|p1a: Sylveon|Heal Bell|p1a: Sylveon
|-cureteam|p1a: Sylveon|[from] move: HealBell
|
|-weather|none
|-heal|p1a: Sylveon|369\/394|[from] item: Leftovers
|-heal|p2a: Gliscor|354\/354 tox|[from] ability: Poison Heal
|turn|34
|
|move|p2a: Gliscor|Toxic|p1a: Sylveon
|-status|p1a: Sylveon|tox
|move|p1a: Sylveon|Wish|p1a: Sylveon
|
|-heal|p1a: Sylveon|393\/394 tox|[from] item: Leftovers
|-damage|p1a: Sylveon|369\/394 tox|[from] psn
|turn|35
|
|switch|p2a: Chesnaught|Chesnaught, F|30\/380
|-damage|p2a: Chesnaught|0 fnt|[from] Spikes
|faint|p2a: Chesnaught
|switch|p1a: Tentacruel|Tentacruel, F|47\/364
|-damage|p1a: Tentacruel|2\/364|[from] Spikes
|
|-heal|p1a: Tentacruel|199\/364|[from] move: Wish|[wisher] Sylveon
|-heal|p1a: Tentacruel|221\/364|[from] item: Black Sludge
|
|switch|p2a: Gliscor|Gliscor, M|354\/354 tox
|-damage|p2a: Gliscor|310\/354 tox|[from] Stealth Rock
|turn|36
|
|switch|p1a: Hippowdon|Hippowdon, F|342\/420
|-damage|p1a: Hippowdon|290\/420|[from] Spikes
|-weather|Sandstorm
|move|p2a: Gliscor|Knock Off|p1a: Hippowdon
|-crit|p1a: Hippowdon
|-damage|p1a: Hippowdon|220\/420
|-enditem|p1a: Hippowdon|Smooth Rock|[from] move: Knock Off|[of] p2a: Gliscor
|
|-weather|Sandstorm|[upkeep]
|-heal|p2a: Gliscor|354\/354 tox|[from] ability: Poison Heal
|turn|37
|
|move|p2a: Gliscor|Taunt|p1a: Hippowdon
|-start|p1a: Hippowdon|move: Taunt
|cant|p1a: Hippowdon|move: Taunt|Whirlwind
|
|-weather|Sandstorm|[upkeep]
|turn|38
|
|switch|p1a: Sylveon|Sylveon, F|369\/394 tox
|-damage|p1a: Sylveon|320\/394 tox|[from] Spikes
|move|p2a: Gliscor|Toxic|p1a: Sylveon
|-fail|p1a: Sylveon|tox
|
|-weather|Sandstorm|[upkeep]
|-damage|p1a: Sylveon|296\/394 tox|[from] sandstorm
|-heal|p1a: Sylveon|320\/394 tox|[from] item: Leftovers
|-damage|p1a: Sylveon|296\/394 tox|[from] psn
|turn|39
|
|move|p2a: Gliscor|Taunt|p1a: Sylveon
|-start|p1a: Sylveon|move: Taunt
|cant|p1a: Sylveon|move: Taunt|Wish
|
|-weather|Sandstorm|[upkeep]
|-damage|p1a: Sylveon|272\/394 tox|[from] sandstorm
|-heal|p1a: Sylveon|296\/394 tox|[from] item: Leftovers
|-damage|p1a: Sylveon|248\/394 tox|[from] psn
|turn|40
|
|switch|p1a: Hippowdon|Hippowdon, F|220\/420
|-damage|p1a: Hippowdon|168\/420|[from] Spikes
|move|p2a: Gliscor|Knock Off|p1a: Hippowdon
|-damage|p1a: Hippowdon|135\/420
|
|-weather|Sandstorm|[upkeep]
|turn|41
|
|switch|p1a: Tentacruel|Tentacruel, F|221\/364
|-damage|p1a: Tentacruel|176\/364|[from] Spikes
|move|p2a: Gliscor|Taunt|p1a: Tentacruel
|-start|p1a: Tentacruel|move: Taunt
|
|-weather|Sandstorm|[upkeep]
|-damage|p1a: Tentacruel|154\/364|[from] sandstorm
|-heal|p1a: Tentacruel|176\/364|[from] item: Black Sludge
|turn|42
|
|move|p2a: Gliscor|Knock Off|p1a: Tentacruel
|-crit|p1a: Tentacruel
|-damage|p1a: Tentacruel|70\/364
|-enditem|p1a: Tentacruel|Black Sludge|[from] move: Knock Off|[of] p2a: Gliscor
|move|p1a: Tentacruel|Scald|p2a: Gliscor
|-supereffective|p2a: Gliscor
|-damage|p2a: Gliscor|196\/354 tox
|
|-weather|Sandstorm|[upkeep]
|-damage|p1a: Tentacruel|48\/364|[from] sandstorm
|-heal|p2a: Gliscor|240\/354 tox|[from] ability: Poison Heal
|turn|43
|
|move|p2a: Gliscor|Roost|p2a: Gliscor
|-heal|p2a: Gliscor|354\/354 tox
|move|p1a: Tentacruel|Rapid Spin|p2a: Gliscor
|-damage|p2a: Gliscor|344\/354 tox
|-sideend|p1: EverZero|Spikes|[from] move: Rapid Spin|[of] p1a: Tentacruel
|
|-weather|none
|-heal|p2a: Gliscor|354\/354 tox|[from] ability: Poison Heal
|turn|44
|
|switch|p1a: Hippowdon|Hippowdon, F|135\/420
|-weather|Sandstorm
|move|p2a: Gliscor|Knock Off|p1a: Hippowdon
|-damage|p1a: Hippowdon|104\/420
|
|-weather|Sandstorm|[upkeep]
|turn|45
|
|switch|p1a: Steelix|Steelix, F|354\/354
|move|p2a: Gliscor|Taunt|p1a: Steelix
|-start|p1a: Steelix|move: Taunt
|
|-weather|Sandstorm|[upkeep]
|turn|46
|
|switch|p2a: Alomomola|Alomomola, F|534\/534
|-damage|p2a: Alomomola|468\/534|[from] Stealth Rock
|-damage|p2a: Alomomola|379\/534|[from] Spikes
|detailschange|p1a: Steelix|Steelix-Mega, F
|message|Steelix has Mega Evolved into Mega Steelix!
|move|p1a: Steelix|Heavy Slam|p2a: Alomomola
|-resisted|p2a: Alomomola
|-damage|p2a: Alomomola|255\/534
|
|-weather|Sandstorm|[upkeep]
|-damage|p2a: Alomomola|222\/534|[from] sandstorm
|-heal|p2a: Alomomola|255\/534|[from] item: Leftovers
|turn|47
|
|move|p2a: Alomomola|Wish|p2a: Alomomola
|move|p1a: Steelix|Earthquake|p2a: Alomomola
|-damage|p2a: Alomomola|66\/534
|
|-weather|Sandstorm|[upkeep]
|-damage|p2a: Alomomola|33\/534|[from] sandstorm
|-heal|p2a: Alomomola|66\/534|[from] item: Leftovers
|turn|48
|
|switch|p1a: Sylveon|Sylveon, F|248\/394 tox
|move|p2a: Alomomola|Protect|p2a: Alomomola
|-fail|p2a: Alomomola
|
|-weather|none
|-heal|p2a: Alomomola|333\/534|[from] move: Wish|[wisher] Alomomola
|-heal|p2a: Alomomola|366\/534|[from] item: Leftovers
|-heal|p1a: Sylveon|272\/394 tox|[from] item: Leftovers
|-damage|p1a: Sylveon|248\/394 tox|[from] psn
|turn|49
|
|switch|p2a: Heatran|Heatran, M|146\/386
|-damage|p2a: Heatran|82\/386|[from] Spikes
|-damage|p2a: Heatran|34\/386|[from] Stealth Rock
|move|p1a: Sylveon|Heal Bell|p1a: Sylveon
|-cureteam|p1a: Sylveon|[from] move: HealBell
|
|-heal|p2a: Heatran|58\/386|[from] item: Leftovers
|-heal|p1a: Sylveon|272\/394|[from] item: Leftovers
|turn|50
|
|move|p2a: Heatran|Taunt|p1a: Sylveon
|-start|p1a: Sylveon|move: Taunt
|cant|p1a: Sylveon|move: Taunt|Wish
|
|-heal|p2a: Heatran|82\/386|[from] item: Leftovers
|-heal|p1a: Sylveon|296\/394|[from] item: Leftovers
|turn|51
|
|move|p2a: Heatran|Stealth Rock|p1a: Sylveon
|-sidestart|p1: EverZero|move: Stealth Rock
|move|p1a: Sylveon|Hyper Voice|p2a: Heatran
|-resisted|p2a: Heatran
|-damage|p2a: Heatran|56\/386
|
|-heal|p2a: Heatran|80\/386|[from] item: Leftovers
|-heal|p1a: Sylveon|320\/394|[from] item: Leftovers
|turn|52
|
|switch|p1a: Tyranitar|Tyranitar, M|138\/404
|-damage|p1a: Tyranitar|88\/404|[from] Stealth Rock
|-weather|Sandstorm
|move|p2a: Heatran|Toxic|p1a: Tyranitar
|-status|p1a: Tyranitar|tox
|
|-weather|Sandstorm|[upkeep]
|-heal|p2a: Heatran|104\/386|[from] item: Leftovers
|-damage|p1a: Tyranitar|63\/404 tox|[from] psn
|turn|53
|
|move|p2a: Heatran|Lava Plume|p1a: Tyranitar
|-resisted|p1a: Tyranitar
|-damage|p1a: Tyranitar|24\/404 tox
|move|p1a: Tyranitar|Crunch|p2a: Heatran
|-damage|p2a: Heatran|0 fnt
|-damage|p1a: Tyranitar|0 fnt|[from] item: Life Orb
|faint|p2a: Heatran
|faint|p1a: Tyranitar
|
|-weather|Sandstorm|[upkeep]
|
|switch|p2a: Gliscor|Gliscor, M|354\/354 tox
|-damage|p2a: Gliscor|310\/354 tox|[from] Stealth Rock
|switch|p1a: Sylveon|Sylveon, F|320\/394
|-damage|p1a: Sylveon|271\/394|[from] Stealth Rock
|turn|54
|
|move|p1a: Sylveon|Protect|p1a: Sylveon
|-singleturn|p1a: Sylveon|Protect
|move|p2a: Gliscor|Toxic|p1a: Sylveon
|-activate|p1a: Sylveon|Protect
|
|-weather|Sandstorm|[upkeep]
|-damage|p1a: Sylveon|247\/394|[from] sandstorm
|-heal|p1a: Sylveon|271\/394|[from] item: Leftovers
|-heal|p2a: Gliscor|354\/354 tox|[from] ability: Poison Heal
|turn|55
|
|move|p2a: Gliscor|Toxic|p1a: Sylveon
|-status|p1a: Sylveon|tox
|move|p1a: Sylveon|Wish|p1a: Sylveon
|
|-weather|Sandstorm|[upkeep]
|-damage|p1a: Sylveon|247\/394 tox|[from] sandstorm
|-heal|p1a: Sylveon|271\/394 tox|[from] item: Leftovers
|-damage|p1a: Sylveon|247\/394 tox|[from] psn
|turn|56
|
|switch|p1a: Tentacruel|Tentacruel, F|48\/364
|-damage|p1a: Tentacruel|3\/364|[from] Stealth Rock
|move|p2a: Gliscor|Knock Off|p1a: Tentacruel
|-damage|p1a: Tentacruel|0 fnt
|faint|p1a: Tentacruel
|
|-weather|none
|
|switch|p1a: Steelix|Steelix-Mega, F|354\/354
|-damage|p1a: Steelix|343\/354|[from] Stealth Rock
|turn|57
|
|switch|p2a: Alomomola|Alomomola, F|534\/534
|-damage|p2a: Alomomola|445\/534|[from] Spikes
|-damage|p2a: Alomomola|379\/534|[from] Stealth Rock
|move|p1a: Steelix|Heavy Slam|p2a: Alomomola
|-resisted|p2a: Alomomola
|-damage|p2a: Alomomola|283\/534
|
|-heal|p2a: Alomomola|316\/534|[from] item: Leftovers
|turn|58
|
|switch|p1a: Sylveon|Sylveon, F|247\/394 tox
|-damage|p1a: Sylveon|198\/394 tox|[from] Stealth Rock
|move|p2a: Alomomola|Wish|p2a: Alomomola
|
|-heal|p2a: Alomomola|349\/534|[from] item: Leftovers
|-heal|p1a: Sylveon|222\/394 tox|[from] item: Leftovers
|-damage|p1a: Sylveon|198\/394 tox|[from] psn
|turn|59
|
|switch|p2a: Gliscor|Gliscor, M|354\/354 tox
|-damage|p2a: Gliscor|310\/354 tox|[from] Stealth Rock
|move|p1a: Sylveon|Wish|p1a: Sylveon
|
|-heal|p2a: Gliscor|354\/354 tox|[from] move: Wish|[wisher] Alomomola
|-heal|p1a: Sylveon|222\/394 tox|[from] item: Leftovers
|-damage|p1a: Sylveon|174\/394 tox|[from] psn
|turn|60
|
|switch|p1a: Hippowdon|Hippowdon, F|104\/420
|-damage|p1a: Hippowdon|78\/420|[from] Stealth Rock
|-weather|Sandstorm
|move|p2a: Gliscor|Toxic|p1a: Hippowdon
|-status|p1a: Hippowdon|tox
|
|-weather|Sandstorm|[upkeep]
|-heal|p1a: Hippowdon|275\/420 tox|[from] move: Wish|[wisher] Sylveon
|-damage|p1a: Hippowdon|249\/420 tox|[from] psn
|turn|61
|
|switch|p1a: Steelix|Steelix-Mega, F|343\/354
|-damage|p1a: Steelix|332\/354|[from] Stealth Rock
|move|p2a: Gliscor|Taunt|p1a: Steelix
|-start|p1a: Steelix|move: Taunt
|
|-weather|Sandstorm|[upkeep]
|turn|62
|
|switch|p2a: Alomomola|Alomomola, F|527\/534
|-damage|p2a: Alomomola|461\/534|[from] Stealth Rock
|-damage|p2a: Alomomola|372\/534|[from] Spikes
|move|p1a: Steelix|Stone Edge|p2a: Alomomola
|-damage|p2a: Alomomola|234\/534
|
|-weather|Sandstorm|[upkeep]
|-damage|p2a: Alomomola|201\/534|[from] sandstorm
|-heal|p2a: Alomomola|234\/534|[from] item: Leftovers
|turn|63
|
|switch|p1a: Sylveon|Sylveon, F|174\/394 tox
|-damage|p1a: Sylveon|125\/394 tox|[from] Stealth Rock
|move|p2a: Alomomola|Wish|p2a: Alomomola
|
|-weather|Sandstorm|[upkeep]
|-damage|p2a: Alomomola|201\/534|[from] sandstorm
|-damage|p1a: Sylveon|101\/394 tox|[from] sandstorm
|-heal|p2a: Alomomola|234\/534|[from] item: Leftovers
|-heal|p1a: Sylveon|125\/394 tox|[from] item: Leftovers
|-damage|p1a: Sylveon|101\/394 tox|[from] psn
|turn|64
|
|move|p2a: Alomomola|Protect|p2a: Alomomola
|-singleturn|p2a: Alomomola|Protect
|move|p1a: Sylveon|Heal Bell|p1a: Sylveon
|-cureteam|p1a: Sylveon|[from] move: HealBell
|
|-weather|none
|-heal|p2a: Alomomola|501\/534|[from] move: Wish|[wisher] Alomomola
|-heal|p2a: Alomomola|534\/534|[from] item: Leftovers
|-heal|p1a: Sylveon|125\/394|[from] item: Leftovers
|turn|65
|
|switch|p2a: Gliscor|Gliscor, M|354\/354 tox
|-damage|p2a: Gliscor|310\/354 tox|[from] Stealth Rock
|move|p1a: Sylveon|Wish|p1a: Sylveon
|
|-heal|p1a: Sylveon|149\/394|[from] item: Leftovers
|-heal|p2a: Gliscor|354\/354 tox|[from] ability: Poison Heal
|turn|66
|
|move|p1a: Sylveon|Protect|p1a: Sylveon
|-singleturn|p1a: Sylveon|Protect
|move|p2a: Gliscor|Toxic|p1a: Sylveon
|-activate|p1a: Sylveon|Protect
|
|-heal|p1a: Sylveon|346\/394|[from] move: Wish|[wisher] Sylveon
|-heal|p1a: Sylveon|370\/394|[from] item: Leftovers
|turn|67
|
|switch|p2a: Alomomola|Alomomola, F|534\/534
|-damage|p2a: Alomomola|468\/534|[from] Stealth Rock
|-damage|p2a: Alomomola|379\/534|[from] Spikes
|switch|p1a: Steelix|Steelix-Mega, F|332\/354
|-damage|p1a: Steelix|321\/354|[from] Stealth Rock
|
|-heal|p2a: Alomomola|412\/534|[from] item: Leftovers
|turn|68
|
|switch|p1a: Hippowdon|Hippowdon, F|249\/420
|-damage|p1a: Hippowdon|223\/420|[from] Stealth Rock
|-weather|Sandstorm
|move|p2a: Alomomola|Scald|p1a: Hippowdon
|-supereffective|p1a: Hippowdon
|-damage|p1a: Hippowdon|97\/420
|
|-weather|Sandstorm|[upkeep]
|-damage|p2a: Alomomola|379\/534|[from] sandstorm
|-heal|p2a: Alomomola|412\/534|[from] item: Leftovers
|turn|69
|
|switch|p1a: Sylveon|Sylveon, F|370\/394
|-damage|p1a: Sylveon|321\/394|[from] Stealth Rock
|move|p2a: Alomomola|Toxic|p1a: Sylveon
|-status|p1a: Sylveon|tox
|
|-weather|Sandstorm|[upkeep]
|-damage|p2a: Alomomola|379\/534|[from] sandstorm
|-damage|p1a: Sylveon|297\/394 tox|[from] sandstorm
|-heal|p2a: Alomomola|412\/534|[from] item: Leftovers
|-heal|p1a: Sylveon|321\/394 tox|[from] item: Leftovers
|-damage|p1a: Sylveon|297\/394 tox|[from] psn
|turn|70
|
|switch|p2a: Gliscor|Gliscor, M|354\/354 tox
|-damage|p2a: Gliscor|310\/354 tox|[from] Stealth Rock
|move|p1a: Sylveon|Wish|p1a: Sylveon
|
|-weather|Sandstorm|[upkeep]
|-damage|p1a: Sylveon|273\/394 tox|[from] sandstorm
|-heal|p1a: Sylveon|297\/394 tox|[from] item: Leftovers
|-heal|p2a: Gliscor|354\/354 tox|[from] ability: Poison Heal
|-damage|p1a: Sylveon|249\/394 tox|[from] psn
|turn|71
|
|switch|p1a: Hippowdon|Hippowdon, F|97\/420
|-damage|p1a: Hippowdon|71\/420|[from] Stealth Rock
|move|p2a: Gliscor|Taunt|p1a: Hippowdon
|-start|p1a: Hippowdon|move: Taunt
|
|-weather|Sandstorm|[upkeep]
|-heal|p1a: Hippowdon|268\/420|[from] move: Wish|[wisher] Sylveon
|turn|72
|
|switch|p2a: Alomomola|Alomomola, F|534\/534
|-damage|p2a: Alomomola|468\/534|[from] Stealth Rock
|-damage|p2a: Alomomola|379\/534|[from] Spikes
|switch|p1a: Steelix|Steelix-Mega, F|321\/354
|-damage|p1a: Steelix|310\/354|[from] Stealth Rock
|
|-weather|none
|-heal|p2a: Alomomola|412\/534|[from] item: Leftovers
|turn|73
|
|switch|p1a: Sylveon|Sylveon, F|249\/394 tox
|-damage|p1a: Sylveon|200\/394 tox|[from] Stealth Rock
|move|p2a: Alomomola|Scald|p1a: Sylveon
|-damage|p1a: Sylveon|172\/394 tox
|
|-heal|p2a: Alomomola|445\/534|[from] item: Leftovers
|-heal|p1a: Sylveon|196\/394 tox|[from] item: Leftovers
|-damage|p1a: Sylveon|172\/394 tox|[from] psn
|turn|74
|
|switch|p2a: Gliscor|Gliscor, M|354\/354 tox
|-damage|p2a: Gliscor|310\/354 tox|[from] Stealth Rock
|move|p1a: Sylveon|Wish|p1a: Sylveon
|
|-heal|p1a: Sylveon|196\/394 tox|[from] item: Leftovers
|-heal|p2a: Gliscor|354\/354 tox|[from] ability: Poison Heal
|-damage|p1a: Sylveon|148\/394 tox|[from] psn
|turn|75
|
|move|p2a: Gliscor|Knock Off|p1a: Sylveon
|-resisted|p1a: Sylveon
|-damage|p1a: Sylveon|93\/394 tox
|-enditem|p1a: Sylveon|Leftovers|[from] move: Knock Off|[of] p2a: Gliscor
|move|p1a: Sylveon|Heal Bell|p1a: Sylveon
|-cureteam|p1a: Sylveon|[from] move: HealBell
|
|-heal|p1a: Sylveon|290\/394|[from] move: Wish|[wisher] Sylveon
|turn|76
|
|switch|p1a: Steelix|Steelix-Mega, F|310\/354
|-damage|p1a: Steelix|299\/354|[from] Stealth Rock
|move|p2a: Gliscor|Taunt|p1a: Steelix
|-start|p1a: Steelix|move: Taunt
|
|turn|77
|
|switch|p2a: Alomomola|Alomomola, F|534\/534
|-damage|p2a: Alomomola|468\/534|[from] Stealth Rock
|-damage|p2a: Alomomola|379\/534|[from] Spikes
|switch|p1a: Sylveon|Sylveon, F|290\/394
|-damage|p1a: Sylveon|241\/394|[from] Stealth Rock
|
|-heal|p2a: Alomomola|412\/534|[from] item: Leftovers
|turn|78
|
|switch|p2a: Gliscor|Gliscor, M|354\/354 tox
|-damage|p2a: Gliscor|310\/354 tox|[from] Stealth Rock
|move|p1a: Sylveon|Wish|p1a: Sylveon
|
|-heal|p2a: Gliscor|354\/354 tox|[from] ability: Poison Heal
|turn|79
|
|move|p1a: Sylveon|Protect|p1a: Sylveon
|-singleturn|p1a: Sylveon|Protect
|move|p2a: Gliscor|Toxic|p1a: Sylveon
|-activate|p1a: Sylveon|Protect
|
|-heal|p1a: Sylveon|394\/394|[from] move: Wish|[wisher] Sylveon
|turn|80
|
|switch|p2a: Alomomola|Alomomola, F|534\/534
|-damage|p2a: Alomomola|445\/534|[from] Spikes
|-damage|p2a: Alomomola|379\/534|[from] Stealth Rock
|switch|p1a: Steelix|Steelix-Mega, F|299\/354
|-damage|p1a: Steelix|288\/354|[from] Stealth Rock
|
|-heal|p2a: Alomomola|412\/534|[from] item: Leftovers
|turn|81
|
|switch|p1a: Sylveon|Sylveon, F|394\/394
|-damage|p1a: Sylveon|345\/394|[from] Stealth Rock
|move|p2a: Alomomola|Toxic|p1a: Sylveon
|-status|p1a: Sylveon|tox
|
|-heal|p2a: Alomomola|445\/534|[from] item: Leftovers
|-damage|p1a: Sylveon|321\/394 tox|[from] psn
|turn|82
|
|move|p2a: Alomomola|Wish|p2a: Alomomola
|move|p1a: Sylveon|Wish|p1a: Sylveon
|
|-heal|p2a: Alomomola|478\/534|[from] item: Leftovers
|-damage|p1a: Sylveon|273\/394 tox|[from] psn
|turn|83
|
|move|p2a: Alomomola|Scald|p1a: Sylveon
|-damage|p1a: Sylveon|246\/394 tox
|move|p1a: Sylveon|Hyper Voice|p2a: Alomomola
|-crit|p2a: Alomomola
|-damage|p2a: Alomomola|52\/534
|
|-heal|p2a: Alomomola|319\/534|[from] move: Wish|[wisher] Alomomola
|-heal|p1a: Sylveon|394\/394 tox|[from] move: Wish|[wisher] Sylveon
|-heal|p2a: Alomomola|352\/534|[from] item: Leftovers
|-damage|p1a: Sylveon|322\/394 tox|[from] psn
|turn|84
|
|switch|p2a: Gliscor|Gliscor, M|354\/354 tox
|-damage|p2a: Gliscor|310\/354 tox|[from] Stealth Rock
|move|p1a: Sylveon|Heal Bell|p1a: Sylveon
|-cureteam|p1a: Sylveon|[from] move: HealBell
|
|-heal|p2a: Gliscor|354\/354 tox|[from] ability: Poison Heal
|turn|85
|
|switch|p1a: Steelix|Steelix-Mega, F|288\/354
|-damage|p1a: Steelix|277\/354|[from] Stealth Rock
|move|p2a: Gliscor|Taunt|p1a: Steelix
|-start|p1a: Steelix|move: Taunt
|
|turn|86
|
|switch|p2a: Alomomola|Alomomola, F|530\/534
|-damage|p2a: Alomomola|464\/534|[from] Stealth Rock
|-damage|p2a: Alomomola|375\/534|[from] Spikes
|move|p1a: Steelix|Earthquake|p2a: Alomomola
|-damage|p2a: Alomomola|219\/534
|
|-heal|p2a: Alomomola|252\/534|[from] item: Leftovers
|turn|87
|
|move|p2a: Alomomola|Scald|p1a: Steelix
|-supereffective|p1a: Steelix
|-damage|p1a: Steelix|173\/354
|move|p1a: Steelix|Earthquake|p2a: Alomomola
|-damage|p2a: Alomomola|101\/534
|
|-heal|p2a: Alomomola|134\/534|[from] item: Leftovers
|turn|88
|
|move|p2a: Alomomola|Protect|p2a: Alomomola
|-singleturn|p2a: Alomomola|Protect
|move|p1a: Steelix|Earthquake|p2a: Alomomola
|-activate|p2a: Alomomola|Protect
|
|-heal|p2a: Alomomola|167\/534|[from] item: Leftovers
|-end|p1a: Steelix|move: Taunt
|turn|89
|
|move|p2a: Alomomola|Wish|p2a: Alomomola
|move|p1a: Steelix|Rest|p1a: Steelix
|-status|p1a: Steelix|slp
|-heal|p1a: Steelix|354\/354 slp|[silent]
|-status|p1a: Steelix|slp|[from] move: Rest
|
|-heal|p2a: Alomomola|200\/534|[from] item: Leftovers
|turn|90
|
|switch|p1a: Sylveon|Sylveon, F|322\/394
|-damage|p1a: Sylveon|273\/394|[from] Stealth Rock
|move|p2a: Alomomola|Scald|p1a: Sylveon
|-damage|p1a: Sylveon|248\/394
|
|-heal|p2a: Alomomola|467\/534|[from] move: Wish|[wisher] Alomomola
|-heal|p2a: Alomomola|500\/534|[from] item: Leftovers
|turn|91
|
|move|p2a: Alomomola|Toxic|p1a: Sylveon
|-status|p1a: Sylveon|tox
|move|p1a: Sylveon|Wish|p1a: Sylveon
|
|-heal|p2a: Alomomola|533\/534|[from] item: Leftovers
|-damage|p1a: Sylveon|224\/394 tox|[from] psn
|turn|92
|
|switch|p2a: Gliscor|Gliscor, M|354\/354 tox
|-damage|p2a: Gliscor|310\/354 tox|[from] Stealth Rock
|move|p1a: Sylveon|Heal Bell|p1a: Sylveon
|-cureteam|p1a: Sylveon|[from] move: HealBell
|
|-heal|p1a: Sylveon|394\/394|[from] move: Wish|[wisher] Sylveon
|-heal|p2a: Gliscor|354\/354 tox|[from] ability: Poison Heal
|turn|93
|
|switch|p1a: Steelix|Steelix-Mega, F|354\/354
|-damage|p1a: Steelix|343\/354|[from] Stealth Rock
|move|p2a: Gliscor|Taunt|p1a: Steelix
|-start|p1a: Steelix|move: Taunt
|
|turn|94
|
|switch|p2a: Alomomola|Alomomola, F|534\/534
|-damage|p2a: Alomomola|468\/534|[from] Stealth Rock
|-damage|p2a: Alomomola|379\/534|[from] Spikes
|move|p1a: Steelix|Heavy Slam|p2a: Alomomola
|-resisted|p2a: Alomomola
|-damage|p2a: Alomomola|291\/534
|
|-heal|p2a: Alomomola|324\/534|[from] item: Leftovers
|turn|95
|
|move|p2a: Alomomola|Scald|p1a: Steelix
|-supereffective|p1a: Steelix
|-damage|p1a: Steelix|247\/354
|-status|p1a: Steelix|brn
|move|p1a: Steelix|Earthquake|p2a: Alomomola
|-damage|p2a: Alomomola|239\/534
|
|-heal|p2a: Alomomola|272\/534|[from] item: Leftovers
|-damage|p1a: Steelix|203\/354 brn|[from] brn
|turn|96
|
|switch|p1a: Sylveon|Sylveon, F|394\/394
|-damage|p1a: Sylveon|345\/394|[from] Stealth Rock
|move|p2a: Alomomola|Wish|p2a: Alomomola
|
|-heal|p2a: Alomomola|305\/534|[from] item: Leftovers
|turn|97
|
|switch|p1a: Steelix|Steelix-Mega, F|203\/354 brn
|-damage|p1a: Steelix|192\/354 brn|[from] Stealth Rock
|move|p2a: Alomomola|Protect|p2a: Alomomola
|-fail|p2a: Alomomola
|
|-heal|p2a: Alomomola|534\/534|[from] move: Wish|[wisher] Alomomola
|-damage|p1a: Steelix|148\/354 brn|[from] brn
|turn|98
|
|switch|p2a: Gliscor|Gliscor, M|354\/354 tox
|-damage|p2a: Gliscor|310\/354 tox|[from] Stealth Rock
|move|p1a: Steelix|Rest|p1a: Steelix
|-status|p1a: Steelix|slp
|-heal|p1a: Steelix|354\/354 slp|[silent]
|-status|p1a: Steelix|slp|[from] move: Rest
|
|-heal|p2a: Gliscor|354\/354 tox|[from] ability: Poison Heal
|turn|99
|
|switch|p2a: Alomomola|Alomomola, F|534\/534
|-damage|p2a: Alomomola|468\/534|[from] Stealth Rock
|-damage|p2a: Alomomola|379\/534|[from] Spikes
|cant|p1a: Steelix|slp
|
|-heal|p2a: Alomomola|412\/534|[from] item: Leftovers
|turn|100
|
|switch|p2a: Gliscor|Gliscor, M|354\/354 tox
|-damage|p2a: Gliscor|310\/354 tox|[from] Stealth Rock
|cant|p1a: Steelix|slp
|
|-heal|p2a: Gliscor|354\/354 tox|[from] ability: Poison Heal
|turn|101
|c|âPagoose|no offense
|
|switch|p2a: Alomomola|Alomomola, F|534\/534
|-damage|p2a: Alomomola|445\/534|[from] Spikes
|-damage|p2a: Alomomola|379\/534|[from] Stealth Rock
|-curestatus|p1a: Steelix|slp
|move|p1a: Steelix|Earthquake|p2a: Alomomola
|-damage|p2a: Alomomola|207\/534
|
|-heal|p2a: Alomomola|240\/534|[from] item: Leftovers
|turn|102
|c|âPagoose|but you cant win
|c|âPagoose|it might take another 150 turns
|c|âPagoose|though
|c|âPagoose|so can you please just forfeit to save us both tons of time?
|
|switch|p2a: Gliscor|Gliscor, M|354\/354 tox
|-damage|p2a: Gliscor|310\/354 tox|[from] Stealth Rock
|switch|p1a: Sylveon|Sylveon, F|345\/394
|-damage|p1a: Sylveon|296\/394|[from] Stealth Rock
|
|-heal|p2a: Gliscor|354\/354 tox|[from] ability: Poison Heal
|turn|103
|
|move|p2a: Gliscor|Taunt|p1a: Sylveon
|-start|p1a: Sylveon|move: Taunt
|move|p1a: Sylveon|Hyper Voice|p2a: Gliscor
|-damage|p2a: Gliscor|207\/354 tox
|
|-heal|p2a: Gliscor|251\/354 tox|[from] ability: Poison Heal
|turn|104
|
|switch|p1a: Steelix|Steelix-Mega, F|354\/354
|-damage|p1a: Steelix|343\/354|[from] Stealth Rock
|move|p2a: Gliscor|Toxic|p1a: Steelix|[miss]
|-miss|p2a: Gliscor|p1a: Steelix
|
|-heal|p2a: Gliscor|295\/354 tox|[from] ability: Poison Heal
|turn|105
|
|move|p2a: Gliscor|Knock Off|p1a: Steelix
|-damage|p1a: Steelix|319\/354
|move|p1a: Steelix|Earthquake|p2a: Gliscor
|-immune|p2a: Gliscor|[msg]
|
|-heal|p2a: Gliscor|339\/354 tox|[from] ability: Poison Heal
|turn|106
|
|switch|p2a: Alomomola|Alomomola, F|418\/534
|-damage|p2a: Alomomola|329\/534|[from] Spikes
|-damage|p2a: Alomomola|263\/534|[from] Stealth Rock
|move|p1a: Steelix|Heavy Slam|p2a: Alomomola
|-resisted|p2a: Alomomola
|-damage|p2a: Alomomola|164\/534
|
|-heal|p2a: Alomomola|197\/534|[from] item: Leftovers
|turn|107
|c|âPagoose|I can just pp stall your steelix
|c|âPagoose|and I bea the other 2
|c|âPagoose|so can you please just forfeit?
|
|switch|p2a: Gliscor|Gliscor, M|339\/354 tox
|-damage|p2a: Gliscor|295\/354 tox|[from] Stealth Rock
|switch|p1a: Sylveon|Sylveon, F|296\/394
|-damage|p1a: Sylveon|247\/394|[from] Stealth Rock
|
|-heal|p2a: Gliscor|339\/354 tox|[from] ability: Poison Heal
|turn|108
|
|switch|p1a: Steelix|Steelix-Mega, F|319\/354
|-damage|p1a: Steelix|308\/354|[from] Stealth Rock
|move|p2a: Gliscor|Taunt|p1a: Steelix
|-start|p1a: Steelix|move: Taunt
|
|-heal|p2a: Gliscor|354\/354 tox|[from] ability: Poison Heal
|turn|109
|
|move|p2a: Gliscor|Knock Off|p1a: Steelix
|-damage|p1a: Steelix|285\/354
|move|p1a: Steelix|Heavy Slam|p2a: Gliscor
|-damage|p2a: Gliscor|153\/354 tox
|
|-heal|p2a: Gliscor|197\/354 tox|[from] ability: Poison Heal
|turn|110
|
|move|p2a: Gliscor|Roost|p2a: Gliscor
|-heal|p2a: Gliscor|354\/354 tox
|move|p1a: Steelix|Stone Edge|p2a: Gliscor
|-resisted|p2a: Gliscor
|-damage|p2a: Gliscor|301\/354 tox
|
|-heal|p2a: Gliscor|345\/354 tox|[from] ability: Poison Heal
|turn|111
|
|switch|p2a: Alomomola|Alomomola, F|375\/534
|-damage|p2a: Alomomola|286\/534|[from] Spikes
|-damage|p2a: Alomomola|220\/534|[from] Stealth Rock
|move|p1a: Steelix|Heavy Slam|p2a: Alomomola
|-resisted|p2a: Alomomola
|-damage|p2a: Alomomola|132\/534
|
|-heal|p2a: Alomomola|165\/534|[from] item: Leftovers
|-end|p1a: Steelix|move: Taunt
|turn|112
|
|move|p2a: Alomomola|Wish|p2a: Alomomola
|move|p1a: Steelix|Earthquake|p2a: Alomomola
|-damage|p2a: Alomomola|2\/534
|
|-heal|p2a: Alomomola|35\/534|[from] item: Leftovers
|turn|113
|
|switch|p1a: Sylveon|Sylveon, F|247\/394
|-damage|p1a: Sylveon|198\/394|[from] Stealth Rock
|move|p2a: Alomomola|Protect|p2a: Alomomola
|-fail|p2a: Alomomola
|
|-heal|p2a: Alomomola|302\/534|[from] move: Wish|[wisher] Alomomola
|-heal|p2a: Alomomola|335\/534|[from] item: Leftovers
|turn|114
|
|move|p2a: Alomomola|Toxic|p1a: Sylveon
|-status|p1a: Sylveon|tox
|move|p1a: Sylveon|Wish|p1a: Sylveon
|
|-heal|p2a: Alomomola|368\/534|[from] item: Leftovers
|-damage|p1a: Sylveon|174\/394 tox|[from] psn
|turn|115
|
|switch|p2a: Gliscor|Gliscor, M|345\/354 tox
|-damage|p2a: Gliscor|301\/354 tox|[from] Stealth Rock
|move|p1a: Sylveon|Hyper Voice|p2a: Gliscor
|-damage|p2a: Gliscor|169\/354 tox
|
|-heal|p1a: Sylveon|371\/394 tox|[from] move: Wish|[wisher] Sylveon
|-heal|p2a: Gliscor|213\/354 tox|[from] ability: Poison Heal
|-damage|p1a: Sylveon|323\/394 tox|[from] psn
|turn|116
|
|switch|p1a: Steelix|Steelix-Mega, F|285\/354
|-damage|p1a: Steelix|274\/354|[from] Stealth Rock
|move|p2a: Gliscor|Taunt|p1a: Steelix
|-start|p1a: Steelix|move: Taunt
|
|-heal|p2a: Gliscor|257\/354 tox|[from] ability: Poison Heal
|turn|117
|
|switch|p2a: Alomomola|Alomomola, F|534\/534
|-damage|p2a: Alomomola|445\/534|[from] Spikes
|-damage|p2a: Alomomola|379\/534|[from] Stealth Rock
|switch|p1a: Hippowdon|Hippowdon, F|268\/420
|-damage|p1a: Hippowdon|242\/420|[from] Stealth Rock
|-weather|Sandstorm
|
|-weather|Sandstorm|[upkeep]
|-damage|p2a: Alomomola|346\/534|[from] sandstorm
|-heal|p2a: Alomomola|379\/534|[from] item: Leftovers
|turn|118
|
|switch|p1a: Steelix|Steelix-Mega, F|274\/354
|-damage|p1a: Steelix|263\/354|[from] Stealth Rock
|move|p2a: Alomomola|Scald|p1a: Steelix
|-supereffective|p1a: Steelix
|-damage|p1a: Steelix|161\/354
|-status|p1a: Steelix|brn
|
|-weather|Sandstorm|[upkeep]
|-damage|p2a: Alomomola|346\/534|[from] sandstorm
|-heal|p2a: Alomomola|379\/534|[from] item: Leftovers
|-damage|p1a: Steelix|117\/354 brn|[from] brn
|turn|119
|
|move|p2a: Alomomola|Scald|p1a: Steelix
|-supereffective|p1a: Steelix
|-damage|p1a: Steelix|21\/354 brn
|move|p1a: Steelix|Rest|p1a: Steelix
|-status|p1a: Steelix|slp
|-heal|p1a: Steelix|354\/354 slp|[silent]
|-status|p1a: Steelix|slp|[from] move: Rest
|
|-weather|Sandstorm|[upkeep]
|-damage|p2a: Alomomola|346\/534|[from] sandstorm
|-heal|p2a: Alomomola|379\/534|[from] item: Leftovers
|turn|120
|
|move|p2a: Alomomola|Scald|p1a: Steelix
|-supereffective|p1a: Steelix
|-damage|p1a: Steelix|262\/354 slp
|cant|p1a: Steelix|slp
|
|-weather|Sandstorm|[upkeep]
|-damage|p2a: Alomomola|346\/534|[from] sandstorm
|-heal|p2a: Alomomola|379\/534|[from] item: Leftovers
|turn|121
|
|move|p2a: Alomomola|Scald|p1a: Steelix
|-supereffective|p1a: Steelix
|-damage|p1a: Steelix|160\/354 slp
|cant|p1a: Steelix|slp
|
|-weather|none
|-heal|p2a: Alomomola|412\/534|[from] item: Leftovers
|turn|122
|
|switch|p2a: Gliscor|Gliscor, M|257\/354 tox
|-damage|p2a: Gliscor|213\/354 tox|[from] Stealth Rock
|-curestatus|p1a: Steelix|slp
|move|p1a: Steelix|Rest|p1a: Steelix
|-status|p1a: Steelix|slp
|-heal|p1a: Steelix|354\/354 slp|[silent]
|-status|p1a: Steelix|slp|[from] move: Rest
|
|-heal|p2a: Gliscor|257\/354 tox|[from] ability: Poison Heal
|turn|123
|
|switch|p2a: Alomomola|Alomomola, F|534\/534
|-damage|p2a: Alomomola|445\/534|[from] Spikes
|-damage|p2a: Alomomola|379\/534|[from] Stealth Rock
|switch|p1a: Hippowdon|Hippowdon, F|242\/420
|-damage|p1a: Hippowdon|216\/420|[from] Stealth Rock
|-weather|Sandstorm
|
|-weather|Sandstorm|[upkeep]
|-damage|p2a: Alomomola|346\/534|[from] sandstorm
|-heal|p2a: Alomomola|379\/534|[from] item: Leftovers
|turn|124
|
|switch|p1a: Steelix|Steelix-Mega, F|354\/354 slp
|-damage|p1a: Steelix|343\/354 slp|[from] Stealth Rock
|move|p2a: Alomomola|Scald|p1a: Steelix
|-crit|p1a: Steelix
|-supereffective|p1a: Steelix
|-damage|p1a: Steelix|193\/354 slp
|
|-weather|Sandstorm|[upkeep]
|-damage|p2a: Alomomola|346\/534|[from] sandstorm
|-heal|p2a: Alomomola|379\/534|[from] item: Leftovers
|turn|125
|
|move|p2a: Alomomola|Scald|p1a: Steelix
|-supereffective|p1a: Steelix
|-damage|p1a: Steelix|91\/354 slp
|cant|p1a: Steelix|slp
|
|-weather|Sandstorm|[upkeep]
|-damage|p2a: Alomomola|346\/534|[from] sandstorm
|-heal|p2a: Alomomola|379\/534|[from] item: Leftovers
|turn|126
|
|switch|p1a: Sylveon|Sylveon, F|323\/394 tox
|-damage|p1a: Sylveon|274\/394 tox|[from] Stealth Rock
|move|p2a: Alomomola|Scald|p1a: Sylveon
|-damage|p1a: Sylveon|243\/394 tox
|
|-weather|Sandstorm|[upkeep]
|-damage|p2a: Alomomola|346\/534|[from] sandstorm
|-damage|p1a: Sylveon|219\/394 tox|[from] sandstorm
|-heal|p2a: Alomomola|379\/534|[from] item: Leftovers
|-damage|p1a: Sylveon|195\/394 tox|[from] psn
|turn|127
|
|switch|p2a: Gliscor|Gliscor, M|257\/354 tox
|-damage|p2a: Gliscor|213\/354 tox|[from] Stealth Rock
|move|p1a: Sylveon|Wish|p1a: Sylveon
|
|-weather|none
|-heal|p2a: Gliscor|257\/354 tox|[from] ability: Poison Heal
|-damage|p1a: Sylveon|147\/394 tox|[from] psn
|turn|128
|
|switch|p2a: Alomomola|Alomomola, F|534\/534
|-damage|p2a: Alomomola|445\/534|[from] Spikes
|-damage|p2a: Alomomola|379\/534|[from] Stealth Rock
|move|p1a: Sylveon|Protect|p1a: Sylveon
|-fail|p1a: Sylveon
|
|-heal|p1a: Sylveon|344\/394 tox|[from] move: Wish|[wisher] Sylveon
|-heal|p2a: Alomomola|412\/534|[from] item: Leftovers
|-damage|p1a: Sylveon|272\/394 tox|[from] psn
|turn|129
|
|move|p2a: Alomomola|Protect|p2a: Alomomola
|-singleturn|p2a: Alomomola|Protect
|move|p1a: Sylveon|Heal Bell|p1a: Sylveon
|-cureteam|p1a: Sylveon|[from] move: HealBell
|
|-heal|p2a: Alomomola|445\/534|[from] item: Leftovers
|turn|130
|
|move|p2a: Alomomola|Toxic|p1a: Sylveon
|-status|p1a: Sylveon|tox
|move|p1a: Sylveon|Hyper Voice|p2a: Alomomola
|-damage|p2a: Alomomola|142\/534
|
|-heal|p2a: Alomomola|175\/534|[from] item: Leftovers
|-damage|p1a: Sylveon|248\/394 tox|[from] psn
|turn|131
|
|move|p2a: Alomomola|Protect|p2a: Alomomola
|-singleturn|p2a: Alomomola|Protect
|move|p1a: Sylveon|Hyper Voice|p2a: Alomomola
|-activate|p2a: Alomomola|Protect
|
|-heal|p2a: Alomomola|208\/534|[from] item: Leftovers
|-damage|p1a: Sylveon|200\/394 tox|[from] psn
|turn|132
|
|move|p2a: Alomomola|Wish|p2a: Alomomola
|move|p1a: Sylveon|Hyper Voice|p2a: Alomomola
|-damage|p2a: Alomomola|0 fnt
|faint|p2a: Alomomola
|
|-damage|p1a: Sylveon|128\/394 tox|[from] psn
|
|switch|p2a: Gliscor|Gliscor, M|257\/354 tox
|-damage|p2a: Gliscor|213\/354 tox|[from] Stealth Rock
|turn|133
|
|switch|p1a: Steelix|Steelix-Mega, F|91\/354
|-damage|p1a: Steelix|80\/354|[from] Stealth Rock
|move|p2a: Gliscor|Taunt|p1a: Steelix
|-start|p1a: Steelix|move: Taunt
|
|-heal|p2a: Gliscor|354\/354 tox|[from] move: Wish|[wisher] Alomomola
|turn|134
|
|switch|p1a: Hippowdon|Hippowdon, F|216\/420
|-damage|p1a: Hippowdon|190\/420|[from] Stealth Rock
|-weather|Sandstorm
|move|p2a: Gliscor|Knock Off|p1a: Hippowdon
|-damage|p1a: Hippowdon|157\/420
|
|-weather|Sandstorm|[upkeep]
|turn|135
|
|move|p2a: Gliscor|Toxic|p1a: Hippowdon
|-status|p1a: Hippowdon|tox
|move|p1a: Hippowdon|Slack Off|p1a: Hippowdon
|-heal|p1a: Hippowdon|367\/420 tox
|
|-weather|Sandstorm|[upkeep]
|-damage|p1a: Hippowdon|341\/420 tox|[from] psn
|turn|136
|
|move|p2a: Gliscor|Knock Off|p1a: Hippowdon
|-damage|p1a: Hippowdon|310\/420 tox
|move|p1a: Hippowdon|Slack Off|p1a: Hippowdon
|-heal|p1a: Hippowdon|420\/420 tox
|
|-weather|Sandstorm|[upkeep]
|-damage|p1a: Hippowdon|368\/420 tox|[from] psn
|turn|137
|
|switch|p1a: Steelix|Steelix-Mega, F|80\/354
|-damage|p1a: Steelix|69\/354|[from] Stealth Rock
|move|p2a: Gliscor|Taunt|p1a: Steelix
|-start|p1a: Steelix|move: Taunt
|
|-weather|Sandstorm|[upkeep]
|turn|138
|
|switch|p1a: Hippowdon|Hippowdon, F|368\/420 tox
|-damage|p1a: Hippowdon|342\/420 tox|[from] Stealth Rock
|move|p2a: Gliscor|Knock Off|p1a: Hippowdon
|-damage|p1a: Hippowdon|309\/420 tox
|
|-weather|none
|-damage|p1a: Hippowdon|283\/420 tox|[from] psn
|turn|139
|
|move|p2a: Gliscor|Taunt|p1a: Hippowdon
|-start|p1a: Hippowdon|move: Taunt
|cant|p1a: Hippowdon|move: Taunt|Slack Off
|
|-damage|p1a: Hippowdon|231\/420 tox|[from] psn
|turn|140
|
|switch|p1a: Sylveon|Sylveon, F|128\/394 tox
|-damage|p1a: Sylveon|79\/394 tox|[from] Stealth Rock
|move|p2a: Gliscor|Knock Off|p1a: Sylveon
|-resisted|p1a: Sylveon
|-damage|p1a: Sylveon|42\/394 tox
|
|-damage|p1a: Sylveon|18\/394 tox|[from] psn
|turn|141
|
|move|p2a: Gliscor|Knock Off|p1a: Sylveon
|-resisted|p1a: Sylveon
|-damage|p1a: Sylveon|0 fnt
|faint|p1a: Sylveon
|
|
|switch|p1a: Steelix|Steelix-Mega, F|69\/354
|-damage|p1a: Steelix|58\/354|[from] Stealth Rock
|turn|142
|
|move|p2a: Gliscor|Knock Off|p1a: Steelix
|-damage|p1a: Steelix|36\/354
|move|p1a: Steelix|Rest|p1a: Steelix
|-status|p1a: Steelix|slp
|-heal|p1a: Steelix|354\/354 slp|[silent]
|-status|p1a: Steelix|slp|[from] move: Rest
|
|turn|143
|c|âPagoose|oh fuck
|c|âPagoose|I forgot
|c|âPagoose|fuck me
|
|move|p2a: Gliscor|Knock Off|p1a: Steelix
|-damage|p1a: Steelix|332\/354 slp
|cant|p1a: Steelix|slp
|
|turn|144
|
|move|p2a: Gliscor|Knock Off|p1a: Steelix
|-damage|p1a: Steelix|308\/354 slp
|cant|p1a: Steelix|slp
|
|turn|145
|
|move|p2a: Gliscor|Knock Off|p1a: Steelix
|-damage|p1a: Steelix|286\/354 slp
|-curestatus|p1a: Steelix|slp
|move|p1a: Steelix|Heavy Slam|p2a: Gliscor
|-damage|p2a: Gliscor|167\/354 tox
|
|-heal|p2a: Gliscor|211\/354 tox|[from] ability: Poison Heal
|turn|146
|-message|Pagoose forfeited.
|
|win|EverZero
|raw|Ladder updating...
|leave|Pagoose
|player|p2
|raw|EverZero's rating: 1129 &rarr; <strong>1161<\/strong><br \/>(+32 for winning)
|raw|Pagoose's rating: 1230 &rarr; <strong>1198<\/strong><br \/>(-32 for losing)