|join|Pagoose
|join|Arkgain
|player|p1|Pagoose|141
|player|p2|Arkgain|169
|gametype|singles
|gen|6
|tier|ORAS OU
|rated
|rule|Sleep Clause Mod: Limit one foe put to sleep
|rule|Species Clause: Limit one of each PokÃ©mon
|rule|OHKO Clause: OHKO moves are banned
|rule|Moody Clause: Moody is banned
|rule|Evasion Moves Clause: Evasion moves are banned
|rule|Endless Battle Clause: Forcing endless battles is banned
|rule|HP Percentage Mod: HP is shown in percentages
|clearpoke
|poke|p1|Clefable, M
|poke|p1|Cresselia, F
|poke|p1|Slowbro, M
|poke|p1|Chansey, F
|poke|p1|Infernape, F
|poke|p1|Celebi
|poke|p2|Salamence, F
|poke|p2|Gothitelle, F
|poke|p2|Tyranitar, F
|poke|p2|Azumarill, F
|poke|p2|Ferrothorn, M
|poke|p2|Gengar, M
|rule|Swagger Clause: Swagger is banned
|rule|Baton Pass Clause: Limit one PokÃ©mon knowing Baton Pass
|teampreview
|
|start
|switch|p1a: your brother|Slowbro, M|394\/394
|switch|p2a: Gengar|Gengar, M|268\/268
|turn|1
|
|switch|p1a: your mother|Chansey, F|642\/642
|move|p2a: Gengar|Substitute|p2a: Gengar
|-start|p2a: Gengar|Substitute
|-damage|p2a: Gengar|201\/268
|
|-heal|p2a: Gengar|217\/268|[from] item: Black Sludge
|turn|2
|
|switch|p1a: pink|Cresselia, F|444\/444
|move|p2a: Gengar|Taunt|p1a: pink
|-start|p1a: pink|move: Taunt
|
|-heal|p2a: Gengar|233\/268|[from] item: Black Sludge
|turn|3
|
|move|p2a: Gengar|Shadow Ball|p1a: pink
|-supereffective|p1a: pink
|-damage|p1a: pink|298\/444
|-unboost|p1a: pink|spd|1
|move|p1a: pink|Psychic|p2a: Gengar
|-supereffective|p2a: Gengar
|-end|p2a: Gengar|Substitute
|
|-heal|p2a: Gengar|249\/268|[from] item: Black Sludge
|-heal|p1a: pink|325\/444|[from] item: Leftovers
|turn|4
|
|switch|p1a: pink|Clefable, M|394\/394
|move|p2a: Gengar|Shadow Ball|p1a: pink
|-damage|p1a: pink|259\/394
|
|-heal|p2a: Gengar|265\/268|[from] item: Black Sludge
|-heal|p1a: pink|283\/394|[from] item: Leftovers
|turn|5
|
|move|p2a: Gengar|Taunt|p1a: pink
|-start|p1a: pink|move: Taunt
|move|p1a: pink|Moonblast|p2a: Gengar
|-resisted|p2a: Gengar
|-damage|p2a: Gengar|209\/268
|-unboost|p2a: Gengar|spa|1
|
|-heal|p2a: Gengar|225\/268|[from] item: Black Sludge
|-heal|p1a: pink|307\/394|[from] item: Leftovers
|turn|6
|
|switch|p1a: pink|Cresselia, F|325\/444
|move|p2a: Gengar|Shadow Ball|p1a: pink
|-supereffective|p1a: pink
|-damage|p1a: pink|217\/444
|-unboost|p1a: pink|spd|1
|
|-heal|p2a: Gengar|241\/268|[from] item: Black Sludge
|-heal|p1a: pink|244\/444|[from] item: Leftovers
|turn|7
|
|switch|p1a: your mother|Chansey, F|642\/642
|move|p2a: Gengar|Shadow Ball|p1a: your mother
|-immune|p1a: your mother|[msg]
|
|-heal|p2a: Gengar|257\/268|[from] item: Black Sludge
|turn|8
|
|switch|p1a: pink|Cresselia, F|244\/444
|move|p2a: Gengar|Substitute|p2a: Gengar
|-start|p2a: Gengar|Substitute
|-damage|p2a: Gengar|190\/268
|
|-heal|p2a: Gengar|206\/268|[from] item: Black Sludge
|-heal|p1a: pink|271\/444|[from] item: Leftovers
|turn|9
|
|move|p2a: Gengar|Shadow Ball|p1a: pink
|-supereffective|p1a: pink
|-damage|p1a: pink|155\/444
|move|p1a: pink|Psychic|p2a: Gengar
|-supereffective|p2a: Gengar
|-end|p2a: Gengar|Substitute
|
|-heal|p2a: Gengar|222\/268|[from] item: Black Sludge
|-heal|p1a: pink|182\/444|[from] item: Leftovers
|turn|10
|
|move|p2a: Gengar|Taunt|p1a: pink
|-start|p1a: pink|move: Taunt
|cant|p1a: pink|move: Taunt|Moonlight
|
|-heal|p2a: Gengar|238\/268|[from] item: Black Sludge
|-heal|p1a: pink|209\/444|[from] item: Leftovers
|turn|11
|
|switch|p2a: Tyranitar|Tyranitar, F|403\/403
|-weather|Sandstorm
|move|p1a: pink|Psychic|p2a: Tyranitar
|-immune|p2a: Tyranitar|[msg]
|
|-weather|Sandstorm|[upkeep]
|-damage|p1a: pink|182\/444|[from] sandstorm
|-heal|p1a: pink|209\/444|[from] item: Leftovers
|turn|12
|
|switch|p1a: Infernape|Infernape, F|356\/356
|move|p2a: Tyranitar|Stealth Rock|p1a: Infernape
|-sidestart|p1: Pagoose|move: Stealth Rock
|
|-weather|Sandstorm|[upkeep]
|-damage|p1a: Infernape|334\/356|[from] sandstorm
|-heal|p1a: Infernape|356\/356|[from] item: Leftovers
|turn|13
|
|switch|p2a: Azumarill|Azumarill, F|363\/363
|move|p1a: Infernape|Will-O-Wisp|p2a: Azumarill
|-status|p2a: Azumarill|brn
|
|-weather|Sandstorm|[upkeep]
|-damage|p1a: Infernape|334\/356|[from] sandstorm
|-damage|p2a: Azumarill|341\/363 brn|[from] sandstorm
|-heal|p1a: Infernape|356\/356|[from] item: Leftovers
|-damage|p2a: Azumarill|296\/363 brn|[from] brn
|turn|14
|
|switch|p1a: pink|Cresselia, F|209\/444
|-damage|p1a: pink|154\/444|[from] Stealth Rock
|move|p2a: Azumarill|Knock Off|p1a: pink
|-supereffective|p1a: pink
|-damage|p1a: pink|0 fnt
|-enditem|p1a: pink|Leftovers|[from] move: Knock Off|[of] p2a: Azumarill
|faint|p1a: pink
|
|-weather|Sandstorm|[upkeep]
|-damage|p2a: Azumarill|274\/363 brn|[from] sandstorm
|-damage|p2a: Azumarill|229\/363 brn|[from] brn
|
|switch|p1a: your brother|Slowbro, M|394\/394
|-damage|p1a: your brother|345\/394|[from] Stealth Rock
|turn|15
|
|switch|p2a: Gothitelle|Gothitelle, F|281\/281
|detailschange|p1a: your brother|Slowbro-Mega, M
|message|Slowbro has Mega Evolved into Mega Slowbro!
|move|p1a: your brother|Calm Mind|p1a: your brother
|-boost|p1a: your brother|spa|1
|-boost|p1a: your brother|spd|1
|
|-weather|none
|turn|16
|
|move|p2a: Gothitelle|Energy Ball|p1a: your brother
|-supereffective|p1a: your brother
|-damage|p1a: your brother|113\/394
|move|p1a: your brother|Calm Mind|p1a: your brother
|-boost|p1a: your brother|spa|1
|-boost|p1a: your brother|spd|1
|
|turn|17
|
|move|p2a: Gothitelle|Energy Ball|p1a: your brother
|-supereffective|p1a: your brother
|-damage|p1a: your brother|0 fnt
|faint|p1a: your brother
|
|
|switch|p1a: Infernape|Infernape, F|356\/356
|-damage|p1a: Infernape|312\/356|[from] Stealth Rock
|turn|18
|
|move|p1a: Infernape|Close Combat|p2a: Gothitelle
|-resisted|p2a: Gothitelle
|-damage|p2a: Gothitelle|200\/281
|-unboost|p1a: Infernape|def|1
|-unboost|p1a: Infernape|spd|1
|move|p2a: Gothitelle|Energy Ball|p1a: Infernape
|-resisted|p1a: Infernape
|-damage|p1a: Infernape|215\/356
|
|-heal|p1a: Infernape|237\/356|[from] item: Leftovers
|turn|19
|
|move|p1a: Infernape|Will-O-Wisp|p2a: Gothitelle
|-status|p2a: Gothitelle|brn
|move|p2a: Gothitelle|Energy Ball|p1a: Infernape
|-resisted|p1a: Infernape
|-damage|p1a: Infernape|147\/356
|
|-heal|p1a: Infernape|169\/356|[from] item: Leftovers
|-damage|p2a: Gothitelle|165\/281 brn|[from] brn
|turn|20
|
|move|p1a: Infernape|Slack Off|p1a: Infernape
|-heal|p1a: Infernape|347\/356
|move|p2a: Gothitelle|Energy Ball|p1a: Infernape
|-resisted|p1a: Infernape
|-damage|p1a: Infernape|257\/356
|
|-heal|p1a: Infernape|279\/356|[from] item: Leftovers
|-damage|p2a: Gothitelle|130\/281 brn|[from] brn
|turn|21
|
|switch|p2a: Azumarill|Azumarill, F|229\/363 brn
|move|p1a: Infernape|Close Combat|p2a: Azumarill
|-resisted|p2a: Azumarill
|-damage|p2a: Azumarill|136\/363 brn
|-unboost|p1a: Infernape|def|1
|-unboost|p1a: Infernape|spd|1
|
|-heal|p1a: Infernape|301\/356|[from] item: Leftovers
|-damage|p2a: Azumarill|91\/363 brn|[from] brn
|turn|22
|
|switch|p1a: Celebi|Celebi|404\/404
|-damage|p1a: Celebi|354\/404|[from] Stealth Rock
|move|p2a: Azumarill|Knock Off|p1a: Celebi
|-supereffective|p1a: Celebi
|-damage|p1a: Celebi|126\/404
|-enditem|p1a: Celebi|Leftovers|[from] move: Knock Off|[of] p2a: Azumarill
|
|-damage|p2a: Azumarill|46\/363 brn|[from] brn
|turn|23
|
|move|p1a: Celebi|Recover|p1a: Celebi
|-heal|p1a: Celebi|328\/404
|move|p2a: Azumarill|Knock Off|p1a: Celebi
|-supereffective|p1a: Celebi
|-damage|p1a: Celebi|184\/404
|
|-damage|p2a: Azumarill|1\/363 brn|[from] brn
|turn|24
|
|move|p1a: Celebi|Recover|p1a: Celebi
|-heal|p1a: Celebi|386\/404
|move|p2a: Azumarill|Knock Off|p1a: Celebi
|-supereffective|p1a: Celebi
|-damage|p1a: Celebi|258\/404
|
|-damage|p2a: Azumarill|0 fnt|[from] brn
|faint|p2a: Azumarill
|
|switch|p2a: Ferrothorn|Ferrothorn, M|352\/352
|turn|25
|
|move|p1a: Celebi|Calm Mind|p1a: Celebi
|-boost|p1a: Celebi|spa|1
|-boost|p1a: Celebi|spd|1
|move|p2a: Ferrothorn|Spikes|p1a: Celebi
|-sidestart|p1: Pagoose|Spikes
|
|turn|26
|
|move|p1a: Celebi|Recover|p1a: Celebi
|-heal|p1a: Celebi|404\/404
|move|p2a: Ferrothorn|Spikes|p1a: Celebi
|-sidestart|p1: Pagoose|Spikes
|
|turn|27
|
|move|p1a: Celebi|Calm Mind|p1a: Celebi
|-boost|p1a: Celebi|spa|1
|-boost|p1a: Celebi|spd|1
|move|p2a: Ferrothorn|Spikes|p1a: Celebi
|-sidestart|p1: Pagoose|Spikes
|
|turn|28
|
|move|p1a: Celebi|Baton Pass|p1a: Celebi
|
|switch|p1a: pink|Clefable, M|307\/394
|-damage|p1a: pink|209\/394|[from] Spikes
|-damage|p1a: pink|160\/394|[from] Stealth Rock
|move|p2a: Ferrothorn|Gyro Ball|p1a: pink
|-supereffective|p1a: pink
|-damage|p1a: pink|0 fnt
|faint|p1a: pink
|
|
|switch|p1a: Infernape|Infernape, F|301\/356
|-damage|p1a: Infernape|212\/356|[from] Spikes
|-damage|p1a: Infernape|168\/356|[from] Stealth Rock
|turn|29
|
|move|p1a: Infernape|Will-O-Wisp|p2a: Ferrothorn
|-status|p2a: Ferrothorn|brn
|move|p2a: Ferrothorn|Gyro Ball|p1a: Infernape
|-resisted|p1a: Infernape
|-damage|p1a: Infernape|111\/356
|
|-heal|p1a: Infernape|133\/356|[from] item: Leftovers
|-damage|p2a: Ferrothorn|308\/352 brn|[from] brn
|turn|30
|
|move|p1a: Infernape|Slack Off|p1a: Infernape
|-heal|p1a: Infernape|311\/356
|move|p2a: Ferrothorn|Leech Seed|p1a: Infernape
|-start|p1a: Infernape|move: Leech Seed
|
|-heal|p1a: Infernape|333\/356|[from] item: Leftovers
|-heal|p2a: Ferrothorn|330\/352 brn|[from] item: Leftovers
|-damage|p1a: Infernape|289\/356|[from] Leech Seed|[of] p2a: Ferrothorn
|-heal|p2a: Ferrothorn|352\/352 brn|[silent]
|-damage|p2a: Ferrothorn|308\/352 brn|[from] brn
|turn|31
|
|switch|p2a: Gothitelle|Gothitelle, F|130\/281 brn
|move|p1a: Infernape|Close Combat|p2a: Gothitelle
|-resisted|p2a: Gothitelle
|-damage|p2a: Gothitelle|50\/281 brn
|-unboost|p1a: Infernape|def|1
|-unboost|p1a: Infernape|spd|1
|
|-heal|p1a: Infernape|311\/356|[from] item: Leftovers
|-damage|p1a: Infernape|267\/356|[from] Leech Seed|[of] p2a: Gothitelle
|-heal|p2a: Gothitelle|94\/281 brn|[silent]
|-damage|p2a: Gothitelle|59\/281 brn|[from] brn
|turn|32
|
|move|p1a: Infernape|Close Combat|p2a: Gothitelle
|-resisted|p2a: Gothitelle
|-damage|p2a: Gothitelle|0 fnt
|-unboost|p1a: Infernape|def|1
|-unboost|p1a: Infernape|spd|1
|faint|p2a: Gothitelle
|
|-heal|p1a: Infernape|289\/356|[from] item: Leftovers
|
|switch|p2a: Gengar|Gengar, M|238\/268
|turn|33
|
|switch|p1a: Celebi|Celebi|404\/404
|-damage|p1a: Celebi|354\/404|[from] Stealth Rock
|-damage|p1a: Celebi|253\/404|[from] Spikes
|move|p2a: Gengar|Substitute|p2a: Gengar
|-start|p2a: Gengar|Substitute
|-damage|p2a: Gengar|171\/268
|
|-heal|p2a: Gengar|187\/268|[from] item: Black Sludge
|turn|34
|
|move|p2a: Gengar|Shadow Ball|p1a: Celebi
|-supereffective|p1a: Celebi
|-damage|p1a: Celebi|73\/404
|-unboost|p1a: Celebi|spd|1
|move|p1a: Celebi|Calm Mind|p1a: Celebi
|-boost|p1a: Celebi|spa|1
|-boost|p1a: Celebi|spd|1
|
|-heal|p2a: Gengar|203\/268|[from] item: Black Sludge
|turn|35
|
|move|p2a: Gengar|Shadow Ball|p1a: Celebi
|-supereffective|p1a: Celebi
|-damage|p1a: Celebi|0 fnt
|faint|p1a: Celebi
|
|-heal|p2a: Gengar|219\/268|[from] item: Black Sludge
|-message|Pagoose forfeited.
|
|win|Arkgain
|raw|Ladder updating...
|leave|Pagoose
|player|p1
|raw|Pagoose's rating: 1161 &rarr; <strong>1136<\/strong><br \/>(-25 for losing)
|raw|Arkgain's rating: 1157 &rarr; <strong>1182<\/strong><br \/>(+25 for winning)