|join|hot gay man
|join|Pagoose
|player|p1|hot gay man|156
|player|p2|Pagoose|141
|gametype|singles
|gen|6
|tier|OU
|rated
|clearpoke
|poke|p1|Cottonee, M
|poke|p1|Azelf
|poke|p1|Whimsicott, F
|poke|p1|Smeargle, M, shiny
|poke|p1|Espeon, M
|poke|p1|Gothitelle, F
|poke|p2|Garchomp, M
|poke|p2|Azumarill, F
|poke|p2|Diggersby, F
|poke|p2|Magnezone
|poke|p2|Latias, F
|poke|p2|Pinsir, M
|rule|Swagger Clause: Swagger is banned
|rule|Baton Pass Clause: Limit one PokÃ©mon knowing Baton Pass
|rule|Sleep Clause Mod: Limit one foe put to sleep
|rule|Species Clause: Limit one of each PokÃ©mon
|rule|OHKO Clause: OHKO moves are banned
|rule|Moody Clause: Moody is banned
|rule|Evasion Moves Clause: Evasion moves are banned
|rule|Endless Battle Clause: Forcing endless battles is banned
|rule|HP Percentage Mod: HP is shown in percentages
|teampreview
|
|start
|switch|p1a: CHICHICHI LELELE|Cottonee, M|284\/284
|switch|p2a: Magnezone|Magnezone|281\/281
|turn|1
|
|move|p1a: CHICHICHI LELELE|Tailwind|p1a: CHICHICHI LELELE
|-sidestart|p1: hot gay man|move: Tailwind
|move|p2a: Magnezone|Flash Cannon|p1a: CHICHICHI LELELE
|-supereffective|p1a: CHICHICHI LELELE
|-enditem|p1a: CHICHICHI LELELE|Focus Sash
|-damage|p1a: CHICHICHI LELELE|1\/284
|
|turn|2
|
|move|p1a: CHICHICHI LELELE|Memento|p2a: Magnezone
|-unboost|p2a: Magnezone|atk|2
|-unboost|p2a: Magnezone|spa|2
|faint|p1a: CHICHICHI LELELE
|move|p2a: Magnezone|Flash Cannon|p1: CHICHICHI LELELE|[notarget]
|-notarget
|
|
|switch|p1a: VIVA CHILE|Azelf|354\/354
|turn|3
|
|switch|p2a: Garchomp|Garchomp, M|358\/358
|move|p1a: VIVA CHILE|Reflect|p1a: VIVA CHILE
|-sidestart|p1: hot gay man|Reflect
|
|turn|4
|
|move|p1a: VIVA CHILE|Taunt|p2a: Garchomp
|-start|p2a: Garchomp|move: Taunt
|cant|p2a: Garchomp|move: Taunt|Swords Dance
|
|-sideend|p1: hot gay man|move: Tailwind
|turn|5
|c|âPagoose|ah dumb cancel
|
|switch|p2a: Magnezone|Magnezone|281\/281
|move|p1a: VIVA CHILE|Explosion|p2a: Magnezone
|-resisted|p2a: Magnezone
|-damage|p2a: Magnezone|180\/281
|faint|p1a: VIVA CHILE
|
|
|switch|p1a: FAIRY SOLIDARITY|Whimsicott, F|324\/324
|turn|6
|
|move|p1a: FAIRY SOLIDARITY|Tailwind|p1a: FAIRY SOLIDARITY
|-sidestart|p1: hot gay man|move: Tailwind
|move|p2a: Magnezone|Volt Switch|p1a: FAIRY SOLIDARITY
|-resisted|p1a: FAIRY SOLIDARITY
|-damage|p1a: FAIRY SOLIDARITY|246\/324
|
|switch|p2a: Diggersby|Diggersby, F|311\/311
|
|turn|7
|
|move|p1a: FAIRY SOLIDARITY|Taunt|p2a: Diggersby
|-start|p2a: Diggersby|move: Taunt
|cant|p2a: Diggersby|move: Taunt|Swords Dance
|
|turn|8
|
|switch|p2a: Pinsir|Pinsir, M|271\/271
|move|p1a: FAIRY SOLIDARITY|Memento|p2a: Pinsir
|-fail|p2a: Pinsir|unboost|Attack|[from] ability: Hyper Cutter|[of] p2a: Pinsir
|-unboost|p2a: Pinsir|spa|2
|faint|p1a: FAIRY SOLIDARITY
|
|
|switch|p1a: THE BP SAVIOR|Smeargle, M, shiny|251\/251
|turn|9
|
|detailschange|p2a: Pinsir|Pinsir-Mega, M
|message|Pinsir has Mega Evolved into Mega Pinsir!
|move|p1a: THE BP SAVIOR|Cotton Guard|p1a: THE BP SAVIOR
|-boost|p1a: THE BP SAVIOR|def|3
|move|p2a: Pinsir|Swords Dance|p2a: Pinsir
|-boost|p2a: Pinsir|atk|2
|
|-sideend|p1: hot gay man|move: Tailwind
|turn|10
|
|move|p2a: Pinsir|Close Combat|p1a: THE BP SAVIOR
|-supereffective|p1a: THE BP SAVIOR
|-damage|p1a: THE BP SAVIOR|84\/251
|-unboost|p2a: Pinsir|def|1
|-unboost|p2a: Pinsir|spd|1
|move|p1a: THE BP SAVIOR|Geomancy|p1a: THE BP SAVIOR|[still]
|-prepare|p1a: THE BP SAVIOR|Geomancy|p1a: THE BP SAVIOR
|-enditem|p1a: THE BP SAVIOR|Power Herb
|-anim|p1a: THE BP SAVIOR|Geomancy|p1a: THE BP SAVIOR
|-boost|p1a: THE BP SAVIOR|spa|2
|-boost|p1a: THE BP SAVIOR|spd|2
|-boost|p1a: THE BP SAVIOR|spe|2
|
|-sideend|p1: hot gay man|Reflect
|turn|11
|c|âhot gay man|wp
|c|âhot gay man|gg
|
|move|p2a: Pinsir|Quick Attack|p1a: THE BP SAVIOR
|-damage|p1a: THE BP SAVIOR|0 fnt
|faint|p1a: THE BP SAVIOR
|
|-message|hot gay man forfeited.
|
|win|Pagoose
|raw|Ladder updating...
|leave|hot gay man
|player|p1
|raw|hot gay man's rating: 1695 &rarr; <strong>1672<\/strong><br \/>(-23 for losing)
|raw|Pagoose's rating: 1644 &rarr; <strong>1667<\/strong><br \/>(+23 for winning)