|join|Pagoose
|join|Nggtst
|player|p1|Pagoose|141
|player|p2|Nggtst|2
|gametype|singles
|gen|6
|tier|OU
|rated
|clearpoke
|poke|p1|Landorus-Therian, M
|poke|p1|Magnezone
|poke|p1|Latios, M
|poke|p1|Gardevoir, M
|poke|p1|Azumarill, F
|poke|p1|Ferrothorn, M
|poke|p2|Heatran, M
|poke|p2|Skarmory, F
|poke|p2|Keldeo-Resolute
|poke|p2|Venusaur, F
|poke|p2|Bisharp, M
|poke|p2|Chansey, F
|rule|Swagger Clause: Swagger is banned
|rule|Baton Pass Clause: Limit one PokÃ©mon knowing Baton Pass
|rule|Sleep Clause Mod: Limit one foe put to sleep
|rule|Species Clause: Limit one of each PokÃ©mon
|rule|OHKO Clause: OHKO moves are banned
|rule|Moody Clause: Moody is banned
|rule|Evasion Moves Clause: Evasion moves are banned
|rule|Endless Battle Clause: Forcing endless battles is banned
|rule|HP Percentage Mod: HP is shown in percentages
|teampreview
|
|start
|switch|p1a: Azumarill|Azumarill, F|401\/401
|switch|p2a: Heatran|Heatran, M|324\/324
|-item|p2a: Heatran|Air Balloon
|turn|1
|
|move|p2a: Heatran|Toxic|p1a: Azumarill
|-status|p1a: Azumarill|tox
|move|p1a: Azumarill|Waterfall|p2a: Heatran
|-supereffective|p2a: Heatran
|-damage|p2a: Heatran|0 fnt
|-enditem|p2a: Heatran|Air Balloon
|faint|p2a: Heatran
|
|-damage|p1a: Azumarill|376\/401 tox|[from] psn
|
|switch|p2a: Venusaur|Venusaur, F|364\/364
|turn|2
|
|switch|p1a: Ferrothorn|Ferrothorn, M|352\/352
|detailschange|p2a: Venusaur|Venusaur-Mega, F
|message|Venusaur has Mega Evolved into Mega Venusaur!
|move|p2a: Venusaur|Leech Seed|p1a: Ferrothorn
|-immune|p1a: Ferrothorn|[msg]
|
|turn|3
|
|switch|p1a: Latios|Latios, M|302\/302
|move|p2a: Venusaur|Hidden Power|p1a: Latios
|-resisted|p1a: Latios
|-damage|p1a: Latios|273\/302
|
|turn|4
|c|âPagoose|sorry\
|c|âPagoose|internet cut out
|c|âNggtst|Np
|
|switch|p2a: Chansey|Chansey, F|704\/704
|move|p1a: Latios|Draco Meteor|p2a: Chansey
|-damage|p2a: Chansey|512\/704
|-unboost|p1a: Latios|spa|2
|-damage|p1a: Latios|243\/302|[from] item: Life Orb
|
|turn|5
|
|switch|p1a: Ferrothorn|Ferrothorn, M|352\/352
|switch|p2a: Venusaur|Venusaur-Mega, F|364\/364
|
|turn|6
|
|move|p2a: Venusaur|Hidden Power|p1a: Ferrothorn
|-supereffective|p1a: Ferrothorn
|-damage|p1a: Ferrothorn|144\/352
|move|p1a: Ferrothorn|Stealth Rock|p2a: Venusaur
|-sidestart|p2: Nggtst|move: Stealth Rock
|
|-heal|p1a: Ferrothorn|166\/352|[from] item: Leftovers
|turn|7
|
|switch|p1a: Latios|Latios, M|243\/302
|move|p2a: Venusaur|Leech Seed|p1a: Latios
|-start|p1a: Latios|move: Leech Seed
|
|-damage|p1a: Latios|206\/302|[from] Leech Seed|[of] p2a: Venusaur
|turn|8
|
|switch|p1a: Landorus-Therian|Landorus-Therian, M|321\/321
|-ability|p1a: Landorus-Therian|Intimidate|[of] p2a: Venusaur
|-unboost|p2a: Venusaur|atk|1
|switch|p2a: Bisharp|Bisharp, M|272\/272
|-damage|p2a: Bisharp|255\/272|[from] Stealth Rock
|
|turn|9
|
|switch|p2a: Skarmory|Skarmory, F|292\/292
|-damage|p2a: Skarmory|256\/292|[from] Stealth Rock
|move|p1a: Landorus-Therian|U-turn|p2a: Skarmory
|-resisted|p2a: Skarmory
|-damage|p2a: Skarmory|240\/292
|-damage|p1a: Landorus-Therian|268\/321|[from] item: Rocky Helmet|[of] p2a: Skarmory
|
|switch|p1a: Magnezone|Magnezone|282\/282
|
|turn|10
|
|move|p1a: Magnezone|Volt Switch|p2a: Skarmory
|-supereffective|p2a: Skarmory
|-damage|p2a: Skarmory|0 fnt
|faint|p2a: Skarmory
|
|switch|p1a: Gardevoir|Gardevoir, M|277\/277
|
|
|switch|p2a: Bisharp|Bisharp, M|255\/272
|-damage|p2a: Bisharp|238\/272|[from] Stealth Rock
|-ability|p1a: Gardevoir|Defiant|[from] ability: Trace|[of] p2a: Bisharp
|turn|11
|
|detailschange|p1a: Gardevoir|Gardevoir-Mega, M
|message|Gardevoir has Mega Evolved into Mega Gardevoir!
|move|p1a: Gardevoir|Hyper Voice|p2a: Bisharp
|-damage|p2a: Bisharp|0 fnt
|faint|p2a: Bisharp
|
|-message|Nggtst forfeited.
|
|win|Pagoose
|raw|Ladder updating...
|leave|Nggtst
|player|p2
|raw|Ladder (probably) updated, but score could not be retrieved (timeout).
|raw|Ladder (probably) updated, but score could not be retrieved (Error: socket hang up).