|join|Pagoose
|join|Dead On Arrival
|player|p1|Pagoose|141
|player|p2|Dead On Arrival|210
|gametype|singles
|gen|6
|tier|OU
|rated
|clearpoke
|poke|p1|Heatran, M
|poke|p1|Slowbro, M
|poke|p1|Ferrothorn, F
|poke|p1|Heracross, F
|poke|p1|Latios, M
|poke|p1|Landorus, M
|poke|p2|Sableye, F
|poke|p2|Breloom, F
|poke|p2|Slowbro, M
|poke|p2|Garchomp, F
|poke|p2|Chansey, F
|poke|p2|Dragonite, F
|rule|Swagger Clause: Swagger is banned
|rule|Baton Pass Clause: Limit one PokÃ©mon knowing Baton Pass
|rule|Sleep Clause Mod: Limit one foe put to sleep
|rule|Species Clause: Limit one of each PokÃ©mon
|rule|OHKO Clause: OHKO moves are banned
|rule|Moody Clause: Moody is banned
|rule|Evasion Moves Clause: Evasion moves are banned
|rule|Endless Battle Clause: Forcing endless battles is banned
|rule|HP Percentage Mod: HP is shown in percentages
|teampreview
|
|start
|switch|p1a: Ferrothorn|Ferrothorn, F|352\/352
|switch|p2a: Dragonite|Dragonite, F|386\/386
|turn|1
|
|move|p2a: Dragonite|Superpower|p1a: Ferrothorn
|-supereffective|p1a: Ferrothorn
|-damage|p1a: Ferrothorn|46\/352
|-damage|p2a: Dragonite|338\/386|[from] ability: Iron Barbs|[of] p1a: Ferrothorn
|-unboost|p2a: Dragonite|atk|1
|-unboost|p2a: Dragonite|def|1
|move|p1a: Ferrothorn|Leech Seed|p2a: Dragonite
|-start|p2a: Dragonite|move: Leech Seed
|
|-heal|p1a: Ferrothorn|68\/352|[from] item: Leftovers
|-damage|p2a: Dragonite|290\/386|[from] Leech Seed|[of] p1a: Ferrothorn
|-heal|p1a: Ferrothorn|116\/352|[silent]
|turn|2
|
|switch|p2a: Sableye|Sableye, F|304\/304
|move|p1a: Ferrothorn|Protect|p1a: Ferrothorn
|-fail|p1a: Ferrothorn
|
|-heal|p1a: Ferrothorn|138\/352|[from] item: Leftovers
|turn|3
|
|move|p1a: Ferrothorn|Protect|p1a: Ferrothorn
|-singleturn|p1a: Ferrothorn|Protect
|move|p2a: Sableye|Knock Off|p1a: Ferrothorn
|-activate|p1a: Ferrothorn|Protect
|
|-heal|p1a: Ferrothorn|160\/352|[from] item: Leftovers
|turn|4
|
|switch|p1a: Heracross|Heracross, F|311\/311
|move|p2a: Sableye|Taunt|p1a: Heracross
|-start|p1a: Heracross|move: Taunt
|
|turn|5
|
|switch|p1a: Heatran|Heatran, M|323\/323
|move|p2a: Sableye|Will-O-Wisp|p1a: Heatran
|-start|p1a: Heatran|ability: Flash Fire
|
|turn|6
|
|switch|p2a: Chansey|Chansey, F|704\/704
|move|p1a: Heatran|Overheat|p2a: Chansey
|-damage|p2a: Chansey|529\/704
|-unboost|p1a: Heatran|spa|2
|
|turn|7
|
|switch|p1a: Heracross|Heracross, F|311\/311
|move|p2a: Chansey|Stealth Rock|p1a: Heracross
|-sidestart|p1: Pagoose|move: Stealth Rock
|
|turn|8
|
|switch|p2a: Garchomp|Garchomp, F|357\/357
|detailschange|p1a: Heracross|Heracross-Mega, F
|message|Heracross has Mega Evolved into Mega Heracross!
|move|p1a: Heracross|Pin Missile|p2a: Garchomp
|-damage|p2a: Garchomp|290\/357
|-damage|p2a: Garchomp|223\/357
|-damage|p2a: Garchomp|160\/357
|-damage|p2a: Garchomp|97\/357
|-damage|p2a: Garchomp|39\/357
|-hitcount|p2a: Garchomp|5
|
|turn|9
|
|switch|p1a: Slowbro|Slowbro, M|394\/394
|-damage|p1a: Slowbro|345\/394|[from] Stealth Rock
|move|p2a: Garchomp|Outrage|p1a: Slowbro
|-damage|p1a: Slowbro|158\/394
|-damage|p2a: Garchomp|4\/357|[from] item: Life Orb
|
|-heal|p1a: Slowbro|182\/394|[from] item: Leftovers
|turn|10
|
|switch|p1a: Ferrothorn|Ferrothorn, F|160\/352
|-damage|p1a: Ferrothorn|138\/352|[from] Stealth Rock
|move|p2a: Garchomp|Outrage|p1a: Ferrothorn
|-resisted|p1a: Ferrothorn
|-damage|p1a: Ferrothorn|37\/352
|-damage|p2a: Garchomp|0 fnt|[from] ability: Iron Barbs|[of] p1a: Ferrothorn
|faint|p2a: Garchomp
|
|-heal|p1a: Ferrothorn|59\/352|[from] item: Leftovers
|c|âPagoose|band?
|c|âPagoose|oh nvm
|
|switch|p2a: Sableye|Sableye, F|304\/304
|turn|11
|c|âPagoose|life orb
|
|move|p1a: Ferrothorn|Protect|p1a: Ferrothorn
|-singleturn|p1a: Ferrothorn|Protect
|move|p2a: Sableye|Taunt|p1a: Ferrothorn
|-activate|p1a: Ferrothorn|Protect
|
|-heal|p1a: Ferrothorn|81\/352|[from] item: Leftovers
|turn|12
|
|switch|p1a: Slowbro|Slowbro, M|313\/394
|-damage|p1a: Slowbro|264\/394|[from] Stealth Rock
|move|p2a: Sableye|Taunt|p1a: Slowbro
|-start|p1a: Slowbro|move: Taunt
|
|-heal|p1a: Slowbro|288\/394|[from] item: Leftovers
|turn|13
|
|move|p2a: Sableye|Knock Off|p1a: Slowbro
|-supereffective|p1a: Slowbro
|-damage|p1a: Slowbro|168\/394
|-enditem|p1a: Slowbro|Leftovers|[from] move: Knock Off|[of] p2a: Sableye
|move|p1a: Slowbro|Scald|p2a: Sableye
|-damage|p2a: Sableye|214\/304
|
|-heal|p2a: Sableye|233\/304|[from] item: Leftovers
|turn|14
|
|move|p2a: Sableye|Will-O-Wisp|p1a: Slowbro
|-status|p1a: Slowbro|brn
|move|p1a: Slowbro|Scald|p2a: Sableye
|-damage|p2a: Sableye|142\/304
|
|-heal|p2a: Sableye|161\/304|[from] item: Leftovers
|-damage|p1a: Slowbro|119\/394 brn|[from] brn
|turn|15
|
|switch|p2a: Chansey|Chansey, F|529\/704
|switch|p1a: Heracross|Heracross-Mega, F|311\/311
|-damage|p1a: Heracross|273\/311|[from] Stealth Rock
|
|turn|16
|
|switch|p2a: Slowbro|Slowbro, M|394\/394
|move|p1a: Heracross|Pin Missile|p2a: Slowbro
|-supereffective|p2a: Slowbro
|-damage|p2a: Slowbro|314\/394
|-supereffective|p2a: Slowbro
|-damage|p2a: Slowbro|234\/394
|-supereffective|p2a: Slowbro
|-damage|p2a: Slowbro|150\/394
|-supereffective|p2a: Slowbro
|-damage|p2a: Slowbro|72\/394
|-supereffective|p2a: Slowbro
|-damage|p2a: Slowbro|0 fnt
|-hitcount|p2a: Slowbro|5
|faint|p2a: Slowbro
|
|
|switch|p2a: Dragonite|Dragonite, F|290\/386
|turn|17
|
|switch|p1a: Ferrothorn|Ferrothorn, F|81\/352
|-damage|p1a: Ferrothorn|59\/352|[from] Stealth Rock
|move|p2a: Dragonite|Fire Punch|p1a: Ferrothorn
|-supereffective|p1a: Ferrothorn
|-damage|p1a: Ferrothorn|0 fnt
|-damage|p2a: Dragonite|242\/386|[from] ability: Iron Barbs|[of] p1a: Ferrothorn
|faint|p1a: Ferrothorn
|
|
|switch|p1a: Slowbro|Slowbro, M|250\/394 brn
|-damage|p1a: Slowbro|201\/394 brn|[from] Stealth Rock
|turn|18
|
|switch|p2a: Chansey|Chansey, F|529\/704
|switch|p1a: Heracross|Heracross-Mega, F|273\/311
|-damage|p1a: Heracross|235\/311|[from] Stealth Rock
|
|turn|19
|
|switch|p2a: Dragonite|Dragonite, F|242\/386
|move|p1a: Heracross|Pin Missile|p2a: Dragonite
|-crit|p2a: Dragonite
|-resisted|p2a: Dragonite
|-damage|p2a: Dragonite|197\/386
|-resisted|p2a: Dragonite
|-damage|p2a: Dragonite|167\/386
|-resisted|p2a: Dragonite
|-damage|p2a: Dragonite|137\/386
|-resisted|p2a: Dragonite
|-damage|p2a: Dragonite|108\/386
|-resisted|p2a: Dragonite
|-damage|p2a: Dragonite|75\/386
|-hitcount|p2a: Dragonite|5
|
|turn|20
|
|switch|p1a: Slowbro|Slowbro, M|332\/394 brn
|-damage|p1a: Slowbro|283\/394 brn|[from] Stealth Rock
|move|p2a: Dragonite|Outrage|p1a: Slowbro
|-crit|p1a: Slowbro
|-damage|p1a: Slowbro|0 fnt
|faint|p1a: Slowbro
|
|
|switch|p1a: Heatran|Heatran, M|323\/323
|-damage|p1a: Heatran|283\/323|[from] Stealth Rock
|turn|21
|
|move|p1a: Heatran|Flash Cannon|p2a: Dragonite
|-damage|p2a: Dragonite|0 fnt
|faint|p2a: Dragonite
|
|
|switch|p2a: Chansey|Chansey, F|529\/704
|turn|22
|
|switch|p1a: Heracross|Heracross-Mega, F|235\/311
|-damage|p1a: Heracross|197\/311|[from] Stealth Rock
|move|p2a: Chansey|Seismic Toss|p1a: Heracross
|-damage|p1a: Heracross|97\/311
|
|turn|23
|
|move|p1a: Heracross|Pin Missile|p2a: Chansey
|-damage|p2a: Chansey|325\/704
|-damage|p2a: Chansey|145\/704
|-crit|p2a: Chansey
|-damage|p2a: Chansey|0 fnt
|-hitcount|p2a: Chansey|3
|faint|p2a: Chansey
|
|
|switch|p2a: Breloom|Breloom, F|262\/262
|turn|24
|
|move|p1a: Heracross|Pin Missile|p2a: Breloom
|-damage|p2a: Breloom|193\/262
|-damage|p2a: Breloom|118\/262
|-damage|p2a: Breloom|51\/262
|-damage|p2a: Breloom|0 fnt
|-hitcount|p2a: Breloom|4
|faint|p2a: Breloom
|
|
|switch|p2a: Sableye|Sableye, F|161\/304
|turn|25
|c|âDead On Arrival|gg
|
|move|p2a: Sableye|Will-O-Wisp|p1a: Heracross|[miss]
|-miss|p2a: Sableye|p1a: Heracross
|move|p1a: Heracross|Swords Dance|p1a: Heracross
|-boost|p1a: Heracross|atk|2
|
|-heal|p2a: Sableye|180\/304|[from] item: Leftovers
|turn|26
|
|move|p2a: Sableye|Will-O-Wisp|p1a: Heracross
|-status|p1a: Heracross|brn
|move|p1a: Heracross|Pin Missile|p2a: Sableye
|-damage|p2a: Sableye|105\/304
|-damage|p2a: Sableye|30\/304
|-damage|p2a: Sableye|0 fnt
|-hitcount|p2a: Sableye|3
|faint|p2a: Sableye
|
|win|Pagoose
|raw|Ladder updating...
|raw|Pagoose's rating: 1613 &rarr; <strong>1629<\/strong><br \/>(+16 for winning)
|raw|Dead On Arrival's rating: 1550 &rarr; <strong>1534<\/strong><br \/>(-16 for losing)
|c|âPagoose|gg
|leave|Dead On Arrival
|player|p2