|join|Thibault56
|join|Pagoose
|player|p1|Thibault56|57
|player|p2|Pagoose|141
|gametype|singles
|gen|6
|tier|OU
|clearpoke
|poke|p1|Garchomp, F
|poke|p1|Ferrothorn, M
|poke|p1|Rotom-Wash
|poke|p1|Bisharp, F
|poke|p1|Florges, F
|poke|p1|Pinsir, M
|poke|p2|Ferrothorn, F
|poke|p2|Latios, M
|poke|p2|Lopunny, M
|poke|p2|Landorus-Therian, M
|poke|p2|Gengar, M
|poke|p2|Talonflame, M
|rule|Swagger Clause: Swagger is banned
|rule|Baton Pass Clause: Limit one PokÃ©mon knowing Baton Pass
|rule|Sleep Clause Mod: Limit one foe put to sleep
|rule|Species Clause: Limit one of each PokÃ©mon
|rule|OHKO Clause: OHKO moves are banned
|rule|Moody Clause: Moody is banned
|rule|Evasion Moves Clause: Evasion moves are banned
|rule|Endless Battle Clause: Forcing endless battles is banned
|rule|HP Percentage Mod: HP is shown in percentages
|teampreview
|join|TerrorDave
|join|Savage_hr
|c|âThibault56|1\/4 final
|join|Doctor Octagon
|join|test4999
|
|start
|switch|p1a: Ferrothorn|Ferrothorn, M|352\/352
|switch|p2a: Lopunny|Lopunny, M|272\/272
|turn|1
|
|switch|p2a: Talonflame|Talonflame, M|318\/318
|move|p1a: Ferrothorn|Stealth Rock|p2a: Talonflame
|-sidestart|p2: Pagoose|move: Stealth Rock
|
|turn|2
|join|Arcanine is Regal
|c|âThibault56|!data mega lopunny
|c|~|\/data-pokemon Lopunny-Mega

|
|switch|p1a: Rotom-Wash|Rotom-Wash|304\/304
|move|p2a: Talonflame|Flare Blitz|p1a: Rotom-Wash
|-resisted|p1a: Rotom-Wash
|-damage|p1a: Rotom-Wash|250\/304
|-damage|p2a: Talonflame|300\/318|[from] recoil|[of] p1a: Rotom-Wash
|
|-heal|p2a: Talonflame|318\/318|[from] item: Leftovers
|turn|3
|
|switch|p2a: Latios|Latios, M|301\/301
|-damage|p2a: Latios|264\/301|[from] Stealth Rock
|move|p1a: Rotom-Wash|Will-O-Wisp|p2a: Latios
|-status|p2a: Latios|brn
|
|-damage|p2a: Latios|227\/301 brn|[from] brn
|turn|4
|
|switch|p1a: Ferrothorn|Ferrothorn, M|352\/352
|move|p2a: Latios|Draco Meteor|p1a: Ferrothorn
|-resisted|p1a: Ferrothorn
|-damage|p1a: Ferrothorn|231\/352
|-unboost|p2a: Latios|spa|2
|-damage|p2a: Latios|197\/301 brn|[from] item: Life Orb
|
|-heal|p1a: Ferrothorn|253\/352|[from] item: Leftovers
|-damage|p2a: Latios|160\/301 brn|[from] brn
|turn|5
|
|switch|p2a: Ferrothorn|Ferrothorn, F|352\/352
|-damage|p2a: Ferrothorn|330\/352|[from] Stealth Rock
|move|p1a: Ferrothorn|Thunder Wave|p2a: Ferrothorn
|-status|p2a: Ferrothorn|par
|
|-heal|p1a: Ferrothorn|275\/352|[from] item: Leftovers
|-heal|p2a: Ferrothorn|352\/352 par|[from] item: Leftovers
|turn|6
|leave|TerrorDave
|
|switch|p1a: Garchomp|Garchomp, F|357\/357
|move|p2a: Ferrothorn|Spikes|p1a: Garchomp
|-sidestart|p1: Thibault56|Spikes
|
|turn|7
|
|switch|p2a: Lopunny|Lopunny, M|272\/272
|-damage|p2a: Lopunny|238\/272|[from] Stealth Rock
|move|p1a: Garchomp|Swords Dance|p1a: Garchomp
|-boost|p1a: Garchomp|atk|2
|
|turn|8
|
|detailschange|p2a: Lopunny|Lopunny-Mega, M
|message|Lopunny has Mega Evolved into Mega Lopunny!
|move|p2a: Lopunny|Fake Out|p1a: Garchomp
|-damage|p1a: Garchomp|284\/357
|-damage|p2a: Lopunny|204\/272|[from] ability: Rough Skin|[of] p1a: Garchomp
|cant|p1a: Garchomp|flinch
|
|turn|9
|
|move|p2a: Lopunny|Ice Punch|p1a: Garchomp
|-supereffective|p1a: Garchomp
|-enditem|p1a: Garchomp|Yache Berry|[eat]
|-damage|p1a: Garchomp|76\/357
|-damage|p2a: Lopunny|170\/272|[from] ability: Rough Skin|[of] p1a: Garchomp
|move|p1a: Garchomp|Earthquake|p2a: Lopunny
|-damage|p2a: Lopunny|0 fnt
|faint|p2a: Lopunny
|
|
|switch|p2a: Gengar|Gengar, M|260\/260
|-damage|p2a: Gengar|228\/260|[from] Stealth Rock
|turn|10
|
|move|p2a: Gengar|Shadow Ball|p1a: Garchomp
|-damage|p1a: Garchomp|0 fnt
|-damage|p2a: Gengar|202\/260|[from] item: Life Orb
|faint|p1a: Garchomp
|
|join|TerrorDave
|
|switch|p1a: Bisharp|Bisharp, F|271\/271
|-damage|p1a: Bisharp|238\/271|[from] Spikes
|turn|11
|
|move|p2a: Gengar|Substitute|p2a: Gengar
|-start|p2a: Gengar|Substitute
|-damage|p2a: Gengar|137\/260
|move|p1a: Bisharp|Knock Off|p2a: Gengar
|-supereffective|p2a: Gengar
|-end|p2a: Gengar|Substitute
|-damage|p1a: Bisharp|211\/271|[from] item: Life Orb
|
|turn|12
|
|move|p2a: Gengar|Substitute|p2a: Gengar
|-start|p2a: Gengar|Substitute
|-damage|p2a: Gengar|72\/260
|move|p1a: Bisharp|Knock Off|p2a: Gengar
|-supereffective|p2a: Gengar
|-end|p2a: Gengar|Substitute
|-damage|p1a: Bisharp|184\/271|[from] item: Life Orb
|
|turn|13
|
|move|p2a: Gengar|Substitute|p2a: Gengar
|-start|p2a: Gengar|Substitute
|-damage|p2a: Gengar|7\/260
|move|p1a: Bisharp|Knock Off|p2a: Gengar
|-crit|p2a: Gengar
|-supereffective|p2a: Gengar
|-end|p2a: Gengar|Substitute
|-damage|p1a: Bisharp|157\/271|[from] item: Life Orb
|
|turn|14
|
|move|p1a: Bisharp|Sucker Punch|p2a: Gengar
|-supereffective|p2a: Gengar
|-damage|p2a: Gengar|0 fnt
|-damage|p1a: Bisharp|130\/271|[from] item: Life Orb
|faint|p2a: Gengar
|
|
|switch|p2a: Talonflame|Talonflame, M|318\/318
|-damage|p2a: Talonflame|159\/318|[from] Stealth Rock
|turn|15
|
|switch|p1a: Rotom-Wash|Rotom-Wash|250\/304
|move|p2a: Talonflame|Flare Blitz|p1a: Rotom-Wash
|-resisted|p1a: Rotom-Wash
|-damage|p1a: Rotom-Wash|186\/304
|-damage|p2a: Talonflame|138\/318|[from] recoil|[of] p1a: Rotom-Wash
|
|-heal|p2a: Talonflame|157\/318|[from] item: Leftovers
|turn|16
|
|move|p2a: Talonflame|Roost|p2a: Talonflame
|-heal|p2a: Talonflame|316\/318
|move|p1a: Rotom-Wash|Hydro Pump|p2a: Talonflame|[miss]
|-miss|p1a: Rotom-Wash|p2a: Talonflame
|
|-heal|p2a: Talonflame|318\/318|[from] item: Leftovers
|turn|17
|c|âPagoose|sorry
|
|switch|p2a: Latios|Latios, M|160\/301 brn
|-damage|p2a: Latios|123\/301 brn|[from] Stealth Rock
|move|p1a: Rotom-Wash|Hydro Pump|p2a: Latios
|-resisted|p2a: Latios
|-damage|p2a: Latios|64\/301 brn
|
|-damage|p2a: Latios|27\/301 brn|[from] brn
|turn|18
|
|switch|p1a: Ferrothorn|Ferrothorn, M|275\/352
|-damage|p1a: Ferrothorn|231\/352|[from] Spikes
|move|p2a: Latios|Roost|p2a: Latios
|-heal|p2a: Latios|178\/301 brn
|
|-heal|p1a: Ferrothorn|253\/352|[from] item: Leftovers
|-damage|p2a: Latios|141\/301 brn|[from] brn
|turn|19
|join|u5ev
|
|switch|p2a: Ferrothorn|Ferrothorn, F|352\/352 par
|-damage|p2a: Ferrothorn|330\/352 par|[from] Stealth Rock
|switch|p1a: Bisharp|Bisharp, F|130\/271
|-damage|p1a: Bisharp|97\/271|[from] Spikes
|
|-heal|p2a: Ferrothorn|352\/352 par|[from] item: Leftovers
|turn|20
|
|move|p1a: Bisharp|Swords Dance|p1a: Bisharp
|-boost|p1a: Bisharp|atk|2
|move|p2a: Ferrothorn|Gyro Ball|p1a: Bisharp
|-resisted|p1a: Bisharp
|-damage|p1a: Bisharp|13\/271
|
|turn|21
|
|move|p1a: Bisharp|Knock Off|p2a: Ferrothorn
|-damage|p2a: Ferrothorn|43\/352 par
|-damage|p1a: Bisharp|0 fnt|[from] ability: Iron Barbs|[of] p2a: Ferrothorn
|faint|p1a: Bisharp
|move|p2a: Ferrothorn|Spikes|p1: Bisharp
|-sidestart|p1: Thibault56|Spikes
|
|-heal|p2a: Ferrothorn|65\/352 par|[from] item: Leftovers
|
|switch|p1a: Pinsir|Pinsir, M|271\/271
|-damage|p1a: Pinsir|226\/271|[from] Spikes
|turn|22
|
|detailschange|p1a: Pinsir|Pinsir-Mega, M
|message|Pinsir has Mega Evolved into Mega Pinsir!
|move|p1a: Pinsir|Earthquake|p2a: Ferrothorn
|-damage|p2a: Ferrothorn|0 fnt
|faint|p2a: Ferrothorn
|
|
|switch|p2a: Landorus-Therian|Landorus-Therian, M|382\/382
|-damage|p2a: Landorus-Therian|335\/382|[from] Stealth Rock
|-ability|p2a: Landorus-Therian|Intimidate|[of] p1a: Pinsir
|-unboost|p1a: Pinsir|atk|1
|turn|23
|
|switch|p1a: Ferrothorn|Ferrothorn, M|253\/352
|-damage|p1a: Ferrothorn|195\/352|[from] Spikes
|move|p2a: Landorus-Therian|Stealth Rock|p1a: Ferrothorn
|-sidestart|p1: Thibault56|move: Stealth Rock
|
|-heal|p2a: Landorus-Therian|358\/382|[from] item: Leftovers
|-heal|p1a: Ferrothorn|217\/352|[from] item: Leftovers
|turn|24
|
|move|p2a: Landorus-Therian|Earthquake|p1a: Ferrothorn
|-damage|p1a: Ferrothorn|94\/352
|move|p1a: Ferrothorn|Leech Seed|p2a: Landorus-Therian|[miss]
|-miss|p1a: Ferrothorn|p2a: Landorus-Therian
|
|-heal|p2a: Landorus-Therian|381\/382|[from] item: Leftovers
|-heal|p1a: Ferrothorn|116\/352|[from] item: Leftovers
|turn|25
|c|âPagoose|ugh
|c|âThibault56|.......
|
|move|p2a: Landorus-Therian|Earthquake|p1a: Ferrothorn
|-damage|p1a: Ferrothorn|0 fnt
|faint|p1a: Ferrothorn
|
|-heal|p2a: Landorus-Therian|382\/382|[from] item: Leftovers
|
|switch|p1a: Rotom-Wash|Rotom-Wash|186\/304
|-damage|p1a: Rotom-Wash|148\/304|[from] Stealth Rock
|turn|26
|
|switch|p2a: Latios|Latios, M|141\/301 brn
|-damage|p2a: Latios|104\/301 brn|[from] Stealth Rock
|move|p1a: Rotom-Wash|Rest|p1a: Rotom-Wash
|-status|p1a: Rotom-Wash|slp
|-heal|p1a: Rotom-Wash|304\/304 slp|[silent]
|-status|p1a: Rotom-Wash|slp|[from] move: Rest
|-enditem|p1a: Rotom-Wash|Lum Berry|[eat]
|-curestatus|p1a: Rotom-Wash|slp
|
|-damage|p2a: Latios|67\/301 brn|[from] brn
|turn|27
|join|XxSevagxX
|
|switch|p1a: Florges|Florges, F|360\/360
|-damage|p1a: Florges|315\/360|[from] Stealth Rock
|-damage|p1a: Florges|255\/360|[from] Spikes
|move|p2a: Latios|Roost|p2a: Latios
|-heal|p2a: Latios|218\/301 brn
|
|-heal|p1a: Florges|277\/360|[from] item: Leftovers
|-damage|p2a: Latios|181\/301 brn|[from] brn
|turn|28
|
|switch|p2a: Talonflame|Talonflame, M|318\/318
|-damage|p2a: Talonflame|159\/318|[from] Stealth Rock
|move|p1a: Florges|Protect|p1a: Florges
|-fail|p1a: Florges
|
|-heal|p2a: Talonflame|178\/318|[from] item: Leftovers
|-heal|p1a: Florges|299\/360|[from] item: Leftovers
|turn|29
|
|switch|p1a: Rotom-Wash|Rotom-Wash|304\/304
|-damage|p1a: Rotom-Wash|266\/304|[from] Stealth Rock
|move|p2a: Talonflame|Roost|p2a: Talonflame
|-heal|p2a: Talonflame|318\/318
|
|turn|30
|join|G00NY
|
|switch|p2a: Latios|Latios, M|181\/301 brn
|-damage|p2a: Latios|144\/301 brn|[from] Stealth Rock
|move|p1a: Rotom-Wash|Hydro Pump|p2a: Latios|[miss]
|-miss|p1a: Rotom-Wash|p2a: Latios
|
|-damage|p2a: Latios|107\/301 brn|[from] brn
|turn|31
|c|âThibault56|F U C K
|leave|G00NY
|
|move|p2a: Latios|Psyshock|p1a: Rotom-Wash
|-crit|p1a: Rotom-Wash
|-damage|p1a: Rotom-Wash|40\/304
|-damage|p2a: Latios|77\/301 brn|[from] item: Life Orb
|move|p1a: Rotom-Wash|Hydro Pump|p2a: Latios
|-resisted|p2a: Latios
|-damage|p2a: Latios|18\/301 brn
|
|-damage|p2a: Latios|0 fnt|[from] brn
|faint|p2a: Latios
|c|âPagoose|oml
|
|switch|p2a: Talonflame|Talonflame, M|318\/318
|-damage|p2a: Talonflame|159\/318|[from] Stealth Rock
|turn|32
|c|âThibault56|ITS A CRIT
|c|âThibault56|very very very very lucky
|c|âThibault56|gg for the haxx
|c|âPagoose|im sorry\
|c|âPagoose|this game was terrible
|
|move|p2a: Talonflame|Brave Bird|p1a: Rotom-Wash
|-resisted|p1a: Rotom-Wash
|-damage|p1a: Rotom-Wash|0 fnt
|-damage|p2a: Talonflame|146\/318|[from] recoil|[of] p1a: Rotom-Wash
|faint|p1a: Rotom-Wash
|
|-heal|p2a: Talonflame|165\/318|[from] item: Leftovers
|c| Arcanine is Regal|jeez this a crazy
|
|switch|p1a: Florges|Florges, F|299\/360
|-damage|p1a: Florges|239\/360|[from] Spikes
|-damage|p1a: Florges|194\/360|[from] Stealth Rock
|turn|33
|c|âPagoose|why is my talon lefties
|c|âPagoose|its meant to be sharp beak lol
|
|move|p2a: Talonflame|Roost|p2a: Talonflame
|-heal|p2a: Talonflame|318\/318
|move|p1a: Florges|Moonblast|p2a: Talonflame
|-crit|p2a: Talonflame
|-resisted|p2a: Talonflame
|-damage|p2a: Talonflame|190\/318
|-unboost|p2a: Talonflame|spa|1
|
|-heal|p2a: Talonflame|209\/318|[from] item: Leftovers
|-heal|p1a: Florges|216\/360|[from] item: Leftovers
|turn|34
|c| XxSevagxX|serebii huh?
|
|move|p1a: Florges|Protect|p1a: Florges
|-singleturn|p1a: Florges|Protect
|move|p2a: Talonflame|Swords Dance|p2a: Talonflame
|-boost|p2a: Talonflame|atk|2
|
|-heal|p2a: Talonflame|228\/318|[from] item: Leftovers
|-heal|p1a: Florges|238\/360|[from] item: Leftovers
|turn|35
|c|âThibault56|bye haxx man
|leave|Thibault56
|player|p1
|join|Frickett
|c| XxSevagxX|rage quit
|join|laddrao
|leave|Frickett
|leave|XxSevagxX
|leave|laddrao
|leave|test4999
|leave|Arcanine is Regal
|leave|u5ev
|join|Risky OU
|leave|Risky OU
|-message|Player 1 lost due to inactivity.
|
|win|Pagoose
|leave|Pagoose
|player|p2