|join|LT8A Laurel
|join|Pagoose
|player|p1|LT8A Laurel|79
|player|p2|Pagoose|141
|gametype|singles
|gen|6
|tier|OU
|rated
|clearpoke
|poke|p1|Thundurus, M
|poke|p1|Azumarill, F
|poke|p1|Mamoswine, F
|poke|p1|Alakazam, M
|poke|p1|Talonflame, F
|poke|p1|Latios, M
|poke|p2|Venusaur, M
|poke|p2|Heatran, F
|poke|p2|Tyranitar, M
|poke|p2|Keldeo
|poke|p2|Mew
|poke|p2|Excadrill, M
|rule|Swagger Clause: Swagger is banned
|rule|Baton Pass Clause: Limit one PokÃ©mon knowing Baton Pass
|rule|Sleep Clause Mod: Limit one foe put to sleep
|rule|Species Clause: Limit one of each PokÃ©mon
|rule|OHKO Clause: OHKO moves are banned
|rule|Moody Clause: Moody is banned
|rule|Evasion Moves Clause: Evasion moves are banned
|rule|Endless Battle Clause: Forcing endless battles is banned
|rule|HP Percentage Mod: HP is shown in percentages
|teampreview
|c|âLT8A Laurel|:\/
|c|âLT8A Laurel|same shit matchup again
|c|âPagoose|hopefully no hax this game
|c|âPagoose|nah you have a good matchup
|c|âPagoose|mega alakazam destroys my team
|
|start
|switch|p1a: Mamoswine|Mamoswine, F|361\/361
|switch|p2a: Heatran|Heatran, F|386\/386
|turn|1
|
|switch|p2a: Excadrill|Excadrill, M|362\/362
|-item|p2a: Excadrill|Air Balloon
|move|p1a: Mamoswine|Icicle Spear|p2a: Excadrill
|-damage|p2a: Excadrill|290\/362
|-enditem|p2a: Excadrill|Air Balloon
|-damage|p2a: Excadrill|223\/362
|-damage|p2a: Excadrill|159\/362
|-hitcount|p2a: Excadrill|3
|
|turn|2
|
|move|p1a: Mamoswine|Earthquake|p2a: Excadrill
|-supereffective|p2a: Excadrill
|-damage|p2a: Excadrill|0 fnt
|faint|p2a: Excadrill
|
|
|switch|p2a: Keldeo|Keldeo|322\/322
|turn|3
|
|switch|p1a: Azumarill|Azumarill, F|401\/401
|move|p2a: Keldeo|Scald|p1a: Azumarill
|-resisted|p1a: Azumarill
|-damage|p1a: Azumarill|282\/401
|
|turn|4
|
|move|p2a: Keldeo|Scald|p1a: Azumarill
|-resisted|p1a: Azumarill
|-damage|p1a: Azumarill|165\/401
|move|p1a: Azumarill|Play Rough|p2a: Keldeo
|-supereffective|p2a: Keldeo
|-damage|p2a: Keldeo|0 fnt
|faint|p2a: Keldeo
|
|
|switch|p2a: Venusaur|Venusaur, M|356\/356
|turn|5
|c|âPagoose|you've outplayed me at every turn lol
|
|switch|p1a: Latios|Latios, M|301\/301
|detailschange|p2a: Venusaur|Venusaur-Mega, M
|message|Venusaur has Mega Evolved into Mega Venusaur!
|move|p2a: Venusaur|Sludge Bomb|p1a: Latios
|-damage|p1a: Latios|154\/301
|
|turn|6
|
|switch|p1a: Mamoswine|Mamoswine, F|361\/361
|switch|p2a: Heatran|Heatran, F|386\/386
|
|turn|7
|
|switch|p2a: Venusaur|Venusaur-Mega, M|356\/356
|move|p1a: Mamoswine|Earthquake|p2a: Venusaur
|-crit|p2a: Venusaur
|-damage|p2a: Venusaur|121\/356
|
|turn|8
|
|switch|p2a: Tyranitar|Tyranitar, M|341\/341
|-weather|Sandstorm
|move|p1a: Mamoswine|Earthquake|p2a: Tyranitar
|-supereffective|p2a: Tyranitar
|-damage|p2a: Tyranitar|39\/341
|
|-weather|Sandstorm|[upkeep]
|turn|9
|
|switch|p2a: Mew|Mew|404\/404
|move|p1a: Mamoswine|Ice Shard|p2a: Mew
|-damage|p2a: Mew|335\/404
|
|-weather|Sandstorm|[upkeep]
|-damage|p2a: Mew|310\/404|[from] sandstorm
|-heal|p2a: Mew|335\/404|[from] item: Leftovers
|turn|10
|
|switch|p1a: Talonflame|Talonflame, F|297\/297
|move|p2a: Mew|Will-O-Wisp|p1a: Talonflame|[miss]
|-miss|p2a: Mew|p1a: Talonflame
|
|-weather|Sandstorm|[upkeep]
|-damage|p1a: Talonflame|279\/297|[from] sandstorm
|-damage|p2a: Mew|310\/404|[from] sandstorm
|-heal|p2a: Mew|335\/404|[from] item: Leftovers
|turn|11
|
|switch|p2a: Heatran|Heatran, F|386\/386
|move|p1a: Talonflame|Swords Dance|p1a: Talonflame
|-boost|p1a: Talonflame|atk|2
|
|-weather|Sandstorm|[upkeep]
|-damage|p1a: Talonflame|261\/297|[from] sandstorm
|turn|12
|
|move|p1a: Talonflame|Brave Bird|p2a: Heatran
|-resisted|p2a: Heatran
|-damage|p2a: Heatran|218\/386
|-damage|p1a: Talonflame|206\/297|[from] recoil|[of] p2a: Heatran
|move|p2a: Heatran|Toxic|p1a: Talonflame|[miss]
|-miss|p2a: Heatran|p1a: Talonflame
|
|-weather|none
|-heal|p2a: Heatran|242\/386|[from] item: Leftovers
|turn|13
|
|move|p1a: Talonflame|Taunt|p2a: Heatran
|-start|p2a: Heatran|move: Taunt
|cant|p2a: Heatran|move: Taunt|Toxic
|
|-heal|p2a: Heatran|266\/386|[from] item: Leftovers
|turn|14
|c|âPagoose|gg
|-message|Pagoose forfeited.
|
|win|LT8A Laurel
|raw|Ladder updating...
|leave|Pagoose
|player|p2
|raw|LT8A Laurel's rating: 1705 &rarr; <strong>1731<\/strong><br \/>(+26 for winning)
|raw|Pagoose's rating: 1814 &rarr; <strong>1788<\/strong><br \/>(-26 for losing)