|join|Pagoose
|join|MoB Barley
|player|p1|Pagoose|141
|player|p2|MoB Barley|161
|gametype|singles
|gen|6
|tier|OU
|rated
|clearpoke
|poke|p1|Manectric, F
|poke|p1|Landorus-Therian, M
|poke|p1|Ferrothorn, M
|poke|p1|Victini
|poke|p1|Latios, M
|poke|p1|Keldeo
|poke|p2|Diancie, shiny
|poke|p2|Hydreigon, M, shiny
|poke|p2|Magnezone
|poke|p2|Jirachi, shiny
|poke|p2|Landorus-Therian, M
|poke|p2|Azumarill, M
|rule|Swagger Clause: Swagger is banned
|rule|Baton Pass Clause: Limit one PokÃ©mon knowing Baton Pass
|rule|Sleep Clause Mod: Limit one foe put to sleep
|rule|Species Clause: Limit one of each PokÃ©mon
|rule|OHKO Clause: OHKO moves are banned
|rule|Moody Clause: Moody is banned
|rule|Evasion Moves Clause: Evasion moves are banned
|rule|Endless Battle Clause: Forcing endless battles is banned
|rule|HP Percentage Mod: HP is shown in percentages
|teampreview
|join|Bulky Deoxys-A
|join|Joonitor
|c| Joonitor|nice ass team
|join|looiiyut
|c| Bulky Deoxys-A|nice ass
|c| Joonitor|thnx
|c| Joonitor|bby
|c|âMoB Barley|last game
|
|start
|switch|p1a: Keldeo|Keldeo|323\/323
|switch|p2a: Angel|Diancie, shiny|241\/241
|turn|1
|c| Joonitor|now come ova here to papa
|c|âMoB Barley|really pissed me off
|c|âMoB Barley|i just want 300 wins
|c|âMoB Barley|so i can stop
|c| Joonitor|?
|c| Joonitor|why 300
|c|âMoB Barley|tilting like a mofo
|c| Joonitor|haha
|c|âMoB Barley|tired of these fgt noob ladderers
|c| Joonitor|so is reverb
|c|âMoB Barley|all shitty and lucky
|c|âPagoose|rood
|
|detailschange|p2a: Angel|Diancie-Mega, shiny
|-mega|p2a: Angel|Diancie|Diancite
|move|p2a: Angel|Protect|p2a: Angel
|-singleturn|p2a: Angel|Protect
|move|p1a: Keldeo|Scald|p2a: Angel
|-activate|p2a: Angel|Protect
|
|turn|2
|c| Joonitor|ur face is rood boi
|c| Joonitor|so stfu
|join|96 Exp
|
|switch|p2a: Iluminatti|Hydreigon, M, shiny|325\/325
|switch|p1a: Ferrothorn|Ferrothorn, M|352\/352
|
|turn|3
|c| Joonitor|an smd
|
|switch|p1a: Victini|Victini|341\/341
|move|p2a: Iluminatti|Dark Pulse|p1a: Victini
|-supereffective|p1a: Victini
|-damage|p1a: Victini|0 fnt
|-damage|p2a: Iluminatti|293\/325|[from] item: Life Orb
|faint|p1a: Victini
|
|join|SpursSpecialForces
|
|switch|p1a: Keldeo|Keldeo|323\/323
|turn|4
|c| Joonitor|u jus got bounced nigga
|c| Joonitor|lmao
|
|switch|p2a: Starburst|Jirachi, shiny|404\/404
|move|p1a: Keldeo|Secret Sword|p2a: Starburst
|-damage|p2a: Starburst|194\/404
|
|-heal|p2a: Starburst|219\/404|[from] item: Leftovers
|turn|5
|c| SpursSpecialForces|it cant be helped on ladder
|join|Druides
|c| SpursSpecialForces|you never know what to expect
|c|âPagoose|what the fuck did I do to you
|c|âMoB Barley|no ones even saying anything to you ^
|c| Joonitor|LMAO
|
|move|p1a: Keldeo|Secret Sword|p2a: Starburst
|-damage|p2a: Starburst|0 fnt
|faint|p2a: Starburst
|
|c|âMoB Barley|off gets high roll
|c|âPagoose|last 1 was low so whatever
|
|switch|p2a: Wabbit Season|Azumarill, M|360\/360
|turn|6
|c| Joonitor|cause Lucky'nBad
|c|âMoB Barley|^
|c| SpursSpecialForces|its AV with focus punch dont switch 2 ferro
|
|switch|p1a: Ferrothorn|Ferrothorn, M|352\/352
|move|p2a: Wabbit Season|Belly Drum|p2a: Wabbit Season
|-damage|p2a: Wabbit Season|180\/360
|-setboost|p2a: Wabbit Season|atk|6|[from] move: Belly Drum
|-enditem|p2a: Wabbit Season|Sitrus Berry|[eat]
|-heal|p2a: Wabbit Season|270\/360|[from] item: Sitrus Berry
|
|turn|7
|c| Joonitor|LMAO git played
|c| Joonitor|mob goin in
|join|Rawk Hawk
|
|switch|p1a: Landorus-Therian|Landorus-Therian, M|319\/319
|-ability|p1a: Landorus-Therian|Intimidate|[of] p2a: Wabbit Season
|-unboost|p2a: Wabbit Season|atk|1
|move|p2a: Wabbit Season|Knock Off|p1a: Landorus-Therian
|-damage|p1a: Landorus-Therian|0 fnt
|-enditem|p1a: Landorus-Therian|Choice Scarf|[from] move: Knock Off|[of] p2a: Wabbit Season
|faint|p1a: Landorus-Therian
|
|
|switch|p1a: Latios|Latios, M|302\/302
|turn|8
|join|InSoMn
|c| Joonitor|It's wabbit season bitch
|
|move|p1a: Latios|Psyshock|p2a: Wabbit Season
|-damage|p2a: Wabbit Season|43\/360
|-damage|p1a: Latios|272\/302|[from] item: Life Orb
|move|p2a: Wabbit Season|Knock Off|p1a: Latios
|-supereffective|p1a: Latios
|-damage|p1a: Latios|0 fnt
|-enditem|p1a: Latios|Life Orb|[from] move: Knock Off|[of] p2a: Wabbit Season
|faint|p1a: Latios
|
|c| Joonitor|gotm
|
|switch|p1a: Manectric|Manectric, F|281\/281
|turn|9
|
|switch|p1a: Ferrothorn|Ferrothorn, M|352\/352
|move|p2a: Wabbit Season|Knock Off|p1a: Ferrothorn
|-damage|p1a: Ferrothorn|29\/352
|-damage|p2a: Wabbit Season|0 fnt|[from] ability: Iron Barbs|[of] p1a: Ferrothorn
|faint|p2a: Wabbit Season
|
|-heal|p1a: Ferrothorn|51\/352|[from] item: Leftovers
|c| SpursSpecialForces|damn
|c| SpursSpecialForces|you are good with azu MoB
|
|switch|p2a: Angel|Diancie-Mega, shiny|241\/241
|turn|10
|c| InSoMn|:D
|c| Joonitor|he's jus not a scrub
|c| SpursSpecialForces|i know
|c| Joonitor|like dis kid
|
|move|p2a: Angel|Earth Power|p1a: Ferrothorn
|-damage|p1a: Ferrothorn|0 fnt
|faint|p1a: Ferrothorn
|
|
|switch|p1a: Manectric|Manectric, F|281\/281
|turn|11
|c| InSoMn|DAT WAIFU
|
|switch|p2a: Iluminatti|Hydreigon, M, shiny|293\/325
|detailschange|p1a: Manectric|Manectric-Mega, F
|-mega|p1a: Manectric|Manectric|Manectite
|-ability|p1a: Manectric|Intimidate|[of] p2a: Iluminatti
|-unboost|p2a: Iluminatti|atk|1
|move|p1a: Manectric|Thunderbolt|p2a: Iluminatti
|-resisted|p2a: Iluminatti
|-damage|p2a: Iluminatti|186\/325
|
|turn|12
|
|move|p1a: Manectric|Hidden Power|p2a: Iluminatti
|-supereffective|p2a: Iluminatti
|-damage|p2a: Iluminatti|16\/325
|move|p2a: Iluminatti|Draco Meteor|p1a: Manectric|[miss]
|-miss|p2a: Iluminatti|p1a: Manectric
|
|turn|13
|c| Bulky Deoxys-A|predicted
|c|âMoB Barley|booooooo
|
|move|p1a: Manectric|Hidden Power|p2a: Iluminatti
|-supereffective|p2a: Iluminatti
|-damage|p2a: Iluminatti|0 fnt
|faint|p2a: Iluminatti
|
|c|âPagoose|lol
|c| Joonitor|lucky'nBad
|
|switch|p2a: land doge|Landorus-Therian, M|319\/319
|-ability|p2a: land doge|Intimidate|[of] p1a: Manectric
|-unboost|p1a: Manectric|atk|1
|turn|14
|
|move|p2a: land doge|Earthquake|p1a: Manectric
|-supereffective|p1a: Manectric
|-damage|p1a: Manectric|0 fnt
|faint|p1a: Manectric
|
|
|switch|p1a: Keldeo|Keldeo|323\/323
|turn|15
|
|move|p2a: land doge|Earthquake|p1a: Keldeo
|-damage|p1a: Keldeo|106\/323
|move|p1a: Keldeo|Scald|p2a: land doge
|-supereffective|p2a: land doge
|-damage|p2a: land doge|0 fnt
|faint|p2a: land doge
|
|c| SpursSpecialForces|switch and explode plz
|c| SpursSpecialForces|=(
|
|switch|p2a: Angel|Diancie-Mega, shiny|241\/241
|turn|16
|c| Joonitor|lmao
|c|âPagoose|gg
|
|move|p2a: Angel|Moonblast|p1a: Keldeo
|-supereffective|p1a: Keldeo
|-damage|p1a: Keldeo|0 fnt
|faint|p1a: Keldeo
|
|win|MoB Barley
|raw|Ladder updating...
|raw|Pagoose's rating: 1667 &rarr; <strong>1650<\/strong><br \/>(-17 for losing)
|raw|MoB Barley's rating: 1704 &rarr; <strong>1722<\/strong><br \/>(+18 for winning)
|c|âMoB Barley|gg
|leave|Pagoose
|player|p1
|leave|MoB Barley
|player|p2