|join|Adri989898
|join|Major Blob
|player|p1|Adri989898|99
|player|p2|Major Blob|156
|gametype|singles
|gen|6
|tier|OU
|rated
|clearpoke
|poke|p1|Metagross, shiny
|poke|p1|Keldeo
|poke|p1|Ferrothorn, M
|poke|p1|Rotom-Wash
|poke|p1|Clefable, F
|poke|p1|Zapdos
|poke|p2|Charizard, F
|poke|p2|Breloom, M
|poke|p2|Garchomp, F
|poke|p2|Bisharp, M
|poke|p2|Latias, F
|poke|p2|Azumarill, F
|rule|Swagger Clause: Swagger is banned
|rule|Baton Pass Clause: Limit one PokÃ©mon knowing Baton Pass
|rule|Sleep Clause Mod: Limit one foe put to sleep
|rule|Species Clause: Limit one of each PokÃ©mon
|rule|OHKO Clause: OHKO moves are banned
|rule|Moody Clause: Moody is banned
|rule|Evasion Moves Clause: Evasion moves are banned
|rule|Endless Battle Clause: Forcing endless battles is banned
|rule|HP Percentage Mod: HP is shown in percentages
|teampreview
|
|start
|switch|p1a: Ferrothorn|Ferrothorn, M|352\/352
|switch|p2a: Garchomp|Garchomp, F|357\/357
|turn|1
|
|move|p2a: Garchomp|Stealth Rock|p1a: Ferrothorn
|-sidestart|p1: Adri989898|move: Stealth Rock
|move|p1a: Ferrothorn|Leech Seed|p2a: Garchomp
|-start|p2a: Garchomp|move: Leech Seed
|
|-damage|p2a: Garchomp|313\/357|[from] Leech Seed|[of] p1a: Ferrothorn
|turn|2
|
|switch|p2a: Charizard|Charizard, F|333\/333
|move|p1a: Ferrothorn|Stealth Rock|p2a: Charizard
|-sidestart|p2: Major Blob|move: Stealth Rock
|
|turn|3
|
|move|p2a: Charizard|Dragon Dance|p2a: Charizard
|-boost|p2a: Charizard|atk|1
|-boost|p2a: Charizard|spe|1
|move|p1a: Ferrothorn|Leech Seed|p2a: Charizard
|-start|p2a: Charizard|move: Leech Seed
|
|-damage|p2a: Charizard|292\/333|[from] Leech Seed|[of] p1a: Ferrothorn
|turn|4
|
|switch|p1a: Clefable|Clefable, F|394\/394
|move|p2a: Charizard|Dragon Dance|p2a: Charizard
|-boost|p2a: Charizard|atk|1
|-boost|p2a: Charizard|spe|1
|
|-damage|p2a: Charizard|251\/333|[from] Leech Seed|[of] p1a: Clefable
|turn|5
|
|detailschange|p2a: Charizard|Charizard-Mega-X, F
|message|Charizard has Mega Evolved into Mega Charizard!
|move|p2a: Charizard|Flare Blitz|p1a: Clefable
|-damage|p1a: Clefable|0 fnt
|-damage|p2a: Charizard|121\/333|[from] recoil|[of] p1a: Clefable
|faint|p1a: Clefable
|
|
|switch|p1a: Ferrothorn|Ferrothorn, M|352\/352
|-damage|p1a: Ferrothorn|330\/352|[from] Stealth Rock
|turn|6
|
|move|p2a: Charizard|Roost|p2a: Charizard
|-heal|p2a: Charizard|288\/333
|move|p1a: Ferrothorn|Gyro Ball|p2a: Charizard
|-resisted|p2a: Charizard
|-damage|p2a: Charizard|211\/333
|
|-heal|p1a: Ferrothorn|352\/352|[from] item: Leftovers
|-damage|p2a: Charizard|170\/333|[from] Leech Seed|[of] p1a: Ferrothorn
|turn|7
|
|move|p2a: Charizard|Roost|p2a: Charizard
|-heal|p2a: Charizard|333\/333
|move|p1a: Ferrothorn|Gyro Ball|p2a: Charizard
|-resisted|p2a: Charizard
|-damage|p2a: Charizard|261\/333
|
|-damage|p2a: Charizard|220\/333|[from] Leech Seed|[of] p1a: Ferrothorn
|turn|8
|
|move|p2a: Charizard|Flare Blitz|p1a: Ferrothorn
|-supereffective|p1a: Ferrothorn
|-damage|p1a: Ferrothorn|0 fnt
|-damage|p2a: Charizard|179\/333|[from] ability: Iron Barbs|[of] p1a: Ferrothorn
|-damage|p2a: Charizard|63\/333|[from] recoil|[of] p1a: Ferrothorn
|faint|p1a: Ferrothorn
|
|
|switch|p1a: Keldeo|Keldeo|323\/323
|-damage|p1a: Keldeo|303\/323|[from] Stealth Rock
|turn|9
|
|move|p2a: Charizard|Dragon Claw|p1a: Keldeo
|-damage|p1a: Keldeo|0 fnt
|faint|p1a: Keldeo
|
|-message|Adri989898 forfeited.
|
|win|Major Blob
|raw|Ladder updating...
|leave|Adri989898
|player|p1
|raw|Adri989898's rating: 1576 &rarr; <strong>1557<\/strong><br \/>(-19 for losing)
|raw|Major Blob's rating: 1599 &rarr; <strong>1617<\/strong><br \/>(+18 for winning)